4048 6406
593 390 699 452 159

1773 396 1830 452 S.
1868 395 2335 456 ATHANASIUS.
2375 428 2447 440 —
2485 395 2713 453 DUBlA.

3751 402 3852 462 £60

592 519 736 590 apud
784 533 908 575 sese
977 517 1223 574 dicebat:
1289 517 1564 574 Dederunt
1601 517 1793 574 Davidt
1848 519 2147 591 myriadas,
2192 521 2324 576 mihi
2354 519 2641 576 chiliadas.
2701 519 2880 590 Atque
2928 517 3051 576 ideo
3083 518 3315 577 infensis
3364 520 3541 578 oculis
3592 519 3852 578 Davidem

590 607 932 666 intuebatur.

665 701 757 756 12.
785 701 946 768 Vide,
974 717 1184 774 quaeso,
1218 717 1400 758 annon
1435 713 1768 774 pronepotes
1819 705 1939 774 ejus
1971 705 2169 759 l'ueriut

2351 702 2438 757 12.
2480 701 2654 756 Βλέπε
2688 701 2735 754 εί
2779 699 2854 773 μὴ
2885 699 3140 769 ἀπόγονοι
3173 699 3339 754 αὑτοῦ
3376 697 3540 774 ἦσαν,
3570 703 3652 770 οἷς
3688 709 3856 780 σήμε-

596 792 818 863 ii,apud
844 809 984 864 quos
1017 793 1178 848 hodie
1206 791 1458 848 Salvator
1491 795 1771 851 dexteram
1808 812 2028 849 manum
2063 795 2174 849 ari-

592 885 718 939 dam
753 886 988 940 sanavit.
1016 885 1348 956 Egressique
1388 887 1465 940 illi
1493 889 1898 948 consultarunt,
1928 903 2035 940 non
2064 901 2173 956 qua

593 979 807 1033 ratione
833 977 942 1033 Deo
968 979 1196 1049 gloriam
1225 980 1566 1045 tribuerent,
1604 979 1698 1034 sed
1727 996 1832 1050 qua
1857 976 1997 1034 bene
2027 980 2094 1034 de
2116 995 2174 1034 se

593 1071 792 1124 merito
822 1070 1054 1126 insidias
1095 1081 1373 1140 pararent.
1433 1073 1523 1126 Ait
1559 1074 1763 1142 quippe
1795 1073 2170 1142 Evangelium,

594 1165 742 1234 ipsos
783 1167 1002 1236 quidem
1043 1169 1280 1222 amentia
1336 1168 1550 1237 plenus,
1607 1179 1980 1236 cxeuntesque
2035 1167 2173 1221 deli-

592 1257 814 1313 berasse
869 1259 999 1328 quid
1040 1258 1169 1313 Jesu
1228 1259 1555 1314 facerent“.
1591 1259 1932 1330 Pronepotes
1983 1275 2170 1329 perse-

591 1352 822 1409 cutoris.
854 1361 1186 1422 pronepotes
1231 1351 1421 1408 furiosi
1479 1353 1650 1413 illius,
1685 1359 2017 1422 pronepotes
2053 1351 2173 1419 ejus

590 1445 685 1512 qui
722 1444 859 1498 bene
885 1445 951 1498 de
979 1461 1038 1500 se.
1068 1445 1280 1500 meritis
1308 1445 1692 1499 insidiabatur.
1749 1442 1969 1498 lufcnso
2003 1444 2170 1514 igitur

589 1536 776 1590 animo
809 1534 1070 1590 Davidem
1102 1537 1232 1592 Saul
1266 1537 1605 1598 intuebatur,
1647 1553 1824 1606 neque
1855 1537 2021 1591 rectis
2048 1552 2170 1591 eum

590 1629 894 1698 aspiciebat
956 1630 1152 1684 oculis.
1230 1629 1390 1686 Tales
1424 1630 1572 1685 enim
1627 1641 1756 1686 sunt
1788 1629 1979 1695 invidi,
2039 1630 2175 1684 tales

589 1719 908 1790 hypocritc.
1003 1721 1366 1786 Quamobrem
1460 1720 1557 1774 tibi
1620 1720 1754 1779 dicit
1839 1719 2170 1790 Scriptura:

597 1811 784 1864 «Oculi
819 1811 898 1865 tui
933 1820 1081 1865 recta
1117 1812 1465 1867 vidcant“:t
1505 1813 1644 1866 nihil
1690 1812 1998 1881 obliquum,
2037 1809 2177 1864 nihil

589 1902 862 1966 invidum,
912 1903 1050 1957 nihil
1107 1903 1254 1974 quod
1293 1903 1602 1974 cupidinem
1655 1910 1749 1957 aut
1793 1902 2033 1957 furorem
2085 1909 2177 1955 aut

589 1995 721 2066 quid
764 1996 942 2050 simile
978 2012 1087 2066 pra:
1121 2011 1179 2051 se
1222 1994 1382 2050 ferat.
1461 1995 1661 2066 Aspice
1719 1997 1955 2048 amicum
2006 1995 2176 2049 rectis

2279 811 2368 866 ρον
2389 797 2416 848 6
2436 794 2625 865 Σωτὴρ
2659 791 2992 864 ἐθεράπευσε
3017 792 3116 864 τὴν
3137 791 3316 858 δεξιάν
3344 797 3504 867 χεῖρα
3529 797 3629 869 τὴν
3663 797 3854 870 ξηράν.

2275 883 2386 938 Καὶ
2420 881 2728 950 ἐξελθόντες
2769 883 2984 943 ἐκεῖνοι,
3029 881 3127 950 οὐχ
3167 880 3255 933 ἵνα
3284 879 3548 944 δοξάσωσι
3577 884 3670 936 τὸν
3704 885 3855 950 Θεὸν,

2273 974 2620 1039 ἐσκέπτοντο,
2666 973 2801 1028 ἀλλὰ
2846 973 2963 1035 πῶς
3005 971 3432 1026 ἐπιϐουλεύσωσι
3465 973 3540 1045 τῷ
3570 975 3856 1048 εὐεργέτῃ.

2275 1065 2438 1134 Λέγει
2473 1067 2583 1137 γὰρ
2611 1065 2672 1118 τὸ
2697 1062 3044 1132 Εύαγγέλιον,
3088 1063 3168 1116 ὃτι
3199 1063 3352 1116 αὐτοὶ
3389 1064 3487 1134 μὲν
3511 1065 3861 1136 ἐπλήσθησαν

2278 1156 2482 1219 ἀνοίας.
2509 1157 2602 1208 καὶ
2628 1152 2950 1219 ἐξελθόντες,
2977 1152 3354 1222 διελογίζοντο,
3378 1155 3429 1206 τί
3453 1154 3517 1207 ἂν
3547 1157 3861 1226 ποιήσωμεν

2275 1245 2353 1317 τῷ
2395 1245 2605 1317 Ἰησοῦς
2663 1246 2943 1314 Ἀπόγονοι
2978 1245 3071 1299 τοῦ
3115 1244 3421 1308 διώκοντος,
3469 1246 3562 1299 καὶ
3601 1247 3861 1314 ἀπόγονοι

2275 1335 2368 1388 τοῦ
2403 1336 2716 1407 μανιώδους,
2755 1336 2848 1389 καὶ
2880 1337 3134 1404 ἀπόγονοι
3160 1335 3254 1388 τοῦ
3280 1335 3724 1400 ἐπιϐουλεύοντος
3751 1340 3861 1400 τοῖς

2277 1428 2612 1499 εὐεργέταις.
2669 1428 3035 1481 ’Υπεϐλέπετο
3064 1427 3243 1480 τοίνυν
3283 1430 3313 1481 6
3343 1429 3512 1482 Σαοὺλ
3546 1429 3637 1481 τὸν
3672 1429 3857 1494 Δαϐὶδ,

2277 1521 2370 1573 καὶ
2401 1521 2500 1574 ούκ
2534 1521 2612 1573 ἐτι
2633 1520 2858 1574 ἐϐλεπεν
2880 1521 3039 1574 αὑτὸν
3062 1520 3241 1592 ὀρθοῖς
3265 1520 3581 1592 ὀφθαλμοῖς.
3616 1522 3859 1576 Τοιοῦτοι

2274 1612 2383 1684 γὰρ
2403 1615 2452 1664 οί
2479 1611 2758 1682 βάσκανοι,
2783 1613 2878 1665 καὶ
2899 1612 3129 1666 τοιοῦτοι
3155 1613 3204 1665 οἱ
3233 1613 3545 1684 ὑποκριταί.
3582 1612 3682 1665 Διά
3703 1613 3863 1668 τοῦτο

2275 1706 2308 1775 ἡ
2336 1705 2524 1777 Γραφή
2558 1721 2638 1757 σοι
2664 1704 2829 1773 λέγει·
2867 1723 2886 1756 t
2921 1706 2982 1758 Οί
3009 1705 3274 1775 ὀφθαλμοί
3304 1721 3397 1757 σου
3427 1703 3564 1775 ὀρθὰ
3593 1704 3864 1775 βλεπέτω-

2279 1811 2396 1857 σαν,
2440 1814 2458 1844 ι
2515 1794 2682 1865 μηδὲν
2728 1793 2977 1862 πλάγιον,
3031 1795 3162 1864 μηδέ
3199 1793 3488 1864 βάσκανον,
3521 1793 3554 1863 ἢ
3592 1793 3860 1866 ἐρωτοςῆ

2280 1886 2498 1958 μανίας,
2532 1887 2566 1958 ἧ
2593 1903 2644 1938 τι
2670 1886 2779 1958 (55)
2805 1885 3043 1939 τοιοῦτον
3074 1885 3338 1956 ἐχόμενοι.
3370 1884 3547 1938 Βλέπε
3586 1885 3680 1937 τὸν
3713 1884 3863 1954 φίλον

2277 1979 2473 2050 ὀρθῶς,
2530 1979 2696 2050 μηδὲν
2737 1979 3138 2051 κεκρυμμένον,
3185 1980 3349 2050 μηδὲν
3391 1979 3613 2033 ίοϐόλον.
3666 1977 3806 2031 Ἀλλ’
3835 1978 3864 2030 ὀ

591 2088 790 2148 oculis,
836 2088 971 2141 nihil
1007 2088 1443 2152 dissimulanter,
1494 2089 1627 2142 nihil
1679 2088 1999 2141 virulcnter.
2061 2085 2168 2141 Sed

2275 2072 2444 2124 Σαοὺλ
2465 2071 2802 2125 ύπεϐλέπετο
2820 2071 2911 2125 τὸν
2932 2071 3115 2126 Δαϐίδ.
3153 2071 3263 2124 Καὶ
3295 2071 3457 2142 βλέπε
3491 2071 3860 2142 κατασκευήν·

592 2175 722 2232 Saul
763 2177 1014 2232 Davidem
1045 2179 1214 2234 torvis
1259 2180 1435 2233 oculis
1484 2177 1803 2249 aspiciebat.
1837 2175 1974 2231 Vide
2008 2176 2162 2241 mihi,

589 2284 804 2338 qua-so,
866 2269 1178 2323 insidias“.
1230 2268 1364 2323 Eum
1401 2269 1454 2324 in
1490 2270 1664 2339 pretio
1715 2269 1902 2324 haberi
1949 2269 2172 2338 conspi-

588 2368 766 2417 catus.
808 2359 972 2412 ﬁliam
1026 2361 1128 2430 ipsi
1171 2361 1302 2415 dare
1355 2361 1506 2430 cupit
1554 2376 1800 2414 uxorem.
1851 2358 1898 2414 Ο
1939 2359 2170 2412 tentatio

587 2450 840 2504 invidiae!
888 2451 1186 2505 lnsidiatur
1221 2452 1269 2506 ei
1310 2470 1472 2522 quem
1505 2467 1768 2522 generum
1803 2452 2037 2521 accipit:
2070 2467 2170 2504 nec

585 2542 764 2611 parcit
812 2543 956 2606 ﬁliae,
996 2553 1054 2596 ut
1100 2543 1372 2597 honorato
1418 2545 1535 2598 viro
1580 2549 1758 2599 struat
1804 2543 2052 2598 insidias.
2110 2541 2167 2596 In

585 2633 770 2688 dotem
826 2650 955 2688 vero
1007 2637 1246 2704 postulat
1297 2644 1514 2690 centum
1564 2635 1828 2705 praeputia
1870 2636 2172 2706 allophylo-

589 2739 733 2778 rum.
790 2726 1132 2794 Upinabatur
1188 2727 1410 2782 enimsi
1467 2728 1647 2797 ipsum
1706 2727 1760 2780 in
1791 2743 2025 2798 pugnant
2069 2728 2171 2780 im-

587 2810 847 2874 mitteret,
873 2821 1091 2866 centum
1125 2830 1248 2867 cum
1281 2831 1390 2868 uno
1422 2831 1774 2886 congressos,
1798 2832 1966 2870 uuum
1999 2817 2170 2871 inter-

587 2899 856 2966 fecturos,
927 2913 1092 2974 atque
1155 2907 1234 2960 sic
1287 2922 1408 2960 sese
1461 2908 1616 2961 rivali
1670 2907 1982 2978 expeditum
2031 2906 2164 2961 fore.

587 2993 955 3049 Commissum
1013 2997 1258 3066 praelium
1313 3007 1434 3064 est;
1468 2997 1562 3053 sed
1611 2999 1866 3053 inimicus
1892 3006 1950 3050 ut
1987 2996 2171 3050 inimi-

587 3101 708 3151 cus,
746 3086 886 3142 Deus
921 3105 1048 3143 vero
1074 3098 1131 3143 ut
1155 3088 1322 3142 Deus.
1378 3090 1502 3144 Exit
1528 3090 1718 3154 David,
1754 3092 2015 3161 solusque
2040 3106 2169 3145 cen-

587 3187 704 3234 tum
757 3182 1038 3236 interficit.
1112 3181 1314 3238 Verum
1376 3182 1505 3237 Saul
1561 3183 1998 3238 animadvertens
2046 3198 2169 3238 esse

588 3269 759 3326 Deum
809 3273 988 3326 amico
1021 3289 1124 3328 suo
1162 3274 1287 3326 belli
1338 3274 1572 3334 socium.
1601 3290 1667 3328 ne
1703 3275 1773 3327 ita
1809 3275 2028 3344 quidem
2064 3289 2165 3342 pu-

587 3367 724 3420 dore
759 3363 989 3418 aﬂ‘ectus
1034 3372 1153 3418 est:
1201 3366 1512 3434 mansitque
1559 3367 1610 3418 in
1649 3365 1908 3435 parandis
1952 3364 2166 3419 insidiis

2283 2163 2406 2216 ίδὼν
2439 2164 2600 2216 αὑτὸν
2629 2163 2957 2234 τιμώμενον,
2991 2162 3238 2233 βούλεται
3268 2163 3416 2234 αύτῷ
3447 2161 3631 2216 δοῦναι
3653 2161 3752 2233 τὴν
3775 2162 3866 2215 θυ-

2271 2256 2478 2328 γατέρα
2530 2255 2916 2327 ἐπιγαμϐρίαν.
2947 2255 3012 2307 Ὢ
3043 2255 3295 2326 πείρασις
3316 2253 3631 2324 ’βασκανίας
3657 2255 3669 2306 l
3711 2255 3865 2306 Ἐπιο

2273 2349 2537 2415 ϐουλεύει,
2573 2351 2667 2402 καὶ
2695 2349 2926 2418 νυμφίον
2961 2349 3120 2401 αὑτὸν
3147 2346 3434 2418 λαμϐάνει·
3469 2347 3562 2399 καὶ
3585 2347 3648 2399 ού
3684 2345 3862 2415 φείδε-

2273 2461 2363 2498 ται
2393 2445 2682 2515 θυγατρὸς,
2719 2444 2806 2496 ἵνα
2843 2444 2920 2514 τῷ
2949 2443 3300 2514 τετιμημένῳ
3333 2442 3718 2515 ἐπιϐουλεύσῃ.
3752 2443 3862 2497 Καὶ

2273 2533 2505 2586 ἔπαθλον
2551 2533 2798 2603 βούλεται
2855 2533 3049 2587 ἑκατὸν
3099 2533 3465 2605 ἀκροϐυστίας
3523 2531 3855 2601 ἀλλοφύλων.

2285 2626 2607 2679 ’Υπὼπτευε
2632 2626 2762 2698 γὰρ,
2793 2627 2894 2689 ὅτι,
2933 2626 3026 2679 ἐὰν
3058 2628 3136 2689 είς
3164 2626 3398 2696 πόλεμον
3431 2624 3593 2679 αὐτὸν
3623 2624 3857 2697 ἐμϐάλῃ,

2273 2722 2322 2774 οἱ
2371 2720 2585 2782 ἑκατὸν,
2643 2719 3055 2790 συμπλακέντες
3091 2717 3169 2789 τῷ
3217 2718 3318 2783 ἐνὶ,
3367 2717 3729 2771 ἀποκτενοῦσι
3766 2717 3858 2772 τὸν

2272 2810 2384 2862 ἕνα·
2423 2811 2517 2863 καὶ
2543 2810 2715 2874 οὕτως
2745 2809 3106 2879 ἀπαλλαγείη.
3136 2808 3243 2862 Καὶ
3275 2810 3516 2878 γέγονεν·
3547 2808 3662 2861 ἀλλ’
3697 2809 3726 2861 6
3763 2809 3861 2879 μὲν

2273 2899 2464 2971 ἐχθρὸς
2495 2901 2570 2963 ὡς
2599 2899 2814 2971 ἐχθρὸς,
2856 2900 2884 2952 ὀ
2910 2898 2966 2952 δέ
3001 2897 3133 2962 Θεὸς
3165 2897 3240 2961 ὡς
3273 2898 3426 2962 Θεός.
3471 2899 3800 2968 Ἀπέρχεται
3829 2899 3857 2951 6

2271 2992 2456 3057 Δαϐὶδ,
2493 2992 2586 3045 καὶ
2615 2993 2740 3061 νικᾷ
2773 2990 2931 3062 μόνος
2959 2988 3168 3043 ἑκατόν.
3206 2990 3263 3042 '0
3289 2989 3344 3041 δέ
3367 2988 3539 3042 Σαοὺλ
3575 2988 3700 3042 ίδὼν
3729 2991 3859 3044 Θεὸν

2276 3082 2561 3154 σύμμαχον
2591 3081 2685 3136 τοῦ
2719 3081 2937 3153 ἐχθροῦ,
2969 3081 3091 3134 ούδέ
3123 3079 3297 3145 οὕτως
3331 3080 3678 3154 ἐδυσωπήθη·
3727 3083 3860 3154 μᾶλ-

2271 3175 2361 3227 λον
2393 3174 2449 3227 δὲ
2479 3174 2538 3227 ού
2565 3173 2660 3226 τοῦ
2689 3172 2906 3244 ἐχθροῦ,
2942 3171 3077 3226 ἀλλὰ
3114 3172 3208 3226 τοῦ
3246 3173 3534 3244 εὐεργέτου
3570 3175 3860 3246 ἐπέμεινεν

2271 3268 2329 3319 ἐν
2357 3269 2422 3337 τῇ
2461 3265 2649 3336 βουλῇ.
2685 3267 2794 3319 Καὶ
2818 3265 2896 3336 τῷ
2919 3264 3020 3336 υἱῷ
3058 3264 3314 3319 Ἰωνάθαν
3345 3267 3664 3335 ἠγανάκτει,
3685 3267 3776 3321 διὰ
3799 3268 3862 3322 τὸ

2273 3359 2417 3430 ἔχειν
2446 3359 2574 3428 φίλα
2604 3357 2739 3430 πρὸς
2770 3357 2861 3411 τὸν
2892 3357 3077 3420 Δαϐὶδ,
3117 3359 3210 3410 καὶ
3238 3358 3564 3430 ἐπεχείρησε
3593 3360 3688 3414 τὸν
3732 3361 3863 3417 ίδιον

587 3457 862 3526 pertinax,
901 3465 1064 3526 atque
1105 3456 1158 3510 id
1199 3472 1308 3510 non
1345 3465 1535 3510 contra
1573 3457 1878 3521 inimicum,
1908 3457 2002 3512 sed
2037 3472 2168 3510 con-

2275 3451 2384 3502 υἱὸν
2424 3449 2630 3503 ἀνελεῖν
2681 3451 2746 3519 τῇ
2798 3447 3067 3518 βασκανίᾳ
3110 3448 3208 3518 τῆς
3253 3448 3493 3512 διανοίας
3547 3449 3858 3505 ἁϐλεπτῶν.

589 3558 673 3601 tra
708 3550 886 3601 virum
927 3547 993 3602 de
1028 3565 1086 3604 se
1127 3551 1266 3604 bene
1313 3548 1589 3603 meritum.
1651 3547 2007 3617 Jonathchue
2059 3547 2169 3603 [ilio

589 3638 958 3703 irascebatur,
1012 3639 1160 3710 quod
1213 3649 1359 3695 esset
1398 3640 1446 3695 ei
1479 3656 1602 3694 cum
1657 3638 1861 3694 Davide
1892 3641 2164 3694 amicitia:

587 3744 762 3800 eoque
814 3733 1075 3786 caecitatis
1124 3749 1189 3787 ex
1243 3733 1444 3787 invidia
1476 3733 1744 3787 deductus
1797 3743 1900 3799 est,
1952 3743 2011 3786 ut
2044 3749 2169 3804 pro-

588 3824 768 3890 prium
803 3823 971 3876 ﬁlium
1003 3825 1311 3879 interﬁcere
1339 3833 1592 3879 tentaret.
1637 3823 1808 3880 David
1839 3834 2018 3880 autem
2043 3842 2166 3880 cum

590 3926 713 3966 sese
738 3911 944 3966 videret
975 3913 1192 3968 insidiis
1231 3913 1434 3983 appeti,
1477 3913 1542 3966 ad
1576 3915 1790 3968 tertiam
1816 3931 1874 3970 se
1897 3916 2039 3970 diem
2075 3932 2169 3970 oc-

591 4003 763 4055 cullat
807 4020 819 4054 :
857 4018 980 4054 nam
1012 4001 1181 4056 David
1208 4019 1426 4073 quoque
1456 4003 1673 4058 tertiam
1703 4012 1863 4058 norat
1896 4006 2038 4059 diem
2067 4018 2082 4056 :
2115 4011 2170 4058 et

593 4093 731 4148 inito
757 4109 879 4148 cum
909 4092 1143 4148 Jonatha
1178 4094 1402 4159 ﬁndere,
1431 4111 1552 4151 sese
1584 4096 1638 4149 in
1673 4097 1854 4167 fugam
1880 4096 2056 4150 victor
2078 4096 2169 4150 ille

595 4185 783 4240 dedit:
817 4201 925 4238 non
959 4201 1068 4256 quo
1100 4203 1208 4241 non
1251 4189 1452 4242 valeret
1497 4187 1780 4243 inimicum
1808 4188 2034 4253 ulcisci;
2074 4187 2169 4242 sed

2290 3541 2434 3594 Ἰδὼν
2481 3541 2535 3593 δὲ
2581 3539 2772 3593 ἐαυτὸν
2822 3538 3304 3609 ἐπιϐουλευόμενον
3337 3542 3365 3593 ὀ
3389 3540 3570 3605 Δαϐὶδ,
3601 3542 3864 3614 κρύϐεται

2275 3634 2380 3697 ἕως
2406 3634 2504 3704 τῆς
2532 3631 2739 3702 τρίτης·
2768 3631 2861 3684 καὶ
2887 3633 2916 3684 6
2943 3630 3107 3683 Δαϐὶδ
3135 3626 3238 3683 οἶδε
3263 3632 3361 3704 τὴν
3386 3633 3595 3703 τρίτην,
3620 3635 3718 3686 καὶ
3742 3651 3868 3687 συν-

2277 3722 2450 3794 θήκας
2478 3725 2709 3776 ποιεῖται
2732 3721 2867 3794 πρὸς
2901 3721 2993 3775 τὸν
3034 3722 3308 3786 Ἱωνάθαν,
3343 3725 3437 3776 καὶ
3457 3723 3632 3789 οὕτως
3667 3727 3866 3796 φεύγει

2274 3815 2302 3866 6
2336 3815 2580 3884 νικητής·
2620 3813 2718 3866 οὐκ
2755 3813 2958 3865 ἀτονῶν
2999 3811 3310 3882 ἀμύνασθαι
3353 3815 3444 3867 τὸν
3476 3814 3691 3886 ἐχθρὸν,
3729 3817 3870 3870 ἀλλὰ

2278 3907 2354 3979 μὴ
2390 3907 2707 3978 βουλόμενος
2750 3907 2892 3960 κατὰ
2928 3908 3022 3962 τοῦ
3066 3909 3516 3982 εύεργετηθέντος
3559 3911 3870 3980 ἐπαγαγεῖν

2280 3998 2449 4067 ξίφος·
2481 4000 2574 4051 καὶ
2607 3997 2883 4070 παραδοὺς
2906 3998 3051 4066 ἆπαξ
3084 3999 3161 4070 τῷ
3187 3999 3305 4071 Θεῷ
3332 4000 3394 4052 τὸ
3428 4003 3738 4072 κριτήριον,
3769 4005 3872 4055 καί

2277 4089 2513 4159 φεύγων,
2547 4089 2762 4161 ἔρχεται
2791 4089 2931 4162 μετὰ
2958 4090 3065 4144 τῶν
3090 4091 3315 4145 οἰκετῶν
3348 4092 3484 4166 πρὸς
3509 4093 3603 4148 τὸν
3644 4093 3872 4166 Ἀϐιμέ-

2277 4181 2372 4252 λεχ
2400 4183 2490 4234 τὸν
2526 4183 2676 4254 ἱερέα

597 4277 790 4332 nolens
843 4278 898 4330 in
954 4278 1130 4331 virum
1182 4279 1269 4332 cui
1329 4280 1592 4333 beneﬁcia
1629 4281 1978 4343 contulisset,
2037 4279 2307 4347 stringere
2360 4273 2598 4344 gladium
2647 4291 2758 4331 :ac
2790 4275 2902 4333 Deo
2941 4278 3108 4334 semel
3163 4277 3512 4333 committens
3563 4277 3870 4349 judicium,

594 4367 722 4438 fuga
765 4384 824 4423 se
859 4368 1072 4424 confert
1119 4385 1242 4425 cum
1275 4371 1388 4426 suis
1431 4370 1746 4429 domesticis
1788 4373 1856 4427 ad
1897 4369 2308 4426 Abimelechum
2339 4367 2702 4423 sacerdotem.

666 4464 752 4519 13.
797 4463 921 4519 Haec
946 4476 1127 4521 autem
1162 4468 1344 4521 omnia
1387 4483 1740 4526 recensemus
1787 4469 1856 4524 ob
1887 4468 2172 4525 historiam

591 4553 894 4626 Evangelii,
928 4557 999 4611 ob
1027 4559 1254 4613 verbum
1287 4560 1418 4613 illud
1456 4559 1799 4616 Salvatoris:
1840 4559 2062 4615 «Annon
2094 4561 2172 4614 le-

2355 4463 2440 4518 15.
2483 4464 2668 4518 Πάντα
2701 4463 2756 4517 δὲ
2790 4465 2960 4518 ταῦτα
2991 4465 3220 4537 λέγομεν
3245 4465 3331 4519 διὰ
3361 4465 3458 4538 τὴν
3495 4468 3740 4540 ἱστορίαν
3769 4471 3871 4524 τοῦ

2279 4558 2636 4626 Εὐαγγελίου,
2663 4557 2750 4611 διὰ
2777 4557 2836 4610 τὸ
2870 4559 3021 4629 ῥῆμα
3046 4557 3139 4611 τοῦ
3173 4559 3427 4630 Σωτῆρος
3451 4559 3512 4612 τὸ
3545 4561 3868 4632 εἰρημένον·

587 4645 748 4716 gistis
767 4644 813 4676 “
866 4647 996 4717 quid
1044 4646 1237 4703 fecerit
1271 4647 1460 4712 David,
1519 4667 1644 4705 cum
1685 4651 1961 4705 csuriret:
2026 4663 2168 4718 quo-

2284 4671 2303 4703 t
2342 4652 2456 4704 Ούκ
2504 4650 2772 4719 ἀνέγνωτε
2824 4649 2853 4701 ὃ
2901 4650 3121 4721 ἐποίησε
3175 4650 3360 4714 Δαϐὶδ,
3414 4653 3502 4704 ὅτε
3551 4654 3870 4721 ἐπείνασεν,

589 4737 756 4790 modo
786 4739 997 4793 venerit
1024 4737 1127 4808 52
1160 4741 1214 4794 in
1267 4739 1488 4796 domum
1542 4741 1660 4806 Dei,
1701 4751 1754 4795 et
1777 4755 1948 4811 panes
1979 4756 2174 4811 propo-

588 4831 810 4887 sitionis
880 4831 1308 4886 comederith
1395 4831 1558 4888 Venit
1622 4835 1805 4902 itaque
1869 4830 2037 4886 David
2101 4832 2170 4886 ad

589 4922 1003 4977 Abimelechum
1048 4925 1388 4978 sacerdotem
1425 4939 1549 4977 cum
1602 4925 1793 4993 paucis
1817 4923 1919 4976 via:
1953 4923 2170 4976 comiti-

589 5015 707 5066 bus.
738 5012 1161 5083 Obstupel‘actus
1189 5014 1521 5080 Abimolech,
1555 5013 1761 5084 Ecquid
1799 5013 1954 5076 illud,
1981 5015 2078 5078 ait,
2107 5021 2169 5068 ut

606 5109 693 5158 lux
726 5109 1006 5160 exercitus
1039 5109 1193 5161 solus
1226 5107 1328 5160 iter
1358 5106 1543 5170 iaciat,
1579 5113 1634 5160 et
1683 5105 1765 5158 vir
1793 5105 2027 5176 insignis
2055 5115 2165 5160 tam

589 5214 647 5246 ιιι
674 5212 782 5264 guo
831 5199 1095 5252 comitatu
1143 5198 1370 5252 utatur?
1416 5196 1556 5251 Tum
1605 5197 1776 5253 David
1821 5216 2165 5273 nequaquam

589 5288 820 5343 insidias
858 5291 962 5344 sibi
1003 5298 1224 5360 paratas
1259 5300 1542 5354 memorat,
1591 5291 1684 5345 sed
1730 5306 1790 5346 re
1828 5293 2023 5358 celata,
2066 5293 2163 5356 ait,

583 5379 799 5448 jussum
839 5380 1025 5450 pueris
1077 5396 1202 5437 esse
1260 5391 1319 5433 ut
1355 5381 1409 5434 in
1462 5380 1641 5435 locum
1691 5383 2041 5448 conveniant,
2074 5383 2163 5437 cui

583 5486 810 5540 nomen,
848 5471 956 5528 Deo
996 5473 1150 5542 ﬁdes.
1191 5471 1330 5527 Nota
1360 5473 1504 5543 apud
1538 5472 1798 5530 Davidem
1838 5491 2056 5547 quoque
2104 5475 2164 5529 ﬁ-

2275 4744 2351 4808 ὼς
2401 4739 2563 4814 ἦλθεν
2621 4745 2700 4805 είς
2735 4743 2825 4795 τὸν
2885 4740 3031 4797 οἷκον
3079 4742 3175 4797 τοῦ
3217 4743 3374 4807 Θεοῦ,
3433 4745 3529 4797 καὶ
3582 4746 3711 4809 τοὺς
3765 4747 3874 4819 ἄρ-

2272 4853 2399 4900 τους
2447 4834 2546 4905 τῆς
2604 4834 2912 4905 προθέσεως
2951 4835 3182 4904 ἔφαγενς
3227 4856 3244 4888 ι
3300 4837 3559 4907 Ἔρχεται
3609 4837 3795 4890 τοίνυν
3841 4843 3873 4893 ὀ

2273 4926 2437 4980 Δαϐὶδ
2475 4924 2611 4994 πρὸς
2653 4924 2741 4976 τὸν
2799 4923 3083 4994 Ἀϐιμέλεχ
3129 4924 3217 4977 τὸν
3271 4925 3456 4994 ἱερέα,
3514 4926 3632 4996 μετ’
3667 4926 3874 4996 ὀλίγων

2273 5019 2586 5091 ὁδοιπορῶν.
2636 5015 2935 5089 Ἐξεπλάγη
2959 5019 2986 5069 6
3019 5016 3325 5088 Ἀϐιμέλεχ·
3345 5019 3456 5079 καὶ,
3493 5017 3559 5070 Τί
3585 5019 3744 5072 τοῦτο
3774 5023 3873 5090 γέ-

2273 5131 2417 5182 γονε,
2459 5111 2644 5182 φησὶν,
2689 5111 2771 5162 ὅτι
2810 5110 2967 5180 μόνος
3001 5110 3028 5161 ὁ
3065 5111 3444 5183 στρατηλάτης
3476 5110 3673 5175 ὀδεύει,
3710 5115 3810 5166 καὶ
3846 5118 3874 5168 ὀ

2275 5204 2542 5275 ἐπίσημος
2591 5201 2866 5272 λιτοτέραν
2912 5206 3149 5256 ποιεῖται
3187 5203 3284 5275 τὴν
3319 5204 3668 5276 ὀδοιπορίαν;
3718 5205 3777 5258 'O
3811 5207 3872 5260 δέ

2273 5295 2436 5348 Δαϐὶδ
2455 5296 2514 5348 ού
2538 5295 2684 5362 λέγει
2710 5295 2807 5365 τὴν
2834 5294 3143 5368 ἐπιϐουλὴν,
3169 5295 3307 5350 ἀλλὰ
3330 5297 3512 5367 σιωπᾷ
3537 5296 3596 5349 τὸ
3626 5299 3875 5369 πρᾶγμα

2272 5386 2366 5439 καί
2397 5403 2577 5456 φησιν,
2614 5387 2696 5438 ὅτι
2723 5389 2834 5448 τοῖς
2874 5385 3180 5458 παιδαρίοις
3212 5387 3525 5442 ἐντέταλται
3561 5389 3752 5460 (54)ὲν
3789 5390 3874 5460 τῷ

2270 5477 2421 5548 τόπῳ
2444 5475 2519 5547 τῷ
2545 5475 2840 5548 λεγομένῳ,
2858 5477 2980 5544 Θεῷ
2997 5479 3219 5544 πίστις.
3245 5478 3557 5552 Σημείωσαι
3578 5479 3675 5533 καὶ
3704 5479 3880 5536 τοῦτο

657 5627 704 5662 ⁸³
742 5629 934 5684 Matth.
968 5643 1078 5694 xu,
1113 5629 1198 5683 H.
1276 5628 1323 5660 “
1361 5628 1506 5688 Psal.
1545 5647 1669 5697 ινι,
1705 5630 1759 5685 2.
1837 5635 1883 5666 ⁵⁸
1920 5631 2102 5702 lReg.
2139 5648 2169 5686 χ

2295 5671 2310 5700 ,
2342 5633 2435 5688 25.
2509 5634 2556 5666 ⁸⁸
2595 5636 2614 5691 I
2646 5635 2779 5709 Reg.
2820 5653 2949 5703 XXI,
2982 5637 3038 5691 6.
3115 5637 3158 5668 ⁸⁷
3201 5636 3391 5693 Matth.
3433 5654 3545 5708 xu,
3583 5638 3639 5696 4.

660 5745 861 5817 (_35)_Tt
896 5762 1023 5817 non
1059 5745 1289 5817 habetur
1321 5746 1378 5801 in
1411 5746 1764 5817 Commelin.,
1800 5763 1898 5804 ncc
1932 5747 1988 5803 in
2024 5763 2157 5804 mss.

596 5815 692 5873 sed
723 5815 762 5870 ε
784 5815 1191 5872 Parisiensibus
1222 5816 1464 5873 additum
1497 5818 1617 5873 fuit.

2351 5747 2460 5819 (ὅ-ί)
2493 5746 2754 5808 Commel.
2792 5751 2953 5808 habet
3005 5749 3347 5822 ἐντὲταλμαι.
