4048 6406
253 366 318 426 Ml

1469 371 1758 429 HOMILIA
1795 373 1883 430 DE
1921 369 2270 432 SEMENTE.

3436 383 3543 440 162

249 487 472 562 καὶπαρά
510 489 610 562 τῷ
665 492 867 547 Δαϐὶδ
916 494 950 566 ἡ
1000 491 1197 557 πίστις·
1240 491 1331 546 διὰ
1370 491 1462 546 τὸν
1495 494 1760 564 μέλλοντα
1792 494 1847 560 ἐξ

1956 494 2082 550 dem
2113 495 2292 565 (esse:
2348 492 2420 548 ob
2469 508 2594 550 eum
2643 493 2739 564 qui
2788 508 2856 552 ex
2904 495 3000 552 illo
3048 503 3230 553 ortum
3266 496 3540 559 ducturus

247 580 358 635 αὑτοῦ
383 583 755 650 γεννᾶσθαι,
781 586 884 640 τὸν
904 585 1149 656 λέγοντα·
1186 603 1204 636 ι
1235 584 1394 638 Κατὰ
1422 584 1521 658 τὴν
1551 587 1736 640 πίστιν
1758 603 1852 640 σου

246 673 474 745 γενηθήτω
510 692 641 731 σοι.
681 696 706 729 ι
741 678 988 741 Είκόνες
1013 677 1106 731 καὶ
1133 676 1365 730 ἐνταῦθα
1393 677 1735 748 πραγμάτων
1759 679 1852 732 καὶ

244 765 536 837 ὁμοιότητες.
581 769 774 822 Αἰτεῖ
810 769 1020 841 ἄρτους
1049 771 1077 823 6
1110 768 1272 822 Δαϐ¹ιδ
1301 769 1453 842 παρὰ
1493 769 1588 824 τοῦ
1633 770 1854 841 Ἀϐιμέ-

243 859 321 928 λεχ.
359 859 409 911 '0
438 858 505 912 δέ
548 876 714 930 φησι
756 855 914 933 πρὸς
947 860 1127 915 αὐτόν·
1158 861 1270 914 Οὐκ
1309 862 1444 915 είσὶν
1486 861 1640 933 ἄρτοι
1674 862 1787 915 ἀλλ’
1818 863 1848 933 ἢ

240 951 675 1022 οίάφιερωμένοι
726 953 805 1006 ὲκ
855 952 1151 1026 προσώπου
1198 953 1426 1024 Κυρίου.
1476 954 1645 1008 Πάλιν
1689 954 1848 1008 ἄλλου

242 1045 363 1114 νόμου
390 1043 469 1096 δεῖ
499 1045 683 1115 ἡμᾶς
723 1045 1140 1116 μνημονεῦσαι.
1186 1045 1242 1097 Ὁ
1270 1044 1362 1098 τοῦ
1388 1047 1665 1110 Μωῦσέως
1689 1047 1851 1118 νόμος

242 1134 431 1206 ἔγραψεν
468 1137 535 1189 ὲν
580 1138 732 1200 ταῖς
773 1137 1035 1201 τελεταῖς
1064 1139 1159 1208 τῆς
1191 1137 1444 1208 λατρείας
1483 1142 1605 1203 ταῖς
1631 1142 1852 1211 γινομέ-

201 1265 206 1268 -
240 1245 327 1291 ναις
343 1226 478 1281 κατὰ
507 1228 627 1300 τὴν
669 1229 915 1301 ἡμέραν
954 1229 1047 1282 τοῦ
1081 1230 1381 1296 Σαϐϐάτου,
1412 1230 1620 1285 δώδεκα
1652 1233 1850 1304 ἄρτους

243 1320 434 1395 θερμοὺς
454 1319 820 1389 πεφθέντας
851 1321 1079 1392 τεθῆναι
1105 1322 1199 1376 ἐπὶ
1220 1322 1319 1392 τῆς
1340 1323 1642 1395 τραπέζης.
1675 1325 1847 1378 Ὅπου

242 1415 284 1469 δὲ
308 1413 491 1484 θέρμη,
521 1416 660 1466 ἐκεῖ
693 1413 848 1484 πῦρ.
880 1414 1208 1483 Λεγέτωσαν
1236 1414 1330 1467 νῦν
1358 1417 1492 1486 ἡμῖν
1515 1417 1564 1469 οἱ
1608 1417 1848 1472 Ἰουδαῖοι

245 1507 330 1570 πῶς
353 1505 592 1578 τηροῦσι
622 1505 698 1558 τὸ
734 1506 1055 1572 Σάϐϐατον,
1087 1507 1180 1559 καὶ
1207 1507 1269 1559 τὸ
1297 1506 1408 1578 πῦρ
1435 1507 1626 1562 ἅπτειν
1649 1525 1850 1580 παραι-

243 1598 440 1661 τοῦνται,
464 1598 617 1650 ὅπου
657 1600 717 1651 οἱ
757 1599 940 1669 ἱερεῖς
976 1599 1204 1653 ἅπτουσι
1232 1598 1363 1671 πῦρ,
1397 1600 1490 1652 καὶ
1524 1600 1722 1670 ἄρτους
1747 1602 1846 1655 πέ-

241 1690 403 1760 ψαντες
433 1689 704 1759 θερμοὺς
739 1689 1128 1761 παρατιθέασι
1156 1706 1170 1755 ;
1202 1691 1294 1760 Μὴ
1335 1689 1445 1758 ἐγὼ
1475 1691 1634 1761 μόνος
1665 1709 1846 1764 παρα-

1953 595 2093 650 erat,
2123 587 2216 657 qui
2235 587 2348 643 ait:
2387 606 2405 638 ‹
2435 585 2556 641 Fiat
2591 587 2688 642 tibi
2719 589 3021 644 secundum
3059 589 3219 646 fidem
3234 599 3384 646 tuam
3410 592 3478 649 ⁸⁸.
3513 612 3536 648 ι

1952 677 2169 734 Adsunt
2199 680 2290 733 hic
2317 694 2536 750 quoque
2579 694 2766 734 rerum
2814 681 3079 752 imagines
3109 684 3540 744 similitudines-

1953 788 2081 843 que.
2127 771 2378 827 Postulat
2429 787 2600 842 panes
2663 772 2835 829 David
2895 776 2965 830 ab
3008 775 3400 847 Abimelecho;
3456 795 3545 836 re-

1958 865 2192 935 spondet
2222 865 2336 918 illi:
2370 863 2518 917 Nulli
2563 873 2694 920 sunt
2725 882 2894 935 panes
2925 879 3122 937 praeter
3151 884 3248 925 eos
3269 871 3364 940 qui
3401 887 3540 927 eon-

1951 957 2153 1013 secrati
2206 965 2335 1012 sunt
2382 972 2449 1011 ex
2511 968 2812 1029 conspectu
2860 960 3099 1016 Domini.
3164 962 3406 1020 Alterius
3450 965 3541 1020 hic

1951 1047 2130 1101 denuo
2160 1047 2295 1116 legis
2325 1047 2532 1101 mentio
2565 1047 2816 1104 facienda
2850 1058 2955 1106 est.
2987 1050 3224 1121 Scripsit
3259 1053 3475 1126 Moyses
3491 1055 3540 1088 "

1947 1139 2002 1192 in
2058 1139 2175 1208 lege
2226 1137 2294 1193 de
2355 1139 2761 1197 initiationibus
2803 1146 2946 1198 sacri
2979 1145 3159 1200 cultus
3189 1147 3277 1201 die
3311 1146 3537 1203 Sabbati

1951 1229 2258 1293 faciendis,
2289 1229 2581 1285 duodecim
2614 1247 2782 1301 panes
2805 1234 3013 1290 calidos
3034 1245 3221 1292 coctos
3256 1239 3539 1308 ponendos

1949 1336 2072 1377 esse
2093 1337 2260 1390 supra
2291 1337 2559 1376 mensam.
2589 1321 2694 1380 Ubi
2729 1331 2912 1379 autem
2939 1328 3243 1396 calefactio,
3275 1331 3348 1386 ibi
3373 1332 3538 1403 ignis.

1949 1411 2146 1468 Dicant
2175 1412 2266 1466 hic
2292 1414 2453 1468 nobis
2483 1411 2678 1479 Judzci,
2705 1433 2875 1486 quare
2899 1419 3195 1474 Sabbatum
3223 1422 3539 1488 observant,

1949 1518 2059 1572 quo
2111 1502 2289 1574 ignem
2350 1503 2655 1559 accendere
2707 1517 3006 1574 recusant;
3039 1526 3166 1564 cum
3222 1514 3540 1569 sacerdotes

1949 1593 2129 1662 ignem
2162 1594 2530 1649 accenderent
2555 1633 2570 1658 ,
2604 1604 2904 1667 coctosque
2929 1615 3100 1670 panes
3130 1603 3339 1658 calidos
3367 1619 3538 1674 appo-

1948 1683 2185 1736 nerent?
2217 1683 2359 1737 Num
2418 1699 2520 1755 ego
2579 1686 2730 1740 solus
2761 1691 3139 1760 transgredior
3192 1690 3539 1747 Sabbatum?

243 1781 377 1834 ϐαίνω
405 1781 467 1834 τὸ
496 1780 855 1846 Σάϐϐατον;
899 1780 1034 1835 Ἰδοὺ
1059 1783 1106 1834 oi
1135 1782 1300 1852 ἱερεῖς
1323 1782 1450 1846 τοὺς
1483 1782 1721 1854 θερμοὺς
1751 1783 1847 1836 πέ-

1951 1771 2092 1828 Ecce
2138 1774 2242 1843 ipsi
2278 1775 2594 1831 sacerdotes
2652 1777 2861 1834 calidos
2894 1795 3063 1850 panes
3094 1791 3409 1852 apponunt.
3447 1800 3540 1839 co-

240 1891 430 1927 πτουσιν
455 1876 519 1927 ὲν
553 1873 880 1943 Σαϐϐάτῳ,
914 1874 1013 1928 καὶ
1044 1873 1340 1945 περιτομὴν
1365 1874 1598 1928 διδόασιν
1620 1877 1679 1928 ὲν
1706 1876 1848 1929 Σαϐο

241 1966 376 2035 ϐάτῳ.
425 1966 619 2020 Ὅπου
673 1965 742 2018 δὲ
807 1965 1110 2036 περιτομὴ,
1158 1968 1276 2019 ἐκεῖ
1323 1967 1417 2019 καὶ
1465 1967 1706 2038 σίδηρος,
1755 1968 1849 2022 καὶ

1948 1871 2234 1934 quantque
2291 1863 2556 1931 Sabbato,
2599 1875 2655 1922 et
2701 1869 3101 1924 circumcidunt
3132 1869 3406 1928 Sabbato?
3437 1873 3542 1930 Ubi

1949 1967 2132 2012 autem
2154 1958 2531 2026 circumcisio,
2583 1961 2659 2016 ibi
2687 1961 2918 2027 ferrum,
2955 1967 3221 2036 spongiae,
3260 1973 3314 2022 et
3345 1976 3544 2024 caetera

1949 2065 2070 2120 quae
2094 2050 2164 2104 ad
2195 2066 2310 2106 rem
2347 2052 2644 2122 pertinent.
2680 2052 2784 2108 Ubi
2803 2056 2959 2124 panis
2984 2057 3287 2123 confectio,
3322 2060 3396 2114 ibi
3426 2060 3544 2114 for-

1950 2157 2138 2210 naces,
2195 2144 2271 2198 ibi
2319 2154 2729 2200 sarmentorum
2777 2159 3154 2216 commeatus;
3209 2165 3273 2205 ac
3321 2153 3546 2208 demum

1949 2251 2089 2306 Opus
2118 2235 2188 2290 ab
2233 2236 2345 2291 illis
2391 2238 2674 2307 peragitur
2733 2253 2842 2309 quo
2871 2255 3045 2310 panes
3101 2241 3419 2297 conficiant.
3446 2243 3548 2299 Ju-

1950 2327 2193 2382 daedrum
2241 2328 2426 2398 itaque
2480 2330 2682 2400 populo
2724 2333 2952 2387 vetitum
3003 2341 3146 2398 erat,
3179 2350 3250 2390 ne
3302 2336 3546 2392 Sabbato

1949 2433 2088 2490 Opus
2134 2418 2424 2476 facerent:
2461 2423 2853 2478 sacerdotibus
2912 2440 3042 2480 vero
3103 2427 3157 2482 id
3201 2427 3544 2498 prohibitum

1949 2525 2060 2566 non
2093 2518 2231 2565 erat.
2268 2511 2612 2584 Quapropter
2650 2514 2811 2570 nobis
2842 2516 3215 2586 omnibusque
3262 2518 3543 2587 permitti-

1949 2608 2042 2655 tur
2077 2601 2133 2655 in
2171 2600 2414 2657 Sabbato
2441 2605 2686 2673 operari,
2717 2619 2843 2658 cum
2871 2621 2973 2661 nos
3013 2622 3205 2662 omnes
3243 2609 3418 2664 simus
3449 2624 3541 2664 re-

1949 2693 2069 2764 gale
2099 2692 2495 2748 sacerdotium.
2524 2691 2665 2748 Olim
2691 2695 2857 2765 igitur
2899 2695 3284 2752 sacerdotibus
3308 2698 3542 2767 permit-

1950 2785 2166 2840 tebatur
2197 2801 2211 2836 :
2245 2785 2406 2840 nobis
2436 2801 2655 2856 quoque
2701 2785 2964 2856 quoniam
2999 2803 3192 2842 sumus
3236 2788 3422 2858 regale
3448 2804 3541 2843 sa-

238 2058 459 2126 σπόγγοι,
497 2058 607 2112 καὶ
653 2057 738 2110 τὰ
785 2057 1088 2112 ἀκόλουθα.
1123 2058 1297 2112 Ὅπου
1343 2059 1678 2131 ἀρτοποιίαι,
1733 2062 1851 2114 ἐκεῖ

235 2150 314 2202 καὶ
333 2149 613 2215 κλίϐανοι,
649 2151 785 2203 ἐκεῖ
805 2150 908 2204 καὶ
932 2149 1223 2220 φρυγάνων
1246 2151 1570 2222 συγκομιδὴ,
1595 2152 1691 2207 καὶ
1713 2152 1850 2217 ὅλως

233 2242 372 2313 ἔργον
389 2243 622 2306 αὐτοῖς,
651 2241 724 2295 τὸ
745 2242 856 2312 τῆς
882 2242 1222 2313 ἀρτοποιίας.
1246 2242 1336 2314 Τῷ
1363 2245 1460 2314 μὲν
1482 2242 1574 2299 οὖν
1606 2245 1720 2316 λαῷ
1740 2246 1849 2301 τῶν

243 2333 496 2389 Ἰουδαίων
529 2333 952 2406 ἀπηγορεύετο
995 2333 1069 2406 μὴ
1107 2334 1435 2406 ἐργάζεσθαι
1468 2338 1526 2390 ὲν
1564 2338 1845 2409 Σαϐϐάτῳ·

230 2430 330 2491 τοίς
348 2427 404 2480 δὲ
430 2425 694 2497 ἱερεῦσιν
721 2426 832 2479 οὐκ
855 2421 930 2496 ἦν
954 2426 1422 2497 ἀπηγορευμένον.
1462 2427 1560 2482 Διά
1580 2428 1738 2482 τοῦτο
1755 2430 1850 2484 καὶ

230 2519 348 2589 ἡμῖν
382 2518 479 2570 καὶ
511 2519 704 2571 πᾶσιν
733 2516 970 2585 ἀφίεται
999 2517 1060 2569 τὸ
1097 2518 1154 2571 ὲν
1192 2519 1458 2590 Σαϐϐάτῳ
1493 2520 1846 2591 ἐργάζεσθαι·

228 2612 313 2665 καὶ
333 2610 440 2681 γὰρ
474 2611 580 2664 καὶ
621 2612 807 2680 ἡμεῖς
846 2609 1055 2672 πάντες
1083 2609 1351 2679 βασίλειον
1380 2613 1698 2685 ἱεράτευμα.
1735 2614 1850 2667 Πά-

226 2702 307 2756 λαι
332 2703 430 2773 μὲν
451 2698 554 2755 οῦν
572 2704 702 2764 τοῖς
729 2699 982 2772 ἱερεῦσιν
999 2701 1207 2769 ἠφίετο·
1230 2703 1343 2772 (55)
1362 2704 1550 2775 ἐπειδὴ
1570 2706 1665 2758 καὶ
1687 2707 1850 2775 ἡμεῖς

227 2796 531 2865 γεγόναμεν
565 2792 866 2864 βασίλειον
906 2791 1204 2865 ἱεράτευμα
1238 2795 1329 2848 καὶ
1367 2795 1519 2860 ἔθνος
1546 2795 1720 2864 ἅγιον.
1743 2796 1848 2849 Τοῦ

227 2885 385 2954 νόμου
423 2883 787 2955 γράψαντος·
835 2883 928 2935 Ἐν
970 2885 1036 2953 τῇ
1079 2885 1262 2955 ἡμέρᾳ
1294 2884 1386 2938 τοῦ
1420 2886 1697 2939 Σαϐϐάτου
1724 2886 1847 2948 τοὺς

1950 2876 2278 2941 cerdotium,
2333 2893 2467 2948 gens
2502 2886 2714 2936 sancta.
2756 2879 2999 2948 idipsum
3057 2880 3391 2949 permissum
3427 2891 3536 2936 est.

225 2977 430 3029 δώδεκα
487 2977 711 3046 ἄρτους
771 2972 1028 3027 τίθεσθαι
1087 2977 1142 3028 ἐν
1192 2977 1460 3049 τραπέζῃ·
1513 2977 1694 3048 ἄρτων
1743 2976 1847 3049 γάρ

1953 2965 2240 3024 Scribente
2273 2970 2411 3040 lege,
2443 2970 2500 3024 in
2538 2971 2627 3025 die
2650 2969 2877 3024 Sabbati
2911 2969 3204 3026 duodecim
3236 2987 3406 3042 panes
3440 2988 3537 3026 su-

223 3070 632 3141 ἀςςιερωμένων
671 3069 939 3131 ἐκείνων,
991 3070 1057 3121 ἐκ
1100 3068 1197 3138 τῆς
1235 3069 1515 3139 τραπέζης
1563 3069 1678 3141 (56)
1729 3068 1847 3139 ᾔτει

1950 3076 2048 3130 pra
2077 3076 2321 3114 mensam
2357 3061 2639 3132 ponendos
2673 3077 2818 3126 esse,
2860 3077 2927 3116 ex
2957 3061 3066 3117 illis
3101 3064 3159 3116 in
3185 3078 3373 3118 mensa
3404 3079 3538 3118 con-

220 3162 248 3211 ὀ
275 3161 444 3212 Δαϐὶδ
469 3160 575 3231 τὴν
606 3159 861 3230 τροφήν.
910 3159 969 3210 '0
995 3157 1052 3210 δὲ
1090 3157 1376 3228 Ἀϐιμέλεχ
1397 3158 1566 3227 ἔλεγε·
1604 3178 1620 3209 ι
1652 3159 1716 3211 Εἰ
1743 3159 1847 3211 δια-

1952 3152 2181 3207 secratis
2234 3152 2472 3221 panibus
2500 3154 2816 3222 postulabat
2847 3151 3017 3207 David
3050 3153 3155 3210 sibi
3187 3154 3534 3210 alimentum.

219 3250 636 3320 τξφυλαγμὲνα
687 3248 767 3301 τὰ
815 3246 1103 3320 παιδάρια,
1157 3248 1295 3320 πλὴν
1349 3249 1455 3302 ἀπὸ
1503 3248 1780 3318 γυναικός.
1822 3268 1840 3300 ι

1950 3243 2256 3315 Respondit
2311 3243 2684 3300 Abimelech:
2748 3263 2768 3296 ι
2805 3245 2864 3299 Si
2926 3246 3082 3316 pueri
3143 3245 3538 3300 abstinuerunt

216 3333 346 3396 ἰὶδέ
380 3361 474 3413 μοι
497 3342 727 3406 λοιπὸν,
762 3343 822 3394 ἐν
852 3338 1197 3412 παρεκϐάσει
1219 3338 1314 3392 τοῦ
1341 3339 1519 3407 λόγου,
1547 3339 1846 3408 ἀσφαλίζου

1951 3336 2188 3392 maxime
2221 3351 2250 3389 a
2291 3337 2616 3392 mulieribus
2640 3337 2706 3390 ⁸ο.
2744 3356 2762 3390 ι
2801 3335 2921 3390 Jam
2957 3346 3013 3391 tu
3043 3338 3198 3401 mihi,
3232 3341 3327 3408 qui
3363 3338 3537 3394 fidelis

210 3434 274 3486 τὸ
301 3436 434 3505 alp'q
444 3435 641 3504 μένον,
668 3436 700 3487 6
724 3431 946 3494 πιστὸς,
968 3431 1065 3483 καὶ
1096 3431 1206 3482 νόει
1231 3447 1322 3501 μοι
1343 3430 1402 3484 τὸ
1421 3429 1731 3502 λεγόμενον·
1755 3432 1847 3484 καὶ¹

1950 3440 2031 3488 es,
2064 3436 2124 3480 ut
2153 3428 2434 3498 paululum
2451 3428 2854 3499 digrediamur,
2883 3430 2969 3486 his
2998 3430 3064 3484 ad
3087 3432 3356 3484 cautelam
3381 3440 3538 3487 utere

210 3526 312 3596 τὴν
351 3527 590 3595 ἁγνείαν
623 3523 997 3595 ἀναλάμϐανε
1031 3522 1250 3593 σαρκός.
1273 3523 1333 3575 Εἰ
1361 3521 1470 3593 γάρ
1493 3524 1522 3575 6
1560 3522 1847 3592 Ἀϐιμέλεχ

1950 3519 2154 3585 verbis,
2189 3527 2243 3574 et
2271 3521 2417 3590 quod
2448 3520 2654 3576 dicitur
2697 3522 3093 3587 animadverte,
3121 3522 3537 3577 castimoniam-

207 3615 338 3669 τότε
359 3616 544 3670 ταῦτα
566 3613 956 3687 παρήγγειλε,
982 3612 1101 3676 πῶς
1120 3615 1238 3684 οὐχὶ
1260 3615 1354 3668 καὶ
1371 3615 1846 3686 παραφυλακτέον;

1950 3626 2056 3680 que
2089 3611 2275 3666 carnis
2315 3627 2555 3667 assume.
2590 3609 2648 3664 Si
2678 3626 2916 3681 namque
2971 3611 3025 3666 id
3087 3621 3218 3666 tunc
3277 3611 3537 3682 praacepit

211 3707 330 3759 Καὶ
359 3709 544 3772 οὓτως
585 3706 793 3760 ἔλαϐεν
839 3707 870 3758 ὁ
916 3704 1106 3770 Δαϐὶδ,
1143 3706 1238 3759 καὶ
1277 3707 1432 3778 ἤσθιε
1474 3710 1600 3772 τοὺς
1624 3709 1844 3780 ἄρτους,

1950 3703 2288 3765 Abimelech,
2322 3718 2423 3756 cur
2470 3719 2581 3758 non
2635 3703 3083 3759 observandum?
3117 3703 3210 3757 Sic
3239 3703 3410 3756 David
3443 3719 3536 3756 ac-

213 3800 313 3852 καὶ
341 3803 412 3853 ὲν
442 3800 721 3872 Σαϐϐάτῳ
754 3800 890 3862 ἴσως
923 3798 1135 3852 ἐλαϐεν.

1950 3795 2114 3865 cepit,
2158 3809 2440 3865 panesque
2495 3795 2774 3864 comedit,
2806 3809 2871 3850 ac
2919 3794 3175 3851 fortassis
3205 3796 3261 3850 in
3294 3795 3536 3851 Sabbato

1949 3885 2177 3954 accepit.

2021 3999 2108 4053 l4.
2141 3998 2280 4054 Cum
2328 3997 2514 4069 itaque
2540 3997 2715 4054 Judaei
2771 3997 3111 4053 Salvatorem
3143 4004 3532 4068 coarguerent,

1958 4090 2104 4163 quod
2139 4091 2392 4161 discipuli
2423 4090 2546 4161 ejus
2576 4091 2632 4146 in
2683 4090 2922 4145 Sabbato
2953 4091 3135 4160 spicas
3164 4092 3426 4144 vellerent
3450 4097 3536 4144 at-

1949 4201 2056 4255 que
2120 4186 2510 4252 comederent,
2567 4185 3032 4256 Opportunissime
3096 4185 3187 4239 ille
3246 4183 3536 4238 historiam

1952 4275 2192 4330 Sabbato
2212 4286 2421 4346 gestam
2450 4276 2922 4335 conmiemoravit,
2948 4281 3008 4327 ut
3027 4273 3340 4329 ostenderet
3371 4273 3534 4342 ipsis,

1951 4371 1996 4425 si
2033 4370 2225 4424 Davidi
2257 4379 2310 4426 ct
2345 4370 2644 4426 comitibus
2691 4370 2814 4439 ejus
2853 4383 3180 4423 concessum
3215 4368 3314 4420 fuit
3344 4375 3402 4420 ut
3434 4381 3536 4436 pro

1952 4465 2127 4519 salute
2167 4480 2338 4534 panes
2361 4480 2428 4518 ex
2459 4479 2615 4518 sacra
2650 4478 2840 4518 mensa
2873 4462 3142 4516 ἱιιοοίὺυιιι
3165 4463 3532 4530 attingerent;

1952 4571 2062 4609 non
2100 4555 2272 4609 fuisse
2317 4555 2609 4625 discipulis
2647 4556 2872 4609 vetitum
2931 4559 2989 4605 ut
3033 4554 3217 4621 spiras
3246 4552 3530 4616 vellerent,

1951 4657 2005 4701 et
2041 4647 2407 4703 confricarent
2429 4648 2496 4700 ad
2519 4647 2936 4701 comedendum.
3003 4663 3021 4695 ι
3046 4646 3266 4709 Annon,
3329 4645 3530 4713 inquit,

1953 4739 2163 4810 legistis
2185 4741 2314 4810 quid
2351 4740 2540 4794 fecerit
2575 4739 2764 4800 David.
2789 4754 2913 4793 cum
2938 4738 3172 4792 esurirct
3199 4753 3313 4807 ipse
3343 4745 3398 4791 et
3437 4737 3531 4807 qui

291 4000 389 4054 14.
450 3999 612 4054 Ἐπεὶ
643 3993 744 4053 οὖν
778 4000 828 4053 οἱ
871 3997 1118 4052 Ἰουδαῖοι
1167 3998 1582 4070 κατεμέμφοντο
1618 4000 1698 4072 τῷ
1740 4001 1849 4053 Σω-

221 4091 373 4162 τῆρι,
422 4091 514 4146 διὰ
551 4091 619 4146 τὸ
652 4093 716 4144 ἐν
756 4089 1035 4160 Σαϐϐάτῳ
1062 4089 1186 4153 τοὺς
1223 4090 1468 4162 μαθητὰς
1496 4092 1692 4146 τίλλειν
1720 4093 1849 4145 στά-

226 4201 366 4252 χυας
395 4185 494 4237 καὶ
518 4185 756 4238 ἐσθίειν·
783 4182 874 4236 διά
900 4182 1069 4234 τοῦτο
1091 4183 1452 4254 εὐκαιρότατα
1474 4185 1610 4256 ἐμνη
1621 4185 1847 4255 μόνευσε

227 4275 331 4341 τῆς
364 4277 620 4347 ἱστορίας
657 4276 764 4346 τῆς
811 4278 868 4329 ὲν
899 4265 1167 4347 Σαϐϐάτῳ
1209 4275 1534 4346 γενομένης·
1581 4276 1666 4330 ἵνα
1699 4277 1848 4350 δείξῃ

234 4367 449 4431 αὐτοῖς,
493 4371 602 4434 ὅτι,
664 4371 716 4422 εί
773 4369 912 4440 πρὸς
967 4369 1232 4439 σωτήριον
1281 4370 1486 4441 τροφὴν
1534 4371 1728 4440 ἠφίετο
1769 4369 1847 4440 τῷ

236 4459 404 4511 Δαϐὶδ
435 4461 531 4515 καὶ
559 4464 682 4525 τοῖς
720 4462 840 4531 μετ’
868 4459 1038 4512 αὑτοῦ
1075 4460 1383 4529 ἐφάψασθαι
1423 4462 1602 4531 ἄρτων
1645 4464 1710 4515 ὲκ
1748 4463 1847 4533 τῆς

238 4550 540 4622 τραπέζης,
588 4553 694 4605 οὐκ
740 4547 812 4621 ἦν
859 4551 1312 4620 ἀπηγορευμένον
1361 4553 1454 4604 καὶ
1499 4553 1562 4604 τὸ
1608 4552 1846 4622 στάχυας

241 4635 649 4708 λαμϐάνοντας,
701 4643 800 4694 καὶ¹
839 4641 1128 4710 ψώχοντας
1163 4641 1363 4694 ἐσθίειν
1410 4643 1535 4705 τοὺς
1574 4643 1839 4714 μαθητάς.

249 4747 270 4779 ί
297 4734 434 4787 Οὐδὲ
459 4735 620 4789 τοῦτο
643 4735 924 4802 ἀνέγνωτε
960 4733 989 4785 ὃ
1022 4733 1242 4804 ἐποίησε
1278 4733 1462 4797 Δαϐὶδ,
1504 4735 1591 4787 ὅτε
1629 4736 1845 4789 ἐπείνα-

1880 4509 1921 4563 D

250 4839 335 4878 αεν
359 4830 524 4892 αὐτὸς
552 4830 648 4883 καὶ
674 4830 726 4880 οἱ
754 4827 874 4898 μετ’
899 4825 1094 4883 αὐτοῦ,
1111 4825 1184 4886 ὼς
1213 4825 1460 4896 εἰσῆλθεν
1485 4827 1565 4888 εἰς
1585 4825 1677 4879 τὸν
1698 4823 1845 4880 οἷκον

244 4918 336 4971 τοῦ
361 4922 522 4985 Θεοῦ,
557 4923 656 4975 καὶ
689 4922 822 4983 τοὺς
856 4919 1061 4989 ἄρτους
1093 4917 1191 4987 τῆς
1217 4917 1527 4986 προθέσεως
1554 4918 1790 4986 ἕφαγεν;
1821 4939 1840 4970 ι

252 5008 434 5079 Ἔχεις
461 5015 586 5083 ἑξῆς
617 5008 1076 5079 συνεζευγμένην
1098 5009 1191 5062 καὶ
1213 5011 1312 5080 τὴν
1343 5011 1584 5081 ἱστορίαν
1601 5012 1847 5084 περὶτῆς

253 5100 412 5174 ξηρὰ
443 5110 641 5180 χειρός·
667 5108 822 5167 ὅπως
847 5105 877 5155 ὁ
901 5101 1100 5173 Σωτὴρ
1125 5102 1281 5173 ἡμῶν
1303 5105 1382 5167 εἰς
1403 5103 1500 5175 τὴν
1524 5104 1845 5176 συναγωγὴν

251 5196 490 5254 εἰσελθὼν
527 5203 633 5272 (δεῖ
671 5200 791 5269 γὰρ
837 5197 997 5268 ἡμᾶς
1040 5197 1416 5268 παραδραμεῖν
1463 5197 1561 5268 τὴν
1604 5198 1844 5270 ἱστορίαν

248 5282 326 5339 διὰ
348 5290 407 5342 τὸ
447 5293 614 5364 μῆκος
649 5291 770 5344 τῶν
805 5289 1013 5356 λόγων,
1053 5285 1138 5339 ἵνα
1177 5288 1250 5358 μὴ
1285 5290 1596 5360 προσκορὴς
1621 5289 1844 5359 γένηται

242 5375 270 5443 ἡ
307 5380 608 5456 ἀκρόασις)
646 5383 754 5437 καὶ
793 5377 927 5433 ἰδών
949 5394 1075 5430 τινα
1111 5377 1302 5448 ἔχοντα
1335 5377 1506 5451 ξηράν
1535 5383 1712 5452 χεῖρα,
1748 5381 1842 5434 καὶ

237 5471 508 5533 γινώσκων
532 5477 618 5530 ὅτι
676 5470 914 5544 ἕτοιμοί
952 5469 1092 5522 εἰσιν
1117 5470 1166 5523 οἰ
1201 5471 1438 5525 Ἰουδαῖοι
1470 5474 1550 5536 είς
1584 5472 1644 5525 τὸ
1674 5490 1843 5545 κατη-

1952 4846 2074 4885 cum
2104 4848 2169 4886 eo
2191 4843 2344 4886 erant
2367 4872 2382 4895 ,
2408 4833 2685 4902 quomodo
2730 4833 2953 4885 intravit
2989 4831 3042 4884 in
3069 4830 3291 4884 domum
3339 4829 3456 4894 Dei,
3477 4837 3533 4884 et

1954 4937 2122 4993 panes
2172 4924 2566 4992 propositionis
2613 4923 2885 4978 comedit?
2911 4943 2932 4974 ι
2983 4921 3162 4976 Habes
3206 4922 3404 4976 exinde
3434 4921 3532 4974 ad-

1948 5016 2197 5085 junctam
2236 5016 2521 5070 historiam
2553 5014 2637 5069 ~de
2675 5016 2830 5069 arida
2873 5030 3036 5068 manu
3065 5033 3077 5067 :
3113 5029 3224 5083 quo
3259 5019 3421 5082 pacto
3451 5013 3532 5066 vi-

1951 5106 2149 5160 delicet
2208 5106 2461 5161 Salvator
2506 5115 2715 5170 noster,
2760 5107 3044 5175 ingressus
3097 5105 3153 5157 in
3198 5117 3534 5173 synagogam

1953 5197 2136 5269 (nobis
2189 5215 2426 5269 namque
2465 5197 2834 5268 percurrenda
2879 5197 3111 5252 historia
3155 5201 3260 5258 est,
3309 5195 3380 5247 ob
3413 5194 3538 5263 ejus

1951 5291 2345 5360 prolixitatem,
2402 5307 2471 5345 ne
2513 5307 2776 5346 nauseam
2829 5293 3006 5360 pariat
3030 5284 3431 5355 audientibus),
3485 5295 3540 5341 ct

1951 5397 2077 5435 cum
2112 5383 2341 5439 vidisset
2392 5384 2684 5452 quemdam
2744 5398 2969 5436 manum
3019 5381 3232 5436 aridam
3290 5377 3538 5432 habere:

1951 5481 2248 5544 nossetque
2281 5471 2501 5530 Iudaeos
2563 5474 2632 5530 ad
2679 5471 3089 5530 criminandum
3135 5477 3362 5545 paratos
3391 5481 3543 5534 esse,

283 5651 331 5687 ‘3
372 5655 562 5714 Matth.
597 5635 700 5721 ιι,
739 5651 845 5708 29.
935 5650 984 5682 δ’
1056 5647 1229 5705 Levit.
1263 5668 1422 5720 ιιιν,
1457 5653 1508 5708 5.
1585 5654 1632 5686 ⁸ο
1671 5651 1691 5706 1
1727 5651 1860 5723 Reg.
1893 5667 1986 5709 ni
2012 5697 2026 5723 ,
2064 5655 2116 5710 4.

277 5809 398 5871 [351
429 5813 644 5875 Locus.
678 5817 749 5868 ut
776 5804 1038 5875 videtur,
1069 5806 1309 5864 mutilus.

2018 5809 2131 5881 (τε)
2171 5775 2526 5880 Anglicanus,
2559 5806 2683 5875 ἑξῆς
2709 5805 3010 5879 τραπέζης.
