4048 6406
604 370 716 432 963

1775 366 1836 423 s.
1880 346 2351 440 Arnsussws.
2390 392 2462 403 —
2496 360 2730 421 unum.

3763 369 3863 431 {66

602 485 805 543 dixerit
843 486 911 542 ad
944 500 1071 543 eum
1096 485 1258 557 cujus
1297 483 1453 540 arida
1498 497 1698 538 manus
1746 489 1867 536 erat
1896 498 1913 535 :
1947 497 1968 531 ι
2003 475 2173 547 Surge

2281 480 2487 549 γορεῖν,
2513 478 2661 549 λέγει
2695 479 2835 551 πρὸς
2860 480 2953 535 τὸν
2986 480 3179 553 ἔχοντα
3209 484 3309 557 τὴν
3339 482 3499 557 χεῖρα
3529 484 3629 557 τὴν
3670 483 3861 557 ξηράνο

600 579 686 647 (et
717 578 823 644 sta)
855 580 909 633 in
939 579 1119 633 medio
1138 579 1208 632 ἰ.
1234 597 1253 629 ι
1292 576 1649 632 Resurrectio
1678 570 2181 644 resurgerejussit:

612 688 634 723 ι
662 668 837 741 Surge
865 678 918 725 et
946 679 1029 726 sta
1085 671 1139 724 in
1185 670 1383 724 medio.
1422 686 1443 721 ι
1473 667 1592 723 Non
1641 666 1788 738 quod
1821 665 1889 719 ad
1931 677 2184 735 pompam

602 762 946 816 curationem
1000 761 1163 816 edere
1200 762 1360 815 vellet
1393 775 1407 812 :
1444 767 1607 815 norat
1670 758 1871 829 quippe
1914 772 2012 826 pro
2045 764 2186 809 tem-

606 854 757 923 poris
814 852 1129 907 conditione
1180 852 1368 907 dicere
1426 852 1627 905 etiam-
1701 848 1918 912 iVide,
1980 845 2186 902 nemini

604 945 890 1001 dixeris".
920 966 939 997 ι
958 942 1158 999 Verum
1192 944 1279 997 ubi
1307 944 1358 998 id
1389 951 1605 1013 tempus
1635 941 1892 1012 postulat,
1910 938 2051 992 celat
2079 936 2183 990 mi-

603 1040 892 1106 raculum;
926 1048 1115 1093 contra
1150 1036 1241 1091 ubi
1265 1034 1505 1089 Sabbato
1535 1033 1860 1088 miraculum
1898 1030 2060 1084 edere
2089 1042 2189 1097 par

598 1138 721 1195 est,
772 1140 902 1185 tunc
951 1130 1297 1201 apertissime
1355 1136 1634 1199 operatur.
1692 1124 1886 1192 Quzere
1932 1133 1983 1178 et
2033 1121 2187 1176 volve

599 1222 1021 1294 Evangeliormn
1057 1223 1286 1293 scripta,
1311 1230 1470 1276 etme
1500 1234 1628 1275 vere
1663 1219 1849 1274 dicere
1876 1215 2182 1285 deprehen-

596 1316 718 1371 des.
751 1313 1130 1371 Observabant
1152 1318 1205 1371 in
1234 1316 1476 1370 Sabbato
1506 1312 1805 1383 insigniora
1848 1310 1992 1365 edita
2015 1305 2185 1360 mira-

592 1410 765 1466 cula:
799 1411 917 1479 qui,
945 1423 1155 1478 quaso,
1212 1414 1309 1461 aut
1357 1402 1678 1477 quomodo?
1709 1420 1730 1454 ι
1764 1400 1809 1454 A
1847 1398 2049 1455 saeculo
2077 1394 2183 1467 53

596 1517 708 1558 non
744 1513 829 1557 εει
858 1501 1130 1561 amlitum.
1166 1499 1312 1570 quod
1346 1501 1472 1569 quis
1519 1494 1797 1567 aperuerit
1824 1492 2016 1547 oculos
2050 1488 2184 1544 θευεί

595 1592 710 1646 nati
740 1590 847 1644 ".9
881 1588 994 1644 Hoc
1024 1591 1347 1644 miraculum
1378 1604 1489 1643 non
1521 1589 1631 1640 alio
1659 1600 1822 1656 quam
1846 1583 2069 1637 Sabbati
2093 1580 2185 1636 die

594 1681 785 1736 edidit.
812 1680 949 1734 Cum
973 1682 1118 1736 enim
1145 1697 1209 1735 ex
1247 1687 1409 1751 sputo
1456 1678 1605 1733 humi
1631 1677 1846 1747 dejecto
1880 1679 2051 1727 lutum
2106 1671 2183 1725 l'e-

593 1773 804 1837 θίςειιι,
842 1772 1019 1826 linivit
1048 1771 1169 1840 ejus
1206 1771 1434 1836 oculos,
1476 1769 1733 1839 tuis.tque
1781 1766 1933 1819 illum
1987 1764 2042 1817 in
2094 1760 2182 1816 Si-

2295 589 2319 622 ς
2347 571 2632 643 Ἀνάστηθι
2654 574 2735 636 εἰς
2748 572 2810 627 τὸ
2826 572 3010 645 μέσον.
3032 593 3051 626 ι
3085 576 3149 630 Ἡ
3165 577 3461 642 ἀνάστασις
3485 576 3547 632 τὸ
3566 579 3865 651 ἀναστῆναι

2286 662 2592 718 ἐκέλευσεν
2629 684 2650 717 ι
2683 665 2994 739 Ἀνάστηθι,
3022 669 3117 721 καὶ
3150 669 3305 740 στῆθι
3329 670 3409 734 εἰς
3430 669 3493 723 τὸ
3524 668 3706 741 μέσον.
3740 689 3761 722 ι
3789 669 3865 726 Οὐ

2286 755 2551 828 κομπώδη
2572 756 2671 830 τὴν
2693 759 2934 830 ἰατρείαν
2949 759 3329 831 ἐργαζόμενος·
3349 758 3458 815 οἶδε
3473 760 3582 833 γάρ
3596 762 3865 833 εὐκαίρως

2286 845 2487 917 λέγειν,
2507 851 2699 921 «Ὅρα,
2721 850 2906 922 μηδενί
2921 852 3099 926 εῖπῃς·
3116 873 3135 904 ι
3152 851 3265 907 ἀλλ’
3287 854 3376 907 ὅτε
3396 854 3499 926 μὲν
3531 853 3679 907 ἐστιν
3690 851 3867 907 εὔκαι-

2291 956 2406 1013 ρον,
2423 939 2614 1012 κρύϐει
2635 941 2695 995 τὸ
2719 942 3111 1015 θαυματούργη
3120 962 3214 1016 μα·
3233 946 3319 999 ὅτε
3339 944 3395 999 δέ
3418 945 3498 998 δεῖ
3518 947 3577 999 ἐν
3606 944 3864 1017 Σαϐϐάτῳ

2287 1029 2795 1104 θαυματουργῆσαι,
2819 1034 2942 1087 τότε
2967 1035 3326 1107 φανερώτατα
3350 1037 3663 1108 ἐργάζεται.
3696 1038 3868 1109 Ζήτεη⁴

2290 1139 2380 1177 σον
2400 1124 2470 1177 τά
2496 1127 2554 1178 ἐν
2581 1128 2690 1189 τοῖς
2712 1127 3065 1215 Εὐαγγεχλίοις
3088 1129 3471 1200 γεγραμμένα,
3495 1130 3587 1183 καὶ
3613 1130 3867 1201 εὑρήσεις

2285 1215 2346 1268 τὸ
2372 1216 2568 1287 ἀληθὲς
2607 1217 2716 1271 τῶν
2750 1219 2943 1287 λόγων.
2987 1220 3248 1291 Ἐτήρουν
3276 1222 3333 1274 ἐν
3366 1219 3631 1291 Σαϐϐάτῳ
3658 1220 3729 1273 τά
3761 1219 3865 1273 τῶν

2286 1306 2869 1382 θαυματουργημάτων
2902 1308 3279 1382 ἐπιδοξότεραο
3314 1310 3431 1375 πῶς
3464 1311 3559 1364 καὶ
3588 1310 3711 1364 τίνα
3743 1308 3866 1383 τρό-

2286 1416 2422 1465 πον;
2462 1420 2481 1451 ι
2523 1401 2618 1455 Ἐκ
2654 1400 2749 1454 τοῦ
2789 1402 2986 1466 αἰῶνος
3017 1404 3116 1456 οὐκ
3156 1402 3419 1475 ἠκούσθη,
3459 1405 3542 1457 ὅτι
3574 1403 3756 1474 ήνοιξέ
3783 1419 3865 1468 τις

2283 1491 2594 1564 ὀφθαλμοὺς
2626 1495 2829 1565 τυφλοῦ
2869 1496 3290 1568 γεγεννημένου.
3333 1517 3352 1549 ι
3390 1498 3562 1551 Τοῦτο
3589 1497 3651 1551 τὸ
3681 1496 3865 1569 θαῦμα

2283 1586 2384 1639 οὐκ
2413 1586 2667 1657 ἐποίησεν
2688 1588 2746 1639 ἐν
2776 1587 2940 1660 ἑτέρα
2970 1588 3172 1660 ἡμέρᾳ,
3200 1588 3313 1642 ἀλλ’
3339 1590 3398 1641 ἐν
3430 1587 3715 1660 Σαϐϐάτῳ.
3750 1589 3862 1661 Πη-

2282 1677 2374 1751 λδν
2417 1678 2527 1750 γὰρ
2573 1680 2804 1751 ποιήσας
2844 1678 2934 1733 διά
2970 1679 3066 1733 τοῦ
3110 1678 3309 1733 πτύσαι
3346 1680 3541 1750 χαμαὶ,
3577 1678 3864 1749 ἐπιχρίσας

2282 1769 2411 1833 τοὺς
2444 1768 2777 1841 ὀφθαλμοὺς,
2812 1769 3055 1841 ἔπεμψεν
3084 1773 3164 1834 εἰς
3190 1769 3281 1824 τὸν
3307 1770 3549 1841 Σιλωάμσ
3585 1770 3676 1823 καὶ
3704 1766 3865 1841 ἦλθεν

594 1865 737 1921 loam
763 1880 779 1917 :
814 1872 868 1919 et
899 1865 1056 1919 rediit
1082 1877 1264 1919 caecus
1296 1861 1417 1927 visu
1434 1868 1672 1929 recepto.
1695 1857 1799 1924 Qui
1826 1870 1955 1911 vero
1974 1868 2173 1910 caecum

2280 1862 2310 1915 6
2336 1862 2535 1930 τυφλὸς
2568 1839 2800 1930 βλέπων.
2830 1864 2892 1916 Οἱ
2920 1839 2978 1915 δὲ.
2999 1862 3090 1915 τὸν
3117 1861 3319 1932 τυφλὸν
3360 1839 3561 1923 ἰδόντες
3602 1839 3867 1931 βλέποντα

591 1964 881 2013 cernerent
920 1956 1217 2017 videntem,
1260 1954 1365 2024 ipsi
1398 1967 1510 2007 non
1538 1950 1819 2005 videbant.
1862 1948 2017 2001 illius
2057 1945 2179 2017 qui-

594 2051 718 2106 dem
752 2049 1039 2105 sensibiles
1092 2048 1374 2101 oculorum
1409 2044 1629 2115 pupilla:
1656 2050 1858 2112 apertze
1892 2049 2054 2105 sunt;
2082 2035 2181 2091 Ju-

591 2140 834 2195 daeorum
869 2153 1001 2193 vero
1055 2152 1165 2191 non
1197 2136 1371 2206 aperti
1399 2141 1530 2190 sunt
1559 2132 1740 2199 oculi;
1805 2131 1915 2185 imo
1975 2126 2180 2199 apertis

592 2233 719 2288 licet
745 2231 944 2295 oculis,
975 2246 1085 2285 non
1110 2228 1389 2289 videbant,
1417 2224 1816 2292 Dominamque
1846 2218 2181 2275 damnabant

590 2324 681 2381 bis
712 2324 934 2380 verbis:
976 2342 995 2375 ι
1026 2321 1147 2378 Non
1193 2327 1283 2376 est
1313 2319 1403 2374 hic
1435 2319 1598 2373 homo
1645 2330 1715 2372 ex
1758 2314 1888 2374 Deo.
1915 2311 2178 2383 quoniam

591 2417 892 2475 Sabbatum
931 2433 1040 2473 non
1074 2417 1330 2471 observat
1347 2413 1450 2467 “.i
1486 2410 1528 2467 0
1554 2413 1827 2482 ingentem
1850 2409 2129 2463 vesaniam
2160 2406 2175 2459 l

588 2510 727 2567 Nam
758 2512 920 2581 quale
938 2524 1079 2580 opus
1115 2509 1320 2563 factum
1350 2504 1483 2560 est?
1530 2503 1763 2573 Sputum
1794 2516 1861 2556 ex
1886 2500 2064 2562 labiis.
2095 2499 2180 2554 dio

472 2587 479 2593 ’
592 2602 833 2674 gitisque
890 2600 1157 2654 duntaxat
1206 2599 1380 2652 lutum
1408 2611 1420 2647 :
1445 2595 1677 2665 simplex
1707 2593 1916 2656 unctio,
1951 2606 2061 2646 non
2097 2591 2180 2645 in-

589 2691 916 2748 strumemis
948 2690 1199 2754 medicis,
1248 2686 1344 2742 sed
1409 2700 1572 2739 manu
1608 2698 1638 2737 a
1688 2682 1800 2739 Deo
1829 2681 1994 2737 facta.
2036 2680 2178 2748 Quid

588 2784 737 2855 quod
787 2790 969 2836 actum
1042 2787 1127 2837 est
1170 2776 1511 2834 criminare?
1591 2774 1771 2830 Habes
1818 2776 1873 2829 in
1938 2772 2179 2829 Sabbato

589 2884 804 2947 gestum
829 2874 1176 2929 miraculum.
1212 2872 1363 2926 Abiit
1401 2884 1603 2932 caecus,
1663 2876 1719 2924 ct
1742 2869 1875 2922 abiit
1928 2868 2049 2922 visu
2091 2883 2180 2921 re-

586 2976 769 3040 cepto.
796 2966 855 3021 Id
878 2967 937 3021 in
968 2966 1207 3020 Sabbato
1240 2963 1540 3036 (Christus)
1579 2962 1944 3032 operabatur,
1978 2969 2036 3015 ut
2075 2960 2178 3017 [ide

587 3062 791 3130 dignus
812 3060 1127 3122 haberetur,
1158 3072 1284 3111 cum
1321 3056 1375 3110 in
1415 3054 1657 3110 Sabbato
1681 3053 1927 3108 doceret.

660 3153 747 3207 15.
768 3151 929 3206 Aliud
960 3151 1202 3206 occurrit
1234 3149 1366 3204 mihi
1400 3149 1748 3203 miraculum.
1782 3145 2173 3219 Hierosolymis

2279 1954 2382 2008 οὐκ
2418 1953 2737 2025 ἀνέϐλεψαν.
2775 1955 3045 2008 Κάκείνου
3083 1955 3181 2026 μὲν
3211 1953 3564 2027 ἠνεῴχθησαν
3586 1955 3644 2008 αἰ
3678 1953 3865 2027 αἰσθη-

2278 2045 2372 2098 ταὶ
2392 2045 2501 2099 τῶν
2519 2046 2786 2117 ὀμμάτων
2811 2046 2990 2117 κόραι,
3026 2047 3293 2100 Ἰουδαίων
3321 2047 3379 2100 δὲ
3411 2048 3513 2101 οὐκ
3539 2045 3865 2119 ἠνοίχθησαν

2279 2139 2330 2191 οί
2355 2138 2645 2209 ὀφθαλμοί⁸
2671 2138 2787 2193 ἀλλ’
2816 2140 3031 2210 ἔχοντες
3062 2142 3189 2205 τοὺς
3221 2140 3538 2212 ὀφθαλμοὺς
3568 2140 3865 2211 ἠνεῳγμέ-

2279 2245 2425 2293 νους,
2459 2230 2560 2283 ούκ
2585 2229 2832 2295 ἔϐλεπον,
2862 2232 2957 2285 καὶ
2983 2232 3311 2303 κατέκριναν
3330 2232 3423 2285 τὸν
3456 2230 3663 2303 Κύριον
3686 2231 3866 2302 λέγον-

2277 2338 2392 2387 τες,
2420 2322 2504 2376 ὃτι
2535 2343 2554 2374 ι
2592 2323 2707 2377 Οὐκ
2749 2323 2895 2378 ἐστιν
2926 2318 3084 2389 οὗτος
3109 2326 3139 2379 6
3170 2324 3459 2396 ἄνθρωπος
3486 2325 3553 2377 ὲκ
3580 2323 3679 2378 τοῦ
3709 2322 3866 2389 Θεοῦ,

2278 2415 2362 2469 ὅτι
2392 2416 2455 2470 τὸ
2482 2414 2759 2470 Σάϐϐατον
2779 2418 2841 2473 οὐ
2867 2421 3044 2489 τηρεῖ.
3082 2436 3101 2469 ι
3142 2418 3206 2470 Ὠ
3231 2416 3434 2488 πολλῆς
3459 2417 3680 2482 ἁνοίαςί
3711 2420 3865 2473 Ποῖον

2278 2507 2388 2580 γάρ
2417 2508 2576 2580 ἔργον
2608 2509 2838 2579 γέγονε;
2869 2508 3101 2582 Πτύσμα
3128 2510 3236 2564 ἀπο
3265 2509 3509 2581 χειλέων.
3543 2510 3654 2565 ἀπὸ
3673 2496 3879 2566 δακτύοή

2278 2598 2385 2653 λων
2405 2601 2565 2671 μόνον
2592 2602 2621 2652 ὁ
2650 2601 2840 2672 πηλὸς,
2874 2602 3215 2674 περίχρισμα
3232 2602 3398 2666 λιτὸν,
3432 2603 3533 2655 οὐκ
3563 2603 3864 2675 ἐργαλείοις

2282 2692 2567 2763 ἰατρικοῖς,
2594 2692 2731 2748 ἀλλά
2747 2694 2892 2766 χειρὶ
2910 2693 3213 2764 θεοποιήτῳ
3229 2694 3612 2765 εἰργασμένον.
3639 2694 3707 2747 Τί
3733 2695 3864 2767 μέμ-

2279 2803 2354 2857 φῃ
2387 2785 2449 2839 τὸ
2487 2786 2765 2858 πραχθέν;
2804 2789 2992 2858 Ἔχεις
3040 2788 3099 2839 ἐν
3136 2786 3405 2858 Σαϐϐάτῳ
3444 2788 3863 2861 θαυματούργη.

2282 2893 2378 2949 μα.
2428 2877 2694 2949 ’Λπῆλθεν
2733 2881 2763 2933 6
2791 2879 3011 2948 τυφλὸς,
3052 2878 3148 2932 καὶ
3179 2879 3420 2951 ἀπῆλθεν
3452 2878 3481 2929 ὀ
3507 2880 3714 2950 τυφλὸς
3748 2881 3838 2953 βλέ

2277 2986 2417 3024 πων.
2440 2970 2550 3022 Καὶ
2579 2972 2637 3024 ἐν
2664 2970 2926 3042 Σαϐϐάτῳ
2951 2972 3143 3036 ἐποίει,
3171 2972 3258 3024 ἵνα
3282 2971 3594 3037 ἀξιόπιστος
3618 2973 3863 3045 γένηται,

2278 3065 2335 3116 ἐν
2360 3063 2624 3135 Σαϐϐάτῳ
2643 3063 2928 3118 διδάσκων.
3246 3060 3251 3065 ’

2349 3156 2436 3210 15.
2476 3157 2626 3227 Ἔχω
2643 3157 2737 3210 καὶ
2756 3156 2885 3211 ἄλλο
2912 3155 3404 3229 θαυματούργημα.
3447 3157 3536 3211 Ἐν
3568 3158 3862 3229 Ἱεροσολύ-

584 3253 705 3300 erat
760 3244 1042 3314 probatica
1076 3243 1324 3313 quaedam
1376 3242 1609 3311 piscina,
1647 3255 1769 3311 quae
1812 3240 1977 3294 etiam
2024 3255 2172 3294 nunc

2278 3264 2401 3319 μοις
2454 3246 2759 3319 προϐατική
2787 3264 2873 3310 τις
2903 3242 2971 3318 ἦν
3004 3246 3356 3319 κολυμϐήθρα
3378 3287 3392 3311 ,
3424 3248 3518 3302 καὶ
3546 3247 3644 3302 νῦν
3681 3250 3860 3302 ἐστιν’

589 3338 700 3392 illic
729 3346 911 3392 exstat
943 3355 957 3391 :
987 3335 1330 3405 habebatque
1350 3335 1592 3405 quinque
1615 3332 1898 3404 porticus;
1932 3330 2028 3387 sed
2055 3331 2172 3401 jam

588 3430 867 3485 destructa
912 3437 1042 3482 sunt
1081 3426 1438 3496 circumjecta
1471 3423 1724 3480 aedilicia.
1771 3421 1997 3478 Jacebat
2060 3424 2172 3479 illic

588 3522 922 3594 paralyticos
951 3520 1175 3591 triginta
1205 3528 1331 3574 octo
1372 3518 1486 3588 jam
1540 3517 1700 3573 annis
1731 3531 1897 3587 aeger.
1950 3514 2173 3570 Diutur-

587 3631 693 3671 nus
716 3615 862 3670 enim
891 3613 992 3668 fuit
1024 3613 1270 3679 morbus,
1303 3619 1444 3667 utea
1476 3610 1669 3666 saltem
1699 3610 1930 3675 ratione,
1961 3609 2172 3680 pudore

585 3705 757 3763 Judaei
786 3706 1151 3763 adicerentur.
1186 3703 1321 3759 Nam
1356 3705 1403 3760 si
1440 3702 1592 3759 brevi
1636 3703 1833 3758 luisset
1878 3702 2168 3773 agritudo,

586 3801 838 3857 latuisset
864 3799 1190 3855 miraculum
1218 3817 1232 3853 :
1264 3798 1380 3867 jam
1401 3811 1534 3852 vero
1557 3795 1712 3850 multi
1737 3794 1869 3849 anni
1894 3803 2025 3850 sunt
2054 3793 2169 3850 veri

584 3895 761 3949 morbi
789 3901 980 3957 testes,
1011 3900 1072 3947 ut
1094 3891 1286 3946 saltem
1315 3890 1420 3944 hoc
1443 3888 1715 3951 videntes,
1747 3886 2018 3942 viderent.
2049 3883 2172 3941 Sal-

586 3994 743 4040 vator
775 3992 959 4039 autem
988 3998 1112 4040 cum
1133 3982 1448 4037 advenisset
1471 3989 1526 4036 et
1552 3980 1879 4051 praeteriret,
1908 3980 1987 4034 ait
2030 3979 2108 4033 illi
2150 3998 2164 4034 :

590 4098 610 4132 ι
643 4079 737 4133 Vis
781 4093 950 4133 sanus
986 4077 1103 4132 ﬁeri
1130 4076 1214 4128 "‘l
1252 4094 1273 4128 ›
1305 4082 1362 4130 et
1402 4074 1632 4144 reliqua.
1684 4071 1763 4126 Ac
1804 4087 2037 4143 surgens
2078 4072 2169 4127 ille

584 4186 825 4242 quoque,
884 4169 1026 4223 tollit
1071 4168 1360 4238 grabatum
1406 4172 1458 4221 et
1518 4164 1781 4220 ambulat.
1816 4162 1948 4217 Erat
1984 4171 2166 4219 autem

586 4263 910 4319 Sabbatum.
938 4259 1137 4316 Verum
1168 4259 1341 4316 Judaei
1385 4274 1496 4313 non
1544 4258 1804 4314 videbant
1840 4257 2167 4312 miraculum

584 4355 828 4414 Sabbato
859 4356 1087 4420 editum,
1135 4354 1231 4410 sed
1261 4354 1549 4426 grabatum
1584 4353 1655 4407 ab
1698 4367 1764 4408 eo
1789 4352 2013 4424 gestari.
2060 4349 2168 4404 Par

582 4449 783 4504 fuisset
810 4447 1053 4519 cogitare
1075 4446 1198 4502 illos
1223 4444 1420 4502 :Tales
1449 4444 1646 4500 medici
1674 4445 1782 4499 huc
1804 4443 2161 4503 advenerunt,

2273 3339 2437 3391 πέντε
2472 3336 2633 3400 στοὰς
2661 3332 2774 3408 εἶχε
2793 3352 2808 3366 ·
2845 3334 2938 3389 νῦν
2971 3335 3081 3407 γὰρ
3112 3336 3411 3409 περιῃρέθη
3439 3337 3508 3390 τὰ
3529 3336 3694 3409 πέριξ
3721 3339 3862 3391 οἰκο-

2272 3430 2579 3501 δομήματα.
2628 3428 3005 3498 Παραλυτικδς
3030 3428 3087 3481 δὲ
3116 3428 3293 3481 ἔκειτο
3326 3429 3417 3482 ἐπὶ
3444 3429 3742 3501 τριάκοντα
3770 3431 3863 3483 καὶ

2272 3523 2416 3577 ὀκτὼ
2454 3522 2629 3576 ἔτεσιν
2670 3522 2934 3576 ἀσθενῶν.
2994 3521 3170 3585 Πολὺς
3209 3521 3317 3594 γὰρ
3361 3523 3390 3575 ὁ
3421 3523 3613 3593 χρόνος
3649 3524 3862 3592 γίνεται

2270 3618 2372 3687 τῆς
2398 3615 2577 3678 νόσου,
2596 3614 2820 3681 ἴνα,κᾶν
2842 3614 3015 3680 οὕτως
3038 3614 3327 3686 βλέποντες
3346 3656 3360 3679 ,
3391 3615 3795 3686 δυσωπηθῶσιν
3811 3617 3862 3670 oi.

2284 3709 2544 3765 Ἰουδαῖοι.
2566 3710 2630 3762 Εἰ
2650 3709 2759 3781 γὰρ
2782 3709 3143 3779 ὀλιγοχρόνιος
3159 3703 3228 3780 ἦν
3254 3710 3288 3780 ή
3308 3708 3481 3772 νόσος,
3521 3707 3781 3762 ἐλάνθανε
3801 3711 3862 3764 τὸ

2271 3800 2473 3873 θαῦμαο
2489 3803 2604 3855 νυνὶ
2618 3801 2672 3854 δὲ
2686 3800 2856 3854 πολλά
2873 3801 2968 3873 έτη
2985 3802 3331 3876 ἐμαρτύρησε
3347 3804 3414 3872 τῇ
3432 3801 3573 3873 νόσῳ
3587 3843 3601 3866 ,
3629 3802 3741 3868 ἵνα,
3759 3802 3862 3857 κᾶν

2269 3891 2413 3947 οὕτω
2444 3892 2767 3964 βλέποντες,
2802 3892 3197 3963 άναϐλέψωσιν.
3229 3891 3286 3946 ’0
3313 3892 3371 3946 δὲ
3389 3891 3579 3963 Σωτὴρ
3611 3909 3862 3965 παραγε-

2268 3986 2494 4057 νόμενος
2513 4026 2526 4049 ,
2554 3986 2648 4038 καὶ
2683 3984 2947 4056 παράγων
2965 4026 2980 4051 ,
3010 3985 3158 4054 λέγει
3187 3983 3409 4053 ἐκείνῳ*
3446 4002 3465 4034 ι
3490 3982 3679 4048 Θέλεις
3701 3986 3861 4055 ὑγιὴς

2268 4078 2519 4148 γενέσθαι
2534 4093 2549 4139 ;
2573 4096 2593 4129 ι
2624 4077 2716 4131 καὶ
2730 4076 2799 4129 τά
2824 4076 3114 4132 ἀκόλουθα.
3133 4078 3244 4131 Καὶ
3261 4073 3567 4147 ἐξεγερθεὶς
3582 4076 3861 4143 κάκεῖνος.

2267 4172 2414 4243 αἴρει
2437 4170 2529 4223 τὸν
2562 4168 2894 4241 κράϐϐατον,
2928 4169 3024 4223 καὶ
3048 4169 3355 4239 περιπατεῖ.
3388 4166 3666 4221 Σάϐϐατον
3692 4168 3749 4222 δὲ
3768 4163 3858 4239 ἦν.

2269 4266 2331 4318 Ol
2354 4263 2412 4317 δὲ
2454 4261 2696 4316 Ἰουδαῖοι
2726 4261 2827 4314 οὐκ
2853 4261 3082 4315 ἔϐλεπον
3110 4260 3173 4314 τὸ
3203 4248 3686 4332 θαυματούργημα
3711 4260 3775 4314 τὸ
3801 4260 3864 4314 ἐν

2268 4353 2532 4424 Σαϐϐάτῳ
2575 4350 2896 4421 γενόμενον,
2964 4350 3099 4404 ἀλλά
3147 4350 3239 4404 τὸν
3289 4349 3602 4421 κράϐϐατον
3649 4349 3863 4421 βαστα-

2268 4444 2643 4518 ζόμενον,δέω
2659 4446 2840 4508 αὐτοῖς
2865 4442 3180 4514 λογίσασθαι
3198 4460 3213 4473 ·
3243 4442 3439 4516 ’ἰατροὶ
3464 4441 3696 4497 τοιοῦτοι
3720 4459 3863 4516 παρ-

580 4548 636 4597 et
669 4555 832 4595 nemo
864 4540 1115 4595 sanavit:
1142 4554 1347 4612 panper
1370 4538 1589 4608 jacebat
1615 4537 1803 4600 miser,
1840 4551 1942 4592 nec
1975 4534 2165 4591 aderat

2275 4539 2515 4609 εγένοντο
2534 4577 2548 4602 ,
2596 4536 2769 4601 οὐδεὶς
2799 4536 3165 4607 ἐθεράπευσε·
3194 4533 3362 4605 πένης
3386 4533 3565 4587 ἔκειτο
3589 4535 3620 4589 6
3647 4533 3859 4600 ἄθλιος,

578 4635 630 4690 ei
662 4634 756 4705 qui
789 4633 968 4703 ipsum
1003 4633 1058 4688 in
1109 4633 1381 4704 piscinam
1428 4630 1708 4702 dejiceret.
1764 4627 1917 4684 Talis
1945 4636 2031 4683 est
2072 4626 2165 4682 hic

577 4727 971 4781 miraculorum
1000 4733 1266 4797 patrator,
1314 4738 1691 4793 novaruutque
1722 4736 1905 4776 rerum
1949 4728 2163 4785 auctor,

576 4818 676 4891 qui
713 4824 925 4872 tantam
956 4818 1063 4872 vim
1096 4817 1403 4889 paralytico
1453 4814 1690 4880 dederit,
1731 4821 1794 4867 ut
1842 4826 1951 4867 non
1999 4810 2163 4865 modo

577 4896 902 4975 surrexerit,
935 4909 1029 4964 sed
1049 4918 1107 4965 et
1139 4911 1428 4980 grabatqu
1458 4905 1759 4976 portaverit
1791 4919 1973 4960 suum.
2006 4901 2161 4957 Czeca

576 5017 668 5059 res
690 5009 777 5058 est
814 5002 1021 5057 malitia
1058 5021 1072 5057 :
1113 5002 1294 5073 ipsum
1328 4998 1523 5054 morbo
1572 5004 1821 5066 ereptum
1872 4994 2159 5057 damnant,

576 5096 841 5165 aiuntque
867 5096 944 5150 illi
974 5115 988 5150 :
1026 5113 1046 5147 ι
1092 5093 1212 5150 Non
1246 5096 1373 5149 licet
1403 5091 1502 5146 tibi
1526 5089 1767 5145 Sabbato
1789 5096 2006 5160 gestare
2027 5101 2157 5158 gra-

574 5188 788 5245 batum.
822 5209 843 5242 ι
870 5187 1177 5261 Respondit
1197 5188 1290 5244 ille
1323 5205 1338 5241 :
1369 5205 1388 5237 ι
1417 5184 1521 5251 Qui
1547 5197 1636 5239 me
1670 5196 1865 5237 sanum
1893 5180 2046 5247 fecit,
2068 5179 2161 5235 ille

576 5278 715 5335 mihi
746 5278 886 5334 dixit
917 5279 985 5331 “.
1023 5297 1044 5330 ›
1082 5277 1179 5332 Dei
1207 5291 1348 5347 opus
1386 5282 1472 5330 est
1500 5272 1651 5344 quod
1687 5272 1907 5342 iussum
1932 5277 2041 5327 est.
2069 5269 2161 5324 ln-

575 5378 737 5430 sueta
768 5385 860 5426 res
889 5379 973 5426 est
998 5369 1360 5442 paralyticutn
1392 5364 1621 5435 triginta
1651 5371 1709 5419 et
1733 5373 1859 5418 octo
1884 5375 2155 5415 annorum

574 5463 802 5524 sanitati
831 5463 1067 5520 restitui.
1114 5461 1192 5516 Ex
1223 5460 1347 5530 ejus
1373 5472 1472 5514 ore
1499 5457 1555 5513 id
1584 5455 1768 5512 audivi
1801 5477 1816 5512 :
1848 5454 2002 5512 Tolle
2030 5469 2160 5527 gra-

573 5557 768 5617 batum
795 5564 974 5613 tuum.
1013 5554 1073 5610 Si
1114 5569 1316 5627 corpus
1347 5552 1427 5608 illi
1475 5550 1719 5609 obedivit
1750 5559 1806 5606 et
1845 5565 2040 5607 sanum
2081 5547 2158 5604 fa-

572 5658 729 5708 ctum
755 5657 863 5717 est,
891 5661 1100 5720 egonec
1132 5647 1215 5703 illi
1236 5647 1487 5716 ingratus
1507 5658 1626 5709 ero,
1648 5657 1753 5699 nec
1772 5641 2001 5713 gestabo
2022 5653 2155 5711 gra-

642 5847 692 5885 ⁸⁸
716 5847 851 5907 Luc.
884 5862 961 5915 vx,
988 5846 1041 5904 8.
1084 5914 1095 5924 θ
1128 5845 1176 5882 ⁸⁸
1216 5845 1410 5904 Matth.
1446 5859 1577 5912 vui,
1614 5844 1667 5900 ί.

1769 5845 1817 5879 ⁸⁸
1852 5841 2012 5900 Joan.
2043 5856 2129 5909 xx,
2158 5838 2249 5897 32.
2326 5839 2373 5873 “
2412 5838 2666 5907 lbid.,16.
2743 5838 2789 5871 "
2827 5834 2984 5892 Joan.
3019 5852 3074 5902 v,
3112 5834 3166 5890 7.

2270 4631 2406 4704 μηδὲ
2431 4630 2523 4684 τὸν
2546 4631 2807 4702 ρίπτοντα
2830 4629 2910 4691 εἰς
2934 4627 3036 4698 τήν
3064 4625 3450 4698 κολυμϐήθραν
3470 4625 3633 4696 ἔχων.
3665 4627 3863 4681 Τοιοῦ-

2263 4741 2356 4789 τος
2399 4725 2431 4776 6
2474 4720 2873 4793 θαυματοποιὸς
2917 4720 3015 4774 καὶ
3057 4718 3349 4791 καινότερα
3384 4717 3795 4791 ἐργαζόμενος,
3832 4724 3865 4776 6

2262 4817 2531 4886 τοσαύτην
2567 4814 2794 4885 δύναμιν
2823 4811 2902 4883 τῷ
2934 4809 3291 4884 παραλυτικῷ
3321 4810 3479 4875 δοὺς,
3527 4810 3608 4875 ὡς
3641 4812 3719 4884 μὴ
3758 4814 3864 4885 μό-

2264 4923 2353 4961 νον
2403 4905 2703 4976 ἀναστῆναι
2726 4945 2742 4969 ,
2795 4902 2931 4956 ἀλλὰ
2957 4903 3050 4956 καὶ
3099 4901 3365 4972 βαστάσαι
3391 4900 3483 4954 τὸν
3515 4901 3861 4975 κράϐϐατον.

2267 4998 2480 5069 Τυφλὸν
2510 5000 2545 5070 ή
2571 4996 2826 5068 πονηρία.
2882 4995 2993 5050 Καὶ
3018 4992 3264 5067 κρίνουσι
3298 4993 3390 5046 τὸν
3424 4990 3673 5048 σωθέντα
3699 5035 3716 5061 ,
3766 4996 3868 5050 καὶ

2268 5091 2516 5160 λέγουσιν
2547 5087 2697 5159 αὐτῷ
2718 5104 2731 5117 ·
2773 5104 2792 5138 t
2817 5087 2933 5139 Οὐκ
2959 5084 3136 5153 ἔξεστί
3158 5101 3241 5139 σοι
3260 5080 3393 5156 ἆραι
3411 5083 3505 5139 τὸν
3538 5087 3866 5158 κράϐϐατον

2268 5184 2326 5236 ἐν
2345 5179 2628 5251 Σαϐϐάτῳ.
2660 5198 2678 5230 ι
2719 5175 3077 5248 Ἀπεκρίνατο
3102 5176 3312 5239 ἐκεῖνος
3335 5190 3347 5204 ·
3385 5195 3404 5226 ι
3428 5175 3488 5229 '0
3517 5177 3761 5249 ποιήσας
3789 5195 3865 5251 με

2268 5273 2395 5345 ὑγιῆ
2418 5313 2434 5337 ,
2464 5270 2670 5333 ἐκεῖνός
2698 5285 2788 5340 μοι
2820 5262 2993 5322 εἶπεν.
3027 5286 3046 5319 ι
3082 5262 3219 5319 Θεοῦ
3244 5264 3307 5317 τὸ
3328 5263 3490 5337 ἔργον
3516 5265 3580 5319 τὺ
3616 5283 3867 5339 προστα-

2264 5363 2412 5435 χθέν.
2430 5359 2720 5431 Ἀσύνηθές
2739 5362 2853 5413 ἐστι
2871 5362 2967 5414 καὶ
2986 5360 3049 5414 τὸ
3064 5357 3434 5432 παραλυτικὸν
3452 5356 3541 5411 διά
3555 5359 3868 5432 τριάκοντα

2264 5457 2361 5512 καὶ
2385 5453 2529 5510 ὀκτὼ
2549 5452 2684 5507 ὲτῶν
2701 5453 3123 5525 θεραπευθῆναι.
3163 5452 3259 5505 Ἐκ
3271 5449 3368 5505 τοῦ
3390 5448 3558 5505 αὐτοῦ
3584 5450 3867 5524 πόματος

2263 5550 2473 5622 ήκουσα
2510 5546 2632 5600 coi-
2666 5545 2943 5599 Βαστάσαι
2984 5545 3076 5598 τὸν
3102 5541 3432 5617 κράϐϐατον.
3478 5541 3546 5595 Εἰ
3592 5542 3657 5596 τὸ
3694 5543 3864 5615 σῶμα

2263 5641 2537 5713 ἐπήκουσε
2569 5638 2665 5693 καὶ
2692 5637 2843 5708 ὑγιὲς
2873 5636 3121 5706 ἐγένετο,
3170 5634 3281 5705 ἐγὼ
3322 5632 3611 5706 ἀγνώμων
3631 5634 3864 5709 ἔσομαι⁹

3263 5832 3310 5865 ⁸⁸
3349 5824 3511 5888 Joan.
3550 5849 3602 5901 ν,
3644 5830 3735 5901 10,
3761 5832 3858 5892 ﬂ.
