4048 6406
178 373 270 430 ut
1418 346 1708 428 HOMiLlA
1744 368 1834 426 na
1863 333 2222 425 sensura.
3370 358 3475 418 tes

189 491 249 563 τῷ
267 490 329 563 μὴ
348 491 655 564 βαστάσαι
674 493 770 549 τὸν
787 491 1094 567 κράδδατον
1113 507 1130 557 ;
1160 489 1329 545 Πάλιν
1346 491 1395 544 oi
1422 488 1664 544 Ἰουδαῖοι
1684 489 1788 543 οὐκ

1900 486 2116 543 batum?
2146 484 2392 541 Rursum
2423 480 2600 539 Judaai
2626 496 2981 555 nequaquam
3015 482 3473 556 sciscitabantur,

189 584 379 656 ἐζήτουν
414 585 610 641 αὑτὸν
633 625 652 651 ,
703 587 793 641 ἵνα
843 584 1053 659 μάθωσι
1098 583 1218 649 πῶς
1258 582 1596 656 ἐθεράπευσε
1618 623 1634 649 ,
1688 583 1782 636 καὶ

1900 585 1945 634 ιι
1973 578 2282 635 ediscerent
2310 591 2423 648 quo
2446 583 2609 648 pacto
2638 584 2911 640 curasset,
2935 585 2991 633 et
3022 576 3321 633 adorarent
3346 592 3475 634 eum

192 678 604 749 προσκυνήσωσι
634 679 736 732 τὸν
760 678 918 733 δόντα
937 677 1161 732 τοιαῦτα
1181 716 1195 739 ,
1233 676 1346 731 ἀλλ’
1376 677 1462 731 ἵνα
1485 675 1636 747 αὑτῷ
1656 677 1782 731 ἐπι-

1900 673 1978 744 lui
2026 673 2158 727 talia
2215 671 2447 743 largitus
2500 678 2687 735 esset;
2722 669 2820 726 sed
2856 676 2916 724 ut
2950 669 3057 742 ipsi
3109 670 3343 727 insidias
3376 685 3476 742 pa-

193 765 524 823 ϐουλεύσωσι.
598 768 815 839 Γέγονε
843 770 1059 823 κάκεῖνο
1083 767 1267 839 τρίτον
1315 767 1379 821 τὸ
1410 765 1507 820 νῦν
1538 767 1785 834 ἀναγνω-

1900 777 2092 820 tarem.
2164 761 2289 819 tiam
2365 762 2501 818 illud
2570 762 2798 818 tertium
2875 769 2971 819 est‘
3044 764 3192 836 quod
3267 764 3481 819 lectum

196 857 310 913 σθέν.
1887 855 2013 911 fuit.

246 948 318 1005 16.
349 948 648 1022 Εἰσῆλθεν
694 952 780 1015 είς
819 950 917 1022 τὴν
952 949 1301 1022 συναγωγὴν,
1331 946 1785 1021 πονηρευομένων

1956 947 2048 1002 16.
2085 946 2374 1016 Ingressus
2395 950 2482 1000 est
2511 942 2568 998 in
2602 942 2975 1016 Synagogam,
3007 960 3130 1016 qua:
3161 957 3281 1003 erat
3302 946 3485 1020 Syna-

198 1043 477 1113 συναγωγή.
545 1043 621 1096 Τί
654 1042 774 1115 γὰρ
804 1043 1160 1116 πονηρότερον
1191 1042 1663 1115 εὐεργετουμένων
1694 1041 1787 1095 καὶ

1900 1054 2023 1111 goga
2065 1038 2507 1108 malignantium.
2551 1035 2695 1103 Quid
2752 1054 2988 1110 namque
3029 1040 3271 1109 deterius
3316 1055 3486 1111 quam

197 1132 684 1202 ἐπιδουλευόντων;
727 1135 817 1187 Ἐν
845 1137 910 1206 τῇ
945 1137 1231 1206 συναγωγῇ
1257 1135 1367 1188 τῶν
1407 1133 1676 1188 Ἰουδαίων
1702 1133 1786 1187 ἄνο

1900 1133 2154 1192 beneﬁcta
2176 1132 2431 1201 accipere
2459 1139 2515 1185 et
2545 1129 2796 1185 insidiari
2821 1131 2845 1185 Ἰ
2867 1131 2926 1186 In
2950 1131 3239 1204 Synagoga
3259 1130 3485 1188 Judaeo-

186 1224 377 1296 θρωπος
408 1221 485 1295 ἦν
516 1229 700 1299 χεῖρα
722 1225 864 1297 ἔχων
895 1226 1085 1299 ξηράν.
1134 1225 1307 1298 Ξηρὸς
1330 1222 1399 1298 ἦν
1428 1242 1515 1289 τις
1542 1225 1643 1297 τὴν
1677 1227 1789 1295 χεῖ-

186 1333 267 1388 -ρσ,
293 1316 379 1369 καὶ
400 1318 456 1369 οἱ
487 1317 787 1389 παρόντες
812 1317 965 1389 ξηροὶ
990 1317 1088 1389 τὴν
1112 1317 1371 1380 διάνοιαν,
1403 1317 1497 1371 καὶ
1515 1317 1615 1370 οὐκ
1633 1316 1787 1369 ἔϐλε-

184 1427 274 1464 πον
312 1410 402 1464 τὸν
446 1410 586 1464 τότε
638 1412 923 1481 παρόντα*
976 1411 1093 1464 οὐδὲ
1154 1409 1477 1463 ὑπώπτευον
1530 1410 1593 1462 τὸ
1655 1409 1786 1463 θαυ-

184 1502 554 1575 ημτούργημα
567 1503 675 1556 τοῦ
699 1503 1093 1575 ἐργαζομένου.
1110 1504 1169 1556 '0
1183 1502 1239 1556 δὲ
1254 1503 1466 1575 Σωτὴρ,
1479 1503 1610 1575 πρὶν
1634 1502 1791 1572 ποιῆ-

182 1610 267 1648 «tat
286 1594 343 1648 τὸ
365 1594 568 1667 ἔργον,
601 1594 701 1648 διὰ
721 1595 899 1663 λόγων
925 1592 1189 1666 ἐγεώργει
1220 1594 1318 1666 τὴν
1340 1594 1597 1648 διάνοιαν.
1620 1593 1791 1658 Εἰδὼς

194 1684 281 1757 γὰρ
308 1685 367 1739 τὺ
400 1684 665 1758 πονηρὸν
686 1686 790 1757 τῆς
816 1684 1073 1748 διανοίας,
1097 1684 1272 1737 καὶτὸ
1294 1683 1458 1755 βάθος
1481 1684 1542 1737 τὸ
1569 1685 1786 1755 πικρὶν,

1888 1243 2010 1282 rum
2046 1227 2209 1280 homo
2237 1230 2357 1280 erat
2390 1224 2553 1293 cujus
2585 1225 2739 1278 arida
2778 1240 2994 1280 manus.
3026 1225 3230 1282 Aridus
3258 1226 3485 1296 quidam
3512 1264 3519 1273 ς

1888 1334 2054 1374 manu
2088 1326 2228 1382 erat,
2254 1324 2308 1371 et
2330 1318 2424 1386 qui
2450 1316 2701 1380 aderant,
2725 1317 2865 1372 aridi
2901 1325 3083 1373 mente
3115 1334 3131 1374 :
3160 1334 3337 1389 neque
3356 1334 3484 1374 eum

1890 1412 2189 1469 cernebant
2225 1411 2320 1481 qui
2361 1418 2477 1463 tum
2524 1425 2769 1480 prasens
2799 1418 2917 1467 erat
2960 1426 3183 1481 :ueque
3232 1412 3287 1466 in
3330 1427 3487 1468 men-

1893 1516 2000 1559 tent
2036 1504 2289 1559 veniebat
2327 1504 2657 1559 miraculum
2700 1504 2822 1574 ejus
2851 1504 2945 1575 qui
2972 1504 3103 1557 talia
3133 1515 3482 1574 operaretur.

1889 1596 2066 1651 Porro
2099 1595 2356 1650 Salvator
2411 1605 2706 1667 antequam
2743 1612 2883 1668 opus
2942 1597 3260 1662 conficeret,
3301 1598 3488 1655 verbis

1892 1697 2129 1743 tuentem
2162 1688 2472 1743 excolebant.
2500 1688 2851 1758 Compertant
2886 1689 3031 1744 enim
3071 1689 3277 1746 habens
3326 1691 3489 1745 mali-

193 1776 382 1849 πρῶτον
401 1776 608 1840 αὐτοῖς
627 1776 1052 1848 προπαρηγόρει
1065 1779 1178 1840 τοῖς
1197 1774 1396 1845 λόγοις,
1415 1775 1585 1829 καὶτὸ
1600 1776 1792 1847 ἄγριον

1900 1780 2157 1850 gnitatem
2190 1780 2398 1845 animi,
2431 1788 2486 1834 et
2528 1780 2955 1850 profunditatem
3008 1782 3262 1837 acerbam
3312 1783 3485 1849 illam,

192 1846 272 1942 τῆς
289 1868 541 1934 διανοίας
564 1846 1115 1941 ἡμέροῦνέθούλετο,
1134 1868 1228 1921 καί
1249 1883 1381 1939 φησι
1410 1867 1547 1939 πρὸς
1562 1846 1759 1932 αὐτούς
1772 1885 1787 1899 ο

1900 1846 2237 1927 demulcebat
2262 1873 2440 1941 primo
2469 1846 2653 1927 verbis
2690 1890 2702 1926 :
2737 1879 3009 1943 agrestem
3041 1874 3284 1927 animum
3318 1846 3489 1930 lenire
3524 1948 3531 1954 ᾗ

198 1963 462 2029 ιἜξεστιν
493 1962 918 2033 ἀγαθοποιῆσαι
939 1962 996 2015 ἐν
1021 1960 1305 2032 Σαὸὄάτῳ,
1330 1960 1364 2032 ἢ
1387 1961 1787 2033 κακοποιῆσαι;

186 2059 345 2130 ,ψυχὴν
375 2056 589 2120 σῶσαι,
627 2055 663 2127 ἢ
685 2054 988 2120 ἀπολέσαι;
1016 2055 1106 2107 ιΕἱ
1128 2054 1236 2125 γὰρ
1255 2050 1408 2107 εἶπεν
1439 2055 1624 2116 αὐτοῖς
1653 2053 1788 2124 (37),

196 2150 380 2217 ἔξεστιν
413 2148 819 2222 ἐργάσασθαι;
850 2148 1052 2212 εὐθέως
1080 2148 1146 2203 ἂν
1169 2147 1373 2217 ἔλεγον,
1398 2149 1558 2219 Παρὰ
1580 2147 1672 2202 τὸν
1700 2147 1790 2201 νό-

188 2262 281 2316 ,μον
299 2243 509 2314 λέγεις.
548 2243 696 2296 Νυνὶ
726 2242 788 2296 δὲ
814 2238 968 2295 εἶπεν
991 2243 1194 2307 αὐτοῖς,
1225 2241 1255 2295 ὃ
1279 2242 1373 2295 καί
1399 2242 1429 2293 6
1456 2240 1620 2311 νόμος
1645 2238 1793 2293 ἐϐού-

197 2337 331 2391 λετοο
366 2338 396 2390 6
424 2336 549 2408 γὰρ
583 2335 724 2407 περὶ
754 2333 857 2387 τοῦ
888 2332 1166 2388 Σαϐὁάτου
1218 2332 1585 2405 νομοθετήσας
1619 2347 1791 2403 προσ-

195 2430 360 2493 ετίθει,
397 2431 485 2483 ὅτι
513 2428 673 2500 Πλὴν
692 2427 913 2494 τούτου,
935 2427 1067 2481 ὃέπὶ
1078 2426 1255 2498 ψυχὴν
1284 2424 1662 2497 ποιηθήσεται.
1690 2423 1796 2477 Αὑ-

196 2523 303 2575 τίκα
329 2522 427 2576 ἐὰν
450 2520 737 2591 Σαόὁὰτῳ
768 2520 915 2593 πέσῃ
940 2518 1225 2593 ἄνθρωπος
1255 2520 1336 2581 εἰς
1377 2515 1514 2589 βάθη
1537 2558 1550 2581 ,
1582 2517 1792 2581 ἔξεστιν

208 2614 466 2679 Ἰουδαίοις
495 2613 832 2669 ἀνασπάσαι
852 2628 866 2642 ’
900 2613 959 2666 οὺ
997 2612 1157 2684 μόνον
1184 2610 1469 2683 ἄνθρωπον
1491 2651 1505 2675 ,
1543 2609 1678 2663 ἀλλὰ
1701 2610 1795 2663 καὶ

187 2705 309 2777 ,βοῦν
329 2707 427 2761 καὶ
459 2705 612 2760 ὄνον.
640 2703 808 2759 Οὖτω
830 2703 900 2757 τὰ
931 2704 1024 2756 ἐπὶ
1056 2701 1303 2774 σωτηρίᾳ.
1337 2701 1632 2772 συνεχώρει
1650 2702 1679 2753 6
1708 2700 1794 2754 νό-

200 2816 288 2869 μος
315 2798 612 2868 γίνεσθαι,
669 2795 768 2849 καὶ
816 2793 1108 2867 ἐτρέφοντο
1151 2793 1394 2847 Ἰουδαῖοι
1418 2794 1476 2845 ἐν
1511 2791 1792 2863 Σαὸσάτῳ.

206 2889 483 2962 Ἦρώτησέ
517 2906 609 2953 τις
647 2887 746 2943 νῦν
777 2886 981 2950 αὐτοὺς
1008 2886 1068 2939 οὐ
1095 2885 1157 2938 τὸ
1188 2884 1628 2956 ἀντιλεγόμενον,
1660 2882 1799 2938 ἀλλὰ

195 2979 253 3030 τὸ
272 2978 720 3049 ὁμολογούμενον
741 2994 756 3007 ·
791 2975 1043 3041 Ἔξεστιν
1066 2974 1491 3048 ἀγαθοποιῆσαι;
1523 2975 1660 3029 Ἀλλ’
1676 2975 1798 3029 οὐδὲ

190 3069 553 3139 λέγουσῃΝαί
572 3087 587 3100 ·
612 3070 678 3123 οὐ
700 3069 815 3141 γὰρ
840 3064 982 3141 ἦσαν
1013 3068 1221 3139 ἀγαθῆς
1260 3068 1647 3139 προαιρέσεως.
1677 3088 1695 3119 ι
1730 3068 1790 3121 '0

1892 1966 2168 2029 studebat,
2216 1965 2403 2035 aitque
2447 1966 2603 2020 illis:
2645 1981 2664 2016 ι
2709 1963 2935 2020 Licetne
2976 1962 3219 2020 Sabbato
3264 1966 3491 2022 benefa-

1892 2074 2040 2119 cere,
2091 2072 2162 2111 an
2217 2058 2361 2113 male
2410 2075 2425 2114 :
2468 2059 2708 2112 animam
2771 2058 2978 2114 salvam
3030 2056 3229 2125 facere,
3262 2073 3332 2113 an
3363 2074 3489 2130 per-

1892 2145 2021 2202 dere
2043 2146 2130 2201 ‘7?
2163 2166 2182 2197 ι
2237 2145 2373 2200 Nam
2407 2148 2454 2202 si
2511 2147 2748 2202 dixisset
2806 2148 2932 2213 illis,
2983 2145 3207 2205 Licetne
3233 2150 3492 2221 operari?

1894 2239 2075 2293 statim
2107 2240 2545 2309 respondissent,
2584 2241 2791 2292 Contra
2829 2240 3000 2311 legem
3032 2241 3295 2311 loqueris.
3323 2239 3482 2297 Nunc

1895 2339 2077 2385 autem
2108 2330 2159 2384 id
2196 2332 2415 2385 locutus
2440 2341 2525 2385 est
2545 2330 2693 2401 quod
2721 2329 2805 2384 lex
2831 2331 2947 2399 ipsa
2975 2331 3149 2385 voluit
3173 2350 3188 2386 :
3213 2333 3304 2402 qui
3337 2334 3485 2387 enim

1895 2424 2069 2493 legem
2102 2423 2169 2477 de
2200 2421 2444 2477 Sabbato
2472 2423 2720 2485 dederat,
2776 2423 3062 2491 subjunxit
3117 2441 3130 2477 :
3182 2421 3386 2479 Praeter
3428 2423 3485 2478 id

1895 2517 2041 2587 quod
2072 2531 2173 2586 pro
2204 2516 2386 2569 anima
2415 2517 2524 2569 fiet.
2563 2513 2685 2569 Mox
2721 2515 2867 2570 enim
2896 2516 2989 2569 ubi
3034 2517 3089 2569 in
3122 2514 3361 2570 Sabbato
3393 2530 3487 2571 ce-

1895 2608 2093 2662 ciderit
2142 2607 2308 2661 homo
2362 2608 2417 2661 in
2456 2607 2689 2674 foveam,
2728 2606 2938 2662 licitum
2980 2605 3185 2663 Iudaeis
3218 2616 3303 2664 est
3359 2608 3488 2667 inde

1899 2700 2050 2754 illtttu
2097 2700 2388 2756 extrahere
2424 2718 2439 2755 :
2476 2715 2579 2755 nec
2609 2707 2820 2753 tatttutn
2864 2698 3162 2764 ho:t.inem,
3191 2699 3286 2754 sed
3318 2700 3485 2755 etiam

1898 2791 2090 2847 bovem
2128 2803 2184 2846 et
2214 2792 2452 2847 asinum.
2485 2792 2664 2862 Atque
2698 2791 2772 2845 ita
2811 2807 2933 2862 quae
2977 2793 3043 2846 ad
3085 2792 3318 2848 salutem
3362 2808 3486 2862 spc-

1898 2885 2119 2940 c1abaut
2147 2886 2257 2939 olex
2302 2886 2574 2955 permisit,
2619 2892 2676 2941 et
2720 2882 2828 2956 54
2863 2886 2982 2954 ipso
3039 2883 3278 2940 Sabbato
3311 2884 3486 2939 ειυόωί

1900 2976 2282 3030 veseebantur.
2303 2976 2456 3044 Quod
2477 2977 2523 3033 si
2543 2978 2667 3047 quis
2685 2984 3034 3047 percontatus
3052 2991 3147 3033 eos
3171 2977 3357 3047 fuerit,
3374 2994 3486 3033 non

1899 3072 1966 3128 de
1996 3088 2107 3143 quo
2143 3070 2506 3141 disceptatur,
2533 3071 2627 3125 sed
2660 3071 2728 3124 tle
2758 3086 2868 3141 quo
2904 3070 3160 3124 convenit
3193 3071 3335 3125 inter
3362 3086 3485 3126 om-

192 3160 300 3231 γὲρ
324 3160 533 3231 ἀγαθὸς
565 3154 869 3231 ἄνθρωπος
898 3159 962 3211 ἐκ
1000 3156 1095 3210 τοῦ
1128 3155 1335 3226 ἀγαθοῦ
1358 3154 1633 3228 θησαυροῦ
1665 3174 1796 3229 προ-

1902 3179 1999 3218 nes
2033 3182 2046 3217 :
2081 3160 2124 3216 L
2148 3170 2306 3217 cetne
2340 3161 2703 3217 benefacere?
2749 3177 3093 3232 nequaquatn
3128 3162 3484 3232 respondent,

194 3254 345 3324 ςέρει
365 3253 429 3306 τὸ
455 3252 693 3322 ἀγαθόν.
727 3270 748 3304 ι
811 3250 1049 3322 Πονηροὶ
1078 3249 1135 3303 δὲ
1164 3250 1316 3314 ὄντες
1353 3250 1630 3315 Ἰουδαῖοι,
1670 3250 1799 3321 περὶ

194 3343 412 3413 ἀγαθῶν
443 3345 509 3398 οὐ
543 3341 918 3405 συντίθενται,
949 3342 1043 3395 καὶ
1069 3340 1194 3393 οὔτε
1226 3341 1621 3413 ἀγαθοποιῆσαι
1649 3341 1800 3413 ὡμο-

198 3434 405 3505 λόγουν,
429 3435 562 3490 οὔτε
604 3434 985 3506 κακοποιῆσαι
1006 3433 1180 3489 εἰπεῖν
1203 3433 1465 3505 ἠδύναντο
1482 3451 1496 3465 ·
1520 3434 1802 3505 ἀναίσχυν-

199 3544 286 3580 τον
313 3528 422 3599 γὰρ
468 3524 541 3601 ἦν
574 3526 640 3580 τὸ
672 3527 834 3598 ῥῆμα
863 3543 878 3558 ·
934 3525 1070 3581 ἀλλὰ
1116 3526 1412 3581 σιωπῶσιν.
1464 3526 1592 3580 Ὅτε
1625 3526 1681 3579 δὲ
1714 3524 1801 3580 διὰ

203 3617 495 3692 φλυαρίαν,
543 3618 728 3673 πολλὰ
771 3618 1138 3690 φλυαροῦσινο
1174 3619 1263 3673 ὅτε
1311 3618 1400 3672 διὰ
1445 3618 1800 3690 κατηγορίαν,

206 3711 409 3781 μεγάλα
443 3710 877 3784 κραυγάζουσιν
900 3726 914 3740 ⁸
957 3728 976 3761 ι
1014 3706 1147 3782 Αἶρε
1170 3749 1186 3775 ,
1226 3706 1347 3781 αῐρε
1368 3750 1384 3774 ,
1416 3709 1745 3782 σταύρωσον.
1776 3729 1795 3762 ι

204 3798 367 3868 03:9;
413 3806 443 3858 6
488 3804 793 3878 ἄνθρωπος
845 3803 973 3857 τάδε
1026 3806 1119 3859 καὶ
1171 3805 1296 3859 τάδε
1351 3804 1625 3875 ἐποίησεν.
1683 3804 1801 3858 ’Ότι

206 3895 283 3949 δεῖ
326 3897 761 3968 ἀγαθοποιῆσαι,
796 3896 830 3968 ἢ
874 3896 1259 3968 κακοποιῆσαι,
1312 3894 1489 3966 ψυχὴν
1539 3895 1730 3959 σῶσαι,
1763 3894 1798 3967 ἢ

204 3987 497 4057 ἀπολέσαι,
533 3992 588 4044 οἱ
638 3989 743 4061 μὲν
806 3987 1084 4042 σιωπῶσιν
1107 4005 1122 4020 ·
1174 3990 1204 4042 6
1242 3988 1334 4051 δὲ,
1368 3985 1803 4058 συλλυπούμενος

209 4084 269 4152 τῇ
297 4083 495 4157 καρδίᾳ
522 4084 623 4137 ἐπὶ
646 4085 718 4155 τῇ
753 4080 1013 4154 πωρώσει
1045 4081 1144 4155 τῆς
1181 4080 1406 4150 καρδίας
1438 4080 1648 4146 αὐτῶν,
1678 4075 1801 4133 εἷπε

210 4173 282 4244 τῷ
309 4176 586 4249 ἀνθρώπῳ
603 4194 620 4207 ·
657 4176 725 4229 Οἱ
755 4174 1047 4245 βλέποντες
1076 4174 1419 4246 βλεπέτωσαν
1438 4213 1453 4238 ,
1481 4174 1532 4226 oi
1560 4175 1799 4245 ἀνήκοοι,

207 4265 280 4330 ὡς
301 4267 581 4339 βούλονται
610 4271 906 4342 πράττειν,
933 4268 1321 4338 πραττέτωσαν
1340 4284 1354 4297 ο
1376 4268 1427 4319 οἱ
1462 4265 1598 4340 σκλη
1608 4266 1805 4338 ροκάρ-

210 4356 307 4413 Gtc:
361 4363 891 4417 ἀπολιθοῦσθωσαν’
926 4361 1280 4415 ἀπαλυνέσθω
1311 4360 1368 4414 δέ
1418 4377 1510 4414 σου
1550 4363 1582 4432 ἡ
1630 4360 1799 4428 δεξιά.

216 4451 478 4527 Ἔγειραι,
510 4456 716 4527 μηκέτι
752 4454 1058 4526 προσαίτει.
1084 4454 1157 4507 Τὸ
1183 4453 1311 4527 γὰρ,
1332 4452 1563 4525 ἕγειραι,
1588 4453 1649 4506 τὸ
1672 4452 1805 4506 καθ-

1900 3259 2124 3313 Etiam:
2170 3274 2279 3311 non
2314 3265 2446 3312 sunt
2475 3259 2678 3327 quippe
2732 3255 2890 3310 bona:
2950 3255 3266 3311 voluntatis.
3326 3253 3485 3321 Nam,

1905 3368 1924 3401 ι
1955 3353 2131 3404 bonus
2158 3348 2318 3403 homo
2347 3348 2415 3402 de
2438 3349 2581 3401 bono
2612 3349 2873 3401 thesauro
2901 3345 3109 3417 profert
3136 3347 3338 3401 bonum
3360 3346 3428 3400 ⁵⁸.
3461 3365 3483 3398 ι

1901 3440 2024 3497 Mali
2063 3456 2228 3508 porro
2253 3456 2377 3495 cum
2411 3437 2741 3502 sintJuthei,
2776 3439 2845 3496 de
2896 3441 3057 3495 bonis
3097 3440 3324 3511 agendis
3374 3454 3487 3495 non

1900 3536 2280 3597 consentiunt,
2313 3549 2414 3589 nec
2458 3534 2701 3588 fatentur
2728 3548 2852 3588 esse
2883 3532 3358 3596 henefaciendum,
3389 3546 3487 3587 ne-

1900 3645 2006 3700 que
2050 3636 2283 3699 possunt
2310 3628 2582 3681 ailirmare
2627 3627 2770 3681 male
2814 3624 3020 3680 factum
3051 3637 3302 3696 oportere
3335 3645 3349 3680 :
3380 3626 3487 3678 im-

1902 3722 2171 3795 pudenter
2198 3722 2343 3776 enim
2382 3720 2591 3774 dictum
2628 3718 2771 3774 foret
2805 3737 2821 3774 :
2858 3719 2954 3773 sed
3008 3719 3192 3774 silent.
3235 3719 3306 3771 At
3359 3732 3486 3771 cum

1902 3813 2215 3885 nugandum
2239 3820 2344 3876 est,
2374 3827 2600 3882 magnas
2630 3826 2806 3882 nugas
2827 3809 3086 3866 eﬂ‘utiunt
3110 3828 3123 3864 :
3151 3825 3274 3865 cunt
3303 3817 3486 3865 autem

1901 3905 2326 3968 criminandum,
2362 3919 2561 3974 magno
2584 3907 2822 3958 clamore
2855 3902 3049 3956 aiunt:
3079 3920 3099 3954 ι
3130 3899 3303 3966 Tolle,
3334 3899 3484 3964 tolle,

1901 3998 2163 4068 crucifige
2190 3998 2259 4061 ⁵⁸,
2287 4018 2307 4051 ι
2348 3997 2436 4052 hic
2467 3997 2630 4051 homo
2662 3988 2776 4052 haec
2809 4004 2864 4051 et
2898 3995 3168 4073 ejusmodi
3206 4004 3487 4068 perpetra~

1901 4089 1980 4144 vit
2010 4107 2023 4143 :
2051 4104 2176 4143 cum
2208 4096 2391 4143 autem
2424 4087 2711 4158 quaeritur,
2747 4088 2958 4143 benene
2997 4102 3069 4142 an
3119 4088 3260 4141 male
3310 4086 3488 4141 facere

1902 4177 2085 4241 liceat,
2118 4178 2357 4232 animam
2382 4178 2590 4231 salvam
2622 4178 2824 4241 facere,
2865 4193 2933 4231 an
2969 4175 3228 4248 perdere;
3260 4176 3336 4231 illi
3363 4177 3487 4246 qui-

1902 4269 2023 4324 detn
2057 4268 2215 4324 silent
2246 4286 2261 4336 ;
2295 4267 2558 4324 Dominus
2586 4283 2717 4323 vero
2749 4269 2917 4324 corde
2950 4284 3189 4324 ntwrens
3218 4269 3299 4325 oh
3326 4268 3487 4323 caeci-

1905 4368 2069 4415 tatem
2101 4360 2287 4415 cordis
2314 4376 2527 4424 eorutu,
2561 4360 2638 4415 ait
2669 4361 2878 4414 homini
2905 4360 2981 4415 illi
3017 4383 3030 4417 ;
3060 4359 3166 4427 Qui
3199 4361 3383 4415 vident
3408 4362 3487 4416 vi-

1904 4452 2090 4514 deant,
2112 4453 2205 4521 qui
2235 4452 2659 4522 inobsequentes
2682 4460 2833 4514 sunt,
2855 4452 3001 4521 quod
3038 4452 3260 4507 libuerit
3282 4461 3445 4519 agant
3469 4466 3486 4505 :

215 4540 422 4606 ἕξεσθαι
450 4546 668 4619 ἐδήλου.
718 4547 779 4599 '0
807 4546 865 4598 δὲ
897 4544 1066 4618 ξηρὰν
1092 4545 1231 4617 ἔχων
1261 4545 1359 4616 τὴν
1389 4546 1550 4615 χεῖρα
1566 4544 1619 4596 τί
1639 4542 1800 4598 ἐκαθ-

1906 4544 1997 4614 qui
2039 4543 2162 4598 duri
2198 4552 2325 4599 sunt
2352 4545 2539 4610 corde,
2580 4544 2951 4615 lapidescant;
2976 4560 3167 4600 verum
3206 4544 3487 4599 mollescat
3567 4540 3573 4555 '

216 4632 365 4699 ἕζετο
384 4678 398 4701 ,
456 4639 491 4709 ἦ
540 4638 771 4701 πάντως
800 4638 883 4700 εἰς
911 4637 974 4689 τὸ
1002 4639 1314 4709 προσαιτεῖν
1340 4651 1355 4701 ;
1391 4635 1464 4688 Οὐ
1495 4634 1687 4706 δίδωμί
1722 4651 1805 4688 σοι

213 4725 499 4801 ἀργύριον,
525 4732 615 4784 ἵνα
646 4728 725 4802 μὴ
753 4725 1042 4799 ἀναλώσῃς
1062 4745 1075 4757 ·
1111 4727 1299 4798 ὑγείαν
1335 4744 1418 4780 σοι
1449 4727 1662 4799 δίδωμι,
1695 4746 1805 4800 μη·

213 4814 398 4872 δέπστε
432 4820 865 4892 δαπανωμένην.
919 4818 1069 4890 Μηδέ
1113 4819 1200 4873 διὰ
1230 4819 1291 4872 τὸ
1322 4818 1492 4891 ξηρὰν
1533 4817 1674 4890 ἔχειν
1705 4819 1805 4891 τὴν

212 4913 370 4981 χεῖρα
398 4913 690 4985 προσαίτει
710 4953 725 4977 ,
757 4911 878 4967 ἀλλ’
904 4910 1193 4979 ἀπολαϐὼν
1213 4911 1395 4983 αὐτὴν
1417 4911 1546 4983 ὑγιῆ
1569 4951 1584 4975 ,
1618 4911 1805 4965 λοιπὸν

214 5005 303 5057 καὶ
332 5004 475 5061 σώαν
498 5006 891 5080 ἐργασάμενος
909 5045 923 5066 ,
958 5004 1193 5059 ἔκτεινον
1216 5003 1312 5076 τὴν
1346 5004 1504 5076 χεῖρά
1530 5021 1623 5057 σου
1657 5021 1806 5057 πτω-

215 5095 319 5164 χῷ.
350 5100 621 5173 Ἔγειραι,
651 5100 751 5153 καὶ
780 5096 941 5169 στῆθι
969 5099 1047 5161 είς
1076 5097 1138 5150 τὸ
1165 5097 1327 5167 μέσον
1349 5095 1552 5164 ἰγενοῦ
1583 5095 1808 5169 θέατρον

212 5189 323 5250 τοῖς
356 5187 667 5259 βλέπουσιν.
739 5188 832 5242 Ἐν
867 5187 952 5240 σοὶ
982 5189 1009 5241 6
1040 5186 1187 5256 ἀγὼν
1218 5186 1406 5241 λοιπὸν
1431 5185 1753 5256 ἀγωνίζεται
1780 5188 1809 5240 6

216 5282 344 5352 περὶ
376 5282 676 5337 Σαϐϐάτου.
735 5278 912 5351 Στῆθι
950 5280 1029 5342 είς
1054 5278 1116 5332 τὸ
1150 5278 1334 5350 μέσον,
1381 5279 1467 5333 ἵνα
1493 5280 1587 5333 καὶ
1616 5280 1666 5333 οἱ
1698 5297 1809 5350 χω-

215 5367 458 5439 λεύοντες
482 5375 584 5439 τὰς
615 5372 817 5444 ἰγνύας
843 5369 1045 5425 στῶσιν
1060 5408 1075 5433 ,
1096 5371 1193 5425 ἐὰν
1215 5371 1323 5442 ἄρα
1347 5370 1677 5435 ἀκούσωσιν,
1712 5370 1809 5426 ἐὰν

216 5462 323 5534 ιβ
349 5467 513 5523 ἴδωσι.
532 5467 705 5541 Στῆθι
736 5466 824 5530 είς
843 5464 909 5518 τὸ
929 5461 1113 5535 μέσον,
1148 5464 1242 5518 καὶ
1263 5463 1502 5538 λαλήσας
1527 5467 1663 5539 πρὸς
1685 5466 1811 5531 τοὺς

1906 4637 2129 4693 dextera
2173 4647 2287 4694 tua.
2324 4635 2520 4710 Surge,
2560 4653 2629 4694 ne
2677 4639 2914 4708 amplius
2969 4637 3278 4692 mendicato
3311 4655 3324 4693 :
3360 4653 3489 4693 nam

1906 4730 2300 4801 quodjusserit
2329 4746 2455 4785 eum
2487 4746 2736 4801 surgere,
2771 4731 3035 4786 indicium
3068 4742 3145 4785 est
3177 4746 3302 4785 eum
3336 4731 3487 4799 prius

1907 4824 2117 4880 sedisse
2147 4843 2161 4878 :
2188 4806 2293 4893 qui
2314 4834 2495 4879 autem
2527 4828 2735 4877 aridam
2764 4839 2987 4877 mamun
3034 4822 3289 4884 habebat,
3318 4836 3487 4890 quare

1907 4918 2155 4981 sedebat,
2180 4918 2283 4971 nisi
2311 4926 2371 4971 ut
2401 4918 2781 4973 mendicaret?
2814 4916 2932 4971 Non
2966 4918 3037 4971 do
3075 4916 3171 4970 tibi
3204 4923 3487 4983 argentum

1911 5026 1981 5065 ne
2009 5011 2267 5065 absumas
2298 5028 2311 5064 :
2343 5010 2634 5064 sanitatem
2658 5009 2728 5064 do
2758 5009 2856 5064 tibi
2887 5023 3164 5078 nunquam
3197 5006 3462 5061 absumen

1911 5101 2058 5156 dam.
2088 5089 2167 5157 Ne
2188 5103 2479 5157 occasione
2511 5102 2680 5157 arida:
2724 5118 2919 5157 manus
2958 5099 3206 5156 mendica
3239 5117 3253 5153 :
3289 5098 3382 5153 sed
3424 5113 3488 5153 ea

1913 5210 2048 5252 sana
2090 5196 2352 5264 salvaque
2397 5204 2644 5267 accepta,
2680 5210 2932 5265 operare,
2977 5190 3210 5249 extende
3245 5199 3307 5246 tu
3356 5205 3486 5262 pau-

1913 5286 2030 5357 peri
2084 5302 2308 5343 manum
2348 5295 2521 5342 tuam.
2579 5286 2775 5358 Surge,
2820 5295 2874 5340 et
2919 5294 3004 5341 sta
3058 5286 3113 5338 in
3147 5283 3375 5339 medio:
3412 5283 3489 5339 sis

1915 5379 2289 5448 spectaculum
2320 5379 2653 5435 videntibus.
2702 5380 2759 5434 ln
2810 5388 2863 5435 te
2908 5378 3166 5448 deinceps
3210 5383 3489 5433 certamen

1917 5468 1986 5525 de
2014 5466 2255 5525 Sabbato
2285 5471 2484 5542 agitur.
2518 5468 2615 5525 Sta
2647 5471 2704 5525 in
2732 5470 2933 5539 medio,
2959 5480 3017 5527 ut
3056 5472 3148 5542 qui
3179 5467 3488 5526 claudicant

283 5646 336 5679 ⁵
364 5647 486 5707 Luc.
523 5666 605 5717 γι,
641 5649 705 5706 9.
786 5646 839 5680 ⁸⁸
879 5641 1068 5699 Matth.
1102 5661 1202 5711 xu,
1238 5646 1327 5702 55.
1403 5646 1447 5678 ”
1468 5644 1626 5702 Joan.
1666 5661 1781 5712 δικ,
1819 5645 1906 5701 1ἕ.

283 5800 389 5877 (57)
422 5804 643 5884 Anglis;
664 5800 767 5874 Μὴ
783 5794 1281 5884 γᾴρξϊτιεψθηίω,
1310 5812 1433 5874 post
1457 5804 1595 5872 νυνί,
1627 5804 1761 5860 hinc.

1900 5800 2049 5861 εἶπεν
2089 5805 2370 5870 αὐτοῖς....
2411 5806 2442 5859 6
2481 5803 2590 5876 γὰρ
2618 5804 2771 5877 περί.
2824 5806 3027 5862 desunt
3077 5804 3135 5858 in
3161 5801 3350 5884 ᾼηειη
3386 5794 3493 5860 ι)οᾶ

223 5868 382 5935 Ia'nn'
399 5868 721 5939 rece'ntiore
752 5868 954 5932 addita
976 5878 1127 5928 sunt.
