  <div class='ocr_page' id='page_1' title='image "/cluster/home/n/w/nwhite01/storage/ocr_20150623/28/hvd.32044019207737/089.png"; bbox 0 0 4002 6526; ppageno 0'>
   <div class='ocr_carea' id='block_1_1' title="bbox 566 399 669 460">
    <p class='ocr_par' dir='ltr' id='par_1_1' title="bbox 566 399 669 460">
     <span class='ocr_line' id='line_1_1' title="bbox 566 399 669 460; baseline -0.029 1"><span class='ocrx_word' id='word_1_1' title='bbox 566 399 669 460; x_wconf 72' lang='grc'><strong>167</strong></span> 
     </span>
    </p>
   </div>
   <div class='ocr_carea' id='block_1_2' title="bbox 1766 393 2690 453">
    <p class='ocr_par' dir='ltr' id='par_1_2' title="bbox 1766 393 2690 453">
     <span class='ocr_line' id='line_1_2' title="bbox 1766 393 2690 453; baseline 0.002 -2"><span class='ocrx_word' id='word_1_2' title='bbox 1766 393 1824 451; x_wconf 86' lang='lat' dir='ltr'><strong>S.</strong></span> <span class='ocrx_word' id='word_1_3' title='bbox 1863 393 2323 453; x_wconf 70' lang='lat' dir='ltr'><strong>ATHANASIUS.</strong></span> <span class='ocrx_word' id='word_1_4' title='bbox 2352 427 2423 440; x_wconf 88' lang='lat'><strong>--</strong></span> <span class='ocrx_word' id='word_1_5' title='bbox 2459 393 2690 453; x_wconf 66' lang='lat' dir='ltr'><strong>DL&#39;BIA.</strong></span> 
     </span>
    </p>
   </div>
   <div class='ocr_carea' id='block_1_3' title="bbox 3732 394 3879 453">
    <p class='ocr_par' dir='ltr' id='par_1_3' title="bbox 3732 394 3879 453">
     <span class='ocr_line' id='line_1_3' title="bbox 3732 394 3879 453; baseline -0.014 0"><span class='ocrx_word' id='word_1_6' title='bbox 3732 394 3879 453; x_wconf 75' lang='grc'><strong>168</strong></span> 
     </span>
    </p>
   </div>
   <div class='ocr_carea' id='block_1_4' title="bbox 563 512 2142 592">
    <p class='ocr_par' dir='ltr' id='par_1_4' title="bbox 563 513 2142 592">
     <span class='ocr_line' id='line_1_4' title="bbox 563 513 2142 592; baseline -0.004 -16"><span class='ocrx_word' id='word_1_7' title='bbox 563 518 887 592; x_wconf 72' lang='lat' dir='ltr'><strong>poplitibus,</strong></span> <span class='ocrx_word' id='word_1_8' title='bbox 912 518 1243 583; x_wconf 81' lang='lat' dir='ltr'><strong>consistant.</strong></span> <span class='ocrx_word' id='word_1_9' title='bbox 1271 517 1319 574; x_wconf 82' lang='lat' dir='ltr'><strong>si</strong></span> <span class='ocrx_word' id='word_1_10' title='bbox 1344 524 1526 572; x_wconf 86' lang='lat' dir='ltr'><strong>tamen</strong></span> <span class='ocrx_word' id='word_1_11' title='bbox 1552 513 1802 581; x_wconf 88' lang='lat' dir='ltr'><strong>audiant,</strong></span> <span class='ocrx_word' id='word_1_12' title='bbox 1834 516 1881 571; x_wconf 84' lang='lat' dir='ltr'><strong>si</strong></span> <span class='ocrx_word' id='word_1_13' title='bbox 1907 514 2142 571; x_wconf 75' lang='lat' dir='ltr'><strong>videant.</strong></span> 
     </span>
    </p>
   </div>
   <div class='ocr_carea' id='block_1_5' title="bbox 2247 512 3878 592">
    <p class='ocr_par' dir='ltr' id='par_1_5' title="bbox 2262 512 3878 589">
     <span class='ocr_line' id='line_1_5' title="bbox 2262 512 3878 589; baseline -0.002 -17"><span class='ocrx_word' id='word_1_14' title='bbox 2262 516 2547 582; x_wconf 77' lang='grc' dir='ltr'><strong>Ἰουδαίους</strong></span> <span class='ocrx_word' id='word_1_15' title='bbox 2570 515 2640 571; x_wconf 81' lang='grc' dir='ltr'><strong>τὰ</strong></span> <span class='ocrx_word' id='word_1_16' title='bbox 2667 517 2787 589; x_wconf 78' lang='grc' dir='ltr'><strong>είρη</strong></span> <span class='ocrx_word' id='word_1_17' title='bbox 2797 515 2952 588; x_wconf 81' lang='grc' dir='ltr'><strong>μένα,</strong></span> <span class='ocrx_word' id='word_1_18' title='bbox 2975 517 3057 570; x_wconf 75' lang='grc' dir='ltr'><strong>ὅτι</strong></span> <span class='ocrx_word' id='word_1_19' title='bbox 3085 513 3261 581; x_wconf 71' lang='grc' dir='ltr'><strong>ἔξεστι</strong></span> <span class='ocrx_word' id='word_1_20' title='bbox 3287 516 3407 570; x_wconf 80' lang='grc' dir='ltr'><strong>τόδε</strong></span> <span class='ocrx_word' id='word_1_21' title='bbox 3429 514 3652 588; x_wconf 77' lang='grc' dir='ltr'><strong>ποιῆσαι</strong></span> <span class='ocrx_word' id='word_1_22' title='bbox 3673 515 3714 588; x_wconf 71' lang='grc' dir='ltr'><strong>ἢ</strong></span> <span class='ocrx_word' id='word_1_23' title='bbox 3748 512 3878 581; x_wconf 71' lang='grc' dir='ltr'><strong>οὓς</strong></span> 
     </span>
    </p>
   </div>
   <div class='ocr_carea' id='block_1_6' title="bbox 560 605 2141 679">
    <p class='ocr_par' dir='ltr' id='par_1_6' title="bbox 560 605 2141 679">
     <span class='ocr_line' id='line_1_6' title="bbox 560 605 2141 679; baseline -0.004 -11"><span class='ocrx_word' id='word_1_24' title='bbox 560 610 657 668; x_wconf 82' lang='lat' dir='ltr'><strong>Sta</strong></span> <span class='ocrx_word' id='word_1_25' title='bbox 720 610 775 665; x_wconf 89' lang='lat' dir='ltr'><strong>in</strong></span> <span class='ocrx_word' id='word_1_26' title='bbox 815 610 1015 676; x_wconf 88' lang='lat' dir='ltr'><strong>medio,</strong></span> <span class='ocrx_word' id='word_1_27' title='bbox 1064 616 1119 665; x_wconf 89' lang='lat' dir='ltr'><strong>et</strong></span> <span class='ocrx_word' id='word_1_28' title='bbox 1170 610 1393 679; x_wconf 81' lang='lat' dir='ltr'><strong>loquere</strong></span> <span class='ocrx_word' id='word_1_29' title='bbox 1445 605 1651 663; x_wconf 61' lang='lat' dir='ltr'><strong>Iudaeis</strong></span> <span class='ocrx_word' id='word_1_30' title='bbox 1696 622 1818 677; x_wconf 70' lang='lat' dir='ltr'><strong>quae</strong></span> <span class='ocrx_word' id='word_1_31' title='bbox 1854 607 1964 677; x_wconf 82' lang='lat' dir='ltr'><strong>jam</strong></span> <span class='ocrx_word' id='word_1_32' title='bbox 1994 607 2141 662; x_wconf 87' lang='lat' dir='ltr'><strong>dicta</strong></span> 
     </span>
    </p>
   </div>
   <div class='ocr_carea' id='block_1_7' title="bbox 540 697 2143 756">
    <p class='ocr_par' dir='ltr' id='par_1_7' title="bbox 540 697 2143 756">
     <span class='ocr_line' id='line_1_7' title="bbox 540 697 2143 756; baseline 0.002 -5"><span class='ocrx_word' id='word_1_33' title='bbox 540 710 691 756; x_wconf 87' lang='lat' dir='ltr'><strong>.sunt</strong></span> <span class='ocrx_word' id='word_1_34' title='bbox 724 719 738 755; x_wconf 87' lang='lat'><strong>:</strong></span> <span class='ocrx_word' id='word_1_35' title='bbox 779 701 1058 755; x_wconf 77' lang='lat' dir='ltr'><strong>licitumne</strong></span> <span class='ocrx_word' id='word_1_36' title='bbox 1084 708 1170 755; x_wconf 91' lang='lat' dir='ltr'><strong>est</strong></span> <span class='ocrx_word' id='word_1_37' title='bbox 1192 699 1247 753; x_wconf 90' lang='lat' dir='ltr'><strong>id</strong></span> <span class='ocrx_word' id='word_1_38' title='bbox 1283 698 1463 754; x_wconf 74' lang='lat' dir='ltr'><strong>facere</strong></span> <span class='ocrx_word' id='word_1_39' title='bbox 1487 699 1716 753; x_wconf 78' lang='lat' dir='ltr'><strong>annon?</strong></span> <span class='ocrx_word' id='word_1_40' title='bbox 1756 697 1912 754; x_wconf 83' lang='lat' dir='ltr'><strong>Tunc</strong></span> <span class='ocrx_word' id='word_1_41' title='bbox 1953 700 2034 754; x_wconf 87' lang='lat' dir='ltr'><strong>ait</strong></span> <span class='ocrx_word' id='word_1_42' title='bbox 2075 701 2143 755; x_wconf 88' lang='lat' dir='ltr'><strong>ad</strong></span> 
     </span>
    </p>
   </div>
   <div class='ocr_carea' id='block_1_8' title="bbox 564 790 2145 862">
    <p class='ocr_par' dir='ltr' id='par_1_8' title="bbox 564 790 2145 862">
     <span class='ocr_line' id='line_1_8' title="bbox 564 790 2145 862; baseline 0.001 -17"><span class='ocrx_word' id='word_1_43' title='bbox 564 792 718 846; x_wconf 73' lang='lat' dir='ltr'><strong>illum</strong></span> <span class='ocrx_word' id='word_1_44' title='bbox 755 810 767 845; x_wconf 92' lang='lat'><strong>:</strong></span> <span class='ocrx_word' id='word_1_45' title='bbox 801 790 1044 845; x_wconf 78' lang='lat' dir='ltr'><strong>Extende</strong></span> <span class='ocrx_word' id='word_1_46' title='bbox 1071 805 1292 843; x_wconf 87' lang='lat' dir='ltr'><strong>manum</strong></span> <span class='ocrx_word' id='word_1_47' title='bbox 1325 798 1495 853; x_wconf 85' lang='lat' dir='ltr'><strong>tuam,</strong></span> <span class='ocrx_word' id='word_1_48' title='bbox 1528 805 1637 845; x_wconf 90' lang='lat' dir='ltr'><strong>non</strong></span> <span class='ocrx_word' id='word_1_49' title='bbox 1667 798 1722 846; x_wconf 90' lang='lat' dir='ltr'><strong>te</strong></span> <span class='ocrx_word' id='word_1_50' title='bbox 1743 800 1926 862; x_wconf 90' lang='lat' dir='ltr'><strong>tango,</strong></span> <span class='ocrx_word' id='word_1_51' title='bbox 1949 808 2019 848; x_wconf 84' lang='lat' dir='ltr'><strong>ne</strong></span> <span class='ocrx_word' id='word_1_52' title='bbox 2046 791 2145 846; x_wconf 80' lang='lat' dir='ltr'><strong>Ju-</strong></span> 
     </span>
    </p>
   </div>
   <div class='ocr_carea' id='block_1_9' title="bbox 564 882 2145 954">
    <p class='ocr_par' dir='ltr' id='par_1_9' title="bbox 564 882 2145 954">
     <span class='ocr_line' id='line_1_9' title="bbox 564 882 2145 954; baseline 0.002 -17"><span class='ocrx_word' id='word_1_53' title='bbox 564 882 665 937; x_wconf 68' lang='lat' dir='ltr'><strong>daei</strong></span> <span class='ocrx_word' id='word_1_54' title='bbox 700 884 1095 947; x_wconf 66' lang='lat' dir='ltr'><strong>criminentur,</strong></span> <span class='ocrx_word' id='word_1_55' title='bbox 1128 897 1263 936; x_wconf 84' lang='lat' dir='ltr'><strong>neve</strong></span> <span class='ocrx_word' id='word_1_56' title='bbox 1285 883 1607 954; x_wconf 88' lang='lat' dir='ltr'><strong>contingere</strong></span> <span class='ocrx_word' id='word_1_57' title='bbox 1635 883 1774 937; x_wconf 91' lang='lat' dir='ltr'><strong>idem</strong></span> <span class='ocrx_word' id='word_1_58' title='bbox 1801 892 1992 952; x_wconf 87' lang='lat' dir='ltr'><strong>putent</strong></span> <span class='ocrx_word' id='word_1_59' title='bbox 2022 899 2145 940; x_wconf 88' lang='lat' dir='ltr'><strong>esse</strong></span> 
     </span>
    </p>
   </div>
   <div class='ocr_carea' id='block_1_10' title="bbox 564 974 2142 1047">
    <p class='ocr_par' dir='ltr' id='par_1_10' title="bbox 564 974 2142 1047">
     <span class='ocr_line' id='line_1_10' title="bbox 564 974 2142 1047; baseline 0 -17"><span class='ocrx_word' id='word_1_60' title='bbox 564 987 729 1047; x_wconf 83' lang='lat' dir='ltr'><strong>alque</strong></span> <span class='ocrx_word' id='word_1_61' title='bbox 759 975 997 1045; x_wconf 84' lang='lat' dir='ltr'><strong>Operari,</strong></span> <span class='ocrx_word' id='word_1_62' title='bbox 1027 974 1253 1027; x_wconf 81' lang='lat' dir='ltr'><strong>verbum</strong></span> <span class='ocrx_word' id='word_1_63' title='bbox 1284 981 1497 1028; x_wconf 89' lang='lat' dir='ltr'><strong>tantum</strong></span> <span class='ocrx_word' id='word_1_64' title='bbox 1522 974 1760 1044; x_wconf 84' lang='lat' dir='ltr'><strong>profero.</strong></span> <span class='ocrx_word' id='word_1_65' title='bbox 1788 974 2142 1045; x_wconf 74' lang='lat' dir='ltr'><strong>Nequaquam</strong></span> 
     </span>
    </p>
   </div>
   <div class='ocr_carea' id='block_1_11' title="bbox 561 1062 2143 1135">
    <p class='ocr_par' dir='ltr' id='par_1_11' title="bbox 561 1062 2143 1135">
     <span class='ocr_line' id='line_1_11' title="bbox 561 1062 2143 1135; baseline 0 -15"><span class='ocrx_word' id='word_1_66' title='bbox 561 1068 639 1120; x_wconf 88' lang='lat' dir='ltr'><strong>ait</strong></span> <span class='ocrx_word' id='word_1_67' title='bbox 672 1066 814 1120; x_wconf 88' lang='lat' dir='ltr'><strong>Deus</strong></span> <span class='ocrx_word' id='word_1_68' title='bbox 845 1084 859 1119; x_wconf 88' lang='lat'><strong><em>:</em></strong></span> <span class='ocrx_word' id='word_1_69' title='bbox 886 1062 963 1119; x_wconf 85' lang='lat' dir='ltr'><strong>Ne</strong></span> <span class='ocrx_word' id='word_1_70' title='bbox 992 1066 1219 1135; x_wconf 88' lang='lat' dir='ltr'><strong>loquare</strong></span> <span class='ocrx_word' id='word_1_71' title='bbox 1249 1066 1302 1118; x_wconf 92' lang='lat' dir='ltr'><strong>in</strong></span> <span class='ocrx_word' id='word_1_72' title='bbox 1350 1063 1612 1121; x_wconf 88' lang='lat' dir='ltr'><strong>Sabbato.</strong></span> <span class='ocrx_word' id='word_1_73' title='bbox 1657 1066 1716 1120; x_wconf 87' lang='lat' dir='ltr'><strong>Si</strong></span> <span class='ocrx_word' id='word_1_74' title='bbox 1763 1074 1942 1120; x_wconf 90' lang='lat' dir='ltr'><strong>autem</strong></span> <span class='ocrx_word' id='word_1_75' title='bbox 1976 1065 2143 1120; x_wconf 85' lang='lat' dir='ltr'><strong>verbo</strong></span> 
     </span>
    </p>
   </div>
   <div class='ocr_carea' id='block_1_12' title="bbox 562 1156 2145 1228">
    <p class='ocr_par' dir='ltr' id='par_1_12' title="bbox 562 1156 2145 1228">
     <span class='ocr_line' id='line_1_12' title="bbox 562 1156 2145 1228; baseline -0.001 -17"><span class='ocrx_word' id='word_1_76' title='bbox 562 1171 701 1227; x_wconf 89' lang='lat' dir='ltr'><strong>opus</strong></span> <span class='ocrx_word' id='word_1_77' title='bbox 732 1156 1019 1222; x_wconf 80' lang='lat' dir='ltr'><strong>elliciatur,</strong></span> <span class='ocrx_word' id='word_1_78' title='bbox 1046 1156 1397 1212; x_wconf 88' lang='lat' dir='ltr'><strong>admirationi</strong></span> <span class='ocrx_word' id='word_1_79' title='bbox 1431 1157 1503 1211; x_wconf 85' lang='lat' dir='ltr'><strong>sit</strong></span> <span class='ocrx_word' id='word_1_80' title='bbox 1530 1158 1623 1228; x_wconf 89' lang='lat' dir='ltr'><strong>qui</strong></span> <span class='ocrx_word' id='word_1_81' title='bbox 1657 1159 1875 1212; x_wconf 89' lang='lat' dir='ltr'><strong>locutus</strong></span> <span class='ocrx_word' id='word_1_82' title='bbox 1899 1165 2003 1212; x_wconf 91' lang='lat' dir='ltr'><strong>est.</strong></span> <span class='ocrx_word' id='word_1_83' title='bbox 2037 1156 2145 1210; x_wconf 84' lang='lat' dir='ltr'><strong>Ex-</strong></span> 
     </span>
    </p>
   </div>
   <div class='ocr_carea' id='block_1_13' title="bbox 562 1247 2145 1307">
    <p class='ocr_par' dir='ltr' id='par_1_13' title="bbox 562 1247 2145 1307">
     <span class='ocr_line' id='line_1_13' title="bbox 562 1247 2145 1307; baseline 0.004 -6"><span class='ocrx_word' id='word_1_84' title='bbox 562 1250 723 1304; x_wconf 84' lang='lat' dir='ltr'><strong>tende</strong></span> <span class='ocrx_word' id='word_1_85' title='bbox 749 1264 968 1304; x_wconf 87' lang='lat' dir='ltr'><strong>manum</strong></span> <span class='ocrx_word' id='word_1_86' title='bbox 1008 1260 1175 1302; x_wconf 88' lang='lat' dir='ltr'><strong>tuam.</strong></span> <span class='ocrx_word' id='word_1_87' title='bbox 1209 1247 1344 1303; x_wconf 79' lang='lat' dir='ltr'><strong>Vide</strong></span> <span class='ocrx_word' id='word_1_88' title='bbox 1384 1249 1684 1305; x_wconf 81' lang='lat' dir='ltr'><strong>discrimen</strong></span> <span class='ocrx_word' id='word_1_89' title='bbox 1733 1252 1862 1305; x_wconf 78' lang='lat' dir='ltr'><strong>lacti</strong></span> <span class='ocrx_word' id='word_1_90' title='bbox 1899 1268 1912 1305; x_wconf 91' lang='lat'><strong>:</strong></span> <span class='ocrx_word' id='word_1_91' title='bbox 1948 1249 2145 1307; x_wconf 86' lang='lat' dir='ltr'><strong>Petrus</strong></span> 
     </span>
    </p>
   </div>
   <div class='ocr_carea' id='block_1_14' title="bbox 561 1338 2145 1411">
    <p class='ocr_par' dir='ltr' id='par_1_14' title="bbox 561 1338 2145 1411">
     <span class='ocr_line' id='line_1_14' title="bbox 561 1338 2145 1411; baseline 0.001 -18"><span class='ocrx_word' id='word_1_92' title='bbox 561 1339 620 1393; x_wconf 89' lang='lat' dir='ltr'><strong>iu</strong></span> <span class='ocrx_word' id='word_1_93' title='bbox 646 1338 903 1409; x_wconf 77' lang='lat' dir='ltr'><strong>Speciosa</strong></span> <span class='ocrx_word' id='word_1_94' title='bbox 952 1351 1108 1410; x_wconf 89' lang='lat' dir='ltr'><strong>porta</strong></span> <span class='ocrx_word' id='word_1_95' title='bbox 1153 1339 1511 1409; x_wconf 82' lang='lat' dir='ltr'><strong>paralyticum</strong></span> <span class='ocrx_word' id='word_1_96' title='bbox 1561 1355 1787 1406; x_wconf 86' lang='lat' dir='ltr'><strong>sanans,</strong></span> <span class='ocrx_word' id='word_1_97' title='bbox 1832 1355 2145 1411; x_wconf 89' lang='lat' dir='ltr'><strong>compressa</strong></span> 
     </span>
    </p>
   </div>
   <div class='ocr_carea' id='block_1_15' title="bbox 562 1430 2142 1498">
    <p class='ocr_par' dir='ltr' id='par_1_15' title="bbox 562 1430 2142 1498">
     <span class='ocr_line' id='line_1_15' title="bbox 562 1430 2142 1498; baseline 0.003 -15"><span class='ocrx_word' id='word_1_98' title='bbox 562 1430 710 1484; x_wconf 89' lang='lat' dir='ltr'><strong>illius</strong></span> <span class='ocrx_word' id='word_1_99' title='bbox 738 1430 963 1485; x_wconf 77' lang='lat' dir='ltr'><strong>dextera</strong></span> <span class='ocrx_word' id='word_1_100' title='bbox 1002 1446 1165 1484; x_wconf 87' lang='lat' dir='ltr'><strong>manu</strong></span> <span class='ocrx_word' id='word_1_101' title='bbox 1205 1432 1488 1486; x_wconf 78' lang='lat' dir='ltr'><strong>excitavit.</strong></span> <span class='ocrx_word' id='word_1_102' title='bbox 1539 1430 1743 1488; x_wconf 85' lang='lat' dir='ltr'><strong>Servus</strong></span> <span class='ocrx_word' id='word_1_103' title='bbox 1778 1434 2142 1498; x_wconf 83' lang='lat' dir='ltr'><strong>attrectando,</strong></span> 
     </span>
    </p>
   </div>
   <div class='ocr_carea' id='block_1_16' title="bbox 560 1521 2142 1592">
    <p class='ocr_par' dir='ltr' id='par_1_16' title="bbox 560 1521 2142 1592">
     <span class='ocr_line' id='line_1_16' title="bbox 560 1521 2142 1592; baseline 0.002 -15"><span class='ocrx_word' id='word_1_104' title='bbox 560 1522 838 1589; x_wconf 77' lang='lat' dir='ltr'><strong>extendit;</strong></span> <span class='ocrx_word' id='word_1_105' title='bbox 871 1521 1137 1578; x_wconf 85' lang='lat' dir='ltr'><strong>Dominus</strong></span> <span class='ocrx_word' id='word_1_106' title='bbox 1164 1523 1411 1592; x_wconf 85' lang='lat' dir='ltr'><strong>jubendo</strong></span> <span class='ocrx_word' id='word_1_107' title='bbox 1438 1525 1698 1578; x_wconf 83' lang='lat' dir='ltr'><strong>extendit.</strong></span> <span class='ocrx_word' id='word_1_108' title='bbox 1738 1523 1982 1580; x_wconf 77' lang='lat' dir='ltr'><strong>Extende</strong></span> <span class='ocrx_word' id='word_1_109' title='bbox 2024 1542 2142 1580; x_wconf 85' lang='lat' dir='ltr'><strong>ma-</strong></span> 
     </span>
    </p>
   </div>
   <div class='ocr_carea' id='block_1_17' title="bbox 561 1613 2142 1680">
    <p class='ocr_par' dir='ltr' id='par_1_17' title="bbox 561 1613 2142 1680">
     <span class='ocr_line' id='line_1_17' title="bbox 561 1613 2142 1680; baseline 0.004 -12"><span class='ocrx_word' id='word_1_110' title='bbox 561 1630 692 1668; x_wconf 83' lang='lat' dir='ltr'><strong>num</strong></span> <span class='ocrx_word' id='word_1_111' title='bbox 725 1621 897 1669; x_wconf 89' lang='lat' dir='ltr'><strong>tuam.</strong></span> <span class='ocrx_word' id='word_1_112' title='bbox 930 1613 1010 1667; x_wconf 89' lang='lat' dir='ltr'><strong>Do</strong></span> <span class='ocrx_word' id='word_1_113' title='bbox 1036 1615 1133 1669; x_wconf 84' lang='lat' dir='ltr'><strong>tibi</strong></span> <span class='ocrx_word' id='word_1_114' title='bbox 1161 1614 1439 1680; x_wconf 82' lang='lat' dir='ltr'><strong>virtutem,</strong></span> <span class='ocrx_word' id='word_1_115' title='bbox 1463 1622 1517 1669; x_wconf 90' lang='lat' dir='ltr'><strong>et</strong></span> <span class='ocrx_word' id='word_1_116' title='bbox 1540 1614 1838 1671; x_wconf 80' lang='lat' dir='ltr'><strong>eﬂicaciam</strong></span> <span class='ocrx_word' id='word_1_117' title='bbox 1868 1618 2142 1674; x_wconf 83' lang='lat' dir='ltr'><strong>sanitatis.</strong></span> 
     </span>
    </p>
   </div>
   <div class='ocr_carea' id='block_1_18' title="bbox 561 1702 2145 1775">
    <p class='ocr_par' dir='ltr' id='par_1_18' title="bbox 561 1702 2145 1775">
     <span class='ocr_line' id='line_1_18' title="bbox 561 1702 2145 1775; baseline 0.005 -18"><span class='ocrx_word' id='word_1_118' title='bbox 561 1702 742 1760; x_wconf 84' lang='lat' dir='ltr'><strong>Verbo</strong></span> <span class='ocrx_word' id='word_1_119' title='bbox 781 1705 1140 1775; x_wconf 79' lang='lat' dir='ltr'><strong>jussioncque</strong></span> <span class='ocrx_word' id='word_1_120' title='bbox 1173 1720 1295 1761; x_wconf 91' lang='lat' dir='ltr'><strong>mea</strong></span> <span class='ocrx_word' id='word_1_121' title='bbox 1349 1705 1405 1759; x_wconf 90' lang='lat' dir='ltr'><strong>in</strong></span> <span class='ocrx_word' id='word_1_122' title='bbox 1461 1715 1514 1760; x_wconf 88' lang='lat' dir='ltr'><strong>te</strong></span> <span class='ocrx_word' id='word_1_123' title='bbox 1550 1708 1829 1762; x_wconf 88' lang='lat' dir='ltr'><strong>constituo</strong></span> <span class='ocrx_word' id='word_1_124' title='bbox 1865 1710 2145 1765; x_wconf 82' lang='lat' dir='ltr'><strong>:Extemle</strong></span> 
     </span>
    </p>
   </div>
   <div class='ocr_carea' id='block_1_19' title="bbox 561 1796 2146 1862">
    <p class='ocr_par' dir='ltr' id='par_1_19' title="bbox 561 1796 2146 1862">
     <span class='ocr_line' id='line_1_19' title="bbox 561 1796 2146 1862; baseline 0.003 -9"><span class='ocrx_word' id='word_1_125' title='bbox 561 1812 783 1853; x_wconf 85' lang='lat' dir='ltr'><strong>manum</strong></span> <span class='ocrx_word' id='word_1_126' title='bbox 812 1805 984 1852; x_wconf 90' lang='lat' dir='ltr'><strong>tuam.</strong></span> <span class='ocrx_word' id='word_1_127' title='bbox 1009 1796 1153 1852; x_wconf 81' lang='lat' dir='ltr'><strong>Dixit</strong></span> <span class='ocrx_word' id='word_1_128' title='bbox 1174 1798 1284 1862; x_wconf 85' lang='lat' dir='ltr'><strong>ille,</strong></span> <span class='ocrx_word' id='word_1_129' title='bbox 1314 1798 1416 1853; x_wconf 83' lang='lat' dir='ltr'><strong>iste</strong></span> <span class='ocrx_word' id='word_1_130' title='bbox 1444 1798 1576 1852; x_wconf 76' lang='lat' dir='ltr'><strong>fecit</strong></span> <span class='ocrx_word' id='word_1_131' title='bbox 1608 1818 1621 1853; x_wconf 92' lang='lat'><strong>:</strong></span> <span class='ocrx_word' id='word_1_132' title='bbox 1654 1800 1806 1854; x_wconf 89' lang='lat' dir='ltr'><strong>arida</strong></span> <span class='ocrx_word' id='word_1_133' title='bbox 1832 1817 2026 1858; x_wconf 90' lang='lat' dir='ltr'><strong>manus</strong></span> <span class='ocrx_word' id='word_1_134' title='bbox 2057 1818 2146 1858; x_wconf 86' lang='lat' dir='ltr'><strong>sa-</strong></span> 
     </span>
    </p>
   </div>
   <div class='ocr_carea' id='block_1_20' title="bbox 560 1869 2218 1961">
    <p class='ocr_par' dir='ltr' id='par_1_20' title="bbox 560 1869 2218 1961">
     <span class='ocr_line' id='line_1_20' title="bbox 560 1869 2218 1961; baseline 0.002 -16"><span class='ocrx_word' id='word_1_135' title='bbox 560 1888 721 1945; x_wconf 81' lang='lat' dir='ltr'><strong>nitati</strong></span> <span class='ocrx_word' id='word_1_136' title='bbox 753 1890 1027 1955; x_wconf 82' lang='lat' dir='ltr'><strong>restituta,</strong></span> <span class='ocrx_word' id='word_1_137' title='bbox 1076 1890 1388 1961; x_wconf 88' lang='lat' dir='ltr'><strong>mentisque</strong></span> <span class='ocrx_word' id='word_1_138' title='bbox 1417 1887 1730 1945; x_wconf 63' lang='lat' dir='ltr'><strong>Iudaeorum</strong></span> <span class='ocrx_word' id='word_1_139' title='bbox 1780 1892 2007 1949; x_wconf 90' lang='lat' dir='ltr'><strong>ariditas</strong></span> <span class='ocrx_word' id='word_1_140' title='bbox 2036 1895 2141 1948; x_wconf 88' lang='lat' dir='ltr'><strong>mi-</strong></span> <span class='ocrx_word' id='word_1_141' title='bbox 2176 1869 2218 1923; x_wconf 72' lang='grc' dir='ltr'><strong><em>Β</em></strong></span> 
     </span>
    </p>
   </div>
   <div class='ocr_carea' id='block_1_21' title="bbox 561 1979 2140 2052">
    <p class='ocr_par' dir='ltr' id='par_1_21' title="bbox 561 1979 2140 2052">
     <span class='ocr_line' id='line_1_21' title="bbox 561 1979 2140 2052; baseline 0.002 -18"><span class='ocrx_word' id='word_1_142' title='bbox 561 1980 709 2036; x_wconf 89' lang='lat' dir='ltr'><strong>nime</strong></span> <span class='ocrx_word' id='word_1_143' title='bbox 740 1990 930 2037; x_wconf 89' lang='lat' dir='ltr'><strong>sanata</strong></span> <span class='ocrx_word' id='word_1_144' title='bbox 954 1979 1091 2047; x_wconf 72' lang='lat' dir='ltr'><strong>fuit;</strong></span> <span class='ocrx_word' id='word_1_145' title='bbox 1124 1981 1220 2036; x_wconf 83' lang='lat' dir='ltr'><strong>sed</strong></span> <span class='ocrx_word' id='word_1_146' title='bbox 1245 1982 1474 2052; x_wconf 75' lang='lat' dir='ltr'><strong>egressi,</strong></span> <span class='ocrx_word' id='word_1_147' title='bbox 1509 1988 1569 2035; x_wconf 89' lang='lat' dir='ltr'><strong>ut</strong></span> <span class='ocrx_word' id='word_1_148' title='bbox 1598 1982 1760 2037; x_wconf 91' lang='lat' dir='ltr'><strong>modo</strong></span> <span class='ocrx_word' id='word_1_149' title='bbox 1786 1984 1984 2036; x_wconf 88' lang='lat' dir='ltr'><strong>lectum</strong></span> <span class='ocrx_word' id='word_1_150' title='bbox 2019 1982 2140 2050; x_wconf 81' lang='lat' dir='ltr'><strong>fuit,</strong></span> 
     </span>
    </p>
   </div>
   <div class='ocr_carea' id='block_1_22' title="bbox 560 2070 2143 2145">
    <p class='ocr_par' dir='ltr' id='par_1_22' title="bbox 560 2070 2143 2145">
     <span class='ocr_line' id='line_1_22' title="bbox 560 2070 2143 2145; baseline 0.001 -17"><span class='ocrx_word' id='word_1_151' title='bbox 560 2073 937 2129; x_wconf 89' lang='lat' dir='ltr'><strong>deliberabant</strong></span> <span class='ocrx_word' id='word_1_152' title='bbox 964 2074 1097 2144; x_wconf 88' lang='lat' dir='ltr'><strong>quid</strong></span> <span class='ocrx_word' id='word_1_153' title='bbox 1122 2073 1363 2128; x_wconf 82' lang='lat' dir='ltr'><strong>facerent</strong></span> <span class='ocrx_word' id='word_1_154' title='bbox 1396 2071 1549 2129; x_wconf 79' lang='lat' dir='ltr'><strong>Jesu.</strong></span> <span class='ocrx_word' id='word_1_155' title='bbox 1587 2070 1867 2130; x_wconf 88' lang='lat' dir='ltr'><strong>Deliberas</strong></span> <span class='ocrx_word' id='word_1_156' title='bbox 1899 2077 2029 2145; x_wconf 88' lang='lat' dir='ltr'><strong>quid</strong></span> <span class='ocrx_word' id='word_1_157' title='bbox 2063 2076 2143 2129; x_wconf 81' lang='lat' dir='ltr'><strong>l&#39;a-</strong></span> 
     </span>
    </p>
   </div>
   <div class='ocr_carea' id='block_1_23' title="bbox 560 2165 2144 2234">
    <p class='ocr_par' dir='ltr' id='par_1_23' title="bbox 560 2165 2144 2234">
     <span class='ocr_line' id='line_1_23' title="bbox 560 2165 2144 2234; baseline 0.001 -14"><span class='ocrx_word' id='word_1_158' title='bbox 560 2174 752 2222; x_wconf 88' lang='lat' dir='ltr'><strong>cturus</strong></span> <span class='ocrx_word' id='word_1_159' title='bbox 779 2166 857 2222; x_wconf 87' lang='lat' dir='ltr'><strong>sis</strong></span> <span class='ocrx_word' id='word_1_160' title='bbox 882 2184 897 2221; x_wconf 87' lang='lat'><strong>:</strong></span> <span class='ocrx_word' id='word_1_161' title='bbox 919 2166 1087 2221; x_wconf 86' lang='lat' dir='ltr'><strong>adora</strong></span> <span class='ocrx_word' id='word_1_162' title='bbox 1123 2177 1180 2221; x_wconf 91' lang='lat' dir='ltr'><strong>ut</strong></span> <span class='ocrx_word' id='word_1_163' title='bbox 1207 2165 1398 2234; x_wconf 90' lang='lat' dir='ltr'><strong>Deum,</strong></span> <span class='ocrx_word' id='word_1_164' title='bbox 1425 2165 1592 2221; x_wconf 87' lang='lat' dir='ltr'><strong>adora</strong></span> <span class='ocrx_word' id='word_1_165' title='bbox 1630 2167 2015 2222; x_wconf 83' lang='lat' dir='ltr'><strong>miraculorum</strong></span> <span class='ocrx_word' id='word_1_166' title='bbox 2044 2183 2144 2222; x_wconf 87' lang='lat' dir='ltr'><strong>au-</strong></span> 
     </span>
    </p>
   </div>
   <div class='ocr_carea' id='block_1_24' title="bbox 561 2257 2142 2329">
    <p class='ocr_par' dir='ltr' id='par_1_24' title="bbox 561 2257 2142 2329">
     <span class='ocr_line' id='line_1_24' title="bbox 561 2257 2142 2329; baseline 0.002 -16"><span class='ocrx_word' id='word_1_167' title='bbox 561 2267 793 2320; x_wconf 88' lang='lat' dir='ltr'><strong>ctorem.</strong></span> <span class='ocrx_word' id='word_1_168' title='bbox 844 2257 1012 2312; x_wconf 87' lang='lat' dir='ltr'><strong>adora</strong></span> <span class='ocrx_word' id='word_1_169' title='bbox 1042 2258 1342 2322; x_wconf 89' lang='lat' dir='ltr'><strong>hominem,</strong></span> <span class='ocrx_word' id='word_1_170' title='bbox 1389 2274 1475 2324; x_wconf 84' lang='lat' dir='ltr'><strong>ea,</strong></span> <span class='ocrx_word' id='word_1_171' title='bbox 1522 2272 1645 2329; x_wconf 70' lang='lat' dir='ltr'><strong>quae</strong></span> <span class='ocrx_word' id='word_1_172' title='bbox 1678 2273 1843 2329; x_wconf 87' lang='lat' dir='ltr'><strong>supra</strong></span> <span class='ocrx_word' id='word_1_173' title='bbox 1892 2258 2142 2316; x_wconf 82' lang='lat' dir='ltr'><strong>homines</strong></span> 
     </span>
    </p>
   </div>
   <div class='ocr_carea' id='block_1_25' title="bbox 562 2349 2144 2423">
    <p class='ocr_par' dir='ltr' id='par_1_25' title="bbox 562 2349 2144 2423">
     <span class='ocr_line' id='line_1_25' title="bbox 562 2349 2144 2423; baseline 0.001 -18"><span class='ocrx_word' id='word_1_174' title='bbox 562 2358 710 2417; x_wconf 87' lang='lat' dir='ltr'><strong>sunt,</strong></span> <span class='ocrx_word' id='word_1_175' title='bbox 734 2359 1077 2422; x_wconf 84' lang='lat' dir='ltr'><strong>operantem.</strong></span> <span class='ocrx_word' id='word_1_176' title='bbox 1111 2349 1231 2406; x_wconf 86' lang='lat' dir='ltr'><strong>Non</strong></span> <span class='ocrx_word' id='word_1_177' title='bbox 1256 2351 1509 2423; x_wconf 90' lang='lat' dir='ltr'><strong>apposuit</strong></span> <span class='ocrx_word' id='word_1_178' title='bbox 1537 2352 1856 2423; x_wconf 87' lang='lat' dir='ltr'><strong>emplastra,</strong></span> <span class='ocrx_word' id='word_1_179' title='bbox 1879 2369 1988 2407; x_wconf 89' lang='lat' dir='ltr'><strong>non</strong></span> <span class='ocrx_word' id='word_1_180' title='bbox 2018 2368 2144 2423; x_wconf 89' lang='lat' dir='ltr'><strong>per-</strong></span> 
     </span>
    </p>
   </div>
   <div class='ocr_carea' id='block_1_26' title="bbox 560 2441 2143 2513">
    <p class='ocr_par' dir='ltr' id='par_1_26' title="bbox 560 2441 2143 2513">
     <span class='ocr_line' id='line_1_26' title="bbox 560 2441 2143 2513; baseline 0.001 -16"><span class='ocrx_word' id='word_1_181' title='bbox 560 2441 875 2498; x_wconf 76' lang='lat' dir='ltr'><strong>fusionibus</strong></span> <span class='ocrx_word' id='word_1_182' title='bbox 931 2443 1261 2513; x_wconf 89' lang='lat' dir='ltr'><strong>quibusdam</strong></span> <span class='ocrx_word' id='word_1_183' title='bbox 1328 2443 1614 2499; x_wconf 87' lang='lat' dir='ltr'><strong>brachium</strong></span> <span class='ocrx_word' id='word_1_184' title='bbox 1678 2444 1978 2509; x_wconf 84' lang='lat' dir='ltr'><strong>emollivit,</strong></span> <span class='ocrx_word' id='word_1_185' title='bbox 2032 2460 2143 2499; x_wconf 89' lang='lat' dir='ltr'><strong>non</strong></span> 
     </span>
    </p>
   </div>
   <div class='ocr_carea' id='block_1_27' title="bbox 560 2533 2144 2606">
    <p class='ocr_par' dir='ltr' id='par_1_27' title="bbox 560 2533 2144 2606">
     <span class='ocr_line' id='line_1_27' title="bbox 560 2533 2144 2606; baseline 0.001 -16"><span class='ocrx_word' id='word_1_186' title='bbox 560 2543 818 2590; x_wconf 64' lang='lat' dir='ltr'><strong>sexcenta</strong></span> <span class='ocrx_word' id='word_1_187' title='bbox 864 2533 1233 2590; x_wconf 88' lang='lat' dir='ltr'><strong>remediorum</strong></span> <span class='ocrx_word' id='word_1_188' title='bbox 1293 2551 1495 2606; x_wconf 88' lang='lat' dir='ltr'><strong>genera</strong></span> <span class='ocrx_word' id='word_1_189' title='bbox 1551 2535 1821 2591; x_wconf 88' lang='lat' dir='ltr'><strong>adhibuit.</strong></span> <span class='ocrx_word' id='word_1_190' title='bbox 1871 2535 1928 2590; x_wconf 87' lang='lat' dir='ltr'><strong>in</strong></span> <span class='ocrx_word' id='word_1_191' title='bbox 1962 2537 2144 2592; x_wconf 87' lang='lat' dir='ltr'><strong>medio</strong></span> 
     </span>
    </p>
   </div>
   <div class='ocr_carea' id='block_1_28' title="bbox 562 2627 2143 2699">
    <p class='ocr_par' dir='ltr' id='par_1_28' title="bbox 562 2627 2143 2699">
     <span class='ocr_line' id='line_1_28' title="bbox 562 2627 2143 2699; baseline -0.001 -16"><span class='ocrx_word' id='word_1_192' title='bbox 562 2630 743 2684; x_wconf 87' lang='lat' dir='ltr'><strong>stabat</strong></span> <span class='ocrx_word' id='word_1_193' title='bbox 780 2628 890 2692; x_wconf 89' lang='lat' dir='ltr'><strong>ille,</strong></span> <span class='ocrx_word' id='word_1_194' title='bbox 920 2642 1037 2682; x_wconf 91' lang='lat' dir='ltr'><strong>rem</strong></span> <span class='ocrx_word' id='word_1_195' title='bbox 1069 2643 1260 2683; x_wconf 89' lang='lat' dir='ltr'><strong>omnes</strong></span> <span class='ocrx_word' id='word_1_196' title='bbox 1286 2635 1495 2699; x_wconf 81' lang='lat' dir='ltr'><strong>gestam</strong></span> <span class='ocrx_word' id='word_1_197' title='bbox 1526 2627 1784 2681; x_wconf 87' lang='lat' dir='ltr'><strong>videbant</strong></span> <span class='ocrx_word' id='word_1_198' title='bbox 1817 2645 1831 2681; x_wconf 92' lang='lat'><strong>:</strong></span> <span class='ocrx_word' id='word_1_199' title='bbox 1864 2643 1972 2682; x_wconf 89' lang='lat' dir='ltr'><strong>non</strong></span> <span class='ocrx_word' id='word_1_200' title='bbox 1995 2630 2143 2682; x_wconf 91' lang='lat' dir='ltr'><strong>enim</strong></span> 
     </span>
    </p>
   </div>
   <div class='ocr_carea' id='block_1_29' title="bbox 556 2718 2140 2790">
    <p class='ocr_par' dir='ltr' id='par_1_29' title="bbox 556 2718 2140 2790">
     <span class='ocr_line' id='line_1_29' title="bbox 556 2718 2140 2790; baseline -0.001 -15"><span class='ocrx_word' id='word_1_201' title='bbox 556 2720 702 2775; x_wconf 89' lang='lat' dir='ltr'><strong>clam</strong></span> <span class='ocrx_word' id='word_1_202' title='bbox 732 2718 937 2775; x_wconf 92' lang='lat' dir='ltr'><strong>editum</strong></span> <span class='ocrx_word' id='word_1_203' title='bbox 972 2734 1112 2790; x_wconf 90' lang='lat' dir='ltr'><strong>opus</strong></span> <span class='ocrx_word' id='word_1_204' title='bbox 1143 2719 1341 2784; x_wconf 79' lang='lat' dir='ltr'><strong>fuerat,</strong></span> <span class='ocrx_word' id='word_1_205' title='bbox 1376 2735 1446 2775; x_wconf 90' lang='lat' dir='ltr'><strong>ne</strong></span> <span class='ocrx_word' id='word_1_206' title='bbox 1470 2720 1597 2789; x_wconf 90' lang='lat' dir='ltr'><strong>quis</strong></span> <span class='ocrx_word' id='word_1_207' title='bbox 1629 2718 1833 2774; x_wconf 89' lang='lat' dir='ltr'><strong>diceret</strong></span> <span class='ocrx_word' id='word_1_208' title='bbox 1862 2738 1875 2773; x_wconf 92' lang='lat'>:</span> <span class='ocrx_word' id='word_1_209' title='bbox 1905 2719 2140 2774; x_wconf 86' lang='lat' dir='ltr'><strong>Herbam</strong></span> 
     </span>
    </p>
   </div>
   <div class='ocr_carea' id='block_1_30' title="bbox 559 2811 2139 2883">
    <p class='ocr_par' dir='ltr' id='par_1_30' title="bbox 559 2811 2139 2883">
     <span class='ocr_line' id='line_1_30' title="bbox 559 2811 2139 2883; baseline 0.001 -18"><span class='ocrx_word' id='word_1_210' title='bbox 559 2812 830 2874; x_wconf 85' lang='lat' dir='ltr'><strong>adhibuit.</strong></span> <span class='ocrx_word' id='word_1_211' title='bbox 847 2814 1203 2883; x_wconf 84' lang='lat' dir='ltr'><strong>emplastrum</strong></span> <span class='ocrx_word' id='word_1_212' title='bbox 1220 2812 1495 2882; x_wconf 89' lang='lat' dir='ltr'><strong>apposuit.</strong></span> <span class='ocrx_word' id='word_1_213' title='bbox 1525 2811 1718 2883; x_wconf 81' lang='lat' dir='ltr'><strong>Surge.</strong></span> <span class='ocrx_word' id='word_1_214' title='bbox 1741 2821 1824 2869; x_wconf 87' lang='lat' dir='ltr'><strong>sta</strong></span> <span class='ocrx_word' id='word_1_215' title='bbox 1848 2813 1901 2867; x_wconf 88' lang='lat' dir='ltr'><strong>in</strong></span> <span class='ocrx_word' id='word_1_216' title='bbox 1927 2814 2139 2879; x_wconf 89' lang='lat' dir='ltr'><strong>medio;</strong></span> 
     </span>
    </p>
   </div>
   <div class='ocr_carea' id='block_1_31' title="bbox 2246 606 3873 679">
    <p class='ocr_par' dir='ltr' id='par_1_31' title="bbox 2246 606 3873 679">
     <span class='ocr_line' id='line_1_31' title="bbox 2246 606 3873 679; baseline -0.002 -16"><span class='ocrx_word' id='word_1_217' title='bbox 2246 609 2379 663; x_wconf 84' lang='grc' dir='ltr'><strong>Τότε</strong></span> <span class='ocrx_word' id='word_1_218' title='bbox 2426 608 2575 677; x_wconf 80' lang='grc' dir='ltr'><strong>λέγει</strong></span> <span class='ocrx_word' id='word_1_219' title='bbox 2615 607 2754 678; x_wconf 86' lang='grc' dir='ltr'><strong>πρὸς</strong></span> <span class='ocrx_word' id='word_1_220' title='bbox 2802 606 2996 660; x_wconf 80' lang='grc' dir='ltr'><strong>αὐτόν·</strong></span> <span class='ocrx_word' id='word_1_221' title='bbox 3051 607 3331 661; x_wconf 85' lang='grc' dir='ltr'><strong>Ἔκτεινον</strong></span> <span class='ocrx_word' id='word_1_222' title='bbox 3372 606 3472 679; x_wconf 74' lang='grc' dir='ltr'><strong>τὴν</strong></span> <span class='ocrx_word' id='word_1_223' title='bbox 3503 607 3664 678; x_wconf 83' lang='grc' dir='ltr'><strong>χεῖρά</strong></span> <span class='ocrx_word' id='word_1_224' title='bbox 3698 621 3873 660; x_wconf 73' lang='grc' dir='ltr'><strong>σουο</strong></span> 
     </span>
    </p>
   </div>
   <div class='ocr_carea' id='block_1_32' title="bbox 2244 696 3873 769">
    <p class='ocr_par' dir='ltr' id='par_1_32' title="bbox 2244 696 3873 769">
     <span class='ocr_line' id='line_1_32' title="bbox 2244 696 3873 769; baseline -0.005 -13"><span class='ocrx_word' id='word_1_225' title='bbox 2244 701 2346 757; x_wconf 79' lang='grc' dir='ltr'><strong>οὐκ</strong></span> <span class='ocrx_word' id='word_1_226' title='bbox 2372 698 2484 769; x_wconf 85' lang='grc' dir='ltr'><strong>ἐγὼ</strong></span> <span class='ocrx_word' id='word_1_227' title='bbox 2515 701 2790 769; x_wconf 74' lang='grc' dir='ltr'><strong>ἅπτομαι,</strong></span> <span class='ocrx_word' id='word_1_228' title='bbox 2825 697 2911 753; x_wconf 79' lang='grc' dir='ltr'><strong>ἵνα</strong></span> <span class='ocrx_word' id='word_1_229' title='bbox 2945 696 3021 768; x_wconf 82' lang='grc' dir='ltr'><strong>μὴ</strong></span> <span class='ocrx_word' id='word_1_230' title='bbox 3062 696 3301 750; x_wconf 82' lang='grc' dir='ltr'><strong>Ἰουδαῖοι</strong></span> <span class='ocrx_word' id='word_1_231' title='bbox 3335 698 3824 768; x_wconf 80' lang='grc' dir='ltr'><strong>κατηγορήσωσιν</strong></span> <span class='ocrx_word' id='word_1_232' title='bbox 3852 710 3873 726; x_wconf 79' lang='grc' dir='ltr'><strong><em>ο</em></strong></span> 
     </span>
    </p>
   </div>
   <div class='ocr_carea' id='block_1_33' title="bbox 2246 784 3871 865">
    <p class='ocr_par' dir='ltr' id='par_1_33' title="bbox 2246 784 3871 865">
     <span class='ocr_line' id='line_1_33' title="bbox 2246 784 3871 865; baseline -0.004 -17"><span class='ocrx_word' id='word_1_233' title='bbox 2246 795 2336 849; x_wconf 81' lang='grc' dir='ltr'><strong>ἶνα</strong></span> <span class='ocrx_word' id='word_1_234' title='bbox 2364 794 2437 865; x_wconf 81' lang='grc' dir='ltr'><strong>μὴ</strong></span> <span class='ocrx_word' id='word_1_235' title='bbox 2469 794 2534 847; x_wconf 85' lang='grc' dir='ltr'><strong>τὸ</strong></span> <span class='ocrx_word' id='word_1_236' title='bbox 2569 790 2810 862; x_wconf 73' lang='grc' dir='ltr'><strong>ἅψασθαι</strong></span> <span class='ocrx_word' id='word_1_237' title='bbox 2838 791 2999 863; x_wconf 79' lang='grc' dir='ltr'><strong>ἔργον</strong></span> <span class='ocrx_word' id='word_1_238' title='bbox 3023 784 3161 844; x_wconf 72' lang='grc' dir='ltr'><strong>εἶναι</strong></span> <span class='ocrx_word' id='word_1_239' title='bbox 3185 791 3469 861; x_wconf 85' lang='grc' dir='ltr'><strong>νομίσωσι,</strong></span> <span class='ocrx_word' id='word_1_240' title='bbox 3493 789 3637 860; x_wconf 83' lang='grc' dir='ltr'><strong>λόγῳ</strong></span> <span class='ocrx_word' id='word_1_241' title='bbox 3663 787 3871 842; x_wconf 79' lang='grc' dir='ltr'><strong>λαλῶ.</strong></span> 
     </span>
    </p>
   </div>
   <div class='ocr_carea' id='block_1_34' title="bbox 2246 879 3877 954">
    <p class='ocr_par' dir='ltr' id='par_1_34' title="bbox 2246 879 3877 954">
     <span class='ocr_line' id='line_1_34' title="bbox 2246 879 3877 954; baseline -0.004 -16"><span class='ocrx_word' id='word_1_242' title='bbox 2246 886 2360 940; x_wconf 83' lang='grc' dir='ltr'><strong>Ούκ</strong></span> <span class='ocrx_word' id='word_1_243' title='bbox 2383 882 2535 937; x_wconf 77' lang='grc' dir='ltr'><strong>εἶπεν</strong></span> <span class='ocrx_word' id='word_1_244' title='bbox 2560 886 2589 937; x_wconf 99' lang='lat'><strong>6</strong></span> <span class='ocrx_word' id='word_1_245' title='bbox 2612 885 2763 949; x_wconf 83' lang='grc' dir='ltr'><strong>Θεὸς,</strong></span> <span class='ocrx_word' id='word_1_246' title='bbox 2781 884 2872 954; x_wconf 82' lang='grc' dir='ltr'><strong>Μὴ</strong></span> <span class='ocrx_word' id='word_1_247' title='bbox 2893 882 3043 936; x_wconf 83' lang='grc' dir='ltr'><strong>λάλει</strong></span> <span class='ocrx_word' id='word_1_248' title='bbox 3067 883 3125 934; x_wconf 92' lang='grc' dir='ltr'><strong>ἐν</strong></span> <span class='ocrx_word' id='word_1_249' title='bbox 3145 880 3428 952; x_wconf 77' lang='grc' dir='ltr'><strong>Σαϐσάτῳ.</strong></span> <span class='ocrx_word' id='word_1_250' title='bbox 3467 881 3592 934; x_wconf 78' lang='grc' dir='ltr'><strong>Ἐὰν</strong></span> <span class='ocrx_word' id='word_1_251' title='bbox 3611 880 3671 933; x_wconf 66' lang='grc' dir='ltr'><strong>δὲ</strong></span> <span class='ocrx_word' id='word_1_252' title='bbox 3694 883 3729 934; x_wconf 89' lang='lat'><strong>6</strong></span> <span class='ocrx_word' id='word_1_253' title='bbox 3760 879 3877 932; x_wconf 77' lang='grc' dir='ltr'><strong>λόο</strong></span> 
     </span>
    </p>
   </div>
   <div class='ocr_carea' id='block_1_35' title="bbox 2245 972 3874 1049">
    <p class='ocr_par' dir='ltr' id='par_1_35' title="bbox 2245 972 3874 1049">
     <span class='ocr_line' id='line_1_35' title="bbox 2245 972 3874 1049; baseline -0.004 -18"><span class='ocrx_word' id='word_1_254' title='bbox 2245 994 2340 1047; x_wconf 84' lang='grc' dir='ltr'><strong>γος</strong></span> <span class='ocrx_word' id='word_1_255' title='bbox 2372 976 2532 1049; x_wconf 74' lang='grc' dir='ltr'><strong>ἔργον</strong></span> <span class='ocrx_word' id='word_1_256' title='bbox 2553 976 2800 1048; x_wconf 83' lang='grc' dir='ltr'><strong>γένηται,</strong></span> <span class='ocrx_word' id='word_1_257' title='bbox 2827 974 3188 1046; x_wconf 75' lang='grc' dir='ltr'><strong>θαυμαζέσθω</strong></span> <span class='ocrx_word' id='word_1_258' title='bbox 3208 976 3237 1027; x_wconf 88' lang='lat'><strong>6</strong></span> <span class='ocrx_word' id='word_1_259' title='bbox 3258 972 3517 1045; x_wconf 83' lang='grc' dir='ltr'><strong>λαλήσας.</strong></span> <span class='ocrx_word' id='word_1_260' title='bbox 3551 972 3874 1026; x_wconf 73' lang='grc' dir='ltr'><strong>Ἔκτεινον</strong></span> 
     </span>
    </p>
   </div>
   <div class='ocr_carea' id='block_1_36' title="bbox 2244 1066 3873 1141">
    <p class='ocr_par' dir='ltr' id='par_1_36' title="bbox 2244 1066 3873 1141">
     <span class='ocr_line' id='line_1_36' title="bbox 2244 1066 3873 1141; baseline -0.002 -20"><span class='ocrx_word' id='word_1_261' title='bbox 2244 1070 2345 1139; x_wconf 82' lang='grc' dir='ltr'><strong>τὴν</strong></span> <span class='ocrx_word' id='word_1_262' title='bbox 2394 1070 2553 1141; x_wconf 86' lang='grc' dir='ltr'><strong>χεῖρά</strong></span> <span class='ocrx_word' id='word_1_263' title='bbox 2596 1086 2712 1124; x_wconf 91' lang='grc' dir='ltr'><strong>σου.</strong></span> <span class='ocrx_word' id='word_1_264' title='bbox 2766 1068 2942 1122; x_wconf 80' lang='grc' dir='ltr'><strong>Βλέπε</strong></span> <span class='ocrx_word' id='word_1_265' title='bbox 2980 1084 3066 1139; x_wconf 91' lang='grc' dir='ltr'><strong>μοι</strong></span> <span class='ocrx_word' id='word_1_266' title='bbox 3109 1067 3373 1137; x_wconf 76' lang='grc' dir='ltr'><strong>διαφοράν</strong></span> <span class='ocrx_word' id='word_1_267' title='bbox 3411 1066 3787 1137; x_wconf 79' lang='grc' dir='ltr'><strong>πράγματος’</strong></span> <span class='ocrx_word' id='word_1_268' title='bbox 3832 1066 3873 1117; x_wconf 81' lang='grc' dir='ltr'><strong>ὁ</strong></span> 
     </span>
    </p>
   </div>
   <div class='ocr_carea' id='block_1_37' title="bbox 2246 1158 3872 1234">
    <p class='ocr_par' dir='ltr' id='par_1_37' title="bbox 2246 1158 3872 1234">
     <span class='ocr_line' id='line_1_37' title="bbox 2246 1158 3872 1234; baseline -0.002 -20"><span class='ocrx_word' id='word_1_269' title='bbox 2246 1161 2454 1232; x_wconf 81' lang='grc' dir='ltr'><strong>Πέτρος</strong></span> <span class='ocrx_word' id='word_1_270' title='bbox 2497 1164 2554 1215; x_wconf 91' lang='grc' dir='ltr'><strong>ἐν</strong></span> <span class='ocrx_word' id='word_1_271' title='bbox 2587 1161 2780 1234; x_wconf 68' lang='grc' dir='ltr'><strong>Ὡραίᾳ</strong></span> <span class='ocrx_word' id='word_1_272' title='bbox 2810 1160 2951 1231; x_wconf 86' lang='grc' dir='ltr'><strong>πύλῃ</strong></span> <span class='ocrx_word' id='word_1_273' title='bbox 2985 1159 3352 1231; x_wconf 78' lang='grc' dir='ltr'><strong>παραλυτικὸν</strong></span> <span class='ocrx_word' id='word_1_274' title='bbox 3386 1158 3597 1224; x_wconf 79' lang='grc' dir='ltr'><strong>σώζων,</strong></span> <span class='ocrx_word' id='word_1_275' title='bbox 3629 1158 3872 1221; x_wconf 74' lang='grc' dir='ltr'><strong>πιάσας</strong></span> 
     </span>
    </p>
   </div>
   <div class='ocr_carea' id='block_1_38' title="bbox 2245 1249 3864 1326">
    <p class='ocr_par' dir='ltr' id='par_1_38' title="bbox 2245 1249 3864 1326">
     <span class='ocr_line' id='line_1_38' title="bbox 2245 1249 3864 1326; baseline -0.002 -21"><span class='ocrx_word' id='word_1_276' title='bbox 2245 1251 2425 1319; x_wconf 81' lang='grc' dir='ltr'><strong>δεξιᾶς</strong></span> <span class='ocrx_word' id='word_1_277' title='bbox 2465 1253 2647 1326; x_wconf 83' lang='grc' dir='ltr'><strong>χειρὸς</strong></span> <span class='ocrx_word' id='word_1_278' title='bbox 2699 1254 2937 1325; x_wconf 69' lang='grc' dir='ltr'><strong>ἤγειρεν.</strong></span> <span class='ocrx_word' id='word_1_279' title='bbox 2982 1253 3038 1306; x_wconf 87' lang='lat'><strong>&#39;0</strong></span> <span class='ocrx_word' id='word_1_280' title='bbox 3079 1250 3265 1314; x_wconf 83' lang='grc' dir='ltr'><strong>δοῦλος</strong></span> <span class='ocrx_word' id='word_1_281' title='bbox 3305 1249 3518 1323; x_wconf 85' lang='grc' dir='ltr'><strong>κρατῶν</strong></span> <span class='ocrx_word' id='word_1_282' title='bbox 3562 1249 3864 1303; x_wconf 77' lang='grc' dir='ltr'><strong>ἐκτείνειο</strong></span> 
     </span>
    </p>
   </div>
   <div class='ocr_carea' id='block_1_39' title="bbox 2245 1341 3862 1416">
    <p class='ocr_par' dir='ltr' id='par_1_39' title="bbox 2245 1341 3862 1416">
     <span class='ocr_line' id='line_1_39' title="bbox 2245 1341 3862 1416; baseline -0.001 -21"><span class='ocrx_word' id='word_1_283' title='bbox 2245 1344 2275 1395; x_wconf 93' lang='lat'><strong>6</strong></span> <span class='ocrx_word' id='word_1_284' title='bbox 2294 1343 2559 1416; x_wconf 82' lang='grc' dir='ltr'><strong>δεσπότης</strong></span> <span class='ocrx_word' id='word_1_285' title='bbox 2579 1344 2813 1398; x_wconf 77' lang='grc' dir='ltr'><strong>κελεύων</strong></span> <span class='ocrx_word' id='word_1_286' title='bbox 2834 1344 3081 1398; x_wconf 81' lang='grc' dir='ltr'><strong>ἐκτείνει.</strong></span> <span class='ocrx_word' id='word_1_287' title='bbox 3107 1343 3384 1395; x_wconf 87' lang='grc' dir='ltr'><strong>Ἔκτεινον</strong></span> <span class='ocrx_word' id='word_1_288' title='bbox 3397 1341 3496 1413; x_wconf 77' lang='grc' dir='ltr'><strong>τὴν</strong></span> <span class='ocrx_word' id='word_1_289' title='bbox 3518 1341 3679 1413; x_wconf 82' lang='grc' dir='ltr'><strong>χεῖρά</strong></span> <span class='ocrx_word' id='word_1_290' title='bbox 3698 1356 3814 1394; x_wconf 81' lang='grc' dir='ltr'><strong>σου</strong></span> <span class='ocrx_word' id='word_1_291' title='bbox 3841 1355 3862 1371; x_wconf 88' lang='grc'><strong>·</strong></span> 
     </span>
    </p>
   </div>
   <div class='ocr_carea' id='block_1_40' title="bbox 2248 1433 3863 1509">
    <p class='ocr_par' dir='ltr' id='par_1_40' title="bbox 2248 1433 3863 1509">
     <span class='ocr_line' id='line_1_40' title="bbox 2248 1433 3863 1509; baseline -0.001 -21"><span class='ocrx_word' id='word_1_292' title='bbox 2248 1435 2332 1488; x_wconf 80' lang='grc' dir='ltr'><strong>σοὶ</strong></span> <span class='ocrx_word' id='word_1_293' title='bbox 2358 1437 2550 1508; x_wconf 88' lang='grc' dir='ltr'><strong>δίδωμι</strong></span> <span class='ocrx_word' id='word_1_294' title='bbox 2573 1436 2670 1509; x_wconf 79' lang='grc' dir='ltr'><strong>τὴν</strong></span> <span class='ocrx_word' id='word_1_295' title='bbox 2702 1436 2952 1507; x_wconf 86' lang='grc' dir='ltr'><strong>δύναμιν,</strong></span> <span class='ocrx_word' id='word_1_296' title='bbox 2987 1437 3083 1489; x_wconf 73' lang='grc' dir='ltr'><strong>καὶ</strong></span> <span class='ocrx_word' id='word_1_297' title='bbox 3112 1435 3211 1507; x_wconf 83' lang='grc' dir='ltr'><strong>τὴν</strong></span> <span class='ocrx_word' id='word_1_298' title='bbox 3233 1435 3514 1505; x_wconf 72' lang='grc' dir='ltr'><strong>ἐνέργειαν</strong></span> <span class='ocrx_word' id='word_1_299' title='bbox 3544 1434 3644 1506; x_wconf 85' lang='grc' dir='ltr'><strong>τῆς</strong></span> <span class='ocrx_word' id='word_1_300' title='bbox 3669 1433 3863 1502; x_wconf 79' lang='grc' dir='ltr'><strong>θερα-</strong></span> 
     </span>
    </p>
   </div>
   <div class='ocr_carea' id='block_1_41' title="bbox 2247 1525 3862 1598">
    <p class='ocr_par' dir='ltr' id='par_1_41' title="bbox 2247 1525 3862 1598">
     <span class='ocr_line' id='line_1_41' title="bbox 2247 1525 3862 1598; baseline -0.002 -16"><span class='ocrx_word' id='word_1_301' title='bbox 2247 1530 2425 1591; x_wconf 83' lang='grc' dir='ltr'><strong>πείας.</strong></span> <span class='ocrx_word' id='word_1_302' title='bbox 2458 1529 2555 1582; x_wconf 75' lang='grc' dir='ltr'><strong>Διὰ</strong></span> <span class='ocrx_word' id='word_1_303' title='bbox 2577 1529 2685 1581; x_wconf 86' lang='grc' dir='ltr'><strong>τῶν</strong></span> <span class='ocrx_word' id='word_1_304' title='bbox 2717 1528 2890 1597; x_wconf 80' lang='grc' dir='ltr'><strong>λόγων</strong></span> <span class='ocrx_word' id='word_1_305' title='bbox 2923 1526 3185 1590; x_wconf 84' lang='grc' dir='ltr'><strong>κελεύσας</strong></span> <span class='ocrx_word' id='word_1_306' title='bbox 3218 1525 3501 1598; x_wconf 76' lang='grc' dir='ltr'><strong>ἐντίθημι’</strong></span> <span class='ocrx_word' id='word_1_307' title='bbox 3549 1525 3862 1580; x_wconf 76' lang='grc' dir='ltr'><strong>Ἔκτεινον</strong></span> 
     </span>
    </p>
   </div>
   <div class='ocr_carea' id='block_1_42' title="bbox 2245 1612 3860 1692">
    <p class='ocr_par' dir='ltr' id='par_1_42' title="bbox 2245 1612 3860 1692">
     <span class='ocr_line' id='line_1_42' title="bbox 2245 1612 3860 1692; baseline -0.005 -19"><span class='ocrx_word' id='word_1_308' title='bbox 2245 1620 2345 1692; x_wconf 77' lang='grc' dir='ltr'><strong>τὴν</strong></span> <span class='ocrx_word' id='word_1_309' title='bbox 2365 1619 2521 1690; x_wconf 88' lang='grc' dir='ltr'><strong>χεῖρά</strong></span> <span class='ocrx_word' id='word_1_310' title='bbox 2545 1635 2660 1671; x_wconf 93' lang='grc' dir='ltr'><strong>σου.</strong></span> <span class='ocrx_word' id='word_1_311' title='bbox 2699 1618 2758 1670; x_wconf 91' lang='lat'><strong>&#39;0</strong></span> <span class='ocrx_word' id='word_1_312' title='bbox 2789 1616 2887 1688; x_wconf 82' lang='grc' dir='ltr'><strong>μὲν</strong></span> <span class='ocrx_word' id='word_1_313' title='bbox 2913 1612 3088 1681; x_wconf 84' lang='grc' dir='ltr'><strong>εἶπεν,</strong></span> <span class='ocrx_word' id='word_1_314' title='bbox 3117 1616 3148 1667; x_wconf 89' lang='lat'><strong>6</strong></span> <span class='ocrx_word' id='word_1_315' title='bbox 3170 1614 3229 1669; x_wconf 83' lang='grc' dir='ltr'><strong>δέ</strong></span> <span class='ocrx_word' id='word_1_316' title='bbox 3257 1616 3503 1685; x_wconf 85' lang='grc' dir='ltr'><strong>ἐποίησε.</strong></span> <span class='ocrx_word' id='word_1_317' title='bbox 3533 1614 3645 1668; x_wconf 77' lang='lat' dir='ltr'><strong>Kal.</strong></span> <span class='ocrx_word' id='word_1_318' title='bbox 3669 1616 3702 1684; x_wconf 85' lang='grc' dir='ltr'><strong>ή</strong></span> <span class='ocrx_word' id='word_1_319' title='bbox 3736 1613 3860 1683; x_wconf 80' lang='grc' dir='ltr'><strong>μὲν</strong></span> 
     </span>
    </p>
   </div>
   <div class='ocr_carea' id='block_1_43' title="bbox 2249 1705 3859 1783">
    <p class='ocr_par' dir='ltr' id='par_1_43' title="bbox 2249 1705 3859 1783">
     <span class='ocr_line' id='line_1_43' title="bbox 2249 1705 3859 1783; baseline -0.005 -18"><span class='ocrx_word' id='word_1_320' title='bbox 2249 1710 2390 1783; x_wconf 72' lang='grc' dir='ltr'><strong>ξηρὰ</strong></span> <span class='ocrx_word' id='word_1_321' title='bbox 2426 1711 2547 1782; x_wconf 80' lang='grc' dir='ltr'><strong>χεὶρ</strong></span> <span class='ocrx_word' id='word_1_322' title='bbox 2591 1709 3044 1778; x_wconf 71' lang='grc' dir='ltr'><strong>ἀποκατεστάθη·</strong></span> <span class='ocrx_word' id='word_1_323' title='bbox 3079 1708 3142 1761; x_wconf 82' lang='grc' dir='ltr'><strong>τὸ</strong></span> <span class='ocrx_word' id='word_1_324' title='bbox 3166 1707 3222 1761; x_wconf 85' lang='grc' dir='ltr'><strong>δὲ</strong></span> <span class='ocrx_word' id='word_1_325' title='bbox 3248 1707 3410 1778; x_wconf 75' lang='grc' dir='ltr'><strong>ξηρὸν</strong></span> <span class='ocrx_word' id='word_1_326' title='bbox 3442 1707 3540 1778; x_wconf 81' lang='grc' dir='ltr'><strong>τῆς</strong></span> <span class='ocrx_word' id='word_1_327' title='bbox 3592 1705 3859 1768; x_wconf 80' lang='grc' dir='ltr'><strong>διανοίας</strong></span> 
     </span>
    </p>
   </div>
   <div class='ocr_carea' id='block_1_44' title="bbox 2246 1796 3856 1872">
    <p class='ocr_par' dir='ltr' id='par_1_44' title="bbox 2246 1796 3856 1872">
     <span class='ocr_line' id='line_1_44' title="bbox 2246 1796 3856 1872; baseline -0.004 -16"><span class='ocrx_word' id='word_1_328' title='bbox 2246 1803 2353 1857; x_wconf 84' lang='grc' dir='ltr'><strong>τῶν</strong></span> <span class='ocrx_word' id='word_1_329' title='bbox 2387 1802 2652 1855; x_wconf 74' lang='grc' dir='ltr'><strong>Ἰουδαίων</strong></span> <span class='ocrx_word' id='word_1_330' title='bbox 2679 1802 2779 1855; x_wconf 81' lang='grc' dir='ltr'><strong>οὐκ</strong></span> <span class='ocrx_word' id='word_1_331' title='bbox 2802 1799 3142 1872; x_wconf 77' lang='grc' dir='ltr'><strong>ἐθεραπεύθη</strong></span> <span class='ocrx_word' id='word_1_332' title='bbox 3165 1816 3178 1829; x_wconf 89' lang='grc'><strong>·</strong></span> <span class='ocrx_word' id='word_1_333' title='bbox 3203 1798 3316 1852; x_wconf 82' lang='grc' dir='ltr'><strong>ἀλλ’</strong></span> <span class='ocrx_word' id='word_1_334' title='bbox 3342 1796 3668 1862; x_wconf 79' lang='grc' dir='ltr'><strong>ἐξελθόντες.</strong></span> <span class='ocrx_word' id='word_1_335' title='bbox 3691 1797 3856 1850; x_wconf 82' lang='grc' dir='ltr'><strong>κατὰ</strong></span> 
     </span>
    </p>
   </div>
   <div class='ocr_carea' id='block_1_45' title="bbox 2247 1888 3855 1966">
    <p class='ocr_par' dir='ltr' id='par_1_45' title="bbox 2247 1888 3855 1966">
     <span class='ocr_line' id='line_1_45' title="bbox 2247 1888 3855 1966; baseline -0.006 -18"><span class='ocrx_word' id='word_1_336' title='bbox 2247 1894 2309 1948; x_wconf 84' lang='grc' dir='ltr'><strong>τὸ</strong></span> <span class='ocrx_word' id='word_1_337' title='bbox 2338 1895 2540 1966; x_wconf 80' lang='grc' dir='ltr'><strong>ἀρτίως</strong></span> <span class='ocrx_word' id='word_1_338' title='bbox 2571 1895 2907 1963; x_wconf 78' lang='grc' dir='ltr'><strong>ἀνάγνωσμα</strong></span> <span class='ocrx_word' id='word_1_339' title='bbox 2925 1932 2939 1957; x_wconf 87' lang='grc'><em>,</em></span> <span class='ocrx_word' id='word_1_340' title='bbox 2961 1888 3338 1959; x_wconf 76' lang='grc' dir='ltr'><strong>διελογίζοντο,</strong></span> <span class='ocrx_word' id='word_1_341' title='bbox 3364 1889 3418 1941; x_wconf 91' lang='grc' dir='ltr'><strong>τί</strong></span> <span class='ocrx_word' id='word_1_342' title='bbox 3453 1888 3518 1942; x_wconf 85' lang='grc' dir='ltr'><strong>ἂν</strong></span> <span class='ocrx_word' id='word_1_343' title='bbox 3549 1889 3855 1959; x_wconf 80' lang='grc' dir='ltr'><strong>ποιήσειαν</strong></span> 
     </span>
    </p>
   </div>
   <div class='ocr_carea' id='block_1_46' title="bbox 2247 1977 3852 2058">
    <p class='ocr_par' dir='ltr' id='par_1_46' title="bbox 2247 1977 3852 2058">
     <span class='ocr_line' id='line_1_46' title="bbox 2247 1977 3852 2058; baseline -0.006 -18"><span class='ocrx_word' id='word_1_344' title='bbox 2247 1985 2328 2056; x_wconf 85' lang='grc' dir='ltr'><strong>τῷ</strong></span> <span class='ocrx_word' id='word_1_345' title='bbox 2372 1986 2566 2058; x_wconf 79' lang='grc' dir='ltr'><strong>Ἰησοῦ.</strong></span> <span class='ocrx_word' id='word_1_346' title='bbox 2597 1984 2883 2054; x_wconf 80' lang='grc' dir='ltr'><strong>Διαλογίζῃ</strong></span> <span class='ocrx_word' id='word_1_347' title='bbox 2904 2023 2920 2047; x_wconf 87' lang='grc'><em>,</em></span> <span class='ocrx_word' id='word_1_348' title='bbox 2956 1984 3008 2037; x_wconf 81' lang='grc' dir='ltr'><strong>τί</strong></span> <span class='ocrx_word' id='word_1_349' title='bbox 3034 1983 3316 2053; x_wconf 85' lang='grc' dir='ltr'><strong>ποιήσεις;</strong></span> <span class='ocrx_word' id='word_1_350' title='bbox 3347 1980 3726 2052; x_wconf 83' lang='grc' dir='ltr'><strong>προσκύνησον</strong></span> <span class='ocrx_word' id='word_1_351' title='bbox 3760 1977 3852 2043; x_wconf 81' lang='grc' dir='ltr'><strong>ὡς</strong></span> 
     </span>
    </p>
   </div>
   <div class='ocr_carea' id='block_1_47' title="bbox 2247 2070 3852 2149">
    <p class='ocr_par' dir='ltr' id='par_1_47' title="bbox 2247 2070 3852 2149">
     <span class='ocr_line' id='line_1_47' title="bbox 2247 2070 3852 2149; baseline -0.005 -18"><span class='ocrx_word' id='word_1_352' title='bbox 2247 2078 2380 2131; x_wconf 83' lang='grc' dir='ltr'><strong>Θεὸν</strong></span> <span class='ocrx_word' id='word_1_353' title='bbox 2403 2116 2417 2139; x_wconf 86' lang='grc'><strong>.</strong></span> <span class='ocrx_word' id='word_1_354' title='bbox 2447 2076 2821 2149; x_wconf 86' lang='grc' dir='ltr'><strong>προσκύνησον</strong></span> <span class='ocrx_word' id='word_1_355' title='bbox 2855 2076 2947 2128; x_wconf 88' lang='grc' dir='ltr'><strong>τὸν</strong></span> <span class='ocrx_word' id='word_1_356' title='bbox 2975 2072 3377 2145; x_wconf 87' lang='grc' dir='ltr'><strong>θαυματοποιὸν</strong></span> <span class='ocrx_word' id='word_1_357' title='bbox 3400 2111 3416 2135; x_wconf 89' lang='grc'><em>,</em></span> <span class='ocrx_word' id='word_1_358' title='bbox 3455 2070 3852 2144; x_wconf 77' lang='grc' dir='ltr'><strong>προσκύνησον</strong></span> 
     </span>
    </p>
   </div>
   <div class='ocr_carea' id='block_1_48' title="bbox 2248 2162 3853 2242">
    <p class='ocr_par' dir='ltr' id='par_1_48' title="bbox 2248 2162 3853 2242">
     <span class='ocr_line' id='line_1_48' title="bbox 2248 2162 3853 2242; baseline -0.007 -17"><span class='ocrx_word' id='word_1_359' title='bbox 2248 2171 2533 2242; x_wconf 78' lang='grc' dir='ltr'><strong>ἄνθρωπον</strong></span> <span class='ocrx_word' id='word_1_360' title='bbox 2560 2169 2629 2223; x_wconf 69' lang='grc' dir='ltr'><strong>τὰ</strong></span> <span class='ocrx_word' id='word_1_361' title='bbox 2658 2168 2798 2240; x_wconf 81' lang='grc' dir='ltr'><strong>ὑπὲρ</strong></span> <span class='ocrx_word' id='word_1_362' title='bbox 2832 2166 3119 2238; x_wconf 85' lang='grc' dir='ltr'><strong>ἄνθρωπον</strong></span> <span class='ocrx_word' id='word_1_363' title='bbox 3145 2166 3541 2236; x_wconf 74' lang='grc' dir='ltr'><strong>ἐργασάμενον.</strong></span> <span class='ocrx_word' id='word_1_364' title='bbox 3591 2162 3707 2216; x_wconf 84' lang='grc' dir='ltr'><strong>Οὐκ</strong></span> <span class='ocrx_word' id='word_1_365' title='bbox 3729 2163 3853 2233; x_wconf 85' lang='grc' dir='ltr'><strong>ἐμ-</strong></span> 
     </span>
    </p>
   </div>
   <div class='ocr_carea' id='block_1_49' title="bbox 2249 2255 3845 2335">
    <p class='ocr_par' dir='ltr' id='par_1_49' title="bbox 2249 2255 3845 2335">
     <span class='ocr_line' id='line_1_49' title="bbox 2249 2255 3845 2335; baseline -0.006 -18"><span class='ocrx_word' id='word_1_366' title='bbox 2249 2264 2424 2318; x_wconf 83' lang='grc' dir='ltr'><strong>πλάστ</strong></span> <span class='ocrx_word' id='word_1_367' title='bbox 2434 2280 2559 2335; x_wconf 89' lang='grc' dir='ltr'><strong>ρους</strong></span> <span class='ocrx_word' id='word_1_368' title='bbox 2578 2261 2935 2333; x_wconf 82' lang='grc' dir='ltr'><strong>προσέθηκεν,</strong></span> <span class='ocrx_word' id='word_1_369' title='bbox 2954 2261 3053 2312; x_wconf 76' lang='grc' dir='ltr'><strong>οὐκ</strong></span> <span class='ocrx_word' id='word_1_370' title='bbox 3069 2260 3095 2312; x_wconf 85' lang='grc' dir='ltr'><strong>ἐ</strong></span> <span class='ocrx_word' id='word_1_371' title='bbox 3102 2258 3367 2330; x_wconf 71' lang='grc' dir='ltr'><strong>μόροχαῖς</strong></span> <span class='ocrx_word' id='word_1_372' title='bbox 3379 2273 3521 2310; x_wconf 91' lang='grc' dir='ltr'><strong>τισιν</strong></span> <span class='ocrx_word' id='word_1_373' title='bbox 3536 2255 3845 2327; x_wconf 80' lang='grc' dir='ltr'><strong>ἡπάλυνεν.</strong></span> 
     </span>
    </p>
   </div>
   <div class='ocr_carea' id='block_1_50' title="bbox 2248 2347 3849 2427">
    <p class='ocr_par' dir='ltr' id='par_1_50' title="bbox 2248 2347 3849 2427">
     <span class='ocr_line' id='line_1_50' title="bbox 2248 2347 3849 2427; baseline -0.006 -18"><span class='ocrx_word' id='word_1_374' title='bbox 2248 2357 2309 2410; x_wconf 78' lang='grc' dir='ltr'><strong>οὐ</strong></span> <span class='ocrx_word' id='word_1_375' title='bbox 2351 2354 2519 2427; x_wconf 87' lang='grc' dir='ltr'><strong>μυρία</strong></span> <span class='ocrx_word' id='word_1_376' title='bbox 2545 2355 2811 2424; x_wconf 85' lang='grc' dir='ltr'><strong>φάρμακα</strong></span> <span class='ocrx_word' id='word_1_377' title='bbox 2839 2352 3056 2424; x_wconf 73' lang='grc' dir='ltr'><strong>ἰατρικά</strong></span> <span class='ocrx_word' id='word_1_378' title='bbox 3088 2351 3481 2423; x_wconf 80' lang='grc' dir='ltr'><strong>προσήνεγκεν.</strong></span> <span class='ocrx_word' id='word_1_379' title='bbox 3524 2348 3619 2411; x_wconf 75' lang='grc' dir='ltr'><strong>Εἰς</strong></span> <span class='ocrx_word' id='word_1_380' title='bbox 3648 2347 3712 2400; x_wconf 88' lang='grc' dir='ltr'><strong>τὸ</strong></span> <span class='ocrx_word' id='word_1_381' title='bbox 3736 2347 3849 2418; x_wconf 75' lang='grc' dir='ltr'><strong>μέ-</strong></span> 
     </span>
    </p>
   </div>
   <div class='ocr_carea' id='block_1_51' title="bbox 2254 2437 3848 2518">
    <p class='ocr_par' dir='ltr' id='par_1_51' title="bbox 2254 2437 3848 2518">
     <span class='ocr_line' id='line_1_51' title="bbox 2254 2437 3848 2518; baseline -0.007 -17"><span class='ocrx_word' id='word_1_382' title='bbox 2254 2465 2346 2502; x_wconf 92' lang='grc' dir='ltr'><strong>σον</strong></span> <span class='ocrx_word' id='word_1_383' title='bbox 2363 2443 2430 2518; x_wconf 80' lang='grc' dir='ltr'><strong>ἦν</strong></span> <span class='ocrx_word' id='word_1_384' title='bbox 2451 2447 2479 2497; x_wconf 90' lang='lat'><strong>6</strong></span> <span class='ocrx_word' id='word_1_385' title='bbox 2508 2444 2700 2507; x_wconf 78' lang='grc' dir='ltr'><strong>ἑστὼς,</strong></span> <span class='ocrx_word' id='word_1_386' title='bbox 2726 2444 2924 2506; x_wconf 83' lang='grc' dir='ltr'><strong>πάντες</strong></span> <span class='ocrx_word' id='word_1_387' title='bbox 2945 2440 3174 2495; x_wconf 75' lang='grc' dir='ltr'><strong>ἔϐλεπον</strong></span> <span class='ocrx_word' id='word_1_388' title='bbox 3192 2441 3253 2494; x_wconf 89' lang='grc' dir='ltr'><strong>τὸ</strong></span> <span class='ocrx_word' id='word_1_389' title='bbox 3275 2440 3564 2511; x_wconf 87' lang='grc' dir='ltr'><strong>γενόμενον</strong></span> <span class='ocrx_word' id='word_1_390' title='bbox 3578 2453 3592 2469; x_wconf 88' lang='grc'><strong>·</strong></span> <span class='ocrx_word' id='word_1_391' title='bbox 3625 2437 3701 2509; x_wconf 84' lang='grc' dir='ltr'><strong>μὴ</strong></span> <span class='ocrx_word' id='word_1_392' title='bbox 3722 2437 3848 2509; x_wconf 80' lang='grc' dir='ltr'><strong>γὰρ</strong></span> 
     </span>
    </p>
   </div>
   <div class='ocr_carea' id='block_1_52' title="bbox 2250 2526 3849 2609">
    <p class='ocr_par' dir='ltr' id='par_1_52' title="bbox 2250 2526 3849 2609">
     <span class='ocr_line' id='line_1_52' title="bbox 2250 2526 3849 2609; baseline -0.007 -18"><span class='ocrx_word' id='word_1_393' title='bbox 2250 2537 2478 2609; x_wconf 79' lang='grc' dir='ltr'><strong>κρύφιον</strong></span> <span class='ocrx_word' id='word_1_394' title='bbox 2509 2531 2580 2607; x_wconf 76' lang='grc' dir='ltr'><strong>ἦν</strong></span> <span class='ocrx_word' id='word_1_395' title='bbox 2602 2534 2663 2587; x_wconf 90' lang='grc' dir='ltr'><strong>τὸ</strong></span> <span class='ocrx_word' id='word_1_396' title='bbox 2689 2531 3055 2605; x_wconf 77' lang='grc' dir='ltr'><strong>ἐργαζόμενον</strong></span> <span class='ocrx_word' id='word_1_397' title='bbox 3075 2549 3089 2562; x_wconf 88' lang='grc'><strong>·</strong></span> <span class='ocrx_word' id='word_1_398' title='bbox 3120 2531 3207 2585; x_wconf 81' lang='grc' dir='ltr'><strong>ἵνα</strong></span> <span class='ocrx_word' id='word_1_399' title='bbox 3238 2530 3313 2600; x_wconf 90' lang='grc' dir='ltr'><strong>μή</strong></span> <span class='ocrx_word' id='word_1_400' title='bbox 3344 2545 3428 2591; x_wconf 90' lang='grc' dir='ltr'><strong>τις</strong></span> <span class='ocrx_word' id='word_1_401' title='bbox 3460 2527 3623 2601; x_wconf 74' lang='grc' dir='ltr'><strong>είπῃο</strong></span> <span class='ocrx_word' id='word_1_402' title='bbox 3664 2526 3849 2581; x_wconf 80' lang='grc' dir='ltr'><strong>Βοτὰ-</strong></span> 
     </span>
    </p>
   </div>
   <div class='ocr_carea' id='block_1_53' title="bbox 2247 2618 3841 2702">
    <p class='ocr_par' dir='ltr' id='par_1_53' title="bbox 2247 2618 3841 2702">
     <span class='ocr_line' id='line_1_53' title="bbox 2247 2618 3841 2702; baseline -0.01 -18"><span class='ocrx_word' id='word_1_403' title='bbox 2247 2648 2346 2702; x_wconf 89' lang='grc' dir='ltr'><strong>νην</strong></span> <span class='ocrx_word' id='word_1_404' title='bbox 2372 2628 2769 2700; x_wconf 86' lang='grc' dir='ltr'><strong>προσήνεγκεν,</strong></span> <span class='ocrx_word' id='word_1_405' title='bbox 2801 2623 3146 2695; x_wconf 84' lang='grc' dir='ltr'><strong>ἐμπλαστρον</strong></span> <span class='ocrx_word' id='word_1_406' title='bbox 3165 2619 3522 2692; x_wconf 86' lang='grc' dir='ltr'><strong>προσέθηκεν.</strong></span> <span class='ocrx_word' id='word_1_407' title='bbox 3554 2618 3841 2688; x_wconf 80' lang='grc' dir='ltr'><strong>Ἔγειραι,</strong></span> 
     </span>
    </p>
   </div>
   <div class='ocr_carea' id='block_1_54' title="bbox 2253 2709 3844 2793">
    <p class='ocr_par' dir='ltr' id='par_1_54' title="bbox 2253 2709 3844 2793">
     <span class='ocr_line' id='line_1_54' title="bbox 2253 2709 3844 2793; baseline -0.008 -18"><span class='ocrx_word' id='word_1_408' title='bbox 2253 2722 2406 2793; x_wconf 81' lang='grc' dir='ltr'><strong>στῆθι</strong></span> <span class='ocrx_word' id='word_1_409' title='bbox 2430 2722 2510 2784; x_wconf 89' lang='grc' dir='ltr'><strong>είς</strong></span> <span class='ocrx_word' id='word_1_410' title='bbox 2531 2720 2592 2773; x_wconf 87' lang='grc' dir='ltr'><strong>τὸ</strong></span> <span class='ocrx_word' id='word_1_411' title='bbox 2620 2720 2808 2791; x_wconf 82' lang='grc' dir='ltr'><strong>μέσον,</strong></span> <span class='ocrx_word' id='word_1_412' title='bbox 2833 2717 2922 2771; x_wconf 81' lang='grc' dir='ltr'><strong>ἵνα</strong></span> <span class='ocrx_word' id='word_1_413' title='bbox 2949 2717 3164 2779; x_wconf 86' lang='grc' dir='ltr'><strong>πάντως</strong></span> <span class='ocrx_word' id='word_1_414' title='bbox 3188 2715 3262 2787; x_wconf 84' lang='grc' dir='ltr'><strong>μὴ</strong></span> <span class='ocrx_word' id='word_1_415' title='bbox 3291 2713 3709 2784; x_wconf 84' lang='grc' dir='ltr'><strong>κατηγορήσωσι</strong></span> <span class='ocrx_word' id='word_1_416' title='bbox 3728 2709 3844 2782; x_wconf 77' lang='grc' dir='ltr'><strong>τῆς</strong></span> 
     </span>
    </p>
   </div>
   <div class='ocr_carea' id='block_1_55' title="bbox 2250 2805 3749 2885">
    <p class='ocr_par' dir='ltr' id='par_1_55' title="bbox 2250 2805 3749 2885">
     <span class='ocr_line' id='line_1_55' title="bbox 2250 2805 3749 2885; baseline -0.008 -17"><span class='ocrx_word' id='word_1_417' title='bbox 2250 2813 2505 2885; x_wconf 84' lang='grc' dir='ltr'><strong>ἀληθείας</strong></span> <span class='ocrx_word' id='word_1_418' title='bbox 2523 2830 2537 2842; x_wconf 71' lang='grc'><strong>’</strong></span> <span class='ocrx_word' id='word_1_419' title='bbox 2573 2812 2660 2866; x_wconf 78' lang='grc' dir='ltr'><strong>ἵνα</strong></span> <span class='ocrx_word' id='word_1_420' title='bbox 2687 2810 3130 2880; x_wconf 79' lang='grc' dir='ltr'><strong>ἀσυκοφάντητον</strong></span> <span class='ocrx_word' id='word_1_421' title='bbox 3154 2807 3377 2878; x_wconf 83' lang='grc' dir='ltr'><strong>γένηται</strong></span> <span class='ocrx_word' id='word_1_422' title='bbox 3407 2805 3469 2858; x_wconf 86' lang='grc' dir='ltr'><strong>τὸ</strong></span> <span class='ocrx_word' id='word_1_423' title='bbox 3493 2805 3749 2876; x_wconf 82' lang='grc' dir='ltr'><strong>πρᾶγμα.</strong></span> 
     </span>
    </p>
   </div>
   <div class='ocr_carea' id='block_1_56' title="bbox 558 2906 2825 2979">
    <p class='ocr_par' dir='ltr' id='par_1_56' title="bbox 558 2906 2825 2979">
     <span class='ocr_line' id='line_1_56' title="bbox 558 2906 2825 2979; baseline -0.003 -13"><span class='ocrx_word' id='word_1_424' title='bbox 558 2915 620 2968; x_wconf 86' lang='lat' dir='ltr'><strong>ut</strong></span> <span class='ocrx_word' id='word_1_425' title='bbox 648 2924 717 2963; x_wconf 80' lang='lat' dir='ltr'><strong>ne</strong></span> <span class='ocrx_word' id='word_1_426' title='bbox 742 2908 916 2979; x_wconf 90' lang='lat' dir='ltr'><strong>ipsam</strong></span> <span class='ocrx_word' id='word_1_427' title='bbox 951 2907 1029 2962; x_wconf 92' lang='lat' dir='ltr'><strong>rei</strong></span> <span class='ocrx_word' id='word_1_428' title='bbox 1059 2908 1342 2963; x_wconf 88' lang='lat' dir='ltr'><strong>veritatem</strong></span> <span class='ocrx_word' id='word_1_429' title='bbox 1385 2906 1811 2969; x_wconf 85' lang='lat' dir='ltr'><strong>calumnieutur,</strong></span> <span class='ocrx_word' id='word_1_430' title='bbox 1845 2913 1904 2959; x_wconf 93' lang='lat' dir='ltr'><strong>ut</strong></span> <span class='ocrx_word' id='word_1_431' title='bbox 1946 2906 2128 2961; x_wconf 88' lang='lat' dir='ltr'><strong>nullus</strong></span> <span class='ocrx_word' id='word_1_432' title='bbox 2149 2908 2220 2962; x_wconf 83' lang='lat' dir='ltr'><strong>sit</strong></span> <span class='ocrx_word' id='word_1_433' title='bbox 2255 2907 2626 2979; x_wconf 69' lang='lat' dir='ltr'><strong>schphantiaa</strong></span> <span class='ocrx_word' id='word_1_434' title='bbox 2651 2906 2825 2960; x_wconf 86' lang='lat' dir='ltr'><strong>locus.</strong></span> 
     </span>
    </p>
   </div>
   <div class='ocr_carea' id='block_1_57' title="bbox 629 3022 2132 3136">
    <p class='ocr_par' dir='ltr' id='par_1_57' title="bbox 629 3022 2132 3136">
     <span class='ocr_line' id='line_1_57' title="bbox 629 3022 2132 3136; baseline -0.002 -17"><span class='ocrx_word' id='word_1_435' title='bbox 629 3064 718 3119; x_wconf 75' lang='lat' dir='ltr'><strong>l7.</strong></span> <span class='ocrx_word' id='word_1_436' title='bbox 752 3062 970 3136; x_wconf 82' lang='lat' dir='ltr'><strong>Egressi</strong></span> <span class='ocrx_word' id='word_1_437' title='bbox 1000 3071 1178 3117; x_wconf 90' lang='lat' dir='ltr'><strong>autem</strong></span> <span class='ocrx_word' id='word_1_438' title='bbox 1212 3061 1289 3115; x_wconf 91' lang='lat' dir='ltr'><strong>illi</strong></span> <span class='ocrx_word' id='word_1_439' title='bbox 1317 3059 1693 3116; x_wconf 78' lang='lat' dir='ltr'><strong>deliberabant</strong></span> <span class='ocrx_word' id='word_1_440' title='bbox 1724 3060 1856 3131; x_wconf 90' lang='lat' dir='ltr'><strong>quid</strong></span> <span class='ocrx_word' id='word_1_441' title='bbox 1890 3022 2132 3117; x_wconf 82' lang='lat' dir='ltr'><strong>facerent</strong></span> 
     </span>
    </p>
   </div>
   <div class='ocr_carea' id='block_1_58' title="bbox 559 3154 2133 3225">
    <p class='ocr_par' dir='ltr' id='par_1_58' title="bbox 559 3154 2133 3225">
     <span class='ocr_line' id='line_1_58' title="bbox 559 3154 2133 3225; baseline -0.002 -12"><span class='ocrx_word' id='word_1_442' title='bbox 559 3157 629 3213; x_wconf 90' lang='lat' dir='ltr'><strong>de</strong></span> <span class='ocrx_word' id='word_1_443' title='bbox 653 3156 784 3214; x_wconf 82' lang='lat' dir='ltr'><strong>Jesu</strong></span> <span class='ocrx_word' id='word_1_444' title='bbox 818 3176 832 3213; x_wconf 91' lang='lat'><strong>:</strong></span> <span class='ocrx_word' id='word_1_445' title='bbox 871 3165 932 3211; x_wconf 90' lang='lat' dir='ltr'><strong>ut</strong></span> <span class='ocrx_word' id='word_1_446' title='bbox 969 3157 1131 3212; x_wconf 90' lang='lat' dir='ltr'><strong>etiam</strong></span> <span class='ocrx_word' id='word_1_447' title='bbox 1172 3155 1260 3209; x_wconf 91' lang='lat' dir='ltr'><strong>hic</strong></span> <span class='ocrx_word' id='word_1_448' title='bbox 1291 3155 1349 3209; x_wconf 89' lang='lat' dir='ltr'><strong>in</strong></span> <span class='ocrx_word' id='word_1_449' title='bbox 1386 3154 1487 3209; x_wconf 90' lang='lat' dir='ltr'><strong>hac</strong></span> <span class='ocrx_word' id='word_1_450' title='bbox 1515 3154 1632 3225; x_wconf 90' lang='lat' dir='ltr'><strong>ipsa</strong></span> <span class='ocrx_word' id='word_1_451' title='bbox 1657 3154 1812 3218; x_wconf 91' lang='lat' dir='ltr'><strong>hora,</strong></span> <span class='ocrx_word' id='word_1_452' title='bbox 1840 3162 1949 3209; x_wconf 91' lang='lat' dir='ltr'><strong>stat</strong></span> <span class='ocrx_word' id='word_1_453' title='bbox 1978 3156 2133 3224; x_wconf 88' lang='lat' dir='ltr'><strong>quis-</strong></span> 
     </span>
    </p>
   </div>
   <div class='ocr_carea' id='block_1_59' title="bbox 2318 3060 3839 3135">
    <p class='ocr_par' dir='ltr' id='par_1_59' title="bbox 2318 3060 3839 3135">
     <span class='ocr_line' id='line_1_59' title="bbox 2318 3060 3839 3135; baseline -0.001 -19"><span class='ocrx_word' id='word_1_454' title='bbox 2318 3062 2403 3117; x_wconf 76' lang='grc'><strong>17.</strong></span> <span class='ocrx_word' id='word_1_455' title='bbox 2452 3060 2787 3126; x_wconf 77' lang='grc' dir='ltr'><strong>Ἐξελθόντες</strong></span> <span class='ocrx_word' id='word_1_456' title='bbox 2820 3060 2878 3114; x_wconf 81' lang='grc' dir='ltr'><strong>δὲ</strong></span> <span class='ocrx_word' id='word_1_457' title='bbox 2908 3062 3106 3115; x_wconf 88' lang='grc' dir='ltr'><strong>ἐκεῖνοι</strong></span> <span class='ocrx_word' id='word_1_458' title='bbox 3152 3060 3543 3131; x_wconf 76' lang='grc' dir='ltr'><strong>διελογίζοντο,</strong></span> <span class='ocrx_word' id='word_1_459' title='bbox 3590 3060 3644 3113; x_wconf 93' lang='grc' dir='ltr'><strong>τί</strong></span> <span class='ocrx_word' id='word_1_460' title='bbox 3669 3061 3839 3135; x_wconf 78' lang='grc' dir='ltr'><strong>ποιή-</strong></span> 
     </span>
    </p>
   </div>
   <div class='ocr_carea' id='block_1_60' title="bbox 2249 3151 3836 3226">
    <p class='ocr_par' dir='ltr' id='par_1_60' title="bbox 2249 3151 3836 3226">
     <span class='ocr_line' id='line_1_60' title="bbox 2249 3151 3836 3226; baseline -0.002 -16"><span class='ocrx_word' id='word_1_461' title='bbox 2249 3172 2383 3210; x_wconf 90' lang='grc' dir='ltr'><strong>σωσι</strong></span> <span class='ocrx_word' id='word_1_462' title='bbox 2402 3153 2481 3223; x_wconf 82' lang='grc' dir='ltr'><strong>τῷ</strong></span> <span class='ocrx_word' id='word_1_463' title='bbox 2509 3151 2682 3225; x_wconf 88' lang='grc' dir='ltr'><strong>Ἰησοῦ</strong></span> <span class='ocrx_word' id='word_1_464' title='bbox 2702 3170 2715 3183; x_wconf 84' lang='grc'><strong>·</strong></span> <span class='ocrx_word' id='word_1_465' title='bbox 2741 3152 2817 3217; x_wconf 85' lang='grc' dir='ltr'><strong>ὡς</strong></span> <span class='ocrx_word' id='word_1_466' title='bbox 2835 3154 2929 3207; x_wconf 72' lang='grc' dir='ltr'><strong>καὶ</strong></span> <span class='ocrx_word' id='word_1_467' title='bbox 2950 3152 3183 3207; x_wconf 74' lang='grc' dir='ltr'><strong>ἐνταῦθα</strong></span> <span class='ocrx_word' id='word_1_468' title='bbox 3205 3154 3346 3207; x_wconf 75' lang='grc' dir='ltr'><strong>κατὰ</strong></span> <span class='ocrx_word' id='word_1_469' title='bbox 3359 3152 3516 3225; x_wconf 88' lang='grc' dir='ltr'><strong>τήνδε</strong></span> <span class='ocrx_word' id='word_1_470' title='bbox 3540 3151 3634 3225; x_wconf 76' lang='grc' dir='ltr'><strong>τὴν</strong></span> <span class='ocrx_word' id='word_1_471' title='bbox 3652 3152 3836 3226; x_wconf 81' lang='grc' dir='ltr'><strong>ὤραν,</strong></span> 
     </span>
    </p>
   </div>
   <div class='ocr_carea' id='block_1_61' title="bbox 559 3243 2142 3322">
    <p class='ocr_par' dir='ltr' id='par_1_61' title="bbox 559 3247 2142 3322">
     <span class='ocr_line' id='line_1_61' title="bbox 559 3247 2142 3322; baseline -0.002 -18"><span class='ocrx_word' id='word_1_472' title='bbox 559 3251 705 3322; x_wconf 89' lang='lat' dir='ltr'><strong>piam</strong></span> <span class='ocrx_word' id='word_1_473' title='bbox 736 3250 889 3305; x_wconf 90' lang='lat' dir='ltr'><strong>arida</strong></span> <span class='ocrx_word' id='word_1_474' title='bbox 923 3266 1110 3315; x_wconf 88' lang='lat' dir='ltr'><strong>manu,</strong></span> <span class='ocrx_word' id='word_1_475' title='bbox 1143 3263 1267 3304; x_wconf 90' lang='lat' dir='ltr'><strong>cum</strong></span> <span class='ocrx_word' id='word_1_476' title='bbox 1301 3261 1422 3302; x_wconf 91' lang='lat' dir='ltr'><strong>eam</strong></span> <span class='ocrx_word' id='word_1_477' title='bbox 1473 3247 1699 3317; x_wconf 84' lang='lat' dir='ltr'><strong>pauperi</strong></span> <span class='ocrx_word' id='word_1_478' title='bbox 1745 3262 1857 3300; x_wconf 88' lang='lat' dir='ltr'><strong>non</strong></span> <span class='ocrx_word' id='word_1_479' title='bbox 1910 3247 2142 3317; x_wconf 86' lang='lat' dir='ltr'><strong>porrigit</strong></span> 
     </span>
    </p>
   </div>
   <div class='ocr_carea' id='block_1_62' title="bbox 2247 3243 3839 3322">
    <p class='ocr_par' dir='ltr' id='par_1_62' title="bbox 2247 3243 3839 3317">
     <span class='ocr_line' id='line_1_62' title="bbox 2247 3243 3839 3317; baseline -0.003 -16"><span class='ocrx_word' id='word_1_480' title='bbox 2247 3245 2445 3317; x_wconf 71' lang='grc' dir='ltr'><strong>ἕστηκέ</strong></span> <span class='ocrx_word' id='word_1_481' title='bbox 2464 3262 2546 3308; x_wconf 89' lang='grc' dir='ltr'><strong>τις</strong></span> <span class='ocrx_word' id='word_1_482' title='bbox 2565 3244 2735 3316; x_wconf 74' lang='grc' dir='ltr'><strong>ξηρὰν</strong></span> <span class='ocrx_word' id='word_1_483' title='bbox 2759 3243 2895 3315; x_wconf 79' lang='grc' dir='ltr'><strong>ἔχων</strong></span> <span class='ocrx_word' id='word_1_484' title='bbox 2922 3244 3019 3316; x_wconf 85' lang='grc' dir='ltr'><strong>τὴν</strong></span> <span class='ocrx_word' id='word_1_485' title='bbox 3043 3247 3221 3317; x_wconf 85' lang='grc' dir='ltr'><strong>χεῖρα,</strong></span> <span class='ocrx_word' id='word_1_486' title='bbox 3248 3260 3276 3298; x_wconf 97' lang='grc' dir='ltr'><strong>ο</strong></span> <span class='ocrx_word' id='word_1_487' title='bbox 3305 3245 3379 3317; x_wconf 82' lang='grc' dir='ltr'><strong>μὴ</strong></span> <span class='ocrx_word' id='word_1_488' title='bbox 3403 3244 3657 3298; x_wconf 77' lang='grc' dir='ltr'><strong>ἐκτείνων</strong></span> <span class='ocrx_word' id='word_1_489' title='bbox 3682 3261 3839 3297; x_wconf 85' lang='grc' dir='ltr'><strong>πτω-</strong></span> 
     </span>
    </p>
   </div>
   <div class='ocr_carea' id='block_1_63' title="bbox 562 3339 2140 3414">
    <p class='ocr_par' dir='ltr' id='par_1_63' title="bbox 562 3339 2140 3414">
     <span class='ocr_line' id='line_1_63' title="bbox 562 3339 2140 3414; baseline -0.001 -18"><span class='ocrx_word' id='word_1_490' title='bbox 562 3342 633 3397; x_wconf 91' lang='lat' dir='ltr'><strong>ad</strong></span> <span class='ocrx_word' id='word_1_491' title='bbox 676 3344 1081 3414; x_wconf 81' lang='lat' dir='ltr'><strong>eleemosynam</strong></span> <span class='ocrx_word' id='word_1_492' title='bbox 1116 3357 1129 3392; x_wconf 90' lang='lat'><strong>:</strong></span> <span class='ocrx_word' id='word_1_493' title='bbox 1166 3340 1212 3396; x_wconf 91' lang='lat' dir='ltr'><strong>is</strong></span> <span class='ocrx_word' id='word_1_494' title='bbox 1262 3339 1618 3409; x_wconf 89' lang='lat' dir='ltr'><strong>quantumvis</strong></span> <span class='ocrx_word' id='word_1_495' title='bbox 1671 3353 1900 3409; x_wconf 90' lang='lat' dir='ltr'><strong>corpore</strong></span> <span class='ocrx_word' id='word_1_496' title='bbox 1950 3353 2140 3406; x_wconf 87' lang='lat' dir='ltr'><strong>sanus,</strong></span> 
     </span>
    </p>
   </div>
   <div class='ocr_carea' id='block_1_64' title="bbox 559 3430 2143 3501">
    <p class='ocr_par' dir='ltr' id='par_1_64' title="bbox 559 3430 2143 3501">
     <span class='ocr_line' id='line_1_64' title="bbox 559 3430 2143 3501; baseline -0.003 -12"><span class='ocrx_word' id='word_1_497' title='bbox 559 3436 750 3491; x_wconf 89' lang='lat' dir='ltr'><strong>aridus</strong></span> <span class='ocrx_word' id='word_1_498' title='bbox 782 3441 867 3490; x_wconf 88' lang='lat' dir='ltr'><strong>est</strong></span> <span class='ocrx_word' id='word_1_499' title='bbox 894 3442 1093 3489; x_wconf 90' lang='lat' dir='ltr'><strong>mente.</strong></span> <span class='ocrx_word' id='word_1_500' title='bbox 1127 3431 1269 3486; x_wconf 84' lang='lat' dir='ltr'><strong>Audi</strong></span> <span class='ocrx_word' id='word_1_501' title='bbox 1297 3440 1352 3487; x_wconf 91' lang='lat' dir='ltr'><strong>et</strong></span> <span class='ocrx_word' id='word_1_502' title='bbox 1383 3438 1443 3485; x_wconf 92' lang='lat' dir='ltr'><strong>tu</strong></span> <span class='ocrx_word' id='word_1_503' title='bbox 1489 3430 1590 3485; x_wconf 92' lang='lat' dir='ltr'><strong>bac</strong></span> <span class='ocrx_word' id='word_1_504' title='bbox 1626 3431 1744 3501; x_wconf 87' lang='lat' dir='ltr'><strong>ipsa</strong></span> <span class='ocrx_word' id='word_1_505' title='bbox 1769 3431 1905 3485; x_wconf 87' lang='lat' dir='ltr'><strong>hora</strong></span> <span class='ocrx_word' id='word_1_506' title='bbox 1937 3432 2143 3485; x_wconf 86' lang='lat' dir='ltr'><strong>saluta-</strong></span> 
     </span>
    </p>
   </div>
   <div class='ocr_carea' id='block_1_65' title="bbox 558 3525 2143 3591">
    <p class='ocr_par' dir='ltr' id='par_1_65' title="bbox 558 3525 2143 3591">
     <span class='ocr_line' id='line_1_65' title="bbox 558 3525 2143 3591; baseline -0.002 -8"><span class='ocrx_word' id='word_1_507' title='bbox 558 3529 640 3583; x_wconf 88' lang='lat' dir='ltr'><strong>ria</strong></span> <span class='ocrx_word' id='word_1_508' title='bbox 668 3529 784 3583; x_wconf 74' lang='lat' dir='ltr'><strong>haec</strong></span> <span class='ocrx_word' id='word_1_509' title='bbox 821 3528 988 3584; x_wconf 86' lang='lat' dir='ltr'><strong>verba</strong></span> <span class='ocrx_word' id='word_1_510' title='bbox 1020 3544 1035 3582; x_wconf 89' lang='lat'><strong>:</strong></span> <span class='ocrx_word' id='word_1_511' title='bbox 1071 3525 1312 3581; x_wconf 82' lang='lat' dir='ltr'><strong>Extende</strong></span> <span class='ocrx_word' id='word_1_512' title='bbox 1360 3541 1585 3580; x_wconf 90' lang='lat' dir='ltr'><strong>manum</strong></span> <span class='ocrx_word' id='word_1_513' title='bbox 1631 3532 1802 3591; x_wconf 90' lang='lat' dir='ltr'><strong>tuam,</strong></span> <span class='ocrx_word' id='word_1_514' title='bbox 1838 3534 1893 3580; x_wconf 88' lang='lat' dir='ltr'><strong>et</strong></span> <span class='ocrx_word' id='word_1_515' title='bbox 1944 3525 2013 3580; x_wconf 73' lang='lat' dir='ltr'><strong>ab</strong></span> <span class='ocrx_word' id='word_1_516' title='bbox 2040 3525 2143 3580; x_wconf 91' lang='lat' dir='ltr'><strong>hac</strong></span> 
     </span>
    </p>
   </div>
   <div class='ocr_carea' id='block_1_66' title="bbox 558 3616 2141 3691">
    <p class='ocr_par' dir='ltr' id='par_1_66' title="bbox 558 3616 2141 3691">
     <span class='ocr_line' id='line_1_66' title="bbox 558 3616 2141 3691; baseline -0.004 -14"><span class='ocrx_word' id='word_1_517' title='bbox 558 3622 647 3678; x_wconf 71' lang='grc' dir='ltr'><strong>αθ</strong></span> <span class='ocrx_word' id='word_1_518' title='bbox 676 3621 854 3691; x_wconf 88' lang='lat' dir='ltr'><strong>incipe</strong></span> <span class='ocrx_word' id='word_1_519' title='bbox 881 3621 1280 3689; x_wconf 87' lang='lat' dir='ltr'><strong>eleemosynam</strong></span> <span class='ocrx_word' id='word_1_520' title='bbox 1311 3617 1540 3689; x_wconf 88' lang='lat' dir='ltr'><strong>pauperi</strong></span> <span class='ocrx_word' id='word_1_521' title='bbox 1584 3632 1831 3688; x_wconf 86' lang='lat' dir='ltr'><strong>erogare.</strong></span> <span class='ocrx_word' id='word_1_522' title='bbox 1856 3616 1979 3671; x_wconf 83' lang='lat' dir='ltr'><strong>Alio</strong></span> <span class='ocrx_word' id='word_1_523' title='bbox 2012 3616 2141 3673; x_wconf 88' lang='lat' dir='ltr'><strong>item</strong></span> 
     </span>
    </p>
   </div>
   <div class='ocr_carea' id='block_1_67' title="bbox 558 3708 2143 3784">
    <p class='ocr_par' dir='ltr' id='par_1_67' title="bbox 558 3708 2143 3784">
     <span class='ocr_line' id='line_1_67' title="bbox 558 3708 2143 3784; baseline -0.004 -14"><span class='ocrx_word' id='word_1_524' title='bbox 558 3714 722 3770; x_wconf 89' lang='lat' dir='ltr'><strong>modo</strong></span> <span class='ocrx_word' id='word_1_525' title='bbox 765 3711 821 3768; x_wconf 92' lang='lat' dir='ltr'><strong>id</strong></span> <span class='ocrx_word' id='word_1_526' title='bbox 865 3720 1285 3784; x_wconf 87' lang='lat' dir='ltr'><strong>pertractemus.</strong></span> <span class='ocrx_word' id='word_1_527' title='bbox 1334 3708 1491 3765; x_wconf 81' lang='lat' dir='ltr'><strong>Multi</strong></span> <span class='ocrx_word' id='word_1_528' title='bbox 1530 3709 1731 3765; x_wconf 91' lang='lat' dir='ltr'><strong>incurii</strong></span> <span class='ocrx_word' id='word_1_529' title='bbox 1768 3721 1895 3766; x_wconf 89' lang='lat' dir='ltr'><strong>sunt</strong></span> <span class='ocrx_word' id='word_1_530' title='bbox 1928 3712 1983 3765; x_wconf 89' lang='lat' dir='ltr'><strong>in</strong></span> <span class='ocrx_word' id='word_1_531' title='bbox 2015 3725 2143 3782; x_wconf 85' lang='lat' dir='ltr'><strong>pre-</strong></span> 
     </span>
    </p>
   </div>
   <div class='ocr_carea' id='block_1_68' title="bbox 558 3801 2142 3875">
    <p class='ocr_par' dir='ltr' id='par_1_68' title="bbox 558 3801 2142 3875">
     <span class='ocr_line' id='line_1_68' title="bbox 558 3801 2142 3875; baseline -0.003 -14"><span class='ocrx_word' id='word_1_532' title='bbox 558 3807 756 3870; x_wconf 87' lang='lat' dir='ltr'><strong>cando,</strong></span> <span class='ocrx_word' id='word_1_533' title='bbox 795 3812 910 3859; x_wconf 91' lang='lat' dir='ltr'><strong>tota</strong></span> <span class='ocrx_word' id='word_1_534' title='bbox 936 3804 1023 3860; x_wconf 90' lang='lat' dir='ltr'><strong>die</strong></span> <span class='ocrx_word' id='word_1_535' title='bbox 1051 3804 1286 3875; x_wconf 90' lang='lat' dir='ltr'><strong>negotiis</strong></span> <span class='ocrx_word' id='word_1_536' title='bbox 1327 3801 1657 3858; x_wconf 89' lang='lat' dir='ltr'><strong>incumbunt</strong></span> <span class='ocrx_word' id='word_1_537' title='bbox 1703 3801 1979 3867; x_wconf 87' lang='lat' dir='ltr'><strong>humanis,</strong></span> <span class='ocrx_word' id='word_1_538' title='bbox 2016 3802 2142 3857; x_wconf 80' lang='lat' dir='ltr'><strong>vili-</strong></span> 
     </span>
    </p>
   </div>
   <div class='ocr_carea' id='block_1_69' title="bbox 559 3891 2140 3967">
    <p class='ocr_par' dir='ltr' id='par_1_69' title="bbox 559 3891 2140 3967">
     <span class='ocr_line' id='line_1_69' title="bbox 559 3891 2140 3967; baseline -0.004 -14"><span class='ocrx_word' id='word_1_539' title='bbox 559 3896 914 3967; x_wconf 89' lang='lat' dir='ltr'><strong>penduntque</strong></span> <span class='ocrx_word' id='word_1_540' title='bbox 949 3894 1193 3950; x_wconf 90' lang='lat' dir='ltr'><strong>divinum</strong></span> <span class='ocrx_word' id='word_1_541' title='bbox 1227 3894 1607 3965; x_wconf 89' lang='lat' dir='ltr'><strong>precationum</strong></span> <span class='ocrx_word' id='word_1_542' title='bbox 1656 3894 1954 3964; x_wconf 81' lang='lat' dir='ltr'><strong>negotium.</strong></span> <span class='ocrx_word' id='word_1_543' title='bbox 2000 3891 2140 3948; x_wconf 78' lang='lat' dir='ltr'><strong>Huic</strong></span> 
     </span>
    </p>
   </div>
   <div class='ocr_carea' id='block_1_70' title="bbox 559 3982 2141 4058">
    <p class='ocr_par' dir='ltr' id='par_1_70' title="bbox 559 3982 2141 4058">
     <span class='ocr_line' id='line_1_70' title="bbox 559 3982 2141 4058; baseline -0.003 -17"><span class='ocrx_word' id='word_1_544' title='bbox 559 4003 777 4058; x_wconf 88' lang='lat' dir='ltr'><strong>quoque</strong></span> <span class='ocrx_word' id='word_1_545' title='bbox 811 3986 957 4040; x_wconf 89' lang='lat' dir='ltr'><strong>dicat</strong></span> <span class='ocrx_word' id='word_1_546' title='bbox 992 3983 1245 4040; x_wconf 82' lang='lat' dir='ltr'><strong>Salvator</strong></span> <span class='ocrx_word' id='word_1_547' title='bbox 1278 4003 1292 4039; x_wconf 89' lang='lat'><strong>:</strong></span> <span class='ocrx_word' id='word_1_548' title='bbox 1324 3982 1572 4039; x_wconf 77' lang='lat' dir='ltr'><strong>Extende</strong></span> <span class='ocrx_word' id='word_1_549' title='bbox 1604 3997 1829 4038; x_wconf 88' lang='lat' dir='ltr'><strong>manum</strong></span> <span class='ocrx_word' id='word_1_550' title='bbox 1864 3990 2037 4050; x_wconf 88' lang='lat' dir='ltr'><strong>tuam,</strong></span> <span class='ocrx_word' id='word_1_551' title='bbox 2081 3991 2141 4038; x_wconf 91' lang='lat' dir='ltr'><strong>ut</strong></span> 
     </span>
    </p>
   </div>
   <div class='ocr_carea' id='block_1_71' title="bbox 557 4075 2138 4149">
    <p class='ocr_par' dir='ltr' id='par_1_71' title="bbox 557 4075 2138 4149">
     <span class='ocr_line' id='line_1_71' title="bbox 557 4075 2138 4149; baseline -0.003 -14"><span class='ocrx_word' id='word_1_552' title='bbox 557 4080 638 4135; x_wconf 85' lang='lat' dir='ltr'><strong>ait</strong></span> <span class='ocrx_word' id='word_1_553' title='bbox 665 4078 959 4149; x_wconf 87' lang='lat' dir='ltr'><strong>Apostolus</strong></span> <span class='ocrx_word' id='word_1_554' title='bbox 991 4093 1007 4129; x_wconf 87' lang='lat'><strong>:</strong></span> <span class='ocrx_word' id='word_1_555' title='bbox 1039 4095 1059 4128; x_wconf 76' lang='grc' dir='ltr'><strong>ι</strong></span> <span class='ocrx_word' id='word_1_556' title='bbox 1100 4075 1238 4131; x_wconf 79' lang='lat' dir='ltr'><strong>Volo</strong></span> <span class='ocrx_word' id='word_1_557' title='bbox 1265 4090 1423 4131; x_wconf 89' lang='lat' dir='ltr'><strong>orare</strong></span> <span class='ocrx_word' id='word_1_558' title='bbox 1454 4076 1704 4131; x_wconf 80' lang='lat' dir='ltr'><strong>homines</strong></span> <span class='ocrx_word' id='word_1_559' title='bbox 1735 4076 1790 4128; x_wconf 89' lang='lat' dir='ltr'><strong>in</strong></span> <span class='ocrx_word' id='word_1_560' title='bbox 1814 4075 1962 4129; x_wconf 91' lang='lat' dir='ltr'><strong>omni</strong></span> <span class='ocrx_word' id='word_1_561' title='bbox 1995 4076 2138 4142; x_wconf 87' lang='lat' dir='ltr'><strong>loco,</strong></span> 
     </span>
    </p>
   </div>
   <div class='ocr_carea' id='block_1_72' title="bbox 560 4163 2139 4233">
    <p class='ocr_par' dir='ltr' id='par_1_72' title="bbox 560 4163 2139 4233">
     <span class='ocr_line' id='line_1_72' title="bbox 560 4163 2139 4233; baseline -0.006 -8"><span class='ocrx_word' id='word_1_562' title='bbox 560 4170 887 4225; x_wconf 75' lang='lat' dir='ltr'><strong>extollentes</strong></span> <span class='ocrx_word' id='word_1_563' title='bbox 918 4173 1138 4222; x_wconf 86' lang='lat' dir='ltr'><strong>sanctas</strong></span> <span class='ocrx_word' id='word_1_564' title='bbox 1169 4181 1366 4222; x_wconf 90' lang='lat' dir='ltr'><strong>manus</strong></span> <span class='ocrx_word' id='word_1_565' title='bbox 1394 4165 1469 4218; x_wconf 79' lang='lat'><strong>‘°.</strong></span> <span class='ocrx_word' id='word_1_566' title='bbox 1512 4182 1531 4215; x_wconf 75' lang='grc' dir='ltr'><strong>ι</strong></span> <span class='ocrx_word' id='word_1_567' title='bbox 1562 4163 1832 4219; x_wconf 72' lang='lat' dir='ltr'><strong>Czeterum</strong></span> <span class='ocrx_word' id='word_1_568' title='bbox 1863 4166 1992 4233; x_wconf 87' lang='lat' dir='ltr'><strong>quia</strong></span> <span class='ocrx_word' id='word_1_569' title='bbox 2021 4179 2139 4219; x_wconf 90' lang='lat' dir='ltr'><strong>ser-</strong></span> 
     </span>
    </p>
   </div>
   <div class='ocr_carea' id='block_1_73' title="bbox 559 4252 2141 4329">
    <p class='ocr_par' dir='ltr' id='par_1_73' title="bbox 559 4252 2141 4329">
     <span class='ocr_line' id='line_1_73' title="bbox 559 4252 2141 4329; baseline -0.001 -17"><span class='ocrx_word' id='word_1_570' title='bbox 559 4272 653 4312; x_wconf 88' lang='lat' dir='ltr'><strong>mo</strong></span> <span class='ocrx_word' id='word_1_571' title='bbox 671 4262 857 4311; x_wconf 80' lang='lat' dir='ltr'><strong>noster</strong></span> <span class='ocrx_word' id='word_1_572' title='bbox 879 4259 1014 4310; x_wconf 80' lang='lat' dir='ltr'><strong>satis</strong></span> <span class='ocrx_word' id='word_1_573' title='bbox 1036 4254 1326 4329; x_wconf 87' lang='lat' dir='ltr'><strong>processit,</strong></span> <span class='ocrx_word' id='word_1_574' title='bbox 1352 4264 1637 4324; x_wconf 86' lang='lat' dir='ltr'><strong>surgentes</strong></span> <span class='ocrx_word' id='word_1_575' title='bbox 1660 4252 1765 4324; x_wconf 80' lang='lat'><strong>55</strong></span> <span class='ocrx_word' id='word_1_576' title='bbox 1785 4268 1884 4308; x_wconf 90' lang='lat' dir='ltr'><strong>nos</strong></span> <span class='ocrx_word' id='word_1_577' title='bbox 1918 4254 2019 4324; x_wconf 92' lang='lat' dir='ltr'><strong>ipsi</strong></span> <span class='ocrx_word' id='word_1_578' title='bbox 2044 4270 2141 4310; x_wconf 85' lang='lat' dir='ltr'><strong>ex-</strong></span> 
     </span>
    </p>
   </div>
   <div class='ocr_carea' id='block_1_74' title="bbox 562 4342 2137 4407">
    <p class='ocr_par' dir='ltr' id='par_1_74' title="bbox 562 4342 2137 4407">
     <span class='ocr_line' id='line_1_74' title="bbox 562 4342 2137 4407; baseline 0.002 -11"><span class='ocrx_word' id='word_1_579' title='bbox 562 4344 856 4398; x_wconf 87' lang='lat' dir='ltr'><strong>tendamus</strong></span> <span class='ocrx_word' id='word_1_580' title='bbox 887 4358 1105 4406; x_wconf 90' lang='lat' dir='ltr'><strong>manus,</strong></span> <span class='ocrx_word' id='word_1_581' title='bbox 1123 4360 1230 4397; x_wconf 88' lang='lat' dir='ltr'><strong>non</strong></span> <span class='ocrx_word' id='word_1_582' title='bbox 1248 4343 1424 4397; x_wconf 88' lang='lat' dir='ltr'><strong>solum</strong></span> <span class='ocrx_word' id='word_1_583' title='bbox 1458 4343 1514 4396; x_wconf 92' lang='lat' dir='ltr'><strong>in</strong></span> <span class='ocrx_word' id='word_1_584' title='bbox 1532 4342 1641 4407; x_wconf 87' lang='lat' dir='ltr'><strong>die,</strong></span> <span class='ocrx_word' id='word_1_585' title='bbox 1668 4345 1760 4398; x_wconf 92' lang='lat' dir='ltr'><strong>sed</strong></span> <span class='ocrx_word' id='word_1_586' title='bbox 1774 4350 1827 4397; x_wconf 89' lang='lat' dir='ltr'><strong>et</strong></span> <span class='ocrx_word' id='word_1_587' title='bbox 1856 4344 1909 4397; x_wconf 88' lang='lat' dir='ltr'><strong>in</strong></span> <span class='ocrx_word' id='word_1_588' title='bbox 1934 4351 2093 4398; x_wconf 90' lang='lat' dir='ltr'><strong>nocte</strong></span> <span class='ocrx_word' id='word_1_589' title='bbox 2123 4363 2137 4399; x_wconf 87' lang='lat'><strong>:</strong></span> 
     </span>
    </p>
   </div>
   <div class='ocr_carea' id='block_1_75' title="bbox 561 4433 2142 4499">
    <p class='ocr_par' dir='ltr' id='par_1_75' title="bbox 561 4433 2142 4499">
     <span class='ocr_line' id='line_1_75' title="bbox 561 4433 2142 4499; baseline 0.003 -13"><span class='ocrx_word' id='word_1_590' title='bbox 561 4453 584 4486; x_wconf 76' lang='grc' dir='ltr'><strong>ι</strong></span> <span class='ocrx_word' id='word_1_591' title='bbox 608 4433 667 4489; x_wconf 93' lang='lat' dir='ltr'><strong>ln</strong></span> <span class='ocrx_word' id='word_1_592' title='bbox 694 4435 948 4489; x_wconf 89' lang='lat' dir='ltr'><strong>noctibus</strong></span> <span class='ocrx_word' id='word_1_593' title='bbox 976 4436 1220 4491; x_wconf 78' lang='lat' dir='ltr'><strong>exlollite</strong></span> <span class='ocrx_word' id='word_1_594' title='bbox 1253 4452 1447 4492; x_wconf 86' lang='lat' dir='ltr'><strong>manus</strong></span> <span class='ocrx_word' id='word_1_595' title='bbox 1472 4442 1687 4491; x_wconf 82' lang='lat' dir='ltr'><strong>vestras</strong></span> <span class='ocrx_word' id='word_1_596' title='bbox 1738 4435 1793 4489; x_wconf 91' lang='lat' dir='ltr'><strong>in</strong></span> <span class='ocrx_word' id='word_1_597' title='bbox 1836 4444 2051 4499; x_wconf 78' lang='lat' dir='ltr'><strong>sancta,</strong></span> <span class='ocrx_word' id='word_1_598' title='bbox 2087 4444 2142 4491; x_wconf 89' lang='lat' dir='ltr'><strong>et</strong></span> 
     </span>
    </p>
   </div>
   <div class='ocr_carea' id='block_1_76' title="bbox 2244 3332 3837 3411">
    <p class='ocr_par' dir='ltr' id='par_1_76' title="bbox 2244 3332 3837 3411">
     <span class='ocr_line' id='line_1_76' title="bbox 2244 3332 3837 3411; baseline -0.002 -19"><span class='ocrx_word' id='word_1_599' title='bbox 2244 3339 2325 3411; x_wconf 78' lang='grc' dir='ltr'>χῷ</span> <span class='ocrx_word' id='word_1_600' title='bbox 2350 3335 2740 3410; x_wconf 83' lang='grc' dir='ltr'><strong>ἐλεημοσύνην.</strong></span> <span class='ocrx_word' id='word_1_601' title='bbox 2773 3332 2939 3400; x_wconf 73' lang='grc' dir='ltr'><strong>Οὗτος</strong></span> <span class='ocrx_word' id='word_1_602' title='bbox 2972 3339 3074 3391; x_wconf 78' lang='grc' dir='ltr'><strong>κὰν</strong></span> <span class='ocrx_word' id='word_1_603' title='bbox 3104 3336 3321 3409; x_wconf 79' lang='grc' dir='ltr'><strong>ὑγιαίνῃ</strong></span> <span class='ocrx_word' id='word_1_604' title='bbox 3355 3337 3415 3390; x_wconf 89' lang='grc' dir='ltr'><strong>τὸ</strong></span> <span class='ocrx_word' id='word_1_605' title='bbox 3445 3336 3604 3407; x_wconf 84' lang='grc' dir='ltr'><strong>σῶμα</strong></span> <span class='ocrx_word' id='word_1_606' title='bbox 3625 3377 3638 3400; x_wconf 84' lang='grc'><em>,</em></span> <span class='ocrx_word' id='word_1_607' title='bbox 3664 3334 3837 3408; x_wconf 81' lang='grc' dir='ltr'><strong>ξηρός</strong></span> 
     </span>
    </p>
   </div>
   <div class='ocr_carea' id='block_1_77' title="bbox 2244 3427 3838 3502">
    <p class='ocr_par' dir='ltr' id='par_1_77' title="bbox 2244 3427 3838 3502">
     <span class='ocr_line' id='line_1_77' title="bbox 2244 3427 3838 3502; baseline -0.002 -17"><span class='ocrx_word' id='word_1_608' title='bbox 2244 3433 2362 3485; x_wconf 84' lang='grc' dir='ltr'><strong>ἐστι</strong></span> <span class='ocrx_word' id='word_1_609' title='bbox 2388 3430 2488 3502; x_wconf 76' lang='grc' dir='ltr'><strong>τὴν</strong></span> <span class='ocrx_word' id='word_1_610' title='bbox 2532 3429 2791 3484; x_wconf 81' lang='grc' dir='ltr'><strong>διάνοιαν.</strong></span> <span class='ocrx_word' id='word_1_611' title='bbox 2845 3430 3109 3482; x_wconf 75' lang='grc' dir='ltr'><strong>’Ἄκουσον</strong></span> <span class='ocrx_word' id='word_1_612' title='bbox 3151 3429 3244 3481; x_wconf 73' lang='grc' dir='ltr'><strong>καὶ</strong></span> <span class='ocrx_word' id='word_1_613' title='bbox 3274 3429 3337 3482; x_wconf 80' lang='grc' dir='ltr'><strong>σὺ</strong></span> <span class='ocrx_word' id='word_1_614' title='bbox 3369 3427 3513 3482; x_wconf 83' lang='grc' dir='ltr'><strong>κατὰ</strong></span> <span class='ocrx_word' id='word_1_615' title='bbox 3540 3429 3695 3500; x_wconf 89' lang='grc' dir='ltr'><strong>τήνδε</strong></span> <span class='ocrx_word' id='word_1_616' title='bbox 3727 3429 3838 3500; x_wconf 73' lang='grc' dir='ltr'><strong>τὴν</strong></span> 
     </span>
    </p>
   </div>
   <div class='ocr_carea' id='block_1_78' title="bbox 2244 3519 3836 3594">
    <p class='ocr_par' dir='ltr' id='par_1_78' title="bbox 2244 3519 3836 3594">
     <span class='ocr_line' id='line_1_78' title="bbox 2244 3519 3836 3594; baseline -0.002 -17"><span class='ocrx_word' id='word_1_617' title='bbox 2244 3522 2392 3594; x_wconf 81' lang='grc' dir='ltr'><strong>ὥραν</strong></span> <span class='ocrx_word' id='word_1_618' title='bbox 2420 3522 2527 3576; x_wconf 83' lang='grc' dir='ltr'><strong>τῶν</strong></span> <span class='ocrx_word' id='word_1_619' title='bbox 2557 3520 2842 3593; x_wconf 88' lang='grc' dir='ltr'><strong>σωτηρίων</strong></span> <span class='ocrx_word' id='word_1_620' title='bbox 2888 3520 3061 3589; x_wconf 88' lang='grc' dir='ltr'><strong>λόγων</strong></span> <span class='ocrx_word' id='word_1_621' title='bbox 3089 3519 3356 3589; x_wconf 87' lang='grc' dir='ltr'><strong>λεγόντων</strong></span> <span class='ocrx_word' id='word_1_622' title='bbox 3375 3536 3388 3550; x_wconf 81' lang='grc'><em>’</em></span> <span class='ocrx_word' id='word_1_623' title='bbox 3426 3520 3703 3573; x_wconf 79' lang='grc' dir='ltr'><strong>Ἔκτεινον</strong></span> <span class='ocrx_word' id='word_1_624' title='bbox 3728 3520 3836 3592; x_wconf 70' lang='grc' dir='ltr'><strong>τὴν</strong></span> 
     </span>
    </p>
   </div>
   <div class='ocr_carea' id='block_1_79' title="bbox 2242 3611 3836 3687">
    <p class='ocr_par' dir='ltr' id='par_1_79' title="bbox 2242 3611 3836 3687">
     <span class='ocr_line' id='line_1_79' title="bbox 2242 3611 3836 3687; baseline -0.003 -18"><span class='ocrx_word' id='word_1_625' title='bbox 2242 3615 2402 3687; x_wconf 85' lang='grc' dir='ltr'><strong>χεῖρά</strong></span> <span class='ocrx_word' id='word_1_626' title='bbox 2429 3631 2523 3668; x_wconf 92' lang='grc' dir='ltr'><strong>σου</strong></span> <span class='ocrx_word' id='word_1_627' title='bbox 2542 3631 2555 3644; x_wconf 87' lang='grc'><strong>·</strong></span> <span class='ocrx_word' id='word_1_628' title='bbox 2588 3615 2683 3668; x_wconf 62' lang='grc' dir='ltr'><strong>καὶ⁵</strong></span> <span class='ocrx_word' id='word_1_629' title='bbox 2702 3614 2810 3669; x_wconf 78' lang='grc' dir='ltr'><strong>ἀπὸ</strong></span> <span class='ocrx_word' id='word_1_630' title='bbox 2835 3613 2928 3667; x_wconf 79' lang='grc' dir='ltr'><strong>τοῦ</strong></span> <span class='ocrx_word' id='word_1_631' title='bbox 2956 3614 3195 3685; x_wconf 87' lang='grc' dir='ltr'><strong>σήμερον</strong></span> <span class='ocrx_word' id='word_1_632' title='bbox 3216 3611 3377 3682; x_wconf 79' lang='grc' dir='ltr'><strong>ἄρξαι</strong></span> <span class='ocrx_word' id='word_1_633' title='bbox 3405 3615 3577 3665; x_wconf 85' lang='grc' dir='ltr'><strong>ποιεῖν</strong></span> <span class='ocrx_word' id='word_1_634' title='bbox 3599 3612 3836 3683; x_wconf 81' lang='grc' dir='ltr'><strong>ἐλεημο-</strong></span> 
     </span>
    </p>
   </div>
   <div class='ocr_carea' id='block_1_80' title="bbox 2244 3702 3833 3777">
    <p class='ocr_par' dir='ltr' id='par_1_80' title="bbox 2244 3702 3833 3777">
     <span class='ocr_line' id='line_1_80' title="bbox 2244 3702 3833 3777; baseline -0.001 -19"><span class='ocrx_word' id='word_1_635' title='bbox 2244 3706 2411 3777; x_wconf 84' lang='grc' dir='ltr'><strong>σύνην</strong></span> <span class='ocrx_word' id='word_1_636' title='bbox 2442 3706 2661 3777; x_wconf 80' lang='grc' dir='ltr'><strong>πτωχῷ.</strong></span> <span class='ocrx_word' id='word_1_637' title='bbox 2709 3706 2820 3760; x_wconf 73' lang='grc' dir='ltr'><strong>Καὶ</strong></span> <span class='ocrx_word' id='word_1_638' title='bbox 2848 3705 3019 3769; x_wconf 82' lang='grc' dir='ltr'><strong>ἄλλως</strong></span> <span class='ocrx_word' id='word_1_639' title='bbox 3048 3705 3104 3759; x_wconf 84' lang='grc' dir='ltr'><strong>δὲ</strong></span> <span class='ocrx_word' id='word_1_640' title='bbox 3133 3704 3266 3758; x_wconf 74' lang='grc' dir='ltr'><strong>αὐτὸ</strong></span> <span class='ocrx_word' id='word_1_641' title='bbox 3297 3704 3568 3775; x_wconf 76' lang='grc' dir='ltr'><strong>λάϐωμεν.</strong></span> <span class='ocrx_word' id='word_1_642' title='bbox 3633 3702 3833 3756; x_wconf 86' lang='grc' dir='ltr'><strong>Πολλοί</strong></span> 
     </span>
    </p>
   </div>
   <div class='ocr_carea' id='block_1_81' title="bbox 2241 3796 3832 3870">
    <p class='ocr_par' dir='ltr' id='par_1_81' title="bbox 2241 3796 3832 3870">
     <span class='ocr_line' id='line_1_81' title="bbox 2241 3796 3832 3870; baseline 0 -18"><span class='ocrx_word' id='word_1_643' title='bbox 2241 3800 2386 3862; x_wconf 83' lang='grc' dir='ltr'><strong>τινές</strong></span> <span class='ocrx_word' id='word_1_644' title='bbox 2404 3802 2540 3852; x_wconf 76' lang='grc' dir='ltr'><strong>εἰσιν</strong></span> <span class='ocrx_word' id='word_1_645' title='bbox 2567 3798 2789 3869; x_wconf 84' lang='grc' dir='ltr'><strong>ἀμελεῖς</strong></span> <span class='ocrx_word' id='word_1_646' title='bbox 2811 3798 2892 3862; x_wconf 85' lang='grc' dir='ltr'><strong>είς</strong></span> <span class='ocrx_word' id='word_1_647' title='bbox 2920 3796 3249 3868; x_wconf 78' lang='grc' dir='ltr'><strong>προσευχὰς,</strong></span> <span class='ocrx_word' id='word_1_648' title='bbox 3284 3797 3379 3851; x_wconf 77' lang='grc' dir='ltr'><strong>καὶ</strong></span> <span class='ocrx_word' id='word_1_649' title='bbox 3401 3798 3580 3850; x_wconf 79' lang='grc' dir='ltr'><strong>πᾶσαν</strong></span> <span class='ocrx_word' id='word_1_650' title='bbox 3606 3797 3705 3867; x_wconf 77' lang='grc' dir='ltr'><strong>μὲν</strong></span> <span class='ocrx_word' id='word_1_651' title='bbox 3726 3798 3832 3870; x_wconf 80' lang='grc' dir='ltr'><strong>τὴν</strong></span> 
     </span>
    </p>
   </div>
   <div class='ocr_carea' id='block_1_82' title="bbox 2240 3888 3829 3963">
    <p class='ocr_par' dir='ltr' id='par_1_82' title="bbox 2240 3888 3829 3963">
     <span class='ocr_line' id='line_1_82' title="bbox 2240 3888 3829 3963; baseline -0.001 -17"><span class='ocrx_word' id='word_1_652' title='bbox 2240 3892 2455 3963; x_wconf 87' lang='grc' dir='ltr'><strong>ήμέραν</strong></span> <span class='ocrx_word' id='word_1_653' title='bbox 2494 3890 2844 3961; x_wconf 77' lang='grc' dir='ltr'><strong>ἀσχολοῦνται</strong></span> <span class='ocrx_word' id='word_1_654' title='bbox 2878 3892 3008 3962; x_wconf 77' lang='grc' dir='ltr'><strong>περὶ</strong></span> <span class='ocrx_word' id='word_1_655' title='bbox 3037 3890 3300 3961; x_wconf 77' lang='grc' dir='ltr'><strong>ἐργασίας</strong></span> <span class='ocrx_word' id='word_1_656' title='bbox 3329 3888 3695 3960; x_wconf 83' lang='grc' dir='ltr'><strong>ἀνθρωπίνας,</strong></span> <span class='ocrx_word' id='word_1_657' title='bbox 3722 3906 3829 3944; x_wconf 78' lang='grc' dir='ltr'><strong>κα-</strong></span> 
     </span>
    </p>
   </div>
   <div class='ocr_carea' id='block_1_83' title="bbox 2241 3979 3826 4056">
    <p class='ocr_par' dir='ltr' id='par_1_83' title="bbox 2241 3979 3826 4056">
     <span class='ocr_line' id='line_1_83' title="bbox 2241 3979 3826 4056; baseline -0.001 -20"><span class='ocrx_word' id='word_1_658' title='bbox 2241 3982 2567 4056; x_wconf 78' lang='grc' dir='ltr'><strong>ταφρονοῦσι</strong></span> <span class='ocrx_word' id='word_1_659' title='bbox 2616 3983 2671 4037; x_wconf 86' lang='grc' dir='ltr'><strong>δὲ</strong></span> <span class='ocrx_word' id='word_1_660' title='bbox 2705 3983 2805 4054; x_wconf 84' lang='grc' dir='ltr'><strong>τῆς</strong></span> <span class='ocrx_word' id='word_1_661' title='bbox 2844 3982 2997 4045; x_wconf 86' lang='grc' dir='ltr'><strong>θείας</strong></span> <span class='ocrx_word' id='word_1_662' title='bbox 3029 3979 3292 4050; x_wconf 84' lang='grc' dir='ltr'><strong>ἐργασίας</strong></span> <span class='ocrx_word' id='word_1_663' title='bbox 3323 3979 3431 4033; x_wconf 82' lang='grc' dir='ltr'><strong>τῶν</strong></span> <span class='ocrx_word' id='word_1_664' title='bbox 3482 3981 3826 4052; x_wconf 85' lang='grc' dir='ltr'><strong>προσευχῶν.</strong></span> 
     </span>
    </p>
   </div>
   <div class='ocr_carea' id='block_1_84' title="bbox 2242 4070 3829 4145">
    <p class='ocr_par' dir='ltr' id='par_1_84' title="bbox 2242 4070 3829 4145">
     <span class='ocr_line' id='line_1_84' title="bbox 2242 4070 3829 4145; baseline -0.001 -19"><span class='ocrx_word' id='word_1_665' title='bbox 2242 4073 2352 4126; x_wconf 79' lang='grc' dir='ltr'><strong>Καὶ</strong></span> <span class='ocrx_word' id='word_1_666' title='bbox 2379 4072 2515 4145; x_wconf 87' lang='grc' dir='ltr'><strong>πρὸς</strong></span> <span class='ocrx_word' id='word_1_667' title='bbox 2539 4071 2726 4126; x_wconf 78' lang='grc' dir='ltr'><strong>τοῦτον</strong></span> <span class='ocrx_word' id='word_1_668' title='bbox 2755 4072 2962 4141; x_wconf 85' lang='grc' dir='ltr'><strong>λεγέτω</strong></span> <span class='ocrx_word' id='word_1_669' title='bbox 2985 4070 3223 4141; x_wconf 83' lang='grc' dir='ltr'><strong>ὀΣωτήρ</strong></span> <span class='ocrx_word' id='word_1_670' title='bbox 3241 4086 3254 4099; x_wconf 92' lang='grc'><strong>·</strong></span> <span class='ocrx_word' id='word_1_671' title='bbox 3281 4070 3561 4123; x_wconf 86' lang='grc' dir='ltr'><strong>Ἔκτεινον</strong></span> <span class='ocrx_word' id='word_1_672' title='bbox 3586 4070 3684 4142; x_wconf 85' lang='grc' dir='ltr'><strong>τήν</strong></span> <span class='ocrx_word' id='word_1_673' title='bbox 3708 4073 3829 4142; x_wconf 88' lang='grc' dir='ltr'><strong>χεῖ-</strong></span> 
     </span>
    </p>
   </div>
   <div class='ocr_carea' id='block_1_85' title="bbox 2246 4162 3832 4238">
    <p class='ocr_par' dir='ltr' id='par_1_85' title="bbox 2246 4162 3832 4238">
     <span class='ocr_line' id='line_1_85' title="bbox 2246 4162 3832 4238; baseline 0.001 -20"><span class='ocrx_word' id='word_1_674' title='bbox 2246 4164 2315 4236; x_wconf 86' lang='grc' dir='ltr'><strong>ρά</strong></span> <span class='ocrx_word' id='word_1_675' title='bbox 2343 4182 2457 4230; x_wconf 87' lang='grc' dir='ltr'><strong>σου,</strong></span> <span class='ocrx_word' id='word_1_676' title='bbox 2476 4162 2658 4229; x_wconf 85' lang='grc' dir='ltr'><strong>καθὼς</strong></span> <span class='ocrx_word' id='word_1_677' title='bbox 2688 4164 2835 4233; x_wconf 81' lang='grc' dir='ltr'><strong>λέγει</strong></span> <span class='ocrx_word' id='word_1_678' title='bbox 2869 4167 2898 4218; x_wconf 93' lang='lat'><strong>6</strong></span> <span class='ocrx_word' id='word_1_679' title='bbox 2936 4163 3256 4228; x_wconf 82' lang='grc' dir='ltr'><strong>Ἀπόστολος</strong></span> <span class='ocrx_word' id='word_1_680' title='bbox 3277 4180 3291 4194; x_wconf 75' lang='grc' dir='ltr'><strong>ο</strong></span> <span class='ocrx_word' id='word_1_681' title='bbox 3319 4180 3339 4215; x_wconf 74' lang='grc' dir='ltr'><strong>ι</strong></span> <span class='ocrx_word' id='word_1_682' title='bbox 3361 4162 3631 4236; x_wconf 87' lang='grc' dir='ltr'><strong>Βούλομαι</strong></span> <span class='ocrx_word' id='word_1_683' title='bbox 3661 4182 3832 4238; x_wconf 83' lang='grc' dir='ltr'><strong>προσ-</strong></span> 
     </span>
    </p>
   </div>
   <div class='ocr_carea' id='block_1_86' title="bbox 2241 4253 3828 4330">
    <p class='ocr_par' dir='ltr' id='par_1_86' title="bbox 2241 4253 3828 4330">
     <span class='ocr_line' id='line_1_86' title="bbox 2241 4253 3828 4330; baseline 0.003 -24"><span class='ocrx_word' id='word_1_684' title='bbox 2241 4253 2496 4325; x_wconf 87' lang='grc' dir='ltr'><strong>εύχεσθαι</strong></span> <span class='ocrx_word' id='word_1_685' title='bbox 2536 4256 2663 4319; x_wconf 70' lang='grc' dir='ltr'><strong>τοὺς</strong></span> <span class='ocrx_word' id='word_1_686' title='bbox 2706 4254 2943 4327; x_wconf 75' lang='grc' dir='ltr'><strong>ἄνδρας,</strong></span> <span class='ocrx_word' id='word_1_687' title='bbox 2995 4255 3052 4306; x_wconf 92' lang='grc' dir='ltr'><strong>ἐν</strong></span> <span class='ocrx_word' id='word_1_688' title='bbox 3106 4254 3268 4307; x_wconf 74' lang='grc' dir='ltr'><strong>παντὶ</strong></span> <span class='ocrx_word' id='word_1_689' title='bbox 3298 4254 3450 4327; x_wconf 86' lang='grc' dir='ltr'><strong>τόπῳ</strong></span> <span class='ocrx_word' id='word_1_690' title='bbox 3495 4257 3828 4330; x_wconf 80' lang='grc' dir='ltr'><strong>ἐπαίροντας</strong></span> 
     </span>
    </p>
   </div>
   <div class='ocr_carea' id='block_1_87' title="bbox 2240 4346 3825 4422">
    <p class='ocr_par' dir='ltr' id='par_1_87' title="bbox 2240 4346 3825 4422">
     <span class='ocr_line' id='line_1_87' title="bbox 2240 4346 3825 4422; baseline 0.001 -20"><span class='ocrx_word' id='word_1_691' title='bbox 2240 4347 2419 4410; x_wconf 81' lang='grc' dir='ltr'><strong>ὁσίους</strong></span> <span class='ocrx_word' id='word_1_692' title='bbox 2442 4349 2647 4419; x_wconf 82' lang='grc' dir='ltr'><strong>χεῖρας.</strong></span> <span class='ocrx_word' id='word_1_693' title='bbox 2670 4367 2687 4396; x_wconf 73' lang='grc' dir='ltr'><strong>ι</strong></span> <span class='ocrx_word' id='word_1_694' title='bbox 2713 4346 3011 4418; x_wconf 80' lang='grc' dir='ltr'><strong>Αύτάρκως</strong></span> <span class='ocrx_word' id='word_1_695' title='bbox 3028 4346 3085 4399; x_wconf 73' lang='grc' dir='ltr'><strong>δὲ</strong></span> <span class='ocrx_word' id='word_1_696' title='bbox 3105 4346 3211 4399; x_wconf 87' lang='grc' dir='ltr'><strong>τῶν</strong></span> <span class='ocrx_word' id='word_1_697' title='bbox 3227 4346 3399 4416; x_wconf 86' lang='grc' dir='ltr'><strong>λόγων</strong></span> <span class='ocrx_word' id='word_1_698' title='bbox 3423 4348 3579 4420; x_wconf 81' lang='grc' dir='ltr'><strong>ἡμῶν</strong></span> <span class='ocrx_word' id='word_1_699' title='bbox 3602 4367 3825 4422; x_wconf 84' lang='grc' dir='ltr'><strong>προχω-</strong></span> 
     </span>
    </p>
   </div>
   <div class='ocr_carea' id='block_1_88' title="bbox 2244 4437 3824 4511">
    <p class='ocr_par' dir='ltr' id='par_1_88' title="bbox 2244 4437 3824 4511">
     <span class='ocr_line' id='line_1_88' title="bbox 2244 4437 3824 4511; baseline 0.003 -22"><span class='ocrx_word' id='word_1_700' title='bbox 2244 4437 2548 4509; x_wconf 88' lang='grc' dir='ltr'><strong>ρησάντων,</strong></span> <span class='ocrx_word' id='word_1_701' title='bbox 2575 4437 2902 4501; x_wconf 79' lang='grc' dir='ltr'><strong>ἀναστάντες</strong></span> <span class='ocrx_word' id='word_1_702' title='bbox 2925 4437 3021 4490; x_wconf 71' lang='grc' dir='ltr'><strong>καὶ</strong></span> <span class='ocrx_word' id='word_1_703' title='bbox 3046 4440 3208 4508; x_wconf 80' lang='grc' dir='ltr'><strong>ἡμεῖς</strong></span> <span class='ocrx_word' id='word_1_704' title='bbox 3240 4438 3569 4510; x_wconf 86' lang='grc' dir='ltr'><strong>ἐκτείνωμεν</strong></span> <span class='ocrx_word' id='word_1_705' title='bbox 3589 4439 3686 4503; x_wconf 83' lang='grc' dir='ltr'><strong>τὰς</strong></span> <span class='ocrx_word' id='word_1_706' title='bbox 3711 4443 3824 4511; x_wconf 79' lang='grc' dir='ltr'><strong>χεῖ-</strong></span> 
     </span>
    </p>
   </div>
   <div class='ocr_carea' id='block_1_89' title="bbox 556 4525 2142 4622">
    <p class='ocr_par' dir='ltr' id='par_1_89' title="bbox 556 4525 2138 4601">
     <span class='ocr_line' id='line_1_89' title="bbox 556 4525 2138 4601; baseline 0.001 -21"><span class='ocrx_word' id='word_1_707' title='bbox 556 4525 863 4581; x_wconf 86' lang='lat' dir='ltr'><strong>benedicitc</strong></span> <span class='ocrx_word' id='word_1_708' title='bbox 882 4526 1168 4581; x_wconf 89' lang='lat' dir='ltr'><strong>Dominum</strong></span> <span class='ocrx_word' id='word_1_709' title='bbox 1192 4528 1257 4583; x_wconf 83' lang='grc'><strong>⁶¹.</strong></span> <span class='ocrx_word' id='word_1_710' title='bbox 1286 4549 1305 4601; x_wconf 65' lang='lat' dir='ltr'><strong><em>p</em></strong></span> <span class='ocrx_word' id='word_1_711' title='bbox 1329 4528 1393 4584; x_wconf 85' lang='lat' dir='ltr'><strong>Et</strong></span> <span class='ocrx_word' id='word_1_712' title='bbox 1416 4529 1777 4585; x_wconf 78' lang='lat' dir='ltr'><strong>extendamus</strong></span> <span class='ocrx_word' id='word_1_713' title='bbox 1794 4543 1989 4584; x_wconf 89' lang='lat' dir='ltr'><strong>manus</strong></span> <span class='ocrx_word' id='word_1_714' title='bbox 2008 4543 2138 4582; x_wconf 90' lang='lat' dir='ltr'><strong>san-</strong></span> 
     </span>
    </p>
   </div>
   <div class='ocr_carea' id='block_1_90' title="bbox 2247 4525 3817 4622">
    <p class='ocr_par' dir='ltr' id='par_1_90' title="bbox 2247 4528 3817 4602">
     <span class='ocr_line' id='line_1_90' title="bbox 2247 4528 3817 4602; baseline 0.003 -20"><span class='ocrx_word' id='word_1_715' title='bbox 2247 4542 2369 4602; x_wconf 89' lang='grc' dir='ltr'><strong>ρας,</strong></span> <span class='ocrx_word' id='word_1_716' title='bbox 2405 4529 2499 4582; x_wconf 78' lang='grc' dir='ltr'><strong>καὶ</strong></span> <span class='ocrx_word' id='word_1_717' title='bbox 2535 4529 2609 4599; x_wconf 82' lang='grc' dir='ltr'><strong>μὴ</strong></span> <span class='ocrx_word' id='word_1_718' title='bbox 2640 4528 2799 4599; x_wconf 80' lang='grc' dir='ltr'><strong>μόνον</strong></span> <span class='ocrx_word' id='word_1_719' title='bbox 2846 4531 2905 4582; x_wconf 87' lang='grc' dir='ltr'><strong>ἐν</strong></span> <span class='ocrx_word' id='word_1_720' title='bbox 2933 4530 3117 4602; x_wconf 72' lang='grc' dir='ltr'><strong>ἡμέρᾳ</strong></span> <span class='ocrx_word' id='word_1_721' title='bbox 3140 4569 3156 4595; x_wconf 92' lang='lat'><strong>,</strong></span> <span class='ocrx_word' id='word_1_722' title='bbox 3213 4529 3351 4584; x_wconf 80' lang='grc' dir='ltr'><strong>ἀλλὰ</strong></span> <span class='ocrx_word' id='word_1_723' title='bbox 3384 4532 3478 4584; x_wconf 78' lang='grc' dir='ltr'><strong>καὶ</strong></span> <span class='ocrx_word' id='word_1_724' title='bbox 3526 4533 3583 4584; x_wconf 82' lang='grc' dir='ltr'><strong>ἐν</strong></span> <span class='ocrx_word' id='word_1_725' title='bbox 3627 4534 3817 4586; x_wconf 73' lang='grc' dir='ltr'><strong>νυκτίο</strong></span> 
     </span>
    </p>
   </div>
   <div class='ocr_carea' id='block_1_91' title="bbox 558 4619 2135 4689">
    <p class='ocr_par' dir='ltr' id='par_1_91' title="bbox 558 4619 2135 4689">
     <span class='ocr_line' id='line_1_91' title="bbox 558 4619 2135 4689; baseline 0.002 -17"><span class='ocrx_word' id='word_1_726' title='bbox 558 4626 678 4672; x_wconf 91' lang='lat' dir='ltr'><strong>ctas</strong></span> <span class='ocrx_word' id='word_1_727' title='bbox 706 4619 877 4673; x_wconf 87' lang='lat' dir='ltr'><strong>abluti</strong></span> <span class='ocrx_word' id='word_1_728' title='bbox 917 4619 1060 4674; x_wconf 87' lang='lat' dir='ltr'><strong>inter</strong></span> <span class='ocrx_word' id='word_1_729' title='bbox 1089 4620 1444 4689; x_wconf 86' lang='lat' dir='ltr'><strong>innocentes;</strong></span> <span class='ocrx_word' id='word_1_730' title='bbox 1475 4630 1535 4676; x_wconf 91' lang='lat' dir='ltr'><strong>ut</strong></span> <span class='ocrx_word' id='word_1_731' title='bbox 1561 4621 1813 4675; x_wconf 88' lang='lat' dir='ltr'><strong>invocato</strong></span> <span class='ocrx_word' id='word_1_732' title='bbox 1846 4621 2135 4675; x_wconf 87' lang='lat' dir='ltr'><strong>universo-</strong></span> 
     </span>
    </p>
   </div>
   <div class='ocr_carea' id='block_1_92' title="bbox 555 4708 2133 4784">
    <p class='ocr_par' dir='ltr' id='par_1_92' title="bbox 555 4708 2133 4784">
     <span class='ocr_line' id='line_1_92' title="bbox 555 4708 2133 4784; baseline 0.004 -20"><span class='ocrx_word' id='word_1_733' title='bbox 555 4722 679 4764; x_wconf 78' lang='lat' dir='ltr'><strong>rum</strong></span> <span class='ocrx_word' id='word_1_734' title='bbox 712 4708 844 4774; x_wconf 90' lang='lat' dir='ltr'><strong>Deo,</strong></span> <span class='ocrx_word' id='word_1_735' title='bbox 886 4710 1007 4779; x_wconf 86' lang='lat' dir='ltr'><strong>ejus</strong></span> <span class='ocrx_word' id='word_1_736' title='bbox 1042 4714 1246 4768; x_wconf 84' lang='lat' dir='ltr'><strong>auxilio</strong></span> <span class='ocrx_word' id='word_1_737' title='bbox 1276 4714 1645 4784; x_wconf 81' lang='lat' dir='ltr'><strong>perfruamur,</strong></span> <span class='ocrx_word' id='word_1_738' title='bbox 1676 4712 1733 4767; x_wconf 92' lang='lat' dir='ltr'><strong>in</strong></span> <span class='ocrx_word' id='word_1_739' title='bbox 1754 4712 1977 4768; x_wconf 87' lang='lat' dir='ltr'><strong>Christo</strong></span> <span class='ocrx_word' id='word_1_740' title='bbox 2004 4712 2133 4769; x_wconf 73' lang='lat' dir='ltr'><strong>Iesu</strong></span> 
     </span>
    </p>
   </div>
   <div class='ocr_carea' id='block_1_93' title="bbox 558 4800 2133 4877">
    <p class='ocr_par' dir='ltr' id='par_1_93' title="bbox 558 4800 2133 4877">
     <span class='ocr_line' id='line_1_93' title="bbox 558 4800 2133 4877; baseline 0.003 -21"><span class='ocrx_word' id='word_1_741' title='bbox 558 4800 790 4857; x_wconf 86' lang='lat' dir='ltr'><strong>Domino</strong></span> <span class='ocrx_word' id='word_1_742' title='bbox 818 4813 1027 4870; x_wconf 89' lang='lat' dir='ltr'><strong>nostro,</strong></span> <span class='ocrx_word' id='word_1_743' title='bbox 1053 4820 1148 4874; x_wconf 92' lang='lat' dir='ltr'><strong>per</strong></span> <span class='ocrx_word' id='word_1_744' title='bbox 1185 4821 1344 4877; x_wconf 87' lang='lat' dir='ltr'><strong>quem</strong></span> <span class='ocrx_word' id='word_1_745' title='bbox 1372 4805 1483 4861; x_wconf 91' lang='lat' dir='ltr'><strong>Deo</strong></span> <span class='ocrx_word' id='word_1_746' title='bbox 1517 4805 1690 4877; x_wconf 90' lang='lat' dir='ltr'><strong>gloria</strong></span> <span class='ocrx_word' id='word_1_747' title='bbox 1744 4819 1868 4859; x_wconf 92' lang='lat' dir='ltr'><strong>cum</strong></span> <span class='ocrx_word' id='word_1_748' title='bbox 1928 4803 2133 4874; x_wconf 88' lang='lat' dir='ltr'><strong>Spiritu</strong></span> 
     </span>
    </p>
   </div>
   <div class='ocr_carea' id='block_1_94' title="bbox 558 4897 2133 4971">
    <p class='ocr_par' dir='ltr' id='par_1_94' title="bbox 558 4897 2133 4971">
     <span class='ocr_line' id='line_1_94' title="bbox 558 4897 2133 4971; baseline 0.001 -22"><span class='ocrx_word' id='word_1_749' title='bbox 558 4902 772 4963; x_wconf 84' lang='lat' dir='ltr'><strong>saneto,</strong></span> <span class='ocrx_word' id='word_1_750' title='bbox 819 4911 967 4953; x_wconf 89' lang='lat' dir='ltr'><strong>nunc</strong></span> <span class='ocrx_word' id='word_1_751' title='bbox 1019 4906 1073 4955; x_wconf 89' lang='lat' dir='ltr'><strong>et</strong></span> <span class='ocrx_word' id='word_1_752' title='bbox 1101 4914 1316 4971; x_wconf 87' lang='lat' dir='ltr'><strong>semper</strong></span> <span class='ocrx_word' id='word_1_753' title='bbox 1352 4906 1408 4955; x_wconf 89' lang='lat' dir='ltr'><strong>et</strong></span> <span class='ocrx_word' id='word_1_754' title='bbox 1444 4899 1499 4954; x_wconf 91' lang='lat' dir='ltr'><strong>in</strong></span> <span class='ocrx_word' id='word_1_755' title='bbox 1534 4897 1734 4955; x_wconf 72' lang='lat' dir='ltr'><strong>saecula</strong></span> <span class='ocrx_word' id='word_1_756' title='bbox 1786 4898 2133 4953; x_wconf 65' lang='lat' dir='ltr'><strong>saeculorum.</strong></span> 
     </span>
    </p>
   </div>
   <div class='ocr_carea' id='block_1_95' title="bbox 557 4988 752 5043">
    <p class='ocr_par' dir='ltr' id='par_1_95' title="bbox 557 4988 752 5043">
     <span class='ocr_line' id='line_1_95' title="bbox 557 4988 752 5043; baseline 0.015 -3"><span class='ocrx_word' id='word_1_757' title='bbox 557 4988 752 5043; x_wconf 82' lang='lat' dir='ltr'><strong>Amen.</strong></span> 
     </span>
    </p>
   </div>
   <div class='ocr_carea' id='block_1_96' title="bbox 2248 4618 3819 4692">
    <p class='ocr_par' dir='ltr' id='par_1_96' title="bbox 2248 4618 3819 4692">
     <span class='ocr_line' id='line_1_96' title="bbox 2248 4618 3819 4692; baseline 0.003 -22"><span class='ocrx_word' id='word_1_758' title='bbox 2248 4639 2265 4670; x_wconf 80' lang='grc' dir='ltr'><strong>ι</strong></span> <span class='ocrx_word' id='word_1_759' title='bbox 2287 4618 2439 4683; x_wconf 78' lang='grc' dir='ltr'><strong>Ταῖς¹</strong></span> <span class='ocrx_word' id='word_1_760' title='bbox 2468 4619 2617 4685; x_wconf 77' lang='grc' dir='ltr'><strong>νυξὶν</strong></span> <span class='ocrx_word' id='word_1_761' title='bbox 2656 4620 2897 4689; x_wconf 78' lang='grc' dir='ltr'><strong>ἐπάρατε</strong></span> <span class='ocrx_word' id='word_1_762' title='bbox 2928 4621 3027 4684; x_wconf 84' lang='grc' dir='ltr'><strong>τὰς</strong></span> <span class='ocrx_word' id='word_1_763' title='bbox 3058 4623 3246 4692; x_wconf 85' lang='grc' dir='ltr'><strong>χεῖρας</strong></span> <span class='ocrx_word' id='word_1_764' title='bbox 3276 4620 3427 4692; x_wconf 84' lang='grc' dir='ltr'><strong>ὑμῶν</strong></span> <span class='ocrx_word' id='word_1_765' title='bbox 3456 4622 3535 4684; x_wconf 84' lang='grc' dir='ltr'><strong>είς</strong></span> <span class='ocrx_word' id='word_1_766' title='bbox 3565 4620 3634 4674; x_wconf 82' lang='grc' dir='ltr'><strong>τὰ</strong></span> <span class='ocrx_word' id='word_1_767' title='bbox 3662 4622 3819 4691; x_wconf 75' lang='grc' dir='ltr'><strong>ἅγια,</strong></span> 
     </span>
    </p>
   </div>
   <div class='ocr_carea' id='block_1_97' title="bbox 2242 4711 3821 4787">
    <p class='ocr_par' dir='ltr' id='par_1_97' title="bbox 2242 4711 3821 4787">
     <span class='ocr_line' id='line_1_97' title="bbox 2242 4711 3821 4787; baseline 0.001 -21"><span class='ocrx_word' id='word_1_768' title='bbox 2242 4712 2338 4766; x_wconf 77' lang='grc' dir='ltr'><strong>καὶ</strong></span> <span class='ocrx_word' id='word_1_769' title='bbox 2364 4711 2635 4780; x_wconf 82' lang='grc' dir='ltr'><strong>εὐλογεῖτε</strong></span> <span class='ocrx_word' id='word_1_770' title='bbox 2658 4711 2747 4764; x_wconf 89' lang='grc' dir='ltr'><strong>τὸν</strong></span> <span class='ocrx_word' id='word_1_771' title='bbox 2769 4711 2994 4783; x_wconf 80' lang='grc' dir='ltr'><strong>Κύριον.</strong></span> <span class='ocrx_word' id='word_1_772' title='bbox 3029 4731 3049 4765; x_wconf 77' lang='grc' dir='ltr'><strong>ι</strong></span> <span class='ocrx_word' id='word_1_773' title='bbox 3073 4713 3179 4766; x_wconf 78' lang='grc' dir='ltr'><strong>Καὶ</strong></span> <span class='ocrx_word' id='word_1_774' title='bbox 3193 4713 3609 4784; x_wconf 83' lang='grc' dir='ltr'><strong>διαπετάσωμεν</strong></span> <span class='ocrx_word' id='word_1_775' title='bbox 3629 4716 3821 4787; x_wconf 82' lang='grc' dir='ltr'><strong>χεῖρας</strong></span> 
     </span>
    </p>
   </div>
   <div class='ocr_carea' id='block_1_98' title="bbox 2240 4803 3818 4875">
    <p class='ocr_par' dir='ltr' id='par_1_98' title="bbox 2240 4803 3818 4875">
     <span class='ocr_line' id='line_1_98' title="bbox 2240 4803 3818 4875; baseline 0.004 -16"><span class='ocrx_word' id='word_1_776' title='bbox 2240 4805 2440 4869; x_wconf 83' lang='grc' dir='ltr'><strong>ὁσίους,</strong></span> <span class='ocrx_word' id='word_1_777' title='bbox 2476 4803 2757 4875; x_wconf 74' lang='grc' dir='ltr'><strong>νιψάμενοι</strong></span> <span class='ocrx_word' id='word_1_778' title='bbox 2789 4805 2848 4858; x_wconf 86' lang='grc' dir='ltr'><strong>ἐν</strong></span> <span class='ocrx_word' id='word_1_779' title='bbox 2878 4805 3073 4870; x_wconf 80' lang='grc' dir='ltr'><strong>ἀθώοις</strong></span> <span class='ocrx_word' id='word_1_780' title='bbox 3091 4824 3105 4836; x_wconf 92' lang='grc'><strong>·</strong></span> <span class='ocrx_word' id='word_1_781' title='bbox 3136 4808 3243 4875; x_wconf 86' lang='grc' dir='ltr'><strong>ἵνα,</strong></span> <span class='ocrx_word' id='word_1_782' title='bbox 3275 4806 3365 4860; x_wconf 86' lang='grc' dir='ltr'><strong>τὸν</strong></span> <span class='ocrx_word' id='word_1_783' title='bbox 3393 4807 3501 4861; x_wconf 87' lang='grc' dir='ltr'><strong>τῶν</strong></span> <span class='ocrx_word' id='word_1_784' title='bbox 3529 4806 3664 4860; x_wconf 82' lang='grc' dir='ltr'><strong>ὅλων</strong></span> <span class='ocrx_word' id='word_1_785' title='bbox 3682 4808 3818 4865; x_wconf 83' lang='grc' dir='ltr'><strong>Θεὸν</strong></span> 
     </span>
    </p>
   </div>
   <div class='ocr_carea' id='block_1_99' title="bbox 2240 4895 3819 4972">
    <p class='ocr_par' dir='ltr' id='par_1_99' title="bbox 2240 4895 3819 4972">
     <span class='ocr_line' id='line_1_99' title="bbox 2240 4895 3819 4972; baseline 0.003 -20"><span class='ocrx_word' id='word_1_786' title='bbox 2240 4895 2693 4968; x_wconf 80' lang='grc' dir='ltr'><strong>ἐπικαλούμενοι,</strong></span> <span class='ocrx_word' id='word_1_787' title='bbox 2725 4898 2826 4970; x_wconf 84' lang='grc' dir='ltr'><strong>τῆς</strong></span> <span class='ocrx_word' id='word_1_788' title='bbox 2861 4901 2993 4971; x_wconf 82' lang='grc' dir='ltr'><strong>παρ’</strong></span> <span class='ocrx_word' id='word_1_789' title='bbox 3019 4899 3185 4953; x_wconf 81' lang='grc' dir='ltr'><strong>αὑτοῦ</strong></span> <span class='ocrx_word' id='word_1_790' title='bbox 3220 4899 3471 4972; x_wconf 77' lang='grc' dir='ltr'><strong>βοηθείας</strong></span> <span class='ocrx_word' id='word_1_791' title='bbox 3495 4899 3819 4956; x_wconf 78' lang='grc' dir='ltr'><strong>ἀπολαύσω-</strong></span> 
     </span>
    </p>
   </div>
   <div class='ocr_carea' id='block_1_100' title="bbox 2246 4987 3817 5066">
    <p class='ocr_par' dir='ltr' id='par_1_100' title="bbox 2246 4987 3817 5066">
     <span class='ocr_line' id='line_1_100' title="bbox 2246 4987 3817 5066; baseline 0.004 -23"><span class='ocrx_word' id='word_1_792' title='bbox 2246 5007 2343 5063; x_wconf 86' lang='grc' dir='ltr'><strong>μεν</strong></span> <span class='ocrx_word' id='word_1_793' title='bbox 2362 5029 2376 5056; x_wconf 90' lang='grc'><em>,</em></span> <span class='ocrx_word' id='word_1_794' title='bbox 2404 4988 2505 5060; x_wconf 79' lang='grc' dir='ltr'><strong>τῆς</strong></span> <span class='ocrx_word' id='word_1_795' title='bbox 2530 4991 2588 5042; x_wconf 92' lang='grc' dir='ltr'><strong>ἐν</strong></span> <span class='ocrx_word' id='word_1_796' title='bbox 2619 4987 2843 5061; x_wconf 79' lang='grc' dir='ltr'><strong>Χριστῷ</strong></span> <span class='ocrx_word' id='word_1_797' title='bbox 2891 4990 3063 5061; x_wconf 85' lang='grc' dir='ltr'><strong>Ἰησοῦ</strong></span> <span class='ocrx_word' id='word_1_798' title='bbox 3089 4992 3167 5063; x_wconf 81' lang='grc' dir='ltr'><strong>τῷ</strong></span> <span class='ocrx_word' id='word_1_799' title='bbox 3198 4993 3386 5066; x_wconf 82' lang='grc' dir='ltr'><strong>Κυρίῳ</strong></span> <span class='ocrx_word' id='word_1_800' title='bbox 3419 4992 3575 5065; x_wconf 73' lang='grc' dir='ltr'><strong>ἡμῶν</strong></span> <span class='ocrx_word' id='word_1_801' title='bbox 3598 5033 3614 5061; x_wconf 89' lang='grc'><strong><em>,</em></strong></span> <span class='ocrx_word' id='word_1_802' title='bbox 3656 4992 3724 5049; x_wconf 86' lang='grc' dir='ltr'><strong>δι’</strong></span> <span class='ocrx_word' id='word_1_803' title='bbox 3753 4987 3817 5051; x_wconf 78' lang='grc' dir='ltr'><strong>οὗ</strong></span> 
     </span>
    </p>
   </div>
   <div class='ocr_carea' id='block_1_101' title="bbox 556 5081 3249 5160">
    <p class='ocr_par' dir='ltr' id='par_1_101' title="bbox 556 5081 3249 5160">
     <span class='ocr_line' id='line_1_101' title="bbox 556 5081 3249 5160; baseline 0.001 -22"><span class='ocrx_word' id='word_1_804' title='bbox 556 5083 635 5158; x_wconf 80' lang='grc' dir='ltr'><strong>τῷ</strong></span> <span class='ocrx_word' id='word_1_805' title='bbox 656 5083 776 5156; x_wconf 86' lang='grc' dir='ltr'><strong>Θεῷ</strong></span> <span class='ocrx_word' id='word_1_806' title='bbox 794 5086 830 5159; x_wconf 73' lang='grc' dir='ltr'>ἡ</span> <span class='ocrx_word' id='word_1_807' title='bbox 854 5084 979 5153; x_wconf 79' lang='grc' dir='ltr'><strong>δόξα</strong></span> <span class='ocrx_word' id='word_1_808' title='bbox 997 5083 1114 5158; x_wconf 72' lang='grc' dir='ltr'><strong>ἃμα</strong></span> <span class='ocrx_word' id='word_1_809' title='bbox 1130 5082 1207 5156; x_wconf 81' lang='grc' dir='ltr'><strong>τῷ</strong></span> <span class='ocrx_word' id='word_1_810' title='bbox 1224 5084 1366 5155; x_wconf 82' lang='grc' dir='ltr'><strong>ἁγίῳ</strong></span> <span class='ocrx_word' id='word_1_811' title='bbox 1386 5081 1666 5155; x_wconf 89' lang='grc' dir='ltr'><strong>Πνεύματι</strong></span> <span class='ocrx_word' id='word_1_812' title='bbox 1688 5083 1783 5139; x_wconf 80' lang='grc' dir='ltr'><strong>νῦν</strong></span> <span class='ocrx_word' id='word_1_813' title='bbox 1811 5083 1903 5138; x_wconf 74' lang='grc' dir='ltr'><strong>καὶ</strong></span> <span class='ocrx_word' id='word_1_814' title='bbox 1927 5083 2015 5139; x_wconf 70' lang='grc' dir='ltr'><strong>ἀεὶ</strong></span> <span class='ocrx_word' id='word_1_815' title='bbox 2040 5082 2131 5136; x_wconf 64' lang='grc' dir='ltr'><strong>καὶ</strong></span> <span class='ocrx_word' id='word_1_816' title='bbox 2160 5083 2237 5147; x_wconf 89' lang='grc' dir='ltr'><strong>είς</strong></span> <span class='ocrx_word' id='word_1_817' title='bbox 2269 5084 2394 5147; x_wconf 83' lang='grc' dir='ltr'><strong>τοὺς</strong></span> <span class='ocrx_word' id='word_1_818' title='bbox 2421 5082 2622 5149; x_wconf 72' lang='grc' dir='ltr'><strong>αἰῶνας</strong></span> <span class='ocrx_word' id='word_1_819' title='bbox 2643 5082 2753 5139; x_wconf 86' lang='grc' dir='ltr'><strong>τῶν</strong></span> <span class='ocrx_word' id='word_1_820' title='bbox 2786 5082 3014 5139; x_wconf 80' lang='grc' dir='ltr'><strong>αἰώνων.</strong></span> <span class='ocrx_word' id='word_1_821' title='bbox 3060 5086 3249 5160; x_wconf 81' lang='grc' dir='ltr'><strong>Ἀμήν.</strong></span> 
     </span>
    </p>
   </div>
   <div class='ocr_carea' id='block_1_102' title="bbox 624 5325 1785 5399">
    <p class='ocr_par' dir='ltr' id='par_1_102' title="bbox 624 5325 1785 5399">
     <span class='ocr_line' id='line_1_102' title="bbox 624 5325 1785 5399; baseline 0.002 -14"><span class='ocrx_word' id='word_1_822' title='bbox 624 5327 677 5365; x_wconf 81' lang='grc'><strong><em>⁸³</em></strong></span> <span class='ocrx_word' id='word_1_823' title='bbox 707 5325 733 5385; x_wconf 80' lang='grc'><strong>1</strong></span> <span class='ocrx_word' id='word_1_824' title='bbox 759 5326 902 5388; x_wconf 79' lang='lat' dir='ltr'><strong>Tim.</strong></span> <span class='ocrx_word' id='word_1_825' title='bbox 938 5344 983 5386; x_wconf 86' lang='lat' dir='ltr'><strong>tt</strong></span> <span class='ocrx_word' id='word_1_826' title='bbox 1047 5330 1103 5388; x_wconf 87' lang='lat'><strong>8.</strong></span> <span class='ocrx_word' id='word_1_827' title='bbox 1180 5331 1226 5365; x_wconf 81' lang='lat'>“</span> <span class='ocrx_word' id='word_1_828' title='bbox 1270 5330 1417 5387; x_wconf 77' lang='lat' dir='ltr'><strong>Psal.</strong></span> <span class='ocrx_word' id='word_1_829' title='bbox 1450 5344 1693 5399; x_wconf 78' lang='lat' dir='ltr'><strong>cxxxiii,</strong></span> <span class='ocrx_word' id='word_1_830' title='bbox 1729 5330 1785 5387; x_wconf 69' lang='grc'><strong>2.</strong></span> 
     </span>
    </p>
   </div>
  </div>
