4002 6584
565 433 660 487 ΠΙ

1697 431 1753 486 S.
1790 432 2247 492 ATHANASIUS.
2287 468 2357 476 —
2396 431 2621 491 DUBIA.

3716 443 3822 498 ΠΩ

560 563 733 616 genus
767 548 1106 610 humanum,
1170 546 1480 619 diabolique
1538 545 1818 601 fraudibus
1870 551 2107 619 perierat

2247 550 2357 605 τῶν
2405 551 2709 624 ἀνθρώπιον
2753 552 2927 620 γένος,
2976 554 3072 606 καὶ
3129 553 3494 625 ἀπολλύμενον
3548 557 3667 617 ταῖς
3725 556 3821 608 τοῦ

563 640 707 693 venit
752 646 967 710 tempus
994 638 1114 708 ejus
1157 638 1522 709 perquirendi,
1552 638 1839 692 revocandi
1871 655 1937 694 ex
1969 642 2141 710 capti-

2242 641 2487 694 διαϐόλου
2519 642 2892 713 πανουργίαις,
2925 642 3112 713 καιρὸς
3152 643 3342 711 γέγονε
3385 643 3478 696 τοῦ
3519 642 3822 715 ζητηθῆναι

560 729 751 797 vitate,
787 730 1060 786 eximendi
1087 745 1152 785 ex
1182 730 1434 785 vinculis.
1478 729 1556 783 Ex
1580 745 1685 787 usu
1719 730 1918 800 quippe
1949 740 2123 787 nostri

2239 732 2419 795 τοῦτο,
2472 734 2566 787 κα).
2611 732 2980 803 ἀνακληθῆναι
3028 735 3092 786 ἐκ
3130 735 3231 805 τῆς
3278 734 3672 804 αἰχμαλωσίας,
3723 735 3821 788 καὶ

559 830 680 876 erat
710 838 952 893 quaerere
984 832 1035 876 et
1070 822 1331 886 ediscere,
1361 822 1506 893 quod
1538 823 1716 877 littera
1749 823 2001 887 occidat,
2026 825 2140 895 spi-

561 916 700 971 ritus
725 922 905 969 autem
929 913 1164 968 vivificet
1188 915 1253 968 “9.
1286 913 1398 969 Hac
1429 916 1594 985 igitur
1619 930 1677 970 re
1701 914 1974 979 confecta,
2001 924 2138 972 tem-

561 1023 666 1077 pus
701 1007 873 1061 adfuit
925 1006 1239 1061 destruendi
1265 1007 1489 1078 figuram
1522 1017 1577 1063 et
1604 1009 1853 1063 umbram
1879 1010 1932 1064 in
1961 1011 2135 1066 littera

562 1098 741 1153 sitam.
768 1096 899 1151 Nam
930 1097 997 1151 ad
1020 1113 1193 1167 usque
1226 1105 1438 1168 tempus
1483 1100 1862 1165 correctionis,
1897 1100 2013 1155 haec
2044 1102 2134 1156 in-

561 1190 857 1259 gruebant:
893 1204 950 1244 re
979 1198 1161 1244 autem
1218 1189 1540 1260 perfectiora
1586 1190 1948 1252 adveniente.
2003 1201 2134 1249 tunc

559 1280 703 1351 quod
735 1296 799 1335 ex
828 1289 983 1351 parte
1015 1289 1132 1336 erat
1158 1291 1480 1336 evacuatum
1510 1289 1594 1337 est
1615 1283 1681 1338 '°.
1721 1303 1740 1335 ι
1768 1282 1904 1339 Cum
1939 1303 1958 1336 ι
1987 1286 2132 1340 enim

563 1386 768 1427 cessem
794 1373 1074 1441 parvulus,
1098 1371 1358 1442 loquebar
1378 1380 1436 1425 ut
1473 1373 1732 1441 parvulus
1757 1391 1771 1427 :
1805 1388 1927 1428 cum
1951 1383 2133 1430 autem

555 1461 735 1518 factus
769 1478 889 1517 sum
928 1462 1031 1525 vir,
1061 1462 1319 1517 evacnavi
1375 1478 1497 1532 qua:
1547 1471 1702 1518 erant
1760 1464 1971 1534 parvuli
1999 1464 2066 1517 ⁷⁸.
2106 1483 2126 1518 ι

559 1552 701 1610 Sane
735 1556 850 1626 ipse
871 1553 1121 1610 Salvator
1146 1556 1255 1627 53
1287 1558 1364 1611 ait
1397 1576 1411 1611 :
1457 1575 1476 1607 ι
1507 1556 1609 1624 Qui
1658 1557 1863 1612 invenit
1892 1556 2131 1611 animam

557 1663 709 1702 suam
764 1648 952 1717 perdet
997 1660 1210 1711 eam,et
1240 1649 1334 1719 qui
1382 1647 1676 1719 perdiderit
1704 1648 1943 1702 animam
1973 1663 2129 1703 suam

554 1748 777 1809 propter
802 1756 907 1804 me,
944 1739 1182 1794 inveniet
1214 1740 1360 1794 illam
1400 1741 1467 1795 ⁷³.
1508 1758 1527 1791 ι
1560 1740 1615 1794 Id
1645 1750 1747 1805 est,
1779 1740 1869 1809 qui
1897 1739 2129 1809 quasie-

555 1831 627 1885 rit
664 1831 898 1884 animam
952 1846 1128 1896 suam,
1156 1838 1209 1887 et
1257 1831 1525 1887 invenerit
1556 1831 1701 1884 illam
1748 1830 1804 1884 in
1855 1831 2124 1900 peccatis,

2240 824 2661 895 ὲλευθερωθῆναι
2694 826 2758 878 ἐκ
2800 824 2908 877 τῶν
2941 824 3157 896 δεσμῶν
3202 825 3335 895 (45).
3382 825 3556 896 Χρεία
3598 825 3707 898 γὰρ
3748 821 3819 896 ἦν

2240 915 2469 987 ζητῆσαι.
2506 917 2654 986 ἡμᾶς
2684 917 2778 969 καὶ
2805 911 3024 986 μαθεῖν,
3055 917 3140 970 ὃτι
3185 916 3246 968 τὸ
3274 916 3373 987 μὲν
3408 917 3641 988 γράμμα
3681 918 3818 970 ἀπο.

2238 1006 2459 1070 κτείνει,
2488 1007 2549 1059 τὸ
2578 1006 2635 1059 δὲ
2665 1005 2879 1077 πνεῦμα
2906 1004 3178 1069 ζωοποιεῖ.
3209 1006 3410 1061 Τούτου
3435 1003 3527 1060 οὖν
3559 1006 3819 1060 ἀνυσθέν-

2235 1114 2347 1161 τος,
2380 1096 2569 1168 καιρὸς
2601 1097 2790 1165 γέγονε
2828 1096 2921 1151 τοῦ
2959 1093 3255 1151 ἀπολέσθαι
3282 1097 3373 1150 τὸν
3395 1097 3562 1150 τύπον
3592 1098 3686 1150 καὶ
3713 1098 3817 1169 τὴν

2234 1187 2293 1241 ὲν
2320 1186 2398 1258 τῷ
2437 1188 2724 1259 γράμματι
2768 1187 2946 1241 σκιάν.
2996 1188 3173 1260 Μέχρι
3205 1187 3313 1259 γὰρ
3354 1187 3548 1259 καιροῦ
3589 1187 3817 1260 διορθώ-

2236 1294 2371 1342 σεως
2413 1272 2552 1349 ἦσαν
2599 1277 2957 1348 ἐπικείμενα·
3001 1278 3097 1332 τοῦ
3130 1278 3188 1331 δὲ
3232 1278 3566 1349 τελειοτέρου
3613 1278 3815 1348 φανέν-

2231 1368 2494 1439 τος-(46),
2523 1368 2584 1421 τὸ
2635 1371 2698 1422 ὲκ
2753 1369 2951 1441 μέρους
2992 1370 3357 1441 κατήργηται.
3410 1388 3429 1421 ι
3468 1370 3593 1422 Ὅτε
3633 1389 3651 1419 ι
3700 1367 3814 1439 γὰρ

2238 1480 2257 1513 ‹
2294 1462 2442 1532 ἤμην
2487 1461 2697 1532 νήπιος,
2728 1461 2952 1516 ἐλάλουν
2990 1461 3066 1526 ὡς
3108 1463 3335 1534 νήπιοςο
3382 1462 3469 1515 ὅτε
3510 1462 3567 1514 δὲ
3609 1460 3814 1529 γέγονα

2231 1552 2389 1624 ἀνὴρ,
2422 1554 2746 1625 κατήργηκα
2771 1553 2840 1606 τὰ
2860 1553 2958 1607 τοῦ
2982 1554 3197 1625 νηπίου.
3223 1573 3241 1606 ι
3274 1553 3489 1623 Ἀμέλει
3513 1552 3624 1623 (17)
3648 1555 3676 1605 6
3703 1553 3812 1605 Σω-

2229 1645 2334 1715 τήρ
2382 1661 2544 1715 φησιν
2568 1662 2582 1675 ·
2627 1664 2645 1696 ι
2686 1646 2742 1699 Ὁ
2786 1644 2962 1717 εὑρὼν
2998 1645 3097 1715 τὴν
3138 1644 3314 1715 ψυχήν
3352 1643 3519 1698 αὐτοῦ
3552 1643 3811 1697 ἀπολέσει

2229 1730 2398 1802 αὑτήν
2420 1747 2435 1762 ·
2462 1732 2555 1784 καὶ
2581 1734 2609 1785 6
2633 1732 2903 1797 ἀπολέσας
2931 1733 3029 1804 τὴν
3056 1732 3233 1804 ψυχήν
3266 1732 3428 1788 αὑτοῦ
3455 1734 3638 1787 ἕνεκεν
3669 1733 3808 1805 ἐμοῦ

2228 1821 2448 1891 εὑρήσει
2492 1823 2680 1894 αὑτήν.
2720 1842 2739 1875 ι
2786 1824 3095 1888 Τουτέστιν,
3130 1827 3158 1879 6
3199 1824 3435 1896 ζητήσας
3476 1825 3575 1897 τὴν
3626 1824 3808 1895 ψυχὴν

553 1923 665 1975 cito
703 1922 893 1992 perdat
939 1922 1109 1981 illam.
1144 1937 1319 1992 neque
1352 1922 1496 1977 sinat
1522 1929 1640 1976 eam
1676 1922 1730 1975 in
1781 1920 2123 1992 improbitate

2229 1911 2414 1978 αὐτοῦ,
2444 1913 2537 1967 καὶ
2569 1913 2746 1987 εὑρὼν
2772 1914 2941 1986 αὑτὴν
2978 1915 3038 1967 ὲν
3067 1915 3381 1986 ἁμαρτίαις.
3408 1916 3688 1985 ταχυνάτω
3711 1917 3806 1970 τοῦ

554 2012 828 2068 immorari
861 2032 875 2068 :
914 2024 993 2079 ut,
1029 2022 1187 2085 capta
1233 2014 1660 2085 opportunitate,
1690 2028 1814 2068 cum
1847 2028 1966 2068 eam
2000 2029 2125 2067 rur-

554 2122 650 2161 sus
683 2108 999 2179 perquiret,
1047 2107 1288 2161 inveniat
1344 2106 1399 2160 in
1458 2106 1679 2160 virtute.
1730 2103 1787 2158 Si
1821 2106 1946 2175 quis
1980 2107 2124 2161 enim

552 2199 786 2252 animam
844 2214 998 2254 suam
1053 2208 1206 2254 extra
1247 2196 1579 2268 supplicium
1626 2196 1874 2252 invenire
1912 2199 2122 2267 cupiat,

549 2291 740 2362 perdet
769 2291 914 2345 illam
949 2292 1002 2346 in
1054 2307 1295 2363 praesens
1324 2300 1572 2360 tempus,
1630 2297 1694 2344 ut
1736 2288 2018 2345 Christum
2052 2290 2127 2344 lu-

548 2392 750 2437 eretur.
777 2382 946 2438 Porro
984 2384 1112 2454 quid
1143 2384 1213 2439 sit
1255 2383 1341 2437 hic
1373 2380 1617 2451 perdere,
1646 2380 1807 2436 docet
1836 2381 2122 2447 Salvator;

547 2490 764 2546 nempe,
798 2491 905 2530 non
947 2484 1006 2529 ut
1037 2475 1273 2529 animam
1308 2481 1549 2528 nostram
1578 2472 1632 2526 in
1660 2472 1963 2543 perniciem
1989 2487 2124 2526 con-

545 2565 801 2636 jiciamus
832 2606 847 2631 ,
905 2566 1001 2622 sed
1030 2574 1090 2621 ut
1136 2573 1378 2635 tempore
1415 2565 1662 2636 martyrii
1711 2580 1778 2619 ne
1833 2579 2124 2635 parcamus

549 2656 803 2720 fortunis,
822 2658 1027 2721 liberis,
1043 2658 1384 2728 parentibus,
1408 2658 1647 2728 corpori,
1673 2673 1850 2728 neque
1871 2658 1974 2728 ipsi
2006 2660 2125 2713 ani-

549 2762 682 2812 mae;
714 2748 807 2803 sed
841 2763 941 2803 nos
980 2749 1086 2818 ipsi
1117 2747 1397 2803 tradamus
1442 2747 1510 2801 ad
1539 2755 1769 2804 mortem
1801 2764 2009 2818 usque;
2041 2756 2121 2814 ut,

548 2838 1003 2905 quemadmodum
1031 2852 1197 2908 supra
1224 2838 1357 2902 dixi,
1378 2838 1724 2894 inveniamus
1754 2838 1992 2893 animam
2025 2854 2126 2892 no.

542 2939 716 2982 stram
742 2929 795 2983 in
818 2944 986 2999 regno
1012 2930 1299 2984 cmlorum.
1342 2927 1399 2983 ld
1434 2929 1579 2984 enim
1611 2929 1773 2985 docet
1826 2930 2121 2985 Salvator:

538 3037 573 3070 οι
606 3018 707 3084 Qui
741 3029 887 3072 amat
921 3027 1127 3089 patrem
1155 3027 1248 3073 aut
1280 3026 1507 3075 matrem
1540 3020 1663 3091 plus
1684 3035 1848 3091 quam
1879 3036 1986 3087 me,
2014 3036 2123 3077 non

537 3119 630 3165 est
662 3125 747 3164 me
774 3110 970 3180 dignus
999 3110 1064 3164 ⁷³.
1102 3129 1120 3161 ι

618 3288 671 3342 5.
698 3287 770 3341 Si
799 3286 922 3357 quis
949 3286 1116 3357 igitur
1142 3285 1379 3342 voluerit
1397 3286 1635 3342 animam
1664 3303 1820 3345 suam
1849 3289 2114 3353 invenire.

531 3379 733 3450 perdet
767 3379 910 3432 illam
942 3377 998 3432 in
1025 3378 1129 3433 hoc
1160 3388 1423 3449 tempore.
1445 3377 1701 3434 Malitiam
1730 3396 1862 3451 ergo
1881 3382 1937 3436 in
1959 3383 2117 3438 nobis

544 3471 810 3543 perditam
840 3477 1087 3540 oportet,
1116 3479 1177 3526 ut
1206 3480 1511 3542 quaerentes
1553 3473 1808 3528 virtutem
1830 3514 1844 3537 ,
1873 3474 2119 3528 invenia.

546 3580 669 3619 mus
703 3564 870 3618 illam.
903 3561 1037 3616 Nam
1071 3563 1116 3618 si
1147 3565 1272 3635 quis
1305 3565 1374 3619 ab
1406 3565 1486 3618 ira
1525 3579 1633 3619 non
1665 3564 1955 3635 quieverit,
1984 3580 2118 3636 quo-

543 3655 708 3709 modo
737 3653 805 3708 ad
842 3654 1315 3710 mansuetudinem
1354 3654 1742 3711 exercebitur?
1771 3653 1828 3708 Si
1856 3655 1981 3726 quis
2004 3670 2034 3709 a
2058 3670 2118 3711 se

544 3762 653 3801 non
707 3747 1070 3802 eliminaverit
1120 3746 1533 3803 fornicationem
1566 3785 1583 3811 ,
1636 3746 1913 3818 quomodo
1943 3747 2116 3801 conti-

544 3839 784 3892 nentiam
812 3837 1182 3908 prolitebitur?
1218 3835 1457 3892 Primum
1500 3838 1646 3894 enim
1674 3853 1773 3908 par
1808 3846 1893 3894 est
1950 3838 2121 3909 abjici

524 3945 758 3986 ’omnem
780 3932 1063 3985 avaritiam
1084 3939 1141 3985 et
1170 3930 1552 3993 idololatriam,
1577 3938 1739 4001 atque
1761 3930 1835 3984 ita
1863 3928 2122 4002 deinceps

544 4038 786 4094 quaerere
802 4030 1192 4093 paupertatem,
1209 4025 1592 4093 pietatemque.
1616 4046 1634 4075 ι
1659 4019 1924 4089 Quaesivi»
1949 4024 2119 4089 enim,

545 4117 721 4187 inquit
740 4135 799 4180 ,1
822 4130 981 4184 quem
1011 4116 1185 4187 diligit
1209 4119 1388 4171 anima
1417 4131 1536 4171 mea
1563 4134 1576 4169 :
1608 4113 1833 4186 quaesivi
1861 4121 1914 4171 et
1940 4115 2121 4171 inveni

545 4209 719 4273 illum,
749 4217 804 4263 et
834 4207 1108 4261 introduxi
1153 4223 1276 4262 eum
1313 4208 1370 4262 in
1401 4208 1623 4262 domum
1669 4200 1862 4262 matris
1886 4222 2040 4272 mete,
2066 4214 2121 4262 et

545 4300 598 4353 in
622 4299 930 4355 cubiculum
965 4298 1084 4368 ejus
1114 4312 1234 4368 qua:
1264 4312 1350 4353 me
1377 4297 1628 4367 concepit
1665 4296 1734 4353 τι.
1769 4315 1789 4349 ι
1824 4295 1928 4363 Qui
1956 4310 2121 4367 porro

615 4454 660 4487 θ’
698 4452 744 4508 ll
774 4453 901 4509 Cor.
939 4467 1034 4517 ιιι,
1069 4452 1124 4505 6.
1200 4452 1246 4485 ⁷ο
1284 4450 1307 4506 l
1336 4450 1466 4508 Cor.
1500 4467 1631 4518 xm,
1666 4451 1759 4508 10.

614 4608 727 4690 (15)
767 4608 912 4671 Haec,
947 4610 1040 4662 καὶ
1066 4606 1495 4732 ὲλευθερωθῖγναι
1529 4609 1593 4662 ἐκ
1625 4607 1732 4692 τῶν
1761 4609 1995 4681 δεσμῶν,
2022 4608 2118 4665 de-

617 4688 676 4732 nt
711 4696 765 4732 in
796 4679 1012 4732 Goblcr.
1045 4688 1099 4732 et
1116 4677 1268 4732 Felc.
1298 4679 1350 4732 1.
1408 4678 1521 4732 bid.
1556 4679 1770 4732 Anglic.
1806 4679 1981 4732 Χρεία
2007 4680 2118 4732 γὰο

2229 4610 2320 4682 τὴν
2352 4612 2527 4684 ψυχὴν
2562 4614 2788 4668 ἑαυτῶν.
2829 4613 3171 4677 Basiliensis,
3219 4614 3319 4685 τὴν

2229 4681 2366 4732 Mox-
2406 4684 2624 4732 Regius.
2664 4682 2894 4732 Secum-
2942 4685 3103 4732 anil-
3141 4686 3319 4732 Anglic

547 4677 676 4733 sunt
711 4677 765 4733 in
796 4679 1012 4733 Goblcr.
1045 4677 1268 4733 etFelc.
1298 4679 1350 4732 1.

547 4749 643 4802 νῦν
665 4750 918 4819 ζητῆσαι.

615 4816 729 4891 (ιρι
764 4816 987 4891 ιιοιιιιε.
1022 4816 1391 4891 ἐπιφανένξοςε

616 4886 729 4959 (47)
769 4886 996 4958 Ιιοιὶρε.
1012 4886 1241 4958 Seguer.
1266 4888 1424 4943 Gobl.
1449 4886 1800 4959 Angl.iBasil.
1825 4889 2115 4959 qui‘tamen

584 4958 856 5014 ostremus
888 4960 1050 5015 habet
1078 4975 1201 5013 cum
1234 4959 1419 5023 editis,
1454 4958 1579 5028 εφη.
1615 4958 1751 5014 lbid.
1788 4958 1923 5023 haec,
1966 4960 2059 5013 καὶ
2086 4963 2116 5014 6

585 5028 909 5099 περιέπει...
941 5030 1161 5099 εὑρήσει
1192 5028 1386 5099 αὑτήν,
1423 5029 1620 5099 desunt
1652 5031 1706 5099 in
1734 5028 1922 5099 Regio,
1953 5028 2110 5099 G_ob|.

542 5109 594 5154 el
631 5094 777 5154 Felc.
806 5101 855 5153 1.
876 5094 1072 5154 'Pauio'
1086 5108 1225 5169 post,
1261 5094 1386 5169 Seg.
1421 5098 1517 5169 καὶ
1549 5097 1726 5169 εὑρὼν
1754 5094 1923 5169 αὑτὴν
1949 5096 2113 5153 οὖσαν

545 5171 603 5221 ὲν
630 5170 946 5243 ἁμαρτίαις,
974 5166 1270 5243 ταχυνέτω.
1296 5166 1419 5222 Mox
1444 5166 1570 5237 Seg.
1588 5166 1751 5243 ﬁobl.
1776 5166 2111 5243 Felc.d_,_p.i1

546 5188 603 5221 εν
630 5188 946 5259 αμαρςιαις,
974 5188 1270 5292 ταγυνετω.
1297 5188 1419 5222 mox
1445 5188 1570 5237 aeg.
1587 5188 1751 5255 your.
1776 5188 1922 5223 reic.
1951 5188 2002 5231 ι,
2037 5188 2111 5243 μη

546 5254 853 5312 συγχωρῶν)
874 5244 1029 5312 αυτῇ.
1079 5239 1190 5312 bid.
1215 5252 1407 5312 omnes
1423 5253 1674 5312 mss._tva
1689 5238 1907 5312 -καιρὸν
1936 5238 2075 5312 λάθῃ
2095 5280 2111 5305 ,

540 5307 910 5380 ρηιιιίοιῆἳθιο.
942 5307 1008 5377 2,
1029 5310 1121 5380 qui
1152 5323 1275 5364 cum
1309 5307 1468 5380 editis
1497 5307 1658 5380 liabet
1689 5307 1775 5362 ἵνα
1805 5307 1998 5380 καιρὸν
2012 5307 2115 5380 λα-

527 5376 678 5432 οών.
716 5379 858 5445 Mox,
901 5376 1230 5451 Regfquem
1253 5379 1421 5451 sequi
1455 5378 1635 5433 visum
1670 5386 1776 5443 est,
1812 5376 1969 5451 εὕρῃ.
2011 5377 2122 5434 Ed.-

543 5463 672 5520 vero
694 5457 748 5502 et
776 5453 959 5520 caeteri
986 5449 1118 5506 iuss.
1138 5449 1378 5520 εὑρήσει.

612 5516 729 5589 (48)
773 5519 990 5589 Regius,
1021 5515 1270 5592 ’τῇ-ψυχῇ
1307 5516 1535 5592 έαυτῶν.
1554 5515 1734 5592 Paulo
1757 5526 1897 5589 post,
1933 5518 2102 5592 Basil.

538 5603 701 5661 queri]
730 5588 1028 5661 sequimur,
1166 5588 1482 5661 φεζσώμεθα
1509 5588 1826 5661 κτημάτων,
1844 5599 1911 5661 et
1936 5591 2008 5643 ita
2031 5590 2109 5661 lef-

1408 4678 1521 4734 bid.
1556 4679 1770 4751 Anglic.
1806 4678 1981 4752 Χρεία
2007 4680 2118 4751 γὰρ

540 5730 857 5851 κὶημάτων,
891 5745 1001 5785 non
1033 5729 1188 5785 (nale.
1210 5729 1393 5794 Editi,
1427 5730 1501 5801 μὴ
1527 5729 1842 5801 φεισώμεθα
1866 5731 1941 5802 μή
1974 5729 2108 5802 κτηὲ

541 5814 586 5851 μ
624 5815 753 5851 των.
1386 5829 1399 5837 —

541 5814 753 5866 μάτων,

771 5869 989 5943 Regius,
1012 5868 1276 5941 εὕρωμεν.
1306 5829 1529 5935 Ibidem,
1555 5871 1754 5942 Regius
1777 5880 1829 5928 et
1852 5868 2068 5942 chuer.

2226 2004 2486 2058 ἀπολέσαι
2518 2005 2713 2078 αὑτήν,
2740 2007 2815 2078 μή
2853 2008 3149 2081 συγχωρῶν
3178 2006 3347 2077 αὑτὴν
3375 2007 3703 2078 ἐγχρονίζειν
3743 2009 3805 2059 ὲν

2225 2096 2419 2167 κακίᾳ⁸
2451 2097 2557 2161 ἵνα,
2581 2097 2770 2170 καιρὸν
2792 2097 2989 2162 λαϐὼν,
3025 2098 3264 2170 ζητήσας
3289 2095 3443 2161 αὖθις
3472 2098 3606 2171 εὖρῃ
3630 2099 3804 2168 αὐτὴν

2226 2190 2283 2242 ὲν
2312 2189 2500 2259 ἀρετῇ.
2548 2188 2659 2242 Καὶ
2686 2188 2795 2261 γάρ
2836 2189 2893 2242 εἴ
2926 2206 3010 2253 τις
3057 2188 3303 2260 βούλεται
3340 2189 3520 2260 εὑρεῖν
3551 2187 3646 2259 τήν
3675 2189 3803 2242 έαυ-

2224 2278 2317 2332 τοῦ
2360 2278 2537 2351 ψυχὴν
2564 2280 2723 2344 ἐκτὸς
2762 2279 3054 2345 κολάσεως,
3091 2280 3343 2334 ἀπολέσει
3371 2279 3541 2349 αὐτὴν
3572 2280 3708 2350 πρὸς
3737 2280 3803 2333 τὸ

2226 2370 2417 2443 παρὸν,
2466 2372 2552 2425 ἴνα
2598 2372 2831 2444 Χριστὸν
2882 2372 3136 2444 κερδήσῃ.
3185 2372 3259 2425 Τὸ
3301 2372 3357 2426 δὲ
3411 2372 3671 2425 ἀπολέσαι
3716 2374 3803 2425 tvo

2222 2461 2397 2516 ταῦθα
2427 2462 2665 2516 διδάσκει
2692 2464 2722 2515 6
2762 2463 2972 2534 Σωτήρ,
3000 2464 3098 2533 οὑχ
3133 2462 3219 2515 ἵνα
3252 2461 3527 2516 ἀπώλειαν
3554 2464 3620 2532 τῇ
3650 2461 3798 2533 ψυχῇ

2225 2553 2380 2624 ήμῶν
2409 2554 2519 2626 (48)
2556 2552 3059 2627 περιποιησώμεθα,
3092 2555 3207 2609 ἀλλ’
3238 2555 3324 2608 ἵνα
3356 2556 3413 2608 ὲν
3454 2554 3630 2626 καιρῷ
3658 2571 3800 2628 μαρ.

2222 2646 2408 2717 τυρίου
2451 2645 2526 2718 μὴ
2550 2645 2866 2716 φεισὼμεθα
2895 2647 3208 2719 κτημάτων,
3246 2646 3320 2718 μὴ
3348 2646 3571 2709 τέκνων,
3603 2646 3677 2717 μὴ
3704 2664 3799 2715 γο-

2224 2734 2379 2802 νέων,
2424 2738 2497 2809 μὴ
2540 2737 2815 2809 σώματος,
2869 2738 3003 2808 μηδὲ
3053 2738 3222 2809 αὐτῆς
3267 2739 3366 2807 τῆς
3407 2737 3615 2808 ψυχῆς·
3660 2736 3800 2791 ἀλλά

2225 2828 2549 2901 παραδῶμεν
2576 2830 2799 2895 ἑαυτοὺς
2831 2830 2992 2901 μέχρι
3019 2828 3271 2891 θανάτου,
3300 2829 3387 2891 ἵν’,
3416 2829 3491 2892 ὡς
3511 2832 3795 2899 προεῖπον,

2225 2920 2545 2992 εὑρήσωμεν
2574 2922 2672 2992 τὴν
2699 2920 2876 2992 ψυχήν
2901 2923 2933 2992 ή
2944 2920 3058 2992 μῶν
3102 2920 3210 2989 (49)
3243 2921 3301 2971 ὲν
3324 2922 3388 2990 τῇ
3420 2918 3528 2972 τῶν
3552 2919 3799 2990 οὐρανῶν

2226 3009 2489 3083 βασιλείᾳ.
2524 3009 2681 3065 Οὕτω
2717 3012 2825 3084 γὰρ
2857 3013 2950 3065 καὶ
2980 3012 3009 3063 6
3053 3010 3242 3082 Σωτὴρ
3268 3010 3533 3064 διδάσκων
3571 3009 3758 3079 ἔλεγεν
3778 3027 3794 3042 ο

2224 3123 2249 3156 η
2296 3105 2352 3158 Ὀ
2393 3105 2624 3174 ἀγαπῶν
2659 3104 2933 3176 πατέραῆ
2973 3103 3183 3175 μητέρα
3211 3103 3351 3175 ὑπὲρ
3378 3102 3499 3173 ἐμὲ,
3538 3103 3640 3156 οὐκ
3681 3102 3799 3157 ἐστι

2224 3214 2331 3268 μου
2364 3197 2531 3262 ἄξιος.
2574 3216 2594 3249 ι

2293 3292 2344 3345 '5.
2399 3291 2466 3345 Εἴ
2507 3308 2592 3353 τις
2631 3288 2724 3344 οὖν
2760 3289 3005 3361 βούλεται
3041 3290 3220 3361 εὑρεῖν
3264 3289 3360 3359 τήν
3390 3287 3568 3359 ψυχήν
3605 3287 3796 3351 αὑτοῦ,

2222 3381 2474 3438 ἀπολέσει
2499 3381 2668 3454 αὐτὴν
2692 3385 2748 3436 ὲν
2787 3380 2864 3454 τῷ
2895 3381 2990 3437 νῦν
3015 3383 3210 3455 καιρῷ.
3239 3383 3360 3455 Χρὴ
3392 3384 3570 3436 τοίνυν
3602 3383 3801 3437 ἀπολέ-

2224 3476 2345 3531 σθαι
2379 3479 2435 3530 ὲν
2477 3478 2610 3549 ήμῖν
2646 3476 2744 3548 τὴν
2772 3475 2990 3542 κακίαν,
3020 3476 3126 3540 ἴνα,
3162 3477 3495 3547 ζητήσαντες
3533 3475 3630 3547 τὴν
3669 3478 3799 3547 ἀρε-

2222 3568 2339 3641 τὴν,
2368 3565 2616 3640 εὕρωμεν
2647 3564 2835 3639 αὑτήν.
2879 3568 3003 3621 Ἐὰν
3028 3567 3137 3639 γὰρ
3169 3568 3241 3638 μή
3271 3584 3354 3629 τις
3381 3565 3653 3636 παύσηται
3680 3567 3795 3635 (50)

2222 3661 2411 3733 ὀργῆς,
2441 3660 2558 3723 πῶς
2590 3660 2874 3731 πραότητα
2916 3659 3236 3731 μελετήσει;
3280 3658 3404 3712 Ἐὰν
3441 3661 3514 3731 μή
3568 3675 3650 3721 τις
3690 3660 3798 3712 ἀπ-

2220 3753 2380 3825 ολέσῃ
2435 3752 2527 3821 ἀφ’
2572 3751 2764 3805 ἑαυτοῦ
2810 3750 2907 3822 τὴν
2934 3751 3211 3823 πορνείαν,
3267 3751 3383 3815 πῶς
3442 3749 3797 3821 σωφροσύνην

2221 3843 2647 3912 ὲπαγγέλλεται;
2681 3841 2903 3913 Πρῶτον
2931 3842 3029 3915 μὲν
3060 3843 3170 3914 γὰρ
3215 3841 3580 3895 ἀποϐαλέσθαι
3625 3855 3796 3912 προσ-

2227 3935 2352 4004 ήκει
2412 3936 2542 4004 ήμῖν
2595 3934 2774 3988 πᾶσαν
2808 3933 3165 4006 φιλαργυρίαν
3195 3935 3286 3987 κα).
3337 3932 3796 4003 εἰδωλολατρείαν,

2222 4022 2316 4075 κα).
2348 4021 2457 4092 (Si)
2487 4018 2585 4073 εἷθ’
2617 4016 2759 4075 οὕτω
2800 4020 3032 4093 ζητῆσαι
3079 4022 3462 4094 ἀκτημοσὺνην
3498 4022 3592 4073 καὶ
3616 4022 3801 4075 θεοσέ-

2226 4112 2397 4167 6ειαν.
2436 4131 2456 4165 ι
2507 4113 2776 4186 Ἐζήτησα
2811 4133 2829 4166 ι
2867 4114 2996 4186 γὰρ,
3043 4116 3226 4184 φησὶν,
3279 4133 3297 4165 ι
3334 4114 3391 4166 ὃν
3434 4113 3719 4184 ἠγάπησεν
3761 4114 3799 4182 ή

2224 4206 2368 4278 ψυχή
2413 4223 2533 4278 μου·
2565 4205 2805 4279 ἐζήτησα
2829 4208 3011 4271 αὑτὸν,
3041 4208 3136 4261 καὶ
3172 4202 3328 4280 εὗρον
3351 4208 3533 4271 αὑτὸν,
3562 4208 3657 4261 καὶ
3684 4209 3803 4260 εἰσ-

2226 4298 2432 4369 ήγαγον
2458 4300 2618 4353 αὑτὸν
2644 4298 2752 4371 (52)
2776 4302 2854 4363 εἰς
2874 4299 2966 4353 τὸν
2994 4295 3138 4353 οἷκον
3170 4300 3272 4370 τῆς
3319 4299 3521 4371 μητρός
3552 4316 3676 4370 μου,
3703 4299 3802 4352 καὶ

1858 4452 1902 4484 τί
1941 4450 2075 4508 ibid.
2112 4453 2123 4505 1

2277 4453 2323 4486 ⁷¹
2361 4452 2551 4509 Matth.
2585 4469 2642 4519 ι,
2674 4452 2765 4510 59.
2837 4454 2885 4493 ⁷³
2922 4453 3057 4510 ibid.
3086 4454 3174 4510 37.
3243 4455 3293 4490 "
3326 4455 3487 4513 Cant.
3524 4472 3603 4524 In,
3640 4457 3705 4523 l,
3735 4457 3797 4516 4.

3363 4614 3540 4686 ψυχὴν
3589 4615 3795 4670 αὐτᾶν.

2222 4681 2624 4755 MOx,_Regius,
2664 4682 2894 4754 Seguer.
2942 4685 3103 4740 Basil.
3140 4681 3350 4755 Anglic.
3379 4681 3654 4740 ’διδάσκων
3680 4686 3800 4739 ἑλε-

2220 4767 2337 4827 γεν.
2370 4753 2512 4807 Editi
2542 4770 2694 4816 vero,
2720 4753 2982 4827 διδάσκει.
3012 4755 3135 4809 Mox
3162 4795 3177 4827 ,
3206 4753 3335 4827 post
3357 4755 3390 4825 ἢ
3410 4756 3645 4827 μητέρα,
3665 4758 3799 4827 qui-

2219 4824 2347 4895 dam
2384 4839 2516 4895 mss.
2546 4840 2669 4895 cum
2698 4826 2862 4895 editis
2895 4825 3116 4887 habent,
3155 4826 3188 4895 ἢ
3216 4824 3557 4895 τέκνα⁷,“ιιιιω
3592 4824 3800 4882 desunt

2219 4891 2472 4966 in_Basil.
2495 4894 2788 4966 etAnglic.
2809 4894 2960 4966 rlbid.
3002 4903 3121 4965 post
3160 4891 3328 4966 ἄξιος,
3354 4891 3557 4966 Regius
3580 4895 3795 4964 adjicit,

2220 4963 2314 5051 καὶ
2402 4963 2777 5037 ἀπολέσαςίτὴν
2791 4965 2967 5037 ψυχὴν
2998 4963 3162 5019 αὑτοῦ
3179 4963 3368 5019 ’ἕνεκεν
3385 4963 3543 5037 ἐμοῦ,
3572 4963 3796 5037 εὑρήσει

2220 5050 2413 5087 αυτην.

2292 5052 2413 5174 (ἐπί
2445 5103 2521 5175 ita
2558 5104 2692 5175 Reg.
2724 5105 2951 5175 Seguer.
2987 5105 3206 5161 Goblrr.
3238 5113 3293 5159 et
3322 5104 3468 5160 Felc.
3502 5107 3551 5159 ι.
3575 5104 3719 5161 Editi
3741 5118 3799 5161 οι

2221 5173 2346 5245 alii,
2365 5173 2889 5245 παύσεταιξΑιιεῘίρ.
2921 5179 3092 5240 solus,
3118 5175 3426 5245 ἀπώσηται.
3454 5177 3590 5231 Ibid.
3620 5176 3792 5233 Basil.

2222 5254 2301 5317 et_
2322 5217 2538 5317 Ἁιιξιίξεῖ
2553 5217 2714 5317 ’ἷτώξ
2726 5217 3429 5317 ”ἓξὲἆὲτῆἲόξ”’μέἔέᾆέ)ὲῖε’ἧ
3438 5217 3565 5299 £5."
3579 5217 3797 5317 ἰιζξῖἶὶἑ

2220 5314 2545 5388 ξρ-ιιιδζπῶς
2577 5314 2842 5388 πραότητι
2868 5314 3394 5388 μελετήσειζυαξιοτί
3420 5314 3491 5370 ιιι
3524 5319 3592 5388 in_
3617 5314 3794 5388 teitu.

2222 5383 2358 5457 I_bid.
2384 5382 2550 5457 Basil.
2596 5382 2896 5457 πολεμήσει
2940 5388 3032 5457 ἀφ’
3051 5382 3136 5440 οὗ.
3164 5385 3335 5439 Paulo
3369 5396 3513 5455 post,
3565 5386 3793 5457 Regius,

2219 5453 2579 5529 Πρεῖιῖερν-ῖίὰρ
2600 5453 2892 5529 ἀπολέσθαι
2915 5453 3188 5529 gramm
3222 5458 3279 5529 ἐξ
3306 5453 3461 5529 ἡμῖν.

2287 5523 2398 5594 (5|)
2438 5523 2560 5580 Καί
2603 5526 2758 5583 deest
2809 5528 2863 5580 in
2903 5523 3123 5583 Gobler.
3154 5535 3208 5581 et
3241 5523 3385 5580 Felc.
3420 5527 3473 5581 1.
3504 5525 3648 5588 Mox,
3679 5525 3791 5580 Re-

582 5604 701 5668 ιιειῃ
730 5592 1028 5668 sequimur,
1060 5592 1132 5668 μὴ
1166 5592 1482 5668 φεισώμεθᾳ
1509 5592 1911 5668 κτημάτωνηοι
1936 5592 2008 5643 ita
2031 5592 2109 5668 le:

2229 5592 2350 5668 gius,
2381 5592 2476 5648 καὶ
2506 5595 2805 5668 εὐσέβειαν.
2846 5594 3219 5668 Ἐζηιὺίδεηι,
3253 5594 3456 5667 Regius
3472 5606 3527 5651 et
3560 5595 3789 5667 Seguer.

543 5656 621 5727 git
649 5656 915 5715 Nannius.
955 5656 1279 5743 Ιὶεεὶιιεζμῂ
1310 5656 1633 5746 ρεισιὶξμεθα
1664 5660 1988 5784 χρηδιαάτων,
2030 5658 2108 5731 μὴ

543 5730 857 5807 κτημάτων,
891 5745 1001 5785 non
1033 5731 1188 5785 male.
1227 5729 1393 5794 hdttt,
1427 5746 1501 5801 μη
1527 5746 1768 5801 φεισωμε
1866 5731 1941 5802 μή
1974 5746 2108 5802 κτη-

2229 5656 2282 5732 ia
2350 5680 2534 5735 φησιν.
2568 5665 2714 5722 Editi
2739 5680 2892 5730 vero,
2916 5656 3031 5736 γὰρ
3057 5665 3185 5738 ἔφη.

2278 5681 2390 5807 (ἔτι)
2437 5736 2600 5790 Αὐτόν
2643 5737 2795 5793 deest
2814 5738 2866 5790 in
2899 5735 3115 5791 Gubler.
3142 5745 3185 5807 οι

2300 5734 2390 5806 52)
2415 5734 2600 5790 Ᾰὺτόν
2643 5737 2795 5793 deest
2814 5738 2866 5790 in
2899 5734 3115 5791 Gubler.
3142 5734 3361 5806 étFelc.
3392 5737 3443 5791 1.
3470 5734 3640 5798 lnfra,
3665 5739 3791 5805 post

2213 5804 2611 5877 σημαινόμενος
2665 5808 2868 5877 R'egius
2901 5807 3083 5872 habet,
3110 5804 3317 5881 Κύριος
3348 5807 3455 5861 τῶν
3480 5804 3784 5877 δυνάμεων.
