  <div class='ocr_page' id='page_1' title='image "/cluster/home/n/w/nwhite01/storage/ocr_20150623/28/hvd.32044019207737/093.png"; bbox 0 0 4002 6570; ppageno 0'>
   <div class='ocr_carea' id='block_1_1' title="bbox 543 401 647 454">
    <p class='ocr_par' dir='ltr' id='par_1_1' title="bbox 543 401 647 454">
     <span class='ocr_line' id='line_1_1' title="bbox 543 401 647 454; baseline 0 -1"><span class='ocrx_word' id='word_1_1' title='bbox 543 401 647 454; x_wconf 73' lang='grc'><strong>175</strong></span> 
     </span>
    </p>
   </div>
   <div class='ocr_carea' id='block_1_2' title="bbox 1685 398 2631 458">
    <p class='ocr_par' dir='ltr' id='par_1_2' title="bbox 1685 398 2631 458">
     <span class='ocr_line' id='line_1_2' title="bbox 1685 398 2631 458; baseline 0.001 -3"><span class='ocrx_word' id='word_1_2' title='bbox 1685 401 1742 455; x_wconf 84' lang='lat' dir='ltr'><strong>S.</strong></span> <span class='ocrx_word' id='word_1_3' title='bbox 1785 399 2248 455; x_wconf 68' lang='lat' dir='ltr'><strong>A&#39;l&#39;l&#39;lANASilIS.</strong></span> <span class='ocrx_word' id='word_1_4' title='bbox 2293 433 2364 442; x_wconf 90' lang='lat'><strong>——</strong></span> <span class='ocrx_word' id='word_1_5' title='bbox 2403 398 2631 458; x_wconf 65' lang='lat' dir='ltr'><strong>DUBIA.</strong></span> 
     </span>
    </p>
   </div>
   <div class='ocr_carea' id='block_1_3' title="bbox 3703 395 3812 451">
    <p class='ocr_par' dir='ltr' id='par_1_3' title="bbox 3703 395 3812 451">
     <span class='ocr_line' id='line_1_3' title="bbox 3703 395 3812 451; baseline 0.009 -1"><span class='ocrx_word' id='word_1_6' title='bbox 3703 395 3812 451; x_wconf 75' lang='grc'><strong>176</strong></span> 
     </span>
    </p>
   </div>
   <div class='ocr_carea' id='block_1_4' title="bbox 467 479 2113 596">
    <p class='ocr_par' dir='ltr' id='par_1_4' title="bbox 486 509 2113 596">
     <span class='ocr_line' id='line_1_4' title="bbox 486 509 2113 596; baseline -0.004 -22"><span class='ocrx_word' id='word_1_7' title='bbox 542 519 676 574; x_wconf 83' lang='lat' dir='ltr'><strong>Sion</strong></span> <span class='ocrx_word' id='word_1_8' title='bbox 707 525 972 580; x_wconf 90' lang='lat' dir='ltr'><strong>montem,</strong></span> <span class='ocrx_word' id='word_1_9' title='bbox 999 521 1054 572; x_wconf 91' lang='lat' dir='ltr'><strong>et</strong></span> <span class='ocrx_word' id='word_1_10' title='bbox 1081 517 1149 571; x_wconf 89' lang='lat' dir='ltr'><strong>ad</strong></span> <span class='ocrx_word' id='word_1_11' title='bbox 1183 514 1466 572; x_wconf 87' lang='lat' dir='ltr'><strong>civitatem</strong></span> <span class='ocrx_word' id='word_1_12' title='bbox 1500 515 1591 570; x_wconf 89' lang='lat' dir='ltr'><strong>Dei</strong></span> <span class='ocrx_word' id='word_1_13' title='bbox 1615 516 1877 578; x_wconf 86' lang='lat' dir='ltr'><strong>viventis,</strong></span> <span class='ocrx_word' id='word_1_14' title='bbox 1903 513 2113 570; x_wconf 82' lang='lat' dir='ltr'><strong>Jerusa-</strong></span> 
     </span>
    </p>
   </div>
   <div class='ocr_carea' id='block_1_5' title="bbox 2222 479 3813 596">
    <p class='ocr_par' dir='ltr' id='par_1_5' title="bbox 2232 509 3813 589">
     <span class='ocr_line' id='line_1_5' title="bbox 2232 509 3813 589; baseline 0.008 -23"><span class='ocrx_word' id='word_1_15' title='bbox 2232 515 2530 587; x_wconf 82' lang='grc' dir='ltr'>ἐπουρανία</span> <span class='ocrx_word' id='word_1_16' title='bbox 2555 517 2684 588; x_wconf 74' lang='grc'><strong>(65),</strong></span> <span class='ocrx_word' id='word_1_17' title='bbox 2716 517 2790 583; x_wconf 68' lang='lat' dir='ltr'><strong>ib;</strong></span> <span class='ocrx_word' id='word_1_18' title='bbox 2824 518 2918 572; x_wconf 75' lang='grc' dir='ltr'><strong>καὶ</strong></span> <span class='ocrx_word' id='word_1_19' title='bbox 2947 519 2976 570; x_wconf 83' lang='grc' dir='ltr'>ὁ</span> <span class='ocrx_word' id='word_1_20' title='bbox 3013 516 3281 589; x_wconf 84' lang='grc' dir='ltr'>μακάριος</span> <span class='ocrx_word' id='word_1_21' title='bbox 3322 511 3639 576; x_wconf 72' lang='grc' dir='ltr'>Ἀτ-ὀστολος</span> <span class='ocrx_word' id='word_1_22' title='bbox 3665 509 3813 584; x_wconf 67' lang='grc' dir='ltr'>γράο</span> 
     </span>
    </p>
   </div>
   <div class='ocr_carea' id='block_1_6' title="bbox 540 605 2121 674">
    <p class='ocr_par' dir='ltr' id='par_1_6' title="bbox 540 605 2121 674">
     <span class='ocr_line' id='line_1_6' title="bbox 540 605 2121 674; baseline -0.001 -14"><span class='ocrx_word' id='word_1_23' title='bbox 540 608 646 663; x_wconf 87' lang='lat' dir='ltr'><strong>lem</strong></span> <span class='ocrx_word' id='word_1_24' title='bbox 689 607 965 662; x_wconf 74' lang='lat' dir='ltr'><strong>cmlestem</strong></span> <span class='ocrx_word' id='word_1_25' title='bbox 1001 645 1019 670; x_wconf 94' lang='lat'><strong>,</strong></span> <span class='ocrx_word' id='word_1_26' title='bbox 1068 615 1123 661; x_wconf 91' lang='lat' dir='ltr'><strong>et</strong></span> <span class='ocrx_word' id='word_1_27' title='bbox 1172 607 1468 660; x_wconf 88' lang='lat' dir='ltr'><strong>multorum</strong></span> <span class='ocrx_word' id='word_1_28' title='bbox 1520 606 1748 660; x_wconf 82' lang='lat' dir='ltr'><strong>millium</strong></span> <span class='ocrx_word' id='word_1_29' title='bbox 1803 605 2121 674; x_wconf 78' lang='lat' dir='ltr'><strong>angelorum</strong></span> 
     </span>
    </p>
   </div>
   <div class='ocr_carea' id='block_1_7' title="bbox 540 699 1064 770">
    <p class='ocr_par' dir='ltr' id='par_1_7' title="bbox 540 699 1064 770">
     <span class='ocr_line' id='line_1_7' title="bbox 540 699 1064 770; baseline -0.006 -16"><span class='ocrx_word' id='word_1_30' title='bbox 540 699 905 770; x_wconf 72' lang='lat' dir='ltr'><strong>frequentiam</strong></span> <span class='ocrx_word' id='word_1_31' title='bbox 933 699 1002 753; x_wconf 81' lang='grc' dir='ltr'><strong>⁸ο.</strong></span> <span class='ocrx_word' id='word_1_32' title='bbox 1044 717 1064 750; x_wconf 74' lang='grc' dir='ltr'><strong>ι</strong></span> 
     </span>
    </p>
   </div>
   <div class='ocr_carea' id='block_1_8' title="bbox 2229 604 3813 680">
    <p class='ocr_par' dir='ltr' id='par_1_8' title="bbox 2229 604 3813 680">
     <span class='ocr_line' id='line_1_8' title="bbox 2229 604 3813 680; baseline -0.011 -4"><span class='ocrx_word' id='word_1_33' title='bbox 2229 625 2350 676; x_wconf 68' lang='grc' dir='ltr'><strong>φεν</strong></span> <span class='ocrx_word' id='word_1_34' title='bbox 2385 625 2404 658; x_wconf 77' lang='grc' dir='ltr'><strong>ι</strong></span> <span class='ocrx_word' id='word_1_35' title='bbox 2436 609 2510 662; x_wconf 81' lang='grc' dir='ltr'><strong>Οὺ</strong></span> <span class='ocrx_word' id='word_1_36' title='bbox 2535 610 2643 680; x_wconf 87' lang='grc' dir='ltr'>γὰρ</span> <span class='ocrx_word' id='word_1_37' title='bbox 2677 609 2871 680; x_wconf 80' lang='grc' dir='ltr'>ἔχομεν</span> <span class='ocrx_word' id='word_1_38' title='bbox 2908 604 3010 663; x_wconf 82' lang='grc' dir='ltr'>ὦδε</span> <span class='ocrx_word' id='word_1_39' title='bbox 3041 608 3304 680; x_wconf 90' lang='grc' dir='ltr'>μένουσαν</span> <span class='ocrx_word' id='word_1_40' title='bbox 3333 607 3509 670; x_wconf 89' lang='grc' dir='ltr'>πόλιν,</span> <span class='ocrx_word' id='word_1_41' title='bbox 3543 605 3679 662; x_wconf 79' lang='grc' dir='ltr'>ἀλλὰ</span> <span class='ocrx_word' id='word_1_42' title='bbox 3711 605 3813 676; x_wconf 80' lang='grc' dir='ltr'>τὴν</span> 
     </span>
    </p>
   </div>
   <div class='ocr_carea' id='block_1_9' title="bbox 2231 695 3812 772">
    <p class='ocr_par' dir='ltr' id='par_1_9' title="bbox 2231 695 3812 772">
     <span class='ocr_line' id='line_1_9' title="bbox 2231 695 3812 772; baseline -0.004 -20"><span class='ocrx_word' id='word_1_43' title='bbox 2231 699 2530 770; x_wconf 86' lang='grc' dir='ltr'>μέλλουσαν</span> <span class='ocrx_word' id='word_1_44' title='bbox 2567 700 2951 772; x_wconf 79' lang='grc' dir='ltr'><strong>ἐπιζητοῦμεν,</strong></span> <span class='ocrx_word' id='word_1_45' title='bbox 2997 695 3064 772; x_wconf 78' lang='grc' dir='ltr'>ἧς</span> <span class='ocrx_word' id='word_1_46' title='bbox 3107 699 3358 772; x_wconf 75' lang='grc' dir='ltr'><strong>τεχνίτης</strong></span> <span class='ocrx_word' id='word_1_47' title='bbox 3406 700 3501 752; x_wconf 81' lang='grc' dir='ltr'>καὶ</span> <span class='ocrx_word' id='word_1_48' title='bbox 3546 697 3812 767; x_wconf 88' lang='grc' dir='ltr'>δημιουρ-</span> 
     </span>
    </p>
   </div>
   <div class='ocr_carea' id='block_1_10' title="bbox 538 787 3815 864">
    <p class='ocr_par' dir='ltr' id='par_1_10' title="bbox 538 787 3815 864">
     <span class='ocr_line' id='line_1_10' title="bbox 538 787 3815 864; baseline -0.002 -20"><span class='ocrx_word' id='word_1_49' title='bbox 538 791 634 858; x_wconf 64' lang='grc' dir='ltr'><strong>γδς</strong></span> <span class='ocrx_word' id='word_1_50' title='bbox 665 794 693 846; x_wconf 87' lang='grc' dir='ltr'>ὁ</span> <span class='ocrx_word' id='word_1_51' title='bbox 721 791 872 856; x_wconf 78' lang='grc' dir='ltr'>Θεὸς.</span> <span class='ocrx_word' id='word_1_52' title='bbox 928 810 948 842; x_wconf 77' lang='grc' dir='ltr'><strong>ι</strong></span> <span class='ocrx_word' id='word_1_53' title='bbox 984 791 1094 844; x_wconf 68' lang='grc' dir='ltr'>Καὶ</span> <span class='ocrx_word' id='word_1_54' title='bbox 1137 789 1297 844; x_wconf 82' lang='grc' dir='ltr'>πάλιν</span> <span class='ocrx_word' id='word_1_55' title='bbox 1336 791 1365 842; x_wconf 84' lang='grc' dir='ltr'><strong>ὁ</strong></span> <span class='ocrx_word' id='word_1_56' title='bbox 1406 789 1569 852; x_wconf 82' lang='grc' dir='ltr'>αὑτός</span> <span class='ocrx_word' id='word_1_57' title='bbox 1611 805 1775 859; x_wconf 87' lang='grc' dir='ltr'>φησιν</span> <span class='ocrx_word' id='word_1_58' title='bbox 1809 787 1920 860; x_wconf 71' lang='grc'><strong>(64)</strong></span> <span class='ocrx_word' id='word_1_59' title='bbox 1948 803 1962 816; x_wconf 81' lang='grc'><strong>⁸</strong></span> <span class='ocrx_word' id='word_1_60' title='bbox 2003 807 2024 842; x_wconf 76' lang='grc' dir='ltr'><strong>ι</strong></span> <span class='ocrx_word' id='word_1_61' title='bbox 2099 789 2174 843; x_wconf 76' lang='grc' dir='ltr'><strong>Οὐ</strong></span> <span class='ocrx_word' id='word_1_62' title='bbox 2212 791 2322 864; x_wconf 82' lang='grc' dir='ltr'><strong>γὰρ</strong></span> <span class='ocrx_word' id='word_1_63' title='bbox 2371 791 2810 863; x_wconf 79' lang='grc' dir='ltr'><strong>προσεληλύθατε</strong></span> <span class='ocrx_word' id='word_1_64' title='bbox 2849 791 3232 863; x_wconf 75' lang='grc' dir='ltr'><strong>ψηλαφωμένῳ</strong></span> <span class='ocrx_word' id='word_1_65' title='bbox 3256 791 3374 864; x_wconf 80' lang='grc' dir='ltr'>ὖρει</span> <span class='ocrx_word' id='word_1_66' title='bbox 3408 791 3501 844; x_wconf 74' lang='grc' dir='ltr'>καὶ</span> <span class='ocrx_word' id='word_1_67' title='bbox 3533 787 3815 857; x_wconf 60' lang='grc' dir='ltr'>κεκαλυμμ-</span> 
     </span>
    </p>
   </div>
   <div class='ocr_carea' id='block_1_11' title="bbox 542 879 3812 958">
    <p class='ocr_par' dir='ltr' id='par_1_11' title="bbox 542 879 3812 958">
     <span class='ocr_line' id='line_1_11' title="bbox 542 879 3812 958; baseline -0.001 -22"><span class='ocrx_word' id='word_1_68' title='bbox 542 882 688 955; x_wconf 87' lang='grc' dir='ltr'>μένῳ</span> <span class='ocrx_word' id='word_1_69' title='bbox 719 883 874 954; x_wconf 73' lang='grc' dir='ltr'>πυρὶ,</span> <span class='ocrx_word' id='word_1_70' title='bbox 900 883 1034 937; x_wconf 85' lang='grc' dir='ltr'>ἀλλὰ</span> <span class='ocrx_word' id='word_1_71' title='bbox 1053 882 1491 954; x_wconf 77' lang='grc' dir='ltr'><strong>προσεληλύθατε</strong></span> <span class='ocrx_word' id='word_1_72' title='bbox 1515 879 1650 933; x_wconf 84' lang='grc' dir='ltr'>Σιὼν</span> <span class='ocrx_word' id='word_1_73' title='bbox 1676 880 1813 952; x_wconf 80' lang='grc' dir='ltr'>δρει,</span> <span class='ocrx_word' id='word_1_74' title='bbox 1871 880 1966 934; x_wconf 75' lang='grc' dir='ltr'><strong>καὶ</strong></span> <span class='ocrx_word' id='word_1_75' title='bbox 1991 879 2144 934; x_wconf 86' lang='grc' dir='ltr'>πόλει</span> <span class='ocrx_word' id='word_1_76' title='bbox 2207 881 2341 936; x_wconf 85' lang='grc' dir='ltr'>Θεοῦ</span> <span class='ocrx_word' id='word_1_77' title='bbox 2377 883 2598 949; x_wconf 77' lang='grc' dir='ltr'>ζῶντος,</span> <span class='ocrx_word' id='word_1_78' title='bbox 2633 885 2986 958; x_wconf 84' lang='grc' dir='ltr'>Ἰερουσαλὴμ</span> <span class='ocrx_word' id='word_1_79' title='bbox 3024 882 3350 954; x_wconf 84' lang='grc' dir='ltr'>ἐπουρανίῳ,</span> <span class='ocrx_word' id='word_1_80' title='bbox 3386 881 3481 936; x_wconf 73' lang='grc' dir='ltr'><strong>καὶ</strong></span> <span class='ocrx_word' id='word_1_81' title='bbox 3548 879 3812 952; x_wconf 82' lang='grc' dir='ltr'><strong>μυριάσιν</strong></span> 
     </span>
    </p>
   </div>
   <div class='ocr_carea' id='block_1_12' title="bbox 539 973 1204 1046">
    <p class='ocr_par' dir='ltr' id='par_1_12' title="bbox 539 973 1204 1046">
     <span class='ocr_line' id='line_1_12' title="bbox 539 973 1204 1046; baseline 0 -20"><span class='ocrx_word' id='word_1_82' title='bbox 539 974 787 1044; x_wconf 84' lang='grc' dir='ltr'>ἀγγέλων</span> <span class='ocrx_word' id='word_1_83' title='bbox 819 973 1030 1046; x_wconf 84' lang='grc' dir='ltr'>πανηγύ</span> <span class='ocrx_word' id='word_1_84' title='bbox 1038 991 1142 1045; x_wconf 89' lang='grc' dir='ltr'>ρει.</span> <span class='ocrx_word' id='word_1_85' title='bbox 1181 993 1204 1025; x_wconf 64' lang='grc' dir='ltr'>θ</span> 
     </span>
    </p>
   </div>
   <div class='ocr_carea' id='block_1_13' title="bbox 609 1092 2125 1161">
    <p class='ocr_par' dir='ltr' id='par_1_13' title="bbox 609 1092 2125 1161">
     <span class='ocr_line' id='line_1_13' title="bbox 609 1092 2125 1161; baseline -0.001 -14"><span class='ocrx_word' id='word_1_86' title='bbox 609 1095 664 1148; x_wconf 71' lang='grc'>4.</span> <span class='ocrx_word' id='word_1_87' title='bbox 697 1093 856 1148; x_wconf 84' lang='lat' dir='ltr'><strong>Tales</strong></span> <span class='ocrx_word' id='word_1_88' title='bbox 903 1092 1054 1148; x_wconf 80' lang='lat' dir='ltr'><strong>fuere</strong></span> <span class='ocrx_word' id='word_1_89' title='bbox 1083 1093 1259 1149; x_wconf 92' lang='lat' dir='ltr'><strong>sancti</strong></span> <span class='ocrx_word' id='word_1_90' title='bbox 1307 1107 1518 1156; x_wconf 87' lang='lat' dir='ltr'><strong>omnes,</strong></span> <span class='ocrx_word' id='word_1_91' title='bbox 1553 1098 1607 1146; x_wconf 90' lang='lat' dir='ltr'><strong>et</strong></span> <span class='ocrx_word' id='word_1_92' title='bbox 1635 1096 1905 1161; x_wconf 89' lang='lat' dir='ltr'><strong>quotquot</strong></span> <span class='ocrx_word' id='word_1_93' title='bbox 1929 1105 2125 1146; x_wconf 87' lang='lat' dir='ltr'><strong>secun-</strong></span> 
     </span>
    </p>
   </div>
   <div class='ocr_carea' id='block_1_14' title="bbox 538 1183 2119 1245">
    <p class='ocr_par' dir='ltr' id='par_1_14' title="bbox 538 1183 2119 1245">
     <span class='ocr_line' id='line_1_14' title="bbox 538 1183 2119 1245; baseline 0 -8"><span class='ocrx_word' id='word_1_94' title='bbox 538 1184 669 1237; x_wconf 86' lang='lat' dir='ltr'><strong>dum</strong></span> <span class='ocrx_word' id='word_1_95' title='bbox 717 1183 945 1238; x_wconf 86' lang='lat' dir='ltr'><strong>Paulum</strong></span> <span class='ocrx_word' id='word_1_96' title='bbox 999 1185 1335 1245; x_wconf 86' lang='lat' dir='ltr'><strong>incedentes,</strong></span> <span class='ocrx_word' id='word_1_97' title='bbox 1367 1183 1557 1238; x_wconf 88' lang='lat' dir='ltr'><strong>eodem</strong></span> <span class='ocrx_word' id='word_1_98' title='bbox 1587 1185 1944 1238; x_wconf 88' lang='lat' dir='ltr'><strong>contendunt.</strong></span> <span class='ocrx_word' id='word_1_99' title='bbox 1979 1183 2119 1238; x_wconf 83' lang='lat' dir='ltr'><strong>Audi</strong></span> 
     </span>
    </p>
   </div>
   <div class='ocr_carea' id='block_1_15' title="bbox 540 1274 2124 1345">
    <p class='ocr_par' dir='ltr' id='par_1_15' title="bbox 540 1274 2124 1345">
     <span class='ocr_line' id='line_1_15' title="bbox 540 1274 2124 1345; baseline 0.001 -15"><span class='ocrx_word' id='word_1_100' title='bbox 540 1293 757 1332; x_wconf 85' lang='lat' dir='ltr'><strong>rursum</strong></span> <span class='ocrx_word' id='word_1_101' title='bbox 789 1278 1036 1332; x_wconf 86' lang='lat' dir='ltr'><strong>eumdem</strong></span> <span class='ocrx_word' id='word_1_102' title='bbox 1071 1294 1084 1328; x_wconf 91' lang='lat'><strong>:</strong></span> <span class='ocrx_word' id='word_1_103' title='bbox 1120 1295 1138 1326; x_wconf 80' lang='grc' dir='ltr'><strong>ι</strong></span> <span class='ocrx_word' id='word_1_104' title='bbox 1181 1274 1237 1328; x_wconf 91' lang='lat' dir='ltr'><strong>Si</strong></span> <span class='ocrx_word' id='word_1_105' title='bbox 1267 1275 1412 1329; x_wconf 85' lang='lat' dir='ltr'><strong>enim</strong></span> <span class='ocrx_word' id='word_1_106' title='bbox 1443 1275 1615 1345; x_wconf 89' lang='lat' dir='ltr'><strong>ipsius</strong></span> <span class='ocrx_word' id='word_1_107' title='bbox 1649 1277 2026 1332; x_wconf 80' lang='lat' dir='ltr'><strong>meminissent</strong></span> <span class='ocrx_word' id='word_1_108' title='bbox 2057 1276 2124 1332; x_wconf 85' lang='lat' dir='ltr'><strong>de</strong></span> 
     </span>
    </p>
   </div>
   <div class='ocr_carea' id='block_1_16' title="bbox 538 1365 2123 1437">
    <p class='ocr_par' dir='ltr' id='par_1_16' title="bbox 538 1365 2123 1437">
     <span class='ocr_line' id='line_1_16' title="bbox 538 1365 2123 1437; baseline -0.001 -15"><span class='ocrx_word' id='word_1_109' title='bbox 538 1383 645 1437; x_wconf 74' lang='lat' dir='ltr'><strong>qua</strong></span> <span class='ocrx_word' id='word_1_110' title='bbox 691 1369 962 1428; x_wconf 75' lang='lat' dir='ltr'><strong>exierunt,</strong></span> <span class='ocrx_word' id='word_1_111' title='bbox 1005 1365 1271 1422; x_wconf 86' lang='lat' dir='ltr'><strong>haberent</strong></span> <span class='ocrx_word' id='word_1_112' title='bbox 1302 1365 1492 1435; x_wconf 86' lang='lat' dir='ltr'><strong>utique</strong></span> <span class='ocrx_word' id='word_1_113' title='bbox 1541 1367 1887 1422; x_wconf 86' lang='lat' dir='ltr'><strong>occasionem</strong></span> <span class='ocrx_word' id='word_1_114' title='bbox 1938 1382 2123 1422; x_wconf 88' lang='lat' dir='ltr'><strong>rever-</strong></span> 
     </span>
    </p>
   </div>
   <div class='ocr_carea' id='block_1_17' title="bbox 537 1456 2126 1526">
    <p class='ocr_par' dir='ltr' id='par_1_17' title="bbox 537 1456 2126 1526">
     <span class='ocr_line' id='line_1_17' title="bbox 537 1456 2126 1526; baseline 0 -14"><span class='ocrx_word' id='word_1_115' title='bbox 537 1460 706 1514; x_wconf 85' lang='lat' dir='ltr'><strong>tendi.</strong></span> <span class='ocrx_word' id='word_1_116' title='bbox 739 1457 894 1514; x_wconf 86' lang='lat' dir='ltr'><strong>Nunc</strong></span> <span class='ocrx_word' id='word_1_117' title='bbox 941 1469 1123 1513; x_wconf 89' lang='lat' dir='ltr'><strong>autem</strong></span> <span class='ocrx_word' id='word_1_118' title='bbox 1174 1457 1453 1512; x_wconf 83' lang='lat' dir='ltr'><strong>meliorem</strong></span> <span class='ocrx_word' id='word_1_119' title='bbox 1488 1467 1768 1526; x_wconf 90' lang='lat' dir='ltr'><strong>appetunt,</strong></span> <span class='ocrx_word' id='word_1_120' title='bbox 1807 1456 1862 1511; x_wconf 88' lang='lat' dir='ltr'><strong>id</strong></span> <span class='ocrx_word' id='word_1_121' title='bbox 1902 1466 1988 1512; x_wconf 92' lang='lat' dir='ltr'><strong>est</strong></span> <span class='ocrx_word' id='word_1_122' title='bbox 2017 1471 2126 1512; x_wconf 71' lang='lat' dir='ltr'><strong>coe-</strong></span> 
     </span>
    </p>
   </div>
   <div class='ocr_carea' id='block_1_18' title="bbox 538 1547 2124 1620">
    <p class='ocr_par' dir='ltr' id='par_1_18' title="bbox 538 1547 2124 1620">
     <span class='ocr_line' id='line_1_18' title="bbox 538 1547 2124 1620; baseline 0 -17"><span class='ocrx_word' id='word_1_123' title='bbox 538 1552 732 1606; x_wconf 85' lang='lat' dir='ltr'><strong>lestem</strong></span> <span class='ocrx_word' id='word_1_124' title='bbox 759 1552 858 1604; x_wconf 60' lang='lat'><strong>&quot;.9</strong></span> <span class='ocrx_word' id='word_1_125' title='bbox 913 1547 1240 1620; x_wconf 82' lang='lat' dir='ltr'><strong>llujusmodi</strong></span> <span class='ocrx_word' id='word_1_126' title='bbox 1282 1557 1441 1602; x_wconf 85' lang='lat' dir='ltr'><strong>erant</strong></span> <span class='ocrx_word' id='word_1_127' title='bbox 1465 1549 1642 1604; x_wconf 82' lang='lat' dir='ltr'><strong>sancti</strong></span> <span class='ocrx_word' id='word_1_128' title='bbox 1673 1549 1909 1620; x_wconf 86' lang='lat' dir='ltr'><strong>apostoli</strong></span> <span class='ocrx_word' id='word_1_129' title='bbox 1941 1557 1997 1606; x_wconf 88' lang='lat' dir='ltr'><strong>et</strong></span> <span class='ocrx_word' id='word_1_130' title='bbox 2039 1549 2124 1604; x_wconf 86' lang='lat' dir='ltr'><strong>di-</strong></span> 
     </span>
    </p>
   </div>
   <div class='ocr_carea' id='block_1_19' title="bbox 541 1639 2125 1712">
    <p class='ocr_par' dir='ltr' id='par_1_19' title="bbox 541 1639 2125 1712">
     <span class='ocr_line' id='line_1_19' title="bbox 541 1639 2125 1712; baseline -0.001 -14"><span class='ocrx_word' id='word_1_131' title='bbox 541 1643 734 1711; x_wconf 87' lang='lat' dir='ltr'><strong>scipuli</strong></span> <span class='ocrx_word' id='word_1_132' title='bbox 761 1641 996 1704; x_wconf 90' lang='lat' dir='ltr'><strong>Domini,</strong></span> <span class='ocrx_word' id='word_1_133' title='bbox 1028 1642 1120 1712; x_wconf 90' lang='lat' dir='ltr'><strong>qui</strong></span> <span class='ocrx_word' id='word_1_134' title='bbox 1147 1657 1271 1696; x_wconf 91' lang='lat' dir='ltr'><strong>cum</strong></span> <span class='ocrx_word' id='word_1_135' title='bbox 1300 1639 1462 1697; x_wconf 86' lang='lat' dir='ltr'><strong>Petro</strong></span> <span class='ocrx_word' id='word_1_136' title='bbox 1483 1640 1739 1696; x_wconf 83' lang='lat' dir='ltr'><strong>dicebant</strong></span> <span class='ocrx_word' id='word_1_137' title='bbox 1763 1660 1776 1696; x_wconf 93' lang='lat'><strong>:</strong></span> <span class='ocrx_word' id='word_1_138' title='bbox 1809 1659 1827 1692; x_wconf 81' lang='grc' dir='ltr'><strong>ι</strong></span> <span class='ocrx_word' id='word_1_139' title='bbox 1857 1641 1996 1696; x_wconf 89' lang='lat' dir='ltr'><strong>Ecce</strong></span> <span class='ocrx_word' id='word_1_140' title='bbox 2022 1657 2125 1696; x_wconf 84' lang='lat' dir='ltr'><strong>nos</strong></span> 
     </span>
    </p>
   </div>
   <div class='ocr_carea' id='block_1_20' title="bbox 538 1729 2126 1800">
    <p class='ocr_par' dir='ltr' id='par_1_20' title="bbox 538 1729 2126 1800">
     <span class='ocr_line' id='line_1_20' title="bbox 538 1729 2126 1800; baseline 0.001 -18"><span class='ocrx_word' id='word_1_141' title='bbox 538 1731 858 1800; x_wconf 87' lang='lat' dir='ltr'><strong>reliquimus</strong></span> <span class='ocrx_word' id='word_1_142' title='bbox 887 1732 1090 1796; x_wconf 85' lang='lat' dir='ltr'><strong>omnia,</strong></span> <span class='ocrx_word' id='word_1_143' title='bbox 1113 1740 1167 1785; x_wconf 88' lang='lat' dir='ltr'><strong>et</strong></span> <span class='ocrx_word' id='word_1_144' title='bbox 1200 1731 1372 1785; x_wconf 88' lang='lat' dir='ltr'><strong>secuti</strong></span> <span class='ocrx_word' id='word_1_145' title='bbox 1397 1745 1588 1784; x_wconf 87' lang='lat' dir='ltr'><strong>sumus</strong></span> <span class='ocrx_word' id='word_1_146' title='bbox 1620 1737 1674 1784; x_wconf 92' lang='lat' dir='ltr'><strong>te</strong></span> <span class='ocrx_word' id='word_1_147' title='bbox 1693 1730 1762 1783; x_wconf 81' lang='grc'>⁸³.</span> <span class='ocrx_word' id='word_1_148' title='bbox 1794 1749 1813 1781; x_wconf 82' lang='grc'><strong>›</strong></span> <span class='ocrx_word' id='word_1_149' title='bbox 1839 1729 2126 1784; x_wconf 77' lang='lat' dir='ltr'><strong>Mittuntur</strong></span> 
     </span>
    </p>
   </div>
   <div class='ocr_carea' id='block_1_21' title="bbox 539 1819 2128 1892">
    <p class='ocr_par' dir='ltr' id='par_1_21' title="bbox 539 1819 2128 1892">
     <span class='ocr_line' id='line_1_21' title="bbox 539 1819 2128 1892; baseline 0.002 -19"><span class='ocrx_word' id='word_1_150' title='bbox 539 1822 722 1890; x_wconf 84' lang='lat' dir='ltr'><strong>itaque</strong></span> <span class='ocrx_word' id='word_1_151' title='bbox 779 1822 1020 1876; x_wconf 87' lang='lat' dir='ltr'><strong>solutum</strong></span> <span class='ocrx_word' id='word_1_152' title='bbox 1068 1837 1235 1892; x_wconf 87' lang='lat' dir='ltr'><strong>supra</strong></span> <span class='ocrx_word' id='word_1_153' title='bbox 1278 1819 1484 1877; x_wconf 90' lang='lat' dir='ltr'><strong>dictum</strong></span> <span class='ocrx_word' id='word_1_154' title='bbox 1515 1821 1743 1892; x_wconf 91' lang='lat' dir='ltr'><strong>pullum.</strong></span> <span class='ocrx_word' id='word_1_155' title='bbox 1777 1820 1914 1876; x_wconf 88' lang='lat' dir='ltr'><strong>Nam</strong></span> <span class='ocrx_word' id='word_1_156' title='bbox 1945 1821 2128 1876; x_wconf 86' lang='lat' dir='ltr'><strong>Salva-</strong></span> 
     </span>
    </p>
   </div>
   <div class='ocr_carea' id='block_1_22' title="bbox 2297 1083 3811 1158">
    <p class='ocr_par' dir='ltr' id='par_1_22' title="bbox 2297 1083 3811 1158">
     <span class='ocr_line' id='line_1_22' title="bbox 2297 1083 3811 1158; baseline -0.005 -16"><span class='ocrx_word' id='word_1_157' title='bbox 2297 1087 2350 1142; x_wconf 71' lang='grc'>4.</span> <span class='ocrx_word' id='word_1_158' title='bbox 2381 1086 2623 1142; x_wconf 80' lang='grc' dir='ltr'>Τοιοῦτοι</span> <span class='ocrx_word' id='word_1_159' title='bbox 2643 1084 2842 1158; x_wconf 69' lang='grc' dir='ltr'><strong>δὲ’(ϐὅ)</strong></span> <span class='ocrx_word' id='word_1_160' title='bbox 2875 1083 3015 1158; x_wconf 84' lang='grc' dir='ltr'>ἦσαν</span> <span class='ocrx_word' id='word_1_161' title='bbox 3054 1085 3256 1149; x_wconf 76' lang='grc' dir='ltr'>πάντες</span> <span class='ocrx_word' id='word_1_162' title='bbox 3284 1085 3336 1138; x_wconf 81' lang='grc' dir='ltr'><strong>οἱ</strong></span> <span class='ocrx_word' id='word_1_163' title='bbox 3365 1083 3531 1152; x_wconf 73' lang='grc' dir='ltr'>ἅγιοι,</span> <span class='ocrx_word' id='word_1_164' title='bbox 3571 1083 3668 1136; x_wconf 81' lang='grc' dir='ltr'>καὶ</span> <span class='ocrx_word' id='word_1_165' title='bbox 3692 1083 3811 1136; x_wconf 80' lang='grc' dir='ltr'>ὅσοι</span> 
     </span>
    </p>
   </div>
   <div class='ocr_carea' id='block_1_23' title="bbox 2225 1174 3805 1252">
    <p class='ocr_par' dir='ltr' id='par_1_23' title="bbox 2225 1174 3805 1252">
     <span class='ocr_line' id='line_1_23' title="bbox 2225 1174 3805 1252; baseline -0.003 -20"><span class='ocrx_word' id='word_1_166' title='bbox 2225 1180 2370 1234; x_wconf 85' lang='grc' dir='ltr'><strong>κατά</strong></span> <span class='ocrx_word' id='word_1_167' title='bbox 2427 1179 2518 1234; x_wconf 78' lang='grc' dir='ltr'><strong>τὸν</strong></span> <span class='ocrx_word' id='word_1_168' title='bbox 2566 1179 2779 1234; x_wconf 79' lang='grc' dir='ltr'>Παῦλον</span> <span class='ocrx_word' id='word_1_169' title='bbox 2825 1179 3179 1252; x_wconf 88' lang='grc' dir='ltr'>πορευόμενοι</span> <span class='ocrx_word' id='word_1_170' title='bbox 3238 1175 3440 1247; x_wconf 77' lang='grc' dir='ltr'>ταύτης</span> <span class='ocrx_word' id='word_1_171' title='bbox 3494 1174 3805 1246; x_wconf 82' lang='grc' dir='ltr'>ὀρέγονται.</span> 
     </span>
    </p>
   </div>
   <div class='ocr_carea' id='block_1_24' title="bbox 2231 1267 3808 1340">
    <p class='ocr_par' dir='ltr' id='par_1_24' title="bbox 2231 1267 3808 1340">
     <span class='ocr_line' id='line_1_24' title="bbox 2231 1267 3808 1340; baseline -0.003 -16"><span class='ocrx_word' id='word_1_172' title='bbox 2231 1273 2428 1325; x_wconf 83' lang='grc' dir='ltr'>Ἀκουε</span> <span class='ocrx_word' id='word_1_173' title='bbox 2455 1270 2618 1326; x_wconf 85' lang='grc' dir='ltr'>πάλιν</span> <span class='ocrx_word' id='word_1_174' title='bbox 2645 1271 2806 1325; x_wconf 81' lang='grc' dir='ltr'>αὐτόν</span> <span class='ocrx_word' id='word_1_175' title='bbox 2825 1287 2840 1302; x_wconf 78' lang='grc'><strong>⁸</strong></span> <span class='ocrx_word' id='word_1_176' title='bbox 2885 1289 2904 1322; x_wconf 83' lang='grc' dir='ltr'><strong>ι</strong></span> <span class='ocrx_word' id='word_1_177' title='bbox 2933 1272 3000 1323; x_wconf 79' lang='lat' dir='ltr'><strong>El</strong></span> <span class='ocrx_word' id='word_1_178' title='bbox 3025 1268 3136 1340; x_wconf 81' lang='grc' dir='ltr'>γὰρ</span> <span class='ocrx_word' id='word_1_179' title='bbox 3160 1267 3373 1338; x_wconf 77' lang='grc' dir='ltr'>ἐκείνης</span> <span class='ocrx_word' id='word_1_180' title='bbox 3413 1267 3808 1337; x_wconf 73' lang='grc' dir='ltr'>ἐμνημόνευον,</span> 
     </span>
    </p>
   </div>
   <div class='ocr_carea' id='block_1_25' title="bbox 2225 1357 3810 1435">
    <p class='ocr_par' dir='ltr' id='par_1_25' title="bbox 2225 1357 3810 1435">
     <span class='ocr_line' id='line_1_25' title="bbox 2225 1357 3810 1435; baseline -0.004 -19"><span class='ocrx_word' id='word_1_181' title='bbox 2225 1363 2320 1432; x_wconf 83' lang='grc' dir='ltr'>ἀφ’</span> <span class='ocrx_word' id='word_1_182' title='bbox 2360 1358 2432 1435; x_wconf 87' lang='grc' dir='ltr'>ἦς</span> <span class='ocrx_word' id='word_1_183' title='bbox 2475 1362 2764 1434; x_wconf 77' lang='grc' dir='ltr'>ἐξέϐησαν,</span> <span class='ocrx_word' id='word_1_184' title='bbox 2809 1357 2952 1432; x_wconf 77' lang='grc' dir='ltr'>εἶχον</span> <span class='ocrx_word' id='word_1_185' title='bbox 2991 1361 3057 1414; x_wconf 80' lang='grc' dir='ltr'><strong>ἂν</strong></span> <span class='ocrx_word' id='word_1_186' title='bbox 3089 1359 3276 1431; x_wconf 79' lang='grc' dir='ltr'>καιρὸν</span> <span class='ocrx_word' id='word_1_187' title='bbox 3319 1358 3658 1428; x_wconf 80' lang='grc' dir='ltr'>ἀνακάμψαι.</span> <span class='ocrx_word' id='word_1_188' title='bbox 3691 1357 3810 1411; x_wconf 82' lang='grc' dir='ltr'>Νῦν</span> 
     </span>
    </p>
   </div>
   <div class='ocr_carea' id='block_1_26' title="bbox 2224 1449 3804 1525">
    <p class='ocr_par' dir='ltr' id='par_1_26' title="bbox 2224 1449 3804 1525">
     <span class='ocr_line' id='line_1_26' title="bbox 2224 1449 3804 1525; baseline -0.004 -18"><span class='ocrx_word' id='word_1_189' title='bbox 2224 1453 2282 1507; x_wconf 76' lang='grc' dir='ltr'>δὲ</span> <span class='ocrx_word' id='word_1_190' title='bbox 2335 1454 2645 1525; x_wconf 88' lang='grc' dir='ltr'>κρείττονος</span> <span class='ocrx_word' id='word_1_191' title='bbox 2697 1454 3010 1525; x_wconf 80' lang='grc' dir='ltr'>ὀρέγονται,</span> <span class='ocrx_word' id='word_1_192' title='bbox 3051 1453 3326 1506; x_wconf 83' lang='grc' dir='ltr'>τουτέστιν</span> <span class='ocrx_word' id='word_1_193' title='bbox 3383 1449 3728 1522; x_wconf 80' lang='grc' dir='ltr'>ἐπουρανίου.</span> <span class='ocrx_word' id='word_1_194' title='bbox 3783 1468 3804 1500; x_wconf 74' lang='grc' dir='ltr'><strong>ι</strong></span> 
     </span>
    </p>
   </div>
   <div class='ocr_carea' id='block_1_27' title="bbox 2225 1541 3813 1618">
    <p class='ocr_par' dir='ltr' id='par_1_27' title="bbox 2225 1541 3813 1618">
     <span class='ocr_line' id='line_1_27' title="bbox 2225 1541 3813 1618; baseline -0.001 -20"><span class='ocrx_word' id='word_1_195' title='bbox 2225 1546 2469 1599; x_wconf 88' lang='grc' dir='ltr'>Τοιοῦτοι</span> <span class='ocrx_word' id='word_1_196' title='bbox 2515 1545 2576 1599; x_wconf 81' lang='grc' dir='ltr'>δὲ</span> <span class='ocrx_word' id='word_1_197' title='bbox 2621 1542 2760 1618; x_wconf 78' lang='grc' dir='ltr'>ἦσαν</span> <span class='ocrx_word' id='word_1_198' title='bbox 2787 1547 2838 1598; x_wconf 77' lang='lat' dir='ltr'><strong>oi.</strong></span> <span class='ocrx_word' id='word_1_199' title='bbox 2881 1545 3027 1614; x_wconf 77' lang='grc' dir='ltr'>ἅγιοι</span> <span class='ocrx_word' id='word_1_200' title='bbox 3081 1543 3368 1598; x_wconf 82' lang='grc' dir='ltr'>ἀπόστολοι</span> <span class='ocrx_word' id='word_1_201' title='bbox 3411 1544 3505 1596; x_wconf 72' lang='grc' dir='ltr'><strong>καὶ</strong></span> <span class='ocrx_word' id='word_1_202' title='bbox 3569 1541 3813 1612; x_wconf 73' lang='grc' dir='ltr'>μαθηταὶ</span> 
     </span>
    </p>
   </div>
   <div class='ocr_carea' id='block_1_28' title="bbox 2225 1633 3814 1710">
    <p class='ocr_par' dir='ltr' id='par_1_28' title="bbox 2225 1633 3814 1710">
     <span class='ocr_line' id='line_1_28' title="bbox 2225 1633 3814 1710; baseline -0.003 -18"><span class='ocrx_word' id='word_1_203' title='bbox 2225 1638 2318 1692; x_wconf 80' lang='grc' dir='ltr'><strong>τοῦ</strong></span> <span class='ocrx_word' id='word_1_204' title='bbox 2393 1639 2620 1710; x_wconf 81' lang='grc' dir='ltr'>Κυρίου,</span> <span class='ocrx_word' id='word_1_205' title='bbox 2681 1639 2875 1700; x_wconf 81' lang='grc' dir='ltr'>οἵτινες</span> <span class='ocrx_word' id='word_1_206' title='bbox 2925 1637 3034 1708; x_wconf 82' lang='grc'><strong>(66)</strong></span> <span class='ocrx_word' id='word_1_207' title='bbox 3099 1635 3236 1708; x_wconf 80' lang='grc' dir='ltr'>μετὰ</span> <span class='ocrx_word' id='word_1_208' title='bbox 3279 1634 3372 1689; x_wconf 83' lang='grc' dir='ltr'><strong>τοῦ</strong></span> <span class='ocrx_word' id='word_1_209' title='bbox 3428 1633 3634 1706; x_wconf 80' lang='grc' dir='ltr'>Πέτρου</span> <span class='ocrx_word' id='word_1_210' title='bbox 3700 1633 3814 1687; x_wconf 72' lang='grc' dir='ltr'>ελε-</span> 
     </span>
    </p>
   </div>
   <div class='ocr_carea' id='block_1_29' title="bbox 2226 1724 3809 1801">
    <p class='ocr_par' dir='ltr' id='par_1_29' title="bbox 2226 1724 3809 1801">
     <span class='ocr_line' id='line_1_29' title="bbox 2226 1724 3809 1801; baseline -0.004 -16"><span class='ocrx_word' id='word_1_211' title='bbox 2226 1748 2322 1799; x_wconf 89' lang='grc' dir='ltr'><strong>γον</strong></span> <span class='ocrx_word' id='word_1_212' title='bbox 2342 1747 2356 1761; x_wconf 87' lang='grc'><strong>·</strong></span> <span class='ocrx_word' id='word_1_213' title='bbox 2397 1748 2416 1782; x_wconf 78' lang='grc' dir='ltr'><strong>ι</strong></span> <span class='ocrx_word' id='word_1_214' title='bbox 2467 1730 2598 1784; x_wconf 82' lang='grc' dir='ltr'>Ἰδοὺ</span> <span class='ocrx_word' id='word_1_215' title='bbox 2629 1731 2792 1801; x_wconf 82' lang='grc' dir='ltr'>ἡμεῖς</span> <span class='ocrx_word' id='word_1_216' title='bbox 2827 1729 3118 1800; x_wconf 79' lang='grc' dir='ltr'>ἀφήκαμεν</span> <span class='ocrx_word' id='word_1_217' title='bbox 3149 1727 3347 1791; x_wconf 81' lang='grc' dir='ltr'>πάντα,</span> <span class='ocrx_word' id='word_1_218' title='bbox 3381 1726 3478 1780; x_wconf 70' lang='grc' dir='ltr'><strong>καὶ</strong></span> <span class='ocrx_word' id='word_1_219' title='bbox 3506 1724 3809 1797; x_wconf 68' lang='grc' dir='ltr'>ἠκολουθήο</span> 
     </span>
    </p>
   </div>
   <div class='ocr_carea' id='block_1_30' title="bbox 2231 1814 3809 1894">
    <p class='ocr_par' dir='ltr' id='par_1_30' title="bbox 2231 1814 3809 1894">
     <span class='ocr_line' id='line_1_30' title="bbox 2231 1814 3809 1894; baseline -0.003 -20"><span class='ocrx_word' id='word_1_220' title='bbox 2231 1823 2404 1894; x_wconf 83' lang='grc' dir='ltr'>σαμέν</span> <span class='ocrx_word' id='word_1_221' title='bbox 2431 1839 2533 1874; x_wconf 90' lang='grc' dir='ltr'>σοι.</span> <span class='ocrx_word' id='word_1_222' title='bbox 2570 1840 2589 1874; x_wconf 74' lang='grc' dir='ltr'><strong>ι</strong></span> <span class='ocrx_word' id='word_1_223' title='bbox 2633 1819 3074 1875; x_wconf 81' lang='grc' dir='ltr'>Ἀποστέλλονται</span> <span class='ocrx_word' id='word_1_224' title='bbox 3110 1814 3202 1874; x_wconf 82' lang='grc' dir='ltr'><strong>οὖν</strong></span> <span class='ocrx_word' id='word_1_225' title='bbox 3231 1818 3388 1872; x_wconf 89' lang='grc' dir='ltr'>λῦσαι</span> <span class='ocrx_word' id='word_1_226' title='bbox 3415 1817 3512 1871; x_wconf 81' lang='grc' dir='ltr'><strong>τὸν</strong></span> <span class='ocrx_word' id='word_1_227' title='bbox 3539 1834 3809 1890; x_wconf 77' lang='grc' dir='ltr'>προειρηο</span> 
     </span>
    </p>
   </div>
   <div class='ocr_carea' id='block_1_31' title="bbox 533 1903 2113 1985">
    <p class='ocr_par' dir='ltr' id='par_1_31' title="bbox 533 1913 2113 1973">
     <span class='ocr_line' id='line_1_31' title="bbox 533 1913 2113 1973; baseline 0.003 -7"><span class='ocrx_word' id='word_1_228' title='bbox 533 1914 673 1968; x_wconf 88' lang='lat' dir='ltr'><strong>toris</strong></span> <span class='ocrx_word' id='word_1_229' title='bbox 696 1915 868 1968; x_wconf 85' lang='lat' dir='ltr'><strong>nostri</strong></span> <span class='ocrx_word' id='word_1_230' title='bbox 893 1913 1160 1973; x_wconf 85' lang='lat' dir='ltr'><strong>adventus</strong></span> <span class='ocrx_word' id='word_1_231' title='bbox 1189 1921 1242 1967; x_wconf 89' lang='lat' dir='ltr'><strong>et</strong></span> <span class='ocrx_word' id='word_1_232' title='bbox 1272 1913 1586 1968; x_wconf 81' lang='lat' dir='ltr'><strong>humanitas</strong></span> <span class='ocrx_word' id='word_1_233' title='bbox 1622 1915 1900 1970; x_wconf 82' lang='lat' dir='ltr'><strong>revocavit</strong></span> <span class='ocrx_word' id='word_1_234' title='bbox 1925 1930 2024 1971; x_wconf 89' lang='lat' dir='ltr'><strong>nos</strong></span> <span class='ocrx_word' id='word_1_235' title='bbox 2053 1931 2113 1970; x_wconf 76' lang='lat' dir='ltr'><strong>ex</strong></span> 
     </span>
    </p>
   </div>
   <div class='ocr_carea' id='block_1_32' title="bbox 2222 1903 3811 1985">
    <p class='ocr_par' dir='ltr' id='par_1_32' title="bbox 2227 1904 3811 1985">
     <span class='ocr_line' id='line_1_32' title="bbox 2227 1904 3811 1985; baseline -0.006 -16"><span class='ocrx_word' id='word_1_236' title='bbox 2227 1917 2386 1985; x_wconf 87' lang='grc' dir='ltr'>μένον</span> <span class='ocrx_word' id='word_1_237' title='bbox 2415 1911 2524 1982; x_wconf 81' lang='grc'><strong>(67)</strong></span> <span class='ocrx_word' id='word_1_238' title='bbox 2554 1911 2750 1968; x_wconf 85' lang='grc' dir='ltr'>πῶλον.</span> <span class='ocrx_word' id='word_1_239' title='bbox 2787 1912 2855 1965; x_wconf 88' lang='lat' dir='ltr'><strong>&#39;H</strong></span> <span class='ocrx_word' id='word_1_240' title='bbox 2879 1911 2990 1981; x_wconf 81' lang='grc' dir='ltr'>γὰρ</span> <span class='ocrx_word' id='word_1_241' title='bbox 3012 1908 3106 1963; x_wconf 87' lang='grc' dir='ltr'><strong>τοῦ</strong></span> <span class='ocrx_word' id='word_1_242' title='bbox 3133 1909 3383 1980; x_wconf 85' lang='grc' dir='ltr'>Σωτῆρος</span> <span class='ocrx_word' id='word_1_243' title='bbox 3410 1904 3566 1978; x_wconf 85' lang='grc' dir='ltr'>ἡμῶν</span> <span class='ocrx_word' id='word_1_244' title='bbox 3597 1922 3811 1979; x_wconf 79' lang='grc' dir='ltr'>παρου-</span> 
     </span>
    </p>
   </div>
   <div class='ocr_carea' id='block_1_33' title="bbox 534 2005 2118 2076">
    <p class='ocr_par' dir='ltr' id='par_1_33' title="bbox 534 2005 2118 2076">
     <span class='ocr_line' id='line_1_33' title="bbox 534 2005 2118 2076; baseline 0.003 -18"><span class='ocrx_word' id='word_1_245' title='bbox 534 2021 675 2076; x_wconf 80' lang='lat' dir='ltr'><strong>pago</strong></span> <span class='ocrx_word' id='word_1_246' title='bbox 720 2021 750 2060; x_wconf 90' lang='lat' dir='ltr'><strong>e</strong></span> <span class='ocrx_word' id='word_1_247' title='bbox 788 2005 1010 2075; x_wconf 85' lang='lat' dir='ltr'><strong>regione</strong></span> <span class='ocrx_word' id='word_1_248' title='bbox 1038 2007 1218 2074; x_wconf 90' lang='lat' dir='ltr'><strong>posito</strong></span> <span class='ocrx_word' id='word_1_249' title='bbox 1271 2005 1340 2059; x_wconf 89' lang='lat' dir='ltr'><strong>ad</strong></span> <span class='ocrx_word' id='word_1_250' title='bbox 1375 2005 1654 2061; x_wconf 77' lang='lat' dir='ltr'><strong>cmlestem</strong></span> <span class='ocrx_word' id='word_1_251' title='bbox 1707 2007 1882 2076; x_wconf 89' lang='lat' dir='ltr'><strong>ipsius</strong></span> <span class='ocrx_word' id='word_1_252' title='bbox 1929 2009 2118 2064; x_wconf 87' lang='lat' dir='ltr'><strong>urbem</strong></span> 
     </span>
    </p>
   </div>
   <div class='ocr_carea' id='block_1_34' title="bbox 535 2095 2121 2166">
    <p class='ocr_par' dir='ltr' id='par_1_34' title="bbox 535 2095 2121 2166">
     <span class='ocr_line' id='line_1_34' title="bbox 535 2095 2121 2166; baseline 0.001 -14"><span class='ocrx_word' id='word_1_253' title='bbox 535 2112 828 2166; x_wconf 75' lang='lat' dir='ltr'><strong>supernam</strong></span> <span class='ocrx_word' id='word_1_254' title='bbox 857 2095 1182 2151; x_wconf 80' lang='lat' dir='ltr'><strong>Jerusalem.</strong></span> <span class='ocrx_word' id='word_1_255' title='bbox 1225 2095 1479 2150; x_wconf 81' lang='lat' dir='ltr'><strong>Arbitror</strong></span> <span class='ocrx_word' id='word_1_256' title='bbox 1508 2097 1654 2149; x_wconf 90' lang='lat' dir='ltr'><strong>enim</strong></span> <span class='ocrx_word' id='word_1_257' title='bbox 1683 2114 1785 2152; x_wconf 86' lang='lat' dir='ltr'><strong>nos</strong></span> <span class='ocrx_word' id='word_1_258' title='bbox 1815 2099 1886 2153; x_wconf 93' lang='lat' dir='ltr'><strong>ob</strong></span> <span class='ocrx_word' id='word_1_259' title='bbox 1927 2099 2121 2154; x_wconf 86' lang='lat' dir='ltr'><strong>Adami</strong></span> 
     </span>
    </p>
   </div>
   <div class='ocr_carea' id='block_1_35' title="bbox 546 2186 2121 2258">
    <p class='ocr_par' dir='ltr' id='par_1_35' title="bbox 546 2186 2121 2258">
     <span class='ocr_line' id='line_1_35' title="bbox 546 2186 2121 2258; baseline 0.001 -18"><span class='ocrx_word' id='word_1_260' title='bbox 546 2187 1020 2258; x_wconf 83' lang='lat' dir='ltr'><strong>inobsequentiam</strong></span> <span class='ocrx_word' id='word_1_261' title='bbox 1057 2186 1248 2256; x_wconf 89' lang='lat' dir='ltr'><strong>pulsos</strong></span> <span class='ocrx_word' id='word_1_262' title='bbox 1271 2201 1395 2240; x_wconf 87' lang='lat' dir='ltr'><strong>esse</strong></span> <span class='ocrx_word' id='word_1_263' title='bbox 1423 2200 1487 2238; x_wconf 81' lang='lat' dir='ltr'><strong>ex</strong></span> <span class='ocrx_word' id='word_1_264' title='bbox 1522 2187 1798 2255; x_wconf 86' lang='lat' dir='ltr'><strong>paradiso,</strong></span> <span class='ocrx_word' id='word_1_265' title='bbox 1835 2196 1890 2242; x_wconf 91' lang='lat' dir='ltr'><strong>et</strong></span> <span class='ocrx_word' id='word_1_266' title='bbox 1933 2190 1990 2242; x_wconf 93' lang='lat' dir='ltr'><strong>in</strong></span> <span class='ocrx_word' id='word_1_267' title='bbox 2023 2190 2121 2242; x_wconf 73' lang='lat' dir='ltr'><strong>ad-</strong></span> 
     </span>
    </p>
   </div>
   <div class='ocr_carea' id='block_1_36' title="bbox 539 2275 2122 2346">
    <p class='ocr_par' dir='ltr' id='par_1_36' title="bbox 539 2275 2122 2346">
     <span class='ocr_line' id='line_1_36' title="bbox 539 2275 2122 2346; baseline 0.001 -16"><span class='ocrx_word' id='word_1_268' title='bbox 539 2291 760 2332; x_wconf 86' lang='lat' dir='ltr'><strong>versum</strong></span> <span class='ocrx_word' id='word_1_269' title='bbox 782 2290 1000 2346; x_wconf 87' lang='lat' dir='ltr'><strong>pagum,</strong></span> <span class='ocrx_word' id='word_1_270' title='bbox 1027 2275 1186 2344; x_wconf 89' lang='lat' dir='ltr'><strong>quasi</strong></span> <span class='ocrx_word' id='word_1_271' title='bbox 1213 2275 1266 2328; x_wconf 91' lang='lat' dir='ltr'><strong>in</strong></span> <span class='ocrx_word' id='word_1_272' title='bbox 1297 2275 1588 2339; x_wconf 87' lang='lat' dir='ltr'><strong>coloniam,</strong></span> <span class='ocrx_word' id='word_1_273' title='bbox 1609 2275 1874 2332; x_wconf 90' lang='lat' dir='ltr'><strong>deductos</strong></span> <span class='ocrx_word' id='word_1_274' title='bbox 1903 2297 1916 2332; x_wconf 89' lang='lat'><strong>:</strong></span> <span class='ocrx_word' id='word_1_275' title='bbox 1946 2297 1966 2328; x_wconf 78' lang='grc' dir='ltr'><strong>ι</strong></span> <span class='ocrx_word' id='word_1_276' title='bbox 1999 2277 2122 2346; x_wconf 87' lang='lat' dir='ltr'><strong>Eje-</strong></span> 
     </span>
    </p>
   </div>
   <div class='ocr_carea' id='block_1_37' title="bbox 531 2364 2120 2436">
    <p class='ocr_par' dir='ltr' id='par_1_37' title="bbox 531 2364 2120 2436">
     <span class='ocr_line' id='line_1_37' title="bbox 531 2364 2120 2436; baseline 0.002 -16"><span class='ocrx_word' id='word_1_277' title='bbox 531 2368 609 2420; x_wconf 84' lang='lat' dir='ltr'><strong>cit</strong></span> <span class='ocrx_word' id='word_1_278' title='bbox 634 2369 800 2429; x_wconf 85' lang='lat' dir='ltr'><strong>enim,</strong></span> <span class='ocrx_word' id='word_1_279' title='bbox 861 2367 1058 2436; x_wconf 85' lang='lat' dir='ltr'><strong>inquit,</strong></span> <span class='ocrx_word' id='word_1_280' title='bbox 1107 2364 1262 2422; x_wconf 87' lang='lat' dir='ltr'><strong>Deus.</strong></span> <span class='ocrx_word' id='word_1_281' title='bbox 1304 2365 1498 2430; x_wconf 86' lang='lat' dir='ltr'><strong>Adam,</strong></span> <span class='ocrx_word' id='word_1_282' title='bbox 1568 2373 1619 2420; x_wconf 86' lang='lat' dir='ltr'><strong>ct</strong></span> <span class='ocrx_word' id='word_1_283' title='bbox 1681 2365 1930 2424; x_wconf 83' lang='lat' dir='ltr'><strong>habitare</strong></span> <span class='ocrx_word' id='word_1_284' title='bbox 1991 2369 2120 2424; x_wconf 85' lang='lat' dir='ltr'><strong>fecit</strong></span> 
     </span>
    </p>
   </div>
   <div class='ocr_carea' id='block_1_38' title="bbox 531 2444 2119 2530">
    <p class='ocr_par' dir='ltr' id='par_1_38' title="bbox 531 2444 2119 2530">
     <span class='ocr_line' id='line_1_38' title="bbox 531 2444 2119 2530; baseline 0.003 -20"><span class='ocrx_word' id='word_1_285' title='bbox 531 2473 658 2511; x_wconf 81' lang='lat' dir='ltr'><strong>eum</strong></span> <span class='ocrx_word' id='word_1_286' title='bbox 688 2471 720 2510; x_wconf 89' lang='lat' dir='ltr'><strong>e</strong></span> <span class='ocrx_word' id='word_1_287' title='bbox 749 2456 971 2527; x_wconf 75' lang='lat' dir='ltr'><strong>regione</strong></span> <span class='ocrx_word' id='word_1_288' title='bbox 998 2455 1239 2524; x_wconf 89' lang='lat' dir='ltr'><strong>paradisi</strong></span> <span class='ocrx_word' id='word_1_289' title='bbox 1255 2444 1561 2524; x_wconf 50' lang='lat' dir='ltr'><strong>&#39;voluptatis</strong></span> <span class='ocrx_word' id='word_1_290' title='bbox 1585 2457 1652 2511; x_wconf 79' lang='grc'><strong>³³.</strong></span> <span class='ocrx_word' id='word_1_291' title='bbox 1686 2477 1704 2509; x_wconf 73' lang='grc' dir='ltr'><strong>ι</strong></span> <span class='ocrx_word' id='word_1_292' title='bbox 1734 2456 1826 2512; x_wconf 89' lang='lat' dir='ltr'><strong>Sic</strong></span> <span class='ocrx_word' id='word_1_293' title='bbox 1867 2459 2032 2530; x_wconf 83' lang='lat' dir='ltr'><strong>igitur</strong></span> <span class='ocrx_word' id='word_1_294' title='bbox 2063 2460 2119 2514; x_wconf 90' lang='lat' dir='ltr'><strong>iu</strong></span> 
     </span>
    </p>
   </div>
   <div class='ocr_carea' id='block_1_39' title="bbox 533 2546 2121 2620">
    <p class='ocr_par' dir='ltr' id='par_1_39' title="bbox 533 2546 2121 2620">
     <span class='ocr_line' id='line_1_39' title="bbox 533 2546 2121 2620; baseline 0.005 -20"><span class='ocrx_word' id='word_1_295' title='bbox 533 2549 821 2605; x_wconf 86' lang='lat' dir='ltr'><strong>adversum</strong></span> <span class='ocrx_word' id='word_1_296' title='bbox 855 2564 1056 2620; x_wconf 83' lang='lat' dir='ltr'><strong>pagum</strong></span> <span class='ocrx_word' id='word_1_297' title='bbox 1103 2550 1398 2604; x_wconf 89' lang='lat' dir='ltr'><strong>mittuntur</strong></span> <span class='ocrx_word' id='word_1_298' title='bbox 1426 2567 1456 2602; x_wconf 78' lang='grc' dir='ltr'><strong>ιι</strong></span> <span class='ocrx_word' id='word_1_299' title='bbox 1483 2546 1615 2606; x_wconf 83' lang='lat' dir='ltr'><strong>Jesu</strong></span> <span class='ocrx_word' id='word_1_300' title='bbox 1667 2551 1922 2620; x_wconf 88' lang='lat' dir='ltr'><strong>discipuli</strong></span> <span class='ocrx_word' id='word_1_301' title='bbox 1977 2553 2121 2608; x_wconf 88' lang='lat' dir='ltr'><strong>solu-</strong></span> 
     </span>
    </p>
   </div>
   <div class='ocr_carea' id='block_1_40' title="bbox 529 2639 2120 2714">
    <p class='ocr_par' dir='ltr' id='par_1_40' title="bbox 529 2639 2120 2714">
     <span class='ocr_line' id='line_1_40' title="bbox 529 2639 2120 2714; baseline 0.001 -19"><span class='ocrx_word' id='word_1_302' title='bbox 529 2641 637 2695; x_wconf 90' lang='lat' dir='ltr'><strong>turi</strong></span> <span class='ocrx_word' id='word_1_303' title='bbox 669 2642 899 2710; x_wconf 90' lang='lat' dir='ltr'><strong>pullum.</strong></span> <span class='ocrx_word' id='word_1_304' title='bbox 933 2640 998 2692; x_wconf 90' lang='lat' dir='ltr'><strong>Et</strong></span> <span class='ocrx_word' id='word_1_305' title='bbox 1031 2639 1174 2707; x_wconf 86' lang='lat' dir='ltr'><strong>vide,</strong></span> <span class='ocrx_word' id='word_1_306' title='bbox 1207 2655 1414 2710; x_wconf 80' lang='lat' dir='ltr'><strong>quaeso,</strong></span> <span class='ocrx_word' id='word_1_307' title='bbox 1448 2657 1582 2696; x_wconf 89' lang='lat' dir='ltr'><strong>num</strong></span> <span class='ocrx_word' id='word_1_308' title='bbox 1607 2640 1746 2696; x_wconf 84' lang='lat' dir='ltr'><strong>forte</strong></span> <span class='ocrx_word' id='word_1_309' title='bbox 1773 2643 1844 2696; x_wconf 93' lang='lat' dir='ltr'><strong>ob</strong></span> <span class='ocrx_word' id='word_1_310' title='bbox 1873 2657 1997 2698; x_wconf 92' lang='lat' dir='ltr'><strong>eum</strong></span> <span class='ocrx_word' id='word_1_311' title='bbox 2023 2644 2120 2714; x_wconf 89' lang='lat' dir='ltr'><strong>qui</strong></span> 
     </span>
    </p>
   </div>
   <div class='ocr_carea' id='block_1_41' title="bbox 531 2730 2120 2802">
    <p class='ocr_par' dir='ltr' id='par_1_41' title="bbox 531 2730 2120 2802">
     <span class='ocr_line' id='line_1_41' title="bbox 531 2730 2120 2802; baseline 0.001 -17"><span class='ocrx_word' id='word_1_312' title='bbox 531 2732 738 2801; x_wconf 83' lang='lat' dir='ltr'><strong>ejectus</strong></span> <span class='ocrx_word' id='word_1_313' title='bbox 769 2730 946 2786; x_wconf 77' lang='lat' dir='ltr'><strong>fuerat</strong></span> <span class='ocrx_word' id='word_1_314' title='bbox 976 2746 1007 2785; x_wconf 91' lang='lat' dir='ltr'><strong>e</strong></span> <span class='ocrx_word' id='word_1_315' title='bbox 1039 2730 1317 2800; x_wconf 88' lang='lat' dir='ltr'><strong>paradiso,</strong></span> <span class='ocrx_word' id='word_1_316' title='bbox 1364 2738 1530 2801; x_wconf 90' lang='lat' dir='ltr'><strong>atque</strong></span> <span class='ocrx_word' id='word_1_317' title='bbox 1572 2745 1604 2786; x_wconf 91' lang='lat' dir='ltr'><strong>e</strong></span> <span class='ocrx_word' id='word_1_318' title='bbox 1643 2732 1865 2802; x_wconf 88' lang='lat' dir='ltr'><strong>regione</strong></span> <span class='ocrx_word' id='word_1_319' title='bbox 1911 2733 2120 2787; x_wconf 74' lang='lat' dir='ltr'><strong>consti~</strong></span> 
     </span>
    </p>
   </div>
   <div class='ocr_carea' id='block_1_42' title="bbox 535 2821 2117 2894">
    <p class='ocr_par' dir='ltr' id='par_1_42' title="bbox 535 2821 2117 2894">
     <span class='ocr_line' id='line_1_42' title="bbox 535 2821 2117 2894; baseline 0.001 -18"><span class='ocrx_word' id='word_1_320' title='bbox 535 2832 711 2888; x_wconf 90' lang='lat' dir='ltr'><strong>tutus,</strong></span> <span class='ocrx_word' id='word_1_321' title='bbox 745 2823 1034 2878; x_wconf 90' lang='lat' dir='ltr'><strong>mittantur</strong></span> <span class='ocrx_word' id='word_1_322' title='bbox 1073 2822 1330 2892; x_wconf 90' lang='lat' dir='ltr'><strong>discipuli</strong></span> <span class='ocrx_word' id='word_1_323' title='bbox 1373 2837 1405 2875; x_wconf 90' lang='lat' dir='ltr'><strong>a</strong></span> <span class='ocrx_word' id='word_1_324' title='bbox 1445 2821 1577 2878; x_wconf 83' lang='lat' dir='ltr'><strong>Jesu</strong></span> <span class='ocrx_word' id='word_1_325' title='bbox 1617 2823 1673 2877; x_wconf 94' lang='lat' dir='ltr'><strong>in</strong></span> <span class='ocrx_word' id='word_1_326' title='bbox 1697 2824 1986 2878; x_wconf 86' lang='lat' dir='ltr'><strong>adversum</strong></span> <span class='ocrx_word' id='word_1_327' title='bbox 2017 2839 2117 2894; x_wconf 83' lang='lat' dir='ltr'><strong>pa-</strong></span> 
     </span>
    </p>
   </div>
   <div class='ocr_carea' id='block_1_43' title="bbox 530 2913 2118 2984">
    <p class='ocr_par' dir='ltr' id='par_1_43' title="bbox 530 2913 2118 2984">
     <span class='ocr_line' id='line_1_43' title="bbox 530 2913 2118 2984; baseline 0.003 -18"><span class='ocrx_word' id='word_1_328' title='bbox 530 2930 657 2983; x_wconf 74' lang='lat' dir='ltr'><strong>gum</strong></span> <span class='ocrx_word' id='word_1_329' title='bbox 703 2915 938 2970; x_wconf 87' lang='lat' dir='ltr'><strong>soluturi</strong></span> <span class='ocrx_word' id='word_1_330' title='bbox 959 2914 1190 2984; x_wconf 89' lang='lat' dir='ltr'><strong>pullum.</strong></span> <span class='ocrx_word' id='word_1_331' title='bbox 1212 2913 1290 2969; x_wconf 87' lang='lat' dir='ltr'><strong>Ea</strong></span> <span class='ocrx_word' id='word_1_332' title='bbox 1317 2915 1464 2970; x_wconf 88' lang='lat' dir='ltr'><strong>enim</strong></span> <span class='ocrx_word' id='word_1_333' title='bbox 1482 2915 1550 2970; x_wconf 91' lang='lat' dir='ltr'><strong>de</strong></span> <span class='ocrx_word' id='word_1_334' title='bbox 1575 2929 1742 2970; x_wconf 84' lang='lat' dir='ltr'><strong>causa</strong></span> <span class='ocrx_word' id='word_1_335' title='bbox 1763 2915 1909 2970; x_wconf 86' lang='lat' dir='ltr'><strong>venit</strong></span> <span class='ocrx_word' id='word_1_336' title='bbox 1928 2913 2118 2971; x_wconf 88' lang='lat' dir='ltr'><strong>Salva-</strong></span> 
     </span>
    </p>
   </div>
   <div class='ocr_carea' id='block_1_44' title="bbox 533 3007 2120 3078">
    <p class='ocr_par' dir='ltr' id='par_1_44' title="bbox 533 3007 2120 3078">
     <span class='ocr_line' id='line_1_44' title="bbox 533 3007 2120 3078; baseline 0.001 -18"><span class='ocrx_word' id='word_1_337' title='bbox 533 3017 638 3072; x_wconf 87' lang='lat' dir='ltr'><strong>tor,</strong></span> <span class='ocrx_word' id='word_1_338' title='bbox 670 3008 876 3062; x_wconf 85' lang='lat' dir='ltr'><strong>relictis</strong></span> <span class='ocrx_word' id='word_1_339' title='bbox 925 3007 1227 3078; x_wconf 79' lang='lat' dir='ltr'><strong>nonaginta</strong></span> <span class='ocrx_word' id='word_1_340' title='bbox 1265 3021 1460 3061; x_wconf 90' lang='lat' dir='ltr'><strong>novem</strong></span> <span class='ocrx_word' id='word_1_341' title='bbox 1489 3007 1686 3062; x_wconf 89' lang='lat' dir='ltr'><strong>ovibus</strong></span> <span class='ocrx_word' id='word_1_342' title='bbox 1747 3023 1868 3077; x_wconf 63' lang='lat' dir='ltr'><strong>quae</strong></span> <span class='ocrx_word' id='word_1_343' title='bbox 1897 3023 2006 3062; x_wconf 90' lang='lat' dir='ltr'><strong>non</strong></span> <span class='ocrx_word' id='word_1_344' title='bbox 2031 3023 2120 3063; x_wconf 90' lang='lat' dir='ltr'><strong>er-</strong></span> 
     </span>
    </p>
   </div>
   <div class='ocr_carea' id='block_1_45' title="bbox 530 3100 2118 3172">
    <p class='ocr_par' dir='ltr' id='par_1_45' title="bbox 530 3100 2118 3172">
     <span class='ocr_line' id='line_1_45' title="bbox 530 3100 2118 3172; baseline 0.003 -20"><span class='ocrx_word' id='word_1_345' title='bbox 530 3107 804 3164; x_wconf 80' lang='lat' dir='ltr'><strong>raverant,</strong></span> <span class='ocrx_word' id='word_1_346' title='bbox 857 3109 917 3154; x_wconf 90' lang='lat' dir='ltr'><strong>ut</strong></span> <span class='ocrx_word' id='word_1_347' title='bbox 970 3100 1249 3172; x_wconf 86' lang='lat' dir='ltr'><strong>profectus</strong></span> <span class='ocrx_word' id='word_1_348' title='bbox 1295 3114 1414 3155; x_wconf 88' lang='lat' dir='ltr'><strong>eam</strong></span> <span class='ocrx_word' id='word_1_349' title='bbox 1460 3102 1798 3170; x_wconf 91' lang='lat' dir='ltr'><strong>perquireret</strong></span> <span class='ocrx_word' id='word_1_350' title='bbox 1851 3116 1972 3171; x_wconf 67' lang='lat' dir='ltr'><strong>qua:</strong></span> <span class='ocrx_word' id='word_1_351' title='bbox 2033 3117 2118 3158; x_wconf 86' lang='lat' dir='ltr'><strong>er-</strong></span> 
     </span>
    </p>
   </div>
   <div class='ocr_carea' id='block_1_46' title="bbox 528 3177 2115 3264">
    <p class='ocr_par' dir='ltr' id='par_1_46' title="bbox 528 3177 2115 3264">
     <span class='ocr_line' id='line_1_46' title="bbox 528 3177 2115 3264; baseline 0.003 -22"><span class='ocrx_word' id='word_1_352' title='bbox 528 3177 744 3244; x_wconf 75' lang='lat' dir='ltr'><strong>raverat</strong></span> <span class='ocrx_word' id='word_1_353' title='bbox 777 3211 790 3244; x_wconf 83' lang='lat'><strong>:</strong></span> <span class='ocrx_word' id='word_1_354' title='bbox 825 3207 932 3262; x_wconf 90' lang='lat' dir='ltr'><strong>qua</strong></span> <span class='ocrx_word' id='word_1_355' title='bbox 961 3192 1184 3248; x_wconf 83' lang='lat' dir='ltr'><strong>inventa</strong></span> <span class='ocrx_word' id='word_1_356' title='bbox 1217 3193 1431 3247; x_wconf 65' lang='lat' dir='ltr'><strong>laetatur</strong></span> <span class='ocrx_word' id='word_1_357' title='bbox 1461 3191 1530 3248; x_wconf 90' lang='lat' dir='ltr'><strong>de</strong></span> <span class='ocrx_word' id='word_1_358' title='bbox 1563 3193 1702 3264; x_wconf 87' lang='lat' dir='ltr'><strong>ipsa,</strong></span> <span class='ocrx_word' id='word_1_359' title='bbox 1739 3194 2115 3262; x_wconf 87' lang='lat' dir='ltr'><strong>congaudent-</strong></span> 
     </span>
    </p>
   </div>
   <div class='ocr_carea' id='block_1_47' title="bbox 485 3281 2108 3355">
    <p class='ocr_par' dir='ltr' id='par_1_47' title="bbox 485 3281 2108 3355">
     <span class='ocr_line' id='line_1_47' title="bbox 485 3281 2108 3355; baseline 0.002 -21"><span class='ocrx_word' id='word_1_360' title='bbox 485 3281 491 3286; x_wconf 89' lang='grc'><strong>’</strong></span> <span class='ocrx_word' id='word_1_361' title='bbox 526 3297 634 3350; x_wconf 82' lang='lat' dir='ltr'><strong>que</strong></span> <span class='ocrx_word' id='word_1_362' title='bbox 661 3283 835 3353; x_wconf 82' lang='lat' dir='ltr'><strong>angeli</strong></span> <span class='ocrx_word' id='word_1_363' title='bbox 854 3285 920 3338; x_wconf 92' lang='lat' dir='ltr'><strong>de</strong></span> <span class='ocrx_word' id='word_1_364' title='bbox 947 3300 1057 3338; x_wconf 92' lang='lat' dir='ltr'><strong>uno</strong></span> <span class='ocrx_word' id='word_1_365' title='bbox 1076 3291 1363 3355; x_wconf 83' lang='lat' dir='ltr'><strong>peccatore</strong></span> <span class='ocrx_word' id='word_1_366' title='bbox 1383 3283 1704 3354; x_wconf 87' lang='lat' dir='ltr'><strong>poenitente.</strong></span> <span class='ocrx_word' id='word_1_367' title='bbox 1740 3283 2108 3350; x_wconf 66' lang='lat' dir='ltr'><strong>Quaerendum</strong></span> 
     </span>
    </p>
   </div>
   <div class='ocr_carea' id='block_1_48' title="bbox 527 3376 2111 3448">
    <p class='ocr_par' dir='ltr' id='par_1_48' title="bbox 527 3376 2111 3448">
     <span class='ocr_line' id='line_1_48' title="bbox 527 3376 2111 3448; baseline 0.001 -20"><span class='ocrx_word' id='word_1_368' title='bbox 527 3389 714 3444; x_wconf 85' lang='lat' dir='ltr'><strong>porro,</strong></span> <span class='ocrx_word' id='word_1_369' title='bbox 743 3391 816 3430; x_wconf 90' lang='lat' dir='ltr'><strong>an</strong></span> <span class='ocrx_word' id='word_1_370' title='bbox 857 3377 960 3432; x_wconf 91' lang='lat' dir='ltr'><strong>soli</strong></span> <span class='ocrx_word' id='word_1_371' title='bbox 991 3377 1058 3432; x_wconf 90' lang='lat' dir='ltr'><strong>ad</strong></span> <span class='ocrx_word' id='word_1_372' title='bbox 1090 3376 1222 3448; x_wconf 91' lang='lat' dir='ltr'><strong>pulli</strong></span> <span class='ocrx_word' id='word_1_373' title='bbox 1256 3377 1619 3432; x_wconf 91' lang='lat' dir='ltr'><strong>ministerium</strong></span> <span class='ocrx_word' id='word_1_374' title='bbox 1661 3377 1818 3433; x_wconf 89' lang='lat' dir='ltr'><strong>missi</strong></span> <span class='ocrx_word' id='word_1_375' title='bbox 1874 3377 1984 3434; x_wconf 90' lang='lat' dir='ltr'><strong>sint</strong></span> <span class='ocrx_word' id='word_1_376' title='bbox 2027 3377 2111 3430; x_wconf 54' lang='lat' dir='ltr'><strong>div</strong></span> 
     </span>
    </p>
   </div>
   <div class='ocr_carea' id='block_1_49' title="bbox 525 3471 2101 3544">
    <p class='ocr_par' dir='ltr' id='par_1_49' title="bbox 525 3471 2101 3544">
     <span class='ocr_line' id='line_1_49' title="bbox 525 3471 2101 3544; baseline -0.001 -16"><span class='ocrx_word' id='word_1_377' title='bbox 525 3471 726 3541; x_wconf 65' lang='lat' dir='ltr'><strong>acipuli</strong></span> <span class='ocrx_word' id='word_1_378' title='bbox 782 3472 838 3527; x_wconf 91' lang='lat' dir='ltr'><strong>in</strong></span> <span class='ocrx_word' id='word_1_379' title='bbox 883 3473 1062 3528; x_wconf 88' lang='lat' dir='ltr'><strong>vicum</strong></span> <span class='ocrx_word' id='word_1_380' title='bbox 1101 3490 1170 3529; x_wconf 81' lang='lat' dir='ltr'><strong>ex</strong></span> <span class='ocrx_word' id='word_1_381' title='bbox 1201 3473 1434 3529; x_wconf 88' lang='lat' dir='ltr'><strong>adverso</strong></span> <span class='ocrx_word' id='word_1_382' title='bbox 1457 3473 1716 3544; x_wconf 89' lang='lat' dir='ltr'><strong>positum.</strong></span> <span class='ocrx_word' id='word_1_383' title='bbox 1751 3473 1878 3528; x_wconf 89' lang='lat' dir='ltr'><strong>Scio</strong></span> <span class='ocrx_word' id='word_1_384' title='bbox 1933 3473 2101 3540; x_wconf 90' lang='lat' dir='ltr'><strong>enim,</strong></span> 
     </span>
    </p>
   </div>
   <div class='ocr_carea' id='block_1_50' title="bbox 527 3562 2109 3634">
    <p class='ocr_par' dir='ltr' id='par_1_50' title="bbox 527 3562 2109 3634">
     <span class='ocr_line' id='line_1_50' title="bbox 527 3562 2109 3634; baseline 0 -16"><span class='ocrx_word' id='word_1_385' title='bbox 527 3570 655 3618; x_wconf 80' lang='lat' dir='ltr'><strong>ante</strong></span> <span class='ocrx_word' id='word_1_386' title='bbox 705 3565 1008 3633; x_wconf 86' lang='lat' dir='ltr'><strong>apostolos,</strong></span> <span class='ocrx_word' id='word_1_387' title='bbox 1053 3565 1359 3620; x_wconf 85' lang='lat' dir='ltr'><strong>invisibiles</strong></span> <span class='ocrx_word' id='word_1_388' title='bbox 1407 3571 1706 3634; x_wconf 86' lang='lat' dir='ltr'><strong>potestates</strong></span> <span class='ocrx_word' id='word_1_389' title='bbox 1751 3562 1879 3620; x_wconf 69' lang='lat' dir='ltr'><strong>Iesu</strong></span> <span class='ocrx_word' id='word_1_390' title='bbox 1929 3563 2109 3620; x_wconf 86' lang='lat' dir='ltr'><strong>inser-</strong></span> 
     </span>
    </p>
   </div>
   <div class='ocr_carea' id='block_1_51' title="bbox 526 3653 2108 3728">
    <p class='ocr_par' dir='ltr' id='par_1_51' title="bbox 526 3653 2108 3728">
     <span class='ocr_line' id='line_1_51' title="bbox 526 3653 2108 3728; baseline 0.004 -23"><span class='ocrx_word' id='word_1_391' title='bbox 526 3654 714 3710; x_wconf 88' lang='lat' dir='ltr'><strong>viisse.</strong></span> <span class='ocrx_word' id='word_1_392' title='bbox 747 3653 1022 3711; x_wconf 81' lang='lat' dir='ltr'><strong>Fortassis</strong></span> <span class='ocrx_word' id='word_1_393' title='bbox 1055 3658 1202 3710; x_wconf 87' lang='lat' dir='ltr'><strong>enim</strong></span> <span class='ocrx_word' id='word_1_394' title='bbox 1228 3656 1376 3726; x_wconf 88' lang='lat' dir='ltr'><strong>ipsas</strong></span> <span class='ocrx_word' id='word_1_395' title='bbox 1408 3664 1732 3728; x_wconf 87' lang='lat' dir='ltr'><strong>potestates,</strong></span> <span class='ocrx_word' id='word_1_396' title='bbox 1757 3656 1916 3727; x_wconf 88' lang='lat' dir='ltr'><strong>quasi</strong></span> <span class='ocrx_word' id='word_1_397' title='bbox 1941 3656 2108 3712; x_wconf 88' lang='lat' dir='ltr'><strong>disci-</strong></span> 
     </span>
    </p>
   </div>
   <div class='ocr_carea' id='block_1_52' title="bbox 522 3747 2108 3820">
    <p class='ocr_par' dir='ltr' id='par_1_52' title="bbox 522 3747 2108 3820">
     <span class='ocr_line' id='line_1_52' title="bbox 522 3747 2108 3820; baseline 0.002 -19"><span class='ocrx_word' id='word_1_398' title='bbox 522 3747 684 3817; x_wconf 76' lang='lat' dir='ltr'><strong>pulos</strong></span> <span class='ocrx_word' id='word_1_399' title='bbox 733 3763 886 3811; x_wconf 92' lang='lat' dir='ltr'><strong>suos,</strong></span> <span class='ocrx_word' id='word_1_400' title='bbox 921 3748 1068 3803; x_wconf 86' lang='lat' dir='ltr'><strong>misit</strong></span> <span class='ocrx_word' id='word_1_401' title='bbox 1108 3749 1373 3804; x_wconf 89' lang='lat' dir='ltr'><strong>Dominus</strong></span> <span class='ocrx_word' id='word_1_402' title='bbox 1404 3764 1513 3804; x_wconf 89' lang='lat' dir='ltr'><strong>una</strong></span> <span class='ocrx_word' id='word_1_403' title='bbox 1546 3763 1674 3804; x_wconf 90' lang='lat' dir='ltr'><strong>cum</strong></span> <span class='ocrx_word' id='word_1_404' title='bbox 1701 3748 1886 3814; x_wconf 85' lang='lat' dir='ltr'><strong>Petro,</strong></span> <span class='ocrx_word' id='word_1_405' title='bbox 1921 3749 1988 3804; x_wconf 90' lang='lat' dir='ltr'><strong>ad</strong></span> <span class='ocrx_word' id='word_1_406' title='bbox 2012 3765 2108 3820; x_wconf 90' lang='lat' dir='ltr'><strong>pa-</strong></span> 
     </span>
    </p>
   </div>
   <div class='ocr_carea' id='block_1_53' title="bbox 522 3839 2105 3911">
    <p class='ocr_par' dir='ltr' id='par_1_53' title="bbox 522 3839 2105 3911">
     <span class='ocr_line' id='line_1_53' title="bbox 522 3839 2105 3911; baseline 0.003 -19"><span class='ocrx_word' id='word_1_407' title='bbox 522 3855 654 3909; x_wconf 87' lang='lat' dir='ltr'><strong>gum</strong></span> <span class='ocrx_word' id='word_1_408' title='bbox 685 3854 716 3894; x_wconf 91' lang='lat' dir='ltr'><strong>e</strong></span> <span class='ocrx_word' id='word_1_409' title='bbox 749 3839 971 3911; x_wconf 82' lang='lat' dir='ltr'><strong>regione</strong></span> <span class='ocrx_word' id='word_1_410' title='bbox 1001 3841 1260 3910; x_wconf 79' lang='lat' dir='ltr'><strong>positum,</strong></span> <span class='ocrx_word' id='word_1_411' title='bbox 1303 3848 1366 3894; x_wconf 88' lang='lat' dir='ltr'><strong>ut</strong></span> <span class='ocrx_word' id='word_1_412' title='bbox 1398 3841 1608 3911; x_wconf 90' lang='lat' dir='ltr'><strong>pullum</strong></span> <span class='ocrx_word' id='word_1_413' title='bbox 1639 3843 1938 3899; x_wconf 84' lang='lat' dir='ltr'><strong>solverent.</strong></span> <span class='ocrx_word' id='word_1_414' title='bbox 1963 3842 2105 3896; x_wconf 87' lang='lat' dir='ltr'><strong>Audi</strong></span> 
     </span>
    </p>
   </div>
   <div class='ocr_carea' id='block_1_54' title="bbox 511 3929 2106 4004">
    <p class='ocr_par' dir='ltr' id='par_1_54' title="bbox 511 3929 2106 4004">
     <span class='ocr_line' id='line_1_54' title="bbox 511 3929 2106 4004; baseline 0.003 -22"><span class='ocrx_word' id='word_1_415' title='bbox 511 3935 761 4000; x_wconf 82' lang='lat' dir='ltr'><strong>namque</strong></span> <span class='ocrx_word' id='word_1_416' title='bbox 819 3932 951 4002; x_wconf 88' lang='lat' dir='ltr'><strong>quid</strong></span> <span class='ocrx_word' id='word_1_417' title='bbox 1003 3932 1068 3984; x_wconf 90' lang='lat' dir='ltr'><strong>de</strong></span> <span class='ocrx_word' id='word_1_418' title='bbox 1113 3929 1344 3987; x_wconf 88' lang='lat' dir='ltr'><strong>Domino</strong></span> <span class='ocrx_word' id='word_1_419' title='bbox 1393 3934 1724 4004; x_wconf 78' lang='lat' dir='ltr'><strong>evangelista</strong></span> <span class='ocrx_word' id='word_1_420' title='bbox 1755 3933 1902 3988; x_wconf 89' lang='lat' dir='ltr'><strong>dicat</strong></span> <span class='ocrx_word' id='word_1_421' title='bbox 1939 3951 1952 3988; x_wconf 91' lang='lat'><strong>:</strong></span> <span class='ocrx_word' id='word_1_422' title='bbox 1991 3950 2010 3983; x_wconf 83' lang='grc' dir='ltr'><strong>ι</strong></span> <span class='ocrx_word' id='word_1_423' title='bbox 2039 3931 2106 3987; x_wconf 86' lang='lat' dir='ltr'><strong>Et</strong></span> 
     </span>
    </p>
   </div>
   <div class='ocr_carea' id='block_1_55' title="bbox 523 4023 2098 4092">
    <p class='ocr_par' dir='ltr' id='par_1_55' title="bbox 523 4023 2098 4092">
     <span class='ocr_line' id='line_1_55' title="bbox 523 4023 2098 4092; baseline 0.001 -15"><span class='ocrx_word' id='word_1_424' title='bbox 523 4036 674 4084; x_wconf 87' lang='lat' dir='ltr'><strong>ecce,</strong></span> <span class='ocrx_word' id='word_1_425' title='bbox 711 4023 919 4092; x_wconf 86' lang='lat' dir='ltr'><strong>inquit,</strong></span> <span class='ocrx_word' id='word_1_426' title='bbox 964 4024 1139 4092; x_wconf 85' lang='lat' dir='ltr'><strong>angeli</strong></span> <span class='ocrx_word' id='word_1_427' title='bbox 1190 4025 1472 4079; x_wconf 89' lang='lat' dir='ltr'><strong>venientes</strong></span> <span class='ocrx_word' id='word_1_428' title='bbox 1503 4026 1887 4080; x_wconf 87' lang='lat' dir='ltr'><strong>ministrabant</strong></span> <span class='ocrx_word' id='word_1_429' title='bbox 1918 4025 1966 4078; x_wconf 93' lang='lat' dir='ltr'><strong>ei</strong></span> <span class='ocrx_word' id='word_1_430' title='bbox 1981 4024 2048 4080; x_wconf 74' lang='grc'>⁸⁸.</span> <span class='ocrx_word' id='word_1_431' title='bbox 2077 4043 2098 4078; x_wconf 73' lang='grc' dir='ltr'><strong>ι</strong></span> 
     </span>
    </p>
   </div>
   <div class='ocr_carea' id='block_1_56' title="bbox 525 4113 2103 4170">
    <p class='ocr_par' dir='ltr' id='par_1_56' title="bbox 525 4113 2103 4170">
     <span class='ocr_line' id='line_1_56' title="bbox 525 4113 2103 4170; baseline 0.003 -4"><span class='ocrx_word' id='word_1_432' title='bbox 525 4113 600 4170; x_wconf 88' lang='lat' dir='ltr'><strong>De</strong></span> <span class='ocrx_word' id='word_1_433' title='bbox 630 4113 966 4168; x_wconf 86' lang='lat' dir='ltr'><strong>humanitate</strong></span> <span class='ocrx_word' id='word_1_434' title='bbox 994 4123 1175 4169; x_wconf 89' lang='lat' dir='ltr'><strong>autem</strong></span> <span class='ocrx_word' id='word_1_435' title='bbox 1200 4115 1402 4170; x_wconf 87' lang='lat' dir='ltr'><strong>clamat</strong></span> <span class='ocrx_word' id='word_1_436' title='bbox 1435 4116 1601 4169; x_wconf 88' lang='lat' dir='ltr'><strong>David</strong></span> <span class='ocrx_word' id='word_1_437' title='bbox 1637 4135 1650 4170; x_wconf 89' lang='lat'><strong>:</strong></span> <span class='ocrx_word' id='word_1_438' title='bbox 1685 4135 1702 4167; x_wconf 80' lang='grc' dir='ltr'><strong>ι</strong></span> <span class='ocrx_word' id='word_1_439' title='bbox 1743 4115 1946 4170; x_wconf 87' lang='lat' dir='ltr'><strong>Panem</strong></span> <span class='ocrx_word' id='word_1_440' title='bbox 1975 4117 2103 4170; x_wconf 79' lang='lat' dir='ltr'><strong>cmli</strong></span> 
     </span>
    </p>
   </div>
   <div class='ocr_carea' id='block_1_57' title="bbox 518 4197 2096 4272">
    <p class='ocr_par' dir='ltr' id='par_1_57' title="bbox 518 4197 2096 4272">
     <span class='ocr_line' id='line_1_57' title="bbox 518 4197 2096 4272; baseline 0.003 -17"><span class='ocrx_word' id='word_1_441' title='bbox 518 4197 671 4256; x_wconf 80' lang='lat' dir='ltr'><strong>dedit</strong></span> <span class='ocrx_word' id='word_1_442' title='bbox 715 4202 818 4267; x_wconf 86' lang='lat' dir='ltr'><strong>eis,</strong></span> <span class='ocrx_word' id='word_1_443' title='bbox 845 4217 1039 4272; x_wconf 85' lang='lat' dir='ltr'><strong>panem</strong></span> <span class='ocrx_word' id='word_1_444' title='bbox 1065 4202 1383 4272; x_wconf 79' lang='lat' dir='ltr'><strong>angelorum</strong></span> <span class='ocrx_word' id='word_1_445' title='bbox 1411 4203 1763 4260; x_wconf 88' lang='lat' dir='ltr'><strong>manducavit</strong></span> <span class='ocrx_word' id='word_1_446' title='bbox 1796 4207 1958 4260; x_wconf 92' lang='lat' dir='ltr'><strong>homo</strong></span> <span class='ocrx_word' id='word_1_447' title='bbox 1977 4205 2044 4260; x_wconf 76' lang='grc'><strong>⁸⁸.</strong></span> <span class='ocrx_word' id='word_1_448' title='bbox 2076 4226 2096 4259; x_wconf 75' lang='grc' dir='ltr'><strong>ι</strong></span> 
     </span>
    </p>
   </div>
   <div class='ocr_carea' id='block_1_58' title="bbox 520 4291 2097 4362">
    <p class='ocr_par' dir='ltr' id='par_1_58' title="bbox 520 4291 2097 4362">
     <span class='ocr_line' id='line_1_58' title="bbox 520 4291 2097 4362; baseline 0.004 -17"><span class='ocrx_word' id='word_1_449' title='bbox 520 4291 690 4346; x_wconf 85' lang='lat' dir='ltr'><strong>Nemo</strong></span> <span class='ocrx_word' id='word_1_450' title='bbox 733 4292 915 4362; x_wconf 84' lang='lat' dir='ltr'><strong>itaque</strong></span> <span class='ocrx_word' id='word_1_451' title='bbox 942 4292 1144 4362; x_wconf 87' lang='lat' dir='ltr'><strong>degens</strong></span> <span class='ocrx_word' id='word_1_452' title='bbox 1169 4293 1225 4346; x_wconf 92' lang='lat' dir='ltr'><strong>in</strong></span> <span class='ocrx_word' id='word_1_453' title='bbox 1248 4306 1501 4362; x_wconf 89' lang='lat' dir='ltr'><strong>corpore,</strong></span> <span class='ocrx_word' id='word_1_454' title='bbox 1524 4302 1578 4349; x_wconf 88' lang='lat' dir='ltr'><strong>et</strong></span> <span class='ocrx_word' id='word_1_455' title='bbox 1607 4294 1663 4349; x_wconf 92' lang='lat' dir='ltr'><strong>in</strong></span> <span class='ocrx_word' id='word_1_456' title='bbox 1691 4295 1899 4351; x_wconf 91' lang='lat' dir='ltr'><strong>hancce</strong></span> <span class='ocrx_word' id='word_1_457' title='bbox 1930 4297 2097 4352; x_wconf 84' lang='lat' dir='ltr'><strong>vitam</strong></span> 
     </span>
    </p>
   </div>
   <div class='ocr_carea' id='block_1_59' title="bbox 519 4383 2097 4452">
    <p class='ocr_par' dir='ltr' id='par_1_59' title="bbox 519 4383 2097 4452">
     <span class='ocr_line' id='line_1_59' title="bbox 519 4383 2097 4452; baseline 0.004 -14"><span class='ocrx_word' id='word_1_458' title='bbox 519 4391 848 4452; x_wconf 80' lang='lat' dir='ltr'><strong>pertractus,</strong></span> <span class='ocrx_word' id='word_1_459' title='bbox 877 4383 1175 4438; x_wconf 88' lang='lat' dir='ltr'><strong>arbitretur</strong></span> <span class='ocrx_word' id='word_1_460' title='bbox 1203 4399 1264 4440; x_wconf 90' lang='lat' dir='ltr'><strong>se</strong></span> <span class='ocrx_word' id='word_1_461' title='bbox 1305 4384 1451 4439; x_wconf 90' lang='lat' dir='ltr'><strong>intra</strong></span> <span class='ocrx_word' id='word_1_462' title='bbox 1487 4385 1762 4442; x_wconf 88' lang='lat' dir='ltr'><strong>civitatem</strong></span> <span class='ocrx_word' id='word_1_463' title='bbox 1801 4403 1946 4444; x_wconf 87' lang='lat' dir='ltr'><strong>esse.</strong></span> <span class='ocrx_word' id='word_1_464' title='bbox 1979 4387 2097 4444; x_wconf 89' lang='lat' dir='ltr'><strong>Non</strong></span> 
     </span>
    </p>
   </div>
   <div class='ocr_carea' id='block_1_60' title="bbox 521 4471 2097 4548">
    <p class='ocr_par' dir='ltr' id='par_1_60' title="bbox 521 4471 2097 4548">
     <span class='ocr_line' id='line_1_60' title="bbox 521 4471 2097 4548; baseline 0.004 -23"><span class='ocrx_word' id='word_1_465' title='bbox 521 4479 700 4542; x_wconf 90' lang='lat' dir='ltr'><strong>potest</strong></span> <span class='ocrx_word' id='word_1_466' title='bbox 753 4471 956 4542; x_wconf 90' lang='lat' dir='ltr'><strong>quippe</strong></span> <span class='ocrx_word' id='word_1_467' title='bbox 981 4472 1028 4526; x_wconf 91' lang='lat' dir='ltr'><strong>is</strong></span> <span class='ocrx_word' id='word_1_468' title='bbox 1059 4472 1153 4541; x_wconf 90' lang='lat' dir='ltr'><strong>qui</strong></span> <span class='ocrx_word' id='word_1_469' title='bbox 1197 4471 1342 4542; x_wconf 90' lang='lat' dir='ltr'><strong>sapit</strong></span> <span class='ocrx_word' id='word_1_470' title='bbox 1369 4472 1631 4535; x_wconf 91' lang='lat' dir='ltr'><strong>carnalia,</strong></span> <span class='ocrx_word' id='word_1_471' title='bbox 1668 4473 1722 4528; x_wconf 91' lang='lat' dir='ltr'><strong>in</strong></span> <span class='ocrx_word' id='word_1_472' title='bbox 1746 4475 1852 4530; x_wconf 91' lang='lat' dir='ltr'><strong>ista</strong></span> <span class='ocrx_word' id='word_1_473' title='bbox 1899 4491 2097 4548; x_wconf 86' lang='lat' dir='ltr'><strong>magna</strong></span> 
     </span>
    </p>
   </div>
   <div class='ocr_carea' id='block_1_61' title="bbox 2225 1998 3811 2077">
    <p class='ocr_par' dir='ltr' id='par_1_61' title="bbox 2225 1998 3811 2077">
     <span class='ocr_line' id='line_1_61' title="bbox 2225 1998 3811 2077; baseline -0.004 -18"><span class='ocrx_word' id='word_1_474' title='bbox 2225 2007 2315 2059; x_wconf 80' lang='grc' dir='ltr'><strong>σία</strong></span> <span class='ocrx_word' id='word_1_475' title='bbox 2355 2007 2450 2059; x_wconf 57' lang='grc' dir='ltr'><strong>καὶ⁵</strong></span> <span class='ocrx_word' id='word_1_476' title='bbox 2483 2003 2863 2077; x_wconf 73' lang='grc' dir='ltr'>φιλανθρωπία</span> <span class='ocrx_word' id='word_1_477' title='bbox 2895 2001 3417 2072; x_wconf 73' lang='grc' dir='ltr'>ἀνεκαλέσατο-ημᾶς</span> <span class='ocrx_word' id='word_1_478' title='bbox 3445 2001 3512 2052; x_wconf 86' lang='grc' dir='ltr'><strong>ἐκ</strong></span> <span class='ocrx_word' id='word_1_479' title='bbox 3538 1998 3636 2069; x_wconf 80' lang='grc' dir='ltr'><strong>τῆς</strong></span> <span class='ocrx_word' id='word_1_480' title='bbox 3673 2015 3811 2053; x_wconf 77' lang='grc' dir='ltr'>κατ-</span> 
     </span>
    </p>
   </div>
   <div class='ocr_carea' id='block_1_62' title="bbox 2223 2091 3800 2167">
    <p class='ocr_par' dir='ltr' id='par_1_62' title="bbox 2223 2091 3800 2167">
     <span class='ocr_line' id='line_1_62' title="bbox 2223 2091 3800 2167; baseline -0.004 -17"><span class='ocrx_word' id='word_1_481' title='bbox 2223 2097 2400 2150; x_wconf 84' lang='grc' dir='ltr'>ἑναντι</span> <span class='ocrx_word' id='word_1_482' title='bbox 2465 2093 2658 2167; x_wconf 84' lang='grc' dir='ltr'>κώμης</span> <span class='ocrx_word' id='word_1_483' title='bbox 2695 2098 2774 2160; x_wconf 83' lang='grc' dir='ltr'><strong>είς</strong></span> <span class='ocrx_word' id='word_1_484' title='bbox 2806 2095 2906 2166; x_wconf 83' lang='grc' dir='ltr'>τὴν</span> <span class='ocrx_word' id='word_1_485' title='bbox 2947 2095 3265 2166; x_wconf 83' lang='grc' dir='ltr'>ἐπουράνιον</span> <span class='ocrx_word' id='word_1_486' title='bbox 3298 2091 3465 2146; x_wconf 82' lang='grc' dir='ltr'>αὐτοῦ</span> <span class='ocrx_word' id='word_1_487' title='bbox 3513 2091 3667 2144; x_wconf 87' lang='grc' dir='ltr'>πόλιν</span> <span class='ocrx_word' id='word_1_488' title='bbox 3697 2092 3800 2162; x_wconf 76' lang='grc' dir='ltr'><strong>τὴν</strong></span> 
     </span>
    </p>
   </div>
   <div class='ocr_carea' id='block_1_63' title="bbox 2222 2183 3808 2260">
    <p class='ocr_par' dir='ltr' id='par_1_63' title="bbox 2222 2183 3808 2260">
     <span class='ocr_line' id='line_1_63' title="bbox 2222 2183 3808 2260; baseline -0.004 -18"><span class='ocrx_word' id='word_1_489' title='bbox 2222 2189 2334 2243; x_wconf 82' lang='grc' dir='ltr'>ἄνω</span> <span class='ocrx_word' id='word_1_490' title='bbox 2373 2187 2750 2260; x_wconf 83' lang='grc' dir='ltr'>Ἰερουσαλήμ.</span> <span class='ocrx_word' id='word_1_491' title='bbox 2787 2183 2955 2258; x_wconf 81' lang='grc' dir='ltr'>Οἶμαι</span> <span class='ocrx_word' id='word_1_492' title='bbox 2987 2185 3117 2258; x_wconf 81' lang='grc' dir='ltr'>γὰρ,</span> <span class='ocrx_word' id='word_1_493' title='bbox 3153 2185 3234 2239; x_wconf 81' lang='grc' dir='ltr'>ὅτι</span> <span class='ocrx_word' id='word_1_494' title='bbox 3260 2184 3348 2237; x_wconf 82' lang='grc' dir='ltr'>διὰ</span> <span class='ocrx_word' id='word_1_495' title='bbox 3376 2183 3476 2254; x_wconf 81' lang='grc' dir='ltr'><strong>τὴν</strong></span> <span class='ocrx_word' id='word_1_496' title='bbox 3503 2183 3808 2255; x_wconf 80' lang='grc' dir='ltr'>γενομένην</span> 
     </span>
    </p>
   </div>
   <div class='ocr_carea' id='block_1_64' title="bbox 2221 2273 3808 2352">
    <p class='ocr_par' dir='ltr' id='par_1_64' title="bbox 2221 2273 3808 2352">
     <span class='ocr_line' id='line_1_64' title="bbox 2221 2273 3808 2352; baseline -0.004 -18"><span class='ocrx_word' id='word_1_497' title='bbox 2221 2281 2312 2334; x_wconf 84' lang='grc' dir='ltr'><strong>τοῦ</strong></span> <span class='ocrx_word' id='word_1_498' title='bbox 2356 2279 2528 2352; x_wconf 85' lang='grc' dir='ltr'>Ἀδάμ</span> <span class='ocrx_word' id='word_1_499' title='bbox 2557 2279 2841 2352; x_wconf 76' lang='grc' dir='ltr'>παρακοήν</span> <span class='ocrx_word' id='word_1_500' title='bbox 2875 2277 3242 2348; x_wconf 72' lang='grc' dir='ltr'>ἐξεϐλήθημεν</span> <span class='ocrx_word' id='word_1_501' title='bbox 3277 2275 3385 2330; x_wconf 81' lang='grc' dir='ltr'><strong>ἀπὸ</strong></span> <span class='ocrx_word' id='word_1_502' title='bbox 3422 2275 3531 2346; x_wconf 88' lang='lat'><strong>(68)</strong></span> <span class='ocrx_word' id='word_1_503' title='bbox 3567 2273 3662 2328; x_wconf 89' lang='grc' dir='ltr'><strong>τοῦ</strong></span> <span class='ocrx_word' id='word_1_504' title='bbox 3697 2292 3808 2328; x_wconf 80' lang='grc' dir='ltr'>πα-</span> 
     </span>
    </p>
   </div>
   <div class='ocr_carea' id='block_1_65' title="bbox 2225 2367 3806 2444">
    <p class='ocr_par' dir='ltr' id='par_1_65' title="bbox 2225 2367 3806 2444">
     <span class='ocr_line' id='line_1_65' title="bbox 2225 2367 3806 2444; baseline -0.004 -17"><span class='ocrx_word' id='word_1_505' title='bbox 2225 2373 2495 2444; x_wconf 85' lang='grc' dir='ltr'>ραδείσου,</span> <span class='ocrx_word' id='word_1_506' title='bbox 2539 2373 2634 2426; x_wconf 71' lang='grc' dir='ltr'><strong>καὶ</strong></span> <span class='ocrx_word' id='word_1_507' title='bbox 2667 2374 2748 2436; x_wconf 84' lang='grc' dir='ltr'><strong>είς</strong></span> <span class='ocrx_word' id='word_1_508' title='bbox 2788 2371 2980 2443; x_wconf 81' lang='grc' dir='ltr'>κώμην</span> <span class='ocrx_word' id='word_1_509' title='bbox 3016 2369 3114 2442; x_wconf 81' lang='grc' dir='ltr'>τὴν</span> <span class='ocrx_word' id='word_1_510' title='bbox 3149 2368 3432 2423; x_wconf 84' lang='grc' dir='ltr'>κατέναντι</span> <span class='ocrx_word' id='word_1_511' title='bbox 3483 2367 3806 2439; x_wconf 78' lang='grc' dir='ltr'>ἀπῳκίσθη·</span> 
     </span>
    </p>
   </div>
   <div class='ocr_carea' id='block_1_66' title="bbox 2225 2459 3805 2537">
    <p class='ocr_par' dir='ltr' id='par_1_66' title="bbox 2225 2459 3805 2537">
     <span class='ocr_line' id='line_1_66' title="bbox 2225 2459 3805 2537; baseline -0.003 -19"><span class='ocrx_word' id='word_1_512' title='bbox 2225 2481 2354 2537; x_wconf 88' lang='grc' dir='ltr'>μεν·</span> <span class='ocrx_word' id='word_1_513' title='bbox 2416 2483 2436 2518; x_wconf 79' lang='grc' dir='ltr'><strong>ι</strong></span> <span class='ocrx_word' id='word_1_514' title='bbox 2505 2464 2758 2529; x_wconf 79' lang='grc' dir='ltr'>Ἐξέϐαλε</span> <span class='ocrx_word' id='word_1_515' title='bbox 2796 2463 2926 2536; x_wconf 79' lang='grc' dir='ltr'>γὰρ,</span> <span class='ocrx_word' id='word_1_516' title='bbox 2975 2463 3160 2534; x_wconf 71' lang='grc' dir='ltr'>φησὶν,</span> <span class='ocrx_word' id='word_1_517' title='bbox 3221 2465 3251 2516; x_wconf 88' lang='grc' dir='ltr'><strong>ό</strong></span> <span class='ocrx_word' id='word_1_518' title='bbox 3285 2461 3418 2526; x_wconf 75' lang='grc' dir='ltr'>Θεὸς</span> <span class='ocrx_word' id='word_1_519' title='bbox 3482 2461 3573 2514; x_wconf 86' lang='grc' dir='ltr'><strong>τὸν</strong></span> <span class='ocrx_word' id='word_1_520' title='bbox 3609 2459 3805 2531; x_wconf 73' lang='grc' dir='ltr'>Ἀδὰμ.</span> 
     </span>
    </p>
   </div>
   <div class='ocr_carea' id='block_1_67' title="bbox 2220 2553 3803 2628">
    <p class='ocr_par' dir='ltr' id='par_1_67' title="bbox 2220 2553 3803 2628">
     <span class='ocr_line' id='line_1_67' title="bbox 2220 2553 3803 2628; baseline -0.004 -17"><span class='ocrx_word' id='word_1_521' title='bbox 2220 2557 2315 2611; x_wconf 70' lang='grc' dir='ltr'><strong>καὶ</strong></span> <span class='ocrx_word' id='word_1_522' title='bbox 2354 2555 2658 2628; x_wconf 81' lang='grc' dir='ltr'>κατῴκισεν</span> <span class='ocrx_word' id='word_1_523' title='bbox 2696 2556 2859 2612; x_wconf 80' lang='grc' dir='ltr'>αὐτὸν</span> <span class='ocrx_word' id='word_1_524' title='bbox 2905 2555 3163 2610; x_wconf 82' lang='grc' dir='ltr'>ἀπέναντι</span> <span class='ocrx_word' id='word_1_525' title='bbox 3195 2553 3290 2608; x_wconf 84' lang='grc' dir='ltr'><strong>τοῦ</strong></span> <span class='ocrx_word' id='word_1_526' title='bbox 3325 2553 3656 2627; x_wconf 77' lang='grc' dir='ltr'>παραδείσου</span> <span class='ocrx_word' id='word_1_527' title='bbox 3699 2554 3803 2623; x_wconf 73' lang='grc' dir='ltr'><strong>τῆς</strong></span> 
     </span>
    </p>
   </div>
   <div class='ocr_carea' id='block_1_68' title="bbox 2219 2643 3804 2724">
    <p class='ocr_par' dir='ltr' id='par_1_68' title="bbox 2219 2643 3804 2724">
     <span class='ocr_line' id='line_1_68' title="bbox 2219 2643 3804 2724; baseline -0.003 -21"><span class='ocrx_word' id='word_1_528' title='bbox 2219 2651 2449 2724; x_wconf 82' lang='grc' dir='ltr'>τρυφῆς.</span> <span class='ocrx_word' id='word_1_529' title='bbox 2485 2669 2504 2702; x_wconf 73' lang='grc' dir='ltr'><strong>ι</strong></span> <span class='ocrx_word' id='word_1_530' title='bbox 2550 2649 2660 2703; x_wconf 72' lang='grc' dir='ltr'>Καὶ</span> <span class='ocrx_word' id='word_1_531' title='bbox 2705 2643 2807 2702; x_wconf 83' lang='grc' dir='ltr'>ὧδε</span> <span class='ocrx_word' id='word_1_532' title='bbox 2848 2643 2942 2702; x_wconf 80' lang='grc' dir='ltr'><strong>οὖν</strong></span> <span class='ocrx_word' id='word_1_533' title='bbox 2994 2649 3076 2711; x_wconf 82' lang='grc' dir='ltr'><strong>είς</strong></span> <span class='ocrx_word' id='word_1_534' title='bbox 3121 2646 3220 2718; x_wconf 78' lang='grc' dir='ltr'><strong>τὴν</strong></span> <span class='ocrx_word' id='word_1_535' title='bbox 3273 2647 3559 2701; x_wconf 81' lang='grc' dir='ltr'>κατέναντι</span> <span class='ocrx_word' id='word_1_536' title='bbox 3607 2645 3804 2716; x_wconf 75' lang='grc' dir='ltr'>κώμην</span> 
     </span>
    </p>
   </div>
   <div class='ocr_carea' id='block_1_69' title="bbox 2219 2737 3802 2814">
    <p class='ocr_par' dir='ltr' id='par_1_69' title="bbox 2219 2737 3802 2814">
     <span class='ocr_line' id='line_1_69' title="bbox 2219 2737 3802 2814; baseline -0.004 -18"><span class='ocrx_word' id='word_1_537' title='bbox 2219 2741 2636 2796; x_wconf 84' lang='grc' dir='ltr'>ἀποστέλλονται</span> <span class='ocrx_word' id='word_1_538' title='bbox 2661 2743 2710 2796; x_wconf 75' lang='lat' dir='ltr'><strong>oi</strong></span> <span class='ocrx_word' id='word_1_539' title='bbox 2740 2739 2980 2814; x_wconf 70' lang='grc' dir='ltr'>μαθηταὶ</span> <span class='ocrx_word' id='word_1_540' title='bbox 3014 2739 3120 2794; x_wconf 78' lang='grc' dir='ltr'>ὑπὸ</span> <span class='ocrx_word' id='word_1_541' title='bbox 3149 2737 3244 2792; x_wconf 88' lang='grc' dir='ltr'><strong>τοῦ</strong></span> <span class='ocrx_word' id='word_1_542' title='bbox 3284 2737 3459 2810; x_wconf 81' lang='grc' dir='ltr'>Ἰησοῦ</span> <span class='ocrx_word' id='word_1_543' title='bbox 3517 2737 3680 2792; x_wconf 88' lang='grc' dir='ltr'>λῦσαι</span> <span class='ocrx_word' id='word_1_544' title='bbox 3708 2738 3802 2790; x_wconf 81' lang='grc' dir='ltr'><strong>τὸν</strong></span> 
     </span>
    </p>
   </div>
   <div class='ocr_carea' id='block_1_70' title="bbox 2221 2829 3800 2908">
    <p class='ocr_par' dir='ltr' id='par_1_70' title="bbox 2221 2829 3800 2908">
     <span class='ocr_line' id='line_1_70' title="bbox 2221 2829 3800 2908; baseline -0.004 -20"><span class='ocrx_word' id='word_1_545' title='bbox 2221 2835 2421 2889; x_wconf 86' lang='grc' dir='ltr'>πῶλον.</span> <span class='ocrx_word' id='word_1_546' title='bbox 2449 2834 2562 2888; x_wconf 68' lang='grc' dir='ltr'><strong>Καὶ</strong></span> <span class='ocrx_word' id='word_1_547' title='bbox 2585 2835 2686 2908; x_wconf 86' lang='grc' dir='ltr'><strong>δρα</strong></span> <span class='ocrx_word' id='word_1_548' title='bbox 2711 2835 2919 2905; x_wconf 82' lang='grc' dir='ltr'>μήποτε</span> <span class='ocrx_word' id='word_1_549' title='bbox 2946 2829 3036 2886; x_wconf 84' lang='grc' dir='ltr'>διὰ</span> <span class='ocrx_word' id='word_1_550' title='bbox 3059 2831 3150 2885; x_wconf 77' lang='grc' dir='ltr'>τὸν</span> <span class='ocrx_word' id='word_1_551' title='bbox 3173 2829 3504 2900; x_wconf 78' lang='grc' dir='ltr'>ἐκϐληθέντα</span> <span class='ocrx_word' id='word_1_552' title='bbox 3535 2829 3800 2884; x_wconf 80' lang='grc' dir='ltr'>ἀπέναντι</span> 
     </span>
    </p>
   </div>
   <div class='ocr_carea' id='block_1_71' title="bbox 2219 2914 3800 2996">
    <p class='ocr_par' dir='ltr' id='par_1_71' title="bbox 2219 2914 3800 2996">
     <span class='ocr_line' id='line_1_71' title="bbox 2219 2914 3800 2996; baseline -0.006 -18"><span class='ocrx_word' id='word_1_553' title='bbox 2219 2923 2312 2978; x_wconf 88' lang='grc' dir='ltr'><strong>τοῦ</strong></span> <span class='ocrx_word' id='word_1_554' title='bbox 2357 2923 2688 2996; x_wconf 87' lang='grc' dir='ltr'>παραδείσου</span> <span class='ocrx_word' id='word_1_555' title='bbox 2727 2923 2777 2974; x_wconf 86' lang='grc' dir='ltr'>οἱ</span> <span class='ocrx_word' id='word_1_556' title='bbox 2825 2919 3063 2993; x_wconf 81' lang='grc' dir='ltr'>μαθηταὶ</span> <span class='ocrx_word' id='word_1_557' title='bbox 3105 2917 3538 2972; x_wconf 74' lang='grc' dir='ltr'>ἀποστέλλωνται</span> <span class='ocrx_word' id='word_1_558' title='bbox 3575 2917 3656 2978; x_wconf 86' lang='grc' dir='ltr'><strong>είς</strong></span> <span class='ocrx_word' id='word_1_559' title='bbox 3698 2914 3800 2987; x_wconf 79' lang='grc' dir='ltr'>τὴν</span> 
     </span>
    </p>
   </div>
   <div class='ocr_carea' id='block_1_72' title="bbox 2219 3007 3795 3086">
    <p class='ocr_par' dir='ltr' id='par_1_72' title="bbox 2219 3007 3795 3086">
     <span class='ocr_line' id='line_1_72' title="bbox 2219 3007 3795 3086; baseline -0.005 -16"><span class='ocrx_word' id='word_1_560' title='bbox 2219 3015 2502 3071; x_wconf 87' lang='grc' dir='ltr'>κατέναντι</span> <span class='ocrx_word' id='word_1_561' title='bbox 2532 3015 2725 3086; x_wconf 82' lang='grc' dir='ltr'>κώμην</span> <span class='ocrx_word' id='word_1_562' title='bbox 2763 3013 2868 3068; x_wconf 79' lang='grc' dir='ltr'>ὑπὸ</span> <span class='ocrx_word' id='word_1_563' title='bbox 2895 3011 2989 3065; x_wconf 88' lang='grc' dir='ltr'><strong>τοῦ</strong></span> <span class='ocrx_word' id='word_1_564' title='bbox 3034 3010 3206 3082; x_wconf 81' lang='grc' dir='ltr'>Ἰησοῦ</span> <span class='ocrx_word' id='word_1_565' title='bbox 3265 3009 3422 3063; x_wconf 88' lang='grc' dir='ltr'>λῦσαι</span> <span class='ocrx_word' id='word_1_566' title='bbox 3461 3009 3552 3062; x_wconf 74' lang='grc' dir='ltr'>τὸν</span> <span class='ocrx_word' id='word_1_567' title='bbox 3595 3007 3795 3062; x_wconf 84' lang='grc' dir='ltr'>πῶλον.</span> 
     </span>
    </p>
   </div>
   <div class='ocr_carea' id='block_1_73' title="bbox 2219 3099 3798 3181">
    <p class='ocr_par' dir='ltr' id='par_1_73' title="bbox 2219 3099 3798 3181">
     <span class='ocr_line' id='line_1_73' title="bbox 2219 3099 3798 3181; baseline -0.004 -19"><span class='ocrx_word' id='word_1_568' title='bbox 2219 3108 2318 3162; x_wconf 87' lang='grc' dir='ltr'>Διά</span> <span class='ocrx_word' id='word_1_569' title='bbox 2349 3108 2458 3181; x_wconf 77' lang='grc' dir='ltr'>γὰρ</span> <span class='ocrx_word' id='word_1_570' title='bbox 2487 3107 2644 3160; x_wconf 85' lang='grc' dir='ltr'>τοῦτο</span> <span class='ocrx_word' id='word_1_571' title='bbox 2668 3105 2778 3176; x_wconf 86' lang='grc'>(69)</span> <span class='ocrx_word' id='word_1_572' title='bbox 2809 3104 3064 3176; x_wconf 79' lang='grc' dir='ltr'>ἐλήλυθεν</span> <span class='ocrx_word' id='word_1_573' title='bbox 3098 3104 3128 3157; x_wconf 86' lang='grc' dir='ltr'><strong>ό</strong></span> <span class='ocrx_word' id='word_1_574' title='bbox 3159 3101 3370 3174; x_wconf 75' lang='grc' dir='ltr'>Σωτὴρ,</span> <span class='ocrx_word' id='word_1_575' title='bbox 3389 3099 3700 3154; x_wconf 83' lang='grc' dir='ltr'>καταλιπὼν</span> <span class='ocrx_word' id='word_1_576' title='bbox 3729 3102 3798 3155; x_wconf 68' lang='grc' dir='ltr'>τὰ</span> 
     </span>
    </p>
   </div>
   <div class='ocr_carea' id='block_1_74' title="bbox 2221 3191 3795 3270">
    <p class='ocr_par' dir='ltr' id='par_1_74' title="bbox 2221 3191 3795 3270">
     <span class='ocr_line' id='line_1_74' title="bbox 2221 3191 3795 3270; baseline -0.005 -18"><span class='ocrx_word' id='word_1_577' title='bbox 2221 3200 2541 3270; x_wconf 80' lang='grc' dir='ltr'>ἐνενήκοντα</span> <span class='ocrx_word' id='word_1_578' title='bbox 2599 3196 2754 3250; x_wconf 88' lang='grc' dir='ltr'>ἐννέα</span> <span class='ocrx_word' id='word_1_579' title='bbox 2807 3194 3076 3267; x_wconf 81' lang='grc' dir='ltr'>πρόϐατα,</span> <span class='ocrx_word' id='word_1_580' title='bbox 3129 3193 3198 3247; x_wconf 86' lang='grc' dir='ltr'><strong>τά</strong></span> <span class='ocrx_word' id='word_1_581' title='bbox 3261 3191 3335 3263; x_wconf 81' lang='grc' dir='ltr'>μὴ</span> <span class='ocrx_word' id='word_1_582' title='bbox 3387 3191 3795 3262; x_wconf 79' lang='grc' dir='ltr'>πεπλανημένα,</span> 
     </span>
    </p>
   </div>
   <div class='ocr_carea' id='block_1_75' title="bbox 2219 3284 3796 3362">
    <p class='ocr_par' dir='ltr' id='par_1_75' title="bbox 2219 3284 3796 3362">
     <span class='ocr_line' id='line_1_75' title="bbox 2219 3284 3796 3362; baseline -0.006 -17"><span class='ocrx_word' id='word_1_583' title='bbox 2219 3295 2368 3354; x_wconf 85' lang='grc' dir='ltr'>ὅπως</span> <span class='ocrx_word' id='word_1_584' title='bbox 2400 3287 2685 3362; x_wconf 80' lang='grc' dir='ltr'>πορευθεὶς</span> <span class='ocrx_word' id='word_1_585' title='bbox 2729 3287 2938 3360; x_wconf 82' lang='grc' dir='ltr'>ζητήσῃ</span> <span class='ocrx_word' id='word_1_586' title='bbox 2969 3285 3032 3343; x_wconf 80' lang='grc' dir='ltr'><strong>τὸ</strong></span> <span class='ocrx_word' id='word_1_587' title='bbox 3071 3284 3518 3354; x_wconf 84' lang='grc' dir='ltr'>πεπλανημένον·</span> <span class='ocrx_word' id='word_1_588' title='bbox 3563 3284 3656 3337; x_wconf 79' lang='grc' dir='ltr'><strong>καὶ</strong></span> <span class='ocrx_word' id='word_1_589' title='bbox 3701 3284 3796 3336; x_wconf 81' lang='grc' dir='ltr'><strong>εὑ-</strong></span> 
     </span>
    </p>
   </div>
   <div class='ocr_carea' id='block_1_76' title="bbox 2224 3372 3798 3454">
    <p class='ocr_par' dir='ltr' id='par_1_76' title="bbox 2224 3372 3798 3454">
     <span class='ocr_line' id='line_1_76' title="bbox 2224 3372 3798 3454; baseline -0.008 -18"><span class='ocrx_word' id='word_1_590' title='bbox 2224 3382 2351 3454; x_wconf 82' lang='grc' dir='ltr'>ρὼν,</span> <span class='ocrx_word' id='word_1_591' title='bbox 2381 3381 2560 3454; x_wconf 83' lang='grc' dir='ltr'>χαίρει</span> <span class='ocrx_word' id='word_1_592' title='bbox 2603 3382 2689 3433; x_wconf 78' lang='grc' dir='ltr'>ἐπ’</span> <span class='ocrx_word' id='word_1_593' title='bbox 2713 3378 2882 3448; x_wconf 81' lang='grc' dir='ltr'>αὐτῷ,</span> <span class='ocrx_word' id='word_1_594' title='bbox 2911 3375 3260 3448; x_wconf 87' lang='grc' dir='ltr'>συγχαίρουσι</span> <span class='ocrx_word' id='word_1_595' title='bbox 3285 3375 3342 3428; x_wconf 85' lang='grc' dir='ltr'>δὲ</span> <span class='ocrx_word' id='word_1_596' title='bbox 3373 3377 3420 3428; x_wconf 78' lang='lat' dir='ltr'><strong>oi</strong></span> <span class='ocrx_word' id='word_1_597' title='bbox 3452 3374 3671 3444; x_wconf 72' lang='grc' dir='ltr'>ἄγγελοι</span> <span class='ocrx_word' id='word_1_598' title='bbox 3701 3372 3798 3426; x_wconf 73' lang='grc' dir='ltr'>ἐπὶ</span> 
     </span>
    </p>
   </div>
   <div class='ocr_carea' id='block_1_77' title="bbox 2219 3465 3796 3548">
    <p class='ocr_par' dir='ltr' id='par_1_77' title="bbox 2219 3465 3796 3548">
     <span class='ocr_line' id='line_1_77' title="bbox 2219 3465 3796 3548; baseline -0.009 -17"><span class='ocrx_word' id='word_1_599' title='bbox 2219 3477 2300 3532; x_wconf 73' lang='grc' dir='ltr'><strong>ἐνὶ</strong></span> <span class='ocrx_word' id='word_1_600' title='bbox 2321 3473 2628 3548; x_wconf 82' lang='grc' dir='ltr'>ἁμαρτωλῷ</span> <span class='ocrx_word' id='word_1_601' title='bbox 2654 3471 3018 3545; x_wconf 79' lang='grc' dir='ltr'>μετανοοῦντι.</span> <span class='ocrx_word' id='word_1_602' title='bbox 3045 3468 3315 3542; x_wconf 89' lang='grc' dir='ltr'>Ζητητέον</span> <span class='ocrx_word' id='word_1_603' title='bbox 3340 3466 3396 3520; x_wconf 88' lang='grc' dir='ltr'>δὲ</span> <span class='ocrx_word' id='word_1_604' title='bbox 3429 3468 3475 3520; x_wconf 83' lang='grc' dir='ltr'>εἰ</span> <span class='ocrx_word' id='word_1_605' title='bbox 3513 3466 3662 3536; x_wconf 87' lang='grc' dir='ltr'>μόνοι</span> <span class='ocrx_word' id='word_1_606' title='bbox 3691 3465 3796 3536; x_wconf 83' lang='grc' dir='ltr'>τῆς</span> 
     </span>
    </p>
   </div>
   <div class='ocr_carea' id='block_1_78' title="bbox 2215 3556 3796 3629">
    <p class='ocr_par' dir='ltr' id='par_1_78' title="bbox 2215 3556 3796 3629">
     <span class='ocr_line' id='line_1_78' title="bbox 2215 3556 3796 3629; baseline -0.008 -7"><span class='ocrx_word' id='word_1_607' title='bbox 2215 3569 2310 3622; x_wconf 84' lang='grc' dir='ltr'><strong>τοῦ</strong></span> <span class='ocrx_word' id='word_1_608' title='bbox 2345 3567 2526 3620; x_wconf 86' lang='grc' dir='ltr'>πώλου</span> <span class='ocrx_word' id='word_1_609' title='bbox 2550 3563 2823 3628; x_wconf 88' lang='grc' dir='ltr'>διακονίας</span> <span class='ocrx_word' id='word_1_610' title='bbox 2851 3563 3037 3617; x_wconf 75' lang='grc' dir='ltr'>ἕνεκεν</span> <span class='ocrx_word' id='word_1_611' title='bbox 3065 3559 3450 3628; x_wconf 86' lang='grc' dir='ltr'>ἀπεστάλησαν</span> <span class='ocrx_word' id='word_1_612' title='bbox 3470 3559 3520 3612; x_wconf 79' lang='lat' dir='ltr'><strong>oi</strong></span> <span class='ocrx_word' id='word_1_613' title='bbox 3553 3556 3796 3629; x_wconf 77' lang='grc' dir='ltr'>μαθηταὶ</span> 
     </span>
    </p>
   </div>
   <div class='ocr_carea' id='block_1_79' title="bbox 2215 3647 3795 3730">
    <p class='ocr_par' dir='ltr' id='par_1_79' title="bbox 2215 3647 3795 3730">
     <span class='ocr_line' id='line_1_79' title="bbox 2215 3647 3795 3730; baseline -0.008 -16"><span class='ocrx_word' id='word_1_614' title='bbox 2215 3663 2296 3725; x_wconf 80' lang='grc' dir='ltr'>εἰς</span> <span class='ocrx_word' id='word_1_615' title='bbox 2337 3659 2436 3730; x_wconf 82' lang='grc' dir='ltr'>τὴν</span> <span class='ocrx_word' id='word_1_616' title='bbox 2482 3657 2766 3712; x_wconf 87' lang='grc' dir='ltr'>κατέναντι</span> <span class='ocrx_word' id='word_1_617' title='bbox 2813 3653 3028 3726; x_wconf 92' lang='grc' dir='ltr'>κώμην.</span> <span class='ocrx_word' id='word_1_618' title='bbox 3064 3647 3196 3706; x_wconf 74' lang='grc' dir='ltr'>Οἶδα</span> <span class='ocrx_word' id='word_1_619' title='bbox 3240 3650 3370 3722; x_wconf 83' lang='grc' dir='ltr'>γὰρ,</span> <span class='ocrx_word' id='word_1_620' title='bbox 3412 3651 3494 3703; x_wconf 81' lang='grc' dir='ltr'><strong>ὅτι</strong></span> <span class='ocrx_word' id='word_1_621' title='bbox 3536 3649 3642 3721; x_wconf 78' lang='grc' dir='ltr'>πρὸ</span> <span class='ocrx_word' id='word_1_622' title='bbox 3683 3649 3795 3702; x_wconf 84' lang='grc' dir='ltr'>τῶν</span> 
     </span>
    </p>
   </div>
   <div class='ocr_carea' id='block_1_80' title="bbox 2215 3739 3789 3820">
    <p class='ocr_par' dir='ltr' id='par_1_80' title="bbox 2215 3739 3789 3820">
     <span class='ocr_line' id='line_1_80' title="bbox 2215 3739 3789 3820; baseline -0.006 -15"><span class='ocrx_word' id='word_1_623' title='bbox 2215 3749 2528 3805; x_wconf 83' lang='grc' dir='ltr'>ἀποστόλων</span> <span class='ocrx_word' id='word_1_624' title='bbox 2575 3748 2795 3820; x_wconf 84' lang='grc' dir='ltr'>ἀόρατοι</span> <span class='ocrx_word' id='word_1_625' title='bbox 2843 3745 3102 3818; x_wconf 85' lang='grc' dir='ltr'>δυνάμεις</span> <span class='ocrx_word' id='word_1_626' title='bbox 3149 3742 3429 3814; x_wconf 84' lang='grc' dir='ltr'>διηκόνουν</span> <span class='ocrx_word' id='word_1_627' title='bbox 3468 3739 3547 3810; x_wconf 85' lang='grc' dir='ltr'>τῷ</span> <span class='ocrx_word' id='word_1_628' title='bbox 3589 3740 3789 3812; x_wconf 70' lang='grc' dir='ltr'>Ἰησοῦ.</span> 
     </span>
    </p>
   </div>
   <div class='ocr_carea' id='block_1_81' title="bbox 2218 3830 3788 3911">
    <p class='ocr_par' dir='ltr' id='par_1_81' title="bbox 2218 3830 3788 3911">
     <span class='ocr_line' id='line_1_81' title="bbox 2218 3830 3788 3911; baseline -0.008 -17"><span class='ocrx_word' id='word_1_629' title='bbox 2218 3843 2380 3904; x_wconf 82' lang='grc' dir='ltr'>Ἴσως</span> <span class='ocrx_word' id='word_1_630' title='bbox 2409 3839 2518 3911; x_wconf 81' lang='grc' dir='ltr'>γὰρ</span> <span class='ocrx_word' id='word_1_631' title='bbox 2543 3839 2636 3892; x_wconf 76' lang='grc' dir='ltr'><strong>καὶ</strong></span> <span class='ocrx_word' id='word_1_632' title='bbox 2687 3835 2856 3898; x_wconf 83' lang='grc' dir='ltr'>αὐτὰς</span> <span class='ocrx_word' id='word_1_633' title='bbox 2896 3835 2994 3900; x_wconf 82' lang='grc' dir='ltr'>τὰς</span> <span class='ocrx_word' id='word_1_634' title='bbox 3033 3835 3290 3906; x_wconf 83' lang='grc' dir='ltr'>δυνάμεις</span> <span class='ocrx_word' id='word_1_635' title='bbox 3333 3830 3788 3904; x_wconf 83' lang='grc' dir='ltr'>μαθητευομένας</span> 
     </span>
    </p>
   </div>
   <div class='ocr_carea' id='block_1_82' title="bbox 2211 3923 3792 4004">
    <p class='ocr_par' dir='ltr' id='par_1_82' title="bbox 2211 3923 3792 4004">
     <span class='ocr_line' id='line_1_82' title="bbox 2211 3923 3792 4004; baseline -0.008 -18"><span class='ocrx_word' id='word_1_636' title='bbox 2211 3933 2360 4004; x_wconf 80' lang='grc' dir='ltr'>αὐτῷ</span> <span class='ocrx_word' id='word_1_637' title='bbox 2381 3933 2410 3984; x_wconf 83' lang='grc' dir='ltr'><strong>ό</strong></span> <span class='ocrx_word' id='word_1_638' title='bbox 2433 3931 2638 4004; x_wconf 83' lang='grc' dir='ltr'>Κύριος</span> <span class='ocrx_word' id='word_1_639' title='bbox 2660 3929 2979 3983; x_wconf 82' lang='grc' dir='ltr'>ἀπέστειλεν</span> <span class='ocrx_word' id='word_1_640' title='bbox 3016 3927 3132 3998; x_wconf 73' lang='grc' dir='ltr'><strong>ἅμα</strong></span> <span class='ocrx_word' id='word_1_641' title='bbox 3167 3930 3280 3990; x_wconf 79' lang='grc' dir='ltr'>τοῖς</span> <span class='ocrx_word' id='word_1_642' title='bbox 3307 3925 3435 3996; x_wconf 72' lang='grc' dir='ltr'>περὶ</span> <span class='ocrx_word' id='word_1_643' title='bbox 3465 3925 3556 3978; x_wconf 84' lang='grc' dir='ltr'>τὸν</span> <span class='ocrx_word' id='word_1_644' title='bbox 3579 3923 3792 3993; x_wconf 76' lang='grc' dir='ltr'>Πέτρον</span> 
     </span>
    </p>
   </div>
   <div class='ocr_carea' id='block_1_83' title="bbox 2211 4014 3790 4092">
    <p class='ocr_par' dir='ltr' id='par_1_83' title="bbox 2211 4014 3790 4092">
     <span class='ocr_line' id='line_1_83' title="bbox 2211 4014 3790 4092; baseline -0.006 -18"><span class='ocrx_word' id='word_1_645' title='bbox 2211 4026 2291 4086; x_wconf 83' lang='grc' dir='ltr'><strong>εἰς</strong></span> <span class='ocrx_word' id='word_1_646' title='bbox 2330 4022 2428 4092; x_wconf 83' lang='grc' dir='ltr'>τὴν</span> <span class='ocrx_word' id='word_1_647' title='bbox 2463 4022 2748 4075; x_wconf 88' lang='grc' dir='ltr'>κατέναντι</span> <span class='ocrx_word' id='word_1_648' title='bbox 2784 4019 2997 4090; x_wconf 87' lang='grc' dir='ltr'>κώμην,</span> <span class='ocrx_word' id='word_1_649' title='bbox 3029 4017 3187 4070; x_wconf 89' lang='grc' dir='ltr'>λῦσαι</span> <span class='ocrx_word' id='word_1_650' title='bbox 3226 4016 3318 4069; x_wconf 80' lang='grc' dir='ltr'><strong>τὸν</strong></span> <span class='ocrx_word' id='word_1_651' title='bbox 3355 4014 3554 4068; x_wconf 77' lang='grc' dir='ltr'>πῶλον.</span> <span class='ocrx_word' id='word_1_652' title='bbox 3589 4015 3790 4066; x_wconf 78' lang='grc' dir='ltr'>Ἀκουε</span> 
     </span>
    </p>
   </div>
   <div class='ocr_carea' id='block_1_84' title="bbox 2209 4105 3788 4184">
    <p class='ocr_par' dir='ltr' id='par_1_84' title="bbox 2209 4105 3788 4184">
     <span class='ocr_line' id='line_1_84' title="bbox 2209 4105 3788 4184; baseline -0.006 -18"><span class='ocrx_word' id='word_1_653' title='bbox 2209 4114 2318 4184; x_wconf 82' lang='grc' dir='ltr'><strong>γὰρ</strong></span> <span class='ocrx_word' id='word_1_654' title='bbox 2352 4113 2462 4182; x_wconf 88' lang='grc'><strong>(70)</strong></span> <span class='ocrx_word' id='word_1_655' title='bbox 2495 4111 2590 4166; x_wconf 91' lang='grc' dir='ltr'><strong>τοῦ</strong></span> <span class='ocrx_word' id='word_1_656' title='bbox 2625 4109 3010 4182; x_wconf 76' lang='grc' dir='ltr'>εὐαγγελιστοῦ</span> <span class='ocrx_word' id='word_1_657' title='bbox 3045 4109 3172 4180; x_wconf 79' lang='grc' dir='ltr'><strong>περὶ</strong></span> <span class='ocrx_word' id='word_1_658' title='bbox 3216 4106 3312 4160; x_wconf 86' lang='grc' dir='ltr'><strong>τοῦ</strong></span> <span class='ocrx_word' id='word_1_659' title='bbox 3351 4107 3557 4178; x_wconf 86' lang='grc' dir='ltr'>Κυρίου</span> <span class='ocrx_word' id='word_1_660' title='bbox 3597 4105 3788 4174; x_wconf 82' lang='grc' dir='ltr'>λέγον-</span> 
     </span>
    </p>
   </div>
   <div class='ocr_carea' id='block_1_85' title="bbox 2207 4197 3789 4274">
    <p class='ocr_par' dir='ltr' id='par_1_85' title="bbox 2207 4197 3789 4274">
     <span class='ocr_line' id='line_1_85' title="bbox 2207 4197 3789 4274; baseline -0.004 -18"><span class='ocrx_word' id='word_1_661' title='bbox 2207 4221 2328 4267; x_wconf 80' lang='grc' dir='ltr'>τος·</span> <span class='ocrx_word' id='word_1_662' title='bbox 2369 4224 2387 4256; x_wconf 81' lang='grc' dir='ltr'><strong>ι</strong></span> <span class='ocrx_word' id='word_1_663' title='bbox 2424 4205 2534 4258; x_wconf 74' lang='grc' dir='ltr'><strong>Καὶ</strong></span> <span class='ocrx_word' id='word_1_664' title='bbox 2596 4204 2724 4268; x_wconf 78' lang='grc' dir='ltr'>ἰδοὺ,</span> <span class='ocrx_word' id='word_1_665' title='bbox 2780 4205 2965 4274; x_wconf 69' lang='grc' dir='ltr'>φησὶν,</span> <span class='ocrx_word' id='word_1_666' title='bbox 3027 4199 3246 4270; x_wconf 82' lang='grc' dir='ltr'>ἄγγελοι</span> <span class='ocrx_word' id='word_1_667' title='bbox 3310 4198 3554 4260; x_wconf 84' lang='grc' dir='ltr'>ἐλθόντες</span> <span class='ocrx_word' id='word_1_668' title='bbox 3597 4197 3789 4267; x_wconf 77' lang='grc' dir='ltr'>διηκό-</span> 
     </span>
    </p>
   </div>
   <div class='ocr_carea' id='block_1_86' title="bbox 2206 4287 3786 4366">
    <p class='ocr_par' dir='ltr' id='par_1_86' title="bbox 2206 4287 3786 4366">
     <span class='ocr_line' id='line_1_86' title="bbox 2206 4287 3786 4366; baseline -0.004 -20"><span class='ocrx_word' id='word_1_669' title='bbox 2206 4311 2332 4348; x_wconf 83' lang='grc' dir='ltr'>νουν</span> <span class='ocrx_word' id='word_1_670' title='bbox 2365 4294 2534 4366; x_wconf 81' lang='grc' dir='ltr'>αὐτῷ.</span> <span class='ocrx_word' id='word_1_671' title='bbox 2574 4311 2594 4344; x_wconf 72' lang='grc' dir='ltr'><strong>ι</strong></span> <span class='ocrx_word' id='word_1_672' title='bbox 2645 4293 2780 4366; x_wconf 79' lang='grc' dir='ltr'>Περὶ</span> <span class='ocrx_word' id='word_1_673' title='bbox 2811 4293 2868 4346; x_wconf 86' lang='grc' dir='ltr'><strong>δέ</strong></span> <span class='ocrx_word' id='word_1_674' title='bbox 2899 4291 2998 4361; x_wconf 83' lang='grc' dir='ltr'>τῆς</span> <span class='ocrx_word' id='word_1_675' title='bbox 3033 4288 3452 4362; x_wconf 89' lang='grc' dir='ltr'>ἀνθρωπότητος</span> <span class='ocrx_word' id='word_1_676' title='bbox 3489 4287 3586 4358; x_wconf 74' lang='grc' dir='ltr'><strong>βοᾷ</strong></span> <span class='ocrx_word' id='word_1_677' title='bbox 3617 4287 3786 4340; x_wconf 75' lang='grc' dir='ltr'>Δαϐὶδ</span> 
     </span>
    </p>
   </div>
   <div class='ocr_carea' id='block_1_87' title="bbox 2206 4379 3782 4457">
    <p class='ocr_par' dir='ltr' id='par_1_87' title="bbox 2206 4379 3782 4457">
     <span class='ocr_line' id='line_1_87' title="bbox 2206 4379 3782 4457; baseline -0.006 -17"><span class='ocrx_word' id='word_1_678' title='bbox 2206 4387 2378 4456; x_wconf 82' lang='grc' dir='ltr'>λέγων</span> <span class='ocrx_word' id='word_1_679' title='bbox 2395 4404 2407 4418; x_wconf 86' lang='grc'><strong><em>-</em></strong></span> <span class='ocrx_word' id='word_1_680' title='bbox 2445 4407 2463 4438; x_wconf 84' lang='grc'>‹</span> <span class='ocrx_word' id='word_1_681' title='bbox 2498 4387 2694 4457; x_wconf 79' lang='grc' dir='ltr'>’Ἄρτον</span> <span class='ocrx_word' id='word_1_682' title='bbox 2719 4382 2950 4456; x_wconf 84' lang='grc' dir='ltr'>οὐρανοῦ</span> <span class='ocrx_word' id='word_1_683' title='bbox 2973 4382 3172 4436; x_wconf 77' lang='grc' dir='ltr'>ἔδωκεν</span> <span class='ocrx_word' id='word_1_684' title='bbox 3198 4381 3399 4444; x_wconf 76' lang='grc' dir='ltr'>αὐτοῖς,</span> <span class='ocrx_word' id='word_1_685' title='bbox 3425 4380 3585 4452; x_wconf 80' lang='grc' dir='ltr'>ἄρτον</span> <span class='ocrx_word' id='word_1_686' title='bbox 3611 4379 3782 4448; x_wconf 80' lang='grc' dir='ltr'>ἀγγέ-</span> 
     </span>
    </p>
   </div>
   <div class='ocr_carea' id='block_1_88' title="bbox 2205 4469 3782 4548">
    <p class='ocr_par' dir='ltr' id='par_1_88' title="bbox 2205 4469 3782 4548">
     <span class='ocr_line' id='line_1_88' title="bbox 2205 4469 3782 4548; baseline -0.006 -16"><span class='ocrx_word' id='word_1_687' title='bbox 2205 4479 2312 4532; x_wconf 93' lang='grc' dir='ltr'><strong>λων</strong></span> <span class='ocrx_word' id='word_1_688' title='bbox 2343 4478 2542 4548; x_wconf 78' lang='grc' dir='ltr'>ἔφαγεν</span> <span class='ocrx_word' id='word_1_689' title='bbox 2575 4477 2881 4548; x_wconf 82' lang='grc' dir='ltr'>ἀνθρωπος.</span> <span class='ocrx_word' id='word_1_690' title='bbox 2920 4493 2938 4526; x_wconf 74' lang='grc' dir='ltr'><strong>ι</strong></span> <span class='ocrx_word' id='word_1_691' title='bbox 2965 4474 3171 4544; x_wconf 76' lang='grc' dir='ltr'>Μηδεὶς</span> <span class='ocrx_word' id='word_1_692' title='bbox 3203 4469 3298 4526; x_wconf 82' lang='grc' dir='ltr'><strong>οὖν</strong></span> <span class='ocrx_word' id='word_1_693' title='bbox 3325 4475 3382 4526; x_wconf 87' lang='grc' dir='ltr'><strong>ἐν</strong></span> <span class='ocrx_word' id='word_1_694' title='bbox 3412 4469 3622 4542; x_wconf 87' lang='grc' dir='ltr'>σώματι</span> <span class='ocrx_word' id='word_1_695' title='bbox 3658 4471 3782 4524; x_wconf 63' lang='grc' dir='ltr'>διας</span> 
     </span>
    </p>
   </div>
   <div class='ocr_carea' id='block_1_89' title="bbox 519 4562 2113 4648">
    <p class='ocr_par' dir='ltr' id='par_1_89' title="bbox 519 4563 2097 4640">
     <span class='ocr_line' id='line_1_89' title="bbox 519 4563 2097 4640; baseline 0.005 -23"><span class='ocrx_word' id='word_1_696' title='bbox 519 4564 740 4619; x_wconf 86' lang='lat' dir='ltr'><strong>civitate</strong></span> <span class='ocrx_word' id='word_1_697' title='bbox 785 4563 1032 4634; x_wconf 83' lang='lat' dir='ltr'><strong>reperiri,</strong></span> <span class='ocrx_word' id='word_1_698' title='bbox 1066 4564 1163 4620; x_wconf 86' lang='lat' dir='ltr'><strong>sed</strong></span> <span class='ocrx_word' id='word_1_699' title='bbox 1194 4564 1510 4632; x_wconf 88' lang='lat' dir='ltr'><strong>hujusmodi</strong></span> <span class='ocrx_word' id='word_1_700' title='bbox 1541 4565 1704 4620; x_wconf 90' lang='lat' dir='ltr'><strong>homo</strong></span> <span class='ocrx_word' id='word_1_701' title='bbox 1734 4569 1789 4622; x_wconf 90' lang='lat' dir='ltr'><strong>in</strong></span> <span class='ocrx_word' id='word_1_702' title='bbox 1821 4583 1960 4640; x_wconf 84' lang='lat' dir='ltr'><strong>pago</strong></span> <span class='ocrx_word' id='word_1_703' title='bbox 1993 4570 2097 4624; x_wconf 82' lang='lat' dir='ltr'><strong>ad-</strong></span> 
     </span>
    </p>
   </div>
   <div class='ocr_carea' id='block_1_90' title="bbox 2222 4562 3782 4648">
    <p class='ocr_par' dir='ltr' id='par_1_90' title="bbox 2222 4562 3782 4643">
     <span class='ocr_line' id='line_1_90' title="bbox 2222 4562 3782 4643; baseline -0.006 -18"><span class='ocrx_word' id='word_1_704' title='bbox 2222 4571 2424 4643; x_wconf 80' lang='lat' dir='ltr'><strong>:pi6uw,</strong></span> <span class='ocrx_word' id='word_1_705' title='bbox 2453 4571 2548 4624; x_wconf 78' lang='grc' dir='ltr'><strong>καὶ</strong></span> <span class='ocrx_word' id='word_1_706' title='bbox 2569 4571 2649 4634; x_wconf 88' lang='grc' dir='ltr'><strong>είς</strong></span> <span class='ocrx_word' id='word_1_707' title='bbox 2677 4569 2768 4622; x_wconf 81' lang='grc' dir='ltr'><strong>τὸν</strong></span> <span class='ocrx_word' id='word_1_708' title='bbox 2795 4567 2908 4638; x_wconf 88' lang='grc' dir='ltr'>βίον</span> <span class='ocrx_word' id='word_1_709' title='bbox 2933 4565 3119 4622; x_wconf 87' lang='grc' dir='ltr'>τοῦτον</span> <span class='ocrx_word' id='word_1_710' title='bbox 3153 4562 3590 4638; x_wconf 86' lang='grc' dir='ltr'>περισπώμενος,</span> <span class='ocrx_word' id='word_1_711' title='bbox 3621 4579 3782 4632; x_wconf 86' lang='grc' dir='ltr'>νομι-</span> 
     </span>
    </p>
   </div>
   <div class='ocr_carea' id='block_1_91' title="bbox 521 4653 2113 4726">
    <p class='ocr_par' dir='ltr' id='par_1_91' title="bbox 521 4655 2095 4726">
     <span class='ocr_line' id='line_1_91' title="bbox 521 4655 2095 4726; baseline 0.006 -18"><span class='ocrx_word' id='word_1_712' title='bbox 521 4657 630 4708; x_wconf 87' lang='lat' dir='ltr'><strong>huc</strong></span> <span class='ocrx_word' id='word_1_713' title='bbox 669 4665 937 4711; x_wconf 87' lang='lat' dir='ltr'><strong>versatur.</strong></span> <span class='ocrx_word' id='word_1_714' title='bbox 974 4655 1181 4710; x_wconf 87' lang='lat' dir='ltr'><strong>Sensus</strong></span> <span class='ocrx_word' id='word_1_715' title='bbox 1226 4656 1428 4726; x_wconf 88' lang='lat' dir='ltr'><strong>quippe</strong></span> <span class='ocrx_word' id='word_1_716' title='bbox 1468 4657 1654 4713; x_wconf 89' lang='lat' dir='ltr'><strong>carnis</strong></span> <span class='ocrx_word' id='word_1_717' title='bbox 1685 4659 1972 4716; x_wconf 86' lang='lat' dir='ltr'><strong>inimicitia</strong></span> <span class='ocrx_word' id='word_1_718' title='bbox 2011 4670 2095 4719; x_wconf 89' lang='lat' dir='ltr'><strong>est</strong></span> 
     </span>
    </p>
   </div>
   <div class='ocr_carea' id='block_1_92' title="bbox 2222 4653 3782 4726">
    <p class='ocr_par' dir='ltr' id='par_1_92' title="bbox 2222 4653 3782 4726">
     <span class='ocr_line' id='line_1_92' title="bbox 2222 4653 3782 4726; baseline -0.004 -12"><span class='ocrx_word' id='word_1_719' title='bbox 2222 4663 2362 4726; x_wconf 73' lang='grc' dir='ltr'>ζέτω,</span> <span class='ocrx_word' id='word_1_720' title='bbox 2409 4663 2490 4716; x_wconf 87' lang='grc' dir='ltr'>ὅτι</span> <span class='ocrx_word' id='word_1_721' title='bbox 2530 4661 2677 4714; x_wconf 77' lang='grc' dir='ltr'>ἔνδον</span> <span class='ocrx_word' id='word_1_722' title='bbox 2708 4660 2826 4713; x_wconf 77' lang='grc' dir='ltr'>ἐστὶ</span> <span class='ocrx_word' id='word_1_723' title='bbox 2863 4658 3093 4722; x_wconf 88' lang='grc' dir='ltr'>πόλεως.</span> <span class='ocrx_word' id='word_1_724' title='bbox 3133 4657 3208 4710; x_wconf 63' lang='lat' dir='ltr'><strong>Oti</strong></span> <span class='ocrx_word' id='word_1_725' title='bbox 3252 4655 3477 4710; x_wconf 85' lang='grc' dir='ltr'>δύναται</span> <span class='ocrx_word' id='word_1_726' title='bbox 3508 4653 3616 4724; x_wconf 76' lang='grc' dir='ltr'>γὰρ</span> <span class='ocrx_word' id='word_1_727' title='bbox 3649 4655 3679 4706; x_wconf 86' lang='grc' dir='ltr'><strong>ό</strong></span> <span class='ocrx_word' id='word_1_728' title='bbox 3710 4653 3782 4708; x_wconf 73' lang='grc' dir='ltr'>τὰ</span> 
     </span>
    </p>
   </div>
   <div class='ocr_carea' id='block_1_93' title="bbox 519 4745 2113 4826">
    <p class='ocr_par' dir='ltr' id='par_1_93' title="bbox 519 4746 2095 4824">
     <span class='ocr_line' id='line_1_93' title="bbox 519 4746 2095 4824; baseline 0.004 -24"><span class='ocrx_word' id='word_1_729' title='bbox 519 4749 576 4801; x_wconf 90' lang='lat' dir='ltr'><strong>in</strong></span> <span class='ocrx_word' id='word_1_730' title='bbox 609 4746 796 4802; x_wconf 86' lang='lat' dir='ltr'><strong>Deum.</strong></span> <span class='ocrx_word' id='word_1_731' title='bbox 835 4746 988 4802; x_wconf 90' lang='lat' dir='ltr'><strong>Scire</strong></span> <span class='ocrx_word' id='word_1_732' title='bbox 1040 4747 1200 4818; x_wconf 87' lang='lat' dir='ltr'><strong>igitur</strong></span> <span class='ocrx_word' id='word_1_733' title='bbox 1249 4756 1486 4818; x_wconf 89' lang='lat' dir='ltr'><strong>oportet,</strong></span> <span class='ocrx_word' id='word_1_734' title='bbox 1523 4765 1648 4804; x_wconf 91' lang='lat' dir='ltr'><strong>eum</strong></span> <span class='ocrx_word' id='word_1_735' title='bbox 1701 4750 1795 4822; x_wconf 86' lang='lat' dir='ltr'><strong>qui</strong></span> <span class='ocrx_word' id='word_1_736' title='bbox 1845 4751 1900 4806; x_wconf 82' lang='lat' dir='ltr'><strong>in</strong></span> <span class='ocrx_word' id='word_1_737' title='bbox 1958 4769 2095 4824; x_wconf 89' lang='lat' dir='ltr'><strong>pago</strong></span> 
     </span>
    </p>
   </div>
   <div class='ocr_carea' id='block_1_94' title="bbox 2222 4745 3782 4826">
    <p class='ocr_par' dir='ltr' id='par_1_94' title="bbox 2222 4745 3782 4826">
     <span class='ocr_line' id='line_1_94' title="bbox 2222 4745 3782 4826; baseline -0.008 -18"><span class='ocrx_word' id='word_1_738' title='bbox 2222 4755 2302 4824; x_wconf 70' lang='grc' dir='ltr'><strong>τῆς</strong></span> <span class='ocrx_word' id='word_1_739' title='bbox 2340 4754 2543 4826; x_wconf 74' lang='grc' dir='ltr'>σαρκὸς</span> <span class='ocrx_word' id='word_1_740' title='bbox 2571 4753 2782 4825; x_wconf 83' lang='grc' dir='ltr'>φρονῶν</span> <span class='ocrx_word' id='word_1_741' title='bbox 2811 4753 2868 4804; x_wconf 86' lang='grc' dir='ltr'><strong>ἐν</strong></span> <span class='ocrx_word' id='word_1_742' title='bbox 2896 4750 3066 4822; x_wconf 81' lang='grc' dir='ltr'>ταύτῃ</span> <span class='ocrx_word' id='word_1_743' title='bbox 3091 4751 3158 4821; x_wconf 80' lang='grc' dir='ltr'>τῇ</span> <span class='ocrx_word' id='word_1_744' title='bbox 3187 4747 3396 4819; x_wconf 79' lang='grc' dir='ltr'>μεγάλῃ</span> <span class='ocrx_word' id='word_1_745' title='bbox 3436 4745 3587 4799; x_wconf 89' lang='grc' dir='ltr'>πόλει</span> <span class='ocrx_word' id='word_1_746' title='bbox 3622 4745 3782 4817; x_wconf 76' lang='grc' dir='ltr'>εὐρε-</span> 
     </span>
    </p>
   </div>
   <div class='ocr_carea' id='block_1_95' title="bbox 515 4897 2113 5037">
    <p class='ocr_par' dir='ltr' id='par_1_95' title="bbox 515 4899 2113 5037">
     <span class='ocr_line' id='line_1_95' title="bbox 587 4899 2113 4969; baseline 0.005 -18"><span class='ocrx_word' id='word_1_747' title='bbox 587 4901 636 4935; x_wconf 76' lang='grc' dir='ltr'><strong>⁸ο</strong></span> <span class='ocrx_word' id='word_1_748' title='bbox 675 4899 837 4955; x_wconf 83' lang='lat' dir='ltr'><strong>Hebr.</strong></span> <span class='ocrx_word' id='word_1_749' title='bbox 875 4916 986 4963; x_wconf 80' lang='lat' dir='ltr'><strong>xu,</strong></span> <span class='ocrx_word' id='word_1_750' title='bbox 1025 4900 1105 4965; x_wconf 82' lang='grc'>18,</span> <span class='ocrx_word' id='word_1_751' title='bbox 1145 4899 1238 4956; x_wconf 69' lang='grc'>22.</span> <span class='ocrx_word' id='word_1_752' title='bbox 1313 4903 1356 4935; x_wconf 76' lang='grc'>⁸⁸</span> <span class='ocrx_word' id='word_1_753' title='bbox 1396 4901 1560 4959; x_wconf 82' lang='lat' dir='ltr'><strong>Hebr.</strong></span> <span class='ocrx_word' id='word_1_754' title='bbox 1600 4919 1688 4969; x_wconf 70' lang='grc' dir='ltr'>χι,</span> <span class='ocrx_word' id='word_1_755' title='bbox 1723 4905 1792 4960; x_wconf 84' lang='grc'>15</span> <span class='ocrx_word' id='word_1_756' title='bbox 1846 4905 1931 4962; x_wconf 78' lang='grc'><strong>16.</strong></span> <span class='ocrx_word' id='word_1_757' title='bbox 2009 4907 2055 4938; x_wconf 75' lang='grc'><strong>⁸⁸</strong></span> <span class='ocrx_word' id='word_1_758' title='bbox 2096 4907 2113 4959; x_wconf 87' lang='lat' dir='ltr'><strong>l</strong></span> 
     </span>
     <span class='ocr_line' id='line_1_96' title="bbox 515 4970 1278 5037; baseline 0.008 -12"><span class='ocrx_word' id='word_1_759' title='bbox 515 4971 606 5031; x_wconf 85' lang='grc'><strong>11.</strong></span> <span class='ocrx_word' id='word_1_760' title='bbox 681 4971 726 5003; x_wconf 82' lang='grc'><strong>⁸⁸</strong></span> <span class='ocrx_word' id='word_1_761' title='bbox 764 4970 908 5027; x_wconf 83' lang='lat' dir='ltr'><strong>Psal.</strong></span> <span class='ocrx_word' id='word_1_762' title='bbox 943 4989 1154 5037; x_wconf 68' lang='lat' dir='ltr'><strong>LXXVII,</strong></span> <span class='ocrx_word' id='word_1_763' title='bbox 1187 4972 1278 5031; x_wconf 72' lang='lat'><strong>25.</strong></span> 
     </span>
    </p>
   </div>
   <div class='ocr_carea' id='block_1_96' title="bbox 2222 4897 3780 5037">
    <p class='ocr_par' dir='ltr' id='par_1_96' title="bbox 2229 4897 3780 4973">
     <span class='ocr_line' id='line_1_97' title="bbox 2229 4897 3780 4973; baseline -0.007 -12"><span class='ocrx_word' id='word_1_764' title='bbox 2229 4908 2280 4961; x_wconf 91' lang='lat' dir='ltr'><strong>h.</strong></span> <span class='ocrx_word' id='word_1_765' title='bbox 2317 4924 2440 4972; x_wconf 78' lang='lat' dir='ltr'><strong>xix,</strong></span> <span class='ocrx_word' id='word_1_766' title='bbox 2473 4909 2563 4964; x_wconf 72' lang='lat'><strong>27.</strong></span> <span class='ocrx_word' id='word_1_767' title='bbox 2647 4909 2694 4941; x_wconf 81' lang='grc'><strong>³⁸</strong></span> <span class='ocrx_word' id='word_1_768' title='bbox 2731 4907 2926 4965; x_wconf 87' lang='lat' dir='ltr'><strong>Genes.</strong></span> <span class='ocrx_word' id='word_1_769' title='bbox 2964 4925 3060 4973; x_wconf 85' lang='grc' dir='ltr'>ιιι,</span> <span class='ocrx_word' id='word_1_770' title='bbox 3096 4905 3188 4966; x_wconf 76' lang='grc'><strong>25,</strong></span> <span class='ocrx_word' id='word_1_771' title='bbox 3225 4903 3316 4958; x_wconf 76' lang='grc'><strong>24.</strong></span> <span class='ocrx_word' id='word_1_772' title='bbox 3391 4901 3437 4933; x_wconf 71' lang='grc'><strong>⁸⁸</strong></span> <span class='ocrx_word' id='word_1_773' title='bbox 3475 4897 3666 4954; x_wconf 80' lang='lat' dir='ltr'><strong>Matth.</strong></span> <span class='ocrx_word' id='word_1_774' title='bbox 3699 4914 3780 4965; x_wconf 71' lang='grc' dir='ltr'><strong>ιν,</strong></span> 
     </span>
    </p>
   </div>
   <div class='ocr_carea' id='block_1_97' title="bbox 2195 5129 3435 5202">
    <p class='ocr_par' dir='ltr' id='par_1_97' title="bbox 2195 5129 3435 5202">
     <span class='ocr_line' id='line_1_98' title="bbox 2195 5129 3435 5202; baseline -0.003 -17"><span class='ocrx_word' id='word_1_775' title='bbox 2195 5131 2355 5202; x_wconf 85' lang='lat' dir='ltr'><strong>cujus</strong></span> <span class='ocrx_word' id='word_1_776' title='bbox 2379 5131 2500 5202; x_wconf 84' lang='lat' dir='ltr'><strong>loco</strong></span> <span class='ocrx_word' id='word_1_777' title='bbox 2522 5129 2722 5200; x_wconf 79' lang='lat' dir='ltr'><strong>Regius</strong></span> <span class='ocrx_word' id='word_1_778' title='bbox 2748 5131 2932 5193; x_wconf 80' lang='lat' dir='ltr'><strong>habet,</strong></span> <span class='ocrx_word' id='word_1_779' title='bbox 2974 5129 3435 5202; x_wconf 66' lang='grc' dir='ltr'>μνημονευθέντα.</span> 
     </span>
    </p>
   </div>
   <div class='ocr_carea' id='block_1_98' title="bbox 588 5127 2086 5202">
    <p class='ocr_par' dir='ltr' id='par_1_98' title="bbox 588 5127 2086 5202">
     <span class='ocr_line' id='line_1_99' title="bbox 588 5127 2086 5202; baseline 0 -19"><span class='ocrx_word' id='word_1_780' title='bbox 588 5127 699 5202; x_wconf 65' lang='grc'><strong>(65)</strong></span> <span class='ocrx_word' id='word_1_781' title='bbox 737 5127 1076 5202; x_wconf 82' lang='lat' dir='ltr'><strong>Basiliensis,</strong></span> <span class='ocrx_word' id='word_1_782' title='bbox 1107 5131 1449 5202; x_wconf 85' lang='grc' dir='ltr'>ἐπουρανίου.</span> <span class='ocrx_word' id='word_1_783' title='bbox 1499 5130 1710 5202; x_wconf 84' lang='lat' dir='ltr'><strong>Anglic.</strong></span> <span class='ocrx_word' id='word_1_784' title='bbox 1747 5131 2086 5202; x_wconf 75' lang='grc' dir='ltr'>ἐπουράνιος.</span> 
     </span>
    </p>
   </div>
   <div class='ocr_carea' id='block_1_99' title="bbox 2267 5197 3774 5272">
    <p class='ocr_par' dir='ltr' id='par_1_99' title="bbox 2267 5197 3774 5272">
     <span class='ocr_line' id='line_1_100' title="bbox 2267 5197 3774 5272; baseline -0.002 -17"><span class='ocrx_word' id='word_1_785' title='bbox 2267 5197 2376 5272; x_wconf 86' lang='grc'>(68)</span> <span class='ocrx_word' id='word_1_786' title='bbox 2430 5201 2562 5256; x_wconf 77' lang='grc' dir='ltr'>Ἀπό</span> <span class='ocrx_word' id='word_1_787' title='bbox 2601 5197 2756 5258; x_wconf 81' lang='lat' dir='ltr'><strong>deest</strong></span> <span class='ocrx_word' id='word_1_788' title='bbox 2784 5203 2838 5255; x_wconf 94' lang='lat' dir='ltr'><strong>in</strong></span> <span class='ocrx_word' id='word_1_789' title='bbox 2884 5197 3107 5272; x_wconf 34' lang='lat' dir='ltr'><strong>Seguei&#39;:</strong></span> <span class='ocrx_word' id='word_1_790' title='bbox 3151 5199 3305 5272; x_wconf 88' lang='lat' dir='ltr'><strong>Gobl.</strong></span> <span class='ocrx_word' id='word_1_791' title='bbox 3335 5211 3391 5254; x_wconf 84' lang='lat' dir='ltr'><strong>et</strong></span> <span class='ocrx_word' id='word_1_792' title='bbox 3421 5197 3564 5272; x_wconf 81' lang='lat' dir='ltr'><strong>F_elc.</strong></span> <span class='ocrx_word' id='word_1_793' title='bbox 3594 5199 3645 5263; x_wconf 90' lang='grc'><strong>1,</strong></span> <span class='ocrx_word' id='word_1_794' title='bbox 3670 5213 3774 5272; x_wconf 76' lang='lat' dir='ltr'><strong>_cu_-</strong></span> 
     </span>
    </p>
   </div>
   <div class='ocr_carea' id='block_1_100' title="bbox 512 5195 2088 5273">
    <p class='ocr_par' dir='ltr' id='par_1_100' title="bbox 512 5195 2088 5273">
     <span class='ocr_line' id='line_1_101' title="bbox 512 5195 2088 5273; baseline 0.003 -23"><span class='ocrx_word' id='word_1_795' title='bbox 512 5195 684 5273; x_wconf 78' lang='lat' dir='ltr'><strong>Paulo</strong></span> <span class='ocrx_word' id='word_1_796' title='bbox 704 5210 847 5269; x_wconf 87' lang='lat' dir='ltr'><strong>post,</strong></span> <span class='ocrx_word' id='word_1_797' title='bbox 878 5201 1098 5271; x_wconf 76' lang='lat' dir='ltr'><strong>llegius,</strong></span> <span class='ocrx_word' id='word_1_798' title='bbox 1121 5195 1344 5273; x_wconf 77' lang='lat' dir='ltr'><strong>Seguer.</strong></span> <span class='ocrx_word' id='word_1_799' title='bbox 1374 5201 1538 5257; x_wconf 72' lang='lat' dir='ltr'><strong>Basil.</strong></span> <span class='ocrx_word' id='word_1_800' title='bbox 1565 5195 1764 5256; x_wconf 57' lang='grc' dir='ltr'>αῗοάφει</span> <span class='ocrx_word' id='word_1_801' title='bbox 1791 5195 1985 5270; x_wconf 71' lang='grc' dir='ltr'>λέγων·</span> <span class='ocrx_word' id='word_1_802' title='bbox 2013 5203 2088 5254; x_wconf 64' lang='lat' dir='ltr'><strong>Ui:</strong></span> 
     </span>
    </p>
   </div>
   <div class='ocr_carea' id='block_1_101' title="bbox 454 5269 2113 5342">
    <p class='ocr_par' dir='ltr' id='par_1_101' title="bbox 454 5269 1874 5342">
     <span class='ocr_line' id='line_1_102' title="bbox 454 5269 1874 5342; baseline 0.003 -4"><span class='ocrx_word' id='word_1_803' title='bbox 454 5335 461 5342; x_wconf 19' lang='grc' dir='ltr'><strong>,Α</strong></span> <span class='ocrx_word' id='word_1_804' title='bbox 509 5269 684 5342; x_wconf 51' lang='grc' dir='ltr'><strong>τάθη,</strong></span> <span class='ocrx_word' id='word_1_805' title='bbox 740 5337 768 5342; x_wconf 72' lang='lat'>_</span> <span class='ocrx_word' id='word_1_806' title='bbox 963 5269 977 5271; x_wconf 35' lang='grc'>⁷</span> <span class='ocrx_word' id='word_1_807' title='bbox 1012 5341 1033 5342; x_wconf 44' lang='grc' dir='ltr'><em>η</em></span> <span class='ocrx_word' id='word_1_808' title='bbox 1196 5269 1216 5273; x_wconf 33' lang='grc' dir='ltr'><strong>ν</strong></span> <span class='ocrx_word' id='word_1_809' title='bbox 1256 5341 1277 5342; x_wconf 47' lang='grc' dir='ltr'><em>η</em></span> <span class='ocrx_word' id='word_1_810' title='bbox 1588 5325 1724 5342; x_wconf 16' lang='grc' dir='ltr'>με..</span> <span class='ocrx_word' id='word_1_811' title='bbox 1799 5340 1806 5342; x_wconf 93' lang='lat'>_</span> <span class='ocrx_word' id='word_1_812' title='bbox 1869 5269 1874 5270; x_wconf 15' lang='grc' dir='ltr'><strong>ί</strong></span> 
     </span>
    </p>
   </div>
   <div class='ocr_carea' id='block_1_102' title="bbox 2222 5269 3775 5342">
    <p class='ocr_par' dir='ltr' id='par_1_102' title="bbox 2222 5269 3775 5342">
     <span class='ocr_line' id='line_1_103' title="bbox 2222 5269 3775 5342; baseline 0 -21"><span class='ocrx_word' id='word_1_813' title='bbox 2222 5269 2283 5326; x_wconf 82' lang='lat' dir='ltr'><strong>us</strong></span> <span class='ocrx_word' id='word_1_814' title='bbox 2313 5275 2432 5325; x_wconf 91' lang='lat' dir='ltr'><strong>loco</strong></span> <span class='ocrx_word' id='word_1_815' title='bbox 2459 5271 2657 5340; x_wconf 71' lang='lat' dir='ltr'><strong>Regius</strong></span> <span class='ocrx_word' id='word_1_816' title='bbox 2693 5279 2747 5326; x_wconf 92' lang='lat' dir='ltr'><strong>et</strong></span> <span class='ocrx_word' id='word_1_817' title='bbox 2771 5269 2984 5342; x_wconf 72' lang='lat' dir='ltr'><strong>Anglic.</strong></span> <span class='ocrx_word' id='word_1_818' title='bbox 3023 5271 3246 5334; x_wconf 88' lang='lat' dir='ltr'><strong>habent,</strong></span> <span class='ocrx_word' id='word_1_819' title='bbox 3287 5271 3351 5324; x_wconf 85' lang='grc' dir='ltr'><strong>ἐκ</strong></span> <span class='ocrx_word' id='word_1_820' title='bbox 3381 5269 3474 5324; x_wconf 87' lang='grc' dir='ltr'><strong>τοῦ</strong></span> <span class='ocrx_word' id='word_1_821' title='bbox 3511 5269 3775 5342; x_wconf 79' lang='grc' dir='ltr'>παραδεί-</span> 
     </span>
    </p>
   </div>
   <div class='ocr_carea' id='block_1_103' title="bbox 455 5337 2113 5413">
    <p class='ocr_par' dir='ltr' id='par_1_103' title="bbox 455 5337 2007 5413">
     <span class='ocr_line' id='line_1_104' title="bbox 455 5337 2007 5413; baseline -0.001 -18"><span class='ocrx_word' id='word_1_822' title='bbox 455 5339 468 5360; x_wconf 87' lang='lat'>‘</span> <span class='ocrx_word' id='word_1_823' title='bbox 524 5337 535 5342; x_wconf 71' lang='grc'>⁷</span> <span class='ocrx_word' id='word_1_824' title='bbox 583 5337 694 5413; x_wconf 56' lang='grc' dir='ltr'>(δέ)</span> <span class='ocrx_word' id='word_1_825' title='bbox 735 5337 962 5413; x_wconf 77' lang='lat' dir='ltr'><strong>seguer.</strong></span> <span class='ocrx_word' id='word_1_826' title='bbox 996 5341 1216 5413; x_wconf 78' lang='lat' dir='ltr'><strong>Gobler.</strong></span> <span class='ocrx_word' id='word_1_827' title='bbox 1241 5341 1383 5413; x_wconf 68' lang='lat' dir='ltr'><strong>Reg.</strong></span> <span class='ocrx_word' id='word_1_828' title='bbox 1413 5359 1562 5413; x_wconf 80' lang='grc' dir='ltr'>φησι.</span> <span class='ocrx_word' id='word_1_829' title='bbox 1587 5339 1751 5413; x_wconf 85' lang='lat' dir='ltr'><strong>Editi,</strong></span> <span class='ocrx_word' id='word_1_830' title='bbox 1783 5340 1910 5413; x_wconf 67' lang='grc' dir='ltr'>εφη.</span> <span class='ocrx_word' id='word_1_831' title='bbox 1967 5409 2007 5413; x_wconf 24' lang='grc' dir='ltr'><strong>-Α</strong></span> 
     </span>
    </p>
   </div>
   <div class='ocr_carea' id='block_1_104' title="bbox 2222 5337 2306 5413">
    <p class='ocr_par' dir='ltr' id='par_1_104' title="bbox 2222 5357 2306 5413">
     <span class='ocr_line' id='line_1_105' title="bbox 2222 5357 2306 5413; baseline -0.012 -20"><span class='ocrx_word' id='word_1_832' title='bbox 2222 5357 2285 5393; x_wconf 84' lang='grc' dir='ltr'>ὀυ</span> <span class='ocrx_word' id='word_1_833' title='bbox 2294 5383 2306 5413; x_wconf 54' lang='grc' dir='ltr'>ε</span> 
     </span>
    </p>
   </div>
   <div class='ocr_carea' id='block_1_105' title="bbox 584 5408 2113 5482">
    <p class='ocr_par' dir='ltr' id='par_1_105' title="bbox 584 5408 2088 5482">
     <span class='ocr_line' id='line_1_106' title="bbox 584 5408 2088 5482; baseline -0.001 -18"><span class='ocrx_word' id='word_1_834' title='bbox 584 5408 694 5482; x_wconf 68' lang='grc'>(65)</span> <span class='ocrx_word' id='word_1_835' title='bbox 734 5408 1012 5482; x_wconf 56' lang='grc' dir='ltr'>ᾼέᾚεθεῑ.</span> <span class='ocrx_word' id='word_1_836' title='bbox 1047 5411 1190 5482; x_wconf 69' lang='lat' dir='ltr'><strong>Mox,</strong></span> <span class='ocrx_word' id='word_1_837' title='bbox 1234 5408 1366 5481; x_wconf 70' lang='lat' dir='ltr'><strong>Reg.</strong></span> <span class='ocrx_word' id='word_1_838' title='bbox 1392 5408 1564 5473; x_wconf 80' lang='lat' dir='ltr'><strong>solus,</strong></span> <span class='ocrx_word' id='word_1_839' title='bbox 1591 5412 1732 5464; x_wconf 81' lang='grc' dir='ltr'>κατὰ</span> <span class='ocrx_word' id='word_1_840' title='bbox 1760 5408 1850 5465; x_wconf 74' lang='grc' dir='ltr'><strong>τὸν</strong></span> <span class='ocrx_word' id='word_1_841' title='bbox 1875 5408 2088 5466; x_wconf 82' lang='grc' dir='ltr'>Παῦλον</span> 
     </span>
    </p>
   </div>
   <div class='ocr_carea' id='block_1_106' title="bbox 2222 5408 3772 5482">
    <p class='ocr_par' dir='ltr' id='par_1_106' title="bbox 2261 5408 3772 5482">
     <span class='ocr_line' id='line_1_107' title="bbox 2261 5408 3772 5482; baseline 0.003 -18"><span class='ocrx_word' id='word_1_842' title='bbox 2261 5410 2373 5478; x_wconf 75' lang='grc'>(69)</span> <span class='ocrx_word' id='word_1_843' title='bbox 2412 5409 2506 5482; x_wconf 74' lang='lat' dir='ltr'><strong>Sic</strong></span> <span class='ocrx_word' id='word_1_844' title='bbox 2538 5408 2671 5482; x_wconf 67' lang='lat' dir='ltr'><strong>Reg.</strong></span> <span class='ocrx_word' id='word_1_845' title='bbox 2709 5409 2933 5482; x_wconf 88' lang='lat' dir='ltr'><strong>Seguer.</strong></span> <span class='ocrx_word' id='word_1_846' title='bbox 2967 5411 3178 5482; x_wconf 81' lang='lat' dir='ltr'><strong>Anglic.</strong></span> <span class='ocrx_word' id='word_1_847' title='bbox 3212 5409 3378 5474; x_wconf 78' lang='lat' dir='ltr'><strong>Editi,</strong></span> <span class='ocrx_word' id='word_1_848' title='bbox 3413 5413 3772 5470; x_wconf 79' lang='grc' dir='ltr'>ἀποστέλλον-</span> 
     </span>
    </p>
   </div>
   <div class='ocr_carea' id='block_1_107' title="bbox 510 5477 2113 5553">
    <p class='ocr_par' dir='ltr' id='par_1_107' title="bbox 510 5477 2087 5553">
     <span class='ocr_line' id='line_1_108' title="bbox 510 5477 2087 5553; baseline 0.004 -24"><span class='ocrx_word' id='word_1_849' title='bbox 510 5477 933 5553; x_wconf 68' lang='grc' dir='ltr'>πολιτευόμενοι.</span> <span class='ocrx_word' id='word_1_850' title='bbox 958 5483 1100 5546; x_wconf 80' lang='lat' dir='ltr'><strong>Mox,</strong></span> <span class='ocrx_word' id='word_1_851' title='bbox 1131 5481 1264 5553; x_wconf 73' lang='lat' dir='ltr'><strong>Reg.</strong></span> <span class='ocrx_word' id='word_1_852' title='bbox 1283 5477 1506 5552; x_wconf 55' lang='lat' dir='ltr'><strong>SEguer.</strong></span> <span class='ocrx_word' id='word_1_853' title='bbox 1530 5483 1740 5549; x_wconf 82' lang='lat' dir='ltr'><strong>Anglic.</strong></span> <span class='ocrx_word' id='word_1_854' title='bbox 1767 5483 1961 5553; x_wconf 83' lang='grc' dir='ltr'>Ἀκουε</span> <span class='ocrx_word' id='word_1_855' title='bbox 1977 5482 2087 5553; x_wconf 78' lang='grc' dir='ltr'>γὰρ</span> 
     </span>
    </p>
   </div>
   <div class='ocr_carea' id='block_1_108' title="bbox 2222 5477 3764 5553">
    <p class='ocr_par' dir='ltr' id='par_1_108' title="bbox 2222 5477 3764 5553">
     <span class='ocr_line' id='line_1_109' title="bbox 2222 5477 3764 5553; baseline 0.008 -26"><span class='ocrx_word' id='word_1_856' title='bbox 2222 5477 2309 5532; x_wconf 71' lang='grc' dir='ltr'>ται.</span> <span class='ocrx_word' id='word_1_857' title='bbox 2337 5480 2436 5553; x_wconf 71' lang='grc' dir='ltr'>Διά</span> <span class='ocrx_word' id='word_1_858' title='bbox 2469 5477 2933 5553; x_wconf 15' lang='grc' dir='ltr'>τοῦτοζᾲοιιιῖεείεν</span> <span class='ocrx_word' id='word_1_859' title='bbox 2957 5477 3154 5536; x_wconf 80' lang='lat' dir='ltr'><strong>mediis</strong></span> <span class='ocrx_word' id='word_1_860' title='bbox 3187 5482 3334 5553; x_wconf 77' lang='lat' dir='ltr'><strong>bene</strong></span> <span class='ocrx_word' id='word_1_861' title='bbox 3372 5487 3577 5539; x_wconf 90' lang='lat' dir='ltr'><strong>multis.</strong></span> <span class='ocrx_word' id='word_1_862' title='bbox 3626 5483 3764 5539; x_wconf 91' lang='lat' dir='ltr'><strong>Ibid.</strong></span> 
     </span>
    </p>
   </div>
   <div class='ocr_carea' id='block_1_109' title="bbox 509 5549 2113 5622">
    <p class='ocr_par' dir='ltr' id='par_1_109' title="bbox 509 5549 2075 5622">
     <span class='ocr_line' id='line_1_110' title="bbox 509 5549 2075 5622; baseline 0.011 -23"><span class='ocrx_word' id='word_1_863' title='bbox 509 5549 675 5622; x_wconf 66' lang='grc' dir='ltr'>αὑτοῦ</span> <span class='ocrx_word' id='word_1_864' title='bbox 690 5549 960 5622; x_wconf 78' lang='grc' dir='ltr'>λέγοντος.</span> <span class='ocrx_word' id='word_1_865' title='bbox 983 5555 1131 5616; x_wconf 80' lang='lat' dir='ltr'><strong>Mox,</strong></span> <span class='ocrx_word' id='word_1_866' title='bbox 1147 5549 1279 5622; x_wconf 69' lang='lat' dir='ltr'><strong>Reg.</strong></span> <span class='ocrx_word' id='word_1_867' title='bbox 1299 5549 1458 5622; x_wconf 82' lang='lat' dir='ltr'><strong>quem</strong></span> <span class='ocrx_word' id='word_1_868' title='bbox 1473 5553 1775 5622; x_wconf 84' lang='lat' dir='ltr'><strong>sequimur,</strong></span> <span class='ocrx_word' id='word_1_869' title='bbox 1795 5549 2075 5622; x_wconf 66' lang='grc' dir='ltr'>ἐξέϐησανὶ</span> 
     </span>
    </p>
   </div>
   <div class='ocr_carea' id='block_1_110' title="bbox 2222 5549 3770 5622">
    <p class='ocr_par' dir='ltr' id='par_1_110' title="bbox 2222 5549 3770 5622">
     <span class='ocr_line' id='line_1_111' title="bbox 2222 5549 3770 5622; baseline 0.004 -21"><span class='ocrx_word' id='word_1_870' title='bbox 2222 5554 2325 5622; x_wconf 69' lang='lat' dir='ltr'><strong>leg.</strong></span> <span class='ocrx_word' id='word_1_871' title='bbox 2349 5549 2449 5622; x_wconf 72' lang='grc' dir='ltr'><strong>Διὰ</strong></span> <span class='ocrx_word' id='word_1_872' title='bbox 2466 5549 2577 5622; x_wconf 76' lang='grc' dir='ltr'>γὰρ</span> <span class='ocrx_word' id='word_1_873' title='bbox 2597 5551 2754 5622; x_wconf 75' lang='grc' dir='ltr'>τοῦτο</span> <span class='ocrx_word' id='word_1_874' title='bbox 2779 5551 3148 5622; x_wconf 79' lang='grc' dir='ltr'>ἐπεδήμησεν.</span> <span class='ocrx_word' id='word_1_875' title='bbox 3183 5549 3351 5617; x_wconf 82' lang='lat' dir='ltr'><strong>Infra,</strong></span> <span class='ocrx_word' id='word_1_876' title='bbox 3386 5553 3550 5612; x_wconf 81' lang='lat' dir='ltr'><strong>Basil.</strong></span> <span class='ocrx_word' id='word_1_877' title='bbox 3575 5563 3630 5610; x_wconf 89' lang='lat' dir='ltr'><strong>et</strong></span> <span class='ocrx_word' id='word_1_878' title='bbox 3654 5556 3770 5609; x_wconf 84' lang='lat' dir='ltr'><strong>An-</strong></span> 
     </span>
    </p>
   </div>
   <div class='ocr_carea' id='block_1_111' title="bbox 509 5616 2113 5694">
    <p class='ocr_par' dir='ltr' id='par_1_111' title="bbox 509 5616 1953 5694">
     <span class='ocr_line' id='line_1_112' title="bbox 509 5616 1953 5694; baseline 0.01 -24"><span class='ocrx_word' id='word_1_879' title='bbox 509 5616 702 5694; x_wconf 50' lang='grc' dir='ltr'><strong>Βαζιθῄιὶ</strong></span> <span class='ocrx_word' id='word_1_880' title='bbox 733 5616 1567 5694; x_wconf 14' lang='grc' dir='ltr'>νειογθιΑοόὶιίζέξὲϐλῆθησανξ</span> <span class='ocrx_word' id='word_1_881' title='bbox 1655 5616 1794 5694; x_wconf 44' lang='grc' dir='ltr'><strong>υς</strong></span> <span class='ocrx_word' id='word_1_882' title='bbox 1836 5616 1850 5620; x_wconf 39' lang='grc'><strong>⁷</strong></span> <span class='ocrx_word' id='word_1_883' title='bbox 1941 5616 1953 5622; x_wconf 46' lang='grc'>⁷</span> 
     </span>
    </p>
   </div>
   <div class='ocr_carea' id='block_1_112' title="bbox 2222 5616 3548 5694">
    <p class='ocr_par' dir='ltr' id='par_1_112' title="bbox 2225 5616 3548 5694">
     <span class='ocr_line' id='line_1_113' title="bbox 2225 5616 3548 5694; baseline -0.002 0"><span class='ocrx_word' id='word_1_884' title='bbox 2225 5616 2556 5694; x_wconf 54' lang='lat' dir='ltr'><strong>&quot;si-ﬁmus</strong></span> <span class='ocrx_word' id='word_1_885' title='bbox 2583 5619 2644 5694; x_wconf 68' lang='grc' dir='ltr'>τὸ</span> <span class='ocrx_word' id='word_1_886' title='bbox 2672 5616 3038 5694; x_wconf 42' lang='lat' dir='ltr'><strong>“messis?-</strong></span> <span class='ocrx_word' id='word_1_887' title='bbox 3243 5689 3286 5694; x_wconf 82' lang='lat'><strong><em>_</em></strong></span> <span class='ocrx_word' id='word_1_888' title='bbox 3323 5616 3344 5694; x_wconf 33' lang='grc' dir='ltr'>,ί</span> <span class='ocrx_word' id='word_1_889' title='bbox 3544 5658 3548 5667; x_wconf 83' lang='grc'><strong>·</strong></span> 
     </span>
    </p>
   </div>
   <div class='ocr_carea' id='block_1_113' title="bbox 581 5688 3762 5764">
    <p class='ocr_par' dir='ltr' id='par_1_113' title="bbox 581 5688 3762 5764">
     <span class='ocr_line' id='line_1_114' title="bbox 581 5688 3762 5764; baseline 0.002 -23"><span class='ocrx_word' id='word_1_890' title='bbox 581 5688 698 5764; x_wconf 54' lang='lat'><strong>(661</strong></span> <span class='ocrx_word' id='word_1_891' title='bbox 733 5689 808 5764; x_wconf 74' lang='lat' dir='ltr'><strong>Ita</strong></span> <span class='ocrx_word' id='word_1_892' title='bbox 858 5691 1077 5764; x_wconf 64' lang='lat' dir='ltr'><strong>llegius,</strong></span> <span class='ocrx_word' id='word_1_893' title='bbox 1127 5688 1357 5764; x_wconf 60' lang='lat' dir='ltr'><strong>Seguer.</strong></span> <span class='ocrx_word' id='word_1_894' title='bbox 1397 5688 1799 5764; x_wconf 78' lang='lat' dir='ltr'><strong>Anglic.___Editi</strong></span> <span class='ocrx_word' id='word_1_895' title='bbox 1839 5706 1990 5756; x_wconf 88' lang='lat' dir='ltr'><strong>vero,</strong></span> <span class='ocrx_word' id='word_1_896' title='bbox 2024 5695 2076 5744; x_wconf 76' lang='lat' dir='ltr'><strong>ot</strong></span> <span class='ocrx_word' id='word_1_897' title='bbox 2258 5689 2367 5757; x_wconf 81' lang='grc'><strong>(70)</strong></span> <span class='ocrx_word' id='word_1_898' title='bbox 2411 5688 2718 5764; x_wconf 54' lang='grc' dir='ltr'>Ι“ᾀρ“ῥεθει</span> <span class='ocrx_word' id='word_1_899' title='bbox 2752 5691 2837 5764; x_wconf 71' lang='grc' dir='ltr'><strong>Δἱιι</strong></span> <span class='ocrx_word' id='word_1_900' title='bbox 2862 5688 3107 5764; x_wconf 47' lang='lat' dir='ltr'><strong>&#39;gobler.</strong></span> <span class='ocrx_word' id='word_1_901' title='bbox 3149 5698 3206 5746; x_wconf 82' lang='lat' dir='ltr'><strong>et</strong></span> <span class='ocrx_word' id='word_1_902' title='bbox 3243 5689 3390 5764; x_wconf 80' lang='lat' dir='ltr'><strong>Felc.</strong></span> <span class='ocrx_word' id='word_1_903' title='bbox 3435 5694 3485 5749; x_wconf 94' lang='grc'><strong>1.</strong></span> <span class='ocrx_word' id='word_1_904' title='bbox 3534 5691 3665 5747; x_wconf 89' lang='lat' dir='ltr'><strong>lhid.</strong></span> <span class='ocrx_word' id='word_1_905' title='bbox 3705 5694 3762 5754; x_wconf 70' lang='grc'>4,</span> 
     </span>
    </p>
   </div>
   <div class='ocr_carea' id='block_1_114' title="bbox 506 5755 2113 5834">
    <p class='ocr_par' dir='ltr' id='par_1_114' title="bbox 506 5755 2035 5834">
     <span class='ocr_line' id='line_1_115' title="bbox 506 5755 2035 5834; baseline 0.007 -24"><span class='ocrx_word' id='word_1_906' title='bbox 506 5755 979 5834; x_wconf 52' lang='grc' dir='ltr'>ἅγιοιάπόστολοὶ,</span> <span class='ocrx_word' id='word_1_907' title='bbox 1008 5755 1227 5834; x_wconf 57' lang='grc' dir='ltr'>οῖτινεςξ</span> <span class='ocrx_word' id='word_1_908' title='bbox 1253 5755 1718 5834; x_wconf 71' lang='lat' dir='ltr'><strong>omissis:tuediis.</strong></span> <span class='ocrx_word' id='word_1_909' title='bbox 1818 5830 1859 5834; x_wconf 96' lang='lat'>_</span> <span class='ocrx_word' id='word_1_910' title='bbox 1895 5832 1906 5834; x_wconf 29' lang='grc' dir='ltr'><strong><em>Α</em></strong></span> <span class='ocrx_word' id='word_1_911' title='bbox 1980 5755 1984 5756; x_wconf 14' lang='grc' dir='ltr'><strong>ί</strong></span> <span class='ocrx_word' id='word_1_912' title='bbox 2026 5833 2035 5834; x_wconf 17' lang='grc' dir='ltr'>ί</span> 
     </span>
    </p>
   </div>
   <div class='ocr_carea' id='block_1_115' title="bbox 2222 5755 3725 5834">
    <p class='ocr_par' dir='ltr' id='par_1_115' title="bbox 2222 5755 3725 5834">
     <span class='ocr_line' id='line_1_116' title="bbox 2222 5755 3725 5834; baseline 0.005 -23"><span class='ocrx_word' id='word_1_913' title='bbox 2222 5755 2471 5834; x_wconf 41' lang='grc' dir='ltr'>ιεεηπερὶ</span> <span class='ocrx_word' id='word_1_914' title='bbox 2489 5755 2594 5814; x_wconf 82' lang='grc' dir='ltr'>’τοῦ</span> <span class='ocrx_word' id='word_1_915' title='bbox 2623 5759 2848 5832; x_wconf 84' lang='grc' dir='ltr'>Κυρίου.</span> <span class='ocrx_word' id='word_1_916' title='bbox 2873 5759 3069 5815; x_wconf 72' lang='lat' dir='ltr'><strong>Caateri</strong></span> <span class='ocrx_word' id='word_1_917' title='bbox 3092 5777 3226 5834; x_wconf 13' lang='lat' dir='ltr'><strong>cum,</strong></span> <span class='ocrx_word' id='word_1_918' title='bbox 3254 5761 3438 5834; x_wconf 59' lang='lat' dir='ltr'><strong>editis,</strong></span> <span class='ocrx_word' id='word_1_919' title='bbox 3475 5766 3602 5834; x_wconf 86' lang='grc' dir='ltr'><strong>περί</strong></span> <span class='ocrx_word' id='word_1_920' title='bbox 3633 5765 3725 5818; x_wconf 77' lang='grc' dir='ltr'>τού</span> 
     </span>
    </p>
   </div>
   <div class='ocr_carea' id='block_1_116' title="bbox 579 5827 2113 5904">
    <p class='ocr_par' dir='ltr' id='par_1_116' title="bbox 579 5827 2070 5901">
     <span class='ocr_line' id='line_1_117' title="bbox 579 5827 2070 5901; baseline 0.004 -20"><span class='ocrx_word' id='word_1_921' title='bbox 579 5827 690 5900; x_wconf 79' lang='lat'><strong>(67)</strong></span> <span class='ocrx_word' id='word_1_922' title='bbox 731 5831 1144 5901; x_wconf 84' lang='grc' dir='ltr'>Προειρημένον.</span> <span class='ocrx_word' id='word_1_923' title='bbox 1178 5832 1332 5887; x_wconf 67' lang='lat' dir='ltr'><strong>deest</strong></span> <span class='ocrx_word' id='word_1_924' title='bbox 1377 5834 1434 5888; x_wconf 91' lang='lat' dir='ltr'><strong>in</strong></span> <span class='ocrx_word' id='word_1_925' title='bbox 1472 5831 1690 5887; x_wconf 84' lang='lat' dir='ltr'><strong>Gobler.</strong></span> <span class='ocrx_word' id='word_1_926' title='bbox 1728 5839 1784 5888; x_wconf 79' lang='lat' dir='ltr'><strong>et</strong></span> <span class='ocrx_word' id='word_1_927' title='bbox 1818 5830 1966 5888; x_wconf 80' lang='lat' dir='ltr'><strong>Felc.</strong></span> <span class='ocrx_word' id='word_1_928' title='bbox 2018 5833 2070 5896; x_wconf 88' lang='grc'><strong>1,</strong></span> 
     </span>
    </p>
   </div>
   <div class='ocr_carea' id='block_1_117' title="bbox 2222 5827 3617 5904">
    <p class='ocr_par' dir='ltr' id='par_1_117' title="bbox 2222 5827 3617 5904">
     <span class='ocr_line' id='line_1_118' title="bbox 2222 5827 3617 5904; baseline 0.004 -21"><span class='ocrx_word' id='word_1_929' title='bbox 2222 5846 2295 5884; x_wconf 81' lang='grc' dir='ltr'><strong>ου.</strong></span> <span class='ocrx_word' id='word_1_930' title='bbox 2321 5827 2525 5886; x_wconf 82' lang='lat' dir='ltr'><strong>Ibidem</strong></span> <span class='ocrx_word' id='word_1_931' title='bbox 2559 5827 2749 5886; x_wconf 73' lang='lat' dir='ltr'><strong>omnes</strong></span> <span class='ocrx_word' id='word_1_932' title='bbox 2775 5845 2912 5900; x_wconf 87' lang='lat' dir='ltr'><strong>pene</strong></span> <span class='ocrx_word' id='word_1_933' title='bbox 2933 5846 3065 5887; x_wconf 85' lang='lat' dir='ltr'><strong>mss.</strong></span> <span class='ocrx_word' id='word_1_934' title='bbox 3095 5833 3280 5902; x_wconf 84' lang='grc' dir='ltr'>φησίν.</span> <span class='ocrx_word' id='word_1_935' title='bbox 3305 5827 3470 5900; x_wconf 86' lang='lat' dir='ltr'><strong>Editi,</strong></span> <span class='ocrx_word' id='word_1_936' title='bbox 3494 5827 3617 5904; x_wconf 71' lang='grc' dir='ltr'>ἔφη.</span> 
     </span>
    </p>
   </div>
   <div class='ocr_carea' id='block_1_118' title="bbox 1470 6073 1505 6106">
    <p class='ocr_par' dir='ltr' id='par_1_118' title="bbox 1470 6073 1505 6106">
     <span class='ocr_line' id='line_1_119' title="bbox 1470 6073 1505 6106; baseline 0 0"><span class='ocrx_word' id='word_1_937' title='bbox 1470 6073 1505 6106; x_wconf 65' lang='grc' dir='ltr'><strong>Β</strong></span> 
     </span>
    </p>
   </div>
  </div>
