4048 6406
285 391 361 447 {77
1328 399 1399 454 1N
1438 400 1665 468 ILLUD,
1707 401 2048 459 PROFECTI
2083 402 2152 459 ΙΝ
2192 401 2455 460 PAGUM.

3447 410 3555 469 17o

282 508 427 580 Θῆναι,
456 509 586 563 ἀλλ’
616 513 685 566 ἐν
719 512 890 588 κώμῃ
910 513 989 568 ἑτι
1014 513 1276 586 διατρῐδει
1307 517 1336 569 6
1366 517 1625 582 τοιοῦτος.
1670 519 1743 572 Τὸ
1765 519 1867 592 γὰρ

1976 521 2205 586 habitat,
2251 536 2363 577 non
2397 528 2549 576 recto
2578 520 2703 576 vitae
2733 522 3008 587 instituto,
3051 538 3159 578 non
3194 533 3375 579 mente
3412 525 3554 581 duce

284 601 507 673 φρόνημα
535 604 650 667 τῆς
687 605 903 676 σαρκὸς
932 604 1097 677 ἔχθρα
1120 606 1231 675 (71)
1259 608 1339 670 είς
1368 607 1502 661 Θεόν
1530 611 1697 664 ἐστιν.
1721 610 1870 664 Είδέ-

282 711 347 746 ναι
375 691 468 748 οὖν
498 696 613 761 δεῖ,
660 697 754 750 ὃτι
800 700 831 752 6
872 695 1062 768 κώμην
1090 698 1254 753 οἰκῶν
1299 699 1360 752 οὐ
1417 700 1756 756 πολιτεύεται
1798 705 1865 775 τῇ

280 783 416 855 ψυχῇ,
450 785 516 838 οὐ
566 791 898 860 στρατηγεῖ
939 791 1001 860 τῇ
1041 788 1255 861 γνώμῃ,
1302 790 1402 843 οὐκ
1444 791 1600 862 ἄρχει
1648 791 1865 844 ἐαυτοῦ·

283 877 464 941 πόλεως
512 878 635 951 γὰρ
695 880 952 952 μεγάλης
983 880 1088 934 ῐδια
1130 881 1323 935 ταῦτα.
1351 882 1483 935 Ὅτε
1528 881 1637 952 γάρ
1678 899 1763 944 τις
1810 882 1867 934 ἐν

284 972 425 1041 ἀρετῇ
450 969 856 1042 πολιτεύηται,
885 974 977 1027 καὶ
1002 975 1351 1045 σωφροσύνην
1375 974 1749 1045 στρατηγήσῃ,
1774 974 1867 1028 καὶ

288 1061 452 1130 σοιρίαν
490 1061 901 1136 βουλεύσηται,
930 1064 1023 1117 καὶ
1064 1065 1386 1136 ἐγκρατείας
1414 1063 1572 1137 ἄρξῃ,
1607 1064 1728 1116 τότε
1757 1063 1865 1118 τῶν

287 1154 429 1221 ἁγίων
459 1154 727 1226 μιμητὴς
766 1158 1078 1227 γενήσεται.
1116 1157 1180 1208 Οἱ
1218 1156 1327 1227 γὰρ
1358 1155 1505 1223 ἆγιοι
1528 1155 1628 1208 οὐκ
1653 1153 1866 1224 ἔχουσιν

288 1238 371 1299 ὧδε
399 1246 685 1315 μένουσαν
720 1247 907 1313 πόλιν,
928 1247 1073 1313 ἀλλ’,
1110 1247 1187 1311 ὡς
1219 1250 1504 1320 προεῖπον,
1528 1246 1627 1318 τὴν
1646 1246 1867 1318 μέλλου-

290 1352 371 1389 σαν
398 1338 789 1408 ἐπιζητοῦσιν,
821 1334 892 1411 ἧς
914 1339 1163 1410 τεχνίτης
1180 1339 1277 1393 καὶ
1301 1338 1629 1410 δημιουργὸς
1651 1339 1680 1390 6
1710 1336 1863 1400 Θεός.

291 1430 467 1482 ’Δκουε
504 1430 619 1502 γὰρ
649 1431 754 1484 τοῦ
794 1432 1115 1486 ’Δποστόλου
1136 1430 1382 1500 λέγοντος
1401 1448 1414 1460 ·
1441 1450 1459 1481 ι
1482 1430 1606 1483 Ἐπὶ
1634 1430 1731 1499 τῆς
1762 1429 1866 1498 γῆς

287 1520 732 1590 περιπατοῦντες,
772 1525 834 1576 ἐν
873 1523 1120 1593 οὐρανοῖς
1140 1523 1203 1575 τὸ
1232 1521 1531 1590 πολίτευμα
1555 1519 1768 1590 ἔχωμεν
1795 1536 1808 1549 ·
1842 1538 1861 1571 ι

284 1612 381 1673 καὶ,
408 1630 426 1662 ι
449 1612 646 1682 Ἡμῶν
672 1613 735 1666 δὲ
751 1614 817 1666 τὸ
836 1614 1132 1684 πολίτευμα
1172 1615 1229 1668 ἐν
1266 1612 1479 1684 οὐρανῷ
1506 1612 1817 1684 ὑπαρχέτω,
1843 1629 1866 1662 ι

1976 612 2078 676 uti,
2116 629 2225 668 non
2254 613 2356 668 sibi
2390 613 2663 682 imperare
2696 613 2852 669 :htec
2880 615 3025 670 enim
3078 630 3287 683 magnae
3311 616 3550 672 civitatis

1974 713 2105 760 sunt
2156 705 2397 775 propria.
2455 703 2592 759 Nam
2647 705 2741 760 ubi
2796 706 2920 777 quis
2959 705 3015 760 in
3050 705 3252 763 virtute
3279 706 3447 777 degit,
3482 721 3553 762 ex

1972 795 2276 866 prudentia:
2324 795 2493 851 ductu
2540 797 2671 867 agit,
2709 799 2986 869 sapienter
3044 800 3303 866 consulit,
3343 810 3552 869 tempe-

1972 896 2160 942 ranter
2185 887 2436 955 imperat,
2457 897 2588 942 tunc
2617 898 2932 944 sanctorum
2962 900 3044 947 est
3071 892 3334 946 imitator.
3362 889 3550 946 Sancti

1973 974 2176 1043 quippe
2225 988 2337 1028 non
2386 974 2588 1030 habent
2614 975 2705 1032 hic
2739 988 3052 1034 manentem
3090 980 3394 1036 civitatem:
3429 980 3548 1044 sed,

1972 1067 2050 1122 uti
2082 1083 2247 1138 supra
2282 1067 2417 1133 dixi,
2449 1068 2687 1124 futuram
2732 1074 3041 1144 requirunt,
3078 1075 3238 1146 cujus
3265 1075 3449 1146 opifex
3496 1082 3550 1130 et

1971 1157 2225 1212 conditor
2242 1156 2384 1214 Deus
2401 1168 2504 1215 est.
2534 1160 2675 1215 Audi
2705 1162 2849 1216 enim
2888 1164 3211 1234 Apostolum
3233 1185 3246 1221 :
3272 1184 3291 1218 ι
3314 1165 3375 1219 In
3404 1172 3552 1222 terra

1970 1245 2315 1301 ambulantes
2329 1250 2798 1306 conversationem
2816 1251 2871 1305 in
2888 1254 3042 1309 caelis
3072 1254 3370 1310 habeamus
3391 1272 3405 1321 ;
3432 1274 3451 1306 ι
3470 1264 3546 1318 ct,

1976 1354 1995 1387 ι
2019 1334 2219 1392 Nostra
2234 1340 2579 1396 conversatio
2616 1342 2672 1396 in
2700 1343 2853 1398 caelis
2873 1344 2945 1400 sit
2966 1345 3057 1409 ⁸⁸⁸,
3088 1345 3226 1417 »58
3240 1347 3442 1403 dilecti.
3463 1345 3551 1401 Si-

1970 1431 2197 1498 gniticat
2224 1431 2372 1485 enim
2401 1432 2697 1501 Apostolus
2721 1435 2807 1491 his
2836 1437 3041 1501 verbis,
3066 1455 3083 1488 ι
3105 1437 3166 1492 ln
3183 1450 3326 1494 terra
3357 1439 3550 1494 ambu-

1976 1523 2206 1589 lantes,»
2246 1523 2553 1591 profectum
2577 1524 2902 1596 lucrumque
2927 1526 3171 1582 futurum
3203 1528 3272 1584 iis
3301 1528 3393 1598 qui
3427 1536 3553 1598 post

1976 1611 2119 1667 hanc
2147 1611 2314 1666 vitam
2352 1612 2409 1666 in
2440 1614 2596 1669 caelis
2615 1613 2911 1670 babitaturi
2943 1626 3089 1673 sunt.

281 1702 556 1773 ἀγαπητοί.
574 1704 849 1774 Σημαίνει
881 1705 988 1777 γὰρ
1018 1706 1049 1757 6
1072 1706 1225 1774 ἅγιος
1262 1710 1579 1773 Ἀπόστολος
1600 1708 1686 1763 διὰ
1721 1708 1836 1771 τοῦ,
1873 1727 1890 1760 ι
1912 1708 2037 1762 Ἐπὶ
2063 1708 2166 1779 γῆς
2194 1707 2638 1778 περιπατοῦντες,
2663 1730 2682 1761 ι
2702 1711 2800 1781 τὴν
2818 1713 3096 1783 προκοπὴν
3128 1712 3227 1767 τὴν
3254 1711 3555 1784 νενησομέ.

280 1812 364 1865 νην
392 1796 503 1867 (72)
531 1800 654 1859 τοῖς
702 1797 849 1868 μετὰ
867 1798 937 1851 τὰ
975 1799 1158 1852 ἐνθάδε
1208 1803 1266 1854 ἐν
1328 1802 1576 1873 οὐρανοῖς
1614 1800 1987 1855 πολιτεύεσθαι
2023 1800 2325 1872 μέλλουσιν.

342 1912 390 1966 5.
418 1912 803 1981 Πορευθέντες
832 1904 928 1963 οὖν
956 1911 1004 1963 οἱ
1037 1911 1294 1982 μαθηταὶ,
1318 1911 1514 1965 ἔλυσαν
1535 1912 1626 1964 τὸν
1652 1912 1828 1965 πῶλον
1849 1928 1863 1943 ·

2040 1912 2094 1967 5.
2149 1909 2388 1966 Profecti
2448 1914 2614 1985 igitur
2668 1915 2945 1985 discipuli,
2982 1916 3189 1985 pullum
3236 1916 3554 1983 solverunt:

284 2003 528 2074 μαθητῶν
562 2002 681 2073 γὰρ
710 2001 879 2072 ἔργον
912 2003 1028 2055 ἐστὶ
1064 2002 1124 2054 τὸ
1151 2002 1310 2055 λῦσαι
1334 2003 1424 2055 τὸν
1451 2002 1627 2054 πῶλον
1656 2001 1863 2064 τοῦτον,

280 2097 363 2149 καὶ
391 2095 660 2166 μαθητῶν
683 2093 1008 2164 δυναμένων
1039 2093 1147 2163 (75)
1179 2098 1350 2147 ποιεῖν
1376 2094 1447 2147 τὰ
1477 2095 1579 2147 ὐπὸ
1601 2092 1694 2147 τοῦ
1717 2093 1864 2147 διδαο

282 2187 465 2240 σκαλου
511 2185 823 2256 λεγόμενα.
871 2184 1064 2238 Πολλοὶ
1112 2184 1220 2256 γὰρ
1266 2184 1549 2248 δοκοῦντες
1597 2181 1735 2237 εἶναι
1770 2181 1865 2236 τοῦ

290 2277 453 2349 Ἰησοῦ
505 2277 795 2349 μαθηταὶ,
829 2277 931 2346 οὐχ
974 2277 1120 2339 ὅπως
1151 2275 1221 2329 τὰ
1266 2277 1356 2330 ὑπ’
1395 2276 1562 2330 αὐτοῦ
1602 2276 1867 2345 λεγόμενα

280 2370 533 2431 ποιοῦσιν,
569 2368 717 2422 ἀλλὰ
761 2368 859 2421 καὶ
888 2366 1294 2421 ἐπιϐουλεύουσι
1323 2368 1402 2438 τῷ
1446 2366 1765 2437 διδασκάλῳ,
1792 2366 1868 2430 ὼς

278 2465 304 2517 6
328 2460 645 2534 τρισάθλιος
679 2461 778 2513 καὶ
824 2459 937 2530 (74)
969 2458 1233 2529 προδότης
1274 2458 1497 2521 Ἰούδας.
1545 2458 1781 2528 Πηλίκος
1811 2456 1867 2510 δέ

280 2555 415 2608 ἐστιν
446 2555 475 2606 6
511 2552 705 2615 πῶλος
745 2544 929 2614 οὗτος,
963 2550 1256 2619 ἀγαπητοὶ,
1298 2549 1375 2613 ὡς
1424 2548 1499 2621 μὴ
1531 2548 1627 2602 ἕνα
1682 2548 1869 2619 κύριον

281 2644 428 2713 εχειν,
460 2641 605 2695 ἀλλὰ
650 2639 893 2702 πολλούς
929 2639 1073 2710 (75);
1111 2635 1276 2692 Εἶπον
1312 2639 1421 2710 γὰρ
1455 2639 1590 2711 πρὸς
1621 2640 1747 2702 τοὺς
1776 2656 1872 2709 μα-

284 2733 435 2807 θητὰς
480 2735 535 2788 οί
583 2732 776 2805 κύριοι
821 2730 919 2784 τοῦ
962 2729 1180 2784 πῶλον
1214 2730 1281 2782 Τί
1324 2728 1481 2782 λύετε
1530 2730 1623 2783 τὸν
1660 2729 1868 2793 πῶλονς

281 2824 412 2898 τΑριι
448 2829 500 2880 εί
529 2821 605 2896 ἦν
650 2823 917 2895 αἰσθητὸς
955 2823 983 2874 6
1014 2820 1190 2885 πῶλος
1227 2815 1401 2885 οὗτος,
1445 2822 1545 2875 οὐκ
1585 2822 1741 2892 ἤρκει
1776 2820 1872 2875 Eva

282 2921 452 2989 κύριον
494 2916 662 2989 αὐτῷ
695 2913 1214 2985 παρακαθέζεσθαι;
1258 2913 1352 2967 νῦν
1390 2914 1448 2967 δέ
1482 2913 1666 2967 πολλοὶ
1706 2914 1871 2968 αὐτοῦ

280 3013 372 3064 εἰσι
398 3009 584 3082 κύριοι
626 3006 778 3061 κατὰ
812 3007 877 3060 τὸ
897 3005 1249 3074 Εὐαγγέλιον.
1305 3000 1476 3060 Εἶπον
1509 3005 1639 3078 γὰρ,
1686 3008 1870 3078 φησὶν,

278 3102 319 3154 οξ
349 3100 529 3171 κύριοι
572 3097 752 3152 αὐτοῦ
789 3096 931 3168 πρὸς
960 3097 1085 3160 τοὺς
1131 3096 1411 3167 μαθητάςσ
1449 3116 1467 3149 ι
1503 3098 1567 3150 Τί
1594 3098 1748 3153 λύετε
1781 3098 1873 3152 τὸν

279 3191 442 3245 πῶλον
465 3207 481 3256 ;
521 3210 543 3243 ι
586 3190 762 3250 ¹ἰσως
790 3186 904 3258 γὰρ
928 3184 1113 3258 ἐροῦσι
1142 3188 1277 3258 πρὸς
1300 3185 1527 3251 αὐτούς*
1552 3188 1662 3259 Οὐχ
1685 3188 1870 3260 ὁρᾶτε,

1975 2002 2370 2071 discipulorum
2397 2003 2600 2074 quippe
2630 2019 2769 2075 opus
2789 2012 2893 2069 est,
2915 2006 3060 2060 hunc
3085 2005 3297 2061 solvere
3316 2006 3553 2075 pullum;

1969 2094 2080 2147 imo
2134 2093 2530 2164 discipulorum
2586 2096 2681 2166 qui
2711 2112 2774 2151 ea
2809 2104 3073 2166 praestare
3115 2105 3348 2165 possunt
3377 2113 3498 2167 quae
3522 2113 3556 2152 a

1975 2185 2244 2255 magistro
2284 2187 2567 2256 jubentur.
2599 2189 2751 2243 Multi
2782 2204 3019 2259 namque
3051 2189 3144 2259 qui
3186 2189 3557 2245 videnturdi-

1967 2277 2167 2347 scipuli
2199 2292 2322 2333 esse
2343 2275 2497 2342 Jesu,
2526 2294 2635 2333 non
2670 2279 2834 2333 modo
2866 2293 2928 2333 ea
2962 2293 3073 2333 non
3104 2279 3312 2333 faciunt
3341 2295 3465 2348 quae
3487 2281 3555 2334 ab

1967 2366 2089 2437 ipso
2118 2365 2411 2436 jubentur;
2442 2368 2540 2423 sed
2581 2369 2747 2423 etiam
2778 2368 3044 2439 magistro
3076 2368 3308 2425 insidias
3335 2376 3551 2439 parant,

1972 2462 2033 2509 ut
2067 2457 2511 2527 improbissimus
2540 2465 2594 2514 et
2624 2458 2856 2513 traditor
2886 2457 3079 2515 Judas.
3110 2458 3360 2525 Quantus
3387 2475 3553 2530 porro

1969 2560 2054 2604 est
2108 2550 2212 2605 iste
2260 2551 2464 2621 pullus,
2511 2550 2716 2619 dilecti,
2752 2552 2846 2622 qui
2886 2567 2995 2608 non
3028 2567 3197 2607 unum
3243 2553 3550 2618 dominum,

1971 2639 2069 2696 sed
2119 2641 2323 2697 multos
2371 2641 2603 2697 habeat?
2648 2640 2845 2697 Dixere
2871 2657 3108 2711 namque
3150 2642 3219 2697 ad
3249 2643 3554 2713 discipulos

1973 2732 2104 2803 pulli
2149 2732 2355 2787 domini
2390 2753 2402 2787 :
2434 2732 2615 2798 Quare
2643 2734 2857 2789 solvitis
2890 2736 3138 2805 pullum?
3171 2733 3229 2790 Si
3275 2735 3552 2792 sensibilis

1973 2821 2155 2890 pullus
2175 2833 2343 2885 esset,
2384 2838 2565 2878 annon
2597 2824 2866 2880 sufﬁceret
2896 2825 2945 2878 ei
2976 2840 3146 2879 unum
3179 2824 3423 2881 assidere
3452 2823 3553 2877 do.

1974 2912 2222 2968 minum?
2271 2913 2386 2982 jam
2439 2929 2571 2969 vero
2614 2914 2772 2983 juxta
2804 2914 3178 2985 Evangelium,
3222 2917 3380 2970 multi
3431 2916 3552 2986 ejus

1974 3005 2180 3059 domini
2212 3014 2361 3060 sunt.
2395 3003 2662 3060 Dixerunt
2705 3008 2875 3073 enim,
2910 3008 3005 3068 ait,
3053 3007 3261 3063 domini
3292 3009 3437 3077 ejus,
3467 3009 3553 3063 di-

1976 3095 2244 3166 scipulis:
2287 3114 2306 3147 ι
2350 3095 2457 3151 Cur
2509 3097 2721 3153 solvitis
2777 3098 3084 3168 pullum“?
3126 3119 3145 3151 ι
3198 3098 3264 3154 Et
3298 3100 3552 3157 fortassis

1978 3185 2132 3241 aiunt
2163 3186 2271 3244 illis
2302 3206 2314 3241 :
2345 3186 2537 3243 Nonne
2587 3188 2782 3244 videtis
2834 3196 2967 3258 quot
3017 3188 3121 3259 ipsi
3175 3191 3555 3249 assideamus?

276 3285 418 3337 πόσοι
459 3281 622 3353 αὐτῷ
661 3276 1208 3352 παρακαθεζόμεθα;
1251 3277 1369 3342 πῶς
1399 3278 1683 3350 δεδεμένος
1716 3279 1866 3345 ἐστί;

1972 3277 2431 3348 quemadmodum
2490 3279 2688 3348 ligatus
2751 3280 2864 3336 sit?
2937 3280 3213 3350 quomodo
3269 3292 3553 3339 teneamus

275 3378 381 3440 πῶς
426 3377 769 3445 ἐσχήκαμεν
820 3371 986 3427 αὐτὸν
1033 3371 1275 3436 ἕκδοτονς
1323 3371 1378 3424 τί
1436 3374 1716 3426 ἀποσπᾶτε
1775 3373 1871 3442 ἀφ’

271 3470 414 3538 ἡμῶν
450 3468 557 3536 τὴν
589 3463 869 3536 ἐργασίαν
894 3461 1087 3534 ἡμῶν;
1130 3448 1195 3514 Τί
1232 3461 1387 3516 λύετε
1418 3462 1518 3534 τὴν
1547 3464 1871 3535 προσδοκίαν

272 3558 450 3628 ήμῶνς
490 3557 625 3609 Ἐτι
677 3547 840 3615 οὗτος
881 3554 1015 3623 ἡμῖν
1063 3551 1469 3618 ὑπολέλειπται,
1541 3555 1634 3607 καὶ
1680 3554 1868 3609 τούτου

268 3652 404 3722 ἡμᾶς
430 3648 765 3717 ἀποστῆσαι
801 3646 917 3714 (76)
946 3642 1227 3714 βούλεσθε;
1268 3643 1392 3699 Ἐὰν
1426 3637 1580 3708 οὗτος
1608 3645 1739 3716 λυθῇ
1763 3646 1870 3699 ἀπὸ

268 3744 366 3797 τῶν
401 3741 664 3815 δεσμῶν,
705 3740 874 3810 ἡμεῖς
918 3737 1033 3789 ἀντ’
1078 3734 1242 3788 αὐτοῦ
1279 3734 1674 3807 δεσμευόμεθα.
1717 3734 1872 3804 Ἐφο-

266 3834 448 3888 6οῦντο
485 3829 801 3901 τοιγαροῦν
826 3829 878 3879 οί
914 3825 1180 3897 ἀλιτήριοι
1206 3825 1316 3895 (77)
1344 3826 1615 3897 δαίμονες,
1639 3825 1871 3897 ὁρῶντες

263 3925 516 3997 λυόμενον
548 3923 650 3976 τὸν
680 3919 867 3973 πῶλον
896 3936 909 3949 ·
945 3916 1304 3989 ἐταράσσοντο
1326 3918 1381 3969 ἐν
1406 3918 1627 3980 ἑαυταῖς
1652 3918 1707 3969 αἱ
1732 3918 1871 3969 ἀντι-

263 4020 507 4089 κεῖμεναι
538 4015 835 4084 δυνάμεις,
868 4011 1072 4073 αἵτινες
1092 4007 1519 4081 ῂχμαλώτευσαν
1544 4012 1709 4081 ἡμᾶς.
1731 4009 1866 4062 Ἀλλ’

264 4111 343 4162 ὅτε
373 4111 745 4179 ἐπεδήμησεν
768 4104 799 4156 6
829 4104 1040 4174 Κύριος
1064 4100 1217 4172 ἡμῶν
1253 4102 1460 4173 Ἰησοῦς
1499 4103 1751 4172 Χριστὸς.
1776 4101 1869 4153 καὶ

266 4204 586 4272 ἐπέγνωσαν
616 4198 790 4253 αὐτοῦ
824 4195 927 4266 τὴν
963 4194 1283 4264 παρουσίαν,
1312 4192 1675 4265 ἐφοϐήθησαν,
1707 4193 1869 4246 ἀκούω

269 4312 451 4357 σαντες
466 4292 645 4348 αὐτοῦ
674 4291 814 4362 πρὸς
842 4289 978 4350 τοὺς
1001 4284 1243 4356 μαθητὰς
1265 4285 1537 4353 λέγοντος·
1560 4303 1580 4336 ι
1604 4285 1733 4337 Ἰδοὺ
1754 4286 1865 4352 (78)

269 4385 467 4438 δέδωκα
494 4387 633 4454 ὑμῖν
668 4380 928 4445 ἐξουσίαν
960 4379 1153 4430 πατεῖν
1184 4377 1366 4431 ἐπάνω
1389 4376 1567 4446 ὄφεων
1592 4375 1685 4429 καὶ
1716 4392 1869 4445 σκορ-

274 4479 423 4540 πίων,
449 4479 549 4530 καὶ
578 4475 677 4527 ἐπὶ
708 4475 897 4526 πᾶσαν
915 4470 1017 4540 τὴν
1040 4468 1266 4539 δύναμιν
1291 4466 1385 4521 τοῦ
1413 4466 1633 4537 ἐχθροῦ.
1660 4486 1679 4518 ›
1712 4467 1868 4534 Ἐφοο

278 4567 513 4639 6ήθησαν
560 4564 941 4624 ἀκούσαντες-ο
1006 4578 1024 4610 ι
1068 4559 1429 4632 Πορευθέντες
1492 4557 1865 4630 μαθητεύσατε

283 4659 447 4712 πάντα
493 4659 565 4712 τὰ
618 4655 774 4724 ἔθνη,
830 4652 1186 4723 βαπτίζοντες
1237 4652 1433 4715 αὐτοὺς
1480 4653 1558 4714 είς
1590 4651 1652 4704 τὸ
1695 4650 1863 4719 ὖνομα

284 4750 369 4802 τοῦ
388 4752 622 4821 nam,
653 4748 753 4802 καὶ
778 4744 878 4799 τοῦ
912 4743 1066 4807 Υἱοῦ,
1089 4743 1294 4797 καὶτοῦ
1316 4744 1470 4812 ἁγίου
1492 4745 1824 4814 Πνεύματος,
1841 4762 1859 4793 ι

295 4841 665 4913 ἐφοϐήθησαν
712 4838 790 4910 μὴ
827 4832 987 4899 οὗτός
1025 4835 1171 4888 ἐστιν
1204 4837 1233 4887 6
1260 4835 1322 4888 τὸ
1359 4835 1547 4898 σκότος
1580 4833 1861 4905 καταλάμ-

288 4947 426 4983 πων
450 4934 693 5002 ἧκουσαν
733 4928 848 5000 γὰρ
880 4924 980 4979 τοῦ
1021 4926 1300 4997 προφήτου
1325 4923 1575 4993 λέγοντος
1594 4941 1607 4955 ·
1650 4942 1668 4975 ι
1703 4923 1743 4975 Γ
1745 4923 1862 4976 αλι-

1972 3372 2124 3426 illum
2174 3371 2585 3441 mancipatum?
2629 3370 2742 3425 Cur
2780 3371 3101 3427 abstrahitis
3159 3387 3189 3425 a
3239 3372 3398 3428 nobis
3448 3388 3549 3427 no-

1973 3472 2142 3519 stram
2170 3463 2431 3533 operam?
2463 3462 2605 3529 Quid
2634 3462 2848 3519 solvitis
2889 3472 3136 3519 nostram
3181 3466 3553 3534 exspectatio~

1972 3556 2131 3608 nem?
2155 3554 2251 3607 llic
2280 3555 2577 3608 etiamnum
2604 3553 2765 3609 nobis
2798 3566 3068 3623 superest,
3101 3562 3154 3609 et
3183 3570 3287 3610 nos
3319 3555 3412 3609 illo
3441 3561 3554 3624 pri-

1970 3660 2102 3699 vare
2147 3644 2348 3699 vultis?
2380 3644 2436 3697 Si
2492 3644 2610 3715 ipse
2655 3645 2900 3700 solvatur
2939 3661 2970 3698 a
3008 3646 3262 3711 vinculis,
3291 3660 3393 3700 nos
3430 3647 3553 3715 ejus

1973 3739 2094 3791 loco
2129 3736 2450 3790 vinciemnr.
2484 3734 2855 3790 Terrebantur
2884 3736 3069 3806 itaque
3096 3736 3318 3791 scelesti
3347 3737 3553 3792 daemo-

1972 3844 2090 3895 nes,
2127 3827 2333 3897 pullum
2362 3833 2648 3882 cernentes
2674 3828 2913 3882 solutum
2944 3846 2957 3881 :
2993 3827 3470 3882 conturbabantur
3496 3828 3551 3881 in

1972 3934 2095 3974 sese
2132 3916 2459 3972 adversaria:
2498 3923 2819 3985 potestates,
2838 3931 2958 3986 quae
2977 3931 3078 3970 nos
3100 3916 3152 3969 in
3174 3916 3550 3987 captivitatem

1971 4009 2311 4080 redegerunt.
2329 4008 2398 4062 At
2420 4007 2639 4078 quando
2660 4008 2879 4063 advenit
2902 4008 3163 4063 Dominus
3186 4017 3374 4064 noster
3387 4007 3550 4064 Jesus

1969 4101 2241 4165 Christus,
2273 4100 2503 4170 ejusque
2534 4098 2881 4169 praesentiam
2903 4112 3195 4168 agnovere,
3220 4097 3549 4154 reformida-

1969 4195 2122 4257 bant,
2140 4210 2263 4248 cum
2286 4193 2569 4247 audissent
2595 4206 2719 4245 cum
2741 4192 2854 4246 haec
2876 4191 3166 4261 discipulis
3190 4190 3501 4260 loquentem
3530 4209 3543 4246 :

1973 4305 1992 4338 ι
2024 4286 2164 4340 Ecce
2208 4284 2331 4340 dedi
2364 4284 2518 4338 vobis
2562 4290 2887 4354 potestatem
2937 4282 3186 4338 calcandi
3239 4298 3406 4353 supra
3431 4297 3548 4338 ser-

1970 4384 2159 4444 pentes
2189 4382 2245 4428 et
2274 4374 2613 4444 scorpiones,
2639 4380 2693 4426 et
2721 4387 2885 4442 supra
2908 4387 3124 4426 omnem
3156 4373 3411 4427 virtutem
3444 4372 3548 4425 ini-

1969 4465 2179 4519 mici”.
2226 4483 2245 4516 ι
2295 4463 2767 4518 Pertimescehant
2820 4462 2907 4517 his
2957 4462 3207 4517 auditis:
3245 4480 3264 4513 ι
3306 4462 3546 4517 Profecti

1967 4555 2159 4610 docete
2213 4569 2404 4609 omnes
2451 4561 2663 4623 gentes,
2708 4552 3049 4621 baptizantes
3093 4566 3191 4608 eos
3228 4553 3285 4607 in
3324 4553 3546 4607 nomine

1970 4646 2171 4711 Patris,
2212 4654 2266 4701 et
2312 4644 2457 4710 Filii,
2498 4652 2553 4700 et
2594 4644 2833 4715 Spiritus
2884 4644 3062 4700 sancti
3079 4645 3146 4699 ⁸⁸.
3178 4662 3196 4695 ι
3232 4643 3545 4699 Metuebant

1971 4755 2042 4794 ne
2097 4737 2188 4793 ille
2238 4743 2384 4793 esset
2436 4736 2530 4806 qui
2579 4735 2834 4791 tenebras
2885 4736 3227 4791 illustraret:
3257 4734 3545 4789 audierant

1971 4830 2117 4885 enim
2176 4828 2495 4900 pmphetam
2563 4827 2832 4881 dicentem
2882 4845 2896 4880 :
2947 4844 2966 4877 ι
3009 4826 3226 4879 Galilaea
3276 4825 3540 4895 gentium,

1974 4923 2209 4994 populus
2260 4919 2353 4993 qui
2405 4917 2625 4974 sedebat
2666 4917 2720 4971 in
2761 4918 3003 4972 tenebris
3058 4915 3192 4970 vidit
3228 4916 3400 4968 lucem
3429 4929 3545 4965 ma.

352 5129 415 5161 ⁸³⁸
454 5130 689 5207 Philipp.
735 5144 800 5184 ιιι
825 5168 840 5193 ,
871 5126 966 5181 20.
1042 5124 1091 5156 “
1129 5122 1258 5179 Luc.
1296 5138 1422 5189 xu,
1464 5123 1554 5179 55.
1628 5123 1672 5155 ⁸⁷
1713 5121 1845 5177 Luc.

1991 5124 2070 5176 l9.
2148 5120 2193 5151 ⁸⁸
2232 5116 2421 5171 Matth.
2462 5131 2660 5180 xxvm,
2700 5117 2784 5171 l9.

381 5333 455 5405 71)
494 5332 849 5395 Basiliensis,
877 5327 1094 5405 ἐχθρεξς-

379 5397 456 5468 72')
494 5405 629 5460 Tres
659 5418 806 5459 mss.
846 5397 1168 5468 γενομένην.

355 5411 433 5473 (72
494 5411 629 5460 Tres
659 5418 806 5459 mss.
846 5411 1168 5468 γενομενην.

354 5411 456 5546 (ἶὸί
491 5475 649 5532 ϐοἰρέ.
679 5481 745 5546 et
785 5468 944 5525 Felc.
978 5473 1031 5532 1,
1061 5467 1251 5520 ἔλυσαν
1286 5466 1375 5519 τὸν
1394 5465 1591 5519 πῶλονο
1615 5466 1708 5518 καὶ
1773 5480 1876 5534 μα-

279 5543 447 5619 θητῶν
479 5545 915 5619 δῦναμένωνκμ
1120 5604 1134 5619 ,
1203 5606 1215 5619 ,
1365 5614 1376 5619 _
1405 5605 1417 5616 .
1485 5603 1522 5619 η
1566 5603 1615 5619 ..
1684 5603 1697 5616 .

346 5616 452 5690 (74)
493 5603 646 5685 nec,
675 5608 1013 5688 τρισάθλιος
1041 5604 1155 5672 καί,
1185 5606 1382 5661 desunt
1405 5605 1458 5661 in
1482 5603 1794 5659 Gohlerian.
1818 5607 1872 5657 et

272 5681 585 5835 F?§.5)L8ic
626 5767 751 5814 tres
784 5766 934 5810 mss.
972 5746 1078 5801 Alii
1107 5761 1234 5801 vero
1262 5761 1385 5801 cum
1424 5745 1606 5813 editis,
1652 5742 1764 5798 ἀλλ’
1796 5741 1871 5804 ὼς

265 5827 507 5894 πολλούς.

2048 5319 2160 5387 (76)
2199 5316 2538 5387 Basiliensis.
2566 5315 2889 5387 ἀ-ποστῆναι,

2052 5381 2163 5457 (7'?)
2205 5388 2259 5439 In
2291 5385 2449 5440 Gobl.
2484 5396 2537 5438 et
2582 5383 2731 5457 Felc.
2762 5381 2813 5448 l,
2860 5384 3140 5457 ἀλιτήριοι-
3183 5381 3356 5457 deest.
3398 5383 3549 5457 Mor,

1982 5452 2205 5526 Seguer.
2233 5458 2291 5508 ἐν
2317 5457 2557 5517 ἐαυταῖς,
2592 5455 2797 5509 rectius
2822 5468 2984 5523 quam
3008 5452 3166 5514 editi,
3195 5455 3287 5522 qui
3322 5455 3548 5521 habent,

1978 5532 2038 5582 ἐν
2063 5528 2291 5589 ἑαυτοῖς.

2051 5595 2154 5665 (⁷8,
2203 5594 2404 5664 Regius
2436 5596 2586 5651 solus
2621 5595 2699 5649 sic
2739 5600 2912 5665 totum
2958 5592 3103 5665 hunc
3145 5594 3323 5665 locum
3363 5593 3546 5654 habet,

1976 5662 2324 5727 ἀκούσαντες·
2372 5666 2641 5732 Ὑπάγετε
2687 5665 2765 5727 είς
2793 5663 2860 5734 τὸ
2911 5663 3099 5723 σκότος
3144 5662 3440 5734 ἐξώτερον,
3492 5672 3553 5734 ἐυ

1978 5735 2377 5805 ἡτοιμασμένον
2512 5731 2742 5805 διαϐόλῳ
2780 5733 2873 5805 καὶ
2912 5737 3027 5805 τοῖς
3067 5731 3328 5800 ἀγγέλοις
3359 5731 3547 5787 αὐτοῖο

1989 5803 2360 5877 Ἔφοδήθησαν
2394 5803 2737 5869 ἀκούσαντες·
2795 5803 2921 5860 ’ἰδοῦ
2957 5804 3181 5867 δέδωκα,
3209 5811 3313 5858 etc.
