  <div class='ocr_page' id='page_1' title='image "/cluster/home/n/w/nwhite01/storage/ocr_20150623/28/hvd.32044019207737/095.png"; bbox 0 0 4002 6554; ppageno 0'>
   <div class='ocr_carea' id='block_1_1' title="bbox 531 442 638 503">
    <p class='ocr_par' dir='ltr' id='par_1_1' title="bbox 531 442 638 503">
     <span class='ocr_line' id='line_1_1' title="bbox 531 442 638 503; baseline 0.047 -6"><span class='ocrx_word' id='word_1_1' title='bbox 531 442 638 503; x_wconf 81' lang='grc'><strong>179</strong></span> 
     </span>
    </p>
   </div>
   <div class='ocr_carea' id='block_1_2' title="bbox 1669 433 2609 493">
    <p class='ocr_par' dir='ltr' id='par_1_2' title="bbox 1669 433 2609 493">
     <span class='ocr_line' id='line_1_2' title="bbox 1669 433 2609 493; baseline -0.001 0"><span class='ocrx_word' id='word_1_2' title='bbox 1669 435 1726 493; x_wconf 68' lang='grc' dir='ltr'>ε».</span> <span class='ocrx_word' id='word_1_3' title='bbox 1773 434 2240 493; x_wconf 77' lang='lat' dir='ltr'><strong>ATHANASIUS.</strong></span> <span class='ocrx_word' id='word_1_4' title='bbox 2277 464 2348 478; x_wconf 90' lang='lat'><strong>-—</strong></span> <span class='ocrx_word' id='word_1_5' title='bbox 2386 433 2609 492; x_wconf 68' lang='lat' dir='ltr'><strong>DL&#39;BM.</strong></span> 
     </span>
    </p>
   </div>
   <div class='ocr_carea' id='block_1_3' title="bbox 3672 391 3782 491">
    <p class='ocr_par' dir='ltr' id='par_1_3' title="bbox 3672 391 3782 491">
     <span class='ocr_line' id='line_1_3' title="bbox 3672 391 3782 491; baseline -0.009 -1"><span class='ocrx_word' id='word_1_6' title='bbox 3672 391 3782 491; x_wconf 60' lang='lat' dir='ltr'><strong>isi</strong></span> 
     </span>
    </p>
   </div>
   <div class='ocr_carea' id='block_1_4' title="bbox 519 546 2096 628">
    <p class='ocr_par' dir='ltr' id='par_1_4' title="bbox 519 555 2096 628">
     <span class='ocr_line' id='line_1_4' title="bbox 519 555 2096 628; baseline -0.002 -16"><span class='ocrx_word' id='word_1_7' title='bbox 519 573 682 628; x_wconf 81' lang='lat' dir='ltr'><strong>gnam</strong></span> <span class='ocrx_word' id='word_1_8' title='bbox 697 559 762 611; x_wconf 79' lang='grc'>⁸³.</span> <span class='ocrx_word' id='word_1_9' title='bbox 778 578 796 607; x_wconf 76' lang='grc' dir='ltr'><strong>ι</strong></span> <span class='ocrx_word' id='word_1_10' title='bbox 820 557 1020 613; x_wconf 85' lang='lat' dir='ltr'><strong>Omnes</strong></span> <span class='ocrx_word' id='word_1_11' title='bbox 1042 557 1224 627; x_wconf 80' lang='lat' dir='ltr'><strong>itaque</strong></span> <span class='ocrx_word' id='word_1_12' title='bbox 1240 556 1386 610; x_wconf 85' lang='lat' dir='ltr'><strong>circa</strong></span> <span class='ocrx_word' id='word_1_13' title='bbox 1410 556 1616 625; x_wconf 87' lang='lat' dir='ltr'><strong>pullum</strong></span> <span class='ocrx_word' id='word_1_14' title='bbox 1639 555 1888 617; x_wconf 75' lang='lat' dir='ltr'><strong>hiabant,</strong></span> <span class='ocrx_word' id='word_1_15' title='bbox 1910 569 2096 609; x_wconf 89' lang='lat' dir='ltr'><strong>omnes</strong></span> 
     </span>
    </p>
   </div>
   <div class='ocr_carea' id='block_1_5' title="bbox 2196 546 3782 628">
    <p class='ocr_par' dir='ltr' id='par_1_5' title="bbox 2204 546 3782 624">
     <span class='ocr_line' id='line_1_5' title="bbox 2204 546 3782 624; baseline 0.002 -20"><span class='ocrx_word' id='word_1_16' title='bbox 2204 550 2329 604; x_wconf 82' lang='grc' dir='ltr'>λαία</span> <span class='ocrx_word' id='word_1_17' title='bbox 2362 551 2468 605; x_wconf 86' lang='grc' dir='ltr'><strong>τῶν</strong></span> <span class='ocrx_word' id='word_1_18' title='bbox 2508 551 2696 613; x_wconf 78' lang='grc' dir='ltr'>ἐθνῶν.</span> <span class='ocrx_word' id='word_1_19' title='bbox 2728 553 2756 605; x_wconf 82' lang='lat'><strong>6</strong></span> <span class='ocrx_word' id='word_1_20' title='bbox 2780 552 2907 614; x_wconf 80' lang='grc' dir='ltr'>λαὸς</span> <span class='ocrx_word' id='word_1_21' title='bbox 2935 554 2963 605; x_wconf 88' lang='lat'><strong>6</strong></span> <span class='ocrx_word' id='word_1_22' title='bbox 2999 551 3311 624; x_wconf 76' lang='grc' dir='ltr'>καθήμενος</span> <span class='ocrx_word' id='word_1_23' title='bbox 3355 555 3414 607; x_wconf 76' lang='grc' dir='ltr'>ὲν</span> <span class='ocrx_word' id='word_1_24' title='bbox 3456 553 3636 609; x_wconf 77' lang='grc' dir='ltr'>σκᾶτει</span> <span class='ocrx_word' id='word_1_25' title='bbox 3669 546 3782 608; x_wconf 65' lang='grc' dir='ltr'>εἶδε</span> 
     </span>
    </p>
   </div>
   <div class='ocr_carea' id='block_1_6' title="bbox 518 642 2095 720">
    <p class='ocr_par' dir='ltr' id='par_1_6' title="bbox 518 642 2095 720">
     <span class='ocr_line' id='line_1_6' title="bbox 518 642 2095 720; baseline -0.004 -14"><span class='ocrx_word' id='word_1_26' title='bbox 518 652 665 706; x_wconf 89' lang='lat' dir='ltr'><strong>circa</strong></span> <span class='ocrx_word' id='word_1_27' title='bbox 709 651 887 720; x_wconf 90' lang='lat' dir='ltr'><strong>ipsum</strong></span> <span class='ocrx_word' id='word_1_28' title='bbox 940 649 1221 710; x_wconf 82' lang='lat' dir='ltr'><strong>sedebant,</strong></span> <span class='ocrx_word' id='word_1_29' title='bbox 1245 661 1407 701; x_wconf 89' lang='lat' dir='ltr'><strong>nemo</strong></span> <span class='ocrx_word' id='word_1_30' title='bbox 1442 646 1511 700; x_wconf 90' lang='lat' dir='ltr'><strong>ab</strong></span> <span class='ocrx_word' id='word_1_31' title='bbox 1540 645 1634 699; x_wconf 91' lang='lat' dir='ltr'><strong>illo</strong></span> <span class='ocrx_word' id='word_1_32' title='bbox 1654 644 1921 699; x_wconf 75' lang='lat' dir='ltr'><strong>abscedit.</strong></span> <span class='ocrx_word' id='word_1_33' title='bbox 1946 642 2095 699; x_wconf 87' lang='lat' dir='ltr'><strong>Talis</strong></span> 
     </span>
    </p>
   </div>
   <div class='ocr_carea' id='block_1_7' title="bbox 516 735 2097 814">
    <p class='ocr_par' dir='ltr' id='par_1_7' title="bbox 516 735 2097 814">
     <span class='ocr_line' id='line_1_7' title="bbox 516 735 2097 814; baseline -0.006 -16"><span class='ocrx_word' id='word_1_34' title='bbox 516 744 621 798; x_wconf 88' lang='lat' dir='ltr'><strong>iste</strong></span> <span class='ocrx_word' id='word_1_35' title='bbox 671 743 855 814; x_wconf 90' lang='lat' dir='ltr'><strong>pullus</strong></span> <span class='ocrx_word' id='word_1_36' title='bbox 909 749 1014 804; x_wconf 89' lang='lat' dir='ltr'><strong>est,</strong></span> <span class='ocrx_word' id='word_1_37' title='bbox 1047 748 1107 794; x_wconf 87' lang='lat' dir='ltr'><strong>ut</strong></span> <span class='ocrx_word' id='word_1_38' title='bbox 1153 753 1345 794; x_wconf 88' lang='lat' dir='ltr'><strong>omnes</strong></span> <span class='ocrx_word' id='word_1_39' title='bbox 1386 738 1505 808; x_wconf 86' lang='lat' dir='ltr'><strong>ejus</strong></span> <span class='ocrx_word' id='word_1_40' title='bbox 1535 737 1742 792; x_wconf 88' lang='lat' dir='ltr'><strong>domini</strong></span> <span class='ocrx_word' id='word_1_41' title='bbox 1785 735 2097 791; x_wconf 83' lang='lat' dir='ltr'><strong>custodiant</strong></span> 
     </span>
    </p>
   </div>
   <div class='ocr_carea' id='block_1_8' title="bbox 516 827 2096 894">
    <p class='ocr_par' dir='ltr' id='par_1_8' title="bbox 516 827 2096 894">
     <span class='ocr_line' id='line_1_8' title="bbox 516 827 2096 894; baseline -0.005 -5"><span class='ocrx_word' id='word_1_42' title='bbox 516 836 691 889; x_wconf 89' lang='lat' dir='ltr'><strong>illum.</strong></span> <span class='ocrx_word' id='word_1_43' title='bbox 709 835 765 889; x_wconf 90' lang='lat' dir='ltr'><strong>Si</strong></span> <span class='ocrx_word' id='word_1_44' title='bbox 791 833 1064 889; x_wconf 84' lang='lat' dir='ltr'><strong>sensibilis</strong></span> <span class='ocrx_word' id='word_1_45' title='bbox 1091 839 1258 894; x_wconf 86' lang='lat' dir='ltr'><strong>esset,</strong></span> <span class='ocrx_word' id='word_1_46' title='bbox 1281 847 1409 885; x_wconf 81' lang='lat' dir='ltr'><strong>num</strong></span> <span class='ocrx_word' id='word_1_47' title='bbox 1429 831 1636 885; x_wconf 86' lang='lat' dir='ltr'><strong>domini</strong></span> <span class='ocrx_word' id='word_1_48' title='bbox 1662 829 1966 884; x_wconf 85' lang='lat' dir='ltr'><strong>assiderent</strong></span> <span class='ocrx_word' id='word_1_49' title='bbox 1985 827 2096 881; x_wconf 84' lang='lat' dir='ltr'><strong>illi?</strong></span> 
     </span>
    </p>
   </div>
   <div class='ocr_carea' id='block_1_9' title="bbox 513 922 2096 981">
    <p class='ocr_par' dir='ltr' id='par_1_9' title="bbox 513 922 2096 981">
     <span class='ocr_line' id='line_1_9' title="bbox 513 922 2096 981; baseline -0.006 0"><span class='ocrx_word' id='word_1_50' title='bbox 513 925 656 981; x_wconf 85' lang='lat' dir='ltr'><strong>Num</strong></span> <span class='ocrx_word' id='word_1_51' title='bbox 703 927 907 981; x_wconf 88' lang='lat' dir='ltr'><strong>asellus</strong></span> <span class='ocrx_word' id='word_1_52' title='bbox 966 924 1242 980; x_wconf 83' lang='lat' dir='ltr'><strong>sensibilis</strong></span> <span class='ocrx_word' id='word_1_53' title='bbox 1293 925 1590 978; x_wconf 90' lang='lat' dir='ltr'><strong>multorum</strong></span> <span class='ocrx_word' id='word_1_54' title='bbox 1636 922 1983 977; x_wconf 86' lang='lat' dir='ltr'><strong>dominorum</strong></span> <span class='ocrx_word' id='word_1_55' title='bbox 2011 925 2096 973; x_wconf 91' lang='lat' dir='ltr'><strong>est</strong></span> 
     </span>
    </p>
   </div>
   <div class='ocr_carea' id='block_1_10' title="bbox 513 1012 2092 1089">
    <p class='ocr_par' dir='ltr' id='par_1_10' title="bbox 513 1012 2092 1089">
     <span class='ocr_line' id='line_1_10' title="bbox 513 1012 2092 1089; baseline -0.006 -15"><span class='ocrx_word' id='word_1_56' title='bbox 513 1019 839 1089; x_wconf 76' lang='lat' dir='ltr'><strong>possessio?</strong></span> <span class='ocrx_word' id='word_1_57' title='bbox 860 1033 989 1072; x_wconf 91' lang='lat' dir='ltr'><strong>num</strong></span> <span class='ocrx_word' id='word_1_58' title='bbox 1021 1033 1215 1072; x_wconf 89' lang='lat' dir='ltr'><strong>omnes</strong></span> <span class='ocrx_word' id='word_1_59' title='bbox 1253 1016 1376 1086; x_wconf 84' lang='lat' dir='ltr'><strong>ejus</strong></span> <span class='ocrx_word' id='word_1_60' title='bbox 1416 1016 1625 1070; x_wconf 86' lang='lat' dir='ltr'><strong>domini</strong></span> <span class='ocrx_word' id='word_1_61' title='bbox 1675 1014 1923 1070; x_wconf 84' lang='lat' dir='ltr'><strong>assident</strong></span> <span class='ocrx_word' id='word_1_62' title='bbox 1964 1012 2092 1082; x_wconf 88' lang='lat' dir='ltr'><strong>ipsi,</strong></span> 
     </span>
    </p>
   </div>
   <div class='ocr_carea' id='block_1_11' title="bbox 515 1105 2092 1178">
    <p class='ocr_par' dir='ltr' id='par_1_11' title="bbox 515 1105 2092 1178">
     <span class='ocr_line' id='line_1_11' title="bbox 515 1105 2092 1178; baseline -0.004 -13"><span class='ocrx_word' id='word_1_63' title='bbox 515 1110 591 1165; x_wconf 86' lang='lat' dir='ltr'><strong>ita</strong></span> <span class='ocrx_word' id='word_1_64' title='bbox 631 1119 690 1163; x_wconf 92' lang='lat' dir='ltr'><strong>ut</strong></span> <span class='ocrx_word' id='word_1_65' title='bbox 722 1111 907 1164; x_wconf 85' lang='lat' dir='ltr'><strong>nullus</strong></span> <span class='ocrx_word' id='word_1_66' title='bbox 933 1109 1144 1178; x_wconf 85' lang='lat' dir='ltr'><strong>negotia</strong></span> <span class='ocrx_word' id='word_1_67' title='bbox 1169 1109 1350 1173; x_wconf 88' lang='lat' dir='ltr'><strong>obeat,</strong></span> <span class='ocrx_word' id='word_1_68' title='bbox 1387 1107 1572 1162; x_wconf 81' lang='lat' dir='ltr'><strong>nullus</strong></span> <span class='ocrx_word' id='word_1_69' title='bbox 1594 1107 1648 1161; x_wconf 93' lang='lat' dir='ltr'><strong>in</strong></span> <span class='ocrx_word' id='word_1_70' title='bbox 1673 1107 1794 1161; x_wconf 79' lang='lat' dir='ltr'><strong>foro</strong></span> <span class='ocrx_word' id='word_1_71' title='bbox 1830 1105 2092 1169; x_wconf 78' lang='lat' dir='ltr'><strong>ambulet,</strong></span> 
     </span>
    </p>
   </div>
   <div class='ocr_carea' id='block_1_12' title="bbox 515 1198 2096 1272">
    <p class='ocr_par' dir='ltr' id='par_1_12' title="bbox 515 1198 2096 1272">
     <span class='ocr_line' id='line_1_12' title="bbox 515 1198 2096 1272; baseline -0.003 -18"><span class='ocrx_word' id='word_1_72' title='bbox 515 1202 655 1255; x_wconf 83' lang='lat' dir='ltr'><strong>nihil</strong></span> <span class='ocrx_word' id='word_1_73' title='bbox 707 1201 862 1255; x_wconf 83' lang='lat' dir='ltr'><strong>aliud</strong></span> <span class='ocrx_word' id='word_1_74' title='bbox 909 1202 1095 1272; x_wconf 79' lang='lat' dir='ltr'><strong>aperis</strong></span> <span class='ocrx_word' id='word_1_75' title='bbox 1133 1201 1389 1263; x_wconf 87' lang='lat' dir='ltr'><strong>habeant,</strong></span> <span class='ocrx_word' id='word_1_76' title='bbox 1422 1200 1519 1255; x_wconf 85' lang='lat' dir='ltr'><strong>sed</strong></span> <span class='ocrx_word' id='word_1_77' title='bbox 1557 1212 1666 1251; x_wconf 87' lang='lat' dir='ltr'><strong>una</strong></span> <span class='ocrx_word' id='word_1_78' title='bbox 1706 1212 1899 1253; x_wconf 88' lang='lat' dir='ltr'><strong>omnes</strong></span> <span class='ocrx_word' id='word_1_79' title='bbox 1944 1198 2096 1251; x_wconf 87' lang='lat' dir='ltr'><strong>circa</strong></span> 
     </span>
    </p>
   </div>
   <div class='ocr_carea' id='block_1_13' title="bbox 512 1287 2096 1362">
    <p class='ocr_par' dir='ltr' id='par_1_13' title="bbox 512 1287 2096 1362">
     <span class='ocr_line' id='line_1_13' title="bbox 512 1287 2096 1362; baseline -0.002 -16"><span class='ocrx_word' id='word_1_80' title='bbox 512 1292 695 1360; x_wconf 87' lang='lat' dir='ltr'><strong>ipsum</strong></span> <span class='ocrx_word' id='word_1_81' title='bbox 730 1292 1108 1362; x_wconf 87' lang='lat' dir='ltr'><strong>occupentur?</strong></span> <span class='ocrx_word' id='word_1_82' title='bbox 1133 1289 1275 1347; x_wconf 86' lang='lat' dir='ltr'><strong>Num</strong></span> <span class='ocrx_word' id='word_1_83' title='bbox 1309 1290 1512 1346; x_wconf 88' lang='lat' dir='ltr'><strong>asellus</strong></span> <span class='ocrx_word' id='word_1_84' title='bbox 1554 1288 1831 1345; x_wconf 82' lang='lat' dir='ltr'><strong>sensibilis</strong></span> <span class='ocrx_word' id='word_1_85' title='bbox 1861 1288 1917 1342; x_wconf 90' lang='lat' dir='ltr'><strong>in</strong></span> <span class='ocrx_word' id='word_1_86' title='bbox 1947 1287 2096 1343; x_wconf 89' lang='lat' dir='ltr'><strong>bivio</strong></span> 
     </span>
    </p>
   </div>
   <div class='ocr_carea' id='block_1_14' title="bbox 513 1381 2095 1455">
    <p class='ocr_par' dir='ltr' id='par_1_14' title="bbox 513 1381 2095 1455">
     <span class='ocr_line' id='line_1_14' title="bbox 513 1381 2095 1455; baseline -0.003 -18"><span class='ocrx_word' id='word_1_87' title='bbox 513 1384 793 1455; x_wconf 77' lang='lat' dir='ltr'><strong>alligatur,</strong></span> <span class='ocrx_word' id='word_1_88' title='bbox 831 1384 1137 1439; x_wconf 86' lang='lat' dir='ltr'><strong>diversorio</strong></span> <span class='ocrx_word' id='word_1_89' title='bbox 1186 1383 1562 1454; x_wconf 66' lang='lat' dir='ltr'><strong>prmsepiOque</strong></span> <span class='ocrx_word' id='word_1_90' title='bbox 1605 1391 1772 1443; x_wconf 87' lang='lat' dir='ltr'><strong>caret,</strong></span> <span class='ocrx_word' id='word_1_91' title='bbox 1804 1381 1858 1435; x_wconf 91' lang='lat' dir='ltr'><strong>in</strong></span> <span class='ocrx_word' id='word_1_92' title='bbox 1902 1394 2095 1451; x_wconf 80' lang='lat' dir='ltr'><strong>agrum</strong></span> 
     </span>
    </p>
   </div>
   <div class='ocr_carea' id='block_1_15' title="bbox 511 1470 2097 1545">
    <p class='ocr_par' dir='ltr' id='par_1_15' title="bbox 511 1470 2097 1545">
     <span class='ocr_line' id='line_1_15' title="bbox 511 1470 2097 1545; baseline -0.004 -16"><span class='ocrx_word' id='word_1_93' title='bbox 511 1490 624 1529; x_wconf 88' lang='lat' dir='ltr'><strong>non</strong></span> <span class='ocrx_word' id='word_1_94' title='bbox 659 1475 902 1545; x_wconf 88' lang='lat' dir='ltr'><strong>procedit</strong></span> <span class='ocrx_word' id='word_1_95' title='bbox 918 1475 951 1527; x_wconf 71' lang='lat'><strong>?&#39;</strong></span> <span class='ocrx_word' id='word_1_96' title='bbox 966 1476 1062 1530; x_wconf 91' lang='lat' dir='ltr'><strong>sed</strong></span> <span class='ocrx_word' id='word_1_97' title='bbox 1114 1474 1394 1529; x_wconf 82' lang='lat' dir='ltr'><strong>sensibilis</strong></span> <span class='ocrx_word' id='word_1_98' title='bbox 1440 1472 1623 1543; x_wconf 90' lang='lat' dir='ltr'><strong>pullus</strong></span> <span class='ocrx_word' id='word_1_99' title='bbox 1647 1472 1704 1525; x_wconf 90' lang='lat' dir='ltr'><strong>in</strong></span> <span class='ocrx_word' id='word_1_100' title='bbox 1729 1470 1874 1525; x_wconf 88' lang='lat' dir='ltr'><strong>bivio</strong></span> <span class='ocrx_word' id='word_1_101' title='bbox 1906 1471 2097 1540; x_wconf 82' lang='lat' dir='ltr'><strong>alliga-</strong></span> 
     </span>
    </p>
   </div>
   <div class='ocr_carea' id='block_1_16' title="bbox 511 1561 2096 1637">
    <p class='ocr_par' dir='ltr' id='par_1_16' title="bbox 511 1561 2096 1637">
     <span class='ocr_line' id='line_1_16' title="bbox 511 1561 2096 1637; baseline -0.006 -16"><span class='ocrx_word' id='word_1_102' title='bbox 511 1579 623 1630; x_wconf 84' lang='lat' dir='ltr'><strong>tur,</strong></span> <span class='ocrx_word' id='word_1_103' title='bbox 650 1582 950 1637; x_wconf 87' lang='lat' dir='ltr'><strong>omnesque</strong></span> <span class='ocrx_word' id='word_1_104' title='bbox 975 1565 1179 1620; x_wconf 89' lang='lat' dir='ltr'><strong>domini</strong></span> <span class='ocrx_word' id='word_1_105' title='bbox 1202 1565 1322 1633; x_wconf 87' lang='lat' dir='ltr'><strong>ejus</strong></span> <span class='ocrx_word' id='word_1_106' title='bbox 1347 1563 1590 1618; x_wconf 86' lang='lat' dir='ltr'><strong>assident</strong></span> <span class='ocrx_word' id='word_1_107' title='bbox 1619 1561 1746 1631; x_wconf 87' lang='lat' dir='ltr'><strong>ipsi,</strong></span> <span class='ocrx_word' id='word_1_108' title='bbox 1771 1562 2096 1616; x_wconf 88' lang='lat' dir='ltr'><strong>observant-</strong></span> 
     </span>
    </p>
   </div>
   <div class='ocr_carea' id='block_1_17' title="bbox 511 1649 2091 1732">
    <p class='ocr_par' dir='ltr' id='par_1_17' title="bbox 511 1649 2091 1732">
     <span class='ocr_line' id='line_1_17' title="bbox 511 1649 2091 1732; baseline -0.006 -18"><span class='ocrx_word' id='word_1_109' title='bbox 511 1675 620 1732; x_wconf 89' lang='lat' dir='ltr'><strong>que</strong></span> <span class='ocrx_word' id='word_1_110' title='bbox 668 1658 840 1711; x_wconf 87' lang='lat' dir='ltr'><strong>illum.</strong></span> <span class='ocrx_word' id='word_1_111' title='bbox 875 1656 1000 1711; x_wconf 62' lang='lat' dir='ltr'><strong>llaec</strong></span> <span class='ocrx_word' id='word_1_112' title='bbox 1045 1672 1172 1711; x_wconf 90' lang='lat' dir='ltr'><strong>cum</strong></span> <span class='ocrx_word' id='word_1_113' title='bbox 1220 1654 1366 1719; x_wconf 87' lang='lat' dir='ltr'><strong>dico,</strong></span> <span class='ocrx_word' id='word_1_114' title='bbox 1400 1653 1685 1709; x_wconf 88' lang='lat' dir='ltr'><strong>historiam</strong></span> <span class='ocrx_word' id='word_1_115' title='bbox 1719 1665 1826 1705; x_wconf 89' lang='lat' dir='ltr'><strong>non</strong></span> <span class='ocrx_word' id='word_1_116' title='bbox 1858 1649 2047 1704; x_wconf 82' lang='lat' dir='ltr'><strong>aufero</strong></span> <span class='ocrx_word' id='word_1_117' title='bbox 2078 1668 2091 1704; x_wconf 91' lang='lat'>:</span> 
     </span>
    </p>
   </div>
   <div class='ocr_carea' id='block_1_18' title="bbox 512 1741 2092 1820">
    <p class='ocr_par' dir='ltr' id='par_1_18' title="bbox 512 1741 2092 1820">
     <span class='ocr_line' id='line_1_18' title="bbox 512 1741 2092 1820; baseline -0.006 -15"><span class='ocrx_word' id='word_1_118' title='bbox 512 1763 859 1820; x_wconf 83' lang='lat' dir='ltr'><strong>nequaquam</strong></span> <span class='ocrx_word' id='word_1_119' title='bbox 902 1749 1046 1803; x_wconf 90' lang='lat' dir='ltr'><strong>enim</strong></span> <span class='ocrx_word' id='word_1_120' title='bbox 1084 1749 1320 1803; x_wconf 88' lang='lat' dir='ltr'><strong>litteram</strong></span> <span class='ocrx_word' id='word_1_121' title='bbox 1353 1746 1424 1801; x_wconf 90' lang='lat' dir='ltr'><strong>ob</strong></span> <span class='ocrx_word' id='word_1_122' title='bbox 1463 1745 1716 1816; x_wconf 86' lang='lat' dir='ltr'><strong>spiritum</strong></span> <span class='ocrx_word' id='word_1_123' title='bbox 1755 1741 2092 1807; x_wconf 79' lang='lat' dir='ltr'><strong>auferimus;</strong></span> 
     </span>
    </p>
   </div>
   <div class='ocr_carea' id='block_1_19' title="bbox 513 1835 1721 1909">
    <p class='ocr_par' dir='ltr' id='par_1_19' title="bbox 513 1835 1721 1909">
     <span class='ocr_line' id='line_1_19' title="bbox 513 1835 1721 1909; baseline -0.007 -14"><span class='ocrx_word' id='word_1_124' title='bbox 513 1840 608 1895; x_wconf 84' lang='lat' dir='ltr'><strong>sed</strong></span> <span class='ocrx_word' id='word_1_125' title='bbox 631 1840 859 1909; x_wconf 88' lang='lat' dir='ltr'><strong>spiritus</strong></span> <span class='ocrx_word' id='word_1_126' title='bbox 885 1839 990 1892; x_wconf 88' lang='lat' dir='ltr'><strong>vim</strong></span> <span class='ocrx_word' id='word_1_127' title='bbox 1028 1852 1310 1893; x_wconf 85' lang='lat' dir='ltr'><strong>servamus</strong></span> <span class='ocrx_word' id='word_1_128' title='bbox 1340 1851 1437 1905; x_wconf 88' lang='lat' dir='ltr'><strong>per</strong></span> <span class='ocrx_word' id='word_1_129' title='bbox 1464 1835 1721 1889; x_wconf 88' lang='lat' dir='ltr'><strong>litteram.</strong></span> 
     </span>
    </p>
   </div>
   <div class='ocr_carea' id='block_1_20' title="bbox 2200 639 3781 718">
    <p class='ocr_par' dir='ltr' id='par_1_20' title="bbox 2200 639 3781 718">
     <span class='ocr_line' id='line_1_20' title="bbox 2200 639 3781 718; baseline 0.003 -24"><span class='ocrx_word' id='word_1_130' title='bbox 2200 641 2313 713; x_wconf 85' lang='grc' dir='ltr'><strong>φῶς</strong></span> <span class='ocrx_word' id='word_1_131' title='bbox 2357 642 2522 714; x_wconf 81' lang='grc' dir='ltr'>μέγα.</span> <span class='ocrx_word' id='word_1_132' title='bbox 2558 663 2577 694; x_wconf 70' lang='grc' dir='ltr'><strong>ι</strong></span> <span class='ocrx_word' id='word_1_133' title='bbox 2610 643 2820 707; x_wconf 82' lang='grc' dir='ltr'><strong>Πάντες</strong></span> <span class='ocrx_word' id='word_1_134' title='bbox 2851 639 2945 698; x_wconf 78' lang='grc' dir='ltr'><strong>οὖν</strong></span> <span class='ocrx_word' id='word_1_135' title='bbox 2986 646 3115 715; x_wconf 74' lang='grc' dir='ltr'><strong>περ)⁵</strong></span> <span class='ocrx_word' id='word_1_136' title='bbox 3154 643 3246 697; x_wconf 81' lang='grc' dir='ltr'>τοῦ</span> <span class='ocrx_word' id='word_1_137' title='bbox 3282 643 3459 698; x_wconf 82' lang='grc' dir='ltr'><strong>πώλου</strong></span> <span class='ocrx_word' id='word_1_138' title='bbox 3491 646 3781 718; x_wconf 82' lang='grc' dir='ltr'><strong>κεχήνασι,</strong></span> 
     </span>
    </p>
   </div>
   <div class='ocr_carea' id='block_1_21' title="bbox 2197 734 3779 807">
    <p class='ocr_par' dir='ltr' id='par_1_21' title="bbox 2197 734 3779 807">
     <span class='ocr_line' id='line_1_21' title="bbox 2197 734 3779 807; baseline 0.004 -21"><span class='ocrx_word' id='word_1_139' title='bbox 2197 735 2398 797; x_wconf 86' lang='grc' dir='ltr'>πάντες</span> <span class='ocrx_word' id='word_1_140' title='bbox 2428 734 2557 806; x_wconf 77' lang='grc' dir='ltr'>περ).</span> <span class='ocrx_word' id='word_1_141' title='bbox 2578 736 2740 789; x_wconf 80' lang='grc' dir='ltr'>αὐτὸν</span> <span class='ocrx_word' id='word_1_142' title='bbox 2762 736 3046 807; x_wconf 79' lang='grc' dir='ltr'><strong>κάθηνται,</strong></span> <span class='ocrx_word' id='word_1_143' title='bbox 3073 735 3247 801; x_wconf 76' lang='grc' dir='ltr'>οὐδεὶς</span> <span class='ocrx_word' id='word_1_144' title='bbox 3270 736 3434 791; x_wconf 82' lang='grc' dir='ltr'>αὑτοῦ</span> <span class='ocrx_word' id='word_1_145' title='bbox 3461 738 3779 807; x_wconf 71' lang='grc' dir='ltr'><strong>ἀφίσταται.</strong></span> 
     </span>
    </p>
   </div>
   <div class='ocr_carea' id='block_1_22' title="bbox 2197 821 3783 894">
    <p class='ocr_par' dir='ltr' id='par_1_22' title="bbox 2197 821 3783 894">
     <span class='ocr_line' id='line_1_22' title="bbox 2197 821 3783 894; baseline 0.004 -16"><span class='ocrx_word' id='word_1_146' title='bbox 2197 826 2448 890; x_wconf 81' lang='grc' dir='ltr'>Τοιοῦτός</span> <span class='ocrx_word' id='word_1_147' title='bbox 2491 828 2640 880; x_wconf 78' lang='grc' dir='ltr'>ἐστιν</span> <span class='ocrx_word' id='word_1_148' title='bbox 2669 821 2823 891; x_wconf 70' lang='grc' dir='ltr'>οὗτος</span> <span class='ocrx_word' id='word_1_149' title='bbox 2855 829 2884 880; x_wconf 98' lang='lat'><strong>6</strong></span> <span class='ocrx_word' id='word_1_150' title='bbox 2924 827 3124 894; x_wconf 82' lang='grc' dir='ltr'>πῶλος,</span> <span class='ocrx_word' id='word_1_151' title='bbox 3159 828 3235 892; x_wconf 86' lang='grc' dir='ltr'>ὡς</span> <span class='ocrx_word' id='word_1_152' title='bbox 3278 828 3488 893; x_wconf 82' lang='grc' dir='ltr'><strong>πάντας</strong></span> <span class='ocrx_word' id='word_1_153' title='bbox 3521 831 3649 894; x_wconf 80' lang='grc' dir='ltr'>τοὺς</span> <span class='ocrx_word' id='word_1_154' title='bbox 3680 847 3783 884; x_wconf 82' lang='grc' dir='ltr'>κυ-</span> 
     </span>
    </p>
   </div>
   <div class='ocr_carea' id='block_1_23' title="bbox 2206 914 3781 991">
    <p class='ocr_par' dir='ltr' id='par_1_23' title="bbox 2206 914 3781 991">
     <span class='ocr_line' id='line_1_23' title="bbox 2206 914 3781 991; baseline 0.004 -21"><span class='ocrx_word' id='word_1_155' title='bbox 2206 918 2355 988; x_wconf 88' lang='grc' dir='ltr'>ρίους</span> <span class='ocrx_word' id='word_1_156' title='bbox 2380 916 2544 971; x_wconf 78' lang='grc' dir='ltr'>αὑτοῦ</span> <span class='ocrx_word' id='word_1_157' title='bbox 2569 921 2754 990; x_wconf 80' lang='grc' dir='ltr'><strong>τηρεῖν</strong></span> <span class='ocrx_word' id='word_1_158' title='bbox 2776 914 3128 991; x_wconf 59' lang='grc' dir='ltr'>αὑτόνῘΑρα,</span> <span class='ocrx_word' id='word_1_159' title='bbox 3153 920 3201 973; x_wconf 81' lang='grc' dir='ltr'><strong>εί</strong></span> <span class='ocrx_word' id='word_1_160' title='bbox 3223 915 3291 991; x_wconf 78' lang='grc' dir='ltr'>ἦν</span> <span class='ocrx_word' id='word_1_161' title='bbox 3319 920 3574 991; x_wconf 81' lang='grc' dir='ltr'>αἰσθητὸς</span> <span class='ocrx_word' id='word_1_162' title='bbox 3598 915 3781 988; x_wconf 64' lang='grc' dir='ltr'>οὗτος,</span> 
     </span>
    </p>
   </div>
   <div class='ocr_carea' id='block_1_24' title="bbox 2197 1008 3787 1084">
    <p class='ocr_par' dir='ltr' id='par_1_24' title="bbox 2197 1008 3787 1084">
     <span class='ocr_line' id='line_1_24' title="bbox 2197 1008 3787 1084; baseline 0.003 -22"><span class='ocrx_word' id='word_1_163' title='bbox 2197 1010 2246 1062; x_wconf 73' lang='lat' dir='ltr'><strong>oi</strong></span> <span class='ocrx_word' id='word_1_164' title='bbox 2296 1008 2475 1080; x_wconf 83' lang='grc' dir='ltr'>κύριοι</span> <span class='ocrx_word' id='word_1_165' title='bbox 2523 1009 2687 1063; x_wconf 78' lang='grc' dir='ltr'>αὑτοῦ</span> <span class='ocrx_word' id='word_1_166' title='bbox 2740 1011 3174 1082; x_wconf 73' lang='grc' dir='ltr'><strong>παρεκαθέζοντο</strong></span> <span class='ocrx_word' id='word_1_167' title='bbox 3204 1011 3383 1083; x_wconf 80' lang='grc' dir='ltr'>αὺτῷς</span> <span class='ocrx_word' id='word_1_168' title='bbox 3425 1012 3520 1066; x_wconf 78' lang='grc' dir='ltr'><strong>καὶ</strong></span> <span class='ocrx_word' id='word_1_169' title='bbox 3563 1012 3787 1084; x_wconf 80' lang='grc' dir='ltr'>ὀνάριον</span> 
     </span>
    </p>
   </div>
   <div class='ocr_carea' id='block_1_25' title="bbox 2197 1102 3782 1175">
    <p class='ocr_par' dir='ltr' id='par_1_25' title="bbox 2197 1102 3782 1175">
     <span class='ocr_line' id='line_1_25' title="bbox 2197 1102 3782 1175; baseline 0.001 -19"><span class='ocrx_word' id='word_1_170' title='bbox 2197 1103 2455 1174; x_wconf 76' lang='grc' dir='ltr'>αἰσθητὸν</span> <span class='ocrx_word' id='word_1_171' title='bbox 2487 1102 2696 1157; x_wconf 83' lang='grc' dir='ltr'>πολλῶν</span> <span class='ocrx_word' id='word_1_172' title='bbox 2730 1104 2935 1175; x_wconf 84' lang='grc' dir='ltr'>κυρίων</span> <span class='ocrx_word' id='word_1_173' title='bbox 2957 1103 3166 1172; x_wconf 89' lang='grc' dir='ltr'>γίνεται</span> <span class='ocrx_word' id='word_1_174' title='bbox 3206 1102 3425 1174; x_wconf 74' lang='grc' dir='ltr'>κτῆμας</span> <span class='ocrx_word' id='word_1_175' title='bbox 3458 1103 3553 1158; x_wconf 75' lang='grc' dir='ltr'><strong>καὶ</strong></span> <span class='ocrx_word' id='word_1_176' title='bbox 3575 1103 3782 1168; x_wconf 84' lang='grc' dir='ltr'>πάντες</span> 
     </span>
    </p>
   </div>
   <div class='ocr_carea' id='block_1_26' title="bbox 2196 1194 3780 1267">
    <p class='ocr_par' dir='ltr' id='par_1_26' title="bbox 2196 1194 3780 1267">
     <span class='ocr_line' id='line_1_26' title="bbox 2196 1194 3780 1267; baseline 0.001 -20"><span class='ocrx_word' id='word_1_177' title='bbox 2196 1197 2245 1247; x_wconf 74' lang='grc' dir='ltr'><strong>οἱ</strong></span> <span class='ocrx_word' id='word_1_178' title='bbox 2293 1196 2617 1266; x_wconf 76' lang='grc' dir='ltr'><strong>κεκτημένοι</strong></span> <span class='ocrx_word' id='word_1_179' title='bbox 2663 1194 3134 1267; x_wconf 81' lang='grc' dir='ltr'>παρακαθέζονται</span> <span class='ocrx_word' id='word_1_180' title='bbox 3175 1194 3357 1266; x_wconf 50' lang='lat' dir='ltr'><strong>aere;</strong></span> <span class='ocrx_word' id='word_1_181' title='bbox 3389 1195 3562 1258; x_wconf 76' lang='grc' dir='ltr'>οὐδεὶς</span> <span class='ocrx_word' id='word_1_182' title='bbox 3598 1195 3780 1249; x_wconf 83' lang='grc' dir='ltr'>αὐτῶν</span> 
     </span>
    </p>
   </div>
   <div class='ocr_carea' id='block_1_27' title="bbox 2196 1283 3778 1358">
    <p class='ocr_par' dir='ltr' id='par_1_27' title="bbox 2196 1283 3778 1358">
     <span class='ocr_line' id='line_1_27' title="bbox 2196 1283 3778 1358; baseline 0.003 -20"><span class='ocrx_word' id='word_1_183' title='bbox 2196 1285 2665 1356; x_wconf 82' lang='grc' dir='ltr'><strong>πραγματεύεται,</strong></span> <span class='ocrx_word' id='word_1_184' title='bbox 2695 1286 2868 1350; x_wconf 79' lang='grc' dir='ltr'>οὐδεὶς</span> <span class='ocrx_word' id='word_1_185' title='bbox 2898 1286 3074 1340; x_wconf 81' lang='grc' dir='ltr'>αὐτῶν</span> <span class='ocrx_word' id='word_1_186' title='bbox 3107 1288 3165 1339; x_wconf 84' lang='grc' dir='ltr'>ὲν</span> <span class='ocrx_word' id='word_1_187' title='bbox 3195 1287 3375 1358; x_wconf 80' lang='grc' dir='ltr'>ἀγορᾷ</span> <span class='ocrx_word' id='word_1_188' title='bbox 3398 1283 3603 1357; x_wconf 82' lang='grc' dir='ltr'>βαδίζει</span> <span class='ocrx_word' id='word_1_189' title='bbox 3639 1285 3778 1358; x_wconf 70' lang='lat'><strong>(79),</strong></span> 
     </span>
    </p>
   </div>
   <div class='ocr_carea' id='block_1_28' title="bbox 2196 1377 3779 1451">
    <p class='ocr_par' dir='ltr' id='par_1_28' title="bbox 2196 1377 3779 1451">
     <span class='ocr_line' id='line_1_28' title="bbox 2196 1377 3779 1451; baseline 0.001 -18"><span class='ocrx_word' id='word_1_190' title='bbox 2196 1378 2324 1433; x_wconf 76' lang='grc' dir='ltr'>ἄλλο</span> <span class='ocrx_word' id='word_1_191' title='bbox 2370 1379 2542 1451; x_wconf 69' lang='grc' dir='ltr'>ἔργον</span> <span class='ocrx_word' id='word_1_192' title='bbox 2582 1381 2682 1433; x_wconf 75' lang='grc' dir='ltr'><strong>οὐκ</strong></span> <span class='ocrx_word' id='word_1_193' title='bbox 2724 1379 2957 1450; x_wconf 76' lang='grc' dir='ltr'>ἔχουσιν,</span> <span class='ocrx_word' id='word_1_194' title='bbox 3004 1378 3139 1432; x_wconf 91' lang='grc' dir='ltr'><strong>ἀλλά</strong></span> <span class='ocrx_word' id='word_1_195' title='bbox 3182 1380 3380 1443; x_wconf 82' lang='grc' dir='ltr'>πάντες</span> <span class='ocrx_word' id='word_1_196' title='bbox 3421 1377 3601 1432; x_wconf 84' lang='grc' dir='ltr'>αὐτῶν</span> <span class='ocrx_word' id='word_1_197' title='bbox 3638 1378 3779 1450; x_wconf 79' lang='grc' dir='ltr'>ὁμοῦ</span> 
     </span>
    </p>
   </div>
   <div class='ocr_carea' id='block_1_29' title="bbox 2196 1470 3786 1545">
    <p class='ocr_par' dir='ltr' id='par_1_29' title="bbox 2196 1470 3786 1545">
     <span class='ocr_line' id='line_1_29' title="bbox 2196 1470 3786 1545; baseline 0 -20"><span class='ocrx_word' id='word_1_198' title='bbox 2196 1473 2324 1545; x_wconf 76' lang='grc' dir='ltr'>περὶ</span> <span class='ocrx_word' id='word_1_199' title='bbox 2347 1473 2478 1526; x_wconf 76' lang='grc' dir='ltr'>αὐτὸ</span> <span class='ocrx_word' id='word_1_200' title='bbox 2490 1472 2845 1544; x_wconf 79' lang='grc' dir='ltr'>ἠσχόληνται-;</span> <span class='ocrx_word' id='word_1_201' title='bbox 2871 1473 2941 1525; x_wconf 87' lang='grc' dir='ltr'><strong><em>Ἥ</em></strong></span> <span class='ocrx_word' id='word_1_202' title='bbox 2967 1473 3180 1544; x_wconf 81' lang='grc' dir='ltr'>ὀνάριον</span> <span class='ocrx_word' id='word_1_203' title='bbox 3212 1472 3467 1543; x_wconf 76' lang='grc' dir='ltr'>αἰσθητὸν</span> <span class='ocrx_word' id='word_1_204' title='bbox 3486 1472 3579 1525; x_wconf 76' lang='grc' dir='ltr'><strong>ἐπὶ</strong></span> <span class='ocrx_word' id='word_1_205' title='bbox 3604 1470 3786 1541; x_wconf 54' lang='grc' dir='ltr'>ἀμφόέ</span> 
     </span>
    </p>
   </div>
   <div class='ocr_carea' id='block_1_30' title="bbox 2195 1564 3775 1636">
    <p class='ocr_par' dir='ltr' id='par_1_30' title="bbox 2195 1564 3775 1636">
     <span class='ocr_line' id='line_1_30' title="bbox 2195 1564 3775 1636; baseline 0 -19"><span class='ocrx_word' id='word_1_206' title='bbox 2195 1564 2286 1618; x_wconf 89' lang='grc' dir='ltr'><strong>δου</strong></span> <span class='ocrx_word' id='word_1_207' title='bbox 2332 1565 2555 1628; x_wconf 83' lang='grc' dir='ltr'><strong>δέδεται,</strong></span> <span class='ocrx_word' id='word_1_208' title='bbox 2599 1565 2825 1619; x_wconf 77' lang='grc' dir='ltr'>ἔπαυλιν</span> <span class='ocrx_word' id='word_1_209' title='bbox 2891 1566 2989 1619; x_wconf 74' lang='grc' dir='ltr'><strong>οὐκ</strong></span> <span class='ocrx_word' id='word_1_210' title='bbox 3058 1564 3192 1636; x_wconf 75' lang='grc' dir='ltr'>ἔχει,</span> <span class='ocrx_word' id='word_1_211' title='bbox 3242 1565 3448 1636; x_wconf 81' lang='grc' dir='ltr'>φάτνην</span> <span class='ocrx_word' id='word_1_212' title='bbox 3486 1566 3586 1619; x_wconf 76' lang='grc' dir='ltr'><strong>οὐκ</strong></span> <span class='ocrx_word' id='word_1_213' title='bbox 3640 1564 3775 1635; x_wconf 59' lang='grc' dir='ltr'>ἔχειν,</span> 
     </span>
    </p>
   </div>
   <div class='ocr_carea' id='block_1_31' title="bbox 2197 1654 3780 1728">
    <p class='ocr_par' dir='ltr' id='par_1_31' title="bbox 2197 1654 3780 1728">
     <span class='ocr_line' id='line_1_31' title="bbox 2197 1654 3780 1728; baseline 0 -20"><span class='ocrx_word' id='word_1_214' title='bbox 2197 1658 2280 1719; x_wconf 87' lang='grc' dir='ltr'><strong>είς</strong></span> <span class='ocrx_word' id='word_1_215' title='bbox 2321 1655 2490 1727; x_wconf 78' lang='grc' dir='ltr'>ἀγρὸν</span> <span class='ocrx_word' id='word_1_216' title='bbox 2520 1656 2633 1726; x_wconf 90' lang='grc'><strong>(80)</strong></span> <span class='ocrx_word' id='word_1_217' title='bbox 2662 1657 2723 1710; x_wconf 80' lang='grc' dir='ltr'><strong>οὐ</strong></span> <span class='ocrx_word' id='word_1_218' title='bbox 2757 1657 3113 1728; x_wconf 84' lang='grc' dir='ltr'>κατέρχεται;</span> <span class='ocrx_word' id='word_1_219' title='bbox 3146 1656 3282 1710; x_wconf 84' lang='grc' dir='ltr'>ἀλλὰ</span> <span class='ocrx_word' id='word_1_220' title='bbox 3310 1655 3488 1721; x_wconf 79' lang='grc' dir='ltr'>πῶλος</span> <span class='ocrx_word' id='word_1_221' title='bbox 3520 1654 3780 1727; x_wconf 78' lang='grc' dir='ltr'>αἰσθητὸς</span> 
     </span>
    </p>
   </div>
   <div class='ocr_carea' id='block_1_32' title="bbox 2199 1745 3779 1821">
    <p class='ocr_par' dir='ltr' id='par_1_32' title="bbox 2199 1745 3779 1821">
     <span class='ocr_line' id='line_1_32' title="bbox 2199 1745 3779 1821; baseline -0.002 -18"><span class='ocrx_word' id='word_1_222' title='bbox 2199 1750 2288 1803; x_wconf 79' lang='grc' dir='ltr'><strong>ἐπ’</strong></span> <span class='ocrx_word' id='word_1_223' title='bbox 2331 1750 2575 1821; x_wconf 83' lang='grc' dir='ltr'><strong>ἀμφόδου</strong></span> <span class='ocrx_word' id='word_1_224' title='bbox 2627 1750 2857 1815; x_wconf 81' lang='grc' dir='ltr'>δέδεται,</span> <span class='ocrx_word' id='word_1_225' title='bbox 2899 1750 2993 1804; x_wconf 79' lang='grc' dir='ltr'><strong>καὶ</strong></span> <span class='ocrx_word' id='word_1_226' title='bbox 3045 1750 3243 1813; x_wconf 83' lang='grc' dir='ltr'>πάντες</span> <span class='ocrx_word' id='word_1_227' title='bbox 3288 1750 3345 1801; x_wconf 73' lang='lat' dir='ltr'><strong>ot</strong></span> <span class='ocrx_word' id='word_1_228' title='bbox 3390 1747 3566 1819; x_wconf 83' lang='grc' dir='ltr'>κύριοι</span> <span class='ocrx_word' id='word_1_229' title='bbox 3612 1745 3779 1800; x_wconf 73' lang='grc' dir='ltr'>αὐτοῦ</span> 
     </span>
    </p>
   </div>
   <div class='ocr_carea' id='block_1_33' title="bbox 2202 1839 3780 1915">
    <p class='ocr_par' dir='ltr' id='par_1_33' title="bbox 2202 1839 3780 1915">
     <span class='ocr_line' id='line_1_33' title="bbox 2202 1839 3780 1915; baseline -0.003 -19"><span class='ocrx_word' id='word_1_230' title='bbox 2202 1842 2352 1913; x_wconf 73' lang='grc' dir='ltr'>αὐτῷ</span> <span class='ocrx_word' id='word_1_231' title='bbox 2391 1843 2888 1915; x_wconf 79' lang='grc' dir='ltr'>παρακαθέζονται,</span> <span class='ocrx_word' id='word_1_232' title='bbox 2929 1842 3222 1914; x_wconf 84' lang='grc' dir='ltr'>τηροῦντες</span> <span class='ocrx_word' id='word_1_233' title='bbox 3254 1841 3434 1896; x_wconf 76' lang='grc' dir='ltr'>αὐτόν.</span> <span class='ocrx_word' id='word_1_234' title='bbox 3478 1840 3662 1896; x_wconf 78' lang='grc' dir='ltr'>Ταῦτα</span> <span class='ocrx_word' id='word_1_235' title='bbox 3689 1839 3780 1892; x_wconf 62' lang='grc' dir='ltr'>λέκ-</span> 
     </span>
    </p>
   </div>
   <div class='ocr_carea' id='block_1_34' title="bbox 516 1924 3789 2007">
    <p class='ocr_par' dir='ltr' id='par_1_34' title="bbox 516 1924 3789 2007">
     <span class='ocr_line' id='line_1_34' title="bbox 516 1924 3789 2007; baseline 0.001 -24"><span class='ocrx_word' id='word_1_236' title='bbox 516 1946 632 1998; x_wconf 87' lang='grc' dir='ltr'><strong>γων</strong></span> <span class='ocrx_word' id='word_1_237' title='bbox 679 1930 786 1983; x_wconf 78' lang='grc' dir='ltr'>οὐκ·</span> <span class='ocrx_word' id='word_1_238' title='bbox 815 1929 1023 1999; x_wconf 87' lang='grc' dir='ltr'>ἀναιρῶ</span> <span class='ocrx_word' id='word_1_239' title='bbox 1053 1926 1153 1999; x_wconf 79' lang='grc' dir='ltr'>τὴν</span> <span class='ocrx_word' id='word_1_240' title='bbox 1201 1926 1471 1999; x_wconf 72' lang='grc' dir='ltr'>ίστορίαψ</span> <span class='ocrx_word' id='word_1_241' title='bbox 1508 1927 1570 1979; x_wconf 77' lang='grc' dir='ltr'><strong>οὐ</strong></span> <span class='ocrx_word' id='word_1_242' title='bbox 1612 1925 1720 1997; x_wconf 80' lang='grc' dir='ltr'>γὰρ</span> <span class='ocrx_word' id='word_1_243' title='bbox 1767 1924 2098 1998; x_wconf 83' lang='grc' dir='ltr'>ἀναιροῦμεν</span> <span class='ocrx_word' id='word_1_244' title='bbox 2134 1930 2201 1984; x_wconf 85' lang='grc' dir='ltr'>τὺ</span> <span class='ocrx_word' id='word_1_245' title='bbox 2244 1932 2481 2005; x_wconf 84' lang='grc' dir='ltr'>γράμμα</span> <span class='ocrx_word' id='word_1_246' title='bbox 2522 1932 2612 1987; x_wconf 89' lang='grc' dir='ltr'><strong>διά</strong></span> <span class='ocrx_word' id='word_1_247' title='bbox 2655 1933 2717 1987; x_wconf 85' lang='grc' dir='ltr'>τὸ</span> <span class='ocrx_word' id='word_1_248' title='bbox 2759 1933 2976 2007; x_wconf 80' lang='grc' dir='ltr'>πνεῦμα</span> <span class='ocrx_word' id='word_1_249' title='bbox 3000 1952 3014 1965; x_wconf 76' lang='grc'><strong>’</strong></span> <span class='ocrx_word' id='word_1_250' title='bbox 3060 1933 3195 1988; x_wconf 89' lang='grc' dir='ltr'><strong>ἀλλά</strong></span> <span class='ocrx_word' id='word_1_251' title='bbox 3260 1931 3502 2003; x_wconf 79' lang='grc' dir='ltr'>σώζομεν</span> <span class='ocrx_word' id='word_1_252' title='bbox 3542 1931 3640 2003; x_wconf 75' lang='grc' dir='ltr'><strong>τὴν</strong></span> <span class='ocrx_word' id='word_1_253' title='bbox 3680 1928 3789 1985; x_wconf 62' lang='lat' dir='ltr'><strong>soi</strong></span> 
     </span>
    </p>
   </div>
   <div class='ocr_carea' id='block_1_35' title="bbox 511 2020 1703 2093">
    <p class='ocr_par' dir='ltr' id='par_1_35' title="bbox 511 2020 1703 2093">
     <span class='ocr_line' id='line_1_35' title="bbox 511 2020 1703 2093; baseline -0.002 -18"><span class='ocrx_word' id='word_1_254' title='bbox 511 2022 826 2093; x_wconf 72' lang='grc' dir='ltr'>πνεύματος</span> <span class='ocrx_word' id='word_1_255' title='bbox 852 2021 1081 2093; x_wconf 78' lang='grc' dir='ltr'>δύναμιν</span> <span class='ocrx_word' id='word_1_256' title='bbox 1112 2020 1201 2074; x_wconf 77' lang='grc' dir='ltr'><strong>διὰ</strong></span> <span class='ocrx_word' id='word_1_257' title='bbox 1231 2020 1326 2074; x_wconf 77' lang='grc' dir='ltr'><strong>τοῦ</strong></span> <span class='ocrx_word' id='word_1_258' title='bbox 1352 2020 1703 2091; x_wconf 80' lang='grc' dir='ltr'>γράμματος.</span> 
     </span>
    </p>
   </div>
   <div class='ocr_carea' id='block_1_36' title="bbox 584 2114 2096 2191">
    <p class='ocr_par' dir='ltr' id='par_1_36' title="bbox 584 2114 2096 2182">
     <span class='ocr_line' id='line_1_36' title="bbox 584 2114 2096 2182; baseline 0.001 -11"><span class='ocrx_word' id='word_1_259' title='bbox 584 2116 640 2172; x_wconf 80' lang='lat'>6.</span> <span class='ocrx_word' id='word_1_260' title='bbox 673 2115 883 2171; x_wconf 77' lang='lat' dir='ltr'><strong>Revera</strong></span> <span class='ocrx_word' id='word_1_261' title='bbox 921 2115 1171 2171; x_wconf 82' lang='lat' dir='ltr'><strong>sensibili</strong></span> <span class='ocrx_word' id='word_1_262' title='bbox 1222 2115 1396 2169; x_wconf 84' lang='lat' dir='ltr'><strong>asello</strong></span> <span class='ocrx_word' id='word_1_263' title='bbox 1430 2114 1637 2170; x_wconf 89' lang='lat' dir='ltr'><strong>insedit</strong></span> <span class='ocrx_word' id='word_1_264' title='bbox 1681 2114 1967 2182; x_wconf 88' lang='lat' dir='ltr'><strong>Dominus,</strong></span> <span class='ocrx_word' id='word_1_265' title='bbox 2000 2116 2096 2172; x_wconf 88' lang='lat' dir='ltr'><strong>Be-</strong></span> 
     </span>
    </p>
   </div>
   <div class='ocr_carea' id='block_1_37' title="bbox 2196 2114 3779 2191">
    <p class='ocr_par' dir='ltr' id='par_1_37' title="bbox 2278 2116 3779 2191">
     <span class='ocr_line' id='line_1_37' title="bbox 2278 2116 3779 2191; baseline -0.002 -18"><span class='ocrx_word' id='word_1_266' title='bbox 2278 2119 2331 2174; x_wconf 86' lang='lat'>6.</span> <span class='ocrx_word' id='word_1_267' title='bbox 2373 2119 2610 2191; x_wconf 80' lang='grc' dir='ltr'>’Λληθῶς</span> <span class='ocrx_word' id='word_1_268' title='bbox 2642 2121 2735 2174; x_wconf 72' lang='grc' dir='ltr'>ἐπὶ</span> <span class='ocrx_word' id='word_1_269' title='bbox 2774 2118 2992 2191; x_wconf 85' lang='grc' dir='ltr'>όναρίου</span> <span class='ocrx_word' id='word_1_270' title='bbox 3021 2116 3278 2189; x_wconf 84' lang='grc' dir='ltr'>αίσθητοῦ</span> <span class='ocrx_word' id='word_1_271' title='bbox 3306 2119 3335 2170; x_wconf 92' lang='lat'><strong>6</strong></span> <span class='ocrx_word' id='word_1_272' title='bbox 3358 2117 3560 2189; x_wconf 82' lang='grc' dir='ltr'>Κύριος</span> <span class='ocrx_word' id='word_1_273' title='bbox 3587 2116 3779 2173; x_wconf 61' lang='grc' dir='ltr'>ἐκάθιρ</span> 
     </span>
    </p>
   </div>
   <div class='ocr_carea' id='block_1_38' title="bbox 512 2205 2092 2279">
    <p class='ocr_par' dir='ltr' id='par_1_38' title="bbox 512 2205 2092 2279">
     <span class='ocr_line' id='line_1_38' title="bbox 512 2205 2092 2279; baseline 0 -15"><span class='ocrx_word' id='word_1_274' title='bbox 512 2209 701 2264; x_wconf 86' lang='lat' dir='ltr'><strong>thania</strong></span> <span class='ocrx_word' id='word_1_275' title='bbox 747 2206 1142 2277; x_wconf 82' lang='lat' dir='ltr'><strong>Jerosolymam</strong></span> <span class='ocrx_word' id='word_1_276' title='bbox 1182 2205 1504 2277; x_wconf 82' lang='lat' dir='ltr'><strong>profectus:</strong></span> <span class='ocrx_word' id='word_1_277' title='bbox 1551 2208 1626 2260; x_wconf 87' lang='lat' dir='ltr'><strong>ita</strong></span> <span class='ocrx_word' id='word_1_278' title='bbox 1672 2209 1818 2263; x_wconf 88' lang='lat' dir='ltr'><strong>enim</strong></span> <span class='ocrx_word' id='word_1_279' title='bbox 1855 2209 2092 2279; x_wconf 89' lang='lat' dir='ltr'><strong>prophe-</strong></span> 
     </span>
    </p>
   </div>
   <div class='ocr_carea' id='block_1_39' title="bbox 512 2298 2092 2357">
    <p class='ocr_par' dir='ltr' id='par_1_39' title="bbox 512 2298 2092 2357">
     <span class='ocr_line' id='line_1_39' title="bbox 512 2298 2092 2357; baseline 0.001 -2"><span class='ocrx_word' id='word_1_280' title='bbox 512 2302 650 2355; x_wconf 82' lang='lat' dir='ltr'><strong>tavit</strong></span> <span class='ocrx_word' id='word_1_281' title='bbox 693 2299 991 2355; x_wconf 85' lang='lat' dir='ltr'><strong>Zacharias</strong></span> <span class='ocrx_word' id='word_1_282' title='bbox 1033 2319 1049 2354; x_wconf 86' lang='lat'><strong>:</strong></span> <span class='ocrx_word' id='word_1_283' title='bbox 1090 2317 1110 2352; x_wconf 85' lang='grc'><em>‹</em></span> <span class='ocrx_word' id='word_1_284' title='bbox 1147 2298 1322 2355; x_wconf 80' lang='lat' dir='ltr'><strong>Dicite</strong></span> <span class='ocrx_word' id='word_1_285' title='bbox 1376 2298 1502 2354; x_wconf 74' lang='lat' dir='ltr'><strong>ﬁlia:</strong></span> <span class='ocrx_word' id='word_1_286' title='bbox 1549 2298 1684 2355; x_wconf 87' lang='lat' dir='ltr'><strong>Sion</strong></span> <span class='ocrx_word' id='word_1_287' title='bbox 1731 2318 1744 2355; x_wconf 89' lang='lat'><strong>:</strong></span> <span class='ocrx_word' id='word_1_288' title='bbox 1785 2299 1925 2357; x_wconf 90' lang='lat' dir='ltr'><strong>Ecce</strong></span> <span class='ocrx_word' id='word_1_289' title='bbox 1975 2300 2092 2357; x_wconf 82' lang='lat' dir='ltr'><strong>Rex</strong></span> 
     </span>
    </p>
   </div>
   <div class='ocr_carea' id='block_1_40' title="bbox 511 2389 2093 2461">
    <p class='ocr_par' dir='ltr' id='par_1_40' title="bbox 511 2389 2093 2461">
     <span class='ocr_line' id='line_1_40' title="bbox 511 2389 2093 2461; baseline -0.001 -15"><span class='ocrx_word' id='word_1_290' title='bbox 511 2403 641 2449; x_wconf 83' lang='lat' dir='ltr'><strong>tuus</strong></span> <span class='ocrx_word' id='word_1_291' title='bbox 686 2392 835 2449; x_wconf 85' lang='lat' dir='ltr'><strong>venit</strong></span> <span class='ocrx_word' id='word_1_292' title='bbox 873 2392 968 2447; x_wconf 90' lang='lat' dir='ltr'><strong>tibi</strong></span> <span class='ocrx_word' id='word_1_293' title='bbox 1001 2402 1342 2451; x_wconf 87' lang='lat' dir='ltr'><strong>mansuetus,</strong></span> <span class='ocrx_word' id='word_1_294' title='bbox 1378 2389 1577 2446; x_wconf 89' lang='lat' dir='ltr'><strong>sedens</strong></span> <span class='ocrx_word' id='word_1_295' title='bbox 1600 2407 1767 2461; x_wconf 90' lang='lat' dir='ltr'><strong>super</strong></span> <span class='ocrx_word' id='word_1_296' title='bbox 1799 2393 2013 2447; x_wconf 90' lang='lat' dir='ltr'><strong>asinum</strong></span> <span class='ocrx_word' id='word_1_297' title='bbox 2038 2403 2093 2448; x_wconf 89' lang='lat' dir='ltr'><strong>et</strong></span> 
     </span>
    </p>
   </div>
   <div class='ocr_carea' id='block_1_41' title="bbox 512 2479 2094 2553">
    <p class='ocr_par' dir='ltr' id='par_1_41' title="bbox 512 2479 2094 2553">
     <span class='ocr_line' id='line_1_41' title="bbox 512 2479 2094 2553; baseline -0.001 -15"><span class='ocrx_word' id='word_1_298' title='bbox 512 2483 721 2553; x_wconf 83' lang='lat' dir='ltr'><strong>pullum</strong></span> <span class='ocrx_word' id='word_1_299' title='bbox 771 2482 939 2537; x_wconf 77' lang='lat' dir='ltr'><strong>tilium</strong></span> <span class='ocrx_word' id='word_1_300' title='bbox 971 2481 1273 2552; x_wconf 87' lang='lat' dir='ltr'><strong>subjugalis</strong></span> <span class='ocrx_word' id='word_1_301' title='bbox 1290 2482 1356 2535; x_wconf 73' lang='grc' dir='ltr'><strong>⁸ο.</strong></span> <span class='ocrx_word' id='word_1_302' title='bbox 1397 2502 1416 2534; x_wconf 74' lang='grc' dir='ltr'><strong>ι</strong></span> <span class='ocrx_word' id='word_1_303' title='bbox 1444 2479 1606 2536; x_wconf 88' lang='lat' dir='ltr'><strong>Salva</strong></span> <span class='ocrx_word' id='word_1_304' title='bbox 1654 2481 1822 2551; x_wconf 79' lang='lat' dir='ltr'><strong>igitur</strong></span> <span class='ocrx_word' id='word_1_305' title='bbox 1852 2481 2094 2536; x_wconf 64' lang='lat' dir='ltr'><strong>historia:</strong></span> 
     </span>
    </p>
   </div>
   <div class='ocr_carea' id='block_1_42' title="bbox 511 2570 2092 2644">
    <p class='ocr_par' dir='ltr' id='par_1_42' title="bbox 511 2570 2092 2644">
     <span class='ocr_line' id='line_1_42' title="bbox 511 2570 2092 2644; baseline -0.002 -16"><span class='ocrx_word' id='word_1_306' title='bbox 511 2576 640 2637; x_wconf 73' lang='grc' dir='ltr'>Με,</span> <span class='ocrx_word' id='word_1_307' title='bbox 665 2582 980 2644; x_wconf 88' lang='lat' dir='ltr'><strong>perscrutor</strong></span> <span class='ocrx_word' id='word_1_308' title='bbox 1001 2586 1069 2627; x_wconf 83' lang='lat' dir='ltr'><strong>ea</strong></span> <span class='ocrx_word' id='word_1_309' title='bbox 1082 2587 1203 2642; x_wconf 68' lang='lat' dir='ltr'><strong>quae</strong></span> <span class='ocrx_word' id='word_1_310' title='bbox 1234 2577 1290 2626; x_wconf 84' lang='lat' dir='ltr'><strong>in</strong></span> <span class='ocrx_word' id='word_1_311' title='bbox 1317 2572 1409 2626; x_wconf 86' lang='lat' dir='ltr'><strong>illa</strong></span> <span class='ocrx_word' id='word_1_312' title='bbox 1438 2570 1654 2627; x_wconf 83' lang='lat' dir='ltr'><strong>defossa</strong></span> <span class='ocrx_word' id='word_1_313' title='bbox 1686 2580 1850 2627; x_wconf 89' lang='lat' dir='ltr'><strong>sunt:</strong></span> <span class='ocrx_word' id='word_1_314' title='bbox 1875 2572 2092 2641; x_wconf 91' lang='lat' dir='ltr'><strong>perqui-</strong></span> 
     </span>
    </p>
   </div>
   <div class='ocr_carea' id='block_1_43' title="bbox 511 2662 2092 2732">
    <p class='ocr_par' dir='ltr' id='par_1_43' title="bbox 511 2662 2092 2732">
     <span class='ocr_line' id='line_1_43' title="bbox 511 2662 2092 2732; baseline 0 -14"><span class='ocrx_word' id='word_1_315' title='bbox 511 2668 687 2719; x_wconf 81' lang='lat' dir='ltr'><strong>rimus</strong></span> <span class='ocrx_word' id='word_1_316' title='bbox 734 2664 1035 2731; x_wconf 84' lang='lat' dir='ltr'><strong>repositum</strong></span> <span class='ocrx_word' id='word_1_317' title='bbox 1073 2662 1234 2718; x_wconf 86' lang='lat' dir='ltr'><strong>nobis</strong></span> <span class='ocrx_word' id='word_1_318' title='bbox 1298 2663 1618 2717; x_wconf 84' lang='lat' dir='ltr'><strong>thesaurum</strong></span> <span class='ocrx_word' id='word_1_319' title='bbox 1647 2702 1663 2726; x_wconf 95' lang='lat'><strong>,</strong></span> <span class='ocrx_word' id='word_1_320' title='bbox 1722 2663 2092 2732; x_wconf 83' lang='lat' dir='ltr'><strong>perquirimus</strong></span> 
     </span>
    </p>
   </div>
   <div class='ocr_carea' id='block_1_44' title="bbox 511 2754 2086 2826">
    <p class='ocr_par' dir='ltr' id='par_1_44' title="bbox 511 2754 2086 2826">
     <span class='ocr_line' id='line_1_44' title="bbox 511 2754 2086 2826; baseline -0.003 -12"><span class='ocrx_word' id='word_1_321' title='bbox 511 2757 740 2826; x_wconf 79' lang='lat' dir='ltr'><strong>spiritus</strong></span> <span class='ocrx_word' id='word_1_322' title='bbox 768 2758 898 2811; x_wconf 89' lang='lat' dir='ltr'><strong>vim.</strong></span> <span class='ocrx_word' id='word_1_323' title='bbox 933 2756 1047 2811; x_wconf 85' lang='lat' dir='ltr'><strong>Non</strong></span> <span class='ocrx_word' id='word_1_324' title='bbox 1068 2755 1214 2812; x_wconf 90' lang='lat' dir='ltr'><strong>enim</strong></span> <span class='ocrx_word' id='word_1_325' title='bbox 1239 2755 1400 2809; x_wconf 68' lang='lat' dir='ltr'><strong>nuda:</strong></span> <span class='ocrx_word' id='word_1_326' title='bbox 1443 2754 1685 2809; x_wconf 77' lang='lat' dir='ltr'><strong>historia:</strong></span> <span class='ocrx_word' id='word_1_327' title='bbox 1714 2755 2086 2823; x_wconf 88' lang='lat' dir='ltr'><strong>attendimus;</strong></span> 
     </span>
    </p>
   </div>
   <div class='ocr_carea' id='block_1_45' title="bbox 510 2846 2094 2917">
    <p class='ocr_par' dir='ltr' id='par_1_45' title="bbox 510 2846 2094 2917">
     <span class='ocr_line' id='line_1_45' title="bbox 510 2846 2094 2917; baseline 0.002 -15"><span class='ocrx_word' id='word_1_328' title='bbox 510 2848 822 2903; x_wconf 65' lang='lat' dir='ltr'><strong>Iudaeorum</strong></span> <span class='ocrx_word' id='word_1_329' title='bbox 878 2856 962 2902; x_wconf 89' lang='lat' dir='ltr'><strong>est</strong></span> <span class='ocrx_word' id='word_1_330' title='bbox 1013 2846 1282 2917; x_wconf 85' lang='lat' dir='ltr'><strong>ejusmodi</strong></span> <span class='ocrx_word' id='word_1_331' title='bbox 1321 2847 1578 2902; x_wconf 86' lang='lat' dir='ltr'><strong>stultitia.</strong></span> <span class='ocrx_word' id='word_1_332' title='bbox 1623 2846 1784 2903; x_wconf 86' lang='lat' dir='ltr'><strong>Certe</strong></span> <span class='ocrx_word' id='word_1_333' title='bbox 1828 2846 2094 2905; x_wconf 88' lang='lat' dir='ltr'><strong>Dominus</strong></span> 
     </span>
    </p>
   </div>
   <div class='ocr_carea' id='block_1_46' title="bbox 510 2939 2091 3008">
    <p class='ocr_par' dir='ltr' id='par_1_46' title="bbox 510 2939 2091 3008">
     <span class='ocr_line' id='line_1_46' title="bbox 510 2939 2091 3008; baseline 0 -13"><span class='ocrx_word' id='word_1_334' title='bbox 510 2952 701 2996; x_wconf 78' lang='lat' dir='ltr'><strong>noster</strong></span> <span class='ocrx_word' id='word_1_335' title='bbox 726 2939 887 2995; x_wconf 85' lang='lat' dir='ltr'><strong>Jesus</strong></span> <span class='ocrx_word' id='word_1_336' title='bbox 903 2940 1159 2994; x_wconf 83' lang='lat' dir='ltr'><strong>Christus</strong></span> <span class='ocrx_word' id='word_1_337' title='bbox 1207 2955 1396 2995; x_wconf 89' lang='lat' dir='ltr'><strong>eorum</strong></span> <span class='ocrx_word' id='word_1_338' title='bbox 1425 2954 1731 3007; x_wconf 82' lang='lat' dir='ltr'><strong>coarguens</strong></span> <span class='ocrx_word' id='word_1_339' title='bbox 1761 2942 2050 2995; x_wconf 79' lang='lat' dir='ltr'><strong>amentiam</strong></span> <span class='ocrx_word' id='word_1_340' title='bbox 2074 2985 2091 3008; x_wconf 91' lang='lat'><strong>,</strong></span> 
     </span>
    </p>
   </div>
   <div class='ocr_carea' id='block_1_47' title="bbox 509 3030 2094 3103">
    <p class='ocr_par' dir='ltr' id='par_1_47' title="bbox 509 3030 2094 3103">
     <span class='ocr_line' id='line_1_47' title="bbox 509 3030 2094 3103; baseline 0.002 -17"><span class='ocrx_word' id='word_1_341' title='bbox 509 3033 615 3087; x_wconf 77' lang='lat' dir='ltr'><strong>ait:</strong></span> <span class='ocrx_word' id='word_1_342' title='bbox 642 3051 662 3084; x_wconf 73' lang='grc' dir='ltr'><strong>ι</strong></span> <span class='ocrx_word' id='word_1_343' title='bbox 687 3030 1017 3087; x_wconf 84' lang='lat' dir='ltr'><strong>Scrutamini</strong></span> <span class='ocrx_word' id='word_1_344' title='bbox 1038 3032 1373 3101; x_wconf 87' lang='lat' dir='ltr'><strong>Scripturas,</strong></span> <span class='ocrx_word' id='word_1_345' title='bbox 1398 3033 1526 3100; x_wconf 83' lang='lat' dir='ltr'><strong>quia</strong></span> <span class='ocrx_word' id='word_1_346' title='bbox 1545 3047 1643 3087; x_wconf 91' lang='lat' dir='ltr'><strong>vos</strong></span> <span class='ocrx_word' id='word_1_347' title='bbox 1661 3033 1860 3101; x_wconf 88' lang='lat' dir='ltr'><strong>putatis</strong></span> <span class='ocrx_word' id='word_1_348' title='bbox 1883 3034 1935 3087; x_wconf 92' lang='lat' dir='ltr'><strong>in</strong></span> <span class='ocrx_word' id='word_1_349' title='bbox 1958 3033 2094 3103; x_wconf 91' lang='lat' dir='ltr'><strong>ipsis</strong></span> 
     </span>
    </p>
   </div>
   <div class='ocr_carea' id='block_1_48' title="bbox 519 3121 2096 3180">
    <p class='ocr_par' dir='ltr' id='par_1_48' title="bbox 519 3121 2096 3180">
     <span class='ocr_line' id='line_1_48' title="bbox 519 3121 2096 3180; baseline 0.001 -2"><span class='ocrx_word' id='word_1_350' title='bbox 519 3125 724 3179; x_wconf 87' lang='lat' dir='ltr'><strong>habere</strong></span> <span class='ocrx_word' id='word_1_351' title='bbox 749 3124 915 3177; x_wconf 88' lang='lat' dir='ltr'><strong>vitam</strong></span> <span class='ocrx_word' id='word_1_352' title='bbox 948 3131 1205 3177; x_wconf 70' lang='lat' dir='ltr'><strong>aeternam</strong></span> <span class='ocrx_word' id='word_1_353' title='bbox 1223 3122 1288 3179; x_wconf 84' lang='lat'><strong>&quot;.</strong></span> <span class='ocrx_word' id='word_1_354' title='bbox 1318 3140 1338 3174; x_wconf 74' lang='grc' dir='ltr'><strong>ι</strong></span> <span class='ocrx_word' id='word_1_355' title='bbox 1379 3122 1482 3177; x_wconf 88' lang='lat' dir='ltr'><strong>Sed</strong></span> <span class='ocrx_word' id='word_1_356' title='bbox 1505 3121 1677 3178; x_wconf 66' lang='lat' dir='ltr'><strong>Judaei</strong></span> <span class='ocrx_word' id='word_1_357' title='bbox 1716 3124 1875 3179; x_wconf 58' lang='lat' dir='ltr'><strong>nuda</strong></span> <span class='ocrx_word' id='word_1_358' title='bbox 1902 3125 2096 3180; x_wconf 61' lang='lat' dir='ltr'><strong>litterae</strong></span> 
     </span>
    </p>
   </div>
   <div class='ocr_carea' id='block_1_49' title="bbox 512 3213 2090 3286">
    <p class='ocr_par' dir='ltr' id='par_1_49' title="bbox 512 3213 2090 3286">
     <span class='ocr_line' id='line_1_49' title="bbox 512 3213 2090 3286; baseline 0.002 -18"><span class='ocrx_word' id='word_1_359' title='bbox 512 3215 874 3279; x_wconf 73' lang='lat' dir='ltr'><strong>adhaerentes,</strong></span> <span class='ocrx_word' id='word_1_360' title='bbox 894 3213 1036 3269; x_wconf 85' lang='lat' dir='ltr'><strong>fame</strong></span> <span class='ocrx_word' id='word_1_361' title='bbox 1058 3215 1368 3284; x_wconf 85' lang='lat' dir='ltr'><strong>consumpti</strong></span> <span class='ocrx_word' id='word_1_362' title='bbox 1397 3223 1546 3269; x_wconf 89' lang='lat' dir='ltr'><strong>sunt.</strong></span> <span class='ocrx_word' id='word_1_363' title='bbox 1572 3214 1740 3270; x_wconf 85' lang='lat' dir='ltr'><strong>Gnari</strong></span> <span class='ocrx_word' id='word_1_364' title='bbox 1763 3217 1946 3286; x_wconf 88' lang='lat' dir='ltr'><strong>itaque</strong></span> <span class='ocrx_word' id='word_1_365' title='bbox 1968 3232 2090 3282; x_wconf 90' lang='lat' dir='ltr'><strong>nos,</strong></span> 
     </span>
    </p>
   </div>
   <div class='ocr_carea' id='block_1_50' title="bbox 513 3289 2087 3376">
    <p class='ocr_par' dir='ltr' id='par_1_50' title="bbox 513 3289 2087 3376">
     <span class='ocr_line' id='line_1_50' title="bbox 513 3289 2087 3376; baseline 0.003 -19"><span class='ocrx_word' id='word_1_366' title='bbox 513 3305 623 3376; x_wconf 81' lang='lat'><strong>59</strong></span> <span class='ocrx_word' id='word_1_367' title='bbox 638 3289 865 3366; x_wconf 28' lang='lat' dir='ltr'><strong>‘l‘ratres,</strong></span> <span class='ocrx_word' id='word_1_368' title='bbox 883 3305 1122 3359; x_wconf 85' lang='lat' dir='ltr'><strong>litteram</strong></span> <span class='ocrx_word' id='word_1_369' title='bbox 1140 3303 1413 3368; x_wconf 87' lang='lat' dir='ltr'><strong>occidere,</strong></span> <span class='ocrx_word' id='word_1_370' title='bbox 1436 3305 1693 3375; x_wconf 83' lang='lat' dir='ltr'><strong>spiritum</strong></span> <span class='ocrx_word' id='word_1_371' title='bbox 1707 3314 1887 3361; x_wconf 88' lang='lat' dir='ltr'><strong>autem</strong></span> <span class='ocrx_word' id='word_1_372' title='bbox 1911 3305 2087 3361; x_wconf 79' lang='lat' dir='ltr'><strong>viviti-</strong></span> 
     </span>
    </p>
   </div>
   <div class='ocr_carea' id='block_1_51' title="bbox 514 3391 2087 3465">
    <p class='ocr_par' dir='ltr' id='par_1_51' title="bbox 514 3391 2087 3465">
     <span class='ocr_line' id='line_1_51' title="bbox 514 3391 2087 3465; baseline 0.001 -16"><span class='ocrx_word' id='word_1_373' title='bbox 514 3409 672 3460; x_wconf 83' lang='lat' dir='ltr'><strong>eare;</strong></span> <span class='ocrx_word' id='word_1_374' title='bbox 694 3409 805 3449; x_wconf 91' lang='lat' dir='ltr'><strong>non</strong></span> <span class='ocrx_word' id='word_1_375' title='bbox 830 3394 993 3448; x_wconf 86' lang='lat' dir='ltr'><strong>modo</strong></span> <span class='ocrx_word' id='word_1_376' title='bbox 1016 3394 1299 3449; x_wconf 84' lang='lat' dir='ltr'><strong>historiam</strong></span> <span class='ocrx_word' id='word_1_377' title='bbox 1326 3391 1740 3464; x_wconf 85' lang='lat' dir='ltr'><strong>Scripturarum</strong></span> <span class='ocrx_word' id='word_1_378' title='bbox 1772 3411 2087 3465; x_wconf 88' lang='lat' dir='ltr'><strong>sequamur,</strong></span> 
     </span>
    </p>
   </div>
   <div class='ocr_carea' id='block_1_52' title="bbox 517 3460 2161 3555">
    <p class='ocr_par' dir='ltr' id='par_1_52' title="bbox 517 3460 2161 3555">
     <span class='ocr_line' id='line_1_52' title="bbox 517 3460 2161 3555; baseline 0.002 -16"><span class='ocrx_word' id='word_1_379' title='bbox 517 3500 716 3555; x_wconf 79' lang='lat' dir='ltr'><strong>neque,</strong></span> <span class='ocrx_word' id='word_1_380' title='bbox 747 3493 807 3540; x_wconf 93' lang='lat' dir='ltr'><strong>ut</strong></span> <span class='ocrx_word' id='word_1_381' title='bbox 839 3484 1037 3547; x_wconf 68' lang='lat' dir='ltr'><strong>Judaei,</strong></span> <span class='ocrx_word' id='word_1_382' title='bbox 1063 3487 1223 3539; x_wconf 71' lang='lat' dir='ltr'><strong>nudae</strong></span> <span class='ocrx_word' id='word_1_383' title='bbox 1252 3460 1939 3551; x_wconf 42' lang='lat' dir='ltr'><strong>litterae-adbmrescamus,</strong></span> <span class='ocrx_word' id='word_1_384' title='bbox 1970 3460 2088 3551; x_wconf 83' lang='lat' dir='ltr'><strong>sed,</strong></span> <span class='ocrx_word' id='word_1_385' title='bbox 2116 3460 2161 3516; x_wconf 65' lang='grc' dir='ltr'>ο</span> 
     </span>
    </p>
   </div>
   <div class='ocr_carea' id='block_1_53' title="bbox 517 3574 2093 3647">
    <p class='ocr_par' dir='ltr' id='par_1_53' title="bbox 517 3574 2093 3647">
     <span class='ocr_line' id='line_1_53' title="bbox 517 3574 2093 3647; baseline 0.004 -20"><span class='ocrx_word' id='word_1_386' title='bbox 517 3584 579 3629; x_wconf 80' lang='grc' dir='ltr'><strong>ιιι</strong></span> <span class='ocrx_word' id='word_1_387' title='bbox 605 3576 871 3645; x_wconf 85' lang='lat' dir='ltr'><strong>scriptum</strong></span> <span class='ocrx_word' id='word_1_388' title='bbox 892 3584 995 3638; x_wconf 91' lang='lat' dir='ltr'><strong>est,</strong></span> <span class='ocrx_word' id='word_1_389' title='bbox 1021 3584 1334 3631; x_wconf 88' lang='lat' dir='ltr'><strong>scr-utemur</strong></span> <span class='ocrx_word' id='word_1_390' title='bbox 1358 3574 1694 3647; x_wconf 88' lang='lat' dir='ltr'><strong>Scripturas,</strong></span> <span class='ocrx_word' id='word_1_391' title='bbox 1718 3586 1778 3632; x_wconf 91' lang='lat' dir='ltr'><strong>ut</strong></span> <span class='ocrx_word' id='word_1_392' title='bbox 1803 3578 1876 3632; x_wconf 87' lang='lat' dir='ltr'><strong>ita</strong></span> <span class='ocrx_word' id='word_1_393' title='bbox 1904 3594 2093 3634; x_wconf 86' lang='lat' dir='ltr'><strong>earum</strong></span> 
     </span>
    </p>
   </div>
   <div class='ocr_carea' id='block_1_54' title="bbox 513 3664 2097 3739">
    <p class='ocr_par' dir='ltr' id='par_1_54' title="bbox 513 3664 2097 3739">
     <span class='ocr_line' id='line_1_54' title="bbox 513 3664 2097 3739; baseline 0.002 -18"><span class='ocrx_word' id='word_1_394' title='bbox 513 3666 583 3722; x_wconf 90' lang='lat' dir='ltr'><strong>de</strong></span> <span class='ocrx_word' id='word_1_395' title='bbox 612 3664 740 3722; x_wconf 81' lang='lat' dir='ltr'><strong>Jesu</strong></span> <span class='ocrx_word' id='word_1_396' title='bbox 773 3666 995 3722; x_wconf 82' lang='lat' dir='ltr'><strong>Christo</strong></span> <span class='ocrx_word' id='word_1_397' title='bbox 1035 3666 1359 3722; x_wconf 87' lang='lat' dir='ltr'><strong>testimonia</strong></span> <span class='ocrx_word' id='word_1_398' title='bbox 1386 3668 1570 3723; x_wconf 89' lang='lat' dir='ltr'><strong>animo</strong></span> <span class='ocrx_word' id='word_1_399' title='bbox 1610 3669 1873 3739; x_wconf 79' lang='lat' dir='ltr'><strong>colligere</strong></span> <span class='ocrx_word' id='word_1_400' title='bbox 1913 3670 2097 3726; x_wconf 82' lang='lat' dir='ltr'><strong>valea-</strong></span> 
     </span>
    </p>
   </div>
   <div class='ocr_carea' id='block_1_55' title="bbox 510 3756 2095 3830">
    <p class='ocr_par' dir='ltr' id='par_1_55' title="bbox 510 3756 2095 3830">
     <span class='ocr_line' id='line_1_55' title="bbox 510 3756 2095 3830; baseline 0.003 -18"><span class='ocrx_word' id='word_1_401' title='bbox 510 3773 658 3814; x_wconf 87' lang='lat' dir='ltr'><strong>mus.</strong></span> <span class='ocrx_word' id='word_1_402' title='bbox 690 3757 968 3814; x_wconf 82' lang='lat' dir='ltr'><strong>Ridebunt</strong></span> <span class='ocrx_word' id='word_1_403' title='bbox 989 3774 1123 3815; x_wconf 86' lang='lat' dir='ltr'><strong>sane</strong></span> <span class='ocrx_word' id='word_1_404' title='bbox 1143 3756 1342 3823; x_wconf 62' lang='lat' dir='ltr'><strong>Graeci,</strong></span> <span class='ocrx_word' id='word_1_405' title='bbox 1361 3759 1703 3830; x_wconf 86' lang='lat' dir='ltr'><strong>objectantes</strong></span> <span class='ocrx_word' id='word_1_406' title='bbox 1721 3763 1902 3829; x_wconf 88' lang='lat' dir='ltr'><strong>nobis,</strong></span> <span class='ocrx_word' id='word_1_407' title='bbox 1926 3760 2095 3817; x_wconf 92' lang='lat' dir='ltr'><strong>Deum</strong></span> 
     </span>
    </p>
   </div>
   <div class='ocr_carea' id='block_1_56' title="bbox 511 3846 2151 3924">
    <p class='ocr_par' dir='ltr' id='par_1_56' title="bbox 511 3846 2151 3924">
     <span class='ocr_line' id='line_1_56' title="bbox 511 3846 2151 3924; baseline 0.002 -19"><span class='ocrx_word' id='word_1_408' title='bbox 511 3848 998 3916; x_wconf 81' lang='lat' dir='ltr'><strong>Christianorum,</strong></span> <span class='ocrx_word' id='word_1_409' title='bbox 1048 3852 1144 3922; x_wconf 90' lang='lat' dir='ltr'><strong>qui</strong></span> <span class='ocrx_word' id='word_1_410' title='bbox 1192 3850 1449 3908; x_wconf 85' lang='lat' dir='ltr'><strong>Christus</strong></span> <span class='ocrx_word' id='word_1_411' title='bbox 1505 3867 1876 3924; x_wconf 88' lang='lat' dir='ltr'><strong>nuncupatur,</strong></span> <span class='ocrx_word' id='word_1_412' title='bbox 1926 3856 2097 3911; x_wconf 89' lang='lat' dir='ltr'><strong>asello</strong></span> <span class='ocrx_word' id='word_1_413' title='bbox 2138 3846 2151 3856; x_wconf 71' lang='grc'><em>“</em></span> 
     </span>
    </p>
   </div>
   <div class='ocr_carea' id='block_1_57' title="bbox 512 3940 2098 4018">
    <p class='ocr_par' dir='ltr' id='par_1_57' title="bbox 512 3940 2098 4018">
     <span class='ocr_line' id='line_1_57' title="bbox 512 3940 2098 4018; baseline 0.006 -24"><span class='ocrx_word' id='word_1_414' title='bbox 512 3941 805 3997; x_wconf 84' lang='lat' dir='ltr'><strong>insedisse.</strong></span> <span class='ocrx_word' id='word_1_415' title='bbox 837 3940 943 3998; x_wconf 88' lang='lat' dir='ltr'><strong>Sed</strong></span> <span class='ocrx_word' id='word_1_416' title='bbox 976 3958 1080 3999; x_wconf 90' lang='lat' dir='ltr'><strong>nos</strong></span> <span class='ocrx_word' id='word_1_417' title='bbox 1103 3958 1284 4014; x_wconf 88' lang='lat' dir='ltr'><strong>neque</strong></span> <span class='ocrx_word' id='word_1_418' title='bbox 1304 3944 1359 3998; x_wconf 92' lang='lat' dir='ltr'><strong>in</strong></span> <span class='ocrx_word' id='word_1_419' title='bbox 1389 3944 1559 4000; x_wconf 87' lang='lat' dir='ltr'><strong>dubio</strong></span> <span class='ocrx_word' id='word_1_420' title='bbox 1580 3961 1889 4011; x_wconf 86' lang='lat' dir='ltr'><strong>versamur,</strong></span> <span class='ocrx_word' id='word_1_421' title='bbox 1922 3963 2098 4018; x_wconf 83' lang='lat' dir='ltr'><strong>neque</strong></span> 
     </span>
    </p>
   </div>
   <div class='ocr_carea' id='block_1_58' title="bbox 514 4033 2088 4103">
    <p class='ocr_par' dir='ltr' id='par_1_58' title="bbox 514 4033 2088 4103">
     <span class='ocr_line' id='line_1_58' title="bbox 514 4033 2088 4103; baseline 0.004 -16"><span class='ocrx_word' id='word_1_422' title='bbox 514 4047 780 4103; x_wconf 75' lang='lat' dir='ltr'><strong>negamus</strong></span> <span class='ocrx_word' id='word_1_423' title='bbox 807 4033 928 4103; x_wconf 88' lang='lat' dir='ltr'><strong>ejus</strong></span> <span class='ocrx_word' id='word_1_424' title='bbox 957 4034 1013 4088; x_wconf 88' lang='lat' dir='ltr'><strong>in</strong></span> <span class='ocrx_word' id='word_1_425' title='bbox 1048 4050 1217 4091; x_wconf 82' lang='lat' dir='ltr'><strong>carne</strong></span> <span class='ocrx_word' id='word_1_426' title='bbox 1250 4035 1582 4092; x_wconf 68' lang='lat' dir='ltr'><strong>adventurm.</strong></span> <span class='ocrx_word' id='word_1_427' title='bbox 1606 4038 1734 4093; x_wconf 84' lang='lat' dir='ltr'><strong>Ideo</strong></span> <span class='ocrx_word' id='word_1_428' title='bbox 1778 4039 1925 4093; x_wconf 89' lang='lat' dir='ltr'><strong>enim</strong></span> <span class='ocrx_word' id='word_1_429' title='bbox 1971 4054 2088 4094; x_wconf 88' lang='lat' dir='ltr'><strong>cor-</strong></span> 
     </span>
    </p>
   </div>
   <div class='ocr_carea' id='block_1_59' title="bbox 512 4124 2099 4200">
    <p class='ocr_par' dir='ltr' id='par_1_59' title="bbox 512 4124 2099 4200">
     <span class='ocr_line' id='line_1_59' title="bbox 512 4124 2099 4200; baseline 0.004 -23"><span class='ocrx_word' id='word_1_430' title='bbox 512 4124 776 4194; x_wconf 76' lang='lat' dir='ltr'><strong>poraliter</strong></span> <span class='ocrx_word' id='word_1_431' title='bbox 805 4125 1188 4195; x_wconf 75' lang='lat' dir='ltr'><strong>peregrinatus</strong></span> <span class='ocrx_word' id='word_1_432' title='bbox 1221 4134 1327 4190; x_wconf 87' lang='lat' dir='ltr'><strong>est,</strong></span> <span class='ocrx_word' id='word_1_433' title='bbox 1367 4134 1426 4180; x_wconf 93' lang='lat' dir='ltr'><strong>ut</strong></span> <span class='ocrx_word' id='word_1_434' title='bbox 1459 4127 1510 4181; x_wconf 92' lang='lat' dir='ltr'><strong>id</strong></span> <span class='ocrx_word' id='word_1_435' title='bbox 1543 4128 1687 4196; x_wconf 82' lang='lat' dir='ltr'><strong>quod</strong></span> <span class='ocrx_word' id='word_1_436' title='bbox 1711 4129 1946 4198; x_wconf 88' lang='lat' dir='ltr'><strong>perierat</strong></span> <span class='ocrx_word' id='word_1_437' title='bbox 1971 4145 2099 4200; x_wconf 83' lang='lat' dir='ltr'><strong>per-</strong></span> 
     </span>
    </p>
   </div>
   <div class='ocr_carea' id='block_1_60' title="bbox 513 4213 2095 4285">
    <p class='ocr_par' dir='ltr' id='par_1_60' title="bbox 513 4213 2095 4285">
     <span class='ocr_line' id='line_1_60' title="bbox 513 4213 2095 4285; baseline 0.006 -18"><span class='ocrx_word' id='word_1_438' title='bbox 513 4213 787 4284; x_wconf 89' lang='lat' dir='ltr'><strong>quirendo</strong></span> <span class='ocrx_word' id='word_1_439' title='bbox 822 4215 1111 4284; x_wconf 86' lang='lat' dir='ltr'><strong>reperiret,</strong></span> <span class='ocrx_word' id='word_1_440' title='bbox 1142 4225 1198 4271; x_wconf 91' lang='lat' dir='ltr'><strong>et</strong></span> <span class='ocrx_word' id='word_1_441' title='bbox 1235 4216 1385 4285; x_wconf 90' lang='lat' dir='ltr'><strong>quod</strong></span> <span class='ocrx_word' id='word_1_442' title='bbox 1417 4217 1642 4272; x_wconf 89' lang='lat' dir='ltr'><strong>errabat</strong></span> <span class='ocrx_word' id='word_1_443' title='bbox 1673 4219 1980 4277; x_wconf 91' lang='lat' dir='ltr'><strong>reduceret.</strong></span> <span class='ocrx_word' id='word_1_444' title='bbox 2017 4221 2095 4276; x_wconf 85' lang='lat' dir='ltr'><strong>Ita</strong></span> 
     </span>
    </p>
   </div>
   <div class='ocr_carea' id='block_1_61' title="bbox 511 4307 2093 4380">
    <p class='ocr_par' dir='ltr' id='par_1_61' title="bbox 511 4307 2093 4380">
     <span class='ocr_line' id='line_1_61' title="bbox 511 4307 2093 4380; baseline 0.004 -18"><span class='ocrx_word' id='word_1_445' title='bbox 511 4308 661 4362; x_wconf 89' lang='lat' dir='ltr'><strong>enim</strong></span> <span class='ocrx_word' id='word_1_446' title='bbox 711 4323 810 4380; x_wconf 91' lang='lat' dir='ltr'><strong>per</strong></span> <span class='ocrx_word' id='word_1_447' title='bbox 863 4308 1187 4378; x_wconf 88' lang='lat' dir='ltr'><strong>prophetam</strong></span> <span class='ocrx_word' id='word_1_448' title='bbox 1231 4307 1619 4366; x_wconf 89' lang='lat' dir='ltr'><strong>denuntiavit:</strong></span> <span class='ocrx_word' id='word_1_449' title='bbox 1651 4330 1671 4363; x_wconf 73' lang='grc' dir='ltr'><strong>ι</strong></span> <span class='ocrx_word' id='word_1_450' title='bbox 1713 4311 2093 4380; x_wconf 85' lang='lat' dir='ltr'><strong>Revertimini,</strong></span> 
     </span>
    </p>
   </div>
   <div class='ocr_carea' id='block_1_62' title="bbox 512 4397 2093 4471">
    <p class='ocr_par' dir='ltr' id='par_1_62' title="bbox 512 4397 2093 4471">
     <span class='ocr_line' id='line_1_62' title="bbox 512 4397 2093 4471; baseline 0.005 -18"><span class='ocrx_word' id='word_1_451' title='bbox 512 4397 609 4453; x_wconf 73' lang='lat' dir='ltr'><strong>lilii</strong></span> <span class='ocrx_word' id='word_1_452' title='bbox 663 4407 1018 4463; x_wconf 88' lang='lat' dir='ltr'><strong>revertentes,</strong></span> <span class='ocrx_word' id='word_1_453' title='bbox 1073 4407 1128 4454; x_wconf 91' lang='lat' dir='ltr'><strong>et</strong></span> <span class='ocrx_word' id='word_1_454' title='bbox 1185 4415 1287 4471; x_wconf 84' lang='lat' dir='ltr'><strong>ego</strong></span> <span class='ocrx_word' id='word_1_455' title='bbox 1334 4400 1542 4455; x_wconf 89' lang='lat' dir='ltr'><strong>sanabo</strong></span> <span class='ocrx_word' id='word_1_456' title='bbox 1591 4403 1950 4459; x_wconf 86' lang='lat' dir='ltr'><strong>contritiones</strong></span> <span class='ocrx_word' id='word_1_457' title='bbox 1995 4422 2093 4461; x_wconf 85' lang='lat' dir='ltr'><strong>ve-</strong></span> 
     </span>
    </p>
   </div>
   <div class='ocr_carea' id='block_1_63' title="bbox 509 4480 2093 4560">
    <p class='ocr_par' dir='ltr' id='par_1_63' title="bbox 509 4480 2093 4560">
     <span class='ocr_line' id='line_1_63' title="bbox 509 4480 2093 4560; baseline 0.003 -15"><span class='ocrx_word' id='word_1_458' title='bbox 509 4480 659 4546; x_wconf 72' lang='lat' dir='ltr'><strong>stras</strong></span> <span class='ocrx_word' id='word_1_459' title='bbox 675 4491 743 4545; x_wconf 83' lang='lat'><strong>&quot;.</strong></span> <span class='ocrx_word' id='word_1_460' title='bbox 782 4509 801 4543; x_wconf 72' lang='grc' dir='ltr'><strong>ι</strong></span> <span class='ocrx_word' id='word_1_461' title='bbox 831 4488 952 4544; x_wconf 84' lang='grc' dir='ltr'>Νοη</span> <span class='ocrx_word' id='word_1_462' title='bbox 990 4490 1090 4544; x_wconf 88' lang='lat' dir='ltr'><strong>abs</strong></span> <span class='ocrx_word' id='word_1_463' title='bbox 1113 4504 1171 4544; x_wconf 89' lang='lat' dir='ltr'><strong>re</strong></span> <span class='ocrx_word' id='word_1_464' title='bbox 1192 4490 1358 4560; x_wconf 79' lang='lat' dir='ltr'><strong>igitur</strong></span> <span class='ocrx_word' id='word_1_465' title='bbox 1388 4490 1503 4544; x_wconf 61' lang='lat' dir='ltr'><strong>haec</strong></span> <span class='ocrx_word' id='word_1_466' title='bbox 1522 4491 1904 4560; x_wconf 76' lang='lat' dir='ltr'><strong>significantur</strong></span> <span class='ocrx_word' id='word_1_467' title='bbox 1933 4493 1988 4547; x_wconf 91' lang='lat' dir='ltr'><strong>in</strong></span> <span class='ocrx_word' id='word_1_468' title='bbox 2007 4493 2093 4549; x_wconf 86' lang='lat' dir='ltr'><strong>di—</strong></span> 
     </span>
    </p>
   </div>
   <div class='ocr_carea' id='block_1_64' title="bbox 508 4579 2094 4654">
    <p class='ocr_par' dir='ltr' id='par_1_64' title="bbox 508 4579 2094 4654">
     <span class='ocr_line' id='line_1_64' title="bbox 508 4579 2094 4654; baseline 0.003 -19"><span class='ocrx_word' id='word_1_469' title='bbox 508 4582 656 4636; x_wconf 87' lang='lat' dir='ltr'><strong>vinis</strong></span> <span class='ocrx_word' id='word_1_470' title='bbox 688 4579 1017 4649; x_wconf 85' lang='lat' dir='ltr'><strong>Scripturis,</strong></span> <span class='ocrx_word' id='word_1_471' title='bbox 1042 4581 1251 4635; x_wconf 89' lang='lat' dir='ltr'><strong>dilecti.</strong></span> <span class='ocrx_word' id='word_1_472' title='bbox 1286 4579 1519 4652; x_wconf 90' lang='lat' dir='ltr'><strong>Magnus</strong></span> <span class='ocrx_word' id='word_1_473' title='bbox 1554 4582 1642 4637; x_wconf 88' lang='lat' dir='ltr'><strong>hic</strong></span> <span class='ocrx_word' id='word_1_474' title='bbox 1673 4584 1858 4652; x_wconf 90' lang='lat' dir='ltr'><strong>pullus</strong></span> <span class='ocrx_word' id='word_1_475' title='bbox 1885 4595 1968 4639; x_wconf 90' lang='lat' dir='ltr'><strong>est</strong></span> <span class='ocrx_word' id='word_1_476' title='bbox 1998 4587 2094 4654; x_wconf 89' lang='lat' dir='ltr'><strong>qui</strong></span> 
     </span>
    </p>
   </div>
   <div class='ocr_carea' id='block_1_65' title="bbox 512 4671 2095 4747">
    <p class='ocr_par' dir='ltr' id='par_1_65' title="bbox 512 4671 2095 4747">
     <span class='ocr_line' id='line_1_65' title="bbox 512 4671 2095 4747; baseline 0.005 -22"><span class='ocrx_word' id='word_1_477' title='bbox 512 4672 667 4736; x_wconf 86' lang='lat' dir='ltr'><strong>alibi,</strong></span> <span class='ocrx_word' id='word_1_478' title='bbox 707 4691 727 4724; x_wconf 80' lang='lat'><strong>¢</strong></span> <span class='ocrx_word' id='word_1_479' title='bbox 759 4671 934 4727; x_wconf 87' lang='lat' dir='ltr'><strong>Filius</strong></span> <span class='ocrx_word' id='word_1_480' title='bbox 961 4673 1151 4742; x_wconf 87' lang='lat' dir='ltr'><strong>junior</strong></span> <span class='ocrx_word' id='word_1_481' title='bbox 1180 4694 1201 4726; x_wconf 79' lang='grc'><strong>)</strong></span> <span class='ocrx_word' id='word_1_482' title='bbox 1235 4681 1484 4728; x_wconf 88' lang='lat' dir='ltr'><strong>vocatur.</strong></span> <span class='ocrx_word' id='word_1_483' title='bbox 1519 4673 1654 4728; x_wconf 85' lang='lat' dir='ltr'><strong>Nam</strong></span> <span class='ocrx_word' id='word_1_484' title='bbox 1680 4676 1896 4745; x_wconf 89' lang='lat' dir='ltr'><strong>pullus,</strong></span> <span class='ocrx_word' id='word_1_485' title='bbox 1933 4677 2095 4747; x_wconf 90' lang='lat' dir='ltr'><strong>juve-</strong></span> 
     </span>
    </p>
   </div>
   <div class='ocr_carea' id='block_1_66' title="bbox 511 4763 2092 4840">
    <p class='ocr_par' dir='ltr' id='par_1_66' title="bbox 511 4763 2092 4840">
     <span class='ocr_line' id='line_1_66' title="bbox 511 4763 2092 4840; baseline 0.001 -17"><span class='ocrx_word' id='word_1_486' title='bbox 511 4766 601 4823; x_wconf 78' lang='lat' dir='ltr'><strong>nis</strong></span> <span class='ocrx_word' id='word_1_487' title='bbox 628 4773 714 4820; x_wconf 91' lang='lat' dir='ltr'><strong>est</strong></span> <span class='ocrx_word' id='word_1_488' title='bbox 744 4764 956 4821; x_wconf 89' lang='lat' dir='ltr'><strong>asinus.</strong></span> <span class='ocrx_word' id='word_1_489' title='bbox 986 4763 1097 4822; x_wconf 75' lang='lat' dir='ltr'><strong>Nos</strong></span> <span class='ocrx_word' id='word_1_490' title='bbox 1129 4766 1336 4837; x_wconf 87' lang='lat' dir='ltr'><strong>itaque,</strong></span> <span class='ocrx_word' id='word_1_491' title='bbox 1362 4766 1418 4821; x_wconf 92' lang='lat' dir='ltr'><strong>id</strong></span> <span class='ocrx_word' id='word_1_492' title='bbox 1447 4775 1536 4823; x_wconf 90' lang='lat' dir='ltr'><strong>est</strong></span> <span class='ocrx_word' id='word_1_493' title='bbox 1595 4769 1836 4824; x_wconf 85' lang='lat' dir='ltr'><strong>humana</strong></span> <span class='ocrx_word' id='word_1_494' title='bbox 1871 4781 2092 4840; x_wconf 82' lang='lat' dir='ltr'><strong>natura,</strong></span> 
     </span>
    </p>
   </div>
   <div class='ocr_carea' id='block_1_67' title="bbox 2144 2207 3775 2283">
    <p class='ocr_par' dir='ltr' id='par_1_67' title="bbox 2144 2207 3775 2283">
     <span class='ocr_line' id='line_1_67' title="bbox 2144 2207 3775 2283; baseline -0.002 -19"><span class='ocrx_word' id='word_1_495' title='bbox 2144 2230 2153 2238; x_wconf 85' lang='grc'><strong>·</strong></span> <span class='ocrx_word' id='word_1_496' title='bbox 2198 2228 2289 2264; x_wconf 89' lang='grc' dir='ltr'><strong>σεν</strong></span> <span class='ocrx_word' id='word_1_497' title='bbox 2330 2211 2442 2283; x_wconf 81' lang='grc'>(81)</span> <span class='ocrx_word' id='word_1_498' title='bbox 2484 2211 2778 2283; x_wconf 77' lang='grc' dir='ltr'>ἐρχόμενος</span> <span class='ocrx_word' id='word_1_499' title='bbox 2820 2209 2931 2264; x_wconf 81' lang='grc' dir='ltr'>ἀπὸ</span> <span class='ocrx_word' id='word_1_500' title='bbox 2962 2208 3231 2280; x_wconf 80' lang='grc' dir='ltr'>Βηθανίας</span> <span class='ocrx_word' id='word_1_501' title='bbox 3268 2209 3349 2272; x_wconf 86' lang='grc' dir='ltr'><strong>είς</strong></span> <span class='ocrx_word' id='word_1_502' title='bbox 3387 2207 3775 2280; x_wconf 79' lang='grc' dir='ltr'>Ἰεροσόλυμαο</span> 
     </span>
    </p>
   </div>
   <div class='ocr_carea' id='block_1_68' title="bbox 2193 2300 3779 2375">
    <p class='ocr_par' dir='ltr' id='par_1_68' title="bbox 2193 2300 3779 2375">
     <span class='ocr_line' id='line_1_68' title="bbox 2193 2300 3779 2375; baseline -0.002 -19"><span class='ocrx_word' id='word_1_503' title='bbox 2193 2302 2335 2356; x_wconf 80' lang='grc' dir='ltr'>οὕτω</span> <span class='ocrx_word' id='word_1_504' title='bbox 2358 2303 2468 2375; x_wconf 84' lang='grc' dir='ltr'>γὰρ</span> <span class='ocrx_word' id='word_1_505' title='bbox 2510 2302 2784 2374; x_wconf 79' lang='grc' dir='ltr'>Ζαχαρίας</span> <span class='ocrx_word' id='word_1_506' title='bbox 2821 2300 3151 2375; x_wconf 84' lang='grc' dir='ltr'>προφητεύει</span> <span class='ocrx_word' id='word_1_507' title='bbox 3173 2300 3380 2369; x_wconf 79' lang='grc' dir='ltr'>λέγων’</span> <span class='ocrx_word' id='word_1_508' title='bbox 3417 2319 3435 2351; x_wconf 71' lang='grc' dir='ltr'><strong>ι</strong></span> <span class='ocrx_word' id='word_1_509' title='bbox 3472 2300 3677 2353; x_wconf 80' lang='grc' dir='ltr'>Εἴπατε</span> <span class='ocrx_word' id='word_1_510' title='bbox 3709 2303 3779 2372; x_wconf 68' lang='grc' dir='ltr'>τί</span> 
     </span>
    </p>
   </div>
   <div class='ocr_carea' id='block_1_69' title="bbox 2194 2390 3780 2465">
    <p class='ocr_par' dir='ltr' id='par_1_69' title="bbox 2194 2390 3780 2465">
     <span class='ocr_line' id='line_1_69' title="bbox 2194 2390 3780 2465; baseline -0.001 -19"><span class='ocrx_word' id='word_1_511' title='bbox 2194 2392 2424 2465; x_wconf 78' lang='grc' dir='ltr'>θυγατρὶ</span> <span class='ocrx_word' id='word_1_512' title='bbox 2455 2391 2619 2447; x_wconf 74' lang='grc' dir='ltr'><strong>Σιὼψ</strong></span> <span class='ocrx_word' id='word_1_513' title='bbox 2664 2394 2795 2447; x_wconf 82' lang='grc' dir='ltr'>Ἰδοὺ</span> <span class='ocrx_word' id='word_1_514' title='bbox 2822 2394 2852 2446; x_wconf 91' lang='lat'><strong>6</strong></span> <span class='ocrx_word' id='word_1_515' title='bbox 2883 2391 3146 2455; x_wconf 83' lang='grc' dir='ltr'>Βασιλεύς</span> <span class='ocrx_word' id='word_1_516' title='bbox 3174 2408 3266 2444; x_wconf 92' lang='grc' dir='ltr'><strong>σου</strong></span> <span class='ocrx_word' id='word_1_517' title='bbox 3304 2390 3415 2461; x_wconf 74' lang='lat'><strong>(82)</strong></span> <span class='ocrx_word' id='word_1_518' title='bbox 3446 2390 3665 2462; x_wconf 76' lang='grc' dir='ltr'>ἔρχεταί</span> <span class='ocrx_word' id='word_1_519' title='bbox 3694 2408 3780 2444; x_wconf 83' lang='grc' dir='ltr'><strong>σοι</strong></span> 
     </span>
    </p>
   </div>
   <div class='ocr_carea' id='block_1_70' title="bbox 2193 2481 3781 2558">
    <p class='ocr_par' dir='ltr' id='par_1_70' title="bbox 2193 2481 3781 2558">
     <span class='ocr_line' id='line_1_70' title="bbox 2193 2481 3781 2558; baseline -0.003 -19"><span class='ocrx_word' id='word_1_520' title='bbox 2193 2485 2395 2558; x_wconf 83' lang='grc' dir='ltr'>πραῢς,</span> <span class='ocrx_word' id='word_1_521' title='bbox 2422 2484 2768 2555; x_wconf 76' lang='grc' dir='ltr'>ἐπιϐεϐηκὼς</span> <span class='ocrx_word' id='word_1_522' title='bbox 2799 2483 2892 2538; x_wconf 72' lang='grc' dir='ltr'>ἐπὶ</span> <span class='ocrx_word' id='word_1_523' title='bbox 2933 2483 3053 2537; x_wconf 72' lang='grc' dir='ltr'>ϐνον</span> <span class='ocrx_word' id='word_1_524' title='bbox 3095 2483 3189 2536; x_wconf 81' lang='grc' dir='ltr'><strong>καὶ</strong></span> <span class='ocrx_word' id='word_1_525' title='bbox 3220 2482 3396 2537; x_wconf 84' lang='grc' dir='ltr'>πῶλον</span> <span class='ocrx_word' id='word_1_526' title='bbox 3425 2481 3536 2535; x_wconf 80' lang='grc' dir='ltr'>υἱὸν</span> <span class='ocrx_word' id='word_1_527' title='bbox 3577 2481 3781 2547; x_wconf 80' lang='grc' dir='ltr'>ὑποζυ-</span> 
     </span>
    </p>
   </div>
   <div class='ocr_carea' id='block_1_71' title="bbox 2192 2571 3778 2646">
    <p class='ocr_par' dir='ltr' id='par_1_71' title="bbox 2192 2571 3778 2646">
     <span class='ocr_line' id='line_1_71' title="bbox 2192 2571 3778 2646; baseline -0.001 -17"><span class='ocrx_word' id='word_1_528' title='bbox 2192 2577 2332 2644; x_wconf 90' lang='grc' dir='ltr'>γίου.</span> <span class='ocrx_word' id='word_1_529' title='bbox 2371 2594 2390 2627; x_wconf 75' lang='grc' dir='ltr'><strong>ι</strong></span> <span class='ocrx_word' id='word_1_530' title='bbox 2428 2576 2540 2646; x_wconf 84' lang='grc' dir='ltr'><strong>Τῆς</strong></span> <span class='ocrx_word' id='word_1_531' title='bbox 2582 2571 2676 2628; x_wconf 84' lang='grc' dir='ltr'><strong>οὖν</strong></span> <span class='ocrx_word' id='word_1_532' title='bbox 2707 2575 2947 2646; x_wconf 82' lang='grc' dir='ltr'>ἱστορίας</span> <span class='ocrx_word' id='word_1_533' title='bbox 2979 2573 3372 2645; x_wconf 85' lang='grc' dir='ltr'>ἀληθευούσης,</span> <span class='ocrx_word' id='word_1_534' title='bbox 3418 2572 3567 2645; x_wconf 88' lang='grc' dir='ltr'>ζητῶ</span> <span class='ocrx_word' id='word_1_535' title='bbox 3605 2574 3680 2628; x_wconf 67' lang='grc' dir='ltr'><strong>τὰ</strong></span> <span class='ocrx_word' id='word_1_536' title='bbox 3717 2576 3778 2628; x_wconf 70' lang='grc' dir='ltr'>ἐν</span> 
     </span>
    </p>
   </div>
   <div class='ocr_carea' id='block_1_72' title="bbox 2193 2664 3779 2739">
    <p class='ocr_par' dir='ltr' id='par_1_72' title="bbox 2193 2664 3779 2739">
     <span class='ocr_line' id='line_1_72' title="bbox 2193 2664 3779 2739; baseline -0.001 -18"><span class='ocrx_word' id='word_1_537' title='bbox 2193 2669 2330 2738; x_wconf 79' lang='grc' dir='ltr'>αὑτῇ</span> <span class='ocrx_word' id='word_1_538' title='bbox 2381 2667 2803 2737; x_wconf 54' lang='grc' dir='ltr'>καταχωσθὼτα</span> <span class='ocrx_word' id='word_1_539' title='bbox 2854 2666 3182 2739; x_wconf 82' lang='grc' dir='ltr'>πράγματα·</span> <span class='ocrx_word' id='word_1_540' title='bbox 3230 2664 3498 2737; x_wconf 80' lang='grc' dir='ltr'>ζητοῦμεν</span> <span class='ocrx_word' id='word_1_541' title='bbox 3550 2666 3639 2719; x_wconf 79' lang='grc' dir='ltr'><strong>τὸν</strong></span> <span class='ocrx_word' id='word_1_542' title='bbox 3687 2668 3779 2720; x_wconf 84' lang='grc' dir='ltr'><strong>ὲν-</strong></span> 
     </span>
    </p>
   </div>
   <div class='ocr_carea' id='block_1_73' title="bbox 2193 2753 3778 2826">
    <p class='ocr_par' dir='ltr' id='par_1_73' title="bbox 2193 2753 3778 2826">
     <span class='ocr_line' id='line_1_73' title="bbox 2193 2753 3778 2826; baseline 0.001 -18"><span class='ocrx_word' id='word_1_543' title='bbox 2193 2755 2553 2826; x_wconf 82' lang='grc' dir='ltr'>αποκείμενον</span> <span class='ocrx_word' id='word_1_544' title='bbox 2615 2754 2725 2825; x_wconf 79' lang='grc'>(85)</span> <span class='ocrx_word' id='word_1_545' title='bbox 2786 2756 2919 2826; x_wconf 84' lang='grc' dir='ltr'>ἡμῖν</span> <span class='ocrx_word' id='word_1_546' title='bbox 2984 2753 3275 2826; x_wconf 75' lang='grc' dir='ltr'>θησαυρὸν,</span> <span class='ocrx_word' id='word_1_547' title='bbox 3339 2753 3613 2825; x_wconf 76' lang='grc' dir='ltr'>ζητοῦμεν</span> <span class='ocrx_word' id='word_1_548' title='bbox 3679 2755 3778 2809; x_wconf 79' lang='grc' dir='ltr'>τοῦ</span> 
     </span>
    </p>
   </div>
   <div class='ocr_carea' id='block_1_74' title="bbox 2194 2846 3777 2919">
    <p class='ocr_par' dir='ltr' id='par_1_74' title="bbox 2194 2846 3777 2919">
     <span class='ocr_line' id='line_1_74' title="bbox 2194 2846 3777 2919; baseline 0.001 -18"><span class='ocrx_word' id='word_1_549' title='bbox 2194 2847 2503 2918; x_wconf 80' lang='grc' dir='ltr'>πνεύματος</span> <span class='ocrx_word' id='word_1_550' title='bbox 2525 2847 2624 2919; x_wconf 84' lang='grc' dir='ltr'>τὴν</span> <span class='ocrx_word' id='word_1_551' title='bbox 2655 2847 2906 2918; x_wconf 85' lang='grc' dir='ltr'>δύναμιν.</span> <span class='ocrx_word' id='word_1_552' title='bbox 2938 2848 3012 2900; x_wconf 80' lang='grc' dir='ltr'><strong>Οὐ</strong></span> <span class='ocrx_word' id='word_1_553' title='bbox 3046 2846 3157 2918; x_wconf 77' lang='grc' dir='ltr'>γὰρ</span> <span class='ocrx_word' id='word_1_554' title='bbox 3194 2846 3322 2918; x_wconf 82' lang='grc' dir='ltr'>ψιλῇ</span> <span class='ocrx_word' id='word_1_555' title='bbox 3357 2847 3567 2918; x_wconf 65' lang='grc' dir='ltr'>ἱστορίᾳ</span> <span class='ocrx_word' id='word_1_556' title='bbox 3602 2864 3777 2919; x_wconf 82' lang='grc' dir='ltr'>προσ-</span> 
     </span>
    </p>
   </div>
   <div class='ocr_carea' id='block_1_75' title="bbox 2193 2937 3781 3010">
    <p class='ocr_par' dir='ltr' id='par_1_75' title="bbox 2193 2937 3781 3010">
     <span class='ocr_line' id='line_1_75' title="bbox 2193 2937 3781 3010; baseline 0.001 -18"><span class='ocrx_word' id='word_1_557' title='bbox 2193 2939 2424 3010; x_wconf 74' lang='grc' dir='ltr'>έχομενο</span> <span class='ocrx_word' id='word_1_558' title='bbox 2467 2938 2734 2993; x_wconf 81' lang='grc' dir='ltr'>Ἰουδαίων</span> <span class='ocrx_word' id='word_1_559' title='bbox 2765 2937 2874 3008; x_wconf 76' lang='grc' dir='ltr'>γὰρ</span> <span class='ocrx_word' id='word_1_560' title='bbox 2915 2939 2949 3009; x_wconf 85' lang='grc' dir='ltr'>ή</span> <span class='ocrx_word' id='word_1_561' title='bbox 2998 2937 3225 3008; x_wconf 81' lang='grc' dir='ltr'>τοιαύτη</span> <span class='ocrx_word' id='word_1_562' title='bbox 3268 2938 3514 2996; x_wconf 86' lang='grc' dir='ltr'>ἀπόνοια,</span> <span class='ocrx_word' id='word_1_563' title='bbox 3562 2938 3781 3009; x_wconf 79' lang='grc' dir='ltr'>Ἀμέλει</span> 
     </span>
    </p>
   </div>
   <div class='ocr_carea' id='block_1_76' title="bbox 2194 3028 3781 3101">
    <p class='ocr_par' dir='ltr' id='par_1_76' title="bbox 2194 3028 3781 3101">
     <span class='ocr_line' id='line_1_76' title="bbox 2194 3028 3781 3101; baseline 0.003 -19"><span class='ocrx_word' id='word_1_564' title='bbox 2194 3029 2288 3083; x_wconf 77' lang='grc' dir='ltr'>καὶ</span> <span class='ocrx_word' id='word_1_565' title='bbox 2343 3031 2372 3082; x_wconf 91' lang='lat'><strong>6</strong></span> <span class='ocrx_word' id='word_1_566' title='bbox 2431 3028 2633 3100; x_wconf 82' lang='grc' dir='ltr'>Κύριος</span> <span class='ocrx_word' id='word_1_567' title='bbox 2686 3028 2846 3099; x_wconf 78' lang='grc' dir='ltr'>ἡμῶν</span> <span class='ocrx_word' id='word_1_568' title='bbox 2907 3029 3123 3101; x_wconf 82' lang='grc' dir='ltr'>Ἰησοῦς</span> <span class='ocrx_word' id='word_1_569' title='bbox 3170 3029 3434 3101; x_wconf 80' lang='grc' dir='ltr'>Χριστὸς,</span> <span class='ocrx_word' id='word_1_570' title='bbox 3487 3029 3781 3101; x_wconf 83' lang='grc' dir='ltr'>διελέγχων</span> 
     </span>
    </p>
   </div>
   <div class='ocr_carea' id='block_1_77' title="bbox 2194 3119 3779 3193">
    <p class='ocr_par' dir='ltr' id='par_1_77' title="bbox 2194 3119 3779 3193">
     <span class='ocr_line' id='line_1_77' title="bbox 2194 3119 3779 3193; baseline -0.002 -18"><span class='ocrx_word' id='word_1_571' title='bbox 2194 3121 2372 3176; x_wconf 81' lang='grc' dir='ltr'>αὐτῶν</span> <span class='ocrx_word' id='word_1_572' title='bbox 2419 3122 2516 3193; x_wconf 81' lang='grc' dir='ltr'><strong>τὴν</strong></span> <span class='ocrx_word' id='word_1_573' title='bbox 2573 3120 2778 3184; x_wconf 55' lang='grc' dir='ltr'>ἄνοιαν,</span> <span class='ocrx_word' id='word_1_574' title='bbox 2833 3120 3017 3191; x_wconf 78' lang='grc' dir='ltr'>φησιν’</span> <span class='ocrx_word' id='word_1_575' title='bbox 3058 3138 3078 3170; x_wconf 72' lang='grc' dir='ltr'><strong>ί</strong></span> <span class='ocrx_word' id='word_1_576' title='bbox 3139 3121 3428 3192; x_wconf 78' lang='grc' dir='ltr'>Ἐρευνᾶτε</span> <span class='ocrx_word' id='word_1_577' title='bbox 3480 3119 3581 3184; x_wconf 75' lang='grc' dir='ltr'>τὰς</span> <span class='ocrx_word' id='word_1_578' title='bbox 3633 3120 3779 3192; x_wconf 77' lang='grc' dir='ltr'>Γρα-</span> 
     </span>
    </p>
   </div>
   <div class='ocr_carea' id='block_1_78' title="bbox 2195 3210 3772 3283">
    <p class='ocr_par' dir='ltr' id='par_1_78' title="bbox 2195 3210 3772 3283">
     <span class='ocr_line' id='line_1_78' title="bbox 2195 3210 3772 3283; baseline -0.001 -18"><span class='ocrx_word' id='word_1_579' title='bbox 2195 3212 2321 3283; x_wconf 79' lang='grc' dir='ltr'>φὰς,</span> <span class='ocrx_word' id='word_1_580' title='bbox 2373 3213 2455 3266; x_wconf 84' lang='grc' dir='ltr'>ὅτι</span> <span class='ocrx_word' id='word_1_581' title='bbox 2505 3215 2562 3266; x_wconf 83' lang='grc' dir='ltr'>ὲν</span> <span class='ocrx_word' id='word_1_582' title='bbox 2603 3213 2793 3274; x_wconf 80' lang='grc' dir='ltr'>αὐταῖς</span> <span class='ocrx_word' id='word_1_583' title='bbox 2842 3210 3049 3273; x_wconf 74' lang='grc' dir='ltr'>δοκεῖτε</span> <span class='ocrx_word' id='word_1_584' title='bbox 3097 3210 3241 3283; x_wconf 76' lang='grc' dir='ltr'>ζωὴν</span> <span class='ocrx_word' id='word_1_585' title='bbox 3295 3210 3513 3267; x_wconf 80' lang='grc' dir='ltr'>αἰώνιον</span> <span class='ocrx_word' id='word_1_586' title='bbox 3543 3210 3708 3282; x_wconf 82' lang='grc' dir='ltr'>ἔχειν.</span> <span class='ocrx_word' id='word_1_587' title='bbox 3749 3231 3772 3263; x_wconf 76' lang='grc' dir='ltr'><strong>ι</strong></span> 
     </span>
    </p>
   </div>
   <div class='ocr_carea' id='block_1_79' title="bbox 2208 3303 3775 3376">
    <p class='ocr_par' dir='ltr' id='par_1_79' title="bbox 2208 3303 3775 3376">
     <span class='ocr_line' id='line_1_79' title="bbox 2208 3303 3775 3376; baseline 0 -19"><span class='ocrx_word' id='word_1_588' title='bbox 2208 3303 2368 3358; x_wconf 84' lang='grc' dir='ltr'>Ἀλλά</span> <span class='ocrx_word' id='word_1_589' title='bbox 2431 3305 2672 3358; x_wconf 87' lang='grc' dir='ltr'>Ἰουδαῖοι</span> <span class='ocrx_word' id='word_1_590' title='bbox 2730 3305 2842 3376; x_wconf 75' lang='grc'>(84)</span> <span class='ocrx_word' id='word_1_591' title='bbox 2905 3303 3046 3376; x_wconf 84' lang='grc' dir='ltr'>ψιλῷ</span> <span class='ocrx_word' id='word_1_592' title='bbox 3109 3303 3188 3374; x_wconf 83' lang='grc' dir='ltr'>τῷ</span> <span class='ocrx_word' id='word_1_593' title='bbox 3245 3304 3535 3375; x_wconf 86' lang='grc' dir='ltr'>γράμματι</span> <span class='ocrx_word' id='word_1_594' title='bbox 3599 3321 3775 3375; x_wconf 83' lang='grc' dir='ltr'>προσ-</span> 
     </span>
    </p>
   </div>
   <div class='ocr_carea' id='block_1_80' title="bbox 2195 3393 3777 3469">
    <p class='ocr_par' dir='ltr' id='par_1_80' title="bbox 2195 3393 3777 3469">
     <span class='ocr_line' id='line_1_80' title="bbox 2195 3393 3777 3469; baseline 0.001 -21"><span class='ocrx_word' id='word_1_595' title='bbox 2195 3395 2410 3466; x_wconf 84' lang='grc' dir='ltr'>έχοντες</span> <span class='ocrx_word' id='word_1_596' title='bbox 2449 3397 2963 3468; x_wconf 81' lang='grc' dir='ltr'>ὲλιμοκτονήθησαν,</span> <span class='ocrx_word' id='word_1_597' title='bbox 3005 3396 3219 3460; x_wconf 84' lang='grc' dir='ltr'>Εἰδότες</span> <span class='ocrx_word' id='word_1_598' title='bbox 3260 3393 3353 3451; x_wconf 80' lang='grc' dir='ltr'><strong>οὖν</strong></span> <span class='ocrx_word' id='word_1_599' title='bbox 3394 3398 3573 3469; x_wconf 73' lang='grc' dir='ltr'>ἡμεῖς,</span> <span class='ocrx_word' id='word_1_600' title='bbox 3616 3396 3777 3450; x_wconf 85' lang='grc' dir='ltr'>ἀδελ-</span> 
     </span>
    </p>
   </div>
   <div class='ocr_carea' id='block_1_81' title="bbox 2193 3488 3783 3560">
    <p class='ocr_par' dir='ltr' id='par_1_81' title="bbox 2193 3488 3783 3560">
     <span class='ocr_line' id='line_1_81' title="bbox 2193 3488 3783 3560; baseline 0.001 -20"><span class='ocrx_word' id='word_1_601' title='bbox 2193 3489 2304 3557; x_wconf 72' lang='grc' dir='ltr'>φοὶ,</span> <span class='ocrx_word' id='word_1_602' title='bbox 2350 3489 2433 3541; x_wconf 86' lang='grc' dir='ltr'>ὅτι</span> <span class='ocrx_word' id='word_1_603' title='bbox 2464 3488 2524 3540; x_wconf 82' lang='grc' dir='ltr'>τὸ</span> <span class='ocrx_word' id='word_1_604' title='bbox 2555 3488 2651 3560; x_wconf 79' lang='grc' dir='ltr'><strong>μὲν</strong></span> <span class='ocrx_word' id='word_1_605' title='bbox 2675 3488 2910 3560; x_wconf 84' lang='grc' dir='ltr'>γράμμα</span> <span class='ocrx_word' id='word_1_606' title='bbox 2941 3488 3271 3554; x_wconf 86' lang='grc' dir='ltr'>ἀποκτείνει,</span> <span class='ocrx_word' id='word_1_607' title='bbox 3325 3488 3393 3542; x_wconf 79' lang='grc' dir='ltr'>τὸ</span> <span class='ocrx_word' id='word_1_608' title='bbox 3449 3489 3505 3543; x_wconf 86' lang='grc' dir='ltr'>δὲ</span> <span class='ocrx_word' id='word_1_609' title='bbox 3560 3489 3783 3560; x_wconf 76' lang='grc' dir='ltr'>πνεῦμα,</span> 
     </span>
    </p>
   </div>
   <div class='ocr_carea' id='block_1_82' title="bbox 2196 3577 3778 3653">
    <p class='ocr_par' dir='ltr' id='par_1_82' title="bbox 2196 3577 3778 3653">
     <span class='ocr_line' id='line_1_82' title="bbox 2196 3577 3778 3653; baseline 0.002 -21"><span class='ocrx_word' id='word_1_610' title='bbox 2196 3577 2471 3643; x_wconf 81' lang='grc' dir='ltr'>ζωοποιεῖ,</span> <span class='ocrx_word' id='word_1_611' title='bbox 2505 3580 2567 3632; x_wconf 78' lang='grc' dir='ltr'>οὔ</span> <span class='ocrx_word' id='word_1_612' title='bbox 2601 3580 2760 3651; x_wconf 89' lang='grc' dir='ltr'>μόνον</span> <span class='ocrx_word' id='word_1_613' title='bbox 2802 3583 2866 3652; x_wconf 84' lang='grc' dir='ltr'>τῇ</span> <span class='ocrx_word' id='word_1_614' title='bbox 2923 3581 3135 3653; x_wconf 78' lang='grc' dir='ltr'>ἱστορίᾳ</span> <span class='ocrx_word' id='word_1_615' title='bbox 3164 3580 3277 3634; x_wconf 83' lang='grc' dir='ltr'><strong>τῶν</strong></span> <span class='ocrx_word' id='word_1_616' title='bbox 3304 3581 3549 3653; x_wconf 51' lang='grc' dir='ltr'>Γραφῶνν</span> <span class='ocrx_word' id='word_1_617' title='bbox 3579 3580 3778 3647; x_wconf 77' lang='grc' dir='ltr'>ἐξακο-</span> 
     </span>
    </p>
   </div>
   <div class='ocr_carea' id='block_1_83' title="bbox 2195 3669 3781 3743">
    <p class='ocr_par' dir='ltr' id='par_1_83' title="bbox 2195 3669 3781 3743">
     <span class='ocr_line' id='line_1_83' title="bbox 2195 3669 3781 3743; baseline 0.002 -20"><span class='ocrx_word' id='word_1_618' title='bbox 2195 3669 2545 3743; x_wconf 85' lang='grc' dir='ltr'>λουθήσωμεν</span> <span class='ocrx_word' id='word_1_619' title='bbox 2600 3671 2735 3742; x_wconf 83' lang='grc'>(85),</span> <span class='ocrx_word' id='word_1_620' title='bbox 2766 3672 2885 3725; x_wconf 81' lang='grc' dir='ltr'>οὐδὲ</span> <span class='ocrx_word' id='word_1_621' title='bbox 2935 3671 3010 3736; x_wconf 85' lang='grc' dir='ltr'><strong>ὡς</strong></span> <span class='ocrx_word' id='word_1_622' title='bbox 3050 3672 3291 3726; x_wconf 83' lang='grc' dir='ltr'>Ἰουδαῖοι</span> <span class='ocrx_word' id='word_1_623' title='bbox 3317 3670 3456 3742; x_wconf 83' lang='grc' dir='ltr'>ψιλῷ</span> <span class='ocrx_word' id='word_1_624' title='bbox 3487 3670 3563 3741; x_wconf 83' lang='grc' dir='ltr'>τῷ</span> <span class='ocrx_word' id='word_1_625' title='bbox 3601 3672 3781 3743; x_wconf 86' lang='grc' dir='ltr'>γράμ-</span> 
     </span>
    </p>
   </div>
   <div class='ocr_carea' id='block_1_84' title="bbox 2200 3762 3780 3836">
    <p class='ocr_par' dir='ltr' id='par_1_84' title="bbox 2200 3762 3780 3836">
     <span class='ocr_line' id='line_1_84' title="bbox 2200 3762 3780 3836; baseline 0.001 -19"><span class='ocrx_word' id='word_1_626' title='bbox 2200 3781 2328 3835; x_wconf 80' lang='grc' dir='ltr'>ματι</span> <span class='ocrx_word' id='word_1_627' title='bbox 2361 3764 2738 3836; x_wconf 75' lang='grc' dir='ltr'>προσέχωμεν,</span> <span class='ocrx_word' id='word_1_628' title='bbox 2767 3762 2907 3828; x_wconf 86' lang='grc' dir='ltr'>ἀλλ’,</span> <span class='ocrx_word' id='word_1_629' title='bbox 2939 3763 3016 3828; x_wconf 87' lang='grc' dir='ltr'>ὡς</span> <span class='ocrx_word' id='word_1_630' title='bbox 3062 3764 3391 3834; x_wconf 82' lang='grc' dir='ltr'>γέγραπται,</span> <span class='ocrx_word' id='word_1_631' title='bbox 3422 3764 3648 3834; x_wconf 77' lang='grc' dir='ltr'>ὲρευνᾷν</span> <span class='ocrx_word' id='word_1_632' title='bbox 3675 3763 3780 3826; x_wconf 73' lang='grc' dir='ltr'>τὰς</span> 
     </span>
    </p>
   </div>
   <div class='ocr_carea' id='block_1_85' title="bbox 2197 3851 3778 3925">
    <p class='ocr_par' dir='ltr' id='par_1_85' title="bbox 2197 3851 3778 3925">
     <span class='ocr_line' id='line_1_85' title="bbox 2197 3851 3778 3925; baseline -0.001 -17"><span class='ocrx_word' id='word_1_633' title='bbox 2197 3854 2421 3925; x_wconf 86' lang='grc' dir='ltr'>Γραφὰς</span> <span class='ocrx_word' id='word_1_634' title='bbox 2450 3854 2756 3925; x_wconf 80' lang='grc' dir='ltr'>ὀφείλομεν,</span> <span class='ocrx_word' id='word_1_635' title='bbox 2800 3854 2867 3907; x_wconf 76' lang='grc' dir='ltr'><strong>ἶν’</strong></span> <span class='ocrx_word' id='word_1_636' title='bbox 2917 3851 3060 3907; x_wconf 74' lang='grc' dir='ltr'>οὕτω</span> <span class='ocrx_word' id='word_1_637' title='bbox 3097 3855 3196 3925; x_wconf 79' lang='grc' dir='ltr'><strong>τὴν</strong></span> <span class='ocrx_word' id='word_1_638' title='bbox 3234 3856 3297 3906; x_wconf 81' lang='grc' dir='ltr'>ἐκ</span> <span class='ocrx_word' id='word_1_639' title='bbox 3335 3852 3539 3908; x_wconf 75' lang='grc' dir='ltr'>τούτων</span> <span class='ocrx_word' id='word_1_640' title='bbox 3565 3870 3778 3924; x_wconf 84' lang='grc' dir='ltr'>μαρτυ-</span> 
     </span>
    </p>
   </div>
   <div class='ocr_carea' id='block_1_86' title="bbox 2201 3943 3783 4018">
    <p class='ocr_par' dir='ltr' id='par_1_86' title="bbox 2201 3943 3783 4018">
     <span class='ocr_line' id='line_1_86' title="bbox 2201 3943 3783 4018; baseline 0.001 -19"><span class='ocrx_word' id='word_1_641' title='bbox 2201 3946 2319 4017; x_wconf 88' lang='grc' dir='ltr'>ρίαν</span> <span class='ocrx_word' id='word_1_642' title='bbox 2357 3948 2487 4018; x_wconf 78' lang='grc' dir='ltr'>περὶ</span> <span class='ocrx_word' id='word_1_643' title='bbox 2531 3944 2624 3999; x_wconf 78' lang='grc' dir='ltr'>τοῦ</span> <span class='ocrx_word' id='word_1_644' title='bbox 2664 3944 2839 4016; x_wconf 76' lang='grc' dir='ltr'>Ἰησοῦ</span> <span class='ocrx_word' id='word_1_645' title='bbox 2888 3944 3211 4001; x_wconf 89' lang='grc' dir='ltr'>καταλαϐεῖν</span> <span class='ocrx_word' id='word_1_646' title='bbox 3240 3943 3578 4015; x_wconf 85' lang='grc' dir='ltr'>δυνηθῶμεν.</span> <span class='ocrx_word' id='word_1_647' title='bbox 3613 3943 3783 4000; x_wconf 55' lang='lat' dir='ltr'><strong>reid-</strong></span> 
     </span>
    </p>
   </div>
   <div class='ocr_carea' id='block_1_87' title="bbox 2198 4034 3779 4107">
    <p class='ocr_par' dir='ltr' id='par_1_87' title="bbox 2198 4034 3779 4107">
     <span class='ocr_line' id='line_1_87' title="bbox 2198 4034 3779 4107; baseline 0.001 -18"><span class='ocrx_word' id='word_1_648' title='bbox 2198 4053 2352 4090; x_wconf 82' lang='grc' dir='ltr'>σουσι</span> <span class='ocrx_word' id='word_1_649' title='bbox 2389 4037 2499 4107; x_wconf 84' lang='grc' dir='ltr'>γὰρ</span> <span class='ocrx_word' id='word_1_650' title='bbox 2534 4037 2629 4091; x_wconf 79' lang='grc' dir='ltr'><strong>καὶ</strong></span> <span class='ocrx_word' id='word_1_651' title='bbox 2670 4035 2930 4107; x_wconf 86' lang='grc' dir='ltr'>Ἕλληνες</span> <span class='ocrx_word' id='word_1_652' title='bbox 2967 4035 3088 4090; x_wconf 80' lang='grc' dir='ltr'>καθ’</span> <span class='ocrx_word' id='word_1_653' title='bbox 3117 4034 3275 4107; x_wconf 79' lang='grc' dir='ltr'>ἡμῶν</span> <span class='ocrx_word' id='word_1_654' title='bbox 3320 4035 3590 4103; x_wconf 79' lang='grc' dir='ltr'>λέγοντες,</span> <span class='ocrx_word' id='word_1_655' title='bbox 3635 4036 3718 4089; x_wconf 83' lang='grc' dir='ltr'>ὅτι</span> <span class='ocrx_word' id='word_1_656' title='bbox 3747 4038 3779 4090; x_wconf 90' lang='lat'><strong>6</strong></span> 
     </span>
    </p>
   </div>
   <div class='ocr_carea' id='block_1_88' title="bbox 2197 4126 3778 4199">
    <p class='ocr_par' dir='ltr' id='par_1_88' title="bbox 2197 4126 3778 4199">
     <span class='ocr_line' id='line_1_88' title="bbox 2197 4126 3778 4199; baseline 0.001 -18"><span class='ocrx_word' id='word_1_657' title='bbox 2197 4127 2331 4191; x_wconf 84' lang='grc' dir='ltr'>Θεὸς</span> <span class='ocrx_word' id='word_1_658' title='bbox 2364 4127 2472 4181; x_wconf 86' lang='grc' dir='ltr'><strong>τῶν</strong></span> <span class='ocrx_word' id='word_1_659' title='bbox 2501 4126 2838 4199; x_wconf 84' lang='grc' dir='ltr'>Χριστιανῶν</span> <span class='ocrx_word' id='word_1_660' title='bbox 2863 4129 2892 4181; x_wconf 86' lang='lat'><strong>6</strong></span> <span class='ocrx_word' id='word_1_661' title='bbox 2916 4127 3250 4197; x_wconf 82' lang='grc' dir='ltr'>καλούμενος</span> <span class='ocrx_word' id='word_1_662' title='bbox 3272 4126 3509 4198; x_wconf 79' lang='grc' dir='ltr'>Χριστὸς</span> <span class='ocrx_word' id='word_1_663' title='bbox 3540 4129 3621 4192; x_wconf 88' lang='grc' dir='ltr'><strong>είς</strong></span> <span class='ocrx_word' id='word_1_664' title='bbox 3649 4129 3778 4183; x_wconf 81' lang='grc' dir='ltr'>ὀνά-</span> 
     </span>
    </p>
   </div>
   <div class='ocr_carea' id='block_1_89' title="bbox 2199 4220 3779 4297">
    <p class='ocr_par' dir='ltr' id='par_1_89' title="bbox 2199 4220 3779 4297">
     <span class='ocr_line' id='line_1_89' title="bbox 2199 4220 3779 4297; baseline -0.001 -19"><span class='ocrx_word' id='word_1_665' title='bbox 2199 4242 2314 4297; x_wconf 86' lang='grc' dir='ltr'>ριον</span> <span class='ocrx_word' id='word_1_666' title='bbox 2339 4222 2558 4277; x_wconf 84' lang='grc' dir='ltr'>ὲκάθισε</span> <span class='ocrx_word' id='word_1_667' title='bbox 2583 4222 2718 4294; x_wconf 86' lang='grc'>(86).</span> <span class='ocrx_word' id='word_1_668' title='bbox 2749 4223 2860 4277; x_wconf 74' lang='grc' dir='ltr'>Καὶ</span> <span class='ocrx_word' id='word_1_669' title='bbox 2887 4224 3046 4292; x_wconf 80' lang='grc' dir='ltr'>ἡμεῖς</span> <span class='ocrx_word' id='word_1_670' title='bbox 3073 4223 3174 4274; x_wconf 86' lang='grc' dir='ltr'><strong>οὐκ</strong></span> <span class='ocrx_word' id='word_1_671' title='bbox 3198 4220 3630 4293; x_wconf 82' lang='grc' dir='ltr'>ἀμφιϐάλλομεν,</span> <span class='ocrx_word' id='word_1_672' title='bbox 3656 4222 3779 4277; x_wconf 76' lang='grc' dir='ltr'>οὐδὲ</span> 
     </span>
    </p>
   </div>
   <div class='ocr_carea' id='block_1_90' title="bbox 2198 4314 3781 4388">
    <p class='ocr_par' dir='ltr' id='par_1_90' title="bbox 2198 4314 3781 4388">
     <span class='ocr_line' id='line_1_90' title="bbox 2198 4314 3781 4388; baseline -0.002 -17"><span class='ocrx_word' id='word_1_673' title='bbox 2198 4316 2510 4387; x_wconf 82' lang='grc' dir='ltr'>ἀρνούμεθα</span> <span class='ocrx_word' id='word_1_674' title='bbox 2542 4315 2706 4370; x_wconf 75' lang='grc' dir='ltr'>αὐτοῦ</span> <span class='ocrx_word' id='word_1_675' title='bbox 2739 4314 2836 4385; x_wconf 78' lang='grc' dir='ltr'><strong>τὴν</strong></span> <span class='ocrx_word' id='word_1_676' title='bbox 2868 4317 2928 4368; x_wconf 82' lang='grc' dir='ltr'>ὲν</span> <span class='ocrx_word' id='word_1_677' title='bbox 2960 4315 3123 4386; x_wconf 72' lang='grc' dir='ltr'>σαρκὶ</span> <span class='ocrx_word' id='word_1_678' title='bbox 3158 4315 3456 4388; x_wconf 89' lang='grc' dir='ltr'>παρουσίαν</span> <span class='ocrx_word' id='word_1_679' title='bbox 3490 4315 3623 4385; x_wconf 84' lang='grc'>(8⁸1).</span> <span class='ocrx_word' id='word_1_680' title='bbox 3676 4316 3781 4375; x_wconf 80' lang='grc' dir='ltr'>Διά</span> 
     </span>
    </p>
   </div>
   <div class='ocr_carea' id='block_1_91' title="bbox 2196 4404 3777 4478">
    <p class='ocr_par' dir='ltr' id='par_1_91' title="bbox 2196 4404 3777 4478">
     <span class='ocr_line' id='line_1_91' title="bbox 2196 4404 3777 4478; baseline 0 -18"><span class='ocrx_word' id='word_1_681' title='bbox 2196 4406 2306 4478; x_wconf 82' lang='grc' dir='ltr'>γὰρ</span> <span class='ocrx_word' id='word_1_682' title='bbox 2331 4404 2487 4459; x_wconf 82' lang='grc' dir='ltr'>τοῦτο</span> <span class='ocrx_word' id='word_1_683' title='bbox 2520 4404 2845 4476; x_wconf 84' lang='grc' dir='ltr'>σωματικῶς</span> <span class='ocrx_word' id='word_1_684' title='bbox 2888 4404 3256 4475; x_wconf 78' lang='grc' dir='ltr'>ἐπεδήμησεν,</span> <span class='ocrx_word' id='word_1_685' title='bbox 3296 4406 3386 4460; x_wconf 83' lang='grc' dir='ltr'><strong>ἵνα</strong></span> <span class='ocrx_word' id='word_1_686' title='bbox 3417 4406 3477 4460; x_wconf 84' lang='grc' dir='ltr'><strong>τὸ</strong></span> <span class='ocrx_word' id='word_1_687' title='bbox 3495 4404 3777 4469; x_wconf 80' lang='grc' dir='ltr'>ἀπολωλὸς</span> 
     </span>
    </p>
   </div>
   <div class='ocr_carea' id='block_1_92' title="bbox 2199 4494 3779 4570">
    <p class='ocr_par' dir='ltr' id='par_1_92' title="bbox 2199 4494 3779 4570">
     <span class='ocr_line' id='line_1_92' title="bbox 2199 4494 3779 4570; baseline -0.001 -19"><span class='ocrx_word' id='word_1_688' title='bbox 2199 4498 2438 4570; x_wconf 81' lang='grc' dir='ltr'>ζητήσας</span> <span class='ocrx_word' id='word_1_689' title='bbox 2468 4496 2624 4569; x_wconf 77' lang='grc' dir='ltr'>εὕρῃ,</span> <span class='ocrx_word' id='word_1_690' title='bbox 2654 4498 2747 4551; x_wconf 75' lang='grc' dir='ltr'>καὶ</span> <span class='ocrx_word' id='word_1_691' title='bbox 2776 4496 2836 4550; x_wconf 84' lang='grc' dir='ltr'><strong>τὸ</strong></span> <span class='ocrx_word' id='word_1_692' title='bbox 2864 4494 3216 4567; x_wconf 78' lang='grc' dir='ltr'>πλανώμενον</span> <span class='ocrx_word' id='word_1_693' title='bbox 3258 4497 3577 4570; x_wconf 74' lang='grc' dir='ltr'>ἐπιστρέψῃ.</span> <span class='ocrx_word' id='word_1_694' title='bbox 3617 4495 3779 4550; x_wconf 66' lang='grc' dir='ltr'>Οὕτω</span> 
     </span>
    </p>
   </div>
   <div class='ocr_carea' id='block_1_93' title="bbox 2197 4587 3776 4661">
    <p class='ocr_par' dir='ltr' id='par_1_93' title="bbox 2197 4587 3776 4661">
     <span class='ocr_line' id='line_1_93' title="bbox 2197 4587 3776 4661; baseline -0.001 -18"><span class='ocrx_word' id='word_1_695' title='bbox 2197 4592 2307 4661; x_wconf 71' lang='grc' dir='ltr'>γὰρ</span> <span class='ocrx_word' id='word_1_696' title='bbox 2345 4590 2437 4643; x_wconf 78' lang='grc' dir='ltr'><strong>καὶ</strong></span> <span class='ocrx_word' id='word_1_697' title='bbox 2463 4587 2553 4641; x_wconf 82' lang='grc' dir='ltr'>διὰ</span> <span class='ocrx_word' id='word_1_698' title='bbox 2583 4588 2678 4642; x_wconf 84' lang='grc' dir='ltr'>τοῦ</span> <span class='ocrx_word' id='word_1_699' title='bbox 2711 4589 2988 4659; x_wconf 85' lang='grc' dir='ltr'>προφήτου</span> <span class='ocrx_word' id='word_1_700' title='bbox 3036 4587 3133 4659; x_wconf 84' lang='grc' dir='ltr'><strong>βοᾷ</strong></span> <span class='ocrx_word' id='word_1_701' title='bbox 3180 4588 3384 4657; x_wconf 79' lang='grc' dir='ltr'>λέγων’</span> <span class='ocrx_word' id='word_1_702' title='bbox 3420 4608 3439 4641; x_wconf 74' lang='grc' dir='ltr'><strong>ι</strong></span> <span class='ocrx_word' id='word_1_703' title='bbox 3489 4587 3776 4659; x_wconf 75' lang='grc' dir='ltr'>Ἐπιστρέ-</span> 
     </span>
    </p>
   </div>
   <div class='ocr_carea' id='block_1_94' title="bbox 2196 4679 3775 4753">
    <p class='ocr_par' dir='ltr' id='par_1_94' title="bbox 2196 4679 3775 4753">
     <span class='ocr_line' id='line_1_94' title="bbox 2196 4679 3775 4753; baseline -0.003 -17"><span class='ocrx_word' id='word_1_704' title='bbox 2196 4683 2358 4752; x_wconf 85' lang='grc' dir='ltr'>ψατε,</span> <span class='ocrx_word' id='word_1_705' title='bbox 2394 4682 2503 4734; x_wconf 79' lang='grc' dir='ltr'>υίοὶ</span> <span class='ocrx_word' id='word_1_706' title='bbox 2527 4682 2964 4753; x_wconf 77' lang='grc' dir='ltr'>ἐπιστρέφοντες,</span> <span class='ocrx_word' id='word_1_707' title='bbox 2994 4681 3149 4749; x_wconf 84' lang='grc' dir='ltr'><strong>κάγὼ</strong></span> <span class='ocrx_word' id='word_1_708' title='bbox 3177 4682 3395 4753; x_wconf 86' lang='grc' dir='ltr'>ίάσομαι</span> <span class='ocrx_word' id='word_1_709' title='bbox 3415 4680 3486 4734; x_wconf 91' lang='grc' dir='ltr'><strong>τά</strong></span> <span class='ocrx_word' id='word_1_710' title='bbox 3513 4679 3775 4751; x_wconf 81' lang='grc' dir='ltr'>συντρίμ-</span> 
     </span>
    </p>
   </div>
   <div class='ocr_carea' id='block_1_95' title="bbox 2202 4767 3780 4849">
    <p class='ocr_par' dir='ltr' id='par_1_95' title="bbox 2202 4767 3780 4849">
     <span class='ocr_line' id='line_1_95' title="bbox 2202 4767 3780 4849; baseline -0.001 -23"><span class='ocrx_word' id='word_1_711' title='bbox 2202 4790 2346 4843; x_wconf 86' lang='grc' dir='ltr'>ματα</span> <span class='ocrx_word' id='word_1_712' title='bbox 2392 4772 2566 4843; x_wconf 83' lang='grc' dir='ltr'>ὑμῶν.</span> <span class='ocrx_word' id='word_1_713' title='bbox 2622 4791 2641 4823; x_wconf 79' lang='grc' dir='ltr'><strong>ι</strong></span> <span class='ocrx_word' id='word_1_714' title='bbox 2688 4772 2993 4842; x_wconf 84' lang='grc' dir='ltr'>Πράγματα</span> <span class='ocrx_word' id='word_1_715' title='bbox 3023 4767 3115 4825; x_wconf 76' lang='grc' dir='ltr'><strong>οὖν</strong></span> <span class='ocrx_word' id='word_1_716' title='bbox 3145 4772 3261 4830; x_wconf 79' lang='grc' dir='ltr'>ἐστι</span> <span class='ocrx_word' id='word_1_717' title='bbox 3295 4771 3363 4831; x_wconf 80' lang='grc' dir='ltr'><strong>τά</strong></span> <span class='ocrx_word' id='word_1_718' title='bbox 3402 4770 3780 4849; x_wconf 69' lang='grc' dir='ltr'>σημαινόμενα</span> 
     </span>
    </p>
   </div>
   <div class='ocr_carea' id='block_1_96' title="bbox 582 4918 2096 4989">
    <p class='ocr_par' dir='ltr' id='par_1_96' title="bbox 582 4918 2096 4989">
     <span class='ocr_line' id='line_1_96' title="bbox 582 4918 2096 4989; baseline 0.003 -15"><span class='ocrx_word' id='word_1_719' title='bbox 582 4920 628 4954; x_wconf 84' lang='grc'><strong><em>⁸⁹</em></strong></span> <span class='ocrx_word' id='word_1_720' title='bbox 658 4918 765 4977; x_wconf 81' lang='lat' dir='ltr'><strong>lsa.</strong></span> <span class='ocrx_word' id='word_1_721' title='bbox 790 4936 868 4984; x_wconf 77' lang='lat' dir='ltr'><strong>ix,</strong></span> <span class='ocrx_word' id='word_1_722' title='bbox 893 4922 949 4986; x_wconf 74' lang='grc'>1,</span> <span class='ocrx_word' id='word_1_723' title='bbox 982 4920 1040 4975; x_wconf 76' lang='lat'><strong>2.</strong></span> <span class='ocrx_word' id='word_1_724' title='bbox 1109 4919 1155 4951; x_wconf 82' lang='grc'><strong>⁸⁸</strong></span> <span class='ocrx_word' id='word_1_725' title='bbox 1192 4918 1357 4976; x_wconf 84' lang='lat' dir='ltr'><strong>Zacb.</strong></span> <span class='ocrx_word' id='word_1_726' title='bbox 1392 4936 1480 4987; x_wconf 79' lang='lat' dir='ltr'><strong>ix,</strong></span> <span class='ocrx_word' id='word_1_727' title='bbox 1512 4920 1565 4976; x_wconf 90' lang='lat'><strong>9.</strong></span> <span class='ocrx_word' id='word_1_728' title='bbox 1643 4922 1687 4953; x_wconf 82' lang='lat'><strong>&quot;</strong></span> <span class='ocrx_word' id='word_1_729' title='bbox 1728 4920 1889 4978; x_wconf 78' lang='lat' dir='ltr'><strong>Joan.</strong></span> <span class='ocrx_word' id='word_1_730' title='bbox 1922 4939 1978 4989; x_wconf 85' lang='lat' dir='ltr'><strong>v,</strong></span> <span class='ocrx_word' id='word_1_731' title='bbox 2011 4923 2096 4980; x_wconf 74' lang='grc'><strong>59.</strong></span> 
     </span>
    </p>
   </div>
   <div class='ocr_carea' id='block_1_97' title="bbox 2196 4918 2622 4989">
    <p class='ocr_par' dir='ltr' id='par_1_97' title="bbox 2196 4922 2622 4989">
     <span class='ocr_line' id='line_1_97' title="bbox 2196 4922 2622 4989; baseline 0.005 -12"><span class='ocrx_word' id='word_1_732' title='bbox 2196 4925 2222 4954; x_wconf 80' lang='grc'><strong>’⁸</strong></span> <span class='ocrx_word' id='word_1_733' title='bbox 2258 4922 2363 4980; x_wconf 82' lang='lat' dir='ltr'><strong>Jer.</strong></span> <span class='ocrx_word' id='word_1_734' title='bbox 2403 4941 2460 4979; x_wconf 83' lang='lat' dir='ltr'><strong>Ill</strong></span> <span class='ocrx_word' id='word_1_735' title='bbox 2483 4965 2497 4989; x_wconf 91' lang='lat'><strong>,</strong></span> <span class='ocrx_word' id='word_1_736' title='bbox 2530 4924 2622 4979; x_wconf 68' lang='grc'>22.</span> 
     </span>
    </p>
   </div>
   <div class='ocr_carea' id='block_1_98' title="bbox 585 5076 2096 5157">
    <p class='ocr_par' dir='ltr' id='par_1_98' title="bbox 585 5076 2096 5157">
     <span class='ocr_line' id='line_1_98' title="bbox 585 5076 2096 5157; baseline 0.001 -28"><span class='ocrx_word' id='word_1_737' title='bbox 585 5076 698 5149; x_wconf 83' lang='grc'>(79)</span> <span class='ocrx_word' id='word_1_738' title='bbox 736 5076 1100 5157; x_wconf 50' lang='lat' dir='ltr'><strong>Anglicanus;</strong></span> <span class='ocrx_word' id='word_1_739' title='bbox 1121 5077 1177 5128; x_wconf 87' lang='grc' dir='ltr'>ὲν</span> <span class='ocrx_word' id='word_1_740' title='bbox 1201 5077 1383 5157; x_wconf 72' lang='grc' dir='ltr'>ἀγρρῇ</span> <span class='ocrx_word' id='word_1_741' title='bbox 1407 5076 1872 5157; x_wconf 52' lang='grc' dir='ltr'>διατρίϐει.“Μοιι,</span> <span class='ocrx_word' id='word_1_742' title='bbox 1910 5079 2096 5157; x_wconf 72' lang='lat' dir='ltr'><strong>Angli-</strong></span> 
     </span>
    </p>
   </div>
   <div class='ocr_carea' id='block_1_99' title="bbox 2196 5076 3773 5157">
    <p class='ocr_par' dir='ltr' id='par_1_99' title="bbox 2202 5079 3773 5157">
     <span class='ocr_line' id='line_1_99' title="bbox 2202 5079 3773 5157; baseline 0.002 -25"><span class='ocrx_word' id='word_1_743' title='bbox 2202 5079 2766 5157; x_wconf 60' lang='lat' dir='ltr'><strong>a&#39;tl).&amp;_&#39;lou5_aiot_jtév.</strong></span> <span class='ocrx_word' id='word_1_744' title='bbox 2798 5082 2938 5147; x_wconf 64' lang='lat' dir='ltr'><strong>Mox,</strong></span> <span class='ocrx_word' id='word_1_745' title='bbox 2964 5085 3316 5154; x_wconf 81' lang='grc' dir='ltr'>προσέχοντες</span> <span class='ocrx_word' id='word_1_746' title='bbox 3351 5081 3503 5137; x_wconf 85' lang='lat' dir='ltr'><strong>deest</strong></span> <span class='ocrx_word' id='word_1_747' title='bbox 3531 5081 3586 5134; x_wconf 85' lang='lat' dir='ltr'><strong>in</strong></span> <span class='ocrx_word' id='word_1_748' title='bbox 3620 5079 3773 5137; x_wconf 87' lang='lat' dir='ltr'><strong>Basi-</strong></span> 
     </span>
    </p>
   </div>
   <div class='ocr_carea' id='block_1_100' title="bbox 512 5145 2100 5216">
    <p class='ocr_par' dir='ltr' id='par_1_100' title="bbox 512 5145 2100 5216">
     <span class='ocr_line' id='line_1_100' title="bbox 512 5145 2100 5216; baseline 0 -14"><span class='ocrx_word' id='word_1_749' title='bbox 512 5145 706 5209; x_wconf 77' lang='lat' dir='ltr'><strong>canus.</strong></span> <span class='ocrx_word' id='word_1_750' title='bbox 740 5145 940 5210; x_wconf 87' lang='grc' dir='ltr'>πάντες</span> <span class='ocrx_word' id='word_1_751' title='bbox 962 5145 1141 5198; x_wconf 83' lang='grc' dir='ltr'>αὐτῶν</span> <span class='ocrx_word' id='word_1_752' title='bbox 1172 5145 1489 5216; x_wconf 74' lang='grc' dir='ltr'>περὶαύτοῦ</span> <span class='ocrx_word' id='word_1_753' title='bbox 1524 5145 1651 5216; x_wconf 77' lang='grc' dir='ltr'>ἡσχ.</span> <span class='ocrx_word' id='word_1_754' title='bbox 1698 5146 1922 5214; x_wconf 79' lang='lat' dir='ltr'><strong>Regius.</strong></span> <span class='ocrx_word' id='word_1_755' title='bbox 1968 5145 2100 5202; x_wconf 73' lang='grc' dir='ltr'>πάν-</span> 
     </span>
    </p>
   </div>
   <div class='ocr_carea' id='block_1_101' title="bbox 513 5215 2095 5288">
    <p class='ocr_par' dir='ltr' id='par_1_101' title="bbox 513 5215 2095 5288">
     <span class='ocr_line' id='line_1_101' title="bbox 513 5215 2095 5288; baseline 0.001 -18"><span class='ocrx_word' id='word_1_756' title='bbox 513 5234 606 5280; x_wconf 83' lang='grc' dir='ltr'><strong>τες</strong></span> <span class='ocrx_word' id='word_1_757' title='bbox 634 5216 769 5287; x_wconf 83' lang='grc' dir='ltr'>ὁμοῦ</span> <span class='ocrx_word' id='word_1_758' title='bbox 797 5217 1003 5288; x_wconf 74' lang='grc' dir='ltr'>όναρίῳ</span> <span class='ocrx_word' id='word_1_759' title='bbox 1036 5215 1720 5288; x_wconf 55' lang='grc' dir='ltr'>παρακαθέζονταιζΜοχ,</span> <span class='ocrx_word' id='word_1_760' title='bbox 1751 5217 2095 5284; x_wconf 48' lang='lat' dir='ltr'><strong>Basilianis,</strong></span> 
     </span>
    </p>
   </div>
   <div class='ocr_carea' id='block_1_102' title="bbox 516 5286 1142 5358">
    <p class='ocr_par' dir='ltr' id='par_1_102' title="bbox 516 5286 1142 5358">
     <span class='ocr_line' id='line_1_102' title="bbox 516 5286 1142 5358; baseline -0.005 -17"><span class='ocrx_word' id='word_1_761' title='bbox 516 5289 609 5341; x_wconf 72' lang='grc' dir='ltr'>επὶ</span> <span class='ocrx_word' id='word_1_762' title='bbox 638 5286 878 5358; x_wconf 79' lang='grc' dir='ltr'>ἀμφόδου</span> <span class='ocrx_word' id='word_1_763' title='bbox 908 5286 1142 5358; x_wconf 73' lang='grc' dir='ltr'>δέχεται.</span> 
     </span>
    </p>
   </div>
   <div class='ocr_carea' id='block_1_103' title="bbox 589 5305 2094 5429">
    <p class='ocr_par' dir='ltr' id='par_1_103' title="bbox 589 5305 2094 5429">
     <span class='ocr_line' id='line_1_103' title="bbox 589 5305 1142 5358; baseline -0.002 -19"><span class='ocrx_word' id='word_1_764' title='bbox 589 5305 609 5339; x_wconf 90' lang='grc' dir='ltr'><strong>ι</strong></span> <span class='ocrx_word' id='word_1_765' title='bbox 638 5305 672 5340; x_wconf 94' lang='grc' dir='ltr'><strong>α</strong></span> <span class='ocrx_word' id='word_1_766' title='bbox 724 5305 878 5354; x_wconf 78' lang='grc' dir='ltr'>φοοου</span> <span class='ocrx_word' id='word_1_767' title='bbox 908 5305 1142 5358; x_wconf 80' lang='grc' dir='ltr'>οεχεται.</span> 
     </span>
     <span class='ocr_line' id='line_1_104' title="bbox 589 5305 2094 5429; baseline -0.001 -16"><span class='ocrx_word' id='word_1_768' title='bbox 589 5305 716 5429; x_wconf 67' lang='grc' dir='ltr'>(8οΫ</span> <span class='ocrx_word' id='word_1_769' title='bbox 745 5357 964 5429; x_wconf 78' lang='lat' dir='ltr'><strong>Regius.</strong></span> <span class='ocrx_word' id='word_1_770' title='bbox 999 5360 1079 5429; x_wconf 85' lang='grc' dir='ltr'><strong>είς</strong></span> <span class='ocrx_word' id='word_1_771' title='bbox 1112 5356 1301 5429; x_wconf 85' lang='grc' dir='ltr'>ἀγρόν.</span> <span class='ocrx_word' id='word_1_772' title='bbox 1356 5356 1519 5419; x_wconf 83' lang='lat' dir='ltr'><strong>Editi,</strong></span> <span class='ocrx_word' id='word_1_773' title='bbox 1556 5358 1637 5429; x_wconf 67' lang='grc' dir='ltr'>εἰς</span> <span class='ocrx_word' id='word_1_774' title='bbox 1677 5357 1902 5428; x_wconf 80' lang='grc' dir='ltr'>ἀγοράν.</span> <span class='ocrx_word' id='word_1_775' title='bbox 1951 5358 2094 5419; x_wconf 80' lang='lat' dir='ltr'><strong>Mox.</strong></span> 
     </span>
    </p>
   </div>
   <div class='ocr_carea' id='block_1_104' title="bbox 518 5426 2096 5550">
    <p class='ocr_par' dir='ltr' id='par_1_104' title="bbox 518 5426 2096 5550">
     <span class='ocr_line' id='line_1_105' title="bbox 518 5426 2096 5550; baseline 0.001 -70"><span class='ocrx_word' id='word_1_776' title='bbox 518 5426 690 5550; x_wconf 52' lang='lat' dir='ltr'><strong>:lagél.</strong></span> <span class='ocrx_word' id='word_1_777' title='bbox 732 5429 817 5479; x_wconf 80' lang='grc' dir='ltr'><strong>ἐπ’</strong></span> <span class='ocrx_word' id='word_1_778' title='bbox 865 5427 1107 5498; x_wconf 82' lang='grc' dir='ltr'>ἀμφόδου</span> <span class='ocrx_word' id='word_1_779' title='bbox 1157 5427 1395 5499; x_wconf 81' lang='grc' dir='ltr'>δέχεται.</span> <span class='ocrx_word' id='word_1_780' title='bbox 1445 5426 1658 5497; x_wconf 82' lang='lat' dir='ltr'><strong>Anglic.</strong></span> <span class='ocrx_word' id='word_1_781' title='bbox 1722 5426 1807 5480; x_wconf 79' lang='grc' dir='ltr'>ἐπ’</span> <span class='ocrx_word' id='word_1_782' title='bbox 1853 5430 2096 5482; x_wconf 62' lang='grc' dir='ltr'>ἀμφόδου</span> 
     </span>
     <span class='ocr_line' id='line_1_106' title="bbox 550 5514 821 5550; baseline -0.004 0"><span class='ocrx_word' id='word_1_783' title='bbox 550 5517 582 5550; x_wconf 85' lang='grc' dir='ltr'><strong>κ</strong></span> <span class='ocrx_word' id='word_1_784' title='bbox 647 5514 821 5550; x_wconf 80' lang='grc' dir='ltr'>γεται.</span> 
     </span>
    </p>
   </div>
   <div class='ocr_carea' id='block_1_105' title="bbox 519 5502 821 5553">
    <p class='ocr_par' dir='ltr' id='par_1_105' title="bbox 519 5502 821 5553">
     <span class='ocr_line' id='line_1_107' title="bbox 519 5502 821 5553; baseline -0.013 0"><span class='ocrx_word' id='word_1_785' title='bbox 519 5502 821 5553; x_wconf 79' lang='grc' dir='ltr'>ὲκδέγεται.</span> 
     </span>
    </p>
   </div>
   <div class='ocr_carea' id='block_1_106' title="bbox 593 5517 2090 5640">
    <p class='ocr_par' dir='ltr' id='par_1_106' title="bbox 593 5517 2090 5640">
     <span class='ocr_line' id='line_1_108' title="bbox 593 5517 2090 5640; baseline -0.001 -18"><span class='ocrx_word' id='word_1_786' title='bbox 593 5517 873 5640; x_wconf 51' lang='grc' dir='ltr'><strong>(ἓῖῗτὲξε.</strong></span> <span class='ocrx_word' id='word_1_787' title='bbox 907 5578 960 5640; x_wconf 68' lang='lat' dir='ltr'><strong>et</strong></span> <span class='ocrx_word' id='word_1_788' title='bbox 1004 5566 1169 5623; x_wconf 88' lang='lat' dir='ltr'><strong>Basil.</strong></span> <span class='ocrx_word' id='word_1_789' title='bbox 1217 5566 1565 5623; x_wconf 81' lang='grc' dir='ltr'>ἐπεκάθισεν.</span> <span class='ocrx_word' id='word_1_790' title='bbox 1610 5567 1768 5639; x_wconf 85' lang='lat' dir='ltr'><strong>Angl.</strong></span> <span class='ocrx_word' id='word_1_791' title='bbox 1802 5568 2090 5638; x_wconf 85' lang='grc' dir='ltr'>ὲκάθησεν.</span> 
     </span>
    </p>
   </div>
   <div class='ocr_carea' id='block_1_107' title="bbox 520 5636 1303 5709">
    <p class='ocr_par' dir='ltr' id='par_1_107' title="bbox 520 5636 1303 5709">
     <span class='ocr_line' id='line_1_109' title="bbox 520 5636 1303 5709; baseline -0.001 -18"><span class='ocrx_word' id='word_1_792' title='bbox 520 5636 671 5709; x_wconf 77' lang='lat' dir='ltr'><strong>Idem</strong></span> <span class='ocrx_word' id='word_1_793' title='bbox 699 5636 847 5709; x_wconf 61' lang='lat' dir='ltr'><strong>mpii,</strong></span> <span class='ocrx_word' id='word_1_794' title='bbox 880 5636 1022 5709; x_wconf 74' lang='grc' dir='ltr'>οὓτω</span> <span class='ocrx_word' id='word_1_795' title='bbox 1048 5640 1141 5709; x_wconf 73' lang='grc' dir='ltr'>καὶ</span> <span class='ocrx_word' id='word_1_796' title='bbox 1166 5640 1303 5709; x_wconf 68' lang='grc' dir='ltr'>Ζαχ.</span> 
     </span>
    </p>
   </div>
   <div class='ocr_carea' id='block_1_108' title="bbox 592 5706 2090 5775">
    <p class='ocr_par' dir='ltr' id='par_1_108' title="bbox 592 5706 2090 5775">
     <span class='ocr_line' id='line_1_110' title="bbox 592 5706 2090 5775; baseline 0.001 -16"><span class='ocrx_word' id='word_1_797' title='bbox 592 5707 701 5775; x_wconf 68' lang='grc' dir='ltr'>(ὃῖ)</span> <span class='ocrx_word' id='word_1_798' title='bbox 744 5707 845 5761; x_wconf 83' lang='grc' dir='ltr'>Σου</span> <span class='ocrx_word' id='word_1_799' title='bbox 879 5706 1029 5762; x_wconf 90' lang='lat' dir='ltr'><strong>deest</strong></span> <span class='ocrx_word' id='word_1_800' title='bbox 1061 5708 1114 5762; x_wconf 89' lang='lat' dir='ltr'><strong>in</strong></span> <span class='ocrx_word' id='word_1_801' title='bbox 1151 5706 1467 5764; x_wconf 85' lang='lat' dir='ltr'><strong>Gnhlerian.</strong></span> <span class='ocrx_word' id='word_1_802' title='bbox 1497 5716 1552 5766; x_wconf 91' lang='lat' dir='ltr'><strong>et</strong></span> <span class='ocrx_word' id='word_1_803' title='bbox 1598 5707 1742 5763; x_wconf 85' lang='lat' dir='ltr'><strong>Felc.</strong></span> <span class='ocrx_word' id='word_1_804' title='bbox 1781 5710 1832 5761; x_wconf 78' lang='grc'>1.</span> <span class='ocrx_word' id='word_1_805' title='bbox 1867 5708 2090 5771; x_wconf 82' lang='lat' dir='ltr'><strong>Ibidem,</strong></span> 
     </span>
    </p>
   </div>
   <div class='ocr_carea' id='block_1_109' title="bbox 523 5776 1857 5847">
    <p class='ocr_par' dir='ltr' id='par_1_109' title="bbox 523 5776 1857 5847">
     <span class='ocr_line' id='line_1_111' title="bbox 523 5776 1857 5847; baseline -0.004 -14"><span class='ocrx_word' id='word_1_806' title='bbox 523 5776 866 5847; x_wconf 68' lang='grc' dir='ltr'>ἐπιϐεϐηκώς</span> <span class='ocrx_word' id='word_1_807' title='bbox 897 5777 1049 5831; x_wconf 87' lang='lat' dir='ltr'><strong>abest</strong></span> <span class='ocrx_word' id='word_1_808' title='bbox 1076 5794 1105 5830; x_wconf 85' lang='lat' dir='ltr'><strong>a</strong></span> <span class='ocrx_word' id='word_1_809' title='bbox 1136 5777 1421 5833; x_wconf 88' lang='lat' dir='ltr'><strong>Basiliensi</strong></span> <span class='ocrx_word' id='word_1_810' title='bbox 1458 5788 1509 5833; x_wconf 83' lang='lat' dir='ltr'><strong>et</strong></span> <span class='ocrx_word' id='word_1_811' title='bbox 1542 5779 1857 5847; x_wconf 80' lang='lat' dir='ltr'><strong>Anglicann.</strong></span> 
     </span>
    </p>
   </div>
   <div class='ocr_carea' id='block_1_110' title="bbox 593 5848 2018 5918">
    <p class='ocr_par' dir='ltr' id='par_1_110' title="bbox 593 5848 2018 5918">
     <span class='ocr_line' id='line_1_112' title="bbox 593 5848 2018 5918; baseline -0.001 -16"><span class='ocrx_word' id='word_1_812' title='bbox 593 5848 717 5910; x_wconf 77' lang='lat' dir='ltr'><strong>(85l&#39;</strong></span> <span class='ocrx_word' id='word_1_813' title='bbox 741 5848 819 5918; x_wconf 15' lang='lat' dir='ltr'><strong>lita</strong></span> <span class='ocrx_word' id='word_1_814' title='bbox 851 5849 1085 5918; x_wconf 81' lang='lat' dir='ltr'><strong>maxima</strong></span> <span class='ocrx_word' id='word_1_815' title='bbox 1120 5864 1245 5918; x_wconf 85' lang='lat' dir='ltr'><strong>pars</strong></span> <span class='ocrx_word' id='word_1_816' title='bbox 1278 5867 1406 5905; x_wconf 88' lang='lat' dir='ltr'><strong>mss.</strong></span> <span class='ocrx_word' id='word_1_817' title='bbox 1451 5850 1610 5909; x_wconf 85' lang='lat' dir='ltr'><strong>Editi,</strong></span> <span class='ocrx_word' id='word_1_818' title='bbox 1639 5848 2018 5917; x_wconf 84' lang='grc' dir='ltr'>ἀποκείμενον.</span> 
     </span>
    </p>
   </div>
   <div class='ocr_carea' id='block_1_111' title="bbox 473 5916 2087 6003">
    <p class='ocr_par' dir='ltr' id='par_1_111' title="bbox 473 5916 2087 6003">
     <span class='ocr_line' id='line_1_113' title="bbox 473 5916 2087 6003; baseline -0.004 -25"><span class='ocrx_word' id='word_1_819' title='bbox 473 5992 480 6003; x_wconf 36' lang='lat'><strong><em>&#39;</em></strong></span> <span class='ocrx_word' id='word_1_820' title='bbox 593 5917 704 5993; x_wconf 69' lang='lat'><strong>(84)</strong></span> <span class='ocrx_word' id='word_1_821' title='bbox 745 5917 838 5977; x_wconf 87' lang='lat' dir='ltr'><strong>Sic</strong></span> <span class='ocrx_word' id='word_1_822' title='bbox 876 5916 1360 5992; x_wconf 41' lang='lat' dir='ltr'><strong>Regium—Gobler.</strong></span> <span class='ocrx_word' id='word_1_823' title='bbox 1410 5928 1463 5977; x_wconf 89' lang='lat' dir='ltr'><strong>et</strong></span> <span class='ocrx_word' id='word_1_824' title='bbox 1500 5919 1645 5976; x_wconf 81' lang='lat' dir='ltr'><strong>Felc.</strong></span> <span class='ocrx_word' id='word_1_825' title='bbox 1679 5919 1727 5972; x_wconf 74' lang='grc'>1.</span> <span class='ocrx_word' id='word_1_826' title='bbox 1765 5916 1905 5974; x_wconf 73' lang='lat' dir='ltr'><strong>Editi</strong></span> <span class='ocrx_word' id='word_1_827' title='bbox 1939 5933 2087 5987; x_wconf 77' lang='lat' dir='ltr'><strong>vero,</strong></span> 
     </span>
    </p>
   </div>
   <div class='ocr_carea' id='block_1_112' title="bbox 2202 5150 2692 5219">
    <p class='ocr_par' dir='ltr' id='par_1_112' title="bbox 2202 5150 2692 5219">
     <span class='ocr_line' id='line_1_114' title="bbox 2202 5150 2692 5219; baseline 0 -14"><span class='ocrx_word' id='word_1_828' title='bbox 2202 5150 2362 5205; x_wconf 89' lang='lat' dir='ltr'><strong>liensi</strong></span> <span class='ocrx_word' id='word_1_829' title='bbox 2397 5161 2452 5207; x_wconf 91' lang='lat' dir='ltr'><strong>et</strong></span> <span class='ocrx_word' id='word_1_830' title='bbox 2483 5152 2692 5219; x_wconf 83' lang='lat' dir='ltr'><strong>Anglic.</strong></span> 
     </span>
    </p>
   </div>
   <div class='ocr_carea' id='block_1_113' title="bbox 2275 5220 3767 5294">
    <p class='ocr_par' dir='ltr' id='par_1_113' title="bbox 2275 5220 3767 5294">
     <span class='ocr_line' id='line_1_115' title="bbox 2275 5220 3767 5294; baseline 0.007 -20"><span class='ocrx_word' id='word_1_831' title='bbox 2275 5220 2382 5294; x_wconf 83' lang='grc'>(85)</span> <span class='ocrx_word' id='word_1_832' title='bbox 2425 5223 2645 5294; x_wconf 75' lang='lat' dir='ltr'><strong>Regius,</strong></span> <span class='ocrx_word' id='word_1_833' title='bbox 2690 5223 3169 5294; x_wconf 54' lang='grc' dir='ltr'><strong>ἐξακολουθοῦμενἐ</strong></span> <span class='ocrx_word' id='word_1_834' title='bbox 3207 5221 3435 5294; x_wconf 57' lang='grc' dir='ltr'><strong>δεξειιενἒ</strong></span> <span class='ocrx_word' id='word_1_835' title='bbox 3465 5233 3518 5277; x_wconf 93' lang='lat' dir='ltr'><strong>et</strong></span> <span class='ocrx_word' id='word_1_836' title='bbox 3547 5228 3767 5285; x_wconf 86' lang='lat' dir='ltr'><strong>Gobler.</strong></span> 
     </span>
    </p>
   </div>
   <div class='ocr_carea' id='block_1_114' title="bbox 2202 5290 3770 5364">
    <p class='ocr_par' dir='ltr' id='par_1_114' title="bbox 2202 5290 3770 5364">
     <span class='ocr_line' id='line_1_116' title="bbox 2202 5290 3770 5364; baseline 0.001 -21"><span class='ocrx_word' id='word_1_837' title='bbox 2202 5290 2718 5364; x_wconf 65' lang='grc' dir='ltr'>ἐξακολουθήσωμεν</span> <span class='ocrx_word' id='word_1_838' title='bbox 2764 5293 2929 5347; x_wconf 85' lang='lat' dir='ltr'><strong>Paulo</strong></span> <span class='ocrx_word' id='word_1_839' title='bbox 2964 5290 3367 5364; x_wconf 43' lang='lat' dir='ltr'><strong>postLRegius.</strong></span> <span class='ocrx_word' id='word_1_840' title='bbox 3405 5292 3631 5364; x_wconf 76' lang='lat' dir='ltr'><strong>Seguer.</strong></span> <span class='ocrx_word' id='word_1_841' title='bbox 3663 5300 3770 5355; x_wconf 88' lang='lat' dir='ltr'><strong>Ba.</strong></span> 
     </span>
    </p>
   </div>
   <div class='ocr_carea' id='block_1_115' title="bbox 2203 5361 3769 5438">
    <p class='ocr_par' dir='ltr' id='par_1_115' title="bbox 2203 5361 3769 5438">
     <span class='ocr_line' id='line_1_117' title="bbox 2203 5361 3769 5438; baseline 0.009 -27"><span class='ocrx_word' id='word_1_842' title='bbox 2203 5363 2292 5438; x_wconf 76' lang='lat' dir='ltr'><strong>sil.</strong></span> <span class='ocrx_word' id='word_1_843' title='bbox 2338 5361 2550 5438; x_wconf 53' lang='lat' dir='ltr'><strong>Ajiglic.</strong></span> <span class='ocrx_word' id='word_1_844' title='bbox 2575 5364 2838 5438; x_wconf 54' lang='lat' dir='ltr'><strong>fpspvq‘w,</strong></span> <span class='ocrx_word' id='word_1_845' title='bbox 2890 5361 3247 5438; x_wconf 64' lang='lat' dir='ltr'><strong>recte._Editi</strong></span> <span class='ocrx_word' id='word_1_846' title='bbox 3289 5378 3418 5438; x_wconf 80' lang='lat' dir='ltr'><strong>vero</strong></span> <span class='ocrx_word' id='word_1_847' title='bbox 3461 5361 3515 5438; x_wconf 81' lang='lat' dir='ltr'><strong>et</strong></span> <span class='ocrx_word' id='word_1_848' title='bbox 3564 5372 3769 5438; x_wconf 72' lang='lat' dir='ltr'><strong>czeteri,</strong></span> 
     </span>
    </p>
   </div>
   <div class='ocr_carea' id='block_1_116' title="bbox 2201 5431 3732 5503">
    <p class='ocr_par' dir='ltr' id='par_1_116' title="bbox 2201 5431 3732 5503">
     <span class='ocr_line' id='line_1_118' title="bbox 2201 5431 3732 5503; baseline 0.006 -18"><span class='ocrx_word' id='word_1_849' title='bbox 2201 5432 2548 5503; x_wconf 77' lang='grc' dir='ltr'>ἐρευνῶντες.</span> <span class='ocrx_word' id='word_1_850' title='bbox 2574 5431 2738 5487; x_wconf 82' lang='lat' dir='ltr'><strong>Paulo</strong></span> <span class='ocrx_word' id='word_1_851' title='bbox 2763 5431 2910 5502; x_wconf 80' lang='lat' dir='ltr'><strong>post,</strong></span> <span class='ocrx_word' id='word_1_852' title='bbox 2946 5434 3255 5488; x_wconf 81' lang='lat' dir='ltr'><strong>Goblerian.</strong></span> <span class='ocrx_word' id='word_1_853' title='bbox 3288 5434 3379 5486; x_wconf 69' lang='grc' dir='ltr'><strong>ἐπὶ</strong></span> <span class='ocrx_word' id='word_1_854' title='bbox 3404 5437 3498 5490; x_wconf 76' lang='grc' dir='ltr'>τοῦ</span> <span class='ocrx_word' id='word_1_855' title='bbox 3537 5440 3732 5503; x_wconf 80' lang='grc' dir='ltr'>Ἰησοῦ.</span> 
     </span>
    </p>
   </div>
   <div class='ocr_carea' id='block_1_117' title="bbox 2274 5472 3769 5577">
    <p class='ocr_par' dir='ltr' id='par_1_117' title="bbox 2274 5472 3769 5577">
     <span class='ocr_line' id='line_1_119' title="bbox 2274 5472 3769 5577; baseline 0.007 -23"><span class='ocrx_word' id='word_1_856' title='bbox 2274 5472 2406 5577; x_wconf 51' lang='lat' dir='ltr'><strong>se;</strong></span> <span class='ocrx_word' id='word_1_857' title='bbox 2418 5472 2927 5577; x_wconf 57' lang='grc' dir='ltr'>λῖιῖιίοῖῖῖξξάτδῆιζ.</span> <span class='ocrx_word' id='word_1_858' title='bbox 2949 5472 3514 5577; x_wconf 58' lang='grc' dir='ltr'><strong>“ίι”ε;ῖι;έῑ·’έκ;ιδέέςτῑ.</strong></span> <span class='ocrx_word' id='word_1_859' title='bbox 3553 5472 3769 5566; x_wconf 54' lang='lat' dir='ltr'><strong>nam.</strong></span> 
     </span>
    </p>
   </div>
   <div class='ocr_carea' id='block_1_118' title="bbox 2201 5572 3765 5651">
    <p class='ocr_par' dir='ltr' id='par_1_118' title="bbox 2201 5572 3765 5651">
     <span class='ocr_line' id='line_1_120' title="bbox 2201 5572 3765 5651; baseline 0.007 -28"><span class='ocrx_word' id='word_1_860' title='bbox 2201 5572 2364 5651; x_wconf 69' lang='lat' dir='ltr'><strong>editis</strong></span> <span class='ocrx_word' id='word_1_861' title='bbox 2387 5582 2445 5651; x_wconf 70' lang='lat' dir='ltr'><strong>et</strong></span> <span class='ocrx_word' id='word_1_862' title='bbox 2477 5573 2530 5651; x_wconf 77' lang='lat' dir='ltr'><strong>in</strong></span> <span class='ocrx_word' id='word_1_863' title='bbox 2552 5572 3060 5651; x_wconf 57' lang='lat' dir='ltr'><strong>quihusdaininss.</strong></span> <span class='ocrx_word' id='word_1_864' title='bbox 3087 5575 3302 5651; x_wconf 68' lang='lat' dir='ltr'><strong>legitur,</strong></span> <span class='ocrx_word' id='word_1_865' title='bbox 3335 5576 3429 5628; x_wconf 80' lang='grc' dir='ltr'><strong>καὶ</strong></span> <span class='ocrx_word' id='word_1_866' title='bbox 3455 5572 3617 5650; x_wconf 64' lang='grc' dir='ltr'>ἡμεῖς</span> <span class='ocrx_word' id='word_1_867' title='bbox 3645 5579 3765 5651; x_wconf 79' lang='grc' dir='ltr'>μέν,</span> 
     </span>
    </p>
   </div>
   <div class='ocr_carea' id='block_1_119' title="bbox 2198 5641 3462 5715">
    <p class='ocr_par' dir='ltr' id='par_1_119' title="bbox 2198 5641 3462 5715">
     <span class='ocr_line' id='line_1_121' title="bbox 2198 5641 3462 5715; baseline 0.006 -19"><span class='ocrx_word' id='word_1_868' title='bbox 2198 5641 2455 5715; x_wconf 20' lang='grc' dir='ltr'>δεόᾼμένΑ</span> <span class='ocrx_word' id='word_1_869' title='bbox 2481 5643 2633 5715; x_wconf 85' lang='lat' dir='ltr'><strong>deest</strong></span> <span class='ocrx_word' id='word_1_870' title='bbox 2667 5645 2720 5698; x_wconf 89' lang='lat' dir='ltr'><strong>in</strong></span> <span class='ocrx_word' id='word_1_871' title='bbox 2751 5644 3034 5699; x_wconf 87' lang='lat' dir='ltr'><strong>Basiliensi</strong></span> <span class='ocrx_word' id='word_1_872' title='bbox 3061 5651 3112 5699; x_wconf 81' lang='lat' dir='ltr'><strong>et</strong></span> <span class='ocrx_word' id='word_1_873' title='bbox 3142 5641 3462 5715; x_wconf 65' lang='lat' dir='ltr'><strong>Anglicani).</strong></span> 
     </span>
    </p>
   </div>
   <div class='ocr_carea' id='block_1_120' title="bbox 2272 5710 3768 5787">
    <p class='ocr_par' dir='ltr' id='par_1_120' title="bbox 2272 5710 3768 5787">
     <span class='ocr_line' id='line_1_122' title="bbox 2272 5710 3768 5787; baseline 0.005 -22"><span class='ocrx_word' id='word_1_874' title='bbox 2272 5710 2391 5787; x_wconf 86' lang='lat'><strong>(87)_</strong></span> <span class='ocrx_word' id='word_1_875' title='bbox 2425 5713 2744 5787; x_wconf 61' lang='lat' dir='ltr'><strong>Basiliensis</strong></span> <span class='ocrx_word' id='word_1_876' title='bbox 2777 5722 2829 5768; x_wconf 87' lang='lat' dir='ltr'><strong>et</strong></span> <span class='ocrx_word' id='word_1_877' title='bbox 2871 5716 3080 5787; x_wconf 54' lang='lat' dir='ltr'><strong>.Aiiglic.</strong></span> <span class='ocrx_word' id='word_1_878' title='bbox 3128 5710 3531 5787; x_wconf 68' lang='grc' dir='ltr'>τῆν’ἔνσαρκον</span> <span class='ocrx_word' id='word_1_879' title='bbox 3562 5732 3768 5787; x_wconf 83' lang='grc' dir='ltr'>παρου-</span> 
     </span>
    </p>
   </div>
   <div class='ocr_carea' id='block_1_121' title="bbox 2201 5780 3771 5921">
    <p class='ocr_par' dir='ltr' id='par_1_121' title="bbox 2201 5780 3771 5921">
     <span class='ocr_line' id='line_1_123' title="bbox 2201 5780 3771 5921; baseline 0.007 -86"><span class='ocrx_word' id='word_1_880' title='bbox 2201 5780 2461 5921; x_wconf 41' lang='grc' dir='ltr'><strong>ἓξὲᾧὲιὲ</strong></span> <span class='ocrx_word' id='word_1_881' title='bbox 2461 5801 2516 5838; x_wconf 85' lang='lat' dir='ltr'><strong>ra</strong></span> <span class='ocrx_word' id='word_1_882' title='bbox 2539 5783 2849 5840; x_wconf 82' lang='lat' dir='ltr'><strong>Goblerian.</strong></span> <span class='ocrx_word' id='word_1_883' title='bbox 2872 5780 3071 5838; x_wconf 57' lang='grc' dir='ltr'>διάτοῦ</span> <span class='ocrx_word' id='word_1_884' title='bbox 3097 5780 3373 5857; x_wconf 82' lang='grc' dir='ltr'>προφήτου</span> <span class='ocrx_word' id='word_1_885' title='bbox 3402 5780 3586 5859; x_wconf 64' lang='grc' dir='ltr'>φησίψ</span> <span class='ocrx_word' id='word_1_886' title='bbox 3624 5780 3771 5845; x_wconf 77' lang='grc' dir='ltr'>Ἐπιι-</span> 
     </span>
    </p>
   </div>
  </div>
