4002 6512
274 366 366 425 181
1325 366 1393 424 IN
1434 367 1663 435 lLLUD,
1704 367 2047 425 PROFECTI
2084 371 2152 425 IN
2193 372 2454 430 PAGUM.

3410 381 3512 438 182

277 487 331 538 ἒν
357 484 478 545 ταῖς
521 481 696 546 θείαις
732 482 998 554 Γραφικὴ,
1031 480 1325 554 ἀγαπητοί.
1362 483 1553 553 Μέγας
1579 484 1724 538 ἐστὶν
1757 477 1848 538 οὗ·

1960 487 2135 557 pullus
2175 503 2386 544 sumus.
2414 487 2700 545 Hominem
2752 486 2973 561 quippe,
3009 489 3215 549 domini
3249 492 3390 562 ejus,
3417 496 3511 565 qui

278 592 361 638 τος
378 576 408 628 6
432 572 636 637 πῶλος,
661 573 722 637 δς
751 573 862 645 (88)
887 575 982 631 καὶ
1010 573 1253 650 ἀλλαχοῦ.
1283 574 1497 643 λέγεται
1528 593 1548 628 ι
1585 574 1701 638 υίὸς
1728 574 1858 630 νεώ-

1960 578 2107 649 prius
2146 579 2203 633 in
2232 580 2604 651 captivitatem
2646 579 2798 635 illum
2825 581 3171 653 redegerant,
3202 583 3513 639 insolubili-

280 680 480 735 τερος.»
511 665 625 717 Καὶ
646 665 756 737 γὰρ
781 666 811 717 6
845 664 1042 732 πῶλος,
1074 666 1193 729 ὃνος
1228 666 1348 718 ἐστὶ
1376 666 1515 730 νέος.
1547 659 1735 736 Ἡμεῖς
1763 662 1855 721 οὖν

281 758 436 826 ἐσμεν
458 758 487 808 6
512 755 713 822 πῶλος,
736 757 1014 810 τουτέστιν
1035 758 1070 828 ἡ
1109 755 1486 828 ἀνθρωπότης.
1519 757 1744 812 Ὅντινα.
1764 758 1856 813 ἄν-

282 851 484 921 θρωπον
503 850 555 903 oi
580 848 1126 920 αἱχμαλωτεύσαντες
1146 849 1252 920 πρὸ
1265 849 1454 903 τούτου
1483 849 1661 921 κύριοι
1689 850 1852 904 αὐτοῦ

282 940 384 1013 (89)
437 940 637 1012 ἔδησαν
682 940 902 1011 δεσμοῖς
952 939 1189 1004 ἀλύτοις,
1245 940 1341 993 καὶ
1391 940 1619 1004 ἕκαστος
1672 939 1850 995 αὐτῶν

277 1033 500 1103 δεσμοὺς
531 1034 629 1113 ἐπὶ
671 1031 888 1104 δεσμῶν
927 1031 1251 1102 κατέδησαν,
1288 1032 1381 1086 καὶ
1420 1029 1662 1102 σφοδρῶς
1691 1030 1849 1085 αὐτὸν

279 1129 665 1200 ἠσφαλίσαντο,
713 1127 789 1192 ὡς
833 1123 1008 1198 οἶμαι,
1057 1128 1141 1180 ὅτι
1172 1128 1270 1181 καὶ
1314 1127 1439 1189 τοὺς
1485 1125 1649 1189 πόδας
1693 1123 1855 1179 αὐτοῦ

279 1223 597 1293 κατέδησαν,
643 1222 717 1293 μὴ
748 1219 1157 1291 συγχωροῦντες
1201 1219 1350 1290 αύτῷ
1387 1218 1637 1289 διαϐῆναι
1667 1218 1759 1271 ἐπὶ
1788 1215 1858 1269 τὰ

279 1314 483 1385 βελτίω.
533 1314 674 1367 Ἀλλ’
723 1317 752 1368 6
796 1315 1175 1388 φιλάνθρωπος
1214 1310 1309 1365 τοῦ
1339 1309 1475 1363 Θεοῦ
1510 1310 1659 1373 Υἱὸς,
1705 1310 1733 1361 6
1770 1307 1858 1363 διὰ

277 1404 427 1457 τοῦτο
464 1405 815 1477 ἐπιδημήσας
850 1405 985 1481 (99),
1036 1402 1248 1457 κελεύει
1296 1403 1409 1464 τοῖς
1462 1400 1728 1470 μαθηταῖς
1762 1399 1857 1453 αύ-

1951 670 2057 725 bus
2090 670 2326 727 vinculis
2358 671 2824 738 constrinxerant,
2880 688 3113 743 quorum
3168 674 3367 745 singuli
3399 673 3520 729 vin«

1953 762 2078 816 cula
2116 763 2351 818 vinculis
2383 762 2717 833 adiecerant,
2752 772 2913 835 atque
2944 779 3136 836 magna
3174 765 3326 820 illum
3366 765 3518 821 solli-

1953 852 2197 908 citudine
2227 855 2620 920 observabant,
2655 857 2731 912 ita
2758 864 2820 911 ut
2847 858 3009 912 etiam
3042 854 3321 927 (arbitror)
3351 855 3516 926 pedes

1957 943 2077 1012 ejus
2107 945 2418 1015 alligarent,
2451 964 2553 1004 nec
2591 949 2835 1005 sinerent
2856 965 2979 1006 eum
3023 949 3093 1003 ad
3141 950 3363 1007 meliora
3391 964 3519 1022 pro-

1961 1034 2136 1104 gredi.
2171 1036 2276 1092 Sed
2307 1036 2480 1094 Filius
2503 1039 2597 1095 Dei
2640 1040 2920 1096 hominum
2964 1042 3393 1105 amantissimus,
3421 1039 3517 1111 qui

1957 1126 2104 1182 illius
2153 1142 2320 1184 causa
2352 1130 2733 1201 peregrinatus
2765 1140 2870 1197 est,
2897 1131 3182 1202 discipulis
3217 1133 3331 1187 suis
3378 1146 3520 1202 prte-

1956 1218 2091 1288 cipit
2125 1218 2280 1275 hisce
2318 1220 2546 1276 verbis:
2589 1220 2870 1278 «Profecti
2914 1224 2971 1278 in
2999 1238 3193 1297 pagum
3224 1238 3255 1280 e
3299 1223 3519 1294 regione

1958 1309 2146 1376 situm,
2176 1310 2467 1367 invenietis
2519 1313 2728 1383 pullum
2769 1315 3070 1387 alligatum,
3108 1316 3380 1371 solventes
3423 1313 3519 1368 ad-

1955 1400 2139 1457 ducite
2171 1404 2382 1458 mihi".
2424 1424 2443 1456 ι

276 1501 382 1566 τού,
409 1501 585 1555 είπὼν
627 1501 764 1571 πρὸς
799 1500 1022 1563 αύτούς·
1082 1517 1101 1550 ι
1140 1494 1498 1569 Πορευθέντες
1551 1496 1630 1559 είς
1674 1495 1773 1566 τὴν
1811 1495 2094 1554 κατέναντι
2146 1498 2358 1570 κώμην,
2392 1501 2649 1572 εὑρήσετε
2695 1501 2869 1555 πῶλον
2921 1501 3229 1574 δεδεμένον·
3263 1501 3520 1564 λύσαντες

275 1591 506 1660 ἁγὰγετέ
543 1608 654 1661 μοι.
696 1611 716 1642 ι

339 1688 388 1741 7.
431 1687 618 1741 Πολλὰ
669 1683 765 1740 οὖν
804 1685 1076 1757 παρέσχεν
1127 1686 1256 1755 ἡμῖν
1304 1682 1486 1753 ἀγαθὰ
1531 1686 1560 1737 6
1624 1684 1850 1756 Κύριος,

2033 1682 2084 1738 7.
2118 1680 2505 1769 Multaitaque
2545 1682 2707 1738 nobis
2759 1683 2901 1737 bona
2945 1685 3196 1753 praestitit
3234 1683 3517 1752 Dominus,

271 1780 580 1852 ἀγαπητοί·
628 1779 689 1833 ού
736 1780 846 1850 γὰρ
895 1778 1053 1849 μόνον
1101 1778 1228 1839 τοὺς
1274 1774 1503 1846 δεσμοὺς
1549 1776 1703 1847 ἡμῶν
1752 1777 1853 1846 τῆς

1960 1774 2140 1829 dilecti
2167 1790 2180 1826 :
2214 1790 2324 1829 non
2348 1774 2509 1829 modo
2531 1775 2731 1845 quippe
2761 1775 3155 1831 solvitvincula
3173 1785 3519 1845 peccatorum

270 1872 544 1944 ἁμαρτίας
579 1871 793 1936 ἔλυσεν,
833 1869 967 1923 ἀλλὰ
993 1869 1089 1923 καὶ
1117 1868 1367 1934 ἐξουσίαν
1399 1869 1529 1938 ἡμῖν
1559 1868 1728 1921 ἔδωκε
1761 1867 1854 1921 τοῦ

271 1968 459 2018 πατεῖν
476 1963 669 2017 ἐπάνω
682 1962 857 2031 ὄφεων
875 1962 968 2014 καὶ
990 1959 1267 2030 σκορπίων
1287 1958 1382 2017 καὶ
1402 1958 1495 2010 ἐπὶ
1511 1959 1691 2012 πᾶσαν
1709 1957 1859 2011 δύνα-

274 2075 359 2131 μιν
403 2055 501 2109 τοῦ
539 2054 760 2126 ἐχθροῦ.
819 2049 926 2106 Ἦν
974 2050 1083 2121 γὰρ
1139 2050 1169 2101 6
1213 2047 1456 2113 διάϐολος
1514 2050 1610 2101 καὶ
1667 2049 1715 2101 oi
1766 2065 1858 2102 κο-

274 2149 646 2221 σμοκράτορες
677 2146 771 2202 τοῦ
806 2145 1025 2208 σκότους
1044 2142 1154 2214 (9|)
1185 2141 1400 2207 τούτου,
1429 2140 1680 2206 λαϐόντες
1711 2142 1857 2213 ἡμᾶς

272 2240 671 2311 αἰχμαλώτους,
687 2239 783 2292 καὶ
800 2238 1061 2309 δήσαντες
1076 2236 1224 2306 ἡμᾶς
1239 2234 1456 2304 δεσμοῖς
1474 2233 1708 2298 ἀλύτοις,
1727 2249 1859 2305 προ-

271 2336 494 2388 κόπτειν
524 2333 629 2385 ούκ
658 2330 979 2402 ἐπέτρεπον,
1014 2328 1132 2381 οὐδὲ
1168 2326 1506 2399 συνεχώρουν
1535 2325 1767 2397 βαδίζειν
1791 2327 1856 2395 τῇ

270 2422 370 2492 ὀδῷ
396 2425 465 2492 τῇ
504 2420 683 2491 ἀγαθῇ
705 2436 719 2451 ·
749 2419 842 2472 καὶ
870 2417 992 2470 οὐδὲ
1018 2415 1189 2480 οὓτως
1219 2414 1378 2487 ἡμῶν
1399 2416 1695 2484 ἀφίσταντο
1718 2413 1854 2485 (92),

272 2515 403 2569 ἀλλὰ
430 2516 528 2567 καὶ
550 2512 869 2583 δεδεμένους
892 2511 1037 2581 ἡμᾶς
1070 2509 1385 2580 ἐσχηκότες,
1422 2507 1581 2562 πάλιν
1607 2506 1859 2579 περιεκά-

272 2608 453 2679 θηντο,
488 2606 634 2677 ὠμοί
661 2620 810 2668 τινες
838 2602 990 2665 ὄντες
1017 2602 1111 2654 καὶ
1132 2602 1314 2673 ἄγριοι
1342 2599 1618 2653 δεσπόται.
1664 2598 1803 2651 Ἀλλ’
1828 2599 1857 2651 6

275 2699 475 2767 Κύριος
506 2698 606 2751 καὶ
630 2697 821 2768 Σωτὴρ
850 2693 1009 2765 ἡμῶν
1042 2692 1253 2764 Ἰησοῦς
1281 2691 1513 2764 Χριστὸς
1549 2689 1856 2761 ἐπεδήμησε

274 2790 383 2860 (95)
418 2788 663 2862 κηρύξαι
696 2784 1061 2858 αἰχμαλώτοις
1104 2784 1318 2852 ἄφεσιν,
1367 2784 1458 2835 καὶ
1484 2782 1703 2850 τυφλοῖς
1730 2782 1859 2834 ἀνά-

275 2883 478 2953 ϐλεψιν.
570 2880 787 2952 Ἀμέλει
833 2877 1151 2932 ἀποστέλλει
1195 2875 1322 2939 τοὺς
1377 2874 1621 2946 μαθητὰς
1670 2874 1854 2937 αὑτοῦ,

274 2974 362 3027 καὶ
386 2973 579 3026 λύουσι
602 2971 694 3024 τὸν
725 2969 922 3024 πῶλον.
957 2967 1091 3022 Εἶτα
1122 2966 1288 3030 λύσας
1314 2966 1497 3030 αὐτὸν,
1532 2966 1630 3017 καὶ
1652 2965 1858 3034 φάτνην

270 3064 545 3135 οἰκοδομεῖ
596 3061 766 3133 αὐτῷ,
815 3062 910 3114 καὶ
954 3058 1124 3130 νομὴν
1164 3056 1461 3127 έτοιμάζει.
1517 3054 1690 3108 Τοῐτο
1746 3055 1854 3127 (94)

1959 1874 2307 1933 nostrorum;
2341 1866 2436 1921 sed
2478 1868 2644 1922 etiam
2678 1875 2999 1937 potestatem
3043 1869 3202 1925 nobis
3232 1868 3381 1923 dedit
3407 1869 3522 1923 cal-

1957 1960 2117 2014 candi
2146 1975 2313 2029 supra
2346 1967 2628 2029 serpentes
2666 1969 2719 2013 et
2747 1959 3084 2029 scorpiones,
3127 1967 3181 2014 et
3213 1975 3377 2030 supra
3406 1974 3525 2015 om-

1956 2066 2079 2107 nem
2116 2051 2371 2106 virtutem
2414 2050 2644 2105 inimici.
2681 2048 2813 2104 Erat
2844 2051 2988 2109 enim
3016 2050 3264 2107 diabolus
3289 2060 3343 2105 et
3371 2053 3522 2122 prin-

1957 2145 2108 2215 cipes
2137 2142 2332 2199 mundi
2372 2144 2721 2203 tenebrarum
2753 2144 2971 2208 harum,
3009 2143 3102 2214 qui
3133 2159 3236 2199 nos
3279 2144 3522 2213 captivos

1957 2235 2221 2303 fecerant,
2254 2236 2688 2307 colligarantque
2729 2236 3115 2291 insolubilibus
3143 2236 3396 2298 vinculis,
3423 2250 3524 2289 uec

1958 2328 2210 2384 sinebant
2248 2327 2547 2397 procedere
2584 2336 2677 2383 aut
2726 2329 2779 2383 in
2812 2329 2898 2383 via
2933 2329 3074 2383 bona
3117 2327 3390 2399 progredi.
3421 2326 3519 2381 Ne-

1957 2436 2064 2492 que
2094 2431 2276 2477 tamen
2306 2436 2336 2477 a
2385 2422 2548 2478 nobis
2591 2422 2695 2477 hoc
2723 2422 2778 2477 in
2828 2430 2976 2477 statu
3024 2422 3220 2492 positis
3264 2419 3527 2477 abscede-

1957 2514 2119 2581 bant;
2152 2527 2343 2567 verum
2372 2512 2426 2567 in
2464 2512 2698 2567 vinculis
2742 2528 2844 2569 nos
2873 2511 3179 2567 detinentes
3227 2510 3374 2569 circa
3424 2525 3525 2565 nos

1958 2604 2239 2668 sedebant,
2272 2603 2523 2659 crudeles
2557 2618 2690 2658 sane
2714 2611 2768 2659 et
2797 2602 3008 2657 ell’erati
3033 2601 3261 2656 domini.
3288 2598 3393 2653 Sed
3423 2597 3528 2652 Do-

1958 2697 2142 2752 minus
2185 2704 2241 2752 et
2270 2694 2524 2751 Salvator
2571 2704 2757 2752 noster
2800 2694 2960 2751 Jesus
3002 2693 3259 2749 Christus
3288 2691 3528 2763 peregri-

1958 2796 2121 2843 natus
2158 2794 2248 2842 est
2281 2794 2338 2841 ut
2380 2785 2699 2856 praedicaret
2740 2785 2972 2855 captivis
3024 2782 3423 2844 dimissionem,
3470 2788 3527 2835 et

1959 2877 2117 2931 caecis
2145 2876 2296 2931 visus
2336 2875 2765 2930 restitutionem.
2802 2876 3016 2929 Revera
3055 2871 3356 2943 discipulos
3397 2885 3528 2927 suos

1959 2967 2148 3030 mittit,
2175 2968 2269 3038 qui
2300 2967 2508 3038 pullum
2543 2966 2785 3022 solvunt.
2819 2965 3025 3020 Dehine
3046 2964 3224 3018 soluto
3254 2963 3369 3025 illo,
3394 2978 3528 3031 pra:—

1962 3075 2090 3131 sepc
2108 3058 2364 3121 aediﬁcat,
2388 3065 2443 3113 et
2464 3059 2725 3129 pabulum
2763 3066 2939 3127 parat.
2969 3054 3080 3110 Hoc
3109 3069 3232 3109 cum
3253 3053 3525 3123 PrOpbela

272 3155 378 3227 γὰρ
402 3158 431 3208 ὁ
473 3155 772 3227 Προφήτης
812 3150 1132 3223 βουλόμενος
1167 3148 1356 3215 δεῖξαι,
1394 3146 1564 3217 φησίκ
1597 3165 1615 3197 ι
1656 3144 1858 3217 Κύριος

1960 3145 2450 3211 declararevellet,
2481 3146 2557 3200 ait
2583 3163 2596 3200 :
2626 3164 2645 3197 ι
2679 3143 2949 3198 Dominus
2971 3142 3146 3214 pascit
3171 3157 3277 3208 me,
3308 3149 3362 3197 et
3390 3142 3525 3196 nihil

273 3245 553 3318 ποιμαίνει
607 3260 696 3315 με,
747 3241 842 3296 καὶ
879 3240 1029 3295 οὐδέν
1086 3256 1153 3311 με
1207 3238 1516 3309 ύστερήσει,
1565 3239 1645 3301 είς
1694 3237 1856 3291 τόπον

270 3340 453 3411 χλόης,
491 3339 611 3390 ἐκεῖ
647 3352 714 3406 με
753 3334 1189 3404 κατεσκήνωσεν,
1229 3329 1351 3383 Ἐπὶ
1380 3328 1569 3392 ὓδατος
1611 3327 1856 3382 ἀναπαύ-

274 3450 409 3495 σεως
448 3427 711 3499 ἐξέθρεψέ
758 3444 825 3496 με
860 3425 995 3497 (95),
1025 3424 1124 3496 τὴν
1150 3423 1328 3495 ψυχήν
1364 3440 1464 3493 μου
1496 3421 1792 3493 ἐπέτρεψε·
1834 3442 1852 3474 ι

271 3525 365 3578 καὶ
391 3521 562 3576 πάλιν
581 3536 595 3549 θ
625 3539 643 3571 ι
676 3520 737 3572 '0
764 3514 1128 3582 ὲξανατέλλων
1156 3513 1346 3586 χόρτον
1364 3516 1477 3575 τοῖς
1498 3513 1738 3584 κτήνεσι,
1765 3509 1860 3569 καὶ⁵

273 3615 436 3686 χλόην
468 3616 540 3684 τῇ
571 3611 787 3682 δουλείᾳ
818 3609 925 3663 τῶν
966 3605 1286 3679 ἀνθρώπων.
1333 3624 1352 3656 ι
1399 3603 1738 3675 Στραφέντες
1767 3597 1860 3655 οὖν

270 3707 457 3761 λοιπὸν
493 3703 607 3777 (96)
642 3700 1080 3771 εύαισθητότεροι
1122 3695 1434 3768 γενοίμεθα,
1480 3696 1576 3749 καὶ
1615 3697 1858 3764 ἀναγνω-

276 3801 518 3872 ρίσωμεν
562 3795 656 3849 τὸν
687 3793 1000 3865 εὐεργέτην,
1048 3791 1143 3844 καὶ
1172 3789 1240 3842 τὰ
1267 3788 1358 3841 ὑπ’
1394 3786 1556 3841 αὐτοῦ
1605 3785 1861 3855 δεδομένα

270 3895 402 3963 ἡμῖν
431 3886 618 3958 ἀγαθὰ
653 3885 946 3958 προθύμως
988 3882 1290 3953 δεξώμεθα.
1342 3879 1499 3933 Οὕτω
1545 3878 1652 3952 γὰρ
1702 3879 1862 3949 εὐχα-

274 3982 592 4058 ριστοῦντες
619 3978 895 4051 δυνάμεθα
925 3977 1104 4044 λέγειν
1132 3978 1229 4029 σὺν
1258 3974 1335 4046 τῷ
1375 3973 1567 4027 Δαδίδ·
1619 3993 1638 4025 ι
1688 3973 1863 4027 Ἠτοί-

274 4094 458 4151 μασας
487 4074 722 4128 ἐνώπιόν
764 4088 864 4141 μου
890 4069 1165 4142 τράπεζαν
1193 4068 1500 4135 ἐξεναντίας
1523 4066 1630 4120 τῶν
1654 4067 1861 4121 θλιϐόν-

268 4188 380 4223 των
434 4185 527 4239 με.
566 4187 586 4219 ι
613 4165 864 4219 Τοιοῦτον
909 4164 1017 4232 γάρ
1045 4164 1159 4214 ἐστι
1203 4161 1284 4219 τὸ.
1317 4180 1335 4212 ι
1368 4162 1550 4229 Ἔγνω
1599 4160 1724 4231 βοῦς
1770 4160 1861 4212 τὸν

270 4259 645 4331 κτησάμενον,
673 4255 766 4307 καὶ
792 4253 909 4316 όνος
929 4252 1025 4323 τὴν
1052 4250 1257 4322 φάτνην
1282 4248 1376 4302 τοῦ
1408 4250 1598 4320 κυρίου
1622 4247 1806 4302 αὑτοῦ,
1839 4269 1856 4300 ι

270 4352 386 4406 Καὶ
410 4350 556 4418 τάχα
586 4347 674 4401 διὰ
704 4343 892 4399 τοῦτον
914 4345 1005 4398 τὸν
1039 4342 1215 4397 πῶλον
1242 4344 1270 4396 6
1302 4340 1508 4413 Ἰησοῦς
1541 4340 1635 4394 ἐπὶ
1659 4341 1862 4411 φάτνης

269 4442 646 4501 ἀνακλίνεται.
698 4434 844 4510 Ἀρα
878 4436 987 4509 γὰρ
1022 4435 1186 4489 τόπον
1234 4435 1336 4487 οὐκ
1381 4429 1525 4504 εἶχεν
1566 4434 1599 4486 ό·
1642 4431 1859 4502 Ἰωσὴφ,

1961 3238 2093 3292 mihi
2127 3237 2320 3301 deerit,
2359 3238 2413 3292 in
2446 3238 2567 3292 loco
2600 3237 2935 3308 pascuaibi,
2973 3251 3060 3291 me
3086 3235 3391 3290 collocavit.
3425 3231 3529 3288 Su-

1959 3345 2057 3399 per
2085 3345 2279 3400 aquam
2310 3330 2626 3387 refectionis
2654 3327 2907 3385 educavit
2943 3345 3049 3393 me,
3079 3330 3315 3384 animam
3352 3342 3525 3382 meam

1959 3421 2322 3488 convertit“;
2357 3442 2375 3474 υ
2409 3428 2465 3477 et
2499 3437 2716 3478 rursum
2745 3441 2757 3477 :
2799 3440 2817 3473 ι
2850 3421 2952 3488 Qui
2989 3420 3241 3491 producit
3266 3418 3528 3490 iumentis

1960 3512 2168 3579 fenum,
2192 3522 2246 3569 et
2263 3514 2490 3569 herbam
2525 3515 2775 3569 servituti
2809 3513 3090 3570 hominum
3104 3514 3172 3568 ".
3215 3532 3236 3566 ι
3264 3511 3531 3568 Conversi

1961 3603 2129 3675 igitur
2154 3606 2411 3676 deinceps
2439 3605 2819 3661 sensibiliores
2843 3604 3160 3670 reddamur,
3185 3615 3240 3660 et
3260 3617 3527 3676 agnosca-

1960 3713 2085 3752 mus
2116 3696 2542 3760 benel'actorem,
2577 3703 2631 3751 et
2675 3695 2814 3750 bona
2856 3695 3056 3764 quibus
3089 3695 3160 3749 ab
3207 3694 3328 3765 ipso
3360 3694 3531 3750 dona-

1961 3802 2086 3841 mur
2137 3786 2390 3840 alacriter
2416 3784 2770 3854 accipiamus.
2802 3783 2879 3838 lta
2905 3785 3050 3839 enim
3075 3783 3278 3853 gratias
3306 3790 3530 3852 agentes

1962 3894 2256 3948 possumus
2300 3894 2425 3933 cum
2467 3876 2669 3934 Davide
2718 3876 2902 3931 dicere
2936 3891 2958 3927 :-
2985 3894 3004 3927 ι
3046 3874 3259 3931 Parasti
3293 3877 3348 3930 in
3393 3890 3528 3930 cou-

1963 3979 2152 4042 spectu
2204 3986 2325 4027 meo
2374 3985 2618 4026 mensam
2668 3968 2932 4025 adversus
2981 3985 3078 4026 eos
3122 3969 3215 4039 qui
3265 3968 3527 4022 tribulant

1962 4079 2049 4119 me
2067 4064 2133 4118 ".
2167 4083 2185 4117 ι
2212 4063 2343 4117 Tale
2375 4062 2575 4134 quippe
2598 4068 2682 4117 est
2715 4060 2850 4115 illud
2884 4082 2897 4115 :
2936 4080 2955 4111 ι
2987 4058 3254 4131 Cognovit
3281 4059 3379 4115 bos
3410 4074 3534 4126 pos-

1963 4170 2235 4212 sessorem
2267 4170 2453 4221 suum,
2484 4162 2538 4209 et
2576 4154 2768 4210 asinus
2792 4168 3035 4225 praesepe
3066 4151 3270 4207 domini
3298 4153 3464 4206 sui”.
3503 4164 3523 4203 ι

1965 4249 2029 4302 Et
2064 4248 2319 4303 fortassis
2347 4246 2417 4300 ob
2440 4247 2603 4302 istum
2630 4245 2842 4315 pullum
2878 4244 3144 4300 Dominus
3179 4243 3234 4297 in
3266 4241 3529 4312 praesepio

1964 4340 2280 4396 reclinatur.
2304 4338 2500 4393 Annon
2531 4337 2737 4409 Joseph
2784 4338 2961 4392 locum
3006 4336 3277 4399 habuerit,
3322 4334 3406 4389 vir
3441 4335 3532 4389 ille

1968 4432 2189 4497 nobilis,
2224 4438 2279 4487 et
2304 4447 2369 4486 ex
2397 4432 2545 4501 regia
2573 4433 2741 4505 stirpe
2771 4429 3058 4493 oriundus,
3076 4428 3170 4499 qui
3193 4428 3336 4483 (ilius
3363 4427 3533 4483 David

270 4497 416 4608 ανὴρ
450 4532 681 4603 εὐγενὴς
730 4497 1010 4602 ὑπάρχων,
1056 4528 1150 4582 καὶ
1199 4525 1305 4579 ἀπὸ
1351 4497 1539 4595 γένους
1575 4497 1858 4594 βασιλικοῦ

1968 4522 2416 4594 nuncupatur”?
2448 4497 2530 4577 Ᾱη
2564 4497 2742 4578 Ιοειίω
2779 4522 2943 4608 alium
2990 4497 3340 4583 non—habuit,
3369 4535 3531 4589 quam

269 4626 687 4699 καταγόμενος,
740 4622 851 4684 υίὸς
905 4619 1068 4674 Δασὶδ
1111 4618 1499 4691 χρηματίζωνς
1551 4617 1662 4669 Καὶ
1698 4616 1860 4668 τόπον

271 4720 374 4774 οὐκ
399 4715 550 4789 εἶχεν
578 4718 626 4769 εἰ
659 4716 732 4787 μὴ
755 4714 817 4767 τὸ
843 4711 1128 4782 κατάλυμα
1150 4728 1165 4778 ;
1192 4708 1385 4772 Ἀλλος
1410 4709 1508 4779 οὐχ
1538 4708 1752 4780 ὑπῆρχε
1782 4707 1864 4759 τό·

273 4828 411 4878 ποςς
443 4810 520 4864 Ἦ
550 4808 792 4879 δηλονότι
835 4807 1137 4879 πράγματα
1187 4800 1303 4855 θεία
1348 4797 1417 4871 ἦν
1447 4800 1518 4854 τὰ
1548 4798 1861 4870 οἰκονομούο

345 4962 632 5089 ’ἐυὶίαιιίλ
668 4978 795 5028 ιιι,
824 4959 880 5014 2.
956 4959 1004 4991 "
1040 4957 1187 5014 Psal.
1226 4972 1363 5023 xin,
1396 4953 1522 5010 2-5.

271 5055 319 5097 1,
362 5055 459 5089 Ζυ.

509 5124 587 5178 lta
624 5080 821 5196 Regius
855 5129 907 5196 et
938 5115 1566 5196 Seguer._r_ecle.__i§diti,
1597 5112 1861 5196 Paru-

277 5201 330 5271 [ο
355 5185 489 5271 post
518 5203 647 5248 ante
677 5185 836 5271 ἡμεῖς
873 5185 1188 5271 Ιεεὶῑιὶτ-καί
1221 5189 1279 5271 in
1315 5186 1504 5271 editis,
1528 5189 1630 5271 sed.
1656 5185 1865 5271 abest}

277 5257 474 5340 Regio,
499 5272 555 5340 et
582 5257 1048 5340 superﬂuum'est.
1079 5258 1213 5340 ibid.
1240 5257 1370 5340 Reg.
1402 5265 1457 5340 et
1476 5257 1687 5340 Angnlic.
1712 5257 1867 5340 6;:6»

277 5325 390 5403 λοςῖ
435 5325 535 5391 καὶ
583 5325 670 5387 ἄν’
698 5331 947 5402 λέγωμεν
1003 5331 1182 5455 ⁷Ἡμεῖς,
1236 5325 1381 5382 πᾶσα
1424 5329 1457 5398 ή
1511 5325 1867 5397 ἁνθρωπότης

280 5410 422 5455 ἐστὶ-
460 5408 649 5455 ὅντινα
677 5402 982 5455 ἄνθρωπον.
1064 5400 1235 5454 obler.
1268 5407 1320 5453 et
1342 5396 1486 5452 Felc.
1522 5396 1574 5455 i,
1605 5411 1744 5455 tlllOS
1775 5412 1864 5449 se-

280 5396 422 5470 ὲστὶ,
460 5408 649 5460 ὅντινα
677 5396 982 5472 ἄνθρωπον.
1016 5396 1235 5455 Cobler.
1268 5407 1320 5472 et
1342 5396 1486 5472 Felc.
1522 5396 1574 5460 i,
1605 5411 1744 5472 quos
1775 5412 1864 5449 se-

280 5465 528 5549 quimur,
562 5482 621 5549 ut
654 5474 707 5527 in
744 5465 916 5549 lcitu.
939 5470 1263 5549 illiilli-vero,
1298 5467 1554 5549 6_mIl_).o;,
1582 5465 1866 5549 τουτέστιν

281 5537 317 5622 ᾗ
347 5537 733 5622 aveat-“6.1m;
779 5543 908 5622 Ζεάν
947 5542 1005 5597 δὲ
1042 5540 1287 5622 λέτὲμεῖ
1323 5540 1500 5622 ’ἼμὲΞῇ
1531 5537 1743 5622 “Si”???
1776 5538 1870 5588 ἀν’

283 5605 740 5693 timeamus?
775 5614 981 5693 ἓντξνσει
1006 5605 1125 5693 sici
1152 5605 1375 5693 ιῖειιϋιέὲ
1412 5609 1537 5690 ἶΕάν
1562 5607 1619 5661 δὲ
1648 5605 1835 5693 Wa;

358 5675 712 5760 (89LK—t'let0t
736 5682 1105 5760 a510i._!fidili,
1133 5678 1320 5760 αύτρῦ,
1354 5678 1537 5760 minus
1572 5685 1735 5760 recte.
1763 5675 1868 5760 lbi-

358 5701 476 5760 (δν)
514 5701 599 5739 nu
645 5701 712 5737 ιοι
736 5701 910 5739 αυτοι.
946 5701 1105 5744 ultu,
1133 5701 1320 5743 αυτου,
1354 5701 1537 5733 "Illius
1572 5701 1735 5734 reue.
1763 5701 1865 5729 lu:-

288 5762 439 5826 llem,
476 5701 822 5826 Basifiensis.
876 5753 1159 5826 ἐδέθησαν.
1200 5749 1350 5826 Mox.
1412 5747 1631 5826 Degius,
1667 5745 1865 5813 δεσμὸν

659 5811 872 5897 Eligilt;
908 5811 1103 5892 δεεμῖν
1132 5821 1221 5874 ἐπὶ
1250 5818 1468 5889 δεσμοῦ.

1618 4955 1664 4987 ⁸⁸
1703 4953 1845 5010 Psal.
1883 4967 2000 5017 cm,
2036 4950 2121 5008 Η.

1968 4615 2372 4670 diversorium?
2407 4615 2663 4669 nullusne
2709 4604 2860 4668 alius'
2900 4611 3002 4667 fuit
3044 4611 3231 4666 locus?
3266 4608 3531 4665 Nimirum

1968 4720 2096 4759 vere
2124 4705 2309 4759 divina
2338 4705 2430 4760 hic
2460 4707 2676 4777 negotia
2710 4712 2993 4776 geruntur.
3029 4701 3170 4758 Sane
3197 4703 3310 4774 jam
3337 4703 3534 4756 iterum

1972 4796 2321 4853 adversarius
2348 4797 2460 4868 eo
2489 4804 2676 4852 uoster
2708 4795 2982 4859 diabolus,
3005 4808 3238 4849 cernens
3265 4807 3357 4847 res
3376 4790 3535 4861 (bene

2218 4954 2265 4985 "
2299 4950 2446 5013 Psai.
2480 4967 2614 5017 ιιμ,
2658 4952 2711 5009 5.
2816 4952 2860 4983 "
2900 4949 3003 5006 lsa.
3042 4965 3094 5015 ι,
3130 4950 3182 5002 5.
3259 4948 3303 4979 ’⁸
3343 4945 3529 5002 Matth.

2040 5119 2154 5190 (90)
2195 5119 2529 5178 Basiliensis.
2559 5118 2945 5190 ὲπιδρομήσας.

2040 5186 2150 5257 (9i)
2192 5190 2336 5255 Haec,
2366 5190 2459 5243 τοῦ
2496 5186 2959 5252 σκότου’ς,’(ίεευιιι
3000 5191 3052 5244 in
3087 5186 3394 5244 Basiliensi.

2043 5256 2153 5332 (92)
2193 5259 2417 5331 Regius,
2467 5260 2624 5331 ἡμῶν
2673 5258 2986 5329 ἀφίσταντο.
3029 5259 3170 5314 Editi
3200 5274 3350 5323 vero,
3384 5256 3536 5329 ἡμῶν

1971 5331 2272 5396 ἐφείσαντο.

2044 5401 2155 5471 (95)
2198 5401 2421 5472 Regius,
2473 5399 2856 5471 ἐπιδεδήμηκε.
2918 5400 3258 5465 Basiliensis,
3321 5397 3536 5472 ἐπιδρό-

1975 5485 2160 5611 M(6934')
2201 5539 2276 5594 lta
2303 5539 2524 5611 Regius.
2560 5539 2698 5611 sum
2740 5556 2889 5603 vero,
2920 5541 3081 5594 οὕτω.

2047 5608 2161 5681 (95)
2193 5611 2282 5682 (Ms
2329 5608 2483 5682 deest
2530 5612 2584 5665 iu
2629 5608 2796 5666 Basil.
2846 5621 2901 5667 et
2947 5612 3160 5682 Anglic.
3220 5610 3368 5678 Mox,
3403 5608 3534 5679 lleg.

1974 5679 2150 5737 solus.
2186 5679 2507 5749 ἐπέστρεψε.

2047 5696 2578 5812 ﬁliis/1:63:32“
2611 5751 2667 5807 in
2691 5750 2904 5818 Cobler.
2941 5763 2994 5810 et
3028 5751 3175 5808 Fclc.
3209 5751 3261 5805 1.
