4008 6404
496 339 604 397 185

1634 346 1692 402 S.
1733 342 2198 399 ATHANASIUS.
2233 370 2305 384 —
2355 341 2584 399 DUBIA.

3628 341 3735 399 134

497 464 678 526 gestas
707 472 760 510 in
791 456 1019 527 gratiam
1054 458 1275 512 humani
1310 458 1542 528 generis,
1572 458 1641 512 de
1666 472 1818 513 more
1846 456 2050 511 invidet

2163 471 2308 524 μενα.
2359 454 2571 526 Ἀμέλει
2600 453 2695 507 καὶ
2738 454 2857 507 τότε
2885 454 3047 510 πάλιν
3071 457 3102 510 6
3133 456 3398 520 ἀντίδικος
3433 459 3590 528 ἡμῶν
3613 459 3735 515 διά-

496 546 602 615 ipsi
634 568 646 602 :
683 558 836 603 ratus
870 550 1014 604 enim
1053 565 1083 605 e
1112 551 1270 619 vulgo
1307 550 1543 619 aliquem
1590 563 1714 604 esse
1746 547 2052 612 dominum,

496 635 765 692 Herodem
797 638 1050 700 adornat,
1098 638 1192 706 qui
1238 645 1429 691 natum
1466 652 1658 692 verum
1703 634 1902 707 Regem
1943 650 2066 705 per-

495 730 808 799 vestigaret,
859 737 920 784 ut
971 731 1147 799 ipsum
1180 728 1468 798 perderet.
1524 727 1811 798 Proprium
1862 726 2064 797 quippe

499 822 873 876 seelestissimi
911 829 965 877 et
1011 820 1207 877 nefarii
1236 821 1387 876 illius
1431 828 1517 877 est
1562 821 1785 891 perdere
1813 828 1868 875 et
1917 820 2065 875 occi-

498 911 627 968 dere
660 931 673 967 :
704 912 831 968 Jesu
861 928 993 967 vero
1027 913 1307 982 proprium
1340 921 1423 968 est
1451 928 1671 968 servare
1694 921 1855 981 atque
1888 913 2061 978 tueri;

497 1018 629 1057 suas
657 1005 855 1073 quippe
894 1004 1188 1058 miseratur
1230 1013 1532 1067 creaturas,
1568 1004 1835 1073 siquidem
1878 1004 2063 1057 omnia

496 1109 595 1163 per
633 1094 808 1161 ipsum
832 1092 974 1147 facta
1004 1103 1152 1149 sunt.
1187 1095 1509 1161 Quaeramus
1539 1096 1705 1165 igitur
1734 1110 1921 1149 verum
1956 1093 2063 1149 lte-

494 1201 613 1254 gem
647 1184 936 1239 Dominum
974 1197 1224 1241 nostrum
1261 1186 1447 1242 Jesum
1489 1185 1769 1241 Christum
1804 1202 1817 1237 :
1849 1200 2061 1255 nosque

494 1279 641 1346 ipsos
664 1280 1058 1342 examinemus,
1090 1297 1219 1335 num
1252 1282 1430 1337 soluta
1459 1280 1570 1336 sint
1604 1280 1820 1337 vincuia
1849 1288 2056 1335 nostra.

494 1371 649 1435 Quod
682 1372 728 1425 si
759 1372 935 1426 soluta
965 1382 1112 1435 sunt,
1135 1375 1187 1426 in
1212 1374 1407 1429 melius
1432 1374 1815 1442 proficiamus:
1842 1373 1887 1428 si
1922 1388 2059 1427 non-

494 1464 622 1516 dum
654 1464 830 1517 soluta
859 1473 987 1518 sunt
1015 1466 1229 1518 vincula
1262 1472 1375 1526 tua,
1410 1464 1563 1519 trade
1600 1465 1832 1532 teipsum
1893 1464 2057 1520 disci-

495 1555 640 1625 pulis
666 1555 816 1610 Jesu.
851 1558 1061 1612 Adsunt
1097 1559 1240 1611 enim
1273 1559 1366 1627 qui
1418 1574 1518 1613 nos
1553 1558 1786 1621 solvant,
1834 1565 2057 1626 accepta

495 1660 559 1699 ea
585 1661 614 1698 a
642 1645 925 1701 Salvatore
958 1655 1258 1715 potestate:
1299 1666 1317 1699 ι
1351 1646 1729 1717 Quodcunque
1760 1645 2059 1715 ligaveritis

498 1752 663 1807 super
688 1746 889 1792 terram
924 1738 1028 1792 erit
1060 1738 1282 1808 ligatum
1314 1747 1368 1793 et
1399 1739 1451 1791 in
1482 1740 1658 1802 caelis,
1688 1745 1743 1792 et
1772 1736 2055 1807 quodcun-

2168 545 2340 613 ϐολος,
2368 546 2509 618 ὁρῶν
2551 544 2620 599 τὰ
2642 544 3047 617 κατορθούμενα
3073 545 3152 617 τῷ
3176 546 3285 601 τῶν
3313 543 3613 617 ἀνθρώπων
3638 548 3733 616 γέ·

2164 653 2267 703 νει,
2306 634 2551 707 συνήθως
2595 633 2876 706 ἐφθόνησε.
2912 634 3154 706 Νομίσας
3181 635 3292 707 γὰρ
3332 636 3430 690 ἕνα
3457 634 3565 688 τῶν
3601 638 3735 692 πάν-

2163 744 2271 780 των
2307 722 2445 780 εἶναι
2491 727 2582 781 τὸν
2611 726 2835 798 Κύριον,
2888 726 3293 798 παρασκευάζει
3338 729 3432 782 τὸν
3488 726 3739 801 Ἡρώδην-

2164 817 2392 889 ζητῆσαι
2422 818 2513 871 τὸν
2535 818 2791 889 τεχθέντα
2815 817 3063 890 ἀληθινὸν
3101 818 3353 885 Βασιλέα,
3395 821 3544 884 ὅπως
3571 819 3740 874 αὐτὸν

2162 908 2420 981 ἀπολέσῃ.
2450 910 2611 963 Ἶδιον
2645 911 2752 982 γάρ
2780 912 2899 964 ἐστι
2928 909 3026 963 τοῦ
3056 910 3378 983 παμμιάρου
3407 909 3595 965 τούτου
3640 911 3736 965 καὶ

2162 1001 2448 1069 παγκάκου
2484 1000 2770 1054 ἀπολλύειν
2806 1002 2899 1054 καὶ
2926 1002 3297 1056 ἀποκτείνειν
3333 1002 3427 1057 τοῦ
3458 1003 3516 1057 δὲ
3559 1000 3741 1075 Ἰησοῦ

2163 1090 2291 1148 ἴδιόν
2324 1095 2440 1147 ἐστι
2466 1094 2526 1146 τὸ
2552 1092 2745 1157 σώζειν
2770 1094 2863 1147 καὶ
2890 1094 3288 1163 περιποιεῖσθαι
3312 1110 3327 1124 ο
3366 1096 3462 1148 καὶ
3489 1095 3598 1164 γὰρ
3621 1096 3737 1165 φεί-

2158 1186 2307 1240 δεται
2354 1186 2462 1239 τῶν
2504 1185 2698 1238 ἐαυτοῦ
2743 1186 3080 1256 κτισμάτων,
3111 1187 3297 1258 ἐπειδὴ
3324 1188 3420 1241 καὶ¹
3451 1188 3629 1241 πάντα
3668 1188 3733 1242 δι’

2158 1276 2323 1329 αὑτοῦ
2366 1275 2600 1343 ἐγένετο.
2649 1274 3095 1347 Ἐπιζητήσωμεν
3135 1276 3422 1348 τοιγαροῦν
3468 1277 3561 1331 τὸν
3604 1278 3736 1349 ἀλη-

2157 1365 2300 1419 θινὸν
2346 1366 2577 1419 Βασιλέα
2624 1367 2716 1420 τὸν
2764 1366 2965 1438 Κύριον
2995 1367 3151 1438 ἡμῶν
3207 1368 3414 1439 Ἰησοῦν
3465 1368 3733 1440 Χριστόν⁰

2158 1459 2502 1528 ἐξετάσωμεν
2544 1459 2791 1522 ἑαυτοὺς,
2836 1459 2886 1510 εἰ
2933 1457 3200 1528 ἐλύθησαν
3244 1457 3404 1528 ήμῶν
3430 1460 3478 1512 οἱ
3527 1458 3736 1529 δεσμοί·

2156 1550 2266 1603 Καὶ
2301 1552 2349 1602 εί
2378 1550 2660 1620 λελυμένοι
2690 1550 2817 1613 είσὶ,
2854 1548 3214 1619 προκόψωμεν
3263 1549 3355 1602 ἐπὶ
3397 1549 3458 1602 τὸ
3490 1549 3695 1621 βέλτιον
3717 1566 3731 1580 ι

2153 1642 2204 1693 εἰ
2247 1640 2304 1693 δὲ
2340 1641 2505 1711 μήπω
2556 1639 2804 1693 λέλυνται
2846 1657 2940 1693 σου
2986 1641 3036 1692 οἱ
3079 1638 3288 1711 δεσμοὶ,
3321 1639 3503 1704 ἐπίδος
3549 1640 3737 1693 ἑαυτὸν

2153 1733 2262 1794 τοῖς
2322 1731 2590 1802 μαθηταῖς
2636 1731 2730 1784 τοῦ
2771 1731 2970 1802 Ἰησοῦ.
3009 1732 3239 1803 Πάρεισι
3285 1731 3395 1803 γὰρ
3434 1733 3485 1785 οί
3524 1731 3738 1796 λύοντες

498 1842 604 1895 que
633 1828 905 1883 solveritis
934 1843 1097 1897 super
1134 1835 1336 1882 terram
1366 1829 1472 1882 erit
1501 1829 1741 1883 solutum
1771 1837 1825 1883 et
1851 1827 1907 1881 in
1943 1842 2056 1881 εω-

2163 1823 2331 1892 ήμᾶς,
2354 1822 2601 1889 ἐξουσίαν
2635 1822 2839 1892 ταύτην
2866 1821 3147 1893 εἰληφότες
3171 1822 3323 1895 παρά
3346 1822 3439 1876 τοῦ
3465 1823 3735 1894 Σωτῆρος.

499 1918 658 1982 lis";
691 1938 713 1970 ι
735 1926 789 1973 ει
818 1937 831 1973 :
866 1937 884 1969 ι
913 1918 1154 1984 Quorum
1176 1920 1499 1974 remiseritis
1522 1926 1742 1986 peccata
1774 1919 2057 1974 remittun-

497 2015 591 2059 tur
607 2007 687 2061 eis
705 2006 908 2076 Kchati
933 2027 952 2058 ι
975 2007 1137 2076 igitur
1158 2023 1421 2076 «quorum
1447 2008 1689 2063 remissae
1709 2015 1837 2063 sunt
1853 2006 2057 2077 iniqui-

502 2106 641 2153 tates
669 2105 723 2153 et
751 2113 981 2169 quorum
1003 2107 1144 2154 tecta
1182 2107 1308 2153 sunt
1338 2107 1561 2169 peccata
1573 2100 1616 2155 ’.
1646 2118 1668 2152 ι

569 2448 627 2503 8.
652 2447 915 2503 Dixerunt
946 2449 1112 2519 igitur
1145 2448 1353 2502 domini
1385 2448 1515 2518 pulli
1551 2448 1699 2503 illius
1735 2448 1803 2503 ad
1826 2448 2065 2519 discipu-

501 2540 619 2595 los:
651 2558 671 2589 ‹
709 2539 820 2593 Cur
868 2541 1079 2596 solvitis
1111 2541 1367 2610 pullum?
1402 2560 1422 2594 ι
1466 2539 1889 2610 Responderunt
1934 2541 2011 2596 illi
2043 2560 2059 2597 :

505 2645 526 2679 ο
549 2625 685 2693 Quia
712 2627 975 2684 Dominus
996 2630 1089 2683 illo
1109 2644 1249 2700 opus
1274 2630 1495 2687 habet”.
1527 2650 1547 2683 ι
1567 2628 1734 2687 Vides
1757 2631 2061 2700 sapientem

502 2717 893 2788 discipulorum
933 2724 1346 2788 responsionem
1376 2739 1390 2776 :
1419 2722 1705 2777 audientes
1749 2722 1891 2777 enim
1939 2721 2061 2776 falsi

500 2810 703 2864 domini
730 2811 888 2867 istius
935 2813 1090 2883 pulli,
1125 2814 1271 2883 quod
1310 2828 1475 2868 verus
1527 2813 1791 2867 Dominus
1821 2829 1887 2868 eo
1926 2829 2065 2884 opus

502 2898 745 2961 haberet,
774 2902 910 2955 nihil
940 2903 1181 2957 secundo
1220 2909 1516 2972 reponunt;
1542 2903 1639 2958 sed
1668 2914 1816 2973 terga
1847 2904 2061 2971 dantes,

498 2988 635 3042 nihil
685 2991 823 3043 ultra
859 3006 1159 3062 repugnare
1206 2994 1429 3048 audent.
1460 2992 1652 3048 Statim
1692 2994 1876 3063 itaque
1911 2996 2065 3050 festi-

498 3090 631 3135 nant
660 3082 727 3136 ad
758 3084 1051 3154 principem
1091 3101 1249 3140 suum
1298 3086 1596 3152 diabolum,
1638 3088 1726 3140 cui
1761 3103 1882 3156 qua:
1915 3097 2065 3159 gesta

2161 1930 2181 1963 ι
2222 1912 2342 1964 Ὅτι
2367 1911 2394 1964 ὃ
2423 1910 2516 1965 ἐὰν
2540 1911 2736 1982 δήσητε
2764 1912 2856 1965 ἐπὶ
2889 1912 2989 1982 τῆς
3015 1911 3139 1982 γῆς,
3174 1912 3325 1966 ἔσται
3377 1911 3656 1982 δεδεμένον
3682 1913 3738 1964 ἐν

2154 2007 2267 2069 τοῖς
2303 2006 2551 2077 οὐρανοῖς
2573 2022 2588 2036 ο
2621 2006 2715 2059 καὶ
2740 2005 2770 2058 ὃ
2799 2004 2893 2058 ἐὰν
2919 2003 3115 2077 λύσητε
3159 2006 3249 2059 ἐπὶ
3274 2006 3381 2076 τῆς
3419 2005 3546 2075 γῆς,
3587 2004 3737 2079 ἔσται

2156 2093 2445 2166 λελυμένον
2476 2097 2533 2150 ἐν
2566 2100 2678 2160 τοῖς
2709 2097 2975 2167 οὐρανοῖς·
3023 2114 3044 2147 ι
3076 2096 3170 2149 καὶ
3208 2096 3369 2149 πάλιν
3397 2095 3485 2161 (97
3492 2114 3509 2164 θ
3532 2112 3549 2128 ο
3575 2115 3595 2148 ι
3619 2095 3740 2149 Ἐάν

2158 2202 2323 2238 τινων
2369 2186 2544 2256 ἀφῆτε
2573 2185 2673 2249 τὰς
2716 2186 3007 2257 ἁμαρτίας,
3059 2185 3311 2255 ἀφίενται
3348 2186 3551 2249 αὐτοῖς.
3618 2185 3740 2240 Μα-

2160 2277 2339 2347 κάριοι
2375 2296 2394 2329 ι
2432 2274 2753 2348 τοιγαροῦν,
2833 2296 2853 2328 ι
2892 2270 2966 2331 ὧν
3025 2276 3301 2348 ἀφέθησαν
3360 2277 3419 2331 αἱ
3476 2276 3740 2348 ἁμαρτίαι

2162 2368 2257 2420 καὶ
2296 2361 2370 2421 ὧν
2417 2367 2871 2439 ἐπεκαλύφθησαν
2900 2370 2955 2421 αἱ
2981 2366 3221 2438 ἀνομίαι.
3262 2387 3281 2421 ι

2231 2459 2285 2514 8.
2325 2456 2491 2513 Εἶπον
2517 2456 2609 2512 οὖν
2634 2461 2683 2512 οἱ
2708 2458 2887 2531 κύριοι
2907 2458 3002 2514 τοῦ
3037 2458 3218 2512 πώλου
3248 2459 3385 2531 πρὸς
3413 2459 3543 2523 τοὺς
3568 2458 3742 2531 μαθη-

2162 2550 2294 2613 τάςτ
2332 2569 2352 2602 ι
2403 2550 2470 2603 Τί
2506 2549 2661 2603 λύετε
2689 2549 2779 2603 τὸν
2811 2549 3023 2616 πῶλον;
3080 2570 3101 2603 ι
3157 2551 3220 2602 Οἱ
3249 2550 3306 2603 δέ
3352 2549 3740 2621 ἀποκριθέντες

2165 2642 2277 2714 (98)
2325 2637 2509 2695 εἷπονσ
2552 2661 2573 2693 ι
2630 2644 2752 2696 Ὅτι
2793 2643 3051 2715 ὀΚύριος
3098 2640 3264 2697 αὐτοῦ
3306 2642 3495 2713 χρείαν
3538 2641 3675 2712 ἔχει.
3715 2662 3735 2694 ›

2175 2732 2336 2803 Ὀρᾷς
2365 2732 2474 2785 τῶν
2509 2732 2763 2805 μαθητῶν
2786 2734 2884 2805 τὴν
2918 2734 3087 2805 σοφὴν
3121 2734 3411 2805 ἀπόκρισιν
3432 2748 3444 2760 '
3477 2732 3742 2787 ἀκούσαν-

2163 2840 2254 2886 τες
2300 2823 2410 2895 γὰρ
2439 2825 2489 2876 οἱ
2517 2823 2732 2893 ψευδεῖς
2773 2824 2951 2896 κύριοι
3001 2823 3093 2877 τοῦ
3139 2822 3340 2888 πώλου,
3389 2824 3526 2877 ὄτιὸ
3573 2821 3740 2886 ὅντως

2165 2916 2259 2967 καὶ
2289 2914 2491 2987 ἀληθὴς
2528 2917 2729 2987 Κύριος
2771 2916 2935 2969 αὐτοῦ
2980 2916 3169 2987 χρείαν
3196 2915 3332 2985 ἔχει,
3364 2914 3615 2986 δεύτερον
3642 2914 3740 2967 οὐκ

2165 3006 2543 3076 ἀπεκρίνοντο,
2574 3004 2710 3059 ἀλλὰ
2738 3005 2881 3058 νῶτα
2909 3004 3162 3067 διδόασιν,
3191 3005 3292 3057 οὐκ
3327 3002 3405 3056 ἔτι
3435 3003 3739 3072 ἀντιλέγειν

2165 3097 2432 3168 τολμῶσιν
2480 3098 2612 3169 (99).
2654 3097 2828 3160 Εύθὺς
2872 3094 2964 3153 οὖν
3014 3097 3298 3151 σπεύδουσι
3342 3096 3479 3169 πρὸς
3514 3096 3609 3150 τὸν
3653 3097 3743 3166 ἀρ-

498 3179 682 3227 essent
732 3174 1065 3228 renuntiant.
1112 3176 1287 3245 Atque
1340 3176 1429 3230 hic
1473 3177 1624 3241 mihi,
1680 3193 1887 3247 quaeso,
1941 3177 2059 3232 vide

2165 3206 2328 3259 χοντα
2368 3188 2543 3243 αὐτῶν
2574 3168 2671 3243 τὸν
2708 3189 2973 3254 διάϐολον,
3005 3187 3440 3256 ἀπαγγέλλουσιν
3487 3187 3638 3259 αὐτῷ
3674 3188 3740 3240 τὰ

500 3264 786 3319 consilium
836 3272 890 3320 et
957 3265 1398 3322 deliberationem
1447 3268 1710 3325 adversus
1751 3269 2060 3323 Dominum.

498 3353 783 3425 Coguntur
818 3356 893 3411 ibi
933 3358 1198 3413 universa:
1240 3360 1565 3416 adversariae
1610 3368 1930 3430 potestates,
1955 3360 2065 3414 elli-

500 3444 749 3515 citurque
769 3446 995 3502 ecclesia
1018 3449 1449 3519 malignantium,
1496 3458 1556 3505 ut
1578 3452 1894 3520 impleretur
1918 3449 2064 3520 quod

499 3536 703 3590 dictum
730 3546 815 3592 est
841 3553 937 3609 per
956 3538 1278 3610 Prophetam
1303 3559 1315 3593 :
1342 3560 1361 3593 ι
1382 3540 1683 3597 Astiterunt
1712 3558 1867 3613 reges
1882 3552 2059 3606 terrae,

498 3636 554 3683 et
576 3628 850 3700 principes
875 3642 1243 3688 convenerunt
1274 3634 1328 3688 in
1360 3650 1552 3698 unum,
1578 3635 1843 3690 adversus
1874 3634 2061 3690 Domi-

499 3735 629 3773 num
658 3728 713 3775 et
737 3722 999 3778 adversus
1028 3722 1302 3777 Christum
1325 3724 1447 3794 ejus
1461 3725 1504 3780 ’⁵.
1539 3744 1558 3778 ι
1596 3724 1791 3779 Dicunt
1822 3726 1964 3781 enim
1993 3723 2061 3778 ad

499 3812 776 3869 diabolum
825 3814 1018 3869 nefarii
1060 3815 1332 3872 dmmones
1360 3836 1373 3872 :
1406 3816 1546 3882 Quid
1586 3815 1854 3872 facimus?
1881 3817 2061 3886 pullus

502 3906 714 3959 solutus
742 3914 846 3970 est,
876 3905 1007 3960 abiit
1031 3905 1098 3959 ad
1127 3904 1414 3962 Dominum
1445 3922 1604 3962 suum
1630 3924 1646 3973 ;
1681 3921 1789 3960 non
1810 3908 1921 3975 jam
1958 3905 2061 3960 sub

500 4010 667 4050 manu
701 4004 792 4050 tua
832 4003 936 4059 est,
971 4011 1073 4050 nec
1110 3996 1251 4051 ultra
1290 3997 1369 4050 illi
1409 3996 1732 4051 dominaris.
1774 3995 2061 4065 Cogitabat

501 4086 698 4141 deinde
726 4087 891 4141 miser
936 4087 1205 4151 diabolus,
1242 4088 1372 4158 quid
1400 4098 1590 4141 contra
1632 4086 1818 4140 Jesum
1845 4086 2062 4140 molire-

499 4187 612 4234 tur.
650 4177 803 4232 Tunc
831 4188 1204 4234 convenerunt
1250 4179 1445 4234 scriba)
1476 4187 1531 4234 et
1573 4178 1829 4231 Pharisaei
1864 4177 1918 4229 in
1962 4192 2061 4230 au-

500 4271 605 4322 lam
634 4266 871 4338 Caiphaa,
901 4280 954 4323 et
980 4272 1268 4325 consilium
1300 4270 1540 4323 inierunt
1562 4269 1824 4324 adversus
1847 4267 2058 4333 Jesum,

499 4358 773 4428 quomodo
814 4375 936 4415 eum
974 4363 1281 4431 perderent.
1313 4358 1639 4430 lgnorabant
1673 4360 1816 4414 enim
1846 4359 2056 4425 miseri,

499 4450 619 4519 ejus
664 4458 892 4507 mortem
956 4452 1414 4507 immortalitatem
1467 4452 1626 4505 nobis
1674 4451 1988 4521 largituram
2040 4470 2053 4505 :

498 4544 725 4613 ejusque
749 4545 1091 4607 descensum,
1110 4558 1395 4598 ascensum
1425 4542 1585 4597 nobis
1611 4544 1666 4598 in
1695 4545 1891 4598 caelum
1921 4560 2055 4599 con-

498 4634 732 4688 ciliasse.
750 4632 1068 4689 Resurrexit
1091 4633 1236 4687 enim
1264 4630 1527 4688 Dominus
1556 4635 1713 4688 tertia
1751 4634 1885 4689 diea
1906 4623 2082 4688 mor!

500 4727 629 4789 tuis,
649 4728 881 4797 spoliato
898 4725 1132 4790 inferno,
1156 4725 1364 4779 calcato
1385 4725 1626 4790 inimico,
1656 4727 1833 4781 soluta
1856 4734 2049 4791 morte,

498 4818 687 4873 fractis
733 4827 1099 4887 peccatorum,
1143 4816 1341 4886 quibus
1389 4816 1729 4882 tenebamur,
1779 4818 2050 4874 vinculis:

2084 4499 2131 4553 D

2168 3280 2565 3352 συμϐεϐηκότα.
2601 3282 2712 3333 Καὶ
2754 3282 2856 3352 ὅρα
2902 3283 3020 3334 ἐκεῖ
3052 3278 3375 3351 συμϐούλιον
3409 3280 3503 3332 καὶ
3551 3279 3739 3349 σκέψιν

2164 3372 2305 3425 κατά
2340 3372 2435 3425 τοῦ
2469 3373 2694 3444 Κυρίου.
2732 3373 3030 3443 Συνάγεται
3065 3374 3184 3426 ἐκεῖ
3226 3373 3376 3425 πᾶσα
3422 3373 3457 3442 ἡ
3500 3372 3739 3425 ἀντικει-

2168 3466 2301 3536 μένη
2328 3464 2574 3535 δύναμις,
2604 3466 2694 3519 καὶ
2720 3467 2926 3534 γίνεται
2960 3465 3224 3536 ἐκκλησία
3245 3464 3702 3535 πονηρευομένων
3719 3481 3733 3495 ·

2162 3557 2309 3620 ὅπως
2340 3556 2598 3628 πληρωθῇ
2642 3557 2703 3610 τὸ
2741 3559 3029 3629 εἰρημένον
3078 3558 3168 3611 διὰ
3203 3555 3300 3610 τοῦ
3328 3558 3618 3628 Προφήτου
3663 3556 3735 3625 (1)

2161 3642 2409 3713 λέγοντος
2432 3661 2446 3674 ο
2486 3662 2505 3695 ι
2545 3644 2904 3716 Παρέστησαν
2933 3647 2981 3699 οἱ
3013 3645 3252 3716 βασιλεῖς
3295 3644 3395 3714 τῆς
3425 3643 3533 3714 γῆς
3565 3644 3660 3697 καὶ
3685 3644 3736 3696 oi

2161 3735 2418 3807 ἄρχοντες
2451 3735 2794 3807 συνήχθησαν
2828 3737 2923 3791 ἐπὶ
2958 3737 3021 3790 τὸ
3051 3737 3203 3803 αὐτὸ,
3228 3735 3369 3789 κατά
3401 3736 3496 3789 τοῦ
3532 3735 3736 3807 Κυρίου

2162 3827 2255 3878 καὶ
2299 3826 2442 3880 κατὰ
2478 3827 2572 3881 τοῦ
2616 3829 2854 3899 Χριστοῦ
2918 3830 3109 3883 αὐτοῦ.
3170 3848 3190 3880 ι
3239 3829 3471 3897 Λέγουσι
3510 3827 3620 3899 γὰρ
3662 3825 3742 3898 (Ξ)

2162 3915 2296 3986 πρὸς
2316 3915 2406 3968 τὸν
2434 3916 2675 3971 διάϐολον
2703 3919 2753 3969 οἱ
2779 3918 3044 3988 ἀλιτήριοι
3062 3918 3341 3988 δαίμονες·
3367 3916 3431 3969 Τί
3454 3916 3733 3987 ποιοῦμεν;

2159 4004 2188 4054 6
2217 4004 2391 4068 πῶλος
2406 4005 2638 4067 λέλυται,
2657 4005 2865 4075 ἀπῆλθε
2888 4006 3021 4078 πρὸς
3048 4007 3139 4059 τὸν
3158 4006 3359 4075 Κύριον
3385 4006 3571 4058 αὐτοῦ.
3591 4006 3735 4057 Οὐκ-

2160 4096 2241 4149 έτι
2283 4112 2375 4148 σου
2421 4097 2567 4150 ἐστὶν
2592 4097 2900 4168 ὑποχείριος
2919 4114 2931 4127 :
2956 4097 3136 4150 οὐκέτι
3156 4095 3318 4150 αὐτοῦ
3343 4095 3619 4166 κυριεύεις
3635 4095 3732 4164 (5).

2159 4183 2492 4252 Διελογίζετο
2520 4186 2702 4241 λοιπὸν
2726 4189 2754 4240 ὁ
2783 4186 3012 4248 δείλαιος
3039 4186 3300 4250 διάϐολος,
3326 4186 3381 4238 τί
3420 4187 3637 4257 ποιήσει
3657 4184 3741 4255 τῷ

2172 4272 2362 4343 Ἰησοῦ.
2394 4274 2526 4327 Τότε
2551 4275 2872 4343 συνάγονται
2900 4275 2948 4325 οί
2981 4276 3330 4344 γραμματεῖς
3359 4274 3454 4325 καὶ
3476 4274 3526 4326 οί
3564 4273 3733 4344 Φαρι-

2161 4365 2301 4414 σαῖοι
2333 4364 2413 4425 εἰς
2434 4364 2532 4435 τὴν
2557 4364 2725 4434 αὐλὴν
2754 4363 2847 4417 τοῦ
2869 4364 3160 4435 λεγομένου
3184 4364 3429 4431 Καῖάφα,
3481 4362 3575 4416 καὶ
3603 4378 3729 4414 συν-

2160 4452 2544 4508 εϐουλεύσαντο
2573 4455 2714 4509 κατά
2737 4455 2833 4509 τοῦ
2864 4454 3057 4525 Ἰησοῦ,
3093 4456 3239 4517 ὅπως
3270 4453 3429 4506 αὑτὸν
3458 4452 3735 4506 ἀπολέσω-

2159 4559 2262 4597 σιν.
2308 4544 2607 4616 Ἡγνόησαν
2631 4545 2738 4616 γὰρ
2768 4547 2817 4597 οἱ
2862 4544 3052 4607 ἄθλιοι,
3087 4546 3168 4598 ὅτι
3205 4546 3233 4597 6
3271 4543 3461 4596 τούτου
3504 4543 3731 4605 θάνατος

2157 4636 2451 4691 ἀθανασίαν
2489 4640 2617 4707 ἡμῖν
2655 4637 2953 4708 χαρίζεται,
3003 4637 3096 4691 καὶ
3139 4638 3172 4708 ἡ
3217 4635 3382 4689 αὐτοῦ
3429 4636 3730 4698 κατάϐασις

2155 4728 2255 4799 τὴν
2282 4729 2363 4792 είς
2390 4728 2647 4799 οὐρανοὺς
2688 4728 2869 4781 ἄνοδον
2911 4731 3044 4799 ἡμῖν
3082 4726 3460 4798 προεξένησεν.
3505 4726 3727 4796 Ἀνέστη

2157 4817 2268 4891 γὰρ
2309 4821 2339 4872 6
2378 4818 2580 4891 Κύριος
2606 4820 2901 4891 τριήμερος
2939 4821 3003 4872 ἐκ
3029 4819 3138 4871 τῶν
3166 4818 3395 4891 νεκρῶν,
3428 4816 3731 4880 σκυλεύσας

566 5013 615 5045 ⁶²
650 5012 839 5067 Matth.
870 5028 981 5075 xvr,
1018 5011 1120 5079 i9;
1148 5027 1302 5078 xvm,
1334 5013 1419 5067 18.
1501 5013 1519 5044 ¹
1558 5011 1715 5068 Joan.
1753 5030 1859 5082 xx,
1887 5014 1976 5070 25.
2056 5018 2059 5044 ⁵

2163 5016 2258 5071 sal.
2296 5031 2463 5080 xui,
2496 5015 2546 5070 1.
2625 5015 2645 5046 ³
2686 5015 2815 5068 Luc.
2853 5030 2982 5078 nx,
3016 5016 3117 5079 55,
3151 5014 3239 5068 54.
3316 5014 3338 5045 ⁸
3378 5012 3525 5067 Psai.
3563 5029 3638 5078 ll,
3670 5012 3727 5067 2.

566 5194 688 5264 (97),
718 5190 886 5246 Πάλιν
934 5189 1169 5264 deestin
1201 5188 1421 5264 (ὶοιιιενἑ
1440 5199 1494 5246 et
1525 5189 1673 5264 Felc.
1699 5192 1749 5264 1.
1780 5191 1914 5264 Ibid.
1933 5193 2055 5264 Au-

495 5259 621 5329 glie.
661 5259 727 5318 ἄν
760 5276 955 5331 τινων.
995 5259 1146 5331 lhid._
1170 5261 1456 5331 τοιγαροῦν
1519 5263 1675 5316 deest
1715 5263 1770 5315 in
1809 5262 1965 5316 Gobl.
1997 5270 2051 5317 et

495 5324 641 5389 Felc.
675 5332 725 5385 1.
767 5329 907 5394 Mox,
943 5330 1069 5399 Reg.
1111 5324 1186 5384 ὧν
1211 5324 1480 5399 ἀφέωνται
1504 5333 1580 5387 αἱ.

568 5402 678 5472 (98)
731 5400 1139 5473 Ἀποκριθέντες
1168 5400 1343 5473 deest
1370 5402 1424 5455 in
1463 5401 1674 5473 Anglic.
1722 5399 1940 5456 Gobler.
1994 5407 2051 5454 et

496 5471 731 5542 relegi,
766 5478 820 5523 ει
838 5486 971 5542 mox
996 5471 1053 5542 in
1080 5472 1292 5536 iisdem,
1321 5472 1451 5542 ἔχει.

569 5539 682 5609 (99)
719 5541 939 5607 Regius,
988 5541 1216 5611 δίδωσιν·
1269 5539 1451 5595 οὐκέτι
1504 5542 1641 5611 πρὸς
1678 5540 1748 5594 τὰ
1775 5540 2053 5611 λεγόμενα

496 5607 929 5692 ὀποκρινόμενοι.
955 5610 1146 5692 _Pa_ulo
1175 5620 1296 5692 pqst
1320 5611 1483 5692 idem,
1531 5607 1858 5692 ἀπαγγεῖλαι
1903 5607 2051 5692 αύτῷ

616 5677 734 5736 Mox
762 5677 922 5747 idem,
951 5683 1068 5736 ἐκεῖ
1088 5677 1312 5753 θόρυϐον
1340 5684 1435 5737 καὶ
1457 5677 1670 5752 σκέψιν,
1695 5677 1787 5735 καὶ
1817 5677 2053 5749 συμϐού-

548 5765 625 5802 ον.

524 5761 625 5804 τιον.

2226 5193 2301 5264 (1)
2342 5192 2419 5264 Ita
2466 5190 2700 5264 marima
2750 5206 2876 5261 pars
2913 5206 3051 5247 mss.
3093 5191 3199 5245 Alii
3230 5204 3361 5245 vero
3389 5203 3514 5243 cum
3540 5188 3729 5257 editis,

2152 5263 2256 5316 ὑπὸ
2282 5262 2374 5315 τοῦ
2405 5262 2701 5331 προφήτου.

2223 5332 2298 5404 (ἓ)
2340 5328 2470 5404 Γάρ,
2489 5328 2551 5404 et
2574 5328 2740 5404 paulo
2763 5340 2883 5404 post
2911 5332 3201 5404 ἀλιτήριοι,
3249 5329 3448 5404 desunt
3472 5328 3527 5383 in
3560 5329 3725 5404 Gobl.

2147 5410 2211 5523 ets
2232 5400 2376 5455 Felc.
2405 5399 2456 5455 1.
2485 5399 2654 5456 Paulo
2676 5399 2820 5472 post,
2846 5399 3066 5474 Anglic.
3078 5399 3328 5455 ’λέλυταιο
3360 5401 3553 5468 ἄγεται
3590 5400 3739 5472 πρὸς

2151 5487 2183 5523 τ
2213 5487 2262 5523 ν.

2151 5487 2241 5523 τον
2249 5513 2262 5524 .

2226 5539 2301 5611 (5)
2340 5538 2422 5611 Vlla,
2465 5539 2596 5611 Reg.
2647 5540 2813 5596 Basil.
2851 5540 3009 5609 Angl.
3055 5541 3196 5595 Editi
3229 5555 3381 5611 vero,
3427 5537 3725 5611 κυριεύοις.

2156 5607 2301 5674 Mos,
2334 5607 2579 5677 δείλαιος,
2631 5619 2687 5667 et
2722 5610 2886 5678 infra,
2930 5607 3243 5682 λεγομένου,
3290 5607 3584 5665 (ἱεευιιιῖιι
3611 5607 3729 5667 Ge-

2155 5679 2291 5734 bler.
2330 5690 2385 5734 et
2413 5679 2556 5734 Felc.
2592 5684 2641 5734 1.

2213 5696 2291 5736 er.
2330 5690 2385 5736 et
2413 5684 2556 5736 Felc.
2592 5684 2641 5736 1.
