4002 6508
178 369 277 425 ιεσ
1243 373 1331 430 ΒΕ
1373 375 1717 435 PASSIONE
1748 378 1835 434 ET
1873 379 2103 435 CRUCE
2140 378 2403 436 DOMINI.
3350 385 3452 441 186

3498 468 3506 497 ί

176 490 258 541 τδν
283 485 443 556 ᾅδην,
475 485 586 538 τὸν
632 486 822 557 ἐχθρὸν
865 487 1278 557 καταπατήσας,
1301 490 1392 542 τὸν
1422 490 1648 545 Θάνατον
1686 491 1756 544 λύε

1928 495 2203 565 inctosque
2233 496 2485 552 liberavit
2518 495 2707 553 dicens
2738 512 2752 549 :
2791 495 3032 569 Surgite,
3069 499 3199 555 hinc
3235 500 3456 570 proﬁei-
3498 485 3508 531 ἶ

177 597 288 642 σας,
331 576 439 646 τῆς
488 577 841 647 κατεχούσης
888 578 1037 648 ἡμᾶς
1075 577 1349 650 ἁμαρτίας
1386 579 1456 632 τὰ
1480 579 1655 651 δεσμὰ
1698 583 1751 652 (4

1876 601 2116 643 scamur.
2145 585 2383 643 Liberati
2427 604 2558 660 ergo
2588 604 2616 645 a
2649 590 2911 645 servitute
2948 589 3173 653 diaboli,
3206 600 3453 646 nostrum

175 668 509 742 διαρρήξας,
558 672 693 735 τοὺς
735 669 1143 740 πεπεδημένους
1173 670 1531 741 ὲλυτρὼσατο,
1566 673 1755 742 λέγων

1877 690 2234 745 agnoscamus
2255 678 2657 735 benefactorem
2680 698 2694 734 :
2719 681 3088 746 gloriﬁcemus
3127 680 3366 747 Patrem,
3401 693 3457 738 et

150 759 524 831 ⁵Ἔτείρεσθε,
579 761 808 831 ἄγωμεν
853 759 1123 814 ἐντεῦθεν.
1166 760 1652 833 Ἐλευθερωθὲντες
1679 760 1730 818 οἱ

1882 764 2095 835 Filium,
2128 777 2182 823 et
2224 769 2489 839 Spiritum
2534 779 2821 827 sanctum:
2849 788 3013 826 uuam
3040 771 3305 830 Deitatem
3334 789 3462 830 con-

175 859 231 908 ix
252 856 351 923 τῆς
380 852 653 917 δουλείας
688 853 784 906 τοῦ
810 851 1079 914 διαϐόλου,
1107 853 1416 925 ὲπιγνῶμεν
1440 856 1648 910 ἑαυτῶν
1679 858 1755 911 τὸς

1879 856 2140 914 liteamur.
2179 857 2269 915 Sic
2292 862 2436 916 enim
2472 863 2638 916 vitam
2672 863 3041 928 instituentes,
3080 880 3310 936 regnum
3348 881 3459 921 coe-

175 946 495 1017 εὖεργέτην,
544 945 864 1017 δοξάσωμεν
907 944 998 998 τὸν
1046 944 1307 1015 Πατέρα,
1346 947 1439 1000 καὶ
1482 946 1629 1011 Υίὸν,
1672 948 1755 1001 καῖ

1879 949 2048 1004 lorum
2069 951 2472 1021 possidebimus
2503 953 2557 1008 in
2582 953 2802 1010 Christo
2819 953 2949 1010 Jcsu
2983 953 3212 1010 Domino
3245 964 3459 1021 nostro,

176 1042 317 1107 ἅγιον
347 1038 602 1108 Πνεῦμα
631 1038 739 1104 (5r
767 1039 893 1108 μίαν
922 1037 1164 1108 Θεότητα
1196 1038 1642 1110 ὀμοληγήσωμεν.
1675 1040 1756 1093 Οὔ

1877 1040 1965 1094 cui
1991 1043 2162 1111 gloria
2194 1052 2249 1097 et
2273 1043 2557 1114 imperium
2580 1045 2634 1098 in
2667 1046 2865 1100 saecula
2898 1046 3241 1101 saeculorum.
3262 1046 3453 1102 Amen.

176 1149 271 1195 τως
311 1131 427 1203 γὰρ
462 1132 889 1202 πολιτευόμενοι
930 1130 1202 1198 βασιλείαν
1248 1130 1491 1193 οὐρανῶν
1528 1130 2004 1204 κληρονομήσομεν
2037 1135 2096 1190 ἐν
2141 1136 2362 1208 Χριστῷ
2412 1136 2586 1210 ἰησοῦ
2633 1136 2713 1210 τῷ
2750 1139 2939 1211 Κυρίῳ
2978 1139 3155 1210 ἡμῶν,
3187 1132 3231 1208 ᾧ
3268 1141 3301 1212 ἡ
3333 1138 3463 1207 δόξα

174 1227 259 1281 καὶ
292 1227 355 1279 τὸ
375 1226 604 1298 κράτος
629 1228 711 1289 είς
740 1227 867 1291 τοὺς
896 1224 1101 1290 αἰῶνας
1126 1225 1236 1281 τῶν
1273 1226 1502 1280 αἰώνων.
1548 1227 1742 1298 Ἀμήν.

244 1387 315 1454 (ι)
355 1384 442 1438 Ita
477 1400 690 1439 omnes
708 1400 840 1439 mss.
871 1383 1015 1439 Editi
1037 1399 1185 1447 vero,
1212 1382 1280 1454 τὰ
1303 1382 1566 1453 δέσματα,
1600 1385 1761 1440 male.

1874 1377 2179 1454 obﬁdeest.
2221 1378 2452 1454 Ibidem,
2493 1380 2699 1454 Regius
2725 1389 2779 1454 et
2810 1380 3034 1449 Segucr.
3064 1383 3170 1436 ἀπὸ
3191 1382 3288 1454 τῆς
3311 1382 3453 1437 δουλ.

178 1449 307 1527 Ibid.
358 1455 609 1527 Regius,
660 1454 978 1527 διαρρήξας.
1028 1454 1137 1527 Kal
1180 1450 1331 1527 οξτο)ἐ
1354 1449 1485 1522 γοῦν
1519 1454 1758 1527 καὶ-τοὺς

1884 1452 2026 1527 _L(_5)
2066 1453 2292 1527 Regius,
2317 1451 2538 1527 Qobler.
2569 1449 2623 1507 et
2658 1449 2806 1507 Felc.
2843 1454 3072 1522 primus,
3109 1449 3329 1524 Πατέρα
3360 1454 3464 1507 σὺν

180 1525 360 1589 ἄλλους
408 1520 621 1596 ἡγειρε
669 1520 867 1594 λέγὼνΖ
919 1523 1064 1589 Mox,
1112 1524 1169 1577 in
1200 1520 1418 1581 Goble'r.
1452 1533 1507 1577 et
1540 1523 1685 1580 Felc.
1722 1526 1760 1593 Ι,

1037 1539 1064 1589 ;,
1112 1524 1169 1577 in
1200 1520 1418 1581 Goble'r.
1452 1533 1507 1577 et
1540 1523 1685 1580 Felc.
1722 1526 1777 1593 l,
1878 1520 2121 1594 ι·εῴάώ
2149 1520 2288 1594 ἁγίῳ
2320 1521 2617 1593 Πνεύματι.

685 1872 791 1943 61
837 1869 901 1925 IN
943 1868 1280 1926 HOMILIAM
1320 1870 1405 1924 DE
1442 1870 1773 1926 PASSlONE
1809 1871 1900 1927 ET
1937 1870 2175 1928 CRUCE
2204 1869 2439 1926 DOMINI
2476 1868 2878 1926 ADMONITIO.

239 2031 586 2086 habitarunt
638 2030 853 2099 jamdiu
883 2032 982 2086 viri
1009 2030 1360 2085 eruditissimi
1418 2031 1560 2086 sitne
1593 2032 1875 2087 Athanasii
1909 2032 2021 2088 haec
2071 2032 2312 2101 homilia,
2342 2050 2401 2088 eo
2434 2034 2665 2087 maxime
2694 2032 2940 2102 permoti,
2969 2029 3109 2103 quod
3162 2031 3249 2085 hic
3301 2046 3462 2086 omne

176 2126 469 2192 jaramenti
503 2140 679 2195 genus
728 2123 1111 2191 prohibeatur:
1143 2138 1261 2176 cum
1308 2132 1485 2177 tamen
1531 2123 1881 2186 Athanasius,
1916 2123 2108 2178 nedum
2159 2126 2372 2179 omnino
2404 2124 2688 2180 velandum
2736 2123 2959 2193 putarit,
2997 2123 3303 2193 juramento
3349 2139 3455 2177 non

183 2218 330 2274 semel
359 2227 564 2270 utatur
591 2216 648 2269 in
666 2213 929 2285 Apologia
953 2212 1021 2267 ad
1052 2211 1441 2270 Constantium.
1488 2213 1656 2284 Auget
1689 2214 2038 2283 suspicionem
2073 2217 2198 2287 styli
2220 2235 2383 2288 genus
2417 2218 2638 2282 humile,
2668 2216 3076 2287 demissumque,
3099 2226 3147 2270 et
3188 2216 3254 2269 ab
3283 2215 3454 2271 Atha-

185 2309 311 2363 nasii
338 2306 616 2378 ἐνεργείᾳ
642 2306 1076 2360 remotissimum.
1109 2303 1191 2357 Ad
1237 2304 1348 2358 lucc
1377 2305 1776 2374 explanationes
1810 2305 2210 2374 Scripturarum
2241 2307 2485 2365 distortae
2524 2324 2813 2379 parumque
2862 2307 2932 2361 ad
2965 2324 3073 2361 rem
3114 2308 3449 2375 pertinentes.

184 2411 247 2462 et,
273 2408 329 2452 ut
356 2414 519 2453 nemo
552 2415 662 2451 non
695 2397 949 2467 fateatur,
982 2405 1128 2449 tanto
1163 2393 1376 2450 doctore
1404 2395 1656 2467 indignis.
1697 2396 1767 2449 Et
1791 2414 1917 2452 sane
1941 2401 2230 2464 sa'pissime
2258 2400 2485 2473 φλυαρεῖ
2500 2401 2723 2468 scriptor
2752 2400 2871 2463 iste,
2926 2406 3287 2469 argumentum
3322 2396 3454 2450 sub-

187 2492 295 2546 inde
338 2500 548 2549 mutat.
585 2489 677 2545 Ne
695 2489 901 2556 multis,
925 2488 1056 2543 nihil
1093 2488 1178 2542 hic
1207 2487 1532 2545 advertimus
1574 2490 2023 2548 Athanasianum.
2082 2493 2260 2559 Quare
2319 2497 2531 2550 animus
2563 2498 2735 2565 luerat
2756 2510 2870 2547 eam
2918 2495 3052 2546 inter
3081 2491 3262 2561 spuria
3307 2490 3454 2543 able-

189 2604 303 2656 gare
327 2604 346 2641 :
376 2589 511 2658 quia
551 2597 733 2640 tamen
771 2586 825 2640 in
857 2584 1247 2656 antiquioribus
1295 2584 1587 2654 codicibus,
1622 2595 1673 2641 et
1703 2586 1756 2640 in
1797 2586 2181 2644 Atlianasianis
2218 2589 2616 2645 collectionibus
2664 2589 2943 2655 reperitur,
2972 2603 3030 2642 eo
3070 2586 3277 2641 nomine
3315 2586 3456 2641 inter

192 2678 342 2734 dubia
367 2696 493 2735 eam
533 2694 886 2734 recensemus.

1290 2904 1435 2958 ΤΟΥ
1466 2908 1559 2961 ΕΝ
1589 2910 1813 2963 ᾹΓΙΟΙΣ
1843 2910 2115 2964 ΠΑΤΡΟΣ
2142 2910 2342 2965 ΗΜΩΝ

1504 3071 2142 3161 ΑΘΑΝΑΣΙΟΥ

861 3259 985 3316 ΕΙΣ
1018 3261 1103 3314 ΤΟ
1134 3258 1380 3312 ΠΑΘΟΣ
1428 3256 1570 3309 ΤΟΥ
1598 3253 1890 3308 ΚΥΡΙΟΥ
1918 3252 2047 3308 ΚΑΙ
2071 3256 2201 3309 ΕΙΣ
2242 3256 2383 3309 ΤΟΝ
2416 3258 2761 3310 ΣΤΑΥΡΟΝ.

1228 3502 1323 3590 S.
1400 3501 1507 3587 P.
1568 3497 1685 3586 N.
1738 3494 2396 3589 ATHANASII

1152 3698 1241 3754 ΙΝ
1279 3698 1712 3756 PASSIONEM
1752 3698 1847 3753 ET
1875 3695 2176 3754 CRUCEM
2208 3695 2507 3753 ΒΟΜΙΝΙ.

267 3966 317 4022 1.
357 3987 378 4021 ι
414 3969 534 4022 Καὶ
549 3966 795 4030 ἐλθόντες
826 3968 906 4029 είς
931 3965 1095 4019 τόπον
1127 3965 1415 4038 λεγόμενον
1451 3968 1713 4038 Γολγοθᾶ,
1738 3970 1770 4023 ὅ
1798 3977 1843 4033 Β

1942 3970 1993 4024 1.
2007 3989 2026 4022 ι
2050 3968 2115 4023 Ει
2130 3976 2393 4025 venerunt
2408 3968 2459 4021 in
2480 3968 2655 4022 locum
2673 3965 2766 4037 qui
2782 3964 2984 4020 dicitur
3002 3962 3284 4034 Golgotlia,
3303 3963 3452 4033 quod

207 4058 309 4112 ιστι
339 4060 587 4131 Κρανίου
628 4044 1115 4128 τόπος’λεγόμενος
1140 4097 1156 4122 ,
1204 4057 1410 4112 ἔδωκαν
1449 4060 1598 4131 αὐτῷ
1630 4057 1771 4115 οἶνον

1874 4072 1956 4117 est
1983 4061 2244 4116 Calvariaa
2275 4061 2466 4115 locus:
2501 4059 2881 4128 dederuntque
2942 4057 2994 4111 ei
3044 4056 3231 4109 vinum
3264 4056 3454 4111 bibere

207 4151 332 4200 Ιιειείν
366 4148 513 4219 μετὰ
539 4147 705 4218 χολῆς
736 4147 1093 4217 μεμιγμένον.
1129 4147 1240 4200 Kal.
1275 4148 1630 4218 γευσάμενος,
1671 4152 1771 4204 οὐκ

1873 4167 1997 4205 cum
2030 4150 2153 4205 felle
2185 4152 2426 4203 mistum.
2468 4148 2678 4202 Etcum
2707 4153 3006 4217 gustasset,
3029 4145 3205 4200 noluit
3236 4144 3442 4201 bibere.

204 4238 342 4304 ήθελε
373 4243 545 4293 πιεῖν.
603 4235 1023 4309 Σταυρώσαντες
1059 4237 1114 4290 δὲ
1150 4237 1310 4290 αὐτὸν
1337 4278 1352 4304 ,
1397 4238 1772 4310 διεμερίσαντο

1875 4243 2170 4313 Postquam
2203 4251 2383 4297 autem
2409 4241 2805 4297 crueiﬁxcrunt
2846 4254 2994 4306 eum,
3029 4237 3332 4294 diviserunt
3355 4255 3448 4294 ve-

204 4328 261 4380 τὰ
289 4332 481 4399 ἱμάτια
530 4329 698 4383 αὐτοῦ
725 4370 741 4394 ,
785 4330 1067 4401 βάλλοντες
1107 4329 1180 4398 (6)
1233 4329 1467 4401 κλῆρον·
1502 4331 1588 4384 ἵνα
1632 4332 1771 4402 πλη-

1873 4336 2131 4391 stimenta
2177 4333 2328 4403 ejus,
2379 4343 2583 4387 sortem
2634 4331 2919 4385 mittentes
2963 4348 2977 4384 :
3022 4338 3082 4382 ut
3128 4328 3451 4397 impleretur

207 4422 334 4494 ρωθῇ
360 4424 425 4477 τὸ
458 4423 623 4495 ῥηθὲν
656 4426 761 4478 ὑπὸ
790 4424 886 4478 τοῦ
913 4424 1199 4495 Προφήτω
1224 4439 1238 4452 ·
1272 4424 1663 4496 Διεμερίσαντο
1704 4425 1773 4479 τὰ

1872 4424 2016 4493 quod
2051 4423 2369 4487 dictum,est
2404 4436 2498 4491 pcr
2530 4418 2857 4490 Prophetam
2880 4420 2901 4451 ⁸
2940 4435 2955 4471 :
2990 4417 3306 4473 Diviserunt
3340 4418 3449 4474 sibi

211 4516 385 4587 ἱμάτιά
414 4537 519 4590 μου
549 4520 781 4582 ἑαυτοῖς,
822 4519 916 4571 καὶ
945 4518 1037 4570 ἐπὶ
1063 4517 1162 4572 τὸν
1188 4504 1474 4589 ἱματισμόν
1511 4536 1611 4590 μου
1648 4519 1774 4574 ἔϐα-

1872 4516 2200 4571 vestimenta
2247 4527 2389 4576 mea,
2429 4522 2482 4567 ct
2516 4528 2681 4582 super
2722 4519 2929 4567 vestem
2969 4525 3144 4564 meam
3176 4510 3448 4564 miserunt

206 4607 283 4662 λον
302 4612 529 4684 κλῆρον.
565 4612 675 4664 Kal
700 4610 995 4680 καθήμενοι
1014 4610 1240 4680 ἐτήρουν
1268 4609 1430 4663 αὑτὸν
1447 4610 1583 4664 ἐκεῖ.
1618 4629 1645 4662 ι
1662 4610 1777 4667 Καὶ

1871 4615 2094 4663 sortem.
2124 4604 2185 4659 Et
2211 4604 2463 4661 sedentes
2484 4604 2776 4659 servabant
2806 4619 2930 4659 eum
2968 4603 3041 4658 ibi
3059 4604 3102 4659 '.
3135 4623 3154 4655 ι
3186 4602 3254 4657 Et
3286 4605 3340 4659 in
3362 4620 3448 4660 se-

207 4700 275 4762 εις
295 4702 360 4754 τὰ
391 4700 526 4769 ἑξῆς
554 4700 655 4771 (7)-

1871 4698 2115 4769 quentia.
2556 4760 2558 4763 τ

265 4793 331 4845 Τὸ
366 4794 469 4865 μὲν
494 4790 843 4861 ἀναγνωσθὲν
866 4791 1029 4863 ῥητὸν
1052 4789 1403 4859 εὐαγγελικόν
1424 4792 1538 4844 ἐστι
1559 4809 1572 4823 ο
1599 4809 1773 4863 σαφη-

1941 4787 2095 4853 Quod
2126 4787 2351 4857 jnmjam
2399 4788 2599 4842 lectum
2662 4794 2768 4850 est,
2813 4786 3190 4858 evangeliorum
3232 4797 3316 4844 est
3357 4788 3443 4841 di-

208 4882 334 4946 νείας
368 4884 427 4937 δὲ
458 4883 651 4936 τούτου
682 4884 842 4953 χάριν
879 4882 1039 4935 καλὸν
1074 4882 1211 4953 πρὸς
1231 4882 1356 4946 τοὺς
1390 4882 1575 4951 ἁγίους
1595 4899 1767 4936 κατα-

1872 4888 2060 4945 ctum;
2091 4878 2340 4934 clarioris
2388 4887 2568 4933 autem
2620 4878 3003 4948 explicationis
3046 4893 3235 4942 causa,
3267 4894 3450 4948 aperte

207 4979 401 5042 φυγεῖν,
443 4975 543 5029 καὶ
573 4976 701 5047 παρ’
736 4975 911 5029 αὐτῶν
957 4975 1054 5046 τὴν
1097 4972 1286 5027 τούτου
1331 4973 1569 5028 διάνοιαν
1608 4973 1769 5027 ἐκλα-

1871 4970 2103 5041 pretium
2136 4969 2262 5034 erit,
2291 4969 2358 5023 ad
2399 4976 2620 5023 sanctos
2669 4969 2986 5039 confugere,
3034 4978 3198 5039 atque
3238 4969 3307 5023 ab
3333 4968 3445 5023 illis

210 5066 323 5121 δεῖν.
369 5067 647 5130 Ἐκείνους
673 5066 781 5137 γὰρ
806 5068 1003 5137 μᾶλλον
1033 5065 1066 5137 ἢ
1101 5068 1246 5138 ἡμᾶς
1278 5069 1387 5129 τοῖς
1421 5065 1771 5134 Εὐαγγελίοις

1871 5061 1993 5132 ejus
2021 5060 2434 5131 intelligentiam
2484 5060 2745 5115 mutuari.
2797 5060 2923 5115 Illos
2964 5061 3107 5115 enim
3135 5060 3444 5130 plusquam

211 5158 541 5213 συνίστασθαι
566 5159 855 5230 προσήκει.
878 5159 989 5212 Kal.
1009 5160 1095 5212 ἵνα
1215 5158 1626 5229 περιερχόμενοι
1644 5158 1771 5222 τοὺς

1870 5172 1970 5211 nos
2002 5154 2416 5225 Evangeliorum
2454 5157 2660 5225 peritos
2682 5153 2997 5209 existimare
3026 5152 3302 5207 convenit.
3336 5150 3442 5207 Ve-

209 5249 395 5316 πάντας
425 5249 879 5322 ὲπιὸραδύνωμεν
919 5250 996 5322 τῷ
1034 5251 1197 5321 λόγῳ,
1231 5252 1393 5322 ἀρκεῖ
1421 5249 1515 5303 καὶ
1547 5250 1705 5321 μόνος
1741 5251 1770 5303 ὁ

1874 5264 1995 5302 rum
2026 5264 2095 5303 ne
2119 5248 2176 5303 in
2195 5248 2430 5319 singulis
2456 5262 2645 5302 eorum
2696 5247 3083 5318 percurreudis
3110 5246 3317 5303 diutius
3340 5246 3442 5300 imo

220 5339 526 5406 ’Δπὸστολος
572 5342 710 5413 πρὸς
750 5342 849 5412 τὴν
894 5342 1049 5413 ἡμῶν
1096 5340 1468 5413 πληροφορίαν
1514 5339 1800 5410 γενέσθαι(

1870 5357 2168 5409 moremur,
2197 5358 2339 5398 unus
2369 5342 2503 5398 satis
2532 5342 2604 5397 sit
2655 5340 2971 5411 Apostolus,
3002 5340 3095 5411 qui
3130 5355 3231 5395 nos
3284 5340 3442 5411 plene

211 5429 531 5500 διδάσκαλος.
564 5435 772 5509 Γράφει
814 5435 925 5506 γὰρ
961 5439 1073 5500 τοῖς
1119 5434 1390 5507 Ἑϐραίοις
1418 5433 1581 5499 αὐτὸς
1602 5434 1632 5488 ὁ
1665 5451 1767 5505 μα-

1874 5433 1977 5488 bac
2000 5432 2056 5487 in
2095 5447 2155 5489 re
2194 5432 2431 5487 erudiat.
2465 5431 2546 5485 Ad
2583 5430 2838 5486 Hebraeos
2857 5432 3004 5486 enim
3024 5432 3218 5487 scribit
3249 5431 3441 5486 beatus

265 5591 461 5649 'Psal.
500 5608 625 5659 nl,
666 5591 753 5647 l9.
829 5591 851 5621 ⁸
887 5590 1083 5646 Matth.
1122 5607 1302 5652 τινα,
1337 5589 1527 5645 55-56.

268 5753 334 5823 (li)
373 5751 716 5823 Anglicanus
745 5756 801 5804 et
830 5746 1352 5823 Fclc._5._§alo'vrsc.

268 5822 332 5893 (7)
370 5822 451 5878 lta
465 5812 678 5879 vomnes
722 5812 1105 5889 manuscripti',
1133 5827 1360 5890 excepto
1390 5817 1534 5873 Felc.
1566 5817 1617 5873 5.
1643 5815 1845 5887 Regius

1533 5864 1534 5869 η
1566 5817 1617 5873 5.
1643 5815 1845 5887 Regius
1873 5816 2093 5882 ibidem,
2131 5816 2224 5870 καὶ
2257 5817 2337 5879 είς
2362 5815 2429 5870 τὰ
2458 5814 2583 5885 ἑξῆς
2619 5817 2739 5886 περῖ
2765 5812 2858 5869 τοῦ
2893 5813 3113 5876 πάθους.
