4008 6404
510 385 619 442 I87

1642 374 1702 431 s.
1744 366 2218 427 ATHANASIUS‘.
2262 347 2334 410 :—
2370 359 2598 418 DUBlA.

3672 338 3783 396 188

511 499 629 571 ipse
657 494 883 559 Paulus,
903 490 1240 563 impossibile
1263 502 1391 543 esse
1436 485 1657 541 mentiri
1686 483 1881 550 Deum,
1932 496 2090 537 eum-

2210 477 2386 549 ιάριος
2436 472 2690 535 Παῦλος,
2743 468 2827 521 ὅτι
2866 461 3124 520 ἀδύνατόν
3164 462 3281 515 ἐστι
3327 454 3636 528 ψεύσασθαι
3686 454 3778 508 τὸν

2210 569 2221 571 ~
2280 568 2289 571 —
2454 567 2466 571 -
2516 564 2555 571 --
2613 562 2635 571 -
2687 560 2699 571 -
2853 556 2894 571 η
3068 553 3163 571 «ιγ-
3297 549 3383 571 --_\
3416 544 3750 571 4.4-3.»--.

510 602 619 660 que
639 587 879 642 maxime
901 598 1149 640 veracem
1166 596 1309 645 esse,
1322 594 1499 649 neque
1518 576 1773 634 mentiri"
1797 575 1953 631 .Nam
1966 573 2086 644 opi-

512 686 761 739 liciorum
795 680 1015 752 quidem
1065 687 1278 733 naturae
1310 675 1367 731 id
1416 673 1703 745 praprium
1742 679 1848 736 est,
1880 678 1940 726 ut
1969 684 2097 725 con-

511 783 797 832 vertantur
818 780 872 829 et
897 771 1066 827 variis
1087 768 1486 825 mutationibus
1507 773 1865 831 moveantur;
1895 763 2095 834 quippe

512 884 640 923 cum
672 882 782 922 non
809 872 993 921 essent
1023 862 1341 932 aliquando,
1374 846 1681 916 conditoris
1714 857 1799 912 sui
1831 857 2005 927 gratia
2042 859 2096 908 et

514 957 857 1015 humanitate
888 956 942 1010 id
972 969 1233 1024 accepere
1263 960 1324 1007 ut
1340 967 1438 1021 per
1469 949 1832 1005 mutationem
1866 946 2097 1001 exsiste-

515 1055 674 1105 rent:
706 1044 1166 1117 quemadmodum
1199 1044 1275 1097 ait
1305 1043 1447 1097 idem
1465 1039 1709 1094 Paulus:
1746 1057 1764 1089 ι
1802 1036 1906 1104 Qui
1934 1048 2097 1090 vocat

515 1152 580 1192 ea
612 1151 733 1207 quae
766 1149 878 1189 non
911 1140 1063 1196 sunt,
1105 1142 1366 1202 tanquam
1402 1146 1465 1186 ea
1499 1145 1623 1199 qua:
1672 1127 1855 1184 sunt“.
1896 1147 1915 1179 ι
1951 1126 2098 1181 Deus

517 1234 731 1292 contra,
763 1225 857 1296 qui
904 1239 1002 1294 per
1045 1221 1310 1284 Verbum,
1355 1221 1599 1274 omnium
1644 1218 1902 1273 conditor
1938 1227 2023 1271 est
2044 1223 2099 1271 ct

514 1335 645 1375 vere
679 1317 919 1381 exsistit,
965 1314 1362 1369 immutabilem
1416 1311 1582 1366 habet
1621 1324 1748 1365 cum
1786 1307 1967 1364 Verbo
1998 1323 2101 1363 suo

519 1417 805 1463 naturam.
837 1407 1016 1476 Atque
1041 1403 1175 1458 illud
1207 1417 1303 1473 per
1326 1401 1649 1471 prophetam
1677 1399 1841 1454 docet
1868 1397 1956 1453 his
1978 1412 2102 1453 ver-

517 1499 647 1556 bis:
680 1517 699 1550 ι
734 1494 963 1562 Videte,
1016 1493 1218 1557 videte,
1255 1492 1516 1563 quoniam
1547 1504 1651 1560 ego
1704 1502 1850 1551 sum,
1895 1495 1950 1542 et
1990 1501 2101 1541 non

517 1590 759 1646 mutor'.
791 1608 809 1641 ι
850 1587 1033 1654 Quare
1061 1585 1131 1641 de
1172 1583 1493 1639 hominibus
1520 1581 1741 1651 quidem
1782 1580 1838 1633 in
1867 1576 2102 1634 Psalmis

519 1681 777 1738 canitur:
811 1699 830 1731 ι
864 1677 980 1749 Ego
1014 1676 1127 1732 dixi
1158 1675 1215 1730 in
1255 1688 1490 1731 excessu
1539 1687 1683 1736 meo,
1718 1669 1910 1726 Omnis
1939 1671 2104 1724 homo

518 1771 754 1828 mendax
773 1771 816 1803 ¹⁰
845 1789 858 1825 :
894 1788 916 1822 ι
936 1769 1004 1824 de
1026 1767 1134 1822 Deo
1156 1772 1336 1821 autem
1358 1772 1592 1820 testatur
1616 1761 1799 1817 Moses
1841 1760 1900 1815 in
1946 1759 2101 1830 lege:

525 1883 546 1917 ι
573 1862 717 1920 Deus
745 1863 917 1918 ﬁdelis
947 1868 1000 1916 et
1018 1874 1182 1916 verax
1201 1859 1265 1913 “.
1298 1877 1321 1911 ι

2191 544 2325 623 Θεὸν
2342 584 2357 599 ο
2383 567 2479 619 καὶ⁵
2502 560 2757 635 ἀληθεύει
2800 556 3035 629 μάλιστα
3068 553 3263 620 λέγων,
3295 549 3389 603 καὶ
3413 548 3474 601 οὺ
3497 544 3775 616 ψεύδεται.

2193 659 2315 714 Τῶν
2345 658 2441 730 μὲν
2465 656 2574 729 γὰρ
2609 650 2855 724 γενητῶν
2885 647 2963 721 (8)
2992 648 3027 718 ἠ
3061 644 3222 726 φύσις
3250 642 3380 695 ἴδιον
3403 639 3516 710 ἔχει
3547 635 3611 691 τὸ
3647 635 3788 730 τρέ-.

2197 726 2393 803 πεσθαι
2425 746 2520 800 καὶ
2547 726 2819 799 κινεῖσθαι
2848 737 3123 799 ποικίλαις
3164 730 3519 806 μεταὸολαῖς·
3556 726 3779 797 ἐπειδή-

2194 857 2302 912 περ
2330 839 2422 893 καὶ
2471 838 2546 910 μὴ
2576 836 2705 891 ὄντα
2734 832 2886 897 ποτέ,
2925 827 3229 901 μεταὸολὴν
3255 824 3411 895 ἔσχεν
3431 823 3512 885 είς
3543 819 3608 873 τὸ
3641 813 3782 912 εἶναι

2194 907 2384 1001 τῇ-τοῦ
2411 907 2776 999 πεποιηκότος
2807 922 2991 994 χάριτι
3020 920 3121 973 καὶ
3144 914 3526 987 φιλανθρωπίᾳ
3544 929 3559 942 ·
3594 907 3819 991 καθὼςι

2195 1022 2289 1075 καὶ
2309 1020 2470 1074 πάλιν
2492 1021 2521 1072 6
2544 1016 2755 1080 Παῦλός
2781 1029 2942 1085 φησιν
2961 1029 2979 1043 ι
3011 1030 3030 1063 ‹
3071 1012 3129 1065 '0
3156 1008 3340 1080 καλῶν
3364 1005 3434 1060 τὰ
3460 1004 3535 1077 μὴ
3559 1001 3783 1067 amo;

2195 1111 2347 1165 ὄντα.
2390 1128 2409 1160 ι
2447 1107 2579 1172 Θεὸς
2618 1106 2706 1169 δέ,
2740 1102 2769 1154 ὁ
2810 1104 3031 1157 πάντων
3067 1098 3154 1152 διὰ
3189 1096 3283 1151 τοῦ
3326 1095 3501 1163 Λόγου
3549 1090 3782 1163 ποιητὴς

2196 1202 2500 1273 τυγχάνων,
2526 1200 2695 1262 ὅντως
2719 1196 2816 1263 ῶν,
2844 1191 3219 1265 ἀμετάβλητον
3251 1188 3363 1258 ἔχει
3389 1186 3486 1241 σὺν
3512 1184 3592 1256 τῷ
3622 1184 3781 1255 Λόγῳ

2197 1294 2295 1364 τὴν
2331 1292 2526 1362 φύσιν
2576 1289 2670 1343 καὶ
2711 1288 2869 1341 τοῦτο
2919 1284 3007 1339 διὰ
3044 1282 3138 1335 τοῦ
3172 1281 3450 1352 προφήτου
3497 1276 3782 1341 διδάσκει,

2197 1385 2370 1455 λέγων
2393 1401 2408 1416 ο
2432 1403 2451 1437 ι
2481 1383 2672 1446 Ἴδετε,
2708 1379 2868 1442 ἴδετε,
2902 1378 2985 1431 ὅτι
3033 1373 3146 1444 ἐγώ
3172 1374 3309 1444 είμι,
3342 1372 3438 1425 καὶ
3468 1369 3782 1437 οὐκ-ἠλλοί-

2197 1492 2365 1547 ωμαι.
2397 1493 2417 1525 ι
2468 1471 2559 1525 Διὸ
2605 1469 2733 1541 περὶ
2778 1468 2874 1539 μὲν
2919 1465 3027 1518 τῶν
3076 1458 3379 1533 ἀνθρώπων
3424 1461 3482 1516 ἐν
3531 1456 3783 1524 Ψαλμοῖς

2200 1566 2403 1638 ᾅδεται·
2446 1581 2465 1614 ι
2514 1559 2657 1629 Ἐγὼ
2697 1554 2831 1612 εἶπα
2865 1558 2922 1610 ἐν
2964 1558 3031 1627 τῇ
3076 1553 3331 1607 ἐκστάσει
3367 1567 3466 1621 μου
3492 1562 3508 1580 ο
3543 1548 3663 1611 Πᾶς
3693 1547 3782 1602 ἆν-

2201 1636 2420 1728 θρωπος
2440 1654 2680 1725 ψεύστης
2703 1667 2718 1682 ο
2755 1669 2774 1702 ›
2809 1648 2940 1720 περὶ
2968 1646 3025 1699 δέ
3054 1644 3147 1699 τοῦ
3178 1641 3315 1697 Θεοῦ
3346 1640 3556 1716 Μωσῆς
3602 1640 3662 1692 ἐν
3707 1636 3782 1708 τῷ

2203 1724 2350 1818 νόμῳ
2400 1745 2686 1818 μαρτυρεῖ,
2735 1741 2816 1795 ὃτι
2860 1757 2879 1789 ι
2908 1740 2936 1792 6
2970 1735 3102 1799 Θεὸς
3128 1731 3320 1797 πιστός
3352 1733 3468 1784 ἐστι
3516 1728 3612 1782 καὶ
3655 1724 3785 1797 ἀληέ

2205 1840 2369 1903 θινός.
2407 1858 2428 1890 ι

597 1957 653 2012 2.
676 1954 775 2009 Vir
807 1955 972 2024 igitur
995 1954 1086 2008 ille
1114 1908 1393 2007 Christum
1423 1963 1641 2019 gerens,
1659 1927 1815 2017 quasi
1837 1961 1901 2001 ex
1933 1945 2100 2001 utris-

2274 1929 2329 1983 2.
2371 1929 2430 1981 '0
2471 1927 2602 1997 γοῦν
2650 1920 3006 1997 χριστοφόρος
3047 1917 3206 1988 ἀνὴρ,
3254 1914 3328 1977 ὡς
3358 1910 3419 1977 ἐξ
3458 1909 3787 1982 ἀμφοτέρων

521 2065 628 2121 que
659 2047 932 2111 eruditus,
978 2044 1073 2099 Dei
1105 2049 1159 2099 et
1188 2042 1307 2112 ipse
1329 2055 1455 2095 cum
1497 2039 1769 2094 creaturis
1803 2038 2099 2092 discrimen

521 2155 823 2210 exponens,
852 2138 929 2193 ita
953 2135 1174 2192 scribit:
1205 2151 1223 2184 ι
1251 2131 1335 2186 Sit
1361 2145 1491 2186 vero
1511 2129 1658 2185 Deus
1703 2144 1890 2193 verax,
1920 2129 2102 2184 omnis

524 2238 705 2286 autem
756 2229 922 2284 homo
958 2224 1195 2281 mendax
1222 2224 1285 2276 η.
1318 2241 1337 2274 ι
1371 2219 1551 2276 Verus
1585 2234 1753 2291 porro
1798 2227 1884 2274 est
1916 2217 2099 2283 Deus;

524 2338 633 2377 non
661 2321 793 2392 quia
839 2333 950 2374 non
977 2316 1241 2371 mentitur
1269 2335 1283 2369 :
1312 2312 1449 2368 nihil
1486 2312 1688 2383 quippe
1717 2311 1822 2382 ipsi
1846 2311 2103 2365 adversa-

522 2422 645 2479 tur;
675 2426 852 2481 neque
882 2409 1032 2479 quia,
1056 2405 1516 2479 quemadmodum
1550 2404 1737 2467 homo,
1775 2402 1932 2457 alteri
1962 2402 2105 2456 veri-

521 2513 688 2561 tatem
733 2499 1263 2558 testiﬁcaturmulli
1308 2498 1455 2553 enim
1513 2496 1788 2551 obnoxius
1846 2502 1965 2561 est;
2008 2494 2102 2549 sed

522 2594 671 2666 quod
720 2594 895 2664 ipsam
940 2593 1224 2648 veritatem
1276 2588 1543 2660 genuerit,
1578 2587 1846 2656 Paterque
1876 2586 1948 2640 sit
1997 2583 2106 2639 Do-

524 2684 684 2749 mini,
707 2684 802 2754 qui
825 2684 900 2736 ait
926 2698 977 2735 :c
1008 2681 1118 2751 Ego
1151 2695 1270 2736 sum
1312 2677 1513 2733 veritas
1529 2677 1610 2728 “:
1639 2695 1659 2729 ι
1685 2675 1898 2730 veritati
1939 2690 2103 2745 porro

524 2789 807 2846 nunquam
848 2773 1194 2828 mendacium
1230 2771 1467 2824 amicum
1500 2766 1685 2823 fuerit.
1717 2765 1869 2822 Unde
1898 2768 2103 2821 verita-

523 2875 636 2923 tem
666 2866 912 2937 quidem,
955 2864 1109 2934 iuxta
1148 2860 1600 2924 Psalmistam“,
1644 2860 1876 2930 requirit
1921 2858 2106 2913 Domi-

524 2974 654 3023 nus,
693 2956 1037 3013 mendacium
1077 2969 1209 3010 vero
1257 2954 1355 3008 abs
1384 2967 1445 3007 se
1490 2951 1706 3020 reiicit,
1758 2950 2106 3019 alienumque

526 3050 631 3108 sibi
662 3048 815 3114 facit,
860 3048 948 3103 his
1002 3046 1188 3103 verbis
1228 3065 1243 3102 :
1277 3065 1295 3098 ι
1332 3043 1455 3097 Filii
1509 3043 1672 3098 alieni
1716 3042 1930 3097 mentiti
1977 3048 2107 3097 sunt

528 3141 744 3196 mihi".
778 3160 797 3192 ι
835 3137 1044 3194 Mentiti
1090 3137 1294 3208 quippe
1327 3145 1457 3191 sunt
1484 3134 1655 3189 Judaei
1693 3140 1883 3188 contra
1916 3130 2106 3186 Salva-

530 3241 728 3297 torem,
755 3239 811 3286 et
842 3246 967 3285 cum
994 3245 1054 3285 se
1082 3228 1257 3299 legem
1285 3227 1394 3299 62
1424 3240 1645 3282 servare
1694 3224 2101 3296 proﬁterentur,
2133 3257 2179 3318 ε

529 3337 879 3394 nequaquam
913 3336 1041 3377 vere
1067 3320 1285 3386 dixere;
1312 3319 1407 3374 sed
1441 3318 1647 3388 injuste
1674 3331 1800 3371 cum
1822 3316 1917 3370 illo
1947 3330 2114 3384 egere

530 3414 624 3485 qui
662 3428 782 3468 eam
821 3412 1069 3479 dederat,
1093 3425 1219 3465 cum
1250 3425 1350 3480 pro
1377 3409 1503 3464 data
1527 3409 1703 3480 gratia
1737 3416 1968 3462 mortem
2004 3405 2111 3461 Do-

530 3506 682 3560 mino
716 3502 1193 3559 machinabantur.
1227 3500 1420 3555 Merito
1448 3499 1615 3569 igitur
1654 3498 1845 3569 reiecti
1877 3505 2025 3564 sunt,
2058 3508 2111 3553 et

529 3606 695 3662 quam
732 3588 964 3644 Domino
985 3598 1217 3645 mortem
1254 3588 1558 3644 mendaciis
1597 3589 1715 3645 suis
1754 3588 2107 3651 induxerunt,

529 3681 777 3737 eamdem
806 3680 911 3735 sibi
946 3679 1050 3751 ipsi
1104 3688 1421 3736 attraxere:
1459 3679 1917 3750 quemadmodum
1963 3678 2112 3732 Ana-

530 3772 653 3827 nias
677 3782 729 3826 et
754 3770 1023 3843 Sapphira
1048 3771 1104 3826 in
1132 3771 1366 3827 Artibus
1408 3773 1784 3844 apostolorum
1824 3788 1838 3824 :
1869 3771 2112 3842 quicum

529 3874 654 3918 vota
699 3861 810 3917 Deo
852 3861 1138 3927 fecissent,
1186 3878 1253 3917 ex
1300 3862 1444 3917 votis
1477 3862 1596 3917 suis
1627 3861 1914 3917 detraxere
1946 3879 1959 3914 :
1991 3877 2114 3931 qua:

532 3972 622 4011 res
651 3970 775 4010 cum
805 3955 997 4010 lateret
1016 3954 1158 4022 aliis,
1190 3955 1340 4025 ipsos
1363 3955 1608 4010 veritatis
1635 3954 1885 4010 minister
1918 3952 2113 4009 Petrus

533 4046 620 4101 his
652 4047 834 4101 verbis
871 4047 1070 4117 repulit
1100 4065 1115 4102 :
1156 4066 1174 4098 ι
1206 4044 1326 4101 Νοιι
1365 4048 1626 4101 mentitus
1674 4062 1735 4101 es
1776 4046 2111 4110 hominibus,

533 4136 628 4192 sed
660 4136 770 4192 Deo
786 4138 1007 4203 “.iQua
1036 4137 1091 4191 in
1123 4151 1183 4192 re
1215 4152 1471 4208 magnum
1498 4136 1600 4189 fuit
1634 4135 1957 4189 miraculum
1985 4155 1997 4188 :
2022 4135 2114 4189 ubi

532 4227 681 4296 quod
709 4228 858 4283 solus
894 4235 1055 4282 norat
1082 4225 1301 4291 Petrus,
1335 4227 1387 4280 id
1419 4224 1645 4280 Ananiae
1670 4231 1844 4279 morte
1860 4224 2115 4278 omnibus

534 4319 711 4390 palam
762 4317 923 4387 fecit;
973 4319 1049 4373 ita
1097 4326 1157 4373 ut
1187 4332 1348 4373 nemo
1406 4333 1518 4370 non
1570 4324 1874 4382 vereretur,
1928 4316 2115 4371 nullus

536 4412 817 4487 Sapphirae
840 4412 1148 4484 exemplum
1176 4426 1287 4466 non
1312 4415 1598 4464 metueret.

2202 2022 2409 2076 τούτων
2442 2017 2772 2079 παιδευθεὶς,
2808 2014 2901 2067 καὶ
2932 2010 3095 2073 αὐτὸς
3125 2008 3223 2079 τὴν
3250 2004 3344 2059 τοῦ
3386 2003 3522 2058 Θεοῦ
3553 2003 3694 2074 πρὸς
3720 2000 3788 2053 τὰ

2201 2111 2405 2181 γενητά
2440 2107 2699 2180 διαφορὰν
2735 2102 3119 2175 ἐξηγούμενος,
3147 2097 3378 2170 γράφει·
3418 2116 3437 2149 ί
3468 2093 3711 2149 Γινέσθω
3733 2092 3790 2146 δέ

2202 2206 2231 2257 6
2261 2203 2393 2266 Θεὸς
2421 2200 2647 2272 ἀληθὴς,
2672 2200 2779 2262 πᾶς
2809 2197 2868 2250 δέ
2901 2194 3187 2266 ἄνθρωπος
3205 2190 3464 2260 ψεύστης.
3497 2207 3517 2239 ι
3561 2185 3791 2257 Ἀληθης

2201 2296 2259 2349 δέ
2291 2298 2437 2349 ἐστιν
2460 2296 2488 2347 6
2524 2293 2677 2356 Θεὸς,
2710 2291 2809 2361 οὐχ
2852 2289 2929 2351 ὡς
2964 2286 3037 2357 μὴ
3082 2283 3409 2354 ψευδόμενος
3433 2295 3448 2313 ⁸
3483 2277 3641 2331 οὐδὲν
3685 2278 3791 2349 γάρ

2203 2390 2352 2442 ἐστιν
2390 2386 2629 2439 ἐναντίον
2664 2381 2843 2452 αὐτῷ’
2878 2377 3001 2432 ούδέ
3026 2376 3101 2439 ὡς
3124 2373 3408 2444 ἄνθρωπος
3437 2370 3614 2441 ἑτέρῳ
3649 2383 3789 2439 μαρ-

2201 2480 2384 2553 τυρῶν
2410 2479 2472 2533 τὸ
2498 2476 2697 2548 ἀληθές
2718 2493 2732 2506 ο
2768 2472 2946 2529 ούδεν)⁸
2979 2470 3089 2541 γὰρ
3123 2464 3421 2528 ὑπεύθυνός
3452 2466 3601 2517 ἐστιν
3629 2477 3643 2490 ·
3680 2459 3790 2513 ἀλλ’

2202 2575 2278 2637 ὡς
2311 2572 2479 2643 αὐτὴν
2509 2572 2606 2643 τὴν
2636 2569 2892 2640 ἀλήθειαν
2920 2562 3147 2634 γεννῶν,
3183 2559 3277 2614 καὶ⁸
3307 2556 3502 2626 Πατὴρ
3530 2552 3791 2625 ὑπάρχων

2202 2663 2296 2718 τοῦ
2340 2663 2545 2735 Κυρίου
2596 2659 2884 2729 λέγοντος·
2943 2675 2962 2708 ι
3004 2652 3145 2723 Ἐγώ
3195 2654 3311 2722 είμι
3366 2650 3400 2720 ἡ
3452 2645 3685 2717 ἀλήθεια
3714 2661 3727 2674 ·
3766 2664 3784 2696 ι

2204 2756 2461 2829 ἀληθείας
2511 2754 2568 2809 δὲ
2617 2753 2768 2823 φίλον
2801 2751 2862 2804 τὸ
2892 2748 3087 2820 ψεῦδος
3131 2746 3233 2800 ούκ
3281 2743 3346 2796 ἄν
3393 2756 3525 2793 ποτε
3555 2739 3791 2807 γένοιτο.

2208 2848 2369 2904 Ὅθεν
2401 2846 2660 2917 ἀληθείας
2691 2845 2790 2914 μὲν
2823 2842 2898 2913 (9)
2932 2839 3075 2896 κατὰ
3104 2838 3193 2891 τὸν
3226 2833 3516 2906 ψαλμῳδὸν
3547 2829 3799 2903 ἐκζητῶν

2204 2944 2233 2995 6
2261 2941 2484 3013 Κύριος,
2518 2938 2579 2992 τὸ
2620 2937 2676 2991 δὲ
2721 2935 2922 3005 ψεῦδος
2970 2933 3063 3002 ἀφ’
3099 2928 3291 2984 ἐαυτοῦ
3324 2927 3526 2999 ῥίπτει,
3576 2924 3675 2978 καὶ
3705 2923 3795 2975 ἁλ-

2206 3032 2420 3103 λότριον
2479 3031 2643 3093 ποιεῖ,
2703 3026 2877 3095 λέγων
2902 3042 2916 3055 ·
2952 3044 2969 3074 ι
2994 3023 3114 3076 Υίοὶ
3154 3019 3427 3091 ἀλλότριοι
3495 3013 3809 3086 ἐψεύσαντά

2211 3142 2324 3197 μοι.
2361 3144 2381 3176 ι
2430 3121 2762 3192 Ἐψεύσαντο
2800 3118 2908 3191 γὰρ
2939 3119 2989 3171 οἱ
3028 3116 3269 3169 Ἰουδαῖοι
3292 3111 3434 3166 κατά
3471 3108 3566 3163 τοῦ
3616 3107 3806 3177 Σωτῆ-.

2214 3234 2325 3289 ρος,
2363 3214 2580 3269 καὶτὸν
2625 3212 2789 3283 νόμον
2831 3208 3286 3278 ἐπαγγειλάμενοι
3338 3201 3662 3273 φυλάττειν,
3699 3199 3811 3253 οὐκ

2210 3308 2538 3380 ἡλήθευσαν,
2578 3304 2717 3359 ἀλλά
2763 3301 3115 3375 παρηνόμουν
3164 3296 3305 3353 κατά
3356 3294 3451 3349 τοῦ
3500 3292 3797 3355 δεδωκότος

2210 3401 2395 3467 αὐτὸν,
2428 3400 2657 3452 θάνατον
2709 3395 2831 3451 ἀντὶ
2881 3395 3103 3465 χάριτος
3163 3387 3546 3463 μηχανώμενοι
3580 3383 3660 3455 τῷ
3693 3383 3797 3439 Κυ.

2214 3493 2335 3567 ρίῳ.
2378 3490 2794 3562 ’.ἐπεϐλήθησαν
2818 3487 2951 3557 γοῦν
2977 3485 3221 3551 εἰκότως,
3258 3483 3353 3538 καὶ
3388 3480 3469 3545 δν,
3518 3477 3801 3549 ψευσάμε-

2213 3602 2313 3649 νοι,
2349 3584 2491 3639 κατά
2515 3581 2610 3636 τοῦ
2648 3579 2854 3652 Κυρίου
2891 3579 3119 3634 θάνατον
3153 3577 3456 3648 ἐπήγαγον,
3482 3569 3677 3624 τοῦτον
3707 3572 3802 3625 αύο

2212 3679 2297 3732 τοι⁵
2321 3676 2443 3731 καθ’
2478 3675 2687 3730 ἑαυτῶν
2721 3671 2936 3743 ἀληθῶς
2963 3670 3344 3724 ἐπεσπάσαντο
3366 3683 3382 3697 ·
3413 3667 3489 3731 ὡς
3514 3667 3612 3721 καὶ
3648 3666 3803 3719 Ἀνα-

2213 3771 2334 3836 νίας
2376 3769 2471 3825 καὶ
2498 3769 2785 3839 Σάπφειρα
2814 3766 2872 3819 ἐν
2899 3766 3020 3828 ταῖς
3040 3761 3279 3836 Πράξεσι
3311 3759 3418 3815 τῶν
3446 3758 3760 3814 ἀποστόλων
3782 3773 3799 3789 “

2215 3862 2433 3925 οἵτινες,
2494 3856 2826 3928 ἐπαγγελίαν
2875 3854 2953 3927 τῷ
3003 3854 3122 3925 θεῷ
3166 3852 3482 3916 δεδωκότες’
3537 3850 3648 3905 ἀπὸ
3704 3849 3805 3922 τῆς

2216 3952 2547 4021 ἐπαγγελίας
2578 3949 2965 4019 ἐνοσφίσαντο·
3002 3946 3247 4007 καὶτοὺς
3286 3946 3384 4016 μὲν
3411 3943 3606 4008 ἄλλους
3643 3942 3806 3996 ἐλάν-

2216 4045 2382 4099 θανον
2403 4063 2417 4075 ’
2451 4045 2480 4096 6
2518 4043 2574 4097 δὲ
2614 4043 2716 4113 τῆς
2764 4040 3023 4112 ἀληθείας
3050 4038 3294 4101 διάκονος
3338 4035 3549 4108 Πέτρος
3577 4034 3806 4098 τούτους

2217 4137 2540 4202 ἀπωθεῖται,
2570 4134 2778 4205 λέγων·
2818 4153 2835 4185 ι
2856 4133 2970 4186 Οὐκ
3003 4129 3217 4201 ἐψεύσω
3266 4126 3595 4200 ἀνθρώποις,
3660 4125 3798 4180 ἀλλὰ

2215 4227 2292 4300 τῷ
2324 4228 2462 4300 Θεῷ.
2500 4250 2517 4281 ι
2578 4230 2665 4282 Ἐν
2713 4223 2794 4290 οἷς
2837 4226 2931 4279 καὶ
2988 4223 3240 4296 μέγιστον
3287 4219 3473 4291 θαῦμα
3530 4218 3758 4288 γέγονεν
3786 4233 3802 4246 ⁵

2216 4321 2353 4392 ὅπερ
2385 4321 2495 4392 γὰρ
2528 4320 2687 4391 μόνος
2707 4318 2977 4389 ἠπίστατο
3014 4315 3240 4385 Πέτρος,
3279 4310 3433 4364 τοῦτο
3463 4308 3544 4379 τῷ
3586 4309 3803 4379 θανάτῳ

2218 4412 2294 4484 τῷ
2326 4413 2456 4483 περὶ
2472 4413 2563 4466 τὸν
2606 4410 2857 4464 Ἀνανίαν
2888 4410 3054 4463 πᾶσιν
3092 4403 3436 4475 ἐφανέρωσεν
3458 4419 3473 4433 ο
3505 4400 3647 4454 ῶστε
3678 4402 3805 4463 τοὺς

2220 4504 2427 4568 πάντας
2477 4505 2557 4567 εἰς
2607 4502 2892 4556 εὐλάϐειαν
2957 4498 3153 4565 ἐλθεῖν,
3211 4495 3306 4549 κα).
3337 4494 3400 4547 τὸ
3454 4493 3805 4566 παράδειγμα

2148 4607 2192 4661 ι)
2218 4596 2533 4667 Σαπφείρας
2565 4594 2891 4667 φοὸηθῆναι.

604 4706 657 4760 3.
688 4703 842 4759 Scire
868 4704 1066 4760 etenim
1090 4718 1266 4774 neque
1296 4703 1550 4773 ignorare
1580 4699 1866 4765 debemus,
1897 4716 1960 4755 ea
1991 4718 2112 4773 quae

537 4797 648 4852 Deo
682 4798 1029 4869 pollicemur,
1064 4813 1172 4852 non
1221 4796 1291 4851 ad
1334 4812 1436 4851 nos
1468 4796 1630 4859 ultra,
1685 4793 1781 4850 sed
1827 4793 1893 4849 ad
1940 4794 2112 4850 Deum

536 4890 830 4962 pertinere.
868 4886 1025 4955 Quod
1074 4888 1119 4944 si
1153 4887 1285 4958 quid
1339 4886 1467 4943 inde
1495 4886 1872 4951 detrahamus,
1913 4904 2114 4959 nequa-

535 4996 700 5052 quam
742 4988 932 5035 nostra
982 4980 1285 5045 sumimus;
1336 4979 1434 5035 sed
1474 4988 1607 5050 qua:
1642 4977 1737 5034 Dei
1775 4987 1905 5034 sunt
1953 4980 2113 5050 quasi

532 5075 858 5144 expilamus.
887 5071 1189 5128 Promissio
1203 5087 1368 5143 porro
1395 5087 1505 5127 non
1532 5072 1599 5127 ad
1629 5073 1889 5144 pecunias
1910 5074 2112 5139 solum,

600 5229 621 5259 τ
664 5227 828 5284 Hebr.
861 5242 939 5292 vr,
974 5226 1062 5283 18.
1138 5229 1161 5261 ⁸
1200 5225 1355 5282 Rom.
1393 5245 1466 5291 iv,
1502 5229 1586 5284 Π.
1664 5227 1910 5282 ’Malach
1972 5244 2054 5294 ιιι,
2090 5230 2143 5286 6.

2290 4707 2345 4762 5.
2386 4709 2479 4760 Δεῖ
2532 4707 2642 4777 γὰρ
2678 4703 2878 4759 εἰδέναι
2924 4702 3016 4755 καὶ⁸
3068 4699 3143 4771 μὴ
3188 4699 3401 4767 ἀγνοειν
3448 4696 3587 4769 (10),
3635 4697 3713 4750 ὅτι
3765 4694 3805 4750 ἃ.

2218 4797 2665 4868 ἐπαγγελλόμεθα
2685 4793 2825 4864 Θεῷ,
2849 4793 2949 4846 οὐκ
2978 4791 3057 4845 ἐτι
3075 4791 3260 4845 λοιπόν
3293 4793 3438 4844 ἐστιν
3465 4787 3644 4860 ἡμῶν,
3671 4787 3811 4842 ἀλλὰ

2219 4889 2337 4961 Θεῷ
2376 4889 2641 4959 διαφέρει.
2692 4886 2803 4939 Καὶ
2852 4885 2947 4938 ἐὰν
3001 4882 3366 4954 ἁποσύρωμεν
3415 4880 3525 4934 ἀπὸ
3575 4878 3805 4939 τούτων,

2222 4982 2322 5051 ούχ
2366 4982 2442 5044 ὡς
2467 4980 2537 5033 τὰ
2567 4978 2725 5050 ἡμῶν
2777 4978 2945 5047 ἐσμεν
2997 4975 3410 5046 λαμϐάνοντες,
3460 4971 3577 5026 ἀλλ’
3630 4971 3704 5034 ὡς
3736 4969 3809 5023 τά

2223 5072 2319 5128 τοῦ
2354 5068 2490 5127 Θεοῦ
2524 5067 2944 5143 ἱεροσυλοῦντες.
2993 5068 3057 5122 Ἦ
3098 5067 3157 5122 δὲ
3193 5064 3495 5136 ἐπαγγελία
3533 5064 3595 5117 ού
3645 5062 3810 5135 μέχρι

2224 5230 2266 5260 ¹⁰
2304 5227 2447 5284 Psal.
2485 5243 2607 5289 cxv,
2644 5225 2730 5281 Η.
2810 5226 2854 5258 ⁸³
2889 5223 3047 5282 Deut.
3080 5238 3264 5289 xxxn,
3295 5222 3350 5277 4.
3430 5221 3473 5253 ⁸⁸
3510 5218 3670 5275 Rom.
3706 5233 3805 5283 ιιι,

534 5299 589 5353 4.
667 5299 710 5330 ¹³
741 5296 898 5353 Joan.
942 5314 1063 5364 xiv,
1094 5296 1151 5355 6.
1225 5300 1270 5331 ιδ
1310 5297 1450 5355 Psal.
1488 5316 1624 5364 xxx,
1658 5298 1751 5354 24.
1830 5299 1872 5330 ¹⁵
1913 5299 2058 5355 Psal.
2091 5317 2108 5353 ι

2222 5340 2237 5365 ,
2277 5299 2367 5354 46.
2448 5299 2492 5330 ¹⁶
2528 5298 2650 5352 Act.
2686 5313 2741 5364 v,
2772 5297 2826 5352 4.

574 5518 809 5629 agili:
824 5517 1050 5590 Regius,
1082 5520 1403 5579 Basiliensis
1424 5532 1475 5579 et
1499 5523 1716 5595 Anglic.
1743 5530 1910 5577 recte.
1942 5518 2109 5584 Editi,

534 5608 827 5661 γεννητων.

536 5731 574 5742 _
608 5659 684 5742 (εξ)
723 5660 782 5742 ιιι
806 5659 952 5742 εειρ·
984 5661 1191 5742 δο-ί¹”έΥ’
1213 5662 1408 5742 .deest:
1436 5661 2030 5742 Ιμὲἀεωιὲειειίεξίηιιε
2054 5666 2116 5742 εει

536 5731 702 5806 Basjl.
726 5730 818 5806 τὸν
838 5729 1124 5806 ψαλμῳδὸν
1136 5732 1359 5806 ἐκζητεῖ
1386 5740 1415 5788 6
1436 5734 1659 5806 ιςύριος.
1682 5729 1951 5806 Editiﬁbv
1971 5729 2113 5806 φαλ-

545 5752 702 5785 uasu.
726 5752 818 5783 τον
838 5752 1124 5803 ψαλμῳοον
1140 5752 1234 5798 εκς,
1277 5752 1357 5787 τει
1386 5752 1415 5788 ο
1436 5752 1659 5806 λυριος.
1686 5752 1951 5793 ιωιι,τον
1975 5752 2113 5800 φαλ-

545 5801 719 5873 μῳδόν
737 5800 1027 5873 (Commel.
1056 5752 1368 5877 ψαλμιιῖὸὸν)
1406 5803 1651 5874 ἐκζητῶν
1676 5804 1703 5855 6
1720 5801 1942 5872 Κύριος.
1970 5799 2113 5865 Mox,

2220 5518 2556 5599 Anglicanps
2586 5519 2759 5599 solus,
2796 5536 2959 5591 quem
2998 5521 3303 5594 sequimur,
3329 5521 3390 5574 τὸ
3418 5519 3474 5573 δὲ
3501 5517 3716 5591 ψεῦδος,
3751 5516 3811 5570 in

2222 5589 2457 5650 czeteris,
2488 5588 2546 5642 δέ
2580 5589 2753 5645 deest.

2296 5659 2406 5734 (L0)
2448 5658 2594 5734 Περ,
2630 5662 2725 5734 καὶ
2762 5664 2836 5734 μὴ
2867 5665 3100 5734 ἀγνοεῖν,
3126 5663 3325 5734 desunt
3373 5661 3430 5714 iu
3463 5658 3609 5716 Fclc.
3634 5658 3689 5712 3.
3723 5655 3806 5711 Ir.-

2225 5727 2312 5785 fra'
2331 5727 2532 5802 Regius
2563 5739 2617 5789 et
2644 5727 2856 5805 Anglic.
2891 5727 2985 5786 ἐὰν
3015 5727 3397 5803 ὑποσύρωμεν.
