4008 6404
278 372 346 427 189
1341 380 1427 438 ως
1466 378 1802 436 PASSIONE
1840 378 1856 431 1

1968 376 2201 435 CRUCE
2236 375 2494 434 DOMINI.

3452 379 3547 434 130

277 493 545 564 χρημάτων
582 494 714 568 (Η)
770 500 944 568 μόνον
976 540 991 565 ,
1052 498 1186 554 ἀλλά
1218 500 1315 553 καὶ
1362 499 1524 571 μέχρι
1555 499 1714 567 λόγω
1760 498 1856 551 καὶ

1960 495 2057 551 sed
2088 497 2251 551 etiam
2289 494 2358 549 ad
2397 493 2601 557 verba,
2647 493 2714 549 ad
2769 492 3214 564 propositumque
3264 494 3544 566 pertingit.

277 584 624 655 προαιρέσεως
680 589 878 661 αὐτῆς
927 590 1143 661 φθάνει.
1188 591 1322 645 Οὐδὲ
1370 591 1480 663 γὰρ
1523 592 1577 644 et
1620 590 1703 653 τίς
1747 592 1865 644 ἐστι

277 675 400 745 πένης
428 677 796 747 χρημάτων,
849 674 1011 746 οὗτος
1058 683 1152 736 καὶ¹
1202 682 1590 754 προαιρέσεως.
1646 682 1869 752 Ἀμέλει

276 766 314 819 τὸ
349 766 482 837 μέγα
533 767 730 834 δντως
765 772 871 825 καὶ
905 772 1049 826 θεῖον
1100 773 1397 844 μυστήριον
1444 771 1602 843 ήμῶν
1636 772 1738 825 οὐκ
1770 771 1870 824 ἐπὶ

276 859 512 929 χρήμασιν
564 859 694 931 ἔχει
746 864 859 933 τὴν
892 865 1220 936 ὑπόσχεσιν,
1253 863 1368 918 ἀλλ’
1406 864 1499 918 ἐπὶ
1543 862 1867 933 προαιρέσει

274 950 437 1021 πλείῳ,
462 953 567 1005 καὶ
593 957 671 1025 τῇ
709 957 869 1011 κατά
896 957 1032 1011 Θεὸν
1063 957 1262 1011 πίστει.
1299 955 1507 1019 Πάντες
1532 954 1663 1023 γοῦν
1688 955 1861 1023 ἐπηγ-

276 1042 541 1113 γειλάμεθα
567 1085 585 1110 ν
668 1048 780 1103 καὶ
830 1050 1043 1113 πάντες
1091 1049 1256 1119 ἐσμὲν
1300 1045 1633 1115 ἐπαγγελίας
1683 1043 1861 1115 χρεῶ-

276 1151 402 1188 σται·
438 1136 594 1191 ὥστε
629 1140 869 1213 ἀνάγκη
909 1140 1219 1196 ἀποδιδόναι
1254 1138 1352 1210 τὴν
1400 1138 1498 1209 μὲν
1553 1136 1850 1208 παρθένον,

277 1227 347 1298 τὴν
398 1228 723 1299 παρθενίαν
804 1232 1004 1286 ὁποίαν
1067 1231 1161 1284 καὶ
1214 1224 1617 1299 ἐπηγγείλατο·
1656 1225 1749 1278 τὸν
1801 1223 1867 1277 δὲ

278 1320 504 1391 ἐγκρατῆ,
533 1319 644 1392 τὴν
670 1323 1046 1393 ἐγκράτειαν·
1079 1321 1206 1385 τοὺς
1238 1320 1295 1374 δὲ
1318 1322 1376 1373 ὲν
1403 1319 1587 1389 γάμῳ,
1622 1316 1722 1388 τὴν
1755 1333 1861 1370 σω-

279 1410 540 1481 φροσύνην,
575 1412 683 1465 καὶ
732 1412 840 1482 τὴν
886 1413 1026 1483 πρὸς
1060 1410 1319 1482 ἀλλήλους
1367 1409 1590 1480 ἀγάπην
1636 1408 1732 1462 καὶ
1773 1424 1858 1461 τι-

279 1500 388 1569 μήν·
421 1501 519 1556 καὶ
542 1500 712 1564 τέλος
742 1501 962 1566 πάντας
985 1504 1085 1574 τήν
1112 1503 1191 1565 είς
1212 1501 1343 1554 Θεὸν
1364 1501 1547 1553 πίστιν
1572 1500 1668 1553 καὶ
1698 1497 1860 1551 εὐλά-

277 1589 399 1641 δειαν
443 1590 541 1642 καὶ
590 1590 960 1661 δικαιοσύνην
983 1630 998 1655 ,
1044 1591 1140 1644 καὶ
1215 1589 1434 1661 ἀνδρίαν
1456 1606 1470 1621 ·
1523 1588 1610 1641 ἵνα
1661 1588 1735 1658 μὴ
1782 1587 1858 1650 ὡς

274 1680 576 1749 ἀγνώμονας
629 1683 792 1753 ἡμᾶς
834 1682 902 1735 τὸ
953 1682 1304 1753 παράδειγμα
1347 1680 1460 1733 τῶν
1504 1680 1636 1750 περὶ
1700 1680 1857 1731 Ἀνα-

273 1767 367 1818 νὲαν
398 1767 515 1837 (12)
577 1770 685 1823 καὶ
743 1769 1072 1841 Σάπφειραν
1126 1768 1428 1839 καταλάϐῃ.
1502 1768 1704 1821 Τούτου
1747 1767 1857 1836 γὰρ

1964 585 2084 642 Νοιι
2112 588 2258 643 enim
2286 584 2538 656 quisquis
2568 583 2799 649 divitiis,
2821 585 2868 641 is
2892 586 3178 656 preposito
3207 601 3412 657 pauper
3436 598 3521 642 est

1964 678 2127 733 Certe
2173 694 2302 734 vere
2341 692 2596 747 magnum
2640 676 2799 740 illud,
2828 675 3181 748 divinumque
3219 677 3543 749 mysterium

1964 778 2238 835 nostrum,
2274 785 2383 825 non
2415 770 2473 824 in
2506 768 2757 839 pecuniis
2779 767 2942 823 habet
2968 771 3409 839 promissionem,
3445 769 3543 827 sed

1963 863 2018 916 in
2053 861 2290 932 perfecto
2306 862 2589 933 proposito
2607 868 2665 917 et
2692 861 2797 916 [ide
2824 878 2953 933 erga
2981 861 3171 918 Deum.
3191 861 3392 919 Omnes
3410 878 3547 921 sane

1962 955 2353 1024 promittimus,
2396 968 2589 1008 omnes
2626 954 2741 1007 vnti
2781 953 3055 1010 debitores
3104 970 3325 1017 sumus;
3357 954 3429 1008 ita
3481 962 3545 1009 ut

1964 1060 2254 1100 necessum
2299 1046 2371 1099 sit
2403 1058 2623 1099 servare
2673 1043 2940 1113 virginem
2993 1044 3545 1116 virginitatem.qua—

1962 1135 2067 1190 lem
2109 1135 2396 1206 promisit;
2435 1135 2830 1197 continentem,
2882 1136 3305 1203 continentiam;
3350 1136 3543 1206 conju-

1961 1233 2138 1296 gatos,
2175 1225 2517 1296 pudicitiam,
2543 1234 2788 1279 mutuum
2831 1240 3101 1293 amorem,
3130 1227 3500 1297 honoremque
3522 1243 3539 1277 :

1959 1315 2179 1371 demum
2208 1332 2401 1372 omnes
2428 1314 2587 1370 (idem
2615 1322 2671 1371 et
2698 1316 3055 1370 reverentiam
3081 1333 3207 1389 erga
3237 1316 3426 1384 Deum,
3452 1318 3544 1388 ju-

1959 1407 2164 1464 stitiam
2193 1415 2249 1463 et
2269 1407 2641 1464 fortitudinem
2665 1428 2681 1477 ;
2707 1425 2777 1465 ne
2808 1425 2917 1467 nos
2940 1416 3127 1481 utpote
3156 1412 3397 1483 ingratos
3420 1425 3547 1480 per-

1960 1498 2231 1570 ﬁdosque,
2262 1500 2491 1555 Ananiae
2520 1509 2575 1556 et
2605 1500 2892 1574 Sapphira:
2909 1504 3217 1573 exemplum
3238 1503 3544 1574 apprehen-

1959 1591 2071 1645 dat.
2107 1590 2286 1661 Hujus
2309 1593 2455 1648 enim
2478 1594 2560 1649 rei
2595 1594 2966 1664 praecavenda:
2996 1594 3170 1665 gratia
3208 1595 3547 1665 apostolicus

1960 1681 2213 1736 ﬁrmatur
2252 1698 2434 1737 sermo
2472 1701 2487 1736 :
2542 1699 2565 1733 ι
2608 1681 2845 1738 Reddite
2886 1682 3146 1738 omnibus
3195 1682 3419 1738 debita:
3454 1683 3548 1736 cui

1959 1773 2214 1843 vectigal,
2240 1774 2474 1844 vectigal
2503 1792 2519 1840 ;
2550 1773 2642 1828 cui
2679 1774 2956 1841 timorem,
2988 1775 3238 1830 timorem
3326 1774 3413 1829 cui
3443 1772 3545 1827 ho-

271 1857 405 1926 χάριν
444 1856 546 1911 καὶ
569 1860 602 1913 6
635 1858 1012 1921 άποστολικὸς
1040 1857 1501 1931 προασφαλίζεται
1545 1857 1701 1927 λόγος
1723 1876 1737 1889 ·
1769 1859 1852 1911 ὃτι

1960 1880 2171 1929 norem,
2211 1864 2493 1920 honorem.
2533 1863 2752 1921 Nemini
2801 1868 3097 1937 quidquam
3143 1866 3407 1932 debeatis,
3438 1865 3547 1921 nisi

275 1967 292 1999 ι
308 1947 549 2001 ’Δπόδατε
588 1950 737 2006 πᾶσι
758 1949 861 2013 τὰς
888 1948 1131 2019 ὀφειλάς,
1154 1948 1233 2020 τῷ
1251 1948 1340 2004 τὸν
1370 1949 1534 2023 φόρον
1554 1951 1645 2003 τὸν
1668 1950 1849 2023 φόρον·

269 2034 333 2106 τῷ
359 2038 453 2106 τὴν
491 2038 672 2109 τιμὴν
713 2039 816 2109 τὴν
859 2041 1049 2111 τιμήν.
1083 2039 1290 2110 Μηδενὶ
1351 2039 1517 2110 μηδὲν
1569 2040 1811 2110 ὀφείλετε
1838 2082 1853 2105 ,

273 2129 315 2180 εἰ
342 2128 413 2198 μὴ
441 2128 505 2180 τὸ
540 2128 818 2199 ἀλλήλους
854 2131 1103 2202 ἀγαπᾷν.
1160 2151 1179 2183 ι
1210 2129 1381 2185 Τοῦτο
1416 2132 1716 2202 πεποίηκεν
1756 2133 1858 2184 αὐ-

268 2219 416 2282 τὸς“ό
459 2219 647 2274 ταῦτα
719 2221 1033 2293 κηρύττων.
1088 2223 1296 2294 Ὥσπερ
1342 2221 1455 2291 (15)
1507 2218 1600 2275 οὖν
1649 2224 1860 2293 παρῄ-

269 2310 497 2372 σιάζεται
530 2311 771 2381 γράφων
799 2329 814 2344 ·
859 2331 879 2363 ι
915 2311 1022 2365 Τὸν
1054 2311 1216 2366 καλὸν
1268 2312 1455 2381 ἀγῶνα
1512 2311 1854 2381 ἠγώνισμαι·

266 2399 347 2451 τὸν
369 2399 569 2471 δρόμον
628 2401 919 2466 τετέλεκα,
963 2400 1061 2475 τὴν
1095 2401 1275 2459 πίστιν
1308 2402 1590 2473 τετήρηκα
1614 2417 1628 2430 ·
1671 2400 1856 2454 λοιπὸν

265 2492 541 2545 ἀπόκειταί
577 2510 672 2563 μοι
710 2493 740 2545 6
771 2493 878 2562 τῆς
923 2493 1269 2563 δικαιοσύνης
1309 2494 1592 2563 στέφανος,
1634 2491 1694 2545 δν
1726 2494 1857 2546 ἀπο-

264 2581 412 2644 δώσει
442 2600 533 2653 μοι
569 2587 602 2638 6
648 2584 862 2648 δίκαιος
897 2585 1112 2657 κριτής.
1146 2606 1165 2637 ι
1215 2584 1308 2656 Μὴ
1360 2584 1706 2655 ψευσάμενος
1743 2586 1852 2657 γὰρ

1963 1964 2022 2008 ιιι
2049 1968 2149 2008 vos
2183 1964 2376 2008 mutuo
2420 1953 2745 2024 diligatis".
2788 1974 2808 2007 ι
2841 1953 2957 2010 Hoc
3005 1956 3260 2025 praestitit
3298 1955 3414 2025 ipse
3450 1956 3546 2025 qui

1962 2046 2069 2100 ista
2107 2045 2441 2115 praedicavit.
2473 2045 2653 2115 Atque
2690 2045 2814 2101 ideo
2868 2046 2983 2101 haec
3035 2047 3267 2102 ﬁdenter
3305 2048 3373 2101 de
3424 2061 3547 2102 sese

1965 2134 2227 2204 prmdicat
2254 2152 2268 2189 :
2306 2152 2324 2184 ι
2356 2132 2566 2188 Bonum
2596 2142 2874 2190 certamen
2904 2137 3135 2203 certavi,
3168 2153 3388 2191 cursum
3409 2152 3547 2191 con-

1967 2226 2258 2289 summavi,
2309 2225 2469 2280 iidem
2510 2227 2729 2282 servavi
2762 2246 2776 2281 :
2811 2228 2866 2282 in
2909 2228 3125 2297 reliquo
3171 2229 3408 2297 reposita
3460 2237 3549 2283 est

1963 2317 2097 2371 mihi
2126 2332 2331 2372 corona
2360 2316 2610 2387 justitiaa,
2648 2333 2812 2388 quam
2856 2318 3045 2374 reddet
3086 2321 3216 2374 mihi
3242 2321 3427 2389 justus
3452 2319 3544 2388 ju-

1963 2409 2065 2464 dex
2086 2412 2151 2468 “'.
2186 2430 2205 2462 ι
2242 2409 2359 2465 Non
2404 2413 2548 2467 enim
2591 2412 2827 2468 mendax
2874 2413 2930 2468 in
2964 2412 3271 2484 promissis,
3304 2410 3397 2465 sed
3422 2423 3542 2463 ser-

1959 2517 2096 2555 vans
2128 2517 2190 2557 ea
2214 2518 2335 2573 qua:
2363 2502 2472 2558 Deo
2502 2503 2778 2573 pollicitus
2808 2511 2946 2572 erat,
2976 2520 3006 2557 a
3042 2518 3173 2558 vero
3196 2511 3249 2557 ει
3277 2501 3392 2570 ipse
3426 2497 3543 2553 Deo

1956 2594 2196 2647 obtinuit
2224 2610 2330 2648 non
2352 2596 2615 2650 caducam
2642 2596 3083 2666 promissionem.

264 2673 344 2743 ἔφ’
379 2670 457 2737 οἷς
488 2676 889 2747 ἐπηγγείλατο,
950 2674 1087 2729 ἀλλά
1137 2676 1231 2729 καὶ
1273 2678 1519 2747 τηρήσας
1567 2675 1668 2747 τὴν
1722 2676 1860 2748 πρὸς
1896 2682 1988 2737 τὸν
2016 2684 2147 2738 Θεὸν
2184 2686 2493 2758 ὑπόσχεσιν,
2525 2686 2649 2757 ἔσχε
2714 2687 2805 2741 καὶ
2844 2686 3007 2751 αὐτὸς
3044 2686 3381 2741 ἀδιάπτωτον
3438 2681 3543 2753 τὴν

264 2769 592 2838 ἐπαγγελίαν
668 2771 815 2844 παρὰ
845 2769 943 2823 τοῦ
985 2769 1236 2840 ἀληθινοῦ
1268 2769 1423 2823 Θεοῦ.

324 2886 381 2939 4.
418 2886 635 2945 ὓῦκοῦν
690 2886 780 2939 διὰ
829 2886 994 2940 τοῦτο
1038 2889 1170 2957 ήμῖν
1224 2886 1583 2958 συμϐουλεύει
1637 2887 1847 2956 λέγων·

266 2994 286 3027 ι
316 2977 406 3047 Μὴ
436 2976 707 3046 ψεύδεσθε
751 2980 832 3041 εἰς
886 2976 1149 3049 ἀλλήλους
1174 2993 1191 3008 ·
1221 2997 1240 3028 ι
1286 2979 1380 3031 καὶ
1422 2978 1583 3031 πάλιν
1611 2995 1624 3008 ·
1684 2997 1701 3028 ι
1734 2980 1850 3033 Πᾶν

2032 2890 2079 2940 6.
2112 2889 2290 2956 Atque
2312 2886 2442 2941 hinc
2472 2894 2553 2941 est
2578 2887 2721 2956 quod
2748 2886 2906 2941 nobis
2939 2888 3128 2941 suadet
3161 2905 3173 2940 :
3216 2906 3233 2938 ι
3270 2886 3348 2942 Ne
3378 2905 3532 2945 men—

1957 2979 2169 3036 tiamini
2220 2978 2532 3032 invicem".
2568 2999 2587 3029 ι
2624 2975 2688 3031 Ει
2720 2993 2938 3031 rursum
2983 2996 2995 3030 :
3038 2996 3056 3027 ι
3088 2976 3262 3030 Omne
3311 2980 3537 3033 menda-

257 3065 448 3134 ψεῦδος
474 3070 541 3121 ὲκ
569 3066 670 3119 τοῦ
704 3068 976 3138 στόματος
1005 3067 1157 3138 ὑμῶν
1175 3068 1283 3139 (Μ)
1308 3068 1380 3139 μὴ
1412 3068 1844 3141 ἐκπορευέσθω.»

1958 3071 2103 3125 ciunt
2156 3086 2224 3125 ex
2257 3086 2351 3126 ore
2395 3080 2579 3125 vestro
2627 3086 2734 3124 non
2775 3067 3036 3140 procedat
3057 3070 3123 3124 ²⁰.
3160 3087 3180 3119 ι
3216 3067 3346 3121 Vult
3387 3071 3538 3125 enim

257 3158 410 3212 Θὲλει
444 3159 555 3232 γάρ
599 3161 750 3230 ἡμᾶς
794 3159 1043 3231 μιμητὰς
1084 3160 1277 3212 ἑαυτοῦ
1321 3159 1840 3230 γενέσθαιγράφων·

263 3269 283 3301 ι
318 3250 607 3322 Ἀλήθειαν
635 3250 800 3320 λέγω,
835 3251 898 3304 οὐ
929 3249 1218 3322 ψεύδομαι.
1249 3272 1268 3301 ι
1302 3250 1519 3321 Ἐπειδὴ
1550 3252 1643 3304 καὶ
1688 3250 1852 3318 εὐαγ-

257 3342 469 3408 γελικόν
521 3344 643 3396 ἐστι
675 3341 773 3396 τοῦ
807 3342 1018 3414 Κυρίου
1054 3340 1215 3412 ρητὸν
1248 3335 1387 3394 εἶναι
1426 3341 1582 3412 ήμῶν
1632 3340 1693 3393 τὸ
1721 3340 1849 3404 Ναὶ,

259 3433 372 3497 ναὶ,
397 3436 491 3486 καὶ
518 3434 585 3488 τὸ
621 3432 724 3501 Οὔ,
759 3432 845 3486 οὗ.
880 3433 1062 3504 Μέχρι
1100 3432 1291 3486 τούτου
1319 3434 1365 3485 oi
1406 3433 1463 3484 ἐν
1507 3429 1728 3504 Χριστῷ
1766 3432 1854 3501 βε-

254 3522 601 3579 ϐαιούτωσαν
638 3523 850 3579 ἑαυτῶν
882 3525 1012 3587 τοὺς
1045 3523 1255 3592 λόγους,
1294 3525 1385 3578 καὶ
1410 3526 1505 3596 μή,
1536 3525 1850 3596 περαιτέρω

259 3612 533 3682 βαίνοντες
567 3617 716 3681 “si;
769 3615 973 3687 ὅρκους
1027 3613 1459 3684 καταφεύγωμεν
1494 3631 1507 3644 ·
1557 3614 1699 3668 ὥστε
1759 3614 1851 3667 καὶ

259 3704 519 3777 φθαρτῶν
546 3706 711 3779 χάριν
734 3706 1034 3779 χρημάτων
1061 3705 1288 3775 ὀμνύναι
1307 3704 1399 3761 τὸν
1428 3705 1586 3770 Θεὸν,
1616 3704 1850 3777 μάλιστα

259 3796 504 3863 Μωσέως
528 3797 957 3869 νομοθετοῦντος
981 3814 996 3827 ο
1030 3815 1050 3849 ι
1070 3797 1144 3850 Οὐ
1169 3796 1315 3868 λήψῃ
1348 3797 1409 3854 τὸ
1446 3797 1617 3870 ὄνομα
1645 3798 1849 3871 Κυρίου

262 3889 362 3942 τοῦ
392 3890 539 3944 Θεοῦ.
553 3908 649 3944 σου
672 3891 767 3944 ἐπὶ
799 3889 1035 3961 ματαίῳ.
1062 3909 1083 3941 ι
1123 3890 1186 3944 El
1222 3890 1330 3961 γὰρ
1364 3889 1501 3953 ὅλως
1542 3890 1690 3957 ἄξιος
1713 3906 1850 3958 τυγ-

267 3981 420 4050 χάνει
478 4000 562 4046 τις
605 3980 875 4052 ὀνομάσαι
919 3981 1013 4035 τὸν
1045 3980 1209 4044 Θεὸν,
1250 3980 1562 4045 ἀξιόπιστός
1595 3983 1711 4040 ἐστι
1757 3982 1852 4036 καὶ

270 4074 433 4143 χωρὶς
480 4074 647 4145 ὅρκου
702 4070 1106 4141 πιστευθῆναι·
1150 4074 1179 4125 6
1221 4072 1330 4145 γὰρ
1378 4074 1516 4145 πρὸς
1559 4075 1620 4127 τὸ
1666 4072 1849 4144 μεῖζον

274 4166 452 4230 ἱκανὸς
490 4168 783 4238 γενόμενος
816 4164 1002 4236 πολλῷ
1046 4165 1206 4219 πλέον
1261 4165 1397 4238 πρὸς
1420 4167 1481 4219 τὸ
1513 4167 1728 4220 ἔλαττον
1759 4167 1851 4236 γέ-

272 4257 399 4308 νοιτ’
435 4257 499 4310 ἂν
552 4256 759 4321 ἱκανός.
809 4256 875 4308 ΕΞ
915 4254 974 4307 δὲ
1021 4256 1095 4326 μή
1138 4256 1285 4309 ἐστιν
1317 4255 1626 4321 ἀξιόπιστος
1679 4256 1849 4328 χωρὶς

275 4343 435 4413 ὅρκου
497 4346 876 4417 πιστευθῆναι,
922 4345 1024 4398 οὐκ
1066 4344 1211 4400 ἐστιν
1237 4346 1345 4418 ἄρα
1381 4345 1531 4413 ἄξιος
1572 4347 1690 4400 οὐδὲ
1735 4347 1846 4419 (15)

278 4438 530 4509 ὀνομάσαι
556 4441 618 4494 τὸ
648 4440 828 4511 ὄνομα
863 4439 1100 4509 Κυρίου,
1126 4440 1226 4493 οὐκ
1262 4439 1379 4493 ἐστι
1445 4440 1633 4504 πιστὸς
1670 4441 1729 4493 έν
1760 4440 1850 4495 λό-
1882 4470 1926 4525 D

278 4544 381 4599 γῳ.
410 4532 530 4594 Πῶς
557 4532 667 4602 γάρ
696 4531 838 4593 ὅλως
873 4528 1051 4599 τούτῳ
1082 4531 1419 4601 μαρτυρήσει
1448 4529 1477 4580 6
1513 4528 1642 4592 Θεὸς
1683 4528 1851 4601 ὀμνύ-

280 4639 410 4688 οντι,
441 4625 514 4696 μή
551 4626 733 4695 ἔχοντι
771 4625 986 4684 πίστιν,
1014 4624 1095 4686 είς
1125 4623 1193 4694 ἢν
1234 4624 1263 4675 ὁ
1296 4623 1500 4695 Κύριος
1540 4622 1851 4689 ὲπιὸλέπεις

291 4711 355 4767 Ἦ
383 4715 435 4767 δὲ
457 4716 622 4785 Σοφία
634 4715 834 4769 τούτου
871 4712 1085 4784 μάρτυς
1111 4713 1256 4766 ἐστὶν
1280 4715 1312 4783 ή
1336 4712 1587 4781 λέγουσα·
1620 4732 1639 4764 ι
1665 4713 1853 4783 Ἀγιον

290 4807 395 4876 γὰρ
419 4807 631 4878 Πνεῦμα
667 4806 783 4875 (16)
815 4803 1068 4867 παιδείας
1096 4803 1351 4874 φεύξεται
1376 4804 1546 4868 δόλον,
1591 4805 1685 4858 καὶ
1742 4805 1850 4858 ἀπε-

282 4900 626 4970 αναστήσεται
655 4899 770 4953 ἀπὸ
792 4895 1074 4966 λογισμῶν
1108 4896 1399 4963 ἀσυνέτων,
1435 4896 1527 4950 καὶ
1561 4897 1622 4950 οὐ
1668 4912 1853 4951 κατοι-

1956 3178 2057 3219 nos
2086 3162 2172 3219 sui
2203 3162 2509 3218 imitatores
2539 3178 2661 3218 esse
2683 3177 2807 3217 cum
2839 3161 2915 3215 ait
2945 3179 2958 3216 :
2996 3181 3015 3214 ι
3046 3159 3342 3217 Veritatem
3379 3162 3525 3229 dico,

1953 3270 2062 3309 non
2098 3255 2411 3311 mentior“.
2447 3274 2466 3307 ι
2505 3254 2738 3311 Maxime
2772 3270 2895 3309 cum
2915 3253 3046 3308 illud
3068 3253 3139 3309 sit
3160 3255 3533 3325 evangelicum

1951 3345 2167 3400 Domini
2195 3346 2423 3410 dictum,
2466 3354 2524 3400 ut
2547 3346 2619 3401 sit
2651 3352 2923 3410 nostrum,
2952 3342 3049 3409 lta,
3073 3345 3146 3398 ita
3173 3361 3189 3412 ;
3232 3342 3374 3411 Non,
3399 3361 3530 3402 non.

1954 3435 2249 3506 [lucusque
2302 3436 2398 3506 qui
2436 3451 2564 3491 vere
2594 3434 2802 3491 Christi
2843 3442 2972 3490 sunt
3003 3434 3220 3489 ﬁrment
3249 3450 3535 3491 sermones

1954 3543 2105 3591 suos,
2148 3543 2249 3582 nec
2286 3528 2429 3580 ultra
2484 3527 2761 3598 progressi
2813 3525 2882 3580 ad
2920 3526 3229 3595 juramenta
3275 3528 3536 3598 proceda-

1936 3636 2112 3696 .mus;
2152 3627 2211 3673 ut
2246 3620 2601 3689 pecuniarum
2632 3617 3069 3690 corruptibilium
3101 3632 3288 3685 causa,
3326 3617 3437 3674 Deo
3476 3620 3535 3675 iu

1952 3717 2146 3765 testem
2179 3709 2715 3779 adhibitojuremus,
2748 3724 2872 3763 cum
2906 3708 3353 3778 maximejubeat
3380 3709 3533 3783 Moy-

1953 3815 2043 3855 ses
2068 3797 2250 3853 uNon
2277 3798 2514 3868 accipies
2531 3812 2728 3851 nomen
2759 3796 2975 3850 Domini
2993 3796 3087 3851 Dei
3113 3798 3189 3851 tui
3212 3796 3528 3853 frustra“.i

1952 3891 2091 3945 Nam
2127 3891 2173 3946 si
2196 3891 2320 3961 quis
2368 3891 2527 3960 plane
2561 3889 2760 3960 dignus
2802 3896 2887 3944 est
2929 3889 3021 3959 qui
3051 3888 3220 3944 Deum
3265 3889 3531 3951 nominet.

1953 3985 2000 4039 is
2053 3983 2217 4038 etiam
2275 3982 2412 4037 citra
2467 3981 2840 4051 jnramentum
2896 3979 3001 4034 ﬁde
3040 3979 3237 4051 dignus
3289 3990 3391 4035 est.
3424 3980 3529 4051 Qui

1952 4074 2096 4130 enim
2138 4074 2205 4128 ad
2258 4072 2469 4141 majora
2520 4070 2753 4126 idoneus
2797 4070 2983 4137 fuerit,
3020 4070 3193 4124 multo
3239 4071 3411 4141 magis
3463 4071 3533 4126 all

1953 4167 2167 4219 minora
2208 4164 2440 4219 idoneus
2479 4162 2603 4217 erit.
2640 4160 2795 4227 Quod
2840 4162 2888 4216 si
2922 4159 3026 4217 ﬁde
3051 4160 3249 4232 dignus
3297 4176 3405 4215 non
3448 4169 3534 4216 est

1954 4256 2159 4327 absque
2184 4254 2536 4325 juramento;
2565 4269 2675 4309 non
2708 4260 2793 4308 est
2818 4268 2949 4323 ergo
2985 4252 3181 4324 dignus
3209 4253 3299 4322 qui
3334 4268 3531 4308 nomen

1956 4347 2170 4403 Domini
2215 4347 2553 4419 pronuntiet,
2605 4361 2707 4401 uec
2754 4354 2839 4401 est
2871 4348 2926 4400 in
2958 4346 3138 4401 verbis
3171 4350 3286 4401 suis
3317 4345 3418 4400 ﬁde
3448 4344 3534 4399 di-

1956 4455 2116 4508 gnus.
2145 4436 2429 4506 Quomodo
2458 4437 2602 4492 enim
2637 4436 2849 4506 juranti
2898 4436 3053 4491 testis
3085 4435 3260 4491 aderit
3286 4433 3452 4500 Deus,
3484 4436 3532 4493 si

1962 4531 2122 4593 ﬁdem
2148 4544 2257 4584 non
2281 4529 2466 4593 habet,
2501 4528 2556 4582 in
2582 4544 2745 4599 quam
2781 4527 2927 4583 Deus
2959 4527 3218 4598 respicit?
3239 4526 3421 4583 Testis
3448 4536 3533 4583 est

1961 4618 2083 4686 ejus
2117 4616 2419 4686 Sapientia,
2457 4632 2578 4687 quae
2620 4618 2731 4671 ait:
2770 4640 2789 4670 ι
2836 4616 3075 4689 Spiritus
3110 4618 3252 4672 enim
3306 4624 3532 4673 sanctus

1960 4709 2263 4780 disciplina:
2288 4710 2505 4779 effugiet
2533 4708 2739 4772 dolum,
2775 4716 2828 4764 et
2859 4708 3066 4763 auferet
3095 4724 3153 4765 se
3187 4723 3217 4761 a
3245 4707 3532 4777 cogitatio-

1960 4801 2125 4856 nibus
2160 4816 2282 4871 quae
2335 4808 2463 4855 sunt
2495 4800 2615 4854 sine
2660 4800 2936 4854 intellectu
2974 4815 2987 4851 :
3022 4814 3122 4852 nec
3165 4797 3429 4851 habitabit
3475 4796 3531 4848 in

1964 4907 2197 4964 corpore
2225 4892 2444 4947 subdito
2474 4891 2714 4962 peccatis
2733 4891 2798 4944 ³³.
2826 4909 2845 4942 ι
2869 4888 3047 4956 Quare
3061 4887 3323 4943 Dominus
3344 4890 3532 4940 noster

268 5094 271 5138 ῑ
352 5076 390 5117 υ
422 5077 568 5137 Rom.
608 5062 736 5141 xm,
771 5075 907 5140 7,8.
988 5076 1032 5107 ⁸⁸
1070 5074 1113 5129 ιι
1143 5075 1283 5133 Tim.
1322 5091 1397 5144 Iv,
1432 5075 1483 5142 7,
1515 5075 1570 5129 8.
1648 5072 1856 5129 "Colos

1958 5090 2038 5139 tu,
2070 5074 2123 5131 9.
2200 5074 2245 5106 ¹⁰
2284 5072 2480 5145 Ephes.
2520 5087 2593 5140 tv,
2619 5070 2709 5126 29.
2785 5068 2867 5122 ιιι
2903 5067 3044 5123 Tim.
3070 5082 3132 5129 ιι,
3169 5065 3217 5119 7.
3294 5061 3529 5118 "Exod.

255 5128 343 5259 ἔτι
363 5186 376 5211 ,
408 5128 574 5203 ’[ψῦ
611 5128 756 5219 ἒέιβ.
784 5128 871 5210 ι’,
896 5128 933 5199 ό
954 5186 969 5211 ,
1004 5145 1058 5201 5.

254 5270 297 5380 ⁸.
336 5302 440 5380 (li)
478 5303 610 5380 Reg.
648 5302 761 5380 ουκ
798 5299 933 5380 ἄχρι
967 5297 1284 5380 χρημάτων.
1331 5296 1478 5380 Fel'c.
1513 5298 1567 5360 ’5,
1600 5300 1659 5380 ορ
1700 5298 1860 5380 μέχρι

270 5365 533 5442 ῥημάτων.
559 5365 752 5442 paulo
782 5365 936 5439 post,
957 5365 1102 5442 iam;
1138 5369 1305 5442 αὐτ-ἧς
1334 5367 1546 5437 φθάνει,
1582 5365 1734 5431 οὗτος
1767 5365 1861 5422 καὶ

268 5436 659 5514 προαιρέσεως,
691 5436 914 5514 desunt
934 5439 1009 5514 _in
1045 5436 1205 5514 fele;

328 5466 417 5497 κιαι
456 5466 659 5509 εσεως,
691 5466 914 5496 υτδυιιι
955 5466 1009 5490 ιιι
1051 5466 1194 5492 ιπσιυ.
1224 5466 1277 5493 υ.

328 5466 453 5583 Uir
473 5516 551 5569 Ita
580 5512 811 5585 Regius
836 5507 1132 5585 etAnglic.
1167 5506 1306 5585 Editi
1327 5507 1560 5585 verogb
1581 5508 1708 5580 περὶ
1744 5508 1855 5560 Ἀν.

320 5576 423 5652 (13)
464 5576 1419 5652 Βεείιίεἶιεὶεηότοῦτο-κηρύττων.
1459 5579 1651 5652 Ὅπερ.

317 5645 420 5727 (Μ)
461 5660 541 5709 Ita
566 5654 719 5727 Reg.
744 5658 811 5727 et
840 5646 1060 5727 Anglic.
1096 5645 1233 5727 Eii-Eli
1264 5663 1412 5727 vero,
1449 5645 1627 5727 ήμῶν.
1657 5645 1858 5727 Mosin

248 5716 470 5787 Feie.'5,
505 5716 689 5796 ἡμᾶς’
721 5716 1105 5796 desideratur.
1156 5716 1312 5796 hic},
1352 5716 1514 5796 Basil.
1552 5726 1606 5796 e_t
1627 5718 1855 5796 fug-lic.

243 5797 489 5867 γενέσθαι
511 5787 729 5866 λέγων.
768 5789 952 5845 Paulo
974 5799 1095 5856 post
1117 5788 1266 5857 editi,
1297 5789 1411 5841 ἐστι
1432 5787 1491 5840 τὸ
1508 5787 1599 5840 τοῦ
1627 5787 1856 5857 Κυρίου,

1968 5298 2061 5354 sed
2090 5296 2153 5350 τό
2178 5293 2330 5351 deest
2359 5297 2412 5349 in
2448 5294 2640 5365 Regio.

2039 5368 2148 5433 (15)
2188 5366 2322 5419 Οὐδέ
2370 5356 2618 5419 όεεδιἾιι
2659 5362 2822 5418 Basil.
2866 5368 2934 5433 et
2961 5358 3172 5427 Anglic.
3210 5356 3353 5416 Mox.
3388 5356 3526 5433 haec,

1966 5427 2065 5490 οὐκ
2094 5427 2208 5489 ἐστι
2238 5436 2427 5507 πιστὸς
2459 5437 2515 5507 ὲν
2547 5433 2708 5507 λόγῳ,
2750 5429 2969 5503 punctis
3005 5437 3262 5483 annotata
3303 5433 3429 5482 svnt
3470 5427 3527 5481 iu

1967 5507 2101 5574 Reg,
2136 5503 2567 5576 quasidelenda.
2627 5503 2630 5507 ’
2662 5503 2670 5505 ἡ
2707 5572 2718 5576 _
3084 5567 3094 5576 .

2039 5565 2247 5646 (iiifin
2292 5572 2478 5646 Regio,
2516 5572 2755 5646 secunda
2788 5584 2952 5624 manu
2990 5566 3269 5646 scribitur,
3311 5565 3521 5634 σοφίας.

1966 5641 2392 5719 Ιιιΐιε,ἈΒεςίιιε’
2422 5650 2476 5695 ει
2518 5643 2870 5719 Anglicanus,
2916 5641 3220 5719 κατάχρεῳ,
3248 5651 3387 5719 run-1
3436 5649 3528 5719 ag-

1964 5699 2132 5770 iam;
2155 5714 2207 5767 in
2243 5699 2691 5782 antepenultinia.
2725 5699 2949 5777 Ibidem,
2978 5699 3183 5782 Be'g'ius'
3210 5699 3260 5762 et
3294 5703 3439 5761 Felc.
3468 5699 3525 5775 5,

1962 5783 2257 5859 ἁμαρτίας.
