4008 6404
513 395 611 450 191

1637 400 1693 455 5.
1735 395 2200 452 ATHANASIUS.
2240 426 2309 436 -—
2351 394 2577 450 DUBIA.

3633 392 3739 447 £92

509 512 669 568 Jesns
696 511 952 569 Christus
980 514 1049 570 ab
1078 514 1456 570 invocantibus
1484 532 1563 580 se,
1591 517 1767 586 primo
1795 515 1949 569 ﬁdem
1982 527 2077 583 po-

2191 514 2335 581 ιιήσει
2369 512 2426 563 ὲν
2475 509 2686 580 σώματι
2719 512 3007 582 καταχρέῳ
3037 510 3348 582 ἁμαρτίαις.
3379 528 3399 561 ι
3444 509 3544 562 Διά
3586 510 3744 562 τοῦτο

513 608 699 673 stnlat,
728 607 871 662 sicut
892 622 1037 662 casco
1058 607 1169 661 ait:
1199 626 1218 657 ι
1243 607 1437 663 Credis
1456 608 1602 677 quod
1637 608 1735 661 hoc
1760 608 1961 676 possim
1981 605 2076 659 tibi

511 698 794 757 facere“?
812 721 829 749 ι
850 699 1409 771 631unaticoautem
1439 700 1546 753 ait:
1570 717 1588 749 ι
1617 698 1671 752 Si
1692 698 1908 761 credas,
1931 697 2073 751 ﬁet.»

514 790 569 843 ld
591 797 767 844 autem
791 789 1041 844 Salvator
1068 790 1329 859 postulat,
1361 806 1473 844 non
1495 790 1640 861 quod
1668 790 1898 843 aliorum
1924 796 2079 858 egeat

513 880 816 935 ministerio
846 895 861 932 :
896 880 1013 948 ipse
1043 879 1244 949 quippe
1285 879 1411 935 ﬁdei
1441 878 1706 934 Dominus
1740 886 1794 933 et
1825 876 2080 948 suppedi-

514 977 657 1023 tator
683 979 800 1035 est;
836 968 929 1023 sed
981 985 1048 1024 ne
1082 971 1331 1025 videatur
1380 971 1629 1040 personis
1673 970 1997 1039 gratiﬁcari,
2026 975 2080 1021 et

511 1061 657 1130 quod
694 1062 1045 1116 credentibus
1079 1072 1285 1117 annuat
1319 1082 1331 1116 :
1367 1079 1502 1117 neve
1534 1065 1579 1117 si
1625 1064 1764 1116 citra
1789 1062 1945 1116 ﬁdem
1986 1062 2081 1114 he-

512 1152 705 1207 neﬁcia
751 1154 1040 1223 recipiant,
1089 1154 1410 1209 inﬁdelitate
1459 1154 1578 1223 ipsa
1627 1154 1899 1206 amittant.
1952 1150 2081 1204 Vult

511 1238 655 1292 enim
682 1253 847 1308 quam
898 1241 1131 1311 largitur
1163 1241 1417 1312 gratiam,
1464 1256 1803 1311 permanere,
1847 1248 1901 1294 et
1953 1255 2078 1293 cum

512 1335 692 1387 sanat.
727 1346 1010 1400 nunquam
1063 1331 1237 1386 amitti
1268 1332 1627 1387 curationem.
1676 1331 1882 1386 Caverc
1920 1331 2081 1400 jussit

513 1421 680 1490 igitur
708 1424 1067 1494 paralyticum
1096 1424 1185 1479 bis
1217 1424 1400 1479 verbis
1426 1440 1439 1475 :
1477 1442 1496 1475 ι
1532 1422 1674 1478 Ecce
1701 1440 1868 1479 sanus
1902 1423 2081 1479 factus

511 1528 593 1576 es,
627 1514 739 1568 noli
769 1514 1003 1584 amplius
1036 1530 1283 1585 peccare,
1315 1530 1383 1570 ne
1412 1516 1510 1570 tibi
1539 1516 1669 1585 quid
1690 1516 1932 1572 deterius
1950 1531 2083 1571 con-

512 1607 686 1675 tingat
702 1606 771 1662 ".
810 1625 831 1657 ι
864 1606 944 1661 Ac
972 1607 1139 1661 veluti
1184 1607 1232 1663 si
1264 1606 1388 1677 quis
1435 1608 1684 1663 medicus
1734 1609 1803 1663 ad
1848 1617 2081 1678 aegrotos

513 1697 818 1768 ingressus,
849 1698 1164 1755 sciscitatus
1196 1701 1432 1770 primum
1479 1698 1662 1765 fuerit,
1692 1716 1761 1755 an
1791 1701 1960 1756 velint
1985 1716 2082 1757 cu-

513 1787 661 1855 rari;
689 1803 757 1842 ne
787 1800 1014 1844 curante
1061 1807 1201 1855 sese,
1233 1791 1452 1861 illisque
1503 1792 1837 1858 nolentibus,
1870 1793 2084 1849 inutilis

513 1874 607 1929 ﬁat
657 1878 893 1942 curatio,
942 1877 1364 1935 adversantibus
1416 1881 1639 1951 aegrotis
1691 1882 1888 1938 medici
1946 1883 2079 1950 arti;

512 1967 587 2020 ita
620 1983 839 2039 quoque
866 1969 1132 2028 Dominus
1164 1989 1231 2027 ex
1263 1973 1524 2028 sanandis
1571 1984 1924 2044 percontatus
1971 1983 2078 2039 est,

513 2070 565 2114 et
592 2061 945 2118 credentibus
960 2063 1296 2134 gratiﬁcatns
1324 2074 1429 2129 est,
1458 2074 1520 2121 ut
1544 2084 1639 2137 per
1661 2066 1817 2121 ﬁdem
1849 2068 2082 2138 gratiam

513 2150 761 2206 obtinere
790 2163 1033 2223 possent.
1069 2154 1334 2210 Indicium
1383 2158 1527 2213 enim
1559 2159 1824 2228 propositi
1862 2158 2079 2223 animai,

512 2240 648 2298 ﬁdes
677 2250 780 2297 est.

2180 601 2273 654 καὶ
2297 602 2326 653 ὁ
2354 600 2554 671 Κύριος
2576 600 2731 671 ἡμῶν
2762 601 2969 673 Ἰησοῦς
2987 603 3218 673 Χριστὸς
3230 604 3355 665 τοὺς
3382 600 3747 670 ἐπικαλουμέ-

2183 711 2307 757 νους
2333 694 2493 746 αὐτὸν
2516 693 2696 746 πίστιν
2720 694 2941 747 ἀπαιτεῖ
2961 694 3195 764 πρῶτον,
3226 694 3301 757 ὡς
3325 692 3416 745 ἐπὶ
3430 691 3525 745 τοῦ
3539 691 3741 761 τυφλοῦ

2182 783 2385 851 λέγων·
2426 803 2444 835 ι
2486 783 2787 846 Πιστεύεις,
2820 784 2901 836 ὅτι
2928 782 3160 852 δύναμαί
3200 799 3280 834 σοι
3300 778 3748 853 (17)τοῦτοποιῆ-

2183 891 2309 938 σαι;
2335 895 2354 925 ι
2376 878 2471 928 καὶ
2488 875 2580 929 ἐπὶ
2592 874 2683 928 τοῦ
2706 876 3151 947 σεληνιαζομένου
3176 875 3231 928 δέ
3261 892 3445 944 φησιν,
3466 876 3547 928 ὅτι
3575 894 3594 925 ι
3618 874 3743 927 Ἐὰν

2180 968 2461 1040 πιστεύῃς,
2486 968 2712 1035 γίνεται.
2744 985 2762 1017 ι
2797 969 3040 1021 ’Δπαιτεῖ
3072 968 3129 1021 δὲ
3160 968 3319 1020 τοῦτο
3345 969 3374 1020 ὁ
3401 967 3613 1038 Σωτὴρ,
3645 966 3754 1019 οὐκ.

2179 1057 2479 1129 ἐπειδήπερ
2508 1057 2702 1130 ἔχρῃζε
2732 1059 2827 1129 τῆς
2858 1061 2986 1129 παρ’
3020 1059 3219 1130 ἑτέρων
3250 1058 3555 1129 συνεργίας
3584 1058 3745 1121 αὐτὸς

2182 1147 2293 1218 γὰρ
2335 1149 2430 1199 καὶ
2486 1149 2583 1219 τῆς
2635 1150 2871 1213 πίστεως
2901 1148 3103 1220 Κύριος
3154 1149 3247 1201 καὶ
3295 1148 3528 1219 χορηγός
3558 1150 3751 1201 ἐστιν·-

2184 1238 2301 1291 ἀλλ’
2325 1239 2411 1292 ἵνα
2437 1240 2508 1310 μὴ
2530 1240 2604 1303 ὡς
2627 1239 2937 1312 προσώποις
2958 1239 3312 1311 χαριζόμενος
3335 1242 3497 1308 φανῇ,
3532 1237 3646 1291 ἀλλ’
3666 1238 3746 1290 ὅτι

2180 1332 2294 1393 τοῖς
2317 1329 2658 1383 πιστεύουσιν
2689 1330 2926 1383 ἐπινεύει
2944 1347 2958 1359 ο
2986 1330 3080 1382 καὶ
3100 1330 3186 1381 ἴνα
3216 1328 3289 1399 μὴ
3321 1329 3487 1400 χωρὶς
3512 1328 3747 1391 πίστεως

2179 1422 2436 1487 δέξωνται
2457 1423 2556 1485 τὰς
2576 1422 2910 1493 εὐεργεσίας,
2933 1423 3028 1475 καὶ
3047 1424 3114 1493 τῇ
3138 1422 3364 1492 ἀπιστία
3390 1420 3593 1484 ταύτας
3639 1420 3747 1474 ἀπ-

2180 1510 2428 1564 ολέσωσι.
2459 1510 2615 1563 Θέλει
2652 1510 2761 1582 γὰρ
2781 1510 3135 1580 χαριζόμενος
3170 1509 3504 1582 παραμένειν
3521 1510 3621 1581 τὴν
3653 1509 3751 1580 χά-

2186 1622 2293 1674 ριν,
2318 1604 2413 1657 καὶ
2436 1602 2753 1675 θεραπεύων
2777 1602 3113 1657 ἀδιάπτωτον
3144 1599 3282 1655 εἶναι
3306 1603 3405 1671 τὴν
3430 1602 3748 1673 θεραπείαν.

2194 1694 2547 1765 Ἦσφαλίζετο
2567 1694 2699 1763 γοῦν
2718 1695 2811 1747 τὸν
2844 1695 3207 1765 παραλυτικὸν
3234 1695 3343 1764 (l8)
3365 1694 3539 1761 λέγων
3553 1710 3568 1723 ο
3588 1713 3606 1744 ι
3622 1693 3748 1755 Ἴδε,

2186 1787 2341 1859 ὑγιὴς
2375 1788 2622 1856 γέγονας,
2660 1786 2854 1857 μηκέτι
2886 1788 3185 1857 ἁμάρτανε,
3217 1787 3303 1839 ἵνα
3339 1786 3412 1858 μὴ
3450 1784 3632 1855 χεῖρόν
3670 1784 3751 1836 σοι

2184 1899 2236 1934 τι
2253 1881 2494 1949 γένηται.
2510 1899 2528 1930 ι
2545 1881 2654 1932 Καὶ
2669 1878 2815 1931 ὥσπε
2826 1896 2855 1950 ρ
2875 1878 2938 1931 ἄν
2952 1897 3034 1941 τις
3057 1879 3238 1950 ἰατρὸς
3254 1876 3436 1931 εἰσιὼν
3463 1877 3602 1949 πρὸς
3627 1877 3755 1940 τοὺς

2186 1973 2511 2041 κάμνοντας,
2534 1969 2856 2022 πυνθάνοιτο
2889 1969 3101 2039 πρῶτον
3122 1973 3170 2022 εἱ
3195 1969 3462 2039 βούλοιντο
3489 1968 3755 2041 θεραπεύ-

2185 2064 2361 2125 εσθαι,
2396 2062 2481 2114 ἵνα
2517 2060 2590 2131 μὴ
2630 2060 2792 2114 αὑτοῦ
2824 2061 3216 2132 φροντίζοντος,
3260 2061 3521 2114 κάκείνων
3540 2059 3613 2130 μὴ
3633 2059 3755 2128 βου-

2184 2154 2445 2224 λομένων,
2482 2151 2762 2222 ἀνωφελὴς
2796 2154 2828 2222 ἡ
2864 2151 3127 2222 θεραπεία
3179 2150 3423 2220 γένηται,
3483 2152 3754 2202 ἐναντιου-

2190 2245 2364 2317 μένων
2401 2241 2510 2295 τῶν
2546 2241 2859 2312 καμνόντων
2895 2242 3031 2313 πρὸς
3058 2242 3156 2313 τὴν
3181 2241 3274 2294 τοῦ
3304 2241 3485 2311 ἰατροῦ
3527 2242 3763 2310 τέχνηνι

507 2334 651 2388 οὕτω
687 2337 831 2390 καὶὸ
868 2337 1072 2409 Κύριος
1110 2339 1218 2392 τῶν
1270 2341 1719 2412 θεραπευομένων
1770 2341 2117 2402 ὲπυνθάνετο,
2181 2340 2275 2392 καὶ
2310 2340 2422 2400 τοῖς
2476 2334 2821 2387 πιστεύουσιν
2874 2333 3177 2405 ἐχαρίζετο,
3222 2333 3309 2385 ἵνα
3335 2336 3404 2403 τῇ
3450 2332 3629 2385 πίστει
3663 2332 3757 2385 καὶ

1892 2437 1950 2461 ἓ.-
1978 2436 2076 2461 ..3-
2109 2435 2285 2461 ,τυμζρ
2308 2433 2369 2461 -.τι

508 2425 606 2499 τὴν
651 2430 811 2502 χάριν
860 2436 1151 2503 κατασχεῖν
1196 2434 1488 2506 δυνηθῶσι.
1520 2427 1810 2509 Γνώριᾶμα
1844 2437 1954 2508 γὰρ
1978 2436 2076 2506 τῆς
2108 2435 2285 2506 ψυχῆς
2308 2433 2407 2502 τῆς
2426 2430 2793 2503 προαιρέσεως
2815 2431 2849 2500 ἡ
2880 2429 3063 2492 πίστις
3088 2428 3255 2483 ἐστίν.

579 2545 632 2599 5.
676 2547 817 2612 Quid
859 2547 1043 2618 itaque
1089 2547 1255 2604 Deum
1298 2560 1488 2607 testem
1532 2553 1829 2616 advocant,
1862 2553 1955 2623 qui
1994 2569 2082 2608 re-

2258 2550 2311 2605 5.
2347 2549 2412 2601 Τί
2440 2548 2619 2600 τοίνυν
2648 2546 2738 2599 τὸν
2770 2544 2904 2598 Θεὸν
2946 2544 3171 2597 καλοῦσι
3206 2543 3458 2615 μάρτυρα
3491 2543 3540 2595 οἱ
3572 2543 3648 2612 μὴ
3672 2542 3760 2594 πί-

509 2652 640 2693 vera
671 2637 831 2695 ﬁdem
863 2657 971 2696 non
1005 2643 1252 2697 habent?
1291 2641 1531 2713 Spiritus
1564 2644 1618 2698 in
1650 2645 1883 2701 Psalmis
1912 2657 2080 2700 testa-

2191 2658 2304 2694 στιν
2341 2640 2481 2694 κατὰ
2529 2637 2784 2710 ἀλήθειαν
2824 2634 3073 2705 ἐχοντες;
3112 2634 3186 2686 Τὸ
3222 2633 3446 2704 Πνεῦμα
3495 2634 3763 2704 μαρτυρεῖ

512 2735 642 2782 tur:
673 2747 691 2779 ι
723 2728 900 2800 Prope
945 2740 1029 2786 est
1083 2731 1349 2787 Dominus
1398 2734 1654 2789 omnibus
1700 2734 2079 2791 invocantibus

2191 2734 2243 2785 ὲν
2274 2732 2521 2802 Ψαλμοῖς
2541 2748 2554 2760 ·
2598 2749 2616 2781 ι
2640 2730 2834 2797 Ἐγγύς
2858 2727 3060 2796 Κύριος
3090 2727 3223 2779 πᾶσι
3259 2728 3373 2790 τοῖς
3396 2724 3760 2795 ἐπικαλουμέ-

513 2835 637 2875 eum
687 2822 742 2875 in
784 2822 1011 2878 veritate
1042 2824 1088 2855 "
1110 2864 1125 2887 ,
1157 2845 1174 2876 ι
1214 2840 1310 2894 per
1337 2840 1501 2895 quam
1530 2827 1701 2881 solam
1731 2826 1875 2881 Deus
1902 2833 2081 2896 potest

2191 2838 2296 2884 νοις
2331 2819 2492 2873 αὑτὸν
2525 2821 2582 2872 ὲν
2616 2817 2875 2888 ἀληθείᾳ,
2910 2836 2929 2867 ι
2967 2816 3034 2868 δι’
3066 2809 3134 2885 ἧς
3192 2814 3356 2885 μόνης
3383 2813 3757 2867 ἐπικαλεῖσθαι

515 2914 777 2967 invocari.
808 2912 951 2979 Quid
978 2916 1160 2985 itaque
1186 2923 1271 2970 est
1293 2916 1437 2987 quod
1464 2916 1518 2971 in
1546 2916 1714 2971 Deum
1737 2919 1958 2984 jurcnt,
1986 2916 2081 2987 qui

2191 2914 2405 2966 δύναται
2434 2915 2463 2966 ὀ
2495 2912 2647 2974 Θεός.
2678 2913 2839 2964 Ὥστε
2884 2910 2936 2963 τί
2989 2908 3250 2980 ὀμνύουσι
3278 2907 3410 2959 Θεὸν
3450 2906 3499 2958 οἱ
3543 2905 3682 2976 μηιίε
3701 2906 3758 2957 ἐν

513 3019 583 3058 ne
611 3003 664 3057 in
695 3005 878 3074 parvis
908 3004 1126 3075 quidem
1159 3005 1323 3060 rebus
1349 3006 1506 3060 ﬁdem
1535 3007 1770 3061 habent?
1798 3021 1920 3060 cum
1951 3006 2085 3060 alio-

2191 3010 2299 3069 τοῖς
2332 3007 2545 3077 μικροῖς
2574 3003 2755 3057 πίστιν
2787 3002 3033 3073 ἔχοντες
3080 3000 3254 3062 ἄλλως
3289 3015 3348 3051 τε
3381 2998 3476 3051 καὶ
3523 2999 3552 3050 ὁ
3595 2994 3759 3067 ὅρκος

514 3096 605 3167 qui
631 3096 1274 3167 juramentum_veritatis
1301 3099 1373 3155 sit
1402 3100 1579 3166 testis,
1598 3115 1705 3154 non
1729 3100 1888 3155 index
1916 3114 2087 3168 nego-

2190 3096 2446 3164 ἀληθείας
2471 3097 2586 3149 ἐστὶ
2622 3094 2850 3166 μάρτυς,
2882 3093 2977 3146 καὶ
3002 3092 3063 3144 ού
3084 3091 3192 3143 τῶν
3225 3088 3521 3160 χρημάτων
3550 3104 3765 3158 σημαν-

516 3191 738 3245 tiorum.
782 3188 979 3245 Jurant
1023 3192 1166 3246 enim
1200 3192 1447 3247 homines
1477 3207 1587 3246 non
1618 3208 1727 3261 quo
1758 3207 1846 3246 res
1878 3191 2085 3261 signiﬁ-

2191 3185 2355 3248 τικός.
2408 3184 2697 3256 Ὀμνύουσι
2729 3185 2839 3254 γὰρ
2873 3184 2922 3236 οἱ
2960 3181 3255 3251 ἄνθρωποι,
3286 3179 3384 3249 ούχ
3416 3178 3502 3230 ἵνα
3526 3177 3596 3229 τὰ
3618 3177 3760 3248 πρά-

517 3287 678 3344 cent,
712 3279 807 3335 sed
838 3296 949 3351 quo
975 3283 1254 3336 veritatem
1287 3281 1585 3347 alIirment,
1616 3290 1672 3337 et
1717 3291 1774 3336 ut
1816 3297 1936 3336 sese
1975 3298 2086 3336 non

517 3374 736 3430 mentiri
766 3376 1147 3431 testiﬁcentur.
1185 3374 1244 3430 Si
1289 3377 1474 3448 itaque
1508 3375 1721 3445 juranti
1769 3378 1910 3429 inest
1952 3369 2087 3431 ﬁ'des

519 3475 682 3538 atque
712 3468 916 3523 veritas
936 3509 951 3532 ,
982 3470 1110 3542 quid
1140 3486 1279 3541 opus
1305 3469 1661 3540 juramento?
1687 3467 1843 3533 Quod
1874 3468 1922 3523 si
1956 3467 2088 3524 ﬁdes

519 3566 575 3614 et
630 3560 833 3616 veritas
876 3560 1085 3631 juranti
1132 3562 1305 3626 adsit,
1353 3576 1453 3616 cur
1500 3568 1705 3614 tantam
1749 3560 2088 3615 admittimus

519 3648 883 3719 impietatem,
928 3660 986 3705 ut
1031 3652 1393 3707 humanarum
1442 3651 1864 3720 mortaliumque
1905 3663 2104 3704 rerum-

520 3757 685 3798 causa
704 3782 719 3807 ,
749 3742 918 3800 Deum
941 3784 958 3808 .
990 3746 1082 3816 qui
1124 3762 1291 3816 supra
1328 3745 1578 3800 homines
1599 3752 1684 3798 est
1705 3786 1720 3810 ,
1750 3744 1971 3798 testem‘
1994 3743 2091 3799 ad-

518 3836 822 3891 vocemus?
863 3834 999 3889 Nam
1038 3837 1086 3891 si
1130 3836 1288 3891 nefas
1349 3842 1433 3891 est
1479 3843 1757 3889 terrenum
1802 3850 1986 3904 regem
2022 3834 2091 3888 ad

519 3924 792 3978 exteriora
819 3925 1117 3978 tribunalia
1150 3934 1344 3979 testem
1375 3924 1673 3988 advocare,
1706 3931 1891 3993 utpote
1916 3924 2008 3994 qui
2036 3931 2092 3979 et

519 4014 935 4070 accusatoribus
965 4023 1019 4067 ct
1041 4014 1325 4084 judicibus
1352 4016 1425 4068 sit
1458 4016 1823 4085 praestantior,
1855 4031 1953 4069 cur
1980 4030 2092 4068 non

519 4099 722 4155 factum
753 4101 819 4155 ad
855 4117 944 4157 res
980 4101 1152 4157 laetas
1181 4102 1514 4156 advocamus
1534 4142 1549 4168 ,
1587 4102 1865 4173 Deumque
1894 4104 1964 4158 ab
1996 4105 2094 4159 ho-

518 4192 760 4248 minibus
790 4193 1071 4262 despectui
1102 4191 1290 4247 haberi
1320 4195 1623 4249 curamus?
1651 4195 1866 4265 Apage!
1891 4195 1947 4250 ld
1977 4212 2094 4251 om-

519 4301 645 4341 nem
676 4294 900 4356 superat
932 4286 1272 4355 iniquitatem
1306 4286 1721 4356 audaciamque.
1755 4288 1895 4354 Quid
1930 4290 2094 4360 igitur

520 4376 792 4446 agendum
816 4375 839 4429 ’ί
868 4374 1012 4428 Nihil
1040 4375 1187 4430 aliud
1220 4390 1354 4429 sane
1374 4417 1389 4441 ,
1424 4391 1587 4445 quam
1619 4385 1679 4430 nt
1707 4378 1776 4432 sit
1802 4386 2051 4433 nostrum
2073 4420 2088 4446 ,

521 4468 594 4521 Ita
620 4506 636 4531 ,
686 4477 800 4532 ita;
851 4464 1004 4528 Non,
1034 4481 1143 4519 non
1183 4485 1193 4517 :
1236 4474 1293 4521 et
1333 4468 1484 4522 nullo
1526 4469 1689 4541 modo
1739 4470 2087 4523 mentiamur.

2189 3295 2375 3348 γματα
2398 3276 2735 3346 σημάνωσιν,
2771 3275 2883 3328 ἀλλ’
2919 3274 3005 3327 ἵνα
3032 3272 3129 3343 τὴν
3158 3271 3413 3342 ἀλήθειαν
3441 3267 3762 3321 πιστώοων-

2189 3387 2301 3432 ται,
2334 3368 2429 3421 καὶ
2457 3369 2537 3421 ὃτι
2588 3365 2833 3435 λέγοντες
2860 3366 2921 3419 ού
2954 3365 3255 3435 ψεύδονται.
3291 3363 3351 3415 Εἰ
3383 3361 3481 3432 μὲν
3517 3356 3612 3414 οὖν
3646 3362 3771 3414 ἐστι

2189 3460 2267 3529 τῷ
2294 3457 2545 3529 ὀμνύοντι
2598 3458 2781 3521 πίστις
2821 3456 2913 3510 καὶ
2944 3456 3192 3526 ἀλήθεια,
3241 3453 3325 3517 τίς
3378 3454 3412 3523 ή
3458 3452 3618 3524 χρεία
3665 3451 3763 3505 τοῦ

2188 3547 2385 3620 ὅρκους
2417 3549 2479 3600 El
2505 3547 2562 3600 δὲ
2599 3548 2672 3618 μή
2701 3550 2846 3601 ἐστιν
2887 3548 2946 3599 ὲν
2976 3544 3123 3614 αὐτῷ
3148 3543 3347 3607 πίστις,
3372 3542 3460 3596 διὰ
3487 3543 3543 3595 τί
3567 3542 3765 3597 τοσοῦ-

2188 3654 2278 3691 τον
2297 3637 2492 3691 ἀσεϐοῦ
2500 3655 2618 3707 μεν,
2638 3638 2775 3690 ὥστε
2795 3636 2860 3689 δι’
2877 3634 3188 3706 ἀνθρώπινα
3216 3635 3309 3688 καὶ
3331 3634 3498 3703 θνητὰ
3511 3635 3602 3687 τὸν
3624 3635 3767 3706 ὑπὲρ

2190 3730 2472 3801 ἄνθρωπον
2498 3730 2630 3783 Θεὸν
2650 3728 2833 3782 καλεῖν
2867 3728 3153 3799 μάρτυρα;
3183 3728 3246 3779 Εἰ
3280 3727 3390 3799 γὰρ
3418 3727 3509 3780 τὸν
3538 3727 3765 3797 βασιλέα

2189 3822 2283 3876 τὸν
2311 3823 2404 3876 ἐπὶ
2437 3825 2541 3894 γῆς
2570 3824 2649 3885 είς
2686 3822 2754 3874 τὰ
2785 3820 2888 3886 ἔξω
2936 3820 3257 3891 δικαστήρια
3294 3819 3474 3873 καλεῖν
3511 3821 3767 3891 μάρτυρα

2194 3913 2255 3964 οῦ
2295 3911 2475 3982 θέμις,
2511 3912 2586 3975 ὡς
2627 3911 2913 3982 κρείττονα
2964 3911 3060 3964 καὶ
3111 3909 3219 3963 τῶν
3251 3910 3620 3978 ἐγκαλούντων
3656 3910 3767 3982 (l9)

2192 4002 2286 4056 καὶ
2321 4002 2430 4055 τῶν
2466 4000 2812 4064 δικαζόντων,
2845 4002 2897 4054 τί
2944 4002 3036 4055 τὸν
3061 4002 3321 4070 ἀγένητον
3348 4003 3427 4064 εἰς
3464 4001 3534 4054 τὰ
3562 4004 3769 4072 γενητὰ

2192 4093 2480 4164 καλοῦμεν,
2500 4093 2593 4147 καὶ
2616 4094 2704 4147 τὸν
2721 4092 2854 4146 Θεὸν
2871 4094 2975 4147 ὑπὸ
2998 4092 3294 4165 ἀνθρώπων
3316 4091 3576 4162 ποιοῦμεν
3597 4108 3769 4145 κατα-

2193 4183 2534 4255 φρονεῖσθαι;
2556 4186 2802 4253 Ἀπαγει
2833 4185 3003 4238 Τοῦτο
3037 4188 3214 4238 πᾶσαν
3235 4184 3561 4256 ὑπερϐάλλει
3589 4202 3772 4261 παρα-

2190 4279 2385 4350 νομίαν
2409 4278 2501 4332 καὶ
2529 4279 2750 4349 τόλμαν.
2790 4280 2855 4332 Τί
2884 4276 2975 4333 οῦν
2997 4279 3077 4331 δεῖ
3103 4281 3306 4344 ποιεῖν;
3341 4276 3504 4331 Οὐδὲν
3537 4276 3699 4330 πλέον
3733 4277 3769 4348 ἦ

2193 4367 2333 4425 εἶναι
2366 4372 2521 4442 ἡμῶν
2553 4372 2614 4425 τὸ
2644 4373 2773 4435 Ναὶ,
2804 4373 2912 4433 ναὶ,
2943 4371 3116 4425 καὶτὸ
3148 4370 3244 4428 Οῧ.
3273 4368 3332 4423 οὕ
3357 4386 3371 4399 ·
3411 4370 3505 4423 καὶ
3534 4369 3770 4422 καθόλου

2196 4464 2271 4535 μὴ
2302 4463 2610 4533 ψεύδεσθαι.
2648 4464 2834 4528 Ούτως
2865 4464 2972 4535 γὰρ
3025 4465 3183 4534 ἡμεῖς
3227 4462 3337 4533 (20)
3387 4461 3771 4532 ἀληθεύοντες,

518 4556 655 4612 Nam
684 4557 729 4614 si
760 4559 831 4611 ita
865 4572 1088 4613 veraces
1115 4558 1290 4615 simus
1310 4600 1324 4626 ,
1351 4575 1606 4632 νει-θοοιη,
1622 4560 1723 4615 hac
1751 4560 1806 4615 in
1835 4576 1894 4615 re
1919 4560 2085 4616 Deum

2195 4554 2446 4626 δόξαιμεν
2475 4556 2569 4610 καὶ
2602 4558 2659 4610 ἐν
2684 4557 2856 4625 τούτῳ
2881 4556 3159 4629 μιμεῖσθαι
3188 4555 3276 4608 τὸν
3313 4553 3488 4626 ἀληθῆ
3519 4554 3675 4609 Θεόν.

521 4647 723 4702 imitari
756 4646 1083 4702 videbimur.

589 4736 645 4792 ϐ.
686 4736 901 4807 Aliquis
934 4736 1185 4794 fortassis
1215 4738 1346 4806 erit,
1381 4740 1474 4810 qui
1507 4741 1659 4796 hisce
1703 4741 2090 4796 verosimiliter

521 4827 603 4885 sic
640 4827 1022 4883 contradicat:
1073 4828 1127 4884 Si
1165 4829 1551 4900 jusjurandum
1582 4833 1808 4887 vetitum
1854 4831 2090 4887 homini-

521 4918 625 4974 bus
652 4924 772 4980 est,
800 4925 855 4972 et
889 4918 935 4973 si
960 4919 1285 4974 abstinendo
1327 4936 1355 4975 a
1397 4922 1709 4992 juramento
1748 4922 1873 4992 quis
1914 4920 2086 4976 Deum

523 5008 805 5075 imitatur;
833 5010 963 5079 quid
992 5019 1076 5067 est
1105 5013 1251 5082 quod
1281 5013 1423 5069 Deus
1469 5013 1523 5068 in
1553 5013 1755 5067 divinis
1785 5011 2087 5083 Scripturis

520 5100 706 5172 iurare
728 5099 986 5157 dicatur?
1010 5102 1142 5158 Nam
1174 5105 1483 5160 Abrahamo
1520 5105 1757 5176 juravit,
1788 5112 1848 5159 ut
1889 5103 2085 5159 testiﬁ-

2265 4734 2316 4789 6.
2350 4734 2510 4798 Ἴσως
2539 4736 2595 4789 δέ
2633 4753 2716 4800 τις
2739 4736 2830 4788 ἐπὶ
2861 4734 3070 4797 τούτοις
3098 4734 3333 4801 εὐλόγως
3383 4730 3662 4801 ἀντιθήσει
3690 4729 3776 4783 λέ-

2193 4842 2333 4892 γων”
2362 4825 2425 4878 Ei
2451 4828 2479 4879 ὁ
2506 4826 2666 4898 ὅρκος
2694 4826 2799 4879 ἀπὸ
2824 4824 3123 4897 ἀνθρώπων
3147 4824 3469 4885 κεκώλυται,
3486 4823 3580 4877 καὶ
3609 4824 3666 4874 ὲν
3689 4822 3773 4894 τῷ

2193 4917 2269 4989 μὴ
2307 4920 2533 4988 ὀμνύναι
2561 4936 2645 4983 τις
2676 4921 2922 4991 μιμεῖται
2948 4918 3008 4971 τὸ
3041 4918 3213 4982 Θεῖον,
3248 4917 3363 4981 πῶς
3394 4916 3554 4978 αὐτὸς
3585 4916 3615 4968 ὁ
3637 4915 3775 4979 Θεὸς

2191 5010 2417 5082 ὀμνύναι
2454 5011 2670 5080 λέγεται
2722 5014 2781 5064 ἐν
2814 5014 2932 5074 ταῖς
2967 5010 3136 5074 θείαις
3170 5011 3444 5083 Γραφαῖς;
3506 5011 3618 5063 Καὶ
3660 5007 3773 5079 γὰρ

2194 5104 2289 5157 καὶ
2325 5104 2404 5174 τῷ
2440 5103 2688 5175 Ἀϐραὰμ
2720 5102 2953 5175 ὤμοσεν,
2983 5103 3171 5176 ὥσπερ
3201 5104 3295 5158 καὶ
3322 5101 3528 5172 Μωσῆς
3564 5118 3762 5175 μαρτυη

598 5275 643 5309 ⁸⁸
681 5274 870 5333 Matth.
906 5293 997 5345 ιχ,
1032 5279 1121 5336 28.
1195 5281 1241 5313 "
1279 5279 1437 5336 Joan.
1472 5298 1525 5346 v,
1562 5281 1649 5335 M.
1725 5281 1771 5312 "
1808 5280 1954 5335 Psal.
1995 5295 2177 5345 cxuv,
2222 5280 2301 5335 18.

600 5455 709 5527 (l7)
750 5458 860 5524 Σοι,
883 5467 937 5516 et
965 5476 1111 5526 mox,
1142 5461 1225 5527 δέ,
1248 5461 1447 5517 desunt
1470 5462 1524 5515 in
1554 5460 1839 5517 Basiliensi
1867 5470 1920 5516 et
1941 5458 2089 5516 Felc.

525 5526 580 5580 3.
611 5525 884 5602 inferius:
901 5525 1255 5599 Anglicanus,
1294 5532 1423 5602 παρ’
1451 5531 1643 5602 ἑτέρῳ.

600 5597 711 5672 (l8)
750 5597 825 5672 In,
854 5597 1023 5671 Regio
1058 5610 1194 5672 post
1241 5597 1632 5672 παράλυτικδν,
1682 5600 1749 5656 ad
1792 5599 2093 5668 marginem

528 5667 783 5742 additur,
806 5667 1226 5742 θεραπευθέντα.

602 5737 712 5810 (l9)
753 5734 976 5811 Regius,
1011 5741 1337 5794 καλούντων.
1365 5738 1826 5811 ΝΟΜ-ἀγένητον,
1861 5736 1937 5789 sic
1960 5734 2092 5811 edit.

529 5806 788 5868 Connnel.
816 5806 870 5867 εἰ
898 5826 1087 5866 omnes
1116 5827 1247 5866 mss.
1285 5817 1482 5883 praeter
1505 5808 1666 5863 Basil.
1693 5806 1786 5876 Qui
1809 5821 1930 5862 cuin
1960 5806 2091 5859 edit.

2197 5460 2496 5534 Parisiens.
2519 5460 2683 5534 habet
2705 5461 3015 5533 ἀγέννητον,
3039 5462 3223 5534 minus
3246 5468 3413 5534 recte.
3434 5460 3608 5534 Paulo
3625 5473 3775 5534 post,

2197 5531 2482 5605 e__regi(_nie
2522 5531 2676 5605 vocis
2720 5531 3202 5605 καταῴρονεῖσθαι,
3229 5531 3298 5585 ad
3330 5531 3639 5605 marginem
3669 5534 3795 5587 ιω-.

2194 5601 2266 5669 gii
2302 5600 2513 5672 legitur,
2542 5602 2832 5672 γράφεται,
2868 5600 2960 5655 καὶ
2991 5600 3292 5672 κρίνεσθαι.

2269 5668 2381 5741 (20)
2431 5668 2621 5742 Ἡμεῖς
2671 5668 2824 5728 deest
2850 5673 2904 5726 in
2930 5668 3140 5742 Anglic.
3174 5670 3316 5738 Mox,
3351 5668 3497 5726 Feic.
3537 5671 3591 5739 5,
3625 5670 3775 5739 δόξο-

2198 5757 2315 5811 μεν.
