4008 6404
252 359 334 416 193
1265 363 1369 447 DE‘
1390 364 1730 423 PASSlONE
1759 365 1848 422 ET
1886 364 2116 424 CBUCE
2151 367 2406 425 DOMlNl.

3399 368 3504 429 £94

249 480 333 549 ρεί,
358 478 453 530 καὶ
481 478 547 529 ὲν
586 476 845 549 ’Υμνοις
875 478 933 533 δὲ
961 480 1293 549 γέγραπταιο
1334 501 1352 532 ι
1370 483 1575 552 Ὠμοσε
1612 485 1828 554 ΚύριοςΊ

1943 489 2100 537 catur
2141 483 2351 554 Moyses
2372 485 2438 547 ³⁷,
2487 492 2540 539 et
2571 484 2625 538 in
2658 484 2883 557 Hymnis
2914 484 3174 554 scriptum
3207 492 3330 540 est:
3365 504 3384 537 ι
3409 485 3508 540 ιυ-

245 571 321 625 ιιαὶ
347 570 405 623 οὐ
455 571 1035 642 μεταμεληθήσεται·
1072 572 1143 625 Σὺ
1192 573 1369 642 ἱερεὺς
1411 576 1492 637 είς
1528 574 1621 628 τὸν
1665 572 1836 626 αίῶνα

246 661 361 716 κατὰ
381 660 486 731 τὴν
516 660 693 725 τάξιν
720 662 1079 733 Μελχισεδέκ.
1106 681 1124 714 ι
1153 664 1301 729 Δόξει
1325 663 1437 735 (2|)
1466 664 1575 737 γὰρ
1606 664 1640 734 ἣ
1662 664 1839 718 ταῦτα

247 748 495 819 μάχεσθαι
522 752 653 813 τοῖς
687 751 1142 823 προλεχθεῖσιν,ἢ
1163 754 1226 805 ἐκ
1244 753 1448 807 τούτων
1464 754 1838 826 ἐπι-τρίϐεσθαι

244 840 348 903 τοὺς
371 839 725 911 ἀνθρώπους
749 843 834 904 εἰς
854 843 1065 914 ὅρκους.
1103 842 1239 895 Ἀλλ’
1260 845 1359 897 οὐκ
1381 844 1529 898 ἔστιν
1553 844 1696 898 οὕτω
1715 861 1730 876 ·
1761 846 1837 916 μὴ

246 932 393 985 ταῦτά
431 950 521 994 τις
577 932 702 1002 (2‘2)
772 934 1058 1004 νομιζέτω.
1119 935 1246 999 Θεὸς
1302 936 1412 1007 γὰρ
1462 938 1581 991 κατ’
1628 936 1839 999 οὐδενὸς

245 1024 429 1095 ὀμνύει.
488 1024 628 1089 Πῶς
668 1027 813 1098 γὰρ,
847 1027 1007 1090 αὐτὸς
1048 1029 1251 1099 Κύριος
1298 1030 1391 1082 καὶ
1443 1029 1675 1100 ποιητὴς
1727 1028 1837 1083 τῶν

242 1117 478 1171 ἁπάντων
520 1118 852 1189 ὑπάρχων;
905 1119 1040 1171 Ἀλλ’
1086 1121 1133 1172 εί
1175 1120 1280 1192 χρὴ
1325 1120 1532 1191 τάληθῆ
1573 1121 1774 1189 λέγειν,
1806 1121 1836 1173 6

244 1206 378 1275 λόγος
402 1209 577 1279 ὅρκος
605 1210 793 1263 αὐτοῦ
821 1212 958 1275 ἐστι,
976 1210 1332 1282 πληροφορῶν
1353 1213 1482 1275 τοὺς
1512 1211 1830 1276 ἀκούοντας,

247 1301 323 1352 καὶ
352 1299 539 1352 πίστιν
568 1300 812 1372 ἑκάστῳ
848 1301 1123 1374 παρέχων,
1177 1305 1258 1357 ὅτι
1286 1303 1314 1356 ὃ
1348 1304 1715 1373 ἐπηγγείλατο
1743 1306 1838 1359 καὶ

248 1390 394 1451 λαλεῖ,
430 1391 667 1454 πάντως
696 1391 803 1444 καὶ
853 1392 1159 1463 γενήσεται.
1183 1392 1256 1444 Ού
1289 1389 1398 1460 γὰρ
1448 1391 1524 1454 ὼς
1554 1391 1837 1464 ἄνθρωπος

247 1481 410 1551 ὀμνύει
441 1481 608 1547 Θεὸς,
639 1482 767 1545 ἀλλ’
792 1485 926 1553 ἡμῖν
950 1486 977 1536 ό
1001 1482 1153 1551 λόγος
1178 1483 1340 1536 αὐτοῦ
1368 1484 1490 1537 ἀντὶ
1516 1485 1678 1555 ὅρκου
1700 1484 1837 1555 πρὸς

249 1575 483 1645 ἀλήθειαν
512 1575 770 1643 γίνεται.
838 1575 1166 1648 Ἀνθρώποις
1197 1576 1252 1630 δὲ
1284 1575 1461 1630 λαλῶν
1486 1576 1714 1647 ὀμνύναι
1749 1576 1838 1630 λέ-

248 1685 402 1735 γεται,
458 1667 559 1721 καὶ
602 1667 782 1720 τοῦτο
840 1667 1325 1738 ἀνθρωπικώτερον
1381 1667 1686 1722 λαλούντων
1725 1669 1834 1723 τῶν

247 1759 395 1826 ἁγίων
418 1775 433 1787 ·
464 1760 559 1812 ἵνα
587 1760 691 1828 ἀφ’
722 1753 805 1811 ὧν
835 1759 987 1811 αὐτοὶ
1015 1758 1258 1826 λέγοντες
1291 1758 1552 1825 ἀξιοῦσιν,
1583 1760 1691 1812 ἀπὸ
1711 1759 1833 1813 τού-

1940 572 2081 627 ravit
2097 572 2377 639 Dominus,
2395 581 2449 628 et
2461 588 2567 627 non
2592 575 2873 643 pmnitebit
2893 588 3016 628 eum
3034 589 3046 624 :
3064 572 3142 626 Tu
3165 588 3226 628 es
3252 574 3508 632 sacerdos

1940 661 1994 714 in
2036 672 2299 717 ateruum
2341 663 2641 718 secundum
2685 664 2934 718 ordinem
2962 663 3444 720 Melchisedech”.
3479 683 3502 721 ι

1938 753 2207 810 Videntur
2235 756 2383 810 enim
2411 756 2516 811 ista
2547 764 2641 810 aut
2665 771 2792 811 cum
2824 756 3201 826 superioribus
3228 770 3505 827 pugnare,

1937 848 2032 893 aut
2064 843 2266 898 isthinc
2306 843 2556 898 homines
2598 843 2666 898 ad
2706 846 3019 915 juramenta
3058 848 3360 903 assuelieri.
3398 846 3504 902 Sed

1937 947 2047 985 non
2092 933 2168 986 ita
2211 948 2271 989 se
2311 949 2401 989 res
2442 935 2602 989 habet
2636 953 2648 988 :
2679 951 2748 990 ne
2779 937 3070 1005 quisquam
3105 936 3180 990 ita
3206 938 3501 992 existimet.

1937 1022 2082 1079 Deus
2108 1026 2251 1080 enim
2283 1041 2381 1096 per
2409 1027 2681 1082 neminem
2704 1028 2875 1097 jurat.
2915 1030 3024 1095 Qui
3052 1029 3102 1082 id
3138 1028 3253 1082 ﬁeri
3289 1037 3501 1100 potest,

1936 1128 2061 1169 cum
2093 1115 2165 1169 sit
2199 1114 2463 1171 Dominus
2492 1124 2547 1170 et
2572 1117 2821 1171 conditor
2847 1119 3088 1171 omnium
3113 1118 3135 1169 ?
3172 1115 3274 1171 Sed
3302 1121 3348 1171 si
3377 1132 3506 1172 vere

1935 1206 2171 1270 dicatur,
2206 1206 2432 1260 verbum
2481 1215 2565 1262 est
2602 1208 2974 1276 juramentum
3010 1210 3191 1275 illius,
3235 1210 3382 1279 quod
3408 1224 3504 1264 au-

1935 1295 2150 1351 dientes
2179 1297 2449 1351 certiores
2480 1295 2646 1363 facit,
2670 1297 2923 1351 omnibus
2952 1297 3112 1352 ﬁdem
3140 1299 3419 1369 praebens,
3441 1313 3506 1353 ca

1937 1403 2060 1459 qua:
2083 1388 2353 1458 promittit
2382 1399 2436 1443 et
2467 1389 2729 1459 loquitur,
2761 1405 2986 1459 prorsus
3012 1389 3193 1444 futura
3217 1407 3358 1447 esse.
3383 1390 3506 1446 Non

1934 1479 2081 1535 enim
2112 1479 2263 1534 velut
2291 1479 2454 1533 homo
2483 1479 2636 1548 jurat
2675 1478 2857 1544 Deus,
2890 1481 2987 1535 sed
3033 1482 3197 1537 nobis
3233 1481 3353 1552 ejus
3383 1499 3510 1538 ver-

1935 1571 2065 1625 bum
2109 1586 2212 1641 pro
2250 1570 2565 1639 jnramento
2590 1578 2676 1626 est
2717 1572 2787 1625 ad
2826 1572 3129 1628 veritatem.
3161 1571 3297 1629 Cum
3329 1585 3511 1630 autem

1937 1664 2184 1734 loquitur
2213 1664 2530 1719 hominibus
2549 1704 2564 1727 ,
2593 1664 2785 1733 jurare
2815 1665 3062 1722 dicitur:
3094 1681 3201 1736 qua
3234 1667 3291 1722 in
3322 1683 3383 1723 re
3410 1667 3513 1721 hu-

1940 1770 2098 1809 mano
2144 1770 2296 1808 more
2339 1755 2643 1824 loquuntur
2697 1757 2897 1823 sancti,
2943 1763 3003 1810 ut
3037 1773 3106 1811 ex
3147 1757 3347 1827 quibus
3378 1758 3510 1828 ipsi,

244 1872 335 1908 των
358 1854 515 1907 αὐτοὶ
553 1852 916 1906 πιστεύσωσι
940 1852 1018 1922 τῷ
1040 1852 1283 1906 λαλοῦντι
1309 1852 1449 1922 Θεῷ.
1498 1854 1584 1916 Ὠς
1610 1854 1719 1925 γὰρ
1745 1856 1828 1907 ἀν·

1936 1849 2063 1902 dum
2088 1849 2406 1919 loquuntur,
2435 1848 2591 1903 ﬁdem
2618 1849 2932 1918 postulant,
2956 1864 3020 1904 ex
3044 1847 3238 1903 iisdem
3266 1850 3512 1919 loquenti

246 1943 457 2013 θρὼπων
481 1942 576 1996 τὸν
597 1942 770 2012 λόγον
797 1944 964 2014 ὅρκος
985 1942 1207 2013 βεὸαιοῖ,
1227 1942 1399 2006 οὕτως
1425 1941 1461 1995 ἃ
1481 1942 1678 1995 λαλεῖὸ
1699 1942 1831 2005 Θεὸς

243 2036 342 2088 ἀνθ’
368 2037 539 2105 ὅρκου
566 2033 889 2103 λογίζεσθαι
924 2034 1010 2088 διὰ
1034 2034 1094 2087 τὸ
1124 2034 1336 2104 βέϐαιον
1378 2035 1474 2087 καὶ
1501 2035 1830 2105 ἀμετάθετον

242 2127 328 2196 τῆς
352 2126 554 2196 βουλῆς
574 2124 778 2179 αὑτοῦ.
814 2125 1099 2195 Μαρτυρεῖ
1116 2124 1173 2178 δὲ
1201 2124 1279 2195 τῷ
1307 2124 1584 2194 λεγομένῳ
1605 2124 1701 2177 καὶ
1728 2125 1830 2177 αύ-

242 2217 783 2288 τὸςὸγεγραμμένος
800 2216 964 2286 ὅρκος
982 2233 997 2247 ο
1019 2234 1037 2266 ‹
1052 2217 1251 2286 Ὤμοσε
1279 2234 1297 2266 ι
1318 2215 1426 2287 γὰρ
1452 2235 1470 2267 ‹
1490 2214 1711 2286 Κύριος,
1736 2214 1832 2270 καὶ

240 2310 295 2361 ού
333 2308 889 2381 μεταμεληθήσεται,
932 2326 950 2359 ι
1002 2308 1076 2371 ὡς
1122 2307 1214 2360 τοῦ
1268 2306 1686 2378 ἀμεταμελήτου
1736 2307 1831 2361 καὶ

244 2400 443 2465 πάντως
486 2399 770 2470 ἐσομένου
810 2399 956 2453 κατὰ
996 2398 1094 2470 τὴν
1122 2398 1452 2468 ἐπαγγελίαν
1492 2399 1657 2471 ὅρκου
1696 2415 1830 2467 τυγ-

241 2495 502 2563 χάνοντος.
539 2491 727 2546 Τοῦτο
760 2492 824 2545 δὲ
855 2492 948 2545 καὶ
983 2490 1144 2554 αὐτὸς
1175 2494 1203 2544 6
1245 2490 1376 2554 Θεὸς
1422 2492 1481 2544 ὲν
1508 2494 1575 2562 τῇ
1615 2491 1829 2545 Γενέσει

247 2585 487 2655 σημαίνει
521 2584 741 2653 λέγων·
788 2600 809 2633 ι
852 2584 983 2635 Κατ’
1012 2581 1246 2652 ἐμαυτοῦ
1291 2580 1501 2651 ὤμοσα.
1523 2600 1542 2633 ι
1581 2581 1750 2635 Τοῦτο
1774 2581 1831 2635 δὲ

244 2679 333 2746 οὐχ
353 2677 519 2749 ὅρκος
553 2675 734 2728 ἐστίν.
769 2673 911 2727 Οὐδὲ
940 2672 1045 2743 γὰρ
1076 2673 1218 2725 κατά
1243 2689 1384 2734 τινος
1414 2670 1646 2742 ὤμοσεν,
1693 2672 1831 2741 ὅπερ

246 2768 362 2822 ίὸιόν
418 2770 573 2822 ἐστιν
632 2768 846 2837 ὅρκου·
898 2765 1034 2818 ἀλλὰ
1098 2764 1221 2819 καθ’
1265 2764 1488 2828 ἑαυτοῦ,
1548 2765 1684 2835 ὅπερ
1732 2762 1829 2834 τὴν

242 2858 324 2912 τοῦ
362 2860 533 2928 ὅρκου
595 2858 870 2911 ὑπόνοιαν
928 2855 1212 2925 ἐκφεύγει,
1257 2857 1352 2909 καὶ
1395 2857 1454 2909 ὲν
1500 2848 1545 2923 ᾧ
1577 2855 1829 2926 σημαίνει

241 2953 297 3005 τὸ
316 2952 530 3022 βέϐαιον
559 2951 668 3019 τῆς
691 2948 1050 3019 ἐπαγγελίας,
1089 2950 1183 3003 καὶ
1200 2947 1260 3001 τὸ
1281 2948 1476 3018 χρῆναι
1503 2948 1721 3010 πάντως
1748 2964 1831 2999 πι-

243 3043 454 3096 στεῦσαι
483 3044 582 3095 τὸν
618 3040 921 3095 ἀκούοντα.
945 3041 1126 3092 Ἔστω
1154 3038 1212 3092 δὲ
1240 3039 1332 3091 καὶ
1349 3040 1376 3090 6
1408 3038 1648 3109 ύμνῳδὸς
1693 3036 1830 3108 μάρ-

238 3150 329 3199 τυς
348 3135 455 3187 τῶν
486 3133 838 3205 λεγομένων,
870 3132 1296 3202 ἀναμιμνήσκων
1319 3130 1411 3183 τὸν
1442 3130 1592 3193 Θεὸν,
1613 3128 1828 3198 ψάλλων

1936 1938 2048 1994 Deo
2076 1941 2324 1995 credant.
2361 1939 2431 1995 Ut
2463 1954 2701 2010 namque
2742 1940 3023 1994 hominum
3063 1954 3371 1995 sermonem
3411 1938 3509 1995 ﬁr-

1935 2038 2051 2084 mat
2076 2031 2449 2100 juramentum
2476 2049 2491 2098 ;
2524 2032 2601 2084 ita
2627 2046 2749 2101 qua:
2777 2029 3020 2101 loquitur
3053 2030 3196 2087 Deus
3230 2046 3329 2101 pro
3354 2030 3511 2101 jura-

1937 2131 2124 2177 mento
2158 2122 2405 2177 habenda
2436 2128 2597 2191 sunt,
2632 2122 2704 2176 ob
2736 2122 3047 2176 ﬁrmitatem
3092 2122 3503 2177 immutabilita-

1938 2216 2154 2279 temque
2182 2209 2400 2266 consilii
2428 2209 2568 2280 ejus.
2600 2208 2859 2265 Testatur
2903 2210 2955 2263 id
2983 2209 3128 2279 quod
3155 2210 3362 2264 dictum
3387 2218 3504 2277 est,

1936 2300 2116 2371 ipsum
2140 2301 2195 2355 in
2218 2300 2500 2372 Scriptura
2521 2302 2776 2356 traditum
2795 2302 3166 2371 juramentum
3187 2320 3200 2356 :
3219 2301 3459 2358 duravit
3480 2324 3499 2355 ι

1935 2393 2079 2448 enim
2100 2391 2427 2462 (Dominus,
2456 2401 2511 2449 et
2539 2408 2647 2448 non
2681 2393 2962 2463 pmnitebit
2992 2392 3104 2464 64
3129 2409 3283 2458 eum,
3315 2410 3335 2444 ι
3362 2395 3509 2464 quod

1935 2482 2194 2537 nimirum
2239 2482 2613 2552 juramentum
2641 2483 2775 2536 illud
2805 2483 2924 2538 sine
2954 2482 3277 2552 paenitentia
3312 2483 3421 2547 sit,
3453 2493 3509 2537 et

1935 2589 2163 2645 prorsus
2182 2573 2426 2628 futurum
2454 2574 2752 2629 secundum
2779 2573 3227 2643 promissionem.
3254 2570 3367 2625 Hoc
3389 2573 3507 2642 ipse

1935 2664 2080 2720 Deus
2119 2666 2176 2721 in
2222 2663 2420 2720 Genesi
2457 2664 2660 2720 indicat
2708 2664 2793 2719 his
2840 2663 3018 2719 verbis
3048 2680 3063 2717 :
3098 2682 3116 2714 ι
3145 2662 3249 2718 Per
3281 2674 3511 2718 memet-

1936 2757 2115 2828 ipsum
2160 2757 2343 2827 juravi
2373 2759 2440 2812 ".
2478 2776 2497 2809 ι
2542 2756 2680 2811 lllud
2732 2763 2912 2810 autem
2964 2768 3309 2825 nequaquam
3351 2754 3506 2823 jura-

1936 2860 2176 2903 mentum
2204 2857 2310 2905 est.
2358 2846 2545 2919 Neque
2570 2848 2715 2903 enim
2750 2862 2847 2917 per
2877 2847 3041 2900 alium
3070 2846 3310 2916 juravit,
3357 2845 3505 2916 quod

1936 2942 2215 3012 proprium
2259 2947 2343 2995 est
2378 2940 2716 3011 juramenti;
2771 2938 2864 2994 sed
2916 2953 3013 3008 per
3044 2938 3284 3008 seipsum
3308 2977 3323 3001 ,
3359 2937 3507 3007 quod

1930 3035 2224 3101 juramenti
2266 3032 2634 3103 suspicionem
2673 3040 2952 3088 removet.
2986 3039 3054 3085 .et
3085 3045 3192 3100 quo
3238 3029 3509 3099 signiﬁcat

1939 3123 2317 3195 promissionis
2350 3123 2696 3188 ﬁrmitatem,
2739 3131 2793 3177 et
2835 3123 3069 3187 indicat,
3116 3136 3239 3177 eum
3284 3121 3377 3191 qui
3404 3135 3509 3175 au-

241 3227 331 3278 καὶ
358 3225 535 3294 λέγων
555 3202 577 3254 ’ν
616 3202 642 3274 σν
688 3222 805 3277 Ποῦ
842 3222 949 3274 εισι
979 3221 1046 3273 τὰ
1075 3220 1197 3293 ὲλέη
1233 3236 1327 3273 σου
1355 3220 1423 3273 τὰ
1450 3222 1669 3292 ἀρχαῖα,
1725 3220 1828 3272 Κύ-

1936 3215 2093 3269 dierit
2124 3215 2281 3284 plane
2312 3214 2535 3269 credere
2562 3213 2780 3269 debere.
2828 3212 3010 3268 Testis
3043 3212 3115 3267 sit
3152 3227 3340 3269 eorum
3379 3228 3504 3284 qua:

240 3334 318 3388 ριε
341 3316 474 3385 (Ξὸ),
524 3314 565 3369 ἃ
599 3312 834 3384 ὤμοσας
867 3310 947 3381 τῷ
978 3311 1140 3364 Δαῦὶδ
1169 3313 1226 3364 ὲν
1268 3314 1334 3383 τῇ
1368 3311 1593 3383 ἀληθείᾳ
1641 3327 1764 3376 σου;
1806 3329 1825 3361 ι

240 3409 311 3461 υύ
340 3409 447 3480 γὰρ
482 3407 634 3461 κατὰ
679 3408 780 3476 τῆς
827 3403 1088 3475 ἀληθείας
1127 3404 1316 3475 ὀμνύει
1356 3404 1518 3467 Θεόςο
1554 3404 1666 3457 ἀλλ’
1690 3405 1831 3476 ἆπερ

242 3498 514 3567 ἀληθεύων
554 3498 716 3551 λαλεῖ
761 3497 842 3559 ὡς
874 3496 1036 3565 ὅρκος
1064 3496 1180 3547 ἐστὶ
1203 3497 1315 3558 τοῖς
1344 3493 1651 3566 ἀνθρώποις
1698 3495 1832 3565 πρὸς

244 3591 433 3643 πίστιν.
486 3589 634 3644 Οὔτε
661 3586 756 3641 οὖν
786 3586 926 3650 Θεὸς
960 3585 1098 3639 κατὰ
1123 3587 1248 3649 τοὺς
1278 3585 1593 3657 ἀνθρώπους
1619 3585 1829 3657 ὀμνύει,

240 3682 357 3734 οὔτε
388 3684 541 3756 ἡμᾶς
573 3684 644 3736 ὲκ
692 3679 906 3736 τούτων
958 3680 1038 3741 εἰς
1078 3679 1274 3749 ὅρκους
1321 3677 1691 3749 ὲπιτρίὸεσθαι
1720 3677 1828 3748 (24)

238 3777 371 3846 χρή·
402 3775 542 3828 ἀλλὰ
577 3771 814 3827 τοιαῦτα
840 3769 1088 3840 λέγωμεν
1124 3769 1218 3822 καὶ
1249 3768 1599 3837 πράττωμεν,
1640 3766 1714 3829 ὡς
1758 3764 1830 3836 μὴ

238 3865 399 3935 ὅρκου
426 3866 645 3920 δεῖσθαι
680 3866 812 3926 τοὺς
844 3860 1160 3924 ἀκούοντας,
1180 3859 1294 3912 ἀλλ’
1328 3860 1419 3929 ἀφ’
1444 3857 1649 3912 ἑαυτῶν
1688 3857 1831 3926 ἔχειν

244 3958 310 4011 τὰ
334 3959 603 4028 λεγόμενα
633 3957 737 4025 τῆς
760 3950 1024 4023 ἀληθείας
1049 3952 1145 4021 τὴν
1175 3950 1497 4022 μαρτυρίαν.
1539 3949 1627 4002 Ἑν
1658 3947 1832 4015 τούτῳ

249 4049 351 4118 γὰρ
379 4050 550 4113 ὅντως
584 4043 953 4119 μιμησόμεθα
983 4042 1044 4095 τὸ
1076 4042 1247 4095 Θεῖον.

1932 3306 2175 3360 diximus
2210 3305 2529 3370 Psalmista,
2562 3306 2655 3375 qui
2690 3303 2801 3359 Deo
2830 3304 2972 3359 inter
3017 3304 3359 3374 psallendum
3389 3320 3503 3359 me-

1932 3399 2163 3452 moriam
2218 3404 2440 3451 revocat
2494 3397 2889 3467 promissorum
2947 3396 3033 3451 his
3087 3396 3316 3451 verbis:
3351 3393 3507 3450 «Ubi

1933 3495 2061 3541 sunt
2092 3487 2483 3541 misericordia:
2515 3495 2621 3541 tua:
2650 3488 2885 3556 antiquae
2910 3525 2925 3549 ,
2960 3486 3218 3549 Domine,
3249 3502 3386 3556 quas
3406 3485 3506 3555 jus

1932 3576 2069 3630 rasti
2113 3574 2303 3629 Davidi
2345 3576 2400 3628 in
2445 3576 2673 3630 veritate
2716 3585 2807 3629 tua
2838 3576 2927 3629 ὀἳ
2958 3594 2975 3625 ι
3010 3574 3365 3645 Nequaquam
3405 3589 3504 3644 per

1934 3673 2214 3723 veritatem
2240 3668 2391 3737 jurat
2420 3667 2562 3723 Deus
2592 3688 2604 3722 :
2638 3669 2729 3724 sed
2766 3684 2885 3739 quae
2916 3668 3004 3722 ille
3029 3669 3300 3724 veraciter
3324 3666 3504 3736 loqui-

1932 3773 2039 3821 tur.
2071 3778 2166 3831 pro
2193 3762 2503 3830 juramento
2532 3768 2660 3815 sunt
2693 3760 3005 3815 hominibus
3037 3760 3104 3813 ad
3137 3760 3320 3814 ﬁdem.
3353 3756 3500 3812 Deus

1934 3855 2116 3923 itaque
2164 3870 2272 3907 non
2314 3856 2461 3908 velut
2506 3854 2754 3908 homines
2788 3851 2974 3922 jurat,
3021 3867 3198 3921 neque
3232 3852 3359 3905 hinc
3393 3865 3495 3904 no-

1931 3946 2016 4001 bis
2057 3946 2368 4014 juramento
2416 3944 2887 4001 assuesceudum:
2937 3942 3034 3999 sed
3084 3943 3222 3999 tales
3271 3959 3372 3998 nos
3422 3942 3506 3995 ιο.

1934 4037 2151 4106 quendo
2181 4037 2498 4107 agendoque
2526 4036 2916 4099 exhibeamus,
2960 4041 3020 4089 ut
3064 4033 3342 4089 auditores
3388 4047 3499 4087 non

247 4146 430 4206 egeant
453 4138 782 4207 juramento
813 4140 1046 4197 nostro;
1085 4129 1179 4185 sed
1245 4129 1390 4185 dicta
1439 4138 1630 4185 nostra
1685 4144 1750 4183 ex
1803 4141 1923 4183 sese.
1952 4127 2194 4183 veritatis
2250 4127 2622 4181 testimonium
2673 4125 2928 4181 habeant.
2981 4124 3096 4180 Hac
3141 4126 3287 4180 enim
3337 4125 3397 4179 in
3442 4137 3504 4180 re

252 4238 401 4305 plane
427 4234 601 4290 Deum
634 4231 1000 4287 imitabimur.

316 4330 369 4381 7.
406 4329 545 4382 Ἀλλ’
578 4328 716 4389 ἴσως
764 4325 863 4378 καὶ
913 4323 975 4376 τὸ
1013 4323 1153 4377 κατὰ
1180 4322 1304 4384 τοὺς
1330 4319 1616 4382 Νινευῒτας
1649 4316 1714 4372 ἄν
1745 4332 1825 4380 τις

255 4419 642 4490 ὲπερωτήσειεν
667 4415 849 4477 οὕτως
870 4430 885 4443 ⁶
917 4413 982 4466 Ei
1008 4415 1036 4466 6
1060 4413 1215 4481 λόγος
1230 4413 1392 4481 ὅρκος
1412 4411 1528 4465 ἐστὶ
1548 4408 1641 4462 τοῦ
1669 4406 1825 4472 Θεοῦ,

2008 4313 2059 4368 7.
2104 4312 2173 4366 At
2206 4311 2458 4367 fortassis
2486 4311 2757 4382 quispiam
2785 4311 2851 4367 de
2876 4312 3040 4367 rebus
3066 4311 3207 4382 apud
3231 4310 3503 4369 Ninivitas

1934 4406 2102 4475 gestis
2134 4405 2208 4457 ita
2242 4411 2638 4474 percontetur:
2682 4403 2738 4459 Si
2789 4418 2970 4459 sermo
3010 4403 3104 4458 Dei
3128 4403 3503 4475 juramentum

255 4507 332 4561 ὅτι.
363 4509 528 4579 λέγων
564 4502 835 4577 ἀληθεύει
873 4503 967 4557 καὶ
998 4503 1058 4556 οὐ
1103 4502 1375 4572 ψεύδεται,
1405 4501 1523 4565 πῶς
1552 4497 1788 4571 εἰρηκώς
1811 4513 1825 4526 ·

1936 4506 2055 4554 est.
2108 4495 2254 4565 quod
2307 4496 2576 4549 veraciter
2624 4495 2879 4565 loquatur
2922 4502 2976 4550 et
3025 4511 3136 4549 non
3183 4496 3501 4557 mentiatur,

262 4617 281 4648 ι
294 4600 404 4654 Ἔτι
414 4602 561 4671 τρεῖς
574 4596 809 4668 ἡμέραι,
824 4593 921 4646 καὶ
934 4592 1118 4645 Νινευῒ
1131 4591 1240 4662 (‘25)
1257 4591 1791 4662 καταστραφήσεται,
1808 4606 1825 4637 ι

258 4690 317 4742 ὠ
343 4692 664 4761 πεπλήρωκε
691 4686 790 4740 τὸν
838 4683 1029 4752 λόγους
1077 4682 1216 4749 δόξει
1260 4680 1369 4752 γὰρ
1392 4681 1487 4735 καὶ
1526 4680 1683 4733 τοῦτο
1730 4678 1833 4748 μά-

265 4779 438 4847 χεσθαι
464 4780 601 4850 πρὸς
648 4777 722 4830 τὰ
766 4773 1002 4845 πρῶτα.⁹
1031 4774 1166 4825 Ἀλλ’
1193 4773 1254 4825 ού
1300 4772 1552 4841 ψεύδεται
1595 4775 1623 4826 6
1662 4770 1826 4832 Θεός·

267 4873 337 4941 μὴ
357 4872 584 4939 γένοιτοῑ
626 4869 758 4923 οὐδὲ
791 4869 820 4920 6
855 4866 1011 4934 λόγος
1040 4865 1359 4936 ἀπλήρωτος
1396 4866 1608 4935 ἔμεινεν
1643 4862 1826 4916 αὑτοῦ.

263 4962 455 5036 Τῇγὰρ
500 4957 900 5033 φιλανθρωπίᾳ
950 4956 1048 5028 τὴν
1101 4956 1269 5027 ὀργὴν
1314 4956 1576 5026 ἤμϐλυνε,
1629 4955 1722 5008 καὶ
1764 4956 1829 5024 τῇ

1934 4606 2102 4661 quare
2131 4605 2256 4644 cum
2283 4590 2509 4645 dixisset
2538 4610 2551 4645 :
2581 4608 2599 4641 ι
2624 4589 2816 4644 Adhuc
2858 4599 2968 4645 tres
3011 4589 3129 4645 dies
3153 4629 3169 4654 ,
3211 4599 3267 4645 et
3306 4589 3501 4643 Ninive

1935 4684 2281 4739 subvertetur
2310 4681 2377 4742 ³¹,
2408 4699 2426 4731 ι
2453 4695 2759 4735 sermonem
2789 4695 2895 4735 non
2924 4679 3205 4748 implevit?
3244 4677 3501 4736 Videntur

1933 4774 2077 4829 enim
2109 4773 2296 4828 isthaac
2327 4786 2570 4842 pugnare
2609 4786 2733 4825 cum
2785 4770 3236 4842 prmcedentibus.
3278 4772 3348 4824 At
3389 4785 3500 4825 non

1934 4868 2194 4919 mentitur
2228 4863 2406 4928 Deus,
2438 4863 2614 4917 absit!
2645 4878 2820 4933 neque
2851 4862 3077 4916 verbum
3106 4862 3225 4929 ejus
3258 4874 3497 4930 unquam

1933 4953 2262 5022 completum
2294 4966 2406 5007 non
2434 4960 2535 5006 est.
2571 4950 2683 5007 Suo
2710 4953 2854 5007 enim
2884 4967 3011 5023 erga
3040 4952 3286 5006 homines
3312 4962 3498 5005 amore

326 5118 367 5150 "
398 5116 527 5174 Gen.
568 5131 729 5180 χιιι,
769 5110 863 5166 16.
940 5109 985 5142 ⁸⁸
1016 5108 1161 5165 Psal.
1195 5123 1319 5173 (ιιι,
1353 5109 1408 5163 4.
1485 5110 1530 5141 ³⁸
1568 5107 1706 5164 Gen.
1740 5123 1828 5161 xx:

1936 5105 2013 5160 l6.
2090 5107 2134 5139 ³ο
2172 5105 2318 5162 Psal.
2354 5123 2629 5171 Lxxxvm,
2666 5108 2752 5164 50.
2830 5108 2872 5139 ²¹
2912 5106 3035 5162 Jon.
3073 5122 3158 5171 ιιι,
3194 5107 3250 5161 4.

324 5288 420 5363 (2i)
456 5289 582 5354 Alii,
625 5285 787 5363 ξόξῃ,
831 5280 1116 5363 Ξιίἰλδόξει
1154 5280 1385 5363 habent.
1413 5280 1554 5363 Mox,
1598 5278 1824 5363 Regius,

250 5351 586 5426 Anglicanus,
623 5351 786 5412 Felc.
833 5352 889 5414 '5,
933 5351 1267 5414 Basiliensis,
1304 5351 1338 5421 ἢ
1370 5354 1433 5405 ὲκ
1463 5351 1666 5426 τούτων
1703 5351 1826 5402 επι-

247 5421 540 5495 τρὶὂεσθαι,
573 5421 659 5483 ’ίη
722 5431 1009 5495 postremo
1055 5429 1271 5495 tamen,
1324 5421 1578 5495 secunda
1626 5433 1823 5495 manu,

244 5488 647 5570 ἐπιτρέπεσθαι,
692 5488 761 5570 ut
793 5494 1032 5570 habet-ur
1053 5491 1107 5545 in
1127 5490 1531 5570 editis-adubia
1566 5488 1750 5570 lectio.

310 5557 409 5634 (2'2)
450 5572 545 5626 Sic
589 5568 814 5635 Regius
850 5557 1088 5635 et_Fel_c.
1126 5561 1180 5616 5.
1215 5559 1365 5635 Editi
1396 5570 1611 5635 veroet
1634 5557 1824 5635 caeteri

240 5618 740 5711 mafﬁﬁécﬁﬁtﬁi’h
765 5630 950 5711 ταῦτα
980 5630 1045 5697 γέ
1068 5647 1189 5692 τις..
1215 5618 1420 5686 Ῑιιὶἀειί
1449 5626 1691 5686 Felc..5.
1725 5644 1822 5682 κο-

239 5701 923 5783 μιξξέεωηὶτοίνὸμὶζέτω·
969 5769 981 5783 .
1065 5769 1082 5783 .
1175 5768 1209 5783 ..
1403 5766 1517 5783 ..ην
1574 5768 1589 5783 .
1644 5780 1687 5783 Α
1749 5750 1806 5783 ,ιι

304 5766 782 5853 ξῦίίξύριεώει
810 5774 867 5825 in
901 5769 1021 5825 solo
1053 5768 1375 5840 Anglicano,
1403 5766 1548 5834 Mox,
1574 5768 1715 5831 hac,
1747 5767 1822 5819 οὐ

1930 5278 2212 5352 γὰρᾲκατὰ
2254 5279 2357 5350 τῆς
2401 5278 2676 5352 ἀληθείας,
2722 5280 2995 5352 habentur
3028 5277 3082 5332 in
3116 5277 3417 5352 Anglicano
3446 5290 3503 5336 et

1932 5350 1986 5402 in
2009 5349 2191 5419 Regio
2216 5349 2471 5407 -seCunda
2492 5349 2687 5413 manu,
2718 5351 3211 5418 desideranturque
3248 5351 3303 5403 in
3336 5361 3498 5407 caete-

1930 5419 2008 5472 ris
2042 5426 2096 5471 et
2129 5422 2183 5472 in
2215 5422 2400 5475 editis.

2001 5487 2115 5558 (24)
2155 5487 2231 5541 Ita
2265 5489 2491 5560 Regius,
2526 5487 2691 5543 Basil.
2724 5489 2941 5560 Anglic.
2981 5495 3037 5543 et
3068 5486 3218 5546 Felc.
3262 5487 3317 5542 3.
3356 5486 3504 5544 Editi

1925 5573 2090 5630 vero,
2112 5559 2516 5630 ἐπιτρέπεσθαι.

1930 5628 2115 5751 665(25)
2152 5624 2377 5698 Regius,
2412 5627 2635 5696 Νινευή,
2679 5635 2733 5683 et
2775 5628 2855 5682 sic
2897 5624 3152 5686 inferius.
3191 5628 3314 5685 Mox
3341 5625 3503 5703 Aegi.

1991 5713 2077 5751 μη.
2623 5731 2626 5735 .

1991 5713 2077 5770 sii-
2623 5731 2626 5735 '
