4008 6404
583 347 689 402 193

1582 292 1590 299 4
1700 337 1774 394 ’8.
1814 332 2283 393 ATHANASIUS.
2326 367 2393 378 —
2436 334 2664 393 DUBIA.

3728 324 3831 383 1936

584 462 722 515 iram
774 458 1076 529 mitigavit,
1130 455 1409 527 magisque
1460 453 1526 509 ad
1575 456 1949 525 pmnitentiam
2004 453 2159 508 Nini-

2276 452 2519 524 μετανοίᾳ
2549 450 2657 505 τῶν
2691 448 2987 503 Νινευῖτῶν
3012 447 3209 517 μᾶλλον
3234 438 3533 515 Δἐπέϐλεψεν
3558 443 3672 516 (26)
3700 444 3735 516 ἢ
3765 448 3832 516 τῇ

582 554 820 608 vitarum
871 550 1143 620 respexit,
1185 546 1463 617 quam-ad
1510 547 1822 617 praecedens
1850 554 2153 618 peccatum.

585 639 771 711 Neque
812 641 920 695 tale
960 638 1052 693 Dei
1080 638 1307 692 verbum
1335 644 1492 698 erat,
1537 637 1699 705 quasi
1748 645 1870 705 post
1918 636 2159 689 triduum

576 731 957 789 subvertenda
987 738 1131 784 esset
1161 725 1358 781 Ninive
1389 744 1402 779 :
1440 725 1537 780 sed
1565 727 1777 785 tribus.
1814 727 2026 790 aiebat,
2061 740 2159 779 vos

572 823 780 877 diebus
812 819 1093 875 sustinebo
1121 857 1136 881 ,
1181 822 1242 870 ut
1286 816 1547 871 dilatione
1593 817 1879 880 triduana,
1928 815 2161 870 facultas

572 920 733 968 ‘esset
778 910 1115 982 paenitendi,
1166 916 1260 963 aut
1304 909 1732 980 subsequentem
1784 918 1975 979 postea
2021 907 2161 960 iram

572 1002 843 1074 eligendi.
890 1000 1032 1066 Quid
1065 1014 1303 1071 namque
1333 1001 1410 1054 ait
1438 1000 1705 1070 propheta
1731 1000 1755 1052 ?
1780 1018 1798 1050 ι
1829 1000 2021 1054 Adhuc
2050 1006 2164 1052 tres

587 1095 726 1157 dies,
756 1100 811 1147 et
836 1090 1029 1147 Ninive
1053 1092 1417 1147 subvertetur.
1447 1110 1465 1143 ι
1484 1091 1602 1146 Non
1627 1092 1702 1144 ait
1725 1110 1737 1145 :
1758 1090 1891 1146 Post
1920 1091 2160 1144 triduum

576 1187 979 1249 ‘subvertetur;
1010 1186 1057 1239 si
1086 1185 1232 1240 enim
1274 1186 1348 1239 ita
1380 1185 1644 1247 dixisset,
1688 1186 1763 1238 ita
1807 1184 2032 1237 omnino
2082 1181 2164 1235 fa-

574 1286 736 1333 ctum
754 1277 948 1333 fuisset
963 1296 977 1333 :
991 1276 1141 1340 sed,¢
1168 1277 1361 1331 Adhuc
1380 1286 1493 1332 tres
1510 1277 1648 1338 dies,
1668 1284 1721 1331 et
1745 1276 2093 1329 subvertetur
2113 1291 2158 1327 ει

574 1374 649 1422 att
674 1383 798 1423 cum
827 1366 1057 1429 diceret,
1088 1385 1107 1417 ι
1135 1366 1336 1429 adhuc,
1358 1386 1382 1418 τ
1403 1367 1750 1422 tolerantiam
1780 1366 1873 1420 Dei
1905 1366 2168 1435 intellige-

575 1475 774 1515 remus
804 1477 820 1527 ;
853 1459 908 1512 in
939 1459 1300 1515 subversione
1330 1467 1512 1514 autem
1535 1498 1552 1522 ,
1585 1459 1722 1513 iram
1764 1474 1887 1529 qua:
1928 1466 2052 1528 post
2080 1466 2167 1511 to-

588 1551 875 1607 lerantiam
903 1549 1086 1605 futura
1113 1560 1273 1615 erat,
1307 1550 1413 1606 nisi
1444 1551 1852 1622 resipiscerent.
1876 1549 1992 1606 Nisi
2020 1550 2165 1605 enim

590 1646 664 1699 ita
694 1659 755 1698 se
774 1657 874 1699 res
904 1643 1188 1699 habuisset
1212 1685 1228 1708 ,
1255 1650 1309 1699 et
1341 1644 1389 1699 si
1422 1659 1529 1699 non
1556 1684 1571 1707 ,
1603 1653 1662 1698 ut
1693 1644 1947 1698 homines
1989 1642 2169 1714 poeni-

2260 544 2367 616 πρὸ
2389 542 2593 614 ταύτης
2612 541 2875 613 ἁμαρτίᾳ.
2902 542 3013 594 Καὶ
3042 542 3071 592 6
3091 541 3246 607 λόγος
3268 539 3325 592 δὲ
3344 538 3438 592 τοῦ
3464 537 3602 591 Θεοῦ
3625 537 3726 608 οὐχ
3745 536 3837 591 οὔ·

2259 654 2370 700 τως
2400 631 2491 707 ἦν,
2522 635 2664 689 ὥστε
2700 635 2837 706 μετά
2867 636 3162 707 τριήμερόν
3177 634 3587 705 κατασκαφῆναι
3613 634 3716 705 τὴν
3738 633 3839 687 Νι-

2261 726 2411 779 νευῖ·
2436 724 2551 778 ἀλλ’
2582 726 2664 777 ὅτι
2702 726 2852 794 τρεῖς
2892 723 3104 793 ἡμέρας
3158 721 3310 791 ὑμῶν
3343 721 3635 791 ἀνέξομαι·
3665 720 3754 773 ἵνα
3780 721 3839 773 ἐν

2261 822 2326 889 τῇ
2361 819 2526 889 ἀνοχῇ
2556 817 2664 871 τῶν
2695 814 2862 887 τριῶν
2903 813 3141 885 ἡμερῶν,
3183 811 3430 877 ἐξουσίαν
3463 811 3627 883 ἔχωσι
3681 827 3841 880 μετα-

2261 910 2473 980 νοῆσαι,
2504 909 2538 979 ἢ
2574 909 2672 980 τὴν
2702 906 2843 979 μετά
2870 906 3042 958 ταῦτα
3067 905 3237 976 όργὴν
3265 903 3605 970 ἐκλέξασθαι.
3637 903 3703 956 Τί
3730 904 3839 973 γάρ

2261 1016 2426 1071 φησιν
2462 1000 2492 1052 6
2526 999 2848 1070 προφήτηςς
2884 997 3038 1048 «Ἔτι
3066 998 3214 1067 τρεῖς
3255 995 3483 1065 ἡμέραι,
3515 996 3609 1048 καὶ
3652 993 3839 1047 Νινευῖ

2260 1094 2807 1165 καταστραφήσεται.
2844 1110 2864 1141 ι
2895 1090 3008 1143 Οὐκ
3040 1084 3192 1142 εἶπε·
3240 1088 3393 1142 Μετὰ
3437 1090 3588 1158 τρεῖς
3626 1086 3839 1159 ἡμέρας

2264 1186 2777 1253 καταστραφήσεται
2807 1180 2917 1251 (27)
2938 1196 2951 1209 ·
2980 1181 3029 1232 εί
3060 1180 3168 1250 γὰρ
3197 1177 3284 1238 ἂν,
3315 1178 3556 1247 ἐγεγόνει
3580 1177 3797 1240 πάντως
3821 1193 3836 1206 ·

2263 1275 2378 1329 ἀλλ’
2402 1294 2420 1326 ι
2446 1276 2565 1328 Ἔτι
2590 1278 2739 1345 τρεῖς
2760 1273 2983 1345 ἡμέραι,
3011 1273 3106 1325 καὶ
3118 1269 3762 1341 καταστραφήσεται·ιῖν⁹
3780 1272 3840 1322 ὲν

2269 1371 2366 1438 μὲν
2390 1366 2491 1437 τῷ,
2532 1386 2550 1417 ι
2587 1366 2688 1431 ἔτι,
2730 1385 2748 1417 ι
2788 1364 3062 1433 λέγεσθαι,
3096 1365 3194 1437 τὴν
3223 1365 3420 1436 ἀνοχὴν
3450 1364 3722 1435 ἐννοῶμεν
3743 1362 3838 1417 τοῦ

2263 1458 2421 1520 Θεοῦ,
2447 1460 2505 1511 ἐν
2532 1458 2589 1511 δὲ
2620 1460 2687 1528 τῇ
2718 1458 3043 1525 κατασκαφῇ
3074 1457 3172 1527 τὴν
3200 1456 3339 1527 μετὰ
3375 1456 3474 1526 τὴν
3511 1456 3733 1526 ἀνοχὴν,
3788 1457 3838 1508 εξ

2270 1550 2344 1621 μὴ
2376 1551 2781 1621 μετανοήσαιεν,
2824 1550 3192 1621 γενησομένην
3230 1549 3400 1620 ὀργήν
3433 1547 3566 1616 (28).
3606 1547 3759 1601 Ἐπεὶ
3790 1549 3841 1600 εί

2271 1640 2347 1711 μὴ
2383 1640 2569 1692 τοῦτον
2590 1637 2705 1709 εἶχε
2731 1640 2822 1693 τὸν
2848 1639 3066 1711 τρόπον,
3100 1640 3193 1693 καὶ
3235 1639 3524 1710 μετανοίας
3543 1640 3704 1711 χάριν
3733 1640 3841 1692 τῶν

587 1734 819 1791 tentiam
850 1742 1110 1805 agerent,
1143 1735 1210 1789 ad
1245 1744 1357 1790 tres
1387 1735 1602 1791 distulit
1629 1735 1749 1790 dies
1769 1775 1784 1795 .
1813 1735 1949 1805 quid
1992 1733 2163 1790 Deum

2276 1730 2570 1803 ἀνθρώπων
2599 1733 2895 1805 ὑπερέθετο
2918 1733 3018 1798 τὰς
3044 1736 3194 1804 τρεῖς
3232 1734 3467 1805 ἡμέρας,
3515 1734 3571 1786 τί
3594 1735 3688 1788 τὸν
3711 1733 3843 1789 Θεὸν

590 1796 916 1887 cohibebat:
971 1796 1106 1898 quin
1162 1828 1346 1882 statim
1396 1826 1629 1883 Niniven
1678 1796 2033 1883 destrueret?
2082 1827 2165 1881 An

2276 1796 2476 1877 ἐκωλυε
2498 1825 2592 1878 καὶ
2615 1796 2872 1898 παραὶ)τά
2894 1796 3067 1897 1:th
3072 1796 3204 1878 ινευῖ
3225 1796 3487 1881 ἀπολέσαι
3504 1843 3518 1892 ;
3537 1828 3841 1893 Ἀσθένειας

577 1918 982 1973 imbecillitas?
1007 1919 1191 1989 Apage
1219 1921 1233 1973 !
1267 1919 1321 1973 id
1351 1934 1420 1974 ne
1447 1919 1504 1973 in
1539 1926 1775 1974 mentem
1809 1918 2032 1990 quidem
2064 1933 2167 1973 no-

575 2018 761 2066 stram
792 2013 994 2067 veniat.
1032 2012 1294 2066 Dominus
1322 2012 1467 2066 enim
1501 2012 1765 2066 virtutum
1788 2054 1804 2077 ,
1835 2022 1890 2067 et
1920 2011 2081 2067 fortis
2111 2019 2167 2067 et

590 2114 784 2174 potens
822 2111 907 2159 est
951 2102 1113 2159 Deus.
1162 2106 1244 2157 An
1288 2103 1596 2174 ignorantia
1629 2104 1861 2159 istarum
1892 2119 2075 2159 rerum
2109 2104 2164 2158 in

578 2210 756 2249 causa
787 2194 931 2250 fuit?
959 2210 1059 2249 nec
1089 2195 1389 2266 quidquam
1418 2195 1690 2264 ejusmodi
1722 2196 1942 2250 dicatur
1969 2214 1982 2249 :
2015 2195 2168 2250 novit

592 2289 737 2341 enim
767 2287 949 2340 omnia
973 2295 1266 2358 antequam
1308 2285 1527 2340 ﬁant".
1546 2285 1691 2353 Quid
1717 2287 1901 2357 itaque
1916 2287 2168 2357 cogitan-

591 2377 722 2433 dum
752 2386 957 2443 restat,
1002 2380 1107 2434 nisi
1153 2380 1622 2451 longanimitatem
1674 2387 1728 2435 ct
1776 2381 2163 2451 benignitatem

592 2469 865 2524 Domini?
910 2485 1073 2538 quam
1136 2485 1261 2525 cum
1336 2480 1527 2526 nosset
1590 2471 1858 2542 propheta
1887 2512 1902 2533 ,
1952 2471 2164 2541 primo,

578 2561 795 2614 'missus
825 2560 1037 2631 aufugit
1064 2600 1078 2623 ,
1112 2560 1378 2625 secundo,
1410 2576 1508 2633 pro
1528 2560 1850 2616 defensione
1876 2561 2014 2615 dixit
2039 2580 2053 2615 ι
2074 2581 2102 2613 ¹ε
2123 2561 2167 2616 Ο

594 2650 821 2706 Domine
843 2690 859 2714 .
901 2668 1085 2707 nonne
1125 2653 1242 2707 haec
1285 2662 1416 2707 sunt
1448 2654 1613 2708 verba
1645 2669 1766 2707 mea
1790 2692 1807 2717 ,
1836 2668 1961 2708 cum
1991 2653 2170 2709 adhuc

590 2759 770 2799 essem
800 2744 855 2799 in
887 2753 1033 2799 terra
1068 2746 1230 2800 mea?
1258 2744 1556 2817 Pr0ptcrea
1586 2746 1967 2816 pmoccupavi
1997 2755 2057 2800 ut
2087 2746 2169 2800 fu-

595 2846 775 2905 gerem
810 2834 863 2889 in
896 2832 1158 2899 Tharsis,
1188 2835 1318 2905 quia
1359 2836 1598 2892 sciebam
1622 2875 1638 2896 ,
1673 2836 1818 2904 quod
1851 2845 1911 2889 tu
1942 2835 2022 2890 sis
2060 2836 2171 2891 cle-

592 2942 752 2983 mens
781 2937 834 2983 et
862 2929 1177 2985 misericors
1196 2971 1211 2994 ,
1242 2930 1455 3000 patiens
1477 2938 1531 2984 et
1552 2930 1736 2985 multa:
1764 2929 2167 2994 miserationis,

591 3026 648 3074 et
677 3020 969 3090 ignoscens
997 3036 1162 3091 super
1193 3021 1431 3075 malitias
1462 3020 1529 3077 ³³.
1561 3038 1580 3071 ι
1608 3020 1766 3092 Fugit
1807 3034 1937 3077 vero
1964 3018 2169 3083 Jonas.

594 3125 706 3166 non
738 3111 884 3181 quod
917 3119 1247 3183 repugnaret
1294 3112 1444 3179 Deo;
1486 3112 1850 3183 dolebatque,
1881 3128 1990 3169 non
2021 3113 2171 3185 quod

599 3204 877 3257 laetaretur
923 3202 992 3258 de
1035 3202 1402 3257 Ninivitarum
1440 3204 1651 3268 exitio;
1704 3204 1800 3259 sed
1841 3204 1892 3259 id
1940 3205 2170 3275 agebat,

598 3295 745 3362 quod
774 3293 1139 3349 Ninivitarum
1172 3295 1592 3351 sollicitudinem
1630 3304 1861 3367 gereret.
1901 3296 2175 3353 Metuebat

597 3388 743 3442 enim
793 3401 862 3442 ne
904 3386 1178 3442 incertum
1229 3387 1352 3457 ejus
1403 3404 1713 3443 sermonem
1758 3390 2172 3455 existimarent,

592 3492 764 3554 atque
795 3484 871 3538 ita
898 3482 1157 3553 deinceps
1204 3484 1510 3555 inciperent
1559 3485 1841 3555 prophetis
1889 3501 2001 3540 non
2051 3502 2175 3541 cre-

599 3577 729 3632 dere
750 3616 765 3642 ,
799 3577 894 3632 sed
928 3576 1032 3631 fide
1061 3592 1251 3632 carere
1278 3579 1557 3632 videretur
1584 3579 1935 3648 propheticus
1964 3596 2172 3635 sermo.

598 3668 726 3723 ldeo
768 3668 1022 3722 videlicet
1048 3669 1497 3733 contristabatur,
1522 3680 1625 3723 uta
1652 3670 1877 3725 Domino
1893 3672 2178 3726 convince-

595 3769 773 3824 retur,
816 3770 982 3830 atque
1004 3761 1085 3817 sic
1106 3764 1364 3816 omnibus
1385 3761 1640 3817 Ninivitis
1660 3764 1833 3832 palam
1860 3763 2034 3828 fieret,
2065 3780 2174 3821 non

598 3851 744 3921 quod
767 3853 1095 3907 mentiretur
1119 3854 1419 3923 propheta;
1440 3853 1535 3907 sed
1557 3853 1627 3907 ob
1649 3852 1738 3909 Dei
1759 3855 2173 3925 benignitatem,

586 3944 705 4016 65
739 3944 948 3998 veniam
980 3943 1237 4000 Nmivitis
1268 3945 1439 4000 fuisse
1471 3946 1995 4002 concessam.Norat
2030 3948 2177 4001 enim

600 4038 655 4090 in
690 4036 878 4100 verbo,
907 4056 925 4087 ι
959 4038 1156 4097 adhuc.
1189 4057 1209 4088 ι
1239 4036 1329 4091 Dei
1356 4039 1821 4108 longanimitatem
1852 4041 2175 4112 significari.

597 4128 669 4181 Et
695 4128 784 4181 hic
812 4144 930 4183 mos
959 4139 1042 4183 est
1062 4128 1260 4183 divina:
1290 4128 1606 4200 Scriptum,
1634 4139 1695 4186 ut
1719 4147 1843 4187 cum
1874 4149 2028 4187 suam
2053 4134 2175 4187 lon-

594 4220 973 4291 ganimitatem
1026 4216 1167 4275 Deus
1216 4222 1457 4277 indicare
1507 4225 1775 4289 voluerit,
1821 4240 1919 4294 per
1945 4240 2132 4280 vocem
2159 4266 2175 4291 ,

607 4330 627 4363 ι
652 4312 831 4365 adhuc
854 4352 869 4375 ,
893 4331 913 4364 ι
941 4327 1061 4366 eam
1097 4314 1372 4379 declaret;
1407 4323 1465 4368 ut
1496 4331 1618 4369 cum
1648 4331 1745 4386 per
1776 4314 1971 4372 Isaiam
2004 4317 2137 4370 dicit
2162 4336 2174 4371 :

608 4423 628 4457 ι
667 4404 809 4471 Quid
841 4405 1017 4459 adhuc
1061 4406 1253 4459 faciam
1281 4407 1452 4462 vinea:
1487 4423 1638 4472 meae,
1670 4415 1724 4463 et
1757 4424 1867 4461 non
1898 4407 2000 4462 feci
2023 4408 2108 4463 3‘?
2149 4429 2167 4459 ι

2277 1916 2528 1983 Ἀπαγεί
2564 1916 2700 1987 μηδὲ
2731 1919 2812 1980 είς
2838 1916 2963 1970 νοῦν
3001 1934 3130 1970 ποτε
3159 1917 3318 1971 τοῦτο
3348 1918 3441 1972 τὸν
3473 1917 3741 1991 ἡμέτερον
3762 1920 3846 1972 ἐλ-

2272 2008 2374 2061 θοι.
2407 2007 2612 2080 Κύριος
2632 2007 2742 2081 γὰρ
2770 2008 2878 2062 τῶν
2904 2008 3185 2080 δυνάμεων
3205 2009 3301 2063 καὶ
3326 2011 3544 2080 ἰσχυρὸς
3565 2013 3661 2065 καὶ
3692 2012 3848 2067 δυνα-

2268 2101 2363 2164 τός
2388 2103 2534 2154 ἐστιν
2562 2103 2591 2154 ό
2619 2101 2773 2165 Θεός.
2823 2099 2964 2153 Ἀλλ’
2979 2101 3170 2169 ἄγνοια
3188 2100 3296 2153 τῶν
3319 2101 3572 2173 πράξεων
3588 2105 3844 2173 ἐκείνων;

2276 2192 2410 2265 μηδὲ
2426 2192 2584 2246 τοῦτο
2598 2191 2867 2261 λεγέσθω·
2894 2188 3003 2245 οἶδε
3022 2192 3130 2265 γὰρ
3146 2191 3215 2245 τά
3234 2192 3411 2248 πάντα
3431 2196 3561 2266 πρὶν
3580 2198 3848 2264 γενέσεως

2264 2282 2472 2337 αὐτῶν.
2509 2283 2575 2337 Τί
2600 2279 2695 2337 οὖν
2734 2282 3084 2337 ὑπολείπεται
3113 2287 3255 2337 νοεῖν
3282 2285 3315 2356 ἢ
3344 2286 3732 2357 μακροθυμίαν
3755 2292 3850 2343 καὶ

2274 2374 2686 2446 φιλανθρωπίαν
2710 2374 2805 2427 τοῦ
2834 2374 3106 2428 Δεσπότου
3132 2391 3147 2439 ;
3174 2376 3242 2446 ἢν
3271 2376 3366 2428 καὶ
3393 2378 3422 2429 6
3450 2380 3736 2452 προφήτης
3759 2383 3851 2434 ἐπι

2277 2467 2584 2538 ιστάμενος,
2604 2466 2799 2535 ἔφευγε
2825 2467 2924 2537 μὲν
2950 2467 3406 2540 ἀποστελλόμενος
3428 2469 3490 2521 τδ
3530 2471 3766 2542 πρῶτον,
3790 2475 3850 2526 τὸ

2273 2560 2524 2632 δεύτερον
2544 2561 2604 2616 δὲ
2629 2560 3061 2631 ἀπολογούμενός
3091 2577 3274 2631 φησιν’
3300 2557 3398 2615 ιὮ
3431 2564 3626 2635 Κύριε,
3650 2567 3744 2635 οὐχ
3767 2560 3853 2620 οὗ·

2275 2671 2357 2708 τοι
2388 2656 2439 2708 οί
2489 2654 2637 2724 λόγοι
2678 2671 2802 2725 μου,
2852 2654 2931 2707 ἔτι
2960 2653 3111 2717 ὄντος
3145 2672 3244 2725 μου
3275 2657 3334 2707 ἐν
3361 2658 3425 2725 τῇ
3453 2659 3524 2726 γῇ
3580 2674 3720 2728 μου;
3762 2659 3851 2712 διὰ

2275 2746 2433 2802 τοῦτο
2462 2746 2780 2818 προέφθασα
2803 2745 2899 2799 τοῦ
2929 2750 3118 2815 φυγεῖν
3137 2750 3215 2810 είς
3233 2748 3484 2819 Θαρσεῖς,
3500 2749 3636 2802 διότι
3660 2750 3848 2819 ἔγνων,

2276 2840 2357 2893 ὅτι
2388 2841 2451 2893 σὺ
2480 2840 2724 2911 ἐλεήμων
2745 2840 2840 2894 καὶ
2871 2840 3188 2912 οἰκτίρμων,
3207 2841 3555 2913 μακρόθυμος
3577 2844 3673 2896 καὶ
3694 2843 3852 2896 πολυ-

2278 2932 2445 2996 έλεος,
2489 2934 2583 2986 καὶ
2622 2933 2897 3003 μετανοῶν
2942 2934 3035 2987 ἐπὶ
3080 2936 3199 2997 ταῖς
3236 2935 3471 2998 κακίαις.
3501 2936 3751 3004 »Ἐφυγε
3793 2937 3851 2988 δὲ

2290 3028 2494 3093 Ἰωνᾶς.
2519 3029 2618 3098 οὐχ
2635 3027 2709 3090 ὡς
2738 3028 3030 3097 ἀντιλέγων
3058 3027 3135 3097 τῷ
3164 3028 3282 3098 Θεῷ
3299 3045 3315 3060 ·
3338 3030 3434 3082 καὶ
3462 3028 3735 3095 ἐλυπεῖτο,
3752 3033 3851 3101 οὐχ

2280 3121 2356 3184 ὡς
2377 3123 2467 3174 ἐπὶ
2482 3124 2548 3193 τῇ
2570 3120 2815 3193 ἀπωλείᾳ.
2831 3121 2938 3174 τῶν
2964 3123 3011 3174 Ν
3016 3121 3256 3174 ινευῖτῶν
3276 3121 3483 3194 χαίρων
3499 3138 3513 3152 ο
3535 3122 3675 3175 ἀλλά
3697 3122 3853 3176 τοῦτο

2278 3211 2451 3267 ἐποίει
2480 3212 2567 3266 διὰ
2590 3212 2691 3284 τὴν
2722 3212 3018 3265 Νινευῖτῶν
3050 3212 3393 3283 κηδεμονίαν.
3434 3212 3715 3282 Ἐφοῦεῖτο
3746 3216 3851 3286 γὰρ

2282 3306 2355 3377 μὴ
2380 3306 2632 3369 ἀϐέϐαιος
2671 3307 2801 3377 παρ’
2816 3307 2997 3368 αὐτοῖς
3028 3305 3278 3375 νομισθῇ,
3316 3307 3408 3359 καὶ
3439 3305 3626 3359 λοιπὸν
3648 3306 3856 3377 ἄρξων-

2276 3407 2367 3443 ται
2396 3390 2509 3461 (29)
2551 3389 2746 3461 μηκέτι
2775 3391 3080 3460 προφήταις
3114 3389 3407 3453 πιστεύειν,
3448 3390 3584 3444 ἀλλά
3628 3392 3853 3456 ἄπιστος

2279 3482 2603 3553 παράὺτοῖς
2634 3482 2662 3532 6
2702 3480 3037 3553 προφητικὸς
3071 3479 3228 3546 λόγος
3270 3481 3515 3552 γένηται.
3570 3481 3670 3536 Διά
3700 3483 3855 3537 τοῦτο

2273 3575 2408 3644 γοῦν
2434 3576 2525 3629 καὶ
2554 3574 2656 3645 ὴθύ
2665 3591 2856 3645 μησεν,
2892 3574 2978 3626 ἵνα
3001 3574 3226 3645 ἐλεγχθῇ
3255 3574 3405 3647 παρά
3431 3576 3524 3628 τοῦ
3562 3578 3852 3638 Δεσπότου,

2278 3668 2373 3722 καὶ
2404 3666 2636 3739 φανερὸν
2651 3670 2762 3730 τοῖς
2783 3668 3085 3731 Νινευῖταις
3116 3670 3233 3721 ἐκεῖ
3253 3671 3387 3721 πᾶσι
3414 3667 3660 3739 γένηται,
3684 3671 3764 3723 ὅτι
3794 3674 3853 3724 οὐ

2275 3762 2364 3816 διὰ
2391 3761 2452 3815 τὸ
2481 3760 2785 3831 ψεύσασθαι
2805 3761 2895 3813 τὸν
2923 3762 3205 3832 προφήτην
3226 3761 3359 3832 (50),
3377 3762 3513 3816 ἀλλά
3543 3762 3632 3816 διά
3667 3764 3855 3831 φιλαν-

2278 3853 2524 3925 θρωπίαν
2544 3852 2636 3905 τοῦ
2658 3853 2791 3905 Θεοῦ
2813 3851 3221 3925 συγκεχώρηται
3235 3856 3345 3915 τοῖς
3362 3854 3857 3927 Νινευῖταις.’ῌδει

2279 3947 2391 4017 γὰρ
2408 3948 2464 3999 ἐν
2480 3948 2545 4017 τῇ
2568 3963 2587 3994 ι
2609 3944 2689 3997 ἔτι
2722 3944 2896 4010 »λέξει
2911 3943 3312 4015 σημαινομένην
3328 3945 3854 4015 μακροθυμίανβί).

2279 4041 2390 4092 Καὶ
2414 4039 2572 4091 τοῦτο
2593 4039 2689 4109 τῆς
2717 4036 2868 4099 οείας
2894 4038 3115 4109 Γραφῆς
3148 4038 3260 4089 ἐστι
3287 4037 3348 4088 τὸ
3374 4036 3516 4098 ἔθος.
3554 4037 3724 4091 Ὅταν
3748 4038 3859 4107 γὰρ

2276 4130 2376 4203 τὴν
2399 4130 2591 4185 ἐαυτοῦ
2626 4130 3005 4202 μακροθυμίαν
3040 4128 3323 4199 σημαίνειν
3355 4129 3517 4201 ἐθέλῃ
3540 4130 3568 4181 6
3596 4130 3749 4194 Θεὸς,
3767 4131 3859 4184 διά

2278 4225 2377 4294 τῆς
2398 4224 2597 4291 λέξεως
2624 4223 2746 4293 τῆς,
2779 4241 2798 4274 ι
2835 4224 2936 4286 ἐτι,
2978 4241 2996 4273 ι
3030 4221 3232 4292 ταύτην
3262 4220 3625 4290 ἀπαγγέλλει·
3651 4221 3725 4286 ὡς
3759 4223 3860 4276 ἐὰν

2279 4317 2414 4390 λέγῃ
2450 4316 2537 4370 διὰ
2570 4317 2668 4389 μὲν
2697 4316 2791 4369 τοῦ
2824 4317 3043 4369 Ἡσαΐου
3070 4333 3083 4345 ·
3122 4335 3139 4365 ι
3177 4315 3241 4367 Τί
3287 4314 3368 4367 ἔτι
3398 4316 3610 4385 ποιήσω
3639 4316 3715 4386 τῷ
3750 4317 3861 4387 ἀμ·-

2281 4408 2481 4461 πελῶνί
2527 4426 2649 4479 μου,
2677 4409 2770 4460 καὶ
2798 4409 2898 4461 οὐκ
2927 4406 3158 4477 ἐποίησα
3183 4405 3328 4478 (52);
3367 4425 3386 4457 ι
3433 4406 3521 4459 διὰ
3551 4406 3609 4459 δὲ
3634 4406 3728 4459 τοῦ
3755 4406 3862 4460 Ἱε-

598 4511 701 4565 per
736 4496 1023 4551 Jcremiam
1061 4511 1193 4551 vero
1229 4516 1242 4551 :
1279 4514 1298 4545 ι
1339 4496 1465 4552 Ideo
1500 4498 1680 4551 adhuc
1719 4498 2045 4571 contendam
2078 4513 2168 4553 vo-

2283 4504 2475 4578 ρεμίου
2493 4518 2507 4533 ·
2538 4522 2556 4554 ι
2579 4502 2677 4556 Διά
2706 4502 2863 4555 τοῦτο
2898 4502 2974 4555 ἔτι
2994 4501 3331 4573 κριθήσομαι
3359 4500 3496 4573 πρὸς
3514 4502 3679 4571 ὑμᾶς,
3707 4500 3862 4568 λέγει

599 4589 814 4646 hiscum
844 4590 896 4644 in
922 4590 1152 4661 judicio,
1174 4590 1307 4644 dicit
1326 4590 1586 4647 Dominus
1602 4591 1669 4643 ³⁸.
1698 4610 1715 4639 ι
1755 4581 1931 4646 Verbo
1960 4598 2163 4655 autem,

2276 4598 2500 4670 Κύριος.
2536 4616 2556 4649 ι
2587 4598 2675 4650 Ἑν
2708 4596 2764 4649 δέ
2785 4594 2862 4665 τῷ
2888 4595 3087 4664 λέγειν,
3122 4614 3140 4645 ι
3165 4593 3264 4656 ἔτι,
3300 4614 3318 4646 ι
3340 4593 3579 4647 δείκνυσι
3610 4595 3707 4666 τὴν
3727 4594 3862 4647 ἐαυ-

668 4767 715 4800 "
758 4766 893 4824 Dan.
926 4785 1059 4833 xut,
1094 4767 1184 4823 42.
1261 4768 1305 4800 ³³
1343 4765 1466 4823 Jon.
1505 4781 1580 4830 tv,
1610 4766 1669 4823 2.
1744 4766 1791 4799 “
1828 4767 1933 4822 lsa.
1965 4785 2017 4833 v,
2052 4769 2107 4826 4.

2276 4769 2463 4826 ΙιῚὈῐη.
2500 4782 2540 4823 ll
2565 4812 2580 4833 ,

674 4944 786 5015 (26)
830 4944 1161 5000 Basiliensis.
1205 4952 1260 5017 et
1316 4942 1536 5017 Anglic.
1580 4943 1793 5016 ἔϐλεψε.
1826 4943 1996 5001 Paulo
2026 4958 2172 5017 post,

595 5013 735 5085 mg.
770 5013 950 5086 prima
994 5031 1180 5089 manu,
1225 5014 1367 5069 ὥστε
1412 5013 1552 5089 μετά
1595 5013 1743 5089 τρεῖς
1780 5018 1990 5089 ἡμέρας
2021 5013 2176 5089 ὖμῶν

600 5085 886 5157 ἀνέχομαι,
927 5087 1170 5175 secunda
1218 5103 1369 5175 vero,
1404 5085 1734 5175 ςμετὰ
1772 5085 1922 5172 τ’ρεξξ
1961 5085 2177 5175 ᾖμέρας

568 5155 1049 5231 Nemesim
1094 5157 1192 5231 τὴν
1246 5157 1447 5231 Νινξυτ·
1500 5155 1610 5231 ἀλλ’
1659 5155 1928 5231 eaad;
1962 5155 2177 5231 ἡμέρας

601 5227 757 5296 ὑμῶν
785 5226 1070 5296 ἀνέχομαι,
1100 5226 1317 5296 vnlgata
1347 5226 1458 5294 jam
1519 5226 1649 5279 otint
1692 5226 1829 5279 LXX
1883 5226 2176 5290 Ιθριῖοζέτι

602 5299 752 5366 τρεῖς
778 5297 1001 5368 ἡμέραι,
1024 5312 1128 5368 pro
1150 5298 1576 5367 τεσσαράκοντα,
1599 5296 1665 5350 ad
1690 5297 1803 5368 haec
1832 5315 2003 5368 usque
2037 5310 2175 5354 tent-

604 5382 735 5435 pora
769 5365 828 5420 in
854 5365 1060 5421 Graecis
1100 5366 1292 5420 Biblits
1324 5365 1647 5436 pet-mansit.
1686 5365 1935 5424 Justinus
1965 5370 2041 5422 ait
2069 5384 2172 5423 suo

598 5445 850 5506 tempore
882 5440 934 5491 in
967 5438 1091 5491 aliis
1116 5437 1521 5504 exemplaribus
1566 5438 1764 5491 lectum
1811 5441 2000 5499 fuisse,
2044 5456 2167 5491 τεσ-

605 5508 915 5579 σαράκοντα
937 5509 1105 5577 τρεῖς,
1136 5510 1191 5579 in
1214 5507 1336 5579 aliis
1365 5523 1516 5571 vero,
1541 5511 1707 5579 τρεῖς.
1743 5507 1953 5577 Dialog.
1985 5518 2169 5579 contra

609 5575 930 5647 Tryphonem
974 5575 1096 5646 pag.
1132 5577 1255 5631 554.
1287 5576 1421 5633 Vide
1451 5575 1594 5633 ideui
1628 5575 1956 5634 Theodorei.
1989 5580 2044 5632 in
2074 5577 2169 5631 Jo-

609 5659 689 5700 llae
715 5663 835 5700 can.
865 5663 943 5700 ut.
977 5664 1027 5699 ν.
1059 5649 1111 5700 4.

601 5659 689 5702 nae
715 5663 835 5707 cap.
865 5663 943 5707 ιιι,
977 5664 1027 5699 v.
1059 5659 1111 5700 4.

676 5663 1409 5790 ἕῆρῖὶιὲὲἱιῖέ,ῶᾸηειίοειιιιιε
1440 5727 1495 5771 et
1532 5716 1680 5790 Felc.
1728 5719 1780 5781 5,
1811 5718 2172 5790 κατασκαφὴ-

602 5802 775 5840 σεται.
803 5789 934 5841 Ibid.
974 5786 1082 5841 duo
1114 5786 1395 5855 postremi,
1433 5790 1492 5841 οὐ
1526 5789 1634 5858 γὰρ
1664 5789 1921 5855 ἐγεγόνει.

2284 4952 2465 5089 ﬁlis)
2504 4951 2726 5022 Regius.
2760 4952 3107 5024 γιγνομένηνο
3145 4953 3303 5024 Αη8¹·
3336 4959 3390 5007 οι
3426 4949 3578 5008 ῖθῖθ·
3618 4954 3671 5020 δ’
3707 4970 3864 5022 τιν⁰“

2352 5041 2467 5089 νην.

2352 5041 2467 5092 νην.

2351 5091 2461 5161 (29)
2500 5091 2855 5163 Anglicanus,
2891 5092 3150 5163 ἄρωνται.

2266 5194 2282 5208 ο
2350 5160 2462 5236 (2’39)
2504 5160 2816 5236 [icit-limati.
2852 5164 2904 5221 '5.
2931 5160 3040 5233 ’τὴν
3070 5162 3431 5236 προφητείαν.

2351 5233 2463 5317 (ἵξί)
2514 5231 2676 5317 Ἐοιιξ..
2713 5232 2769 5287 5.
2806 5231 3145 5317 ἀεῖηγάρ.λ’.
3167 5231 3591 5317 ,μακροθυμίαν
3638 5235 3871 5317 εἰδέναι.

2277 5300 2451 5375 Paulo
2472 5310 2596 5375 post
2627 5302 2790 5375 idem,
2826 5300 2996 5357 ἐθέλει
3024 5300 3051 5359 ό
3080 5300 3231 5369 Θεόςζ
3251 5300 3394 5367 Mox,
3430 5300 3549 5375 τῆς,
3581 5316 3727 5368 ante,
3754 5308 3873 5368 ἔτι,

2276 5374 2431 5427 deest
2466 5372 2839 5443 iniBasiliens.
2870 5386 2924 5429 et
2963 5375 3249 5443 Anglican.

2347 5442 2460 5512 (52)
2497 5442 2641 5515 llaec.
2675 5444 2769 5496 καὶ
2790 5446 2890 5499 οὐκ
2914 5446 3166 5515 ἐποίησα,
3206 5448 3407 5501 desunt
3440 5446 3495 5500 in
3522 5447 3687 5501 Basil.
3717 5444 3876 5501 Pau-

2276 5513 2499 5588 l_9_pnst,
2524 5513 2746 5588 Regius,
2769 5515 2982 5588 Anglic.
3013 5513 3068 5570 et
3089 5516 3232 5588 εἰς.
3265 5516 3338 5588 5,,
3357 5518 3443 5570 Ἑν
3469 5518 3540 5588 δὲ-
3560 5517 3636 5588 τῷ
3658 5519 3872 5585 λέγειν.

2279 5583 2420 5657 ζεξᾱιιὶ
2468 5596 2523 5638 et
2556 5586 2761 5646 caeteri,
2808 5583 2894 5638 Ἐν
2918 5585 2993 5657 ,δέ
3037 5586 3116 5657 τῷ
3151 5583 3244 5641 οὖν
3285 5586 3483 5655 λέγειν.
3517 5583 3687 5643 Paulo
3713 5583 3876 5657 post,

2281 5604 2420 5637 nutu
2468 5604 2523 5638 et
2556 5604 2761 5646 caeteri,
2826 5604 2894 5638 rw
2937 5604 2993 5638 οε
3037 5605 3116 5657 τῳ
3151 5604 3244 5641 ουν
3288 5604 3483 5655 Λεγειν.
3518 5604 3687 5643 ιἰιιιιο
3793 5604 3851 5643 ιιι

2281 5652 2413 5726 lieg.
2441 5664 2496 5707 et
2529 5657 2683 5725 Angl.
2714 5656 2990 5726 Χεττιείμ.
3032 5658 3175 5719 Mox,
3212 5657 3343 5725 Reg.
3382 5660 3589 5726 Anglic.
3620 5668 3675 5716 et
3710 5604 3855 5716 R11:

2282 5724 2335 5786 5,
2367 5725 2427 5778 Εί
2467 5726 2541 5798 μὴ
2575 5724 2967 5798 μακροθυμεῖν,
3000 5730 3206 5784 omisso
3239 5724 3436 5781 τοίνυν.
