4008 6404
230 366 331 424 ’197

1252 365 1344 425 DE
1381 370 1713 428 mssroxn
1754 358 2111 427 nr‘cuucs
2140 365 2400 426 aetum.

3402 368 3504 422 198

245 485 321 538 τοῦ
361 482 710 559 ἀγαθότητα
746 489 842 543 καὶ
882 489 1094 561 ἀνοχὴν.
1157 490 1317 556 Λέγει
1349 486 1458 559 γάρ
1483 502 1497 516 ο
1538 506 1559 538 ι
1585 486 1835 540 Διέλθετε

1945 505 1962 539 ι
2001 488 2199 552 adhuc,
2241 506 2260 538 ι
2294 500 2448 543 suam
2478 482 2717 540 ostendit
2741 482 3033 541 bonitatem
3064 490 3118 539 et
3146 483 3517 539 tolerantiam.

248 579 422 648 νήσους
469 580 757 650 Χετιεὶμ,
804 581 898 634 καὶ
943 583 1022 644 εἰς
1062 579 1254 651 Κηδὰρ
1304 578 1688 643 ἀποστείλατε,
1745 581 1840 633 καὶ

251 668 383 721 ἴδετε.
421 689 442 720 ι
472 670 542 723 Εἰ
567 670 769 725 τοίνυν
797 672 872 742 μὴ
899 671 1266 743 μακροθυμεῖν
1316 669 1526 740 ἠθελεν,
1561 670 1679 722 οὐδὲ
1702 687 1842 741 παρ⁴

244 760 463 825 αινέσεις
505 762 712 827 αὐτοῖς
764 763 965 817 ἐδίδου·
989 762 1125 815 ὥστε
1156 760 1399 822 διελθεῖν,
1417 762 1511 813 καὶ
1538 760 1842 824 διελθόντας

258 852 422 922 μαθεῖν
456 853 528 904 ὲκ
562 853 686 905 τῶν
716 854 979 907 ἐναντίων
1018 853 1116 923 τὴν
1155 852 1291 924 πρὸς
1333 852 1392 904 τὸ
1424 850 1587 905 καλὸν
1614 850 1841 923 σύγκρι-

255 939 354 998 σιν.’
383 943 617 1013 ’Δμέλει
654 945 797 997 ὅταν
841 944 1035 1015 μηκέτι
1067 941 1473 1014 μακροθυμίαν,
1530 940 1643 994 ἀλλ’
1671 941 1842 1011 ὀργὴν

258 1036 285 1104 ἠ
317 1032 513 1103 πρᾶξις
563 1034 820 1088 ἑκάστου
859 1034 1241 1106 προσκαλεῖται
1269 1032 1400 1104 ('55),
1468 1031 1657 1086 λοιπὸν
1705 1033 1842 1084 απο-

256 1124 479 1194 φαίνεται
539 1124 779 1194 λέγων·
841 1145 860 1178 ι
924 1125 1116 1179 Οὐκέτι
1144 1125 1348 1178 ἀνοίσω
1406 1123 1507 1187 τὰς
1567 1123 1841 1195 ἁμαρτίας

253 1214 398 1279 ὑμῶν.
438 1233 459 1265 ι
494 1216 604 1266 Διὰ
628 1214 690 1267 δὲ
724 1214 823 1268 τοῦ
865 1208 989 1280 ὧδε,
1023 1233 1042 1266 ι
1073 1214 1277 1277 οὐκέτι,
1308 1233 1326 1265 ι
1354 1214 1601 1284 ῥήματος
1650 1230 1844 1283 σημαι-

251 1306 480 1375 νομένου,
506 1305 768 1360 δείκνυσι
812 1306 1063 1378 φανερῶς
1100 1308 1198 1377 τὴν
1239 1307 1366 1376 περὶ
1400 1305 1508 1357 τῶν
1545 1303 1841 1358 Νινευῖτῶν

250 1397 573 1469 δηλουμένην
608 1397 707 1451 διὰ
738 1399 836 1452 τοῦ
859 1399 992 1470 (54),
1036 1418 1054 1450 ι
1089 1397 1191 1461 ἔτι,
1233 1417 1251 1449 ι
1304 1395 1707 1468 μακροθυμίαν,
1748 1397 1842 1450 καὶ

249 1488 325 1541 τοῦ
353 1488 518 1556 λόγου
536 1488 645 1560 τὴν
676 1488 964 1561 ἀλήθειαν.
1001 1489 1285 1542 Ἀδύνατον
1325 1488 1431 1559 γὰρ
1478 1484 1548 1559 ἦν
1584 1487 1659 1559 μὴ
1711 1487 1844 1559 ἀλη-

246 1579 418 1632 θεῦσαι
450 1579 557 1645 τὸν.
581 1580 727 1633 Θεὸν
769 1580 1016 1648 λέγοντα,
1053 1580 1148 1634 καὶ
1180 1581 1338 1650 μόνον
1367 1580 1710 1651 βουλόμενον.
1744 1580 1845 1634 Διά

245 1668 382 1724 τοῦτο
397 1670 478 1742 τῷ
494 1670 771 1743 ’Δϐραὰμ
788 1672 1267 1743 ἐπαγγειλάμενος,
1290 1674 1389 1726 οὐκ
1404 1671 1532 1741 ὲψεύ
1543 1689 1693 1737 σατο,
1711 1671 1844 1725 ἀλλὰ

244 1766 326 1817 καὶ
352 1765 445 1818 τὸν
468 1764 599 1817 υἱὸν
632 1765 955 1835 ἐχαρίζετο·
992 1764 1085 1817 καὶ
1108 1763 1199 1817 τὸν
1224 1763 1350 1817 λαὸν
1375 1764 1640 1835 ἐξήγαγεν
1667 1765 1731 1816 ὲκ
1747 1765 1845 1834 τῆς

238 1856 508 1924 Αἰγύπτου
546 1855 646 1909 διὰ
682 1854 781 1908 τοῦ
825 1855 1144 1927 ἱεροφάντου
1179 1855 1440 1919 Μωσέως.
1477 1856 1589 1910 Καὶ
1622 1856 1714 1909 τὸν
1742 1855 1840 1926 μὲν

251 1950 422 2003 Ἰσαὰκ
456 1949 855 2020 ὲπληροφόρει
878 1951 944 2020 τῇ
975 1949 1287 2019 ὑποσχέσει,
1334 1949 1428 2002 καὶ
1472 1948 1683 2019 πατέρα
1721 1947 1843 2001 τοῦ-

240 2060 318 2095 τον
343 2043 523 2095 ὲποίει
554 2041 673 2094 τῶν
715 2042 814 2094 δύο
845 2040 1023 2094 λαῶν·
1071 2039 1149 2111 τῷ
1185 2040 1241 2093 δὲ
1278 2038 1469 2092 Ἰακὼϐ
1514 2038 1842 2109 ὲπαγγειλάι

242 2150 388 2196 μενος
417 2132 681 2186 ἐδείκνυε
714 2133 812 2185 τὸν
851 2132 1067 2203 Ἰωσήφ.
1132 2133 1242 2184 Καὶ
1277 2130 1356 2201 τῷ
1397 2131 1496 2201 μὲν
1536 2130 1841 2201 πιστοτάτῳ

236 2222 415 2276 Monii
436 2222 623 2275 ἐδίδου
652 2223 766 2274 τῶν
801 2220 1111 2291 λεγομένων
1130 2220 1228 2291 τὴν
1261 2220 1445 2273 πίστιν
1460 2220 1548 2273 διὰ
1573 2219 1681 2274 τῶν
1704 2237 1845 2291 συμ-

240 2311 530 2365 ϐαινόντων
596 2312 683 2381 τῷ
733 2310 941 2382 Φαραώ
978 2310 1125 2383 (55)·
1160 2308 1236 2380 τῷ
1270 2309 1327 2362 δὲ
1367 2309 1531 2362 Δαὸὶδ
1579 2310 1841 2379 ἐπαγγει-

238 2402 481 2472 λάμενος,
535 2403 808 2456 ἀπεδίδου
863 2401 962 2473 τὴν
1005 2400 1300 2471 ὑπόσχεσιν
1328 2399 1419 2453 διὰ
1461 2399 1837 2471 Σολομῶντος·

233 2494 369 2563 λέγω
398 2495 465 2566 δὴ
503 2496 612 2566 τὴν
646 2494 743 2547 τοῦ
768 2493 904 2546 ναοῦ
929 2492 1239 2563 οἰκοδομήν.

304 2680 354 2735 8.
384 2679 501 2733 Καὶ
535 2678 591 2731 τί
629 2694 723 2747 μοι
747 2675 916 2746 χρεία
954 2671 1194 2735 πολλῶν;
1226 2670 1390 2723 Οὐδέν
1424 2671 1595 2737 ἐστιν,
1628 2668 1656 2722 ὃ
1691 2668 1841 2737 λέγει

240 2772 269 2823 6
297 2770 443 2835 Θεὸς,
465 2770 569 2823 καὶ
604 2768 941 2839 ἀπλήρωτον
973 2762 1125 2817 τοῦτο
1159 2763 1328 2834 μένει.
1369 2760 1489 2814 Κᾶν
1524 2759 1840 2831 παραυτίκα

244 2879 319 2924 1:;
365 2862 615 2930 ὀλιγωρῇ
678 2857 871 2928 ζητῶν
906 2854 999 2908 τὸν
1030 2853 1209 2922 λόγον,
1256 2851 1392 2905 ἀλλὰ
1425 2850 1501 2922 τῷ
1526 2852 1701 2921 χρόνῳ
1744 2850 1841 2921 τὴν

243 2954 488 3006 ἀπόδοσιν
517 2957 553 3023 ἡ
586 2951 899 3020 ὑπόσχεσις
952 2946 1086 3018 ἔχει,
1119 2946 1214 3000 καὶ
1258 2944 1337 3016 τῷ
1365 2945 1541 3017 χρόνῳ
1571 2945 1838 3016 πάντωςή

242 3044 541 3112 ἐπαγγελία
596 3040 936 3112 πληροῦται.
980 3037 1108 3090 Ἰδοὺ
1157 3036 1264 3108 γὰρ
1296 3038 1389 3089 καὶ
1417 3035 1484 3089 τὰ
1507 3036 1612 3107 πρὸ
1644 3034 1838 3090 πολλοῦ

243 3135 493 3207 ἔχθέντα
528 3133 642 3186 ὑπὸ
691 3130 790 3183 τοῦ
833 3128 1039 3195 Κυρίου
1086 3128 1179 3181 καὶ
1212 3128 1277 3179 τὰ
1313 3126 1421 3199 πρὸ
1460 3124 1669 3179 πολλῶν
1699 3128 1843 3198 εἰρη-

251 3224 374 3295 μένα
407 3222 627 3294 χρόνων
647 3220 747 3273 νῦν
770 3220 831 3271 ἐν
856 3221 968 3280 τοῖς
993 3215 1342 3285 Εὑαγγελὶοις
1368 3216 1585 3286 ὁρῶμεν
1605 3216 1841 3287 πληρού-

248 3332 395 3385 μενα.
445 3315 686 3376 Ἡσαΐας
721 3311 828 3382 μὲν
856 3309 965 3380 γὰρ
998 3308 1399 3379 προεφήτευσεν
1447 3306 1506 3373 ἐξ
1543 3306 1840 3378 ἀπειρογά-

250 3424 343 3476 μου
371 3406 641 3476 γυναικκ
672 3399 1039 3474 τεχθήσεσθαι
1065 3398 1155 3451 τὸν
1191 3398 1566 3468 Ἐμμανουήλ·
1599 3398 1761 3460 αὐτὸς
1785 3398 1842 3450 δὲ

247 3502 308 3552 ἐκ
322 3500 539 3570 Μαρίας
561 3498 668 3563 τῆς
690 3494 976 3565 Παρθένου
1002 3491 1281 3564 γεννηθεὶς
1317 3491 1410 3544 καὶ
1427 3490 1559 3553 Θεὸς
1586 3489 1844 3559 φαινόμε-

249 3608 351 3655 νος,
379 3592 625 3661 ἐπλήρου
648 3589 939 3659 προφήτου
963 3584 1053 3636 τὸν
1078 3583 1253 3652 λόγον.
1288 3583 1396 3635 Καὶ
1424 3584 1452 3636 6
1484 3582 1582 3652 μὲν
1607 3581 1844 3650 Μιχαίας

253 3678 662 3751 προαπηγγειλε
696 3677 795 3731 καὶ
826 3674 919 3727 τὸν
952 3673 1134 3735 τόπον,
1164 3672 1222 3725 ὲν
1249 3665 1294 3739 ᾧ
1326 3673 1506 3742 μέλλει
1539 3673 1567 3724 ό
1610 3671 1844 3743 Χριστὸς

255 3772 537 3839 γεννᾶσθαι
559 3789 574 3801 ·
612 3769 778 3832 αὐτὸς
807 3767 869 3820 δὲ
915 3764 1133 3836 Κύριος,
1172 3766 1229 3818 ὲν
1261 3764 1508 3836 Βηθλεὲμ
1526 3764 1618 3816 ἐπὶ
1639 3763 1843 3831 φάτνης

252 3863 623 3932 ἀνακείμενος,
652 3859 904 3913 ἐδείκνυε
925 3855 1015 3909 τὸν
1031 3855 1313 3927 προφήτην
1332 3854 1503 3925 ἀληθῆ
1524 3854 1654 3923 (56).
1675 3853 1785 3906 Καὶ
1815 3854 1844 3904 ό

252 3955 347 4024 μὲν
366 3956 642 4027 Ζαχαρίας
666 3948 1061 4023 εὐηγγελίζετο
1085 3951 1150 4019 τῇ
1192 3946 1538 4017 Ἰερουσαλὴμ
1599 3946 1696 4016 τὴν
1727 3944 1842 3997 εἴσ-

250 4047 363 4102 οδον
387 4048 482 4100 τοῦ
518 4047 779 4117 Σωτῆρος
802 4061 817 4073 ο
838 4042 1002 4103 αὐτὸς
1018 4041 1074 4094 δὲ
1090 4044 1118 4094 6
1136 4040 1360 4111 Κύριος,
1390 4038 1729 4094 ἀποστέλλων
1752 4037 1845 4090 ἐπὶ

256 4139 340 4191 τὸν
355 4140 471 4193 ὄνον
496 4138 612 4209 ('57)
645 4138 740 4191 καὶ
765 4139 887 4188 είσε
898 4134 1177 4204 ρχόμενος,
1209 4134 1292 4200 ἐφ’
1318 4130 1509 4185 ἑαυτοῦ
1522 4129 1617 4201 τὴν
1634 4145 1846 4201 προφη-

254 4230 395 4283 τείαν
437 4229 771 4301 ἀνεπλήρου.
835 4225 951 4278 Καὶ
978 4224 1132 4289 ὅλως,
1169 4224 1255 4276 ἵνα
1295 4222 1369 4295 μὴ
1406 4222 1468 4275 τὸ
1505 4222 1843 4275 καθέκαστον

255 4320 496 4391 ὀνομάζω
527 4320 637 4373 τῶν
654 4316 1085 4391 γεγραμμένων,
1120 4314 1280 4376 αὐτὸς
1324 4314 1595 4385 πλήρωμα
1633 4312 1727 4366 τοῦ
1760 4311 1845 4364 νό-

256 4428 353 4479 μον
381 4413 476 4465 καὶ
512 4411 622 4464 τῶν
676 4405 984 4481 προφητῶν
1038 4403 1279 4473 γέγονεν.
1329 4405 1395 4455 "A
1434 4403 1541 4474 γὰρ
1566 4402 1631 4455 δι’
1665 4400 1844 4454 αὐτῶν

1942 576 2033 631 Αίι
2057 578 2201 632 enim
2236 597 2251 631 :
2290 594 2309 628 ι
2346 575 2639 647 Peragrata
2674 576 2882 631 insulas
2910 575 3147 638 Chetim,
3178 583 3232 628 et
3260 576 3315 627 in
3346 573 3525 627 Cedar

1942 668 2160 727 mittite.
2191 674 2245 721 et
2278 666 2452 721 videte
2476 668 2538 721 ³⁸.
2572 684 2591 718 ι
2624 665 2739 720 Nisi
2760 667 2940 736 itaque
2961 664 3339 730 longanimiter
3364 679 3524 735 agere

1945 756 2125 819 vellet,
2163 756 2370 809 monita
2405 770 2514 809 non
2560 754 2714 810 daret
2753 755 2892 820 illis,
2924 763 2982 807 ut
3016 754 3355 825 peragrando
3404 752 3523 808 edi-

1944 856 2163 904 scerent
2196 864 2264 903 ex
2290 848 2592 902 contrariis
2646 847 2775 902 boni
2823 847 3283 916 comparationem
3321 847 3519 902 discri-

1939 956 2198 1011 menque.
2215 941 2374 995 Certe
2394 940 2485 995 ubi
2502 940 2616 1009 jam
2646 954 2754 994 non
2780 939 3011 994 ulterius
3033 938 3517 1009 longanimitatem,

1944 1031 2038 1086 sed
2102 1032 2239 1084 iram
2291 1029 2631 1100 singulorum
2693 1044 2857 1099 opera
2910 1036 3252 1099 provocant,
3299 1029 3519 1084 demum

1943 1126 2269 1178 sententiam
2309 1123 2522 1191 profert
2555 1122 2642 1176 his
2682 1122 2900 1183 verbis;
2930 1138 2949 1171 ι
2991 1119 3112 1175 Νοη
3160 1121 3303 1174 ultra
3347 1121 3519 1175 feram

1934 1223 2165 1286 peccata
2203 1222 2405 1269 vestra.
2441 1233 2466 1267 ι
2505 1214 2604 1267 lllo
2635 1221 2815 1268 autem
2854 1214 3039 1277 verbo,
3081 1230 3100 1263 ι
3143 1228 3250 1266 non
3296 1214 3457 1276 ultra,
3494 1231 3513 1264 ι

1942 1308 2120 1377 palam
2153 1305 2421 1377 signiﬁcat
2446 1345 2462 1367 ,
2491 1320 2646 1360 suam
2679 1320 2806 1375 erga
2837 1303 3103 1358 Ninivitas
3138 1304 3523 1390 longanimitn:

1934 1407 2073 1464 tem,
2102 1414 2257 1465 voce,
2307 1417 2327 1451 ι
2370 1400 2569 1465 adhuc,
2620 1417 2640 1449 ι
2687 1398 3019 1454 declaratam
3066 1415 3083 1453 :
3122 1413 3333 1453 necnon
3368 1399 3520 1452 νοιτυί

1936 1492 2029 1548 sui
2076 1493 2384 1547 veritatem.
2427 1490 2772 1562 Impossibile
2819 1490 3018 1561 quippe
3052 1498 3190 1555 erat,
3233 1505 3343 1545 non
3384 1506 3514 1546 vere

1942 1581 2125 1638 dicere
2149 1582 2314 1639 Deum
2338 1584 2466 1637 dum
2499 1582 2780 1653 quidpiam
2809 1581 3040 1646 diceret,
3074 1594 3167 1636 aut
3192 1583 3367 1638 solum
3392 1581 3526 1637 dum

1943 1675 2224 1746 quidpiam
2261 1675 2447 1732 vellet.
2486 1676 2670 1741 Quare
2721 1690 2847 1729 cum
2893 1675 3204 1730 Abrahamo
3254 1674 3526 1745 pollicitus

1944 1777 2110 1836 esset,
2138 1782 2484 1837 nequaquam
2518 1766 2781 1821 mentitus
2817 1774 2921 1831 est,
2964 1767 3062 1821 sed
3100 1766 3267 1821 ﬁlium
3305 1766 3528 1820 donavit

1873 1846 1912 1904 Β
1943 1859 2043 1922 illi,
2101 1858 2471 1929 populumque
2514 1856 2703 1911 eduxit
2751 1872 2818 1910 ex
2869 1854 3105 1926 .Egypto
3164 1871 3260 1925 per
3327 1869 3525 1909 oracu-

1868 3182 1910 3240 C

1937 1952 2119 2006 lorum
2149 1951 2592 2004 annuntiatorem
2638 1947 2879 2018 Moysen.
2924 1948 3111 2003 lsaaco
3133 1947 3298 2002 etiam
3322 1952 3526 2002 certam

1941 2043 2360 2113 promissionem
2403 2040 2776 2104 denuntiavit,
2823 2039 3167 2110 duorumque
3206 2040 3528 2110 populorum

1942 2142 2151 2204 patrem
2216 2131 2394 2188 effecit
2457 2132 2608 2186 illum
2660 2149 2674 2184 :
2728 2127 2971 2194 Jacobo,
3030 2131 3107 2184 uti
3164 2130 3525 2201 promiserat.

1939 2223 2235 2297 Josephum
2283 2224 2533 2280 exhibuit
2589 2243 2603 2278 :
2647 2219 2819 2295 Moysi
2866 2223 3182 2279 ﬁdelissimo
3231 2222 3524 2278 verborum

1942 2332 2166 2372 suorum
2190 2313 2347 2369 ﬁdem
2370 2314 2539 2378 dedit,
2561 2329 2658 2383 per
2679 2329 2742 2368 ea
2767 2330 2886 2384 qum
2905 2310 3175 2368 Pharaoni
3207 2313 3484 2383 contigere
3508 2328 3521 2364 :

1941 2404 2131 2462 Davidi
2162 2422 2284 2462 cum
2314 2406 2593 2476 pollicitus
2621 2414 2789 2471 esset,
2826 2407 3243 2476 promissionem
3274 2407 3523 2476 implevit

1943 2513 2040 2567 per
2102 2497 2451 2552 Salomonem
2506 2515 2519 2550 :
2581 2496 2775 2567 loquor
2824 2507 3008 2551 autem
3062 2498 3128 2552 de
3189 2495 3371 2566 templi
3428 2511 3527 2551 ex-

1938 2590 2263 2644 structione.

2012 2679 2066 2733 8.
2106 2675 2315 2748 Ecquid
2360 2675 2492 2731 mihi
2535 2677 2724 2732 multis
2763 2677 2943 2748 opus?
2981 2675 3125 2731 Nihil
3166 2692 3358 2732 eorum
3403 2693 3526 2748 quae

1941 2767 2233 2838 pollicetur
2274 2765 2419 2820 Deus
2450 2766 2713 2820 infectum
2749 2773 2951 2820 manet.
2988 2765 3216 2821 Etiamsi
3251 2766 3375 2837 quis
3407 2773 3519 2823 sta-

1938 2860 2042 2912 tim
2093 2857 2273 2911 animo
2320 2854 2557 2919 deﬁciat,
2602 2854 2731 2908 dum
2768 2854 2891 2925 ejus
2938 2854 3165 2924 inquirit
3202 2856 3366 2910 verba
3411 2870 3424 2908 :
3469 2865 3525 2910 at

1943 2956 2187 3018 tempore
2226 2961 2326 3002 suo
2354 2946 2773 3015 promissionem
2815 2961 2903 3000 res
2942 2947 3319 3016 consequitur,
3359 2955 3522 3017 atque

1942 3042 2164 3096 tandem
2210 3038 2528 3110 pollicitatfo
2572 3038 2843 3108 impletur.
2892 3037 3031 3094 Ecce
3077 3039 3221 3093 cnim
3274 3052 3362 3093 res
3407 3040 3518 3108 jam

1944 3133 2073 3186 olim
2121 3148 2151 3186 a
2196 3130 2428 3187 Domino
2472 3131 2821 3186 denuntiatas
2855 3138 2906 3186 et
2939 3130 3147 3199 jamdiu
3193 3131 3518 3191 declaratas.

1944 3241 2091 3279 nunc
2133 3224 2187 3276 in
2223 3220 2531 3293 Evangeliis
2572 3223 2872 3292 completas
2911 3220 3180 3277 videmus.
3216 3220 3519 3291 Propheta-

1943 3313 2020 3364 vit
2044 3310 2235 3372 Isaias,
2273 3326 2337 3365 ex
2371 3310 2683 3382 nuptiarum
2704 3317 2925 3381 experte
2942 3311 3165 3367 muliere
3186 3312 3520 3366 nasciturum

1946 3395 2351 3455 Emmanuelem
2402 3420 2415 3456 :
2466 3402 2693 3472 ipseque
2735 3400 2879 3457 Deus
2928 3416 3195 3472 apparens
3235 3419 3302 3457 ex
3352 3401 3522 3456 Maria

1944 3492 2166 3564 Virgine
2223 3494 2460 3562 genitus,
2509 3494 2783 3564 prophetae
2846 3508 3151 3550 sermonem
3208 3493 3519 3563 complevit.

1947 3583 2196 3637 Miehmas
2231 3584 2405 3653 ipsum
2443 3585 2621 3637 locum
2655 3594 2777 3638 ante
2803 3584 3137 3652 designarat,
3169 3585 3223 3638 in
3269 3600 3376 3655 quo
3423 3599 3524 3638 na-

1946 3677 2186 3729 sciturus
2233 3675 2485 3731 Christus
2517 3686 2699 3739 esset;
2750 3676 2975 3745 ipseque
3009 3675 3269 3730 Dominus
3305 3676 3514 3730 Bethle-

1948 3765 2067 3818 hcm
2101 3767 2154 3818 in
2194 3781 2434 3834 praisepe
2466 3768 2738 3835 repositus
2758 3805 2771 3827 ,
2810 3766 3127 3837 prophetam
3156 3782 3284 3821 vere
3312 3767 3518 3821 dixisse

1945 3856 2261 3910 declaravit.
2320 3853 2616 3909 Zacharias
2657 3852 3009 3926 Jcrosolyma:
3050 3857 3354 3925 ingressum
3397 3854 3520 3910 Sal-

1945 3944 2152 4000 vatoris
2184 3945 2567 4015 praenuntiavit
2601 3963 2615 3996 :
2653 3945 2769 4015 ipse
2794 3945 3057 4000 Dominus
3087 3948 3299 4001 asinum
3329 3949 3523 4016 quasi-

1946 4046 2062 4091 tum
2102 4037 2345 4100 mittens,
2380 4046 2541 4106 atque
2576 4037 2667 4091 illo
2694 4048 2882 4092 vectus
2916 4037 3244 4107 ingrediens,
3280 4038 3520 4109 prephe~

1945 4129 2075 4182 tiam
2112 4128 2371 4197 implevit.
2410 4125 2467 4180 In
2512 4141 2743 4190 summa,
2782 4142 2850 4180 ne
2896 4127 3105 4198 singula
3146 4143 3266 4197 quae
3316 4131 3520 4199 scripta

1946 4229 2074 4277 sunt
2090 4234 2399 4275 recenseam
2420 4259 2434 4283 ,
2459 4220 2573 4289 ipse
2594 4220 2872 4288 plenitudo
2898 4220 3030 4288 legis
3061 4228 3113 4274 et
3133 4221 3517 4290 prophetarum

1944 4314 2170 4371 ell’ectus
2221 4320 2326 4368 est.
2375 4311 2511 4366 Nam
2546 4328 2667 4381 qum
2713 4329 2808 4382 per
2848 4328 2945 4368 eos
2995 4315 3407 4383 praenuntiarat,
3455 4331 3520 4369 ea

1943 4396 2192 4477 presens
2218 4403 2334 4473 ipse
2364 4404 2690 4474 complebat,
2714 4403 3001 4475 aiebatque
3038 4423 3052 4460 :
3089 4425 3107 4456 ι
3140 4403 3251 4475 Ego
3283 4405 3398 4475 ipse
3425 4406 3521 4476 qui

254 4503 690 4576 προαπήγγελλε,
719 4499 903 4555 ταῦτα
938 4496 1123 4569 παρὼν
1162 4495 1322 4558 αὐτὸς
1352 4495 1585 4549 ὲτελείου
1617 4493 1842 4566 πληρῶν

1945 4496 2156 4564 loquor,
2180 4493 2369 4549 adsum
2384 4493 2448 4548 ³⁷.
2477 4512 2494 4544 ι
2518 4492 2595 4547 En
2623 4493 2801 4564 itaque
2829 4509 2949 4565 quae
2977 4493 3105 4549 olim
3143 4494 3210 4549 de
3241 4491 3522 4549 Salvatorc

259 4596 347 4648 καὶ
370 4596 543 4664 λέγων
567 4612 581 4625 ³
624 4613 643 4645 ι
675 4592 858 4654 Αὐτὸς
900 4588 930 4640 ὁ
981 4587 1156 4642 λαλῶν
1216 4586 1467 4659 πάρειμι.
1520 4605 1539 4638 ι
1581 4585 1712 4639 Ἰδοὺ
1746 4582 1842 4639 οὖν

1945 4587 1999 4641 in
2033 4583 2267 4641 Psalmis
2306 4584 2595 4656 praedicata
2636 4593 2784 4649 sunt,
2808 4585 2921 4640 baac
2958 4585 3071 4654 jam
3114 4584 3344 4645 militum
3383 4600 3521 4641 ausu

258 4688 348 4740 ml.
375 4687 469 4740 νῦν
499 4686 613 4758 (38)
640 4686 711 4739 τὰ
735 4682 914 4737 πάλαι
933 4677 1358 4750 ἀναφωνοῦμενα
1380 4677 1507 4749 περλ⁸
1537 4675 1632 4730 τοῦ
1661 4675 1845 4746 Σωτῆ-

260 4793 348 4847 po;
378 4780 433 4831 ὲν
463 4781 575 4841 τοῖς
608 4775 894 4845 Ψαλμοῖς.
927 4770 1051 4842 ἄρτι
1084 4769 1244 4824 πάλιν
1277 4767 1578 4841 πληροῦται
1606 4765 1695 4820 διὰ
1745 4765 1846 4835 τῆς

260 4868 361 4920 τῶν
384 4867 735 4941 στρατιωτῶν
760 4864 993 4934 τόλμης.
1029 4861 1096 4913 Ἀ
1140 4860 1251 4930 γὰρ
1278 4861 1625 4933 προεσήμανε
1652 4856 1845 4913 παθεῖν

265 4960 430 5021 αὐτὸν,
454 4960 628 5013 ταῦτα
658 4957 761 5012 νῦν
791 4958 844 5010 oi.
875 4954 1038 5024 δῆμοι
1078 4952 1344 5006 Ἰουδαίων
1378 4950 1682 5023 ἐνεργοῦσι,
1727 4947 1846 5001 δια-

267 5052 595 5123 μεριζόμενοι
628 5051 701 5104 τὰ
726 5048 930 5120 ἱμάτια
967 5043 1061 5097 τοῦ
1095 5044 1366 5115 Σωτῆρος,
1402 5043 1497 5097 καὶ
1534 5039 1847 5103 ποτίζοντες

262 5143 405 5197 αὐτὸν
434 5145 555 5212 ὄξος
586 5143 736 5217 μετὰ
763 5137 956 5210 χολῆς.
984 5155 1002 5187 ι
1022 5135 1204 5188 Ταῦτα
1235 5134 1365 5207 γὰρ,
1409 5155 1427 5187 ι
1458 5136 1646 5207 φησὶν,
1686 5152 1703 5184 ι
1738 5132 1852 5200 ὲγί-

322 5300 363 5333 ⁸⁸
391 5300 594 5358 Jerern.
635 5316 703 5366 ll,
748 5297 841 5351 10.

445 5434 793 5495 Basiliensis
823 5437 882 5485 et
913 5430 1121 5500 Anglic.
1160 5430 1531 5502 προκαλεῖται.

329 5496 417 5581 34)
457 5515 515 5566 ln
555 5508 741 5584 editis
781 5510 865 5580 et.
886 5496 1216 5584 quibusdam
1255 5496 1843 5584 ni‘ss._post‘6qltqupi.

1944 4678 2305 4748 complentur.
2346 4676 2478 4745 Qua:
2514 4677 2660 4732 enim
2701 4692 2991 4747 passurum
3031 4677 3210 4747 ipsum
3258 4692 3517 4747 praenun-

1946 4766 2134 4828 tiavit,
2199 4765 2313 4819 haec
2374 4763 2490 4835 jam
2554 4762 2867 4819 Judreorum
2935 4764 3121 4834 populi
3196 4764 3514 4833 perﬁciunt,

1946 4855 2250 4910 dividentes
2277 4854 2599 4910 vestimenta
2640 4853 2963 4917 Salvatoris,
3005 4860 3060 4906 et
3108 4859 3359 4923 potantes
3391 4868 3516 4908 eum

1949 4954 2104 5001 aceto
2170 4954 2333 5017 atque
2388 4944 2531 5001 felle.
2588 4965 2607 4998 ι
2664 4944 2791 5001 llaec
2860 4944 3026 5008 enim,
3109 4944 3303 5013 inquit,
3376 4942 3518 4997 facta

1948 5044 2096 5100 sunt,
2157 5044 2217 5089 ut
2269 5036 2626 5106 implerentur
2675 5035 2967 5105 Scriptum
3019 5034 3063 5066 ³⁸
3118 5053 3131 5088 :
3200 5051 3219 5083 ι
3283 5047 3516 5102 quarum

1950 5131 2118 5184 altera
2152 5128 2286 5184 dicit
2319 5148 2330 5183 :
2371 5148 2390 5179 ι
2441 5128 2752 5185 Diviserunt
2793 5127 2896 5183 sibi
2941 5125 3259 5181 vestimenta
3297 5140 3437 5191 mea,
3467 5137 3521 5182 et

935 5293 978 5325 ³⁷
1018 5292 1119 5350 Isa.
1161 5310 1267 5359 LII,
1302 5293 1352 5348 6.
1432 5293 1475 5325 ³⁸
1517 5293 1703 5347 Matth.
1744 5303 1930 5355 xvvn,
1973 5290 2061 5344 ⁵55.

2015 5423 2124 5491 (57)
2159 5422 2498 5491 Basiliensis,
2531 5422 2622 5491 ἐπὶ
2648 5419 2746 5490 τὴν
2774 5418 2921 5491 ὄνον.
2957 5415 3185 5491 Ibidem,
3218 5416 3416 5490 Regius
3468 5427 3524 5475 et

1942 5487 2521 5569 Felc.'_3,__é_7t_'a61:_oﬁ_.
2566 5487 2732 5569 Ερὶιξ,
2766 5487 2868 5569 ,ἐφ’
2906 5488 3120 5541 ἑαυτοῦ.
3161 5487 3520 5569 Anglicanus,

1942 5562 2155 5619 ἑαυτοῦ.
2194 5563 2394 5615 Ibidem
2428 5560 2571 5614 Felc.
2610 5561 2664 5622 5,
2695 5558 2953 5629 ἐπλήρου.

2013 5634 2125 5702 (58)
2151 5631 2372 5702 Regius,
2400 5631 2685 5702 Ariglic._et
2710 5627 2942 5702 fele.3,_
2969 5628 3099 5702 Ἰδοὺ
3121 5628 3213 5702 καὶ
3234 5627 3522 5702 νῦνκιΕιιίξί

1943 5718 1996 5763 et
2027 5696 2397 5765 ἐξείργῃ-Ἰδοὺ
2427 5696 2518 5753 οὖν
2542 5699 2636 5752 καὶ
2676 5698 2793 5756 νῦν.
2836 5698 2969 5754 Ibid.
2999 5699 3087 5763 τά,
3116 5700 3267 5753 abest
3294 5714 3323 5750 ει
3349 5696 3519 5753 Basil.

243 5566 349 5650 νην,
378 5566 602 5650 Ιὲείιυτ,
633 5576 734 5631 διὰ
768 5570 870 5626 τοῦ
899 5566 1001 5633 ἔτι,
1036 5572 1088 5627 in
1119 5569 1251 5640 Reg.
1288 5566 1496 5642 Anglic.
1532 5578 1585 5626 et
1615 5566 1759 5623 Felc.
1788 5566 1843 5631 5,

181 5671 193 5704 δ
240 5664 339 5704 non
370 5652 639 5707 habetur.

196 5708 227 5765 ὃ
299 5723 408 5782 (35)
436 5717 687 5792 Regius.
728 5710 911 5792 Basil.
947 5708 1156 5792 Anglic.
1188 5710 1406 5792 (harpag):

296 5794 407 5867 (36)
433 5781 589 5851 rei}.
638 5792 702 5855 δ,
742 5786 855 5854 τὴν
877 5782 1210 5853 umquam
1240 5781 1430 5852 ἀληθῆ.
