4008 6404
543 350 647 407 199

1792 337 2062 395 ΑἸἮΑΝᾹ
2078 334 2255 392 ειυε.
2296 363 2367 379 -
2402 327 2630 387 DUBlA.

3686 316 3794 373 200

540 475 709 530 super
749 465 956 514 vestem
996 471 1168 511 meam
1193 455 1469 510 miserunt
1510 463 1712 508 sortem
1747 454 1838 520 ³⁹;
1878 473 1897 505 ι
1938 454 2108 507 altera

2235 464 2351 509 ιετο.
2378 446 2466 499 ἴνα
2515 440 2873 514 πληρωθῶσιν
2904 440 2960 491 αί
2985 434 3229 509 Γραφαί·
3269 453 3289 486 ι
3330 434 3363 504 ἡ
3397 433 3497 504 μὲν
3523 431 3792 501 λέγουσαο

494 548 501 577 ί
546 566 675 607 vero
702 571 714 605 :
749 570 768 602 ι
800 548 1072 605 Dederunt
1095 547 1148 600 in
1178 561 1359 600 escam
1388 560 1563 600 meam
1593 543 1687 609 fel,
1718 552 1774 600 et
1794 545 1847 599 in
1880 546 1969 601 siti
1995 561 2113 601 mea

533 649 867 716 potaverunt
899 658 981 695 me
1012 637 1244 694 aceto“.
1276 658 1295 689 υ

612 932 664 987 9.
708 928 858 984 Multi
897 928 990 997 qui
1030 925 1332 996 Evangelia
1366 926 1579 996 legunt,
1618 924 1903 979 audientes
1941 923 2107 977 illud:

539 1042 568 1074 1
633 1020 703 1076 Ut
752 1022 1069 1089 impleretur
1119 1020 1263 1088 quod
1314 1018 1579 1088 scriptum
1628 1025 1732 1078 est.
1795 1037 1813 1068 ο
1869 1016 2117 1071 arbitrati

536 1124 691 1178 sunt,
734 1127 796 1167 ea
835 1128 955 1181 qme
994 1118 1143 1180 gesta
1185 1118 1331 1172 sunt,
1360 1110 1506 1163 nulla
1550 1110 1654 1162 alia
1684 1108 1751 1162 de
1781 1123 1947 1162 causa
1980 1106 2116 1167 ﬁeri.

543 1221 705 1275 quam
758 1212 818 1258 ut
878 1202 1177 1276 Scriptum
1223 1203 1579 1272 implerentur
1635 1220 1648 1255 :
1703 1208 1866 1270 atque
1926 1199 2121 1254 exinde

549 1300 919 1359 aestimarunt,
947 1312 1042 1351 eos
1068 1296 1161 1364 qui
1188 1294 1291 1349 ista
1319 1295 1579 1358 facerent,
1612 1309 1719 1346 non
1752 1291 1913 1345 modo
1943 1291 2121 1345 incul-

546 1397 701 1455 patos
724 1404 847 1443 esse
875 1406 889 1454 ;
920 1384 1015 1441 scd
1046 1386 1230 1455 potius
1253 1384 1410 1439 laude
1430 1383 1771 1454 dignos,66
1822 1383 1967 1451 quod
2012 1398 2121 1437 non

546 1480 846 1553 peccando,
880 1478 976 1533 sed
1014 1476 1320 1547 Scripturis
1351 1474 1735 1535 ministrando.
1769 1475 1898 1527 talia
1930 1489 2123 1543 perpe-

543 1579 756 1628 trarent
825 1589 838 1625 :
900 1585 1080 1640 neque
1136 1569 1279 1623 enim
1332 1582 1459 1621 vera
1512 1566 1682 1619 fuisse
1737 1566 2121 1634 prophetarum

546 1664 734 1727 verba,
769 1662 873 1717 nisi
908 1669 1031 1715 acta
1076 1674 1176 1714 sua
1216 1658 1510 1713 subsecuta
1557 1657 1808 1711 fuissent.
1842 1655 1999 1720 Quod
2043 1655 2120 1708 illi

547 1754 784 1810 maxime
826 1753 1033 1824 opinati
1079 1762 1208 1808 sunt
1249 1766 1317 1806 ex
1367 1750 1453 1805 his
1494 1748 1771 1819 Evangelii
1822 1747 2123 1802 secundum

2217 559 2237 591 ι
2291 537 2675 609 Διεμερίσαντο
2715 534 2784 586 τά
2828 530 3021 601 ἱμάτιά
3051 546 3152 599 μου
3188 528 3425 589 ἑαυτοῖς,
3449 525 3545 578 κα)⁵
3574 523 3671 576 ἐπὶ
3702 522 3796 576 τὸν

2218 628 2509 702 ἱματισμόν
2535 645 2636 698 μου
2670 624 2859 679 ἔϐαλον
2889 621 3122 690 κλῆρον’
3162 638 3181 670 ι
3211 616 3320 687 ἠδὲ
3348 614 3540 669 πάλιν·
3575 632 3594 664 ι
3632 612 3798 666 Ἔδω-

2217 739 2319 775 καν
2341 723 2418 783 είς
2445 722 2505 773 τὸ
2542 716 2735 789 βρῶμά
2787 731 2887 786 μου
2922 714 3035 783 (39)
3067 709 3249 781 χολὴν.
3278 709 3373 762 καὶ
3397 708 3477 770 εἰς
3502 704 3602 776 τὴν
3636 704 3795 776 δίψαν

2219 831 2321 883 μου
2345 812 2601 865 ἐπότισάν
2629 826 2694 879 με
2725 806 2864 873 ὅξος.
2901 824 2920 856 ι

2289 928 2341 982 9.
2382 924 2591 987 Πολλοὶ,
2641 925 2753 984 τοῖς
2798 916 3149 987 Εὑαγγελίοις
3208 911 3662 983 ἐντυγχάνοντες,
3703 911 3796 964 καὶ

2220 1016 2506 1078 ἀκούοντες
2544 1014 2625 1076 τὸ,
2674 1032 2692 1063 ι
2726 1013 2844 1064 Ἵνα
2884 1006 3143 1079 πληρωθῇ
3206 1003 3268 1057 τὸ
3316 1001 3734 1073 γεγραμμένον,
3770 1019 3788 1050 ι

2220 1109 2477 1180 ἐνόμισαν
2520 1107 2589 1159 τὰ
2617 1106 2877 1174 γινόμενα
2908 1102 2973 1154 δι’
3025 1101 3178 1153 οὐδὲν
3230 1099 3416 1168 ἕτερον
3463 1091 3794 1164 γίνεσθαι,ἢ

2221 1201 2308 1253 ἴνα
2336 1197 2594 1270 πληρωθῇ
2624 1196 2693 1250 τὰ
2728 1193 3122 1264 γεγραμμένα*
3153 1192 3247 1243 καὶ
3288 1191 3350 1242 ἐκ
3381 1185 3585 1241 τούτων
3609 1184 3795 1256 ᾠήθη-

2223 1309 2320 1343 σαν
2352 1290 2425 1361 μὴ
2456 1290 2614 1360 μόνον
2645 1286 2917 1348 ἀναιτίους
2948 1280 3086 1336 εἶναι
3114 1284 3238 1347 τοὺς
3274 1282 3630 1351 πράττοντας,
3661 1276 3797 1331 ἀλλὰ

2221 1386 2314 1437 καὶ
2350 1383 2545 1454 μᾶλλον
2568 1380 2747 1446 ἀξίους
2777 1379 3020 1440 ἐπαίνου,
3041 1378 3123 1430 ὅτι
3150 1377 3246 1446 οὐχ
3264 1376 3340 1437 ὡς
3367 1373 3792 1445 ἁμαρτάνοντες,

2222 1475 2335 1529 ἀλλ’
2365 1474 2440 1536 ὡς
2468 1472 2836 1535 διακονοῦντες
2863 1474 2977 1533 τοῖς
3025 1466 3431 1539 γεγραμμένοις
3478 1462 3792 1534 ὲνεργοῦσιυ

2226 1568 2300 1639 μὴ
2332 1567 2439 1637 γὰρ
2466 1566 2532 1620 ἂν
2586 1564 2806 1635 ἀληθεῖς
2851 1561 3179 1632 γεγενῆσθαι
3203 1559 3313 1612 τῶν
3345 1556 3641 1630 προφητῶν
3675 1555 3798 1618 τοὺς

2222 1660 2430 1727 λόγους,
2482 1659 2531 1710 εἰ
2574 1658 2646 1728 μὴ
2711 1656 2913 1710 τούτων
2960 1650 3099 1726 ἦσαν
3146 1654 3201 1706 αἱ
3255 1651 3502 1723 πράξεις.
3550 1648 3800 1703 Μάλιστα

2222 1750 2278 1805 δὲ
2296 1724 2510 1819 tto-tt)
2543 1724 2717 1803 ad...
2749 1724 3018 1800 ὑπέλαϐον
3049 1749 3114 1799 ἐκ
3138 1744 3247 1797 τῶν
3269 1744 3348 1806 είς
3365 1742 3427 1795 τδ
3451 1740 3594 1796 κατά
3620 1740 3802 1794 Ἰωάν-
3899 1724 3909 1734 ‘

544 1844 809 1901 Joannem
848 1845 1032 1907 dictis,
1062 1843 1153 1897 ubi
1192 1856 1315 1894 cum
1348 1839 1659 1895 Iudaeorum
1693 1845 1910 1894 enarrat
1946 1838 2120 1890 increo

2235 1859 2321 1912 νην
2352 1841 2529 1912 ῥητῶν
2552 1838 2881 1909 κινηθέντες,
2908 1836 3057 1903 ἔνθα,
3079 1835 3187 1889 τῶν
3218 1833 3488 1888 Ἰουδαίων
3523 1831 3624 1904 τὴν
3674 1832 3802 1884 dm-

550 1938 857 1999 dulitatem,
911 1952 977 1989 ex
1035 1933 1189 1988 Isaiae
1233 1932 1511 2002 prophetia
1548 1932 1628 1985 sic
1662 1931 1735 1983 ait
1766 1948 1780 1984 :
1817 1947 1837 1980 ι
1877 1927 2010 1983 Cum
2045 1935 2125 1981 tot

552 2029 710 2097 signa
732 2041 916 2081 coram
944 2027 1024 2079 eis
1055 2024 1427 2086 lccisset,.uou
1453 2022 1801 2077 crediderunt
1827 2027 1923 2074 :‘ut
1947 2034 2126 2073 sermo

548 2114 704 2171 Isaia
745 2115 1022 2186 propheta:
1054 2114 1393 2184 impleretur,
1423 2127 1581 2182 quem
1614 2112 1752 2165 dixit
1807 2129 1820 2165 :
1872 2108 2122 2173 Domine,

543 2209 676 2280 quis
705 2207 938 2263 credidit
969 2206 1181 2262 auditui
1222 2205 1452 2261 nostro?
1490 2211 1545 2260 et
1584 2203 1869 2259 brachium
1909 2201 2126 2255 Domini

540 2300 640 2357 cui
669 2300 965 2355 revelatum
995 2309 1082 2353 est
1112 2297 1191 2352 “1'
1230 2317 1249 2349 ι
1286 2296 1344 2351 Si
1376 2298 1519 2351 enim
1563 2296 1686 2350 ideo
1722 2310 1833 2348 non
1878 2292 2127 2348 credide-

543 2398 680 2444 runt
724 2387 928 2450 Judaei.
966 2399 1025 2442 ut
1070 2387 1227 2442 lsaia:
1274 2402 1455 2442 sermo
1499 2386 1858 2455 impleretur;
1894 2398 2004 2437 non
2044 2383 2121 2437 illi

544 2481 952 2536 incredulitatis
983 2494 1096 2535 suae
1122 2493 1291 2532 causa
1320 2485 1467 2540 sunt,
1504 2476 1599 2530 sed
1631 2476 1723 2544 qui
1762 2475 1864 2526 ista
1892 2474 2124 2536 dixerat,

546 2574 698 2628 unde
732 2572 933 2627 factum
975 2578 1157 2627 est‘ut
1191 2572 1307 2625 haec
1348 2569 1775 2639 complerentur.
1816 2566 1988 2629 Tolle,
2038 2567 2126 2620 in-

548 2667 762 2736 quient,
786 2665 1066 2735 prapheta:
1095 2663 1343 2725 verbum,
1372 2669 1429 2716 et
1463 2661 1621 2731 plane
1663 2659 1903 2713 futurum
1943 2666 2028 2715 est
2070 2668 2129 2713 ut

549 2759 633 2811 illi
662 2757 910 2812 credant.
938 2755 1047 2810 Sed
1077 2755 1192 2809 hac
1220 2753 1598 2824 ejusmodique
1636 2754 1902 2807 sententia
1931 2768 1962 2806 a
1990 2754 2129 2805 veri-

550 2855 667 2903 tate
717 2848 950 2902 multum
1001 2847 1220 2901 aberrat
1276 2864 1289 2899 :
1349 2860 1473 2898 nam
1526 2859 1701 2913 neque
1753 2845 2016 2915 propheta
2073 2844 2129 2897 in

546 2954 725 2995 causa
770 2940 879 2994 illis
928 2946 1035 3003 est,
1084 2952 1261 3006 neque
1308 2934 1480 2990 Judaei
1524 2936 1684 3004 culpa
1726 2934 2149 2989 incredulitatis.

556 3040 686 3087 sunt
726 3029 905 3085 liberi.
945 3028 1053 3084 Sed
1097 3028 1386 3099 propheta,
1416 3026 1755 3096 prospiciens
1782 3041 1902 3096 quae
1932 3025 2128 3079 facturi

554 3129 773 3186 essent,
810 3137 874 3176 ea
904 3119 1290 3191 pramuntiavit
1322 3138 1336 3173 :
1372 3118 1476 3188 ipsi
1507 3132 1638 3173 vero
1667 3118 1882 3181 deinde,
1912 3132 1976 3172 ea
2007 3132 2131 3186 per-

552 3222 859 3288 petrantes,
909 3214 1328 3269 declaraverunt
1386 3226 1576 3267 verum
1633 3210 1803 3267 fuisse
1857 3211 2132 3282 pr0phetae
2158 3206 2199 3261 C

556 3322 871 3364 sermonem
940 3323 955 3360 :
1016 3318 1119 3359 nec
1172 3302 1332 3374 quasi
1391 3301 1723 3373 propheticis
1788 3302 2133 3357 sermonibus

554 3399 959 3461 ministrarent,
990 3396 1108 3450 hmo
1143 3403 1335 3450 contra
1367 3396 1645 3449 Christum
1682 3402 1810 3449 sunt
1837 3394 1992 3456 ausi;
2039 3394 2134 3449 sed

558 3507 658 3548 sua
693 3498 907 3561 sponte,
940 3497 1134 3559 suopte
1156 3490 1441 3560 proposito
1467 3503 1532 3543 ea
1557 3487 1801 3541 facinora
1829 3488 2131 3541 admisere:

556 3583 636 3636 ita
665 3591 724 3636 ut
752 3594 1095 3650 nequaquam
1126 3579 1233 3632 illis
1274 3578 1329 3632 in
1368 3592 1535 3633 causa
1566 3576 2023 3647 fueritprOpheta,
2040 3577 2138 3631 sed

556 3689 659 3729 sua
688 3674 931 3744 ipsorum
963 3672 1260 3733 voluntas;
1299 3670 1410 3724 imo
1446 3669 1551 3739 ipsi
1578 3669 1758 3739 potius
1781 3669 2059 3739 prophetae
2080 3669 2137 3723 in

556 3780 726 3820 causa
763 3764 1004 3827 luerunt,
1034 3770 1095 3816 ut
1125 3762 1255 3815 talia
1284 3760 1352 3817 de
1386 3761 1523 3831 ipsis
1562 3761 1971 3831 praenuntiaret.
2000 3758 2135 3813 Nam

556 3858 835 3929 prophetae
860 3854 1078 3925 quidem
1106 3852 1389 3924 proprium
1412 3860 1495 3907 est
1525 3850 1706 3906 futura
1731 3852 1936 3915 videre,
1961 3867 2139 3922 neque

557 3946 887 4001 ballucinari
920 3963 935 3998 :
965 3959 1193 4013 operum
1222 3950 1409 3997 autem
1444 3942 1679 4012 quisque
1707 3957 1931 3998 suorum
1952 3943 2142 3997 volun-

558 4048 727 4094 tatem
750 4053 971 4091 causam
998 4036 1180 4090 habet.
1214 4034 1278 4087 Et
1301 4033 1758 4104 quemadmodum
1789 4050 1908 4098 nos,
1930 4049 1995 4089 ea
2017 4050 2140 4105 quae

561 4132 618 4184 in
649 4136 952 4198 conspectu
994 4142 1125 4182 sunt
1165 4124 1434 4185 videntes,
1486 4140 1827 4195 nequaquam
1877 4124 2136 4190 fallimur,

558 4236 742 4291 neque
778 4235 879 4274 nos
922 4219 1029 4273 alio
1076 4216 1238 4271 modo
1283 4215 1531 4271 videmus
1574 4232 1735 4286 quam
1774 4216 1923 4279 ﬁant,
1963 4232 2140 4287 neque

559 4314 671 4366 alio
707 4310 869 4365 modo
897 4308 1054 4374 ﬁunt,
1080 4322 1245 4378 quam
1275 4321 1375 4361 nos
1411 4307 1693 4363 videamus
1718 4326 1734 4375 ;
1767 4307 1860 4363 sed
1892 4316 1951 4362 ut
1981 4308 2136 4371 ﬁunt,

559 4404 834 4469 videmus,
882 4409 937 4457 et
975 4408 1037 4454 ut
1091 4398 1343 4455 videmus
1387 4399 1562 4466 ﬁunt;
1597 4415 1664 4455 eo
1710 4416 1927 4471 quoque
1974 4400 2138 4455 modo

560 4495 843 4580 propheta:
915 4493 1101 4547 futura
1152 4499 1411 4562 tanquam
1472 4492 1766 4562 praesentia
1825 4492 2136 4549 videbant:

2231 1932 2384 1985 στίαν
2431 1930 2806 2002 διηγούμενος,
2851 1928 2993 1982 κατά
3038 1928 3138 1999 τὴν
3191 1926 3412 1979 Ἦσαῖου
3466 1922 3802 1995 προφητείαν

2230 2027 2399 2098 φησί·
2437 2046 2455 2076 ι
2478 2025 2724 2078 Τοσαῦτα
2762 2024 2819 2077 δὲ
2860 2021 3023 2077 αὑτοῦ
3068 2023 3266 2092 σημεῖα
3307 2019 3669 2089 πεποιηκότος
3706 2016 3804 2087 ἔμι-

2231 2117 2462 2189 προσθεν
2491 2118 2691 2180 αὐτῶν,
2718 2118 2819 2169 οὐκ
2840 2116 3196 2168 ἐπίστευσαν’
3224 2114 3313 2168 ἵνα
3335 2115 3362 2166 6
3388 2112 3546 2180 λόγος
3581 2110 3801 2163 Ἡσαΐου

2227 2208 2322 2261 τοῦ
2372 2209 2650 2280 προφήτου
2696 2207 2808 2278 (42)
2845 2206 3128 2277 πληρωθῇ,
3194 2205 3252 2258 ὃν
3302 2201 3420 2258 εἷπε
3444 2219 3459 2235 ·
3493 2202 3686 2274 Κύριε,
3721 2200 3805 2264 τίς

2229 2299 2512 2353 ἐπίστευσε
2535 2302 2601 2371 τῇ
2628 2301 2764 2370 ἀκοῇ
2802 2297 2959 2369 ἡμῶν
2981 2313 2995 2362 ;
3026 2298 3121 2350 καὶ
3146 2298 3175 2350 6
3210 2295 3446 2368 βραχίων
3474 2294 3681 2366 Κυρίου
3700 2292 3805 2347 τίνι

2230 2391 2625 2461 ἀπεκαλύφθη;
2678 2412 2695 2442 ι
2738 2392 2801 2444 El
2833 2390 2969 2463 γὰρ,
3018 2391 3105 2443 ἵνα
3133 2391 3161 2442 ὁ
3210 2388 3368 2456 λόγος
3408 2387 3632 2440 Ἡσαΐου
3671 2384 3809 2454 πλη-

2234 2484 2401 2556 ρωθῇ,
2424 2485 2524 2537 οὐκ
2550 2483 2831 2536 ἐπίστευον
2852 2485 2902 2536 οἱ
2941 2481 3201 2544 Ἰουδαῖοι,
3233 2480 3333 2533 οὐκ
3359 2479 3514 2532 αὐτοὶ
3539 2478 3641 2547 τῆς
3681 2477 3808 2529 ἀπι-

2233 2578 2383 2639 στίας
2411 2574 2593 2640 αἴτιοι,
2628 2576 2742 2629 ἀλλ’
2775 2578 2804 2628 6
2844 2573 3015 2628 ταῦτα
3044 2571 3299 2644 εἰρηκὼς,
3333 2570 3399 2624 δι’
3424 2570 3483 2624 ὃν
3515 2570 3611 2623 καὶ
3636 2569 3807 2623 ταῦτα

2233 2668 2608 2738 πεπλήρωται.
2657 2663 2827 2739 Ἀρον
2878 2666 3006 2737 γάρ,
3063 2666 3314 2736 φήσουσι,
3378 2662 3470 2717 τὸν
3508 2660 3666 2731 λόγον
3712 2659 3806 2713 τοῦ

2232 2762 2529 2831 προφήτου,
2569 2760 2661 2811 καὶ
2706 2760 2920 2821 πάντως
2955 2760 3149 2812 ἐκεῖνοι
3187 2756 3585 2810 πιστεύσουσιν.
3648 2751 3808 2805 Ἀλλά

2229 2851 2398 2904 ταῦτα
2428 2851 2517 2903 καὶ
2551 2853 2583 2921 ή
2610 2850 2827 2921 τοιαύτη
2862 2849 3069 2903 διάνοια
3095 2849 3229 2902 πολὺ
3257 2848 3359 2918 τῆς
3380 2846 3640 2916 ἀληθείας
3667 2847 3805 2899 ἀπο-

2228 2942 2336 2996 δέει
2361 2942 2470 3013 (63)
2492 2959 2506 2971 '
2529 2941 2651 2995 οὔτε
2683 2941 2791 3013 γὰρ
2817 2942 2846 2993 6
2888 2942 3174 3011 προφήτης
3202 2939 3373 3002 αἴτιος
3409 2937 3646 3001 τούτοις,
3688 2935 3811 2989 οὔτε

2228 3037 2277 3087 οί
2316 3034 2554 3087 Ἰουδαῖοι
2580 3034 2678 3104 τῆς
2714 3032 2969 3095 ἀπιστίας
3006 3031 3212 3085 ἑαυτῶν
3243 3030 3471 3083 ἀναίτιοι
3511 3027 3811 3097 τυγχάνου-

2233 3143 2352 3179 σιν·
2405 3126 2521 3179 ἁλλ*
2551 3127 2580 3178 6
2634 3124 2732 3196 μὲν
2784 3124 3086 3195 προφήτης,
3124 3120 3444 3195 προῦλέπων
3476 3119 3511 3173 ἃ.
3559 3119 3811 3190 μέλλουσι

2234 3216 2513 3287 πράττειν,
2566 3213 2896 3285 ἀπήγγειλεν
2919 3230 2935 3244 θ
2972 3213 3124 3266 αὐτοῖ⁸
3152 3212 3206 3265 δὲ
3266 3210 3404 3281 μετὰ
3439 3210 3612 3263 ταῦτα
3643 3210 3816 3283 πράτο

2233 3324 2435 3370 τοντες,
2497 3305 2765 3359 ἐδείκνυον
2824 3303 2917 3357 τοῦ
2953 3305 3233 3376 προφήτου
3279 3303 3369 3356 τὸν
3413 3301 3572 3371 λόγον
3596 3301 3769 3375 ἀληθῆ
3793 3319 3811 3334 ο

2234 3398 2327 3451 καὶ
2376 3397 2475 3468 οὐχ
2540 3396 2615 3461 ὡς
2662 3394 3035 3458 διακονοῦντες
3092 3397 3205 3458 τοῖς
3263 3397 3624 3467 προφητικοϊς
3680 3394 3812 3464 (ιιι,

2234 3489 2474 3560 ἐτόλμων
2536 3487 2679 3541 κατὰ
2729 3486 2823 3541 τοῦ
2878 3487 3148 3557 Σωτῆρος,
3194 3485 3329 3539 ἀλλὰ
3384 3488 3451 3557 τῇ
3497 3484 3817 3557 προαιρέσει

2236 3580 2481 3643 θέλοντες
2511 3579 2777 3651 ἔπραττον
2810 3577 2879 3631 τὰ
2910 3578 3212 3649 πράγματα
3235 3596 3248 3608 ’
3275 3579 3416 3633 ὥστε
3453 3579 3545 3633 τὸν
3578 3580 3677 3650 μὲν
3704 3580 3816 3651 (45)

2236 3674 2519 3744 προφήτην
2568 3671 2642 3741 μὴ
2683 3670 2873 3724 αἴτιον
2907 3671 3091 3732 αὐτοῖς
3148 3670 3493 3741 γεγενῆσθαι,
3537 3671 3675 3725 ἀλλά
3720 3671 3820 3742 τὴν

2237 3763 2552 3834 προαίρεσιν
2572 3761 2750 3816 αὐτῶν
2772 3777 2785 3791 ο
2816 3761 3012 3826 αὐτοὺς
3036 3761 3092 3815 δὲ
3140 3761 3338 3833 μᾶλλον
3368 3762 3574 3826 αἰτίους
3592 3763 3821 3832 γεγενῆ-

2242 3856 2366 3909 σθαι
2396 3853 2473 3923 τῷ
2501 3854 2754 3928 προφήτῃ
2774 3853 2868 3907 τοῦ
2894 3853 3067 3908 ταῦτα
3099 3855 3259 3908 αὑτὸν
3277 3856 3404 3927 περὶ
3420 3856 3600 3908 αὐτῶν
3623 3857 3816 3907 εἰπεῖν.

2240 3948 2345 4002 Τοῦ
2379 3948 2475 4018 μὲν
2500 3948 2609 4017 γὰρ
2632 3948 2910 4018 προφήτου
2942 3947 3069 4000 ἴδιόν
3099 3949 3242 4001 ἐστιν
3276 3948 3404 4020 ὀρᾷν
3442 3946 3512 4001 τά
3534 3947 3815 4019 μέλλοντα,

2238 4039 2334 4093 καὶ
2368 4039 2441 4110 μὴ
2501 4038 2872 4108 σφάλλεσθαι·
2912 4036 3021 4091 τῶν
3064 4038 3121 4092 δὲ
3172 4039 3421 4111 πράξεων
3461 4039 3691 4103 ἕκαστος
3717 4040 3817 4112 τὴν

2243 4132 2377 4185 ίδίαν
2405 4130 2722 4204 προαίρεσιν
2749 4132 2930 4186 αἰτίαν
2955 4132 3089 4205 ἔχει.
3120 4134 3231 4187 Καὶ
3248 4132 3434 4206 ὥσπερ
3463 4136 3624 4207 ἡμεῖς
3661 4134 3731 4189 τά
3758 4138 3819 4189 ἐν

2238 4222 2534 4294 ὀφθαλμοῖς
2575 4222 2826 4295 ὁρῶντες,
2860 4225 2921 4277 οὐ
2966 4224 3309 4296 σφαλλόμεθα
3350 4225 3654 4295 βλέποντες,
3694 4227 3817 4281 οὐδὲ

2240 4312 2415 4375 ἄλλως
2446 4312 2541 4382 μὲν
2573 4311 2865 4383 βλέπομεν,
2891 4312 3065 4377 ἄλλως
3088 4313 3143 4365 δὲ
3166 4314 3372 4381 γίνεται
3395 4329 3409 4342 ·
3432 4312 3545 4365 ἀλλ’
3574 4313 3649 4377 ὡς
3672 4312 3824 4382 γίνε-

2238 4420 2368 4467 ται,
2405 4401 2692 4473 βλέπομεν,
2722 4404 2817 4457 καὶ
2842 4402 2916 4468 ὡς
2943 4404 3233 4475 βλέπομεν,
3264 4402 3505 4471 γίνεται·
3536 4400 3680 4457 οὕτω
3721 4405 3817 4458 καὶ

2240 4496 2289 4547 οἱ
2318 4493 2595 4565 προφῆται
2619 4493 2684 4547 τὰ
2717 4493 2976 4565 μέλλοντα
3005 4495 3081 4559 ὡς
3107 4494 3349 4566 παρόντα
3375 4493 3630 4548 ἔϐλεπον⁹
3666 4495 3759 4548 καὶ
3780 4496 3819 4549 ἀ

560 4556 966 4656 ἓιεεέειὶιωιιυε
1000 4591 1121 4639 erat
1164 4592 1223 4638 ut
1257 4556 1446 4638 tierent
1478 4556 1546 4638 ea
1589 4599 1710 4653 quae
1742 4583 1846 4654 ipsi
1869 4584 2131 4645 riderent.

2244 4556 2891 4653 ἔϐλεπον-ἐδειγενέσθαι
2927 4556 3271 4656 (σέϐῃ-καὶτὰ
3302 4585 3562 4656 γινόμενα
3601 4586 3820 4650 πάντως

556 4690 618 4736 et
650 4680 916 4746 vicissim,
943 4686 1004 4733 ut
1041 4676 1287 4732 viderent
1315 4676 1420 4746 ipsi
1450 4692 1572 4746 qua:
1611 4676 1791 4732 futura
1829 4685 2034 4733 essent.
2072 4677 2137 4729 Et

560 4786 809 4838 rursum,
838 4768 1298 4841 quemadmodum
1340 4783 1462 4838 quae
1504 4769 1680 4824 oculis
1728 4768 1998 4831 videmus.
2040 4785 2136 4822 ne-

562 4879 720 4919 cesse
748 4875 976 4932 prorsus
997 4870 1082 4915 est
1111 4866 1170 4913 ut
1206 4860 1493 4925 exsistant,
1525 4875 1651 4914 nam
1680 4875 1801 4931 qua:
1826 4868 1956 4915 sunt
1985 4861 2139 4915 vide-

564 4972 710 5020 mus,
753 4970 932 5024 neque
967 4953 1076 5007 alio
1110 4960 1341 5023 possunt
1375 4967 1498 5007 esse
1526 4952 1688 5007 modo
1721 4967 1886 5022 quam
1917 4968 2020 5007 nos
2051 4953 2133 5007 vi-

556 5048 791 5104 deamus
813 5048 929 5114 ;sic
941 5053 997 5101 et
1016 5044 1431 5115 quapropheta:
1452 5045 1879 5113 prospiciebant,
1910 5059 2136 5100 necesse

2243 4680 2376 4751 όρᾷν
2434 4679 2558 4733 ἔδει.
2614 4680 2723 4733 Καὶ
2757 4679 2939 4742 πάλιν,
2974 4679 3161 4749 ὥσπερ
3194 4681 3355 4751 ἡμεῖς
3383 4677 3419 4732 ὃ.
3453 4678 3721 4749 βλέπομεν
3753 4680 3818 4730 ἐν

2243 4770 2559 4841 ὀφθαλμοῖς,
2594 4770 2805 4841 ἀνάγκη
2850 4772 3066 4834 πάντως
3101 4765 3259 4834 εἶναι,
3297 4770 3367 4824 τά
3395 4769 3503 4842 γὰρ
3537 4770 3663 4823 ὀντα
3696 4768 3826 4839 βλέ-

2244 4879 2439 4933 πομεν,
2474 4862 2565 4916 καὶ
2596 4863 2696 4915 οὐκ
2728 4862 2875 4914 ἐστιν
2901 4861 3076 4926 ἄλλως
3114 4861 3364 4931 γενέσθαι
3396 4862 3429 4932 ἦ
3468 4861 3545 4924 ὡς
3571 4860 3788 4931 ὁρῶμεν
3807 4876 3822 4889 ε

2238 4952 2380 5006 οὕτω
2418 4955 2513 5006 καὶ
2556 4954 2607 5006 οἱ
2658 4952 2954 5024 προφῆται,
2988 4953 3024 5006 ἃ
3065 4954 3415 5025 προεϐλεπον,
3447 4955 3553 5008 ἔδει
3601 4955 3826 5018 πάντως

2242 5042 2404 5110 εἶναι,
2437 5047 2532 5099 καὶ
2566 5046 2641 5118 μὴ
2690 5044 2865 5108 ἄλλως
2915 5046 3157 5114 γίνεσθαι
3193 5047 3225 5117 ἦ
3265 5048 3340 5111 ὼς
3378 5049 3825 5119 προεωράκασιν.

638 5207 683 5240 ³³
722 5205 863 5262 Psal.
901 5226 1023 5274 xxI,
1059 5209 1143 5264 l9.
1218 5208 1263 5239 ⁸⁸
1302 5205 1449 5261 Psal.
1486 5214 1691 5257 vaut.
1724 5197 1817 5255 2‘2.
1892 5200 1935 5231 “
1976 5197 2081 5256 lsa.
2114 5214 2250 5267 Lm,
2290 5203 2311 5254 1
2346 5218 2361 5267 ;
2396 5197 2554 5255 Joan.
2591 5215 2665 5253 xn
2689 5240 2705 5266 ,
2739 5202 2924 5267 37,38.

643 5388 755 5458 (39)
787 5391 926 5452 Mou,
970 5389 1123 5445 abest
1160 5404 1191 5443 a
1235 5387 1418 5458 Basili
1442 5393 1497 5458 et
1543 5382 1754 5458 Anglic.
1784 5379 1957 5434 Paulo
1996 5388 2139 5450 post,

568 5453 854 5526 Anglican.
888 5459 1079 5513 Πολλοὶ
1117 5459 1225 5529 γὰρ
1255 5453 1772 5529 τοῖς-Εὐαγγελίοις-

640 5524 853 5600 (ιο-ιι)
888 5524 1228 5590 Basiliensis,
1266 5526 1470 5600 μᾶλλον,
1498 5524 1574 5600 δέ;

640 5587 752 5671 (ιε)
786 5587 892 5656 Τοῦ
927 5587 1229 5671 προφήτου,
1266 5587 1426 5652 ’ἀθεεὶ
1458 5595 1516 5649 in
1548 5591 1831 5648 Basiliensi
1869 5596 1924 5644 et
1955 5587 2141 5659 Angli-

564 5683 767 5811 alia)
803 5735 948 5795 Felc.
978 5737 1240 5810 3,.solus,
1277 5734 1482 5790 ἀποδεῖ.
1520 5732 1688 5789 Paulo
1726 5738 1871 5803 post,
1906 5728 2136 5793 ἑαυτῶν,

2248 5377 2400 5433 abest
2430 5378 2498 5431 ab
2526 5378 2716 5433 eodem

2317 5448 2431 5520 (μ)
2459 5447 2604 5520 Felc.
2632 5450 2683 5507 3.
2725 5450 2835 5513 τοϊς
2864 5451 3188 5520 προφήταις.

2318 5466 2431 5518 (44)
2459 5466 2604 5505 relc.
2632 5466 2683 5507 οο
2725 5466 2835 5513 τοις
2864 5466 3109 5573 Ἕροφητα

2318 5518 2429 5597 es)
2468 5519 2603 5597 me.
2635 5520 2838 5597 apem
3054 5521 3109 5597 3-

2317 5588 2427 5656 (46)
2470 5587 2616 5645 Felc.
2656 5590 2708 5645 '5.
2740 5589 2964 5643 ἔϐλεπον
2992 5592 3079 5643 ἀεὶ
3108 5589 3382 5657 γενέσθαι.
3414 5590 3474 5645 ln
3507 5590 3697 5648 eodem
3727 5590 3823 5651 in-

2246 5655 2332 5710 fra,
2362 5659 2417 5710 ὲν
2451 5669 2579 5715 ante
2610 5659 2926 5731 ὀφθαλμοῖς,
2963 5655 3130 5717 deest.
3172 5662 3184 5673 ⁸
3758 5662 3767 5671 ’
