4008 6404
193 452 276 505 2m

1247 446 1334 503 DE
1373 445 1711 504 PASSIONE
1738 444 1827 500 ET
1868 442 2100 500 CRUCE
2140 442 2399 499 DOMlNl.

3367 454 3472 511 202

149 632 154 640 _
205 564 340 619 Ἔτει
353 564 405 617 εἰ
427 563 504 619 τὰ
522 566 877 637 γενησόμενα
892 566 1104 639 (4748)
1126 568 1199 638 μὴ
1216 563 1572 638 προέϐλεπον,
1599 562 1789 616 οὐκέτι

1902 575 2119 630 prorsus
2148 567 2267 615 erat
2308 568 2366 615 ut
2397 559 2585 616 flerent
2605 602 2620 629 ,
2647 576 2823 632 neque
2850 563 2957 618 alio
2985 565 3145 621 modo
3172 581 3332 636 quam
3368 569 3469 639 ipsi

196 656 250 710 ἃν
269 651 410 727 ἦσαν
437 657 760 729 προφῆται.
796 659 906 712 Καὶ
937 658 1164 713 καθόλου
1189 657 1246 711 δὲ
1271 656 1428 711 τοῦτο
1464 655 1663 709 εἰδέναι
1684 654 1786 718 δεῖ,

197 749 262 803 ὅτι
287 751 332 802 οἱ
378 750 685 821 προφῆται
718 751 781 804 ού
809 751 988 821 νόμων
1034 752 1141 805 εἰσὶ
1180 748 1510 814 διδάσκαλοι,
1552 748 1640 800 ἵνα
1696 746 1793 817 μό-

197 856 270 893 νον
297 837 434 909 με),
471 838 512 892 ἃ
554 840 988 911 προστάττουσι,
1030 840 1305 910 γίγνηται,
1339 836 1474 891 ἀλλὰ
1519 834 1627 889 τῶν
1664 833 1792 906 μελ-

196 930 374 985 λόντων
404 933 522 985 εἰσὶ
560 933 1042 1003 προσημάντορες.
1074 933 1147 985 UO
1176 929 1283 1002 γὰρ
1319 927 1508 1000 ἐπειδὴ
1545 927 1786 996 λέγουσι,

197 1023 269 1077 διὰ
290 1022 452 1076 τοῦτο
480 1023 586 1076 καὶ
618 1023 841 1092 γίνεται
871 1024 939 1078 τὰ
967 1024 1249 1095 γινόμενα,
1298 1020 1413 1074 ἀλλ’
1442 1021 1525 1074 ὅτι
1544 1019 1790 1088 γίνεσθαι

202 1112 383 1183 μέλλει,
415 1111 516 1166 διὰ
546 1112 721 1167 τοῦτο
773 1114 868 1168 καὶ
909 1114 1253 1186 προλέγουσι,
1301 1110 1395 1165 καὶ
1445 1110 1662 1183 ἀνάγκη
1713 1111 1787 1182 μὴ

196 1201 475 1269 ψεύδεσθαι
525 1202 665 1266 τοὺς
712 1206 1022 1276 προφήτας,
1054 1203 1223 1276 ὁρῶσι
1270 1201 1378 1275 γάρ
1431 1200 1668 1273 άληθῶς.
1726 1202 1789 1255 El

196 1292 287 1365 γὰρ
310 1292 440 1347 καθ’
472 1293 752 1348 ὑπόθεσιν
785 1294 897 1367 (50)
944 1296 1018 1367 μὴ
1060 1293 1512 1367 προαπήγγελλον
1557 1295 1607 1347 οἱ
1654 1310 1788 1364 προ-

199 1385 366 1456 φῆται,
421 1385 572 1438 ἀλλὰ
616 1386 735 1440 τῶν
780 1386 1050 1441 Ἰουδαίων
1076 1383 1144 1458 ἦν
1180 1389 1213 1458 ἡ
1258 1385 1593 1458 προαίρεσις,
1646 1384 1787 1438 ὥστε

199 1476 444 1548 πράττειν
476 1475 687 1531 ταῦτα.
725 1479 839 1532 Καὶ
874 1478 1009 1542 ὅλως
1034 1480 1083 1532 οι
1112 1478 1367 1549 άγιοιούκ
1395 1478 1790 1547 ἁναγκαστικοὶ

199 1569 290 1622 τῶν
335 1570 698 1641 γιγνομένων
758 1570 936 1624 εἰσιν*
985 1569 1119 1625 ἀλλά
1167 1570 1267 1644 τὴν
1315 1570 1636 1643 προαίρεσιν
1680 1570 1789 1623 τῶν

201 1663 540 1734 πραττόντων
598 1663 1008 1735 προϐλέποντες
1050 1664 1391 1735 σημαίνουσι.
1444 1664 1557 1718 Καὶ
1600 1663 1788 1735 ὥσπερ

200 1755 243 1807 οἱ
264 1754 741 1819 ἀνασκευάζοντες
769 1755 955 1825 ἔλεγον
974 1774 988 1788 ’
1022 1751 1190 1829 *Αρον
1218 1757 1309 1811 τὸν
1341 1756 1500 1827 λόγον
1535 1757 1628 1812 τοῦ
1656 1774 1789 1829 προ-

204 1844 353 1916 φήτου
380 1885 396 1908 ,
441 1846 545 1900 καὶ
599 1846 828 1911 πάντως
859 1847 970 1920 (51)
1000 1849 1049 1902 οἱ
1085 1848 1326 1903 Ἰουδαῖοι
1371 1848 1782 1904 πιστεύσουσιν·

1891 651 2288 722 pravidiSsent.
2334 649 2613 722 Siquidem
2659 653 2768 709 nisi
2820 653 3003 711 futura
3059 657 3469 727 pravidissent,

1892 755 2236 810 nequaquam
2272 742 2550 812 propheta
2581 741 2835 798 fuissent.
2878 743 2944 799 Et
2986 747 3274 802 sciendum
3312 763 3472 819 pror-

1891 846 1989 887 sus
2014 840 2098 887 est
2119 873 2134 895 .
2166 833 2462 904 prophetas
2509 850 2619 888 non
2653 837 2831 906 legum
2872 853 2996 893 esse
3040 840 3337 911 magistros
3370 859 3384 906 ;
3415 850 3475 895 ut

1891 937 1953 977 ea
1983 923 2160 979 solum
2188 940 2311 993 qua
2345 925 2421 978 illi
2451 926 2667 995 jubent,
2707 927 3102 998 perficiantur;
3136 932 3232 987 sed
3259 931 3470 987 futuro-

1891 1027 2014 1066 rum
2061 1027 2186 1068 esse
2235 1014 2714 1083 pranuutiatores.
2748 1015 2869 1071 Non
2905 1020 3050 1073 enim
3095 1018 3225 1091 quia
3261 1021 3472 1086 dicunt,

1890 1119 1981 1159 res
2023 1105 2307 1169 eveniunt,
2362 1106 2456 1160 sed
2500 1106 2629 1176 quia
2677 1116 2952 1163 eventura
2996 1117 3175 1174 erant,
3227 1111 3350 1167 ideo
3395 1112 3476 1169 illi

1889 1194 2281 1265 pranuntiant,
2293 1211 2689 1267 necessumque
2702 1206 2782 1253 est
2798 1215 2906 1253 non
2920 1202 3137 1257 mentiri
3156 1203 3472 1274 prophetas,

1890 1305 2017 1344 cum
2063 1305 2193 1346 vere
2238 1306 2329 1347 res
2380 1300 2439 1345 ut
2492 1299 2620 1347 sunt
2663 1293 2904 1348 videant.
2968 1294 3027 1350 Si
3071 1313 3310 1369 namque
3345 1315 3474 1372 pro-
3530 1315 3547 1324 ε

1890 1382 2065 1453 pheta
2093 1397 2204 1437 non
2241 1385 2733 1453 pranuntiassent,
2768 1387 3128 1445 nihilominus
3159 1389 3475 1448 Judaorum

1891 1474 2085 1531 fuisset
2144 1476 2488 1546 propositum
2567 1478 2699 1533 talia
2764 1481 3140 1551 perpetrandi.
3200 1483 3379 1554 Atque
3421 1486 3478 1540 in

1890 1581 2103 1622 summa
2128 1569 2335 1632 sancti,
2365 1584 2710 1640 nequaquam
2743 1573 2926 1627 verbis
2955 1573 3072 1629 suis
3099 1576 3476 1635 necessitatem

1889 1659 2179 1728 inducunt,
2238 1669 2297 1716 ut
2348 1677 2439 1717 res
2482 1663 2788 1733 eveniant;
2838 1665 2936 1722 sed
2980 1682 3104 1721 cum
3147 1670 3480 1739 praevideant

1889 1768 2078 1809 eorum
2121 1754 2463 1824 propositum
2504 1756 2598 1826 qui
2637 1757 2814 1811 acturi
2858 1766 3006 1826 sunt,
3054 1759 3105 1814 id
3148 1761 3475 1832 significant.

1889 1844 1959 1900 At
2009 1846 2153 1901 sicut
2193 1845 2446 1915 obiecere
2502 1845 2581 1900 illi
2630 1845 3002 1919 refragatores
3062 1868 3075 1904 ε
3134 1848 3288 1906 Tolle
3349 1868 3480 1924 pro-

206 1936 358 2002 οὕτως
371 1939 549 2011 φαίην
593 1938 663 1993 ἂν
709 1938 872 2008 κάγώ
890 1960 902 1972 ·
933 1918 1103 2013 ΊῇΔιρον
1132 1941 1232 2005 τὰς
1267 1941 1492 2014 πράξεις
1520 1940 1629 1994 τῶν
1660 1941 1791 1995 Ἰου-

1902 1937 2073 2010 pheta
2122 1953 2457 1999 sermonem.
2519 1946 2575 1993 et
2635 1918 2801 2008 plane
2852 1942 3082 1997 credent
3136 1918 3369 2013 Judai;
3406 1945 3479 2001 ita

211 2029 376 2094 δαίων,
423 2031 527 2085 καὶ
575 2030 806 2096 πάντως
843 2031 905 2086 οὐ
936 2034 1275 2106 προεφήτευε
1308 2033 1375 2088 ἂν
1396 2034 1525 2106 περὶ
1551 2031 1730 2086 αὐτῶν
1761 2034 1791 2087 ό

221 2122 433 2187 Ἡσαΐας
457 2123 720 2180 τοιαῦτα.

273 2214 352 2272 ιθ.
390 2216 523 2270 Ἐὰν
552 2215 790 2270 τοίνυνὸ
824 2216 1077 2289 Ἰωάννης
1104 2216 1240 2293 λέγῃ
1262 2235 1276 2249 ·
1317 2237 1336 2271 ι
1369 2219 1484 2274 Οὐκ
1508 2219 1792 2276 ἐπίστευον

215 2306 281 2371 εἰς
298 2307 454 2361 αὐτὸν
476 2308 529 2361 οἱ
563 2308 839 2373 Ἰουδαῖοι,
869 2309 957 2362 ἵνα
978 2310 1237 2383 πληρωθῇ
1264 2313 1291 2365 ό
1314 2310 1474 2382 λόγος
1509 2313 1787 2378 Ἡσαΐου.»

220 2398 373 2471 μήτῷ
402 2400 554 2471 λόγῳ
594 2399 692 2455 τοῦ
721 2402 1011 2485 προφήτου
1038 2403 1135 2478 τὴν
1164 2403 1346 2458 αἰτίαν
1387 2403 1493 2475 δῷς
1521 2405 1620 2477 τῆς
1662 2407 1795 2460 am.

218 2489 352 2553 στίας
382 2488 589 2555 αὐτῶν,
619 2490 758 2544 ἀλλὰ
783 2493 854 2561 τῇ
909 2490 1105 2563 πράξει
1138 2491 1319 2545 αὐτῶν
1342 2492 1450 2547 τῶν
1502 2494 1791 2551 Ἰουδαίων.

221 2583 278 2635 ’Δ
296 2582 399 2655 γάρ
417 2576 568 2637 οὗτοι
599 2582 698 2636 νῦν
733 2581 1028 2653 ἔπραττον,
1055 2581 1226 2637 ταῦτα
1256 2583 1586 2656 προέϐλεπεν
1609 2586 1637 2639 ὁ
1661 2604 1794 2659 προ-

218 2676 374 2748 φήτης
429 2677 496 2729 ὲκ
547 2674 749 2730 πολλοῦ
777 2691 794 2708 ⁸
853 2677 950 2729 καὶ
991 2675 1097 2730 ἔδει
1133 2676 1321 2731 τοῦτον
1350 2676 1425 2750 μὴ
1464 2677 1790 2749 ψεύσασθαι,

217 2767 334 2821 ἀλλὰ
388 2767 727 2840 γνωσθῆναι,
781 2767 866 2821 ὅτι
917 2766 986 2821 τὰ
1026 2767 1124 2823 νῦν
1154 2768 1413 2841 γινόμενα
1443 2771 1794 2845 προεώρακεν

219 2858 435 2929 ἀληθῶς.
472 2861 594 2914 Ἵνα
620 2859 735 2932 γὰρ
763 2861 794 2913 ὁ
820 2857 983 2929 λόγος
1030 2860 1193 2915 αὐτοῦ
1255 2859 1461 2934 ἀληθὴς
1497 2866 1611 2928 τοῖς
1655 2864 1795 2936 μετὰ

216 2954 372 3009 ταῦτα
395 2957 565 3028 φανῇ,
596 2951 955 3025 ὴλέγχθησαν
1002 2952 1221 3007 ἄπιστοι
1264 2952 1360 3007 καὶ
1404 2955 1791 3027 κρυπτόμενοι.

217 3042 380 3101 Ἦσαν
429 3047 531 3118 μὲν
576 3044 691 3115 γὰρ
732 3047 803 3117 τῇ
865 3043 1185 3117 προαιρέσει
1237 3041 1466 3114 φαῦλοι·
1507 3044 1696 3117 ἐπειδὴ
1738 3046 1797 3101 δὲ

219 3137 469 3212 ἔκρυπτον
499 3136 687 3193 αὐτῶν
704 3136 808 3210 τὴν
839 3136 1122 3201 ἀπιστίαν,
1157 3136 1187 3188 ὁ
1236 3134 1397 3205 λόγος
1445 3135 1665 3207 ἐλεγχος
1707 3138 1799 3207 γέ-

218 3250 360 3302 γονεν
398 3231 600 3287 αὐτῶν.
651 3230 759 3285 Διὰ
807 3228 971 3282 τοῦτο
1011 3227 1143 3297 γοῦν
1194 3228 1297 3283 οὐκ
1358 3228 1672 3294 ἐπίστευον,
1712 3230 1796 3283 ὃτι
1822 3268 1867 3328 c

220 3323 432 3397 ήλεγχεν
490 3324 697 3386 αὐτοὺς
745 3323 776 3375 ὁ
823 3321 983 3391 λόγος
1029 3319 1470 3393 κρυπτομένουςς
1537 3323 1648 3377 Καὶ
1701 3322 1795 3376 ἐὰν

218 3416 340 3488 λέγῃ
374 3416 566 3471 πάλινο
616 3416 741 3470 υύκ
772 3411 1041 3485 ⁴ήδύναντο
1090 3411 1368 3468 πιστεύειν
1416 3414 1464 3467 oi
1529 3413 1795 3480 Ἰουδαῖοι,

218 3509 295 3563 ὅτι
338 3510 645 3582 γέγραπται
692 3506 768 3561 τὰ
812 3508 939 3560 κατ’
989 3504 1172 3559 αὐτῶν
1194 3524 1208 3537 ·
1244 3504 1319 3578 μὴ
1357 3506 1419 3559 τὸ
1444 3505 1705 3561 ἀδύνατον
1729 3509 1795 3579 τῇ

221 3602 519 3674 προαιρέσει
551 3598 667 3652 τῶν
691 3595 810 3670 (52)
839 3595 1191 3669 πραττόντων
1217 3595 1343 3667 δῷς.
1383 3596 1664 3651 Ἐδύναντο
1691 3595 1796 3669 γὰρ

219 3694 308 3746 καὶ
335 3689 765 3763 μεταϐάλλεσθαι
783 3705 799 3721 ·
829 3685 970 3742 ἀλλὰ
1009 3688 1070 3741 τὸ
1101 3685 1357 3741 ἀδύνατον
1381 3687 1451 3752 ,τὸ
1494 3687 1569 3758 μὴ
1596 3686 1797 3758 ψεύσαο

222 3783 339 3837 σθαι
360 3784 448 3838 τὸν
474 3783 791 3856 προφήτην.
832 3778 1056 3850 Ἐπειδὴ
1077 3776 1186 3851 γὰρ
1212 3776 1429 3850 άληθῶς
1450 3776 1682 3849 ἑώρακε,
1711 3776 1800 3830 διὰ

217 3875 369 3929 who
423 3875 690 3930 ἀδύνατον
731 3868 802 3945 ἦν
851 3870 1123 3943 σφαλῆναι
1168 3871 1349 3924 αὐτόν.
1378 3872 1451 3925 Ού
1496 3872 1604 3944 γάρ
1628 3871 1801 3936 ἄλλως

219 3968 528 4042 key/ueni}
562 3969 640 4032 ὡς
654 3967 876 4038 γέγονε,
910 3966 1005 4019 καὶ
1029 3965 1306 4036 ἐφάνησαν
1334 3965 1571 4020 ἄπιστοι.
1606 3964 1796 4028 Οὕτως

220 4063 310 4116 καὶ
331 4064 389 4117 τὸ
417 4063 559 4117 κατὰ
577 4061 676 4134 τὴν
702 4059 985 4133 Παρθένον
1019 4056 1591 4137 πεπλήρωταιθαῦμα,
1624 4058 1720 4113 καὶ
1742 4058 1801 4112 τὸ

218 4154 356 4208 κατὰ
409 4155 664 4225 Ἰωάννην
694 4152 808 4224 (55)
865 4149 1048 4222 ἀπέϐη
1101 4151 1361 4222 σήμερον,
1393 4151 1487 4203 καὶ
1524 4150 1702 4204 πάντα
1730 4150 1800 4204 τὰ

218 4246 683 4319 προγεγραμμένα
718 4244 1098 4315 πεπλήρωται.
1146 4242 1281 4295 Οὐδὲ
1326 4241 1436 4314 γάρ
1468 4241 1656 4314 ἐπειδὴ
1704 4242 1799 4312 γέ-

216 4355 473 4410 γραπται,
493 4339 582 4392 διὰ
613 4337 775 4392 τοῦτο
804 4337 901 4391 καὶ
930 4333 1246 4397 ἀπέϐαινον,
1278 4333 1391 4387 ἀλλ’
1428 4335 1509 4387 ὃτι
1558 4333 1802 4404 ἐγίγνετο

219 4430 448 4495 πάντως,
488 4429 578 4483 διὰ
596 4428 757 4482 τοῦτο
777 4428 873 4480 καὶ
896 4414 1222 4497 προελέχθη.
1250 4423 1436 4488 Οὕτως
1468 4425 1563 4478 καὶ
1584 4425 1642 4479 τὸ
1662 4423 1802 4480 κατὰ

218 4521 306 4574 τὸν
340 4522 605 4597 μερισμὸν
646 4519 743 4575 νῦν
772 4516 883 4572 τῶν
909 4515 1139 4588 ἱματίων
1165 4514 1355 4585 γέγονε
1376 4532 1389 4545 ·
1423 4515 1518 4568 καὶ
1544 4514 1619 4578 ὡς
1646 4514 1803 4584 γέγο-

1895 2028 2126 2085 dixerim
2159 2044 2259 2099 ego
2294 2048 2307 2083 :
2345 2027 2500 2085 Tolle
2528 2029 2844 2109 Judaorum
2871 2042 3019 2099 acta,
3051 2042 3106 2089 et
3135 2052 3480 2109 nequaquam

1898 2122 2023 2175 talia
2056 2120 2125 2176 de
2159 2120 2269 2176 illis
2294 2104 2704 2191 prophetaverit
2736 2122 2929 2180 lsaias.

1970 2214 2058 2269 10.
2093 2213 2151 2268 Si
2179 2214 2364 2284 itaque
2389 2214 2593 2270 dixerit
2614 2214 2855 2273 Joannes
2890 2236 2903 2271 :
2940 2236 2959 2270 ι
2992 2217 3110 2275 Non
3132 2221 3482 2278 crediderunt

1897 2308 1955 2364 in
1978 2307 2130 2363 illum
2152 2305 2348 2370 Judai,
2372 2316 2432 2362 ut
2461 2308 2783 2379 impleretur
2808 2326 2989 2367 sermo
3005 2310 3196 2379 Isaia;
3228 2334 3247 2367 ι
3273 2331 3341 2371 ηε
3360 2332 3485 2387 pro-

1897 2399 2074 2471 pheta
2106 2399 2344 2455 sermoni
2379 2399 2615 2471 imputes
2651 2417 2846 2457 eorum
2878 2404 3348 2472 incredulitatem,
3384 2410 3483 2466 sed

1898 2492 2142 2563 ipsorum
2166 2490 2476 2547 Iudaeorum
2504 2491 2757 2548 facinori.
2790 2493 2927 2549 Nam
2955 2512 3078 2567 qua
3103 2497 3217 2568 jam
3252 2500 3330 2555 illi
3353 2516 3482 2571 per-

1898 2587 2205 2657 petrabant,
2246 2585 2364 2641 hac
2406 2586 2618 2656 jamdiu
2659 2585 2988 2658 praviderat
3031 2590 3296 2659 propheta
3336 2611 3349 2647 :
3383 2609 3483 2650 ne-

1896 2695 2161 2751 cesseque
2204 2678 2308 2735 fuit
2338 2679 2491 2734 illum
2550 2693 2661 2734 non
2697 2679 2940 2743 mentiri,
2982 2686 3043 2735 ut
3088 2681 3271 2752 palam
3315 2682 3480 2751 foret,

1896 2787 2023 2829 eum
2072 2772 2165 2827 illa
2204 2786 2332 2827 vere
2365 2770 2684 2842 pravidisse
2720 2786 2843 2840 qua
2877 2770 2992 2841 jam
3021 2780 3176 2843 gesta
3222 2783 3371 2831 sunt.
3407 2777 3482 2834 Ut

1897 2880 2138 2937 namque
2162 2878 2345 2921 sermo
2374 2862 2520 2918 illius
2548 2878 2710 2919 verus
2732 2863 2874 2934 apud
2902 2874 3153 2935 posteros
3180 2850 3479 2937 videretur,

1897 2954 2229 3028 deprehensi
2258 2962 2387 3010 sunt
2420 2954 2711 3018 increduli,
2748 2953 2963 3009 etiamsi
2995 2954 3165 3013 latere
3196 2966 3477 3014 curarent.

1894 3049 2005 3122 67
2039 3047 2208 3104 Erant
2237 3047 2383 3103 enim
2433 3045 2509 3100 illi
2553 3046 2834 3117 proposito
2883 3060 2983 3101 suo
3033 3046 3298 3117 improbi;
3355 3064 3479 3104 cum

1899 3149 2084 3197 autem
2113 3155 2269 3197 suam
2304 3139 2647 3194 occultarent
2672 3138 3136 3209 incredulitatem,
3166 3156 3347 3197 sermo
3379 3142 3480 3198 ista

1899 3234 2075 3291 adfuit
2100 3235 2193 3307 qui
2220 3251 2315 3292 eos
2352 3240 2690 3305 coargueret.
2725 3232 2925 3287 ldeone
2962 3231 3128 3303 igitur
3160 3248 3271 3287 non
3300 3233 3482 3289 credi-

1898 3328 2117 3392 derunt,
2153 3328 2298 3398 quod
2337 3343 2520 3385 sermo
2566 3327 2670 3380 iste
2700 3325 2870 3380 latere
2900 3324 3145 3381 volentes
3173 3327 3296 3382 illos
3326 3342 3485 3382 coar-

1898 3419 2112 3491 guerit?
2138 3417 2292 3486 Quod
2319 3419 2364 3475 si
2395 3433 2615 3473 rursum
2647 3416 2794 3495 dicat
2826 3414 3098 3486 quispiam
3128 3434 3141 3471 :
3178 3416 3297 3472 Non
3331 3425 3485 3489 pote-

1900 3521 2023 3567 rant
2045 3510 2218 3567 Judai
2244 3510 2487 3576 credere,
2523 3510 2651 3580 quia
2686 3508 2800 3563 hac
2819 3507 2887 3564 de
2922 3508 3031 3565 illis
3064 3509 3269 3579 scripta
3290 3517 3483 3577 erant;

1901 3605 2398 3675 impossibilitatem
2425 3642 2441 3669 ,
2498 3603 2774 3673 agentium
2805 3601 3073 3656 voluntati
3103 3617 3172 3657 ne
3201 3602 3481 3659 tribuetis.

1897 3695 2158 3751 Poterant
2204 3695 2351 3750 enim
2383 3702 2597 3747 mutare
2626 3692 2974 3757 sententiam,
3001 3692 3097 3747 sed
3143 3692 3486 3763 impossibile

1898 3792 2018 3843 erat
2039 3785 2255 3840 mentiri
2286 3785 2629 3854 prophetam.
2662 3781 2798 3838 Cum
2824 3784 2968 3838 enim
3001 3798 3190 3839 revera
3222 3784 3481 3850 vidisset,

1902 3880 2018 3936 fieri
2072 3877 2333 3949 nequibat
2392 3887 2452 3931 ut
2498 3876 2948 3931 hallucinaretur.
3008 3873 3127 3931 Non
3185 3876 3293 3931 alio
3337 3877 3483 3933 enim

1898 3972 2064 4032 modo
2114 3985 2229 4025 rem
2265 3969 2439 4034 vidit,
2480 3982 2645 4039 quam
2680 3983 2790 4038 quo
2823 3976 2975 4038 gesta
3034 3976 3157 4024 est:
3195 3976 3356 4039 atque
3410 3968 3487 4024 iili

1902 4063 2170 4120 increduli
2203 4062 2526 4133 deprehensi
2566 4075 2713 4117 sunt.
2766 4060 2966 4117 Eadem
3011 4061 3220 4117 ratione
3263 4060 3396 4116 illud
3431 4062 3486 4116 in

1902 4155 2123 4227 Virgine
2152 4154 2473 4210 miraculum
2502 4153 2781 4223 impletum
2807 4162 2912 4219 est,
2936 4160 2989 4207 et
3013 4151 3160 4223 quod
3205 4166 3237 4206 a
3279 4150 3489 4207 Joanne

1902 4253 2189 4310 narratur,
2250 4245 2412 4300 hodie
2441 4244 2669 4314 contigit
2696 4262 2708 4297 :
2741 4243 2925 4298 omnia
2984 4244 3114 4298 item
3144 4258 3489 4314 quacunque

1903 4338 2109 4409 scripta
2140 4348 2269 4393 sunt
2301 4335 2519 4406 impleta
2556 4329 2725 4389 fuere.
2773 4331 2892 4387 Non
2927 4334 3072 4388 enim
3108 4333 3230 4388 ideo
3261 4349 3491 4390 evenere

1902 4430 2031 4502 quia
2057 4430 2260 4499 scripta
2291 4435 2456 4494 sunt;
2493 4427 2586 4483 sed
2620 4427 2747 4497 quia
2779 4441 3034 4490 evenere,
3068 4424 3191 4481 ideo
3227 4440 3489 4495 pranun-

1903 4522 2038 4574 tiata
2070 4519 2305 4574 fuerant.
2341 4516 2434 4571 Sic
2472 4517 2586 4586 jam
2627 4516 2697 4571 de
2733 4517 3186 4571 vestimentorum
3220 4515 3492 4571 divisione

218 4628 324 4678 νῖν,
344 4615 514 4679 οὓτως
548 4614 648 4668 καὶ
687 4611 1010 4685 προεωρᾶτο
1028 4626 1040 4638 ·
1071 4607 1164 4661 καὶ
1191 4608 1267 4670 ὡς
1290 4607 1678 4680 προεσημάνθη
1706 4609 1797 4661 καὶ

1904 4620 2084 4668 actum
2116 4619 2238 4667 est:
2269 4618 2342 4671 ct.
2390 4617 2552 4680 prout
2584 4618 2764 4664 actum
2805 4618 2910 4671 est,
2936 4607 3012 4661 ita
3048 4607 3338 4678 pravisum
3368 4606 3492 4663 fue-

219 4705 643 4780 προαπηγγέλθη
674 4704 808 4777 (54),
835 4701 1013 4766 οὕτως
1034 4700 1129 4754 καὶ
1169 4699 1525 4772 πεπλήρωται
1571 4700 1665 4753 καὶ
1706 4700 1801 4754 πέ-

221 4814 474 4866 πρακται.
526 4797 843 4867 Γέγραπται
888 4791 948 4845 δὲ
994 4790 1167 4845 οὕτω·
1205 4811 1223 4842 ι
1275 4788 1693 4861 Σταυρώσαντες
1744 4790 1801 4843 δὲ

221 4893 411 4954 αὑτὸν,
465 4890 848 4963 διεμερίσαντο
908 4884 980 4939 τὰ
1023 4885 1213 4956 ἱμάτια
1267 4882 1453 4947 αὑτοῦ,
1516 4882 1800 4953 βάλλοντες

222 4981 413 5054 κλῆρον
432 5001 446 5013 ’
489 4984 577 5037 ἶνα
618 4979 887 5053 πληρωθῇ
938 4977 1001 5030 τὸ
1032 4976 1195 5048 ῥηθὲν
1218 4974 1308 5029 διὰ
1332 4975 1426 5029 τοῦ
1477 4976 1758 5046 προφήτου
1783 4991 1796 5004 ·
1824 4988 1835 4999 ⁸

222 5074 601 5148 Διεμερίσαντο
643 5073 714 5127 τὰ
760 5068 957 5143 ἱμάτιά
1013 5085 1113 5138 μου
1166 5070 1397 5131 ἑαυτοῖς,
1448 5066 1543 5120 καὶ
1589 5066 1681 5118 ἐπὶ
1708 5066 1801 5119 τὸν

225 5165 505 5240 ἱματισμόν
554 5185 658 5239 μου
711 5165 910 5219 ἔϐαλον
942 5160 1165 5232 κλῆρον.
1208 5178 1227 5211 ι
1262 5158 1538 5223 Ματθαῖος
1570 5158 1672 5230 μὲν
1709 5154 1803 5211 οὖν

231 5260 361 5325 μετὰ
388 5263 492 5314 τῶν
520 5260 697 5315 ἄλλων
744 5251 1154 5324 εὑαγγελιστῶν
1189 5250 1554 5323 ἁπλούστερον
1585 5251 1675 5303 τὸν
1709 5266 1804 5320 με-

233 5352 411 5422 ρισμὺν
463 5349 795 5424 γεγενῆσθαί
838 5360 1011 5418 φησι·
1053 5344 1084 5396 ὁ
1137 5342 1195 5396 δὲ
1245 5343 1499 5414 Ἰωάννης
1557 5340 1650 5397 καὶ
1705 5341 1804 5412 τὴν

272 5487 492 5570 ’(4748)
526 5489 755 5564 Regius,
787 5487 839 5540 εἰ
872 5482 944 5539 τὰ
975 5484 1255 5554 γινόμενα.
1288 5480 1499 5553 Anglic.
1540 5482 1588 5534 εἰ
1616 5482 1683 5537 τά
1710 5500 1804 5551 γε·

235 5571 517 5705 Ϊῖῗ-θδρδὶε
546 5630 756 5705 Regius
789 5622 1259 5705 secanda‘manu.
1295 5637 1456 5692 quem
1497 5624 1799 5705 sequimur.

242 5692 487 5779 Editiﬁpa
518 5705 596 5779 μὴ
628 5692 831 5779 ¹ξιόνον.
858 5694 1395 5779 ΜρχλΑῃβιὶετιιιυε,
1441 5692 1801 5775 σημάντορες.

293 5771 394 5875 βθ)
428 5776 482 5832 ln
513 5763 840 5831 hac'verba
876 5766 950 5821 ad
994 5763 1160 5819 Basil.
1201 5773 1423 5817 notatur
1452 5763 1506 5817 in
1540 5763 1803 5835 margine,

240 5833 289 5875 Ἃρ
310 5860 384 5875 -ι-ρ.
412 5864 456 5875 -.
510 5850 630 5875 ιιι...-
668 5848 878 5875 ιιιηιηνι
913 5836 1065 5875 nulla
1094 5843 1426 5875 rnmnnrm‘ll-

242 5836 387 5913 λείπει
412 5864 481 5913 τι,
509 5850 635 5903 licet
667 5848 881 5913 lacuna
913 5836 1428 5913 nulla_compa_reat.

296 5912 390 5992 (51)
413 5904 754 5980 Basiliensis,
778 5909 1021 5969 πάντες.
1060 5904 1228 5968 infra,
1258 5906 1344 5968 ἄν,
1386 5913 1529 5976 post,
1569 5909 1808 5981 προεφὴ-

510 6016 785 6079 Pauor.
852 6002 981 6064 Gn.
1040 5995 1341 6061 XXVIII.

1906 4712 1993 4760 rat
2024 4722 2037 4758 :
2064 4712 2119 4759 et
2150 4711 2209 4758 ut
2240 4703 2392 4774 prius
2423 4700 2786 4772 significatum
2818 4701 3350 4772 pranuntiatumque
3368 4699 3490 4765 fuit,

1908 4794 1984 4849 ita
2008 4794 2336 4863 completum
2367 4802 2692 4863 gestumque
2721 4799 2825 4848 est.
2870 4789 3147 4862 Scriptum
3198 4797 3377 4845 autem
3410 4797 3493 4845 est

1910 4887 2025 4942 ita:
2066 4905 2083 4937 ι
2121 4884 2416 4955 Postquam
2450 4894 2631 4939 autem
2670 4883 3063 4939 crucifixerunt
3107 4897 3257 4946 eum,
3293 4880 3495 4935 divise-

1909 4984 2040 5031 runt
2067 4976 2391 5031 vestimenta
2416 4975 2569 5045 ejus,
2617 4982 2818 5030 sortem
2852 4975 3170 5029 mittentes:
3205 4979 3265 5026 ut
3295 4970 3490 5041 imple-

1910 5078 2060 5125 retur
2114 5067 2261 5138 quod
2309 5068 2515 5123 dictum
2574 5074 2659 5123 est
2722 5082 2818 5137 per
2867 5066 3188 5135 prophetam
3234 5062 3495 5118 :Divise-

1910 5170 2042 5216 runt
2067 5160 2172 5216 sibi
2200 5161 2527 5216 vestimenta
2571 5173 2690 5213 mea
2710 5197 2725 5223 ,
2771 5165 2825 5212 et
2858 5171 3024 5226 super
3057 5162 3262 5210 vestem
3317 5168 3495 5210 meam

1909 5254 2179 5310 miserunt
2233 5260 2461 5311 sortem.
2502 5270 2521 5303 ι
2558 5250 2840 5305 Matthaus
2888 5256 3035 5303 certe
3089 5252 3214 5302 cuin
3269 5245 3499 5321 reliquis

1910 5344 2262 5415 evangelistis
2329 5342 2633 5413 simplicius
2706 5340 2907 5395 factam
2982 5338 3310 5395 divisionem
3379 5340 3495 5395 ait:

1903 5502 2049 5549 τευε,
2081 5484 2237 5539 deest
2276 5484 2330 5538 in
2379 5482 2568 5554 Regio.
2607 5481 2909 5554 Anglicano
2952 5477 3199 5554 et_F‘elc.
3240 5479 3295 5535 5.
3327 5479 3500 5536 Paulo

1906 5563 2062 5628 post,
2085 5554 2287 5628 Regius
2310 5562 2365 5611 et
2393 5550 2749 5628 Anglicanus,
2780 5550 2951 5618 λέγει,
2987 5550 3107 5628 ούκ.

2120 5619 2463 5704 ῌᾶεἰὲίεηείε,
2482 5619 2949 5704 secnndaJnanu,
3077 5619 3343 5704 πορρήσει
3364 5620 3495 5704 τῶν.

1982 5690 2094 5767 (55)
2131 5693 2438 5767 Ita_Regius
2473 5701 2541 5767 et;
2563 5690 2708 5767 Felc.
2821 5692 2880 5767 in
2914 5692 3079 5767 edili_s
3105 5690 3249 5767 νει-9
3274 5692 3495 5767 legitur.

1909 5759 2178 5889 :6~),6a;nte
2219 5759 2491 5834 Ἰωάννην.
2526 5761 2700 5827 Infra,
2737 5761 2902 5818 Basil.
2938 5770 2992 5817 et
3028 5760 3175 5818 Felc.
3200 5761 3255 5828 5,
3280 5759 3357 5814 Ού
3389 5759 3499 5832 γὰρ

1945 5854 2033 5889 πει
2067 5856 2120 5889 n.

1911 5839 2120 5892 ὲπειδῆ.

1985 5856 2353 5981 ῗὲἱῗἸὶοςῑυε,
2382 5906 2586 5979 Anglic.
2622 5914 2674 5962 et
2710 5904 2859 5963 Felc.
2888 5907 2942 5972 5,
2969 5900 3387 5976 προαπηγγὲλη..

3052 5999 3088 6056 7
