4008 6404
161 415 240 474 I05
1204 421 1293 476 DE
1328 418 1663 477 PASSIONE
1701 417 1792 476 ET
1829 419 2063 478 CRUCE
2103 419 2360 476 DOMINI.

3315 424 3422 478 206

165 535 406 591 ἑὸάστασε
617 538 744 593 Καὶ
777 538 1008 612 ἐλεήσας
1045 537 1106 592 τὸ
1137 536 1328 608 θνητὸν
1366 538 1548 609 ἡμῶν,
1599 554 1754 610 περι-

1863 537 2034 608 ipsum
2060 553 2233 608 usque
2257 537 2324 591 ad
2345 545 2596 602 mortem,
2630 544 2858 593 mortem
2888 547 3066 594 autem
3087 540 3268 596 crucis
3290 541 3356 596 ".
3401 562 3418 592 ι

167 626 353 680 ιὸἀλετο
377 626 578 683 τοῦτο.
605 629 785 698 Λέγει
817 628 970 698 γάρὸ
995 626 1204 692 Παῦλος
1228 643 1244 658 ο
1289 645 1309 678 ι
1359 627 1752 680 Ἐταπείνωσεν

167 717 324 772 ἑαυτὸν
371 719 550 790 μέχρι
583 719 856 784 θανάτου,
887 720 1117 774 θανάτου
1144 719 1201 772 δὲ
1249 717 1502 788 σταυροῦ.
1542 737 1562 771 ι
1607 716 1752 772 Ἰδὼν

170 811 210 864 δὲ
247 810 334 864 καὶ
375 809 443 863 τὸ
494 812 650 882 πρὸς
691 813 796 883 τὴν
841 812 1094 866 ἀπόδοσιν
1127 809 1282 881 ἡμῶν
1330 810 1429 880 τῆς
1480 809 1753 879 τιμωρίας

172 902 424 965 ἀδύνατον,
469 902 787 970 ἀνεδέξατο
835 903 1040 975 ταύτην
1085 901 1276 965 αὐτός’
1309 920 1328 953 ι
1365 899 1601 973 Χριστὸς
1643 900 1752 972 γὰρ

175 994 365 1064 γέγονεν
389 993 544 1066 ὑπὲρ
565 995 738 1066 ἡμῶν
765 995 1002 1067 κατάρα.
1029 1014 1049 1047 ι
1075 995 1185 1047 Καὶ
1213 993 1355 1047 οὕτω
1374 993 1439 1065 δὴ
1458 993 1526 1047 τά
1545 991 1754 1063 ἀνθρώ-

177 1105 281 1142 ιιινα
299 1081 754 1159 περιδαλόμεύος
781 1089 878 1142 καὶ
907 1086 1338 1158 ἀμφιεσάμενος,
1368 1084 1433 1138 δι’
1463 1084 1657 1138 ἐαυτοῦ
1686 1082 1756 1137 τά

177 1177 306 1249 ἡμῶν
365 1177 709 1248 προσήγαγε
764 1176 848 1248 τῷ
901 1175 1099 1248 Πατρὶ,
1153 1177 1262 1240 ἵνα,
1314 1175 1391 1238 ὡς
1440 1174 1550 1246 (65)
1591 1174 1755 1239 αὐτὸς

181 1270 396 1339 πάσχων,
426 1267 654 1340 ἀϐλαϐῆ
685 1269 782 1323 τὸν
812 1269 1096 1340 ἄνθρωπον
1144 1267 1422 1338 πάσχοντα
1460 1283 1756 1321 κατασκευ-

180 1362 283 1434 άσῃ,
311 1360 407 1414 καὶ
444 1359 628 1432 μικρά
665 1359 927 1432 μεγάλοις
975 1357 1525 1429 ἀντικαταλλάξηται.
1567 1359 1754 1412 Κατα-

182 1454 356 1524 ϐέϐηκε
385 1452 524 1524 γάρ,
550 1453 645 1506 ἵνα
669 1452 832 1524 ἡμῶν
859 1453 958 1523 τὴν
988 1451 1172 1507 ἄνοδον
1199 1451 1594 1525 κατασκευάσῃ
1614 1468 1628 1482 ·
1662 1453 1758 1506 καὶ

182 1545 492 1616 πεπείραται
548 1545 850 1612 γενέσεως,
881 1544 968 1596 ἵνα
997 1545 1156 1614 ἡμεῖς
1197 1543 1263 1596 δι’
1293 1541 1458 1598 αὑτοῦ
1491 1543 1570 1612 τῷ
1598 1542 1758 1613 ἀγεν-

183 1638 306 1708 νὴτῳ
351 1634 466 1704 (66)
537 1635 912 1706 φιλιάσωμεν.
949 1634 1242 1706 Ἠσθένησε
1297 1634 1365 1688 δι’
1425 1635 1612 1706 ἡμᾶς,
1669 1635 1758 1688 ἵνα

183 1730 323 1798 ἡμεῖς
387 1725 720 1797 ὲγερθῶμεν
781 1728 843 1779 ἐν
883 1725 1130 1796 δυνάμει,
1184 1725 1276 1778 καὶ
1309 1725 1571 1795 εἴπωμεν,
1605 1725 1680 1789 ὡς
1728 1726 1758 1778 ὁ

183 1819 372 1883 Παῦλος
395 1835 409 1850 ·
438 1819 665 1872 «Πάντα
689 1817 861 1888 ἰσχύω
881 1819 938 1871 ἐν
964 1817 1042 1888 τῷ
1073 1817 1455 1889 ἐνδυναμοῦντί
1475 1835 1543 1888 με
1583 1816 1756 1888 Ἰησοῦ

1851 628 1991 682 Cum
2018 629 2226 685 videret
2253 629 2381 682 item
2420 641 2522 682 nos
2564 641 2671 681 non
2707 627 2774 680 ad
2808 628 3136 683 solutionem
3171 631 3426 700 supplicii

1854 718 2132 782 suﬁicere,
2194 718 2436 788 suscepit
2486 718 2632 771 illam
2663 737 2677 774 :
2715 737 2733 770 ι
2768 717 3021 775 Christus
3045 722 3192 775 enim
3250 721 3427 776 factus

1851 817 1937 865 est
1966 826 2065 880 pro
2096 811 2252 866 nobis
2287 811 2636 866 maledictum
2682 812 2750 867 “.
2801 833 2820 866 ι
2854 814 3031 884 Atque
3062 815 3142 872 sic
3172 816 3429 874 humanis

1855 904 2298 959 circumamictus
2352 905 2686 974 indutusque
2711 946 2725 970 ,
2777 923 2872 978 per
2910 924 3034 964 sese
3071 926 3193 980 qua:
3240 920 3431 966 nostra

1854 1000 2011 1046 erant
2038 992 2184 1046 Patri
2219 992 2446 1058 obtulit;
2485 1003 2544 1049 ut
2571 996 2728 1065 quasi
2775 998 2888 1067 ipse
2911 1008 3210 1069 pateretur,
3249 1003 3432 1057 Immi-

1857 1100 1978 1141 nem
2009 1085 2304 1155 patientem
2334 1085 2563 1142 illaesum
2601 1088 2872 1153 redderet,
2919 1099 2972 1146 et
3005 1107 3171 1162 parva
3221 1093 3433 1165 magnis

1855 1183 2237 1230 commutaret.
2280 1173 2570 1231 Descendit
2593 1177 2772 1242 enim,
2833 1186 2891 1233 ut
2939 1181 3095 1236 nobis
3143 1197 3430 1238 ascensum

1855 1274 2218 1336 praepararet:
2255 1266 2596 1322 nativitatem
2640 1278 2897 1338 expertus
2934 1280 3052 1335 est,
3100 1281 3158 1326 nt
3187 1287 3287 1328 nos
3339 1289 3434 1343 per

1856 1371 1980 1411 eum
2030 1357 2272 1426 ingenito
2320 1357 2482 1413 amici
2538 1373 2830 1418 essemus:
2875 1360 3180 1419 inﬁrmatus
3213 1374 3434 1435 pr0pter

1856 1463 1961 1503 nos
1981 1456 2087 1512 est,
2114 1456 2173 1502 ut
2203 1463 2306 1504 nos
2331 1450 2703 1505 excitaremur
2736 1451 2793 1506 in
2834 1451 3065 1518 virtute,
3113 1463 3168 1511 et
3223 1456 3436 1513 dicere-

1857 1555 2005 1605 mus,
2039 1540 2502 1610 quemadmodum
2545 1541 2790 1599 Paulus:
2831 1563 2850 1597 ι
2883 1543 3077 1600 Omnia
3122 1564 3347 1618 possum
3381 1552 3434 1606 in

1856 1646 1923 1688 eo
1955 1633 2048 1703 qui
2097 1648 2184 1687 me
2217 1633 2494 1688 confortat
2549 1633 2681 1691 Jesu
2728 1636 2949 1693 Christo
2996 1639 3060 1694 ⁸⁷.
3117 1661 3136 1694 ι
3196 1641 3439 1714 Sumpsit

1859 1740 2058 1794 corpus
2087 1726 2462 1795 corruptibile,
2488 1737 2548 1781 ut
2587 1733 2947 1801 corruptibile
2977 1735 3226 1789 indueret
3255 1737 3436 1792 incor-

1860 1818 2208 1885 ruptionem:
2262 1815 2442 1870 induit
2493 1820 2756 1885 mortale,
2810 1832 2869 1876 ut
2918 1824 3148 1878 mortale
3193 1824 3442 1883 indueret

183 1907 440 1980 Χριστῷ.»
482 1907 691 1962 Ἐλαϐε
754 1908 916 1978 σῶμα
974 1907 1244 1979 φθαρτὸν,
1301 1907 1389 1961 ἵνα
1423 1907 1486 1961 τὸ
1513 1906 1752 1979 φθαρτὸν

1863 1907 2348 1963 immortalitatem.
2410 1907 2635 1964 Demum
2669 1911 2847 1969 factus
2891 1923 2974 1970 est
3010 1916 3174 1972 homo
3211 1927 3266 1972 et
3306 1936 3440 1975 mor-

182 2000 450 2071 ἐνδύσηται
491 2001 594 2072 τὴν
622 1999 942 2071 ἀφθαρσίαν
970 2014 983 2028 ο
1025 1999 1309 2053 ἐνεδύσατο
1339 2000 1400 2052 τὸ
1428 1998 1640 2070 θνητὸν,
1671 1999 1758 2052 ἵνα

183 2091 234 2143 τὸ
250 2091 433 2160 θνητὸν
489 2089 789 2160 ἐνδύσηται
814 2088 914 2160 τὴν
943 2087 1260 2143 ἀθανασίαν.
1291 2089 1400 2142 Καί
1423 2087 1574 2153 τέλος
1597 2089 1757 2157 γέγο-

182 2199 261 2235 νεν
291 2181 383 2236 άνθ
393 2198 576 2253 ρωπος
597 2181 700 2235 κα)⁸
724 2181 1017 2244 ἀπέθανεν,
1051 2181 1138 2233 ἶνα
1162 2181 1344 2251 ἡμεῖς,
1379 2181 1428 2233 οί
1454 2179 1530 2244 ὡς
1553 2179 1762 2254 ἄνθρω-

185 2290 265 2325 ποι
308 2273 776 2346 ἀποθνήσκοντες,
834 2271 1262 2343 θεοποιηθῶμεν,
1308 2271 1401 2325 καὶ
1445 2271 1641 2343 μηκέτι
1671 2271 1760 2325 τὸν

185 2365 394 2419 θάνατον
443 2365 662 2436 ἔχωμεν
737 2363 1106 2435 βασιλεύοντα.
1154 2363 1394 2427 Θάνατος
1445 2364 1554 2435 γὰρ
1602 2361 1760 2434 ἡμῶν

185 2457 239 2509 ού
268 2456 374 2526 (67)
393 2454 818 2528 κατακυριεύει,
862 2456 1000 2509 καὶὸ
1029 2453 1384 2519 ἀποστολικὸς
1420 2452 1478 2506 δέ
1503 2452 1762 2525 κηρύττει

187 2550 326 2618 λόγος
343 2567 357 2579 ·
377 2549 464 2603 διά
477 2549 644 2603 τοῦτο
673 2550 773 2604 καὶ
798 2547 1148 2620 σταυροῦται,
1173 2549 1260 2601 ἵνα
1291 2547 1390 2618 τὴν
1411 2547 1656 2618 κατάραν
1686 2545 1765 2610 ἐξ·

188 2643 436 2715 αγοράσῃ,
453 2644 548 2697 καὶ
559 2645 727 2715 ἡμεῖς
739 2644 838 2715 τὴν
855 2641 1106 2710 εὐλογίαν
1121 2641 1222 2712 κλη
1230 2657 1348 2713 ρονο
1354 2641 1428 2711 μή
1436 2656 1634 2710 σωμεν.
1654 2639 1766 2693 Πά-

191 2750 316 2804 σχων
326 2735 434 2806 γὰρ
445 2735 632 2800 αὐτὸς,
648 2735 954 2788 ἐϐλάπτετο
969 2735 1064 2806 μὲν
1079 2733 1185 2787 οὐδ’
1198 2732 1354 2796 ὅλως,
1372 2730 1761 2802 ἐχαρίζετο(68)

189 2825 238 2878 δὲ
260 2826 451 2897 μᾶλλον
471 2843 486 2858 ·
516 2830 616 2881 καὶ
638 2826 1036 2898 ἀποθνήσκων,
1063 2825 1163 2878 οῦκ
1200 2823 1358 2894 ἔμενε
1390 2823 1603 2894 νεκρὸς,
1629 2822 1764 2877 ἀλλά

193 2917 375 2986 μᾶλλον
403 2919 499 2972 καὶ
534 2919 664 2982 τοῦς
705 2918 938 2989 νεκροὺς
954 2916 1369 2981 ἐζωοποίειοκαὶ
1399 2917 1766 2988 σφαγιαζόμε-

191 3024 270 3070 νος
285 3008 338 3062 δέ
367 3009 468 3062 οῦκ
491 3009 737 3064 ἀπόλυτα
772 3008 912 3080 (69),
947 3006 1084 3062 ἀλλά
1107 3006 1187 3078 τῷ
1211 3007 1403 3078 αἵματι
1424 3007 1522 3078 τῆς
1551 3007 1766 3078 σφαγῆς

193 3099 381 3165 πάντας
408 3100 599 3165 ἁπλῶς
623 3098 941 3173 ἐλυτροῦτο,
967 3099 1063 3153 κα)⁵
1107 3098 1271 3163 αὐτὸς
1302 3098 1493 3170 ἔμενεν
1524 3097 1760 3170 απαθής.

255 3214 337 3268 I2.
368 3214 494 3279 Πῶς
509 3214 571 3268 δὲ
597 3213 760 3268 τοῦτο
791 3213 1038 3283 γέγονεν,
1068 3209 1122 3264 εῐ
1145 3227 1232 3274 τις
1263 3210 1464 3283 ἔροιτο,
1498 3211 1762 3266 ἀκουέτω.

192 3305 286 3359 Δύο
335 3307 683 3377 πραγμάτων
738 3307 797 3358 ἐν
855 3303 1032 3374 τούτῳ
1096 3301 1208 3374 (70)
1261 3302 1449 3372 γέγονε
1509 3302 1726 3366 σύνοδος
1745 3319 1760 3333 ⁸

191 3398 520 3467 πραγμάτων
553 3397 610 3450 δὲ
643 3395 788 3465 λέγω
801 3395 907 3448 οῦκ
941 3393 1092 3459 ἴσων,
1127 3393 1263 3449 ἀλλά
1295 3395 1390 3448 καὶ
1423 3394 1564 3448 κατά
1593 3395 1768 3448 πάντα

193 3488 465 3560 σύγκρισιν
496 3489 601 3541 οὐκ
635 3488 890 3558 ἐχόντων.
931 3485 1136 3558 Θνητὸν
1191 3485 1301 3558 γὰρ
1347 3486 1600 3558 ἀθανάτῳ
1651 3505 1768 3540 συν-

192 3583 459 3647 επὶέκετο,
515 3582 613 3635 καί
660 3579 900 3651 φθαρτὸν
942 3576 1099 3646 σῶμα
1153 3577 1415 3648 ἀφθάρτῳ
1458 3577 1600 3649 λόγῳ
1655 3578 1768 3649 (71)

196 3674 553 3746 συνεληλύθει.
611 3673 724 3728 Καὶ
768 3672 831 3725 τὸ
877 3669 979 3741 μὲν
1033 3669 1224 3741 θνητὸν
1267 3670 1366 3723 οὐκ
1424 3670 1659 3724 ἔϐλαπτε
1709 3673 1770 3726 τὸ

164 3747 178 3773 ⁸
195 3767 445 3820 ἀθάνατον
467 3781 480 3794 ·
509 3765 722 3829 ἀπαθὲς
751 3764 862 3836 γὰρ
875 3759 944 3834 ἦν
962 3779 976 3793 ⁸
1013 3762 1127 3816 ἀλλ’
1151 3762 1310 3833 ἔμενε
1334 3762 1532 3834 μᾶλλον
1562 3764 1771 3828 ἀπαθὲς

195 3862 279 3912 καὶ
305 3861 432 3914 αὐτὸ
457 3863 526 3931 τῇ
576 3858 674 3912 τοῦ
719 3857 956 3911 θανάτου
988 3855 1312 3928 ἐπικρατείᾳ
1337 3873 1351 3886 ·
1389 3853 1458 3907 τά
1495 3854 1604 3927 γάρ
1633 3873 1770 3926 κρα-

196 3951 376 4006 τοῦντα
419 3952 532 4006 τῶν
568 3948 960 4022 κρατουμένων
988 3947 1077 4001 ἀεὶ
1121 3946 1288 4017 κύρια
1342 3945 1620 4016 τυγχάνει.
1673 3943 1772 3997 Διά

196 4041 315 4107 γοῦν
345 4043 507 4096 αὑτὸν
543 4041 638 4096 τὸν
662 4040 892 4094 συνόντα
917 4037 1184 4093 ἀθάνατον
1209 4037 1401 4106 Λόγον,
1423 4038 1518 4091 κα)⁸
1543 4039 1573 4090 ό
1605 4036 1768 4092 θάνα-

194 4149 276 4197 τκ
299 4134 651 4205 ἐξηφανίζετο
708 4131 823 4202 (72)
854 4129 1170 4200 παραδόξως
1222 4132 1280 4182 ἐν
1328 4127 1497 4198 αύτῷ,
1540 4127 1615 4192 ὡς
1662 4128 1771 4181 ἀπὸ

201 4227 356 4296 πυρὸς
393 4225 720 4296 ἀφανίζεται
757 4223 1004 4292 καλάμη.
1058 4223 1116 4274 ’0
1170 4220 1227 4273 δὲ
1272 4221 1464 4289 Λόγος,
1495 4219 1770 4290 ἄφθαρτος

197 4317 289 4381 ὧν,
313 4320 507 4388 ὠφελεῖ
535 4318 738 4390 μᾶλλον
771 4317 834 4370 τὸ
861 4315 1100 4385 φθαρτὸν
1134 4311 1306 4367 συνὼν
1350 4312 1497 4382 αὐτῷ
1516 4329 1529 4342 ·
1571 4311 1632 4365 τὸ
1663 4313 1769 4384 γάρ

199 4414 373 4476 σκότος
402 4413 506 4466 ὑπὸ
527 4411 625 4464 τοῦ
657 4409 838 4480 φωτὸς
875 4405 1296 4474 καταυγάζεται,
1327 4407 1421 4460 καὶ
1457 4406 1517 4457 τὸ
1551 4404 1771 4458 ἔλαττον

200 4503 295 4554 ὑπὸ
325 4503 412 4556 τοῦ
434 4502 749 4575 κρείττονος
772 4498 1096 4566 εὐλογεῖται.
1119 4495 1222 4548 Διά
1252 4496 1524 4549 τοῦτο-καὶ
1555 4496 1649 4548 νῦν
1666 4497 1771 4549 ὑπὸ

199 4594 294 4647 τῶν
332 4596 538 4666 δημίων
587 4591 996 4652 ὲκδιὸύσκεται,
1052 4587 1143 4650 οὒς
1182 4590 1345 4658 ἡμεῖς
1377 4589 1435 4640 ἐν
1460 4587 1538 4658 τῷ
1600 4587 1771 4658 Ἀδὰμ

198 4686 570 4758 ὲνεδυσάμεθα,
611 4683 980 4755 δερματίνους
1016 4680 1270 4751 χιτῶνας,
1301 4681 1386 4733 ἴνα
1414 4680 1535 4734 ἀντὶ
1565 4680 1770 4734 τούτων

196 4777 275 4828 τὸν
302 4779 529 4849 Χριστὸν
568 4773 902 4830 ἐνδύσασθαι
923 4771 1256 4844 δυνηθῶμεν.
1286 4773 1384 4825 Διά
1408 4771 1564 4825 τοῦτο
1589 4772 1681 4825 καὶ
1702 4771 1771 4825 τά

198 4869 374 4936 ἱμάτια
398 4869 722 4943 μερίζεσθαι
755 4865 1046 4936 ὑπομένει,
1063 4865 1150 4918 ἴνα
1182 4867 1342 4936 ἡμεῖς
1362 4864 1450 4917 τὸν
1473 4864 1538 4916 ἐκ
1560 4863 1770 4934 Πατρὸς

196 4962 466 5032 αμέριστον
495 4963 717 5034 ἔχωμεν
736 4957 914 5026 Λόγον
939 4973 952 4987 ·
985 4975 1003 5007 ι
1045 4955 1187 5024 Ἐγὼ
1205 4955 1312 5026 γὰρ
1339 4955 1433 5008 καὶ
1455 4956 1484 5008 ό
1515 4955 1762 5025 [lat-iw,»

1860 2004 1988 2052 tuus
2017 2004 2123 2061 est,
2153 2008 2210 2053 ut
2238 2013 2360 2063 nos,
2388 2001 2480 2069 qui
2511 2010 2700 2071 utpote
2729 2004 2979 2062 homines
3030 2010 3403 2067 moriebamur
3422 2054 3438 2075 ,

1861 2085 2264 2154 deiﬁcaremur,
2292 2105 2468 2160 neque
2499 2093 2694 2148 mortis
2726 2109 2949 2165 regnum
2977 2099 3117 2153 ultra
3139 2103 3443 2159 sustinere-

1863 2193 2008 2233 mus.
2043 2179 2186 2235 Mors
2229 2183 2372 2236 enim
2405 2182 2564 2238 nobis
2596 2200 2705 2239 non
2735 2185 3068 2254 dominatur,
3091 2199 3151 2245 ut
3179 2196 3445 2264 apostoli»

1863 2283 1963 2323 cus
2015 2283 2196 2323 sermo
2237 2271 2534 2340 praedicat,
2589 2283 2874 2342 propterea
2900 2280 3197 2335 cruciﬁxus
3251 2292 3353 2350 est,
3383 2295 3442 2338 ut

1864 2360 2214 2416 maledictum
2251 2362 2564 2430 redimeret,
2595 2375 2648 2421 ct
2675 2383 2778 2424 nos
2809 2369 3239 2430 benedictionem
3273 2378 3442 2434 luere-

1863 2453 2033 2508 ditate
2061 2455 2455 2525 acciperemus.
2505 2458 2624 2528 Ipse
2679 2477 2912 2533 namque
2951 2480 3075 2519 eum
3120 2478 3398 2538 pateretur
3425 2513 3442 2538 ,

1863 2547 2177 2604 nullatenus
2209 2549 2544 2618 lazdebatur;
2596 2553 2708 2610 imo
2750 2556 2931 2626 potius
2982 2559 3124 2614 dona
3173 2563 3439 2634 largieba-

1867 2645 1959 2691 tur
1983 2659 1997 2692 :
2037 2647 2091 2693 et
2119 2639 2380 2704 moriens,
2407 2651 2656 2700 mortuus
2686 2661 2792 2700 non
2819 2651 3101 2716 remansit,
3130 2655 3224 2709 sed
3262 2659 3442 2726 potius

1868 2738 2114 2785 mortuos
2141 2732 2441 2790 viviﬁcabat
2473 2754 2485 2789 :
2517 2752 2617 2791 nec
2649 2737 2957 2798 immolatus
2987 2746 3170 2813 periit,
3215 2750 3308 2803 sed
3340 2751 3446 2804 im-

1868 2823 2180 2880 molationis
2219 2839 2331 2880 suae
2364 2828 2631 2897 sanguine
2657 2846 2845 2888 omnes
2885 2851 3110 2906 prorsus
3161 2841 3439 2907 liberavit,

1871 2914 2094 2987 ipseque
2123 2919 2325 2974 mansit
2356 2919 2686 2990 impatihilis.

1942 3206 2029 3262 I2.
2072 3207 2354 3275 Quomodo
2374 3217 2555 3267 autem
2581 3213 2633 3268 id
2660 3212 2859 3270 factum
2893 3215 2965 3272 sit
2992 3218 3038 3273 si
3065 3221 3188 3289 quis
3211 3231 3437 3291 quaerat.

1871 3297 2074 3354 audiat.
2107 3299 2344 3354 Duarqu
2374 3301 2429 3356 in
2454 3317 2519 3358 eo
2543 3319 2724 3358 rerum
2745 3319 3048 3363 concursus
3075 3308 3209 3376 fuit;
3235 3327 3438 3378 rerum,

1869 3387 2116 3458 inquam,
2143 3406 2253 3446 non
2287 3393 2608 3462 azqualium,
2657 3396 2750 3450 sed
2777 3413 2897 3466 qua:
2928 3400 3074 3454 nullo
3104 3402 3266 3456 modo
3292 3418 3443 3457 com-

1871 3482 2050 3552 parari
2089 3491 2333 3552 possent.
2382 3484 2606 3542 Mortale
2642 3488 2841 3558 quippe
2875 3490 3164 3547 immortali
3211 3496 3439 3565 compli-

1870 3574 2116 3637 cabatur,
2138 3583 2193 3629 et
2217 3577 2570 3646 corruptibile
2606 3594 2806 3650 corpus
2837 3583 3233 3654 incorruptibili
3267 3584 3444 3642 Verbo

1869 3666 2115 3722 cohaesit.
2143 3665 2328 3736 Neque
2362 3675 2545 3723 tamen
2583 3668 2657 3733 id,
2694 3672 2838 3740 quod
2872 3674 3099 3727 mm-tale
3125 3682 3261 3734 erat,
3306 3675 3443 3728 lmsit

1870 3756 2004 3811 illud
2048 3757 2194 3826 quod
2235 3757 2588 3814 immortale:
2643 3761 2978 3830 impassibile
3030 3764 3227 3834 quippe
3280 3774 3438 3818 erat:

1870 3855 2154 3918 morteque
2178 3849 2342 3913 victa,
2390 3850 2562 3920 magis
2611 3851 2948 3922 impassibile
2980 3857 3279 3911 remansit:
3315 3872 3441 3910 nam

1869 3956 1932 3995 ea
1967 3957 2089 4012 qua:
2127 3943 2372 4007 vincunt,
2408 3944 2569 4000 victis
2600 3960 2814 4016 semper
2855 3947 3222 4002 dominantur.
3260 3947 3445 4020 Itaque

1871 4034 1944 4088 ob
1973 4036 2329 4105 conjunctum
2380 4035 2684 4093 immortale
2733 4037 3011 4106 Verbum,
3052 4057 3200 4098 mors
3238 4040 3292 4095 in
3325 4043 3446 4112 ipso

1873 4129 2177 4184 admirabili
2234 4129 2468 4200 quodam
2528 4131 2720 4198 modo,
2777 4134 2934 4204 quasi
2983 4135 3182 4204 stipula
3222 4149 3253 4189 a
3309 4133 3448 4190 faeie

1871 4221 2013 4292 ignis
2038 4223 2416 4278 evanescebat.
2452 4221 2689 4277 Verbum
2748 4241 2911 4296 porro
2951 4232 3073 4280 cuin
3118 4226 3448 4298 incorrupti-

1872 4313 1980 4369 bile
2008 4322 2189 4380 esset,
2231 4329 2328 4368 sua
2375 4315 2761 4386 conjunctione
2805 4318 2857 4372 id
2911 4319 3055 4389 quod
3097 4321 3450 4389 corruptibile

1872 4412 1989 4460 erat
2015 4405 2343 4474 adjuvabat:
2379 4409 2614 4462 tenebrae
2647 4409 2790 4462 enim
2817 4410 3063 4464 alumine
3086 4410 3447 4473 illustrantur,

1873 4509 1925 4553 et
1949 4498 2095 4570 quod
2138 4498 2320 4554 minus
2349 4507 2453 4560 est,
2497 4515 2529 4553 a
2567 4502 2773 4570 majore
2804 4502 3159 4557 benedicitur.
3203 4501 3452 4572 Quapro-

1803 4625 1846 4680 Β
1875 4596 1993 4660 pter
2018 4589 2131 4659 jam
2159 4605 2187 4643 a
2215 4591 2565 4647 carniﬁcibus
2583 4593 2802 4647 exuitur
2830 4595 3081 4664 pelliceas
3108 4603 3308 4657 vestes,
3327 4595 3453 4664 qui—

1876 4681 1980 4736 bus
2005 4680 2061 4734 in
2085 4679 2294 4734 Adamo
2319 4681 2492 4736 induti
2544 4697 2758 4745 sumus,
2798 4694 2857 4737 ut
2897 4699 3084 4738 earum
3135 4685 3254 4739 loco
3287 4683 3450 4738 Chri-

1877 4780 2022 4828 stum
2078 4773 2306 4827 induere
2360 4775 2654 4842 possimus.
2711 4775 2907 4832 Eadem
2945 4778 3074 4832 item
3135 4778 3201 4832 de
3239 4793 3447 4839 causa,

1876 4863 2201 4918 vestimenta
2225 4879 2324 4918 sua
2351 4863 2516 4918 dividi
2547 4866 2771 4935 patitur,
2795 4876 2854 4920 ut
2883 4866 3232 4922 nosVerbum
3255 4866 3450 4920 indivi-

1879 4953 2036 5010 sibile
2072 4969 2138 5009 ex
2174 4953 2334 5009 Patre
2363 4957 2666 5024 procedens
2703 4957 3040 5014 habeamus:
3077 4974 3224 5022 nam,
3259 4976 3276 5008 ι
3315 4956 3448 5028 Ego:

254 5141 298 5172 “
336 5141 564 5214 Philipp.
603 5155 687 5202 ιι.
719 5139 780 5194 8.
860 5135 909 5168 “
943 5132 1119 5191 Galat.
1157 5149 1251 5200 ιιι,
1288 5134 1375 5188 I5.
1453 5132 1497 5164 “
1538 5131 1774 5202 Philipp.
1808 5147 1884 5196 tv,
1922 5132 2010 5186 I3.

260 5295 364 5366 (64)
393 5296 465 5352 Ita
490 5296 739 5366 maxima
780 5305 916 5366 pars
944 5287 1261 5366 mss.‘Ed_iti.
1287 5302 1438 5366 vero,
1481 5287 1770 5366 ἐβάσταςε.

259 5356 364 5434 (65)
387 5368 437 5422 In
463 5367 614 5422 Felc.
645 5365 707 5425 2.
737 5356 798 5418 et
835 5359 1140 5434 Λυδῆς-,2,
1175 5360 1270 5422 ὡς,
1303 5358 1474 5434 deest.
1507 5356 1772 5434 Mox._&v-§

201 5426 411 5502 epam,
436 5441 590 5494 abest
625 5455 656 5489 a
713 5426 963 5502 Basil._f.
1015 5429 1236 5502 Ibidem,
1277 5429 1576 5502 πάσχοντα,
1615 5426 1772 5502 abest

202 5498 468 5576 ahAnglic.
494 5509 548 5562 2.
595 5505 856 5576 lbidem,_
875 5498 1021 5576 FeIC.
1046 5498 1107 5576 ᾖ,
1135 5499 1516 5576 κατασκευάσῃ
1546 5498 1775 5576 καὶπε-

205 5567 446 5644 πείραεῖαι.
492 5578 692 5634 multis
743 5571 997 5634 omissis,
1041 5569 1106 5622 δι’
1152 5567 1569 5640 ὁμοιοτέλευτον.
1625 5567 1768 5632 Mox,

200 5643 386 5714 Aﬂglic.
415 5650 468 5715 2,
497 5648 914 5715 ἀναλλάξηται.

259 5709 360 5792 (:59
379 5709 593 5792 Bésius
633 5730 692 5792 et
727 5709 956 5792 λὲιειίοε
985 5709 1118 5792 Ine:
1139 5711 1383 5792 ,γεϊὴτιιιο

258 5765 358 5866 (ϐῆ
379 5765 854 5913 ἑὲῖἓῗέδέελῶἴ
870 5781 968 5834 και
1004 5765 1177 5835 ἀιτῶ
1201 5765 1284 5836 οὑξ
1331 5765 1451 5838 Mox
1496 5783 1550 5836 in
1579 5779 1769 5838 eodem

264 5874 313 5912 In
341 5862 635 5913 Anzlieano
711 5900 728 5913 .
755 5853 842 5913 δέ,
882 5851 1059 5908 deest.

198 5863 241 5906 ει
264 5857 313 5912 ιιι
341 5851 635 5936 Anglicani)
665 5851 728 5927 2',
755 5853 842 5918 δέ,
882 5851 1059 5908 deest-

1971 5283 2060 5358 ϐξ)
2095 5285 2258 5358 Οὐδὲν
2277 5285 2579 5358 ἐχαρίζετο.
2609 5287 2813 5358 Regius
2835 5297 2888 5342 et
2919 5287 3081 5343 Basil.
3119 5289 3167 5343 I.

1972 5357 2061 5428 69)
2093 5356 2314 5428 Anglic.
2367 5356 2436 5428 2,
2464 5356 2780 5428 κάπόλλυῖιο.
2831 5358 3068 5428 Regius,
3129 5359 3450 5418 ἀπώλλοιτο.

1881 5425 2051 5500 Editi,
2079 5425 2354 5500 ἀπῴλυτο.
2389 5426 2534 5500 Infra
2569 5425 2984 5500 Βαεὶὶηῐῐῶςθδὲ
3019 5428 3175 5484 τοῦτο
3219 5432 3451 5500 γένοιτο.

1950 5496 2061 5567 (70)
2079 5494 2299 5567 Regius,
2327 5495 2539 5567 Anglic.
2566 5499 2838 5553 secundus
2858 5508 2910 5553 et
2927 5498 3069 5555 Felc.
3093 5500 3148 5561 2,
3174 5494 3452 5567 ἐν’ταύτῴ.

1879 5557 2131 5640 Εᾶἱιίξέν
2157 5557 2349 5640 τούτῳ..
2381 5557 2606 5634 Ibidem,
2629 5569 2962 5640 Anglicanus
2983 5579 3038 5628 et
3064 5557 3375 5629 Felckman.
3393 5557 3452 5637 2,

1880 5637 2159 5706 γεγονέναι
2192 5635 2426 5690 σύνοδον.

1975 5707 2063 5780 :1!)
2088 5707 2418 5780 Anglicanus
2439 5706 2503 5780 2,
2523 5706 2775 5780 ἀθανάτω
2797 5709 2942 5780 λόγῳ
2978 5729 3094 5769 συν.

1950 5712 2063 5775 (71)
2088 5712 2418 5776 Anglicanus
2439 5712 2495 5771 2,
2523 5712 2775 5762 ἀθανάτω
2797 5712 2942 5784 λόγῳ
2978 5729 3094 5769 συν.

1953 5776 2440 5855 (ηλέὶιιειίςιιιιιιε
2478 5777 2619 5855 2_._e_t
2661 5779 2804 5855 Felc.
2856 5781 2912 5849 2,
2946 5785 3255 5855 ἠφανίζετο.
3308 5781 3452 5851 Mox,

1881 5847 2221 5918 παραδόξως,
2248 5847 2399 5903 deest
2430 5849 2484 5904 in
2513 5847 2651 5911 Felc.
2695 5851 2748 5907 3.
2899 5847 2906 5849 ⁷
2971 5847 3010 5855 ”
3127 5847 3137 5850 ⁷
3353 5895 3356 5898 .
