4008 6404
546 403 657 459 2θῖ

1676 395 1738 452 S.
1771 392 2233 449 ATHANASIUS.
2275 422 2346 432 —
2383 390 2609 447 DUBIA.

3692 396 3797 452 208

558 514 752 583 inquit.
782 523 834 567 et
858 512 1018 568 Pater
1062 527 1227 568 unum
1279 525 1470 566 sumus
1498 510 1564 564 ".
1605 529 1623 562 ι
1671 509 2034 575 Quamobrem
2071 509 2117 562 in

2231 506 2416 577 φησὶν,
2454 524 2473 556 ι
2510 507 2569 559 ἓν
2600 478 2801 576 ἐσμεν..
2827 525 2845 555 ι
2876 506 2976 560 Διὰ
3005 506 3164 559 τοῦτο
3190 507 3283 560 καὶ
3319 493 3679 579 λαγχάνουσιν
3703 515 3797 568 ἐπὶ

559 616 760 660 vestem
797 616 995 660 sortem
1034 604 1290 668 mittunt,
1323 602 1463 672 quod
1498 602 1588 657 ille
1636 602 1905 671 patienter
1953 599 2127 668 negli-

557 698 653 765 git.
692 704 749 748 ut
778 711 897 750 sors
928 704 983 750 et
1010 693 1297 749 han-editas
1331 699 1518 747 nostra
1542 692 1615 746 sit
1643 690 1897 746 Christus
1917 732 1932 757 ,
1960 699 2020 743 ut
2050 688 2126 742 ait

556 785 844 841 Psalmista
878 805 891 840 :
931 803 949 834 ι
980 784 1245 839 Dominus
1264 798 1390 853 pars
1414 781 1749 837 hmreditatis
1785 796 1916 836 mea:
1948 791 2002 836 et
2028 796 2123 836 ca-

557 878 675 933 licis
704 879 806 931 mei
839 876 901 930 “.
939 895 957 927 ι
987 874 1165 941 Quare
1194 891 1303 929 non
1336 874 1463 929 alibi
1488 874 1714 943 patitur,
1734 888 1843 927 non
1866 872 1974 927 alio
2005 872 2124 926 loco

554 970 704 1023 cruci
732 967 982 1037 adigitur,
1013 982 1177 1038 quam
1210 969 1262 1020 in
1301 965 1564 1021 Calvarize
1592 965 1712 1022 loco
1736 1005 1751 1028 ,
1811 981 1968 1035 quem
2022 964 2124 1022 lle-

557 1059 819 1112 braaorum
851 1058 1097 1129 magistri
1145 1058 1296 1113 aiunt
1321 1057 1490 1113 fuisse
1522 1056 1713 1111 Adami
1764 1059 2074 1128 sepulcrum
2105 1076 2117 1110 :

559 1150 631 1202 ibi
689 1165 924 1220 namque
987 1150 1136 1204 illum
1195 1157 1317 1220 post
1372 1149 1800 1205 maledictiouem
1852 1150 2120 1220 sepultum

555 1239 727 1291 fuisse
762 1247 1097 1293 asseverant.
1132 1237 1288 1305 Quod
1321 1239 1367 1295 si
1399 1241 1470 1294 ita
1497 1256 1556 1295 se
1596 1256 1686 1296 res
1717 1239 1919 1303 habet,
1954 1239 2122 1293 miror

551 1328 670 1397 ejus
704 1329 805 1383 loci
854 1330 1256 1399 proprietatem.
1322 1328 1573 1401 Oportuit
1614 1332 1759 1387 enim
1790 1330 2071 1387 Christum
2098 1370 2115 1395 ,

548 1432 674 1471 cum
707 1418 938 1487 primum
971 1418 1233 1473 Adamum
1284 1434 1551 1476 renovare
1592 1421 1785 1484 vellet,
1834 1423 1886 1474 in
1916 1437 1981 1477 eo
2008 1422 2119 1491 pati

553 1508 691 1570 loco,
724 1516 782 1561 ut
827 1507 948 1576 ejus
997 1508 1203 1562 abolito
1237 1518 1501 1579 peccato,
1558 1510 1627 1565 ab
1677 1510 1932 1565 universo
1987 1510 2119 1566 illud

551 1599 828 1653 hominum
846 1614 1041 1670 genere
1057 1599 1320 1668 auferret;
1349 1610 1401 1655 et
1432 1617 1556 1656 cum
1578 1603 1873 1657 audivisset
1904 1603 2074 1656 Adam
2099 1621 2115 1657 :

558 1709 575 1740 ‹
612 1688 778 1744 Terra
804 1706 898 1757 es,
932 1698 986 1746 et
1018 1691 1073 1746 in
1107 1700 1304 1747 terram
1342 1694 1630 1749 reverteris
1656 1696 1701 1725 ⁸ο
1727 1734 1743 1757 ,
1783 1714 1801 1745 ι
1841 1694 1962 1749 ideo
2005 1692 2117 1747 illic

550 1780 1075 1851 69reponeretur,
1129 1791 1189 1836 ut
1235 1783 1434 1838 ibidem
1482 1783 1745 1838 Adamum
1796 1783 2112 1846 inveniens,

2227 596 2317 649 τὸν
2340 596 2560 666 χιτῶνα,
2590 594 2857 648 καὶτοῦτο
2879 596 3108 665 πάσχων,
3121 597 3337 666 παρορᾷ
3365 596 3502 667 (75),
3528 598 3615 652 ἴνα
3641 600 3796 670 ἡμῶν

2226 685 2425 757 κλῆρος
2476 687 2505 738 6
2549 686 2782 755 Χριστὸς
2832 685 3082 756 γένηται,
3115 685 3299 750 καθὼς
3326 687 3419 741 καὶ
3453 689 3483 741 6
3506 688 3798 759 ψαλμφδός

2226 794 2358 848 φησι
2381 794 2394 807 -
2424 797 2442 829 ι
2484 777 2686 847 Κύριος
2738 778 2895 849 μερὶς
2923 779 3023 848 τῆς
3051 778 3413 849 κληρονομίας
3438 796 3537 849 μου
3577 782 3673 833 καὶ
3700 781 3792 834 τοῦ

2225 869 2485 941 ποτηρίου
2520 885 2643 939 μου.
2676 888 2697 919 ι
2720 868 2880 923 Ὅθεν
2900 868 3022 922 οὐδὲ
3046 867 3277 938 ἀλλαχοῦ
3312 870 3529 939 πάσχει,
3561 870 3683 924 οὐδὲ
3714 872 3795 934 είς

2224 961 2381 1014 ἄλλον
2402 960 2567 1014 τόπον
2596 960 2945 1033 σταυροῦται,
2972 961 3005 1033 ἢ
3031 962 3111 1025 είς
3142 961 3234 1014 τὸν
3263 961 3504 1033 Κρανίου
3528 963 3713 1027 τόπον,
3734 963 3794 1017 δν

2237 1053 2499 1125 Ἐϐραίων
2518 1054 2566 1107 οί
2595 1052 2903 1107 διδάσκαλοί
2933 1069 3063 1122 φασι
3104 1051 3198 1105 τοῦ
3244 1040 3415 1123 ’Ἀδάμ
3441 1048 3787 1123 εἷναιτάφον.

2236 1145 2381 1199 Ἐκεῖ
2410 1144 2518 1217 γὰρ
2566 1144 2728 1199 αὑτὸν
2753 1143 2889 1214 μετὰ
2926 1144 3026 1215 τὴν
3054 1143 3297 1213 κατάραν
3315 1142 3578 1213 τεθάφθαι
3609 1144 3792 1199 διαϐε-

2223 1234 2519 1289 ϐαιοῦνται.
2558 1236 2733 1306 Ὅπερ
2761 1237 2809 1288 εί
2839 1234 3008 1298 οὔτως
3040 1234 3173 1305 ἔχει,
3209 1234 3470 1306 θαυμάζω
3498 1236 3593 1289 τοῦ
3620 1237 3788 1290 τόπου

2219 1325 2316 1396 τὴν
2340 1325 2646 1397 οἰκειότητα
2675 1326 2805 1397 (74).
2838 1326 2985 1379 Ἔδει
3004 1327 3110 1399 γάρ
3126 1327 3216 1380 τὸν
3240 1328 3463 1399 Κύριον,
3485 1328 3790 1383 ἁνανεῶσαι

2220 1417 2437 1471 θέλοντα
2452 1417 2543 1471 τὸν
2567 1418 2781 1489 πρῶτον
2809 1418 2997 1489 Ἀδάμ,
3027 1420 3085 1472 ἐν
3097 1419 3290 1490 ἐκείνῳ
3306 1420 3384 1491 τῷ
3402 1420 3551 1491 τόταρ
3570 1420 3787 1484 παθεῖν,

2220 1506 2327 1573 ἵνα,
2361 1507 2570 1561 ἐκείνου
2599 1506 2739 1560 λύων
2782 1507 2879 1579 τὴν
2923 1509 3216 1579 ἁμαρτίαν,
3261 1509 3369 1562 ἀπὸ
3396 1511 3594 1575 παντὸς
3616 1511 3787 1582 αὐτὴν

2217 1597 2326 1671 ἄρῃ
2352 1598 2446 1651 τοῦ
2470 1599 2657 1667 γένους
2678 1614 2692 1628 ⁸
2733 1599 2828 1651 καὶ
2859 1598 3044 1669 ἐπειδὴ
3082 1600 3314 1669 ἤκουσεν
3346 1603 3377 1654 6
3415 1600 3617 1672 ’Δδάμο
3648 1619 3668 1654 ε
3711 1602 3787 1673 Γῆ

2217 1681 2288 1752 εἷ,
2319 1688 2412 1740 καὶ
2431 1690 2511 1752 είς
2531 1688 2634 1758 γῆν
2665 1690 2960 1761 άπελεύσῃ,
3005 1709 3024 1740 ι
3058 1689 3146 1743 διά
3173 1691 3334 1745 τοῦτο
3364 1692 3528 1747 πάλιν
3556 1694 3674 1747 ἐκεῖ
3700 1694 3787 1747 τέ-

2218 1777 2408 1843 θειται,
2448 1780 2535 1834 ἵνα
2552 1780 2824 1851 τὸνἋδὰμ
2852 1780 3028 1852 εὑρὼν
3050 1783 3189 1844 ἐκεῖ,
3204 1781 3341 1857 λύσῃ
3369 1784 3467 1855 μὲν
3487 1785 3587 1856 τὴν
3618 1784 3788 1839 κατά·-

554 1873 898 1928 maledictum
932 1874 1185 1938 solveret,
1217 1882 1272 1928 et
1300 1874 1423 1928 loco
1464 1873 1609 1928 illius
1642 1893 1655 1927 :
1694 1892 1711 1925 ι
1752 1873 1921 1926 Terra
1953 1887 2035 1937 es,
2063 1879 2117 1927 et

2221 1887 2337 1941 ραν,
2396 1871 2517 1925 ἀντὶ
2562 1872 2618 1925 δέ
2642 1871 2759 1925 τοῦ·
2794 1891 2813 1923 ι
2850 1872 2926 1942 Γῆ
2954 1869 3023 1937 εἷ,
3050 1875 3150 1928 καὶο
3194 1876 3274 1938 είς
3296 1875 3399 1946 γῆν
3421 1874 3718 1947 άπελεύσῃ,
3761 1895 3782 1928 ι

551 1966 606 2020 in
653 1974 852 2021 terram
910 1964 1233 2031 reverteris;
1268 1983 1287 2016 ι
1344 1964 1455 2034 jam
1499 1965 1740 2020 diceret:
1782 1982 1801 2015 ι
1837 1962 2114 2034 Exsurge,

550 2055 646 2129 qui
681 2055 909 2118 dormis,
944 2063 997 2112 et
1043 2056 1282 2113 excitare
1325 2070 1389 2110 ex
1416 2055 1668 2121 mortuis,
1692 2063 1747 2110 et
1791 2054 2118 2119 illuminabit

462 2130 507 2209 ἒς
553 2157 604 2202 te
631 2146 917 2201 Christus:
975 2166 993 2198 ι
1024 2154 1078 2201 et
1107 2161 1366 2202 rursum:
1408 2166 1426 2199 ι
1471 2145 1677 2217 Surge,
1733 2156 1787 2201 et
1820 2151 1978 2213 veni,
2031 2161 2119 2203 se-

549 2252 714 2309 quere
745 2254 871 2306 me;
918 2257 936 2290 ι
971 2246 1028 2292 ιιι
1050 2253 1159 2293 non
1197 2238 1423 2294 ulterius
1440 2241 1494 2293 in
1512 2248 1654 2295 terra
1688 2240 1995 2309 reponaris,
2019 2238 2117 2294 sed

549 2328 603 2383 in
634 2329 799 2385 caelos
852 2330 1134 2385 ascendas.
1187 2328 1421 2386 Necesse
1460 2330 1659 2401 quippe
1710 2339 1833 2395 est,
1881 2332 2117 2387 excitato

550 2421 850 2489 Salvatore,
883 2422 1109 2477 excitari
1132 2438 1255 2478 cum
1287 2423 1381 2478 illo
1407 2421 1693 2488 Adamum,
1722 2437 2020 2493 omnesque
2050 2438 2116 2478 ex

530 2508 755 2566 ‘Adamo
801 2513 1082 2568 oriundos.
1130 2514 1303 2583 Atque
1334 2524 1414 2576 ut,
1448 2520 1663 2566 mortuo
1719 2511 1960 2574 Adamo,
2016 2528 2117 2568 nos

548 2617 765 2675 quoque
806 2619 904 2673 per
929 2620 1053 2658 eum
1094 2603 1295 2658 mortui
1328 2604 1717 2666 manebamus;
1772 2604 1844 2657 ita
1882 2602 2118 2658 excitato

548 2711 778 2765 corpore
805 2695 1106 2760 Dominico,
1138 2711 1363 2752 necesse
1394 2696 1609 2751 demum
1640 2706 1722 2752 est
1774 2712 1963 2752 omnes
1989 2711 2114 2751 cum

551 2788 644 2843 illo
685 2803 983 2855 resurgere.
1025 2786 1148 2841 Haec
1185 2786 1338 2841 Pauli
1370 2788 1636 2843 sententia
1668 2795 1790 2843 est:
1826 2788 1939 2843 haec
1968 2787 2115 2843 enim

549 2880 739 2935 scribit
768 2879 834 2933 ad
856 2878 1165 2934 Corinthios
1194 2898 1206 2933 :
1249 2896 1268 2930 ι
1304 2876 1439 2932 Nam
1471 2877 1615 2933 sicut
1641 2877 1695 2933 in
1722 2877 1896 2932 Adam
1924 2892 2115 2935 omnes

550 2974 891 3038 moriuntur,
943 2973 1018 3026 ita
1063 2978 1118 3028 et
1159 2972 1214 3027 in
1247 2971 1464 3027 Christo
1524 2987 1712 3029 omnes
1760 2970 2115 3027 viviﬁcabun-

551 3074 638 3117 tur
664 3065 728 3118 ".
779 3083 797 3115 ι

623 3174 709 3227 15.
737 3172 857 3239 Quo
903 3181 1083 3229 autem
1128 3172 1291 3230 modo
1335 3173 1486 3228 illum
1523 3173 1579 3228 in
1625 3186 1844 3229 crucem
1877 3172 2107 3243 egerint,
2140 3213 2182 3269 c

552 3280 731 3335 opera:
760 3266 993 3337 pretium
1025 3265 1129 3321 erit
1176 3273 1235 3320 ut
1270 3281 1336 3321 ex
1370 3267 1436 3320 iis
1467 3280 1588 3336 qua:
1620 3266 1823 3336 scripta
1864 3271 1993 3321 sunt
2034 3264 2114 3318 vi-

550 3358 798 3425 deamus,
830 3374 1004 3429 neque
1028 3358 1173 3414 enim
1204 3373 1269 3414 ea
1302 3358 1461 3414 nobis
1492 3358 1703 3413 inutilia
1731 3356 1932 3413 fuerint
1964 3375 1978 3412 :
2014 3371 2111 3412 ne-

550 3464 658 3518 que
713 3447 946 3519 simplici
1018 3447 1179 3502 modo
1225 3447 1279 3502 in
1332 3446 1640 3517 Evangeliis
1689 3446 1953 3515 scriptum
2005 3452 2110 3500 est.

550 3540 844 3611 Postquam
861 3540 1139 3611 judicatus
1164 3548 1310 3595 esset
1332 3538 1594 3595 Dominus
1611 3556 1626 3601 ;
1644 3538 1925 3608 judicatus
1951 3539 2114 3609 quip-

551 3649 618 3706 pe
650 3641 753 3694 est,
792 3642 845 3687 et
873 3639 998 3687 ante
1039 3630 1323 3702 praesidem
1361 3632 1530 3687 stetit.
1584 3628 1662 3685 Ne
1689 3631 1812 3700 quis
1844 3645 1963 3685 eam
1998 3646 2111 3685 rem

549 3742 673 3782 esse
702 3723 896 3797 pudori
931 3724 1227 3779 arbitretur
1259 3742 1273 3778 :
1309 3730 1560 3777 nostrum
1593 3722 1790 3793 quippe
1838 3736 2004 3777 causa
2058 3722 2112 3775 id

548 3818 642 3873 ille
665 3831 858 3886 passus
885 3822 989 3881 est,
1021 3821 1080 3868 ut
1109 3830 1178 3869 ne
1210 3814 1255 3870 si
1279 3828 1417 3885 quas
1444 3814 1536 3869 ille
1556 3812 1784 3868 insidias
1813 3827 2010 3882 passus
2040 3813 2114 3867 sit

550 3908 769 3963 silentio
836 3907 1259 3976 praetermissum
1314 3912 1506 3969 esset,
1561 3905 1754 3957 lateret
1801 3900 2112 3956 Judaaorum

550 3995 919 4066 conspiratio;
948 3994 1041 4049 sed
1066 4005 1124 4048 ut
1154 4010 1221 4048 ex
1242 3993 1453 4063 judicio
1486 3992 1775 4047 manifesta
1808 3990 1950 4047 foret
1979 3992 2114 4048 insi—

552 4088 818 4143 diantium
852 4086 1141 4140 calumnia.
1179 4084 1236 4139 Si
1285 4085 1431 4139 enim
1459 4085 1739 4155 judicatus
1781 4100 1894 4140 non
1923 4084 2115 4141 fuisset

554 4177 824 4240 Salvator,
855 4178 957 4230 sub
987 4174 1151 4247 dubia
1177 4175 1493 4245 incertaque
1526 4176 1837 4245 suspicione
1865 4175 2113 4231 latuisset

550 4268 859 4323 Judzeorum
891 4266 1151 4321 adversus
1196 4280 1319 4320 eum
1366 4252 1566 4320 invidia
1597 4283 1611 4334 ;
1647 4280 1770 4320 cum
1805 4274 1984 4321 autem
2023 4265 2114 4335 ju-

2218 1960 2401 2017 λοιπὸν
2428 1962 2557 2035 εἴπῃ
2575 1978 2589 1993 ·
2619 1982 2639 2014 ‹
2667 1963 2912 2035 Ἔγειραι
2935 1964 3068 2035 (75),
3090 1968 3120 2020 6
3141 1965 3436 2032 καθεύδων,
3466 1966 3561 2021 καὶ
3575 1968 3788 2022 ἀνάστα

2217 2053 2281 2107 ἐκ
2309 2053 2415 2108 τῶν
2443 2055 2674 2126 νεκρῶν,
2704 2056 2797 2110 καὶ
2823 2056 3111 2126 ἐπιφαύσει
3137 2073 3220 2111 σοι
3268 2059 3298 2112 6
3330 2058 3593 2129 Χριστός·
3639 2078 3659 2111 ι
3693 2060 3787 2113 καὶ

2218 2144 2379 2200 πάλιν
2405 2163 2419 2177 ο
2458 2164 2476 2198 ι
2522 2147 2773 2211 Ἀνάστα,
2809 2148 2904 2201 καὶ
2951 2147 3127 2219 δεῦρο,
3179 2147 3459 2203 ἀκολούθει
3489 2167 3601 2222 μοι,
3639 2170 3658 2202 ο
3696 2151 3783 2205 ἵνα

2219 2236 2416 2307 μηκέτι
2473 2236 2633 2308 τεθῇς
2675 2238 2767 2291 ἐπὶ
2815 2239 2936 2309 γῆς,
2992 2239 3106 2293 ἀλλ’
3139 2241 3198 2295 ἐν
3243 2242 3491 2313 οὐρανοῖς
3531 2242 3782 2316 ἀνέλθῃς.

2228 2327 2464 2400 Ἀνάγκη
2499 2330 2628 2401 γὰρ,
2663 2331 3007 2401 ἐγειρομένου
3054 2332 3148 2386 τοῦ
3209 2334 3483 2406 Σωτῆρος,
3538 2338 3783 2404 συνεγεί-

2217 2419 2408 2490 ρεσθαι
2437 2420 2611 2492 τούτῳ
2630 2422 2838 2476 καὶτὸν
2878 2422 3068 2494 Ἀδὰμ,
3091 2423 3186 2477 καὶ
3209 2424 3417 2490 πάντας
3443 2427 3568 2490 τοὺς
3600 2430 3666 2481 ὲκ
3689 2427 3787 2480 τοῦ

2230 2510 2400 2581 Ἀδὰμ
2445 2513 2764 2583 γενομένους
2794 2513 2929 2585 (76).
2962 2515 3072 2568 Kal
3106 2514 3316 2588 ὥσπερ,
3347 2516 3789 2590 ἀποθνήσκοντος

2215 2600 2310 2654 τοῦ
2342 2601 2531 2673 Ἀδὰμ,
2582 2603 2846 2675 ἐμένομεν
2866 2605 2960 2657 καὶ
2992 2605 3153 2675 ἡμεῖς
3173 2605 3239 2658 δι’
3263 2605 3427 2662 αὐτὸν
3458 2609 3663 2679 νεκροὶ,
3696 2607 3789 2661 οὖ·-

2214 2712 2322 2759 τως
2345 2697 2689 2768 ἐγειρομένου
2712 2696 2805 2751 τοῦ
2832 2696 3096 2770 κυριακοῦ
3130 2699 3398 2771 σώματος,
3428 2701 3641 2775 ἀνάγκη
3672 2704 3786 2757 λοι·-

2217 2785 2316 2839 πὺν
2347 2787 2554 2851 πάντας
2581 2790 2986 2862 συνεγείρεσθαι
3010 2790 3157 2861 αὐτῷ
3178 2791 3313 2864 (77).
3343 2793 3490 2865 Αὕτη
3511 2794 3608 2848 τοῦ
3635 2796 3786 2849 Παύ-

2214 2875 2305 2931 λου
2340 2879 2373 2949 ἠ
2411 2878 2618 2933 διάνοια
2642 2882 2897 2952 τυγχάνει
2921 2899 2936 2912 ·
2975 2882 3176 2954 γράφει
3218 2883 3329 2955 γὰρ
3358 2884 3668 2958 Κορινθίοις
3696 2888 3789 2941 λέ-
3898 2946 3903 2953 ,

2213 2986 2325 3039 γων
2343 2987 2356 3000 ·
2400 2988 2417 3022 ι
2441 2970 2646 3041 Ὠσπερ
2673 2971 2781 3044 γὰρ
2804 2975 2862 3027 ἐν
2886 2974 2964 3045 τῷ
2991 2975 3160 3048 ’Δδὰμ
3183 2977 3384 3041 πάντες
3411 2979 3787 3052 ἀποθνήσκου-

2216 3061 2492 3127 σιν,οὓτως
2507 3065 2563 3117 ἐν
2576 3064 2654 3133 τῷ
2664 3065 2882 3139 Χριστῷ
2895 3065 3092 3130 πάντες
3104 3068 3598 3142 ζωοποιηθήσονται
3615 3070 3745 3142 (78).
3759 3088 3787 3125 ι

2283 3174 2369 3228 15.
2409 3172 2534 3238 Πῶς
2559 3174 2615 3227 δὲ
2642 3174 2861 3243 ἄγουσιν
2888 3176 3048 3229 αὐτὸν
3071 3177 3163 3232 ἐπὶ
3189 3178 3283 3234 τὸν
3318 3180 3571 3252 σταυρὸν,
3609 3182 3784 3251 ἀναγ-

2213 3269 2364 3320 καῖον
2415 3266 2540 3319 ίδεῖν
2589 3266 2658 3320 τὰ
2695 3268 3053 3340 γεγραμμένα
3071 3285 3086 3300 ·
3142 3271 3359 3337 πάντως
3390 3272 3502 3343 (79)
3535 3273 3647 3345 γὰρ
3692 3275 3786 3328 καὶ¹

2212 3356 2384 3412 ταῦτα
2419 3359 2518 3412 οὑκ
2545 3358 2816 3431 ἀνωφελῆ,
2848 3360 2969 3413 οὐδὲ
3003 3363 3188 3428 ἁπλῶς
3202 3367 3260 3418 ἐν
3289 3366 3402 3427 τοῖς
3431 3364 3790 3433 Εὐαγγελίοις

2212 3447 2542 3521 γέγραπται.
2596 3447 2751 3502 Μετὰ
2787 3448 2849 3501 τὸ
2892 3450 3144 3523 κριθῆναι
3173 3451 3266 3505 τὸν
3310 3453 3545 3524 Κύριον·
3587 3455 3782 3527 ἐκρίθη

2211 3539 2340 3610 γὰρ,
2364 3539 2455 3593 καὶ
2469 3538 2777 3610 ἔμπροσθεν
2805 3541 3003 3611 ἐστάθη
3034 3542 3129 3596 τοῦ
3162 3544 3447 3615 ἡγεμόνος.
3470 3545 3579 3597 Kal.
3604 3547 3788 3617 μήτις

2213 3630 2550 3701 αίσχυνέσθω
2589 3630 2761 3684 ταῦτα
2791 3632 2902 3701 (80)
2926 3650 2938 3663 ’
2977 3634 3234 3705 ὑπέμεινε
3266 3636 3374 3706 γὰρ
3403 3635 3499 3688 καὶ
3534 3635 3697 3691 τοῦτο
3720 3636 3791 3691 δι’

2211 3722 2381 3792 ἡμᾶς,
2421 3720 2505 3773 ῖνα
2538 3720 2637 3791 μὴ,
2687 3720 2825 3773 κατὰ
2877 3721 2939 3774 τὸ
2994 3721 3340 3793 σιωπώμενον
3376 3722 3787 3795 ὲνεδρευθέντος

2215 3810 2326 3880 (8i)
2364 3809 2551 3873 αὑτοῦ,
2593 3808 2903 3881 κρύπτηται
2949 3811 3056 3866 τῶν
3101 3812 3365 3867 Ἰουδαίων
3400 3815 3433 3884 ἡ
3482 3813 3782 3885 ἐπιϐουλήο

2215 3902 2329 3955 ἀλλ’
2362 3902 2447 3955 ῖνα
2476 3901 2569 3955 καὶ
2606 3902 2671 3955 ἐκ
2702 3902 2935 3974 κρίσεως
2964 3903 3171 3975 φανερὰ
3208 3904 3319 3959 τῶν
3361 3904 3787 3960 ἐπιϐουλευσάν-

2214 4010 2321 4047 των
2359 3994 2392 4064 ή
2434 3992 2762 4060 συκοφαντία
2797 3994 3042 4065 γένηται.
3084 3994 3175 4066 Μὴ
3221 3996 3499 4068 κριθέντος
3538 3998 3652 4070 γάρ
3688 3998 3785 4052 τοῦ

2216 4084 2481 4154 Σωτῆρος,
2514 4082 2704 4154 ἄδηλος
2733 4084 3007 4137 ὑπενοεῖτο
3033 4084 3144 4156 (82)
3176 4085 3283 4138 τῶν
3315 4086 3583 4140 Ἰουδαίων
3612 4090 3641 4141 6
3662 4087 3789 4141 κατ’

2215 4174 2380 4229 αὐτοῦ
2420 4173 2611 4243 φθόνος
2631 4191 2645 4206 ·
2681 4173 2960 4245 κριθέντος
2980 4175 3036 4229 δέ
3063 4176 3247 4241 αὐτοῦ,
3273 4176 3456 4231 λοιπὸν
3478 4177 3669 4232 οὐδένα
3694 4178 3791 4232 λα-

2216 4267 2327 4321 θεῖν
2352 4268 2523 4332 οὓτως
2554 4268 2810 4339 ἠδυνήθη.
2851 4270 2960 4323 Καὶ
2987 4270 3215 4334 Πιλᾶτος
3247 4271 3345 4341 μὲν
3369 4271 3553 4335 αὐτὸς,
3589 4271 3668 4344 τῷ
3688 4270 3795 4344 μὲν

553 4361 770 4415 dicatus
792 4359 883 4421 sit,
940 4359 992 4413 id
1044 4357 1249 4413 nemini
1302 4357 1469 4412 latere
1522 4364 1719 4427 potest.
1773 4356 1838 4412 Et
1891 4357 2109 4427 quidem

551 4452 760 4506 Pilatus
817 4452 932 4521 ipse
975 4448 1274 4504 Salvatoris
1307 4449 1672 4503 innocentiam
1709 4450 2111 4519 puritatemque

553 4551 778 4598 testatus
804 4551 907 4604 est,
930 4540 1348 4609 Judworumque
1375 4538 1604 4594 insidias
1636 4540 1865 4611 aperuit.
1908 4558 1926 4591 ι
1961 4538 2111 4593 Scie-

2220 4558 2239 4591 ι
2261 4541 2342 4595 ὅτι
2356 4542 2443 4595 διὰ
2460 4541 2649 4610 φθόνον
2673 4541 2991 4612 παρέδωκαν
3016 4543 3197 4596 αὐτόν.
3226 4562 3245 4593 ι
3266 4542 3379 4595 Οὐκ
3399 4542 3466 4596 ἂν
3479 4542 3537 4596 δὲ
3555 4543 3670 4614 (85)
3690 4546 3793 4597 Πι-

551 4637 644 4690 bat
664 4635 829 4697 enim,
859 4654 879 4686 ι
901 4632 1098 4702 inquit,
1132 4650 1151 4681 ι
1176 4631 1318 4701 quod
1342 4648 1437 4702 per
1466 4632 1725 4686 invidiam
1758 4631 2111 4686 tradidissent

2219 4631 2377 4696 λᾶτος
2410 4632 2549 4702 ἔγνω
2580 4632 2671 4686 τὸν
2702 4631 2891 4702 φθόνον
2915 4633 3022 4686 τῶν
3066 4632 3352 4695 Ἰουδαίων,
3381 4636 3443 4686 εί·
3459 4634 3535 4705 μὴ
3581 4635 3792 4707 ἐστάθη

551 4728 781 4782 illum".
824 4746 842 4776 ι
883 4726 989 4780 Nec
1007 4725 1351 4796 cognovisset
1382 4722 1589 4779 Pilatus
1621 4722 1934 4777 Iudaeorum
1968 4722 2110 4776 invi—

2219 4726 2535 4796 κρινόμενος
2578 4728 2607 4778 6
2656 4729 2865 4799 Σωτήρ.
2898 4728 3058 4795 Μέγα
3089 4730 3320 4797 πρᾶγμα
3354 4729 3447 4781 καὶ
3486 4728 3799 4800 παράδοξον

548 4823 716 4884 diam,
777 4819 882 4875 nisi
946 4816 1193 4872 Salvator
1246 4815 1311 4870 ad
1359 4816 1626 4886 judicium
1665 4814 1924 4870 stetisset.
1975 4815 2108 4869 Rem

2219 4816 2429 4887 άληθῶς
2447 4815 2786 4886 πεποίηκενὸ
2813 4816 3001 4885 Σωτήρ
3020 4831 3033 4844 ο
3063 4815 3280 4870 σιωπῶν
3310 4816 3553 4887 ἐνήργει,
3585 4818 3680 4871 καὶ
3714 4816 3795 4887 μὴ

550 4929 798 4985 magnam
840 4911 1251 4980 mirabilemque
1306 4906 1556 4961 Salvator
1589 4906 1866 4976 praestitit,
1893 4906 1984 4974 qui
2020 4912 2107 4958 ta-

2219 4904 2646 4975 ἁπολογούμενος
2698 4905 2868 4959 ἐποίει
2913 4907 3003 4959 τὸν
3049 4905 3309 4975 δικαστὴν
3357 4904 3645 4975 ὁμολογεῖν
3687 4906 3792 4977 τὴν

2214 4359 2425 4431 Σωτῆρι
2453 4359 2751 4432 ἐμαρτύρει
2772 4361 2834 4414 τὸ
2875 4362 3118 4415 ἀναίτιον
3161 4363 3255 4415 καὶ
3286 4361 3524 4433 καθαρόν
3544 4379 3558 4393 ⁸
3595 4363 3707 4417 τῶν
3730 4364 3794 4418 δί

2227 4448 2489 4503 Ἰουδαίων
2504 4450 2601 4521 τὴν
2631 4450 2917 4522 ἐπιϐουλὴν
2933 4451 3145 4522 ἐξῆγεν.
3170 4471 3189 4504 ι
3216 4452 3369 4524 ᾝδει
3385 4453 3515 4524 γάρ,
3543 4472 3562 4504 ι
3596 4455 3788 4525 φησιν,

624 5093 666 5122 ⁵⁸
700 5045 855 5145 Joan.
892 5108 958 5156 χ,
992 5090 1080 5143 50.
1157 5088 1201 5121 δ’
1239 5086 1381 5141 Psal.
1421 5102 1509 5149 xv,
1543 5085 1595 5139 5.
1672 5084 1717 5115 '°
1754 5083 1949 5138 Genes.
1986 5097 2082 5147 tu,

2282 5083 2327 5115 "
2367 5081 2388 5135 l
2419 5083 2545 5138 Cor.
2580 5100 2648 5138 xv
2670 5127 2685 5151 ,
2718 5083 2811 5140 22.
2885 5084 2931 5116 ⁸²
2971 5083 3161 5138 Matth.
3196 5101 3373 5152 xxvu,
3406 5083 3494 5140 18.

629 5246 729 5317 (75)
764 5247 972 5317 ᾼηίέιίο.
1003 5245 1058 5309 2,
1089 5254 1149 5317 _et
1171 5242 1319 5317 Felc.
1347 5238 1676 5317 2,_7tap_topq‘t.

2282 5236 2394 5317 (χρ)
2421 5203 2512 5317 sic
2538 5235 2760 5317 llegius.
2789 5244 2843 5291 et
2867 5236 3080 5317 Anglic.
3125 5234 3266 5317 Editi
3291 5250 3441 5317 vero,
3462 5235 3664 5291 πάντα.

623 5301 729 5387 (ΓΗ-3
763 5301 903 5371 Fere.
939 5316 994 5380 2,
1023 5301 1117 5368 τοῦ
1150 5312 1355 5375 πάθους
1378 5310 1475 5379 τὴν
1503 5301 1610 5361 οίκξ
1633 5301 1644 5309 ’

623 5388 732 5445 {75)
764 5389 853 5441 Sic
876 5400 1066 5440 omnes
1109 5384 1222 5437 fere
1246 5396 1383 5437 mss.
1420 5379 1563 5432 Editi
1610 5392 1757 5440 vero,
1797 5374 1995 5445 ἔγειρε.
2022 5373 2106 5427 Ιη-

2280 5301 2385 5373 (80’
2423 5301 2824 5375 Βεείιιεέοιυε,
2855 5301 3057 5376 καΓμή
3098 5322 3181 5367 τις
3209 5301 3599 5372 ἀναγινώσκων
3631 5310 3789 5378 αἰσχ.

2280 5308 2391 5445 (Si;
2429 5373 2519 5427 Sic
2549 5373 2749 5444 Regius
2772 5383 2825 5429 et
2850 5375 3041 5440 Basil.;
3065 5375 3196 5429 editi
3224 5390 3351 5429 vero
3370 5374 3748 5445 ἁγεδρεύοντος
3771 5418 3789 5444 ,

764 5389 853 5441 Sic
876 5373 1066 5456 omnes
1109 5373 1581 5456 fere_mss._Editi-
1610 5392 1757 5440 vero,
1796 5374 1995 5456 ἔγειρε.
2022 5373 2106 5427 Ιη-

2268 5373 2391 5454 (81)
2429 5373 2534 5456 Sic"
2549 5373 2749 5444 Regius
2772 5383 2825 5429 et
2850 5373 3196 5440 Basil.;editi
3224 5390 3351 5429 vero
3370 5373 3790 5445 ἁγεδρεύοντοξ,

548 5444 651 5518 [ναξ
706 5444 814 5527 μοί,
862 5461 983 5525 post
1031 5451 1333 5512 ἀκολούθει,
1371 5451 1521 5503 deest
1570 5450 1623 5502 in
1662 5444 1926 5501 omnibus
1974 5460 2105 5498 mss.

2219 5444 2592 5527 mi'tltstecte
2697 5512 2708 5523 .
2903 5512 2918 5527 .
3010 5512 3043 5527 ..
3137 5514 3151 5527 .

548 5511 742 5583 Μαλιέι.
766 5511 900 5595 κρέ,
938 5594 949 5595 7
1201 5591 1211 5595 _
1321 5511 1327 5512 “
1387 5589 1400 5595 Α
1472 5587 1481 5595 _
2282 5513 2402 5595 (821
2428 5511 2743 5595 Basilien‘sis
2766 5520 2872 5595 ..ειη
2890 5512 3112 5595 Anglic;
3133 5514 3414 5595 ἐτξινρεξτο.
3448 5512 3529 5593 Ad
3547 5516 3790 5595 “margi-

621 5597 727 5665 (76)
757 5579 901 5675 ME;
927 5594 983 5655 2,
1018 5591 1358 5673 γενομένους,
1385 5587 1669 5710 ὲὲένομεν.

626 5667 726 5710 ΙῖἿι
761 5670 930 5710 Mirm-
964 5663 1113 5710 deest
1148 5679 1199 5710 ιιι
1232 5660 1374 5710 Felc.
1446 5697 1461 5710 .

2219 5599 2335 5636 nem
2364 5581 2526 5634 Basil.
2554 5582 2744 5653 ἄδηλος
2763 5581 2828 5635 ἂν
2843 5579 2911 5655 ἦν
2931 5579 3039 5635 τῶν
3076 5583 3227 5637 Ἰουδ.
3251 5582 3418 5647 Infra,
3456 5585 3512 5637 in
3547 5579 3789 5652 Felcf5.

2219 5654 2316 5710 μέν
2348 5662 2636 5710 utrumque
2664 5652 2836 5706 deest.

615 5652 726 5735 ((7.Ἱᾷ
757 5663 930 5733 Λὺτῷ,
964 5652 1113 5735 deest
1147 5652 1199 5714 in
1232 5660 1374 5735 Felc.
1397 5652 1461 5735 2.
1552 5652 1565 5659 ’
1627 5727 1641 5735 _
1797 5724 1813 5735 ‘
1883 5721 1895 5733 .
1944 5722 1974 5735 ,γ
2008 5720 2030 5735 ﬁ

2219 5652 2836 5735 eatytrvrlquédeess;
2868 5652 2926 5733 ⁷.
3030 5720 3044 5735 .
3139 5722 3170 5735 ..

624 5720 731 5806 (78')
766 5720 1281 5801 Ζωοὲτοιηθήσονται.
1316 5730 1376 5784 ιιι
1397 5728 1499 5783 hoc
1530 5727 1753 5783 verbum
1782 5721 1984 5779 desinit
2007 5720 2111 5776 fra-

2220 5720 2231 5724 ’
2286 5722 2396 5795 (85)
2427 5721 2514 5787 Δέ,
2537 5724 2687 5778 deest
2719 5722 2774 5777 in
2796 5720 2984 5794 Regio,
3015 5720 3227 5794 Anglic.
3262 5736 3317 5777 et
3340 5721 3486 5778 Fclc.
3514 5721 3571 5777 2.

548 5814 839 5877 gtuentum.
