4008 6404
209 428 277 485 909
1192 429 1279 482 DE
1314 428 1649 484 PASSlONE
1688 426 1774 482 ΕΤ
1814 427 2045 483 CRUCE
2084 427 2337 483 DOMINI.

3317 426 3424 480 9.10

208 543 439 615 συσκευὴν,
495 544 606 597 καὶ
648 546 735 599 ὅτι
776 544 967 616 μᾶλλον
1007 546 1118 608 τοῖς
1161 544 1338 617 όχλοις
1369 546 1402 617 ἥ
1437 545 1520 624 τῷ·
1556 546 1747 617 δικαίῳ

1863 545 2044 610 :eudo,
2077 562 2178 601 nec
2223 543 2625 614 respondendo,
2658 560 2724 601 eo
2762 544 3004 614 judicent
3050 545 3332 615 compulit,
3368 555 3426 598 ut

206 635 457 689 πέπεισται.
481 633 962 705 Ἀπολογουμὲνου
982 634 1081 705 μὲν
1098 634 1209 707 (84)
1223 636 1350 707 γὰρ,
1368 632 1435 707 ἦν
1453 636 1747 707 ὑπονοῆσαι

201 726 342 785 δέιλίαν
374 727 476 783 τοῦ
531 727 781 782 θανάτου
800 743 816 758 ο
851 727 1156 791 σιωπῶντος
1188 726 1270 792 δὲ,
1303 725 1365 780 τὸ
1397 728 1623 800 στερρὸν
1655 729 1750 782 καὶ

200 821 268 892 τὴν
294 820 545 892 ἀνδρείαν
596 819 899 891 θαυμάσαι.
933 819 1042 872 Καὶ
1073 819 1133 873 τὸ
1160 817 1333 883 οὕτως
1364 818 1420 872 δὲ
1461 819 1554 873 τὸν
1582 820 1749 873 Πιλᾶ-

199 928 262 964 tor
284 910 705 979 ἀπολογεῖσθαι,
752 911 900 965 οὐδὲν
928 906 995 981 ἦν
1023 911 1229 981 ἕτερον,
1262 909 1295 980 ἢ
1337 908 1626 963 πιστεῦσαι
1656 909 1750 962 τὸν

199 1004 467 1075 κρινόμενον
508 999 667 1058 εἶναι
702 1004 855 1058 Θεόν.
901 1002 1135 1074 ’Δμέλει,
1163 1001 1481 1073 κρινόμενος
1513 1000 1616 1054 ὑπὸ
1648 1001 1748 1053 Πι-

198 1094 331 1157 λάτον,
355 1095 724 1169 ἐχρημάτιζε
769 1098 835 1166 τῇ
880 1093 1370 1164 τούτου’γυναικίο
1403 1094 1490 1148 ἴνα
1534 1094 1600 1165 τῇ
1650 1093 1750 1164 μὲν

198 1191 329 1259 σιωπῇ
351 1189 456 1264 τὴν
474 1188 746 1260 ’ἀνδρίαν
785 1187 893 1258 (85)
931 1186 1288 1259 κατταιτιτλαγῇ⁸
1322 1184 1402 1258 τῷ
1442 1185 1499 1239 δὲ
1536 1202 1752 1257 χρημα-

196 1279 328 1351 τισμῷ
345 1279 629 1352 γινώσκῃ,
652 1282 741 1335 ὂσι
774 1282 875 1335 οὐκ
894 1279 1197 1353 ἄνθρωπον,
1222 1278 1355 1332 άλλά
1387 1277 1519 1331 Θεὸν
1552 1277 1745 1349 κρίνει.

205 1373 433 1444 mem
477 1368 583 1427 οὖν
622 1374 654 1427 ὁ
688 1372 892 1445 κρίνων
933 1372 1023 1425 τὸν
1054 1372 1392 1445 κρινόμενον,
1424 1371 1519 1426 καὶ
1552 1370 1752 1443 μᾶλλον

196 1466 317 1529 αὐτὸς
351 1466 610 1538 ἐκρίνετο
644 1464 730 1537 τῷ
779 1465 930 1537 φόϐῳ
974 1463 1067 1520 τοῦ
1112 1465 1435 1538 κρινομένου
1472 1464 1506 1536 ἦ
1548 1465 1751 1536 κρίνων

197 1558 317 1622 αὐτὸς
336 1560 694 1631 κατέπληττε
738 1559 832 1612 τὸν
883 1558 1104 1631 Κύριον.
1137 1557 1228 1611 Διὸ
1264 1559 1359 1612 καὶ
1396 1558 1616 1628 ἐνίψατο
1652 1557 1752 1622 τὰς

197 1644 340 1722 χεῖρας
371 1649 555 1719 λέγων
574 1667 592 1682 ο
635 1670 658 1702 ‹
717 1649 920 1715 ’Δθῶός
954 1652 1070 1721 είμι
1102 1650 1211 1704 ἀπὸ
1236 1650 1330 1705 τοῦ
1368 1652 1598 1723 αἵματος
1625 1650 1750 1705 τού-

1851 635 2312 705 conspirationem
2350 633 2677 699 declararet,
2705 643 2760 689 et
2805 633 3070 690 fateretur
3098 650 3220 690 sese
3248 635 3426 690 turbis

1852 728 2026 799 magis
2059 743 2224 798 quam
2269 727 2503 798 justitiae
2547 729 2974 799 obtemperasse.
3013 729 3117 797 Qui
3152 730 3199 786 si
3252 728 3429 783 Pilato

1851 818 2248 889 respondisset,
2282 820 2524 890 suspicio
2550 818 2745 875 fuisset
2766 836 2889 876 eum
2919 820 3213 877 formidine
3236 822 3435 876 mortis

1850 910 2095 981 corripi;
2140 925 2266 964 cum
2311 912 2546 966 tacuerit
2580 921 2786 977 autem,
2822 913 3161 969 admirabilis
3202 930 3431 983 prorsus

1851 1001 1975 1070 ejus
2004 1003 2313 1057 constantia
2369 1010 2424 1058 et
2465 1002 2748 1059 fortitudo.
2801 1003 2956 1071 Quod
2988 1015 3170 1062 autem
3202 1007 3274 1060 ita
3303 1022 3428 1061 eum

1852 1092 2064 1150 Pilatus
2096 1093 2437 1161 defenderet,
2472 1097 2611 1151 nihil
2662 1099 2810 1154 aliud
2848 1099 2902 1152 id
2929 1108 3048 1154 erat
3085 1114 3249 1170 quam
3283 1100 3431 1170 quod

1852 1186 2105 1242 crederet
2136 1202 2261 1242 eum
2292 1187 2390 1258 qui
2429 1188 2486 1243 in
2512 1188 2721 1258 judicio
2758 1191 2940 1246 stabat
2967 1206 3088 1248 esse
3129 1190 3321 1247 Deum.
3364 1189 3431 1245 Et

1852 1291 1987 1332 sane
2013 1292 2137 1331 cum
2165 1292 2195 1331 a
2215 1275 2394 1333 Pilato
2418 1278 2781 1349 judicaretur,
2810 1282 2933 1352 ejus
2958 1283 3113 1338 uxori
3147 1284 3441 1339 oraculumi

1852 1366 2023 1421 edidit
2061 1385 2075 1421 :
2115 1375 2178 1421 ut
2213 1366 2435 1423 silentio
2468 1369 2709 1441 quidem,
2751 1370 2872 1440 ejus
2908 1369 3281 1426 fortitudinem
3314 1379 3433 1429 stu-

1855 1471 2029 1530 peret;
2063 1448 2511 1518 oraculo'autem
2535 1473 2877 1534 agnoseeret,
2912 1480 2971 1519 se
2999 1479 3108 1519 non
3135 1463 3435 1531 hominem,

1853 1550 1950 1607 sed
1979 1550 2148 1607 Deum
2180 1553 2451 1625 judicare.
2481 1555 2689 1610 Timuit
2730 1556 2898 1627 igitur
2923 1555 3090 1626 judex
3125 1571 3302 1622 reum,
3327 1557 3440 1611 imo
3478 1602 3487 1611 .

1854 1644 2027 1716 magis
2057 1645 2173 1715 ipse
2210 1646 2448 1716 judicati
2482 1655 2697 1705 terrore
2721 1648 3095 1718 judicabatur,
3125 1665 3292 1721 quam
3324 1649 3442 1722 ipse

198 1758 290 1793 τουο
314 1760 330 1795 ι
360 1743 407 1795 εί
429 1742 529 1795 καὶ
555 1741 818 1815 ὕστερον,
847 1741 1085 1815 κινηθεὶς
1106 1742 1219 1812 (86)
1240 1746 1306 1816 τῇ
1338 1743 1446 1797 τῶν
1484 1742 1751 1798 Ἰουδαίων

1863 1736 2104 1804 iudicans
2152 1737 2445 1794 Dominum
2491 1748 2844 1811 perterrcret.
2877 1742 3059 1810 Quare
3091 1757 3287 1797 manus
3338 1742 3439 1797 ab-

202 1834 315 1906 φιλίᾳ
348 1834 694 1908 συνέδραμεν
735 1836 919 1900 αὐτοῖς
961 1834 1434 1889 ἐπιϐουλεύουσιν·
1471 1834 1612 1890 ὥστε
1655 1837 1750 1891 καὶ

1863 1829 1980 1894 ιυῑι,
2028 1832 2212 1902 aitque
2248 1848 2261 1883 :
2301 1852 2321 1885 ι
2361 1832 2633 1889 lnnocens
2683 1849 2783 1905 ego
2808 1850 2932 1890 sum
2965 1836 3034 1889 ab
3085 1835 3189 1889 hoc
3218 1832 3442 1906 sangui-

201 1929 259 1991 εἰς
286 1904 520 2000 σταυρὸν-
553 1904 729 1983 αὐτὸν
777 1927 1130 2001 παραδοῦναι.
1176 1929 1533 2001 Παραδίδοται
1574 1930 1750 1985 τοίνυν

1863 1922 1924 1979 ne
1963 1923 2010 1955 ⁸³
2041 1941 2109 1978 »ι
2156 1925 2259 1981 etsi
2320 1936 2508 1997 postea
2553 1904 2869 1983 Iudaeorum
2907 1928 3082 1999 gratia
3135 1904 3439 1999 permotus,

201 2019 223 2071 ό
258 2020 442 2093 Σωτὴρ,
495 2020 598 2075 καὶ
644 2020 999 2093 παραδοθεὶς,
1044 2022 1106 2076 οὒ
1154 2021 1462 2094 κατέπτηξε
1509 2020 1620 2095 (87)
1660 2022 1751 2076 τὸν

200 2110 405 2175 θάνατον,
464 2111 613 2167 ἀλλά
644 2114 745 2168 καλ⁵
804 2113 1004 2186 μᾶλλον
1055 2114 1362 2169 ἀπεδύσατο
1397 2115 1535 2188 πρὸς
1566 2114 1750 2179 αὐτὸν,

201 2203 273 2256 καὶ
301 2203 478 2260 ἐδίωκε
526 2205 811 2276 φεύγοντα
840 2207 932 2260 τὸν
973 2207 1115 2279 ὅφιν.
1158 2208 1233 2261 Οὐ
1280 2206 1390 2280 γὰρ
1414 2207 1490 2273 ὡς
1519 2208 1756 2281 ἀποθνή-

201 2311 316 2349 σκων
347 2291 413 2369 ἦν
462 2299 495 2351 6
543 2296 783 2371 Κύριος,
824 2298 940 2353 ἀλλ’
962 2298 1038 2365 ὡς
1076 2299 1169 2354 τὸν
1219 2298 1448 2354 θάνατον
1479 2302 1558 2363 εἰς
1599 2298 1758 2352 τοῦτο

197 2385 390 2442 διιὶικων.

251 2649 327 2704 ﬂ.
368 2650 543 2706 Ἔνθα
583 2649 651 2722 δὴ
697 2652 728 2705 6
775 2652 1008 2719 δείλαιος
1043 2654 1318 2719 διάϐολος,
1373 2655 1654 2728 θεωρήσας
1696 2656 1758 2709 τὸ

195 2742 311 2795 κατά
336 2743 569 2797 Πιλᾶτον
602 2742 716 2815 (88)
750 2743 960 2817 θαῦμα,
999 2748 1080 2801 ὅτι
1118 2746 1319 2820 μᾶλλον
1358 2751 1387 2802 6
1423 2748 1623 2820 κρίνων
1654 2748 1689 2821 ἢ
1729 2748 1758 2801 6

194 2835 485 2906 κρινόμενος
524 2837 911 2909 κατέπτηξεν’
947 2837 1087 2910 ὁρῶν
1117 2838 1173 2892 δέ
1222 2838 1319 2893 καὶ
1354 2839 1452 2910 τὴν
1486 2837 1627 2911 μετά
1660 2855 1759 2892 πε·-

191 2926 469 2998 ποιθήσεως
511 2927 685 2983 αὐτοῦ
742 2929 845 2984 νῦν
903 2930 1195 2996 ἀπόδυσιν,
1248 2932 1427 2986 πάντα
1475 2930 1757 3004 πειράζειν

190 3017 489 3085 ἐσπούδαζε,
530 3020 861 3093 βουλόμενος
892 3020 1113 3088 γνῶναι,
1138 3020 1167 3075 6
1205 3022 1468 3096 πρότερον
1495 3022 1595 3075 οὐκ
1627 3023 1754 3090 ἡδυ-

188 3110 325 3181 νήθη,
355 3113 640 3187 ’πειράζων
683 3113 849 3168 αὐτὸν
884 3115 940 3167 ἐν
978 3114 1056 3185 τῷ
1098 3114 1235 3187 δρει,
1269 3114 1481 3185 μαθεῖν,
1512 3116 1561 3168 εί
1604 3109 1760 3178 οὗτός

190 3203 315 3257 ἐστιν
339 3208 368 3259 6
402 3205 535 3270 Υίδς
583 3203 684 3260 τοῦ
730 3204 890 3259 Θεοῦ.
928 3204 1060 3258 Τότε
1107 3203 1543 3275 καταισχυνθεὶς,
1576 3196 1758 3276 ἐτήρει

186 3293 264 3349 τὸν
286 3298 374 3350 τοῦ
418 3296 658 3351 θανάτου
691 3297 887 3368 καιρόν
909 3312 923 3327 ο
967 3294 1222 3367 νομίζων,
1256 3296 1337 3349 ὅτι
1373 3297 1433 3350 ἐν
1477 3289 1523 3365 ᾧ
1549 3295 1759 3360 πάντας

186 3386 651 3453 καταδεδουλώκει,
680 3386 946 3442 δύνασθαι
981 3388 1074 3441 καὶ
1111 3388 1169 3440 ἐν
1201 3385 1280 3458 τῷ
1317 3386 1533 3459 θανάτῳ
1569 3387 1759 3440 τοῦτον

185 3480 445 3552 πειράσαι.
478 3481 808 3554 Γέγραπται
850 3479 958 3552 γὰρ
994 3479 1142 3552 παρά
1180 3478 1259 3551 τῷ
1286 3480 1490 3553 Λουκᾷ,
1527 3481 1608 3534 ὅτι
1638 3497 1760 3534 συν-

181 3574 389 3641 τελέσας
418 3576 601 3631 πάντα
634 3574 950 3648 πειρασμὸν
971 3578 999 3629 6
1023 3574 1284 3639 διάϐολος,
1307 3576 1518 3646 ἀπέστη
1547 3577 1641 3630 ἀπ’
1663 3575 1760 3629 αὒ-

178 3664 262 3718 τοῦ
285 3667 410 3738 ἄχρι
439 3667 661 3739 καιροῦ.
698 3660 872 3731 Οὗτος
905 3667 961 3721 δέ
990 3669 1134 3720 ἐστιν
1171 3669 1376 3732 ἐκεῖνος
1408 3671 1437 3721 6
1463 3668 1672 3740 καιρὸς,
1702 3669 1760 3721 ἐν

180 3750 221 3825 ᾧ
253 3762 343 3813 καὶ
383 3760 550 3824 αὐτὸς
589 3761 620 3813 6
674 3758 939 3830 πολέμιος
965 3759 1260 3827 ἐγίνωσκεν
1290 3759 1482 3813 ἐαυτὸν
1512 3776 1762 3813 καταπα-

178 3851 500 3922 τηθήσεσθαι
552 3852 663 3906 ὑπὸ
707 3852 962 3917 πάντων,
1007 3855 1054 3906 εί
1107 3852 1202 3906 καὶ
1246 3851 1436 3906 τούτου
1476 3851 1756 3906 διαπέσοι’

185 3944 329 4012 μόνον
350 3946 460 4017 γὰρ
492 3944 656 3998 τοῦτο
691 3942 848 4014 αὐτῷ
881 3943 1252 4016 περιελείπετο
1280 3943 1462 3997 λοιπὸν
1490 3942 1550 3997 τὸ
1577 3938 1758 4008 ἆθλον,

182 4033 384 4089 πάντων
408 4034 785 4108 γυμνωθέντι.
814 4033 906 4087 Διὸ
933 4035 1034 4088 ’καὶ
1069 4035 1246 4089 πάντα
1276 4036 1419 4086 ποιεῖ
1444 4032 1538 4086 τοῦ
1571 4032 1761 4104 μαθεῖν

180 4125 373 4194 ἕνεκεν,
413 4130 465 4182 εἰ
498 4123 655 4193 οὗτός
706 4130 862 4181 ἐστιν
903 4127 932 4179 6
970 4126 1195 4198 Σωτήρ’
1231 4125 1326 4180 καὶ
1370 4125 1528 4180 τοῦτο
1564 4125 1759 4190 ἐποίει,

183 4217 289 4284 ἱνα,
343 4221 437 4275 ἐὰν
478 4221 653 4285 ὅντως
700 4219 835 4291 περὶ
885 4217 1049 4271 αὑτοῦ
1101 4218 1282 4289 μάθῃ,
1340 4219 1477 4290 μηδὲ
1514 4217 1764 4290 τολμήσῃ

184 4310 509 4379 προσελθεῖν,
557 4309 720 4375 εἰδὼς
779 4308 878 4381 τὴν
917 4309 1209 4382 ἀπρόσιτον
1253 4309 1348 4362 καὶ
1390 4308 1541 4364 θείαν
1593 4307 1760 4363 αὑτοῦ

182 4397 416 4474 ὕᾶναμιν.
458 4404 516 4458 ὐ
550 4404 609 4458 δὲ
641 4403 876 4476 Κύριος,
927 4401 1144 4476 θεωρῶν
1185 4401 1345 4456 αὑτοῦ
1386 4403 1484 4474 τὴν
1526 4420 1765 4474 πανουρ-

182 4490 323 4557 γίαν,
368 4495 451 4548 ὅτι
500 4495 562 4549 οὐ
612 4496 752 4567 τιμῇ
808 4495 879 4564 τῇ
929 4491 1064 4563 πρὸς
1106 4491 1288 4556 αὑτὸν,
1333 4490 1467 4544 ἀλλὰ
1513 4491 1614 4563 τῆς
1653 4490 1763 4543 τῶν

1857 2014 1997 2085 ipsis
2028 2031 2151 2073 sese
2186 2017 2581 2074 insidiantibus
2632 2018 2869 2091 adjecit;
2908 2019 2983 2074 ita
3026 2027 3087 2074 ut
3119 2020 3187 2074 ad
3218 2034 3440 2075 crucem

1856 2106 2008 2161 illum
2043 2108 2311 2164 traderet.
2345 2108 2610 2165 Traditur
2653 2126 2783 2182 ergo
2814 2108 3087 2175 Salvator,
3138 2119 3303 2181 atque
3330 2108 3442 2166 t'ra-

1856 2198 2004 2255 ditus
2054 2209 2287 2255 mortem
2342 2216 2454 2256 non
2519 2201 2873 2273 perhorruit;
2920 2202 3031 2256 imo
3078 2202 3264 2271 potius
3318 2217 3442 2267 sese

1857 2288 2084 2345 nudavit
2118 2306 2245 2346 cum
2281 2293 2374 2347 illa
2427 2308 2851 2364 congressurus,
2885 2308 2949 2347 ac
2987 2292 3284 2363 fugientem
3317 2307 3441 2363 per-

1858 2390 2081 2439 secutus
2125 2388 2210 2438 est
2257 2389 2589 2452 serpentem.
2644 2380 2765 2437 Non
2817 2381 2962 2436 enim
3006 2381 3164 2451 quasi
3198 2381 3441 2438 moriens

1858 2490 1980 2531 sese
2010 2474 2203 2530 habuit
2233 2472 2535 2542 Dominus;
2565 2473 2676 2530 imo
2702 2474 2887 2546 potius
2915 2474 3077 2546 quasi
3113 2482 3340 2530 mortem
3369 2473 3440 2528 ad

1858 2566 2093 2637 idipsum
2122 2581 2477 2637 persequens.

1928 2659 2019 2715 M.
2054 2658 2227 2713 Porro
2256 2658 2349 2714 hic
2383 2657 2577 2714 infelix
2607 2658 2883 2723 diabolus,
2917 2665 3217 2729 conspecto
3247 2657 3351 2712 boc
3381 2658 3437 2713 in

1857 2752 2035 2808 Pilato
2059 2752 2347 2818 miraculo,
2377 2751 2526 2823 quod
2549 2753 2666 2822 ipse
2692 2750 2867 2807 Judex
2896 2751 3021 2821 plus
3053 2756 3440 2820 expavesceret

1858 2843 2351 2916 quamjudicatus,
2397 2843 2891 2914 animadversaque
2945 2841 3159 2898 Domini
3209 2842 3261 2896 in
3317 2857 3441 2897 sese

1858 2934 2107 2992 exuendo
2161 2930 2381 2999 ﬁduCia,
2432 2935 2569 2989 nihil
2620 2951 2731 2990 non
2784 2942 3051 2990 tentatum
3105 2934 3348 3003 reliquit.
3379 2940 3440 2987 ut

1859 3035 2046 3082 nosset
2076 3026 2129 3081 id
2155 3026 2302 3097 quod
2332 3028 2485 3097 prius
2515 3042 2680 3084 nosse
2710 3042 2821 3082 non
2855 3026 3054 3097 potuit,
3087 3024 3176 3080 ubi
3201 3025 3351 3079 illum
3381 3024 3439 3079 in

1860 3124 2046 3173 monte
2080 3116 2331 3181 tentavit,
2380 3125 2440 3172 ut
2490 3116 2783 3186 edisceret,
2833 3133 2904 3172 an
2938 3116 3028 3172 hic
3077 3124 3223 3172 esset
3267 3114 3440 3170 Filius

1862 3207 1976 3265 Dei.
2009 3207 2166 3264 Tunc
2197 3207 2548 3280 pudefactus,
2583 3208 2778 3265 mortis
2818 3218 3037 3279 tempus
3087 3206 3438 3269 observabat,

1862 3308 2015 3356 ratus
2049 3316 2108 3355 se
2133 3300 2186 3354 in
2221 3316 2330 3371 qua
2354 3317 2413 3355 re
2436 3300 2539 3357 sibi
2562 3316 2756 3357 omnes
2786 3301 3098 3373 subegerat,
3128 3308 3304 3355 morte
3331 3300 3440 3355 sci-

1858 3392 2024 3459 licet,
2058 3393 2115 3449 in
2135 3394 2326 3450 eadem
2358 3408 2418 3449 se
2452 3408 2611 3464 posse
2639 3392 2789 3450 hunc
2822 3394 2988 3449 etiam
3023 3401 3254 3448 tentare.
3289 3391 3441 3449 Scri-

1860 3495 2010 3556 ptum
2052 3485 2255 3555 quippe
2279 3490 2364 3539 est
2392 3484 2535 3554 apud
2565 3481 2790 3549 Lucam,
2824 3482 3103 3539 diabolum
3135 3498 3258 3538 cum
3289 3498 3442 3538 com-

1858 3577 2061 3647 plesset
2121 3591 2337 3631 omnem
2391 3577 2747 3632 tentationem
2783 3616 2799 3641 ,
2852 3577 2921 3632 ab
2980 3592 3046 3631 eo
3101 3576 3168 3630 ad
3225 3584 3442 3646 tempus

1862 3667 2199 3723 abscessisse
2232 3668 2299 3721 ⁸⁸.
2353 3666 2468 3722 Hoc
2518 3674 2699 3722 autem
2746 3668 2926 3738 ipsum
2968 3674 3187 3737 tempus
3217 3667 3326 3737 '70
3356 3674 3443 3722 est

1861 3774 1972 3830 quo
1994 3774 2115 3814 sese
2146 3757 2494 3812 adversarius
2532 3766 2692 3811 norat
2723 3759 2793 3813 ab
2829 3758 3087 3814 omnibus
3109 3757 3442 3812 conculcan-

1861 3847 1988 3903 dum
2017 3862 2171 3912 esse,
2200 3847 2243 3901 si
2266 3847 2378 3916 jam
2409 3846 2687 3902 excideret
2712 3864 2725 3901 :
2757 3848 2968 3902 nullum
2991 3850 3137 3902 enim
3166 3848 3243 3901 illi
3268 3847 3436 3909 aliud,

1862 3940 2117 3995 omnibus
2141 3937 2423 4001 destituto,
2453 3947 2739 4010 supererat
2776 3947 3075 3995 certamen.
3101 3938 3282 4005 Quare
3303 3940 3440 3994 nihil

1862 4050 1971 4089 non
2007 4033 2223 4104 agebat,
2274 4040 2335 4086 ut
2383 4031 2656 4087 edisceret
2695 4047 2766 4087 an
2812 4032 2904 4086 hic
2965 4030 3217 4087 Salvator
3248 4040 3436 4087 esset:

1862 4126 2007 4196 quod
2040 4125 2162 4181 ideo
2194 4125 2286 4180 ille
2324 4124 2539 4196 agebat,
2571 4131 2630 4178 ut
2660 4124 2706 4179 si
2747 4139 2938 4180 revera
3005 4122 3278 4180 edisceret
3316 4126 3440 4194 quis

1862 4228 2032 4283 esset,
2086 4219 2347 4274 accedere
2393 4233 2507 4272 non
2559 4218 2828 4283 auderet,
2889 4232 3096 4289 gnarus
3146 4217 3444 4273 inaccessa:

1863 4314 2011 4370 illius
2061 4327 2128 4367 ac
2162 4312 2361 4368 divinae
2383 4311 2695 4383 potestatis.
2736 4310 3000 4366 Dominus
3030 4318 3213 4364 autem
3248 4311 3442 4366 videns

1862 4405 1984 4475 ejus
2012 4403 2309 4469 vafritiem,
2345 4405 2637 4476 sciensque
2665 4403 2818 4457 illum
2857 4418 2967 4458 non
2999 4402 3226 4458 honoris
3251 4416 3441 4467 causa,

1865 4493 1960 4550 sed
1993 4502 2053 4548 ut
2078 4492 2331 4549 homines
2373 4492 2430 4546 in
2480 4491 2747 4547 servitute
2786 4491 3049 4546 retineret
3088 4489 3221 4545 illud
3246 4489 3440 4546 obser-

184 4580 478 4654 ἀνθρώπων
506 4586 671 4658 χάριν
698 4584 950 4656 δουλείας
978 4582 1203 4656 ἐθήρευε
1235 4581 1412 4648 τοῦτο,
1443 4583 1528 4635 ἵνα
1564 4599 1758 4655 τυραν-

1865 4601 2013 4646 vare.
2061 4600 2170 4655 quo
2202 4587 2258 4640 in
2312 4601 2502 4641 clunes
2534 4583 2879 4656 tyrannidem
2917 4591 3195 4640 exerceret
3225 4624 3240 4648 ,
3286 4600 3441 4639 suam

186 4673 309 4746 νεύῃ
348 4679 487 4732 κατὰ
526 4679 772 4741 πάντων,
805 4676 1122 4745 ὑπέκρυπτε
1151 4675 1250 4749 τὴν
1282 4674 1474 4730 ἑαυτοῦ
1509 4675 1759 4747 θεότητα,

188 4768 273 4819 καὶ
332 4771 408 4834 ὼς
457 4771 749 4844 ἄνθρωπος
807 4766 1183 4822 ἐπολιτεύετο·
1232 4769 1353 4831 ἵνα,
1393 4768 1468 4832 ὡς
1518 4766 1639 4838 Θεῷ
1688 4767 1762 4838 μὴ

189 4861 508 4929 προσελθὼν,
542 4862 765 4935 ἀπαθὴς
801 4860 1033 4932 ἀπέλθῃ,
1070 4860 1184 4913 ἀλλ’
1214 4861 1290 4925 ὡς
1333 4860 1620 4934 ἀνθρώπου
1659 4876 1762 4912 κα-

188 4958 540 5026 ταφρονήσας,
578 4952 882 5029 προσέλθῃ,
936 4953 1030 5007 καὶ
1075 4952 1259 5006 λοιπὸν
1310 4953 1414 5007 ὑπὸ
1460 4951 1763 5025 ἀνθρώπων

324 5065 411 5111 ται
438 5047 907 5115 καταπαίζεσθαι.
952 5047 1064 5100 Καὶ
1092 5045 1281 5118 ῶσπερ
1313 5046 1378 5100 ἄν
1409 5063 1513 5112 τις,
1553 5047 1644 5100 τὸν
1671 5046 1764 5099 ἀν-

193 5134 405 5193 τξπαλον
462 5142 628 5196 αὑτοῦ
685 5139 919 5212 θεωρῶν
981 5141 1432 5210 καταπτήσσοντα
1451 5180 1465 5205 ,
1530 5142 1624 5194 καὶ
1677 5137 1767 5191 διὰ

193 5226 349 5284 τοῦτο
378 5232 758 5305 ἀποφεύγοντα
804 5232 1014 5296 λοιπὸν,
1056 5230 1334 5287 ἀσθένειαν
1379 5229 1767 5303 σχηματίζοιτο

261 5387 307 5421 ⁸³
344 5389 519 5453 Matth.
545 5408 729 5463 xxv",
760 5392 857 5448 24.
938 5389 985 5422 ⁵⁸
1024 5388 1155 5445 Luc.
1193 5408 1267 5457 ιν,
1305 5391 1391 5445 15.

262 5540 370 5617 (84)
392 5551 519 5617 Μέν,
554 5552 717 5608 abest
743 5547 819 5601 ab
848 5544 1173 5617 Anglicano.

260 5614 369 5702 ιεε)
391 5614 609 5702 κειέμεν
636 5617 905 5702 ἀνδρίαν,
938 5614 1007 5702 πει
1031 5616 1173 5702 {nec
1211 5629 1398 5702 vocem
1424 5616 1640 5702 rari-2m

193 5685 393 5811 mm
414 5685 666 5756 codices;
690 5685 934 5759 aliique,
959 5686 1232 5759 ἀνδρείαν,
1272 5685 1386 5751 alii,
1414 5685 1654 5757 ἀνδρίαν,
1682 5686 1777 5740 ha-

252 5773 284 5811 n
316 5803 331 5811 -
1456 5799 1461 5803 ,

248 5803 543 5909 sgittas“.
574 5835 693 5892 alia
725 5826 1224 5909 mapu._yzxaflefc;
1306 5898 1340 5909 η

238 5895 346 5977 (87)
366 5904 438 5966 ita
465 5910 677 5985 Regius
716 5913 777 5963 et
809 5895 1154 5958 Basiliensis.
1186 5898 1397 5971 Anglic.
1434 5911 1584 5965 vero,
1615 5895 1779 5951 κατέ-

1869 4677 2044 4749 ipsius
2073 4675 2333 4733 deitatem
2362 4677 2679 4739 occultavit,
2710 4686 2765 4730 et
2792 4685 2851 4730 ut
2882 4676 3045 4730 homo
3076 4691 3197 4731 sese
3225 4676 3394 4745 gessit
3424 4692 3440 4729 :

1869 4782 1938 4822 ne
1984 4766 2077 4820 ille
2123 4780 2183 4820 se
2241 4773 2303 4819 ut
2352 4763 2524 4819 Deum
2578 4764 2845 4835 attingere
2902 4778 3013 4818 non
3047 4778 3235 4825 ausus,
3270 4761 3444 4815 abiret

1870 4856 2074 4911 illaesos
2107 4873 2122 4909 :
2153 4855 2248 4911 sed
2278 4862 2470 4909 contra
2499 4868 2625 4908 cum
2656 4853 2880 4908 homine
2909 4868 3069 4923 quem
3112 4852 3441 4921 despiceret,

1869 4961 2222 5018 congressus,
2249 4945 2318 5000 ab
2352 4944 2666 4999 hominibus
2696 4944 2954 5013 deinceps
2976 4943 3238 5010 inexperet
3266 4939 3439 4993 illudi.

1873 5041 1938 5095 Et
1989 5040 2447 5113 quemadmodum
2504 5040 2549 5096 si
2601 5039 2726 5109 quis
2783 5052 3016 5093 cernens
3070 5032 3444 5088 adversarium

1873 5151 2033 5189 suum
2082 5133 2429 5205 perterritum
2486 5131 2765 5204 aufugere,
2817 5130 3015 5186 exinde
3074 5124 3446 5181 infirmitatem

1872 5227 2233 5294 simulaverit,
2269 5242 2375 5297 qua
2407 5242 2530 5282 eum
2563 5226 2632 5281 ad
2674 5240 2909 5296 pugnam
2942 5219 3221 5293 pertrabat
3256 5239 3267 5273 :
3302 5226 3447 5273 tun:-

1873 5541 2289 5614 chce._Editi
2320 5542 2751 5614 xarénk‘che._
2777 5608 2791 5614 Α
2819 5610 2843 5614 Α
2996 5606 3017 5614 ,ν

1945 5606 2056 5688 (88)
2111 5612 2341 5688 Regius.
2371 5613 2447 5688 Δτὸ
2508 5606 2653 5688 κατὰ
2703 5608 2937 5688 Πιλᾶτον
2985 5606 3072 5688 (ει
3103 5607 3184 5664 sic
3234 5619 3451 5688 semper

1874 5677 2106 5749 Πιλᾶτος
2129 5677 2292 5740 habet
2328 5684 2418 5737 hic
2455 5683 2625 5736 codex
2657 5695 2781 5734 cum
2828 5677 3200 5745 circumﬂexe)
3225 5677 3454 5749 TEV6_;J.3~

1875 5774 1964 5827 νον
1991 5745 2194 5827 θαῦμα.
2218 5754 2363 5827 Mox,
2394 5752 2618 5827 licgius,
2644 5750 2811 5808 Basil.
2845 5750 3060 5823 Anglic.
3089 5745 3448 5815 κατεπτηξεν.

1876 5825 2019 5881 Edili
2050 5823 2198 5893 vero,
2227 5823 2581 5893 κατέπληξεν.
