4008 6404
551 429 652 486 εει

1686 430 1744 488 S.
1775 430 2236 488 ATHANASIUS.
2280 465 2349 472 —
2391 430 2615 487 DUBIA.

3711 433 3814 491 ΞΗ

554 561 664 618 que
692 545 782 601 ille
807 544 898 616 qui
948 544 1083 616 fugit
1115 545 1179 600 ad
1228 545 1537 601 simulatam
1572 548 1875 617 respiciens
1905 548 2130 602 inﬁrmi-

2237 547 2374 620 πρὸς
2421 549 2520 620 τὴν
2568 549 2776 601 ἐκεινου
2819 549 3151 622 πρόσκλησιν
3175 567 3188 581 ·
3227 545 3342 604 εἶτα
3379 551 3584 614 ἐκεῖνος
3619 551 3648 602 6
3683 551 3815 622 φεύ-

556 646 746 701 tatem,
775 652 898 691 cum
922 637 1244 692 confidentia
1274 639 1591 704 accesserit,
1623 650 1674 694 et
1707 656 2008 710 generosus
2040 642 2130 696 ille

555 729 761 784 athleta
794 730 887 799 qui
919 729 1237 784 inﬁrmitate
1273 730 1364 784 illa
1407 741 1754 800 provocarat,
1786 747 1885 786 sna
1928 733 2129 788 virtute

556 821 927 890 superaverit;
977 822 1051 875 ita
1095 831 1150 876 et
1198 821 1484 886 Dominus,
1537 825 1775 879 humana
1825 841 2129 895 provocans

556 911 893 973 inﬁrmitate,
947 928 1046 966 sua
1083 914 1283 969 virtute
1315 915 1459 970 vires
1483 915 1691 970 homini
1713 917 1918 971 addidit
1942 927 2128 972 contra

555 1004 857 1057 inimicum.
895 1003 1074 1070 Quare
1119 1006 1437 1064 imminente
1486 1016 1687 1073 morte,
1719 1010 1886 1080 cmpit
1934 1025 2131 1079 pavere

553 1102 609 1148 et
647 1097 842 1152 anxius
879 1111 1023 1163 esse,
1053 1101 1392 1170 rogabatque
1423 1110 1478 1154 ut
1535 1103 1799 1158 transiret
1831 1102 1971 1158 calix
2016 1102 2128 1165 ille,

553 1195 717 1256 atque
744 1188 1016 1243 clamabat
1049 1209 1062 1244 :
1100 1209 1117 1240 ι
1159 1190 1397 1260 Spiritus
1430 1194 1650 1265 quidem
1683 1203 1971 1265 promptus
2021 1202 2126 1257 est,

552 1291 683 1332 caro
715 1287 896 1334 autem
935 1282 1151 1337 inﬁrma
1196 1284 1264 1351 ⁸⁵;
1295 1304 1312 1336 ο
1352 1298 1412 1339 ut
1448 1287 1800 1343 adversarius
1844 1295 2031 1342 noster
2061 1286 2130 1340 ad

552 1382 730 1436 ipsum
765 1375 823 1422 ut
867 1368 1142 1426 hominem
1177 1374 1465 1440 accedens,
1497 1375 1738 1429 divinam
1782 1375 2131 1446 experiretur

553 1457 833 1514 virtutem.

631 1657 716 1712 15.
768 1656 865 1713 His
909 1659 1078 1730 igitur
1131 1658 1402 1716 adductus
1451 1659 1620 1716 miser
1654 1661 1765 1726 ille,
1797 1660 1993 1716 illusus
2023 1669 2132 1731 est,

555 1759 718 1822 atque
763 1752 832 1807 ad
878 1751 1169 1808 Dominum
1212 1752 1466 1809 accessit.
1510 1751 1648 1807 Hinc
1678 1761 1974 1824 conspecta
2009 1753 2129 1822 ejus

556 1841 896 1909 fortitudine,
941 1843 1268 1898 exhorruit:
1307 1844 1425 1900 visa
1462 1843 1660 1899 deinde
1713 1844 1961 1914 corporis
2008 1844 2128 1914 ejus

2233 657 2367 708 γων,
2413 640 2550 712 πρὸς
2597 638 2697 712 τὴν
2743 641 3206 711 σχηματισθεῖσαν
3247 641 3526 696 ἀσθένειαν
3580 643 3814 697 ἀποϐλέ-

2231 747 2372 795 πων,
2410 730 2690 801 θαρρήσας
2715 729 3020 802 προσέλθοι,
3049 733 3146 786 καῖ
3175 736 3203 787 6
3234 735 3478 803 γενναῖος
3508 733 3819 808 παλαιστὴς

2231 824 2297 892 τῇ
2351 821 2605 894 ἀσθενείᾳ
2655 821 3187 893 προσκαλεσάμενος,
3234 828 3299 896 τῇ
3357 826 3547 880 ἑαυτοῦ
3584 826 3812 897 δυνάμει

2230 915 2440 984 νικήσει
2465 915 2574 984 (89)
2595 931 2607 944 ’
2632 913 2772 968 οὓτω
2803 914 2895 967 καὶ
2925 917 2953 967 6
2982 916 3184 988 Κύριος
3222 917 3533 988 ἀνθρωπίνῃ
3553 916 3810 987 ἀσθενείᾳ

2231 1005 2764 1077 προσκαλεσάμενος,
2817 1011 2899 1079 τῇ,
2937 1007 3129 1062 ἑαυτοῦ
3171 1007 3395 1078 δυνάμει
3449 1007 3700 1080 ἐνίσχυσε
3729 1010 3819 1062 τὸν

2230 1098 2517 1170 ἄνθρωπον
2571 1098 2713 1152 κατά
2757 1098 2851 1153 τοῦ
2901 1099 3124 1171 ἐχθροῦ.
3180 1099 3276 1153 Διά
3321 1099 3480 1154 τοῦτο
3531 1101 3686 1173 παρά
3730 1103 3820 1155 τὸν

2234 1187 2426 1258 καιρὸν
2456 1187 2550 1241 τοῦ
2581 1187 2809 1243 θανάτου
2837 1188 2947 1258 (90)
2972 1190 3066 1242 καὶ
3089 1189 3365 1261 ἀδημονεῖ,
3392 1183 3493 1244 καί
3516 1191 3818 1262 περίλυπος

2232 1278 2436 1351 ἤρξατο
2465 1279 2746 1349 γίνεσθαι·
2785 1280 2880 1334 καὶ
2912 1281 3089 1334 ἐδέετο
3120 1281 3408 1353 παρελθεῖν
3436 1283 3613 1336 ἐκεῖνο
3638 1281 3702 1335 τὸ
3726 1299 3820 1336 πο-

2229 1372 2439 1443 τήριον,
2471 1373 2570 1441 καὶ
2603 1371 2765 1425 ἐϐόα·
2799 1390 2818 1424 ι
2855 1372 2929 1426 Τὸ
2969 1373 3066 1442 μὲν
3111 1372 3327 1444 πνεῦμα
3361 1373 3664 1445 πρόθυμον,
3695 1377 3728 1445 ή
3763 1374 3819 1427 δέ

2232 1462 2369 1534 σὰρξ
2413 1464 2524 1534 (91)
2594 1463 2854 1536 ἀσθενής·
2893 1483 2911 1515 ι
2963 1463 3049 1516 ἵνα
3091 1465 3119 1516 6
3187 1463 3452 1529 ἀντίδικος
3495 1464 3689 1536 ήμῶν,
3741 1463 3819 1529 ὼς

2244 1556 2516 1628 ἀνθρώπῳ
2545 1556 2874 1626 προσελθὼν,
2910 1555 3144 1628 πειραθῇ
3175 1554 3323 1620 θείας
3353 1556 3655 1628 δυνάμεως..

2305 1670 2392 1724 15.
2438 1669 2658 1735 Τούτοις
2700 1669 2831 1740 γοῦν
2863 1668 3126 1739 ὑπαχθεὶς
3153 1671 3182 1722 6
3211 1669 3413 1736 ἄθλιος,
3443 1669 3684 1740 ἐπαίχθη
3728 1670 3820 1723 καὶ

2233 1761 2507 1832 προσῆλθε
2534 1760 2611 1832 τῷ
2637 1761 2848 1833 Κυρίῳ,
2880 1757 3030 1823 Εἶτα,
3060 1757 3280 1831 θεωρῶν
3307 1760 3406 1831 τὴν
3434 1760 3689 1832 ἀνδρείαν
3717 1762 3817 1814 αύ-

2230 1853 2345 1919 τοῦ,
2380 1853 2759 1926 κατέπτησσεο
2812 1851 3030 1922 θεωρῶν
3061 1850 3117 1904 δὲ
3158 1852 3252 1905 καὶ
3290 1853 3388 1924 τὴν
3433 1852 3524 1906 τοῦ
3566 1852 3820 1924 σώματος

556 1933 896 2000 inﬁrmitate,
927 1934 1211 1996 audaciam
1237 1935 1536 2005 resumpsit
1569 1951 1582 1986 :
1612 1949 1676 1990 ac
1706 1933 1904 1990 deinde
1947 1933 2130 1991 videre

2236 1945 2535 2010 ἀσθένειαν,
2555 1945 2716 1998 πάλιν
2744 1944 2946 2016 ἐτόλμα
2965 1961 2979 1976 ο
2999 1946 3093 1999 καὶ
3125 1943 3310 1998 λοιπὸν
3337 1940 3405 2016 ἦν
3435 1945 3561 1998 ἰδεῖν
3594 1945 3686 1999 τὸν
3722 1946 3820 2017 μὲν

556 2033 675 2100 erat
721 2025 998 2080 diabolum
1029 2027 1246 2096 quidem
1282 2042 1406 2081 cum
1437 2035 1550 2082 toto
1580 2041 1681 2081 suo
1714 2026 1980 2093 exercitu,
2005 2041 2129 2080 cum

557 2116 978 2187 principatibus,
1021 2131 1147 2170 cum
1201 2115 1563 2186 potestatibus
1595 2116 1711 2172 suis
1745 2115 1971 2186 fugere;
2025 2115 2132 2169 Do—

554 2206 762 2260 minum
811 2221 960 2270 vero,
1021 2205 1276 2260 humanis
1309 2206 1478 2260 armis
1511 2205 1838 2260 diabolicani
1896 2215 2130 2260 turmam

553 2296 790 2367 insequi.
826 2295 943 2352 Non
998 2299 1173 2351 multo
1220 2297 1421 2368 quippe
1455 2297 1584 2352 hinc
1628 2298 1890 2368 temporis
1931 2297 2128 2368 spatio,

550 2388 832 2443 inimicum
893 2389 1148 2445 omnibus
1193 2389 1466 2460 spoliavit,
1496 2389 1730 2460 {quando
1774 2389 1994 2444 demum
2031 2405 2131 2460 puo

550 2481 684 2536 dore
716 2481 940 2537 allectus
976 2498 1072 2553 per
1107 2498 1226 2538 sese
1256 2481 1442 2536 omnia
1489 2481 1662 2535 movit
1714 2489 1907 2536 contra
1950 2479 2134 2535 Domi-

559 2587 726 2639 num;
755 2571 974 2628 Iudaeos
1001 2574 1209 2628 scilicet
1239 2581 1298 2628 ut
1330 2573 1794 2644 conspirationem
1834 2579 2128 2637 struerent,

552 2667 788 2722 Pilatum
839 2677 899 2722 ut
945 2668 1267 2735 damnaret,
1307 2670 1508 2724 milites
1557 2677 1616 2723 ut
1657 2667 1762 2738 ipsi
1819 2667 2128 2734 illuderent,

553 2761 778 2830 ignarus
813 2775 873 2815 se
906 2775 969 2814 ea
1033 2760 1218 2813 omnia
1266 2761 1552 2815 adversum
1590 2775 1709 2817 sese
1753 2759 1954 2814 moliri.
1996 2757 2131 2812 Nam

549 2867 694 2907 caeca
739 2866 828 2907 res
855 2861 940 2907 est
973 2853 1198 2917 malitia,
1239 2862 1292 2908 et
1326 2853 1628 2923 improvida
1675 2868 1765 2907 res
1807 2859 1894 2908 est
1937 2851 2133 2919 impro-

551 2942 714 3006 bitas,
775 2949 834 2996 ut
877 2957 999 3012 qua:
1030 2957 1138 2996 non
1188 2942 1515 3012 intelligeret
1561 2957 1621 2997 se
1670 2956 1802 2998 suas
1849 2949 2039 2996 contra
2072 2955 2132 2995 se

550 3050 746 3089 manus
768 3035 1471 3102 acuere.Queniadmodum
1501 3035 1648 3090 enim
1677 3035 1724 3090 si
1749 3033 1873 3104 quis
1908 3049 2133 3103 serpen-

551 3135 658 3181 tem
711 3142 874 3180 manu
929 3142 1028 3182 sua
1065 3125 1530 3197 apprehenderit,
1589 3132 1644 3181 et
1691 3124 1926 3180 voluerit
1975 3125 2130 3179 alteri

552 3217 840 3286 projicere,
877 3218 1104 3290 ipseque
1136 3219 1452 3273 mordeatur
1490 3238 1502 3272 :
1547 3226 1640 3272 aut
1669 3218 1792 3288 igne
1823 3233 1987 3272 manu
2010 3231 2132 3271 cor-

550 3313 708 3374 repto
735 3307 862 3361 velit
887 3307 1110 3361 inimico
1133 3323 1349 3372 nocere,
1371 3307 1694 3378 ignoretque
1713 3323 1832 3362 sese
1859 3305 2128 3372 comburi;
2158 3305 2200 3362 C

551 3397 628 3450 ita
660 3397 866 3450 malitia
902 3397 1168 3453 adversus
1201 3413 1298 3452 eos
1329 3398 1586 3463 dimicat,
1623 3399 1714 3468 qui
1748 3398 1839 3452 illa
1873 3406 2122 3460 utuntur,

548 3489 833 3559 magisque
864 3489 984 3545 illos
1014 3489 1159 3544 laedit
1191 3491 1390 3560 quibus
1419 3490 1579 3551 inest,
1613 3504 1774 3559 quam
1808 3504 1901 3544 eos
1938 3488 2128 3543 adver-

549 3597 673 3638 sum
704 3597 842 3652 quos
874 3599 992 3638 eam
1029 3584 1353 3638 immittunt.
1391 3582 1481 3636 Sic
1526 3581 1740 3637 Pharao
1772 3597 1968 3652 capere
1997 3581 2124 3637 dum

547 3675 732 3738 vellet,
773 3684 968 3746 captus
1001 3685 1106 3738 est,
1138 3683 1192 3730 et
1224 3691 1454 3731 exorsus
1483 3675 1760 3744 persequi,
1800 3673 2129 3743 persecutio-

547 3783 674 3824 nem
733 3783 930 3838 passus
979 3775 1085 3829 est,
1131 3778 1184 3822 et
1228 3767 1356 3822 dum
1419 3782 1604 3821 necem
1649 3766 1772 3821 aliis
1823 3766 2126 3830 moliretur,

549 3860 872 3916 submersus
905 3867 1009 3913 est.
1049 3857 1126 3911 Ita
1169 3866 1223 3913 et
1255 3857 1492 3924 Goliath,
1532 3857 1734 3928 quibus
1767 3858 2126 3929 gloriabatur,

550 3947 621 4000 iis
656 3947 1014 4004 detruncatus
1052 3957 1164 4012 est,
1211 3957 1264 4002 et
1299 3948 1536 4017 spoliare
1593 3964 1815 4017 parans,
1861 3949 2128 4018 spoliatus

548 4045 655 4092 est.
693 4039 931 4107 ldipsum
968 4040 1169 4094 misero
1213 4040 1395 4094 evenit
1425 4038 1676 4100 diabolo,
1713 4039 1807 4108 qui
1841 4039 1968 4092 dum
2011 4047 2128 4092 ten-

549 4136 670 4183 tare
698 4129 878 4195 vellet,
917 4131 971 4183 in
1026 4131 1228 4184 malum
1262 4129 1453 4184 incidit
1485 4148 1500 4183 :
1559 4129 1688 4183 dum
1738 4129 1940 4184 milites
1972 4145 2127 4184 com-

552 4237 770 4276 movere
797 4232 1041 4292 cuperet,
1067 4224 1240 4294 magis
1281 4224 1395 4292 ipse
1429 4223 1482 4276 in
1515 4222 1864 4280 carniﬁcibus
1895 4237 2130 4277 commo-

554 4324 663 4378 tus,
696 4315 878 4370 omnia
904 4325 1094 4370 contra
1121 4331 1244 4371 sese
1267 4316 1478 4386 agebat.
1513 4315 1646 4369 Nam
1671 4317 1832 4370 etiam
1867 4324 1980 4369 tum
2003 4331 2128 4370 cum

551 4405 900 4475 spoliaretur,
932 4405 1133 4460 latebat
1162 4406 1477 4461 hominibus
1525 4406 1789 4470 victoria;
1820 4421 1984 4476 quam
2013 4407 2130 4477 ipse

551 4496 764 4562 infelix,
803 4498 1004 4554 invitus
1032 4499 1180 4564 licet,
1223 4498 1277 4553 in
1309 4500 1484 4554 lucem
1515 4500 1743 4570 protulit
1780 4514 1796 4550 :
1827 4514 1949 4552 cum
1982 4500 2128 4554 enim

550 4600 844 4646 emeretur
875 4590 1158 4658 Dominus,
1200 4591 1616 4662 trophzeumque
1645 4591 1911 4646 adversus
1939 4591 2129 4645 diabo-

2231 2036 2476 2090 διάϐολον
2509 2035 2605 2088 σὺν
2630 2034 2728 2108 ὅλῃ
2759 2036 2824 2106 τῇ
2863 2036 3092 2107 στρατιᾷ
3118 2035 3305 2098 αὐτοῦ,
3337 2035 3431 2088 καὶ
3451 2038 3570 2100 ταῖς
3600 2037 3818 2107 ἀρχαῖς,

2233 2133 2328 2186 καὶ
2365 2134 2484 2196 ταῖς
2532 2131 2798 2196 ἐξουσίαις
2828 2129 2993 2184 αὐτοῦ
3038 2129 3341 2200 φεύγοντα·
3375 2130 3468 2184 τὸν
3507 2130 3563 2183 δέ
3614 2132 3820 2204 Κύριον

2231 2223 2596 2296 ἀνθρωπίνοις
2643 2221 2828 2285 ὅπλοις
2877 2219 3141 2274 διώκοντα
3190 2222 3288 2293 τὴν
3342 2220 3654 2292 διαϐολικην
3719 2221 3820 2292 φά-

2231 2312 2426 2382 λαγγα.
2456 2313 2530 2367 Οὐ
2557 2312 2665 2384 γάρ
2699 2311 2832 2366 πολὺ
2860 2312 3048 2380 γέγονε
3076 2311 3137 2364 τὸ
3157 2311 3450 2383 διάστημα,
3484 2313 3579 2366 καὶ
3600 2313 3820 2367 πάντων

2233 2411 2526 2465 ἐσκύλευσε
2559 2410 2649 2464 τὸν
2693 2409 2919 2482 ἐχθρόν’
2949 2412 3042 2464 ὅτε
3075 2407 3490 2480 καταισχυνθεὶς
3527 2409 3717 2463 λοιπὸν
3749 2410 3819 2465 δι’

2234 2502 2427 2556 ἑαυτοῦ
2469 2501 2638 2554 ἐκίνει
2675 2499 2852 2554 πάντα
2895 2499 3037 2552 κατά
3087 2498 3181 2552 τοῦ
3220 2498 3457 2568 Κυρίου’
3523 2499 3819 2564 Ἰουδαίους

2236 2592 2357 2662 μέν,
2389 2593 2475 2645 ἵνα
2507 2590 2968 2654 συσκευάσωνται,
3006 2588 3238 2643 Πιλᾶτον
3261 2589 3317 2642 δέ
3351 2590 3437 2642 ἴνα
3469 2589 3784 2662 κατακρίνῃ
3804 2607 3816 2620 ·

2231 2684 2359 2748 τοὺς
2390 2684 2446 2737 δὲ
2480 2680 2834 2755 στρατιώτας,
2881 2682 2968 2735 ἵνα
3013 2682 3251 2746 παίζουσι
3296 2682 3415 2734 κατ’
3445 2680 3612 2735 αὐτοῦ
3637 2697 3653 2712 ο
3686 2681 3822 2735 ἀλλά

2233 2775 2328 2829 καὶ
2365 2773 2523 2829 τοῦτο
2554 2774 2740 2844 ἠγνόει
2769 2772 2890 2827 καθ’
2925 2771 3117 2826 ἐαυτοῦ
3165 2769 3359 2825 ποιῶψ
3396 2770 3597 2840 τυφλὸν
3635 2772 3747 2845 γὰρ
3786 2775 3820 2844 ή

2233 2867 2420 2932 κακία,
2451 2867 2544 2920 καὶ
2579 2865 2916 2938 ἀπροόρατον
2949 2867 2980 2936 ή
3013 2863 3281 2936 πονηρία·
3324 2863 3445 2917 καθ’
3473 2864 3678 2936 ἑαυτῆς
3721 2865 3822 2930 τὰς

2232 2961 2418 3030 χεῖρας
2455 2957 2707 3012 ἀκονῶσα
2753 2955 2959 3027 ἠγνόει.
3010 2950 3134 3010 Οἴον
3165 2957 3274 3028 γάρ
3315 2956 3369 3010 εί
3401 2973 3487 3020 τις
3534 2957 3715 3026 ὄφεως
3752 2961 3818 3028 τῇ

2231 3050 2376 3122 χειρὶ
2409 3048 2739 3112 ἐπιλάϐοιτο,
2762 3047 2856 3102 κα)⁹
2880 3046 3050 3100 θέλων
3073 3046 3166 3100 καί
3190 3047 3359 3118 ἑτέρῳ
3390 3046 3566 3117 ῥῖψαι,
3600 3047 3822 3118 πάντως

2232 3143 2391 3206 αὐτὸς
2416 3142 2614 3214 ἐδάχθη
2634 3159 2646 3172 ·
2675 3142 2708 3214 ἢ
2731 3142 2823 3196 καὶ
2851 3139 2962 3211 πῦρ
2993 3142 3060 3211 τῇ
3094 3140 3236 3212 χειρὶ
3259 3139 3496 3214 κρατῶν,
3530 3139 3627 3192 καὶ
3651 3140 3822 3194 θέλων

2231 3233 2322 3286 τὸν
2347 3231 2538 3304 ἐχθρὸν
2567 3231 2844 3302 ἀδικῆσαι,
2871 3230 2971 3283 οὐκ
2991 3225 3152 3292 οἶδεν,
3182 3229 3264 3281 ὃτι
3289 3227 3505 3293 πάντως
3531 3227 3699 3292 αὐτὸς
3724 3247 3824 3282 κα-

2230 3324 2516 3378 τακαίεται
2536 3339 2550 3353 °
2581 3321 2752 3386 οὕτως
2785 3323 2817 3393 ή
2850 3320 3017 3374 κακία
3045 3319 3184 3374 κατά
3212 3318 3318 3372 τῶν
3347 3319 3649 3390 χρωμένων
3681 3321 3824 3392 αὐτῇ

2232 3415 2616 3486 στρατεύεται,
2666 3414 2760 3466 καὶ
2815 3413 3014 3484 μᾶλλον
3073 3411 3248 3467 ἀδικεῖ
3309 3413 3434 3474 τοὺς
3484 3411 3823 3482 κατέχοντας

2229 3506 2262 3576 ἢ
2297 3506 2432 3577 πρὸς
2459 3505 2552 3568 οὒς
2575 3503 2640 3558 ἂν
2663 3505 2832 3576 αὐτὴν
2860 3503 3173 3560 ἀποστεῖλαι
3207 3501 3431 3555 θέλωσιν
3455 3501 3592 3573 (92).
3631 3501 3824 3567 Οὕτως

2229 3596 2486 3668 ὁΦαραὼ,
2514 3595 2682 3650 θέλων
2708 3595 3053 3660 καταλαϐεῖν,
3081 3593 3392 3665 κατελήφθη
3414 3609 3428 3623 ·
3453 3595 3547 3647 καὶ
3573 3593 3827 3666 ἀρξάμε-

2229 3707 2317 3754 νος
2361 3688 2596 3750 διώκειν,
2643 3687 3020 3759 κατεδιώχθηο
3065 3688 3157 3741 καὶ
3207 3687 3522 3740 ἀποκτεῖναι
3558 3685 3822 3756 θελήσας,

2230 3776 2647 3848 κατεποντίσθη.
2695 3777 2882 3841 Οὕτως
2916 3777 2945 3829 6
2989 3777 3028 3829 Γ
3030 3775 3201 3839 ολιάθ,
3247 3777 3306 3828 ἐν
3351 3772 3432 3838 οἷς
3471 3775 3731 3848 ἐπήρετο,
3762 3779 3825 3829 ἐν

2229 3871 2439 3932 τούτοις
2467 3868 2778 3940 ἀπετμήθη,
2823 3869 2918 3922 καὶ
2950 3867 3239 3921 σκυλεῦσαι
3273 3866 3461 3930 θέλων,
3490 3867 3821 3940 ἐσκυλεύθη.

2231 3963 2430 4018 Τοῦτον
2461 3962 2552 4016 τὸν
2595 3961 2796 4032 τρόπον
2841 3961 3074 4015 πέπονθε
3113 3960 3207 4014 καὶ
3243 3961 3270 4013 6
3303 3958 3486 4024 ἄθλιος
3523 3959 3814 4026 διάϐολοςο

2232 4053 2484 4124 πειράσαι
2503 4051 2611 4122 γὰρ
2639 4051 2827 4115 θέλων,
2845 4051 3164 4123 ἐπειράσθη,
3192 4051 3285 4102 καὶ
3307 4049 3470 4104 κινῶν
3497 4051 3626 4115 τοὺς
3660 4069 3827 4124 στρα-

2229 4143 2449 4208 τιώτας,
2481 4143 2678 4214 μᾶλλον
2700 4143 2755 4196 δὲ
2784 4143 2944 4208 αὐτὸς
2982 4147 3039 4197 ἐν
3079 4145 3190 4206 τοῖς
3227 4141 3440 4215 δημίοις
3465 4143 3815 4214 κινούμενος,

2229 4235 2350 4288 καθ’
2372 4235 2564 4288 ἐαυτοῦ
2581 4235 2758 4289 πάντα
2774 4236 3014 4307 ἐνήργει.
3036 4235 3193 4308 Ἀρτι
3216 4233 3326 4306 γὰρ
3359 4233 3704 4301 ἐσκυλεύετο,
3729 4238 3827 4289 καὶ

2230 4328 2440 4398 ἀφανὴς
2453 4323 2520 4399 ἦν
2536 4330 2652 4391 τοῖς
2664 4327 2774 4396 (95)
2790 4327 3094 4399 ἀνθρώποις
3111 4329 3145 4398 ἡ
3171 4326 3294 4397 νίκη
3318 4344 3331 4356 ·
3351 4326 3466 4380 ἀλλ’
3481 4328 3560 4391 είς
3579 4328 3823 4401 φανερὸν

2231 4421 2399 4492 αὐτὴν
2428 4421 2648 4493 ἧνεγκε,
2678 4420 2770 4473 καὶ
2794 4419 2941 4473 ἄκων
2965 4421 2993 4474 6
3017 4420 3198 4484 ἄθλιος
3219 4436 3232 4450 ·
3261 4419 3337 4483 ὼς
3360 4419 3468 4492 γὰρ
3498 4419 3826 4474 ἀπεδύσατο

2229 4515 2258 4567 6
2291 4513 2514 4584 Κύριος,
2543 4515 2635 4566 καὶ
2665 4511 2853 4581 γέγονε
2883 4512 2943 4563 τὸ
2971 4510 3257 4582 γενόμενον
3283 4512 3530 4583 ἀοράτως
3552 4511 3697 4565 κατά
3720 4511 3824 4566 τοῦ

2229 4603 2475 4657 διαϐόλου
2510 4605 2788 4676 τρόπαιον,
2831 4603 2918 4656 ἵνα
2968 4603 3062 4656 καὶ
3104 4601 3261 4655 τοῦτο
3297 4602 3530 4674 φανερὸν
3565 4602 3822 4673 γένηται,

552 4683 662 4736 lum
692 4682 1038 4740 invisibiliter
1059 4685 1395 4755 erigeretur;
1430 4693 1490 4738 ut
1521 4685 1698 4754 palam
1729 4682 1782 4736 id
1809 4683 1981 4746 ﬁeret,
2015 4691 2126 4737 sta-

2236 4697 2435 4762 εὐθέως
2470 4663 2579 4768 (9έ)
2630 4698 2726 4768 μὲν
2774 4663 3029 4750 ἐνέδυσαν
3069 4694 3262 4759 αὑτὸν,
3307 4663 3382 4758 ῶς
3424 4663 3524 4765 μὲν
3556 4663 3826 4767 ’ίωάννης

551 4773 648 4825 tim
700 4772 997 4827 induerunt
1031 4773 1208 4838 illum,
1251 4783 1311 4828 ut
1350 4771 1590 4828 Joannes
1621 4773 1717 4836 ait,
1761 4787 2038 4842 purpura;
2070 4778 2130 4824 ut

551 4863 836 4920 Mattheus
852 4873 906 4921 et
935 4865 1171 4931 Marcus,
1197 4866 1483 4937 chlamyde
1512 4865 1790 4929 coccinea,
1825 4863 1988 4934 capiti
2008 4863 2128 4932 ejus

550 4971 808 5013 coronam
834 4974 900 5012 ex
931 4959 1105 5028 spinis
1145 4959 1545 5028 imposuerunt,
1583 4956 1907 5012 arundinem
1931 4958 1986 5012 in
2013 4973 2129 5010 nia-

549 5062 678 5102 num
722 5050 1089 5115 tradiderunt,
1137 5057 1194 5105 et
1243 5065 1368 5105 cum
1415 5051 1487 5104 ita
1533 5047 1918 5118 producerent,
1951 5064 2129 5121 genua

550 5135 840 5212 flectebant
871 5150 998 5195 ante
1037 5141 1212 5194 illum.

621 5254 707 5308 16.
778 5255 1100 5310 Miraculum
1165 5273 1366 5312 novum
1399 5266 1453 5312 et
1530 5257 1849 5313 incredibile
1891 5272 2127 5329 magme-

620 5411 664 5441 ⁸⁸
706 5411 898 5465 Matth.
921 5430 1068 5480 nvn,
1091 5415 1181 5468 Η.

620 5591 734 5672 (99)
768 5591 848 5660 Τῇ
880 5593 1071 5646 ἑαυτοῦ
1099 5595 1324 5666 δυνάμει
1354 5599 1624 5668 ἐνίσχυσε,
1653 5595 1798 5656 Felc.
1833 5595 1867 5650 5
1910 5593 2132 5648 omissis

609 5677 620 5712 ι
649 5665 704 5712 1ιὶ
747 5704 758 5715 .
1242 5665 1245 5666 ⁷
1474 5665 1504 5668 ⁷⁷

548 5675 738 5808 Τξθοῗ
785 5729 1069 5808 Begius__et
1104 5734 1251 5808 Helo.
1285 5737 1338 5797 ’5.
1386 5741 1512 5808 παρ’
1547 5739 1685 5791 αὑτά
1730 5738 1822 5792 τοῦ
1874 5735 2123 5788 θανάτου.

550 5799 670 5877 Mog
701 5799 921 5877 codices
951 5803 1367 5877 :ilii,_dt§'qjtov§i,
1398 5799 1509 5877 alii,
1536 5809 1843 5877 ἀδημονεῖν.

623 5874 730 5943 (91)
769 5873 826 5926 In
857 5888 989 5926 voce
1022 5872 1186 5942 σάρξ,
1212 5873 1393 5930 deﬁcit
1434 5876 1577 5931 Felc.
1611 5872 1664 5933 3'.

2233 4789 2399 4858 λέγει,
2431 4789 2737 4862 πορφύραν,
2766 4789 2841 4852 ώς
2868 4787 2925 4840 δὲ
2951 4787 3226 4850 Ματθαῖος
3269 4786 3362 4839 κα)⁸
3399 4787 3649 4857 Μάρκος,
3689 4787 3830 4858 χλα-

2237 4881 2377 4953 μύδα
2418 4883 2699 4950 κοκκίνην,
2736 4881 2828 4934 καὶ
2877 4879 3140 4948 στέφανον
3178 4879 3238 4943 ἐξ
3284 4876 3534 4931 ἀκανθῶν
3577 4878 3673 4931 ἐπὶ
3718 4879 3825 4949 τὴν

2233 4971 2474 5043 κεφαλὴν
2499 4971 2686 5036 αὐτοῦ,
2729 4971 2822 5023 καὶ
2864 4969 3106 5040 κάλαμον
3130 4969 3223 5021 ἐπὶ
3264 4969 3420 5039 χεῖρα
3453 4966 3692 5021 ἐδίδουν)
3725 4969 3827 5023 καὶ

2234 5061 2376 5116 οὕτω
2400 5062 2764 5134 προσάγοντες
2798 5060 2930 5131 (95),
2957 5058 3316 5128 ἐγονυπέτουν
3346 5057 3515 5129 αὐτῷ.

2309 5256 2393 5310 16.
2436 5255 2632 5326 Θαῦμα
2664 5256 2848 5309 καινὸν
2881 5257 2976 5311 καὶ
3020 5256 3339 5330 παράδοξον,
3375 5258 3468 5311 καὶ
3500 5258 3658 5330 νίκης
3683 5259 3834 5332 ἀλη-

2309 5589 2420 5663 (θὲ)
2449 5589 2660 5663 ᾼηειίο.
2692 5601 2746 5648 et
2790 5592 2955 5646 Basil.
2989 5591 3227 5663 secunda
3271 5606 3458 5656 manu,
3487 5590 3824 5663 θελήσωσιν.

2307 5657 2420 5732 (⁷95)
2453 5658 2528 5715 Ita
2551 5663 2772 5732 Regius.
2795 5663 2936 5732 Editi
2966 5677 3116 5732 vero,
3134 5657 3201 5732 ἦν
3227 5664 3284 5716 ἐν
3318 5665 3448 5726 τοῖς-

2307 5729 2419 5802 (94)
2447 5729 2802 5802 ᾼηειίοἱιηυε.
2839 5730 3054 5795 Εὐθέως
3083 5750 3118 5800 γ

2307 5798 2419 5869 (95)
2451 5798 2680 5872 Regius,
2722 5805 3072 5872 προάγοντες.

3121 5751 3208 5786 ao.

3126 5749 3244 5858 ῗίρὸι
3279 5803 3422 5859 idem
3473 5817 3598 5858 cum
3646 5801 3825 5873 Angl.

2234 5871 2585 5940 ἑγονυπέτουν
2615 5871 2789 5928 αὐτόν.
