4008 6404
260 369 359 425 215

1313 370 1398 425 DE
1434 369 1771 427 PASSIONE
1805 369 1895 427 ΕΤ
1932 368 2164 429 CRUCE
2200 373 2461 432 DOMINI.

3409 382 3514 436 214

261 489 364 553 θῶς
403 487 660 560 μεγάλης
700 490 1036 563 γνὼρισμαί
1067 491 1124 544 ὃν
1153 491 1260 560 γὰρ
1290 491 1366 554 ὡς
1400 492 1680 561 ἄνθρωπον
1708 488 1826 559 ἔκρι

1955 504 2061 558 que
2123 493 2364 548 victoria
2442 494 2601 563 plane
2653 498 3081 564 argumentum!
3140 512 3298 566 quem
3368 500 3512 554 enim

258 598 370 644 ναν,
399 581 592 634 τοῦτον
623 583 1056 655 ἀποθνήσκοντα
1087 583 1268 637 λοιπὸν
1307 583 1382 646 ὡς
1420 584 1550 637 Θεὸν
1580 581 1849 653 προσεκύ-

259 691 375 728 νουν
394 691 409 705 ·
437 672 533 726 καὶ¹
555 673 621 727 ὃν
653 674 980 740 ὲξουθένουν
1003 677 1076 739 ὡς
1103 674 1312 745 εὐτελῆ,
1345 673 1530 729 τοῦτον
1558 673 1848 744 ὁμολόγουν

260 763 475 834 βασιλέα
498 780 512 794 ’
553 764 659 818 καὶ
696 767 800 834 ἀφ’
825 761 887 820 οὗ
919 766 989 820 τά
1019 766 1241 836 τυχόντα
1276 766 1461 836 ἱμάτια
1490 761 1650 836 ἦραν,
1677 763 1848 835 τούτῳ

259 856 542 928 πορφύραν
579 858 974 929 περιετίθουν·
1008 858 1101 911 καὶ
1138 858 1197 912 ὃν
1239 857 1337 912 οὐκ
1377 857 1575 920 εἰδότες
1604 855 1844 928 ὓόριζον,

256 946 438 1001 τοῦτον
469 952 784 1022 προφήτην
826 956 918 1007 καὶ
948 953 1166 1015 ἄκοντες
1199 951 1628 1024 προσηγόρευον’
1668 951 1763 1004 καὶ
1787 950 1846 1002 ὃν

256 1040 472 1105 ἔπαιζον
510 1041 851 1108 τύπτοντες,
889 1043 1061 1115 τούτῳ
1102 1043 1171 1097 τὰ
1211 1045 1498 1116 νικητήρια
1543 1044 1843 1109 ἀπεδίδουν,

255 1132 348 1201 τὴν
368 1133 646 1205 κοκκίνην
670 1134 945 1206 χλαμύδα,
972 1137 1063 1188 καὶ
1093 1135 1180 1188 τὸν
1202 1135 1259 1203 ἐξ
1288 1135 1536 1190 ἀκανθῶν
1563 1135 1842 1206 στέφανον,

253 1225 342 1276 καὶ
378 1225 472 1277 τὸν
502 1225 792 1297 κάλαμον.
833 1227 897 1280 Εί
923 1227 1029 1299 γὰρ
1059 1229 1151 1281 καὶ
1176 1228 1251 1292 ὼς
1279 1228 1588 1300 ὑϐρίζοντες
1627 1229 1843 1282 ἐποίουν

253 1315 443 1379 ταῦτα,
471 1317 592 1370 ἀλλ’
618 1321 877 1390 ἠγνόουν,
903 1322 982 1374 ὅτι
1011 1321 1102 1374 καὶ
1129 1320 1349 1384 ἄκοντες
1379 1320 1729 1375 ὲσκυλεύοντο
1752 1321 1842 1374 ὑπ’

252 1406 412 1460 αὐτοῦ
443 1408 586 1477 (96).
635 1410 862 1481 Ἐπειδὴ
897 1411 1004 1482 γάρ
1033 1412 1097 1481 τῇ
1134 1410 1376 1481 ἁμαρτίᾳ
1417 1411 1843 1482 πεφονοκτόνητο

253 1497 377 1568 ήγῆ
410 1498 522 1550 ὑπὸ
552 1498 655 1552 τοῦ
705 1500 975 1566 διαϐόλου,
1025 1500 1116 1571 καὶ
1148 1501 1328 1553 πλεῖον
1363 1502 1567 1556 ὑδάτων
1617 1505 1840 1573 αἵμασιν

250 1584 312 1658 ἦν
355 1589 718 1664 βεϐαμμὲνη,
764 1591 826 1658 ἐξ
866 1593 1038 1664 ἀρχῆς
1077 1593 1174 1664 μὲν
1212 1596 1422 1664 χάνασα
1452 1597 1544 1650 καὶ
1572 1597 1838 1668 δεξαμένη

250 1680 338 1734 τοῦ
358 1683 580 1738 δικαίου
615 1685 789 1738 Ἀὅελ
814 1687 873 1739 τὸ
901 1682 1055 1756 αἷμα,
1087 1686 1310 1758 ὕστερον
1348 1688 1403 1742 δὲ
1422 1689 1604 1743 λοιπὸν
1635 1691 1840 1760 αἵματα

251 1774 330 1841 ἐφ’
366 1774 574 1843 αἵμασι
632 1775 940 1846 μισγόντων
984 1776 1090 1830 τῶν
1135 1778 1454 1850 ἀνθρώπων,
1485 1779 1625 1834 κατὰ
1655 1781 1715 1833 τὸ
1744 1797 1839 1848 γε-

1954 587 2013 633 ut
2101 581 2375 640 hominem
2463 585 2958 642 condemnaverant
2997 627 3013 652 ,
3088 588 3233 642 hunc
3320 589 3514 643 exinde

1950 675 2273 732 morientem
2365 685 2426 733 ut
2513 678 2679 734 Deum
2769 681 3072 736 adorabant
3141 701 3152 734 :
3215 690 3268 736 ct
3353 697 3511 751 quem

1949 768 2402 835 aspernabantur,
2467 772 2627 841 quasi
2708 773 2914 829 nullius
2982 772 3139 843 pretii
3216 774 3508 834 hominem,

1947 854 2093 910 hunc
2166 856 2368 928 Regem
2434 860 2882 930 confitebantur;
2945 878 2976 916 a
3018 879 3126 933 quo
3191 864 3318 917 vilia
3389 864 3511 918 abs-

1945 949 2184 1002 tulerant
2230 950 2330 1019 71
2390 951 2737 1020 vestimenta,
2765 969 2888 1008 eum
2939 969 3174 1023 purpura
3205 955 3514 1008 circumda-

1944 1037 2076 1092 bant
2103 1055 2118 1104 ;
2143 1055 2302 1111 quem
2333 1041 2506 1111 ignari
2533 1043 2882 1099 contumeliis
2898 1043 3218 1108 adiciebant,
3236 1061 3359 1100 eum
3378 1061 3508 1116 pro-

1945 1128 2162 1198 phetam
2211 1131 2337 1185 licet
2375 1131 2528 1186 inviti
2587 1133 2932 1202 appellabant
2965 1154 2978 1188 :
3009 1149 3168 1204 quem
3216 1151 3338 1190 cum
3374 1136 3509 1190 ludi-

1948 1220 2071 1274 brio
2097 1222 2397 1287 cadebant,
2418 1223 2468 1277 ei
2501 1223 2743 1280 victoria
2779 1226 2979 1280 indicia
3023 1228 3327 1293 tradebant,
3357 1229 3508 1284 chla-

1945 1314 2158 1384 mydem
2195 1316 2531 1382 coccineam,
2561 1333 2818 1373 coronam
2870 1320 2936 1375 de
2967 1321 3160 1390 spinis,
3189 1330 3242 1377 et
3281 1324 3507 1377 arundi-

1942 1416 2087 1460 nem.
2117 1403 2252 1460 Nam
2296 1407 2424 1462 licet
2463 1423 2524 1462 ea
2573 1424 2669 1479 per
2725 1412 3104 1466 contumeliam
3151 1422 3415 1482 agerent:
3453 1423 3508 1468 at

1941 1496 2267 1566 ignorabant
2299 1515 2358 1555 se
2386 1501 2546 1556 etiam
2584 1501 2786 1556 invitos
2816 1503 2884 1556 ab
2930 1504 3050 1574 ipso
3085 1504 3328 1574 spoliari.
3369 1505 3504 1561 Cum

1939 1589 2083 1644 enim
2140 1601 2364 1660 peccato
2403 1600 2549 1648 terra
2590 1608 2620 1646 a
2674 1593 2896 1650 diabolo
2949 1605 3257 1660 cruentata,
3283 1605 3336 1651 ct
3375 1613 3506 1652 san-

1940 1680 2103 1748 guine
2137 1681 2425 1751 plusquam
2459 1683 2618 1753 aquis
2648 1682 2859 1737 imbuta
2917 1692 3085 1749 esset,
3116 1686 3261 1756 quod
3293 1686 3361 1741 ab
3403 1687 3507 1740 ini-

1939 1772 2018 1826 tio
2076 1775 2396 1844 sanguinem
2457 1776 2643 1831 Abelis
2697 1777 2850 1832 hiatu
2909 1794 3012 1834 suo
3069 1779 3389 1849 recepisset,
3443 1794 3506 1833 ac

249 1868 570 1934 γραμμὲνον
590 1883 606 1897 ·
649 1886 668 1918 ι
727 1867 863 1940 Ἀρά
892 1870 984 1922 καὶ
1007 1869 1218 1939 ψεῦδος,
1239 1847 1344 1925 καὶ
1373 1871 1567 1945 κλοπή,
1604 1873 1695 1926 καὶ
1723 1847 1832 1942 μοι·

1945 1863 2199 1934 deinceps
2253 1864 2502 1921 homines
2558 1869 2878 1937 sanguinem
2934 1871 3191 1940 sanguini
3245 1871 3507 1926 adderent

250 1957 364 2025 χεία
409 1957 651 2028 κέχυται
693 1959 792 2012 ἐπὶ
839 1961 937 2031 τῆς
979 1964 1103 2032 γῆς,
1130 1957 1231 2018 ’καὶ
1270 1964 1474 2035 αἵματα
1521 1966 1604 2033 ἐφ’
1649 1965 1841 2035 αἵμασι

254 2045 531 2114 μίσγουσι.
575 2067 596 2099 ι
628 2049 742 2102 Kal
769 2043 839 2118 ἦν
868 2049 955 2104 διὰ
991 2051 1147 2105 τοῦτο
1173 2054 1645 2125 καὶκατηραμένη
1681 2057 1714 2124 ἡ
1744 2054 1837 2124 γῆ,

249 2135 496 2203 λέγοντος
539 2138 639 2191 τοῦ
680 2139 856 2193 Θεοῦ·
897 2162 914 2193 ι
955 2145 1066 2197 Kal.
1101 2144 1194 2197 νῦν
1243 2145 1705 2218 ὲπικατάρατοςή
1745 2147 1837 2217 γῆ.

248 2227 279 2297 ἢ
311 2227 469 2297 ἔχανε
510 2229 577 2282 τὸ
616 2231 797 2303 στόμα
834 2234 1003 2305 αὐτῆς
1027 2233 1280 2300 δέξασθαι
1308 2236 1370 2289 τὸ
1391 2231 1527 2307 αἷμα
1553 2236 1716 2291 ’Ἅϐελ
1745 2237 1838 2290 τοῦ

250 2317 474 2388 ἀδελφοῦ
514 2339 633 2374 σου.
671 2341 690 2375 ι
728 2320 842 2379 Ἦν
880 2326 936 2379 δὲ
975 2327 1354 2400 καὶπρότερον
1394 2329 1482 2382 διὰ
1522 2330 1620 2403 τήν
1657 2332 1837 2401 παρά-

250 2410 404 2464 ϐασιν
436 2413 536 2466 τοῦ
591 2415 767 2487 Ἀδάμ
813 2421 1261 2490 καταρασάμενος
1304 2421 1472 2492 αὐτὴν
1512 2424 1837 2495 όΔεσπότης

248 2501 417 2571 λέγων
435 2522 450 2535 ·
487 2524 507 2556 ι
558 2507 995 2582 Ἐπικατάρατος
1019 2512 1052 2580 ἡ
1072 2512 1142 2582 γῆ
1169 2513 1226 2565 ὲν
1250 2516 1361 2576 τοῖς
1382 2513 1563 2585 ἔργοις
1589 2531 1702 2567 σου.
1749 2516 1836 2568 Ἑν

251 2592 446 2659 λύπαις
475 2601 630 2669 φαγῇ
668 2599 843 2670 αὐτὴν
874 2602 931 2652 ὲν
963 2602 1164 2666 πάσαις
1191 2607 1309 2668 ταῖς
1338 2606 1567 2676 ἡμέραις
1593 2607 1704 2677 (97)
1738 2607 1834 2678 τῆς

249 2685 394 2757 ζωῆς
426 2704 546 2741 σου.
584 2708 604 2740 ›
643 2692 757 2743 Kal.
780 2691 918 2756 ὅλως
945 2687 1012 2763 ἦν
1040 2695 1288 2765 αἱμάτων
1314 2697 1490 2752 πάντα
1525 2697 1718 2769 μεστὰ,
1743 2699 1835 2752 καὶ

251 2778 813 2858 ἇκανθαηπανταχοῦ
868 2783 1091 2853 ἐφύοντο
1135 2786 1224 2840 διὰ
1273 2787 1370 2860 τὴν
1413 2789 1676 2860 κατάραν.
1726 2790 1836 2843 Kal.

250 2869 448 2922 τούτων
487 2869 632 2941 ἔχων
664 2873 726 2926 τὸ
755 2875 1138 2948 χειρόγραφον,
1174 2877 1408 2950 ἐπήρετο
1447 2880 1588 2934 κατὰ
1618 2881 1832 2934 πάντων

251 2963 281 3011 ό
319 2961 545 3031 ἐχθρὸς,
584 2965 681 3017 καὶ
718 2967 1070 3038 ὲτυράννευεν
1119 2969 1194 3032 ὡς
1240 2972 1578 3042 ὑποχειρίους
1627 2970 1834 3038 πάντας

255 3051 404 3121 ἔχων.
435 3054 644 3108 Τούτου
678 3055 869 3113 ἕνεκεν
911 3060 1209 3125 σκυλεύσας
1247 3063 1408 3117 αὑτὸν
1437 3064 1692 3119 ἁπάντων
1715 3066 1829 3139 (98)

253 3147 282 3238 ό
310 3145 528 3216 Κύριος,
566 3147 755 3202 λοιπὸν
781 3150 1126 3222 ἀπαγόμενος
1153 3155 1233 3218 εἰς
1259 3156 1349 3209 τὸν
1376 3156 1602 3211 θάνατον
1621 3199 1634 3221 ,
1679 3177 1831 3231 περι-
1857 3180 1900 3238 C

255 3233 424 3288 ἐκειτο
459 3235 666 3290 ταῦτα·
705 3239 792 3292 ἵνα
838 3239 985 3312 δείξῃ
1014 3242 1106 3294 τοῦ
1134 3243 1363 3297 θανάτου
1391 3245 1452 3298 τὸ
1480 3245 1828 3319 κατόρθωμα,

253 3327 328 3380 ὅτι
348 3329 443 3400 οὐχ
470 3329 682 3396 ἁπλῶς,
711 3331 829 3386 ἀλλ’
853 3333 993 3406 ὑπὲρ
1019 3335 1115 3407 τῆς
1145 3339 1416 3410 σωτηρίας
1436 3340 1592 3411 ἡμῶν
1617 3341 1827 3410 γέγονε.

257 3421 356 3473 Kal.
379 3422 445 3474 τὰ
471 3422 573 3493 μὲν
607 3424 819 3494 αἵματα
844 3427 902 3481 ὲν
939 3429 1005 3498 τῇ
1037 3428 1262 3500 κοκκίνῃ
1303 3429 1534 3502 χλαμύδι
1572 3428 1703 3503 εἶχε,
1734 3432 1831 3497 τάς

254 3511 306 3564 δὲ
333 3514 572 3578 ἀκάνθας
604 3517 662 3569 ὲν
687 3517 766 3588 τῷ
803 3520 1069 3592 στεφάνῳ,
1093 3522 1154 3576 τὸ
1185 3523 1240 3576 δὲ
1274 3525 1632 3596 χειρόγραφον
1663 3528 1720 3578 ὲν
1752 3525 1830 3597 τῷ

256 3604 498 3676 καλάμῳ,
535 3609 595 3661 ὲν
629 3604 673 3677 ᾧ
706 3610 802 3663 καὶ
829 3611 994 3665 πάλαι
1025 3614 1362 3685 κατέγραφεν
1403 3617 1556 3687 ήμῶν
1585 3619 1613 3671 ό
1652 3617 1829 3672 διάϐο-

259 3697 339 3760 λος
358 3714 372 3726 ·
403 3699 489 3752 ἵνα
517 3701 618 3754 σὺν
642 3701 723 3772 τῷ
743 3701 960 3772 θανάτῳ
988 3707 1081 3760 καὶ
1106 3707 1280 3761 ταῦτα
1303 3707 1486 3761 λοιπὸν
1507 3708 1820 3784 ἐξαφανίσῃ,

258 3793 344 3844 καὶ
513 3793 694 3846 κτίσιν
727 3795 841 3847 ἀπὺ
871 3795 1073 3850 τούτων
1123 3798 1372 3872 καθάρῃ·
1423 3801 1516 3854 καὶ
1561 3802 1679 3855 ἀντὶ
1727 3803 1825 3874 μὲν

257 3883 353 3936 τῶν
383 3885 636 3939 ἀκανθῶν
662 3885 724 3939 τὸ
754 3885 913 3953 ξύλον
943 3888 1044 3959 τῆς
1078 3887 1223 3960 ζωῆς
1260 3891 1585 3964 χαρίσηται·
1621 3894 1740 3948 ἀντὶ
1769 3895 1825 3948 δὲ

255 3974 350 4027 τῶν
380 3977 480 4048 τῆς
519 3978 801 4050 ἁμαρτίας
833 3979 1079 4050 αἱμάτων
1104 3981 1180 4053 τῷ
1215 3982 1327 4055 ἰδίῳ
1372 3985 1561 4056 αἵματι
1599 3985 1696 4058 τὴν
1721 3986 1824 4057 γῆν

253 4067 338 4118 καὶ
364 4069 489 4132 τοὺς
511 4070 720 4133 πάντας
743 4070 1017 4144 καθαρίσῃ
1035 4087 1048 4100 ⁸
1077 4074 1169 4126 καὶ
1188 4075 1307 4128 ἀντὶ
1334 4077 1432 4148 τῆς
1456 4078 1701 4149 κατάρας
1723 4096 1824 4148 μα-

254 4159 437 4231 καρίσῃ
476 4159 663 4215 λοιπὸν
691 4161 820 4225 τοὺς
849 4163 907 4214 ὲν
931 4166 997 4235 τῇ
1038 4167 1131 4236 γῇ,
1171 4165 1374 4234 λέγων’
1413 4185 1432 4219 ι
1466 4167 1740 4240 Μακάριοι
1772 4171 1822 4223 οἱ

254 4255 454 4321 πραεῖς,
501 4253 585 4306 ὅτι
640 4255 796 4307 αὐτοὶ
845 4254 1308 4327 κληρονομήσουσι
1347 4258 1444 4329 τὴν
1476 4260 1597 4330 γῆν.
1660 4280 1678 4312 ι
1724 4259 1823 4315 Διὰ

251 4340 392 4395 τοῦτο
429 4343 562 4413 γάρ,
605 4344 675 4398 τά
710 4345 869 4416 ἡμῶν
906 4347 1114 4416 αἵματα
1147 4347 1439 4417 βαστάσας,
1484 4351 1546 4404 τὸ
1580 4352 1709 4405 ἴδιον
1741 4355 1821 4417 είς

1942 1954 2440 2025 admiscerentque,
2467 1963 2526 2010 ut
2553 1959 2818 2028 scriptum
2841 1968 2926 2014 est
2963 1979 2975 2015 :
3019 1980 3038 2012 ι
3073 1960 3418 2017 Maledictum
3451 1970 3507 2018 et

1941 2047 2286 2102 mendacium
2326 2056 2378 2103 et
2421 2047 2653 2116 furtum,
2692 2059 2746 2106 et
2783 2053 3110 2109 adulterium
3163 2054 3330 2110 effusa
3379 2063 3506 2110 sunt

1941 2151 2106 2206 super
2125 2145 2352 2202 terram,
2377 2149 2430 2193 et
2451 2141 2771 2210 sanguinem
2802 2143 3052 2213 sanguini
3077 2144 3377 2200 admiscent
3400 2147 3498 2199 “.I

1939 2224 2177 2297 Eratque
2219 2243 2281 2284 ea
2312 2229 2377 2283 de
2400 2244 2567 2285 causa
2603 2232 2885 2288 maledicta
2916 2241 3082 2300 terra,
3107 2235 3324 2291 dicente
3354 2235 3500 2292 Deo:

1947 2337 1966 2368 ι
2008 2317 2072 2372 Ει
2101 2335 2270 2386 nunc,
2301 2321 2590 2376 maledicta
2616 2329 2783 2389 terra,
2814 2339 2934 2394 qua
2963 2326 3175 2396 aperuit
3227 2342 3288 2383 os
3318 2342 3500 2389 suum.

1939 2417 1997 2464 ut
2040 2413 2312 2482 exciperet
2342 2415 2658 2485 sanguinem
2683 2416 2871 2472 Abelis
2922 2416 3108 2473 fratris
3141 2419 3297 2472 tui".
3344 2439 3363 2470 ι
3402 2419 3502 2474 Cui

1931 2505 2042 2574 jam
2099 2514 2259 2561 antea
2321 2505 2586 2563 Dominus
2646 2509 2717 2563 ob
2777 2508 3279 2579 pravaricationem
3314 2510 3503 2564 Adami

1936 2597 2310 2664 maledixerat,
2355 2597 2443 2654 his
2477 2597 2656 2654 verbis
2685 2619 2697 2654 :
2737 2619 2755 2651 ι
2799 2599 3087 2655 Maledicta
3120 2611 3263 2655 terra
3299 2601 3352 2654 in
3375 2616 3504 2671 ope-

1935 2689 2089 2744 ribus
2136 2689 2288 2746 tuis:
2323 2692 2381 2745 in
2441 2691 2704 2746 arumnis
2752 2691 3004 2748 comedes
3053 2692 3201 2771 illam
3249 2693 3504 2747 omnibus

1935 2780 2126 2836 diebus
2150 2782 2398 2838 vitatua
2415 2783 2483 2840 ‘3.
2525 2803 2545 2836 ο
2575 2782 2925 2854 Prorsusque
2948 2795 3106 2839 erant
3153 2783 3335 2838 omnia
3377 2800 3504 2837 san-

1934 2869 2096 2940 guine
2132 2871 2313 2940 plena,
2345 2881 2401 2927 et
2423 2881 2646 2944 propter
2675 2874 3026 2928 maledictum
3059 2874 3300 2944 undique
3333 2875 3504 2943 spina

1933 2963 2339 3019 eXoriebantur.
2375 2964 2441 3019 Et
2483 2965 2588 3021 hoc
2630 2966 3053 3038 chirographum
3091 2975 3285 3022 nactus
3319 2967 3504 3020 inimi-

1933 3069 2032 3110 cus
2062 3064 2270 3122 noster,
2318 3057 2373 3111 in
2407 3071 2599 3114 omnes
2630 3059 2970 3130 insurgebat,
3003 3059 3057 3112 in
3105 3074 3404 3129 omnesque
3443 3066 3501 3113 ut

1934 3147 2039 3202 sibi
2074 3148 2322 3205 subditos
2353 3149 2698 3222 tyrannidem
2729 3151 3035 3207 exercebat.
3072 3149 3194 3206 ideo
3239 3149 3502 3206 Dominus

1933 3256 2058 3296 cum
2079 3256 2201 3296 eum
2232 3243 2488 3299 omnibus
2535 3245 2850 3314 spoliasset,
2884 3243 3102 3298 demum
3145 3243 3209 3298 ad
3270 3251 3498 3297 mortem

1932 3329 2224 3396 abductus,
2258 3331 2325 3387 iis
2355 3332 2702 3399 induebatur,
2730 3341 2790 3388 ut
2827 3333 3006 3404 palam
3055 3333 3278 3397 faceret,
3308 3334 3501 3388 mortis

1930 3419 2238 3486 victoriam,
2267 3438 2376 3478 non
2424 3431 2650 3489 temere,
2689 3425 2781 3480 sed
2807 3440 2910 3494 pro
2951 3426 3128 3480 salute
3152 3434 3342 3480 nostra
3377 3441 3502 3494 par-

1930 3519 2038 3566 tam
2077 3528 2221 3568 esse.
2259 3513 2633 3586 Gestabatque
2669 3517 2724 3570 in
2758 3517 3044 3588 chlamyde
3080 3518 3342 3573 coccinea
3373 3533 3500 3573 san-

1927 3604 2166 3674 guinem,
2191 3606 2380 3675 spinas
2426 3608 2481 3661 in
2535 3622 2760 3672 corona,
2799 3609 3226 3679 chirographum
3275 3625 3404 3665 vero
3443 3615 3498 3662 in

1929 3696 2214 3764 arundine,
2245 3698 2299 3750 in
2333 3713 2443 3767 quo
2477 3699 2591 3768 jam
2645 3701 2774 3754 olim
2831 3701 3128 3768 scripserat
3159 3709 3350 3754 contra
3394 3717 3498 3756 nos

1927 3787 2296 3854 diabolus;ut
2326 3804 2432 3843 una
2487 3804 2611 3842 cum
2655 3799 2850 3852 morte,
2899 3791 3014 3845 hac
3060 3791 3225 3846 etiam
3279 3791 3497 3844 demum

1928 3880 2196 3946 aboleret;
2257 3891 2648 3952 creaturasque
2721 3883 2789 3938 iis
2842 3893 3241 3954 perpurgaret:
3287 3892 3343 3940 et
3396 3899 3498 3954 pro

1926 3973 2098 4044 spinis
2125 3973 2344 4044 quidem
2377 3975 2582 4046 lignum
2615 3975 2739 4030 vita
2774 3976 3064 4046 largiretur
3094 3996 3106 4031 :
3145 3992 3244 4047 pro
3286 3979 3497 4046 peccati

1925 4065 2211 4142 sanguine,
2255 4066 2477 4136 proprio
2540 4067 2806 4137 sanguine
2848 4076 3049 4123 terram
3106 4077 3159 4122 et
3211 4070 3497 4124 universos

1923 4159 2248 4213 emundaret
2282 4178 2294 4213 :
2329 4175 2428 4228 pro
2467 4159 2784 4226 maledicto,
2823 4174 3018 4214 omnes
3071 4160 3289 4214 demum
3337 4169 3500 4216 terra

1923 4247 2130 4302 incolas
2162 4247 2350 4303 beatos
2407 4248 2636 4314 diceret,
2684 4249 2769 4305 his
2811 4249 2993 4304 verbis
3029 4265 3042 4301 :
3078 4267 3096 4300 ι
3126 4249 3280 4304 Beati
3312 4252 3492 4316 mites,

1922 4341 2176 4410 quoniam
2197 4341 2299 4411 ipsi
2329 4339 2686 4411 possidebunt
2720 4349 2919 4397 terram
2937 4341 3002 4396 '9.
3035 4360 3054 4393 ι
3093 4341 3303 4396 Idcirco
3348 4342 3492 4397 enim

255 4431 408 4503 αὐτὴν
453 4434 811 4502 ὲξεκένωσεν,
843 4438 936 4507 ἀφ’
975 4433 1035 4493 οὗ
1079 4441 1170 4494 καὶ
1202 4441 1321 4494 ἀντὶ
1352 4443 1600 4496 ἀκανθῶν
1639 4444 1820 4513 ἀγαθά

1933 4442 2170 4488 nostrum
2231 4433 2412 4488 ferens
2468 4433 2814 4504 sanguinem,
2842 4433 3126 4505 proprium
3171 4434 3493 4505 sanguinem

253 4523 334 4573 καὶ
360 4522 471 4595 ζωὴ
501 4525 749 4594 πέφυκεν
780 4529 860 4590 είς
898 4528 1066 4600 αὐτήν
1096 4529 1240 4600 (99)·
1281 4534 1361 4595 εἰς
1403 4532 1469 4603 ῆν
1497 4533 1818 4588 ἀποϐλέπων

1933 4542 2088 4596 super
2126 4541 2244 4581 eam
2275 4525 2503 4592 eﬂ‘udit;
2537 4542 2600 4582 ex
2627 4541 2738 4596 quo
2773 4525 2978 4580 factum
3030 4535 3115 4581 est
3149 4534 3206 4579 ut
3254 4541 3352 4596 pro
3381 4525 3494 4596 spi-

251 4615 441 4684 όᾶγιος
471 4617 642 4670 Δαϐίδ
673 4636 842 4691 φησι’
886 4640 904 4672 ι
943 4622 1190 4676 Πιστεύω
1215 4624 1310 4676 τοῦ
1357 4624 1481 4679 ἰδεῖν
1525 4625 1593 4680 τά
1639 4627 1818 4697 ἀγαθά

251 4704 438 4778 Κυρίου
468 4711 526 4762 ἐν
658 4709 899 4774 ζώντων.
943 4731 962 4764 ι

306 4903 386 4959 Π.
425 4908 539 4961 Kal.
572 4907 752 4974 ἄλλως
772 4910 831 4963 δὲ
864 4911 954 4966 τὸν
982 4912 1242 4982 στέφανον
1276 4917 1384 4970 τῶν
1409 4918 1658 4973 ἀκανθῶν
1683 4921 1812 4991 ἐφό-

245 5013 332 5064 ρει,
377 5000 460 5052 ἵνα
504 5000 608 5063 τὰς
653 5002 929 5073 μερίμνας
976 5005 1133 5074 ήμῶν
1184 5008 1479 5083 ἑξαφανίσῃ
1530 5012 1624 5066 τοῦ
1670 5012 1807 5083 βίου.

253 5088 526 5163 Ἐπέρῤιψε
553 5091 667 5163 γὰρ
689 5095 718 5146 ὁ
741 5093 928 5159 ἅθλιος
950 5099 1043 5152 καὶ
1063 5099 1213 5153 ἄκων
1234 5101 1330 5165 τὰς
1361 5103 1628 5174 μερίμνας
1655 5104 1809 5176 ήμῶν

242 5179 488 5236 ὲπ“αὺτὺν
511 5183 618 5236 οὐκ
645 5184 830 5249 εἰδὼς,
859 5186 961 5252 ὅτι,
991 5188 1193 5255 ταύτας
1224 5190 1506 5262 βαστάζων
1528 5197 1555 5248 ὁ
1585 5197 1804 5268 Κύριος,

1920 4617 2026 4682 nis,
2056 4617 2197 4672 bona
2253 4617 2423 4671 multa
2479 4624 2534 4672 et
2594 4619 2706 4671 vita
2755 4617 2809 4671 in
2875 4616 2966 4670 illa
3024 4617 3353 4687 germinaret
3388 4633 3402 4668 :
3435 4617 3491 4670 in

1916 4724 2081 4781 quam
2137 4710 2304 4765 David
2365 4711 2670 4780 respiciens
2701 4711 2776 4764 ait
2814 4730 2827 4765 :
2866 4728 2884 4762 ι
2923 4709 3102 4764 Credo
3136 4710 3319 4764 videre
3349 4709 3491 4763 bona

1919 4805 2129 4860 Domini
2158 4805 2214 4859 in
2246 4812 2395 4860 terra
2435 4803 2732 4859 viventium
2757 4804 2823 4856 ‘°.
2864 4821 2884 4855 ι

1992 4921 2081 4975 1⁸7.
2123 4919 2245 4973 Alia
2279 4936 2497 4991 quoque
2554 4920 2766 4975 ratione
2812 4933 3071 4973 coronam
3111 4917 3353 4986 spineam
3397 4930 3486 4985 ge-

1918 5012 2118 5075 stabat,
2156 5019 2211 5066 ιιι
2245 5011 2646 5067 sollicitudines
2676 5011 2730 5063 in
2781 5009 2882 5064 hac
2915 5009 3020 5062 vita
3053 5015 3270 5060 nostras
3302 5005 3476 5060 aufer-

1917 5113 2019 5159 ret.
2053 5105 2248 5174 injecit
2281 5105 2426 5159 enim
2468 5102 2658 5157 infelix
2706 5101 2818 5164 ille,
2855 5101 2982 5154 licet
3011 5099 3236 5157 invitus.
3270 5106 3489 5153 nostras

1918 5201 1974 5254 in
2031 5199 2184 5254 illum
2244 5196 2664 5258 sollicitudines,
2716 5195 2997 5264 ignorans,
3035 5189 3323 5243 Dominum
3365 5189 3489 5246 illas

297 5377 339 5410 ⁸⁸
373 5381 494 5440 (ise.
531 5401 610 5452 iv,
642 5384 703 5442 2.
781 5385 830 5417 "’
868 5384 1066 5445 Cenes.
1104 5405 1178 5457 tv,
1211 5391 1299 5451 ll.
1374 5393 1419 5425 ⁸⁸
1456 5393 1653 5453 Genes.
1691 5414 1754 5454 tn
1777 5437 1792 5464 ,
1830 5422 1832 5430 η

1936 5398 2021 5454 l9.
2097 5400 2143 5430 '°
2186 5398 2378 5455 Matth.
2415 5414 2468 5463 v,
2501 5397 2556 5452 4.
2633 5393 2679 5428 ⁶⁰
2717 5393 2862 5450 Psal.
2898 5408 3063 5460 xxvr,
3100 5394 3207 5450 15.-

277 5577 392 5662 ,(96)
410 5581 644 5656 Regius,
667 5583 1032 5641 ὲσκυλεύοντο
1047 5588 1136 5642 τού
1152 5606 1271 5656 των,
1295 5598 1349 5647 et
1364 5595 1602 5651 secunda
1617 5611 1803 5664 manu,

237 5661 626 5810 ﬁegius
657 5723 1168 5810 et.A‘ngl.ic."abt:l}v
1210 5732 1387 5799 πάσας
1426 5735 1524 5801 τὰς
1571 5738 1800 5810 ἡμέρας.

289 5792 386 5866 (98)
418 5792 649 5870 Regius,
684 5792 1000 5850 αὐτὸν’άπὸ
1023 5792 1242 5856 τούτων.

1975 5597 2086 5666 (99)
2136 5596 2210 5651 lta
2254 5612 2444 5668 omnes
2471 5597 2847 5668 manuscriptii
2867 5605 2930 5668 et
2975 5597 3111 5668 edit.
3152 5596 3480 5668 rCommelin.

1905 5668 2048 5738 Edit.
2093 5683 2221 5722 vero
2271 5667 2445 5720 Paris.
2497 5669 2576 5730 είς
2609 5668 2799 5738 αύτήν.
2833 5667 2978 5734 Mox,
3007 5667 3190 5729 Δαϐίδ,
3250 5667 3405 5738 abest
3450 5681 3480 5717 a

1904 5737 2074 5809 Regio
2125 5746 2178 5792 et
2234 5737 2553 5809 Anglicano.
2613 5735 2745 5792 Mox'
2798 5741 2853 5793 in
2905 5749 3212 5809 postremo,-
3249 5735 3474 5807 Κυρίου,

1905 5806 2086 5867 deest:
2119 5818 2171 5863 et
2193 5807 2352 5878 paulo
2373 5815 2493 5878 post
2519 5808 2571 5863 in
2605 5809 2815 5878 eodem,
2849 5806 2954 5864 τῶν
2998 5806 3268 5867 ἀκανθῶν,
3301 5806 3473 5860 deest.
