3958 6514
484 401 592 456 2ἰὸ

1620 399 1681 458 S.
1719 400 2178 465 ATHANASIUS.
2220 436 2289 449 -ο
2326 408 2549 465 DUBlA.

3599 416 3706 473 218

482 523 808 589 gestantem,
847 532 945 573 nos
979 517 1034 572 in
1064 518 1209 574 illius
1234 519 1553 588 perniciem,
1582 521 2019 580 sollicitudinibu:

2144 528 2269 592 τοὺς
2293 530 2499 592 πάντας
2523 529 2857 601 ἀμερίμνους
2892 532 3011 585 κατ’
3037 531 3240 587 ἐκείνου
3267 532 3342 604 (1)
3368 539 3710 592 κατασκευά-

481 614 685 665 vacdos
708 610 1082 677 redditurum;
1114 612 1188 665 ita
1211 620 1270 666 ut
1298 612 1449 667 verbi
1482 623 1781 670 sementem
1811 632 1840 671 a
1864 617 2038 689 spinis

482 709 864 772 pet-purgatam
921 702 1250 769 habeamus;
1278 703 1336 757 in
1372 704 1623 761 oratione
1650 722 1781 763 vero
1810 719 2045 767 mentem

2151 636 2231 672 σει
2255 636 2268 648 ο
2293 619 2432 673 ῶστε
2458 620 2551 674 τὸν
2578 622 2675 692 μὲν
2703 622 2903 694 σπόρον
2932 624 3025 679 τοῦ
3056 626 3213 695 λόγου
3247 625 3523 699 ἐλεύθερον
3563 629 3708 700 ἔχειν

2145 710 2254 764 ἀπὸ
2289 711 2396 765 τῶν
2434 713 2703 779 ἀκανθῶν,
2740 717 2797 768 ἐν
2837 715 2892 769 δέ
2931 720 3048 781 ταῖς
3094 718 3278 788 εὐχαῖς
3307 717 3368 772 τὸ
3398 718 3703 792 ἀπερίσπα-

481 792 631 846 curis
659 790 883 845 minime
911 792 1260 847 abstractam.
1292 790 1413 864 Ipse
1443 793 1588 849 enim
1626 810 1725 866 pro
1763 798 1923 854 nobis
1949 799 2019 856 do

2146 819 2285 856 στον.
2315 804 2485 867 Αὐτὸς
2511 804 2617 876 γάρ
2660 806 2788 878 περ)⁸
2823 807 2978 878 ἡμῶν
3004 808 3241 863 ὠδυνᾶτο
3288 810 3381 863 καὶ
3412 790 3704 882 ἐμε-ρίμνα,

482 880 583 935 luit
619 880 997 949 sollicitusque
1030 881 1152 944 fuit,
1179 890 1239 936 ut
1262 898 1364 939 nos
1394 883 1675 941 doloribus
1702 900 2040 945 vacaremus.

481 968 713 1043 Ideoque
744 987 959 1027 rursum
993 974 1312 1031 arundinem
1355 989 1422 1029 ex
1476 975 1557 1031 eis
1605 977 1818 1046 accepit
1846 976 2032 1033 Domi-

481 1080 606 1128 nus,
642 1064 867 1135 ipseque
895 1064 1143 1120 diabolus
1171 1081 1292 1121 eam
1342 1065 1573 1122 Domino
1613 1068 1857 1133 tradidit,
1891 1070 2043 1138 igna-

480 1169 577 1209 rus
614 1171 735 1211 sese
774 1162 966 1210 contra
1018 1172 1077 1212 se
1112 1157 1351 1229 gladium
1397 1174 1613 1215 acuere.
1647 1158 1856 1216 Dicitur
1893 1162 2039 1217 enim

478 1245 714 1313 arundo,
763 1248 1109 1317 serpentibus
1165 1249 1483 1305 occidendis
1550 1258 1706 1320 apta,
1760 1251 2041 1323 frangique

477 1332 602 1390 illos
633 1334 901 1389 arundine
930 1336 1112 1404 potius
1144 1351 1305 1406 quam
1343 1336 1710 1392 instrumento
1741 1338 1867 1394 alio.
1899 1340 2038 1395 Cum

476 1426 642 1497 igitur
672 1425 789 1495 ipse
809 1423 1072 1480 Dominus
1103 1423 1359 1489 Sabaoth,
1385 1434 1445 1480 ut
1497 1427 1573 1481 ait
1604 1427 1807 1494 Isaias,
1849 1444 2040 1500 perse-

476 1522 735 1586 queretur
762 1514 1052 1585 fugientem
1077 1515 1390 1579 draconem,
1426 1525 1755 1585 serpentem,
1781 1534 2035 1590 magnum

475 1606 751 1661 diabolum
785 1624 799 1659 :
834 1605 955 1661 ideo
988 1604 1133 1676 quod
1184 1606 1262 1660 illi
1287 1606 1505 1662 exitiale
1533 1617 1652 1663 erat
1679 1608 1748 1662 ab
1777 1610 1857 1665 eis
1879 1624 2035 1666 acce-

473 1697 554 1767 pit
579 1695 875 1763 Dominus;
909 1703 966 1750 ut
997 1696 1232 1766 propriis
1262 1697 1369 1753 sibi
1414 1696 1578 1755 rebus
1608 1698 1887 1754 debilitato
1915 1700 2029 1754 dia-

473 1788 620 1851 bolo,
649 1787 814 1843 rebus
842 1786 1053 1842 Domini
1084 1788 1332 1845 homines
1365 1789 1618 1847 fortiores
1651 1791 2027 1850 redderentur.

2142 895 2229 948 ἵνα
2254 896 2414 967 ἡμεῖς
2440 896 2695 951 ἀνώδυνοι
2717 898 3021 970 γενώμεθα.
3043 900 3140 954 Διά
3162 898 3318 954 τοῦτο
3344 900 3400 953 δὲ
3424 902 3587 956 πάλιν
3611 904 3705 957 καὶ

2139 985 2230 1040 τὸν
2258 986 2498 1059 κάλαμον
2522 989 2790 1061 ἐλάμϐανε
2819 994 2946 1063 παρ’
2968 992 3146 1047 αὐτῶν
3179 994 3208 1046 6
3232 992 3454 1066 Κύριος,
3485 996 3581 1050 καὶ
3604 997 3703 1050 αύ-

2139 1077 2230 1140 τὸς
2260 1081 2289 1131 6
2314 1079 2554 1145 διάϐολος
2580 1082 2819 1137 ἐπεδίδου
2850 1083 3036 1138 τοῦτον
3065 1084 3145 1157 τῷ
3172 1086 3380 1158 Κυρίῳ,
3406 1089 3507 1141 οὐκ
3523 1087 3700 1152 εἰδὼς,

2138 1167 2219 1220 ὄτι
2248 1169 2368 1222 καθ’
2397 1171 2589 1225 ἐαυτοῦ
2627 1173 2688 1226 τὸ
2726 1172 2876 1244 ξίφος
2904 1176 3092 1247 ἀκονᾷ.
3126 1175 3354 1245 Λέγεται
3391 1176 3499 1250 γὰρ
3544 1180 3573 1231 6
3603 1181 3703 1233 κά-

2138 1256 2306 1329 λαμος
2335 1261 2673 1333 ἁναιρετικὸς
2700 1259 2836 1318 εἶναι
2873 1266 2979 1319 τῶν
3008 1265 3205 1335 ὄφεων,
3243 1269 3337 1321 καὶ
3363 1267 3536 1340 τούτῳ
3565 1270 3699 1340 μᾶλ-

2138 1347 2226 1403 λον
2249 1350 2281 1421 ἢ
2310 1351 2477 1423 ἐτέρῳ
2505 1355 2940 1426 καταράσσεσθαι
2968 1356 3181 1422 αύτούς.
3230 1359 3380 1413 Ἐπεὶ
3403 1358 3580 1413 τοίνυν
3602 1360 3701 1413 αύ-

2135 1442 2227 1507 τὸς
2255 1446 2284 1498 6
2307 1446 2507 1517 Κύριος
2537 1447 2782 1515 Σαϐαὼθ,
2819 1450 2895 1514 ὡς
2939 1451 3163 1516 Ἡσαΐας
3187 1451 3355 1521 λέγει,
3387 1453 3575 1507 ἐδίωκε
3606 1452 3699 1509 τὸν

2137 1535 2402 1604 φεύγοντα
2452 1537 2734 1611 δράκοντα,
2780 1540 2870 1594 τὸν
2922 1541 3065 1611 ὅφιν,
3098 1541 3188 1596 τὸν
3217 1542 3388 1613 μέγαν
3418 1542 3657 1597 διάϐολον
3680 1559 3695 1574 ο

2134 1625 2320 1680 τούτου
2369 1629 2552 1684 ἐνεκεν
2592 1631 2755 1686 αὐτοῦ
2782 1633 2842 1687 τὸ
2874 1622 3210 1706 ἀνῶρετικδν
3254 1634 3527 1706 ἐλάμϐανε
3565 1637 3696 1707 παρ’

2135 1719 2313 1772 αὐτῶν
2338 1722 2366 1774 6
2393 1721 2614 1793 Κύριος,
2653 1724 2757 1790 ἵνα,
2798 1728 2910 1789 τοῖς
2943 1725 3090 1790 ίδίοις
3121 1726 3574 1799 ἐξασθενήσαντος
3603 1728 3698 1782 τοῦ

2132 1807 2398 1879 διαϐόλου,
2426 1815 2538 1876 τοῖς
2556 1812 2651 1867 τοῦ
2682 1814 2890 1885 Κυρίου
2924 1814 3369 1886 ἐνδυναμωθῶσιν
3406 1818 3454 1869 οἱ
3490 1816 3699 1889 ἀνθρω⁴

472 1876 646 1943 Quale
678 1876 848 1932 David
881 1878 936 1932 in
972 1876 1185 1933 Goliath
1207 1880 1535 1951 designavit,
1561 1882 1653 1952 qui
1678 1893 1903 1953 accepto
1928 1884 2019 1939 ini-

2136 1914 2248 1951 ποι.
2280 1869 2402 1953 Οἶον
2433 1900 2491 1954 δέ
2517 1869 2585 1955 *τι
2627 1869 2920 1973 πεποίηκεν
2946 1906 2974 1958 6
3018 1869 3182 1959 Δαϐὶδ
3206 1905 3299 1958 ἐπὶ
3347 1905 3441 1960 τοῦ
3479 1869 3696 1969 έολίάθ,

472 1968 600 2023 midi
631 1968 831 2040 gladio,
867 1971 1075 2039 eoipso
1097 1978 1261 2041 caput
1313 1973 1517 2029 inimici
1567 1975 1891 2044 praecidit“.
1943 1974 2031 2030 Id-

472 2059 654 2129 ipsum
690 2061 804 2130 jam
866 2061 1114 2116 Salvator
1155 2066 1426 2134 praestitit,
1484 2074 1706 2137 accepta
1769 2069 1838 2123 ab
1894 2067 2029 2139 ipsis

473 2150 764 2214 arundine,
792 2158 853 2205 ut
886 2168 993 2207 non
1029 2155 1191 2209 modo
1238 2172 1339 2212 nos
1365 2171 1395 2209 a
1423 2158 1694 2228 serpentis
1725 2157 1936 2213 fallacia
1958 2159 2027 2213 li-

470 2240 718 2309 beraret;
746 2243 838 2298 sed
867 2244 1030 2299 etiam
1058 2246 1249 2316 ipsum,
1283 2259 1589 2318 serpentem
1638 2250 1907 2306 arundine
1934 2265 2030 2306 oc-

467 2329 690 2394 cideret,
728 2340 1112 2404 mortuumque
1167 2337 1470 2393 exhiberet.
1524 2337 1602 2393 Ita
1634 2340 1800 2410 igitur
1832 2341 2026 2398 illusus

468 2425 733 2480 scelestus
757 2426 868 2493 ille,
902 2427 1094 2485 videns
1124 2444 1184 2485 se
1215 2430 1283 2484 ab
1310 2431 1378 2485 iis
1404 2431 1676 2488 excidisse
1699 2432 1883 2500 rebus,
1905 2434 2026 2506 qui-

464 2512 568 2571 bus
597 2516 887 2574 adversnm
916 2534 1019 2573 nos
1046 2520 1151 2589 72
1180 2519 1542 2577 efferebatur:
1573 2523 1876 2595 vidensque
1908 2540 1966 2581 se
1993 2540 2025 2580 α

461 2613 609 2661 terra
644 2609 1014 2675 exturbatum,
1053 2618 1362 2683 terramque
1394 2628 1424 2667 a
1458 2615 1724 2686 sanguine
1770 2622 1825 2671 et
1852 2616 2026 2688 spinis

462 2696 750 2751 emundari
783 2715 796 2751 :
830 2713 1059 2769 seseque
1088 2700 1277 2757 videns
1308 2703 1560 2760 amisisse
1604 2705 2022 2778 chirographum

461 2795 517 2841 et
551 2787 844 2853 calamum,
877 2788 933 2842 in
961 2804 1071 2860 quo
1096 2791 1384 2847 adversum
1413 2808 1516 2850 nos
1552 2797 1870 2867 scripserat,
1900 2818 2023 2857 rur-

463 2894 584 2933 sum
610 2893 720 2933 non
744 2879 993 2936 audenda
1025 2881 1207 2948 audet,
1248 2899 1418 2955 seque
1458 2886 1641 2957 ipsum
1672 2892 1849 2963 magis
1876 2910 1940 2949 ea
1963 2911 2021 2951 re

460 2971 718 3039 percutit.
744 2971 881 3027 Cum
910 2974 1054 3029 enim
1090 2976 1387 3035 audivisset
1404 2978 1686 3049 improbus
1713 2983 1805 3041 ille
1837 2984 2021 3041 Domi-

460 3075 589 3114 num
616 3060 902 3116 dicentem‘
928 3077 945 3115 :
981 3082 1001 3114 ι
1032 3064 1270 3135 Spiritus
1300 3079 1585 3141 promptus
1626 3081 1731 3142 est,
1768 3089 1903 3133 caro
1923 3092 2019 3132 auo

457 3158 566 3205 tem
595 3149 809 3206 infirma
828 3153 926 3218 θ’.»
956 3163 1110 3211 ratus
1134 3156 1371 3215 Verbum
1391 3177 1502 3219 una
1529 3179 1654 3219 cum
1678 3181 1906 3238 corpore
1933 3168 2019 3224 in-

2134 1989 2312 2044 λαϐὼν
2341 1990 2436 2045 τοῦ
2468 1992 2661 2064 ἐχθροῦ
2686 1994 2749 2046 τὸ
2788 1993 2956 2062 ξίφος,
3001 1995 3094 2049 καὶ
3131 1997 3188 2048 ἐν
3214 1995 3361 2067 αύτῷ
3388 1997 3486 2069 τὴν
3528 2013 3699 2065 κεφα-

2134 2079 2230 2152 λὴν
2255 2080 2349 2134 τοῦ
2380 2081 2571 2153 ἐχθροῦ
2596 2082 2796 2154 τεμών.
2831 2083 3001 2137 Τοῦτο
3035 2082 3131 2138 νῦν
3170 2084 3265 2137 καὶ
3305 2086 3335 2138 6
3380 2084 3570 2158 Σωτὴρ
3600 2101 3700 2137 πε-

2136 2170 2349 2240 ποίηκε,
2376 2170 2554 2225 λαϐὼν
2584 2172 2676 2226 τὸν
2705 2172 2945 2244 κάλαμον
2984 2175 3114 2246 παρ’
3146 2174 3347 2238 αὐτῶν,
3379 2175 3465 2228 ἵνα
3489 2175 3562 2247 μὴ
3597 2174 3697 2244 μό-

2131 2278 2220 2314 νον
2264 2264 2407 2334 ὴμᾶς
2451 2261 2784 2336 ἐλευθερώσῃ
2829 2263 2937 2318 άπὸ
2981 2265 3081 2337 τῆς
3125 2265 3339 2335 ἀπάτης
3365 2264 3458 2319 τοῦ
3489 2266 3687 2333 ὄφεως,

2130 2353 2265 2407 ἀλλὰ
2284 2356 2377 2407 καὶ
2403 2354 2563 2408 αὐτὸν
2582 2355 2674 2409 τὸν
2698 2356 2819 2425 ὅφιν
2848 2356 3011 2431 ἀνέλῃ
3040 2355 3117 2428 τῷ
3147 2356 3397 2427 καλάμῳ,
3431 2356 3531 2409 καὶ
3543 2355 3696 2428 δείξῃ

2130 2445 2340 2515 νεκρόν.
2394 2444 2548 2499 Οὕτω
2589 2445 2647 2499 δέ
2684 2442 2775 2501 οὖν
2813 2447 3063 2519 παιχθεὶς
3108 2449 3136 2501 6
3186 2447 3390 2511 ἄθλιος,
3436 2448 3529 2501 καὶ
3565 2446 3691 2500 ίδὼν

2129 2535 2316 2589 ἐαυτὸν
2340 2538 2638 2591 ἐκπεσόντα
2660 2538 2885 2606 τούτων,
2908 2541 2964 2592 ἐν
2987 2532 3067 2603 οἷς
3084 2539 3316 2610 ἐπῄρετο
3344 2538 3462 2592 καθ’
3490 2541 3524 2610 ἡ
3532 2538 3649 2609 μῶν
3667 2555 3684 2570 ο

2131 2628 2252 2681 ἰδὼν
2301 2628 2359 2682 δέ
2396 2629 2557 2683 αὐτὸν
2598 2630 2928 2701 ἐκϐληθέντα
2972 2631 3038 2684 ἐκ
3068 2630 3144 2700 (2)
3174 2632 3273 2703 τῆς
3298 2632 3420 2702 γῆς,
3454 2632 3546 2685 καὶ
3585 2631 3690 2703 τὴν

2126 2719 2227 2789 γῆν
2260 2718 2694 2792 καθαριζομένην
2725 2720 2832 2775 ἀπὸ
2856 2720 2964 2774 τῶν
2993 2722 3239 2792 αἱμάτων
3265 2721 3489 2776 καὶτῶν
3520 2720 3693 2776 ἀκαν-

2126 2811 2254 2876 θῶν,
2277 2814 2371 2867 καὶ
2406 2811 2527 2866 ίδὼν
2545 2813 2735 2866 ἑαυτὸν
2754 2812 3092 2867 ἀπολέσαντα
3121 2813 3182 2866 τὺ
3206 2812 3564 2885 χειρόγραφον
3594 2813 3692 2867 καὶ

2122 2904 2213 2956 τὸν
2245 2904 2508 2974 κάλαμον,
2543 2906 2603 2956 ἐν
2644 2897 2689 2971 ᾧ
2721 2904 3062 2975 κατέγραφεν
3100 2904 3279 2974 ἡμῶν,
3310 2904 3482 2975 τολμᾷ
3524 2904 3691 2958 πάλιν

2124 2991 2400 3064 ἀτόλμητα
2417 3031 2433 3056 ,
2474 2991 2657 3046 πλεῖον
2705 2992 2893 3046 ἐαυτὸν
2944 2993 3039 3046 καὶ
3089 2994 3148 3046 ἐν
3196 2992 3370 3063 τούτῳ
3416 2992 3687 3065 πλήττων.

2135 3085 2394 3148 ’Δκούσας
2421 3083 2528 3155 γάρ
2547 3084 2576 3137 6
2608 3083 2840 3156 πονηρὸς
2870 3083 3115 3152 λέγοντος
3164 3083 3257 3137 τοῦ
3290 3083 3492 3155 Κυρίου
3515 3101 3531 3115 ο
3566 3102 3585 3134 ι
3613 3083 3691 3137 T6

2123 3176 2338 3247 πνεῦμα
2366 3174 2662 3248 πρόθυμον,
2683 3177 2717 3247 η
2753 3175 2810 3228 δέ
2836 3174 2971 3247 σὰρξ
3001 3174 3249 3245 ἀσθενὴς,
3290 3194 3309 3225 ι
3341 3174 3584 3245 νομίσας,
3603 3174 3691 3228 ὅτι

459 3243 686 3307 firmari,
712 3259 813 3300 nec
835 3261 1054 3316 corpus,
1087 3248 1249 3306 Verbi
1272 3253 1473 3311 virtute
1496 3259 1863 3327 corroborari,
1896 3277 2018 3317 rur-

2125 3220 2369 3335 δ’
2411 3220 2729 3337 ξυνηξθέξρεί
2778 3265 2859 3338 τῷ
2906 3220 3139 3338 grape-ct,
3178 3220 3271 3319 ἑῖι
3299 3265 3360 3318 ού
3393 3220 3589 3336 ἐξελλξᾷ
3615 3268 3685 3337 τῇ

457 3348 578 3389 sum
619 3334 830 3390 nefaria
860 3340 1190 3408 aggreditur,
1219 3346 1617 3418 carniﬁcesque
1666 3358 1858 3407 contra
1897 3352 2018 3411 Sal-

455 3435 698 3483 vatorem
752 3430 1063 3494 concitavit,
1096 3435 1213 3503 ipse
1270 3450 1401 3491 vero
1456 3440 1630 3510 spinis
1671 3442 1919 3511 adhaesit,
1961 3448 2015 3503 in

454 3519 631 3589 iisque
661 3519 959 3586 volutatus,
994 3537 1106 3576 rem
1142 3538 1338 3594 passus
1387 3536 1473 3583 est
1523 3531 1625 3586 sibi
1660 3536 2012 3593 contrariam.

456 3609 598 3665 Dum
624 3610 744 3666 illas
775 3613 918 3667 enim
950 3621 1159 3669 teneret
1183 3618 1367 3674 amisit
1408 3621 1577 3691 ipsas,
1618 3639 1754 3693 quas
1792 3628 2016 3695 putabat

454 3700 689 3757 amissas
742 3718 1096 3762 resumerese
1130 3708 1348 3764 tandem
1375 3727 1539 3781 posse
1568 3730 1580 3764 :
1611 3726 1665 3770 at
1713 3732 1820 3771 non
1864 3719 2014 3789 prius

450 3792 572 3848 illas
600 3794 842 3864 recipere
868 3796 1056 3862 valuit,
1086 3815 1251 3870 quam
1281 3798 1532 3859 Salvator
1575 3806 2011 3865 maledictiouem

450 3893 696 3939 nostram
735 3886 791 3942 iu
849 3887 985 3958 ipsis
1038 3891 1201 3947 sitam
1260 3893 1548 3951 elevasset.
1582 3896 2011 3958 Maledictionem

448 3977 817 4048 quippeillam
839 3995 964 4035 cum
987 3990 1255 4051 gestasset
1296 3985 1593 4056 Dominus;
1632 3998 1744 4045 tum
1793 3992 2010 4049 demum

447 4069 655 4138 recepit
702 4069 792 4123 ille
840 4070 1027 4139 spinas
1078 4080 1134 4127 et
1182 4074 1577 4148 chlamydem:
1621 4095 1741 4148 quae
1805 4083 2010 4138 nullam

445 4167 563 4214 tum
592 4162 855 4216 adversus
874 4177 975 4219 nos
997 4164 1104 4218 vim
1146 4166 1430 4233 haberent,
1463 4170 1556 4224 sed
1591 4172 1771 4239 potius
1809 4173 2011 4242 impro-

445 4250 674 4305 bitatem
702 4267 891 4307 eorum
929 4266 1242 4325 arguerent.
1274 4256 1392 4313 Jam
1424 4262 1569 4314 enim
1603 4262 1717 4332 ipse
1762 4262 2009 4321 diabolus

443 4340 501 4393 in
547 4339 742 4410 spinis,
786 4343 943 4413 quasi
1001 4345 1059 4399 in
1105 4346 1343 4403 stimulis
1374 4358 1565 4403 contra
1605 4352 1873 4408 calcitrat.
1900 4352 2008 4424 Ipsi

443 4445 661 4500 quoque
688 4432 756 4488 de
804 4436 1060 4491 coccinea
1110 4437 1393 4508 chlamyde
1438 4440 1638 4495 dicitur
1676 4462 1689 4497 :
1732 4444 2005 4510 Quemad-

2115 3354 2338 3427 δυνάμει
2367 3355 2460 3409 τοῦ
2489 3356 2663 3424 Λόγου
2693 3355 3004 3426 συνισχύετο
3033 3355 3107 3427 (ὅ)
3141 3356 3237 3409 καὶ
3274 3356 3336 3409 τὸ
3371 3355 3553 3426 σῶμα,
3582 3355 3688 3410 πά-

2115 3450 2198 3503 λιν
2234 3452 2498 3522 ἐπιχειρεῖ
2528 3450 2836 3521 παράνομω
2873 3450 2965 3504 καὶ
3001 3452 3126 3515 τοὺς
3166 3450 3265 3522 μὲν
3285 3449 3512 3522 δημίους
3540 3468 3683 3522 παρ-

2114 3539 2292 3608 οξύνει
2322 3543 2464 3595 κατά
2510 3540 2603 3595 τοῦ
2633 3543 2906 3613 Σωτῆρος,
2932 3540 3093 3606 αύτός
3119 3540 3175 3595 δὲ
3204 3540 3312 3594 τῶν
3340 3540 3587 3595 ἀκανθῶν
3609 3542 3685 3594 ετ-

2115 3650 2256 3703 χετο,
2279 3632 2520 3704 καὶπερὶ
2541 3632 2710 3697 αύτάς
2736 3633 2998 3698 ἐκυλίετο,
3023 3634 3251 3705 πρᾶγμα
3280 3632 3505 3703 πάσχων
3527 3634 3683 3686 ἐναν-

2114 3725 2245 3780 τίον.
2279 3726 2457 3796 Ἔχων
2494 3724 2602 3796 γὰρ
2635 3725 2805 3788 αὑτὰς
2833 3724 3100 3789 ἀπώλεσε,
3134 3726 3227 3778 καὶ
3258 3724 3410 3796 ᾠήθη
3439 3722 3513 3794 μὴ
3543 3722 3683 3794 ἔχων

2112 3817 2367 3873 δύνασθαι
2401 3817 2582 3870 λαϐεῖν
2611 3816 2809 3881 αύτάςο
2840 3816 2952 3870 ἀλλ’
2982 3817 3042 3869 οὐ
3077 3816 3337 3888 πρότερον
3371 3815 3610 3888 εἴληφεν,
3632 3818 3680 3869 εί

2117 3908 2190 3982 μὴ
2238 3910 2338 3980 τὴν
2388 3909 2508 3963 καθ’
2556 3909 2713 3980 ήμῶν
2769 3909 2826 3963 ἐν
2870 3908 3059 3971 αὐταῖς
3115 3908 3374 3978 κειμένην
3436 3908 3678 3979 κατάραν

2112 3999 2397 4066 ἐκούφισεν
2419 3999 2448 4050 6
2480 3999 2690 4069 Σωτήρ.
2721 3997 3097 4059 Βαστάσαντος
3122 3996 3197 4066 (4)
3217 3995 3325 4067 γάρ
3352 3994 3445 4048 τοῦ
3477 3996 3679 4068 Κυρίου

2111 4088 2331 4158 ταύτην,
2368 4089 2526 4142 πάλιν
2559 4088 2715 4141 ἔλαϐε
2744 4088 2842 4154 τὰς
2876 4085 3120 4151 ἀκάνθας
3148 4087 3241 4140 καὶ
3266 4085 3364 4159 τὴν
3390 4085 3637 4158 χλαμύδα
3661 4106 3673 4118 ·

2110 4181 2209 4233 οὐκ
2232 4180 2310 4232 ἔτι
2346 4179 2443 4250 μὲν
2480 4179 2732 4250 ἰσχύοντα
2760 4179 2880 4233 καθ’
2911 4177 3085 4249 ἡμῶν,
3124 4177 3343 4231 ἐκείνων
3371 4177 3428 4231 δὲ
3448 4179 3547 4249 τὴν
3578 4195 3676 4231 πο-

2111 4270 2300 4342 νηρίαν
2329 4269 2637 4339 ἐλέγχοντα.
2671 4268 2784 4323 Νῦν
2819 4268 2916 4341 μὲν
2946 4268 3052 4340 γὰρ
3084 4267 3245 4333 αὐτὸς
3287 4268 3315 4320 6
3344 4266 3583 4330 διάϐολος
3620 4268 3677 4320 ἐν

2113 4361 2211 4430 μὲν
2240 4363 2359 4425 ταῖς
2381 4360 2641 4424 ἀκάνθαις
2669 4359 2744 4425 ῶς
2769 4361 2826 4417 ἐν
2848 4362 3093 4433 κέντροις
3120 4360 3235 4414 ἐστὶ
3259 4359 3530 4423 λακτίζων
3555 4359 3676 4413 καθ’

2110 4449 2284 4520 ἡμῶν.
2309 4449 2539 4519 Λέγεται
2560 4449 2617 4503 δὲ
2647 4450 2797 4522 αὐτῷ
2820 4452 3063 4523 περὶτῆς
3092 4451 3346 4522 κοκκίνης
3374 4450 3640 4522 χλαμύδος
3657 4466 3672 4480 ·

442 4523 661 4578 modum
693 4525 1078 4583 vestimentum
1129 4531 1395 4602 sanguine
1453 4549 1814 4605 conspersum
1850 4554 2007 4594 mun-

2125 4542 2168 4593 ἰν
2214 4541 2411 4613 τρόπον
2450 4542 2664 4612 ἱμάτιον
2695 4542 2752 4595 ἐν
2801 4542 2995 4613 αἵματι
3038 4542 3380 4613 πεφυρμένον
3421 4542 3521 4595 οὐκ
3561 4541 3674 4594 ἐστι

441 4614 572 4670 dum
606 4633 713 4671 non
759 4627 876 4685 est;
906 4620 979 4674 ita
1011 4637 1188 4693 neque
1217 4632 1275 4678 tu
1306 4626 1543 4683 mundus
1570 4628 1703 4694 eris,
1735 4630 1865 4701 quia
1892 4641 2004 4687 ter-

439 4722 558 4761 ram
582 4724 755 4765 meam
778 4712 1088 4781 perdidisti,
1115 4716 1485 4788 populumque
1515 4736 1693 4776 meum
1730 4724 1999 4781 occidisti.

514 4798 602 4853 l8.
647 4798 1011 4866 Quamobrem
1035 4803 1148 4871 jam
1164 4805 1453 4861 carnifices
1485 4809 1770 4866 concitans
1798 4812 1851 4865 in
1882 4812 2003 4867 Sal-

440 4896 706 4956 vatorcm,
737 4892 1038 4948 calcitravit
1065 4895 1122 4948 in
1149 4895 1325 4965 spinis
1355 4898 1511 4968 quasi
1539 4900 1598 4960 in
1624 4901 1881 4966 stimulis,
1906 4919 2003 4974 p0-

442 4983 553 5038 tius
594 4983 711 5054 ipse
748 4999 1066 5055 percussus,
1095 5002 1260 5058 quam
1315 4999 1645 5059 percuteret.
1678 4993 1827 5059 Quos
1861 4996 2003 5051 enim

443 5073 558 5144 ipse
583 5078 875 5133 commovit
897 5080 951 5134 in
976 5079 1333 5146 Salvatorem,
1363 5081 1527 5137 iidem
1546 5083 1807 5141 adversus
1827 5088 2002 5158 ipsum

442 5181 592 5221 arma
617 5171 924 5228 sumebant.
956 5171 1192 5245 Accepta
1221 5174 1422 5246 quippe
1462 5190 1492 5229 a
1528 5175 1811 5233 Salvatore
1838 5193 2005 5234 arun-

438 5252 590 5322 dinc,
618 5261 722 5313 rati
757 5279 814 5318 sc
856 5263 1008 5317 illum
1060 5272 1367 5335 percutere,
1415 5268 1796 5337 cecutiebant,
1844 5279 2005 5344 atque

510 5439 555 5470 “
598 5438 615 5491 l
646 5439 778 5512 Reg.
812 5457 960 5508 xvu,
994 5445 1083 5500 5t.
1160 5449 1206 5481 ⁶¹¹
1248 5444 1435 5504 Matth.
1473 5466 1636 5517 xxvt,
1669 5451 1760 5506 41.

480 5590 755 5675 ,(ι).Κατξ
783 5595 1023 5675 ἐκείνου,
1044 5598 1288 5675 dc_est__in_
1310 5602 1521 5675 Anglic.
1563 5603 1720 5675 cujus
1751 5604 1871 5659 loco
1894 5603 2001 5660 Rc-

440 5663 562 5730 gius
593 5663 773 5744 habet,
806 5667 1149 5744 ἕατῖαύτοῦ.
1182 5663 1425 5733 Ibidem:
1449 5663 1649 5744 Regius
1681 5676 1850 5736 solus,
1900 5691 1998 5727 γε’.-

437 5733 777 5820 τασκευάσει.
806 5735 946 5790 Editi
976 5752 1103 5791 vero
1127 5746 1179 5792 et
1208 5745 1386 5797 caeteri
1441 5733 1802 5814 nauuscripti,
1837 5733 2001 5797 κατα-

441 5822 695 5877 σκευασῃ.

2111 4631 2368 4704 καθαρὸν,
2401 4632 2572 4697 οὓτως
2607 4631 2728 4687 ούδέ
2756 4634 2821 4687 σὺ
2858 4634 2956 4707 ἔσῃ
3002 4633 3258 4703 καθαρὸς,
3284 4633 3415 4688 διότι
3442 4633 3539 4705 τὴν
3573 4634 3675 4711 γῆν

2114 4741 2213 4794 μου
2248 4724 2553 4789 ἀπώλεσας,
2585 4725 2677 4778 καὶ
2707 4725 2798 4778 τὸν
2828 4724 2955 4779 λαόν
2989 4742 3090 4796 μου
3122 4724 3464 4789 ἀπέκτεινας.

2185 4814 2269 4871 18.
2311 4816 2409 4870 Διά
2439 4804 2598 4869 τοῦτο
2629 4816 2723 4870 καὶ
2769 4814 2884 4882 νῦν,
2917 4814 3082 4869 κινῶν
3116 4819 3242 4878 τοὺς
3272 4814 3497 4887 δημίους
3536 4813 3675 4867 κατὰ

2108 4907 2201 4961 τοῦ
2235 4908 2506 4981 Σωτῆρος,
2539 4905 2817 4971 ἐλάκτιζεν
2860 4908 2936 4971 ὡς
2981 4908 3038 4960 ἐν
3078 4907 3322 4984 κέντροις
3358 4909 3475 4969 ταῖς
3512 4905 3677 4959 ἀκάν-

2107 5002 2256 5064 θαις,
2303 5000 2396 5053 καὶ
2443 4999 2638 5070 μᾶλλον
2687 4998 2977 5068 ἐπλήττετο
3018 4996 3050 5068 ἦ
3091 4996 3368 5068 ἐπληττεν.
3419 4993 3526 5058 Οὓς
3567 4993 3677 5075 γὰρ

2107 5091 2273 5144 ἐκίνει
2322 5091 2462 5144 κατὰ
2504 5089 2597 5143 τοῦ
2644 5089 2911 5159 Σωτῆρος,
2959 5082 3101 5142 οὗτοι
3145 5088 3264 5141 κατ’
3296 5083 3460 5139 αὐτοῦ
3507 5082 3675 5135 ὡπλί-

2108 5181 2280 5246 ζοντο.
2323 5182 2701 5253 Λαμϐάνοντες
2729 5180 2837 5251 γὰρ
2862 5180 2955 5233 τὸν
2984 5180 3229 5253 κάλαμον
3264 5175 3411 5247 παρὰ
3437 5174 3531 5229 τοῦ
3562 5174 3675 5227 Κυ-

2112 5275 2227 5344 ρίου
2250 5315 2263 5338 ,
2298 5276 2392 5328 καὶ
2420 5273 2728 5344 νομίζοντες
2750 5271 2913 5326 αὑτὸν
2937 5272 3184 5336 τύπτειν,
3215 5262 3674 5339 ἐτύφλωττονβδν

2289 5605 2413 5689 ,ξεκτ
2449 5605 2680 5689 deest‘in
2711 5603 2899 5689 ﬁegio.
3184 5673 3196 5689 ο

2178 5676 2254 5745 (5)
2289 5674 2485 5744 llegins
2513 5685 2567 5729 et
2589 5676 2941 5744 Anglicanus,
2978 5674 3273 5745 συνισχύει.

2178 5691 2254 5745 (ο)
2289 5691 2485 5744 negms
2513 5691 2567 5729 et
2589 5691 2941 5744 Anglicanus,
2978 5691 3096 5726 συνι
3171 5691 3273 5727 υει.

2178 5745 2253 5816 (ό)
2286 5746 2512 5812 Quidam
2542 5745 2916 5815 manuscripti,
2961 5691 3338 5814 βαστέἔαντος.
