3958 6492
192 392 302 447 217

1219 387 1306 443 DE
1344 385 1680 445 PASSIONE
1717 384 1804 442 ET
1841 385 2080 444 CRUCE-
2111 387 2372 444 DOMINI.

3315 389 3422 446 218

195 514 495 584 κινήσαντα
527 509 729 574 αὐτοὺς
767 509 1013 566 διάϐολον
1039 510 1329 575 κόπτοντες
1367 512 1424 566 ὲν
1453 513 1571 574 ταῖς
1600 509 1768 564 ἀκάν-

1875 511 2056 580 ipsum
2089 525 2149 566 se
2188 509 2553 564 concitantem
2596 507 2870 563 diabolum
2922 507 2978 562 in
3035 508 3207 578 spinis
3252 509 3424 564 caade-

195 603 340 663 θαις.
374 598 484 652 Kal
512 597 703 668 ὥσπερ
734 597 802 651 τὰ
841 598 990 668 ἔθνη,
1033 598 1307 652 ἀναϐάντα
1349 598 1488 652 κατὰ
1536 599 1635 669 τῆς
1671 598 1768 652 Ἰε-

197 690 500 764 ρουσαλὴμ,
528 690 758 743 ἔκοπτον
790 689 1049 760 ἀλλήλους
1075 692 1132 742 ὲν
1159 692 1223 760 τῇ
1247 689 1452 743 κοιλάδι
1484 688 1768 758 Ἰωσαφὰτ,

197 784 292 836 καὶ
326 781 400 844 ὡς
428 782 478 832 οἱ
507 779 796 844 διώκοντες
827 781 919 834 τὸν
963 781 1194 852 Ἰσραὴλ,
1231 781 1472 843 ἐλθόντες
1502 780 1649 852 παρὰ
1672 779 1771 844 τὰς

193 873 393 944 ὄχθας,
431 871 683 942 ἀλλήλοις
730 871 1154 936 συνεπλέκοντο,
1205 873 1298 925 καὶ
1333 871 1592 941 ἀλλήλους
1637 887 1769 924 κατ-

194 963 498 1032 ελάμϐανον
517 978 532 992 ο
564 961 738 1025 οὕτως
765 963 858 1015 καὶ
887 961 981 1016 νῦν
1016 963 1066 1016 οἱ
1103 963 1386 1026 διώκοντες
1421 962 1512 1016 τὸν
1545 961 1768 1033 Κύριον,

195 1053 459 1124 ἀλλήλους
491 1053 722 1106 ἔκοπτον
761 1053 1102 1122 ἀγνοοῦντες,
1136 1054 1461 1124 βλάπτοντες
1485 1053 1582 1122 μὲν
1611 1051 1770 1106 αὐτὸν

198 1145 276 1213 (5)
309 1143 478 1205 οὐδὲν,
511 1144 738 1207 ἑαυτοὺς
759 1143 816 1196 δὲ
848 1143 1044 1214 μᾶλλον
1073 1143 1405 1208 ἀδικοῦντες.
1431 1144 1640 1214 ’Ὠσπερ
1663 1141 1772 1214 γὰρ

198 1237 291 1288 ἐὰν
326 1235 533 1305 πέτραν
564 1237 630 1304 τῇ
665 1234 820 1305 χειρὶ,
839 1234 1058 1287 κόπτειν
1101 1233 1242 1288 θέλοι
1269 1252 1373 1298 τις,
1405 1235 1505 1308 τὴν
1537 1235 1635 1305 μὲν
1671 1233 1769 1286 πέ-

198 1345 330 1398 τραν
350 1327 410 1379 οὐ
439 1326 650 1396 τέμνει,
685 1325 782 1397 τὴν
810 1326 865 1378 δὲ
886 1329 1043 1397 χεῖρα
1062 1326 1420 1399 τραυματίζει
1436 1345 1449 1358 ο
1473 1326 1658 1380 τοῦτον
1681 1325 1771 1378 τὸν

196 1419 394 1490 τρόπον
423 1418 520 1470 καὶ
548 1419 594 1470 οἱ
621 1417 760 1470 κατὰ
793 1416 887 1470 τοῦ
917 1417 1121 1488 Κυρίου
1153 1417 1502 1488 πράττοντες,
1529 1417 1604 1480 ὡς
1634 1416 1773 1470 κατὰ

196 1508 471 1579 ἀφθάρτου
499 1507 828 1574 τολμῶντες,
849 1507 1234 1579 διεφθείροντο,
1268 1506 1360 1560 καὶ
1383 1506 1457 1571 ὡς
1482 1506 1625 1561 κατὰ
1648 1505 1774 1560 ἀθα-

198 1601 352 1652 νάτου
377 1596 800 1667 ἐπιχειροῦντες,
834 1597 991 1650 αὐτοὶ
1033 1597 1230 1668 μᾶλλον
1263 1597 1624 1668 ἀπέθνησκον.
1663 1599 1772 1650 Kal

197 1689 255 1740 τό
272 1705 332 1756 γε
352 1687 649 1759 χείριστον,
674 1686 754 1739 ὅτι
779 1686 869 1739 διὰ
892 1685 998 1739 τῶν
1021 1684 1188 1739 αὐτοῦ
1215 1685 1386 1756 μελῶν
1410 1685 1643 1756 ἔπασχεν
1661 1686 1737 1757 ((5)
1753 1702 1767 1716 ⁸

200 1781 226 1832 ὂ
264 1780 498 1851 μάλιστα
522 1779 714 1848 γέγονε
741 1778 820 1849 τῷ
857 1779 1148 1851 πανούργῳ
1174 1781 1308 1854 πρὸς
1331 1781 1540 1834 τελείαν
1580 1780 1769 1851 αἰσχύ-

1869 600 2018 655 bant.
2049 600 2127 655 Ac
2153 600 2316 654 veluti
2335 607 2522 669 gentes
2544 612 2664 667 qua:
2690 604 2878 651 contra
2904 594 3202 651 Jerusalem
3234 611 3424 652 ascen-

1870 690 2084 753 derant,
2119 707 2178 746 se
2211 698 2428 744 'mutuo
2480 689 2759 743 caedebant
2797 689 2851 742 in
2887 688 3024 741 valle
3063 685 3342 756 Josaphat,
3371 695 3426 743 et

1870 784 1964 854 qui
2008 784 2472 854 persequebantur
2530 781 2801 847 Israelem,
2836 781 2901 834 ad
2959 795 3084 836 oras
3126 780 3423 850 progressi,

1871 876 1927 931 in
1959 891 2018 931 se
2070 882 2261 929 mutuo
2309 873 2479 944 ignari
2520 871 3030 942 congrediebantur,
3074 885 3195 926 sese
3236 878 3426 926 mutuo

1870 967 2195 1039 capiebant;
2233 965 2312 1020 sic
2340 965 2452 1032 jam
2477 964 2569 1033 qui
2601 963 2887 1017 Dominum
2938 961 3422 1032 persequebantur,

1869 1075 1931 1115 se
1957 1059 2131 1128 ignari
2161 1057 2462 1117 credebant,
2494 1055 2632 1110 nihil
2691 1055 2892 1124 ipsum,
2937 1051 3032 1107 sed
3079 1067 3200 1107 sese
3248 1052 3426 1122 potius

1869 1150 2147 1206 laedentes.
2177 1147 2639 1214 Quemadmodum
2697 1146 2838 1200 enim
2901 1145 2948 1200 si
2977 1144 3100 1215 quis
3137 1158 3299 1198 manu
3334 1159 3428 1213 pe-

1867 1251 2005 1298 tram
2038 1248 2320 1312 percutere
2348 1239 2498 1302 velit,
2531 1246 2737 1310 petram
2765 1239 2982 1308 quidem
3036 1253 3146 1292 non
3202 1237 3425 1302 scindit,

1869 1333 1963 1388 sed
1991 1348 2208 1386 manum
2237 1330 2509 1396 vulnerat,
2535 1331 2724 1386 eodem
2773 1330 2934 1384 modo
2977 1332 3068 1400 qui
3103 1339 3292 1385 contra
3321 1328 3424 1384 Do.

1870 1424 2076 1478 minum
2130 1423 2398 1494 agebant,
2459 1429 2649 1493 utpote
2695 1432 2883 1475 contra
2960 1421 3427 1491 incorruptibilem

1870 1512 2012 1576 ausi,
2049 1511 2104 1565 in
2129 1511 2423 1582 perniciem
2456 1509 2612 1565 ibant
2649 1528 2661 1564 :
2691 1517 2745 1563 et
2769 1504 2862 1579 qui
2911 1516 3098 1563 contra
3149 1510 3428 1564 immorta-

1868 1603 1973 1657 lem
2005 1586 2214 1657 certare
2243 1603 2535 1668 audebant,
2569 1608 2801 1658 mortem
2825 1601 2925 1671 ipsi
2958 1600 3060 1655 sibi
3089 1599 3424 1657 conscivere.

1870 1693 2134 1763 Quodque
2169 1693 2463 1762 pessimum
2503 1699 2641 1756 erat,
2665 1707 2696 1744 a
2727 1693 2842 1747 suis
2889 1692 3006 1760 ipse
3043 1689 3299 1745 membris
3339 1690 3430 1744 lte-

1871 1784 2318 1854 debaturzquod
2380 1783 2762 1840 versutissimo
2821 1781 2898 1835 illi
2961 1795 3174 1836 summo
3235 1779 3428 1850 pudori

350 1846 545 1935 'Olwc
576 1846 675 1941 μὲν
715 1846 824 1942 γὰρ
869 1871 974 1924 ύπὺ
1011 1846 1349 1942 τ-ούνΚύρίου
1383 1846 1768 1946 πληττόμενος,

1877 1875 1998 1930 fuit.
2054 1846 2207 1929 Nam-
2249 1874 2297 1930 si
2339 1890 2371 1929 a
2417 1873 2647 1928 Domino
2685 1872 3025 1942 vapulasset,
3081 1846 3294 1941 poterat
3344 1870 3429 1924 vel

200 1966 420 2034 ἠδύνατο
453 1962 802 2034 καυχᾶσθαι·
849 1962 938 2014 ὅτε
976 1961 1034 2014 δὲ
1067 1963 1158 2031 ὑφ’
1187 1955 1264 2015 ὧν
1294 1962 1622 2028 ὲδουλεύετο,
1669 1965 1774 2016 ὑπὸ

200 2055 396 2109 τούτων
431 2056 720 2118 κόπτεται,
766 2054 925 2108 τοῦτο
955 2056 1133 2108 πᾶσαν
1169 2054 1429 2126 αἰσχύνην
1475 2056 1766 2128 ὑπερῆρεν.

214 2146 345 2199 Ἀλλ’
376 2147 478 2199 οὐκ
505 2147 732 2200 ἐκείνων
768 2149 801 2218 ἡ
836 2146 1016 2217 πληγὴ
1047 2145 1135 2199 τὸν
1159 2145 1279 2214 ὅφιν
1306 2147 1516 2217 ἀναιρεί
1542 2163 1554 2178 ·
1577 2149 1636 2200 ού
1664 2149 1772 2220 γὰρ

199 2237 442 2290 τοσοῦτον
482 2236 747 2306 ⁴ίςδύναντο
792 2235 1067 2307 ἄνθρωποι
1099 2235 1190 2289 καὶ
1226 2235 1405 2307 δήμιοι
1438 2235 1618 2299 ὄντες·
1659 2235 1772 2289 ἀλλ’

201 2330 379 2383 ἐλύπει
425 2329 526 2400 μὲν
572 2329 736 2382 αὑτὸν
769 2331 802 2400 ἡ
835 2327 991 2399 ὕϐρις
1035 2329 1068 2398 ἡ
1128 2329 1278 2400 παρὰ
1328 2327 1437 2381 τῶν
1508 2327 1772 2382 Ἰουδαίων

202 2421 338 2492 αὑτῷ
364 2420 627 2491 γινομένη
659 2420 768 2483 (7)·
811 2416 1174 2492 ὲτραυμόιτιζε
1202 2419 1258 2471 δὲ
1282 2420 1380 2488 οὐχ
1480 2418 1628 2489 παρὰ
1652 2417 1774 2470 τού-

201 2531 300 2565 των
344 2511 612 2582 γινομένη
666 2509 870 2582 πληγὴ,
922 2509 1035 2562 ἀλλ’
1085 2511 1113 2563 6
1167 2509 1369 2582 Κύριος
1423 2508 1498 2580 (8)
1545 2511 1572 2562 6
1623 2509 1772 2561 ἀντι-

203 2603 404 2674 κρούων
440 2605 510 2674 τῇ
542 2602 751 2654 τούτων
791 2601 996 2672 πληγῇ,
1031 2601 1126 2654 καὶ
1160 2603 1194 2671 ἡ
1237 2603 1301 2654 ὲκ
1332 2600 1428 2670 τῆς
1467 2599 1646 2671 χειρὸς
1679 2598 1770 2652 τοῦ

204 2692 443 2765 Σωτῆρος
497 2691 764 2762 γενομένη
820 2691 1048 2761 δύναμις
1100 2689 1178 2760 τῷ
1242 2690 1490 2760 καλάμῳ.
1550 2689 1661 2742 Kal
1715 2691 1772 2742 ὲν

203 2784 364 2851 τούτῳ
395 2783 509 2854 γὰρ
529 2784 556 2834 6
580 2781 782 2852 Κύριος
813 2779 1308 2851 σχηματισόῳενος,
1345 2781 1440 2833 καὶ
1469 2779 1535 2832 τὰ
1565 2777 1772 2850 ἀνθρὼ-

203 2892 321 2928 πινα
352 2873 814 2945 προϐαλλόμενος,
849 2872 1058 2942 ἐδέχετο
1091 2871 1181 2924 τὸν
1213 2870 1334 2939 ὅφιν
1360 2871 1418 2923 ὲν
1452 2873 1568 2935 ταῖς
1606 2870 1772 2923 ἀκάν-

205 2967 333 3030 θαις,
348 2967 443 3018 καὶ
469 2965 546 3028 ὡς
566 2964 851 3036 ἄνθρωπος
865 2962 1217 3032 τυπτόμενος,
1242 2960 1532 3033 συνεχώρει
1553 2961 1772 3015 τύπτειν

201 3063 281 3113 τὸν
306 3061 429 3128 ὅφιν
460 3060 575 3121 τοῖς
608 3057 821 3128 δημίοις
843 3072 856 3085 ⁸
892 3054 978 3106 ἵνα
1015 3057 1042 3107 6
1080 3055 1209 3107 ποτὲ
1252 3053 1664 3124 καυχησὰμενος
1693 3049 1770 3106 εἷ-

1873 1964 2275 2037 quodammodo
2305 1965 2524 2035 gloriari
2560 1981 2572 2017 :
2614 1977 2738 2017 cum
2770 1971 2950 2016 autem
3002 1961 3072 2015 ab
3113 1961 3181 2015 iis
3209 1976 3346 2030 quos
3375 1960 3430 2014 in

1873 2057 2190 2112 servitutem
2229 2054 2529 2124 redegerat,
2565 2053 2922 2124 percutiatur,
2975 2051 3078 2105 hoc
3137 2066 3298 2106 omne
3329 2051 3430 2106 de-

1873 2147 2040 2201 decus
2069 2145 2420 2200 transcendit.
2472 2145 2725 2201 Attamea
2768 2159 2878 2198 non
2919 2158 3107 2198 eorum
3144 2143 3254 2198 ictu
3305 2158 3426 2205 ser-

1873 2253 2006 2308 pens
2034 2235 2340 2292 occiditur:
2375 2252 2549 2307 neque
2583 2244 2789 2292 tantum
2815 2244 3039 2306 potuere
3068 2235 3144 2288 illi
3181 2235 3431 2291 homines

1873 2327 2282 2398 carniﬁcesque.
2329 2325 2435 2382 Sed
2487 2328 2708 2382 maerori
2757 2334 2876 2382 erat
2919 2325 3246 2381 contumelia
3283 2324 3430 2379 aJu-

1873 2422 2004 2477 daais
2034 2420 2136 2475 sibi
2164 2420 2310 2475 illata
2341 2439 2353 2475 :
2385 2405 2688 2474 vulneravit
2725 2426 2905 2473 tamen
2938 2417 3086 2472 illum
3112 2432 3217 2471 non
3239 2431 3429 2472 eorum

1873 2513 2189 2584 percussio;
2226 2511 2318 2566 sed
2353 2509 2620 2566 Dominus
2650 2510 2743 2580 qui
2774 2510 2989 2564 illorum
3019 2509 3427 2580 percussionem

1871 2602 2244 2674 propulsabat,
2279 2615 2492 2655 necnon
2527 2613 2590 2654 ea
2619 2599 2796 2654 virtus
2825 2614 2945 2668 quat
2964 2614 3030 2653 ex
3059 2613 3222 2651 manu
3243 2596 3432 2650 Salva-

1872 2695 2008 2750 toris
2039 2695 2092 2748 in
2123 2693 2442 2748 arundinem
2475 2691 2789 2761 permeavit.
2823 2690 2956 2745 Nam
3005 2691 3060 2744 in
3085 2691 3188 2744 hoc
3216 2703 3434 2760 quoque

1880 2786 2120 2840 humana
2153 2783 2446 2854 praeferens
2493 2781 2752 2837 Dominus
2780 2783 3168 2851 objiciensque.
3205 2795 3431 2850 serpen-

1870 2885 1977 2931 tem
2010 2878 2062 2930 in
2101 2876 2272 2946 spinis
2301 2875 2530 2944 excepit,
2567 2881 2622 2928 et
2675 2875 2831 2943 quasi
2888 2873 3050 2927 homo
3083 2873 3422 2934 verberatus,

1872 2975 2178 3037 serpentem
2236 2965 2508 3020 concessit
2553 2979 2584 3017 a
2636 2964 2984 3018 carniﬁcibus
3009 2964 3285 3020 verberari
3321 2981 3334 3018 :
3368 2975 3432 3017 ut

1872 3058 1964 3129 qui
1995 3073 2054 3114 se
2080 3057 2208 3111 olim
2250 3055 2416 3111 Deum
2465 3071 2588 3110 esse
2627 3055 2977 3126 gloriabatur,
3008 3063 3062 3110 et
3119 3069 3241 3110 sese
3269 3055 3426 3125 jacti-

203 3171 281 3206 vat
303 3153 455 3215 Θεὸς,
479 3153 576 3204 xal
597 3149 1012 3220 καυχησάμενος
1038 3147 1113 3210 ὡς
1140 3147 1228 3199 τὸν
1259 3146 1461 3218 Κύριον
1487 3146 1768 3217 πειράσας,

1875 3149 2026 3204 tabat
2059 3147 2202 3218 quod
2231 3145 2516 3202 Dominum
2545 3153 2828 3209 tentasset,
2861 3160 2892 3199 a
2953 3145 3300 3202 carniﬁcibus
3336 3161 3432 3200 va-

205 3242 297 3295 ὑπὸ
331 3240 546 3311 δημίων
578 3237 943 3308 τυπτόμενος,
978 3235 1187 3288 τελείαν
1227 3234 1324 3306 τὴν
1363 3235 1623 3305 αίσχύνην
1663 3237 1770 3289 ἁπ-

206 3337 512 3406 ενέγκηται.

266 3431 346 3485 l9.
402 3427 694 3481 Ἀπέϐαινε
725 3426 783 3479 δὲ
817 3425 963 3496 αὑτῷ
995 3423 1167 3478 ταῦτα
1207 3422 1302 3476 καὶ
1333 3420 1483 3493 παρὰ
1524 3418 1768 3490 γνώμην,

203 3515 266 3574 ὧν
314 3520 589 3573 ἐϐούλετο.
663 3517 930 3588 Ἐνεργῶν
982 3516 1091 3585 γὰρ
1159 3516 1216 3567 ὲν
1279 3515 1391 3575 τοῖς
1466 3510 1770 3565 καταϐοῶσι

205 3610 281 3663 τοῦ
322 3610 601 3680 Συτῆρος,
646 3607 831 3676 ἠγνόει
873 3607 967 3676 τὴν
1017 3603 1227 3676 σιωπὴν
1273 3603 1606 3671 ἀντεισάγων
1648 3602 1769 3656 καθ’

205 3700 379 3754 ἑαυτοῦ
415 3717 433 3732 ⁸
506 3697 825 3771 παροξύνων
901 3697 1164 3759 Πιλᾶτον,
1235 3695 1335 3747 οὐκ
1413 3693 1528 3764 ᾔδει
1607 3709 1772 3745 κατα-

207 3792 474 3854 σκευάζων
501 3792 625 3844 ἀντὶ
656 3788 853 3851 δειλίας
878 3789 976 3858 τὴν
1007 3787 1256 3856 ἀφοϐίανο
1283 3785 1446 3838 κινῶν
1478 3783 1770 3838 τύπτεσθαι

204 3883 280 3937 τὸν
337 3883 549 3954 Κύριον
575 3920 589 3943 ,
654 3880 918 3933 ἐπλανᾶτο
982 3876 1335 3947 δεικνυμένης
1402 3873 1765 3938 ἀνεξικακίας.

205 3977 297 4029 Καὶ
345 3975 502 4036 τέλος
571 3970 917 4042 ἐμπαροινῶν
981 3968 1120 4022 κατὰ
1183 3967 1276 4021 τοῦ
1321 3966 1604 4038 Σωτῆρος,
1673 3966 1770 4018 οὐκ

208 4069 413 4121 ἔϐλεπεν
440 4065 644 4136 ἀρετὴν
686 4063 827 4118 κατὰ
858 4061 1056 4123 κακίας
1085 4059 1451 4124 καθοπλίςων·
1487 4056 1631 4128 πασῃ
1662 4057 1768 4129 γὰρ

209 4159 353 4228 κακία
400 4157 498 4209 καὶ
540 4153 770 4224 πονηρίᾳ
805 4153 983 4223 χαίρει
1005 4153 1033 4203 6
1060 4149 1251 4220 ἐχθρός
1271 4166 1284 4179 ·
1333 4149 1425 4201 καὶ
1452 4148 1506 4201 εί
1524 4166 1576 4201 τι
1604 4147 1768 4202 κακόν

209 4251 322 4309 ἐστι,
356 4245 522 4298 τοῦτο
550 4242 850 4296 διαϐολικόν
878 4245 1024 4294 ἐστιν
1059 4241 1219 4293 ὅπλον
1239 4256 1252 4269 ο
1285 4237 1316 4309 ἥ
1347 4237 1454 4308 γὰρ
1478 4237 1644 4307 δειλία
1676 4236 1770 4290 θα-

208 4340 369 4402 νᾶτου,
413 4337 448 4405 ἢ
485 4335 576 4389 διὰ
599 4335 660 4387 τὸ
686 4333 994 4404 ἀμύνασθαι
1026 4333 1261 4393 πάντως,
1295 4330 1629 4402 ἁμαρτάνειν
1653 4330 1770 4382 πεί-

211 4424 294 4477 θει.
325 4423 495 4476 Ὅθεν
529 4423 558 4472 6
588 4421 792 4492 Κύριος
821 4420 1080 4490 ὑπέμεινε
1123 4419 1299 4471 πάντα
1322 4436 1334 4447 ·
1371 4420 1454 4471 ἵνα
1483 4420 1541 4472 ὲν
1577 4418 1674 4489 μὲν
1701 4419 1766 4489 τῇ

1873 3243 2069 3312 putans
2097 3255 2369 3296 summum
2395 3240 2519 3294 inde
2550 3237 2787 3293 dedecus
2815 3236 3074 3294 auferret.

1940 3423 2026 3477 l9.
2059 3420 2183 3478 Hac
2214 3435 2376 3493 porro
2405 3419 2506 3492 ipsi
2539 3428 2734 3491 praeter
2766 3421 3092 3477 sententiam
3121 3428 3178 3476 et
3232 3419 3428 3476 volun-

1872 3520 2038 3568 tatem
2073 3513 2336 3583 obtigere.
2377 3510 2512 3564 Nam
2541 3511 2670 3564 dum
2694 3511 2909 3565 turbam
2941 3518 3181 3566 moveret
3223 3509 3289 3563 ad
3317 3508 3431 3564 cla-

1869 3605 2128 3659 mandum
2179 3610 2367 3658 contra
2416 3602 2774 3665 Salvatorem,
2828 3602 3112 3672 ignorabat
3161 3616 3220 3656 se
3261 3601 3430 3656 silen-

1871 3695 2003 3748 tium
2047 3693 2150 3748 sibi
2185 3693 2408 3746 noxium
2465 3693 2725 3746 inducere
2755 3711 2768 3745 :
2796 3691 2923 3746 dum
2966 3691 3196 3746 Pilatum
3243 3691 3427 3745 conci-

1871 3793 2028 3847 taret,
2071 3784 2347 3838 nesciebat
2407 3798 2466 3837 se
2535 3799 2634 3853 pro
2713 3782 3002 3836 formidine
3058 3782 3426 3836 constantiam

1871 3877 2150 3945 animique
2208 3875 2518 3928 ﬁrmitatem
2581 3873 2789 3928 efficere
2827 3889 2840 3924 :
2872 3873 3001 3927 dum
3056 3873 3307 3927 incitaret
3357 3871 3426 3926 ad

1868 3966 2264 4023 verberandum
2303 3964 2662 4027 Salvatorem,
2696 3965 2924 4018 multum
2953 3979 2982 4017 a
3012 3977 3178 4033 scopo
3207 3963 3428 4019 aberra-

1867 4060 1981 4122 bat,
2017 4073 2140 4111 cum
2177 4057 2302 4110 hinc
2326 4055 2446 4124 ejus
2470 4055 2754 4110 clementia
2803 4055 3202 4126 tolerantiaque
3247 4055 3425 4125 palam

1870 4149 1974 4218 '73
2005 4148 2172 4201 ﬁeret.
2201 4146 2425 4202 Demum
2456 4147 2584 4201 dum
2614 4147 2669 4200 in
2695 4145 3030 4201 Salvatorem
3065 4146 3430 4202 debacchareo

1867 4246 1980 4301 tur,
2005 4251 2114 4291 non
2144 4235 2478 4299 advertebat,
2515 4234 2770 4290 virtutem
2802 4250 2861 4288 se
2890 4241 3079 4288 contra
3109 4231 3429 4302 improbita-

1868 4337 1974 4384 tem
2005 4329 2175 4384 armis
2209 4327 2482 4382 instruere
2510 4345 2524 4381 :
2560 4326 2813 4380 inimicus
2847 4340 3078 4394 namque
3108 4325 3254 4379 omni
3291 4338 3426 4394 gau-

1867 4421 1957 4474 det
1991 4421 2271 4474 malitia'et
2302 4419 2668 4490 improbitate.
2695 4417 2750 4472 Si
2775 4418 2902 4488 quid
2937 4417 3082 4471 enim
3113 4415 3314 4470 malum
3344 4430 3430 4470 re-

210 4514 360 4585 ῖειλίᾳ
393 4514 496 4582 τὴν
547 4513 829 4582 ἀνδρείαν,
874 4515 939 4582 τῇ
988 4511 1043 4563 δὲ
1085 4511 1236 4581 ὕϐρει
1272 4511 1368 4581 τὴν
1403 4511 1767 4576 ἀνεξικακίαν,

1872 4515 2137 4582 periatur,
2170 4511 2301 4565 illud
2335 4512 2660 4566 diabolicum
2690 4519 2772 4564 est
2795 4511 2958 4565 telum
2995 4528 3008 4562 :
3041 4523 3165 4562 nam
3195 4516 3290 4562 aut
3318 4507 3431 4562 for-

210 4604 272 4674 τῷ
299 4605 352 4657 δὲ
381 4603 545 4673 θυμῷ
569 4605 668 4673 τὴν
702 4603 1011 4673 πραότητα,
1042 4604 1135 4655 xal
1164 4604 1254 4655 ἐπὶ
1285 4605 1444 4656 πᾶσιν
1473 4603 1546 4672 (9)
1567 4603 1764 4673 ἀρετὴν

210 4695 332 4748 κατὰ
354 4695 459 4763 τῆς
480 4695 679 4756 κακίας
702 4693 1034 4747 ἀντικεῖσθαι
1058 4694 1260 4764 διδάξῃ.
1291 4695 1399 4746 Kal
1425 4693 1638 4764 πρῶτον
1667 4693 1764 4763 μὲν

211 4787 438 4840 ἐδίδασκε
480 4785 558 4855 τῷ
589 4785 842 4838 τύπτοντι
885 4787 964 4848 είς
1009 4786 1106 4855 τὴν
1139 4785 1360 4853 σιαγόνα
1391 4785 1638 4856 στρέφειν
1671 4785 1765 4837 καὶ

210 4877 291 4948 τὴν
324 4877 513 4947 ἄλλην·
540 4877 653 4929 καί’
691 4895 708 4928 ι
747 4876 839 4948 Μὴ
877 4876 1127 4946 φοϐεῖσθε
1149 4876 1395 4929 ἀπὺ’τῶν
1425 4876 1768 4930 ἀποκτεινόν-

211 4984 302 5019 των
347 4967 406 5020 τὸ
434 4966 655 5036 σῶμα·›
695 4969 819 5020 καί·
879 4986 895 5018 ι
934 4967 1061 5019 Ἀπὸ
1085 4966 1179 5020 τοῦ
1208 4968 1452 5038 αἴροντος
1491 4967 1560 5020 τὰ
1593 4966 1659 5020 σὰ
1691 4967 1764 5039 μὴ

215 5056 415 5108 ἀπαίτει
438 5073 452 5085 °
503 5075 522 5108 ι
553 5056 646 5109 καί
671 5071 686 5085 ⁸
728 5076 746 5107 ‹
773 5057 1055 5126 Εὐλογεῖτε
1087 5059 1213 5124 τοὺς
1256 5059 1566 5124 διώκοντας.
1593 5080 1610 5113 ι
1652 5062 1768 5116 ’Ἰνα

212 5147 258 5200 δὲ
290 5149 360 5219 μὴ
392 5147 654 5212 ἀδύνατος
689 5150 722 5219 ἡ
749 5150 932 5222 ἐντολὴ
951 5152 1180 5224 νομισθῇ
1204 5153 1354 5224 παρά
1379 5171 1509 5221 τισι,
1537 5153 1624 5207 διὰ
1643 5154 1765 5209 τοῦ-

279 5433 352 5506 (ξὶ)
379 5433 572 5506 ᾼύτόν,
603 5434 754 5506 deest
779 5434 831 5506 in
855 5434 1066 5506 Anglic.

276 5504 346 5573 (6)
377 5503 600 5582 βοείας,
631 5504 722 5582 διὰ
765 5505 872 5582 τῷν
913 5503 1085 5582 quasi:
1113 5508 1289 5577 μελῶν
1335 5509 1584 5582 ἔπασχον.
1622 5511 1763 5566 Editi

217 5587 350 5649 vero,
376 5574 469 5649 διὰ
488 5574 598 5649 τῶν
637 5575 1030 5649 ἑαυτοῦ-μελῶν
1062 5574 1314 5649 ἔπασχεν.

368 5641 576 5742 Eegius
635 5641 876 5700 secunda
931 5662 1115 5710 manu,
1172 5641 1234 5719 ή”
1267 5651 1414 5722 παρὰ
1459 5651 1566 5704 τῶν
1619 5651 1762 5705 ἰδίων

217 5728 350 5852 “fg;
477 5755 681 5857 fit-gius
707 5802 864 5858 quem
886 5789 1185 5861 sequimur.
1214 5787 1354 5844 Editi
1382 5792 1579 5859 verum
1613 5789 1758 5860 παρὰ

1869 4606 2071 4660 midine
2126 4606 2338 4669 mortis,
2393 4612 2488 4659 aut
2537 4602 2868 4658 defensionis
2923 4616 3089 4657 causa
3147 4611 3428 4670 peccatum

1872 4695 2082 4751 suadet.
2119 4694 2298 4762 Quare
2329 4694 2588 4750 Dominus
2619 4695 2798 4748 omnia
2829 4695 3121 4758 sustinuit;
3150 4701 3208 4746 ut
3237 4692 3292 4746 in
3316 4692 3430 4746 for-

1871 4787 2075 4842 midine
2120 4787 2615 4850 fortitudinem;in
2667 4787 2991 4840 contumelia
3042 4783 3426 4850 tolerantiam;

1867 4880 1922 4935 in
1967 4880 2046 4933 ira
2089 4876 2844 4944 mansuetudinem;demum
2878 4877 2934 4931 in
2977 4876 3231 4930 omnibus
3256 4864 3428 4927 virtu-

1866 4981 1972 5027 tem
1995 4971 2128 5026 vitio
2151 4970 2526 5042 oppongudam
2559 4970 2796 5025 doceret.
2834 4969 2912 5023 Ac
2942 4969 3174 5038 primum
3204 4965 3426 5036 quidem

1865 5063 2124 5118 docuerat
2178 5063 2499 5132 percutienti
2564 5061 2840 5116 maxillam
2921 5060 3248 5114 ollerendam
3303 5071 3426 5111 esse

1865 5157 2027 5214 aliam
2072 5176 2086 5212 :
2130 5163 2203 5222 ct,
2253 5175 2271 5208 ι
2307 5154 2385 5210 Ne
2431 5157 2616 5212 timete
2656 5155 2725 5210 ab
2766 5154 2834 5210 iis
2879 5152 2973 5224 qui
3017 5149 3272 5205 occidunt
3300 5162 3427 5204 cor-

1867 5444 2070 5519 ⁸τούτων
2119 5445 2334 5519 πληγὴ,
2360 5447 2527 5518 ἀλλ’ἢ
2561 5449 2624 5502 ἐκ
2649 5446 2740 5500 τοῦ
2781 5442 3261 5519 Σωτῆροςε-ῐξοιιιο
3278 5451 3422 5519 post,

1867 5511 2070 5601 Regius
2087 5524 2162 5601 ὀί,
2181 5511 2677 5601 Anglicanusquos
2707 5511 3005 5601 sequimur,
3035 5516 3144 5570 Kal
3168 5517 3225 5568 ὲν
3251 5511 3424 5584 τούτῳ

1867 5586 2002 5657 γάρ.
2024 5584 2186 5657 Ἐξόίιί,
2218 5584 2327 5640 Καὶ
2351 5589 2407 5638 ἐν
2437 5584 2606 5657 τούτῳ
2631 5585 2744 5640 καί.

1938 5653 2012 5724 (9)
2048 5653 2268 5724 Regius,
2297 5657 2404 5709 Kal
2442 5659 2532 5710 ἐπὶ
2561 5653 2744 5711 πᾶσιν.
2771 5655 2932 5722 Editi,
2968 5657 3060 5712 καὶ
3089 5657 3180 5711 ἐπι
3216 5655 3446 5715 πᾶσαν..

1869 5723 2013 5791 Mox,
2041 5724 2555 5821 Ιίθεὶιι8,.πρότερον
2586 5727 2684 5798 μὲν
2705 5727 2856 5785 ὲδιδ-.
