3958 6572
459 439 567 499 219

1577 430 1636 491 S.
1678 434 2140 493 ATHANASIUS.
2179 465 2248 479 --
2285 434 2513 492 DUBIA.

3576 415 3723 487 ’τεο

465 574 568 630 pus
588 558 666 613 “z
694 577 713 610 ι
735 563 810 621 et,
840 575 859 608 ι
887 555 968 610 Ab
987 569 1054 610 eo
1081 554 1175 626 qui
1209 562 1301 608 tua
1334 551 1567 618 auferat,
1590 566 1658 606 ne
1678 559 1892 623 repetas
1911 553 1988 606 “:
2011 571 2030 603 ι

2158 568 2197 604 το
2230 551 2343 620 (10)
2389 551 2455 604 δι’
2482 546 2676 602 ἑαυτοῦ
2699 545 2768 600 τὰ
2792 545 2968 600 πάντα
2998 545 3236 611 ἐπέδειξε
3272 547 3300 600 6
3331 543 3568 616 Κύριος,
3605 544 3724 598 καὶ

467 660 546 712 οι,
589 667 608 700 ι
658 646 967 704 Benedicite
1013 644 1469 716 persequentibus
1511 657 1608 698 vos
1648 641 1713 695 °'.
1753 660 1772 693 ι
1807 639 1884 696 Ne
1905 655 2035 695 vero

469 737 798 808 quihusdam
849 735 1187 806 impossibile
1214 733 1492 788 videretur
1515 737 1865 802 praeceptum,
1915 730 2037 784 ideo

469 847 566 903 per
590 847 710 887 sese
735 830 915 884 omnia
938 826 1180 882 exhibuit
1206 824 1468 882 Dominus
1498 844 1511 879 :
1549 832 1712 894 atque
1747 823 1898 878 exiis
1918 837 2040 892 quae

468 935 670 992 passus
698 927 802 983 est,
835 916 1010 972 suasit
1051 914 1308 972 omnibus
1337 913 1430 983 qui
1484 912 1819 968 contumelia
1863 910 2042 965 allice-

475 1020 685 1076 rentur,
720 1024 789 1064 ne
817 1007 1057 1062 vicissim
1082 1004 1348 1060 inferrent
1375 1004 1763 1059 contumeliam
1800 1021 1814 1057 :
1855 1003 2043 1057 verbe-

474 1105 631 1168 ratis,
658 1117 725 1156 ne
752 1100 1135 1165 verberarent;
1165 1097 1363 1163 illusis,
1385 1112 1454 1152 ne
1483 1096 1882 1160 irascerentur;
1908 1109 2042 1148 neve

474 1196 543 1252 ab
583 1209 648 1248 eo
697 1191 789 1262 qui
843 1197 1034 1244 nostra
1081 1185 1315 1255 auferat,
1347 1194 1656 1256 repetamus
1710 1187 1824 1251 illa,
1883 1193 1938 1240 et
1984 1185 2041 1240 in

471 1298 684 1341 summa
717 1296 788 1338 ne
816 1289 1048 1335 mortem
1068 1292 1497 1349 expavescamus
1523 1295 1538 1340 ;
1571 1278 1680 1331 imo
1710 1277 1886 1346 ipsam
1947 1290 2042 1345 spe

473 1373 786 1428 futurorum
831 1378 1270 1426 contemnamus.
1312 1366 1390 1421 Eo
1416 1367 1560 1422 enim
1614 1366 1796 1431 modo,
1833 1364 2045 1420 facilior

470 1473 556 1521 est
578 1462 808 1518 victoria
841 1460 910 1516 de
953 1459 1170 1514 diabolo
1208 1457 1386 1528 deque
1405 1457 1554 1511 omni
1590 1464 1812 1527 peccato
1833 1495 1848 1521 ,
1880 1469 2043 1526 quam

473 1557 520 1611 si
539 1571 648 1611 nos
678 1554 782 1625 ipsi
808 1551 1167 1607 vindicemus.
1194 1549 1551 1604 Vindicantes
1572 1551 1812 1614 eaim,et
1843 1548 2044 1618 injuria

472 1644 755 1714 injuriam,
803 1640 1136 1696 contumelia
1196 1637 1583 1694 contumeliam
1639 1637 2042 1708 propulsantes,

472 1749 739 1799 augemus
762 1732 1067 1801 alimusque
1101 1739 1290 1786 contra
1321 1745 1422 1785 nos
1446 1730 1594 1798 ipsos
1623 1729 1909 1794 malitiam,
1946 1742 2047 1782 nec

473 1825 651 1895 magis
692 1823 945 1877 inimicos
975 1835 1138 1892 quam
1182 1836 1285 1876 nos
1309 1822 1456 1890 ipsos
1483 1820 1756 1883 laedimus,
1792 1820 1862 1874 ob
1909 1833 2045 1873 con-

2135 645 2228 712 ἀφ’
2260 636 2335 696 ὧν
2368 641 2630 711 ἔπασχεν,
2696 637 2880 692 ἔπεισε
2910 638 3114 703 πάντας
3161 637 3546 710 ὑϐριζομένους
3565 675 3580 701 ,
3626 634 3720 706 μὴ

2137 729 2477 802 ἀνθυϐρίζειν
2496 729 2634 794 ,·καὶ
2658 725 3026 797 τυπτομένους
3044 767 3059 792 ,
3087 725 3162 798 μὴ
3190 723 3534 780 ἀντιτύπτειν
3553 763 3568 788 ,
3606 723 3724 776 καὶ

2137 821 2583 892 χλευαζομένους,
2615 821 2690 890 μὴ
2723 819 3052 891 ὀργίζεσθαι,
3085 818 3178 872 καὶ
3204 817 3311 870 ἀπὸ
3338 815 3432 869 τοῦ
3458 817 3722 886 αἴροντος

2136 912 2205 965 τά
2226 912 2380 984 ἡμῶν
2409 911 2483 983 μὴ
2513 912 2760 966 ἀπαιτεῖν
2784 927 2797 941 ·
2827 911 2920 964 καὶ
2942 909 3168 962 καθόλου
3196 907 3271 979 μὴ
3299 904 3581 976 φοϐεῖσθαι
3613 904 3722 957 τὸν

2139 1004 2366 1059 θάνατον
2386 1021 2398 1034 ·
2435 1003 2568 1057 ἀλλὰ
2606 1004 2700 1057 καὶ
2731 1004 3086 1074 καταφρονεῖν
3114 998 3276 1053 αὑτοῦ
3299 1000 3366 1070 τῇ
3397 997 3571 1052 ἑλπίδι
3597 996 3724 1049 τῶν

2145 1095 2462 1166 μελλόντων.
2538 1093 2694 1147 Οὕτω
2725 1092 2834 1166 γὰρ
2865 1091 3061 1163 μᾶλλον
3111 1088 3341 1159 εὐχερὴς
3370 1089 3404 1158 ἡ
3439 1085 3579 1140 κατὰ
3610 1084 3722 1137 τοῦ

2141 1185 2384 1239 διαϐόλου
2431 1184 2526 1238 καὶ
2554 1185 2732 1255 πάσης
2764 1182 3037 1254 ἁμαρτίας
3061 1180 3184 1251 νίκη
3215 1179 3472 1248 γένηται,
3516 1177 3551 1248 ἢ
3583 1177 3723 1228 ὅταν

2142 1277 2490 1349 ἀμυνώμεθα.
2529 1277 2880 1348 Ἀμυνόμενοι
2912 1275 3010 1346 μὲν
3039 1273 3146 1344 γὰρ
3178 1271 3270 1325 καὶ
3301 1268 3724 1330 ἀνταδικοῦντες

2142 1375 2267 1436 τοὺς
2288 1371 2701 1435 ἀνταδικοῦντας
2718 1371 2852 1441 (11),
2875 1371 2969 1423 καὶ
2989 1368 3299 1441 ὑϐρίζοντες
3328 1366 3452 1429 τοὺς
3474 1363 3726 1436 ὑϐρίζον-

2143 1483 2259 1529 τας,
2292 1465 2385 1517 καὶ
2407 1462 2706 1533 αὑξὰνομεν
2723 1463 2816 1516 καὶ
2834 1463 3104 1535 τρέφομεν
3125 1459 3245 1513 καθ’
3271 1457 3476 1511 ἑαυτῶν
3503 1455 3601 1523 τὴν
3623 1471 3724 1509 κα·-

2145 1555 2286 1617 κίαν,
2316 1555 2377 1607 ού
2414 1554 2611 1625 μᾶλλον
2640 1554 2765 1617 τοὺς
2795 1552 3040 1624 ἐχθροὺς,
3071 1551 3183 1605 ἀλλ’
3212 1551 3436 1611 ἑαυτοὺς
3463 1545 3722 1601 ἀδικοῦν-

2099 1686 2104 1692 .
2144 1664 2236 1711 τες
2257 1649 2323 1718 τῇ
2355 1646 2443 1700 διὰ
2472 1646 2570 1719 τὴν
2607 1644 2805 1700 κακίαν
2841 1643 3106 1714 καταδίκῃ
3145 1643 3239 1696 καὶ
3267 1640 3443 1712 κρίσει
3481 1636 3720 1709 μενούσῃ

2133 1740 2270 1803 ’τοὺς
2295 1739 2464 1811 ταύτῃ
2491 1738 2896 1811 χρησαμένουςο
2929 1737 3053 1790 ὅταν
3072 1735 3148 1799 δὲ,
3178 1733 3254 1796 ὡς
3279 1735 3307 1787 6
3338 1731 3562 1803 Κύριος,
3588 1730 3725 1783 ὑπο-

2153 1833 2398 1903 μένωμεν
2421 1830 2781 1902 ἀδικούμενοι,
2798 1830 3023 1892 καὶτοῖς
3045 1825 3338 1898 λοιδοροῦσι
3357 1824 3454 1896 τὴν
3474 1822 3728 1887 ἀνεξικα-

473 1915 882 1972 demuationem
928 1913 1139 1969 scilicet
1183 1921 1236 1966 et
1283 1913 1549 1982 judicium
1602 1911 1848 1965 futurum
1879 1909 1946 1964 de
1981 1910 2048 1964 iis

2158 1897 2273 1976 ltiav
2294 1897 2651 1994 ἀντιτιθῶμεν
2673 1921 2805 1992 (12),
2821 1922 2933 1983 τοῖς
2946 1919 3003 1973 δὲ
3026 1897 3306 1971 ἀπειλοῦσι
3329 1915 3426 1987 τὴν
3445 1913 3723 1985 ἀνδρείαν,

477 2006 579 2076 qui
604 2004 811 2058 malitia
837 2010 1086 2057 utuntur.
1121 2003 1256 2057 Cum
1309 2011 1488 2057 autem
1521 2002 1634 2056 laesi
1661 2001 1942 2070 injuriam,
1989 2009 2049 2055 ut

478 2096 764 2160 Dominus,
785 2096 1146 2160 sustinemus,
1179 2105 1233 2150 et
1267 2095 1706 2150 conviciantibus
1732 2093 2051 2165 patientiam

478 2186 828 2257 opponimus,
860 2185 1244 2240 minitantibus
1280 2183 1674 2247 fortitudinem,
1705 2184 1867 2238 morti
1897 2199 2049 2254 spem

477 2275 939 2342 immortalitatis;
975 2275 1030 2329 in
1091 2275 1178 2330 his
1231 2289 1454 2346 prorsus
1507 2275 1817 2330 cruciamus
1870 2274 2052 2328 inimi-

479 2366 891 2436 cumzipseque
935 2366 1202 2436 ejusmodi
1252 2367 1504 2437 panoplia
1534 2367 1756 2433 decidit,
1795 2381 1903 2437 qua
1951 2380 2050 2420 nos

479 2457 762 2513 instruens
789 2456 994 2513 Paulus
1045 2458 1122 2512 ait
1155 2476 1168 2512 :
1209 2475 1228 2508 ι
1280 2455 1491 2512 lnduite
1522 2458 1687 2527 igitur
1711 2465 2051 2510 armaturam

487 2548 607 2612 Dei,
642 2556 701 2602 ut
729 2549 953 2618 possitis
986 2556 1132 2604 stare
1165 2548 1427 2604 adversus
1454 2547 1681 2602 insidias
1708 2547 1910 2602 diaboli
1935 2547 2000 2598 “.
2027 2565 2046 2598 ι

484 2639 612 2694 Haec
645 2640 790 2694 enim
835 2640 1072 2709 patiente
1103 2638 1420 2704 Salvatore,
1449 2639 1628 2694 evenit
1675 2638 1809 2692 illud
1848 2657 1862 2694 :
1900 2656 1918 2689 ι
1963 2636 2056 2692 Vi-

483 2731 674 2789 debam
741 2727 1000 2784 Satanam
1070 2731 1229 2802 quasi
1286 2729 1468 2801 fulgur
1528 2729 1595 2786 de
1651 2731 1792 2785 coalo
1839 2730 2056 2786 caden-

485 2830 593 2876 tem
623 2820 688 2876 ⁸⁷.
735 2838 754 2872 ι

556 2911 646 2967 20.
705 2909 899 2965 Statim
935 2910 1103 2982 igitur
1137 2918 1426 2983 postquam
1464 2913 1519 2967 in
1559 2913 1644 2968 his
1677 2929 1799 2970 sese
1827 2923 2052 2970 strenue

486 3004 754 3074 gessisset
788 3003 1074 3070 Dominus,
1129 3005 1526 3077 cecidissetque
1565 3008 1850 3076 inimicus,
1882 3009 2058 3080 impo-

487 3103 722 3151 suerunt
773 3095 851 3150 illi
899 3111 1118 3152 cruccm
1149 3115 1164 3152 :
1199 3098 1412 3168 signum
1443 3099 1701 3163 victorias,
1736 3101 1818 3155 vel
1877 3101 2054 3168 inviti,

488 3185 780 3240 adversum
812 3187 1023 3256 seipsos
1054 3202 1243 3242 revera
1270 3190 1590 3258 praebentes.
1623 3189 1873 3255 Quandiu
1913 3193 2055 3247 enim

490 3286 659 3333 staret
690 3279 971 3344 inimicus,
1000 3278 1272 3334 habebant
1321 3280 1608 3336 carniﬁces
1639 3282 1847 3354 lignum
1874 3301 1888 3352 ;
1930 3299 2054 3338 cum
2083 3277 2127 3296 "

491 3377 677 3423 autem
703 3370 887 3440 lapsus
920 3369 1234 3440 fractusque
1266 3378 1372 3433 est,
1425 3379 1555 3426 tunc
1578 3380 1838 3442 tropaeum
1873 3388 2062 3430 susce-

492 3459 571 3530 pit
599 3459 878 3523 Dominus,
897 3469 949 3516 et
969 3461 1073 3516 sibi
1097 3461 1380 3530 hajulavit.
1406 3462 1642 3520 Decebat
1670 3467 1869 3537 quippe
1890 3467 2062 3521 victo-

491 3566 608 3606 rem
665 3550 733 3606 de
793 3550 1010 3606 diabolo
1055 3552 1501 3624 triumphantem,
1561 3555 1778 3612 deferre
1815 3573 1911 3628 per
1940 3573 2063 3612 sese

493 3650 754 3712 tropaeum
776 3681 792 3706 ,
843 3657 945 3697 nec
976 3643 1069 3696 alii
1105 3645 1404 3700 concedere
1431 3645 1804 3703 deferendum.
1838 3649 2063 3719 Accepit

493 3742 673 3788 autem
704 3733 772 3788 ab
805 3733 941 3802 ipsis
968 3749 1093 3788 cum
1157 3743 1360 3806 tropaeo
1408 3736 1734 3794 vestimenta
1781 3753 1901 3802 sua,
1936 3754 2062 3809 pro-

498 3827 751 3883 ﬁciscens
790 3825 859 3879 ad
893 3835 1158 3893 mortem;
1184 3836 1243 3880 ut
1276 3842 1338 3882 ea
1369 3828 1487 3899 ipsa
1528 3831 1584 3884 in
1616 3839 1792 3885 morte
1815 3839 2059 3886 exueret.

495 3916 621 3974 Ideo
644 3931 864 3974 rursum
879 3926 1098 3983 exutus,
1116 3920 1407 3974 concitavit
1425 3921 1548 3976 illos
1570 3928 1625 3975 ut
1643 3937 1700 3976 se
1713 3921 2061 3978 adducerent.

497 4008 634 4063 Dum
666 4009 1028 4065 abduceretur
1058 4019 1237 4067 autem
1260 4051 1275 4074 ,
1302 4012 1602 4066 secundum
1635 4010 2064 4078 Joannem,cru-

496 4115 617 4154 cem
676 4100 794 4170 ipse
851 4115 1006 4156 suam
1066 4102 1350 4171 bajulavit,
1384 4102 1685 4157 secundum
1741 4103 1880 4159 alios
1937 4121 2066 4159 vero

493 4192 878 4262 evangelistas,
921 4191 1112 4248 Simon
1172 4193 1256 4248 vir
1297 4194 1590 4264 Cyrenaeus
1629 4209 1853 4249 crucem
1899 4197 2061 4250 tulit:

493 4283 642 4355 quod
689 4285 1031 4339 contrarium
1089 4300 1199 4340 non
1258 4294 1344 4342 est
1385 4285 1581 4341 Joanni
1629 4305 1642 4341 :
1695 4301 1873 4356 neque
1922 4287 2065 4342 enim

493 4373 732 4431 Joannes
779 4374 902 4430 aliis
959 4376 1312 4446 evangelistis
1369 4377 1644 4432 contraria
1703 4379 1932 4446 scribit,
1970 4381 2067 4436 sed

495 4474 789 4536 utrumque
828 4464 1030 4520 factum
1061 4475 1189 4522 est:
1229 4482 1354 4521 nam
1402 4468 1508 4522 sibi
1553 4466 1817 4525 Dominus
1848 4484 2066 4525 crucem

2147 2014 2226 2085 τῷ
2251 2014 2306 2066 δὲ
2337 2013 2549 2084 θανάτῳ
2576 2011 2673 2083 τὴν
2700 2011 2887 2064 ἑλπίδα
2907 2009 3008 2079 τῆς
3033 2007 3328 2068 ἀθανασίας
3345 2023 3358 2037 υ
3413 2005 3633 2067 πάντως
3664 2005 3726 2055 ἑν

2147 2107 2358 2170 τούτοις
2385 2105 2660 2176 λυπο’ῦμεν
2681 2105 2773 2158 τὸν
2802 2102 2894 2174 ἑχθ
2904 2103 2993 2174 ρόν
3013 2119 3026 2132 ·
3051 2102 3299 2163 κάκεῖνος
3324 2099 3381 2151 ἑν
3401 2100 3468 2169 τῇ
3492 2095 3729 2169 τοιαύτῃ

2150 2198 2418 2270 πανοπλίᾳ
2438 2197 2787 2260 καταπίπτει,
2819 2198 2875 2248 έν
2958 2194 3053 2248 καὶ
3077 2196 3104 2246 ὁ
3128 2191 3339 2254 Παῦλος
3363 2191 3511 2260 ἡμᾶς
3564 2186 3730 2242 καθο-

2151 2290 2352 2356 πλίζων
2397 2290 2561 2361 φησίν
2581 2306 2593 2318 ·
2625 2307 2644 2340 ι
2680 2284 3000 2342 Ἐνδύσασθε
3040 2279 3133 2337 οὖν
3161 2283 3260 2353 τὴν
3298 2272 3598 2334 πανοπλίαν
3629 2273 3730 2328 τοῦ

2150 2381 2284 2433 Θεοῦ
2304 2421 2317 2443 ,
2349 2381 2436 2434 ἵνα
2466 2378 2729 2450 δυνηθῆτε
2761 2377 2897 2448 πρὸς
2928 2374 3027 2438 τὰς
3057 2373 3334 2446 μεθοδείας
3357 2369 3449 2424 τοῦ
3480 2368 3731 2423 διαϐόλου

2154 2472 2363 2543 στῆναι.
2390 2491 2408 2522 ι
2449 2470 2604 2531 Οῦτω
2633 2469 2740 2539 γὰρ
2780 2469 2876 2522 καὶ
2906 2466 3001 2519 τοῦ
3030 2465 3279 2536 Σωτῆρος
3315 2461 3732 2534 ὑπομείναντος,

2151 2564 2340 2633 γέγονε
2369 2563 2430 2616 τό
2449 2579 2463 2592 ·
2502 2581 2521 2613 ι
2545 2560 2840 2632 Ἐθεώρουν
2859 2559 2949 2613 τὸν
2975 2559 3218 2612 Σατανᾶν
3246 2554 3509 2608 πίπτοντα
3537 2555 3602 2607 ἑκ
3632 2552 3734 2606 τοῦ

2152 2652 2385 2728 ούρανοῦ
2410 2652 2485 2717 ὡς
2511 2652 2816 2724 ἀστραπήν.
2840 2667 2859 2703 ι

2223 2923 2313 2978 20.
2335 2920 2553 2984 Εὐθέως
2571 2917 2701 2988 γοῦν
2727 2916 2864 2988 μετά
2885 2915 2944 2970 τὺ
2963 2915 3173 2978 τούτοις
3191 2912 3600 2987 ἀνδραγαθῆσαι
3620 2911 3733 2984 (13)

2155 3015 2245 3069 τὸν
2277 3013 2478 3085 Κύριον
2501 3052 2514 3077 ,
2549 3012 2643 3065 καὶ
2672 3013 2856 3064 πεσεῖν
2887 3009 2977 3061 τὸν
3018 3006 3210 3078 ἐχθρὸν
3229 3047 3244 3070 ,
3280 3005 3555 3078 ἐπέθηκαν
3580 3003 3735 3074 αὐτῷ

2157 3108 2248 3161 τὸν
2282 3105 2511 3178 σταυρὸν
2528 3143 2542 3167 ,
2577 3102 2863 3174 γνώρισμα
2889 3100 2989 3170 τῆς
3014 3099 3171 3169 νίκης
3211 3097 3426 3168 ἀληθῶς
3450 3098 3544 3150 καὶ
3569 3097 3737 3150 ἀκον-

2157 3218 2247 3263 τες
2274 3198 2395 3252 καθ’
2425 3195 2632 3250 ἑαυτῶν
2665 3194 3012 3265 παρέχοντες.
3045 3193 3192 3256 Ἕως
3227 3191 3323 3262 μὲν
3353 3189 3460 3262 γὰρ
3491 3190 3738 3256 εἱστήκει

2161 3294 2189 3344 6
2221 3289 2447 3361 ἑχθρδς,
2487 3283 2631 3357 εἶχον
2661 3286 2710 3338 οἱ
2737 3285 2920 3356 δήμιοι
2953 3282 3012 3336 τὸ
3047 3282 3198 3349 ξύλον
3218 3299 3232 3312 ο
3279 3281 3367 3334 ὅτε
3390 3280 3445 3333 δὲ
3477 3279 3736 3333 πέπτωκε

2161 3379 2255 3430 καὶ
2284 3375 2624 3447 κατερράγη,
2659 3373 2781 3426 τότε
2813 3371 3070 3444 τρόπαιον
3099 3370 3289 3423 ἔλαϐεν
3316 3371 3344 3422 6
3369 3369 3572 3441 Κύριος
3590 3409 3605 3432 ,
3641 3369 3741 3422 καὶ

2161 3468 2338 3540 ἑαυτῷ
2366 3470 2661 3522 ἐϐάστασεν
2696 3465 2830 3535 (14).
2868 3463 3014 3518 Ἔδει
3041 3462 3150 3534 γὰρ
3174 3463 3266 3516 τὸν
3286 3462 3511 3534 νικητὴν
3537 3461 3741 3534 θριαμ-

2161 3559 2384 3615 ϐεύοντα
2414 3557 2556 3612 κατὰ
2583 3556 2676 3612 τοῦ
2706 3554 2973 3620 διαϐόλου,
3008 3553 3082 3626 μὴ
3106 3553 3248 3624 ἄλλῳ
3269 3555 3591 3624 συγχωρεῖν,
3619 3551 3738 3606 ἀλλ’

2161 3651 2340 3722 ἑαυτῷ
2370 3650 2658 3721 βαστάζειν
2683 3647 2743 3701 τὺ
2763 3647 3044 3720 τρόπαιον.
3108 3645 3409 3716 Ἐλάμϐανε
3442 3643 3498 3698 δὲ
3533 3643 3630 3697 σὺν
3660 3641 3742 3714 τῷ

2161 3745 2404 3817 τροπαίῳ
2436 3743 2530 3796 xal
2561 3742 2628 3796 τά
2659 3742 2847 3812 ἱμάτια
2879 3741 3010 3808 παρ’
3037 3738 3235 3801 αὐτῶν,
3263 3737 3633 3808 ἀπερχόμενος
3659 3735 3741 3798 είς

2161 3839 2252 3892 τὸν
2285 3837 2510 3891 θάνατον
2533 3853 2546 3866 ⁸
2580 3834 2669 3888 ἵνα
2698 3835 2791 3887 καὶ
2824 3830 2996 3886 ταῦτα
3032 3833 3130 3885 σὺν
3159 3831 3236 3901 τῷ
3263 3829 3476 3900 θανάτῳ
3503 3826 3740 3882 ἀπεκδύ-

2138 3947 2345 4001 -σηται.
2381 3928 2478 3980 Διὰ
2507 3925 2700 3990 τοῦτο,
2751 3923 2914 3977 πάλιν
2957 3923 3354 3992 ἐκδυσάμενος,
3406 3918 3739 3972 κατέσπευδε

2163 4023 2289 4084 τοὺς
2323 4019 2632 4086 ἀπάγοντας
2662 4017 2814 4084 ἄγειν
2842 4015 3023 4069 αὐτόν.
3065 4014 3154 4075 Ὠς
3181 4012 3236 4064 δὲ
3267 4012 3510 4082 ἀπήγετο
3531 4051 3547 4076 ,
3595 4009 3740 4063 κατά

2168 4111 2265 4182 μὲν
2291 4110 2383 4162 τὸν
2418 4109 2692 4178 Ἰωάννην,
2718 4105 2892 4176 ἑαυτῷ
2911 4105 3002 4158 τὸν
3029 4103 3259 4172 σταυρὸν
3283 4101 3571 4166 ὲϐἀσταζε,
3597 4099 3741 4153 κατά

2163 4202 2220 4254 δὲ
2261 4203 2387 4264 τοὺς
2429 4200 2618 4263 ἄλλους
2652 4197 3039 4268 εὐαγγελιστάς
3061 4237 3076 4262 ,
3109 4196 3290 4266 Σίμων
3331 4197 3360 4248 6
3397 4193 3681 4264 ἄνθρωπος
3712 4195 3742 4246 6

2166 4291 2272 4344 ἀπὸ
2303 4290 2559 4363 Κυρήνης
2593 4289 2753 4360 ἔφερε
2785 4289 2876 4342 τὸν
2908 4287 3157 4358 σταυρόν.
3184 4287 3339 4340 Ἐστι
3368 4286 3423 4339 δὲ
3453 4286 3553 4338 οὐκ
3581 4287 3738 4338 ἑναν-

2157 4382 2278 4435 τίον
2309 4380 2386 4451 τῷ
2423 4381 2643 4452 Ἰωάννῃ
2664 4397 2678 4410 ·
2713 4380 2833 4433 οὐδὲ
2867 4379 2975 4451 γὰρ
3005 4380 3033 4431 ὁ
3078 4377 3328 4450 Ἰωάννης
3360 4375 3597 4430 ἐναντίον
3620 4375 3735 4444 (15)

2166 4475 2277 4536 τοῖς
2307 4473 2485 4536 ἄλλοις
2513 4471 2714 4542 γράφει
2735 4511 2750 4535 ,
2783 4471 2896 4522 ἀλλ’
2930 4470 3216 4540 ἀμφότερα
3242 4467 3464 4537 γέγονεν
3490 4469 3581 4520 ἑπὶ
3619 4465 3742 4519 τού-

494 4559 784 4629 bajulavit,
801 4566 856 4613 et
872 4573 1092 4612 rursum
1123 4567 1311 4630 postea
1347 4557 1534 4613 Simon
1567 4560 1731 4615 homo
1753 4561 1877 4615 tulit
1897 4562 2056 4617 illam.

2169 4578 2294 4615 τουο
2332 4562 2426 4614 καὶ
2447 4561 2553 4630 γάρ
2579 4562 2672 4613 καὶ
2707 4559 2884 4629 ἑαυτῷ
2915 4560 2942 4612 6
2985 4558 3188 4630 Κύριος
3229 4557 3320 4610 τὸν
3353 4557 3582 4626 σταυρὸν
3615 4555 3742 4610 ἑϐά-

494 4650 740 4707 Irimum
800 4651 985 4722 itaque
1032 4651 1188 4726 quasi
1221 4651 1421 4706 diaboli
1476 4659 1739 4723 tropaeum
1789 4655 2059 4725 gestabat,

495 4747 835 4816 libenterque
888 4744 992 4800 sibi
1026 4759 1246 4802 crucem
1283 4744 1581 4814 bajulavit:
1613 4761 1722 4801 non
1762 4747 1904 4801 enim
1939 4762 2064 4802 coa-

493 4848 620 4896 ctus
648 4846 877 4892 mortem
925 4835 1078 4890 adiit.
1120 4835 1199 4890 Ac
1230 4851 1452 4891 rursum
1509 4837 1632 4890 tulit
1676 4837 1822 4890 illam
1876 4833 2065 4891 Simon

497 4929 681 4990 homo,
701 4935 759 4982 ut
789 4927 1045 4982 omnibus
1078 4937 1268 4981 notum
1290 4934 1457 4994 esset,
1487 4942 1595 4982 non
1627 4942 1724 4982 sua
1749 4926 2062 4991 Dominum,

497 5021 594 5076 sed
625 5020 908 5076 hominum
955 5026 1132 5074 morte
1185 5019 1348 5099 mori.
1383 5018 1479 5075 His
1506 5021 1799 5090 itaogestis,
1834 5019 2067 5076 festinus

496 5112 566 5166 ad
596 5113 773 5167 locum
803 5111 970 5177 venit,
989 5125 1099 5182 quo
1125 5110 1304 5182 ipsum
1327 5112 1384 5166 in
1411 5125 1630 5166 crucem
1649 5111 1943 5167 ascendere
1970 5127 2069 5182 par

2171 4652 2349 4715 σταζε,
2381 4651 2474 4704 καὶ
2499 4649 2658 4703 πάλιν
2681 4650 2861 4720 Σίμων
2887 4652 2914 4702 6
2931 4648 3213 4720 ἄνθρωπος
3236 4647 3427 4718 ἔφερεν
3457 4645 3640 4704 αὐτόν.
3657 4646 3740 4709 Ὠς

2174 4741 2270 4814 μὲν
2297 4739 2389 4797 οῦν
2432 4742 2573 4796 κατὰ
2603 4741 2697 4796 τοῦ
2729 4741 2976 4795 διαϐόλου
3003 4740 3261 4811 τρόπαιον
3291 4737 3553 4801 ἑϐάσταζε
3587 4737 3742 4810 πρῶ-

2167 4851 2280 4897 τον,
2305 4833 2563 4897 ἑκουσίως
2587 4833 2642 4886 δὲ
2672 4834 2765 4886 καὶ
2791 4833 2881 4886 τὸν
2913 4832 3140 4904 σταυρὸν
3172 4831 3365 4901 ἑφερεν
3394 4827 3598 4898 ἑαυτῷ·
3649 4829 3742 4880 καὶ

2171 4927 2275 5000 γὰρ
2299 4928 2399 4980 οὐκ
2419 4926 2856 4996 ἀναγκαζόμενος
2881 4925 3078 4996 ἤρχετο
3101 4924 3194 4978 ἐπὶ
3229 4925 3318 4977 τὸν
3350 4923 3575 4976 θάνατον
3604 4919 3737 4990 (16).

2172 5021 2281 5074 Kal.
2315 5019 2474 5073 πάλιν
2493 5018 2551 5071 δὲ
2573 5016 2868 5082 ἐϐάσταζεν
2894 5016 3054 5070 αὑτὸν
3078 5017 3258 5088 Σίμων
3281 5018 3308 5069 6
3327 5014 3630 5085 ἄνθρωπος,
3657 5012 3742 5065 ἵνα

2172 5112 2387 5183 γνωσθῇ
2422 5111 2588 5164 πᾶσιν
2607 5149 2622 5175 ,
2655 5111 2738 5163 ὄτι
2763 5110 2824 5162 οὑ
2858 5109 2950 5162 τὸν
2984 5107 3178 5162 ἑαυτοῦ
3197 5147 3213 5176 ,
3243 5105 3379 5161 ἀλλά
3407 5105 3497 5159 τὸν
3518 5103 3627 5157 τῶν
3652 5105 3744 5157 ἀν-

569 5267 616 5300 ⁶³
653 5265 841 5321 Matth.
876 5281 945 5332 x,
975 5265 1066 5321 28.
1136 5265 1182 5297 “
1221 5264 1355 5320 Luc.
1388 5279 1478 5330 v1,
1509 5265 1598 5322 '50.
1672 5265 1718 5298 “
1759 5265 1946 5320 Matth.
1987 5283 2035 5330 ν,

2233 5267 2278 5299 ⁸·
2321 5266 2518 5338 Ephes.
2552 5282 2644 5331 νι,
2680 5266 2768 5321 1-1.
2845 5265 2888 5297 ⁸⁷
2928 5263 3064 5322 Luc.
3098 5280 3170 5330 ι,
3209 5262 3296 5320 18.

572 5419 686 5490 (10)
723 5419 823 5473 Διὰ
864 5417 1042 5490 τοῦτο,
1100 5417 1253 5490 deest
1285 5417 1344 5490 in
1397 5417 1617 5490 Regios
1647 5417 2063 5490 MoxLRegius,

503 5487 1107 5571 ἑπεδείκ-νυτοιΑιιᾳιὶο.
1128 5487 1504 5571 ἑπεδείκνυενῖ
1530 5487 1690 5571 Ιξὰὶξί,
1721 5487 1984 5571 ἐπέδειξε.

575 5559 692 5640 (il).
718 5558 1054 5641 Basiliensis,
1085 5559 1492 5624 ἀνταδικοῦντες
1517 5560 1705 5642 τῇοδιά
1735 5560 1835 5683 ria:
1872 5560 2069 5642 κακίαν

575 5643 728 5683 mussns
761 5629 973 5683 multis.
999 5628 1064 5681 δι’
1089 5629 1506 5683 ὁμοιοτέλευτον.
1535 5629 1762 5683 ibidem.
1838 5646 1990 5683 emus
2018 5637 2069 5683 et

507 5628 728 5702 omisSis
761 5628 1064 5702 multistai’
1089 5629 1506 5702 όμοιοτέλευτον.
1535 5628 1762 5699 ibidem,
1790 5628 1990 5702 Regius
2018 5637 2070 5686 et

505 5700 665 5768 Angl.
698 5698 825 5761 τοὺς
852 5697 1272 5763 ἀντιδικοῦντας.

578 5767 691 5841 (lg)
715 5768 1064 5841 A_ngl_icanus,_
1106 5769 1428 5841 ἀντιθῶμεν.

581 5837 629 5911 (1
641 5837 696 5912 3)
729 5837 927 5912 Regius
957 5846 1011 5896 et
1038 5839 1247 5912 Anglic.
1275 5837 1742 5914 ἀνδραγαθεῖσθαι.

2238 5421 2357 5502 (14)
2388 5419 2515 5486 Alii,
2562 5418 2879 5488 ἐϐάστασεν,
2926 5419 3388 5488 διίί,,ἑϐάσταξεν
3437 5419 3661 5484 habent,
3689 5427 3744 5476 et

2169 5494 2247 5548 sic
2275 5492 2436 5546 infra.

2385 5560 2608 5636 Regius,
2643 5562 2879 5619 ἑναντία.

2241 5629 2354 5714 (te)
2394 5629 2680 5715 A‘n'glican.‘
2705 5635 2967 5715 ἑκουσίως
3005 5634 3099 5715 ,εει
3128 5633 3218 5715 τὸν
3260 5631 3489 5715 me?“
3514 5629 3736 5715 ἔφερεᾚ

2172 5694 2348 5784 ἑαυτξὶ
2378 5694 2606 5784 γὰρνκα).
2629 5707 2728 5784 οῦκ
2753 5694 2973 5784 ἀναγκέ.
3017 5703 3239 5784 Ιξσεξιιε,
3285 5694 3520 5784 πρῶτον,
3555 5694 3638 5784 οἷς
3657 5699 3739 5784 ⁹δὲ

2174 5775 2267 5830 καὶ
2291 5770 2637 5850 τδνσταυρὸν
2674 5770 2878 5846 ἔφερεν
2894 5772 3088 5844 ἑαυτῷ.
3103 5770 3122 5774 ⁷
3138 5770 3344 5844 Ἑαυτῷ
3367 5773 3476 5844 γὰρ
3509 5771 3598 5824 καὶ
3618 5770 3736 5825 οὐκ.
