3958 6520
257 430 355 488 ﬁl
1287 432 1374 493 DE
1414 437 1753 496 PASSIONE
1791 437 1880 496 ET
1905 438 2139 499 CRUCE
2180 437 2440 498 DOMINI.
3409 442 3516 498 2'22

255 545 490 616 θρὼπων
521 545 858 620 ἀποθνήσκει
889 549 1116 606 θάνατον
1159 553 1188 606 ό
1234 552 1460 626 Κύριος.
1517 553 1734 608 Τούτων
1784 555 1842 610 δέ

1961 563 2086 623 erat,
2120 564 2180 611 ut
2232 555 2654 627 chirographum
2683 563 2876 610 contra
2906 571 3009 612 nos
3052 557 3338 630 scriptum,
3373 559 3516 629 quod

254 638 425 702 οὕτως
452 639 800 710 γενομένων,
857 641 1074 716 ἔρχεται
1110 643 1356 700 σπεύδων
1387 647 1480 700 ἐπὶ
1527 646 1619 700 τὸν
1657 647 1841 712 τόπον,

1961 646 2015 700 ιιι
2045 647 2285 702 inimicis
2317 645 2620 701 abstulerat
2669 644 2909 717 alligeret
2937 647 3111 712 cruci,
3149 657 3312 718 atque
3340 651 3518 703 exutis

254 728 378 783 ἐνθα
405 729 507 784 καὶ
554 731 868 786 ἀναϐαίνειν
912 733 1044 787 αὐτὸ
1075 735 1169 787 ἐπὶ
1194 734 1286 789 τὸν
1321 735 1555 820 σταυρὸν
1587 736 1725 798 ἔδει,
1758 736 1846 790 ἵνα

1961 739 2346 810 principatibus
2373 746 2428 795 et
2461 739 2849 810 potestatibus,
2888 753 3012 793 eum
3071 739 3270 794 ﬁducia
3309 740 3434 796 illos
3464 740 3518 795 in

250 820 311 874 τὺ
329 819 453 874 καθ’
477 822 641 893 ἡμῶν
663 824 1046 896 χειρόγραφον,
1071 827 1209 900 ὅπερ
1227 826 1336 880 άπὸ
1360 826 1470 880 τῶν
1491 819 1700 900 ἐχθρῶν
1722 825 1843 900 ᾖρε,

1961 846 2114 887 :ruce
2151 831 2480 896 traduceret,
2515 831 2584 886 de
2618 830 2727 886 illis
2755 831 3141 902 triumpharet,
3177 832 3520 888 ostenderet-

251 911 590 987 προσηλώσῃ
618 913 699 984 τῷ
728 914 978 986 σταυρῷ,
1022 917 1120 970 καὶ
1148 917 1593 989 ἀπεκδυσάμενος
1625 919 1722 984 τὰς
1748 921 1847 992 ἀρ-

1961 937 2054 993 lue
2080 929 2328 993 ereptum
2361 938 2428 978 ex
2468 923 2626 978 leone
2658 923 2936 977 hominem
2971 942 2983 977 :
3017 937 3081 976 ac
3128 922 3345 977 demum
3391 937 3519 992 pro-

250 1004 348 1074 χάς
380 1005 482 1057 καὶ
514 1005 621 1067 τὰς
642 1003 925 1069 ἐξουσίας,
955 1007 1014 1058 ἐν
1045 1008 1330 1080 παρρησίᾳ
1362 1007 1686 1082 δειγματίσῃ
1719 1008 1844 1063 τού-

1961 1016 2064 1071 )τῑο
2099 1018 2364 1076 sanguine
2387 1022 2590 1070 terram
2618 1023 2953 1085 aspergeret,
2990 1014 3336 1076 emundaret,
3358 1022 3522 1084 atque

248 1113 372 1158 τους
395 1096 457 1147 ἐν
473 1093 559 1165 τῷ
580 1095 722 1165 ξύλῳ
741 1095 1090 1167 θριαμϐεύων
1113 1097 1232 1150 κατ’
1252 1097 1453 1162 αὐτῶν,
1477 1098 1570 1152 mi.
1585 1097 1844 1152 δεικνύων

1961 1105 2058 1178 14
2076 1105 2341 1176 expiaret.
2364 1104 2419 1158 Id
2447 1120 2572 1159 cum
2605 1103 2853 1160 facturus
2879 1113 3024 1160 esset
3047 1105 3199 1159 exuit
3227 1104 3524 1160 vestimen-

246 1187 336 1239 τὸν
371 1186 765 1240 ἐκσπασθέντα
797 1189 862 1240 ἐκ
891 1187 987 1241 τοῦ
1023 1187 1236 1252 λέοντος
1263 1188 1547 1260 ἄνθρωπον
1567 1230 1581 1254 ,
1612 1190 1708 1244 καὶ
1735 1190 1833 1244 λοι-

1961 1211 2022 1250 ιο.
2059 1197 2294 1253 Decebat
2327 1197 2472 1252 enim
2501 1212 2648 1262 eum,
2689 1213 2814 1251 cum
2845 1197 3120 1252 hominem
3151 1197 3524 1252 introduceret

251 1279 351 1332 πὺν
394 1277 479 1350 τῷ
540 1279 656 1350 ἰδίῳ
686 1278 882 1350 αἵματι
911 1280 1111 1352 ῥαίνων
1143 1280 1234 1334 καὶ
1263 1280 1574 1352 καθαρίζων
1603 1281 1700 1353 τὴν
1741 1283 1841 1354 γῆν

1961 1305 2003 1343 ιι
2037 1289 2378 1360 paradisum,
2429 1289 2646 1344 tunicas
2685 1304 2908 1356 exuere,
2943 1304 3082 1358 quas
3111 1288 3322 1360 accepit
3348 1287 3522 1344 Adam

251 1370 581 1442 ἀρέσκηται.
608 1369 835 1423 Μέλλων
855 1370 912 1423 δέ
933 1369 1090 1423 τοῦτο
1113 1373 1306 1436 ποιεῖν,
1327 1370 1611 1438 ἐξεδύσατο
1630 1373 1696 1426 τὰ
1721 1373 1822 1444 ίμά

1961 1397 2077 1436 cum
2111 1397 2175 1437 ex
2203 1381 2460 1452 paradiso
2491 1381 2894 1435 exturbaretur.
2930 1378 3067 1434 Cum
3105 1380 3248 1434 enim
3278 1379 3367 1436 ille
3398 1394 3526 1450 pec-

251 1478 357 1514 τια.
387 1461 544 1514 Ἐδει
565 1461 676 1534 γὰρ
697 1460 879 1529 αὑτὸν,
895 1462 1198 1530 ,εἰσάγοντα
1228 1463 1319 1517 τὸν
1343 1462 1626 1536 ἄνθρωπον
1651 1467 1732 1528 είς
1750 1465 1843 1519 τὸν

1961 1480 2153 1535 casset,
2190 1487 2255 1528 ac
2293 1471 2512 1526 demum
2553 1471 2852 1524 moriturus
2913 1479 3079 1533 esset,
3125 1469 3334 1541 accepit
3367 1470 3523 1540 pelli—

252 1553 609 1626 παράδεισον,
644 1553 1054 1608 ἀπεκδύσασθαι
1085 1555 1212 1618 τοὺς
1239 1555 1496 1624 χιτῶνας,
1532 1555 1626 1620 οὒς
1655 1556 1842 1611 ἐλαϐεν

1961 1579 2076 1619 reas
2110 1571 2313 1628 vestes,
2345 1579 2411 1618 ex
2451 1561 2683 1617 mortuis
2722 1561 3049 1616 animalibus
3083 1559 3275 1630 factas,
3311 1561 3527 1635 symbo—

250 1649 278 1700 6
321 1647 501 1716 Ἀδὰμ
536 1646 932 1718 ἐκϐαλλόμενος
960 1648 1023 1699 ἐκ
1055 1644 1148 1699 τοῦ
1182 1646 1534 1718 παραδείσου.
1571 1649 1700 1703 Ὀτε
1733 1650 1842 1722 γάρ

1961 1658 2063 1709 lum
2091 1655 2283 1710 mortis
2320 1654 2390 1709 ob
2424 1661 2706 1725 peccatum
2750 1649 2853 1709 sibi
2890 1653 3146 1709 inductae.

250 1744 494 1814 ἥμαρτε,
528 1742 624 1796 καὶ
648 1742 833 1794 λοιπὸν
861 1741 1092 1814 ῆμελλεν
1119 1743 1504 1812 ἀποθνήσκειν,
1537 1744 1696 1799 ἔλαϐε
1724 1746 2079 1820 δερματίνους
2117 1751 2370 1822 χιτῶνας,
2414 1751 2480 1804 ἐκ
2521 1748 2732 1822 νεκρῶν
2787 1747 2942 1813 ζώων
2990 1748 3336 1820 γενομένους,
3384 1747 3526 1821 σύμ-

253 1835 414 1890 ϐολον
459 1836 627 1898 ὄντας
671 1837 772 1906 τῆς
808 1834 895 1888 διὰ
918 1835 1018 1906 τὴν
1047 1835 1318 1906 ἁμαρτίαν
1347 1835 1666 1908 νεκρώσεως
1693 1840 1842 1912 αύτῷ
1877 1844 2338 1916 προσγενομένης.

317 1927 412 1981 21.
451 1927 598 1980 Ἀλλ’
615 1930 643 1980 6
660 1927 884 1999 Κύριος,
906 1929 934 1981 6
956 1929 1132 1982 πάντα
1152 1927 1218 1982 τά
1235 1931 1268 2000 ἡ
1277 1927 1390 1998 μῶν
1409 1929 1477 1982 δι’
1496 1931 1642 2001 ἡμᾶς
1659 1932 1848 1986 ἀναδε-

2018 1936 2108 1991 21.
2138 1935 2246 1992 Sed
2281 1935 2564 2000 Dominus,
2592 1933 2683 2005 qui
2712 1942 2934 2004 propter
2965 1947 3068 1988 nos
3110 1933 3292 1988 omnia
3339 1943 3528 1990 nostra

252 2020 510 2092 ξάμενος,
547 2020 837 2073 ἐνεδύσατο
854 2020 1026 2074 ταῦτα
1050 2060 1064 2082 ,
1091 2020 1177 2074 ἴνα
1208 2022 1304 2074 καὶ
1333 2021 1727 2092 ἀπεκδύσηται,
1753 2024 1846 2079 καὶ

1961 2029 2219 2098 suscepit,
2250 2028 2341 2082 illa
2380 2027 2580 2092 induit,
2614 2034 2674 2081 ut
2705 2035 2829 2098 post
2849 2033 3098 2090 exueret,
3132 2033 3185 2082 et
3220 2025 3420 2080 borum
3446 2025 3530 2081 lo-

254 2115 372 2168 ἀντὶ
393 2112 608 2166 τούτων
625 2113 774 2183 ἡμᾶς
795 2112 989 2186 ἐνδύσῃ
1007 2113 1105 2184 τὴν
1121 2111 1265 2184 ζωὴν
1285 2113 1379 2165 καὶ
1393 2113 1492 2184 τὴν
1513 2113 1843 2184 ἀφθαρσίανο

1961 2128 2014 2172 :o
2047 2132 2149 2172 nos
2175 2118 2427 2174 indueret
2453 2119 2649 2196 vita.et
2673 2118 3090 2188 incorruptione
3114 2137 3129 2173 :
3157 2117 3334 2172 induit
3363 2118 3530 2174 etiam

254 2203 548 2258 ἐνεδύσατο
563 2204 623 2258 δέ
648 2203 784 2275 μετὰ
807 2205 1011 2258 τούτων
1039 2203 1132 2257 καὶ
1154 2202 1358 2274 χιτῶνα
1379 2204 1624 2276 άρῤαφον
1646 2207 1711 2258 ἐκ
1739 2205 1848 2259 τῶν

253 2297 460 2352 ἄνωθεν
491 2295 731 2365 ύφαντὺν
759 2295 825 2348 δι’
854 2294 978 2348 ὅλου
1016 2294 1304 2365 γενόμενον
1326 2312 1338 2326 ·
1388 2295 1475 2348 ἵνα
1503 2293 1604 2348 κᾶν
1631 2295 1696 2349 ἐκ
1726 2295 1848 2349 τού-

254 2405 358 2442 των
394 2388 514 2458 (Π)
549 2387 841 2440 πιστεῦσαι
875 2385 1178 2456 δυνηθῶσιν
1220 2387 1268 2439 oi
1315 2387 1592 2451 Ἰουδαῖοι,
1621 2387 1704 2451 τίς
1730 2389 1846 2440 ἐστι

256 2481 348 2534 καὶ
377 2478 548 2534 πόθεν
565 2480 596 2530 6
621 2478 980 2549 ἐνδυσάμενος
998 2478 1170 2532 ταῦτα
1192 2496 1205 2508 ·
1231 2479 1313 2532 ὅτι
1333 2479 1434 2532 ούκ
1455 2479 1565 2533 ἀπὸ
1585 2479 1708 2550 γῆς,
1731 2479 1845 2533 ἀλλ’

258 2571 465 2626 ἀνωθεν
505 2571 804 2642 ἐρχόμενος
843 2565 913 2640 ἦν
942 2572 970 2624 ό
995 2570 1198 2638 Λόγος,
1233 2573 1327 2625 καὶ
1357 2571 1438 2624 ὅτι
1478 2570 1538 2624 ού
1569 2571 1844 2643 μεριστδς,
1897 2578 1907 2592 ·

399 2662 706 2734 ἀμέριστός
739 2664 887 2715 ἐστιν
911 2663 939 2715 ό
965 2662 1136 2732 Λόγος
1164 2663 1194 2715 6
1212 2662 1306 2716 τοῦ
1328 2661 1562 2734 Πατρὺς,
1595 2663 1710 2729 καὶ,
1743 2664 1845 2728 ὅτι,

258 2753 552 2824 γενόμενος
584 2752 870 2824 ἄνθρωπος
895 2793 909 2817 ,
939 2751 1038 2806 ούκ
1070 2753 1418 2826 ἐρραμμένον
1451 2748 1567 2824 εἶχε
1597 2753 1659 2806 τὸ
1691 2753 1850 2824 σῶμα

258 2844 316 2910 ἐξ
365 2843 565 2914 ἀνδρὸς
601 2843 696 2897 καὶ
725 2843 1010 2912 γυναικὸς,
1052 2843 1167 2897 ἀλλ’
1201 2846 1264 2897 ἐκ
1328 2843 1606 2915 Παρθένου
1661 2844 1847 2916 μόνης,

259 2937 575 3009 ὑφασμένον
609 2939 673 3008 τῇ
704 2937 798 2990 τοῦ
822 2937 1136 3008 Πνεύματος
1164 2936 1350 3011 τέχνῃ.
1393 2937 1550 2992 Ὅθεν
1583 2939 1632 2990 οἱ
1666 2936 1850 3008 δήμιοι

257 3032 326 3084 τὰ
357 3032 456 3102 μὲν
488 3029 628 3084 ἄλλα
654 3029 1060 3101 διαμερίζονται
1093 3028 1282 3100 ἱμάτια
1303 3069 1318 3092 ,
1372 3029 1600 3101 μεριστὰ
1626 3029 1734 3102 γὰρ
1759 3026 1848 3102 ἦν,

259 3123 350 3177 καὶ
364 3125 447 3186 είς
462 3121 707 3192 τέσσαρα
722 3119 1122 3193 διαμερίζονται
1137 3137 1152 3152 ο
1176 3119 1387 3192 καὶγὰρ
1407 3122 1545 3193 ύπέρ
1565 3123 1662 3193 τῆς
1679 3123 1714 3174 ά
1722 3139 1853 3194 μαρ-

258 3214 378 3278 τίας
422 3213 542 3283 (18)
571 3212 670 3282 τῆς
711 3211 1081 3284 τετραμεροῦς
1113 3212 1438 3284 οἰκουμένης
1480 3213 1622 3266 κατά
1660 3215 1853 3268 ἀνατο-

259 3305 375 3377 λὴν,
407 3307 506 3360 καὶ
535 3303 708 3368 δύσιν,
742 3283 837 3358 καὶ
860 3303 1080 3375 ἄρκτον,
1109 3303 1204 3356 καὶ
1233 3283 1581 3376 μεσημϐρίαν
1601 3344 1617 3369 ,
1660 3305 1852 3377 ἐφόρει
1878 3283 1922 3344 c

257 3398 430 3452 ταῦτα
450 3415 464 3428 °
498 3398 643 3468 άπερ
673 3395 956 3467 θεωρήσας
979 3397 1007 3448 6
1038 3396 1289 3465 Ἰωάννης
1321 3394 1666 3468 ἐνδεδυμένον
1691 3398 1856 3453 αὐτὸν

259 3491 448 3559 ἔλεγεν
466 3509 482 3519 ·
523 3507 542 3540 ι
581 3487 677 3541 Ίδέ
705 3489 733 3541 ό
757 3487 927 3558 ἀμνὸς
954 3486 1049 3540 τοῦ
1079 3485 1215 3539 Θεοῦ
1238 3525 1256 3552 ,
1285 3489 1314 3540 6
1343 3487 1512 3559 αἴρων
1540 3488 1637 3559 τὴν
1668 3488 1856 3562 ἁμαρ-

258 3585 382 3638 τίαν
414 3581 514 3636 τοῦ
556 3581 786 3652 κόσμου.
818 3598 837 3630 ι
887 3579 991 3632 Τὸν
1024 3579 1228 3649 χιτῶνα
1262 3579 1374 3649 (19)
1404 3581 1564 3652 μόνον
1600 3581 1700 3634 ούκ
1728 3580 1856 3651 ἠδυ-

261 3675 509 3748 νήθησαν
541 3673 726 3744 σχίσαι
751 3671 903 3742 φόϐῳ
927 3671 1024 3725 τοῦ
1047 3672 1113 3725 δι’
1135 3672 1301 3726 αὐτοῦ
1326 3671 1734 3744 γνωριζομένου
1761 3689 1860 3744 ση-

265 3769 444 3841 μείου.
473 3767 588 3822 Kal
613 3766 776 3820 τοῦτο
800 3765 908 3838 γὰρ
933 3765 1034 3818 ούκ
1056 3765 1257 3832 αὐτῶν,
1288 3765 1424 3819 ἀλλὰ
1451 3765 1544 3818 τοῦ
1569 3765 1857 3837 κρεμαμέ-

263 3879 354 3914 νου
378 3861 641 3932 Σωτῆρος
671 3857 733 3912 τὺ
765 3857 944 3930 ἔργον.
984 3857 1095 3910 Καὶ
1127 3857 1237 3929 γὰρ
1270 3858 1641 3929 κρεμάμενος,
1671 3856 1746 3921 ὡς
1768 3857 1860 3912 άν-

263 3955 508 4026 θρωπος,
540 3951 642 4014 τὰς
672 3951 768 4021 μὲν
796 3949 972 4022 ἀρχὰς
995 3948 1205 4015 ἐδίωκε,
1235 3948 1327 4002 τδν
1348 3949 1404 4002 δὲ
1454 3947 1697 4002 διάϐολον
1726 3965 1856 4002 κατ-

263 4045 544 4117 ελάμϐανε
567 4086 583 4110 ,
636 4043 764 4106 τοὺς
801 4043 857 4096 δὲ
907 4041 1135 4113 δημίους
1163 4040 1376 4111 ἐφόϐει,
1410 4039 1484 4112 μὴ
1531 4037 1735 4110 σχίζειν
1766 4037 1859 4092 τὸν

265 4139 503 4211 χιτῶνα·
542 4137 631 4190 ἵνα
657 4179 670 4203 ,
696 4136 885 4188 τούτου
913 4134 1188 4206 μένοντος.
1221 4134 1358 4207 μένῃ
1382 4133 1479 4188 καὶ
1499 4133 1527 4185 6
1555 4130 1701 4186 κατὰ
1727 4132 1860 4185 Ἰου-

264 4229 436 4284 δαίων
469 4226 712 4297 ἐλεγχος,
748 4227 776 4278 6
808 4225 925 4296 μετ’
958 4226 1019 4278 ού
1055 4224 1190 4278 πολὺ
1220 4224 1532 4294 γενόμενος,
1563 4221 1730 4275 ὅτιτὸ
1761 4222 1860 4292 μὲν

267 4321 678 4389 καταπέτασμα
711 4317 936 4390 ἐσχίσθη
955 4359 969 4380 ,
994 4319 1023 4371 ό
1057 4317 1110 4370 δέ
1147 4316 1309 4388 χιτὼν
1337 4315 1429 4369 τοῦ
1465 4315 1715 4387 Σωτῆρος
1739 4313 1860 4367 ούδέ

269 4413 376 4466 ὑπὸ
400 4409 620 4480 δημίων
649 4408 899 4479 διῃρέθη,
931 4407 1048 4462 ἀλλ’
1092 4408 1304 4478 ἔμεινεν
1338 4407 1649 4478 ὁλόκληρος.
1693 4405 1860 4459 Μένει

269 4504 377 4574 γὰρ
409 4501 473 4554 τδ
503 4499 836 4569 Εύαγγὲλιον
857 4498 944 4554 διὰ
979 4499 1180 4562 παντὸς
1203 4497 1517 4570 ὁλόκληρον,
1553 4496 1662 4550 τῶν
1693 4496 1860 4550 σκιῶν

271 4593 693 4666 διαιρουμένων.
771 4592 919 4660 Πλὴν
964 4591 1046 4644 ὅτι
1099 4589 1507 4660 ἀποδυσάμενος
1555 4586 1622 4642 τά
1670 4586 1860 4657 ἱμάτια

708 4683 798 4738 τόν
827 4645 1054 4738 θάνατον
1074 4723 1089 4748 ,
1132 4683 1253 4736 τότε
1287 4645 1396 4753 (2D)
1431 4645 1592 4734 πάλιν
1623 4681 1652 4734 6
1679 4645 1860 4733 διάϐο-
1892 4645 1937 4699 D

272 4779 362 4844 λος
380 4819 397 4843 ,
455 4776 580 4831 ἰδὼν
608 4776 706 4848 τὴν
736 4775 1046 4850 προθυμίαν
1074 4773 1167 4827 τοῦ
1202 4775 1455 4845 Σωτῆρος
1479 4813 1495 4835 ,
1547 4771 1642 4825 καὶ
1672 4771 1862 4826 ἐαυτὸν

272 4870 332 4937 ἐξ
378 4867 615 4941 ούρανοῦ
646 4867 908 4930 πεσόντα,
957 4865 1052 4919 καὶ
1097 4866 1195 4936 τῆς
1229 4864 1332 4936 γῆς
1359 4862 1726 4934 ἐκϐληθέντα,
1762 4863 1863 4916 ούκ

276 4956 420 5031 εἶχεν
458 4960 488 5012 ὅ
520 4975 575 5012 τι
610 4958 806 5029 πράξει
827 4976 839 4988 ο
879 4957 1058 5011 πάντα
1094 4955 1205 5028 γὰρ
1235 4951 1302 5026 ἦν
1333 4954 1482 5026 αύτῷ
1507 4954 1738 5027 θορύϐου
1768 4955 1864 5009 καὶ

277 5051 513 5123 ἀπορίας
543 5049 735 5121 μεστά.
760 5050 870 5102 Καὶ
899 5048 1078 5120 μένειν
1099 5048 1196 5119 μὲν
1221 5047 1321 5101 οὐκ
1346 5046 1580 5116 ἠδύνατο
1597 5087 1611 5112 ,
1644 5045 1864 5116 φεύγειν

277 5139 332 5194 δὲ
358 5141 524 5194 πάλιν
546 5140 812 5211 ἐφοϐεῖτο.
838 5139 984 5211 Πλὴν
1003 5141 1084 5193 ὅτι
1111 5137 1455 5210 ἐνθυμηθεὶς,
1484 5138 1566 5192 ὅτι
1590 5140 1715 5203 τοὺς
1738 5139 1866 5193 ἀπο-

280 5231 648 5302 θνήσκοντας,
698 5232 791 5285 ἐπὶ
831 5233 931 5304 τῆς
963 5233 1068 5303 γῆς
1111 5230 1476 5302 ἀποθνήσκειν
1504 5225 1584 5283 δεῖ
1615 5229 1756 5284 κατὰ
1803 5230 1866 5284 τδ

280 5325 696 5397 γεγραμμένον·
727 5342 745 5376 ι
763 5325 840 5395 Γῆ
869 5321 936 5389 εἷ,
967 5325 1062 5378 καὶ
1093 5325 1172 5387 είς
1194 5324 1298 5394 γῆν
1318 5321 1621 5394 άπελεύσῃ·
1648 5341 1667 5375 ι
1697 5321 1868 5393 φοϐη-

282 5415 392 5480 θεὶς
426 5416 524 5469 ἐπὶ
550 5416 657 5486 γῆς
689 5417 868 5487 μεῖναι
887 5458 901 5484 ,
934 5415 1010 5487 μὴ
1035 5415 1153 5468 ἐκεῖ
1178 5414 1500 5487 καταληφθῇ
1525 5453 1541 5480 ,
1567 5411 1753 5468 λοιπὸν
1784 5413 1866 5478 είς

351 5573 396 5606 ⁸⁸
431 5573 595 5629 Joan.
632 5589 689 5640 I,
721 5572 813 5628 29.
889 5572 936 5604 "
974 5571 1170 5628 Cenes.
1213 5586 1306 5638 ιιι,
1344 5570 1433 5627 l9.

355 5752 466 5826 (l7)
498 5750 722 5826 Regius,
744 5753 832 5826 £7.
852 5751 1060 5826 106mg.

358 5821 469 5909 (3.8)
494 5823 718 5909 Melie,
741 5823 952 5909 ιμέτιοξο
1005 5821 1242 5909 Ἐλεεδῆ
1268 5838 1377 5909 γει
1428 5821 1568 5909 “si?
1595 5823 1694 5908 τῆς
1734 5821 1866 5909 εμπ

291 5891 474 5950 multis
509 5891 776 5950 omissis.'
804 5891 1006 5965 Regius
1055 5891 1274 5961 ibidem,
1322 5891 1702 5966 Ἐπειδὴ’γὰρ,
1739 5891 1866 5950 item

1949 2226 2072 2265 cum
2113 2209 2200 2265 his
2250 2218 2455 2266 vestem
2497 2210 2884 2266 inconsutilem
2935 2210 3171 2280 desuper
3217 2218 3532 2265 contextam

1949 2318 2044 2373 per
2069 2310 2241 2358 totum
2258 2321 2272 2370 ;
2290 2311 2348 2357 ut
2375 2303 2564 2358 saltem
2589 2319 2655 2358 ex
2689 2303 2810 2359 istis
2838 2310 3061 2374 possent
3083 2300 3254 2356 Judaei
3283 2301 3529 2370 credere,

1948 2396 2073 2466 quis
2104 2403 2158 2450 et
2181 2395 2326 2450 unde
2361 2404 2506 2474 esset
2535 2396 2629 2466 qui
2661 2395 2778 2450 haec
2808 2393 3065 2448 indueret
3094 2412 3107 2448 :
3141 2409 3249 2448 non
3287 2408 3352 2448 ex
3384 2401 3530 2448 terra

1950 2486 2182 2552 scilicet,
2205 2487 2300 2541 sed
2335 2485 2569 2554 desuper
2598 2483 2886 2539 advenisse
2898 2481 3162 2546 Verbum,
3193 2498 3371 2552 neque
3392 2481 3536 2535 divi-

1951 2577 2107 2631 sibile
2134 2575 2228 2631 sed
2256 2574 2590 2630 indivisibile
2615 2573 2796 2629 Patris
2819 2571 3059 2628 Verbum
3076 2587 3222 2636 esse,
3243 2572 3534 2642 ipsumque

1951 2662 2156 2717 factum
2192 2663 2491 2728 hominem,
2527 2677 2639 2717 non
2670 2670 2962 2718 consutum
2986 2677 3192 2731 corpus
3223 2677 3290 2716 ex
3316 2661 3434 2714 viro
3475 2666 3532 2716 et

1959 2753 2189 2810 muliere
2213 2755 2490 2820 habuisse,
2526 2753 2622 2810 sed
2647 2770 2713 2809 ex
2741 2755 2859 2809 sola
2891 2752 3118 2826 Virgine
3145 2760 3263 2808 arte
3293 2751 3534 2823 Spiritus

1951 2855 2289 2904 contextum.
2313 2847 2470 2902 Unde
2491 2847 2827 2926 milites'alia
2859 2846 3080 2917 quidem
3105 2834 3427 2900 vestimenta
3449 2843 3533 2897 di-

1951 2939 2165 3001 vidunt,
2184 2954 2304 3009 quae
2334 2938 2631 2994 divisibilia
2661 2945 2840 3002 erant,
2862 2946 2916 2992 et
2942 2937 2996 2991 in
3021 2943 3258 3007 quatuor
3281 2935 3539 3020 dividui“

1952 3039 2138 3101 partes
2177 3049 2188 3084 :
2224 3030 2352 3100 quia
2388 3043 2487 3101 pro
2516 3036 2742 3101 peccato
2787 3029 2938 3083 orbis
2970 3027 3025 3082 in
3064 3034 3300 3096 quatuor
3350 3031 3539 3094 partes

1953 3123 2115 3178 divisi
2147 3123 2200 3176 in
2232 3122 2499 3176 orientem
2535 3122 2766 3188 scilicet,
2813 3119 3175 3182 occidentem,
3221 3115 3535 3187 aquilonem

1955 3223 2008 3270 et
2036 3213 2340 3279 meridiem,
2374 3213 2465 3267 illa
2507 3213 2756 3284 gestabat
2787 3231 2800 3266 :
2829 3212 3032 3284 quibus
3083 3209 3335 3264 indutum
3379 3207 3538 3262 illum

1955 3309 2308 3378 conspicatus
2359 3305 2622 3370 Joannes,
2658 3306 2736 3359 ait
2783 3323 2796 3360 :
2835 3325 2852 3357 ι
2911 3303 3051 3360 Ecce
3095 3301 3284 3376 Agnus
3310 3300 3408 3356 Dei
3441 3301 3535 3370 qui

1956 3401 2099 3455 tollit
2123 3408 2404 3470 peccatum
2437 3397 2710 3452 mundi“.
2749 3417 2767 3450 ι
2806 3395 2989 3452 Solam
3009 3395 3248 3450 tunicam
3283 3392 3544 3450 scindere

1956 3508 2067 3547 non
2103 3497 2419 3562 potuerunt,
2447 3497 2660 3545 terrore
2685 3488 2825 3560 signi
2856 3503 3086 3559 peream
3111 3485 3363 3542 exhibiti.
3382 3483 3535 3538 Erat-

1957 3599 2063 3655 que
2091 3583 2223 3637 illud
2243 3599 2348 3636 non
2379 3580 2753 3652 ipsorum,sed
2776 3580 3031 3650 suspensi
3059 3577 3359 3632 Salvatoris
3375 3593 3536 3647 opus.

1956 3673 2090 3728 Nam
2119 3688 2446 3743 suspensus,
2484 3682 2546 3726 ut
2577 3672 2761 3736 homo,
2794 3671 3137 3742 principatus
3166 3670 3535 3740 persequebao

1957 3773 2068 3827 tur,
2100 3764 2374 3819 diabolum
2406 3762 2926 3833 comprehendebat,
2983 3761 3275 3816 carnifices
3327 3767 3540 3830 perter-

1958 3857 2136 3922 rebat,
2160 3872 2229 3912 ne
2245 3855 2562 3911 scinderent
2597 3854 2838 3908 tunicam
2867 3872 2880 3908 :
2909 3861 2967 3906 ut
2992 3859 3246 3906 manente
3271 3851 3384 3916 illa,
3418 3865 3538 3904 ma-

1959 3957 2116 4005 neret
2160 3945 2484 4004 Judenorum
2537 3927 2832 4012 convictio,
2867 3962 2989 4017 qua:
3031 3961 3137 3999 non
3186 3944 3359 3998 multo
3414 3950 3540 4014 post

1961 4041 2186 4106 accidit,
2220 4055 2344 4096 cum
2379 4041 2556 4096 scisso
2609 4039 2752 4104 velo,
2789 4039 2972 4092 tunica
3028 4036 3330 4092 Salvatoris
3363 4033 3539 4089 divisa.

1959 4147 2072 4188 non
2102 4141 2188 4188 est
2216 4147 2246 4186 a
2276 4130 2666 4198 carniﬁcibus;
2694 4129 2788 4187 sed
2819 4131 3028 4200 integra
3069 4125 3390 4200 permansit.
3428 4123 3542 4179 lla-

1960 4233 2055 4280 net
2105 4224 2254 4280 enim
2311 4223 2666 4294 Evangelium
2720 4237 2935 4291 semper
2981 4220 3292 4290 integrum,
3349 4215 3548 4274 divisis

1962 4318 2196 4374 mubris.
2227 4317 2498 4374 Caeterum
2547 4333 2671 4371 cum
2719 4322 2921 4371 exutus
2963 4309 3305 4368 vestimentis
3347 4323 3532 4380 prape.

1960 4415 2108 4463 raret
2147 4407 2214 4463 ad
2231 4418 2483 4472 mortem,
2509 4421 2729 4482 rursum
2758 4403 3008 4459 diabolus
3031 4444 3046 4468 ,
3069 4401 3263 4456 videns
3290 4396 3519 4454 Salvato

1962 4501 2039 4555 ris
2071 4499 2432 4565 alacritatem,
2457 4513 2627 4567 seque
2657 4511 2724 4551 ex
2753 4495 2894 4551 cmlo
2928 4493 3235 4562 delapsum,
3267 4505 3336 4546 ex
3367 4495 3545 4544 terra-

1965 4608 2074 4662 que
2097 4587 2650 4659 exturbatumzquid
2700 4592 2885 4658 ageret
2931 4599 3044 4638 non
3099 4581 3286 4636 habuit
3320 4576 3549 4634 :omnia

1968 4682 2176 4754 quippe
2205 4679 2311 4752 ipsi
2337 4688 2495 4736 erant
2521 4677 2759 4734 tumultu
2812 4686 2866 4732 et
2914 4675 3188 4729 anxietate
3232 4671 3412 4742 plena.
3440 4667 3549 4721 Ma-

1973 4787 2103 4827 nere
2132 4785 2239 4826 non
2270 4777 2504 4842 poterat,
2536 4769 2725 4839 fugere
2739 4764 3196 4824 exhorrescebat:
3222 4774 3431 4815 memor
3459 4765 3544 4811 ta-

1968 4877 2094 4916 men
2119 4878 2213 4918 eos
2241 4864 2334 4934 qui
2383 4867 2753 4926 morerentur,
2787 4859 2846 4915 in
2893 4866 3040 4913 terra
3091 4856 3232 4910 mori
3272 4861 3545 4922 oportere,

1968 4952 2433 5023 quemadmodum
2483 4954 2750 5024 scriptum
2798 4957 2932 5007 est:
2971 4966 2991 4999 ι
3031 4946 3200 5001 Terra
3246 4958 3330 5010 es,
3372 4947 3428 4996 ct
3490 4939 3548 4996 in

1971 5056 2174 5102 terram
2213 5047 2506 5102 reverteris
2537 5046 2604 5112 δ’,
2645 5064 2664 5098 ι
2700 5060 2810 5101 non
2840 5057 3007 5097 ausus
3043 5038 3100 5094 in
3136 5046 3279 5093 terra
3327 5046 3550 5088 manere

1971 5152 2043 5193 ne
2073 5138 2146 5191 ibi
2177 5137 2758 5207 comprehenderetur,
2781 5135 2998 5190 demum
3018 5142 3116 5200 per
3136 5137 3316 5179 aerem
3356 5121 3550 5174 volita-

1971 5229 2050 5283 vit
2076 5246 2091 5295 ;
2125 5237 2186 5283 ut
2209 5229 2400 5284 saltem
2435 5229 2534 5293 ita,
2561 5227 2846 5282 Dominico
2874 5211 3105 5293 corpore
3134 5217 3192 5273 in
3223 5219 3370 5269 terra
3403 5211 3550 5281 posi-

1970 5326 2051 5384 to,
2081 5317 2318 5374 liberum
2351 5317 2457 5373 sibi
2486 5331 2668 5372 aerem
2699 5314 2983 5369 retineret.
3016 5306 3125 5365 Sed
3154 5307 3419 5390 Dominus
3447 5304 3550 5362 hac

1972 5412 2030 5468 in
2065 5427 2126 5468 re
2183 5411 2430 5467 humano
2477 5408 2666 5481 generi
2705 5412 2953 5462 amanter
3003 5401 3299 5460 consulens
3332 5411 3444 5456 non
3491 5395 3552 5453 in

1973 5747 2154 5805 habet.

2047 5819 2158 5890 (ιθ)
2191 5813 2410 5890 genus.
2445 5813 2548 5890 τιν
2577 5811 2884 5890 eamea:

2048 5820 2136 5890 (l9
2191 5820 2410 5888 Regius,
2445 5820 2548 5868 Τὸν
2577 5820 2634 5866 δέ
2663 5820 2884 5884 χιτῶνα.

2048 5820 2162 5962 (2οζ
2189 5887 2392 5966 Regius
2419 5895 2470 5945 et
2497 5885 2709 5958 Anglic.
2735 5885 2844 5939 ὅτε.
2871 5880 3029 5939 Edito
3054 5893 3203 5948 vero,
3226 5878 3344 5933 τότε
3367 5871 3547 5932 πάλιν.
