4008 6404
424 365 534 422 223

1552 337 1610 410 s.
1647 352 2109 410 armxasms.
2149 381 2216 393 —
2247 349 2476 407 suum.

3569 345 3675 404 224

427 489 576 537 terra
601 487 852 534 mortuus
898 485 1006 542 est,
1030 475 1126 532 sed
1157 489 1257 546 per
1278 487 1498 529 crucem
1552 473 1607 526 in
1654 487 1836 528 aerem
1867 488 2003 527 con-

2116 471 2192 524 ιον
2213 469 2348 540 αέρα
2377 466 2635 520 ἐπέτατο·
2662 466 2801 537 τάχα
2825 465 2928 520 κᾶν
2952 464 3143 530 οὕτως,
3167 462 3262 518 τοῦ
3282 461 3546 534 κυριακοῦ
3568 462 3675 532 (21)

427 572 665 636 scendit,
693 572 766 626 ibi
796 585 1014 642 quoque
1037 574 1342 637 serpentem
1364 580 1730 635 persequens;
1753 573 1811 619 ut
1838 566 2001 620 etiam

428 667 556 722 inde
584 665 885 737 principem
915 660 1199 734 potestatis
1233 659 1378 713 aeris
1399 659 1735 720 deturbaret,
1753 666 1807 712 et
1843 659 1997 728 spiri-

429 762 596 814 tualia
619 759 876 829 nequitiae
893 756 1153 824 dejiceret
1174 753 1242 814 ",
1271 768 1336 809 ac
1367 768 1435 807 ue
1455 753 1535 807 sic
1559 751 1779 822 quidem
1798 759 2002 805 terram

429 853 637 919 absque
661 847 900 902 remedio
938 844 1180 913 reliquit.
1218 840 1354 895 Nam
1387 842 1441 895 in
1472 856 1637 895 cruce
1677 856 1998 910 suspensus,

428 954 611 994 aerem
634 936 882 1009 purgavit
917 949 1178 990 manuum
1200 934 1532 1004 eapausione
1559 951 1574 988 :
1598 941 1796 987 terram
1822 941 2003 986 autem

430 1028 681 1088 redemit,
733 1025 997 1095 sanguine
1053 1033 1108 1079 et
1166 1038 1308 1094 aqua
1363 1023 1549 1077 lateris
1599 1022 1686 1076 sui
1732 1021 2003 1076 abluendo

429 1133 629 1188 ipsam.

2107 561 2357 635 σώματος
2391 562 2483 613 ἐπὶ
2511 563 2614 632 γῆς
2644 560 2924 624 τεθέντος,
2956 558 3236 628 ἐλεύθερον
3266 557 3365 628 ἐχῃ
3399 554 3491 609 τὸν
3522 555 3675 628 ἀέρα.

2117 655 2255 708 Ἀλλ’
2271 657 2299 706 ὁ
2321 653 2544 722 Κύριος,
2570 653 2663 706 καὶ
2688 655 2744 705 ἐν
2764 652 2938 722 τούτῳ
2963 649 3559 720 φιλανθρωπεώμενος.
3583 647 3677 700 οὐκ

2105 750 2185 810 είς
2217 747 2323 816 γῆν
2356 745 2623 798 ἀπέθανεν
2643 785 2658 808 ,
2711 744 2823 798 ἀλλ’
2850 747 2930 808 είς
2957 745 3047 797 τὸν
3088 742 3229 813 ἀέρα
3265 741 3433 810 ἀνέϐη
3474 739 3563 793 διά
3588 739 3678 791 τοῦ

2108 838 2340 910 σταυροῦ
2367 879 2382 902 ,
2417 839 2627 891 διώκων
2663 839 2824 892 κάκεῖ
2852 838 2943 891 τὸν
2978 837 3130 905 δεριν·
3165 837 3252 888 ῖνα
3290 834 3540 888 κάκεῖθεν
3589 832 3676 887 τὸν

2097 931 2346 1002 ,ἄρχοντα
2393 932 2490 1001 τῆς
2529 931 2774 996 ἐξουσίας
2816 930 2910 983 τοῦ
2947 929 3108 1000 ἀέρος
3148 926 3422 998 ἀποδιώξῃ
3444 966 3459 989 ,
3492 925 3586 980 καὶ
3614 924 3682 978 τά

2111 1023 2455 1092 πνευματικά
2486 1024 2584 1094 τῆς
2613 1022 2876 1094 πονηρίας
2903 1021 3208 1094 καταϐάλῃ,
3244 1023 3345 1073 οὐκ
3373 1018 3530 1088 ἀφεὶς
3561 1015 3683 1070 οὐδὲ

2108 1114 2253 1168 οὕτω
2277 1116 2376 1187 τὴν
2403 1116 2504 1186 γῆν
2527 1116 2917 1186 ἀθεράπευτον.
2956 1115 3068 1169 Καὶ
3089 1114 3197 1185 γὰρ
3222 1114 3570 1185 κρεμάμενος
3596 1109 3683 1164 ἐπὶ

423 1212 521 1266 τοῦ
555 1209 809 1282 σταυροῦ,
839 1210 930 1264 τδν
959 1210 1055 1280 μὲν
1080 1209 1217 1281 άέρα
1244 1209 1535 1282 ἐκαθάριζε
1562 1213 1625 1281 τῇ
1649 1208 1865 1262 ἐκτάσει
1923 1207 2032 1263 τῶν
2067 1212 2300 1284 χειρῶν,
2367 1213 2465 1283 τὴν
2496 1213 2554 1266 δὲ
2601 1213 2706 1284 γῆν
2759 1212 3080 1282 ἐλυτροῦτο,
3126 1211 3205 1282 τῷ
3240 1211 3432 1281 αῖματι
3471 1210 3566 1262 καὶ
3609 1206 3682 1278 τῷ

426 1303 581 1356 ὕδατι
610 1305 706 1373 τῆς
738 1303 976 1374 πλευρᾶς
1005 1304 1326 1357 ἀποπλύνων
1355 1304 1547 1375 αὑτήν.

499 1397 589 1449 2‘3.
606 1394 747 1462 Quid
768 1396 933 1466 igitur
957 1395 1185 1450 inimico
1203 1396 1331 1450 talia
1350 1396 1574 1467 patienti
1602 1395 2013 1467 restabatagen-

428 1486 600 1542 dum?
629 1486 706 1540 Ex
756 1487 898 1540 εωιο
925 1485 1226 1550 deciderat,
1257 1503 1323 1540 ex
1364 1496 1515 1542 terra
1556 1486 1898 1546 deturbatus.
1942 1501 2009 1541 ex

422 1591 558 1631 aere
587 1575 852 1645 depulsus
897 1583 1044 1628 erat:
1085 1574 1152 1628 ad
1187 1575 1300 1629 haec
1329 1591 1580 1631 summus
1606 1575 1781 1644 pudor
1798 1575 2008 1639 aderat,

421 1666 579 1737 quod
610 1665 779 1720 multa
811 1665 1105 1736 pollicitus,
1140 1666 1272 1719 nihil
1299 1665 1554 1720 ediceret.
1589 1664 1747 1720 Omni
1771 1681 1902 1736 ergo
1943 1681 2008 1720 ex

2179 1393 2268 1448 22.
2301 1394 2367 1447 Τί
2409 1395 2595 1447 λοιπὸν
2634 1394 2738 1446 ἔδει
2785 1396 2960 1449 ποιεῖν
2992 1394 3234 1447 παθόντα
3272 1392 3446 1446 ταῦτα
3476 1393 3567 1447 τὸν
3599 1395 3684 1466 εχ-

2109 1484 2267 1557 θρόνς
2298 1483 2388 1549 Ἐξ
2409 1485 2635 1556 ούρανοῦ
2659 1484 2990 1548 ἐπεπτώκει,
3014 1484 3123 1537 ἀπὸ
3144 1484 3246 1553 γῆς
3269 1483 3533 1554 ἐξεϐλήθη
3550 1485 3679 1553 (22),

2110 1575 2204 1630 τοῦ
2225 1576 2384 1648 ἀέρος
2410 1575 2637 1646 ἐδιώχθη
2653 1593 2666 1606 ο
2691 1575 2940 1646 καὶπρὸς
2971 1575 3180 1637 τούτοις
3198 1573 3457 1644 ᾐσχύνετο
3479 1575 3683 1645 μεγάλα

2109 1667 2592 1738 ἐπαγγειλάμενος,
2622 1668 2717 1720 καὶ
2750 1667 2915 1737 μηδὲν
2937 1665 3190 1738 ἐνεργῶν.
3224 1666 3565 1736 Πανταχόθεν
3593 1663 3684 1720 οὖν

428 1765 588 1829 parte
600 1766 916 1826 superatus,
933 1771 995 1811 ac
1014 1756 1256 1827 undique
1269 1756 1484 1811 consilii
1505 1758 1682 1827 in0ps,
1699 1758 1890 1812 statuit
1909 1758 2012 1811 sal-

2116 1759 2365 1830 ἡττηθεὶς
2386 1799 2401 1822 ,
2437 1759 2533 1811 καὶ
2558 1759 2671 1826 (9.5)
2697 1759 3032 1830 πανταχόθεν
3066 1757 3363 1829 ἀπορηθεὶς
3379 1797 3394 1821 ,
3421 1758 3562 1826 ἔγνω
3584 1759 3684 1813 κάν

427 1861 538 1905 tem
558 1850 831 1906 infernum
858 1850 964 1906 sibi
983 1865 1200 1904 servare
1223 1869 1234 1904 :
1256 1850 1343 1904 hic
1359 1851 1503 1905 enim
1519 1852 1668 1906 solus
1693 1851 1796 1922 ipsi
1814 1867 1998 1921 super-

422 1948 550 1996 erat
566 1940 927 2008 locus.Quare
938 1949 1187 1997 metuens
1205 1957 1271 1996 ne
1291 1939 1555 1997 Dominus
1566 1957 1632 1996 eo
1647 1943 2005 2008 descendens,

432 2033 562 2088 inde
587 2034 752 2090 etiam
787 2051 847 2090 se
864 2035 1178 2104 expelleret,
1205 2051 1504 2106 omnesque
1533 2036 1639 2092 sibi
1671 2037 1922 2092 subditos
1943 2038 2010 2092 li-

429 2124 668 2189 beraret,
696 2126 878 2179 omnia
901 2126 1142 2190 miscuit,
1177 2126 1362 2180 omnia
1392 2127 1708 2191 commovit,
1730 2144 1922 2184 omnes
1953 2131 2007 2184 in

429 2217 700 2271 auxilium
725 2217 959 2281 vocavit,
979 2217 1197 2273 Judwos
1216 2218 1413 2272 iterum
1430 2220 1726 2274 concitavit
1751 2232 1808 2275 ut
1828 2220 2011 2276 Domi-

429 2322 564 2364 num
584 2309 798 2378 probris
813 2318 866 2363 et
882 2310 1233 2364 contumeliis
1250 2309 1547 2374 adicerent,
1568 2310 1967 2384 irriderentque
1992 2331 2006 2368 :

431 2415 498 2455 ac
513 2399 1010 2471 demumquidquid
1028 2402 1133 2456 sibi
1166 2403 1403 2458 telorum
1432 2413 1740 2474 supererat,
1762 2405 1814 2459 id
1839 2405 2013 2460 immi-

431 2493 507 2545 sit
540 2492 593 2545 in
613 2489 922 2556 Dominum,
949 2500 1165 2547 tentans
1192 2495 1237 2550 si
1268 2511 1378 2564 quo
1410 2495 1571 2549 modo
1601 2495 1750 2548 illum
1772 2497 2012 2568 peccatis
2048 2528 2063 2547 .

433 2583 764 2644 obnoxium,
826 2583 930 2637 hac
976 2584 1170 2640 saltem
1222 2587 1439 2642 ratione
1487 2595 1793 2657 superaret.
1840 2586 2011 2642 Judaei

432 2674 540 2745 75
586 2674 751 2741 igitur
783 2672 1075 2730 Dominum
1110 2675 1413 2732 irridebant
1453 2678 1701 2734 dicentes
1731 2699 1744 2733 :
1777 2699 1794 2731 ι
1836 2678 1893 2734 Si
1924 2679 2014 2734 Fi-

434 2767 544 2821 lius
575 2764 666 2821 Dei
698 2783 779 2832 es,
800 2768 1071 2824 descende
1095 2767 1164 2823 de
1193 2771 1442 2825 cruce".
1478 2790 1496 2821 ι
1524 2771 1596 2824 At
1632 2768 1900 2833 Salvator,
1920 2772 2011 2842 qui

438 2873 630 2912 revera
661 2856 833 2914 Filius
865 2857 958 2914 Dei
989 2869 1127 2924 erat,
1176 2877 1284 2916 non
1320 2860 1582 2931 fugiendo
1629 2871 1885 2928 mortem,
1917 2862 2014 2920 sed

423 2937 825 3021 stpectando,
862 2960 1026 3023 atque
1063 2953 1137 3008 ita
1184 2955 1450 3009 calcando
1497 2955 1694 3026 ipsam,
1727 2957 1902 3013 voluit
1931 2958 2014 3011 di-

438 3042 650 3111 gnosci,
678 3057 738 3096 se
763 3039 962 3096 Filium
990 3059 1114 3100 esse
1145 3044 1263 3107 Dei,
1296 3054 1462 3115 atque
1485 3061 1668 3101 veram
1692 3048 1880 3101 vitam.
1909 3045 2014 3102 Po-

2108 1851 2200 1903 τδν
2230 1850 2361 1921 ᾅδην
2381 1849 2640 1917 φυλάξαι·
2664 1849 2825 1902 τοῦτο
2852 1849 2962 1920 γὰρ
2981 1849 3060 1902 ἔτι
3075 1849 3137 1902 τὸ
3155 1849 3353 1921 χωρίον
3368 1849 3685 1904 ὑπελείπετο

2107 1942 2301 2013 τούτῳ.
2323 1941 2414 1994 Διὸ
2431 1942 2524 1994 καὶ
2541 1941 2704 2010 φοϐοῦ
2713 1959 2890 2012 μενος,
2912 1941 2987 2012 μὴ
3004 1943 3120 1994 ἐκεῖ
3134 1939 3404 1994 κατελθὼν
3419 1941 3448 1993 ὁ
3463 1940 3682 2012 Κύριος,

2109 2035 2317 2089 ἐκεῖθεν
2344 2035 2506 2088 αὐτὸν
2533 2033 2763 2104 ἐκδιώξῃ
2781 2076 2794 2096 ,
2830 2035 2924 2087 καὶ
2958 2033 3165 2095 πάντας
3194 2033 3321 2096 τοὺς
3347 2032 3684 2104 ὑποχειρίους

2110 2126 2479 2201 ἐλευθερώσῃ,
2510 2127 2687 2180 πάντα
2720 2126 2893 2179 ἐκύκα
2926 2125 3019 2178 καὶ
3055 2125 3341 2191 συνεκίνει,
3377 2125 3584 2189 πάντας
3608 2128 3684 2190 είς

2112 2217 2361 2291 βοήθειαν
2391 2217 2593 2280 καλῶν,
2628 2217 2722 2270 καὶ
2755 2215 3039 2287 παρώξυνε
3066 2215 3224 2269 πάλιν
3246 2217 3372 2279 τοὺς
3402 2217 3684 2279 Ἰουδαίους

2110 2307 2386 2373 ὀνειδίζειν
2407 2308 2498 2361 τὸν
2513 2308 2736 2379 Κύριον,
2754 2308 2846 2360 καὶ
2866 2305 3104 2378 ὑϐρίζειν
3125 2309 3217 2361 καὶ
3231 2308 3393 2380 γελᾷν
3411 2307 3548 2372 ὅλως
3567 2308 3684 2362 κατ’

2112 2401 2275 2456 αὑτοῦ
2301 2419 2315 2432 ·
2354 2402 2447 2454 καὶ
2471 2401 2605 2463 ὅλως
2639 2400 2694 2452 εῐ
2712 2416 2767 2452 τι
2793 2399 3165 2472 ττεριελείτπτο
3189 2399 3489 2465 πανοπλίας
3515 2400 3682 2471 αύτῷ,

2111 2495 2268 2548 τοῦτο
2310 2495 2462 2564 ἠφίει
2491 2491 2634 2546 κατὰ
2673 2492 2768 2545 τοῦ
2811 2493 3015 2564 Κυρίου
3036 2509 3050 2522 ·
3085 2492 3226 2563 τάχα
3255 2491 3358 2545 κᾶν
3380 2492 3493 2561 (24)
3516 2492 3686 2556 οὕτως

2112 2589 2272 2642 αὑτὸν
2292 2586 2653 2659 ύπερεύθυνον
2675 2587 2918 2658 ἁμαρτία
2940 2586 3067 2638 ὄντα
3089 2586 3357 2656 κρατήσῃ.
3380 2587 3441 2637 Οἱ
3465 2584 3685 2656 μὲνγὰρ

2127 2681 2362 2735 Ἰουδαῖοι
2393 2679 2682 2749 ἐχλεύαζον
2719 2678 2810 2732 τὸν
2849 2677 3051 2749 Κύριον
3092 2677 3369 2746 λέγοντες·
3408 2695 3429 2730 ι
3462 2678 3523 2730 Et
3559 2677 3687 2741 Υίδς

2114 2767 2166 2825 εἷ
2193 2771 2292 2825 τοῦ
2318 2770 2476 2833 Θεοῦ,
2505 2769 2775 2841 κατάϐηθι
2809 2769 2918 2824 ἀπὸ
2942 2767 3036 2822 τοῦ
3072 2769 3306 2841 σταυροῦ
3327 2786 3342 2801 ·
3383 2789 3401 2821 ι
3431 2773 3460 2823 ὁ
3487 2770 3545 2823 δέ
3575 2771 3687 2823 Σω-

2113 2864 2238 2935 τὴρ,
2267 2865 2296 2916 δ
2326 2862 2402 2933 τῷ
2429 2862 2542 2915 ϐντι
2571 2861 2666 2914 τοῦ
2705 2861 2840 2914 Θεοῦ
2870 2861 3016 2925 Υἱὸς,
3046 2861 3145 2913 οὐκ
3186 2861 3296 2914 ἀπὸ
3339 2860 3431 2915 τοῦ
3466 2860 3691 2930 φεύγειν

2113 2955 2203 3006 τὸν
2237 2953 2488 3016 θάνατον,
2521 2953 2637 3007 ἀλλ’
2667 2952 2775 3006 ἀπὸ
2802 2951 2896 3005 τοῦ
2929 2952 3111 3023 μένειν
3137 2953 3317 3014 αὑτὸν,
3343 2952 3434 3005 καὶ
3460 2953 3688 3022 μένοντα

2115 3047 2354 3116 πατῆσαι
2372 3047 2462 3098 τὸν
2482 3045 2731 3109 θάνατον,
2750 3045 2907 3115 ἤθελε
2928 3044 3235 3112 γνωσθῆναι
3254 3044 3378 3106 Υἱὸς
3392 3043 3526 3098 Θεοῦ
3551 3044 3686 3114 (25),

438 3139 579 3186 ierat
609 3132 756 3185 enim
787 3147 854 3187 ex
883 3148 1048 3188 cruce
1080 3134 1441 3195 descendere.
1474 3138 1567 3207 qui
1604 3137 1744 3191 alios
1776 3137 2014 3192 suscita-

2117 3137 2210 3190 καὶ
2247 3139 2329 3190 ὅτι
2361 3139 2520 3202 αὐτός
2553 3139 2701 3190 ἐστιν
2745 3141 2779 3208 ἡ
2818 3137 2949 3208 ζωή.
2995 3137 3252 3214 Ἦδύνατο
3302 3137 3401 3207 μὲν
3437 3136 3546 3208 γάρ
3597 3137 3688 3190 καὶ

434 3229 523 3296 rat
563 3229 853 3286 mortuos;
891 3222 988 3278 sed
1039 3224 1332 3280 descensio
1371 3227 1460 3280 illa
1506 3229 1697 3284 mortis
1740 3229 1864 3299 fuga
1903 3229 2015 3284 visa

436 3307 585 3368 Esset
615 3333 627 3368 :
657 3323 848 3368 contra
876 3315 922 3369 si
951 3317 1005 3369 in
1030 3331 1194 3371 cruce
1227 3330 1591 3386 permaneret,
1621 3321 1755 3374 nihil
1788 3320 1840 3374 id
1869 3320 2014 3376 aliud

437 3403 737 3472 indicabat,
765 3423 952 3477 quam,
987 3423 1112 3462 eum
1144 3409 1236 3478 qui
1271 3422 1619 3480 permaneret
1659 3427 1782 3468 esse
1825 3413 2013 3470 vitam.

437 3495 805 3564 Quamobrem
854 3500 1025 3552 multa
1068 3500 1285 3555 diabolo
1325 3517 1458 3557 cura
1502 3503 1626 3567 fuit,
1655 3513 1715 3558 ut
1756 3497 2017 3563 Dominus

437 3587 591 3644 hisce
627 3588 941 3660 opprobriis
982 3591 1307 3660 adiceretur,
1341 3595 1666 3666 volebatque
1709 3597 1890 3669 ipsum
1923 3599 2020 3654 de-

439 3681 703 3737 scendere
737 3683 804 3739 de
835 3700 1028 3750 cruce,
1062 3701 1238 3756 neque
1286 3686 1428 3741 inter
1474 3696 1720 3744 mortuos
1769 3693 2014 3759 versari;

440 3782 500 3828 ut
531 3775 611 3830 sic
641 3775 848 3831 illzesus
901 3777 1097 3839 abiret,
1127 3786 1581 3850 mortuoruinque
1602 3781 1902 3836 dominium
1932 3799 2019 3837 re-

437 3865 656 3921 tineret.
674 3866 945 3922 Metuebat
963 3869 1130 3933 enim,
1161 3887 1248 3936 ue,
1275 3873 1730 3941 quemadmodum
1753 3874 2017 3942 scriptum

421 3965 546 4020 ‘est,
578 3960 883 4014 ascendens
926 3960 983 4015 in
1021 3963 1202 4017 crucis
1237 3963 1490 4028 sublime,
1548 3965 1818 4032 captivam
1845 3965 2016 4018 duce-

439 4057 525 4103 ret
565 4051 970 4118 captivitatem,
1009 4060 1063 4106 et
1108 4053 1378 4122 acciperet
1421 4053 1564 4124 dona
1619 4053 2016 4110 hominibus".

441 4138 770 4210 Suspicatus
805 4143 950 4195 enim
987 4151 1090 4204 est,
1120 4160 1186 4197 ne
1214 4145 1304 4197 hic
1327 4153 1474 4198 esset
1498 4145 1565 4200 de
1596 4162 1706 4214 quo
1735 4147 1847 4200 haec
1881 4147 2018 4201 scri-

442 4239 534 4303 {sa
555 4240 734 4286 erant.
779 4231 934 4286 Unde
972 4234 1282 4303 versipellis
1315 4234 1406 4288 ille
1455 4252 1674 4289 rursum
1717 4235 2020 4294 Pharisaaos

442 4324 758 4384 commovit,
785 4339 849 4377 ac
879 4323 1096 4377 demum
1136 4340 1204 4378 eo
1238 4341 1410 4395 usque
1440 4327 1667 4380 deduxit
1696 4328 1838 4392 illos,
1870 4338 1926 4384 ut
1963 4347 2022 4386 se

443 4414 752 4470 credituros
797 4416 1205 4484 pollicerentur,
1253 4417 1298 4471 si
1336 4419 1513 4472 solum
1561 4419 1917 4476 descenderet
1952 4423 2019 4478 de

443 4521 628 4560 cruce.
673 4506 868 4560 Omnia
902 4523 1065 4575 porro
1104 4508 1377 4573 movebat,
1401 4510 1583 4562 omnia
1625 4520 1818 4580 prater
1847 4514 2012 4568 animi
2051 4485 2092 4539 θ

445 4599 774 4653 sententiam
807 4599 1180 4666 promittebat,
1212 4597 1376 4652 modo
1425 4599 1479 4652 id
1507 4601 1763 4668 eiliceret,
1796 4620 1864 4659 ne
1900 4621 2017 4660 mo-

446 4699 678 4754 reretur,
711 4705 847 4743 neve
875 4689 1231 4743 descenderet
1263 4690 1317 4743 in
1356 4689 1651 4748 infernum.
1695 4693 1884 4750 Denuo
1910 4697 2017 4767 igi-
2055 4719 2058 4721 ·

447 4790 536 4835 tur
561 4779 853 4835 Pharisaeis
892 4791 1084 4836 auctor
1116 4781 1217 4835 fuit
1264 4790 1324 4836 ut
1361 4781 1605 4838 dicerent
1632 4805 1644 4839 :
1679 4805 1697 4833 c
1726 4788 1878 4844 Alios
1911 4791 2020 4844 sal-

444 4889 544 4928 vos
582 4871 731 4939 fecit,
783 4873 1020 4943 seipsum
1070 4889 1179 4928 non
1222 4884 1401 4945 potest
1447 4879 1656 4932 salvum
1705 4879 1902 4936 facere.
1953 4879 2011 4934 Si

446 4962 562 5018 Rex
598 4965 764 5018 lsrael
795 4975 899 5027 est,
928 4964 1225 5020 descendat
1263 4982 1410 5020 nunc
1439 4966 1507 5023 de
1527 4984 1709 5032 cruce,
1735 4977 1789 5025 et
1826 4971 2016 5027 crede-

446 5071 569 5110 mus
590 5056 752 5112 εἰτ’.»
778 5055 995 5111 Minime
1020 5065 1202 5112 autem
1231 5057 1454 5112 credere
1472 5060 1684 5114 volebat
1712 5060 2015 5118 Pharisaeos

446 5149 708 5219 magister
740 5151 831 5205 ille
870 5150 1166 5221 impietatis
1194 5149 1390 5215 draco;
1438 5151 1533 5205 sed
1579 5154 1801 5222 aptabat
1835 5153 2017 5208 Domi-

2119 3232 2426 3302 καταϐῆναι
2449 3232 2558 3285 ἀπὸ
2589 3230 2681 3284 τοῦ
2715 3229 2972 3300 σταυροῦ,
3006 3230 3034 3281 ὁ
3070 3231 3162 3281 καὶ
3188 3229 3310 3292 τοὺς
3336 3228 3526 3292 ἄλλους
3550 3229 3690 3297 ἐγείι

2121 3340 2219 3394 ρας
2255 3322 2481 3394 νεκρούς
2507 3339 2518 3349 ’
2559 3321 2673 3375 ἀλλ’
2704 3323 2737 3391 ἡ
2768 3321 3068 3384 κατάϐασις
3101 3321 3278 3388 φυγὴν
3317 3319 3552 3373 ἐδείκνυε
3595 3320 3689 3372 τοῦ

2119 3416 2384 3468 θανάτου·
2423 3415 2486 3467 τὸ
2520 3414 2578 3467 δὲ
2623 3416 2933 3486 περιμεῖναι
2970 3412 3119 3466 οὐδὲν
3152 3412 3335 3482 ἐτερον
3378 3409 3688 3482 ἐγνώριζεν,

2117 3508 2151 3576 ἦ
2184 3508 2276 3559 τὸν
2315 3507 2674 3578 περιμένοντα
2707 3500 2847 3560 εἶναι
2896 3503 3063 3574 ζωήν.
3105 3504 3202 3558 Διά
3243 3504 3400 3558 τοῦτο
3442 3503 3551 3574 γάρ
3597 3504 3691 3558 καὶ

2117 3599 2236 3652 λίαν
2267 3598 2458 3669 ἔμελλε
2482 3597 2559 3669 τῷ
2605 3597 2834 3666 διαϐόλῳ
2872 3594 3222 3657 ὀνειδίζεσθαι
3268 3593 3360 3646 τὸν
3405 3593 3607 3664 Κύριον
3633 3595 3691 3647 ἐν

2117 3693 2349 3755 τούτοις,
2393 3692 2487 3744 καὶ
2517 3689 2706 3760 ἢθελεν
2738 3688 2899 3741 αὑτὸν
2926 3687 3032 3740 ἀπὸ
3061 3686 3152 3739 τοῦ
3184 3684 3415 3756 σταυροῦ
3449 3685 3691 3756 καταϐῆ-

2118 3803 2203 3838 ναι
2235 3785 2329 3837 καὶ
2362 3784 2435 3854 μὴ
2473 3783 2723 3852 γενέσθαι
2753 3785 2811 3835 ἐν
2841 3783 3072 3851 νεκροῖς,
3099 3779 3186 3831 ἵνα
3213 3778 3316 3832 κᾶν
3339 3777 3510 3841 οὕτως
3547 3779 3691 3831 ἀπα⁶

2120 3877 2216 3946 θὴς
2265 3875 2497 3947 ἀπέλθῃ,
2543 3876 2638 3928 καὶ
2681 3873 2791 3927 τῶν
2837 3871 3046 3943 νεκρῶν
3088 3869 3370 3941 κυριεύσῃ.
3418 3869 3694 3938 Ἐφοϐεῖτο

2119 3966 2225 4034 γὰρ
2263 3964 2337 4034 μὴ
2377 3963 2516 4016 κατὰ
2555 3963 2614 4015 τὸ
2642 3962 3040 4033 γεγραμμένον,
3070 3959 3273 4024 ἀναϐὰς
3313 3961 3394 4022 είς
3431 3957 3564 4027 ὕψος
3596 3957 3690 4011 τοῦ

2122 4057 2377 4128 σταυροῦ,
2407 4055 2828 4126 αίχμαλωτεύσῃ
2873 4052 2969 4123 τὴν
2998 4051 3390 4123 αἰχμαλωσίαν,
3430 4050 3523 4102 καὶ
3553 4049 3692 4121 λάϐῃ

2118 4147 2322 4216 δόματα
2349 4148 2405 4198 ἐν
2429 4143 2756 4215 ἀνθρώποις.
2792 4141 3142 4195 ’Υπώπτευσε
3171 4139 3279 4208 γὰρ
3303 4137 3378 4208 μὴ
3407 4129 3558 4200 οὗτός
3578 4138 3692 4189 ἐστι

2123 4241 2248 4308 περὶ
2279 4234 2340 4293 οὗ
2382 4239 2691 4310 γέγραπται
2734 4235 2924 4288 ταῦτα.
2958 4234 3118 4286 Ὅθεν
3161 4230 3320 4285 πάλιν
3359 4229 3527 4282 ἐκίνει
3567 4230 3694 4290 τοὺς

2119 4330 2442 4402 Φαρισαίους
2476 4332 2505 4382 ὁ
2537 4326 2861 4398 πανοῦργος,
2901 4327 2991 4378 καὶ
3025 4323 3208 4377 λοιπὸν
3253 4320 3394 4375 κατὰ
3438 4321 3692 4391 περισσὸν

2122 4422 2294 4474 ἐποίει
2335 4421 2444 4491 (9.6)
2485 4420 2680 4481 αὐτοὺς
2719 4415 3148 4486 ἐπαγγέλλεσθαι
3188 4413 3281 4466 καὶ
3313 4409 3609 4475 πιστεύειν,
3645 4409 3694 4462 εί

2122 4514 2391 4584 καταϐαίη
2429 4514 2588 4584 μόνον
2627 4512 2734 4564 άπὸ
2761 4509 2854 4563 τοῦ
2897 4507 3148 4579 σταυροῦ.
3184 4505 3366 4557 Πάντα
3405 4503 3461 4554 δέ
3504 4503 3691 4566 ἐκίνει,

2122 4607 2217 4659 καὶ
2257 4605 2403 4677 παρὰ
2435 4604 2658 4676 γνώμην
2703 4600 3088 4672 ἐπηγγέλλετο,
3123 4599 3279 4669 μόνον
3305 4598 3390 4649 ῖνα
3426 4594 3501 4665 μὴ
3534 4592 3696 4663 γένη-
3787 4676 3792 4680 ἢ

2122 4715 2211 4750 ται
2247 4698 2458 4768 νεκρὸς,
2491 4697 2584 4749 καὶ
2625 4694 2859 4766 κατέλθῃ
2893 4696 2972 4755 είς
3016 4691 3106 4744 τὸν
3141 4689 3292 4761 ᾅδην.
3333 4687 3534 4739 Ἐποίει
3565 4684 3694 4755 γοῦν

2126 4789 2285 4843 πάλιν
2328 4789 2506 4856 λέγειν
2555 4789 2678 4852 τοὺς
2727 4786 3084 4860 Φαρισαίους·
3147 4803 3164 4833 ι
3202 4781 3425 4842 ’Ἄλλους
3469 4778 3692 4842 ἔσωσεν,

2122 4881 2312 4934 ἐαυτὸν
2345 4881 2406 4932 ού
2433 4879 2653 4933 δύναται
2696 4879 2886 4932 σῶσαι.
2919 4878 2982 4931 El
3028 4874 3278 4946 βασιλεὺς
3311 4870 3526 4941 Ἰσραήλ
3556 4872 3692 4932 ἐστι,

2121 4972 2413 5027 καταϐάτω
2454 4971 2548 5025 νῦν
2590 4971 2698 5025 ἀπὸ
2748 4970 2841 5024 τοῦ
2894 4966 3152 5038 σταυροῦ,
3192 4966 3286 5018 καὶ
3333 4963 3696 5031 πιστεύσομεν

2122 5065 2288 5136 αύτῷ.
2329 5085 2346 5116 ι
2377 5066 2452 5118 Ού
2478 5065 2750 5117 πιστεύειν
2782 5064 2838 5116 δὲ
2864 5061 3022 5132 ἤθελε
3051 5061 3177 5123 τοὺς
3200 5058 3519 5129 Φαρισαίους
3547 5057 3576 5108 δ
3596 5055 3697 5126 τῆς

2121 5154 2380 5218 ἀπιστίας
2427 5155 2742 5217 διδάσκαλος
2783 5154 3031 5225 δράκων·
3083 5150 3219 5205 ἀλλὰ
3263 5149 3484 5219 φεύγειν
3538 5145 3696 5216 ἧθελε

512 5304 561 5336 ⁷⁸
601 5297 797 5373 ιῦιῖιιεε.
829 5321 919 5370 τι,
956 5305 1042 5362 l2.
1117 5307 1163 5338 ⁷⁸
1200 5305 1392 5361 Matth.
1425 5322 1602 5371 xxvu,
1630 5307 1719 5362 ιο.
1794 5310 1838 5340 ’⁸
1878 5309 2015 5363 Psal.

2116 5325 2228 5378 :vu,
2268 5311 2353 5366 l9.
2430 5311 2477 5342 ⁷³
2515 5309 2682 5364 Μαιιίι
2736 5325 2907 5375 xxvii,
2946 5307 3035 5363 42.

481 5456 1102 5550 τίεὲὶέξτειέξς-μεῖῖνν
1125 5463 1206 5550 μὴ
1225 5462 1401 5550 φθτβυς
1428 5463 1525 5550 τοξ
1548 5465 1832 5550 memmi:
1855 5465 2017 5550 οπρίε·

450 5528 529 5607 ςῖε
554 5527 940 5607 ηιμίιὶείιίοῂ,
991 5527 1094 5607 ἵνα
1119 5527 1245 5607 anie
1271 5534 1413 5604 τάχα
1462 5535 1565 5590 κᾶν
1591 5527 1783 5600 οὕτως,
1819 5535 2017 5607 legitur

448 5597 507 5654 in
535 5595 722 5671 editis,
749 5597 901 5671 deest
930 5600 984 5653 in
1007 5599 1203 5671 ⁸Ιὶεείο,
1236 5595 1423 5671 probe.

523 5666 636 5742 (ἓξ)
669 5666 894 5742 ξξεεὶυε.
928 5666 1238 5742 ἐκϐγέϐλητο.

524 5735 636 5810 (ἓξ)
671 5737 807 5810 ΚαίΔ
833 5737 984 5792 deest
1019 5741 1071 5810 in
1102 5735 1417 5810 A'uglicano.
1581 5801 1584 5805 ,

525 5805 640 5878 (24)
671 5805 748 5861 lla
773 5805 905 5881 Reg.
929 5815 982 5866 et
1014 5809 1170 5883 Angl.
1191 5805 1292 5868 Ed.
1322 5830 1466 5880 vero,
1492 5817 1539 5867 εί
1566 5817 1702 5888 τάχα
1726 5817 1846 5872 κάν.
1874 5814 2014 5879 Mox,

2120 5467 2271 5528 ὄντα,
2324 5471 2472 5537 post_
2502 5466 2767 5537 ἁμαρτία,
2824 5465 2976 5537 deest
3020 5464 3072 5518 in
3121 5459 3336 5516 iisdem.
3372 5455 3503 5512 Ibid.
3557 5454 3691 5525 Reg.

2123 5534 2953 5606 ἁμαρτίας.[ξοδεὶιζὰμαρτίαις.
3233 5601 3252 5606 ,
3530 5595 3566 5606 Α
3634 5591 3661 5604 -

2195 5595 2308 5674 (2'5)
2349 5595 2425 5658 lia
2465 5595 2694 5677 Regius,
2739 5595 2977 5660 secunda
3016 5617 3200 5660 manu.
3233 5601 3290 5656 ln
3317 5599 3500 5664 editis,
3527 5595 3690 5660 Θεοῦ,

2124 5676 2296 5731 deest.
2557 5676 2564 5677 “

2196 5745 2308 5816 (26)
2350 5745 2574 5818 Regius,
2600 5747 2769 5800 ἐποίει
2803 5746 2928 5816 γάρ.
