4008 6404
249 365 338 425 225

1241 358 1330 414 DE
1367 352 1711 415 PASSIONE
1743 359 1834 416 ET
1870 356 2106 417 CRUCE
2145 357 2405 418 DOMI'NI.

3362 363 3475 421 226

248 480 325 534 τὸν
345 475 532 546 Κύριον
555 476 645 531 τὸν
684 474 932 532 θάνατον.
974 473 1107 530 Οὐδὲ
1136 462 1329 546 μαθεῖν
1356 474 1571 547 ήθελεν,
1607 476 1658 530 εί
1688 462 1781 529 δύο

1903 492 2012 531 mm
2049 476 2225 532 vitare
2273 482 2528 531 mortem.
2575 472 2766 546 Neque
2821 474 3039 532 volebat
3087 477 3352 541 ediscere.
3398 494 3473 535 an

250 587 378 626 ναται
411 570 589 624 ἐαυτὸν
630 568 837 625 σῶσαι·
870 567 982 623 ἀλλ’
1023 568 1109 621 ἶνα
1146 567 1222 639 μὴ
1253 568 1367 631 τοῖς
1394 566 1576 633 ἄλλοις
1612 586 1787 640 σωτη-

250 664 323 733 ρία
349 662 575 734 γένηται.
610 663 675 716 Et
709 662 819 734 γὰρ
856 661 993 725 ὅλως
1033 661 1365 729 ἐγίγνωσκεν
1395 658 1506 732 (27)
1536 660 1788 716 σώσαντα

248 755 381 809 αὐτὸν
408 756 524 817 τοὺς
555 747 773 819 ἄλλους,
807 754 908 807 οὐκ
947 749 1016 825 ἦν
1057 751 1380 823 ἀμφίϐολον,
1420 752 1512 806 τὸν
1544 755 1658 816 τοῖς
1693 752 1788 807 ἀλ-

247 847 337 910 λοις
373 845 634 900 δεδωκότα
680 845 975 918 σωτηρίαν,
1022 845 1185 898 αὐτὸν
1233 841 1372 898 εἶναι
1420 843 1649 915 Σωτῆρα
1693 844 1788 897 καὶ

247 936 383 1007 ζωήν.
1501 961 1506 965 -

297 1029 372 1085 25.
403 1027 605 1082 οὐκοῦν
626 1027 719 1082 διὰ
746 1027 907 1083 τοῦτο
932 1027 1092 1081 αὑτὸν
1123 1024 1417 1091 ὠνείδιζον,
1451 1026 1539 1080 ἵνα
1575 1026 1651 1097 μή
1678 1028 1791 1090 τοῖς

243 1117 388 1182 ἄλλοις
413 1119 655 1190 σωτηρία
690 1118 937 1189 γένηται.
968 1116 1120 1189 ᾚδει
1158 1117 1266 1189 γὰρ
1304 1119 1332 1170 6
1373 1116 1686 1187 περίεργος,
1707 1116 1791 1168 ὅτι

241 1210 321 1262 οὐκ
348 1209 673 1281 ἀποθνήσκει
709 1212 739 1265 6
770 1210 990 1281 Κύριος,
1019 1209 1132 1262 ἀλλ’
1154 1210 1183 1261 6
1209 1208 1399 1264 τούτου
1426 1210 1653 1272 θάνατος
1681 1224 1791 1261 σω-

240 1301 376 1371 τηρία
399 1302 487 1354 καὶ
515 1301 635 1372 ζωὴ
661 1304 779 1364 τοῖς
812 1302 945 1354 πᾶσι
965 1303 1269 1373 γενήσεται.
1299 1301 1398 1355 Διά
1420 1299 1578 1354 τοῦτο
1602 1300 1793 1372 ἢθελεν

239 1391 373 1445 αὐτὸν
396 1392 706 1464 καταϐῆναι
741 1391 851 1446 ἀπὸ
889 1392 982 1445 τοῦ
1031 1391 1287 1465 σταυροῦ,
1329 1391 1426 1446 καὶ
1463 1393 1636 1446 ἐποίει
1665 1393 1795 1457 τοὺς

238 1481 522 1553 Φαρισαίους
566 1482 1011 1552 ἐπαγγέλλεσθαι
1051 1483 1358 1537 πιστεύεινο
1403 1483 1546 1554 τάχα
1591 1482 1696 1538 κᾶν
1724 1488 1790 1557 τῇ

239 1570 499 1643 ἐπαγγελία
530 1571 641 1642 τῆς
675 1571 918 1636 πίστεως
959 1572 1334 1644 περιγένηται,
1364 1566 1440 1627 ὧν
1477 1573 1688 1644 ἢθελεν.
1734 1574 1794 1628 ὐ

236 1659 280 1711 δὲ
314 1660 520 1731 Κύριος,
554 1664 585 1715 6
615 1661 699 1732 τῷ
748 1661 862 1715 ὄντι
895 1662 1104 1733 Σωτὴρ,
1135 1662 1164 1714 6
1212 1661 1287 1735 μὴ
1325 1662 1386 1716 τὸ
1417 1661 1631 1725 ἑαυτοῦ,
1658 1661 1795 1717 ἀλλὰ

237 1750 289 1803 τὰ
308 1751 447 1821 ήμῶν
476 1751 691 1824 ζητῶν,
718 1753 822 1807 οὐκ
843 1752 952 1806 ἀπὸ
970 1753 1064 1806 τοῦ
1093 1752 1282 1806 ἑαυτὸν
1317 1753 1508 1820 σῶσαι,
1539 1754 1654 1807 ἀλλ’
1686 1754 1795 1808 ἀπὸ

1887 576 2075 639 posset
2118 569 2235 639 ipse
2276 582 2400 624 sese
2445 553 2658 624 salvum
2689 566 2910 637 lacere;
2953 568 3048 625 sed
3093 569 3372 626 metuebat
3401 586 3477 626 ne

1887 662 2011 716 aliis
2051 662 2202 718 salus
2243 660 2567 716 efﬁceretur.
2610 658 2747 715 Nam
2792 662 2839 717 si
2883 662 3051 717 Semel
3100 664 3472 735 cognovisset,

1888 752 2025 807 alios
2054 753 2232 821 ipsum
2269 767 2432 820 posse
2460 751 2645 806 salvos
2671 750 2872 815 facere,
2902 752 3038 807 nihil
3066 753 3295 808 dubium
3327 760 3475 817 erat,

1887 856 2014 897 eum
2043 841 2136 911 qui
2171 841 2295 895 aliis
2326 842 2559 896 salutem
2609 841 2939 912 impertiret,
2971 858 3095 900 esse
3128 842 3477 899 Salvatorem

1862 1006 1863 1009 η
1891 942 2057 1003 atque
2089 934 2281 987 vitam.

1958 1024 2051 1078 23.
2081 1023 2157 1076 Ea
2188 1024 2354 1092 igitur
2376 1021 2446 1077 de
2474 1036 2641 1078 causa
2667 1025 3118 1082 eonviciabantur
3140 1026 3245 1094 illi,
3262 1042 3333 1082 ne
3352 1026 3481 1081 aliis

1890 1115 2040 1169 salus
2079 1113 2255 1169 ﬂeret.
2293 1113 2533 1169 Noverat
2574 1115 2720 1168 enim
2754 1116 2845 1171 ille
2879 1125 3157 1181 versutus,
3196 1134 3303 1172 non
3335 1117 3483 1172 mori

1891 1207 2113 1278 quidem
2154 1204 2488 1274 Dominum;
2524 1208 2619 1262 sed
2666 1208 2786 1278 ejus
2820 1218 3070 1276 mortem,
3112 1209 3279 1264 vitam
3328 1210 3479 1265 salu-

1893 1307 2113 1370 temque
2152 1300 2413 1354 omnibus
2460 1299 2600 1355 fore.
2641 1299 3007 1367 Quamobrem
3053 1303 3273 1357 volebat
3322 1302 3478 1356 illum

1893 1405 1960 1445 ex
1988 1404 2155 1446 cruce
2193 1390 2554 1456 descendere,
2599 1407 2774 1463 eoque
2819 1392 3044 1447 deduxit
3074 1392 3380 1450 Pharisaeos
3421 1400 3487 1450 ut

1895 1498 1954 1538 se
1974 1483 2284 1538 credituros
2305 1483 2735 1553 pollicerentur;
2763 1495 2907 1542 utea
2940 1487 3130 1541 saltem
3164 1488 3485 1558 promissio-

1895 1590 1964 1629 ne
1988 1589 2109 1645 qua:
2136 1574 2355 1630 volebat
2390 1588 2852 1647 consequeretur.
2886 1577 3165 1635 Dominus
3184 1588 3366 1637 autem
3403 1598 3490 1639 re-

1894 1682 2022 1723 vera
2060 1666 2333 1735 Salvator,
2362 1669 2457 1738 qui
2501 1683 2612 1723 non
2644 1684 2768 1732 sua,
2812 1670 2909 1724 sed
2959 1682 3149 1726 nostra
3179 1683 3495 1742 quaereret;

1894 1779 2005 1818 non
2035 1779 2101 1819 ex
2126 1779 2193 1818 eo
2207 1764 2354 1835 quod
2388 1779 2511 1820 sese
2539 1765 2751 1819 salvum
2786 1763 3015 1830 faceret,
3043 1766 3138 1821 sed
3156 1782 3223 1822 ex
3253 1783 3319 1823 eo
3340 1769 3493 1839 quod.

234 1842 307 1895 τοῦ
326 1843 707 1917 λυτρώσασθαι
731 1845 834 1916 τὴν
865 1847 1042 1900 κτίσιν
1073 1845 1231 1918 ήθελε
1251 1847 1556 1918 γνωσθῆναι
1578 1848 1792 1919 Σωτήρ.

1903 1860 2178 1910 creaturas
2205 1854 2522 1919 redimeret,
2544 1855 2762 1910 volebat
2796 1854 3053 1937 Salvator
3079 1858 3327 1927 agnosci.
3356 1836 3491 1914 Non.

235 1936 341 1990 Οὐδὲ
362 1938 461 2011 γὰρ
485 1939 685 2012 ἰατρὸς
706 1939 773 1993 ἐκ
809 1937 905 1992 τοῦ
942 1939 1103 1994 αὑτὸν
1123 1938 1388 2008 ὑγιαίνειν
1414 1940 1794 2012 γνωσθήσεται

236 2028 401 2101 ἰατρὸς,
436 2033 488 2085 εἰ
542 2031 624 2104 μὴ
669 2031 910 2096 καὶτοῖς
952 2029 1199 2086 νοσοῦσιν
1229 2029 1529 2102 ἐνδείξηται
1569 2031 1669 2104 τήν
1709 2029 1798 2085 τέ-

232 2138 366 2192 χνην·
392 2124 486 2178 καὶ
528 2127 564 2178 6
598 2124 758 2195 ἥλιος
779 2125 880 2179 οὐκ
911 2125 1007 2179 ἐὰν
1047 2125 1129 2188 είς
1166 2124 1356 2178 ἑαυτὸν
1395 2126 1658 2199 συστέλλῃ
1698 2126 1797 2191 τὰς

230 2213 438 2282 ἀκτῖνας,
474 2216 876 2289 γνωσθήσεται
914 2216 1050 2285 φῶς,
1080 2216 1128 2268 εί
1169 2215 1243 2287 μὴ
1278 2215 1371 2269 καὶ
1400 2219 1467 2288 τῇ
1506 2217 1795 2290 οἰκουμένῃ

227 2304 396 2371 ταύτας
433 2308 773 2381 ὲπεκτείνῃ,
812 2308 907 2362 καὶ
951 2307 1011 2361 τὺ
1056 2307 1246 2371 σκότος
1289 2307 1348 2362 ἐν
1387 2309 1578 2373 αὐταῖς
1626 2326 1797 2363 κατα-

226 2396 401 2470 λάμψῃ.
428 2398 640 2464 Οὕτως
670 2400 770 2453 καὶ
814 2400 845 2452 6
868 2399 1073 2471 Κύριος
1099 2400 1199 2470 οὐχ
1237 2400 1431 2454 ἑαυτὸν
1460 2400 1629 2465 ἔσωζε
1647 2417 1662 2432 ·
1694 2419 1800 2456 σω-

225 2492 385 2562 τηριας
417 2494 544 2565 γὰρ
570 2493 767 2566 χρείαν
790 2494 892 2547 οὐκ
932 2488 1096 2565 εἶχεν,
1143 2493 1305 2557 αὐτὸς
1331 2490 1406 2547 ὣν
1429 2494 1649 2567 Σωτήρ.
1681 2494 1798 2548 ἀλλο

225 2584 312 2639 ἀπὸ
329 2586 421 2658 τῆς
448 2586 571 2640 τῶν
591 2586 773 2641 ἀλλων
799 2585 1119 2658 εὐεργεσίας
1150 2584 1309 2657 ήθελε
1335 2586 1642 2658 γνωσθῆναι
1663 2588 1799 2645 πᾶσι

226 2677 405 2751 Σωτήρ.
473 2680 621 2732 Ἀλλ’
675 2679 802 2733 οὐδέ
849 2678 1195 2734 καταϐαίνων
1249 2679 1358 2734 ἀπὸ
1418 2679 1513 2734 τοῦ
1563 2680 1798 2756 σταυροῦ

224 2767 356 2841 ήθελε
382 2770 713 2843 γνωσθῆναι
745 2770 877 2834 Υἱὸς
901 2770 1058 2835 Θεοῦ,
1087 2771 1202 2825 ἀλλ’
1235 2770 1345 2825 ἀπὸ
1374 2770 1468 2825 τοῦ
1500 2771 1681 2843 μένειν
1713 2774 1803 2826 αὐ-

223 2859 312 2914 τόν.
343 2854 588 2915 Πλείονα
621 2860 736 2932 γὰρ
779 2859 979 2932 μᾶλλον
1016 2863 1044 2914 6
1085 2860 1315 2925 θάνατος
1358 2863 1387 2915 6
1423 2861 1517 2915 τοῦ
1549 2862 1800 2934 Σωτῆρος

224 2951 379 3007 πίστιν
405 2952 517 3008 καὶ
561 2951 844 3024 σωτηρίαν
879 2954 990 3016 τοῖς
1034 2951 1342 3025 ἀνθρώποις
1383 2952 1536 3026 φέρει
1565 2953 1599 3025 ἢ
1631 2956 1665 3025 ή
1693 2955 1801 3008 ἀπὸ

223 3043 300 3097 τοῦ
329 3043 575 3118 σταυροῦ
618 3043 947 3109 κατάϐασις.
990 3045 1205 3116 Ἀμέλει
1242 3046 1587 3117 κρεμαμένου
1632 3044 1798 3100 αὐτοῦ

224 3135 301 3189 ἐπὶ
323 3139 416 3193 ’τοῦ
446 3136 696 3210 σταυροῦ
722 3135 804 3190 ἐτι
827 3136 964 3209 (28),
991 3137 1062 3191 τὰ
1086 3138 1184 3210 μὲν
1214 3139 1469 3211 μνήματα
1496 3140 1796 3210 ἡνοίγοντο.

223 3227 303 3281 ut
327 3231 375 3283 οί
404 3232 472 3284 ἐν
495 3230 688 3293 αὐτοῖς
709 3228 952 3300 κείμενοι
984 3228 1246 3294 ἐσώζοντο
1263 3248 1278 3263 ο
1307 3234 1337 3285 6
1366 3232 1424 3286 δὲ
1456 3235 1799 3306 κρεμάμενος

223 3317 404 3393 λῃστής
436 3321 737 3376 ἐπίστευεν
765 3324 849 3386 είς
878 3321 1071 3376 αὐτόν·
1112 3322 1199 3377 ἵνα
1240 3323 1409 3398 δείξῃ,
1450 3326 1533 3380 ὅτι
1568 3325 1648 3396 τῷ
1685 3325 1800 3380 ὄντι

223 3413 393 3490 Σωτήρ
441 3419 601 3470 ἐστι’
646 3414 747 3469 καὶ
784 3413 1095 3479 ἀποθανὼν,
1125 3418 1191 3488 τῇ
1224 3417 1406 3471 πίστει
1438 3421 1797 3491 καρποφορεῖ.

234 3507 342 3562 Ἐπὶ
363 3507 588 3576 τούτοις
618 3507 873 3573 ἐξίστατο
903 3507 1087 3562 λοιπὸν
1119 3507 1335 3581 ἀληθῶς
1365 3511 1394 3563 6
1414 3510 1676 3575 διάϐολος,
1706 3510 1803 3564 καὶ

225 3601 356 3654 πᾶσα
404 3601 602 3655 τοῦτον
653 3600 886 3664 εἰκότως
928 3600 1039 3671 (29)
1064 3600 1270 3671 ἀπορία
1316 3604 1599 3673 κατεῖχεν
1657 3599 1803 3673 ἑώρα

227 3690 321 3765 γὰρ
342 3693 512 3747 αὐτὸν
539 3690 914 3756 ἀπολέσαντα,
942 3692 1035 3746 καὶ
1058 3692 1150 3746 τὸν
1166 3692 1368 3767 λῃστήν
1386 3696 1443 3747 ἐν
1462 3693 1539 3765 τῷ
1562 3693 1799 3766 σταυρῷ,

227 3785 311 3839 καὶ
333 3786 394 3840 ὄν
424 3784 623 3839 ἔπεισε
651 3783 821 3838 πάλαι
848 3783 1151 3855 λῃστεύειν,
1180 3784 1326 3857 ἐώρα
1369 3784 1557 3839 τοῦτον
1585 3784 1805 3838 πιστεύ-

230 3891 413 3931 σαντα’
463 3876 565 3930 καὶ
596 3874 660 3929 ὄν
700 3872 988 3946 παρώξυνε
1034 3875 1393 3947 βλασφημεῖν,
1423 3875 1610 3929 τοῦτον
1657 3874 1804 3947 ἐώρα

228 3967 634 4040 προσκυνοῦντα
672 3968 764 4020 τὸν
790 3965 1017 4038 Κύριον,
1045 3968 1138 4020 καὶ
1160 3968 1561 4040 ἐπιπλήττοντα
1594 3969 1688 4022 καὶ
1726 3967 1803 4039 τῷ

229 4059 360 4133 ἄλλῳ
407 4062 608 4135 λῃστῇ,
651 4059 853 4131 μᾶλλον
890 4059 947 4112 δὲ
989 4057 1069 4131 τῷ
1108 4061 1165 4113 ἐν
1202 4059 1282 4131 τῷ
1324 4060 1493 4133 λῃστῇ
1547 4060 1798 4131 διαϐόλῳ.

242 4153 521 4228 Ἐτρύχετο
567 4153 628 4206 δέ
676 4151 861 4217 πάλιν,
909 4151 991 4205 ὅτι
1032 4151 1092 4205 ὃν
1135 4152 1210 4216 ὡς
1254 4152 1455 4225 λῃστὴν
1496 4153 1802 4221 ἀπέκτεινε,

232 4245 406 4299 τοῦτον
436 4243 609 4299 πάλιν
643 4241 1085 4315 μεταφερόμενον
1108 4242 1253 4315 ἐώρα
1278 4246 1335 4296 ἐν
1363 4243 1440 4314 τῷ
1468 4244 1803 4315 παραδείσῳ.

294 4336 381 4393 ει.
415 4330 593 4408 Ὁρῶν
623 4335 682 4388 δὲ
722 4335 818 4388 καὶ
863 4335 1043 4387 πᾶσαν
1072 4333 1234 4387 αὐτοῦ
1268 4333 1364 4406 τὴν
1391 4334 1689 4389 πανοπλίαν
1726 4338 1808 4407 ῥι-

236 4433 432 4499 φείσαν,
461 4429 560 4484 καὶ
581 4428 665 4481 ὅτι
686 4426 787 4481 οὐκ
804 4422 875 4499 ἦν
904 4427 1235 4500 ἀμυντήριον
1276 4426 1523 4498 πεμφθὲν
1546 4428 1676 4499 παρ’
1711 4428 1808 4481 αὐ-

1896 1942 2043 1999 enim
2075 1944 2343 2006 medicus,
2370 1945 2514 2014 quod
2547 1960 2720 2001 sanus
2755 1946 2872 2015 ipse
2908 1945 3000 2009 sit,
3030 1947 3279 2001 medicus
3310 1962 3483 2017 agno-

1897 2040 2111 2100 scetur;
2147 2033 2255 2087 nisi
2297 2035 2446 2088 circa
2483 2044 2721 2104 aegrotos
2754 2048 2912 2089 suam
2951 2034 3213 2090 exhibeat
3258 2044 3440 2091 artem-
3462 2050 3490 2090 :'

1895 2133 1951 2180 et
1988 2125 2072 2180 sol
2111 2140 2224 2179 non
2265 2125 2312 2180 si
2345 2124 2401 2180 in
2441 2141 2501 2181 se
2550 2127 2735 2181 radios
2778 2127 3090 2188 contrahat,
3139 2141 3241 2197 pro
3274 2128 3483 2184 lumine

1898 2227 2247 2288 agnoscetur,
2293 2219 2401 2274 nisi
2456 2234 2552 2290 per
2581 2220 2770 2274 orbem
2805 2219 2932 2275 illos
2979 2217 3269 2286 didundat,
3304 2220 3483 2291 iisque

1898 2310 2158 2365 tenebras
2200 2308 2460 2364 illustret.
2508 2307 2586 2362 ita
2618 2324 2840 2380 quoque
2885 2308 3151 2365 Dominus
3204 2324 3314 2365 non
3358 2326 3483 2366 sese

1899 2402 2110 2457 salvum
2142 2399 2273 2456 fecit
2303 2416 2316 2453 :
2348 2416 2475 2456 nam
2516 2402 2694 2456 salute
2719 2416 2830 2455 non
2879 2404 3073 2472 egebat
3102 2400 3196 2473 qui
3231 2400 3484 2458 Salvator

1897 2499 2046 2554 esset
2072 2508 2088 2544 :
2115 2491 2211 2548 sed
2238 2507 2336 2564 per
2361 2491 2625 2547 beneﬁcia
2655 2492 2780 2548 aliis
2809 2493 3008 2548 collata
3034 2494 3251 2549 volebat
3270 2493 3341 2549 ab
3364 2510 3490 2549 om-

1898 2583 2064 2638 nibus
2097 2581 2352 2639 Salvator
2384 2585 2631 2655 agnosci.
2665 2582 2773 2639 Sed
2818 2599 2921 2641 nec
2962 2599 3029 2640 ex
3056 2600 3221 2641 cruce
3246 2586 3485 2642 descent.-

1899 2674 2100 2740 dendo,
2133 2675 2307 2731 voluit
2341 2674 2497 2730 nosci
2526 2673 2699 2730 Filius
2732 2673 2847 2741 Dei,
2873 2676 2969 2732 sed
3002 2678 3062 2731 in
3093 2693 3155 2732 ea
3186 2678 3490 2733 manendo..

1900 2767 2162 2838 Maiorem
2207 2768 2351 2824 enim
2385 2769 2544 2823 [idem
2598 2769 2942 2839 salutemque
2983 2784 3148 2825 mors
3178 2769 3499 2861 Salvatoris;

1901 2860 2059 2917 all‘ert
2105 2861 2446 2925 hominibus,
2505 2875 2668 2931 quam
2720 2860 2999 2916 attulisset
3052 2860 3367 2917 descensus
3412 2861 3498 2917 de-

1869 2968 1873 2977 ’
1901 2965 2084 3007 cruce.
2112 2950 2273 3007 Certe
2295 2950 2564 3021 pendente
2581 2949 2760 3004 adhuc
2790 2951 2849 3004 in
2881 2964 3047 3005 cruce
3082 2948 3334 3016 Domino,
3362 2966 3481 3005 mo-

1902 3053 2163 3099 numenta
2200 3043 2611 3115 aperiebantur,
2649 3045 2855 3114 quique
2878 3042 2933 3097 in
2965 3043 3039 3098 iis
3061 3042 3321 3113 ja‘cebant
3345 3043 3498 3100 salvi:

1900 3134 2273 3193 elﬁciebantur
2300 3157 2313 3192 :
2346 3137 2489 3192 latro
2524 3145 2705 3191 autem
2742 3150 3052 3208 suspensus
3075 3136 3129 3190 in
3156 3134 3335 3207 ipsum
3364 3153 3486 3192 cre-

1899 3231 2069 3299 didit;
2105 3239 2165 3286 ut
2190 3232 2369 3301 palam
2393 3230 2600 3287 faceret
2632 3245 2692 3286 se
2719 3245 2909 3285 revera
2936 3228 3276 3284 Salvatorem
3308 3246 3434 3287 esse
3465 3248 3479 3283 :

1898 3328 2062 3393 atque
2096 3324 2336 3378 moriens
2372 3322 2497 3377 ﬁdei
2525 3324 2763 3376 l'ructum
2800 3320 3218 3391 multipliéabat.
3249 3318 3329 3374 Ad
3367 3320 3485 3376 haec

1900 3428 2034 3470 sane
2062 3412 2349 3483 obstupuit
2377 3412 2651 3476 diabolus,
2684 3427 3011 3482 summaque
3045 3412 3346 3473 anxietate.
3380 3428 3484 3468 nec

1901 3503 2197 3569 immerito,
2238 3511 2527 3573 correptus
2560 3502 2684 3569 fuit,
2720 3502 2861 3557 dum
2889 3510 3139 3557 cerneret
3168 3517 3228 3557 se
3272 3502 3327 3557 in
3360 3518 3487 3573 per-

1902 3594 2099 3650 niciem
2127 3595 2229 3661 ire,
2257 3595 2525 3649 latronem
2542 3609 2674 3649 vero
2708 3593 2762 3647 in
2786 3607 2973 3658 cruce,
3009 3592 3105 3646 cui.
3126 3594 3253 3646 olim
3279 3592 3483 3647 furtum

1902 3693 2175 3749 suaserat,
2222 3684 2447 3739 credere
2488 3699 2505 3738 :
2548 3699 2821 3756 quemque
2870 3682 2939 3738 ad
2995 3682 3485 3753 blaspliemandum

1902 3775 2233 3839 concitarat,
2286 3775 2423 3830 vidit
2479 3774 2712 3829 adorare
2761 3774 3089 3839 Dominum,
3140 3775 3485 3846 alterumque

1905 3870 2176 3923 latronem
2228 3868 2534 3937 increpare,
2590 3868 2702 3921 imo
2733 3868 2916 3936 potius
2968 3867 3022 3920 in
3057 3868 3267 3922 latrone
3293 3866 3489 3921 diabo-

1903 3961 2041 4019 lum.
2080 3958 2514 4014 Excruciabatur
2562 3960 2796 4024 iterum,
2845 3960 2989 4031 quod
3040 3974 3238 4031 quem,
3293 3968 3352 4014 ut
3407 3961 3491 4013 la-

1906 4062 2118 4108 tronem
2161 4052 2467 4118 occiderat,
2505 4052 2757 4108 eumdem
2816 4052 3026 4109 videret
3076 4053 3133 4109 in
3168 4051 3507 4125 paradisum.

1904 4144 2215 4201 transferri.

1976 4326 2067 4382 2L
2102 4323 2313 4380 Videns
2347 4332 2527 4378 autem
2560 4322 2745 4378 omnia
2775 4339 2875 4380 sua
2909 4338 3062 4379 arma
3097 4323 3330 4395 dejecta,
3356 4324 3492 4381 ηυιιι

1905 4420 2128 4490 Iamque
2157 4433 2188 4472 a
2229 4432 2289 4472 se
2325 4417 2630 4472 immissum
2658 4410 2828 4472 fuisse
2859 4416 2951 4471 teli
2982 4431 3175 4488 genus,
3202 4416 3349 4488 quod
3374 4433 3493 4472 nent

237 4522 342 4583 τοῦ,
376 4520 405 4574 6
438 4520 517 4593 μὴ
557 4518 848 4591 ἡκὺρωσεν
882 4519 913 4571 6
940 4518 1165 4590 Κύριος,
1207 4519 1349 4573 κατὰ
1383 4520 1445 4574 τὸ
1483 4521 1799 4592 γεγραμμέ-

1910 4507 2019 4581 7'6
2060 4517 2207 4565 esset
2255 4523 2286 4563 a
2334 4506 2564 4562 Domino
2614 4507 2977 4570 confractum,
3026 4506 3485 4578 quemadmodum

239 4627 349 4663 νον.
390 4630 408 4664 ι
439 4610 549 4665 Τοῦ
594 4608 794 4681 ἐχθροῦ
828 4608 1075 4673 ἐξέλιπον
1116 4610 1173 4663 αἱ
1219 4613 1483 4682 ρομφαῖαι
1524 4612 1603 4674 είς
1632 4611 1806 4675 τέλος,

244 4690 332 4754 καὶ
367 4701 545 4766 πόλεις
590 4698 863 4763 καθεῖλες,
900 4717 919 4750 ι
967 4698 1054 4753 διὰ
1096 4699 1253 4754 τοῦτο
1303 4702 1631 4774 ἐταράσσετο
1674 4701 1807 4774 (50),

143 4775 149 4781 ’
247 4795 332 4847 καὶ
373 4795 612 4868 ἀπορῶν,
671 4792 982 4864 πεπείρακε
1017 4792 1203 4847 λοιπὸν
1244 4792 1427 4847 δοῦναι
1476 4792 1555 4866 τῷ
1598 4794 1809 4866 Σωτῆρι

248 4890 378 4942 πιεῖν
405 4888 523 4957 ὄξος
559 4886 702 4960 μετά
729 4886 899 4959 χολῆς
918 4901 933 4915 ”
964 4884 1099 4939 ἀλλά
1137 4886 1232 4940 καὶ
1263 4885 1424 4940 τοῦτο
1462 4886 1585 4940 καθ’
1616 4884 1808 4940 ἐαυτοῦ

252 4982 649 5047 κατασκευάζων
681 4979 894 5050 ἠγνόει.
926 4977 1002 5031 T6
1032 4976 1141 5051 γάρ
1178 4977 1374 5049 πικρὸν
1403 4978 1506 5049 τῆς
1535 4978 1726 5052 ὀργῆς,
1748 4977 1809 5031 τὺ

251 5070 331 5124 διὰ
362 5075 451 5146 τὴν
478 5072 792 5147 παράϐασιν
822 5069 920 5125 τοῦ
949 5070 1114 5140 νόμου
1147 5070 1455 5142 γενόμενον,
1489 5071 1548 5124 ἐν
1586 5064 1631 5140 ᾧ
1668 5068 1808 5122 πάνο

255 5180 339 5229 τας
365 5170 623 5240 κατεῖχεν,
667 5162 934 5220 ἀπεδίδου
971 5158 1057 5239 ’τῷ
1089 5162 1299 5234 Σωτῆρι
1320 5179 1333 5193 °
1381 5162 1478 5216 καὶ
1513 5160 1809 5234 λαμϐάνων

255 5256 431 5325 ὲκεῖνος
453 5261 712 5334 ἀνήλισκε
741 5256 840 5313 καὶ
867 5252 1135 5321 ἐξεκένου,
1155 5253 1242 5308 ἵνα
1267 5253 1387 5307 ἀντὶ¹
1410 5253 1510 5325 μὲν
1532 5252 1627 5307 τοῦ
1654 5252 1809 5320 ὄξους

308 5436 347 5467 ⁷³
377 5436 513 5531 Psal.
551 5454 608 5494 Ix
627 5477 642 5502 ,
686 5435 741 5488 7.

305 5617 405 5693 (ετ)
440 5619 665 5693 Regius,
699 5614 1002 5693 ἐγίνωσκε,
1032 5606 1284 5693 secunda
1324 5620 1519 5693 manu.
1544 5603 1806 5693 iliditiret

250 5676 339 5751 alii,
368 5676 677 5760 ε’γῐνωὲκον.
716 5676 976 5760 lhfra_in
1028 5676 1345 5760 Regip‘post
1378 5676 1670 5760 σωτηρίαν,
1714 5692 1806 5732 se-

244 5746 582 5831 cunda'manu
614 5760 683 5815 ad
720 5748 1307 5831 margitteutadditur,
1343 5748 1436 5801 καὶ
1463 5746 1628 5818 ζωήν.

299 5830 400 5901 (28)
439 5834 576 5900 Ἔτι,
611 5833 779 5887 deest
808 5819 876 5879 in'
897 5819 1217 5891 Anglicano.

1911 4604 2176 4672 scriptum
2196 4606 2282 4656 est
2307 4615 2320 4651 :
2355 4618 2375 4650 α
2406 4597 2616 4654 Inimici
2642 4597 2959 4653 defecerunt
2982 4588 3199 4654 framea:
3222 4599 3277 4654 in
3300 4598 3486 4664 liuent,

1911 4703 1965 4751 et
1997 4695 2247 4750 civitates
2261 4688 2685 4757 destruxisti";
2719 4711 2738 4744 ι
2773 4690 2894 4747 ideo
2931 4691 3288 4747 conturbatus
3306 4700 3360 4746 et
3387 4705 3486 4745 an-

1911 4788 2057 4852 xius,
2090 4785 2431 4841 Salvatorem
2479 4784 2698 4839 demum
2748 4785 2978 4840 tentavit
3023 4784 3212 4856 potare
3261 4784 3386 4840 felle
3431 4792 3491 4838 et

1911 4887 2065 4932 aceto
2098 4893 2110 4930 :
2144 4877 2238 4932 sed
2274 4875 2562 4949 ignorabat
2605 4875 2841 4947 idipsum
2886 4876 2945 4930 in
2989 4890 3111 4931 sese
3150 4875 3353 4946 moliri.
3387 4873 3487 4929 Ine

1911 4972 2112 5040 quippe
2162 4969 2517 5024 acerbitatem
2562 4984 2631 5025 ex
2669 4966 3104 5039 transgressione
3155 4966 3288 5037 legis
3318 4966 3485 5021 obor—

1912 5070 2047 5127 tam,
2086 5061 2142 5115 in
2169 5075 2278 5132 qua
2320 5060 2599 5116 detinebat
2638 5061 2950 5125 universos,
3001 5056 3276 5121 Sa‘lvatori
3315 5057 3488 5112 tradi-

1915 5157 1995 5213 dit
2029 5178 2041 5212 :
2079 5172 2243 5230 quam
2295 5156 2387 5212 ille
2418 5165 2697 5227 acceptam
2754 5153 3153 5225 assumpsitet
3179 5153 3488 5217 evacuavit,

1916 5258 1979 5306 ut
2009 5266 2110 5321 pro
2140 5259 2319 5317 aceto,
2356 5248 2504 5322 quod
2536 5246 2760 5303 miscuit
2792 5245 3061 5316 sapientia
3092 5244 3281 5301 vinum
3326 5243 3500 5302 nobis

1985 5601 2096 5678 (29)
2135 5602 2393 5678 Εἰκότως,
2417 5601 2569 5678 deest
2601 5603 2657 5678 in
2682 5603 2899 5678 Anglic.
2923 5601 3315 5678 Mqr._liegius,
3339 5605 3489 5678 ἐώρα

1912 5672 2019 5747 γὰρ
2049 5672 2429 5747 ἑαυτόνηΕόὶιί
2459 5689 2609 5747 vero,
2635 5672 2795 5747 étbpa‘
2810 5675 2922 5747 γὰρ
2950 5676 3130 5729 αὐτόν.
3160 5672 3184 5710 έ

2049 5692 2257 5728 εαυτον.
2290 5692 2429 5727 natu
2459 5692 2609 5739 vero,
2635 5692 2780 5747 εωρα
2813 5692 2922 5743 γαρ
2950 5693 3045 5729 αυτ

1986 5692 2094 5818 ῗδο)
2134 5745 2487 5817 Anglicanus,
2510 5743 2600 5800 διὰ
2626 5744 2784 5801 τοῦτο
2802 5744 2860 5800 δὲ
2890 5738 3045 5818 ἔταρ.
