4008 6404
479 327 588 388 287

1605 330 1663 387 S.
1699 327 2166 387 ATHANASIUS.
2201 361 2271 371 —
2309 326 2539 386 DUBIA.

3603 327 3710 383 2‘23

423 433 452 442 ⁴’
481 445 787 518 potandum
827 445 1024 504 daret:
1052 462 1152 519 pro
1183 446 1327 512 felle,
1358 447 1576 519 eloquia
1615 447 1774 502 melle
1821 451 1876 501 et
1923 444 2043 498 favo

2144 442 2202 496 ὂν
2232 443 2493 515 ἐκέρασεν
2517 435 2660 496 οἶνον
2687 440 2720 511 ἡ
2747 439 2907 510 σοφία
2936 441 3131 514 ποτίσῃ
3159 441 3310 512 ἡμᾶς
3329 459 3342 470 ⁸
3377 440 3498 494 ἀντὶ
3527 440 3584 496 δέ
3613 445 3712 514 τῆς

481 539 731 596 dulciora
775 539 937 595 nobis
965 541 1307 611 impertiret:
1338 547 1393 594 et
1426 545 1526 610 pro
1563 555 1630 594 eo
1674 538 1820 609 quod
1859 544 2046 591 nostra

481 639 779 702 gustasset,
808 633 966 687 nobis
999 633 1203 686 diceret
1235 649 1248 684 :
1283 650 1302 682 ι
1332 629 1558 686 Gustate
1596 637 1651 686 et
1689 630 1887 689 videte,
1911 643 2049 700 quo-

481 720 630 776 niam
660 723 844 778 suavis
878 731 965 779 est
989 722 1251 778 Dominus
1265 722 1334 777 ’⁸.
1368 741 1387 774 ι
1423 721 1492 776 Ut
1514 731 1693 777 autem
1725 737 1792 777 eo
1820 719 2044 783 excidit,

482 820 649 883 atque
677 815 943 885 spoliatus
982 821 1086 878 est,
1133 813 1458 884 pudefactus
1500 815 1742 876 demum,
1766 813 1958 868 incidit
1991 812 2046 865 in

483 905 718 975 aliquam
764 906 1152 976 suspicionem,
1179 905 1309 960 dum
1344 905 1472 960 talia
1504 913 1776 971 cerneret,
1812 920 1871 960 se
1900 903 2046 960 scili-

482 1007 569 1052 cet
597 1012 705 1051 non
721 1005 910 1052 contra
941 997 1236 1061 hominem,
1263 999 1358 1054 sed
1376 1007 1566 1053 contra
1584 997 1752 1053 Deum
1781 1011 2042 1068 pugnare.

483 1089 707 1144 Videbat
740 1090 884 1146 enim
932 1090 1133 1160 quibus
1175 1091 1229 1145 in
1261 1091 1424 1146 rebus
1456 1107 1648 1147 omnes
1689 1105 1886 1160 capere
1925 1099 2046 1143 ten-

479 1187 639 1240 taret.
683 1182 734 1235 in
785 1181 978 1238 iisdem
1027 1197 1087 1238 se
1135 1183 1342 1252 pudore
1385 1182 1546 1247 allici,
1583 1183 1863 1253 magisque
1914 1180 2042 1243 labi,

475 1286 641 1342 quam
666 1272 900 1342 dejicere
928 1273 1106 1328 alios:
1139 1273 1467 1345 demumque
1509 1273 1761 1328 secedere
1798 1272 2045 1336 tentavit,

478 1376 546 1416 ac
567 1361 825 1434 fugiendo
859 1371 1009 1434 terga
1043 1364 1193 1420 dare.
1228 1364 1364 1420 Dum
1392 1366 1536 1420 enim
1564 1381 1685 1420 eum
1716 1379 2044 1434 suspensum

474 1460 726 1508 cerneret
771 1461 999 1510 mortem
1047 1454 1408 1511 nihilominus
1457 1456 1732 1526 persequi,
1767 1457 1945 1509 timuit
1975 1469 2045 1509 ne

474 1542 569 1598 hic
611 1552 760 1599 esset
789 1544 857 1598 de
893 1559 1003 1615 quo
1050 1546 1316 1616 scriptum
1343 1555 1426 1600 est
1452 1563 1464 1597 :
1495 1546 1833 1602 Exaltabitur
1862 1543 2044 1599 Domi-

474 1650 602 1702 nus,
626 1642 688 1688 ut
720 1635 1048 1690 misereatur
1088 1636 1286 1691 nostri.
1313 1636 1446 1702 Qua:
1475 1651 1642 1691 causa
1671 1644 1810 1701 erat,
1838 1643 1899 1690 ut
1926 1651 2045 1690 om-

475 1725 568 1780 nia
598 1723 906 1794 relinquere
928 1732 982 1778 et
1010 1723 1198 1796 fugere
1247 1736 1486 1796 pararet,
1531 1725 1781 1780 invidens
1809 1726 1875 1780 iis
1904 1739 2043 1794 quos

2146 532 2306 604 χολῆς
2335 533 2403 588 τά
2425 531 2733 603 γλυκύτερα
2772 531 2910 603 ὑπὲρ
2941 531 3062 601 μέλι
3098 533 3192 584 καί
3219 532 3410 603 κηρίον
3428 531 3582 600 λόγια
3615 552 3712 603 χα-

2147 626 2362 698 ρίσηται
2387 627 2520 696 ἡμῖν
2541 641 2556 656 ⁶
2589 625 2684 679 κα)⁵
2710 625 2825 679 ἀνθ’
2850 621 2925 679 ὧν
2952 625 3112 688 αὐτὸς
3143 624 3402 693 ἐγεύσατο
3432 624 3499 677 τά
3531 625 3708 696 ἡμῶν,

2146 717 2274 790 εἴπῃ
2305 718 2398 772 καὶ
2431 719 2594 789 ἡμῖν’
2625 737 2644 769 ‹
2679 718 2970 784 Γεύσασθε,
3001 717 3094 770 καὶ
3124 716 3280 779 ῐδετε,
3310 719 3393 770 ὅτι
3419 718 3653 789 χρηστὸς
3683 723 3712 772 6

2147 810 2369 882 Κύριος.
2401 829 2420 861 ι
2465 811 2553 872 Ὠς
2580 809 2636 864 δέ
2668 812 2762 865 καὶ
2788 811 2975 866 τούτου
3007 811 3229 875 ἐξέπεσε
3261 811 3356 863 καὶ
3390 810 3707 881 ἐσκυλεύθη,

2147 903 2555 974 καταισχυνθεὶς
2578 903 2782 968 λοιπὸν,
2809 903 3010 972 ὑποψία
3053 902 3214 955 αὐτόν
3251 919 3334 966 τις
3379 897 3544 973 εἶχεν,
3569 902 3710 973 δρῶν

2145 995 2213 1048 τά
2232 995 2550 1066 τηλικαῦτα,
2577 995 2657 1048 ὅτι
2679 995 2738 1048 ού
2766 995 2899 1067 πρὸς
2931 994 3234 1065 ἄνθρωπον,
3266 993 3400 1046 ἀλλά
3425 994 3560 1065 πρὸς
3579 993 3711 1046 Θεὸν

2147 1085 2517 1156 ἀντιμάχεται.
2564 1085 2740 1157 Ἐὡρα
2789 1087 2898 1158 γάρ
2948 1089 3006 1139 ἐν
3050 1080 3131 1149 οἷς
3171 1086 3296 1149 τοὺς
3340 1085 3551 1149 πάντας
3586 1085 3712 1154 ἐθή-

2148 1192 2321 1246 ρευεν,
2356 1177 2414 1228 ἐν
2445 1175 2651 1239 τούτοις
2682 1176 2873 1230 ἑαυτὸν
2912 1177 3423 1246 καταισχυνόμενον,
3455 1177 3547 1230 καὶ
3577 1176 3713 1246 μᾶλ-

2145 1268 2236 1320 λον
2261 1267 2526 1321 πίπτοντα
2569 1268 2602 1339 ῆ
2629 1266 3032 1320 καταϐάλλοντα
3050 1285 3064 1297 ⁶
3106 1268 3201 1320 καὶ
3230 1266 3416 1320 λοιπὸν
3457 1268 3713 1338 ἐπειρᾶτο

2146 1364 2511 1433 παραχωρεῖν,
2541 1361 2634 1414 καὶ
2663 1359 2823 1418 νῶτα,
2846 1359 3043 1412 διδόναι
3078 1363 3144 1430 τῇ
3178 1361 3346 1429 φυγῇ.
3391 1358 3564 1429 Ὁρῶν
3604 1359 3712 1430 γὰρ

2144 1451 2303 1503 αὐτὸν
2332 1450 2697 1520 κρεμάμενον,
2731 1449 2826 1502 καὶ
2871 1447 3131 1502 διώκοντα
3175 1449 3266 1502 τὸν
3310 1448 3557 1513 θάνατον,
3589 1451 3714 1517 sapo-

2145 1538 2284 1609 δήθη
2313 1539 2386 1609 μὴ
2414 1534 2565 1602 οὗτός
2592 1540 2726 1604 ἐστι,
2765 1539 2892 1610 περὶ
2930 1534 2991 1593 οὗ
3028 1540 3334 1610 γέγραπται
3354 1554 3367 1567 ·
3402 1539 3715 1610 Ὑψωθήσε-

2142 1649 2231 1686 ται
2264 1630 2467 1703 Κύριος
2490 1630 2582 1684 τοῦ
2614 1631 2832 1702 ἐλεῆσαι
2861 1632 3029 1702 ἡμᾶς.
3061 1633 3168 1686 Καὶ
3210 1632 3298 1686 διὰ
3328 1631 3485 1686 τοῦτο
3514 1633 3715 1704 μᾶλλον

2144 1723 2322 1795 ἐζήτει
2365 1723 2541 1777 πάντα
2583 1723 2917 1785 καταλιπεῖν,
2975 1723 3069 1776 καὶ
3108 1727 3319 1792 φυγεῖν,
3361 1724 3572 1793 φθονῶν
3603 1728 3714 1788 τοῖς

476 1816 768 1869 miseratus
810 1815 900 1869 ille
937 1822 1106 1871 esset.
1141 1815 1248 1871 Sed
1292 1816 1557 1874 Dominus
1596 1833 1723 1873 vere
1774 1816 2042 1880 Salvator,

2146 1815 2593 1887 ἐλεηθησομένοις
2635 1814 2766 1884 παρ’
2799 1813 2998 1866 αὐτοῦ’
3049 1814 3186 1866 Ἀλλ’
3228 1817 3256 1867 6
3302 1816 3525 1886 Κύριος,
3571 1819 3600 1870 6
3637 1817 3715 1887 τῷ

474 1909 672 1962 nolens
715 1923 838 1963 eum
869 1907 1098 1962 illaesum
1131 1908 1303 1973 abire,
1347 1924 1447 1963 nec
1494 1909 1866 1980 imperfectum
1908 1927 2045 1982 Opus

471 1995 748 2060 deserere,
781 2011 957 2066 neque
999 2012 1116 2066 eos,
1152 2001 1244 2068 qui
1289 1998 1344 2052 in
1375 1998 1588 2053 inferno
1617 2008 1793 2065 erant,
1823 2001 2044 2058 inimico

472 2085 756 2142 dedititios
790 2088 1120 2158 relinquere,
1161 2103 1358 2160 magno
1403 2091 1747 2160 mirabilique
1777 2100 2044 2164 stratage-

475 2184 620 2231 mate
662 2192 795 2232 usus
840 2185 945 2232 est.
984 2176 1121 2232 Cum
1163 2179 1308 2232 enim
1351 2181 1611 2234 audacem
1647 2181 1800 2235 illum
1831 2183 2045 2252 percul-

472 2281 618 2330 sum,
647 2275 971 2322 trementem
1011 2277 1066 2323 et
1106 2267 1488 2324 formidantem
1529 2280 1797 2335 cerneret,
1824 2288 2045 2328 rursum

472 2375 533 2417 se
553 2360 804 2415 decidere
841 2361 1084 2426 simulat,
1115 2369 1176 2416 ut
1206 2361 1554 2417 accedentem
1596 2362 1898 2427 inimicum,
1924 2379 2044 2418 om-

471 2452 604 2509 nino
629 2453 930 2523 subigeret.
952 2453 1127 2508 Draco
1146 2455 1292 2509 enim
1314 2455 1532 2511 nolebat
1559 2458 1700 2511 mori
1732 2455 2041 2523 Dominum,

471 2551 568 2598 aut
596 2543 832 2613 pendere
859 2543 915 2597 in
950 2543 1120 2614 ligno,
1162 2545 1258 2599 sed
1294 2546 1516 2614 optabat
1550 2554 1608 2600 ut
1657 2545 1920 2602 Dominus
1950 2548 2044 2604 de-

471 2635 756 2691 scenderet
780 2635 848 2690 de
888 2651 1077 2701 cruce,
1108 2646 1164 2692 et
1201 2651 1311 2691 non
1340 2647 1676 2708 mereretur;
1721 2647 1815 2693 aut
1851 2641 1897 2696 si
1932 2656 2044 2696 nou

470 2724 868 2790 descendisset,
898 2734 957 2779 ut
987 2733 1234 2781 maneret
1268 2726 1323 2781 in
1347 2741 1514 2781 cruce
1535 2728 1778 2798 quidem,
1803 2729 1898 2785 sed
1932 2745 2044 2785 non

471 2829 795 2874 moreretur.
827 2818 1103 2874 Metuehat
1134 2819 1306 2884 enim,
1351 2836 1421 2874 ne
1451 2820 1506 2875 id
1545 2821 1701 2876 fieret
1728 2821 1874 2892 quod
1903 2825 2043 2880 scri-

471 2915 623 2978 ptum
666 2917 794 2966 est:
832 2927 851 2961 ι
888 2909 1128 2981 Spiritus
1171 2909 1389 2965 Domini
1428 2926 1596 2980 super
1634 2928 1743 2977 me,
1788 2929 1855 2970 eo
1895 2913 2042 2984 quod

472 3000 690 3056 unxerit
733 3016 859 3066 me,
901 3003 1278 3072 evangelizare
1321 3004 1651 3074 pauperibus
1677 3006 1824 3062 misit
1851 3022 1956 3072 me,
1987 3013 2042 3063 et

470 3092 767 3162 praedicare
805 3093 1038 3162 captivis
1075 3094 1479 3161 remissionem,
1501 3105 1556 3151 et
1586 3099 1746 3154 caecis
1771 3099 1924 3155 visus
1953 3115 2040 3155 re-
2066 3127 2112 3186 α

469 3183 892 3237 stitutionem".
924 3203 943 3236 ι
969 3182 1334 3250 Quamobrem
1376 3188 1670 3254 metuebat,
1717 3205 1786 3246 ne
1819 3191 1908 3245 hic
1952 3191 2044 3248 ille

467 3283 616 3331 esset
641 3281 840 3329 unctus
875 3283 930 3330 et
971 3277 1199 3344 missus,
1237 3292 1302 3334 ac
1335 3293 1404 3334 ne
1439 3279 1659 3336 demum
1692 3283 1948 3340 omnibus
1977 3285 2045 3340 li-

470 3366 656 3423 bertas
688 3367 847 3424 foret.

533 3543 624 3597 23.
651 3543 916 3602 Omnibus
947 3545 1131 3618 itaque
1155 3548 1416 3616 nudatus,
1447 3551 1670 3622 Optabat
1703 3551 1904 3609 inferni
1935 3553 2044 3610 sal-

470 3639 578 3689 tem
631 3634 919 3704 imperium
963 3646 1170 3694 tenere.
1211 3640 1329 3695 Alia
1379 3642 1649 3713 siquidem
1705 3645 1756 3700 ei
1810 3645 2045 3702 formido

469 3730 610 3783 erat.
638 3736 767 3778 num
805 3724 853 3778 is
885 3733 1032 3781 esset
1059 3727 1150 3796 qui
1199 3730 1452 3786 tenebras
1484 3733 1805 3798 illustraret,
1839 3737 1908 3791 de
1935 3753 2044 3806 quo

470 3813 738 3882 scriptum
767 3823 890 3870 est:
923 3833 941 3865 ι
975 3815 1193 3872 Galilaaa
1224 3821 1489 3889 gentium,
1536 3825 1769 3894 populus
1793 3827 1888 3898 qui
1928 3844 2046 3881 am-

470 3901 692 3956 bulabat
726 3903 781 3957 in
813 3906 1074 3969 tenebris,
1103 3907 1240 3961 vidit
1263 3908 1438 3965 lucem
1472 3927 1723 3983 magnam
1739 3917 1806 3971 ⁷⁷.
1844 3935 1863 3968 ι
1890 3917 2043 3973 Illum

470 3996 617 4049 enim
654 3995 899 4050 audierat
937 3999 1012 4051 ita
1055 4000 1407 4070 loquentem:
1440 4019 1460 4051 σ
1495 4002 1607 4073 Ego
1646 4020 1768 4060 sum
1811 4007 1988 4067 lux".
2020 4032 2040 4063 ι

474 4083 630 4142 Unde
672 4090 947 4145 metuebat
976 4108 1044 4148 ne
1084 4102 1418 4160 moreretur,
1461 4104 1515 4151 et
1544 4099 1659 4168 ipse
1691 4116 1758 4156 ex
1787 4103 2044 4160 omnibus

472 4177 874 4235 exturbaretur.
903 4179 1165 4238 Dominus
1191 4199 1357 4254 porro
1387 4201 1513 4241 cum
1556 4189 1708 4245 illum
1741 4191 1920 4263 fugam
1948 4211 2046 4265 pa-

472 4284 598 4325 rare
627 4279 895 4336 cerneret,
924 4290 994 4329 ne
1015 4275 1326 4332 elaberetur
1355 4278 1634 4348 inimicus,
1661 4299 1824 4341 voces
1845 4289 2044 4343 emittit

475 4359 746 4417 humanas
770 4400 787 4427 ,
835 4377 1108 4434 vocesque
1151 4365 1484 4426 infirmitatis
1509 4410 1524 4434 ,
1574 4373 1766 4430 aiens:
1803 4395 1822 4428 ι
1861 4377 2039 4444 Elohi,

2145 1906 2262 1959 δντι
2292 1906 2517 1976 Σωτὴρ,
2561 1905 2622 1957 ού
2655 1904 2824 1957 θέλων
2858 1903 3017 1958 αὐτὸν
3059 1905 3310 1958 ἀπελθεῖν
3353 1906 3560 1976 ἀπαθῆ,
3596 1908 3714 1961 οὐδὲ

2144 1996 2332 2059 ἀτελὲς
2373 1997 2434 2050 τὸ
2479 1996 2638 2068 ἔργον
2683 1997 3026 2066 καταλεῖψαι,
3066 1998 3187 2051 οὐδὲ
3240 1999 3364 2062 τοὺς
3405 2002 3463 2053 ἐν
3494 1999 3573 2070 τῷ

2145 2088 2396 2152 ἐκδότους
2439 2091 2656 2159 ἀφεῖναι
2690 2089 2764 2161 τῷ
2796 2089 2994 2163 ἐχθρῷ,
3029 2092 3402 2162 ἐστρατήγησε
3437 2092 3578 2162 μέγα
3622 2094 3715 2147 καὶ

2145 2177 2455 2250 θαυμαστὸν
2520 2179 2698 2250 ἔργον.
2767 2181 2937 2252 Ὁρῶν
3002 2182 3111 2254 γάρ
3177 2183 3338 2236 αὑτὸν
3404 2186 3717 2255 καταπτήσ-

2146 2288 2307 2324 σοντα
2336 2271 2470 2340 (3i),
2498 2273 2592 2325 καὶ
2613 2273 2905 2343 τρέμοντα,
2946 2275 3038 2326 καὶ
3066 2273 3344 2327 δειλιῶντα
3369 2275 3459 2328 τὸν
3487 2275 3712 2347 θρασὺν,

2145 2360 2304 2413 πάλιν
2336 2361 2410 2425 ὡς
2443 2361 2762 2415 ὑποπίπτων
2789 2363 3202 2432 σχηματίζεται,
3235 2364 3321 2416 ἵνα
3352 2364 3714 2435 προσελθόντα

2142 2451 2233 2504 τὸν
2278 2451 2469 2522 ἐχθρὸν
2508 2452 2687 2505 τέλεον
2735 2453 3085 2524 χειρὼσηται.
3135 2455 3192 2507 '0
3222 2454 3323 2525 μὲν
3361 2455 3470 2526 γὰρ
3500 2455 3716 2527 δράκων

2143 2542 2243 2594 ούκ
2271 2541 2457 2612 ῆθελεν
2497 2541 2859 2613 ἀποθνήσκειν
2895 2543 2986 2594 τὸν
3023 2543 3246 2616 Κύριον,
3282 2543 3402 2598 οὐδὲ
3431 2547 3715 2616 κρεμάμε-

2143 2650 2232 2686 νον
2275 2633 2367 2686 ἐπὶ
2417 2631 2570 2698 ξύλον
2615 2634 2755 2704 (52)ο
2802 2634 2897 2686 καὶ
2940 2635 3097 2706 ῆθελε
3135 2636 3235 2706 μὲν
3280 2636 3583 2708 καταϐῆναι
3626 2638 3715 2692 τὸν

2143 2723 2346 2795 Κύριον
2379 2725 2486 2778 ἀπὸ
2507 2725 2600 2778 τοῦ
2640 2727 2870 2798 σταυροῦ
2899 2729 2991 2780 καὶ
3021 2729 3095 2799 μὴ
3121 2729 3407 2784 ἀποθανεῖν
3429 2748 3444 2761 ·
3475 2733 3526 2785 εί
3551 2732 3608 2786 δὲ
3639 2733 3714 2804 μὴ

2143 2819 2451 2885 κατέϐαινε,
2483 2819 2588 2872 κᾶν
2622 2820 2801 2890 μένειν
2843 2820 3005 2874 αὐτόν
3045 2821 3233 2885 ἁπλῶς
3276 2824 3367 2876 ἐπὶ
3401 2823 3497 2879 τοῦ
3534 2825 3713 2891 ξύλου,

2143 2909 2238 2961 καὶ
2285 2909 2443 2979 μόνον
2489 2908 2564 2980 μὴ
2605 2907 2914 2962 ἀποθανεῖν.
2958 2909 3230 2976 Ἐφοὸεῖτο
3257 2909 3366 2982 γάρ
3404 2911 3479 2982 μὴ
3523 2912 3585 2964 τὸ
3624 2929 3715 2981 γει

2144 2998 2462 3069 γραμμένον
2500 2998 2756 3070 γένηται·
2797 3017 2815 3050 ι
2855 2998 3074 3070 Πνεῦμα
3107 3001 3310 3072 Κυρίου
3353 3003 3440 3054 ἐπ’
3479 3003 3602 3073 ἐμὲ,
3642 3000 3704 3059 οὗ

2143 3091 2345 3144 εἵνεκεν
2365 3091 2546 3162 ἐχρισέ
2567 3109 2655 3162 με,
2678 3092 3126 3161 εὐαγγελίσασθαι
3150 3097 3381 3164 πτωχοῖς
3403 3096 3714 3151 ἀπέσταλκέ

2147 3199 2238 3253 με,
2274 3183 2367 3236 καὶ
2404 3182 2637 3254 κηρῦξαι
2681 3181 3043 3254 αἰχμαλώτοις
3083 3183 3295 3253 ἄφεσιν,
3336 3186 3552 3256 τυφλοῖς
3593 3189 3717 3243 ἀνά-

2145 3274 2350 3345 6λεψιν.
2391 3293 2409 3326 ι
2451 3276 2562 3328 Καὶ
2590 3275 2679 3328 διά
2710 3275 2868 3329 τοῦτο
2903 3274 3165 3347 ἐφοσήθη,
3215 3275 3289 3348 μὴ
3320 3272 3474 3342 οὗτός
3517 3279 3716 3334 ἐστινὲ

2142 3367 2384 3440 χρισθεὶς
2429 3370 2523 3421 καὶ
2566 3367 2910 3434 ἀποσταλεὶς,
2946 3369 3039 3424 καὶ
3088 3368 3272 3423 λοιπὸν
3307 3369 3415 3424 τῶν
3455 3372 3714 3427 ἁπάντων

2143 3459 2421 3530 ἐλευθερία
2454 3459 2694 3529 γένηται.

2211 3553 2304 3609 25.
2330 3551 2641 3622 Γυμνωθεὶς
2663 3547 2757 3606 οὖν
2782 3551 2890 3606 ἀπὸ
2916 3551 3009 3606 τοῦ
3033 3553 3252 3618 παντὸς,
3280 3552 3477 3625 ηὔχετο
3495 3555 3599 3609 κᾶν
3619 3554 3714 3608 τοῦ

2142 3643 2267 3716 ᾅδου
2301 3646 2544 3716 κρατεῖν.
2577 3643 2746 3696 Πάλιν
2773 3643 2882 3716 γάρ
2914 3645 3180 3713 ἐφοϐεῖτο,
3217 3644 3290 3716 μὴ
3324 3641 3478 3709 οὗτός
3508 3646 3655 3699 ἐστιν
3685 3648 3716 3700 6

2141 3736 2235 3787 καὶ
2281 3735 2342 3786 τὸ
2397 3734 2584 3798 σκότος
2635 3734 3024 3804 καταλάμπων,
3082 3735 3209 3807 περὶ
3255 3729 3316 3788 οὗ
3372 3736 3710 3808 γέγραπταιο

2148 3843 2168 3877 ι
2212 3824 2470 3878 Γαλιλαία
2502 3824 2611 3878 τῶν
2644 3824 2834 3888 ἐθνῶν,
2865 3827 2894 3878 6
2931 3824 3057 3891 λαὸς
3095 3827 3124 3879 6
3167 3827 3472 3900 καθήμενος
3500 3830 3558 3882 ἐν
3589 3829 3716 3883 σκό-

2142 3936 2244 3983 τει,
2299 3917 2413 3987 φῶς
2457 3914 2564 3971 εἶδε
2608 3919 2772 3989 μέγα.
2807 3937 2827 3970 ι
2867 3921 2978 3974 Καὶ
3023 3919 3130 3992 γὰρ
3172 3922 3266 3973 καὶ
3307 3922 3502 3992 ήκουεν
3546 3921 3712 3976 αὑτοῦ

2141 4013 2427 4082 λέγοντος⁶
2467 4030 2486 4063 ι
2536 4012 2677 4080 Ἐγώ
2709 4014 2824 4083 εἰμι
2865 4013 2925 4066 τὸ
2967 4013 3102 4081 φῶς.
3143 4032 3162 4066 ι
3197 4014 3358 4066 Ὅθεν
3402 4015 3601 4068 ἐδειλία
3639 4015 3712 4088 μὴ

2141 4104 2409 4176 ἀποθάνῃ,
2445 4097 2539 4158 καὶ
2574 4103 2792 4158 πάντων
2836 4104 3097 4176 ἐκϐληθῇ.
3134 4103 3190 4159 Ὀ
3219 4105 3274 4159 δὲ
3320 4105 3546 4177 Κύριος,
3572 4108 3713 4179 δρῶν

2143 4197 2303 4250 αὐτὸν
2349 4195 2640 4265 φεύγοντα,
2679 4195 2765 4249 ἴνα
2811 4197 2886 4268 μὴ
2927 4195 3086 4250 τοῦτο
3130 4197 3353 4268 γένηται
3392 4198 3486 4251 καὶ
3534 4200 3713 4270 φυγάς

2142 4285 2350 4358 ἀπέλθῃ
2398 4287 2426 4338 6
2466 4286 2678 4357 ἐχθρὸς,
2725 4287 2908 4356 φωνὰς
2949 4287 3170 4359 ἀφίησιν
3209 4287 3576 4360 ἀνθρωπίνας,
3619 4292 3712 4344 καὶ

2143 4379 2326 4448 φωνὰς
2357 4377 2639 4441 ἀσθενείας
2665 4378 2837 4447 λέγων
2856 4395 2870 4409 ’
2904 4397 2922 4430 ι
2966 4378 3142 4440 Ἐλωῖ,
3172 4379 3350 4443 Ἐλωῒ,
3377 4381 3528 4452 λημά
3553 4382 3712 4436 σασα-

474 4449 656 4516 Elohi,
707 4453 848 4508 lema
878 4455 1259 4524 sabachthani,
1303 4461 1357 4514 id
1386 4473 1469 4517 est
1499 4461 1642 4520 Deus
1688 4482 1862 4532 meus,
1897 4468 2040 4527 Deus

2144 4468 2329 4540 χθανί·
2365 4488 2383 4521 ι
2420 4468 2688 4535 τουτέστι,
2734 4489 2753 4521 ι
2797 4469 2897 4522 Θεέ
2931 4488 3054 4541 μου,
3099 4469 3199 4523 Θεέ
3255 4487 3384 4541 μου,
3551 4474 3608 4528 τί
3642 4492 3710 4546 με
3783 4517 3792 4528 .

474 4557 652 4607 meus,
672 4549 732 4598 ut
762 4545 893 4616 quid
919 4561 1004 4602 me
1027 4547 1468 4620 dereliquisti"?
1500 4574 1519 4607 ι
1555 4556 1709 4622 Quod
1734 4559 1855 4615 ideo
1886 4560 2035 4631 fecit,

473 4638 535 4685 ut
578 4631 852 4700 diabolus,
900 4651 1061 4706 quem
1113 4647 1171 4693 ut
1224 4639 1394 4696 Deum
1442 4645 1844 4715 reformidarat,
1891 4651 2036 4708 hunc

473 4729 626 4778 ratus
650 4723 763 4792 jam
790 4724 1062 4783 hominem
1105 4745 1224 4786 esse
1266 4731 1564 4801 infirmum,
1605 4736 1786 4810 fugam
1813 4741 2037 4798 cohibe-

472 4819 576 4868 ret.
609 4810 706 4869 His
735 4814 1005 4873 adductus
1047 4821 1276 4878 vocibus
1316 4824 1773 4886 sceleratissimus
1815 4831 1924 4898 ille,
1966 4834 2034 4889 ad

470 4918 594 4960 cum
637 4903 818 4962 denuo
845 4914 906 4962 ut
956 4909 1230 4969 hominem
1281 4917 1548 4975 accedens
1589 4921 1904 4979 confractus
1931 4934 2036 4981 est.

469 4995 672 5053 Iudaeis
686 4999 832 5054 enim
861 5009 1054 5058 auctor
1074 5003 1270 5071 fuerat,
1300 5015 1360 5061 ut
1381 5008 1449 5063 ad
1478 5026 1668 5066 necem
1698 5029 1823 5068 eum
1850 5023 2041 5084 postu-

473 5089 648 5145 larent
675 5109 689 5144 :
722 5107 919 5163 resque
941 5095 1016 5149 illi
1040 5104 1236 5166 praeter
1266 5116 1416 5170 spem
1450 5103 1688 5172 accidit;
1718 5120 1827 5160 non
1853 5107 1908 5160 in
1932 5107 2039 5163 alia

474 5181 676 5252 quippe
706 5189 858 5252 parte
897 5201 1060 5256 quam
1105 5187 1160 5243 in
1196 5189 1366 5246 latere
1403 5192 1697 5249 confossus
1745 5203 1850 5260 est,
1895 5199 2040 5255 unde

475 5273 702 5343 sanguis
744 5281 798 5329 et
827 5290 969 5345 aqua
1020 5280 1295 5348 manavit;
1331 5291 1388 5336 ut
1434 5285 1696 5353 quoniam
1741 5287 1896 5356 prius
1940 5304 2035 5358 per

473 5363 753 5419 mulierem
781 5382 848 5422 ex
879 5369 1044 5425 latere
1074 5370 1382 5437 formatam,
1407 5384 1630 5430 venerat
1657 5377 1932 5447 deceptio;
1958 5379 2035 5434 ita

473 5469 570 5525 per
612 5455 755 5513 latus
794 5459 1022 5515 secundi
1065 5460 1260 5517 Adami
1308 5465 1608 5536 redemptio
1643 5477 1697 5524 et
1723 5471 2036 5526 emundatio

2142 4560 2530 4630 ἐγκατέλιπες;
2570 4581 2587 4613 ι
2627 4564 2737 4616 Καὶ
2776 4563 2934 4616 τοῦτο
2965 4562 3156 4625 ἐποίει,
3191 4563 3274 4615 ἵνα
3305 4564 3334 4616 6
3359 4564 3625 4630 διάϐολος,
3651 4567 3709 4620 δν

2141 4652 2458 4724 κατεπλάγη
2489 4653 2640 4717 Θεὸν,
2673 4654 2860 4708 τοῦτον
2893 4654 2968 4717 ὡς
3001 4653 3284 4724 ἄνθρωπον
3327 4655 3525 4728 ἀσθενῆ
3560 4658 3710 4728 νομί-

2142 4763 2262 4809 σας,
2302 4746 2376 4816 μὴ
2419 4746 2595 4815 φυγὰς
2632 4746 2877 4800 ἀπέλθοι.
2903 4746 3139 4811 Ταύταις
3175 4746 3306 4816 γοῦν
3346 4753 3468 4813 ταῖς
3506 4755 3708 4820 φωναῖς

2141 4837 2404 4906 ὑπαχθεὶς
2433 4839 2461 4891 6
2497 4839 2800 4907 πάγκακος,
2832 4839 2992 4894 πάλιν
3033 4840 3108 4903 ὡς
3137 4839 3405 4913 ἀνθρώπῳ
3434 4844 3708 4915 προσῆλθε

2140 4929 2236 4981 καὶ
2290 4929 2626 4999 κατερράγη.
2681 4932 2906 4984 Ἐπεισε
2957 4929 3066 5004 γὰρ
3114 4934 3239 4997 τοὺς
3297 4935 3582 5001 Ἰουδαίους
3629 4941 3709 5002 εις

2142 5019 2359 5090 σφαγὴν
2385 5020 2544 5072 αὑτὸν
2573 5021 2920 5093 αἰτήσασθαι,
2941 5023 3036 5075 καὶ
3065 5023 3283 5092 γέγονεν
3303 5026 3436 5098 ὅπερ
3457 5029 3518 5079 ού
3550 5046 3710 5101 προσ-

2140 5110 2430 5180 εδόκησενο
2463 5110 2674 5181 ἐσφάγη
2711 5112 2820 5183 γὰρ
2851 5113 2950 5166 οὐκ
2982 5115 3061 5176 είς
3096 5113 3222 5168 ἄλλο
3253 5116 3435 5188 μέρος,
3481 5119 3596 5171 ἀλλ’
3630 5122 3709 5184 είς

2139 5200 2238 5272 τὴν
2279 5200 2536 5271 πλευρὰν,
2575 5202 2666 5270 ἀφ’
2703 5199 2770 5274 ἦς
2801 5202 3058 5275 έρρευσεν
3091 5204 3232 5278 ὕδωρ
3267 5207 3361 5260 καὶ
3390 5204 3563 5280 αἷμαο
3600 5210 3707 5278 ἵνα,

2141 5291 2326 5361 ἐπειδὴ
2354 5291 2613 5362 πρότερον
2643 5293 2730 5346 διὰ
2753 5294 2853 5363 τῆς
2885 5296 2947 5347 ἐκ
2982 5295 3221 5367 πλευράς
3252 5296 3584 5372 πλασθείσης
3608 5320 3709 5372 γυ-

2141 5381 2324 5444 ναικὸς
2344 5377 2504 5450 ἦλθεν
2539 5382 2742 5455 ἀπάτη,
2772 5385 2944 5449 οὕτως
2970 5386 3058 5439 διὰ
3085 5387 3184 5457 τῆς
3207 5388 3444 5461 πλευρᾶς
3466 5393 3560 5447 τοῦ
3590 5395 3711 5449 δευ-

2139 5473 2300 5543 τέρου
2353 5471 2525 5541 Ἀδὰμ
2569 5472 2761 5546 λύτρον
2808 5477 2903 5531 καὶ
2949 5477 3242 5550 καθάρσιον
3291 5484 3390 5553 τῆς
3435 5486 3711 5559 προτέρας

542 5609 589 5643 ⁷⁸
627 5607 774 5690 Psal.
812 5627 1013 5678 χχχιιι,
1046 5613 1100 5669 9.
1175 5615 1222 5646 "
1257 5613 1362 5671 lsa.
1398 5633 1520 5685 ιχι,
1559 5620 1610 5674 l.
1684 5622 1729 5656 "
1773 5621 1876 5679 lsa.
1914 5638 2003 5692 ιχ,
2039 5643 2043 5655 λ

2144 5624 2197 5678 2.
2276 5625 2322 5657 "
2359 5622 2519 5682 Joan.
2551 5642 2686 5697 vm,
2724 5630 2812 5684 12.
2886 5632 2932 5664 "
2971 5629 3138 5686 Marc.
3178 5650 3265 5699 xv,
3305 5635 3395 5690 54.

543 5725 654 5798 (5!)
692 5726 896 5798 Regius
925 5734 980 5785 et
1013 5727 1368 5800 Anglicanus,
1409 5736 1850 5808 καταπτήξαντα.

2209 5737 2321 5810 (52)
2359 5739 2561 5814 Regius
2592 5753 2645 5800 et
2673 5745 3025 5816 Anglicanus,
3054 5747 3146 5800 ἐπι
3171 5747 3348 5812 ξύλου.
