4008 6404
249 324 343 379 229

1268 322 1356 377 DE
1393 319 1732 379 PASSIONE
1773 320 1860 378 ΕΤ
1900 319 2131 380 CRUCE
2167 322 2434 381 DOMINI.

3371 327 3478 384 230

249 439 482 509 γένηται⁸
523 437 728 510 λύτρον
760 439 861 510 μὲν
893 437 980 492 διὰ
1016 436 1106 492 τοῦ
1131 437 1378 508 αἵματος,
1418 437 1712 508 καθάρσιον
1747 435 1805 489 δὲ

1910 437 2108 507 prim-is
2126 438 2454 496 eﬂiceretur:
2476 436 2776 508 redemptio
2794 453 2894 510 per
2914 441 3261 512 sanguinem,
3286 457 3480 498 emun-

249 531 327 584 διὰ
361 529 451 584 τοῦ
483 529 704 595 ὓδατος.
736 530 909 586 Τοῦτο
933 533 988 586 δὲ
1015 532 1074 586 οὒ
1113 531 1252 585 κατά
1290 529 1514 601 γνώμην
1545 529 1805 584 ἀπέϐαινε

250 623 317 692 τῷ
339 623 564 695 διαϐόλῳ
587 642 602 655 ·
637 627 736 680 καὶ
765 626 876 698 γὰρ
898 627 956 680 ὃν
995 625 1236 696 ἐφοϐεῖτο
1260 624 1511 695 γενέσθαι
1554 623 1804 688 θάνατον,

251 715 412 768 τοῦτον
437 717 550 785 (55)
573 717 854 774 ἀπέθανεν
879 719 907 772 6
932 719 1150 792 Κύριος,
1175 719 1426 781 κάκεῖνος
1453 717 1772 770 ἐσκύλευται
1787 729 1802 742 ’

250 808 330 860 καὶ
357 807 582 878 νομίσας
609 813 838 881 κρατεῖν
862 811 954 864 τὸν
979 811 1212 882 Χριστὸν
1249 813 1306 864 ἐν
1336 808 1414 880 τῷ
1444 808 1676 880 θανάτῳ,
1707 810 1807 862 αύ-

248 899 325 960 τὸς
361 898 556 968 μάλλον
603 901 821 974 ἐδείχθη
855 902 1046 974 νεκρός
1069 919 1084 933 ·
1113 902 1207 955 καὶ
1249 899 1664 973 καυχησάμενος
1710 901 1805 954 ἀν-

249 989 441 1061 θρωπον
463 991 799 1063 ἐνεδρεύειν,
827 994 1092 1064 πεποίηκε
1123 992 1430 1064 γνωσθῆναι
1467 992 1619 1045 Θεόν.
1652 992 1720 1043 ’Ἀ
1731 1008 1806 1062 μα

247 1081 337 1152 γὰρ
372 1081 670 1151 ἀπέθανεν,
714 1086 750 1156 ἡ
787 1085 886 1156 μὲν
928 1085 1102 1148 κτίσις
1141 1085 1354 1156 ἀνήλιος
1394 1085 1604 1152 γέγονε,
1650 1082 1712 1136 τὸ
1750 1082 1807 1136 δέ

247 1174 626 1245 καταπέτασμα
651 1174 747 1229 τοῦ
773 1175 903 1229 ναοῦ
929 1175 1157 1248 ἐρράγη,
1191 1178 1225 1247 ἡ
1258 1177 1331 1247 γῆ
1360 1175 1600 1246 ἐσείσθη,
1629 1176 1724 1230 καὶ
1750 1176 1806 1228 αἱ

246 1265 416 1334 πέτραι
453 1265 820 1338 ἐσχίσθησαν,
866 1267 915 1320 οἱ
951 1267 1294 1339 στρατιῶται,
1333 1268 1428 1322 σὺν
1465 1269 1576 1331 τοῖς
1619 1267 1804 1321 πυλω-

246 1358 342 1427 ροῖς
363 1353 452 1408 τοῦ
495 1355 631 1428 ᾅδου
670 1357 1040 1431 κατέπτηξαν.
1075 1360 1193 1429 Ἀφ’
1231 1354 1306 1415 ὧν
1340 1355 1409 1431 ἦν
1437 1359 1566 1413 ίδεῖν
1608 1359 1806 1430 μηκέτι

244 1451 520 1522 ἄνθρωπον,
553 1451 696 1505 ἀλλά
734 1453 869 1508 Θεὸν
899 1451 1112 1524 ἀληθῶς
1148 1453 1206 1504 ἐν
1244 1450 1478 1522 σώματι,
1512 1451 1587 1514 ὡς
1631 1451 1727 1505 καὶ
1755 1451 1804 1504 oi

244 1540 547 1612 θεωροῦντες
567 1542 761 1612 ἔλεγον
787 1561 801 1574 ⁸
836 1563 855 1596 ι
877 1543 1111 1616 Ἀληθῶς
1134 1534 1286 1606 οὗτός
1315 1544 1430 1596 ἐστι
1459 1541 1592 1595 Θεοῦ
1617 1541 1760 1605 Υίός.
1779 1560 1799 1594 ι

243 1633 335 1684 Καὶ
356 1632 458 1700 γὰρ
489 1633 668 1686 πολλά
701 1637 944 1706 μνημεῖα
969 1631 1342 1706 ἠνεῴχθησαν,
1373 1633 1469 1688 καὶ
1489 1631 1804 1704 ἡγέρθτεσαν

241 1722 416 1778 τούτων
443 1725 493 1778 οἱ
521 1727 740 1799 νεκροί.

295 1891 375 1947 26.
412 1893 629 1963 Τυφλὸν
674 1895 896 1968 ἀληθῶς
929 1897 962 1969 ἠ
997 1895 1198 1951 κακίω
1244 1895 1472 1968 νομίσας
1517 1897 1627 1968 γὰρ
1665 1897 1802 1951 ἀπο-

241 1985 443 2038 κτείνειν
486 1986 611 2052 ἐνα,
660 1987 778 2041 τῶν
813 1988 1027 2042 πάντων
1060 1989 1384 2062 ἐστέρηται⁶
1428 1989 1525 2043 καὶ
1575 1991 1803 2060 νομίσας

241 2076 307 2138 εἰς
329 2075 446 2147 ᾅδην
469 2079 838 2150 καταφέρειν,
870 2079 1192 2152 ἐκϐέϐληται
1220 2079 1315 2133 τοῦ
1356 2079 1503 2151 ᾅδου.
1547 2079 1659 2132 Καὶ
1694 2079 1802 2132 άπ-

241 2167 424 2238 εδείχθη
452 2170 649 2233 πᾶσιν,
681 2170 768 2223 ὅτι
803 2171 904 2223 οὐκ
947 2170 1199 2242 ἀσθενείᾳ
1233 2169 1448 2239 φύσεως
1487 2169 1750 2240 τέθνηκεν
1776 2169 1805 2221 6

241 2259 420 2330 ωτὴρ,
463 2260 606 2314 ἀλλά
636 2261 738 2314 τὸν
775 2261 1002 2316 θάνατον
1036 2264 1113 2326 είς
1137 2261 1416 2334 ἀναίρεσιν
1451 2261 1696 2328 ἐδίωξεν,
1720 2261 1806 2314 ἵνα

241 2351 533 2422 καταργήσῃ
569 2351 794 2416 τοῦτον,
818 2353 912 2405 καὶ
941 2352 1222 2426 ἀπαλλάξῃ
1241 2352 1484 2415 τούτους,
1517 2353 1632 2405 ὅσοι
1658 2350 1806 2422 φόϐῳ

240 2439 441 2494 θανάτου
474 2443 566 2497 διὰ
609 2444 823 2507 παντὸς
869 2443 962 2498 τοῦ
1009 2444 1109 2516 ζῇν
1147 2444 1320 2516 ἔνοχοι
1363 2441 1503 2517 ἦσαν
1538 2443 1802 2508 δουλείας.

239 2535 298 2586 Ού
319 2534 441 2589 πολὺ
468 2535 613 2605 γοῦν
643 2537 856 2608 διέστη,
887 2539 981 2591 καὶ
1008 2537 1106 2601 τὰς
1133 2537 1330 2602 ὠδῖνας
1353 2537 1509 2590 ἔλυσε
1529 2537 1623 2590 τοῦ
1657 2537 1817 2608 ᾅδου,

239 2625 455 2691 καὶτοὺς
486 2629 598 2699 μέν
647 2627 844 2693 ἄλλους
889 2630 1077 2701 ἤγειρε
1120 2628 1330 2699 λέγων*
1384 2648 1402 2679 ι
1454 2628 1760 2700 Ἐγείρεσθε
1791 2668 1806 2692 ,

239 2717 428 2790 ἄγωμεν
474 2719 786 2774 ἐντεῦθενο
830 2740 850 2773 ›
896 2721 1058 2786 αὐτὸς
1101 2722 1158 2774 δὲ
1203 2720 1464 2793 ἐξανέστη
1529 2723 1622 2775 καὶ
1679 2738 1811 2774 κατ-

239 2812 375 2882 ἐζησε
409 2813 518 2886 (34)
573 2813 680 2867 τοῦ
732 2812 986 2877 θανάτου,
1027 2813 1225 2885 χλεύην
1255 2813 1421 2867 αὐτοῦ
1460 2817 1560 2884 τὴν
1606 2813 1810 2884 τόλμαν

239 2904 554 2976 ἡγησάμενος
585 2922 604 2935 ο
642 2905 721 2969 ὡς
755 2906 851 2959 καὶ
891 2908 948 2960 ἐν
977 2906 1166 2976 ῦμνοις
1213 2908 1663 2978 προανεφωνεῖτο.
1727 2905 1812 2958 λέ-

237 3013 395 3064 γοντος
431 2998 524 3052 τοῦ
568 2997 902 3069 Πνεύματος
930 3012 944 3026 ·
991 3017 1010 3050 ι
1046 2998 1105 3050 'U
1153 2997 1419 3052 κατοικῶν
1464 3000 1522 3050 ἐν
1565 2999 1812 3070 οὐρανοῖς

237 3087 571 3155 ἐκγελάσεται
623 3088 859 3152 αὐτοὺς,
891 3089 986 3143 κα)⁵
1022 3093 1050 3144 6
1081 3089 1283 3162 Κύριος
1325 3091 1685 3162 ἐκμυκτηριεῖ
1717 3088 1812 3142 αύ-

236 3180 356 3244 τούς.
395 3201 412 3234 ι
442 3182 799 3248 Χλευάζεται
826 3183 934 3256 γὰρ
959 3183 1172 3256 ἀληθῶς
1203 3183 1347 3239 οὕτω
1375 3186 1626 3257 παιχθεὶς
1645 3225 1659 3249 ,
1715 3185 1808 3238 καὶ

237 3274 364 3345 παρά
418 3275 662 3348 γνώμην
714 3276 864 3348 αὐτῷ
912 3277 1021 3330 τῶν
1072 3279 1415 3350 πραγμάτων
1465 3279 1804 3333 ἀποϐάντων.

237 3363 376 3435 Δίκην
404 3365 512 3437 γὰρ
541 3365 650 3418 τοῦ
683 3365 924 3435 ζωῦφίου
952 3366 1046 3419 τοῦ
1073 3367 1408 3438 καλουμένου
1432 3367 1541 3439 (55)
1578 3367 1804 3438 σφηκὸς,

236 3457 656 3527 προσϐάλλοντος
692 3457 888 3530 πέτρᾳ,
916 3459 1010 3513 καὶ
1035 3462 1098 3531 τῇ
1131 3460 1401 3532 προσϐολῇ
1432 3460 1506 3531 μὴ
1542 3459 1809 3531 βλάπτον-

235 3562 325 3611 τος,
355 3547 486 3603 ἀλλά
524 3550 634 3603 καὶ
657 3547 722 3601 τὸ
753 3548 982 3620 κέντρον
1015 3549 1214 3620 μᾶλλον
1239 3549 1603 3612 ἀπολλύοντος
1625 3567 1638 3580 ο
1663 3549 1806 3602 οὕτω

235 3639 312 3692 καὶ
332 3642 357 3693 6
380 3640 623 3704 θάνατος
651 3639 865 3710 ἐσφάλη
887 3641 1018 3694 πολὺ
1049 3641 1182 3711 (56),
1217 3640 1540 3712 προσϐαλὼν
1570 3643 1636 3711 τῇ
1667 3640 1802 3712 ζωῇ,

234 3730 334 3800 ἣτις
350 3735 493 3788 ἐστὶν
533 3735 568 3786 ὁ
601 3732 874 3804 Χριστόςο
905 3733 966 3786 αὖ
997 3732 1104 3804 γὰρ
1135 3733 1372 3804 ἠδυνήθη
1406 3733 1681 3805 κρατῆσαι
1705 3732 1803 3785 αύ-

235 3823 309 3878 τὸν
339 3825 412 3898 τῷ
444 3827 699 3896 θανάτῳ,
751 3824 888 3880 ἀλλὰ
927 3825 1126 3896 μᾶλλον
1170 3825 1266 3879 καὶ
1297 3826 1358 3878 τὸ
1387 3826 1612 3896 κέντρον
1654 3821 1807 3877 ἀπώ-

233 3915 361 3970 λεσεν
379 3933 392 3946 ·
417 3916 569 3970 ὥστε
595 3917 692 3970 καὶ
711 3914 809 3978 οὒς
833 3915 1096 3987 πρότερον
1127 3915 1310 3986 ἐφόϐει
1329 3915 1392 3968 τὸ
1415 3915 1641 3986 κέντρον
1665 3915 1802 3984 (57),

235 4007 312 4063 νῦν
334 4009 496 4065 αὑτοῦ
543 4012 987 4080 κατακερτομεῖν
1009 4049 1024 4073 ,
1059 4011 1154 4064 καὶ
1195 4009 1376 4078 λέγειν
1399 4027 1414 4042 ο
1459 4028 1477 4061 ι
1506 4008 1618 4062 Ποῦ
1668 4025 1760 4061 σου
1787 4048 1802 4074 ,

235 4100 425 4170 θάνατε,
460 4104 528 4158 τὸ
561 4103 831 4174 κέντρον;
864 4103 967 4156 ποῦ
1003 4121 1117 4168 σου,
1159 4103 1281 4175 ᾆδη,
1327 4103 1389 4157 τὸ
1421 4106 1606 4169 νῖκος;
1645 4123 1664 4156 ι
1708 4104 1804 4156 καὶ

235 4193 404 4247 πάλιν*
459 4215 480 4248 ι
512 4194 808 4249 Κατέπιεν
846 4196 876 4247 6
918 4193 1145 4258 θάνατος
1185 4184 1459 4265 ’ἰσχύσας’
1501 4212 1519 4245 ι
1571 4192 1668 4246 καὶ
1700 4193 1806 4244 πά-

230 4278 329 4336 λιν·
378 4305 398 4338 ‹
432 4285 695 4357 ’Δφεῖλεν
742 4285 772 4338 6
815 4283 945 4348 Θεὸς
989 4286 1096 4338 πᾶν
1150 4284 1383 4356 δάκρυον
1441 4283 1551 4336 ἀπὸ
1600 4282 1804 4347 παντὸς

232 4375 533 4445 προσώπου.
563 4397 583 4429 ι
673 4421 676 4424 .

1907 529 2057 585 datio
2077 546 2173 600 per
2195 546 2415 602 aquam.
2451 529 2565 586 Hoc
2586 541 2770 587 autem
2798 548 3142 604 nequaquam
3171 550 3236 590 ex
3260 542 3482 590 senten-

1906 620 1984 674 tia
2033 621 2252 677 diabolo
2283 621 2502 692 obtigit,
2535 637 2660 676 cum
2692 637 2757 678 ea
2805 634 3000 690 morte,
3033 641 3141 696 qua
3180 627 3478 687 metuebat.

1906 713 2104 768 obierit
2147 713 2441 779 Dominus,
2487 721 2651 783 atque
2697 714 2786 770 ille
2832 717 3086 774 omnibus
3139 716 3482 787 exspoliatus

1906 815 2030 862 est:
2063 815 2328 878 ratusque
2371 823 2430 863 se
2468 809 2750 864 Christum
2803 809 2859 863 in
2900 818 3076 865 morte
3112 817 3321 876 tenere,
3361 810 3481 880 ipse

1907 897 2093 966 potius
2140 909 2388 953 mortuus
2424 912 2547 952 esse
2593 899 2967 968 deprehensus
3014 907 3099 956 est
3132 920 3146 956 :
3175 908 3338 971 atque
3365 900 3483 971 glo-

1905 988 2080 1042 riatus
2129 987 2278 1058 quod
2307 988 2517 1042 homini
2564 989 2860 1046 insidiatus
2893 1000 3058 1055 esset,
3093 992 3146 1046 id
3188 991 3390 1060 eﬂ‘ecit,
3421 998 3482 1046 ut

1906 1075 2050 1133 Deus
2071 1087 2482 1150 agnosceretur.
2513 1078 2648 1133 Nam
2678 1082 2864 1136 statim
2901 1092 3066 1152 atque
3097 1091 3350 1138 mortuus
3372 1091 3480 1146 est,

1905 1183 2089 1224 rerum
2136 1178 2332 1224 natura
2383 1171 2501 1226 sole
2569 1171 2830 1226 destituta
2881 1172 3015 1238 fuit,
3066 1175 3248 1229 velum
3292 1173 3482 1244 templi

1906 1261 2145 1316 scissum
2191 1269 2297 1328 est,
2347 1267 2494 1317 terra
2550 1265 2772 1318 tremuit
2799 1271 2854 1318 et
2888 1273 3053 1334 petrae
3094 1265 3282 1322 scissae
3328 1275 3480 1330 sunt,

1907 1351 2012 1421 77
2041 1352 2264 1417 milites,
2306 1366 2432 1406 cum
2485 1351 2687 1407 inferni
2735 1353 3068 1422 ianitoribus
3107 1365 3316 1412 terrore
3352 1372 3482 1426 per-

1905 1443 2044 1497 culsi
2087 1449 2237 1497 sunt.
2266 1442 2342 1496 Ex
2376 1444 2581 1514 quibus
2617 1443 2803 1499 videre
2840 1454 2958 1500 erat
2988 1460 3099 1500 non
3126 1449 3269 1501 ultra
3307 1448 3484 1504 homi-

1905 1552 2049 1603 nem,
2078 1538 2194 1608 ised
2237 1554 2366 1594 vere
2415 1537 2584 1594 Deum
2623 1539 2680 1594 in
2732 1554 2986 1609 corpore,
3013 1551 3072 1596 ut
3122 1543 3342 1598 aiebant
3375 1544 3480 1614 ipsi

1903 1639 2240 1699 spectatores
2278 1648 2290 1685 :
2329 1649 2349 1684 ‹
2387 1629 2528 1686 Vere
2578 1633 2668 1688 hic
2712 1641 2798 1688 est
2838 1633 3014 1689 Filius
3067 1633 3161 1690 Dei
3184 1637 3252 1689 ⁸ο.
3292 1655 3310 1688 ι
3346 1636 3483 1692 Nam

1904 1721 2077 1774 multa
2124 1729 2480 1778 monumenta
2506 1732 2694 1794 aperta
2727 1731 2879 1792 sunt,
2909 1731 2964 1781 et
2986 1727 3080 1796 qui
3108 1727 3166 1781 in
3199 1727 3309 1783 illis
3336 1744 3487 1784 mor-

1832 1800 1878 1860 B
1905 1812 1984 1866 tui
2011 1812 2266 1880 iacebant
2297 1829 2668 1871 resurrexere.

1971 1901 2061 1957 26.
2104 1901 2242 1957 Vere
2274 1918 2418 1958 caeca
2465 1919 2552 1959 res
2603 1913 2688 1958 est
2745 1903 2988 1969 malitia,
3043 1904 3176 1960 dum
3231 1913 3489 1976 speraret.

1903 1995 2047 2048 enim
2079 2009 2139 2049 se
2165 2010 2335 2048 unum
2371 1995 2706 2056 occisurum.
2745 1997 3002 2053 omnibus
3060 1997 3310 2066 privatus
3343 2005 3432 2053 est
3466 2013 3482 2050 :

1905 2095 2166 2156 ratusque
2213 2101 2272 2141 se
2321 2086 2474 2140 illum
2503 2085 2570 2140 ad
2633 2085 2846 2141 inferna
2878 2087 3242 2156 deiecturum,
3269 2089 3386 2158 ipse
3415 2089 3487 2144 ab

1906 2176 2122 2232 inferno
2149 2178 2341 2248 pulsus
2370 2185 2474 2232 est.
2499 2177 2675 2249 Atque
2697 2179 2832 2232 nulli
2866 2194 2974 2233 non
3007 2162 3186 2249 palam
3217 2178 3342 2242 fuit,
3373 2196 3486 2234 non

1905 2267 2226 2322 inﬁrmitate
2255 2267 2442 2322 carnis
2472 2268 2676 2323 obiisse
2710 2267 3076 2332 Salvatorem,
3114 2267 3210 2324 sed
3241 2279 3487 2325 mortem

1908 2358 1976 2411 ad
2007 2372 2193 2412 necem
2229 2364 2579 2427 persecutum
2607 2373 2751 2421 esse,
2782 2367 2860 2419 ut,
2889 2357 3094 2412 abolita
3141 2357 3254 2422 illa,
3285 2359 3487 2413 libera-

1909 2456 1992 2502 ret
2017 2463 2212 2503 omnes
2238 2455 2508 2518 quotquot
2551 2455 2700 2502 metu
2759 2450 2951 2504 mortis
2983 2464 3080 2519 per
3122 2455 3290 2503 totam
3317 2451 3488 2505 vitam
3526 2421 3592 2482 ί

1910 2538 2138 2594 obnoxii
2189 2548 2350 2596 erant
2407 2539 2682 2595 servituti.
2729 2537 2849 2594 Non
2900 2541 2994 2596 diu
3039 2541 3226 2612 itaque
3274 2552 3484 2610 postea,

1911 2633 2135 2688 dolores
2189 2633 2352 2688 solvit
2409 2634 2610 2690 inferni
2639 2642 2695 2689 et
2746 2635 2885 2690 alios
2937 2635 3198 2689 excitavit
3246 2623 3536 2692 dicens”?

1917 2740 1936 2774 ι
1978 2723 2219 2795 Surgite,
2250 2725 2378 2780 hinc
2405 2727 2670 2781 abeamus
2715 2725 2784 2780 θ’.
2836 2743 2855 2776 ι
2889 2723 3009 2795 Ipse
3057 2733 3239 2780 autem
3297 2741 3492 2780 resur-

1914 2817 2078 2885 rexit,
2108 2824 2162 2872 et
2191 2817 2258 2872 ad
2296 2819 2463 2873 vitam
2504 2818 2666 2873 rediit
2698 2834 2766 2874 ex
2801 2826 2994 2882 morte,
3028 2817 3286 2887 illiusque
3320 2817 3491 2872 auda-

1913 2907 2054 2961 ciam
2086 2907 2323 2962 ludibrio
2350 2907 2544 2962 habuit
2573 2925 2587 2962 :
2618 2915 2677 2960 ut
2713 2906 2768 2960 in
2795 2904 3012 2976 hymnis
3061 2905 3490 2974 prmnuntiatuin
3554 2967 3556 2970 τ
3651 2897 3666 2913 ’

1916 2999 2038 3064 fuit,
2069 3000 2280 3070 Spiritu
2309 2999 2530 3055 dicente
2564 3018 2578 3054 :
2627 3017 2646 3050 ι
2677 2998 2780 3065 Qui
2824 2998 3036 3052 habilat
3081 2997 3138 3050 in
3168 2996 3324 3051 cielis
3361 2996 3490 3049 irri-
3552 2993 3556 3000 ’

1915 3090 2065 3146 debit
2093 3105 2210 3155 eos,
2244 3097 2298 3146 et
2336 3089 2602 3145 Dominus
2653 3088 3014 3144 subsannabit
3057 3102 3153 3143 eos
3181 3086 3247 3138 θ’.
3286 3104 3305 3138 ι
3356 3083 3491 3141 Vere

1915 3183 2114 3254 quippe
2149 3183 2430 3245 irridetur,
2463 3182 2539 3236 ita
2562 3180 2802 3238 ludibrio
2829 3181 3069 3243 habitus,
3101 3180 3376 3249 rebusque
3408 3176 3490 3232 illi

1914 3285 2112 3346 praeter
2140 3277 2307 3330 animi
2342 3275 2668 3332 sententiam
2698 3272 3099 3328 accidentibus.
3141 3270 3320 3326 lnstar
3343 3271 3490 3326 enim

1914 3365 2202 3435 cuiusdam
2239 3363 2577 3427 animalculi,
2615 3362 2704 3417 cui
2746 3378 2945 3418 nomen
2971 3377 3160 3433 vespa,
3195 3360 3340 3432 quod
3363 3375 3490 3414 cum

1924 3467 2079 3530 petra
2125 3473 2506 3528 congressum,
2541 3457 2788 3527 nihilque
2833 3457 2922 3510 illa
2965 3456 3170 3526 impetu
3203 3470 3304 3509 suo
3334 3455 3504 3536 lwsa.

1910 3551 2111 3604 amittit
2155 3551 2330 3620 ipsum
2374 3550 2557 3620 potius
2606 3549 2898 3614 aculeum;
2931 3547 3007 3601 ita
3048 3557 3103 3601 et
3142 3561 3293 3602 mors
3351 3560 3488 3600 con-

1910 3641 2164 3712 grediens
2203 3656 2328 3696 cum
2360 3643 2494 3705 vita,
2517 3656 2639 3710 qua:
2688 3647 2772 3694 est
2804 3638 3077 3702 Christus,
3103 3638 3336 3692 multum
3373 3636 3493 3691 fru-

1912 3740 2084 3788 strata
2123 3742 2208 3788 est
2248 3751 2262 3786 :
2299 3749 2408 3786 non
2464 3726 2608 3787 enim
2643 3733 2818 3802 potuit
2860 3746 2984 3786 eum
3018 3738 3196 3784 morte
3222 3730 3490 3793 detinere,

1909 3825 2002 3882 sed
2029 3825 2210 3896 potius
2244 3814 2493 3878 aculeum
2547 3822 2817 3894 perdidit;
2864 3823 2942 3876 ita
2989 3829 3050 3874 ut
3079 3822 3173 3892 qui
3201 3821 3329 3875 olim
3359 3835 3492 3876 acu-

1910 3917 2055 3971 leum
2089 3914 2542 3979 reformidabant,
2574 3914 2688 3984 iam
2730 3912 2998 3968 irrideant
3026 3912 3180 3966 illum
3207 3911 3441 3967 dicendo
3471 3930 3488 3966 :

1915 4026 1934 4060 ι
1978 4006 2080 4063 Ubi
2110 4017 2218 4074 est,
2247 4022 2426 4069 mors,
2453 4005 2678 4060 aculeus
2703 4005 2871 4060 tuus?
2895 4004 3007 4069 ubi,
3044 4001 3284 4068 inferne,
3319 4004 3492 4058 victo-

1910 4100 1992 4155 ria
2027 4099 2220 4154 tua”?
2261 4117 2280 4150 ι
2322 4097 2386 4151 Et
2415 4112 2638 4172 rursum
2670 4111 2684 4148 :
2716 4115 2735 4148 ι
2775 4096 3071 4167 Deglutivit
3095 4110 3245 4152 mors
3274 4104 3328 4150 et
3362 4111 3496 4166 prai-
3531 4097 3544 4120 ‘

1910 4192 2081 4246 valuit
2101 4191 2180 4243 εις
2222 4211 2241 4243 ι
2274 4190 2586 4261 iterumque
2626 4207 2640 4244 :
2689 4208 2708 4240 ι
2769 4190 3009 4246 Abstulit
3074 4188 3220 4246 Deus
3274 4203 3492 4245 omnem

1908 4282 2206 4354 lacryuiam
2238 4280 2307 4336 ab
2337 4280 2487 4335 omni
2515 4281 2673 4334 vultu
2690 4279 2758 4334 ⁸⁵.
2800 4298 2821 4333 ι
3561 4335 3576 4366 χ

3539 4369 3616 4410 4,.

587 4465 878 4538 ἐκϐληθεὶς
901 4468 931 4520 6
957 4465 1139 4530 ἄθλιος
1167 4465 1274 4520 ἀπὸ
1306 4465 1400 4520 τοῦ
1457 4466 1585 4545 ᾅδου
1611 4507 1626 4532 ,
1672 4465 1805 4520 καθ-

1981 4460 2073 4516 27.
2117 4461 2322 4518 Dehinc
2350 4462 2674 4517 exturbatus
2709 4475 2775 4518 ex
2815 4460 3036 4518 inl‘erno
3061 4461 3252 4530 miser,
3294 4459 3496 4518 sedens

232 4558 405 4627 ήμενος
429 4561 597 4634 παρὰ
618 4561 720 4622 τὰς
743 4559 936 4623 πύλας,
967 4563 1163 4631 θεωρεῖ
1190 4559 1552 4631 ἐξαγομένους
1577 4558 1805 4622 πάντας,

231 4651 336 4714 τοὺς
371 4651 804 4722 πεπεδημένους
829 4690 844 4714 ,
882 4653 948 4721 τῇ
992 4649 1086 4703 τοῦ
1128 4649 1390 4721 Σωτῆρος
1419 4648 1674 4722 ἀνδρείᾳ,
1712 4649 1808 4701 καὶ

231 4741 338 4804 τοὺς
381 4744 487 4813 μὲν
524 4743 760 4814 νεκροὺς
803 4739 1115 4806 ἀναζῶντας
1141 4758 1154 4772 °
1189 4744 1315 4806 τοὺς
1342 4742 1399 4796 δέ
1425 4740 1806 4812 αἰχμαλώτους

233 4830 564 4903 ἀφιεμένους,
590 4834 688 4886 καὶ⁵
709 4831 838 4896 τοὺς
859 4833 955 4903 μὲν
977 4833 1166 4902 ἁγίους
1194 4831 1660 4903 προαπαντῶντας
1679 4833 1806 4897 τοὺς

235 4925 342 4994 περὶ
378 4925 472 4978 τὸν
540 4923 801 4996 Ἀϐραάμ
836 4963 852 4987 ,
905 4925 998 4977 καὶ
1042 4923 1510 4995 ἀνακρουομένους
1544 4925 1756 4987 πάντας
1785 4963 1804 4989 ,

233 5016 355 5070 κατὰ
383 5017 446 5070 τὸ
485 5015 886 5088 γεγραμμένον
910 5032 924 5046 ο
957 5035 975 5067 ι
1005 5015 1364 5087 Προέφθασαν
1397 5016 1658 5088 ἄρχοντες
1690 5015 1812 5087 ἐχό-

239 5121 356 5174 μενα
371 5111 694 5180 ψαλλόντων
724 5109 784 5161 ἐν
819 5108 968 5181 μέσῳ
1005 5110 1259 5164 νεανίδων
1293 5108 1762 5181 τυμπανιστριῶνξ
1789 5127 1807 5162 ιι

1915 4554 1982 4608 ad
2021 4554 2186 4619 ostia,
2217 4554 2436 4610 vinctos
2467 4570 2662 4610 omnes
2701 4555 2988 4625 conspexit
3043 4555 3344 4611 Salvatoris
3375 4554 3493 4610 for-

1914 4647 2149 4701 titudine
2177 4646 2362 4711 educi,
2392 4658 2642 4703 mortuos
2675 4661 2989 4718 resurgere,
3008 4648 3257 4718 captivos
3288 4647 3490 4702 dimitti

1913 4739 2112 4795 liberos
2139 4757 2152 4794 :
2192 4748 2416 4796 sanctos
2447 4739 2542 4810 qui
2575 4753 2700 4794 cum
2745 4739 3059 4796 Abrahamo
3088 4747 3242 4794 erant
3274 4740 3492 4794 obviam

1911 4831 2122 4896 venire,
2177 4846 2481 4901 omnesque
2535 4839 2794 4902 tympana
2850 4831 3094 4901 pulsare,
3129 4830 3492 4900 quemadmo-

1911 4921 2041 4976 dum
2072 4922 2343 4994 scriptum
2382 4931 2467 4978 est
2500 4939 2514 4974 :
2547 4941 2566 4974 ι
2602 4920 2994 4986 Pi'zevenerunt
3043 4921 3319 4990 principes
3359 4934 3494 4975 con-

1902 5015 2082 5085 iuncti
2121 5013 2564 5086 psallentibusin
2597 5014 2776 5068 medio
2805 5013 3228 5083 iuvencularum
3280 5021 3493 5082 tympa-

1911 5111 2232 5167 nistriarum
2259 5111 2306 5143 ⁸⁸
2337 5125 2351 5163 :
2389 5130 2406 5162 ι
2445 5109 2694 5164 Gaudere
2723 5122 2915 5161 omnes
2955 5105 3049 5174 qui
3101 5103 3352 5158 libertate
3385 5103 3488 5156 do-

236 5199 345 5262 τοὺς
385 5199 887 5272 ἐλευθερουμένους
905 5201 1192 5273 χαίροντας
1225 5202 1320 5256 καὶ
1345 5201 1604 5272 λέγοντας
1623 5218 1635 5232 ·
1675 5221 1693 5254 ι
1726 5201 1805 5254 Ἐν

1911 5203 2027 5256 nati
2058 5202 2297 5266 fuerant,
2331 5216 2395 5255 ac
2421 5201 2606 5254 dicere
2641 5214 2654 5249 :
2687 5216 2706 5248 ι
2746 5194 2804 5249 In
2829 5192 3199 5249 convertenda
3223 5191 3496 5248 Dominus

296 5363 339 5398 ⁸⁸
377 5365 562 5422 Matth.
599 5380 795 5427 xxvu,
831 5363 917 5420 54.
993 5363 1036 5396 ⁸¹
1079 5363 1267 5419 Matth.
1305 5379 1467 5432 xxvt,
1497 5365 1590 5421 46.
1663 5367 1710 5398 δ’
1743 5365 1890 5424 Psal.
1931 5380 2004 5431 ii,
2036 5367 2090 5420 4.
2166 5366 2212 5397 ⁸⁸
2250 5363 2427 5420 lCor.
2462 5376 2554 5427 xv,
2589 5359 2677 5416 55.
2752 5354 3067 5419 “Isa.xxv,
3102 5356 3158 5414 8.
3234 5358 3279 5391 "
3315 5355 3492 5429 Apoc.

239 5451 322 5503 ru,
392 5439 438 5468 “
470 5437 624 5493 Psal.
663 5452 849 5499 vau,
882 5435 970 5490 26.

301 5595 404 5664 (εδ)
441 5599 666 5658 Τοῦτον,
698 5593 867 5664 ἀεθει
883 5591 938 5646 in
958 5591 1150 5664 Regio.

303 5659 407 5736 (54)
443 5668 586 5723 Edit.
616 5663 893 5736 Commel.
920 5674 974 5718 et
1014 5659 1370 5736 manuscripti
1400 5674 1626 5736 omnes,
1667 5673 1802 5736 κατ-

243 5731 625 5808 ἐζήσεζριιαειει·
653 5732 1054 5808 Anglican.qui
1086 5731 1374 5808 cuin‘edit.
1407 5731 1583 5808 Paris.
1616 5731 1800 5792 habet,

242 5801 505 5880 κατέϐησε.
533 5801 839 5866 Ibidcm'in
861 5803 1068 5876 Anglic.
1093 5802 1186 5856 τοῦ
1221 5803 1474 5867 θανάτου,
1502 5801 1674 5857 deest.

2006 5584 2092 5652 35)
2133 5581 2239 5634 Τοῦ
2262 5580 2624 5652 καλουμένου,
2652 5579 2807 5634 deest
2830 5583 2882 5636 in
2911 5580 3236 5651 Anglicano.

2005 5651 2093 5724 56)
2133 5651 2296 5724 ῌολύ,
2323 5651 2477 5724 abest
2510 5657 2578 5709 ab
2600 5651 2920 5720 Anglicani).

1982 5719 2092 5800 (57)
2134 5720 2363 5794 Regius,
2383 5719 2461 5792 τῷ
2483 5719 2718 5797 κέντρῳί.
