4008 6404
507 357 607 411 251

1638 348 1697 403 S.
1740 341 2204 402 ATﬂANASlUS.
2247 378 2316 386 —
2353 341 2579 401 DUBIA.

3640 348 3746 404 2-32

507 473 877 544 captivitatem
931 463 1096 534 Sion,
1138 469 1265 523 facti
1328 484 1520 523 sumus
1587 469 1729 524 sicut
1778 469 2068 524 consolati.

2178 467 2250 538 τῷ
2275 468 2598 539 ἐπιστρέψαι
2624 467 2825 538 Κύριον
2847 467 2942 537 τὴν
2970 469 3344 536 αἰχμαλωσίαν
3375 469 3533 533 Σιὼν,
3559 471 3747 540 ἐγενή-

505 563 662 618 Tunc
717 564 982 632 repletum
1033 571 1118 618 est
1161 561 1359 631 gaudio
1393 577 1456 616 os
1491 572 1740 617 nostrum
1789 571 1844 618 et
1888 564 2070 634 lingua

506 665 696 710 nostra
749 655 1116 709 exsultatione
1144 655 1210 708 ".
1250 673 1270 706 ι
1324 653 1430 724 Ipsi
1481 671 1702 725 quoque
1757 657 1956 725 angeli,
2018 664 2073 709 ct

502 747 685 801 omnis
712 746 984 800 exercitus
1018 745 1358 813 angelorum,
1409 746 1640 816 hymnos
1687 746 1979 808 canebant,
2009 759 2073 798 ac

501 837 759 890 dicebant
791 852 804 886 ;
839 852 858 884 ε
894 833 1078 888 Gloria
1111 837 1165 888 in
1198 835 1431 890 excelsis
1459 836 1588 901 Deo,
1610 844 1665 890 et
1691 837 1744 889 in
1770 844 1912 888 terra
1945 850 2070 904 pax,

505 924 564 978 in
595 923 906 978 hominibus
952 924 1091 977 bona
1133 926 1501 977 voluntas”:
1544 944 1562 975 ι
1607 925 2073 992 occurrebantque

506 1018 800 1086 redemptis
827 1017 1138 1085 juveneulis
1168 1017 1474 1070 animabus.
1527 1014 1665 1068 Tum
1703 1017 1899 1068 anima:
1940 1030 2074 1068 con-

499 1110 799 1162 currebant
846 1124 972 1162 cum
1035 1109 1264 1178 angelis,
1311 1109 1791 1178 ascendebantque
1835 1108 2074 1177 patriar-

500 1200 639 1263 (νικας,
671 1200 852 1254 omnia
887 1201 1125 1270 undique
1167 1216 1270 1254 una
1309 1203 1678 1271 personabant
1716 1216 1841 1252 cum
1891 1200 2073 1253 laetitia

498 1293 558 1339 et
595 1285 846 1354 psalmis,
879 1284 951 1338 ob
978 1293 1310 1354 reportatam
1348 1286 1416 1338 de
1453 1294 1629 1339 morte
1656 1286 1963 1338 victoriam.
1993 1284 2073 1339 Ac

497 1377 960 1445 quemadmodum
995 1375 1206 1444 Davidi,
1230 1391 1354 1430 cum
1386 1386 1695 1447 prostratus
1725 1377 1933 1446 jaceret
1963 1375 2073 1430 Go-

499 1467 657 1530 ltath,
685 1469 1051 1522 occurrebant
1073 1469 1379 1537 puellarum
1425 1470 1581 1522 chori
1614 1484 1738 1522 cum
1773 1469 2069 1539 tympanis,

502 1559 832 1628 aiebantque
865 1573 880 1610 :
921 1576 939 1610 ι
977 1557 1256 1614 Percussit
1288 1559 1456 1613 David
1505 1561 1559 1614 in
1600 1561 1786 1615 decem
1829 1561 2071 1614 millibus

495 1652 714 1716 suis";
749 1671 769 1702 ι
807 1651 881 1703 ita
914 1651 1094 1707 simile
1123 1652 1255 1722 quid
1289 1651 1491 1705 factum
1531 1660 1614 1706 est
1651 1653 1703 1706 in
1743 1662 1920 1706 morte
1949 1651 2070 1706 Sal-

499 1745 731 1796 vatoris.
767 1740 1109 1814 Resurgente
1163 1759 1398 1814 namque
1432 1745 1550 1810 illo,
1581 1760 1774 1799 omnes
1815 1759 2072 1798 occurre-

2180 560 2353 631 Θημεν
2383 559 2516 612 ὡσεὶ
2539 559 2647 629 (58)
2677 558 3169 628 παρακεκλημένοι.
3198 561 3332 612 Τότε
3373 559 3615 630 ἐπλήσθη
3651 579 3748 631 χα-

2181 655 2282 725 ρᾶς
2311 652 2372 704 τὸ
2419 651 2592 720 στόμα
2629 650 2785 720 ἡμῶν
2829 650 2924 702 καὶ
2958 652 2991 720 ἡ
3034 651 3255 718 γλῶσσα
3300 651 3456 720 ἡμῶν
3483 652 3746 719 ἀγαλλιά-

2181 758 2338 803 σεως.
2373 759 2392 791 ι
2430 742 2541 793 Καὶ
2569 739 2787 808 ἄγγελοι
2814 739 2943 810 γάρ,
2977 741 3068 792 καὶ
3101 742 3252 792 πᾶσα
3295 742 3326 809 ἡ
3371 739 3600 810 στρατιά
3637 740 3746 793 τῶν

2179 834 2423 901 ἀγγέλων
2451 833 2744 904 ὑμνοῦντες
2777 827 2917 902 ἦσαν
2962 833 3070 900 (59)
3097 833 3193 884 καὶ
3223 832 3473 900 λέγοντες
3491 873 3506 895 ,
3563 852 3582 883 ι
3609 831 3747 897 Δόξα

2179 925 2236 977 ὲν
2265 925 2510 992 ὑψίστοις
2544 923 2682 992 Θεῷ,
2710 925 2804 976 καὶ
2845 924 2937 975 ἐπὶ
2971 924 3073 994 γῆς
3100 925 3310 994 εἰρήνη,
3346 926 3405 977 ὲν
3438 923 3746 994 ἀνθρώποις

2179 1016 2394 1069 εὐδοκία
2418 1033 2431 1046 °
2477 1036 2496 1069 ο
2538 1018 2630 1070 καὶ
2660 1019 2914 1088 ἀπήντων
2949 1020 3067 1079 ταῖς
3097 1017 3488 1086 λυτρουμὲναις
3541 1017 3747 1069 νεάνισι

2177 1107 2393 1178 ψυχαῖς.
2426 1111 2536 1162 Καὶ
2567 1111 2621 1162 αί
2653 1110 2820 1180 ψυχαὶ
2853 1110 3238 1181 συντρέχουσαι
3279 1111 3388 1179 (4οι
3434 1115 3549 1174 τοῖς
3581 1114 3744 1180 ἀγγέ-

2177 1199 2307 1263 λοις,
2342 1202 2434 1253 καὶ
2465 1202 2514 1253 οἱ
2560 1203 2891 1272 πατριάρχαι
2935 1203 3251 1272 άνήρχοντο,
3282 1205 3374 1256 καὶ
3406 1203 3586 1256 πάντα
3616 1222 3747 1258 παν-

2176 1292 2400 1362 ταχόθεν
2428 1295 2646 1362 συνήχει
2689 1295 2804 1362 μετ’
2831 1294 3168 1363 εὐφροσύνης
3201 1295 3293 1348 καὶ
3334 1295 3562 1366 ψαλμῶν
3588 1337 3604 1360 ,
3653 1299 3745 1351 ἐπὶ

2176 1391 2242 1458 τῇ
2276 1387 2544 1458 γενομένῃ
2576 1387 2716 1440 κατά
2745 1385 2838 1439 τοῦ
2870 1386 3102 1439 θα-.άτου
3133 1386 3276 1459 νίκη.
3303 1388 3414 1441 Καὶ
3440 1387 3630 1459 ῶσπερ
3654 1389 3745 1442 ἐπὶ

2175 1477 2270 1531 τοῦ
2306 1477 2486 1540 Δαεὶδ,
2534 1477 2882 1540 πεπτωκότος
2913 1477 3006 1529 τοῦ
3054 1477 3270 1540 Γολιάθ,
3316 1479 3374 1532 αἱ
3425 1479 3743 1552 χορεύουσαι

2180 1570 2318 1640 μετά
2361 1569 2656 1638 τυμπάνων
2699 1570 2957 1639 ἀπήντων
2998 1570 3092 1622 καί
3124 1570 3318 1638 ςὲλεγον
3341 1587 3356 1601 ο
3404 1589 3423 1621 t
3477 1573 3742 1638 Ἐπάταξε

2177 1660 2338 1712 Δαὸὶδ
2366 1661 2423 1712 ὲν
2465 1660 2720 1730 μυριάσιν
2769 1660 2954 1724 αὐτοῦ,
2982 1680 3000 1711 ι
3054 1661 3292 1715 τοιοῦτόν
3333 1681 3386 1716 τι
3428 1664 3619 1732 γέγονε
3651 1665 3743 1718 καὶ

2176 1755 2268 1806 ἐπὶ
2297 1753 2390 1805 τοῦ
2430 1753 2657 1807 θανάτου
2681 1753 2774 1806 τοῦ
3129 1756 3484 1820 ’Δναστάντος
3509 1758 3620 1828 γὰρ
3649 1759 3744 1811 αὺ-

506 1837 637 1890 bant
672 1852 798 1890 cum
830 1835 1040 1901 choris,
1072 1837 1291 1908 hymnis
1333 1846 1389 1892 et
1427 1837 1724 1908 tympanis,
1773 1846 1965 1889 mutuo
1993 1836 2073 1888 di-

2178 1843 2291 1905 τοῦ,
2328 1844 2525 1907 πάντες
2571 1845 2934 1916 προαπήντων
2970 1845 3107 1914 μετά
3154 1844 3332 1916 χορῶν
3355 1886 3371 1909 ,
3425 1847 3520 1900 καὶ
3566 1847 3740 1918 ᾠδῶν,

495 1933 737 1980 centes:
777 1943 795 1975 ι
827 1923 1043 1988 Venite,
1101 1927 1443 1981 exsultemus
1495 1925 1744 1990 Domino,
1774 1925 2074 1993 jubilemus

504 2014 618 2076 Deo
647 2015 900 2072 Iacob”.
937 2037 956 2070 ι
981 2017 1086 2070 Alii
1109 2017 1340 2071 choreas
1373 2017 1624 2087 agebant,
1645 2016 1760 2071 haec
1783 2016 2029 2069 dicentes
2056 2031 2070 2066 :

509 2122 532 2157 ε
576 2107 912 2162 Ascenditin
959 2109 1149 2169 altum,
1179 2108 1451 2178 captivam
1481 2107 1641 2160 duxit
1671 2106 2068 2176 captivitatem,

501 2196 658 2252 dedit
685 2199 830 2253 dona
885 2199 1279 2253 hominibus".
1321 2218 1341 2251 ι
1385 2199 1493 2254 Alii
1521 2197 1745 2268 quidam
1769 2198 1835 2251 ad
1863 2208 2076 2267 specta-

505 2289 686 2342 culum
715 2303 906 2345 omnes
930 2291 1218 2354 vocabant,
1251 2290 1338 2345 bis
1363 2291 1544 2344 verbis
1577 2332 1585 2342 .
1628 2307 1648 2340 ι
1677 2288 1914 2343 Jubilate
1940 2287 2071 2352 Deo,

497 2383 683 2437 omnis
711 2391 878 2446 terra,
910 2384 1122 2453 psallite
1151 2383 1360 2437 nomini
1395 2382 1575 2452 ejus"
1602 2398 1615 2432 :
1660 2400 1679 2432 i
1719 2397 1784 2435 ac
1815 2383 2072 2450 rursumj:

509 2489 530 2526 ο
570 2473 759 2529 Venite
781 2484 834 2528 et
865 2475 1046 2528 videte
1077 2488 1246 2544 opera
1281 2473 1518 2536 Domini,
1557 2473 1821 2528 terribilis
1852 2473 1907 2526 in
1941 2487 2078 2525 con-

504 2564 644 2619 siliis
669 2580 834 2634 super
863 2564 1002 2618 filios
1055 2565 1336 2618 hominum
1369 2580 1383 2616 :
1420 2564 1686 2619 auferens
1729 2563 1869 2618 bella
1905 2577 2077 2632 usque

504 2655 572 2710 ad
612 2663 915 2710 extremum
941 2665 1100 2710 terra:
1115 2656 1182 2708 ”.
1215 2676 1232 2708 ι
1269 2655 1389 2709 Νοη
1419 2657 1563 2710 enim
1606 2657 1748 2710 ultra
1782 2655 2076 2710 inimicitiae

501 2748 837 2821 et_bellum;
876 2747 972 2802 sed
1003 2747 1187 2802 omnia
1239 2751 1295 2802 in
1341 2763 1477 2818 pace
1523 2757 1703 2811 erant,
1738 2746 1893 2802 hoste
1950 2763 2078 2818 pro-

501 2847 677 2894 strato
707 2851 870 2909 atque
897 2848 1135 2905 mortuo,
1166 2855 1231 2895 ac
1283 2856 1351 2896 eo
1394 2840 1487 2911 qui
1547 2841 1681 2894 olim
1725 2839 2074 2910 tyrannidem

500 2932 791 2986 exercebat
854 2934 1104 2988 manibus
1160 2933 1500 3004 pedibusque
1566 2932 1756 3002 ligato.
1795 2930 1899 2984 Alii
1948 2945 2076 2984 rur-

501 3042 626 3083 sum
651 3028 853 3098 quibus
880 3037 1007 3083 nota
1063 3036 1182 3084 erat
1214 3027 1420 3082 diaboli
1467 3025 1722 3088 audacia,
1753 3037 1968 3078 necnon
1997 3024 2077 3077 in~

488 3127 691 3192 gentes
719 3119 962 3184 insidiae,
987 3120 1210 3191 jamque
1239 3122 1418 3191 ipsum
1441 3128 1732 3177 cernentes
1763 3129 2070 3181 mortuum,

502 3211 614 3282 78
641 3226 765 3265 cum
795 3210 1156 3266 admiratione
1199 3211 1458 3267 dicebant
1491 3225 1504 3262 :
1543 3230 1560 3262 ι
1607 3210 1894 3278 Quomodo
1931 3211 2074 3266 ceci-

487 3301 577 3355 tdi!
609 3316 674 3354 ex
699 3301 863 3365 caelo,
897 3299 1138 3365 Lucifer,
1171 3301 1266 3370 qui
1332 3314 1494 3354 mane
1523 3301 1803 3355 oriebatur
1818 3301 1908 3354 ’⁸2
1944 3320 1962 3352 ι
1998 3309 2073 3366 et,

506 3412 525 3443 ι
568 3390 855 3457 Quomodo
874 3394 1146 3447 contritus
1167 3391 1592 3461 confractusque
1619 3400 1703 3447 est
1729 3391 1910 3446 omnis
1936 3392 2078 3446 mal-

487 3485 622 3540 deus
655 3487 926 3542 universae
977 3496 1136 3540 terra:
1159 3486 1248 3540 πῖ
1285 3504 1303 3536 ι
1336 3501 1461 3539 cum
1517 3484 1884 3539 admiratione
1920 3498 2068 3538 nam-

490 3591 630 3645 que,
665 3592 864 3648 magno
907 3585 1068 3634 erant
1099 3591 1291 3632 omnes
1341 3584 1565 3645 stupore
1596 3576 1857 3645 correpti.
1909 3571 2076 3628 Mira-

497 3669 705 3724 hantur
728 3670 874 3724 enim
917 3685 1175 3740 magnum
1223 3678 1514 3725 cernentes
1548 3679 1861 3740 tyrannum,
1912 3667 2074 3722 dere-

502 3769 662 3832 pente
721 3768 1056 3831 prostratum
1116 3769 1554 3831 mortuumque:
1603 3759 1899 3828 stupebant
1943 3774 2075 3814 vero

501 3851 689 3920 lapsus
721 3866 944 3906 causam
978 3851 1316 3922 ignorantes,
1343 3853 1579 3906 maxime
1604 3853 1730 3920 quia
1757 3866 1863 3904 non
1885 3850 2076 3905 crede-

483 3942 639 4036 »μαι
667 3943 722 3997 in
752 3952 928 3998 morte
952 3953 1180 3998 mortem
1205 3944 1432 4008 aboleri,
1455 3959 1554 3998 nec
1587 3951 1800 3996 tantum
1832 3944 1887 3997 in
1911 3957 2077 3999 cruce

506 4043 813 4105 serpentem
839 4035 1132 4105 confringi.
1167 4036 1326 4092 Unde
1354 4051 1575 4088 rursum
1616 4035 1959 4089 mirabantur
1987 4036 2071 4090 dio

506 4136 694 4182 centes
720 4144 734 4180 :
773 4144 793 4178 t
819 4125 1106 4192 Quomodo
1138 4135 1296 4195 capta
1323 4133 1407 4181 est
1429 4125 1669 4195 Babylon
1682 4125 1789 4178 9"?
1818 4145 1836 4178 ι
1854 4125 1935 4181 Ad
1959 4127 2074 4181 haec

505 4220 651 4276 enlm
688 4220 800 4291 jam
832 4220 1088 4276 videbant
1121 4221 1484 4291 exspoliatum
1513 4219 1809 4274 infernum.

574 4401 668 4456 28.
698 4398 823 4455 Hch
862 4400 990 4454 dum
1021 4403 1289 4461 cerneret,
1321 4396 1437 4452 hzec
1483 4397 1613 4452 dum
1659 4396 1875 4452 audiret
1907 4398 2074 4454 miser

2174 1933 2268 1987 καὶ
2309 1933 2626 2005 τυμπάνων,
2661 1934 2909 2002 λέγοντες
2950 1934 3198 2006 ἀλλήλοις
3225 1954 3237 1966 ο
3288 1955 3306 1987 t
3336 1937 3500 1990 Δεῦτε
3528 1979 3543 2002 ,
3573 1939 3740 2007 ἀγαλ-

2173 2025 2485 2096 λιασώμεθα
2506 2026 2582 2096 τῷ
2614 2026 2823 2097 Κυρίῳ,
2854 2026 3204 2098 ἀλαλάξωμεν
3235 2028 3344 2100 (ιι)
3377 2029 3456 2100 τῷ
3483 2030 3606 2102 Θεῷ
3644 2032 3744 2086 Ἰα-

2173 2117 2310 2174 κὼϐ.
2345 2139 2363 2171 ι
2423 2118 2606 2170 Ἀλλοι
2634 2118 2692 2171 δὲ
2741 2119 2992 2190 ἐχόρευον
3018 2161 3034 2185 ,
3078 2120 3327 2188 λέγοντες
3348 2139 3362 2151 ·
3400 2142 3417 2172 t
3442 2123 3635 2194 ’Δνέϐη
3666 2125 3744 2188 εἰς

2175 2209 2327 2279 ὕψος,
2359 2210 2779 2281 ᾐχμαλώτευσεν
2800 2210 3196 2282 αἰχμαλωσίαν,
3232 2211 3397 2265 ἔδωκε
3431 2213 3642 2284 δόματα
3687 2217 3744 2268 ὲν

2174 2302 2500 2375 ἀνθρώποις.
2531 2321 2550 2354 ι
2595 2303 2733 2374 ’Πδη
2786 2303 2844 2356 δέ
2895 2321 3036 2367 τινες
3079 2304 3174 2356 καὶ
3225 2304 3432 2368 πάντας
3485 2307 3566 2368 είς
3619 2306 3744 2359 Θέαν

2175 2393 2611 2466 προσεκαλοῦντο
2626 2394 2875 2462 λέγοντες
2894 2409 2908 2423 ⁸
2943 2413 2961 2445 ι
2996 2393 3319 2460 Ἀλαλάξατε
3349 2395 3426 2464 τῷ
3452 2395 3572 2466 Θεῷ
3597 2398 3742 2449 πᾶσα

2174 2489 2209 2558 ἡ
2254 2486 2346 2556 γῆ,
2375 2485 2579 2556 ψάλατε
2613 2485 2679 2556 δὴ
2718 2483 2795 2556 τῷ
2836 2485 3059 2555 ὀνόματι
3095 2484 3292 2539 αὐτοῦ·
3327 2505 3345 2537 ι
3396 2485 3492 2539 καὶ
3540 2487 3703 2540 πάλιν
3725 2527 3742 2551 ,

2179 2597 2199 2630 ι
2223 2579 2407 2641 Δεῦτε,
2438 2578 2530 2632 καὶ
2557 2578 2694 2630 ἴδετε
2729 2578 2798 2630 τά
2823 2577 2958 2648 ἔργα
2980 2576 3072 2630 τοῦ
3105 2578 3308 2648 Κυρίου
3327 2596 3338 2606 ·
3379 2576 3609 2648 φοϐερὸς
3635 2578 3742 2647 (42)

2174 2673 2232 2726 ὲν
2261 2670 2474 2741 βουλαῖς
2512 2670 2650 2741 ὑπὲρ
2696 2670 2819 2732 τοὺς
2868 2669 3015 2732 υἱοὺς
3051 2668 3158 2720 τῶν
3200 2668 3532 2739 ἀνθρώπιον,
3579 2670 3745 2724 ἀντα-

2175 2755 2375 2827 ναιρῶν
2408 2755 2675 2825 πολέμους
2717 2757 2822 2819 ἓως
2867 2756 3093 2825 ἐσχάτου
3138 2756 3237 2825 τῆς
3280 2756 3404 2826 γῆς.
3431 2776 3451 2808 ι
3499 2759 3616 2810 Οὐκ
3665 2758 3744 2811 ἐτι

2173 2847 2284 2918 γὰρ
2316 2847 2484 2918 ἔχθρα
2516 2849 2612 2901 καὶ
2642 2847 2898 2918 πόλεμος,
2928 2847 3064 2900 ἀλλά
3095 2848 3271 2901 πάντα
3294 2848 3588 2920 εἰρηνεύει,
3628 2867 3744 2903 κει-

2177 2939 2339 3009 μένου
2373 2937 2464 2991 τοῦ
2516 2939 2771 3010 πολεμίου
2817 2938 3013 3010 νεκροῦ
3042 2979 3056 3002 ,
3104 2940 3199 2992 καὶ
3230 2939 3325 2992 τοῦ
3361 2957 3491 2992 ποτε
3543 2958 3743 3012 τυραν-

2174 3029 2419 3092 νεύοντος
2448 3029 2730 3100 δεδεμένου
2761 3029 2858 3092 τάς
2886 3033 3076 3100 χεῖρας
3115 3030 3208 3083 καὶ
3234 3032 3361 3094 τοὺς
3393 3031 3580 3095 πόδας.
3621 3032 3747 3085 Ἀλ-

2175 3120 2256 3173 λοι
2287 3120 2343 3173 δὲ
2368 3119 2549 3185 πάλιν,
2589 3119 2986 3189 γιγνώσκοντες
3016 3120 3110 3174 τοῦ
3143 3121 3386 3174 διαϐόλου
3419 3123 3518 3193 τὴν
3546 3123 3748 3194 θρασύ-

2176 3229 2317 3284 τητα
2347 3255 2362 3276 ,
2408 3213 2662 3277 καὶτοὺς
2721 3213 2988 3284 μεγάλους
3030 3213 3216 3283 λόχους
3242 3251 3258 3276 ,
3299 3213 3395 3266 καὶ
3435 3214 3530 3267 νῦν
3584 3215 3748 3268 αὐτὸν

2175 3303 2412 3374 ὁρῶντες
2444 3303 2634 3376 νεκρὸν
2658 3345 2673 3369 ,
2721 3303 3092 3375 Θαυμάζοντες
3159 3304 3344 3372 ἔλεγον
3371 3321 3386 3334 ·
3432 3324 3450 3356 ι
3491 3304 3619 3368 Πῶς
3660 3305 3749 3370 ἐξ·

2176 3395 2371 3449 ἐπεσεν
2387 3397 2452 3448 ἐκ
2481 3394 2576 3448 τοῦ
2619 3394 2850 3464 οὐρανοῦ
2892 3396 2921 3447 ὁ
2962 3393 3237 3465 ἑωσφόρος
3280 3395 3310 3448 ὁ
3349 3393 3494 3466 πρωῒ
3527 3394 3751 3449 ἀνατέλ-

2175 3486 2319 3552 λων;
2355 3507 2374 3537 ι
2412 3487 2542 3548 Καὶ,
2579 3507 2596 3537 ι
2619 3487 2745 3550 Πῶς
2773 3487 3058 3558 συνετρίϐη
3092 3485 3186 3538 καὶ¹
3224 3486 3557 3557 συνεθλάσθη
3601 3489 3750 3541 πᾶσα

2177 3581 2211 3650 ἡ
2248 3579 2430 3650 σφῦρα
2459 3578 2637 3649 πάσης
2657 3578 2756 3646 τῆς
2789 3578 2929 3647 γῆς;
2966 3597 2983 3627 ι
3023 3575 3161 3647 μετά
3196 3577 3303 3647 γὰρ
3330 3576 3424 3630 τοῦ
3472 3576 3750 3647 Θαύματος

2176 3674 2272 3725 κα)⁵
2303 3672 2520 3744 ,ἀπορία
2564 3670 2771 3733 πάντας
2816 3673 3087 3740 κατεῖχεν.
3143 3667 3479 3739 Ἐθαύμαζον
3511 3670 3610 3739 μὲν
3642 3670 3750 3740 γὰρ

2177 3761 2269 3814 τὸν
2305 3760 2476 3830 μέγαν
2522 3758 2783 3832 τύραννον
2821 3760 3055 3833 δρῶντες
3094 3760 3291 3814 οὑτωσὶ
3334 3759 3594 3831 ἐξαίφνης
3637 3762 3752 3814 κεί-

2181 3869 2341 3923 μενον
2377 3851 2566 3922 νεκρόν
2593 3867 2606 3878 ·
2644 3851 2882 3922 ἠπόρουν
2914 3853 2971 3906 δὲ
3007 3854 3106 3925 τὴν
3140 3853 3320 3906 αἰτίαν
3341 3851 3441 3920 τῆς
3467 3851 3747 3914 πτώσεως,

2178 3942 2271 3996 καὶ
2306 3940 2537 4011 μάλιστα
2567 3941 2651 3992 ὅτι
2693 3941 2793 3993 οὐκ
2831 3941 3111 3994 ἐπίστευον
3144 3943 3202 3996 ἐν
3232 3941 3445 4013 Θανάτῳ
3471 3943 3564 3995 τὸν
3597 3945 3752 3997 Θάνα-

2177 4048 2270 4084 τον
2322 4031 2713 4101 καταργεῖσθαι
2758 4031 2878 4084 οὐδὲ
2927 4034 2984 4085 ἐν
3024 4031 3243 4102 σταυρῷ
3287 4032 3379 4085 τὸν
3429 4033 3747 4103 τηλικοῦτον

2177 4120 2302 4189 ὄφιν
2357 4120 2816 4190 καταράσσεσθαι.
2880 4123 3041 4176 Ὅθεν
3091 4123 3250 4176 πάλιν
3296 4122 3604 4194 ἐθαύμαζον
3654 4125 3750 4178 καὶ

2176 4212 2397 4282 ἔλεγον·
2449 4203 2617 4276 «Πῶς
2667 4213 2873 4266 ἑάλωκε
2915 4214 3207 4280 Βαδυλών;
3241 4233 3261 4268 ι
3318 4214 3586 4268 Ἐϐλεπον
3640 4216 3748 4287 γὰρ

2177 4301 2361 4356 λοιπὸν
2395 4303 2489 4354 καὶ
2517 4303 2605 4356 τὸν
2632 4302 2765 4373 ᾅδην
2793 4303 3173 4358 σκυλευθέντα.

2245 4395 2335 4449 28.
2377 4395 2558 4447 Ταῦτα
2588 4395 2644 4448 δὲ
2685 4395 2824 4466 ὀρῶν
2857 4398 2885 4448 ὁ
2917 4394 3098 4458 ἄθλιος
3134 4396 3226 4449 καὶ
3261 4396 3464 4449 τούτων
3495 4395 3710 4450 ἀκούων
3731 4434 3749 4458 ,

507 4492 618 4557 ille,
648 4491 849 4555 furere,
876 4489 1204 4553 excruciari,
1249 4488 1564 4560 lacrymari.
1596 4487 1734 4542 Dum
1785 4488 1988 4560 quippe
2015 4504 2073 4544 se

2180 4488 2435 4558 ἐμαίνετο
2468 4486 2652 4539 λοιπὸν
2684 4488 2776 4540 καὶ
2805 4487 3083 4558 ἐτρύχετο,
3125 4489 3464 4559 ὀδυρόμενος.
3502 4490 3614 4542 Καὶ
3645 4490 3751 4559 γὰρ

508 4581 841 4653 expoliatum
863 4579 1094 4645 videret,
1123 4593 1244 4634 sese
1275 4578 1464 4634 dolore
1492 4579 1839 4643 macerabat;
1881 4587 2076 4634 contra

507 4687 739 4730 cernens
776 4672 912 4727 alios
943 4685 972 4724 a
1003 4687 1064 4726 se
1093 4671 1224 4726 olim
1268 4671 1322 4725 in
1352 4672 1506 4725 luctu
1565 4671 1931 4741 lacrymisque
1979 4671 2070 4725 de-

508 4775 710 4831 tentos,
742 4767 854 4836 jam
909 4766 964 4819 in
1015 4763 1246 4818 Domino
1283 4765 1539 4834 psallere,
1586 4777 1647 4818 se
1685 4763 1803 4832 ipse
1831 4761 2074 4816 disrum-

508 4860 671 4931 pebat
699 4877 713 4914 ε
753 4857 946 4912 videns
978 4872 1038 4911 se
1074 4855 1314 4918 irrideri,
1343 4869 1407 4908 ac
1436 4854 1672 4909 ludibrio
1708 4853 1900 4907 haberi
1931 4852 2075 4906 acri-

509 4963 591 5007 ter
625 4966 748 5008 sese
771 4947 1139 5019 discerpebab,
1165 4963 1230 5003 ac
1258 4947 1478 5002 consilii
1509 4948 1692 5016 inops,
1727 4946 1903 4999 solum
1949 4945 2077 4999 den-

508 5045 656 5099 tibus
690 5027 974 5109 stridebat,
1005 5051 1064 5096 ut
1119 5049 1355 5096 testatur
1402 5039 1496 5108 qui
1557 5038 1710 5091 illum
1745 5036 2073 5107 respiciebat

505 5131 844 5196 Psalmistay
879 5131 967 5186 his
1013 5129 1238 5186 verbis:
1276 5146 1296 5180 ι
1334 5125 1664 5183 Observabit
1707 5135 1968 5197 peccator
1987 5126 2074 5194 ju-

587 5285 632 5318 ⁶⁷
667 5285 810 5341 Psal.
843 5301 1008 5349 (xxv,
1046 5285 1100 5345 Ι.
1128 5283 1185 5338 2.
1260 5284 1309 5316 ⁸⁸
1349 5281 1482 5337 Luc.
1522 5299 1585 5344 ll,
1621 5281 1710 5337 14.

1814 5282 1859 5313 ⁸⁹
1899 5279 1918 5332 1
1953 5279 2085 5350 Reg.
2138 5295 2314 5350 mn,
2342 5279 2420 5350 _7.

2177 4577 2321 4649 ὁρῶν
2343 4577 2534 4630 ἑαυτὸν
2556 4576 2942 4647 σκυλευόμενον
2965 4578 3299 4630 κατέκοπτεν
3326 4576 3535 4630 ἑαυτὸν.
3573 4577 3753 4648 Ὁρῶν

2178 4669 2236 4721 δὲ
2276 4670 2369 4722 καὶ
2395 4667 2521 4731 τούς
2575 4684 2705 4720 ποτε
2735 4667 3022 4730 κλαίοντας
3059 4668 3150 4720 ὑπ’
3181 4667 3361 4732 αὑτὸν,
3392 4667 3486 4721 νῦν
3518 4667 3753 4736 ψάλλον-

2177 4777 2277 4823 τας
2304 4762 2362 4813 ὲν
2388 4759 2597 4830 Κυρίῳ,
2629 4758 2947 4830 διέρῤησσεν
2973 4758 3164 4811 ἑαυτόν
3201 4775 3215 4788 ο
3259 4759 3400 4829 ὁρῶν
3428 4759 3486 4812 δὲ
3527 4761 3624 4813 καὶ
3655 4760 3753 4830 τὴν

2180 4847 2378 4919 χλεύην
2425 4849 2525 4918 τὴν
2571 4848 2690 4901 κατ’
2739 4847 2902 4901 αὑτοῦ
2923 4888 2938 4912 ,
2967 4849 3271 4920 ἐσπάραττε
3301 4850 3488 4914 δεινῶς
3519 4853 3710 4906 ἑαυτὸν
3733 4892 3751 4917 ,

2181 4941 2275 4994 καὶ
2301 4941 2522 5011 ἀπορῶν
2555 4940 2662 5010 (45)
2685 4941 2713 4994 ὃ
2744 4958 2796 4994 τι
2830 4940 3045 5014 πράξει,
3081 4943 3240 5012 μόνον
3265 4942 3439 5013 ἓτριζε
3466 4945 3594 5008 τοὺς
3615 4946 3755 4999 ὀδόν-

2176 5049 2296 5096 τας,
2325 5033 2400 5096 ὼς
2433 5035 2462 5084 ὁ
2497 5031 2684 5085 τοῦτον
2730 5033 2986 5103 ἑωρακὼς
3033 5033 3334 5105 Ψαλμῳὸὸς
3369 5042 3643 5108 μαρτυρεῖ
3669 5039 3755 5091 λέ-

2177 5141 2321 5194 γων·
2367 5143 2386 5176 t
2416 5127 2874 5197 Παρατηρήσεται
2923 5128 2951 5178 ὁ
3004 5127 3324 5197 ἁμαρτωλὸς
3364 5127 3458 5181 τὸν
3501 5129 3708 5184 δίκαιον
3733 5168 3751 5194 ,

2523 5279 2570 5310 ὀ
2612 5277 2754 5352 Psal.
2789 5280 3024 5352 xc_iv,_l.
3138 5281 3181 5312 "
3222 5281 3368 5336 Psal.
3410 5297 3593 5352 van,
3661 5283 3750 5340 i9.

509 5361 556 5392 θ’
593 5355 738 5412 Psal.
769 5371 891 5422 va,
929 5346 1004 5410 t.’
1055 5356 1102 5387 ”
1143 5354 1284 5410 Psal.
1324 5367 1450 5417 XLV,
1484 5353 1541 5419 9,
1578 5354 1666 5407 10.
1739 5353 1786 5384 ’⁵
1823 5350 1928 5406 lsa.
1967 5346 2077 5414 xiv,
2115 5349 2205 5405 12.
2269 5346 2532 5403 "Jerem.
2571 5363 2623 5412 ι,
2657 5349 2748 5402 9.5.
2824 5350 2889 5381 ³⁸·
2931 5349 3131 5405 Jerem.
3167 5366 3267 5415 XL,
3301 5352 3391 5408 25.

586 5577 696 5654 (ξε)
736 5574 958 5654 secius.

589 5643 699 5718 (39)
736 5643 935 5718 iam,
967 5647 1118 5699 deest
1143 5645 1198 5698 in
1230 5644 1419 5714 Regio.

591 5712 700 5785 (to)
741 5714 962 5785 Regius,
995 5718 1230 5785 secunda
1263 5712 1458 5785 manu,
1485 5712 1822 5783 συνέτρεχον.

593 5725 681 5780 μυ
741 5725 962 5785 ltrgtus,
995 5725 1230 5770 secunda
1263 5730 1448 5774 tnann,
1485 5729 1529 5764 cn

593 5725 704 5859 (ΗΞ
741 5786 1094 5857 Anglicanus,
1116 5782 1529 5854 ἀλαλαξὼμεθα.

2257 5573 2369 5650 (42)
2407 5572 2487 5650 lt_a
2514 5571 2736 5650 _Regius
2766 5573 3225 5650 _et__At_iglicanus.
3279 5575 3421 5629 Editi
3461 5591 3591 5632 vero
3629 5583 3756 5650 post

2187 5643 2420 5711 Κυρίου,
2444 5643 2661 5711 habent,
2700 5644 2792 5696 τοῦ
2822 5645 2974 5696 Θεοῦ.

2261 5710 2368 5782 με»)
2407 5710 2570 5770 Basil.
2601 5710 2682 5768 ὅτι
2705 5714 2926 5794 πράξαι·
2961 5714 3149 5786 ἕτρυζε
3180 5717 3305 5780 τοὺς
3329 5716 3407 5775 ὀδ.
