4008 6404
291 369 362 431 235.
1276 359 1365 415 DE
1402 355 1743 416 PASSIONE
1779 354 1871 411 ΕΤ
1907 353 2140 413 CRUCE
2175 353 2434 411 DOMlNl.

3395 355 3504 412 236

288 489 344 544 tui
364 485 527 560 βρύξει
561 486 666 540 ἐπ’
699 479 877 542 α’ἥδν
906 488 1031 550 τοὺς
1067 485 1287 548 ὀδόντας
1310 481 1503 537 αὑτοῦ.
1549 482 1607 535 ’0
1634 481 1689 535 δὲ
1718 479 1833 533 Κύ-

1952 484 2100 545 itum,
2123 484 2177 532 et
2201 476 2455 533 stridebit
2493 490 2660 547 super
2688 490 2816 532 eum
2871 474 3127 533 dentibus
3147 474 3287 532 suis.
3312 471 3504 528 Domi-

290 597 359 652 ριος
378 577 754 648 ὲκγελάσεται
806 577 1004 631 αὐτόν·
1041 595 1060 628 ι
1110 575 1204 628 καὶ
1239 575 1399 630 πάλιν
1427 590 1440 604 ·
1484 591 1503 624 ι
1544 571 1832 642 ’Δμαρτω-

287 665 561 736 λίςόψεται,
592 666 705 720 καὶ
758 664 1143 737 όργισθήσεται
1175 681 1189 695 ο
1237 665 1366 727 τοὺς
1408 662 1626 724 ὀδόντας
1668 658 1833 714 αὐτοῦ

290 758 538 833 βρύξεικαὶ
572 759 925 830 τακήσεται.
952 777 971 809 ι
1012 756 1231 827 Ἔτριζε
1273 755 1330 809 δὲ
1374 752 1832 826 μεταμελόμενος,

289 851 433 908 tum
457 851 609 915 ὅλως
638 850 962 922 τετόλμηκε
991 848 1135 903 κατὰ
1155 846 1250 901 τοῦ
1289 845 1541 917 Σωτῆρος
1560 861 1575 875 ο
1613 843 1722 915 (44)
1758 844 1837 895 εί-

289 945 357 1009 δὼς
378 944 555 997 ἑαυτὸν
585 943 710 1015 πρὸ
743 942 942 996 τούτου
976 940 1260 1012 τολμῶντα
1279 937 1423 994 κατὰ
1451 937 1561 991 τῶν
1589 935 1833 999 δικαίων,

291 1040 353 1095 καὶ
376 1036 527 1108 μηδὲν
568 1034 840 1090 τοιοῦτον
890 1032 1211 1089 πεπονθότα.
1247 1032 1357 1085 Καὶ
1384 1031 1496 1102 γὰρ
1531 1026 1840 1083 ἐπιϐουλεύε-

294 1149 359 1194 σας
375 1130 439 1202 τῷ
466 1129 673 1195 Ἀϐελ,
704 1129 810 1183 καὶ
839 1130 965 1192 τοὺς
990 1124 1330 1198 πατριάρχας
1362 1123 1577 1194 θλίψας,
1612 1122 1837 1177 ὲπιϐου-

289 1224 432 1287 iam;
452 1224 512 1277 δὲ
540 1223 646 1276 καὶ
671 1221 761 1294 τῷ
796 1221 1018 1294 Ἡσαΐᾳ,
1049 1219 1143 1273 καὶ
1166 1218 1257 1273 τὸν
1292 1216 1563 1290 Ἱερεμίαν
1586 1216 1836 1289 ὑϐρίσας,

292 1316 445 1371 καὶτὸν
485 1313 615 1368 Ἰὼϐ
650 1313 937 1385 πειράσας
961 1327 977 1344 ο
1004 1311 1163 1366 πάλιν
1186 1311 1337 1381 ἴσχυε
1371 1307 1506 1380 (15),
1534 1308 1633 1362 καὶ
1656 1307 1841 1362 ἐϐασί-

291 1407 399 1461 λευεν
418 1408 445 1459 6
471 1404 715 1469 θάνατος
741 1403 860 1458 ἀπὸ
896 1402 1064 1473 Ἀδὰμ
1115 1400 1276 1473 μέχρι
1308 1396 1572 1461 Μωσέως.
1601 1397 1760 1468 Ἀρτι
1783 1395 1840 1450 δὲ

291 1501 508 1571 τολμήσας
541 1497 695 1552 κατὰ
732 1496 835 1552 τοῦ
869 1495 1106 1568 Κυρίου,
1142 1493 1338 1564 θεωρεῖ
1380 1489 1573 1545 ἑαυτὸν
1615 1488 1844 1559 γενόμε-

291 1610 352 1646 νον
369 1591 521 1661 Ἶρον,
561 1589 662 1644 καὶ
691 1586 1039 1660 ἐκϐληθέντα
1072 1584 1165 1639 τοῦ
1199 1582 1420 1647 παντὸς,
1448 1581 1545 1636 xui.
1570 1581 1676 1634 ὑπὸ
1699 1580 1840 1634 πάν-

289 1702 365 1739 των
390 1683 906 1755 καταπατούμενον.
947 1681 1149 1753 Ἔργον
1181 1678 1290 1750 γὰρ
1334 1678 1429 1732 τοῦ
1463 1676 1718 1748 Σωτῆρος
1747 1675 1843 1744 γέ-

287 1792 376 1844 γονε
403 1774 473 1846 μὴ
509 1774 677 1845 μόνον
719 1771 840 1843 (46)
890 1771 1055 1825 αὑτοῦ
1094 1769 1189 1823 τοῦ
1218 1768 1449 1823 θανάτου
1485 1764 1837 1833 καταπαῖξαι,

284 1826 702 1936 δυὶᾶίῆμά
723 1826 842 1917 ιὲπί
881 1862 1045 1916 αὑτοῦ
1091 1862 1356 1917 ἐπιθεῖναι
1378 1878 1391 1889 ·
1430 1861 1519 1916 ἵνα
1566 1858 1640 1932 μὴ
1677 1826 1837 1931 μόνον
1870 1826 1914 1881 Β

282 1961 396 2032 ἡμᾶς
420 1958 520 2029 τῆς
546 1956 805 2021 δουλείας
836 1954 1196 2029 ἐλευθερώσῃ,
1226 1954 1361 2010 ἀλλά
1383 1954 1482 2009 xui.
1512 1953 1604 2008 τὸν
1639 1951 1840 2007 δουλώ-

280 2066 417 2104 σαντα
435 2050 588 2122 ἡμᾶς
615 2047 956 2119 καταργήσῃ
975 2063 990 2078 ·
1029 2046 1236 2118 μήποτε
1257 2045 1418 2102 πάλιν
1451 2044 1677 2116 ἰσχύσας
1699 2045 1843 2100 ἀπα-

278 2143 388 2213 τήσῃ
409 2141 581 2211 ἡμᾶς,
614 2138 712 2193 xui.
742 2140 827 2201 είς
850 2136 1021 2206 ἀργὸν
1048 2136 1214 2190 αὐτοῦ
1241 2136 1304 2190 τδ
1328 2135 1662 2206 κατόρθωμα
1687 2134 1844 2203 γένη-

273 2251 362 2289 ται.
391 2232 555 2287 Ὅθεν
580 2231 770 2296 αὐτὸς,
820 2229 1164 2294 καταπαίξας
1205 2228 1298 2283 τοῦ
1337 2227 1571 2282 Θανάτου
1592 2268 1607 2292 ,
1658 2225 1843 2280 λοιπὸν

273 2326 461 2380 ἔκδοτον
510 2326 608 2379 xui.
642 2327 779 2396 ἡμῖν
809 2322 979 2377 αὐτὸν
1007 2322 1087 2386 είς
1123 2321 1185 2375 τὸ
1213 2320 1505 2375 πατεῖσθαι
1536 2319 1719 2373 δίδωσι
1752 2318 1843 2372 λέ-

272 2434 367 2487 γων
388 2434 404 2449 ν
457 2436 478 2469 ι
523 2416 660 2471 Ἰδοὺ
705 2416 921 2470 δέδωκα
960 2415 1089 2485 ὑμῖν
1132 2411 1379 2478 ἐξουσίαν
1415 2413 1610 2467 πατεῖν
1658 2410 1843 2464 ἐπάνω

269 2511 421 2581 δρεων
470 2511 567 2564 xui.
623 2508 913 2582 σκορπίων
933 2546 948 2571 ,
986 2495 1082 2560 xui
1118 2505 1211 2560 ἐπὶ
1248 2506 1429 2559 πᾶσαν
1482 2503 1582 2575 τὴν
1614 2502 1845 2574 δύναμιν

267 2604 347 2658 τοῦ
366 2602 561 2674 ἐχθροῦ
583 2621 598 2635 ’
632 2621 654 2656 ι
693 2602 792 2656 xui.
819 2600 1015 2655 πάλιν·
1055 2617 1075 2652 ι
1099 2599 1494 2671 Καταπατήσει
1526 2596 1715 2651 λέοντα
1749 2595 1845 2650 xui.

268 2696 539 2768 δράκοντα.
585 2715 606 2749 ι
658 2694 840 2749 Πάλαι
899 2693 999 2764 μὲν
1055 2692 1165 2764 γὰρ
1207 2693 1236 2746 6
1292 2691 1415 2761 ὄφις
1448 2689 1703 2762 ἡπάτησε
1744 2689 1846 2763 τὴν

268 2786 395 2842 Εὔαν
416 2827 432 2851 ,
467 2786 569 2840 καὶ
594 2784 678 2856 τῷ
709 2783 899 2855 φθόνῳ
931 2782 1121 2836 τούτου
1167 2783 1195 2835 6
1226 2782 1456 2845 θάνατος
1481 2780 1733 2851 είσῆλθεν
1765 2780 1846 2844 είς

265 2881 348 2935 τδν
370 2881 578 2953 κόσμον
599 2894 616 2911 ’
650 2879 779 2950 ἄρτι
824 2877 887 2931 δὲ
942 2877 1223 2939 πατεῖται,
1261 2874 1357 2929 xui.
1400 2873 1570 2928 θέλων
1610 2873 1845 2945 ἀπατᾷν,

268 2974 470 3029 ἀκούειο
507 2992 528 3025 ι
553 2972 781 3040 ’Υπαγε
809 2969 992 3023 ὀπίσω
1023 2985 1125 3039 μου
1149 3008 1165 3031 ,
1196 2967 1434 3022 Σατανᾶ.
1458 2985 1478 3018 υ
1522 2967 1634 3020 Καὶ
1677 2965 1848 3020 πάλαι

271 3066 357 3138 μὲν
385 3068 415 3120 6
444 3064 721 3128 ἀντίδικος
743 3061 913 3133 ἡμῶν
948 3059 1193 3124 διάϐολος
1228 3059 1304 3122 ὡς
1333 3058 1472 3112 λέων
1501 3058 1845 3131 περιεπάτει,

1936 583 2042 623 nus
2074 576 2256 624 autem
2286 568 2537 624 irridebit
2577 583 2702 625 eum
2739 570 2807 624 ”.
2847 588 2867 622 ι
2899 566 2978 625 Ac
3016 582 3236 623 rursum
3268 583 3283 622 :
3321 583 3341 618 ι
3368 563 3506 620 Pec—

1937 669 2091 714 cator
2143 658 2448 725 videbit,iet
2502 659 2803 727 irascetur;
2840 658 3097 715 dentibus
3130 658 3246 717 suis
3310 658 3509 712 fremet

1938 760 1994 808 et
2031 753 2278 808 tabescet
2294 753 2363 807 ⁵⁷.
2401 770 2421 804 ι
2464 750 2742 808 Stridebat
2788 766 2943 819 vero,
2989 750 3136 823 quod
3192 750 3405 807 doleret
3446 761 3509 803 se

1937 859 2179 915 unquam
2206 859 2330 900 eum
2364 841 2646 900 Salvatore
2675 843 2936 918 congredi
2965 858 3158 899 ausum
3189 858 3348 910 esse;
3373 840 3512 898 scie-

1938 938 2035 995 bat
2076 946 2259 994 autem
2316 954 2377 994 se
2419 948 2580 994 antea
2634 939 2818 1010 j'tistos
2869 939 3092 1012 aggredi
3122 952 3340 1001 ausum,
3370 935 3511 992 nihil

1937 1018 2211 1101 ejusmodi
2239 1045 2461 1101 passum
2494 1030 2687 1088 fuisse.
2720 1028 2857 1086 Nam
2889 1032 2992 1088 etsi
3028 1030 3187 1086 Abeli
3218 1029 3512 1086 insidiatus

1938 1120 2153 1183 fuisset,
2202 1121 2542 1193 patriarchas
2579 1121 2879 1187 aﬂlixisset,
2908 1120 3060 1180 lsaite
3103 1127 3356 1193 parasset
3378 1120 3514 1176 insi-

1940 1214 2081 1279 dias,
2115 1214 2406 1271 Hieremiae
2435 1215 2820 1271 contumeliam
2866 1215 3111 1279 fecisset,
3152 1214 3351 1270 Jobum
3392 1220 3514 1268 ten-

1939 1314 2147 1374 tasset;
2186 1322 2339 1365 mors
2376 1315 2559 1363 tamen
2609 1306 2999 1371 invalescebat,
3027 1306 3395 1378 regnabatque
3445 1306 3516 1361 ab

1938 1399 2147 1455 Adamo
2174 1414 2350 1470 usque
2377 1398 2446 1454 ad
2472 1398 2713 1471 Moysen.
2762 1397 2886 1454 Jam
2928 1413 3061 1454 vero
3082 1397 3251 1454 simili
3284 1396 3519 1453 audacia

1939 1492 2205 1549 adversus
2263 1491 2551 1547 Dominum
2603 1504 2846 1554 usus,se
2895 1490 3056 1560 plane
3097 1488 3244 1544 lrum
3290 1486 3520 1555 factum,

1942 1585 2308 1656 undequaque
2338 1584 2583 1656 pulsum,
2605 1582 2675 1640 ab
2705 1583 2965 1639 omnibus
2993 1582 3380 1638 conculcatum
3404 1580 3527 1635 ani-

1941 1677 2339 1734 madvertebat.
2378 1677 2686 1734 Salvatoris
2718 1676 2921 1747 quippe
2950 1690 3091 1746 opus
3114 1676 3241 1741 fuit,
3277 1690 3389 1730 non
3420 1674 3528 1745 ipsi

1943 1779 2156 1826 tantum
2204 1770 2371 1826 morti
2431 1769 2688 1835 illudere,
2745 1770 2843 1825 s'ed
2877 1769 3042 1825 etiam
3083 1784 3187 1825 nos
3221 1766 3400 1824 eidem
3435 1783 3529 1823 su-
3580 1804 3597 1816 .

1942 1862 2186 1934 periores
2207 1861 2546 1918 constituere
2575 1901 2591 1929 ,
2636 1867 2696 1916 ut
2728 1875 2841 1916 non
2868 1859 3044 1916 solum
3082 1873 3187 1915 nos
3208 1873 3237 1913 a
3262 1857 3530 1915 servitute

1938 1956 2219 2021 liberaret,
2268 1956 2366 2013 sed
2398 1956 2563 2011 etiam
2589 1971 2711 2012 eum
2750 1955 2845 2026 qui
2868 1969 2969 2010 nos
2998 1953 3054 2010 in
3086 1952 3403 2010 servitutem
3432 1966 3526 2007 re-

1939 2048 2164 2120 degerat
2204 2050 2559 2121 opprimeret,
2614 2064 2683 2103 ne
2730 2062 2955 2103 rursum
3009 2046 3356 2102 invalescens
3413 2059 3518 2100 nos

1941 2143 2219 2214 deciperet
2258 2181 2274 2208 ,
2338 2157 2476 2198 neve
2542 2154 2642 2197 sua
2701 2140 2935 2195 victoria
2987 2140 3269 2197 incassum
3325 2137 3521 2199 abiret.

1942 2235 2287 2307 Quapropter
2330 2234 2455 2305 ipse:
2493 2244 2621 2288 cum
2665 2232 2932 2289 illusisset
2970 2235 3158 2299 morti,
3191 2233 3351 2289 nobis
3396 2233 3526 2289 item

1942 2343 2064 2386 eam
2102 2326 2423 2383 calcandam
2477 2325 2646 2382 tradit
2701 2325 2894 2383 dicens
2928 2342 2942 2381 :
2976 2343 2996 2378 ι
3032 2324 3175 2382 Ecce
3218 2326 3345 2382 dedi
3376 2327 3533 2384 vobis

1943 2426 2270 2492 potestatem
2300 2417 2548 2474 calcandi
2585 2431 2751 2487 supra
2784 2424 3067 2489 serpentes
3095 2425 3151 2471 et
3204 2416 3533 2488 scorpiones

1944 2521 1999 2570 et
2019 2528 2187 2586 supra
2223 2526 2441 2569 omnem
2471 2511 2729 2566 virtutem
2763 2508 3051 2566 inimici”.
3095 2528 3115 2561 ι
3152 2508 3231 2565 Ac
3261 2524 3481 2567 rursum
3513 2524 3529 2563 :

1951 2621 1972 2655 ι
2010 2602 2378 2660 Conculcabis
2408 2602 2622 2657 leonem
2651 2607 2707 2656 et
2733 2600 3115 2655 draconem”.
3152 2618 3170 2651 ›
3205 2597 3348 2654 Olim
3376 2614 3536 2654 nam-

1946 2712 2053 2768 que
2107 2711 2336 2767 serpens
2375 2693 2545 2748 Evam
2590 2691 2829 2763 decepit,
2858 2692 3091 2763 ejusque
3143 2690 3349 2748 invidia
3378 2708 3534 2749 mors

1947 2790 2171 2846 intravit
2191 2789 2249 2845 in
2291 2789 2554 2845 mundum
2584 2806 2598 2842 :
2624 2787 2738 2858 jam
2780 2802 2911 2842 vero
2963 2786 3321 2842 conculcatur
3354 2794 3409 2841 et
3436 2802 3538 2841 vo-

1948 2883 2067 2939 lens
2092 2882 2347 2952 decipere
2377 2880 2569 2936 audit:
2605 2897 2626 2932 ι
2660 2877 2811 2934 Vade
2851 2885 3000 2933 retro
3044 2893 3152 2939 me,
3198 2875 3460 2932 Satana’.
3505 2896 3527 2929 ο

1949 2973 2089 3030 Olim
2138 2974 2485 3030 adversarius
2533 2978 2722 3027 noster
2767 2970 3039 3034 diabolus,
3072 2968 3233 3040 quasi
3282 2969 3369 3023 leo
3413 2968 3530 3023 cir~

1950 3065 2216 3130 cumibat,
2253 3066 2446 3121 sitiens
2488 3064 2727 3118 animam
2768 3069 3016 3118 nostram
3049 3077 3062 3113 ι
3091 3061 3205 3131 jam
3236 3075 3368 3116 vero
3396 3075 3531 3117 con-

266 3157 418 3227 διψῶν
444 3158 545 3229 τὴν
595 3155 879 3226 ἡμετέραν
926 3152 1106 3223 ψυχήν
1131 3170 1145 3182 ·
1193 3152 1319 3223 ἄρτι
1354 3151 1412 3205 δὲ
1450 3153 1849 3205 καταπατεῖται

1952 3158 2203 3214 culcatur
2268 3173 2396 3213 cum
2446 3156 2704 3222 dracone,
2773 3170 2838 3210 ac
2898 3154 3119 3210 demum
3178 3153 3330 3210 brevi
3380 3152 3529 3210 Deus

270 3251 356 3304 σὺν
377 3249 455 3322 τῷ
476 3250 760 3321 δράκοντι,
797 3248 898 3301 xui.
927 3246 1113 3299 λοιπὸν
1138 3247 1167 3299 6
1190 3244 1326 3308 Θεὸς
1354 3246 1412 3298 ὲν
1444 3244 1602 3315 τάχει
1638 3243 1850 3316 συντρί-

266 3342 348 3413 ψει
379 3343 471 3396 τὸν
497 3342 746 3395 Σατανᾶν
771 3338 884 3393 ὑπὸ
911 3338 1036 3401 τοὺς
1066 3336 1233 3401 πόδας
1252 3335 1429 3407 ἡμῶν.
1454 3336 1567 3390 Καὶ
1597 3334 1850 3389 τοσοῦτον

269 3436 680 3507 καταφρονεῖται
710 3433 812 3486 καὶ
850 3430 1106 3494 παίζεται
1135 3470 1151 3495 ,
1200 3427 1276 3494 ὡς
1308 3429 1404 3482 καὶ
1456 3430 1553 3482 ἐπὶ
1598 3427 1850 3499 τρώγλην

271 3522 518 3590 ἀσπίδων,
555 3520 899 3577 ἑκϐάλλοντά
930 3535 1053 3573 τινα
1093 3519 1188 3590 τὴν
1223 3520 1399 3591 χεῖρα,
1431 3518 1508 3591 μὴ
1540 3518 1848 3588 φοϐεῖσθαι.

270 3611 444 3669 Ταῦτα
468 3614 580 3685 γὰρ
627 3612 870 3675 Ἡσαΐας
898 3611 1272 3683 προεφήτευσε
1298 3625 1314 3642 °
1344 3612 1440 3664 xui.
1468 3608 1617 3664 ἔστιν
1644 3611 1672 3664 6
1697 3609 1854 3679 λόγος

271 3701 490 3775 ἀληθής.

334 3793 419 3849 29.
460 3793 659 3849 Παιδία
696 3791 834 3863 γοῦν
880 3790 985 3864 τὴν
1016 3790 1180 3846 πάλαι
1219 3791 1312 3845 xui.
1337 3790 1601 3863 γέροντας
1630 3786 1854 3843 ἀπατῶ-

272 3900 364 3937 σαν
391 3884 583 3957 ἡδονὴν
612 3884 745 3956 ἄρτι
766 3880 1094 3954 χλευάζουσι
1114 3899 1128 3913 ο
1159 3882 1253 3935 καὶ
1279 3882 1445 3953 μήπω
1469 3880 1711 3952 νομίμης
1738 3878 1856 3952 ἡλι-

156 3997 161 4001 ’
271 3976 391 4041 κίας
436 3977 729 4042 ἐπιϐάντες
759 4018 775 4044 ,
817 3975 921 4047 τὴν
968 3975 1108 4047 ὑπὲρ
1148 3975 1239 4028 τὸν
1266 3974 1429 4046 νόμον
1483 3971 1855 4046 περιζώννυν-

272 4083 356 4121 ται
394 4068 505 4141 (47)
535 4067 902 4141 σωφροσύνην
932 4082 945 4096 ⁸
996 4067 1091 4120 καὶ
1132 4065 1389 4138 παρθένοι
1439 4066 1726 4139 μένοντες,
1775 4064 1855 4136 τῷ

268 4159 408 4234 λόγῳ
437 4161 671 4218 πατοῦσι
700 4161 803 4232 τῆς
836 4158 1100 4230 όφιὼδους
1129 4158 1325 4231 ἡδονῆς
1361 4158 1460 4223 τὰς
1503 4158 1738 4224 ἀπάτας,
1777 4156 1854 4229 μὴ

266 4253 587 4326 φοϐούμενοι
633 4251 844 4323 ταύτης
877 4250 948 4304 τὰ
997 4249 1347 4322 θανατηφόρα
1390 4250 1664 4322 δήγματα.
1713 4248 1852 4320 Ἤδη

265 4341 322 4396 δέ
344 4359 492 4407 τινες
513 4344 610 4397 xui.
631 4341 771 4396 αὐτὸ
802 4341 864 4394 τὸ
885 4340 1111 4411 κέντρον
1136 4339 1231 4394 τοῦ
1258 4338 1504 4393 διαϐόλου
1532 4336 1850 4404 πατοῦντες,

265 4434 365 4488 οὐκ
396 4435 709 4491 ὲδειλίασαν
737 4434 833 4488 τὸν
869 4432 1099 4488 θάνατον
1117 4448 1131 4465 ·
1170 4431 1305 4486 ἀλλὰ
1331 4430 1425 4484 xui.
1451 4431 1550 4500 τὴν
1572 4429 1717 4502 ζωὴν
1751 4431 1855 4484 αύ-

1955 3256 2200 3304 conteret
2231 3247 2490 3303 Satanam
2524 3246 2630 3303 sub
2660 3245 2893 3317 pedibus
2921 3247 3150 3303 nostris.
3182 3245 3531 3317 Tantumque

1955 3341 2281 3412 despicitur,
2321 3350 2536 3396 tantum
2592 3341 2877 3405 illuditur,
2928 3347 2989 3394 ut
3042 3355 3111 3395 ne
3137 3338 3413 3410 quispiam
3442 3354 3534 3393 re-

1958 3432 2212 3491 formidet
2239 3433 2307 3488 ad
2340 3432 2585 3488 foramen
2630 3432 2881 3502 aspidum
2913 3429 3205 3486 admovere
3239 3443 3464 3484 manum
3485 3430 3528 3482 ³.

1959 3524 2085 3581 Haec
2139 3526 2286 3582 enim
2355 3526 2526 3582 Isaias
2587 3523 2952 3596 prophetavit,
3002 3522 3163 3595 cujus
3238 3537 3403 3579 verus
3448 3530 3535 3580 est

1957 3628 2158 3670 sermo.

2028 3793 2119 3851 29.
2160 3791 2322 3850 Pueri
2345 3807 2477 3865 ergo
2504 3792 2859 3863 voluptatem,
2886 3806 3008 3864 quae
3040 3792 3193 3863 ipsos
3217 3790 3348 3851 olim
3373 3806 3535 3848 senes

1960 3886 2300 3958 decipiebat,
2331 3886 2443 3956 jam
2491 3883 2725 3941 irrident
2760 3904 2773 3940 :
2810 3884 3046 3941 necdum
3105 3881 3175 3940 ad
3231 3884 3536 3956 legitimam
3576 3866 3577 3871 η

1961 3978 2240 4051 progressi
2280 3985 2495 4034 aetatem
2525 3976 2886 4044 continentia,
2921 3991 3044 4050 quat
3073 3978 3245 4050 legem
3287 3984 3534 4048 superat,

1962 4071 2180 4128 lumbos
2223 4071 2567 4143 praecingunt
2605 4087 2619 4126 :
2666 4070 3050 4141 manendoque
3106 4068 3367 4142 virgines,
3421 4083 3537 4126 ser-

1914 4166 2199 4238 =pentin2e
2251 4164 2549 4235 voluptatis
2608 4162 2857 4220 fallacias
2905 4164 3079 4220 verbo
3134 4164 3371 4227 calcant,
3399 4162 3538 4218 nihil

1962 4255 2083 4325 ejus
2129 4252 2416 4310 lethiferos
2464 4267 2684 4309 morsus
2737 4253 2921 4309 veriti.
2968 4252 3091 4308 Jam
3128 4269 3261 4309 vero
3287 4252 3535 4323 quidam,

1963 4348 2146 4419 ipsum
2199 4345 2405 4402 diaboli
2451 4346 2734 4403 stimulum
2794 4346 3093 4412 calcantes,
3149 4352 3378 4403 mortem
3424 4362 3540 4402 non

1965 4442 2330 4509 exhorruere;
2362 4440 2458 4496 sed
2499 4448 2672 4496 morte
2699 4440 2871 4496 vitam
2923 4456 3080 4496 suam
3106 4448 3538 4507 commutarunt,

264 4526 370 4579 τῶν
405 4528 649 4600 ἧλλαξαν
698 4526 780 4598 τῷ
826 4526 1063 4596 θανάτῳ,
1101 4525 1378 4598 μάρτυρες
1424 4524 1706 4595 γενόμενοι
1762 4522 1849 4578 τοῦ

1962 4533 2127 4589 Verbi
2156 4542 2427 4606 martyres
2455 4534 2633 4590 effecti
2670 4553 2683 4588 :
2722 4532 2845 4590 ideo
2873 4533 3021 4589 enim
3074 4541 3327 4590 mortuus
3354 4532 3544 4589 Domi-

267 4619 468 4690 Λόγου·
485 4623 575 4678 διὰ
598 4621 767 4676 τοῦτο
787 4619 898 4691 γὰρ
926 4617 1191 4672 ἀπέθανεν
1208 4619 1236 4670 6
1249 4618 1471 4690 Κύριος.
1502 4617 1694 4672 Πολλοὶ
1716 4616 1773 4670 δὲ
1791 4616 1861 4673 τὰ

268 4711 361 4764 ἐπὶ
373 4714 485 4783 γῆς
501 4713 925 4776 καταλιπόντες,
941 4709 1209 4782 ἐλευθέρῳ
1221 4710 1299 4783 τῷ
1320 4710 1606 4782 βαδίσματι
1621 4709 1711 4765 τὸν
1723 4710 1861 4781 ἀέρα

264 4800 603 4860 διαϐαίνουσι
635 4845 652 4870 ,
702 4804 804 4859 xui.
860 4805 919 4858 ὲν
965 4802 1183 4875 οὐρανῷ
1230 4800 1600 4858 πολιτεύονται
1622 4821 1636 4835 ·
1671 4803 1858 4858 οὐκέτι

266 4898 597 4971 φοϐούμενοι
642 4900 737 4955 τὸν
783 4897 1024 4971 ἄρχοντα
1068 4896 1162 4952 τοῦ
1194 4896 1357 4970 ἀέρος
1380 4937 1396 4964 ,
1430 4896 1569 4951 ἀλλὰ
1596 4897 1692 4951 καὶ
1738 4897 1863 4950 ὲπι-

264 4988 601 5061 πλήττοντες
631 4993 730 5047 xui.
742 4991 1018 5062 λέγοντες,
1042 4991 1091 5043 εί
1119 4988 1260 5044 θέλοι
1285 4989 1516 5043 κωλύειν
1542 5005 1556 5019 ο
1588 5007 1607 5041 ι
1631 4988 1858 5059 Ὕπαγε

260 5076 451 5134 ὀπίσω
478 5099 598 5153 μου,
621 5081 872 5136 Σατανᾶ“
911 5097 932 5133 ι
965 5081 1047 5135 ὅτι
1074 5079 1275 5153 Κύριον
1297 5080 1389 5135 τὸν
1408 5080 1542 5135 Θεόν
1566 5097 1669 5152 μου
1694 5079 1864 5135 σπεύ-

260 5169 345 5225 δω
378 5176 765 5248 προσκυνῆσαι
797 5192 811 5204 ·
843 5174 933 5230 διὰ
966 5173 1124 5229 τοῦτο
1163 5176 1273 5247 γὰρ
1301 5175 1622 5249 ἐσταυρώθη
1660 5178 1741 5241 είς
1766 5176 1859 5231 τὸν

264 5261 414 5336 ἀέρα
435 5267 472 5320 ὁ
500 5268 713 5341 Σωτήρ.
754 5268 822 5322 Ἦ
855 5266 914 5322 δὲ
940 5267 1060 5331 ὁδὸς
1100 5265 1195 5320 τοῦ
1227 5266 1578 5342 παραδείσου,
1610 5269 1644 5338 ἡ
1688 5266 1859 5322 πάλαι

342 5420 395 5494 _“
433 5424 576 5484 Psal.
614 5440 817 5494 xxxvi,
856 5424 963 5491 12,
996 5424 1087 5481 15.
1161 5424 1206 5457 ’⁷
1243 5423 1392 5482 Psal.
1422 5380 1549 5492 cui,
1581 5424 1668 5481 1ο.
1782 5424 1828 5458 ’⁸

1952 5439 2000 5479 c.
2048 5442 2111 5491 ι,
2147 5425 2235 5481 19.

268 5487 295 5519 ³
333 5488 449 5550 Isa.
485 5514 573 5562 ιι,
611 5497 669 5553 8.

502 5653 724 5727 Regius,
756 5654 877 5725 ᾔδει
896 5653 1122 5727 ,ἑαυτόψ

506 5717 848 5802 Basiliensis,
895 5723 1138 5802 ἴσχυσεν.
1186 5722 1354 5802 Infra,
1387 5717 1555 5802 Ἶρος,
1591 5722 1675 5777 sic
1708 5736 1865 5802 men-

271 5785 389 5845 dici
426 5785 786 5861 vocabantur,
836 5785 907 5849 ex
956 5785 1050 5848 illo
1096 5793 1314 5850 llomcri
1343 5785 1605 5852 incndite
1637 5792 1727 5850 cui
1762 5809 1863 5851 no-

271 5870 429 5931 men,
462 5863 625 5939 Ἶρος,
662 5867 864 5937 Odyss.
896 5863 957 5918 Σ.

598 5961 795 6020 Pa'rtt.
828 5958 952 6020 Gn.
992 5953 1288 6017 XXVIII.

1965 4642 2073 4682 nus
2098 4633 2207 4683 est.
2235 4625 2387 4681 Multi
2414 4642 2546 4683 vero
2567 4626 2801 4683 terrenis
2842 4625 3120 4683 derelictis
3152 4630 3343 4690 rebus,
3369 4626 3542 4682 libero

1966 4735 2162 4791 gressu
2189 4734 2371 4776 aerem
2405 4727 2698 4791 peragrant
2727 4725 2780 4775 et
2803 4718 2860 4774 in
2909 4721 3050 4774 coelo
3084 4718 3250 4774 vitam
3285 4717 3492 4789 degunt
3525 4737 3539 4771 :

1965 4810 2104 4865 nihil
2157 4811 2301 4867 ultra
2356 4810 2513 4866 veriti
2572 4810 2878 4880 principem
2937 4809 3117 4874 aeris,
3172 4810 3284 4867 imo
3332 4809 3542 4879 potius,

1969 4900 2020 4958 si
2084 4902 2376 4972 prohibere
2427 4902 2686 4963 voluerit.
2750 4902 3097 4973 increpantes
3145 4917 3211 4958 ac
3250 4901 3544 4959 dicentes:

1969 5011 1989 5047 ι
2012 4990 2165 5050 Vade
2183 5001 2333 5050 retro
2353 5008 2461 5058 me,
2489 4990 2715 5061 Satana,
2741 5013 2760 5047 ι
2787 4995 3047 5065 quoniam
3066 4993 3354 5049 Dominum
3375 4992 3549 5050 Deum

1964 5099 2147 5139 meum
2203 5083 2405 5141 festino
2434 5085 2698 5151 adorare;
2753 5086 2879 5143 ideo
2924 5100 3163 5156 namque
3202 5084 3548 5142 Salvator-iu

1963 5191 2090 5233 aere
2115 5178 2414 5235 cruciﬁxus
2446 5186 2550 5235 est.
2599 5177 2700 5234 Via
2749 5187 2932 5235 autem
2972 5178 3239 5249 paradisi,
3271 5179 3406 5234 olim
3447 5194 3550 5251 per

1964 5276 2250 5338 peccatum
2279 5269 2489 5336 clausa,
2515 5269 2626 5340 jam
2654 5269 2965 5326 volentibus
2988 5276 3179 5341 patet,
3208 5276 3270 5324 ut
3302 5271 3379 5325 ait
3409 5269 3553 5325 Pan-

2309 5426 2410 5483 i”
2450 5424 2595 5481 Psal.
2644 5439 2744 5493 xc,
2780 5425 2867 5480 13.
2985 5424 3002 5456 ³
3048 5423 3217 5481 Marc.
3272 5442 3392 5494 vm,
3454 5426 3545 5483 5'5.

2041 5650 2153 5723 (46)
2189 5651 2413 5723 βοείας,
2453 5653 2635 5709 αὐτόν.

2010 5720 2150 5799 ΛΠ)
2189 5720 2413 5799 Regius,
2451 5722 2790 5794 εὐφροσύνην
2815 5739 2828 5755 ο
2873 5725 2967 5780 καὶ
2990 5726 3270 5799 ⁸παρθένοι
3305 5724 3551 5797 μένουσι,

1966 5792 2046 5865 τῷ
2070 5791 2212 5865 λόγῳ
2238 5791 2568 5857 πατοῦντες(
2743 5791 2758 5794 ⁷
2987 5792 3012 5822 ⁶
3087 5791 3100 5799 ’
3306 5791 3316 5797 ⁷
3533 5791 3542 5793 ’
3568 5800 3575 5803 ”

3231 5950 3272 6009 8
