3958 6538
492 398 601 451 νςδ

1612 395 1675 453 S.
1718 395 2179 455 ATHANASIUS.
2220 432 2290 445 —-
2316 399 2553 459 DUBIA.

3639 393 3752 449 2'58

494 510 604 575 ius,
668 510 761 581 qui
812 525 887 570 .eo
949 509 1053 565 loci
1114 518 1304 580 raptus
1349 518 1453 575 est,
1515 518 1567 565 et
1624 512 1690 566 ad
1737 512 1848 583 79
1870 511 2049 569 Ecmlo:

2167 513 2236 566 δι’
2267 514 2543 585 ἁμαρτίας
2563 511 2891 579 κλεισθεῖσα,
2919 514 3044 584 άρτι
3070 514 3181 578 τοῖς
3204 510 3550 584 βουλομένοις
3573 508 3751 581 ἀνέῳο

495 604 767 659 ascendit.
798 603 925 658 ldeo
946 602 1208 659 Dominus
1235 602 1406 657 illusit
1432 604 1672 674 serpenti
1690 623 1705 660 :
1725 604 2069 675 cessavitque

497 694 767 757 infernus,
797 707 904 747 non
939 694 1081 748 ultra
1112 692 1418 763 imperante
1449 706 1649 761 morte,
1678 695 1774 750 sed
1820 697 2069 751 resusci-

492 787 628 843 tatis
666 785 945 840 omnibus.
994 784 1257 839 Diabolus
1301 792 1483 839 autem
1533 801 1645 841 non
1687 787 1800 856 jam
1846 786 1971 843 inde
2011 790 2069 843 in

493 893 599 936 nos
633 878 870 949 insurgit
908 895 921 931 :
957 877 1159 931 cecidit
1206 878 1381 943 enim,
1434 887 1597 949 atque
1645 886 1974 949 prostratus,
2009 880 2068 935 in

426 980 689 1083 xpeetus
725 972 886 1043 plane
911 979 967 1026 et
997 970 1055 1025 in
1087 979 1334 1027 ventrem
1381 988 1541 1028 suum
1587 974 1923 1043 provolvitur
1946 989 1963 1024 :
2001 989 2067 1029 ea

508 1082 517 1083 ί
682 1065 731 1083 ,Α
968 1063 1202 1083 ,κω-,μμ
1236 1062 1493 1083 “mum
1566 1063 1626 1083 η,
1892 1082 1899 1083 ,
2021 1066 2033 1077 .

494 1066 642 1124 enim
670 1065 739 1120 de
759 1080 927 1120 causa
963 1063 1206 1119 surrexit
1236 1062 1522 1121 Dominus.
1566 1063 1631 1118 Et
1662 1065 1912 1123 homines
1941 1066 2067 1137 qui-

494 1158 616 1214 dem
646 1157 953 1213 didicerunt
975 1157 1255 1228 aspernari
1282 1156 1505 1213 divitias
1535 1160 1872 1229 corporales,
1903 1168 1958 1215 et
1981 1160 2063 1216 di-

493 1257 713 1307 tescunt
763 1249 932 1305 verbo
985 1256 1040 1304 et
1094 1249 1323 1305 scientia
1358 1264 1372 1300 :
1407 1248 1577 1305 draco
1629 1259 1809 1305 autem
1868 1252 1962 1321 qui
2007 1267 2066 1307 se

492 1344 715 1398 divitem
748 1358 872 1399 esse
927 1336 1285 1414 gloriabatur,
1342 1340 1650 1397 denudatus
1707 1349 1812 1405 est,
1842 1342 2066 1413 jamque

494 1435 699 1498 nudus,
735 1431 857 1488 Irus
886 1440 940 1488 et
968 1444 1177 1504 pauper
1209 1444 1315 1498 est,
1347 1432 1417 1487 ab
1441 1433 1752 1489 hominibus
1800 1436 2068 1504 exspolia-

495 1541 608 1585 tus.
631 1528 765 1583 Nam
790 1528 882 1599 qui
918 1527 1047 1581 olim
1083 1527 1300 1582 medius
1333 1526 1474 1582 inter
1502 1527 1834 1583 cherubinos
1879 1542 2066 1584 versa-

491 1623 672 1686 batur,
696 1620 953 1689 omnique
973 1617 1148 1689 lapide
1183 1619 1421 1687 pretioso
1459 1619 1681 1674 indutus
1700 1630 1834 1682 erat,
1855 1619 2061 1684 sardio,

483 1710 695 1784 jaspide
717 1717 771 1764 et
797 1710 1009 1774 achate,
1026 1711 1139 1779 jam
1161 1708 1378 1765 demum
1409 1709 1463 1763 in
1484 1724 1709 1781 papyro,
1730 1710 1995 1765 arundine
2008 1717 2064 1764 et

488 1805 641 1860 silice
667 1802 890 1865 dormit,
922 1812 980 1856 ut
1015 1801 1068 1855 in
1087 1799 1192 1856 Job
1227 1801 1295 1856 de
1320 1801 1413 1855 illo
1436 1785 1693 1856 narratur
1709 1802 1751 1857 ³.
1775 1801 1902 1857 Ideo
1916 1803 2059 1857 enim

2170 621 2285 672 γεν,
2329 606 2405 669 ὡς
2445 604 2654 669 Παῦλος
2696 610 2987 679 μαρτυρεῖ,
3036 606 3418 679 ἁρπαζόμενος
3456 606 3611 671 ἐκεῖ,
3655 605 3753 658 καὶ

2168 696 2538 767 ἀπερχόμενος
2574 700 2655 761 εἰς
2686 700 2813 762 τοὺς
2844 698 3129 771 οὐρανούς.
3157 700 3256 755 Διὰ
3283 701 3441 754 τοῦτο
3465 700 3575 773 γάρ
3599 697 3753 754 ἐπαι-

2170 782 2259 850 ξεν
2293 787 2322 838 6
2352 785 2554 857 Κύριος
2589 787 2682 840 τὸν
2709 787 2854 858 ὅφιν.
2882 789 2993 842 Καὶ
3018 791 3048 842 6
3085 790 3184 861 μὲν
3208 790 3342 863 ᾅδης
3372 792 3750 862 κατήργηται,

2167 876 2350 930 οὐκέτι
2377 877 2472 930 τοῦ
2501 878 2732 933 Θανάτου
2766 880 3113 952 κρατοῦντος,
3141 881 3281 936 ἀλλὰ
3303 882 3521 936 πάντων
3546 885 3754 954 ἐγειρο-

2172 970 2368 1042 μένων·
2399 974 2429 1025 ό
2454 972 2511 1026 δὲ
2537 973 2783 1037 διάϐολος
2808 974 2910 1027 οὐκ
2930 973 3011 1027 ἐτι
3039 973 3385 1039 ἐξανίσταται
3410 974 3534 1028 καθ’
3566 972 3747 1045 ἡμῶν·

2169 1065 2423 1119 πέπτωκε
2449 1065 2581 1137 γὰρ,
2612 1066 2707 1119 καὶ
2746 1065 2927 1121 πεσὼν
2966 1066 3180 1138 άληθῶς
3209 1069 3301 1121 ἐπὶ
3330 1066 3405 1137 τῷ
3437 1066 3626 1138 στήθει
3656 1066 3752 1120 καὶ

2166 1160 2232 1229 τῇ
2267 1157 2445 1230 κοιλίᾳ
2471 1157 2760 1229 πορεύεται
2784 1174 2797 1189 ·
2824 1157 2912 1211 διὰ
2934 1156 3091 1211 τοῦτο
3114 1158 3221 1231 γὰρ
3241 1158 3442 1228 ἀνέστη
3465 1160 3493 1210 6
3516 1157 3749 1229 Κύριος.

2168 1252 2278 1306 Kal
2308 1252 2356 1303 οἱ
2389 1251 2486 1322 μὲν
2515 1250 2793 1322 ἄνθρωποι
2833 1250 3184 1322 μεμαθήκασι
3229 1252 3592 1321 καταφρονεῖν
3643 1268 3752 1304 σω-

2170 1344 2400 1415 ματικοῦ
2445 1343 2696 1410 πλούτου,
2744 1344 2841 1398 καὶ
2888 1342 3179 1398 πλουτοῦσι
3221 1343 3300 1414 τῷ
3347 1343 3492 1415 λόγῳ
3533 1344 3631 1397 καὶ
3678 1346 3750 1415 τῇ

2166 1434 2397 1505 γνώσει·
2430 1439 2459 1490 ὁ
2489 1436 2547 1489 δὲ
2579 1435 2931 1507 καυχώμενος
2965 1430 3105 1491 εἶναι
3141 1435 3397 1501 πλούσιος
3421 1437 3639 1509 δράκων
3656 1454 3753 1507 γε·

2166 1526 2452 1599 γύμνωται
2487 1568 2503 1594 ,
2552 1528 2648 1581 καὶ
2683 1526 2778 1582 νῦν
2807 1527 3014 1598 γυμνὸς
3057 1524 3205 1599 Ἶρος
3234 1528 3330 1582 καὶ
3378 1529 3546 1598 πένης
3577 1529 3707 1597 ,ἐστὶ
3729 1568 3749 1595 ,

2166 1618 2668 1692 κατεσκυλευμένος
2701 1620 2807 1674 ὑπὸ
2851 1620 3088 1674 πάντων.
3132 1621 3244 1674 Καὶ
3275 1620 3385 1691 γὰρ
3411 1621 3580 1676 πάλαι
3633 1621 3747 1675 τῶν

2166 1713 2436 1787 χερουϐὶμ
2464 1712 2569 1768 ἀνὰ
2607 1712 2771 1784 μέσον
2814 1712 2890 1765 ὢν
2918 1753 2934 1779 ,
2972 1712 3066 1768 καὶ
3101 1712 3278 1767 πάντα
3319 1713 3465 1767 λίθον
3507 1712 3748 1785 χρηστὸν

2164 1804 2511 1876 ἐνδεδυμένος
2532 1847 2552 1872 ,
2591 1804 2683 1858 τὸν
2713 1803 2951 1875 σάρδιον,
2983 1803 3074 1857 τὸν
3109 1804 3291 1858 ἴασπιν
3311 1844 3325 1869 ,
3370 1803 3459 1857 τὸν
3493 1804 3705 1875 ἁχάτην
3727 1844 3746 1870 ,

487 1896 751 1950 Dominus
792 1909 1000 1966 pauper
1034 1894 1155 1959 fuit,
1201 1901 1260 1948 ιιι
1278 1909 1378 1949 nos
1399 1894 1519 1963 ejus
1551 1894 1735 1965 inopia
1769 1895 2049 1951 ditescere-

2164 1892 2289 1965 ἄρτι
2318 1892 2501 1946 λοιπὸν
2530 1892 2624 1945 ἐπὶ
2649 1892 2922 1965 πάπυρον,
2955 1894 3049 1947 καὶ
3082 1892 3361 1963 κάλαμον,
3410 1895 3504 1948 καὶ
3544 1894 3750 1965 χάλικα

484 1988 653 2055 mus‘,
678 1986 1037 2057 diabolusque
1072 1985 1312 2041 nudatus
1341 1997 1443 2042 est.
1475 1986 1744 2060 Quodque
1789 1989 2059 2055 mirabile,

485 2095 850 2153 magnumque
872 2080 1101 2152 contigit
1127 2080 1183 2135 in
1212 2095 1394 2135 rerum
1447 2089 1667 2148 natura,
1703 2082 1952 2138 homines
1990 2083 2060 2138 ad

484 2181 714 2229 mortem
748 2184 1044 2243 properant
1068 2181 1321 2244 optantes
1355 2173 1649 2229 adventum
1681 2172 1933 2243 Domini;
1967 2175 2064 2230 mi-

482 2280 574 2320 ser
604 2275 785 2320 autem
813 2264 1087 2327 diabolus,
1110 2265 1203 2336 qui
1231 2265 1361 2321 olim
1400 2267 1593 2321 mortis
1639 2266 1928 2337 imperium
1960 2266 2058 2321 ha-

480 2356 623 2419 huit,
653 2356 766 2425 jam
796 2354 988 2410 metuit
1013 2369 1140 2410 eum
1168 2354 1262 2426 qui
1311 2363 1578 2410 venturus
1629 2363 1737 2419 est,
1765 2354 2061 2425 judicium-

478 2464 587 2521 que
621 2446 982 2504 reformidat:
1010 2448 1163 2503 novit
1203 2448 1350 2503 enim
1386 2448 1492 2503 sibi
1518 2454 1767 2519 paratum
1798 2449 1978 2519 ignem
2002 2455 2058 2503 et

483 2541 694 2614 angelis
710 2540 848 2597 suis.
869 2538 995 2595 ldeo
1024 2540 1170 2595 enim
1195 2537 1461 2594 Dominus
1480 2554 1636 2596 meus
1650 2538 1930 2610 judicatus
1947 2546 2054 2604 est,

479 2641 538 2686 ιιι
578 2646 682 2686 nos
722 2630 985 2702 ajudieio
1021 2629 1302 2693 liberaret,
1341 2631 1603 2701 illumque
1642 2630 2054 2687 condemnaret.

2169 1985 2447 2055 κοιμᾶται,
2479 1983 2557 2048 ὼς
2587 1986 2645 2038 ἐν
2687 1984 2766 2056 τῷ
2809 1984 2929 2038 Ἰὼϐ
2975 1986 3103 2056 περὶ
3147 1985 3311 2040 αὑτοῦ
3362 1985 3602 2055 λέγεται.
3645 1986 3752 2041 Διὰ

2164 2076 2325 2130 τοῦτο
2347 2077 2456 2150 γὰρ
2498 2080 2528 2130 6
2568 2078 2774 2150 Κύριος
2805 2077 3167 2149 ἐπτώχευσεν,
3194 2080 3282 2135 ἵνα
3304 2081 3468 2151 ἡμεῖς
3495 2083 3560 2151 τῇ
3596 2096 3748 2133 πτω-

2166 2169 2290 2241 χείᾳ
2323 2168 2436 2240 (48)
2462 2169 2630 2223 αὐτοῦ
2678 2171 3105 2242 πλουτήσωμεν,
3147 2173 3242 2226 καὶ
3275 2172 3305 2224 6
3341 2170 3589 2235 διάϐολος
3616 2173 3748 2240 ἐγυ-

2171 2258 2378 2332 μνώθη.
2407 2260 2517 2315 Kal
2550 2261 2613 2316 τὸ
2640 2261 2942 2333 παράδοξον
2968 2263 3063 2315 καὶ
3094 2262 3235 2332 μέγα
3268 2262 3557 2333 γενόμενον
3589 2263 3648 2315 ἐν
3673 2263 3744 2333 τῇ

2168 2351 2377 2405 κτίσει·
2419 2351 2695 2424 ἄνθρωποι
2737 2354 2837 2423 μὲν
2870 2352 2979 2424 γὰρ
3008 2353 3333 2408 σπεύδουσιν
3376 2353 3749 2426 ἀποθνήσκειν

2167 2444 2455 2515 εὐχόμενοι
2483 2445 2582 2515 τὴν
2615 2444 2906 2516 ἐπιδημίαν
2934 2443 3027 2497 τοῦ
3058 2446 3307 2518 Σωτῆρος
3325 2462 3338 2475 ·
3373 2447 3402 2499 6
3428 2446 3486 2499 δὲ
3513 2446 3749 2511 δείλαιος

2162 2539 2428 2604 διάϐολος,
2457 2539 2487 2592 6
2527 2539 2694 2593 πάλαι
2727 2538 2820 2592 τοῦ
2850 2537 3083 2592 θανάτου
3112 2537 3173 2593 τὸ
3216 2538 3417 2610 κράτος
3459 2538 3619 2610 ἔχων,
3652 2538 3749 2593 νῦν

2164 2632 2411 2702 φοϐεῖται
2450 2632 2542 2685 τὸν
2587 2631 2902 2705 ἐρχόμενον,
2942 2632 3037 2686 καὶ
3073 2629 3172 2701 τὴν
3212 2631 3392 2702 κρίσιν
3431 2632 3750 2703 καταπτήσ-

478 2745 578 2783 σει.
626 2722 747 2782 Οἵδε
790 2725 899 2800 γὰρ
927 2726 989 2780 τὸ
1019 2727 1421 2799 ἡτοιμασμένον
1448 2727 1598 2799 αὐτῷ
1632 2726 1764 2800 πῦρ,
1809 2728 1901 2782 xal
1939 2731 2051 2791 τοῖς
2099 2728 2351 2798 ἀγγέλοις
2396 2729 2585 2783 αὑτοῦ.
2635 2728 2734 2782 Διά
2776 2727 2933 2782 τοῦτο
2980 2726 3089 2800 γὰρ
3136 2727 3233 2782 καὶ
3304 2727 3498 2800 ἐκρίθη
3566 2744 3671 2799 μου
3717 2729 3749 2780 6

474 2822 677 2894 Κύριος
705 2863 721 2889 ,
762 2821 850 2874 ἵνα
881 2823 1030 2893 ἡμᾶς
1065 2820 1172 2874 ἀπὸ
1220 2819 1329 2893 (49)
1377 2821 1477 2893 τῆς
1527 2820 1764 2893 κρίσεως
1817 2821 2178 2894 ἐλευθερώσῃ,
2207 2824 2458 2877 κάκεῖνον
2482 2822 2808 2895 κατακρίνῃ.

542 2914 632 2968 50.
689 2912 960 2968 Caeterum
1021 2912 1089 2967 de
1134 2912 1319 2967 divina
1373 2915 1687 2985 cognitione
1747 2915 1803 2971 in
1856 2930 2050 2971 omnes

2227 2917 2317 2973 50.
2352 2917 2489 2989 Περὶ
2522 2915 2631 2989 γὰρ
2659 2917 2760 2987 τῆς
2797 2915 3098 2987 γενομένης
3122 2917 3204 2981 είς
3234 2917 3443 2981 πάντας
3469 2916 3746 2989 πανταχοῦ

474 3002 679 3073 ubique
701 3000 1057 3058 disseminata
1089 3004 1220 3074 quid
1270 3014 1353 3061 est
1382 3006 1530 3075 quod
1562 3006 1876 3078 loquamur,
1923 3022 2049 3063 cum

2157 3008 2486 3077 θεογνωσίας
2535 3008 2587 3062 τί
2627 3007 2708 3061 δεῖ
2750 3009 2844 3061 καῖ¹
2885 3008 3094 3077 λέγειν,
3131 3007 3239 3062 τῶν
3281 3009 3621 3080 γιγνομένων
3648 3010 3744 3082 ἀφ’

473 3108 562 3151 res
582 3101 747 3165 gestae
780 3109 847 3150 ex
886 3110 945 3151 se
976 3095 1135 3151 [idem
1161 3097 1396 3152 habeant
1417 3096 1617 3153 ?Nulla
1648 3099 1794 3155 enim
1824 3108 2049 3171 praetcr-

2156 3100 2362 3154 ἑαυτῶν
2378 3100 2610 3172 ἐχόντων
2626 3100 2724 3169 τὴν
2741 3099 2921 3153 πίστιν
2937 3118 2951 3165 ;
2971 3100 3085 3153 Οὐκ
3100 3099 3215 3153 ἔστι
3235 3099 3343 3170 γάρ
3363 3100 3580 3173 ἡμέραν
3603 3118 3747 3174 παρ-

472 3189 515 3242 it
562 3186 701 3253 dies,
734 3203 842 3259 qua
897 3188 1119 3259 quidam
1174 3189 1421 3247 homines
1467 3192 1608 3247 idola
1646 3208 1754 3248 nun
1797 3192 2049 3249 deserant

2156 3192 2351 3259 ελθεῖν,
2376 3194 2435 3247 ἐν
2534 3194 2623 3246 ὅτε
2651 3193 2720 3246 τὰ
2754 3194 2851 3264 μὲν
2885 3192 3076 3247 εἴδωλα
3118 3192 3178 3246 οὐ
3232 3194 3744 3263 καταλιμπάνουσιν

470 3283 833 3352 propriasque
864 3296 928 3335 ac
958 3290 1217 3351 paternas
1241 3284 1387 3354 leges
1420 3300 1528 3338 non
1565 3285 1857 3356 abnegent,
1894 3294 1951 3340 ut
1978 3286 2046 3342 ad

2156 3284 2427 3357 ἄνθρωποι
2447 3327 2461 3352 ,
2510 3286 2604 3339 καὶ
2640 3287 2768 3349 τοὺς
2797 3285 2961 3349 ίδίους
2987 3286 3081 3339 καὶ
3118 3286 3419 3358 πατρικοὺς
3448 3285 3743 3358 ἀρνοῦνται

471 3375 642 3429 Deum
669 3370 1018 3444 confugiant,
1049 3388 1113 3430 ac
1158 3374 1364 3432 Christi
1400 3376 1546 3448 leges
1587 3378 1838 3448 accipere
1864 3387 2049 3448 postu-

2156 3375 2347 3446 νόμους
2369 3414 2384 3440 ,
2414 3375 2553 3448 πρὸς
2589 3375 2646 3428 δὲ
2679 3374 2811 3429 Θεὸν
2838 3374 3244 3444 καταφεύγουσι
3270 3414 3284 3437 ,
3318 3374 3414 3428 καὶ
3444 3375 3573 3438 τοὺς
3598 3376 3741 3447 Χρι-

468 3467 602 3534 lent,
659 3465 975 3521 incredibili
1012 3465 1280 3522 miraculo
1312 3466 1364 3520 in
1392 3482 1517 3522 eum
1567 3467 1874 3523 credentes.
1913 3466 2047 3522 Nam

2156 3463 2277 3519 στοῦ
2304 3465 2603 3537 λαμϐάνειν
2645 3465 2846 3536 νόμους
2879 3464 3130 3532 ἀξιοῦσι,
3173 3461 3461 3536 παραδόξῳ
3496 3462 3739 3535 θαύματι

469 3556 565 3628 qui
594 3556 863 3612 hactenus
903 3555 1208 3612 idololatraa
1248 3556 1421 3624 fuere,
1453 3564 1619 3627 atque
1652 3557 1935 3613 Christum
1988 3564 2049 3611 ut

2156 3556 2495 3620 πιστεύοντες
2517 3558 2600 3620 είς
2622 3556 2804 3610 αὐτόν.
2833 3557 2953 3609 Ἔτι
2975 3556 3082 3628 γάρ
3105 3553 3623 3627 είδωλολατροῦντες
3641 3556 3739 3611 καὶ

2144 3647 2221 3712 ὡς
2243 3647 2525 3719 ἄνθρωπον
2547 3648 2927 3712 διαϐάλλοντες
2949 3647 3040 3701 τὸν
3068 3648 3323 3720 Χριστὸν,
3353 3647 3543 3702 τοῦτον
3575 3650 3737 3704 ὓστε-

2148 3757 2239 3813 ρον
2258 3740 2388 3795 Θεὸν
2404 3741 2789 3810 γινώσκοντες,
2815 3740 3284 3811 καταλιμπάνουσι
3305 3740 3374 3794 τὰ
3393 3739 3586 3794 εἴδωλα
3603 3758 3617 3772 ·
3638 3743 3734 3797 καὶ

2144 3831 2238 3897 οὓς
2266 3834 2554 3903 ἐφοϐοῦντο
2580 3834 2840 3905 δαίμονας
2868 3835 2926 3886 ἐν
2947 3836 3062 3897 τοῖς
3082 3832 3340 3900 εἰδώλοις,
3368 3833 3592 3898 τούτους
3614 3834 3730 3908 (50)

2141 3926 2235 3979 τὸν
2267 3926 2471 3998 Κύριον
2508 3927 2821 3995 ἐπιγνόντες
2849 3925 3033 3979 λοιπὸν
3057 3924 3467 3991 καταλείπουσι,
3496 3926 3590 3979 καὶ
3620 3926 3730 3980 ἀπὸ

2142 4018 2318 4073 ἄλλων
2343 4018 2629 4072 διώκουσι·
2656 4019 2750 4072 καὶ
2770 4019 2835 4089 ἢν
2860 4016 3370 4090 είδωλολατροῦντες
3391 4017 3583 4089 ἡδονὴν
3609 4020 3731 4087 ἐφο-

2142 4111 2352 4177 ϐοῦντο,
2375 4111 2577 4182 ταύτης
2600 4112 2657 4165 ἐν
2677 4110 2899 4183 Χριστῷ
2923 4110 3320 4183 καταφρονοῦσι
3335 4152 3350 4176 ,
3374 4111 3467 4164 καὶ
3489 4109 3584 4182 τὴν
3603 4111 3728 4165 τότε

2140 4206 2379 4260 νικῶσαν
2393 4206 2590 4269 αὐτοὺς
2607 4205 2880 4278 ἁμαρτίαν
2897 4204 3021 4277 ἄρτι
3041 4204 3118 4277 τῷ
3142 4205 3352 4276 σημείῳ
3373 4204 3466 4259 τοῦ
3489 4204 3726 4271 σταυροῦ

2140 4299 2400 4363 νικῶντες
2448 4298 2723 4363 παίζουσι.
2782 4299 2893 4353 Kal
2945 4297 3053 4371 γὰρ
3087 4298 3444 4363 ἀπιστοῦντες
3484 4298 3623 4362 ὅλως
3655 4301 3723 4371 τῇ

2141 4389 2406 4462 παρθενίᾳ
2426 4430 2440 4455 ,
2483 4390 2575 4443 καὶ
2603 4389 2861 4445 ἀδύνατον
2892 4386 3030 4445 εἶναι
3057 4388 3306 4455 λέγοντες
3333 4390 3391 4443 ἐν
3415 4385 3724 4460 ἀνθρώποις

2137 4482 2340 4554 ταύτην
2369 4482 2721 4555 εὑρίσκεσθαι
2753 4483 2851 4554 τὴν
2876 4481 3098 4553 ἀρετὴν,
3140 4480 3530 4543 πιστεύσαντες
3551 4479 3631 4550 τῷ
3657 4481 3723 4533 ἐκ

2140 4573 2415 4645 Παρθένου
2438 4574 2675 4646 Σωτῆρι,
2696 4575 2757 4629 οὐ
2788 4574 2946 4646 μόνον
2975 4571 3444 4642 ἐπιγινώσκουσιν,
3467 4570 3606 4625 ἀλλὰ
3626 4572 3721 4626 καὶ

2139 4666 2292 4721 αὐτοὶ
2318 4666 2524 4740 ταύτην
2557 4667 2960 4739 πολιτευόμενοι
2987 4707 3002 4732 ,
3044 4664 3399 4720 ἀπιστοῦνται
3429 4664 3582 4733 παρά
3607 4665 3720 4726 τοῖς

2136 4757 2217 4812 ἐτι
2259 4757 2466 4813 ἔθνεσιν
2505 4759 2936 4829 εἰδωλολάτραις.
3013 4758 3136 4811 Ἐπὶ
3167 4756 3375 4820 τούτοις
3415 4754 3472 4808 δὲ
3505 4755 3716 4825 ήργησε

2137 4852 2289 4906 πᾶσα
2323 4852 2421 4923 μὲν
2457 4850 2809 4925 φαρμακεία,
2847 4852 2996 4904 πᾶσα
3029 4849 3085 4904 δὲ
3122 4849 3323 4920 μαγεία
3352 4847 3714 4920 κατήργηται,

2135 4944 2229 4998 καὶ
2269 4946 2417 4999 πᾶσα
2442 4944 2552 4997 τῶν
2589 4944 2855 5016 Ἑλλήνων
2893 4941 3217 5015 μεμώραται.
3240 4940 3420 5010 σοφία.
3484 4940 3572 4993 Ἐν
3605 4939 3716 5012 γὰρ

2132 5037 2246 5099 τοῖς
2279 5034 2443 5099 θείοις
2475 5035 2587 5108 (5i)
2609 5075 2624 5099 ,
2657 5036 2718 5089 οὐ
2746 5034 2949 5105 λόγων,
2999 5034 3111 5089 ἀλλ’
3143 5033 3321 5106 ἐργων
3361 5031 3479 5086 ἐστὶ
3520 5031 3712 5102 χρεία·

2134 5129 2226 5182 καὶ
2250 5129 2348 5199 οὐχ
2378 5130 2409 5200 ή
2440 5128 2693 5203 προφορὰ
2731 5128 2830 5198 τῆς
2865 5127 3111 5199 γλώττης
3137 5167 3153 5194 ,
3200 5125 3315 5182 ἀλλ’
3347 5128 3379 5197 ή
3412 5124 3513 5196 τῆς
3536 5122 3716 5195 ψυχῆς

2133 5219 2368 5284 διάθεσις
2383 5220 2604 5291 ὠφελεῖ.
2638 5221 2701 5274 Οἱ
2722 5220 2852 5290 γοῦν
2873 5220 3130 5292 Ἕλληνες
3153 5219 3213 5273 οὐ
3235 5215 3713 5288 καταλαμϐάνουσι

2134 5312 2312 5382 λόγοις
2337 5314 2538 5379 ταῦτα,
2570 5314 2607 5369 6.
2626 5317 2696 5386 τῇ
2723 5314 2905 5368 πίστει
2933 5313 3248 5388 Χριστιανοὶ
3273 5310 3708 5365 ἐπιδείκνυνται·

2133 5406 2227 5459 καὶ
2252 5404 2287 5459 ἃ
2306 5405 2589 5478 ἐνεργοῦσι
2616 5407 2797 5477 λόγοις
2822 5408 2869 5460 οἱ
2901 5406 3085 5479 μάγοι,
3103 5404 3275 5459 ταῦτα
3297 5403 3434 5476 (52),
3464 5398 3711 5457 σιωπών-

470 3649 745 3706 hominem
813 3649 1134 3704 calumniati
1183 3657 1334 3715 sunt,
1400 3665 1525 3705 eum
1556 3648 1836 3719 deinceps,
1882 3650 2047 3707 idolis

466 3743 771 3814 abnegatis.
806 3742 973 3799 Deum
1007 3751 1351 3815 agnoscunt:
1377 3752 1429 3800 et
1468 3760 1610 3815 quos
1655 3745 1708 3798 in
1745 3744 1908 3800 idolis
1935 3744 2042 3799 dre-

465 3850 656 3891 tnones
708 3833 1163 3901 reformidabant,
1205 3837 1377 3908 ipsos,
1403 3838 1587 3908 agnito
1621 3835 1875 3901 Domino,
1947 3837 2045 3892 de-

463 3939 613 3979 mum
647 3925 931 3989 deserunt,
973 3936 1133 3997 atque
1166 3942 1230 3982 ex
1266 3926 1388 3981 aliis
1428 3926 1671 3997 pellunt:
1703 3941 1866 3996 quam
1889 3928 2040 3993 item,

464 4016 768 4071 idololatrte
793 4016 923 4072 dum
950 4025 1153 4084 essent,
1190 4019 1523 4089 voluptatem
1557 4020 1891 4085 metuebant,
1919 4033 2039 4073 eam

462 4108 519 4161 in
566 4105 791 4164 Christo
832 4110 1181 4179 despiciunt:
1218 4119 1614 4181 peceatumque
1642 4126 1670 4163 a
1695 4100 1809 4182 quo
1830 4109 2039 4181 pridem

463 4201 887 4271 superabantur,
917 4202 1029 4272 jam
1084 4205 1241 4275 signo
1288 4204 1474 4259 crucis
1509 4205 1735 4258 vincunt
1765 4203 2034 4259 ludibrio-

459 4309 568 4361 que
606 4294 831 4350 habent.
861 4294 929 4349 Et
974 4310 1105 4350 sane
1133 4296 1506 4367 virginitatem
1533 4310 1696 4365 quam
1734 4296 1863 4350 olim
1913 4310 2038 4351 esse

459 4404 571 4443 non
601 4389 920 4453 credebant,
955 4388 1101 4460 quod
1130 4406 1240 4446 non
1292 4405 1456 4461 posse
1486 4398 1743 4463 putarent
1773 4389 2034 4444 virtutem

459 4480 776 4552 hujusmodi
811 4481 866 4535 in
903 4481 1221 4538 hominibus
1281 4482 1545 4553 reperiri;
1598 4482 1652 4536 in
1690 4480 2033 4537 Salvatorem

456 4578 647 4641 postea
678 4570 965 4627 credentes
990 4587 1057 4627 ex
1091 4572 1317 4645 Virgine
1353 4582 1560 4638 natum,
1612 4589 1721 4628 non
1752 4574 1916 4628 modo
1937 4588 2034 4628 ex-

455 4665 652 4719 sistere
705 4665 959 4730 credunt,
1019 4666 1128 4721 imo
1180 4682 1308 4722 vero
1366 4667 1468 4737 ipsi
1509 4668 1756 4722 eamdem
1821 4666 2030 4730 colunt,

452 4755 600 4826 quod
640 4764 825 4813 tamen
857 4757 1063 4813 ethnici
1095 4758 1187 4828 qui
1220 4758 1399 4825 adhuc
1447 4759 1503 4813 in
1551 4759 1861 4814 idololatria
1907 4774 2035 4829 pcr-

450 4847 943 4914 manent,’credere
970 4849 1185 4905 nolunt.
1216 4849 1297 4902 Ad
1335 4848 1474 4915 haec,
1502 4850 1688 4904 omnia
1722 4850 1833 4919 jam
1862 4864 2033 4903 vene-

450 4938 572 4994 ticia
595 4952 905 5005 cessavere,
928 4940 1109 4995 omnis
1142 4939 1320 5010 magia
1343 4937 1568 5003 abolita,
1605 4939 1863 4995 universa
1885 4938 2031 4993 Grae-

448 5044 641 5085 corum
685 5030 950 5085 infatuata
1010 5031 1278 5101 sapientia
1327 5039 1431 5087 est.
1475 5031 1535 5086 ιιι
1572 5030 1775 5087 divinis
1805 5030 2026 5100 quippe,

446 5132 557 5176 non
578 5121 783 5186 verbis,
809 5122 901 5178 sed
927 5121 1085 5178 factis
1107 5133 1190 5179 est
1211 5138 1348 5193 opus
1382 5142 1395 5178 :
1432 5139 1608 5194 neque
1647 5123 2027 5193 pronuntiatio

446 5211 666 5284 lnguae,
693 5214 789 5269 sed
823 5214 1020 5270 animm
1070 5215 1298 5272 affectus
1348 5215 1595 5286 prodest.
1647 5213 1821 5269 Crteci
1857 5215 2025 5285 igitur

445 5304 629 5360 verbis
653 5321 760 5361 non
788 5309 1093 5379 percipiunt
1123 5325 1187 5364 ea
1228 5324 1353 5381 qua)
1405 5308 1510 5364 ﬁde
1539 5308 1842 5363 Christiani
1866 5308 2026 5363 exhi-

444 5397 572 5453 bent
597 5412 610 5449 :
635 5410 687 5453 ct
719 5418 839 5471 qum
869 5403 1052 5459 verbis
1079 5404 1222 5474 magi
1261 5401 1521 5466 alliciunt,
1560 5402 1696 5467 haec,
1730 5401 2022 5459 silentibus

514 5557 534 5589 ³
568 5554 674 5613 Job
707 5575 836 5625 vm,
881 5560 966 5618 17.
1044 5562 1064 5593 ⁸
1102 5562 1143 5616 ιι
1175 5562 1302 5616 Cor.
1340 5575 1470 5625 vut,
1507 5558 1559 5615 9.

665 5713 888 5788 Regius,
917 5720 984 5788 τῇ
1018 5716 1227 5788 ἐκείνου
1260 5715 1525 5788 πτωχείᾳ.

513 5785 621 5861 (έθ)
675 5785 813 5861 ξΑπό
838 5785 992 5843 deest
1030 5789 1083 5841 in
1110 5785 1488 5861 Basiliensi‘ct
1516 5786 1838 5861 Anglicano.

509 5854 622 5921 (30)
660 5856 1013 5924 Anglicanus,
1040 5857 1278 5922 τούτους.

2202 5714 2313 5782 (δι)
2355 5715 2705 5786 Anglicanus,
2740 5718 2853 5778 τοῖς
2875 5715 3033 5778 θεοῖς.

2202 5786 2309 5858 (52)
2349 5784 2407 5858 In
2438 5783 2742 5858 Anglicano
2785 5790 2918 5848 meo,
2965 5785 3207 5838 ταῦτα...
3234 5787 3359 5858 περὶ
3385 5783 3705 5858 ἀθανασίας,

2128 5855 2348 5916 chuut.
2379 5855 2605 5920 Ibidem,
2638 5855 2863 5917 Regius.
2892 5859 3269 5914 καταργεῖται.
