3958 6514
206 475 327 534 ἉῚ

1301 472 1392 528 DE
1427 472 1769 530 PASSIONE
1806 470 1895 527 ET
1934 470 2171 530 CRUCE
2209 468 2473 529 ΒΟΜΙΝΙ.

3395 479 3499 537 ΞΞΒ

207 613 327 652 τίων
343 593 534 668 ἡμῶν,
564 592 646 666 τῷ
671 592 888 666 σημείῳ
914 591 1009 646 τοῦ
1036 589 1272 665 σταυροῦ
1299 594 1691 664 καταργεῖται·
1719 592 1808 647 καὶ

1915 590 2103 657 nobis,
2153 592 2312 664 signo
2339 591 2527 647 crucis
2568 604 2957 649 evanescunt:
2997 593 3127 650 item
3167 610 3291 666 quae
3309 595 3377 652 de
3397 598 3500 651 im-

206 688 249 744 ἃ
274 686 689 759 ἀμφιδάλλουσι
718 685 847 756 περὶ
878 684 1209 752 ἀθανασίας,
1243 683 1417 739 ταῦτα
1456 686 1506 738 οῖ
1536 684 1811 758 μάρτυρες

205 780 308 835 τοῦ
327 779 576 852 Χριστοῦ
600 782 661 833 οὐ
685 778 864 848 λόγοις
879 817 894 842 ,
922 777 1037 832 ἀλλ’
1059 776 1242 849 ἔργοις
1259 777 1657 831 ἐπιδείκνυνται
1676 792 1691 807 ·
1718 778 1813 831 καὶ

205 874 342 945 περὶ
370 867 445 947 ἧς
468 870 785 938 διστάξουσι
805 869 1104 944 παρθενίας
1127 871 1180 923 οί
1215 869 1379 941 μάγοι
1408 869 1520 940 (55)
1539 909 1554 934 ,
1588 870 1814 924 καὶτῶν

215 964 503 1035 Ἑλλήνιον
525 962 832 1033 φιλόσοφοι,
863 961 1069 1032 ταύτην
1096 962 1154 1013 ἐν
1187 959 1409 1032 Χριστῷ
1435 960 1532 1013 καὶ
1554 962 1813 1029 γυναῖκες

201 1054 658 1108 ἐπιδείκνυνται·
688 1053 787 1107 καὶ
817 1048 899 1117 οἷς
929 1050 1179 1123 εὔχονται
1221 1050 1470 1121 δαίμοσιν
1496 1090 1510 1105 .
1541 1050 1617 1115 ὼς
1646 1049 1809 1116 θεοῖς,

200 1145 437 1210 τούτους
464 1146 565 1199 καί
592 1144 780 1199 παιδία
808 1146 866 1199 ἐν
902 1141 1124 1215 Χριστῷ
1151 1143 1426 1197 διώκουσι.
1474 1141 1588 1196 Kal.
1619 1141 1756 1206 ὅλως
1782 1143 1812 1196 ό

204 1238 584 1312 χριστοφόρος
624 1238 766 1311 ἀνὴρ
798 1238 876 1303 ὡς
923 1237 1057 1301 Θεός
1088 1239 1237 1290 ἐστιν
1266 1236 1358 1288 ἐπὶ
1382 1235 1486 1307 γῆς
1507 1278 1522 1302 ,
1564 1239 1677 1300 τοῖς
1713 1238 1810 1307 μὲν

202 1329 529 1403 ἀνθρώποις
561 1329 883 1396 ἀνεξίκακος
911 1328 1239 1399 γενόμενος,
1288 1328 1421 1381 πᾶσι
1466 1326 1524 1380 δὲ
1543 1366 1560 1392 ,
1605 1327 1682 1391 ὡς
1714 1328 1811 1381 σὺν

203 1424 347 1495 ηλίῳ
379 1421 700 1495 περιπολῶν
721 1461 737 1485 ,
785 1421 876 1476 τὸν
908 1420 1160 1494 οὐράνιον
1195 1418 1637 1491 ἐπιδεικνύμενος
1673 1419 1806 1491 βίον.

274 1516 371 1570 3L
418 1514 560 1568 Ἰδοὺ
608 1514 666 1569 ἓν
697 1513 857 1567 τοῦτο
885 1513 978 1567 τοῦ
1023 1513 1256 1584 σταυροῦ
1290 1512 1658 1584 κατόρθωμα·
1700 1512 1809 1567 ίδοὺ

202 1608 383 1663 ταῦτα
409 1606 718 1679 πεποίηκεν
750 1608 780 1661 6
806 1604 1034 1669 θάνατος
1055 1604 1150 1659 τοῦ
1179 1604 1452 1677 Σωτῆρος.
1485 1604 1559 1658 Οὐ
1586 1604 1694 1677 γὰρ
1717 1605 1812 1659 ἀν-

205 1698 433 1772 θρώπου
472 1697 595 1752 ἐστὶ⁸
620 1697 683 1751 τὸ
706 1696 886 1769 ἔργον,
916 1695 1053 1750 ἀλλὰ
1082 1696 1238 1753 Θεοῦ.
1274 1696 1386 1750 Καὶ
1412 1695 1502 1749 διὰ
1530 1696 1688 1750 τοῦτο
1713 1695 1811 1749 πέ-

205 1791 411 1845 πονθεν
439 1790 522 1854 ὡς
544 1787 855 1861 ἄνθρωπος,
885 1789 973 1843 ἵνα
991 1791 1105 1852 τοῖς
1125 1786 1434 1860 ἀνθρώποις
1462 1788 1534 1841 τὰ
1557 1787 1699 1859 ὑπὲρ
1717 1787 1811 1841 ἄν·

205 1882 433 1956 θρωπον
468 1881 566 1935 καὶ⁵
606 1881 726 1935 θεῖα
752 1880 1067 1953 χαρίσηται.
1102 1877 1278 1932 Αὐτοῦ
1310 1878 1440 1948 γοῦν
1470 1880 1586 1933 ἐστι
1616 1878 1685 1932 τὰ
1713 1876 1810 1932 νῦν

1913 684 2246 741 mortalitate
2268 685 2324 739 in
2354 684 2581 740 dubium
2613 692 2837 751 vocant,
2884 686 3001 742 haec
3049 695 3320 760 martyres
3339 687 3497 743 Chri-

1914 778 2006 842 sti,
2033 793 2143 833 non
2174 778 2380 843 verbis,
2416 778 2511 834 sed
2535 778 2798 849 operibus
2841 779 3140 836 exhibent:
3168 792 3224 838 et
3271 782 3340 838 de
3389 795 3499 850 qua

1913 871 2231 941 virginitate
2261 872 2406 943 magi
2437 869 2684 927 etCrzeci
2718 873 3321 945 philosOphidubitant,
3356 876 3501 933 hanc

1914 960 1972 1016 in
2000 961 2224 1019 Christo
2247 966 2506 1020 mulieres
2543 966 2733 1022 colunt
2765 983 2779 1020 :
2804 974 2861 1020 et
2891 965 3093 1033 quibus
3133 967 3495 1031 daemonibus,

1914 1061 1975 1109 ut
1997 1054 2106 1111 diis
2128 1056 2210 1111 illi
2236 1057 2575 1127 supplicant,
2608 1074 2705 1115 eos
2731 1059 2947 1129 pueruli
2971 1059 3027 1114 in
3055 1058 3278 1117 Christo
3301 1076 3496 1131 perse-

1911 1154 2180 1218 quuntur.
2241 1148 2470 1204 Demum
2528 1152 2614 1205 vir
2647 1152 2741 1222 qui
2796 1151 3077 1208 Christum
3107 1161 3304 1223 gestat,
3335 1152 3496 1223 quasi

1912 1236 2059 1294 Deus
2088 1248 2174 1295 est
2210 1241 2262 1295 in
2291 1249 2458 1303 terra,
2480 1257 2608 1312 erga
2654 1243 2904 1301 homines
2938 1245 3158 1315 quidem
3203 1245 3418 1316 patiens
3443 1250 3501 1301 et

1910 1338 2234 1385 mansuetus
2263 1345 2277 1381 :
2312 1341 2388 1397 et,
2418 1345 2482 1386 ac
2516 1333 2563 1387 si
2594 1347 2719 1387 cum
2750 1334 2865 1389 sole
2892 1336 3105 1389 circum
3134 1336 3316 1390 omnia
3339 1349 3501 1407 gyra-

1909 1428 2015 1485 ret,
2044 1421 2302 1479 omnibus
2324 1423 2604 1480 caelestem
2639 1426 2861 1482 exhibet
2881 1426 3072 1481 vitam.

1979 1514 2069 1570 5|.
2101 1514 2182 1570 En
2221 1516 2322 1571 tibi
2353 1532 2525 1571 unum
2566 1533 2634 1573 ex
2668 1519 2948 1589 praeclaris
2993 1520 3180 1576 crucis
3232 1519 3497 1579 facinori«-

1910 1603 2015 1661 hns
2045 1605 2211 1676 :_hazc
2239 1621 2389 1663 mors
2417 1606 2597 1663 eﬂ‘ecit
2620 1608 2944 1664 Salvatoris.
2974 1608 3329 1679 Nequaquam
3349 1611 3497 1665 enim

1909 1694 2150 1752 hominis
2166 1707 2252 1753 est
2271 1713 2433 1770 opus,
2460 1700 2555 1755 sed
2587 1698 2705 1755 Dei.
2741 1704 2919 1772 Atque
2941 1701 3065 1757 ideo
3094 1712 3156 1757 ut
3179 1702 3342 1760 homo
3369 1718 3499 1774 pas-

1910 1802 2006 1843 sus
2028 1796 2134 1855 est,
2163 1797 2224 1844 ut
2259 1790 2580 1846 hominibus
2610 1809 2731 1864 quae
2784 1808 2952 1864 supra
3004 1794 3286 1850 hominem
3316 1803 3371 1849 et
3413 1795 3501 1850 di-

1909 1879 2037 1934 vina
2098 1890 2249 1947 sunt,
2312 1883 2626 1954 largiretur.
2692 1883 2847 1940 lllius
2892 1900 3024 1956 ergo
3046 1894 3176 1941 sunt
3235 1886 3500 1957 praeclara

204 1976 263 2027 ἐν
291 1972 616 2045 ἀνθρώποις
646 1970 1067 2046 κατορθώματα.
1126 1970 1247 2025 Κᾶν
1277 1970 1388 2043 γὰρ
1421 1970 1632 2035 Παῦλος
1650 1970 1806 2042 λαλῇ,

1912 1983 2084 2046 gesta,
2125 1991 2247 2047 quae
2269 1975 2413 2047 apud
2467 1976 2719 2033 homines
2766 1978 2883 2049 jam
2944 1980 3210 2037 emicant.
3263 1979 3399 2035 Nam
3452 1980 3501 2036 si

204 2055 347 2119 me
374 2065 620 2137 Χριστός
646 2068 793 2121 ἐστιν
818 2069 875 2120 ἐν
900 2065 1014 2137 (Si)
1045 2062 1193 2135 αύτῷ
1223 2063 1431 2118 λαλῶν·
1464 2064 1568 2119 κᾶν
1598 2064 1810 2136 μεγάλα

204 2158 303 2211 καὶ
324 2157 627 2229 θαυμαστὰ
657 2160 814 2231 ποιῇ,
837 2158 952 2213 ἀλλ’
978 2159 1011 2229 ἡ
1035 2157 1129 2211 τοῦ
1150 2156 1391 2231 Χριστοῦ
1416 2158 1578 2229 χάρις
1603 2159 1751 2212 ἐστὶν
1775 2160 1809 2232 ἡ

203 2249 383 2304 ταῦτα
412 2249 721 2322 ἐνεργοῦσα
741 2268 755 2280 ·
780 2250 875 2304 καὶ
894 2248 988 2303 ἐὰν
1014 2250 1095 2314 είς
1123 2251 1333 2314 πάντας
1360 2249 1597 2320 ἔφθασεν
1619 2251 1653 2321 ἡ
1681 2252 1812 2321 περὶ

202 2341 342 2395 Θεοῦ
370 2342 606 2411 γνῶσις,
642 2342 757 2396 ἀλλ’
777 2343 877 2397 οὐκ
906 2341 1211 2415 ἀνθρώπων
1236 2343 1440 2416 ἐστὶνὴ
1467 2342 1807 2409 διδασκαλία,

203 2434 323 2489 ἀλλ’
337 2434 515 2489 αὐτοῦ
533 2434 630 2489 τοῦ
651 2436 825 2505 Λόγου
842 2434 1178 2500 καταϐάντος
1205 2436 1425 2508 μεσίτου
1445 2435 1581 2490 Θεοῦ
1602 2436 1697 2490 καὶ
1718 2436 1812 2490 ἀν-

202 2526 471 2600 θρώπων.
490 2527 666 2581 Τοῦτο
680 2528 786 2599 γὰρ
798 2528 1126 2600 γέγραπται,
1144 2528 1173 2581 ὃ
1186 2531 1236 2582 oi
1264 2528 1509 2582 Ἰουδαῖοι
1531 2529 1630 2600 μὲν
1647 2527 1809 2582 ἐσιώ-

203 2636 392 2690 πησαν
417 2620 614 2686 πάλαι,
636 2621 764 2692 ἄρτι
792 2620 851 2675 δὲ
882 2621 1261 2693 πληρούμενον
1287 2621 1476 2694 ὁρῶσι·
1500 2622 1809 2694 γέγραπται

201 2709 314 2783 γάρ
332 2754 351 2777 ,
377 2712 466 2765 ὅτι
500 2731 519 2763 ι
549 2713 807 2766 Ἔσονται
831 2711 1032 2776 πάντες
1050 2712 1291 2767 διδακτοὶ
1319 2713 1479 2778 Θεοῦ,
1507 2733 1525 2765 ι
1561 2713 1811 2786 καθάπερ

202 2804 298 2857 καὶ
319 2805 355 2857 6
390 2803 673 2876 Ἱερεμίας
698 2806 879 2874 λέγει·
912 2825 931 2858 ι
966 2805 1099 2860 Ἰδοὺ
1127 2806 1332 2879 ἡμέραι
1361 2806 1639 2879 ἔρχονται,
1661 2808 1809 2877 λέγει

203 2897 417 2970 Κύριος
437 2915 454 2929 ο
479 2916 499 2949 ι
559 2897 656 2951 xa't
685 2897 936 2970 ἐπιφέρει
984 2897 1158 2967 λέγων
1183 2913 1197 2927 ·
1226 2915 1248 2949 ι
1271 2898 1382 2951 Καὶ
1414 2899 1474 2951 ού
1506 2899 1580 2970 μὴ
1612 2897 1811 2963 διδάξει

203 2989 445 3054 ἕκαστος
468 2989 562 3043 τὸν
592 2989 818 3061 πλησίον
844 2988 1008 3043 αὑτοῦ
1036 2991 1130 3043 καὶ
1156 2990 1383 3055 ἕκαστος
1407 2991 1519 3062 (55)
1542 2991 1633 3046 τὸν
1660 2991 1812 3046 ἀδελ-

205 3083 305 3152 ᾳὸν
331 3079 491 3153 αὐτῷ
510 3080 686 3148 λέγων
706 3099 720 3112 ·
767 3080 938 3136 Γνῶθι
957 3081 1049 3135 τὸν
1080 3081 1305 3155 Κύριον·
1332 3083 1415 3137 ὃτι
1438 3083 1639 3148 πάντες
1665 3083 1809 3158 εἰδή-

208 3173 365 3227 σουσί
400 3190 474 3245 με
507 3173 617 3227 ἀπὸ
650 3173 847 3245 μικροῦ
875 3173 980 3238 ἕως
1013 3174 1250 3245 μεγάλου
1287 3174 1498 3241 αὐτῶν,
1540 3177 1621 3230 ὅτι
1651 3176 1809 3241 ῖλεως

208 3264 412 3336 ἔσομαι
437 3266 564 3328 ταῖς
589 3264 823 3330 ἀδικίαις
848 3264 1047 3320 αὐτῶν.
1071 3284 1089 3319 ι
1126 3267 1223 3332 Τίς
1252 3266 1362 3341 γάρ
1390 3270 1538 3323 ἐστιν
1564 3271 1593 3323 6
1612 3270 1670 3324 ἐν
1695 3273 1810 3335 τοῖς

206 3357 455 3422 εἰδώλοις
487 3358 861 3423 κατανύττων,
897 3359 945 3411 εἰ
983 3359 1058 3431 μὴ
1085 3360 1115 3412 6
1142 3358 1376 3433 Κύριοςς
1420 3362 1515 3415 καὶ
1546 3362 1631 3433 τίς
1661 3364 1690 3416 6
1714 3364 1809 3417 άν-

208 3449 360 3519 ἀγων
383 3450 500 3522 (56)
525 3451 727 3515 αὐτοὺς
751 3451 957 3506 ἐκεῖθεν
975 3430 1056 3506 ἔτι
1087 3430 1434 3519 δουλεύοντας
1466 3430 1725 3521 είᾶὓλοις,
1758 3459 1808 3511 εί

210 3544 286 3615 μὴ
311 3544 485 3607 αὐτὸς
510 3543 541 3595 6
573 3543 829 3615 Χριστὸς,
863 3548 893 3599 ὁ
915 3545 1089 3615 λέγων
1110 3564 1124 3576 ·
1162 3566 1182 3599 ι
1206 3548 1376 3603 Ὅταν
1406 3548 1607 3619 ὑψωθῶ
1627 3589 1642 3614 ,
1665 3550 1804 3604 πάν-

208 3651 309 3699 τας
346 3634 572 3689 ἑλκύσω
600 3635 739 3705 πρὸς
764 3637 1027 3708 ἐμαυτόν;
1056 3657 1076 3691 ι
1123 3640 1196 3694 Τὸ
1221 3639 1329 3712 γάρ
1359 3639 1660 3714 παράδοξόν
1690 3644 1806 3695 ἐστι

209 3726 392 3790 τοῦτο,
423 3726 532 3792 ὅτι,
558 3725 639 3779 ἔτι
667 3725 777 3798 (57)
818 3728 1173 3785 δουλευόντων
1210 3731 1391 3786 αὐτῶν
1421 3731 1681 3798 εἰδώλοις,
1730 3733 1810 3787 δι-

210 3820 493 3890 ανοίγεται
516 3818 724 3875 τούτων
738 3822 767 3874 6
783 3821 906 3886 νοῦς
920 3822 1021 3893 τῆς
1041 3823 1221 3895 ψυχῆς
1242 3825 1318 3889 ὡς
1339 3825 1400 3879 τὸ
1419 3828 1580 3891 νοεῖν,
1606 3826 1688 3879 ὃτι
1715 3825 1809 3890 οὓς

217 3915 312 3983 μὲν
345 3915 607 3985 ἐνόμιζον
637 3915 804 3969 πάλαι
839 3914 1015 3982 θεοὺς,
1046 3914 1180 3984 ξύλα
1213 3918 1308 3971 καὶ
1340 3917 1523 3981 λίθους
1550 3915 1689 3973 εἶναι
1709 3935 1724 3949 ·
1748 3918 1809 3972 ὃν

210 4005 267 4057 δὲ
316 4005 624 4076 ἐχλεύαζον
668 4009 1079 4080 ἐσταυρωμένον
1102 4049 1116 4074 ,
1156 4009 1341 4064 τοῦτον
1368 4010 1468 4064 οὐκ
1499 4010 1805 4084 ἄνθρωπον,

215 4096 348 4151 ἀλλὰ
380 4097 522 4152 Θεὸν
555 4098 939 4168 ἐπιγινώσκειν
963 4101 1095 4176 (58).
1132 4102 1243 4156 Νοῦ
1276 4103 1332 4157 δὲ
1362 4102 1681 4168 διδάσκαλος
1709 4105 1809 4158 οὐκ

214 4188 505 4262 ἄνθρωπός
555 4192 738 4257 ἐστιν,
790 4192 903 4246 ἀλλ’
937 4194 966 4246 6
1002 4194 1095 4247 τὸν
1121 4193 1246 4247 νοῦν
1279 4194 1439 4266 μόνος
1480 4194 1622 4267 όρῶν
1650 4194 1803 4259 Θεός.

215 4281 474 4355 Μακάριε
500 4282 721 4356 ἀληθῶς
754 4286 849 4339 καὶ
896 4286 1126 4351 ζωοποιέ
1162 4288 1360 4359 σταυρέ
1394 4286 1489 4341 τοῦ
1519 4284 1804 4360 Σωτῆρος·

215 4373 301 4428 τὸν
335 4375 443 4447 μὲν
469 4374 704 4429 θάνατον
726 4374 1130 4449 ἐθριάμϐευσας
1152 4419 1167 4443 ,
1214 4378 1305 4432 τὸν
1336 4378 1394 4431 δὲ
1426 4378 1617 4435 τοῦτον
1646 4379 1809 4433 κατέ-

217 4486 374 4539 κοντα
399 4467 657 4523 διάϐολον
697 4469 925 4534 ἀνεῖλες.
953 4469 1075 4524 Θεῖε
1103 4470 1265 4540 Λόγε,
1291 4471 1386 4525 καὶ
1411 4470 1625 4543 ἀληθῶς
1648 4471 1808 4542 σοφία

217 4558 305 4612 τοῦ
329 4559 585 4631 Πατρός·
615 4560 680 4614 σὺ
707 4559 800 4613 καὶ
827 4559 923 4615 τοῦ
945 4559 1248 4633 πανούργου
1268 4560 1329 4613 τὸ
1356 4560 1646 4631 πρόσωπον
1672 4560 1810 4614 ἐδει-

1910 2067 2117 2125 Paulus
2168 2069 2474 2139 loquatur,
2532 2067 2792 2127 Christus
2846 2070 2905 2125 in
2948 2072 3071 2141 ipso
3130 2072 3416 2142 loquitur:
3452 2072 3502 2127 si

1911 2175 2109 2232 magna
2140 2167 2190 2215 et
2225 2158 2500 2214 mirabilia
2530 2160 2949 2230 perpetraverit,
2973 2160 3179 2218 Christi
3212 2163 3390 2233 gratia
3416 2172 3503 2217 est

1913 2266 2037 2323 qua:
2062 2251 2193 2305 talia
2222 2262 2484 2322 operatur
2514 2269 2530 2307 :
2558 2260 2614 2306 et
2640 2253 2688 2306 si
2738 2254 2792 2307 in
2837 2268 3031 2309 omnes
3083 2256 3387 2324 permeavit
3406 2253 3501 2310 Dei

1907 2342 2180 2415 cognitio,
2208 2357 2321 2397 non
2346 2343 2635 2399 hominum
2660 2352 2745 2399 est
2773 2344 2886 2415 80
2919 2346 3191 2414 ejusmodi
3224 2347 3498 2411 doctrina,

1914 2435 2012 2492 sed
2067 2437 2243 2507 ipsius
2286 2437 2675 2493 descendentis
2716 2436 2900 2504 Verbi,
2961 2438 3281 2495 mediatoris
3321 2438 3417 2495 Dei
3443 2452 3501 2497 et

1912 2529 2219 2585 hominum.
2261 2528 2379 2585 Hoc
2426 2531 2573 2585 cnim
2637 2530 2906 2602 scriptum
2953 2541 3062 2595 est,
3119 2530 3266 2602 quod
3326 2530 3501 2587 Judaei

1912 2621 2133 2693 quidem
2165 2622 2297 2677 olim
2331 2622 2627 2687 reticuere,
2652 2622 2751 2678 sed
2784 2622 2898 2693 jam
2926 2622 3259 2693 completum
3278 2621 3499 2690 vident;

1911 2715 2037 2780 hoc,
2070 2715 2318 2786 inquam,
2377 2715 2644 2785 scriptum
2684 2725 2808 2771 est:
2847 2734 2867 2767 ι
2893 2717 3066 2770 Erunt
3109 2730 3303 2771 omnes
3340 2715 3500 2771 doci-

1910 2809 2050 2864 biles
2090 2807 2186 2863 Dei
2217 2809 2282 2876 ³;
2324 2827 2343 2860 ι
2372 2815 2432 2861 ιιι
2463 2808 2539 2862 ait
2592 2807 2895 2864 Hieremias
2940 2810 3211 2880 propheta
3243 2828 3258 2864 :
3298 2827 3318 2860 ι
3358 2808 3502 2864 Ecce

1910 2899 2028 2956 dies
2052 2900 2304 2965 veniunt,
2328 2898 2464 2954 dicit
2488 2898 2755 2955 Dominus
2788 2917 2803 2967 ;
2846 2919 2864 2952 ι
2892 2914 2957 2955 ac
2982 2899 3180 2954 deinde
3204 2899 3497 2955 subinfert:

1917 3011 1936 3045 ‹
1977 2991 2099 3049 Non
2127 2992 2347 3049 docebit
2376 2991 2612 3063 quisque
2643 2993 2955 3063 proximum
2983 3007 3167 3055 suum,
3194 2998 3247 3046 et
3265 2993 3502 3062 quisque

1910 3081 2135 3138 fratrem
2161 3098 2345 3149 suum,
2372 3082 2622 3137 dicentes
2651 3099 2665 3135 :
2699 3081 2983 3153 Cognosce
3005 3080 3297 3136 Dominum
3322 3123 3338 3149 ,
3369 3082 3501 3153 quia

1910 3191 2104 3232 omnes
2138 3190 2226 3231 me
2253 3182 2610 3247 cognoscent,
2657 3188 2687 3229 a
2737 3190 2907 3245 parvo
2932 3189 3106 3245 usque
3129 3173 3197 3228 ad
3232 3189 3496 3245 magnum

1909 3282 2125 3331 eorum,
2166 3267 2297 3338 quia
2346 3268 2618 3337 propitius
2649 3281 2747 3323 cro
2781 3266 3164 3337 iniquitatibus
3183 3281 3373 3322 eorum
3392 3266 3433 3321 ⁸.
3472 3284 3496 3318 ι

1909 3360 2046 3426 Quis
2094 3360 2240 3416 enim
2262 3368 2347 3417 est
2373 3362 2468 3431 qui
2507 3362 2656 3431 ipsos
2716 3359 2861 3413 idola
2922 3359 3170 3415 colentes
3208 3358 3276 3413 ad
3321 3359 3500 3430 paeni-

1908 3456 2139 3508 tentiam
2163 3460 2368 3518 movet,
2403 3453 2514 3507 nisi
2555 3450 2856 3508 Dominusi
2906 3449 2972 3504 Et
3002 3453 3128 3521 quis
3158 3468 3254 3508 eos
3283 3468 3349 3507 ex
3376 3451 3501 3507 ido-

1910 3544 2088 3601 lorum
2114 3546 2381 3601 servitute
2412 3545 2618 3608 educit,
2664 3544 2771 3599 nisi
2800 3544 2919 3614 ipse
2945 3543 3225 3609 Christus,
3249 3546 3343 3616 qui
3367 3547 3444 3599 ait
3481 3560 3498 3600 :

1915 3639 2097 3694 cCum
2149 3639 2423 3694 exaltatus
2486 3638 2685 3703 fuero,
2748 3654 2941 3695 omnes
3001 3638 3213 3692 traham
3267 3639 3334 3693 ad
3386 3653 3501 3692 me-

1910 3731 2091 3801 ipsum
2107 3731 2190 3784 "ii
2217 3729 2354 3784 Nam
2383 3730 2436 3785 id
2454 3738 2604 3787 certe
2623 3747 2968 3802 summopere
2991 3730 3321 3797 mirandum,
3354 3732 3500 3801 quod

1910 3821 2039 3876 dum
2068 3822 2215 3878 idola
2240 3821 2448 3891 colunt,
2481 3836 2673 3877 eorum
2720 3837 2879 3877 mens
2914 3822 3303 3895 aperiaturtut
3333 3822 3498 3876 intel-

1911 3917 2103 3988 ligant,
2138 3929 2279 3987 quos
2300 3915 2429 3969 olim
2466 3915 2599 3970 deos
2639 3915 3075 3979 arbitrabantur,
3105 3915 3253 3984 ligna
3283 3916 3497 3987 etlapi-

1911 4008 2010 4064 des
2061 4023 2186 4065 esse
2218 4023 2231 4059 :
2267 4023 2430 4078 quem
2467 4022 2599 4062 vero
2630 4006 2957 4062 cruciﬁxum
2979 4006 3314 4074 irridebant,
3370 4023 3497 4062 eum

1912 4117 2020 4158 non
2061 4099 2360 4164 hominem,
2387 4098 2487 4155 sed
2519 4097 2691 4154 Deum
2726 4106 3048 4170 agnoscant.
3081 4097 3277 4155 Mentis
3310 4108 3495 4156 autem

1910 4193 2174 4265 magister
2208 4206 2318 4246 non
2348 4191 2514 4247 homo
2572 4198 2678 4253 est,
2711 4192 2804 4246 sed
2831 4191 2923 4260 qui
2958 4202 3195 4247 mentem
3230 4192 3386 4249 solus
3417 4194 3497 4248 vi—

1912 4287 2005 4342 det
2034 4285 2199 4341 Deus.
2242 4284 2407 4339 Beata
2462 4298 2593 4339 vere
2648 4292 2704 4338 et
2744 4282 2960 4337 viviﬁca
3010 4298 3144 4338 crux
3171 4283 3496 4349 Salvatoris,

1910 4393 2035 4449 quae
2067 4376 2136 4432 de
2162 4383 2340 4430 morte
2383 4373 2736 4443 triumphasti
2758 4413 2773 4437 ,
2807 4381 2862 4429 et
2888 4389 3013 4428 eum
3059 4374 3150 4445 qui
3182 4374 3236 4428 iu
3266 4390 3365 4430 sua
3401 4390 3497 4445 po—

1912 4477 2113 4527 testate
2160 4476 2394 4523 mortem
2427 4466 2687 4533 tenebat,
2721 4466 3000 4522 diabolum
3032 4483 3249 4539 nempe,
3308 4477 3498 4525 sustu-

1869 4575 1874 4579 ’
1913 4563 2048 4620 listi.
2083 4563 2128 4618 Ο
2158 4561 2405 4616 divinum
2438 4558 2683 4615 Verbum
2730 4566 2785 4613 et
2833 4575 2961 4614 vere
2997 4563 3265 4631 sapientia
3290 4560 3497 4627 Patris,

220 4649 328 4718 ξας,
356 4654 461 4708 καὶ
486 4653 590 4725 τὴν
623 4652 815 4721 πτύξιν
842 4653 935 4707 τοῦ
963 4652 1211 4725 θώρακος
1243 4653 1409 4708 αὐτοῦ
1444 4654 1767 4726 ἐγύμνωσας
1788 4672 1801 4685 ·

1912 4664 1970 4710 ιιι
1994 4656 2200 4711 versuti
2231 4654 2380 4709 illius
2404 4652 2599 4709 faciem
2634 4651 2929 4709 ostendisti
2965 4695 2979 4717 ,
3016 4662 3072 4708 et
3103 4653 3276 4724 plicas
3310 4664 3499 4725 pecto-

217 4746 353 4802 ὥπε
384 4748 484 4802 καὶ
514 4748 669 4819 ἡμᾶς
714 4747 895 4817 λέγειν
915 4765 928 4777 ·
972 4765 990 4799 ι
1015 4748 1090 4801 Ού
1120 4747 1226 4820 γάρ
1264 4745 1427 4801 αὑτοῦ
1460 4746 1529 4801 τὰ
1558 4748 1806 4819 νοήματα

217 4833 548 4906 ἀγνοοῦμεν.
578 4854 600 4888 ι
630 4834 984 4908 Φιλάνθρωπε
1008 4837 1104 4890 καὶ
1129 4835 1301 4906 ἀγαθὲ
1324 4835 1591 4892 Δέσποτα·
1626 4838 1690 4891 σὺ
1712 4840 1806 4891 καὶ¹

219 4926 602 5001 αίχμαλώτους
629 4930 776 5000 ἡμᾶς
801 4928 961 4994 ὄντας
994 4927 1303 5002 ἐλυτρώσω,
1338 4930 1432 4984 καὶ
1457 4929 1806 4994 δουλεύοντας

219 5025 281 5094 τῇ
313 5022 567 5095 ἁμαρτίᾳ
589 5062 605 5087 ,
642 5021 731 5075 διὰ
751 5021 847 5075 τοῦ
877 5022 1109 5077 θανάτου
1148 5023 1280 5077 ἰδίου
1303 5062 1318 5087 ,
1350 5021 1523 5095 Κύριε
1547 5021 1808 5093 ,ἠλευθέ-

226 5132 420 5186 ρωσας.
484 5115 726 5187 Οἴδαμεν
755 5114 864 5188 γάρ
888 5156 902 5179 ,
955 5116 1037 5169 ὅτι
1082 5114 1535 5188 ἠλευθερώθημεν
1568 5115 1676 5169 ἀπὸ
1702 5114 1805 5185 τῆς

224 5211 516 5283 ἁμαρτίας.
544 5209 865 5282 Εῖρηνοποιὲ
891 5208 1106 5281 άληθῶς
1139 5210 1252 5281 (59)
1271 5209 1370 5262 Υἱέ
1398 5208 1493 5262 τοῦ
1522 5206 1685 5261 Θεοῦ·
1738 5209 1803 5262 σὺ

222 5304 307 5357 καὶ
323 5304 426 5376 τὴν
450 5301 728 5357 υἱοθεσίαν
753 5303 884 5373 ἡμῖν
903 5302 1276 5367 ἀποδέδωκας,
1300 5303 1396 5356 καὶ
1418 5299 1803 5355 ἀποκαταλλά-

1910 4749 1990 4804 ris
2020 4748 2169 4804 illius
2188 4746 2432 4810 nudasti,
2465 4749 2540 4801 ita
2570 4755 2628 4801 ut
2649 4755 2704 4803 et
2732 4763 2834 4805 nos
2850 4747 3135 4802 dicamus:
3165 4765 3182 4798 ι
3206 4747 3323 4803 Non
3349 4750 3495 4803 enim

1911 4840 2032 4911 ejus
2058 4840 2416 4911 cogitationes
2444 4840 2767 4911 ignoramus
2796 4840 2839 4896 ⁸.
2875 4860 2894 4893 ι
2948 4839 3241 4896 Hominum
3288 4850 3499 4896 amator

1913 4945 1977 4986 ac
2008 4931 2151 4987 bone
2177 4930 2422 4993 Domine,
2455 4939 2512 4985 tu
2534 4945 2638 4986 nos
2672 4931 2919 5002 captivos
2940 4930 3245 4995 redemisti,
3272 4939 3500 5001 peccato

1917 5023 2243 5086 servientes,
2291 5037 2390 5093 per
2424 5023 2703 5093 propriam
2756 5031 3020 5087 mortem,
3077 5021 3324 5083 Domine,
3360 5021 3499 5076 libe-

1914 5114 2071 5169 rasti.
2114 5112 2335 5169 Scimus
2351 5113 2497 5169 enim
2548 5128 2652 5168 nos
2675 5128 2704 5167 a
2727 5120 2958 5183 peccato
2995 5112 3169 5167 fuisse
3211 5112 3495 5168 liberatos.

1913 5204 1959 5261 0
1989 5221 2116 5261 vere
2149 5206 2301 5277 pacis
2326 5205 2653 5261 conciliator
2718 5204 2824 5259 Fili
2870 5205 2964 5259 Dei
2995 5244 3011 5268 ,
3045 5215 3102 5257 tu
3150 5202 3497 5276 adoptionem

1914 5300 2150 5355 ﬁliorum
2175 5298 2377 5355 dedisti
2409 5299 2593 5365 nobis,
2624 5298 3111 5369 reconciliatisque
3154 5298 3317 5354 nobis
3348 5295 3500 5354 Patri

285 5462 308 5494 ⁸
342 5462 452 5518 lsa.
492 5476 607 5528 Liv,
643 5460 751 5529 l3;
782 5458 942 5515 Joan.
980 5474 1065 5526 vt,
1098 5459 1191 5516 45.
1266 5459 1288 5492 ⁸
1323 5456 1524 5515 Jerem.
1561 5473 1691 5523 xu,
1729 5458 1792 5512 5t

1912 5458 1955 5512 ι.
2034 5456 2056 5489 "
2095 5455 2255 5512 Joan.
2291 5472 2405 5525 xu,
2439 5455 2528 5511 52.
2606 5455 2629 5489 ⁸
2667 5454 2714 5509 ll
2742 5454 2872 5512 Cor.
2908 5471 2989 5519 ιι,
3034 5457 3123 5512 ll.

287 5618 399 5691 (55)
438 5617 740 5691 liegius,_oi
768 5616 1016 5691 μεγάλοι,
1047 5616 1212 5672 male.

308 5689 399 5760 ει)
435 5690 500 5745 In
526 5689 852 5760 Anglicano,
884 5691 941 5742 ἐν
972 5690 1146 5743 deest.

446 5761 525 5834 Ita
554 5755 784 5834 Regius.
814 5759 874 5834 lu
906 5760 1073 5814 editis
1106 5772 1258 5825 vero,
1284 5757 1423 5825 haec,
1460 5756 1553 5811 τὸν
1575 5755 1803 5829 πλησίον

226 5831 404 5897 αὐτοῦ,
426 5831 524 5887 καὶ
550 5832 804 5895 ἕκαστος,
835 5832 1053 5886 desunt.

290 5902 399 5982 (ξιξ)
438 5903 666 5982 [issine
689 5901 896 5982 “vis
927 5902 1146 5982 64m:

295 5968 405 6048 (57)
446 5968 569 6029 Ἔτι
601 5974 756 6032 decst
782 5975 839 6032 in
863 5968 1078 6045 Anglic.
1116 5969 1241 6028 Mox
1292 5970 1458 6041 idem,
1490 5971 1518 6025 ὁ
1550 5968 1697 6039 νοῦς,
1731 5969 1806 6036 ὡς

1902 5613 1965 5685 τὸ
1996 5614 2157 5679 νοεῖν,
2188 5611 2285 5685 οὓς
2317 5614 2437 5685 μέν.
2472 5612 2700 5685 Ibidem.
2733 5612 2878 5669 Edit.
2916 5612 3124 5681 Paris.,
3155 5612 3310 5679 ὡςτὸ
3336 5618 3497 5671 νοεῖν.

1906 5684 2134 5756 Regius.
2176 5682 2508 5739 ὥστενοεῖν.
2545 5682 2689 5739 Edit.
2725 5685 2997 5742 Commel.
3041 5701 3175 5743 vero
3212 5703 3338 5742 cum
3374 5687 3503 5743 aliis

1906 5771 2069 5818 ωδε..
2106 5758 2187 5820 εἰς
2223 5756 2285 5809 τὸ
2306 5759 2466 5810 νοεῖν.

2108 5827 2502 5912 llegiusprima
2522 5845 2685 5912 manu
2712 5836 2767 5912 et
2790 5827 3028 5912 A_nglic.,
3049 5829 3495 5887 ἐπιγινώσκωσι.

1980 5898 2092 5972 (59)
2144 5898 2383 5971 ’Λληθῶς
2419 5900 2575 5958 abest
2600 5901 2668 5958 ab
2702 5898 3027 5973 Angliéano.
