3958 6530
505 457 616 512 239

1727 445 2190 502 ATHANASIUS.
2233 477 2304 488 -—
2341 445 2570 502 DL'DIA.

3642 450 3756 506 2-50

510 582 626 635 tuo,
644 568 985 624 inimicitiam
1007 571 1062 625 in
1085 583 1252 624 carne
1270 565 1612 623 destruxisti.
1645 564 1925 621 Ditissime
1952 564 2076 619 Sal-

2181 565 2275 629 ξας
2307 568 2453 637 ἡμᾶς
2484 565 2562 636 τῷ
2595 562 2791 617 σαυτοῦ
2820 564 3017 634 Πατρὶ,
3053 563 3150 637 τὴν
3177 563 3371 636 ἔχθραν
3398 567 3458 620 ὲν
3490 570 3557 638 τῇ
3589 563 3759 638 σαρκὶ

511 671 667 718 vator
692 669 747 717 et
777 677 904 716 vere
949 677 1065 727 rex,
1094 669 1151 715 tu
1182 674 1417 730 namque
1441 673 1646 729 pauper
1679 658 1862 724 fuisti,
1887 663 1947 712 ut
1978 674 2079 714 nos

510 765 604 809 tua
624 761 943 824 paupertate
960 754 1351 808 ditesceremus
1382 770 1398 818 ;
1438 761 1495 806 tu
1525 750 1685 805 nobis
1711 764 1936 821 regnum
1968 763 2080 804 caa-

511 849 688 901 Iorum
705 846 932 916 largitus
948 860 1027 900 es.
1049 845 1275 900 Creator
1293 851 1348 898 et
1365 843 1543 914 opifex
1559 842 1822 906 omnium,
1839 839 2078 895 Verbum

509 937 710 1006 Patris,
739 945 795 992 tu
825 953 926 993 nos
964 939 1158 991 iterum
1199 937 1420 998 creasti,
1455 943 1657 1005 tuaque
1701 949 1894 990 sumus
1922 931 2081 1003 opifi—

508 1032 616 1095 cia,
648 1030 855 1086 conditi
879 1029 946 1083 ad
969 1030 1109 1083 bona
1135 1043 1322 1100 opera.
1379 1026 1519 1082 Vere
1575 1027 1668 1080 lux
1715 1035 1770 1081 et
1815 1025 2080 1096 splendor

510 1123 710 1187 Patris,
753 1128 812 1175 tu
859 1122 1060 1192 quippe
1097 1138 1197 1177 nos
1257 1122 1312 1174 in
1362 1119 1604 1174 tenebris
1627 1119 1938 1186 illustrasti,
1968 1135 2078 1175 non

508 1216 756 1272 videntes
814 1232 916 1272 nos
963 1216 1031 1269 ad
1087 1215 1265 1268 lucem
1314 1211 1612 1267 adduxisti.
1669 1211 1868 1266 Forma
1917 1220 2079 1283 atque

509 1310 688 1381 imago
722 1323 848 1364 vera
885 1307 1059 1362 Patris
1092 1348 1108 1373 ,
1151 1317 1207 1361 tu
1263 1320 1365 1361 nos
1417 1306 1663 1377 perditos
1714 1305 1983 1369 formasti,
2024 1312 2078 1360 et

509 1401 799 1471 imaginem
831 1399 923 1454 Dei
971 1399 1166 1454 iterum
1198 1397 1505 1453 reddidisti.
1552 1396 1695 1452 Deus
1746 1395 1986 1452 Verbum
2023 1405 2078 1451 et

512 1508 636 1548 vere
660 1493 768 1549 vita
799 1532 815 1556 ,
848 1500 906 1545 tu
932 1501 1178 1546 mortuos
1206 1490 1491 1545 vivificasti
1525 1505 1648 1552 nos,
1671 1498 1959 1560 corruptos
1990 1505 2078 1543 re-

509 1585 744 1648 novasti,
781 1583 1013 1639 induens
1065 1583 1495 1655 incorruptione.
1547 1583 1687 1640 Vere
1715 1583 1916 1646 virtus,
1949 1581 2076 1635 bra-

507 1681 694 1733 ehium
719 1687 772 1733 et
797 1677 1020 1731 dextera
1049 1675 1230 1732 Patris
1255 1717 1270 1741 ,
1306 1686 1364 1732 tu
1385 1676 1604 1733 dolores
1622 1676 1814 1732 mortis
1839 1674 2073 1737 solvisti,

508 1781 696 1842 portas
734 1785 904 1825 aereas
937 1780 989 1825 et
1021 1777 1206 1825 vectes
1256 1768 1463 1826 ferreos
1497 1768 1842 1841 confregisti,
1879 1782 2074 1837 quem-

508 1863 795 1917 admodum
830 1863 906 1915 ait
936 1861 1243 1933 Scriptura.
1303 1861 1386 1917 Tu
1430 1862 1727 1917 draconem
1762 1870 2070 1932 serpentem

508 1953 805 2017 diabolum,
837 1953 999 2008 hamo
1040 1953 1410 2024 circumegiin
1464 1954 1725 2016 humano,
1774 1953 1828 2007 in
1871 1961 2076 2022 tropaeo

509 2046 712 2102 crucis.
746 2044 850 2102 Per
876 2055 929 2102 te
959 2054 1218 2117 tuamque
1270 2045 1511 2101 divinam
1539 2047 1838 2109 virtutem,
1881 2059 2074 2101 omnes

508 2155 630 2193 eum
669 2139 904 2201 calcant,
957 2153 1150 2205 omnes
1187 2138 1237 2192 ei
1273 2136 1532 2193 illudunt.
1564 2135 1638 2192 Te
1676 2138 1822 2193 enim
1868 2137 1917 2192 ei
1961 2137 2076 2207 pri-

509 2244 656 2282 mum
690 2228 950 2283 illudente
979 2267 994 2292 ,
1027 2227 1239 2282 initium
1275 2234 1542 2283 creaturae
1593 2226 1809 2283 Domini
1872 2226 2076 2297 incepit

508 2333 650 2380 esse,
689 2317 925 2371 condita:
959 2318 1024 2370 ad
1055 2317 1102 2371 ei
1140 2316 1498 2373 illudcndum.
1541 2316 1617 2372 Te
1649 2318 1799 2372 illum
1835 2327 2072 2388 proster—

509 2416 692 2474 nente,
724 2422 812 2462 res
841 2404 1109 2461 mirabilis
1136 2406 1255 2462 visa
1284 2407 1541 2463 omnibus
1570 2417 1676 2473 est,
1710 2416 1770 2463 ut
1790 2408 2070 2464 dicerent:

513 2497 840 2566 «Quomodo
887 2497 1086 2553 cecidit
1131 2495 1202 2553 de
1253 2500 1392 2554 emlo
1448 2499 1666 2556 Lucifer
1700 2539 1716 2564 ,
1771 2501 1866 2572 qui
1917 2515 2076 2556 mane

507 2589 788 2644 oriebatur
818 2581 881 2642 ’ἲ
917 2603 940 2641 ι
967 2583 1046 2644 Te
1068 2586 1372 2658 accipiente
1406 2591 1474 2644 ab
1527 2591 1618 2645 illo
1651 2592 2074 2662 chirographum

503 2681 795 2737 adversum
829 2698 932 2738 nos
977 2691 1282 2749 οταντιιιιιιι,
1336 2681 1688 2755 alligenteque
1720 2685 1852 2740 illud
1899 2685 2071 2751 cruci,

510 2774 746 2832 ludibrio
794 2775 948 2830 illum
997 2775 1196 2832 habent
1222 2776 1490 2841 universi,
1558 2778 1840 2834 dicentes:
1883 2797 1900 2831 ‹
1931 2778 2075 2846 Quo—

507 2865 672 2920 modo
700 2870 936 2925 cessavit
967 2876 1209 2931 eXactor,
1250 2868 1458 2938 quievit
1487 2869 1851 2925 accelerator‘!
1879 2871 2077 2926 contri-

503 2957 587 3011 vit
616 2956 760 3014 Deus
788 2958 978 3030 iugum
1011 2969 1384 3032 peccatorum.
1429 2958 1546 3016 Jam
1575 2962 1718 3016 enim
1751 2961 1799 3018 ei
1831 2962 2075 3018 subster-

509 3049 658 3104 nitur
688 3050 940 3120 putredo,
971 3059 1025 3106 et
1063 3053 1462 3124 operimentum
1501 3052 1620 3122 ejus
1677 3052 1907 3109 efficitur
1953 3071 2075 3109 ver-

511 3141 614 3196 mis
649 3141 714 3196 ".
756 3161 776 3194 ι
806 3139 917 3196 Nec
947 3151 1033 3198 est
1073 3144 1216 3197 ultra
1263 3143 1696 3214 quidraconem
1727 3146 2071 3217 reformidet;

509 3234 603 3289 sed
633 3241 708 3299 te,
738 3242 792 3291 et
824 3250 919 3305 per
941 3245 990 3290 te
1021 3235 1234 3291 Patrem
1262 3236 1513 3291 adorant.

2185 659 2552 729 κατήργησας.
2621 655 2847 710 Πλούσιε
2880 655 3071 727 Σωτὴρ
3105 657 3198 710 καὶ
3235 656 3449 729 ἀληθῶς
3488 658 3717 728 βασιλεῦ
3743 676 3755 688 ·

2186 753 2250 803 σὺ
2284 751 2391 820 γὰρ
2416 748 2763 820 ἑπτώχευσας
2783 790 2799 814 ,
2834 749 2924 804 ἵνα
2952 753 3017 821 τῇ
3053 753 3120 822 σῇ
3155 751 3398 821 πτωχεία
3432 750 3755 823 πλουτήσω-

2190 864 2317 918 μεν·
2353 848 2416 900 σὺ
2451 846 2546 900 καὶ
2585 846 2684 918 τὴν
2721 845 2996 916 βασιλείαν
3037 848 3168 916 ἡμῖν
3206 846 3315 899 τῶν
3344 847 3591 917 οὐρανῶν
3627 849 3758 920 ἐχα-

2188 940 2341 1011 ρίσω,
2369 938 2560 992 κτίστα
2589 938 2684 992 κα)⁸
2722 939 3020 1010 δημιουργὲ
3058 939 3168 991 τῶν
3200 939 3415 992 πάντων
3439 979 3454 997 .
3484 940 3628 1008 Λόγε
3661 941 3760 994 τοῦ

2186 1030 2421 1101 Πατρός·
2449 1030 2512 1082 σὺ
2535 1028 2644 1100 γὰρ
2672 1028 2993 1098 πάλινήμᾶς
3009 1027 3316 1092 ἁνέκτισας,
3348 1027 3441 1079 καί
3462 1043 3556 1080 σου
3587 1029 3761 1098 ποιή-

2188 1123 2333 1192 ματὰ
2364 1123 2550 1192 ἐσμεν,
2569 1120 2876 1184 κτισθέντες
2914 1121 3007 1173 ἐπὶ
3026 1119 3207 1191 ἔργοις
3229 1119 3474 1187 ἀγαθοῖς.
3490 1119 3611 1184 Φῶς
3635 1120 3764 1190 ἀλη-

2185 1212 2293 1276 θῶς
2315 1204 2418 1265 ’καὶ
2459 1211 2797 1282 ἀπαύγασμα
2845 1210 2939 1264 τοῦ
2976 1211 3219 1281 Πατρός⁶
3277 1212 3342 1264 σὺ
3377 1211 3486 1282 γὰρ
3519 1213 3668 1282 ἡμᾶς
3700 1215 3761 1265 ἐν

2185 1302 2367 1355 σκότει
2401 1302 2755 1373 κατέλαμψας
2777 1346 2790 1366 ,
2820 1303 2913 1355 καί¹
2940 1301 3013 1372 μὴ
3040 1302 3335 1373 βλέποντας
3355 1304 3503 1374 ἡμᾶς
3531 1305 3612 1368 είς
3640 1303 3761 1374 φῶς

2184 1395 2404 1464 ἤγαγες.
2432 1394 2630 1466 Μορφὴ
2652 1395 2743 1447 καὶ
2770 1393 2931 1447 εἰκὼν
2959 1395 3128 1458 ὅντως
3151 1394 3245 1447 τοῦ
3269 1395 3481 1466 Πατρός
3501 1411 3515 1424 ·
3549 1397 3615 1448 σὺ
3645 1396 3760 1467 γὰρ

2183 1489 2328 1558 ἡμᾶς
2363 1487 2761 1556 ἀπολλυμένους
2785 1486 2896 1558 (60)
2927 1487 3252 1558 ὲμόρφωσας
3271 1527 3285 1549 ,
3315 1488 3410 1540 καὶ
3442 1486 3606 1540 πάλιν
3630 1488 3762 1558 ἐχα-

2184 1582 2320 1651 ρίσω
2341 1580 2402 1633 τὸ
2429 1581 2546 1633 κατ’
2578 1581 2799 1650 είκόναη
2843 1580 2942 1633 Θεὲ
2973 1579 3113 1649 Λόγε
3141 1582 3234 1633 καὶ
3265 1579 3480 1650 ἀληθῶς
3513 1579 3660 1652 ζωή’
3689 1583 3758 1635 σὺ

2181 1673 2288 1744 γάρ
2322 1671 2690 1734 ἀποθανόντας
2722 1670 3125 1742 ὲζωοποίησας,
3153 1671 3248 1725 καὶ
3279 1671 3582 1743 φθαρέντας
3629 1675 3758 1726 ἀνε-

2181 1767 2464 1826 καίνισας,
2497 1762 2721 1826 ὲνδύσας
2753 1763 2852 1834 τὴν
2876 1763 3206 1833 ἀφθαρσίαν.
3243 1762 3483 1834 Δύναμις
3512 1763 3755 1833 ἀληθῶς,

2182 1859 2276 1912 καὶ
2306 1857 2566 1928 βραχίων,
2601 1856 2694 1909 καὶ
2725 1855 2873 1921 δεξιά
2901 1855 2994 1907 τοῦ
3026 1854 3237 1926 Πατρός
3257 1868 3272 1882 ⁶
3304 1855 3366 1908 σὺ
3405 1855 3515 1926 γὰρ
3539 1856 3758 1920 καὶτὰς

2109 1933 2150 1988 Β
2175 1948 2373 2011 ὠδῖνας
2393 1948 2590 2011 ἔλυσας
2609 1945 2701 2000 τοῦ
2721 1945 2973 2009 Θανάτου,
2996 1945 3165 2016 θύρας
3186 1946 3391 2015 χαλκᾶς
3410 1948 3504 2000 καὶ
3522 1947 3759 2018 μοχλοὺς

2180 2040 2430 2113 σιδηροῦς
2477 2039 2782 2104 κατέαξας,
2825 2038 2900 2102 ὡς
2929 2041 2962 2109 ἡ
2993 2038 3182 2110 Γραφὴ
3207 2038 3372 2106 λέγει.
3435 2039 3508 2092 Σὺ
3539 2039 3632 2091 καὶ
3663 2039 3756 2092 τὸν

2176 2135 2447 2205 δράκοντα
2481 2132 2616 2205 (61),
2651 2132 2741 2185 τὸν
2765 2131 2910 2202 ὅφιν,
2941 2132 3031 2184 τὸν
3059 2130 3323 2196 διάϐολον,
3341 2131 3400 2185 ὲν
3427 2131 3756 2203 ἀνθρωπίνῳ

2175 2228 2457 2299 ἀγκίστρῳ
2503 2226 2839 2298 περιήγαγες
2877 2225 2935 2278 ὲν
2968 2223 3045 2293 τῷ
3075 2223 3318 2294 τροπαίῳ
3358 2222 3452 2276 τοῦ
3491 2223 3752 2294 σταυροῦ.

2176 2320 2275 2373 Διά
2308 2319 2366 2372 σὲ
2394 2319 2490 2374 καὶ¹
2518 2318 2616 2390 τὴν
2654 2317 2752 2390 σὴν
2785 2317 2936 2370 θείαν
2984 2314 3356 2386 ἀνδραγαθίαν
3404 2315 3605 2378 πάντες
3657 2316 3757 2386 μὲν

2176 2411 2338 2465 αὐτὸν
2367 2409 2598 2464 πατοῦσι
2621 2449 2636 2474 ,
2668 2408 2866 2471 πάντες
2891 2407 2947 2460 δὲ
2972 2406 3136 2459 αὐτοῦ
3168 2405 3588 2469 καταπαίζουσι.
3650 2406 3755 2460 Σοῦ

2174 2505 2284 2575 γὰρ
2309 2503 2524 2576 πρώτου
2549 2500 2836 2566 παίξαντος
2860 2501 2939 2561 είς
2967 2498 3150 2562 αὐτὸν,
3182 2497 3373 2567 γέγονε
3401 2498 3584 2551 λοιπὸν
3613 2497 3755 2568 ἀρχὴ

2178 2598 2494 2666 πλάσματος
2527 2594 2756 2666 Κυρίου,
2787 2590 3155 2661 πεποιημένου
3185 2592 3265 2654 είς
3297 2589 3356 2644 τὺ
3415 2591 3756 2653 καταπαίζε-

2179 2691 2324 2744 σθαι.
2355 2689 2466 2744 Καὶ
2495 2686 2590 2741 σοῦ
2619 2686 2806 2740 τοῦτον
2835 2683 3228 2742 καταϐαλόντος
3253 2683 3385 2756 (62),
3415 2684 3606 2752 γέγονε
3620 2686 3756 2738 πᾶσι

2178 2780 2384 2851 θαῦμα,
2409 2779 2551 2832 ὥστε
2573 2779 2663 2830 καὶ
2685 2777 2861 2844 λέγειν
2880 2791 2894 2807 ο
2918 2793 2936 2826 ι
2960 2773 3082 2837 Πῶς
3113 2773 3368 2838 ἐξέπεσεν
3393 2779 3454 2830 ἐκ
3476 2776 3569 2830 τοῦ
3591 2778 3758 2847 ούρα-

2177 2873 2268 2926 νοῦ
2297 2871 2664 2942 ὁἘωσφόρος,
2683 2872 2711 2921 6
2735 2869 2878 2941 πρωῒ
2901 2869 3234 2934 ἀνατέλλων;
3264 2889 3282 2920 ι
3307 2870 3415 2923 Καὶ
3440 2870 3532 2923 σοῦ
3559 2870 3754 2925 λαϐόν-

2176 2981 2264 3029 τος
2281 2965 2411 3036 παρ’
2439 2961 2604 3016 αὑτοῦ
2635 2963 2694 3014 τὸ
2718 2961 2839 3014 καθ’
2870 2961 3026 3032 ἡμῶν
3048 2963 3428 3032 χειρόγραφον,
3460 2963 3553 3015 κα)⁵
3578 2980 3752 3034 προσ-

2176 3057 2482 3129 ηλιῦσαντος
2513 3053 2643 3108 αὐτὸ
2669 3052 2746 3123 τῷ
2778 3051 3020 3124 σταυρῷ,
3084 3053 3284 3116 πάντες
3311 3055 3428 3106 κατ’
3455 3054 3620 3107 αὑτοῦ
3655 3073 3754 3108 κα-

2174 3145 2574 3220 τακερτομοῦσι
2600 3144 2714 3214 (65)
2747 3144 3020 3212 λέγοντεςο
3086 3164 3104 3194 ι
3129 3145 3254 3208 Πῶς
3287 3144 3669 3199 ἀναπέπαυται
3725 3150 3754 3200 ὀ

2173 3240 2452 3302 ἀπαιτῶν;
2487 3238 2580 3291 καὶ
2622 3237 3003 3291 ἀναπέπαυται
3037 3240 3064 3291 6
3098 3238 3566 3310 ὲπισπουδαστής;
3625 3256 3754 3292 συν-

508 3327 725 3397 έτριψεν
746 3329 774 3381 6
793 3328 922 3392 Θεὸς
949 3327 1037 3382 τὸν
1064 3327 1224 3398 ζυγὸν
1245 3330 1354 3384 τῶν
1380 3331 1736 3404 ἁμαρτωλῶν.
1763 3334 1961 3389 Λοιπὸν
1991 3337 2099 3410 γὰρ
2136 3337 2390 3393 ὑποκάτω
2405 3332 2567 3410 αὑτοῦ
2594 3331 2924 3403 πρὼννυται
2945 3332 3126 3404 σῆψις,
3150 3333 3244 3387 καὶ
3299 3333 3362 3387 τδ
3401 3334 3756 3406 κατακάλυμ-

511 3436 586 3488 μα
602 3418 714 3492 (64)
730 3419 892 3474 αὑτοῦ
913 3421 1118 3490 γίνεται
1137 3422 1379 3496 σκώληξ,
1403 3443 1420 3476 ι
1448 3425 1540 3478 καὶ
1561 3426 1760 3490 πάντες
1777 3429 1958 3482 οὐκέτι
1982 3406 2078 3484 τὸν
2111 3433 2377 3506 δράκοντα
2402 3406 2710 3499 φοϐοῦνται,
2773 3425 2910 3480 ἀλλά
2967 3427 3050 3492 σὲ,
3079 3427 3172 3481 καὶ
3195 3427 3282 3480 διὰ
3305 3426 3399 3480 σοῦ
3423 3427 3512 3482 τὸν
3533 3427 3753 3500 Πατέρα

508 3512 918 3584 προσκυνοῦσιν.

580 3605 670 3660 52.
707 3605 799 3662 Sic
821 3623 1112 3681 resurgens
1148 3609 1432 3676 Dominus,
1471 3612 1652 3667 statim
1685 3615 1847 3668 morti
1877 3614 2068 3678 illusit,

2243 3611 2332 3665 52.
2353 3608 2507 3664 Οῦτω
2533 3609 2627 3680 μὲν
2651 3603 2742 3662 οὖν
2761 3608 2790 3661 6
2805 3607 3008 3679 Κύριος
3029 3607 3344 3675 ἐξαναστὰς,
3360 3610 3567 3682 ταχέως
3593 3613 3754 3667 κατέ-

509 3713 722 3770 nosque
742 3700 808 3755 ab
861 3717 924 3757 ea
977 3703 1248 3758 liberavit.
1300 3703 1473 3760 Judaei
1504 3714 1685 3762 autem
1730 3723 1798 3762 ne
1828 3708 1931 3764 ista
1962 3709 2075 3779 qui-

510 3787 634 3842 dem
685 3789 932 3847 videntes
979 3793 1185 3862 pudore
1240 3803 1368 3850 sunt
1425 3794 1623 3862 affecti,
1673 3798 1988 3868 ignorantes
2019 3815 2077 3854 se

511 3882 614 3934 ista
665 3890 856 3937 contra
899 3884 1233 3941 Salvatorem
1290 3903 1478 3949 ausos,
1538 3887 1826 3945 adversum
1869 3905 1992 3945 sese
2013 3905 2076 3946 ea

509 3977 626 4044 ipsa
677 3977 876 4033 moliri.
931 3976 1049 4034 Non
1113 3979 1373 4035 videbant
1421 3979 1622 4051 quippe
1678 3996 1738 4036 se
1785 3981 2077 4038 Dominum

507 4069 614 4138 ει
633 4069 917 4132 tradendo,
943 4070 1284 4126 traditionem
1311 4070 1613 4128 Jerusalem
1645 4088 1966 4143 provocare,
1996 4074 2079 4128 di-

511 4168 668 4214 cente
687 4159 952 4216 Ilieremia
978 4164 1234 4232 propheta
1257 4182 1268 4218 :
1296 4183 1313 4215 ι
1339 4162 1652 4221 Traditione
1670 4166 1914 4222 tradetur
1930 4165 2082 4222 Jeru-

509 4249 677 4306 salem
699 4251 753 4306 in
776 4267 965 4309 manus
977 4250 1478 4313 Nabuchodonosor
1495 4257 1639 4328 regis
1654 4257 1941 4329 Babylonis
1957 4259 2019 4313 “.
2053 4279 2073 4312 ι

509 4338 695 4410 Neque
733 4340 1084 4399 advertebant
1131 4345 1377 4402 nolentes
1418 4345 1648 4402 Domino
1691 4349 1915 4413 servire,
1957 4364 2080 4406 sese

500 4432 729 4490 diabolo
770 4433 824 4488 in
867 4450 1056 4490 servos
1089 4437 1379 4507 subjicere,
1413 4440 1628 4512 ipsique
1673 4441 1984 4498 ministrare
2012 4442 2079 4498 ad

511 4524 740 4581 insidias
795 4524 1056 4583 adversus
1099 4527 1395 4587 Christum.
1456 4531 1782 4603 lgnorabant
1828 4535 1974 4590 enim
2022 4549 2080 4590 se

512 4617 814 4674 Darabbam
845 4621 1190 4690 postulando,
1223 4633 1385 4695 atque
1429 4625 1713 4680 Dominum
1755 4627 2076 4691 occidendo,

513 4710 772 4768 Barabbm
812 4713 979 4767 vitam
1025 4723 1244 4771 acturos
1285 4731 1427 4782 esse,
1477 4731 1745 4790 omneque
1797 4719 2080 4776 seditionis

512 4805 786 4876 caedisque
818 4821 988 4877 genus
1024 4807 1165 4878 apud
1199 4823 1257 4864 se
1286 4808 1588 4880 augendum
1623 4810 1759 4876 fore,
1797 4818 1960 4882 atque
1989 4825 2078 4866 re-

514 4894 736 4965 pudiare
777 4912 837 4953 se
873 4897 1046 4953 lucem
1077 4907 1130 4955 et
1166 4901 1461 4962 veritatem.
1493 4910 1546 4956 et
1575 4902 1837 4974 quidquid
1863 4913 1946 4960 est
1975 4903 2078 4958 Do-

2177 3703 2336 3770 παιξε
2368 3702 2460 3756 τοῦ
2510 3701 2740 3755 θανάτου
2775 3741 2788 3765 ,
2844 3701 2938 3755 καὶ
2966 3703 3111 3773 ἡμᾶς
3135 3702 3506 3774 ἠλευθέρωσεν
3538 3707 3631 3760 ἀπ’
3657 3707 3753 3760 αύ-

2174 3795 2288 3847 τοῦ.
2333 3794 2572 3847 Ἰουδαῖοι
2600 3793 2656 3846 δὲ
2681 3833 2696 3857 ,
2731 3793 2849 3846 οὐδὲ
2879 3793 3050 3847 ταῦτα
3082 3793 3400 3864 βλέποντες,
3434 3798 3750 3869 ᾐσχύνοντο,

2174 3885 2308 3939 ἀλλὰ
2346 3885 2438 3939 καὶ
2463 3883 2688 3953 ἠγνόουν
2720 3883 3026 3955 τολμῶντες
3051 3885 3190 3939 κατά
3225 3886 3318 3940 τοῦ
3345 3888 3596 3960 Σωτῆρος
3619 3931 3634 3956 ,
3667 3893 3751 3945 ὅτι

2176 3976 2296 4029 καθ’
2347 3973 2552 4030 ἑαυτῶν
2601 3975 2921 4046 ἐπεχείρουν
2969 3977 3159 4031 ταῦτα.
3219 3979 3332 4032 Ούκ
3379 3978 3603 4034 ἔϐλεπον
3644 3983 3753 4054 γὰρ

2179 4068 2558 4139 παραδιδόντες
2601 4068 2692 4121 τὸν
2735 4069 2974 4140 Κύριον,
3007 4071 3089 4122 ὅτι
3135 4071 3234 4143 τὴν
3259 4071 3360 4143 τῆς
3397 4073 3752 4146 Ἰερουσαλὴμ

2178 4163 2471 4234 παράδοσιν
2488 4161 2903 4234 προκαλοῦνται,
2931 4164 3178 4235 λέγοντος
3212 4166 3305 4219 τοῦ
3338 4169 3614 4239 προφήτου
3657 4169 3754 4222 Ἱε-

2180 4253 2395 4327 ρεμίου*
2432 4271 2450 4304 ι
2486 4254 2894 4326 Παραδιδομένη
2929 4256 3362 4328 παραδοθήσεται
3399 4260 3752 4332 Ἰερουσαλὴμ

2179 4349 2256 4411 είς
2301 4348 2488 4419 χεῖρας
2532 4346 3020 4422 Ναϐουχοδονόσωρ
3065 4351 3324 4422 βασιλέως
3353 4353 3689 4419 Βαϐυλῶνος.
3729 4377 3747 4408 ι

2179 4440 2286 4492 Καὶ
2317 4439 2416 4492 ούκ
2445 4438 2690 4505 ἔϐλεπον,
2721 4441 2825 4504 ὅτι,
2863 4441 2936 4513 μὴ
2968 4441 3211 4507 θέλοντες
3233 4444 3506 4501 δουλεύειν
3531 4445 3608 4518 τῷ
3641 4448 3751 4500 Κυ-

2183 4531 2301 4602 ρίῳ,
2347 4530 2646 4586 ὑπέϐαλλον
2698 4533 2923 4598 ἑαυτοὺς
2972 4533 3049 4606 τῷ
3091 4535 3322 4606 διαϐόλῳ
3368 4537 3603 4603 δούλους,
3661 4543 3752 4593 καὶ

2181 4622 2480 4694 ὑπηρέτουν
2522 4623 2669 4694 αὐτῷ
2695 4627 2774 4689 εις
2806 4624 2904 4696 τὴν
2949 4626 3091 4680 κατά
3122 4627 3217 4681 τοῦ
3260 4629 3510 4702 Σωτῆρος
3537 4631 3754 4686 ἐπιϐου-

2179 4715 2297 4786 λήν.
2333 4717 2586 4786 Ἠγνόουν
2611 4718 2718 4789 γὰρ
2746 4719 2836 4772 τὸν
2858 4719 3146 4791 Βαραϐϐᾶν
3179 4721 3508 4792 αἰτούμενοι,
3542 4724 3636 4777 καὶ
3663 4725 3754 4778 τὸν

2181 4807 2385 4880 Κύριον
2413 4810 2841 4874 ἀποκτείνοντες,
2859 4812 2937 4864 ὅτι
2962 4811 3053 4864 τὸν
3086 4814 3184 4882 μὲν
3207 4813 3318 4885 βίον
3347 4814 3632 4885 βιώσονται
3657 4817 3752 4870 τοῦ

2185 4899 2466 4972 Βαραϐϐἆ,
2507 4903 2599 4956 καὶ
2644 4905 2792 4957 πᾶσα
2839 4904 3027 4967 στάσις
3069 4906 3161 4959 καὶ
3197 4906 3357 4975 φόνος
3403 4908 3533 4979 παρ’
3573 4909 3755 4972 αὐτοῖς

511 4988 713 5052 minus.
767 4995 826 5043 ut
881 4989 956 5042 ait
1002 4987 1166 5046 lsaias
1197 5011 1210 5046 :
1245 5009 1264 5040 σ
1300 4991 1437 5048 Ecce
1478 4991 1785 5049 dominator
1822 4993 2076 5052 Dominus

2185 4990 2407 5064 αὐξήσει
2430 5011 2442 5023 ·
2475 4994 2804 5048 ἀποϐαλοῦσι
2834 4995 2891 5050 δὲ
2931 4996 3024 5066 ἀφ’
3053 4998 3260 5051 ἑαυτῶν
3287 4999 3348 5051 τὸ
3381 4999 3495 5068 φῶς
3536 5001 3629 5053 καὶ
3658 5000 3755 5071 τὴν

512 5079 774 5142 Sabaoth,
805 5080 1018 5137 auferet
1045 5097 1076 5136 a
1108 5081 1313 5150 Judma,
1335 5094 1388 5140 et
1415 5099 1446 5138 a
1483 5082 1808 5150 Jerusalem,
1839 5086 2076 5143 validum

2181 5083 2448 5157 ἀλήθειαν,
2473 5088 2566 5141 καὶ
2594 5088 2769 5141 πάντα
2789 5089 2887 5142 ὅσα
2908 5089 3054 5144 ἐστὶν
3081 5091 3109 5144 6
3132 5090 3356 5162 Κύριος,
3380 5091 3456 5156 ὡς
3474 5094 3503 5145 6
3529 5091 3755 5159 Ἡσαΐας

507 5180 560 5224 ιιι
595 5171 855 5237 validam,
892 5175 1062 5230 robur
1093 5177 1247 5245 panis
1284 5185 1339 5232 et
1375 5177 1546 5232 robur
1588 5192 1764 5248 aquaa,
1810 5177 2076 5248 gigantem

2181 5177 2350 5246 λέγει’
2390 5197 2409 5231 ι
2457 5180 2588 5234 Ἰδοὺ
2619 5180 2684 5252 δὴ
2712 5183 2740 5234 6
2769 5181 3036 5254 δεσπότης
3061 5182 3263 5253 Κύριος
3296 5182 3543 5248 Σαϐαὼθ,
3568 5185 3760 5255 ἀφελεί

509 5272 560 5316 ιιι
598 5261 819 5330 fortem,
859 5266 1159 5338 principem
1182 5274 1234 5323 ct
1262 5269 1602 5335 bellatorem,
1643 5279 1696 5324 et
1727 5269 1968 5339 judicem
2021 5278 2075 5325 et

2181 5274 2287 5326 ἀπὸ
2312 5275 2411 5345 τῆς
2445 5275 2700 5340 Ἰουδαίας
2735 5280 2826 5333 καὶ
2853 5280 2960 5332 ἀπὸ
3003 5279 3354 5352 Ἰερουσαλὴμ
3389 5279 3640 5350 ἰσχύοντα
3664 5281 3757 5335 καὶ

512 5353 833 5424 prophetam
867 5366 920 5413 et
952 5359 1180 5414 ariolum
1207 5366 1260 5413 et
1290 5376 1476 5416 senem
1502 5401 1516 5424 ,
1543 5361 2074 5432 quinquagenarium

2187 5366 2492 5438 ἰσχύουσαν,
2535 5369 2686 5439 ίσχὺν
2727 5371 2891 5441 ἄρτου
2943 5372 3037 5425 καὶ
3082 5372 3236 5442 ίσχὺν
3282 5371 3492 5437 ὓδατος,
3527 5373 3759 5442 γίγαντα

641 5511 744 5566 lsa.
779 5528 887 5578 xlv,
925 5514 1011 5568 12.
1092 5515 1134 5546 ¹⁰
1170 5514 1326 5579 ibid.,
1361 5514 1416 5578 4,
1450 5514 1504 5578 5,
1548 5514 1632 5568 ll.
1715 5516 1752 5546 “
1793 5514 1994 5574 Jerem.
2033 5534 2218 5583 xxxu,
2255 5520 2308 5575 4.

732 5669 957 5742 Regius.
989 5671 1410 5741 ἀπολλυμένους.

732 5739 837 5814 Τὸν
862 5739 1305 5814 δράκονταῗιιᾷξςει
1340 5743 1394 5795 in
1419 5741 1742 5814 Anglicano.

608 5810 692 5880 6:2)
733 5810 956 5881 Regius,
982 5811 1420 5876 καταϐάλλοντος.

577 5881 694 5954 1'65)
734 5882 956 5953 Regius,
987 5881 1330 5953 κερτομοῦσι.

2253 5675 2365 5758 (ibi)
2406 5676 2746 5758 Basiliensis,
2790 5681 3353 5758 xai-Jpzaa._Regius.
3401 5685 3751 5758 κατάλυμμα.

2183 5744 2353 5868 illiti,
2403 5751 2708 5822 κατάλυμα,
2734 5744 2740 5747 ’
2769 5756 2864 5811 sed
2917 5744 3366 5826 legendumvcum
3405 5760 3479 5821 0',
3513 5744 3754 5813 κατακά-

2217 5835 2392 5887 υμμα.
