3958 6506
212 359 304 415 231

1165 353 1252 409 DE
1290 353 1626 412 PASSIONE
1665 355 1752 409 ET
1791 353 2023 412 CRUCE
2063 354 2317 411 DOMINI.

3351 363 3468 420 2ιί

207 478 296 531 καὶ
327 475 606 546 ἰσχύοντα,
629 476 725 528 καὶ
749 474 982 546 ἄρχοντα
1007 474 1354 546 πολεμιστὴν,
1387 476 1480 528 καὶ
1507 474 1785 546 δικαστὴν.

1904 484 1940 528 :t
1969 473 2344 529 admirabilem
2368 474 2765 540 consiliarium,
2811 488 2864 531 et
2901 477 3200 548 sapientem
3230 477 3462 534 archite.

205 570 297 624 καὶ
322 568 640 638 προφήτην,
674 567 768 621 καὶ
804 565 1121 637 στοχαστὴν,
1147 565 1242 618 καὶ
1269 564 1661 636 πρεσϐύτερον,
1690 567 1784 619 καὶ

206 661 701 732 πεντηκόνταρχον,
735 660 828 712 καὶ
867 659 1173 729 θαυμαστὸν
1221 657 1540 728 σύμϐουλον,
1572 659 1663 712 καὶ
1696 675 1784 712 σο-

206 751 301 822 φὸν
344 751 736 821 ἀρχιτέκτονα,
786 749 879 802 καὶ
926 748 1141 801 συνετὸν
1188 748 1482 819 ἀκροατήν.
1522 749 1632 801 Καὶ
1665 749 1785 802 ἐπι-

206 846 386 915 στήσω
432 843 757 905 νεανίσκους
799 841 1064 913 ἄρχοντας
1104 839 1306 905 αὐτῶν,
1349 840 1442 894 καὶ
1484 841 1783 910 ἐμπαῖκται

207 934 594 1007 κυριεύσουσιν
618 932 820 987 αὐτῶν.
859 951 877 983 ι
929 929 1241 994 Ἑνέπαιζον
1271 931 1380 1002 γὰρ
1417 932 1466 983 οἱ
1501 930 1674 984 ἄθλιοι
1709 931 1786 1002 τῷ

206 1027 416 1100 Κυρίῳ,
454 1026 554 1078 καὶ
586 1025 686 1077 ούκ
712 1023 956 1089 ἔϐλεπον,
987 1024 1068 1076 ὅτι
1101 1024 1158 1075 τὸ
1189 1022 1521 1094 προφητικὸν
1544 1023 1662 1076 κατ’
1691 1023 1788 1074 αύ-

204 1119 309 1171 τῶν
332 1117 649 1188 ἐπληροῦτο
675 1117 835 1190 ῥητὸν
857 1115 918 1168 τὸ
943 1115 1098 1184 λέγον
1117 1129 1129 1142 °
1168 1133 1186 1166 ι
1221 1115 1548 1184 Ἐμπαῖκται
1574 1113 1789 1185 κυριεύο

209 1226 389 1264 σουσιν
439 1209 647 1263 αὐτῶν.
685 1228 702 1260 ι
738 1207 908 1261 Τοῦτο
944 1207 1051 1278 γάρ
1097 1209 1211 1259 ἐστι
1256 1205 1316 1259 τὸ
1357 1206 1654 1276 παράδοξον
1693 1205 1786 1260 τοῦ

209 1303 485 1371 Σωτῆρος,
530 1301 614 1354 ὅτι
662 1298 1060 1370 σταυρούμενος
1102 1298 1308 1367 ἔπασχε
1357 1297 1458 1369 μὲν
1508 1299 1645 1370 ὑπὲρ
1691 1299 1789 1368 τῆς

210 1393 652 1464 ἀνθρωπότητος,
688 1389 980 1454 κατέπαιξε
1015 1390 1074 1442 δὲ
1109 1388 1202 1442 τοῦ
1243 1389 1495 1454 Θανάτου,
1529 1389 1620 1443 καὶ
1651 1391 1792 1444 κατὰ

223 1485 493 1538 Ἰουδαίων
523 1483 828 1554 ἐπληροῦτο
853 1480 922 1536 τὰ
952 1482 1328 1552 γεγραμμένα.
1366 1481 1488 1534 Ὅτι
1525 1481 1580 1534 δὲ
1611 1482 1703 1534 xai.
1734 1482 1792 1533 τὸ

215 1577 323 1646 φῶς
366 1575 655 1647 ἀφῄρηται
681 1576 774 1627 ἀπ’
799 1573 1001 1636 αὐτῶν,
1031 1573 1335 1644 γέγραπται
1356 1574 1414 1626 ἐν
1439 1571 1516 1644 τῷ
1554 1572 1794 1643 Ἱερεμίᾳ.

215 1669 409 1730 οὓτως·
470 1685 489 1718 ι
540 1667 600 1720 ὐ
633 1666 802 1734 Λόγος
851 1667 879 1717 ὁ
924 1666 1211 1735 γενόμενος
1263 1665 1356 1717 ἐπὶ
1389 1663 1654 1736 Ἱερεμίαν
1702 1662 1794 1715 ἐπὶ

217 1761 388 1813 πάντα
445 1759 543 1812 τὸν
595 1759 721 1813 λαὸν
767 1758 973 1836 Ἰούδα..
1006 1777 1024 1808 ι
1076 1753 1209 1810 Εἶτα
1267 1755 1517 1828 ἐπιφέρει
1581 1755 1788 1824 λέγων·

1883 575 2050 635 ctum.
2067 575 2121 622 et
2153 567 2475 637 prudentem
2521 569 2966 625 auscultatorem.
3020 569 3087 624 Et
3131 571 3460 625 constituam

1883 657 2258 714 adolescentes
2276 659 2548 729 principes
2570 674 2780 724 eorum,
2805 667 2858 714 et
2897 661 3149 716 illusores
3183 660 3265 716 eis
3287 662 3462 716 domi-

1884 749 2163 804 nabuntur
2185 751 2244 804 “.
2274 769 2292 800 ›
2314 750 2620 806 llludebant
2638 752 2782 806 enim
2802 752 2984 806 miseri
3005 751 3236 808 Domino
3254 793 3268 818 ,
3287 769 3462 824 neque

1885 842 2238 898 advertebant
2257 843 2628 912 propheticum
2647 843 2938 898 adversum
2957 859 3016 898 se
3030 858 3338 899 sermonem
3361 845 3462 899 im-

1885 934 2020 1002 pleri
2054 933 2145 1003 qui
2188 934 2302 986 ait:
2344 951 2362 985 ι
2404 932 2657 990 Illusores
2699 949 2888 990 eorum
2947 933 3390 991 dominabuntur.
3438 953 3458 985 ι

1886 1024 2001 1080 lloc
2044 1014 2186 1079 enim
2225 1032 2309 1080 est
2349 1025 2405 1080 in
2452 1024 2734 1081 Salvatore
2778 1027 3105 1093 mirandum,
3135 1028 3280 1098 quod
3309 1028 3459 1083 cruci

1893 1115 2084 1170 aﬁixus
2115 1131 2214 1186 pro
2235 1115 2476 1171 humano
2496 1115 2714 1185 quidem
2742 1132 2939 1186 genere
2968 1125 3268 1188 pateretur,
3298 1120 3462 1173 morti

1890 1221 2018 1260 vero
2053 1207 2330 1273 illuderet,
2360 1216 2413 1262 et
2439 1207 2493 1261 in
2521 1206 2834 1262 Judaeorum
2867 1209 3070 1264 malum
3103 1209 3462 1280 implerentur

1891 1314 2014 1368 quae
2037 1306 2241 1368 scripta
2273 1307 2477 1354 essent.
2507 1298 2662 1365 Quod
2701 1307 2883 1354 autem
2917 1301 3007 1355 lux
3034 1301 3102 1355 ab
3132 1301 3239 1358 illis
3281 1301 3461 1356 ablata

1890 1390 1982 1453 sit,
2013 1389 2280 1458 scriptum
2310 1398 2394 1444 es:
2438 1387 2493 1442 in
2544 1388 2776 1443 Jcremia
2804 1389 2890 1444 his
2916 1391 3094 1446 verbis
3121 1409 3132 1444 :
3173 1409 3190 1441 ι
3225 1390 3461 1446 Verbum

1890 1479 2034 1549 quod
2073 1480 2273 1532 factum
2327 1489 2414 1535 est
2458 1496 2622 1548 super
2659 1479 2952 1535 Jeremiam
3006 1482 3062 1534 in
3106 1497 3322 1537 omnem
3367 1500 3464 1554 po-

1897 1571 2086 1641 pulum
2127 1569 2267 1625 Juda
2310 1571 2376 1626 ¹³.
2428 1589 2446 1623 ι
2493 1571 2690 1626 Postea
2733 1571 2850 1627 haec
2883 1572 3068 1642 adjicit
3105 1591 3119 1628 :
3154 1592 3172 1626 ι
3210 1573 3466 1630 Auferam

1893 1662 1962 1715 ab
2023 1661 2133 1716 illis
2179 1675 2369 1717 vocem
2429 1662 2627 1718 laetitia:
2673 1671 2728 1718 et
2782 1679 2969 1719 vocem
3017 1666 3221 1736 gaudii,
3279 1681 3464 1721 vocem

1895 1753 2083 1822 sponsi
2107 1761 2160 1808 et
2181 1769 2369 1808 vocem
2396 1769 2635 1823 sponsae,
2658 1754 2878 1809 odorem
2909 1757 3170 1828 unguenti
3200 1765 3253 1810 et
3285 1756 3466 1810 lumen

221 1873 240 1905 ι
276 1851 492 1920 Ἀτρελῶ
529 1852 627 1904 ἀπ’
662 1849 840 1903 αὐτῶν
872 1848 1052 1920 φωνὴν
1091 1849 1446 1920 εὐφροσύνης,
1479 1848 1570 1901 καὶ
1613 1849 1793 1919 φωνὴν

1904 1847 2146 1901 lucerna
2176 1847 2240 1900 ¹¹⁸.
2284 1868 2302 1899 ›
2337 1847 2547 1902 Revera
2582 1848 2858 1906 tradidere
2890 1849 3177 1905 Dominum
3207 1852 3467 1922 gentibus

216 1946 404 2016 χαρᾶς,
456 1941 643 2014 φωνὴν
693 1943 930 2014 νυμφίου
970 1943 1064 1997 καὶ
1109 1943 1292 2013 φωνὴν
1333 1941 1573 2012 νύμφης,
1618 1942 1794 2012 ὀσμὴν

222 2036 386 2107 μύρου
432 2034 535 2088 καὶ
575 2033 692 2102 φῶς
730 2031 946 2103 λύχνου.
988 2053 1008 2084 ›
1055 2032 1270 2103 Ἀμέλει
1323 2031 1643 2104 παρεδίδουν
1683 2034 1795 2096 τοῖς

219 2127 388 2181 ἔθνεσι
421 2127 521 2179 τὸν
567 2125 793 2196 Κύριον,
827 2126 920 2180 καὶ
951 2127 1051 2178 οὐκ
1089 2126 1330 2197 ᾔδεισαν,
1367 2124 1480 2178 ἀλλ’
1522 2124 1796 2194 ἐτύφλωτ-

218 2238 323 2286 τον,
373 2220 462 2272 ὃτι
495 2220 651 2272 αὐτοὶ
679 2220 739 2272 ού
796 2217 934 2290 μετὰ
986 2219 1120 2272 πολὺ
1169 2217 1555 2289 μιανθήσονται
1598 2221 1654 2271 ἐν
1685 2221 1796 2282 τοῖς

219 2311 387 2364 ἔθνεσι
435 2312 534 2364 καὶ
574 2311 653 2373 εἰς
679 2310 778 2381 τὴν
804 2309 1167 2382 κληρονομίαν
1196 2307 1372 2363 αὐτῶν
1405 2309 1796 2364 εἰσελεύσονται

221 2402 332 2454 κατ’
367 2400 555 2454 αὐτῶν
581 2400 650 2453 τὰ
674 2399 820 2471 ἔθνη,
855 2401 1104 2472 καθάπερ
1137 2401 1475 2472 γέγραπται·
1507 2420 1525 2452 ι
1559 2402 1618 2456 ’0
1643 2401 1794 2466 Θεὸς,

218 2489 538 2559 εἰσήλθοσαν
582 2488 710 2556 ἔθνη
748 2490 829 2552 εἰς
874 2489 973 2560 τὴν
1009 2489 1373 2562 κληρονομίαν
1417 2509 1532 2556 σου,
1575 2493 1801 2562 ἐμίανον

219 2577 303 2632 τὸν
323 2578 454 2632 ναὸν
478 2577 572 2632 τὸν
594 2578 747 2646 ἅγιόν
775 2595 890 2643 σου,
915 2577 1094 2632 ἔθεντο
1118 2579 1470 2652 Ἰερουσαλὴμ
1492 2583 1569 2644 είς
1593 2581 1800 2652 ὀπωρο-

221 2672 499 2741 φυλάκιον.
537 2691 558 2723 ι
601 2670 950 2743 Ἀρνούμενοι
992 2671 1083 2724 τὸν
1118 2671 1320 2745 Κύριον
1362 2671 1503 2743 ἔχειν
1551 2671 1796 2743 βασιλέα,

219 2765 449 2835 ἠγνόουν
497 2767 906 2836 στερισκόμενοι
952 2765 1050 2832 τῆς
1097 2763 1388 2835 Δαϐιτικῆς
1441 2764 1552 2836 (65)
1609 2765 1796 2835 τιμῆς.

220 2856 370 2927 Δύτῷ
393 2857 508 2928 γὰρ
536 2856 794 2908 ἀπέκειτο
820 2855 912 2908 τοῦ
942 2855 1107 2909 Δαὸὶδ
1143 2856 1176 2925 ἡ
1208 2855 1473 2926 βασιλεία,
1509 2858 1602 2910 καὶ
1638 2857 1799 2928 μέχρι

221 2950 313 3018 τῆς
338 2948 670 3019 ἐπιφανείας
702 2949 794 3000 τοῦ
826 2948 1074 3018 Σωτῆρος
1101 2947 1330 3016 ἔφθανεν
1357 2949 1515 3019 αὑτὴ,
1541 2949 1634 3002 ἐπὶ
1661 2950 1800 3021 μάρ-

220 3059 338 3114 τυρι
381 3039 464 3112 τῷ
507 3039 700 3093 Ἰακὼὸ
733 3039 976 3107 λέγοντι·
1022 3059 1040 3090 ι
1087 3039 1199 3093 Ούκ
1239 3041 1476 3108 ἐκλείψει
1527 3043 1710 3112 ἄρχων
1741 3041 1801 3106 ἐξ

235 3128 422 3194 Ἰούδα,
457 3128 579 3180 οὐδὲ
609 3127 908 3197 ἡγούμενος
939 3129 1002 3180 ἐκ
1043 3129 1150 3181 τῶν
1177 3129 1365 3201 μηρῶν
1392 3131 1576 3197 αὐτοῦ,
1607 3131 1712 3195 ἓως
1735 3132 1799 3184 ἂν

224 3221 367 3296 ἔλθῃ,
503 3221 814 3286 ἀπόκειται,
858 3223 952 3274 καὶ
996 3222 1158 3286 αὐτὸς
1203 3222 1499 3292 προσδοκία
1543 3222 1733 3277 ἐθνῶν.
1778 3244 1796 3277 ι

225 3316 328 3369 Καὶ
356 3315 701 3385 γυμνοῦντες
721 3315 778 3368 δέ
799 3315 890 3367 τὸν
929 3315 1152 3390 Κύριον,
1181 3317 1273 3368 καὶ
1303 3316 1594 3380 τύπτοντες
1624 3318 1804 3379 αὐτὸν,

225 3408 318 3460 οὐκ
353 3407 583 3478 ᾔδεισαν
617 3407 1052 3476 ἐκδιδυσκύμενοι
1079 3408 1206 3480 παρ’
1231 3407 1417 3473 αὑτοῦ,
1458 3409 1551 3462 καὶ
1580 3410 1806 3462 κοπετὸν

228 3499 342 3553 καθ’
369 3499 587 3552 ἑαυτῶν
624 3499 1016 3571 παροξύνοντες
1045 3515 1059 3528 ·
1105 3499 1252 3568 λέγει
1295 3500 1402 3572 γὰρ
1431 3500 1592 3565 αὐτὸς
1637 3503 1665 3554 ὁ
1691 3500 1807 3554 Κύ-

229 3610 336 3667 ριος
355 3609 368 3622 ·
409 3612 430 3643 ι
471 3593 528 3645 Ἀ
540 3592 806 3662 φελοῦμαι
838 3593 905 3646 τὰ
932 3592 1123 3664 ἱμάτιά
1155 3610 1253 3664 μου
1279 3594 1372 3646 καὶ
1393 3592 1460 3646 τὰ
1486 3592 1687 3656 ὀθόνια,
1713 3593 1807 3647 τοῦ

229 3684 300 3754 μὴ
331 3682 638 3734 καλύπτειν
669 3683 768 3753 τὴν
797 3682 1180 3754 ἀσχημοσύνην
1208 3683 1406 3753 αὐτῆς·
1445 3701 1462 3732 ι
1499 3684 1590 3735 καὶ
1617 3683 1803 3736 πάλινο

233 3793 250 3823 ι
287 3774 522 3826 Ἕνεκεν
554 3773 742 3826 τούτου
772 3773 997 3842 κόψεται
1023 3774 1124 3845 ,καὶ
1159 3773 1440 3844 θρηνήσει,
1486 3773 1810 3845 πορεύσεται

228 3865 588 3936 ἀνυπόδητος,
624 3865 719 3918 καὶ
757 3866 936 3936 γυμνή
963 3882 976 3895 ο
1018 3866 1300 3936 ποιήσεται
1335 3865 1561 3918 κοπετὸν
1586 3865 1660 3929 ὡς
1692 3864 1812 3935 δραι

227 3957 454 4020 πιόντων,
479 3955 577 4009 καὶ
622 3955 822 4020 πένθος
860 3958 934 4020 ὼς
980 3956 1294 4030 θυγατέρων
1331 3959 1615 4028 σειρήνων.
1651 3976 1668 4008 ι
1704 3957 1812 4009 Καὶ

229 4045 512 4110 ποιοῦντες
546 4045 902 4116 ἐπιϐληθῆναι
930 4046 1174 4117 χλαμύδα
1216 4047 1494 4117 κοκκίνην,
1525 4048 1623 4100 ούκ
1666 4046 1813 4099 ἔϐλε-

229 4158 324 4193 πον
383 4139 512 4191 καθ’
569 4139 777 4192 ἑαυτῶν
825 4140 923 4210 τὴν
972 4140 1306 4211 κατηγορίαν
1361 4140 1452 4193 τοῦ
1499 4139 1812 4211 Πνεύματος

230 4235 569 4306 πληροῦντες
593 4274 608 4298 ,
635 4237 717 4288 ὅτι
754 4252 772 4284 ι
790 4235 854 4286 Ai
889 4237 1068 4306 χεῖρες
1093 4234 1244 4304 ὑμῶν
1273 4233 1501 4305 αἵματος
1532 4233 1808 4306 πλήρεις.»

231 4330 532 4399 Χαίροντες
581 4326 692 4398 (66)
739 4326 796 4379 δὲ
831 4328 924 4380 καὶ
958 4328 1050 4380 ἐπὶ
1079 4325 1157 4396 τῷ
1188 4327 1528 4398 περικεῖσθαι
1575 4327 1814 4392 ἀκάνθας

230 4422 315 4476 τὸν
355 4421 613 4491 Σωτῆρα,
663 4419 1016 4488 ἐτύφλωττον,
1061 4419 1181 4474 καθ’
1216 4419 1424 4473 ἐαυτῶν
1457 4419 1622 4483 αὑτὰς
1662 4437 1814 4492 περι-

1896 1950 2061 2013 atque
2089 1945 2439 2000 caecutientes
2468 1945 2796 2016 ignorabant
2829 1961 2888 2002 se
2911 1947 3056 2002 haud
3077 1947 3168 2001 diu
3193 1954 3382 2017 postea
3413 1949 3468 2002 in

1896 2035 2149 2105 gentibus
2177 2036 2498 2106 polluendos
2535 2053 2679 2102 esse,
2721 2047 2775 2092 et
2813 2039 2869 2092 in
2899 2053 3056 2093 suam
3092 2038 3468 2094 hereditatem

1897 2135 2085 2197 gentes
2123 2137 2316 2182 contra
2349 2144 2409 2183 se
2454 2130 2800 2199 ingressuras
2837 2145 2979 2194 esse,
3011 2131 3469 2200 quemadmodum

1901 2216 2168 2286 scriptum
2197 2223 2281 2272 est
2307 2235 2321 2271 :
2359 2234 2379 2267 ι
2416 2215 2580 2282 Deus,
2608 2225 2868 2273 venerunt
2895 2225 3082 2288 gentes
3107 2219 3162 2272 in
3183 2219 3472 2275 liasreditau

1897 2318 2009 2364 tem
2039 2317 2214 2373 tuam,
2255 2309 2572 2378 polluerunt
2602 2310 2862 2380 templum
2890 2318 3136 2366 sanctum
3165 2320 3338 2378 tuum,
3370 2327 3470 2382 po-

1898 2407 2128 2454 suerunt
2173 2397 2480 2456 Jerusalem
2537 2403 2592 2456 in
2630 2417 2915 2472 pomorum
2965 2401 3273 2457 custodiam
3324 2403 3390 2458 ⁸³.
3447 2422 3466 2456 ι

1902 2493 2034 2547 Dum
2064 2500 2329 2563 negarent
2354 2509 2414 2548 se
2443 2492 2730 2547 Dominum
2783 2508 2964 2563 regem
3012 2494 3232 2560 habere,
3263 2492 3478 2564 ignora-

1897 2584 2033 2639 bant
2081 2585 2287 2654 privari
2328 2600 2388 2639 se
2432 2583 2694 2640 Davidico
2745 2585 2951 2639 honore
3004 2603 3016 2639 :
3076 2585 3347 2655 siquidem
3393 2583 3472 2638 illi

1899 2676 2198 2746 repositum
2243 2682 2363 2731 erat
2407 2674 2626 2731 Davidis
2670 2690 2920 2746 regnum,
2978 2675 3122 2745 quod
3173 2689 3346 2745 usque
3401 2675 3469 2728 ad

1903 2763 2207 2821 Salvatoris
2266 2766 2561 2821 adventum
2622 2765 2969 2836 perduravit,
3018 2773 3154 2820 teste
3200 2763 3406 2820 Jacobo
3455 2783 3472 2818 :

1907 2876 1925 2909 ι
1977 2856 2095 2912 Non
2147 2857 2360 2913 deﬁciet
2417 2859 2669 2928 princeps
2711 2873 2776 2913 ex
2814 2857 2976 2918 Juda.
3013 2872 3189 2930 neque
3239 2857 3348 2912 dux
3409 2857 3476 2912 de

1902 2949 2202 3006 femoribus
2252 2951 2395 3020 ejus,
2465 2950 2637 3004 donec
2681 2950 2860 3004 veniat
2902 2950 2992 3003 ille
3038 2951 3125 3004 cui
3177 2949 3492 3020 repositum.

1900 3047 2006 3106 est,
2033 3047 2087 3094 et
2120 3039 2237 3109 ipse
2266 3046 2351 3094 est
2385 3039 2717 3108 exspectatio
2740 3039 2980 3109 gentium
3011 3039 3076 3092 ¹⁶.
3116 3057 3134 3090 ι
3171 3037 3235 3092 Ει
3262 3038 3479 3093 nudan-

1902 3138 1986 3186 tes
2015 3129 2329 3193 Dominum,
2367 3136 2530 3199 atque
2561 3129 2932 3192 verberantes,
2966 3128 3284 3184 nesciebant
3315 3143 3375 3183 se
3403 3127 3473 3181 ab

1830 3187 1873 3244 (ἶ
1909 3220 2003 3275 illo
2029 3219 2248 3282 nudari,
2274 3228 2326 3273 et
2354 3187 2634 3289 planctum
2675 3218 3024 3288 sibimetipsis
3049 3218 3368 3286 concitare;
3405 3219 3480 3272 ait

1907 3313 2108 3382 quippe
2140 3313 2256 3381 ipse
2285 3311 2548 3366 Dominus
2579 3328 2591 3362 :
2631 3329 2650 3362 ι
2689 3311 2948 3366 Auferam
2973 3313 3302 3368 vestimenta
3335 3324 3504 3374 mea,,

1904 3405 2311 3470 etlinteamina,
2336 3413 2396 3458 ut
2425 3420 2494 3460 ne
2524 3404 2916 3474 turpitudinem
2947 3405 3066 3474 ejus
3082 3405 3330 3475 operiant
3353 3404 3431 3458 "3
3460 3421 3478 3472 ;

1907 3505 1960 3551 et
1988 3511 2203 3552 rursum
2237 3515 2250 3552 :
2281 3515 2299 3548 ι
2335 3495 2626 3567 Propterea
2666 3497 2881 3568 planget
2925 3505 2980 3551 et
3010 3496 3235 3568 lugebit,
3268 3496 3483 3552 incedet

1910 3589 2242 3644 discalceata
2288 3598 2342 3646 et
2375 3591 2522 3646 nuda
2559 3608 2571 3644 :
2620 3590 2782 3645 faciet
2821 3590 3095 3660 planctum
3139 3589 3305 3643 veluti
3356 3589 3483 3658 dra-

1909 3701 2131 3750 conum,
2165 3692 2219 3740 et
2267 3685 2475 3740 luctum
2513 3684 2681 3739 veluti
2719 3684 2949 3738 ﬁliarum
2980 3683 3219 3736 sirenum
3256 3681 3320 3733 ¹⁸.
3359 3699 3379 3732 ι
3417 3678 3482 3732 Ει

1911 3784 2166 3832 curantes
2207 3784 2266 3830 ut
2300 3777 2669 3847 imponeretur
2699 3775 2749 3830 ei
2777 3775 3020 3844 chlamys
3055 3772 3333 3835 coccinea,
3362 3786 3474 3825 non

1912 3869 2168 3924 viderunt
2221 3883 2281 3924 se
2328 3869 2614 3923 adversum
2663 3881 2724 3922 se
2767 3865 2992 3934 implere
3045 3863 3192 3917 illam
3248 3860 3484 3932 Spiritus

1913 3961 2093 4016 sancti
2140 3959 2546 4014 accusationem
2595 3977 2610 4014 :
2660 3975 2680 4010 ι
2731 3955 2922 4011 Manus
2981 3962 3179 4011 vestra:
3221 3953 3485 4024 sanguine

1913 4059 2041 4110 sunt
2091 4053 2264 4124 plenae
2317 4053 2381 4106 ι’,
2412 4071 2431 4104 ι
2466 4050 2776 4108 Gaudentes
2799 4057 2978 4106 autem
3036 4050 3180 4121 quod
3238 4047 3486 4103 Salvator

1913 4145 2086 4216 spinis
2131 4143 2583 4211 circumdarctur,
2633 4143 3012 4208 caacutiebant,
3072 4157 3184 4196 non
3238 4139 3484 4196 videntes

1914 4254 1974 4294 se
2024 4238 2148 4293 illas
2190 4244 2384 4292 contra
2429 4251 2553 4294 sese
2593 4236 3005 4306 circumponere
3045 4253 3059 4289 :
3107 4232 3369 4304 scriptum
3402 4241 3487 4286 est

1912 4331 2056 4385 enim
2083 4349 2096 4385 :
2121 4347 2139 4380 ι
2165 4327 2568 4398 Obstupescite,
2595 4329 2798 4400 lugete,
2823 4342 2944 4398 quae
2970 4327 3024 4381 in
3056 4325 3253 4381 ﬁducia
3280 4324 3484 4387 fuistis,

1915 4422 2097 4476 exuite
2143 4435 2262 4486 vos,
2309 4412 2469 4475 nud'at
2508 4427 2704 4486 estote,
2733 4418 3140 4490 circumcingite
3172 4417 3409 4480 lumbos,
3433 4423 3490 4470 et

231 4515 493 4576 τιθέντες.
523 4512 836 4584 Γέγραπται
872 4513 1008 4584 γάρ·
1050 4530 1068 4563 ι
1102 4512 1389 4582 Ἔκστητε,
1431 4509 1728 4580 λυπήθητε,
1756 4511 1802 4563 αι

1916 4527 2078 4582 super
2105 4511 2270 4568 ubera
2305 4513 2582 4583 planctum
2610 4511 2771 4566 facite
2791 4511 2859 4566 ab
2898 4525 3028 4582 agro
3058 4508 3346 4573 desiderii,
3376 4514 3430 4563 et
3457 4521 3490 4561 a

235 4608 575 4671 πεποιθυῖαι,
611 4604 927 4669 ἐκδύσασθε,
971 4605 1177 4677 γυμναὶ
1216 4605 1460 4674 γένεσθε,
1509 4603 1816 4676 περιζώσα-

238 4700 324 4752 σθε
357 4699 462 4762 τὰς
492 4696 724 4766 ὀσφύας,
765 4696 858 4750 καὶ
897 4698 989 4750 ἐπὶ
1027 4697 1134 4749 τῶν
1164 4695 1386 4768 μασθῶν
1414 4695 1675 4750 κόπτεσθε
1710 4695 1817 4748 ἀπὸ

235 4793 408 4864 ἀγροῦ
455 4791 893 4861 ἐπιθυμήματος,
941 4791 1034 4844 καὶ
1071 4791 1178 4844 ἀπὸ
1216 4790 1460 4862 ἀμπέλου
1489 4790 1815 4860 γενήματος.

247 4886 310 4938 Ἡ
341 4884 418 4955 γῆ
452 4882 552 4936 τοῦ
577 4882 705 4936 λαοῦ
739 4900 838 4955 μου
877 4883 1106 4948 ἄκανθα,
1131 4884 1226 4937 καὶ
1247 4883 1437 4955 χόρτος
1469 4881 1816 4951 ἀναϐήσεται,

239 4975 327 5028 καὶ
353 4979 422 5030 ἐκ
439 4974 624 5047 πάσης
649 4975 827 5038 οίκίας
855 4973 1158 5047 εὐφροσύνη
1185 4973 1508 5046 ἀρθήσεται.
1539 4991 1557 5024 ι
1579 4970 1820 5041 Ἐχλεύα-

305 5134 350 5166 ⁸³
389 5131 500 5187 lsa.
541 5147 623 5192 ιιι,
659 5132 722 5195 3,
759 5132 857 5186 1-4
954 5132 1000 5164 ⁸⁸
1036 5130 1236 5187 Jerem.
1275 5145 1400 5188 xxv.
1439 5129 1489 5181 1.

243 5219 314 5268 ιι,
349 5204 404 5260 9.
489 5203 533 5235 "
573 5203 738 5258 Mich.
776 5219 828 5267 ι,
864 5201 917 5258 8.
997 5201 1038 5234 ¹⁹
1079 5201 1183 5257 lsa.
1224 5218 1269 5266 ι,
1310 5202 1394 5257 15.

312 5382 424 5452 (65)
471 5381 678 5452 Regius
721 5389 774 5436 et
808 5383 939 5436 edit.
968 5381 1255 5445 Commel.,
1291 5381 1625 5445 Δαυῖτικοῦς.
1669 5383 1811 5437 Edit.

246 5467 371 5507 vero
410 5452 590 5507 Paris.
617 5462 670 5505 et
698 5454 812 5514 alii,
844 5453 1157 5522 Δαὸιτικῆς.
1188 5453 1376 5514 Porro,
1414 5455 1488 5506 ait
1513 5453 1682 5518 Felc.,
1736 5463 1813 5508 est

247 5523 298 5575 in
343 5523 525 5576 codice
563 5524 793 5592 quodam
845 5523 1448 5592 Biblioth.Archipalat.
1488 5523 1650 5577 codex
1688 5541 1815 5590 ms.,

249 5595 334 5660 qui
365 5596 503 5666 inter
529 5593 639 5646 alia
667 5596 891 5647 continet
921 5611 1141 5664 quoque,
1185 5594 1376 5664 ἔρανον
1406 5595 1470 5666 ἐκ
1499 5593 1592 5647 τοῦ
1621 5611 1819 5666 χρυσοο

250 5664 540 5734 κεφαλαίου
578 5665 676 5732 (sic
712 5666 1021 5718 inscribitur
1070 5666 1262 5732 absque
1321 5665 1614 5734 collectoris
1645 5664 1820 5718 uomi-

253 5733 333 5802 ιιι)
369 5735 421 5787 in
465 5734 789 5803 particulam
832 5735 1113 5806 quamdam
1145 5735 1302 5803 primi
1340 5749 1459 5806 cap.
1494 5733 1668 5806 Luca).
1714 5735 1823 5806 Qui

259 5815 402 5860 ccuto
433 5807 487 5860 in
516 5807 614 5860 illa
647 5808 797 5860 verba
820 5804 920 5860 {Et
953 5814 1070 5860 erat
1101 5806 1153 5861 in
1190 5806 1382 5861 diebus
1419 5804 1645 5861 Herodis
1677 5805 1819 5873 regis

1570 5129 1612 5160 ”
1642 5128 1771 5182 ibid.
1809 5128 1893 5183 10.

1478 5201 1518 5231 ⁸ο
1562 5199 1664 5255 lsa.
1703 5215 1887 5264 χχχιι,
1926 5199 2025 5264 1-1,
2063 5199 2149 5254 12.

1911 4606 2070 4661 vinea
2123 4606 2557 4677 germinationis.
2610 4603 2777 4661 Terra
2829 4604 3014 4676 populi
3045 4603 3151 4658 mei
3207 4602 3386 4672 spina,
3435 4607 3490 4655 et

1915 4696 2100 4752 fenum
2149 4698 2431 4763 ascendet,
2483 4706 2537 4752 et
2585 4713 2652 4752 ex
2707 4697 2855 4752 omni
2901 4696 3063 4750 domo
3107 4695 3297 4750 laetitia
3347 4691 3490 4750 aufe.

1914 4796 2065 4843 retur
2112 4789 2177 4842 ¹⁰.
2215 4808 2233 4840 ι
2292 4787 2582 4844 Dominum
2629 4787 2950 4851 irridebant,
3013 4795 3074 4841 ut
3140 4785 3338 4840 Filium
3393 4783 3488 4838 Dei

1918 4880 2068 4952 (sese
2119 4881 2454 4954 dicentem),
2495 4897 2675 4951 neque
2728 4881 2984 4937 videbant
3034 4896 3094 4936 se
3142 4878 3489 4949 adoptionem

1920 4973 2181 5043 abjicere,
2211 4981 2271 5027 ut
2300 4974 2414 5044 ipse
2435 4981 2665 5030 testatur
2694 4974 2782 5028 his
2809 4973 2991 5030 verbis
3023 4991 3037 5028 :
3075 4989 3093 5022 ι
3131 4969 3301 5025 Filios
3326 4983 3492 5039 gene-

1987 5129 2030 5161 ¹⁵
2053 5127 2196 5184 Psal.
2235 5142 2477 5195 txxvm,
2514 5130 2565 5185 1.
2644 5129 2688 5161 ⁸⁸
2711 5126 2910 5184 Genes.
2946 5141 3093 5187 mx,
3121 5125 3206 5178 10.
3286 5121 3492 5175 "Osee

1919 5381 1946 5436 J
1955 5382 2076 5438 uda.
2112 5383 2249 5434 hunc
2278 5380 2449 5433 locum
2476 5380 2550 5432 sic
2575 5377 2702 5430 citat
2728 5392 2746 5429 :
2784 5373 3096 5427 Ἀθανασίου
3126 5373 3204 5434 εἰς
3223 5369 3313 5423 τὸν
3334 5386 3494 5422 σταυ-

1924 5445 2139 5524 ρύν.7ᾯ
2167 5451 2458 5524 ἀπόκειται.
2503 5450 2561 5524 ἡ-
2591 5446 2850 5524 ᾼαξιτικὴ
2891 5442 3173 5524 ⁸βασιλεία,
3206 5442 3299 5524 καὶ
3331 5440 3492 5520 μέχρι

1919 5509 2016 5592 τῆς
2046 5509 2363 5592 ἐπιφανείας
2401 5509 2821 5592 αύτοῦλὲιρθανεν
2840 5509 3132 5592 aii—mgni.
3158 5509 3396 5592 μᾴρτυρι
3409 5509 3494 5592 τῷ

1935 5581 2406 5658 Ἰακιῖ)6,’λέγοντιο
2440 5590 2552 5658 Ούκ
2575 5581 2798 5657 eximet
2835 5581 3177 5658 (εἱργᾶρχων
3209 5581 3500 5651 ἐξ,,Ἰούδα,

1924 5665 2023 5717 καὶ·
2045 5662 2112 5714 τὰ
2140 5657 2283 5730 ἑξῆς.
2329 5658 2455 5712 ch
2478 5657 2570 5730 ibi.

1996 5732 2104 5803 (66)
2146 5728 2364 5802 Regius,
2404 5728 2707 5799 χαίροντες.
