4008 6404
456 315 566 370 245

1601 313 1658 367 S.
1701 310 2167 368 ATHANASIUS.
2210 339 2279 352 -ο
2319 307 2547 366 DUBIA.

3609 304 3716 360 2“

457 441 577 494 ravi
621 449 674 494 et
717 437 983 503 exaltavi,
1021 438 1124 508 ipsi
1168 445 1351 492 autem
1402 446 1728 506 spreverunt
1775 452 1861 492 me
1904 436 1972 488 ²¹.
2013 454 2031 487 ι

2141 435 2232 500 ζον
2265 435 2356 488 τὸν
2383 433 2607 506 Κύριον,
2637 432 2713 496 ὡς
2746 431 2870 485 Υίδν
2901 429 3058 498 Θεοῦ,
3087 429 3182 484 καὶ
3210 429 3309 483 οὐκ
3335 427 3562 482 ἔϐλεπον
3591 429 3721 482 ἀπο-

457 531 526 585 Et
565 549 580 585 :
625 549 643 582 ι
685 529 824 586 Ecce
849 530 1176 600 relinquitur
1201 527 1376 599 .vobis
1424 527 1624 583 domus
1675 533 1859 583 vestra
1901 527 1966 580 “.
2011 544 2029 578 ι

455 616 729 674 Potabant
760 636 885 676 eum
927 629 1082 675 aceto
1113 626 1166 673 et
1212 616 1357 685 felle,
1392 617 1486 674 sed
1509 619 1612 672 hac
1644 618 1697 672 in
1733 633 1792 673 re
1819 633 2036 688 quoque

460 711 616 767 valde
645 713 796 767 caeci.
817 710 950 766 Nam
977 710 1120 766 Deus
1149 710 1362 766 vineam
1395 727 1459 766 ex
1479 709 1713 782 [Egypto
1741 711 2034 766 transtule-

456 813 566 868 rat,
615 812 668 858 et
717 805 1056 874 plantaverat
1110 803 1281 863 illam.
1330 811 1385 858 et
1443 804 1782 873 exspectavit
1826 819 1892 858 ex
1945 804 2035 858 illa

457 909 518 949 se
559 903 941 964 percepturum
972 893 1238 960 fructum,
1265 909 1424 950 uvam
1463 903 1516 948 et
1548 895 1734 948 vinum
1774 915 1786 948 :
1821 896 1896 949 illi
1933 911 2034 950 au-

455 993 566 1041 tem
606 987 924 1057 insipientes
961 1001 1058 1050 pro
1087 987 1216 1041 vino
1250 995 1485 1050 acetum,
1520 1001 1620 1055 pro
1664 1002 1766 1041 uva
1811 987 1880 1043 fel
1910 989 2038 1043 red-

458 1079 646 1134 didere
681 1097 693 1132 :
731 1089 1110 1150 argumentum
1144 1097 1277 1136 sane
1313 1080 1661 1138 Sodomitica:
1694 1099 1807 1138 sua:
1833 1083 2035 1153 impro-

455 1171 640 1228 bitatis
673 1172 1035 1240 exhibentes;
1066 1174 1181 1244 82
1223 1174 1440 1229 illorum
1485 1177 1629 1232 enim
1672 1191 1777 1230 uva
1819 1175 1890 1231 fel
1928 1183 2033 1244 est,

453 1272 512 1316 ιιι
555 1264 613 1317 in
653 1263 1075 1319 Deuteronomio
1113 1265 1380 1336 scriptum
1419 1275 1504 1322 est
1538 1269 1604 1324 ³³.
1636 1267 1763 1323 Ideo
1798 1283 2035 1338 namque

453 1353 722 1416 Dominus
748 1365 802 1412 et
838 1355 1087 1412 Salvator
1118 1365 1337 1422 noster,
1381 1375 1506 1414 cum
1547 1362 1714 1416 sciret
1759 1361 2033 1430 ejusmodi

453 1446 697 1502 fructum
729 1450 798 1504 ab
831 1449 940 1504 illis
968 1458 1360 1520 preventurum
1381 1492 1395 1512 ,
1428 1453 1679 1522 praedixit
1726 1453 1835 1509 illis
1875 1468 2035 1524 para-

453 1541 634 1595 liolam
693 1541 841 1605 vitis,
899 1551 952 1598 et
1008 1545 1153 1612 quod
1207 1545 1277 1599 ab
1322 1545 1430 1601 illis
1482 1544 1839 1600 auferendum
1888 1555 2035 1602 esset

453 1651 680 1706 regnum
736 1636 1044 1701 caelorum,
1101 1637 1538 1708 tradendumque
1605 1637 1751 1708 genti
1812 1637 2031 1692 facienti

452 1730 669 1783 fructus
708 1727 848 1797 ejus.
881 1728 962 1782 Ad
1003 1729 1138 1791 hinc,
1190 1730 1425 1784 divisere
1465 1730 1818 1784 carnificibus
1862 1731 2030 1784 vesti-

2145 527 2462 600 ϐαλλόμενοι
2485 525 2582 597 τὴν
2604 523 2876 578 υἱοθεσίαν
2907 521 3039 595 (67),
3071 523 3145 587 ὡς
3174 521 3334 585 αὐτὸς
3359 519 3721 593 διαμαρτύρο-

2140 638 2231 675 ται
2262 621 2434 690 λέγων
2455 637 2467 651 ·
2501 639 2518 671 ι
2549 619 2713 682 Υίοὺς
2743 617 3006 687 ἐγέννησα
3027 617 3120 669 καὶ
3145 613 3354 685 ὕψωσα,
3388 613 3541 666 αὐτοὶ
3563 612 3620 666 δέ
3649 629 3720 683 με

2141 713 2444 784 ἠθέτησαν·
2476 732 2494 765 ι
2531 713 2645 777 καὶ,
2675 730 2694 762 ι
2717 710 2848 764 Ἰδοὺ
2877 709 3097 778 ἀφίεται
3119 707 3247 778 ὑμῖν
3276 708 3305 760 6
3334 702 3478 770 οἶκος
3505 704 3714 777 ὑμῶν.)

2156 806 2433 870 Ἐπότιζον
2458 805 2620 858 αὑτὸν
2645 804 2765 870 ὅξος
2794 805 2889 857 καὶ
2918 801 3098 873 χολὴν,
3129 799 3264 853 ἀλλὰ
3288 800 3381 852 καὶ
3403 798 3560 852 τοῦτο
3586 798 3720 868 σφό-

2141 897 2244 968 δρα
2285 895 2484 965 τυφλὸν
2517 894 2636 947 κατ’
2673 892 2872 946 αὐτῶν.
2911 892 2968 944 Ὁ
3011 890 3108 961 μὲν
3131 888 3258 963 ,γὰρ
3300 886 3431 947 Θεὸς
3474 886 3720 958 ἄμπελον

2143 989 2202 1056 ἐξ
2247 987 2523 1057 Αἰγύπτου
2563 987 2786 1057 μετῆρε,
2830 985 2925 1038 καὶ
2969 981 3370 1051 κατεφύτευσεν
3398 979 3590 1050 αὐτὴν,
3624 979 3720 1035 καὶ

2145 1081 2439 1154 περιέμενε
2467 1080 2561 1133 τοῦ
2591 1079 2778 1133 λαϐεῖν
2811 1077 2940 1148 παρ’
2971 1074 3150 1128 αὐτῶν
3190 1073 3279 1126 τὸν
3326 1071 3558 1145 καρπὸν,
3589 1088 3719 1125 στα-

2142 1174 2315 1244 φυλὴν
2348 1174 2442 1226 καὶ
2465 1169 2605 1225 οἶνον
2625 1188 2638 1200 ·
2671 1173 2720 1224 οί
2745 1170 2803 1223 δέ
2830 1169 3080 1240 ἄφρονες,
3110 1167 3230 1221 ἀντὶ
3261 1164 3402 1219 οίνου
3429 1163 3571 1229 ὅξος,
3600 1165 3720 1218 ἀντὶ

2140 1267 2197 1320 δὲ
2243 1265 2515 1336 σταφυλῆς
2561 1261 2723 1334 χολήν
2771 1261 3066 1323 ἐπεδίδουν,
3110 1257 3399 1330 γνώρισμα
3445 1260 3546 1328 τῆς
3578 1256 3720 1310 κατὰ

2141 1356 2434 1427 Σοδομίτας
2478 1354 2655 1409 αὐτῶν
2689 1353 2884 1415 κακίας
2912 1351 3298 1422 ἐμφαίνοντεςο
3345 1348 3438 1402 καὶ
3486 1346 3596 1418 γὰρ
3623 1348 3720 1401 αύ-

2139 1448 2250 1502 τῶν
2279 1450 2313 1519 ἡ
2348 1447 2590 1517 σταφυλὴ
2617 1445 2746 1516 χολή
2777 1447 2915 1508 ἐστι,
2941 1441 3081 1496 κατὰ
3107 1443 3174 1495 τὰ
3209 1443 3266 1494 ἐν
3296 1439 3374 1511 τῷ
3401 1441 3720 1510 Δευτερονο-

2145 1540 2251 1610 μίῳ
2275 1537 2654 1609 γεγραμμένα.
2683 1536 2782 1590 Διὰ
2807 1536 2964 1588 τοῦτο
2994 1533 3102 1605 γὰρ
3129 1536 3157 1587 ό
3184 1532 3387 1605 Κύριος
3413 1533 3508 1586 xal.
3529 1531 3720 1603 Σωτὴρ

2141 1631 2319 1702 ἡμῶν,
2353 1629 2505 1693 εἰδὼς
2530 1629 2620 1682 τὸν
2653 1628 2782 1698 παρ’
2814 1625 2992 1679 αὐτῶν
3029 1625 3284 1695 ἐσόμενον
3317 1624 3560 1676 τοιοῦτον
3587 1639 3721 1693 καρ-

2141 1725 2262 1782 πὸν,
2299 1722 2593 1794 προέλεγεν
2631 1722 2814 1784 αὐτοῖς
2849 1719 2947 1788 τὴν
2983 1716 3294 1790 παραϐολὴν
3323 1716 3417 1769 τοῦ
3459 1715 3721 1787 ἀμπελῶ-

453 1829 661 1885 menta,
693 1819 868 1888 ignari
898 1819 1186 1875 divisionis
1211 1819 1682 1892 dispersionisque
1710 1819 1905 1874 futurae
1933 1821 2031 1875 sibi

2141 1837 2250 1883 νος,
2275 1819 2369 1872 καὶ
2393 1818 2472 1869 ὃτι
2499 1815 2798 1887 ἀρθήσεται
2827 1813 2918 1882 ἀφ’
2947 1811 3098 1883 ὑμῶν
3124 1810 3234 1881 (68)
3267 1811 3300 1881 ἡ
3339 1809 3585 1880 βασιλεία
3611 1809 3720 1863 τῶν

452 1911 596 1966 inter
624 1919 814 1981 gentes
857 1930 872 1967 :
913 1911 988 1965 ait
1034 1913 1179 1966 enim
1209 1913 1473 1983 propheta
1520 1932 1533 1966 :
1584 1932 1602 1964 ι
1649 1911 1788 1968 Ecce
1815 1913 2033 1968 venient

452 2005 572 2058 dies
624 2003 859 2067 Domini,
909 2012 963 2059 et
1013 2003 1327 2061 dividentur
1372 2004 1544 2074 spolia
1595 2013 1688 2058 tua
1748 2006 1800 2059 in
1856 2014 1928 2060 te.
1967 2004 2033 2058 Et

452 2095 795 2165 congregabo
831 2109 1023 2149 omnes
1074 2102 1261 2164 gentes
1309 2094 1377 2148 ad
1425 2093 1726 2150 Jerusalem
1781 2093 1836 2148 in
1892 2109 2036 2164 pra:-

450 2187 606 2254 lium,
639 2198 692 2242 et
735 2188 981 2257 capietur
1025 2190 1238 2254 civitas,
1275 2195 1330 2242 et
1368 2187 1696 2257 diripientur
1725 2187 1946 2252 domus,
1977 2194 2033 2243 et

450 2280 710 2336 mulieres
745 2279 1173 2335 violabuntur“.
1203 2299 1222 2332 ι
1247 2278 1314 2334 Et
1348 2295 1567 2335 rursum
1591 2299 1604 2335 :
1629 2298 1648 2331 ι
1672 2278 1829 2334 Nunc
1849 2296 2034 2335 come-

449 2374 542 2428 det
589 2372 786 2444 rubigo
821 2381 998 2429 sortes
1039 2387 1229 2428 eorum
1255 2375 1322 2427 ιδ.
1361 2392 1380 2426 ι
1419 2372 1486 2426 Et
1525 2383 1583 2428 ιιι
1605 2372 1858 2429 Μὶειιωοε
1897 2375 1973 2427 ait
2015 2392 2028 2427 :

455 2485 473 2517 ι
516 2463 574 2520 ιιι
611 2465 704 2519 illa
733 2465 822 2520 die
851 2472 1102 2520 sumetur
1127 2479 1293 2534 super
1325 2479 1421 2519 vos
1453 2465 1731 2533 parabola,
1763 2473 1818 2519 et
1850 2465 2033 2535 plora-

449 2569 543 2616 tus
581 2575 706 2613 cum
744 2558 983 2621 cantico,
1018 2556 1106 2612 his
1140 2556 1324 2611 verbis
1367 2575 1381 2610 :
1415 2555 1688 2610 Airumna
1720 2570 2030 2612 aerumnosa

449 2651 593 2706 facta
624 2659 708 2706 est
742 2651 919 2721 portio
960 2649 1146 2720 populi
1189 2650 1316 2714 mei,
1341 2648 1587 2704 funiculo
1627 2649 1861 2704 dimensi
1903 2657 2032 2705 sunt

449 2743 622 2805 illam,
663 2757 762 2796 nec
793 2749 912 2797 erat
941 2742 1031 2811 qui
1064 2741 1349 2811 impediret
1376 2757 1501 2797 eum
1537 2757 1605 2796 ne
1643 2747 1982 2796 averteretur
2014 2760 2026 2796 :

370 2899 381 2907 .
449 2849 612 2904 agros
654 2841 866 2890 vestros
911 2833 1140 2888 dimensi
1185 2842 1314 2888 sunt
1347 2835 1413 2888 “.
1450 2854 1468 2886 ι
1509 2832 1577 2886 Ει
1616 2843 1674 2887 ιιι
1705 2833 2030 2905 compendio

447 2929 653 2992 dicam,
687 2927 951 2983 adversus
986 2925 1275 2980 Dominum
1307 2926 1450 2989 ausi,
1495 2941 1650 2981 suam
1690 2925 1794 2995 ipsi
1837 2933 2030 2980 contra

450 3037 572 3076 sese
615 3020 985 3090 provocabant
1022 3018 1188 3084 diem,
1224 3035 1387 3089 quam
1422 3017 1672 3088 przedixit
1704 3019 1969 3088 propheta
2012 3039 2026 3074 :

452 3131 473 3166 ι
522 3111 648 3168 Dies
694 3111 840 3167 enim
891 3110 1088 3182 judicli
1136 3109 1370 3175 Domini,
1415 3109 1794 3165 retributionis
1833 3108 2028 3178 judicii

2140 1912 2406 1986 οὐρανῶν,
2435 1912 2529 1965 καὶ
2558 1909 2841 1980 δοθήσεται
2872 1908 3012 1961 ἔθνει
3047 1904 3290 1959 ποιοῦντι
3321 1905 3446 1968 τοὺς
3473 1904 3721 1976 καρποὺς

2141 2005 2332 2074 αὐτῆς.
2361 2003 2504 2075 Πρὸς
2528 2000 2736 2063 τούτοις
2761 1999 2979 2070 διήρουν
3017 1997 3086 2051 τὰ
3113 1997 3305 2070 ἱμάτια
3337 1997 3448 2061 τοῖς
3482 1995 3718 2068 δημίοις,

2139 2097 2238 2168 ούχ
2270 2096 2504 2168 ὁρῶντες
2531 2096 2623 2149 τὸν
2665 2095 2786 2149 κατ’
2821 2095 2996 2148 αὐτῶν
3025 2097 3082 2148 ἐν
3115 2096 3226 2158 τοῖς
3255 2093 3432 2147 ἔθνεσι
3465 2093 3723 2163 γιγνόμε-

2139 2205 2228 2242 νον
2278 2186 2544 2259 μερισμόν
2579 2185 2720 2257 (69)°
2754 2186 2886 2256 φησὶ
2926 2184 3034 2256 γὰρ
3075 2185 3104 2236 ὁ
3151 2184 3471 2256 προφήτηςο
3527 2202 3544 2234 ι
3591 2182 3720 2236 Ἰδοὺ

2141 2279 2348 2352 ἡμέραι
2385 2278 2637 2351 ἔρχοντα.
2689 2277 2781 2332 τοῦ
2829 2277 3056 2349 Κυρίου,
3100 2277 3194 2330 καὶ
3237 2275 3722 2348 διαμερισθήσεται

2138 2373 2210 2428 τὰ
2233 2373 2405 2427 σκύλα
2434 2390 2526 2426 σου
2574 2374 2630 2426 ἐν
2666 2371 2767 2425 σοί.
2807 2371 2916 2424 Καὶ
2941 2368 3249 2435 ἐπισυνὰξω
3280 2371 3458 2422 πάντα
3498 2368 3568 2422 τὰ
3596 2368 3719 2441 ἔθνη

2139 2470 2220 2532 είς
2265 2467 2502 2538 πόλεμον
2542 2468 2623 2530 είς
2664 2464 3021 2537 Ἰερουσαλὴμ
3057 2461 3191 2533 (70),
3234 2463 3329 2515 καὶ
3373 2461 3642 2516 ἁλώσεται
3684 2464 3718 2534 ἡ

2140 2560 2314 2624 πόλις,
2351 2561 2446 2613 καὶ
2477 2559 2940 2630 διαρπαγήσονται
2969 2558 3023 2608 αἱ
3043 2557 3234 2620 οἰκίαι,
3263 2557 3357 2609 καὶ
3383 2557 3439 2609 αἱ
3469 2558 3722 2625 γυναῖκες

2142 2657 2595 2729 μολυνθήσονται⁶
2640 2675 2658 2708 ι
2696 2655 2790 2708 καὶ
2824 2653 3019 2706 πάλινο
3073 2670 3091 2703 ι
3136 2651 3250 2705 Νῦν
3285 2651 3662 2721 καταφάγεται
3688 2650 3722 2720 ἡ

2139 2749 2360 2822 ἐρυσίϐη
2391 2747 2504 2819 (71)
2538 2748 2664 2810 τοὺς
2691 2746 2927 2816 κλήρους
2949 2744 3155 2799 αὐτῶν·
3183 2763 3201 2796 ι
3235 2745 3328 2797 καὶ
3357 2743 3542 2807 καθὼς
3566 2744 3595 2795 6
3620 2743 3725 2796 Μι-

2138 2839 2300 2910 χαίας
2329 2837 2491 2908 φησί’
2529 2855 2548 2888 ‹
2583 2837 2662 2907 Τῇ
2691 2835 2873 2907 ἡμέρᾳ
2895 2833 3077 2906 ἐκείνῃ
3104 2831 3438 2904 ληφθήσεται
3466 2831 3548 2901 ἐφ’
3579 2832 3724 2901 ὑμᾶς

2138 2928 2446 3000 παραϐολὴ,
2491 2927 2588 2982 καὶ
2637 2927 2964 2999 θρηνήσεται
3008 2923 3203 2996 θρῆνος
3245 2923 3444 2994 ἐμμεεὶ
3488 2923 3598 2994 (72)
3635 2923 3724 2975 λέ-

2137 3039 2248 3090 γων
2263 3040 2276 3053 ·
2293 3020 2648 3093 Ταλαιπωρίᾳ
2663 3017 3075 3090 ἐταλαιπώρησε
3097 3017 3253 3089 μερὶς
3271 3016 3398 3069 λαοῦ
3425 3034 3547 3087 μου,
3564 3033 3726 3070 κατε-

2141 3112 2386 3185 μετρήθη
2424 3114 2481 3166 ἐν
2526 3111 2761 3184 σχοινίῳ,
2828 3113 2928 3165 οὐκ
2970 3107 3037 3184 ἦν
3081 3113 3108 3165 ό
3143 3109 3365 3164 κωλύων
3403 3109 3568 3162 αὐτὸν
3630 3107 3724 3161 τοῦ

451 3204 607 3260 Sion.
661 3203 726 3257 Et
777 3211 1170 3258 convertentur
1215 3204 1384 3258 valles
1432 3203 1488 3256 in
1547 3202 1745 3272 picem,
1786 3208 1840 3256 et
1887 3209 2031 3257 terra

2140 3205 2513 3278 ἀποστρέψαι·
2557 3206 2607 3258 oi
2653 3204 2814 3274 ἀγροὶ
2847 3204 2999 3275 ὑμῶν
3045 3203 3498 3276 διεμετρήθησαν.
3547 3221 3566 3254 ι
3602 3203 3727 3272 ,Καὶ

446 3297 569 3365 ejus
623 3297 679 3350 in
734 3296 983 3366 sulphur.
1030 3295 1257 3366 Eritque
1306 3303 1450 3349 terra
1498 3310 1690 3349 eorum
1733 3294 1892 3363 quasi
1938 3294 2033 3364 pix

450 3389 652 3445 ardens
682 3400 842 3444 nocte
883 3398 936 3444 et
973 3389 1081 3453 die,
1109 3397 1162 3443 ct
1187 3405 1293 3442 non
1324 3387 1708 3458 exstinguctur
1739 3388 1794 3441 in
1831 3388 2034 3458 sempi-

448 3494 690 3546 ternum,
734 3483 1098 3554 ascendetque
1131 3482 1314 3537 fumus
1355 3483 1474 3551 ejus
1524 3497 1768 3537 sursum.
1811 3479 1938 3536 Haec
1977 3481 2033 3534 in

448 3575 856 3646 generationem
885 3575 1246 3638 desolabitur,
1283 3582 1339 3630 et
1377 3573 1706 3628 habitabunt
1738 3573 1793 3627 in
1839 3589 1903 3628 ea
1939 3589 2034 3628 vo-

449 3666 631 3721 lucres
672 3673 726 3720 et
761 3664 1022 3730 erinacei,
1053 3674 1106 3720 et
1134 3664 1309 3719 ibides
1342 3671 1397 3718 et
1434 3663 1606 3718 corvi.
1644 3662 1711 3716 Et
1742 3661 2034 3716 inducetur

449 3758 504 3810 in
542 3771 660 3812 eam
703 3755 984 3812 funiculus
1027 3756 1338 3828 geometria:
1365 3755 1557 3820 eremi,
1589 3761 1644 3810 et
1673 3755 2030 3810 onocentauri

451 3849 777 3904 liabitabunt
839 3849 896 3903 in
959 3865 1042 3904 ea.
1106 3847 1395 3918 Principes
1457 3847 1579 3917 ejus
1643 3863 1754 3902 non
1812 3856 2030 3913 erunt;

447 3955 604 4009 rcges
653 3948 707 3994 et
764 3948 1047 4011 magnates
1097 3940 1217 4009 ejus
1262 3947 1425 3994 erunt
1486 3939 1540 3992 in
1591 3938 1911 4009 perniciem.
1966 3936 2035 3990 Et

367 4049 370 4058 ’
447 4033 798 4103 pullulabunt
836 4035 891 4088 in
930 4033 1248 4088 civitatibus
1286 4031 1406 4101 ejus
1448 4031 1594 4100 ligna
1635 4031 1845 4100 spinea,
1882 4037 1938 4085 et
1977 4030 2031 4083 in

447 4123 722 4196 praesidiis
753 4125 892 4194 ejus.
935 4123 1001 4178 Et
1037 4125 1142 4178 erit
1171 4123 1451 4180 stabulum
1483 4123 1751 4186 sirenum,
1783 4131 1838 4178 et
1870 4130 2033 4192 tugu-

445 4221 586 4274 rium
630 4220 1028 4280 struthionum,
1058 4227 1113 4272 et
1151 4225 1442 4270 occurrent
1474 4214 1742 4269 daemonia
1791 4229 2033 4269 onocen-

443 4312 640 4378 tauris,
680 4320 733 4367 et
760 4311 1076 4366 clamabunt
1121 4309 1258 4362 alter
1301 4306 1369 4361 ad
1412 4307 1665 4362 alterum.
1717 4305 1792 4362 Ibi
1849 4307 2033 4376 requi-

442 4411 634 4460 oscent
667 4401 1027 4457 onocentauri
1057 4419 1068 4454 :
1102 4401 1431 4454 invenerunt
1466 4398 1610 4452 enim
1629 4399 1732 4454 sibi
1766 4400 2028 4470 requiem.

443 4492 522 4548 lbi
557 4493 744 4548 nidum
781 4492 910 4548 fecit
946 4491 1257 4556 erinaceus,
1285 4499 1340 4544 et
1369 4490 1607 4546 servavit
1633 4498 1778 4546 terra
1805 4506 2030 4560 campos

443 4603 576 4642 suos
600 4601 726 4640 cum
750 4584 1047 4641 securitate
1070 4583 1136 4639 ’⁷.
1171 4603 1188 4633 ι

2137 3299 2413 3353 συνελόντι
2456 3299 2682 3370 φράσαι,
2731 3298 3102 3369 τολμήσαντες
3157 3297 3298 3352 κατὰ
3348 3295 3442 3350 τοῦ
3493 3295 3723 3367 Κυρίου,

2135 3389 2256 3444 καθ’
2300 3389 2505 3442 ἑαυτῶν
2538 3389 2634 3460 τὴν
2675 3388 2890 3460 ἡμέραν
2938 3389 3428 3460 προσεκαλέσαντο,
3471 3388 3540 3459 ἥν
3588 3405 3726 3459 προ-

2135 3483 2287 3551 έλεγε
2316 3481 2410 3534 καὶ
2448 3482 2477 3534 6
2514 3482 2833 3554 προφήτης
2877 3500 2896 3533 ι
2939 3482 3152 3554 Ἡμέρα
3194 3481 3298 3553 γὰρ
3339 3481 3578 3551 κρίσεως
3607 3483 3726 3534 Κυ-

2136 3575 2276 3647 ρίου,
2323 3573 2732 3637 ἀνταποδόσεως
2765 3574 3000 3646 κρίσεως
3041 3573 3197 3626 Σιών.
3234 3575 3343 3627 Καὶ
3384 3575 3726 3646 στραφήσον-

2132 3685 2225 3722 ται
2270 3667 2328 3720 at
2370 3668 2654 3738 φάραγγες
2712 3669 2792 3730 εἰς
2844 3667 3064 3732 πίσσαν,
3101 3668 3254 3736 καὶὴ
3302 3666 3374 3739 γῆ
3423 3667 3596 3739 αὐτῆς
3645 3668 3727 3733 είς

2135 3761 2298 3815 θεῖον.
2335 3762 2446 3815 Καὶ
2479 3760 2630 3813 ἐσται
2663 3761 2695 3830 ἡ
2731 3760 2803 3831 γῆ
2837 3761 3004 3831 αὐτῆς
3043 3761 3116 3824 ὼς
3139 3759 3304 3812 πίσσα
3335 3761 3602 3830 καιομένη
3636 3778 3728 3814 νυ-

2135 3854 2262 3918 κτὸς
2289 3855 2380 3908 καὶ
2411 3854 2640 3926 ἡμέρας,
2682 3856 2776 3908 καὶ
2803 3855 2862 3908 οὐ
2911 3853 3265 3924 σϐεσθήσεται
3316 3853 3397 3916 είς
3427 3852 3520 3906 τὸν
3553 3853 3727 3907 αἰῶνα

2134 3945 2344 4016 χρόνον,
2363 3947 2457 4001 καὶ
2474 3946 2804 4016 ἀναϐήσεται
2826 3945 2854 3997 6
2875 3947 3080 4010 καπνὸς
3097 3945 3266 4016 αὐτῆς
3285 3943 3417 3999 ἄνω.
3436 3944 3588 4017 Αὕτη
3613 3945 3723 4018 (75)

2134 4040 2214 4102 είς
2237 4039 2430 4108 γενεὰν
2459 4038 2898 4110 ἐρημωθήσεται,
2928 4039 3022 4092 καὶ
3049 4040 3465 4110 κατοικήσουσιν
3493 4039 3551 4090 ἐν
3583 4038 3723 4110 αὐτῇ

2134 4129 2300 4201 ὄρνεα
2342 4131 2437 4184 καὶ
2473 4131 2661 4201 ἐχῖνοι,
2696 4132 2789 4185 καὶ
2826 4131 2981 4195 ἴϐεις,
3032 4131 3125 4184 καὶ
3161 4129 3412 4202 κόρακες.
3453 4131 3566 4184 Καὶ
3607 4133 3728 4184 ἐπι-

2136 4221 2468 4295 ϐληθήσεται
2499 4224 2587 4276 ἐπ’
2613 4226 2782 4298 αὐτὴν
2827 4225 3088 4296 σπαρτίον
3114 4225 3456 4297 γεωμετρίας
3487 4226 3724 4297 ἐρήμου,

2135 4315 2230 4368 καὶ
2273 4314 2653 4385 όνοκένταυροι
2699 4317 3011 4387 οἰκήσουσιν
3057 4317 3113 4368 ἐν
3162 4315 3319 4387 αὐτῇ.
3355 4316 3432 4384 .οί
3466 4316 3728 4388 ἄρχοντες

2136 4405 2309 4476 αὐτῆς
2337 4405 2436 4458 οὐκ
2463 4405 2708 4460 ἔσονται·
2743 4409 2836 4460 καὶ
2867 4409 2916 4460 οἱ
2943 4407 3180 4478 βασιλεῖς
3208 4408 3302 4461 καὶ
3327 4409 3376 4461 oi
3400 4412 3729 4479 μεγιστᾶνες

2137 4499 2308 4568 αὐτῆς
2341 4497 2553 4552 ἔσονται
2588 4501 2669 4563 είς
2705 4499 3007 4555 ἀπώλειαν.
3050 4501 3158 4554 Καὶ
3191 4501 3457 4572 ἀναφύσει
3503 4505 3584 4568 εἰς
3627 4504 3728 4569 τὰς

2138 4587 2322 4650 πόλεις
2350 4588 2519 4659 αὐτῆς
2559 4588 2824 4642 ἀκάνθινα
2853 4589 3004 4654 ξύλα,
3040 4591 3134 4644 καὶ
3164 4592 3244 4654 είς
3286 4591 3353 4645 τὰ
3390 4593 3728 4665 ὀχυρώματα

441 4684 636 4754 αὐτῆς.
663 4684 774 4736 Kal.
801 4682 954 4736 ἔσται
1018 4680 1245 4745 ἔπαυλις
1277 4683 1542 4753 σειρήνων
1577 4682 1671 4736 καὶ
1741 4683 1878 4756 αὐλὴ
1916 4684 2212 4756 στρουθῶν,
2255 4692 2346 4738 καὶ
2391 4688 2780 4757 συναντήσουσι
2846 4687 3096 4758 δαιμόνια
3157 4689 3586 4762 όνοκενταύροις,
3632 4693 3729 4745 καὶ

445 4782 733 4850 βοήσουσιν
765 4779 951 4850 ἕτερος
974 4779 1109 4851 πρὸς
1136 4779 1228 4834 τὸν
1257 4779 1460 4857 ἕτερον.
1503 4783 1651 4836 Ἑκεῖ
1679 4780 2085 4834 ἀναπαύσονται
2114 4782 2522 4853 όνοκένταυροιο
2553 4777 2710 4854 εὖρον
2769 4783 2879 4853 γὰρ
2939 4785 3122 4847 αὐτοῖς
3172 4783 3498 4839 ἀνάπαυσιν.

3580 4785 3730 4839 Ἑκεί

444 4876 762 4931 ἐνόσσευσεν
792 4875 985 4943 ἐχῖνος,
1015 4876 1109 4932 καὶ
1138 4873 1338 4929 ἔσωσεν
1385 4877 1417 4948 ἡ
1446 4877 1515 4949 γῆ
1546 4878 1615 4932 τὰ
1648 4877 1806 4930 πεδία
1849 4877 2017 4947 αὐτῆς
2048 4877 2185 4946 μετὰ
2211 4877 2530 4946 ἀσφαλείας.
2559 4897 2578 4929 ι

515 4970 604 5024 55.
649 4966 708 5022 In
759 4967 858 5022 has
901 4969 1242 5038 calamitates
1297 4971 1610 5028 inciderunt
1660 4972 1855 5037 Judaei,
1905 4987 2030 5026 cum

445 5069 703 5132 putarent
753 5075 814 5116 se
867 5061 1155 5117 Dominum
1201 5064 1452 5120 occidere
1501 5084 1514 5120 :
1561 5067 1677 5125 haec
1736 5066 2028 5120 adversum

447 5170 508 5208 se
558 5162 947 5222 provocarunt,
994 5155 1122 5209 dum
1170 5156 1473 5213 clamarent
1516 5159 1570 5212 in
1619 5158 1959 5212 Salvatorem
2015 5177 2028 5211 :

520 5312 563 5342 “
608 5310 710 5366 lsa.
763 5311 893 5375 ιλ.
987 5315 1032 5346 ³⁸
1073 5312 1242 5367 Matth
1325 5328 1500 5380 xxm,
1561 5314 1652 5368 '58.

449 5383 494 5414 ³⁸
535 5381 700 5438 Micb.
737 5399 798 5448 ιι,
831 5383 898 5448 4,
936 5384 990 5441 ὅ.
1067 5386 1109 5414 ’⁷
1150 5385 1254 5440 lsa.
1291 5401 1477 5449 χχχιιι,
1533 5386 1694 5438 ,ις-15.

667 5555 891 5632 βεδε-νε,
924 5561 1021 5632 τῆς
1053 5561 1348 5625 υἱοθεσίας.

667 5627 1016 5715 μιιᾘρείιιέ..
1039 5632 1180 5686 Editi
1207 5631 1482 5715 νονυειάᾷ
1505 5630 1683 5711 ήμῶν.
1839 5699 1862 5715 ἢ

517 5698 630 5768 ιθθ)
668 5698 884 5784 Regius
917 5702 1086 5757 codex
1128 5719 1182 5757 et
1218 5698 1450 5772 Anglia
1477 5698 1799 5770 γιγνὸαενον
1834 5699 2022 5770 διαμε-

450 5769 658 5846 ρισμόν.
695 5771 836 5830 Eum
871 5788 1018 5845 vero,
1053 5772 1372 5846 γιγνόμενον
1404 5771 1687 5845 μερισμόν.

1958 5897 2077 5906 ’κο-..-

1783 5312 1829 5343 ²³
1870 5310 2031 5367 Deut.
2089 5327 2263 5378 xxx",
2327 5311 2414 5374 12.

2209 4973 2297 5028 '55.
2341 4973 2528 5027 Ταῦτα
2571 4973 2903 5027 πεπόνθασιν
2929 4975 2979 5027 oi
3017 4976 3279 5041 Ἰουδαῖοι,
3321 4977 3608 5042 δοκοῦντες
3635 4980 3729 5033 τὸν

2137 5065 2342 5137 Κύριον
2374 5066 2753 5120 ἀποκτείνειψ
2787 5066 2963 5121 ταῦτα
3009 5067 3129 5122 καθ’
3175 5069 3383 5124 ἑαυτῶν
3426 5072 3731 5142 προεκαλέ-

2139 5173 2322 5222 σαντο,
2355 5155 2587 5228 βοῶντες
2615 5157 2759 5212 κατὰ
2785 5159 2877 5211 τοῦ
2918 5160 3198 5232 Σωτῆρος·
3232 5163 3290 5214 ἐν
3326 5159 3540 5226 τούτοις
3567 5180 3730 5216 κατε-

2521 5311 2566 5343 ²⁵
2626 5311 2856 5369 Zachar.
2907 5331 3021 5382 xiv,
3059 5317 3124 5385 1,
3157 5317 3212 5374 2-.
3321 5318 3365 5351 "
3404 5316 3547 5374 Osee
3580 5335 3634 5384 v,
3673 5318 3718 5375 7.

2211 5556 2323 5644 i292
2364 5556 2702 5644 εἴθείυενέπὶ
2735 5560 3115 5644 Ῑιξρουεαλιιις

2364 5628 2676 5715 ξιξιιῖεειυε
2699 5638 2754 5683 ει
2782 5628 2994 5715 ᾼιιειὶο.
3030 5628 3174 5715 Editi
3207 5647 3351 5715 vero.
3390 5635 3649 5715 ἐρυσίμη.

2207 5698 2317 5772 (3g)
2372 5698 2618 5772 ξιξμμεεί,
2650 5698 2913 5756 mendose
2939 5717 3040 5770 pro
3068 5705 3126 5755 ἐν
3166 5702 3340 5772 μέλει.

2204 5767 2316 5842 (75)
2359 5767 2508 5845 Αιήή
2535 5773 2686 5830 deest
2716 5774 2770 5828 in
2799 5767 3122 5846 Anglicano.
