4008 6404
275 349 361 414 ais
1304 373 1395 430 os
1432 374 1770 434 rassroma
1808 380 1896 437 ET
1935 383 2167 444 CRUCE
2206 359 2478 448 eorum.

3412 402 3519 458 9&6

274 477 524 552 κρίθησαν
579 480 923 555 θελήσαντες
972 491 1150 561 κρῖναι
1197 491 1289 546 τὸν
1339 496 1561 566 Κύριον.
1615 499 1723 553 Καί
1764 518 1830 571 μο

1958 506 2013 561 in
2064 509 2151 565 his
2203 510 2448 567 damnati
2491 521 2637 579 sunt,
2705 515 2833 571 dum
2898 518 3098 574 vellent
3153 523 3518 582 condemnare

273 569 539 662 παρελθὼν
565 573 597 625 6
622 572 960 648 βουλόμενος
982 581 1217 649 γενέσθω
1235 584 1511 657 δικαστὴς,
1533 590 1634 643 οὐκ
1655 590 1715 657 ἐξ
1736 569 1845 662 (74)

272 660 473 731 ἀφανῶν
521 669 904 739 πραγμάτων,
926 671 1064 740 ,ἀλλ’
1114 674 1177 727 ἐκ
1227 676 1337 729 τῶν
1379 681 1713 752 γιγνομένων

272 752 506 825 ἀληθειαν
542 756 1033 833 ἀναλογιζόμενος.
1084 766 1192 819 Κοιλ⁸
1231 770 1520 836 σκοπείτω,
1557 773 1641 836 τίς
1676 775 1774 844 μὲν
1805 752 1847 829 *ὁ

269 845 349 900 τοῦ
379 848 676 919 Κυριακοῦ
707 851 941 909 θανάτου
981 858 1213 929 καρπὸς,
1248 860 1301 914 τί
1337 861 1393 914 δὲ
1431 864 1529 935 τῆς
1558 866 1847 939 ἐπιϐουλῆς

267 938 363 991 τῶν
392 938 673 997 Ἰουδαίων
717 945 783 998 τὸ
832 947 1040 1019 κέρδος.
1079 952 1136 1003 ’0
1182 952 1281 1022 μὲν
1320 953 1428 1027 γὰρ
1474 956 1701 1022 θάνατος
1750 938 1843 1012 τοῦ

268 1031 501 1103 Σωτῆρος
535 1034 646 1104 τὴν
701 1038 1027 1113 οἰκουμένην
1068 1043 1426 1117 ἠλευθέρωσε,
1460 1051 1553 1101 καὶ
1601 1050 1670 1104 τά
1714 1051 1841 1124 ἔθνη

268 1122 345 1176 τὸν
381 1123 512 1178 Θεὸν
558 1126 856 1191 ἐδόξασεν⁸
899 1135 928 1186 6
971 1133 1027 1186 δὲ
1070 1135 1180 1189 τῶν
1220 1137 1485 1193 Ἰουδαίων
1532 1141 1700 1212 θυμὸς
1746 1122 1843 1197 σὺν

267 1215 429 1279 αὐτοῖς
464 1220 584 1281 τοῖς
633 1220 917 1287 Ἰουδαίοις
960 1225 1207 1281 ἀπώλεσε
1251 1230 1343 1282 καὶ
1381 1230 1479 1303 τὴν
1528 1235 1703 1299 πόλιν,
1749 1238 1842 1290 καὶ

265 1308 351 1376 τῆς
371 1304 714 1375 θεογνωσίας
745 1314 942 1379 αὐτοὺς
972 1316 1268 1387 ἐτύφλωσε.
1296 1322 1405 1375 Καὶ
1429 1325 1456 1377 6
1485 1324 1584 1395 μὲν
1615 1326 1841 1393 Θάνατος

265 1397 345 1450 τοῦ
368 1399 572 1471 Κυρίου
608 1403 745 1467 τοὺς
775 1408 1001 1476 νεκροὺς
1026 1408 1407 1483 ἐζωοποίησεν,
1431 1417 1465 1486 ἡ
1485 1416 1541 1469 δὲ
1571 1417 1680 1472 τῶν
1713 1421 1842 1475 Ἰου-

262 1487 407 1544 διίων
458 1492 735 1565 ἐπιϐουλὴ
789 1496 891 1567 τῆς
933 1499 1080 1569 ζωῆς
1126 1504 1324 1567 αὐτοὺς
1372 1507 1497 1570 τοὺς
1552 1508 1839 1575 Ἰουδαίους

263 1580 534 1652 ἐστέρησε,
559 1585 658 1639 καὶ
682 1586 782 1641 νῦν
810 1590 914 1642 είσι
949 1592 1116 1663 χωρὶς
1142 1594 1235 1647 τοῦ
1269 1598 1474 1669 Κυρίου
1505 1599 1639 1672 (75).
1667 1603 1776 1656 Καὶ
1809 1605 1838 1656 ὁ

262 1670 350 1739 μὲν
375 1675 618 1746 σταυρὸς
645 1677 746 1731 τοῦ
774 1680 1026 1754 Σωτῆρος
1054 1684 1155 1755 τὴν
1186 1670 1520 1759 Ἐκκλησίαν
1538 1670 1644 1745 τῶν
1671 1693 1837 1747 ἐθνῶν

260 1762 450 1834 ἔρημον
472 1762 646 1821 οὖσαν
673 1770 997 1843 κατῴκησεν
1017 1789 1029 1801 ·
1076 1775 1315 1830 Ἰουδαῖοι
1340 1779 1396 1832 δέ
1428 1783 1491 1852 τῇ
1526 1781 1693 1853 κακία
1712 1784 1837 1836 ἐαυ-

257 1854 351 1909 τῶν
378 1858 474 1910 καὶ
508 1860 616 1930 τῆς
653 1862 983 1936 οἰκουμένης
1008 1866 1238 1933 ἑαυτοὺς
1269 1871 1588 1941 ἐρήμωσαν,
1617 1874 1711 1928 καὶ
1739 1875 1834 1930 νῦν
1864 1861 1907 1914 Β

255 1949 377 2001 εἰσιν
403 1953 508 2004 οὒκ
530 1950 759 2023 ἔχοντες
785 1955 957 2011 πόλιν.
986 1958 1097 2012 Καὶ
1122 1960 1282 2015 πάλιν
1304 1964 1333 2016 6
1355 1963 1454 2034 μὲν
1484 1964 1709 2030 θάνατος
1740 1968 1833 2021 τοῦ

256 2040 493 2112 Σωτῆρος
518 2044 622 2115 τὴν
656 2044 941 2115 βασιλείαν
968 2049 1078 2102 τῶν
1099 2052 1342 2122 οὐρανῶν
1367 2055 1631 2120 ἀνέδειξεν
1654 2074 1665 2087 ·
1709 2059 1836 2112 Ἰου-

254 2131 373 2185 δαῖοι
394 2133 449 2187 δὲ
482 2134 568 2205 τῷ
590 2134 756 2208 θυμῷ
785 2140 880 2191 καὶ
906 2141 1033 2204 τοὺς
1060 2140 1298 2211 βασιλεῖς
1326 2146 1504 2200 αὐτῶν
1521 2146 1829 2217 ἀπώλεσαν,

255 2222 336 2274 καὶ
351 2226 476 2288 τοὺς
503 2230 849 2296 μεγιστᾶνας
877 2232 1189 2288 κατέϐαλον.
1217 2236 1361 2307 Πρὸς
1389 2238 1598 2303 τούτοις
1621 2242 1650 2293 6
1673 2258 1835 2295 σταυ-

254 2314 333 2386 ρὸς
358 2317 449 2370 τοῦ
479 2320 701 2391 Κυρίου
728 2321 993 2392 ἀγγέλους
1019 2326 1221 2397 συνῆψε
1246 2330 1361 2393 τοῖς
1389 2330 1714 2401 ἀνθρώποις,
1740 2334 1833 2387 καὶ

252 2406 459 2475 μεσίτης
488 2410 595 2480 τῆς
626 2412 815 2481 φιλίας
846 2415 1023 2469 αὐτῶν
1050 2418 1271 2487 γέγονεν
1294 2437 1309 2451 ·
1349 2421 1588 2477 Ἰουδαῖοι
1621 2424 1678 2478 δὲ
1709 2427 1830 2481 ἐπι-

251 2496 584 2567 ϐουλεύοντες
613 2504 927 2576 ἐκέρδαναν
954 2508 1053 2581 τὴν
1099 2511 1237 2581 μετά
1275 2513 1546 2585 δαιμόνων
1573 2518 1831 2592 κατοίκη-

249 2606 341 2647 σιν.
378 2594 490 2648 Καὶ
524 2596 558 2648 6
604 2597 708 2667 μὲν
756 2599 986 2666 θάνατος
1025 2603 1118 2657 τοῦ
1168 2606 1405 2677 Χριστοῦ
1446 2609 1700 2680 ἐκούφισε
1732 2611 1831 2683 τὴν

246 2685 342 2737 τῶν
370 2687 690 2760 ἀνθρώπων
724 2691 817 2745 διὰ
840 2694 939 2765 τὴν
980 2695 1255 2767 ἁμαρτίαν
1286 2698 1540 2767 ἀλογίαν
1589 2702 1831 2758 Ἰουδαῖοι

245 2774 293 2829 δὲ
330 2778 709 2855 ἠλογίσθησαν
746 2785 826 2856 τῷ
864 2786 1039 2858 θυμῷ,
1083 2791 1176 2844 καὶ
1224 2792 1319 2845 νῦν
1363 2792 1502 2863 μετὰ
1544 2796 1828 2867 σειρήνων,

246 2868 330 2921 καὶ
362 2871 588 2941 ἐχίνων,
620 2877 721 2930 καὶ
753 2877 1027 2948 στρουθῶν
1053 2880 1164 2951 (76)
1208 2885 1322 2947 τοῖς
1354 2884 1577 2957 τρόποις
1608 2904 1833 2944 συνανα-

246 2962 584 3035 στρέφονται,
614 2966 906 3023 ἀλλόκοτον
933 2972 1147 3042 ἔχοντες
1179 2976 1271 3029 καὶ
1297 2975 1471 3041 οὕτως
1495 2978 1585 3033 τὸν
1609 2981 1826 3053 τρόπον,

243 3053 310 3117 ὡς
343 3057 770 3132 ὀνοκένταυροι.·
797 3063 907 3116 Καὶ
953 3066 1061 3139 γὰρ
1100 3069 1221 3122 ἀντὶ
1257 3068 1351 3123 τοῦ
1398 3071 1585 3143 νόμου,
1629 3075 1829 3146 ἀνομία

244 3149 360 3219 παρ’
383 3151 581 3216 αὐτοῖς
612 3154 793 3208 ἐστιν’
813 3154 934 3209 ἀντὶ
958 3157 1014 3210 δὲ
1036 3158 1361 3230 πραότητος,
1398 3180 1418 3213 ι
1443 3162 1624 3234 Θυμὸς
1647 3166 1829 3232 αὐτοῖς

1950 595 2262 656 Dominum.
2298 601 2556 674 Quisquis
2604 607 2909 672 transierit,
2948 610 3041 676 sit,
3072 612 3117 665 si
3153 613 3299 678 velit,
3325 614 3514 684 j'udex,

1948 706 2050 747 nec
2093 708 2158 747 ex
2208 695 2372 749 rebus
2416 697 2648 753 occultis
2697 698 3074 772 obscurisque,
3118 704 3311 760 scd‘ex
3345 708 3515 776 gestis

1948 780 2234 835 veritatem
2296 784 2536 854 colligat.
2589 786 3036 861 Consideretque,
3088 794 3195 863 qui
3227 794 3299 850 sit
3332 794 3515 851 Domi-

1950 872 2093 927 nicse
2138 875 2331 930 mortis
2385 875 2597 935 fructus
2638 899 2651 934 :
2697 883 2841 949 quod
2885 882 3234 941 Iudaicarum
3289 887 3515 944 insidia-

3532 754 3563 791 \l

1947 979 2067 1018 rum
2138 968 2586 1028 emolumentum.
2650 971 2925 1044 Siquidem
3007 992 3156 1034 mors
3218 978 3513 1038 Salvatoris

1943 1057 2133 1112 orbem
2182 1066 2451 1114 terrarum
2512 1062 2777 1131 liberavit,
2841 1069 2916 1121 ita
2980 1077 3040 1123 ut
3093 1075 3282 1139 gentes
3342 1069 3512 1128 Deum

1944 1146 2246 1217 gloriﬁcent
2297 1168 2309 1203 :
2370 1147 2680 1207 Judaaorum
2725 1170 2852 1211 vero
2892 1156 3044 1212 furor
3082 1160 3355 1215 civitatem
3386 1176 3511 1215 cum

1945 1237 2076 1306 ipsis
2118 1236 2318 1294 Judaris
2368 1242 2619 1311 perdidit,
2664 1257 2716 1300 et
2761 1247 2817 1301 in
2864 1246 2977 1303 Dei'
3006 1250 3316 1321 cognitione
3362 1252 3511 1323 ipsos

1942 1332 2254 1385 exczecavit.
2328 1332 2474 1389 Mors
2543 1334 2755 1391 Domini
2833 1347 3076 1395 mortuos
3139 1342 3430 1398 vivificavit
3493 1365 3505 1399 :

1938 1420 2248 1476 Judaeorum
2304 1424 2518 1481 insidiae
2568 1427 2785 1484 Judazos
2839 1431 2988 1500 ipsos
3029 1434 3139 1488 vita
3189 1435 3506 1504 privarunt.

1938 1519 1993 1564 et
2045 1512 2157 1580 jam
2228 1514 2433 1584 absque
2502 1517 2733 1574 Domino
2800 1529 2948 1577 sunt.
3003 1521 3152 1577 Crux
3210 1523 3511 1581 Salvatoris

1939 1601 2240 1659 Ecclesiam
2285 1609 2559 1679 gentium,
2614 1611 2744 1666 dum
2791 1613 3006 1670 deserta
3048 1625 3212 1678 esset.
3248 1617 3511 1674 habitato-

1936 1694 2089 1751 ribus
2140 1695 2550 1769 frequentavit;
2610 1702 2781 1758 Judaei
2832 1721 2960 1760 vero
3012 1707 3355 1777 improbitate
3409 1725 3507 1764 sua

1939 1790 2071 1845 orbe
2124 1798 2396 1847 terrarum
2447 1810 2569 1851 sese
2612 1797 2984 1866 excluserunt,
3019 1815 3120 1854 nec
3159 1800 3269 1870 jam
3316 1801 3509 1855 civita-

1935 1889 2041 1938 tem
2089 1884 2253 1938 ullam
2300 1885 2519 1941 habent.
2568 1888 2646 1943 Ac
2697 1904 2941 1955 rursum,
2985 1906 3133 1947 mors
3184 1890 3506 1959 Salvatoris,

1937 1988 2163 2044 regnum
2226 1977 2493 2032 cmlorum
2544 1980 2792 2035 exhibuit
2828 2001 2840 2036 :
2877 1980 3047 2037 Judaei
3088 1991 3275 2038 contra
3321 1982 3509 2040 furore

1935 2082 2058 2130 suo,
2091 2082 2250 2137 reges
2297 2084 2428 2125 suos
2478 2071 2851 2140 perdiderunt,
2890 2081 2943 2129 et
2988 2083 3270 2145 magnates
3312 2076 3508 2131 amise-

1934 2168 2080 2213 runt.
2127 2159 2208 2213 Ad
2261 2159 2393 2222 haec.
2441 2177 2573 2216 crux
2624 2162 2835 2218 Domini
2890 2167 3110 2236 angelos
3150 2181 3274 2222 cum
3323 2166 3507 2223 homi-

1937 2251 2101 2307 nibus
2159 2253 2413 2321 sociavit,
2450 2262 2503 2310 et
2552 2256 2899 2310 conciliatrix
2962 2258 3081 2327 ipsa
3140 2256 3244 2312 fuit
3303 2266 3507 2314 mutua:

1935 2343 2152 2398 illorum
2198 2346 2453 2402 amicitiae
2497 2365 2511 2402 ι
2551 2357 2605 2403 et
2648 2346 2819 2403 Judaei
2865 2348 3082 2404 insidiis
3125 2350 3265 2414 suis,
3301 2350 3506 2405 daemo-

1933 2451 2063 2490 num
2092 2437 2509 2493 contubernium
2543 2438 2739 2493 lucrati
2772 2447 2921 2495 sunt.
2960 2440 3106 2496 Mors
3130 2440 3334 2497 Christi
3365 2442 3502 2496 alle-

1934 2529 2080 2583 vavit
2112 2529 2391 2584 hominum
2418 2530 2682 2601 peccandi
2714 2532 3084 2603 insipientiam
3122 2550 3135 2587 :
3169 2531 3340 2588 Judaei
3375 2548 3505 2588 vero

1932 2635 2042 2691 pra:
2073 2621 2257 2677 furore
2301 2623 2618 2693 insipientes
2666 2623 2792 2678 facti
2835 2635 2984 2692 sunt,
3012 2624 3237 2695 jamque
3268 2640 3391 2681 cum
3429 2626 3507 2680 si-

1932 2711 2104 2776 renis,
2137 2714 2407 2769 erinaceis
2448 2722 2503 2770 et
2546 2715 2963 2771 struthionibus
2993 2714 3239 2772 moribus
3276 2730 3505 2772 conver-

1932 2813 2145 2870 santur,
2205 2806 2453 2862 moribus
2501 2807 2722 2864 absurdi
2774 2808 3002 2878 perinde
3053 2817 3216 2879 atque
3270 2825 3509 2865 onocen-

1933 2899 2096 2953 tauri.
2125 2897 2232 2954 Pro
2276 2900 2392 2971 lege
2429 2902 2573 2955 enim
2612 2901 2756 2972 apud
2785 2902 2910 2957 illos
2944 2901 3212 2972 injustitia
3251 2901 3501 2959 obtinet:

1932 3004 2030 3059 pro
2077 2991 2515 3055 mansuetudine,
2577 3012 2596 3044 ι
2635 2992 2811 3048 Furor
2858 2994 2966 3050 illis
3011 2992 3310 3050 secundum
3351 2994 3505 3049 simi-

1930 3080 2215 3137 litudinem
2263 3085 2531 3153 serpentis
2578 3085 2645 3140 ²⁸.
2701 3103 2719 3136 ι
2766 3085 2821 3139 In
2872 3100 3126 3150 summa,
3181 3083 3315 3138 nihil
3360 3083 3504 3154 apud

1932 3174 2057 3229 illos
2098 3175 2207 3247 83
2246 3177 2404 3246 quod
2447 3191 2556 3231 non
2591 3177 2726 3248 ipsis
2770 3187 2999 3232 mortem
3042 3176 3258 3232 inferat.
3307 3176 3505 3231 Annon

242 3242 370 3296 κατά
396 3244 499 3316 τὴν
518 3246 790 3315 ὁμοίωσιν
812 3246 906 3300 τοῦ
932 3247 1129 3317 ὄφεως.
1172 3269 1190 3301 ι
1229 3250 1337 3305 Καὶ
1360 3252 1497 3318 ὅλως
1530 3255 1682 3309 οὐδέν
1703 3259 1819 3313 ἐστι

1932 3266 2087 3320 morti
2110 3242 2368 3323 'Domini
2432 3242 2709 3325 adhaerere
2763 3268 3063 3334 convenit,
3122 3284 3186 3323 ac
3230 3268 3505 3324 dimittere

242 3337 361 3406 παρ’
388 3337 611 3400 αὐτοῖς,
636 3334 668 3388 6
701 3337 776 3409 μὴ
797 3337 1023 3393 θάνατον
1047 3339 1228 3405 αὐτοῖς
1256 3343 1654 3413 κατεργάζεται
1687 3347 1821 3417 (77).

238 3418 352 3497 Ἆρ’
373 3424 470 3482 οὖν
504 3429 622 3482 οὐκ
642 3428 796 3495 ἄξιον
826 3429 905 3501 τῷ
928 3429 1141 3503 θανάτῳ
1162 3435 1537 3505 προσκεῖσθαι,
1565 3440 1660 3492 καὶ
1679 3441 1827 3510 ἀφιέ-

240 3534 318 3572 ναι
344 3520 454 3574 τῶν
485 3520 819 3593 Φαρισαίων
853 3522 915 3576 τὺ
945 3524 1251 3596 συνέδριον;
1280 3521 1406 3600 Ἆρ’
1428 3525 1522 3583 οὖν
1552 3532 1651 3585 οὐκ
1678 3532 1824 3597 ἄξιον

237 3607 307 3677 τῷ
348 3609 589 3680 σταυρῷ
625 3610 831 3681 μᾶλλον
877 3617 1200 3682 προσκυνεῖν
1230 3616 1262 3686 ἢ
1293 3616 1391 3688 τὴν
1430 3619 1694 3675 Ἰουδαίων
1730 3623 1825 3676 καὶ

237 3696 320 3748 τοῦ
362 3699 589 3769 κόσμου
636 3699 900 3770 κερδᾶναι
941 3700 1152 3769 φιλίαν;
1197 3704 1295 3757 Διά
1330 3705 1488 3760 τοῦτο
1522 3708 1630 3781 γὰρ
1670 3710 1764 3763 καὶ
1795 3713 1824 3764 6

238 3789 497 3860 μακάριος
554 3790 779 3855 Παῦλος
848 3791 1094 3864 γέγραφε
1114 3809 1129 3824 ·
1181 3813 1200 3845 ι
1255 3796 1335 3849 Τά
1387 3797 1564 3852 πάντα
1608 3800 1821 3873 ἥγημαι

233 3878 447 3953 ζημίαν,
486 3885 592 3937 ἵνα
625 3884 872 3956 κερδάνω
914 3884 1149 3957 Χριστόν
1169 3904 1182 3918 ο
1212 3907 1232 3940 ι
1266 3889 1354 3944 διὰ
1382 3891 1538 3945 τοῦτο
1563 3894 1822 3967 καύχημα

231 3973 432 4043 ἡγεῖται
468 3976 583 4030 τὸν
616 3976 872 4047 σταυρὸν,
906 3976 1079 4045 λέγων
1097 3996 1113 4010 ·
1155 3998 1173 4030 ι
1218 3981 1371 4052 Ἐμοὶ
1404 3982 1461 4037 δὲ
1503 3983 1577 4057 μὴ
1612 3986 1820 4054 γένοιτο

232 4067 536 4137 καυχᾶσθαι
594 4070 645 4121 εί
686 4068 762 4139 μὴ
810 4072 868 4122 ἐν
908 4068 986 4140 τῷ
1026 4072 1243 4143 σταυρῷ
1282 4075 1376 4128 τοῦ
1420 4077 1626 4149 Κυρίου
1665 4080 1820 4150 ἡμῶν

238 4158 402 4232 Ἰησοῦ
428 4161 714 4235 Χριστοῦ,
740 4162 807 4215 δι’
831 4155 892 4216 οὗ
917 4164 1038 4234 ἐμοὶ
1057 4165 1259 4236 κόσμος
1283 4169 1641 4239 ἐσταύρωται,
1666 4172 1820 4241 κάγὼ

231 4250 424 4324 κόσμῳ.
474 4273 495 4305 ι
531 4254 644 4309 Διά
670 4253 830 4307 τοῦτο
853 4256 946 4307 καὶ
971 4256 1131 4320 αὐτὸς
1151 4259 1180 4311 6
1206 4258 1410 4331 Κύριος
1440 4260 1650 4330 ἔλεγεν·
1688 4282 1707 4315 ι
1724 4266 1818 4328 Ὃς

230 4340 289 4393 ἂν
313 4344 387 4415 μὴ
421 4344 546 4414 (78)
593 4343 710 4415 ἄρῃ
738 4344 832 4397 τὸν
867 4345 1099 4416 σταυρὸν
1140 4347 1327 4415 αὐτοῦ,
1354 4350 1448 4403 καὶ
1476 4351 1819 4428 ἀκολουθήσῃ

234 4449 332 4499 μοι,
365 4436 469 4490 οὐκ
495 4436 627 4489 ἔστι
660 4452 767 4506 μου
804 4433 974 4501 ἄξιος,
1016 4436 1135 4491 οὐδὲ
1171 4438 1393 4497 δύναταί
1423 4460 1524 4513 μου
1572 4443 1818 4518 μαθητὴς

229 4520 374 4579 εἶναι.
408 4547 430 4580 ο

1927 3369 2248 3412 consessum
2302 3356 2746 3414 Pharisaeorum?
2774 3358 2970 3415 Annon
3014 3363 3235 3430 praestat
3284 3373 3504 3414 crucem

1927 3448 2112 3517 potius
2147 3447 2397 3513 adorare,
2435 3466 2599 3520 quam
2640 3449 2954 3505 Judaaorum
2991 3459 3046 3505 et
3082 3450 3272 3505 mundi
3314 3450 3506 3504 amici-

1928 3538 2058 3592 tiam
2087 3540 2248 3595 nobis
2281 3541 2614 3596 conciliare?
2646 3540 2770 3597 ldeo
2801 3556 3037 3611 namque
3063 3541 3285 3610 scripsit
3312 3541 3505 3596 beatus

1925 3629 2130 3686 Paulus
2167 3651 2179 3686 :
2222 3650 2240 3684 ι
2278 3632 2472 3688 Omnia
2524 3633 2823 3689 arbitratus
2874 3649 2993 3689 sunt
3036 3634 3398 3697 detrimenta,
3443 3642 3504 3686 ut

1923 3722 2203 3778 Christum
2260 3725 2598 3780 lucrifaciam
2651 3727 2696 3758 ⁸³
2747 3743 2760 3779 :
2821 3744 2840 3778 ι
2894 3741 3064 3796 quare
3111 3726 3339 3797 gloriam
3396 3725 3501 3780 sibi

1923 3828 2141 3868 crucem
2202 3815 2522 3880 arbitratur,
2577 3816 2729 3871 aiens
2785 3835 2797 3870 :
2854 3833 2874 3867 ι
2931 3814 3061 3868 Mihi
3125 3825 3305 3870 autem
3358 3813 3504 3869 absit

1923 3904 2146 3974 gloriari
2191 3906 2297 3961 nisi
2346 3907 2401 3960 in
2448 3922 2613 3963 cruce
2653 3907 2865 3962 Domini
2908 3909 3083 3961 nostri
3108 3905 3237 3960 Jesu
3267 3904 3496 3970 Christi,

1922 4010 2021 4065 per
2075 4012 2237 4066 quem
2292 3998 2426 4052 mihi
2491 3996 2731 4053 mundus
2781 3996 3078 4052 cruciﬁxus
3133 4008 3250 4062 est,
3301 4007 3354 4051 et
3400 4011 3501 4065 ego

1921 4082 2125 4138 mundo
2181 4084 2248 4137 ³ο.
2309 4105 2327 4138 ι
2407 4085 2770 4151 Quamobrem
2839 4087 2954 4157 ipse
3014 4084 3279 4142 Dominus
3342 4086 3418 4140 ait
3482 4104 3495 4141 :

1926 4193 1945 4225 ι
1990 4172 2313 4246 Quicunque
2355 4192 2462 4231 non
2505 4177 2690 4233 tulerit
2728 4192 2946 4233 crucem
3000 4192 3155 4231 suam
3185 4183 3240 4231 et
3276 4185 3498 4233 secutus

1919 4281 2007 4323 me
2050 4267 2236 4331 fuerit,
2285 4284 2392 4323 non
2435 4276 2520 4324 est
2568 4285 2656 4325 me
2707 4269 2927 4342 dignus,
2975 4285 3077 4326 nec
3117 4276 3295 4341 potest
3344 4285 3498 4325 meus

1918 4374 2041 4415 esse
2068 4360 2371 4430 discipulus
2399 4361 2461 4414 ³¹.
2496 4380 2515 4412 ι

287 4618 373 4673 54.
425 4618 580 4673 Ἀλλ’
618 4618 859 4672 ἐνταῦθα
898 4620 1098 4692 πολλῆς
1133 4622 1431 4693 ἀσφαλείας
1480 4627 1596 4681 ἐστὶ
1639 4629 1816 4700 χρεία,

1997 4628 2086 4683 δι.
2130 4626 2236 4683 Sed
2276 4629 2366 4683 hic
2413 4628 2581 4684 multa
2614 4629 2870 4685 cautione
2913 4638 2999 4685 est
3038 4645 3200 4700 opus,
3241 4644 3310 4685 ne
3354 4629 3496 4684 sicut

229 4710 429 4781 μήποτε
455 4711 614 4767 κατὰ
650 4713 782 4775 τοὺς
820 4712 1108 4777 Ἰουδαίους
1143 4714 1388 4787 αἴρωμεν
1445 4716 1536 4770 τὸν
1564 4720 1818 4789 σταυρὸν,

226 4804 418 4876 καὶμὴ
452 4806 616 4860 κατὰ
637 4805 732 4859 τὸν
780 4805 1011 4860 Παῦλον.
1069 4808 1126 4862 Ὀ
1180 4808 1278 4880 μὲν
1332 4809 1441 4881 γὰρ
1499 4811 1713 4877 Παῦλος
1744 4813 1820 4877 ὡς

225 4898 475 4967 τρόπαιον
535 4900 649 4969 τῆς
688 4898 965 4969 ἁμαρτίας
1007 4898 1192 4971 ἐφόρει
1235 4900 1327 4955 τὸν
1368 4902 1618 4974 σταυρόν·
1680 4905 1729 4956 οἱ
1762 4904 1817 4957 δέ

236 4989 470 5047 Ἰουδαῖοι
503 4992 611 5045 ἐπὶ
641 4990 725 5060 τῷ
751 4991 844 5043 τὴν
868 4989 1071 5062 Κύριον
1096 4991 1326 5046 ἀνελεῖν.
1345 4993 1443 5046 Διὰ
1466 4993 1623 5048 τοῦτο
1644 4995 1819 5063 ἀσφα-

223 5078 452 5146 λίςεσθαι
484 5082 606 5156 χρὴ
667 5083 765 5136 καὶ
818 5083 1031 5153 νήφειν,
1089 5083 1320 5153 μήποτε,
1386 5085 1816 5157 κατηγοροῦντες

234 5173 520 5243 Ἰουδαίων,
569 5175 649 5230 τὰ
692 5175 836 5230 αὐτά
868 5177 1051 5241 αὐτοῖς
1084 5177 1223 5233 κατά
1267 5177 1360 5231 τοῦ
1414 5178 1619 5249 Κυρίου
1646 5180 1816 5249 πράτ-

222 5280 410 5339 τωμεν.
437 5268 651 5323 Πολλοὶ
684 5267 800 5339 γὰρ
852 5268 1278 5338 προσκυνοῦντες
1322 5270 1413 5323 τὸν
1466 5270 1690 5342 Κύριον,
1724 5272 1816 5325 καὶ

1925 4716 2097 4773 Judaei
2142 4720 2402 4775 tollamus
2439 4735 2681 4785 crucem,
2717 4735 2827 4775 non
2869 4720 3013 4774 sicut
3042 4719 3261 4775 Paulus.
3293 4717 3496 4773 Paulus

1922 4824 2157 4880 namque
2215 4817 2275 4864 ut
2332 4818 2591 4881 tropaeum
2652 4811 2857 4881 peccati
2920 4811 3169 4881 gestabat
3221 4824 3490 4874 crucem;

1919 4900 2089 4956 Judaei
2143 4917 2269 4958 vero
2315 4909 2376 4957 ut
2421 4902 2711 4958 Dominum
2763 4902 3092 4959 occiderent.
3155 4901 3495 4970 Quapropter

1919 5004 2079 5051 caute
2124 5011 2188 5052 ac
2232 4996 2416 5052 sobrie
2460 4996 2753 5067 agendum,
2784 5012 2873 5060 ne,
2893 4996 3021 5049 dum
3062 4996 3377 5049 incusamus
3397 4991 3495 5046 Ju-

1920 5087 2088 5151 daaos,
2113 5087 2263 5156 paria
2305 5101 2429 5141 cum
2476 5087 2584 5142 illis
2631 5094 2820 5142 contra
2864 5084 3151 5141 Dominum
3206 5084 3492 5140 faciamus.

1923 5177 2077 5230 Multi
2136 5177 2407 5246 siquidem
2471 5178 2764 5232 adorantes
2828 5175 3150 5240 Dominum,
3202 5189 3303 5229 nec
3347 5173 3494 5230 sicut

1922 5269 2145 5340 dignum
2180 5271 2287 5343 ‘illo
2334 5276 2419 5325 est
2456 5271 2623 5325 vitam
2672 5274 2915 5340 agentes,
2953 5283 3063 5322 non
3105 5266 3396 5324 advertunt
3432 5281 3494 5324 se

282 5423 330 5455 ³⁸
363 5423 516 5481 Psal.
562 5438 716 5486 Lvu,
754 5421 808 5477 5.
885 5421 930 5453 ³ο
968 5419 1199 5493 Philipp.
1238 5439 1332 5489 tu,
1365 5423 1419 5479 8.
1498 5424 1542 5455 ³ο
1582 5422 1759 5478 Galat.
1797 5440 1828 5479 ν

1932 5424 2008 5477 14.
2087 5424 2128 5456 ³¹
2172 5422 2360 5478 Matth.
2400 5442 2429 5478 Χ
2455 5464 2469 5487 ,
2507 5423 2617 5490 58;
2658 5421 2791 5477 Luc.
2831 5437 2941 5486 xtv,
2975 5421 3065 5479 27.

282 5578 390 5649 (74)
442 5579 543 5645 Ἓξ
578 5579 746 5634 deest
778 5578 832 5649 i_n
860 5576 1179 5647 Anglicano.

282 5646 391 5728 (75)
430 5650 745 5728 Apglican:
792 5646 1079 5728 lipsi-Lens.
1129 5655 1183 5703 et
1228 5646 1578 5728 Beg.,prima
1621 5663 1805 5728 manu:

322 5716 382 5785 ις’
403 5722 503 5776 τοῦ
530 5716 767 5790 νεκροῦ.
793 5716 1032 5790 Regius.
1053 5719 1292 5790 secunda
1316 5733 1499 5790 manu,
1525 5718 1692 5790 χωρὶς
1714 5718 1807 5772 τοῦ

325 5734 375 5785 ις
403 5739 503 5776 του
533 5736 767 5789 νεκροῦ.
796 5734 1020 5788 negtus.
1053 5734 1292 5773 secunda
1316 5734 1438 5771 man

224 5734 412 5865 mica
444 5789 671 5863 νεκροί.
704 5788 873 5853 Editi,
911 5787 1076 5860 χωρὶς
1102 5789 1193 5842 τοῦ
1222 5787 1446 5860 Κυρίου.

2138 5577 2475 5660 Qasiliensis,
2503 5575 2816 5660 στρουθίων.
2872 5645 2924 5660 η
3014 5649 3021 5656 .

1989 5648 2099 5715 (77)
2141 5647 2362 5717 Regius,
2398 5647 2516 5700 κατ’
2544 5645 3065 5717 α’ύτῶνλὲργὰζεται.

1990 5717 2099 5791 (78)
2140 5715 2342 5787 Regius
2372 5726 2425 5773 et
2461 5715 2795 5780 Basiliensis,
2827 5719 2921 5779 ’Ὀς
2950 5716 3044 5771 ἐὰν
3078 5716 3190 5788 μή..
