3958 6518
482 377 590 437 B67
1624 381 1682 436 S.
1727 377 2190 440 ATHANASIUS.
2230 413 2300 423 —
2345 383 2572 441 DUBIA.
3624 387 3754 443 218

482 512 611 554 reos
653 495 789 554 efﬁci
837 497 1030 554 mortis
1077 497 1376 554 Salvatoris
1411 516 1424 552 :
1460 512 1608 562 nam,
1657 517 1676 550 ‹
1727 497 2050 572 Quicunque

2170 502 2382 568 ἱναξίως
2409 503 2574 558 αὑτοῦ
2636 503 3056 574 πολιτευόμενοι,
3109 499 3392 572 ἀγνοοῦσιν
3441 501 3756 556 ὑπεύθυνοι

485 586 898 643 manducaverit
943 604 1160 660 panem,
1213 596 1267 644 et
1315 588 1513 644 biberit
1563 590 1786 647 calicem
1845 591 2058 648 Domini

2170 593 2438 665 γινόμενοι
2469 593 2562 646 τοῦ
2598 592 2827 648 θανάτου
2854 592 2948 646 τοῦ
2983 593 3252 665 Σωτῆρος·
3277 613 3296 646 ‹
3325 595 3422 657 Ὃς
3447 615 3464 644 ι
3493 594 3601 666 γάρ
3622 612 3642 644 ι
3676 595 3757 648 ἂν

484 679 742 751 indigne,
817 696 945 736 reus
1010 682 1113 736 erit
1185 682 1435 750 corporis
1493 689 1547 736 et
1604 684 1887 754 sanguinis
1953 683 2060 739 Do-

2170 687 2318 759 ἐσθίῃ
2349 687 2440 740 τὸν
2467 687 2649 759 ἄρτον,
2681 687 2774 740 καὶ
2803 685 2932 758 πίνῃ
2984 686 3044 739 τὸ
3081 687 3335 757 ποτήριον
3382 684 3476 738 τοῦ
3527 684 3756 757 Κυρίου

486 770 624 824 mini
655 771 720 837 ³³,
759 789 778 822 ›
818 778 1048 826 testatur
1069 771 1384 841 Apostolus.
1411 770 1612 827 Eadem
1636 773 1870 839 ratione,
1905 793 1923 826 ι
1954 773 2060 840 Qui

2170 781 2412 848 ἀναξίως,
2448 781 2628 853 ἔνοχός
2667 784 2783 835 ὲστι
2833 779 2924 835 τοῦ
2965 780 3214 852 σώματος
3244 781 3339 833 καὶ
3371 779 3466 833 τοῦ
3507 781 3756 850 αἵματος

486 861 602 916 odit
653 859 876 917 fratrem
931 878 1088 918 suum
1119 902 1134 928 ,
1184 879 1292 918 non
1321 863 1496 935 diligit
1540 863 1869 934 Dominum;
1910 886 1930 921 ι
1963 869 2059 924 sed

2170 874 2252 928 τοῦ
2305 875 2552 946 Κυρίου,
2597 893 2616 926 ι
2668 875 2698 927 6
2755 872 3073 937 Ἀπόστολος
3122 871 3476 944 μαρτύρεται.
3527 871 3751 936 Οὕτως·

487 954 714 1024 perinde
760 961 921 1024 atque
951 953 1124 1010 Judzei
1159 957 1310 1010 illum
1343 958 1468 1012 odio
1512 958 1692 1014 habet.
1736 961 1838 1027 Qui
1877 970 2058 1017 autem

486 1059 780 1116 pauperem
839 1047 995 1100 nihili
1048 1047 1214 1112 facit,
1269 1048 1316 1104 is
1369 1047 1694 1116 Dominum,
1748 1061 1808 1105 ut
1852 1051 2058 1120 Judtei,

487 1137 816 1190 contumelia
851 1137 1036 1193 allicit.
1073 1137 1187 1193 lloc
1223 1137 1480 1194 Salomon
1514 1141 1589 1194 ait
1631 1161 1643 1196 :
1684 1161 1701 1193 ς
1740 1143 1842 1208 Qui
1881 1144 2062 1214 despi-

486 1227 562 1280 cit
604 1243 932 1298 pauperem,
976 1231 1270 1301 exprobrat
1328 1230 1522 1286 facturi
1571 1233 1692 1302 ejus
1755 1236 1820 1288 ³³.
1883 1255 1902 1288 ι
1957 1234 2061 1301 Qui

487 1319 713 1390 negligit
772 1336 1063 1392 pauperem
1123 1325 1478 1386 esurientem,
1531 1326 1806 1381 sitientem
1861 1335 1916 1382 et
1960 1343 2062 1381 nu-

487 1413 642 1476 dum,
685 1415 884 1467 suuilis
938 1424 1023 1469 est
1063 1413 1268 1470 Judaeis
1307 1418 1396 1486 qui
1432 1417 1719 1472 Dominum
1761 1429 2059 1485 exuerunt,

486 1514 542 1559 et
577 1513 908 1575 .potaverunt
938 1515 1094 1561 aceto
1133 1516 1186 1562 et
1231 1507 1374 1563 felle.
1411 1509 1476 1563 Et
1509 1511 1601 1580 qui
1636 1526 1861 1565 munera
1899 1527 2064 1582 super

488 1596 815 1652 innocentes
850 1599 1303 1669 acceperit,nihil
1349 1601 1528 1657 differt
1558 1601 1626 1656 ab
1659 1617 1725 1658 eo
1757 1603 1849 1673 qui
1882 1602 2066 1658 Domi-

488 1705 621 1744 num
660 1691 922 1754 vendidit,
956 1691 1134 1749 Juda:
1173 1695 1289 1765 ipse
1328 1697 1474 1751 enim
1521 1712 1740 1767 quoque
1767 1697 2058 1768 justitiam,

488 1796 610 1850 quae
647 1790 734 1836 est
781 1782 1064 1850 Dominus,
1091 1787 1294 1854 vendit,
1337 1797 1396 1842 ut
1433 1789 1521 1845 ille
1558 1789 1835 1846 Christum
1872 1790 2062 1845 vendi-

2165 983 2185 1015 ι
2221 964 2333 1017 Καὶ
2354 966 2382 1016 6
2418 963 2590 1035 μισῶν
2621 963 2711 1017 τὸν
2728 963 2950 1032 ἀδελφὸν
2971 963 3134 1017 αὑτοῦ
3163 963 3260 1016 οὐκ
3291 964 3479 1033 ἀγαπᾷ
3501 962 3593 1015 τὸν
3621 960 3755 1014 Κύ-

2165 1073 2328 1128 ριον,›
2359 1056 2472 1109 ἀλλ’
2498 1055 2685 1128 ῶσπερ
2710 1057 2759 1108 οἱ
2791 1055 3054 1118 Ἰουδαῖοι,
3112 1055 3205 1108 καὶ
3235 1055 3398 1119 αὐτὸς
3426 1053 3599 1117 οῦτως
3627 1053 3755 1125 (79)

2161 1147 2338 1217 ἐμίσει
2362 1145 2568 1200 τοῦτον.
2611 1147 2668 1199 '0
2692 1145 2748 1198 δὲ
2769 1145 2859 1198 τὸν
2886 1145 3091 1217 πένητα
3146 1143 3438 1210 ὲξουθενῶν
3481 1141 3756 1213 ἀτιμάζει

2161 1240 2256 1292 καὶ
2287 1239 2469 1302 αὐτὸς,
2497 1239 2572 1302 ὡς
2604 1239 2653 1292 οί
2696 1237 2956 1303 Ἰουδαῖοι,
3008 1239 3099 1292 τὸν
3154 1237 3376 1309 Κύριον·
3408 1236 3566 1289 τοῦτο
3591 1236 3755 1304 λέγει

2162 1331 2438 1403 Σαλομῶνο
2505 1350 2523 1383 ι
2568 1331 2626 1384 '0
2649 1329 2940 1395 ἐξουθενῶν
2975 1331 3064 1383 τὸν
3098 1330 3324 1402 πένητα,
3365 1329 3621 1400 ἀτιμάζει
3652 1328 3756 1381 τὸν

2163 1425 2464 1493 ποιήσαντα
2519 1425 2702 1480 αὐτόν.
2738 1443 2756 1474 ›
2799 1424 2858 1476 'O
2894 1422 3151 1495 παρορῶν
3221 1423 3428 1494 πένητα
3466 1421 3755 1474 πεινῶντα

2163 1517 2257 1570 καὶ
2277 1516 2513 1586 διψῶντα
2542 1517 2636 1568 καὶ
2662 1515 2886 1586 γυμνὸν,
2921 1515 3104 1587 ὅμοιός
3131 1517 3244 1568 ἐστι
3290 1517 3402 1578 τοῖς
3443 1513 3755 1576 Ἰουδαίοις,

2162 1612 2272 1672 τοῖς
2299 1611 2393 1664 καὶ
2428 1609 2518 1662 τὸν
2547 1607 2748 1680 Κύριον
2773 1607 3049 1673 ἐκδύσασι,
3111 1608 3204 1661 καὶ
3246 1607 3530 1660 ποτίσασιν
3578 1607 3756 1660 αὑτὸν

2163 1702 2282 1768 ὅξος
2319 1703 2414 1756 καὶ
2440 1701 2619 1774 χολήν.
2651 1700 2760 1753 Kal.
2815 1701 2844 1753 6
2885 1699 3174 1770 λαμϐάνων
3211 1698 3360 1769 δῶρα
3414 1699 3499 1751 ἐπ’
3543 1696 3757 1761 ἀθώοις

2163 1796 2264 1849 οὐκ
2289 1795 2432 1848 ἔστιν
2487 1793 2645 1856 ἄλλος
2692 1791 2784 1846 τοῦ
2841 1791 3190 1862 πωλήσαντος
3225 1789 3314 1842 τὸν
3363 1789 3586 1860 Κύριον,
3616 1790 3702 1854 ῶς
3725 1791 3756 1843 6

488 1874 589 1928 dit.
646 1873 714 1929 Et
764 1876 858 1946 qui
906 1893 1015 1932 non
1056 1878 1271 1949 judicat
1322 1882 1549 1952 pupillo,
1598 1899 1698 1938 nec
1750 1883 1926 1939 vidua:
1973 1885 2065 1954 jus

2179 1885 2397 1951 Ἰούδας·
2435 1886 2529 1940 καὶ
2560 1887 2718 1949 αὐτὸς
2743 1885 2850 1957 γάρ
2879 1883 2975 1955 τὴν
3017 1881 3382 1953 δικαιοσύνην,
3429 1882 3551 1951 ἥτις
3596 1881 3758 1935 ἐστὶν

490 1983 652 2022 suum
704 1969 905 2034 reddit,
956 1971 1003 2026 is
1054 1981 1137 2027 est
1182 1973 1380 2029 similis
1420 1974 1838 2032 insidiatoribus
1873 1985 1926 2032 et
1974 1991 2066 2032 ca-

489 2059 915 2118 lumniatoribus
941 2062 1175 2120 Domini.
1201 2064 1448 2131 Demum,
1484 2083 1606 2138 quae
1635 2068 1760 2139 quis
1794 2069 1848 2124 in
1880 2069 2068 2140 proxi-

492 2167 641 2206 mum
696 2160 976 2223 operatur,
1013 2169 1076 2209 ea
1123 2165 1448 2226 reputantur
1481 2159 1624 2214 facta
1662 2161 1717 2214 in
1751 2161 2064 2228 Dominum,

491 2244 586 2313 qui
631 2254 855 2314 propter
892 2262 994 2301 nos
1034 2247 1344 2315 descendit,
1386 2258 1440 2305 et
1483 2267 1584 2322 pro
1627 2253 1786 2309 nobis
1819 2263 2068 2313 mortuus

488 2345 594 2392 est.
640 2337 718 2391 lla
754 2352 989 2409 namque
1034 2340 1110 2394 ait
1156 2341 1271 2412 ipse
1314 2341 1578 2401 Dominus
1619 2347 1675 2401 in
1711 2347 2064 2420 Evangeliis:

496 2449 514 2480 ι
550 2427 606 2483 lu
630 2441 894 2501 quantum
929 2434 1020 2487 uni
1047 2437 1357 2505 ex‘pusillis
1388 2438 1510 2495 istis
1540 2438 1784 2507 fecistis,
1818 2444 1952 2498 mihi
1985 2443 2066 2500 fe-

491 2519 646 2576 cistis
675 2521 741 2573 “.
774 2541 792 2573 ι
828 2520 1069 2578 Rursum
1104 2525 1206 2579 hoc
1234 2530 1541 2584 necessarie
1568 2531 1847 2587 sciendum
1879 2534 2069 2589 obser-

489 2613 842 2684 vandumque
907 2623 1014 2671 est.
1058 2616 1162 2682 Qui
1225 2618 1548 2685 fornicatur,
1593 2638 1749 2678 suam
1791 2625 1908 2694 ipse
1943 2627 2067 2680 aui-

491 2721 640 2760 mam
706 2707 926 2776 perdit,
990 2712 1432 2781 contumeliaquc
1504 2714 1688 2782 allicit,
1757 2723 1817 2770 ut
1894 2717 2067 2773 Judaei

494 2800 763 2870 templum
804 2807 859 2855 et
902 2816 1104 2872 corpus
1145 2801 1380 2859 Domini.
1419 2805 1522 2872 Qui
1557 2823 1718 2870 vero,
1752 2826 1771 2859 ι
1805 2811 2066 2881 templum

499 2888 713 2944 Domini
762 2890 1071 2957 violaverit,
1126 2892 1402 2964 disperdet
1446 2896 1598 2950 illum
1638 2895 1781 2955 Deus
1818 2899 1886 2965 ³⁸,
1939 2918 1958 2952 ι
2009 2908 2068 2955 ut

492 2978 698 3037 Paulus
745 2983 957 3039 scribit.
1009 2982 1074 3038 Et
1131 2986 1223 3056 qui
1281 2986 1386 3042 sub
1431 3002 1598 3058 regno
1649 2990 1856 3058 peccati
1901 2991 2065 3062 degit,

493 3073 632 3128 nihi‘l
675 3074 915 3130 differta
957 3073 1164 3132 Iudaeis
1209 3077 1604 3148 abnegantibus
1649 3081 2068 3152 dicentibusque

495 3181 580 3231 se,
607 3182 719 3221 non
754 3165 1064 3233 Dominum,
1092 3168 1186 3224 sed
1207 3167 1477 3224 Caesarem
1505 3184 1684 3240 regem
1712 3171 1932 3227 habere.
1957 3172 2068 3228 Nec

495 3259 869 3330 ignorantium
901 3267 987 3316 est
1007 3301 1022 3326 ,
1063 3275 1187 3316 eum
1217 3262 1310 3332 qui
1340 3262 1712 3333 voluptatibus
1757 3265 2067 3336 subjicitur,

498 3352 677 3420 iisque
713 3353 942 3407 multum
984 3353 1308 3420 delectatur,
1341 3351 1542 3425 ipsum,
1592 3355 1836 3425 inquam,
1876 3365 1934 3412 ut
1980 3357 2076 3412 Ju-

497 3444 668 3508 daaos,
715 3443 1019 3499 Barabbam
1058 3446 1356 3516 postulare,
1388 3454 1442 3502 et
1479 3445 1767 3502 Dominum
1804 3449 2072 3506 occidere.

497 3536 577 3590 Ita
653 3551 890 3606 namque
949 3534 1154 3601 Judaei,
1228 3537 1507 3608 improbos
1573 3538 1835 3595 Barabba:
1899 3556 2077 3596 mores

496 3625 808 3698 diligentes,
840 3628 1057 3682 demum
1087 3630 1340 3685 virtutem
1373 3635 1519 3702 jsunt
1552 3632 1847 3702 persecuti.
1882 3632 2076 3689 Scien-

499 3719 630 3774 dum
665 3721 820 3788 item,
850 3736 973 3775 eum
999 3722 1092 3790 qui
1129 3722 1184 3776 in
1215 3723 1319 3778 fide
1344 3721 1534 3779 firmus
1564 3739 1673 3779 non
1702 3732 1808 3789 est,
1845 3725 2077 3781 similem

497 3811 569 3867 iis
593 3825 719 3868 esse
765 3813 858 3882 qui
899 3811 1170 3867 increduli
1203 3814 1460 3870 aiebant:
1503 3834 1522 3866 ι
1563 3815 1621 3870 Si
1647 3815 1821 3873 Filius
1848 3815 1940 3872 Dei
1971 3827 2077 3883 est,

496 3900 798 3956 descendat
840 3917 997 3957 nunc
1049 3901 1117 3958 de
1174 3918 1359 3971 cruce,
1407 3913 1463 3959 et
1507 3905 1796 3960 credemus
1843 3907 1893 3961 ei
1934 3907 2000 3961 ³⁸.
2053 3926 2074 3960 ι

497 3992 637 4047 Nam
688 3992 805 4048 hazc
842 3993 922 4047 illi
983 4009 1079 4064 per
1123 3995 1564 4050 incredulitatem
1613 3995 1886 4051 dicebant.
1937 3997 2077 4063 Quid

499 4086 670 4156 igitur
720 4086 776 4140 in
828 4085 983 4141 hisce
1023 4085 1334 4157 agendum?
1365 4086 1514 4141 Nihil
1559 4088 1705 4143 aliud
1745 4103 1908 4159 quam
1960 4105 2081 4146 cre-

499 4179 633 4234 dere
661 4176 884 4232 Christo
909 4217 924 4242 ,
960 4185 1015 4233 et
1045 4179 1350 4234 secundum
1382 4180 1535 4234 illum
1564 4181 1734 4234 vitam
1768 4181 2077 4250 instituere,

499 4269 958 4340 quemadmodum
999 4278 1055 4324 et
1108 4269 1312 4325 Paulus
1351 4271 1428 4325 ait
1479 4291 1493 4327 :
1545 4291 1564 4324 ι
1620 4273 1926 4331 lmitatores
1971 4281 2078 4332 mei

499 4368 699 4427 estote,
732 4362 877 4416 sicut
904 4371 957 4416 et
979 4377 1080 4434 ego
1103 4363 1307 4419 Christi
1336 4365 1402 4429 ⁸⁷,
1447 4383 1465 4416 ι
1505 4373 1558 4420 et
1578 4364 1890 4423 Iudaeorum
1923 4385 2080 4426 aver-

502 4455 614 4510 sari
670 4458 1008 4522 amicitiam,
1058 4457 1531 4524 incredulitatem,
1591 4461 2074 4529 subsannationes,

2168 1981 2198 2034 6
2221 1980 2445 2050 Κύριος,
2470 1979 2658 2042 πωλεῖ,
2691 1977 2766 2040 ὡς
2794 1979 2998 2039 ἐκεῖνος
3040 1974 3130 2028 τὸν
3175 1973 3427 2045 Χριστόν.
3461 1973 3573 2024 Καὶ
3605 1975 3634 2025 ὀ
3675 1970 3756 2042 μὴ

2167 2069 2367 2142 κρίνων
2395 2067 2635 2140 ὀρφανῷ,
2673 2067 2767 2121 καὶ
2819 2065 2880 2118 τὸ
2911 2064 3114 2119 δίκαιον
3144 2063 3428 2127 ἀποδιδοὺς
3476 2066 3543 2134 τῇ
3575 2064 3754 2136 χήρᾳ,

2166 2162 2195 2214 6
2224 2159 2382 2223 αὐτὸς
2421 2159 2536 2211 ἐστι
2570 2160 2681 2220 τοῖς
2714 2151 3125 2208 ἐπιδουλεύσασι
3167 2151 3248 2224 τῷ
3280 2153 3468 2222 Κυρίῳ
3519 2154 3616 2204 καὶ
3652 2168 3756 2204 συ-

2169 2254 2572 2322 κοφαντήσασιν
2604 2248 2786 2304 αὐτόν.
2813 2248 2923 2300 Kal
2955 2249 3128 2311 τέλος,
3163 2248 3323 2299 ὁποῖα
3352 2245 3417 2299 ἄν
3441 2264 3524 2309 τις
3549 2247 3630 2309 είς
3655 2247 3758 2301 τὸν

2168 2344 2394 2417 πλησίον
2422 2343 2745 2414 ἐργάσηται,
2774 2339 2943 2393 ταῦτα
2970 2341 3048 2402 είς
3079 2338 3170 2392 τὸν
3196 2338 3399 2410 Κύριον
3447 2337 3757 2406 λογίζεται,

2167 2438 2258 2491 τὸν
2287 2437 2354 2490 δι’
2386 2437 2534 2507 ἡμᾶς
2556 2433 2882 2488 κατελθόντα
2907 2431 3001 2486 καὶ
3037 2431 3178 2504 ὑπὲρ
3201 2430 3357 2502 ἡμῶν
3386 2431 3756 2486 ἀποθανόντα.

2168 2529 2326 2586 Οῦτω
2353 2529 2461 2601 γὰρ
2488 2529 2583 2582 καὶ
2627 2529 2656 2580 6
2700 2526 2903 2598 Κύριος
2941 2528 3131 2590 ἐντοῖς
3175 2524 3528 2594 Εύαγγελίοις
3577 2524 3756 2592 λέγει·

2175 2639 2193 2670 σ
2243 2620 2358 2690 Ἐφ’
2387 2621 2509 2673 ὅσον
2530 2619 2818 2690 ἐποιήσατε
2861 2618 2944 2671 ἐνὶ
2973 2616 3081 2670 τῶν
3118 2616 3330 2688 μικρῶν
3368 2616 3592 2681 τούτων,
3626 2616 3761 2688 ἐμοὶ

2168 2713 2512 2783 ἐποιήσατε.)
2547 2711 2657 2765 Καὶ
2689 2709 2869 2773 πάλιν,
2904 2709 3038 2780 ὅπερ
3060 2708 3206 2760 ἐστὶν
3224 2709 3519 2777 ἀναγκαῖον
3551 2707 3760 2762 εἰδέναι

2168 2805 2263 2857 καὶ
2315 2805 2522 2874 τηρεῖν·
2576 2821 2595 2853 ‹
2649 2802 2706 2854 Ὁ
2754 2799 3030 2872 πορνεύων
3073 2800 3172 2871 τὴν
3222 2799 3321 2870 μὲν
3379 2799 3513 2852 ἰδίαν
3570 2798 3760 2870 ψυχὴν

2168 2896 2445 2961 ἀπολλύει,
2479 2893 2689 2967 ὑϐρίζει
2712 2893 2767 2946 δὲ
2789 2894 2882 2946 καὶ
2905 2893 3086 2956 αὐτὸς,
3109 2892 3184 2955 ὠς
3225 2892 3487 2959 Ἰουδαῖοι,
3512 2891 3603 2944 τὸν
3623 2891 3760 2947 ναὸν

2169 2989 2350 3043 καὶτὸ
2399 2987 2556 3058 σῶμα
2608 2986 2701 3040 τοῦ
2759 2985 2963 3056 Κυρίου
2993 2983 3160 3054 (80).»
3217 2984 3274 3037 Ὀ
3299 2984 3406 3056 γάρ
3453 3003 3470 3034 ι
3505 2983 3597 3036 τὸν
3626 2984 3760 3037 ναὸν

2167 3081 2262 3135 τοῦ
2295 3081 2430 3134 Θεοῦ
2461 3079 2717 3150 φθείρων,
2741 3077 3018 3148 φθείρεται
3046 3077 3150 3129 ὑπὸ
3177 3075 3268 3129 τοῦ
3293 3075 3480 3140 Θεοῦ,»
3500 3076 3575 3139 ὡς
3605 3075 3761 3130 Παῦ-

2173 3173 2263 3236 λος
2291 3173 2510 3244 γράφει.
2548 3171 2656 3224 Καὶ
2699 3169 2726 3220 6
2766 3169 2864 3240 μὲν
2899 3168 3002 3221 ὑπὸ
3053 3169 3151 3239 τῆς
3184 3167 3454 3240 ἁμαρτίας
3505 3167 3761 3238 βασιλευ-

2174 3267 2367 3336 όμενος
2400 3263 2549 3316 οὐδὲν
2573 3261 2788 3316 ἀποδέει
2820 3259 2928 3313 τῶν
2956 3259 3305 3332 ἀρνουμένων
3351 3259 3640 3323 Ἰουδαίων,
3659 3261 3762 3315 καὶ

2175 3359 2439 3428 λεγόντων
2475 3356 2548 3427 μὴ
2571 3355 2714 3426 ἔχειν
2747 3352 2966 3424 βασιλέα
3011 3353 3103 3405 τὸν
3153 3351 3378 3424 Κύριον,
3433 3351 3568 3404 ἀλλά
3616 3352 3763 3405 Καί-

2177 3469 2337 3523 σαρα.
2371 3449 2461 3520 Μὴ
2493 3449 2750 3516 ἀγνοείτω
2781 3447 2835 3499 δὲ
2887 3447 2916 3498 6
2947 3445 3316 3518 κρατούμενος
3345 3444 3448 3497 ὑπὸ
3488 3444 3597 3498 τῶν
3633 3445 3764 3515 ἡδο-

2176 3543 2305 3607 νῶν,
2335 3543 2430 3594 καὶ
2457 3539 2656 3611 μᾶλλον
2689 3539 2882 3602 αὐταῖς
2917 3537 3270 3608 τερπόμενος,
3302 3537 3385 3589 ὅτι
3434 3535 3528 3589 καὶ
3569 3536 3758 3604 αὐτὸς,

2176 3636 2252 3700 ὡς
2275 3637 2323 3689 οἱ
2370 3633 2633 3696 Ἰουδαῖοι,
2666 3632 2757 3685 τὸν
2792 3631 3078 3702 Βαραὸϐἄν
3108 3631 3360 3694 αἰτεῖται,
3391 3629 3486 3682 κα)⁵
3528 3627 3620 3681 τδν
3641 3629 3761 3681 Κύ-

2181 3748 2296 3804 ριον
2327 3726 2660 3783 ἀποκτείνει.
2694 3724 2850 3778 Οῦτω
2885 3724 2994 3796 γὰρ
3026 3724 3074 3776 οἱ
3111 3721 3372 3784 Ἰουδαῖοι,
3404 3721 3494 3773 τὸν
3551 3719 3760 3788 φαῦλον

2177 3823 2377 3894 τρόπον
2431 3820 2818 3888 ἀγαπήσαντες
2871 3815 2962 3869 τὸν
2988 3814 3083 3867 τοῦ
3111 3813 3390 3884 Βαραὸὗᾶ,
3419 3812 3604 3865 λοιπὸν
3655 3813 3760 3884 τὴν

2178 3913 2378 3984 ἀρετὴν
2407 3909 2730 3974 ἀπεδίωξαν.
2759 3907 3077 3962 Γινωσκέτω
3102 3906 3157 3959 δὲ
3183 3907 3277 3959 καὶ
3310 3907 3338 3957 6
3376 3905 3450 3976 μὴ
3476 3908 3542 3976 τῇ
3570 3905 3759 3959 πίστει

2184 4007 2421 4078 ἰσχυρὸς,
2465 4001 2815 4064 ὅτιτοιοῦτός
2862 4003 3029 4063 ἐστιν,
3060 3999 3133 4060 ὡς
3166 4000 3214 4050 οἱ
3265 3996 3618 4060 ἀπιστοῦντες
3661 3998 3760 4050 καὶ

2179 4097 2446 4166 λέγοντες·
2473 4115 2491 4146 ι
2524 4095 2586 4147 El
2621 4093 2749 4154 Υἱός
2774 4095 2890 4145 ἐστι
2915 4091 3010 4144 τοῦ
3034 4089 3190 4152 Θεοῦ,
3221 4089 3510 4144 καταὸάτω
3534 4088 3629 4142 νῦν
3649 4089 3761 4143 άπὸ

2178 4188 2273 4244 τοῦ
2329 4185 2595 4258 σταυροῦ,
2648 4185 2742 4238 καὶ
2790 4183 3151 4255 πιστεύσομεν
3209 4182 3372 4252 αὐτῷ.
3414 4201 3432 4234 ι
3483 4181 3594 4234 Καὶ
3651 4180 3759 4256 γάρ

2179 4281 2428 4334 κάκεῖνοι
2457 4275 2815 4340 ἀπιστοῦντες
2848 4275 3176 4344 ἐφθέγγοντο
3196 4274 3364 4328 ταῦτα
3397 4273 3528 4345 (81).
3552 4273 3617 4326 Τί
3663 4270 3760 4327 οὖν

2173 4371 2272 4424 ἐπὶ
2299 4370 2508 4434 τούτοις
2533 4369 2638 4442 χρὴ
2662 4370 2833 4422 ποιεῖν
2855 4385 2870 4432 ;
2904 4367 3072 4421 Οὐδὲν
3096 4367 3280 4438 ἕτερον
3313 4366 3345 4437 ἢ
3370 4365 3643 4419 πιστεύειν
3679 4365 3760 4437 τῷ

2179 4459 2421 4531 Χριστῷ,
2448 4459 2546 4514 καὶ
2593 4460 2713 4512 κατ’
2742 4457 2903 4511 αὑτὸν
2948 4455 3340 4522 πολιτεύεσθαι,
3393 4455 3572 4519 καθὼς
3597 4457 3693 4509 καὶ
3729 4457 3758 4510 6

501 4548 738 4614 fabulas,
768 4551 1112 4622 genealogias
1146 4551 1545 4620 interminatas,
1577 4568 1696 4623 qum
1728 4556 1910 4625 potius
1935 4573 2068 4626 qua:-

2186 4551 2396 4614 Παῦλος
2427 4549 2592 4619 λέγει’
2633 4568 2650 4600 ι
2687 4548 2937 4619 Μιμηταί
2961 4565 3061 4619 μου
3092 4545 3325 4616 γίνεσθε,
3368 4545 3550 4609 καθὼς
3601 4546 3759 4616 κάγὼ

502 4643 708 4698 stiones
753 4641 1010 4708 afferunt,
1050 4659 1214 4713 quam
1241 4643 1657 4701 aedificationem
1706 4646 1798 4704 Dei
1843 4649 1895 4702 in
1939 4648 2068 4704 fide:

2181 4640 2472 4714 Xpta'coG')
2492 4641 2585 4696 καὶ
2607 4641 2706 4713 τὴν
2739 4641 2836 4712 μὲν
2869 4639 3133 4693 Ἰουδαίων
3158 4638 3516 4710 ἐκτρέπεσθαι
3552 4638 3755 4708 φιλίαν,

503 4735 784 4791 adhaerere
824 4743 1005 4792 autem
1039 4739 1210 4802 cruci,
1235 4748 1290 4794 et
1319 4747 1379 4793 ut
1407 4740 1497 4794 illa
1537 4742 1760 4812 dignum
1801 4751 1885 4796 est
1915 4743 2068 4796 vitan

2181 4737 2276 4790 καὶ
2302 4735 2701 4816 ἀπιστίαν,.καὶ
2733 4733 2950 4806 χλεύην,
2983 4735 3075 4787 καὶ
3107 4732 3327 4804 μύθους,
3363 4733 3458 4786 καὶ
3505 4732 3758 4800 γενεαλο-

505 4829 793 4886 iusti-tuere
827 4851 840 4886 :
874 4839 1038 4902 atque
1077 4831 1298 4886 easdem
1339 4848 1478 4903 quas
1510 4833 1715 4888 Paulus
1753 4848 1915 4888 voces
1954 4849 2068 4904 pro-

2180 4829 2306 4898 γίας
2336 4829 2696 4901 ἀπεράντους,
2723 4828 2926 4890 αἵτινες
2951 4825 3203 4898 ζητήσεις
3238 4824 3530 4898 παρέχουσι
3556 4823 3758 4892 μᾶλλον

503 4920 649 4976 ferre
684 4941 700 4978 :
735 4940 758 4974 ‹
801 4921 935 4977 Mihi
978 4931 1159 4978 autem
1200 4924 1342 4980 absit
1381 4925 1626 4996 gloriari,
1668 4925 1774 4980 nisi
1818 4926 1875 4978 in
1921 4940 2068 4982 cruce

2181 4923 2547 4994 ἢοίκονομίαν
2596 4918 2731 4974 Θεοῦ
2788 4920 2887 4991 τὴν
2945 4920 3003 4972 ὲν
3059 4917 3256 4971 πίστει·
3300 4916 3517 4986 ἔχεσθαι
3569 4917 3626 4969 δὲ
3664 4916 3758 4969 τοῦ

502 5013 720 5069 Domini
769 5016 946 5070 nostri
988 5015 1117 5072 Jesu
1153 5017 1360 5076 Christi
1390 5018 1454 5070 ⁸⁸.
1497 5037 1514 5069 ι
1551 5017 1683 5071 Nam
1723 5019 1770 5073 si
1806 5018 1877 5074 ita
1913 5020 2068 5073 vitam

2189 5015 2421 5086 σταυροῦ
2451 5015 2544 5068 καὶ
2573 5013 2738 5079 ἀξίως
2767 5009 2930 5064 αὐτοῦ
2990 5008 3388 5072 πολιτεύεσθαι,
3425 5007 3520 5060 καὶ
3579 5006 3760 5074 λέγειν

503 5121 750 5177 agamus,
795 5109 1192 5180 credamusque
1243 5111 1299 5165 in
1336 5110 1650 5174 Dominum,
1683 5126 2068 5181 cognoscemus

2184 5105 2283 5170 τὰς
2308 5106 2476 5168 αὐτὰς
2506 5103 2584 5174 τῷ
2609 5102 2806 5173 Παύλῳ
2831 5101 3032 5172 φωνάς·
3098 5121 3116 5152 ι
3166 5100 3318 5171 Ἐμοὶ
3354 5100 3410 5153 δὲ
3451 5099 3524 5171 μὴ
3552 5097 3762 5166 γένοιτο

501 5196 626 5265 ejus
657 5199 710 5252 in
748 5200 919 5256 cmlos
958 5201 1414 5272 assumptionem,
1450 5201 1677 5271 ejusque
1703 5201 1770 5254 ad
1798 5201 2068 5256 dexteram

2186 5198 2512 5268 καυχᾶσθαι,
2546 5198 2594 5248 εί
2644 5194 2718 5266 μὴ
2767 5195 2825 5245 ὲν
2861 5193 2940 5263 τῷ
2967 5191 3188 5264 σταυρῷ
3236 5191 3328 5245 τοῦ
3363 5191 3566 5262 Κυρίου
3605 5192 3762 5262 ἡμῶν

505 5289 808 5358 majestatis
852 5293 1213 5359 sessionem;
1288 5291 1704 5360 videbimusque
1760 5292 2068 5361 angelorum

2197 5289 2370 5361 Ἰησοῦ
2440 5285 2699 5360 Χριστοῦ.
2737 5304 2755 5339 ›
2814 5285 2970 5339 Οῦτω
3016 5285 3125 5356 γὰρ
3177 5285 3622 5354 πολιτευσάμενοι
3668 5281 3761 5337 καὶ

575 5514 622 5546 ⁸⁸
663 5515 683 5568 l
717 5515 838 5570 Cor.
884 5527 962 5576 xu,
1005 5511 1094 5564 27.
1205 5511 1248 5546 ³³
1287 5512 1446 5566 Prov.
1482 5527 1592 5571 xuv.
1630 5513 1723 5568 3|.

1836 5514 1880 5546 ³⁵
1922 5514 2111 5572 Matth.
2149 5533 2276 5581 xxv,
2311 5519 2400 5574 40.

503 5584 550 5618 ’τ
592 5585 766 5642 lCor.
805 5600 879 5648 ιγ,
919 5589 1005 5640 16.
1084 5584 1127 5613 ³⁸
1169 5582 1343 5644 Galat.
1386 5597 1472 5647 γι,
1514 5582 1596 5635 Μ.

2514 5518 2557 5550 ³⁵
2593 5515 2614 5570 l
2648 5513 2772 5572 Cor.
2812 5531 2895 5579 tu,
2931 5515 3018 5568 Π.
3135 5513 3180 5544 ³⁸
3222 5509 3411 5565 Matth.
3448 5523 3632 5576 xxv“,
3667 5505 3758 5564 6‘2.

575 5743 685 5815 (79)
725 5743 1080 5814 Anglicanus,
1108 5742 1217 5815 καὶΔ
1232 5741 1393 5815 αυτὸς
1412 5733 1592 5815 οὗτος.

2192 5742 2300 5810 gio,
2329 5738 2404 5800 ὼς
2423 5741 2698 5810 omissum
2729 5746 2854 5810 aute
2892 5734 3099 5800 Παῦλος
3129 5734 3348 5807 γράφει.

577 5808 690 5887 (80)
729 5808 1087 5886 Anglicanus,
1131 5811 1222 5864 τοῦ
1266 5811 1457 5881 Ἰησοῦ.
1495 5809 1638 5864 Infra
1671 5811 1722 5865 in
1759 5813 1944 5868 codice
1973 5808 2078 5866 Be-

2263 5811 2375 5879 ‘8l)
2417 5809 2638 5880 Regius,
2671 5807 2914 5862 τοιαῦτα.
