4008 6404
269 323 344 383 ιω
1326 335 1418 392 DE
1458 337 1795 396 PASSlONE

1948 343 2183 405 cauca
2219 318 2478 410 norim.
3381 365 3486 421 εει)

267 442 655 543 πιστεύσαντες
678 449 773 515 είς
799 448 890 505 τὸν
914 450 1133 524 Κύριον,
1154 455 1471 526 γνωσόμεθα
1497 455 1596 528 τὴν
1619 458 1701 522 είς
1742 459 1818 513 οὐ·

1938 465 2349 535 subjectionem,
2404 471 2635 543 ejusque
2682 483 2979 530 secundum
3036 475 3321 533 adventum
3361 495 3487 536 cum

460 537 761 612 ἀνάληψιν
794 542 977 609 αὑτοῦ,
1006 545 1100 598 καὶ
1146 545 1243 618 τὴν
1272 547 1330 601 ὲν
1370 546 1521 622 δεξιᾷ
1538 549 1636 620 τῆς
1666 567 1818 622 μεγα·

1935 554 2106 625 gloria
2158 557 2401 616 futurum
2434 536 2470 617 τε
2683 579 2841 634 quem
2892 566 3065 637 angeli
3102 570 3486 639 praenuntiant,

532 632 799 702 κάθισιν,
834 636 927 691 καὶ
976 636 1073 709 τὴν
1117 638 1224 694 τῶν
1267 640 1514 709 ἀγγέλων
1559 642 1818 715 ὑποταγὴι

1934 650 2111 703 sancti
2167 650 2456 707 decantant
2503 625 2762 713 :vo-mnes
2803 625 2993 714 auten;
3019 625 3119 731 qui
3153 661 3354 726 vident,
3388 625 3491 717 ex;

271 717 505 791 ὀψόμεθα,
535 725 643 778 καὶ
663 725 773 797 τὴν
806 726 942 799 μετά
968 728 1121 801 δόξης
1148 729 1307 785 αὑτοῦ
1332 732 1493 787 πάλιν
1508 734 1829 806 παρουσίαν·

273 811 320 883 ἢν
343 812 569 883 ἄγγελοι
620 817 730 888 μὲν
766 820 1238 892 προσημαίνουσιν,
1294 823 1438 894 ἀγιοι
1482 823 1540 878 δὲ
1576 825 1826 897 ὑμνοῦσν

275 901 442 968 πάντες
491 905 553 960 δὲ
604 907 853 979 ὁρῶντες
896 910 1269 981 ἀγαλλιῶνται,
1319 912 1415 968 καὶ
1464 916 1741 988 χαίρουσιν
1767 918 1826 972 ὲν

1930 741 2157 809 sultant,
2216 753 2270 801 et
2316 747 2551 816 gaudent
2596 751 2652 805 in
2702 749 2932 823 Christo
2983 751 3134 822 Jesu,
3177 770 3275 825 per
3324 770 3485 826 quem

1925 828 2075 888 Patri
2119 835 2288 903 gloria
2342 843 2398 891 et
2459 837 2746 910 imperium
2793 841 2850 897 in
2896 844 3093 899 saecula
3139 846 3485 903 saeculorum.

1922 920 2109 979 Amen.

275 997 460 1069 Χριστῷ
489 998 699 1070 Ἰησοῦ,
725 1001 797 1055 δι’
818 994 885 1056 οὗ
913 1003 988 1074 τῷ
1005 1004 1174 1077 Πατρὶ
1202 1008 1235 1077 ή
1268 1005 1395 1072 δόξα
1426 1008 1520 1062 καὶ
1544 1009 1604 1062 τὺ
1625 1010 1822 1083 κράτος
1850 1014 1930 1078 εἰς
1963 1015 2091 1080 τοὺς
2117 1017 2318 1084 αἰῶνας
2342 1020 2449 1075 τῶν
2474 1021 2699 1080 αἰώνων.
2744 1024 2930 1098 Ἀμήν.

455 1115 907 1173 ΑΘΑΝΑΣΙΟΥ
927 1121 1054 1174 EI):
1083 1122 1168 1174 ro
1201 1123 1443 1177 meo:
1461 1122 1616 1196 (δι’).

2071 1132 2484 1192 ATIIANASII
2511 1136 2611 1191 DE
2635 1138 3009 1197 PASSIONE
3035 1143 3340 1202 DOMINI.

1305 1235 1797 1309 (M.u,‘Bibliolheca
1817 1258 1948 1298 noua
1971 1242 2191 1302 Patrum
2215 1290 2231 1316 ,
2262 1248 2307 1304 ll
2323 1289 2339 1315 ,
2363 1250 2512 1322 578.)

332 1367 349 1402 ι
390 1346 780 1405 Ἐϐασίλευσεν
821 1349 852 1402 6
892 1348 1115 1415 θάνατος
1147 1350 1253 1404 ἀπὸ
1292 1350 1462 1424 Ἀδὰμ
1500 1353 1661 1425 μέχρι
1698 1357 1827 1410 Μω-

277 1441 406 1505 σέως.
429 1458 449 1493 ι
473 1441 638 1512 ’Δρτι
672 1440 734 1495 δὲ
750 1441 1026 1513 τολμήσας
1061 1442 1203 1496 κατά
1241 1443 1333 1497 τοῦ
1370 1445 1600 1517 Κυρίου,
1632 1434 1828 1520 θεωρεῖ

273 1532 437 1586 ἑαυτὸν
463 1529 811 1604 ἐκϐληθέντα
844 1531 938 1585 τοῦ
968 1533 1186 1599 παντὸς,
1225 1535 1319 1587 καὶ
1349 1535 1453 1589 ὑπὸ
1484 1537 1699 1591 πάντων
1730 1557 1825 1593 κα-

273 1623 657 1695 ταπατούμενον
688 1624 829 1696 (82),
860 1626 958 1679 καὶ
1002 1625 1413 1699 συντριϐόμενον
1448 1628 1553 1682 ὑπὸ
1578 1631 1704 1693 τοὺς
1728 1631 1847 1685 τιό-ι

268 1716 349 1779 δας
382 1717 539 1789 ήμῶν
562 1734 577 1748 ·
623 1717 687 1770 τό
715 1733 785 1787 γε
827 1718 934 1789 μὴν
971 1716 1112 1789 μέγα
1137 1718 1227 1772 καὶ
1266 1719 1582 1791 παράδοξον,
1613 1722 1695 1775 ὅτι
1731 1723 1826 1777 καὶ

2004 1379 2024 1413 ι
2060 1360 2326 1433 Regnavit
2353 1380 2500 1422 mors
2529 1366 2597 1421 ab
2624 1365 2832 1423 Adamo
2861 1385 3035 1440 usque
3063 1372 3131 1437 ad
3168 1372 3419 1446 Moysem.
3456 1393 3480 1429 ι

1926 1449 2085 1508 Nunc
2116 1468 2243 1510 vero
2265 1455 2477 1513 facinus
2507 1472 2640 1512 ausa
2676 1448 2936 1516 adversus
2976 1461 3259 1517 Dominum
3280 1504 3296 1529 ,
3339 1466 3487 1523 videt

1928 1546 2154 1600 seomni
2197 1561 2299 1619 ope
2340 1549 2626 1618 dejectam,
2663 1552 3037 1606 conculcatam
3078 1554 3148 1609 ab
3183 1556 3436 1612 omnibus
3462 1597 3479 1622 ,

1927 1634 2262 1704 pedibusque
2293 1638 2500 1694 nostris
2526 1641 2833 1708 protritam.
2892 1639 2997 1695 Sed
3053 1642 3195 1712 quod
3227 1658 3482 1714 maguum

1926 1732 2090 1781 estet
2118 1726 2565 1797 inexspectatum,
2597 1729 2716 1799 ipso
2762 1731 2819 1785 in
2866 1746 3029 1813 cruce
3061 1733 3329 1802 pendente
3381 1734 3485 1789 Do-

266 1807 340 1861 ὲπ¹
372 1809 534 1863 αὑτοῦ
592 1807 716 1877 τοῦ]
746 1808 984 1882 σταυροῦ
1046 1810 1395 1882 κρεμαμένου
1452 1812 1543 1866 τοῦ
1590 1813 1815 1885 Κυρίου.

1919 1820 2065 1875 mino
2094 1820 2279 1890 (hujus
2299 1823 2442 1878 enim
2472 1838 2671 1894 corpus
2723 1833 2875 1891 erat,
2926 1807 2982 1880 in
3030 1842 3203 1895 eoque
3244 1825 3480 1882 Verbum

265 1899 429 1970 (αὐτοῦ
454 1902 566 1975 γὰρ
584 1896 658 1973 ἦν
690 1901 753 1955 τὸ
784 1901 964 1973 σῶμα,
1007 1903 1103 1955 καὶ
1132 1902 1189 1957 ὲν
1217 1902 1368 1974 αὑτῷ
1403 1898 1470 1975 ἦν
1494 1905 1524 1957 6
1547 1905 1770 1977 Λόγος)
1790 1908 1819 1960 6

267 1992 353 2062 μὲν
384 1991 533 2063 ἦλιος
561 1992 890 2065 ἐσκοτίσθη,
930 1996 964 2065 ή
1001 1992 1060 2046 δὲ
1092 1993 1166 2064 γῆ
1200 1994 1515 2065 ἐτρόμαξεν,
1535 1997 1590 2049 αί
1627 1998 1820 2069 πέτραι

263 2084 598 2157 ἐσχίσθησαν,
629 2087 726 2140 καὶ
762 2086 825 2140 τὸ
868 2087 1264 2158 καταπέτασμα
1291 2087 1384 2142 τοῦ
1418 2088 1546 2142 ναοῦ
1572 2089 1815 2160 ἐσχίσθη,

264 2178 343 2229 καὶ
384 2175 551 2230 πολλὰ
602 2177 835 2249 σώματα
882 2178 989 2233 τῶν
1022 2181 1546 2252 προκεκοιμωμένων
1579 2181 1775 2253 ἀνέστη
1800 2198 1815 2215 ο

262 2265 345 2320 καὶ
386 2268 581 2333 οὐδεὶς,
624 2270 817 2342 ὥσπερ
860 2270 953 2324 νῦν
995 2271 1259 2341 Ἀρειανοὶ
1296 2273 1555 2344 τολμῶσι,
1591 2272 1819 2342 διελογί-

262 2377 379 2415 σατο
415 2358 462 2416 εί
511 2362 594 2416 δεῖ
652 2363 987 2437 σαρκωθέντι
1030 2363 1107 2435 τῷ
1137 2365 1293 2436 Λόγῳ
1331 2364 1606 2419 πείθεσθαι
1630 2382 1644 2396 ’
1683 2365 1821 2420 ἀλλὰ

259 2454 346 2510 καὶ
393 2455 679 2527 ἄνθρωπον
743 2455 1051 2526 βλέποντες,
1099 2456 1462 2524 ἐπεγίνωσκον
1498 2456 1657 2510 αὐτὸν
1690 2456 1817 2511 ὄντα

260 2546 573 2622 δημιουργὸν
594 2546 774 2604 αὐτῶν
795 2564 809 2578 ·
840 2547 931 2602 καὶ
952 2547 1292 2620 ἀνθρωπίνης
1309 2548 1489 2621 φωνῆς
1508 2548 1813 2618 ἀκούοντες,

260 2642 313 2694 οὐ
357 2641 443 2695 διά
486 2643 549 2695 τὸ
600 2639 946 2712 ἀνθρώπινον
994 2641 1176 2711 ἔλεγον
1204 2642 1286 2695 ὅτι
1315 2644 1345 2696 ό
1387 2642 1558 2711 Λόγος
1612 2642 1817 2714 κτίσμα

260 2735 429 2787 ἐστίν·
464 2732 604 2788 ἀλλὰ
658 2735 756 2789 καὶ
800 2734 1000 2806 μᾶλλον
1046 2733 1295 2805 ἔτρεμον,
1336 2735 1431 2789 καὶ
1476 2735 1629 2789 οὐδὲν
1655 2728 1816 2807 ἦττον

257 2826 558 2894 ἐγίνωσκον,
614 2829 698 2882 ὅτι
747 2830 815 2881 ὲκ
860 2826 987 2883 ναοῦ
1032 2828 1185 2896 ἁγίου
1229 2826 1555 2897 ἐφθέγγετο·
1601 2828 1661 2882 οὐ
1707 2826 1815 2900 γὰρ

258 2921 452 2993 κτίσμα
502 2924 535 2994 η
601 2923 783 2987 κτίσις
831 2924 1158 2994 προσκυνεῖ·
1215 2922 1335 2975 οὐδὲ
1393 2922 1553 2977 πάλιν
1599 2921 1687 2975 διὰ
1715 2923 1814 2994 τὴν

257 3012 449 3083 σάρκα,
498 3016 797 3085 παρῃτεῖτο
846 3014 937 3067 τὸν
978 3012 1177 3085 Κύριον
1218 3014 1413 3085 ἑαυτῆς
1465 3017 1811 3086 προσκυνεῖν,

256 3105 382 3161 ἀλλὰ
401 3106 490 3161 τὸν
527 3109 727 3179 ἑαυτῆς
748 3108 1075 3180 δημιουργὸν
1106 3107 1330 3161 ἔϐλεπεν
1359 3110 1416 3162 ἐν
1451 3107 1529 3180 τῷ
1561 3112 1773 3181 σώματι
1794 3126 1809 3141 ⁸

1923 1911 2240 1984 exsistebat)
2269 1915 2382 1970 sole
2409 1916 2782 1983 obteuebrato,
2816 1925 2959 1973 terra
2980 1926 3266 1984 tremente,
3305 1918 3478 1990 petris

1924 2005 2134 2072 scissis,
2162 2007 2281 2061 velo
2316 2009 2498 2077 templi
2545 2009 2755 2074 diviso,
2801 2011 3094 2082 multisque
3128 2023 3483 2083 prmmortuo-

1923 2111 2044 2151 rum
2072 2099 2391 2167 corporibus
2416 2099 2484 2154 ad
2534 2102 2694 2155 vitam
2742 2105 3045 2169 revocatis,
3090 2119 3251 2159 nemo
3301 2112 3483 2161 tamen

1923 2186 2243 2258 ambigebat,
2276 2198 2335 2244 ut
2361 2204 2506 2245 nunc
2534 2191 2793 2247 audacter
2823 2192 3031 2248 faciunt
3054 2193 3264 2260 Ariani,
3296 2211 3366 2249 an
3395 2195 3481 2251 in-

1922 2288 2145 2334 carnato
2196 2278 2374 2337 Verbo
2429 2290 2574 2338 esset
2618 2285 2946 2341 credendum
2989 2305 3003 2341 :
3058 2287 3154 2342 sed
3203 2287 3479 2342 hominem

1923 2373 2243 2439 cernentes',
2288 2381 2623 2444 agnoverunt
2667 2391 2792 2429 eum
2825 2377 3134 2431 Creatorem
3191 2392 3390 2431 suum:
3426 2382 3483 2431 et

1920 2458 2212 2517 humanam
2245 2479 2427 2519 vocem
2451 2465 2754 2531 audientes,
2777 2482 2884 2522 non
2912 2474 3090 2523 tamen
3124 2468 3196 2523 ob
3228 2467 3483 2542 humani-

1925 2559 2089 2608 tatem
2124 2555 2340 2609 aiebant
2370 2554 2602 2611 Verbum
2647 2573 2771 2614 esse
2807 2570 3109 2615 creaturam
3141 2579 3154 2614 :
3188 2560 3283 2615 sed
3312 2560 3481 2615 vehe-

1919 2646 2154 2701 mentius
2172 2648 2278 2703 imo
2302 2649 2610 2704 metuebant
2635 2668 2647 2705 :
2675 2666 2849 2723 neque
2875 2668 2996 2707 eum
3025 2652 3203 2707 secius
3226 2668 3483 2723 agnosce-

1918 2736 2068 2804 bant,
2099 2755 2258 2809 quam
2289 2739 2335 2795 si
2377 2741 2443 2797 de
2483 2744 2684 2815 templo
2718 2752 2907 2798 sancto
2938 2745 3160 2799 oracula
3188 2745 3477 2800 emitteret.

1916 2825 2034 2882 Non
2055 2831 2197 2884 enim
2227 2846 2338 2886 rem
2363 2840 2595 2887 creatam
2625 2844 2872 2890 creatura
2902 2835 3126 2901 adorat;
3154 2851 3328 2905 neque
3352 2836 3479 2890 item

1917 2919 2101 2976 carnis
2145 2935 2307 2975 causa
2356 2923 2615 2979 renuebat
2648 2923 2932 2979 Dominum
2988 2941 3145 2980 suum
3196 2925 3477 2992 venerari,

1926 3015 2021 3070 sed
2052 3014 2363 3071 Creatorem
2419 3032 2576 3072 suum
2608 3016 2663 3070 in
2710 3031 2936 3086 corpore
2967 3016 3246 3086 spectabat
3273 3035 3284 3071 :
3316 3024 3478 3086 atque

1916 3107 1971 3161 in
2000 3109 2216 3163 nomine
2241 3107 2366 3164 Iesu
2409 3108 2611 3164 Christi
2657 3124 2815 3163 omne
2868 3124 3009 3179 genu
3055 3117 3167 3163 tum
3219 3107 3476 3163 ﬂecteba-

255 3199 342 3251 καὶ
371 3198 429 3252 ὲν
458 3196 537 3269 τῷ
558 3198 782 3270 ὀνόματι
821 3196 996 3269 Ἰησοῦ
1026 3197 1259 3270 Χριστοῦ
1290 3197 1546 3283 πᾶνογόνυ
1567 3197 1812 3270 ἔκαμπτε

1918 3206 2005 3253 tur
2028 3214 2091 3255 ac
2124 3215 2285 3270 porro
2312 3199 2577 3263 ﬂectetur,
2606 3207 2659 3255 et
2691 3201 2869 3256 omnis
2896 3200 3077 3271 lingua
3104 3198 3473 3266 conﬁtebitur,

253 3291 342 3344 καὶ
378 3291 606 3362 κάμψει,
646 3291 742 3344 καὶ
790 3291 938 3344 πᾶσα
961 3289 1181 3359 γλῶσσα
1243 3288 1690 3362 ἐξομολογήσεται
1734 3293 1815 3346 ὃτι

254 3383 449 3457 Κύριος
492 3382 702 3455 Ἰησοῦς
746 3383 1011 3455 Χριστός·
1064 3384 1125 3436 οὐ
1152 3382 1260 3454 γὰρ
1289 3382 1502 3449 ἀδοξίαν
1523 3385 1751 3455 ἤνεγκεν
1780 3386 1815 3457 ή

255 3477 385 3550 σὰρξ
410 3476 488 3548 τῷ
512 3478 672 3547 Λόγῳ
697 3493 712 3507 ’
751 3475 828 3547 μὴ
854 3475 1079 3545 γένοιτο·
1107 3475 1242 3530 ἀλλὰ
1275 3475 1472 3548 μᾶλλον
1503 3477 1642 3549 αὕτη
1672 3477 1816 3531 δεδό-

256 3566 438 3632 ξασται
458 3569 589 3640 παρ’
621 3565 785 3622 αὐτοῦ
805 3584 819 3597 ’
849 3567 968 3620 οὐδὲ
998 3568 1182 3639 ἐπειδὴ
1216 3568 1402 3621 δούλου
1450 3570 1660 3641 μορφὴν
1693 3569 1816 3623 ἀνέ-

253 3661 408 3717 λαϐεν
455 3664 484 3715 6
512 3663 571 3715 ἐν
604 3663 790 3732 μορφῇ
844 3659 978 3712 Θεοῦ
1038 3661 1294 3731 ὑπάρχων
1326 3661 1485 3724 Υἱὸς,
1531 3661 1814 3734 ἠλαττώθη

255 3754 346 3824 τῆς
366 3754 638 3825 θεότητος,
663 3751 799 3806 ἀλλὰ
823 3751 1021 3823 μᾶλλον
1046 3752 1139 3805 καί
1166 3752 1326 3816 αὐτὸς
1347 3751 1699 3823 ὲλευθερωτὴς
1717 3752 1818 3806 πά-

258 3860 351 3915 σης
372 3845 568 3917 σαρκὸς
593 3843 687 3898 καὶ
712 3842 895 3913 πάσης
918 3842 1143 3906 κτίσεως
1163 3841 1382 3912 γέγονεν
1406 3859 1419 3872 ·
1446 3842 1504 3907 ὃς
1531 3844 1624 3897 καὶ⁵
1658 3861 1818 3899 σταυ-

258 3937 525 4009 ρούμενος,
560 3937 922 4009 ἐμαρτυρεῖτο
968 3935 1240 4007 Δεσπότης
1286 3935 1387 4006 τῆς
1431 3935 1691 3999 κτίσεως·
1726 3955 1819 3991 συ-

259 4029 549 4094 στείλαντος
589 4029 687 4100 μὲν
722 4028 879 4099 ἡλίου
916 4025 1015 4091 τὰς
1042 4028 1282 4091 ἀκτῖνας,
1314 4026 1410 4080 καὶ
1432 4027 1532 4099 τῆς
1560 4027 1665 4097 γῆς
1691 4045 1819 4101 τρε-

259 4119 472 4193 μοῦσης,
492 4121 602 4175 τῶν
625 4119 683 4174 δὲ
725 4117 942 4190 πετρῶν
978 4118 1328 4190 σχιζομένων,
1359 4118 1581 4173 καὶτῶν
1612 4119 1819 4190 δημίων

255 4212 589 4282 ἑπιγνόπων,
646 4212 731 4266 ὅτι
786 4210 1001 4281 ἀληθῶς
1025 4210 1156 4264 Θεοῦ
1184 4210 1312 4274 Υἱός
1337 4211 1482 4265 ἐστιν
1507 4212 1535 4264 6
1574 4228 1819 4283 σταυρω-

258 4301 396 4368 θείς·
440 4305 503 4359 οὐ
547 4303 661 4376 γάρ
721 4301 1012 4375 ἀνθρώπου
1066 4302 1207 4368 τινος
1260 4297 1329 4375 ἦν
1372 4303 1434 4356 τὸ
1495 4302 1820 4375 βλεπόμενον

263 4395 429 4468 σῶμα,
469 4395 608 4451 ἀλλά
654 4394 793 4449 Θεοῦ
823 4411 838 4425 ·
888 4397 945 4448 ἐν
991 4386 1035 4462 ᾧ
1067 4393 1348 4466 τυγχάνων
1387 4394 1481 4448 καὶ
1511 4395 1599 4447 ὅτε
1624 4395 1821 4447 ἐσταυ-

260 4488 424 4559 ροῧτο,
468 4491 658 4569 ἤγειρε
701 4486 933 4560 νεκρούς
949 4486 1077 4561 ’,ὅτε
1104 4488 1198 4541 καὶ
1235 4488 1264 4541 6
1288 4486 1436 4558 ἥλιος
1465 4487 1808 4556 ἀγανακτῶν,
1839 4532 1886 4589 D

260 4583 341 4636 καὶ
365 4584 436 4655 μὴ
461 4582 642 4655 φέρων
672 4581 773 4645 τὰς
796 4579 939 4633 κατά
967 4578 1059 4633 τοῦ
1089 4577 1267 4633 κοινοῦ
1296 4578 1512 4633 πάντων
1538 4578 1808 4632 Δεσπότου

263 4674 530 4743 γενομένας
576 4667 905 4744 σωματικὰς
962 4666 1164 4741 ὕϐρεις,
1187 4666 1254 4731 ἃς
1294 4666 1435 4721 ἑκὼν
1468 4668 1630 4733 αὐτὸς
1669 4667 1811 4740 ὑπὲρ

259 4763 401 4832 ἡμῶν
453 4765 770 4836 ὑπέμεινεν,
817 4760 1175 4832 ἀπεστράφη*
1204 4760 1419 4825 καὶτὰς
1464 4761 1686 4825 ἀκτῖνας
1721 4777 1814 4813 συ-

260 4855 470 4924 στείλας,
501 4857 601 4930 την
627 4854 852 4928 ἡμέραν
879 4854 1088 4913 ἐκείνην
1115 4852 1328 4926 ἀνήλιον
1357 4852 1578 4921 ἔδειξεν.

317 5011 442 5084 (81⁸)
470 5012 547 5084 Ita
575 5009 790 5084 diserte
827 5005 1099 5084 cod.__V_at.
1132 5004 1287 5084 ltili:
1315 5037 1383 5046 —
1423 5007 1540 5084 1lam
1584 5022 1715 5062 vero
1742 5005 1801 5060 in

266 5071 440 5137 Veneta
477 5081 537 5137 S.
572 5078 876 5135 Athanasii
908 5077 1143 5132 editione
1175 5087 1216 5132 t.
1240 5074 1305 5141 ll,
1334 5092 1386 5147 p.
1417 5077 1479 5132 61
1517 5094 1655 5145 seq.,
1688 5091 1804 5132 ser-

253 5154 578 5208 mobabetur
609 5151 696 5205 De
752 5148 1003 5217 passione
1035 5148 1279 5210 Domini,
1324 5163 1485 5216 quem
1531 5164 1656 5202 cum
1706 5161 1805 5216 ego

249 5236 361 5276 cum
392 5224 488 5278 hac
509 5233 566 5278 et
598 5221 729 5276 aliis
757 5218 828 5271 de
857 5218 1107 5288 passione
1148 5219 1390 5288 partibus
1420 5219 1473 5271 in
1500 5218 1685 5273 codice
1709 5232 1807 5269 no-

245 5299 352 5347 stro
383 5309 410 5347 a
442 5292 634 5349 Niceta
670 5286 957 5357 eclogario
989 5286 1179 5356 positis
1225 5286 1526 5343 conferrem
1551 5328 1566 5351 ,
1611 5288 1806 5356 depre~

240 5361 391 5420 bendi
444 5375 774 5421 sermonem
829 5357 981 5411 ilium
1025 5357 1275 5428 mutilum
1316 5373 1476 5423 esse,
1520 5366 1809 5428 partesque

234 5433 430 5506 aliquot
454 5434 678 5506 codicis
729 5443 863 5483 cum
910 5427 1144 5482 editione
1169 5443 1486 5506 congruere,
1513 5427 1694 5506 partes
1720 5434 1807 5478 ta-

233 5499 352 5562 men
376 5507 510 5562 alias
542 5501 721 5560 modo
758 5511 937 5553 novas
982 5512 1131 5566 esse,
1174 5499 1333 5553 modo
1381 5500 1515 5555 satis
1546 5499 1811 5553 diversas.

1913 3289 2058 3359 quod
2088 3287 2348 3345 Dominus
2376 3300 2459 3346 est
2488 3288 2647 3346 Jesus
2677 3290 2947 3347 Christus.
2997 3290 3208 3346 Etenim
3235 3306 3362 3345 caro
3389 3290 3476 3343 in-

1912 3380 2143 3452 glorium
2176 3379 2409 3436 Verbum
2440 3397 2550 3437 nou
2578 3381 2793 3450 elice-it;
2827 3382 3004 3450 absit;
3043 3383 3136 3438 sed
3164 3382 3281 3453 ipsa
3308 3381 3478 3451 magis

1914 3488 1946 3527 a
1973 3471 2155 3529 Verbo
2196 3473 2495 3544 gloriﬁcata
2525 3473 2646 3528 fuit.
2673 3473 2783 3529 Nec
2804 3475 2928 3544 quia
2951 3476 3092 3530 servi
3126 3474 3350 3528 formam
3389 3489 3480 3528 ac-

1914 3565 2074 3635 cepit,
2106 3565 2199 3635 qui
2232 3565 2285 3619 in
2317 3564 2489 3619 forma
2533 3565 2626 3621 Dei
2675 3574 2791 3620 erat
2822 3564 3015 3629 Filius,
3045 3565 3166 3620 ideo
3194 3565 3477 3621 divinitate

1913 3656 2223 3712 deminutus
2259 3657 2391 3724 fuit;
2428 3657 2536 3710 imo
2590 3672 2719 3711 vero
2763 3657 2878 3726 ipse
2927 3657 3180 3712 liberator
3209 3658 3478 3712 universae

1914 3746 2095 3803 carnis
2124 3748 2406 3817 omnisque
2437 3754 2698 3801 creaturae
2723 3745 2894 3801 evasit
2922 3765 2937 3801 :
2970 3762 3130 3815 quem
3154 3747 3316 3802 etiam
3347 3761 3475 3800 cru-

1915 3835 2131 3892 ciﬁxum
2178 3834 2519 3890 testabantur
2568 3832 2855 3887 Dominum
2903 3848 3023 3887 esse
3053 3841 3356 3887 creatarum
3387 3846 3476 3886 re-

1915 3941 2065 3989 rum,
2106 3925 2187 3982 sol
2218 3924 2399 3981 radios
2459 3939 2587 3979 suos
2616 3924 2963 3988 contrahens,
2995 3932 3138 3977 terra
3183 3937 3472 3988 concussa,

1915 4022 2080 4087 petra:
2124 4016 2308 4072 scissae
2328 4054 2343 4079 ,
2399 4014 2680 4070 carniﬁces
2730 4023 3086 4085 agnoscentes
3114 4028 3240 4069 vere
3268 4012 3360 4068 Dei
3389 4007 3477 4067 Fi-

1915 4107 2047 4161 lium
2077 4121 2199 4162 esse
2231 4121 2389 4176 quem
2425 4106 2826 4161 cruciﬂxerant.
2870 4104 3079 4176 Quippe
3109 4102 3253 4158 haud
3306 4104 3478 4157 alicu-

1912 4197 2006 4269 jus
2031 4198 2267 4255 hominis
2287 4214 2485 4270 corpus
2511 4208 2627 4253 erat
2651 4198 2795 4269 quod
2822 4198 3190 4268 spectabatur,
3221 4195 3315 4253 sed
3344 4195 3474 4263 Dei;

1918 4290 1974 4345 in
2001 4308 2107 4362 quo
2127 4291 2302 4347 deitas
2322 4290 2744 4352 exsistensntum
2774 4292 2936 4345 etiam
2966 4306 3088 4346 cum
3121 4287 3477 4358 cruciligeba-

1917 4392 2027 4449 tur,
2062 4396 2307 4441 mortuos
2336 4382 2655 4440 suscitabat.
2687 4375 2805 4449 Quo
2836 4391 3077 4451 tempore
3112 4380 3194 4436 sol
3225 4380 3478 4448 indigum

1919 4480 2008 4529 tus
2034 4473 2225 4529 faciem
2250 4475 2474 4539 avertit,
2510 4473 2734 4528 minime
2766 4473 2951 4528 videre
2989 4471 3269 4526 sustinens
3303 4470 3478 4526 illatas

1911 4566 2181 4621 communi
2206 4566 2446 4620 omnium
2473 4564 2700 4620 Domino
2728 4563 3038 4636 corporales
3073 4562 3323 4633 injurias,
3341 4576 3478 4632 quas

1906 4655 1996 4710 hic
2025 4664 2217 4726 sponte
2249 4671 2345 4726 pro
2375 4655 2534 4709 nobis
2576 4654 2847 4709 toleravit.
2906 4653 3094 4724 itaque
3128 4651 3296 4709 radiis
3344 4666 3478 4706 con-

1908 4748 2125 4814 tractis,
2154 4747 2298 4803 diem
2334 4747 2485 4801 illum
2522 4747 2643 4801 sine
2667 4747 2779 4803 sole
2808 4746 3076 4817 praestitit.

1906 5001 2137 5060 Omissis
2179 5004 2360 5075 itaque
2409 5004 2653 5075 partibus
2685 4999 2909 5075 omnino
2936 4996 3117 5075 editis,
3149 4995 3261 5075 haec
3291 5001 3469 5075 tamen

1946 5075 2163 5129 mclara
2194 5064 2558 5130 additamenta
2592 5075 2646 5126 in
2684 5073 2856 5124 lucem
2902 5064 3216 5137 proferenda
3266 5064 3473 5131 putavi.

1946 5090 2163 5129 metam
2194 5090 2558 5130 additamenta
2592 5090 2646 5126 In
2685 5090 2856 5124 lucem
2902 5090 3216 5137 prmcreuua
3269 5090 3470 5131 μυιιινι.

1908 5090 2052 5199 gihil
2083 5159 2267 5216 moror
2293 5146 2525 5216 alterum
2555 5144 2623 5216 de
2657 5143 2746 5196 die
2776 5140 3099 5216 Parasfexes
3123 5146 3470 5216 sermonem2

1910 5215 2002 5285 qui
2031 5215 2083 5268 in
2111 5214 2297 5269 eodem
2323 5213 2602 5285 Athanasii
2636 5222 2801 5285 torno,
2841 5223 2893 5277 p.
2932 5205 3034 5285 335
3054 5213 3084 5269 ,'
3123 5202 3348 5285 legitur_,
3380 5202 3471 5270 qui

1911 5272 2089 5353 neque
2116 5285 2397 5339 Athanasii
2427 5284 2644 5336 nomine
2676 5272 2872 5349 dignus
2897 5283 2980 5329 est
3000 5315 3014 5339 ,
3050 5272 3228 5343 neque
3271 5272 3337 5325 ad
3375 5286 3473 5327 ex-

1912 5363 2097 5424 cerpta
2123 5363 2314 5424 nostra
2345 5355 2592 5424 pertinet.
2764 5417 2829 5424 ῃ
2887 5413 2921 5424 Λ
2997 5414 3027 5424 _
3146 5413 3178 5424 ,Δ
3301 5411 3313 5424 _
3349 5411 3362 5424 ,

1978 5410 2394 5494 (82)_llactenus
2419 5423 2507 5494 ed.
2538 5422 2631 5477 cit.
2676 5434 2730 5489 p.
2764 5417 2833 5472 78
2883 5413 2942 5470 C.
2995 5413 3255 5485 Sequitur
3280 5410 3480 5470 deinde

1918 5492 2058 5550 nova
2092 5492 2206 5547 haec
2237 5508 2382 5563 pars.
2426 5492 2499 5546 In.
