4008 6404
1659 352 1717 406 S.
1764 351 2227 410 ATHANASHIS.
2267 389 2338 398 —
2373 357 2601 414 DL'BIA.
3644 367 3738 425 9.53

1465 631 1531 684 IN
1570 631 1833 688 LIBRUM
1873 632 1960 687 DE
1995 634 2445 691 VIRGINITATE
2485 638 2824 696 HONITUM.

602 797 654 851 Ι.
699 795 857 850 Haud
892 794 984 848 abs
1035 810 1090 847 re
1133 791 1392 846 dubitarit
1443 791 1719 858 Erasmus,
1759 795 1893 849 sitne
1945 795 2229 850 Athanasii
2266 797 2350 850 hic
2387 797 2540 861 liber,
2584 799 2735 868 cujus
2775 817 2902 856 sane
2946 803 3114 872 stylus
3151 805 3373 872 simplex
3410 816 3459 860 et
3497 808 3741 870 incultus,

528 890 890 946 Athanasiano
932 892 1080 959 longe
1112 889 1333 957 inferior
1363 889 1582 942 videtur.
1625 889 1756 944 Post
1791 890 2075 944 Erasmum
2113 910 2231 947 tero
2276 894 2541 950 Scultetus
2575 896 2881 965 hujusrnodi
2904 915 2968 952 ea
2993 898 3057 952 de
3100 915 3156 952 re
3193 901 3308 952 tulit
3338 879 3607 966 judicium
3635 917 3652 955 :
3678 901 3746 956 De

526 982 860 1054 virginitate,
899 982 1088 1051 inquit,
1116 982 1231 1036 sive
1259 981 1326 1034 de
1356 980 1708 1036 meditatione
1733 982 1888 1045 liber,
1923 984 1970 1036 si
2001 984 2288 1039 Athanasii
2321 993 2427 1050 est,
2465 986 2602 1040 mire
2632 987 2831 1056 dejecit
2865 990 3089 1059 stylum,
3120 991 3296 1060 inquit
3327 990 3608 1048 Erasmus.
3645 991 3747 1063 Ego

527 1093 657 1132 vero
683 1087 736 1133 et
760 1079 1076 1148 gravitatem
1106 1077 1464 1146 theologicam
1508 1076 1776 1145 abjecisse
1797 1077 2157 1133 Athanasium
2195 1080 2446 1143 dixerim,
2475 1081 2520 1136 si
2558 1083 2690 1136 istas
2733 1083 2967 1153 pueriles
2989 1085 3378 1154 pmceptiones
3401 1086 3594 1156 virgini
3619 1102 3748 1157 pra-

528 1169 769 1240 scripsit.
809 1169 968 1223 Certe
1002 1184 1290 1223 commune
1319 1169 1454 1222 nihil
1487 1170 1693 1224 habent
1731 1187 1855 1225 cum
1891 1174 2166 1241 germanis
2196 1171 2374 1228 Patris
2417 1175 2758 1230 celeberrimi
2805 1177 3050 1246 scriptis.
3095 1175 3196 1231 Sed
3242 1178 3573 1245 obstupescas
3608 1180 3749 1248 plane

525 1263 574 1317 si
603 1262 865 1325 adrerlas,
896 1263 1194 1330 cujusmodi
1223 1264 1332 1315 sint
1355 1264 1472 1316 ista
1506 1265 1730 1331 pueriles
1772 1266 2163 1332 prazceptiones.
2191 1264 2454 1320 Hortatur
2479 1268 2738 1336 virgines,
2769 1269 2945 1321 subdit
2978 1269 3264 1334 Scultetus,
3297 1272 3363 1324 ad
3395 1281 3750 1343 contemptum

526 1354 788 1424 pecuniae,
827 1354 1118 1422 jejunium,
1155 1354 1394 1407 sobriam
1439 1355 1625 1419 vitam,
1671 1355 2002 1416 castitatem,
2046 1369 2259 1422 preces,
2296 1357 2765 1410 conversationem
2813 1366 3081 1422 sanctam,
3126 1360 3547 1430 eleemosynam,
3591 1361 3752 1415 medi-

526 1444 765 1500 tationes
800 1454 1040 1512 sanctas,
1087 1447 1463 1500 recitationem
1501 1443 1843 1500 Psalmorum
1878 1454 1933 1500 et
1960 1445 2065 1498 alia
2112 1444 2168 1498 id
2203 1462 2398 1515 genus.
2437 1446 2750 1502 Prazscribit
2781 1457 2835 1502 et
2866 1458 3044 1502 certas
3084 1450 3248 1505 horas
3285 1453 3524 1514 lectioni,
3553 1454 3753 1522 synaxi,

527 1542 922 1611 deprecationi,
951 1543 1186 1612 hymnis.
1221 1541 1590 1604 Testilicatur,
1624 1541 1775 1594 illum
1813 1542 1868 1594 in
1896 1542 2058 1596 tertio
2082 1543 2275 1596 ordine
2313 1544 2630 1612 angelorum
2658 1543 2938 1597 inventum
2970 1546 3057 1606 iri,
3083 1546 3177 1614 qui
3211 1558 3476 1616 praecepta
3502 1548 3616 1601 hac
3645 1562 3750 1602 ser-

527 1637 755 1689 vaverit.
798 1634 871 1690 De
905 1636 1080 1691 salute
1110 1650 1207 1689 sua
1238 1635 1509 1689 neminem
1542 1644 1665 1688 ante
1693 1635 1902 1688 obitum
1944 1642 2153 1688 certum
2198 1651 2322 1690 esse
2357 1651 2520 1704 posse
2554 1636 2733 1690 docet.
2762 1635 2844 1690 En
2876 1635 2992 1698 tibi,
3027 1636 3247 1691 Sculteti
3269 1640 3492 1707 judicio,
3535 1640 3759 1709 pueriles

529 1729 939 1800 praeceptiones.
975 1745 1092 1799 quae
1128 1738 1300 1781 tamen
1323 1727 1444 1779 alia:
1473 1743 1578 1779 non
1606 1737 1728 1780 sunt
1756 1744 1913 1795 quam
1957 1744 2034 1781 ea:
2069 1745 2202 1797 quas
2241 1728 2496 1781 Dominus
2527 1730 2582 1781 in
2617 1729 2927 1799 Erangelio,
2955 1728 3023 1782 D.
3052 1728 3257 1784 Paulus
3291 1733 3342 1783 in
3376 1730 3632 1798 Epistolis
3659 1735 3760 1788 suis

531 1821 772 1876 tradidit.
823 1819 971 1875 Unde
1016 1822 1388 1890 praceptiones
1432 1822 1566 1874 istas
1605 1821 1930 1873 arbitramur
1980 1837 2090 1874 esse
2138 1821 2212 1887 pii
2248 1821 2546 1884 cuiusdam,
2590 1839 2863 1891 rerumque
2894 1823 3374 1876 ecclesiasticarum
3425 1825 3579 1891 periti
3618 1825 3710 1878 tiri
3745 1839 3761 1876 :

529 1917 814 1971 Athanasii
844 1927 1016 1970 tamen
1048 1934 1160 1971 esse
1190 1919 1275 1970 ria:
1299 1916 1704 1981 crediderimus,
1733 1933 1850 1968 cum
1878 1915 1939 1969 ob
1961 1916 2222 1968 dirersum
2249 1917 2506 1970 orationis
2531 1933 2711 1986 genus,
2741 1927 2850 1968 tum
2881 1917 3005 1985 quia
3033 1917 3086 1968 in
3120 1918 3348 1987 antiquis
3383 1917 3764 1972 collectionibus

529 2009 911 2064 Athanasianis
947 2027 1050 2063 non
1081 2012 1353 2076 reperitur.

601 2102 667 2157 ll.
711 2102 972 2158 Ceterum
1003 2105 1182 2173 palam
1221 2113 1298 2158 est
1340 2104 1601 2158 diversum
1630 2119 1744 2157 esse
1778 2103 1913 2155 hunc
1955 2101 2170 2166 librum,
2211 2119 2243 2154 a
2279 2102 2607 2157 sermonibus
2642 2104 3016 2157 consolatoriis
3060 2103 3128 2156 ad
3175 2105 3425 2174 rirginem
3466 2102 3697 2158 laudatis
3737 2120 3767 2155 a

535 2197 876 2262 Theodoreto,
905 2199 998 2251 lib.
1029 2213 1066 2252 ll
1094 2197 1235 2253 llist.
1261 2199 1432 2262 Eccl.,
1458 2215 1505 2250 c.
1530 2198 1584 2261 4,
1607 2197 1672 2249 de
1702 2198 1892 2266 quibus
1926 2198 2084 2250 alias.
2120 2195 2290 2250 Nulla
2317 2198 2501 2266 quippe
2529 2196 2613 2248 hic
2641 2197 2836 2249 mentio
2868 2197 3432 2265 persecutionis,cujus
3463 2214 3628 2250 causa
3654 2197 3767 2250 illos

529 2292 695 2347 (didit
723 2294 1068 2348 Athanasius.
1101 2294 1274 2348 Porro
1298 2295 1394 2348 hoc
1427 2296 1481 2347 in
1510 2295 1757 2363 opusculo
1804 2303 2163 2348 memorantur
2187 2294 2413 2362 hymnus
2469 2292 2652 2348 Gloria
2696 2294 2750 2348 in
2791 2293 3044 2356 excelsis,
3106 2303 3290 2346 cantus
3319 2293 3569 2361 Alleluia,
3605 2292 3777 2346 rersi—L

532 2385 683 2440 culus
721 2385 902 2440 Gloria
937 2385 1104 2450 Patri,
1138 2395 1242 2440 etc.
1277 2385 1339 2440 Et
1368 2403 1514 2441 nunc
1545 2394 1599 2441 et
1639 2402 1874 2456 semper,
1906 2397 2031 2448 etc.,
2067 2395 2115 2438 et
2147 2386 2256 2438 alia
2277 2385 2331 2438 id
2359 2403 2537 2456 genus,
2566 2403 2682 2456 quae
2704 2387 2951 2455 fortassis
2971 2386 3224 2456 sequioris
3238 2402 3394 2456 quam
3427 2384 3780 2440 Athanasiani'

533 2480 630 2533 mi
660 2477 990 2533 videbuntur.
1018 2477 1119 2534 Sed
1149 2477 1213 2532 de
1241 2479 1322 2533 his
1349 2479 1464 2547 fuse
1492 2480 1544 2532 in
1575 2478 1900 2547 Prtefatione
1930 2478 2179 2548 generali.

2140 2621 2210 2632 —.

1623 2699 1761 2752 ΤΟΥ
1797 2700 1887 2752 ΕΝ
1920 2701 2141 2753 ΑΙἸΟΙΣ
2179 2703 2450 2756 ΠΑΤΡυΣ
2481 2704 2681 2757 ΣΙΜΩΝ

1840 2864 2473 2955 ΑΘΑΝΑΣΙΟΥ

1386 3052 1561 3105 ΠΕΡΙ
1598 3050 2054 3113 ΠΑΡΘΕΝΙΑΣ,
2094 3052 2271 3103 HTOI
2308 3052 2480 3105 ΠΕΡΙ
2519 3053 2930 3110 ΑΣΚΗΣΕΩΣ.

1567 3323 1660 3412 S.
1739 3327 1845 3414 P.
1926 3325 2044 3414 N.
2122 3321 2765 3412 ATHANASII

1493 3515 1592 3569 DE
1634 3515 2150 3582 VIRGINITATE,
2192 3515 2374 3571 SIVE
2402 3515 2504 3570 DE
2551 3513 2831 3572 ASCESI.

612 3783 666 3837 Ι.
705 3781 999 3836 Exordium
1030 3781 1301 3837 sermonis
1331 3783 1526 3839 salutis
1558 3783 1624 3837 ad
1663 3785 1947 3855 virginem.
1992 3783 2105 3838 Pri-
2142 3821 2153 3848 λ

2288 3787 2338 3839 1.
2371 3786 2426 3838 Ἀ
2436 3787 2534 3856 ρχὴ
2549 3785 2707 3852 λόγου
2730 3780 2999 3852 σωτηρίας
3030 3780 3168 3850 πρὸς
3186 3779 3284 3850 τὴν
3308 3778 3594 3849 παρθένον.
3629 3780 3790 3853 Πρῶ-

542 3889 689 3928 mum
723 3873 964 3928 omnium
999 3874 1158 3930 crede
1186 3876 1242 3930 in
1281 3893 1449 3930 unum
1485 3876 1653 3930 Deum
1683 3876 1900 3931 Patrem
1933 3877 2110 3930 omni-

540 3972 835 4035 potentem,
894 3966 1190 4021 visibilium
1231 3975 1287 4023 et
1335 3968 1691 4022 invisibilium
1744 3968 2106 4022 conditorem.

542 4054 610 4109 Et
667 4056 722 4110 in
781 4057 1120 4125 unigenitum
1165 4059 1286 4126 ejus
1336 4058 1536 4112 Filium
1577 4056 1762 4112 Jesum
1805 4058 2108 4124 Christum,

542 4148 635 4216 qui
694 4157 778 4203 est
835 4149 1138 4204 substantia
1193 4149 1395 4214 Patris,
1451 4149 1712 4219 Patrique
1771 4167 1870 4221 per
1927 4152 2111 4205 omnia

544 4242 788 4313 potentia
811 4243 1055 4312 aqualis,
1079 4243 1172 4311 qui
1204 4251 1329 4296 ante
1354 4243 1550 4296 saecula
1578 4242 1697 4296 fuit.
1736 4242 1804 4296 Et
1840 4243 1892 4297 in
1932 4242 2111 4312 Spiri-

543 4342 659 4388 tum
690 4341 960 4396 sanctum,
992 4336 1084 4404 qui
1122 4334 1282 4404 estlin
1303 4333 1462 4388 Patre
1487 4343 1540 4388 et
1579 4334 1632 4388 in
1663 4333 1824 4399 Filio,
1853 4337 2054 4405 quique
2080 4351 2110 4388 a

551 4425 718 4480 Patre
781 4425 1035 4491 mittitur,
1087 4436 1140 4480 et
1202 4442 1297 4495 per
1353 4423 1551 4478 Filium
1612 4426 1791 4481 datur.
1851 4425 2009 4482 Pater
2057 4434 2111 4482 et

544 4514 716 4572 Filius
761 4526 813 4571 et
853 4517 1089 4587 Spiritus
1131 4526 1375 4581 sanctus,
1407 4526 1519 4572 tres
1555 4518 1894 4589 hypostases,
1938 4520 2111 4576 deitas

545 4626 690 4672 una,
737 4626 842 4664 una
901 4618 1182 4680 potestas,
1227 4626 1393 4664 unum
1455 4611 1742 4680 baptisma.
1771 4612 1916 4682 'lpse
1965 4614 2110 4668 enim

547 4702 691 4758 Deus
729 4711 940 4769 noster,
986 4701 1148 4758 Pater
1189 4705 1453 4769 omnium,
1509 4704 1648 4757 intra
1697 4721 1792 4759 sex
1834 4704 1951 4760 dies
1988 4704 2112 4760 fecit

543 4797 764 4861 caelum,
814 4804 867 4851 et
915 4804 1141 4859 terram,
1190 4804 1244 4849 et
1287 4811 1452 4860 mare,
1482 4804 1538 4849 et
1565 4797 1746 4850 omnia
1776 4812 1896 4867 qua!
1929 4797 1984 4851 in
2027 4799 2109 4854 eis

544 4895 693 4943 sunt.
726 4887 847 4958 Ipse
880 4901 1118 4955 namque
1149 4885 1346 4939 cmlum
1381 4885 1515 4949 sole,
1554 4894 1607 4940 et
1647 4888 1804 4948 luna,
1832 4895 1885 4942 et
1916 4887 2112 4943 sideri-

544 4977 650 5033 bus
694 4977 1081 5048 pulcherrimis
1139 4976 1450 5040 exornavit,
1498 4985 1552 5031 et
1597 4984 1798 5031 terram
1854 4977 2112 5032 decenter

543 5068 791 5124 fundavit
826 5084 992 5139 super
1035 5083 1240 5138 aquas,
1266 5076 1320 5122 et
1350 5070 1566 5123 ornavit
1608 5085 1727 5125 eam
1767 5071 1966 5141 plantis
1991 5084 2110 5125 om-

2210 3893 2300 3927 τον
2323 3876 2540 3928 πάντων
2563 3875 2853 3926 πίστευσον
2913 3873 2991 3935 εἰς
3036 3871 3130 3924 ἕνα
3159 3870 3287 3923 Θεὸν
3318 3870 3534 3941 Πατέρα
3585 3889 3787 3924 παντο⁶

2211 3969 2474 4038 κράτορα,
2503 3967 2713 4040 ὁρατῶν
2738 3966 2832 4018 καὶ
2893 3965 3137 4034 ἀοράτων
3165 3965 3410 4034 ποιητήν·
3442 3964 3536 4016 καὶ
3565 3965 3646 4026 εἰς
3695 3950 3795 4017 τὸν

2216 4063 2474 4130 μονογενῆ
2527 4059 2686 4112 αὑτοῦ
2720 4059 2845 4110 Υἱὸν
2885 4057 3090 4129 Ἰησοῦν
3134 4057 3387 4127 Χριστὸν,
3444 4056 3534 4109 τὸν
3568 4057 3696 4110 ὄντα
3726 4059 3792 4109 ὲκ

2210 4151 2310 4220 τῆς
2335 4152 2518 4214 οὐσίας
2549 4151 2640 4204 τοῦ
2690 4152 2920 4222 Πατρὸς,
2957 4151 3096 4203 κατὰ
3134 4149 3308 4202 πάντα
3342 4149 3656 4218 ἰσοδύναμον
3710 4149 3796 4219 τῷ

2212 4247 2404 4315 Πατρὶ,
2426 4245 2515 4298 τὸν
2554 4245 2658 4316 πρὸ
2689 4246 2898 4298 αἰώνων
2927 4244 3075 4296 ὅντα·
3099 4244 3190 4296 καὶ
3212 4244 3288 4304 εἰς
3306 4241 3365 4293 τὸ
3395 4241 3620 4311 Πνεῦμα
3649 4240 3790 4310 (83')

2211 4337 2271 4390 τὸ
2307 4339 2475 4406 ἆγιον,
2510 4337 2568 4391 τὸ
2600 4341 2657 4391 ὲν
2684 4337 2856 4407 ῐιατρὶ
2895 4336 2985 4388 καὶ
3016 4335 3129 4404 Υἱῷ
3148 4335 3226 4397 ὃν,
3258 4333 3406 4404 παρὰ
3453 4333 3544 4386 τοῦ
3576 4322 3793 4405 Πατρὸς

2212 4430 2692 4500 ἀποστελλόμενον,
2725 4431 2817 4483 καὶ
2844 4428 2932 4482 διὰ
2970 4427 3062 4479 τοῦ
3108 4427 3237 4500 Tia?)
3271 4426 3562 4495 διδόμενον.
3596 4419 3796 4494 Πατὴρ

2213 4522 2306 4574 καὶ
2333 4522 2460 4585 Υἱὸς
2489 4524 2582 4575 καὶ
2613 4524 2765 4590 ἅγιον
2809 4520 3052 4589 Πνεῦμα,
3096 4522 3241 4590 τρεῖς
3283 4517 3627 4581 ὑποστάσεις,
3688 4501 3792 4586 μὶξι

2213 4612 2422 4682 θεότης,
2461 4613 2555 4683 μία
2575 4613 2821 4683 δύναμις,
2850 4611 2907 4663 ἓν
2941 4611 3239 4681 βάπτισμα.
3264 4609 3432 4672 Αὐτὸς
3463 4609 3572 4680 γάρ
3600 4611 3628 4662 ὁ
3657 4608 3794 4671 Θεὸς

2211 4703 2416 4773 ἡμῶνὸ
2444 4703 2631 4774 Πατὴρ
2674 4704 2780 4756 τῶν
2813 4703 2947 4756 ὅλων
2984 4704 3040 4756 ὲν
3071 4700 3127 4766 ἒξ
3170 4701 3404 4771 ἡμέραις
3436 4700 3657 4771 ἐποίησε
3695 4700 3794 4754 τὸν

2212 4795 2439 4867 οὐρανὸν
2469 4795 2563 4848 καὶ
2607 4796 2705 4866 τὴν
2727 4795 2830 4865 γῆν
2858 4794 2951 4846 κα)⁸
2996 4793 3093 4863 τὴν
3146 4791 3440 4856 Θάλασσαν,
3484 4792 3580 4845 καὶ
3609 4793 3794 4846 πάντα

2212 4887 2279 4939 τά
2307 4889 2363 4939 ὲν
2393 4887 2778 4950 αὑτοῖς.Δῦτὺς
2799 4884 2907 4956 γάρ
2930 4884 3283 4954 διεκόσμησεν
3310 4884 3400 4936 τὸν
3425 4883 3654 4956 οὐρανὸν
3676 4884 3793 4950 (85)

2212 4979 2270 5030 ἐν
2295 4978 2429 5048 ἡλίῳ
2462 4980 2553 5032 καὶ
2585 4979 2782 5050 σελήνῃ
2811 4980 2906 5031 καὶ
2962 4977 3181 5048 ἄστροις
3207 4976 3530 5044 παγκάλοις,
3565 4978 3659 5030 καὶ
3689 4977 3794 5044 τὴν

2213 5071 2316 5140 γῆν
2354 5070 2643 5140 εὐπρεπῶς
2665 5069 3023 5140 ἐθεμελίωσεν
3053 5069 3236 5124 ἐπάνω
3268 5068 3374 5121 τῶν
3403 5067 3632 5130 ὑδάτων,
3671 5068 3788 5119 διαο

547 5162 714 5231 nique
746 5177 944 5233 genere
980 5160 1272 5230 lignorum.
1297 5157 1462 5214 Iussu
1493 5162 1612 5230 ejus
1639 5171 1931 5233 erumpunt
1960 5161 2108 5217 fluvii
2142 5151 2153 5206 1

2216 5163 2494 5231 κοσμήσας
2548 5162 2716 5231 αὐτὴν
2746 5163 2804 5214 ἐν
2835 5163 3022 5230 φυτοῖς
3059 5160 3149 5214 καὶ
3176 5160 3354 5227 ξύλοις
3401 5159 3789 5222 παντοδαποῖς.

547 5251 810 5315 mellillui,
843 5261 898 5307 et
935 5251 1113 5306 fontes
1145 5267 1430 5322 perennes,
1468 5261 1522 5307 et
1565 5254 1799 5320 injunxit
1842 5263 2022 5318 terra),
2053 5262 2106 5309 et

545 5344 799 5412 produxit
837 5359 1080 5410 carnem,
1132 5352 1188 5399 et
1233 5345 1437 5398 creavit
1480 5360 1669 5400 omnes
1705 5346 1905 5403 bestias
1951 5355 2109 5402 terrae

544 5433 841 5488 secundum
878 5449 1048 5503 genus
1079 5450 1263 5499 suum,
1288 5443 1344 5490 et
1373 5435 1613 5489 volucria
1648 5436 1771 5491 caeli
1808 5435 2108 5493 secundum

615 5588 753 5658 (82‘)
783 5590 891 5643 Καὶ
921 5591 999 5652 εἰς
1023 5589 1341 5660 call-1:331.
1406 5590 1530 5645 Haac
1566 5607 1634 5646 ex
1682 5591 1983 5647 Athanasio
2024 5592 2102 5644 ci-

547 5667 733 5783 tﬁntur
753 5661 1229 5784 tuarvudjoncil.
1257 5662 1427 5732 Epist.
1463 5662 1689 5718 Adriani
1728 5664 1794 5717 ad
1848 5662 2103 5716 Carolum

605 5770 618 5782 .
659 5745 776 5799 pag.
895 5751 938 5784 θ.

616 5799 728 5870 {85)
770 5799 843 5855 Ita
868 5801 1216 5874 Anglicanus.
1252 5803 1391 5858 Editi
1429 5820 1578 5871 vero,
1614 5803 1703 5858 καὶ
1736 5803 1822 5856 τὸν
1860 5801 2102 5872 οὐρανόν.

2213 5255 2323 5306 Καὶ
2353 5258 2418 5325 τῇ
2446 5253 2688 5307 κελεύσει
2717 5256 2879 5308 αὐτοῦ
2918 5253 3301 5325 ἐκπορεύονται
3344 5254 3576 5324 ποταμοὶ
3600 5251 3796 5324 μελίρα

2219 5350 2387 5418 ῥυτοι,
2413 5346 2504 5399 καὶ
2533 5349 2702 5416 πηγαὶ
2733 5348 2969 5409 άένναοι,
2997 5347 3091 5399 καὶ
3141 5345 3435 5416 προσέταξε
3465 5346 3530 5414 τῇ
3566 5347 3657 5414 γῇ,
3689 5341 3797 5396 καὶ

2217 5439 2461 5508 ἐπήγαγε
2496 5439 2669 5510 σάρκα
2697 5440 2828 5510 (84),
2879 5439 2972 5493 καὶ
3019 5437 3241 5508 ἐποίησε
3288 5437 3460 5491 πάντα
3497 5434 3565 5488 τά
3619 5432 3794 5504 θηρία

2283 5591 2400 5668 {84)
2433 5591 2578 5648 Felc.
2609 5595 2662 5668 ‘2,
2688 5595 3029 5668 καὶ-ἐποίησε
3044 5595 3247 5668 σάρκα,
3277 5591 3442 5668 Paulo
3468 5597 3613 5668 post,
3644 5588 3794 5668 hac.

2214 5663 2415 5785 δέαὶῗὰ
2453 5667 2672 5745 πετεινὰ
2706 5665 2799 5719 τοῦ
2840 5661 3070 5736 οὐρανοῦ
3112 5661 3252 5717 κατὰ
3287 5662 3459 5730 γένος,
3491 5661 3690 5717 desunt
3724 5661 3800 5714 in

2261 5748 2338 5787 εισι
2367 5749 2522 5789 ιειιει.
