4008 6404
234 355 306 416 εδδ
1567 359 1654 417 DE
1693 358 2156 421 VIRGINITATE.

3337 373 3446 431 254

235 478 300 549 τῆς
319 477 415 549 γῆς
452 480 615 535 κατὰ
652 479 836 551 γένος,
879 480 971 536 καὶ
1026 481 1094 535 τὰ
1150 479 1371 536 πετεινὰ
1412 479 1503 537 τοῦ
1554 481 1784 554 οὐρανοῦ

1895 499 2059 556 genus
2123 501 2305 543 suum.
2374 484 2638 560 Praecepit
2703 488 2898 561 aquis,
2961 498 3017 547 et
3075 489 3452 563 produxerunt

238 567 336 623 κατὰ
389 570 584 638 γένος.
654 573 943 627 Ἐκέλευσε
985 575 1094 637 τοῖς
1151 572 1326 639 ὕδασι,
1378 575 1469 628 καὶ
1514 574 1781 645 ἐξήγαγον

243 658 405 732 ἰχθύας,
432 663 537 715 καὶ
569 662 807 733 ἐποίησε
834 663 902 717 τὰ
924 664 1060 735 κήτη
1081 663 1149 718 τὰ
1179 664 1410 735 μεγάλα.
1435 665 1696 738 Ὕστερον
1724 666 1782 720 δὲ

240 754 412 808 πάντων
435 754 679 827 εποίησε
695 756 787 810 τὸν
807 755 1106 829 ἄνθρωπον,
1139 758 1233 811 καὶ
1265 758 1441 812 πάντα
1469 758 1783 830 παρέδωκεν

240 845 347 915 αὐτῷ
363 848 442 912 είς
462 847 804 919 ὑπηρεσίαν.
835 843 968 901 Eine
988 848 1095 920 γὰρ
1126 848 1326 920 Κύριος
1349 849 1378 901 6
1398 849 1528 914 Θεὸς
1552 848 1631 919 τῷ
1670 847 1785 920 Υἱῷ

240 939 384 994 αὑτοῦ·
425 961 442 990 ι
470 941 810 1012 Ποιήσωμεν
844 940 1124 1013 ἄνθρωπον
1153 943 1275 995 κατ’
1306 941 1487 995 είκόνα
1515 941 1785 1014 ἡμετέραν

240 1032 308 1085 καὶ
323 1029 437 1083 καθ’
460 1031 758 1101 ὀμοίωσιψ
788 1031 881 1085 καὶ
905 1030 1103 1084 ἔπλασε
1139 1031 1339 1103 Κύριος
1366 1031 1395 1084 6
1414 1031 1542 1096 Θεὸς
1571 1031 1661 1085 τὸν
1689 1029 1785 1087 ἄν·

241 1122 436 1194 θρωπον,
461 1120 659 1176 λαϐὼν
685 1121 811 1193 χοῦν
842 1120 948 1175 ἀπὸ
1003 1122 1103 1192 τῆς
1155 1122 1276 1193 γῆς,
1321 1123 1417 1177 καὶ
1447 1121 1598 1176 ἔθετο
1624 1122 1784 1177 αὑτὸν

243 1214 366 1286 ἐντῷ
390 1216 720 1287 παραδείσῳ
767 1215 867 1286 τῆς
914 1215 1141 1287 τρυφῆς.
1182 1212 1379 1267 Ἔσαλε
1410 1214 1467 1268 δὲ
1515 1213 1720 1286 Κύριος
1759 1215 1788 1267 6

237 1305 332 1368 Θεὸς
361 1305 454 1357 ἐπὶ
477 1305 575 1358 τὸν
625 1303 800 1376 Ἀδὰμ
826 1303 1097 1368 ἔκστασιν,
1133 1304 1226 1358 καὶ
1248 1302 1485 1367 ῦπνωσε,
1510 1304 1603 1357 καὶ
1629 1303 1786 1357 έλαὸε

239 1398 335 1467 μίαν
362 1398 472 1451 τῶν
526 1396 784 1469 πλευρῶν
835 1396 1019 1462 αὐτοῦ,
1064 1397 1159 1450 καὶ
1201 1396 1553 1467 ἀνεπλήρωσε
1611 1396 1789 1469 σάρκα

234 1491 321 1544 ἀντ’
346 1489 543 1557 αὐτῆς,
582 1489 684 1543 καὶ
711 1488 1022 1560 ᾠκοδόμησε
1056 1488 1154 1559 τὴν
1205 1487 1466 1559 πλευρὰν,
1518 1488 1586 1559 ῆν
1609 1486 1785 1549 ἔλαϐε,

236 1583 296 1647 εἰς
318 1584 570 1651 γυναῖκα,
594 1583 695 1636 καὶ
717 1583 922 1654 ἠγαγεν
954 1583 1121 1653 αὐτὴν
1161 1581 1296 1655 πρὸς
1336 1582 1427 1636 τὸν
1472 1582 1659 1654 Ἀδὰμ,
1696 1588 1791 1641 καὶ

234 1671 355 1729 εἶπεν
420 1675 621 1747 Ἀδάμ·
657 1673 807 1746 Αῦτη
867 1674 960 1728 νῦν
1008 1674 1140 1747 σὰρξ
1178 1676 1243 1729 ὲκ
1287 1675 1385 1746 τῆς
1433 1676 1632 1749 σαρκός
1665 1693 1788 1745 μου,

233 1771 304 1822 καὶ
325 1767 511 1822 ὀστοῦν
568 1770 636 1821 ἐκ
696 1765 805 1821 τῶν
841 1766 1041 1820 ὀστέων
1092 1784 1214 1838 μου.
1266 1764 1412 1839 Αὕτη
1461 1766 1789 1839 κληθήσεται

1883 577 2082 646 pisces,
2127 585 2180 635 et
2236 578 2480 635 condidit
2528 579 2794 637 immanes
2855 580 3110 639 balaenas.
3146 582 3451 640 ‘PoStremo

1882 670 2126 727 omnium
2154 671 2281 728 fecit
2307 672 2599 740 hominem,
2619 682 2673 728 et
2699 674 2879 728 omnia
2910 674 2959 728 ei
2988 675 3057 729 ad
3086 675 3450 731 ministerium

1884 761 2127 818 donavit.
2192 762 2338 818 Dixit
2393 764 2538 820 enim
2601 764 2864 821 Dominus
2909 765 3053 823 Deus
3099 766 3235 823 Filio
3284 783 3387 824 suo
3431 782 3448 821 :

1890 872 1910 906 ι
1951 852 2238 911 Faciamus
2276 853 2547 910 hominem
2592 857 2659 911 ad
2707 858 2995 928 imaginem
3041 868 3097 914 et
3137 859 3453 915 similitudi-

1887 960 2010 1000 nem
2042 954 2289 1002 nostram
2322 964 2337 1001 :
2369 953 2422 1002 et
2451 946 2703 1002 formavit
2736 947 2879 1004 Deus
2907 950 3202 1014 hominem,
3227 966 3453 1009 sumens

1886 1036 2075 1092 limum
2119 1038 2186 1093 de
2231 1047 2398 1102 terra,
2442 1044 2496 1094 et
2538 1040 2721 1109 posuit
2757 1055 2881 1095 eum
2913 1042 2968 1094 in
3011 1042 3265 1111 paradiso
3298 1045 3453 1098 volu-

1886 1130 2069 1201 ptatis.
2108 1128 2338 1186 Immisit
2376 1139 2553 1187 autem
2596 1132 2740 1187 Deus
2764 1133 2820 1188 in
2852 1132 3022 1188 Adam
3064 1144 3340 1205 stuporem
3395 1142 3453 1193 et

1887 1222 2192 1292 consepivit
2230 1238 2376 1285 eum,
2408 1230 2462 1277 et
2503 1224 2737 1293 sumpsit
2785 1240 2946 1279 unam
2987 1241 3053 1280 ex
3096 1228 3267 1282 costis
3308 1228 3450 1297 eius,

1887 1321 1942 1368 et
1983 1327 2200 1368 carnem
2239 1328 2338 1384 pro
2376 1329 2440 1369 ea
2477 1315 2780 1381 substituit,
2817 1324 2871 1371 et
2903 1317 3189 1371 aediﬁcavit
3217 1327 3449 1382 costam,

1887 1419 2050 1476 quam
2093 1413 2421 1476 sumpserat,
2464 1406 2519 1460 in
2565 1407 2868 1471 mulierem,
2909 1422 3136 1478 eamque
3173 1410 3237 1464 ad
3282 1410 3450 1464 Adam

1890 1497 2165 1569 perduxit,
2204 1508 2259 1553 et
2299 1498 2435 1553 dixit
2477 1497 2650 1553 Adam
2686 1519 2699 1554 :
2730 1498 2855 1555 Haec
2891 1516 3019 1556 caro
3052 1517 3195 1556 nunc
3238 1517 3302 1557 ex
3343 1501 3453 1572 85

1891 1604 2056 1644 carne
2104 1603 2244 1653 mea,
2294 1599 2348 1645 et
2391 1605 2453 1645 os
2493 1605 2559 1645 ex
2611 1589 2827 1645 ossibus
2875 1591 3029 1646 meis.
3101 1589 3221 1661 Ipsa
3298 1605 3458 1646 voca-

1892 1676 2040 1732 bitur
2095 1678 2302 1749 virago,
2348 1678 2607 1749 quoniam
2651 1696 2717 1733 ex
2774 1679 2891 1734 viro
2951 1696 3051 1735 suo
3081 1687 3295 1750 sumpta
3349 1686 3451 1735 est.

1893 1765 2117 1839 Propter
2138 1769 2240 1825 hoc
2262 1771 2528 1841 relinquet
2554 1770 2714 1825 homo
2736 1780 2940 1841 patrem
2965 1788 3121 1829 suum
3146 1780 3201 1827 et
3228 1782 3456 1828 matrem

233 1861 357 1932 γυνὴ,
387 1863 470 1914 ὅτι
496 1862 565 1913 ἐκ
590 1860 691 1914 τοῦ
718 1859 909 1930 ἀνδρὸς
938 1860 1105 1930 αὐτῆς
1146 1859 1375 1932 ἐλήφθη.
1417 1860 1562 1913 Ἀντὶ
1596 1860 1786 1914 τούτου

1895 1875 2069 1923 suam,
2112 1868 2166 1915 et
2209 1861 2570 1933 conjungetur
2613 1863 2768 1917 uxori
2794 1878 2927 1929 sum,
2968 1870 3234 1934 eruntque
3262 1862 3370 1919 duo
3400 1863 3457 1918 in

232 1952 517 2022 καταλείψει
542 1950 840 2022 ἄνθρωπος
866 1950 956 2002 τὸν
970 1949 1187 2022 Πατέρα
1208 1950 1394 2013 αὑτοῦ,
1423 1951 1515 2004 καὶ
1542 1951 1643 2024 τὴν
1678 1969 1784 2023 μη-

1889 1966 2055 2007 carne
2083 1967 2189 2007 una
2220 1954 2283 2008 ³⁸.
2326 1973 2344 2006 ι

228 2042 339 2114 τέρα
370 2041 558 2105 αὐτοῦ,
592 2042 690 2095 καὶ
716 2039 1245 2113 προσκολληθήσεται
1269 2044 1337 2113 τῇ
1360 2043 1576 2112 γυναικὶ
1596 2042 1782 2107 αὑτοῦ,
1809 2043 1903 2099 καὶ
1933 2043 2143 2099 ἔσονται
2163 2045 2213 2098 οί
2240 2044 2332 2097 δύο
2363 2046 2442 2108 είς
2467 2045 2646 2112 σάρκα
2670 2044 2847 2116 μίαν.»

284 2151 331 2204 Ξ.
371 2153 594 2214 Ἄκουε,
641 2150 809 2221 δούλη
844 2149 936 2204 τοῦ
974 2148 1232 2220 Χριστοῦ,
1272 2152 1366 2205 κα)⁵
1412 2153 1631 2217 πάντες,
1670 2152 1785 2205 ὅσοι

230 2244 413 2298 θέλουσι
438 2244 705 2316 σωθῆναι,
725 2245 823 2297 καὶ
852 2240 1191 2304 ὲνιιντίζονται
1210 2243 1279 2296 τά
1312 2246 1529 2315 ῥήματα
1558 2243 1653 2297 τοῦ
1672 2242 1786 2314 (85)

230 2337 468 2408 στόματός
503 2354 610 2408 μου
630 2353 645 2367 ο
672 2338 772 2389 καὶ
801 2337 1283 2403 καταδεξάσθωσαν
1310 2334 1379 2389 τὰ
1410 2331 1527 2390 ὦτά
1554 2352 1646 2389 σου
1674 2334 1790 2387 θεο-

230 2430 503 2493 πνεύστους
525 2429 748 2498 λόγους.
780 2447 799 2481 ι
834 2429 907 2482 Τὸ
931 2429 1225 2500 μυστήριον
1247 2429 1356 2500 γὰρ
1414 2426 1591 2493 τοῦτο,
1633 2428 1786 2499 φησὶ,

232 2522 356 2592 μέγα
400 2521 546 2585 ἐστὶ,
604 2539 625 2572 ι
708 2518 897 2584 καθὼς
974 2515 1124 2573 εἷπεν
1169 2519 1198 2571 6
1250 2518 1518 2591 μακάριος
1558 2518 1791 2585 Παῦλος,

218 2612 301 2669 ,ὅτι
326 2613 427 2674 πᾶς
456 2610 569 2682 (86)
599 2611 630 2663 6
651 2608 995 2681 κολλώμενος
1018 2612 1084 2681 τῇ
1120 2609 1357 2679 γυναικὶ,
1389 2609 1446 2663 ἓν
1474 2608 1634 2681 σῶμά
1652 2611 1790 2664 εἰσιν

232 2704 527 2777 ἀμφότεροι.
563 2703 728 2758 Οῦτω
792 2686 954 2756 πάλιν
982 2705 1088 2766 πᾶς
1120 2701 1258 2777 ἀνὴρ
1287 2702 1320 2775 ἢ
1349 2701 1485 2774 γυνὴ
1516 2701 1791 2774 κολλώμε-

229 2813 305 2861 νος
326 2796 399 2867 τῷ
426 2796 620 2869 Κυρίῳ
651 2795 714 2849 ἒν
751 2794 973 2866 πνεῦμά
1014 2796 1149 2851 ἐστι.
1189 2795 1252 2848 Εἰ
1282 2794 1391 2864 γὰρ
1418 2795 1468 2848 ei
1494 2794 1574 2865 τῷ
1605 2794 1792 2867 κόσμῳ

231 2889 610 2960 συναπτόμενοι
651 2887 1125 2955 καταλιμπάνουσι
1164 2886 1253 2941 τὸν
1301 2886 1509 2957 πατέρα
1556 2887 1651 2940 καὶ
1693 2886 1792 2958 τὴν

230 2982 444 3053 μητέρα,
476 2981 575 3035 καὶ
608 2981 976 3035 συνάπτονται
1010 2980 1268 3052 φθαρτοῖς
1299 2978 1605 3051 ἀνθρώποις
1657 2979 1788 3050 (87).

226 3073 365 3146 τόσῳ
400 3074 601 3146 μᾶλλον
633 3076 667 3145 ἡ
695 3072 968 3146 παρθένος
998 3072 1434 3145 ὲγκρατευομένη
1462 3072 1663 3141 ὀφείλει
1695 3089 1796 3126 κα-

224 3165 457 3219 ταλιπεῖν
477 3163 548 3218 τὰ
576 3165 747 3235 γήϊνα
777 3162 975 3225 πάντα,
1002 3162 1093 3216 καὶ
1109 3162 1187 3233 τῷ
1208 3162 1395 3234 Κυρίῳ
1421 3162 1566 3233 μόνῳ
1597 3160 1791 3233 κολλη-

226 3256 375 3328 θῆναι
392 3274 407 3323 ;
423 3255 782 3329 Μαρτυρεῖδέ
811 3272 902 3327 μοι
920 3254 999 3326 τῷ
1021 3255 1163 3327 λόγῳ
1182 3256 1276 3309 καὶ
1297 3255 1456 3318 αὐτὸς
1482 3255 1511 3308 6
1540 3254 1796 3308 Ἀπόστο-

223 3348 324 3417 λος,
345 3350 521 3418 λέγων
536 3366 551 3380 ⁸
590 3366 611 3401 ι
667 3347 736 3402 Ἦ
767 3348 955 3419 γυνὴή
978 3347 1191 3419 ἄγαμος
1219 3348 1458 3418 μεριμνᾷ
1476 3346 1545 3401 τὰ
1562 3346 1656 3400 τοῦ
1682 3349 1794 3401 Κυ-

226 3440 355 3511 ρίου,
379 3443 466 3497 ἵνα
563 3441 699 3511 ἁγία
727 3441 807 3511 τῷ
846 3438 1060 3510 σώματι
1086 3440 1179 3493 καὶ
1202 3437 1281 3510 τῷ
1308 3437 1599 3509 πνεύματι.
1645 3438 1709 3493 Ἦ
1733 3439 1792 3493 δὲ

222 3536 510 3605 γαμήσασα
552 3535 800 3606 μεριμνᾷ
827 3532 896 3586 τὰ
935 3530 1028 3585 τοῦ
1062 3531 1287 3601 κόσμου,
1336 3530 1454 3594 πῶς
1490 3529 1679 3610 ἀρέρει
1718 3528 1796 3601 τῷ

224 3626 369 3696 ἀνδρὶ
396 3627 530 3699 (88),
561 3628 658 3681 καὶ
695 3626 1045 3697 μεμέρισται.
1082 3642 1103 3677 ›
1135 3622 1303 3677 Τοῦτο
1353 3618 1446 3677 οὖν
1496 3621 1659 3691 λέγω,
1711 3622 1793 3676 δτι

224 3720 366 3773 πᾶσα
419 3718 727 3791 παρθένος,
777 3717 813 3789 ἢ
866 3716 1008 3788 χήρα
1055 3714 1513 3786 ὲγκρατευομένη,
1555 3711 1650 3767 ἐὰν
1694 3711 1794 3785 ἔχῃ

224 3809 471 3879 φροντίδα
514 3810 573 3864 ἑν
606 3806 685 3879 τῷ
717 3806 910 3877 κόσμῳ
938 3804 1131 3875 τούτῳ,
1165 3801 1303 3874 αὐτὴ
1329 3804 1364 3874 ἡ
1397 3801 1616 3874 φροντὶς
1654 3800 1794 3872 ἀνὴρ

224 3900 389 3972 αὑτῆς
425 3904 567 3955 ὲστιο
586 3900 693 3953 κᾶν
732 3898 1011 3969 κτήματα,
1036 3895 1138 3949 κᾶν
1167 3894 1480 3965 ὑπάρχοντα
1514 3892 1634 3965 ἔχῃ,
1659 3891 1797 3963 αὑτὴ

224 3995 256 4064 ἡ
284 3994 522 4066 μέριμνα
553 3991 774 4066 μολύνει
808 3990 982 4061 αὐτῆς
1025 3988 1122 4059 τὴν
1150 3988 1406 4042 διάνοιαν.
1451 3986 1662 4057 Ὥσπερ
1689 3983 1798 4056 γὰρ

222 4084 301 4140 διὰ
328 4085 422 4140 τοῦ
455 4084 650 4156 ἀνδρὸς
664 4084 728 4137 τὸ
753 4081 916 4153 σῶμα
948 4079 1247 4152 μολύνεται,
1274 4077 1447 4142 οὕτως
1474 4077 1646 4148 καὶξαί
1672 4076 1797 4147 σχέ-

226 4194 331 4242 σεις
355 4179 414 4233 αἱ
438 4176 709 4248 κοσμικαὶ
737 4173 837 4245 τὴν
868 4172 1046 4244 ψυχὴν
1078 4172 1170 4227 καὶ
1199 4171 1259 4224 τὸ
1290 4169 1449 4241 σῶμα
1471 4170 1568 4239 τῆς
1592 4169 1797 4240 ἐγκρα-

223 4272 514 4342 τευομένης
548 4268 850 4340 μιαίνουσι,
885 4266 979 4319 καὶ
1009 4265 1108 4318 οὐκ
1140 4261 1449 4334 ἐστινηάγία
1473 4261 1550 4332 τῷ
1589 4259 1798 4332 σώματι

1960 2159 2015 2210 2.
2030 2156 2191 2221 Audi,
2210 2156 2404 2210 ancilla
2426 2156 2650 2221 Christi,
2668 2164 2722 2211 et
2739 2158 3050 2227 quicunque
3066 2158 3294 2213 salutem
3310 2171 3461 2227 qua:-

1894 2258 2041 2311 runt,
2071 2256 2124 2304 et
2152 2250 2463 2304 auscultant
2489 2250 2649 2304 verba
2676 2251 2787 2305 oris
2810 2250 2915 2304 mei
2940 2269 2953 2304 :
2976 2259 3030 2304 et
3062 2249 3331 2320 accipiant
3359 2264 3460 2301 au-

1895 2356 1984 2396 res
2014 2348 2119 2394 tuat
2141 2355 2171 2393 a
2195 2338 2304 2394 Deo
2335 2340 2630 2410 inspiratus
2653 2354 2956 2419 sermones.
2989 2357 3007 2389 ι
3032 2337 3146 2393 Hoc
3169 2338 3313 2392 enim
3341 2351 3460 2408 my-

1896 2431 2146 2494 sterium,
2182 2449 2201 2483 ›
2239 2430 2415 2500 inquit
2441 2431 2598 2485 divus
2630 2430 2853 2496 Paulus,
2893 2448 2911 2481 ι
2945 2444 3197 2500 magnum
3236 2428 3401 2495 est“,
3432 2445 3453 2480 ι

1895 2538 1961 2579 eo
2015 2522 2160 2593 quod
2217 2522 2429 2587 omnis,
2490 2522 2585 2592 qui
2633 2521 3003 2592 agglutinatur
3049 2520 3242 2583 uxori,
3293 2518 3457 2573 ambo

1899 2631 2068 2670 unum
2098 2630 2300 2685 corpus
2332 2615 2462 2669 sint.
2503 2615 2582 2669 lta
2618 2629 2834 2684 quoque
2860 2612 3039 2668 omnis
3068 2611 3153 2666 vir
3184 2611 3297 2667 sive
3329 2626 3453 2665 mu-

1898 2708 1998 2762 lier
2045 2706 2409 2777 agglutinatus
2462 2704 2711 2770 Domino,
2764 2721 2909 2761 unus
2975 2704 3202 2775 spiritus
3249 2709 3351 2759 est.
3402 2701 3461 2757 Si

1897 2797 2044 2853 enim
2076 2796 2170 2867 qui
2198 2795 2402 2850 mundo
2430 2796 2781 2866 copulantur,
2821 2796 3140 2864 relinquunt
3172 2800 3380 2864 patrem
3406 2799 3463 2847 et

1897 2898 2163 2954 matrem,
2225 2896 2288 2943 ut
2339 2889 2664 2944 mortalibus
2722 2889 3035 2943 hominibus
3093 2887 3460 2957 copulentur;

1899 2989 2104 3051 quanto
2135 2980 2309 3050 magis
2329 2980 2484 3051 virgo
2507 2981 2794 3035 continens
2824 2979 3131 3048 relinquere
3157 2976 3318 3032 debet
3355 2983 3465 3030 ter-

1901 3074 2098 3128 restria
2136 3073 2340 3139 omnia,
2382 3080 2437 3129 et
2483 3072 2715 3128 Domino
2745 3072 2847 3129 soli
2878 3069 3248 3142 agglutinari?
3285 3067 3462 3138 Hujus

1895 3163 2002 3217 mei
2054 3161 2186 3217 dicti
2230 3163 2389 3218 testis
2436 3171 2521 3219 est
2557 3163 2673 3233 ipse
2718 3162 3035 3233 Apostolus,
3073 3161 3147 3216 ita
3192 3161 3461 3231 loquens:

1902 3273 1921 3307 ι
1953 3254 2146 3310 Mulier
2187 3255 2412 3325 innupta
2445 3254 2678 3310 sollicita
2722 3263 2807 3310 est
2842 3269 3051 3319 eorum,
3093 3268 3216 3324 qua:
3249 3252 3463 3307 Domini

1898 3356 2047 3413 sunt,
2089 3355 2149 3403 ut
2179 3349 2251 3403 sit
2280 3355 2470 3402 saneta
2515 3360 2744 3417 corpore
2778 3356 2834 3401 et
2866 3345 3089 3416 spiritu.
3124 3345 3301 3414 Nupta
3328 3358 3463 3399 vero

1897 3439 2129 3499 sollicita
2177 3446 2261 3495 est
2303 3453 2515 3503 eorum,
2573 3452 2696 3509 qua:
2742 3445 2871 3493 sunt
2923 3437 3136 3501 mundi,
3185 3435 3464 3507 quomodo

1898 3530 2110 3601 placeat
2156 3530 2297 3597 viro,
2347 3537 2403 3585 et
2450 3529 2627 3585 divisa
2675 3542 2760 3585 est
2782 3530 2849 3584 “.
2882 3548 2900 3581 ι
2948 3528 3061 3583 lloc
3105 3528 3274 3599 igitur
3313 3527 3462 3591 dico,

1899 3620 2044 3692 quod
2077 3621 2256 3676 omnis
2289 3621 2464 3691 virgo,
2506 3627 2600 3674 aut
2627 3619 2790 3674 vidua
2837 3620 3146 3683 continens,
3195 3619 3241 3674 si
3273 3632 3463 3673 curam

1899 3728 2053 3768 suam
2085 3712 2312 3767 collocet
2342 3712 2398 3766 in
2437 3712 2543 3766 hoc
2570 3712 2795 3777 mundo,
2823 3712 2942 3781 ejus
2969 3712 3048 3766 rei
3090 3725 3221 3765 cura
3253 3711 3332 3764 illi
3364 3724 3465 3779 pro

1899 3805 2100 3858 marito
2123 3812 2207 3859 est
2236 3822 2249 3858 :
2286 3804 2400 3860 sive
2428 3804 2829 3874 possessiones,
2864 3803 2980 3859 sive
3024 3803 3164 3858 alias
3197 3803 3463 3859 substan-

1898 3897 2007 3952 tias
2056 3895 2355 3967 possideat,
2410 3895 2528 3966 ipsa
2586 3894 2899 3950 sollicitudo
2950 3897 3286 3950 contaminat
3341 3893 3466 3963 ejus

1900 3989 2162 4044 animam.
2189 3987 2259 4043 Ut
2281 3988 2427 4043 enim
2466 4003 2562 4058 per
2594 3988 2771 4042 virum
2804 4002 3009 4058 corpus
3033 3986 3463 4050 contaminatur,

1899 4081 1975 4136 ita
2004 4095 2223 4152 quoque
2250 4080 2470 4136 habitus
2500 4081 2782 4145 mundani,
2821 4088 2876 4135 et
2908 4080 3146 4134 animam
3181 4088 3236 4133 et
3262 4092 3467 4147 corpus

1900 4173 2238 4228 continentis
2267 4180 2655 4243 conspurcant,
2684 4186 2861 4242 neque
2883 4171 2995 4241 jam
3024 4179 3109 4226 est
3139 4178 3327 4227 sancta
3346 4186 3470 4225 cors

1902 4280 2037 4335 pore
2076 4274 2130 4320 et
2181 4266 2400 4336 spiritu.
2433 4264 2565 4331 Quae,
2619 4273 2801 4319 autem
2846 4272 3004 4319 curat
3046 4279 3186 4335 opus
3226 4264 3465 4329 Domini,

228 4363 314 4415 καὶ
348 4362 429 4433 τῷ
470 4361 767 4432 πνεύματι.
807 4359 873 4411 Ἡ
922 4357 980 4411 δὲ
1018 4356 1372 4429 φροντίζουσα
1411 4354 1469 4407 τὸ
1503 4353 1662 4424 ἔργον
1701 4349 1792 4406 τοῦ

1905 4355 2072 4424 hujus
2105 4370 2343 4425 sponsus
2371 4364 2455 4411 est
2483 4355 2758 4411 Christus.
2792 4353 2867 4409 Ea
2894 4355 3065 4421 enim,
3096 4371 3217 4426 quae
3246 4363 3470 4426 coapta-

225 4455 375 4519 Θεοῦ,
407 4455 642 4527 νυμφίος
689 4450 865 4521 αὐτῆς
912 4451 940 4502 6
980 4447 1212 4519 Χριστός
1253 4447 1419 4500 ἐστιν.
1465 4447 1531 4499 Ἠ
1558 4446 1665 4517 γὰρ
1696 4445 1797 4516 άρ-

232 4549 498 4619 μοσομένη
522 4546 679 4617 ἀνδρὶ
705 4541 932 4614 φθαρτῷ
951 4541 1011 4595 τὸ
1043 4539 1253 4611 θέλημα
1278 4538 1369 4592 τοῦ
1392 4537 1584 4609 ἀνδρὸς
1627 4535 1798 4606 αὐτῆς

227 4639 397 4690 ποιεῖ·
437 4636 613 4699 οὕτως
640 4636 751 4706 γὰρ
785 4630 1036 4701 εἴρηται,
1068 4629 1148 4682 ὅτι
1184 4646 1202 4680 ι
1255 4626 1318 4681 Ἡ
1358 4626 1493 4697 γυνὴ
1533 4623 1628 4679 τοῦ
1667 4624 1796 4677 ἰδίου

226 4724 465 4797 σώματος
490 4727 594 4780 οὐκ
622 4721 950 4789 ἐξουσιάζει,
982 4717 1093 4773 ἀλλ’
1123 4719 1150 4771 6
1181 4718 1340 4789 ἀνήρ.
1399 4736 1418 4770 ι
1455 4717 1565 4771 Kal.
1605 4715 1794 4770 πάλιν

234 4814 466 4889 «Ὠσπερ
513 4818 548 4887 ἡ
583 4811 889 4883 Ἐκκλησία
920 4809 1284 4883 ὑποτάσσεται
1308 4806 1385 4878 τῷ
1415 4806 1621 4879 Κυρίῳ,
1656 4805 1801 4860 οὕτω

228 4906 317 4958 καὶ
344 4908 402 4960 αἱ
433 4908 698 4977 γυναῖκες
732 4903 848 4965 τοῖς
874 4898 1128 4971 ἀνδράσιν
1168 4900 1226 4953 ὲν
1267 4898 1448 4952 παντί.
1484 4917 1504 4950 ι
1552 4898 1671 4951 Ἀπ’
1704 4897 1803 4950 αὐ-

225 4997 327 5051 τῶν
354 5000 463 5072 γὰρ
504 4998 617 5052 τῶν
658 4992 971 5065 κοσμικῶν,
1003 4993 1097 5047 ἐὰν
1142 4991 1383 5063 θέλωμεν
1403 5032 1419 5057 ,
1466 4989 1561 5044 καὶ⁸
1592 4988 1660 5043 τὰ
1690 4990 1804 5044 ἄνω

227 5090 462 5163 νοοῦμεν.
507 5092 575 5147 Ἠ
608 5088 668 5144 δὲ
709 5084 1097 5163 συναπτομένη
1120 5084 1198 5157 τῷ
1230 5084 1535 5156 ἐπουρανίῳ
1568 5081 1801 5153 νυμφίῳ,

227 5180 284 5234 1:6
308 5182 514 5255 θέλημα
543 5179 644 5237 τοῦ
680 5176 922 5250 νυμφίου
950 5175 1120 5247 αὐτῆς
1149 5173 1562 5246 κατεργάζεται.

291 5274 343 5330 3.
384 5276 547 5331 Τοῦτο
577 5275 637 5330 δέ
665 5275 789 5327 ἐστι
818 5270 882 5323 τὸ
901 5268 1123 5340 θέλημα
1147 5268 1240 5322 τοῦ
1272 5266 1529 5339 Χριστοῦ,
1574 5266 1663 5320 τὸν
1684 5265 1806 5320 κολ-

1905 4454 1997 4501 tur
2018 4447 2136 4501 viro
2181 4447 2551 4517 corruptibili,
2587 4448 2921 4503 voluntatem
2958 4448 3061 4502 viri
3094 4448 3181 4503 sui
3214 4447 3360 4512 facit,
3395 4448 3469 4502 ita

1905 4536 2052 4591 enim
2090 4536 2361 4607 scriptum
2405 4547 2530 4592 est:
2566 4555 2585 4588 ι
2609 4536 2802 4593 Mulier
2827 4537 2913 4593 sui
2954 4537 3203 4607 corporis
3231 4544 3471 4607 potesta-

1905 4635 2012 4683 tem
2040 4643 2150 4683 non
2178 4628 2361 4694 habet,
2408 4628 2503 4684 sed
2544 4628 2631 4683 vir
2653 4629 2697 4659 “
2728 4647 2741 4682 :
2770 4648 2790 4681 ι
2825 4643 2890 4684 ac
2932 4643 3189 4684 rursum:
3221 4647 3239 4680 ι
3270 4627 3473 4695 Quem-

1905 4719 2197 4776 admodum
2245 4720 2490 4777 Ecclesia
2522 4722 2813 4793 subjicitur
2843 4721 3093 4787 Domino,
3140 4722 3216 4776 ita
3252 4736 3470 4791 quoque

1908 4813 2169 4869 mulieres
2195 4812 2329 4869 viris
2358 4815 2475 4870 suis
2504 4815 2559 4869 in
2584 4815 2843 4871 omnibus
2865 4815 2935 4870 ".
2966 4834 2987 4868 ι
3022 4814 3283 4885 Exemplo
3316 4826 3471 4867 nam-

1903 4919 2012 4974 que
2044 4904 2445 4961 mundanarum
2476 4921 2682 4969 rerum,
2737 4907 2786 4963 si
2819 4907 2897 4961 ita
2925 4907 3178 4971 velimus,
3226 4905 3470 4961 caelestia

1904 4996 2356 5052 intellexerimus.
2416 4995 2549 5062 Quae
2597 5005 2780 5051 autem
2847 4997 3198 5068 coniungitur
3256 4992 3471 5049 cmicsti

1907 5101 2134 5159 sponso,
2175 5089 2507 5144 voluntatem
2539 5092 2626 5144 sui
2653 5087 2843 5160 sponsi
2873 5087 3022 5143 facit.

1979 5268 2032 5323 5.
2079 5266 2155 5322 Ea
2175 5275 2354 5323 autem
2386 5274 2470 5323 est
2507 5265 2762 5323 voluntas
2799 5263 3025 5329 Christi,
3067 5273 3126 5316 ut
3166 5261 3213 5319 is
3240 5263 3333 5333 qui
3370 5262 3473 5335 ipsi

295 5475 337 5507 ²⁹
374 5476 566 5533 Cenes.
606 5491 667 5541 ι,
705 5472 824 5539 26;
867 5485 930 5536 ιι,
954 5469 1008 5535 ’1,
1039 5468 1102 5535 8,
1130 5468 1321 5524 21-24.
1397 5467 1442 5500 ⁸⁸
1480 5467 1680 5538 Ephes.
1712 5483 1767 5533 ν,

1970 5466 2011 5499 ⁸⁸
2055 5466 2075 5520 l
2106 5465 2236 5522 Cor.
2273 5480 2383 5531 νη,
2417 5465 2505 5520 54.
2583 5464 2627 5497 δ’
2662 5463 2799 5520 lbitl.
2832 5465 2887 5520 4.
2964 5462 3010 5495 “
3054 5462 3249 5535 Ephco.
3292 5478 3343 5531 ν,
3379 5462 3470 5519 Ἠ.

289 5628 399 5699 (85)
417 5627 772 5689 Basiliensis,
787 5622 1215 5699 _:\n_glicanus_et
1238 5620 1388 5699 Fele.
1416 5621 1472 5699 ξ,
1496 5620 1565 5674 τὰ
1586 5620 1806 5694 ῥήματά

227 5690 342 5769 μοι).
382 5690 514 5758 Ειιὶιί
542 5714 705 5762 vero,
736 5696 813 5769 sit
840 5690 1064 5769 ῥήγματα
1083 5693 1176 5769 τοῦ
1211 5690 1475 5764 στόματός
1506 5690 1628 5761 μου.

290 5770 401 5844 (86)
439 5775 555 5838 Πᾶς
589 5772 758 5828 deest
804 5768 860 5820 in
896 5764 1198 5821 Busilicnsi.

1982 5620 2094 5691 (87)
2133 5619 2486 5691 anglicanus,
2519 5618 3077 5691 θνητοίςάνθρὼποις.

1980 5687 2096 5763 (88)
2139 5687 2242 5745 Sic“
2266 5687 2612 5745 Basiliensis.
2643 5688 2786 5744 Editi
2822 5687 2973 5758 vero,
2999 5690 3077 5764 τῷ
3100 5690 3253 5766 ἀνδρὶ
3280 5688 3473 5765 αὐτῆς.
