4008 6404
543 310 645 367 255

1698 311 1757 367 S.
1797 308 2257 368 ATHANASIUS.
2296 337 2364 351 -
2404 308 2630 365 DUBIA.

3663 303 3766 360 256

537 427 949 500 conglutinatus
986 436 1091 495 est,
1123 427 1260 484 nihil
1301 441 1490 484 secum
1537 429 1764 484 omnino
1796 429 1959 499 hujus
2002 444 2103 484 sae-

2218 428 2440 499 ιώμενον
2473 426 2621 498 αὐτῷ
2649 426 2814 497 μηδὲν
2837 427 2971 492 ὅλως
2998 425 3348 498 ἐπιφέρεσθαι
3372 425 3483 495 (89)
3517 422 3770 477 τοῦἀίὼ-

537 519 649 573 culi
673 518 832 586 ferat,
864 520 1001 575 nihil
1025 517 1312 574 terrestria
1339 526 1527 588 curet;
1560 519 1658 574 sed
1688 520 1862 574 solum
1894 528 1952 574 ut
1978 536 2108 576 cru-

539 627 658 666 cem
687 611 829 682 ejus,
863 613 956 683 qui
995 625 1092 682 pro
1120 624 1179 664 se
1206 609 1504 664 cruciﬁxus
1539 618 1642 676 est,
1675 611 1920 680 bajulare
1940 612 2100 668 velit:

540 717 841 774 curamque
869 719 933 758 ac
967 687 1390 758 sollicitudinem
1424 708 1598 770 gerat,
1629 701 1716 756 die
1741 718 1804 758 ac
1832 710 2012 766 nocte,
2049 711 2107 758 ut

541 795 824 865 perpetuis
873 794 1110 865 hymnis,
1145 800 1209 858 et
1255 791 1751 864 glorificationihus
1799 811 1922 850 eum
1963 797 2106 852 cele-

541 888 682 951 bret,
729 888 1094 942 illuminatum
1127 887 1324 942 habeat
1358 890 1558 944 mentis
1594 890 1832 955 oculum,
1883 891 2020 946 sciat
2042 889 2109 943 il-

542 976 648 1033 lius
680 978 1013 1032 voluntatem
1043 988 1097 1033 et
1131 980 1182 1034 ei
1212 979 1566 1051 obsequatur,
1602 997 1699 1035 cor
1721 981 1950 1053 simplex
1979 995 2108 1052 pos-

539 1069 737 1132 sideat,
761 1078 816 1124 et
846 1078 1081 1126 mentem
1122 1089 1338 1143 puram.
1370 1073 1682 1129 Misericors
1709 1074 1801 1138 sit,
1835 1081 1892 1127 ut
1917 1088 2108 1144 quem-

541 1160 834 1215 admodum
867 1163 983 1233 ipse
1027 1164 1317 1220 miserator
1356 1173 1409 1219 et
1437 1165 1754 1220 misericors
1784 1173 1898 1232 est,
1935 1167 2008 1219 ita
2054 1174 2108 1218 et

541 1270 641 1308 nos
667 1269 886 1324 quoque
925 1271 1049 1310 eum
1087 1271 1401 1326 sequamur.
1431 1255 1745 1312 Mansuetus
1785 1265 1840 1310 et
1887 1257 2107 1326 quietus

540 1354 704 1416 atque
731 1347 944 1417 patiens
974 1349 1064 1410 sit,
1108 1348 1243 1401 nulli
1290 1349 1490 1401 malum
1528 1363 1628 1418 pro
1671 1348 1812 1402 malo
1849 1347 2102 1412 reddens,

539 1437 740 1492 multas
767 1439 1129 1493 contumelias
1164 1441 1463 1499 sustinens,
1497 1437 1955 1510 quemadmodum
1986 1440 2104 1508 ipse

540 1547 570 1583 ει
601 1528 805 1585 .Indzeis
841 1531 1189 1584 contumeliis
1239 1530 1487 1594 allectus,
1532 1546 1626 1586 eas
1655 1531 1937 1586 sustinuit.
1971 1528 2106 1584 Ver-

542 1623 671 1678 bera
719 1631 772 1678 et
808 1623 1088 1677 cruciatus
1125 1623 1304 1677 ferat:
1336 1637 1460 1675 nam
1495 1634 1549 1678 et
1582 1623 1700 1692 ipse
1745 1636 1962 1692 qunque
1992 1623 2107 1676 haec

540 1731 738 1786 passus
768 1721 852 1770 est
881 1733 894 1768 :
923 1716 1077 1784 alapa
1096 1716 1240 1770 enim
1269 1731 1298 1767 a
1326 1715 1580 1768 ministro
1605 1713 1880 1784 pontificis
1904 1729 2104 1777 caesus,

2204 538 2292 584 νος
2323 519 2534 584 τούτου,
2562 519 2694 594 μηδὲ
2715 517 2825 572 τῶν
2854 520 3056 589 γηΐνων
3083 516 3388 589 φροντίζειν
3407 534 3422 550 ο
3449 515 3586 569 ἀλλὰ
3613 515 3768 586 μόνον

2203 613 2294 667 τὸν
2318 613 2549 684 σταυρὸν
2566 612 2660 666 τοῦ
2686 610 3085 684 σταυρωθέντος
3115 611 3216 664 ὑπὲ
3225 627 3258 682 ρ
3288 609 3452 663 αὐτοῦ
3487 607 3771 680 βαστάζειν

2205 706 2388 770 αὑτὸν,
2421 706 2515 759 και
2550 705 2691 775 ἔχειν
2722 703 2973 776 φροντίδα
3011 705 3107 756 καὶ
3144 703 3411 774 μέριμναν
3446 701 3639 764 νυκτὸς
3679 700 3772 754 καὶ

2207 797 2438 869 ἡμέρας,
2477 797 2912 860 ἀκαταπαύστοις
2947 796 3056 867 (90)
3088 794 3276 866 ῦμνοις
3311 795 3406 849 καὶ
3445 793 3770 861 δοξολογίαις

2207 891 2394 960 ὑμνεῖν
2420 889 2598 952 αὑτὸν,
2634 887 3042 958 πεφωτισμένον
3083 887 3226 957 ἔχειν
3258 888 3318 940 τὸ
3357 886 3512 958 ὄμμα
3536 885 3638 956 τῆς
3664 885 3774 937 δια-

2206 979 2376 1043 νοίας,
2423 979 2617 1032 εἰδέναι
2649 979 2710 1031 τὸ
2761 977 2972 1048 θέλημα
3017 977 3205 1043 αὑτοῦ,
3253 978 3348 1031 καὶ
3395 979 3570 1030 ποιεῖν
3619 975 3771 1038 αὑτὸ,

2206 1071 2382 1142 ἁπλῆν
2411 1071 2551 1141 ἔχειν
2583 1070 2680 1142 τὴν
2723 1070 2967 1142 καρδίαν,
3015 1069 3251 1142 καθαρὸν
3281 1071 3370 1123 τὸν
3401 1069 3545 1122 νοῦν.
3596 1067 3777 1138 Ἐλεὴ-

2211 1181 2345 1234 μονα
2376 1159 2532 1228 εἶναι,
2565 1165 2670 1228 ἵνα,
2695 1162 2876 1227 καθὼς
2902 1163 3062 1227 αὑτὸς
3091 1163 3387 1234 οἰκτίρμων
3410 1163 3504 1215 καὶ⁹
3528 1161 3776 1230 ἐλεήμων

2208 1259 2342 1321 ἐστὶ,
2371 1256 2548 1320 οὑτως
2579 1256 2670 1310 καὶ
2703 1259 2864 1328 ἡμεῖς
2903 1255 3341 1326 ὲξακολουθῶμεν
3384 1254 3554 1323 αὑτῷ.
3597 1253 3777 1325 Πρᾶον

2208 1351 2298 1404 καὶ
2337 1351 2556 1420 ἡσύχιον
2605 1346 2769 1414 εἶναι,
2823 1350 3157 1417 ἀνεξίκακον,
3202 1348 3387 1420 μηδενὶ
3439 1347 3609 1401 κακὸν
3661 1346 3780 1400 ἀντὶ

2207 1442 2376 1495 κακοῦ
2422 1442 2756 1506 ἀποδιδόντα,
2797 1441 3003 1514 ὕϐρεων
3039 1439 3246 1494 πολλῶν
3270 1439 3612 1510 ἀνεχόμενον,
3646 1435 3780 1490 καθ-

2206 1534 2281 1598 ὼς
2310 1536 2403 1587 καὶ
2439 1534 2600 1598 αὑτὸς
2625 1533 2728 1586 ὑπὸ
2769 1534 2874 1586 τῶν
2916 1533 3184 1586 Ἰουδαίων
3223 1532 3474 1604 ὑϐρίσθη,
3511 1531 3605 1583 καὶ
3645 1527 3782 1582 ὑπέ-

2212 1643 2380 1697 μεινε.
2417 1624 2636 1696 Πληγάς
2667 1625 2761 1678 καὶ
2793 1624 3051 1695 βασάνους
3081 1623 3404 1692 ὑποφέρειν·
3429 1618 3655 1690 καὶγὰρ
3688 1617 3786 1671 αὑ-

2207 1719 2299 1782 τὸς
2330 1717 2498 1771 ταῦτα
2525 1717 2692 1770 ἔπαθε
2711 1734 2724 1748 ⁸
2757 1716 3042 1789 ῥαπισθεὶς
3071 1715 3179 1786 γὰρ
3215 1715 3317 1767 ὑπὸ
3354 1711 3447 1766 τοῦ
3476 1711 3666 1764 δούλου
3688 1707 3784 1764 τοῦ

539 1807 677 1862 nihil
705 1815 898 1861 contra
929 1806 1080 1871 fecit,
1116 1807 1210 1862 sed
1252 1793 1463 1860 tantum
1497 1807 1674 1861 dixit:
1715 1824 1733 1857 ι
1777 1804 1834 1859 Si
1867 1807 2007 1860 male
2031 1806 2109 1858 lo-

2218 1809 2528 1881 άρχιερέως,
2563 1809 2712 1862 οὐδὲν
2754 1810 3025 1880 ἐποίησεν,
3061 1808 3194 1861 ἀλλὰ
3229 1809 3386 1878 μόνον
3426 1801 3577 1858 εἶπεν
3603 1821 3616 1834 ·
3661 1823 3680 1856 ι
3721 1805 3786 1857 EI.

539 1911 700 1954 cutus
728 1915 872 1963 sum,
900 1899 1272 1954 testimonium
1302 1899 1526 1970 perhibe
1555 1898 1620 1954 de
1640 1899 1782 1952 malo
1810 1919 1822 1954 :
1851 1899 1896 1954 si
1927 1907 2104 1953 autem

539 1989 700 2054 bene,
743 1989 872 2060 quid
911 2006 996 2045 me
1033 1990 1298 2045 caedis?“
1327 2010 1344 2041 ι
1378 1988 1568 2044 Nonne
1599 1991 1792 2060 potuit,
1827 1990 1918 2060 qui
1950 1997 2109 2044 terra:

539 2082 844 2152 imperavit,
895 2090 954 2136 ut
991 2081 1196 2136 Dathan
1253 2090 1307 2137 et
1351 2082 1556 2136 Abiron
1595 2083 1746 2137 vivos
1793 2082 2100 2151 deglutiret,

538 2189 756 2228 rursum
784 2175 1074 2244 imperare,
1109 2182 1170 2227 ut
1201 2189 1346 2237 eum,
1382 2174 1474 2244 qui
1509 2189 1727 2228 manum
1761 2175 2024 2238 extendit,
2050 2185 2109 2229 ut

540 2266 772 2320 cmderet
817 2280 977 2318 suum
1009 2264 1370 2329 conditorem,
1420 2265 1598 2318 vivum
1632 2263 1960 2335 deglutiret?
2003 2263 2110 2318 Sed

538 2357 827 2421 sustinuit,
861 2357 1021 2412 nobis
1063 2345 1381 2427 r'elinquens
1412 2357 1742 2428 exemplum,
1782 2365 1841 2411 ιιι
1886 2371 1986 2411 nos
2017 2372 2114 2426 per

536 2451 658 2520 ejus
705 2451 935 2521 vestigia
989 2450 1392 2506 incedamus“.
1434 2449 1515 2504 Tu
1563 2459 1742 2505 autem
1789 2450 1953 2505 homo
2002 2466 2111 2505 non

537 2543 780 2599 sustines
831 2543 900 2596 ab
941 2543 1189 2613 ejusdem
1239 2550 1453 2598 natura:
1496 2543 1717 2598 homine
1765 2544 2113 2599 contumeliis

537 2634 698 2689 allici.
748 2635 964 2691 Imitare
1016 2636 1302 2692 Dominum
1334 2647 1506 2693 tuum.
1543 2638 1600 2692 Si
1644 2636 1788 2692 enim
1831 2638 1941 2702 ille,
1987 2654 2111 2693 cum

538 2723 683 2783 Deus
713 2735 880 2794 esset,
917 2729 1168 2784 toleravit
1215 2738 1438 2800 propter
1470 2740 1522 2784 te
1565 2729 1633 2783 ab
1663 2728 1883 2784 homine
1918 2743 2112 2799 pecea-

539 2827 660 2875 tore
707 2822 954 2891 colaphis
1002 2822 1175 2887 caedi;
1222 2830 1280 2875 tu
1330 2823 1544 2877 scilicet
1603 2821 1928 2893 indignaris,
1967 2819 2110 2890 quod

539 2914 706 2970 homo
739 2916 934 2970 similis
975 2915 1073 2969 tibi
1112 2916 1418 2970 convicium
1464 2915 1616 2982 dicit,
1651 2926 1705 2969 et
1751 2931 1910 2986 paras
1947 2915 2110 2969 ultio-

542 3009 702 3064 nem?
734 3007 878 3062 Proh
913 3009 1235 3063 immensam
1259 3007 1425 3061 animi
1449 3007 1826 3072 stoliditatem,
1849 3015 1903 3062 et
1931 3007 2111 3060 stulti-

2211 1902 2396 1965 κακῶς
2430 1901 2685 1972 ἐλάλησα,
2729 1901 3076 1973 μαρτύρησον
3110 1901 3236 1972 περὶ
3274 1899 3367 1952 τοῦ
3402 1897 3572 1951 κακοῦ
3596 1915 3610 1928 ο
3644 1899 3693 1951 εί
3730 1897 3786 1949 δὲ

2211 1992 2414 2058 καλῶς,
2463 1991 2514 2044 τί
2557 2009 2622 2062 με
2669 1991 2876 2062 δέρεις;
2922 2009 2939 2043 ι
2977 1992 3078 2044 οὑκ
3113 1991 3342 2060 ἡδυνάτο
3369 1991 3397 2042 6
3429 1987 3690 2051 κελεύσας
3719 1990 3786 2060 τῇ

2211 2089 2303 2156 γῇ,
2334 2086 2419 2139 ἵνα
2453 2085 2579 2148 τοὺς
2606 2085 2733 2153 περὶ
2760 2083 2934 2138 Δαθάν
2973 2084 3067 2137 καὶ
3101 2081 3356 2154 Ἀϐειρὼν
3387 2081 3596 2147 ζῶντας
3619 2098 3789 2134 κατα-

2215 2179 2331 2252 πίῃ,
2361 2178 2454 2232 καὶ
2472 2176 2658 2229 τοῦτον
2684 2177 2772 2229 τὸν
2794 2177 3109 2230 ἐκτείναντα
3128 2177 3226 2247 τὴν
3251 2178 3407 2245 χεῖρα
3429 2175 3523 2227 καὶ
3541 2172 3790 2242 τύψαντα

2211 2269 2301 2322 τὸν
2328 2267 2519 2322 ἑαυτοῦ
2549 2267 2875 2338 δημιουργὸν
2904 2267 3079 2333 ζῶντα
3109 2269 3392 2320 καταπιεῖν
3418 2282 3432 2330 ;
3477 2264 3615 2316 Ἀλλ’
3658 2263 3792 2316 ὑπέ-

2216 2379 2415 2433 μεινεν,
2435 2363 2566 2433 ἡμῖν
2587 2358 2973 2431 ὑπολιμπάνων
2995 2359 3373 2431 ὑπογραμμὸν,
3396 2357 3460 2410 ἵν’
3497 2360 3660 2428 ἡμεῖς
3680 2357 3792 2420 τοῖς

2214 2455 2420 2508 ἐκείνου
2457 2457 2656 2525 ἴχνεσιν
2700 2453 3239 2526 ὲπακολουθήσωμεν.
3267 2454 3338 2506 Σὺ
3383 2451 3461 2515 δὲ,
3514 2451 3792 2523 ἄνθρωπε,

2214 2549 2275 2602 οὑ
2331 2549 2617 2619 βαστάζεις
2685 2548 2790 2602 ὑπὸ
2847 2546 2939 2601 τοῦ
3001 2545 3292 2618 ὁμογενοῦς
3349 2561 3440 2598 σου
3505 2542 3792 2615 ἀνθρώπου

2215 2639 2557 2712 ὑϐρισθῆναι.
2587 2641 2837 2712 Μίμησαι
2862 2640 2954 2693 τὸν
2979 2639 3252 2710 Δεσπότην
3282 2655 3393 2692 σου.
3425 2639 3488 2690 EI
3517 2638 3627 2709 γὰρ
3649 2637 3793 2689 ἐκεῖ-

2214 2751 2304 2796 νος
2329 2734 2461 2798 Θεὸς
2485 2733 2560 2786 ὢν
2592 2733 2856 2798 ὲϐάσταξε
2883 2733 2970 2786 διὰ
3001 2733 3060 2785 σὲ
3091 2732 3196 2785 ὑπὸ
3225 2731 3510 2802 ἀνθρώπου
3535 2731 3795 2802 ἀμαρτω-

2215 2826 2307 2879 λοῦ
2351 2825 2700 2898 ραπισθῆναι,
2738 2827 2801 2880 σὺ
2838 2827 3182 2896 ἀγανακτεῖς,
3216 2827 3296 2878 ὅτι
3335 2823 3520 2895 ὅμοιός
3567 2840 3664 2876 σου
3699 2821 3793 2875 ἀν-

2215 2919 2430 2990 θρωπος
2488 2918 2791 2989 ἐλοιδόρὴσὲ
2853 2936 2950 2983 σε,
3004 2920 3098 2972 καὶ

2216 3010 2364 3081 αὑτῷ
2385 3012 2475 3076 ;Ὣ
2497 3010 2696 3082 πολλῆς
2714 3009 2898 3073 ἀνοίας
2933 3009 3026 3062 καὶ
3057 3009 3367 3080 ἀφροσύνης
3399 3007 3641 3079 μεγάλης
3662 3009 3674 3060 ι
3697 3007 3796 3062 Διά

3171 2919 3350 2988 ζητεῖς
3403 2916 3794 2971 ἀνταποδοῦναι

543 3100 678 3153 tiam
720 3101 1004 3169 magnam!
1039 3097 1163 3154 Ideo
1210 3098 1368 3154 nobis
1411 3112 1571 3167 pmna
1604 3097 1872 3154 destinata
1904 3107 2010 3162 est,
2046 3105 2100 3152 et

2218 3103 2371 3157 τοῦτο
2413 3105 2505 3157 καὶ
2539 3102 2757 3166 κόλασις
2790 3104 2920 3174 ἡμῖν
2949 3102 3302 3174 ἡτοίμασται,
3339 3103 3432 3155 καὶ
3483 3102 3700 3162 ἑαυτοῖς
3735 3100 3796 3152 τὸ

543 3191 724 3258 ignem
765 3190 868 3259 ipsi
901 3190 1059 3244 nobis
1087 3189 1460 3257 accendimus,
1496 3189 1640 3260 quod
1674 3205 1796 3243 eum
1823 3189 2114 3244 rationales

2218 3196 2326 3268 πῦρ
2356 3195 2657 3268 ὲξάπτομεν
2681 3213 2695 3226 ⁸
2739 3197 2821 3249 ὅτι
2855 3196 2950 3248 καὶ
2991 3195 3196 3259 λογικοὶ
3238 3194 3409 3257 ὄντες,
3441 3196 3553 3256 τοῖς
3583 3192 3797 3262 ἀλόγοις

545 3281 741 3347 simus,
774 3280 1183 3336 irrationalibus
1238 3281 1430 3336 bestiis
1474 3297 1577 3336 nos
1607 3281 1718 3352 86
1743 3281 1952 3336 similes
1993 3281 2115 3334 red-

545 3372 762 3426 damus.
797 3371 855 3425 ln
897 3374 1068 3426 multa
1112 3373 1417 3428 humilitate
1448 3373 1503 3426 in
1542 3373 1690 3428 hunc
1726 3371 1987 3426 mundum
2024 3388 2116 3434 ve-

546 3464 627 3519 nit
657 3483 671 3518 :
701 3473 754 3518 et
779 3465 1074 3535 opulentus
1099 3481 1222 3519 eum
1246 3473 1414 3529 esset,
1442 3481 1645 3536 egenus
1676 3464 1852 3520 factus
1887 3472 1969 3520 est
1991 3478 2118 3534 pro-

549 3567 672 3626 pter
701 3572 822 3619 nos,
882 3564 943 3611 ut
977 3573 1080 3612 nos
1130 3558 1276 3612 illius
1309 3565 1549 3626 egestate
1593 3557 2008 3610 ditesceremus.
2053 3553 2119 3607 Et

549 3648 695 3705 Deus
727 3666 850 3704 eum
895 3659 1063 3714 esset,
1104 3651 1267 3704 homo
1303 3650 1477 3704 factus
1523 3658 1607 3704 est
1650 3658 1871 3718 propter
1904 3663 2025 3712 nos,
2065 3653 2119 3702 et

547 3752 712 3799 natus
747 3753 832 3800 est
862 3761 924 3799 ex
960 3743 1190 3816 Deipara
1224 3742 1416 3809 Maria,
1441 3752 1502 3798 ut
1535 3757 1638 3798 nos
1669 3742 1923 3796 liberaret
1955 3756 1986 3794 a
2021 3756 2119 3812 po-

545 3839 718 3892 tentia
750 3837 976 3891 diaboli.

617 3929 672 3982 4.
715 3927 1060 3997 QuaprOpter
1107 3927 1202 3997 qui
1250 3927 1437 3982 salvus
1473 3941 1596 3980 esse
1639 3925 1814 3995 cupit,
1853 3925 2017 3982 faciat
2061 3942 2121 3982 se

549 4021 778 4075 stultum
806 4020 859 4072 in
882 4019 986 4072 hoc
1020 4018 1246 4082 mundo,
1280 4028 1392 4070 uta
1421 4015 1650 4071 Domino
1672 4018 1856 4071 audiat
1881 4019 2118 4088 sapiens.

547 4114 631 4167 Ab
660 4112 974 4167 hominibus
1001 4119 1213 4175 contra,
1248 4113 1306 4174 ii,
1337 4111 1428 4181 qui
1455 4111 1507 4164 in
1538 4111 1718 4166 dando
1759 4121 1813 4166 et
1851 4112 2123 4183 accipien-

549 4207 643 4272 do,
674 4206 730 4260 in
760 4205 1014 4270 emendo,
1057 4205 1364 4269 vendendo,
1397 4206 1736 4277 negotiisque
1762 4207 2032 4278 gerendis,
2067 4207 2122 4261 in

553 4299 862 4355 fraudando
887 4338 903 4364 ,
936 4297 1231 4353 fenerando
1256 4298 1456 4352 versuti
1483 4305 1630 4361 sunt,
1666 4307 1720 4354 et
1743 4315 1805 4353 ex
1832 4315 1940 4354 uno
1964 4299 2124 4354 obolo

549 4393 688 4446 duos
716 4390 896 4445 facere
920 4397 1140 4450 norunt,
1177 4389 1469 4459 prudentes
1498 4390 1760 4460 appellari
1789 4391 1986 4446 solent.
2015 4389 2120 4445 Sed

2215 3288 2373 3354 ζώοις
2403 3291 2629 3353 ἑαυτοὺς
2660 3289 2970 3358 εἰκάζομεν.
3006 3285 3480 3357 Ταπεινοφροσύνῃ
3517 3283 3685 3354 πολλῇ
3719 3283 3798 3345 είς

2214 3381 2304 3434 τὸν
2339 3382 2539 3453 κόσμον
2567 3381 2754 3434 τοῦτον
2785 3379 3030 3451 ὲλὴλυθε,
3069 3379 3164 3433 καὶ
3201 3378 3452 3440 πλούσιος
3485 3376 3588 3440 ὢν,
3618 3374 3796 3428 ἐπτώ-

2215 3492 2373 3546 χευσε
2407 3475 2473 3528 δι’
2507 3476 2672 3545 ἡμᾶς,
2707 3474 2773 3526 ἶν’
2817 3475 2979 3543 ἡμεῖς
3017 3477 3081 3544 τῇ
3125 3471 3332 3525 ἐκείνου
3361 3469 3606 3540 πτωχεία
3631 3471 3797 3523 πλου-

2216 3567 2486 3638 τήσωμεν.
2517 3566 2625 3617 Καὶ
2645 3564 2775 3626 Θεὸς
2802 3562 2877 3615 ὢν
2901 3563 3088 3631 γέγονε
3110 3562 3395 3632 ἄνθρωπος
3415 3559 3480 3612 δι’
3506 3560 3678 3630 ἡμᾶς,
3706 3559 3800 3612 καὶ

2216 3659 2474 3732 ὲγεννὴθη
2516 3661 2581 3711 ἐκ
2613 3659 2711 3728 τῆς
2754 3657 3015 3708 Θεοτόκου
3051 3655 3286 3726 Μαρίας,
3330 3654 3414 3706 ἵνα
3448 3650 3798 3725 ἠλευθερώσῃ

2219 3753 2364 3824 ἡμᾶς
2389 3754 2453 3806 ἐκ
2481 3752 2581 3822 τῆς
2611 3751 2924 3813 δυναστείας
2947 3748 3040 3802 τοῦ
3070 3747 3334 3801 διαϐόλου.

2289 3935 2342 3988 4.
2387 3933 2547 3987 Ὅθεν
2572 3935 2600 3985 6
2634 3929 2870 4000 σωθῆναι
2909 3927 3075 3982 θέλων
3108 3928 3249 3980 ποιεῖ
3283 3923 3472 3977 ἑαυτὸν
3505 3921 3688 3993 μωρὸν
3731 3922 3795 3977 ὲν

2219 4026 2296 4097 τῷ
2323 4027 2510 4096 κόσμῳ
2540 4025 2732 4096 τούτῳ,
2765 4027 2851 4078 ἵνα
2881 4021 3031 4094 παρά
3068 4020 3145 4091 τῷ
3187 4017 3305 4088 Θεῷ
3332 4012 3540 4086 ἀκούσῃ
3600 4013 3790 4085 σοφός.

2222 4120 2283 4172 Oi
2313 4119 2420 4189 γὰρ
2451 4117 2725 4190 ἄνθρωποι
2756 4118 2882 4180 τοὺς
2909 4115 3114 4176 εἰδότας
3136 4111 3337 4172 δοῦναι,
3365 4109 3459 4164 καὶ
3484 4107 3672 4162 λαϐεῖν
3705 4107 3804 4163 καὶ

2223 4211 2512 4282 ἀγοράζειν
2537 4212 2629 4265 καὶ
2659 4210 2878 4273 πωλεῖν,
2907 4203 3407 4280 πραγματεύεσθαι,
3443 4203 3537 4256 καὶ
3560 4202 3802 4270 ἀφυστε-

2225 4307 2337 4375 ρεῖν
2369 4303 2436 4357 τά
2466 4303 2557 4357 τοῦ
2597 4303 2842 4373 πλησίον,
2880 4302 2973 4355 καὶ
3002 4300 3360 4361 πλεονεκτεῖν,
3388 4295 3480 4350 καὶ
3513 4295 3801 4357 δανείζειν,

2227 4397 2320 4450 καὶ
2345 4396 2434 4450 τὸν
2463 4397 2560 4451 ἕνα
2585 4396 2768 4449 ὀϐολὸν
2795 4397 2968 4448 ποιεῖν
2989 4390 3330 4456 δύο,τούτους
3347 4387 3644 4460 φρονίμους
3673 4388 3810 4442 ἀπο·

552 4483 698 4539 Deus
720 4483 821 4538 hos
850 4483 1022 4553 ipsos,
1052 4482 1271 4545 stultos,
1307 4481 1699 4552 imprudentes,
1733 4490 1786 4536 et
1808 4489 2114 4553 peccatores

2225 4486 2513 4540 καλοῦσιν·
2574 4489 2602 4540 6
2635 4486 2690 4539 δὲ
2740 4484 2872 4548 Θεὸς
2919 4483 3134 4554 μωροὺς
3180 4479 3273 4532 καὶ
3324 4478 3652 4541 ἀσυνέτους,
3707 4479 3806 4530 καί

552 4583 729 4632 vocat.
765 4575 904 4630 Audi
927 4575 1096 4640 enim,
1124 4575 1321 4648 inquit,
1350 4574 1480 4644 quid
1509 4573 1652 4629 Deus
1685 4589 1778 4645 per
1803 4575 2123 4645 prophetam

550 4669 842 4725 Jeremiam
873 4669 1019 4722 dicat
1052 4686 1067 4723 :
1097 4685 1114 4718 ι
1146 4667 1386 4738 Pupulus
1418 4668 1520 4723 iste
1550 4666 1644 4721 filii
1681 4676 1810 4722 sunt
1829 4668 2124 4737 prudentes

553 4763 620 4818 ad
660 4762 1130 4827 malefaciendum,
1163 4770 1418 4817 caeterum
1451 4759 1774 4817 benefacere
1812 4777 1917 4815 non
1957 4777 2125 4817 nove-

553 4864 682 4909 runt
703 4854 771 4908 “.
807 4875 825 4908 ι
860 4855 1168 4926 Beatusque
1201 4853 1404 4909 Paulus
1424 4855 1500 4909 ait
1530 4874 1542 4909 :
1580 4875 1598 4906 ι
1631 4853 1908 4925 Sapientia
1934 4855 2122 4909 mundi

553 4947 743 5016 hujus,
771 4947 1002 5002 stultitia
1035 4955 1119 5002 est
1151 4947 1292 5016 apud
1325 4945 1516 5012 Deum,
1543 4955 1598 5000 et
1632 4947 1726 5016 qui
1756 4947 1871 5001 vult
1901 4947 2121 5015 sapiens

552 5055 694 5104 esse,
750 5039 843 5093 fiat
879 5040 1102 5106 stultus,
1148 5048 1206 5094 ut
1250 5040 1468 5109 sapiens
1514 5038 1780 5093 efficiatur
1798 5038 1866 5090 ".
1905 5057 1925 5090 ι
1976 5037 2120 5092 Idem

551 5147 748 5189 rursus
793 5134 905 5189 ait:
937 5152 955 5185 ι
990 5131 1233 5199 Fratres,
1282 5148 1350 5188 ne
1407 5132 1559 5203 pueri
1614 5131 1736 5186 sitis
1775 5130 1978 5196 animo,
2023 5129 2118 5185 sed

623 5292 671 5326 “
705 5290 863 5348 Joan.
898 5309 1062 5358 xvm,
1092 5293 1182 5348 23.
1257 5293 1302 5324 “
1342 5291 1361 5346 I
1397 5291 1542 5347 Petr.
1576 5305 1654 5355 ιι,
1681 5289 1776 5345 2|.

627 5432 738 5503 (89)
781 5429 928 5506 Felc.
965 5431 1288 5506 ερειιιιάιιεζ
1309 5428 1727 5506 περιφέρεσθαι,
1761 5411 1910 5506 Mox,
1943 5427 2132 5506 Allgli:

555 5498 748 5572 canus,
778 5503 909 5572 μηδὲ
932 5502 992 5555 τὸ
1015 5503 1219 5572 γήϊνον.
1255 5498 1426 5572 Paulo
1459 5498 1602 5570 pest,
1626 5498 1782 5572 edit._,
1810 5499 1945 5572 ὑπὲρ
1966 5498 2129 5550 αὑτοῦ

559 5569 810 5698 aiam?
839 5569 994 5642 βαστ.
1029 5569 1136 5628 sed
1171 5571 1422 5643 βουλήσει
1453 5569 1608 5626 abest
1657 5570 1726 5624 ab
1749 5569 2046 5640 AngliCano
2077 5573 2132 5621 et

629 5711 744 5782 (90)
785 5711 1121 5773 Basiliensis,
1150 5710 1602 5782 ἀκαταπαύστως.

637 5777 748 5856 (91)
786 5783 905 5836 Είσι
938 5782 1088 5839 deest
1116 5783 1174 5837 in
1199 5782 1412 5853 Anglic.
1444 5780 1578 5838 lbid.
1603 5795 1735 5836 mss.
1767 5788 1824 5836 ut
1873 5777 1930 5834 in
1955 5782 2127 5834 textu.

2224 4577 2578 4648 ἁμαρτωλοὺς
2605 4577 2730 4640 τοὺς
2759 4573 3034 4636 τοιούτους
3067 4571 3238 4625 καλεῖ.
3267 4572 3463 4623 Ἀκουε
3485 4568 3617 4640 γὰρ,
3644 4569 3803 4640 φησι,

2222 4669 2276 4720 τί
2296 4668 2460 4732 αὑτὸς
2486 4671 2514 4722 6
2540 4668 2670 4733 Θεὸς
2696 4668 2785 4721 διὰ
2819 4666 3084 4738 Ἱερεμίου
3108 4663 3202 4717 τοῦ
3225 4663 3504 4734 προφήτου
3541 4662 3766 4732 εἴρηκεν
3787 4678 3802 4690 ο

2229 4781 2249 4812 ι
2303 4761 2360 4813 '0
2385 4761 2511 4824 λαὸς
2534 4755 2686 4825 οὗτος
2715 4759 2820 4814 υίοὶ
2845 4757 3076 4832 ἄφρονές
3105 4757 3208 4809 εἱσι
3237 4755 3348 4824 (91)
3386 4753 3480 4807 τοῦ
3505 4754 3808 4823 κακοποιῆ-

2226 4870 2348 4906 σαι·
2382 4852 2444 4906 τὸ
2483 4853 2539 4906 δὲ
2577 4853 2738 4906 καλὸν
2771 4851 2994 4922 ποιῆσαι
3033 4851 3132 4904 οὑκ
3165 4848 3498 4917 ἐπέγνωσαν.
3547 4866 3566 4897 ι
3616 4846 3729 4898 Καὶ
3776 4847 3808 4898 ὁ

2229 4947 2494 5020 μακάριος
2536 4945 2785 5009 Παῦλοςο
2840 4965 2857 4997 ι
2914 4945 2978 4998 Ἦ
3025 4943 3185 5014 σοφία
3223 4940 3316 4994 τοῦ
3364 4940 3568 5010 κόσμου
3607 4937 3806 4990 τούτου

2231 5037 2411 5108 μωρία
2447 5037 2598 5108 παρά
2645 5036 2722 5106 τῷ
2751 5035 2870 5106 Θεῷ
2913 5037 3050 5101 ἐστι,
3094 5033 3190 5088 καὶ
3221 5035 3249 5086 6
3295 5030 3462 5086 θέλων
3509 5029 3672 5099 σοφὸς
3708 5044 3811 5096 γε·

2240 5127 2410 5181 ιὲσθαι
2438 5127 2618 5198 μωρὸς
2643 5126 2903 5195 γενέσθω,
2931 5126 3020 5180 ἴνα
3045 5125 3268 5196 γένηται
3295 5120 3475 5190 σοφός.
3519 5140 3536 5174 ι
3568 5119 3679 5174 Καὶ
3698 5117 3814 5174 πᾶν·

1848 5289 1894 5320 “
1930 5286 2130 5344 Jerem.
2164 5304 2238 5354 iv,
2270 5288 2360 5343 22.
2439 5287 2483 5318 ‘7
2525 5288 2541 5342 l
2573 5285 2698 5343 Cor.
2723 5302 2818 5354 ιιι,
2858 5285 2959 5350 18,
2995 5285 3085 5341 19.

2234 5427 2376 5482 Editi
2410 5444 2559 5493 vero,
2601 5428 2660 5481 τὸ
2698 5428 2754 5480 δὲ
2795 5427 3036 5496 ἔγνωσαν
3077 5422 3238 5496 καλὸν
3267 5419 3490 5490 ποιῆσαι
3517 5418 3618 5496 οὑκ

2234 5499 2461 5562 Ibidem,
2493 5490 2684 5565 Basil.,
2725 5490 3106 5566 σῦκ’ἐγνωσαν.
3156 5494 3254 5566 llic
3292 5499 3473 5566 autem
3517 5490 3670 5544 locus
3709 5491 3814 5546 hic

2236 5561 2464 5626 mutilus
2501 5561 2726 5624 affertur
2753 5561 2917 5622 etiam
2947 5565 3090 5636 quod
3115 5563 3185 5636 ad
3205 5561 3532 5636 sententiam
3565 5567 3811 5636 spectat,

2235 5656 2361 5695 nam
2395 5641 2475 5695 sic
2503 5641 2790 5702 habentur,
2818 5630 3017 5692 Jerem.
3053 5652 3128 5697 iv,
3161 5633 3251 5698 2i,
3280 5633 3387 5686 υἱοὶ
3410 5630 3640 5703 ἄφρονές
3671 5630 3821 5705 εισι,

2235 5713 2328 5766 καὶ
2353 5712 2415 5767 οὑ
2451 5712 2679 5778 συνετοὶ,
2709 5709 2859 5779 σοφοί
2890 5709 2992 5760 είσι
3023 5705 3137 5772 τοῦ,
3171 5711 3278 5761 etc.
