4008 6404
287 341 349 398 9.37
1597 349 1684 406 DE
1714 348 2181 409 VlRGlNlTATE.

3386 309 3520 412 ‘258

285 460 376 515 λινό
403 462 581 527 αὐτὸς
613 463 818 535 λέγει·
847 485 865 518 ι
909 465 1166 538 ‘A‘Islcpol,
1194 469 1268 540 μὴ
1295 468 1475 522 παιδία
1504 466 1716 538 γίνεσθε
1734 472 1849 534 ταῖς

1956 473 2161 527 malitia
2200 472 2414 544 parvuli
2458 472 2580 529 sitis
2602 472 2668 528 “.
2696 493 2714 525 ι
2748 472 2892 529 Deus
2940 474 3085 529 enim
3126 472 3196 530 ad
3236 474 3523 529 terrestria

287 553 465 626 φρεσὶν,
502 554 659 609 ἀλλὰ
691 561 765 629 τῇ
798 560 965 630 κακίᾳ
988 560 1297 632 νηπιάζετε.
1338 582 1355 614 ι
1406 563 1463 615 Ὀ
1496 563 1602 634 γὰρ
1629 564 1758 629 Θεὸς
1784 568 1863 629 είς

287 646 331 701 τὰ
347 650 513 719 γήῖνα
548 649 713 704 θέλει
748 654 968 731 μωροὺς
994 649 1151 716 εἶναι,
1180 657 1259 717 είς
1286 653 1357 708 τὰ
1397 652 1693 727 ἐπουράνια
1733 673 1864 727 φρο-

288 737 463 809 νίμους.
514 740 640 794 Καὶ
690 742 811 814 γὰρ
848 744 1008 809 αὐτὸς
1048 746 1076 798 6
1116 744 1385 809 ἀντίδικος
1423 746 1580 818 ἡμῶν
1621 747 1863 812 διάϐολος

291 830 522 902 φρόνιμός
550 832 680 885 ἐστι
709 837 782 906 τῇ
810 834 992 907 κακία,
1023 837 1116 890 καὶ
1137 838 1281 909 ἡμᾶς
1301 836 1381 891 δεῖ
1414 838 1561 911 αὐτῷ
1584 841 1862 912 φρονίμως

290 924 598 996 ἐπέρχεσθαι
643 926 792 997 (92),
825 918 961 1001 πρὸς
1002 929 1062 983 τὸ
1105 931 1321 1002 νικῆσαι
1352 932 1517 987 αὐτοῦ
1560 933 1658 998 τὰς
1699 952 1862 988 κακο-

289 1018 482 1087 τέίνους
512 1018 845 1085 ἐπιϐουλάς.
891 1021 1049 1091 Λέγει
1076 1022 1184 1094 γὰρ
1206 1023 1234 1075 6
1255 1023 1444 1095 Σωτὴρ
1462 1024 1520 1077 ὲν
1542 1027 1655 1088 τοῖς
1684 1025 1862 1095 Εὐαγ-

289 1109 461 1178 γελίοις
479 1127 495 1140 ο
526 1128 547 1162 ι
580 1111 821 1167 Γίνεσθε
838 1114 1196 1186 φρόνιμοι,ὠς
1223 1116 1273 1168 oi
1300 1115 1470 1186 ὄφεις,
1496 1118 1587 1171 καὶ
1610 1103 1859 1190 ἀκέραιοι

287 1199 350 1263 ὡς
363 1202 414 1253 αί
427 1201 795 1274 περιστεραί.
828 1222 847 1255 ι
879 1202 936 1257 '0
946 1203 1001 1257 δὲ
1020 1203 1353 1276 καλούμενος
1370 1207 1496 1277 παρ’
1518 1205 1665 1277 αύτῷ
1680 1207 1863 1279 φρόνι-

288 1308 385 1364 μος,
412 1288 574 1357 οὗτός
601 1295 766 1348 ἐστιν
782 1296 812 1349 6
832 1294 1177 1368 σοφιζόμενος
1207 1298 1427 1369 ποιῆσαι
1453 1298 1514 1352 τὸ
1537 1297 1748 1372 θέλημα
1766 1297 1859 1355 τοῦ

285 1384 421 1448 Θεοῦ,
448 1387 550 1439 καὶ
580 1386 895 1457 φυλάσσειν
919 1388 1017 1453 τὰς
1050 1388 1270 1454 ἐντολὰς
1305 1390 1490 1445 αὑτοῦ.

339 1478 386 1533 5.
426 1479 594 1549 Μέγα
637 1480 941 1552 φάρμακόν
981 1484 1095 1535 ἐστι
1135 1480 1405 1554 σωτηρίας
1434 1483 1468 1554 ἡ
1497 1499 1857 1555 ταπεινοφρο-

284 1571 432 1642 σύνην
480 1574 510 1625 6
556 1572 679 1644 γὰρ
725 1574 973 1638 Σατανᾶς
1002 1576 1099 1646 οὐχ
1138 1575 1323 1629 ἕνεκεν
1355 1575 1629 1647 πορνείας,
1670 1575 1703 1648 ἢ
1744 1594 1859 1647 μοι-

278 1664 428 1735 χείας,
459 1664 495 1734 ἢ
529 1664 756 1737 κλοπῆς
783 1666 1089 1738 κατηνέχθη
1135 1659 1209 1720 ἐκ
1230 1667 1341 1721 τῶν
1378 1668 1643 1739 οὐρανῶν,
1674 1667 1788 1722 ἀλλ’
1822 1669 1854 1741 ἡ

275 1756 612 1828 ὑπερηφανία
653 1757 830 1811 αὑτὸν
865 1756 1157 1810 κατέϐαλεν
1185 1758 1265 1821 είς
1290 1757 1361 1811 τὰ
1392 1757 1675 1831 κατώτερα
1717 1759 1854 1832 μέρη

270 1849 355 1919 τῆς
386 1848 661 1902 ἀϐύσσου.
714 1847 876 1902 Οὕτω
920 1847 1029 1920 γὰρ
1075 1849 1334 1921 εἴρηκενο
1376 1867 1395 1902 ι
1458 1849 1848 1921 Ἀναὸήσομαι,

266 1943 352 1995 καὶ
374 1940 619 2012 θήσομαι
659 1942 760 1996 τὸν
800 1940 989 2013 θρόνον
1023 1958 1124 2014 μου
1167 1941 1398 1996 ἐνώπιον
1446 1940 1541 1995 τοῦ
1568 1940 1726 2005 Θεοῦ,
1762 1942 1855 1996 καὶ

267 2031 446 2104 ἔσομαι
475 2035 673 2104 ὅμοιος
705 2033 788 2106 τῷ
827 2034 1146 2106 Ὑψίστῳνο
1184 2035 1280 2088 καὶ
1298 2033 1388 2088 διὰ
1416 2033 1603 2087 τοῦτον
1638 2035 1730 2087 τὸν
1771 2034 1857 2088 λό-

271 2140 357 2193 γον
384 2126 729 2198 κατεϐλήθη,
773 2127 868 2181 καὶ
909 2126 1183 2199 ἐγένετοή
1223 2126 1552 2198 κληρονομία
1592 2124 1755 2179 αὐτοῦ
1797 2126 1856 2180 τὸ

273 2218 373 2290 πῦρ
411 2219 473 2272 τὸ
504 2219 761 2274 αἰώνιον.
809 2219 876 2273 Ἦ
911 2214 1003 2275 οῦν
1040 2220 1386 2292 ὑπερηφανία
1419 2221 1475 2272 ἐν
1514 2217 1590 2289 τῷ
1628 2218 1854 2289 διαϐόλῳ

274 2310 438 2364 ἐστίν·
474 2312 509 2383 ἡ
558 2310 620 2365 δὲ
664 2311 1139 2383 ταπεινοφροσύνη
1186 2313 1243 2365 ὲν
1274 2310 1353 2383 τῷ
1394 2309 1646 2382 Χριστῷο
1692 2309 1855 2374 αὐτὸς

273 2401 373 2474 γὰρ
399 2404 426 2456 6
454 2400 667 2474 Κύριος
695 2402 872 2471 λέγει,
901 2403 978 2455 ὅτι
1009 2421 1027 2454 ι
1074 2402 1137 2455 '0
1162 2400 1330 2456 θέλων
1355 2403 1411 2455 ὲν
1441 2402 1570 2473 ὑμῖν
1595 2397 1733 2455 εἶναι
1760 2400 1856 2471 μέ-

272 2510 385 2562 γας,
409 2481 548 2547 ἔστω
576 2494 807 2548 πάντων
833 2493 1034 2558 δοῦλος.
1080 2512 1098 2546 ι
1144 2494 1202 2547 '0
1233 2492 1343 2565 γὰρ
1368 2491 1499 2558 Θεὸς
1525 2492 1633 2547 τῶν
1663 2509 1855 2546 ταπει-

274 2583 372 2636 νῶν
406 2586 551 2638 ἐστιν
587 2584 728 2657 (95).

340 2674 393 2729 6.
442 2676 855 2748 Ἀγαπήσωμεν
886 2674 1087 2747 σφόδρα
1113 2674 1213 2747 τὴν
1243 2672 1495 2746 νηστείαν
1515 2691 1529 2705 ο
1568 2673 1709 2745 μέγα
1743 2672 1853 2746 γὰρ

275 2768 635 2841 φυλακτήριόν
708 2772 863 2823 ἐστιν
932 2770 966 2840 ὴ
1005 2769 1251 2841 νηστεία,
1322 2767 1418 2821 καὶ⁵
1476 2765 1848 2840 ήπροσευχὴ,

274 2859 364 2912 καί¹
392 2862 425 2931 ἠ
463 2859 842 2931 ἐλεημοσύνη*
873 2860 936 2912 ἐκ
973 2858 1201 2912 θανάτου
1234 2857 1344 2930 γὰρ
1381 2857 1597 2930 ῥύονται
1626 2857 1717 2911 τὸν
1760 2859 1853 2913 ἄν·

273 2950 506 3023 θρωπον.
557 2954 777 3025 Ὠσπερ
815 2952 923 3024 γὰρ
968 2950 1056 3005 διὰ
1105 2949 1388 3024 βρώματος
1437 2951 1530 3004 καὶ
1572 2951 1852 3022 παρακοῆς

272 3045 533 3119 ἐξεϐλήθη
565 3048 596 3100 6
643 3046 821 3116 Ἀδὰμ
880 3047 945 3098 ὲκ
988 3043 1081 3098 τοῦ
1122 3043 1470 3117 παραδείσου,
1513 3041 1654 3097 οὕτω
1690 3042 1853 3097 πάλιν

1963 577 2065 618 nos
2109 564 2304 620 stultos
2360 580 2480 620 esse
2523 564 2656 629 vult,
2714 573 2766 619 et
2807 565 2874 619 ad
2907 565 3154 622 caelestia
3201 565 3519 635 prudentes.

1960 655 2098 712 Nam
2128 666 2181 713 et
2207 658 2553 714 adversarius
2585 664 2773 713 noster
2805 656 3055 714 diabolus
3082 659 3323 728 prudens
3356 658 3520 715 estin

1962 750 2190 814 malitia,
2215 758 2269 805 et
2298 766 2398 805 nos
2435 755 2647 819 oportet
2677 749 2938 804 adversus
2966 763 3089 803 cum
3119 749 3415 818 prudenter
3437 748 3523 802 in-

1961 840 2176 906 cedere,
2209 850 2268 895 ut
2298 840 2586 896 vincamus
2619 839 2766 894 illius
2804 849 3053 895 versutas
3088 839 3340 896 insidias.
3379 839 3521 893 Dicit

1958 932 2103 987 enim
2150 930 2403 986 Salvator
2446 932 2502 985 in
2546 929 2895 1000 Evangeliis:
2942 949 2960 982 ι
2992 931 3178 987 Estote
3224 930 3520 1003 prudentes

1961 1024 2105 1081 sicut
2152 1030 2458 1094 serpentes,
2509 1030 2564 1077 et
2612 1023 2888 1093 simplices
2927 1023 3071 1078 sicut
3119 1023 3464 1079 columbas”.
3494 1042 3514 1075 ›

1959 1114 2064 1183 Qui
2104 1123 2281 1171 autem
2320 1116 2389 1171 ab
2419 1132 2485 1172 eo
2516 1118 2755 1188 prudens
2790 1124 3035 1179 vocatur,
3070 1116 3118 1173 is
3170 1122 3255 1172 est
3292 1116 3383 1187 qui
3429 1130 3520 1172 sa-

1958 1210 2169 1281 pienter
2188 1210 2300 1281 agit
2327 1211 2394 1265 ad
2421 1210 2721 1266 faciendam
2744 1210 3075 1265 voluntatem
3093 1202 3211 1276 Dei,
3235 1218 3289 1267 et
3311 1208 3381 1266 ad
3401 1224 3520 1266 ser-

1956 1301 2132 1356 vanda
2164 1308 2433 1373 praecepta
2459 1302 2599 1371 ejus.

2025 1478 2080 1532 5.
2120 1477 2315 1549 Ingens
2348 1477 2648 1534 remedium
2685 1486 2770 1535 est
2813 1479 2878 1534 ad
2918 1480 3150 1535 salutem
3212 1479 3378 1534 animi
3410 1481 3516 1535 hu-

1955 1571 2194 1627 militas:
2238 1572 2505 1642 siquidem
2558 1572 2790 1629 Satanas
2836 1589 2945 1628 non
2989 1574 3060 1629 ob
3108 1573 3515 1640 scortationem,

1955 1670 2049 1718 aut
2079 1664 2430 1731 adulterium,
2486 1672 2580 1719 aut
2612 1665 2816 1720 furtum
2856 1665 3098 1735 dejectus
3128 1672 3212 1721 est
3241 1682 3305 1721 ex
3337 1666 3514 1731 ccelis,

1956 1756 2053 1811 sed
2085 1757 2339 1827 superbia
2372 1758 2522 1812 illum
2551 1757 2677 1814 inde
2726 1758 3088 1830 praecipitavit
3126 1760 3194 1814 ad
3226 1759 3515 1817 inferiores

1886 1834 1927 1888 Β
1956 1850 2139 1922 abyssi
2167 1859 2371 1921 partes,
2396 1851 2556 1921 cujus
2584 1851 2699 1905 hrcc
2729 1853 2891 1908 verba
2920 1851 3072 1908 fuere
3096 1872 3109 1908 :
3141 1871 3159 1904 ι
3188 1852 3513 1919 Ascendam,

1954 1950 2009 1999 et
2039 1957 2235 2013 ponam
2267 1944 2523 1998 thronum
2556 1959 2735 2000 meum
2769 1959 2800 1999 e
2829 1945 3047 2015 regione
3074 1943 3191 2011 Dei,
3219 1953 3272 2001 et
3307 1961 3400 2001 ero
3440 1946 3517 2002 si-

1954 2036 2100 2091 milis
2145 2034 2430 2091 Altissimo
2473 2036 2541 2091 '°.
2577 2055 2594 2088 ι
2630 2034 2696 2089 Ει
2720 2037 2789 2091 ob
2814 2037 2927 2092 haec
2947 2038 3111 2093 verba
3139 2038 3385 2107 dejectus
3407 2044 3511 2100 est,

1954 2127 2202 2198 ignisque
2224 2137 2460 2182 aeternus
2489 2128 2635 2183 illius
2665 2128 2954 2185 luereditas
2974 2136 3027 2183 et
3053 2131 3230 2199 portio
3251 2128 3373 2185 fuit.
3404 2128 3514 2185 Su-

1953 2217 2137 2287 perhia
2176 2218 2359 2289 itaque
2410 2218 2462 2271 in
2512 2217 2731 2272 diabolo
2766 2229 2869 2281 est,
2904 2219 3183 2275 humilitas
3229 2228 3420 2275 contra
3456 2221 3515 2276 in

1954 2309 2172 2364 Christo
2202 2329 2214 2341 η
2244 2311 2360 2379 ipse
2382 2325 2617 2379 namque
2647 2309 3012 2385 Dominus'ait
3037 2330 3051 2364 :
3083 2328 3102 2361 ι
3136 2309 3193 2365 Si
3224 2311 3347 2381 quis
3369 2311 3514 2366 inter

1952 2416 2051 2457 vos
2089 2401 2273 2469 cupiat
2315 2400 2431 2455 ﬁeri
2469 2416 2719 2472 magnus,
2751 2402 2822 2457 sit
2855 2402 3096 2456 omnium
3127 2402 3462 2459 minister".
3486 2422 3507 2456 ι

1953 2492 2097 2549 Deus
2125 2494 2273 2549 enim
2300 2493 2586 2549 humilium
2617 2501 2721 2551 est.

2022 2674 2074 2729 6.
2116 2674 2374 2729 Amemus
2402 2674 2561 2730 valde
2585 2673 2891 2744 jejunium;
2926 2688 3182 2745 magnum
3208 2675 3352 2729 enim
3392 2689 3514 2729 mu-

1950 2768 2251 2821 nimentum
2297 2773 2381 2822 est
2424 2766 2719 2837 jejunium,
2752 2765 2929 2821 oratio
2982 2766 3134 2832 item,
3175 2773 3230 2822 et
3279 2768 3516 2824 eleemo-

1952 2876 2120 2933 syna;
2152 2876 2218 2916 ex
2254 2867 2428 2915 morte
2459 2860 2660 2931 quippe
2680 2860 2953 2915 hominem
2982 2858 3235 2915 liberant.
3265 2860 3339 2917 Ut
3365 2861 3512 2916 enim

1950 2954 2020 3007 ob
2048 2967 2203 3008 esum
2236 2958 2292 3007 et
2325 2951 2749 3008 inobedientiam
2786 2951 3107 3007 exturbatus
3136 2958 3220 3008 est
3239 2952 3409 3007 Adam
3443 2967 3513 3009 ex

1950 3044 2227 3116 paradiso,
2261 3044 2336 3098 ita
2371 3058 2591 3099 rursum
2632 3058 2730 3115 per
2751 3043 3019 3115 jejunium
3053 3052 3105 3101 et
3145 3043 3513 3102 obedientiam

269 3136 356 3190 διὰ
377 3138 635 3209 νηστείας
663 3138 760 3190 καὶ
788 3137 1036 3208 ὑπακοῆς
1064 3138 1092 3190 6
1123 3136 1301 3190 θέλων·
1325 3135 1627 3208 εἰσέρχεται
1651 3137 1729 3199 είς
1755 3136 1847 3189 τὸν

1953 3136 2007 3190 in
2035 3135 2373 3206 paradisum,
2402 3136 2496 3207 qui
2526 3136 2689 3202 volet,
2719 3136 3074 3209 ingredietur.
3106 3135 3163 3191 In
3186 3138 3286 3192 hac
3309 3137 3513 3194 virtute

270 3230 617 3302 παράδεισον.
665 3230 757 3282 Ἑν
780 3228 957 3302 ταύτῃ
995 3231 1060 3301 τῇ
1091 3229 1257 3300 ἀρετῇ
1291 3227 1564 3299 κόσμησον
1587 3227 1649 3280 τὸ
1687 3226 1847 3299 σῶμά

1950 3232 2155 3286 cultum
2185 3230 2432 3301 corporis
2461 3230 2560 3296 tui,
2595 3238 2649 3285 et
2677 3240 2995 3285 ornamenta
3033 3245 3214 3300 quaere
3235 3270 3251 3295 ,
3278 3244 3311 3284 ο
3332 3230 3511 3301 virgo,

270 3337 359 3374 σου
388 3321 520 3393 (94),
553 3316 601 3376 ὦ
628 3320 888 3393 παρθένε,
917 3322 1008 3375 καὶ
1036 3322 1251 3393 ἀρέσεις
1274 3319 1352 3392 τῷ
1383 3321 1684 3393 ἐπουρανίῳ
1712 3339 1849 3393 νυμ-

1949 3330 2004 3376 ct
2047 3322 2290 3392 placebis
2326 3322 2542 3378 caelesti
2588 3337 2807 3392 sponso.
2853 3321 2989 3377 Nam
3025 3336 3145 3392 quae
3183 3321 3388 3377 mundo
3420 3335 3513 3379 so-

267 3415 407 3483 φξῳ·
445 3415 502 3467 αἱ
534 3413 649 3485 γὰρ
686 3413 767 3484 τῷ
808 3414 998 3485 κόσμῳ
1034 3414 1452 3485 συναπτόμεναι,
1500 3415 1593 3468 καὶ
1635 3413 1845 3486 μύροις,

1947 3414 2185 3478 ciantur,
2218 3421 2273 3468 et
2318 3415 2635 3485 unguentis,
2667 3416 3001 3471 aromatibus
3040 3423 3095 3471 et
3140 3416 3298 3472 bonis
3325 3415 3512 3471 odori-

265 3506 357 3558 καὶ
390 3505 727 3577 θυμιάμασι,
762 3505 857 3558 καὶ
892 3505 1154 3569 εὐωδίαις,
1191 3505 1287 3560 καὶ
1322 3508 1379 3559 ὲν
1422 3506 1657 3578 ἱματίοις
1687 3507 1848 3560 πολυ-

1955 3505 2080 3570 bus,
2112 3513 2166 3561 et
2194 3507 2393 3560 amictu
2418 3506 2678 3576 pretioso,
2707 3514 2761 3562 et
2791 3522 2924 3562 auro
2950 3515 3239 3564 venustant
3260 3522 3358 3563 sua
3387 3523 3512 3564 cor-

264 3598 490 3661 τελέσιν,
525 3601 625 3652 καὶ
662 3598 853 3671 χρυσῷ
888 3598 1316 3664 καλλωπίζουσαι
1355 3597 1424 3652 τὰ
1468 3599 1694 3670 σώματα
1730 3601 1849 3653 ἑαυ-

1947 3611 2102 3666 pora,
2134 3605 2196 3651 ut
2218 3597 2466 3666 placeant
2493 3597 2839 3654 hominibus:
2872 3598 2983 3653 Deo
3002 3600 3217 3668 placere
3257 3613 3366 3654 non
3389 3614 3512 3671 pos-

266 3691 370 3744 τῶν
409 3692 544 3764 πρὸς
573 3693 638 3745 τὸ
675 3693 872 3764 ἀρέσαι
909 3694 1020 3756 τοῖς
1058 3692 1381 3765 ἀνθρώποις,
1412 3691 1529 3764 Θεῷ
1563 3693 1757 3763 ἀρέσαι
1783 3693 1842 3746 οὐ

1947 3695 2097 3743 sunt.
2147 3687 2402 3744 Christus
2447 3698 2627 3744 autem
2668 3688 2807 3744 nihil
2861 3689 3054 3743 borum
3092 3703 3123 3743 a
3167 3701 3218 3745 te
3256 3691 3508 3760 requirit,

263 3784 534 3839 δύνανται.
582 3785 642 3838 ’0
674 3784 733 3838 δὲ
764 3784 1000 3857 Χριστὸς
1036 3785 1183 3838 οὐδὲν
1221 3783 1424 3839 τούτων
1464 3782 1651 3858 χρῄζει
1695 3786 1845 3855 παρὰ

1947 3780 2053 3835 nisi
2076 3780 2252 3835 solum
2276 3795 2373 3835 cor
2403 3780 2665 3836 mundum
2687 3788 2741 3835 et
2768 3795 2969 3850 corpus
2993 3780 3506 3844 incontaminatum.

268 3875 380 3941 σοῦ,
412 3878 460 3929 εί
502 3876 579 3948 μὴ
628 3876 790 3947 μόνον
825 3875 1053 3947 καρδίαν
1092 3876 1358 3948 καθαρὰν,
1394 3878 1487 3932 καὶ
1526 3876 1683 3947 σῶμα
1718 3877 1846 3948 ἁμόο

1947 3871 2258 3943 iejunioque
2286 3862 2644 3928 maceratum.
2676 3871 2834 3939 Quod
2876 3872 2924 3929 si
2969 3871 3228 3927 accedant
3257 3872 3425 3943 aliqui
3452 3880 3510 3928 et

264 3967 469 4033 λυντον,
516 3967 976 4039 ὑπωπιαζόμενον
1018 3968 1120 4022 ὑπὸ
1166 3968 1438 4042 νηστείας.
1493 3967 1616 4023 Ἐὰν
1657 3967 1713 4021 δὲ
1759 3967 1844 4041 ἔρα

266 4061 460 4128 χωνταί
484 4077 634 4125 τινες
661 4061 757 4114 καὶ¹
783 4060 983 4129 λέγωσί
1018 4078 1118 4126 σοι,
1153 4062 1233 4116 ὅτι
1268 4061 1342 4134 μὴ
1371 4063 1596 4133 νήστευε
1627 4063 1836 4117 πυκνά·

264 4153 310 4203 εἰ
345 4152 405 4206 δὲ
434 4155 507 4225 μή
539 4170 630 4221 γε,
665 4152 1028 4225 ἀσθενεστέρα
1061 4155 1293 4225 γενήσῃο
1321 4154 1381 4207 ού
1415 4154 1709 4228 πιστεύσῃς
1742 4156 1842 4209 αύ-

263 4246 393 4308 τοῖς,
419 4244 530 4307 οὐδ’
569 4245 635 4298 ού
688 4245 765 4317 μὴ
800 4244 1115 4317 ὑπακούσῃς
1157 4244 1335 4300 αὐτῶν
1366 4246 1509 4316 (95)°
1541 4248 1569 4300 6
1600 4246 1708 4321 γὰρ
1750 4248 1840 4318 ὲχ-

264 4334 387 4407 696;
417 4338 616 4401 αὐτοὺς
655 4336 970 4391 ὑποϐάλλει.
1007 4337 1289 4411 Μνησθητι
1332 4337 1393 4391 τὸ
1434 4339 1835 4411 γεγραμμένον,

262 4426 422 4482 ὁπότε
453 4431 504 4483 οἱ
541 4432 693 4503 τρεῖς
742 4429 930 4493 παῖδες
976 4430 1069 4483 καὶ
1114 4430 1310 4503 Δανιὴλ
1340 4431 1836 4504 ᾑχμαλωτεύθησαν

1943 3964 2129 4019 dicant
2172 3965 2290 4029 tibi,
2328 3964 2409 4021 Ne
2448 3965 2764 4037 frequenter
2803 3963 3039 4037 jejunes,
3069 3979 3138 4020 ne
3184 3964 3509 4021 imbecillior

1943 4056 2079 4121 ﬁas;
2108 4072 2209 4112 nec
2250 4057 2360 4113 illis
2412 4058 2623 4125 credas,
2678 4073 2781 4113 nec
2833 4058 3313 4114 ausculteszistos
3360 4059 3508 4114 enim

1942 4149 2197 4206 inimicus
2243 4150 2534 4207 submittit.
2587 4149 2963 4207 Reminiscere
3005 4150 3149 4220 ejus,
3180 4150 3326 4222 quod
3370 4152 3510 4207 scri-

1940 4253 2092 4313 ptum
2135 4238 2239 4310 est,
2275 4259 2399 4299 cum
2438 4244 2630 4300 Daniel
2668 4252 2722 4300 et
2752 4252 2865 4301 tres
2895 4246 3049 4315 pueri
3085 4245 3233 4316 capti
3259 4254 3442 4301 essent
3470 4259 3505 4300 a

1940 4351 2068 4407 rege
2098 4336 2389 4409 Babylonis
2418 4334 2972 4401 Nabuchodonosore,
3002 4344 3057 4392 et
3087 4336 3178 4390 alii
3210 4335 3364 4407 pueri
3398 4349 3508 4390 una

1940 4445 2064 4485 cum
2098 4431 2207 4485 illis
2234 4449 2248 4485 :
2269 4430 2634 4501 jussissetque
2669 4444 2785 4495 rex,
2815 4437 2875 4484 ut
2906 4428 2974 4484 de
2999 4443 3099 4485 sua
3123 4441 3310 4484 mensa
3349 4440 3505 4481 com-

266 4519 365 4573 ὑπὸ
404 4521 896 4593 Ναϐουχοδονόσωρ
921 4520 1182 4591 βασιλέως
1214 4523 1549 4589 Βαϐυλῶνος.
1589 4524 1682 4580 καὶ
1710 4526 1844 4582 ἄλλα

1947 4523 2185 4588 ederent,
2216 4530 2271 4579 et
2319 4522 2387 4578 de
2412 4524 2533 4593 {suo
2558 4522 2688 4577 vino
2714 4521 2983 4585 biberent,
3014 4520 3287 4577 Danielem
3314 4528 3368 4577 et
3392 4525 3505 4576 tres

266 4610 520 4684 παιδάρια
558 4614 678 4685 μετ’
707 4611 909 4676 αὐτῶν,
950 4610 1040 4666 καὶ
1072 4612 1256 4679 ἔταξεν
1292 4616 1487 4679 αὐτοὺς
1523 4619 1551 4671 6
1589 4616 1837 4688 βασιλεὺς

267 4702 457 4759 ἐσθίειν
479 4705 590 4759 ἀπὸ
613 4704 717 4776 τῆς
748 4702 1031 4777 τραπέζης
1062 4705 1248 4771 αὑτοῦ,
1279 4708 1372 4761 καὶ
1404 4708 1581 4764 πίνειν
1609 4709 1717 4764 ἀπὸ
1741 4711 1835 4765 τοῦ

267 4795 401 4850 οῑνου
432 4798 597 4852 αὑτοῦ
625 4816 639 4830 ο
685 4795 887 4869 Δανιὴλ
917 4797 974 4852 δὲ
1013 4798 1106 4852 καὶ
1143 4800 1193 4853 οἱ
1235 4803 1383 4871 τρεῖς
1433 4802 1641 4866 παῖδες,
1685 4804 1838 4857 αὐτοὶ

266 4889 357 4943 οὐκ
385 4892 653 4963 ἠθέλησαν
680 4890 797 4963 (96)
839 4889 1119 4961 ἁλισθῆναι
1156 4893 1264 4945 ἀπὸ
1294 4892 1393 4964 τῆς
1421 4892 1700 4967 τραπέζης
1740 4893 1833 4949 τοῦ

266 4980 537 5052 βασιλέως,
563 4985 705 5040 ἀλλὰ
731 4983 953 5053 λέγουσι
979 4982 1057 5055 τῷ
1096 4984 1332 5057 εὐνούχῳ
1357 4984 1434 5057 τῷ
1472 4987 1837 5058 παραλαϐόντι

265 5076 449 5143 αὐτούς
468 5095 481 5109 ·
511 5097 531 5131 ι
566 5079 669 5141 Δὸς
695 5078 833 5148 ἡμῖν
857 5075 964 5129 ἀπὸ
990 5074 1099 5129 τῶν
1129 5078 1457 5150 σπερμάτων
1478 5078 1577 5149 τῆς
1596 5079 1719 5150 γῆς,
1743 5080 1837 5133 καὶ

265 5170 554 5240 φαινόμεθα.
603 5189 623 5222 ι
662 5169 779 5223 Καὶ
807 5166 956 5235 λέγει
987 5168 1167 5232 αὐτοῖς
1195 5169 1224 5221 6
1251 5168 1532 5240 εὐνοῦχος·
1563 5169 1836 5242 Φοϐοῦμαι

262 5258 365 5327 ἐγὼ
386 5260 472 5315 τὸν
495 5260 729 5332 βασιλέα
756 5259 850 5312 τὸν
875 5258 1174 5325 ἐπιτάξαντα
1196 5261 1294 5332 τὴν
1327 5260 1525 5331 βρῶσιν
1558 5261 1710 5333 ὑμῶν
1740 5265 1835 5317 καὶ

258 5350 349 5422 τὴν
390 5353 559 5423 πόσιν,
603 5353 827 5424 μήποτε
870 5348 1075 5420 ὀφθῶσι
1118 5349 1188 5404 τὰ
1225 5351 1490 5423 πρόσωπα
1523 5352 1675 5423 ὑμῶν
1709 5371 1836 5407 σκυ-

1939 4631 2137 4686 pueros
2175 4614 2417 4671 noluisse
2445 4614 2806 4670 contaminari
2834 4630 2899 4669 ex
2940 4627 3131 4669 mensa
3157 4612 3328 4684 regia,
3356 4621 3412 4667 et
3439 4611 3507 4667 ad

1938 4710 2250 4766 eunuchum
2294 4708 2501 4764 dixisse
2529 4708 2622 4778 qui
2655 4722 2749 4763 eos
2778 4705 3043 4762 curabat:
3082 4723 3104 4757 ι
3130 4703 3208 4759 Da
3252 4702 3414 4759 nobis
3438 4703 3507 4759 de

1938 4802 2302 4875 leguminibus
2329 4810 2507 4865 terrae,
2533 4808 2587 4857 et
2616 4815 2901 4856 vescemur
2927 4799 3006 4855 eis
3032 4799 3100 4854 η.
3136 4815 3157 4850 ι
3189 4795 3401 4864 Quibus
3426 4810 3507 4851 re-

1938 4897 2158 4968 spondit
2182 4895 2468 4951 eunuchus
2492 4914 2505 4950 :
2531 4892 2720 4950 Timeo
2762 4907 2864 4963 ego
2893 4907 3098 4963 regem,
3128 4890 3221 4961 qui
3251 4888 3399 4943 hunc
3419 4888 3501 4942 ci-

1939 4990 2067 5045 bum
2096 4988 2206 5060 87
2238 4987 2394 5041 vobis
2426 4993 2480 5042 et
2513 4992 2701 5059 potum
2735 4983 3024 5055 imperavit
3059 4981 3201 5045 dari,
3233 4995 3303 5035 ne
3333 4978 3503 5034 facies

1939 5088 2135 5137 vestrae
2180 5079 2291 5151 regi
2339 5093 2449 5149 prae
2485 5077 2696 5134 caeteris
2727 5074 2934 5146 pueris,
2968 5072 3069 5144 qui
3117 5072 3266 5141 regia
3314 5083 3502 5125 mensa

1941 5173 2182 5235 aluntur,
2215 5175 2512 5241 appareant
2536 5167 2920 5238 squalidiores,
2962 5173 3018 5219 et
3048 5163 3237 5233 puniat
3267 5176 3372 5217 me.
3402 5160 3504 5216 Cui

1939 5262 2380 5331 responderunt:
2417 5258 2677 5330 Experire
2706 5257 2761 5312 id
2806 5258 2862 5311 in
2904 5254 3079 5310 servis
3115 5253 3222 5309 tuis
3257 5253 3382 5325 plus
3402 5250 3506 5306 mi-

1940 5371 2044 5409 nus
2076 5353 2263 5408 decem
2291 5352 2505 5416 diebus,
2542 5359 2601 5407 et
2632 5350 2701 5406 da
2726 5350 2884 5405 nobis
2916 5347 3272 5419 postulatum.
3294 5344 3369 5399 Et
3404 5343 3504 5400 de-

314 5508 362 5543 ”
399 5509 579 5564 lCor.
621 5522 746 5572 xxv,
782 5504 877 5560 20.
929 5503 975 5535 δ’
1016 5502 1203 5561 Matth.
1244 5521 1316 5571 ι,
1352 5503 1440 5561 16.
1515 5507 1561 5539 ⁸⁸
1600 5507 1704 5563 lsa.
1744 5522 1849 5575 xiv,

1947 5506 1984 5560 l.
2061 5504 2337 5560 “Matth.
2371 5522 2443 5560 xx
2476 5546 2491 5570 ,
2525 5505 2614 5559 26.
2692 5505 2736 5536 δ’
2778 5505 2913 5558 ilan.
2951 5520 2998 5569 ι,
3031 5503 3116 5556 12.

314 5666 420 5736 (σε)
456 5665 792 5721 Felckman.
832 5659 900 5736 2,
928 5659 1195 5736 ἔρχεσθαι.
1247 5642 1252 5646 ”

313 5729 420 5803 (93';
456 5739 570 5809 Γάρ
603 5739 774 5809 abest
794 5745 831 5809 _a
865 5729 1147 5809 Basiliensi
1171 5739 1224 5786 et
1253 5732 1571 5805 Anglicano.

312 5799 420 5882 (91)
458 5799 561 5863 Σοῦ
590 5807 757 5863 deest
793 5802 849 5856 in
887 5799 1207 5872 Anglicauo.

2155 5657 2467 5731 Felckman.
2503 5658 2784 5731 2,6610%.

2005 5660 2093 5731 (9ῗί
2155 5659 2467 5714 Felckman.
2503 5659 2558 5719 2,
2584 5660 2784 5721 αὐτοῖς.

2004 5659 2115 5804 (96;
2153 5729 2506 5801 Anglicanus.
2538 5728 2745 5783 ἤθελον.
2789 5727 3371 5797 Ευτιοψλισντιθῆπι.
