4008 6404
535 343 641 399 2.39

1708 346 1767 401 S.
1806 344 2272 403 ATHANASIUS.
2312 378 2380 388 --
2414 345 2644 403 DUBIA.

3664 349 3771 407 260

531 463 613 519 dit
642 462 724 518 eis
752 462 1027 534 legumina
1061 460 1127 516 ad
1160 461 1363 525 cibum,
1396 467 1452 516 et
1482 473 1677 530 aquam
1710 460 1778 516 ad
1806 470 2017 533 potum,
2047 477 2081 517 e‘

2202 462 2396 535 θρωπά
2422 462 2651 518 ἐνώπιον
2679 460 2771 516 τοῦ
2797 460 3060 532 βασιλέως
3086 458 3237 535 παρά
3267 460 3446 516 πάντα
3471 462 3540 519 τὰ
3578 465 3774 520 παιδάο

529 553 835 611 introduxit
861 569 956 610 eos
987 555 1053 609 ad
1090 567 1295 623 regem,
1327 561 1381 608 et
1422 550 1555 608 visa:
1583 562 1710 608 sunt
1738 554 1949 624 species
1975 554 2098 609 illo-

530 660 653 707 rum
682 647 894 701 eximiae
926 662 1088 717 super
1122 660 1238 709 eos,
1272 645 1367 716 qui
1396 660 1460 701 ex
1494 645 1643 716 regia
1677 661 1867 704 mensa
1904 661 2095 702 vesce-

529 738 753 795 bantur.

2204 572 2296 626 ρια
2325 554 2394 608 τὰ
2419 554 2666 608 ἐσθίοντα
2692 555 2757 608 ἐκ
2787 553 2887 624 τῆς
2919 551 3198 626 τραπέζης
3225 553 3320 607 τοῦ
3361 552 3643 635 βασιλέως,
3677 558 3775 612 καὶ

2200 645 2539 718 καταδικάσῃ
2571 663 2659 716 με.
2686 642 2852 698 Εἶπον
2890 644 2947 698 δὲ
2970 642 3153 715 αὐτῷ’
3185 645 3617 735 Πείρασονποὺς
3653 646 3776 702 δού-

2200 738 2325 804 λους
2362 756 2454 792 σου
2481 738 2695 810 ἡμέρας
2716 737 2847 790 ὡσεὶ
2871 736 3020 802 δέκα,
3053 737 3147 790 καὶ
3183 736 3272 800 δός
3305 739 3457 808 ἡμῖν.
3492 738 3603 791 Kal
3643 738 3773 795 ἔδω-

528 849 625 889 κεν
650 836 829 899 αὐτοῖς
855 834 1062 906 δσπρια
1088 837 1299 903 φαγεῖν,
1326 833 1420 889 καὶ
1445 833 1588 905 ὕδωρ
1624 836 1765 888 πιεῖν
1786 852 1800 867 ·
1838 834 1934 888 xal
1985 834 2279 906 εἰσήγαγεν
2305 834 2500 896 αὐτοὺς
2529 833 2755 887 ἐνώπιον
2800 830 2895 884 τοῦ
2962 830 3245 902 βασιλέως,
3289 831 3383 885 καὶ
3422 829 3682 903 ῶφθησαν
3716 835 3775 887 αἰ

533 929 665 985 ἰδέαι
700 930 876 984 αὐτῶν
895 928 1148 986 ἐκλεκταὶ
1178 929 1329 1002 παρά
1363 930 1430 983 τά
1457 929 1718 1002 παιδάρια
1751 929 1819 984 τά
1851 930 2098 984 ἐσθίοντα
2132 930 2229 1003 τὴν
2257 930 2533 1002 τράπεζαν
2561 928 2654 983 τοῦ
2689 927 2971 999 βασιλέως.

607 1025 656 1078 7.
693 1024 857 1080 Vides
908 1025 1039 1096 quid
1089 1025 1260 1080 faciat
1294 1026 1587 1095 jejunium,
1641 1028 1861 1081 morbos
1920 1036 2096 1091 sanat,

2268 1026 2321 1079 7.
2369 1025 2530 1097 Ὀρᾷς
2574 1026 2627 1079 τί
2682 1028 2826 1079 ποιεῖ
2873 1028 2907 1097 ἡ
2962 1026 3205 1098 νηστεία,
3254 1027 3350 1081 καὶ
3391 1028 3577 1094 νόσους
3615 1029 3775 1098 θερα-

527 1114 797 1172 ﬂuxiones
826 1118 1072 1190 corporis
1101 1119 1367 1185 exsiccat,
1389 1119 1659 1174 daemones
1712 1118 1881 1190 fugat,
1925 1119 2081 1175 mala:

2196 1117 2385 1181 πεύει,
2429 1116 2523 1170 καὶ
2574 1115 2820 1189 ῥεύματα
2848 1117 3156 1188 [σωματικά
3194 1118 3469 1191 ξηραίνει,
3512 1122 3607 1174 καὶ
3657 1120 3774 1174 δαί-

530 1210 891 1280 cogitationes
923 1210 1164 1280 expellit,
1189 1217 1423 1266 mentem
1472 1210 1805 1275 nitidiorem,
1842 1226 1938 1266 cor
1965 1227 2098 1282 pur-

527 1308 738 1372 gatum,
771 1317 974 1371 corpus
999 1304 1397 1357 sanctificatum
1431 1301 1612 1367 cflicit,
1650 1312 1702 1357 et
1736 1302 1802 1356 ad
1837 1304 2092 1357 thronum

525 1391 620 1447 Dei
648 1394 923 1449 hominem
959 1394 1121 1448 sistit.
1155 1392 1259 1449 Sed
1285 1410 1351 1450 ne
1376 1406 1532 1465 putes
1561 1395 1665 1450 ista
1691 1403 1898 1451 temere
1925 1396 2034 1451 dici
2072 1410 2085 1446 :

526 1486 698 1542 habes
729 1486 848 1555 ejus
877 1487 955 1559 rei
986 1486 1359 1541 testimonium
1413 1488 1467 1540 in
1516 1486 1839 1557 Evangeliis,
1865 1488 1934 1542 ab
1967 1488 2088 1558 ipso

528 1577 812 1634 Salvatore
830 1579 1099 1647 prolatum
1144 1595 1157 1630 :
1197 1598 1215 1630 ι
1251 1579 1527 1634 Sciscitati
1560 1588 1689 1634 sunt
1713 1580 1781 1634 ab
1822 1596 1886 1635 eo
1917 1579 2089 1635 disci-

526 1672 663 1741 puli,
687 1671 952 1734 dicentes,
982 1670 1226 1735 Domine,
1258 1671 1476 1726 declara
1523 1673 1682 1726 nobis
1730 1687 1965 1741 quonam
1993 1686 2088 1741 pa—

2197 1224 2365 1278 μονας
2391 1205 2661 1275 ἐκδάλλει,
2688 1208 2783 1261 καὶ
2819 1207 3113 1278 λογισμοὺς
3158 1210 3427 1281 πονηροὺς
3458 1208 3771 1274 ἀποδιώκει,

2192 1300 2285 1353 καὶ
2311 1299 2402 1353 τὸν
2428 1299 2551 1352 νοῦν
2579 1298 2954 1370 λαμπρότερον
2985 1302 3147 1365 ποιεῖ,
3196 1301 3290 1355 καὶ
3329 1302 3553 1373 καρδίαν
3602 1302 3773 1356 καθα-

2196 1389 2312 1462 ράν,
2349 1392 2442 1445 καὶ
2475 1391 2632 1462 σῶμα
2665 1392 3015 1464 ἡγιασμένον,
3044 1392 3138 1446 καὶ
3176 1392 3254 1464 τῷ
3290 1393 3463 1466 θρόνῳ
3500 1393 3596 1448 τοῦ
3634 1393 3770 1448 Θεοῦ

2190 1482 2487 1554 παρίστησι
2533 1482 2624 1536 τὸν
2653 1481 2955 1552 ἄνθρωπον.
3003 1483 3112 1536 Kal
3159 1483 3248 1537 ἴνα
3298 1483 3373 1556 μὴ
3408 1484 3638 1558 νομίσῃς
3688 1486 3773 1539 δτι

2187 1573 2360 1627 ταῦτα
2390 1572 2575 1637 ἁπλῶς
2610 1573 2885 1643 λέγονται,
2918 1575 3061 1648 ἔχεις
3092 1575 3393 1648 μαρτυρίαν
3429 1576 3539 1648 (97)
3568 1579 3628 1631 ἐν
3658 1580 3772 1642 τοῖς

2189 1665 2541 1734 Εύαγγελίοις
2568 1664 2720 1738 παρά
2764 1666 2856 1720 τοῦ
2890 1668 3141 1741 Σωτῆρος
3178 1668 3503 1741 εἰρημένην·
3533 1688 3553 1720 ι
3598 1668 3771 1742 Ἡρώ-

527 1769 618 1814 cto
646 1760 912 1815 immundi
959 1762 1185 1831 spiritus
1240 1761 1517 1831 fugantur.
1549 1781 1569 1813 ι
1610 1761 1820 1828 Quibus
1868 1776 2081 1832 respon-

2188 1771 2356 1825 τησαν
2402 1754 2562 1810 αὑτὸν
2601 1757 2650 1809 οἱ
2700 1756 2936 1828 μαθηταί
2980 1758 3179 1825 αὑτοῦ,
3231 1759 3510 1827 λέγοντεςο
3569 1755 3767 1828 Κύριε,

526 1852 606 1906 dit
629 1851 890 1907 Dominus
927 1871 942 1904 ;
982 1871 1000 1903 ι
1034 1851 1144 1906 Hoc
1169 1868 1340 1921 genus
1395 1868 1502 1907 non
1556 1852 1795 1922 ejicitur,
1828 1853 1933 1909 nisi
1964 1867 2089 1906 ora-

524 1945 767 1999 tionibus
819 1953 874 1999 et
919 1945 1228 2015 jejuniis".
1271 1964 1289 1996 ›
1325 1944 1587 2015 Quisquis
1652 1946 1816 2018 igitur
1868 1947 1937 2001 ab
1985 1947 2087 2001 im-

521 2033 726 2088 mundo
757 2034 949 2104 spiritu
982 2044 1229 2100 vexatur,
1252 2035 1296 2089 si
1326 2036 1376 2090 ei
1409 2035 1464 2089 in
1488 2043 1723 2090 mentem
1748 2036 1978 2100 venerit,
2011 2045 2089 2091 at-

524 2124 795 2196 que’usus
828 2126 987 2182 fuerit
1020 2127 1122 2181 hoc
1148 2126 1410 2188 remedio,
1433 2127 1485 2181 id
1521 2138 1604 2182 est
1620 2128 1856 2198 jejunio,
1898 2128 2085 2184 statim

522 2216 751 2287 spiritus
780 2218 956 2271 malus
1008 2218 1354 2288 angustiatus
1402 2219 1628 2281 secedit,
1684 2218 1893 2275 veritus
1944 2219 2087 2289 jeju-

520 2308 697 2366 nium.
724 2309 948 2363 Multum
984 2311 1127 2365 enim
1168 2310 1444 2366 daemones
1474 2311 1815 2368 delectantur
1835 2317 2080 2385 crapula,

518 2398 782 2455 ebrietate
810 2408 863 2454 et
885 2400 998 2454 otio
1021 2402 1292 2470 corporis.
1356 2400 1548 2472 Magna
1591 2403 1765 2458 virtus
1789 2403 2081 2473 jejunium,

518 2499 572 2544 et
604 2492 864 2560 prmclara
917 2507 1014 2562 per
1062 2491 1197 2545 illud
1243 2490 1484 2545 eduntur
1519 2492 1785 2549 facinora.
1827 2495 2081 2566 Alioquin

518 2583 665 2636 unde
694 2583 941 2638 homines
984 2591 1166 2639 tantas
1214 2585 1445 2639 virlutes
1496 2594 1790 2654 operantur
1831 2594 1885 2641 et
1926 2587 2083 2658 signa

516 2674 710 2736 edunt,
741 2690 1041 2745 eorumque
1072 2690 1237 2745 opera
1289 2676 1521 2732 infirmis
1556 2676 1844 2733 sanitatem
1892 2677 2081 2735 Domi-

515 2778 626 2821 nus
656 2765 867 2832 tribuit,
908 2766 1013 2821 nisi
1040 2767 1198 2836 plane
1228 2768 1300 2823 ob
1344 2769 1581 2834 ascesin,
1614 2769 1977 2827 humilitatem
2027 2780 2081 2829 et

515 2856 744 2928 probum
772 2856 896 2911 vita:
918 2858 1269 2914 institutum?
1304 2860 1569 2929 jejunium
1592 2862 1736 2916 enim
1767 2864 2078 2935 angelorum

518 2961 602 3005 est
631 2954 765 3015 vita,
797 2967 905 3021 quo
934 2952 1029 3020 qui
1075 2951 1248 3004 utitur
1273 2952 1501 3021 angelici
1532 2954 1743 3008 ordinis
1772 2957 2079 3011 censendus

514 3050 618 3095 est.
651 3039 834 3110 Neque
857 3041 1148 3105 arbitrere,
1186 3041 1404 3105 dilecte,
1435 3059 1498 3097 ea
1540 3045 1865 3114 simpliciter
1909 3047 1964 3101 in
2018 3064 2079 3104 re

2191 1847 2361 1915 δεῖξον
2386 1850 2516 1920 ἡμῖν
2542 1848 2679 1920 ποίῳ
2720 1849 2905 1921 τρόπῳ
2926 1850 3035 1923 (98)
3067 1851 3136 1905 τά
3162 1851 3447 1923 ἀκάθαρτα
3481 1850 3771 1922 πνεύματα

2192 1939 2597 2007 φυγαδεύονται.
2637 1958 2655 1991 ι
2686 1934 2820 1994 Εἶπε
2862 1941 2919 1995 δέ
2949 1944 2979 1995 6
3017 1942 3249 2014 Κύριος·
3279 1961 3298 1993 ι
3332 1941 3501 1996 Τοῦτο
3530 1942 3592 1996 τὸ
3614 1942 3769 2012 γένος

2190 2030 2293 2084 οὐκ
2318 2031 2634 2086 ἐκϐάλλεται
2660 2035 2709 2086 εἰ
2746 2032 2819 2105 μὴ
2844 2035 2902 2088 ὲν
2935 2037 3261 2107 προσευχαῖς
3290 2034 3385 2089 καὶ
3408 2033 3706 2106 νηστείαις.
3741 2053 3761 2086 ι

2189 2119 2308 2182 Πᾶς
2340 2115 2434 2173 οῦν
2462 2120 2566 2174 ύπὸ
2599 2121 2907 2194 πνεύματος
2948 2122 3257 2194 ἀκαθάρτου
3295 2122 3640 2194 ὀχλούμενος,
3671 2123 3766 2179 ἐὰν

2189 2213 2377 2284 νοήσῃ,
2419 2215 2512 2268 καὶ
2558 2215 2828 2288 χρήσηται
2863 2216 2943 2288 τῷ
2986 2216 3261 2288 φαρμάκῳ
3293 2216 3484 2286 τούτῳ,
3529 2214 3675 2283 λέγω
3701 2214 3767 2287 δὴ

2187 2306 2253 2375 τῇ
2286 2305 2529 2376 νηστείᾳ,
2558 2304 2719 2369 εὐθὺς
2743 2305 2804 2359 τὸ
2827 2304 3043 2378 πνεῦμα
3068 2307 3129 2360 τὸ
3154 2306 3386 2379 πονηρὸν
3412 2305 3770 2377 στενοχωρού-

2192 2413 2352 2468 μενον
2380 2397 2669 2470 ἀναχωρεῖ,
2695 2398 3023 2470 φοϐούμενον
3055 2398 3154 2471 τὴν
3177 2398 3447 2471 νηστείαν.
3475 2399 3628 2453 Πάνυ
3656 2396 3767 2470 γὰρ

2188 2488 2476 2559 τέρπονται
2499 2491 2548 2543 οἰ
2576 2490 2827 2562 δαίμονες
2853 2494 2919 2563 τῇ
2942 2491 3238 2565 κραιπάλῃ,
3260 2492 3355 2545 καὶ
3371 2494 3438 2562 τῇ
3464 2490 3603 2563 μέθῃ
3628 2491 3764 2561 (99),

2188 2578 2283 2633 καὶ
2329 2583 2394 2651 τῇ
2441 2580 2743 2635 ἀναπαύσει
2789 2581 2882 2635 τοῦ
2930 2581 3199 2653 σώματος.
3258 2581 3483 2651 Μεγάλη
3537 2580 3767 2651 δύναμις

2186 2672 2427 2744 νηστεία,
2458 2674 2552 2727 καὶ
2580 2674 2790 2744 μεγάλα
2820 2672 3221 2746 κατορθώματα
3243 2674 3450 2743 γίνεται
3475 2672 3543 2726 δι’
3570 2672 3762 2743 αὐτῆς.

2199 2764 2353 2817 Ἐπεὶ⁵
2378 2764 2541 2820 πόθεν
2569 2766 2662 2820 καὶ
2689 2766 2738 2819 οἱ
2767 2764 3037 2838 ἄνθρωποι
3072 2766 3306 2837 μεγάλας
3343 2765 3600 2836 δυνάμεις
3643 2766 3766 2818 ἐπι-

2185 2854 2418 2923 τελοῦσι,
2461 2858 2553 2911 καὶ
2594 2860 2794 2929 σημεῖα
2836 2857 2902 2910 δι’
2930 2857 3109 2911 αὐτῶν
3151 2857 3384 2927 γίνεται,
3425 2856 3519 2909 καὶ
3562 2855 3768 2927 ἰάματα

2184 2951 2293 3011 τοῖς
2321 2948 2586 3020 κάμνουσι
2612 2948 2679 3004 δι’
2709 2948 2886 3004 αὐτῶν
2917 2949 3165 3021 δωρεῖται
3201 2950 3229 3003 6
3251 2948 3401 3012 θεὸς,
3437 2949 3487 3001 εἰ
3520 2946 3596 3019 μὴ
3626 2948 3765 3001 πάν-

2183 3055 2290 3102 τως
2323 3037 2391 3090 δι’
2424 3038 2707 3110 ἀσκήσεως
2752 3039 2846 3091 καὶ
2899 3035 3412 3106 ταπεινοφροσύνης,
3462 3033 3557 3087 καὶ
3614 3032 3769 3087 πολι-

515 3132 819 3186 consistere
849 3131 1139 3201 jejunium.
1174 3130 1292 3188 Non
1322 3134 1465 3188 enim
1498 3136 1590 3204 qui
1644 3151 1674 3190 a
1725 3137 1865 3192 cibis
1901 3138 2078 3193 solum

2188 3129 2328 3193 τείας
2356 3129 2606 3200 ἀγαθῆς;
2641 3128 2859 3200 νηστεία
2891 3128 3000 3201 γὰρ
3043 3128 3287 3197 ἀγγέλων
3340 3126 3453 3198 βίος
3492 3126 3632 3188 ἐστὶ,
3670 3125 3766 3181 καὶ

516 3222 796 3287 abstinet,
850 3224 899 3278 is
951 3234 1097 3278 recte
1153 3226 1295 3296 agit,
1354 3225 1447 3280 sed
1496 3226 1615 3295 ejus
1688 3228 1781 3297 qui
1848 3229 2082 3285 abstinet

516 3311 588 3365 ab
614 3310 762 3364 omni
796 3325 960 3380 opere
1014 3312 1189 3376 malo,
1219 3314 1486 3384 jejunium
1542 3327 1821 3389 acceptum
1867 3318 2085 3374 habebi-

515 3410 625 3457 tur.
672 3402 805 3456 Nam
838 3403 884 3459 si
911 3404 1145 3474 jejunes,
1172 3421 1272 3461 nec
1304 3409 1558 3464 observes
1600 3426 1663 3464 os
1709 3417 1862 3465 tuum
1901 3426 1970 3467 ne
2002 3412 2082 3466 lo-

517 3501 719 3563 quatur
746 3494 971 3561 malum,
992 3510 1091 3550 nec
1120 3511 1315 3554 caveas
1342 3499 1441 3555 tibi
1494 3501 1562 3555 ab
1592 3502 1895 3567 iracundia,
1928 3518 2081 3558 men-

515 3583 693 3646 dacio,
732 3584 973 3655 perjurio
1005 3605 1020 3641 :
1057 3587 1099 3641 si
1137 3588 1269 3659 quid
1340 3592 1467 3646 mali
1530 3603 1721 3647 contra
1772 3593 2080 3665 proximum

514 3685 670 3730 tuum
696 3678 957 3747 loquare;
989 3680 1058 3746 si,
1103 3680 1347 3751 inquam,
1380 3699 1446 3739 ex
1500 3685 1801 3754 jejunantis
1830 3702 1947 3750 ore,
1980 3685 2080 3740 ho-

511 3784 633 3823 rum
662 3770 941 3842 quidpiam
993 3773 1393 3843 proficiscatur,
1449 3777 1587 3832 nihil
1635 3779 1762 3833 hinc
1824 3779 2079 3837 utilitatis

512 3860 765 3932 percipit,
800 3862 893 3917 sed
925 3870 1096 3917 totum
1141 3864 1384 3921 laborem
1433 3856 1592 3921 suum
1633 3868 1829 3938 perdit.
1862 3868 1944 3925 Tu
1974 3870 2078 3925 ita-

510 3968 639 4024 que,
666 3953 866 4008 Christi
908 3955 1130 4020 famula,
1159 3965 1212 4012 et
1243 3958 1768 4029 quotquotlsalutom
1816 3961 2078 4032 consequi

511 4044 762 4113 cupiunt,
815 4046 863 4101 si
916 4046 1275 4116 jejunaveris,
1322 4050 1549 4118 puriﬁca
1608 4050 1950 4122 temetipsam
2009 4053 2079 4108 ab

513 4138 662 4191 omni
692 4140 933 4207 pecunia
963 4155 1149 4194 amore
1183 4180 1197 4202 ,
1232 4141 1363 4208 quia
1418 4141 1509 4210 qui
1570 4144 1854 4211 pecuniam
1908 4150 2074 4204 amat,

512 4241 624 4282 non
659 4235 839 4297 potest
882 4227 1047 4283 Deum
1101 4229 1344 4300 diligere.
1379 4249 1397 4283 ι
1431 4230 1603 4286 Radix
1646 4234 1792 4289 enim
1820 4235 2074 4290 omnium

513 4320 782 4373 malorum
816 4329 899 4375 cst
928 4322 1156 4376 avaritia
1172 4320 1239 4375 “.
1272 4340 1291 4373 ι

581 4585 638 4642 8.
679 4583 1044 4661 Ambitionem
1073 4593 1129 4642 et
1187 4587 1553 4657 arrogantiam
1597 4601 1946 4657 summopere
1987 4585 2074 4641 fu—

516 4676 657 4744 gias.
685 4674 743 4728 Si
764 4674 863 4729 tibi
887 4675 1144 4747 c0gitatio
1170 4687 1447 4748 suggerat,
1489 4688 1541 4732 te
1571 4677 1643 4731 ob
1672 4675 1975 4748 profectum
2017 4678 2074 4732 in

509 4765 717 4820 virtute
745 4780 996 4837 magnam
1024 4768 1458 4839 prazclaramque
1507 4782 1651 4832 esse,
1679 4783 1747 4821 ne
1781 4767 1975 4823 credas
2002 4769 2073 4823 ei.

2183 3221 2211 3273 6
2239 3220 2519 3292 χρώμενος
2547 3220 2681 3290 αὐτῇ
2710 3219 3003 3291 ἀγγελικὴν
3025 3218 3181 3285 τάξιν
3204 3217 3334 3289 ἔχει.
3361 3217 3471 3269 Kal
3504 3216 3578 3289 μὴ
3614 3215 3768 3287 νομί-

2185 3329 2305 3384 σῃς,
2346 3312 2616 3383 ἀγαπητὲ,
2662 3312 2745 3364 ὃτι
2794 3310 2968 3375 οὓτως
3018 3309 3204 3375 άπλῶς
3255 3313 3401 3364 ἐστιν
3439 3313 3472 3381 ἡ
3507 3308 3764 3381 νηστείαο

2182 3406 2241 3459 ού
2275 3404 2383 3476 γὰρ
2419 3407 2447 3459 6
2475 3403 2749 3475 νηστεύων
2789 3404 2897 3457 ἀπὸ
2943 3404 3242 3477 βρωμάτων
3293 3404 3451 3475 μόνον
3480 3404 3579 3480 (Ι),
3624 3408 3768 3460 ἐκεῖ·

2181 3514 2269 3563 νος
2330 3496 2720 3569 κατώρθωσεν·
2771 3496 2885 3551 ἀλλ’
2942 3497 2971 3550 6
3024 3496 3356 3567 ἀπεχόμενος
3406 3497 3514 3551 ἀπὸ
3557 3498 3766 3565 παντὸς

2182 3589 2416 3662 πονηροῦ
2467 3588 2822 3660 πράγματος,
2870 3587 3045 3660 τούτῳ
3093 3588 3362 3657 λογίζεται
3424 3590 3458 3659 ἡ
3516 3590 3761 3662 νηστεία.

2193 3682 2319 3736 Ἐάν
2344 3681 2451 3753 γάρ
2477 3684 2794 3753 νηστεύσῃς,
2844 3681 2938 3733 καὶ
2982 3680 3055 3751 μὴ
3094 3681 3339 3753 τηρήσῃς
3366 3679 3426 3733 τὸ
3456 3681 3634 3752 στόμα
3669 3699 3763 3735 σου

2180 3772 2409 3843 λαλῆσαι
2455 3772 2610 3840 λόγον
2652 3771 2905 3843 πονηρὸν,
2949 3772 2983 3843 ἢ
3029 3770 3337 3840 όξυχολίαν,
3386 3767 3419 3841 ἥ
3456 3769 3655 3840 ψεῦδος
3677 3814 3694 3838 ,
3725 3772 3761 3843 ἢ

2180 3862 2482 3932 ἐπιορκίαν,
2531 3862 2564 3933 ἢ
2609 3860 2989 3933 καταλαλήσῃς
3040 3859 3179 3915 κατά
3226 3858 3318 3913 τοῦ
3363 3860 3589 3930 πλησίον
3642 3879 3761 3925 σου,

2181 3953 2274 4008 ἐὰν
2302 3953 2474 4008 ταῦτα
2512 3953 2704 4027 ἐξέλθῃ
2737 3956 2801 4007 ἐκ
2831 3954 2923 4007 τοῦ
2960 3954 3225 4025 στόματος
3260 3952 3354 4006 τοῦ
3384 3952 3760 4024 νηστεύοντος,

2178 4045 2329 4099 οὐδὲν
2380 4045 2659 4117 ὠφέλησεν
2680 4063 2693 4077 ·
2754 4046 2888 4101 ἀλλὰ
2936 4047 3031 4101 καὶ
3076 4048 3194 4099 ὅλον
3247 4046 3337 4099 τὸν
3380 4045 3547 4101 κόπον
3592 4046 3761 4101 αὑτοῦ

2178 4135 2445 4191 ἀπώλεσε.
2497 4140 2569 4193 Σὺ
2619 4133 2731 4199 οὖν.
2765 4139 2924 4210 δούλη
2957 4138 3049 4192 τοῦ
3085 4137 3341 4212 Χριστοῦ,
3393 4138 3487 4192 καί¹
3533 4140 3760 4203 πάντες,

2176 4229 2288 4281 ὅσοι
2336 4229 2546 4283 θέλουσι
2598 4230 2853 4303 σωθῆναι,
2900 4231 2995 4285 ἐὰν
3043 4231 3363 4304 νηστεύσῃς,
3411 4231 3631 4298 ἅγνισον
3665 4248 3760 4283 σε-

2175 4320 2345 4391 αυτὴν
2370 4320 2477 4374 ἀπὸ
2509 4322 2686 4392 πάσης
2732 4322 3093 4394 φιλαργυρίας
3113 4339 3125 4351 ’
3154 4323 3235 4375 ὃτι
3263 4324 3291 4375 6
3322 4320 3550 4390 ἀγαπῶν
3581 4321 3760 4393 ἀργύ-

2179 4429 2294 4484 ριον
2320 4412 2380 4464 ού
2410 4410 2631 4467 δύναται
2659 4412 2749 4466 τὸν
2779 4412 2910 4468 Θεὸν
2940 4414 3176 4483 ἀγαπᾷν.
3200 4430 3220 4463 ί
3243 4410 3393 4477 Ῥίζα
3414 4410 3523 4482 γάρ
3539 4411 3760 4466 πάντων

2175 4502 2282 4556 τῶν
2309 4502 2495 4557 κακῶν
2530 4505 2673 4556 ἐστιν
2698 4505 2730 4574 ἡ
2756 4502 3104 4574 φιλαργυρία.
3150 4520 3169 4553 ›

2242 4590 2291 4646 8.
2324 4590 2433 4660 Τὴν
2467 4589 2769 4657 κενοδοξίαν
2818 4592 2911 4644 καὶ
2943 4588 3258 4654 ἀλαζονείαν
3293 4587 3529 4660 ἰσχυρῶς
3556 4586 3753 4659 φεῦγε.

2182 4683 2307 4736 Ἐὰν
2342 4681 2617 4755 ὑποδάλλῃ
2660 4699 2739 4735 σοι
2773 4682 2802 4734 6
2833 4681 3109 4753 λογισμὸς,
3151 4681 3232 4735 ὅτι
3280 4679 3489 4751 μεγάλη
3520 4681 3757 4748 γέγονας

2171 4777 2264 4830 καὶ
2288 4775 2448 4847 καλὴ,
2483 4772 2854 4846 προϐεϐηκυῖα
2881 4776 2947 4845 τῇ
2978 4775 3169 4844 ἀρετῇ,
3210 4772 3283 4843 μὴ
3324 4771 3621 4842 πιστεύσῃς
3652 4771 3758 4824 αύ-

509 4854 771 4914 luimicus
801 4858 949 4913 enim
990 4866 1101 4922 est,
1135 4860 1229 4930 qui
1261 4869 1317 4914 te
1349 4859 1593 4929 impedit,
1626 4866 1680 4913 et
1727 4860 2074 4916 ambitionem

2302 4866 2328 4918 6
2399 4864 2588 4937 ἐχθρὸς
2618 4865 2727 4936 γάρ
2759 4867 2904 4918 ἐστιν
2933 4865 2960 4917 6
2992 4863 3292 4935 ἐμποδίζων
3322 4863 3413 4917 καὶ
3445 4859 3756 4925 κενοδοξίαν

510 4950 752 5019 subjicit.
786 4949 864 5006 Ne
888 4952 1074 5022 itaque
1093 4967 1213 5007 eam
1238 4950 1502 5006 admittas
1522 4951 1932 5022 cogitationem,
1956 4966 2077 5023 quae

507 5040 697 5098 laudes
734 5050 1089 5112 repraesentet
1143 5051 1290 5097 tuas.
1328 5040 1486 5107 Quod
1540 5042 1587 5096 si
1628 5042 1727 5095 tibi
1772 5057 1892 5099 sese
1946 5044 2071 5098 talis

506 5134 697 5189 offerat
731 5135 989 5205 cogitatio
1018 5151 1031 5187 :
1065 5134 1187 5188 Noli
1229 5141 1339 5186 tam
1372 5148 1567 5203 graves
1608 5133 1794 5189 subire
1830 5133 2067 5198 labores,

507 5239 630 5280 cum
659 5224 794 5281 alias
821 5225 1002 5297 possis
1035 5226 1267 5281 salutem
1308 5223 1612 5294 consequi;
1659 5238 1728 5278 ne
1782 5223 1862 5278 illi
1909 5225 2071 5279 obse-

505 5333 698 5388 quare.
732 5317 995 5373 Inimicus
1018 5331 1253 5386 namque
1270 5326 1375 5379 est,
1395 5315 1488 5385 qui
1512 5315 1614 5370 tibi
1648 5314 1959 5383 mollitiem,
1979 5331 2068 5373 se-

576 5474 623 5505 “
656 5472 846 5528 Matth.
881 5490 1013 5542 xvn,
1052 5470 1240 5527 18-20.
1316 5470 1364 5503 “
1400 5470 1422 5524 ι
1463 5470 1605 5526 Tim.
1641 5486 1694 5525 Vl
1718 5513 1734 5538 ,
1775 5470 1860 5525 lo.

577 5648 682 5720 <97)
710 5647 1038 5720 suam.
1073 5649 1216 5720 εχεις
1248 5648 1357 5720 γὰρ
1384 5664 1543 5720 μαρτ.

576 5707 676 5788 (98
715 5718 807 5772 Sic
833 5718 997 5772 Basil.
1026 5707 1348 5788 'etnAnglir'.
1384 5707 1559 5772 'Editi.
1595 5718 1653 5769 ἐν
1688 5714 1823 5784 ποίῳ
1859 5707 2065 5783 τρόπῳ.

575 5721 688 5861 (9θί
713 5787 823 5843 Kal
863 5790 927 5859 τῇ
962 5788 1097 5860 μέθῃ
1130 5789 1283 5845 abest
1312 5789 1377 5843 ab
1405 5788 1703 5858 Auglicano
1750 5791 1805 5839 it
1830 5781 1978 5839 l'ela‘.
2009 5783 2063 5836 ‘2.

2172 4956 2505 5010 ὑποϐάλλων.
2559 4957 2672 5010 Ούκ
2705 4955 2868 5029 ἀνέξῃ
2900 4952 2991 5010 οὖν
3038 4954 3130 5009 τοῦ
3164 4954 3425 5026 λογισμοῦ
3461 4954 3755 5009 ἐπαινοῦν-

2174 5048 2265 5110 τός
2297 5065 2376 5102 σε.
2438 5046 2562 5101 Ἐάν
2605 5046 2661 5099 δὲ
2712 5047 2986 5121 ὑποδάλλῃ
3039 5064 3121 5101 σοι
3176 5049 3204 5100 6
3245 5046 3499 5115 λογισμὸς
3552 5045 3751 5115 λέγων,
3786 5107 3799 5115 _

2173 5136 2278 5200 ὅτι,
2308 5136 2400 5208 Μὴ
2436 5136 2555 5190 θέλε
2588 5138 2786 5208 κοπιᾷν
2824 5137 2967 5191 οῦτω
3005 5136 3293 5202 δυσκόλως,
3312 5135 3533 5189 δύνασαι
3571 5135 3754 5206 σωθῆ-

2176 5245 2291 5281 ναι’
2343 5230 2441 5283 ούκ
2492 5228 2746 5293 ἀκούσεις
2796 5230 2993 5283 αὐτοῦ’
3053 5230 3082 5282 6
3140 5228 3329 5301 ἐχθρὸς
3377 5228 3484 5297 γάρ
3532 5231 3677 5281 ἐστιν
3720 5230 3753 5280 6

2174 5318 2488 5373 ύποδάλλων
2529 5320 2796 5392 χαύνωσιν
2842 5322 2936 5376 καὶ
2974 5319 3292 5394 ὀλιγωρίαν,
3341 5320 3428 5373 ῐνα
3473 5335 3535 5372 σε
3584 5336 3755 5372 κατα-

2357 5645 2612 5726 ln.Basil.
2656 5647 2809 5706 deest
2851 5648 3032 5719 μόνον.
3079 5649 3291 5723 Anglic.
3336 5650 3500 5708 habet
3561 5652 3749 5724 μόνον.

2174 5712 2338 5779 Edili,
2366 5716 2544 5785 μόνος.

713 5787 823 5843 Kal
863 5790 927 5859 τῇ
962 5788 1097 5860 μέθῃ
1130 5781 1283 5845 abest
1312 5789 1377 5843 ab
1405 5788 1703 5858 Auglicano
1750 5781 1978 5839 itf'elt‘.
2009 5781 2063 5836 ‘2.
