4008 6404
221 338 300 394 ιιι
1539 335 1629 390 DE
1664 334 2131 394 VIRGINITATE.

3312 351 3420 414 262

219 450 326 521 ϐάλῃ
372 447 468 503 ἀπὸ
502 446 620 518 τῆς
678 449 935 522 ἐναρέτου
980 466 1072 503 σου
1118 449 1405 514 πολιτείας.
1452 452 1627 507 Πολλὰ
1647 453 1750 524 γάρ

1856 451 2190 523 gnitiemque
2214 451 2485 524 ejusmodi
2529 454 2773 526 subjicit,
2809 464 2869 512 ut
2917 465 2970 515 te
3017 474 3048 514 a
3099 462 3269 533 probo
3323 471 3419 521 tuo

218 543 310 595 ἐστι
333 538 704 609 μηχανήματα
745 539 811 592 ἐκ
854 538 947 592 τοῦ
989 538 1183 611 ἐχθροῦ
1219 540 1476 611 γινόμενα
1505 545 1617 606 τοῖς
1638 542 1761 596 δούς

218 632 306 694 λοις
324 628 404 682 τοῦ
434 627 596 682 Θεοῦ.
644 629 971 684 ’Υποϐάλλει
1005 628 1111 701 γὰρ
1149 632 1260 693 τοῖς
1302 629 1625 702 ἀνθρώποις,
1660 632 1759 704 ἆρ-

216 737 336 793 χεται
379 719 463 771 καὶ
507 720 771 773 ἐπαινεῖν
823 719 1018 789 λόγοις,
1059 720 1193 792 πρὸς
1232 720 1292 774 τὸ
1341 720 1618 794 ὑψωθῆναι
1658 722 1759 794 τὴν

216 810 396 884 καρδίαν
424 809 633 863 αὐτῶν.
683 813 761 866 Σὺ
803 812 861 866 δὲ
905 811 978 884 μὴ
1001 811 1267 885 καταδέξῃ
1309 812 1523 883 ἔπαινον
1559 813 1761 886 ἀνθρὼ-

213 921 320 956 πων.
360 902 474 955 Ἐὰν
521 902 587 956 δέ
637 903 729 967 τίς
780 921 861 957 σοι
910 904 1068 976 εἴπῃ,
1123 906 1383 977 Μακαρία
1415 903 1466 960 εἴ
1503 907 1602 976 (2)·
1633 907 1758 977 λέγε

212 993 358 1064 αὐτῷ·
392 993 512 1047 Ἐὰν
558 994 778 1060 ἐξέλθω
819 998 883 1049 ἐκ
929 996 1018 1050 τοῦ
1058 995 1304 1068 σώματος
1346 997 1533 1052 τούτου
1579 999 1757 1064 καλῶς

208 1084 492 1139 τελειώσασα
516 1124 532 1149 ,
585 1087 718 1140 τότε
774 1087 1267 1160 μακαρισθήσομαι.
1318 1091 1473 1162 ’Ἄρτι
1525 1090 1633 1164 γὰρ
1694 1092 1754 1145 οὐ

209 1176 407 1231 πιστεύω
432 1179 684 1250 ἐμαυτῇ,
718 1180 801 1233 ὅτι
838 1182 1079 1251 μακαρία
1095 1181 1209 1252 εἰμί
1227 1180 1327 1251 (5).
1348 1181 1755 1257 Οἱγὰρᾶνθρω-

206 1269 378 1332 sonti»;
402 1269 642 1340 ἄνεμος,
691 1270 838 1326 οὕτω
882 1272 1343 1344 μεταϐαλλόμεθα.
1392 1275 1657 1341 Πολλάκις
1699 1278 1756 1332 δέ

205 1360 449 1413 ὑποϐάλλει
483 1378 572 1413 σοι
610 1360 918 1426 ἐξουθενεῖν
946 1364 1069 1428 τοὺς
1097 1364 1371 1431 ἐσθίοντας
1393 1383 1406 1397 ·
1444 1368 1516 1440 μὴ
1543 1371 1757 1423 πιστεύσ

204 1467 281 1523 σῃς
312 1450 476 1522 αὐτῷ·
517 1451 816 1523 ἀλλότριος
849 1456 956 1528 γάρ
997 1458 1145 1510 ἐστι·
1186 1458 1402 1514 πάντων
1440 1460 1549 1532 γὰρ
1574 1461 1755 1532 ἐλαχι-

204 1543 416 1614 στοτέραν
457 1544 710 1617 σεαυτὴν
747 1545 822 1616 (4)
853 1544 1083 1616 λογίζου,
1132 1549 1218 1603 ἵνα
1250 1549 1475 1615 πολλοὺς
1512 1552 1753 1626 προάξῃς

200 1637 260 1697 είς
280 1634 364 1705 τὴν
394 1634 689 1705 βασιλείαν
715 1637 826 1691 τῶν
865 1639 1123 1711 οὐρανῶν,
1151 1641 1245 1695 καὶ
1290 1642 1441 1714 παρὰ
1466 1643 1585 1715 Θεῷ
1612 1645 1753 1716 ὑψω-

199 1726 326 1798 θήσῃ.
365 1727 701 1782 Ὑποεάλλει
734 1730 790 1784 δὲ
824 1732 853 1783 6
877 1730 1067 1804 ἐχθρὸς
1097 1733 1191 1787 καὶ⁹
1221 1733 1451 1807 ἄσκησιν
1481 1736 1741 1808 μεγάλην,

198 1818 263 1870 ἵνα
283 1818 335 1871 τὸ
358 1819 516 1887 σῶμα
548 1820 788 1886 ἀσθενὲς
817 1825 911 1877 καὶ
941 1825 1243 1897 ἀχρήσιμον
1276 1828 1495 1899 ποιήσῃ.
1524 1828 1626 1883 Σοῦ
1656 1825 1751 1887 οὖν

196 1910 430 1981 ήνηστεία
461 1913 678 1984 μέτρον
710 1914 901 1985 ἐχέτω.
944 1917 1254 1988 Νήστευσον
1291 1917 1384 1974 οὖν
1414 1920 1489 1993 (5)
1515 1921 1633 1975 ὅλον
1660 1923 1750 1976 τὸν

193 2004 395 2058 ἐνιαυτὸν
430 2006 614 2077 χωρὶς
645 2006 835 2079 πάσης
875 2008 1149 2081 ἀνάγκης·
1183 2012 1303 2085 ὥρᾳ
1343 2012 1399 2065 δὲ
1449 2012 1612 2085 ἐνάτῃ
1651 2014 1751 2086 τῆς

193 2096 386 2165 ἡμέρας,
413 2099 470 2150 ἐν
510 2097 717 2170 ὕμνοις
750 2100 846 2153 καὶ
884 2106 1208 2174 προσευχαῖς
1240 2103 1612 2170 διατελέσασα,
1651 2123 1749 2177 με·

189 2185 457 2258 ταλάμϐανε
488 2190 613 2245 τῶν
640 2191 830 2263 ἄρτων
858 2208 951 2245 σου
978 2195 1035 2247 ὲν
1058 2194 1272 2268 λαχάνῳ
1295 2197 1596 2268 ἀναπεποιη
1605 2198 1751 2270 μένῳ

188 2278 338 2350 ἐλαίῳ.
365 2282 560 2339 Πάντα
584 2283 739 2354 ἁγνὰ
760 2285 861 2337 ὅσα
893 2285 1096 2357 ἄψυχα.

242 2373 286 2428 9.
309 2374 377 2426 Σὺ
408 2374 487 2441 δὲ,
516 2370 570 2429 ὦ
602 2375 871 2449 παρθένε,
917 2378 1106 2450 μηθεὶς
1154 2380 1613 2452 καταμανθανέτω
1650 2381 1748 2454 τὴν

188 2464 379 2537 ἄσκησίν
403 2484 525 2533 σου,
562 2469 707 2539 μηδέ
757 2469 936 2525 αὐτῶν
983 2471 1128 2526 ίδίων
1166 2489 1258 2527 σου
1298 2474 1606 2543 συγγενῶν·
1632 2475 1748 2529 ἀλλ’

186 2555 230 2608 εί
247 2573 290 2639 τι
318 2562 508 2623 ποιεῖς,
565 2562 626 2613 ἐν
669 2560 903 2633 κρυπτῷ
944 2562 1120 2617 ποίει·
1168 2565 1261 2618 καὶ
1304 2567 1332 2618 6
1379 2567 1565 2639 Πατήρ
1596 2584 1689 2621 σου
1720 2568 1750 2620 6

185 2629 412 2720 οὐράνιος,
441 2656 470 2707 ὁ
503 2629 738 2724 βλέπων
781 2655 839 2707 ἐν
996 2656 1243 2727 κρυπτῷ,
1271 2629 1548 2711 ἀποδώσει.
1575 2675 1655 2712 σοι
1689 2661 1747 2713 ἐν

185 2740 245 2811 τῷ
282 2744 486 2817 φανερῷ
524 2745 642 2815 (6).
688 2745 819 2799 Ἐὰν
868 2746 925 2799 δὲ
972 2746 1290 2820 φανερώσῃς
1331 2766 1423 2803 σου
1470 2749 1560 2804 τὸν
1612 2750 1746 2820 βίον,

184 2836 416 2903 κενοδοξία
455 2855 551 2891 σοι
610 2837 886 2904 τίκτεται,
939 2839 1031 2893 καὶ
1074 2837 1292 2911 ζημιοῖ·
1339 2839 1434 2894 ἐὰν
1483 2841 1539 2895 δέ
1580 2841 1746 2915 εὕρῃς

181 2923 324 2998 ψυχὴν
353 2930 773 3002 ὁμοσύμφωνον
818 2930 1084 2984 πονοῦσαν
1125 2931 1203 3003 τῷ
1240 2931 1378 3004 Θεῷ,
1418 2933 1493 2997 ὡς
1524 2934 1619 2987 καὶ
1657 2936 1744 2998 σὺ,

178 3019 318 3093 ταύτῃ
347 3021 483 3096 μόνῃ
518 3022 890 3093 ἁποκάλυψον
917 3024 973 3077 ἐν
1001 3025 1312 3096 μυστηρίῳ·
1348 3028 1465 3079 ἐκεῖ
1504 3026 1603 3081 οὐκ
1630 3025 1746 3080 ἔστι

180 3111 435 3189 κενοδοξία.
480 3113 808 3184 Ἑλάλησας
852 3114 981 3186 γὰρ,
1032 3116 1120 3168 ἵνα
1164 3116 1308 3188 σωθῇ
1353 3117 1529 3189 ψυχή·
1578 3119 1746 3175 πολὺν

179 3188 336 3273 μισθὸν
364 3207 542 3279 λήψῃ,
585 3179 694 3259 ἐὰν.
739 3179 889 3278 σωθῇ
933 3179 1029 3259 ’διὰ
1061 3207 1154 3261 σοῦ
1197 3179 1378 3281 ψυχή..
1562 3211 1744 3283 ἔχουσι
1770 3179 1813 3238 C

177 3296 308 3350 πόθον
336 3300 568 3353 ἀκούειν
600 3299 758 3352 λάλει
807 3299 876 3352 τὰ
922 3301 1284 3372 συμφέροντα.
1336 3301 1458 3356 Ἐὰν
1487 3302 1543 3356 δὲ
1569 3305 1741 3379 ἀκούῃ

174 3389 247 3441 καὶ
284 3390 351 3461 μὴ
393 3395 559 3464 ποιῇ,
607 3391 781 3463 μηδὲν
825 3390 994 3445 λάλει.
1047 3393 1208 3461 Λέγει
1266 3392 1373 3466 γὰρ
1423 3397 1453 3449 6
1506 3395 1737 3467 Κύριος·

178 3496 194 3528 ι
218 3480 296 3552 Μὴ
313 3482 444 3536 δῶτε
476 3484 558 3537 τὰ
587 3483 726 3552 ἅγιοι
755 3485 871 3546 τοῖς
897 3483 1051 3536 κυσί·
1087 3485 1220 3557 μηδέ
1250 3484 1478 3558 βάλλητε
1510 3488 1587 3561 (7)
1613 3489 1742 3555 τοὺς

174 3578 486 3648 μαργαρίτας
528 3576 697 3647 ὑμῶν
746 3575 1057 3647 ἔμπροσθεν
1103 3578 1209 3632 τῶν
1252 3579 1466 3653 χοίρων.
1503 3600 1522 3633 ι
1560 3582 1744 3646 Κύνας

172 3667 259 3737 γὰρ
296 3670 383 3722 καὶ
432 3670 667 3741 χοίρους
713 3668 987 3722 ἀποκαλεῖ
1033 3670 1062 3722 6
1106 3671 1339 3742 Χριστὸς
1385 3653 1466 3744 ~(8)
1515 3676 1642 3738 τοὺς
1682 3677 1741 3728 ἐν

170 3759 316 3831 ἀτίμῳ
351 3762 452 3833 βίῳ
490 3763 836 3830 διάγοντας·
889 3766 1221 3835 μαργαρῖται
1255 3764 1361 3836 γὰρ
1407 3765 1577 3836 τίμιοί
1606 3769 1741 3821 εἰσιν

169 3850 207 3900 oi
230 3852 311 3904 τοῦ
337 3853 474 3907 Θεοῦ
511 3854 693 3922 λόγοι,
732 3856 851 3916 τοῖς
880 3852 1048 3917 ἀξίοις
1082 3855 1263 3925 μόνοις
1289 3856 1572 3927 διδόμενοι.

1859 543 1985 598 vitae
2010 542 2263 600 instituto
2289 544 2531 615 dejiciat.
2563 545 2733 603 Multa
2775 550 2977 622 quippe
3002 561 3131 608 sunt
3155 555 3276 625 ejus
3310 571 3422 610 ma-

1858 633 2206 690 chinamenta
2244 635 2507 694 adversus
2552 637 2650 694 Dei
2685 655 2896 699 servos.
2948 642 3230 702 Submittit
3272 649 3416 704 enim

1858 722 2173 780 hominibus
2219 727 2577 797 cogitationes
2611 747 2627 780 :
2656 729 2846 801 incipit
2898 731 3140 805 laudare,
3164 746 3224 792 ut
3250 739 3417 795 corda

1856 829 2044 870 eorum
2068 817 2310 872 extollat.
2348 817 2429 872 Tu
2446 835 2575 875 vero
2602 836 2670 875 ne
2695 820 2980 878 hominum
3012 827 3202 885 laudes
3220 831 3434 901 admits

1856 912 1961 962 tas.
1984 903 2139 972 Quod
2174 907 2222 961 si
2263 908 2386 978 quis
2416 909 2514 965 tibi
2548 911 2747 967 dixerit
2783 932 2796 967 :
2833 913 2998 972 Beata
3025 934 3122 987 es;
3150 924 3419 993 responde

1856 994 1934 1050 illi
1970 1012 1983 1047 :
2018 997 2247 1063 Quando
2273 1001 2385 1054 vita
2430 1003 2601 1071 probe
2652 1014 2875 1074 peracta
2921 1024 2986 1064 ex
3038 1010 3143 1068 boc
3188 1028 3421 1085 corpore

1854 1103 2168 1157 excessero,
2193 1101 2323 1146 tunc
2371 1093 2530 1149 beata
2559 1099 2915 1166 prredicabor.
2950 1100 3069 1157 Jam
3117 1106 3264 1161 enim
3309 1123 3417 1163 non

1856 1180 2073 1235 credam
2130 1197 2217 1237 me
2265 1182 2480 1238 beatam
2533 1200 2677 1241 esse.
2708 1185 2972 1247 Homines
3012 1192 3211 1265 quippe
3259 1198 3419 1267 quasi

1852 1279 2080 1339 ventus;
2133 1273 2209 1328 ita
2250 1282 2548 1331 mutamur.
2603 1276 2929 1351 Plerumque
2978 1286 3171 1341 suadet
3202 1288 3322 1355 tibi,
3355 1298 3417 1345 ut

1852 1381 1948 1422 cos
2003 1368 2093 1437 qui
2143 1370 2438 1426 comedunt
2484 1371 2755 1443 despicias
2789 1378 2921 1433 :sed
2977 1396 3047 1435 ne
3107 1381 3301 1438 credas
3339 1382 3413 1447 ei,

1853 1457 2064 1515 alienus
2109 1462 2310 1531 quippe
2362 1473 2475 1529 est;
2500 1465 2633 1535 quin
2666 1467 2850 1536 potius
2898 1477 2952 1525 te
2978 1473 3221 1529 omnium
3250 1475 3416 1531 mini-

1856 1563 1998 1603 mam
2021 1560 2290 1621 reputato,
2317 1562 2376 1608 ut
2399 1557 2599 1612 multos
2634 1561 2934 1630 praemittas
2967 1564 3021 1618 in
3048 1580 3272 1636 regnum
3301 1583 3413 1625 cm-

1855 1638 2055 1706 lorum,
2087 1656 2141 1697 et
2175 1656 2207 1696 a
2228 1642 2336 1699 Deo
2365 1647 2647 1703 exalteris.
2681 1648 2739 1703 Si
2783 1651 2976 1707 suadet
3022 1654 3117 1709 tibi
3160 1655 3413 1715 inimicus

1856 1731 2128 1804 ingentem
2182 1736 2394 1793 ascesin
2456 1754 2552 1793 seu
2610 1740 3081 1812 exercitationem,
3114 1753 3174 1800 ut
3216 1761 3414 1818 corpus

1781 1808 1824 1863 Β
1852 1831 2004 1881 tuum
2059 1826 2335 1883 inﬁrmum
2366 1838 2422 1885 et
2450 1832 2563 1901 88
2590 1833 2779 1889 inutile
2812 1833 3009 1891 elliciat
3040 1808 3244 1894 :vtuum
3272 1808 3414 1912 jeju-

1849 1916 1998 1970 nium
2029 1916 2498 1984 modumbabeat.
2540 1919 2737 1990 Jejuna
2778 1924 2963 1995 itaque
3004 1937 3176 1984 totum
3210 1946 3415 1986 annum

1848 2006 1957 2061 nisi
1986 2006 2134 2061 aliud
2165 2010 2401 2079 postulet
2429 2013 2760 2081 necessitas;
2791 2014 2927 2071 hora
2960 2026 3143 2075 autem
3180 2036 3325 2077 nona
3355 2022 3415 2080 in

1850 2095 2065 2167 hymnis
2094 2105 2149 2153 et
2182 2100 2524 2156 orationibus
2559 2111 2854 2171 transacta,
2886 2124 3041 2165 sume
3082 2126 3252 2181 panes
3286 2122 3413 2171 tuos

1847 2200 1973 2240 cum
2005 2187 2247 2245 oleribus
2272 2190 2393 2246 oleo
2419 2192 2674 2250 conditis.
2711 2195 2905 2253 Omnia
2943 2216 3079 2271 pura
3107 2212 3237 2259 sunt
3264 2221 3415 2277 qua:-

1847 2290 2064 2348 cunque
2091 2278 2416 2337 inanimata.

1921 2392 1975 2448 9.
2017 2391 2099 2448 Tu
2134 2402 2335 2461 autem,
2371 2412 2406 2452 ο
2436 2397 2608 2469 virgo,
2634 2399 2688 2454 id
2712 2415 2832 2471 age,
2865 2411 2925 2457 ut
2950 2420 3111 2461 nemo
3135 2414 3281 2463 tuam
3307 2425 3412 2467 no-

1845 2486 1917 2540 rit
1976 2486 2211 2552 ascesin,
2242 2504 2312 2544 ne
2368 2505 2436 2545 ex
2490 2493 2738 2563 cognatis
2776 2497 2997 2566 quidem
3058 2502 3168 2558 tuis
3198 2519 3213 2556 :
3245 2505 3340 2560 sed
3361 2507 3415 2562 si

1847 2578 1977 2647 quid
2016 2579 2154 2649 agis,
2184 2580 2238 2634 in
2271 2583 2487 2637 occulto
2512 2598 2611 2655 age
2650 2596 2751 2641 :et
2794 2586 2957 2644 Pater
3000 2598 3127 2648 tuus
3173 2595 3415 2654 caelestis

1847 2671 1940 2741 qui
1971 2672 2118 2749 vide't
2148 2672 2204 2727 in
2236 2675 2476 2741 occulto,
2509 2678 2700 2733 reddet
2746 2680 2845 2735 tibi
2897 2682 2953 2737 in
2983 2685 3226 2754 publico.
3255 2689 3415 2755 Quod

1845 2761 1892 2817 si
1929 2762 2095 2817 vitam
2154 2771 2302 2820 tuam
2362 2768 2822 2837 manifestaveris,
2854 2773 2985 2829 hinc
3021 2776 3117 2833 tibi
3158 2789 3416 2837 nascetur

1844 2851 2023 2907 inanis
2045 2854 2230 2923 gloria:
2259 2855 2551 2925 cupiditas,
2578 2867 2743 2929 atque
2765 2860 3148 2918 detrimentum
3182 2868 3413 2925 senties.

1847 2941 1902 2996 Si
1936 2959 2065 2999 vero
2095 2946 2331 3001 animam
2386 2951 2657 3018 repereris
2690 2951 2789 3006 tibi
2845 2957 3299 3026 consentientem,
3330 2968 3415 3014 at-

1844 3051 1951 3106 que
1972 3035 2083 3092 Deo
2131 3037 2320 3093 eadem
2355 3039 2567 3095 ratione
2620 3042 2971 3110 servientem,
3033 3045 3162 3102 huic
3187 3048 3291 3103 soli
3320 3065 3411 3105 se-

1846 3134 1996 3182 creta
2017 3136 2108 3181 tua
2138 3127 2375 3184 revelato
2398 3132 2440 3200 [ε
2508 3130 2612 3186 hac
2655 3131 2801 3187 enim
2833 3134 2889 3187 in
2931 3150 2991 3190 re
3022 3151 3134 3191 non
3163 3146 3248 3193 est
3286 3139 3407 3193 ina-

1848 3218 1936 3274 nis
1959 3220 2152 3290 gloria.
2183 3218 2389 3277 Locuta
2417 3236 2653 3294 namque
2670 3240 2730 3280 es
2759 3231 2818 3280 ut
2840 3226 2991 3282 salva
3016 3229 3168 3285 ﬁeret
3191 3232 3408 3290 anima:

1848 3328 2099 3384 magnam
2153 3315 2457 3370 mercedem
2487 3318 2741 3387 recipies,
2772 3320 2817 3375 si
2848 3335 2946 3390 per
2968 3328 3023 3376 te
3053 3323 3233 3377 anima
3264 3326 3414 3381 salu-

1846 3411 1956 3458 tem
2012 3416 2397 3476 consequatur.
2449 3407 2660 3474 Quibus
2711 3411 2854 3466 inest
2902 3413 3159 3469 audiendi
3194 3416 3412 3473 deside-

1844 3490 1988 3543 rium
2019 3491 2243 3562 loquere
2272 3511 2393 3565 quae
2424 3496 2535 3551 sint
2581 3499 2754 3554 utilia.
2792 3499 2948 3567 Quod
2980 3503 3026 3558 si
3065 3504 3155 3560 ille
3179 3506 3414 3563 audierit

1842 3587 1898 3635 et
1921 3582 2108 3637 audita
2164 3601 2274 3641 non
2321 3600 2672 3659 exsequatur,
2724 3609 2791 3648 ne
2850 3594 3072 3665 loquere
3127 3598 3288 3654 ultra.
3320 3601 3413 3657 Ai:

1843 3673 1989 3727 enim
2021 3673 2282 3733 Dominus
2318 3695 2331 3731 :
2370 3698 2389 3730 ι
2426 3680 2505 3736 Ne
2533 3682 2658 3737 date
2712 3695 2903 3740 sancta
2928 3687 3160 3743 canibus
3187 3728 3203 3754 ,
3232 3707 3412 3762 neque

1842 3764 2092 3834 projicite
2116 3770 2448 3840 margaritas
2478 3781 2690 3828 vestras
2717 3783 2843 3830 ante
2866 3792 3063 3846 porcos
3080 3780 3147 3832 ⁸⁵.
3176 3799 3196 3832 ι
3230 3780 3409 3839 Canes

1843 3873 2080 3929 namque
2106 3868 2160 3914 et
2189 3876 2386 3932 porcos
2429 3872 2590 3919 vacat
2621 3865 2886 3923 Dominus
2908 3884 3025 3938 eos,
3049 3872 3144 3941 qui
3194 3881 3410 3944 turpem

169 3960 308 4017 agunt
337 3952 537 4006 vitam.
582 3950 901 4022 Margaritae
928 3951 1124 4022 quippe
1172 3954 1427 4023 pretiosae
1452 3961 1600 4023 sunt,
1638 3953 1729 4010 Dei
1767 3956 1955 4022 verba,
1987 3973 2109 4028 quae
2154 3958 2223 4015 iis
2255 3967 2462 4015 tantum
2519 3961 2614 4033 qui
2651 3963 2801 4035 digni
2835 3973 2965 4022 sunt
2991 3968 3327 4026 tribuuntur.

221 4111 294 4167 {0.
319 4114 383 4166 Ὦ
411 4111 682 4185 μακαρία
702 4110 855 4182 ψυχὴ
890 4111 927 4181 ή
953 4111 1229 4166 ἀκούσασα
1254 4109 1474 4175 τούτους
1497 4109 1623 4174 τοὺς
1660 4110 1745 4165 λό-

168 4218 270 4268 γους
296 4208 418 4269 τοὺς
464 4203 912 4276 γεγραμμένους
955 4205 1012 4256 ἐν
1050 4203 1130 4274 τῷ
1179 4202 1367 4275 βιϐλίῳ
1401 4204 1604 4274 τούτῳ,
1648 4206 1743 4260 καὶ

1911 4112 1997 4168 10.
2036 4111 2080 4167 Ο
2113 4113 2271 4169 beata
2319 4117 2500 4170 anima
2532 4133 2653 4188 quae
2705 4134 2986 4177 sermones
3021 4122 3256 4209 audierit
3306 4127 3409 4183 hoc

1840 4207 1895 4261 in
1924 4206 2065 4261 libro
2096 4209 2350 4278 scriptos,
2393 4217 2556 4281 atque
2599 4221 2855 4267 exsecuta
2883 4229 2977 4271 eos
3009 4206 3193 4272 fuerit.
3228 4216 3409 4275 Testi-

167 4297 397 4353 ποιοῦσαι
430 4296 829 4369 Μαρτὺρομαι
862 4297 1022 4349 παντὶ
1057 4295 1329 4369 ἀνθρώπῳ
1365 4298 1460 4371 (9),
1491 4300 1742 4356 ἀκούοντι

1847 4298 1974 4354 licor
2003 4299 2153 4353 omni
2189 4301 2417 4365 homini,
2454 4303 2547 4373 qui
2579 4304 2813 4360 audierit
2846 4304 2961 4361 hmc
3005 4308 3171 4363 verba
3222 4318 3276 4364 et
3323 4311 3408 4367 fc-

166 4388 217 4441 τὶ
241 4391 449 4462 ῥήματα
485 4389 682 4444 ταῦτα
710 4389 807 4443 καί
856 4387 1114 4454 ποιοῦντι,
1150 4391 1230 4444 ὅτι
1271 4391 1333 4444 τὸ
1364 4391 1534 4465 ὄνομα
1572 4393 1738 4449 αὐτοῦ

1847 4392 2082 4455 ceritea,
2106 4394 2253 4463 quod
2295 4409 2506 4451 nomen
2548 4398 2668 4467 ejus
2703 4398 3051 4455 scribendum
3087 4401 3160 4457 sit
3182 4402 3239 4457 in
3266 4403 3408 4459 libro

167 4481 483 4551 γραφήσεται
520 4483 593 4534 ἐν
615 4481 685 4550 τῇ
716 4478 887 4550 βίϐλῳ
915 4478 1017 4549 τῆς
1054 4477 1217 4552 ζωῆς,
1248 4482 1342 4535 καὶ
1367 4482 1425 4535 ἐν
1465 4483 1541 4555 τῷ
1569 4484 1738 4556 τρίτῳ

1847 4484 1985 4550 vitat,
2019 4485 2234 4555 etquod
2259 4487 2376 4557 ipse
2424 4487 2477 4542 in
2533 4490 2695 4545 tertio
2767 4492 3083 4563 angelorum
3115 4494 3307 4552 ordine
3335 4497 3410 4554 sit

164 4570 368 4642 τάγματι
401 4574 523 4628 τῶν
581 4571 836 4640 ἀγγέλων
870 4564 1237 4643 εὑρεθήσεται.
1275 4573 1400 4628 Ἐὰν
1446 4552 1537 4630 οὖν
1568 4552 1740 4649 προει-ζ

1847 4552 2212 4633 collocandus.
2247 4552 2304 4633 Si
2351 4579 2518 4650 igitur
2563 4596 2688 4638 ores
2737 4552 2868 4637 autv
2888 4583 3114 4652 psallas,
3168 4552 3408 4655 legasVe,

95 4678 109 4703 ο
164 4660 285 4736 sim,
312 4666 344 4736 ἢ
376 4665 631 4737 ψάλλῃς,
662 4663 697 4735 ἢ
732 4662 1109 4738 ἀναγινώσκῃς
1134 4664 1265 4737 (10),
1296 4667 1417 4720 κατ’
1452 4667 1584 4741 ίδίαν
1608 4667 1742 4722 κάθ-

1847 4684 2090 4727 seorsum
2124 4669 2254 4726 sede
2285 4687 2297 4723 :
2337 4687 2499 4727 nemo
2529 4672 2716 4727 audiat
2744 4674 2852 4731 nisi
2883 4684 2941 4730 tu
2968 4675 3103 4731 sola.
3140 4674 3207 4729 Et
3228 4677 3275 4733 si
3307 4678 3408 4733 ba-

162 4769 238 4805 ου·
276 4759 466 4827 μηδεὶς
508 4757 794 4820 ἀκουέτω,
827 4759 877 4809 εί
938 4756 1013 4828 μὴ
1058 4759 1120 4812 σὺ
1150 4758 1311 4830 μόνη.
1344 4760 1455 4813 Καὶ
1485 4760 1579 4814 ἐὰν
1610 4760 1739 4836 ἔχῃς

1847 4762 1976 4818 beas
2031 4764 2359 4819 concordem
2404 4780 2569 4820 unam
2614 4775 2709 4820 aut
2748 4768 2985 4822 alteram
3013 4768 3298 4839 virginem,
3331 4770 3409 4824 ait

164 4846 436 4922 ὁμαιιύχους
466 4852 612 4924 μίαν
642 4849 679 4920 ἦ
710 4849 805 4903 δύο
844 4849 1144 4921 παρθένους
1166 4868 1180 4882 ·
1213 4851 1359 4921 λέγει
1393 4852 1502 4924 γὰρ
1537 4854 1565 4905 6
1605 4855 1739 4927 X9t-

1847 4856 1986 4909 enim
2016 4853 2269 4912 Christus
2300 4875 2312 4911 :
2347 4875 2366 4909 ι
2404 4851 2506 4913 Ubi
2529 4857 2639 4912 duo
2669 4858 2754 4914 vel
2799 4866 2912 4914 tres
2939 4861 3256 4929 congregati
3287 4858 3407 4914 fue-

164 4940 289 5003 στάς·
323 4963 341 4994 ι
386 4946 579 4998 Ὅπου
629 4941 728 4996 δύο
768 4941 802 5011 ἢ
850 4945 995 5011 τρεῖς
1032 4945 1133 4996 εἰσι
1183 4944 1508 5015 συνηγμένοι
1552 4946 1611 4999 ἐν
1658 4946 1735 5018 τῷ

1847 4945 1949 5002 rint
1968 4946 2025 5001 in
2049 4952 2270 5003 nomine
2304 4963 2444 5015 meo,
2480 4949 2552 5005 ibi
2596 4966 2716 5006 sum
2758 4950 2815 5005 in
2846 4950 3024 5006 medio
3053 4966 3243 5006 eorum
3261 4950 3329 5017 ⁵⁶;
3380 4968 3399 5001 ι

163 5031 352 5104 ὀνόματί
382 5054 494 5108 μου
534 5034 680 5106 (11),
718 5036 839 5087 ἐκεῖ
866 5036 978 5105 είμι
1003 5035 1060 5089 ἐν
1090 5035 1239 5106 μέσῳ
1269 5035 1447 5091 αὐτῶν
1488 5053 1501 5067 ·
1543 5056 1561 5089 ι
1600 5037 1735 5092 ἀπό-

1847 5038 2014 5110 abjice
2065 5041 2382 5097 muliebrem
2432 5057 2676 5107 sensum,
2720 5057 2783 5098 ac
2834 5042 3087 5098 ﬁduciam
3145 5042 3407 5113 virileque

214 5186 255 5218 ⁸⁸
289 5188 490 5249 Matth.
528 5207 636 5257 vn,
671 5189 729 5245 6.
808 5189 855 5221 '°
894 5188 1088 5245 Matth.
1122 5206 1289 5251 xvm.
1326 5190 1417 5246 20.

215 5369 282 5451 (2)
307 5369 651 5451 βεεῇίῖειιείξ
693 5376 753 5451 et
771 5366 1124 5438 Anglicanus,
1159 5362 1443 5440 Μακάριος
1467 5364 1535 5423 εἴ.
1562 5366 1732 5425 Paulo

1903 5368 1980 5451 (ξ)
2011 5367 2369 5451 Anglicanus,
2392 5369 2616 5451 βάλητε.

161 5436 953 5525 Νξὲηεέἓεοντεέειώέᾳςῑ..
1044 5509 1056 5525 ,
1233 5436 1550 5525 πί.-
1629 5509 1646 5525 .

1906 5436 1974 5525 ςὲζ
1996 5436 2350 5525 Avitianus.
2377 5436 2413 5525 .5
2445 5436 2594 5525 “eis
2631 5507 2694 5525 ,μ

217 5510 284 5581 (3)
310 5506 483 5591 Basjl.
526 5522 588 5591 et_
603 5509 1202 5591 _A-ngll9.,M3XéptOt;.
1233 5506 1405 5563 Paulo
1433 5518 1579 5578 post,
1616 5509 1731 5564 An-
2343 5510 2495 5591 abest
2528 5510 2596 5591 ab
2619 5507 2828 5591 Anglic.
2856 5514 2910 5562 et
2930 5506 3077 5591 Felc_.

163 5577 291 5648 εἰὶεά
314 5584 379 5636 Εἰ
403 5583 467 5636 δὲ
495 5577 774 5643 πολλάκις
802 5579 894 5631 ὑπ.
1069 5577 1080 5581 “
1434 5577 1448 5578 ί

216 5650 282 5705 Ml
308 5653 641 5705 Basiliensis
672 5659 731 5705 et
766 5649 1001 5705 Anglic"
1028 5649 1431 5705 ἐλαγιστότεοον
1486 5650 1728 5704 σεαυτόν.

1905 5577 2017 5651 (10)
2050 5577 2332 5633 εἰοΒοείΙ.
2360 5586 2414 5634 et
2436 5578 2648 5699 Agglic.
2678 5577 2819 5631 Editi
2858 5594 3008 5661 vero,
3043 5580 3401 5705 ὓὲψάλλειφῇ

1847 5647 2239 5705 Ιινοιγινώσκεις.
2283 5647 2425 5705 Mox.
2526 5647 2647 5702 asrl.
2681 5655 2736 5703 et
2778 5647 3013 5705 Anttltc..
3087 5667 3207 5705 γης.
3235 5652 3401 5705 Edm.

308 5619 1001 5721 E55ié3§f€ﬂii§1§e.,
1028 5649 1431 5721 ἐλαχιστότερον
1486 5650 1728 5704 σεαυτόν.

1905 5619 2017 5651 μυ,
2051 5619 2142 5633 ...ν
2168 5619 2332 5633 νη...
2360 5619 2414 5634 υ.
2436 5619 2481 5632 .-
2522 5619 2648 5646 οη...
2678 5619 2819 5631 .......
2869 5619 3008 5644 μην,

1847 5647 2239 5719 Ιιναγινώσκεις.
2283 5647 2425 5713 Mox,
2482 5619 2647 5702 ﬁasil.
2681 5655 2736 5703 et
2778 5647 3013 5720 Anglic.,

218 5721 282 5802 (Ξ)
303 5721 416 5802 ρδν
442 5725 607 5802 deest
640 5721 1221 5802 in?a_sil,_et‘Atigl_i_c.
1254 5791 1268 5802 _
1321 5791 1335 5802 _
1435 5787 1462 5802 υ
1671 5789 1696 5802 η

218 5790 285 5864 (ϐ)
303 5793 360 5850 In
382 5796 609 5868 Anglic.
638 5802 700 5851 et
715 5790 869 5848 Felc.
886 5792 942 5859 ‘2,
966 5790 1118 5850 deest
1138 5791 1292 5860 illud,
1319 5791 1375 5845 ἐν
1394 5790 1472 5861 τῷ
1492 5790 1728 5861 φανερῷ.

1831 5647 2239 5719 ἀναγινώσκεις.
2283 5647 2425 5713 Mox,

1835 5719 2018 5863 ἔχῗῇ)
2048 5770 2238 5857 Basil.,
2268 5786 2569 5860 ὑπηγμένοι
2593 5786 2681 5844 διὰ
2716 5788 2778 5843 τὸ
2809 5788 2977 5862 ὄνομα
3000 5808 3121 5861 μου.

3087 5667 3207 5724 Χῃς.
3235 5652 3403 5721 Editi,
