4008 6404
553 340 664 399 283

1702 330 1772 397 ’5.
1810 337 2272 396 ATHANASIUS.
2312 369 2382 383 -—
2410 338 2641 397 DUBIA.

3667 342 3762 400 264

555 461 727 517 robur
753 473 993 516 assume.
1016 457 1152 514 Nam
1182 457 1238 513 in
1271 470 1438 529 regno
1459 455 1721 511 caelorum
1755 471 1866 511 non
1890 463 1974 513 est
1998 471 2113 511 ma-

2214 456 2308 511 θου
2336 456 2399 511 τὸ
2420 456 2721 525 γυναικεῖον
2746 454 3017 528 φρόνημα,
3045 457 3138 511 καὶ
3158 455 3287 512 λάσε
3312 456 3511 529 θάρσος
3549 458 3644 512 καὶ
3676 460 3761 515 άν-

558 553 744 609 sculus
775 567 949 622 neque
982 550 1181 607 femina
1200 587 1215 613 ,
1248 549 1344 604 sed
1371 563 1707 619 quaecunque
1732 549 1989 605 mulieres
2012 549 2116 604 Do-

556 645 708 701 mino
739 645 1079 715 placuerunt,
1108 643 1351 696 virorum
1397 641 1641 697 ordinem
1691 642 1985 712 accipiunt.
2019 641 2111 699 Ju-

556 736 755 791 venilia
784 741 1100 790 ornamenta
1132 733 1473 794 obliviscere.
1509 741 1569 787 ut
1615 733 1770 788 bona:
1792 733 1967 789 vidua:
1994 750 2115 804 pre-
2144 761 2150 765 -

558 826 693 880 tium
723 826 981 894 accipias.
1006 823 1093 875 Ait
1110 821 1256 876 enim
1278 822 1469 876 beatus
1488 819 1721 877 Paulus:
1744 839 1764 871 ε
1790 820 1994 876 Viduas
2018 821 2115 876 bo-

558 930 711 977 nora,
742 930 862 984 quae
882 928 1009 967 vere
1040 912 1215 966 vidua:
1247 919 1392 966 sunt.
1424 912 1555 978 Qua:
1585 927 1711 967 vere
1735 912 1899 966 vidua
1934 920 2019 967 est
2059 921 2113 967 et

557 1001 821 1064 desolata,
857 1000 910 1053 in
945 999 1054 1054 Deo
1107 1008 1311 1069 sperat,
1353 1010 1406 1056 et
1452 1009 1728 1071 permanet
1774 1000 1829 1054 in
1859 1002 2115 1058 observa-

559 1093 796 1147 tionibus
815 1100 877 1171 et
902 1091 1244 1146 orationibus
1269 1100 1427 1145 nocte
1456 1100 1511 1147 et
1540 1091 1647 1147 die.
1689 1091 1821 1158 Quae
1849 1101 2028 1148 autem
2058 1094 2113 1149 in

557 1183 766 1238 deliciis
795 1191 899 1247 est,
934 1193 1145 1238 mortua
1174 1193 1277 1240 est.
1316 1183 1487 1239 Vidua
1538 1186 1768 1256 eligatur
1794 1201 1903 1241 non
1933 1184 2113 1241 minus

557 1287 822 1328 annorum
858 1273 1160 1343 sexaginta,
1195 1288 1317 1343 quae
1348 1273 1509 1328 fuerit
1554 1274 1716 1329 unius
1767 1275 1869 1329 viri
1922 1290 2061 1330 uxor
2096 1293 2109 1330 :

557 1365 604 1419 si
656 1366 895 1436 hospites
927 1367 1220 1436 exceperit,
1256 1366 1304 1419 si
1340 1366 1546 1421 liberos
1573 1365 1905 1431 educaverit,
1940 1368 1985 1424 si
2017 1382 2113 1438 pe-

557 1457 653 1510 des
698 1464 1013 1511 sanetornm
1065 1458 1281 1520 laverit,
1315 1459 1362 1512 si
1395 1457 1608 1513 afflictis
1643 1473 1798 1528 opem
1832 1459 2039 1520 tulerit,
2066 1458 2114 1513 si

555 1563 715 1602 omne
759 1549 960 1603 bonum
1007 1564 1144 1618 opus
1189 1559 1471 1619 prosecuta
1520 1550 1700 1605 fuerit.
1732 1550 1986 1607 Juniores
2034 1552 2116 1606 vi-

557 1641 693 1695 duas
728 1655 919 1695 recusa
949 1659 962 1694 ε
992 1656 1113 1695 cum
1136 1642 1280 1696 enim
1306 1642 1641 1697 lascivierint
1669 1642 1932 1698 adversus
1962 1642 2115 1697 Chri-

559 1743 723 1798 stum,
758 1744 887 1789 tunc
913 1735 1118 1790 nubere
1154 1737 1364 1801 volunt,
1390 1736 1651 1791 habentes
1684 1735 2109 1802 damnationem,

556 1827 682 1897 quia
718 1828 945 1898 primam
977 1828 1132 1881 tidem
1168 1827 1375 1881 irritam
1407 1827 1650 1883 fecerunt
1679 1827 1748 1881 ⁸⁷.
1782 1845 1802 1878 ι

629 1919 713 1973 li.
748 1917 830 1972 Tu
861 1926 1038 1973 autem
1065 1919 1112 1974 si
1139 1935 1246 1973 non
1273 1918 1439 1973 facias
1464 1919 1840 1988 tibijuveniles
1873 1918 2112 1982 habitus,

556 2024 667 2063 non
697 2008 886 2063 audies
911 2008 1118 2079 junior,
1166 2010 1260 2064 sed
1305 2017 1462 2065 aetate
1509 2010 1787 2080 grandior,
1836 2010 2115 2079 honorque

556 2105 652 2158 tihi
683 2105 785 2160 erit
816 2104 970 2175 quasi
988 2111 1143 2159 aetate
1167 2104 1380 2173 majori.
1412 2103 1633 2159 Materia
1662 2105 2113 2160 vestimentorum

555 2203 791 2257 tuorum,
816 2212 881 2251 ne
924 2197 995 2250 sit
1027 2197 1207 2267 magni
1234 2196 1411 2266 pretii.
1432 2195 1737 2268 Ependytes
1771 2204 1899 2253 tuus
1964 2198 2115 2269 niger

556 2301 729 2355 neque
778 2285 1002 2351 tinctus,
1050 2286 1142 2340 sed
1175 2285 1342 2339 nativi
1372 2286 1590 2350 coloris,
1640 2294 1734 2340 aut
1790 2286 2112 2358 onychinus.

554 2376 838 2431 Malm-ium
872 2378 992 2432 sine
1050 2376 1277 2433 fimbriis
1317 2378 1559 2448 ejusdem
1604 2380 1808 2435 coloris
1842 2400 1856 2435 :
1890 2382 2116 2436 manicae

554 2471 744 2535 laneaa,
774 2470 1004 2528 brachia
1054 2486 1229 2540 usque
1258 2471 1327 2525 ad
1379 2471 1579 2542 digitos
1617 2472 1932 2544 obtegentes
1968 2494 1981 2530 :
2019 2490 2113 2531 ca-

554 2569 670 2638 pilli
729 2568 928 2639 capitis
983 2568 1358 2635 circumtonsi,
1411 2576 1466 2625 et
1528 2570 1663 2625 vitta
1731 2571 1886 2626 lanea
1952 2579 2117 2640 caput

554 2660 888 2728 astringens,
926 2659 1200 2713 cucullula
1247 2667 1301 2714 et
1345 2659 1789 2731 snperhumerale
1843 2662 1963 2716 sine
1996 2660 2115 2717 fim-

553 2750 797 2822 hriis.>Si
854 2751 971 2806 viro
1001 2765 1281 2816 occurras,
1328 2749 1493 2807 facies
1545 2752 1720 2807 velata
1773 2752 2116 2823 demissaque

553 2850 692 2906 esto,
726 2858 901 2913 neque
929 2843 1135 2897 homini
1158 2843 1368 2897 vultum
1412 2844 1649 2909 attollas,
1697 2842 1791 2898 sed
1851 2842 2115 2899 duntaxat

554 2934 665 2990 Deo
693 2943 808 2989 tuo.
832 2933 969 2989 Cum
1002 2935 1071 2988 ad
1100 2935 1369 2989 orandum
1412 2935 1650 2998 steteris,
1671 2935 1783 2989 sint
1815 2935 1979 3005 pedes
2034 2935 2111 2990 tui

473 3086 479 3093 ,
553 3025 754 3079 calceis
804 3024 1002 3094 Operti.
1047 3022 1328 3092 Ejusmodi
1382 3025 1526 3080 enim
1570 3026 1875 3080 vestimenti
1918 3041 2110 3097 genus,

555 3118 901 3173 sanctitatem
929 3115 1169 3186 praefert.
1208 3115 1286 3171 Ne
1330 3116 1550 3171 exuaris
1572 3116 1638 3171 ad
1666 3132 1838 3187 usque
1888 3117 2106 3173 nudita-

2209 548 2413 621 δρείαν.
2454 550 2542 603 Ἐν
2569 549 2676 619 γὰρ
2698 550 2763 619 τῇ
2798 548 3037 620 βασιλεία
3065 548 3171 604 τῶν
3212 549 3473 621 οὐρανῶν,
3502 551 3604 606 οὐκ
3626 551 3763 607 ἐστιν

2209 641 2374 713 ἄρρεν
2398 641 2492 695 καὶ
2520 639 2673 712 θῆλυ,
2710 639 2846 694 ἀλλά
2877 641 3049 695 πᾶσαι
3088 641 3146 694 αἱ
3178 641 3542 713 ἀρεστήσασαι
3582 645 3763 713 γυναῖ-

2209 750 2304 797 κες
2330 733 2534 805 ἀνδρῶν
2560 731 2709 798 τάξιν
2730 731 3113 803 λαμϐάνουσιν.
3154 732 3438 786 Ἐπιλάθου
3479 732 3549 787 τὰ
3576 750 3763 790 νεωτε-

2215 823 2341 895 ρικά
2369 825 2642 895 σχήματα,
2688 823 2773 876 ἵνα
2814 823 2982 895 λάϐῃς
3028 823 3191 895 τιμὴν
3228 824 3326 895 τῆς
3372 824 3543 895 καλῆς
3576 827 3763 898 χήρας.

2209 916 2370 984 Λέγει
2396 913 2502 987 γὰρ
2532 916 2561 967 ὁ
2588 915 2741 983 ἅγιος
2782 913 2991 978 Παῦλος
3020 914 3130 985 (12)
3150 931 3165 945 ’
3199 933 3219 966 ι
3253 915 3399 985 Τίμα
3440 916 3634 986 χήρας.
3674 916 3766 982 τὰς

2211 1006 2379 1069 ὅντως
2423 1007 2617 1077 χήρας.
2663 1005 2727 1059 Ἡ
2763 1006 2819 1059 δὲ
2869 1005 3033 1069 ὅντως
3087 1006 3232 1076 χήρα
3276 1005 3370 1058 καὶ
3414 1005 3767 1076 μεμονωμένη

2210 1095 2436 1168 ἤλπικεν
2479 1096 2572 1149 ἐπὶ
2616 1095 2707 1149 τὸν
2747 1095 2897 1161 Θεὸν,
2946 1096 3039 1149 καὶ
3088 1095 3380 1166 προσμένει
3414 1097 3533 1158 ταῖς
3559 1095 3767 1167 δεήσεσι

2211 1187 2307 1241 καὶ
2333 1189 2452 1250 ταῖς
2484 1188 2809 1256 προσευχαῖς
2833 1186 3023 1248 νυκτὸς
3055 1187 3145 1240 καὶ
3167 1185 3397 1256 ἡμέρας.
3442 1186 3508 1240 'H
3550 1186 3608 1240 δὲ
3640 1204 3769 1240 σπα-

2210 1276 2428 1331 ταλῶσα
2478 1276 2726 1349 τέθνηκε.
2792 1277 2949 1348 Χήρα
3014 1274 3393 1344 καταλεγέσθω
3438 1275 3512 1348 μὴ
3561 1276 3770 1331 ἔλαττον

2211 1370 2345 1425 ἐτῶν
2392 1370 2687 1441 ἐξήκοντα,
2722 1374 2973 1438 γεγονυῖα
3006 1369 3123 1432 ἐνὸς
3152 1368 3343 1441 ἀνδρὸς
3377 1370 3546 1441 γυνή’
3575 1371 3624 1423 εί
3665 1368 3773 1435 ἑξε-

2210 1461 2489 1533 νοδόχησεν
2508 1504 2522 1529 ,
2561 1462 2609 1514 εί
2636 1461 3165 1532 ἐτεκνοτρόφησεν,εί
3188 1462 3355 1529 ἁγίων
3386 1461 3550 1525 πόδας
3577 1460 3769 1531 ἔνιψεν,

2212 1556 2260 1608 εί
2290 1553 2624 1625 θλιϐομένοις
2655 1555 2976 1625 ἐπήρκεσεν,
3005 1555 3052 1606 εί
3077 1555 3238 1607 παντὶ
3265 1553 3408 1624 ἔργῳ
3454 1552 3645 1624 ἀγαθῷ
3681 1557 3773 1608 ἐπο-

2212 1644 2562 1716 ηκολούθησε.
2595 1645 2880 1716 Νεωτὲρας
2912 1643 2969 1697 δὲ
2994 1645 3165 1715 χήρας
3190 1642 3454 1715 παραιτοῦ
3472 1660 3486 1673 ·
3518 1644 3646 1699 ὅταν
3668 1644 3771 1716 γὰρ

2211 1740 2714 1811 καταστρηνιάσωσι
2766 1738 2860 1792 τοῦ
2912 1735 3145 1809 Χριστοῦ
3171 1776 3187 1802 ,
3245 1739 3440 1808 γαμεῖν
3491 1738 3733 1791 θέλουσιν
3755 1776 3769 1801 ,

2140 1835 2183 1890 Β
2210 1830 2427 1902 ἔχουσαι
2452 1834 2643 1903 κρῖμα,
2673 1832 2753 1884 ὅτι
2777 1830 2874 1902 τὴν
2904 1828 3123 1902 πρώτην
3150 1828 3329 1881 πίστιν
3356 1829 3651 1899 ἠθέτησαν.
3684 1848 3704 1881 ι

2285 1920 2371 1975 11.
2398 1921 2471 1974 Σὺ
2500 1922 2575 1987 δὲ,
2600 1924 2648 1974 εί
2674 1922 2770 1991 μὲν
2796 1921 2857 1974 ού
2888 1922 3057 1983 ποιεῖς
3087 1918 3155 1972 τὰ
3176 1919 3471 1988 νεωτερικὰ
3500 1920 3771 1991 σχήματα,

2211 2011 2312 2065 οὐκ
2339 2011 2554 2077 ἀκούεις
2578 2012 2837 2085 νεωτέρα,
2867 2012 2999 2067 ἀλλὰ
3047 2014 3140 2066 καὶ
3167 2010 3461 2083 πρεσϐύτις
3506 2012 3771 2083 amuli},

2214 2104 2308 2157 καὶ
2342 2105 2505 2178 τιμὴν
2538 2105 2697 2175 ἔχεις,
2733 2105 2807 2169 ὡς
2841 2104 3202 2177 πρεσῦυτέρα.
3238 2102 3300 2157 Ἦ
3336 2104 3640 2168 ὑπόστασις
3674 2105 3775 2158 τῶν

2216 2197 2443 2269 ἱματίων
2476 2214 2569 2251 σου
2622 2196 2695 2269 μὴ
2741 2198 2852 2268 ήτω
2894 2195 3212 2267 πολύτιμος’
3257 2195 3286 2247 ὁ
3338 2193 3634 2263 ὲπενδύτης
3688 2211 3775 2247 σου

2218 2288 2403 2360 μέλας,
2436 2286 2509 2359 μὴ
2551 2287 2887 2358 βεϐαμμένος
2925 2287 2983 2339 ὲν
3017 2286 3182 2357 βαφῇ,
3218 2284 3329 2338 ἀλλ’
3355 2283 3633 2355 αὐτοφυὴς
3663 2284 3779 2337 ἰδιό-

2213 2398 2370 2452 χροος
2412 2380 2543 2450 (15),
2572 2379 2606 2451 ἢ
2640 2378 2902 2449 όνυχίζων
2922 2396 2936 2411 ο
2967 2378 3061 2433 καὶ
3090 2378 3151 2431 τὸ
3181 2377 3444 2449 μαφόριον
3491 2377 3777 2446 ἄκροσσον,

2212 2473 2470 2536 ὡσαύτως
2496 2474 2591 2544 τῆς
2619 2474 2786 2543 αὐτῆς
2819 2472 3014 2543 χρόας⁶
3050 2471 3141 2525 καὶ
3188 2470 3417 2542 χειρίδια
3463 2470 3596 2540 ὲρεᾶ
3629 2486 3782 2541 περι-

2214 2564 2552 2618 καλύπτοντα
2577 2565 2701 2627 τοὺς
2746 2562 3033 2634 βραχίονας
3069 2561 3173 2623 ἕως
3218 2560 3326 2614 τῶν
3364 2560 3645 2614 δακτύλων
3675 2560 3782 2614 τῶν

2213 2657 2428 2730 χειρῶν,
2450 2657 2547 2720 τὰς
2569 2655 2757 2729 τρίχας
2780 2656 2879 2725 τῆς
2903 2654 3141 2726 κεφαλῆς
3165 2672 3228 2707 πε
3239 2653 3662 2725 ρικεκομμένας,
3691 2655 3781 2706 καὶ

2213 2748 2627 2819 κεφαλοδέσμιον
2660 2745 2847 2817 ἐρεοῦν
2877 2747 3232 2818 περισφίγγον
3263 2746 3360 2816 τὴν
3401 2744 3668 2815 κεφαλὴν,
3693 2745 3783 2798 καὶ

2214 2840 2550 2905 κουκούλιον,
2572 2841 2666 2894 καὶ
2681 2839 2919 2910 ὲπώμιον
2942 2840 3223 2910 ἀκροσσον.
3264 2837 3387 2890 Ἐὰν
3423 2837 3493 2899 δὲ,
3520 2837 3784 2907 συναντᾷς

2213 2932 2308 2987 ἀνθ
2317 2931 2501 3004 ρώπῳ,
2518 2931 2579 2985 τὸ
2595 2931 2881 3003 πρόσωπον
2896 2927 3444 2998 κατακεκαλυμμένον
3463 2926 3625 2987 ἔστω,
3639 2927 3784 2981 κάτω

2211 3022 2384 3086 νεῦον,
2406 3022 2496 3074 καὶ
2520 3021 2619 3074 ούκ
2651 3021 2859 3093 ὲπάρῃς
2886 3016 3153 3091 ἀνθρώπῳ
3177 3017 3236 3070 τὺ
3269 3014 3559 3087 πρόσωπόν
3593 3033 3711 3080 σου,
3736 3017 3784 3069 εί

2214 3112 2288 3183 μὴ
2319 3111 2475 3181 μόνον
2497 3109 2574 3181 τῷ
2590 3108 2706 3180 Θεῷ
2723 3126 2837 3163 σου.
2856 3104 3028 3161 Ὅταν
3053 3108 3184 3177 στῇς
3207 3106 3285 3165 είς
3322 3104 3786 3176 προσευχὴν,τοὺς

553 3216 664 3263 tem
703 3224 718 3260 :
753 3216 913 3264 nocte
982 3208 1177 3278 dieque
1237 3209 1406 3264 vestis
1456 3216 1599 3280 tegat
1649 3224 1869 3264 carnem
1931 3218 2105 3265 tuam.

2213 3202 2373 3265 πόδας
2400 3218 2491 3254 σου
2518 3199 3088 3270 περικεκαλυμμένους
3111 3196 3200 3267 ἔχε
3224 3197 3281 3247 ὲν
3303 3195 3662 3266 ὑποδήμασιν,
3690 3190 3788 3248 At).

555 3299 841 3371 Nunquam
874 3310 924 3356 te
953 3302 1058 3354 alia
1101 3300 1300 3356 femina
1353 3300 1552 3355 nudam
1582 3300 1761 3355 videat
1784 3300 2027 3370 θεμιἰεί
2056 3302 2111 3356 in

554 3406 768 3447 summa
822 3393 1188 3459 necessitate;
1229 3407 1405 3462 neque
1454 3404 1509 3447 te
1577 3391 1694 3462 ipsa
1774 3392 2110 3459 consideres,

553 3484 701 3539 nudo
724 3498 973 3554 corpore.
1025 3482 1071 3537 A
1123 3499 1232 3554 quo
1279 3490 1525 3555 tempore
1554 3484 1697 3538 enim
1733 3484 1971 3540 statuisti
2000 3483 2111 3539 Deo

553 3585 704 3631 casta
735 3590 877 3640 esse,
902 3590 1101 3646 corpus
1158 3584 1309 3629 tuum
1344 3576 1744 3631 sanctificatum
1770 3583 1825 3631 et
1850 3576 2111 3646 templum

555 3667 646 3722 Dei
679 3676 781 3721 est.
820 3665 938 3722 Non
963 3668 1122 3722 debet
1153 3668 1316 3737 igitur
1357 3667 1616 3736 templum
1663 3666 1755 3721 Dei
1791 3666 1859 3721 ab
1880 3667 1991 3723 ullo
2024 3682 2114 3722 re-

550 3759 682 3829 tegi.
709 3757 828 3813 Non
864 3758 966 3814 ibis
994 3759 1061 3812 ad
1094 3759 1365 3820 balneum,
1391 3758 1438 3812 si
1475 3758 1693 3828 quidem
1720 3773 1853 3814 sana
1877 3758 1976 3821 sis,
2006 3758 2113 3814 nisi

552 3851 608 3905 in
665 3866 879 3907 summa
930 3850 1297 3917 necessitate;
1353 3854 1530 3920 neque
1584 3849 1875 3921 immergas
1933 3858 2110 3905 totum

552 3958 755 4014 corpus
801 3953 953 3998 tuum
993 3945 1046 3997 in
1096 3957 1315 4012 aquam,
1342 3942 1470 4012 quia
1518 3950 1707 3998 sancta
1762 3958 1823 3999 es
1880 3941 2109 3999 Domino

553 4033 687 4089 Deo.
722 4032 841 4088 Non
872 4033 1211 4088 contamines
1241 4047 1462 4087 carnem
1508 4039 1656 4086 tuam
1707 4033 1818 4087 ulla
1861 4048 1921 4088 re
1950 4048 2110 4088 mun-

554 4124 718 4189 dana,
767 4125 860 4179 sed
887 4123 1079 4179 faciem
1107 4131 1315 4178 tantum
1346 4132 1492 4177 tuam
1538 4124 1674 4193 lava,
1708 4133 1761 4180 et
1793 4140 1988 4181 manus
2020 4141 2111 4195 pe-

555 4218 779 4287 desque.
809 4216 943 4270 Cum
969 4216 1166 4270 laveris
1190 4214 1381 4270 faciem
1412 4223 1585 4281 tuam,
1616 4232 1683 4271 ne
1711 4218 1891 4271 lavato
1924 4218 2109 4271 amba-

554 4308 659 4363 bus
686 4308 960 4371 manibus,
986 4322 1164 4377 neque
1210 4307 1535 4377 expoliveris
1585 4323 1752 4378 genas
1787 4309 1970 4363 vultus
2002 4307 2106 4372 tui,

556 4409 625 4450 ne
670 4394 917 4460 herbam,
952 4408 1021 4447 ne
1060 4394 1286 4455 nitrum,
1322 4401 1414 4447 aut
1456 4392 1585 4463 quid
1641 4393 1820 4449 simile
1849 4393 2111 4447 adhibue-

555 4485 678 4540 ris:
715 4499 842 4539 nam
878 4500 999 4555 quae
1053 4483 1341 4539 mundana:
1386 4491 1513 4539 sunt
1570 4484 1699 4538 talia
1747 4482 1987 4551 faciunt;
2014 4483 2106 4538 sed

555 4589 697 4646 aqua
729 4574 929 4630 munda
963 4577 1177 4633 laveris.

2211 3292 2301 3355 τὸς
2341 3290 2449 3361 γὰρ
2487 3294 2515 3345 ό
2553 3290 2835 3361 στολισμὺς
2879 3290 3204 3361 ἱεροπρεπής
3232 3287 3397 3339 ἐστιν.
3432 3286 3548 3338 Οὐκ
3586 3285 3787 3356 ὲκδύσῃ

2212 3386 2424 3455 γυμνή·
2463 3383 2657 3447 νυκτὸς
2683 3382 2739 3436 δὲ
2765 3383 2857 3436 καὶ
2896 3380 3106 3451 ἡμέρας
3146 3378 3207 3431 τὸ
3250 3377 3462 3448 ίμάτιὸν
3502 3394 3598 3430 σου
3650 3375 3791 3430 ἔστω

2211 3475 2484 3529 καλύπτον
2519 3476 2617 3546 τὴν
2647 3475 2822 3544 σάρκα
2876 3489 2991 3526 σου.
3031 3470 3106 3526 Ob
3154 3468 3229 3540 μὴ
3263 3469 3347 3541 ἴδῃ
3375 3467 3506 3540 άλλη
3553 3467 3695 3539 γυνὴ
3729 3468 3793 3520 τὸ

2214 3568 2372 3639 σῶμά
2412 3585 2505 3621 σου
2543 3568 2745 3639 γυμνὸν
2779 3567 2903 3621 ἄνευ
2951 3565 3131 3635 πάσης
3176 3562 3454 3632 ἀνάγκηςο
3507 3560 3623 3614 ἀλλ’
3668 3560 3794 3615 οὐδὲ

2211 3659 2347 3731 αὐτὴ
2394 3661 2746 3730 κατανοήσεις
2793 3655 3290 3727 ἀποκεκαλυμμένη
3318 3654 3395 3725 τῷ
3424 3652 3660 3724 σώματι.
3701 3652 3799 3717 Ἐξ

2210 3755 2331 3808 ὅτου
2375 3754 2483 3825 γὰρ
2528 3753 2700 3818 ὲτάξω
2737 3750 2815 3823 τῷ
2867 3749 2985 3821 Θεῷ
3025 3745 3479 3821 ὲγκρατεύεσθαι,
3524 3744 3587 3797 τὸ
3630 3744 3801 3815 σῶμά

2212 3862 2306 3898 σου
2338 3842 2665 3915 ἡγιασμένον
2690 3842 2823 3904 ἐστὶ,
2850 3840 2943 3894 καὶ
2974 3838 3097 3902 ναός
3136 3840 3250 3890 ὲστι
3275 3834 3369 3888 τοῦ
3391 3832 3525 3887 Θεοῦ
3552 3831 3687 3904 (id).
3715 3834 3799 3887 Ού

2211 3938 2317 4008 χρὴ
2345 3931 2436 3989 οὖν
2463 3934 2553 3988 τὸν
2580 3934 2705 3988 ναὸν
2744 3932 2841 3986 τοῦ
2880 3929 3015 3986 Θεοῦ
3059 3924 3540 3983 ἀποκαλύπτεσθαι
3573 3924 3681 3978 ὑπό
3713 3943 3805 3978 τι-

2210 4043 2318 4090 νος.
2352 4028 2427 4080 Οὐ
2458 4025 2697 4097 πορεύσῃ
2737 4026 2816 4089 είς
2864 4024 3137 4094 βαλανεῖον
3179 4018 3491 4089 ὑγιαίνουσα
3524 4017 3653 4070 ἄνευ
3681 4016 3802 4069 πά-

2212 4136 2311 4190 σης
2348 4117 2610 4187 ἀνάγκης,
2646 4118 2705 4170 οὐ
2754 4116 2828 4188 μὴ
2873 4114 3047 4189 βάψῃς
3087 4113 3206 4167 ὅλον
3251 4112 3312 4165 τὸ
3345 4109 3507 4180 σῶμά
3552 4126 3649 4163 σου
3710 4112 3804 4175 εἰς

2212 4211 2375 4283 ὕδωρ,
2408 4213 2489 4265 ὅτι
2535 4210 2667 4279 ἀγία
2715 4206 2767 4263 εἶ
2813 4210 3001 4279 Κυρίῳ
3043 4206 3119 4277 τῷ
3148 4205 3303 4276 Θεῷ’
3337 4204 3431 4258 καὶ⁵
3478 4203 3540 4256 ού
3579 4206 3808 4273 μανείς

2210 4303 2515 4375 τὴνλσάρκα
2560 4320 2652 4356 σου
2698 4303 2757 4355 ὲν
2801 4301 2975 4356 οὐδενὶ
3017 4297 3284 4369 κοσμικῷ,
3335 4296 3471 4350 ἀλλὰ
3520 4295 3684 4366 μόνον
3736 4294 3808 4347 τὸ

2211 4394 2497 4467 πρόσωπόν
2527 4412 2619 4449 σου
2644 4395 2816 4465 νίψαι,
2844 4396 2938 4449 καὶ
2980 4393 3079 4456 τὰς
3105 4394 3292 4463 χεῖρας
3323 4391 3417 4444 καὶ
3442 4390 3571 4452 τοὺς
3597 4387 3803 4452 πόδας.

2213 4488 2380 4542 Ὅταν
2404 4487 2559 4559 νίψῃς
2597 4487 2657 4540 τὸ
2692 4485 2977 4558 πρόσωπόν
3007 4501 3118 4547 σου,
3147 4483 3206 4535 ού
3235 4481 3361 4551 νίψῃ
3400 4482 3520 4543 ταῖς
3550 4478 3646 4532 δύο
3671 4495 3810 4550 χερ-

2140 4571 2184 4625 D
2215 4578 2320 4643 σὶν,
2349 4578 2470 4632 οὐδὲ
2499 4576 2729 4650 ὲκτρίψῃ
2758 4576 2867 4648 (15)
2912 4575 2979 4629 τὰ
3022 4573 3165 4647 μῆλα
3186 4573 3284 4644 τῆς
3315 4570 3487 4642 (apati);
3522 4587 3640 4635 σου,
3666 4570 3809 4625 οὐδὲ

556 4673 631 4745 μὴ
660 4672 827 4746 βάλῃς
856 4673 1011 4740 πόαν,
1043 4672 1163 4727 οὐδὲ
1200 4671 1400 4745 νίτρον,
1442 4670 1561 4725 οὐδὲ
1600 4670 1668 4725 τὰ
1700 4670 1860 4742 ὃμοια
1898 4668 2104 4735 τούτοις
2126 4688 2140 4702 ·
2192 4674 2250 4726 αἱ
2285 4675 2546 4744 κοσμικαὶ
2574 4673 2682 4745 γὰρ
2714 4673 2884 4728 ταῦτα
2923 4672 3162 4726 ποιοῦσιν
3185 4687 3200 4702 ·
3228 4669 3343 4725 ἀλλ’
3381 4671 3440 4723 ἐν
3477 4667 3636 4722 ὕδατι
3692 4684 3812 4723 κα.-

554 4763 706 4836 θαρῷ
727 4764 873 4838 νίψῃ.

625 4877 715 4932 12.
752 4876 831 4933 Ne
857 4878 1095 4948 pretioso
1124 4885 1402 4961 unguento
1439 4889 1639 4946 corpus
1670 4880 1823 4928 tuum
1854 4871 2076 4929 umeris
2101 4911 2116 4937 ,

554 4986 691 5027 neve
726 4972 1060 5027 aromatibus
1092 4970 1274 5041 magni
1298 4968 1455 5039 pretii
1477 4974 1657 5022 vestes
1680 4980 1939 5037 aspergas
1971 4972 2115 5020 tuas.

555 5061 710 5129 Quod
739 5062 785 5117 si
808 5077 1012 5131 corpus
1041 5070 1196 5116 tuum
1223 5058 1548 5115 imbecillius
1574 5057 1831 5121 evaserit,
1848 5057 1976 5110 vino
1998 5072 2118 5112 mo-

556 5154 678 5207 dico
710 5156 859 5208 utere
885 5151 960 5206 ob
989 5150 1331 5205 stomachum
1359 5147 1426 5202 ⁵⁸.
1457 5144 1546 5215 {Si
1587 5160 1738 5207 vero,
1775 5143 1920 5213 quod
1942 5143 2114 5198 absit!

555 5245 610 5299 in
640 5243 837 5297 malum
864 5243 1112 5310 incidas;
1139 5241 1367 5312 teipsam
1396 5253 1528 5292 cura
1560 5276 1576 5302 ,
1624 5251 1725 5291 nec
1756 5236 1853 5291 des
1884 5235 2120 5289 homini-

655 5398 703 5433 ⁸⁷
742 5399 763 5453 l
797 5397 936 5454 Tim.
972 5415 1027 5462 v,
1060 5395 1175 5452 5-8.
1251 5395 1298 5427 ⁸⁸
1334 5393 1357 5447 1
1387 5392 1531 5447 Tim.
1566 5406 1619 5456 v,
1655 5390 1749 5448 25.

626 5553 736 5634 (12)
767 5553 912 5634 Haec,
957 5553 1118 5634 lli-{et
1146 5550 1254 5623 γὰρ
1281 5552 1399 5605 6....
1448 5547 1547 5610 τὰς
1574 5545 1738 5610 ὅντως
1785 5544 1978 5615 χήρας,
2009 5541 2108 5596 de-

554 5622 681 5681 sunt
718 5622 771 5677 in
797 5622 938 5678 Felc.
971 5623 1026 5677 2.

625 5694 733 5765 (15)
767 5694 929 5765 Basil.
954 5702 1014 5765 et
1047 5692 1226 5765 Angl.,
1267 5690 1541 5765 ίδιόχροος.
1583 5682 1952 5765 Editinetalii,
1990 5680 2112 5765 ίξιό·

556 5751 749 5838 χρὼοέ.
785 5763 927 5829 nox,
983 5751 1231 5819 Basilici
1284 5751 1466 5829 Αιιξίη
1501 5751 1684 5829 χρόας.
1726 5754 1867 5809 Editi
1900 5759 1955 5807 et
1992 5751 2109 5816 alii,

2282 4872 2372 4927 12.
2407 4870 2523 4928 Οὐκ
2555 4871 2810 4943 ὲπιχρίσῃ
2839 4870 2902 4925 τὸ
2944 4868 3105 4940 σῶμά
3138 4884 3233 4922 σου
3272 4865 3428 4939 μύρῳ
3472 4867 3806 4936 πολυτελεῖ,

2213 4965 2333 5018 οὐδὲ
2367 4963 2646 5027 ἐπιϐαλεῖς
2678 4963 2774 5017 ἐπὶ
2813 4962 2880 5016 τὰ
2930 4959 3123 5032 ἱμάτιά
3167 4977 3261 5013 σου
3290 4957 3563 5030 ἀρώματα
3614 4959 3810 5015 πολύ-

2211 5070 2363 5124 τιμα.
2411 5053 2536 5106 Ἐὰν
2560 5052 2617 5105 δὲ
2660 5051 2720 5105 τὸ
2753 5050 2913 5121 σῶμά
2965 5066 3058 5103 σου
3101 5048 3484 5121 ἀσθενέστερον
3530 5047 3806 5120 γένηται,

2213 5144 2413 5215 χρῆσαι
2445 5143 2572 5213 οἴνῳ
2600 5142 2765 5214 ὀλίγῳ
2786 5141 2874 5195 διὰ
2906 5141 2999 5196 τὸν
3025 5140 3312 5212 στόμαχον.
3357 5138 3485 5193 Ἐὰν
3519 5140 3600 5204 δὲ,
3639 5139 3671 5194 ὃ
3716 5142 3811 5216 μὴ

2213 5234 2446 5303 γένοιτοί
2472 5235 2552 5297 είς
2578 5234 2818 5289 κάκωσιν
2842 5234 3115 5308 ὲμπέσῃς,
3135 5232 3365 5299 σεαυτῆς
3390 5231 3685 5303 ἐπιμέλου,
3717 5232 3812 5308 μὴ

2215 5554 2417 5610 χρωας.

2285 5610 2396 5679 (14)
2422 5608 2755 5677 Basiliensis,
2789 5608 2882 5663 καὶ
2910 5608 3035 5672 ναὸς
3058 5608 3153 5661 τοῦ
3180 5606 3338 5679 Θεοῦ.

2314 5613 2396 5679 14)
2422 5613 2755 5677 Basiliensis,
2789 5613 2882 5663 καὶ
2910 5613 3035 5672 ναὸς
3058 5613 3153 5661 τοῦ
3180 5613 3338 5662 Θεοῦ.

2284 5613 2394 5757 ἑίό)
2421 5679 2498 5736 Ita
2527 5682 2737 5752 Anglic.
2774 5679 2914 5735 Editi
2937 5694 3081 5744 vero,
3110 5679 3227 5733 οὐδὲ
3261 5676 3338 5752 μὴ
3360 5679 3518 5751 ὲκτρ.
