4008 6404
607 368 714 431 5:67

1782 364 1837 419 S.
1881 357 2343 421 ATHANASIUS.
2387 398 2457 407 —-
2494 365 2723 421 DUBIA.

3748 370 3849 425 9ιιςι

609 493 789 553 Deus,
849 508 873 541 τ
926 502 1107 558 pransu
1161 500 1223 538 ac
1286 490 1567 553 surgentes
1610 496 1640 534 a
1679 496 1865 538 mensa
1919 481 2175 539 dicimus.

2284 486 2342 537 ὲν
2368 484 2424 537 δὲ
2458 485 2535 555 τῷ
2573 485 2746 539 θεῖναι
2782 486 2965 539 τοῦτον
3004 489 3059 539 ἐν
3087 490 3151 559 τῇ
3174 484 3438 559 τραπέζῃ,
3475 489 3567 541 καὶ
3597 488 3851 562 καθεσθῆ-

604 585 760 649 Quod
804 583 850 638 si
892 582 1069 637 adsint
1103 589 1280 633 tecum
1330 577 1451 630 dua:
1485 576 1566 632 vel
1593 574 1704 645 90
1742 582 1857 630 tres
1888 575 2130 647 virgines
2160 617 2176 642 ,

603 675 810 744 gratias
862 680 1023 742 agant
1062 686 1225 739 super
1259 684 1482 740 panem,
1521 676 1576 723 et
1605 683 1713 721 una
1768 677 1947 723 tecum
1997 679 2173 725 orent.

604 768 759 835 Quod
792 768 838 822 si
881 766 1022 820 adsit
1048 764 1438 818 catechumena
1468 761 1522 815 iu
1561 775 1770 823 mensa,
1804 777 1873 816 ne
1904 770 2021 817 oret
2051 777 2176 816 cum

604 856 876 920 fidelibus,
913 868 1088 923 neque
1119 867 1241 906 cum
1277 852 1366 906 illa
1415 852 1608 907 sedeas
1640 865 1699 906 ut
1745 866 1938 921 panem
1994 867 2179 907 come-

603 948 722 1004 das.
754 946 939 1015 Neque
981 943 1194 1000 sedebis
1227 944 1445 1005 itemut
1497 944 1751 999 comedas
1784 944 1967 999 cibum
2022 954 2175 997 tuum

602 1056 725 1095 cum
756 1036 1076 1093 mulieribus
1106 1035 1593 1106 negligentioribus
1619 1044 1672 1089 et
1709 1035 1934 1101 facetis,
1968 1036 2177 1106 absque

601 1131 948 1187 necessitate.
980 1122 1062 1182 Tu
1092 1129 1236 1182 enim
1268 1135 1458 1181 sancta
1497 1143 1558 1182 es
1590 1127 1818 1183 Domino
1848 1127 1957 1183 Deo
1983 1138 2099 1192 tuo,
2124 1137 2177 1182 et

600 1224 755 1279 cibus
781 1229 910 1277 tuus
940 1228 1101 1291 atque
1130 1229 1292 1289 potus
1326 1216 1703 1274 sanctificatus
1743 1228 1865 1285 est;
1896 1234 2021 1272 nam
2048 1233 2175 1272 ora-

600 1313 844 1369 tionibus
885 1312 1200 1381 sanctisque
1247 1310 1427 1365 verbis
1477 1309 1871 1365 sanctificatur.
1926 1308 2177 1379 Virgines

599 1405 703 1475 pia:
732 1410 787 1459 et
821 1402 1091 1472 religiosa:
1139 1411 1317 1455 tecum
1381 1400 1689 1456 comedant.
1752 1399 1867 1453 Non
1929 1400 2176 1455 cantabis

600 1509 723 1546 cum
752 1491 966 1547 feminis
990 1490 1275 1561 superbis,
1321 1506 1495 1561 neque
1528 1491 1751 1546 habebis
1782 1490 2060 1545 mulierem
2088 1505 2176 1544 ar-

600 1588 883 1651 rogantem
938 1581 1033 1635 tibi
1090 1579 1435 1637 familiarem.
1492 1580 1583 1634 Ait
1613 1582 1757 1635 enim
1789 1579 1970 1635 divina
2027 1579 2179 1635 Serio

602 1680 760 1743 ptura
788 1691 801 1727 :
838 1691 856 1723 ι
889 1672 992 1738 Qui
1022 1672 1191 1743 tangit
1218 1672 1391 1741 picem
1419 1671 1815 1741 inquinabitur,
1829 1678 1883 1725 et
1907 1671 2001 1741 qui
2024 1686 2176 1725 com-

600 1764 845 1818 municat
874 1779 997 1819 cum
1032 1765 1290 1834 superbo,
1337 1763 1535 1819 similis
1568 1763 1673 1817 erit
1702 1763 1752 1817 ei
1783 1757 1850 1817 ⁸⁸.
1883 1782 1902 1814 ι
1941 1759 2176 1818 Sedente

599 1863 782 1910 tecum
812 1853 867 1909 in
897 1869 1085 1910 mensa
1121 1854 1320 1909 femina
1351 1853 1539 1920 divite,
1570 1852 1616 1909 si
1648 1853 1850 1909 videris
1877 1868 2171 1924 pauperem

2282 1853 2456 1917 σεϐεῖς
2495 1852 2889 1925 συμφάγωνταί
2942 1871 3023 1907 σοι
3059 1870 3075 1886 ⁸

2281 595 2368 630 ναι
2401 576 2601 647 βούλει.
2654 577 2735 639 τὸ,
2788 596 2806 628 ι
2841 578 3021 648 Ηάτερ
3064 578 3241 648 ἡμῶν,
3272 597 3289 628 ι
3353 577 3475 648 λέγε
3525 578 3847 651 ὁλόκληρον·

2278 668 2378 738 τὴν
2425 667 2481 720 δὲ
2525 669 3019 739 προγεγραμμένην
3064 669 3252 739 εὐχὴν,
3296 669 3378 733 τὸ,
3438 688 3455 720 ι
3497 669 3852 741 Εὐλογητὸςο

2279 758 2431 821 Θεὸς,
2461 750 2499 809 ἰ
2530 758 2922 830 ἀριστήσαντες
2958 758 3049 810 καὶ
3087 759 3427 830 ἐγειρόμενοι
3461 759 3526 813 ὲκ
3573 762 3673 831 τῆς
3721 779 3852 834 τρα-

2280 848 2451 920 πέζης
2494 848 2743 920 λέγομεν.
2805 850 2929 903 Ἐὰν
2963 848 3021 902 δὲ
3065 848 3397 921 συμπαρῶσι
3438 852 3578 922 μετά
3625 852 3719 905 σοῦ
3761 853 3853 907 δύο

2280 941 2539 1011 παρθένοι
2582 942 2615 1013 ἢ
2648 944 2817 1012 τρεῖς,
2861 942 3352 1013 εὐχαριστείτωσαν
3385 942 3478 995 ἐπὶ
3509 942 3602 996 τὸν
3633 945 3853 1015 προκεί-

2282 1047 2441 1102 μενον
2476 1031 2658 1102 ἄρτον,
2706 1031 2800 1084 καὶ
2845 1029 3311 1101 συνευχέσθωσαν.
3380 1029 3505 1083 Ἐὰν
3553 1030 3611 1084 δὲ
3653 1031 3849 1103 εὑρεθῇ

2278 1122 2658 1194 κατηχουμένη
2701 1122 2759 1175 ὲν
2799 1124 2865 1193 τῇ
2910 1120 3176 1194 τραπέζῃ,
3224 1120 3297 1191 μὴ
3330 1117 3670 1191 συνευχέσθω
3717 1122 3853 1193 μετά

2276 1215 2383 1270 τῶν
2416 1214 2643 1280 πιστῶν,
2670 1214 2788 1267 οὐδὲ
2820 1214 2894 1285 μὴ
2935 1213 3163 1283 καθίσῃς
3216 1212 3326 1282 (9.5)
3373 1213 3566 1282 φαγεῖν
3608 1211 3703 1265 τὸν
3741 1213 3854 1283 ψω-

2280 1307 2381 1378 μόν
2415 1323 2509 1359 σου
2542 1304 2659 1377 μετ’
2692 1304 2881 1374 αὐτῆς,
2906 1303 3025 1357 οὐδὲ
3056 1303 3216 1357 πάλιν
3252 1300 3499 1365 καθίσεις
3531 1305 3726 1372 φαγεῖν
3763 1303 3849 1357 τὸν

2276 1398 2465 1470 ψωμόν
2515 1415 2609 1451 σου
2664 1397 2799 1469 μετά
2843 1397 3122 1467 γυναικῶν
3176 1396 3558 1468 ἀμελεστέρων
3614 1397 3711 1450 καὶ
3759 1413 3849 1465 γε·

2275 1486 2596 1560 λοιαστριῶν
2621 1486 2747 1542 ἄνευ
2778 1488 3023 1557 ἀνάγκης
3045 1504 3059 1517 ·
3100 1488 3165 1541 σὺ
3191 1487 3300 1558 γὰρ
3327 1486 3455 1555 ἁγία
3479 1482 3531 1539 εἶ
3556 1486 3748 1560 Κυρίῳ
3777 1482 3849 1557 τῷ

2277 1579 2395 1651 Θεῷ
2420 1597 2533 1644 σου,
2566 1581 2662 1634 καὶ
2691 1579 2754 1633 τὸ
2785 1577 2981 1651 βρῶμά
3008 1596 3102 1632 σου
3143 1580 3238 1633 καὶ
3267 1578 3327 1631 τὸ
3357 1578 3505 1649 πόμα
3555 1595 3649 1631 σου
3694 1581 3847 1649 ἡγια-

2280 1670 2473 1742 σμένον
2501 1671 2648 1725 ἐστί’
2698 1670 2789 1725 διὰ
2814 1670 2923 1742 γὰρ
2951 1687 3059 1723 των
3092 1669 3406 1741 προσευχῶν
3426 1670 3520 1722 καὶ
3548 1669 3659 1723 τῶν
3683 1670 3848 1739 ἁγίων

2279 1763 2539 1833 ῥημάτων
2572 1760 2856 1831 ἁγιάζεται
2889 1761 3021 1832 (26).
3051 1760 3319 1834 Παρθένοι
3339 1760 3586 1825 εὐλαϐεῖς
3613 1762 3712 1815 καὶ
3734 1761 3846 1815 θεο-

3148 1855 3209 1907 ob
3264 1854 3550 1925 συνδειπνή
3558 1871 3634 1906 σεε
3645 1872 3674 1918 ς
3716 1854 3850 1925 μετά

601 1946 917 2012 mulierem,
957 1961 1091 2001 voca
1124 1961 1241 2001 eam
1291 1945 1355 1999 ad
1383 1943 1565 2000 cibum
1586 1986 1601 2009 ,
1654 1960 1830 2014 neque
1867 1944 2074 2015 pudore
2103 1943 2174 1998 ob

2282 1945 2555 2014 γυναικῶν
2596 1946 2984 2018 ὑπερηφάνων,
3020 1944 3128 2000 οὐδ’
3159 1945 3219 1998 οὐ
3254 1945 3329 2017 μὴ
3361 1948 3537 2018 κτήσῃ
3568 1945 3732 2016 φίλην
3758 1963 3850 2016 γυ-

603 2046 923 2110 praesentem
960 2037 1179 2093 divitem
1223 2038 1531 2093 retinearis.
1576 2036 1654 2093 Ne
1690 2052 1839 2092 ames
1889 2037 2173 2092 hominum

2282 2038 2436 2089 ναῖκα
2466 2036 2719 2102 ἀλαζόνα.
2744 2036 3032 2110 Λέγειγάρ
3059 2039 3092 2109 ἡ
3121 2036 3241 2092 θεία
3269 2038 3458 2109 Γραφή
3488 2056 3500 2068 ο
3537 2056 3556 2089 ι
3598 2038 3659 2092 '0
3690 2038 3850 2092 ἁπτό-

602 2130 851 2200 gloriam,
880 2129 1001 2198 plus
1032 2142 1194 2197 quam
1232 2126 1459 2197 gloriam
1487 2124 1602 2185 Dei.
1633 2126 1776 2183 Deus
1802 2126 1947 2183 enim
1972 2141 2172 2198 egeno-

2282 2144 2438 2198 μενος
2486 2127 2689 2199 πίσσης
2728 2128 3144 2199 μολυνθήσεται,
3178 2127 3272 2181 καὶ
3315 2129 3343 2180 ὁ
3389 2126 3667 2180 κοινωνῶν
3694 2128 3851 2198 ὑπερ-

536 2240 537 2243 ‘
601 2236 722 2276 rum
752 2227 804 2275 et
834 2218 1216 2289 despectorum
1250 2216 1390 2273 Deus
1410 2226 1514 2273 est.

2282 2218 2466 2291 ηφάνῳ
2496 2219 2892 2290 ὁμοιωθήσεται
2926 2217 3095 2290 αὐτῷ.
3125 2238 3144 2270 ι
3173 2216 3560 2288 Καθεζομένης
3593 2215 3851 2279 πλουσίας

604 2311 743 2385 μετὰ
778 2310 871 2365 σοῦ
916 2311 1009 2364 ἐπὶ
1054 2312 1153 2381 τῆς
1182 2308 1481 2381 τραπέζης,
1533 2309 1624 2362 ἐὰν
1696 2308 1809 2383 ίδῃς
1873 2307 2104 2378 γυναῖκα
2147 2310 2429 2383 πενιχρὰν,
2495 2312 2748 2376 καλέσεις
2795 2310 2963 2383 αὐτὴν
2996 2312 3075 2375 εἰς
3105 2309 3166 2364 τὸ
3209 2314 3425 2380 φαγεῖν,
3467 2312 3562 2364 καὶ
3598 2309 3701 2364 οὐκ
3771 2308 3853 2365 ai-

606 2397 882 2480 σχυνθήσῃ
910 2409 990 2471 είς
1033 2407 1131 2477 τὴν
1185 2406 1465 2459 πλουσίαν.
1514 2405 1606 2477 Μὴ
1649 2406 1944 2481 ἀγαπὴσῃς
1990 2406 2087 2477 τὴν
2123 2408 2281 2476 δόξαν
2328 2409 2438 2465 τῶν
2484 2409 2785 2481 ἀνθρώπων
2834 2409 2971 2482 ὑπὲρ
3018 2410 3118 2479 τὴν
3150 2408 3305 2475 δόξαν
3363 2407 3475 2480 (27)
3527 2406 3623 2462 τοῦ
3694 2407 3847 2462 Θεοῦ·

601 2504 630 2553 ὁ
680 2498 959 2572 γάρδΘεὸς
1007 2498 1115 2552 τῶν
1173 2498 1405 2568 πτωχῶν
1450 2498 1546 2551 καὶ
1591 2498 1699 2551 τῶν
1746 2498 2183 2569 ὲξουδενωμένων
2221 2502 2355 2557 ἐστί.

674 2617 764 2672 14.
800 2615 963 2671 Beata
1000 2614 1180 2668 anima
1216 2629 1337 2684 quae
1388 2615 1494 2670 ista
1541 2616 1793 2669 servarit.
1825 2613 1944 2671 Non
1972 2626 2055 2673 cst
2082 2617 2180 2672 bo-

604 2722 734 2765 num
763 2707 1110 2779 juvene-uiam
1162 2721 1286 2760 cum
1315 2706 1610 2775 juvencula
1646 2707 1854 2761 versari
1884 2727 1898 2762 :
1933 2708 2179 2779 alioquin

602 2801 738 2858 nihil
768 2799 891 2856 boni
922 2798 1150 2863 faciunt,
1182 2796 1352 2852 altera
1396 2796 1543 2852 enim
1590 2797 1746 2851 alteri
1776 2813 1885 2851 non
1921 2798 2181 2870 obsequi-

590 2902 713 2959 tur,
734 2892 904 2945 altera
934 2890 1163 2944 alteram
1202 2887 1522 2943 contemnit.
1558 2886 1663 2943 Sed
1695 2887 1901 2943 bonum
1957 2898 2041 2945 est
2086 2890 2179 2960 ju-

603 2984 890 3041 venculam
914 2983 1142 3036 subesse
1171 2980 1323 3035 anui.
1382 2977 1663 3050 Siquidem
1697 2994 1836 3036 anus
1885 2997 1991 3036 non
2040 2997 2173 3037 con-

2352 2619 2438 2674 N.
2479 2619 2740 2691 Μακαρία
2763 2618 2911 2690 ψυχὴ
2937 2620 2971 2690 ἡ
2995 2618 3341 2688 φυλάσσουσα
3359 2616 3553 2671 ταῦτα.
3582 2617 3699 2671 Οὐκ
3716 2618 3852 2686 ἀγα-

2280 2710 2373 2765 θὸν
2414 2710 2689 2782 νεωτέραν
2741 2709 3278 2782 συναναστρέφεσθαι
3333 2708 3473 2781 μετὰ
3509 2709 3625 2781 (28)
3665 2710 3854 2764 νεωτέ-

2281 2812 2382 2868 ρας
2406 2813 2420 2827 ·
2457 2799 2507 2850 εί
2539 2797 2596 2851 δὲ
2628 2798 2703 2868 μή
2736 2815 2819 2867 γε,
2848 2798 3001 2852 οὐδὲν
3038 2797 3203 2851 καλὸν
3234 2798 3537 2870 πράττουσι
3559 2814 3575 2829 ·
3620 2798 3720 2870 μία
3744 2799 3850 2869 γὰρ

2277 2888 2377 2958 τῆς
2403 2889 2532 2959 μιᾶς
2564 2888 2902 2961 παρακούει,
2940 2890 3035 2943 καὶ
3073 2888 3173 2960 μία
3197 2889 3297 2960 τῆς
3330 2890 3461 2960 μιᾶς
3491 2892 3848 2964 καταφρονεῖ.

2290 2979 2452 3033 ’Δλλὰ
2489 2981 2757 3055 νεωτέραν
2793 2981 2897 3035 ὑπὸ
2927 2980 3261 3053 πρεσῦὐτιδα
3307 2976 3450 3035 εἶναι
3505 2981 3732 3047 ἀγαθόν.
3785 2981 3851 3034 Ἦ

604 3076 771 3133 sentit
819 3072 1081 3129 voluntati
1120 3069 1446 3141 juvenculaa.
1483 3069 1576 3126 Va:
1620 3070 1847 3140 virgini,
1896 3087 2019 3141 quae
2064 3088 2174 3129 non

2282 3072 2388 3145 γὰρ
2416 3072 2713 3145 πρεσϐύτις
2737 3072 2799 3125 οὐ
2830 3071 3252 3141 συγκαταϐαίνει
3300 3074 3413 3135 τοῖς
3449 3070 3721 3144 θελημασι
3753 3072 3853 3142 τῆς

603 3168 793 3223 subest
818 3166 1050 3235 regulae:
1084 3139 1168 3220 est
1193 3164 1337 3219 enim
1362 3163 1520 3234 quasi
1552 3139 1800 3218 navicula
1840 3139 1957 3220 sine
1977 3165 2175 3235 guber-

2282 3139 2567 3237 νεωτέρας.
2617 3164 2754 3218 Οὐαὶ
2806 3139 3059 3237 παρθένῳ
3087 3166 3153 3236 τῇ
3185 3163 3260 3236 μὴ
3298 3162 3434 3237 οὔσῃ
3476 3139 3597 3217 bth
3613 3139 3849 3218 κανόνα·

605 3267 815 3314 natore.
844 3254 1152 3311 (lotifract's
1184 3256 1385 3325 quippe
1407 3255 1816 3335 gubernaculis,
1848 3271 1950 3311 nec
1982 3256 2174 3312 ducem

607 3350 835 3410 habens,
870 3349 1014 3403 ultro
1046 3349 1293 3417 citroque
1315 3347 1555 3417 jactatur
1579 3362 1610 3401 a
1652 3346 1944 3413 ﬂuctibus,
2001 3348 2177 3405 donec

606 3442 662 3494 in
713 3453 921 3510 petram
977 3438 1298 3503 offendens,
1349 3439 1642 3508 derepente
1696 3446 1903 3510 pereat.
1958 3438 2035 3494 Ita
2094 3448 2179 3497 est

603 3533 785 3588 omnis
813 3532 964 3602 virgo
1002 3545 1122 3601 qua!
1152 3544 1261 3584 non
1309 3528 1470 3584 habet
1509 3545 1668 3600 quem
1715 3539 1984 3586 vereatur.
2012 3529 2176 3586 Beata

598 3623 758 3694 virgo
783 3638 902 3693 qua:
933 3633 1016 3677 est
1048 3622 1149 3676 sub
1191 3621 1376 3691 regula
1406 3639 1419 3674 :
1452 3620 1555 3675 erit
1585 3635 1820 3692 namque
1848 3622 2004 3692 quasi
2050 3622 2176 3678 vitis

595 3718 659 3770 in
690 3715 947 3786 paradiso
986 3713 1300 3779 fructifera,
1354 3711 1421 3765 ad
1450 3728 1613 3783 quant
1664 3714 1888 3770 veniens
1935 3714 2176 3784 agricola

594 3817 758 3879 putat
808 3808 1057 3878 palmites
1089 3806 1228 3875 ejus,
1260 3820 1379 3858 eam
1418 3805 1624 3876 irrigat,
1659 3806 1939 3876 malasque
1966 3806 2174 3860 circum

603 3899 801 3955 herbas
828 3899 1030 3954 evellit.
1057 3898 1152 3951 llla
1176 3911 1304 3952 vero
1338 3895 1467 3950 dum
1504 3898 1667 3951 habet
1694 3897 1785 3966 qui
1814 3912 1874 3952 se
1918 3897 2172 3966 excolat,

605 3990 844 4044 fructum
862 3987 1338 4057 suumvpretiosum
1370 3987 1546 4042 reddit
1572 3988 1626 4041 in
1643 3996 1888 4057 tempore
1911 3995 2174 4059 opportu-

606 4095 697 4134 no.
717 4078 840 4133 llaec
856 4078 1734 4149 custodi,et,g|orilicationesillas
1753 4079 1806 4132 in
1838 4093 2022 4133 mensa
2061 4094 2177 4134 ser-

604 4178 752 4236 vato,
769 4170 980 4240 eritque
994 4169 1150 4224 cibus
1161 4180 1433 4239 potusque
1461 4179 1587 4225 tuus
1613 4168 2003 4248 sanctificatus.
2036 4169 2174 4226 Cum

606 4262 789 4332 itaque
822 4277 852 4315 a
883 4276 1067 4317 mensa
1102 4262 1428 4325 surrexeris,
1461 4278 1676 4317 rursum
1706 4263 1911 4334 gratias
1938 4263 2172 4333 agendo,

604 4361 690 4409 ter
704 4352 901 4408 dicito:
930 4371 948 4404 ι
973 4352 1282 4409 Misericors
1305 4361 1359 4409 et
1378 4354 1667 4410 miserator
1686 4354 1965 4421 Dominus,
1990 4369 2171 4411 escam

2277 3256 2392 3311 ἔστι
2441 3257 2553 3330 γὰρ
2584 3256 2659 3322 ὡς
2688 3258 2868 3311 πλοῖον
2898 3257 2990 3313 τὸν
3027 3256 3380 3328 κυϐερνῶντα
3437 3255 3513 3328 μὴ
3562 3256 3713 3327 ἔχον.
3744 3258 3855 3310 Κε-

2277 3349 2595 3421 κλασμένων
2641 3349 2750 3422 γὰρ
2792 3350 2901 3404 τῶν
2928 3348 3193 3421 αὐχένων,
3228 3348 3303 3421 μὴ
3342 3348 3465 3419 ἔχον
3503 3347 3597 3403 τὸν
3634 3348 3851 3419 ὁδηγὸν,

2279 3438 2529 3511 ῥίπτεται
2559 3437 2664 3492 ὑπὸ
2694 3438 2803 3492 τῶν
2841 3440 3106 3511 κυμάτων
3154 3439 3280 3511 τῇδε
3312 3440 3535 3492 κάκεῖσε
3569 3437 3706 3510 (29),
3747 3438 3855 3502 ἕως

2276 3531 2639 3605 προσκρούσει
2674 3532 2809 3604 πρὸς
2834 3533 3062 3605 πέτραν,
3091 3532 3184 3586 καὶ
3213 3532 3374 3595 εὐθὺς
3407 3531 3727 3585 ἀπόλλυται.
3754 3531 3860 3585 Οἵ)⁹

2276 3642 2386 3689 τως
2415 3625 2531 3677 ἐστὶ
2563 3627 2711 3677 πᾶσα
2734 3622 2999 3695 παρθένος
3033 3623 3109 3695 μὴ
3133 3622 3331 3694 ἔχουσα
3350 3622 3409 3678 ὃν
3439 3623 3709 3692 φοϐεῖται.
3733 3623 3862 3677 Μα-

2276 3714 2442 3787 καρία
2471 3713 2740 3787 παρθένος
2766 3716 2800 3785 ἡ
2832 3709 2968 3767 οὖσα
3008 3714 3113 3767 ὐπὸ
3152 3716 3385 3768 κανόνα·
3434 3714 3589 3768 ἔσται
3636 3714 3747 3785 γὰρ
3774 3714 3861 3778 ὡς

2279 3801 2523 3874 ἄμπελος
2574 3804 2629 3857 ὲν
2673 3801 2984 3879 παραδείσῳ
3033 3804 3380 3876 καρποφόρος
3406 3819 3421 3834 '
3470 3804 3567 3858 καὶ
3612 3802 3787 3858 ἐλθὼν
3829 3804 3865 3859 ὁ

2276 3894 2521 3966 γεωργὸς
2552 3894 2741 3966 αὐτῆς,
2777 3893 3119 3967 διακαθαίρει
3143 3896 3211 3949 τὰ
3237 3896 3492 3967 κλήματα
3538 3896 3711 3966 αὐτῆς
3756 3896 3865 3949 καὶ

2277 3986 2507 4053 ποτίζει,
2543 3989 2638 4041 καὶ
2668 3988 2840 4052 κνίζει
2878 3986 2975 4050 τὰς
3020 3988 3235 4059 σαπράς
3269 3987 3500 4058 βοτάνας
3527 3988 3629 4052 τὰς
3666 3987 3867 4058 κύκλῳ

2277 4078 2471 4149 αὐτῆς.
2526 4078 2737 4152 Ἐκείνη
2772 4079 2849 4144 δὲ,
2886 4078 3081 4151 ἔχουσα
3108 4079 3199 4133 τὸν
3238 4077 3525 4143 πονοῦντα,
3558 4077 3868 4133 ἀποδίδωσι

2275 4171 2455 4243 τίμιον
2486 4172 2578 4226 τὸν
2605 4172 2817 4245 καρπὸν
2849 4174 3019 4245 αὐτῆς
3050 4174 3107 4226 ὲν
3137 4170 3315 4242 καιρῷ
3346 4168 3574 4242 εὐθέτῳ.
3605 4170 3869 4224 Φύλασσε

2276 4262 2355 4327 δὲ,
2384 4263 2475 4317 καὶ
2498 4263 2639 4317 ποίει
2674 4264 2767 4318 καὶ
2796 4263 2895 4328 τὰς
2916 4263 3220 4333 δοξολογίας
3256 4262 3355 4327 τὰς
3385 4264 3478 4316 ἐπὶ
3512 4263 3613 4334 τῆς
3638 4262 3867 4334 τραπέ-

2278 4353 2399 4426 ζης,
2445 4356 2538 4409 καὶ
2587 4356 2740 4410 ἔσται
2803 4355 2973 4409 σοιτδ
3013 4354 3206 4426 βρῶμα
3255 4355 3350 4409 καὶ
3397 4354 3464 4408 τὸ
3497 4355 3651 4425 πόμα
3693 4356 3872 4425 ἡγια-

603 4440 751 4496 dedit
782 4441 1093 4497 timentibus
1119 4456 1179 4497 se
1212 4443 1276 4494 ⁶².
1311 4441 1495 4498 Gloria
1525 4442 1671 4499 Patri
1711 4452 1763 4498 et
1802 4442 1939 4498 Filio
1969 4452 2022 4499 et
2045 4444 2170 4515 Spi-

2282 4446 2494 4516 σμένον.
2529 4447 2697 4500 Ὅταν
2721 4441 2812 4499 οὖν
2852 4447 3089 4517 ἀναστῇς
3129 4445 3237 4499 ἀπὸ
3268 4446 3366 4516 τῆς
3391 4445 3674 4517 τραπέζης
3713 4445 3872 4517 (50),

601 4532 735 4587 ritui
770 4540 984 4587 sancto.
1023 4531 1088 4586 Et
1119 4548 1265 4588 nunc
1297 4542 1352 4589 et
1378 4542 1676 4605 semperet
1700 4535 1759 4589 in
1799 4535 2019 4590 saecula.
2052 4554 2071 4586 ι
2106 4533 2172 4588 Ει

2282 4536 2438 4609 πάλιν
2467 4536 2863 4608 εὐχαριστοῦσα
2895 4537 3018 4606 λέγε
3053 4537 3146 4590 ἐπὶ
3172 4535 3326 4606 τρίς’
3372 4555 3391 4587 ι
3443 4536 3722 4607 Ἐλεήμων
3757 4538 3877 4589 καὶ

590 4631 728 4694 post
758 4624 983 4695 gloriam
1005 4624 1118 4680 Deo
1147 4625 1350 4694 datam,
1374 4626 1676 4682 orationem
1713 4626 1797 4681 his
1821 4627 2033 4697 eomple
2055 4642 2175 4682 ver-

2282 4628 2571 4699 σίκτίρμων
2595 4632 2624 4682 ὁ
2647 4628 2871 4701 Κύριος,
2903 4628 3108 4700 τροφὴν
3136 4628 3306 4682 ἔδωκε
3342 4628 3457 4689 τοῖς
3487 4625 3881 4697 φοϐουμένοις

602 4717 725 4773 bis:
760 4717 901 4773 Deus
947 4718 1325 4787 omnipotens,
1366 4729 1419 4774 et
1462 4719 1727 4774 Dominus
1774 4727 1969 4774 noster
2012 4719 2172 4775 Jesus

2282 4718 2453 4771 αὐτόν.
2481 4718 2619 4783 Δόξα
2644 4719 2841 4790 Πατρὶ,
2864 4719 2957 4771 καὶ
2981 4718 3116 4788 Υἱῷ,
3136 4719 3231 4771 καὶ
3252 4716 3391 4787 ἁγίῳ
3406 4715 3687 4786 Πνεύματι
3705 4730 3719 4743 ·
3760 4718 3881 4770 καὶ

592 4805 872 4868 Christus,
903 4807 1046 4876 quod
1075 4814 1159 4861 est
1187 4822 1386 4863 nomen
1415 4822 1582 4878 super
1602 4823 1766 4862 omne
1793 4823 2014 4873 nomen,
2048 4822 2175 4877 gra-

2282 4809 2363 4863 νῦν
2393 4808 2487 4862 καὶ
2513 4810 2599 4863 ἀεὶ
2625 4810 2717 4862 καὶ
2741 4811 2820 4873 εἰς
2846 4809 2972 4873 τούς
3002 4808 3201 4871 αἰῶνας
3230 4808 3365 4877 (51).
3394 4825 3413 4858 ι
3448 4804 3560 4859 Καὶ
3585 4804 3721 4877 μετὰ
3757 4807 3884 4877 τὴν
3960 4804 3961 4807 “

585 4900 702 4955 tias
732 4899 943 4969 agimus
972 4900 1067 4954 tibi
1091 4909 1145 4955 et
1185 4900 1470 4955 laudamus
1495 4909 1582 4962 te,
1630 4902 1757 4970 quia
1804 4901 2060 4970 dignatus
2106 4916 2167 4955 es

2282 4900 2576 4970 δοξολογίαν
2624 4903 2786 4956 πάλιν
2844 4901 2944 4973 τὴν
3004 4901 3169 4971 εὐχὴν
3217 4900 3506 4973 πλήρωσον
3529 4941 3545 4965 ,
3613 4900 3889 4969 λέγουσα
3958 4908 3959 4923 ‘

597 5005 697 5045 nos
737 4992 1003 5046 bonorum
1045 4999 1263 5046 tuorum
1293 4991 1585 5064 participes
1614 4992 1765 5054 fieri,
1818 4999 1873 5047 et
1912 5007 2165 5048 escarum

2282 4990 2471 5057 at")th
2519 4993 2578 5048 '0
2614 4993 2745 5057 Θεὸς
2788 4995 2818 5046 ὁ
2847 4995 3260 5066 παντοκράτωρ,
3305 4993 3399 5045 καὶ
3437 4991 3642 5063 Κύριος
3686 4993 3893 5062 ἡμῶν
3956 4980 3957 5025 l

592 5081 915 5137 carnalium.
946 5080 1221 5152 Rogamus
1245 5090 1300 5139 et
1331 5083 1686 5138 obsecramus
1723 5092 1792 5144 te,
1827 5079 2070 5144 Domine,
2104 5092 2163 5137 ut

2284 5083 2488 5154 Ἰησοῦς
2510 5086 2763 5155 Χριστὸς,
2788 5086 2847 5139 τὸ
2875 5087 3046 5157 ὄνομα
3068 5087 3127 5139 τὸ
3159 5085 3299 5157 ὑπὲρ
3326 5085 3435 5138 πᾶν
3469 5083 3661 5155 ὄνομα,
3684 5082 3892 5155 εὖχα-
3954 5068 3955 5127 1

664 5262 707 5293 ⁶¹
750 5264 918 5319 Eccli.
959 5278 1057 5316 xm
1084 5302 1099 5325 ,
1136 5264 1185 5317 l.
1264 5264 1308 5293 “
1336 5261 1480 5314 Psal.
1511 5275 1611 5323 cx,
1651 5262 1705 5315 4.

2334 5409 2445 5481 (28)
2474 5411 2647 5481 Μετὰ,
2669 5410 2823 5481 deest
2851 5411 2905 5464 in
2942 5409 3086 5464 Felc.
3113 5409 3171 5463 2.
3212 5479 3255 5481 __
3388 5480 3391 5481 ν
3422 5480 3431 5481 7
3948 5420 3949 5433 ‘

2482 5477 2626 5535 Felc.
2665 5480 2720 5543 2,
2760 5474 2862 5534 ὧδε
2905 5482 3150 5535 κάκεῖσε.
3210 5479 3330 5534 Mox
3383 5480 3551 5545 idem,
3602 5483 3702 5535 καὶ
3750 5486 3902 5539 ἀπ-
3946 5490 3947 5533 1

2258 5549 2841 5691 ολῗὲἓῗᾏηειίραηυεν
2873 5622 2937 5673 ἐκ
2963 5618 3063 5688 τῆς
3102 5619 3404 5691 τραπέζης’

2328 5683 2440 5760 (51)
2470 5683 2616 5753 Haec,
2657 5692 2754 5745 καὶ
2777 5690 2872 5744 νῦν
2900 5692 2995 5743 καὶ
3020 5683 3104 5753 είς
3132 5683 3256 5753 τοὺς
3289 5683 3514 5757 αἰῶνας,
3554 5690 3782 5748 desum.
3827 5697 3908 5756 in

2258 5758 2543 5818 Basiliensi
2577 5769 2631 5816 et
2670 5760 2989 5832 Anglicano.

663 5420 772 5489 (25)
823 5419 1186 5489 Anglicanus,
1218 5414 1479 5489 καθίσῃς..
1510 5413 1649 5489 Editi
1701 5430 1848 5475 vero,
1889 5410 2156 5489 καθίσεις.

591 5479 814 5547 ibidem.
841 5479 1191 5558 Anglicanus,
1214 5479 1417 5558 φαγεῖν
1434 5482 1524 5537 τὸν
1553 5484 1851 5558 umquam):
1889 5479 2023 5535 Ibid.
2045 5481 2159 5535 haec

590 5562 712 5631 μετ]
730 5552 965 5631 αὐτῆςῷ
993 5555 1184 5631 ψωμόν
1205 5552 1333 5631 σονς
1346 5554 1544 5631 desunt
1572 5552 1626 5631 i_u
1649 5552 1802 5631 _F_elc._
1820 5554 1876 5607 2.

662 5628 781 5750 (26g
795 5619 958 5708 Editi,
984 5619 1243 5706 ῥημάτων
1268 5622 1374 5677 τῶν
1395 5623 1499 5675 ὑπὸ
1516 5623 1610 5676 σοῦ
1640 5623 1912 5695 ᾀδομένων
1936 5638 1949 5686 ;
1975 5619 2159 5690 sequi-

662 5716 715 5750 π
784 5698 905 5750 asrl.
940 5703 994 5750 et
1028 5695 1240 5750 Αηςιιιο.

592 5695 715 5756 mm-
741 5695 905 5751 Basil.
940 5695 994 5750 et
1028 5695 1240 5763 Anglic.

660 5767 771 5839 (‘27)
801 5764 944 5821 Felc.
973 5764 1027 5829 2,
1058 5761 1197 5833 ὑπὲρ
1226 5763 1323 5833 τῆς
1348 5761 1523 5833 δόξης.

3944 5598 3945 5635 l

3938 5680 3943 5737 γ

3936 5778 3941 5863 1

3934 5872 3939 5941 λ

3934 5968 3937 6043 l

3934 6060 3935 6145 ι
