3958 6514
145 398 265 452 ⁸369

1505 386 1592 440 DE
1626 383 2100 442 VIRGiN.TATE.

3311 389 3418 445 9.70

149 512 448 584 ριστοῦμεν
470 509 564 562 καὶ
584 507 840 578 αἱνοῦμέν
871 523 930 559 σε
959 505 1090 576 (52),
1119 505 1201 558 ὅτι
1228 505 1569 575 κατηξίωσας
1601 508 1732 577 ἡμῖν

1850 506 2086 562 :mlestes
2107 505 2258 560 cibos
2283 503 2453 558 dones
2482 503 2661 557 nobis.
2701 501 2765 557 Et
2793 502 2860 557 da
2905 505 3066 560 nobis
3103 514 3338 562 tremere
3365 520 3421 564 et

150 603 482 676 μεταλαϐεῖν
504 601 614 654 τῶν
639 599 860 669 ἀγαθῶν
881 599 988 654 τῶν
1011 598 1118 653 σῶν
1137 637 1150 660 ,
1183 598 1291 651 τῶν
1315 599 1592 669 σαρκικῶν
1617 617 1734 670 τρο-

147 696 295 764 φῶν.
325 691 570 762 Δεόμεθα
597 692 692 745 καὶ
720 689 1146 761 παρακαλοῦμέν
1177 707 1259 752 σε,
1297 690 1491 761 Κύριε,
1532 691 1616 744 ἵνα
1642 693 1734 744 καί

143 789 249 849 τὰς
281 784 640 856 ἐπουρανίους
665 784 875 854 τροφὰς
905 785 1036 854 ἡμῖν
1067 783 1306 856 δωρήσῃ.
1339 785 1447 837 Καὶ
1478 783 1565 847 δὸς
1605 785 1734 855 ἡμῖν

143 882 376 948 τρέμειν
407 877 504 929 καὶ
540 873 821 944 φοὸεῑσθαι
854 875 911 927 τὸ
936 875 1160 944 φρικτὸν
1200 876 1292 928 καὶ
1314 873 1529 946 ἔντιμον
1562 874 1732 945 ὄνομά

146 987 270 1032 σου,
305 967 398 1020 xal.
449 966 525 1037 μὴ
563 965 895 1038 παρακούειν
926 965 1034 1019 τῶν
1077 965 1304 1019 ἐντολῶν
1343 983 1434 1019 σου
1460 982 1472 994 ⁸
1518 965 1606 1019 τὸν
1651 965 1734 1018 νό-

149 1078 254 1131 μον
292 1077 406 1123 σου,
441 1060 540 1111 καὶ
566 1057 636 1110 τὰ
676 1055 1024 1127 δικαιώματά
1069 1075 1162 1111 σου
1195 1057 1496 1128 ἐγκατάθου
1530 1059 1586 1110 ὲν
1615 1059 1733 1119 ταῖς

145 1152 406 1222 καρδίαις
457 1151 643 1222 ἡμῶν·
681 1151 907 1219 ἁγίασον
949 1150 1006 1204 δὲ
1037 1151 1195 1221 ἡμῶν
1236 1149 1297 1202 τὸ
1353 1147 1590 1220 πνεῦμα,
1639 1147 1733 1200 καὶ

1841 597 2031 651 timere
2076 593 2316 649 terribile
2347 599 2402 646 et
2439 592 2758 646 honorabile
2788 608 2984 648 nomen
3019 601 3197 662 tuum,
3230 605 3421 650 etnon

1840 685 2144 758 transgredi
2175 684 2428 739 mandata
2459 692 2548 737 tua
2587 702 2598 736 :
2633 683 2802 754 legem
2848 693 2998 741 tuam
3045 694 3102 740 et
3152 687 3424 756 justifica-

1839 779 2019 833 tiones
2048 787 2167 832 tuas
2199 777 2381 832 insere
2425 775 2684 830 cordibus
2737 777 2964 832 nostris.
3005 776 3296 833 Sanctifica
3326 793 3424 832 au-

1841 878 1947 926 tem
1973 868 2242 938 spiritum,
2269 868 2505 921 animam
2529 873 2582 920 et
2609 880 2807 936 corpus
2850 874 3121 931 nostrum,
3154 884 3250 938 per
3288 869 3425 923 dile-

1839 972 1986 1014 ctum
2019 957 2218 1012 Filium
2265 965 2416 1010 tuum
2443 955 2630 1011 Jesum
2674 956 2955 1011 Christum
3001 957 3290 1013 Dominum
3325 975 3426 1013 no--

1837 1061 2033 1117 strum,
2065 1066 2188 1106 cum
2220 1065 2329 1120 quo
2359 1057 2412 1103 te
2441 1048 2597 1104 decet
2626 1049 2798 1120 gloria
2818 1091 2833 1116 ,
2879 1051 3165 1121 imperium
3186 1091 3202 1118 ,
3250 1051 3427 1107 honor

1835 1154 1893 1199 et
1918 1143 2166 1200 adoratio
2193 1143 2246 1196 in
2279 1142 2475 1198 saecula
2507 1143 2853 1209 szeculorum,
2887 1159 3065 1200 amen.

143 1245 244 1314 τὴν
278 1243 483 1313 ψυχὴν,
523 1244 616 1296 καὶ
647 1244 706 1296 τὸ
738 1243 918 1314 σῶμα,
949 1243 1038 1296 διὰ
1091 1242 1185 1294 τοῦ
1231 1242 1590 1312 ἠγαπημένον
1630 1239 1829 1302 Παιδός
1869 1255 1962 1292 σου
2001 1237 2177 1308 Ἰησοῦ
2218 1235 2456 1308 Χριστοῦ
2504 1235 2598 1288 τοῦ
2634 1236 2839 1308 Κυρίου
2883 1238 3058 1308 ἡμῶν,
3103 1240 3222 1310 μεθ’
3249 1233 3310 1293 οῦ
3339 1257 3426 1294 σοι

145 1340 352 1409 πρέπει
389 1339 506 1408 (35)
535 1338 681 1404 δόξα,
707 1340 926 1408 κράτος,
958 1337 1091 1409 τιμὴ
1120 1339 1213 1391 καὶ
1238 1337 1606 1408 προσκύνησις
1633 1339 1713 1400 εἰς
1737 1337 1862 1398 τοὺς
1886 1335 2089 1396 αἰῶνας
2119 1332 2228 1386 τῶν
2259 1331 2492 1397 αἰώνων,
2529 1332 2695 1404 ἀμήν.

219 1431 309 1484 15.
355 1431 484 1484 Εἰσὶ
513 1431 621 1501 γὰρ
649 1430 892 1494 πλείονες
933 1431 1038 1483 τῶν
1071 1429 1373 1501 κοσμικῶν,
1423 1431 1621 1495 οἵτινές
1663 1433 1738 1484 εἱ-

148 1541 231 1575 σιν
269 1523 517 1593 ἀνόητοι,
545 1522 640 1575 καὶ
671 1522 746 1585 ὡς
771 1521 838 1574 τὰ
876 1522 1046 1591 ἄλογα
1077 1521 1193 1586 ζῶα
1235 1523 1576 1594 τρεφόμενοι.
1626 1524 1741 1575 Ἀν-

151 1612 440 1682 ιστάμενοι
479 1611 622 1682 πρωῒ
657 1613 750 1665 καὶ
789 1612 1078 1682 ζητοῦντες
1101 1611 1222 1664 τίνα
1266 1611 1738 1681 πλεονεκτήσουσι,

146 1705 270 1758 τίνα
287 1704 909 1768 καταδυναστεύσουσιν,
929 1703 1014 1757 ἵνα
1037 1703 1388 1774 ἐμπλήσωσιν
1403 1704 1500 1774 τὴν
1514 1704 1741 1774 αἰσχρὰν

149 1796 334 1848 αὐτῶν
356 1795 623 1866 γαστέρα.
657 1792 814 1849 Οὗτοι
848 1796 948 1847 οὐκ
992 1796 1163 1848 οἴδασι
1208 1796 1298 1849 τὸν
1333 1795 1464 1849 Θεὸν
1497 1795 1739 1861 δοξάζειν

151 1886 242 1937 ἐπὶ
290 1887 394 1957 τῆς
432 1886 733 1958 τραπέζης.
788 1888 910 1940 Ἐπὶ
951 1887 1156 1942 τούτων
1189 1883 1341 1941 εἶπεν
1386 1889 1414 1940 6
1455 1886 1738 1952 Θεσπέσιος

149 1976 400 2039 Παῦλοςο
447 1996 465 2027 ι
508 1970 666 2030 Οὗτοί
709 1979 846 2030 είσιν
895 1980 945 2030 οί
991 1979 1177 2051 ἐχθροὶ
1225 1979 1319 2032 τοῦ
1375 1978 1608 2049 σταυροῦ
1642 1978 1738 2031 τοῦ

151 2068 397 2138 Χριστοῦ
417 2086 430 2096 ·
465 2061 539 2122 ὧν
581 2069 640 2121 τὸ
673 2069 825 2132 τέλος
855 2070 1122 2136 ἀπώλεια,
1151 2065 1226 2125 ὧν
1256 2073 1284 2125 6
1310 2071 1441 2134 Θεὸς
1473 2074 1505 2142 ή
1541 2070 1737 2134 κοιλία,

149 2163 246 2215 καί
277 2163 310 2231 ἡ
346 2161 478 2228 δόξα
510 2163 570 2213 ἐν
598 2165 664 2232 τῇ
698 2163 928 2236 αἰσχύνῃ
960 2165 1161 2228 αὐτῶν,
1192 2166 1242 2217 οἱ
1266 2166 1334 2220 τὰ
1358 2165 1570 2232 ἐπίγεια
1611 2182 1741 2235 φρο-

152 2251 396 2313 νοῦντες.
454 2251 644 2322 Ἦμῶν
673 2252 729 2305 δέ
760 2253 818 2306 τὸ
845 2254 1144 2325 πολίτευμα
1185 2257 1242 2308 ἐν
1277 2256 1525 2328 οὐρανοῖς
1566 2256 1742 2329 ὑπάρ-

152 2362 258 2414 χει.
304 2366 324 2396 ι
361 2339 526 2398 Οὗτοι
555 2345 798 2415 χείρονες
841 2348 935 2400 καὶ
978 2347 1086 2401 τῶν
1119 2347 1322 2420 θηρίων
1354 2349 1447 2404 καὶ
1473 2349 1582 2402 τῶν
1611 2367 1741 2422 κτη-

155 2439 259 2488 νῶν
305 2440 453 2490 εἰσιο
490 2437 559 2490 τὰ
601 2438 710 2508 γὰρ
758 2440 929 2509 κτήνη
980 2440 1074 2492 καὶ
1121 2440 1190 2493 τὰ
1214 2441 1378 2512 θηρία
1431 2442 1605 2496 οἴδασι
1649 2444 1741 2497 τὸν

154 2534 467 2602 ποιήσαντα
496 2532 693 2594 αὐτοὺς
724 2531 877 2594 Θεὸν,
911 2533 1004 2586 καὶ
1033 2533 1345 2602 εὐλογοῦσιν
1378 2537 1540 2590 αὐτόν
1567 2554 1580 2566 ·
1607 2538 1655 2591 οἱ
1685 2538 1741 2591 δὲ

158 2623 463 2694 ἄνθρωποι,
499 2624 549 2674 οἱ
583 2623 690 2674 ἀπὸ
716 2623 822 2675 τῶν
845 2624 1043 2694 χειρῶν
1073 2626 1236 2679 αὐτοῦ
1271 2625 1621 2694 πλασθέντες,
1647 2631 1742 2684 καὶ

158 2714 340 2766 εἰκόνα
380 2713 551 2766 αὐτοῦ
596 2712 909 2784 φοροῦντες,
957 2715 1055 2766 οὐκ
1099 2714 1272 2768 οῑδασι
1306 2717 1396 2771 τὸν
1441 2720 1742 2789 ποιήσαντα

158 2806 355 2870 αὐτούς
375 2823 391 2836 ·
431 2805 551 2858 ἀλλ’
601 2804 955 2875 ὁμολογοῦσιν
988 2805 1150 2859 αὐτὸν
1183 2808 1280 2877 μὲν
1308 2810 1366 2861 ἐν
1407 2807 1485 2879 τῷ
1515 2810 1741 2880 στόματι

160 2897 356 2960 αὐτῶν,
380 2899 497 2959 τοῖς
513 2896 572 2948 δὲ
592 2895 773 2966 ἔργοις
790 2895 1074 2967 ἀρνοῦνται
1091 2897 1269 2950 αὐτόν·
1296 2918 1314 2948 ι
1341 2900 1413 2951 Σὺ
1443 2899 1738 2966 πιστεύεις,

160 2992 235 3042 ὅτι
267 2991 386 3042 ἐστι
435 2989 593 3052 Θεὸς,
641 2989 819 3050 καλῶς
876 2993 1067 3053 ποιεῖς,
1113 2990 1209 3042 καὶ
1242 2989 1310 3044 τὰ
1347 2991 1598 3062 δαιμόνια
1652 3010 1744 3046 πι-

166 3082 440 3145 στεύουσι,
477 3083 572 3134 καὶ
602 3082 913 3152 φρίττουσιν
945 3098 960 3112 ο
990 3082 1103 3134 ἀλλ’
1132 3082 1246 3154 (54)
1276 3085 1310 3153 ἡ
1353 3083 1534 3147 πίστις
1573 3084 1744 3155 χωρὶς

1912 1427 2000 1481 15.
2026 1427 2326 1481 Suntenim
2352 1441 2419 1481 ex
2449 1425 2741 1481 mundanis
2767 1426 3097 1496 complures,
3124 1425 3216 1496 qui
3241 1441 3426 1483 amen-

1841 1528 1946 1587 tes,
1968 1520 2115 1575 velut
2155 1519 2318 1573 bruta
2361 1519 2663 1572 animantia
2717 1519 2975 1589 pabulum
3030 1526 3272 1572 sumunt.
3322 1515 3427 1584 Qui

1841 1627 2001 1668 mane
2029 1619 2338 1683 surgentes,
2381 1617 2634 1681 quaarunt
2687 1627 2846 1681 quem
2893 1609 3234 1676 defraudem,
3265 1625 3426 1679 quem

1840 1705 2175 1774 Opprimant,
2209 1712 2269 1758 ut
2305 1702 2511 1758 foedum
2541 1711 2788 1759 ventrem
2824 1718 2986 1758 suum
3023 1701 3306 1772 impleant.
3333 1701 3428 1756 Isti

1845 1796 2014 1852 Deum
2065 1798 2119 1850 in
2168 1810 2357 1851 mensa
2395 1795 2700 1867 glorificare
2743 1811 2853 1849 non
2904 1802 3126 1850 norunt.
3185 1792 3258 1848 De
3306 1792 3428 1848 istis

1840 1889 1916 1942 ait
1937 1887 2156 1942 divinus
2186 1886 2390 1942 Paulus
2421 1907 2433 1942 :
2473 1905 2491 1939 ι
2530 1887 2594 1940 Hi
2639 1895 2770 1942 sunt
2801 1887 3012 1941 inimici
3054 1885 3236 1940 crucis
3264 1885 3426 1939 Chri-

1840 1979 1932 2044 sti,
1951 1995 2184 2050 quorum
2211 1979 2336 2035 finis
2371 1979 2646 2045 interitus,
2677 1995 2912 2050 quorum
2938 1977 3080 2034 Deus
3105 1987 3297 2034 venter
3321 1988 3424 2040 est,

1839 2082 1892 2128 et
1917 2073 2088 2144 gloria
2133 2072 2188 2126 in
2247 2071 2568 2127 confusione
2623 2071 2892 2141 ipsorum,
2925 2068 3019 2139 qui
3075 2076 3289 2124 terrena
3340 2083 3430 2122 sa-

1839 2168 2013 2234 piunt.
2051 2164 2247 2220 Nostra
2279 2171 2458 2218 autem
2490 2162 2837 2218 conversatio
2877 2164 2932 2218 in
2983 2161 3140 2217 cmlis
3173 2167 3257 2216 est
3300 2160 3364 2214 ⁸³.
3402 2179 3420 2210 ι

1841 2256 1908 2311 Hi
1943 2255 2075 2312 feris
2120 2265 2174 2312 et
2202 2256 2467 2326 jumentis
2513 2255 2812 2312 deteriores
2839 2261 2968 2310 sunt
2992 2274 3006 2310 :
3031 2269 3156 2308 nam
3179 2253 3426 2322 jumenta

1841 2359 1894 2406 et
1919 2349 2048 2405 fera:
2078 2358 2278 2406 norunt
2311 2348 2650 2404 conditorem
2681 2364 2842 2405 suum
2895 2347 3087 2411 Deum,
3107 2355 3160 2401 et
3198 2344 3425 2401 benedi-

1840 2450 1972 2498 cunt
1999 2442 2104 2512 91
2131 2443 2239 2507 illi;
2266 2441 2515 2497 homines
2546 2449 2736 2497 contra
2762 2482 2777 2503 ,
2822 2441 2942 2510 ejus
2969 2455 3135 2494 manu
3165 2438 3423 2502 formati,

1841 2543 1895 2590 et
1925 2535 2216 2604 imaginem
2243 2535 2414 2605 ipsius
2436 2533 2692 2596 ferentes,
2725 2549 2834 2587 non
2865 2537 3135 2587 noverunt
3174 2529 3428 2585 condito-

1841 2642 1954 2681 rem
1984 2641 2142 2681 suum
2175 2645 2188 2680 :
2235 2625 2329 2682 sed
2356 2642 2450 2681 ore
2469 2625 2687 2696 quidem
2717 2625 2870 2679 illum
2914 2625 3268 2686 confitentur,
3295 2637 3429 2692 ope-

1840 2719 1997 2773 ribus
2018 2727 2196 2773 autem
2233 2726 2469 2788 negant:
2495 2738 2514 2770 ι
2548 2717 2628 2772 Τιι
2653 2716 2833 2772 credis
2865 2716 3124 2787 quoniam
3157 2714 3299 2770 Deus
3321 2721 3427 2777 est,

1841 2810 1980 2864 bene
2010 2809 2166 2872 facis,
2203 2817 2256 2864 et
2281 2810 2557 2864 daemones
2596 2808 2828 2864 credunt
2869 2814 2922 2863 et
2958 2806 3426 2862 contremiscunt:

1842 2905 1937 2962 sed
1964 2904 2095 2959 fides
2126 2904 2244 2959 sine
2269 2904 2527 2974 Operibus
2574 2909 2789 2957 mortua
2826 2907 2909 2957 est
2939 2901 3008 2956 ⁸³.
3052 2919 3071 2952 ι
3110 2898 3251 2966 Quid
3282 2899 3428 2953 enim

1842 2996 2065 3066 prodest
2097 2995 2303 3051 homini
2332 2995 2577 3050 confiteri
2626 2993 2794 3048 Deum
2817 3006 2939 3046 esse
2961 3029 2976 3056 ,
3027 2990 3072 3044 si
3101 2989 3261 3044 malis
3304 3003 3430 3043 eum

1843 3089 2102 3160 operibus
2140 3087 2410 3158 abnegat?
2459 3085 2744 3152 Quomodo
2798 3099 2856 3139 se
2914 3081 3204 3138 confitetur
3242 3078 3429 3134 Domi-

162 3173 262 3226 τῶν
292 3173 480 3242 ἔργων
524 3172 694 3243 νεκρά
731 3173 866 3224 ἐστι.
905 3192 923 3222 ι
969 3172 1034 3224 Τί
1072 3172 1180 3244 γὰρ
1214 3172 1502 3242 ὠφελεῖται
1533 3173 1743 3245 ἄνθρω-

1850 3197 1976 3236 num
2007 3180 2228 3244 habere,
2252 3179 2298 3233 si
2329 3179 2378 3233 ei
2407 3193 2514 3232 non
2539 3176 2785 3232 serviat?
2813 3173 2935 3230 ideo
2957 3173 3102 3229 enim
3139 3172 3295 3226 audit
3321 3169 3429 3224 Do-

164 3280 256 3327 πος
279 3263 596 3334 ὁμολογῶν,
655 3265 737 3316 ὅτι
790 3262 868 3315 ἔνι
921 3261 1072 3328 Θεὸς,
1127 3265 1239 3328 τοῖς
1273 3264 1330 3318 δὲ
1360 3264 1542 3337 ἔργοις
1581 3264 1745 3319 αὐτοῦ

167 3359 268 3418 τοῖς
293 3358 564 3427 πονηροῖς
590 3357 834 3427 ἀρνεῖται
860 3357 1021 3409 αὐτόν
1043 3373 1057 3420 ;
1110 3357 1236 3422 Πῶς
1266 3357 1520 3428 ὁμολογεῖ
1556 3357 1750 3412 δεσπό-

165 3465 256 3516 την
278 3447 453 3516 ἔχειν,
494 3446 570 3518 μὴ
597 3447 865 3501 δουλεύων
899 3445 1082 3519 αὐτῷ;
1109 3449 1198 3503 διὰ
1229 3449 1386 3503 τοῦτο
1417 3450 1526 3522 γὰρ
1562 3450 1749 3504 ἀκούει

165 3540 252 3592 τοῦ
293 3539 508 3610 Κυρίου
553 3540 742 3594 αὐτοῦ.
769 3541 878 3594 Kal.
903 3542 952 3594 οἱ
979 3541 1155 3594 δοῦλοι
1185 3541 1358 3596 οἴδασι
1394 3544 1519 3607 τοὺς
1547 3544 1751 3615 ἀγορά-

171 3649 363 3695 σαντας
389 3632 616 3696 αὐτοὺς,
647 3632 740 3686 καὶ
770 3632 1002 3703 τιμῶσιν
1025 3634 1243 3700 αὐτοὺς,
1278 3636 1372 3688 καὶ
1411 3637 1575 3706 ἡμεῖς
1604 3637 1752 3706 ὀφεί-

172 3725 336 3795 λομεν
387 3727 559 3796 τιμᾷν
602 3725 786 3788 αὐτὸν,
831 3725 891 3778 οὐ
935 3725 1077 3796 λόγῳ
1129 3727 1285 3797 μόνον
1315 3727 1452 3796 (55),
1492 3727 1628 3781 ἀλλά
1655 3729 1750 3781 καὶ

173 3818 334 3888 ἔργῳ.
365 3818 544 3880 Αὐτὸς
583 3819 692 3888 γὰρ
719 3823 747 3871 6
774 3819 978 3889 Κύριος
998 3819 1156 3891 ἡμῶν
1205 3819 1410 3892 Ἰησοῦς
1433 3819 1664 3892 Χριστὸς
1691 3821 1749 3874 ὲν

172 3907 247 3977 τῷ
289 3907 618 3977 Εὐαγγελίῳ
641 3907 987 3980 ἐμαρτύρησε
1011 3908 1202 3976 λέγων’
1235 3926 1252 3959 ι
1292 3908 1366 3961 Οὐ
1390 3909 1496 3971 πᾶς
1525 3909 1554 3961 6
1578 3908 1750 3978 λέγων

177 4018 276 4068 μοι,
311 4000 511 4070 Κύριε,
539 3999 903 4053 εἰσελεύσεται
925 4001 1003 4062 εἰς
1031 4000 1128 4071 τὴν
1151 3999 1426 4069 βασιλείαν
1455 3999 1564 4054 τῶν
1595 4001 1752 4072 οὐρα-

176 4092 290 4151 νῶν.
311 4092 431 4144 ἀλλ’
453 4092 482 4142 ὁ
500 4091 670 4144 ποιῶν
689 4091 748 4144 τὸ
770 4091 896 4163 ϐέλη
905 4110 980 4162 μα
995 4090 1088 4144 τοῦ
1105 4092 1316 4163 Πατρός
1341 4109 1464 4163 μου,
1479 4091 1572 4146 τοῦ
1590 4094 1646 4145 ἐν
1662 4094 1751 4146 οὐ·

181 4188 348 4253 ρανοίς
372 4184 510 4253 βων
526 4204 544 4234 ι
574 4185 668 4237 καὶ
684 4185 868 4238 πάλιν·
882 4203 900 4236 ι
925 4186 999 4239 Οὐ
1019 4184 1094 4256 μὴ
1112 4185 1258 4258 λήψῃ
1280 4185 1341 4238 τό
1355 4185 1522 4256 ὄνομα
1543 4187 1748 4258 Κυρίου

178 4275 302 4330 Θεοῦ
321 4295 419 4329 σου
441 4277 538 4328 ἐπὶ
573 4276 804 4348 ματαίῳ.
847 4297 864 4328 ι
896 4278 1006 4330 Kal.
1039 4277 1201 4332 πάλιν
1249 4278 1578 4350 προσέταξεν
1618 4281 1749 4351 ἡμῖν

179 4365 359 4435 λέγων·
395 4386 415 4418 ι
461 4366 778 4436 Ἀποστήτω
799 4366 908 4420 ἀπὸ
938 4366 1148 4429 ἀδικίας
1171 4368 1277 4430 πᾶς
1306 4368 1334 4419 ὁ
1367 4366 1651 4438 ὀνομάζων
1687 4367 1749 4420 τὸ

178 4454 336 4525 δνομα
363 4454 600 4526 Κυρίου.
629 4475 648 4506 ι
679 4454 862 4518 Θέλεις
879 4455 934 4508 δέ
957 4455 1178 4524 γνῶναι,
1200 4457 1279 4509 ὅτι
1295 4456 1364 4509 τὰ
1379 4456 1542 4528 θηρία
1565 4457 1658 4510 καὶ
1682 4455 1751 4510 τὰ

1849 3271 2057 3326 minum
2109 3286 2290 3326 suum.
2337 3268 2404 3322 Et
2457 3267 2600 3324 servi
2629 3267 2849 3339 quidem
2906 3274 3107 3320 norunt
3155 3271 3432 3333 emptores

1850 3379 2003 3430 suos,
2031 3371 2086 3418 et
2127 3362 2399 3417 honorant
2446 3360 2607 3416 illos:
2666 3375 2877 3430 nosque
2932 3357 3122 3412 itidem
3169 3356 3432 3412 debemus

1851 3455 2003 3509 illum
2035 3455 2325 3520 honorare,
2353 3470 2464 3509 non
2495 3461 2708 3508 tantum
2753 3452 2940 3517 verbo,
2974 3450 3067 3505 sed
3098 3450 3261 3506 etiam
3303 3464 3432 3519 ope-

1850 3561 1928 3601 re.
1957 3545 2080 3615 Ipse
2130 3561 2368 3616 namque
2420 3544 2683 3600 Dominus
2733 3550 2921 3599 noster
2967 3540 3129 3598 Jesus
3177 3541 3433 3596 Christus

1849 3636 2172 3690 testificatus
2193 3643 2279 3690 est
2314 3637 2368 3690 in
2401 3634 2693 3705 Evangelio
2721 3653 2736 3688 :
2776 3652 2794 3685 ι
2831 3632 2948 3686 Non
2980 3631 3158 3686 omnis
3179 3629 3271 3700 qui
3300 3627 3435 3683 dicit

1848 3728 2003 3791 mihi,
2042 3727 2302 3792 Domine,
2359 3727 2583 3781 intrabit
2623 3727 2678 3781 in
2727 3740 2950 3795 regnum
2983 3723 3279 3786 caelorum;
3333 3719 3431 3776 sed

1849 3819 1939 3890 qui
1975 3819 2101 3874 facit
2119 3820 2450 3875 voluntatem
2469 3819 2647 3874 Patris
2674 3819 2800 3884 mei,
2820 3817 2911 3888 qui
2929 3825 3014 3872 est
3038 3817 3091 3870 in
3119 3814 3274 3870 cmlis
3295 3813 3374 3880 ⁶⁵ς
3406 3831 3426 3864 ι

1849 3921 1902 3966 et
1930 3926 2190 3966 rursum:
2230 3928 2248 3961 ι
2286 3908 2404 3963 Non
2446 3923 2693 3965 assumes
2724 3921 2923 3963 nomen
2957 3904 3168 3960 Domini
3212 3902 3305 3958 Dei
3351 3901 3431 3956 tui

1850 4003 1906 4056 in
1939 4017 2136 4056 vanum
2185 4002 2248 4054 “.
2285 4020 2304 4052 ι
2341 3999 2652 4070 lterumque
2694 3999 2951 4070 praecepit
2999 3997 3156 4053 nobis
3202 3995 3429 4050 dicens:

1855 4114 1875 4148 ι
1916 4094 2168 4150 Discedat
2196 4094 2265 4149 ab
2293 4095 2578 4164 iniquitate
2605 4094 2784 4148 omnis
2813 4093 2907 4163 qui
2943 4091 3187 4147 nominat
3231 4103 3430 4144 nomen

1851 4187 2067 4244 Domini
2095 4188 2158 4242 ⁸⁷.
2202 4209 2219 4239 ι
2257 4187 2353 4244 Vis
2387 4204 2550 4244 nosse
2598 4188 2800 4243 bestias
2846 4197 2900 4242 et
2948 4185 3194 4256 jumenta
3237 4198 3436 4253 cogno-

1849 4297 2003 4336 scere
2031 4279 2221 4346 Deum,
2246 4280 2404 4350 eique
2447 4279 2809 4335 benedicere?
2854 4278 2981 4333 audi
3012 4277 3274 4349 Spiritum
3305 4293 3434 4332 san-

1849 4383 1996 4428 ctum
2031 4375 2429 4444 praecipientem
2479 4374 2588 4430 illis
2629 4375 2684 4428 in
2730 4374 2990 4446 hymnis:
3031 4391 3049 4424 ι
3091 4371 3428 4434 Benedicite,

1853 4466 2039 4521 bestia:
2065 4477 2120 4521 et
2143 4466 2323 4520 omnia
2358 4481 2574 4535 pecora,
2607 4464 2839 4519 Domino
2888 4464 2954 4519 ⁸⁸.
2993 4483 3011 4516 ι
3067 4463 3182 4518 Nisi
3210 4462 3434 4517 benedi-

181 4549 338 4618 κτήνη
361 4547 542 4600 οἴδασι
580 4545 671 4599 τὸν
714 4546 866 4611 Θεὸν,
902 4549 995 4602 καὶ
1015 4547 1330 4617 εὐλογοῦσιν
1356 4549 1548 4614 αὐτόν;
1580 4550 1743 4603 ἄκουε

1850 4566 2056 4623 cerent,
2109 4573 2454 4628 nequaquam
2502 4557 2555 4612 id
2609 4558 2958 4628 praecepisset
3001 4556 3102 4611 eis.
3156 4553 3268 4610 Nec
3316 4555 3434 4623 ipsa

178 4639 258 4691 τοῦ
276 4639 434 4707 ἁγίου
461 4637 602 4690 Πνεύ
612 4655 778 4708 ματος
802 4639 1227 4711 προστάττοντος
1249 4642 1430 4704 αὐτοῖς
1449 4643 1506 4694 ἐν
1529 4640 1741 4712 ὕμνοις⁴

185 4749 200 4778 ι
231 4731 540 4799 Εὐλογεῖτε,
573 4729 645 4782 τὰ
672 4729 735 4801 οη
747 4730 836 4801 ρία
874 4732 966 4784 καὶ
991 4732 1171 4785 πάντα
1195 4733 1264 4786 τὰ
1290 4734 1483 4804 κτήνη,
1517 4734 1607 4788 τὸν
1634 4734 1747 4788 Κύ-

183 4839 297 4890 ριον.
334 4844 352 4874 ι
379 4823 445 4874 Εἰ
467 4821 545 4892 μὴ
576 4821 861 4892 ηὐλόγουν,
901 4825 1000 4876 οὐκ
1025 4823 1091 4878 ἂν
1129 4825 1314 4888 αὐτοῖς
1351 4826 1741 4896 προσέταττεν.

1854 4655 2064 4703 tantum
2089 4648 2420 4704 benedicunt
2464 4650 2671 4716 Deum;
2721 4651 2817 4704 sed
2862 4661 2916 4705 et
2963 4648 3145 4704 omnis
3177 4654 3432 4701 creatura

1853 4757 1973 4812 qua:
2011 4748 2234 4812 apparet
2263 4748 2318 4795 et
2348 4742 2523 4797 oculis
2551 4743 2850 4813 percipitur
2870 4782 2886 4808 ,
2922 4752 3152 4810 utraque
3174 4754 3284 4794 non
3311 4753 3434 4792 ces-

1853 4839 1978 4885 sant
1998 4832 2266 4888 confiteri.

182 4916 278 4968 Οὐκ
315 4916 461 4971 αὐτὰ
501 4917 561 4970 δὲ
614 4917 774 4986 μόνον
818 4917 1099 4987 εὐλογοῦσι
1137 4919 1228 4972 τὸν
1274 4920 1428 4982 Θεὸν,
1471 4921 1608 4974 ἀλλὰ
1651 4924 1744 4976 καὶ
1783 4927 1991 4999 πᾶσαή
2025 4929 2204 4994 κτίσις
2238 4931 2272 5001 ὴ
2333 4929 2634 5001 φαινομένη
2699 4929 2792 4982 καὶ
2833 4929 3085 5002 ὁρωμένη
3117 4927 3186 4980 τὰ
3251 4921 3433 4994 ἀμφό-

182 5025 297 5078 τερα
319 5008 506 5062 αὐτῶν
546 5009 984 5074 ἁκαταπαύστως
1011 5011 1286 5082 ὁμολογεῖ.

242 5106 449 5160 l6.Kal
472 5101 669 5169 σὺ,οὗν,
687 5105 844 5178 δούλη
866 5106 959 5160 τοῦ
973 5106 1130 5172 Θεοῦ,
1148 5108 1256 5162 εἴτε
1270 5110 1478 5182 ἐγείρῃ,
1497 5110 1605 5164 εἴτε
1623 5109 1755 5164 καθ-

186 5197 284 5272 ίζῃ,
322 5201 435 5253 εἴτε
471 5199 634 5270 ἔργον
656 5217 706 5252 τι
727 5202 906 5269 ποιῇς,
930 5200 1040 5254 εἴτε
1061 5200 1265 5273 ἐσθίῃς,
1284 5202 1392 5255 εἴτε
1410 5205 1503 5257 ἐπὶ
1519 5204 1619 5274 τῆς
1639 5203 1752 5257 κοί-

243 5358 286 5388 ⁶³
322 5356 564 5426 Philipp.
600 5371 684 5419 ιιι,
703 5353 888 5410 ιδοεο.

994 5356 1039 5388 ⁸⁸
1077 5355 1194 5414 Jac.
1231 5374 1270 5414 tt
1294 5398 1306 5422 ,
1342 5358 1429 5424 l9,
1461 5359 1553 5413 20.

189 5426 230 5456 ⁶⁴
257 5427 388 5484 Dan.
424 5443 522 5489 tu.
557 5427 648 5482 8|.

243 5583 352 5652 (32)
386 5583 534 5646 Have,
575 5582 672 5636 καὶ
703 5580 978 5651 αἰνοῦμεν,
1017 5580 1218 5652 desunt
1262 5578 1316 5652 in
1369 5577 1749 5652 Anglicanam

191 5647 412 5709 Μοξί
452 5654 574 5708 Mox
608 5654 664 5707 in
711 5647 1011 5723 postremo,
1069 5651 1204 5714 haec,
1239 5648 1346 5702 τῶν
1385 5647 1602 5718 ἀγαθῶν
1638 5647 1748 5702 τῶν

194 5723 301 5784 σῶν,
325 5725 543 5780 desunt.

219 5793 355 5871 “(33)
380 5797 611 5871 ῌρέπει,
645 5803 698 5852 et
718 5811 866 5861 mox,
899 5791 1288 5864 προσκύνησις,
1329 5792 1526 5849 desunt
1563 5789 1617 5845 in
1645 5789 1748 5844 Ba-

193 5865 267 5923 til.
291 5873 343 5922 et
366 5865 580 5939 Anglic.

1663 5359 1708 5392 “
1749 5357 1934 5414 Matth.
1972 5377 2083 5426 vu,
2114 5361 2176 5414 Ἡ

1932 5109 2018 5166 16.
2050 5109 2133 5166 Τιι
2199 5110 2383 5181 itaque
2410 5151 2424 5174 ,
2491 5109 2688 5163 ancilla
2724 5107 2855 5175 Dei,
2897 5108 3013 5164 sive
3052 5108 3232 5177 surgis
3257 5149 3272 5173 ,
3315 5107 3436 5164 sive

1860 5203 2038 5270 sedes,
2063 5204 2180 5260 sive
2208 5202 2338 5276 quid
2368 5203 2552 5273 operis
2585 5201 2740 5267 facis,
2770 5203 2884 5258 sive
2905 5201 3168 5264 comedis,
3207 5201 3322 5258 sive
3355 5201 3432 5256 le-

2309 5361 2355 5392 “
2395 5359 2568 5418 Exod.
2601 5375 2705 5424 xx,
2744 5358 2794 5412 7.
2891 5359 2934 5390 ⁸⁷
2974 5358 3017 5413 ll
3051 5357 3195 5414 Tim.
3232 5374 3303 5426 ιι,
3343 5359 3428 5414 19.

1925 5577 2037 5652 (34)
2068 5579 2218 5652 :AD.’
2249 5580 2404 5652 deest
2434 5583 2486 5635 in
2519 5581 2838 5652 Anglicano.

1925 5650 2036 5733 ςέιέ)
2067 5649 2211 5733 Εειε-
2237 5651 2313 5733 ες.
2330 5653 2493 5733 μρκίῳο

1926 5721 2036 5800 (56)
2071 5721 2382 5800 Ηέιξορηὰλλί
2408 5721 2454 5774 ό
2476 5723 2735 5800 ποιῶν....
2766 5725 2858 5778 τοῦ
2908 5729 2964 5780 ὲν
3011 5727 3258 5800 οὐρανοῖς
3281 5766 3298 5791 ,
3330 5724 3428 5780 de-

1856 5800 1983 5848 sunt
2016 5793 2071 5849 in
2101 5793 2384 5852 Basiliensi
2415 5801 2468 5849 et
2502 5795 2824 5869 Anglicano.
