4008 6404
557 344 658 399 9.7!

1723 335 1779 420 s.
1823 314 2282 390 ATHANASIUS.
2324 366 2392 375 -
2429 332 2658 388 DUBIA.

3693 343 3803 398 272

560 474 709 516 ctum
752 464 891 533 petis
919 469 975 516 ut
1008 477 1256 517 somnum
1290 460 1496 530 capias.
1539 457 1652 512 sive
1675 471 1704 510 e
1736 457 1878 510 lecto
1922 456 2123 526 surgis,

2235 472 2325 526 της
2345 472 2436 507 σου
2455 455 2587 526 ἔρχῃ
2610 455 2745 525 πρὸς
2765 453 2950 518 ὕπνον,
2971 456 3078 508 εἴτε
3101 456 3452 527 ἀνισταμένη,
3474 456 3548 528 μὴ
3565 457 3804 533 ἀποστή-

560 571 632 609 ne
660 555 887 610 absistat
917 556 1150 625 hymnus
1183 553 1272 606 Dei
1315 568 1344 604 a
1384 550 1542 604 labiis
1584 549 1713 603 tuis.
1741 548 1917 603 Beata:
1968 564 2130 603 aures

559 662 684 717 qua:
711 647 992 718 excipiunt
1036 647 1138 700 bos
1188 659 1494 699 sermones.
1537 642 1594 695 Si
1641 641 1963 711 ingrediaris
1997 641 2132 696 hora

561 739 904 800 duodecima.
941 737 1200 806 majorem
1247 736 1659 806 longioremque
1703 733 1868 789 facies
1903 734 2130 806 synaxin

561 843 687 882 cum
716 829 882 884 sociis
922 829 1030 882 tuis
1059 826 1383 897 virginibus.
1427 826 1522 880 Sin
1559 825 1705 880 nulla
1757 827 1911 881 adest
1958 826 2128 887 socia,

564 919 678 972 sola
712 919 766 973 id
795 932 1112 986 exsequere,
1160 915 1270 971 Deo
1305 926 1571 987 prasente
1620 923 1674 971 et
1715 916 1986 970 audiente.
2029 915 2131 967 Bo-

564 1025 693 1063 num
732 1017 817 1064 est
849 1010 1118 1080 lacrymas
1144 1007 1421 1064 eﬂ‘uudere
1454 1009 1506 1060 in
1547 1017 1842 1076 conspectu
1880 1005 1993 1060 Dei.
2028 1005 2131 1060 Re-

562 1103 789 1157 cordare
822 1102 968 1156 horae
997 1101 1354 1163 duodecimm,
1383 1117 1488 1170 qua
1542 1099 1806 1154 Dominus
1831 1107 2017 1153 noster
2047 1097 2132 1152 de-

562 1194 772 1249 scendit
805 1193 859 1247 in
892 1193 1186 1256 infernum,
1219 1209 1378 1263 quem
1417 1201 1473 1246 ut
1502 1192 1633 1245 vidit
1666 1191 1912 1246 infernus
1934 1191 2130 1244 exhor-

562 1285 695 1349 ruit,
717 1295 771 1340 et
795 1285 1080 1354 perculsus
1105 1285 1180 1337 ait
1219 1302 1231 1336 :
1259 1282 1395 1348 Quis
1425 1292 1506 1337 est
1528 1283 1636 1346 hic,
1666 1285 1755 1352 qui
1782 1285 1833 1336 in
1863 1288 2132 1352 potestate

559 1384 615 1429 et
644 1389 839 1445 magna
869 1375 1068 1428 virtute
1093 1373 1420 1428 descendit?
1454 1373 1588 1438 Quis
1617 1381 1700 1427 est
1733 1374 1842 1433 hic,
1885 1373 1976 1441 qui
2015 1386 2132 1439 por-

562 1478 643 1524 tas
682 1467 878 1522 inferni
910 1482 1080 1522 aereas
1119 1467 1396 1529 contrivit,
1428 1473 1482 1517 et
1523 1474 1706 1520 vectes
1754 1463 2130 1517 adamantinos

560 1558 830 1628 confregit
856 1558 900 1590 ”
926 1559 949 1612 ?
991 1557 1127 1624 Quis
1148 1566 1233 1612 est
1269 1558 1378 1620 hic,
1409 1557 1500 1626 qui
1533 1557 1813 1612 descendit
1855 1555 1922 1610 de
1951 1555 2126 1616 oculis,

560 1660 614 1706 et
644 1650 937 1706 cruciﬁxus
969 1657 1075 1715 est,
1103 1665 1204 1704 nec
1246 1665 1276 1702 a
1312 1665 1417 1711 me,
1454 1664 1573 1717 qua:
1605 1664 1752 1703 mors
1781 1664 1923 1709 sum.
1955 1647 2130 1701 domi-

564 1752 652 1800 tus
680 1744 806 1800 est?
837 1742 971 1810 Quis
999 1751 1083 1799 est
1115 1743 1225 1808 hic,
1264 1742 1356 1812 qui
1385 1743 1596 1796 vincula
1629 1741 1789 1797 solvit
1817 1756 2003 1794 eorum
2035 1739 2127 1808 qui

2233 563 2310 598 τω
2331 549 2357 599 6
2382 545 2547 616 ῦμνος
2567 546 2660 599 τοῦ
2679 545 2812 598 Θεοῦ
2830 547 2937 600 ἀπὸ
2955 547 3061 601 τῶν
3077 547 3297 618 χειλέων
3321 565 3433 602 σου.
3459 551 3723 622 Μακάρια
3737 555 3808 608 τὰ

2233 631 2346 690 ὦτα
2371 637 2438 690 τὰ
2467 638 2729 708 δεχόμενα
2749 640 2876 702 τοὺς
2899 638 3090 707 λόγους
3109 639 3346 703 τούτους.
3387 641 3511 694 Ἐὰν
3543 643 3601 696 δὲ
3633 646 3807 699 είσέλ-

2234 729 2331 802 θῃς
2347 733 2410 801 τῇ
2429 730 2702 801 δωδεκάτῃ
2721 730 2859 802 ὥρᾳ,
2883 732 3197 804 μειζοτέραν
3222 733 3314 786 καὶ
3337 735 3674 808 πυκνοτέραν
3695 738 3809 810 (57)

2233 821 2564 884 ἐπιτελέσεις
2587 823 2684 890 τὴν
2707 821 2925 887 σύναξιν
2952 823 3088 894 μετὰ
3110 823 3215 877 τῶν
3234 825 3525 895 ὀμοψύχων
3548 843 3643 880 σου
3668 845 3808 900 παρ-

2234 914 2418 968 θένων.
2464 916 2587 968 Ἐὰν
2616 915 2671 968 δὲ
2699 915 2772 988 μὴ
2793 915 2922 988 ἔχῃς
2947 916 3238 986 ὁμόψυχον,
3271 918 3406 989 μόνη
3432 920 3692 989 ἐπιτέλει,
3713 922 3809 975 τοῦ

2231 1005 2365 1057 Θεοῦ
2401 1005 2648 1068 συνόντος
2676 1007 2770 1060 καὶ
2803 1007 3108 1071 ἀκούοντος.
3172 1009 3351 1063 Καλὸν
3378 1010 3440 1063 τὸ
3469 1011 3682 1082 ὲκχέειν
3719 1011 3815 1066 δάν

2234 1111 2397 1164 κρυον
2431 1093 2660 1148 ἐνώπιον
2687 1095 2777 1148 τοῦ
2808 1095 2964 1150 Θεοῦ.
3029 1098 3350 1168 Μνημὸνευε
3376 1100 3474 1171 τὴν
3499 1100 3810 1173 δωδεκάτην

2231 1185 2378 1254 ὤραν
2407 1225 2420 1246 ,
2458 1186 2538 1238 ὅτι
2571 1187 2628 1237 ἐν
2669 1185 2806 1256 αὐτῇ
2840 1185 3211 1257 καταϐέϐηκεν
3247 1188 3276 1239 6
3301 1186 3503 1260 Κύριος
3541 1191 3698 1262 ἡμῶν
3730 1195 3810 1257 είς

2231 1275 2321 1329 τὸν
2351 1275 2484 1346 ,ᾅδην
2504 1293 2517 1305 ·
2565 1277 2660 1329 καὶ
2704 1275 2824 1336 ἰδὼν
2856 1278 3017 1330 αὑτὸν
3057 1280 3086 1330 6
3119 1277 3250 1348 ᾅδης
3284 1278 3395 1350 (58)
3439 1279 3628 1352 ἔφριξε
3649 1322 3664 1346 ,
3715 1284 3810 1338 καὶ

2231 1367 2420 1436 ἐξέστη
2449 1367 2649 1436 λέγων·
2678 1369 2773 1431 Τίς
2803 1369 2950 1421 ἐστιν
2980 1365 3131 1432 οὗτος
3150 1411 3163 1431 ,
3200 1373 3228 1422 6
3254 1372 3312 1423 ὲν
3340 1371 3558 1443 ἐξουσία
3586 1374 3679 1426 καὶ
3713 1393 3810 1445 με·-

2229 1459 2367 1531 γάλῃ
2393 1459 2616 1530 δυνάμει
2649 1460 2952 1523 κατελθών;
2989 1461 3084 1524 Τίς
3118 1458 3290 1527 οὗτος,
3323 1465 3352 1516 6
3381 1465 3479 1528 τὰς
3510 1465 3687 1530 πύλας
3714 1469 3810 1521 τοῦ

2231 1553 2353 1624 ᾅδου
2390 1553 2487 1616 τὰς
2518 1552 2722 1623 χαλκᾶς
2753 1553 3047 1625 συντρίϐων
3073 1595 3088 1618 ,
3135 1557 3225 1608 καὶ
3263 1557 3388 1619 τοὺς
3423 1559 3654 1628 μοχλοὺς
3683 1561 3811 1624 τοὺς

2230 1644 2618 1715 ἀδαμαντίνους
2644 1643 2972 1709 συνθλάσας;
2995 1645 3088 1708 Τίς
3104 1639 3275 1710 οὗτος,
3293 1649 3322 1701 6
3343 1647 3402 1712 ἐξ
3416 1648 3661 1720 οὐρανῶν
3681 1668 3813 1704 κατ-

2233 1733 2399 1789 ελθὼν
2429 1736 2522 1788 καὶ
2548 1735 2900 1805 σταυρωθεὶς,
2929 1735 3023 1789 καὶ
3056 1737 3146 1790 ὑπ’
3167 1737 3303 1809 ἐμοῦ
3350 1738 3445 1792 τοῦ
3468 1740 3702 1794 θανάτου
3735 1743 3810 1814 μὴ

565 1852 595 1890 a
621 1852 706 1892 me
732 1835 932 1907 captivi
963 1835 1385 1891 detinebantur?
1427 1833 1561 1900 Quis
1609 1841 1693 1888 est
1737 1834 1846 1895 hic,
1890 1831 1982 1902 qui
2029 1847 2127 1886 sua

2235 1827 2635 1900 κρατούμενος;
2669 1827 2765 1890 Τίς
2791 1821 2942 1892 οὗτος
2963 1870 2976 1892 ,
3018 1830 3047 1882 ὀ
3076 1829 3218 1882 λύων
3248 1830 3316 1883 τὰ
3352 1831 3528 1902 δεσμά
3568 1833 3678 1888 τῶν
3717 1835 3810 1886 ὑπ’

565 1939 738 1984 morte
768 1943 854 1984 me
883 1937 1112 1982 mortem
1155 1928 1430 1984 destruit?

636 2111 722 2165 Π.
763 2110 891 2164 ldeo
919 2125 981 2165 ea
1009 2113 1122 2180 ipsa
1163 2109 1296 2164 hora
1341 2109 1659 2163 attentiores
1697 2122 1820 2164 esse
1849 2107 2130 2170 debemus,

562 2207 617 2253 et
654 2213 777 2253 cum
813 2199 1070 2269 lacrymis
1103 2207 1262 2253 nocte
1295 2198 1549 2253 invocare
1595 2197 1903 2253 Dominum.
1943 2197 2134 2269 Magna

561 2295 762 2364 quippe
786 2293 962 2349 virtus
987 2305 1070 2348 est
1098 2293 1483 2364 lacrymarum,
1509 2299 1562 2345 et
1589 2293 1849 2362 praeclara
1892 2308 1978 2348 res
2007 2301 2090 2346 est
2118 2311 2129 2344 :

563 2398 756 2454 magna
795 2384 938 2437 enim
966 2392 1206 2451 peccata.
1245 2397 1454 2452 magna:
1511 2383 1829 2454 iniquitates
1874 2384 2133 2454 lacrymis

561 2474 832 2530 delentur.
867 2473 972 2528 Pro
1001 2482 1142 2528 teste
1193 2475 1323 2528 mihi
1370 2482 1454 2529 est
1487 2483 1735 2528 sanctum
1759 2473 2129 2544 Evangelium.

562 2567 698 2620 Cum
729 2569 874 2620 enim
911 2565 1158 2619 Salvator
1196 2567 1430 2620 traditus
1486 2575 1631 2622 esset
1669 2565 1891 2629 Judaiis,
1940 2565 2133 2620 Petrus

562 2664 648 2710 ter
675 2656 825 2709 illum
859 2670 983 2709 cum
1023 2656 1338 2724 juratneuto
1385 2657 1624 2726 negavit,
1654 2658 1973 2726 priusquam
2017 2659 2131 2728 gal-

564 2747 653 2800 lus
699 2754 981 2812 cantaret;
1049 2745 1310 2802 Dominus
1345 2757 1523 2801 autem
1556 2763 1857 2802 conversus
1895 2749 2134 2818 respexit

563 2838 809 2902 Petrum,
843 2847 896 2893 et
949 2839 1268 2894 recordatus
1323 2847 1404 2894 est
1443 2838 1637 2894 Petrus
1691 2840 1840 2894 verbi
1895 2837 2129 2902 Domini,

561 2930 709 3002 quod
733 2930 947 2985 dixerat
979 2930 1084 2985 sibi
1117 2949 1128 2984 :
1179 2950 1196 2981 ι
1233 2929 1555 3000 Priusquam
1590 2932 1766 3001 gallus
1795 2938 2001 2996 cantet,
2050 2939 2135 2985 ter

562 3038 650 3078 me
685 3022 930 3092 negabis,
965 3053 1032 3062 —
1063 3030 1118 3078 et
1141 3038 1396 3093 egressus
1428 3021 1593 3084 foras,
1622 3022 1768 3076 ﬂevit
1796 3037 1979 3077 amare
2010 3021 2076 3075 '°.
2109 3040 2127 3072 ι

565 3114 729 3170 Vides
757 3115 902 3185 quod
933 3115 988 3168 in
1037 3115 1290 3186 Iacrymis
1318 3114 1389 3170 sit
1415 3115 1711 3169 remedium
1742 3133 1755 3169 :
1787 3122 2131 3184 perspectum

567 3207 737 3262 habes
766 3207 980 3277 qualem
1009 3205 1265 3262 deleverit
1294 3206 1655 3276 iniquitatem.
1687 3205 1824 3272 Quid
1848 3207 1993 3260 enim
2029 3205 2133 3261 hoc

576 3301 720 3354 malo
753 3301 1015 3363 deterius,
1049 3315 1157 3368 quo
1184 3307 1266 3353 ter
1300 3299 1608 3368 juramento
1648 3299 1914 3362 adhibito,
1955 3297 2132 3353 domi-

571 3408 700 3446 num
733 3408 892 3447 suum
925 3395 1182 3462 negavit?
1227 3399 1279 3446 et
1318 3399 1496 3446 tamen
1519 3399 1729 3445 tantum
1759 3390 2024 3460 ﬂagitium
2054 3390 2134 3444 la-

563 3483 767 3553 crymis
800 3484 1046 3538 extersit.
1082 3481 1242 3538 Vides
1276 3492 1479 3552 quanta
1513 3484 1583 3537 sit
1608 3483 1690 3536 vis
1725 3482 2129 3553 lacrymarum:

566 3575 677 3628 hzec
700 3575 846 3628 enim
876 3574 943 3629 ad
974 3576 1452 3630 commonitionem
1479 3582 1724 3628 nostram
1757 3575 1957 3642 scripta
1983 3582 2129 3637 sunt,

565 3676 623 3718 ut
664 3681 764 3720 nos
811 3665 923 3720 hate
962 3666 1177 3730 imitati,
1232 3667 1394 3719 vitam
1433 3665 1806 3733 possideamus
1850 3672 2129 3718 mternam.

565 3757 679 3813 Non
715 3760 869 3812 multi
905 3768 1052 3822 sunt,
1079 3760 1170 3828 qui
1211 3759 1576 3828 lacrymarum
1607 3756 1834 3826 gratiam
1871 3756 2129 3820 habeant,

565 3853 660 3907 sed
715 3858 986 3924 quotquot
1028 3861 1262 3912 mentem
1321 3865 1540 3904 sursum
1592 3858 1827 3902 erectam
1890 3848 2130 3910 habent,

563 3952 829 4015 quotquot
861 3952 1075 3996 terrena
1097 3941 1520 4003 obliviscuntur,
1547 3946 1812 4008 quotquot
1836 3938 2017 3993 carnis
2039 3954 2134 3991 cu-

566 4051 681 4090 ram
719 4052 828 4088 non
868 4034 1090 4096 habent,
1115 4033 1208 4101 qui
1239 4032 1490 4101 ignorant
1516 4045 1742 4099 prorsus
1772 4046 1841 4084 an
1873 4033 1944 4085 sit
1974 4046 2134 4084 mun-

563 4124 688 4188 dus,
711 4125 804 4194 qui
832 4123 1071 4177 nicmbra
1096 4136 1194 4175 sua
1224 4119 1706 4182 mortiﬁcaverunt,
1737 4135 1857 4189 qua?
1877 4130 2005 4174 sunt
2037 4137 2131 4175 su-

565 4233 660 4288 per
686 4225 910 4276 terram,
932 4214 1019 4267 his
1049 4212 1180 4266 solis
1202 4211 1360 4264 datur
1387 4210 1566 4264 luctus
1587 4211 1969 4281 lacrymarum.
1996 4211 2130 4266 Nam

578 4323 702 4364 cum
735 4315 915 4361 mente
963 4305 1072 4358 sint
1108 4317 1242 4372 pura
1272 4310 1325 4356 et
1357 4302 1668 4372 perspicace
1721 4304 1917 4358 mentis
1947 4306 2128 4367 oculo,

566 4399 694 4452 dum
717 4397 772 4451 in
790 4405 932 4450 terra
951 4394 1174 4462 degunt,
1193 4391 1376 4445 vident
1395 4389 1589 4446 inferni
1608 4391 1894 4462 supplicia,
1914 4403 1966 4448 et
1983 4401 2135 4449 aeter-

2233 1917 2365 1988 ὲμοῦ
2399 1917 2808 1989 κρατουμένων;
2839 1919 2932 1982 Τίς
2955 1910 3138 1984 οὗτος,
3164 1922 3192 1973 6
3216 1919 3293 1990 τῷ
3325 1919 3440 1992 ἰδίῳ
3463 1922 3680 1995 θανάτῳ
3711 1925 3813 1996 ἐμὲ

2232 2010 2320 2062 τὴν
2350 2010 2574 2064 θάνατον
2600 2010 2882 2071 καταλύων
2902 2029 2916 2077 ;

2304 2103 2388 2156 17.
2418 2104 2514 2156 Διὰ
2550 2103 2709 2156 τοῦτο
2749 2104 3032 2175 ὀφείλομεν
3079 2107 3291 2171 ἑαυτοῖς
3336 2107 3626 2178 προσέχειν
3657 2109 3716 2160 ὲν
3740 2110 3811 2179 τῇ

2231 2194 2350 2266 ὥρᾳ
2374 2195 2555 2267 ἐκείνῃ
2571 2236 2585 2260 ,
2612 2196 2706 2249 καὶ
2724 2197 2782 2248 ἐν
2805 2195 3065 2268 δάκρυσιν
3094 2201 3152 2251 ἐν
3175 2199 3329 2252 νυκτὶ
3355 2200 3692 2270 παρακαλεῖν
3715 2198 3814 2254 τὸν

2232 2287 2453 2358 Κύριον.
2484 2288 2708 2359 Μεγάλη
2736 2289 2846 2354 (59)
2871 2289 2979 2360 γὰρ
3008 2290 3175 2362 ἀρετή
3207 2291 3323 2344 ὲστι
3345 2291 3402 2344 τὸ
3425 2291 3685 2362 δάκρυον,
3713 2293 3814 2346 καὶ

2235 2377 2377 2446 μέγα
2404 2378 2728 2450 κατόρθωμα
2759 2420 2773 2443 ,
2806 2380 2899 2432 καὶ
2929 2380 3157 2450 μεγάλαι
3179 2382 3444 2454 ἁμαρτίαι
3465 2383 3561 2436 καὶ
3589 2384 3816 2454 ἀνομίαι

2230 2469 2317 2522 διὰ
2345 2469 2591 2541 δακρύων
2617 2471 3022 2540 άπαλείφονται.
3051 2474 3334 2544 Μαρτυρεῖ
3357 2475 3415 2528 δέ
3447 2491 3537 2545 μοι
3571 2476 3633 2528 τὸ
3657 2476 3816 2544 ὅιγιον

2231 2561 2581 2630 Εὑαγγέλιον.
2634 2565 2761 2615 Ὅτε
2790 2564 2897 2636 γάρ
2924 2567 2952 2618 6
2979 2564 3166 2636 Σωτὴρ
3200 2565 3470 2636 παρεδόθη
3515 2569 3629 2628 τοῖς
3663 2568 3814 2620 ’Ἰου-

2229 2652 2417 2715 δαίοις,
2435 2652 2678 2722 ὁΠέτρος
2697 2653 2813 2723 μεθ’
2826 2656 2988 2725 ὅρκου
3008 2657 3187 2726 τρίτον
3204 2655 3362 2708 αὑτὸν
3381 2657 3656 2728 ἡρνήσατο
3675 2658 3817 2727 (40‘,

2233 2744 2360 2814 πρὶν
2396 2743 2661 2813 ἀλέκτορα
2691 2745 2954 2815 φωνῆσαι.
3002 2747 3059 2799 '0
3088 2747 3143 2799 δὲ
3181 2746 3382 2817 Κύριος
3431 2749 3697 2820 στραφεὶς
3727 2753 3817 2803 ὲν-

2231 2835 2421 2904 έὸλεψε
2452 2835 2529 2905 τῷ
2556 2836 2776 2906 Πέτρῳ,
2808 2837 2901 2890 καὶ
2933 2836 3252 2908 ὑπεμνήσθη
3283 2839 3311 2890 6
3340 2836 3545 2910 Πέτρος
3583 2838 3679 2890 τοῦ
3719 2842 3823 2911 ῥή-

2234 2946 2401 2998 ματος
2433 2927 2528 2980 τοῦ
2559 2929 2786 2998 Κυρίου,
2817 2930 2892 2992 ὡς
2917 2925 3067 2982 εἶπεν
3096 2930 3242 3000 αὐτῷ
3265 2947 3278 2960 ο
3328 2951 3344 2982 ι
3375 2933 3510 3002 Πρὶν
3540 2932 3818 3004 ἀλέκτορα

2233 3023 2495 3093 φωνῆσαι,
2530 3023 2814 3095 ἀπαρνήσῃ
2843 3041 2907 3093 με
2936 3024 3074 3093 τρίς·
3103 3024 3196 3076 καὶ
3225 3023 3453 3089 ἐξελθὼν
3474 3024 3600 3090 ἔξω,
3625 3025 3822 3078 ἔκλαυ-

2233 3133 2293 3168 σε
2321 3115 2550 3186 πικρῶς.
2575 3134 2592 3165 ι
2634 3116 2796 3186 Ὀρᾷς
2821 3116 2882 3167 τὸ
2912 3114 3197 3185 φάρμακον
3226 3115 3332 3169 τῶν
3348 3115 3599 3186 δακρύων
3617 3133 3634 3148 ο
3660 3117 3820 3170 ἐθεά-

2236 3225 2312 3260 σω
2337 3208 2453 3260 οἵαν
2486 3206 2714 3276 ἀνομίαν
2745 3206 3012 3277 ἐξήλειψε.
3070 3206 3133 3258 Τί
3157 3206 3264 3278 γὰρ
3297 3210 3476 3278 χεῖρον
3503 3208 3601 3260 τοῦ
3637 3207 3822 3262 κακοῦ

2234 3299 2454 3359 τούτου,
2485 3300 2565 3352 ὅτι
2602 3299 2784 3370 τρίτον
2833 3297 2949 3367 μεθ’
2979 3298 3142 3369 ὅρκου
3182 3298 3272 3352 τὸν
3315 3297 3508 3352 ἑαυτοῦ
3541 3298 3818 3368 δεσπότην

2236 3393 2540 3462 ἡρνὴσατος
2570 3390 2662 3443 καὶ
2687 3389 2785 3460 τὴν
2821 3388 3150 3460 τηλικαύτην
3178 3390 3406 3458 ἀνομίαν
3435 3388 3525 3443 διὰ
3556 3391 3822 3461 δακρύων

2235 3483 2530 3554 ἐξήλειψεν.
2577 3484 2737 3552 Ὁρᾷς
2770 3482 2961 3553 ἡλίκην
2995 3481 3221 3552 δύναμιν
3251 3481 3431 3551 ἔχουσι
3457 3482 3525 3535 τά
3556 3482 3775 3553 δάκρυα
3803 3502 3816 3512 ·

2233 3577 2414 3627 ἐκεῖνα
2437 3575 2546 3644 γὰρ
2585 3575 2796 3645 ἐγράφη
2843 3575 2921 3636 είς
2949 3573 3045 3641 τὴν
3080 3573 3350 3642 ἡμετέραν
3380 3573 3694 3637 νουθεσίαν,
3726 3575 3826 3627 ἵνα

2231 3668 2396 3736 ἡμεῖς
2421 3665 2648 3727 ἐκείνοις
2673 3663 3200 3734 ἐπακολουθήσαντες
3223 3703 3238 3726 ,
3269 3662 3411 3733 ζωὴν
3439 3663 3656 3717 αἰώνιον
3679 3664 3827 3735 κλη-

2239 3756 2640 3826 ρονομὴσωμεν.
2699 3755 2808 3823 Οὐχ
2840 3755 2888 3806 oi
2923 3753 3106 3806 πολλοὶ
3127 3752 3308 3828 έχουσι
3334 3753 3396 3806 τὸ
3427 3755 3670 3825 χάρισμα
3703 3755 3828 3808 τῶν

2233 3844 2481 3916 δακρύων
2505 3886 2519 3908 ,
2556 3845 2666 3898 ἀλλ’
2693 3846 2805 3898 ὅσοι
2842 3845 2932 3897 τὸν
2976 3844 3098 3897 νοῦν
3131 3844 3342 3913 ἔχουσιν
3376 3845 3489 3899 ἄνω
3509 3885 3522 3908 ,
3555 3848 3668 3899 ὅσοι
3701 3848 3826 3900 τῶν

2233 3942 2436 4011 γηΐνων
2463 3939 2907 3994 ἐπιλανθάνονται
2927 3980 2940 4004 ,
2976 3941 3086 3993 ὅσοι
3115 3941 3210 4009 τῆς
3239 3940 3437 4010 σαρκὸς
3463 3925 3724 4009 πρόνοιαν
3753 3940 3827 3993 οὐ

2235 4032 2497 4094 ποιοῦσιν,
2531 4033 2722 4094 οἵτινες
2749 4032 2846 4083 οὐκ
2873 4031 3186 4084 ἐπίστανται
3213 4031 3368 4092 ὅλως,
3396 4032 3444 4082 εἰ
3466 4030 3552 4099 εἴη
3576 4030 3823 4100 κόσμος,

2233 4125 2426 4184 οἵτινες
2456 4122 2765 4193 ἐνέκρωσαν
2794 4121 2862 4174 τὰ
2899 4121 3055 4192 μέλη,
3087 4120 3153 4174 τὰ
3181 4123 3271 4174 ἐπὶ
3296 4121 3394 4190 τῆς
3423 4121 3525 4189 γῆς
3550 4137 3564 4150 °
3596 4121 3828 4186 τούτοις

2238 4215 2416 4285 μόνοις
2446 4213 2642 4266 δίδοται
2675 4212 2866 4276 πένθος
2892 4212 3160 4284 δακρύων.
3186 4211 3438 4282 Καθαρὸν
3461 4212 3570 4284 γὰρ
3591 4213 3832 4282 ἔχοντες

2234 4306 2324 4357 τὸν
2352 4303 2493 4366 νοῦν,
2525 4305 2620 4357 καὶ
2652 4304 2933 4377 ὀξύδορκον
2967 4306 3026 4356 τὸ
3053 4304 3268 4374 βλέμμα
3289 4305 3389 4373 τῆς
3418 4305 3654 4369 διανοίας
3679 4349 3695 4370 ,
3729 4309 3830 4362 ἔτι

2232 4397 2383 4458 ὅντες
2408 4397 2500 4448 ἐπὶ
2532 4398 2630 4465 τῆς
2662 4398 2782 4468 γῆς,
2821 4397 3074 4466 βλέπουσι
3119 4396 3216 4460 τὰς
3245 4397 3494 4460 κολάσεις
3521 4398 3620 4462 τάς
3646 4401 3709 4451 ὲν
3732 4402 3834 4472 τῷ

567 4502 666 4542 nos
695 4485 991 4548 cruciatus,
1023 4483 1223 4553 quibus
1258 4482 1366 4552 92
1401 4490 1725 4552 torquentur
1760 4492 2075 4554 peccatores
2112 4504 2124 4538 :

2235 4487 2354 4561 ᾄδῃ,
2375 4488 2468 4540 καὶ
2496 4489 2594 4552 τὰς
2621 4489 2886 4556 βασάνους
2915 4487 3014 4549 τὰς
3043 4488 3310 4551 αἰωνίους,
3341 4491 3396 4540 ἐν
3423 4483 3510 4553 αἷς
3538 4492 3586 4542 οἱ
3619 4491 3832 4563 ἁμαρ-

565 4594 778 4634 necnon
799 4584 1060 4632 aeternum
1096 4575 1298 4645 ignem,
1321 4572 1574 4628 tenebras
1591 4574 1910 4636 exteriores,
1943 4573 2127 4628 ﬂetum

563 4675 618 4724 ct
656 4665 947 4724 stridorem
991 4665 1259 4720 dentium.
1296 4661 1492 4718 Vident
1534 4679 1752 4734 quoque
1788 4663 1930 4719 dona
1963 4664 2130 4719 cmle-

564 4760 689 4824 stia,
729 4773 850 4828 quae
901 4757 1125 4829 largitus
1155 4755 1297 4811 Deus
1328 4765 1411 4810 est
1457 4756 1662 4811 sanctis
1709 4755 1863 4820 viris,
1900 4756 2127 4826 glorias,

562 4864 815 4912 coronas,
843 4847 1014 4904 stolas
1055 4853 1295 4910 sanctas,
1346 4845 1495 4916 regia
1529 4845 1866 4909 indumenta,
1916 4845 2127 4902 lucidas

562 4943 750 5008 cellas,
782 4938 1175 4994 inenarrabiles
1212 4935 1462 5000 delicias,
1503 4937 1668 4990 vitam
1697 4944 1976 4992 aeternam.
2026 4935 2130 4990 Ec-

561 5034 690 5104 quid
729 5033 872 5087 ultra
900 5046 1008 5086 non
1035 5026 1307 5084 dixerim?
1331 5027 1486 5094 Quod
1516 5027 1758 5082 omnium
1783 5028 2127 5084 mirabilissi-

562 5142 708 5180 Inum
737 5132 844 5188 est,
871 5124 966 5194 qui
989 5138 1122 5194 pura
1152 5129 1237 5176 est
1259 5129 1460 5184 mente,
1497 5119 1676 5188 ipsum
1706 5117 1876 5175 Deum
1901 5119 2128 5174 interio-

563 5217 715 5270 ribus
745 5215 918 5270 oculis
949 5213 1227 5285 perspicit.
1255 5209 1538 5277 Quomodo
1565 5209 1730 5279 igitur
1757 5207 1908 5271 ﬂere,
1943 5209 2126 5278 lugere

629 5371 672 5402 ⁶⁹
709 5368 855 5424 Psal.
893 5383 1009 5431 cvi,
1049 5367 1136 5420 16.
1213 5366 1260 5397 ⁷ο
1301 5363 1490 5418 Matth.
1527 5378 1687 5426 xxvn,
1721 5361 1791 5416 54
1815 5403 1830 5427 ,
1865 5363 1949 5416 74.

630 5502 742 5572 (57)
773 5503 1123 5573 Anglicanus,
1156 5505 1250 5556 καὶ
1280 5502 1641 5573 μακροτέραν.

633 5571 746 5642 (58)
777 5573 852 5642 :0
885 5572 1015 5642 ᾅδης
1047 5573 1199 5626 deest
1229 5571 1289 5626 in
1310 5571 1594 5626 BaSiliensi
1616 5571 2008 5642 etAnglicano.

631 5617 744 5713 239;
777 5626 921 5713 Felc.
1042 5643 1373 5713 παρακαλεῖν
1399 5643 1488 5713 τὸν
1514 5643 1644 5695 Θεὸν
1674 5617 1866 5711 μεγζάλ.

633 5710 744 5780 (40)
780 5711 947 5764 Αὐτόν
973 5710 1129 5764 deest
1151 5713 1202 5764 iu
1237 5710 1380 5766 Felc.
1420 5711 1473 5765 2.

634 5775 744 5840 («ill
801 5782 889 5835 Sic
923 5795 1110 5836 omnes
1161 5782 1270 5836 fere
1319 5781 1673 5852 manuscripti
1714 5795 1837 5835 cum
1889 5779 2126 5836 editione

2231 4581 2390 4634 τωλοὶ
2423 4581 2768 4645 κολάζονται,
2804 4582 2896 4634 καὶ
2939 4581 2998 4634 τὸ
3049 4580 3161 4652 πῦρ
3188 4580 3247 4632 τὸ
3297 4579 3541 4646 αἰώνιον,
3597 4582 3693 4635 καὶ
3756 4584 3838 4637 τὸ

2235 4673 2422 4733 σκότος
2453 4673 2514 4724 τὸ
2539 4671 2818 4742 ἐξώτερον,
2854 4673 2948 4726 καὶ⁵
2976 4673 3066 4725 τὸν
3089 4672 3361 4743 κλαυθμὸν
3385 4715 3398 4737 ,
3432 4675 3526 4728 καὶ
3548 4674 3637 4728 τὸν
3671 4674 3833 4746 βρυ-

2233 4764 2371 4834 γμὸν
2396 4763 2506 4834 (Η)
2532 4763 2638 4815 τῶν
2667 4763 2910 4818 ὀδόντων.
2965 4763 3228 4816 Βλέπουσι
3257 4765 3313 4817 δὲ
3341 4767 3434 4818 καὶ
3462 4765 3532 4819 τὰ
3563 4768 3836 4838 ἐπουρὰ-

2231 4869 2319 4906 νια
2357 4853 2670 4924 χαρίσματα
2689 4892 2702 4916 ,
2737 4852 2773 4907 ἃ
2797 4854 3084 4926 ἐχαρίσατο
3105 4856 3133 4907 6
3157 4853 3289 4918 Θεὸς
3315 4857 3427 4918 τοῖς
3461 4855 3635 4923 ἁγίοις
3656 4895 3672 4920 ,
3712 4861 3840 4912 καὶ

2231 4941 2329 5006 τὰς
2350 4943 2516 5010 ,δόξας
2537 4983 2552 5008 ,
2582 4943 2824 5006 καὶτοὺς
2853 4943 3148 5012 στεφάνους
3169 4985 3183 5007 ,
3220 4945 3313 4998 καὶ
3347 4946 3445 5008 τάς
3476 4945 3670 5009 στολὰς
3703 4949 3841 5013 τὰς

2235 5030 2394 5098 ἁγίας
2417 5070 2432 5094 ,
2464 5032 2558 5084 καὶ
2591 5031 2657 5084 τά
2704 5030 2958 5101 βασιλικά
2988 5033 3291 5105 ἐνδύματα.
3322 5035 3416 5086 καὶ
3454 5033 3525 5088 τὰ
3566 5040 3844 5104 φωτεινὰ

2231 5125 2472 5192 ταμιεῖα,
2508 5121 2600 5175 καὶ
2632 5124 2731 5186 τάς
2754 5124 2965 5196 τρυφὰς
2993 5125 3090 5188 τὰς
3116 5124 3555 5197 ἀνεκδιηγὴτους,
3584 5129 3682 5181 καὶ
3708 5132 3848 5202 τὴν

2231 5209 2376 5281 ζωὴν
2401 5210 2498 5282 τὴν
2529 5211 2761 5268 αἰώνιον.
2824 5216 2934 5268 Καὶ
2963 5216 3013 5268 τί
3041 5215 3120 5268 ἔτι
3151 5215 3212 5268 οὐ
3239 5215 3380 5285 λέγω
3410 5217 3522 5289 (42)
3547 5235 3562 5283 ;
3604 5220 3724 5273 Καὶ
3764 5226 3849 5278 τὸ

2229 5500 2492 5574 Co_mmel.
2521 5503 2652 5558 edit.
2673 5503 2847 5558 Paris.
2871 5519 2992 5558 cum
3019 5501 3339 5574 Anglicano,
3357 5507 3384 5558 6
3409 5503 3688 5574 κλαυθμὸς
3718 5511 3858 5565 καὶ

2229 5574 2258 5623 ὁ
2291 5570 2552 5646 βρογμός.
2591 5574 3072 5646 MoxBasilieusis,
3107 5570 3351 5646 οὐράνια.

2298 5642 2410 5720 μὴ
2439 5643 2666 5720 lj‘elc._2,
2693 5645 2821 5720 _Ka‘i.
2847 5645 2897 5696 τί
2935 5644 3013 5695 ἔτι
3061 5642 3221 5714 λέγω.
3257 5645 3402 5702 Editi
3445 5660 3570 5702 vero
3590 5652 3644 5700 et
3685 5647 3856 5720 alii,

2231 5715 2322 5766 καὶ
2359 5714 2410 5766 τί
2443 5715 2519 5768 ἔτι
2554 5718 2614 5769 ού
2646 5715 2807 5784 λέγω.
