3958 6534
213 463 331 518 275

1574 454 1663 510 DE
1697 453 2163 510 VIRGINITATE.

3367 450 3480 507 2Ἰῶ

218 580 420 650 μεῖζον
457 580 671 635 πάντων
700 580 916 651 θαῦμα,
968 579 1049 633 ὃτι
1072 580 1101 632 6
1131 578 1268 650 ἔχων
1295 577 1532 649 καθαρὸν
1564 578 1653 631 τὸν
1683 577 1797 631 νοῦν

1909 593 2017 632 non
2042 577 2190 645 velit,
2228 579 2318 647 qui
2351 578 2456 633 ista
2488 577 2713 632 videat?
2738 576 2857 632 Flet
2881 576 3025 632 enim
3068 582 3231 644 atque
3262 573 3444 629 lamen
3464 607 3478 616 -

216 672 313 724 καὶ
363 671 525 725 αὐτὸν
555 672 649 726 τὸν
680 672 812 725 Θεὸν
844 673 903 724 ἐν
933 673 1045 735 τοῖς
1076 670 1225 724 ἔνδον
1249 669 1545 740 ὀφθαλμοῖς
1573 667 1801 739 καθορᾷ.

1910 677 2077 733 tatur,
2111 677 2171 724 ut
2210 684 2240 723 a
2272 670 2529 738 gravibus
2585 669 2871 740 suppliciis
2911 668 3175 737 eripiatur
3209 685 3222 720 :
3255 680 3476 720 rursum

216 761 347 826 Πῶς
390 758 483 817 οὗν
519 763 582 819 οὐ
625 762 770 817 θέλει
808 761 1040 817 κλαῦσαι
1075 761 1169 815 καὶ
1212 759 1513 831 πενθῆσαι,
1560 761 1590 812 6
1630 758 1797 812 ταῦτα

1909 760 2001 817 ilet
2017 772 2071 818 et
2102 762 2374 826 obsecrat,
2406 770 2465 816 ut
2501 762 2700 833 dignus
2730 761 2823 816 ﬁat
2857 760 3159 816 caelestium
3207 757 3478 827 ejusmodi

214 852 475 922 βλέπωνς
511 852 707 908 Κλαίει
744 854 844 925 μὲν
869 853 980 927 γάρ
1014 853 1109 907 καὶ
1135 852 1417 924 ὀδύρεται,
1448 852 1597 916 ὅπως
1632 851 1802 923 ρυσθῇ

1909 853 2198 909 bonorum.

208 949 328 1003 ἀπὸ
351 948 464 1003 τῶν
485 948 680 1005 δεινῶν
708 949 982 1005 κολάσεων
1003 965 1018 980 ·
1046 948 1141 1003 καὶ
1163 948 1325 1003 πάλιν
1348 948 1525 1003 κλαίει
1550 947 1644 1002 καὶ
1663 946 1806 1013 ἀξιοῖ
1838 948 2110 1020 δεόμενος,
2135 952 2285 1015 ὅπως
2310 950 2516 1022 ἀξιωθῇ
2567 949 2677 1004 τῶν
2728 950 3068 1023 ἐπουρανίων
3094 948 3318 1002 ἐκείνων
3340 947 3478 1015 ἀγα-

209 1041 351 1098 θῶν.

283 1153 377 1209 18.
407 1155 513 1209 Διά
533 1154 693 1210 τοῦτο
714 1155 983 1227 ἐμίσησαν
1009 1155 1060 1208 οἱ
1087 1154 1231 1225 ἆγιοι
1249 1154 1339 1208 τὸν
1361 1153 1564 1225 κόσμον
1584 1151 1798 1221 τοῦτον,

208 1247 419 1311 εἰδότες
472 1248 639 1302 ὁποῖα
687 1247 871 1318 ἀγαθά
913 1247 1165 1320 μέλλουσι
1211 1246 1616 1320 κληρονομῆσαι
1664 1246 1802 1318 (45).

211 1340 380 1394 Ὥστε
406 1336 504 1395 οῦν
536 1342 567 1394 6
595 1340 734 1412 ἔχων
759 1340 1065 1395 ἀνάπαυσιν
1097 1341 1156 1393 ἐν
1180 1340 1259 1412 τῷ
1283 1340 1473 1412 κόσμῳ
1495 1340 1669 1410 τούτῳ
1699 1340 1801 1409 τὴν

205 1430 433 1486 αἰώνιον
463 1432 778 1488 ἀνάπαυσιν
814 1433 889 1504 μὴ
922 1431 1186 1499 ἐλπιζέτω
1214 1432 1417 1486 λαϐεῖν.
1462 1433 1526 1486 Ἦ
1557 1431 1801 1503 βασιλεία

205 1525 322 1595 γὰρ
348 1523 464 1578 τῶν
489 1525 737 1597 οὐρανῶν
758 1526 859 1578 οὐκ
879 1523 994 1578 ἔστι
1020 1525 1131 1578 τῶν
1148 1525 1571 1597 ἀναπαυομένων
1592 1525 1797 1589 ἐνθάδε,

208 1617 327 1670 ἀλλ’
355 1616 591 1671 ἐκείνων
616 1618 733 1671 ἐστὶ
773 1617 882 1672 τῶν
912 1620 970 1671 ἐν
1008 1616 1183 1687 θλίψει
1214 1617 1378 1689 πολλῇ
1407 1618 1500 1671 καὶ
1534 1634 1798 1688 στενοχω-

214 1709 308 1780 ρίᾳ
339 1709 644 1776 διαξάντων
673 1710 764 1764 τὸν
799 1710 910 1781 βίον
952 1710 1062 1782 (44)
1096 1709 1304 1763 τοῦτον.
1360 1710 1433 1762 Οὐ
1472 1708 1581 1781 γάρ
1608 1709 1798 1763 ἔλαϐον

206 1799 378 1870 αὐτὴν
401 1800 622 1871 δωρεάν
645 1802 695 1854 οἱ
720 1800 1005 1867 λαϐόντες,
1041 1801 1177 1855 ἀλλά
1228 1800 1365 1872 μετὰ
1410 1801 1657 1872 μεγάλων
1701 1802 1798 1873 μὸη

1980 1151 2067 1208 18.
2102 1151 2229 1209 Ideo
2282 1151 2430 1207 hunc
2482 1151 2748 1207 mundum
2783 1152 3012 1208 oderant
3060 1152 3279 1216 sancti,
3319 1150 3476 1223 gnari

1904 1245 2087 1315 qualia
2115 1245 2257 1300 bona
2300 1244 2610 1314 possessuri
2647 1252 2853 1301 essent.
2899 1242 3089 1314 Itaque
3136 1244 3387 1316 quisquis
3420 1245 3476 1300 in

1904 1336 2009 1391 hoc
2037 1334 2243 1390 mundo
2278 1335 2523 1406 requiem
2570 1335 2756 1398 habet,
2790 1350 2861 1391 ne
2913 1343 3096 1407 speret
3143 1351 3203 1393 se
3233 1339 3476 1408 requiem

1905 1436 2256 1499 accepturum
2287 1436 2567 1483 aeternam.
2616 1425 2751 1480 Nam
2798 1441 3022 1498 regnum
3063 1426 3327 1483 cmlorum
3381 1443 3477 1484 eo-

1905 1536 2038 1576 rum.
2078 1534 2185 1573 nou
2217 1526 2301 1574 est
2325 1527 2419 1588 qui
2471 1517 2715 1588 requiem
2756 1516 2846 1572 hic
2881 1516 3101 1581 habent,
3150 1517 3245 1574 sed
3285 1533 3477 1574 eorum

1904 1613 1995 1683 qui
2040 1613 2094 1666 in
2123 1611 2385 1669 arumnis
2417 1617 2472 1665 et
2502 1609 2770 1681 angustiis
2816 1610 3004 1666 multis
3050 1610 3193 1665 hanc
3230 1610 3479 1682 degerint

1903 1704 2090 1758 vitam.
2123 1703 2260 1757 lllud
2285 1704 2429 1758 enim
2460 1717 2682 1773 regnum
2710 1716 2820 1756 nou
2842 1703 3010 1772 gratis
3032 1703 3213 1769 datur,
3247 1702 3342 1759 sed
3362 1719 3479 1757 ma-

1903 1813 2011 1869 gno
2040 1797 2249 1861 labore,
2288 1795 2542 1850 maximis
2579 1795 2872 1851 sudoribus
2892 1796 3067 1865 ipsum
3099 1795 3280 1866 adepti
3325 1803 3474 1861 sunt,

209 1892 358 1962 χθων
388 1893 491 1947 καὶ
513 1893 776 1961 γενναίων
806 1893 1043 1965 ἱδρώτων
1059 1894 1229 1964 αὐτὴν
1255 1894 1554 1965 ἐκτήσαντο
1567 1896 1616 1946 οἱ
1635 1912 1797 1947 κατα-

1902 1890 1994 1959 qui
2025 1904 2093 1944 co
2121 1888 2268 1960 digni
2306 1896 2435 1945 sunt
2481 1888 2671 1943 habiti.
2700 1886 2819 1943 Non
2855 1896 3048 1943 curant
3072 1898 3477 1959 quantumcun-

212 1981 524 2047 ξιωθέντες.
545 1986 622 2037 Οὐ
649 1985 801 2055 μέλει
825 1985 1028 2049 αὐτοῖς,
1050 1985 1172 2038 ὅσον
1200 1984 1294 2038 ἐὰν
1313 1986 1649 2039 κοπιάσωσιν
1675 1978 1795 2038 ὦδε.

206 2074 565 2139 Εἱσελθόντες
591 2075 701 2147 γάρ
732 2078 867 2138 ἐκεῖ,
898 2075 1343 2131 ἐπιλανθάνονται
1374 2075 1483 2130 τῶν
1503 2076 1679 2129 πόνων
1708 2077 1800 2129 καὶ

209 2165 320 2218 τῶν
344 2165 578 2230 ὀδυνῶν,
615 2167 717 2220 ὅσα
736 2165 938 2221 ἔπαθον
959 2169 1017 2220 ἐν
1048 2167 1125 2239 τῷ
1150 2169 1367 2239 ματαίῳ
1395 2168 1586 2240 κόσμῳ
1603 2168 1797 2241 τούτῳ,

211 2258 320 2310 67.6
357 2257 462 2328 τῆς
512 2256 717 2329 πολλῆς
751 2258 843 2312 καὶ
885 2258 1277 2331 ἀνεκδιηγήτου
1304 2260 1663 2323 ἀναπαύσεως
1703 2262 1799 2331 τῆς

208 2349 508 2421 δεδομένης
531 2351 736 2414 αὐτοῖς.
770 2351 835 2404 Τί
853 2350 1051 2419 λέγεις,
1081 2352 1372 2424 ἄνθρωπε;
1418 2353 1549 2407 Ἰδοὺ
1580 2352 1672 2407 δύο
1692 2352 1800 2407 ὁδοὶ

212 2441 600 2513 παρετέθησαν
621 2440 852 2495 ἐνώπιόν
878 2458 996 2505 σου,
1019 2443 1052 2513 ή
1077 2441 1189 2514 ζωὴ
1217 2445 1309 2496 καὶ
1332 2445 1360 2496 6
1386 2443 1611 2507 θάνατος
1631 2461 1644 2474 ·
1666 2444 1798 2498 ὅπου

211 2532 304 2584 ἐὰν
335 2533 503 2605 θέλῃς
529 2533 784 2605 πορεύου.
820 2534 930 2586 Καὶ
957 2533 1063 2587 ἰδοὺ
1093 2535 1204 2607 πῦρ
1227 2536 1321 2589 καὶ
1345 2534 1488 2607 ὓδωρ
1507 2552 1520 2565 ·
1546 2537 1680 2589 ὅπου
1706 2536 1800 2592 ἐὰν

210 2621 367 2694 θέλῃς
388 2623 636 2678 ἔκτεινον
655 2625 755 2696 τὴν
782 2624 941 2697 χεῖρά
964 2643 1052 2678 σου
1069 2641 1083 2655 ’
1103 2626 1194 2678 ἐπὶ
1224 2624 1306 2679 σοί
1330 2626 1497 2690 ἐστιν,
1522 2628 1615 2680 ἐὰν
1640 2626 1800 2700 θέλῃς

214 2713 520 2783 κτήσασθαι
556 2713 655 2785 τὴν
681 2715 825 2786 ζωὴν
851 2755 865 2776 ,
900 2716 994 2770 καὶ
1021 2716 1114 2769 ἐπὶ
1143 2716 1224 2770 σοί
1266 2719 1412 2771 ἐστιν
1437 2758 1452 2782 ,
1505 2718 1602 2773 ἐὰν
1641 2718 1801 2793 θέλῃς

213 2804 520 2876 κτήσασθαι
539 2806 632 2858 τὸν
647 2804 894 2861 θάνατον.
910 2808 969 2861 Ὁ
989 2802 1080 2861 οῦν
1103 2807 1330 2873 θάνατός
1351 2810 1496 2862 ἐστιν
1516 2812 1544 2863 6
1565 2810 1796 2882 κόσμος⁹

213 2898 245 2966 ἡ
274 2897 330 2949 δὲ
362 2895 484 2969 ζωή
523 2898 675 2951 ἐστιν
706 2900 738 2969 ἡ
781 2899 1095 2971 δικαιοσύνη
1118 2917 1132 2929 ·
1168 2899 1385 2972 μακρὰν
1420 2897 1514 2955 οὖν
1543 2904 1571 2956 6
1599 2903 1800 2974 κόσμος

213 2987 315 3041 ἀπὸ
327 2989 431 3059 τῆς
447 2989 816 3061 δικαιοσύνης,
832 2992 953 3045 καθ’
972 2993 1095 3046 ὅσον
1106 2994 1134 3045 6
1150 2991 1378 3056 θάνατος
1394 2994 1502 3048 ἀπὸ
1517 2996 1617 3065 τῆς
1633 2995 1795 3067 ζωῆς.

224 3079 348 3132 Ἑάν
371 3074 473 3132 οὖν
508 3079 718 3151 πορεύῃ
746 3083 802 3133 ἐν
825 3079 902 3151 τῷ
927 3081 1137 3153 κόσμῳ,
1168 3085 1225 3136 ἐν
1245 3081 1324 3153 τῷ
1353 3082 1565 3154 θανάτῳ
1593 3084 1799 3157 πορεύῃ

215 3170 305 3221 καὶ
324 3170 489 3235 ἐκτὸς
513 3170 607 3223 τοῦ
625 3170 762 3223 Θεοῦ
786 3171 912 3245 γίνῃ
928 3212 941 3236 ,
957 3172 1096 3225 κατὰ
1114 3172 1211 3244 τὴν
1244 3173 1395 3227 θείαν
1412 3174 1653 3247 Γραφὴν.
1673 3177 1799 3231 Ἐὰν

211 3261 266 3314 δὲ
291 3264 347 3314 ἐν
378 3265 450 3333 τῇ
480 3263 922 3337 δικαιοσύνῃμὸ)
945 3263 1172 3335 πορεύῃ,
1205 3265 1261 3318 ἐν
1281 3268 1347 3337 τῇ
1374 3264 1485 3337 ζωῇ
1522 3267 1794 3339 πεπόρευ-
1824 3249 1869 3310 C

215 3372 320 3418 σαι,
346 3355 442 3408 καὶ
463 3354 524 3407 ού
552 3356 628 3425 μὴ
653 3353 854 3425 ἆῴηταί
873 3372 964 3408 σου
983 3354 1226 3420 θάνατος.
1245 3357 1359 3410 Οὐκ
1381 3356 1498 3411 ἔστι
1520 3358 1629 3431 γὰρ
1646 3357 1799 3431 παρά

211 3449 320 3511 τοῖς
349 3446 589 3510 δικαίοις
623 3445 869 3509 θάνατος,
905 3446 1041 3500 ἀλλά
1074 3447 1383 3518 μετάθεσις.
1439 3450 1797 3503 Μετατίθεται

212 3538 317 3610 γὰρ
334 3541 364 3592 6
382 3538 602 3604 δίκαιος
622 3539 764 3611 ἀνὴρ
788 3540 853 3593 ὲκ
882 3539 976 3592 τοῦ
1003 3540 1206 3612 κόσμου
1237 3541 1427 3594 τούτου
1447 3543 1527 3605 εἰς
1556 3543 1652 3613 τὴν
1668 3540 1799 3596 αίώ-

211 3648 321 3683 νιον
352 3630 668 3684 ἀνάπαυσιν
688 3647 701 3660 ’
733 3632 825 3684 καὶ
853 3630 1042 3703 ὥσπερ
1062 3649 1145 3696 τις
1176 3632 1282 3685 ἀπὸ
1299 3631 1549 3702 φυλακῆς
1567 3630 1794 3696 ἐξέλθοι,

209 3721 351 3775 οὕτω
378 3722 478 3775 καὶ
506 3723 559 3775 οἱ
586 3721 733 3791 ἆγιοι
758 3722 1067 3794 ἐξέρχονται
1100 3724 1208 3777 άπὸ
1236 3723 1330 3779 τοῦ
1368 3724 1641 3796 μοχθηροῦ
1681 3725 1795 3794 βίου

211 3813 399 3866 τούτου
416 3815 501 3877 είς
518 3812 588 3866 τὰ
601 3814 781 3881 ἀγαθὰ
793 3813 860 3867 τά
870 3815 1243 3887 ἡτοιμασμένα
1259 3817 1442 3879 αὐτοῖς
1455 3834 1469 3847 ο
1490 3835 1508 3867 ι
1526 3819 1593 3869 'A
1606 3817 1796 3887 ὀφθαλ-

213 3905 310 3973 μὸς
332 3905 437 3957 οὐκ
459 3899 571 3958 οἶδε
590 3904 723 3975 (46),
742 3907 835 3959 καὶ
856 3902 949 3973 οῦς
971 3908 1071 3962 οὐκ
1094 3908 1318 3981 ἢκουσε,
1336 3908 1430 3963 καὶ
1456 3909 1548 3964 ἐπὶ
1570 3909 1795 3983 καρδίαν

210 3995 503 4067 ἀνθρώπου
526 3998 627 4050 οὐκ
643 3998 830 4072 ἀνέϐη,
848 3998 885 4055 ἃ
900 4002 1195 4074 ἡτοίμασεν
1224 4005 1253 4056 6
1278 4002 1410 4067 Θεὸς
1428 4006 1541 4067 τοῖς
1566 4003 1793 4072 ἀγαπῶ-

214 4105 291 4141 σιν
316 4090 508 4144 αὐτόν.
540 4108 557 4142 ι
587 4092 650 4144 Οἱ
674 4093 731 4145 δέ
760 4094 1074 4164 ἁμαρτωλοὶ
1103 4097 1200 4148 καὶ⁸
1220 4088 1321 4149 ὧδε
1352 4096 1538 4161 κακῶς
1565 4096 1796 4169 μοχθοῦ-

212 4195 294 4243 σι,
325 4183 424 4234 καὶ
454 4182 575 4235 ἐκεῖ
593 4182 751 4237 πάλιν
769 4184 830 4237 τὸ
859 4182 967 4256 πῦρ
993 4184 1191 4249 αὐτοὺς
1215 4186 1495 4257 ἀναμένει.
1531 4187 1641 4241 Καὶ
1668 4189 1793 4252 τοὺς

1901 1998 2007 2054 que
2038 1982 2129 2037 hic
2161 1980 2552 2037 laboraverint.
2599 1981 2678 2035 Eo
2723 1980 2868 2036 enim
2916 1980 3170 2052 ingressi,
3227 1980 3475 2037 laborum

1901 2072 2262 2143 dolorumque
2286 2087 2411 2127 mox
2433 2070 2832 2127 obliviscuntur
2859 2080 3343 2143 quantumcunque
3365 2073 3476 2128 sint

1904 2165 2144 2235 perpessi
2176 2165 2231 2219 in
2263 2164 2367 2218 hoc
2386 2179 2527 2218 vano
2550 2165 2774 2228 mundo,
2798 2164 2869 2219 ob
2895 2179 3143 2235 magnam
3172 2173 3226 2220 et
3248 2164 3474 2220 inenar-

1902 2256 2132 2313 rabilem
2165 2255 2269 2311 sibi
2294 2257 2475 2310 datam
2507 2257 2772 2326 requiem.
2807 2255 2948 2322 Quid
2976 2256 3080 2322 ais,
3113 2256 3310 2311 homo?
3332 2255 3476 2312 Ecce

1902 2345 2043 2401 bina:
2070 2345 2170 2400 viae
2216 2346 2310 2401 tibi
2360 2354 2489 2402 sunt
2526 2347 2841 2417 propositae,
2888 2348 2996 2401 vita
3046 2355 3094 2403 et
3137 2362 3286 2403 mors
3319 2365 3333 2400 :
3366 2362 3475 2416 qua

1900 2440 2162 2503 volueris,
2198 2440 2408 2494 incede.
2436 2439 2576 2495 Ecce
2605 2442 2785 2511 ignem
2818 2450 2873 2496 et
2899 2455 3118 2510 aquam,
3146 2453 3475 2509 quocunque

1901 2530 2141 2586 volueris
2170 2530 2402 2585 extende
2428 2546 2650 2586 manum
2679 2539 2849 2586 tuam.
2885 2530 3071 2611 Penes
3092 2538 3144 2585 te
3172 2537 3278 2594 est,
3310 2530 3358 2585 si
3386 2529 3474 2584 lu-

1902 2624 2046 2688 beat,
2072 2626 2237 2679 vitam
2274 2624 2591 2695 possidere;
2632 2641 2800 2696 penes
2842 2634 2895 2681 te
2938 2634 3044 2691 est,
3091 2623 3138 2678 si
3185 2625 3475 2695 placuerit.

1902 2722 2133 2769 mortem
2174 2713 2425 2784 adipisci.
2464 2713 2610 2769 Mors
2658 2715 2843 2786 itaque
2894 2715 2983 2769 hic
3046 2713 3284 2769 mundus
3337 2720 3471 2769 est:

1901 2806 2011 2863 vita
2045 2821 2172 2862 vero
2196 2819 2279 2863 est
2307 2807 2543 2877 justitia.
2588 2805 2952 2874 Quamobrem
2988 2815 3142 2862 tanto
3187 2806 3473 2862 intervallo

1902 2898 2138 2954 mundus
2173 2899 2339 2953 distat
2368 2914 2398 2952 a
2435 2899 2677 2969 justitia,
2706 2910 2914 2970 quanto
2962 2915 3112 2954 mors
3161 2914 3191 2952 a
3237 2900 3370 2954 vita.
3413 2898 3472 2954 Si

1902 2990 2067 3061 igitur
2094 2990 2343 3047 ambulas
2371 2991 2426 3045 in
2461 2991 2684 3056 mundo,
2709 2992 2762 3045 in
2799 2999 2971 3046 morte
2997 2992 3265 3055 ambulas,
3296 2999 3351 3045 et
3378 3004 3477 3046 e1-

1902 3088 1986 3136 tra
2016 3080 2185 3137 Deum
2209 3097 2292 3146 es,
2320 3083 2622 3138 secundum
2654 3083 2892 3138 divinam
2917 3083 3255 3153 Scripturam
3286 3098 3299 3134 :
3324 3083 3470 3153 quod

1901 3175 1945 3229 si
1987 3174 2042 3229 in
2067 3173 2281 3245 justitia
2325 3176 2592 3239 ambulas,
2638 3176 2836 3231 invita
2879 3177 3147 3241 ambulas,
3186 3183 3240 3231 et
3268 3192 3471 3247 nequa-

1899 3283 2060 3338 quam
2100 3275 2152 3324 te
2186 3268 2410 3340 attinget
2444 3284 2610 3324 mors.
2644 3269 2795 3339 Apud
2831 3269 3013 3338 justos
3039 3271 3185 3325 enim
3233 3285 3343 3324 non
3386 3277 3471 3325 est

1899 3372 2071 3420 mors,
2118 3358 2210 3413 sed
2260 3360 2569 3415 translatio.
2605 3359 2956 3414 Transfertur
3001 3360 3145 3416 enim
3191 3360 3375 3432 justus
3403 3377 3471 3416 ex

1900 3449 2001 3504 hoc
2035 3452 2238 3503 mundo
2274 3452 2329 3504 in
2360 3452 2605 3521 requiem
2647 3461 2929 3509 aeternam.
2966 3452 3029 3506 Et
3059 3453 3217 3524 quasi
3255 3453 3378 3524 quis
3403 3469 3471 3509 ex

1896 3556 2118 3596 carcere
2146 3542 2337 3597 evadat
2360 3583 2375 3608 ,
2423 3544 2504 3598 sic
2541 3545 2713 3599 sancti
2750 3561 2813 3600 ex
2855 3546 2957 3599 hac
2982 3546 3181 3602 misera
3209 3546 3322 3601 vita
3355 3546 3472 3603 dis-
3534 3584 3547 3599 .

1897 3635 2098 3690 cedunt
2133 3635 2201 3690 ad
2230 3637 2374 3692 bona
2401 3638 2507 3692 sibi
2539 3646 2729 3707 parata
2762 3658 2775 3693 :
2814 3657 2833 3689 σ
2868 3639 3000 3706 Quae
3034 3639 3226 3694 oculus
3253 3654 3362 3694 non
3391 3642 3471 3693 vis

1897 3725 1995 3790 dit,
2030 3742 2131 3782 nec
2159 3728 2311 3782 auris
2339 3729 2568 3794 audivit,
2600 3745 2699 3785 nec
2725 3731 2779 3784 in
2822 3745 2919 3785 cor
2942 3731 3181 3786 hominis
3211 3733 3470 3786 ascende-

1896 3828 2043 3882 runt,
2093 3835 2213 3890 quae
2259 3822 2582 3890 praeparavit
2628 3820 2772 3878 Deus
2812 3820 3164 3891 diligentibus
3215 3838 3274 3879 se
3319 3824 3385 3875 '“.
3443 3841 3463 3875 ι

1896 3906 2220 3965 Peccatores
2254 3918 2435 3965 autem
2475 3912 2565 3967 hic
2590 3912 2789 3968 misere
2818 3913 3091 3977 laborant,
3114 3920 3166 3967 et
3199 3912 3311 3968 illic
3339 3928 3468 3967 rur-

1896 4016 2015 4055 sum
2068 4001 2206 4072 ignis
2242 4001 2392 4075 ipsos
2438 4012 2736 4073 exspectat.
2786 4003 2890 4071 Qui
2936 4003 3141 4075 duplici
3189 4003 3257 4061 de
3300 4019 3469 4061 causa

1895 4094 2023 4150 ﬂere
2057 4094 2278 4157 debent,
2317 4094 2444 4167 quia
2486 4095 2574 4150 hic
2617 4095 2672 4149 in
2702 4104 2934 4168 angusto
2961 4104 3111 4163 sunt,
3141 4111 3242 4152 nec
3286 4105 3467 4152 tamen

1896 4184 1967 4240 ibi
2004 4186 2310 4242 libertatem
2338 4188 2731 4258 adipiscentur.
2762 4185 2943 4252 Quare
2975 4187 3049 4241 ait
3090 4186 3276 4243 divina
3316 4187 3467 4243 Scri-

210 4273 487 4337 τοιούτους
536 4274 737 4339 διπλῶς
765 4276 845 4328 δεῖ
890 4276 1121 4331 κλαῦσαι
1163 4277 1306 4348 (47),
1340 4279 1425 4332 ὅτι
1467 4280 1560 4332 καὶ
1605 4272 1707 4332 ὧδε
1735 4281 1793 4332 ἐν

211 4365 549 4437 στενοχωρίᾳ
562 4367 687 4433 εἰσὶ,
710 4368 803 4421 καὶ
818 4368 933 4421 ἐκεῖ
950 4368 1048 4442 τὴν
1067 4369 1407 4441 εὐρυχωρίαν
1427 4371 1527 4423 ούκ
1548 4371 1793 4442 ἀπολαμ-

212 4455 453 4510 ϐάνουσι.
507 4456 607 4511 Διά
641 4459 796 4513 τοῦτο
834 4460 1054 4533 εἴρηκεν
1076 4462 1110 4531 ἡ
1145 4459 1266 4515 θεία
1291 4461 1480 4531 Γραφή
1502 4478 1515 4491 ο
1573 4481 1591 4512 ι
1619 4462 1790 4514 Ὅπου

1895 4283 2052 4344 ptura
2096 4295 2108 4331 :
2144 4294 2163 4322 ι
2196 4275 2370 4343 Quam
2411 4293 2471 4331 se
2496 4292 2714 4348 cunque
2742 4280 2794 4331 in
2821 4285 3029 4350 partem
3050 4285 3331 4333 convertat
3364 4277 3467 4331 ini-

1895 4367 2036 4435 pius,
2071 4367 2356 4421 subruitur
2386 4368 2450 4420 7'.
2493 4387 2511 4418 ι
2550 4368 2828 4439 Angustias
2855 4368 3000 4424 enim
3035 4367 3113 4423 illi
3145 4374 3275 4422 sunt
3304 4366 3464 4422 undi-

1893 4475 2026 4530 que:
2047 4460 2158 4515 illic
2182 4459 2420 4523 dolores,
2448 4460 2535 4515 hic
2560 4475 2836 4515 aerumnae.
2857 4458 3051 4516 Nullus
3079 4459 3278 4531 quippe
3305 4459 3467 4515 homo

212 4547 300 4605 ἐὰν
328 4550 551 4621 στραςρῇ
578 4551 606 4603 6
635 4549 834 4622 ἀσεϐὴς
853 4594 868 4617 ,
902 4551 1242 4622 ἀφανίζεται.
1270 4571 1289 4602 ι
1328 4553 1498 4605 Στενά
1539 4552 1647 4626 γάρ
1676 4550 1788 4623 (48)

1902 4559 1996 4613 est,
2024 4552 2153 4621 quin
2182 4551 2388 4607 laboret
2424 4553 2477 4607 in
2520 4552 2624 4606 hac
2658 4553 2857 4607 misera
2890 4552 3019 4614 vita.
3052 4567 3259 4623 pauper
3288 4562 3342 4609 et
3381 4551 3466 4608 di-

207 4640 350 4712 αὐτῷ
374 4641 646 4695 πάντοθεν
665 4659 678 4673 ο
709 4644 803 4698 καὶ
827 4645 943 4697 ἐκεῖ
959 4643 1157 4707 ὀδύναι,
1186 4644 1279 4698 καὶ
1295 4636 1396 4697 ὧδε
1423 4644 1649 4714 θλίψεις.
1675 4645 1790 4699 Ούκ

1902 4656 2008 4708 res,
2039 4657 2231 4697 servus
2264 4653 2317 4697 et
2346 4643 2503 4708 liber,
2537 4652 2794 4713 peccator
2817 4651 2871 4699 et
2902 4644 3108 4713 justus.
3137 4643 3339 4700 Omnes
3368 4661 3465 4716 pa-

207 4732 280 4787 ἐνι
311 4735 429 4807 γὰρ
461 4735 749 4808 ἄνθρωπος
777 4737 804 4789 6
839 4736 913 4808 μὴ
957 4738 1164 4792 κοπιῶν
1193 4739 1251 4791 ἐν
1285 4737 1361 4809 τῷ
1396 4736 1653 4810 μοχθηρῷ
1688 4738 1788 4809 βίῳ

1902 4736 2026 4790 riter
2075 4734 2344 4802 laborant,
2389 4720 2641 4807 unusque
2684 4752 2848 4793 casus
2893 4737 3149 4793 omnibus
3189 4738 3461 4802 obveniet,

206 4825 405 4897 τούτῳ·
458 4825 557 4879 καὶ
588 4827 618 4879 6
649 4827 863 4897 πτωχὸς
904 4829 997 4882 καὶ
1034 4830 1062 4882 6
1095 4829 1348 4892 πλούσιος
1367 4870 1382 4893 ,
1417 4829 1512 4882 καὶ
1540 4831 1568 4882 6
1604 4829 1787 4892 δοῦλος

1902 4828 2008 4882 sive
2034 4828 2308 4896 peccatori
2342 4828 2458 4883 sive
2487 4828 2658 4899 justo,
2695 4829 2750 4884 in
2780 4830 2883 4885 hoc
2922 4831 3133 4885 scilicet
3167 4829 3389 4884 mundo.

205 4917 291 4970 καὶ
312 4918 344 4969 6
370 4917 682 4989 ἐλεύθερος,
709 4919 802 4972 καὶ
825 4921 853 4972 6
879 4920 1203 4991 ἁμαρτωλὸς
1242 4922 1335 4974 καὶ
1357 4922 1386 4973 6
1414 4921 1639 4985 δίκαιος,
1667 4921 1865 4984 πάντες
1890 4920 2090 4991 ὁμοίως
2112 4919 2344 4973 κοπιῶσι
2361 4961 2374 4986 ,
2412 4922 2505 4975 καὶ
2558 4922 2617 4975 ἓν
2656 4922 2966 4995 συνάντημα
3014 4925 3125 4986 τοῖς
3173 4922 3305 4975 πᾶσι
3330 4937 3464 4991 σύμ,

206 5008 450 5079 ϐήσεται,
476 5008 573 5062 καὶ
596 5009 675 5079 τῷ
702 5009 1009 5081 ἁμαρτωλῷ
1032 5011 1126 5064 καὶ
1150 4995 1230 5082 τῷ
1259 5011 1472 5083 δικαίῳ,
1494 5005 1598 5064 ὧδε
1630 5014 1688 5064 ἐν
1708 5010 1787 5081 τῷ
1820 5010 2009 5081 κόσμῳ
2046 5009 2236 5081 τούτῳ.

267 5103 356 5157 19.
388 5105 543 5157 Ἐκεῖ
551 5104 609 5157 δὲ
624 5104 725 5157 οὐκ
740 5104 885 5159 ἐστιν
901 5106 1093 5171 οὓτως,
1108 5107 1243 5161 ἀλλά
1259 5108 1393 5179 ἀλλη
1414 5109 1505 5161 καὶ
1520 5107 1652 5179 ἄλλη
1672 5108 1782 5175 (49)

1968 5107 2053 5161 l9.
2086 5106 2156 5161 At
2186 5108 2262 5162 ibi
2308 5124 2417 5164 non
2449 5110 2523 5164 ita
2561 5126 2622 5166 se
2647 5126 2737 5167 res
2766 5112 2949 5175 habet,
2994 5110 3088 5167 sed
3126 5111 3264 5165 alius
3300 5117 3463 5181 atque

203 5194 372 5261 τάξις.
406 5194 606 5258 ’Δλλος
639 5194 750 5267 γὰρ
776 5197 804 5250 6
835 5196 1001 5262 κόπος
1025 5197 1118 5251 τοῦ
1148 5197 1357 5252 δικαίου
1387 5199 1445 5251 ἐν
1485 5196 1566 5267 τῷ
1593 5197 1782 5269 κόσμῳ

1902 5199 2032 5254 alius
2058 5199 2215 5256 ordo.
2247 5200 2404 5258 Alius
2427 5203 2628 5273 quippe
2656 5210 2740 5259 est
2764 5203 2918 5259 labor
2934 5202 3070 5274 justi
3089 5205 3145 5257 ln
3173 5203 3276 5258 hoc
3303 5218 3462 5258 mun-

290 5373 305 5403 ⁸
348 5371 369 5426 l
403 5372 538 5429 Cor.
583 5388 647 5435 η,
685 5372 740 5427 9.
815 5374 860 5405 ⁷³
902 5373 1059 5430 Prov.
1098 5392 1208 5439 xu,
1248 5377 1295 5432 7.

288 5550 379 5629 ἐξ)
414 5554 1183 5629 ᾼηειίεεηυενιεληρρνρμεῖν·
1284 5626 1293 5629 ,
1388 5627 1430 5629 _,
1556 5628 1563 5629 ,

1958 5558 2068 5629 (46)
2101 5555 2209 5629 δίε,
2234 5557 2399 5629 Basil.
2444 5554 2586 5611 Editi
2635 5568 2782 5619 vero,
2814 5546 2940 5608 εἶδε.
2977 5552 3123 5609 intra
3167 5552 3333 5618 idem,
3366 5556 3460 5609 καὶ

291 5574 379 5623 ω)
414 5574 780 5638 angucanus,
804 5574 1183 5679 κληρονομειν.

291 5622 382 5699 μ)
416 5624 781 5699 Anglicanus,
799 5624 1229 5699 _6t6_}a§6wwv_
1249 5626 1355 5699 τὸν
1379 5627 1512 5697 βίον.
1552 5628 1696 5693 Mox,
1736 5634 1784 5685 οί

1958 5574 2068 5629 (ab)
2102 5574 2192 5612 διε
2236 5574 2302 5611 ba

1902 5630 1938 5681 λε
1969 5628 2302 5699 ἁμαρτωλοί.

208 5693 456 5770 λαϐδντες
497 5693 654 5770 deest
710 5694 764 5770 iu
797 5693 1082 5770 Basilieusi
1122 5706 1175 5770 et
1205 5693 1526 5770 {\nglicano.
1556 5700 1782 5762 Ibidem.

1960 5693 2069 5770 (6'7)
2092 5693 2451 5770 Anglicanus,
2494 5695 2720 5770 κλαίειν.

210 5764 411 5839 Anglic.
442 5773 505 5839 et
543 5764 788 5839 Felc._‘2,
822 5767 1057 5839 μεγάλου
1102 5763 1327 5839 μόχθοιῑ.
1362 5766 1533 5823 Paulo
1558 5780 1703 5839 post,
1736 5773 1782 5824 ot

1958 5763 2068 5839 (48)
2101 5763 2246 5839 Fere.
2277 5766 2333 5839 2,
2366 5767 2555 5819 Σκιεναὶ
2587 5766 2713 5838 γάρ.
2751 5765 2917 5831 Infra,
2966 5765 3139 5838 τούτῳ
3195 5771 3315 5835 post
3362 5763 3461 5833 βίῳ

213 5835 631 5901 καταξιωθέντες
681 5835 906 5891 deestiu
936 5836 1079 5892 Fclc.
1105 5835 1207 5890 ‘2."
1558 5835 1575 5839 ’
1690 5835 1699 5838 ⁷

1902 5835 2058 5895 ἱρεει
2081 5840 2134 5892 ἰη
2166 5837 2329 5893 Basil.

280 5905 392 5979 (45)
427 5906 666 5981 Anglic,
706 5908 798 5960 ἐὰν
844 5910 907 5979 τῇ
947 5908 1054 5963 δικ.
1087 5906 1233 5965 Felc.
1266 5909 1321 5979 2,
1375 5908 1467 5963 ἐὰν
1494 5909 1548 5962 δὲ
1587 5913 1649 5982 τῇ
1678 5911 1782 5965 δικ.

1961 5910 2068 5981 (48))
2104 5909 2246 5975 "mc,
2282 5908 2374 5962 καὶ
2412 5906 2567 5981 άλλη,
2598 5909 2795 5967 desunt
2825 5909 2876 5963 iu
2908 5908 3052 5965 Felc.
3081 5911 3136 5961 2.
