4008 6404
473 375 582 430 ’275

1642 370 1697 425 S.
1742 369 2202 427 ATIIANASIUS.
2246 402 2314 415 -—-
2352 372 2578 428 DUBIA.

3632 367 3737 423 276

473 490 569 553 do,
616 494 670 543 et
701 486 843 543 alius
877 485 1203 558 peccatoris.
1244 482 1381 540 Nam
1424 484 1610 556 justus
1653 486 1885 552 laborat,
1934 505 2041 543 non

2167 491 2338 561 τούτῳ,
2363 491 2456 544 καὶ
2479 488 2634 553 ἄλλος
2657 489 2685 541 6
2702 486 2794 541 τοῦ
2820 485 3164 560 ἁμαρτωλοὶ
3198 485 3259 538 '0
3285 484 3381 556 μὲν
3401 482 3510 556 γὰρ
3531 482 3738 549 δίκαιος

473 597 583 652 quo
607 587 850 635 ventrem
884 580 1105 650 impleat
1132 598 1145 633 :
1176 578 1382 632 nullam
1412 578 1612 649 quippe
1631 581 1815 636 carnis
1847 582 2051 637 sollici-

473 672 719 727 tudinem
757 671 942 735 habet,
974 686 1152 741 neque
1185 670 1388 741 cogitat
1430 686 1488 726 se
1538 686 1757 727 carnem
1799 682 2051 745 gestare;

473 762 569 819 sed
603 770 763 817 nocte
789 762 985 832 dieque
1016 761 1229 816 laborat
1258 759 1426 816 Deum
1456 764 1775 833 quaarendo,
1802 780 2052 820 somnum

472 856 796 925 plerumque
824 853 1101 909 modicum
1133 853 1300 923 capit,
1333 868 1474 923 pane
1498 860 1553 908 et
1584 870 1724 925 aqua
1760 872 1867 911 non
1896 865 2053 911 satu-

474 958 627 1001 ratur
661 967 674 1001 :
706 948 761 1001 in
789 946 1022 1002 desertis
1044 956 1192 1001 errat
1223 946 1380 1011 locis,
1429 962 1630 1018 corpus
1680 964 1841 1005 suum
1869 950 2056 1004 multis

474 1039 636 1095 allicit
691 1039 974 1101 aerumnis,
1007 1038 1183 1094 donec
1234 1040 1747 1096 inmarcescibilem
1796 1056 2057 1097 coronam

475 1131 729 1201 accipiat,
757 1145 879 1201 qua:
909 1129 1016 1201 ipsi
1047 1132 1285 1201 reposita
1316 1139 1420 1187 est.
1453 1131 1657 1186 Contra
1685 1140 1941 1204 peccator
1980 1134 2059 1188 la-

474 1220 699 1275 boribus
719 1227 773 1274 et
786 1220 1047 1275 aerumnis
1067 1221 1355 1289 premitur,
1387 1237 1493 1275 non
1518 1228 1739 1293 prapter
1755 1223 2054 1293 justitiam,

476 1312 569 1366 sed
600 1318 820 1381 propter
854 1311 995 1366 hanc
1039 1312 1295 1385 miseram
1324 1327 1565 1376 carnem,
1597 1312 1670 1368 ob
1698 1323 1910 1384 turpem
1940 1330 2056 1368 mu-

476 1401 687 1466 lierem,
712 1402 835 1458 aliis
864 1409 1027 1473 atque
1053 1402 1176 1457 aliis
1212 1402 1612 1459 calamitatibus
1646 1403 1923 1474 alliigitur,
1949 1404 2057 1475 93

475 1507 577 1546 nec
616 1491 979 1563 praesentibus
1007 1498 1317 1556 contentus,
1354 1492 1409 1547 in
1459 1493 1679 1547 miseria
1725 1501 1892 1563 atque
1919 1486 2060 1547 invii

476 1582 565 1637 dia
618 1583 785 1654 degit.
853 1580 960 1636 Sed
1022 1581 1159 1636 nihil
1211 1597 1401 1637 eorum
1458 1591 1807 1655 perspectum
1859 1583 2061 1638 habent

477 1682 767 1731 amentes:
806 1674 1104 1729 excaecavit
1146 1674 1290 1729 enim
1321 1674 1446 1731 illos
1496 1675 1747 1741 materia,
1779 1684 1831 1730 et
1877 1676 2061 1730 multa:

479 1768 669 1822 mundi
705 1767 870 1838 hujus
900 1781 1048 1821 curae
1082 1785 1093 1820 :
1131 1775 1430 1837 errantque
1451 1766 1626 1822 donec
1659 1767 1714 1822 in
1742 1782 1837 1823 eos
1862 1766 2063 1820 immit-

2160 585 2360 654 κοπιᾷ,
2395 584 2493 652 οὑχ
2540 582 2626 635 ἵνα
2658 580 2835 653 πλήσῃ
2866 580 3108 651 γαστέρα
3129 594 3141 608 ·
3178 576 3297 631 οὑδέ
3330 575 3439 646 γὰρ
3475 574 3613 638 ὅλως
3639 576 3736 648 τῆς

2162 676 2362 748 σαρκὸς
2394 675 2650 747 πρόνοιαν
2680 676 2941 737 ποιεῖται,
2965 672 3085 729 οὑδὲ
3114 670 3422 741 λογίζεται,
3456 668 3538 721 ὅτι
3566 667 3739 739 σάρκα

2160 772 2344 839 φορεῖ·
2362 768 2498 822 ἀλλὰ
2518 768 2682 840 κοπιᾷ
2708 766 2900 830 νυκτὸς
2923 766 3017 819 καὶ
3043 764 3150 837 ήμέ
3159 781 3255 836 ρας
3274 760 3452 833 ζητῶν
3473 760 3563 813 τὸν
3584 760 3735 824 Θεὸν,

2161 860 2330 914 πολλὰ
2363 859 2456 915 τοῦ
2492 860 2658 914 ὑπνου
2690 858 2764 932 μὴ
2793 858 3209 932 χορταζόμενος,
3241 856 3403 926 ἄρτου
3431 852 3525 906 καὶ
3555 850 3739 915 ὓδατος

2164 954 2239 1025 μὴ
2276 952 2564 1024 ἐμπιπλῶν
2586 951 2686 1023 τὴν
2731 951 2910 1023 ψυχὴν
2934 990 2949 1015 ,
2986 949 3075 1002 ἐπὶ
3106 948 3333 1019 ἐρήμοις
3362 941 3736 1025 πλανώμενος,

2163 1024 2478 1108 ὑποπιάζων
2494 1042 2553 1096 τὸ
2571 1042 2727 1114 σῶμα
2752 1043 2809 1096 ἐν
2831 1037 3172 1109 κακοπαθείᾳ
3186 1034 3497 1107 πολλῇ,ἐως
3528 1024 3590 1084 οὑ
3610 1032 3740 1085 ἁπο-

2161 1136 2301 1210 λάὅῃ
2314 1136 2404 1189 τὸν
2420 1134 2786 1208 ἀμαράντινον
2805 1132 3065 1202 στέφανον
3080 1130 3170 1183 τὸν
3198 1127 3556 1198 ἀποκείμενον
3572 1123 3736 1194 αὑτῷ.

2176 1229 2232 1282 Ὀ
2252 1227 2308 1283 δέ
2336 1226 2657 1299 ἁμαρτωλὸς
2687 1226 2852 1296 κοπιᾷ
2879 1224 2974 1279 καὶ
3003 1222 3190 1295 μοχθεῖ
3210 1222 3307 1292 οὐχ
3327 1219 3512 1274 ἕνεκεν
3539 1218 3741 1271 δικαιο-

2165 1318 2351 1391 σύνης,
2391 1318 2504 1374 ἀλλ’
2527 1319 2713 1372 ἕνεκεν
2758 1318 2860 1387 τῆς
2899 1313 3245 1387 ταλαιπώρου
3283 1311 3483 1384 σαρκὸς
3519 1308 3740 1379 ταύτης,

2162 1409 2347 1463 ἕνεκεν
2360 1410 2457 1481 τῆς
2472 1410 2701 1480 αἰσχρᾶς
2717 1405 2994 1476 γυναικὸς,
3012 1406 3186 1469 ἄλλως
3201 1405 3294 1459 καὶ
3310 1403 3485 1465 ἄλλως
3503 1399 3738 1473 μοχθῶν,

2165 1501 2243 1574 μὴ
2281 1500 2618 1574 ἀρκούμενος
2659 1502 2772 1563 τοῖς
2807 1498 3107 1571 παροῦσιν,
3159 1499 3216 1549 ὲν
3242 1494 3409 1568 κακίᾳ
3439 1494 3536 1548 καὶ
3568 1492 3742 1563 φθόνῳ

2162 1594 2472 1666 διατρίϐων.
2509 1592 2666 1646 Ἀλλὰ
2687 1592 2891 1646 τούτων
2911 1590 3062 1644 οὐδὲν
3083 1588 3398 1644 ἐπίστανται
3420 1587 3471 1639 οἱ
3490 1584 3738 1656 ἄφρονες·

2163 1684 2521 1755 ἁπετύφλωσε
2548 1683 2657 1756 γὰρ
2684 1684 2882 1746 αὑτοὺς
2914 1684 2948 1753 ἡ
2983 1682 3081 1753 ὕλη
3115 1682 3208 1735 καὶ
3235 1682 3291 1734 at
3336 1677 3531 1732 πολλαὶ
3578 1692 3740 1748 φρον-

2165 1777 2309 1839 τίδες
2334 1776 2427 1830 τοῦ
2458 1776 2694 1847 κόσμου,
2724 1775 2820 1830 καὶ
2848 1772 3186 1835 πλανῶνται,
3216 1771 3322 1835 ἓως
3348 1768 3630 1840 ἀποσταλῇ
3659 1766 3744 1820 ἐπ’

478 1866 628 1913 tatur
654 1860 812 1916 miles
850 1860 941 1914 ille
971 1858 1264 1922 violentus,
1292 1859 1386 1930 qui
1418 1872 1520 1913 nec
1565 1873 1856 1929 personam
1909 1872 2059 1913 vere-

2167 1868 2353 1931 αὐτοὺς
2394 1867 2423 1920 6
2462 1866 2736 1937 ἀπότομος
2773 1863 3113 1935 στρατιώτης
3136 1906 3151 1926 ,
3180 1863 3327 1926 ὅστις
3366 1861 3427 1915 οὑ
3469 1859 3742 1932 θαυμάζει

483 1947 651 2011 bitur,
678 1964 781 2003 nec
810 1963 1037 2004 munera
1072 1948 1319 2018 accipiet.
1351 1948 1563 2002 Animae
1608 1948 1808 2019 quippe
1843 1945 2057 2002 illorum

478 2038 530 2093 vi
565 2039 904 2096 abducentur
932 2040 1001 2095 ab
1055 2040 1261 2109 angelis
1320 2037 1646 2102 immitibus,
1708 2054 1975 2108 suamque
2026 2054 2057 2092 a

489 2130 600 2187 Deo
631 2131 959 2187 sententiam
992 2132 1284 2202 accipient.
1330 2129 1467 2185 Vani
1495 2130 1640 2185 enim
1671 2145 1795 2184 cum
1831 2131 1975 2193 sint,
2002 2129 2058 2183 in

482 2239 681 2278 vanum
716 2223 1100 2279 laboraverunt
1129 2224 1185 2279 in
1227 2224 1331 2279 hoc
1378 2221 1586 2277 mundo
1620 2241 1632 2277 :
1665 2230 1879 2277 terrena
1931 2229 2061 2278 sunt

491 2315 723 2387 operati,
753 2315 1011 2387 quocirca
1056 2323 1111 2371 et
1158 2315 1263 2387 ipsi
1295 2316 1350 2369 in
1384 2313 1747 2386 perditionem
1780 2313 2058 2369 abierunt.

477 2406 597 2463 Non
631 2408 780 2463 enim
808 2423 1081 2463 memores
1106 2405 1258 2462 fuere
1284 2405 1383 2461 Dei
1413 2407 1543 2461 dum
1567 2405 1621 2460 in
1650 2413 1796 2459 terra
1833 2411 2018 2460 essent
2044 2423 2057 2458 :

480 2514 660 2569 neque
717 2514 865 2554 cura:
896 2499 1005 2553 illis
1055 2498 1157 2552 fuit
1188 2505 1249 2552 ut
1299 2497 1395 2554 Dei
1427 2498 1676 2553 timorem
1730 2511 1840 2567 prae
1886 2496 2061 2551 oculis

480 2588 785 2646 haberent:
820 2603 994 2660 quare
1016 2604 1118 2644 nec
1145 2589 1268 2645 illos
1296 2600 1453 2644 curat
1485 2588 1649 2644 Deus.
1685 2586 1876 2643 Justus
1913 2587 2060 2643 enim

477 2692 562 2738 est
613 2680 781 2745 Deus,
832 2690 888 2737 et
932 2682 1144 2751 justum
1179 2680 1448 2750 judicium
1494 2681 1615 2752 ejus
1656 2681 1723 2736 ⁷³.
1766 2678 1902 2735 Nam
1935 2695 2061 2735 cum

476 2775 690 2829 venerit
718 2774 1066 2844 judicaturus
1108 2772 1394 2837 mundum,
1437 2781 1570 2827 tunc
1610 2771 1797 2828 reddet
1847 2772 2061 2826 unicui-

475 2882 586 2937 que
608 2866 768 2936 juxta
798 2881 964 2936 opera
1000 2881 1120 2921 sua.
1155 2863 1379 2920 Beatum
1422 2880 1517 2920 cor
1544 2865 1689 2935 quod
1723 2864 1835 2919 haec
1882 2865 2063 2919 susci-

478 2957 581 3027 pit.

546 3049 638 3105 20.
676 3047 849 3104 Media
901 3057 1062 3104 nocte
1093 3048 1441 3106 excitaberis.
1473 3057 1527 3103 et
1558 3048 1774 3119 hymnis
1814 3047 2061 3103 celebra-

480 3142 567 3197 bis
608 3140 898 3196 Dominum
940 3140 1110 3197 Deum
1144 3150 1320 3197 tuum.
1358 3142 1430 3195 Ea
1466 3140 1609 3196 enim
1659 3140 1776 3211 ipsa
1808 3141 1942 3195 hora
1975 3156 2061 3196 re-

2162 1961 2451 2033 πρόσωπον
2475 1998 2489 2021 ,
2518 1957 2625 2012 οὐδ’
2658 1958 2719 2011 οὑ
2754 1956 2827 2028 μὴ
2854 1956 2995 2028 λάϐῃ
3028 1954 3197 2026 δῶρα.
3260 1952 3614 2025 Ἀχθήσονται
3639 1950 3744 2022 γὰρ

2160 2054 2215 2105 αἱ
2234 2048 2403 2121 ψυχαὶ
2425 2046 2603 2103 αὐτῶν
2626 2046 2762 2118 μετὰ
2787 2045 2908 2117 βίας
2957 2044 3061 2098 ὑπὸ
3084 2042 3331 2113 ἀγγέλων
3350 2041 3539 2112 ἀνελεη
3548 2041 3741 2112 μόνων,

2161 2142 2256 2197 καὶ
2296 2140 2557 2212 λήψονται
2606 2138 2705 2210 τὴν
2735 2138 3009 2206 ἀπόφασιν
3059 2133 3238 2189 αὑτῶν
3285 2132 3436 2205 παρὰ
3463 2132 3558 2186 τοῦ
3586 2131 3742 2186 Θεοῦ.

2162 2228 2324 2283 Κενοὶ
2343 2228 2451 2301 γὰρ
2470 2227 2642 2291 ὅντες,
2666 2228 2745 2291 είς
2773 2226 2903 2279 κενὰ
2924 2225 3019 2279 καὶ
3041 2224 3351 2295 ἐμόχθησαν
3374 2225 3432 2277 ἐν
3452 2223 3533 2293 τῷ
3558 2223 3747 2293 κόσμῳ

2158 2318 2352 2390 τούτῳ,
2382 2317 2451 2372 τὰ
2474 2319 2571 2390 τῆς
2602 2318 2707 2388 γῆς
2738 2317 3092 2390 εἰργάσαντες
3113 2335 3125 2346 ·
3170 2315 3257 2369 διὰ
3291 2314 3445 2367 τοῦτο
3470 2314 3565 2366 καὶ
3595 2312 3745 2367 αὑτοὶ

2160 2410 2247 2473 εἰς’
2266 2408 2541 2463 ἀπώλειαν
2558 2408 2863 2480 ἐχώρησαν.
2888 2408 2962 2460 Οὑ
2988 2406 3095 2478 γὰρ
3119 2406 3467 2477 ἐμνήσθησαν
3490 2403 3587 2457 τοῦ
3610 2401 3741 2456 Θεοῦ

2161 2502 2254 2555 ἐπὶ¹
2295 2502 2393 2573 τῆς
2424 2502 2527 2574 γῆς
2573 2502 2726 2565 ὅντες
2746 2541 2759 2563 ,
2791 2500 2897 2553 οὐδ’
2928 2500 3192 2571 ἐμέλησεν
3224 2499 3407 2562 αὑτοῖς
3438 2496 3745 2569 μνησθῆναι

2159 2593 2253 2647 τοῦ
2283 2594 2448 2664 φόϐου
2479 2593 2572 2647 τοῦ
2606 2592 2741 2647 Θεοῦ
2761 2609 2773 2622 ·
2803 2592 2892 2646 διὰ
2919 2591 3077 2645 τοῦτο
3105 2591 3225 2645 οὑδέ
3249 2590 3397 2661 αὑτῷ
3432 2589 3585 2661 μέλει
3615 2588 3745 2657 περί⁸

2161 2685 2359 2739 αὐτῶν.
2434 2684 2651 2749 Δίκαιος
2679 2684 2787 2756 γὰρ
2818 2685 2847 2736 6
2876 2683 3027 2747 Θεὸς,
3058 2683 3152 2736 καὶ
3180 2681 3362 2735 δικαία
3392 2683 3425 2752 ἡ
3451 2681 3635 2751 κρίσις
3658 2680 3746 2733 αὑ-

2160 2776 2274 2830 τοῦ.
2308 2777 2473 2831 Ὅταν
2502 2777 2611 2848 γὰρ
2645 2775 2771 2847 ἔλθῃ
2806 2777 2987 2845 κρῖναι
3014 2775 3104 2828 τδν
3130 2774 3355 2846 κόσμον,
3387 2773 3509 2827 τότε
3533 2768 3749 2826 ἀποδώ-

2163 2886 2245 2922 σει
2264 2869 2479 2941 ἑκάστῳ
2505 2868 2647 2924 κατὰ
2673 2868 2741 2923 τὰ
2770 2869 2903 2943 ἔργα
2939 2866 3124 2922 αὑτοῦ.
3183 2865 3448 2938 Μακαρία
3481 2866 3514 2937 ἡ
3547 2864 3746 2936 καρδία

2160 2964 2194 3034 ἠ
2224 2963 2487 3036 δεχομένη
2520 2962 2713 3016 ταῦτα.

2229 3056 2320 3113 20.
2348 3056 2711 3110 Μεσονύκτιον
2748 3053 3054 3125 ἐγερθήσῃ,
3103 3052 3196 3106 καὶ
3238 3051 3502 3122 ὑμνήσεις
3538 3047 3744 3120 Κύριον

2161 3148 2254 3204 τὸν
2278 3149 2413 3203 Θεόν
2444 3166 2559 3202 σου.
2605 3148 2693 3201 Ἐν
2740 3149 2878 3220 αὑτῇ
2926 3147 3035 3218 γὰρ
3064 3147 3129 3217 τῇ
3165 3143 3283 3215 ῶρᾳ
3314 3143 3512 3212 ἀνέστη
3554 3142 3583 3194 6
3621 3138 3738 3192 Κύ-

478 3236 719 3293 surrexit
766 3235 1032 3292 Dominus
1087 3244 1275 3293 noster
1318 3252 1384 3291 ex
1429 3235 1700 3300 mortuis,
1750 3242 1804 3291 et
1844 3233 2059 3290 Patrem

2167 3258 2277 3315 ριος
2314 3240 2468 3313 ήμῶν
2497 3243 2561 3295 ἐκ
2586 3239 2818 3314 νεκρῶν,
2855 3240 2948 3293 καὶ
2982 3238 3187 3309 ὕμνησε
3214 3235 3304 3289 τὸν
3342 3234 3565 3305 Πατέρα
3594 3249 3608 3263 ο
3640 3231 3731 3285 διὰ

478 3340 641 3381 suum
668 3323 887 3397 hymnis
911 3324 1206 3381 celebravit
1233 3343 1247 3379 :
1272 3340 1441 3395 quare
1462 3323 1765 3393 iujuuclttm
1799 3326 1954 3380 nobis
1983 3333 2068 3379 est

480 3429 542 3475 ut
568 3434 631 3475 ea
662 3419 779 3490 ipsa
806 3418 941 3474 hora
975 3419 1205 3491 hymnos
1238 3417 1347 3473 Deo
1375 3417 1645 3473 dicamus.
1675 3414 1915 3488 Surgens
1937 3432 2067 3487 por-

416 3496 432 3513 ’
480 3527 542 3567 ro
572 3510 660 3568 dic
708 3511 887 3581 primo
917 3511 1061 3566 hunc
1091 3526 1310 3565 versum
1345 3525 1357 3560 :
1393 3528 1411 3561 ι
1461 3508 1634 3564 Media
1680 3517 1842 3564 nocte
1878 3524 2069 3579 surge-

480 3604 603 3657 ham
653 3601 721 3656 ad
780 3602 1149 3657 conﬁtendum
1212 3601 1309 3657 tibi
1370 3617 1532 3671 super
1577 3601 1784 3672 judicia
1842 3601 2068 3671 justitize

478 3702 587 3748 tua:
607 3694 653 3725 ⁷⁵
675 3710 691 3759 ;
717 3712 737 3745 ι
758 3700 813 3748 et
835 3709 1084 3765 precare,
1114 3694 1399 3763 incipeque
1423 3693 1651 3749 recitare
1676 3693 2068 3764 quinquagesi-

479 3800 631 3840 mum
661 3786 933 3857 psalmum
963 3786 1139 3841 donec
1163 3786 1437 3841 absolvas.
1472 3784 1597 3841 ΙΙωο
1632 3786 1741 3841 sint
1766 3786 2066 3841 constituta

481 3879 580 3934 tibi
610 3894 709 3948 per
735 3879 982 3950 singulos
1005 3879 1145 3935 dies.
1182 3877 1285 3933 Tot
1314 3880 1556 3949 psalmos
1586 3882 1775 3941 recita,
1805 3888 1938 3948 quot
1964 3894 2064 3949 po-

480 3970 616 4026 teris
659 3969 855 4024 stando
885 3969 1158 4024 recitare:
1196 3977 1360 4038 atque
1398 3984 1494 4038 per
1528 3969 1769 4039 psalmos
1818 3970 2065 4040 singulos

483 4061 663 4115 oratio
715 4068 767 4115 ct
810 4061 1114 4132 genuﬂexio
1166 4061 1530 4132 persolvatur,
1575 4060 1886 4116 conﬁtendo
1940 4077 2065 4114 cum

482 4152 742 4223 lacrymis
794 4151 1026 4206 Domino
1060 4160 1287 4224 peccata
1324 4158 1438 4215 tua,
1487 4161 1542 4207 et
1586 4152 1830 4223 rogando
1863 4160 1922 4206 ut
1966 4151 2063 4206 tibi

480 4243 834 4298 dimittantur
885 4260 899 4296 :
933 4252 1056 4313 post
1086 4251 1276 4299 ternos
1312 4244 1553 4313 psalmos
1603 4244 1772 4306 dices,
1810 4244 2059 4299 Alleluia.

480 4334 640 4401 Quod
678 4335 723 4391 si
766 4342 945 4389 tecum
982 4335 1182 4390 fuerint
1210 4335 1472 4406 virgines,
1507 4335 1637 4406 ipsa:
1670 4352 1887 4408 quoque
1918 4337 2063 4408 psal~

482 4426 619 4489 lant,
665 4433 720 4479 et
751 4425 855 4479 alia
887 4432 1010 4495 post
1031 4426 1192 4480 aliam
1223 4426 1527 4480 orationem
1567 4426 1851 4481 absolvite.
1885 4425 2059 4480 Matu-

481 4519 594 4572 tina
652 4517 807 4580 hora,
866 4517 1011 4572 hunc
1071 4518 1238 4573 dicite
1292 4517 1559 4587 psalmum
1607 4534 1619 4569 :
1659 4536 1678 4568 ι
1729 4516 1872 4573 Deus
1919 4517 2061 4573 Deus

479 4626 657 4675 meus,
676 4609 744 4664 ad
771 4621 822 4665 te
851 4609 969 4664 luce
999 4609 1180 4679 vigilo.
1203 4608 1385 4663 Sitivit
1422 4609 1474 4661 in
1511 4617 1562 4662 te
1593 4607 1771 4662 anima
1796 4622 1915 4662 mea
1938 4608 2004 4661 ".
2036 4627 2053 4658 ι

479 4701 598 4758 Sub
629 4702 933 4758 diluculum
993 4717 1160 4757 vero:
1214 4721 1231 4752 ι
1273 4701 1613 4763 Bcuedicite,
1657 4701 1838 4755 omnia
1894 4715 2060 4769 opcra

481 4794 715 4859 Domini,
739 4794 967 4850 Domino
993 4795 1059 4849 ⁷⁵.
1075 4813 1091 4845 ι
1118 4825 1186 4834 -
1206 4812 1223 4845 ι
1245 4794 1428 4848 Gloria
1455 4795 1507 4847 in
1529 4794 1764 4849 excelsis
1788 4791 1980 4859 Dco,ct
2005 4794 2059 4847 iu

480 4892 622 4942 terra
669 4904 796 4958 pax,
836 4888 890 4942 in
936 4885 1247 4941 hominibus
1277 4886 1697 4956 beueplacitum.
1741 4883 2057 4939 Laudamus

476 4988 550 5041 te,
573 4977 941 5050 benedicimus
977 4986 1048 5043 te,
1073 4977 1366 5032 adoramus
1397 4984 1449 5030 to
1470 4976 1538 5036 ",
1580 4994 1597 5025 ι
1640 4983 1745 5028 etc.

546 5158 634 5213 2i.
662 5159 997 5213 Charitatem
1025 5168 1226 5222 autem,
1262 5172 1381 5226 qua:
1406 5154 1649 5208 omnium
1688 5153 1917 5204 maxima
1952 5162 2056 5211 est,

474 5252 865 5307 custodiamus.
897 5249 1052 5313 Nam,
1075 5269 1095 5301 ι
1120 5248 1341 5319 Diliges,
1370 5266 1388 5299 ι
1415 5247 1513 5309 ait,
1537 5264 1554 5295 σ
1582 5243 1870 5299 Dominum
1893 5242 2058 5295 Deum

474 5351 630 5396 tuum
662 5359 729 5397 ex
760 5350 874 5396 toto
903 5342 1071 5397 corde
1118 5351 1234 5404 tuo,
1280 5345 1336 5394 et
1376 5354 1442 5392 ex
1477 5345 1589 5389 tota
1632 5336 1839 5413 virtute
1862 5340 1976 5398 tua,
2004 5341 2059 5385 et

472 5450 542 5491 ex
574 5441 687 5487 tota
718 5434 901 5487 anima
941 5441 1054 5497 tua,
1082 5443 1139 5488 et
1176 5431 1487 5503 proximum
1534 5436 1687 5481 tuum
1721 5428 1865 5482 sicut
1919 5425 2057 5494 teip-

2168 3334 2326 3388 τοῦτο
2369 3334 2507 3405 αὑτῇ
2558 3334 2624 3405 τῇ
2685 3331 2805 3404 ῶρα
2863 3329 3175 3403 προσετάγη
3226 3329 3359 3399 ἡμῖν
3404 3326 3596 3396 ὑμνεῖν
3654 3323 3746 3377 τὸν

2168 3427 2318 3481 Θεόν.
2383 3425 2744 3497 ’Δνισταμένη
2797 3424 2853 3477 δὲ
2916 3421 3129 3494 πρῶτον
3176 3420 3363 3472 τοῦτον
3409 3417 3501 3470 τὸν
3562 3416 3745 3486 στίχον

2167 3519 2287 3573 εἰπέ
2309 3536 2323 3550 ο
2361 3536 2379 3570 t
2412 3516 2775 3572 Μεσονύκτιον
2797 3514 3160 3587 ἐξηγειρόμην
3180 3510 3272 3564 τοῦ
3297 3505 3747 3580 ἐξομολογεῖσθαι

2170 3627 2251 3665 σοι
2290 3610 2382 3663 ἐπὶ
2406 3608 2474 3662 τὰ
2506 3593 2750 3681 κρίματα
2790 3607 2891 3677 τῆς
2919 3603 3263 3673 δικαιοσύνης
3294 3619 3385 3654 σου
3406 3618 3419 3629 ·
3455 3620 3472 3652 ι
3523 3598 3619 3652 καὶ
3653 3593 3747 3651 εὗ-

2167 3701 2275 3769 ξαι,
2306 3701 2402 3755 καὶ
2428 3699 2588 3773 ἄρξαι
2617 3700 2798 3769 λέγειν
2828 3698 2918 3751 τὸν
2963 3694 3325 3766 πεντηκοστὸν
3355 3691 3474 3746 ὅλον
3505 3690 3746 3760 ψαλμὸν,

2165 3794 2270 3857 ἕως
2295 3793 2360 3847 ἂν
2397 3791 2641 3865 τελέσῃς.
2684 3791 2794 3844 Καὶ
2826 3789 2998 3844 ταῦτα
3036 3787 3276 3841 ἐστωσάν
3327 3802 3409 3838 σοι
3449 3781 3572 3837 καθ’
3614 3780 3747 3835 ἐκά-

2170 3902 2301 3957 στην
2354 3883 2567 3956 ἡμέραν
2632 3881 2958 3953 τεταγμένα.
3031 3877 3328 3941 Τοσούτους
3384 3875 3440 3929 δέ
3495 3874 3749 3946 ψαλμοὺς

2167 3975 2306 4039 εἰπὲ,
2340 3975 2497 4037 ὅσους
2526 3970 2654 4044 δύνῃ
2684 3974 2957 4043 στήκουσα
2990 3972 3162 4023 εἰπεῖν
3183 3984 3197 3998 ’
3224 3968 3317 4023 καὶ
3355 3966 3498 4021 κατὰ
3528 3966 3746 4037 ψαλμὸν

2166 4060 2298 4131 εὐχὴ
2354 4060 2448 4111 καὶ
2495 4058 2809 4127 γονυκλισία
2858 4056 3205 4112 ἐπιτελείσθω
3236 4097 3251 4121 ,
3298 4055 3436 4127 μετὰ
3490 4055 3749 4126 δακρύων

2166 4151 2563 4223 ἐξαγορεύουσα
2591 4150 2669 4222 τῷ
2690 4151 2881 4224 Κυρίῳ
2909 4151 3007 4215 τὰς
3038 4150 3312 4221 ἁμαρτίας
3342 4164 3433 4201 σου
3456 4190 3471 4215 ,
3504 4148 3601 4201 καὶ
3625 4147 3746 4213 ἀξι-

2165 4240 2297 4293 οῦσα
2322 4240 2408 4293 ἴνα
2432 4240 2673 4309 ἁφεθῶσί
2702 4257 2802 4293 σοι.
2833 4240 2986 4293 Μετὰ
3009 4238 3063 4292 δὲ
3079 4240 3229 4309 τρεῖς
3246 4238 3494 4308 ψαλμοὺς
3510 4235 3636 4305 λέγε
3656 4237 3740 4300 τὸ,

2178 4330 2512 4403 Ἀλληλούῖα.
2532 4331 2655 4384 Ἐὰν
2689 4330 2744 4384 δὲ
2784 4331 2877 4383 καὶ
2907 4329 3164 4400 παρθένοι
3193 4328 3300 4381 είσὶ
3327 4327 3466 4400 μετὰ
3506 4328 3623 4391 σοῦ,
3649 4330 3747 4382 καὶ

2164 4416 2321 4477 αὗται
2364 4423 2749 4493 ψαλλέτωσαν,
2793 4423 2887 4476 καὶ
2926 4423 3025 4493 μία
3065 4421 3217 4492 παρὰ
3266 4422 3393 4492 μίαν
3442 4421 3543 4493 τὴν
3576 4423 3746 4493 εὐχὴν

2165 4515 2479 4568 ἐπιτελείτε.
2523 4514 2665 4585 Πρὸς
2700 4513 2893 4586 ὅρορον
2936 4514 2991 4567 δὲ
3039 4513 3130 4566 τὸν
3175 4512 3384 4582 ψαλμὸν
3429 4511 3620 4566 τοῦτον
3654 4513 3747 4566 λέο

2165 4624 2290 4675 γετε
2315 4625 2327 4637 ·
2364 4626 2382 4656 ι
2427 4608 2484 4660 '0
2518 4606 2648 4670 Θεὸς
2680 4609 2707 4658 6
2735 4606 2866 4670 Θεός
2899 4625 3021 4677 μου,
3051 4604 3186 4675 πρὸς
3221 4605 3279 4657 σὲ
3311 4603 3570 4675 ὀρθρίξω.
3608 4604 3749 4657 Ἐδί-

2164 4699 2306 4768 ψησέ
2343 4715 2402 4751 σε
2433 4701 2466 4769 ἡ
2499 4697 2643 4768 ψυχή
2689 4714 2822 4768 μου·
2859 4718 2876 4748 ι
2926 4696 3205 4766 διάφαυμα
3241 4695 3298 4747 δέ
3323 4710 3336 4723 ο
3367 4714 3385 4745 ι
3428 4696 3744 4763 Εὑλογεῖτε,

2167 4791 2343 4845 πάντα
2367 4791 2435 4844 τὰ
2464 4790 2600 4861 ἔργα
2625 4790 2852 4861 Κυρίου,
2870 4787 2958 4841 τὸν
2984 4788 3207 4860 Κύριον.
3234 4787 3371 4853 Δόξα
3402 4789 3461 4841 ἐν
3496 4786 3747 4856 ὑψίστοις

2165 4881 2303 4952 Θεῷ,
2329 4883 2422 4935 καλ⁹
2452 4882 2546 4934 ἐπὶ
2576 4881 2677 4951 γῆς
2706 4879 2817 4949 (50)
2842 4882 3053 4951 εἰρήνη,
3084 4881 3141 4932 ἐν
3164 4878 3471 4950 ἀνθρώποις
3498 4878 3743 4931 εὐδοκῖα.

2175 4972 2477 5044 ’Υμνοῦμὲν
2513 4990 2592 5037 σε,
2630 4970 2957 5041 εὐλογοῦμεν
3010 4987 3067 5023 σε
3097 5011 3111 5034 ,
3149 4969 3565 5043 προσκυνοῦμεν
3603 4986 3687 5032 σε,
3724 4989 3749 5019 ν

2165 5065 2259 5117 καὶ
2296 5064 2364 5117 τὰ
2396 5064 2543 5135 ἑξῆς.

2236 5154 2325 5208 2i.
2370 5154 2481 5226 Τὴν
2507 5154 2562 5207 δὲ
2594 5155 2814 5223 ἀγάπην
2852 5151 3194 5223 φυλάξωμεν,
3244 5153 3343 5223 τὴν
3375 5151 3595 5204 πάντων
3628 5152 3750 5221 μεί-

2166 5241 2312 5306 ζονα.
2350 5251 2376 5294 ι’
2412 5244 2739 5315 Ἀγαπήσεις
2769 5263 2786 5293 ι
2829 5240 2957 5312 γὰρ,
2999 5243 3153 5313 φησὶ,
3205 5262 3221 5291 ι
3250 5240 3452 5313 Κύριον
3485 5241 3576 5293 τὸν
3608 5240 3749 5293 Θεόν

2166 5351 2257 5386 σου
2285 5334 2395 5403 (5|)
2431 5334 2490 5399 ἐξ
2520 5334 2648 5406 ὅλης
2682 5334 2781 5403 τῆς
2821 5332 3048 5403 καρδίας
3098 5350 3192 5386 σου
3240 5332 3334 5386 καὶ
3379 5332 3440 5396 ἐξ
3484 5331 3613 5402 ὅλης
3640 5331 3746 5401 τῆς

2166 5424 2346 5495 ἰσχύος
2370 5442 2483 5490 σου,
2518 5426 2611 5479 καὶ
2648 5424 2707 5490 ἐξ
2732 5424 2858 5495 ὅλης
2888 5426 2985 5495 τῆς
3011 5424 3190 5496 ψυχῆς
3215 5441 3329 5490 σου,
3360 5424 3453 5477 καὶ
3476 5424 3567 5476 τὸν
3604 5423 3742 5493 πλη-

544 5587 591 5617 ⁷³
631 5586 979 5649 Psal.cxvut,
1017 5587 1138 5641 157.
1211 5585 1257 5617 ⁷⁸
1298 5584 1430 5639 ibid.
1463 5581 1551 5636 62.
1627 5581 1671 5613 ⁷⁵
1703 5579 1847 5635 Psal.
1887 5595 2033 5641 Lxu,

2199 5580 2243 5609 7“
2284 5580 2417 5634 Dan.
2461 5598 2556 5649 ut,
2595 5582 2683 5637 57.
2762 5579 2806 5610 ’⁷
2848 5577 2979 5633 Luc.
3024 5595 3059 5632 ιι
3086 5621 3099 5639 ,
3136 5579 3237 5645 l4;
3275 5577 3436 5633 Cant.
3475 5578 3619 5632 Eccl.

475 5810 532 5864 ἐν
546 5739 661 5818 ςείο)
692 5736 1007 5793 Basiliensis
1028 5744 1081 5792 et
1100 5737 1333 5809 Anglia,
1352 5736 1407 5788 ἐν
1432 5733 1673 5804 ὑψίστοις
1698 5728 1839 5803 Θεῷ,
1863 5730 1953 5785 καὶ
1982 5732 2050 5786 τὰ

508 5826 624 5864 εης.

508 5826 624 5879 ςης-

2230 5732 2338 5803 (51)
2369 5732 2724 5804 Anglicanus,
2775 5731 3096 5801 Ἀγαπήσεις
3127 5730 3331 5803 Κύρνον
3364 5729 3454 5785 τὸν
3482 5729 3629 5783 Θεόν.
