3958 6538
274 413 359 463 ΓΙ
1600 411 1689 467 DE
1726 411 2190 471 VIRGINITATE.

3391 417 3499 473 9.78

226 524 368 576 σξον
404 540 512 586 σου,
552 522 627 586 ὡς
676 522 890 578 ἑαυτόν.
946 523 1034 576 Ἐν
1061 522 1283 588 ταύταις
1322 525 1441 589 ταῖς
1474 523 1624 578 δυσὶν
1673 528 1815 579 ὲντομ

1925 543 2067 583 sum.
2100 527 2162 583 In
2206 527 2292 585 his
2338 526 2554 584 duobus
2596 528 2867 586 mandatis
2918 537 3032 585 tota
3077 530 3160 586 lex
3199 531 3398 602 pendet
3445 541 3501 588 ct

222 617 372 681 λαῖς
404 620 518 680 ὅλος
553 617 583 670 6
611 617 779 688 νόμος
807 618 902 671 καὶ
935 618 984 670 οἱ
1032 617 1305 689 προφῆται
1339 617 1663 689 κρέμανται.
1693 638 1710 669 ι
1762 619 1821 671 Ὁ

221 709 386 774 Θεὸς
414 710 600 781 ἀγάπη
644 710 792 772 ἐστὶ,
844 709 939 763 καὶ
994 710 1157 773 αὐτὸς
1189 709 1403 780 πρῶτος
1449 711 1701 782 ήγάπησε
1733 709 1824 764 τὸν

221 802 567 876 ἄνθρωπον,
615 804 710 857 καὶ
757 804 949 858 ἑαυτὸν
993 804 1309 876 παρέδωκεν
1338 804 1479 877 ὑπὲρ
1513 804 1690 876 ἡμῶν,
1738 806 1823 858 ἵνα

222 896 399 965 ἡμᾶς
427 894 773 967 λυτρώσηται
805 896 913 949 άπὸ
940 897 1120 968 πάσης
1148 896 1394 968 ἀνομίας.
1432 897 1495 950 Ei
1529 893 1625 951 οὖν
1662 898 1824 961 αὐτὸς

222 987 257 1039 ὁ
294 987 508 1058 Κύριος
542 987 815 1040 ἀπέθανεν
857 988 998 1060 ὑπὲρ
1046 988 1223 1059 ήμῶν,
1278 988 1372 1042 καὶ
1414 990 1572 1060 ἡμεῖς
1617 988 1825 1059 ὀφείλο-

224 1096 350 1148 μεν
389 1080 527 1151 ὑπὲρ
556 1078 804 1150 ἀλλήλων
848 1079 947 1142 τὰς
974 1079 1151 1150 ψυχὰς
1181 1080 1336 1151 ήμῶν
1371 1080 1559 1133 θεῖναι.
1603 1080 1659 1133 '0
1692 1080 1823 1144 Θεὸς

225 1170 437 1242 ἀγάπη
470 1171 610 1235 ἐστὶ,
645 1172 740 1224 καὶ
769 1173 798 1224 6
833 1170 971 1241 ἔχων
1003 1170 1102 1242 τήν
1134 1171 1353 1243 ἀγάπην
1385 1171 1476 1225 τὸν
1509 1171 1641 1225 Θεὸν
1686 1171 1819 1242 ἔχει.

221 1263 415 1324 Αὐτὸς
441 1262 553 1333 γὰρ
582 1261 806 1333 εἴρηκεν
827 1280 840 1292 ο
882 1281 900 1313 t
941 1262 1028 1314 Ἐν
1054 1261 1227 1333 τούτῳ
1260 1261 1556 1330 γνώσονται
1600 1263 1819 1329 πάντες,

221 1356 319 1407 ὅτι
367 1355 490 1423 ἐμοὶ
528 1353 769 1424 μαθηταί
814 1356 936 1407 ἐστε
957 1393 971 1414 ,
1008 1354 1103 1407 ἐὰν
1133 1354 1354 1425 ἀγάπην
1387 1355 1544 1426 ἔχητε
1574 1357 1631 1408 ἐν
1662 1354 1823 1426 ἀλλή-

223 1445 355 1509 λοις
387 1445 522 1515 (52).
550 1467 569 1497 ι
604 1446 768 1500 Ὅσον
798 1446 907 1518 γὰρ
951 1447 1045 1499 ἐὰν
1094 1448 1333 1521 κοπιάση
1375 1447 1681 1520 ἄνθρωπος,
1729 1448 1823 1502 καὶ

228 1538 318 1608 μὴ
348 1538 446 1610 ἔχῃ
484 1538 586 1609 τὴν
619 1538 841 1609 ἀγάπην
871 1541 949 1602 εἰς
978 1538 1069 1592 τὸν
1106 1539 1355 1609 πλησίον,
1384 1541 1465 1604 εἰς
1501 1540 1677 1611 μάτην
1703 1540 1821 1592 ὲκοσ

226 1629 455 1683 πίασεν.
500 1629 659 1683 Οῦτω
697 1631 755 1684 δὲ
796 1630 987 1695 δείξεις
1031 1632 1130 1703 τὴν
1178 1630 1397 1703 ἀγάπην
1443 1633 1524 1693 είς
1564 1632 1654 1683 τὸν
1687 1629 1793 1701 πλη

227 1715 375 1777 σὶον,
408 1718 470 1769 οὐ
505 1716 652 1787 λόγῳ
688 1718 882 1789 μόνον,
922 1718 1060 1772 ἀλλά
1091 1719 1184 1772 καὶ
1217 1719 1381 1790 ἔργῳ.
1424 1720 1497 1772 Οὐ
1529 1721 1823 1791 κρατήσεις

226 1808 435 1861 κακίαν
462 1809 610 1873 τινὸς
648 1811 727 1874 είς
759 1812 858 1882 τὴν
892 1810 1117 1883 καρδίαν
1165 1829 1258 1865 σου
1285 1829 1298 1841 ·
1332 1813 1381 1864 εἰ
1409 1813 1465 1865 δὲ
1503 1814 1575 1883 μή
1608 1829 1694 1882 γε,
1721 1812 1822 1864 οὐκ

1925 622 2199 694 propheta:
2228 622 2294 675 ⁷⁸.
2335 641 2355 675 ι
2410 621 2555 679 Deus
2605 624 2848 680 eharitas
2893 631 2979 680 est
3010 664 3025 690 ,
3077 634 3131 681 et
3178 624 3296 695 ipse
3349 624 3502 694 prior

1924 711 2116 768 dilexit
2158 713 2454 779 hominem,
2499 729 2565 770 ac
2591 729 2651 771 se
2680 715 2798 787 ipse
2824 715 3048 772 tradidit
3094 730 3193 786 pro
3232 715 3414 780 nobis,
3444 726 3502 771 ut

1924 820 2027 862 nos
2059 795 2316 862 libefaret
2351 807 2418 861 ab
2446 809 2596 863 omni
2638 807 2947 879 iniquitate.
2976 805 3032 861 Si
3062 807 3226 878 igitur
3252 808 3369 878 ipse
3395 806 3502 863 Do-

1923 897 2107 953 minus
2142 913 2242 967 pro
2274 899 2434 954 nobis
2463 907 2713 956 mortuus
2743 910 2847 964 est,
2882 910 2936 955 et
2968 899 3072 970 ipsi
3113 914 3212 971 pro
3251 900 3373 956 aliis
3403 899 3500 956 de-

1923 989 2116 1047 bemus
2160 991 2375 1046 animas
2417 998 2639 1048 nostras
2671 1007 2895 1062 ponere.
2935 990 3081 1048 Deus
3119 992 3363 1049 charitas
3394 1003 3497 1059 est,

1922 1089 1977 1135 et
1999 1082 2092 1151 qui
2134 1080 2298 1137 habet
2325 1082 2667 1148 charitatem,
2700 1081 2869 1138 Deum
2898 1083 3081 1138 habet.
3112 1081 3232 1154 Ipse
3265 1098 3501 1154 namque

1922 1171 2105 1227 dixit:
2147 1191 2165 1224 ι
2214 1171 2274 1226 1η
2318 1173 2423 1227 hoc
2465 1180 2798 1244 cognoscent
2832 1189 3024 1230 omnes
3052 1174 3197 1245 quod
3242 1173 3497 1245 discipuli

1923 1266 2031 1320 mei
2063 1267 2217 1332 estis,
2246 1267 2291 1320 si
2322 1265 2668 1322 dilectionem
2689 1265 2991 1321 habueritis
3024 1265 3092 1320 ad
3126 1266 3357 1321 invicem
3391 1265 3494 1318 τ’.»

1923 1357 2419 1428 Quantumcunque
2448 1358 2592 1413 enim
2620 1358 2949 1412 laboraverit
2980 1358 3164 1422 homo,
3187 1358 3231 1413 si
3250 1357 3500 1413 dilectio-

1923 1465 2045 1503 nem
2065 1462 2171 1503 non
2198 1449 2393 1503 habeat
2418 1464 2543 1521 erga
2567 1448 2897 1519 proximum,
2924 1447 3128 1503 frustra
3151 1447 3495 1502 laboraveri‘t.

1922 1539 1999 1595 lta
2021 1541 2279 1597 ostendas
2299 1540 2647 1596 dilectionem
2675 1555 2803 1610 erga
2835 1540 3166 1610 proximum,
3189 1555 3298 1594 non
3330 1539 3499 1594 verbo

1922 1638 2157 1698 tantum,
2209 1629 2305 1687 sed
2351 1629 2514 1685 etiam
2550 1643 2733 1698 opere.
2763 1626 2883 1682 Non
2929 1628 3191 1684 retinebis
3233 1626 3499 1682 offensam

1923 1722 2153 1793 alicujus
2175 1722 2230 1776 in
2248 1720 2411 1777 corde
2433 1720 2551 1784 tuo,
2580 1719 2820 1790 alioquin
2845 1718 3089 1789 precatio
3113 1725 3207 1773 tua
3228 1716 3297 1772 ad
3326 1717 3498 1771 Deum

1924 1831 2060 1887 pura
2107 1830 2217 1870 non
2247 1813 2523 1870 ascendet.
2572 1831 2590 1864 ι
2628 1811 2747 1868 Non
2795 1812 3008 1868 occidet
3039 1810 3184 1866 enim
3216 1809 3298 1865 sol
3335 1822 3500 1876 super

225 1900 531 1971 ἀνέρχεται
569 1903 604 1972 ἡ
634 1903 765 1973 εὐχή
809 1918 903 1955 σου
937 1902 1154 1975 καθαρὰ
1199 1903 1335 1975 πρὸς
1381 1903 1473 1958 τὸν
1504 1903 1636 1957 Θεόν
1683 1902 1815 1973 (53).

1921 1905 2263 1961 iracundiam
2307 1911 2542 1960 vestram
2574 1901 2643 1958 εδ.
2681 1924 2699 1954 ι
2745 1901 3250 1968 Mansuetudinem,
3290 1899 3501 1970 patiem-

230 1994 393 2045 «Οὐκ
436 1993 757 2047 ὲπιδῦσεται
792 1994 902 2064 γὰρ
940 1995 970 2048 6
1010 1994 1161 2065 ήλιος
1204 1995 1300 2048 ἐπὶ
1340 1994 1417 2067 τῷ
1457 1993 1820 2068 παροργισμῷ

225 2085 411 2156 ὑμῶν.
439 2106 459 2138 ι
502 2087 797 2157 Πραότητα
829 2086 940 2158 ἔχε,
973 2087 1250 2159 ὑπομονήν
1280 2086 1391 2158 ἔχε,
1414 2087 1817 2160 μακροθυμίαν,

227 2178 562 2249 νηπιότητα.
594 2179 760 2249 Λέγει
794 2179 902 2252 γὰρ
948 2181 977 2233 6
1009 2179 1212 2251 Κύριος
1238 2196 1251 2209 ·
1308 2199 1326 2231 t
1361 2180 1485 2234 Ἐάν
1535 2179 1609 2252 μὴ
1660 2198 1822 2253 στρα-

229 2274 371 2344 φῆτε
400 2314 420 2338 ,
447 2274 550 2328 καὶ
592 2274 826 2345 γένησθε
854 2275 931 2339 ὡς
962 2275 1033 2330 τὰ
1061 2275 1270 2339 παιδία,
1324 2277 1384 2330 οὐ
1436 2276 1510 2349 μὴ
1542 2277 1820 2348 εἰσέλθητε

228 2364 316 2427 εἰς
337 2363 438 2434 τὴν
463 2363 748 2434 βασιλείαν
786 2365 893 2420 τῶν
924 2366 1188 2437 οὐρανῶν.
1230 2386 1250 2420 ι

304 2455 389 2509 22.
432 2457 514 2510 οὺ
554 2456 631 2528 μὴ
655 2456 947 2530 λυπηθήσῃ
980 2457 1216 2529 χαλεποῦ
1246 2475 1391 2522 τινος
1434 2450 1821 2530 συμϐαίνοντός

233 2564 337 2609 σοι,
364 2546 498 2601 οὔτε
537 2548 633 2601 ἐπὶ
666 2548 842 2621 ζημίᾳ
867 2550 1159 2623 λυπηθήσῃ
1190 2551 1324 2622 (54),
1360 2549 1483 2606 οὔτε
1517 2553 1610 2607 ἐπὶ
1637 2551 1816 2624 “per

237 2655 259 2688 ι
301 2637 364 2691 Ἠ
391 2638 543 2709 λύπη
574 2639 684 2711 γὰρ
712 2639 807 2694 τοῦ
836 2641 1040 2712 κόσμου
1072 2641 1262 2695 τούτου
1296 2641 1522 2697 θάνατον
1552 2642 1823 2715 κατεργά-

231 2728 401 2791 ζεται.
438 2748 458 2779 ι
510 2729 685 2800 ’Υπὲρ
720 2729 828 2783 τῶν
858 2730 1145 2802 ἁμαρτιῶν
1185 2748 1277 2784 σου
1313 2732 1471 2803 μόνον
1510 2731 1818 2806 λυπηθήσῃ,

233 2819 370 2890 ὑπὲρ
402 2818 571 2873 ἄλλου
598 2820 653 2872 δὲ
681 2821 1005 2892 πράγματος
1033 2822 1232 2902 μικροῦ
1278 2823 1339 2876 οὐ
1372 2822 1685 2898 λυπηθήσῃ.
1727 2824 1820 2897 Μὴ

231 2908 457 2983 deum;
494 2911 598 2982 τὴν
630 2917 813 2980 φωνήν
838 2930 931 2965 σου
958 2913 1289 2985 ὀργιζομένη
1329 2914 1467 2986 πρός
1495 2931 1617 2967 τινα
1642 2932 1656 2945 ·
1700 2913 1822 2968 δού-

227 2999 327 3069 λην
356 3001 475 3071 γὰρ
522 2999 732 3072 Κυρίου
778 3002 838 3054 οὐ
872 3001 953 3054 δεῖ
1000 3001 1286 3072 μάχεσθαι.
1337 3003 1450 3055 Οὐκ
1483 3001 1821 3070 ἐξελεύσεται

232 3092 446 3163 κατάρα
485 3094 551 3145 ἐκ
582 3093 677 3145 τοῦ
714 3093 977 3164 στόματός
1008 3110 1123 3157 σου,
1158 3093 1257 3163 οὐχ
1291 3091 1470 3165 ὖὸρις,
1500 3095 1561 3147 οὐ
1596 3094 1821 3148 κακολο-

230 3185 338 3253 γία.
372 3185 453 3239 Τὸ
504 3186 681 3256 στόμα
734 3203 826 3238 σου
871 3186 979 3259 γὰρ
1031 3188 1362 3259 ἡγιασμένον
1411 3189 1564 3242 ἐστὶν
1602 3191 1662 3242 ὲν
1705 3191 1818 3255 τοῖς

1921 1998 2077 2063 tiam,
2117 1998 2461 2053 tolerantiam
2493 2003 2547 2051 et
2585 1995 2989 2065 simplicitatem
3025 1994 3267 2049 infantia:
3303 1993 3497 2047 retine.

1920 2090 2012 2147 Ait
2036 2092 2239 2163 quippe
2281 2090 2588 2145 Dominus:
2627 2106 2646 2140 ι
2682 2085 2798 2143 Nisi
2844 2086 3266 2153 convertamini,
3297 2092 3352 2142 et
3390 2083 3501 2139 elli—

1923 2183 2143 2238 ciamini
2173 2183 2315 2238 sicut
2346 2183 2579 2253 parvuli,
2611 2197 2720 2237 non
2752 2181 3027 2237 intrabitis
3058 2179 3116 2234 in
3139 2193 3365 2250 regnum
3391 2192 3505 2234 οων

1923 2275 2099 2329 lorum
2128 2274 2194 2329 ⁸¹.
2228 2293 2247 2326 ι

1990 2450 2079 2504 22.
2103 2448 2183 2507 Ne
2210 2449 2539 2507 contristere
2570 2450 2618 2506 si
2647 2450 2777 2522 quid
2808 2450 3097 2506 adversum
3130 2447 3343 2504 accidat
3369 2446 3494 2510 tibi,

1922 2557 2099 2614 neque
2149 2541 2218 2598 de
2262 2548 2488 2613 accepto
2531 2542 2733 2600 damno
2764 2542 2851 2598 vel
2902 2539 3232 2596 contumelia
3265 2538 3495 2594 doleas:

1928 2651 1947 2684 ο
1976 2633 2225 2689 Tristitia
2246 2634 2393 2690 enim
2424 2634 2591 2704 hujus
2622 2634 2831 2697 mundi,
2857 2641 3089 2688 mortem
3117 2638 3376 2701 operatur
3390 2629 3495 2682 ⁸³.»

1922 2723 1999 2781 De
2055 2726 2164 2782 tuis
2210 2726 2386 2781 solum
2439 2726 2680 2796 peccatis
2728 2725 2955 2781 doleas:
2991 2725 3059 2780 de
3103 2723 3209 2778 alia
3241 2738 3302 2778 re
3345 2722 3499 2792 parvi

1922 2818 2180 2873 momenti
2222 2834 2291 2873 ne
2323 2818 2676 2874 contristere.
2722 2816 2802 2873 Ne
2840 2817 3061 2872 attollas
3094 2830 3279 2871 vocem
3314 2815 3370 2869 in
3400 2812 3502 2868 ali-

1922 2923 2081 2978 quem
2110 2922 2222 2978 pra:
2261 2908 2544 2963 iracundia
2571 2928 2584 2963 :
2617 2908 2872 2963 ancillam
2903 2909 3106 2978 quippe
3144 2905 3362 2960 Damini
3386 2920 3499 2961 non

1922 2997 2079 3053 decet
2098 2997 2427 3064 disceptare.
2455 2995 2576 3052 Non
2605 2997 2777 3053 exibit
2801 2997 2868 3051 de
2884 3011 2980 3051 ore
3003 3004 3098 3051 tuo
3121 2992 3497 3056 maledictum,

1922 3103 2031 3144 non
2063 3088 2418 3153 contumelia,
2474 3104 2581 3142 non
2632 3088 2982 3143 obtrectatio.
3031 3084 3109 3141 Os
3154 3085 3300 3141 enim
3342 3090 3497 3137 tuum

1923 3180 2321 3236 sanctiﬁcatum
2349 3190 2434 3236 est
2464 3179 2681 3252 hymnis
2719 3186 2773 3235 et
2805 3179 3059 3233 laudibus
3090 3177 3203 3233 Dei.
3245 3175 3352 3229 Par
3386 3189 3499 3230 non

231 3275 420 3344 ὕμνοις
449 3277 550 3330 καὶ
583 3275 916 3345 δοξολογίαις
941 3278 1034 3331 τοῦ
1069 3278 1226 3333 Θεοῦ.
1261 3279 1375 3333 Οὐκ
1408 3278 1523 3333 ἔστι
1555 3280 1716 3335 καλὸν
1755 3282 1815 3335 τὸ

1921 3282 2002 3329 est
2028 3273 2138 3345 94
2164 3272 2383 3341 prodire
2411 3282 2462 3329 te
2492 3273 2699 3344 absque
2729 3286 2926 3343 magna
2958 3269 3306 3327 necessitate.
3330 3265 3497 3335 Quie-

232 3368 600 3441 προέρχεσθαί
626 3386 684 3421 σε
705 3370 873 3441 χωρὶς
908 3370 1149 3440 μεγάλης
1170 3370 1434 3443 ἀνάγκης.
1461 3371 1573 3442 Τὴν
1590 3373 1818 3444 ἡσυχίαν

228 3461 418 3528 ἀγάπα
458 3461 587 3512 ὅσον
620 3458 847 3513 δύνασαι
866 3477 881 3492 ο
917 3461 961 3512 Τ
964 3459 1039 3512 ὦν
1071 3459 1272 3515 δούλων
1304 3461 1399 3515 τοῦ
1432 3462 1567 3515 Θεοῦ
1597 3463 1670 3533 μὴ
1700 3466 1819 3516 ἐπι-

227 3551 386 3625 λάϐῃ,
426 3551 566 3622 μηδὲ
615 3549 1111 3623 ἀπαλειφθήτωσαν
1159 3554 1224 3606 ἐκ
1269 3552 1370 3624 τῆς
1424 3554 1651 3625 καρδίας
1699 3572 1814 3610 σου.

242 3644 363 3695 Ἐὰν
412 3642 577 3711 ἆγιος
608 3641 739 3713 ἔλθη
785 3644 863 3707 εἰς
896 3644 995 3715 τὴν
1042 3643 1219 3698 οἰκίαν
1267 3661 1388 3707 σου,
1435 3644 1607 3708 οὕτως
1654 3645 1816 3698 αὐτὸν

230 3734 547 3804 πῷσδεξαι,
582 3733 658 3798 ὡς
685 3735 774 3786 τὸν
808 3734 937 3787 Υἱὸν
978 3734 1073 3788 τοῦ
1106 3734 1241 3788 Θεοῦ
1263 3753 1275 3766 ·
1323 3736 1470 3805 λέγει
1498 3738 1607 3816 γάρ
1642 3739 1668 3790 6
1706 3736 1818 3790 Κύ-

231 3844 343 3897 ριος
376 3827 538 3896 ἡμῶν
584 3825 795 3897 Ἰησοῦς
844 3827 1115 3897 Χριστὸς’
1170 3847 1187 3878 t
1226 3828 1284 3881 '0
1328 3827 1616 3899 δεχόμενος
1674 3830 1817 3899 ὑμᾶς

230 3919 327 3988 ἐμὲ
376 3918 621 3988 δέχεται.
651 3936 669 3968 ι
722 3916 847 3970 Ἐὰν
892 3917 1109 3989 εἰσέλθῃ
1158 3918 1298 3991 ἀνὴρ
1342 3917 1548 3983 δίκαιος
1599 3921 1679 3983 εἰς
1724 3920 1815 3972 τὸν

228 4004 371 4062 οἶκόν
407 4024 527 4071 σου,
566 4006 707 4079 μετὰ
736 4006 901 4076 φόϐου
936 4009 1031 4062 καὶ
1061 4008 1262 4081 τρόμου
1294 4009 1626 4079 ἀπαντήσεις
1645 4010 1812 4082 αὐτῷ,

229 4104 319 4154 καὶ
375 4101 787 4173 προσκυνήσεις
841 4099 1072 4154 ἐνώπιον
1116 4101 1225 4155 τῶν
1276 4101 1452 4155 ποδῶν
1499 4101 1663 4155 αὑτοῦ
1724 4104 1814 4156 ἐπὶ

226 4193 322 4262 τὴν
346 4192 475 4261 γῆν.
515 4191 592 4243 Οὐ
621 4190 731 4262 γὰρ
757 4191 920 4244 αὐτὸν
945 4192 1365 4264 προσκυνήσεις,
1391 4191 1529 4246 ἀλλὰ
1556 4193 1649 4246 τὸν
1681 4193 1812 4255 Θεὸν

226 4282 313 4336 τὸν
346 4282 753 4335 ἀποστείλαντα
792 4282 975 4336 αὐτόν.
1006 4283 1167 4356 Afy.ng
1202 4283 1259 4337 δὲ
1291 4282 1457 4355 ὕδωρ,
1503 4285 1597 4338 καὶ
1639 4285 1814 4355 νίψεις

227 4373 348 4435 τοὺς
372 4372 549 4434 πόδας
580 4370 770 4435 αὐτοῦ,
801 4371 897 4425 καὶ
932 4372 1071 4443 μετὰ
1105 4373 1287 4445 πάσης
1332 4374 1618 4438 εὐλαϐείας
1649 4376 1814 4430 ἀκού-

230 4479 337 4526 σεις
368 4463 481 4516 τῶν
506 4463 685 4532 λόγων
709 4463 896 4517 αὑτοῦ.
939 4465 1013 4517 Οὐ
1047 4464 1124 4536 μὴ
1167 4466 1448 4539 θαρῤήσῃς
1482 4469 1573 4522 ἐπὶ
1600 4471 1665 4540 τῇ
1708 4486 1812 4522 σω-

229 4556 465 4626 φροσύνη
505 4572 625 4611 σου.
663 4556 749 4608 ἵνα
792 4557 868 4628 μὴ
896 4556 1101 4629 πέσηςσ
1158 4558 1292 4611 ἀλλὰ
1332 4557 1497 4627 φοϐοῦ
1521 4576 1534 4589 °
1569 4561 1653 4630 ἐφ’
1688 4561 1810 4613 ὅσον

225 4647 329 4719 γὰρ
361 4647 507 4716 φοϐῇ
536 4686 550 4709 ,
597 4646 853 4700 οὐδέποτε
902 4650 1141 4712 πίπτεις.
1188 4650 1462 4720 Συμφέρει
1495 4654 1561 4723 τῇ
1605 4654 1807 4724 ὲγκρα-

224 4741 495 4811 τευομένῃ
529 4738 840 4809 καταμόνας
870 4741 961 4793 τὸν
994 4742 1193 4812 ἑαυτῆς
1246 4742 1407 4814 ἄρτον
1437 4744 1654 4797 ἐσθίειν.
1687 4745 1812 4797 Ἐὰν

227 4833 451 4905 καθίσῃς
480 4832 622 4903 μετὰ
655 4832 938 4903 παρθένων
971 4834 1063 4888 ἐπὶ
1085 4835 1381 4907 τραπέζης,
1414 4838 1522 4890 πᾶν
1546 4837 1606 4890 τὸ
1637 4856 1814 4910 παρα-

224 4923 448 4981 θέμενον
480 4924 630 4978 ἔσθιε
660 4927 777 4994 μετ’
807 4926 1005 4980 αὐτῶν.
1051 4927 1177 4980 Ἐὰν
1215 4928 1324 4999 γὰρ
1355 4928 1427 4999 μὴ
1459 4929 1639 5000 φάγῃς
1667 4969 1681 4991 ,
1722 4931 1812 4983 εὑ-

228 5018 387 5091 ρίσκῃ
409 5018 489 5081 ὼς
524 5019 926 5089 κατακρίνουσα
965 5020 1154 5083 αὐτάς.
1206 5022 1320 5075 Οὐκ
1351 5021 1669 5090 ἀναγγελεῖς
1702 5023 1805 5092 τὴν

225 5106 454 5178 ἄσκησιν
493 5125 607 5162 σου.
651 5109 778 5163 Ἐάν
814 5110 871 5163 δὲ
916 5112 1010 5164 καὶ
1039 5109 1184 5166 οἶνον
1220 5112 1455 5177 πίνουσι,
1492 5114 1587 5167 καὶ
1618 5114 1678 5167 οὐ
1715 5114 1804 5167 πει-

287 5269 336 5300 "
377 5266 574 5321 Matth.
614 5283 763 5331 xxtt,
799 5268 868 5321 '57
893 5310 914 5332 ,
942 5269 1029 5324 40.

228 5337 307 5394 lt).
415 5339 467 5371 ⁸³
508 5336 677 5392 Marc.
714 5354 806 5400 ιι,
844 5338 912 5393 56

292 5518 404 5585 (52)
438 5517 766 5590 Basiliensis
787 5528 840 5572 et
868 5518 1104 5589 Anglic.,
1123 5521 1217 5574 ἐὰν
1244 5522 1494 5588 ἀγαπᾶτε
1512 5519 1791 5590 ἀλλήλους.

290 5589 400 5659 (55)
434 5590 495 5644 In
552 5588 720 5643 Basil.
756 5600 810 5643 et
857 5588 1070 5659 Anglic.
1122 5591 1237 5645 haec
1305 5592 1440 5662 πρὸς
1508 5590 1599 5643 τὸν
1634 5588 1791 5649 Θεόν,

224 5659 519 5856 ἒῗίἓῷιὲίο
566 5743 767 5783 omnes
810 5744 943 5784 mss.
998 5746 1055 5784 ιιι
1098 5729 1262 5787 editis
1298 5745 1446 5794 vero,
1509 5728 1795 5801 λυπηθήσῃ

1108 5270 1153 5301 ⁷⁸
1191 5267 1348 5325 Joan.
1387 5284 1486 5324 xm
1512 5310 1526 5334 ,
1566 5269 1655 5323 55.
1733 5268 1780 5300 ⁸⁸

1921 5287 2019 5327 tes.
2057 5289 2130 5338 tv,
2160 5272 2250 5329 26.
2330 5274 2372 5305 ⁸⁸
2411 5271 2601 5327 Matth.
2647 5285 2779 5324 mit
2804 5309 2820 5332 .
2857 5270 2912 5322 ’5.

1919 3373 2029 3419 tem
2071 3379 2191 3419 ama
2245 3371 2510 3436 quantum
2556 3373 2728 3434 potes.
2782 3361 3075 3418 Serrorum
3118 3360 3215 3416 Dei
3248 3375 3318 3416 ne
3358 3358 3499 3414 obli-

1920 3458 2150 3523 viscere,
2196 3473 2373 3526 neque
2408 3441 2696 3512 deleantur
2741 3444 2820 3509 illi
2851 3470 2916 3510 ex
2954 3452 3123 3509 corde
3159 3461 3274 3508 tuo.
3312 3451 3369 3506 Si
3415 3452 3499 3505 vir

1919 3554 2142 3600 sanctus
2171 3546 2382 3600 venerit
2409 3545 2463 3599 in
2494 3545 2717 3601 domum
2753 3552 2921 3611 tuam,
2952 3544 3026 3598 ita
3055 3542 3292 3613 excipite
3321 3542 3496 3605 illum,

1917 3637 2075 3705 quasi
2106 3634 2301 3690 Filium
2336 3634 2468 3699 Dei;
2519 3637 2595 3690 ait
2635 3635 2781 3691 enim
2816 3634 3078 3691 Dominus
3117 3640 3309 3688 noster
3335 3630 3498 3688 Jesus

1917 3728 2170 3783 Christus
2204 3747 2216 3782 :
2255 3747 2272 3778 ‹
2318 3727 2422 3794 Qui
2456 3742 2557 3783 vos
2598 3724 2855 3796 suscipit,
2886 3741 2974 3780 me
3019 3723 3251 3793 suscipit
3278 3723 3345 3777 ⁸³.
3380 3743 3397 3773 ι
3437 3722 3497 3777 Si

1918 3823 2198 3892 ingressus
2251 3820 2416 3876 fuerit
2468 3822 2550 3892 vir
2593 3821 2777 3890 justus
2811 3820 2865 3874 in
2896 3819 3118 3874 domum
3167 3825 3339 3879 tuam,
3370 3832 3496 3871 cum

1917 3916 2110 3969 timore
2140 3926 2192 3971 et
2225 3922 2467 3970 tremore
2505 3929 2767 3971 occurres
2814 3913 2942 3984 ipsi,
2977 3918 3032 3967 et
3060 3910 3315 3982 procides
3343 3911 3496 3964 humi

1917 4009 1981 4061 ad
1998 4005 2161 4076 pedes
2177 4006 2299 4076 ejus
2316 4006 2556 4062 adorans
2579 4006 2713 4077 (55).
2738 4003 2857 4059 Non
2875 4005 3019 4060 enim
3045 4003 3196 4057 illum
3216 4003 3494 4065 adorabis,

1916 4100 2010 4155 sed
2055 4099 2224 4155 Deum
2270 4100 2363 4171 qui
2406 4100 2556 4155 misit
2594 4099 2795 4169 ipsum.
2830 4095 2989 4168 Aqua
3014 4102 3260 4166 accepta,
3288 4093 3496 4149 lavabis

1915 4192 2081 4262 pedes
2100 4192 2243 4261 ejus,
2277 4200 2475 4246 etcum
2508 4191 2654 4244 omni
2686 4188 2993 4245 reverentia
3019 4187 3187 4243 verba
3221 4186 3369 4241 illius
3397 4201 3498 4239 au-

1913 4282 2052 4339 dies.
2081 4282 2199 4338 Non
2247 4282 2493 4338 conﬁdas
2523 4283 2579 4337 in
2621 4292 2710 4337 tua
2745 4282 3020 4347 castitate,
3058 4294 3129 4334 ne
3168 4277 3368 4346 cadas;
3397 4277 3495 4333 sed

1914 4376 2046 4431 time
2078 4394 2092 4429 :
2119 4383 2326 4446 quanto
2373 4382 2619 4446 tempore
2657 4374 2878 4429 timebis
2907 4386 3015 4428 non
3065 4370 3344 4443 peccabis.
3388 4369 3498 4424 Ex~

1913 4466 2060 4534 pedit
2097 4467 2466 4522 continentem
2498 4482 2746 4522 seorsum
2769 4480 2964 4536 panem
2993 4479 3154 4521 suum
3183 4462 3491 4519 comedere.

1915 4558 1971 4614 Si
2001 4559 2209 4615 sederis
2243 4559 2310 4612 ad
2336 4574 2580 4615 mensam
2616 4574 2739 4613 cum
2763 4558 3088 4630 virginibus,
3117 4558 3187 4613 de
3210 4556 3349 4613 cibis
3369 4571 3492 4612 ont-

1919 4651 2079 4707 nibus
2111 4652 2406 4722 propositis
2439 4655 2694 4708 comedes
2740 4667 2863 4707 cum
2921 4651 3052 4706 illis.
3099 4648 3233 4704 Nam
3287 4649 3333 4704 si
3381 4663 3491 4703 non

1917 4741 2246 4807 comederis,
2277 4740 2534 4798 videbere
2566 4742 2689 4795 illas
2716 4741 3048 4812 improbare.
3087 4739 3205 4794 Non
3238 4739 3491 4794 declara-

1915 4835 2001 4891 bis
2033 4834 2245 4889 ascesin
2270 4852 2366 4890 seu
2393 4834 2840 4892 eXercitationem
2876 4844 3046 4889 tuam.
3081 4832 3139 4888 Si
3171 4834 3356 4886 vinum
3381 4845 3487 4884 non

1914 4923 2069 4977 bibas
2111 4931 2165 4979 et
2199 4924 2387 4983 bibant
2430 4928 2581 4996 ipsae,
2627 4942 2817 4996 parum
2865 4925 3042 4980 bibito
3068 4937 3256 4978 earum
3288 4920 3485 4991 gratia.

1912 5020 2067 5087 Quod
2121 5024 2164 5077 si
2213 5023 2390 5077 adsint
2427 5039 2635 5095 magnm
2681 5038 2839 5087 anus,
2876 5030 2930 5077 et
2980 5020 3185 5090 largius
3217 5025 3270 5072 te
3302 5015 3490 5071 bibere

1911 5123 2131 5187 cogant,
2162 5132 2229 5170 ne
2263 5115 2457 5172 audias
2484 5118 2629 5180 illas,
2666 5115 2762 5170 sed
2790 5115 2879 5169 die
2904 5113 3052 5167 illis:
3087 5110 3193 5165 Vos
3227 5109 3281 5162 in
3310 5105 3487 5162 ascesi

3040 5266 3087 5298 υ
3129 5263 3173 5319 ll
3207 5264 3331 5319 Cor.
3370 5277 3482 5326 vu,

1902 5515 2187 5571 estdomus
2232 5515 2452 5568 moniali
2492 5513 2742 5582 propriae,
2774 5511 2981 5565 videtur
3031 5510 3086 5563 id
3126 5509 3344 5582 innuero
3377 5525 3482 5563 au-
3548 5492 3566 5531 δ

1901 5596 2096 5640 ctomm
2136 5584 2370 5657 loquipde
2398 5581 3003 5657 genere-monachorum
3030 5596 3147 5652 qua
3176 5596 3278 5634 non
3303 5581 3356 5633 in
3380 5595 3483 5633 εω-
3506 5642 3514 5657 ι
3537 5632 3548 5648 ,.
3587 5612 3594 5619 -

1908 5657 2101 5714 nobit’s.
2136 5652 2225 5709 sed
2262 5652 2557 5709 dumi—sua:
2584 5654 2799 5707 vivunt:
2831 5652 3162 5705 observantes
3190 5659 3364 5703 tamen
3397 5652 3514 5703 ινα-ι’
3547 5704 3552 5719 ἢ

1942 5727 2086 5781 utam
2141 5725 2509 5780 duum-alium
2537 5726 2590 5778 in
2621 5726 2753 5777 victu
2798 5732 2848 5777 et
2872 5724 3087 5776 amictu.
3137 5719 3290 5787 Quod
3318 5735 3478 5790 genus

1930 5801 2143 5869 ’requens
2176 5794 2355 5869 uideas
2370 5796 2421 5849 in
2448 5794 2747 5860 Wulacltia,
2768 5793 2958 5849 [iussin
2987 5803 3034 5848 et
3069 5793 3271 5849 ca'tert's
3293 5790 3478 5846 Orien-

294 5869 491 5944 (53)]:1
529 5870 645 5926 haee
684 5869 847 5926 verba
890 5877 1039 5925 notat
1096 5869 1239 5929 Felc.
1299 5868 1452 5940 Quod
1494 5870 1574 5924 Iu'c
1603 5871 1794 5927 utentia
1908 5866 2098 5924 talibus
2126 5866 2424 5938 provinciis.
