3958 6508
515 399 622 458 279
681 406 685 410 ”

1691 395 1744 453 S.
1783 395 2249 456 ATHANASIUS.
2291 431 2359 442 -—
2395 399 2623 458 DUBIA.

3647 400 3756 459 280

515 530 614 571 seu
645 513 1038 570 exercitatione
1077 512 1242 568 multa
1269 510 1607 581 juventutcm
1633 521 1866 567 vestram
1905 521 2078 570 trans-

2197 533 2294 588 νῃς
2329 557 2344 580 ,
2382 515 2450 570 δι’
2503 515 2671 581 αὐτὰς
2709 516 2799 569 πίε
2852 515 3049 585 ὀλίγον.
3091 515 3216 570 Ἑάν
3269 514 3324 569 δέ
3375 517 3480 570 sict
3525 517 3759 588 μεγάλαι

513 604 704 675 egistis
729 623 742 660 :
767 613 824 660 at
853 621 954 678 ego
985 621 1051 661 ne
1079 605 1144 659 ad
1184 603 1418 675 primum
1453 601 1670 672 quidem
1699 615 1938 661 vestrum
1960 621 2086 677 gra-

513 695 644 750 dum
675 697 914 766 perveni.
941 695 1112 751 Porro
1128 693 1195 752 de
1219 694 1590 764 hospitalitate
1619 701 1673 750 et
1699 695 2082 788 eleelnosynis,

513 802 621 842 non
653 805 792 859 opus
821 797 904 846 est
935 797 994 844 ut
1024 786 1388 844 admonearis.
1420 783 1479 841 ld
1509 787 1654 842 enim
1683 795 1740 842 tu
1768 783 1961 858 sponte
1991 796 2085 844 tua

513 877 704 938 facies.

2195 605 2570 677 πρεσϐύτιδες,
2601 607 2692 660 καὶ
2721 607 3071 673 ἀναγκάζωσι
3110 622 3168 665 σε
3205 608 3346 662 πιεῖν
3370 609 3649 680 περισσὸν.
3682 610 3758 681 μὴ

2196 697 2435 772 ἀκούσῃς
2459 699 2660 762 αὐτῶν,
2689 699 2822 754 ἀλλὰ
2849 699 2974 770 λέγε
3011 700 3200 764 αὐταῖς
3227 717 3242 730 ·
3287 699 3474 772 Ὑμεῖς
3511 701 3764 772 κατετρί-

2191 789 2333 860 ψατε
2355 790 2453 862 τὴν
2485 791 2711 862 νεότητα
2745 792 2899 863 ὑμῶν
2937 792 2998 844 ἐν
3025 792 3256 862 ἀσκήσει
3299 791 3465 864 πολλῇ
3491 807 3506 822 ο
3544 791 3658 860 ἐγὼ
3702 793 3762 845 δὲ

2195 881 2350 937 οὔπω
2381 883 2592 954 ἔφθασα
2641 885 2762 938 οῦδὲ
2801 887 2880 949 είς
2918 885 3132 958 πρῶτον
3181 885 3385 958 βαθμὸν
3421 884 3576 957 ὑμῶν
3619 884 3759 958 (56).

512 976 648 1049 Περὶ
699 977 756 1030 δὲ
807 975 906 1048 τῆς
955 972 1258 1045 φιλοξενίας
1294 972 1400 1044 ,καὶ
1449 975 1547 1046 τῆς
1595 973 1966 1045 ἐλεημοσύνης
2019 973 2079 1026 οῦ
2118 975 2308 1045 χρείαν
2345 977 2488 1049 ἔχεις
2549 978 2932 1036 νουθετεῖσθαι.
2997 979 3128 1034 Ἀπὸ
3192 980 3417 1052 σεαυτῆς
3459 979 3568 1051 γὰρ
3605 980 3764 1052 ποιή-

513 1089 645 1135 σεις.

579 1189 668 1244 25.
704 1187 762 1242 ln
793 1187 1020 1244 ecclesia
1053 1193 1193 1251 tace,
1226 1201 1327 1240 nec
1373 1184 1668 1254 quidquam
1700 1185 1954 1254 loquare;
1988 1181 2084 1237 sed

510 1281 730 1336 attende
768 1279 946 1334 solum
978 1277 1220 1333 lectioni.
1265 1276 1324 1330 Si
1368 1277 1463 1333 tibi
1489 1279 1541 1331 in
1591 1283 1826 1332 mentem
1876 1275 2084 1332 venerit

509 1372 730 1444 aliquod
765 1386 904 1442 opus
935 1384 1212 1440 peragere,
1247 1383 1317 1423 ne
1355 1376 1560 1425 temere
1589 1369 1639 1424 id
1673 1384 1824 1439 agas,
1858 1383 1928 1424 ne
1958 1367 2082 1422 illu-

508 1467 601 1522 dat
623 1465 720 1519 tibi
745 1464 1036 1529 inimicus;
1068 1461 1162 1516 sed
1193 1478 1317 1516 cum
1347 1462 1580 1518 consilio
1605 1463 1871 1532 majorum
1897 1460 2079 1518 omnia

508 1571 832 1626 exsequare.
873 1553 1008 1608 Cum
1039 1553 1240 1623 psalles
1274 1563 1366 1607 aut
1393 1554 1600 1618 orabis,
1633 1569 1698 1608 ne
1731 1552 1896 1607 sinito
1927 1567 2084 1622 pere-

507 1648 695 1720 grinas
723 1645 1087 1715 cogitationes
1121 1659 1218 1698 cor
1236 1643 1424 1699 subire
1454 1654 1628 1699 tuum.
1654 1643 1804 1716 Rogo
1836 1652 1908 1708 te,
1945 1643 2085 1697 dile-

507 1747 620 1800 cta,
663 1745 724 1792 ut
775 1736 1026 1792 attendas
1071 1733 1370 1805 audiasque
1413 1744 1682 1805 praecepta
1708 1735 1811 1789 hoc
1856 1739 1910 1789 in
1941 1734 2084 1788 libro

2261 1177 2353 1233 23.
2409 1176 2497 1230 ‘Ev
2529 1175 2794 1248 ἐκκλησίᾳ
2828 1176 3034 1243 σιώπα,
3067 1178 3160 1232 καὶ
3190 1178 3358 1249 μηδὲν
3399 1179 3588 1247 λάλει,
3621 1184 3762 1241 ἀλλά

2187 1275 2254 1341 τῃ
2290 1268 2593 1338 ἀναγνώσει
2626 1267 2784 1340 μόνον
2812 1269 3064 1341 πρόσεχε.
3110 1270 3238 1324 Ἐἀν
3262 1271 3507 1344 ἐπαναὸῇ
3548 1277 3630 1338 είς
3657 1277 3761 1347 τὴν

2190 1361 2416 1435 καρδίαν
2451 1379 2543 1415 σου
2576 1361 2852 1432 λογισμὸς,
2901 1363 2987 1416 ἵνα
3023 1363 3256 1434 ποιήσῃς
3284 1365 3516 1436 πρᾶγμά
3562 1383 3636 1432 τι,
3683 1368 3760 1440 μὴ

2188 1453 2474 1524 προπετῶς
2499 1453 2630 1506 αὐτὸ
2659 1453 2822 1516 ποίει,
2855 1455 2942 1508 ἴνα
2974 1453 3048 1525 μή
3088 1453 3332 1528 ὲμπαίξῃ
3361 1472 3420 1508 σε
3459 1457 3489 1509 6
3525 1457 3718 1530 ἐχθρός
3743 1477 3756 1488 ·

2184 1543 2318 1598 ἀλλά
2347 1544 2484 1615 μετὰ
2513 1544 2708 1615 βουλῆς
2739 1545 2846 1598 τῶν
2880 1545 3206 1618 μειζοτέρων
3236 1562 3329 1599 σου
3363 1547 3539 1600 πάντα
3587 1550 3758 1605 ποίει.

2185 1638 2356 1692 Ὅταν
2383 1637 2610 1710 ψάλλῃς,
2639 1635 2672 1708 ἢ
2699 1636 2808 1708 (57)
2835 1638 2964 1690 ὃταν
2992 1635 3292 1709 προσεύχῃ,
3325 1636 3399 1710 μὴ
3420 1637 3544 1708 ἄφιε
3570 1639 3760 1706 ξένους

2183 1728 2476 1800 λογισμοὺς
2500 1728 2721 1782 είσιέναι
2759 1731 2838 1792 είς
2880 1729 2980 1798 τὴν
3023 1728 3250 1800 καρδίαν
3285 1745 3398 1786 σου.
3445 1729 3758 1803 Παρακαλῶ

508 1828 738 1896 scripta.
770 1824 880 1880 Nec
917 1824 1096 1880 solum
1127 1824 1304 1879 oculis
1338 1823 1700 1880 exterioribus
1731 1840 1852 1894 qua:
1881 1824 2078 1894 scripta

2189 1838 2270 1884 σε,
2309 1820 2588 1892 ἀγαπητὴ,
2624 1820 2854 1892 πρόσεχε
2892 1820 2986 1874 καὶ
3022 1819 3185 1874 ἄκουε
3215 1819 3323 1873 τῶν
3361 1819 3588 1873 ἐντολῶν
3633 1821 3757 1876 τού-

509 1924 638 1972 sunt
667 1917 958 1987 percipias,
1007 1916 1102 1972 sed
1134 1915 1294 1971 etiam
1325 1915 1696 1971 interioribus.
1733 1913 2082 1986 Singulisque

508 2007 790 2076 praeceptis
811 1989 1052 2060 animum
1078 2004 1293 2070 adhibe,
1315 2015 1370 2058 et
1395 2005 1485 2058 illa
1510 2019 1826 2073 exsequere.
1855 2002 1910 2058 Si
1936 2007 2080 2058 enim

507 2105 610 2150 ista
642 2095 969 2158 servaveris,
997 2095 1147 2166 regio
1192 2093 1433 2148 thalamo
1467 2091 1630 2163 digna
1663 2093 1971 2148 habeberis.
2007 2094 2085 2149 l\'e

507 2187 710 2243 dixeris
746 2189 798 2241 in
823 2187 988 2243 corde
1019 2195 1112 2241 tuo
1148 2205 1160 2240 :
1192 2185 1439 2252 Quonam
1475 2184 1637 2240 modo
1671 2185 1784 2240 haec
1824 2193 2083 2256 praestare

509 2277 734 2348 potero?
766 2277 844 2334 Ne
886 2280 1084 2333 timore
1119 2277 1440 2348 corripiaris
1476 2278 1532 2332 in
1591 2277 1921 2347 cogitatione
1949 2287 2080 2343 tua;

492 2373 600 2428 .sed
632 2373 678 2426 si
697 2387 822 2427 cum
844 2375 992 2426 omni
1018 2372 1300 2426 alacritate
1319 2386 1380 2426 ea
1411 2369 1757 2435 custodieris,
1787 2369 1954 2425 Deum
1986 2370 2080 2423 ba-

507 2463 660 2519 bebis
701 2463 1030 2534 adjutorem.
1065 2463 1198 2517 Nam
1235 2463 1556 2519 timentibus
1606 2461 1772 2516 Deum
1825 2459 1916 2518 Dei
1947 2479 2080 2533 prae-

504 2565 660 2625 repta
703 2571 812 2612 non
843 2563 972 2611 sunt
1004 2553 1263 2612 dilliciiia.
1299 2553 1458 2609 Nulla
1490 2553 1626 2608 hora
1657 2553 1872 2609 deﬁciat
1900 2556 2078 2608 oleum

506 2649 560 2700 iu
588 2647 834 2716 lampade
853 2656 966 2709 tua.
985 2661 1056 2702 ne
1077 2647 1300 2702 veniens
1329 2661 1586 2716 sponsus,
1607 2659 1726 2699 eam
1755 2644 2078 2699 exstinctam

507 2725 765 2792 inveniat.
796 2737 1021 2808 Ignoras
1051 2737 1195 2793 enim
1227 2751 1335 2808 qua
1377 2736 1512 2791 hora
1542 2746 1804 2792 venturus
1839 2738 1932 2794 sit.
1967 2739 2080 2806 pri-

505 2843 668 2884 mone
714 2843 908 2884 somno
939 2843 1010 2882 an
1042 2843 1222 2884 mane.
1251 2827 1447 2882 Parata
1482 2827 1649 2898 igitur
1669 2836 1822 2892 esto,
1857 2836 1914 2882 ut
1953 2843 2076 2882 cum

505 2919 734 2984 venerit,
774 2933 879 2974 una
921 2934 1044 2974 cum
1090 2918 1448 2989 prudentibus
1485 2915 1699 2973 obviam
1735 2917 1838 2986 ipsi
1869 2917 2075 2980 venias,

511 3009 718 3066 habens
742 3010 920 3065 oleum
950 3010 1004 3064 in
1049 3009 1299 3080 lampade
1327 3017 1443 3072 tua,
1481 3009 1582 3064 hoc
1609 3017 1713 3077 est,
1743 3009 1884 3066 bona
1915 3025 2078 3080 opera

506 3109 622 3154 tua.
671 3099 912 3172 Singulis
949 3102 1102 3160 horis
1142 3110 1413 3156 memento
1455 3102 1632 3156 exitus
1673 3101 1748 3156 tui
1783 3117 1796 3154 :
1837 3101 2082 3172 quotidie

2185 1928 2290 1964 των
2326 1911 2432 1966 τῶν
2460 1911 2862 1982 γεγραμμένων
2891 1913 2948 1964 ἐν
2973 1909 3050 1982 τῷ
3076 1909 3264 1980 βιϐλίῳ
3293 1909 3489 1983 τούτῳ.
3534 1913 3647 1966 Καὶ
3680 1914 3754 1984 μή

2187 2003 2346 2074 μόνον
2376 2005 2489 2067 τοῖς
2532 2002 2829 2074 ὀφθαλμοῖς
2857 2003 2970 2066 τοῖς
3004 2003 3347 2073 φαινομένοις
3393 2003 3642 2058 κατανόει
3685 2005 3756 2058 τὰ

2183 2094 2578 2166 γεγραμμένα.
2623 2093 2758 2148 ἀλλά
2798 2096 2892 2148 καὶ
2936 2097 3048 2160 τοῖς
3089 2093 3321 2149 ἔνδοθεν.
3367 2093 3476 2148 Καὶ
3517 2095 3755 2167 πρόσεχε

2187 2189 2284 2258 μιᾷ
2310 2187 2515 2258 ἑκάστῃ
2557 2185 2764 2258 ἐντολῇ,
2805 2188 2898 2240 καὶ
2937 2187 3078 2238 ποίει
3116 2186 3306 2250 αὑτάς.
3344 2187 3470 2240 Ἐὰν
3507 2187 3617 2259 γάρ
3647 2205 3752 2256 φυ-

2181 2277 2348 2352 λάξῃς
2384 2279 2555 2332 ταῦτα
2578 2320 2593 2344 ,
2632 2277 3014 2352 καταξιωθήσῃ
3045 2278 3137 2332 τοῦ
3166 2278 3449 2350 νυμφῶνος
3477 2279 3571 2332 τοῦ
3601 2279 3758 2350 βασιι

2183 2369 2354 2424 λικοῦ.
2386 2371 2477 2440 Μὴ
2502 2371 2661 2441 εἴπῃς
2689 2370 2746 2422 ἐν
2771 2372 2835 2439 τῇ
2872 2368 3066 2441 καρδίᾳ
3101 2385 3214 2434 σου,
3233 2369 3336 2432 ὅτι,
3358 2369 3482 2428 Πῶς
3517 2368 3755 2440 δύναμαι

2183 2463 2408 2533 ποιῆσαι
2437 2462 2641 2528 ταῦτα;
2675 2463 2767 2534 Μὴ
2815 2462 3016 2516 δειλίαν
3060 2461 3199 2534 λάϐῃ
3249 2466 3278 2518 6
3323 2462 3582 2534 λογισμός
3622 2477 3750 2514 σου·

2182 2555 2296 2610 ἀλλ’
2330 2555 2394 2610 ἂν
2429 2555 2542 2627 (58)
2579 2555 2717 2628 μετά
2767 2555 2946 2626 πάσης
2979 2556 3288 2628 προθυμίας
3317 2555 3557 2628 φυλάξῃς
3585 2555 3748 2617 αὐτα,

2182 2645 2436 2716 εὑρήσεις
2471 2643 2758 2714 σύμμαχον
2788 2643 2880 2698 τὸν
2914 2645 3067 2698 Θεόν.
3109 2644 3235 2708 Τοῖς
3261 2643 3614 2716 φοϐουμένοις
3642 2643 3754 2716 γὼ.)

2181 2737 2273 2792 τὸν
2297 2737 2430 2790 Θεδν
2460 2738 2516 2790 αί
2551 2735 2762 2790 ἐντολαὶ
2780 2735 2875 2790 τοῦ
2905 2737 3038 2790 Θεοῦ
3067 2736 3280 2810 βαρεῖαι
3307 2738 3408 2791 οὐκ
3433 2735 3559 2791 εἰσί.
3593 2735 3752 2808 Πάσῃ

2181 2826 2301 2900 ὥρᾳ
2341 2825 2415 2898 μὴ
2459 2825 2698 2896 λειψάτω
2747 2825 2920 2879 ἔλαιον
2959 2828 3028 2896 τῇ
3061 2827 3310 2898 λαμπάδι
3345 2843 3460 2892 σου,
3515 2826 3588 2896 μή
3621 2841 3754 2878 ποτε

2181 2920 2311 2994 ἔλθῃ
2336 2921 2366 2972 6
2388 2919 2636 2992 νυμφίος,
2670 2919 2762 2974 καὶ
2793 2918 2928 2992 εὕρῃ
2948 2918 3115 2989 αὐτὴν
3149 2917 3483 2972 σϐεσθεῖσαν.
3523 2918 3640 2970 Οὐκ
3670 2911 3753 2968 οἷο

2181 3011 2276 3076 δας
2307 3011 2417 3084 γὰρ
2447 3011 2574 3064 πότε
2603 3012 2841 3082 ἔρχεται,
2873 3010 2906 3080 ἢ
2943 3009 3349 3081 πρωτοΰπνιον,
3380 3008 3414 3080 ἢ
3457 3007 3622 3080 πρωῒ.
3655 3007 3760 3060 Γεο

2183 3101 2274 3158 νοῦ
2303 3097 2397 3156 οῦν
2425 3101 2667 3172 ἔτοιμος’
2706 3101 2812 3164 ἵνα,
2839 3101 2968 3154 ὅταν
2991 3098 3140 3172 ἔλθῃ,
3177 3099 3315 3171 μετά
3341 3099 3448 3153 τῶν
3475 3097 3756 3170 φρονίμων

512 3201 740 3248 mortem
768 3200 894 3248 ante
927 3192 1118 3248 oculos
1150 3191 1349 3248 habeto
1373 3211 1389 3247 :
1418 3189 1709 3248 recordare
1751 3191 1891 3260 apud
1915 3206 2075 3260 quem

2185 3196 2500 3268 ἀπαντήσῃς
2529 3193 2697 3265 αὐτῷ,
2730 3193 2929 3264 ἔχουσα
2978 3192 3040 3246 τὸ
3073 3193 3250 3246 ἔλαιον
3293 3193 3351 3245 ἐν
3394 3193 3460 3263 τῇ
3507 3187 3754 3260 λαμπάδι

507 3292 560 3337 te
581 3283 704 3339 sisti
728 3289 958 3354 oportet.

509 3374 700 3444 μόνευε
763 3375 862 3446 τῆς
916 3371 1096 3440 ἐξόδου
1152 3391 1246 3428 σου
1298 3391 1312 3406 ·

509 3465 792 3537 ραστῆναι.

575 3581 666 3638 24.
698 3581 872 3637 Grave
895 3581 1154 3652 quiddam
1177 3589 1263 3638 est
1284 3581 1510 3645 ascesis,
1535 3581 1768 3640 dillicilis
1799 3585 2083 3638 cont-inen-

504 3674 613 3741 tia;
658 3671 753 3728 sed
797 3672 931 3728 nihil
971 3673 1188 3728 dulcius
1234 3674 1446 3730 caelesti
1481 3689 1704 3744 sponso.
1741 3672 1839 3729 Hic
1885 3690 2076 3746 parum

506 3765 840 3830 laboramus,
887 3774 941 3820 et
974 3765 1086 3820 illic
1139 3765 1308 3820 vitam
1335 3773 1595 3820 aeternam
1641 3779 2078 3835 consequemur;

505 3858 580 3912 ait
607 3857 752 3912 enim
775 3857 968 3913 beatus
995 3855 1198 3912 Paulus
1231 3875 1244 3912 :
1287 3875 1307 3908 ι
1347 3855 1466 3912 Non
1500 3865 1629 3913 sunt
1645 3857 1930 3928 condignae
1955 3871 2079 3926 pas-

505 3950 690 4006 siones
721 3949 886 4020 hujus
914 3951 1178 4022 temporis
1201 3949 1277 4020 ad
1309 3949 1547 4005 futuram
1587 3950 1816 4020 gloriam
1851 3965 1973 4020 qua:
1999 3965 2080 4004 re-

503 4041 773 4098 velabitur
825 4042 881 4096 in
907 4041 1068 4098 nobis
1097 4041 1166 4096 “.
1205 4063 1226 4094 ι
1258 4041 1467 4097 Bonum
1513 4049 1598 4096 est
1627 4040 1813 4110 fugere
1839 4041 2076 4108 turbam,

502 4141 559 4188 et
609 4147 856 4188 seorsum
911 4133 1184 4190 secedere.
1241 4131 1433 4203 Magna
1488 4133 1665 4188 virtus
1718 4133 2077 4212 cpntinentia,

503 4239 697 4296 magna
729 4224 902 4295 gloria
939 4225 1190 4284 castitas.
1223 4239 1414 4294 magna
1448 4224 1697 4279 encomia
1725 4225 2078 4296 virginitatis.

504 4317 550 4370 0
576 4317 886 4389 virginitas,
917 4317 1198 4372 immensa!
1219 4316 1455 4372 divitiae!
1489 4331 1522 4371 ο
1543 4316 1851 4388 virginitas,
1874 4333 2077 4374 corona

504 4408 1004 4464 immarceseibilis!
1043 4423 1077 4462 ο
1120 4407 1434 4478 virginitas,
1465 4408 1723 4478 templum
1748 4407 1843 4465 Dei
1873 4419 1929 4464 et
1952 4409 2076 4480 Spi-

501 4501 644 4556 ritus
689 4499 865 4556 sancti
915 4500 1320 4554 habitaculuml
1349 4513 1383 4553 ο
1439 4498 1746 4570 virginitas,
1780 4501 2076 4572 margarita

501 4591 763 4662 pretiosa,
792 4591 982 4646 multis
1025 4591 1224 4654 latens,
1258 4607 1288 4647 a
1318 4593 1509 4662 paucis
1547 4593 1800 4648 invental
1837 4608 1871 4648 o
1901 4593 2076 4648 conti-

503 4684 711 4744 nentia.
734 4681 830 4738 Dci
859 4685 1055 4752 amica,
1085 4692 1138 4740 et
1172 4701 1203 4739 a
1237 4687 1446 4743 sanctis
1477 4687 1781 4742 celebrata!
1817 4703 1851 4741 ο
1896 4688 2074 4742 conti-

501 4774 707 4829 nentia.
727 4773 918 4829 multis
959 4772 1172 4837 odiosa,
1206 4775 1275 4830 iis
1303 4777 1396 4846 qui
1431 4785 1482 4832 te
1520 4775 1668 4848 digni
1701 4785 1829 4832 sunt
1851 4777 2068 4847 agnita!

502 4882 536 4915 o
565 4864 926 4927 continentia,
954 4880 1076 4935 quae
1102 4865 1299 4934 cﬁ‘ugis
1339 4875 1568 4923 mortem
1596 4875 1650 4922 et
1699 4868 1991 4927 infernum.
2019 4876 2073 4923 et

501 4956 571 5010 ab
604 4955 1012 5012 immortalitate
1057 4957 1391 5026 possideris!
1453 4976 1487 5013 ο
1533 4959 1887 5022 continentia,
1933 4975 2063 5029 gau-

500 5048 650 5103 dium
682 5050 1094 5120 prophetarum,
1129 5058 1184 5104 et
1240 5052 1612 5120 apostolorum
1650 5051 1933 5122 gloriatio!
1963 5051 2070 5122 95

501 5158 538 5195 ο
564 5143 924 5206 continentia,
960 5144 1272 5214 angelorum
1299 5145 1435 5212 vita,
1467 5152 1520 5198 et
1550 5153 1865 5200 sanctorum
1898 5143 2074 5198 homi-

500 5249 630 5287 num
675 5237 906 5290 corona!
959 5233 1158 5292 Beatus
1187 5243 1274 5290 est
1311 5237 1402 5306 qui
1450 5242 1502 5289 te
1527 5243 1696 5298 tenet,
1739 5235 1934 5290 beatus
1982 5235 2074 5305 qui

570 5390 616 5420 “
633 5387 793 5444 Rom.
827 5405 926 5444 vm
943 5427 961 5453 ,
995 5389 1084 5446 l8.

569 5543 681 5596 (33m
710 5546 772 5598 ln
813 5541 961 5615 Felc.
1008 5542 1046 5596 2
1091 5544 1245 5615 ὑμῶν
1283 5543 1455 5597 deest.
1515 5541 1648 5598 Ibid.
1698 5540 1888 5607 Basil.,
1935 5541 2072 5612 Περί

498 5615 606 5684 τάρ
643 5615 740 5683 τῆς
763 5613 875 5680 φιλο

593 5682 785 5746 57)*[1
815 5684 967 5738 deest
995 5683 1048 5736 in
1083 5682 1228 5737 Felc.
1259 5685 1313 5739 2.

593 5693 682 5746 57)
715 5693 785 5737 Ἥ
815 5693 967 5738 deest
996 5693 1048 5736 in
1087 5693 1228 5737 r'elc.
1259 5693 1313 5739 2.

569 5693 681 5824 ίῦὃ)
714 5757 813 5806 ’Δν
834 5756 988 5809 deest
1027 5754 1078 5824 in
1119 5754 1279 5807 Basil.
1309 5753 1424 5808 Mox
1449 5754 1615 5817 idem,
1645 5752 1887 5824 φυλάξῃς
1911 5752 2068 5824 αὐτά.

498 5825 852 5898 Anglicanus,
885 5823 1139 5892 φυλάξεις
1182 5825 1368 5885 αὐτάς.
1426 5825 1586 5886 Edili,
1631 5823 1850 5894 φυλάξῃ
1883 5823 2068 5886 αὑτάς.

2186 3301 2300 3347 σου,
2331 3285 2575 3339 τουτέστι
2598 3283 2664 3336 τά
2695 3281 2832 3354 ἔργα
2854 3299 2946 3335 σου
2970 3281 3038 3336 τὰ
3062 3281 3222 3336 καλά.
3242 3283 3429 3336 Πᾶσαν
3449 3279 3598 3353 ὤραν
3615 3295 3752 3352 μνη-

1378 3375 1468 3446 ἔχε
1521 3373 1644 3428 καθ’
1700 3371 1916 3446 ἡμέραν
1964 3374 2068 3446 πρὸ
2103 3376 2398 3450 ὀφθαλμῶν
2463 3377 2554 3432 τὸν
2613 3377 2856 3430 θάνατον·
2903 3374 3204 3448 μνημόνευε
3270 3373 3376 3428 τίνι
3425 3391 3484 3427 σε
3529 3372 3609 3426 δεῖ
3649 3387 3752 3424 παι

2249 3578 2502 3650 24.Βαρύ
2529 3581 2676 3631 ἐστιν
2704 3575 2956 3646 ἄσκησις,
2997 3574 3088 3627 καὶ
3117 3571 3518 3626 δυσϐάστακτον
3547 3573 3750 3647 ἔγκρά.

2180 3691 2336 3730 τειαο
2385 3672 2499 3728 ἀλλ’
2545 3669 2697 3724 οὐδέν
2747 3671 2863 3722 ἐστι
2907 3665 3238 3738 γλυκύτερον
3285 3665 3378 3720 τοῦ
3425 3667 3748 3740 ἐπουρανίου

2180 3765 2436 3838 νυμφίου.
2473 3757 2598 3817 ’Ὧδε
2632 3763 2913 3834 κάμνομεν
2951 3759 3129 3828 ὀλίγον
3153 3799 3168 3822 ,
3219 3761 3335 3812 ἐκεῖ
3370 3757 3427 3813 δέ
3475 3759 3576 3832 τὴν
3617 3762 3749 3815 αίώο

2180 3876 2293 3914 νιον
2333 3857 2444 3928 (59)
2496 3855 2641 3926 ζωὴν
2687 3851 3079 3924 άποληψόμεθα
3107 3867 3122 3882 ·
3154 3849 3308 3920 λέγει
3354 3851 3462 3924 γὰρ
3514 3853 3544 3906 6
3598 3852 3751 3922 ἅγιος

2181 3948 2395 4011 Παῦλος
2421 3964 2434 3977 ⁸
2474 3967 2492 3999 ι
2515 3949 2630 4000 Οὐκ
2672 3941 2798 4011 ἄξια
2843 3943 2911 3998 τὰ
2957 3941 3254 4015 παθήματα
3291 3942 3384 3996 τοῦ
3422 3941 3516 3998 νῦν
3557 3944 3748 4017 καιροῦ

2179 4041 2316 4112 πρὸς
2341 4039 2439 4110 τήν
2465 4037 2760 4110 μέλλουσαν
2789 4033 2944 4100 δόξαν
2967 4033 3416 4106 ἀποκαλυφθῆναι
3445 4035 3524 4098 είς
3545 4037 3745 4108 ἡμᾶς.»

2179 4133 2357 4188 Καλὸν
2404 4129 2736 4200 ἀποφεύγειν
2784 4128 2894 4199 (60)
2950 4127 3042 4182 τὸν
3094 4127 3247 4199 ὄχλον
3301 4129 3396 4182 καὶ
3445 4129 3749 4202 ἀναχωρεῖν

2179 4224 2511 4296 καταμόνας.
2539 4221 2764 4292 Μεγάλη
2787 4219 2954 4293 ἀρετὴ
2977 4220 3293 4290 ἐγκράτεια.
3323 4220 3468 4292 μέγα
3489 4219 3752 4294 καύχημά

2179 4320 2326 4372 ἐστιν
2369 4314 2590 4384 ἁγνεία,
2638 4311 2852 4384 μεγάλα
2881 4310 3132 4382 ἐγκώμια
3167 4310 3267 4382 τῆς
3325 4311 3639 4385 παρθενίας.
3683 4310 3750 4367 Ὦ

2181 4407 2468 4480 παρθενία,
2499 4403 2726 4468 πλοῦτος
2756 4402 3174 4474 ἀκατάληπτοςί
3218 4395 3264 4455 ὦ
3293 4401 3586 4473 παρθενία,
3627 4403 3748 4457 ο·τέ-

2183 4514 2350 4569 φανος
2381 4494 2782 4568 ἀμαράντινοςί
2827 4487 2875 4547 ὧ
2916 4492 3210 4564 παρθενία,
3255 4493 3382 4556 ναὸς
3422 4491 3557 4546 Θεοῦ
3583 4534 3599 4558 ,
3654 4495 3749 4548 καὶ

2183 4591 2340 4661 ἁγίου
2385 4589 2698 4661 ιινεύματος
2732 4586 3082 4660 οίκητήριονί
3118 4579 3163 4640 ὧ
3207 4584 3491 4656 παρθενία,
3538 4603 3750 4658 μαργα-

2185 4685 2302 4754 ρῖτα
2335 4680 2482 4751 τίμιε
2511 4677 2661 4751 παρὰ
2689 4677 2901 4740 πολλοῖς
2943 4674 3155 4746 ἀφανὴς
3182 4717 3196 4737 ,
3229 4675 3430 4745 ὀλίγοις
3470 4675 3526 4729 δὲ
3569 4677 3750 4748 μόνοις

2179 4772 2602 4845 εὑρισκόμενοςί
2651 4765 2721 4823 Ὦ
2748 4769 3044 4842 ἐγκράτεια
3087 4767 3215 4838 φίλη
3257 4766 3414 4832 Θεοῦ,
3467 4769 3560 4822 καὶ
3602 4769 3749 4841 παρά

2181 4865 2357 4935 ἁγίοις
2405 4860 2858 4933 ἐγκωμιαζομένη
2883 4860 2904 4912 ί.
2931 4853 2978 4912 ὦ
3012 4859 3303 4930 ἐγκράτεια
3355 4857 3505 4931 παρά
3534 4859 3748 4925 πολλοῖς

2177 4955 2496 5028 μισουμένη,
2515 4955 2624 5018 τοῖς
2645 4953 2701 5006 δὲ
2725 4951 2892 5016 ἀξίους
2907 4968 3000 5003 σου
3031 4947 3441 5022 γνωριζομένηῐ
3470 4943 3516 5003 ὧ
3545 4951 3745 5022 ἐγκρά-

2150 5065 2318 5115 ·τεια,
2357 5046 2585 5101 θάνατον
2623 5045 2714 5098 καὶ
2755 5043 2886 5114 ᾅδην
2919 5042 3322 5112 ἀποφεύγουσα,
3353 5043 3448 5097 καὶ
3479 5043 3586 5097 ὑπὸ
3617 5043 3748 5098 ἀθα-

2176 5142 2369 5205 νασίας
2397 5139 2771 5212 κατεχομένηί
2803 5132 2848 5192 ὧ
2897 5137 3208 5208 ἐγκράτεια,
3247 5135 3394 5209 χαρά
3432 5139 3744 5210 προφητῶν,

2180 5234 2276 5288 καὶ
2289 5231 2600 5286 ἀποστόλων
2625 5227 2904 5300 καύχημαί
2935 5223 2980 5281 ὦ
3001 5227 3320 5299 ἐγκράτεια,
3339 5225 3584 5296 ἀγγέλων
3612 5227 3743 5299 βίος,

2177 5539 2376 5613 [bidem
2399 5541 2534 5613 ham,
2567 5540 2818 5613 εὑρήσεις
2849 5539 3135 5613 σῦμμαχον
3162 5539 3250 5613 τον
3278 5539 3432 5613 Θεόν,
3466 5540 3665 5596 desunt
3693 5541 3743 5594 in

2178 5610 2462 5681 Basiliensl
2520 5618 2576 5666 et
2623 5609 2836 5681 Anglic.
2874 5609 2994 5664 Mox
3035 5609 3144 5680 γάρ
3186 5610 3339 5669 deest
3381 5612 3437 5667 in
3493 5613 3746 5668 omnibus

2177 5680 2364 5744 editis,
2404 5681 2634 5736 habetur
2667 5680 2728 5735 in
2755 5681 3010 5736 omnibus
3040 5696 3174 5738 mss.

2251 5749 2361 5821 (59)
2391 5749 2728 5821 Basiliensis,
2765 5749 3009 5805 αἰωνίαν.

2252 5753 2341 5821 (59
2391 5753 2728 5816 Basiliensis,
2765 5753 3009 5805 αἰωνίαν.

2252 5753 2363 5892 (6οζ
2397 5820 2732 5889 Basiliensis,
2757 5822 3082 5889 ἀποφυγεῖν.
