3958 6514
206 475 323 530 28!

1269 467 1608 528 SYNOPSIS
1647 468 2063 529 SCRIPTURIE
2105 472 2375 532 SACM.

3360 476 3469 532 282

208 592 319 642 καὶ
363 585 524 655 ἁγίων
561 582 866 655 ἀνθρώπων
907 582 1208 653 στέφανοςι
1244 584 1528 656 Μακάριος
1571 586 1600 638 6
1641 601 1777 638 κατ·
1806 608 1820 652 γ

1888 586 2137 658 perdurat
2159 587 2216 644 in
2244 588 2327 644 tui
2351 587 2661 652 tolerantia,
2691 587 2816 658 quia
2862 594 2985 659 post
3010 586 3285 644 modicum
3312 589 3467 643 laho~

204 681 356 748 έχων
389 693 465 739 σε,
489 673 804 746 μακάριοςὸ
835 672 1261 745 προσκαρτερῶν
1291 690 1385 726 σου
1413 676 1481 744 τῇ
1512 674 1780 746 ὑπομονῇ.

201 774 317 835 ὅτι,
344 769 515 836 ὀλίγον
547 767 838 831 κοπιάσας,
869 766 1003 819 πολὺ
1033 767 1330 837 χαρήσεται
1347 766 1418 819 ἐν
1447 765 1549 819 σοί.
1589 765 1783 819 Μακά-

201 881 328 933 ριος
370 864 396 916 6
441 859 747 930 νηστεύσας
790 859 912 912 ὅλον
959 859 1053 912 τὸν
1103 857 1292 929 χρόνον
1323 856 1545 925 τοῦτον,
1593 859 1678 911 ὅτι
1725 857 1783 912 ἐν

196 957 276 1024 τῇ
313 953 414 1008 ἀνω
457 949 816 1022 Ἰερουσαλὴμ
844 951 1187 1020 κατοικήσει,
1219 950 1313 1003 καὶ
1353 949 1490 1019 μετά
1533 949 1781 1019 ἀγγέλων

198 1041 449 1112 χορεύσει
482 1040 619 1109 (61),
655 1039 749 1092 καὶ
786 1040 925 1110 μετά
964 1040 1134 1109 ἁγίων
1181 1039 1476 1110 προφητῶν
1525 1041 1616 1094 καὶ
1645 1042 1782 1094 ἀπο-

201 1132 402 1184 στόλων
433 1129 833 1183 ἀναπαύσεται.

274 1223 355 1277 25.
381 1221 566 1275 Ταῦτα
591 1220 805 1292 ἔγραψά
836 1237 936 1284 σοι,
956 1220 1213 1293 ἀγαπητὴ
1246 1219 1470 1290 ἀδελφὴ,
1492 1220 1780 1292 χορεύτρια

193 1316 453 1389 χριστοῦ,
499 1315 638 1387 πρὸς
671 1313 970 1386 στηριγμὸν
1017 1313 1111 1366 καὶ
1141 1311 1406 1382 ὠφέλειαν
1452 1312 1553 1382 τῆς
1602 1313 1779 1383 ψυχῆς

197 1426 315 1462 σου.
352 1408 440 1478 Μὴ
477 1405 734 1476 ἐκκλίνῃς
758 1399 851 1457 οὖν
875 1403 983 1457 ἀπὸ
1006 1403 1114 1456 τῶν
1138 1403 1311 1471 λόγων
1332 1402 1534 1456 τούτων
1561 1401 1709 1466 δεξιά
1743 1402 1776 1473 ἢ

189 1497 473 1568 ἀριστερά.
516 1497 613 1557 ⁸ος
644 1493 750 1564 γὰρ
782 1493 877 1546 ἐὰν
905 1493 1110 1564 ἀκούσῃ
1151 1494 1274 1556 τοὺς
1320 1491 1508 1560 λόγους
1531 1493 1775 1555 τούτους,

191 1591 292 1641 καὶ
337 1587 746 1658 καταφρονήσῃ,
799 1587 970 1655 κρῖμα
1026 1584 1170 1654 μέγα
1227 1583 1375 1654 αὐτῷ
1414 1585 1551 1638 ἐστι.
1585 1585 1656 1635 Σὺ
1695 1583 1775 1649 δὲ,

191 1680 496 1750 τιμιωτάτη
543 1677 745 1746 ἀδελφὴ
788 1679 820 1748 ἠ
865 1676 1119 1747 κτωμένη
1149 1675 1208 1728 τὸ
1235 1674 1436 1745 βιϐλίον
1453 1675 1610 1728 τοῦτο
1638 1675 1774 1746 (62),

189 1773 300 1843 δῴη
335 1789 414 1824 σοι
471 1773 501 1823 6
543 1771 676 1834 Θεὸς
715 1771 885 1824 ταῦτα
933 1769 1250 1837 φυλάττειν,
1287 1769 1345 1822 ὲν
1394 1768 1603 1831 τούτοις
1643 1771 1774 1822 ἀνα-

192 1863 534 1934 στρέφεσθαι,
568 1862 982 1932 πεφωτισμένην
1006 1861 1105 1931 τὴν
1133 1861 1390 1924 διάνοιαν,
1422 1858 1661 1932 καθαρὸν
1683 1859 1774 1912 τὸν

186 1950 329 2016 νοῦν,
373 1951 822 2021 πεφωτισμένους
857 1953 982 2013 τοὺς
1040 1949 1348 2020 ὀφθαλμοὺς
1380 1949 1478 2020 τῆς
1510 1949 1770 2013 διανοίας,

187 2041 278 2091 ἵνα
311 2040 480 2111 λάϐῃς
512 2040 604 2092 τὸν
626 2041 988 2110 ἀμαράντινον
1020 2039 1303 2109 στέφανον,
1338 2039 1398 2092 ὃν
1424 2039 1718 2110 ἡτοίμασεν
1741 2041 1770 2092 6

183 2131 317 2194 Θεὸς
351 2136 460 2194 τοῖς
504 2132 792 2200 ἀγαπῶσιν
838 2130 999 2183 αὐτὸν
1031 2131 1120 2184 διὰ
1155 2130 1248 2184 τοῦ
1285 2131 1491 2202 Κυρίου
1525 2131 1618 2184 καὶ
1652 2131 1766 2182 Σω-

181 2225 344 2295 τῆρος
367 2223 529 2294 ἡμῶν
573 2223 747 2294 Ἰησοῦ
785 2221 1045 2296 Χριστοῦ,
1075 2215 1120 2291 ᾧ
1145 2224 1271 2291 δόξα
1299 2225 1379 2288 εἰς
1407 2225 1534 2286 τοὺς
1566 2222 1769 2285 αἰῶνας

180 2317 290 2370 τῶν
329 2316 570 2381 αἰώνων,
605 2317 773 2387 ἀμήν.

230 2455 359 2546 ‘(6l)
391 2475 756 2544 Anglicanus,
790 2473 1142 2544 κατοικήσας,
1187 2469 1324 2542 μετὰ
1366 2468 1614 2538 ἀγγέλων
1653 2484 1771 2540 χορ.

1886 695 2026 745 rem,
2057 681 2288 735 multum
2314 680 2370 734 in
2400 687 2455 734 te
2487 677 2763 749 gaudebit.
2792 678 2994 734 Beatus
3025 679 3118 748 qui
3141 678 3470 749 jejunaverit

1886 772 2145 826 universo
2189 771 2293 826 hoc
2341 777 2607 840 tempore,
2637 771 2765 841 quia
2807 771 2863 824 iu
2905 769 3117 824 caelesti
3162 767 3467 824 Jerusalem

1885 861 2178 922 habitabit.
2214 875 2338 916 cum
2367 862 2577 931 angelis
2609 861 2841 918 choreas
2869 869 3011 930 aget,
3031 876 3154 916 cum
3184 860 3466 932 prophetis

1882 963 1938 1009 et
1976 954 2243 1025 apostolis
2276 954 2605 1022 requiescet.

1950 1217 2041 1273 25.
2079 1215 2204 1272 Haec
2257 1217 2352 1271 tibi
2415 1216 2656 1286 scripsi;
2694 1231 2851 1271 soror
2916 1216 3136 1280 dilecta,
3178 1231 3298 1286 quae
3333 1231 3456 1270 cum

1879 1308 2102 1366 Christo
2134 1309 2362 1363 choreas
2391 1307 2529 1378 agis,
2571 1305 2638 1359 ad
2676 1304 3050 1361 fulcimentum
3082 1313 3136 1360 et
3166 1306 3456 1360 utilitatem

1878 1405 2073 1459 animae
2114 1412 2236 1458 tuae.
2267 1401 2345 1457 Ne
2382 1401 2621 1456 declines
2666 1400 2831 1470 igitur
2861 1413 2891 1452 a
2925 1399 3270 1455 sermonibus
3327 1400 3456 1454 istis

1879 1495 1945 1549 ad
1994 1495 2271 1549 dexteram
2301 1492 2386 1546 vel
2419 1490 2484 1544 ad
2523 1490 2826 1546 sinistram.
2873 1489 3135 1560 Quisquis
3175 1491 3319 1544 enim
3358 1505 3454 1543 au-

1881 1585 2045 1640 dierit
2103 1598 2386 1640 sermones
2429 1582 2596 1642 istos,
2636 1587 2690 1635 et
2737 1581 3068 1651 despexerit,
3125 1581 3318 1650 ingens
3378 1582 3453 1635 illi

1877 1677 1981 1733 erit
2046 1676 2346 1730 damnatio.
2405 1673 2485 1729 Tu
2545 1683 2747 1738 autem,
2790 1689 2948 1729 soror
3012 1673 3452 1740 honoratissima,

1885 1783 2004 1838 quae
2041 1767 2188 1821 hunc
2237 1767 2440 1820 librum
2478 1766 2750 1836 possides,
2778 1765 2910 1820 faxit
2943 1765 3088 1819 Deus
3123 1773 3183 1819 ut
3209 1765 3324 1819 lucc
3357 1765 3456 1820 ob—

1885 1874 2091 1926 serves,
2135 1859 2190 1912 in
2231 1858 2427 1928 hisque
2465 1859 2722 1924 versaris,
2758 1859 3027 1912 illustrata
3075 1864 3291 1920 mente,«
3319 1872 3456 1926 puro

1875 1949 2062 2012 corde,
2096 1949 2414 2004 illuminatis
2475 1949 2672 2003 mentis
2724 1949 2930 2016 oculis,
2964 1957 3025 2002 ut
3073 1948 3311 2019 accipias
3351 1947 3455 2000 im-

1873 2038 2304 2093 marcescibilem
2369 2054 2653 2102 coronam,
2712 2055 2874 2108 quam
2940 2040 3261 2108 praeparavit
3312 2039 3454 2091 Deus

1874 2127 2226 2196 diligentibus
2281 2144 2362 2192 se,
2411 2143 2506 2196 per
2560 2127 2848 2181 Dominum
2890 2135 2944 2182 et
2982 2127 3316 2181 Salvatorem
3352 2142 3453 2181 no-

1874 2229 2048 2274 strum
2100 2219 2284 2274 Jesum
2340 2219 2642 2283 Christum,
2677 2221 2764 2273 cui
2804 2220 2974 2290 gloria
3013 2220 3066 2272 in
3111 2221 3310 2274 saecula
3350 2234 3452 2274 saa-

1873 2314 2143 2367 culorum.
2181 2311 2372 2368 Amen.

1956 2464 2078 2538 (62).
2100 2464 2248 2530 Haec,
2279 2465 2339 2517 τὸ
2374 2465 2574 2535 βιϐλίον
2628 2465 2791 2532 τοῦτο,
2825 2466 3024 2521 desunt
3063 2467 3115 2520 in
3140 2464 3446 2519 Basiliensi.

2201 2627 2382 2640 _—

2395 2627 2524 2640 —-

988 2734 1057 2790 IN
1100 2730 1435 2788 SYNOPSIN
1479 2730 1899 2788 SCRIPTURE
1937 2729 2187 2786 5ΑοιῖᾹί
2220 2727 2622 2785 ADMONITIO.

244 2851 281 2906 l.
325 2853 403 2906 De
449 2853 550 2904 hoc
584 2849 722 2903 libro
756 2848 920 2902 varice
949 2855 1071 2900 sunt
1102 2848 1429 2900 eruditorum
1461 2845 1755 2899 sententiae.
1796 2843 1908 2898 Alii
1939 2860 2163 2914 namque
2197 2860 2372 2896 verum
2419 2846 2822 2914 germanamque
2845 2846 3126 2900 Athanasii
3153 2863 3262 2900 esse
3287 2847 3450 2916 [etum

177 2959 485 3010 autumant,
542 2946 662 3006 alii,
699 2961 789 2998 nec
826 2943 1047 3008 injuria,
1089 2941 1202 3010 ejus
1231 2940 1560 3012 γνησιτὴητα
1593 2941 1644 2993 in
1678 2940 2024 3008 suspicionem
2077 2947 2282 2991 uocant.
2313 2936 2396 2990 Ea?
2429 2939 2494 2990 iis
2524 2953 2638 2990 vero
2672 2936 2760 3007 qui
2799 2935 3088 2988 Athanasio
3137 2936 3230 2989 hoc
3281 2939 3448 3004 operis

175 3039 504 3108 adjudicant,
532 3046 657 3090 sunt
706 3037 797 3105 qui
850 3039 1177 3092 arbitrentur
1227 3038 1488 3110 Synopsin
1527 3037 1660 3091 hanc
1724 3037 1820 3092 Scr

1888 3046 2014 3090 tura:
2076 3052 2246 3090 sacra:
2295 3053 2403 3090 esse
2457 3035 2553 3089 illa
2620 3033 2824 3088 πυκτία
2851 3032 2958 3086 τῶν
3003 3033 3161 3086 θείων
3191 3034 3445 3106 Γραφῶν,

171 3151 282 3203 qua
313 3133 638 3188 Constantis
669 3132 897 3202 Augusti
945 3145 1136 3206 rogatu
1186 3151 1241 3188 se
1271 3134 1580 3199 adornasse,
1610 3143 1659 3187 et
1691 3133 1759 3186 ad
1793 3135 1964 3202 ipsum
1995 3134 2362 3202 imperatorem
2408 3133 2762 3186 transmisisse
2792 3137 3014 3182 testatur
3041 3126 3362 3180 Athanasius
3392 3129 3448 3181 in

167 3232 426 3302 Apologia
474 3230 542 3284 ad
590 3229 997 3290 Constantium,
1037 3243 1181 3281 num.
1215 3226 1268 3281 4.
1313 3226 1426 3279 Nos
1463 3242 1608 3279 secus
1662 3225 1819 3279 existi

1888 3241 2032 3278 imus
2063 3240 2082 3287 ;
2117 3224 2320 3277 πυκτία
2363 3225 2500 3293 quip;
2521 3240 2546 3277 e
2592 3222 2687 3276 illa
2720 3219 2826 3274 τῶν
2855 3218 3011 3272 θείων
3034 3218 3286 3291 Γραφῶν,
3318 3217 3447 3270 nihil

169 3340 275 3378 esse
321 3324 482 3376 aliud
525 3322 879 3383 arbitramur,
913 3335 1071 3387 quam
1102 3318 1273 3386 ipsam
1310 3333 1520 3371 sacram
1570 3315 1924 3384 Scripturam,
1964 3333 2081 3386 qua:
2121 3315 2189 3369 ad
2219 3315 2512 3385 faciliorem
2561 3314 2772 3384 legentis
2805 3329 2982 3374 usum,
3014 3311 3067 3363 in
3100 3309 3257 3378 plura
3297 3309 3446 3362 volu-

169 3421 306 3472 mina
363 3419 824 3487 compingeretur;
875 3413 1079 3466 πυκτία
1127 3412 1313 3482 quippe
1369 3412 1672 3480 signiﬁcant
1699 3411 2001 3465 volumina.
2050 3409 2139 3465 Sic
2183 3411 2397 3481 Gregor.
2446 3408 2713 3463 Nazianz.
2762 3407 2925 3477 epist.
2985 3404 3053 3458 ad
3086 3402 3442 3472 Philagrium,

164 3527 280 3581 pag.
310 3511 441 3572 827,
473 3508 700 3563 πυκτίον
729 3504 1127 3578 Δημοσθενικόν
1154 3513 1324 3567 uocat,
1362 3505 1599 3559 uolumen
1642 3520 1820 3573 operui

1896 3501 2284 3566 Demosthenis,
2315 3513 2365 3556 et
2395 3503 2557 3573 epist.
2586 3502 2650 3555 ad
2684 3499 3030 3554 Theodorum
3074 3495 3440 3581 Tyanensem,

163 3576 213 3670 p.
231 3576 361 3662 S53,
401 3599 637 3653 πυκτίον
667 3599 766 3669 τῆς
792 3576 1114 3669 γὨριγένους
1142 3594 1485 3658 Φιλοκαλίας,
1513 3604 1664 3648 vocat
1694 3593 1820 3646 libri

1888 3635 1889 3640 η
1939 3609 2032 3647 seu
2061 3593 2300 3648 volumen
2333 3593 2574 3664 Origenis
2607 3587 2942 3646 Philocalia’.
2971 3585 3239 3656 Insignior
3267 3576 3444 3638 θεαταί

165 3692 305 3744 locus
339 3689 487 3759 apud
520 3687 782 3752 eumdem,
807 3689 969 3758 epist.
1001 3688 1069 3742 ad
1098 3688 1507 3748 Adamantium,
1546 3701 1598 3754 p.
1631 3684 1757 3746 896,
1801 3685 1820 3736 ’.

1888 3684 1930 3736 δύ
1967 3701 2047 3737 σοι
2075 3683 2142 3737 τά
2170 3687 2374 3739 πυκτία
2403 3687 2530 3758 παρ’
2563 3683 2741 3756 ἡμῶν,
2780 3680 2924 3750 ἅπερ
2955 3675 3157 3748 ζητεῖς,
3188 3678 3287 3730 ὃσα
3317 3675 3443 3739 τοὺς

164 3783 327 3853 σῆτας
358 3782 612 3850 διέφυγε,
642 3781 848 3834 καὶτὸν
870 3780 1099 3845 καπνὸν,
1134 3780 1276 3853 ὑπὲρ
1307 3775 1367 3835 οὗ
1389 3779 1694 3834 κατέκειτο.
1727 3779 1806 3844 lin

1888 3782 2006 3833 hros
2029 3794 2126 3833 eos
2151 3793 2180 3830 a
2209 3777 2370 3831 nobis
2397 3775 2588 3838 habes,
2619 3791 2759 3845 quos
2789 3775 3054 3844 postulas,
3088 3788 3183 3828 eos
3217 3759 3463 3840 inquam'

166 3893 377 3938 omnes,
415 3877 512 3944 qui
563 3876 740 3928 tineas
797 3873 1125 3944 eti‘ugerunt,
1157 3875 1475 3945 fumumque
1529 3891 1692 3944 supra
1729 3891 1886 3945 quem
1939 3875 2025 3930 siti
2062 3882 2236 3927 erant.
2272 3871 2404 3924 Hinc
2438 3871 2774 3939 manifestum
2806 3879 2882 3925 est
2914 3870 3118 3924 πυκτία
3144 3867 3250 3921 τῶν
3281 3866 3477 3944 Θείων

168 3969 424 4042 Γραφῶν,
455 3983 592 4030 esse,
629 3983 730 4019 non
780 3965 996 4035 aliquod
1027 3968 1080 4019 in
1107 3967 1438 4030 Scripturam
1476 3967 1842 4036 compositum,
1874 3964 1964 4019 sed
1999 3963 2160 4018 libros
2195 3979 2283 4016 seu
2313 3961 2579 4016 uolumina
2604 3960 3002 4030 Scripturarum
3037 3963 3295 4030 ipsarum,
3321 3976 3441 4030 qua:

160 4061 486 4115 Athanasius
531 4059 824 4112 transmisit
849 4059 918 4112 ad
955 4058 1293 4117 Constantem
1329 4062 1715 4130 imperatorem.
1750 4059 1919 4114 Plura
1943 4075 2212 4129 possemus
2244 4058 2477 4128 proferre
2515 4057 2673 4128 hujus
2703 4059 2778 4112 rei
2812 4057 3108 4113 asserenda:
3136 4074 3320 4123 causa,
3346 4055 3440 4112 sed

160 4158 264 4209 ha-c
291 4165 474 4217 erunt,
511 4156 568 4207 ni
589 4154 775 4222 fallor,
810 4155 963 4208 satis.

225 4245 288 4302 ll.
321 4247 473 4301 Licet
503 4262 661 4315 porro
692 4242 960 4316 Synopsis
993 4247 1174 4301 isthazc
1198 4247 1267 4301 sit
1290 4249 1527 4301 accurati
1556 4246 1856 4317 cujusdam,
1882 4256 1930 4300 et
1961 4245 2363 4313 Scripturarum
2395 4241 2707 4315 peritissimi
2726 4238 3022 4305 scriptoris,
3055 4237 3202 4292 nobis
3233 4236 3438 4291 videtur

157 4357 254 4394 non
291 4356 410 4394 esse
457 4337 763 4391 Athanasii.
807 4337 987 4392 Primo
1017 4353 1243 4406 namque
1272 4354 1302 4390 a
1336 4338 1540 4391 nemine
1580 4337 1918 4407 antiquorum
1953 4347 2275 4390 memoratur
2305 4352 2432 4404 opus
2463 4334 2635 4386 simile
2676 4329 2740 4384 ab
2783 4330 3079 4382 Athanasio
3110 4327 3431 4404 adornatum

157 4428 336 4496 fuisse.
390 4427 459 4480 At
494 4437 632 4480 certe
675 4428 762 4479 vix
808 4425 975 4496 potuit
1026 4424 1090 4478 ab
1148 4425 1472 4496 Hieronymo
1525 4427 1748 4497 aliisque
1776 4425 2050 4487 Pati-ibus,
2081 4427 2145 4479 iis
2194 4426 2423 4478 maxime
2455 4426 2542 4495 qui
2571 4423 2873 4493 Scripturas
2919 4421 3290 4488 explanarunt,
3322 4430 3370 4474 et
3401 4439 3434 4475 a

159 4513 346 4568 Photio
381 4515 522 4582 ipso,
562 4524 669 4566 tam
693 4515 897 4583 insigne
931 4531 1060 4584 opus
1092 4515 1520 4570 Athanasianum
1545 4517 1899 4584 praetermitti.
1929 4515 1987 4568 2°
2023 4515 2088 4569 In
2114 4516 2277 4569 nullis
2302 4515 2683 4570 Athanasianis
2717 4511 3118 4567 collectionibus
3139 4523 3430 4581 comparet,

155 4603 239 4656 sed
293 4619 362 4657 ea:
419 4619 525 4656 uno
544 4605 768 4656 tantum
814 4606 1177 4674 manuscripto
1211 4605 1391 4660 Greece
1434 4605 1656 4674 prodiit.
1681 4608 1739 4661 5°
1771 4605 1837 4660 In
1866 4606 2237 4660 enumerandis
2267 4607 2416 4660 libris
2443 4607 2710 4677 quibusin
2741 4607 2980 4662 Ecclesia
3020 4607 3429 4670 contradicitur,

153 4697 378 4747 multum
411 4693 677 4763 discrepat
713 4695 936 4762 scriptor
966 4695 1065 4748 iste
1098 4695 1162 4746 ab
1185 4695 1514 4759 Athanasio;
1549 4713 1672 4750 nam
1705 4696 1903 4750 librum
1927 4695 2172 4751 Pastoris
2200 4713 2459 4766 nusquam
2494 4709 2771 4759 meruerat,
2796 4715 2949 4770 quem
2987 4707 3161 4751 tamen
3191 4698 3432 4752 Athana-

155 4784 260 4837 sius
293 4785 352 4836 in
383 4782 632 4852 Epistola
663 4783 840 4838 lestali
867 4793 1110 4837 numerat
1141 4784 1282 4838 inter
1312 4786 1436 4838 illos
1467 4787 1558 4856 qui
1587 4788 1644 4841 in
1690 4784 1932 4840 Ecclesia
1963 4786 2228 4856 leguntur,
2257 4786 2489 4857 alibique
2522 4798 2672 4842 uocat
2709 4791 2904 4845 librum
2947 4790 3214 4858 Pastoris,
3249 4793 3431 4845 utilis-

153 4881 365 4933 sintum.
413 4876 577 4931 Multi
625 4878 750 4931 item
799 4877 922 4932 libri
946 4881 1084 4933 inter
1105 4897 1192 4934 eos
1225 4881 1412 4950 quibus
1442 4882 1828 4936 contradicitur
1860 4888 1914 4937 in
1942 4884 2100 4953 finem
2137 4883 2293 4949 huius
2331 4883 2646 4955 Synopseos
2705 4897 3058 4950 recensentur,
3088 4903 3310 4957 quorum
3367 4904 3430 4941 ne

151 4973 358 5026 uerbum
402 4973 614 5042 quidem
652 4974 705 5025 in
744 4983 1034 5027 memorata
1061 4973 1264 5028 Festali
1302 4974 1564 5047 Epistula.
1592 4977 1674 5029 Ad
1705 4977 1815 5030 hac
1861 4977 1917 5029 in
1947 4976 2280 5048 Apocryphis
2316 4975 2455 5031 Noui
2485 4977 2808 5032 Testamenti
2846 4987 3192 5032 numerantur
3228 4979 3282 5030 in
3326 4977 3426 5049 Sy-

151 5067 302 5133 nopsi
360 5065 710 5135 Κλημέντια,
746 5083 838 5120 seu
871 5066 1126 5120 Homilia:
1165 5064 1529 5131 Clementinaz,
1566 5083 1790 5138 quarum
1818 5068 2133 5121 mentionem
2171 5069 2341 5136 primo
2365 5069 2648 5138 reperimus
2679 5070 2768 5121 diu
2797 5078 2912 5138 post
2944 5069 3227 5122 Athanasii
3263 5085 3429 5123 a'uum

151 5158 283 5224 apud
311 5157 672 5228 Nicephorum
697 5161 1080 5230 patriarcham.
1099 5159 1232 5215 Sunt
1255 5162 1390 5215 enim
1414 5163 1524 5217 illa:
1554 5179 1682 5232 opus
1703 5162 1966 5217 diversum
1993 5182 2024 5216 a
2051 5162 2561 5234 Recognitionibus,
2579 5181 2804 5235 quarum
2835 5163 3105 5232 Origenes,
3131 5162 3352 5233 Ruﬁnus
3377 5175 3430 5220 et

149 5251 238 5302 alii
271 5253 578 5316 meminere,
607 5254 725 5308 licet
763 5256 997 5325 ejusdem
1026 5257 1132 5310 sint
1165 5258 1484 5327 argumenti,
1518 5268 1588 5321 et,
1631 5267 1689 5310 ut
1733 5257 1958 5322 videtur,
2009 5268 2193 5326 postea
2241 5260 2500 5329 con/ictae.
2543 5260 2598 5313 4⁸
2651 5259 2783 5324 Qua:
2827 5258 2891 5312 de
2919 5259 3081 5312 rariis
3132 5257 3426 5322 Scriptura:

148 5362 311 5401 sacra:
335 5350 665 5403 eersionibus
697 5362 961 5420 postremo
994 5353 1108 5407 loco
1138 5353 1410 5419 dicuntur,
1444 5369 1510 5407 ea:
1545 5352 1848 5422 Epiphanio
1883 5353 1958 5407 De
1997 5354 2273 5408 mensuris
2314 5369 2565 5423 expressa
2598 5366 2741 5419 sunt,
2777 5364 2832 5407 ut
2863 5371 3012 5407 nemo
3054 5370 3158 5407 non
3186 5354 3344 5419 videt,
3377 5364 3426 5406 et

146 5434 334 5491 ibidem
373 5455 468 5491 nos
505 5442 849 5493 advertimus.
893 5439 1215 5511 Responderi
1244 5442 1427 5510 forsan
1458 5451 1653 5512 posset,
1686 5441 1796 5494 ha'c
1827 5451 2093 5510 postrema
2129 5441 2400 5510 adjectitia
2427 5459 2557 5498 esse.
2583 5441 2686 5497 Sed
2717 5445 2770 5495 id
2799 5443 2964 5512 gratis
3016 5444 3228 5498 omnino
3285 5445 3421 5498 dici-

146 5541 245 5590 tur,
277 5547 398 5583 cum
430 5542 801 5602 consequenter
821 5545 1088 5602 ponantur
1109 5537 1163 5588 in
1195 5537 1370 5590 codice
1399 5535 1534 5589 unde
1562 5534 1828 5607 Synopsis
1855 5534 2037 5590 istha'c
2071 5535 2272 5604 prodiit
2319 5551 2337 5588 :
2367 5545 2415 5590 et
2464 5537 2696 5606 alioquin
2739 5548 2888 5590 tanta
2937 5538 3124 5610 ubique
3172 5528 3425 5608 apparea‘

145 5623 294 5690 hujus
356 5623 635 5688 scriptoris
682 5622 978 5692 diligentia,
1031 5636 1086 5678 ut
1111 5625 1242 5678 nihil
1273 5626 1484 5678 omnino
1508 5625 1858 5679 omittendum
1891 5626 2188 5686 censuerit;
2218 5642 2381 5695 quare
2408 5637 2456 5680 et
2485 5644 2601 5696 qua:
2635 5628 2698 5681 de
2725 5628 3045 5684 rersionibus
3087 5631 3348 5700 leguntur,
3377 5646 3426 5688 et

145 5728 252 5776 qua
300 5723 486 5780 postea
523 5713 588 5765 de
615 5715 828 5768 amissis
857 5718 1006 5774 libris
1042 5722 1095 5773 in
1127 5719 1403 5788 Scriptura
1440 5722 1596 5773 veteri
1621 5722 2300 5784 memoratis.tractantur,
2340 5724 2494 5776 unius
2530 5721 2764 5792 ejusdem
2808 5723 3122 5797 Synopseos
3145 5730 3419 5795 scriptor“

150 5819 250 5856 esse
298 5805 654 5858 arbitramur.
687 5807 744 5862 5°
775 5806 918 5865 Licet
973 5813 1029 5866 in
1058 5812 1287 5880 simplici
1334 5813 1631 5867 recensione
1657 5829 1838 5868 eorum
1860 5830 1978 5884 qua:
2011 5814 2064 5868 in
2096 5812 2389 5883 Scripturis
2420 5817 2588 5868 sacris
2619 5815 2973 5882 continentur,
3005 5816 3179 5885 qualis
3205 5827 3281 5870 est
3311 5817 3415 5870 ista

157 5895 418 5969 Sgnopsis,
463 5904 549 5954 vix
596 5901 719 5970 styli
743 5919 902 5974 genus
929 5914 978 5960 et
1007 5906 1143 5958 ratio
1175 5903 1488 5974 deprehendi
1535 5914 1711 5976 queat,
1742 5905 1977 5977 quisquis
2013 5915 2184 5959 tamen
2217 5890 2597 5962 Athanasiana:
2628 5907 2860 5962 orationi
2891 5914 3130 5961 assuetus
3159 5907 3277 5973 erit,
3309 5921 3413 5962 non
