3958 6520
509 460 619 515 9.83
1676 449 1736 505 S.
1777 443 2334 502 ATIIANASIUS.-—
2369 440 2601 499 DUBIA.
3658 426 3768 480 234

516 590 626 627 uno
674 572 787 626 loco
821 569 1031 626 diversa
1076 565 1317 639 loquendi
1343 580 1531 635 genera
1554 561 1956 618 animadvertet.
1987 560 2056 616 In
2092 559 2389 614 Athanasio
2412 558 2549 611 enim
2578 555 2638 607 τὸ
2680 550 2845 623 δριμύ
2887 548 3073 620 ubique
3101 554 3387 616 comparet,
3421 551 3479 597 ut
3509 543 3584 595 ait
3626 540 3773 596 Pho-

520 667 650 727 tius,
687 663 770 716 hic
800 678 919 716 vero
958 631 1182 727 scriptor
1209 631 1550 711 multitudine
1598 652 1871 709 uerborum
1922 651 2359 721 epithetorumque
2396 644 2728 713 supereﬁluit.
2764 638 3007 708 Exempli
3038 652 3221 700 causa,
3252 641 3368 704 post
3401 632 3600 701 {actam
3627 631 3775 699 prio-

520 770 630 807 rem
670 754 923 806 librorum
967 749 1256 817 Scriptum
1292 744 1760 806 enumerationem,
1794 739 2109 812 quibusdam

2249 735 2442 789 :mt'ssis
2486 733 2566 786 ita
2596 729 2750 783 habet
2806 743 2824 782 :
2867 725 3018 779 Ἐπεί
3039 728 3121 781 τοι
3151 744 3215 796 γε
3247 725 3475 798 ὕστερον
3503 722 3646 776 κατὰ
3673 721 3775 790 τὴν

518 849 746 902 ἐκείνων
778 811 1096 899 ἀκολουθίαν
1128 842 1221 895 καὶ
1243 839 1563 912 συμφωνίαν
1599 836 1734 890 ἄλλα
1762 835 1930 907 μυρία
1956 834 2050 888 καὶ
2083 830 2433 902 ἀναρίθμητα
2469 825 2651 898 βιϐλία
2678 820 3076 893 ὲξεπονήθησαν
3108 818 3212 872 ὑπὸ
3241 816 3349 871 τῶν
3375 813 3517 870 κατὰ
3544 811 3776 883 καιροὺς

529 941 778 1013 μεγάλων
802 940 895 993 καὶ
924 935 1248 1007 σοφωτάτων
1271 905 1544 1000 Θέοξρόρων
1576 905 1857 996 Ilacépmv,
1891 925 1969 986 si;
2011 921 2313 993 μαρτυρίαν
2347 918 2457 972 τῶν
2491 914 2871 987 προλαϐόντων
2897 912 2991 965 καὶ
3023 907 3362 979 διαφὼτισιν.
3392 905 3524 972 Qui:
3557 921 3686 958 sane
3723 910 3776 956 et

529 996 695 1083 inulta
725 1029 804 1081 his
829 996 1027 1081 similia
1050 1023 1215 1095 quivis
1240 996 1493 1075 emuncto:
1521 1016 1666 1069 naris
1686 1013 1838 1069 homo
1861 1029 1963 1066 non
1984 1009 2293 1073 Athanasii,
2327 1008 2416 1062 sed
2447 1006 2668 1061 alterius
2698 1001 2977 1073 cujusdam
3005 1000 3277 1069 scriptoris
3304 996 3598 1050 Athanasio
3618 1002 3779 1047 a'tate

529 1125 794 1194 inferioris
830 1140 941 1177 esse
983 1083 1264 1175 censuerit.
1301 1112 1446 1166 Nam
1480 1108 1649 1163 erci
1689 1104 1945 1175 sequioris
1987 1103 2082 1156 wvi
2130 1100 2372 1171 epithetis
2425 1108 2475 1153 et
2513 1097 2787 1153 verborum
2820 1089 3158 1147 multitudine
3186 1087 3505 1161 gaudebant.
3547 1083 3780 1151 Insuper

528 1181 798 1274 nonnulla
835 1234 978 1273 voces
1013 1217 1094 1269 hic
1122 1219 1331 1269 exstant
1371 1224 1504 1278 quas
1547 1203 1765 1259 nonnisi
1798 1210 1916 1270 post
1965 1199 2248 1252 Athanasii
2277 1205 2485 1250 aetatem
2517 1194 2743 1247 usitatas
2770 1191 3079 1259 reperimus,
3108 1185 3261 1257 quale
3286 1193 3384 1248 est,
3409 1181 3544 1237 illud
3569 1183 3627 1234 in
3655 1196 3775 1247 cap.

531 1311 596 1367 de
623 1311 759 1366 libro
780 1309 1058 1372 Iudicum,
1086 1305 1382 1360 ποσοῦνται
1410 1313 1504 1368 pro
1529 1304 1907 1354 numerantur,
1932 1300 1981 1345 et
2019 1288 2113 1342 alil

2249 1283 2754 1358 ψποσοσουμένων.
2795 1280 2987 1351 Cyrill.
3017 1279 3171 1335 Alex.
3203 1274 3500 1330 ποσΟὖσθαι
3529 1279 3779 1340 usurpat,

530 1417 623 1456 nec
657 1412 813 1456 antea
839 1416 1009 1455 vocem
1038 1396 1192 1451 illam
1221 1408 1302 1447 me
1324 1367 1576 1459 reperisse
1604 1382 1817 1438 memini
1841 1398 1858 1435 :
1888 1382 1941 1434 in
1966 1379 2233 1450 Logarica
2263 1379 2385 1431 item
2418 1375 2593 1429 Alexii
2618 1372 2869 1427 Comneui
2899 1387 2931 1424 a
2961 1370 3109 1425 nobis
3142 1368 3281 1423 edita
3316 1367 3534 1437 legimus
3566 1379 3784 1435 συμποσ-

534 1492 788 1554 σούντων,
816 1489 995 1545 eadem
1026 1487 1282 1543 sententia
1319 1502 1338 1540 :
1368 1482 1505 1556 quod
1543 1479 1856 1548 conjectura:
1896 1484 2099 1528 tantum
2143 1473 2256 1527 loco
2299 1471 2560 1540 ponimus.
2606 1466 2734 1520 Hcce
2758 1467 2812 1519 in
2842 1482 3007 1518 causa
3042 1462 3191 1517 nobis
3220 1465 3383 1531 fuere,
3416 1470 3471 1514 ut
3500 1458 3783 1530 Syuopsin

528 1581 644 1652 96
680 1569 977 1651 Scripturze
1005 1580 1177 1635 sacra:
1203 1578 1347 1630 inter
1375 1554 1537 1626 dubia
1553 1581 1602 1623 et
1632 1576 1873 1637 suspecta
1896 1580 2054 1634 opera
2079 1578 2481 1616 recenseremus.
2510 1558 2772 1612 Mittimus
2817 1556 2928 1610 alia
2957 1554 3198 1625 quwdam
3228 1562 3556 1623 argumenta,
3579 1568 3613 1605 a
3649 1567 3786 1603 n92.—

534 1644 695 1730 nullis
726 1644 915 1738 allata,
940 1683 997 1727 ut
1029 1670 1301 1743 Synopsin
1343 1659 1636 1717 Athanasio
1665 1655 2054 1725 abjudicarent,
2089 1667 2209 1723 quae
2247 1651 2465 1704 minoris
2495 1647 2741 1702 momenti
2775 1661 2887 1701 esse
2912 1644 3256 1697 arbitramur.

605 1769 695 1825 Ill.
724 1730 1024 1824 Theodorus
1054 1730 1211 1837 porro
1241 1760 1532 1817 Balsamon
1562 1753 1631 1807 ad
1665 1766 1916 1807 canonem
1952 1748 2023 1803 9.7
2064 1746 2251 1818 synod.
2284 1744 2564 1815 Carthag.,
2596 1758 2649 1812 p.
2681 1741 2809 1806 636,
2852 1748 3106 1794 memorat
3136 1736 3390 1791 canonica
3417 1730 3703 1787 Athanasii
3734 1738 3785 1783 et

535 1865 908 1936 Amphilochii,
938 1829 1237 1931 indicatque
1272 1855 1345 1910 ibi
1370 1869 1513 1908 veros
1539 1861 1585 1904 et
1616 1847 1897 1903 canonicos
1930 1842 2184 1898 contineri
2213 1839 2503 1909 Scriptura:
2529 1837 2714 1891 libros.
2765 1830 3045 1889 Κανονικά
3072 1843 3190 1883 vero
3213 1829 3316 1881 ista
3347 1832 3626 1879 autumant
3654 1836 3789 1874 non-

533 1915 671 2014 nulli
692 1976 803 2014 esse
831 1915 967 2012 Itavnc
994 1915 1293 2026 Scripiura:
1343 1947 1604 2020 syuopsin
1633 1961 1649 1998 :
1681 1940 1770 1996 sed
1799 1953 2058 2005 nusquam
2087 1937 2375 2006 reperimus
2408 1934 2545 1987 hunc
2586 1932 2801 1994 librum,
2828 1926 3141 1983 canonicum
3183 1939 3273 1977 seu
3297 1917 3576 1978 xavovmd,
3606 1915 3791 1984 appet.

1006 2010 1166 2124 igitur
1192 2010 1553 2102 Athanasii-et
1577 2036 1948 2111 Amphilochii,
1968 2042 2090 2090 sunt
2142 2032 2379 2101 epistola!
2407 2046 2497 2086 seu
2524 2030 2636 2084 alia
2674 2025 2927 2097 opuscula
2955 2018 3254 2077 eorumdem
3286 2014 3530 2114 Patrum,
3563 2026 3689 2112 qua:

534 2099 928 2200 collectionibus
961 2099 1222 2197 cai’ionum
1259 2136 1457 2192 Graecis
1490 2135 1660 2187 locum
1679 2099 1923 2191 'habent,
1952 2135 2002 2180 et
2032 2099 2288 2180 uocantur
2316 2121 2431 2176 illic
2469 2129 2529 2174 ut
2579 2119 2867 2189 plurimum
2897 2110 3136 2184 epistola:
3187 2106 3459 2161 canonica:
3482 2118 3499 2155 :
3524 2099 3791 2171 ejusmodi

535 2255 660 2295 sunt
690 2251 794 2295 tres
825 2239 1058 2307 epistolw
1102 2232 1386 2290 Athanasii
1427 2244 1543 2300 qua:
1580 2240 1644 2281 ex
1677 2238 1939 2278 canonum
1977 2219 2280 2275 collectione
2316 2215 2602 2284 desumpta:
2638 2222 2761 2268 sunt
2789 2219 2839 2266 et
2881 2209 2960 2264 ad
2991 2208 3190 2262 calcem
3219 2204 3375 2274 primi
3408 2201 3533 2255 tomi
3572 2217 3605 2253 a
3639 2198 3790 2252 nobis

537 2334 797 2402 repositw,
836 2295 890 2384 in
920 2344 1144 2400 quarunt
1176 2295 1537 2389 secundapcui
1571 2321 1778 2385 titulus,
1809 2317 2049 2388 Epistula
2088 2313 2320 2378 festalis,
2366 2312 2585 2365 habetur
2629 2308 2902 2379 catalogus
2927 2305 3181 2359 librorum
3211 2300 3521 2366 Scriptum,
3544 2295 3613 2348 ad
3637 2308 3793 2364 quem

537 2392 624 2478 hic
658 2392 800 2477 haud
824 2392 981 2476 dubie
1011 2421 1222 2491 respicit
1255 2418 1556 2474 Theodorus
1583 2415 1894 2475 Balsamou,
1923 2412 1978 2464 in
2005 2408 2289 2477 iisdemque
2324 2404 2716 2460 collectionibus
2744 2400 3021 2457 Canonum
3052 2414 3183 2452 mss.
3210 2402 3385 2449 exstat
3427 2404 3638 2444 carmen
3665 2392 3794 2440 Am-

539 2514 809 2581 philochii,
841 2516 896 2568 in
924 2530 1025 2584 quo
1056 2480 1387 2567 recensentur
1407 2506 1647 2563 canonici
1678 2503 1968 2571 Scriptura:
1990 2501 2132 2565 libri,
2172 2517 2272 2571 quo
2298 2506 2496 2569 spectat
2526 2496 2662 2552 idem
2686 2492 2880 2549 Theod.
2912 2491 3221 2547 Balsamon.
3252 2485 3511 2542 Ceterum
3546 2493 3650 2535 tres
3684 2480 3795 2549 epi-

537 2573 692 2661 stola:
724 2573 836 2660 illic
864 2573 1171 2667 Athanasii,
1204 2603 1504 2672 pariterque
1547 2609 1760 2651 carmen
1806 2592 2185 2663 Amphilochii,
2217 2607 2346 2646 eusa
2375 2599 2497 2645 sunt
2537 2591 2593 2644 in
2637 2596 2902 2659 postrema
2932 2581 3264 2640 Collectione
3302 2590 3573 2633 canonum
3605 2573 3795 2642 Angli-

546 2714 698 2764 :ana,
724 2699 950 2753 secundo
980 2709 1120 2753 tomo
1149 2699 1286 2752 inter
1320 2693 1593 2763 Epistolas
1627 2689 1933 2745 canonicas.

611 2787 699 2843 ιν.
732 2790 946 2846 Eximia
962 2809 1089 2847 sane
1103 2799 1181 2845 est
1197 2791 1307 2842 ha'c
1331 2760 1616 2858 synopsis,
1633 2781 1988 2849 cujuscunque
2007 2778 2218 2831 tandem
2249 2776 2319 2829 sit
2349 2775 2608 2842 auctoris,
2625 2782 2848 2828 ettanta
2876 2787 3026 2833 cura,
3049 2767 3360 2840 sagacitate,
3378 2762 3677 2819 eruditione
3691 2760 3798 2813 ela—

544 2893 751 2948 )orata,
784 2893 842 2937 ut
871 2883 1002 2939 nihil
1030 2900 1212 2954 supra.
1238 2882 1361 2937 Non
1405 2883 1559 2936 modo
1584 2879 1768 2950 quippe
1815 2874 2011 2946 singuli
2039 2872 2326 2942 Scriptum
2359 2872 2483 2926 libri
2515 2871 2907 2926 accuratissime
2951 2869 3005 2922 in
3026 2883 3088 2922 ea
3116 2870 3446 2919 recensentur
3469 2869 3519 2915 et
3550 2860 3604 2913 in
3626 2859 3798 2927 epito-

542 2988 659 3025 men
689 2972 961 3042 aptissime
992 2974 1340 3043 rediguntur;
1369 2971 1459 3025 sed
1484 2969 1651 3023 multa
1681 2967 2057 3037 disquiruntur
2079 2979 2197 3034 qua:
2217 2971 2452 3032 spectant
2474 2962 2888 3031 chronologiam,
2921 2960 3175 3015 librarum
3203 2959 3495 3029 Scriptura:
3526 2970 3794 3022 auctores,

542 3064 772 3118 nominis
830 3066 1158 3134 singulorum
1206 3066 1461 3120 librorum
1511 3065 1773 3118 rationem
1805 3070 1855 3116 et
1892 3075 2130 3123 causam,
2171 3059 2442 3112 variarum
2488 3057 2784 3111 oersionum
2822 3055 3104 3109 historiam
3128 3056 3311 3125 paucis
3345 3051 3793 3122 comprehensam.

542 3157 765 3211 Demum
796 3158 929 3212 nihil
958 3173 1084 3227 pene
1115 3168 1254 3213 retro
1285 3159 1561 3228 reliquisse
1591 3154 1796 3210 videtur
1821 3154 2048 3221 scriptor
2079 3152 2196 3214 iste,
2220 3148 2358 3221 quod
2383 3150 2463 3203 vir
2483 3147 2664 3203 Greece
2697 3146 2867 3201 solum
2888 3147 3127 3205 eruditus
3148 3159 3401 3221 pra'stare
3423 3149 3611 3217 possit.
3646 3145 3796 3199 Mul-

545 3258 612 3302 ta:
638 3264 799 3316 porro
828 3248 1025 3303 meudte
1052 3251 1106 3304 in
1138 3254 1433 3308 nominibus
1459 3252 1688 3305 maxime
1706 3249 1958 3320 propriis,
1990 3247 2069 3299 uti
2097 3243 2312 3299 solitum
2337 3253 2435 3308 est,
2468 3244 2808 3313 irrepserant,
2845 3260 2976 3313 quas
2999 3246 3174 3314 quoad
3202 3246 3346 3299 licuit
3370 3242 3794 3299 emendavimus:

543 3354 593 3401 et
624 3343 692 3399 ad
718 3344 876 3414 ﬁnem
899 3362 1002 3402 non
1027 3363 1198 3419 pauca
1224 3366 1340 3421 qua:
1360 3349 1552 3404 Latiae
1579 3356 1785 3402 tantum
1816 3360 1945 3400 cusa
1976 3350 2126 3396 erant
2166 3340 2219 3393 in
2264 3340 2412 3409 prius
2445 3338 2625 3407 editis,
2647 3354 2715 3393 ea:
2752 3338 3123 3408 manuscriptis
3163 3336 3435 3406 desumpta
3466 3332 3646 3391 (ἔναιρε
3684 3332 3797 3388 edi-

545 3441 743 3497 dimus.

1631 3606 1768 3669 ΤΟΫ
1804 3616 1896 3670 ΕΝ
1926 3612 2153 3668 ΑΓΙΟῙΣ
2185 3610 2457 3665 ΙΙΔΤΡΟΣ
2494 3609 2701 3664 ΗΜΩΝ

1840 3776 2480 3868 ΑΘΑΝΑΣΙΟΥ

828 3966 1163 4020 ΣΥΝΟΨΙΣ
1199 3965 1580 4022 ΕΠΙΤΟΜΟΣ
1618 3964 1756 4017 ΤΗΣ
1793 3962 2008 4016 ΘΕΙΑΣ
2039 3961 2353 4023 ΓΡΑΦΗΣ,
2394 3960 2707 4013 ῙΙΔΛΑΙΑΣ
2742 3957 2868 4012 ΚΑΙ
2900 3956 3093 4011 ΝΕᾹΣ
3122 3956 3513 4010 ΔΙΑΘΗΚΗΣ.

1570 4197 1665 4283 S.
1744 4198 1848 4283 P.
1929 4197 2045 4283 N.
2125 4193 2769 4286 ATHANASII

554 4365 827 4425 BREVIS
887 4365 1190 4421 υιγιιν.Ε
1249 4363 1690 4422 SCRIPTURAE‘
1748 4364 2065 4422 VETERIS
2123 4368 2217 4424 AC
2276 4363 2471 4423 NOV!
2532 4359 3013 4420 TESTAMENTI
3066 4357 3463 4423 SYNOPSIS,
3498 4355 3608 4419 .ID
3664 4352 3791 4409 EST

1904 4457 2442 4517 COHPENDIUM.

620 4671 673 4724 l.
696 4668 890 4725 Omnis
915 4675 1163 4724 nostrum
1180 4668 1616 4724 Christianorum
1651 4666 1957 4737 Scriptura,
1977 4670 2113 4724 divi-

2306 4669 2356 4723 l.
2411 4666 2566 4720 Πᾶσα
2619 4662 2657 4714 Γ
2664 4659 2808 4733 ραφὴ
2836 4657 2991 4729 ἡμῶν
3036 4653 3394 4727 Χριστιανῶν,
3447 4650 3793 4712 θεόπνευσττζ

552 4760 700 4816 uitus
734 4760 999 4830 inspirata
1031 4768 1135 4823 est,
1177 4759 1456 4828 librosque
1503 4757 1663 4812 habet
1718 4772 1824 4811 non
1871 4758 2120 4814 indeﬁnL

550 4865 659 4921 tos,
698 4854 792 4910 sed
825 4852 1101 4918 deﬁuitos,
1144 4868 1208 4907 ac
1247 4863 1399 4910 certo
1427 4868 1635 4908 canone
1667 4853 2114 4923 comprehensos.

462 5010 467 5013 ,
548 4949 615 5003 Et
646 4948 852 5005 Veteris
876 4946 1094 5018 quidem
1125 4945 1455 5002 Testamenti
1486 4945 1539 4999 hi
1578 4955 1710 5001 sunt
1747 4964 1760 4999 :

619 5037 866 5104 Genesis,
895 5037 1056 5106 cujus
1102 5035 1314 5090 initium
1353 5043 1437 5090 est
1470 5053 1485 5090 :
1525 5053 1543 5085 α
1581 5035 1642 5089 In
1670 5033 1941 5105 principio
1991 5031 2120 5088 fecit

548 5129 692 5185 Deus
717 5131 915 5184 caelum
948 5135 1003 5183 et
1030 5136 1254 5183 terram.
1283 5145 1302 5179 ι

621 5221 859 5284 Euodus,
893 5220 1053 5289 cujus
1102 5218 1316 5273 initium
1347 5226 1471 5274 est:
1512 5236 1532 5269 ι
1570 5216 1696 5272 Haec
1740 5223 1869 5271 sunt
1902 5216 2124 5270 nomina

550 5316 781 5369 ﬁliorum
812 5313 1000 5377 Israel,
1028 5310 1123 5382 qui
1160 5310 1214 5364 in
1245 5308 1539 5380 Egyptqu
1572 5308 1804 5378 ingressi
1838 5315 1990 5361 sunt.
2025 5328 2044 5359 ι

619 5402 914 5464 Leviticus,
964 5402 1124 5472 cujus
1179 5400 1512 5471 principium
1551 5406 1683 5454 est:
1732 5416 1751 5450 ι
1803 5396 1869 5451 Ει
1907 5398 2123 5452 vocavit

553 5494 815 5548 Dominus
847 5494 1090 5565 Moysen,
1124 5503 1178 5549 et
1217 5494 1434 5549 locutus
1461 5498 1546 5548 est
1578 5490 1654 5545 illi
1697 5490 1751 5543 in
1776 5490 2126 5546 tabernaculo

552 5583 873 5639 testimonii.
903 5603 922 5636 s

627 5673 869 5738 Numeri,
901 5673 1060 5743 cujus
1100 5674 1313 5731 initium
1347 5683 1429 5730 est
1457 5692 1469 5726 :
1505 5691 1523 5724 ι
1556 5671 1621 5725 Et
1665 5671 1878 5726 locutus
1903 5680 1987 5726 est
2024 5667 2125 5722 Do-

554 5769 737 5822 minus
779 5765 846 5821 ad
881 5765 1123 5837 Moysen,
1161 5766 1213 5821 in
1257 5765 1549 5822 solitudine
1590 5761 1741 5828 Sina,
1786 5762 1841 5817 in
1871 5760 2123 5816 taberna-

557 5859 682 5915 culo
714 5858 1033 5917 testimonii.
1083 5877 1100 5909 ι

2224 4764 2391 4815 ἐστιν.
2425 4758 2539 4813 Οὐκ
2588 4755 2815 4826 ἀόριστα
2847 4751 2925 4814 δὲ,
2957 4748 3092 4803 ἀλλὰ
3141 4746 3337 4818 μᾶλλον
3385 4744 3664 4817 ὡρισμένα
3705 4744 3793 4798 καὶ

2224 4848 2652 4919 κεκανονισμένα
2686 4845 2797 4915 ἔχει
2824 4843 2891 4896 τὰ
2916 4840 3112 4912 βιϐλία.
3147 4838 3255 4893 Καὶ
3279 4837 3393 4891 ἐστι
3422 4837 3520 4906 τῆς
3560 4836 3658 4906 μὲν
3688 4838 3793 4891 Πα-

2224 4944 2379 5007 λαιᾶς
2405 4941 2678 5011 Διαθήκης
2708 4936 2880 4989 ταῦτα
2901 4951 2913 4963 ·

2294 5035 2528 5096 Γένεσις,
2569 5026 2629 5085 οὗ
2676 5030 2710 5099 ἡ
2755 5027 2924 5099 ἀρχή³
2957 5046 2975 5076 ι
3028 5027 3114 5080 Ἑν
3148 5026 3287 5097 ἀρχῇ
3325 5024 3575 5094 ἐποίησεν
3606 5024 3634 5075 ὁ
3664 5020 3790 5083 Θεὸς

2222 5128 2314 5180 τὸν
2345 5123 2571 5196 οὐρανὸν
2600 5122 2692 5175 nul.
2718 5121 2815 5192 τὴν
2846 5120 2969 5192 γῆν.
3010 5137 3028 5169 ι

2297 5216 2536 5282 Ἐξοδος,
2586 5207 2646 5267 οὗ
2701 5215 2737 5284 ἡ
2777 5214 2950 5284 ἀρχή·
3008 5230 3025 5261 ι
3068 5206 3253 5263 Ταῦτα
3299 5206 3367 5260 τὰ
3407 5205 3645 5275 ὀνόματα
3686 5204 3789 5257 τῶν

2222 5310 2350 5364 υἱῶν
2391 5306 2603 5379 Ἰσραὴλ
2634 5305 2742 5358 τῶν
2768 5301 3231 5375 εἰσπορευομένων
3257 5300 3335 5362 εἰς
3364 5298 3662 5366 Αἴγυπτον.
3700 5316 3718 5346 s

2290 5397 2591 5461 Λευῖτικὸν,
2616 5390 2728 5467 οὖή
2750 5397 2892 5468 ἀρχή
2911 5413 2923 5425 ·
2965 5414 2983 5442 ‹
3021 5392 3130 5446 Καὶ
3163 5390 3387 5445 ἐκάλεσε
3418 5385 3681 5455 Μωῦσῆν,
3704 5387 3793 5439 καὶ

2222 5491 2450 5561 annos
2483 5487 2688 5560 Κύριος
2721 5485 2869 5556 αὐτῷ
2900 5487 2956 5537 ὲν
2986 5486 3051 5553 τῇ
3080 5483 3255 5551 σκηνῇ
3277 5479 3371 5532 τοῦ
3410 5475 3734 5548 μαρτυρίου.
3769 5495 3784 5526 ι

2306 5660 2568 5732 ’Λριϐμοὶ,
2604 5656 2663 5714 οὗ
2692 5663 2723 5731 ἡ
2756 5659 2896 5729 ἀρχή
2974 5682 2996 5710 ο
3027 5655 3135 5709 Καὶ
3174 5654 3397 5723 emno:
3425 5653 3628 5725 Κύριος
3662 5652 3786 5724 πρὸς

2222 5753 2459 5823 Μωῦσῆν
2493 5754 2547 5806 ἐν
2582 5756 2644 5823 τῇ
2682 5752 2871 5822 ἐρήμῳ
2900 5751 2963 5818 τῇ
2996 5747 3124 5800 Σινᾶ
3148 5749 3203 5800 ἐν
3236 5748 3299 5817 τῇ
3328 5748 3496 5817 υκηνῇ
3531 5744 3625 5797 τοῦ
3654 5761 3786 5817 μαρ-

2220 5862 2424 5921 τυριου.
2464 5864 2505 5897 »η
