3958 6488
113 431 229 485 235

1189 428 1530 487 SYNOPSIS
1572 427 1992 488 SCRIPTUBE
2033 430 2302 489 SACBE.

3270 436 3378 491 286

178 535 621 628 Δευτερονόμιον,
651 548 713 608 ού
756 554 792 625 ἡ
841 553 1015 626 ἀρχή·
1056 574 1074 606 ι
1114 551 1277 609 Οὗτοι
1307 556 1355 609 οἳ
1409 555 1580 623 λόγοι,
1608 553 1694 619 οὓς

1879 552 2382 619 Deuteronomium,
2432 552 2590 625 cujus
2637 552 2853 610 initium
2883 561 3013 612 est:
3051 572 3071 607 ι
3116 553 3210 612 Isti
3254 564 3384 611 sunt

110 647 345 717 ἐλάλησε
364 648 607 718 Μωῦσῆς
639 647 803 701 παντὶ
838 647 1057 721 Ἰσραὴλ
1085 648 1259 720 πέραν
1283 648 1376 701 τοῦ
1418 646 1701 718 Ἰορδάνου,

1810 663 2112 714 sermones,
2132 665 2273 719 quos
2291 649 2509 704 locutus
2526 654 2611 704 est
2622 647 2834 719 Moyses
2862 649 2929 703 ad
2960 664 3177 704 omnem
3210 647 3383 704 Israe-

110 740 168 790 ἐν
212 741 284 808 τῇ
330 740 537 809 ἐρήμῳ,
575 738 711 810 πρὸς
743 738 995 809 δυσμαῖς,
1032 739 1259 810 πλησίον
1300 740 1398 810 τῆς
1439 738 1694 811 Ἐρυθρᾶς

1820 743 1915 795 lem
1966 746 2122 795 trans
2192 738 2508 803 Iordanem,
2547 738 2602 792 in
2645 737 2936 794 solitudine
2982 736 3050 793 ad
3099 753 3381 803 occasum,

109 833 409 902 θαλάσσης.
456 852 474 882 r

189 922 402 992 Ἰησοῦς
432 924 462 975 ὁ
489 922 587 976 τοῦ
618 923 799 994 Ναυῆ,
833 918 944 996 οὗή
977 923 1139 995 ἀρχήο
1172 941 1191 974 ι
1225 921 1338 993 (65)
1359 922 1472 977 Kal
1488 922 1705 992 ἐγένετο

113 1017 255 1074 μετὰ
451 1014 713 1087 τελευτὴν
736 1014 922 1068 δούλου
976 1015 1206 1085 Κυρίου,
1233 1010 1354 1067 εἷπε
1388 1014 1593 1086 Κύριος
1625 1012 1703 1083 τῷ

120 1103 326 1173 Ἰησοῦ,
361 1103 464 1173 υίῷ
492 1104 675 1174 Ναυῆ,
705 1101 1004 1175 λειτουργῷ
1032 1104 1261 1173 Μωῦσῆ,
1294 1101 1483 1172 λέγων.
1537 1122 1555 1155 ι

178 1196 404 1265 Κριταὶ,
428 1190 494 1250 οὗ
522 1197 556 1266 ἡ
581 1197 724 1268 ἀρχή
745 1213 759 1225 ’
789 1213 808 1246 ι
846 1196 958 1250 Kal.
979 1195 1196 1265 ἐγένετο
1219 1194 1359 1264 μετά
1390 1193 1490 1266 τὴν
1518 1196 1701 1249 τελευ-

107 1287 208 1356 τὴν
250 1286 451 1358 Ἰησοῦ,
485 1288 583 1340 καὶ
614 1286 976 1359 ἐπηρώτησαν
1014 1287 1063 1339 οί
1103 1287 1210 1340 uiol
1259 1286 1601 1358 Ἰσραὴλ(6-ι)
1641 1288 1700 1339 ὲν

111 1379 304 1450 Κυρίῳ
340 1378 624 1448 λέγοντες
669 1379 767 1443 Τίς
814 1378 1142 1450 ἀναϐήσεται
1188 1378 1327 1450 πρὸς
1362 1379 1488 1443 τοὺς
1516 1379 1698 1432 Χανα-

109 1472 295 1534 nica;
333 1469 718 1543 ἀφηγούμενος
735 1488 750 1537 ;
795 1491 813 1522 ι

189 1562 370 1626 Ῥοίιθ,
398 1556 465 1615 οὗ
506 1564 542 1633 ἡ
574 1563 719 1635 ἀρχή
743 1579 758 1594 σ
798 1582 815 1613 ι
854 1563 965 1616 Kal
998 1561 1215 1631 ἐγένετο
1268 1563 1326 1616 ἐν
1376 1560 1452 1633 τῷ
1494 1562 1698 1633 κρίνειν

110 1655 235 1716 τοὺς
261 1654 479 1726 κριτὰς,
508 1655 723 1724 ἐγένετο
752 1653 910 1724 λιμὸς
932 1656 991 1707 ὲν
1013 1657 1079 1726 τῇ
1110 1656 1206 1726 γῇ.
1245 1673 1264 1706 ι

179 1744 477 1798 Βασὼιῶν
497 1744 688 1817 πρώτη
714 1745 807 1798 καὶ
828 1744 1077 1817 δευτέρα,
1123 1746 1202 1808 είς
1225 1743 1283 1797 ἓν
1301 1741 1696 1816 ἀριθμούμεναι

1805 847 1975 903 prope
2004 844 2154 886 mare
2178 829 2448 886 Rubrum.
2486 847 2506 882 ι

1860 923 2024 980 Iesus
2076 921 2220 979 ﬁlius
2280 920 2447 987 Nave,
2487 919 2647 990 cujus
2707 920 2921 976 initium
2978 929 3108 977 est:
3150 939 3170 973 ι
3210 920 3275 975 Ει
3303 921 3383 975 fa-

1804 1023 1952 1071 ctum
1979 1023 2063 1071 est
2088 1022 2213 1085 post
2250 1021 2482 1068 mortem
2513 1012 2658 1068 servi
2689 1011 2923 1076 Domini,
2953 1012 3090 1067 dixit
3115 1011 3382 1068 Dominus

1801 1108 1869 1165 ad
1900 1106 2051 1173 Jesu,
2085 1106 2254 1161 ﬁlium
2280 1103 2447 1168 Nave,
2478 1102 2741 1159 famulum
2772 1102 2995 1175 Moysis.
3020 1122 3040 1156 ι

1871 1198 2112 1263 Iudices,
2153 1197 2313 1267 cujus
2346 1195 2560 1251 initium
2590 1203 2675 1251 est
2703 1213 2718 1250 :
2764 1212 2783 1246 ι
2823 1194 2887 1248 Ει
2914 1196 3114 1249 factum
3142 1201 3227 1250 est
3258 1203 3381 1264 post

1802 1293 2033 1341 mortem
2058 1285 2209 1351 Jesu,
2233 1292 2289 1340 et
2314 1284 2722 1356 interrOgarunt
2744 1283 2838 1338 ﬁlii
2874 1283 3042 1338 Israel
3066 1282 3378 1348 Dominum,

1800 1378 2045 1434 dicentes
2095 1397 2108 1433 :
2160 1376 2296 1445 Quis
2351 1376 2608 1433 ascendet
2664 1374 2775 1431 dux
2840 1376 3104 1433 adversus
3162 1375 3388 1432 Chana-

1799 1470 1995 1525 ηδεοεῖ
2022 1490 2042 1522 ο

1871 1560 2043 1627 Ruth,
2092 1561 2251 1631 cujus
2298 1561 2516 1617 initium
2562 1570 2685 1618 est:
2716 1579 2735 1613 ι
2777 1558 2843 1615 Ει
2887 1560 3091 1616 factum
3117 1568 3224 1625 est,
3249 1575 3384 1615 cum

1791 1653 2107 1721 judicarent
2129 1653 2365 1724 judices,
2399 1654 2541 1710 facta
2571 1661 2656 1710 est
2687 1652 2859 1708 fames
2890 1652 2945 1708 in
2976 1660 3141 1710 terra.
3178 1670 3197 1705 ι

1868 1743 2099 1817 Regum,
2148 1745 2357 1816 primus
2401 1753 2455 1800 et
2506 1744 2799 1807 secundus,
2831 1744 2886 1798 in
2929 1758 3097 1797 unum
3154 1756 3387 1812 compu-

113 1835 329 1905 βιϐλίον.
363 1838 481 1890 Καὶ
509 1839 611 1907 τῆς
643 1837 741 1907 μὲν
768 1836 1047 1909 πρώτηςή
1083 1837 1256 1908 ἀρχή’
1293 1854 1311 1887 ι
1352 1836 1462 1888 Kal
1490 1834 1694 1905 ἄνθρω-

1823 1846 1991 1892 antur
2046 1837 2268 1901 librum,
2308 1843 2362 1892 et
2388 1836 2551 1907 primi
2585 1835 2803 1907 quidem
2827 1834 3042 1889 initium
3083 1842 3167 1888 est
3198 1852 3213 1865 ·
3259 1852 3279 1885 ι
3315 1833 3390 1886 Et;

116 1904 207 1990 πος
230 1926 291 1995 ἐξ
334 1904 658 2000 ’Δρμαθαῒμ
683 1904 844 1996 Σιφά,
874 1927 932 1995 ἐξ
949 1904 1137 1999 τδρουςτ
1158 1904 1433 2000 τέφραῒμ,
1459 1927 1553 1980 καὶ
1579 1904 1694 1979 δνο-

1820 1945 1961 1985 ιοιηο
1983 1938 2102 1984 erat
2125 1945 2191 1984 ex
2218 1904 2555 1983 Armathaim
2579 1904 2770 1999 Sipha,
2798 1930 2867 1984 de
2892 1937 3075 1984 monte
3095 1927 3389 1997 prraim,

114 2038 183 2090 μα
226 2020 376 2092 αὐτῷ
417 2021 676 2087 Ἐλκανᾶ,
699 2022 813 2087 υίὸς
844 2020 1138 2093 Ἰερεμεὴλ,
1166 2021 1280 2089 (65)
1303 2018 1419 2073 υἱοῦ
1459 2019 1631 2074 Ἡλεί.
1671 2038 1690 2072 ι

174 2116 291 2181 Τῆς
320 2115 376 2168 δὲ
407 2114 668 2186 δευτέρας
696 2117 731 2187 ἡ
765 2115 938 2186 ἀρχή·
977 2133 996 2165 ι
1033 2113 1281 2182 Ἐγένετο
1310 2111 1447 2183 μετά
1468 2111 1530 2164 τὸ
1553 2113 1694 2165 ἀπο-

113 2210 287 2261 θανεῖν
308 2206 505 2271 Σαοὺλ,
527 2208 624 2261 καὶ
649 2206 814 2261 Δαϐὶδ
842 2204 1140 2276 ἀνέστρεψε
1157 2204 1376 2258 τύπτων
1397 2202 1487 2256 τὸν
1525 2204 1695 2274 Ἀμα-

112 2301 236 2371 λήκ.
271 2319 291 2353 ι

196 2393 501 2450 Βασιὴιῶν
534 2395 692 2466 τρίτη
722 2394 817 2447 καὶ
866 2392 1122 2465 τετάρτη,
1156 2394 1235 2456 είς
1290 2390 1347 2445 ἓν
1394 2390 1554 2445 πάλιν
1577 2390 1698 2460 ἀρι-

128 2486 424 2556 θμούμεναι
452 2485 676 2557 βιϐλίον.
693 2485 800 2538 Kal
815 2483 917 2554 τῆς
942 2483 1042 2555 μὲν
1068 2482 1256 2555 τρίτης
1283 2483 1315 2553 ἡ
1341 2482 1507 2553 ἀρχή⁹
1535 2498 1553 2531 ι
1588 2482 1697 2536 Kal

117 2579 144 2627 ὁ
190 2575 445 2646 βασιλεὺς
495 2573 660 2627 Δαϐὶδ
740 2572 1125 2644 πρεσϐύτερος,
1156 2569 1510 2642 προϐεϐηκὼς
1561 2569 1699 2641 ἡμέ-

123 2685 256 2736 ραις
283 2668 380 2720 καὶ
418 2665 773 2739 περιέϐαλλον
815 2664 975 2718 αὑτὸν
1009 2663 1262 2734 ἱματίοις,
1290 2662 1384 2716 καὶ
1415 2662 1512 2714 οὐκ
1544 2660 1698 2726 ἑθερ-

122 2759 350 2827 μαίνετο,
395 2778 416 2811 ι

180 2850 285 2922 Τῆς
327 2850 385 2904 δὲ
429 2850 701 2921 τετάρτης
749 2849 782 2920 ἡ
816 2848 956 2920 ἀρχή
980 2863 995 2877 ·
1032 2865 1049 2897 ι
1086 2846 1196 2900 Kal
1228 2843 1461 2915 ἡθέτησε
1514 2841 1693 2898 Μωάϐ

119 2945 168 2995 ἐν
210 2942 447 3015 Ἰσραὴλ,
481 2940 621 3013 μετά
645 2940 706 2994 τὸ
735 2939 1026 2994 ἀποθανεῖν
1066 2937 1287 3008 Ἀχαάϐ
1325 2957 1344 2988 ι

176 3034 671 3108 Παραλειπομένων
710 3032 923 3102 πρῶτον
971 3031 1063 3086 καὶ
1088 3030 1358 3101 δεύτερον,
1380 3030 1461 3093 είς
1494 3027 1552 3081 ἓν
1572 3029 1695 3099 ἀρι-

118 3129 383 3199 θμούμενα
406 3126 635 3197 βιϐλίον.
662 3126 771 3183 Kal
797 3123 910 3179 ἐστι
939 3122 1032 3177 τοῦ
1062 3124 1159 3194 μὲν
1190 3121 1409 3194 πρώτου
1439 3122 1474 3193 ὴ
1508 3122 1650 3193 ἀρχή
1677 3136 1693 3154 ⁸

1797 2031 1851 2078 et
1876 2038 2073 2078 nomen
2109 2023 2186 2076 illi
2218 2021 2440 2087 Eleana,
2476 2023 2622 2079 ﬁlius
2658 2022 2942 2087 Jeremeel,
2976 2021 3069 2077 ﬁlii
3097 2019 3236 2077 Heli.
3282 2038 3302 2072 ι

1872 2114 2111 2169 Secundi
2147 2130 2280 2170 vero
2322 2116 2540 2170 initium
2572 2124 2658 2171 est
2696 2133 2709 2169 :
2749 2134 2767 2167 ι
2813 2113 2881 2168 Et
2911 2113 3112 2167 factum
3147 2120 3232 2168 est
3253 2118 3389 2183 post

1797 2218 2029 2263 mortem
2083 2206 2287 2271 Saulis,
2329 2206 2500 2263 David
2544 2222 2808 2278 percusso
2850 2207 3071 2263 Amalec
3121 2221 3390 2262 reversus-

1797 2308 1904 2355 est.
1943 2319 1962 2351 ι

1869 2389 2078 2462 Regum
2132 2392 2327 2448 tertius
2364 2399 2419 2447 et
2464 2399 2715 2461 quartus,
2746 2402 2795 2447 et
2828 2391 2930 2462 ipsi
2963 2406 3062 2462 pro
3091 2406 3199 2446 uno
3236 2406 3374 2446 con-

1797 2488 2158 2537 numerantur
2216 2483 2378 2539 libro.
2410 2481 2477 2537 Et
2523 2483 2669 2538 tertii
2715 2483 2938 2554 quidem
2983 2482 3202 2536 initium
3233 2492 3316 2536 est
3356 2500 3372 2537 :

1803 2590 1824 2625 ι
1863 2571 1929 2629 Ει
1963 2588 2059 2630 rex
2099 2572 2267 2630 David
2310 2576 2515 2639 senior,
2549 2582 2708 2630 aetate
2735 2574 2848 2644 jam
2881 2573 3103 2644 grandis
3141 2581 3276 2628 erat.
3309 2572 3376 2626 Et

1796 2665 2118 2736 operiebant
2155 2682 2280 2723 eum
2310 2666 2577 2733 vestibus,
2609 2682 2710 2724 nec
2744 2675 2922 2721 tamen
2954 2663 3253 2720 caleﬁebat.
3281 2683 3300 2716 ι

1869 2848 2069 2917 Quarti
2118 2861 2250 2904 vero
2293 2847 2625 2919 principium
2656 2854 2741 2902 est
2770 2861 2785 2899 :
2821 2865 2839 2898 ι
2875 2844 2941 2899 Ει
2986 2843 3376 2917 praevaricatus

1795 2947 1880 2997 est
1921 2938 2081 2994 Moab
2110 2938 2373 2994 adversus
2392 2936 2668 3003 lsraelem,
2691 2945 2812 3007 post
2847 2944 3077 2992 mortem
3108 2934 3315 2989 Achab.
3349 2954 3369 2986 ι

1868 3028 2321 3100 Paralipomenon
2351 3028 2561 3099 primus
2587 3037 2640 3083 et
2669 3026 2959 3090 secundus,
2990 3039 3090 3096 pro
3131 3040 3242 3079 uno
3265 3022 3376 3094 97

1767 3106 1938 3177 ἰἰιπο
1972 3128 2379 3192 computantur:
2433 3121 2499 3174 Et
2553 3119 2713 3189 primi
2759 3118 2977 3189 quidem
3008 3116 3218 3171 initium
3247 3122 3371 3170 est:

122 3238 136 3265 ι
178 3218 363 3288 Ἀδὰμ,
396 3215 532 3287 Σὴθ,
606 3212 793 3277 Ἐἰὼς,
863 3213 1090 3271 Καῖνᾶν.
1145 3211 1449 3283 Μαλελεὴλ,
1499 3211 1692 3284 Ἰαρὲδ,

1820 3214 2051 3280 rAdam,
2108 3215 2261 3281 Seth,
2322 3214 2489 3278 Enos,
2557 3213 2790 3277 Cainan,
2864 3210 3130 3275 Malaleel,
3185 3206 3372 3271 Jared,

128 3310 315 3382 Ἑνὼχ,
340 3308 700 3372 Μαθουσάλα,
736 3308 943 3377 Λάμεχ,
964 3306 1109 3360 Νῶε.
1145 3325 1161 3355 ι

177 3401 277 3453 Τοῦ
310 3400 367 3453 δὲ
412 3400 668 3472 δευτέρου
716 3400 751 3468 ἡ
793 3398 968 3469 ἀρχή*
1011 3414 1029 3447 ι
1080 3396 1189 3450 Kal
1232 3396 1480 3467 ἑνίσχυσε
1525 3396 1692 3450 Σαλο-

119 3489 222 3559 μὼν
246 3490 363 3555 υἱὸς
391 3489 561 3543 Δαϐὶδ
589 3489 684 3542 ἐπὶ
714 3487 812 3559 τὴν
844 3487 1119 3559 βασιλείαν
1148 3485 1333 3552 αὑτοῦ,
1367 3485 1461 3540 καὶ
1489 3485 1695 3559 Κύριος

116 3582 141 3633 ὁ
171 3582 303 3645 θεὸς
329 3580 496 3635 αὑτοῦ
535 3581 653 3652 μετ’
688 3579 854 3634 αὐτοῦ
875 3620 890 3644 ,
926 3579 1019 3633 κα).
1061 3577 1395 3650 ἐμεγάλυνεν
1419 3578 1579 3633 αὐτὸν
1613 3580 1695 3645 είς

125 3672 269 3743 ὕψος.
312 3693 332 3724 ι

178 3764 417 3836 Ἔσδρας
449 3763 670 3835 πρῶτος
698 3763 791 3816 καὶ
817 3761 1085 3832 δεύτερος,
1115 3764 1194 3826 εἰς
1218 3761 1278 3816 ἓν
1305 3760 1694 3834 ἀριθμούμενοι

118 3850 330 3921 βιϐλίον.
369 3854 481 3908 Kal
512 3853 607 3906 τοῦ
642 3853 739 3923 μὲν
762 3850 978 3923 πρώτου
1005 3852 1146 3925 ἀρχή
1168 3869 1183 3883 ο
1220 3872 1238 3903 ι
1279 3850 1390 3923 (66)
1428 3851 1540 3906 Kal
1560 3853 1697 3924 ἢγα-

118 3961 199 4013 γεν
238 3947 454 4009 Ἰωσίας
509 3945 572 3999 τὸ
628 3945 821 4015 Πάσχα
868 3944 926 3997 ὲν
976 3943 1329 4016 Ἰερουσαλὴμ
1378 3942 1455 4015 τῷ
1505 3943 1696 4015 Κυρίῳ

119 4037 301 4093 ἑαυτοῦ
327 4041 396 4109 τῇ
436 4035 1006 4110 τεσσαρεσκαιδεκάτῃ
1044 4035 1231 4107 ἡμέρᾳ
1258 4036 1353 4090 τοῦ
1389 4036 1557 4109 μηνὸς
1597 4036 1693 4091 τοῦ

122 4131 349 4201 πρώτου.
399 4152 418 4183 ι

178 4225 285 4279 Τοῦ
312 4225 368 4277 δὲ
391 4224 651 4294 δευτέρου
687 4222 721 4292 ή
750 4222 891 4294 ἀρχή
911 4238 924 4252 ο
962 4239 980 4271 ι
1021 4220 1133 4275 Kal
1164 4222 1221 4273 ἐν
1253 4219 1330 4291 τῷ
1363 4218 1564 4292 πρώτῳ
1585 4220 1694 4274 ἔτει

123 4315 290 4387 Κύρου
320 4315 417 4369 τοῦ
472 4313 735 4385 βασιλέως
775 4311 1020 4383 Περσῶν,
1059 4310 1152 4364 τοῦ
1185 4310 1499 4382 τελεσθῆναι
1538 4310 1694 4378 λόγον

123 4405 217 4457 ἀπὸ
249 4406 525 4474 στόματος
560 4403 629 4456 ἰε
640 4404 852 4474 ρεμίου,
884 4402 1131 4473 ἐξήγειρε
1157 4401 1360 4474 Κύριος
1392 4400 1452 4454 τὸ
1480 4401 1694 4474 πνεῦμα

123 4495 293 4568 Κύρου
321 4495 421 4549 τοῦ
450 4494 719 4566 βασιλέως
751 4493 998 4566 Περσῶν.
1045 4514 1063 4544 ι

1794 3308 2005 3374 Enoch,
2034 3307 2358 3371 Mathusala,
2398 3305 2653 3368 Lamech,
2684 3304 2819 3360 Noe.
2862 3324 2880 3356 ι

1865 3401 2103 3458 Secundi
2135 3415 2265 3458 vero
2294 3401 2505 3455 initium
2532 3419 2544 3454 :
2576 3418 2593 3451 ι
2619 3398 2687 3452 Ει
2709 3396 3065 3453 conﬁrmatus
3094 3401 3180 3450 est
3212 3390 3372 3447 Salo-

1793 3509 1922 3549 mon
1949 3492 2094 3550 ﬁlius
2123 3492 2342 3548 Davidis
2379 3490 2433 3546 in
2481 3506 2650 3561 regno
2695 3506 2817 3545 suo.
2844 3487 2911 3542 Et
2939 3486 3200 3542 Dominus
3231 3484 3375 3539 Deus

1796 3586 1970 3657 ipsius
2006 3600 2132 3641 cum
2172 3587 2293 3656 ipso
2318 3624 2333 3650 ,
2369 3594 2423 3639 et
2463 3581 2835 3654 magnilicavit
2870 3594 2994 3636 eum
3036 3578 3103 3633 ad
3139 3575 3375 3632 sublime

1795 3693 1989 3734 usque.
2016 3697 2036 3731 ι

1901 3696 1989 3734 ue.
2016 3697 2036 3731 ι

1865 3696 2071 3824 (Elisdras
2100 3767 2314 3837 primus
2339 3772 2391 3821 et
2422 3762 2696 3821 secundus
2737 3775 2844 3815 uno
2902 3755 3374 3828 comprehendun-

1797 3869 1890 3917 tur
1915 3860 2216 3917 volumine.
2264 3857 2332 3912 Et
2373 3857 2532 3928 primi
2579 3856 2796 3926 quidem
2841 3852 3056 3908 initium
3081 3858 3210 3906 est:
3241 3868 3260 3900 ι
3299 3846 3366 3901 Et

1802 3954 2002 4012 obtulit
2034 3952 2217 4008 Josias
2251 3950 2462 4007 Pascha
2504 3950 2560 4004 in
2612 3946 2916 4004 Jerusalem
2962 3943 3193 3999 Domino
3234 3955 3370 4008 suo,

1795 4052 1991 4104 quarta
2018 4044 2230 4102 decima
2264 4043 2353 4099 die
2381 4043 2584 4098 mensis
2614 4040 2794 4112 primi.
2830 4058 2850 4092 ι

1869 4223 2107 4282 Secundi
2133 4238 2297 4280 vero:
2328 4240 2347 4274 ι
2370 4222 2438 4277 Ει
2460 4221 2515 4276 in
2542 4220 2717 4290 primo
2741 4220 2887 4272 anno
2910 4215 3035 4288 Cyri
3069 4212 3212 4286 regis
3237 4209 3374 4267 Per-

1796 4335 1981 4378 sarum
1999 4361 2014 4387 ,
2046 4327 2106 4375 ut
2131 4317 2521 4388 adimpleretur
2544 4328 2725 4369 sermo
2743 4355 2758 4378 ,
2787 4312 2880 4382 qui
2907 4311 2977 4366 ab
3001 4326 3096 4366 ore
3125 4309 3375 4367 Ieremia:

1797 4421 2181 4485 processerat,
2209 4406 2470 4463 excitavit
2498 4404 2760 4459 Dominus
2791 4402 3044 4473 spiritum
3070 4399 3199 4472 Cyri
3228 4401 3374 4472 regis

1795 4502 2109 4558 Persarum.
2146 4518 2164 4552 ι

180 4590 490 4662 Ψαλτήριον
540 4587 862 4650 Δαϐιτικὸν,
911 4587 1032 4658 ἕχον
1074 4585 1330 4657 ψαλμοὺς
1379 4592 1518 4656 ρνα’·
1566 4578 1688 4657 οὗή

1866 4590 2191 4647 Psalterium
2223 4585 2543 4640 Davidicum
2572 4623 2586 4647 ,
2621 4580 2830 4636 habens
2858 4579 3101 4650 psalmos
3127 4594 3235 4635 cu.
3266 4579 3376 4636 Cu-

124 4680 272 4753 ἀρχὴ,
299 4682 475 4750 ἦγουν
520 4679 549 4731 ὁ
593 4677 807 4750 πρῶτος
832 4677 1044 4749 ψαλμός
1064 4695 1078 4707 ·
1115 4696 1133 4727 ι
1165 4678 1451 4749 Μακάριος
1473 4676 1612 4749 ἀνὴρ
1636 4677 1694 4740 ὃς

122 4774 206 4826 οὐκ
241 4772 519 4846 ἐπορεύθη
549 4774 607 4825 ἐν
637 4771 799 4842 βουλῇ
826 4768 1056 4824 ἀσεϐῶν.
1092 4789 1110 4820 ι

182 4865 475 4938 Παροιμίαι
503 4862 850 4935 Σολομῶντος
876 4861 1011 4933 (67),
1040 4856 1146 4932 οὖὴ
1166 4860 1368 4931 ἀρχήοι
1399 4858 1694 4931 Παροιμίαι

124 4954 451 5028 Σολομῶντος
493 4955 613 5009 υίοῦ
654 4954 834 5019 Δαϐὶδ,
877 4954 937 5019 ὃς
979 4953 1322 5007 ἐϐασίλευσεν
1353 4954 1409 5005 ὲν
1457 4950 1692 5024 Ἰσραὴλ,

124 5048 302 5112 γνῶναι
341 5048 543 5117 σοφίαν
564 5048 658 5100 καὶ
691 5046 959 5099 παιδείαν.
995 5067 1013 5097 ι

190 5229 625 5302 Ἐκκλησιαστὴς
659 5228 753 5283 τοῦ
779 5227 965 5293 αὑτοῦ,
996 5220 1057 5282 οὗ
1086 5229 1118 5299 ἡ
1163 5229 1304 5301 ἀρχή
1325 5246 1337 5258 ⁸
1375 5247 1393 5279 ι
1448 5228 1693 5300 Ῥήματα

176 5380 738 5457 (63)_lnititlmi.losue
778 5384 1096 5457 sic_habetr:
1139 5385 1250 5439 Kal
1287 5386 1523 5457 ἐγένετο,
1554 5385 1694 5457 μετά

221 5450 505 5528 τελευτὴν
544 5456 779 5528 Μωςδσῇ,
826 5450 949 5508 εἷπε
970 5525 981 5528 _
1001 5456 1206 5528 Κύριος
1241 5450 1566 5528 τῷἺησοῦ,
1592 5456 1692 5528 υἱῷ

122 5520 273 5597 Pagi-la
303 5525 386 5597 τῷ
416 5520 693 5597 ιὶᾶεουργῑῤ
714 5520 942 5597 Μωῧσῆν
969 5520 1160 5596 λέγών-

123 5543 273 5650 ιιαιᾶη,
303 5543 386 5596 τῳ
416 5543 683 5595 υπουργῳ
714 5543 942 5597 Μωυση,
969 5543 1160 5596 Αεγων.

123 5595 371 5717 Κὲοίέυιιι
417 5594 616 5651 Graeco
663 5595 963 5668 Scripturae
1004 5605 1153 5653 textu
1203 5597 1418 5669 legitur,
1464 5597 1554 5652 διὰ
1596 5596 1688 5651 τοῦ

163 5682 328 5736 υριου.

177 5735 281 5806 (65)
315 5737 548 5792 Graccus
604 5735 902 5806 Scriptura:
951 5744 1153 5800 textus,
1203 5736 1320 5790 υἱοῦ
1384 5737 1584 5791 Ἠλιοῦ.
1630 5739 1689 5793 In

122 5802 291 5881 (ἔγρεο
315 5807 622 5881 Scriptura:
645 5802 800 5881 tes—tu
826 5808 1025 5881 legitur
1049 5824 1293 5881 semper1
1310 5809 1471 5881 Δαυῖδ
1491 5824 1614 5863 cum
1634 5828 1685 5865 υ.

179 5877 284 5949 (66)
313 5878 419 5946 Qui
442 5876 669 5935 'dicitur
694 5876 1121 5947 Esdrae‘primus
1159 5876 1211 5933 i'n
1255 5876 1467 5937 Graecis
1506 5893 1689 5936 exem-

1794 4686 1887 4758 jus
1919 4684 2133 4739 initium
2164 4691 2247 4737 est
2273 4700 2285 4735 :
2325 4703 2343 4732 ι
2375 4678 2575 4734 Beatus
2605 4676 2690 4729 vir
2718 4674 2813 4745 qui
2844 4689 2956 4728 non
2987 4674 3288 4729 ambulavit
3318 4674 3375 4728 in

1797 4778 2034 4835 consilio
2067 4775 2382 4846 impiorum.
2415 4792 2436 4825 ι
3347 4837 3353 4843 ⁸

1870 4870 2152 4925 Parabola:
2176 4865 2508 4929 Salomonis,
2536 4864 2697 4935 cujus
2722 4861 3049 4934 principium
3078 4866 3198 4915 est:
3223 4877 3241 4909 ι
3264 4855 3373 4912 Pa-

1797 4964 1999 5020 rabolas
2043 4959 2390 5023 Salomonis,
2440 4958 2535 5013 ﬁlii
2582 4955 2842 5012 Davidis:
2895 4955 2988 5025 qui
3030 4953 3276 5024 regnavit
3316 4950 3373 5003 in

1798 5053 2013 5118 Israel,
2076 5054 2141 5108 ad
2204 5050 2645 5123 cognoscendam
2706 5047 3031 5122 sapientiam
3088 5051 3142 5099 et
3197 5041 3372 5097 disci-

1794 5145 2018 5217 plinam.
2051 5164 2069 5195 ι

1868 5234 2229 5293 Ecclesiastes
2250 5233 2494 5305 ejusdem
2514 5273 2530 5299 ,
2558 5232 2718 5302 cujus
2741 5229 2958 5286 initium
2983 5233 3066 5283 est
3091 5246 3103 5282 :
3146 5244 3166 5279 ι
3193 5223 3373 5283 Verba

1794 5394 2043 5478 plaribus
2087 5393 2179 5448 hic
2216 5394 2411 5478 tertius
2454 5399 2545 5478 est
2585 5392 2640 5478 in
2684 5386 3136 5478 Bibli‘isuostri‘s,‘
3166 5386 3371 5478 etiam

1793 5461 1939 5521 inter
1985 5466 2294 5535 apocrypha
2330 5470 2697 5535 computatur.
2728 5461 3145 5535 Inchoaturque
3171 5472 3201 5512 a
3228 5471 3372 5535 εξιγ

1793 5536 1973 5607 capite
2003 5526 2480 5607 Paralipomenon;
2507 5548 2611 5607 nec
2640 5533 2838 5607 legitur
2868 5532 2920 5585 in
2949 5526 3240 5607 Hebrajco.
3268 5526 3371 5607 Qui

1794 5597 1974 5662 auiem
2007 5597 2280 5661 secundus
2306 5603 2396 5658 hic
2424 5603 2645 5669 dicitur,
2669 5597 2881 5674 p'rimus
2904 5611 2986 5656 cst
3014 5601 3068 5655 in
3100 5597 3373 5654 Ilehraico

1794 5685 1980 5816 ιθῖιθιέἵ)
2013 5745 2069 5802 In
2110 5744 2316 5801 Graecis
2360 5743 2660 5813 Scriptura)
2694 5742 3098 5814 exemplaribus
3148 5737 3366 5811 legitur,

1795 5817 2071 5889 Σαλομὼν,
2100 5817 2187 5873 hic
2218 5828 2269 5872 ct
2303 5816 2550 5873 inferius.
