3958 6510
592 447 698 504 287

1715 439 1774 496 S.
1817 435 2279 494 ATHANASIUS’.
2317 468 2386 480 —
2423 435 2648 492 DUBIA.

3717 433 3837 488 288

587 560 962 625 Ecclesiaste.
993 559 1088 616 lilii
1119 558 1338 614 Davidis
1368 557 1513 629 regis
1544 555 1710 614 Israel
1738 557 1794 611 in
1822 555 2146 612 Jerusalem.

2285 548 2708 623 Εκκλησιαστοῦ,
2768 549 2885 604 υἱοῦ
2947 549 3131 613 Δαϐὶδ,
3185 547 3446 619 βασιλέως
3498 547 3716 618 Ἰσραὴλ
3769 549 3838 599 ἐν

587 653 815 710 Vanitas
844 652 1144 708 vanitatum
1171 659 1227 706 et
1255 649 1439 705 omnia
1468 649 1708 705 vanitas.
1746 668 1765 702 ο

655 831 943 886 Canticum
997 829 1377 893 canticorum.
1425 828 1708 899 ejusdem,
1759 827 1918 897 cujus
1949 825 2152 896 princi-

589 920 736 990 pium
767 929 890 976 est:
919 939 940 972 ι
968 921 1252 976 Canticum
1287 920 1628 976 canticorum
1655 959 1670 984 ,
1702 919 1845 990 quod
1879 927 1962 974 est
1996 918 2152 973 Salo-

587 1011 756 1066 moni.
793 1011 1082 1067 Osculetur
1111 1028 1197 1068 me
1230 1012 1436 1068 osculis
1467 1012 1582 1067 oris
1615 1012 1732 1074 sui.
1766 1011 1894 1082 quia
1926 1010 2152 1067 meliora

589 1109 718 1157 sunt
749 1102 917 1157 ubera
946 1110 1040 1157 tua
1069 1104 1215 1158 vino.
1256 1123 1274 1154 ι

655 1191 790 1254 Job.
825 1194 984 1264 cujus
1014 1195 1342 1265 principium
1373 1202 1459 1250 est
1485 1213 1498 1248 :
1530 1212 1550 1245 ι
1579 1193 1752 1250 Homo
1781 1194 2004 1265 quidam
2035 1201 2153 1250 erat

585 1282 642 1336 in
671 1282 893 1352 regione
914 1284 1194 1347 Ausitide.
1228 1285 1449 1340 nomine
1475 1283 1596 1340 Job.
1633 1283 1699 1338 Et
1726 1292 1843 1340 erat
1873 1285 2036 1341 homo
2063 1284 2154 1340 ille

583 1371 898 1441 inculpatus
929 1380 983 1427 et
1015 1373 1320 1442 religiosus.
1359 1393 1376 1424 ι
2131 1433 2133 1435 _

659 1458 953 1514 Duodecim
982 1460 1295 1531 Pmphetae,
1322 1477 1430 1516 uno
1451 1462 1727 1518 volumine
1747 1462 2152 1532 comprehensi.

589 1550 732 1604 Sunt
763 1558 944 1604 autem
980 1551 1104 1616 isti,
1140 1550 1276 1607 Osee
1309 1552 1516 1621 primus
1538 1589 1554 1616 ,
1586 1552 1748 1621 cujus
1775 1553 1988 1606 initium
2023 1559 2106 1608 est
2137 1570 2150 1606 :

595 1661 612 1694 ι
645 1640 836 1696 Sermo
866 1641 1080 1696 Domini
1102 1681 1118 1704 ,
1152 1643 1242 1712 qui
1274 1643 1452 1698 factus
1480 1651 1564 1698 est
1591 1643 1656 1697 ad
1686 1642 1826 1700 Osee
1856 1645 2023 1698 [ilium
2054 1644 2156 1700 Be-

587 1731 668 1787 eri
695 1772 710 1795 ,
745 1731 800 1785 in
841 1730 1033 1788 diebus
1061 1731 1206 1788 Ozire
1237 1740 1294 1788 et
1320 1732 1569 1787 Joatham
1604 1742 1658 1788 et
1686 1735 1867 1789 Achaz
1890 1776 1904 1798 ,
1937 1745 1991 1790 et
2020 1735 2154 1790 Eze-

589 1819 752 1885 chiae,
787 1835 970 1891 regum
991 1818 1153 1884 Juda.
1179 1829 1232 1875 et
1254 1822 1307 1875 in
1331 1821 1521 1877 diebus
1544 1822 1829 1878 Jeroboam
1848 1863 1862 1886 ,
1892 1823 1984 1877 ﬁlii
2002 1823 2151 1888 Joas,

2261 643 2626 714 Ἰερουσαλήμ.
2688 639 2998 712 Ματαιότης
3065 638 3462 710 ματαιοτὴτων,
3514 638 3580 692 τὰ
3642 637 3838 692 πάντα.

2255 734 2564 805 ματαιότης.
2597 753 2615 786 ι

2325 819 2513 894 ᾊσμα
2545 821 2802 893 ᾀσμάτων
2840 819 2936 874 τοῦ
2971 818 3158 886 αὐτοῦ,
3197 814 3258 874 οὗ
3288 821 3315 891 ἡ
3349 820 3528 890 ἀρχή·
3565 837 3584 870 ι
3629 814 3836 890 *ᾼσμα

2251 913 2530 984 ᾀσμάτων,
2569 914 2598 967 ὃ
2639 915 2752 966 ἐστι
2789 912 2865 984 τῷ
2895 910 3162 984 Σολομὼν.
3195 912 3476 984 ⁴Ιιιλησάτω
3501 929 3569 982 με
3590 912 3706 964 ἀπὺ
3743 929 3837 980 φι-

2254 1006 2513 1076 λημάτων
2567 1007 2828 1078 στόματος
2869 1005 3057 1071 αὐτοῦ,
3113 1005 3196 1059 ὅτι
3242 1003 3436 1074 ἀγαθοὶ
3489 1004 3685 1076 μαστοί
3731 1021 3831 1056 σου

2148 1134 2150 1137 -
2257 1097 2396 1167 ὑπὲρ
2427 1093 2591 1151 οἶνον.
2634 1117 2652 1149 ι

2332 1187 2474 1249 Ἰὼϐ,
2505 1182 2565 1242 οὒ
2595 1191 2628 1258 ἡ
2669 1188 2848 1258 ἀρχή·
2900 1205 2919 1238 ι
2966 1185 3282 1258 ’Ἄνθρωπός
3322 1204 3405 1250 τις
3441 1181 3524 1257 -ἦν
3575 1188 3633 1239 ὲν
3670 1183 3835 1257 χώρᾳ

2252 1279 2498 1332 Λύσέτιδι
2551 1279 2682 1350 (68),
2733 1272 2778 1346 ᾧ
2837 1278 3004 1348 ὄνομα
3068 1277 3206 1342 Ἰὼϐ,
3250 1278 3342 1331 καὶ
3371 1274 3437 1348 ἦν
3465 1278 3493 1330 ὁ
3537 1278 3833 1350 ἄνθρωπος

2255 1371 2461 1434 ἐκεῖνος
2493 1369 2778 1442 ἄμεμπτος
2810 1370 2902 1423 καὶ
2927 1369 3202 1440 θεοσεϐὴς.
3239 1388 3258 1421 ι

2324 1463 2606 1532 Προφῆται
2653 1461 2891 1525 δώδεκα,
2939 1464 3017 1524 εἰς
3070 1462 3126 1513 ἓν
3170 1461 3555 1533 ἀριθμούμενοι
3595 1460 3830 1531 βιϐλίον.

2253 1553 2373 1606 Εἰσὶ
2391 1553 2447 1606 δὲ
2471 1546 2636 1614 οὗτοι,
2668 1553 2822 1623 Ὠσηὲ
2851 1553 3082 1624 πρῶτος,
3104 1545 3164 1605 οὗ
3187 1555 3219 1623 ἡ
3250 1553 3419 1622 ἀρχή·
3456 1570 3474 1602 ι
3512 1554 3683 1620 Λόγος
3709 1554 3831 1604 Κυ-

2257 1643 2394 1715 ρίου,
2428 1643 2486 1708 ὃς
2521 1643 2750 1714 ἐγενήθη
2783 1642 2918 1714 πρὸς
2955 1643 3132 1714 Ὠσηὲ,
3162 1643 3251 1696 τὸν
3267 1643 3357 1696 τοῦ
3390 1644 3575 1715 Βεηρὶ,
3604 1646 3662 1696 ἐν
3691 1643 3833 1713 ὴμέ-

2259 1751 2378 1804 ραις
2423 1734 2735 1798 Ὀζίου,κα“ι
2787 1734 3042 1805 Ἰωαθάμ,
3077 1735 3170 1788 καὶ
3219 1733 3406 1804 Ἀχὰζ,
3443 1735 3538 1787 καὶ
3580 1735 3833 1798 Ἐζεκίου

2257 1825 2515 1894 βασιλέων
2547 1825 2736 1887 Ἰούδα,
2761 1826 2852 1878 καὶ
2871 1827 2926 1877 ὲν
2951 1825 3182 1896 ἡμέραις
3219 1825 3499 1896 Ἰεροϐοὰμ
3516 1824 3608 1878 τοῦ
3649 1827 3831 1888 Ἰωᾶς,

587 1913 733 1982 regis
759 1909 944 1966 Israel.
987 1911 1318 1983 Principium
1345 1917 1617 1970 sermonis
1643 1915 1852 1970 Domini
1879 1919 1930 1970 in
1957 1915 2149 1972 Osee.»

2291 1915 2518 1978 ασιλέως
2569 1915 2798 1987 Ἰσραήλ.
2843 1916 3009 1986 Ἀρχὴ
3055 1915 3213 1984 λόγου
3259 1915 3462 1985 Κυρίου
3489 1919 3544 1968 ὲν
3580 1917 3766 1986 Ὠσηέ.
3811 1935 3828 1967 ι

657 2002 860 2059 Deinde
889 2003 1053 2060 Amos
1072 2045 1087 2070 ,
1121 2006 1279 2074 cujus
1308 2007 1638 2075 principium
1666 2016 1749 2062 est
1775 2025 1789 2062 :
1815 2026 1834 2058 ‹
1860 2007 2152 2064 Sermones

588 2094 786 2162 Amos,
810 2096 902 2164 qui
937 2095 1065 2150 facti
1095 2105 1223 2151 sunt
1249 2098 1301 2150 in
1326 2097 1608 2164 Accarim,
1637 2113 1699 2153 ex
1731 2097 1947 2152 Thecua
1969 2140 1983 2165 ,
2016 2115 2153 2169 quos

589 2186 722 2240 vidit
750 2201 914 2257 super
939 2185 1276 2252 Jerusalem,
1312 2189 1366 2242 in
1396 2189 1592 2244 diebus
1623 2188 1768 2244 Oziee
1795 2192 1939 2261 regis
1970 2191 2110 2245 Juda
2133 2231 2148 2256 ,

587 2287 639 2330 et
671 2277 723 2329 in
746 2276 940 2333 diebus
960 2275 1247 2333 Jeroboam
1281 2278 1375 2332 ﬁlii
1406 2278 1535 2335 Joas
1557 2320 1572 2344 ,
1599 2282 1742 2352 regis
1767 2280 1928 2338 Israel
1949 2323 1964 2348 ,
1999 2283 2153 2338 bien-

586 2369 678 2422 nio
702 2378 826 2424 ante
854 2379 1013 2425 terrze
1041 2378 1268 2425 motum.
1301 2391 1321 2424 ο

658 2457 909 2513 Michzcas
932 2501 946 2524 ,
990 2459 1149 2529 cujus
1194 2461 1520 2532 principium
1562 2471 1645 2518 est
1672 2483 1684 2516 :
1717 2482 1736 2514 ι
1769 2462 1834 2517 Et
1862 2463 2040 2520 factus
2068 2475 2152 2522 est

589 2564 768 2604 sermo
798 2549 1016 2604 Domini
1058 2551 1124 2605 ad
1151 2551 1428 2607 Michazam
1461 2552 1834 2616 Morathitem.
1872 2557 1924 2610 in
1957 2559 2152 2614 diebus

581 2639 832 2694 Joatham
863 2649 915 2696 et
959 2643 1140 2697 Achaz
1184 2654 1239 2700 et
1284 2645 1527 2700 Ezechiae
1571 2663 1754 2718 regum
1786 2647 1954 2716 Juda,
1991 2666 2150 2720 quem

587 2731 723 2785 vidit
753 2748 914 2802 super
941 2733 1242 2788 Samariam
1270 2743 1322 2790 et
1349 2735 1671 2792 Jerusalem.
1707 2758 1724 2791 ι

654 2822 806 2888 Joel,
861 2825 1022 2894 cujus
1061 2826 1278 2880 initium
1324 2836 1405 2882 est
1433 2849 1444 2883 :
1476 2848 1492 2880 ι
1531 2828 1723 2884 Sermo
1771 2831 2015 2897 Domini,
2057 2833 2152 2902 qui

587 2916 764 2971 factus
793 2924 876 2971 est
907 2918 972 2971 ad
1003 2916 1207 2973 Joelcm
1233 2960 1247 2980 .
1298 2920 1467 2976 lilium
1511 2921 1760 2977 Bathuel.
1810 2923 2005 2978 Audite
2037 2925 2152 2980 lucc

583 3009 800 3072 omnia,
834 3025 1026 3074 senes.
1059 3021 1112 3066 et
1138 3013 1364 3068 auribus
1393 3013 1655 3084 percipite
1677 3055 1692 3077 ,
1723 3029 1912 3070 omnes
1941 3016 2153 3070 habita-

583 3110 732 3154 tores
761 3108 938 3157 lCI‘I‘iB.
973 3121 992 3154 ι

657 3190 896 3256 Abdias,
949 3193 1106 3262 cujus
1158 3195 1486 3266 principium
1519 3207 1637 3252 est:
1672 3217 1688 3250 ι
1723 3197 1874 3254 Visio
1924 3199 2145 3257 Abdiae:

587 3281 713 3333 Haec
744 3280 877 3334 dicit
910 3280 1173 3337 Dominus
1201 3283 1342 3339 Deus
1372 3283 1436 3336 ad
1469 3285 1777 3338 ldumzcam.
1809 3305 1827 3337 ι

655 3368 825 3426 Jonas
848 3411 861 3435 .
896 3372 1057 3441 cujus
1110 3373 1324 3427 initium
1357 3383 1440 3429 est
1467 3394 1479 3428 :
1512 3393 1530 3425 ι
1563 3375 1628 3429 Et
1659 3375 1835 3431 factus
1865 3385 1948 3431 est
1972 3393 2151 3433 sermo

587 3461 801 3518 Domini
831 3465 898 3518 ad
930 3462 1123 3520 Jonam
1185 3466 1351 3520 lilium
1395 3467 1644 3534 Amalhi,
1685 3469 1872 3524 dicens
1909 3485 1922 3520 :
1980 3469 2152 3541 Surge

584 3563 640 3610 et
668 3555 804 3611 vade
830 3557 886 3612 in
913 3556 1143 3612 Niniveu
1173 3559 1448 3614 civitatem
1482 3575 1752 3630 magnam.
1789 3581 1807 3612 ι

602 3642 610 3652 ’
655 3645 865 3700 Nahum
890 3687 904 3710 ,
935 3649 1096 3717 cujus
1126 3637 1340 3702 initium
1370 3658 1490 3704 est:
1525 3671 1540 3701 ι
1572 3652 1891 3722 Assumptio
1919 3651 2109 3707 Ninive
2133 3692 2148 3716 ,

585 3735 724 3791 liber
756 3737 982 3793 visionis
1004 3738 1213 3793 Nahum
1247 3738 1494 3794 Elceszci.
1532 3760 1552 3793 ι

654 3827 956 3883 Ambacum
979 3868 993 3892 ,
1023 3829 1180 3898 cujus
1205 3829 1415 3882 initium
1443 3838 1524 3886 est
1550 3849 1562 3885 :
1587 3850 1605 3883 ι
1627 3829 1962 3903 Assumplio,
1989 3849 2150 3903 quam

583 3919 718 3974 vidit
747 3919 1044 3976 Ambacum
1077 3923 1357 3992 propheta.
1391 3943 1408 3975 ›

659 4007 966 4078 Sophouias
988 4050 1002 4072 .
1035 4011 1194 4080 cujus
1227 4013 1441 4067 initium
1471 4022 1556 4068 est
1583 4033 1596 4069 :
1629 4033 1647 4066 ι
1681 4013 1872 4070 Sermo
1898 4015 2148 4080 Domini,

583 4100 677 4171 qui
713 4098 892 4154 factus
920 4108 1004 4155 est
1037 4101 1104 4154 ad
1139 4101 1470 4172 Sophoniam
1505 4105 1672 4158 ﬁlium
1703 4105 1887 4169 Chus,
1923 4107 2016 4160 ﬁlii
2045 4108 2154 4162 Go-

583 4190 776 4256 doliie,
812 4189 908 4245 ﬁlii
935 4190 1170 4246 Ameriae
1195 4233 1209 4256 ,
1244 4193 1336 4247 lilii
1372 4193 1616 4261 Ezekize,
1645 4195 1700 4250 in
1731 4196 1922 4252 diebus
1953 4195 2148 4266 Josize,

587 4281 681 4336 lilii
710 4281 896 4348 Amos,
923 4282 1068 4352 regis
1095 4281 1256 4339 Juda.
1281 4303 1298 4335 ι

653 4371 883 4442 Aggaeus
904 4415 919 4438 ,
969 4371 1126 4440 cujus
1173 4373 1386 4426 initium
1431 4385 1513 4429 est
1541 4394 1554 4429 :
1587 4394 1605 4426 ι
1637 4375 1693 4429 In
1725 4391 1869 4430 anno
1903 4376 2150 4434 secundo

586 4459 731 4515 Darii
762 4463 904 4534 regis
926 4501 942 4526 .
973 4478 1161 4519 mense
1191 4473 1367 4530 sexto,
1393 4467 1479 4521 die
1511 4468 1683 4536 prima
1718 4469 1945 4530 mensis.
1976 4468 2150 4524 factus

2323 2002 2452 2061 Εἶτα
2514 2005 2712 2077 Ἀμὼς,
2761 2001 2820 2060 οὗ
2859 2008 2890 2076 ἡ
2925 2008 3092 2077 ἀρχή·
3130 2027 3148 2057 ‹
3182 2008 3342 2075 Λόγοι
3380 2006 3580 2078 Ἀμὼς,
3608 2009 3666 2077 ,οἳ
3706 2009 3836 2077 ἐγέ-

2252 2115 2403 2152 νοντο
2429 2099 2485 2150 ὲν
2515 2098 2834 2168 Ἄκκαρεὶμ,
2862 2100 2925 2150 ὲκ
2953 2097 3170 2158 Θεκουὲ,
3197 2098 3289 2159 οὓς
3307 2094 3442 2150 εἶδεν
3473 2099 3609 2170 ὑπὲρ
3639 2101 3837 2171 Ἰερου-

2258 2190 2437 2260 σαλὴμ
2476 2189 2534 2242 έν
2586 2189 2823 2261 ἡμέραις
2873 2190 3045 2253 Ὀζίου
3101 2190 3360 2258 βασιλέως
3405 2189 3576 2244 Ἰούδα
3623 2191 3721 2242 καὶ
3775 2194 3834 2244 ἐν

2254 2281 2487 2351 ἡμέραις
2544 2281 2824 2351 Ἱεροϐοὰμ
2884 2280 2979 2333 τοῦ
3037 2283 3220 2345 Ἰωσᾶς,
3271 2281 3526 2350 βασιλέως
3571 2282 3831 2352 Ἰσραὴλ,

2254 2373 2360 2443 πρὸ
2400 2371 2492 2424 δύο
2521 2371 2655 2424 ἐτῶν
2685 2373 2778 2425 τοῦ
2815 2372 3058 2442 σεισμοῦ.
3099 2392 3116 2423 ›

2321 2465 2580 2534 Μιχαίας,
2639 2460 2754 2534 οὗὴ
2795 2465 2934 2536 ἀρχή
2957 2483 2968 2495 ·
3009 2483 3026 2513 ‹
3066 2465 3174 2517 Καὶ
3201 2463 3412 2532 ἐγένετο
3441 2465 3593 2532 λόγος
3617 2466 3833 2537 Κυρίου

2254 2555 2388 2626 πρὸς
2435 2553 2667 2623 Μιχαίαν
2694 2552 2783 2605 τὸν
2829 2552 2921 2604 τοῦ
2965 2551 3192 2621 Mmpr
3219 2555 3273 2604 ἐν
3303 2553 3532 2623 ἡμέραις
3567 2553 3831 2622 ’1ωάθαμ,

2253 2645 2346 2699 καὶ
2402 2644 2587 2714 Ἀχὰζ,
2635 2646 2725 2696 καὶ
2783 2643 3021 2708 Ἐζεκίου
3048 2643 3306 2712 βασιλέων
3349 2644 3535 2706 Ἰούδα,
3573 2644 3716 2715 ὑπὲρ
3755 2639 3832 2697 ὧν

2250 2733 2353 2789 εἶδε
2382 2737 2508 2807 περὶ
2539 2737 2847 2806 Σαμαρείας
2882 2735 2974 2788 καὶ
3008 2734 3379 2806 Ἰερουσαλήμ.
3426 2754 3443 2785 ι

2334 2827 2506 2897 Ἰωὴλ,
2545 2822 2604 2880 οὗ
2649 2829 2681 2897 ἡ
2727 2827 2904 2897 ἁρχὴο
2943 2845 2960 2876 ι
3003 2826 3172 2893 Λόγος
3220 2826 3445 2894 Κυρίου,
3485 2825 3543 2889 ὃς
3590 2827 3831 2896 ἐγενήθη

2253 2917 2386 2989 πρὸς
2450 2917 2601 2989 Ἰωὴλ
2663 2919 2751 2970 τὸν
2772 2918 2864 2970 τοῦ
2898 2917 3159 2988 Βαθουὴλ.
3228 2917 3516 2970 ’Λκούσατε
3549 2917 3610 2988 δὴ
3663 2918 3832 2972 ταῦτα

2254 3007 2430 3060 πάντα
2461 3008 2509 3059 οἱ
2560 3006 2939 3078 πρεσϐύτεροι,
2979 3006 3070 3060 καὶ
3123 3006 3479 3070 ἐνωτίσασθε,
3529 3007 3730 3071 πάντες
3781 3010 3831 3061 οἱ

2253 3098 2628 3161 κατοικοῦντες
2654 3099 2754 3168 τὴν
2786 3098 2912 3168 γῆν.
2959 3116 2976 3148 ι

2337 3190 2543 3242 Ἀδδιοῦ
2563 3191 2695 3262 (69),
2726 3185 2785 3244 οὗ
2817 3193 2848 3260 ἡ
2887 3193 3026 3262 ἀρχή
3048 3207 3060 3220 ο
3104 3210 3120 3241 ι
3152 3191 3381 3259 Ὄρασις
3423 3190 3654 3243 ’Λϐδιοῦ·
3688 3191 3828 3244 Τάδε

2252 3284 2397 3353 λέγει
2431 3284 2630 3355 Κύριος
2658 3286 2686 3336 ό
2708 3283 2837 3346 Θεὸς
2859 3286 2923 3353 τῇ
2957 3283 3243 3353 Ἰδουμαίᾳ.
3279 3303 3296 3333 ι

2336 3377 2537 3438 Ἰωνᾶς,
2591 3370 2652 3429 οὗ
2703 3377 2735 3445 ἡ
2777 3375 2947 3446 ἀρχήο
2982 3395 2999 3426 ι
3041 3375 3152 3426 Καὶ
3183 3375 3400 3442 ἐγένετο
3432 3374 3585 3442 λόγος
3617 3376 3826 3446 Κυρίου

2258 3467 2393 3538 πρὸς
2428 3468 2609 3519 Ἰωνᾶν
2640 3465 2728 3518 τὸν
2782 3465 2872 3518 τοῦ
2919 3463 3132 3534 Ἀμαθὶ,
3161 3464 3336 3532 λέγων
3358 3483 3372 3496 ο
3412 3465 3702 3536 Ἀνάστηθι
3733 3484 3827 3520 και

2252 3559 2546 3630 πορεύθητι
2577 3560 2655 3621 εἰς
2683 3558 2869 3610 Νινευὶ
2907 3557 3018 3628 (70)
3047 3557 3146 3626 τὴν
3177 3557 3327 3608 πόλιν
3373 3557 3472 3625 τὴν
3501 3557 3762 3627 μεγάλην.
3807 3578 3823 3607 ι

2325 3649 2538 3718 Ναοὺμ,
2567 3642 2628 3702 οὗ
2663 3650 2694 3718 ἡ
2725 3649 2866 3720 ἀρχή
2887 3666 2900 3679 ·
2933 3666 2951 3697 ι
2990 3647 3197 3718 Λῆμμα
3229 3647 3436 3700 Νινευί.
3479 3647 3666 3710 Βίϐλος
3691 3649 3750 3718 οἵ
3767 3649 3822 3702 ἑ-

2253 3757 2388 3804 σεως
2416 3740 2607 3810 Ναοὺμ
2633 3738 2725 3792 τοῦ
2748 3741 2803 3792 ὲν
2837 3737 3103 3790 Ἐλκεσαί.
3130 3757 3146 3788 ι

2335 3830 2675 3900 Ἀμϐακοὺμ,
2711 3825 2770 3882 οὗ
2806 3831 2837 3900 ἡ
2868 3829 3044 3900 ἀρχήο
3081 3848 3096 3879 ι
3140 3828 3212 3879 Τὸ
3247 3827 3440 3898 λῆμμα
3475 3823 3664 3880 ὂεῖδεν
3699 3829 3827 3898 Ἀἰλ-

2253 3923 2467 3992 6ακοὺμ
2493 3923 2522 3975 ὁ
2545 3923 2848 3992 προφήτης.
2882 3939 2899 3970 ι
3160 3983 3161 3986 η

2323 4014 2615 4084 Σοςςωνίας,
2645 4004 2705 4065 οὗ
2735 4015 2767 4084 ἡ
2794 4013 2934 4083 ἀρχή
2957 4029 2968 4040 ·
3004 4030 3022 4061 ‹
3064 4011 3232 4079 Λόγος
3261 4010 3564 4082 Κυρίου,ὃς
3594 4010 3824 4081 ἐγενήθη

2254 4104 2388 4175 πρὸς
2439 4103 2716 4172 Σοφωνίαν
2767 4102 2859 4155 τὸν
2896 4100 2989 4154 τοῦ
3039 4101 3180 4164 Χοῦς
3233 4100 3366 4172 (7|),
3417 4100 3534 4153 υἱὸν
3579 4099 3823 4152 Γοδολίου

2254 4193 2348 4247 τοῦ
2395 4193 2648 4265 Ἀμορίου
2677 4193 2770 4247 τοῦ
2810 4192 3075 4257 Ἐζεκίου,
3107 4195 3164 4245 ὲν
3194 4191 3429 4263 ἡμέραις
3479 4191 3683 4245 Ἰωσίου
3708 4191 3822 4244 υἱοῦ

2266 4285 2448 4356 ’Λμὼς
2479 4285 2742 4353 βασιλέως
2791 4285 2976 4338 Ἰούδα.
3009 4304 3028 4337 ι

2331 4379 2600 4447 Ἀγγαῖος,
2625 4371 2686 4432 οὗ
2724 4379 2756 4448 ἡ
2787 4377 2926 4449 ἀρχὴ
2948 4394 2960 4407 ’
2999 4395 3017 4427 ι
3067 4377 3153 4429 Ἑν
3187 4375 3264 4445 τῷ
3295 4374 3528 4446 δευτέρῳ
3572 4375 3682 4428 ἔτει
3734 4378 3825 4429 ἐπὶ

2253 4469 2472 4542 Δαρείου
2501 4467 2594 4522 τοῦ
2624 4467 2884 4540 βασιλέως
2913 4469 2969 4520 ἐν
2991 4467 3067 4538 τῷ
3100 4467 3227 4537 μηνὶ
3260 4465 3337 4536 τῷ
3365 4465 3528 4536 ἕκτῳ,
3583 4468 3680 4538 μιᾷ
3731 4466 3823 4520 τοῦ

583 4562 669 4609 est
689 4568 870 4609 sermo
892 4553 1104 4610 Domini
1131 4555 1185 4610 in
1211 4572 1373 4611 manu
1401 4557 1580 4630 Aggzei
1605 4559 1882 4629 propheta:
1903 4560 2112 4616 dicens.
2127 4581 2145 4613 ι

2285 4561 2444 4630 ιηνὺς,
2474 4561 2688 4628 ἐγένετο
2710 4561 2863 4630 λόγος
2888 4559 3090 4632 Κυρίου
3125 4561 3181 4611 ἐν
3214 4559 3356 4630 χειρὶ
3401 4558 3651 4628 Ἀγγαίου
3690 4577 3822 4631 προ-

655 4731 950 4789 Zacharias
969 4773 985 4798 ,
1015 4733 1172 4803 cujus
1199 4734 1412 4789 initium
1439 4743 1523 4791 est
1550 4755 1563 4791 :
1591 4756 1609 4788 ι
1637 4735 1694 4792 In
1725 4749 1915 4793 octavo
1945 4753 2152 4802 mense,

585 4837 729 4878 anno
769 4823 1011 4878 secundo
1056 4821 1239 4886 Darii.
1293 4824 1470 4881 factus
1509 4834 1592 4881 est
1623 4843 1806 4882 sermo
1837 4827 2054 4881 Domini
2085 4831 2150 4882 ad

586 4914 942 4978 Zachariam,
987 4915 1156 4972 lilium
1199 4915 1513 4983 Barachiaa,
1559 4919 1650 4973 lilii
1693 4919 1878 4986 Addo,
1914 4921 2152 4991 prophe-

588 5015 696 5060 tam
715 5046 730 5069 ,
763 5005 976 5062 dicens.
1009 5026 1027 5057 ι

655 5096 768 5168 98
795 5096 1124 5163 Malachias,
1168 5098 1327 5167 cujus
1370 5099 1584 5152 initium
1635 5107 1755 5154 est:
1789 5118 1805 5150 ι
1837 5099 2153 5172 Assumptio

588 5187 856 5242 sermonis
889 5186 1103 5242 Domini
1137 5187 1202 5242 ad
1233 5187 1398 5243 Israel
1427 5189 1481 5241 in
1517 5202 1678 5242 manu
1713 5189 1889 5260 angeli
1918 5191 2058 5260 ejus.
2095 5212 2114 5244 ι

657 5275 720 5330 Ili
752 5287 879 5332 sunt
911 5277 1202 5334 duodecim
1231 5279 1510 5349 propheta:
1539 5295 1646 5334 uno
1691 5281 1966 5336 volumine
2006 5298 2156 5336 com-

587 5368 863 5438 prehensi.
899 5369 1216 5442 Sequuntur
1240 5371 1433 5440 reliqui
1464 5379 1719 5441 quatuor,
1761 5388 1994 5441 quorum
2038 5374 2156 5427 cui-

585 5476 691 5528 que
722 5461 1001 5531 proprium
1031 5473 1424 5518 annumeratur
1466 5465 1740 5518 volumen.
1779 5463 1842 5516 Et
1874 5465 1927 5518 hi
1965 5472 2093 5519 sunt
2137 5483 2152 5519 :

661 5551 863 5619 Isaias,
915 5555 1074 5623 cuius
1120 5556 1332 5611 initium
1381 5564 1546 5612 ρειςι
1579 5554 1766 5618 Visio,
1814 5572 1977 5626 quam
2022 5555 2156 5609 vidit

805 5727 1027 5804 {imicus
1057 5732 1351 5804 Scriptura.
1381 5743 1584 5796 tutus.
1614 5734 1872 5789 Αύσίτιδι.

812 5797 867 5873 In
901 5799 1088 5856 Graeco
1140 5797 1436 5868 Scriptum:
1471 5813 1614 5859 textu
1667 5807 1880 5873 legitur.
1927 5804 2150 5857 Ὀὂδιού.

661 5868 774 5942 (70)
808 5868 981 5925 Graec.
1011 5873 1210 5943 Script.
1257 5874 1474 5944 Νινευὴ,
1509 5884 1560 5931 et
1608 5881 1684 5930 sic
1713 5868 1970 5945 (inferius.
2011 5875 2152 5941 Mox,

2256 4652 2429 4721 φὴτου
2451 4651 2644 4720 λέγων.
2679 4670 2697 4702 ι

2325 4743 2616 4814 Ζαχαρίας,
2649 4737 2710 4797 οὗ
2738 4743 2960 4813 ἡάρχήο
2997 4761 3014 4791 ι
3065 4743 3152 4794 Ἐν
3187 4741 3265 4813 τῷ
3307 4742 3476 4813 ὀγδόῳ
3507 4743 3634 4812 μηνὶ
3674 4742 3824 4806 ἔτους

2253 4835 2504 4907 δευτέρου
2533 4836 2626 4888 ἐπὶ
2646 4835 2871 4906 Δαρείου
2893 4835 3107 4903 ἐγένετο
3131 4835 3287 4903 λόγος
3303 4835 3507 4906 κυρίου
3541 4835 3628 4888 ἐπὶ
3650 4838 3823 4906 Ζαχα-

2257 4923 2395 4993 ρίαν,
2449 4921 2538 4975 τὸν
2567 4923 2659 4975 τοῦ
2696 4923 2983 4993 Βαραχίου,
3034 4923 3146 4975 υἱὸν
3195 4923 3358 4978 Ἀδδὼ
3391 4923 3483 4976 τὸν
3513 4927 3820 4996 προφήτην,

2253 5014 2449 5084 λέγων.
2489 5033 2506 5066 ι

2325 5104 2629 5175 Μαλαχίας,
2662 5097 2775 5173 οὗὴ
2802 5105 2942 5176 ἀρχή
2969 5121 2982 5135 ·
3024 5124 3042 5156 ι
3082 5107 3286 5177 Λῆμμα
3315 5107 3471 5176 λόγου
3497 5107 3699 5178 Κυρίου
3734 5109 3822 5162 ἐπὶ

2253 5213 2342 5251 τον
2382 5197 2599 5270 Ἰσραὴλ
2624 5199 2680 5249 ὲν
2712 5198 2852 5267 χειρὶ
2891 5198 3120 5267 ἀγγέλου
3156 5199 3342 5253 αὐτοῦ.
3375 5219 3393 5251 ι

2324 5282 2484 5342 Οὗτοι
2517 5289 2616 5358 μὲν
2640 5285 2730 5342 οὖν
2761 5291 2808 5344 οἱ
2859 5289 3066 5344 δώδεκα
3095 5292 3176 5354 εἰς
3202 5290 3260 5343 ἒν
3301 5290 3521 5361 βιϐλίον.
3564 5291 3721 5361 Ἑξῆς
3768 5291 3821 5344 δὲ

2253 5382 2430 5452 ἕτεροι
2454 5381 2737 5452 τέσσαρες,
2766 5382 2899 5452 πρὸς
2927 5382 2985 5434 ἓν
3015 5382 3245 5445 ἕκαστος
3283 5382 3503 5452 βιϐλίον,
3538 5378 3683 5436 οὗτοι
3703 5401 3716 5413 ο

2336 5555 2584 5640 Ἡσαΐας,
2615 5550 2730 5627 οὗὴ
2764 5557 2904 5627 ἀρχή
2926 5572 2939 5586 ·
2981 5574 2998 5605 ι
3031 5557 3277 5625 Ὃρασις,
3316 5556 3382 5627 ἡν
3412 5553 3548 5610 εἶδεν
3600 5557 3819 5618 Ἡσαΐας

2252 5739 2280 5789 ὁ
2309 5736 2399 5789 τοῦ
2444 5738 2594 5790 Ἐλκε
2602 5738 2770 5790 σαίου.

2325 5807 2435 5874 (7|)
2457 5807 2679 5862 Graecus
2705 5807 3002 5876 Scriptura:
3025 5816 3156 5861 text.
3184 5807 3369 5876 Χουσὶ.
3391 5801 3536 5860 Infra
3560 5805 3612 5860 in
3634 5803 3816 5860 Graeco

2257 5876 2551 5947 Scriptura:
2586 5886 2733 5933 textu
2765 5875 2980 5949 legitur,
3011 5878 3127 5931 υἱοῦ
3160 5875 3358 5949 Ἀμώς.
