3958 6510
172 394 297 452 289

1242 384 1573 443 SYNOPSIS
1615 383 2028 443 SCRIPTURE
2070 382 2342 440 SACRE.

3325 381 3433 438 290

168 511 304 575 υιδς
351 507 547 580 Ἃμὼς,
583 508 652 578 ἢν
669 502 781 562 εἶδε
812 507 955 562 κατὰ
978 507 1077 577 τῆς
1108 507 1366 571 ἰουδαίας
1382 510 1478 562 καὶ
1501 509 1642 563 κατὰ
1661 509 1760 581 τῆς

1894 508 2033 564 saias
2078 506 2222 563 ﬁlius
2265 505 2466 570 Amos,
2498 520 2660 576 quam
2694 503 2829 559 vidit
2855 502 3119 560 adversus
3147 501 3290 558 Juda
3305 518 3390 558 ain
3417 547 3432 571 ,

180 600 552 675 Ἰερουσαλὴμ
602 602 662 653 ὲν
708 599 957 671 βασιλείᾳ
999 597 1195 664 Ὀζίου,
1239 599 1332 652 καὶ
1387 599 1645 671 Ἰωάθαμ,
1672 601 1765 654 καὶ

182 691 388 763 ’Δχὰζ,
420 692 514 745 καὶ
554 690 818 756 Ἐζεκίου,
865 692 916 745 οἳ
949 690 1299 746 ἐϐασίλευσαν
1337 692 1437 762 τῆς
1485 691 1759 756 Ἰουδαίας.

180 783 417 845 ’Δκουε,
450 781 670 854 οὐρανὲ,
698 780 793 835 καὶ
814 780 1087 847 ὲνωτίζου,
1112 782 1146 852 η
1168 782 1260 852 γῆ,
1299 782 1380 834 ὅτι
1413 780 1616 856 Κύριος
1642 781 1764 837 ἐλά-

167 872 371 942 λησεν.
413 890 433 922 ι

262 962 562 1035 Ἱερεμίας,
585 953 648 1014 οὗ
683 962 718 1033 ἡ
750 958 926 1033 ἆρχή²
961 978 981 1013 ι
1020 958 1094 1014 Τὸ
1124 960 1272 1032 ῥῆμα
1293 958 1386 1013 τοῦ
1405 958 1562 1024 Θεοῦ,
1591 960 1762 1029 δὲτέ-

170 1072 309 1109 νετο
365 1054 459 1107 ἐπὶ
496 1054 770 1126 Ἰερεμίαν
809 1053 904 1107 τὸν
931 1051 1025 1106 τοῦ
1057 1051 1310 1117 Χελκίου,
1354 1051 1414 1116 ὃς
1447 1047 1517 1124 ἦν
1556 1052 1621 1106 ἐκ
1656 1050 1764 1106 τῶν

176 1150 227 1202 ιε
235 1149 398 1220 ρέων.
440 1168 462 1200 ι

264 1239 519 1312 Ἐζεκιὴλ
549 1238 687 1311 (72),
714 1231 776 1291 οῦ
808 1239 844 1310 ἡ
887 1237 1029 1309 ἀρχή
1057 1252 1070 1265 ·
1114 1254 1134 1288 ι
1167 1238 1276 1291 Καὶ
1319 1239 1534 1307 ἐγένετο
1577 1237 1635 1291 ὲν
1686 1236 1764 1309 τῷ

170 1331 495 1407 τριακοστῷ
537 1331 649 1385 ἔτει
690 1331 749 1384 ὲν
788 1329 869 1402 τῷ
890 1332 1136 1402 τετάρτῳ
1167 1331 1317 1402 μηνὶ,
1354 1331 1447 1383 καὶ
1473 1327 1584 1399 ἐγὼ
1616 1330 1764 1401 ήμην

173 1428 238 1479 ἐν
273 1425 424 1496 μέσῳ
463 1424 566 1495 τῆς
594 1422 969 1494 αἰχμαλωσίας
1006 1422 1102 1475 ἐπὶ
1132 1421 1226 1475 τοῦ
1267 1421 1512 1493 ποταμοῦ
1555 1422 1761 1494 Χοϐάρ,

173 1517 275 1570 καὶ
306 1514 637 1585 ἠνοίχθησαν
661 1514 710 1566 oi
742 1512 981 1586 οὐρανοὶ,
1010 1513 1104 1566 καὶ
1135 1507 1273 1565 εἶδον
1304 1513 1523 1587 ὁράσεις
1548 1512 1706 1567 Θεοῦ.
1739 1533 1758 1566 ι

244 1607 468 1679 Δανιὴλ,
508 1601 572 1662 οὗ
601 1608 635 1678 ἡ
678 1607 855 1679 ἀρχή·
886 1625 905 1657 ι
944 1605 1054 1677 (75)
1085 1605 1195 1659 Καὶ
1232 1601 1300 1677 ἦν
1348 1606 1486 1680 ἀνὴρ
1516 1606 1679 1661 οἰκῶν
1706 1608 1764 1660 ὲν

174 1697 485 1762 Βαϐυλῶνι,
553 1700 648 1753 καὶ
689 1699 860 1769 ὄνομα
917 1698 1067 1771 αὐτῷ
1131 1699 1404 1771 Ἰωακεὶμ,
1458 1699 1554 1753 καὶ
1605 1698 1763 1753 ἔλαϐε

1863 606 1918 653 et
1958 597 2227 654 adversus
2270 596 2610 663 Jerusalem,
2659 597 2713 652 in
2759 611 2930 667 regno
2975 596 3150 661 Oziae,
3211 606 3266 653 et
3310 596 3427 652 Joa-

1864 692 2011 747 tham
2034 731 2048 756 ,
2081 701 2134 746 et
2156 690 2372 755 Aehaz,
2408 699 2462 745 et
2483 688 2763 754 Ezechiae,
2796 687 2891 759 qui
2915 697 3215 758 regnarunt
3247 687 3303 742 in
3341 687 3442 742 Ju—

1865 786 2000 841 dzea.
2029 783 2191 849 Audi,
2227 784 2424 839 coelum
2447 822 2462 837 .
2492 789 2546 837 et
2577 781 2803 836 auribus
2833 782 3071 851 percipe,
3101 788 3268 847 terra,
3301 796 3432 851 quo,

1863 876 2011 931 niam
2047 875 2306 931 Dominus
2334 875 2551 929 loculus
2580 880 2684 929 est.
2718 890 2737 924 ι

1932 967 2239 1030 Jeremias,
2307 967 2468 1036 cujus
2528 965 2747 1021 initium
2808 976 2932 1023 est:
2971 964 3256 1022 «Verbum
3305 964 3433 1030 Dei,

1863 1061 2010 1131 quod
2044 1059 2246 1113 factum
2273 1068 2357 1114 est
2401 1057 2469 1113 ad
2515 1058 2809 1114 Jeremiam
2840 1060 3009 1116 ﬁlium
3036 1057 3305 1123 Chelkiae,
3339 1058 3433 1129 qui

1860 1156 1981 1203 erat
2008 1164 2076 1203 ex
2106 1147 2503 1205 sacerdotibus.
2540 1166 2559 1199 ι

1936 1240 2185 1296 Ezechiel
2205 1280 2219 1303 ,
2252 1240 2414 1310 cujus
2445 1240 2779 1309 principium
2815 1248 2936 1297 est:
2968 1257 2986 1291 ι
3017 1238 3084 1294 Et
3118 1238 3322 1294 factum
3354 1244 3440 1294 est

1863 1334 1917 1388 in
1952 1347 2097 1387 anno
2126 1331 2407 1387 tricesimo
2427 1370 2443 1395 ,
2479 1346 2667 1387 mense
2698 1342 2893 1402 quarto
2913 1372 2928 1397 ,
2959 1339 3013 1387 et
3041 1348 3142 1402 ego
3186 1345 3337 1387 eram
3383 1330 3440 1385 in

1864 1424 2043 1480 medio
2071 1424 2407 1495 captivitatis
2434 1422 2499 1477 ad
2530 1422 2731 1478 ﬁumen
2758 1423 2997 1489 (Ihobar,
3028 1432 3083 1479 et
3112 1424 3282 1496 aperti
3312 1432 3442 1479 sunt

1861 1516 1990 1571 emli
2018 1533 2031 1570 :
2064 1523 2118 1571 et
2144 1515 2256 1570 vidi
2288 1516 2528 1571 visiones
2560 1514 2677 1570 Dei.
2712 1533 2730 1566 ι

1940 1607 2128 1663 Daniel
2156 1648 2171 1672 ,
2201 1608 2364 1677 cujus
2398 1606 2680 1662 exordium
2711 1617 2794 1662 est
2825 1625 2838 1661 :
2872 1625 2891 1658 ι
2920 1605 2985 1660 Et
3018 1613 3135 1661 erat
3165 1603 3251 1658 vir
3282 1603 3439 1658 babi-

1863 1706 1985 1753 taus
2017 1698 2071 1753 in
2103 1698 2401 1772 Babylone,
2434 1706 2489 1755 et
2516 1715 2717 1755 nomen
2751 1699 2829 1756 illi
2864 1697 3109 1760 Joakim,
3140 1704 3195 1751 et
3229 1696 3439 1766 accepit

174 1791 409 1855 γυναῖκα
510 1789 681 1860 ὄνομα
724 1787 1019 1852 Σουσάννα,
1066 1788 1311 1867 θυγάτηρ
1343 1787 1595 1854 Χελκίου,
1621 1788 1760 1859 καλὴ

1894 1808 2124 1861 uxorem,
2159 1794 2383 1849 nomine
2418 1792 2727 1850 Susannam
2802 1793 2970 1847 ﬁliam
3000 1789 3238 1847 Chelkiae
3269 1827 3284 1853 ,
3320 1786 3441 1859 pul-

177 1878 384 1955 σφόδρα
408 1879 510 1934 καὶ
542 1878 855 1950 φοϐουμένη
888 1877 979 1931 τὸν
1007 1878 1232 1951 Κύριον.
1281 1897 1300 1929 ι

243 1972 300 2026 '2.
342 1970 516 2043 Ὁμοῦ
550 1971 623 2025 τά
648 1970 1040 2042 καωνιζόμενα
1075 1970 1175 2042 τῆς
1209 1970 1452 2034 Παλαιὰ
1489 1968 1763 2041 Διαθήκης

175 2064 360 2135 βιϐλία
401 2064 587 2119 είκοσι
634 2064 759 2130 δύο,
824 2064 1088 2136 ἰσάριθμα
1134 2064 1246 2127 τοῖς
1305 2062 1603 2135 γράμμασι
1654 2061 1763 2117 τῶν

186 2157 480 2228 Ἐϐραίων.
502 2157 756 2211 Τοσαῦτα
784 2157 894 2229 γάρ
926 2157 1032 2210 εισι
1060 2155 1186 2227 παρ’
1203 2156 1388 2219 αὐτοῖς
1410 2154 1478 2208 τά
1501 2157 1765 2225 στοιχεῖα.

259 2252 448 2315 Ἐκτὺς
481 2251 540 2305 δὲ
564 2250 769 2305 τούτων
806 2252 912 2304 εἰσὶ
949 2250 1111 2304 πάλιν
1135 2250 1298 2322 ἕτερα
1331 2250 1508 2322 βιϐλία
1551 2251 1650 2322 τῆς
1670 2250 1766 2305 αὐ-

172 2342 275 2412 τῆς
299 2342 552 2407 Balari;
600 2342 898 2413 Διαθήκης,
943 2342 1004 2394 οὐ
1048 2340 1438 2412 κανονιζόμενα
1480 2342 1598 2413 μὲν,
1636 2342 1767 2397 ἀνά-

173 2434 559 2503 γινωσκόμενα
589 2433 644 2487 δὲ
670 2432 829 2503 μόνον
858 2433 969 2495 τοῖς
991 2431 1421 2502 κατηχουμένοις
1439 2429 1615 2485 ταῦτα
1643 2445 1658 2461 ’

246 2526 416 2595 Serpit:
465 2524 802 2596 Σολομῶνος,
851 2519 911 2578 οὗ
952 2525 984 2594 ὴ
1026 2524 1204 2595 ἀρχή·
1235 2542 1253 2574 ι
1303 2524 1648 2594 Ἀγαπήσατε
1689 2522 1768 2575 δι-

177 2619 497 2691 καιοσύνην,
527 2620 579 2671 οἱ
607 2617 883 2688 κρίνοντες
906 2616 1004 2686 τὴν
1031 2616 1153 2686 γῆν.
1184 2634 1201 2665 ι

247 2710 415 2781 Σοφία
447 2709 626 2782 Ἰησοῦ
671 2708 788 2761 υἱοῦ
830 2708 1018 2778 Σιρὰχ,
1049 2700 1110 2759 οὗ
1154 2707 1188 2776 ἡ
1214 2705 1355 2777 ἀρχή
1378 2718 1393 2733 ⁸
1435 2723 1453 2756 ι
1486 2706 1644 2759 Πᾶσα
1675 2722 1765 2759 σο-

177 2804 272 2871 qia
308 2803 472 2875 παρὰ
519 2802 751 2874 Κυρίου,
798 2800 894 2854 καὶ
951 2799 1067 2870 μετ’
1131 2797 1299 2852 αὐτοῦ
1363 2800 1509 2851 ἐστιν
1554 2799 1635 2862 είς
1673 2797 1766 2852 τὸν

177 2895 366 2949 αἰῶνα.
400 2914 421 2946 ι

257 2986 487 3059 Ἐσθὴρ,
520 2977 584 3038 οῦ
631 2987 665 3055 ἡ
713 2984 856 3055 ἀρχή
884 2998 898 3013 ·
936 3001 955 3034 ι
999 2984 1192 3046 Ἐτους
1221 2981 1475 3053 δευτέρου
1497 2979 1631 3049 (74),
1668 2978 1766 3049 βα-

180 3078 487 3140 σιλεύοντος
520 3073 878 3147 ’Ᾱρταξέρξου
909 3073 1004 3126 τοῦ
1034 3073 1293 3143 μεγάλου,
1310 3075 1376 3144 τῇ
1403 3072 1502 3142 μιᾷ
1518 3071 1612 3124 τοῦ
1641 3071 1769 3123 Νει-

1792 1861 1837 1916 B
1863 1887 2053 1941 chram
2087 1885 2243 1942 valde
2262 1929 2276 1951 ,
2310 1901 2375 1939 ac
2404 1887 2679 1941 timentem
2707 1884 3018 1940 Dominum.
3053 1904 3073 1938 ›

1932 1978 1989 2035 2.
2028 1977 2168 2034 Sunt
2201 1979 2384 2049 itaque
2410 1979 2658 2034 canonici
2694 1977 2909 2034 Veteris
2941 1976 3282 2033 Testamenti
3313 1976 3441 2035 libri

1863 2087 2092 2127 numero
2136 2071 2328 2143 viginti
2353 2071 2464 2126 duo
2485 2111 2500 2133 ,
2542 2071 2739 2126 litteris
2773 2069 3057 2126 Hebraicis
3091 2084 3324 2127 numero
3348 2062 3444 2143 pa-

1864 2176 1975 2216 res.
2005 2158 2255 2217 Totidem
2289 2159 2434 2215 enim
2471 2159 2613 2229 apud
2647 2160 2768 2215 illos
2798 2168 2925 2215 sunt
2953 2161 3243 2215 elementa.

1932 2252 2140 2309 Praeter
2172 2252 2309 2308 istos
2340 2261 2522 2306 autem
2556 2260 2684 2306 sunt
2717 2251 2895 2307 adhuc
2928 2251 3020 2306 alii
3054 2251 3298 2321 ejusdem
3334 2250 3444 2310 Ve-

1865 2345 1999 2401 teris
2044 2344 2381 2401 Testamenti
2418 2343 2541 2399 libri
2575 2359 2682 2399 non
2714 2343 2993 2408 canonici,
3042 2344 3135 2414 qui
3183 2343 3439 2400 catechu-

1865 2436 2041 2492 menis
2071 2444 2284 2491 tantum
2315 2438 2591 2506 leguntur.
2623 2434 2865 2490 Scilicet.

1936 2525 2218 2599 Sapientia
2253 2526 2601 2588 Salomonis,
2633 2526 2792 2595 cujus
2823 2526 3108 2581 exordium
3144 2532 3228 2581 est
3257 2544 3270 2578 :
3302 2542 3322 2576 ι
3350 2523 3444 2579 Di-

1864 2616 2016 2689 ligite
2045 2618 2317 2687 justitiam
2340 2659 2355 2683 ,
2389 2618 2482 2687 qui
2515 2616 2781 2684 iudicatis
2818 2624 3039 2671 terram.
3073 2634 3091 2667 ι

1937 2707 2215 2780 Sapientia
2245 2706 2374 2763 Jesu
2421 2708 2513 2762 lilii
2552 2706 2782 2772 Siraeb,
2838 2708 3000 2778 cujus
3045 2706 3261 2760 initium
3311 2711 3439 2760 est:

1871 2819 1891 2852 ι
1919 2799 2110 2857 Omnis
2140 2801 2408 2873 sapientia
2442 2817 2472 2854 a
2507 2799 2735 2855 Domino
2784 2808 2901 2866 est,
2945 2808 3000 2855 et
3031 2814 3157 2854 cum
3195 2798 3317 2869 ipso
3355 2805 3444 2854 est

1867 2893 1923 2948 in
1951 2895 2231 2949 sarculum.
2270 2912 2288 2946 ι

1937 2983 2156 3048 Esther,
2188 2984 2350 3055 cujus
2400 2985 2615 3040 initium
2668 2994 2752 3041 est
2783 3004 2796 3040 :
2826 3003 2844 3035 ι
2873 2984 3031 3039 Anno
3054 2985 3331 3050 secundo,
3354 3002 3443 3041 re-

1868 3086 2070 3149 gnante
2104 3077 2403 3132 Artaxerxe
2433 3076 2629 3148 Magno
2652 3118 2668 3143 ,
2702 3092 2809 3130 una
2847 3076 2935 3130 die
2979 3075 3187 3131 mensis
3229 3074 3397 3131 Nisan
3423 3115 3440 3139 ,

181 3169 276 3224 σᾶν
323 3168 583 3223 ὶνύπνιον
642 3162 748 3219 εἶδε
800 3166 1140 3238 Μαρδοχαῖος
1186 3167 1215 3219 ὁ
1263 3164 1359 3218 τοῦ
1413 3162 1638 3234 Ἰαείρου
1669 3161 1763 3216 τοῦ

1894 3169 2144 3222 omnium
2196 3168 2330 3222 vidit
2374 3167 2780 3231 Mardochzeus,
2816 3168 2960 3223 ﬁlius
3010 3165 3145 3221 Jairi
3169 3207 3186 3234 ,
3220 3167 3315 3223 ﬁlii
3347 3165 3444 3224 Se-

178 3262 371 3332 Σεμεεὶ
404 3260 504 3314 τοῦ
537 3259 792 3320 Κισαίου,
828 3257 893 3312 ὲκ
919 3258 1091 3328 φυλῆς
1120 3256 1394 3326 Βενιαμίν.
1438 3272 1459 3306 δ

258 3350 470 3423 Ἰουδὴθ
490 3392 506 3415 ,
557 3347 619 3406 οὗ
648 3351 790 3422 ἀρχή
819 3367 832 3380 ·
870 3368 888 3401 ι
934 3351 1126 3413 Ἐτους
1164 3348 1462 3403 δωδεκάτου
1491 3346 1590 3417 τῆς
1616 3345 1767 3416 βασι-

178 3444 326 3508 λείας
385 3442 904 3513 Ναϐουχοδονόσωρ,
948 3441 1007 3504 ὃς
1062 3441 1409 3494 ἐϐασίλευσεν
1467 3438 1765 3510 Ἀσσυρίων

178 3540 235 3592 ὲν
282 3533 499 3599 Νινευὶ,
541 3537 608 3605 τῇ
662 3534 815 3588 πόλει
861 3536 928 3605 τῇ
988 3533 1218 3604 μεγάλῃ,
1272 3534 1331 3585 ὲν
1372 3534 1493 3595 ταῖς
1531 3531 1767 3603 ἡμέραις

190 3627 487 3701 ’Δρφαξάᾱ
530 3627 589 3689 ὃς
634 3626 949 3679 ἐϐασίλευσε
994 3624 1195 3695 Μήδων
1233 3624 1292 3676 ἐν
1341 3621 1707 3684 Ἐκϐατάνοις.
1741 3639 1760 3672 ι

248 3719 459 3782 Τωϐὶτ,
498 3709 563 3771 οὗ
605 3718 640 3786 ἡ
680 3716 860 3787 ἀρχή·
920 3732 940 3765 ι
984 3713 1173 3777 Βίϐλος
1226 3711 1400 3780 λόγων
1427 3710 1630 3775 Τωϐὶτ,
1670 3709 1763 3763 τοῦ

180 3811 420 3883 Τωϐιὴλ,
446 3809 546 3862 τοῦ
585 3805 858 3876 Ἀνανιὴλ,
887 3804 981 3858 τοῦ
1023 3804 1263 3875 Ἀδουὴλ,
1285 3802 1381 3856 τοῦ
1432 3803 1471 3856 Γ
1474 3800 1669 3873 αϐαὴλ,
1702 3802 1766 3854 ὲκ
1798 3864 1803 3871 ,

179 3902 270 3957 τοῦ
294 3902 614 3973 σπέρματος
642 3897 835 3969 Ἀσεὴλ
859 3897 992 3968 (75),
1018 3898 1081 3950 ὲκ
1105 3899 1203 3967 τῆς
1232 3895 1401 3965 φυλῆς
1425 3892 1762 3965 Νεφθαλείμ,

179 3994 236 4058 ὃς
263 3990 668 4065 ᾐχμαλωτεύθη
696 3992 754 4043 ὲν
789 3988 1028 4060 ἡμέραις
1072 3987 1465 4059 Ἑννεμεσάρου
1491 3985 1585 4040 τοῦ
1616 3984 1766 4057 βασι-

178 4087 313 4150 λέως
355 4084 682 4155 ’Δσσυρίων.
714 4101 733 4133 ι

243 4176 504 4231 Τοσαῦτα
525 4175 622 4228 καὶ
642 4173 709 4228 τά
738 4173 812 4244 μὴ
838 4169 1415 4242 κανονιζόμενα.Τινὲς
1446 4166 1628 4240 μέντοι
1656 4166 1766 4220 τῶν

182 4264 451 4323 παλαιῶν⁶
482 4266 738 4339 εἰρήκασι
772 4262 1152 4329 κανονίζεσθαι
1181 4263 1310 4333 παρ’
1353 4259 1623 4332 Ἑϐραίοις
1674 4260 1766 4312 καὶ

179 4364 275 4433 τὴν
330 4359 578 4432 Ἐσθήρδ
600 4358 697 4412 καὶ
732 4356 831 4428 τὴν
877 4356 975 4427 μὲν
1009 4354 1164 4408 Ῥοῦθ
1185 4394 1201 4417 ,
1240 4352 1376 4424 μετά
1415 4352 1523 4405 τῶν
1550 4350 1766 4422 Κριτιῦν

182 4451 526 4522 ἑνουμένην,
585 4450 666 4511 είς
739 4445 799 4499 ἓν
866 4444 1069 4515 βιϐλίον
1122 4438 1509 4514 ἀριθμεῖσθαι·
1562 4438 1660 4508 τὴν
1710 4437 1768 4490 δὲ

196 4543 396 4615 Ὲσθὴρ
421 4543 505 4605 εἰς
529 4540 715 4612 ἕτερον
743 4538 803 4591 ἓν
824 4554 838 4567 ·
869 4540 962 4591 καὶ
1002 4535 1147 4590 οὕτω
1176 4532 1337 4588 πάλιν
1372 4532 1451 4595 είς
1480 4529 1649 4585 εἴκοσι
1672 4526 1767 4581 δύο

187 4632 641 4708 συμπληροῦσθαι
665 4632 759 4685 τὸν
782 4628 1014 4702 ἀριθμὸν
1042 4626 1152 4681 τῶν
1183 4622 1610 4695 κανονιζομένων
1633 4620 1763 4692 παρ’

184 4730 365 4793 αὐτοῖς
394 4726 639 4798 βιϐλίων.

251 4822 309 4876 5.
354 4819 473 4872 Καὶ
522 4816 591 4870 τὰ
620 4816 717 4888 μὲν
738 4815 835 4886 τῆς
875 4812 1120 4874 Παλαιᾶς
1160 4807 1437 4881 Διαθήκης
1468 4806 1667 4878 βιϐλία,
1697 4805 1768 4861 τά

184 4928 242 4965 τε
288 4907 696 4979 κανονιζόμενα
732 4907 827 4960 καὶ
849 4903 920 4958 τά
969 4903 1044 4975 μὴ
1074 4897 1487 4970 κανονιζόμενα,
1538 4894 1767 4952 τοιαῦτα

186 5004 273 5058 καὶ
307 4998 575 5057 τοσαῦτα.

250 5097 334 5150 Τὰ
379 5093 441 5148 δὲ
493 5092 597 5164 τῆς
636 5089 845 5161 Καινῆς
873 5087 1167 5160 Διαθήκης,
1204 5085 1364 5141 πάλιν
1398 5082 1680 5157 ὡρισμένα
1708 5098 1767 5136 τε

189 5190 275 5243 καὶ
309 5182 746 5255 κεκανονισμίνα
766 5180 967 5254 βιϐλία,
995 5178 1200 5235 ταῦτα·

250 5278 413 5335 Κατὰ
434 5275 739 5351 Ματθαῖον,
756 5268 816 5329 οὗ
837 5278 872 5346 ἡ
888 5274 1032 5346 ἀρχή
1055 5290 1069 5306 ·
1105 5290 1124 5323 ι
1150 5270 1341 5334 Βίϐλος
1360 5267 1628 5340 γενέσεως
1666 5267 1772 5337 ’1η-

191 5371 277 5426 σοῦ
316 5367 587 5443 Χριστοῦ,
624 5365 743 5420 υἱοῦ
792 5365 1063 5437 Ἁϐραάμ.
1108 5382 1127 5415 ι

256 5568 374 5640 (:12)
406 5565 471 5621 In
758 5560 1075 5640 Scriptum.
1101 5562 1279 5640 textu,
1321 5520 1771 5640 Ἰεζεκιζίιλ.ὲ1οέ

194 5621 465 5715 inﬁci-seco
511 5636 815 5715 Scriptura
858 5621 1009 5688 textu
1061 5628 1280 5702 legitur,
1331 5621 1578 5696 τετάρτῳ
1617 5621 1767 5692 μηνὶ,

197 5703 857 5853 άΐῶζέυἰέᾎνέὲῦίε,
890 5786 995 5827 nec
1035 5771 1091 5825 in
1125 5764 1337 5823 Latinis
1362 5760 1770 5889 exemplaribus

198 5850 476 5889 mnhnlin
514 5846 757 5889 Daniplig
795 5844 902 5889 iam
930 5842 1125 5889 incinit
1154 5854 1186 5889 a
1218 5834 1486 5889 Susanna:
1554 5839 1768 5889 istorta.

198 5834 479 5930 prophetia
513 5846 757 5902 Danielis
791 5834 902 5915 jam
930 5842 1125 5913 incipit
1154 5854 1187 5895 a
1218 5834 1486 5894 Susanna
1515 5834 1768 5898 historia,

1615 6062 1649 6093 \

1868 3262 2003 3321 mei,
2041 3260 2135 3315 ﬁlii
2169 3260 2365 3327 Kisaei,
2399 3277 2465 3315 ex
2499 3262 2650 3317 tribu
2682 3261 2986 3332 Benjamin.
3022 3279 3040 3311 ι

1935 3352 2121 3408 Judith
2146 3394 2160 3416 ,
2193 3353 2353 3422 cujus
2383 3355 2708 3425 principium
2734 3363 2820 3410 est
2849 3373 2863 3410 :
2890 3372 2908 3404 ι
2937 3354 3095 3407 Anno
3120 3351 3446 3407 duodecimo

1866 3444 2017 3513 regni
2050 3442 2577 3509 Nabuchodonosor,
2607 3445 2699 3515 qui
2733 3446 2786 3498 in
2820 3444 3042 3516 Assyria
3078 3442 3356 3513 regnavit,
3388 3444 3445 3499 in

1866 3535 2062 3590 Ninive
2110 3536 2333 3591 civitate
2383 3551 2618 3607 magna,
2648 3538 2703 3590 in
2746 3535 2940 3592 diebus
2986 3533 3313 3606 Arphaxad,
3348 3537 3448 3604 qui.

1868 3625 2145 3680 Medorum
2183 3641 2277 3679 rex
2311 3625 2414 3679 fuit
2450 3626 2505 3679 in
2542 3625 2855 3681 Ecbatanis.
2889 3644 2908 3676 ι

1938 3716 2132 3771 Tobit.
2167 3716 2327 3785 cujus
2370 3717 2657 3771 exordium
2699 3725 2826 3771 est:
2857 3735 2876 3766 ι
2914 3716 3076 3771 Liber
3126 3730 3442 3772 sermonum

1868 3803 2062 3869 Tobit,
2114 3806 2210 3860 ﬁlii
2255 3804 2482 3873 Tobiel,
2533 3805 2628 3860 ﬁlii
2657 3805 2923 3871 Ananiel,
2958 3806 3054 3860 lilii
3101 3805 3307 3875 Aduel,
3346 3806 3441 3862 lilii

1867 3883 2109 3963 Gabael,
2157 3916 2223 3955 ex
2273 3901 2481 3956 semine
2541 3900 2688 3953 Asicl
2752 3899 2819 3954 de
2863 3901 3006 3955 tribu
3054 3899 3443 3972 Neplitbaiim:

1867 3990 1959 4061 qui
1994 3990 2048 4043 in
2082 3990 2454 4059 captivitatem
2490 3989 2761 4045 adductus
2796 3988 2899 4045 fuit
2939 3990 2997 4045 in
3028 3991 3226 4046 diebus
3262 3989 3445 4046 Eune-

1867 4084 2067 4140 mesari
2101 4083 2243 4155 regis
2271 4082 2647 4153 Assyriorum.
2678 4100 2697 4134 ι

1937 4175 2040 4229 Τοι
2069 4186 2197 4229 ειιιιι
2232 4174 2355 4229 libri
2389 4171 2602 4229 Veteris
2626 4172 2991 4229 Tcslamenli.
3016 4189 3125 4229 non
3168 4175 3443 4230 canonici.

1867 4268 2100 4335 Quidam
2124 4281 2253 4322 vero
2272 4283 2336 4321 ex
2363 4267 2637 4321 veteribus
2661 4305 2675 4327 ,
2701 4266 2841 4336 apud
2866 4264 3122 4322 Hebraeos
3151 4282 3250 4337 pro
3278 4281 3445 4322 cano-

1867 4360 2008 4415 nicis
2050 4358 2286 4425 reputari
2332 4357 2624 4424 dixerunt,
2665 4355 2866 4410 librum
2914 4355 3151 4421 Esther;
3186 4364 3240 4411 et
3273 4356 3446 4412 histon

1868 4453 2004 4507 riam
2036 4450 2181 4506 Ruth
2224 4465 2348 4504 cum
2389 4449 2637 4504 historiis
2689 4446 2944 4502 Iudicum
2976 4463 3085 4502 uno
3115 4447 3255 4503 libro
3287 4464 3443 4503 corn-

1797 4556 1844 4615 ο
1868 4542 2133 4616 prehendi
2162 4549 2217 4597 et
2243 4541 2592 4596 annumerari
2622 4560 2634 4593 :
2666 4538 2862 4595 Esther
2879 4555 3012 4595 vero
3036 4555 3136 4610 pro
3162 4540 3271 4595 alio
3303 4540 3448 4595 libro

1870 4633 2177 4705 computari
2210 4651 2224 4687 :
2264 4640 2427 4703 atque
2461 4632 2534 4687 ita
2564 4647 2759 4686 rursus
2796 4646 3083 4685 numerum
3108 4630 3301 4702 viginti
3336 4630 3447 4686 duo

1867 4727 2259 4781 eanonieorum
2283 4725 2546 4778 libroruin
2566 4762 2583 4788 ,
2617 4722 2761 4793 apud
2790 4722 2912 4777 illos
2940 4721 3200 4791 compleri
3231 4722 3441 4777 volunt.

1940 4818 1993 4872 5.
2030 4816 2095 4871 Ει
2120 4826 2199 4871 tot
2226 4814 2445 4886 quidem
2479 4822 2607 4871 sunt
2640 4822 2693 4869 et
2721 4810 2994 4883 ejusmodi
3034 4826 3157 4865 cum
3194 4812 3247 4865 in
3276 4825 3447 4865 cano-

1870 4922 1973 4973 ne,
2000 4915 2115 4961 tum
2144 4913 2297 4962 extra
2323 4920 2590 4961 canonem
2609 4943 2624 4968 ,
2650 4902 2864 4959 Veteris
2893 4901 3228 4957 Testamenti
3260 4901 3405 4956 libri.

1940 5085 2077 5142 Novi
2104 5101 2231 5142 vero
2249 5125 2267 5152 ,
2293 5084 2640 5141 determinati
2665 5090 2720 5140 et
2737 5081 2988 5139 canonici
3018 5086 3147 5137 sunt
3175 5078 3302 5135 isti:

1942 5245 2255 5304 Secundum
2287 5243 2629 5309 Matthaeum,
2660 5241 2821 5312 cujus
2849 5238 3065 5295 initium
3091 5245 3177 5294 est
3201 5257 3215 5294 :
3240 5256 3259 5292 ι
3280 5236 3448 5292 Liber

1871 5340 2244 5413 generationis
2274 5336 2407 5395 Iesu
2431 5336 2672 5402 Christi,
2702 5336 2800 5390 ﬁlii
2828 5331 3128 5389 Abraham.
3161 5349 3182 5385 ι

1873 5542 1928 5581 ιιι
1952 5522 2141 5593 Graeco
2176 5519 2377 5593 Script,
2403 5518 2516 5593 jam
2541 5518 2781 5593 legitur_,_
2797 5515 3074 5593 ξιοισάννα.

1942 5594 2053 5667 (74)
2077 5591 2203 5648 Haec
2230 5579 2338 5667 no'n
2362 5579 2634 5646 habentur
2658 5590 2716 5667 in
2733 5579 3004 5667 ilebraico
3030 5590 3203 5642 textu.
3231 5579 3290 5638 In
3318 5579 3448 5635 Vul-

1873 5658 2511 5739 gatajutemjeguntur,
2541 5673 2665 5739 cap.
2691 5658 2779 5739 Η.

1916 5718 2157 5809 Γ(ἧῦγΙιι
2200 5718 2390 5790 Graeco
2435 5718 2733 5803 Scriptura
2769 5733 2920 5786 textu
2972 5724 3187 5798 legitur,
3235 5718 3445 5793 ’Δσιήλ.
