4008 6404
531 273 628 330 εει

1750 268 1807 325 S.
1846 268 2307 326 ATHANASlUS.
2349 301 2419 312 -υ
2457 269 2685 327 DUBIA.

3652 238 3766 323 ειη

606 387 916 445 Secundum
945 386 1186 442 Marcum
1207 428 1222 452 ,
1257 384 1416 455 cujus
1445 384 1656 439 initium
1684 400 1767 440 est
1791 404 1803 439 :
1838 405 1857 437 ι
1886 384 2098 439 Princi-

2270 386 2424 440 Κατά
2447 378 2774 457 Μάρκον,οῦ
2791 387 2824 457 ή
2841 387 2984 458 ἀρχή
3007 403 3020 416 ’
3062 404 3080 437 ι
3131 385 3296 457 Ἀρχὴ
3321 383 3415 438 τοῦ
3438 384 3766 453 Εύαγγελίου

533 483 682 552 pium
717 481 985 553 Evangelii
1011 479 1137 535 Jesu
1167 478 1399 540 Christi,
1437 475 1555 531 Filii
1596 477 1691 532 Dei
1735 479 1918 534 :sicut
1959 478 2095 539 scri-

534 584 687 645 ptum
725 582 809 631 est
852 576 907 630 in
939 573 1073 628 Isaia
1121 570 1380 642 pr0pheta
1420 588 1434 624 :
1470 569 1607 626 Ecce
1641 586 1742 640 ego
1787 572 1943 624 mitto
1993 585 2094 623 an—

534 759 677 812 viam
707 765 874 811 tuam.
910 774 930 807 ι

609 847 915 905 Secundum
940 845 1163 911 Lucam,
1200 845 1360 916 cujus
1392 845 1604 900 initium
1638 853 1758 901 est:
1789 863 1807 896 ι
1829 844 2099 912 Quoniam

535 938 691 991 multi
724 938 906 992 conati
936 943 1064 992 sunt
1093 943 1387 992 contexere
1417 935 1784 990 narrationem
1815 935 1883 990 de
1912 936 1979 990 iis
2012 950 2105 991 re-

535 1032 676 1095 bus,
707 1045 829 1100 qua:
855 1030 1177 1085 certissima:
1210 1035 1340 1084 sunt
1371 1028 1511 1083 inter
1542 1043 1645 1085 nos
1675 1027 1819 1083 fidei.
1852 1047 1871 1079 ι

606 1123 917 1178 Secundum
947 1120 1211 1177 Joannem
1233 1162 1249 1187 ,
1277 1122 1437 1191 cujus
1470 1123 1798 1192 principium
1830 1129 1914 1179 est
1941 1141 1955 1178 :
1988 1140 2008 1174 ι
2043 1122 2099 1177 In

532 1214 802 1284 principio
831 1223 947 1269 erat
970 1211 1233 1276 Verbum,
1262 1223 1317 1268 et
1336 1213 1570 1267 Verbum
1593 1221 1712 1268 erat
1739 1214 1881 1284 apud
1911 1212 2099 1279 Deum,

533 1315 587 1359 et
618 1304 760 1361 Deus
787 1315 904 1359 erat
936 1304 1196 1360 Verbum.
1228 1302 1345 1358 Hoc
1377 1311 1496 1358 erat
1544 1304 1599 1357 in
1644 1304 1914 1374 principio
1959 1302 2101 1373 apud

531 1396 727 1451 Deum.
790 1395 985 1451 Omnia
1016 1412 1111 1466 per
1143 1397 1323 1466 ipsum
1357 1395 1500 1451 facta
1532 1403 1691 1461 sunt,
1725 1406 1777 1450 et
1819 1397 1938 1451 sine
1981 1396 2102 1466 ipso

533 1489 738 1543 factum
771 1499 854 1543 est
884 1488 1021 1542 nihil
1050 1488 1195 1559 quod
1227 1488 1432 1542 factum
1461 1494 1566 1542 est.
1607 1506 1626 1540 ι

601 1580 713 1650 99
743 1580 876 1634 Acta
910 1581 1278 1649 apostolorum
1298 1618 1314 1643 ,
1344 1594 1579 1648 quorum
1622 1577 1946 1649 principium
1980 1586 2098 1635 est:

2195 478 2369 548 Ἰησοῦ
2428 478 2700 551 Χριστοῦ,
2742 478 2873 532 Υἱοῦ
2909 477 3003 531 τοῦ
3051 477 3219 531 Θεοῦ·
3258 475 3437 540 καθὼς
3466 476 3768 546 γέγραπται

2195 577 2252 627 ἐν
2272 573 2348 644 τῷ
2374 573 2569 644 Ἡσαΐᾳ
2608 575 2685 644 τῷ
2723 575 3003 646 προφήτῃ·
3036 571 3170 625 Ἰδοὺ
3208 569 3318 638 ἐγὼ
3345 567 3657 623 ἀποστέλλω
3685 567 3769 624 τὸν

433 723 437 727 ,
536 666 716 737 gelum
759 678 937 718 meum
984 668 1109 716 ante
1161 659 1353 714 faciem
1395 666 1589 724 tuam,
1638 659 1730 730 qui
1772 659 2096 730 praeparabit

2221 664 2420 733 ίγγελόν
2446 681 2545 735 μου
2575 664 2680 735 πρὸ
2705 661 2996 736 προσώπου
3028 678 3144 726 σου,
3168 659 3226 724 ὃς
3251 657 3648 713 κατασκευάσει
3677 656 3770 728 τὴν

2196 756 2312 810 ὀδόν
2345 772 2458 809 σου.
2509 775 2527 807 ι

2267 846 2423 901 Κατὰ
2472 847 2705 908 Λουκᾶν,
2761 837 2822 898 οῦ
2876 847 2909 916 ή
2961 844 3140 916 ἀρχή·
3177 862 3195 894 ι
3228 840 3560 912 Ἐπειδήπερ
3591 838 3773 892 πολλοὶ

2199 938 2559 1009 ἐπεχείρησαν
2587 936 2951 1004 ἀνατάξασθαι
2985 935 3236 1005 διήγησιν
3264 934 3397 1005 περὶ
3419 931 3528 986 τῶν
3567 929 3772 997 πεπλη-

2204 1049 2404 1104 ροςρορη
2414 1032 2588 1102 μένων
2612 1030 2669 1083 ὲν
2694 1032 2829 1101 ὴμοῖν
2863 1028 3223 1110 πραγμάτων.
3257 1045 3276 1078 ι

2269 1123 2425 1177 Κατά
2457 1123 2728 1193 Ἰωάννην,
2777 1116 2838 1176 οῦ
2889 1124 2923 1193 ή
2956 1121 3134 1192 ἀρχή·
3178 1139 3196 1171 ι
3233 1120 3322 1172 Ἐν
3369 1118 3510 1190 ἀρχῇ
3530 1111 3599 1187 ἦν
3631 1117 3660 1168 ὁ
3683 1115 3775 1169 Λόι

2200 1231 2314 1284 γος,
2343 1215 2435 1268 καὶ
2457 1214 2486 1266 ὁ
2510 1215 2679 1282 Λόγος
2702 1208 2770 1285 ἦν
2796 1212 2933 1283 πρὸς
2955 1212 3044 1265 τὸν
3072 1212 3224 1276 Θεὸν,
3246 1211 3344 1264 καὶ
3374 1211 3507 1273 Θεὸς
3539 1206 3607 1280 ἦν
3631 1210 3661 1261 ὁ
3685 1208 3773 1261 Λό-

2201 1321 2315 1374 γος.
2337 1298 2503 1369 Οὗτος
2519 1300 2586 1375 ἦν
2606 1307 2661 1358 ὲν
2681 1304 2823 1376 ἀρχῇ
2852 1303 2987 1374 πρὸς
3010 1303 3102 1355 τὸν
3125 1302 3277 1355 Θεόν.
3316 1302 3501 1355 Πάντα
3526 1300 3588 1354 δι¹
3611 1298 3772 1353 αὑτοῦ

2202 1395 2445 1463 ἐγένετο,
2467 1394 2562 1447 καὶ
2584 1394 2753 1465 χωρὶς
2776 1392 2940 1447 αὐτοῦ
2963 1394 3176 1461 ἐγένετο
3215 1391 3387 1457 οὐδὲν,
3415 1391 3445 1446 ὃ
3471 1392 3715 1460 γέγονεν.
3751 1409 3768 1441 ι

2272 1582 2507 1655 Πράξεις
2568 1580 2677 1634 τῶν
2722 1579 3059 1645 ἀποστόλων,
3091 1572 3151 1632 οῦ
3189 1578 3225 1648 ή
3274 1576 3434 1649 ἀρχή·
3479 1592 3498 1627 ι
3534 1575 3638 1628 Τὸν
3680 1575 3772 1645 μὲν

538 1688 557 1719 ι
589 1668 831 1724 Primum
858 1668 1076 1739 quidem
1120 1683 1427 1723 sermonem
1484 1666 1584 1722 feci
1616 1668 1684 1721 de
1714 1667 1970 1722 omnibus
1995 1706 2011 1731 ,
2069 1679 2104 1719 ο

2221 1674 2420 1746 πρῶτον
2450 1674 2608 1742 λόγον
2632 1672 2974 1742 ἐποιησάμην
3007 1670 3135 1741 περὶ
3168 1669 3404 1731 πάντων,
3438 1661 3484 1721 ὧ
3529 1666 3771 1736 Θεόφιλε,

533 1759 853 1831 Theophile,
889 1776 1010 1828 quae
1034 1762 1199 1831 carpit
1226 1758 1387 1814 Jesus
1418 1758 1599 1814 facere
1628 1768 1681 1814 et
1712 1758 1930 1815 docere.
1970 1777 1989 1810 ι

603 1851 895 1907 Catholicae
920 1851 1176 1922 Epistula:
1199 1851 1541 1906 diversorum
1568 1852 1961 1922 apostolorum,
1983 1865 2103 1905 om-

532 1960 631 1999 nes
662 1960 889 1999 numero
935 1953 1174 2015 septem,
1229 1960 1338 1999 uno
1365 1945 1775 2014 comprehensa:
1807 1944 2102 1998 volumine.

600 2034 787 2091 Jacobi
805 2051 910 2090 una
929 2037 1086 2105 cujus
1104 2036 1429 2107 principium
1460 2045 1581 2091 est:
1607 2054 1625 2086 ι
1649 2033 1886 2090 Jacobus
1917 2034 2010 2090 Dei
2040 2049 2105 2090 ac

534 2125 748 2179 Domini
782 2126 954 2180 nostri
979 2125 1109 2181 Jesu
1142 2125 1343 2181 Christi
1376 2141 1590 2190 servus,
1614 2125 1900 2181 duodecim
1928 2125 2103 2180 tribu-

532 2211 636 2266 bus
665 2228 785 2281 quae
817 2219 946 2267 sunt
969 2212 1022 2266 in
1057 2213 1420 2283 dispersione,
1447 2214 1701 2269 salutem.
1732 2234 1752 2265 ι

608 2301 751 2358 Petri
778 2302 918 2365 duae,
939 2311 993 2358 et
1010 2305 1210 2374 prioris
1225 2305 1443 2377 quidem
1472 2305 1687 2361 initium
1704 2314 1788 2362 est
1812 2324 1825 2360 :
1856 2324 1875 2357 ι
1911 2303 2106 2360 Petrus

532 2396 813 2466 apostolus
838 2394 969 2452 Jesu
999 2397 1226 2461 Christi,
1256 2398 1445 2453 electis
1488 2400 1713 2455 advenis
1748 2398 2108 2469 dispersionis

530 2482 715 2548 Ponti,
744 2484 986 2548 Galatiae,
1019 2484 1394 2556 Cappadocia},
1428 2486 1573 2541 Asiae
1604 2495 1659 2541 et
1696 2485 1982 2557 Bithynia},
2022 2499 2109 2540 se-

534 2578 774 2631 cundum
804 2577 1200 2646 praescientiam
1222 2575 1313 2631 Dei
1326 2576 1525 2641 Patris,
1546 2577 1598 2631 in
1625 2576 2109 2631 sanctiﬁcationem

537 2666 798 2735 Spiritus,
840 2666 895 2719 in
936 2666 1298 2720 obedientiam
1331 2673 1385 2720 et
1423 2668 1792 2737 aspersionem
1827 2665 2109 2737 sanguinis

531 2756 660 2811 Jesu
694 2756 928 2822 Christi,
972 2756 1143 2826 gratia
1179 2756 1333 2810 vobis
1361 2762 1415 2810 et
1451 2772 1553 2826 pax
1582 2756 1997 2826 multiplicetur.
2036 2774 2056 2808 ι

603 2849 928 2904 Posterioris
979 2863 1111 2902 vero
1163 2847 1379 2901 initium
1413 2864 1430 2904 :
1470 2865 1489 2896 ι
1547 2844 1768 2902 Simeon
1813 2846 2008 2903 Petrus
2055 2855 2111 2902 et

533 2942 812 3010 apostolus
840 2939 967 2995 Jesu
1018 2939 1258 3005 Christi,
1307 2938 1394 2993 his
1439 2939 1530 3008 qui
1564 2940 1895 3010 corequalem
1950 2938 2118 2995 ﬁdem

534 3030 822 3083 nobiscum
843 3028 1025 3083 sortiti
1055 3036 1204 3092 sunt,
1231 3028 1287 3082 in
1312 3028 1526 3098 justitia
1549 3027 1763 3085 Domini
1789 3028 1963 3085 nostri
1977 3026 2106 3084 Jesu

531 3119 756 3175 Christi.
794 3138 815 3171 ι

602 3231 828 3287 Joannis
883 3240 994 3286 tres
1025 3271 1040 3295 ,
1093 3238 1148 3287 et
1196 3231 1382 3301 prima:
1435 3229 1655 3302 quidem
1714 3231 1928 3286 initium
1966 3240 2101 3287 est:

540 3344 558 3375 ι
595 3322 750 3389 Quod
781 3332 898 3378 erat
929 3324 997 3378 ab
1028 3323 1203 3384 initio,
1237 3322 1382 3393 quod
1414 3323 1744 3386 audivimus,
1777 3322 1923 3392 quod
1966 3322 2105 3377 vidi-

533 3432 658 3471 mus
688 3417 861 3472 oculis
910 3416 1137 3480 nostris,
1170 3423 1223 3471 et
1255 3431 1451 3471 manus
1478 3423 1677 3471 nostra:
1728 3423 2105 3471 contrectave-

536 3518 698 3572 runt,
725 3508 792 3563 de
820 3509 985 3563 verbo
1008 3508 1146 3564 vitae.
1195 3527 1214 3560 ι

609 3601 873 3658 Secunda:
898 3617 1028 3657 vero
1051 3601 1265 3656 initium
1298 3619 1311 3656 :
1348 3618 1367 3651 ι
1407 3596 1603 3654 Senior
1622 3597 1820 3654 Electa;
1849 3598 2105 3665 dominae,

535 3705 591 3752 et
619 3697 744 3753 ﬁliis
775 3696 967 3769 ipsius,
994 3710 1135 3765 quos
1156 3709 1259 3766 ego
1286 3693 1453 3765 diligo
1481 3693 1536 3747 in
1572 3692 1816 3749 veritate.
1850 3713 1869 3745 ι

606 3872 805 3929 Tertia:
846 3871 1130 3928 exordium
1162 3888 1176 3926 :
1211 3889 1231 3924 ι
1267 3868 1463 3925 Senior
1494 3867 1629 3925 Gaio
1656 3869 1855 3925 dilecto
1879 3910 1893 3934 ,
1946 3886 2106 3941 quem

535 3980 636 4037 ego
665 3964 832 4035 diligo
861 3965 915 4017 in
943 3965 1191 4025 veritate.
1230 3981 1251 4015 ι

606 4056 760 4111 Juda:
782 4070 909 4118 una,
940 4055 1098 4124 cujus
1130 4054 1342 4109 initium
1372 4061 1457 4109 est
1482 4072 1497 4108 :
1539 4071 1559 4105 ι
1597 4051 1768 4110 Judas
1794 4052 1922 4110 Jesu
1946 4053 2110 4109 Chri~

540 4150 610 4207 sti
640 4165 863 4213 servus,
915 4148 1082 4203 frater
1121 4163 1251 4203 vero
1279 4146 1496 4215 Jacobi,
1532 4148 1745 4213 dilectis
1774 4149 1829 4203 in
1857 4149 1969 4204 Deo
2004 4147 2112 4202 Pa-

541 4249 645 4302 tre,
682 4247 737 4295 et
772 4236 902 4294 Jesu
932 4239 1150 4294 Christo
1182 4240 1435 4307 servatis,
1462 4241 1684 4295 vocatis.
1726 4260 1746 4293 ι

610 4331 766 4387 Pauli
800 4331 1034 4403 apostoli
1089 4332 1332 4401 epistola:
1362 4333 1775 4402 quatuordecim
1798 4373 1813 4399 ,
1848 4332 1904 4388 in
1939 4348 2109 4388 unum

542 4428 795 4483 volumen
827 4432 1173 4482 enumeratm.

611 4518 813 4585 Prima,
842 4518 909 4573 ad
931 4516 1227 4584 Romanos,
1251 4518 1410 4588 cujus
1432 4518 1760 4589 principium
1782 4528 1866 4575 est
1889 4537 1903 4574 :
1939 4519 2114 4573 «Pau-

543 4612 629 4667 lus
659 4626 851 4667 servus
880 4609 1008 4667 Jesu
1038 4610 1267 4677 Christi,
1298 4620 1525 4667 vocatus
1561 4612 1876 4682 Apostolus,
1926 4628 2115 4685 segre-

543 4713 700 4776 gatus
728 4704 782 4758 in
818 4703 1167 4774 Evangelium
1202 4704 1318 4759 Dei.
1357 4723 1376 4756 ι

609 4798 693 4853 Ad
723 4799 1035 4854 Corinthios
1061 4799 1203 4864 duae,
1243 4799 1432 4869 prima:
1475 4800 1689 4855 initium
1735 4804 1819 4854 est
1852 4818 1864 4852 :
1908 4818 1926 4850 ι
1972 4796 2113 4851 Pau-

541 4888 628 4944 lus
656 4896 882 4944 vocatus
910 4888 1204 4959 Apostolus
1234 4887 1364 4945 Jesu
1398 4888 1626 4954 Christi,
1658 4904 1755 4960 per
1779 4889 2113 4944 voluntatem

543 4980 679 5048 Dei,
721 4990 775 5037 et
826 4981 1123 5038 Sosthenes
1174 4980 1364 5045 frater,
1395 4980 1655 5038 Ecclesiae
1684 4980 1809 5046 Dei,
1865 4996 1987 5052 quae
2031 4988 2115 5037 est

541 5075 808 5130 Corinthi.
842 5095 861 5127 ι

614 5164 878 5222 Secundae
923 5166 1252 5237 principium
1300 5173 1387 5221 est
1431 5183 1446 5219 :
1512 5184 1532 5217 σ
1580 5162 1782 5219 Paulus
1834 5164 2113 5234 apostolus

541 5255 668 5311 Jesu
698 5254 921 5319 Christi,
953 5273 1050 5326 per
1073 5258 1405 5312 voluntatem
1437 5255 1551 5320 Dei,
1571 5264 1625 5310 et
1647 5254 1969 5316 Timotheus
2000 5257 2117 5313 fra-

544 5354 646 5407 ter,
678 5346 934 5403 Ecclesiae
965 5346 1078 5411 Dei,
1110 5362 1230 5417 qua:
1259 5360 1342 5403 εει
1365 5346 1635 5402 Corinthi.
1681 5368 1700 5400 ι

615 5438 819 5503 Quarta
852 5478 867 5502 ,
941 5438 1007 5491 ad
1072 5435 1333 5502 Galatas,
1397 5438 1557 5508 cujus
1618 5439 1945 5512 principium
1991 5451 2114 5497 est:

550 5550 568 5581 ι
601 5529 801 5585 Paulus
829 5528 1110 5600 apostolus
1141 5543 1250 5583 non
1289 5529 1356 5584 ab
1405 5530 1719 5590 hominibus
1746 5572 1761 5599 ,
1794 5548 1971 5604 neque
2020 5547 2117 5603 per

617 5727 727 5813 (76)
754 5725 936 5789 Forte,
970 5716 1046 5778 ὧν
1075 5723 1289 5797 πρώτη,

2133 1742 2175 1798 Β
2204 1742 2280 1822 ὧν
2309 1766 2553 1838 ἤρξατοὸ
2589 1763 2793 1835 Ἰησοῦς
2824 1765 2996 1816 ποιεῖν
3019 1780 3079 1815 τε
3109 1762 3202 1815 καὶ
3222 1761 3514 1815 διδάσκειν.
3542 1778 3562 1811 ι

2274 1857 2575 1913 Καθολικαὶ
2591 1855 2901 1910 Ἐπιστολαὶ
2932 1855 3200 1926 διαφόρων
3229 1853 3565 1917 ἀποστόλων,
3594 1852 3652 1905 αἱ
3677 1852 3774 1905 πᾶ-

2206 1966 2297 2005 σαι
2329 1950 2488 2014 έπτά,
2522 1951 2602 2012 είς
2633 1948 2691 2001 ἒν
2716 1947 3113 2020 ἀριθμούμεναι
3139 1945 3362 2017 βιϐλίον.

2288 2042 2543 2098 Ἰακώϐου
2605 2042 2737 2113 μία,
2776 2037 2844 2113 ἧς
2888 2042 2922 2111 ή
2953 2040 3127 2111 ἀρχή·
3165 2057 3184 2090 ι
3207 2037 3462 2102 Ἰάκωϐος
3500 2036 3637 2090 Θεοῦ
3688 2033 3778 2089 καὶ⁵

2203 2133 2410 2206 Κυρίου
2444 2132 2615 2204 Ἰησοῦ
2660 2132 2896 2203 Χριστοῦ
2941 2131 3142 2195 δοῦλος,
3175 2134 3293 2195 ταῖς
3346 2129 3555 2183 δώδεκα
3589 2128 3778 2198 φυλαῖς

2203 2227 2325 2287 ταῖς
2347 2226 2403 2278 έν
2427 2226 2493 2295 τῇ
2520 2224 2806 2293 διασπορᾷ,
2838 2221 3101 2293 χαίρειν.»

2277 2320 2486 2391 Πέτρου
2508 2318 2621 2372 δύο’
2649 2319 2742 2371 καὶ⁵
2769 2318 2867 2387 τῆς
2902 2316 3000 2387 μὲν
3027 2314 3297 2386 πρώτηςή
3329 2315 3492 2385 ἀρχήο
3522 2331 3541 2364 ι
3579 2312 3778 2384 Πέτρος

2205 2411 2499 2474 ἀπόστολος
2535 2409 2709 2479 Ἰησοῦ
2758 2409 3013 2481 Χριστοῦ,
3064 2407 3337 2469 ἐκλεκτοῖς
3385 2406 3781 2476 παρεπιδήμοις

2206 2503 2505 2574 διασπορᾶς
2534 2501 2761 2565 Πόντου,
2792 2500 3078 2563 Γαλατίας,
3118 2498 3534 2560 Καππαδοκίας,
3580 2496 3782 2559 Ἀσίας,

2208 2594 2303 2649 καὶ
2318 2593 2587 2658 Βιθυνίας,
2614 2593 2754 2646 κατά
2784 2593 3091 2665 πρόγνωσιν
3117 2591 3250 2644 Θεοῦ
3287 2590 3519 2662 Πατρὸς,
3543 2591 3604 2642 ἐν
3628 2590 3783 2657 ἀγια·

2210 2688 2333 2762 σμῷ
2360 2687 2692 2760 Πνεύματος,
2722 2689 2801 2750 είς
2828 2686 3069 2756 ὑπακοὴν
3098 2686 3190 2739 καὶ
3245 2684 3534 2757 ῥαντισμὸν
3560 2682 3785 2753 αἵματος

2222 2781 2393 2853 Ἰησοῦ
2412 2780 2668 2852 Χριστοῦ,
2696 2780 2854 2852 χάρις
2874 2780 3006 2850 ὑμῖν
3035 2779 3128 2832 καὶ
3158 2779 3345 2849 εἰρήνη
3376 2773 3730 2846 πληθυνθείη.
3762 2791 3781 2823 ι

2281 2872 2394 2943 Τῆς
2421 2870 2479 2925 δὲ
2504 2872 2761 2943 δευτέρας
2783 2873 2817 2942 ἡ
2839 2870 2980 2942 ἀρχή
3001 2888 3014 2900 ·
3031 2890 3048 2921 ι
3073 2870 3301 2941 Συμεὼν
3320 2868 3525 2940 Πέτρος
3543 2868 3636 2921 καὶ
3653 2865 3782 2920 ἀπό-

2213 2965 2397 3029 στολος
2422 2964 2595 3037 Ἰησοῦ
2622 2963 2859 3034 Χριστοῦ
2877 2966 2987 3026 τοῖς
3019 2962 3259 3032 ἰσότιμον
3288 2963 3420 3032 ήμῖν
3447 2960 3671 3031 λαχοῦσι
3702 2959 3786 3011 πί-

2133 3089 2180 3153 c
2217 3073 2332 3110 στιν
2394 3058 2451 3110 ἐν
2509 3055 2821 3127 δικαιοσύνῃ
2877 3054 2971 3107 τοῦ
2994 3053 3200 3126 Κυρίου
3221 3052 3377 3125 ἡμῶν
3441 3051 3616 3123 Ἰησοῦ
3655 3052 3783 3122 Χρι-

2212 3164 2359 3201 στου.
2408 3165 2427 3198 ι

2295 3239 2540 3293 Ἰωάννου
2568 3241 2716 3311 τρεῖς
2738 3253 2753 3267 ⁸
2773 3238 2868 3293 καὶ
2891 3238 2992 3309 τῆς
3022 3238 3120 3309 μὲν
3150 3236 3374 3310 πρώτης
3405 3239 3439 3308 ἡ
3473 3237 3618 3310 ἀρχή
3645 3255 3659 3269 ο
3683 3254 3701 3286 ι
3727 3236 3788 3288 Ὃ

2210 3328 2281 3405 ἦν
2310 3334 2403 3388 ἀπ’
2426 3334 2619 3406 ἀρχῆς,
2646 3331 3027 3403 ὃάκηκόαμεν,
3045 3331 3073 3384 ὃ
3100 3331 3424 3402 ἑωράκαμεν
3452 3332 3566 3392 τοῖς
3593 3328 3788 3398 ὀφθαλ-

2216 3429 2339 3499 μοῖς
2369 3426 2547 3497 ἡμῶν,
2578 3427 2673 3479 καὶ
2718 3426 2776 3477 αἱ
2822 3427 3005 3495 χεῖρες
3040 3422 3196 3495 ήμῶν
3243 3422 3631 3492 ἐψηλάφησαν,
3664 3422 3787 3492 περὶ

2213 3516 2308 3570 τοῦ
2340 3517 2498 3585 λόγου
2527 3517 2625 3588 τῆς
2658 3515 2823 3588 ζωῆς.
2872 3536 2889 3568 ι

2284 3610 2396 3680 Τῆς
2427 3608 2484 3662 δὲ
2509 3608 2765 3680 δευτέρας
2792 3608 2825 3662 ἡ
2869 3608 3046 3679 ἀρχή·
3077 3626 3096 3658 ι
3138 3606 3194 3659 '0
3228 3605 3597 3677 πρεσϐύτερος
3646 3605 3791 3659 ἐκλε-

2158 3760 2163 3765 ,
2212 3703 2317 3772 κτῇ
2358 3700 2523 3771 κυρίᾳ
2548 3699 2644 3753 καὶ
2674 3702 2786 3763 τοῖς
2813 3698 3026 3762 τέκνοις
3065 3698 3258 3768 αὐτῆς,
3308 3697 3401 3762 οὓς
3435 3695 3549 3767 ὲγὼ
3591 3696 3789 3766 ἀγαπῶ

2215 3795 2274 3847 ὲν
2309 3792 2555 3863 ἀληθείᾳ.
2587 3810 2605 3843 ι

2287 3886 2400 3955 Τῆς
2426 3884 2483 3937 δὲ
2525 3882 2715 3955 τρίτης
2745 3884 2779 3955 ή
2806 3883 2981 3954 ἀρχή·
3018 3901 3036 3934 ι
3061 3883 3116 3936 '0
3150 3880 3518 3954 πρεσϐύτερος
3547 3883 3695 3955 Γαΐῳ
3719 3883 3791 3954 τῷ

2216 3969 2504 4041 ἀγαπητῷ,
2536 3970 2594 4022 ὃν
2625 3968 2735 4038 ἐγὼ
2760 3968 2959 4039 ἀγαπῶ
2988 3971 3046 4023 ὲν
3068 3969 3314 4042 ἀληθείᾳ.
3344 3990 3363 4021 ι

2298 4060 2469 4115 Ἰούδα
2498 4061 2615 4131 μία,
2650 4055 2719 4132 ἦς
2753 4063 2788 4132 ἠ
2837 4062 3011 4134 ἀρχήο
3050 4080 3067 4113 ι
3092 4060 3289 4125 Ἰούδας
3338 4060 3513 4133 Ἰησοῦ
3556 4062 3791 4133 Χριστοῦ

2216 4154 2421 4219 δοῦλος,
2447 4154 2674 4223 ἀδελφὸς
2694 4154 2753 4208 δὲ
2790 4154 3044 4207 Ἰακώϐου
3063 4194 3078 4218 ,
3109 4156 3221 4218 τοῖς
3241 4156 3300 4207 ὲν
3321 4153 3440 4225 Θεῷ
3463 4144 3642 4227 Πῖττρὶ
3663 4157 3793 4226 ἠγα-

2217 4243 2502 4314 πημὲνοις,
2523 4243 2618 4296 καὶ
2651 4241 2824 4311 Ἰηοοῦ
2849 4240 3071 4313 Χριστῷ
3099 4242 3489 4313 τετηρημένοις
3516 4243 3787 4316 κλητοῖς.»

2288 4334 2500 4388 Παύλου
2532 4333 2828 4395 ἀποστόλου
2868 4334 3149 4388 ἐπιστολαὶ
3193 4334 3274 4398 ιδ’,
3322 4336 3402 4398 είς
3432 4335 3491 4389 ἒν
3530 4336 3791 4408 ἀριθμού-

2141 4448 2189 4508 D
2221 4443 2380 4497 μεναι
2411 4427 2633 4497 βιϐλίον.

2226 4552 2229 4557 ν
2288 4517 2398 4590 (76)
2443 4519 2530 4572 Ἐν
2577 4517 2788 4593 πρώτῃ,
2834 4519 2867 4589 ή
2907 4518 3045 4590 πρὸς
3070 4518 3392 4589 Ῥωμαίους,
3442 4514 3513 4592 ἦς
3550 4522 3584 4593 ή
3619 4523 3788 4594 ἀρχή·

2222 4628 2241 4661 ι
2268 4609 2479 4674 Παῦλος
2509 4610 2693 4674 δοῦλος
2734 4609 2909 4681 Ἰησοῦ
2939 4609 3200 4682 Χριστοῦ,
3240 4610 3436 4680 κλητὸς
3452 4611 3790 4677 ’Δπόστολος,

2213 4701 2595 4773 ἀφωρισμένος
2620 4704 2699 4765 είς
2715 4702 3045 4770 Εὐαγγέλιον
3069 4701 3224 4756 Θεοῦ.

2285 4797 2431 4869 Πρὸς
2462 4797 2782 4867 Κορινθίους
2804 4795 2897 4850 δύο
2917 4813 2930 4827 ·
2964 4797 3059 4850 καὶ
3101 4798 3201 4868 τῆς
3241 4798 3340 4868 μὲν
3373 4796 3600 4868 πρώτης
3639 4797 3673 4867 ή
3700 4797 3795 4867 ἀρ-

2216 4888 2284 4959 χή
2305 4905 2319 4918 ⁹
2352 4907 2371 4941 ί
2401 4887 2611 4952 Παῦλος
2633 4886 2828 4960 κλητὸς
2860 4887 3178 4953 Ἀπόστολος
3223 4888 3392 4959 Ἰησοῦ
3427 4889 3669 4961 Χριστοῦ
3710 4887 3795 4941 διὰ

2217 4979 2522 5050 θελήματος
2566 4979 2721 5045 Θεοῦ,
2750 4980 2844 5032 καὶ
2888 4979 3171 5051 Σωσθένης
3215 4981 3243 5032 ὁ
3274 4979 3522 5049 ἀδελφὸς,
3562 4982 3631 5051 τῇ
3675 4981 3794 5033 Ἐκ-

2217 5072 2416 5144 κλησία
2446 5072 2541 5124 τοῦ
2571 5070 2707 5125 Θεοῦ
2743 5074 2809 5143 τῇ
2841 5070 2977 5145 οὔσῃ
2999 5073 3056 5125 ἐν
3085 5070 3351 5143 Κορίνθῳ.
3380 5091 3398 5122 ι

2289 5165 2401 5236 Τῆς
2425 5164 2483 5218 δὲ
2503 5163 2761 5235 δευτέρας
2792 5165 2826 5234 ή
2861 5163 3004 5234 ἀρχή
3027 5179 3041 5192 ·
3079 5181 3097 5213 ι
3124 5161 3336 5225 Παῦλος
3368 5161 3667 5226 ἀπόστολος
3693 5162 3793 5229 Ἰη-

2220 5257 2313 5311 σοῦ
2368 5255 2605 5329 Χριστοῦ
2635 5255 2724 5310 διά
2777 5255 3080 5327 θελήματος
3123 5253 3281 5320 Θεοῦ,
3331 5254 3427 5307 καὶ
3474 5254 3738 5323 Τιμόθεος
3766 5253 3794 5304 ὀ

2217 5348 2463 5419 ἀδελφὸς,
2485 5350 2552 5420 τῇ
2579 5348 2872 5420 Ἐκκλησία
2892 5346 2984 5400 τοῦ
3009 5345 3144 5400 Θεοῦ
3158 5349 3224 5417 τῇ
3241 5344 3376 5416 οῦσῃ
3399 5347 3457 5399 ἐν
3476 5344 3743 5421 Κορίνθῳ.
3770 5362 3787 5393 ι

2311 5439 2558 5511 Τετάρτη
2620 5439 2757 5510 πρὸς
2785 5439 3029 5502 Γαλάτας
3049 5478 3064 5502 ,
3114 5434 3242 5509 ἦςή
3275 5438 3416 5509 ἀρχή
3438 5452 3452 5467 ο
3497 5455 3516 5488 ι
3584 5435 3794 5497 Παῦλος

2217 5529 2513 5595 ἀπόστολος
2546 5531 2646 5586 οὐκ
2670 5531 2772 5587 ἀπ’
2830 5528 3151 5601 ἀνθρώπων,
3183 5528 3301 5583 οὐδὲ
3351 5527 3418 5580 δι’
3470 5526 3792 5597 ἀνθρώπων.
