4008 6404
289 371 356 426 295
1385 370 1711 425 SYNOPSIS
1753 369 2170 425 SCRIPTURE
2215 372 2484 426 SAChIE.

1879 493 1923 549 Α
1955 487 2232 558 homines;
2280 492 2373 546 sed
2424 507 2518 561 per
2565 491 2746 548 Jcsum
2783 493 3060 550 Christum
3112 503 3165 551 et
3221 495 3385 551 Deum
3426 499 3529 554 Pa.

286 462 507 540 ditia—8d
539 487 739 558 Ἰησοῦ
763 489 1002 560 Χριστοῦ
1026 489 1114 542 καὶ
1150 487 1281 540 Θεοῦ
1315 490 1406 541 καὶ
1438 489 1668 561 Πατρός.
1723 510 1739 539 ι

332 673 555 742 Πέμπτη
592 672 746 742 πρὸς
772 668 1147 741 Ἐςρεσίους,ἦς
1178 670 1370 742 ἡάρχή
1391 685 1402 699 ⁸
1435 687 1452 718 ι
1486 667 1693 731 Παῦλος
1716 669 1849 720 ἀπό-

286 766 432 827 στολος
453 763 650 833 Ἰησοῦ
669 763 919 836 Χριστοῦ
941 762 1026 815 διὰ
1044 761 1340 833 θελήματος
1361 759 1518 823 Θεοῦ,
1545 761 1654 822 τοῖς
1672 759 1846 826 ἁγίοις

283 859 364 918 τοῖς
387 850 540 908 οῦσιν
565 855 629 906 ἐν
664 854 910 924 Ἐφέσῳ,
929 853 1018 906 καὶ
1046 855 1252 914 πιστοῖς
1271 851 1326 902 ἐν
1357 847 1574 919 Χριστῷ
1603 848 1793 918 Ἰησοῦ.
1821 868 1839 900 ι

334 947 496 1017 Ἐκτη
531 945 686 1017 πρὸς
722 942 1138 1014 Φιλιππησίους,
1182 938 1247 1012 ἧς
1279 942 1312 1012 ἡ
1357 940 1530 1010 ἀρχή·
1583 957 1600 990 ι
1638 939 1848 1002 Παῦλος

281 1048 353 1094 καὶ
370 1038 664 1109 Τιμόθεος,
683 1037 866 1090 δοῦλοι
894 1035 1066 1106 Ἰησοῦ
1101 1033 1353 1106 Χριστοῦ,
1386 1035 1519 1086 πᾶσι
1542 1035 1654 1097 τοῖς
1676 1034 1849 1101 ἁγίοις

280 1137 366 1195 τοῖς
384 1127 534 1184 οὖσιν
583 1133 644 1184 ἐν
691 1129 1005 1192 Φιλίπποις,
1043 1128 1140 1180 σὺν
1172 1125 1487 1188 ἐπισκόποις
1519 1125 1612 1177 καὶ
1661 1125 1846 1179 διακό-

284 1241 390 1286 νοις.
429 1243 446 1274 ι

345 1315 571 1385 Ἑϐδόμη
612 1313 759 1384 πρὸς
799 1313 1152 1374 Κολασσαεῖς,
1182 1306 1248 1383 ἧς
1279 1314 1312 1382 ἡ
1365 1312 1537 1382 ἀρχή·
1585 1329 1602 1360 ι
1634 1309 1841 1373 Παῦλος

286 1408 551 1469 ἀπόστολος
595 1406 847 1476 Χριστοῦ
894 1404 1064 1477 Ἰησοῦ
1108 1405 1194 1457 διὰ
1227 1403 1524 1474 θελήματος
1553 1403 1709 1466 Θεοῦ,
1751 1405 1842 1456 καὶ

284 1499 519 1570 Τιμόθεος
550 1501 578 1551 ὁ
602 1499 860 1568 ἁδελφὸς,
892 1501 1002 1559 τοῖς
1033 1499 1088 1550 ἐν
1110 1497 1414 1560 Κολασσαῖς
1435 1497 1607 1565 ἁγίοις
1633 1496 1727 1550 καὶ
1757 1514 1843 1549 πι-

286 1597 408 1656 στοῖς
437 1591 690 1660 ἀδελφοῖς
720 1591 779 1642 ἐν
815 1587 1054 1661 Χριστῷ.
1094 1607 1112 1640 ι

339 1685 472 1755 Πρὸς
503 1682 930 1744 Θεσσαλονικεῖς
966 1679 1092 1734 δύο·
1134 1679 1228 1733 καὶ
1274 1680 1372 1750 τῆς
1422 1679 1520 1750 μὲν
1554 1677 1777 1752 πρώτης
1807 1681 1839 1751 ἡ

281 1778 404 1848 ἀρχή
429 1793 444 1807 ο
480 1795 498 1826 ι
527 1774 750 1838 Παῦλος
780 1775 873 1828 καὶ
901 1773 1180 1837 Σιλουανδς
1206 1772 1296 1825 καὶ
1314 1772 1591 1842 Τιμόθεος,
1625 1776 1691 1844 τῇ
1721 1773 1842 1824 Ἐκ-

3424 376 3532 431 294

1960 589 2118 638 trem.
2158 603 2176 635 ι

2029 673 2247 742 Quinta,
2281 676 2346 730 ad
2375 675 2637 747 Ephesios
2658 718 2672 742 ,
2709 678 3114 746 cujus'initium
3143 690 3226 736 est
3258 701 3270 736 :
3311 701 3329 732 ι
3386 681 3528 737 Ρ.ιιιο

1959 761 2045 818 lus
2067 765 2346 832 apostolus
2374 764 2500 820 Jesu
2522 765 2723 820 Christi
2759 783 2856 837 per
2885 769 3215 824 voluntatem
3254 771 3367 836 Dei.
3396 789 3526 828 san-

1959 853 2062 908 ctis
2103 855 2193 922 qui
2217 863 2346 908 sunt
2367 853 2585 922 Ephesi,
2613 864 2665 909 et
2697 855 2942 911 fidelibus
2973 859 3026 911 in
3057 857 3274 912 Christo
3318 859 3468 914 Jesu.
3500 879 3520 912 ι

2023 941 2220 1004 Sexta,
2280 943 2345 996 ad
2396 942 2803 1014 Philippenses,
2854 947 3011 1016 cujus
3061 949 3344 1004 exordium
3396 959 3522 1006 est:

1955 1052 1973 1083 ι
2003 1032 2202 1089 Paulus
2227 1042 2280 1088 et
2307 1033 2648 1100 Timotheus,
2690 1039 2830 1092 servi
2855 1038 2982 1095 Jesu
3013 1040 3240 1106 Christi,
3267 1045 3524 1098 omnibus

1950 1127 2176 1190 sanctis,
2205 1127 2298 1197 qui
2345 1134 2472 1182 sunt
2506 1127 2792 1200 Philippis,
2823 1149 2944 1186 eum
2976 1134 3246 1204 episc0pis
3291 1143 3346 1190 et
3396 1135 3521 1190 dia-

1950 1217 2128 1271 conis.
2172 1235 2192 1269 ι

2021 1306 2283 1376 Septima,
2320 1307 2384 1361 ad
2418 1309 2772 1366 Colossenses
2797 1351 2810 1375 ,
2858 1312 3016 1380 cujus
3066 1313 3349 1370 exordium
3394 1324 3517 1370 est:

1954 1415 1972 1447 ι
2013 1396 2214 1453 Paulus
2265 1402 2546 1470 apostolus
2600 1401 2729 1456 Jesu
2763 1403 3006 1470 Christi,
3063 1422 3158 1476 per
3188 1407 3520 1462 voluntatem

1947 1485 2064 1551 Dei,
2091 1499 2144 1543 et
2172 1488 2490 1546 Timotheus
2522 1491 2709 1557 frater,
2734 1493 2818 1547 his
2843 1495 2932 1562 qui
2958 1507 3085 1550 sunt
3112 1495 3375 1562 Colossis,
3395 1513 3521 1552 san-

1945 1581 2049 1635 ctis
2079 1595 2142 1634 ac
2168 1581 2417 1638 ﬁdelibus
2449 1581 2712 1640 fratribus
2746 1584 2798 1638 in
2824 1585 3064 1640 Christo.
3108 1607 3127 1639 ι

2016 1670 2098 1724 Ad
2145 1671 2667 1729 Thessalonicenses
2717 1675 2858 1737 dum,
2887 1678 3073 1745 prima:
3135 1678 3348 1733 initiutn
3379 1688 3461 1735 est
3503 1700 3515 1735 :

1950 1781 1968 1813 ι
2007 1761 2209 1818 Paulus
2241 1771 2295 1819 et
2325 1762 2580 1820 Silvanus
2614 1774 2667 1820 et
2688 1764 3028 1832 Timotheus,
3062 1767 3317 1825 Ecclesia:
3349 1770 3520 1826 Thes-

486 1836 952 1933 Θεσσαλονικέων,
977 1867 1035 1918 ὲν
1057 1865 1175 1936 Θεῷ
1197 1836 1484 1936 [lupi-xui.
1509 1836 1697 1936 Κυρίῷ
1731 1865 1830 1935 Ἰη-

1942 1853 2404 1919 salonicensium,
2453 1855 2507 1909 in
2564 1854 2674 1911 Deo
2732 1855 2934 1922 Patre,
2996 1866 3052 1914 et
3103 1859 3332 1916 Domino
3386 1861 3516 1918 Jesu

281 1959 364 2012 σοῦ
388 1959 624 2029 Χριστῷ.
660 1978 678 2009 ι

343 2052 442 2122 Τῆς
469 2052 525 2103 δὲ
551 2051 818 2121 δευτέρας
845 2052 878 2120 ἡ
913 2049 1053 2120 ἀρχή
1075 2063 1090 2078 ’
1133 2069 1151 2099 ι
1187 2048 1397 2112 Παῦλος
1436 2047 1528 2101 καὶ
1556 2046 1839 2109 Σιλουανδς

278 2145 366 2198 καὶ
399 2143 682 2212 Τιμόθεος,
713 2144 782 2212 τῇ
818 2141 1109 2210 Ἐκκλησία
1141 2139 1596 2192 Θεσσαλονικέων.
1630 2139 1686 2191 ἐν
1721 2136 1839 2207 Θεῷ

277 2237 437 2308 Πατρὶ
469 2235 626 2306 ἡμῶν
656 2235 752 2287 καὶ
795 2234 984 2305 Κυρίῳ
1029 2232 1200 2304 Ἰησοῦ
1233 2230 1473 2301 Χριστῷ.
1501 2251 1519 2281 ι

340 2329 540 2398 Δεκὰτη
573 2330 606 2398 ή
640 2326 782 2397 προς
807 2325 1110 2398 Ἐϐραίους,
1143 2321 1213 2395 ἧς
1249 2325 1282 2393 ἠ
1323 2324 1464 2393 ἀρχή
1487 2339 1500 2352 °
1542 2342 1558 2374 ι
1597 2321 1838 2393 Πολυμέ-

279 2420 379 2491 ρῶς
399 2423 487 2474 καὶ
518 2419 876 2489 πολυτρόπως
903 2418 1065 2470 πάλαι
1095 2418 1122 2470 ό
1165 2416 1295 2478 Θεὸς
1329 2414 1564 2486 λαλήσας
1591 2416 1701 2477 τοῖς
1729 2431 1837 2468 πα-

273 2511 451 2580 τράσιν
485 2511 542 2561 ὲν
570 2512 685 2571 τοῖς
716 2509 1045 2579 προφήταις,
1093 2507 1179 2558 ἐπ’
1213 2505 1439 2575 ἐσχάτου
1475 2503 1583 2557 τῶν
1616 2505 1835 2576 ἡμερῶν

273 2599 514 2670 ἐλάλησεν
548 2601 684 2670 ἡμῖν
721 2600 783 2650 ἐν
806 2598 941 2668 req).
963 2617 982 2650 ι

340 2691 470 2762 Πρὸς
503 2690 774 2761 Τιμόθεον
803 2689 928 2742 δύο·
967 2688 1058 2742 καὶ
1088 2689 1184 2758 τῆς
1213 2689 1308 2758 μὲν
1345 2686 1562 2760 πρώτης
1599 2689 1632 2758 ἡ
1662 2701 1830 2758 αρχη·

274 2781 498 2842 ιΠαῦλος
514 2781 816 2842 ἀπόστολος
835 2778 1006 2848 Ἰησοῦ
1019 2778 1276 2850 Χριστοῦ,
1288 2779 1407 2832 κατ’
1425 2777 1685 2850 ἐπιταγὴν
1701 2778 1834 2830 Θεοῦ

269 2871 502 2944 Σωτῆρος
532 2874 692 2945 ἡμῶν
715 2875 814 2926 καὶ
835 2873 1068 2945 Χριστοῦ
1101 2872 1274 2942 Ἰησοῦ
1304 2873 1400 2943 τῆς
1424 2871 1634 2934 ἐλπίδος
1657 2870 1830 2942 ἡμῶν,

269 2966 500 3036 Τιμοθέῳ
525 2967 736 3036 γνησίῳ
764 2966 938 3035 τέκνῳ
967 2967 1024 3018 ἐν
1059 2966 1256 3019 πίστει.
1286 2985 1304 3016 ι

341 3056 441 3129 Τῆς
466 3061 521 3113 δὲ
545 3060 809 3130 δευτέρας
846 3061 877 3129 ἡ
911 3060 1084 3130 ἀρχή·
1123 3077 1142 3110 ι
1172 3057 1380 3122 Παῦλος
1413 3055 1708 3120 ἀπόστολος
1739 3056 1836 3126 Ἰη-

271 3150 362 3203 σοῦ
403 3151 632 3221 Χριστοῦ
684 3150 778 3203 διὰ
827 3149 1128 3220 θελήματος
1153 3148 1310 3214 Θεοῦ,
1358 3151 1472 3202 κατ’
1501 3147 1831 3216 ἐπαγγελίαν

271 3241 406 3310 ζωῆς
437 3243 530 3312 τῆς
573 3245 630 3294 ἐν
675 3243 900 3312 Χριστῷ
939 3241 1133 3312 Ἰησοῦν
1165 3240 1410 3311 Τιμοθέῳ
1445 3237 1713 3310 ἀγαπητῷ
1745 3238 1832 3291 τέ-

270 3349 394 3402 κνῳ.
429 3353 446 3384 ι

335 3422 786 3494 Τρισκαιδεκόιτη,
818 3425 852 3494 ἡ
880 3423 1016 3495 πρὸς
1044 3423 1221 3491 Τίτον,
1251 3423 1318 3494 ἦς
1348 3416 1518 3495 ἀρχή·
1567 3444 1584 3476 ι
1623 3423 1831 3487 Παῦλος

261 3515 436 3580 δοῦλος
467 3516 626 3578 Θεοῦ,
655 3515 958 3580 ἀπόστολος
991 3517 1047 3569 δὲ
1090 3517 1262 3587 Ἰησοῦ
1287 3517 1542 3589 Χριστοῦ,
1574 3517 1714 3570 κατὰ
1740 3517 1831 3570 πί-

267 3625 379 3661 στιν
419 3611 688 3663 ἐκλεκτῶν
722 3608 881 3673 Θεοῦ,
941 3611 1035 3662 καὶ
1080 3611 1371 3679 ἐπίγνωσιν
1405 3610 1678 3674 ἀλτθείας,
1734 3611 1831 3681 τῆς

263 3701 379 3752 κατ’
404 3701 683 3755 εὐσέϐειαν
723 3703 782 3754 ἐν
818 3699 988 3753 ἐλπίδι
1027 3699 1174 3771 ζωῆς
1202 3699 1441 3754 αἰωνίου.
1468 3720 1488 3752 ι

325 3927 923 4000 Τεσσαρεσκαιδεκάτη,
950 3931 983 4000 ἡ
1018 3929 1152 4001 πρὸς
1179 3929 1475 4001 Φιλήμονα,
1503 3924 1622 4000 ἦςή
1649 3930 1788 4000 ἀρχή
1812 3947 1824 3958 ⁶

266 4037 284 4066 ι
307 4020 503 4085 Παῦλος
527 4023 757 4093 δέσμιος
786 4023 960 4094 Ἰησοῦ
981 4021 1216 4094 Χριστοῦ
1238 4022 1328 4074 καὶ
1345 4021 1602 4092 Τιμόθεος
1627 4023 1654 4074 ὁ
1672 4021 1825 4075 ἀδελ-

263 4111 374 4178 φὸς,
397 4115 656 4186 Φιλήμονι
691 4115 772 4185 τῷ
799 4114 1069 4185 ἀγαπητῷ
1105 4115 1198 4168 καί
1220 4113 1463 4186 συνεργῴ
1497 4113 1671 4184 ἡμῶν.

339 4227 452 4281 Ἐπὶ
488 4228 701 4290 τούτοις
729 4228 850 4280 ἐστὶ
876 4229 966 4280 καὶ
998 4230 1030 4299 ἡ
1076 4227 1435 4297 ’Λποκάλυψις
1473 4226 1713 4280 Ἰωάννου
1733 4225 1825 4278 τοῦ

261 4313 514 4386 θεολόγου,
567 4319 824 4390 δεχθεῖσα
881 4320 958 4381 ὡς
988 4320 1194 4372 ἐκείνου
1226 4321 1317 4373 καὶ
1363 4319 1678 4390 ἐγκριθεῖσα
1722 4318 1827 4373 ὑπὸ

263 4409 410 4462 πάλαι
442 4411 613 4479 ἁγίων
643 4413 742 4464 καὶ
780 4411 1238 4482 πνευματοφόρων
1274 4413 1551 4483 Πατέρων,
1574 4405 1634 4464 οῦ
1665 4413 1697 4482 ἡ
1727 4412 1826 4484 ἀρ-

1940 1944 2178 2000 Christo.
2220 1965 2238 1998 ι

2011 2035 2276 2092 Secunda:
2307 2039 2554 2093 initium:
2590 2057 2610 2090 ι
2648 2038 2850 2096 Paulus
2874 2050 2926 2096 et
2962 2041 3213 2098 Silvanus
3237 2053 3291 2100 et
3321 2045 3514 2104 Timo-

1939 2129 2392 2194 theus,Ecclesiaa
2422 2128 2988 2188 Tbessalonieensium
3016 2174 3032 2199 ,
3091 2137 3146 2190 in
3196 2136 3304 2192 Deo
3351 2137 3513 2195 Patre

1939 2229 2149 2285 nostro,
2173 2229 2227 2276 et
2255 2221 2486 2276 Domino
2516 2222 2643 2280 Jesu
2670 2222 2910 2279 Christo.
2955 2245 2973 2276 ι

2010 2313 2250 2377 Decima,
2277 2313 2344 2368 ad
2370 2313 2646 2381 llebrzeos,
2670 2315 2828 2385 cujus
2858 2316 3140 2371 exordium
3168 2326 3252 2374 est
3277 2337 3291 2374 :
3323 2337 3342 2370 ι
3378 2319 3516 2375 Mul-

1939 2406 2174 2462 tifari‘am
2205 2414 2258 2462 et
2284 2408 2470 2462 multis
2495 2409 2669 2464 modis
2703 2410 2830 2463 olim
2859 2409 3001 2465 Deus
3023 2410 3238 2465 locutus
3267 2414 3513 2482 patribus

1936 2514 2034 2569 per
2084 2500 2376 2570 prophetas
2398 2539 2414 2562 ,
2450 2503 2751 2558 novissime
2784 2504 3042 2558 extremis
3073 2503 3265 2560 diebus
3300 2507 3514 2565 locutus

1937 2599 2022 2646 est
2052 2593 2210 2646 nobis
2244 2593 2298 2646 in
2337 2593 2494 2648 Filio.
2533 2613 2551 2645 ι

2007 2683 2088 2737 Ad
2113 2682 2454 2740 Timotheum
2487 2687 2626 2752 duae,
2654 2689 2842 2759 prima:
2866 2691 3080 2746 initium
3105 2704 3188 2749 est
3215 2713 3226 2748 :
3256 2714 3274 2746 ι
3311 2693 3513 2750 Paulus

1938 2775 2216 2844 apostolus
2241 2774 2372 2831 Jesu
2397 2776 2639 2843 Christi,
2699 2784 3000 2835 secundum
3057 2792 3386 2855 praeceptum
3419 2784 3512 2838 Dei

1939 2868 2237 2927 Salvatoris
2267 2870 2440 2925 nostri
2473 2879 2526 2925 et
2576 2871 2778 2927 Christi
2819 2871 2975 2939 Jesu,
3006 2877 3098 2946 qui
3125 2887 3208 2932 est
3250 2893 3375 2948 spes
3407 2892 3504 2931 no-

1937 2967 2072 3024 stra,
2105 2958 2390 3016 Timotheo
2413 2975 2674 3032 germano
2709 2963 2820 3017 filio
2846 2965 2899 3018 in
2930 2966 3053 3020 fide.
3100 2987 3119 3020 ι

2009 3051 2274 3108 Secunda:
2319 3069 2449 3108 vero
2495 3054 2708 3109 initium
2740 3065 2866 3111 est:
2909 3077 2925 3108 ι
2970 3057 3172 3114 Paulus
3231 3061 3512 3130 apostolus

1934 3144 2063 3200 Jesu
2095 3145 2299 3201 Christi
2329 3161 2425 3216 per
2461 3146 2792 3201 voluntatem
2826 3147 2917 3202 Dei
2945 3190 2958 3212 ,
3007 3149 3162 3219 juxta
3194 3153 3513 3220 promissio-

1935 3253 2058 3292 nem
2095 3237 2237 3301 vitae,
2270 3253 2391 3307 qua:
2419 3246 2503 3292 est
2531 3239 2585 3294 in
2617 3240 2836 3296 Christo
2867 3240 3018 3305 Jesu,
3049 3241 3336 3298 Timotheo
3365 3245 3505 3298 dile-

1933 3338 2022 3383 cto
2053 3329 2182 3382 filio.
2221 3350 2239 3382 ι

2003 3421 2187 3476 Tertia
2215 3421 2532 3484 deeima,ad
2552 3422 2756 3486 Titum,
2777 3423 3164 3492 cujusinitium
3195 3435 3310 3482 est:
3342 3428 3510 3483 «Pau~

1931 3511 2017 3566 lus
2049 3525 2238 3566 servus
2271 3509 2384 3572 Dei,
2421 3513 2701 3578 apostolus
2734 3529 2862 3566 vero
2891 3513 3018 3568 Jesu
3047 3514 3272 3579 Christi,
3309 3533 3506 3572 secun-

1929 3603 2056 3655 dum
2091 3601 2246 3654 fidem
2276 3603 2432 3671 100
2451 3604 2744 3657 electorum
2774 3604 2890 3668 Dei,
2917 3614 2970 3659 et
3001 3609 3329 3676 agnitionem
3363 3612 3505 3666 veri-

1929 3693 2056 3748 tatis
2086 3693 2226 3761 ejus,
2257 3709 2376 3762 quae
2403 3702 2486 3748 est
2519 3694 2820 3748 secundum
2876 3697 3130 3765 pietatem
3164 3700 3218 3753 in
3250 3715 3347 3770 spe
3381 3705 3504 3758 vita:

1929 3795 2165 3841 aeterna}.
2207 3805 2226 3837 ι

1998 3921 2199 3988 Quarta
2223 3922 2452 3988 decima,
2491 3921 2559 3976 ad
2607 3920 3017 3987 Philemonem,
3065 3925 3225 3994 cujus
3283 3926 3499 3984 initium

1927 4023 2011 4071 est
2045 4036 2058 4069 :
2099 4033 2117 4065 ι
2155 4013 2355 4070 Paulus
2388 4016 2606 4070 vinctus
2666 4014 2794 4070 Jesu
2841 4015 3044 4070 Christi
3090 4027 3144 4071 et
3184 4017 3501 4078 Timotheus

1927 4106 2094 4160 frater
2122 4103 2422 4160 Philemoni
2449 4106 2646 4161 dilecto
2677 4117 2727 4160 et
2760 4107 2994 4176 adjutori
3026 4116 3235 4164 nostro.
3279 4130 3298 4163 ι

1997 4221 2093 4278 Est
2125 4231 2382 4292 preterea
2418 4232 2472 4278 et
2508 4223 2863 4294 Apocalypsis
2899 4223 3127 4279 Joannis
3161 4226 3429 4297 theologi,
3468 4243 3498 4281 a

1926 4312 2123 4382 priscis
2144 4314 2372 4376 sanctis,
2405 4322 2458 4368 et
2489 4313 2750 4383 Spiritum
2801 4314 2892 4370 Dei
2946 4317 3289 4386 gestantibus
3319 4317 3496 4372 Patri-

1925 4404 2046 4468 bus,
2065 4405 2212 4459 velut
2235 4406 2520 4475 quaaillius
2550 4407 2645 4468 sit,
2673 4415 2897 4477 accepta
2923 4417 2973 4462 et
2996 4410 3312 4479 approbata,
3337 4411 3496 4480 cujus

257 4503 321 4570 χή
348 4518 359 4530 ·
397 4524 413 4553 ι
449 4502 822 4572 Ἀποκάλυψις
864 4502 1036 4570 Ἰησοῦ
1080 4501 1340 4573 Χριστοῦ.
1370 4505 1436 4572 ἦν
1463 4503 1672 4573 ξέδωκεν
1727 4503 1824 4555 αὑ-

1941 4497 2252 4566 principium
2284 4506 2405 4552 est:
2441 4516 2460 4549 ι
2497 4499 2851 4569 Apocalypsis
2897 4498 3027 4556 Jesu
3071 4500 3300 4566 Christi,
3332 4521 3493 4572 quam

260 4592 330 4660 τῷ
365 4595 538 4657 sese;
570 4595 743 4658 δεῖξαι
775 4595 888 4656 τοῖς
921 4593 1125 4656 δούλοις
1155 4593 1320 4646 αὐτοῦ
1362 4595 1397 4647 ἃ
1440 4595 1520 4647 δεῖ
1570 4595 1820 4663 γενέσθαι

260 4684 311 4734 ἐν
340 4687 503 4756 τάχει,
537 4688 632 4739 καὶ
662 4687 960 4758 ἐσήμανεν,
995 4687 1316 4749 ἀποστείλας
1344 4685 1433 4739 διὰ
1456 4687 1549 4740 τοῦ
1591 4688 1819 4756 ἀγγέλου

258 4777 406 4831 αὑτοῦ
441 4779 518 4849 τῷ
545 4778 723 4849 δούλῳ
762 4777 928 4831 αὑτοῦ
971 4779 1208 4848 Ἰωάννῃ.
1236 4797 1254 4828 ι

320 4889 367 4942 4.
389 4891 638 4944 Τοσαῦτα
671 4891 771 4942 καὶ
796 4889 864 4942 τά
883 4889 984 4958 τῆς
1015 4891 1221 4961 Καινῆς
1250 4890 1523 4961 Διαθήκης
1555 4890 1736 4960 βιϐλία
1754 4893 1821 4946 τά

258 4994 313 5044 γε
334 4983 746 5052 κανονιζόμενα,
775 4981 869 5032 καὶ
899 4980 996 5049 τῆς
1027 4982 1259 5044 πίστεως
1282 4983 1439 5052 ἡμῶν
1461 4985 1622 5036 οἱονεὶ
1657 4986 1824 5056 ἀκρο-

259 5068 384 5126 θίνια
413 5074 716 5144 ἢάγκυραι
752 5073 848 5125 καλ¹
886 5073 1185 5144 ἐρείσματα
1207 5091 1218 5104 ·
1244 5074 1319 5138 ὡς
1354 5077 1480 5145 παρ’
1510 5076 1684 5128 αὐτῶν
1712 5077 1821 5130 τῶν

259 5164 550 5217 ἀποστόλων
587 5165 686 5217 τοῦ
755 5163 991 5231 Χριστοῦ
1018 5203 1032 5225 ,
1089 5163 1197 5218 τῶν
1254 5167 1349 5219 καὶ
1411 5169 1820 5238 συγγενομένων

260 5253 427 5325 ἐκείνῳ
450 5259 544 5311 καὶ
575 5257 672 5309 ὑπ’
696 5255 867 5309 αὑτοῦ
907 5255 1373 5326 μαθητευθέντων,
1413 5260 1693 5330 γραφέντα
1725 5261 1818 5314 καὶ

258 5342 543 5402 ἐκτεθέντα.¹
611 5345 774 5399 Ἐπεί
807 5345 889 5397 τοί
938 5361 1000 5412 γε
1030 5345 1253 5418 ὕστερον
1294 5347 1434 5401 κατὰ
1469 5350 1568 5420 τὴν
1597 5350 1818 5404 ἐκείνων

256 5436 555 5494 ἀκολουθίαν
611 5439 714 5492 καὶ
751 5438 1072 5506 συμφωνίαν
1104 5439 1238 5491 ἄλλα
1274 5440 1441 5510 μυρία
1493 5443 1585 5494 καὶ
1635 5443 1820 5509 ἀναρί-

256 5525 412 5598 θμητα
447 5531 633 5600 βιϐλία
685 5525 1099 5596 ἐξεπονήθησαν
1133 5526 1237 5579 ὑπὸ
1266 5527 1374 5579 τῶν
1403 5527 1546 5580 κατὰ
1594 5530 1819 5598 καιροὺς

255 5622 477 5686 μεγάλων
502 5624 600 5675 καὶ
625 5617 966 5688 σοφωτάτων
994 5617 1264 5690 Θεοφόρων
1294 5617 1550 5688 Πατέρων
1573 5621 1652 5682 είς
1681 5637 1819 5691 μαρ-

251 5714 414 5782 τυρίαν
449 5715 558 5767 τῶν
591 5708 988 5783 προλαϐόντων
1029 5711 1120 5764 καί
1165 5709 1516 5778 διαφὼτισινο
1575 5713 1700 5780 περὶ
1744 5706 1818 5765 ὧν

247 5801 296 5850 οὐ
322 5804 406 5858 νῦν
434 5805 616 5874 λόγκ,
649 5803 734 5864 ὡς
768 5797 1102 5868 παμπόλλων
1140 5800 1232 5854 καὶ
1261 5799 1546 5871 ἀορίστων,
1583 5801 1676 5852 καὶ
1703 5801 1816 5871 ἆμα

1924 4589 2072 4642 dedit
2101 4589 2175 4642 illi
2209 4588 2372 4648 Deus.
2397 4598 2454 4644 ut
2485 4591 2738 4645 ostendat
2767 4595 2938 4647 servis
2995 4596 3111 4650 suis
3171 4611 3289 4665 qua:
3333 4613 3497 4668 Opor-

1924 4688 2032 4734 teat
2063 4680 2178 4734 fieri
2205 4680 2346 4744 cito.
2395 4691 2448 4736 et
2476 4682 2803 4752 significavit
2839 4685 3063 4741 mittens
3094 4703 3188 4756 per
3242 4691 3494 4758 angelum

1923 4787 2082 4826 suum
2111 4788 2268 4827 servo
2301 4788 2403 4828 suo
2425 4773 2639 4829 Joanni.
2675 4793 2693 4826 ι

1993 4887 2046 4940 4.
2080 4887 2142 4940 lli
2181 4896 2309 4942 sunt
2338 4897 2391 4942 et
2425 4896 2505 4943 tot
2537 4888 2670 4944 Novi
2702 4889 3039 4946 Testamenti
3075 4892 3198 4947 libri
3218 4893 3489 4956 canonici,

1920 4984 1974 5032 et
2003 4977 2123 5031 fidei
2148 4986 2346 5033 nostra:
2374 4980 2535 5033 veluti
2566 4981 2819 5050 primitiae
2839 4981 3106 5051 quaedam,
3130 4981 3213 5035 vel
3242 4983 3494 5037 anchora!

1921 5068 2388 5140 etjsustentacula,
2409 5079 2600 5140 utpote
2612 5071 2683 5125 ab
2705 5071 2838 5141 ipsis
2862 5071 3126 5141 apostolis
3151 5069 3376 5139 Christi,
3399 5073 3489 5142 qui

1920 5170 1974 5217 et
2005 5178 2130 5216 cum
2169 5162 2261 5215 illo
2287 5162 2619 5224 conversati,
2653 5170 2706 5216 ct
2735 5163 2804 5216 ab
2833 5178 2898 5216 eo
2933 5162 3112 5217 edocti
3145 5169 3310 5225 sunt,
3355 5177 3490 5218 con-

1921 5254 2109 5324 scripti
2135 5262 2188 5309 et
2218 5255 2370 5308 editi.
2405 5253 2727 5324 Quanquam
2771 5262 2958 5322 postea
2993 5252 3058 5305 ad
3091 5253 3321 5308 istorum
3360 5270 3491 5310 nor-

1919 5361 2062 5400 mam
2095 5355 2148 5400 et
2169 5347 2606 5410 consonantiam,
2630 5357 2682 5401 et
2705 5347 2797 5400 alii
2843 5346 3111 5400 innumeri
3145 5359 3273 5402 sunt
3302 5363 3333 5403 a
3371 5365 3490 5403 ma-

1919 5437 2061 5507 guis,
2091 5437 2534 5506 sapientissimis,
2583 5436 2807 5491 deiferis
2863 5437 3142 5503 Patribus,
3179 5447 3486 5509 temporum

1919 5544 2200 5591 successu,
2233 5529 2297 5582 ad
2329 5528 2732 5598 pnemissorum
2764 5529 3132 5584 testimonium
3161 5540 3216 5586 et
3247 5532 3492 5587 illustra-

1917 5623 2118 5677 tionem
2151 5619 2452 5674 elaborati:
2498 5619 2566 5674 de
2601 5619 2800 5689 quibus
2843 5635 2990 5676 nunc
3041 5623 3198 5678 nobis
3249 5639 3356 5678 non
3405 5633 3491 5678 est

1917 5727 2118 5775 sermo,
2147 5726 2270 5764 cum
2298 5709 2406 5764 sint
2441 5711 2732 5766 admodum
2764 5713 2919 5768 multi
2943 5721 2992 5768 et
3042 5713 3261 5784 inﬁniti,
3295 5715 3488 5769 simul-

1917 5819 2024 5874 que
2051 5817 2242 5860 omnes
2266 5800 2513 5875 ejusdem
2562 5817 2790 5872 normae,
2845 5814 3054 5867 veteres
3113 5807 3237 5864 illos
3293 5807 3482 5864 subse-
