4008 6404
498 301 607 354 295

1637 294 1698 349 8.
1736 289 2211 350 ATBANASIUS.
2251 325 2321 336 —-
2361 294 2593 351 DUBIA.

3647 299 3755 357 296

500 424 762 486 quantur,
814 414 1115 487 eademque
1171 421 1484 484 exponant,
1529 421 1695 483 atque
1759 412 2063 469 declarent.

2174 416 2387 469 πάκτων
2414 416 2516 486 τῆς
2544 417 2715 485 αὐτῆς
2757 414 3078 480 ἀκολουθίας
3118 418 3231 479 τοῖς
3269 417 3520 482 παλαιοῖς
3545 421 3756 485 τούτοις

569 674 631 729 In
665 674 786 730 istis
824 674 1045 745 itaque,
1086 674 1230 729 sicut
1270 673 1476 728 dictum
1520 681 1645 741 est,
1695 677 2083 746 comprehensi

502 775 632 822 sunt
660 782 852 822 omnes
875 781 1001 821 cum
1030 764 1265 830 Veteris,
1293 775 1407 820 tum
1460 764 1599 821 Novi
1646 765 1980 824 Testamenti
2016 770 2084 824 li-

500 857 610 923 bri,
638 873 777 929 quos
822 857 1017 928 paucis
1041 896 1057 920 ,
1089 856 1236 927 quod
1275 857 1345 912 ad
1388 873 1679 913 numerum
1710 867 1920 914 tantum
1953 860 2084 915 atti-

504 958 617 1015 net,
653 950 764 1020 jam
791 949 1258 1020 perstrinximus:
1292 948 1554 1020 deinceps
1609 964 1739 1004 vero
1768 949 1837 1004 de
1886 949 2079 1005 iisdem

504 1039 660 1096 libris
696 1040 871 1095 fusius
899 1040 1063 1095 nobis
1088 1039 1356 1111 agendum
1380 1048 1499 1108 est;
1527 1055 1559 1093 a
1588 1056 1698 1111 quo
1727 1041 1939 1096 scilicet
1961 1042 2049 1097 sin
2067 1069 2082 1081 ο

501 1132 615 1201 guti
662 1128 960 1201 conscripti
1008 1133 1141 1197 sint,
1174 1141 1231 1187 et
1263 1132 1409 1187 unde
1439 1132 1675 1203 quisque
1704 1131 1905 1188 habeat
1933 1130 2081 1203 quod

501 1222 729 1279 sortitus
760 1231 845 1278 est
874 1237 1074 1277 nomen
1103 1240 1117 1276 :
1154 1223 1395 1294 quidque
1425 1223 1483 1277 in
1510 1238 1571 1277 se
1590 1224 1893 1287 contineat,
1926 1240 2082 1281 sum-

498 1315 690 1370 matim
722 1323 778 1370 et
799 1316 1208 1386 compendiose,
1229 1316 1388 1385 juxta
1424 1317 1767 1379 praemissum
1805 1316 2078 1385 ordinem,

499 1409 733 1483 singulis
756 1426 827 1465 ex
867 1410 1092 1465 nomine
1115 1408 1428 1479 descriptis,
1458 1407 1841 1478 exponendum
1867 1418 1974 1465 est.

1040 1520 1197 1576 Liber
1221 1520 1275 1576 1.
1298 1518 1532 1575 Genesis.

565 1612 625 1669 5.
652 1610 818 1667 Liber
842 1610 933 1665 hic
961 1609 1240 1665 Geneseos
1261 1649 1277 1673 .
1329 1609 1534 1681 Moysis
1563 1618 1669 1677 est,
1704 1610 1801 1682 qui
1827 1625 1890 1668 ea
1914 1649 1931 1676 ,
1958 1626 2082 1682 qua:

2188 508 2481 577 ἐχομένων,
2513 509 2608 562 καὶ
2635 509 2702 561 τά
2730 509 2870 563 αὐτὰ
2916 509 3294 581 ἐξηγουμένων
3322 512 3416 563 καὶ
3451 512 3634 565 αὐτῶν
3666 516 3758 567 καὶ

2186 598 2611 668 διασαφούντων.

2268 690 2356 752 Ὠς
2383 686 2475 744 οὖν
2525 691 2739 763 εἴρηται
2768 694 2826 744 ἐν
2848 694 3059 756 τούτοις
3083 693 3282 757 πάντα,
3312 696 3383 750 τά
3423 714 3483 750 τε
3514 697 3617 766 τῆς
3645 698 3755 751 Πα·

2186 779 2345 845 λαιᾶς
2377 783 2471 836 καὶ
2497 782 2568 836 τά
2590 783 2688 854 τῆς
2716 784 2861 847 Νέας
2893 785 3171 856 Διαθήκης
3209 786 3404 856 βιϐλία.
3456 788 3605 860 Πλὴν
3637 789 3759 842 ὅσον

2188 873 2326 944 πρὸς
2354 873 2588 945 ἀριθμὸν
2635 876 2795 945 μόνον
2831 876 3030 929 οὑτωσὶ
3076 878 3217 942 τέως
3246 879 3446 944 στενῶς
3470 881 3758 952 προαπήγ-

2186 966 2394 1034 γελται.
2436 967 2510 1018 Τὸ
2542 967 2603 1020 δὲ
2644 967 2895 1021 ἐντεῦθεν
2934 969 3258 1039 διαληπτέον
3286 971 3447 1024 πάλιν
3484 974 3613 1044 περὶ
3650 973 3758 1027 τῶν

2186 1057 2366 1111 αὐτῶν
2416 1058 2633 1128 βιϐλίων
2686 1058 3048 1131 πλατύτερον,
3104 1062 3257 1131 παρά
3309 1062 3453 1126 τίνος
3508 1080 3571 1117 τε
3637 1081 3759 1117 συν-

2186 1146 2400 1216 ετράφη
2432 1146 2660 1200 ἕκαστον
2691 1147 2915 1211 τούτων,
2952 1150 3047 1201 καὶ
3074 1149 3255 1214 πόθεν,
3295 1152 3360 1222 ἢν
3391 1151 3604 1224 ἔλαχεν,
3643 1156 3757 1207 ὀνο-

2188 1238 2390 1307 μασίαν
2421 1237 2556 1308 ἔχει,
2586 1239 2682 1292 καὶ
2714 1238 2769 1290 τί
2802 1240 3066 1310 περιέχει,
3096 1241 3478 1310 κεφαλαιωδῶς
3505 1247 3603 1299 καί
3636 1264 3755 1300 συν-

2183 1328 2441 1393 οπτικῶς,
2471 1329 2611 1383 κατὰ
2646 1330 2743 1402 τὴν
2787 1332 3203 1402 προεκτεθείσαν
3228 1334 3380 1401 τάξιν
3416 1336 3512 1390 τοῦ
3545 1337 3668 1391 καθ’
3698 1339 3756 1392 ἓν

2186 1416 2391 1487 βιϐλίου
2423 1417 2856 1491 διαγραφομένου
2899 1423 3037 1491 μετὰ
3081 1423 3182 1492 τῆς
3209 1423 3414 1488 οἰκείας
3439 1425 3753 1499 ὀνομασίας.

2638 1534 2881 1585 Βιϐλιόν
2904 1540 2980 1591 a'.
3024 1537 3077 1587 Γ
3077 1534 3297 1602 ἐνεσις.

2254 1621 2309 1677 5.
2349 1621 2426 1675 Τὸ
2469 1621 2567 1692 μὲν
2602 1622 2805 1692 βιϐλίον
2852 1624 3012 1679 τοῦτο
3062 1629 3164 1698 τῆς
3210 1629 3478 1695 Γενὲσεως
3515 1632 3754 1705 Μωῦσῆς

500 1705 556 1759 in
586 1705 682 1759 illo
706 1703 1083 1766 continentur,
1113 1718 1181 1756 ex
1212 1702 1372 1771 jussu
1409 1701 1621 1757 Domini
1655 1704 1874 1760 locutus
1902 1713 1988 1760 est
2024 1713 2074 1760 et

2183 1711 2333 1767 ἐστιν
2370 1715 2401 1768 6
2425 1713 2665 1785 λαλήσας
2697 1717 2793 1768 καὶ
2818 1717 3038 1789 γράιας
3081 1720 3148 1773 ἐκ
3195 1723 3617 1793 προστάγματος
3648 1701 3755 1778 Κῦ-

498 1796 741 1867 scripsit.
783 1793 1020 1850 Vocatur
1048 1802 1228 1848 autem
1276 1795 1379 1849 hoc
1426 1796 1667 1860 nomine,
1693 1796 1837 1866 quod
1870 1805 1926 1851 et
1958 1797 2074 1851 uni-

2186 1805 2323 1877 ρὶου.
2349 1781 2609 1862 Καλεῑται
2633 1807 2691 1860 δὲ
2716 1781 2911 1873 οὕτως,
2937 1781 3126 1883 ἐπειδὴ
3144 1781 3358 1886 καίτὴν
3381 1781 3757 1884 γένεσινϋπάν-

498 1901 816 1951 versorum,
852 1886 977 1940 cmli
1009 1887 1216 1955 pariter
1257 1899 1321 1938 ac
1364 1893 1522 1939 terra:
1544 1925 1561 1950 ,
1594 1886 1991 1957 hominumque
2020 1895 2077 1943 et

498 1979 744 2034 omnium
796 1994 987 2034 eorum
1033 1994 1155 2048 qua:
1207 1977 1462 2033 videntur
1518 1983 1960 2051 generationem,
2025 1990 2081 2038 et

500 2072 673 2142 ipsam
700 2072 939 2142 paradisi
970 2069 1359 2141 plantationeni
1389 2073 1804 2141 complectatur.
1838 2072 2080 2130 Enarrat

498 2175 703 2231 autem,
726 2164 872 2235 quod
915 2165 1096 2234 primo
1122 2163 1213 2219 die
1227 2163 1381 2230 facta
1414 2166 1486 2221 sit
1517 2166 1610 2219 lux
1640 2184 1654 2220 :
1691 2166 1865 2223 altero
1895 2166 2079 2222 ﬁrma-

499 2264 763 2321 mentum,
785 2256 929 2326 quod
960 2254 1103 2312 Deus
1155 2257 1359 2311 coelum
1393 2257 1651 2312 vocavit:
1683 2258 1846 2313 tertio
1867 2298 1883 2324 ,
1932 2259 2079 2330 quod

497 2356 837 2418 congregatae
861 2348 969 2404 sint
993 2362 1169 2417 aquae,
1192 2349 1421 2418 visaque
1452 2348 1605 2403 arida
1632 2387 1649 2412 ,
1701 2358 1759 2404 et
1798 2350 2081 2406 collectio-

497 2455 598 2495 nes
619 2455 881 2509 aquarum
904 2440 1184 2494 vocaverit
1211 2441 1406 2505 maria,
1430 2440 1642 2495 aridam
1665 2456 1813 2504 vero,
1834 2449 2077 2498 terram:

499 2541 755 2601 terraque
800 2529 1187 2600 germinaverit
1230 2531 1455 2586 herbam
1506 2531 1654 2596 feni,
1702 2539 1757 2587 et
1789 2547 1951 2588 omne
2007 2533 2079 2587 li-

499 2635 708 2690 gnum:
737 2628 969 2691 quarto,
1030 2621 1179 2691 quod
1233 2624 1559 2692 processerit
1590 2622 1675 2678 sol
1708 2633 1763 2677 et
1804 2623 1932 2678 luna
1958 2662 1977 2690 ,
2024 2630 2079 2678 et

501 2714 789 2768 universus
821 2722 1097 2767 astrorum
1146 2716 1380 2769 chorus:
1414 2714 1629 2784 quinto,
1653 2714 1799 2784 quod
1834 2714 1975 2769 facta
2005 2715 2079 2770 sit

499 2804 839 2869 volucrium,
890 2805 1158 2874 piscium,
1222 2814 1279 2860 et
1341 2814 1585 2862 cetorum
1631 2822 1752 2877 quae
1801 2807 1857 2861 in
1920 2807 2078 2877 aquis

500 2908 648 2956 sunt,
679 2898 960 2965 generatio
993 2913 1008 2950 :
1044 2907 1197 2952 sexto
1223 2935 1240 2960 ,
1298 2896 1444 2966 quod
1498 2896 1644 2951 facta
1695 2898 1806 2953 sint
1836 2900 2078 2968 quadru-

500 2986 680 3055 pedia.
706 2995 762 3041 et
790 2988 994 3049 bestiae,
1017 2994 1073 3040 et
1092 2994 1395 3057 serpentes,
1422 2995 1477 3044 et
1500 2988 1778 3056 jumenta,
1808 2989 2078 3059 homoque

501 3078 568 3130 ad
605 3078 897 3147 imaginem
952 3086 1007 3132 et
1060 3077 1470 3133 similitudinem
1496 3077 1593 3133 Dei
1649 3078 1953 3133 formatus:
1986 3095 2073 3135 se-

503 3168 675 3237 ptimo
723 3183 873 3234 vero,
903 3169 1048 3237 quod
1080 3166 1226 3222 Deus
1254 3169 1324 3221 ab
1351 3169 1612 3238 operibus
1637 3171 1755 3225 suis
1783 3170 2070 3240 requieve-

503 3260 596 3321 rit,
623 3259 841 3328 dieique
868 3260 1102 3330 septimo
1132 3260 1488 3315 henedixerit.
1536 3259 1740 3315 Deinde
1776 3271 1830 3316 et
1873 3263 1977 3317 huc
2007 3263 2072 3316 li-

503 3352 603 3405 bro
634 3361 1092 3406 commemoratur
1125 3353 1488 3421 transgressio
1538 3352 1701 3417 Adae,
1756 3354 2013 3424 illiusque
2040 3369 2073 3409 e

504 3443 760 3511 paradiso
785 3443 1001 3511 ejectio,
1028 3443 1213 3498 Abelis
1246 3460 1341 3514 per
1378 3442 1600 3498 fratrem
1631 3443 1769 3499 Cain
1800 3444 1942 3499 facta
1969 3461 2075 3501 cae.

501 3538 599 3590 des
621 3575 638 3598 ,
671 3534 955 3588 translatio
987 3533 1225 3601 Enochi,
1278 3533 1561 3589 fabricatio
1593 3551 1754 3599 arcae,
1784 3538 2070 3602 diluvium,

502 3625 836 3695 temporibus
867 3625 979 3681 Noe
1016 3627 1217 3683 factum
1243 3667 1259 3690 ,
1317 3633 1594 3682 structura
1644 3628 1843 3693 turris,
1875 3630 2073 3685 divisio

503 3716 829 3786 linguarum.
856 3718 1129 3787 dispersio
1155 3719 1460 3781 nationum,
1482 3730 1535 3774 et
1564 3734 1820 3790 egressus
1843 3720 2074 3774 Abrahae

500 3825 565 3864 ex
599 3810 872 3865 Chaldaea.
906 3810 1162 3865 Continet
1194 3818 1376 3865 autem
1422 3810 1512 3864 hic
1556 3810 1694 3864 liber
1721 3821 1776 3866 et
1816 3809 2075 3866 Sodomo-

502 3917 623 3956 rum
664 3902 1096 3965 subversionem,
1120 3909 1174 3956 et
1203 3902 1374 3971 legem
1418 3899 1484 3955 de
1535 3900 1959 3957 circumcisione
1995 3902 2074 3955 la-

503 3996 635 4052 tam,
662 3989 1045 4058 jusjurandum
1075 3990 1459 4061 promissionis
1493 3989 1587 4045 Dei
1635 3991 1866 4046 Abrahae
1894 3991 2068 4056 factae,

502 4079 903 4147 generationem
933 4079 1083 4134 Isaac
1111 4088 1167 4136 et
1191 4078 1363 4134 Iacob
1390 4120 1405 4143 ,
1454 4090 1509 4135 et
1537 4096 1726 4136 eorum
1753 4085 1845 4150 qui
1873 4098 1939 4137 ex
1980 4084 2073 4139 illo

501 4175 634 4223 sunt
658 4170 1113 4237 patriarcharum,
1146 4180 1206 4226 et
1256 4171 1401 4241 quod
1438 4172 1712 4227 Abraham
1753 4176 1949 4230 vixerit
1976 4190 2073 4232 an-

502 4273 604 4313 nos
629 4267 846 4313 centum
890 4262 1161 4331 octoginta
1193 4261 1306 4332 (77)
1333 4280 1347 4317 :
1379 4262 1572 4318 lsmael
1620 4279 1747 4319 vero
1789 4281 1857 4320 ex
1896 4270 2069 4338 Agar,

500 4365 679 4405 annos
716 4361 877 4406 natus
926 4353 1025 4406 157
1065 4361 1314 4411 mortuus
1373 4355 1463 4410 sit.
1500 4354 1767 4413 Praeterea
1797 4361 2071 4428 quomodo

2186 1914 2296 1951 των
2343 1898 2609 1969 περιέχει,
2638 1898 2870 1969 οὐρανοῦ
2904 1917 2962 1953 τε
2995 1902 3090 1955 καὶ
3117 1906 3241 1973 γῆς,
3291 1907 3387 1959 καὶ
3412 1905 3523 1959 τῶν
3551 1907 3757 1978 άνθρὼ-

2178 2006 2295 2041 ταυν
2325 1989 2417 2043 καὶ
2446 1989 2554 2043 τῶν
2581 1990 2920 2059 φαινομένων
2951 1993 3159 2048 τούτων
3183 1994 3449 2061 ὃλων,καὶ
3475 1999 3646 2069 αὐτὴν
3659 2001 3755 2071 τὴν

2177 2079 2270 2133 ¹τοῦ
2310 2080 2638 2151 παραδείσου
2671 2083 2916 2150 φυτείαν.
2980 2084 3285 2155 Ἐξηγεῖται
3321 2089 3400 2155 δὲ,
3450 2090 3531 2144 δτι
3558 2095 3627 2163 τῇ
3658 2093 3754 2163 μὲν

2178 2171 2368 2244 πρώτῃ
2401 2172 2588 2244 ἡμέρα
2614 2173 2806 2242 γέγονε
2836 2174 2898 2227 τὸ
2925 2176 3069 2245 φῶς-
3101 2181 3167 2249 τῇ
3200 2179 3257 2232 δὲ
3290 2180 3520 2255 δευτέρᾳ
3547 2184 3610 2237 τὺ
3637 2201 3755 2237 στε-

2178 2264 2387 2335 ρέωμα,
2410 2264 2546 2336 ὅπερ
2564 2264 2823 2319 ἐκάλεσεν
2850 2267 3078 2339 οὐρανὸν
3099 2272 3129 2323 6
3156 2271 3288 2335 Θεός
3306 2289 3320 2303 ’
3350 2277 3416 2345 τῇ
3442 2274 3602 2347 τρίτῃ
3634 2293 3754 2330 συν-

2178 2353 2315 2426 ήχθη
2343 2355 2412 2408 τὰ
2450 2355 2641 2420 ῦδατα,
2668 2357 2776 2419 ἶκαὶ
2815 2357 2970 2429 ὤφθη
3013 2362 3048 2430 ή
3083 2360 3254 2433 ξηρά’
3303 2364 3397 2418 καὶ
3431 2365 3501 2418 τά
3531 2368 3631 2437 μὲν
3661 2385 3752 2421 συ-

2176 2446 2431 2516 στήματα
2458 2446 2567 2500 τῶν
2596 2448 2802 2504 ὑδάτων
2834 2450 3061 2504 ἐκάλεσε
3093 2452 3388 2519 θαλάσσας,
3444 2458 3547 2529 τὴν
3575 2458 3634 2511 δὲ
3663 2459 3754 2531 ξη·

2177 2540 2277 2610 ράν
2330 2540 2555 2593 ἐκάλεσε
2592 2541 2729 2610 γῆνο
2780 2543 2875 2595 καὶ
2935 2543 3267 2613 ἐϐλάστησεν
3321 2548 3356 2617 ἡ
3408 2552 3482 2617 γῆ
3526 2548 3753 2622 βοτάνην

2175 2631 2389 2703 χόρτου,
2425 2633 2521 2685 καὶ
2549 2635 2657 2686 πᾶν
2686 2633 2867 2698 ξ’ἇλονο
2902 2638 2971 2706 τῇ
3011 2638 3251 2711 τετάρτῃ
3300 2641 3570 2712 προῆλθεν
3604 2644 3753 2713 ἥλιος

2174 2725 2269 2776 καὶ
2323 2725 2542 2795 σελήνη,
2602 2726 2697 2778 καὶ
2755 2728 2863 2788 πᾶς
2915 2728 2946 2779 6
2998 2728 3107 2780 τῶν
3171 2730 3419 2803 ἀστέρων
3453 2736 3656 2805 χορός·
3686 2738 3750 2806 τῇ

2175 2816 2398 2889 πέμπτῃ
2425 2818 2686 2871 πετεινῶν
2720 2819 2814 2872 καὶ
2849 2819 3046 2889 ἰχθύων
3076 2822 3169 2875 καὶ
3197 2823 3378 2894 κητῶν
3407 2824 3520 2878 τῶν
3551 2828 3612 2880 ἐν
3642 2828 3754 2891 τοῖς

2177 2908 2330 2961 ῦδασι
2366 2910 2611 2977 γένεσις’
2647 2914 2713 2981 τῇ
2748 2911 2882 2983 ἕκτῃ
2914 2915 3259 2984 τετραπόδων
3306 2917 3399 2968 καὶ
3428 2915 3635 2989 θηρίων
3662 2921 3754 2973 καὶ

2174 3001 2418 3071 ἑρπετῶν
2447 3003 2540 3056 καὶ
2573 3003 2803 3072 κτηνῶν,
2840 3005 2933 3056 καὶ
2974 3005 3170 3069 πλάσις
3204 3007 3489 3077 ἀνθρώπου
3528 3013 3650 3064 κατ’
3679 3014 3755 3064 εί-

2176 3094 2307 3146 κόνα
2330 3093 2464 3147 Θεοῦ
2499 3096 2593 3149 καὶ
2629 3096 2922 3166 ὁμοίωσιν·
2964 3100 3031 3167 τῇ
3064 3098 3122 3151 δέ
3155 3100 3360 3172 ἐϐδόμῃ
3406 3102 3751 3156 κατέπαυσεν

2172 3184 2201 3234 6
2226 3183 2361 3247 Θεὸς
2388 3185 2496 3238 ἀπὸ
2518 3185 2626 3240 τῶν
2658 3187 2855 3256 ἔργων,
2885 3189 2979 3242 καὶ
3011 3190 3314 3261 ηὑλόγησεν
3342 3193 3535 3264 αὐτήν.
3594 3196 3751 3249 Ἐστι

2168 3274 2226 3327 δὲ
2251 3276 2310 3327 ἐν
2340 3276 2514 3347 τούτῳ
2534 3277 2612 3347 τῷ
2642 3278 2830 3348 βιϐλίῳ
2853 3279 2945 3332 τοῦ
2984 3282 3153 3352 Ἀδὰμ
3175 3284 3507 3353 παράϐασις,
3532 3286 3626 3339 καί
3643 3286 3752 3340 ἀπὸ

2169 3366 2263 3420 τοῦ
2303 3368 2623 3439 παραδείσου
2662 3370 2945 3441 ἐξώθησις,
2974 3375 3008 3443 ἧ
3038 3391 3102 3426 τε
3132 3373 3228 3427 τοῦ
3265 3376 3430 3429 ’Δϐελ
3468 3377 3621 3450 παρὰ
3655 3379 3748 3432 τοῦ

2171 3458 2401 3527 ἀδελφοῦ
2418 3461 2554 3514 Κάῖν
2566 3463 2667 3515 ἀνα
2675 3462 2862 3532 ίρεσις,
2880 3466 2974 3517 καὶ
2990 3466 3024 3535 ἡ
3038 3465 3132 3519 τοῦ
3150 3465 3317 3538 Ἑνὼχ
3336 3469 3645 3538 μετάθεσις,
3660 3473 3750 3526 καὶ

2170 3552 2203 3620 ἡ
2244 3552 2552 3622 κατασκευὴ
2588 3554 2685 3622 τῆς
2724 3553 2981 3620 κιϐωτοῦ,
3011 3558 3106 3610 καὶ
3131 3559 3161 3610 6
3187 3558 3281 3612 ἐπὶ
3310 3559 3434 3613 Νῶε
3461 3562 3750 3633 γενόμενος

2172 3642 2578 3713 κατακλυσμὸς,
2626 3645 2661 3714 ἦ
2688 3662 2749 3698 τε
2784 3649 3139 3719 πυργοποιία,
3172 3651 3265 3703 καὶ
3294 3652 3327 3721 ἡ
3352 3650 3620 3724 διαίρεσις
3642 3655 3749 3709 τῶν

2172 3734 2453 3803 γλωσσῶν,
2475 3736 2568 3789 καὶ
2590 3738 2622 3806 ή
2648 3737 2917 3810 διασπορὰ
2944 3740 3053 3792 τῶν
3080 3741 3269 3805 ἐθνῶν,
3288 3745 3381 3796 καὶ⁵
3415 3747 3448 3815 ή
3482 3747 3592 3799 άπὸ
3614 3748 3749 3800 Χαλ-

2170 3828 2336 3881 δαίων
2364 3827 2539 3893 ἔξοδος
2564 3828 2658 3881 τοῦ
2684 3831 2952 3903 Ἀϐραάμ.
2983 3834 3231 3904 Περιέχει
3258 3835 3315 3888 δὲ
3344 3837 3437 3890 καὶ
3463 3838 3562 3911 τὴν
3583 3858 3749 3895 κατα.

2174 3922 2413 3992 στροφὴν
2443 3920 2549 3973 τῶν
2585 3922 2855 3992 Σοδόμων,
2900 3925 2992 3978 καὶ
3018 3926 3116 3995 τὴν
3155 3928 3405 3999 περὶτῆς
3440 3933 3747 4004 περιτομῆς

2172 4011 2511 4082 νομοθεσίαν,
2535 4013 2630 4065 καὶ
2669 4014 2760 4066 τὸν
2787 4016 2949 4086 ὅρκον
2994 4016 3090 4086 τῆς
3122 4019 3455 4087 ἐπαγγελίας
3484 4023 3581 4075 τοῦ
3611 4023 3745 4078 Θεοῦ

2173 4104 2307 4174 πρὸς
2337 4105 2427 4157 τὸν
2459 4104 2728 4176 ’Δϐραάμ,
2754 4108 2854 4178 τήν
2886 4125 2944 4160 τε
2978 4108 3230 4181 γέννησιν
3271 4109 3365 4165 τοῦ
3418 4114 3625 4183 Ἰσαάκ,
3655 4119 3747 4171 καὶ

2171 4194 2266 4247 τοῦ
2306 4194 2519 4259 Ἰακὼϐ,
2549 4198 2643 4249 καί¹
2676 4197 2783 4251 τῶν
2817 4198 2877 4263 ἐξ
2904 4199 3068 4253 αὐτοῦ
3117 4205 3505 4276 πατριαρχῶν·
3544 4210 3639 4262 καὶ
3666 4210 3747 4262 ὅτι

2172 4284 2202 4336 6
2230 4284 2328 4353 μὲν
2356 4284 2604 4357 Ἀϐραὰμ
2625 4286 2816 4356 ἔζησεν
2841 4288 2933 4359 ἔτη
2963 4290 3186 4360 ρπ’,ὁδέ
3214 4293 3459 4366 Ἰσμαὴλ,
3497 4298 3528 4350 6
3553 4299 3619 4350 ἐκ
3649 4298 3747 4369 τῆς

2178 4375 2356 4445 Ἅγαρ
2385 4377 2682 4447 γεννηθεὶς,
2720 4380 2985 4433 ἀπέθανεν
3020 4383 3130 4453 ρλζ¹
3155 4384 3292 4437 ἐτῶν
3313 4401 3326 4415 ⁸
3369 4386 3487 4452 πῶς
3535 4407 3595 4443 τε
3637 4392 3744 4444 Ἰω-

498 4436 702 4509 Joseph
732 4455 761 4492 a
790 4439 1049 4496 fratribus
1078 4444 1150 4497 sit
1182 4445 1434 4501 venditus
1454 4453 1508 4499 et
1532 4446 1802 4504 adductus
1829 4450 1881 4503 in
1901 4449 2071 4521 Egy-

2174 4436 2282 4535 σὴῴ
2314 4436 2545 4540 ἐπράθη.
2575 4436 2725 4541 nisi
2773 4470 2881 4523 τῶν
2911 4436 3155 4542 ἀδελφῶν
3207 4478 3286 4539 είς
3315 4436 3609 4545 Aegi-74;,
3654 4436 3743 4536 ξεῖιι

501 4538 654 4600 ptum
676 4572 691 4594 ,
725 4531 1163 4605 caiumniamque
1196 4551 1226 4590 a
1274 4535 1495 4591 domina
1534 4553 1633 4593 sua
1666 4555 1895 4610 passus,
1925 4550 1982 4597 et
2014 4544 2068 4596 in

499 4634 773 4677 carcerem
802 4624 1103 4693 conjectus,
1134 4635 1189 4683 et
1221 4629 1438 4683 tandem
1475 4632 1645 4688 totius
1676 4631 1893 4705 [Egypli
1920 4635 2071 4705 prin-

499 4727 629 4785 ceps
676 4716 1027 4773 constitutus.
1085 4717 1211 4775 lstis
1268 4721 1620 4792 subjungitur
1653 4724 1952 4781 descensus
1977 4725 2071 4781 Ja-

498 4806 601 4860 cob
632 4806 783 4878 101
813 4808 868 4863 in
889 4808 1180 4883 Egyptum
1207 4827 1331 4869 cum
1364 4814 1490 4871 filiis
1518 4816 1635 4871 suis
1658 4856 1672 4877 ,
1706 4832 1935 4873 numero
1976 4817 2066 4884 75,

497 4907 550 4953 et
568 4900 842 4971 quomodo
871 4902 980 4958 illic
1010 4906 1346 4962 constitutus
1375 4906 1572 4971 Ja'cob,
1601 4909 2067 4968 benedictionem-

495 5005 603 5054 que
623 4989 955 5050 Patriarchis
983 4996 1108 5052 filiis
1134 4999 1250 5054 suis
1295 4999 1607 5071 impartitus
1632 5042 1645 5062 .
1697 5010 1947 5060 mortuus
1996 5007 2069 5062 sit

496 5094 670 5137 annos
716 5090 880 5173 natus
934 5086 1059 5154 147,
1085 5103 1397 5162 corpusque
1434 5093 1583 5148 illius
1629 5094 1958 5150 translatum
2000 5113 2066 5152 ac

495 5170 765 5241 sepultum
802 5170 859 5229 in
892 5184 1039 5232 terra
1074 5176 1355 5234 Chanaan.
1399 5180 1467 5235 Et
1495 5181 1642 5251 quod
1685 5180 1889 5255 Joseph
1941 5194 2066 5254 post

498 5259 692 5317 famem
735 5263 954 5338 Egypti
976 5307 994 5331 ,
1048 5284 1222 5326 annos
1250 5272 1447 5328 vixerit
1479 5273 1568 5337 66,
1600 5283 1959 5348 mortuusque
1991 5281 2066 5337 sit

494 5365 638 5408 anno
673 5361 849 5412 atatis
877 5373 992 5414 sua:
1020 5360 1155 5424 H0,
1205 5372 1559 5438 posteaquam
1592 5366 1663 5424 de
1697 5369 1917 5426 ossibus
1946 5372 2063 5428 suis

492 5446 843 5504 mandaverat
869 5489 886 5514 ,
928 5460 988 5507 ut
1024 5457 1079 5508 et
1132 5452 1252 5523 ipsa
1296 5455 1352 5511 in
1381 5466 1789 5517 monumentum
1845 5474 2062 5535 patrum

494 5538 936 5598 transferrentur.

561 5715 673 5786 (77)
704 5714 850 5778 Vixit
872 5724 1085 5775 tantum
1111 5720 1214 5777 175
1247 5735 1440 5780 annos.

2172 4559 2599 4629 συκοφαντηθεὶς
2629 4560 2779 4632 παρὰ
2807 4563 2904 4632 τῆς
2928 4565 3124 4637 κυρίας
3152 4568 3338 4633 αὐτοῦ,
3359 4570 3561 4646 ἐϐλήθη
3585 4577 3666 4639 εἰς
3684 4577 3744 4629 τὸ

2167 4647 2537 4722 δεσμωτήριον
2550 4693 2565 4715 ,
2585 4656 2678 4705 καὶ
2695 4651 2918 4725 ὕστερον
2932 4654 3113 4726 ἄρχων
3134 4660 3280 4732 πάση
3292 4663 3599 4732 ςΔίγύπτου
3617 4687 3743 4722 κατ-

2168 4739 2394 4812 εστάθη·
2411 4744 2504 4796 καὶ
2527 4743 2654 4814 ἑξῆς
2682 4745 2781 4816 τὴν
2807 4748 2887 4810 εἰς
2901 4746 3174 4816 Αἴγυπτον
3203 4752 3427 4808 κάθοδον
3439 4757 3534 4810 τοῦ
3551 4759 3744 4813 Ἰακὼϐ

2168 4828 2264 4882 καὶ
2302 4830 2411 4883 τῶν
2463 4831 2595 4885 υἱῶν
2653 4832 2818 4886 αὐτοῦ
2868 4836 2927 4886 ἐν
2968 4836 3188 4909 ἀριθμῷ
3227 4839 3330 4893 σε’·
3387 4842 3482 4896 καὶ
3522 4845 3603 4898 ὅτι
3632 4847 3744 4899 ἐκεῖ

2166 4923 2457 4993 γενόμενος
2484 4927 2513 4979 6
2550 4924 2766 4989 Ἰακὼϐ,
2790 4927 2884 4980 καὶ
2914 4928 3217 5003 εὐλογήσας
3243 4933 3368 5000 τοὺς
3394 4938 3743 5010 πατριάρχας

2165 5015 2292 5079 τοὺς
2315 5017 2464 5080 υἱοὺς
2484 5017 2697 5081 ἑαυτοῦ,
2733 5020 3081 5093 ἐτελεύτησεν
3116 5024 3253 5078 ἐτῶν
3301 5026 3444 5097 ρμξ,
3477 5029 3571 5081 καὶ
3606 5047 3741 5101 μετ-

2165 5106 2369 5178 ηνέχθη
2402 5107 2463 5160 τὸ
2502 5107 2659 5178 σῶμα
2683 5110 2871 5175 αὑτοῦ,
2903 5114 2998 5169 καὶ
3028 5115 3201 5189 ἐτάφη
3234 5120 3315 5182 είς
3354 5119 3453 5192 τὴν
3492 5123 3739 5182 Χαναὰν.

2164 5198 2277 5251 Καὶ
2311 5200 2505 5270 Ἰωσὴφ
2536 5199 2592 5252 δὲ
2629 5201 2767 5270 μετὰ
2812 5205 2904 5258 τὸν
2950 5207 3241 5277 γενόμενον
3288 5211 3446 5282 λιμὸν
3478 5216 3539 5268 ἐν
3573 5217 3743 5285 Αἰγύ-

2164 5308 2304 5363 πτῳ,
2327 5289 2593 5363 ἐπιζήσας
2618 5292 2712 5366 ἔτη
2739 5294 2846 5363 Eg”,
2879 5299 3227 5373 ἐτελεύτησεν
3255 5304 3392 5358 ἐτῶν
3441 5314 3532 5379 ρι’,
3563 5311 3741 5364 ἐντει-

2162 5383 2394 5455 λάμενος
2422 5386 2688 5460 πρότερον
2712 5391 2839 5463 περὶ
2871 5392 2980 5445 τῶν
3005 5394 3206 5450 ὀστέων
3236 5396 3455 5464 ἑαυτοῦ,
3512 5401 3601 5456 ἵνα
3642 5404 3739 5458 καὶ

2160 5475 2299 5530 αὐτὰ
2328 5479 2622 5553 μετενεχθῇ
2650 5482 2729 5546 είς
2756 5482 2817 5536 τὸ
2847 5484 3035 5556 μνῆμα
3063 5486 3170 5541 τῶν
3198 5488 3470 5563 πατέρων.
