  <div class='ocr_page' id='page_1' title='image "/cluster/home/n/w/nwhite01/storage/ocr_20150623/28/hvd.32044019207737/154.png"; bbox 0 0 4008 6404; ppageno 0'>
   <div class='ocr_carea' id='block_1_1' title="bbox 239 316 2386 379">
    <p class='ocr_par' dir='ltr' id='par_1_1' title="bbox 239 316 2386 379">
     <span class='ocr_line' id='line_1_1' title="bbox 239 316 2386 379; baseline -0.001 -2"><span class='ocrx_word' id='word_1_1' title='bbox 239 319 306 377; x_wconf 76' lang='grc'><strong>297</strong></span> <span class='ocrx_word' id='word_1_2' title='bbox 1288 319 1616 379; x_wconf 81' lang='lat' dir='ltr'><strong>SYNOPSIS</strong></span> <span class='ocrx_word' id='word_1_3' title='bbox 1657 316 2071 376; x_wconf 63' lang='lat' dir='ltr'><strong>SCRIPTURE</strong></span> <span class='ocrx_word' id='word_1_4' title='bbox 2114 318 2386 375; x_wconf 63' lang='lat' dir='ltr'><strong>SACRx‘E.</strong></span> 
     </span>
    </p>
   </div>
   <div class='ocr_carea' id='block_1_2' title="bbox 678 436 1325 508">
    <p class='ocr_par' dir='ltr' id='par_1_2' title="bbox 678 436 1325 508">
     <span class='ocr_line' id='line_1_2' title="bbox 678 436 1325 508; baseline -0.002 -14"><span class='ocrx_word' id='word_1_5' title='bbox 678 440 926 496; x_wconf 65' lang='grc' dir='ltr'>Βιϐλίων·</span> <span class='ocrx_word' id='word_1_6' title='bbox 942 440 1024 508; x_wconf 77' lang='grc' dir='ltr'><strong>β’,</strong></span> <span class='ocrx_word' id='word_1_7' title='bbox 1062 436 1325 504; x_wconf 78' lang='grc' dir='ltr'>Ἔξοδος.</span> 
     </span>
    </p>
   </div>
   <div class='ocr_carea' id='block_1_3' title="bbox 280 551 1777 639">
    <p class='ocr_par' dir='ltr' id='par_1_3' title="bbox 280 551 1777 639">
     <span class='ocr_line' id='line_1_3' title="bbox 280 551 1777 639; baseline -0.003 -31"><span class='ocrx_word' id='word_1_8' title='bbox 280 552 424 608; x_wconf 72' lang='grc' dir='ltr'><strong>6.Καὶ</strong></span> <span class='ocrx_word' id='word_1_9' title='bbox 454 552 634 607; x_wconf 69' lang='grc' dir='ltr'>τοῦτο</span> <span class='ocrx_word' id='word_1_10' title='bbox 663 554 731 608; x_wconf 81' lang='grc' dir='ltr'><strong>τὸ</strong></span> <span class='ocrx_word' id='word_1_11' title='bbox 774 554 974 626; x_wconf 86' lang='grc' dir='ltr'>βιϐλίον</span> <span class='ocrx_word' id='word_1_12' title='bbox 998 554 1098 625; x_wconf 88' lang='grc' dir='ltr'><strong>τῆς</strong></span> <span class='ocrx_word' id='word_1_13' title='bbox 1147 552 1357 639; x_wconf 64' lang='grc' dir='ltr'>Ἐξόδου</span> <span class='ocrx_word' id='word_1_14' title='bbox 1388 556 1416 607; x_wconf 85' lang='grc' dir='ltr'>ὁ</span> <span class='ocrx_word' id='word_1_15' title='bbox 1446 551 1777 625; x_wconf 53' lang='grc' dir='ltr'>προρρηθεξ</span> 
     </span>
    </p>
   </div>
   <div class='ocr_carea' id='block_1_4' title="bbox 235 642 1777 718">
    <p class='ocr_par' dir='ltr' id='par_1_4' title="bbox 235 642 1777 718">
     <span class='ocr_line' id='line_1_4' title="bbox 235 642 1777 718; baseline -0.003 -18"><span class='ocrx_word' id='word_1_16' title='bbox 235 644 410 714; x_wconf 60' lang='lat' dir='ltr'><strong>limbo-71;</strong></span> <span class='ocrx_word' id='word_1_17' title='bbox 447 646 879 718; x_wconf 72' lang='grc' dir='ltr'>συνεγράψατο.</span> <span class='ocrx_word' id='word_1_18' title='bbox 933 646 1190 700; x_wconf 85' lang='grc' dir='ltr'>Καλεῖται</span> <span class='ocrx_word' id='word_1_19' title='bbox 1245 645 1303 698; x_wconf 81' lang='grc' dir='ltr'><strong>δὲ</strong></span> <span class='ocrx_word' id='word_1_20' title='bbox 1344 643 1538 708; x_wconf 73' lang='grc' dir='ltr'>οὕτως,</span> <span class='ocrx_word' id='word_1_21' title='bbox 1591 642 1777 714; x_wconf 78' lang='grc' dir='ltr'>ἐπειδὴ</span> 
     </span>
    </p>
   </div>
   <div class='ocr_carea' id='block_1_5' title="bbox 235 733 1776 810">
    <p class='ocr_par' dir='ltr' id='par_1_5' title="bbox 235 733 1776 810">
     <span class='ocr_line' id='line_1_5' title="bbox 235 733 1776 810; baseline -0.003 -20"><span class='ocrx_word' id='word_1_22' title='bbox 235 737 297 790; x_wconf 77' lang='grc' dir='ltr'><strong>καὶ</strong></span> <span class='ocrx_word' id='word_1_23' title='bbox 318 737 398 810; x_wconf 79' lang='grc' dir='ltr'>τὴν</span> <span class='ocrx_word' id='word_1_24' title='bbox 428 736 623 801; x_wconf 74' lang='grc' dir='ltr'>ἔξοδον</span> <span class='ocrx_word' id='word_1_25' title='bbox 686 736 799 791; x_wconf 85' lang='grc' dir='ltr'>τῶν</span> <span class='ocrx_word' id='word_1_26' title='bbox 831 737 962 791; x_wconf 86' lang='grc' dir='ltr'><strong>υἱῶν</strong></span> <span class='ocrx_word' id='word_1_27' title='bbox 1020 734 1234 808; x_wconf 80' lang='grc' dir='ltr'>Ἰσραὴλ</span> <span class='ocrx_word' id='word_1_28' title='bbox 1262 735 1504 807; x_wconf 77' lang='grc' dir='ltr'><strong>περιέχει</strong></span> <span class='ocrx_word' id='word_1_29' title='bbox 1550 733 1646 806; x_wconf 79' lang='grc' dir='ltr'>τὴν</span> <span class='ocrx_word' id='word_1_30' title='bbox 1682 735 1776 786; x_wconf 89' lang='grc' dir='ltr'>ἀπ’</span> 
     </span>
    </p>
   </div>
   <div class='ocr_carea' id='block_1_6' title="bbox 233 824 1777 898">
    <p class='ocr_par' dir='ltr' id='par_1_6' title="bbox 233 824 1777 898">
     <span class='ocr_line' id='line_1_6' title="bbox 233 824 1777 898; baseline -0.002 -19"><span class='ocrx_word' id='word_1_31' title='bbox 233 824 469 894; x_wconf 75' lang='grc' dir='ltr'><strong>Αἰγύπτου,</strong></span> <span class='ocrx_word' id='word_1_32' title='bbox 498 827 612 898; x_wconf 81' lang='grc' dir='ltr'>τὴν</span> <span class='ocrx_word' id='word_1_33' title='bbox 636 828 946 898; x_wconf 77' lang='grc' dir='ltr'><strong>γενομένην</strong></span> <span class='ocrx_word' id='word_1_34' title='bbox 972 826 1107 898; x_wconf 85' lang='grc' dir='ltr'><strong>μετὰ</strong></span> <span class='ocrx_word' id='word_1_35' title='bbox 1141 826 1239 897; x_wconf 84' lang='grc' dir='ltr'><strong>μὲν</strong></span> <span class='ocrx_word' id='word_1_36' title='bbox 1260 825 1352 897; x_wconf 79' lang='grc' dir='ltr'>ἔτη</span> <span class='ocrx_word' id='word_1_37' title='bbox 1385 825 1461 879; x_wconf 86' lang='grc' dir='ltr'>υλ¹</span> <span class='ocrx_word' id='word_1_38' title='bbox 1485 825 1584 896; x_wconf 89' lang='grc' dir='ltr'><strong>τῆς</strong></span> <span class='ocrx_word' id='word_1_39' title='bbox 1607 827 1777 892; x_wconf 77' lang='grc' dir='ltr'>ἐπαγ-</span> 
     </span>
    </p>
   </div>
   <div class='ocr_carea' id='block_1_7' title="bbox 234 916 1777 992">
    <p class='ocr_par' dir='ltr' id='par_1_7' title="bbox 234 916 1777 992">
     <span class='ocr_line' id='line_1_7' title="bbox 234 916 1777 992; baseline -0.001 -21"><span class='ocrx_word' id='word_1_40' title='bbox 234 919 360 987; x_wconf 81' lang='grc' dir='ltr'>γελίας</span> <span class='ocrx_word' id='word_1_41' title='bbox 388 919 490 990; x_wconf 81' lang='grc' dir='ltr'><strong>τῆς</strong></span> <span class='ocrx_word' id='word_1_42' title='bbox 513 918 833 992; x_wconf 78' lang='grc' dir='ltr'><strong>εἰρημένης</strong></span> <span class='ocrx_word' id='word_1_43' title='bbox 869 919 949 989; x_wconf 82' lang='grc' dir='ltr'>τῷ</span> <span class='ocrx_word' id='word_1_44' title='bbox 982 917 1249 990; x_wconf 81' lang='grc' dir='ltr'>Ἀϐραάμ,</span> <span class='ocrx_word' id='word_1_45' title='bbox 1281 917 1418 988; x_wconf 86' lang='grc' dir='ltr'><strong>μετά</strong></span> <span class='ocrx_word' id='word_1_46' title='bbox 1436 916 1492 969; x_wconf 81' lang='grc' dir='ltr'>δὲ</span> <span class='ocrx_word' id='word_1_47' title='bbox 1534 916 1628 987; x_wconf 79' lang='grc' dir='ltr'><strong>ἔτη</strong></span> <span class='ocrx_word' id='word_1_48' title='bbox 1680 917 1777 969; x_wconf 81' lang='grc' dir='ltr'>σιε⁹</span> 
     </span>
    </p>
   </div>
   <div class='ocr_carea' id='block_1_8' title="bbox 235 1007 1777 1083">
    <p class='ocr_par' dir='ltr' id='par_1_8' title="bbox 235 1007 1777 1083">
     <span class='ocr_line' id='line_1_8' title="bbox 235 1007 1777 1083; baseline -0.002 -20"><span class='ocrx_word' id='word_1_49' title='bbox 235 1012 300 1081; x_wconf 77' lang='grc' dir='ltr'><strong>τῆς</strong></span> <span class='ocrx_word' id='word_1_50' title='bbox 321 1013 362 1063; x_wconf 83' lang='grc' dir='ltr'>ὲν</span> <span class='ocrx_word' id='word_1_51' title='bbox 377 1010 660 1082; x_wconf 78' lang='grc' dir='ltr'>Αἰγύπτῳ</span> <span class='ocrx_word' id='word_1_52' title='bbox 695 1010 987 1083; x_wconf 81' lang='grc' dir='ltr'><strong>παροικίας</strong></span> <span class='ocrx_word' id='word_1_53' title='bbox 1018 1007 1271 1080; x_wconf 82' lang='grc' dir='ltr'>(τοσαῦτα</span> <span class='ocrx_word' id='word_1_54' title='bbox 1292 1008 1399 1079; x_wconf 80' lang='grc' dir='ltr'><strong>γάρ</strong></span> <span class='ocrx_word' id='word_1_55' title='bbox 1441 1007 1777 1078; x_wconf 75' lang='grc' dir='ltr'><strong>παρῴκησαν</strong></span> 
     </span>
    </p>
   </div>
   <div class='ocr_carea' id='block_1_9' title="bbox 235 1097 1777 1175">
    <p class='ocr_par' dir='ltr' id='par_1_9' title="bbox 235 1097 1777 1175">
     <span class='ocr_line' id='line_1_9' title="bbox 235 1097 1777 1175; baseline -0.003 -19"><span class='ocrx_word' id='word_1_56' title='bbox 235 1103 344 1173; x_wconf 75' lang='grc' dir='ltr'>ἐκεῖ),</span> <span class='ocrx_word' id='word_1_57' title='bbox 369 1105 461 1156; x_wconf 64' lang='grc' dir='ltr'><strong>κα)⁸</strong></span> <span class='ocrx_word' id='word_1_58' title='bbox 497 1104 651 1174; x_wconf 85' lang='grc' dir='ltr'><strong>μετά</strong></span> <span class='ocrx_word' id='word_1_59' title='bbox 694 1103 795 1175; x_wconf 80' lang='grc' dir='ltr'><strong>τὴν</strong></span> <span class='ocrx_word' id='word_1_60' title='bbox 819 1101 1152 1173; x_wconf 87' lang='grc' dir='ltr'>δεκάπληγον</span> <span class='ocrx_word' id='word_1_61' title='bbox 1172 1100 1271 1170; x_wconf 81' lang='grc' dir='ltr'><strong>τὴν</strong></span> <span class='ocrx_word' id='word_1_62' title='bbox 1299 1099 1440 1154; x_wconf 89' lang='grc' dir='ltr'><strong>κατά</strong></span> <span class='ocrx_word' id='word_1_63' title='bbox 1466 1098 1559 1153; x_wconf 80' lang='grc' dir='ltr'>τοῦ</span> <span class='ocrx_word' id='word_1_64' title='bbox 1580 1097 1777 1170; x_wconf 82' lang='grc' dir='ltr'>Φαραὼ</span> 
     </span>
    </p>
   </div>
   <div class='ocr_carea' id='block_1_10' title="bbox 235 1188 1775 1264">
    <p class='ocr_par' dir='ltr' id='par_1_10' title="bbox 235 1188 1775 1264">
     <span class='ocr_line' id='line_1_10' title="bbox 235 1188 1775 1264; baseline -0.001 -20"><span class='ocrx_word' id='word_1_65' title='bbox 235 1191 300 1245; x_wconf 83' lang='grc' dir='ltr'><strong>τοῦ</strong></span> <span class='ocrx_word' id='word_1_66' title='bbox 319 1192 563 1264; x_wconf 85' lang='grc' dir='ltr'>τυράννου</span> <span class='ocrx_word' id='word_1_67' title='bbox 591 1193 713 1263; x_wconf 82' lang='grc' dir='ltr'><strong>τῆς</strong></span> <span class='ocrx_word' id='word_1_68' title='bbox 736 1191 1032 1261; x_wconf 80' lang='grc' dir='ltr'>Αἰγύπτου.</span> <span class='ocrx_word' id='word_1_69' title='bbox 1063 1190 1206 1244; x_wconf 88' lang='grc' dir='ltr'>Δέκα</span> <span class='ocrx_word' id='word_1_70' title='bbox 1258 1189 1367 1261; x_wconf 84' lang='grc' dir='ltr'>γὰρ</span> <span class='ocrx_word' id='word_1_71' title='bbox 1402 1188 1612 1259; x_wconf 82' lang='grc' dir='ltr'>πληγὰς</span> <span class='ocrx_word' id='word_1_72' title='bbox 1675 1192 1775 1243; x_wconf 82' lang='grc' dir='ltr'><strong>ἐπ-</strong></span> 
     </span>
    </p>
   </div>
   <div class='ocr_carea' id='block_1_11' title="bbox 236 1279 1775 1354">
    <p class='ocr_par' dir='ltr' id='par_1_11' title="bbox 236 1279 1775 1354">
     <span class='ocr_line' id='line_1_11' title="bbox 236 1279 1775 1354; baseline -0.001 -18"><span class='ocrx_word' id='word_1_73' title='bbox 236 1284 431 1354; x_wconf 62' lang='grc' dir='ltr'>ἠγαγινὸ</span> <span class='ocrx_word' id='word_1_74' title='bbox 461 1282 600 1346; x_wconf 77' lang='grc' dir='ltr'>Θεὸς</span> <span class='ocrx_word' id='word_1_75' title='bbox 633 1285 767 1337; x_wconf 84' lang='grc' dir='ltr'>κατ’</span> <span class='ocrx_word' id='word_1_76' title='bbox 800 1281 961 1336; x_wconf 77' lang='grc' dir='ltr'>αὑτοῦ</span> <span class='ocrx_word' id='word_1_77' title='bbox 987 1281 1206 1344; x_wconf 88' lang='grc' dir='ltr'>ταύτας·</span> <span class='ocrx_word' id='word_1_78' title='bbox 1244 1279 1485 1353; x_wconf 84' lang='grc' dir='ltr'>πρώτην,</span> <span class='ocrx_word' id='word_1_79' title='bbox 1539 1282 1775 1352; x_wconf 72' lang='grc' dir='ltr'>ποταμὸν</span> 
     </span>
    </p>
   </div>
   <div class='ocr_carea' id='block_1_12' title="bbox 237 1370 1774 1448">
    <p class='ocr_par' dir='ltr' id='par_1_12' title="bbox 237 1370 1774 1448">
     <span class='ocr_line' id='line_1_12' title="bbox 237 1370 1774 1448; baseline 0.001 -21"><span class='ocrx_word' id='word_1_80' title='bbox 237 1378 293 1438; x_wconf 82' lang='grc' dir='ltr'>εἰς</span> <span class='ocrx_word' id='word_1_81' title='bbox 313 1370 428 1446; x_wconf 77' lang='grc' dir='ltr'>αἷμα</span> <span class='ocrx_word' id='word_1_82' title='bbox 470 1374 776 1448; x_wconf 87' lang='grc' dir='ltr'>μετέϐαλε·</span> <span class='ocrx_word' id='word_1_83' title='bbox 841 1374 1118 1447; x_wconf 82' lang='grc' dir='ltr'>δευτέραν,</span> <span class='ocrx_word' id='word_1_84' title='bbox 1177 1373 1479 1446; x_wconf 79' lang='grc' dir='ltr'>βατράχους</span> <span class='ocrx_word' id='word_1_85' title='bbox 1526 1374 1583 1428; x_wconf 79' lang='grc' dir='ltr'>ὲν</span> <span class='ocrx_word' id='word_1_86' title='bbox 1629 1375 1774 1444; x_wconf 78' lang='grc' dir='ltr'>πάσῃ</span> 
     </span>
    </p>
   </div>
   <div class='ocr_carea' id='block_1_13' title="bbox 231 1466 1777 1539">
    <p class='ocr_par' dir='ltr' id='par_1_13' title="bbox 231 1466 1777 1539">
     <span class='ocr_line' id='line_1_13' title="bbox 231 1466 1777 1539; baseline 0 -20"><span class='ocrx_word' id='word_1_87' title='bbox 231 1466 437 1538; x_wconf 83' lang='grc' dir='ltr'>Αἰγύπτῳ</span> <span class='ocrx_word' id='word_1_88' title='bbox 468 1466 763 1538; x_wconf 72' lang='grc' dir='ltr'>ἐπήγαγε·</span> <span class='ocrx_word' id='word_1_89' title='bbox 818 1467 1028 1539; x_wconf 81' lang='grc' dir='ltr'><strong>τρίτην,</strong></span> <span class='ocrx_word' id='word_1_90' title='bbox 1057 1469 1302 1535; x_wconf 78' lang='grc' dir='ltr'>σκνῖφας·</span> <span class='ocrx_word' id='word_1_91' title='bbox 1363 1467 1651 1537; x_wconf 81' lang='grc' dir='ltr'><strong>τετάρτην,</strong></span> <span class='ocrx_word' id='word_1_92' title='bbox 1680 1483 1777 1519; x_wconf 83' lang='grc' dir='ltr'>κυ-</span> 
     </span>
    </p>
   </div>
   <div class='ocr_carea' id='block_1_14' title="bbox 218 1556 1771 1631">
    <p class='ocr_par' dir='ltr' id='par_1_14' title="bbox 218 1556 1771 1631">
     <span class='ocr_line' id='line_1_14' title="bbox 218 1556 1771 1631; baseline -0.001 -19"><span class='ocrx_word' id='word_1_93' title='bbox 218 1559 418 1631; x_wconf 82' lang='grc' dir='ltr'>νόμυιαν·</span> <span class='ocrx_word' id='word_1_94' title='bbox 446 1559 754 1630; x_wconf 76' lang='grc' dir='ltr'><strong>πέμπτην,</strong></span> <span class='ocrx_word' id='word_1_95' title='bbox 814 1557 1042 1611; x_wconf 89' lang='grc' dir='ltr'>θάνατον</span> <span class='ocrx_word' id='word_1_96' title='bbox 1092 1556 1323 1628; x_wconf 84' lang='grc' dir='ltr'>κτηνῶν·</span> <span class='ocrx_word' id='word_1_97' title='bbox 1383 1557 1569 1629; x_wconf 82' lang='grc' dir='ltr'>ἓκτην,</span> <span class='ocrx_word' id='word_1_98' title='bbox 1618 1557 1771 1627; x_wconf 72' lang='grc' dir='ltr'>ἕλκη,</span> 
     </span>
    </p>
   </div>
   <div class='ocr_carea' id='block_1_15' title="bbox 203 1648 1774 1722">
    <p class='ocr_par' dir='ltr' id='par_1_15' title="bbox 203 1648 1774 1722">
     <span class='ocr_line' id='line_1_15' title="bbox 203 1648 1774 1722; baseline 0 -19"><span class='ocrx_word' id='word_1_99' title='bbox 203 1650 462 1720; x_wconf 72' lang='grc' dir='ltr'>φλυκτίδας</span> <span class='ocrx_word' id='word_1_100' title='bbox 486 1648 854 1714; x_wconf 77' lang='grc' dir='ltr'>ἀναξεούσας</span> <span class='ocrx_word' id='word_1_101' title='bbox 907 1651 998 1703; x_wconf 76' lang='grc' dir='ltr'><strong>ἐπὶ</strong></span> <span class='ocrx_word' id='word_1_102' title='bbox 1031 1652 1157 1714; x_wconf 83' lang='grc' dir='ltr'>τοὺς</span> <span class='ocrx_word' id='word_1_103' title='bbox 1209 1648 1528 1722; x_wconf 81' lang='grc' dir='ltr'>ἀνθρώπους</span> <span class='ocrx_word' id='word_1_104' title='bbox 1582 1650 1676 1702; x_wconf 70' lang='grc' dir='ltr'><strong>καὶ</strong></span> <span class='ocrx_word' id='word_1_105' title='bbox 1706 1649 1774 1703; x_wconf 81' lang='grc' dir='ltr'><strong>τὰ</strong></span> 
     </span>
    </p>
   </div>
   <div class='ocr_carea' id='block_1_16' title="bbox 204 1728 1809 1814">
    <p class='ocr_par' dir='ltr' id='par_1_16' title="bbox 204 1728 1809 1814">
     <span class='ocr_line' id='line_1_16' title="bbox 204 1728 1809 1814; baseline -0.002 -18"><span class='ocrx_word' id='word_1_106' title='bbox 204 1744 362 1813; x_wconf 77' lang='grc' dir='ltr'>κτήνη·</span> <span class='ocrx_word' id='word_1_107' title='bbox 384 1741 661 1814; x_wconf 79' lang='grc' dir='ltr'>ἑϐδόμην,</span> <span class='ocrx_word' id='word_1_108' title='bbox 697 1741 939 1812; x_wconf 73' lang='grc' dir='ltr'>χάλαζαν</span> <span class='ocrx_word' id='word_1_109' title='bbox 974 1742 1068 1795; x_wconf 61' lang='grc' dir='ltr'><strong>καὶ⁴</strong></span> <span class='ocrx_word' id='word_1_110' title='bbox 1117 1740 1227 1813; x_wconf 75' lang='grc' dir='ltr'>πῦρ</span> <span class='ocrx_word' id='word_1_111' title='bbox 1258 1740 1527 1810; x_wconf 77' lang='grc' dir='ltr'>φλογίζον·</span> <span class='ocrx_word' id='word_1_112' title='bbox 1560 1740 1771 1812; x_wconf 80' lang='grc' dir='ltr'>ὀγδόην,</span> 
     </span>
    </p>
   </div>
   <div class='ocr_carea' id='block_1_17' title="bbox 206 1835 1771 1908">
    <p class='ocr_par' dir='ltr' id='par_1_17' title="bbox 206 1835 1771 1908">
     <span class='ocr_line' id='line_1_17' title="bbox 206 1835 1771 1908; baseline -0.001 -18"><span class='ocrx_word' id='word_1_113' title='bbox 206 1837 385 1908; x_wconf 81' lang='grc' dir='ltr'>ἀκρίδα·</span> <span class='ocrx_word' id='word_1_114' title='bbox 416 1836 651 1907; x_wconf 83' lang='grc' dir='ltr'>ὲνάτην,</span> <span class='ocrx_word' id='word_1_115' title='bbox 727 1835 918 1898; x_wconf 81' lang='grc' dir='ltr'>σκότος</span> <span class='ocrx_word' id='word_1_116' title='bbox 963 1837 1021 1888; x_wconf 80' lang='grc' dir='ltr'>ὲν</span> <span class='ocrx_word' id='word_1_117' title='bbox 1059 1836 1205 1907; x_wconf 82' lang='grc' dir='ltr'>πάσῃ</span> <span class='ocrx_word' id='word_1_118' title='bbox 1257 1837 1325 1907; x_wconf 82' lang='grc' dir='ltr'>τῇ</span> <span class='ocrx_word' id='word_1_119' title='bbox 1369 1836 1629 1907; x_wconf 81' lang='grc' dir='ltr'>Αἰγύπτῳ</span> <span class='ocrx_word' id='word_1_120' title='bbox 1679 1835 1771 1888; x_wconf 75' lang='grc' dir='ltr'><strong>ἐπὶ</strong></span> 
     </span>
    </p>
   </div>
   <div class='ocr_carea' id='block_1_18' title="bbox 207 1926 1765 2001">
    <p class='ocr_par' dir='ltr' id='par_1_18' title="bbox 207 1926 1765 2001">
     <span class='ocr_line' id='line_1_18' title="bbox 207 1926 1765 2001; baseline -0.002 -19"><span class='ocrx_word' id='word_1_121' title='bbox 207 1928 440 2001; x_wconf 73' lang='grc' dir='ltr'>διάστημα</span> <span class='ocrx_word' id='word_1_122' title='bbox 464 1928 646 2001; x_wconf 85' lang='grc' dir='ltr'>τριῷν</span> <span class='ocrx_word' id='word_1_123' title='bbox 675 1926 905 2000; x_wconf 82' lang='grc' dir='ltr'>ἡμερῶν</span> <span class='ocrx_word' id='word_1_124' title='bbox 926 1927 1094 1998; x_wconf 72' lang='grc' dir='ltr'>χωρὶς</span> <span class='ocrx_word' id='word_1_125' title='bbox 1123 1927 1222 1997; x_wconf 83' lang='grc' dir='ltr'><strong>τῆς</strong></span> <span class='ocrx_word' id='word_1_126' title='bbox 1241 1927 1346 1998; x_wconf 88' lang='grc' dir='ltr'><strong>γῆς</strong></span> <span class='ocrx_word' id='word_1_127' title='bbox 1370 1927 1500 1980; x_wconf 87' lang='grc' dir='ltr'>υἱῶν</span> <span class='ocrx_word' id='word_1_128' title='bbox 1533 1927 1765 2000; x_wconf 77' lang='grc' dir='ltr'>Ἰσραήλ·</span> 
     </span>
    </p>
   </div>
   <div class='ocr_carea' id='block_1_19' title="bbox 208 2019 1768 2093">
    <p class='ocr_par' dir='ltr' id='par_1_19' title="bbox 208 2019 1768 2093">
     <span class='ocr_line' id='line_1_19' title="bbox 208 2019 1768 2093; baseline -0.002 -19"><span class='ocrx_word' id='word_1_129' title='bbox 208 2020 420 2093; x_wconf 80' lang='grc' dir='ltr'>δεκάτην,</span> <span class='ocrx_word' id='word_1_130' title='bbox 460 2020 709 2074; x_wconf 88' lang='grc' dir='ltr'>θάνατον</span> <span class='ocrx_word' id='word_1_131' title='bbox 736 2019 951 2073; x_wconf 86' lang='grc' dir='ltr'>πάντων</span> <span class='ocrx_word' id='word_1_132' title='bbox 972 2019 1077 2073; x_wconf 85' lang='grc' dir='ltr'><strong>τῶν</strong></span> <span class='ocrx_word' id='word_1_133' title='bbox 1105 2019 1463 2089; x_wconf 80' lang='grc' dir='ltr'>πρωτοτόκων</span> <span class='ocrx_word' id='word_1_134' title='bbox 1496 2019 1768 2087; x_wconf 75' lang='grc' dir='ltr'>Αἰγύπτου</span> 
     </span>
    </p>
   </div>
   <div class='ocr_carea' id='block_1_20' title="bbox 210 2108 1768 2184">
    <p class='ocr_par' dir='ltr' id='par_1_20' title="bbox 210 2108 1768 2184">
     <span class='ocr_line' id='line_1_20' title="bbox 210 2108 1768 2184; baseline -0.003 -19"><span class='ocrx_word' id='word_1_135' title='bbox 210 2112 296 2165; x_wconf 68' lang='grc' dir='ltr'><strong>ἀπὸ</strong></span> <span class='ocrx_word' id='word_1_136' title='bbox 323 2110 608 2184; x_wconf 83' lang='grc' dir='ltr'>ἀνθρώπου</span> <span class='ocrx_word' id='word_1_137' title='bbox 643 2111 760 2174; x_wconf 75' lang='grc' dir='ltr'>ἕως</span> <span class='ocrx_word' id='word_1_138' title='bbox 793 2111 1040 2182; x_wconf 81' lang='grc' dir='ltr'>κτήνους.</span> <span class='ocrx_word' id='word_1_139' title='bbox 1062 2110 1171 2163; x_wconf 75' lang='grc' dir='ltr'>Καὶ</span> <span class='ocrx_word' id='word_1_140' title='bbox 1202 2110 1324 2162; x_wconf 73' lang='grc' dir='ltr'>ἐπεὶ</span> <span class='ocrx_word' id='word_1_141' title='bbox 1369 2108 1652 2173; x_wconf 81' lang='grc' dir='ltr'>ἐξελθόντα</span> <span class='ocrx_word' id='word_1_142' title='bbox 1678 2109 1768 2162; x_wconf 82' lang='grc' dir='ltr'><strong>τὸν</strong></span> 
     </span>
    </p>
   </div>
   <div class='ocr_carea' id='block_1_21' title="bbox 211 2200 1768 2274">
    <p class='ocr_par' dir='ltr' id='par_1_21' title="bbox 211 2200 1768 2274">
     <span class='ocr_line' id='line_1_21' title="bbox 211 2200 1768 2274; baseline 0 -20"><span class='ocrx_word' id='word_1_143' title='bbox 211 2201 313 2257; x_wconf 69' lang='grc' dir='ltr'>λαὸν</span> <span class='ocrx_word' id='word_1_144' title='bbox 334 2202 659 2269; x_wconf 80' lang='grc' dir='ltr'>κατεδίωξεν</span> <span class='ocrx_word' id='word_1_145' title='bbox 700 2205 733 2257; x_wconf 85' lang='grc' dir='ltr'><strong>ὁ</strong></span> <span class='ocrx_word' id='word_1_146' title='bbox 763 2201 984 2274; x_wconf 78' lang='grc' dir='ltr'>Φαραὼ,</span> <span class='ocrx_word' id='word_1_147' title='bbox 1013 2201 1153 2256; x_wconf 76' lang='grc' dir='ltr'>οὕτω</span> <span class='ocrx_word' id='word_1_148' title='bbox 1172 2201 1354 2254; x_wconf 84' lang='grc' dir='ltr'>λοιπὸν</span> <span class='ocrx_word' id='word_1_149' title='bbox 1379 2203 1408 2255; x_wconf 89' lang='grc' dir='ltr'>ὁ</span> <span class='ocrx_word' id='word_1_150' title='bbox 1431 2202 1529 2274; x_wconf 79' lang='grc' dir='ltr'><strong>μὲν</strong></span> <span class='ocrx_word' id='word_1_151' title='bbox 1554 2200 1768 2273; x_wconf 86' lang='grc' dir='ltr'>Ἰσραὴλ</span> 
     </span>
    </p>
   </div>
   <div class='ocr_carea' id='block_1_22' title="bbox 211 2292 1768 2367">
    <p class='ocr_par' dir='ltr' id='par_1_22' title="bbox 211 2292 1768 2367">
     <span class='ocr_line' id='line_1_22' title="bbox 211 2292 1768 2367; baseline -0.003 -17"><span class='ocrx_word' id='word_1_152' title='bbox 211 2294 333 2367; x_wconf 75' lang='grc' dir='ltr'>ξηρῷ</span> <span class='ocrx_word' id='word_1_153' title='bbox 354 2295 429 2367; x_wconf 85' lang='grc' dir='ltr'>τῷ</span> <span class='ocrx_word' id='word_1_154' title='bbox 449 2296 575 2349; x_wconf 72' lang='grc' dir='ltr'>ποδὶ</span> <span class='ocrx_word' id='word_1_155' title='bbox 594 2294 761 2367; x_wconf 90' lang='grc' dir='ltr'>διέϐη</span> <span class='ocrx_word' id='word_1_156' title='bbox 781 2295 885 2365; x_wconf 84' lang='grc' dir='ltr'><strong>τὴν</strong></span> <span class='ocrx_word' id='word_1_157' title='bbox 915 2293 1150 2366; x_wconf 78' lang='grc' dir='ltr'>ἐρυθρὰν</span> <span class='ocrx_word' id='word_1_158' title='bbox 1176 2292 1452 2346; x_wconf 90' lang='grc' dir='ltr'>θάλασσαν</span> <span class='ocrx_word' id='word_1_159' title='bbox 1481 2292 1768 2364; x_wconf 82' lang='grc' dir='ltr'>διαιρεθεῖ-</span> 
     </span>
    </p>
   </div>
   <div class='ocr_carea' id='block_1_23' title="bbox 210 2383 1768 2455">
    <p class='ocr_par' dir='ltr' id='par_1_23' title="bbox 210 2383 1768 2455">
     <span class='ocr_line' id='line_1_23' title="bbox 210 2383 1768 2455; baseline -0.001 -16"><span class='ocrx_word' id='word_1_160' title='bbox 210 2403 289 2439; x_wconf 62' lang='lat' dir='ltr'><strong>ms</strong></span> <span class='ocrx_word' id='word_1_161' title='bbox 320 2386 459 2440; x_wconf 73' lang='grc' dir='ltr'>ἔνθεν</span> <span class='ocrx_word' id='word_1_162' title='bbox 510 2387 610 2441; x_wconf 58' lang='grc' dir='ltr'><strong>καὶ⁵</strong></span> <span class='ocrx_word' id='word_1_163' title='bbox 644 2386 828 2442; x_wconf 74' lang='grc' dir='ltr'>ἐνθεν·</span> <span class='ocrx_word' id='word_1_164' title='bbox 876 2388 924 2439; x_wconf 88' lang='grc' dir='ltr'>οἱ</span> <span class='ocrx_word' id='word_1_165' title='bbox 987 2385 1044 2437; x_wconf 83' lang='grc' dir='ltr'>δὲ</span> <span class='ocrx_word' id='word_1_166' title='bbox 1074 2384 1357 2455; x_wconf 82' lang='grc' dir='ltr'>Αἰγύπτιοι</span> <span class='ocrx_word' id='word_1_167' title='bbox 1404 2386 1453 2438; x_wconf 86' lang='grc' dir='ltr'><strong>οἰ</strong></span> <span class='ocrx_word' id='word_1_168' title='bbox 1483 2383 1768 2448; x_wconf 85' lang='grc' dir='ltr'>διώκοντες</span> 
     </span>
    </p>
   </div>
   <div class='ocr_carea' id='block_1_24' title="bbox 205 2475 1766 2550">
    <p class='ocr_par' dir='ltr' id='par_1_24' title="bbox 205 2475 1766 2550">
     <span class='ocr_line' id='line_1_24' title="bbox 205 2475 1766 2550; baseline -0.001 -19"><span class='ocrx_word' id='word_1_169' title='bbox 205 2478 278 2531; x_wconf 71' lang='grc' dir='ltr'>τὸν</span> <span class='ocrx_word' id='word_1_170' title='bbox 293 2479 408 2533; x_wconf 76' lang='grc' dir='ltr'>λαὸν</span> <span class='ocrx_word' id='word_1_171' title='bbox 442 2480 541 2533; x_wconf 80' lang='grc' dir='ltr'><strong>σὺν</strong></span> <span class='ocrx_word' id='word_1_172' title='bbox 576 2478 742 2550; x_wconf 83' lang='grc' dir='ltr'>αὑτῷ</span> <span class='ocrx_word' id='word_1_173' title='bbox 795 2477 874 2549; x_wconf 86' lang='grc' dir='ltr'>τῷ</span> <span class='ocrx_word' id='word_1_174' title='bbox 902 2475 1101 2549; x_wconf 82' lang='grc' dir='ltr'>Φαραὼ</span> <span class='ocrx_word' id='word_1_175' title='bbox 1158 2475 1654 2547; x_wconf 89' lang='grc' dir='ltr'>κατεποντίσθησαν</span> <span class='ocrx_word' id='word_1_176' title='bbox 1709 2478 1766 2530; x_wconf 81' lang='grc' dir='ltr'>ὲν</span> 
     </span>
    </p>
   </div>
   <div class='ocr_carea' id='block_1_25' title="bbox 203 2567 1767 2643">
    <p class='ocr_par' dir='ltr' id='par_1_25' title="bbox 203 2567 1767 2643">
     <span class='ocr_line' id='line_1_25' title="bbox 203 2567 1767 2643; baseline -0.003 -18"><span class='ocrx_word' id='word_1_177' title='bbox 203 2572 316 2643; x_wconf 78' lang='grc' dir='ltr'>αὐτῇ</span> <span class='ocrx_word' id='word_1_178' title='bbox 344 2575 406 2642; x_wconf 81' lang='grc' dir='ltr'>τῇ</span> <span class='ocrx_word' id='word_1_179' title='bbox 429 2571 712 2643; x_wconf 82' lang='grc' dir='ltr'>θαλάσσῃ.</span> <span class='ocrx_word' id='word_1_180' title='bbox 769 2570 860 2622; x_wconf 87' lang='grc' dir='ltr'>Ἐν</span> <span class='ocrx_word' id='word_1_181' title='bbox 886 2570 1058 2639; x_wconf 85' lang='grc' dir='ltr'>τούτῳ</span> <span class='ocrx_word' id='word_1_182' title='bbox 1110 2567 1188 2640; x_wconf 86' lang='grc' dir='ltr'>τῷ</span> <span class='ocrx_word' id='word_1_183' title='bbox 1239 2567 1427 2639; x_wconf 84' lang='grc' dir='ltr'>βιϐλίῳ</span> <span class='ocrx_word' id='word_1_184' title='bbox 1457 2567 1767 2639; x_wconf 82' lang='grc' dir='ltr'>περιέχεται</span> 
     </span>
    </p>
   </div>
   <div class='ocr_carea' id='block_1_26' title="bbox 200 2659 1767 2735">
    <p class='ocr_par' dir='ltr' id='par_1_26' title="bbox 200 2659 1767 2735">
     <span class='ocr_line' id='line_1_26' title="bbox 200 2659 1767 2735; baseline -0.003 -18"><span class='ocrx_word' id='word_1_185' title='bbox 200 2662 277 2717; x_wconf 74' lang='grc' dir='ltr'><strong>καὶ</strong></span> <span class='ocrx_word' id='word_1_186' title='bbox 302 2663 411 2727; x_wconf 85' lang='grc' dir='ltr'>πῶς</span> <span class='ocrx_word' id='word_1_187' title='bbox 437 2665 487 2717; x_wconf 89' lang='grc' dir='ltr'><strong>οἱ</strong></span> <span class='ocrx_word' id='word_1_188' title='bbox 507 2663 686 2735; x_wconf 83' lang='grc' dir='ltr'>μάγοι</span> <span class='ocrx_word' id='word_1_189' title='bbox 729 2660 841 2715; x_wconf 81' lang='grc' dir='ltr'>τῶν</span> <span class='ocrx_word' id='word_1_190' title='bbox 870 2660 1202 2729; x_wconf 76' lang='grc' dir='ltr'>Αἰγυπτίων,</span> <span class='ocrx_word' id='word_1_191' title='bbox 1259 2659 1463 2732; x_wconf 83' lang='grc' dir='ltr'>Ἰαννῆς</span> <span class='ocrx_word' id='word_1_192' title='bbox 1487 2661 1582 2714; x_wconf 75' lang='grc' dir='ltr'>καὶ</span> <span class='ocrx_word' id='word_1_193' title='bbox 1603 2661 1767 2731; x_wconf 88' lang='grc' dir='ltr'>Μαμ-</span> 
     </span>
    </p>
   </div>
   <div class='ocr_carea' id='block_1_27' title="bbox 196 2751 1763 2827">
    <p class='ocr_par' dir='ltr' id='par_1_27' title="bbox 196 2751 1763 2827">
     <span class='ocr_line' id='line_1_27' title="bbox 196 2751 1763 2827; baseline 0.005 -25"><span class='ocrx_word' id='word_1_194' title='bbox 196 2753 330 2826; x_wconf 73' lang='grc' dir='ltr'>ϐρῆς,</span> <span class='ocrx_word' id='word_1_195' title='bbox 363 2756 504 2809; x_wconf 74' lang='grc' dir='ltr'>κατὰ</span> <span class='ocrx_word' id='word_1_196' title='bbox 537 2754 645 2827; x_wconf 77' lang='grc' dir='ltr'>μὲν</span> <span class='ocrx_word' id='word_1_197' title='bbox 677 2753 785 2824; x_wconf 81' lang='grc' dir='ltr'>τὴν</span> <span class='ocrx_word' id='word_1_198' title='bbox 811 2753 987 2825; x_wconf 82' lang='grc' dir='ltr'>ἀρχὴν</span> <span class='ocrx_word' id='word_1_199' title='bbox 1039 2752 1371 2825; x_wconf 83' lang='grc' dir='ltr'>ἀντέστησαν</span> <span class='ocrx_word' id='word_1_200' title='bbox 1398 2751 1477 2824; x_wconf 85' lang='grc' dir='ltr'>τῷ</span> <span class='ocrx_word' id='word_1_201' title='bbox 1534 2754 1763 2823; x_wconf 79' lang='grc' dir='ltr'><strong>Μωῦσῇ.</strong></span> 
     </span>
    </p>
   </div>
   <div class='ocr_carea' id='block_1_28' title="bbox 196 2844 1766 2919">
    <p class='ocr_par' dir='ltr' id='par_1_28' title="bbox 196 2844 1766 2919">
     <span class='ocr_line' id='line_1_28' title="bbox 196 2844 1766 2919; baseline 0.002 -22"><span class='ocrx_word' id='word_1_202' title='bbox 196 2844 399 2917; x_wconf 70' lang='grc' dir='ltr'>ὕστερον</span> <span class='ocrx_word' id='word_1_203' title='bbox 425 2846 505 2914; x_wconf 84' lang='grc' dir='ltr'>δὲ,</span> <span class='ocrx_word' id='word_1_204' title='bbox 537 2845 962 2917; x_wconf 75' lang='grc' dir='ltr'>αἰσχυνθέντες,</span> <span class='ocrx_word' id='word_1_205' title='bbox 1014 2844 1386 2918; x_wconf 83' lang='grc' dir='ltr'>ἀνεχώρησαν·</span> <span class='ocrx_word' id='word_1_206' title='bbox 1421 2847 1517 2900; x_wconf 74' lang='grc' dir='ltr'>καὶ</span> <span class='ocrx_word' id='word_1_207' title='bbox 1556 2847 1590 2919; x_wconf 80' lang='grc' dir='ltr'><strong>ή</strong></span> <span class='ocrx_word' id='word_1_208' title='bbox 1637 2848 1766 2918; x_wconf 78' lang='grc' dir='ltr'>περὶ</span> 
     </span>
    </p>
   </div>
   <div class='ocr_carea' id='block_1_29' title="bbox 200 2935 1765 3009">
    <p class='ocr_par' dir='ltr' id='par_1_29' title="bbox 200 2935 1765 3009">
     <span class='ocr_line' id='line_1_29' title="bbox 200 2935 1765 3009; baseline 0.001 -21"><span class='ocrx_word' id='word_1_209' title='bbox 200 2935 277 2988; x_wconf 75' lang='grc' dir='ltr'>τοῦ</span> <span class='ocrx_word' id='word_1_210' title='bbox 299 2937 484 3008; x_wconf 82' lang='grc' dir='ltr'>Πάσχα</span> <span class='ocrx_word' id='word_1_211' title='bbox 511 2936 842 3009; x_wconf 83' lang='grc' dir='ltr'>νομοθεσία,</span> <span class='ocrx_word' id='word_1_212' title='bbox 897 2936 932 3007; x_wconf 76' lang='grc' dir='ltr'>ἦ</span> <span class='ocrx_word' id='word_1_213' title='bbox 976 2953 1035 2989; x_wconf 89' lang='grc' dir='ltr'><strong>τε</strong></span> <span class='ocrx_word' id='word_1_214' title='bbox 1064 2936 1158 2990; x_wconf 81' lang='grc' dir='ltr'>τοῦ</span> <span class='ocrx_word' id='word_1_215' title='bbox 1205 2936 1403 3009; x_wconf 80' lang='grc' dir='ltr'>πικροῦ</span> <span class='ocrx_word' id='word_1_216' title='bbox 1456 2936 1647 3002; x_wconf 77' lang='grc' dir='ltr'>ὓδατος</span> <span class='ocrx_word' id='word_1_217' title='bbox 1686 2939 1765 3001; x_wconf 85' lang='grc' dir='ltr'><strong>εἰς</strong></span> 
     </span>
    </p>
   </div>
   <div class='ocr_carea' id='block_1_30' title="bbox 204 3022 1766 3097">
    <p class='ocr_par' dir='ltr' id='par_1_30' title="bbox 204 3022 1766 3097">
     <span class='ocr_line' id='line_1_30' title="bbox 204 3022 1766 3097; baseline 0.004 -22"><span class='ocrx_word' id='word_1_218' title='bbox 204 3022 352 3091; x_wconf 81' lang='grc' dir='ltr'>γλυκῦ</span> <span class='ocrx_word' id='word_1_219' title='bbox 387 3024 686 3096; x_wconf 83' lang='grc' dir='ltr'>μεταϐολὴ,</span> <span class='ocrx_word' id='word_1_220' title='bbox 710 3027 812 3079; x_wconf 73' lang='grc' dir='ltr'><strong>καὶ</strong></span> <span class='ocrx_word' id='word_1_221' title='bbox 862 3025 963 3095; x_wconf 87' lang='grc' dir='ltr'><strong>τῆς</strong></span> <span class='ocrx_word' id='word_1_222' title='bbox 1000 3026 1416 3097; x_wconf 82' lang='grc' dir='ltr'>ὀρτυγομήτρας</span> <span class='ocrx_word' id='word_1_223' title='bbox 1470 3026 1636 3091; x_wconf 88' lang='grc' dir='ltr'>δόσις,</span> <span class='ocrx_word' id='word_1_224' title='bbox 1673 3026 1766 3081; x_wconf 75' lang='grc' dir='ltr'><strong>καὶ</strong></span> 
     </span>
    </p>
   </div>
   <div class='ocr_carea' id='block_1_31' title="bbox 3341 320 3449 378">
    <p class='ocr_par' dir='ltr' id='par_1_31' title="bbox 3341 320 3449 378">
     <span class='ocr_line' id='line_1_31' title="bbox 3341 320 3449 378; baseline 0.019 -2"><span class='ocrx_word' id='word_1_225' title='bbox 3341 320 3449 378; x_wconf 74' lang='lat'><strong>298</strong></span> 
     </span>
    </p>
   </div>
   <div class='ocr_carea' id='block_1_32' title="bbox 2364 435 2912 501">
    <p class='ocr_par' dir='ltr' id='par_1_32' title="bbox 2364 435 2912 501">
     <span class='ocr_line' id='line_1_32' title="bbox 2364 435 2912 501; baseline -0.002 -9"><span class='ocrx_word' id='word_1_226' title='bbox 2364 436 2519 492; x_wconf 79' lang='lat' dir='ltr'><strong>Liber</strong></span> <span class='ocrx_word' id='word_1_227' title='bbox 2556 436 2641 501; x_wconf 87' lang='lat' dir='ltr'><strong>II,</strong></span> <span class='ocrx_word' id='word_1_228' title='bbox 2675 435 2912 493; x_wconf 65' lang='lat' dir='ltr'><strong>Exodi“.</strong></span> 
     </span>
    </p>
   </div>
   <div class='ocr_carea' id='block_1_33' title="bbox 1937 549 3447 624">
    <p class='ocr_par' dir='ltr' id='par_1_33' title="bbox 1937 549 3447 624">
     <span class='ocr_line' id='line_1_33' title="bbox 1937 549 3447 624; baseline 0.002 -20"><span class='ocrx_word' id='word_1_229' title='bbox 1937 551 1990 604; x_wconf 91' lang='lat'><strong>6.</strong></span> <span class='ocrx_word' id='word_1_230' title='bbox 2025 549 2090 605; x_wconf 86' lang='lat' dir='ltr'><strong>Et</strong></span> <span class='ocrx_word' id='word_1_231' title='bbox 2120 552 2264 607; x_wconf 87' lang='lat' dir='ltr'><strong>hunc</strong></span> <span class='ocrx_word' id='word_1_232' title='bbox 2280 550 2450 606; x_wconf 82' lang='lat' dir='ltr'><strong>Exodi</strong></span> <span class='ocrx_word' id='word_1_233' title='bbox 2482 552 2680 606; x_wconf 87' lang='lat' dir='ltr'><strong>librum</strong></span> <span class='ocrx_word' id='word_1_234' title='bbox 2701 551 2934 624; x_wconf 81' lang='lat' dir='ltr'><strong>Moyses,</strong></span> <span class='ocrx_word' id='word_1_235' title='bbox 2964 551 3032 607; x_wconf 91' lang='lat' dir='ltr'><strong>de</strong></span> <span class='ocrx_word' id='word_1_236' title='bbox 3061 566 3169 623; x_wconf 93' lang='lat' dir='ltr'><strong>quo</strong></span> <span class='ocrx_word' id='word_1_237' title='bbox 3191 550 3306 622; x_wconf 84' lang='lat' dir='ltr'><strong>jam</strong></span> <span class='ocrx_word' id='word_1_238' title='bbox 3333 567 3447 607; x_wconf 89' lang='lat' dir='ltr'><strong>me-</strong></span> 
     </span>
    </p>
   </div>
   <div class='ocr_carea' id='block_1_34' title="bbox 1881 641 3444 715">
    <p class='ocr_par' dir='ltr' id='par_1_34' title="bbox 1881 641 3444 715">
     <span class='ocr_line' id='line_1_34' title="bbox 1881 641 3444 715; baseline 0.003 -21"><span class='ocrx_word' id='word_1_239' title='bbox 1881 642 2159 707; x_wconf 88' lang='lat' dir='ltr'><strong>minimus,</strong></span> <span class='ocrx_word' id='word_1_240' title='bbox 2191 644 2544 715; x_wconf 77' lang='lat' dir='ltr'><strong>conscripsit.</strong></span> <span class='ocrx_word' id='word_1_241' title='bbox 2578 641 2820 698; x_wconf 77' lang='lat' dir='ltr'><strong>Vocatur</strong></span> <span class='ocrx_word' id='word_1_242' title='bbox 2862 652 3045 699; x_wconf 91' lang='lat' dir='ltr'><strong>autem</strong></span> <span class='ocrx_word' id='word_1_243' title='bbox 3069 644 3174 699; x_wconf 92' lang='lat' dir='ltr'><strong>hoc</strong></span> <span class='ocrx_word' id='word_1_244' title='bbox 3201 644 3444 709; x_wconf 86' lang='lat' dir='ltr'><strong>nomine,</strong></span> 
     </span>
    </p>
   </div>
   <div class='ocr_carea' id='block_1_35' title="bbox 1877 733 3449 806">
    <p class='ocr_par' dir='ltr' id='par_1_35' title="bbox 1877 733 3449 806">
     <span class='ocr_line' id='line_1_35' title="bbox 1877 733 3449 806; baseline 0.003 -20"><span class='ocrx_word' id='word_1_245' title='bbox 1877 733 2003 802; x_wconf 84' lang='lat' dir='ltr'><strong>quia</strong></span> <span class='ocrx_word' id='word_1_246' title='bbox 2058 733 2301 790; x_wconf 80' lang='lat' dir='ltr'><strong>Exodum</strong></span> <span class='ocrx_word' id='word_1_247' title='bbox 2351 751 2447 790; x_wconf 90' lang='lat' dir='ltr'><strong>seu</strong></span> <span class='ocrx_word' id='word_1_248' title='bbox 2483 735 2852 806; x_wconf 78' lang='lat' dir='ltr'><strong>egressionem</strong></span> <span class='ocrx_word' id='word_1_249' title='bbox 2896 735 3130 790; x_wconf 86' lang='lat' dir='ltr'><strong>ﬁliorum</strong></span> <span class='ocrx_word' id='word_1_250' title='bbox 3175 733 3341 791; x_wconf 88' lang='lat' dir='ltr'><strong>Israel</strong></span> <span class='ocrx_word' id='word_1_251' title='bbox 3380 751 3449 791; x_wconf 73' lang='lat' dir='ltr'><strong>ex</strong></span> 
     </span>
    </p>
   </div>
   <div class='ocr_carea' id='block_1_36' title="bbox 1877 826 3447 900">
    <p class='ocr_par' dir='ltr' id='par_1_36' title="bbox 1877 826 3447 900">
     <span class='ocr_line' id='line_1_36' title="bbox 1877 826 3447 900; baseline 0.003 -21"><span class='ocrx_word' id='word_1_252' title='bbox 1877 826 2112 898; x_wconf 60' lang='lat' dir='ltr'><strong>Egypto</strong></span> <span class='ocrx_word' id='word_1_253' title='bbox 2161 827 2429 890; x_wconf 75' lang='lat' dir='ltr'><strong>continet,</strong></span> <span class='ocrx_word' id='word_1_254' title='bbox 2462 843 2582 898; x_wconf 76' lang='lat' dir='ltr'><strong>qua:</strong></span> <span class='ocrx_word' id='word_1_255' title='bbox 2623 829 2852 900; x_wconf 73' lang='lat' dir='ltr'><strong>contigit</strong></span> <span class='ocrx_word' id='word_1_256' title='bbox 2874 839 2996 900; x_wconf 86' lang='lat' dir='ltr'><strong>post</strong></span> <span class='ocrx_word' id='word_1_257' title='bbox 3025 829 3447 899; x_wconf 84' lang='lat' dir='ltr'><strong>promissionem</strong></span> 
     </span>
    </p>
   </div>
   <div class='ocr_carea' id='block_1_37' title="bbox 1877 917 3444 991">
    <p class='ocr_par' dir='ltr' id='par_1_37' title="bbox 1877 917 3444 991">
     <span class='ocr_line' id='line_1_37' title="bbox 1877 917 3444 991; baseline 0.003 -20"><span class='ocrx_word' id='word_1_258' title='bbox 1877 917 2110 974; x_wconf 64' lang='lat' dir='ltr'><strong>Abrahae</strong></span> <span class='ocrx_word' id='word_1_259' title='bbox 2145 919 2343 975; x_wconf 81' lang='lat' dir='ltr'><strong>factam</strong></span> <span class='ocrx_word' id='word_1_260' title='bbox 2395 934 2540 974; x_wconf 89' lang='lat' dir='ltr'><strong>anno</strong></span> <span class='ocrx_word' id='word_1_261' title='bbox 2576 922 3116 991; x_wconf 79' lang='lat' dir='ltr'><strong>quadringentesimo</strong></span> <span class='ocrx_word' id='word_1_262' title='bbox 3142 922 3444 987; x_wconf 85' lang='lat' dir='ltr'><strong>tricesimo,</strong></span> 
     </span>
    </p>
   </div>
   <div class='ocr_carea' id='block_1_38' title="bbox 1876 1009 3448 1085">
    <p class='ocr_par' dir='ltr' id='par_1_38' title="bbox 1876 1009 3448 1085">
     <span class='ocr_line' id='line_1_38' title="bbox 1876 1009 3448 1085; baseline 0.004 -24"><span class='ocrx_word' id='word_1_263' title='bbox 1876 1016 2002 1078; x_wconf 88' lang='lat' dir='ltr'><strong>post</strong></span> <span class='ocrx_word' id='word_1_264' title='bbox 2024 1009 2323 1064; x_wconf 90' lang='lat' dir='ltr'><strong>incolatum</strong></span> <span class='ocrx_word' id='word_1_265' title='bbox 2359 1026 2488 1067; x_wconf 84' lang='lat' dir='ltr'><strong>vero</strong></span> <span class='ocrx_word' id='word_1_266' title='bbox 2518 1012 2574 1065; x_wconf 89' lang='lat' dir='ltr'><strong>in</strong></span> <span class='ocrx_word' id='word_1_267' title='bbox 2618 1010 2856 1083; x_wconf 65' lang='lat' dir='ltr'><strong>Egypto</strong></span> <span class='ocrx_word' id='word_1_268' title='bbox 2876 1013 3258 1069; x_wconf 83' lang='lat' dir='ltr'><strong>ducentesimo</strong></span> <span class='ocrx_word' id='word_1_269' title='bbox 3286 1015 3448 1085; x_wconf 79' lang='lat' dir='ltr'><strong>quin-</strong></span> 
     </span>
    </p>
   </div>
   <div class='ocr_carea' id='block_1_39' title="bbox 1877 1101 3449 1175">
    <p class='ocr_par' dir='ltr' id='par_1_39' title="bbox 1877 1101 3449 1175">
     <span class='ocr_line' id='line_1_39' title="bbox 1877 1101 3449 1175; baseline 0.002 -20"><span class='ocrx_word' id='word_1_270' title='bbox 1877 1103 2150 1158; x_wconf 89' lang='lat' dir='ltr'><strong>todecimo</strong></span> <span class='ocrx_word' id='word_1_271' title='bbox 2180 1105 2281 1175; x_wconf 90' lang='lat' dir='ltr'><strong>(tot</strong></span> <span class='ocrx_word' id='word_1_272' title='bbox 2303 1101 2448 1158; x_wconf 89' lang='lat' dir='ltr'><strong>enim</strong></span> <span class='ocrx_word' id='word_1_273' title='bbox 2469 1118 2646 1157; x_wconf 91' lang='lat' dir='ltr'><strong>annos</strong></span> <span class='ocrx_word' id='word_1_274' title='bbox 2673 1104 2726 1157; x_wconf 91' lang='lat' dir='ltr'><strong>in</strong></span> <span class='ocrx_word' id='word_1_275' title='bbox 2745 1104 2837 1157; x_wconf 88' lang='lat' dir='ltr'><strong>illa</strong></span> <span class='ocrx_word' id='word_1_276' title='bbox 2860 1104 3224 1175; x_wconf 81' lang='lat' dir='ltr'><strong>exsularunt),</strong></span> <span class='ocrx_word' id='word_1_277' title='bbox 3248 1113 3302 1160; x_wconf 89' lang='lat' dir='ltr'><strong>et</strong></span> <span class='ocrx_word' id='word_1_278' title='bbox 3325 1112 3449 1175; x_wconf 84' lang='lat' dir='ltr'><strong>post</strong></span> 
     </span>
    </p>
   </div>
   <div class='ocr_carea' id='block_1_40' title="bbox 1877 1178 3443 1268">
    <p class='ocr_par' dir='ltr' id='par_1_40' title="bbox 1877 1178 3443 1268">
     <span class='ocr_line' id='line_1_40' title="bbox 1877 1178 3443 1268; baseline 0.003 -20"><span class='ocrx_word' id='word_1_279' title='bbox 1877 1193 2067 1250; x_wconf 84' lang='lat' dir='ltr'><strong>decem</strong></span> <span class='ocrx_word' id='word_1_280' title='bbox 2120 1196 2307 1267; x_wconf 81' lang='lat' dir='ltr'><strong>plagas</strong></span> <span class='ocrx_word' id='word_1_281' title='bbox 2355 1194 2628 1250; x_wconf 89' lang='lat' dir='ltr'><strong>Pharaoni</strong></span> <span class='ocrx_word' id='word_1_282' title='bbox 2678 1193 2897 1266; x_wconf 62' lang='lat' dir='ltr'><strong>[Egypti</strong></span> <span class='ocrx_word' id='word_1_283' title='bbox 2953 1178 3186 1268; x_wconf 73' lang='lat' dir='ltr'><strong>tyranno</strong></span> <span class='ocrx_word' id='word_1_284' title='bbox 3241 1196 3443 1252; x_wconf 84' lang='lat' dir='ltr'><strong>illatas.</strong></span> 
     </span>
    </p>
   </div>
   <div class='ocr_carea' id='block_1_41' title="bbox 1877 1286 3449 1359">
    <p class='ocr_par' dir='ltr' id='par_1_41' title="bbox 1877 1286 3449 1359">
     <span class='ocr_line' id='line_1_41' title="bbox 1877 1286 3449 1359; baseline 0.001 -19"><span class='ocrx_word' id='word_1_285' title='bbox 1877 1286 2009 1341; x_wconf 82' lang='lat' dir='ltr'><strong>Nam</strong></span> <span class='ocrx_word' id='word_1_286' title='bbox 2041 1288 2228 1343; x_wconf 91' lang='lat' dir='ltr'><strong>decem</strong></span> <span class='ocrx_word' id='word_1_287' title='bbox 2260 1288 2422 1344; x_wconf 90' lang='lat' dir='ltr'><strong>hasce</strong></span> <span class='ocrx_word' id='word_1_288' title='bbox 2451 1289 2639 1359; x_wconf 82' lang='lat' dir='ltr'><strong>plagas</strong></span> <span class='ocrx_word' id='word_1_289' title='bbox 2662 1297 2854 1343; x_wconf 89' lang='lat' dir='ltr'><strong>contra</strong></span> <span class='ocrx_word' id='word_1_290' title='bbox 2890 1288 3042 1343; x_wconf 91' lang='lat' dir='ltr'><strong>illum</strong></span> <span class='ocrx_word' id='word_1_291' title='bbox 3075 1289 3341 1345; x_wconf 85' lang='lat' dir='ltr'><strong>Dominus</strong></span> <span class='ocrx_word' id='word_1_292' title='bbox 3363 1289 3449 1342; x_wconf 88' lang='lat' dir='ltr'><strong>in-</strong></span> 
     </span>
    </p>
   </div>
   <div class='ocr_carea' id='block_1_42' title="bbox 1876 1380 3446 1451">
    <p class='ocr_par' dir='ltr' id='par_1_42' title="bbox 1876 1380 3446 1451">
     <span class='ocr_line' id='line_1_42' title="bbox 1876 1380 3446 1451; baseline 0.001 -16"><span class='ocrx_word' id='word_1_293' title='bbox 1876 1380 2352 1450; x_wconf 79' lang='lat' dir='ltr'><strong>duxitzprimam,</strong></span> <span class='ocrx_word' id='word_1_294' title='bbox 2391 1396 2500 1451; x_wconf 87' lang='lat' dir='ltr'><strong>qua</strong></span> <span class='ocrx_word' id='word_1_295' title='bbox 2548 1381 2787 1438; x_wconf 81' lang='lat' dir='ltr'><strong>ﬂuminis</strong></span> <span class='ocrx_word' id='word_1_296' title='bbox 2840 1381 3042 1437; x_wconf 90' lang='lat' dir='ltr'><strong>undam</strong></span> <span class='ocrx_word' id='word_1_297' title='bbox 3103 1382 3335 1435; x_wconf 87' lang='lat' dir='ltr'><strong>mutavit</strong></span> <span class='ocrx_word' id='word_1_298' title='bbox 3388 1380 3446 1436; x_wconf 93' lang='lat' dir='ltr'><strong>in</strong></span> 
     </span>
    </p>
   </div>
   <div class='ocr_carea' id='block_1_43' title="bbox 1876 1468 3445 1543">
    <p class='ocr_par' dir='ltr' id='par_1_43' title="bbox 1876 1468 3445 1543">
     <span class='ocr_line' id='line_1_43' title="bbox 1876 1468 3445 1543; baseline -0.001 -18"><span class='ocrx_word' id='word_1_299' title='bbox 1876 1470 2236 1543; x_wconf 89' lang='lat' dir='ltr'><strong>sanguinem;</strong></span> <span class='ocrx_word' id='word_1_300' title='bbox 2294 1471 2545 1535; x_wconf 83' lang='lat' dir='ltr'><strong>alteram,</strong></span> <span class='ocrx_word' id='word_1_301' title='bbox 2583 1486 2690 1542; x_wconf 90' lang='lat' dir='ltr'><strong>qua</strong></span> <span class='ocrx_word' id='word_1_302' title='bbox 2735 1486 2901 1527; x_wconf 87' lang='lat' dir='ltr'><strong>ranas</strong></span> <span class='ocrx_word' id='word_1_303' title='bbox 2950 1470 3006 1524; x_wconf 91' lang='lat' dir='ltr'><strong>in</strong></span> <span class='ocrx_word' id='word_1_304' title='bbox 3057 1476 3168 1525; x_wconf 88' lang='lat' dir='ltr'><strong>tota</strong></span> <span class='ocrx_word' id='word_1_305' title='bbox 3206 1468 3445 1541; x_wconf 63' lang='lat' dir='ltr'><strong>Egypto</strong></span> 
     </span>
    </p>
   </div>
   <div class='ocr_carea' id='block_1_44' title="bbox 1876 1562 3447 1634">
    <p class='ocr_par' dir='ltr' id='par_1_44' title="bbox 1876 1562 3447 1634">
     <span class='ocr_line' id='line_1_44' title="bbox 1876 1562 3447 1634; baseline 0 -18"><span class='ocrx_word' id='word_1_306' title='bbox 1876 1562 2167 1633; x_wconf 62' lang='lat' dir='ltr'><strong>produxit;</strong></span> <span class='ocrx_word' id='word_1_307' title='bbox 2217 1563 2457 1629; x_wconf 80' lang='lat' dir='ltr'><strong>tertiam,</strong></span> <span class='ocrx_word' id='word_1_308' title='bbox 2516 1578 2625 1634; x_wconf 87' lang='lat' dir='ltr'><strong>qua</strong></span> <span class='ocrx_word' id='word_1_309' title='bbox 2670 1564 2980 1634; x_wconf 87' lang='lat' dir='ltr'><strong>sciniphes;</strong></span> <span class='ocrx_word' id='word_1_310' title='bbox 3031 1572 3301 1634; x_wconf 89' lang='lat' dir='ltr'><strong>quartam,</strong></span> <span class='ocrx_word' id='word_1_311' title='bbox 3337 1578 3447 1633; x_wconf 87' lang='lat' dir='ltr'><strong>qua</strong></span> 
     </span>
    </p>
   </div>
   <div class='ocr_carea' id='block_1_45' title="bbox 1875 1657 3448 1727">
    <p class='ocr_par' dir='ltr' id='par_1_45' title="bbox 1875 1657 3448 1727">
     <span class='ocr_line' id='line_1_45' title="bbox 1875 1657 3448 1727; baseline 0.001 -18"><span class='ocrx_word' id='word_1_312' title='bbox 1875 1670 2121 1710; x_wconf 88' lang='lat' dir='ltr'><strong>muscam</strong></span> <span class='ocrx_word' id='word_1_313' title='bbox 2156 1657 2443 1723; x_wconf 91' lang='lat' dir='ltr'><strong>caninam;</strong></span> <span class='ocrx_word' id='word_1_314' title='bbox 2493 1657 2762 1727; x_wconf 89' lang='lat' dir='ltr'><strong>quintam,</strong></span> <span class='ocrx_word' id='word_1_315' title='bbox 2810 1672 2918 1727; x_wconf 91' lang='lat' dir='ltr'><strong>qua</strong></span> <span class='ocrx_word' id='word_1_316' title='bbox 2969 1665 3201 1712; x_wconf 88' lang='lat' dir='ltr'><strong>mortem</strong></span> <span class='ocrx_word' id='word_1_317' title='bbox 3229 1657 3448 1725; x_wconf 79' lang='lat' dir='ltr'><strong>jumen-</strong></span> 
     </span>
    </p>
   </div>
   <div class='ocr_carea' id='block_1_46' title="bbox 1874 1749 3448 1820">
    <p class='ocr_par' dir='ltr' id='par_1_46' title="bbox 1874 1749 3448 1820">
     <span class='ocr_line' id='line_1_46' title="bbox 1874 1749 3448 1820; baseline 0.003 -21"><span class='ocrx_word' id='word_1_318' title='bbox 1874 1752 2090 1815; x_wconf 90' lang='lat' dir='ltr'><strong>torum;</strong></span> <span class='ocrx_word' id='word_1_319' title='bbox 2143 1755 2375 1812; x_wconf 82' lang='lat' dir='ltr'><strong>sextam,</strong></span> <span class='ocrx_word' id='word_1_320' title='bbox 2418 1763 2527 1818; x_wconf 86' lang='lat' dir='ltr'><strong>qua</strong></span> <span class='ocrx_word' id='word_1_321' title='bbox 2569 1751 2753 1803; x_wconf 89' lang='lat' dir='ltr'><strong>ulcera</strong></span> <span class='ocrx_word' id='word_1_322' title='bbox 2811 1749 3087 1820; x_wconf 84' lang='lat' dir='ltr'><strong>turgentia</strong></span> <span class='ocrx_word' id='word_1_323' title='bbox 3126 1753 3181 1802; x_wconf 88' lang='lat' dir='ltr'><strong>et</strong></span> <span class='ocrx_word' id='word_1_324' title='bbox 3230 1750 3448 1803; x_wconf 81' lang='lat' dir='ltr'><strong>urentia</strong></span> 
     </span>
    </p>
   </div>
   <div class='ocr_carea' id='block_1_47' title="bbox 1878 1838 3449 1910">
    <p class='ocr_par' dir='ltr' id='par_1_47' title="bbox 1878 1838 3449 1910">
     <span class='ocr_line' id='line_1_47' title="bbox 1878 1838 3449 1910; baseline 0.003 -20"><span class='ocrx_word' id='word_1_325' title='bbox 1878 1838 2193 1894; x_wconf 87' lang='lat' dir='ltr'><strong>hominibus</strong></span> <span class='ocrx_word' id='word_1_326' title='bbox 2246 1847 2301 1894; x_wconf 89' lang='lat' dir='ltr'><strong>et</strong></span> <span class='ocrx_word' id='word_1_327' title='bbox 2344 1839 2611 1909; x_wconf 74' lang='lat' dir='ltr'><strong>iumentis</strong></span> <span class='ocrx_word' id='word_1_328' title='bbox 2656 1840 2918 1908; x_wconf 89' lang='lat' dir='ltr'><strong>immisit;</strong></span> <span class='ocrx_word' id='word_1_329' title='bbox 2973 1839 3283 1910; x_wconf 88' lang='lat' dir='ltr'><strong>septimam,</strong></span> <span class='ocrx_word' id='word_1_330' title='bbox 3338 1852 3449 1910; x_wconf 88' lang='lat' dir='ltr'><strong>qua</strong></span> 
     </span>
    </p>
   </div>
   <div class='ocr_carea' id='block_1_48' title="bbox 1874 1932 3445 2005">
    <p class='ocr_par' dir='ltr' id='par_1_48' title="bbox 1874 1932 3445 2005">
     <span class='ocr_line' id='line_1_48' title="bbox 1874 1932 3445 2005; baseline 0 -17"><span class='ocrx_word' id='word_1_331' title='bbox 1874 1932 2191 2003; x_wconf 82' lang='lat' dir='ltr'><strong>grandinem</strong></span> <span class='ocrx_word' id='word_1_332' title='bbox 2220 1941 2276 1988; x_wconf 86' lang='lat' dir='ltr'><strong>et</strong></span> <span class='ocrx_word' id='word_1_333' title='bbox 2297 1933 2475 2004; x_wconf 83' lang='lat' dir='ltr'><strong>ignem</strong></span> <span class='ocrx_word' id='word_1_334' title='bbox 2510 1934 2877 1990; x_wconf 83' lang='lat' dir='ltr'><strong>ﬂammantem</strong></span> <span class='ocrx_word' id='word_1_335' title='bbox 2908 1935 3138 2005; x_wconf 83' lang='lat' dir='ltr'><strong>dejecit;</strong></span> <span class='ocrx_word' id='word_1_336' title='bbox 3173 1942 3445 2001; x_wconf 83' lang='lat' dir='ltr'><strong>octavam,</strong></span> 
     </span>
    </p>
   </div>
   <div class='ocr_carea' id='block_1_49' title="bbox 1874 2025 3449 2094">
    <p class='ocr_par' dir='ltr' id='par_1_49' title="bbox 1874 2025 3449 2094">
     <span class='ocr_line' id='line_1_49' title="bbox 1874 2025 3449 2094; baseline 0.003 -17"><span class='ocrx_word' id='word_1_337' title='bbox 1874 2039 1983 2094; x_wconf 88' lang='lat' dir='ltr'><strong>qua</strong></span> <span class='ocrx_word' id='word_1_338' title='bbox 2035 2025 2343 2091; x_wconf 88' lang='lat' dir='ltr'><strong>locustam;</strong></span> <span class='ocrx_word' id='word_1_339' title='bbox 2391 2038 2617 2091; x_wconf 89' lang='lat' dir='ltr'><strong>nonam,</strong></span> <span class='ocrx_word' id='word_1_340' title='bbox 2663 2039 2772 2094; x_wconf 91' lang='lat' dir='ltr'><strong>qua</strong></span> <span class='ocrx_word' id='word_1_341' title='bbox 2828 2026 3116 2081; x_wconf 89' lang='lat' dir='ltr'><strong>triduanas</strong></span> <span class='ocrx_word' id='word_1_342' title='bbox 3177 2027 3449 2081; x_wconf 70' lang='lat' dir='ltr'><strong>universa:</strong></span> 
     </span>
    </p>
   </div>
   <div class='ocr_carea' id='block_1_50' title="bbox 1876 2117 3449 2190">
    <p class='ocr_par' dir='ltr' id='par_1_50' title="bbox 1876 2117 3449 2190">
     <span class='ocr_line' id='line_1_50' title="bbox 1876 2117 3449 2190; baseline 0.001 -18"><span class='ocrx_word' id='word_1_343' title='bbox 1876 2117 2112 2190; x_wconf 66' lang='lat' dir='ltr'><strong>Egypto</strong></span> <span class='ocrx_word' id='word_1_344' title='bbox 2134 2117 2409 2184; x_wconf 89' lang='lat' dir='ltr'><strong>tenebras,</strong></span> <span class='ocrx_word' id='word_1_345' title='bbox 2437 2117 2658 2188; x_wconf 88' lang='lat' dir='ltr'><strong>dempta</strong></span> <span class='ocrx_word' id='word_1_346' title='bbox 2696 2125 2841 2173; x_wconf 89' lang='lat' dir='ltr'><strong>terra</strong></span> <span class='ocrx_word' id='word_1_347' title='bbox 2877 2118 3112 2173; x_wconf 88' lang='lat' dir='ltr'><strong>ﬁliorum</strong></span> <span class='ocrx_word' id='word_1_348' title='bbox 3141 2118 3333 2185; x_wconf 86' lang='lat' dir='ltr'><strong>Israel,</strong></span> <span class='ocrx_word' id='word_1_349' title='bbox 3362 2120 3449 2173; x_wconf 91' lang='lat' dir='ltr'><strong>in-</strong></span> 
     </span>
    </p>
   </div>
   <div class='ocr_carea' id='block_1_51' title="bbox 1873 2207 3447 2281">
    <p class='ocr_par' dir='ltr' id='par_1_51' title="bbox 1873 2207 3447 2281">
     <span class='ocr_line' id='line_1_51' title="bbox 1873 2207 3447 2281; baseline 0.003 -17"><span class='ocrx_word' id='word_1_350' title='bbox 1873 2210 2038 2276; x_wconf 89' lang='lat' dir='ltr'><strong>tulit;</strong></span> <span class='ocrx_word' id='word_1_351' title='bbox 2090 2207 2380 2273; x_wconf 88' lang='lat' dir='ltr'><strong>decimam,</strong></span> <span class='ocrx_word' id='word_1_352' title='bbox 2416 2223 2525 2278; x_wconf 91' lang='lat' dir='ltr'><strong>qua</strong></span> <span class='ocrx_word' id='word_1_353' title='bbox 2561 2223 2752 2264; x_wconf 80' lang='lat' dir='ltr'><strong>omnes</strong></span> <span class='ocrx_word' id='word_1_354' title='bbox 2791 2207 3011 2281; x_wconf 69' lang='lat' dir='ltr'><strong>Egypti</strong></span> <span class='ocrx_word' id='word_1_355' title='bbox 3054 2210 3447 2281; x_wconf 86' lang='lat' dir='ltr'><strong>primogenitos</strong></span> 
     </span>
    </p>
   </div>
   <div class='ocr_carea' id='block_1_52' title="bbox 1874 2299 3444 2370">
    <p class='ocr_par' dir='ltr' id='par_1_52' title="bbox 1874 2299 3444 2370">
     <span class='ocr_line' id='line_1_52' title="bbox 1874 2299 3444 2370; baseline -0.001 -12"><span class='ocrx_word' id='word_1_356' title='bbox 1874 2302 1942 2358; x_wconf 90' lang='lat' dir='ltr'><strong>ab</strong></span> <span class='ocrx_word' id='word_1_357' title='bbox 1966 2300 2188 2356; x_wconf 84' lang='lat' dir='ltr'><strong>homine</strong></span> <span class='ocrx_word' id='word_1_358' title='bbox 2221 2314 2399 2370; x_wconf 86' lang='lat' dir='ltr'><strong>usque</strong></span> <span class='ocrx_word' id='word_1_359' title='bbox 2427 2299 2495 2354; x_wconf 89' lang='lat' dir='ltr'><strong>ad</strong></span> <span class='ocrx_word' id='word_1_360' title='bbox 2516 2299 2765 2369; x_wconf 85' lang='lat' dir='ltr'><strong>jumenta</strong></span> <span class='ocrx_word' id='word_1_361' title='bbox 2799 2301 3024 2356; x_wconf 87' lang='lat' dir='ltr'><strong>occidit.</strong></span> <span class='ocrx_word' id='word_1_362' title='bbox 3061 2300 3265 2357; x_wconf 88' lang='lat' dir='ltr'><strong>Deinde</strong></span> <span class='ocrx_word' id='word_1_363' title='bbox 3292 2317 3444 2357; x_wconf 73' lang='lat' dir='ltr'><strong>com-</strong></span> 
     </span>
    </p>
   </div>
   <div class='ocr_carea' id='block_1_53' title="bbox 1874 2392 3447 2465">
    <p class='ocr_par' dir='ltr' id='par_1_53' title="bbox 1874 2392 3447 2465">
     <span class='ocr_line' id='line_1_53' title="bbox 1874 2392 3447 2465; baseline -0.001 -16"><span class='ocrx_word' id='word_1_364' title='bbox 1874 2403 2226 2461; x_wconf 84' lang='lat' dir='ltr'><strong>memoratur,</strong></span> <span class='ocrx_word' id='word_1_365' title='bbox 2257 2392 2532 2463; x_wconf 88' lang='lat' dir='ltr'><strong>quomodo</strong></span> <span class='ocrx_word' id='word_1_366' title='bbox 2580 2407 2861 2463; x_wconf 88' lang='lat' dir='ltr'><strong>egressum</strong></span> <span class='ocrx_word' id='word_1_367' title='bbox 2894 2393 3155 2465; x_wconf 87' lang='lat' dir='ltr'><strong>populum</strong></span> <span class='ocrx_word' id='word_1_368' title='bbox 3186 2409 3447 2465; x_wconf 84' lang='lat' dir='ltr'><strong>persecu-</strong></span> 
     </span>
    </p>
   </div>
   <div class='ocr_carea' id='block_1_54' title="bbox 1873 2484 3446 2556">
    <p class='ocr_par' dir='ltr' id='par_1_54' title="bbox 1873 2484 3446 2556">
     <span class='ocr_line' id='line_1_54' title="bbox 1873 2484 3446 2556; baseline -0.001 -14"><span class='ocrx_word' id='word_1_369' title='bbox 1873 2496 1962 2545; x_wconf 87' lang='lat' dir='ltr'><strong>tus</strong></span> <span class='ocrx_word' id='word_1_370' title='bbox 1991 2489 2063 2544; x_wconf 88' lang='lat' dir='ltr'><strong>sit</strong></span> <span class='ocrx_word' id='word_1_371' title='bbox 2107 2486 2339 2552; x_wconf 84' lang='lat' dir='ltr'><strong>Pharao,</strong></span> <span class='ocrx_word' id='word_1_372' title='bbox 2379 2495 2433 2541; x_wconf 90' lang='lat' dir='ltr'><strong>et</strong></span> <span class='ocrx_word' id='word_1_373' title='bbox 2461 2484 2629 2541; x_wconf 91' lang='lat' dir='ltr'><strong>Israel</strong></span> <span class='ocrx_word' id='word_1_374' title='bbox 2675 2485 2894 2556; x_wconf 86' lang='lat' dir='ltr'><strong>quidem</strong></span> <span class='ocrx_word' id='word_1_375' title='bbox 2925 2487 3074 2542; x_wconf 83' lang='lat' dir='ltr'><strong>sicco</strong></span> <span class='ocrx_word' id='word_1_376' title='bbox 3117 2487 3253 2556; x_wconf 90' lang='lat' dir='ltr'><strong>pede</strong></span> <span class='ocrx_word' id='word_1_377' title='bbox 3295 2502 3446 2541; x_wconf 89' lang='lat' dir='ltr'><strong>mare</strong></span> 
     </span>
    </p>
   </div>
   <div class='ocr_carea' id='block_1_55' title="bbox 1873 2575 3444 2649">
    <p class='ocr_par' dir='ltr' id='par_1_55' title="bbox 1873 2575 3444 2649">
     <span class='ocr_line' id='line_1_55' title="bbox 1873 2575 3444 2649; baseline -0.003 -14"><span class='ocrx_word' id='word_1_378' title='bbox 1873 2580 2118 2635; x_wconf 80' lang='lat' dir='ltr'><strong>Rubrum</strong></span> <span class='ocrx_word' id='word_1_379' title='bbox 2153 2579 2257 2633; x_wconf 88' lang='lat' dir='ltr'><strong>hac</strong></span> <span class='ocrx_word' id='word_1_380' title='bbox 2289 2584 2453 2648; x_wconf 89' lang='lat' dir='ltr'><strong>atque</strong></span> <span class='ocrx_word' id='word_1_381' title='bbox 2494 2577 2620 2632; x_wconf 86' lang='lat' dir='ltr'><strong>illac</strong></span> <span class='ocrx_word' id='word_1_382' title='bbox 2650 2577 2885 2633; x_wconf 83' lang='lat' dir='ltr'><strong>divisum</strong></span> <span class='ocrx_word' id='word_1_383' title='bbox 2921 2577 3237 2633; x_wconf 90' lang='lat' dir='ltr'><strong>transierit:</strong></span> <span class='ocrx_word' id='word_1_384' title='bbox 3270 2575 3444 2649; x_wconf 67' lang='lat' dir='ltr'><strong>Egy-</strong></span> 
     </span>
    </p>
   </div>
   <div class='ocr_carea' id='block_1_56' title="bbox 1873 2667 3445 2742">
    <p class='ocr_par' dir='ltr' id='par_1_56' title="bbox 1873 2667 3445 2742">
     <span class='ocr_line' id='line_1_56' title="bbox 1873 2667 3445 2742; baseline -0.002 -18"><span class='ocrx_word' id='word_1_385' title='bbox 1873 2670 1968 2742; x_wconf 81' lang='lat' dir='ltr'><strong>ptii</strong></span> <span class='ocrx_word' id='word_1_386' title='bbox 1998 2685 2152 2735; x_wconf 86' lang='lat' dir='ltr'><strong>vero,</strong></span> <span class='ocrx_word' id='word_1_387' title='bbox 2185 2669 2444 2739; x_wconf 90' lang='lat' dir='ltr'><strong>p0pulum</strong></span> <span class='ocrx_word' id='word_1_388' title='bbox 2476 2667 2748 2731; x_wconf 87' lang='lat' dir='ltr'><strong>insectati,</strong></span> <span class='ocrx_word' id='word_1_389' title='bbox 2775 2683 2899 2722; x_wconf 90' lang='lat' dir='ltr'><strong>cum</strong></span> <span class='ocrx_word' id='word_1_390' title='bbox 2927 2667 3212 2724; x_wconf 86' lang='lat' dir='ltr'><strong>Pharaone</strong></span> <span class='ocrx_word' id='word_1_391' title='bbox 3240 2668 3294 2723; x_wconf 91' lang='lat' dir='ltr'><strong>in</strong></span> <span class='ocrx_word' id='word_1_392' title='bbox 3326 2671 3445 2739; x_wconf 88' lang='lat' dir='ltr'><strong>ipso</strong></span> 
     </span>
    </p>
   </div>
   <div class='ocr_carea' id='block_1_57' title="bbox 1873 2756 3446 2825">
    <p class='ocr_par' dir='ltr' id='par_1_57' title="bbox 1873 2756 3446 2825">
     <span class='ocr_line' id='line_1_57' title="bbox 1873 2756 3446 2825; baseline -0.002 -11"><span class='ocrx_word' id='word_1_393' title='bbox 1873 2759 2010 2815; x_wconf 88' lang='lat' dir='ltr'><strong>mari</strong></span> <span class='ocrx_word' id='word_1_394' title='bbox 2042 2759 2311 2815; x_wconf 86' lang='lat' dir='ltr'><strong>submersi</strong></span> <span class='ocrx_word' id='word_1_395' title='bbox 2343 2759 2473 2813; x_wconf 92' lang='lat' dir='ltr'><strong>sint.</strong></span> <span class='ocrx_word' id='word_1_396' title='bbox 2516 2756 3008 2825; x_wconf 88' lang='lat' dir='ltr'><strong>Comprehenditur</strong></span> <span class='ocrx_word' id='word_1_397' title='bbox 3050 2765 3104 2812; x_wconf 87' lang='lat' dir='ltr'><strong>et</strong></span> <span class='ocrx_word' id='word_1_398' title='bbox 3135 2757 3240 2813; x_wconf 90' lang='lat' dir='ltr'><strong>hoc</strong></span> <span class='ocrx_word' id='word_1_399' title='bbox 3280 2758 3446 2821; x_wconf 84' lang='lat' dir='ltr'><strong>libro,</strong></span> 
     </span>
    </p>
   </div>
   <div class='ocr_carea' id='block_1_58' title="bbox 1871 2846 3445 2922">
    <p class='ocr_par' dir='ltr' id='par_1_58' title="bbox 1871 2846 3445 2922">
     <span class='ocr_line' id='line_1_58' title="bbox 1871 2846 3445 2922; baseline -0.001 -16"><span class='ocrx_word' id='word_1_400' title='bbox 1871 2851 2149 2922; x_wconf 85' lang='lat' dir='ltr'><strong>quomodo</strong></span> <span class='ocrx_word' id='word_1_401' title='bbox 2184 2849 2388 2905; x_wconf 85' lang='lat' dir='ltr'><strong>Jannes</strong></span> <span class='ocrx_word' id='word_1_402' title='bbox 2439 2864 2504 2904; x_wconf 90' lang='lat' dir='ltr'><strong>ac</strong></span> <span class='ocrx_word' id='word_1_403' title='bbox 2552 2848 2824 2903; x_wconf 83' lang='lat' dir='ltr'><strong>Mambres</strong></span> <span class='ocrx_word' id='word_1_404' title='bbox 2861 2846 3246 2920; x_wconf 67' lang='lat' dir='ltr'><strong>Egyptiorum</strong></span> <span class='ocrx_word' id='word_1_405' title='bbox 3299 2848 3445 2921; x_wconf 89' lang='lat' dir='ltr'><strong>magi</strong></span> 
     </span>
    </p>
   </div>
   <div class='ocr_carea' id='block_1_59' title="bbox 1874 2938 3446 3014">
    <p class='ocr_par' dir='ltr' id='par_1_59' title="bbox 1874 2938 3446 3014">
     <span class='ocr_line' id='line_1_59' title="bbox 1874 2938 3446 3014; baseline -0.002 -18"><span class='ocrx_word' id='word_1_406' title='bbox 1874 2943 2144 3014; x_wconf 89' lang='lat' dir='ltr'><strong>principio</strong></span> <span class='ocrx_word' id='word_1_407' title='bbox 2172 2942 2391 3013; x_wconf 89' lang='lat' dir='ltr'><strong>quidem</strong></span> <span class='ocrx_word' id='word_1_408' title='bbox 2418 2938 2588 3010; x_wconf 82' lang='lat' dir='ltr'><strong>Moysi</strong></span> <span class='ocrx_word' id='word_1_409' title='bbox 2620 2939 2939 3004; x_wconf 82' lang='lat' dir='ltr'><strong>restiterim,</strong></span> <span class='ocrx_word' id='word_1_410' title='bbox 2963 2940 3182 2993; x_wconf 88' lang='lat' dir='ltr'><strong>tandem</strong></span> <span class='ocrx_word' id='word_1_411' title='bbox 3196 2954 3325 2994; x_wconf 85' lang='lat' dir='ltr'><strong>vero</strong></span> <span class='ocrx_word' id='word_1_412' title='bbox 3343 2956 3446 3009; x_wconf 83' lang='lat' dir='ltr'><strong>pu-</strong></span> 
     </span>
    </p>
   </div>
   <div class='ocr_carea' id='block_1_60' title="bbox 1873 3030 3444 3092">
    <p class='ocr_par' dir='ltr' id='par_1_60' title="bbox 1873 3030 3444 3092">
     <span class='ocr_line' id='line_1_60' title="bbox 1873 3030 3444 3092; baseline -0.003 0"><span class='ocrx_word' id='word_1_413' title='bbox 1873 3034 2073 3092; x_wconf 78' lang='lat' dir='ltr'><strong>defacti</strong></span> <span class='ocrx_word' id='word_1_414' title='bbox 2094 3033 2469 3090; x_wconf 88' lang='lat' dir='ltr'><strong>discesserint.</strong></span> <span class='ocrx_word' id='word_1_415' title='bbox 2514 3031 2783 3086; x_wconf 74' lang='lat' dir='ltr'><strong>Praeterea</strong></span> <span class='ocrx_word' id='word_1_416' title='bbox 2825 3038 3113 3085; x_wconf 90' lang='lat' dir='ltr'><strong>enarratur</strong></span> <span class='ocrx_word' id='word_1_417' title='bbox 3155 3030 3444 3088; x_wconf 87' lang='lat' dir='ltr'><strong>Paschatis</strong></span> 
     </span>
    </p>
   </div>
   <div class='ocr_carea' id='block_1_61' title="bbox 202 3115 1770 3197">
    <p class='ocr_par' dir='ltr' id='par_1_61' title="bbox 202 3115 1765 3193">
     <span class='ocr_line' id='line_1_61' title="bbox 202 3115 1765 3193; baseline 0.004 -25"><span class='ocrx_word' id='word_1_418' title='bbox 202 3115 308 3185; x_wconf 67' lang='grc' dir='ltr'><strong>ηεξ</strong></span> <span class='ocrx_word' id='word_1_419' title='bbox 324 3116 548 3189; x_wconf 66' lang='grc' dir='ltr'>ούρανοῦ</span> <span class='ocrx_word' id='word_1_420' title='bbox 582 3118 829 3190; x_wconf 81' lang='grc' dir='ltr'>χορηγία</span> <span class='ocrx_word' id='word_1_421' title='bbox 858 3117 953 3171; x_wconf 79' lang='grc' dir='ltr'>τοῦ</span> <span class='ocrx_word' id='word_1_422' title='bbox 1002 3118 1198 3191; x_wconf 84' lang='grc' dir='ltr'>μάννα,</span> <span class='ocrx_word' id='word_1_423' title='bbox 1239 3119 1335 3174; x_wconf 78' lang='grc' dir='ltr'><strong>καί</strong></span> <span class='ocrx_word' id='word_1_424' title='bbox 1370 3119 1429 3172; x_wconf 84' lang='grc' dir='ltr'><strong>τὸ</strong></span> <span class='ocrx_word' id='word_1_425' title='bbox 1461 3120 1525 3174; x_wconf 83' lang='grc' dir='ltr'>ὲκ</span> <span class='ocrx_word' id='word_1_426' title='bbox 1559 3120 1765 3193; x_wconf 82' lang='grc' dir='ltr'>πέτρας</span> 
     </span>
    </p>
   </div>
   <div class='ocr_carea' id='block_1_62' title="bbox 1874 3115 3415 3197">
    <p class='ocr_par' dir='ltr' id='par_1_62' title="bbox 1874 3122 3415 3196">
     <span class='ocr_line' id='line_1_62' title="bbox 1874 3122 3415 3196; baseline -0.005 -14"><span class='ocrx_word' id='word_1_427' title='bbox 1874 3128 1980 3191; x_wconf 81' lang='lat' dir='ltr'><strong>lex,</strong></span> <span class='ocrx_word' id='word_1_428' title='bbox 2005 3140 2160 3196; x_wconf 73' lang='lat' dir='ltr'><strong>aquae</strong></span> <span class='ocrx_word' id='word_1_429' title='bbox 2182 3123 2456 3179; x_wconf 87' lang='lat' dir='ltr'><strong>acerbitas</strong></span> <span class='ocrx_word' id='word_1_430' title='bbox 2476 3124 2533 3177; x_wconf 90' lang='lat' dir='ltr'><strong>in</strong></span> <span class='ocrx_word' id='word_1_431' title='bbox 2567 3122 2909 3178; x_wconf 90' lang='lat' dir='ltr'><strong>dulcedinem</strong></span> <span class='ocrx_word' id='word_1_432' title='bbox 2942 3126 3173 3187; x_wconf 91' lang='lat' dir='ltr'><strong>mutata,</strong></span> <span class='ocrx_word' id='word_1_433' title='bbox 3197 3122 3415 3176; x_wconf 86' lang='lat' dir='ltr'><strong>coturni</strong></span> 
     </span>
    </p>
   </div>
   <div class='ocr_carea' id='block_1_63' title="bbox 201 3206 1766 3282">
    <p class='ocr_par' dir='ltr' id='par_1_63' title="bbox 201 3206 1766 3282">
     <span class='ocr_line' id='line_1_63' title="bbox 201 3206 1766 3282; baseline 0.003 -23"><span class='ocrx_word' id='word_1_434' title='bbox 201 3206 434 3260; x_wconf 75' lang='grc' dir='ltr'>ἀναδοθὲν</span> <span class='ocrx_word' id='word_1_435' title='bbox 479 3210 667 3272; x_wconf 83' lang='grc' dir='ltr'>αὐτοῖς</span> <span class='ocrx_word' id='word_1_436' title='bbox 715 3207 885 3280; x_wconf 81' lang='grc' dir='ltr'>ὓδωρ,</span> <span class='ocrx_word' id='word_1_437' title='bbox 930 3210 997 3281; x_wconf 80' lang='grc' dir='ltr'>ἢν</span> <span class='ocrx_word' id='word_1_438' title='bbox 1036 3208 1130 3262; x_wconf 75' lang='grc' dir='ltr'><strong>καὶ</strong></span> <span class='ocrx_word' id='word_1_439' title='bbox 1177 3209 1499 3281; x_wconf 77' lang='grc' dir='ltr'>ἐπωνόμασε</span> <span class='ocrx_word' id='word_1_440' title='bbox 1527 3211 1766 3282; x_wconf 84' lang='grc' dir='ltr'>Μωῦσῆς</span> 
     </span>
    </p>
   </div>
   <div class='ocr_carea' id='block_1_64' title="bbox 201 3300 1765 3376">
    <p class='ocr_par' dir='ltr' id='par_1_64' title="bbox 201 3300 1765 3376">
     <span class='ocr_line' id='line_1_64' title="bbox 201 3300 1765 3376; baseline 0.004 -26"><span class='ocrx_word' id='word_1_441' title='bbox 201 3300 482 3370; x_wconf 75' lang='grc' dir='ltr'>πειρασμὸν</span> <span class='ocrx_word' id='word_1_442' title='bbox 514 3302 614 3354; x_wconf 73' lang='grc' dir='ltr'><strong>καὶ</strong></span> <span class='ocrx_word' id='word_1_443' title='bbox 644 3300 977 3372; x_wconf 87' lang='grc' dir='ltr'>λοιδόρησιν·</span> <span class='ocrx_word' id='word_1_444' title='bbox 1015 3301 1104 3355; x_wconf 83' lang='grc' dir='ltr'><strong>ὅτε</strong></span> <span class='ocrx_word' id='word_1_445' title='bbox 1154 3302 1248 3355; x_wconf 81' lang='grc' dir='ltr'>καὶ</span> <span class='ocrx_word' id='word_1_446' title='bbox 1316 3302 1490 3374; x_wconf 87' lang='grc' dir='ltr'>ἀρχὴν</span> <span class='ocrx_word' id='word_1_447' title='bbox 1533 3301 1690 3373; x_wconf 78' lang='grc' dir='ltr'>ἔσχεν</span> <span class='ocrx_word' id='word_1_448' title='bbox 1732 3305 1765 3376; x_wconf 83' lang='grc' dir='ltr'><strong>ή</strong></span> 
     </span>
    </p>
   </div>
   <div class='ocr_carea' id='block_1_65' title="bbox 198 3388 1767 3467">
    <p class='ocr_par' dir='ltr' id='par_1_65' title="bbox 198 3388 1767 3467">
     <span class='ocr_line' id='line_1_65' title="bbox 198 3388 1767 3467; baseline 0.003 -24"><span class='ocrx_word' id='word_1_449' title='bbox 198 3388 280 3443; x_wconf 79' lang='grc' dir='ltr'>τοῦ</span> <span class='ocrx_word' id='word_1_450' title='bbox 327 3392 594 3447; x_wconf 86' lang='grc' dir='ltr'>σαϐϐάτου</span> <span class='ocrx_word' id='word_1_451' title='bbox 641 3393 1064 3465; x_wconf 82' lang='grc' dir='ltr'>παρατήρησις,</span> <span class='ocrx_word' id='word_1_452' title='bbox 1110 3394 1146 3465; x_wconf 75' lang='grc' dir='ltr'>ἦ</span> <span class='ocrx_word' id='word_1_453' title='bbox 1200 3411 1261 3447; x_wconf 91' lang='grc' dir='ltr'><strong>τε</strong></span> <span class='ocrx_word' id='word_1_454' title='bbox 1290 3394 1348 3448; x_wconf 82' lang='grc' dir='ltr'>ἐν</span> <span class='ocrx_word' id='word_1_455' title='bbox 1405 3393 1485 3466; x_wconf 81' lang='grc' dir='ltr'><strong>τῷ</strong></span> <span class='ocrx_word' id='word_1_456' title='bbox 1530 3389 1647 3467; x_wconf 78' lang='grc' dir='ltr'>ὄρει</span> <span class='ocrx_word' id='word_1_457' title='bbox 1689 3393 1767 3465; x_wconf 82' lang='grc' dir='ltr'>τῷ</span> 
     </span>
    </p>
   </div>
   <div class='ocr_carea' id='block_1_66' title="bbox 196 3480 1767 3558">
    <p class='ocr_par' dir='ltr' id='par_1_66' title="bbox 196 3480 1767 3558">
     <span class='ocr_line' id='line_1_66' title="bbox 196 3480 1767 3558; baseline 0.004 -25"><span class='ocrx_word' id='word_1_458' title='bbox 196 3480 315 3536; x_wconf 79' lang='grc' dir='ltr'><strong>Σινᾶ</strong></span> <span class='ocrx_word' id='word_1_459' title='bbox 336 3484 517 3539; x_wconf 85' lang='grc' dir='ltr'>θεόθεν</span> <span class='ocrx_word' id='word_1_460' title='bbox 550 3485 853 3557; x_wconf 71' lang='grc' dir='ltr'>νομοθεσία</span> <span class='ocrx_word' id='word_1_461' title='bbox 875 3485 1137 3558; x_wconf 78' lang='grc' dir='ltr'>γενομένη</span> <span class='ocrx_word' id='word_1_462' title='bbox 1167 3487 1253 3541; x_wconf 83' lang='grc' dir='ltr'>διὰ</span> <span class='ocrx_word' id='word_1_463' title='bbox 1287 3488 1564 3549; x_wconf 81' lang='grc' dir='ltr'>Μωῦσέως</span> <span class='ocrx_word' id='word_1_464' title='bbox 1588 3487 1646 3541; x_wconf 81' lang='grc' dir='ltr'>ὲν</span> <span class='ocrx_word' id='word_1_465' title='bbox 1674 3485 1767 3540; x_wconf 90' lang='grc' dir='ltr'><strong>δύο</strong></span> 
     </span>
    </p>
   </div>
   <div class='ocr_carea' id='block_1_67' title="bbox 195 3574 1761 3650">
    <p class='ocr_par' dir='ltr' id='par_1_67' title="bbox 195 3574 1761 3650">
     <span class='ocr_line' id='line_1_67' title="bbox 195 3574 1761 3650; baseline 0.002 -22"><span class='ocrx_word' id='word_1_466' title='bbox 195 3574 347 3641; x_wconf 75' lang='grc' dir='ltr'>πλαξὶ</span> <span class='ocrx_word' id='word_1_467' title='bbox 369 3577 623 3643; x_wconf 80' lang='grc' dir='ltr'>λιθίναις,</span> <span class='ocrx_word' id='word_1_468' title='bbox 648 3579 751 3632; x_wconf 77' lang='grc' dir='ltr'><strong>καὶ</strong></span> <span class='ocrx_word' id='word_1_469' title='bbox 781 3578 816 3648; x_wconf 84' lang='grc' dir='ltr'><strong>ή</strong></span> <span class='ocrx_word' id='word_1_470' title='bbox 846 3578 946 3649; x_wconf 78' lang='grc' dir='ltr'><strong>τῆς</strong></span> <span class='ocrx_word' id='word_1_471' title='bbox 979 3579 1183 3650; x_wconf 82' lang='grc' dir='ltr'>σκηνῆς</span> <span class='ocrx_word' id='word_1_472' title='bbox 1201 3577 1295 3632; x_wconf 79' lang='grc' dir='ltr'><strong>καί</strong></span> <span class='ocrx_word' id='word_1_473' title='bbox 1322 3578 1416 3633; x_wconf 81' lang='grc' dir='ltr'>τοῦ</span> <span class='ocrx_word' id='word_1_474' title='bbox 1444 3578 1761 3650; x_wconf 76' lang='grc' dir='ltr'>ἐνδύματος,</span> 
     </span>
    </p>
   </div>
   <div class='ocr_carea' id='block_1_68' title="bbox 192 3667 1767 3744">
    <p class='ocr_par' dir='ltr' id='par_1_68' title="bbox 192 3667 1767 3744">
     <span class='ocr_line' id='line_1_68' title="bbox 192 3667 1767 3744; baseline 0.005 -25"><span class='ocrx_word' id='word_1_475' title='bbox 192 3667 276 3721; x_wconf 68' lang='grc' dir='ltr'>τεῦ</span> <span class='ocrx_word' id='word_1_476' title='bbox 305 3686 366 3723; x_wconf 86' lang='grc' dir='ltr'><strong>τε</strong></span> <span class='ocrx_word' id='word_1_477' title='bbox 386 3671 690 3744; x_wconf 79' lang='grc' dir='ltr'>ἀρχιερέως</span> <span class='ocrx_word' id='word_1_478' title='bbox 711 3670 935 3724; x_wconf 77' lang='grc' dir='ltr'>καὶτῶν</span> <span class='ocrx_word' id='word_1_479' title='bbox 968 3671 1154 3744; x_wconf 82' lang='grc' dir='ltr'>ἱερέων</span> <span class='ocrx_word' id='word_1_480' title='bbox 1187 3671 1519 3742; x_wconf 87' lang='grc' dir='ltr'>κατασκευὴ,</span> <span class='ocrx_word' id='word_1_481' title='bbox 1537 3672 1767 3727; x_wconf 79' lang='grc' dir='ltr'>ἐνταῦθα</span> 
     </span>
    </p>
   </div>
   <div class='ocr_carea' id='block_1_69' title="bbox 194 3756 1766 3832">
    <p class='ocr_par' dir='ltr' id='par_1_69' title="bbox 194 3756 1766 3832">
     <span class='ocr_line' id='line_1_69' title="bbox 194 3756 1766 3832; baseline 0.006 -25"><span class='ocrx_word' id='word_1_482' title='bbox 194 3758 528 3828; x_wconf 82' lang='grc' dir='ltr'>σημαίνεται.</span> <span class='ocrx_word' id='word_1_483' title='bbox 595 3762 659 3813; x_wconf 86' lang='grc' dir='ltr'><strong>υἱ</strong></span> <span class='ocrx_word' id='word_1_484' title='bbox 712 3760 814 3831; x_wconf 86' lang='grc' dir='ltr'><strong>μὲν</strong></span> <span class='ocrx_word' id='word_1_485' title='bbox 870 3756 963 3813; x_wconf 79' lang='grc' dir='ltr'>οὖν</span> <span class='ocrx_word' id='word_1_486' title='bbox 1022 3762 1384 3832; x_wconf 65' lang='grc' dir='ltr'>ἐργασάμενοι</span> <span class='ocrx_word' id='word_1_487' title='bbox 1430 3761 1611 3816; x_wconf 86' lang='grc' dir='ltr'>πάντα</span> <span class='ocrx_word' id='word_1_488' title='bbox 1659 3763 1766 3816; x_wconf 72' lang='grc' dir='ltr'>εἱσ¹ι</span> 
     </span>
    </p>
   </div>
   <div class='ocr_carea' id='block_1_70' title="bbox 192 3843 1767 3925">
    <p class='ocr_par' dir='ltr' id='par_1_70' title="bbox 192 3843 1767 3925">
     <span class='ocr_line' id='line_1_70' title="bbox 192 3843 1767 3925; baseline 0.006 -27"><span class='ocrx_word' id='word_1_489' title='bbox 192 3843 444 3920; x_wconf 78' lang='grc' dir='ltr'>Βεσελεὴλ</span> <span class='ocrx_word' id='word_1_490' title='bbox 469 3852 534 3904; x_wconf 79' lang='grc' dir='ltr'>ἐκ</span> <span class='ocrx_word' id='word_1_491' title='bbox 559 3850 738 3921; x_wconf 65' lang='grc' dir='ltr'>φυλῆς</span> <span class='ocrx_word' id='word_1_492' title='bbox 778 3850 972 3914; x_wconf 84' lang='grc' dir='ltr'>Ἰούδα,</span> <span class='ocrx_word' id='word_1_493' title='bbox 1027 3853 1121 3905; x_wconf 76' lang='grc' dir='ltr'><strong>καὶ</strong></span> <span class='ocrx_word' id='word_1_494' title='bbox 1177 3853 1315 3907; x_wconf 82' lang='grc' dir='ltr'>Λιάϐ</span> <span class='ocrx_word' id='word_1_495' title='bbox 1357 3853 1468 3925; x_wconf 87' lang='grc'><strong>(78)</strong></span> <span class='ocrx_word' id='word_1_496' title='bbox 1495 3855 1560 3907; x_wconf 83' lang='grc' dir='ltr'>ὲκ</span> <span class='ocrx_word' id='word_1_497' title='bbox 1597 3853 1767 3925; x_wconf 79' lang='grc' dir='ltr'>φυλῆς</span> 
     </span>
    </p>
   </div>
   <div class='ocr_carea' id='block_1_71' title="bbox 190 3937 1766 4018">
    <p class='ocr_par' dir='ltr' id='par_1_71' title="bbox 190 3937 1766 4018">
     <span class='ocr_line' id='line_1_71' title="bbox 190 3937 1766 4018; baseline 0.006 -28"><span class='ocrx_word' id='word_1_498' title='bbox 190 3937 307 3992; x_wconf 87' lang='grc' dir='ltr'>Δάν.</span> <span class='ocrx_word' id='word_1_499' title='bbox 354 3941 427 3993; x_wconf 82' lang='grc' dir='ltr'>Τὸ</span> <span class='ocrx_word' id='word_1_500' title='bbox 451 3941 510 3994; x_wconf 82' lang='grc' dir='ltr'>δὲ</span> <span class='ocrx_word' id='word_1_501' title='bbox 554 3940 838 3996; x_wconf 81' lang='grc' dir='ltr'>ἀναλωθὲν</span> <span class='ocrx_word' id='word_1_502' title='bbox 869 3943 951 4007; x_wconf 85' lang='grc' dir='ltr'><strong>εἰς</strong></span> <span class='ocrx_word' id='word_1_503' title='bbox 976 3942 1046 3996; x_wconf 79' lang='grc' dir='ltr'><strong>τά</strong></span> <span class='ocrx_word' id='word_1_504' title='bbox 1088 3943 1227 4015; x_wconf 80' lang='grc' dir='ltr'>ἔργα</span> <span class='ocrx_word' id='word_1_505' title='bbox 1262 3945 1380 3998; x_wconf 75' lang='grc' dir='ltr'><strong>ἐστὶ</strong></span> <span class='ocrx_word' id='word_1_506' title='bbox 1414 3945 1637 4017; x_wconf 82' lang='grc' dir='ltr'>χρυσίου</span> <span class='ocrx_word' id='word_1_507' title='bbox 1668 3947 1766 4018; x_wconf 85' lang='grc' dir='ltr'><strong>μὲν</strong></span> 
     </span>
    </p>
   </div>
   <div class='ocr_carea' id='block_1_72' title="bbox 191 4028 1767 4110">
    <p class='ocr_par' dir='ltr' id='par_1_72' title="bbox 191 4028 1767 4110">
     <span class='ocr_line' id='line_1_72' title="bbox 191 4028 1767 4110; baseline 0.006 -27"><span class='ocrx_word' id='word_1_508' title='bbox 191 4028 417 4085; x_wconf 75' lang='grc' dir='ltr'>τάλαντα</span> <span class='ocrx_word' id='word_1_509' title='bbox 451 4033 559 4101; x_wconf 85' lang='grc' dir='ltr'>κθ’,</span> <span class='ocrx_word' id='word_1_510' title='bbox 580 4033 678 4087; x_wconf 74' lang='grc' dir='ltr'><strong>καί</strong></span> <span class='ocrx_word' id='word_1_511' title='bbox 709 4033 887 4087; x_wconf 89' lang='grc' dir='ltr'>σίκλοι</span> <span class='ocrx_word' id='word_1_512' title='bbox 945 4032 1018 4105; x_wconf 79' lang='grc' dir='ltr'><strong>ψ’·</strong></span> <span class='ocrx_word' id='word_1_513' title='bbox 1063 4037 1302 4110; x_wconf 87' lang='grc' dir='ltr'>ἀργύρου</span> <span class='ocrx_word' id='word_1_514' title='bbox 1340 4038 1397 4090; x_wconf 82' lang='grc' dir='ltr'>δὲ</span> <span class='ocrx_word' id='word_1_515' title='bbox 1449 4038 1686 4093; x_wconf 87' lang='grc' dir='ltr'>τάλαντα</span> <span class='ocrx_word' id='word_1_516' title='bbox 1723 4037 1767 4109; x_wconf 81' lang='grc' dir='ltr'>ρ’</span> 
     </span>
    </p>
   </div>
   <div class='ocr_carea' id='block_1_73' title="bbox 192 4118 1767 4199">
    <p class='ocr_par' dir='ltr' id='par_1_73' title="bbox 192 4118 1767 4199">
     <span class='ocr_line' id='line_1_73' title="bbox 192 4118 1767 4199; baseline 0.007 -26"><span class='ocrx_word' id='word_1_517' title='bbox 192 4118 301 4183; x_wconf 76' lang='grc' dir='ltr'>(καὶ</span> <span class='ocrx_word' id='word_1_518' title='bbox 325 4124 500 4178; x_wconf 81' lang='grc' dir='ltr'>σίκλσι</span> <span class='ocrx_word' id='word_1_519' title='bbox 536 4125 688 4197; x_wconf 66' lang='grc' dir='ltr'>ᾳψοέ</span> <span class='ocrx_word' id='word_1_520' title='bbox 742 4124 880 4199; x_wconf 85' lang='grc'>(79)·</span> <span class='ocrx_word' id='word_1_521' title='bbox 918 4127 1118 4198; x_wconf 80' lang='grc' dir='ltr'>χαλκοῦ</span> <span class='ocrx_word' id='word_1_522' title='bbox 1156 4128 1395 4183; x_wconf 85' lang='grc' dir='ltr'>τάλαντα</span> <span class='ocrx_word' id='word_1_523' title='bbox 1457 4136 1519 4195; x_wconf 92' lang='lat' dir='ltr'><strong>o&#39;,</strong></span> <span class='ocrx_word' id='word_1_524' title='bbox 1553 4131 1649 4183; x_wconf 78' lang='grc' dir='ltr'><strong>καὶ</strong></span> <span class='ocrx_word' id='word_1_525' title='bbox 1688 4130 1767 4184; x_wconf 88' lang='grc' dir='ltr'>σί-</span> 
     </span>
    </p>
   </div>
   <div class='ocr_carea' id='block_1_74' title="bbox 190 4209 1769 4293">
    <p class='ocr_par' dir='ltr' id='par_1_74' title="bbox 190 4209 1769 4293">
     <span class='ocr_line' id='line_1_74' title="bbox 190 4209 1769 4293; baseline 0.006 -27"><span class='ocrx_word' id='word_1_526' title='bbox 190 4209 299 4266; x_wconf 76' lang='grc' dir='ltr'>κλοι</span> <span class='ocrx_word' id='word_1_527' title='bbox 335 4214 442 4285; x_wconf 60' lang='grc' dir='ltr'><strong>βφκ</strong></span> <span class='ocrx_word' id='word_1_528' title='bbox 479 4218 736 4289; x_wconf 82' lang='grc' dir='ltr'>Περιέχει</span> <span class='ocrx_word' id='word_1_529' title='bbox 774 4218 834 4272; x_wconf 82' lang='grc' dir='ltr'>δὲ</span> <span class='ocrx_word' id='word_1_530' title='bbox 871 4217 1028 4271; x_wconf 73' lang='grc' dir='ltr'>τοῦτο</span> <span class='ocrx_word' id='word_1_531' title='bbox 1052 4219 1112 4272; x_wconf 77' lang='grc' dir='ltr'><strong>τὸ</strong></span> <span class='ocrx_word' id='word_1_532' title='bbox 1140 4220 1341 4290; x_wconf 83' lang='grc' dir='ltr'>βιϐλίον</span> <span class='ocrx_word' id='word_1_533' title='bbox 1363 4221 1462 4292; x_wconf 81' lang='grc' dir='ltr'>τήν</span> <span class='ocrx_word' id='word_1_534' title='bbox 1500 4239 1558 4275; x_wconf 83' lang='grc' dir='ltr'><strong>τε</strong></span> <span class='ocrx_word' id='word_1_535' title='bbox 1593 4221 1769 4293; x_wconf 80' lang='grc' dir='ltr'>παρά-</span> 
     </span>
    </p>
   </div>
   <div class='ocr_carea' id='block_1_75' title="bbox 189 4299 1765 4385">
    <p class='ocr_par' dir='ltr' id='par_1_75' title="bbox 189 4299 1765 4385">
     <span class='ocr_line' id='line_1_75' title="bbox 189 4299 1765 4385; baseline 0.006 -29"><span class='ocrx_word' id='word_1_536' title='bbox 189 4299 344 4357; x_wconf 70' lang='grc' dir='ltr'>ϐασιν</span> <span class='ocrx_word' id='word_1_537' title='bbox 375 4307 471 4361; x_wconf 77' lang='grc' dir='ltr'>τοῦ</span> <span class='ocrx_word' id='word_1_538' title='bbox 501 4309 659 4373; x_wconf 81' lang='grc' dir='ltr'>λαοῦ,</span> <span class='ocrx_word' id='word_1_539' title='bbox 693 4310 783 4363; x_wconf 85' lang='grc' dir='ltr'><strong>ὅτε</strong></span> <span class='ocrx_word' id='word_1_540' title='bbox 835 4310 1229 4381; x_wconf 84' lang='grc' dir='ltr'>ὲμοσχοποὶησε</span> <span class='ocrx_word' id='word_1_541' title='bbox 1280 4312 1430 4365; x_wconf 85' lang='grc' dir='ltr'>κάτω</span> <span class='ocrx_word' id='word_1_542' title='bbox 1454 4312 1547 4366; x_wconf 78' lang='grc' dir='ltr'>τοῦ</span> <span class='ocrx_word' id='word_1_543' title='bbox 1585 4313 1765 4385; x_wconf 76' lang='grc' dir='ltr'>ὅρους,</span> 
     </span>
    </p>
   </div>
   <div class='ocr_carea' id='block_1_76' title="bbox 192 4396 1767 4474">
    <p class='ocr_par' dir='ltr' id='par_1_76' title="bbox 192 4396 1767 4474">
     <span class='ocr_line' id='line_1_76' title="bbox 192 4396 1767 4474; baseline 0.006 -27"><span class='ocrx_word' id='word_1_544' title='bbox 192 4396 424 4463; x_wconf 75' lang='grc' dir='ltr'>καὶπῶς</span> <span class='ocrx_word' id='word_1_545' title='bbox 454 4399 722 4473; x_wconf 83' lang='grc' dir='ltr'>ὲτρώθηό</span> <span class='ocrx_word' id='word_1_546' title='bbox 760 4400 1008 4471; x_wconf 81' lang='grc' dir='ltr'>Ἀμαλὴκ</span> <span class='ocrx_word' id='word_1_547' title='bbox 1047 4404 1112 4471; x_wconf 82' lang='grc' dir='ltr'><strong>τῇ</strong></span> <span class='ocrx_word' id='word_1_548' title='bbox 1148 4402 1364 4455; x_wconf 77' lang='grc' dir='ltr'>ἐκτάσει</span> <span class='ocrx_word' id='word_1_549' title='bbox 1412 4402 1522 4456; x_wconf 84' lang='grc' dir='ltr'>τῶν</span> <span class='ocrx_word' id='word_1_550' title='bbox 1569 4403 1767 4474; x_wconf 85' lang='grc' dir='ltr'>χειρῶν</span> 
     </span>
    </p>
   </div>
   <div class='ocr_carea' id='block_1_77' title="bbox 1869 3212 3446 3286">
    <p class='ocr_par' dir='ltr' id='par_1_77' title="bbox 1869 3212 3446 3286">
     <span class='ocr_line' id='line_1_77' title="bbox 1869 3212 3446 3286; baseline -0.007 -11"><span class='ocrx_word' id='word_1_551' title='bbox 1869 3235 1994 3275; x_wconf 90' lang='lat' dir='ltr'><strong>cum</strong></span> <span class='ocrx_word' id='word_1_552' title='bbox 2028 3218 2153 3273; x_wconf 84' lang='lat' dir='ltr'><strong>data</strong></span> <span class='ocrx_word' id='word_1_553' title='bbox 2182 3218 2338 3286; x_wconf 90' lang='lat' dir='ltr'><strong>copia</strong></span> <span class='ocrx_word' id='word_1_554' title='bbox 2364 3231 2395 3271; x_wconf 93' lang='lat' dir='ltr'><strong>e</strong></span> <span class='ocrx_word' id='word_1_555' title='bbox 2427 3215 2588 3279; x_wconf 64' lang='lat' dir='ltr'><strong>caelo,</strong></span> <span class='ocrx_word' id='word_1_556' title='bbox 2630 3214 3032 3285; x_wconf 86' lang='lat' dir='ltr'><strong>suppeditatum</strong></span> <span class='ocrx_word' id='word_1_557' title='bbox 3065 3227 3285 3281; x_wconf 85' lang='lat' dir='ltr'><strong>manna,</strong></span> <span class='ocrx_word' id='word_1_558' title='bbox 3317 3212 3446 3267; x_wconf 84' lang='lat' dir='ltr'><strong>data</strong></span> 
     </span>
    </p>
   </div>
   <div class='ocr_carea' id='block_1_78' title="bbox 1869 3303 3447 3382">
    <p class='ocr_par' dir='ltr' id='par_1_78' title="bbox 1869 3303 3447 3382">
     <span class='ocr_line' id='line_1_78' title="bbox 1869 3303 3447 3382; baseline -0.006 -18"><span class='ocrx_word' id='word_1_559' title='bbox 1869 3309 2005 3382; x_wconf 84' lang='lat' dir='ltr'><strong>ipsis</strong></span> <span class='ocrx_word' id='word_1_560' title='bbox 2041 3323 2183 3379; x_wconf 85' lang='lat' dir='ltr'><strong>aqua</strong></span> <span class='ocrx_word' id='word_1_561' title='bbox 2213 3322 2244 3363; x_wconf 88' lang='lat' dir='ltr'><strong>e</strong></span> <span class='ocrx_word' id='word_1_562' title='bbox 2272 3314 2445 3376; x_wconf 87' lang='lat' dir='ltr'><strong>petra,</strong></span> <span class='ocrx_word' id='word_1_563' title='bbox 2479 3319 2643 3375; x_wconf 89' lang='lat' dir='ltr'><strong>quam</strong></span> <span class='ocrx_word' id='word_1_564' title='bbox 2670 3314 2727 3359; x_wconf 88' lang='lat' dir='ltr'><strong>et</strong></span> <span class='ocrx_word' id='word_1_565' title='bbox 2752 3305 3109 3360; x_wconf 90' lang='lat' dir='ltr'><strong>tentationem</strong></span> <span class='ocrx_word' id='word_1_566' title='bbox 3131 3303 3447 3374; x_wconf 86' lang='lat' dir='ltr'><strong>etjurgium</strong></span> 
     </span>
    </p>
   </div>
   <div class='ocr_carea' id='block_1_79' title="bbox 1871 3392 3446 3470">
    <p class='ocr_par' dir='ltr' id='par_1_79' title="bbox 1871 3392 3446 3470">
     <span class='ocr_line' id='line_1_79' title="bbox 1871 3392 3446 3470; baseline -0.004 -17"><span class='ocrx_word' id='word_1_567' title='bbox 1871 3397 2085 3470; x_wconf 74' lang='lat' dir='ltr'><strong>Moyses</strong></span> <span class='ocrx_word' id='word_1_568' title='bbox 2135 3396 2446 3467; x_wconf 86' lang='lat' dir='ltr'><strong>appellavit.</strong></span> <span class='ocrx_word' id='word_1_569' title='bbox 2498 3395 2656 3448; x_wconf 87' lang='lat' dir='ltr'><strong>Tunc</strong></span> <span class='ocrx_word' id='word_1_570' title='bbox 2705 3401 2760 3451; x_wconf 90' lang='lat' dir='ltr'><strong>et</strong></span> <span class='ocrx_word' id='word_1_571' title='bbox 2815 3392 3041 3448; x_wconf 88' lang='lat' dir='ltr'><strong>Sabbati</strong></span> <span class='ocrx_word' id='word_1_572' title='bbox 3090 3392 3446 3449; x_wconf 86' lang='lat' dir='ltr'><strong>observantia</strong></span> 
     </span>
    </p>
   </div>
   <div class='ocr_carea' id='block_1_80' title="bbox 1868 3482 3446 3554">
    <p class='ocr_par' dir='ltr' id='par_1_80' title="bbox 1868 3482 3446 3554">
     <span class='ocr_line' id='line_1_80' title="bbox 1868 3482 3446 3554; baseline -0.004 -11"><span class='ocrx_word' id='word_1_573' title='bbox 1868 3487 2084 3543; x_wconf 90' lang='lat' dir='ltr'><strong>initium</strong></span> <span class='ocrx_word' id='word_1_574' title='bbox 2134 3484 2386 3554; x_wconf 84' lang='lat' dir='ltr'><strong>sumpsit,</strong></span> <span class='ocrx_word' id='word_1_575' title='bbox 2427 3492 2483 3539; x_wconf 86' lang='lat' dir='ltr'><strong>et</strong></span> <span class='ocrx_word' id='word_1_576' title='bbox 2521 3482 2793 3553; x_wconf 88' lang='lat' dir='ltr'><strong>legislatio</strong></span> <span class='ocrx_word' id='word_1_577' title='bbox 2832 3482 3101 3538; x_wconf 82' lang='lat' dir='ltr'><strong>divinitus</strong></span> <span class='ocrx_word' id='word_1_578' title='bbox 3161 3483 3215 3536; x_wconf 93' lang='lat' dir='ltr'><strong>in</strong></span> <span class='ocrx_word' id='word_1_579' title='bbox 3262 3490 3446 3537; x_wconf 86' lang='lat' dir='ltr'><strong>monte</strong></span> 
     </span>
    </p>
   </div>
   <div class='ocr_carea' id='block_1_81' title="bbox 1871 3572 3445 3648">
    <p class='ocr_par' dir='ltr' id='par_1_81' title="bbox 1871 3572 3445 3648">
     <span class='ocr_line' id='line_1_81' title="bbox 1871 3572 3445 3648; baseline -0.003 -16"><span class='ocrx_word' id='word_1_580' title='bbox 1871 3576 2003 3633; x_wconf 87' lang='lat' dir='ltr'><strong>Sina</strong></span> <span class='ocrx_word' id='word_1_581' title='bbox 2034 3593 2132 3648; x_wconf 89' lang='lat' dir='ltr'><strong>per</strong></span> <span class='ocrx_word' id='word_1_582' title='bbox 2172 3576 2379 3632; x_wconf 83' lang='lat' dir='ltr'><strong>Mosem</strong></span> <span class='ocrx_word' id='word_1_583' title='bbox 2421 3574 2479 3628; x_wconf 91' lang='lat' dir='ltr'><strong>in</strong></span> <span class='ocrx_word' id='word_1_584' title='bbox 2522 3574 2737 3631; x_wconf 88' lang='lat' dir='ltr'><strong>duabus</strong></span> <span class='ocrx_word' id='word_1_585' title='bbox 2779 3575 2984 3630; x_wconf 88' lang='lat' dir='ltr'><strong>tabulis</strong></span> <span class='ocrx_word' id='word_1_586' title='bbox 3029 3573 3261 3645; x_wconf 87' lang='lat' dir='ltr'><strong>lapideis</strong></span> <span class='ocrx_word' id='word_1_587' title='bbox 3299 3572 3445 3627; x_wconf 82' lang='lat' dir='ltr'><strong>facta</strong></span> 
     </span>
    </p>
   </div>
   <div class='ocr_carea' id='block_1_82' title="bbox 1869 3666 3445 3737">
    <p class='ocr_par' dir='ltr' id='par_1_82' title="bbox 1869 3666 3445 3737">
     <span class='ocr_line' id='line_1_82' title="bbox 1869 3666 3445 3737; baseline -0.003 -12"><span class='ocrx_word' id='word_1_588' title='bbox 1869 3676 1972 3725; x_wconf 88' lang='lat' dir='ltr'><strong>est.</strong></span> <span class='ocrx_word' id='word_1_589' title='bbox 1990 3667 2058 3722; x_wconf 84' lang='lat' dir='ltr'><strong>Et</strong></span> <span class='ocrx_word' id='word_1_590' title='bbox 2083 3667 2149 3723; x_wconf 91' lang='lat' dir='ltr'><strong>de</strong></span> <span class='ocrx_word' id='word_1_591' title='bbox 2168 3666 2520 3722; x_wconf 88' lang='lat' dir='ltr'><strong>tabernaculo</strong></span> <span class='ocrx_word' id='word_1_592' title='bbox 2534 3667 2712 3737; x_wconf 91' lang='lat' dir='ltr'><strong>deque</strong></span> <span class='ocrx_word' id='word_1_593' title='bbox 2736 3666 3076 3731; x_wconf 87' lang='lat' dir='ltr'><strong>indumento,</strong></span> <span class='ocrx_word' id='word_1_594' title='bbox 3092 3683 3217 3721; x_wconf 92' lang='lat' dir='ltr'><strong>cum</strong></span> <span class='ocrx_word' id='word_1_595' title='bbox 3243 3668 3445 3723; x_wconf 90' lang='lat' dir='ltr'><strong>summi</strong></span> 
     </span>
    </p>
   </div>
   <div class='ocr_carea' id='block_1_83' title="bbox 1868 3756 3438 3830">
    <p class='ocr_par' dir='ltr' id='par_1_83' title="bbox 1868 3756 3438 3830">
     <span class='ocr_line' id='line_1_83' title="bbox 1868 3756 3438 3830; baseline 0.001 -19"><span class='ocrx_word' id='word_1_596' title='bbox 1868 3758 2168 3830; x_wconf 71' lang='lat' dir='ltr'><strong>pontificis,</strong></span> <span class='ocrx_word' id='word_1_597' title='bbox 2220 3766 2338 3811; x_wconf 88' lang='lat' dir='ltr'><strong>tum</strong></span> <span class='ocrx_word' id='word_1_598' title='bbox 2376 3758 2716 3828; x_wconf 88' lang='lat' dir='ltr'><strong>reliquorum</strong></span> <span class='ocrx_word' id='word_1_599' title='bbox 2769 3756 3115 3810; x_wconf 89' lang='lat' dir='ltr'><strong>sacerdotum</strong></span> <span class='ocrx_word' id='word_1_600' title='bbox 3154 3758 3438 3827; x_wconf 89' lang='lat' dir='ltr'><strong>parandis,</strong></span> 
     </span>
    </p>
   </div>
   <div class='ocr_carea' id='block_1_84' title="bbox 1869 3844 3445 3919">
    <p class='ocr_par' dir='ltr' id='par_1_84' title="bbox 1869 3844 3445 3919">
     <span class='ocr_line' id='line_1_84' title="bbox 1869 3844 3445 3919; baseline -0.002 -13"><span class='ocrx_word' id='word_1_601' title='bbox 1869 3852 1924 3906; x_wconf 90' lang='lat' dir='ltr'><strong>in</strong></span> <span class='ocrx_word' id='word_1_602' title='bbox 1969 3851 2075 3905; x_wconf 89' lang='lat' dir='ltr'><strong>hoc</strong></span> <span class='ocrx_word' id='word_1_603' title='bbox 2128 3849 2272 3903; x_wconf 90' lang='lat' dir='ltr'><strong>libro</strong></span> <span class='ocrx_word' id='word_1_604' title='bbox 2311 3848 2672 3919; x_wconf 89' lang='lat' dir='ltr'><strong>signiﬁcatur.</strong></span> <span class='ocrx_word' id='word_1_605' title='bbox 2715 3844 2920 3901; x_wconf 85' lang='lat' dir='ltr'><strong>Rerum</strong></span> <span class='ocrx_word' id='word_1_606' title='bbox 2967 3856 3148 3903; x_wconf 88' lang='lat' dir='ltr'><strong>autem</strong></span> <span class='ocrx_word' id='word_1_607' title='bbox 3196 3849 3445 3904; x_wconf 88' lang='lat' dir='ltr'><strong>omnium</strong></span> 
     </span>
    </p>
   </div>
   <div class='ocr_carea' id='block_1_85' title="bbox 1870 3939 3445 4009">
    <p class='ocr_par' dir='ltr' id='par_1_85' title="bbox 1870 3939 3445 4009">
     <span class='ocr_line' id='line_1_85' title="bbox 1870 3939 3445 4009; baseline -0.001 -10"><span class='ocrx_word' id='word_1_608' title='bbox 1870 3943 2107 3999; x_wconf 86' lang='lat' dir='ltr'><strong>artiﬁces</strong></span> <span class='ocrx_word' id='word_1_609' title='bbox 2150 3940 2323 4005; x_wconf 84' lang='lat' dir='ltr'><strong>fuere,</strong></span> <span class='ocrx_word' id='word_1_610' title='bbox 2363 3940 2604 3997; x_wconf 90' lang='lat' dir='ltr'><strong>Beseleel</strong></span> <span class='ocrx_word' id='word_1_611' title='bbox 2651 3956 2720 3995; x_wconf 80' lang='lat' dir='ltr'><strong>ex</strong></span> <span class='ocrx_word' id='word_1_612' title='bbox 2762 3940 2911 3995; x_wconf 88' lang='lat' dir='ltr'><strong>tribu</strong></span> <span class='ocrx_word' id='word_1_613' title='bbox 2943 3939 3106 4009; x_wconf 83' lang='lat' dir='ltr'><strong>Juda,</strong></span> <span class='ocrx_word' id='word_1_614' title='bbox 3134 3949 3190 3996; x_wconf 87' lang='lat' dir='ltr'><strong>et</strong></span> <span class='ocrx_word' id='word_1_615' title='bbox 3216 3941 3352 3997; x_wconf 91' lang='lat' dir='ltr'><strong>Liab</strong></span> <span class='ocrx_word' id='word_1_616' title='bbox 3376 3958 3445 3998; x_wconf 79' lang='lat' dir='ltr'><strong>ex</strong></span> 
     </span>
    </p>
   </div>
   <div class='ocr_carea' id='block_1_86' title="bbox 1867 4031 3444 4104">
    <p class='ocr_par' dir='ltr' id='par_1_86' title="bbox 1867 4031 3444 4104">
     <span class='ocr_line' id='line_1_86' title="bbox 1867 4031 3444 4104; baseline -0.001 -15"><span class='ocrx_word' id='word_1_617' title='bbox 1867 4035 2012 4091; x_wconf 89' lang='lat' dir='ltr'><strong>tribu</strong></span> <span class='ocrx_word' id='word_1_618' title='bbox 2040 4033 2175 4088; x_wconf 91' lang='lat' dir='ltr'><strong>Dan.</strong></span> <span class='ocrx_word' id='word_1_619' title='bbox 2215 4031 2453 4104; x_wconf 86' lang='lat' dir='ltr'><strong>Operum</strong></span> <span class='ocrx_word' id='word_1_620' title='bbox 2494 4048 2624 4088; x_wconf 87' lang='lat' dir='ltr'><strong>vero</strong></span> <span class='ocrx_word' id='word_1_621' title='bbox 2663 4039 2937 4103; x_wconf 86' lang='lat' dir='ltr'><strong>sumptus,</strong></span> <span class='ocrx_word' id='word_1_622' title='bbox 2969 4032 3088 4087; x_wconf 89' lang='lat' dir='ltr'><strong>auri</strong></span> <span class='ocrx_word' id='word_1_623' title='bbox 3131 4034 3337 4088; x_wconf 87' lang='lat' dir='ltr'><strong>talenta</strong></span> <span class='ocrx_word' id='word_1_624' title='bbox 3358 4036 3444 4089; x_wconf 86' lang='lat' dir='ltr'><strong>vi-</strong></span> 
     </span>
    </p>
   </div>
   <div class='ocr_carea' id='block_1_87' title="bbox 1870 4122 3446 4196">
    <p class='ocr_par' dir='ltr' id='par_1_87' title="bbox 1870 4122 3446 4196">
     <span class='ocr_line' id='line_1_87' title="bbox 1870 4122 3446 4196; baseline 0.001 -18"><span class='ocrx_word' id='word_1_625' title='bbox 1870 4124 2006 4196; x_wconf 89' lang='lat' dir='ltr'><strong>ginti</strong></span> <span class='ocrx_word' id='word_1_626' title='bbox 2047 4139 2266 4188; x_wconf 86' lang='lat' dir='ltr'><strong>novem,</strong></span> <span class='ocrx_word' id='word_1_627' title='bbox 2301 4132 2355 4178; x_wconf 89' lang='lat' dir='ltr'><strong>et</strong></span> <span class='ocrx_word' id='word_1_628' title='bbox 2383 4122 2504 4179; x_wconf 86' lang='lat' dir='ltr'><strong>sicli</strong></span> <span class='ocrx_word' id='word_1_629' title='bbox 2541 4122 2871 4193; x_wconf 80' lang='lat' dir='ltr'><strong>septingenti</strong></span> <span class='ocrx_word' id='word_1_630' title='bbox 2901 4138 2914 4174; x_wconf 90' lang='lat'><strong>:</strong></span> <span class='ocrx_word' id='word_1_631' title='bbox 2949 4123 3160 4194; x_wconf 81' lang='lat' dir='ltr'><strong>argenti</strong></span> <span class='ocrx_word' id='word_1_632' title='bbox 3205 4139 3333 4179; x_wconf 81' lang='lat' dir='ltr'><strong>vero</strong></span> <span class='ocrx_word' id='word_1_633' title='bbox 3363 4132 3446 4178; x_wconf 84' lang='lat' dir='ltr'><strong>ta—</strong></span> 
     </span>
    </p>
   </div>
   <div class='ocr_carea' id='block_1_88' title="bbox 1868 4210 3447 4285">
    <p class='ocr_par' dir='ltr' id='par_1_88' title="bbox 1868 4210 3447 4285">
     <span class='ocr_line' id='line_1_88' title="bbox 1868 4210 3447 4285; baseline 0.002 -19"><span class='ocrx_word' id='word_1_634' title='bbox 1868 4212 2013 4267; x_wconf 89' lang='lat' dir='ltr'><strong>lenta</strong></span> <span class='ocrx_word' id='word_1_635' title='bbox 2039 4211 2354 4282; x_wconf 87' lang='lat' dir='ltr'><strong>centum(et</strong></span> <span class='ocrx_word' id='word_1_636' title='bbox 2386 4211 2509 4267; x_wconf 90' lang='lat' dir='ltr'><strong>sicli</strong></span> <span class='ocrx_word' id='word_1_637' title='bbox 2542 4210 2865 4282; x_wconf 72' lang='lat' dir='ltr'><strong>I775),a:ris</strong></span> <span class='ocrx_word' id='word_1_638' title='bbox 2895 4217 3075 4268; x_wconf 92' lang='lat' dir='ltr'><strong>autem</strong></span> <span class='ocrx_word' id='word_1_639' title='bbox 3103 4216 3447 4285; x_wconf 81' lang='lat' dir='ltr'><strong>septuaginta</strong></span> 
     </span>
    </p>
   </div>
   <div class='ocr_carea' id='block_1_89' title="bbox 1869 4303 3447 4375">
    <p class='ocr_par' dir='ltr' id='par_1_89' title="bbox 1869 4303 3447 4375">
     <span class='ocr_line' id='line_1_89' title="bbox 1869 4303 3447 4375; baseline 0.003 -18"><span class='ocrx_word' id='word_1_640' title='bbox 1869 4303 2295 4368; x_wconf 90' lang='lat' dir='ltr'><strong>talenta,etsicli</strong></span> <span class='ocrx_word' id='word_1_641' title='bbox 2318 4303 2403 4358; x_wconf 92' lang='lat' dir='ltr'><strong>bis</strong></span> <span class='ocrx_word' id='word_1_642' title='bbox 2428 4303 2576 4358; x_wconf 88' lang='lat' dir='ltr'><strong>mille</strong></span> <span class='ocrx_word' id='word_1_643' title='bbox 2600 4303 2905 4375; x_wconf 90' lang='lat' dir='ltr'><strong>quingenti.</strong></span> <span class='ocrx_word' id='word_1_644' title='bbox 2926 4303 3185 4361; x_wconf 87' lang='lat' dir='ltr'><strong>Continet</strong></span> <span class='ocrx_word' id='word_1_645' title='bbox 3207 4306 3447 4362; x_wconf 85' lang='lat' dir='ltr'><strong>hicliber</strong></span> 
     </span>
    </p>
   </div>
   <div class='ocr_carea' id='block_1_90' title="bbox 1868 4394 3446 4465">
    <p class='ocr_par' dir='ltr' id='par_1_90' title="bbox 1868 4394 3446 4465">
     <span class='ocr_line' id='line_1_90' title="bbox 1868 4394 3446 4465; baseline 0.002 -16"><span class='ocrx_word' id='word_1_646' title='bbox 1868 4400 1923 4449; x_wconf 90' lang='lat' dir='ltr'><strong>et</strong></span> <span class='ocrx_word' id='word_1_647' title='bbox 1951 4394 2440 4464; x_wconf 85' lang='lat' dir='ltr'><strong>transgressionem</strong></span> <span class='ocrx_word' id='word_1_648' title='bbox 2476 4395 2686 4464; x_wconf 91' lang='lat' dir='ltr'><strong>populi,</strong></span> <span class='ocrx_word' id='word_1_649' title='bbox 2708 4409 2817 4465; x_wconf 90' lang='lat' dir='ltr'><strong>qua</strong></span> <span class='ocrx_word' id='word_1_650' title='bbox 2842 4396 3075 4451; x_wconf 87' lang='lat' dir='ltr'><strong>vitulum</strong></span> <span class='ocrx_word' id='word_1_651' title='bbox 3117 4397 3221 4451; x_wconf 88' lang='lat' dir='ltr'><strong>sub</strong></span> <span class='ocrx_word' id='word_1_652' title='bbox 3259 4406 3446 4453; x_wconf 88' lang='lat' dir='ltr'><strong>monte</strong></span> 
     </span>
    </p>
   </div>
   <div class='ocr_carea' id='block_1_91' title="bbox 193 4467 1770 4564">
    <p class='ocr_par' dir='ltr' id='par_1_91' title="bbox 193 4467 1768 4564">
     <span class='ocr_line' id='line_1_91' title="bbox 193 4467 1768 4564; baseline 0.007 -27"><span class='ocrx_word' id='word_1_653' title='bbox 193 4484 485 4555; x_wconf 71' lang='grc' dir='ltr'>Μωῦσέως,</span> <span class='ocrx_word' id='word_1_654' title='bbox 520 4467 635 4545; x_wconf 36' lang='grc' dir='ltr'>,καὶ</span> <span class='ocrx_word' id='word_1_655' title='bbox 659 4467 670 4470; x_wconf 38' lang='lat'><strong>—</strong></span> <span class='ocrx_word' id='word_1_656' title='bbox 690 4467 880 4545; x_wconf 68' lang='grc' dir='ltr'>λοιπδν</span> <span class='ocrx_word' id='word_1_657' title='bbox 906 4467 1111 4562; x_wconf 74' lang='grc' dir='ltr'>νόμιμα</span> <span class='ocrx_word' id='word_1_658' title='bbox 1160 4493 1255 4545; x_wconf 74' lang='grc' dir='ltr'><strong>καὶ</strong></span> <span class='ocrx_word' id='word_1_659' title='bbox 1283 4467 1768 4564; x_wconf 35' lang='grc' dir='ltr'>δικαιώμαέάξκαὶ</span> 
     </span>
    </p>
   </div>
   <div class='ocr_carea' id='block_1_92' title="bbox 1874 4467 3443 4564">
    <p class='ocr_par' dir='ltr' id='par_1_92' title="bbox 1874 4483 3443 4558">
     <span class='ocr_line' id='line_1_92' title="bbox 1874 4483 3443 4558; baseline 0.003 -17"><span class='ocrx_word' id='word_1_660' title='bbox 1874 4486 2149 4541; x_wconf 79' lang='lat' dir='ltr'><strong>conﬂavit.</strong></span> <span class='ocrx_word' id='word_1_661' title='bbox 2203 4483 2270 4538; x_wconf 84' lang='lat' dir='ltr'><strong>Et</strong></span> <span class='ocrx_word' id='word_1_662' title='bbox 2313 4484 2590 4555; x_wconf 91' lang='lat' dir='ltr'><strong>quomodo</strong></span> <span class='ocrx_word' id='word_1_663' title='bbox 2639 4486 2864 4542; x_wconf 82' lang='lat' dir='ltr'><strong>Amalec</strong></span> <span class='ocrx_word' id='word_1_664' title='bbox 2922 4503 3021 4558; x_wconf 88' lang='lat' dir='ltr'><strong>per</strong></span> <span class='ocrx_word' id='word_1_665' title='bbox 3065 4491 3443 4545; x_wconf 78' lang='lat' dir='ltr'><strong>extensionem</strong></span> 
     </span>
    </p>
   </div>
   <div class='ocr_carea' id='block_1_93' title="bbox 201 4578 1774 4657">
    <p class='ocr_par' dir='ltr' id='par_1_93' title="bbox 201 4578 1774 4657">
     <span class='ocr_line' id='line_1_93' title="bbox 201 4578 1774 4657; baseline 0.004 -23"><span class='ocrx_word' id='word_1_666' title='bbox 201 4578 297 4647; x_wconf 67' lang='lat' dir='ltr'><strong>up?)</strong></span> <span class='ocrx_word' id='word_1_667' title='bbox 326 4583 501 4638; x_wconf 72' lang='grc' dir='ltr'>αὐτῶν</span> <span class='ocrx_word' id='word_1_668' title='bbox 535 4583 637 4647; x_wconf 80' lang='grc' dir='ltr'><strong>τὰς</strong></span> <span class='ocrx_word' id='word_1_669' title='bbox 666 4586 724 4637; x_wconf 82' lang='grc' dir='ltr'>ὲν</span> <span class='ocrx_word' id='word_1_670' title='bbox 748 4582 915 4648; x_wconf 78' lang='grc' dir='ltr'>πλαξὶ</span> <span class='ocrx_word' id='word_1_671' title='bbox 947 4583 1077 4637; x_wconf 84' lang='grc' dir='ltr'>δέκα</span> <span class='ocrx_word' id='word_1_672' title='bbox 1104 4583 1324 4648; x_wconf 73' lang='grc' dir='ltr'>ἐντολάς</span> <span class='ocrx_word' id='word_1_673' title='bbox 1369 4584 1590 4649; x_wconf 85' lang='grc' dir='ltr'>ταύτας·</span> <span class='ocrx_word' id='word_1_674' title='bbox 1620 4586 1774 4657; x_wconf 81' lang='grc' dir='ltr'>πρώ-</span> 
     </span>
    </p>
   </div>
   <div class='ocr_carea' id='block_1_94' title="bbox 194 4673 1774 4749">
    <p class='ocr_par' dir='ltr' id='par_1_94' title="bbox 194 4673 1774 4749">
     <span class='ocr_line' id='line_1_94' title="bbox 194 4673 1774 4749; baseline 0.006 -26"><span class='ocrx_word' id='word_1_675' title='bbox 194 4684 309 4741; x_wconf 70' lang='grc' dir='ltr'>την,</span> <span class='ocrx_word' id='word_1_676' title='bbox 374 4673 510 4745; x_wconf 82' lang='grc' dir='ltr'><strong>Ἐγώ</strong></span> <span class='ocrx_word' id='word_1_677' title='bbox 536 4678 655 4748; x_wconf 89' lang='grc' dir='ltr'>εἱμι</span> <span class='ocrx_word' id='word_1_678' title='bbox 711 4675 920 4748; x_wconf 78' lang='grc' dir='ltr'>Κύριος</span> <span class='ocrx_word' id='word_1_679' title='bbox 967 4679 995 4729; x_wconf 87' lang='grc' dir='ltr'>ὁ</span> <span class='ocrx_word' id='word_1_680' title='bbox 1032 4676 1163 4741; x_wconf 83' lang='grc' dir='ltr'>Θεός</span> <span class='ocrx_word' id='word_1_681' title='bbox 1223 4694 1335 4731; x_wconf 89' lang='grc' dir='ltr'>σου·</span> <span class='ocrx_word' id='word_1_682' title='bbox 1373 4677 1649 4749; x_wconf 83' lang='grc' dir='ltr'>δευτέραν,</span> <span class='ocrx_word' id='word_1_683' title='bbox 1700 4680 1774 4733; x_wconf 88' lang='grc' dir='ltr'>Ού</span> 
     </span>
    </p>
   </div>
   <div class='ocr_carea' id='block_1_95' title="bbox 198 4763 1775 4844">
    <p class='ocr_par' dir='ltr' id='par_1_95' title="bbox 198 4763 1775 4844">
     <span class='ocr_line' id='line_1_95' title="bbox 198 4763 1775 4844; baseline 0.006 -30"><span class='ocrx_word' id='word_1_684' title='bbox 198 4763 436 4835; x_wconf 73' lang='grc' dir='ltr'>ποιήσεις</span> <span class='ocrx_word' id='word_1_685' title='bbox 472 4767 687 4839; x_wconf 81' lang='grc' dir='ltr'>σεαυτῷ</span> <span class='ocrx_word' id='word_1_686' title='bbox 715 4768 954 4833; x_wconf 77' lang='grc' dir='ltr'>εἴδωλον,</span> <span class='ocrx_word' id='word_1_687' title='bbox 978 4768 1097 4822; x_wconf 82' lang='grc' dir='ltr'>οὐδὲ</span> <span class='ocrx_word' id='word_1_688' title='bbox 1118 4769 1316 4834; x_wconf 84' lang='grc' dir='ltr'>παντὸς</span> <span class='ocrx_word' id='word_1_689' title='bbox 1342 4770 1612 4842; x_wconf 85' lang='grc' dir='ltr'>ὁμοίωμα·</span> <span class='ocrx_word' id='word_1_690' title='bbox 1657 4772 1775 4844; x_wconf 87' lang='grc' dir='ltr'>τρί-</span> 
     </span>
    </p>
   </div>
   <div class='ocr_carea' id='block_1_96' title="bbox 199 4857 1777 4932">
    <p class='ocr_par' dir='ltr' id='par_1_96' title="bbox 199 4857 1777 4932">
     <span class='ocr_line' id='line_1_96' title="bbox 199 4857 1777 4932; baseline 0.002 -19"><span class='ocrx_word' id='word_1_691' title='bbox 199 4866 315 4922; x_wconf 70' lang='grc' dir='ltr'>την,</span> <span class='ocrx_word' id='word_1_692' title='bbox 358 4857 429 4912; x_wconf 79' lang='grc' dir='ltr'><strong>Οὐ</strong></span> <span class='ocrx_word' id='word_1_693' title='bbox 454 4858 602 4932; x_wconf 75' lang='grc' dir='ltr'>λήψῃ</span> <span class='ocrx_word' id='word_1_694' title='bbox 647 4860 711 4913; x_wconf 78' lang='grc' dir='ltr'>τὸ</span> <span class='ocrx_word' id='word_1_695' title='bbox 766 4859 939 4931; x_wconf 77' lang='grc' dir='ltr'>δνομα</span> <span class='ocrx_word' id='word_1_696' title='bbox 982 4861 1189 4932; x_wconf 83' lang='grc' dir='ltr'>Κυρίου</span> <span class='ocrx_word' id='word_1_697' title='bbox 1242 4861 1335 4916; x_wconf 79' lang='grc' dir='ltr'>τοῦ</span> <span class='ocrx_word' id='word_1_698' title='bbox 1366 4862 1500 4916; x_wconf 86' lang='grc' dir='ltr'><strong>Θεοῦ</strong></span> <span class='ocrx_word' id='word_1_699' title='bbox 1529 4879 1621 4916; x_wconf 92' lang='grc' dir='ltr'><strong>σου</strong></span> <span class='ocrx_word' id='word_1_700' title='bbox 1685 4865 1777 4916; x_wconf 74' lang='grc' dir='ltr'>ἐπὶ</span> 
     </span>
    </p>
   </div>
   <div class='ocr_carea' id='block_1_97' title="bbox 207 4947 1773 5027">
    <p class='ocr_par' dir='ltr' id='par_1_97' title="bbox 207 4947 1773 5027">
     <span class='ocr_line' id='line_1_97' title="bbox 207 4947 1773 5027; baseline 0.007 -30"><span class='ocrx_word' id='word_1_701' title='bbox 207 4947 429 5021; x_wconf 80' lang='grc' dir='ltr'>ματαίῳ·</span> <span class='ocrx_word' id='word_1_702' title='bbox 470 4952 762 5025; x_wconf 88' lang='grc' dir='ltr'>τετάρτην,</span> <span class='ocrx_word' id='word_1_703' title='bbox 807 4952 1093 5024; x_wconf 83' lang='grc' dir='ltr'>Μνήσθητι</span> <span class='ocrx_word' id='word_1_704' title='bbox 1130 4952 1228 5027; x_wconf 82' lang='grc' dir='ltr'><strong>τὴν</strong></span> <span class='ocrx_word' id='word_1_705' title='bbox 1256 4955 1469 5027; x_wconf 76' lang='grc' dir='ltr'>ἡμέραν</span> <span class='ocrx_word' id='word_1_706' title='bbox 1506 4954 1613 5008; x_wconf 85' lang='grc' dir='ltr'><strong>τῶν</strong></span> <span class='ocrx_word' id='word_1_707' title='bbox 1642 4955 1773 5008; x_wconf 88' lang='grc' dir='ltr'>σαϐ-</span> 
     </span>
    </p>
   </div>
   <div class='ocr_carea' id='block_1_98' title="bbox 207 5032 1775 5121">
    <p class='ocr_par' dir='ltr' id='par_1_98' title="bbox 207 5032 1775 5121">
     <span class='ocr_line' id='line_1_98' title="bbox 207 5032 1775 5121; baseline 0.014 -38"><span class='ocrx_word' id='word_1_708' title='bbox 207 5032 393 5092; x_wconf 76' lang='grc' dir='ltr'>ϐάτων·</span> <span class='ocrx_word' id='word_1_709' title='bbox 428 5043 705 5117; x_wconf 82' lang='grc' dir='ltr'>πέμπτην,</span> <span class='ocrx_word' id='word_1_710' title='bbox 742 5044 892 5115; x_wconf 89' lang='grc' dir='ltr'>Τίμα</span> <span class='ocrx_word' id='word_1_711' title='bbox 924 5046 1016 5099; x_wconf 82' lang='grc' dir='ltr'><strong>τὸν</strong></span> <span class='ocrx_word' id='word_1_712' title='bbox 1040 5046 1257 5120; x_wconf 85' lang='grc' dir='ltr'>Πατέρα</span> <span class='ocrx_word' id='word_1_713' title='bbox 1284 5065 1377 5101; x_wconf 90' lang='grc' dir='ltr'><strong>σου</strong></span> <span class='ocrx_word' id='word_1_714' title='bbox 1420 5048 1514 5101; x_wconf 78' lang='grc' dir='ltr'><strong>καὶ</strong></span> <span class='ocrx_word' id='word_1_715' title='bbox 1540 5048 1640 5120; x_wconf 79' lang='grc' dir='ltr'><strong>τὴν</strong></span> <span class='ocrx_word' id='word_1_716' title='bbox 1671 5065 1775 5121; x_wconf 85' lang='grc' dir='ltr'>μη-</span> 
     </span>
    </p>
   </div>
   <div class='ocr_carea' id='block_1_99' title="bbox 208 5127 1776 5212">
    <p class='ocr_par' dir='ltr' id='par_1_99' title="bbox 208 5127 1776 5212">
     <span class='ocr_line' id='line_1_99' title="bbox 208 5127 1776 5212; baseline 0.004 -26"><span class='ocrx_word' id='word_1_717' title='bbox 208 5127 330 5197; x_wconf 77' lang='grc' dir='ltr'>τέρα</span> <span class='ocrx_word' id='word_1_718' title='bbox 370 5150 473 5188; x_wconf 86' lang='grc' dir='ltr'>σου·</span> <span class='ocrx_word' id='word_1_719' title='bbox 495 5135 689 5207; x_wconf 72' lang='grc' dir='ltr'>ἕκτην,</span> <span class='ocrx_word' id='word_1_720' title='bbox 711 5138 789 5191; x_wconf 80' lang='grc' dir='ltr'><strong>οὐ</strong></span> <span class='ocrx_word' id='word_1_721' title='bbox 820 5138 1123 5206; x_wconf 81' lang='grc' dir='ltr'>φονεύσεις·</span> <span class='ocrx_word' id='word_1_722' title='bbox 1178 5138 1432 5212; x_wconf 80' lang='grc' dir='ltr'>ἑϐδόμην,</span> <span class='ocrx_word' id='word_1_723' title='bbox 1458 5140 1533 5194; x_wconf 86' lang='grc' dir='ltr'><strong>υύ</strong></span> <span class='ocrx_word' id='word_1_724' title='bbox 1557 5139 1776 5211; x_wconf 86' lang='grc' dir='ltr'>μοιχεύ-</span> 
     </span>
    </p>
   </div>
   <div class='ocr_carea' id='block_1_100' title="bbox 215 5221 1774 5304">
    <p class='ocr_par' dir='ltr' id='par_1_100' title="bbox 215 5221 1774 5304">
     <span class='ocr_line' id='line_1_100' title="bbox 215 5221 1774 5304; baseline 0.013 -32"><span class='ocrx_word' id='word_1_725' title='bbox 215 5227 333 5278; x_wconf 76' lang='grc' dir='ltr'>σεις·</span> <span class='ocrx_word' id='word_1_726' title='bbox 359 5221 558 5297; x_wconf 80' lang='grc' dir='ltr'>ὀγδόην,</span> <span class='ocrx_word' id='word_1_727' title='bbox 593 5227 670 5279; x_wconf 84' lang='grc' dir='ltr'>Ού</span> <span class='ocrx_word' id='word_1_728' title='bbox 694 5225 939 5296; x_wconf 80' lang='grc' dir='ltr'>κλέψεις·</span> <span class='ocrx_word' id='word_1_729' title='bbox 966 5227 1182 5300; x_wconf 76' lang='grc' dir='ltr'>ἐνάτην,</span> <span class='ocrx_word' id='word_1_730' title='bbox 1224 5231 1297 5283; x_wconf 82' lang='grc' dir='ltr'><strong>Οὐ</strong></span> <span class='ocrx_word' id='word_1_731' title='bbox 1322 5229 1774 5304; x_wconf 77' lang='grc' dir='ltr'>ψευδομαρτυρή-</span> 
     </span>
    </p>
   </div>
   <div class='ocr_carea' id='block_1_101' title="bbox 1870 4575 3449 4650">
    <p class='ocr_par' dir='ltr' id='par_1_101' title="bbox 1870 4575 3449 4650">
     <span class='ocr_line' id='line_1_101' title="bbox 1870 4575 3449 4650; baseline 0.003 -18"><span class='ocrx_word' id='word_1_732' title='bbox 1870 4592 2133 4632; x_wconf 89' lang='lat' dir='ltr'><strong>manuum</strong></span> <span class='ocrx_word' id='word_1_733' title='bbox 2168 4575 2338 4632; x_wconf 83' lang='lat' dir='ltr'><strong>Mosis</strong></span> <span class='ocrx_word' id='word_1_734' title='bbox 2362 4591 2660 4646; x_wconf 87' lang='lat' dir='ltr'><strong>percussus</strong></span> <span class='ocrx_word' id='word_1_735' title='bbox 2688 4577 2761 4633; x_wconf 91' lang='lat' dir='ltr'><strong>sit</strong></span> <span class='ocrx_word' id='word_1_736' title='bbox 2780 4618 2795 4639; x_wconf 88' lang='lat'><strong>,</strong></span> <span class='ocrx_word' id='word_1_737' title='bbox 2826 4594 3044 4634; x_wconf 88' lang='lat' dir='ltr'><strong>necnon</strong></span> <span class='ocrx_word' id='word_1_738' title='bbox 3070 4579 3329 4650; x_wconf 90' lang='lat' dir='ltr'><strong>deinceps</strong></span> <span class='ocrx_word' id='word_1_739' title='bbox 3370 4582 3449 4637; x_wconf 59' lang='lat' dir='ltr'><strong>le.</strong></span> 
     </span>
    </p>
   </div>
   <div class='ocr_carea' id='block_1_102' title="bbox 1870 4668 3447 4744">
    <p class='ocr_par' dir='ltr' id='par_1_102' title="bbox 1870 4668 3447 4744">
     <span class='ocr_line' id='line_1_102' title="bbox 1870 4668 3447 4744; baseline 0.001 -18"><span class='ocrx_word' id='word_1_740' title='bbox 1870 4686 1964 4740; x_wconf 81' lang='lat' dir='ltr'><strong>ges</strong></span> <span class='ocrx_word' id='word_1_741' title='bbox 1991 4678 2045 4726; x_wconf 88' lang='lat' dir='ltr'><strong>et</strong></span> <span class='ocrx_word' id='word_1_742' title='bbox 2070 4668 2517 4741; x_wconf 87' lang='lat' dir='ltr'><strong>justiﬁcationes,</strong></span> <span class='ocrx_word' id='word_1_743' title='bbox 2549 4679 2605 4725; x_wconf 91' lang='lat' dir='ltr'><strong>et</strong></span> <span class='ocrx_word' id='word_1_744' title='bbox 2626 4680 2757 4728; x_wconf 87' lang='lat' dir='ltr'><strong>ante</strong></span> <span class='ocrx_word' id='word_1_745' title='bbox 2782 4671 2920 4729; x_wconf 88' lang='lat' dir='ltr'><strong>istas</strong></span> <span class='ocrx_word' id='word_1_746' title='bbox 2954 4672 3142 4729; x_wconf 91' lang='lat' dir='ltr'><strong>decem</strong></span> <span class='ocrx_word' id='word_1_747' title='bbox 3173 4683 3447 4744; x_wconf 72' lang='lat' dir='ltr'><strong>praecepta</strong></span> 
     </span>
    </p>
   </div>
   <div class='ocr_carea' id='block_1_103' title="bbox 1871 4761 3447 4833">
    <p class='ocr_par' dir='ltr' id='par_1_103' title="bbox 1871 4761 3447 4833">
     <span class='ocr_line' id='line_1_103' title="bbox 1871 4761 3447 4833; baseline 0.002 -19"><span class='ocrx_word' id='word_1_748' title='bbox 1871 4762 2073 4816; x_wconf 89' lang='lat' dir='ltr'><strong>tabulis</strong></span> <span class='ocrx_word' id='word_1_749' title='bbox 2123 4761 2410 4830; x_wconf 87' lang='lat' dir='ltr'><strong>inscripta,</strong></span> <span class='ocrx_word' id='word_1_750' title='bbox 2462 4776 2695 4830; x_wconf 87' lang='lat' dir='ltr'><strong>quorum</strong></span> <span class='ocrx_word' id='word_1_751' title='bbox 2750 4762 2988 4833; x_wconf 90' lang='lat' dir='ltr'><strong>primum</strong></span> <span class='ocrx_word' id='word_1_752' title='bbox 3017 4772 3141 4820; x_wconf 89' lang='lat' dir='ltr'><strong>est:</strong></span> <span class='ocrx_word' id='word_1_753' title='bbox 3180 4763 3293 4833; x_wconf 85' lang='lat' dir='ltr'><strong>Ego</strong></span> <span class='ocrx_word' id='word_1_754' title='bbox 3323 4778 3447 4818; x_wconf 91' lang='lat' dir='ltr'><strong>sum</strong></span> 
     </span>
    </p>
   </div>
   <div class='ocr_carea' id='block_1_104' title="bbox 1871 4852 3445 4923">
    <p class='ocr_par' dir='ltr' id='par_1_104' title="bbox 1871 4852 3445 4923">
     <span class='ocr_line' id='line_1_104' title="bbox 1871 4852 3445 4923; baseline 0.001 -17"><span class='ocrx_word' id='word_1_755' title='bbox 1871 4852 2138 4909; x_wconf 84' lang='lat' dir='ltr'><strong>Dominus</strong></span> <span class='ocrx_word' id='word_1_756' title='bbox 2182 4853 2327 4910; x_wconf 91' lang='lat' dir='ltr'><strong>Deus</strong></span> <span class='ocrx_word' id='word_1_757' title='bbox 2353 4864 2522 4921; x_wconf 89' lang='lat' dir='ltr'><strong>tuus;</strong></span> <span class='ocrx_word' id='word_1_758' title='bbox 2554 4853 2812 4919; x_wconf 89' lang='lat' dir='ltr'><strong>alterum,</strong></span> <span class='ocrx_word' id='word_1_759' title='bbox 2846 4854 2966 4909; x_wconf 84' lang='lat' dir='ltr'><strong>Non</strong></span> <span class='ocrx_word' id='word_1_760' title='bbox 2998 4855 3166 4909; x_wconf 83' lang='lat' dir='ltr'><strong>facies</strong></span> <span class='ocrx_word' id='word_1_761' title='bbox 3197 4855 3296 4909; x_wconf 89' lang='lat' dir='ltr'><strong>tibi</strong></span> <span class='ocrx_word' id='word_1_762' title='bbox 3340 4854 3445 4923; x_wconf 88' lang='lat' dir='ltr'><strong>ipsi</strong></span> 
     </span>
    </p>
   </div>
   <div class='ocr_carea' id='block_1_105' title="bbox 1872 4946 3447 5016">
    <p class='ocr_par' dir='ltr' id='par_1_105' title="bbox 1872 4946 3447 5016">
     <span class='ocr_line' id='line_1_105' title="bbox 1872 4946 3447 5016; baseline -0.003 -15"><span class='ocrx_word' id='word_1_763' title='bbox 1872 4946 2253 5011; x_wconf 89' lang='lat' dir='ltr'><strong>simulacrum,</strong></span> <span class='ocrx_word' id='word_1_764' title='bbox 2290 4961 2469 5016; x_wconf 90' lang='lat' dir='ltr'><strong>neque</strong></span> <span class='ocrx_word' id='word_1_765' title='bbox 2513 4946 2681 5000; x_wconf 90' lang='lat' dir='ltr'><strong>ullius</strong></span> <span class='ocrx_word' id='word_1_766' title='bbox 2725 4946 2807 5000; x_wconf 89' lang='lat' dir='ltr'><strong>rei</strong></span> <span class='ocrx_word' id='word_1_767' title='bbox 2856 4946 3301 5009; x_wconf 86' lang='lat' dir='ltr'><strong>similitudinem;</strong></span> <span class='ocrx_word' id='word_1_768' title='bbox 3333 4952 3447 4999; x_wconf 88' lang='lat' dir='ltr'><strong>ter-</strong></span> 
     </span>
    </p>
   </div>
   <div class='ocr_carea' id='block_1_106' title="bbox 1871 5034 3444 5101">
    <p class='ocr_par' dir='ltr' id='par_1_106' title="bbox 1871 5034 3444 5101">
     <span class='ocr_line' id='line_1_106' title="bbox 1871 5034 3444 5101; baseline 0.001 -14"><span class='ocrx_word' id='word_1_769' title='bbox 1871 5035 2029 5101; x_wconf 90' lang='lat' dir='ltr'><strong>tium,</strong></span> <span class='ocrx_word' id='word_1_770' title='bbox 2055 5034 2171 5090; x_wconf 87' lang='lat' dir='ltr'><strong>Non</strong></span> <span class='ocrx_word' id='word_1_771' title='bbox 2204 5050 2456 5092; x_wconf 89' lang='lat' dir='ltr'><strong>assumes</strong></span> <span class='ocrx_word' id='word_1_772' title='bbox 2499 5051 2697 5090; x_wconf 88' lang='lat' dir='ltr'><strong>nomen</strong></span> <span class='ocrx_word' id='word_1_773' title='bbox 2746 5035 2963 5089; x_wconf 90' lang='lat' dir='ltr'><strong>Domini</strong></span> <span class='ocrx_word' id='word_1_774' title='bbox 2994 5034 3090 5090; x_wconf 92' lang='lat' dir='ltr'><strong>Dei</strong></span> <span class='ocrx_word' id='word_1_775' title='bbox 3134 5035 3213 5088; x_wconf 88' lang='lat' dir='ltr'><strong>tui</strong></span> <span class='ocrx_word' id='word_1_776' title='bbox 3263 5034 3317 5088; x_wconf 91' lang='lat' dir='ltr'><strong>in</strong></span> <span class='ocrx_word' id='word_1_777' title='bbox 3344 5049 3444 5088; x_wconf 82' lang='lat' dir='ltr'><strong>va-</strong></span> 
     </span>
    </p>
   </div>
   <div class='ocr_carea' id='block_1_107' title="bbox 1871 5125 3443 5197">
    <p class='ocr_par' dir='ltr' id='par_1_107' title="bbox 1871 5125 3443 5197">
     <span class='ocr_line' id='line_1_107' title="bbox 1871 5125 3443 5197; baseline -0.001 -17"><span class='ocrx_word' id='word_1_778' title='bbox 1871 5142 2001 5181; x_wconf 92' lang='lat' dir='ltr'><strong>num</strong></span> <span class='ocrx_word' id='word_1_779' title='bbox 2027 5144 2042 5194; x_wconf 92' lang='lat'><strong>;</strong></span> <span class='ocrx_word' id='word_1_780' title='bbox 2075 5135 2352 5197; x_wconf 89' lang='lat' dir='ltr'><strong>quartum,</strong></span> <span class='ocrx_word' id='word_1_781' title='bbox 2378 5126 2687 5183; x_wconf 81' lang='lat' dir='ltr'><strong>Recordare</strong></span> <span class='ocrx_word' id='word_1_782' title='bbox 2714 5127 2821 5182; x_wconf 80' lang='lat' dir='ltr'><strong>diei</strong></span> <span class='ocrx_word' id='word_1_783' title='bbox 2854 5125 3217 5181; x_wconf 88' lang='lat' dir='ltr'><strong>Sabbatorum</strong></span> <span class='ocrx_word' id='word_1_784' title='bbox 3240 5166 3257 5193; x_wconf 76' lang='lat'><strong>,</strong></span> <span class='ocrx_word' id='word_1_785' title='bbox 3278 5126 3443 5196; x_wconf 89' lang='lat' dir='ltr'><strong>quin-</strong></span> 
     </span>
    </p>
   </div>
   <div class='ocr_carea' id='block_1_108' title="bbox 1877 5217 3445 5288">
    <p class='ocr_par' dir='ltr' id='par_1_108' title="bbox 1877 5217 3445 5288">
     <span class='ocr_line' id='line_1_108' title="bbox 1877 5217 3445 5288; baseline -0.001 -17"><span class='ocrx_word' id='word_1_786' title='bbox 1877 5226 2015 5280; x_wconf 89' lang='lat' dir='ltr'><strong>tum,</strong></span> <span class='ocrx_word' id='word_1_787' title='bbox 2052 5217 2268 5273; x_wconf 81' lang='lat' dir='ltr'><strong>Honora</strong></span> <span class='ocrx_word' id='word_1_788' title='bbox 2303 5225 2514 5288; x_wconf 83' lang='lat' dir='ltr'><strong>patrem</strong></span> <span class='ocrx_word' id='word_1_789' title='bbox 2538 5224 2716 5281; x_wconf 91' lang='lat' dir='ltr'><strong>tuum,</strong></span> <span class='ocrx_word' id='word_1_790' title='bbox 2746 5227 2802 5272; x_wconf 91' lang='lat' dir='ltr'><strong>et</strong></span> <span class='ocrx_word' id='word_1_791' title='bbox 2836 5224 3064 5279; x_wconf 82' lang='lat' dir='ltr'><strong>matrem</strong></span> <span class='ocrx_word' id='word_1_792' title='bbox 3099 5226 3283 5282; x_wconf 91' lang='lat' dir='ltr'><strong>tuam;</strong></span> <span class='ocrx_word' id='word_1_793' title='bbox 3316 5230 3445 5271; x_wconf 77' lang='lat' dir='ltr'><strong>sex-</strong></span> 
     </span>
    </p>
   </div>
   <div class='ocr_carea' id='block_1_109' title="bbox 217 5305 1770 5395">
    <p class='ocr_par' dir='ltr' id='par_1_109' title="bbox 217 5319 1770 5395">
     <span class='ocr_line' id='line_1_109' title="bbox 217 5319 1770 5395; baseline 0.004 -22"><span class='ocrx_word' id='word_1_794' title='bbox 217 5320 317 5373; x_wconf 71' lang='grc' dir='ltr'>σῖις</span> <span class='ocrx_word' id='word_1_795' title='bbox 350 5319 478 5372; x_wconf 72' lang='grc' dir='ltr'>κατὰ</span> <span class='ocrx_word' id='word_1_796' title='bbox 516 5319 613 5374; x_wconf 78' lang='grc' dir='ltr'>τοῦ</span> <span class='ocrx_word' id='word_1_797' title='bbox 661 5320 896 5392; x_wconf 88' lang='grc' dir='ltr'>πλησίον</span> <span class='ocrx_word' id='word_1_798' title='bbox 929 5337 1022 5373; x_wconf 87' lang='grc' dir='ltr'><strong>σου</strong></span> <span class='ocrx_word' id='word_1_799' title='bbox 1050 5323 1356 5395; x_wconf 88' lang='grc' dir='ltr'>μαρτυρίαν</span> <span class='ocrx_word' id='word_1_800' title='bbox 1386 5324 1579 5395; x_wconf 78' lang='grc' dir='ltr'>ψευδῆ·</span> <span class='ocrx_word' id='word_1_801' title='bbox 1609 5324 1770 5379; x_wconf 86' lang='grc' dir='ltr'>δεκά-</span> 
     </span>
    </p>
   </div>
   <div class='ocr_carea' id='block_1_110' title="bbox 1874 5305 3440 5395">
    <p class='ocr_par' dir='ltr' id='par_1_110' title="bbox 1874 5305 3440 5379">
     <span class='ocr_line' id='line_1_110' title="bbox 1874 5305 3440 5379; baseline 0.001 -16"><span class='ocrx_word' id='word_1_802' title='bbox 1874 5318 2010 5375; x_wconf 90' lang='lat' dir='ltr'><strong>tum,</strong></span> <span class='ocrx_word' id='word_1_803' title='bbox 2054 5308 2174 5364; x_wconf 83' lang='lat' dir='ltr'><strong>Non</strong></span> <span class='ocrx_word' id='word_1_804' title='bbox 2225 5309 2479 5375; x_wconf 88' lang='lat' dir='ltr'><strong>occides;</strong></span> <span class='ocrx_word' id='word_1_805' title='bbox 2524 5309 2839 5379; x_wconf 90' lang='lat' dir='ltr'><strong>septimum,</strong></span> <span class='ocrx_word' id='word_1_806' title='bbox 2869 5305 2990 5360; x_wconf 82' lang='lat' dir='ltr'><strong>Non</strong></span> <span class='ocrx_word' id='word_1_807' title='bbox 3034 5307 3440 5376; x_wconf 72' lang='lat' dir='ltr'><strong>mmchaberis;</strong></span> 
     </span>
    </p>
   </div>
   <div class='ocr_carea' id='block_1_111' title="bbox 216 5407 1770 5486">
    <p class='ocr_par' dir='ltr' id='par_1_111' title="bbox 216 5407 1770 5486">
     <span class='ocr_line' id='line_1_111' title="bbox 216 5407 1770 5486; baseline 0.003 -22"><span class='ocrx_word' id='word_1_808' title='bbox 216 5411 324 5468; x_wconf 64' lang='grc' dir='ltr'><strong>την,</strong></span> <span class='ocrx_word' id='word_1_809' title='bbox 363 5407 465 5462; x_wconf 88' lang='grc' dir='ltr'>Ούκ</span> <span class='ocrx_word' id='word_1_810' title='bbox 494 5411 861 5483; x_wconf 75' lang='grc' dir='ltr'>ἐπιθυμήσεις</span> <span class='ocrx_word' id='word_1_811' title='bbox 889 5410 986 5483; x_wconf 81' lang='grc' dir='ltr'>τὴν</span> <span class='ocrx_word' id='word_1_812' title='bbox 1007 5417 1238 5481; x_wconf 87' lang='grc' dir='ltr'>γυναῖκα</span> <span class='ocrx_word' id='word_1_813' title='bbox 1267 5414 1361 5469; x_wconf 83' lang='grc' dir='ltr'>τοῦ</span> <span class='ocrx_word' id='word_1_814' title='bbox 1394 5415 1619 5486; x_wconf 89' lang='grc' dir='ltr'>πλησίον</span> <span class='ocrx_word' id='word_1_815' title='bbox 1655 5434 1770 5477; x_wconf 91' lang='grc' dir='ltr'>σου,</span> 
     </span>
    </p>
   </div>
   <div class='ocr_carea' id='block_1_112' title="bbox 218 5485 1771 5578">
    <p class='ocr_par' dir='ltr' id='par_1_112' title="bbox 218 5485 1771 5578">
     <span class='ocr_line' id='line_1_112' title="bbox 218 5485 1771 5578; baseline 0.018 -42"><span class='ocrx_word' id='word_1_816' title='bbox 218 5485 315 5541; x_wconf 61' lang='grc' dir='ltr'>εὖθ’</span> <span class='ocrx_word' id='word_1_817' title='bbox 341 5494 432 5551; x_wconf 82' lang='grc' dir='ltr'>ὅσα</span> <span class='ocrx_word' id='word_1_818' title='bbox 475 5501 549 5573; x_wconf 82' lang='grc' dir='ltr'><strong>τῷ</strong></span> <span class='ocrx_word' id='word_1_819' title='bbox 580 5502 818 5573; x_wconf 84' lang='grc' dir='ltr'>πλησίον</span> <span class='ocrx_word' id='word_1_820' title='bbox 887 5518 982 5554; x_wconf 84' lang='grc' dir='ltr'><strong>σου</strong></span> <span class='ocrx_word' id='word_1_821' title='bbox 1023 5503 1189 5558; x_wconf 81' lang='grc' dir='ltr'>ἐστίν.</span> <span class='ocrx_word' id='word_1_822' title='bbox 1231 5505 1293 5558; x_wconf 85' lang='grc' dir='ltr'><em>Ἦ</em></span> <span class='ocrx_word' id='word_1_823' title='bbox 1344 5504 1402 5559; x_wconf 80' lang='grc' dir='ltr'>δὲ</span> <span class='ocrx_word' id='word_1_824' title='bbox 1443 5485 1634 5578; x_wconf 75' lang='grc' dir='ltr'>σκηνὴ,</span> <span class='ocrx_word' id='word_1_825' title='bbox 1680 5523 1771 5558; x_wconf 80' lang='grc' dir='ltr'>τε·</span> 
     </span>
    </p>
   </div>
   <div class='ocr_carea' id='block_1_113' title="bbox 273 5674 1380 5755">
    <p class='ocr_par' dir='ltr' id='par_1_113' title="bbox 273 5674 1380 5755">
     <span class='ocr_line' id='line_1_113' title="bbox 273 5674 1380 5755; baseline -0.005 -12"><span class='ocrx_word' id='word_1_826' title='bbox 402 5680 639 5755; x_wconf 66' lang='lat' dir='ltr'><strong>Lf’gitur,</strong></span> <span class='ocrx_word' id='word_1_827' title='bbox 690 5682 925 5755; x_wconf 72' lang='grc' dir='ltr'>Ἑλιάϐ,</span> <span class='ocrx_word' id='word_1_828' title='bbox 944 5682 1115 5741; x_wconf 79' lang='lat' dir='ltr'><strong>Exod.</strong></span> <span class='ocrx_word' id='word_1_829' title='bbox 1145 5702 1297 5749; x_wconf 68' lang='lat' dir='ltr'><strong>xxxx,</strong></span> <span class='ocrx_word' id='word_1_830' title='bbox 1327 5683 1380 5755; x_wconf 56' lang='grc' dir='ltr'><strong>6ἶ</strong></span> 
     </span>
    </p>
   </div>
   <div class='ocr_carea' id='block_1_114' title="bbox 270 5748 2348 5826">
    <p class='ocr_par' dir='ltr' id='par_1_114' title="bbox 270 5748 2348 5826">
     <span class='ocr_line' id='line_1_114' title="bbox 270 5748 2348 5826; baseline -0 -17"><span class='ocrx_word' id='word_1_831' title='bbox 270 5748 373 5822; x_wconf 73' lang='lat'><strong>(79)</strong></span> <span class='ocrx_word' id='word_1_832' title='bbox 401 5748 667 5812; x_wconf 39' lang='lat' dir='ltr'><strong>Sicvlorum</strong></span> <span class='ocrx_word' id='word_1_833' title='bbox 707 5754 931 5826; x_wconf 82' lang='lat' dir='ltr'><strong>argenti</strong></span> <span class='ocrx_word' id='word_1_834' title='bbox 973 5769 1241 5810; x_wconf 85' lang='lat' dir='ltr'><strong>summam</strong></span> <span class='ocrx_word' id='word_1_835' title='bbox 1271 5748 1338 5812; x_wconf 78' lang='lat' dir='ltr'><strong>cx</strong></span> <span class='ocrx_word' id='word_1_836' title='bbox 1364 5751 1521 5821; x_wconf 67' lang='lat' dir='ltr'><strong>LXX,</strong></span> <span class='ocrx_word' id='word_1_837' title='bbox 1553 5753 1925 5825; x_wconf 79' lang='lat' dir='ltr'><strong>supplerimus</strong></span> <span class='ocrx_word' id='word_1_838' title='bbox 1956 5751 2127 5813; x_wconf 76' lang='lat' dir='ltr'><strong>Exod.</strong></span> <span class='ocrx_word' id='word_1_839' title='bbox 2160 5767 2348 5808; x_wconf 61' lang='grc' dir='ltr'><strong>χχχιι.</strong></span> 
     </span>
    </p>
   </div>
   <div class='ocr_carea' id='block_1_115' title="bbox 500 5847 1201 5925">
    <p class='ocr_par' dir='ltr' id='par_1_115' title="bbox 500 5847 1201 5925">
     <span class='ocr_line' id='line_1_115' title="bbox 500 5847 1201 5925; baseline -0.007 -11"><span class='ocrx_word' id='word_1_840' title='bbox 500 5855 701 5925; x_wconf 65' lang='grc' dir='ltr'>Ριῖιι.</span> <span class='ocrx_word' id='word_1_841' title='bbox 738 5851 787 5913; x_wconf 88' lang='lat' dir='ltr'><em>G</em></span> <span class='ocrx_word' id='word_1_842' title='bbox 804 5870 867 5912; x_wconf 78' lang='grc' dir='ltr'>ει.</span> <span class='ocrx_word' id='word_1_843' title='bbox 910 5847 1201 5909; x_wconf 82' lang='lat' dir='ltr'><strong>XXVIII.</strong></span> 
     </span>
    </p>
   </div>
   <div class='ocr_carea' id='block_1_116' title="bbox 1872 5396 3442 5466">
    <p class='ocr_par' dir='ltr' id='par_1_116' title="bbox 1872 5396 3442 5466">
     <span class='ocr_line' id='line_1_116' title="bbox 1872 5396 3442 5466; baseline 0 -11"><span class='ocrx_word' id='word_1_844' title='bbox 1872 5409 2149 5466; x_wconf 86' lang='lat' dir='ltr'><strong>octavum,</strong></span> <span class='ocrx_word' id='word_1_845' title='bbox 2179 5399 2299 5456; x_wconf 85' lang='lat' dir='ltr'><strong>Non</strong></span> <span class='ocrx_word' id='word_1_846' title='bbox 2326 5400 2628 5466; x_wconf 82' lang='lat' dir='ltr'><strong>furaberis;</strong></span> <span class='ocrx_word' id='word_1_847' title='bbox 2657 5414 2886 5464; x_wconf 91' lang='lat' dir='ltr'><strong>nonum,</strong></span> <span class='ocrx_word' id='word_1_848' title='bbox 2914 5396 3034 5453; x_wconf 89' lang='lat' dir='ltr'><strong>Non</strong></span> <span class='ocrx_word' id='word_1_849' title='bbox 3060 5398 3214 5456; x_wconf 87' lang='lat' dir='ltr'><strong>dices</strong></span> <span class='ocrx_word' id='word_1_850' title='bbox 3247 5409 3442 5457; x_wconf 83' lang='lat' dir='ltr'><strong>contra</strong></span> 
     </span>
    </p>
   </div>
   <div class='ocr_carea' id='block_1_117' title="bbox 1871 5489 3441 5561">
    <p class='ocr_par' dir='ltr' id='par_1_117' title="bbox 1871 5489 3441 5561">
     <span class='ocr_line' id='line_1_117' title="bbox 1871 5489 3441 5561; baseline -0.001 -16"><span class='ocrx_word' id='word_1_851' title='bbox 1871 5490 2180 5561; x_wconf 81' lang='lat' dir='ltr'><strong>proximum</strong></span> <span class='ocrx_word' id='word_1_852' title='bbox 2235 5500 2387 5545; x_wconf 91' lang='lat' dir='ltr'><strong>tuum</strong></span> <span class='ocrx_word' id='word_1_853' title='bbox 2441 5490 2637 5547; x_wconf 84' lang='lat' dir='ltr'><strong>falsum</strong></span> <span class='ocrx_word' id='word_1_854' title='bbox 2686 5489 3087 5558; x_wconf 90' lang='lat' dir='ltr'><strong>testimonium;</strong></span> <span class='ocrx_word' id='word_1_855' title='bbox 3145 5491 3441 5554; x_wconf 83' lang='lat' dir='ltr'><strong>decimum,</strong></span> 
     </span>
    </p>
   </div>
   <div class='ocr_carea' id='block_1_118' title="bbox 3118 5844 3195 5903">
    <p class='ocr_par' dir='ltr' id='par_1_118' title="bbox 3118 5844 3195 5903">
     <span class='ocr_line' id='line_1_118' title="bbox 3118 5844 3195 5903; baseline -0.013 0"><span class='ocrx_word' id='word_1_856' title='bbox 3118 5844 3195 5903; x_wconf 82' lang='lat'><strong>10</strong></span> 
     </span>
    </p>
   </div>
  </div>
