4008 6404
528 285 637 341 299

1737 262 1798 319 S.
1838 253 2299 314 ATIIANASIUS.
2331 283 2401 299 ——
2432 249 2659 305 D‘UBIA.

3666 233 3772 289 300

532 402 652 458 Non
689 395 1045 468 concupisces
1078 403 1303 448 uxorem
1334 382 1568 457 proximi
1599 380 1703 444 tui,
1737 391 1914 447 neque
1943 372 2098 445 quid—
2125 425 2128 434 ,

2229 369 2499 433 ειωθεῖσα,
2532 362 2735 434 ἐστάθη
2786 358 2864 432 τῷ
2895 356 3131 429 δευτέρῳ
3180 355 3291 410 ἔτει
3339 355 3438 426 τῆς
3467 352 3648 418 ἐξόδου
3679 351 3775 405 αὐ-

532 506 700 563 quam
723 504 933 547 eorum,
959 499 1081 556 quas
1104 489 1233 537 sunt
1262 473 1498 548 proximi
1528 470 1626 526 tui.
1660 464 2099 522 Tabernaculum

534 591 717 639 autem
755 594 900 635 anno
932 572 1174 633 secundo
1207 576 1331 640 post
1357 576 1643 635 egressum
1684 558 1932 629 Egypti,
1973 568 2107 609 neo-

535 671 715 728 menia
749 668 907 741 primi
937 664 1138 721 mensis
1166 657 1468 732 perlectum
1521 659 1625 708 est.
1654 648 1720 703 Et
1752 648 1807 703 in
1840 645 1964 703 istis
1988 651 2106 698 ter-

534 762 777 819 minatur
805 756 975 812 Exodi
1008 755 1166 808 liber.

915 866 1071 936 102
1101 859 1256 916 Liber
1288 855 1406 921 111,
1436 853 1721 909 Leviticus.

608 964 658 1019 7.
683 962 751 1017 Et
764 960 854 1016 hic
882 959 1022 1013 liber
1048 953 1325 1010 Leviticus
1348 964 1379 1003 a
1407 947 1592 1017 Moyse
1626 939 1977 1010 conscriptus
1999 943 2105 994 est.

535 1054 600 1110 ιιι
649 1060 830 1109 autem
863 1046 1105 1104 nominis
1150 1043 1222 1098 ob
1265 1056 1387 1098 eam
1428 1049 1654 1093 causam
1688 1031 1920 1102 accepit,
1961 1027 2109 1099 quod

538 1145 888 1220 peculiariter
936 1141 1246 1196 universam
1300 1129 1529 1189 Levitici
1576 1125 1824 1182 muneris
1877 1123 2109 1179 formam

539 1215 839 1302 contineat,
869 1243 923 1291 et
947 1248 1056 1305 quo
1082 1236 1245 1302 pacto
1276 1242 1344 1283 ex
1372 1224 1516 1280 tribu
1547 1219 1679 1275 Levi
1711 1219 1766 1272 in
1797 1215 2109 1272 sacerdotes

538 1332 699 1390 electi
728 1331 840 1387 sint
859 1337 913 1383 et
940 1325 1089 1382 uncti
1114 1324 1296 1378 Aaron
1329 1326 1384 1375 et
1408 1315 1505 1372 ﬁlii
1535 1314 1682 1369 illius
1714 1330 1728 1366 :
1759 1318 1812 1367 et
1844 1307 2109 1381 quidquid

538 1423 878 1483 discriminis
921 1426 1008 1476 est
1044 1417 1191 1472 inter
1239 1408 1515 1469 sacriﬁcia
1560 1414 1614 1461 et
1666 1401 2020 1460 oblationes:
2056 1402 2111 1453 et

538 1520 721 1593 qualis
744 1519 816 1574 sit
829 1516 1120 1571 universus
1147 1504 1489 1565 tabernaculi
1519 1502 1700 1557 cultus
1733 1495 1948 1568 :qualis
1981 1494 2109 1546 item

539 1581 613 1669 sit
644 1609 872 1666 Levitici
896 1621 963 1662 ac
991 1599 1348 1662 sacerdotalis
1373 1594 1621 1651 muneris
1653 1589 1878 1646 functio.
1910 1581 2112 1640 Deinde

541 1714 599 1760 et
615 1703 883 1774 cujusque
908 1694 1167 1754 sacriﬁcii
1188 1694 1359 1763 legem
1377 1685 1621 1757 exponit,
1649 1696 1772 1737 cum
1796 1680 1939 1750 ejus,
1964 1674 2109 1747 quod

545 1766 741 1851 salutis
782 1766 983 1863 gratia,
1038 1794 1154 1841 tum
1210 1783 1331 1852 ejus
1376 1777 1522 1850 quod
1576 1790 1675 1847 pro
1719 1770 1942 1832 delicto,
1996 1766 2111 1821 sive

545 1894 871 1959 spontaneo,
923 1881 1039 1937 sive
1089 1871 1462 1931 involuntario
1513 1867 1584 1923 sit
1632 1858 2012 1923 offerendum;
2059 1862 2115 1910 et

546 1946 819 2050 quomodo
857 1946 1057 2027 Voblata
1115 1965 1331 2037 singula
1381 1956 1673 2017 dividenda
1724 1953 1834 2009 sint
1880 1957 1934 2005 et.
1971 1946 2116 2002 rere-

545 2041 738 2126 renda.
769 2066 1073 2121 Enarratur
1106 2058 1234 2113 item
1269 2056 1322 2109 in
1367 2053 1471 2108 hoc
1506 2050 1668 2112 libro,
1701 2058 1821 2116 quae
1868 2041 1941 2097 sit
1968 2053 2117 2095 sum-

546 2161 622 2217 mi
663 2156 965 2216 sacerdotis
1010 2159 1064 2209 et
1107 2149 1343 2204 aliorum
1397 2140 1744 2200 sacerdotum
1778 2135 2003 2192 unctio:
2046 2130 2115 2186 ad

547 2255 687 2319 lucc,
730 2248 1000 2320 judicium
1039 2251 1094 2299 et
1127 2239 1369 2311 cognitio
1398 2234 1726 2290 indiciorum
1762 2227 1962 2299 quibus
2003 2232 2114 2278 tam

546 2344 851 2405 hominum,
882 2352 1049 2409 quam
1096 2333 1565 2390 indumentorum,
1608 2322 1987 2394 parietumque
2019 2314 2118 2369 do-

546 2448 762 2492 morum
806 2433 958 2502 lepra
984 2421 1315 2497 deprehendi
1351 2419 1529 2492 possit
1558 2435 1572 2471 :
1603 2425 1656 2469 et
1688 2412 1781 2484 qui
1828 2411 1899 2465 sit
1927 2421 2117 2463 eorum

547 2499 943 2599 expiandorum
975 2520 1136 2573 ritus.
1160 2515 1434 2570 Praeterea
1461 2522 1584 2580 quas
1616 2506 1688 2562 sit
1714 2505 1801 2559 lex
1836 2516 1899 2556 ac
1925 2499 2121 2555 distin-

546 2619 662 2673 ctio
689 2602 1094 2670 connubiorum
1137 2605 1529 2677 legitimorum,
1562 2606 1617 2653 et
1651 2610 1772 2668 qua:
1810 2608 1912 2664 pro
1947 2590 2123 2661 illegi-

550 2709 702 2764 limis
748 2707 859 2762 sint
882 2700 1154 2758 habenda.
1188 2697 1318 2753 Item
1351 2692 1481 2765 quid
1509 2687 1847 2747 discriminis
1888 2686 1958 2741 sit
1982 2684 2123 2738 inter

549 2800 758 2857 munda
789 2806 845 2854 et
873 2791 1152 2851 immunda
1186 2787 1509 2850 animantia,
1542 2784 1795 2839 volucres
1850 2792 1914 2832 ac
1949 2775 2125 2847 pisces

549 2908 803 2964 .quoque;
851 2887 1131 2948 videlicet,
1177 2881 1504 2953 quibusnam
1534 2892 1601 2931 ex
1647 2872 1770 2933 istis
1802 2869 1948 2926 vesci
1994 2881 2122 2937 pos-

550 2959 950 3044 sint—Hebraei,
996 2975 1328 3047 quibusnam
1378 2982 1506 3024 vero
1555 2964 1827 3019 abstinere
1869 2959 2121 3014 debeant.

2202 459 2309 514 τῶν
2344 456 2605 528 νεομηνία
2653 452 2748 507 τοῦ
2807 449 3024 523 πρώτου
3081 448 3267 519 μηνός.
3324 447 3433 500 Καὶ
3475 446 3534 500 ἐν
3565 442 3797 515 τούτοις,

2206 549 2632 623 συμπεραίνεται
2665 545 2726 599 τὸ
2752 543 2852 615 τῆς
2896 540 3106 607 Ἐξόδου
3126 539 3346 611 βιϐλίον.
3531 535 3535 538 ’

2630 828 2872 884 Βιϐλίον
2908 833 2980 898 τ’,
3027 824 3355 882 Λευττικόν.

2276 924 2330 980 7.
2362 922 2473 978 Καὶ
2503 920 2659 976 τοῦτο
2695 921 2756 974 τὸ
2776 917 3057 974 Λευῖτικδν
3084 916 3286 989 βιϐλίον
3324 913 3474 986 παρὰ
3510 911 3608 966 τοῦ
3640 929 3775 984 προ-

2207 1015 2532 1089 δηλωθέντος
2592 1012 2869 1076 Μωῦσέως
2916 1009 3249 1081 ωνεγράφη.
3315 1002 3672 1075 Ὀνομάζεται
3720 1002 3778 1056 δέ

2207 1111 2399 1175 οὕτως,
2432 1106 2615 1177 ἐπειδὴ
2666 1104 2759 1159 καὶ
2808 1103 2990 1167 ίδικῶς
3019 1104 3197 1155 πᾶσαν
3223 1098 3325 1169 τῆς
3356 1095 3645 1166 Δευῖτικῆς
3672 1092 3781 1147 λειε-

2207 1201 2461 1276 τουργίας
2493 1199 2591 1272 τὴν
2623 1196 2954 1252 διατύπωσιν
3014 1195 3276 1266 περιέχει,
3309 1189 3403 1245 καὶ
3444 1189 3562 1253 πῶς
3591 1192 3621 1242 6
3658 1188 3783 1242 ’Δα-

2210 1296 2319 1370 ρὼν
2348 1295 2443 1349 καὶ
2467 1295 2515 1347 οἱ
2550 1293 2656 1345 υίοὶ
2670 1289 2833 1345 αὐτοῦ
2860 1286 3173 1356 ἐκλέγονται
3207 1285 3272 1337 ἐκ
3300 1282 3401 1353 τῆς
3430 1280 3605 1351 φυλῆς
3625 1278 3779 1345 Λευῒ,

2211 1369 2302 1440 καὶ
2340 1384 2583 1457 χρίονται
2613 1382 2692 1444 είς
2728 1379 2926 1450 ἱερέαςο
2963 1375 3141 1429 πᾶσάν
3162 1390 3221 1427 τε
3241 1372 3339 1443 τὴν
3375 1369 3636 1442 διαφορὰν
3677 1369 3785 1423 τῶν

2211 1477 2408 1532 θυσιῶν
2442 1475 2536 1529 καὶ
2566 1473 2673 1526 τῶν
2705 1468 3047 1541 προσφορῶν,
3076 1467 3170 1519 καὶ
3200 1464 3299 1535 τὴν
3322 1462 3580 1533 ποιότητα
3606 1461 3785 1533 πάσης

2209 1570 2308 1639 τῆς
2335 1570 2393 1622 ἐν
2426 1566 2504 1639 τῷ
2559 1564 2688 1637 ἱερῷ
2748 1561 3024 1633 λατρείας,
3069 1558 3165 1611 καὶ
3218 1555 3320 1626 τῆς
3349 1553 3641 1625 Λευῖτικῆς
3691 1553 3787 1607 καὶ

2212 1655 2489 1729 ἱερατικῆς
2545 1651 2906 1724 λειτουργίας
2957 1647 3052 1702 καὶ
3093 1646 3184 1699 τὸν
3244 1644 3408 1715 νόμον
3445 1642 3502 1696 δέ
3548 1641 3787 1714 ἑκάστης

2140 1734 2183 1788 Β
2214 1750 2420 1813 θυσίας·
2452 1747 2579 1819 περί
2608 1763 2667 1798 τε
2729 1743 2823 1797 τοῦ
2859 1738 3125 1813 σωτηρίου
3160 1738 3255 1792 καὶ
3286 1736 3381 1791 τοῦ
3412 1735 3664 1790 ἑκουσίου
3691 1734 3789 1789 καὶ

2214 1840 2466 1894 ἀκουσίου
2521 1834 3008 1908 πλημμελήματος,
3057 1828 3153 1885 καὶ
3213 1827 3332 1892 πῶς
3392 1826 3625 1881 ἕκαστον
3680 1825 3789 1881 τῶν

2214 1927 2667 2003 προσφερομένων
2695 1922 3018 1996 διαιρεῖσθαι
3039 1921 3134 1974 καὶ
3162 1918 3530 1990 ἀναφέρεσθαι
3560 1916 3789 1989 ὀφείλει,

2215 2026 2510 2096 ἐξηγεῖται.
2543 2018 2856 2088 Διείληπται
2880 2016 2936 2069 δέ
2968 2018 3024 2068 ἐν
3056 2013 3230 2084 τούτῳ
3260 2012 3338 2084 τῷ
3373 2012 3565 2085 βιϐλίῳ
3614 2013 3710 2067 καὶ
3754 2014 3791 2085 ἡ

2216 2118 2393 2190 χρίσις
2419 2112 2717 2187 ἀρχιερέως
2770 2108 2863 2164 καὶ
2900 2106 3006 2161 τῶν
3039 2106 3251 2176 ἱερέων,
3303 2105 3398 2159 καὶ
3435 2107 3468 2176 ἡ
3519 2104 3793 2179 διάκρισις

2215 2213 2311 2266 καὶ
2349 2208 2550 2278 γνῶσις
2613 2202 2852 2274 σημείων
2900 2199 3028 2271 περὶ
3077 2197 3282 2271 λέπρας
3344 2197 3650 2270 ἀνθρώπων
3699 2198 3797 2251 καὶ⁵

2220 2302 2470 2374 ἱματίων,
2496 2296 2590 2351 καὶ
2618 2294 2810 2366 τοίχων
2865 2292 3063 2356 οἰκίας,
3095 2289 3189 2343 καὶ
3219 2291 3248 2343 6
3281 2288 3441 2360 νόμος
3469 2291 3500 2342 6
3531 2289 3664 2361 περὶ
3700 2287 3796 2343 τοῦ

2218 2389 2557 2466 καθαρισμοῦ
2585 2387 2783 2441 αὐτῶν·
2810 2385 2972 2455 νόμος
2999 2399 3059 2436 τε
3081 2382 3173 2435 καὶ
3211 2380 3459 2453 διαστολὴ
3488 2382 3619 2453 περὶ
3641 2380 3799 2452 νομί-

2222 2505 2338 2561 μων
2388 2485 2599 2555 γάμων,
2633 2478 2725 2534 καὶ
2770 2476 2913 2541 τίνες
2960 2474 3067 2528 εἰσὶ
3114 2472 3439 2544 παράνομοι*
3499 2474 3595 2527 καὶ
3636 2472 3801 2526 πάλιν

2219 2559 2470 2647 διαστολὴ
2513 2569 2767 2643 καθαρῶν
2818 2568 2914 2622 καὶ¹
2957 2559 3278 2633 ἀκαθάρτων
3329 2562 3542 2634 κτηνῶν
3594 2579 3657 2615 τε
3707 2559 3805 2616 καὶ

2222 2667 2482 2724 πετεινῶν
2514 2664 2609 2717 καὶ
2644 2660 2859 2733 ίχθύωψ
2894 2659 3135 2730 δηλονότι
3169 2656 3328 2711 τίνων
3370 2654 3468 2726 μέν
3500 2655 3565 2707 ἐκ
3593 2652 3805 2706 τούτων

2222 2756 2584 2829 ἀπογεύεσθαι
2624 2751 2850 2823 ὤφειλον
2906 2753 2954 2804 oi
2995 2750 3254 2821 Ἑϐραῖοι,
3308 2745 3471 2799 τίνων
3513 2742 3571 2797 δέ
3602 2742 3811 2814 ἀπέχε-

2223 2851 2368 2905 σθαι.
2402 2847 2512 2902 Kal.
2534 2845 2631 2917 τὴν
2657 2843 2756 2915 μὲν
2777 2840 2989 2913 ἡμέραν
3026 2839 3134 2893 τῶν
3154 2836 3467 2905 σαλπίγγων
3496 2836 3563 2904 τῇ
3600 2850 3809 2904 νεομη-

2223 2944 2313 3015 νία
2339 2940 2431 2995 τοῦ
2461 2937 2686 3008 ἑϐδόμου
2724 2934 2891 3007 μηνὸς
2916 2932 3084 3003 δηλοῖ,
3110 2930 3170 2984 τὸ
3210 2928 3267 2982 δέ
3294 2924 3668 2999 παράγγελμα
3704 2924 3812 2995 τῆς

554 3016 669 3042 anu
716 3016 950 3044 nou-ou,
996 3016 1328 3047 Ἲιιιυιιυ------
1391 3016 1500 3024 .--τ
1556 3016 1646 3019 ___
1810 3016 1815 3017 ,

554 3074 810 3130 Declarat
848 3071 1012 3127 etiam
1042 3068 1136 3140 qui
1172 3068 1244 3123 sit
1290 3062 1548 3117 tubarum
1590 3057 1708 3112 dies
1737 3055 1794 3108 in
1837 3048 2123 3107 neomenia

2230 3032 2469 3106 μεγάλης
2499 3027 2753 3100 νηστείας
2810 3023 2958 3095 αὐτῷ
3001 3020 3213 3092 ἑϐδόμῳ
3270 3018 3419 3090 μηνὶ,
3475 3016 3681 3087 δεκάτῃ
3709 3016 3810 3067 τοῦ

2345 3124 2359 3140 ο
2529 3121 2598 3140 -κ
2689 3117 2885 3140 ..μί-..η
2972 3115 3158 3140 ι....-...
3208 3110 3447 3140 ,Λέαινα-ρ
3494 3107 3791 3140 -..κῆλα-...ιι

559 3352 691 3407 dum
723 3350 817 3413 sit,
847 3323 1023 3420 quam
1063 3336 1783 3400 Sabbatumosabbatorum,
1824 3336 1878 3385 et
1922 3323 2128 3398 peccati

553 3443 942 3500 remissionem
990 3447 1171 3496 vocat.
1217 3435 1436 3491 Festum
1495 3439 1676 3483 autem
1726 3419 2131 3479 Tabernaculo-

561 3550 685 3589 rum
738 3531 951 3587 decima
992 3528 1184 3600 quinta
1223 3522 1427 3580 mensis
1461 3517 1707 3590 ejusdem
1746 3509 2131 3569 celebrandum

558 3625 738 3696 ponit.
772 3623 896 3694 Agit
926 3634 1143 3692 quoque
1181 3617 1250 3673 de
1291 3614 1472 3677 festis,
1508 3619 1564 3666 et
1596 3622 1719 3679 quae
1755 3606 1810 3660 in
1860 3603 1969 3658 illis
2001 3600 2133 3655 olfe-

564 3691 736 3773 renda
776 3691 885 3773 sint
927 3691 1218 3784 praecipit:
1253 3707 1382 3762 item
1431 3703 1499 3759 de
1548 3694 1997 3756 manumittendis
2028 3691 2133 3747 He-

561 3811 749 3871 braeis,
780 3806 873 3877 qui
906 3781 962 3859 in
1010 3805 1329 3858 servitutem
1357 3790 1654 3852 venundati
1700 3788 1831 3851 sint,
1861 3785 1930 3840 de
1980 3781 2135 3839 debi-

562 3909 748 3956 torum
783 3896 1124 3956 remissione,
1152 3892 1219 3947 de
1248 3890 1430 3961 quiete
1480 3883 1711 3956 septimo
1745 3891 1965 3950 quoque
1990 3888 2134 3929 anno

569 4003 729 4047 terrae
761 3984 1130 4044 concedenda.
1170 3980 1254 4035 Ad
1288 3980 1404 4033 haec
1428 3976 1494 4031 de
1529 3973 1816 4045 legalibus,
1847 3964 2135 4039 przeceptis

571 4097 638 4136 ac
680 4077 1007 4135 testimoniis
1034 4073 1312 4133 admonet,
1347 4067 1619 4137 simulque
1645 4060 1991 4121 servantibus
2043 4055 2136 4111 illa

572 4174 716 4229 bona
745 4170 1050 4241 pollicetur,
1082 4159 1612 4232 transgredientibus
1638 4170 1768 4211 vero
1816 4148 2137 4224 gravissima

573 4263 717 4318 mala
753 4261 1013 4314 minatur.
1048 4256 1193 4310 Inter
1214 4254 1372 4307 cibos
1399 4265 1527 4306 vero
1560 4247 1794 4303 mundos
1827 4252 1881 4299 et
1904 4244 2139 4297 immun—

574 4357 677 4411 dos
709 4353 775 4408 ad
802 4353 948 4406 hunc
983 4347 1205 4402 modum
1238 4341 1541 4398 discernit:
1569 4339 1628 4394 in
1660 4335 1928 4410 jumentis
1952 4332 2140 4386 istius-

576 4447 723 4502 modi
749 4443 950 4499 munda
976 4456 1098 4496 esse
1125 4437 1255 4494 dicit
1284 4456 1298 4492 :
1328 4433 1600 4495 videlicet,
1632 4445 1751 4502 quae
1772 4425 2030 4497 ungulam
2059 4421 2145 4476 di-

581 4537 857 4598 vidunt,et
878 4532 1121 4604 geminas
1142 4527 1373 4599 ungulas
1397 4523 1691 4584 liabent,ac
1714 4514 2142 4573 ruminationem

578 4637 854 4701 regerunt.
885 4626 1073 4692 Qualia
1106 4629 1256 4685 sunt,
1293 4618 1519 4680 vitulus,
1541 4614 1682 4680 ovis,
1709 4624 1898 4681 capra,
1922 4619 2142 4668 cervus,

578 4698 797 4792 caprea,
837 4734 991 4789 oryx,
1025 4714 1282 4776 bubalus,
1316 4722 1612 4781 pygargus,
1640 4698 2014 4773 tragelaphus,
2046 4708 2143 4748 ca-

579 4785 982 4884 melopardalis,
1026 4814 1080 4863 et
1102 4820 1222 4877 quae
1255 4811 1382 4858 sunt
1407 4794 1743 4869 hujusmodi.
1776 4791 1833 4845 Si
1861 4802 1990 4845 vero
2020 4785 2146 4841 cui-

576 4879 939 4980 piam—horum
965 4897 1171 4971 aliquid
1206 4893 1463 4956 defuerit,
1490 4903 1590 4960 pro
1626 4880 1908 4941 immundo
1938 4879 2148 4934 haben-

576 4969 708 5055 dum
754 4994 1024 5060 decernit;
1053 4969 1113 5045 ut
1160 4993 1289 5045 sunt
1329 4982 1595 5044 camelus,
1647 4978 1802 5047 lepus
1843 4979 1898 5026 et
1929 4969 2150 5025 οὶιωτο-

579 5090 826 5162 gryllius.
866 5059 1144 5140 Namista
1203 5077 1507 5133 animantia
1556 5070 1842 5124 ruminant
1896 5059 2143 5132 quidem,

580 5182 840 5251 ungulam
866 5192 995 5233 vero
1026 5190 1135 5230 non
1167 5170 1384 5226 ﬁndunt
1416 5184 1429 5219 :
1458 5172 1512 5218 et
1531 5177 1627 5218 sus
1659 5171 1877 5229 quoque
1905 5173 1917 5209 :
1945 5151 2147 5207 etenim

582 5281 637 5329 et
663 5244 785 5343 ipse
815 5269 1035 5341 quidem
1065 5263 1301 5335 ungulas
1341 5259 1505 5313 habet
1552 5268 1617 5307 ac
1647 5249 1864 5311 dividit,
1913 5244 2009 5299 sed
2041 5257 2149 5296 non

583 5333 846 5418 ruminat:
892 5360 967 5414 De
1015 5333 1332 5412 volatilibus
1366 5361 1516 5408 vero,
1549 5357 1670 5414 quae
1696 5340 1781 5394 edi
1825 5343 1992 5399 vetat,
2036 5333 2153 5386 haec

584 5466 753 5514 sunt:
779 5452 1008 5523 Aquila,
1043 5448 1302 5521 grypbes,
1346 5439 1623 5498 haliaztus,
1660 5432 1866 5491 vultur,
1913 5426 2153 5490 milvius,

585 5554 640 5603 et
665 5546 751 5600 his
782 5519 980 5599 similia
1013 5562 1028 5594 ι
1057 5519 1259 5593 corvus
1288 5535 1414 5588 item
1446 5540 1499 5585 et
1524 5542 1645 5599 qua:
1672 5524 1748 5579 illi
1778 5519 1999 5581 similia,
2029 5530 2156 5586 pas-

588 5655 697 5704 ser,
719 5646 775 5692 et
805 5642 1025 5694 noctua,
1068 5640 1122 5684 et
1146 5630 1317 5690 larus,
1345 5634 1398 5679 et
1423 5621 1642 5682 similia,
1670 5613 1929 5685 accipiter
1954 5615 2006 5664 et
2035 5620 2155 5676 qua:

578 5728 667 5784 illi
701 5724 1007 5783 consimilia
1041 5729 1190 5787 sunt,
1223 5715 1563 5788 nycticorax,
1617 5710 1926 5765 cataractcs
1954 5738 1970 5765 ,
2024 5696 2150 5760 ibis,

2234 3124 2401 3198 μηνὸς
2429 3121 2621 3176 ποιῶσι
2684 3117 2906 3188 ταύτην,
2972 3115 3162 3186 ἥντινα
3206 3110 3450 3165 σάϐϐατα
3494 3107 3813 3172 σαϐϐάτων,

2234 3310 2439 3383 πηγίαν
2469 3309 2534 3379 τῇ
2569 3312 2629 3360 ιε’
2653 3302 2747 3359 τοῦ
2780 3300 2942 3356 αὑτοῦ
2979 3297 3164 3371 μηνός.
3210 3294 3321 3350 Καὶ
3346 3293 3475 3366 περὶ
3494 3291 3703 3365 ἑορτῶν
3731 3290 3818 3356 δέ,

2234 3382 2467 3456 καὶτῶν
2508 3399 2566 3451 ἐν
2624 3396 2814 3458 αὐταῖς
2868 3390 3185 3463 ὀφειλόντων
3237 3384 3667 3459 προσφέρεσθαι·
3717 3382 3823 3436 καὶ

2236 3493 2363 3566 περὶ
2385 3489 2633 3561 ἀφέσεως
2689 3486 2799 3540 τῶν
2846 3480 3307 3557 πιπρασκομένων
3370 3475 3671 3548 Ἐϐραίων,
3720 3472 3824 3527 καὶ

2236 3582 2413 3657 χρεῶν
2447 3580 2752 3650 ἀποκοπῆς,
2808 3577 2903 3631 καὶ
2962 3571 3321 3633 ἀναπαύσεως
3352 3566 3452 3639 τῆς
3489 3567 3617 3638 γῆς,
3674 3565 3824 3618 κατά

2238 3656 2377 3731 ἐπτά
2406 3674 2500 3746 ἐτη
2522 3670 2840 3742 ὀφειλούσης
2864 3664 3138 3737 γενέσθαι,
3196 3662 3494 3732 ἐξηγεῖται.
3548 3656 3724 3710 Πάλιν
3759 3673 3824 3710 τε

2239 3769 2544 3841 ὑπόμνησιν
2570 3762 2812 3836 νομίμων
2872 3760 2964 3814 καὶ
2997 3752 3451 3830 προσταγμάτων,
3479 3749 3578 3804 καὶ
3605 3765 3826 3820 μαρτυ-

2243 3862 2393 3934 ρίωνο
2431 3856 2674 3929 περιέχει
2701 3854 2796 3909 καὶ
2826 3848 3155 3920 ἐπαγγελίας
3188 3847 3285 3918 μὲν
3307 3847 3419 3908 τοῖς
3449 3842 3829 3912 φυλάσσουσιν

2240 3955 2402 4022 αὐτὰ,
2434 3950 2659 4013 ἀπειλὰς
2685 3949 2742 4002 δέ
2768 3950 2879 4012 τοῖς
2912 3942 3305 4015 παραϐαίνουσι
3338 3937 3674 4001 δεινοτάτας.
3709 3935 3832 4007 Τὴν

2240 4049 2297 4103 δέ
2317 4044 2599 4114 διαστολὴν
2629 4040 2722 4095 καὶ
2766 4039 2864 4111 τὴν
2891 4035 3067 4091 αἰτίαν
3104 4032 3212 4087 τῶν
3260 4028 3515 4101 καθαρῶν
3544 4027 3642 4080 καὶ
3680 4028 3833 4082 ἀκα-

2244 4140 2457 4210 θάρτων
2482 4133 2784 4205 βρωμάτων
2811 4129 2953 4184 οὕτω
3011 4127 3262 4180 ποιεῖται.
3295 4121 3376 4175 Τά
3437 4120 3535 4190 μὲν
3567 4118 3680 4172 ἀπὸ
3713 4119 3836 4172 τῶν

2244 4208 2458 4299 κτηνῶν
2482 4224 2698 4294 καθαρά
2725 4221 2947 4275 τοιαῦτα
2973 4217 3141 4284 λέγει·
3176 4213 3244 4267 τὰ
3275 4209 3597 4282 διχηλοῦντα
3629 4208 3835 4281 ὁπλὴν,

2246 4322 2341 4376 καὶ
2373 4316 2729 4389 όνυχιστῆρας
2751 4312 3065 4384 όνυχίζοντα
3084 4306 3177 4360 δύο
3207 4302 3406 4377 χηλῶν,
3426 4303 3521 4355 καὶ
3550 4301 3840 4371 ἀνάγοντα

2174 4422 2219 4481 ι)
2249 4411 2614 4487 μηρυκισμόν·
2663 4403 2751 4462 οἷά
2791 4408 2927 4465 ἐστι,
2976 4402 3192 4473 μόσχος,
3240 4395 3529 4467 πρόϐατον,
3557 4393 3670 4458 αἲξ,
3704 4392 3843 4446 ἔλα.-

2246 4483 2363 4574 φος,
2388 4501 2608 4573 δορκάς,
2636 4498 2784 4571 ὅρυξ,
2819 4492 3096 4567 βούϐαλος,
3124 4487 3425 4558 πύγαργος,
3451 4483 3839 4555 τραγέλαφος⁹

2244 4590 2743 4665 καμηλοπάρδαλις,
2803 4587 2895 4639 καὶ
2947 4584 3015 4636 τά
3066 4579 3309 4634 τοιαῦτα.
3354 4576 3417 4629 Ei
3460 4575 3518 4628 δέ
3560 4592 3670 4628 τινι
3725 4575 3849 4628 ἀπὸ

2243 4685 2446 4738 τούτων
2471 4700 2525 4735 τι
2554 4680 2814 4741 ἐνέλειπε,
2870 4674 3027 4728 τοῦτο
3075 4669 3383 4740 ἀκάθαρτον
3425 4662 3516 4739 ἦν’
3557 4663 3651 4720 οἷά
3701 4668 3845 4731 είσι,

2245 4772 2511 4845 κάμηλος,
2558 4770 2653 4822 καὶ
2707 4764 2997 4829 δασύπους,
3046 4760 3141 4813 καὶ
3204 4754 3626 4829 χοιρογρύλλιος·
3656 4754 3853 4808 ταῦτα.

2246 4842 2355 4937 γὰρ
2387 4842 2696 4935 μηρυκᾶται
2753 4856 2871 4927 μὲν,
2906 4854 2965 4907 ού
3005 4851 3209 4922 διχηλεῖ
3233 4848 3290 4901 δὲ
3330 4847 3521 4919 ὁπλήν·
3557 4846 3657 4899 καὶ
3686 4848 3718 4898 ὁ
3753 4842 3847 4908 ὗς-

2248 4934 2341 5013 καλ.
2377 4934 2531 5017 οὗτος
2559 4949 2669 5021 γὰρ
2693 4946 2896 5018 διχηλεῖ
2923 4943 3020 5014 μέν
3069 4941 3162 4995 καὶ
3185 4936 3443 5007 ὀνυχίξει,
3479 4934 3540 4987 οὐ
3578 4934 3857 5005 μηρυκᾶ-

2245 5067 2336 5104 ται
2360 5048 2435 5101 δέ.
2477 5042 2609 5098 ’Λπὸ
2634 5041 2691 5093 δέ
2716 5038 2821 5091 τῶν
2866 5032 3124 5088 πετεινῶν
3174 5030 3357 5094 πάλιν,
3404 5025 3441 5081 ά
3491 5024 3709 5079 κελεύει
3767 5024 3857 5096 μὴ

2250 5141 2472 5201 ἐσθίειν,
2503 5132 2678 5190 ταῦτά
2711 5132 2873 5184 ἐστιν·
2905 5125 3128 5191 ὁάετδς,
3162 5125 3190 5177 6
3214 5119 3380 5192 γρὺψ,
3407 5118 3436 5171 6
3482 5116 3767 5177 άλιάετος,
3819 5117 3860 5167 ὁ

2251 5234 2382 5305 γὺψ,
2414 5233 2442 5284 6
2473 5230 2692 5289 ίκτῖνος,
2729 5224 2824 5277 καὶ
2848 5221 2916 5275 τά
2939 5218 3149 5281 τούτοις
3181 5217 3362 5285 ὃμοια’
3390 5212 3486 5265 καὶ
3510 5208 3708 5281 κόραξ,
3745 5209 3862 5263 καὶ

2250 5300 2319 5380 τὰ
2337 5300 2498 5394 ϐμοια
2527 5317 2721 5388 τούτῳ,
2753 5315 2847 5368 καί
2875 5311 3149 5383 στρουθὸς,
3184 5307 3277 5360 καὶ
3305 5301 3497 5373 γλαὺξ,
3523 5301 3622 5355 καὶ
3647 5300 3862 5372 λάρος,

2253 5392 2434 5471 καὶτὰ
2453 5413 2613 5483 ὃμοια
2644 5408 2845 5470 αὐτοῖς,
2896 5404 2991 5457 καὶ
3025 5399 3194 5472 ἱέραξ,
3225 5396 3318 5452 καὶ
3354 5395 3423 5448 τὰ
3450 5392 3632 5464 τούτῳ
3655 5393 3869 5461 ὃμοια,

2253 5505 2349 5558 καὶ
2378 5497 2723 5571 νυκτικόραξ,
2755 5497 2850 5550 καὶ
2878 5492 3244 5563 καταράκτης,
3279 5486 3373 5541 καὶ
3411 5485 3541 5550 ἴϐις,
3577 5486 3673 5537 καὶ
3709 5501 3877 5555 πορ-

2256 5596 2482 5669 φυρίων,
2510 5593 2605 5647 καὶ
2643 5588 2899 5651 πελεκάν,
2953 5586 3047 5638 καὶ
3075 5582 3292 5643 κύκνος,
3319 5579 3413 5632 καὶ
3442 5576 3689 5649 ὲρωδιὸς,
3751 5577 3878 5630 καὶ

2257 5666 2565 5761 χαραδριδς,
2623 5682 2719 5737 καὶ
2779 5679 2848 5734 τά
2900 5679 3059 5749 ὅμοια
3108 5674 3326 5736 αὐτοῖς,
3386 5669 3481 5723 καὶ
3531 5666 3696 5739 Exodi.
3753 5683 3886 5749 καὶ
