  <div class='ocr_page' id='page_1' title='image "/cluster/home/n/w/nwhite01/storage/ocr_20150623/28/hvd.32044019207737/156.png"; bbox 0 0 4008 6404; ppageno 0'>
   <div class='ocr_carea' id='block_1_1' title="bbox 287 280 2410 342">
    <p class='ocr_par' dir='ltr' id='par_1_1' title="bbox 287 280 2410 342">
     <span class='ocr_line' id='line_1_1' title="bbox 287 280 2410 342; baseline -0 -5"><span class='ocrx_word' id='word_1_1' title='bbox 287 280 356 337; x_wconf 75' lang='lat'><strong>301</strong></span> <span class='ocrx_word' id='word_1_2' title='bbox 1307 285 1646 342; x_wconf 81' lang='lat' dir='ltr'><strong>SYNOPSIS</strong></span> <span class='ocrx_word' id='word_1_3' title='bbox 1685 281 2097 341; x_wconf 68' lang='lat' dir='ltr'><strong>SCRIPTUIUE</strong></span> <span class='ocrx_word' id='word_1_4' title='bbox 2140 281 2410 339; x_wconf 64' lang='lat' dir='ltr'><strong>SACRE.</strong></span> 
     </span>
    </p>
   </div>
   <div class='ocr_carea' id='block_1_2' title="bbox 3373 277 3478 333">
    <p class='ocr_par' dir='ltr' id='par_1_2' title="bbox 3373 277 3478 333">
     <span class='ocr_line' id='line_1_2' title="bbox 3373 277 3478 333; baseline 0.01 -1"><span class='ocrx_word' id='word_1_5' title='bbox 3373 277 3478 333; x_wconf 69' lang='grc'><strong>502</strong></span> 
     </span>
    </p>
   </div>
   <div class='ocr_carea' id='block_1_3' title="bbox 287 397 1807 480">
    <p class='ocr_par' dir='ltr' id='par_1_3' title="bbox 287 397 1807 480">
     <span class='ocr_line' id='line_1_3' title="bbox 287 397 1807 480; baseline 0.005 -27"><span class='ocrx_word' id='word_1_6' title='bbox 287 397 491 471; x_wconf 69' lang='grc' dir='ltr'>νυκτερίς.</span> <span class='ocrx_word' id='word_1_7' title='bbox 517 401 658 456; x_wconf 88' lang='grc' dir='ltr'><strong>Τῶν</strong></span> <span class='ocrx_word' id='word_1_8' title='bbox 685 402 746 456; x_wconf 83' lang='grc' dir='ltr'>δὲ</span> <span class='ocrx_word' id='word_1_9' title='bbox 775 404 1021 476; x_wconf 78' lang='grc' dir='ltr'><strong>ἑρπετῶν</strong></span> <span class='ocrx_word' id='word_1_10' title='bbox 1053 405 1308 460; x_wconf 79' lang='grc' dir='ltr'><strong>πετεινῶν</strong></span> <span class='ocrx_word' id='word_1_11' title='bbox 1331 407 1614 480; x_wconf 84' lang='grc' dir='ltr'>ἀκάθαρτα</span> <span class='ocrx_word' id='word_1_12' title='bbox 1637 407 1807 461; x_wconf 86' lang='grc' dir='ltr'>πάντα</span> 
     </span>
    </p>
   </div>
   <div class='ocr_carea' id='block_1_4' title="bbox 1905 397 3478 480">
    <p class='ocr_par' dir='ltr' id='par_1_4' title="bbox 1913 400 3478 478">
     <span class='ocr_line' id='line_1_4' title="bbox 1913 400 3478 478; baseline -0.003 -18"><span class='ocrx_word' id='word_1_13' title='bbox 1913 406 2229 478; x_wconf 86' lang='lat' dir='ltr'><strong>porphyrio,</strong></span> <span class='ocrx_word' id='word_1_14' title='bbox 2275 405 2580 475; x_wconf 90' lang='lat' dir='ltr'><strong>pelicanus,</strong></span> <span class='ocrx_word' id='word_1_15' title='bbox 2625 419 2872 476; x_wconf 78' lang='lat' dir='ltr'><strong>cygnus,</strong></span> <span class='ocrx_word' id='word_1_16' title='bbox 2920 403 3138 459; x_wconf 83' lang='lat' dir='ltr'><strong>erodius</strong></span> <span class='ocrx_word' id='word_1_17' title='bbox 3182 409 3238 456; x_wconf 88' lang='lat' dir='ltr'><strong>et</strong></span> <span class='ocrx_word' id='word_1_18' title='bbox 3281 400 3478 456; x_wconf 86' lang='lat' dir='ltr'><strong>chara-</strong></span> 
     </span>
    </p>
   </div>
   <div class='ocr_carea' id='block_1_5' title="bbox 285 486 1812 570">
    <p class='ocr_par' dir='ltr' id='par_1_5' title="bbox 285 486 1812 570">
     <span class='ocr_line' id='line_1_5' title="bbox 285 486 1812 570; baseline 0.004 -24"><span class='ocrx_word' id='word_1_19' title='bbox 285 491 386 560; x_wconf 79' lang='grc' dir='ltr'>λέγει</span> <span class='ocrx_word' id='word_1_20' title='bbox 405 486 534 545; x_wconf 74' lang='grc' dir='ltr'>εἶναι</span> <span class='ocrx_word' id='word_1_21' title='bbox 566 493 642 547; x_wconf 83' lang='grc' dir='ltr'><strong>τὰ</strong></span> <span class='ocrx_word' id='word_1_22' title='bbox 705 497 1044 566; x_wconf 83' lang='grc' dir='ltr'>πορευόμενα</span> <span class='ocrx_word' id='word_1_23' title='bbox 1105 498 1198 551; x_wconf 73' lang='grc' dir='ltr'><strong>ἐπὶ</strong></span> <span class='ocrx_word' id='word_1_24' title='bbox 1232 499 1530 570; x_wconf 81' lang='grc' dir='ltr'><strong>τεσσάρων,</strong></span> <span class='ocrx_word' id='word_1_25' title='bbox 1583 499 1812 570; x_wconf 79' lang='grc' dir='ltr'>ἐχόντων</span> 
     </span>
    </p>
   </div>
   <div class='ocr_carea' id='block_1_6' title="bbox 285 581 1812 660">
    <p class='ocr_par' dir='ltr' id='par_1_6' title="bbox 285 581 1812 660">
     <span class='ocr_line' id='line_1_6' title="bbox 285 581 1812 660; baseline 0.005 -24"><span class='ocrx_word' id='word_1_26' title='bbox 285 581 583 655; x_wconf 79' lang='grc' dir='ltr'>δὲάνὼτερον</span> <span class='ocrx_word' id='word_1_27' title='bbox 617 585 733 639; x_wconf 89' lang='grc' dir='ltr'><strong>τῶν</strong></span> <span class='ocrx_word' id='word_1_28' title='bbox 797 587 972 641; x_wconf 81' lang='grc' dir='ltr'>ποδῶν</span> <span class='ocrx_word' id='word_1_29' title='bbox 1014 588 1197 660; x_wconf 81' lang='grc' dir='ltr'><strong>σκέλη,</strong></span> <span class='ocrx_word' id='word_1_30' title='bbox 1244 589 1384 642; x_wconf 84' lang='grc' dir='ltr'>ὥστε</span> <span class='ocrx_word' id='word_1_31' title='bbox 1414 591 1471 644; x_wconf 82' lang='grc' dir='ltr'>ὲν</span> <span class='ocrx_word' id='word_1_32' title='bbox 1500 591 1676 654; x_wconf 82' lang='grc' dir='ltr'>αὐτοῖς</span> <span class='ocrx_word' id='word_1_33' title='bbox 1708 608 1812 660; x_wconf 88' lang='grc' dir='ltr'>πη-</span> 
     </span>
    </p>
   </div>
   <div class='ocr_carea' id='block_1_7' title="bbox 284 672 1807 752">
    <p class='ocr_par' dir='ltr' id='par_1_7' title="bbox 284 672 1807 752">
     <span class='ocr_line' id='line_1_7' title="bbox 284 672 1807 752; baseline 0.007 -27"><span class='ocrx_word' id='word_1_34' title='bbox 284 673 350 744; x_wconf 82' lang='grc' dir='ltr'><strong>δᾴν</strong></span> <span class='ocrx_word' id='word_1_35' title='bbox 369 673 456 727; x_wconf 74' lang='grc' dir='ltr'>ἀπὸ</span> <span class='ocrx_word' id='word_1_36' title='bbox 474 676 581 745; x_wconf 89' lang='grc' dir='ltr'><strong>τῆς</strong></span> <span class='ocrx_word' id='word_1_37' title='bbox 609 677 742 747; x_wconf 87' lang='grc' dir='ltr'>γῆς·</span> <span class='ocrx_word' id='word_1_38' title='bbox 771 672 862 732; x_wconf 82' lang='grc' dir='ltr'>οἶά</span> <span class='ocrx_word' id='word_1_39' title='bbox 886 680 1048 744; x_wconf 80' lang='grc' dir='ltr'>ἐστιν,</span> <span class='ocrx_word' id='word_1_40' title='bbox 1085 680 1114 732; x_wconf 99' lang='lat'><strong>6</strong></span> <span class='ocrx_word' id='word_1_41' title='bbox 1139 679 1385 751; x_wconf 84' lang='grc' dir='ltr'>βροῦχος,</span> <span class='ocrx_word' id='word_1_42' title='bbox 1416 682 1444 734; x_wconf 87' lang='lat'><strong>6</strong></span> <span class='ocrx_word' id='word_1_43' title='bbox 1472 681 1732 750; x_wconf 78' lang='grc' dir='ltr'><strong>ἀτταγᾶς,</strong></span> <span class='ocrx_word' id='word_1_44' title='bbox 1774 683 1807 752; x_wconf 86' lang='grc' dir='ltr'>ἡ</span> 
     </span>
    </p>
   </div>
   <div class='ocr_carea' id='block_1_8' title="bbox 282 763 1812 840">
    <p class='ocr_par' dir='ltr' id='par_1_8' title="bbox 282 763 1812 840">
     <span class='ocr_line' id='line_1_8' title="bbox 282 763 1812 840; baseline 0.003 -24"><span class='ocrx_word' id='word_1_45' title='bbox 282 763 412 834; x_wconf 81' lang='grc' dir='ltr'>ὰκρὶς,</span> <span class='ocrx_word' id='word_1_46' title='bbox 437 764 527 817; x_wconf 72' lang='grc' dir='ltr'>καὶ</span> <span class='ocrx_word' id='word_1_47' title='bbox 553 765 627 819; x_wconf 76' lang='grc' dir='ltr'><strong>τὰ</strong></span> <span class='ocrx_word' id='word_1_48' title='bbox 653 767 822 835; x_wconf 84' lang='grc' dir='ltr'>ὅμοια</span> <span class='ocrx_word' id='word_1_49' title='bbox 842 769 1040 832; x_wconf 85' lang='grc' dir='ltr'>αὐτοῖς,</span> <span class='ocrx_word' id='word_1_50' title='bbox 1086 769 1180 821; x_wconf 69' lang='grc' dir='ltr'><strong>καὶ</strong></span> <span class='ocrx_word' id='word_1_51' title='bbox 1210 771 1238 822; x_wconf 89' lang='lat'><strong>6</strong></span> <span class='ocrx_word' id='word_1_52' title='bbox 1259 768 1568 840; x_wconf 82' lang='grc' dir='ltr'>όφιομάχος.</span> <span class='ocrx_word' id='word_1_53' title='bbox 1630 769 1710 822; x_wconf 87' lang='grc' dir='ltr'><strong>Τὰ</strong></span> <span class='ocrx_word' id='word_1_54' title='bbox 1754 768 1812 821; x_wconf 83' lang='grc' dir='ltr'>δὲ</span> 
     </span>
    </p>
   </div>
   <div class='ocr_carea' id='block_1_9' title="bbox 281 855 1808 934">
    <p class='ocr_par' dir='ltr' id='par_1_9' title="bbox 281 855 1808 934">
     <span class='ocr_line' id='line_1_9' title="bbox 281 855 1808 934; baseline 0.006 -28"><span class='ocrx_word' id='word_1_55' title='bbox 281 855 420 918; x_wconf 77' lang='grc' dir='ltr'>ἐντοῖς</span> <span class='ocrx_word' id='word_1_56' title='bbox 442 855 656 922; x_wconf 74' lang='grc' dir='ltr'>ὕδασιν,</span> <span class='ocrx_word' id='word_1_57' title='bbox 688 857 748 911; x_wconf 79' lang='grc' dir='ltr'>ἐν</span> <span class='ocrx_word' id='word_1_58' title='bbox 779 876 838 912; x_wconf 89' lang='grc' dir='ltr'><strong>τε</strong></span> <span class='ocrx_word' id='word_1_59' title='bbox 869 863 935 932; x_wconf 82' lang='grc' dir='ltr'><strong>τῇ</strong></span> <span class='ocrx_word' id='word_1_60' title='bbox 971 860 1232 934; x_wconf 77' lang='grc' dir='ltr'>θαλάσσῃ,</span> <span class='ocrx_word' id='word_1_61' title='bbox 1259 861 1352 915; x_wconf 76' lang='grc' dir='ltr'>καὶ</span> <span class='ocrx_word' id='word_1_62' title='bbox 1382 865 1494 926; x_wconf 80' lang='grc' dir='ltr'>τοῖς</span> <span class='ocrx_word' id='word_1_63' title='bbox 1524 865 1808 932; x_wconf 81' lang='grc' dir='ltr'>ποταμοῖς,</span> 
     </span>
    </p>
   </div>
   <div class='ocr_carea' id='block_1_10' title="bbox 280 951 1811 1024">
    <p class='ocr_par' dir='ltr' id='par_1_10' title="bbox 280 951 1811 1024">
     <span class='ocr_line' id='line_1_10' title="bbox 280 951 1811 1024; baseline 0.005 -22"><span class='ocrx_word' id='word_1_64' title='bbox 280 952 347 1003; x_wconf 79' lang='grc' dir='ltr'>καὶ</span> <span class='ocrx_word' id='word_1_65' title='bbox 377 952 698 1023; x_wconf 72' lang='grc' dir='ltr'><strong>χειμάρροις</strong></span> <span class='ocrx_word' id='word_1_66' title='bbox 749 952 1081 1024; x_wconf 87' lang='grc' dir='ltr'>γεννώμενα,</span> <span class='ocrx_word' id='word_1_67' title='bbox 1115 954 1287 1008; x_wconf 82' lang='grc' dir='ltr'>ταῦτα</span> <span class='ocrx_word' id='word_1_68' title='bbox 1346 955 1494 1024; x_wconf 82' lang='grc' dir='ltr'>λέγει</span> <span class='ocrx_word' id='word_1_69' title='bbox 1534 951 1672 1010; x_wconf 76' lang='grc' dir='ltr'>εἶναι</span> <span class='ocrx_word' id='word_1_70' title='bbox 1710 973 1811 1010; x_wconf 87' lang='grc' dir='ltr'>κα-</span> 
     </span>
    </p>
   </div>
   <div class='ocr_carea' id='block_1_11' title="bbox 280 1039 1810 1118">
    <p class='ocr_par' dir='ltr' id='par_1_11' title="bbox 280 1039 1810 1118">
     <span class='ocr_line' id='line_1_11' title="bbox 280 1039 1810 1118; baseline 0.004 -25"><span class='ocrx_word' id='word_1_71' title='bbox 280 1039 394 1111; x_wconf 71' lang='grc' dir='ltr'>θαρὰ,</span> <span class='ocrx_word' id='word_1_72' title='bbox 417 1041 511 1093; x_wconf 86' lang='grc' dir='ltr'>ὃσα</span> <span class='ocrx_word' id='word_1_73' title='bbox 543 1042 660 1111; x_wconf 70' lang='grc' dir='ltr'>ἔχει</span> <span class='ocrx_word' id='word_1_74' title='bbox 695 1042 964 1115; x_wconf 76' lang='grc' dir='ltr'>πτερύγια</span> <span class='ocrx_word' id='word_1_75' title='bbox 1008 1044 1102 1098; x_wconf 71' lang='grc' dir='ltr'>καὶ</span> <span class='ocrx_word' id='word_1_76' title='bbox 1155 1044 1396 1108; x_wconf 75' lang='grc' dir='ltr'>λεπίδαςο</span> <span class='ocrx_word' id='word_1_77' title='bbox 1422 1039 1514 1100; x_wconf 76' lang='grc' dir='ltr'>οἷά</span> <span class='ocrx_word' id='word_1_78' title='bbox 1553 1047 1668 1099; x_wconf 77' lang='grc' dir='ltr'>ἐστι</span> <span class='ocrx_word' id='word_1_79' title='bbox 1695 1046 1810 1118; x_wconf 82' lang='grc' dir='ltr'>τρι-</span> 
     </span>
    </p>
   </div>
   <div class='ocr_carea' id='block_1_12' title="bbox 277 1130 1810 1208">
    <p class='ocr_par' dir='ltr' id='par_1_12' title="bbox 277 1130 1810 1208">
     <span class='ocr_line' id='line_1_12' title="bbox 277 1130 1810 1208; baseline 0.006 -26"><span class='ocrx_word' id='word_1_80' title='bbox 277 1131 367 1199; x_wconf 79' lang='grc' dir='ltr'>γλα,</span> <span class='ocrx_word' id='word_1_81' title='bbox 387 1130 603 1201; x_wconf 81' lang='grc' dir='ltr'>σκάρος,</span> <span class='ocrx_word' id='word_1_82' title='bbox 656 1132 916 1200; x_wconf 81' lang='grc' dir='ltr'>γλαῦκος,</span> <span class='ocrx_word' id='word_1_83' title='bbox 973 1137 1252 1206; x_wconf 79' lang='grc' dir='ltr'>κεστρεὺς,</span> <span class='ocrx_word' id='word_1_84' title='bbox 1290 1135 1384 1190; x_wconf 69' lang='grc' dir='ltr'>καὶ</span> <span class='ocrx_word' id='word_1_85' title='bbox 1432 1136 1498 1190; x_wconf 82' lang='grc' dir='ltr'><strong>τὰ</strong></span> <span class='ocrx_word' id='word_1_86' title='bbox 1522 1138 1683 1208; x_wconf 87' lang='grc' dir='ltr'>ὃμοια</span> <span class='ocrx_word' id='word_1_87' title='bbox 1715 1138 1810 1191; x_wconf 77' lang='grc' dir='ltr'><strong>αὑ-</strong></span> 
     </span>
    </p>
   </div>
   <div class='ocr_carea' id='block_1_13' title="bbox 275 1221 1809 1300">
    <p class='ocr_par' dir='ltr' id='par_1_13' title="bbox 275 1221 1809 1300">
     <span class='ocr_line' id='line_1_13' title="bbox 275 1221 1809 1300; baseline 0.005 -27"><span class='ocrx_word' id='word_1_88' title='bbox 275 1224 370 1284; x_wconf 82' lang='grc' dir='ltr'>τοῖς.</span> <span class='ocrx_word' id='word_1_89' title='bbox 389 1222 461 1274; x_wconf 80' lang='grc' dir='ltr'>Τὰ</span> <span class='ocrx_word' id='word_1_90' title='bbox 489 1221 548 1275; x_wconf 86' lang='grc' dir='ltr'>δὲ</span> <span class='ocrx_word' id='word_1_91' title='bbox 582 1222 884 1293; x_wconf 88' lang='grc' dir='ltr'>λειπόμενα</span> <span class='ocrx_word' id='word_1_92' title='bbox 914 1224 972 1280; x_wconf 75' lang='grc' dir='ltr'>ἓν</span> <span class='ocrx_word' id='word_1_93' title='bbox 995 1243 1047 1279; x_wconf 91' lang='grc' dir='ltr'><strong>τι</strong></span> <span class='ocrx_word' id='word_1_94' title='bbox 1087 1225 1289 1280; x_wconf 79' lang='grc' dir='ltr'>τούτων</span> <span class='ocrx_word' id='word_1_95' title='bbox 1319 1226 1623 1300; x_wconf 79' lang='grc' dir='ltr'>ἀκάθαρτα,</span> <span class='ocrx_word' id='word_1_96' title='bbox 1657 1228 1690 1300; x_wconf 81' lang='grc' dir='ltr'>ἢ</span> <span class='ocrx_word' id='word_1_97' title='bbox 1716 1230 1809 1283; x_wconf 77' lang='grc' dir='ltr'>καὶ</span> 
     </span>
    </p>
   </div>
   <div class='ocr_carea' id='block_1_14' title="bbox 273 1307 1810 1390">
    <p class='ocr_par' dir='ltr' id='par_1_14' title="bbox 273 1307 1810 1390">
     <span class='ocr_line' id='line_1_14' title="bbox 273 1307 1810 1390; baseline 0.005 -24"><span class='ocrx_word' id='word_1_98' title='bbox 273 1313 318 1366; x_wconf 86' lang='grc' dir='ltr'>οὐ</span> <span class='ocrx_word' id='word_1_99' title='bbox 347 1311 559 1383; x_wconf 73' lang='grc' dir='ltr'>βρωτέα·</span> <span class='ocrx_word' id='word_1_100' title='bbox 621 1307 716 1366; x_wconf 79' lang='grc' dir='ltr'>οἷά</span> <span class='ocrx_word' id='word_1_101' title='bbox 777 1315 892 1367; x_wconf 77' lang='grc' dir='ltr'>ἐστι</span> <span class='ocrx_word' id='word_1_102' title='bbox 939 1315 1168 1388; x_wconf 69' lang='grc' dir='ltr'><strong>σηπίαι⁹</strong></span> <span class='ocrx_word' id='word_1_103' title='bbox 1226 1317 1497 1389; x_wconf 82' lang='grc' dir='ltr'>πτερύγια</span> <span class='ocrx_word' id='word_1_104' title='bbox 1556 1319 1654 1390; x_wconf 82' lang='grc' dir='ltr'>μὲν</span> <span class='ocrx_word' id='word_1_105' title='bbox 1701 1319 1810 1389; x_wconf 81' lang='grc' dir='ltr'><strong>γὰρ</strong></span> 
     </span>
    </p>
   </div>
   <div class='ocr_carea' id='block_1_15' title="bbox 272 1405 1808 1480">
    <p class='ocr_par' dir='ltr' id='par_1_15' title="bbox 272 1405 1808 1480">
     <span class='ocr_line' id='line_1_15' title="bbox 272 1405 1808 1480; baseline 0.005 -25"><span class='ocrx_word' id='word_1_106' title='bbox 272 1405 372 1474; x_wconf 80' lang='grc' dir='ltr'>ἔχει,</span> <span class='ocrx_word' id='word_1_107' title='bbox 395 1405 488 1457; x_wconf 77' lang='grc' dir='ltr'>οὐκ</span> <span class='ocrx_word' id='word_1_108' title='bbox 518 1405 639 1475; x_wconf 78' lang='grc' dir='ltr'>ἔχει</span> <span class='ocrx_word' id='word_1_109' title='bbox 662 1406 722 1459; x_wconf 83' lang='grc' dir='ltr'>δὲ</span> <span class='ocrx_word' id='word_1_110' title='bbox 748 1406 990 1470; x_wconf 77' lang='grc' dir='ltr'>λεπιδας.</span> <span class='ocrx_word' id='word_1_111' title='bbox 1026 1407 1145 1460; x_wconf 85' lang='grc' dir='ltr'>Τῶν</span> <span class='ocrx_word' id='word_1_112' title='bbox 1175 1408 1232 1462; x_wconf 84' lang='grc' dir='ltr'>δὲ</span> <span class='ocrx_word' id='word_1_113' title='bbox 1265 1409 1528 1480; x_wconf 81' lang='grc' dir='ltr'>ἑρπετῶν,</span> <span class='ocrx_word' id='word_1_114' title='bbox 1560 1410 1668 1463; x_wconf 89' lang='grc' dir='ltr'><strong>τῶν</strong></span> <span class='ocrx_word' id='word_1_115' title='bbox 1716 1410 1808 1463; x_wconf 74' lang='grc' dir='ltr'><strong>ἐπὶ</strong></span> 
     </span>
    </p>
   </div>
   <div class='ocr_carea' id='block_1_16' title="bbox 269 1493 1810 1572">
    <p class='ocr_par' dir='ltr' id='par_1_16' title="bbox 269 1493 1810 1572">
     <span class='ocr_line' id='line_1_16' title="bbox 269 1493 1810 1572; baseline 0.005 -26"><span class='ocrx_word' id='word_1_116' title='bbox 269 1493 342 1563; x_wconf 80' lang='grc' dir='ltr'><strong>τῆς</strong></span> <span class='ocrx_word' id='word_1_117' title='bbox 356 1494 460 1565; x_wconf 83' lang='grc' dir='ltr'>γῆς,</span> <span class='ocrx_word' id='word_1_118' title='bbox 512 1494 814 1567; x_wconf 83' lang='grc' dir='ltr'>ἀκάθαρτα</span> <span class='ocrx_word' id='word_1_119' title='bbox 879 1497 1051 1550; x_wconf 80' lang='grc' dir='ltr'>ταῦτα</span> <span class='ocrx_word' id='word_1_120' title='bbox 1102 1498 1273 1567; x_wconf 79' lang='grc' dir='ltr'><strong>λέγει⁵</strong></span> <span class='ocrx_word' id='word_1_121' title='bbox 1313 1499 1412 1572; x_wconf 82' lang='grc' dir='ltr'>τὴν</span> <span class='ocrx_word' id='word_1_122' title='bbox 1466 1499 1655 1571; x_wconf 81' lang='grc' dir='ltr'>γαλῆν,</span> <span class='ocrx_word' id='word_1_123' title='bbox 1717 1501 1810 1555; x_wconf 79' lang='grc' dir='ltr'><strong>τὸν</strong></span> 
     </span>
    </p>
   </div>
   <div class='ocr_carea' id='block_1_17' title="bbox 265 1586 1805 1661">
    <p class='ocr_par' dir='ltr' id='par_1_17' title="bbox 265 1586 1805 1661">
     <span class='ocr_line' id='line_1_17' title="bbox 265 1586 1805 1661; baseline 0.006 -26"><span class='ocrx_word' id='word_1_124' title='bbox 265 1587 470 1654; x_wconf 82' lang='grc' dir='ltr'>χερσαῖον</span> <span class='ocrx_word' id='word_1_125' title='bbox 494 1586 866 1656; x_wconf 81' lang='grc' dir='ltr'>κροκόδειλον,</span> <span class='ocrx_word' id='word_1_126' title='bbox 891 1587 986 1660; x_wconf 82' lang='grc' dir='ltr'>τὴν</span> <span class='ocrx_word' id='word_1_127' title='bbox 1016 1589 1280 1660; x_wconf 84' lang='grc' dir='ltr'>μυγαλῆν,</span> <span class='ocrx_word' id='word_1_128' title='bbox 1306 1589 1396 1643; x_wconf 82' lang='grc' dir='ltr'>τὸν</span> <span class='ocrx_word' id='word_1_129' title='bbox 1421 1591 1805 1661; x_wconf 81' lang='grc' dir='ltr'>χαμαιλέοντα,</span> 
     </span>
    </p>
   </div>
   <div class='ocr_carea' id='block_1_18' title="bbox 261 1675 1804 1752">
    <p class='ocr_par' dir='ltr' id='par_1_18' title="bbox 261 1675 1804 1752">
     <span class='ocr_line' id='line_1_18' title="bbox 261 1675 1804 1752; baseline 0.006 -24"><span class='ocrx_word' id='word_1_130' title='bbox 261 1675 328 1728; x_wconf 79' lang='grc' dir='ltr'><strong>τὸν</strong></span> <span class='ocrx_word' id='word_1_131' title='bbox 346 1676 766 1750; x_wconf 79' lang='grc' dir='ltr'>άσκαλαϐὠτην,</span> <span class='ocrx_word' id='word_1_132' title='bbox 794 1678 892 1750; x_wconf 81' lang='grc' dir='ltr'>τὴν</span> <span class='ocrx_word' id='word_1_133' title='bbox 925 1680 1150 1752; x_wconf 83' lang='grc' dir='ltr'>σαῦραν,</span> <span class='ocrx_word' id='word_1_134' title='bbox 1207 1683 1301 1736; x_wconf 71' lang='grc' dir='ltr'>καὶ</span> <span class='ocrx_word' id='word_1_135' title='bbox 1345 1682 1436 1734; x_wconf 83' lang='grc' dir='ltr'>τὸν</span> <span class='ocrx_word' id='word_1_136' title='bbox 1491 1683 1804 1737; x_wconf 84' lang='grc' dir='ltr'>ὰσπάλακα.</span> 
     </span>
    </p>
   </div>
   <div class='ocr_carea' id='block_1_19' title="bbox 1914 493 3474 566">
    <p class='ocr_par' dir='ltr' id='par_1_19' title="bbox 1914 493 3474 566">
     <span class='ocr_line' id='line_1_19' title="bbox 1914 493 3474 566; baseline -0.004 -14"><span class='ocrx_word' id='word_1_137' title='bbox 1914 498 2091 561; x_wconf 88' lang='lat' dir='ltr'><strong>drius,</strong></span> <span class='ocrx_word' id='word_1_138' title='bbox 2122 513 2245 551; x_wconf 92' lang='lat' dir='ltr'><strong>cum</strong></span> <span class='ocrx_word' id='word_1_139' title='bbox 2277 497 2548 552; x_wconf 83' lang='lat' dir='ltr'><strong>similibus</strong></span> <span class='ocrx_word' id='word_1_140' title='bbox 2581 496 2723 561; x_wconf 91' lang='lat' dir='ltr'><strong>aliis,</strong></span> <span class='ocrx_word' id='word_1_141' title='bbox 2749 503 2802 551; x_wconf 93' lang='lat' dir='ltr'><strong>et</strong></span> <span class='ocrx_word' id='word_1_142' title='bbox 2831 510 3032 566; x_wconf 83' lang='lat' dir='ltr'><strong>upupa,</strong></span> <span class='ocrx_word' id='word_1_143' title='bbox 3063 503 3118 551; x_wconf 88' lang='lat' dir='ltr'><strong>et</strong></span> <span class='ocrx_word' id='word_1_144' title='bbox 3148 493 3474 562; x_wconf 80' lang='lat' dir='ltr'><strong>vespertilio.</strong></span> 
     </span>
    </p>
   </div>
   <div class='ocr_carea' id='block_1_20' title="bbox 1914 581 3479 656">
    <p class='ocr_par' dir='ltr' id='par_1_20' title="bbox 1914 581 3479 656">
     <span class='ocr_line' id='line_1_20' title="bbox 1914 581 3479 656; baseline -0.002 -17"><span class='ocrx_word' id='word_1_145' title='bbox 1914 585 1990 642; x_wconf 86' lang='lat' dir='ltr'><strong>De</strong></span> <span class='ocrx_word' id='word_1_146' title='bbox 2044 587 2358 641; x_wconf 77' lang='lat' dir='ltr'><strong>volatilibus</strong></span> <span class='ocrx_word' id='word_1_147' title='bbox 2413 585 2750 655; x_wconf 88' lang='lat' dir='ltr'><strong>repentibus,</strong></span> <span class='ocrx_word' id='word_1_148' title='bbox 2791 601 2914 656; x_wconf 62' lang='lat' dir='ltr'><strong>qua:</strong></span> <span class='ocrx_word' id='word_1_149' title='bbox 2965 591 3200 655; x_wconf 88' lang='lat' dir='ltr'><strong>quatuor</strong></span> <span class='ocrx_word' id='word_1_150' title='bbox 3248 581 3479 653; x_wconf 82' lang='lat' dir='ltr'><strong>pedibus</strong></span> 
     </span>
    </p>
   </div>
   <div class='ocr_carea' id='block_1_21' title="bbox 1913 676 3477 746">
    <p class='ocr_par' dir='ltr' id='par_1_21' title="bbox 1913 676 3477 746">
     <span class='ocr_line' id='line_1_21' title="bbox 1913 676 3477 746; baseline -0.003 -15"><span class='ocrx_word' id='word_1_151' title='bbox 1913 679 2255 746; x_wconf 84' lang='lat' dir='ltr'><strong>gradiuntur,</strong></span> <span class='ocrx_word' id='word_1_152' title='bbox 2285 679 2468 732; x_wconf 84' lang='lat' dir='ltr'><strong>omnia</strong></span> <span class='ocrx_word' id='word_1_153' title='bbox 2484 679 2615 733; x_wconf 90' lang='lat' dir='ltr'><strong>dicit</strong></span> <span class='ocrx_word' id='word_1_154' title='bbox 2637 693 2759 734; x_wconf 87' lang='lat' dir='ltr'><strong>esse</strong></span> <span class='ocrx_word' id='word_1_155' title='bbox 2788 677 3087 732; x_wconf 88' lang='lat' dir='ltr'><strong>immunda.</strong></span> <span class='ocrx_word' id='word_1_156' title='bbox 3117 676 3320 731; x_wconf 89' lang='lat' dir='ltr'><strong>Contra</strong></span> <span class='ocrx_word' id='word_1_157' title='bbox 3347 687 3477 727; x_wconf 92' lang='lat' dir='ltr'><strong>vero</strong></span> 
     </span>
    </p>
   </div>
   <div class='ocr_carea' id='block_1_22' title="bbox 1913 763 3477 840">
    <p class='ocr_par' dir='ltr' id='par_1_22' title="bbox 1913 763 3477 840">
     <span class='ocr_line' id='line_1_22' title="bbox 1913 763 3477 840; baseline -0.002 -17"><span class='ocrx_word' id='word_1_158' title='bbox 1913 784 2032 839; x_wconf 63' lang='lat' dir='ltr'><strong>quae</strong></span> <span class='ocrx_word' id='word_1_159' title='bbox 2059 785 2221 825; x_wconf 89' lang='lat' dir='ltr'><strong>crura</strong></span> <span class='ocrx_word' id='word_1_160' title='bbox 2265 769 2496 840; x_wconf 87' lang='lat' dir='ltr'><strong>pedibus</strong></span> <span class='ocrx_word' id='word_1_161' title='bbox 2542 770 2862 824; x_wconf 85' lang='lat' dir='ltr'><strong>sublimiora</strong></span> <span class='ocrx_word' id='word_1_162' title='bbox 2915 770 3137 832; x_wconf 84' lang='lat' dir='ltr'><strong>habent,</strong></span> <span class='ocrx_word' id='word_1_163' title='bbox 3169 767 3245 820; x_wconf 92' lang='lat' dir='ltr'><strong>ita</strong></span> <span class='ocrx_word' id='word_1_164' title='bbox 3281 772 3342 820; x_wconf 93' lang='lat' dir='ltr'><strong>ut</strong></span> <span class='ocrx_word' id='word_1_165' title='bbox 3368 763 3477 820; x_wconf 85' lang='lat' dir='ltr'><strong>illis</strong></span> 
     </span>
    </p>
   </div>
   <div class='ocr_carea' id='block_1_23' title="bbox 1911 856 3477 931">
    <p class='ocr_par' dir='ltr' id='par_1_23' title="bbox 1911 856 3477 931">
     <span class='ocr_line' id='line_1_23' title="bbox 1911 856 3477 931; baseline -0.003 -17"><span class='ocrx_word' id='word_1_166' title='bbox 1911 861 1969 915; x_wconf 90' lang='lat' dir='ltr'><strong>in</strong></span> <span class='ocrx_word' id='word_1_167' title='bbox 2002 872 2144 916; x_wconf 90' lang='lat' dir='ltr'><strong>terra</strong></span> <span class='ocrx_word' id='word_1_168' title='bbox 2193 861 2411 927; x_wconf 90' lang='lat' dir='ltr'><strong>saliant,</strong></span> <span class='ocrx_word' id='word_1_169' title='bbox 2451 861 2633 931; x_wconf 88' lang='lat' dir='ltr'><strong>qualia</strong></span> <span class='ocrx_word' id='word_1_170' title='bbox 2671 867 2799 915; x_wconf 90' lang='lat' dir='ltr'><strong>sunt</strong></span> <span class='ocrx_word' id='word_1_171' title='bbox 2839 860 3105 924; x_wconf 85' lang='lat' dir='ltr'><strong>bruchus,</strong></span> <span class='ocrx_word' id='word_1_172' title='bbox 3161 865 3363 928; x_wconf 83' lang='lat' dir='ltr'><strong>attago,</strong></span> <span class='ocrx_word' id='word_1_173' title='bbox 3391 856 3477 910; x_wconf 85' lang='lat' dir='ltr'><strong>lo-</strong></span> 
     </span>
    </p>
   </div>
   <div class='ocr_carea' id='block_1_24' title="bbox 1912 949 3477 1022">
    <p class='ocr_par' dir='ltr' id='par_1_24' title="bbox 1912 949 3477 1022">
     <span class='ocr_line' id='line_1_24' title="bbox 1912 949 3477 1022; baseline -0.004 -14"><span class='ocrx_word' id='word_1_174' title='bbox 1912 963 2090 1018; x_wconf 89' lang='lat' dir='ltr'><strong>custa,</strong></span> <span class='ocrx_word' id='word_1_175' title='bbox 2127 959 2180 1008; x_wconf 90' lang='lat' dir='ltr'><strong>et</strong></span> <span class='ocrx_word' id='word_1_176' title='bbox 2206 967 2328 1022; x_wconf 69' lang='lat' dir='ltr'><strong>quae</strong></span> <span class='ocrx_word' id='word_1_177' title='bbox 2357 952 2443 1007; x_wconf 89' lang='lat' dir='ltr'><strong>his</strong></span> <span class='ocrx_word' id='word_1_178' title='bbox 2479 959 2607 1007; x_wconf 90' lang='lat' dir='ltr'><strong>sunt</strong></span> <span class='ocrx_word' id='word_1_179' title='bbox 2639 953 2860 1018; x_wconf 89' lang='lat' dir='ltr'><strong>similia,</strong></span> <span class='ocrx_word' id='word_1_180' title='bbox 2886 963 2940 1007; x_wconf 88' lang='lat' dir='ltr'><strong>et</strong></span> <span class='ocrx_word' id='word_1_181' title='bbox 2968 953 3194 1006; x_wconf 86' lang='lat' dir='ltr'><strong>lacerta.</strong></span> <span class='ocrx_word' id='word_1_182' title='bbox 3232 949 3291 1003; x_wconf 87' lang='lat' dir='ltr'><strong>In</strong></span> <span class='ocrx_word' id='word_1_183' title='bbox 3319 949 3477 1019; x_wconf 87' lang='lat' dir='ltr'><strong>aquis</strong></span> 
     </span>
    </p>
   </div>
   <div class='ocr_carea' id='block_1_25' title="bbox 1909 1041 3477 1109">
    <p class='ocr_par' dir='ltr' id='par_1_25' title="bbox 1909 1041 3477 1109">
     <span class='ocr_line' id='line_1_25' title="bbox 1909 1041 3477 1109; baseline -0.003 -11"><span class='ocrx_word' id='word_1_184' title='bbox 1909 1059 2041 1099; x_wconf 88' lang='lat' dir='ltr'><strong>vero</strong></span> <span class='ocrx_word' id='word_1_185' title='bbox 2086 1044 2203 1100; x_wconf 84' lang='lat' dir='ltr'><strong>sive</strong></span> <span class='ocrx_word' id='word_1_186' title='bbox 2241 1044 2299 1097; x_wconf 92' lang='lat' dir='ltr'><strong>in</strong></span> <span class='ocrx_word' id='word_1_187' title='bbox 2331 1044 2493 1109; x_wconf 88' lang='lat' dir='ltr'><strong>mari,</strong></span> <span class='ocrx_word' id='word_1_188' title='bbox 2532 1045 2646 1099; x_wconf 83' lang='lat' dir='ltr'><strong>sive</strong></span> <span class='ocrx_word' id='word_1_189' title='bbox 2683 1042 3000 1098; x_wconf 81' lang='lat' dir='ltr'><strong>[luminibus</strong></span> <span class='ocrx_word' id='word_1_190' title='bbox 3033 1059 3096 1098; x_wconf 88' lang='lat' dir='ltr'><strong>ac</strong></span> <span class='ocrx_word' id='word_1_191' title='bbox 3140 1041 3477 1097; x_wconf 83' lang='lat' dir='ltr'><strong>torrentibus</strong></span> 
     </span>
    </p>
   </div>
   <div class='ocr_carea' id='block_1_26' title="bbox 1909 1135 3479 1208">
    <p class='ocr_par' dir='ltr' id='par_1_26' title="bbox 1909 1135 3479 1208">
     <span class='ocr_line' id='line_1_26' title="bbox 1909 1135 3479 1208; baseline -0.003 -17"><span class='ocrx_word' id='word_1_192' title='bbox 1909 1145 2061 1201; x_wconf 89' lang='lat' dir='ltr'><strong>nata,</strong></span> <span class='ocrx_word' id='word_1_193' title='bbox 2108 1138 2314 1193; x_wconf 88' lang='lat' dir='ltr'><strong>munda</strong></span> <span class='ocrx_word' id='word_1_194' title='bbox 2369 1137 2652 1203; x_wconf 89' lang='lat' dir='ltr'><strong>habenda,</strong></span> <span class='ocrx_word' id='word_1_195' title='bbox 2703 1151 3042 1208; x_wconf 83' lang='lat' dir='ltr'><strong>quaecunque</strong></span> <span class='ocrx_word' id='word_1_196' title='bbox 3103 1135 3369 1206; x_wconf 89' lang='lat' dir='ltr'><strong>pennulas</strong></span> <span class='ocrx_word' id='word_1_197' title='bbox 3422 1141 3479 1188; x_wconf 90' lang='lat' dir='ltr'><strong>et</strong></span> 
     </span>
    </p>
   </div>
   <div class='ocr_carea' id='block_1_27' title="bbox 1911 1226 3478 1298">
    <p class='ocr_par' dir='ltr' id='par_1_27' title="bbox 1911 1226 3478 1298">
     <span class='ocr_line' id='line_1_27' title="bbox 1911 1226 3478 1298; baseline -0.003 -16"><span class='ocrx_word' id='word_1_198' title='bbox 1911 1242 2168 1297; x_wconf 88' lang='lat' dir='ltr'><strong>squamas</strong></span> <span class='ocrx_word' id='word_1_199' title='bbox 2200 1226 2444 1293; x_wconf 84' lang='lat' dir='ltr'><strong>habent;</strong></span> <span class='ocrx_word' id='word_1_200' title='bbox 2492 1236 2549 1280; x_wconf 88' lang='lat' dir='ltr'><strong>ut</strong></span> <span class='ocrx_word' id='word_1_201' title='bbox 2581 1226 2760 1298; x_wconf 90' lang='lat' dir='ltr'><strong>trigla,</strong></span> <span class='ocrx_word' id='word_1_202' title='bbox 2800 1241 3024 1293; x_wconf 90' lang='lat' dir='ltr'><strong>scarus,</strong></span> <span class='ocrx_word' id='word_1_203' title='bbox 3077 1227 3341 1296; x_wconf 87' lang='lat' dir='ltr'><strong>glaucus,</strong></span> <span class='ocrx_word' id='word_1_204' title='bbox 3387 1238 3478 1278; x_wconf 79' lang='lat' dir='ltr'><strong>ce-</strong></span> 
     </span>
    </p>
   </div>
   <div class='ocr_carea' id='block_1_28' title="bbox 1909 1317 3478 1389">
    <p class='ocr_par' dir='ltr' id='par_1_28' title="bbox 1909 1317 3478 1389">
     <span class='ocr_line' id='line_1_28' title="bbox 1909 1317 3478 1389; baseline -0.002 -16"><span class='ocrx_word' id='word_1_205' title='bbox 1909 1328 2092 1375; x_wconf 90' lang='lat' dir='ltr'><strong>strcus</strong></span> <span class='ocrx_word' id='word_1_206' title='bbox 2134 1326 2189 1374; x_wconf 91' lang='lat' dir='ltr'><strong>et</strong></span> <span class='ocrx_word' id='word_1_207' title='bbox 2223 1334 2343 1389; x_wconf 73' lang='lat' dir='ltr'><strong>quae</strong></span> <span class='ocrx_word' id='word_1_208' title='bbox 2394 1319 2480 1372; x_wconf 90' lang='lat' dir='ltr'><strong>his</strong></span> <span class='ocrx_word' id='word_1_209' title='bbox 2531 1325 2660 1373; x_wconf 91' lang='lat' dir='ltr'><strong>sunt</strong></span> <span class='ocrx_word' id='word_1_210' title='bbox 2707 1318 2926 1373; x_wconf 87' lang='lat' dir='ltr'><strong>similia.</strong></span> <span class='ocrx_word' id='word_1_211' title='bbox 2953 1318 3083 1384; x_wconf 69' lang='lat' dir='ltr'><strong>Quae</strong></span> <span class='ocrx_word' id='word_1_212' title='bbox 3122 1332 3252 1372; x_wconf 88' lang='lat' dir='ltr'><strong>vero</strong></span> <span class='ocrx_word' id='word_1_213' title='bbox 3293 1317 3478 1386; x_wconf 86' lang='lat' dir='ltr'><strong>aliquo</strong></span> 
     </span>
    </p>
   </div>
   <div class='ocr_carea' id='block_1_29' title="bbox 1909 1407 3479 1476">
    <p class='ocr_par' dir='ltr' id='par_1_29' title="bbox 1909 1407 3479 1476">
     <span class='ocr_line' id='line_1_29' title="bbox 1909 1407 3479 1476; baseline -0.004 -10"><span class='ocrx_word' id='word_1_214' title='bbox 1909 1411 2104 1466; x_wconf 91' lang='lat' dir='ltr'><strong>horum</strong></span> <span class='ocrx_word' id='word_1_215' title='bbox 2137 1419 2348 1476; x_wconf 87' lang='lat' dir='ltr'><strong>carent,</strong></span> <span class='ocrx_word' id='word_1_216' title='bbox 2379 1410 2660 1464; x_wconf 86' lang='lat' dir='ltr'><strong>immunda</strong></span> <span class='ocrx_word' id='word_1_217' title='bbox 2696 1425 2794 1464; x_wconf 90' lang='lat' dir='ltr'><strong>nec</strong></span> <span class='ocrx_word' id='word_1_218' title='bbox 2821 1410 3029 1465; x_wconf 88' lang='lat' dir='ltr'><strong>edenda</strong></span> <span class='ocrx_word' id='word_1_219' title='bbox 3060 1424 3181 1465; x_wconf 90' lang='lat' dir='ltr'><strong>esse</strong></span> <span class='ocrx_word' id='word_1_220' title='bbox 3205 1408 3359 1473; x_wconf 90' lang='lat' dir='ltr'><strong>dicit,</strong></span> <span class='ocrx_word' id='word_1_221' title='bbox 3389 1407 3479 1460; x_wconf 87' lang='lat' dir='ltr'><strong>vi-</strong></span> 
     </span>
    </p>
   </div>
   <div class='ocr_carea' id='block_1_30' title="bbox 1907 1498 3476 1572">
    <p class='ocr_par' dir='ltr' id='par_1_30' title="bbox 1907 1498 3476 1572">
     <span class='ocr_line' id='line_1_30' title="bbox 1907 1498 3476 1572; baseline -0.003 -16"><span class='ocrx_word' id='word_1_222' title='bbox 1907 1501 2107 1557; x_wconf 86' lang='lat' dir='ltr'><strong>delicet</strong></span> <span class='ocrx_word' id='word_1_223' title='bbox 2152 1502 2355 1572; x_wconf 86' lang='lat' dir='ltr'><strong>scpias,</strong></span> <span class='ocrx_word' id='word_1_224' title='bbox 2388 1515 2510 1571; x_wconf 63' lang='lat' dir='ltr'><strong>qum</strong></span> <span class='ocrx_word' id='word_1_225' title='bbox 2538 1500 2804 1570; x_wconf 90' lang='lat' dir='ltr'><strong>pennulas</strong></span> <span class='ocrx_word' id='word_1_226' title='bbox 2819 1499 3039 1569; x_wconf 85' lang='lat' dir='ltr'><strong>quidem</strong></span> <span class='ocrx_word' id='word_1_227' title='bbox 3063 1498 3286 1563; x_wconf 89' lang='lat' dir='ltr'><strong>habent,</strong></span> <span class='ocrx_word' id='word_1_228' title='bbox 3307 1512 3476 1568; x_wconf 90' lang='lat' dir='ltr'><strong>squa-</strong></span> 
     </span>
    </p>
   </div>
   <div class='ocr_carea' id='block_1_31' title="bbox 1907 1589 3478 1658">
    <p class='ocr_par' dir='ltr' id='par_1_31' title="bbox 1907 1589 3478 1658">
     <span class='ocr_line' id='line_1_31' title="bbox 1907 1589 3478 1658; baseline -0.001 -14"><span class='ocrx_word' id='word_1_229' title='bbox 1907 1605 2026 1647; x_wconf 90' lang='lat' dir='ltr'><strong>mas</strong></span> <span class='ocrx_word' id='word_1_230' title='bbox 2057 1606 2187 1647; x_wconf 90' lang='lat' dir='ltr'><strong>vero</strong></span> <span class='ocrx_word' id='word_1_231' title='bbox 2220 1605 2330 1645; x_wconf 91' lang='lat' dir='ltr'><strong>non</strong></span> <span class='ocrx_word' id='word_1_232' title='bbox 2377 1590 2599 1646; x_wconf 87' lang='lat' dir='ltr'><strong>habent.</strong></span> <span class='ocrx_word' id='word_1_233' title='bbox 2649 1589 2726 1644; x_wconf 85' lang='lat' dir='ltr'><strong>Ex</strong></span> <span class='ocrx_word' id='word_1_234' title='bbox 2762 1590 2870 1646; x_wconf 90' lang='lat' dir='ltr'><strong>illis</strong></span> <span class='ocrx_word' id='word_1_235' title='bbox 2912 1598 3114 1652; x_wconf 90' lang='lat' dir='ltr'><strong>autem,</strong></span> <span class='ocrx_word' id='word_1_236' title='bbox 3155 1603 3276 1658; x_wconf 72' lang='lat' dir='ltr'><strong>qua:</strong></span> <span class='ocrx_word' id='word_1_237' title='bbox 3311 1603 3478 1658; x_wconf 84' lang='lat' dir='ltr'><strong>supra</strong></span> 
     </span>
    </p>
   </div>
   <div class='ocr_carea' id='block_1_32' title="bbox 1909 1679 3480 1751">
    <p class='ocr_par' dir='ltr' id='par_1_32' title="bbox 1909 1679 3480 1751">
     <span class='ocr_line' id='line_1_32' title="bbox 1909 1679 3480 1751; baseline -0.001 -17"><span class='ocrx_word' id='word_1_238' title='bbox 1909 1687 2108 1736; x_wconf 89' lang='lat' dir='ltr'><strong>terram</strong></span> <span class='ocrx_word' id='word_1_239' title='bbox 2141 1689 2362 1751; x_wconf 87' lang='lat' dir='ltr'><strong>repunt,</strong></span> <span class='ocrx_word' id='word_1_240' title='bbox 2396 1681 2677 1735; x_wconf 89' lang='lat' dir='ltr'><strong>immunda</strong></span> <span class='ocrx_word' id='word_1_241' title='bbox 2711 1696 2833 1736; x_wconf 86' lang='lat' dir='ltr'><strong>esse</strong></span> <span class='ocrx_word' id='word_1_242' title='bbox 2861 1679 3048 1734; x_wconf 88' lang='lat' dir='ltr'><strong>deﬁnit</strong></span> <span class='ocrx_word' id='word_1_243' title='bbox 3094 1680 3220 1742; x_wconf 86' lang='lat' dir='ltr'><strong>ista,</strong></span> <span class='ocrx_word' id='word_1_244' title='bbox 3269 1687 3480 1733; x_wconf 54' lang='lat' dir='ltr'><strong>muste-</strong></span> 
     </span>
    </p>
   </div>
   <div class='ocr_carea' id='block_1_33' title="bbox 254 1765 1807 1845">
    <p class='ocr_par' dir='ltr' id='par_1_33' title="bbox 254 1765 1807 1845">
     <span class='ocr_line' id='line_1_33' title="bbox 254 1765 1807 1845; baseline 0.007 -29"><span class='ocrx_word' id='word_1_245' title='bbox 254 1765 359 1836; x_wconf 80' lang='grc' dir='ltr'>Περὶ</span> <span class='ocrx_word' id='word_1_246' title='bbox 380 1765 484 1837; x_wconf 78' lang='grc' dir='ltr'><strong>γάρ</strong></span> <span class='ocrx_word' id='word_1_247' title='bbox 509 1765 613 1819; x_wconf 81' lang='grc' dir='ltr'>τοῦ</span> <span class='ocrx_word' id='word_1_248' title='bbox 645 1766 830 1837; x_wconf 78' lang='grc' dir='ltr'>ὄφεως</span> <span class='ocrx_word' id='word_1_249' title='bbox 875 1769 1100 1823; x_wconf 77' lang='grc' dir='ltr'>καὶτῶν</span> <span class='ocrx_word' id='word_1_250' title='bbox 1138 1771 1337 1842; x_wconf 77' lang='grc' dir='ltr'>ὁμοίων</span> <span class='ocrx_word' id='word_1_251' title='bbox 1359 1771 1525 1843; x_wconf 78' lang='grc' dir='ltr'>αὐτῷ,</span> <span class='ocrx_word' id='word_1_252' title='bbox 1557 1773 1807 1845; x_wconf 81' lang='grc' dir='ltr'>περιττὸν</span> 
     </span>
    </p>
   </div>
   <div class='ocr_carea' id='block_1_34' title="bbox 1905 1765 3476 1845">
    <p class='ocr_par' dir='ltr' id='par_1_34' title="bbox 1908 1771 3476 1844">
     <span class='ocr_line' id='line_1_34' title="bbox 1908 1771 3476 1844; baseline -0.003 -17"><span class='ocrx_word' id='word_1_253' title='bbox 1908 1773 2036 1836; x_wconf 86' lang='lat' dir='ltr'><strong>lam,</strong></span> <span class='ocrx_word' id='word_1_254' title='bbox 2056 1774 2389 1828; x_wconf 90' lang='lat' dir='ltr'><strong>crocodilum</strong></span> <span class='ocrx_word' id='word_1_255' title='bbox 2407 1781 2742 1835; x_wconf 76' lang='lat' dir='ltr'><strong>terrestrem,</strong></span> <span class='ocrx_word' id='word_1_256' title='bbox 2774 1773 3041 1844; x_wconf 79' lang='lat' dir='ltr'><strong>mygalen,</strong></span> <span class='ocrx_word' id='word_1_257' title='bbox 3066 1771 3476 1834; x_wconf 64' lang='lat' dir='ltr'><strong>chamaeleonta,</strong></span> 
     </span>
    </p>
   </div>
   <div class='ocr_carea' id='block_1_35' title="bbox 246 1853 1811 1936">
    <p class='ocr_par' dir='ltr' id='par_1_35' title="bbox 246 1853 1811 1936">
     <span class='ocr_line' id='line_1_35' title="bbox 246 1853 1811 1936; baseline 0.005 -26"><span class='ocrx_word' id='word_1_258' title='bbox 246 1853 298 1929; x_wconf 77' lang='grc' dir='ltr'><strong>ἧν</strong></span> <span class='ocrx_word' id='word_1_259' title='bbox 321 1858 716 1929; x_wconf 77' lang='grc' dir='ltr'>μνημονεῦσαι·</span> <span class='ocrx_word' id='word_1_260' title='bbox 757 1860 1000 1936; x_wconf 75' lang='grc' dir='ltr'>φανερῶς</span> <span class='ocrx_word' id='word_1_261' title='bbox 1031 1863 1128 1931; x_wconf 83' lang='grc' dir='ltr'>μὲν</span> <span class='ocrx_word' id='word_1_262' title='bbox 1175 1863 1282 1935; x_wconf 89' lang='grc' dir='ltr'><strong>γάρ</strong></span> <span class='ocrx_word' id='word_1_263' title='bbox 1313 1881 1446 1935; x_wconf 85' lang='grc' dir='ltr'>φησι</span> <span class='ocrx_word' id='word_1_264' title='bbox 1477 1864 1650 1919; x_wconf 79' lang='grc' dir='ltr'>ταῦτα</span> <span class='ocrx_word' id='word_1_265' title='bbox 1677 1867 1811 1918; x_wconf 79' lang='grc' dir='ltr'>πᾶσι</span> 
     </span>
    </p>
   </div>
   <div class='ocr_carea' id='block_1_36' title="bbox 239 1946 1810 2028">
    <p class='ocr_par' dir='ltr' id='par_1_36' title="bbox 239 1946 1810 2028">
     <span class='ocr_line' id='line_1_36' title="bbox 239 1946 1810 2028; baseline 0.005 -27"><span class='ocrx_word' id='word_1_266' title='bbox 239 1948 469 2018; x_wconf 80' lang='grc' dir='ltr'>βδελυκτά</span> <span class='ocrx_word' id='word_1_267' title='bbox 497 1946 653 2004; x_wconf 81' lang='grc' dir='ltr'>εἶναι</span> <span class='ocrx_word' id='word_1_268' title='bbox 673 1951 776 2004; x_wconf 74' lang='grc' dir='ltr'>καὶ</span> <span class='ocrx_word' id='word_1_269' title='bbox 810 1951 1028 2024; x_wconf 84' lang='grc' dir='ltr'>μισητά·</span> <span class='ocrx_word' id='word_1_270' title='bbox 1049 1954 1198 2026; x_wconf 84' lang='grc' dir='ltr'>ὅμως</span> <span class='ocrx_word' id='word_1_271' title='bbox 1211 1955 1269 2009; x_wconf 85' lang='grc' dir='ltr'>δὲ</span> <span class='ocrx_word' id='word_1_272' title='bbox 1289 1955 1383 2009; x_wconf 77' lang='grc' dir='ltr'><strong>καὶ</strong></span> <span class='ocrx_word' id='word_1_273' title='bbox 1407 1955 1810 2028; x_wconf 77' lang='grc' dir='ltr'>ἐμνημόνευσεν</span> 
     </span>
    </p>
   </div>
   <div class='ocr_carea' id='block_1_37' title="bbox 234 2041 1204 2116">
    <p class='ocr_par' dir='ltr' id='par_1_37' title="bbox 234 2041 1204 2116">
     <span class='ocr_line' id='line_1_37' title="bbox 234 2041 1204 2116; baseline 0.007 -23"><span class='ocrx_word' id='word_1_274' title='bbox 234 2041 282 2094; x_wconf 81' lang='grc' dir='ltr'>ἐν</span> <span class='ocrx_word' id='word_1_275' title='bbox 302 2041 369 2114; x_wconf 80' lang='grc' dir='ltr'>τῷ</span> <span class='ocrx_word' id='word_1_276' title='bbox 394 2042 828 2115; x_wconf 78' lang='grc' dir='ltr'>Δευτερονομίῳ</span> <span class='ocrx_word' id='word_1_277' title='bbox 854 2044 979 2116; x_wconf 76' lang='grc' dir='ltr'>περὶ</span> <span class='ocrx_word' id='word_1_278' title='bbox 1009 2045 1204 2101; x_wconf 82' lang='grc' dir='ltr'>αὐτῶν.</span> 
     </span>
    </p>
   </div>
   <div class='ocr_carea' id='block_1_38' title="bbox 643 2338 1367 2413">
    <p class='ocr_par' dir='ltr' id='par_1_38' title="bbox 643 2338 1367 2413">
     <span class='ocr_line' id='line_1_38' title="bbox 643 2338 1367 2413; baseline 0.003 -17"><span class='ocrx_word' id='word_1_279' title='bbox 643 2340 920 2413; x_wconf 57' lang='grc' dir='ltr'>,Βιὸλίον</span> <span class='ocrx_word' id='word_1_280' title='bbox 966 2338 1036 2409; x_wconf 83' lang='grc' dir='ltr'>δ’,</span> <span class='ocrx_word' id='word_1_281' title='bbox 1098 2339 1367 2412; x_wconf 80' lang='grc' dir='ltr'>Ἀριθμοί.</span> 
     </span>
    </p>
   </div>
   <div class='ocr_carea' id='block_1_39' title="bbox 286 2453 1806 2526">
    <p class='ocr_par' dir='ltr' id='par_1_39' title="bbox 286 2453 1806 2526">
     <span class='ocr_line' id='line_1_39' title="bbox 286 2453 1806 2526; baseline 0 -16"><span class='ocrx_word' id='word_1_282' title='bbox 286 2455 332 2511; x_wconf 88' lang='grc'><strong>8.</strong></span> <span class='ocrx_word' id='word_1_283' title='bbox 365 2455 468 2510; x_wconf 82' lang='grc' dir='ltr'>Τοῦ</span> <span class='ocrx_word' id='word_1_284' title='bbox 500 2455 687 2511; x_wconf 73' lang='grc' dir='ltr'>αὐτοῦ</span> <span class='ocrx_word' id='word_1_285' title='bbox 720 2455 1004 2520; x_wconf 81' lang='grc' dir='ltr'>Μωῦσέως</span> <span class='ocrx_word' id='word_1_286' title='bbox 1029 2456 1305 2511; x_wconf 75' lang='grc' dir='ltr'>καὶτοῦτο</span> <span class='ocrx_word' id='word_1_287' title='bbox 1334 2455 1395 2508; x_wconf 75' lang='grc' dir='ltr'>τὸ</span> <span class='ocrx_word' id='word_1_288' title='bbox 1442 2453 1661 2526; x_wconf 76' lang='grc' dir='ltr'>βιϐλίον,</span> <span class='ocrx_word' id='word_1_289' title='bbox 1695 2455 1806 2510; x_wconf 87' lang='grc' dir='ltr'><strong>τῶν</strong></span> 
     </span>
    </p>
   </div>
   <div class='ocr_carea' id='block_1_40' title="bbox 235 2543 1801 2617">
    <p class='ocr_par' dir='ltr' id='par_1_40' title="bbox 235 2543 1801 2617">
     <span class='ocr_line' id='line_1_40' title="bbox 235 2543 1801 2617; baseline 0.001 -20"><span class='ocrx_word' id='word_1_290' title='bbox 235 2543 485 2617; x_wconf 81' lang='grc' dir='ltr'>’Δριθμῶν</span> <span class='ocrx_word' id='word_1_291' title='bbox 524 2544 869 2616; x_wconf 76' lang='grc' dir='ltr'>συγγραφή.</span> <span class='ocrx_word' id='word_1_292' title='bbox 903 2546 1129 2614; x_wconf 83' lang='grc' dir='ltr'>Λέγεται</span> <span class='ocrx_word' id='word_1_293' title='bbox 1187 2546 1244 2600; x_wconf 86' lang='grc' dir='ltr'>δὲ</span> <span class='ocrx_word' id='word_1_294' title='bbox 1277 2545 1418 2599; x_wconf 74' lang='grc' dir='ltr'>οὕτω</span> <span class='ocrx_word' id='word_1_295' title='bbox 1450 2545 1511 2598; x_wconf 83' lang='grc' dir='ltr'><strong>τὸ</strong></span> <span class='ocrx_word' id='word_1_296' title='bbox 1561 2544 1763 2616; x_wconf 74' lang='grc' dir='ltr'>βιϐλίον</span> <span class='ocrx_word' id='word_1_297' title='bbox 1785 2587 1801 2613; x_wconf 98' lang='grc'><strong>,</strong></span> 
     </span>
    </p>
   </div>
   <div class='ocr_carea' id='block_1_41' title="bbox 228 2635 1804 2709">
    <p class='ocr_par' dir='ltr' id='par_1_41' title="bbox 228 2635 1804 2709">
     <span class='ocr_line' id='line_1_41' title="bbox 228 2635 1804 2709; baseline 0.001 -21"><span class='ocrx_word' id='word_1_298' title='bbox 228 2636 389 2708; x_wconf 78' lang='grc' dir='ltr'>ἐπειδὴ</span> <span class='ocrx_word' id='word_1_299' title='bbox 418 2639 514 2691; x_wconf 74' lang='grc' dir='ltr'><strong>καὶ</strong></span> <span class='ocrx_word' id='word_1_300' title='bbox 547 2636 652 2690; x_wconf 72' lang='grc' dir='ltr'><strong>τοῦ</strong></span> <span class='ocrx_word' id='word_1_301' title='bbox 689 2635 830 2690; x_wconf 77' lang='grc' dir='ltr'>λαοῦ</span> <span class='ocrx_word' id='word_1_302' title='bbox 866 2637 1065 2700; x_wconf 72' lang='grc' dir='ltr'>παντὸς</span> <span class='ocrx_word' id='word_1_303' title='bbox 1093 2637 1121 2689; x_wconf 89' lang='lat'><strong>6</strong></span> <span class='ocrx_word' id='word_1_304' title='bbox 1149 2637 1378 2709; x_wconf 81' lang='grc' dir='ltr'>ἀριθμὸς</span> <span class='ocrx_word' id='word_1_305' title='bbox 1399 2637 1457 2690; x_wconf 80' lang='grc' dir='ltr'>ἐν</span> <span class='ocrx_word' id='word_1_306' title='bbox 1487 2636 1662 2708; x_wconf 81' lang='grc' dir='ltr'>τούτῳ</span> <span class='ocrx_word' id='word_1_307' title='bbox 1707 2653 1804 2690; x_wconf 88' lang='grc' dir='ltr'>πε-</span> 
     </span>
    </p>
   </div>
   <div class='ocr_carea' id='block_1_42' title="bbox 229 2729 1802 2802">
    <p class='ocr_par' dir='ltr' id='par_1_42' title="bbox 229 2729 1802 2802">
     <span class='ocr_line' id='line_1_42' title="bbox 229 2729 1802 2802; baseline 0 -18"><span class='ocrx_word' id='word_1_308' title='bbox 229 2731 465 2801; x_wconf 80' lang='grc' dir='ltr'>ριέχεται,</span> <span class='ocrx_word' id='word_1_309' title='bbox 499 2730 767 2801; x_wconf 79' lang='grc' dir='ltr'>ἑκάστης</span> <span class='ocrx_word' id='word_1_310' title='bbox 796 2729 968 2800; x_wconf 79' lang='grc' dir='ltr'>φυλῆς</span> <span class='ocrx_word' id='word_1_311' title='bbox 997 2729 1104 2783; x_wconf 89' lang='grc' dir='ltr'><strong>τῶν</strong></span> <span class='ocrx_word' id='word_1_312' title='bbox 1147 2729 1416 2783; x_wconf 83' lang='grc' dir='ltr'>Ἰουδαίων</span> <span class='ocrx_word' id='word_1_313' title='bbox 1453 2731 1518 2784; x_wconf 81' lang='grc' dir='ltr'>ὲκ</span> <span class='ocrx_word' id='word_1_314' title='bbox 1559 2730 1802 2802; x_wconf 83' lang='grc' dir='ltr'>προστά-</span> 
     </span>
    </p>
   </div>
   <div class='ocr_carea' id='block_1_43' title="bbox 228 2820 1802 2896">
    <p class='ocr_par' dir='ltr' id='par_1_43' title="bbox 228 2820 1802 2896">
     <span class='ocr_line' id='line_1_43' title="bbox 228 2820 1802 2896; baseline 0.001 -22"><span class='ocrx_word' id='word_1_315' title='bbox 228 2839 411 2893; x_wconf 73' lang='grc' dir='ltr'>γματος</span> <span class='ocrx_word' id='word_1_316' title='bbox 443 2823 662 2896; x_wconf 77' lang='grc' dir='ltr'>Κυρίου</span> <span class='ocrx_word' id='word_1_317' title='bbox 704 2820 1092 2893; x_wconf 61' lang='grc' dir='ltr'>μετρηθεὼης.</span> <span class='ocrx_word' id='word_1_318' title='bbox 1150 2821 1458 2894; x_wconf 85' lang='grc' dir='ltr'>Ἥριθμήθη</span> <span class='ocrx_word' id='word_1_319' title='bbox 1500 2821 1557 2876; x_wconf 87' lang='grc' dir='ltr'>δὲ</span> <span class='ocrx_word' id='word_1_320' title='bbox 1596 2825 1625 2876; x_wconf 90' lang='lat'><strong>6</strong></span> <span class='ocrx_word' id='word_1_321' title='bbox 1674 2823 1802 2888; x_wconf 86' lang='grc' dir='ltr'>λαὸς</span> 
     </span>
    </p>
   </div>
   <div class='ocr_carea' id='block_1_44' title="bbox 232 2912 1802 2986">
    <p class='ocr_par' dir='ltr' id='par_1_44' title="bbox 232 2912 1802 2986">
     <span class='ocr_line' id='line_1_44' title="bbox 232 2912 1802 2986; baseline 0.002 -22"><span class='ocrx_word' id='word_1_322' title='bbox 232 2913 324 2966; x_wconf 75' lang='grc' dir='ltr'><strong>ἀπὸ</strong></span> <span class='ocrx_word' id='word_1_323' title='bbox 349 2914 704 2978; x_wconf 80' lang='grc' dir='ltr'>εἱκοσαετοῢς</span> <span class='ocrx_word' id='word_1_324' title='bbox 740 2913 840 2966; x_wconf 75' lang='grc' dir='ltr'>καὶ</span> <span class='ocrx_word' id='word_1_325' title='bbox 879 2912 1083 2978; x_wconf 81' lang='grc' dir='ltr'>ἐπάνω,</span> <span class='ocrx_word' id='word_1_326' title='bbox 1114 2913 1222 2976; x_wconf 78' lang='grc' dir='ltr'><strong>πᾶς</strong></span> <span class='ocrx_word' id='word_1_327' title='bbox 1252 2913 1390 2985; x_wconf 83' lang='grc' dir='ltr'>ἀνὴρ</span> <span class='ocrx_word' id='word_1_328' title='bbox 1434 2913 1802 2986; x_wconf 75' lang='grc' dir='ltr'>ἐκπορευόμε-</span> 
     </span>
    </p>
   </div>
   <div class='ocr_carea' id='block_1_45' title="bbox 236 3003 1797 3078">
    <p class='ocr_par' dir='ltr' id='par_1_45' title="bbox 236 3003 1797 3078">
     <span class='ocr_line' id='line_1_45' title="bbox 236 3003 1797 3078; baseline 0 -19"><span class='ocrx_word' id='word_1_329' title='bbox 236 3023 309 3070; x_wconf 97' lang='grc' dir='ltr'><strong>νος</strong></span> <span class='ocrx_word' id='word_1_330' title='bbox 332 3008 405 3070; x_wconf 74' lang='grc' dir='ltr'>εἰς</span> <span class='ocrx_word' id='word_1_331' title='bbox 437 3007 718 3078; x_wconf 79' lang='grc' dir='ltr'>πόλεμον,</span> <span class='ocrx_word' id='word_1_332' title='bbox 754 3004 929 3076; x_wconf 72' lang='grc' dir='ltr'>χωρὶς</span> <span class='ocrx_word' id='word_1_333' title='bbox 976 3005 1073 3076; x_wconf 90' lang='grc' dir='ltr'><strong>τῆς</strong></span> <span class='ocrx_word' id='word_1_334' title='bbox 1112 3004 1282 3075; x_wconf 73' lang='grc' dir='ltr'>φυλῆς</span> <span class='ocrx_word' id='word_1_335' title='bbox 1313 3004 1407 3057; x_wconf 82' lang='grc' dir='ltr'><strong>τοῦ</strong></span> <span class='ocrx_word' id='word_1_336' title='bbox 1440 3003 1572 3059; x_wconf 67' lang='grc' dir='ltr'>Λευι</span> <span class='ocrx_word' id='word_1_337' title='bbox 1595 3022 1610 3036; x_wconf 77' lang='grc' dir='ltr'><strong>ο</strong></span> <span class='ocrx_word' id='word_1_338' title='bbox 1657 3004 1797 3077; x_wconf 76' lang='grc' dir='ltr'>αὕτη</span> 
     </span>
    </p>
   </div>
   <div class='ocr_carea' id='block_1_46' title="bbox 237 3094 1875 3194">
    <p class='ocr_par' dir='ltr' id='par_1_46' title="bbox 237 3094 1875 3194">
     <span class='ocr_line' id='line_1_46' title="bbox 237 3094 1875 3194; baseline -0.001 -44"><span class='ocrx_word' id='word_1_339' title='bbox 237 3097 331 3169; x_wconf 80' lang='grc' dir='ltr'><strong>γὰρ</strong></span> <span class='ocrx_word' id='word_1_340' title='bbox 372 3099 490 3151; x_wconf 86' lang='grc' dir='ltr'>καθ’</span> <span class='ocrx_word' id='word_1_341' title='bbox 523 3097 733 3169; x_wconf 74' lang='grc' dir='ltr'>ἑαυτὴν</span> <span class='ocrx_word' id='word_1_342' title='bbox 768 3096 1046 3168; x_wconf 78' lang='grc' dir='ltr'>ἐμετρήθη</span> <span class='ocrx_word' id='word_1_343' title='bbox 1067 3113 1080 3126; x_wconf 77' lang='grc' dir='ltr'><strong><em>ο</em></strong></span> <span class='ocrx_word' id='word_1_344' title='bbox 1109 3095 1232 3194; x_wconf 60' lang='grc' dir='ltr'><strong>⁵καὶἱ</strong></span> <span class='ocrx_word' id='word_1_345' title='bbox 1268 3094 1464 3167; x_wconf 82' lang='grc' dir='ltr'>εὑρέθη</span> <span class='ocrx_word' id='word_1_346' title='bbox 1509 3097 1539 3150; x_wconf 89' lang='lat'><strong>6</strong></span> <span class='ocrx_word' id='word_1_347' title='bbox 1569 3096 1800 3168; x_wconf 79' lang='grc' dir='ltr'>ἀριθμὸς</span> <span class='ocrx_word' id='word_1_348' title='bbox 1829 3133 1875 3194; x_wconf 73' lang='lat' dir='ltr'>c</span> 
     </span>
    </p>
   </div>
   <div class='ocr_carea' id='block_1_47' title="bbox 239 3183 1803 3260">
    <p class='ocr_par' dir='ltr' id='par_1_47' title="bbox 239 3183 1803 3260">
     <span class='ocr_line' id='line_1_47' title="bbox 239 3183 1803 3260; baseline 0.003 -23"><span class='ocrx_word' id='word_1_349' title='bbox 239 3185 332 3238; x_wconf 83' lang='grc' dir='ltr'><strong>τῶν</strong></span> <span class='ocrx_word' id='word_1_350' title='bbox 363 3187 751 3259; x_wconf 63' lang='grc' dir='ltr'>μτρηθὲντων</span> <span class='ocrx_word' id='word_1_351' title='bbox 786 3186 1023 3257; x_wconf 81' lang='grc' dir='ltr'>χιλιάδες</span> <span class='ocrx_word' id='word_1_352' title='bbox 1073 3183 1350 3250; x_wconf 80' lang='grc' dir='ltr'>ἑξακόσιαι</span> <span class='ocrx_word' id='word_1_353' title='bbox 1383 3187 1477 3240; x_wconf 81' lang='grc' dir='ltr'><strong>καὶ</strong></span> <span class='ocrx_word' id='word_1_354' title='bbox 1514 3187 1803 3260; x_wconf 82' lang='grc' dir='ltr'>τρισχίλιοι</span> 
     </span>
    </p>
   </div>
   <div class='ocr_carea' id='block_1_48' title="bbox 241 3275 1803 3351">
    <p class='ocr_par' dir='ltr' id='par_1_48' title="bbox 241 3275 1803 3351">
     <span class='ocr_line' id='line_1_48' title="bbox 241 3275 1803 3351; baseline 0.004 -23"><span class='ocrx_word' id='word_1_355' title='bbox 241 3278 565 3332; x_wconf 80' lang='grc' dir='ltr'>πεντακόσιοι</span> <span class='ocrx_word' id='word_1_356' title='bbox 606 3277 976 3348; x_wconf 83' lang='grc' dir='ltr'>πεντήκοντα.</span> <span class='ocrx_word' id='word_1_357' title='bbox 1024 3276 1084 3330; x_wconf 80' lang='grc' dir='ltr'><strong>Οἱ</strong></span> <span class='ocrx_word' id='word_1_358' title='bbox 1137 3276 1195 3329; x_wconf 82' lang='grc' dir='ltr'>δὲ</span> <span class='ocrx_word' id='word_1_359' title='bbox 1255 3276 1614 3348; x_wconf 80' lang='grc' dir='ltr'>ἀριθμοῦντες</span> <span class='ocrx_word' id='word_1_360' title='bbox 1661 3275 1803 3351; x_wconf 83' lang='grc' dir='ltr'>ἦσαν</span> 
     </span>
    </p>
   </div>
   <div class='ocr_carea' id='block_1_49' title="bbox 235 3367 1805 3440">
    <p class='ocr_par' dir='ltr' id='par_1_49' title="bbox 235 3367 1805 3440">
     <span class='ocr_line' id='line_1_49' title="bbox 235 3367 1805 3440; baseline 0.004 -22"><span class='ocrx_word' id='word_1_361' title='bbox 235 3367 315 3420; x_wconf 64' lang='grc' dir='ltr'><strong>τὸν</strong></span> <span class='ocrx_word' id='word_1_362' title='bbox 346 3371 442 3440; x_wconf 78' lang='grc' dir='ltr'>μὲν</span> <span class='ocrx_word' id='word_1_363' title='bbox 470 3371 600 3423; x_wconf 83' lang='grc' dir='ltr'>λαὸν</span> <span class='ocrx_word' id='word_1_364' title='bbox 634 3368 890 3439; x_wconf 85' lang='grc' dir='ltr'>Μωῦσῆς</span> <span class='ocrx_word' id='word_1_365' title='bbox 933 3368 1027 3422; x_wconf 80' lang='grc' dir='ltr'>καὶ</span> <span class='ocrx_word' id='word_1_366' title='bbox 1070 3367 1313 3440; x_wconf 82' lang='grc' dir='ltr'>Ἀαρὼν,</span> <span class='ocrx_word' id='word_1_367' title='bbox 1354 3370 1449 3423; x_wconf 76' lang='grc' dir='ltr'>καὶ</span> <span class='ocrx_word' id='word_1_368' title='bbox 1483 3370 1582 3424; x_wconf 81' lang='grc' dir='ltr'>σὺν</span> <span class='ocrx_word' id='word_1_369' title='bbox 1620 3371 1805 3436; x_wconf 80' lang='grc' dir='ltr'>αὐτοῖς</span> 
     </span>
    </p>
   </div>
   <div class='ocr_carea' id='block_1_50' title="bbox 234 3458 1802 3534">
    <p class='ocr_par' dir='ltr' id='par_1_50' title="bbox 234 3458 1802 3534">
     <span class='ocr_line' id='line_1_50' title="bbox 234 3458 1802 3534; baseline 0.006 -24"><span class='ocrx_word' id='word_1_370' title='bbox 234 3458 459 3532; x_wconf 68' lang='grc' dir='ltr'>ἑκάστης</span> <span class='ocrx_word' id='word_1_371' title='bbox 493 3462 669 3532; x_wconf 74' lang='grc' dir='ltr'>φυλῆς</span> <span class='ocrx_word' id='word_1_372' title='bbox 713 3460 924 3533; x_wconf 81' lang='grc' dir='ltr'>ἄρχων.</span> <span class='ocrx_word' id='word_1_373' title='bbox 978 3460 1086 3514; x_wconf 73' lang='grc' dir='ltr'><strong>Καὶ</strong></span> <span class='ocrx_word' id='word_1_374' title='bbox 1127 3460 1240 3515; x_wconf 72' lang='grc' dir='ltr'>ἐστι</span> <span class='ocrx_word' id='word_1_375' title='bbox 1289 3460 1401 3514; x_wconf 90' lang='grc' dir='ltr'><strong>τῶν</strong></span> <span class='ocrx_word' id='word_1_376' title='bbox 1432 3479 1492 3515; x_wconf 88' lang='grc' dir='ltr'><strong>τε</strong></span> <span class='ocrx_word' id='word_1_377' title='bbox 1525 3462 1802 3534; x_wconf 81' lang='grc' dir='ltr'>ἀρχόντων</span> 
     </span>
    </p>
   </div>
   <div class='ocr_carea' id='block_1_51' title="bbox 230 3548 1450 3626">
    <p class='ocr_par' dir='ltr' id='par_1_51' title="bbox 230 3548 1450 3626">
     <span class='ocr_line' id='line_1_51' title="bbox 230 3548 1450 3626; baseline 0.003 -24"><span class='ocrx_word' id='word_1_378' title='bbox 230 3551 290 3604; x_wconf 70' lang='grc' dir='ltr'>τὰ</span> <span class='ocrx_word' id='word_1_379' title='bbox 318 3554 561 3626; x_wconf 81' lang='grc' dir='ltr'>ὀνόματα</span> <span class='ocrx_word' id='word_1_380' title='bbox 584 3553 784 3620; x_wconf 80' lang='grc' dir='ltr'>ταῦτα,</span> <span class='ocrx_word' id='word_1_381' title='bbox 819 3553 913 3607; x_wconf 61' lang='grc' dir='ltr'><strong>καὶ¹</strong></span> <span class='ocrx_word' id='word_1_382' title='bbox 951 3553 980 3606; x_wconf 88' lang='lat'><strong>6</strong></span> <span class='ocrx_word' id='word_1_383' title='bbox 1011 3551 1238 3626; x_wconf 76' lang='grc' dir='ltr'>ἀριθμὸς</span> <span class='ocrx_word' id='word_1_384' title='bbox 1265 3548 1450 3620; x_wconf 77' lang='grc' dir='ltr'>οὗτοςο</span> 
     </span>
    </p>
   </div>
   <div class='ocr_carea' id='block_1_52' title="bbox 295 3724 1802 3801">
    <p class='ocr_par' dir='ltr' id='par_1_52' title="bbox 295 3724 1802 3801">
     <span class='ocr_line' id='line_1_52' title="bbox 295 3724 1802 3801; baseline -0.001 -16"><span class='ocrx_word' id='word_1_385' title='bbox 295 3730 400 3801; x_wconf 86' lang='grc'><strong>(80)</strong></span> <span class='ocrx_word' id='word_1_386' title='bbox 440 3731 562 3784; x_wconf 86' lang='grc' dir='ltr'>Τῶν</span> <span class='ocrx_word' id='word_1_387' title='bbox 603 3727 838 3799; x_wconf 75' lang='grc' dir='ltr'>Ῥουϐὶμ</span> <span class='ocrx_word' id='word_1_388' title='bbox 872 3726 1136 3800; x_wconf 84' lang='grc' dir='ltr'>Ἐλισοὺρ,</span> <span class='ocrx_word' id='word_1_389' title='bbox 1171 3726 1284 3790; x_wconf 78' lang='grc' dir='ltr'>υἱὸς</span> <span class='ocrx_word' id='word_1_390' title='bbox 1313 3727 1566 3798; x_wconf 77' lang='grc' dir='ltr'>Σεδιούρο</span> <span class='ocrx_word' id='word_1_391' title='bbox 1596 3728 1690 3783; x_wconf 72' lang='grc' dir='ltr'><strong>καὶ</strong></span> <span class='ocrx_word' id='word_1_392' title='bbox 1734 3724 1802 3800; x_wconf 80' lang='grc' dir='ltr'>ἦν</span> 
     </span>
    </p>
   </div>
   <div class='ocr_carea' id='block_1_53' title="bbox 229 3818 1626 3890">
    <p class='ocr_par' dir='ltr' id='par_1_53' title="bbox 229 3818 1626 3890">
     <span class='ocr_line' id='line_1_53' title="bbox 229 3818 1626 3890; baseline 0 -18"><span class='ocrx_word' id='word_1_393' title='bbox 229 3820 255 3872; x_wconf 81' lang='grc' dir='ltr'><strong>ὁ</strong></span> <span class='ocrx_word' id='word_1_394' title='bbox 282 3820 513 3890; x_wconf 70' lang='grc' dir='ltr'>ἀριθμὸς</span> <span class='ocrx_word' id='word_1_395' title='bbox 548 3818 731 3873; x_wconf 75' lang='grc' dir='ltr'>αὐτῶν</span> <span class='ocrx_word' id='word_1_396' title='bbox 756 3818 994 3890; x_wconf 86' lang='grc' dir='ltr'>χιλιάδες</span> <span class='ocrx_word' id='word_1_397' title='bbox 1021 3823 1115 3890; x_wconf 82' lang='grc' dir='ltr'>μς¹</span> <span class='ocrx_word' id='word_1_398' title='bbox 1140 3819 1234 3872; x_wconf 78' lang='grc' dir='ltr'>καὶ</span> <span class='ocrx_word' id='word_1_399' title='bbox 1263 3819 1626 3873; x_wconf 86' lang='grc' dir='ltr'>πεντακόσιοι.</span> 
     </span>
    </p>
   </div>
   <div class='ocr_carea' id='block_1_54' title="bbox 291 3904 1802 3982">
    <p class='ocr_par' dir='ltr' id='par_1_54' title="bbox 291 3904 1802 3982">
     <span class='ocr_line' id='line_1_54' title="bbox 291 3904 1802 3982; baseline 0.001 -20"><span class='ocrx_word' id='word_1_400' title='bbox 291 3911 409 3963; x_wconf 90' lang='grc' dir='ltr'><strong>Τῶν</strong></span> <span class='ocrx_word' id='word_1_401' title='bbox 443 3909 675 3982; x_wconf 84' lang='grc' dir='ltr'>Συμεὼν</span> <span class='ocrx_word' id='word_1_402' title='bbox 706 3907 1016 3979; x_wconf 80' lang='grc' dir='ltr'>Σαλαμιὴλ,</span> <span class='ocrx_word' id='word_1_403' title='bbox 1063 3905 1174 3974; x_wconf 77' lang='grc' dir='ltr'>υἱὸς</span> <span class='ocrx_word' id='word_1_404' title='bbox 1212 3909 1534 3981; x_wconf 79' lang='grc' dir='ltr'>Σουρισαδαί</span> <span class='ocrx_word' id='word_1_405' title='bbox 1556 3924 1572 3940; x_wconf 83' lang='grc'><strong><em>⁸</em></strong></span> <span class='ocrx_word' id='word_1_406' title='bbox 1601 3909 1694 3964; x_wconf 80' lang='grc' dir='ltr'>καὶ</span> <span class='ocrx_word' id='word_1_407' title='bbox 1733 3904 1802 3981; x_wconf 79' lang='grc' dir='ltr'>ἦν</span> 
     </span>
    </p>
   </div>
   <div class='ocr_carea' id='block_1_55' title="bbox 230 3997 1694 4074">
    <p class='ocr_par' dir='ltr' id='par_1_55' title="bbox 230 3997 1694 4074">
     <span class='ocr_line' id='line_1_55' title="bbox 230 3997 1694 4074; baseline 0.001 -22"><span class='ocrx_word' id='word_1_408' title='bbox 230 4000 255 4052; x_wconf 74' lang='grc' dir='ltr'><strong><em>ὁ</em></strong></span> <span class='ocrx_word' id='word_1_409' title='bbox 281 4001 512 4074; x_wconf 69' lang='grc' dir='ltr'>ἀριθμὸς</span> <span class='ocrx_word' id='word_1_410' title='bbox 542 4000 726 4055; x_wconf 83' lang='grc' dir='ltr'>αὐτῶν</span> <span class='ocrx_word' id='word_1_411' title='bbox 756 3997 1003 4071; x_wconf 66' lang='grc' dir='ltr'>χιλιάδες</span> <span class='ocrx_word' id='word_1_412' title='bbox 1039 3998 1108 4052; x_wconf 83' lang='grc' dir='ltr'>οδ¹</span> <span class='ocrx_word' id='word_1_413' title='bbox 1143 3999 1237 4053; x_wconf 72' lang='grc' dir='ltr'>καὶ</span> <span class='ocrx_word' id='word_1_414' title='bbox 1265 3999 1536 4066; x_wconf 76' lang='grc' dir='ltr'>ἑξακόσιοι</span> <span class='ocrx_word' id='word_1_415' title='bbox 1563 4000 1694 4074; x_wconf 89' lang='grc'><strong>(81).</strong></span> 
     </span>
    </p>
   </div>
   <div class='ocr_carea' id='block_1_56' title="bbox 289 4199 1802 4275">
    <p class='ocr_par' dir='ltr' id='par_1_56' title="bbox 289 4199 1802 4275">
     <span class='ocr_line' id='line_1_56' title="bbox 289 4199 1802 4275; baseline 0.004 -21"><span class='ocrx_word' id='word_1_416' title='bbox 289 4202 411 4256; x_wconf 86' lang='grc' dir='ltr'>Τῶν</span> <span class='ocrx_word' id='word_1_417' title='bbox 454 4203 680 4274; x_wconf 83' lang='grc' dir='ltr'>’Ῑσάχαρ</span> <span class='ocrx_word' id='word_1_418' title='bbox 727 4199 1067 4272; x_wconf 81' lang='grc' dir='ltr'>Ναθαναὴλ,</span> <span class='ocrx_word' id='word_1_419' title='bbox 1113 4202 1225 4266; x_wconf 81' lang='grc' dir='ltr'>υἱὸς</span> <span class='ocrx_word' id='word_1_420' title='bbox 1267 4203 1492 4275; x_wconf 85' lang='grc' dir='ltr'>Σωγάρ·</span> <span class='ocrx_word' id='word_1_421' title='bbox 1539 4206 1634 4260; x_wconf 71' lang='grc' dir='ltr'>καὶ</span> <span class='ocrx_word' id='word_1_422' title='bbox 1673 4200 1741 4275; x_wconf 78' lang='grc' dir='ltr'>ἦν</span> <span class='ocrx_word' id='word_1_423' title='bbox 1773 4207 1802 4260; x_wconf 90' lang='lat'><strong>6</strong></span> 
     </span>
    </p>
   </div>
   <div class='ocr_carea' id='block_1_57' title="bbox 227 4293 1559 4368">
    <p class='ocr_par' dir='ltr' id='par_1_57' title="bbox 227 4293 1559 4368">
     <span class='ocr_line' id='line_1_57' title="bbox 227 4293 1559 4368; baseline 0.001 -21"><span class='ocrx_word' id='word_1_424' title='bbox 227 4293 453 4366; x_wconf 72' lang='grc' dir='ltr'>ἀριθμὸς</span> <span class='ocrx_word' id='word_1_425' title='bbox 492 4294 673 4349; x_wconf 79' lang='grc' dir='ltr'>αὐτῶν</span> <span class='ocrx_word' id='word_1_426' title='bbox 703 4293 943 4365; x_wconf 85' lang='grc' dir='ltr'>χιλιάδες</span> <span class='ocrx_word' id='word_1_427' title='bbox 970 4293 1040 4346; x_wconf 83' lang='grc' dir='ltr'>νδ⁹</span> <span class='ocrx_word' id='word_1_428' title='bbox 1075 4295 1170 4347; x_wconf 71' lang='grc' dir='ltr'>καὶ</span> <span class='ocrx_word' id='word_1_429' title='bbox 1199 4297 1559 4368; x_wconf 83' lang='grc' dir='ltr'>τετρακόσιοι.</span> 
     </span>
    </p>
   </div>
   <div class='ocr_carea' id='block_1_58' title="bbox 1910 1857 3475 1934">
    <p class='ocr_par' dir='ltr' id='par_1_58' title="bbox 1910 1857 3475 1934">
     <span class='ocr_line' id='line_1_58' title="bbox 1910 1857 3475 1934; baseline -0.001 -15"><span class='ocrx_word' id='word_1_430' title='bbox 1910 1865 2234 1931; x_wconf 88' lang='lat' dir='ltr'><strong>stellionem,</strong></span> <span class='ocrx_word' id='word_1_431' title='bbox 2263 1879 2483 1921; x_wconf 89' lang='lat' dir='ltr'><strong>sauram</strong></span> <span class='ocrx_word' id='word_1_432' title='bbox 2502 1872 2557 1919; x_wconf 90' lang='lat' dir='ltr'><strong>et</strong></span> <span class='ocrx_word' id='word_1_433' title='bbox 2586 1864 2810 1934; x_wconf 86' lang='lat' dir='ltr'><strong>talpam.</strong></span> <span class='ocrx_word' id='word_1_434' title='bbox 2829 1862 2900 1917; x_wconf 88' lang='lat' dir='ltr'><strong>De</strong></span> <span class='ocrx_word' id='word_1_435' title='bbox 2919 1861 3289 1932; x_wconf 85' lang='lat' dir='ltr'><strong>serpentibus,</strong></span> <span class='ocrx_word' id='word_1_436' title='bbox 3321 1857 3475 1930; x_wconf 81' lang='lat'><strong>103</strong></span> 
     </span>
    </p>
   </div>
   <div class='ocr_carea' id='block_1_59' title="bbox 1907 1953 3476 2030">
    <p class='ocr_par' dir='ltr' id='par_1_59' title="bbox 1907 1953 3476 2030">
     <span class='ocr_line' id='line_1_59' title="bbox 1907 1953 3476 2030; baseline -0.004 -16"><span class='ocrx_word' id='word_1_437' title='bbox 1907 1965 2111 2030; x_wconf 73' lang='lat' dir='ltr'><strong>etquae</strong></span> <span class='ocrx_word' id='word_1_438' title='bbox 2160 1959 2269 2014; x_wconf 90' lang='lat' dir='ltr'><strong>illis</strong></span> <span class='ocrx_word' id='word_1_439' title='bbox 2305 1959 2504 2014; x_wconf 89' lang='lat' dir='ltr'><strong>similia</strong></span> <span class='ocrx_word' id='word_1_440' title='bbox 2541 1965 2693 2019; x_wconf 87' lang='lat' dir='ltr'><strong>sunt,</strong></span> <span class='ocrx_word' id='word_1_441' title='bbox 2727 1957 3060 2026; x_wconf 84' lang='lat' dir='ltr'><strong>superﬂuum</strong></span> <span class='ocrx_word' id='word_1_442' title='bbox 3104 1961 3250 2010; x_wconf 83' lang='lat' dir='ltr'><strong>esset</strong></span> <span class='ocrx_word' id='word_1_443' title='bbox 3284 1953 3476 2007; x_wconf 74' lang='lat' dir='ltr'><strong>adnio-</strong></span> 
     </span>
    </p>
   </div>
   <div class='ocr_carea' id='block_1_60' title="bbox 1907 2043 3477 2117">
    <p class='ocr_par' dir='ltr' id='par_1_60' title="bbox 1907 2043 3477 2117">
     <span class='ocr_line' id='line_1_60' title="bbox 1907 2043 3477 2117; baseline -0.004 -17"><span class='ocrx_word' id='word_1_444' title='bbox 1907 2061 2078 2102; x_wconf 89' lang='lat' dir='ltr'><strong>nere:</strong></span> <span class='ocrx_word' id='word_1_445' title='bbox 2124 2047 2226 2102; x_wconf 91' lang='lat' dir='ltr'><strong>hoc</strong></span> <span class='ocrx_word' id='word_1_446' title='bbox 2272 2063 2513 2117; x_wconf 90' lang='lat' dir='ltr'><strong>namque</strong></span> <span class='ocrx_word' id='word_1_447' title='bbox 2566 2047 2922 2100; x_wconf 90' lang='lat' dir='ltr'><strong>animantium</strong></span> <span class='ocrx_word' id='word_1_448' title='bbox 2965 2060 3135 2116; x_wconf 85' lang='lat' dir='ltr'><strong>genus</strong></span> <span class='ocrx_word' id='word_1_449' title='bbox 3184 2043 3477 2098; x_wconf 80' lang='lat' dir='ltr'><strong>manifesto</strong></span> 
     </span>
    </p>
   </div>
   <div class='ocr_carea' id='block_1_61' title="bbox 1906 2133 3479 2194">
    <p class='ocr_par' dir='ltr' id='par_1_61' title="bbox 1906 2133 3479 2194">
     <span class='ocr_line' id='line_1_61' title="bbox 1906 2133 3479 2194; baseline -0.004 -1"><span class='ocrx_word' id='word_1_450' title='bbox 1906 2138 2040 2193; x_wconf 89' lang='lat' dir='ltr'><strong>dicit</strong></span> <span class='ocrx_word' id='word_1_451' title='bbox 2063 2139 2318 2194; x_wconf 87' lang='lat' dir='ltr'><strong>omnibus</strong></span> <span class='ocrx_word' id='word_1_452' title='bbox 2346 2138 2772 2194; x_wconf 88' lang='lat' dir='ltr'><strong>abominandum</strong></span> <span class='ocrx_word' id='word_1_453' title='bbox 2792 2153 2857 2192; x_wconf 90' lang='lat' dir='ltr'><strong>ac</strong></span> <span class='ocrx_word' id='word_1_454' title='bbox 2886 2135 3291 2192; x_wconf 90' lang='lat' dir='ltr'><strong>detestandum.</strong></span> <span class='ocrx_word' id='word_1_455' title='bbox 3323 2133 3479 2188; x_wconf 84' lang='lat' dir='ltr'><strong>Atta-</strong></span> 
     </span>
    </p>
   </div>
   <div class='ocr_carea' id='block_1_62' title="bbox 1906 2227 3099 2286">
    <p class='ocr_par' dir='ltr' id='par_1_62' title="bbox 1906 2227 3099 2286">
     <span class='ocr_line' id='line_1_62' title="bbox 1906 2227 3099 2286; baseline -0.002 -3"><span class='ocrx_word' id='word_1_456' title='bbox 1906 2241 2030 2283; x_wconf 86' lang='lat' dir='ltr'><strong>men</strong></span> <span class='ocrx_word' id='word_1_457' title='bbox 2051 2227 2107 2283; x_wconf 89' lang='lat' dir='ltr'><strong>in</strong></span> <span class='ocrx_word' id='word_1_458' title='bbox 2133 2227 2552 2286; x_wconf 88' lang='lat' dir='ltr'><strong>Deuteronomio</strong></span> <span class='ocrx_word' id='word_1_459' title='bbox 2585 2231 2804 2285; x_wconf 92' lang='lat' dir='ltr'><strong>illorum</strong></span> <span class='ocrx_word' id='word_1_460' title='bbox 2834 2229 3099 2284; x_wconf 87' lang='lat' dir='ltr'><strong>meminit.</strong></span> 
     </span>
    </p>
   </div>
   <div class='ocr_carea' id='block_1_63' title="bbox 2400 2339 2975 2407">
    <p class='ocr_par' dir='ltr' id='par_1_63' title="bbox 2400 2339 2975 2407">
     <span class='ocr_line' id='line_1_63' title="bbox 2400 2339 2975 2407; baseline 0.002 -12"><span class='ocrx_word' id='word_1_461' title='bbox 2400 2339 2558 2396; x_wconf 84' lang='lat' dir='ltr'><strong>Liber</strong></span> <span class='ocrx_word' id='word_1_462' title='bbox 2590 2340 2697 2407; x_wconf 84' lang='lat' dir='ltr'><strong>IV,</strong></span> <span class='ocrx_word' id='word_1_463' title='bbox 2734 2341 2975 2404; x_wconf 80' lang='lat' dir='ltr'><strong>Numeri.</strong></span> 
     </span>
    </p>
   </div>
   <div class='ocr_carea' id='block_1_64' title="bbox 1971 2452 3472 2529">
    <p class='ocr_par' dir='ltr' id='par_1_64' title="bbox 1971 2452 3472 2529">
     <span class='ocr_line' id='line_1_64' title="bbox 1971 2452 3472 2529; baseline 0.003 -19"><span class='ocrx_word' id='word_1_464' title='bbox 1971 2452 2028 2510; x_wconf 90' lang='lat'><strong>8.</strong></span> <span class='ocrx_word' id='word_1_465' title='bbox 2077 2452 2336 2525; x_wconf 85' lang='lat' dir='ltr'><strong>Ejusdem</strong></span> <span class='ocrx_word' id='word_1_466' title='bbox 2369 2453 2572 2529; x_wconf 85' lang='lat' dir='ltr'><strong>Moysis</strong></span> <span class='ocrx_word' id='word_1_467' title='bbox 2617 2466 2775 2514; x_wconf 91' lang='lat' dir='ltr'><strong>estet</strong></span> <span class='ocrx_word' id='word_1_468' title='bbox 2804 2459 2895 2514; x_wconf 91' lang='lat' dir='ltr'><strong>hic</strong></span> <span class='ocrx_word' id='word_1_469' title='bbox 2920 2458 3284 2515; x_wconf 88' lang='lat' dir='ltr'><strong>Numerorum</strong></span> <span class='ocrx_word' id='word_1_470' title='bbox 3311 2459 3472 2516; x_wconf 89' lang='lat' dir='ltr'><strong>liber.</strong></span> 
     </span>
    </p>
   </div>
   <div class='ocr_carea' id='block_1_65' title="bbox 1904 2540 3476 2621">
    <p class='ocr_par' dir='ltr' id='par_1_65' title="bbox 1904 2540 3476 2621">
     <span class='ocr_line' id='line_1_65' title="bbox 1904 2540 3476 2621; baseline 0.005 -25"><span class='ocrx_word' id='word_1_471' title='bbox 1904 2540 2148 2599; x_wconf 79' lang='lat' dir='ltr'><strong>Vocatur</strong></span> <span class='ocrx_word' id='word_1_472' title='bbox 2169 2553 2349 2601; x_wconf 89' lang='lat' dir='ltr'><strong>autem</strong></span> <span class='ocrx_word' id='word_1_473' title='bbox 2383 2547 2485 2602; x_wconf 90' lang='lat' dir='ltr'><strong>hoc</strong></span> <span class='ocrx_word' id='word_1_474' title='bbox 2508 2548 2750 2613; x_wconf 89' lang='lat' dir='ltr'><strong>nomine,</strong></span> <span class='ocrx_word' id='word_1_475' title='bbox 2773 2549 2901 2619; x_wconf 85' lang='lat' dir='ltr'><strong>quia</strong></span> <span class='ocrx_word' id='word_1_476' title='bbox 2920 2550 2975 2602; x_wconf 92' lang='lat' dir='ltr'><strong>in</strong></span> <span class='ocrx_word' id='word_1_477' title='bbox 3003 2564 3069 2605; x_wconf 89' lang='lat' dir='ltr'><strong>eo</strong></span> <span class='ocrx_word' id='word_1_478' title='bbox 3092 2549 3258 2605; x_wconf 86' lang='lat' dir='ltr'><strong>totius</strong></span> <span class='ocrx_word' id='word_1_479' title='bbox 3289 2550 3476 2621; x_wconf 89' lang='lat' dir='ltr'><strong>populi</strong></span> 
     </span>
    </p>
   </div>
   <div class='ocr_carea' id='block_1_66' title="bbox 1903 2638 3478 2710">
    <p class='ocr_par' dir='ltr' id='par_1_66' title="bbox 1903 2638 3478 2710">
     <span class='ocr_line' id='line_1_66' title="bbox 1903 2638 3478 2710; baseline 0.005 -23"><span class='ocrx_word' id='word_1_480' title='bbox 1903 2649 2168 2690; x_wconf 72' lang='lat' dir='ltr'><strong>numerus</strong></span> <span class='ocrx_word' id='word_1_481' title='bbox 2199 2638 2542 2703; x_wconf 86' lang='lat' dir='ltr'><strong>continetur,</strong></span> <span class='ocrx_word' id='word_1_482' title='bbox 2574 2640 2846 2695; x_wconf 86' lang='lat' dir='ltr'><strong>recensita</strong></span> <span class='ocrx_word' id='word_1_483' title='bbox 2875 2640 3035 2710; x_wconf 88' lang='lat' dir='ltr'><strong>jussu</strong></span> <span class='ocrx_word' id='word_1_484' title='bbox 3075 2639 3292 2697; x_wconf 90' lang='lat' dir='ltr'><strong>Domini</strong></span> <span class='ocrx_word' id='word_1_485' title='bbox 3337 2656 3478 2696; x_wconf 87' lang='lat' dir='ltr'><strong>una-</strong></span> 
     </span>
    </p>
   </div>
   <div class='ocr_carea' id='block_1_67' title="bbox 1903 2725 3477 2805">
    <p class='ocr_par' dir='ltr' id='par_1_67' title="bbox 1903 2725 3477 2805">
     <span class='ocr_line' id='line_1_67' title="bbox 1903 2725 3477 2805; baseline 0.005 -24"><span class='ocrx_word' id='word_1_486' title='bbox 1903 2743 2120 2798; x_wconf 90' lang='lat' dir='ltr'><strong>quaque</strong></span> <span class='ocrx_word' id='word_1_487' title='bbox 2155 2725 2467 2785; x_wconf 82' lang='lat' dir='ltr'><strong>Judaeorum</strong></span> <span class='ocrx_word' id='word_1_488' title='bbox 2489 2731 2656 2786; x_wconf 91' lang='lat' dir='ltr'><strong>tribu.</strong></span> <span class='ocrx_word' id='word_1_489' title='bbox 2683 2731 3013 2790; x_wconf 89' lang='lat' dir='ltr'><strong>Numeratus</strong></span> <span class='ocrx_word' id='word_1_490' title='bbox 3034 2742 3118 2790; x_wconf 90' lang='lat' dir='ltr'><strong>est</strong></span> <span class='ocrx_word' id='word_1_491' title='bbox 3143 2749 3272 2790; x_wconf 89' lang='lat' dir='ltr'><strong>vero</strong></span> <span class='ocrx_word' id='word_1_492' title='bbox 3303 2750 3477 2805; x_wconf 90' lang='lat' dir='ltr'><strong>popu-</strong></span> 
     </span>
    </p>
   </div>
   <div class='ocr_carea' id='block_1_68' title="bbox 1902 2818 3476 2896">
    <p class='ocr_par' dir='ltr' id='par_1_68' title="bbox 1902 2818 3476 2896">
     <span class='ocr_line' id='line_1_68' title="bbox 1902 2818 3476 2896; baseline 0.004 -24"><span class='ocrx_word' id='word_1_493' title='bbox 1902 2818 1990 2873; x_wconf 92' lang='lat' dir='ltr'><strong>lus</strong></span> <span class='ocrx_word' id='word_1_494' title='bbox 2029 2834 2062 2874; x_wconf 91' lang='lat' dir='ltr'><strong>a</strong></span> <span class='ocrx_word' id='word_1_495' title='bbox 2099 2819 2366 2876; x_wconf 86' lang='lat' dir='ltr'><strong>vicesimo</strong></span> <span class='ocrx_word' id='word_1_496' title='bbox 2417 2837 2562 2878; x_wconf 89' lang='lat' dir='ltr'><strong>anno</strong></span> <span class='ocrx_word' id='word_1_497' title='bbox 2593 2830 2646 2877; x_wconf 91' lang='lat' dir='ltr'><strong>et</strong></span> <span class='ocrx_word' id='word_1_498' title='bbox 2686 2838 2875 2894; x_wconf 89' lang='lat' dir='ltr'><strong>supra,</strong></span> <span class='ocrx_word' id='word_1_499' title='bbox 2911 2825 3143 2896; x_wconf 91' lang='lat' dir='ltr'><strong>quisque</strong></span> <span class='ocrx_word' id='word_1_500' title='bbox 3193 2827 3278 2879; x_wconf 90' lang='lat' dir='ltr'><strong>vir</strong></span> <span class='ocrx_word' id='word_1_501' title='bbox 3332 2825 3476 2880; x_wconf 90' lang='lat' dir='ltr'><strong>bello</strong></span> 
     </span>
    </p>
   </div>
   <div class='ocr_carea' id='block_1_69' title="bbox 1903 2911 3474 2984">
    <p class='ocr_par' dir='ltr' id='par_1_69' title="bbox 1903 2911 3474 2984">
     <span class='ocr_line' id='line_1_69' title="bbox 1903 2911 3474 2984; baseline 0.002 -19"><span class='ocrx_word' id='word_1_502' title='bbox 1903 2918 2087 2981; x_wconf 91' lang='lat' dir='ltr'><strong>aptus,</strong></span> <span class='ocrx_word' id='word_1_503' title='bbox 2118 2911 2326 2982; x_wconf 87' lang='lat' dir='ltr'><strong>absque</strong></span> <span class='ocrx_word' id='word_1_504' title='bbox 2371 2913 2520 2968; x_wconf 89' lang='lat' dir='ltr'><strong>tribu</strong></span> <span class='ocrx_word' id='word_1_505' title='bbox 2567 2911 2696 2968; x_wconf 85' lang='lat' dir='ltr'><strong>Levi</strong></span> <span class='ocrx_word' id='word_1_506' title='bbox 2731 2929 2747 2968; x_wconf 86' lang='lat'><strong>:</strong></span> <span class='ocrx_word' id='word_1_507' title='bbox 2793 2913 2885 2967; x_wconf 88' lang='lat' dir='ltr'><strong>illa</strong></span> <span class='ocrx_word' id='word_1_508' title='bbox 2914 2929 3151 2984; x_wconf 88' lang='lat' dir='ltr'><strong>namque</strong></span> <span class='ocrx_word' id='word_1_509' title='bbox 3181 2915 3474 2984; x_wconf 75' lang='lat' dir='ltr'><strong>separatim</strong></span> 
     </span>
    </p>
   </div>
   <div class='ocr_carea' id='block_1_70' title="bbox 1901 3001 3475 3074">
    <p class='ocr_par' dir='ltr' id='par_1_70' title="bbox 1901 3001 3475 3074">
     <span class='ocr_line' id='line_1_70' title="bbox 1901 3001 3475 3074; baseline 0.002 -18"><span class='ocrx_word' id='word_1_510' title='bbox 1901 3010 2190 3057; x_wconf 91' lang='lat' dir='ltr'><strong>numerata</strong></span> <span class='ocrx_word' id='word_1_511' title='bbox 2219 3010 2323 3058; x_wconf 92' lang='lat' dir='ltr'><strong>est.</strong></span> <span class='ocrx_word' id='word_1_512' title='bbox 2351 3001 2419 3056; x_wconf 85' lang='lat' dir='ltr'><strong>Et</strong></span> <span class='ocrx_word' id='word_1_513' title='bbox 2453 3003 2708 3060; x_wconf 89' lang='lat' dir='ltr'><strong>inventus</strong></span> <span class='ocrx_word' id='word_1_514' title='bbox 2734 3012 2819 3060; x_wconf 92' lang='lat' dir='ltr'><strong>est</strong></span> <span class='ocrx_word' id='word_1_515' title='bbox 2860 3020 3124 3061; x_wconf 89' lang='lat' dir='ltr'><strong>numerus</strong></span> <span class='ocrx_word' id='word_1_516' title='bbox 3143 3019 3352 3068; x_wconf 88' lang='lat' dir='ltr'><strong>eorum,</strong></span> <span class='ocrx_word' id='word_1_517' title='bbox 3379 3004 3475 3074; x_wconf 89' lang='lat' dir='ltr'><strong>qui</strong></span> 
     </span>
    </p>
   </div>
   <div class='ocr_carea' id='block_1_71' title="bbox 1902 3093 3476 3166">
    <p class='ocr_par' dir='ltr' id='par_1_71' title="bbox 1902 3093 3476 3166">
     <span class='ocr_line' id='line_1_71' title="bbox 1902 3093 3476 3166; baseline 0.001 -20"><span class='ocrx_word' id='word_1_518' title='bbox 1902 3093 2162 3148; x_wconf 88' lang='lat' dir='ltr'><strong>recensiti</strong></span> <span class='ocrx_word' id='word_1_519' title='bbox 2210 3099 2359 3159; x_wconf 89' lang='lat' dir='ltr'><strong>sunt,</strong></span> <span class='ocrx_word' id='word_1_520' title='bbox 2399 3101 2660 3148; x_wconf 83' lang='lat' dir='ltr'><strong>sexcenta</strong></span> <span class='ocrx_word' id='word_1_521' title='bbox 2717 3095 2823 3149; x_wconf 88' lang='lat' dir='ltr'><strong>tria</strong></span> <span class='ocrx_word' id='word_1_522' title='bbox 2879 3095 3048 3150; x_wconf 90' lang='lat' dir='ltr'><strong>millia</strong></span> <span class='ocrx_word' id='word_1_523' title='bbox 3085 3095 3389 3166; x_wconf 81' lang='lat' dir='ltr'><strong>quingenti,</strong></span> <span class='ocrx_word' id='word_1_524' title='bbox 3421 3102 3476 3149; x_wconf 89' lang='lat' dir='ltr'><strong>et</strong></span> 
     </span>
    </p>
   </div>
   <div class='ocr_carea' id='block_1_72' title="bbox 1906 3179 3471 3256">
    <p class='ocr_par' dir='ltr' id='par_1_72' title="bbox 1906 3179 3471 3256">
     <span class='ocr_line' id='line_1_72' title="bbox 1906 3179 3471 3256; baseline 0.002 -21"><span class='ocrx_word' id='word_1_525' title='bbox 1906 3183 2322 3252; x_wconf 79' lang='lat' dir='ltr'><strong>quinquaginta.</strong></span> <span class='ocrx_word' id='word_1_526' title='bbox 2377 3179 2482 3250; x_wconf 85' lang='lat' dir='ltr'><strong>Qui</strong></span> <span class='ocrx_word' id='word_1_527' title='bbox 2520 3199 2649 3240; x_wconf 90' lang='lat' dir='ltr'><strong>vero</strong></span> <span class='ocrx_word' id='word_1_528' title='bbox 2696 3185 2960 3256; x_wconf 80' lang='lat' dir='ltr'><strong>papulum</strong></span> <span class='ocrx_word' id='word_1_529' title='bbox 3023 3193 3471 3250; x_wconf 88' lang='lat' dir='ltr'><strong>numeraverunt,</strong></span> 
     </span>
    </p>
   </div>
   <div class='ocr_carea' id='block_1_73' title="bbox 1905 3273 3474 3348">
    <p class='ocr_par' dir='ltr' id='par_1_73' title="bbox 1905 3273 3474 3348">
     <span class='ocr_line' id='line_1_73' title="bbox 1905 3273 3474 3348; baseline 0.003 -18"><span class='ocrx_word' id='word_1_530' title='bbox 1905 3283 2062 3330; x_wconf 87' lang='lat' dir='ltr'><strong>erant</strong></span> <span class='ocrx_word' id='word_1_531' title='bbox 2091 3273 2306 3347; x_wconf 84' lang='lat' dir='ltr'><strong>Moyses</strong></span> <span class='ocrx_word' id='word_1_532' title='bbox 2332 3282 2387 3331; x_wconf 89' lang='lat' dir='ltr'><strong>et</strong></span> <span class='ocrx_word' id='word_1_533' title='bbox 2415 3276 2621 3341; x_wconf 85' lang='lat' dir='ltr'><strong>Aaron,</strong></span> <span class='ocrx_word' id='word_1_534' title='bbox 2645 3285 2700 3332; x_wconf 90' lang='lat' dir='ltr'><strong>et</strong></span> <span class='ocrx_word' id='word_1_535' title='bbox 2721 3278 2982 3333; x_wconf 80' lang='lat' dir='ltr'><strong>cum.illis</strong></span> <span class='ocrx_word' id='word_1_536' title='bbox 3001 3279 3267 3348; x_wconf 86' lang='lat' dir='ltr'><strong>cujusque</strong></span> <span class='ocrx_word' id='word_1_537' title='bbox 3298 3277 3474 3334; x_wconf 88' lang='lat' dir='ltr'><strong>tribus</strong></span> 
     </span>
    </p>
   </div>
   <div class='ocr_carea' id='block_1_74' title="bbox 1903 3365 3474 3438">
    <p class='ocr_par' dir='ltr' id='par_1_74' title="bbox 1903 3365 3474 3438">
     <span class='ocr_line' id='line_1_74' title="bbox 1903 3365 3474 3438; baseline 0.005 -20"><span class='ocrx_word' id='word_1_538' title='bbox 1903 3365 2180 3436; x_wconf 88' lang='lat' dir='ltr'><strong>princeps.</strong></span> <span class='ocrx_word' id='word_1_539' title='bbox 2233 3365 2300 3419; x_wconf 83' lang='lat' dir='ltr'><strong>Et</strong></span> <span class='ocrx_word' id='word_1_540' title='bbox 2344 3366 2568 3420; x_wconf 89' lang='lat' dir='ltr'><strong>nomina</strong></span> <span class='ocrx_word' id='word_1_541' title='bbox 2597 3367 2906 3438; x_wconf 83' lang='lat' dir='ltr'><strong>principum</strong></span> <span class='ocrx_word' id='word_1_542' title='bbox 2945 3378 3104 3424; x_wconf 88' lang='lat' dir='ltr'><strong>erant</strong></span> <span class='ocrx_word' id='word_1_543' title='bbox 3136 3368 3266 3436; x_wconf 89' lang='lat' dir='ltr'><strong>ista,</strong></span> <span class='ocrx_word' id='word_1_544' title='bbox 3301 3378 3354 3425; x_wconf 89' lang='lat' dir='ltr'><strong>et</strong></span> <span class='ocrx_word' id='word_1_545' title='bbox 3385 3368 3474 3426; x_wconf 88' lang='lat' dir='ltr'><strong>hic</strong></span> 
     </span>
    </p>
   </div>
   <div class='ocr_carea' id='block_1_75' title="bbox 1903 3455 2436 3512">
    <p class='ocr_par' dir='ltr' id='par_1_75' title="bbox 1903 3455 2436 3512">
     <span class='ocr_line' id='line_1_75' title="bbox 1903 3455 2436 3512; baseline 0.006 -3"><span class='ocrx_word' id='word_1_546' title='bbox 1903 3455 2121 3510; x_wconf 87' lang='lat' dir='ltr'><strong>illorum</strong></span> <span class='ocrx_word' id='word_1_547' title='bbox 2152 3472 2436 3512; x_wconf 91' lang='lat' dir='ltr'><strong>numerus.</strong></span> 
     </span>
    </p>
   </div>
   <div class='ocr_carea' id='block_1_76' title="bbox 1975 3545 3472 3620">
    <p class='ocr_par' dir='ltr' id='par_1_76' title="bbox 1975 3545 3472 3620">
     <span class='ocr_line' id='line_1_76' title="bbox 1975 3545 3472 3620; baseline 0.003 -21"><span class='ocrx_word' id='word_1_548' title='bbox 1975 3545 2052 3601; x_wconf 90' lang='lat' dir='ltr'><strong>De</strong></span> <span class='ocrx_word' id='word_1_549' title='bbox 2083 3546 2208 3601; x_wconf 91' lang='lat' dir='ltr'><strong>ﬁliis</strong></span> <span class='ocrx_word' id='word_1_550' title='bbox 2227 3545 2389 3610; x_wconf 84' lang='lat' dir='ltr'><strong>Juda,</strong></span> <span class='ocrx_word' id='word_1_551' title='bbox 2427 3545 2677 3603; x_wconf 82' lang='lat' dir='ltr'><strong>Naasson</strong></span> <span class='ocrx_word' id='word_1_552' title='bbox 2702 3548 2847 3604; x_wconf 91' lang='lat' dir='ltr'><strong>ﬁlius</strong></span> <span class='ocrx_word' id='word_1_553' title='bbox 2868 3547 3174 3606; x_wconf 84' lang='lat' dir='ltr'><strong>Aminadab</strong></span> <span class='ocrx_word' id='word_1_554' title='bbox 3200 3567 3215 3618; x_wconf 87' lang='lat'><strong>;</strong></span> <span class='ocrx_word' id='word_1_555' title='bbox 3238 3565 3472 3620; x_wconf 85' lang='lat' dir='ltr'><strong>quorum</strong></span> 
     </span>
    </p>
   </div>
   <div class='ocr_carea' id='block_1_77' title="bbox 1904 3641 3466 3711">
    <p class='ocr_par' dir='ltr' id='par_1_77' title="bbox 1904 3641 3466 3711">
     <span class='ocr_line' id='line_1_77' title="bbox 1904 3641 3466 3711; baseline 0.003 -17"><span class='ocrx_word' id='word_1_556' title='bbox 1904 3654 2166 3694; x_wconf 87' lang='lat' dir='ltr'><strong>numerus</strong></span> <span class='ocrx_word' id='word_1_557' title='bbox 2195 3646 2310 3694; x_wconf 85' lang='lat' dir='ltr'><strong>erat</strong></span> <span class='ocrx_word' id='word_1_558' title='bbox 2336 3641 2684 3711; x_wconf 80' lang='lat' dir='ltr'><strong>septuaginta</strong></span> <span class='ocrx_word' id='word_1_559' title='bbox 2713 3650 2953 3710; x_wconf 84' lang='lat' dir='ltr'><strong>quatuor</strong></span> <span class='ocrx_word' id='word_1_560' title='bbox 2989 3643 3162 3696; x_wconf 88' lang='lat' dir='ltr'><strong>millia</strong></span> <span class='ocrx_word' id='word_1_561' title='bbox 3199 3645 3466 3700; x_wconf 81' lang='lat' dir='ltr'><strong>sexcenti.</strong></span> 
     </span>
    </p>
   </div>
   <div class='ocr_carea' id='block_1_78' title="bbox 1974 3728 3472 3804">
    <p class='ocr_par' dir='ltr' id='par_1_78' title="bbox 1974 3728 3472 3804">
     <span class='ocr_line' id='line_1_78' title="bbox 1974 3728 3472 3804; baseline 0.005 -21"><span class='ocrx_word' id='word_1_562' title='bbox 1974 3728 2050 3785; x_wconf 89' lang='lat' dir='ltr'><strong>De</strong></span> <span class='ocrx_word' id='word_1_563' title='bbox 2071 3729 2196 3785; x_wconf 83' lang='lat' dir='ltr'><strong>ﬁliis</strong></span> <span class='ocrx_word' id='word_1_564' title='bbox 2228 3729 2441 3797; x_wconf 83' lang='lat' dir='ltr'><strong>Ruben,</strong></span> <span class='ocrx_word' id='word_1_565' title='bbox 2471 3731 2653 3787; x_wconf 86' lang='lat' dir='ltr'><strong>Elisur</strong></span> <span class='ocrx_word' id='word_1_566' title='bbox 2673 3733 2818 3788; x_wconf 89' lang='lat' dir='ltr'><strong>ﬁlius</strong></span> <span class='ocrx_word' id='word_1_567' title='bbox 2846 3733 3074 3799; x_wconf 89' lang='lat' dir='ltr'><strong>Sediur;</strong></span> <span class='ocrx_word' id='word_1_568' title='bbox 3106 3749 3338 3804; x_wconf 89' lang='lat' dir='ltr'><strong>quorum</strong></span> <span class='ocrx_word' id='word_1_569' title='bbox 3368 3751 3472 3790; x_wconf 90' lang='lat' dir='ltr'><strong>nu-</strong></span> 
     </span>
    </p>
   </div>
   <div class='ocr_carea' id='block_1_79' title="bbox 1903 3819 3291 3894">
    <p class='ocr_par' dir='ltr' id='par_1_79' title="bbox 1903 3819 3291 3894">
     <span class='ocr_line' id='line_1_79' title="bbox 1903 3819 3291 3894; baseline 0.002 -20"><span class='ocrx_word' id='word_1_570' title='bbox 1903 3835 2089 3876; x_wconf 88' lang='lat' dir='ltr'><strong>merus</strong></span> <span class='ocrx_word' id='word_1_571' title='bbox 2119 3826 2236 3874; x_wconf 91' lang='lat' dir='ltr'><strong>erat</strong></span> <span class='ocrx_word' id='word_1_572' title='bbox 2266 3819 2628 3891; x_wconf 82' lang='lat' dir='ltr'><strong>quadraginta</strong></span> <span class='ocrx_word' id='word_1_573' title='bbox 2664 3835 2760 3876; x_wconf 80' lang='lat' dir='ltr'><strong>sex</strong></span> <span class='ocrx_word' id='word_1_574' title='bbox 2789 3822 2958 3875; x_wconf 91' lang='lat' dir='ltr'><strong>millia</strong></span> <span class='ocrx_word' id='word_1_575' title='bbox 2988 3822 3291 3894; x_wconf 80' lang='lat' dir='ltr'><strong>quingenti.</strong></span> 
     </span>
    </p>
   </div>
   <div class='ocr_carea' id='block_1_80' title="bbox 1973 3910 3469 3986">
    <p class='ocr_par' dir='ltr' id='par_1_80' title="bbox 1973 3910 3469 3986">
     <span class='ocr_line' id='line_1_80' title="bbox 1973 3910 3469 3986; baseline 0.005 -21"><span class='ocrx_word' id='word_1_576' title='bbox 1973 3910 2048 3967; x_wconf 89' lang='lat' dir='ltr'><strong>De</strong></span> <span class='ocrx_word' id='word_1_577' title='bbox 2072 3911 2198 3966; x_wconf 86' lang='lat' dir='ltr'><strong>ﬁliis</strong></span> <span class='ocrx_word' id='word_1_578' title='bbox 2221 3910 2446 3966; x_wconf 89' lang='lat' dir='ltr'><strong>Simeon</strong></span> <span class='ocrx_word' id='word_1_579' title='bbox 2469 3948 2488 3982; x_wconf 82' lang='lat'><strong>,</strong></span> <span class='ocrx_word' id='word_1_580' title='bbox 2521 3910 2778 3968; x_wconf 89' lang='lat' dir='ltr'><strong>Salamiel</strong></span> <span class='ocrx_word' id='word_1_581' title='bbox 2809 3913 2954 3969; x_wconf 91' lang='lat' dir='ltr'><strong>ﬁlius</strong></span> <span class='ocrx_word' id='word_1_582' title='bbox 2981 3912 3297 3982; x_wconf 88' lang='lat' dir='ltr'><strong>Surisadai;</strong></span> <span class='ocrx_word' id='word_1_583' title='bbox 3328 3931 3469 3986; x_wconf 87' lang='lat' dir='ltr'><strong>quo-</strong></span> 
     </span>
    </p>
   </div>
   <div class='ocr_carea' id='block_1_81' title="bbox 1901 4006 3472 4078">
    <p class='ocr_par' dir='ltr' id='par_1_81' title="bbox 1901 4006 3472 4078">
     <span class='ocr_line' id='line_1_81' title="bbox 1901 4006 3472 4078; baseline 0.004 -19"><span class='ocrx_word' id='word_1_584' title='bbox 1901 4019 2024 4059; x_wconf 92' lang='lat' dir='ltr'><strong>rum</strong></span> <span class='ocrx_word' id='word_1_585' title='bbox 2061 4019 2325 4060; x_wconf 88' lang='lat' dir='ltr'><strong>numerus</strong></span> <span class='ocrx_word' id='word_1_586' title='bbox 2353 4011 2472 4060; x_wconf 89' lang='lat' dir='ltr'><strong>erat</strong></span> <span class='ocrx_word' id='word_1_587' title='bbox 2503 4006 2849 4077; x_wconf 78' lang='lat' dir='ltr'><strong>septuaginta</strong></span> <span class='ocrx_word' id='word_1_588' title='bbox 2889 4015 3126 4078; x_wconf 89' lang='lat' dir='ltr'><strong>quatuor</strong></span> <span class='ocrx_word' id='word_1_589' title='bbox 3149 4009 3320 4064; x_wconf 88' lang='lat' dir='ltr'><strong>millia</strong></span> <span class='ocrx_word' id='word_1_590' title='bbox 3346 4026 3472 4068; x_wconf 79' lang='lat' dir='ltr'><strong>sex-</strong></span> 
     </span>
    </p>
   </div>
   <div class='ocr_carea' id='block_1_82' title="bbox 1902 4095 2068 4150">
    <p class='ocr_par' dir='ltr' id='par_1_82' title="bbox 1902 4095 2068 4150">
     <span class='ocr_line' id='line_1_82' title="bbox 1902 4095 2068 4150; baseline 0 0"><span class='ocrx_word' id='word_1_591' title='bbox 1902 4095 2068 4150; x_wconf 88' lang='lat' dir='ltr'><strong>centi.</strong></span> 
     </span>
    </p>
   </div>
   <div class='ocr_carea' id='block_1_83' title="bbox 1973 4185 3470 4268">
    <p class='ocr_par' dir='ltr' id='par_1_83' title="bbox 1973 4185 3470 4268">
     <span class='ocr_line' id='line_1_83' title="bbox 1973 4185 3470 4268; baseline 0.006 -28"><span class='ocrx_word' id='word_1_592' title='bbox 1973 4185 2047 4242; x_wconf 88' lang='lat' dir='ltr'><strong>De</strong></span> <span class='ocrx_word' id='word_1_593' title='bbox 2078 4185 2202 4242; x_wconf 88' lang='lat' dir='ltr'><strong>ﬁliis</strong></span> <span class='ocrx_word' id='word_1_594' title='bbox 2233 4185 2476 4268; x_wconf 80' lang='lat' dir='ltr'><strong>[sachar,</strong></span> <span class='ocrx_word' id='word_1_595' title='bbox 2495 4187 2799 4245; x_wconf 87' lang='lat' dir='ltr'><strong>Nathanael</strong></span> <span class='ocrx_word' id='word_1_596' title='bbox 2826 4189 2970 4247; x_wconf 89' lang='lat' dir='ltr'><strong>ﬁlius</strong></span> <span class='ocrx_word' id='word_1_597' title='bbox 3001 4189 3207 4262; x_wconf 85' lang='lat' dir='ltr'><strong>Sogar;</strong></span> <span class='ocrx_word' id='word_1_598' title='bbox 3236 4207 3470 4262; x_wconf 91' lang='lat' dir='ltr'><strong>quorum</strong></span> 
     </span>
    </p>
   </div>
   <div class='ocr_carea' id='block_1_84' title="bbox 1900 4270 3471 4354">
    <p class='ocr_par' dir='ltr' id='par_1_84' title="bbox 1900 4270 3471 4354">
     <span class='ocr_line' id='line_1_84' title="bbox 1900 4270 3471 4354; baseline 0.005 -21"><span class='ocrx_word' id='word_1_599' title='bbox 1900 4295 2162 4336; x_wconf 85' lang='lat' dir='ltr'><strong>numerus</strong></span> <span class='ocrx_word' id='word_1_600' title='bbox 2182 4289 2300 4336; x_wconf 89' lang='lat' dir='ltr'><strong>erat</strong></span> <span class='ocrx_word' id='word_1_601' title='bbox 2333 4270 2734 4354; x_wconf 69' lang='lat' dir='ltr'><strong>qpinquaginta</strong></span> <span class='ocrx_word' id='word_1_602' title='bbox 2751 4292 2988 4353; x_wconf 88' lang='lat' dir='ltr'><strong>quatuor</strong></span> <span class='ocrx_word' id='word_1_603' title='bbox 3015 4285 3186 4338; x_wconf 87' lang='lat' dir='ltr'><strong>millia</strong></span> <span class='ocrx_word' id='word_1_604' title='bbox 3207 4285 3471 4341; x_wconf 87' lang='lat' dir='ltr'><strong>uuadrin-</strong></span> 
     </span>
    </p>
   </div>
   <div class='ocr_carea' id='block_1_85' title="bbox 1899 4373 2066 4443">
    <p class='ocr_par' dir='ltr' id='par_1_85' title="bbox 1899 4373 2066 4443">
     <span class='ocr_line' id='line_1_85' title="bbox 1899 4373 2066 4443; baseline -0.012 -15"><span class='ocrx_word' id='word_1_605' title='bbox 1899 4373 2066 4443; x_wconf 79' lang='lat' dir='ltr'><strong>genti.</strong></span> 
     </span>
    </p>
   </div>
   <div class='ocr_carea' id='block_1_86' title="bbox 290 4463 1807 4543">
    <p class='ocr_par' dir='ltr' id='par_1_86' title="bbox 290 4467 1800 4543">
     <span class='ocr_line' id='line_1_86' title="bbox 290 4467 1800 4543; baseline 0.003 -21"><span class='ocrx_word' id='word_1_606' title='bbox 290 4469 415 4523; x_wconf 83' lang='grc' dir='ltr'><strong>Τῶν</strong></span> <span class='ocrx_word' id='word_1_607' title='bbox 469 4469 758 4526; x_wconf 76' lang='grc' dir='ltr'>Ζαϐουλῶν</span> <span class='ocrx_word' id='word_1_608' title='bbox 819 4467 1003 4522; x_wconf 80' lang='grc' dir='ltr'>Ἐλιάϐ</span> <span class='ocrx_word' id='word_1_609' title='bbox 1031 4509 1046 4534; x_wconf 90' lang='grc'><strong>,</strong></span> <span class='ocrx_word' id='word_1_610' title='bbox 1091 4469 1205 4534; x_wconf 82' lang='grc' dir='ltr'>υἱὸς</span> <span class='ocrx_word' id='word_1_611' title='bbox 1248 4468 1433 4524; x_wconf 85' lang='grc' dir='ltr'>Χελών</span> <span class='ocrx_word' id='word_1_612' title='bbox 1456 4487 1471 4502; x_wconf 86' lang='grc'><strong>·</strong></span> <span class='ocrx_word' id='word_1_613' title='bbox 1515 4471 1611 4526; x_wconf 71' lang='grc' dir='ltr'><strong>καὶ</strong></span> <span class='ocrx_word' id='word_1_614' title='bbox 1651 4467 1720 4543; x_wconf 79' lang='grc' dir='ltr'>ἦν</span> <span class='ocrx_word' id='word_1_615' title='bbox 1771 4474 1800 4526; x_wconf 90' lang='lat'><strong>6</strong></span> 
     </span>
    </p>
   </div>
   <div class='ocr_carea' id='block_1_87' title="bbox 1905 4463 3473 4543">
    <p class='ocr_par' dir='ltr' id='par_1_87' title="bbox 1975 4463 3473 4540">
     <span class='ocr_line' id='line_1_87' title="bbox 1975 4463 3473 4540; baseline 0.004 -22"><span class='ocrx_word' id='word_1_616' title='bbox 1975 4465 2052 4521; x_wconf 90' lang='lat' dir='ltr'><strong>De</strong></span> <span class='ocrx_word' id='word_1_617' title='bbox 2091 4465 2217 4521; x_wconf 90' lang='lat' dir='ltr'><strong>ﬁliis</strong></span> <span class='ocrx_word' id='word_1_618' title='bbox 2271 4464 2537 4531; x_wconf 84' lang='lat' dir='ltr'><strong>Zabulon,</strong></span> <span class='ocrx_word' id='word_1_619' title='bbox 2569 4463 2728 4520; x_wconf 89' lang='lat' dir='ltr'><strong>Eliab</strong></span> <span class='ocrx_word' id='word_1_620' title='bbox 2771 4465 2918 4522; x_wconf 88' lang='lat' dir='ltr'><strong>ﬁlius</strong></span> <span class='ocrx_word' id='word_1_621' title='bbox 2969 4466 3208 4536; x_wconf 85' lang='lat' dir='ltr'><strong>Chelon;</strong></span> <span class='ocrx_word' id='word_1_622' title='bbox 3239 4483 3473 4540; x_wconf 88' lang='lat' dir='ltr'><strong>quorum</strong></span> 
     </span>
    </p>
   </div>
   <div class='ocr_carea' id='block_1_88' title="bbox 226 4559 1434 4633">
    <p class='ocr_par' dir='ltr' id='par_1_88' title="bbox 226 4559 1434 4633">
     <span class='ocr_line' id='line_1_88' title="bbox 226 4559 1434 4633; baseline 0.003 -21"><span class='ocrx_word' id='word_1_623' title='bbox 226 4560 454 4633; x_wconf 78' lang='grc' dir='ltr'>ἀριθμὸς</span> <span class='ocrx_word' id='word_1_624' title='bbox 488 4561 669 4617; x_wconf 77' lang='grc' dir='ltr'>αὐτῶν</span> <span class='ocrx_word' id='word_1_625' title='bbox 699 4559 940 4632; x_wconf 83' lang='grc' dir='ltr'>χιλιάδες</span> <span class='ocrx_word' id='word_1_626' title='bbox 972 4559 1046 4624; x_wconf 58' lang='grc' dir='ltr'>νς</span> <span class='ocrx_word' id='word_1_627' title='bbox 1071 4561 1434 4633; x_wconf 89' lang='grc' dir='ltr'>τετρακόσιοι.</span> 
     </span>
    </p>
   </div>
   <div class='ocr_carea' id='block_1_89' title="bbox 289 4737 1802 4814">
    <p class='ocr_par' dir='ltr' id='par_1_89' title="bbox 289 4737 1802 4814">
     <span class='ocr_line' id='line_1_89' title="bbox 289 4737 1802 4814; baseline 0.004 -23"><span class='ocrx_word' id='word_1_628' title='bbox 289 4739 414 4792; x_wconf 86' lang='grc' dir='ltr'><strong>Τῶν</strong></span> <span class='ocrx_word' id='word_1_629' title='bbox 441 4740 576 4794; x_wconf 88' lang='grc' dir='ltr'>υἱῶν</span> <span class='ocrx_word' id='word_1_630' title='bbox 629 4739 854 4812; x_wconf 80' lang='grc' dir='ltr'>Ἰωσὴφ,</span> <span class='ocrx_word' id='word_1_631' title='bbox 904 4737 1012 4792; x_wconf 87' lang='grc' dir='ltr'><strong>τῶν</strong></span> <span class='ocrx_word' id='word_1_632' title='bbox 1063 4739 1320 4812; x_wconf 74' lang='grc' dir='ltr'>Ἐφραὶμ,</span> <span class='ocrx_word' id='word_1_633' title='bbox 1377 4741 1643 4814; x_wconf 79' lang='grc' dir='ltr'>Ἐλισαμὰ</span> <span class='ocrx_word' id='word_1_634' title='bbox 1688 4745 1802 4809; x_wconf 73' lang='grc' dir='ltr'>υἱὸς</span> 
     </span>
    </p>
   </div>
   <div class='ocr_carea' id='block_1_90' title="bbox 236 4828 1804 4905">
    <p class='ocr_par' dir='ltr' id='par_1_90' title="bbox 236 4828 1804 4905">
     <span class='ocr_line' id='line_1_90' title="bbox 236 4828 1804 4905; baseline 0.004 -23"><span class='ocrx_word' id='word_1_635' title='bbox 236 4828 486 4900; x_wconf 71' lang='grc' dir='ltr'>Ἐμιοὺδ·</span> <span class='ocrx_word' id='word_1_636' title='bbox 525 4835 618 4887; x_wconf 75' lang='grc' dir='ltr'>καὶ</span> <span class='ocrx_word' id='word_1_637' title='bbox 647 4830 717 4905; x_wconf 78' lang='grc' dir='ltr'>ἦν</span> <span class='ocrx_word' id='word_1_638' title='bbox 755 4835 785 4887; x_wconf 90' lang='lat'><strong>6</strong></span> <span class='ocrx_word' id='word_1_639' title='bbox 824 4830 1058 4903; x_wconf 81' lang='grc' dir='ltr'>ἀριθμὸς</span> <span class='ocrx_word' id='word_1_640' title='bbox 1087 4832 1264 4887; x_wconf 86' lang='grc' dir='ltr'>αὐτῶν</span> <span class='ocrx_word' id='word_1_641' title='bbox 1305 4832 1541 4903; x_wconf 85' lang='grc' dir='ltr'>χιλιάδες</span> <span class='ocrx_word' id='word_1_642' title='bbox 1583 4835 1670 4905; x_wconf 85' lang='grc' dir='ltr'><strong>μ6’</strong></span> <span class='ocrx_word' id='word_1_643' title='bbox 1711 4838 1804 4889; x_wconf 77' lang='grc' dir='ltr'>καὶ</span> 
     </span>
    </p>
   </div>
   <div class='ocr_carea' id='block_1_91' title="bbox 225 4925 735 4995">
    <p class='ocr_par' dir='ltr' id='par_1_91' title="bbox 225 4925 735 4995">
     <span class='ocr_line' id='line_1_91' title="bbox 225 4925 735 4995; baseline 0.01 -20"><span class='ocrx_word' id='word_1_644' title='bbox 225 4926 569 4980; x_wconf 72' lang='grc' dir='ltr'>τ’-εντακόσιοι</span> <span class='ocrx_word' id='word_1_645' title='bbox 599 4925 735 4995; x_wconf 74' lang='grc'>(82).</span> 
     </span>
    </p>
   </div>
   <div class='ocr_carea' id='block_1_92' title="bbox 291 5013 1800 5090">
    <p class='ocr_par' dir='ltr' id='par_1_92' title="bbox 291 5013 1800 5090">
     <span class='ocr_line' id='line_1_92' title="bbox 291 5013 1800 5090; baseline 0.004 -24"><span class='ocrx_word' id='word_1_646' title='bbox 291 5015 413 5067; x_wconf 85' lang='grc' dir='ltr'><strong>Τῶν</strong></span> <span class='ocrx_word' id='word_1_647' title='bbox 435 5017 710 5086; x_wconf 85' lang='grc' dir='ltr'>Μανασσῆ</span> <span class='ocrx_word' id='word_1_648' title='bbox 738 5013 1046 5086; x_wconf 73' lang='grc' dir='ltr'>Γαμαλιήλ,</span> <span class='ocrx_word' id='word_1_649' title='bbox 1077 5015 1191 5082; x_wconf 79' lang='grc' dir='ltr'>υἱὸς</span> <span class='ocrx_word' id='word_1_650' title='bbox 1219 5015 1532 5090; x_wconf 81' lang='grc' dir='ltr'>Φαδασσούρ</span> <span class='ocrx_word' id='word_1_651' title='bbox 1556 5031 1571 5048; x_wconf 71' lang='grc'><strong>⁸</strong></span> <span class='ocrx_word' id='word_1_652' title='bbox 1606 5018 1700 5072; x_wconf 72' lang='grc' dir='ltr'><strong>καὶ</strong></span> <span class='ocrx_word' id='word_1_653' title='bbox 1733 5013 1800 5090; x_wconf 77' lang='grc' dir='ltr'>ἦν</span> 
     </span>
    </p>
   </div>
   <div class='ocr_carea' id='block_1_93' title="bbox 228 5102 1798 5182">
    <p class='ocr_par' dir='ltr' id='par_1_93' title="bbox 228 5102 1798 5182">
     <span class='ocr_line' id='line_1_93' title="bbox 228 5102 1798 5182; baseline 0.006 -28"><span class='ocrx_word' id='word_1_654' title='bbox 228 5102 256 5154; x_wconf 82' lang='grc' dir='ltr'><strong>ὁ</strong></span> <span class='ocrx_word' id='word_1_655' title='bbox 295 5105 526 5179; x_wconf 55' lang='lat' dir='ltr'><strong>epops,-</strong></span> <span class='ocrx_word' id='word_1_656' title='bbox 552 5107 737 5162; x_wconf 82' lang='grc' dir='ltr'>αὐτῶν</span> <span class='ocrx_word' id='word_1_657' title='bbox 781 5104 1024 5179; x_wconf 85' lang='grc' dir='ltr'>χιλιάδες</span> <span class='ocrx_word' id='word_1_658' title='bbox 1068 5106 1147 5160; x_wconf 82' lang='grc' dir='ltr'><strong>λ6’</strong></span> <span class='ocrx_word' id='word_1_659' title='bbox 1192 5108 1285 5163; x_wconf 73' lang='grc' dir='ltr'>καὶ</span> <span class='ocrx_word' id='word_1_660' title='bbox 1332 5111 1634 5182; x_wconf 87' lang='grc' dir='ltr'>τριακόσιοι</span> <span class='ocrx_word' id='word_1_661' title='bbox 1668 5110 1798 5181; x_wconf 80' lang='grc'>(85).</span> 
     </span>
    </p>
   </div>
   <div class='ocr_carea' id='block_1_94' title="bbox 293 5279 1802 5358">
    <p class='ocr_par' dir='ltr' id='par_1_94' title="bbox 293 5279 1802 5358">
     <span class='ocr_line' id='line_1_94' title="bbox 293 5279 1802 5358; baseline 0.004 -26"><span class='ocrx_word' id='word_1_662' title='bbox 293 5279 415 5335; x_wconf 86' lang='grc' dir='ltr'><strong>Τῶν</strong></span> <span class='ocrx_word' id='word_1_663' title='bbox 443 5285 705 5358; x_wconf 77' lang='grc' dir='ltr'>Βενιαμὶν</span> <span class='ocrx_word' id='word_1_664' title='bbox 752 5281 966 5345; x_wconf 79' lang='grc' dir='ltr'>Ἀὁιδὰ,</span> <span class='ocrx_word' id='word_1_665' title='bbox 997 5280 1112 5346; x_wconf 79' lang='grc' dir='ltr'>υἱὸς</span> <span class='ocrx_word' id='word_1_666' title='bbox 1148 5281 1352 5337; x_wconf 86' lang='grc' dir='ltr'>Γεδεών</span> <span class='ocrx_word' id='word_1_667' title='bbox 1397 5282 1542 5355; x_wconf 71' lang='grc'><strong>(84)·</strong></span> <span class='ocrx_word' id='word_1_668' title='bbox 1591 5285 1686 5340; x_wconf 75' lang='grc' dir='ltr'>καὶ</span> <span class='ocrx_word' id='word_1_669' title='bbox 1733 5279 1802 5356; x_wconf 77' lang='grc' dir='ltr'>ἦν</span> 
     </span>
    </p>
   </div>
   <div class='ocr_carea' id='block_1_95' title="bbox 233 5369 1604 5449">
    <p class='ocr_par' dir='ltr' id='par_1_95' title="bbox 233 5369 1604 5449">
     <span class='ocr_line' id='line_1_95' title="bbox 233 5369 1604 5449; baseline 0.004 -26"><span class='ocrx_word' id='word_1_670' title='bbox 233 5372 255 5422; x_wconf 77' lang='lat'><strong>6</strong></span> <span class='ocrx_word' id='word_1_671' title='bbox 278 5373 499 5449; x_wconf 69' lang='grc' dir='ltr'>ἀριθμὸς</span> <span class='ocrx_word' id='word_1_672' title='bbox 525 5378 713 5434; x_wconf 75' lang='grc' dir='ltr'>αὐτῶν</span> <span class='ocrx_word' id='word_1_673' title='bbox 743 5373 992 5448; x_wconf 80' lang='grc' dir='ltr'>χιλιάδες</span> <span class='ocrx_word' id='word_1_674' title='bbox 1023 5369 1097 5426; x_wconf 82' lang='grc' dir='ltr'>λε’</span> <span class='ocrx_word' id='word_1_675' title='bbox 1125 5373 1219 5427; x_wconf 80' lang='grc' dir='ltr'>καὶ</span> <span class='ocrx_word' id='word_1_676' title='bbox 1242 5375 1604 5446; x_wconf 88' lang='grc' dir='ltr'>τετρακόσιοι.</span> 
     </span>
    </p>
   </div>
   <div class='ocr_carea' id='block_1_96' title="bbox 276 5617 1798 5692">
    <p class='ocr_par' dir='ltr' id='par_1_96' title="bbox 276 5617 1798 5692">
     <span class='ocr_line' id='line_1_96' title="bbox 276 5617 1798 5692; baseline -0.003 -13"><span class='ocrx_word' id='word_1_677' title='bbox 276 5625 386 5692; x_wconf 86' lang='grc'><strong>(80)</strong></span> <span class='ocrx_word' id='word_1_678' title='bbox 419 5627 522 5684; x_wconf 87' lang='lat' dir='ltr'><strong>Hic</strong></span> <span class='ocrx_word' id='word_1_679' title='bbox 559 5627 751 5683; x_wconf 85' lang='lat' dir='ltr'><strong>tribus</strong></span> <span class='ocrx_word' id='word_1_680' title='bbox 783 5619 935 5679; x_wconf 73' lang='lat' dir='ltr'><strong>Iuda</strong></span> <span class='ocrx_word' id='word_1_681' title='bbox 961 5617 1250 5692; x_wconf 71' lang='lat' dir='ltr'><strong>omittitur,</strong></span> <span class='ocrx_word' id='word_1_682' title='bbox 1283 5625 1600 5689; x_wconf 60' lang='lat' dir='ltr'><strong>caeteraeque</strong></span> <span class='ocrx_word' id='word_1_683' title='bbox 1620 5617 1798 5675; x_wconf 83' lang='lat' dir='ltr'><strong>tribus</strong></span> 
     </span>
    </p>
   </div>
   <div class='ocr_carea' id='block_1_97' title="bbox 213 5688 1609 5760">
    <p class='ocr_par' dir='ltr' id='par_1_97' title="bbox 213 5688 1609 5760">
     <span class='ocr_line' id='line_1_97' title="bbox 213 5688 1609 5760; baseline -0.004 -12"><span class='ocrx_word' id='word_1_684' title='bbox 213 5688 306 5748; x_wconf 81' lang='lat' dir='ltr'><strong>Ilio</strong></span> <span class='ocrx_word' id='word_1_685' title='bbox 333 5688 606 5755; x_wconf 78' lang='lat' dir='ltr'><strong>habentur</strong></span> <span class='ocrx_word' id='word_1_686' title='bbox 636 5696 853 5753; x_wconf 90' lang='lat' dir='ltr'><strong>ordine</strong></span> <span class='ocrx_word' id='word_1_687' title='bbox 883 5689 1167 5760; x_wconf 78' lang='lat' dir='ltr'><strong>quamlib.</strong></span> <span class='ocrx_word' id='word_1_688' title='bbox 1208 5688 1367 5743; x_wconf 88' lang='lat' dir='ltr'><strong>Num.</strong></span> <span class='ocrx_word' id='word_1_689' title='bbox 1397 5688 1526 5760; x_wconf 69' lang='lat' dir='ltr'><strong>cap.</strong></span> <span class='ocrx_word' id='word_1_690' title='bbox 1548 5702 1609 5743; x_wconf 91' lang='grc' dir='ltr'><strong>ιι.</strong></span> 
     </span>
    </p>
   </div>
   <div class='ocr_carea' id='block_1_98' title="bbox 264 5757 1344 5842">
    <p class='ocr_par' dir='ltr' id='par_1_98' title="bbox 264 5757 1344 5842">
     <span class='ocr_line' id='line_1_98' title="bbox 264 5757 1344 5842; baseline -0.006 -21"><span class='ocrx_word' id='word_1_691' title='bbox 264 5765 376 5840; x_wconf 76' lang='grc'><strong>(81)</strong></span> <span class='ocrx_word' id='word_1_692' title='bbox 405 5770 572 5827; x_wconf 71' lang='lat' dir='ltr'><strong>Num.</strong></span> <span class='ocrx_word' id='word_1_693' title='bbox 612 5785 669 5842; x_wconf 25' lang='grc' dir='ltr'><strong>ιι,</strong></span> <span class='ocrx_word' id='word_1_694' title='bbox 719 5766 816 5831; x_wconf 78' lang='grc'><strong>15,</strong></span> <span class='ocrx_word' id='word_1_695' title='bbox 848 5757 1030 5818; x_wconf 74' lang='lat'><strong>59300</strong></span> <span class='ocrx_word' id='word_1_696' title='bbox 1058 5759 1344 5816; x_wconf 84' lang='lat' dir='ltr'><strong>habentur.</strong></span> 
     </span>
    </p>
   </div>
   <div class='ocr_carea' id='block_1_99' title="bbox 1907 4559 3473 4630">
    <p class='ocr_par' dir='ltr' id='par_1_99' title="bbox 1907 4559 3473 4630">
     <span class='ocr_line' id='line_1_99' title="bbox 1907 4559 3473 4630; baseline 0.002 -18"><span class='ocrx_word' id='word_1_697' title='bbox 1907 4573 2165 4614; x_wconf 88' lang='lat' dir='ltr'><strong>numerus</strong></span> <span class='ocrx_word' id='word_1_698' title='bbox 2194 4565 2314 4613; x_wconf 90' lang='lat' dir='ltr'><strong>erat</strong></span> <span class='ocrx_word' id='word_1_699' title='bbox 2342 4559 2736 4630; x_wconf 88' lang='lat' dir='ltr'><strong>quinquaginta</strong></span> <span class='ocrx_word' id='word_1_700' title='bbox 2765 4566 2973 4630; x_wconf 87' lang='lat' dir='ltr'><strong>septem</strong></span> <span class='ocrx_word' id='word_1_701' title='bbox 3007 4560 3178 4614; x_wconf 88' lang='lat' dir='ltr'><strong>millia</strong></span> <span class='ocrx_word' id='word_1_702' title='bbox 3207 4561 3473 4630; x_wconf 70' lang='lat' dir='ltr'><strong>quadrin—</strong></span> 
     </span>
    </p>
   </div>
   <div class='ocr_carea' id='block_1_100' title="bbox 1902 4652 2068 4721">
    <p class='ocr_par' dir='ltr' id='par_1_100' title="bbox 1902 4652 2068 4721">
     <span class='ocr_line' id='line_1_100' title="bbox 1902 4652 2068 4721; baseline -0.006 -15"><span class='ocrx_word' id='word_1_703' title='bbox 1902 4652 2068 4721; x_wconf 75' lang='lat' dir='ltr'><strong>gentL</strong></span> 
     </span>
    </p>
   </div>
   <div class='ocr_carea' id='block_1_101' title="bbox 1973 4739 3471 4814">
    <p class='ocr_par' dir='ltr' id='par_1_101' title="bbox 1973 4739 3471 4814">
     <span class='ocr_line' id='line_1_101' title="bbox 1973 4739 3471 4814; baseline 0.001 -20"><span class='ocrx_word' id='word_1_704' title='bbox 1973 4741 2048 4797; x_wconf 91' lang='lat' dir='ltr'><strong>De</strong></span> <span class='ocrx_word' id='word_1_705' title='bbox 2078 4740 2205 4797; x_wconf 74' lang='lat' dir='ltr'><strong>ﬁiiis</strong></span> <span class='ocrx_word' id='word_1_706' title='bbox 2236 4739 2464 4812; x_wconf 67' lang='lat' dir='ltr'><strong>Ioseph,</strong></span> <span class='ocrx_word' id='word_1_707' title='bbox 2487 4741 2554 4796; x_wconf 92' lang='lat' dir='ltr'><strong>de</strong></span> <span class='ocrx_word' id='word_1_708' title='bbox 2587 4741 3047 4814; x_wconf 74' lang='lat' dir='ltr'><strong>tribu.Ephraim,</strong></span> <span class='ocrx_word' id='word_1_709' title='bbox 3067 4742 3303 4798; x_wconf 87' lang='lat' dir='ltr'><strong>Elisama</strong></span> <span class='ocrx_word' id='word_1_710' title='bbox 3326 4743 3471 4797; x_wconf 86' lang='lat' dir='ltr'><strong>ﬁlius</strong></span> 
     </span>
    </p>
   </div>
   <div class='ocr_carea' id='block_1_102' title="bbox 1904 4830 3469 4904">
    <p class='ocr_par' dir='ltr' id='par_1_102' title="bbox 1904 4830 3469 4904">
     <span class='ocr_line' id='line_1_102' title="bbox 1904 4830 3469 4904; baseline 0.001 -20"><span class='ocrx_word' id='word_1_711' title='bbox 1904 4830 2136 4900; x_wconf 77' lang='lat' dir='ltr'><strong>Emiud;</strong></span> <span class='ocrx_word' id='word_1_712' title='bbox 2184 4847 2420 4901; x_wconf 88' lang='lat' dir='ltr'><strong>quorum</strong></span> <span class='ocrx_word' id='word_1_713' title='bbox 2475 4846 2738 4887; x_wconf 89' lang='lat' dir='ltr'><strong>numerus</strong></span> <span class='ocrx_word' id='word_1_714' title='bbox 2783 4840 2904 4888; x_wconf 86' lang='lat' dir='ltr'><strong>erat</strong></span> <span class='ocrx_word' id='word_1_715' title='bbox 2948 4833 3309 4904; x_wconf 88' lang='lat' dir='ltr'><strong>quadraginta</strong></span> <span class='ocrx_word' id='word_1_716' title='bbox 3357 4832 3469 4886; x_wconf 87' lang='lat' dir='ltr'><strong>duo</strong></span> 
     </span>
    </p>
   </div>
   <div class='ocr_carea' id='block_1_103' title="bbox 1901 4921 2398 4991">
    <p class='ocr_par' dir='ltr' id='par_1_103' title="bbox 1901 4921 2398 4991">
     <span class='ocr_line' id='line_1_103' title="bbox 1901 4921 2398 4991; baseline 0 -17"><span class='ocrx_word' id='word_1_717' title='bbox 1901 4921 2071 4976; x_wconf 88' lang='lat' dir='ltr'><strong>millia</strong></span> <span class='ocrx_word' id='word_1_718' title='bbox 2095 4921 2398 4991; x_wconf 83' lang='lat' dir='ltr'><strong>quingenti.</strong></span> 
     </span>
    </p>
   </div>
   <div class='ocr_carea' id='block_1_104' title="bbox 1972 5010 3465 5077">
    <p class='ocr_par' dir='ltr' id='par_1_104' title="bbox 1972 5010 3465 5077">
     <span class='ocr_line' id='line_1_104' title="bbox 1972 5010 3465 5077; baseline -0.003 -11"><span class='ocrx_word' id='word_1_719' title='bbox 1972 5014 2049 5069; x_wconf 91' lang='lat' dir='ltr'><strong>De</strong></span> <span class='ocrx_word' id='word_1_720' title='bbox 2099 5014 2226 5070; x_wconf 91' lang='lat' dir='ltr'><strong>ﬁliis</strong></span> <span class='ocrx_word' id='word_1_721' title='bbox 2277 5012 2548 5077; x_wconf 83' lang='lat' dir='ltr'><strong>Manasse,</strong></span> <span class='ocrx_word' id='word_1_722' title='bbox 2590 5010 2852 5068; x_wconf 86' lang='lat' dir='ltr'><strong>Gamaliel</strong></span> <span class='ocrx_word' id='word_1_723' title='bbox 2909 5011 3056 5066; x_wconf 87' lang='lat' dir='ltr'><strong>ﬁlius</strong></span> <span class='ocrx_word' id='word_1_724' title='bbox 3111 5010 3465 5076; x_wconf 88' lang='lat' dir='ltr'><strong>Phadassur;</strong></span> 
     </span>
    </p>
   </div>
   <div class='ocr_carea' id='block_1_105' title="bbox 1902 5100 3469 5176">
    <p class='ocr_par' dir='ltr' id='par_1_105' title="bbox 1902 5100 3469 5176">
     <span class='ocr_line' id='line_1_105' title="bbox 1902 5100 3469 5176; baseline -0.003 -16"><span class='ocrx_word' id='word_1_725' title='bbox 1902 5121 2135 5176; x_wconf 91' lang='lat' dir='ltr'><strong>quorum</strong></span> <span class='ocrx_word' id='word_1_726' title='bbox 2190 5120 2456 5161; x_wconf 88' lang='lat' dir='ltr'><strong>numerus</strong></span> <span class='ocrx_word' id='word_1_727' title='bbox 2509 5111 2629 5160; x_wconf 87' lang='lat' dir='ltr'><strong>erat</strong></span> <span class='ocrx_word' id='word_1_728' title='bbox 2679 5103 2905 5175; x_wconf 79' lang='lat' dir='ltr'><strong>triginta</strong></span> <span class='ocrx_word' id='word_1_729' title='bbox 2961 5102 3071 5157; x_wconf 91' lang='lat' dir='ltr'><strong>duo</strong></span> <span class='ocrx_word' id='word_1_730' title='bbox 3129 5100 3298 5155; x_wconf 88' lang='lat' dir='ltr'><strong>millia</strong></span> <span class='ocrx_word' id='word_1_731' title='bbox 3353 5109 3469 5157; x_wconf 87' lang='lat' dir='ltr'><strong>tre-</strong></span> 
     </span>
    </p>
   </div>
   <div class='ocr_carea' id='block_1_106' title="bbox 1904 5207 3469 5360">
    <p class='ocr_par' dir='ltr' id='par_1_106' title="bbox 1904 5207 3469 5360">
     <span class='ocr_line' id='line_1_106' title="bbox 1904 5207 3469 5360; baseline -0.003 -17"><span class='ocrx_word' id='word_1_732' title='bbox 1904 5207 2208 5346; x_wconf 47' lang='lat' dir='ltr'><strong>cellagﬁliis</strong></span> <span class='ocrx_word' id='word_1_733' title='bbox 2238 5287 2546 5360; x_wconf 87' lang='lat' dir='ltr'><strong>Benjamin,</strong></span> <span class='ocrx_word' id='word_1_734' title='bbox 2577 5286 2751 5342; x_wconf 83' lang='lat' dir='ltr'><strong>Abida</strong></span> <span class='ocrx_word' id='word_1_735' title='bbox 2778 5285 2923 5340; x_wconf 88' lang='lat' dir='ltr'><strong>ﬁlius</strong></span> <span class='ocrx_word' id='word_1_736' title='bbox 2946 5283 3199 5351; x_wconf 88' lang='lat' dir='ltr'><strong>Gedeon;</strong></span> <span class='ocrx_word' id='word_1_737' title='bbox 3236 5299 3469 5354; x_wconf 89' lang='lat' dir='ltr'><strong>quorum</strong></span> 
     </span>
    </p>
   </div>
   <div class='ocr_carea' id='block_1_107' title="bbox 1903 5375 3465 5451">
    <p class='ocr_par' dir='ltr' id='par_1_107' title="bbox 1903 5375 3465 5451">
     <span class='ocr_line' id='line_1_107' title="bbox 1903 5375 3465 5451; baseline -0.006 -14"><span class='ocrx_word' id='word_1_738' title='bbox 1903 5395 2168 5437; x_wconf 89' lang='lat' dir='ltr'><strong>numerus</strong></span> <span class='ocrx_word' id='word_1_739' title='bbox 2194 5387 2313 5436; x_wconf 88' lang='lat' dir='ltr'><strong>erat</strong></span> <span class='ocrx_word' id='word_1_740' title='bbox 2340 5380 2567 5451; x_wconf 86' lang='lat' dir='ltr'><strong>triginta</strong></span> <span class='ocrx_word' id='word_1_741' title='bbox 2597 5377 2842 5448; x_wconf 90' lang='lat' dir='ltr'><strong>quinque</strong></span> <span class='ocrx_word' id='word_1_742' title='bbox 2862 5375 3036 5431; x_wconf 87' lang='lat' dir='ltr'><strong>millia</strong></span> <span class='ocrx_word' id='word_1_743' title='bbox 3058 5375 3465 5447; x_wconf 86' lang='lat' dir='ltr'><strong>quadringenti.</strong></span> 
     </span>
    </p>
   </div>
   <div class='ocr_carea' id='block_1_108' title="bbox 1855 5539 3466 5687">
    <p class='ocr_par' dir='ltr' id='par_1_108' title="bbox 1855 5539 3466 5687">
     <span class='ocr_line' id='line_1_108' title="bbox 1855 5539 3466 5687; baseline -0.006 -18"><span class='ocrx_word' id='word_1_744' title='bbox 1855 5539 1905 5679; x_wconf 61' lang='grc' dir='ltr'>ἰ,</span> <span class='ocrx_word' id='word_1_745' title='bbox 1975 5609 2081 5687; x_wconf 56' lang='grc' dir='ltr'><strong>(ὃξ)</strong></span> <span class='ocrx_word' id='word_1_746' title='bbox 2113 5607 2276 5687; x_wconf 59' lang='grc' dir='ltr'>Ιξζιιιη.</span> <span class='ocrx_word' id='word_1_747' title='bbox 2309 5622 2370 5673; x_wconf 86' lang='grc' dir='ltr'><strong>ιι,</strong></span> <span class='ocrx_word' id='word_1_748' title='bbox 2401 5605 2755 5687; x_wconf 53' lang='lat' dir='ltr'><strong>19,]egititr,</strong></span> <span class='ocrx_word' id='word_1_749' title='bbox 2798 5605 3222 5678; x_wconf 80' lang='grc' dir='ltr'>τεσσαράκοντα,</span> <span class='ocrx_word' id='word_1_750' title='bbox 3269 5603 3466 5687; x_wconf 77' lang='lat' dir='ltr'><strong>solum.</strong></span> 
     </span>
    </p>
   </div>
   <div class='ocr_carea' id='block_1_109' title="bbox 1977 5676 2800 5755">
    <p class='ocr_par' dir='ltr' id='par_1_109' title="bbox 1977 5676 2800 5755">
     <span class='ocr_line' id='line_1_109' title="bbox 1977 5676 2800 5755; baseline -0.011 -17"><span class='ocrx_word' id='word_1_751' title='bbox 1977 5676 2084 5755; x_wconf 71' lang='grc'><strong>(85)</strong></span> <span class='ocrx_word' id='word_1_752' title='bbox 2115 5681 2273 5755; x_wconf 86' lang='lat' dir='ltr'><strong>_N_um.</strong></span> <span class='ocrx_word' id='word_1_753' title='bbox 2307 5694 2368 5741; x_wconf 88' lang='grc' dir='ltr'><strong>ιι,</strong></span> <span class='ocrx_word' id='word_1_754' title='bbox 2399 5677 2491 5755; x_wconf 53' lang='lat' dir='ltr'><strong>gl,</strong></span> <span class='ocrx_word' id='word_1_755' title='bbox 2521 5676 2800 5755; x_wconf 61' lang='grc' dir='ltr'>διακόσιοι.</span> 
     </span>
    </p>
   </div>
   <div class='ocr_carea' id='block_1_110' title="bbox 1978 5687 3164 5826">
    <p class='ocr_par' dir='ltr' id='par_1_110' title="bbox 1978 5687 3164 5826">
     <span class='ocr_line' id='line_1_110' title="bbox 1978 5687 2800 5755; baseline -0.011 -17"><span class='ocrx_word' id='word_1_756' title='bbox 1978 5687 2065 5755; x_wconf 71' lang='lat'><strong>(83</strong></span> <span class='ocrx_word' id='word_1_757' title='bbox 2115 5687 2273 5735; x_wconf 81' lang='lat' dir='ltr'><strong>Num.</strong></span> <span class='ocrx_word' id='word_1_758' title='bbox 2307 5694 2368 5741; x_wconf 89' lang='grc' dir='ltr'><strong>ιι,</strong></span> <span class='ocrx_word' id='word_1_759' title='bbox 2399 5687 2491 5740; x_wconf 72' lang='grc' dir='ltr'>Ἣ,</span> <span class='ocrx_word' id='word_1_760' title='bbox 2521 5687 2800 5729; x_wconf 78' lang='grc' dir='ltr'>διακόσιοι.</span> 
     </span>
     <span class='ocr_line' id='line_1_111' title="bbox 1978 5687 3164 5826; baseline -0.009 -18"><span class='ocrx_word' id='word_1_761' title='bbox 1978 5687 2084 5826; x_wconf 48' lang='grc' dir='ltr'><strong>(εὖ</strong></span> <span class='ocrx_word' id='word_1_762' title='bbox 2114 5751 2274 5807; x_wconf 78' lang='lat' dir='ltr'><strong>Num.</strong></span> <span class='ocrx_word' id='word_1_763' title='bbox 2307 5765 2366 5819; x_wconf 75' lang='lat' dir='ltr'><strong>tt,</strong></span> <span class='ocrx_word' id='word_1_764' title='bbox 2397 5746 2487 5817; x_wconf 70' lang='grc'><strong>22,</strong></span> <span class='ocrx_word' id='word_1_765' title='bbox 2537 5745 2746 5801; x_wconf 74' lang='grc' dir='ltr'>’Δὸιδὰν</span> <span class='ocrx_word' id='word_1_766' title='bbox 2773 5743 2885 5811; x_wconf 72' lang='grc' dir='ltr'>υἱὸς</span> <span class='ocrx_word' id='word_1_767' title='bbox 2913 5744 3164 5804; x_wconf 76' lang='grc' dir='ltr'>Γαδεωνε,</span> 
     </span>
    </p>
   </div>
  </div>
