4008 6404
243 472 312 530 365
1276 480 1612 539 SYNOPSIS
1651 479 2065 541 SCRIPTURIE
2105 483 2372 542 SACNE.
3352 477 3455 531 396

248 593 305 647 τὸν
325 593 671 667 Ἶσραηλίτην
717 599 953 671 Ζαμὸρῆ
987 599 1050 653 ἐκ
1092 599 1258 671 φυλῆς
1298 602 1519 674 Συμεὼν
1559 601 1647 656 διὰ
1688 602 1788 665 τάς

1908 602 2113 659 Ξοίιηθοη
2169 610 2392 675 propter
2449 601 2839 657 scortati'onem
2903 599 3243 662 confoderit,
3293 605 3457 668 atque

252 685 452 757 πορνείας,
485 687 592 739 καὶ
620 687 782 741 οὕτω
839 690 1108 743 πέπαυται
1146 693 1178 761 ἡ
1210 692 1366 763 ὀργή.
1393 691 1789 762 Καταλαλήσας

1908 711 1953 750 aa
1980 695 2197 751 ratione
2225 696 2363 751 iram
2397 693 2492 751 Dei
2525 694 2819 751 sedaverit.
2849 693 2931 749 Ad
2959 694 3074 748 haec
3101 698 3455 762 posteaquam

254 777 454 842 δὲόλαὸς
487 780 644 852 πρὸς
682 782 783 834 τὸν
828 781 958 835 Θεὸν
999 782 1138 837 κατὰ
1175 785 1477 850 Μωῦσέως,
1508 785 1791 839 ἐδάκνοντο

1908 794 2083 842 :ontra
2109 787 2275 842 Deum
2303 794 2358 841 et
2389 785 2627 857 Moysem
2652 787 2867 841 locutus
2892 793 3038 841 esset
3064 783 3320 854 pepulus,
3338 796 3457 836 scr-

255 871 322 923 ῠπδ
339 871 524 937 δερεων,
580 875 688 927 κοιλ⁵
737 872 967 945 ὕστερον
991 874 1336 941 ἀξιωσάντων
1383 876 1583 941 αὐτῶν,
1619 894 1790 949 προσ-

1908 885 2114 945 )οηιιιιη
2145 877 2422 932 morsibus
2455 876 2839 931 cruciabatur:
2879 884 2934 931 at
2966 876 3181 931 demum
3214 872 3457 944 roganti-

254 962 376 1027 έταξεν
397 965 425 1017 6
451 964 599 1028 Θεὸς
631 966 899 1033 γενέσθαι
922 967 1042 1038 ὅφιν
1072 966 1327 1039 χαλκοῦν,
1358 969 1453 1022 καὶ
1478 969 1792 1042 κρεμασθῆ-

1908 986 1996 1024 ms
2051 968 2183 1033 illis,
2224 979 2533 1039 serpentem
2568 984 2779 1025 :eneum
2834 967 2950 1023 ﬂeri
2997 967 3166 1037 jussit
3202 964 3346 1020 Deus
3390 978 3456 1018 ac

253 1072 309 1110 ναι
331 1056 474 1109 αὐτόν
500 1072 517 1087 ⁸
574 1057 671 1110 ἵνα
719 1059 751 1111 6
787 1059 1001 1130 δηχθεὶς
1041 1059 1250 1129 βλέπων
1289 1058 1451 1113 αὑτὸν
1476 1060 1637 1132 ζήσῃ.
1662 1054 1791 1114 Ὧδε

1908 1058 2180 1128 suspendi,
2212 1072 2323 1127 quo
2354 1057 2476 1112 viso
2511 1058 2737 1125 viveret,
2766 1057 2861 1127 qui
2892 1073 2920 1110 a
2947 1056 3292 1127 serpentibus
3313 1061 3459 1110 esset

252 1149 404 1203 κελεύει
425 1151 456 1201 6
481 1149 628 1211 Θεὸς
658 1150 744 1221 τῷ
772 1153 979 1223 Μωῦσῇ
1008 1153 1101 1207 καὶ
1143 1152 1403 1224 Ἐλεάζαρ
1424 1152 1501 1223 τῷ
1531 1155 1664 1224 ἱερεῖ
1694 1170 1790 1224 με·

1908 1150 2234 1206 mlneratus.
2263 1147 2534 1219 Praecepit
2560 1151 2724 1205 etiam
2777 1148 2881 1204 hoc
2924 1149 3068 1204 libro
3098 1147 3241 1202 Deus
3287 1146 3459 1218 Moysi

251 1240 393 1312 τρῆσαι
427 1239 604 1294 πάλιν
652 1241 751 1294 τὸν
792 1242 919 1295 λαὸν
948 1226 1054 1296 61:6
1098 1242 1439 1306 εἰκοσαετοῦς
1467 1243 1562 1297 καὶ
1587 1244 1790 1309 ἐπάνω,

1908 1248 1947 1296 at
1972 1238 2231 1295 Eleazaro
2261 1238 2557 1304 sacerdoti,
2590 1239 2769 1295 denuo
2791 1252 3077 1294 recensere
3114 1238 3392 1308 populum,
3426 1251 3459 1290 a

249 1332 315 1387 καὶ
349 1332 546 1403 εὑρέθη
595 1333 629 1386 6
677 1333 917 1406 ἀριθμὸς
982 1332 1160 1388 αὐτῶν
1229 1333 1465 1405 χιλιάδες
1517 1335 1793 1401 ἑξακόσιαι

1908 1332 2155 1387 vicesimo
2177 1346 2322 1387 anno
2350 1339 2405 1387 et
2431 1345 2618 1402 supra,
2651 1330 2811 1400 cujus
2838 1337 2955 1385 tum
2983 1330 3235 1386 inventus
3262 1335 3347 1385 est
3363 1344 3460 1383 nu-

1894 1439 2101 1487 merus,
2129 1431 2386 1479 sexcenta
2436 1423 2608 1477 millia
2652 1423 2803 1477 mille
2855 1422 3182 1493 septingenti
3212 1422 3457 1493 triginta.

1895 1512 1963 1567 Et
1986 1512 2187 1568 Levitae
2213 1527 2433 1583 quoque
2463 1513 2663 1567 iterum
2698 1510 2991 1580 separatim
3015 1509 3286 1563 numerati
3308 1516 3458 1572 sunt,

1894 1614 1949 1662 et
1982 1607 2235 1663 inventus
2272 1613 2358 1661 est
2387 1606 2603 1661 illorum
2633 1619 2896 1660 numerus
2922 1601 3114 1674 viginti
3137 1601 3241 1660 tria
3271 1601 3459 1655 millia.

1895 1696 2175 1754 Βορεήεὶιί
2197 1705 2327 1754 sunt
2368 1704 2552 1751 autem
2582 1695 2638 1750 in
2664 1694 2906 1750 Arabotb
2954 1694 3131 1757 Moab.
3170 1694 3238 1749 ad
3269 1691 3466 1748 Iorda-

251 1783 443 1855 Ἱεριχῶ.
513 1785 611 1838 Ἐν
668 1785 883 1849 τούτοις
931 1785 988 1839 δὲ
1049 1783 1226 1848 οὐδεὶς
1269 1779 1338 1857 ἦν
1380 1783 1489 1837 τῶν
1531 1784 1796 1858 πρότερον

1908 1804 2021 1845 nem
2075 1796 2270 1842 contra
2313 1787 2553 1843 Jericho.
2591 1785 2654 1841 ιη
2698 1787 2820 1843 istis
2850 1794 3032 1843 autem
3081 1800 3243 1841 nemo
3275 1798 3466 1840 eorum

239 1874 643 1945 ἐπεσκεμμὲνων
665 1891 683 1907 ο
729 1876 815 1928 ὅτι
845 1873 1130 1941 ἀπέθανον,
1164 1873 1303 1946 πλὴν
1336 1871 1515 1927 Χαλέδ
1555 1872 1649 1927 καὶ
1687 1872 1796 1944 Ἰη-

1908 1889 2035 1946 erat,
2065 1880 2161 1951 qui
2218 1887 2379 1936 antea
2434 1880 2708 1935 numerati
2763 1878 3000 1935 fuerant.
3043 1878 3244 1934 Μοτιυὶ
3266 1878 3468 1951 quippe

239 1965 341 2029 σοῦς
366 1967 393 2018 6
408 1943 514 2018 τοῦ
546 1965 738 2038 Ναυῆ.
1260 1943 1270 1946 ν
1754 1943 1758 1944 ν

1908 1943 2308 2044 eratin-praeter
2333 1971 2538 2027 Cbaleb
2566 1979 2623 2027 et
2662 1970 2823 2027 Jesus
2854 1969 3022 2027 Nave.

298 2060 375 2113 Ἐν
403 2059 587 2130 τούτῳ
617 2059 700 2130 τῷ
735 2056 932 2129 βισλιῳ
971 2055 1175 2128 ἔγραψε
1213 2056 1453 2126 Μωῦσῆς
1486 2053 1576 2110 διὰ
1628 2054 1798 2126 ῥημά-

1968 2064 2302 2134 Complexus
2353 2069 2440 2119 est
2504 2061 2612 2118 hoc
2660 2077 2879 2132 quoque
2930 2062 3208 2118 volumine
3251 2059 3467 2135 Moyses

234 2169 323 2206 των
342 2153 549 2225 Κυρίου
588 2152 868 2222 άπάρσεις
897 2148 1072 2203 αὐτῶν
1102 2149 1198 2202 καὶ
1223 2148 1350 2212 τοὺς
1380 2145 1653 2218 σταθμοὺς
1701 2146 1799 2203 αὐ·

1908 2157 2049 2224 iuxta
2098 2154 2317 2211 Domini
2365 2154 2569 2219 verba,
2619 2153 2988 2224 profectiones
3039 2164 3096 2211 et
3153 2156 3467 2212 mansiones

234 2242 341 2309 τῶν,
383 2244 442 2296 ἐν
475 2238 563 2307 οἷς
609 2241 895 2305 ὁδεύοντες
938 2239 1045 2294 61:6
1075 2242 1174 2311 τῆς
1222 2238 1499 2308 Αἰγύπτου
1538 2236 1799 2293 κατέλυον

1908 2246 2135 2311 lsraelis,
2154 2247 2355 2318 quibus
2383 2261 2450 2303 ex
2484 2243 2722 2317 Egypto
2738 2245 2965 2315 profecti
2987 2246 3216 2302 subinde
3248 2249 3469 2318 quieve-

233 2335 646 2406 ἀναπαυόμενοι.
682 2333 800 2387 Kal.
834 2331 971 2386 εἰσὶν
991 2323 1135 2385 οὗτοι
1163 2348 1178 2363 ο
1225 2331 1358 2385 Ἀπὸ
1399 2328 1673 2401 Ῥαμεσσῆ
1700 2328 1800 2400 τῆς

1908 2347 2042 2396 rant.
2073 2339 2142 2394 Et
2170 2347 2300 2395 sunt
2328 2338 2446 2394 ista:
2479 2356 2493 2392 :
2523 2336 2807 2403 Ramesse,
2831 2337 3051 2410 Egypti
3074 2339 3250 2408 primo
3281 2355 3468 2397 mense

248 1422 314 1475 καὶ
371 1422 538 1491 χίλιοι
611 1422 934 1477 ἑπτακόσιοι
995 1424 1309 1495 τριάκοντα.
1373 1423 1483 1477 Καὶ
1540 1425 1591 1477 οἱ
1643 1422 1796 1477 Λευῖ-

245 1513 379 1567 ταιδέ
424 1512 599 1567 πάλιν
658 1513 789 1567 καθ’
835 1516 1057 1579 ἑαυτοὺς
1100 1514 1518 1587 ἠριθμήθησαν,
1567 1515 1662 1568 καὶ
1705 1515 1798 1568 εὑ·-

248 1602 438 1675 ρέθησαν
472 1603 728 1674 χιλιάδες
759 1610 867 1673 κγ’.
911 1604 976 1657 Ἦ
1032 1604 1132 1675 μὲν
1187 1599 1281 1657 οὖν
1333 1603 1621 1675 ἐπίσκεψις
1653 1603 1793 1675 αὕτη

243 1693 391 1761 γέγονε
430 1696 495 1746 ἐν
533 1692 796 1765 Ἀραϐὼθ
837 1693 1031 1758 Μωὰὸ,
1073 1693 1168 1747 ἐπὶ⁸
1193 1691 1287 1746 τοῦ
1345 1693 1610 1765 Ἰορδάνου
1654 1694 1795 1748 κατὰ

232 2426 489 2494 Δξγύπτου
542 2425 772 2497 ἐξῆλθον
823 2423 904 2494 τῷ
958 2422 1160 2495 πρώτῳ
1213 2423 1341 2494 μηνὶ
1392 2420 1652 2493 ἐπαύριον
1704 2419 1797 2473 τοῦ

234 2518 427 2589 Πάσχα,
449 2518 546 2572 καὶ
574 2512 744 2589 ἦλθον
774 2517 861 2580 εἰς
893 2515 1098 2587 Σοχὼθ,
1124 2514 1232 2570 61:6
1253 2512 1435 2585 Σοχὼθ
1465 2516 1545 2577 εἰς
1570 2512 1798 2577 Βουθὰν,

232 2609 326 2661 6116
357 2608 567 2662 80110611
613 2611 695 2672 εἰς
741 2606 1123 2677 Βεελσεπφὼν,
1163 2606 1420 2660 ἀπέναντι
1463 2603 1760 2673 Μαγδώλω
1782 2619 1797 2636 ⁶

233 2698 329 2751 61:6
383 2696 755 2767 Βεελσεπφὼν
815 2695 1073 2766 διέϐησαν
1126 2694 1288 2766 μέσον
1338 2693 1435 2764 τῆς
1481 2691 1753 2756 θαλάσσης
1781 2707 1795 2720 ·

235 2791 327 2846 ἐπὸ
370 2791 653 2860 θαλάσσης
698 2790 782 2853 εἰς
825 2787 1093 2859 Πικρίας,
1144 2786 1238 2840 καὶ
1287 2784 1395 2838 61:6
1441 2782 1685 2852 Πικριῶν
1723 2783 1802 2845 εἰς

246 2883 414 2952 Ἐλεὶμ
440 2882 580 2950 (85),
622 2883 760 2934 ὅπου
805 2881 857 2933 οἱ
896 2878 1164 2943 Φοίνικες*
1198 2877 1295 2932 καὶ
1334 2876 1444 2931 61:6
1498 2875 1684 2946 Ἐλεὶμ
1722 2874 1803 2937 εἰς

233 2974 347 3046 Σεὶρ
397 2974 509 3044 (86)
562 2972 663 3044 τὴν
714 2972 964 3043 ἔρημον⁸
1009 2970 1116 3023 61:6
1157 2970 1256 3041 τῆς
1298 2970 1505 3040 ἐρήμου
1556 2968 1684 3039 Σεὶρ
1722 2968 1803 3031 εἰς

243 3059 516 3128 Ῥάφακν
549 3059 660 3112 61:6
711 3056 967 3126 Ῥάφακα
1012 3057 1091 3120 εἰς
1142 3054 1327 3125 Ἐλεὶμ
1373 3052 1509 3125 (87),
1558 3052 1653 3106 καὶ
1698 3050 1805 3106 61:6

244 3150 421 3221 Ἐλεὶμ
462 3152 544 3215 εἰς
582 3145 909 3218 Ῥαφιδείμ’
950 3147 1058 3200 61:6
1102 3145 1386 3214 Ῥαφιδεὶμ
1422 3144 1502 3208 εἰς
1540 3144 1670 3197 Σινᾶ
1707 3143 1805 3217 τὴν

1899 2429 2170 2502 postridie
2197 2428 2486 2485 Pascbatis
2531 2427 2783 2500 profecti,
2813 2435 3080 2484 venerunt
3106 2429 3162 2483 in
3192 2427 3464 2499 Sochoth;

1898 2522 1967 2578 de
1993 2522 2234 2577 Sochoth
2285 2522 2341 2577 in
2385 2521 2640 2587 Buthan;
2672 2520 2741 2577 de
2773 2520 2987 2576 Butban
3030 2521 3086 2576 in
3110 2520 3464 2592 Beelsepbon,

1900 2620 2093 2669 contra
2122 2612 2409 2685 Magdolon
2431 2612 2547 2679 ;.de
2608 2612 2942 2683 Beelsephon
2976 2627 3074 2683 per
3103 2626 3253 2669 mare
3295 2621 3471 2672 trans-

1901 2706 2135 2773 ierunt;
2163 2705 2230 2762 de
2259 2706 2397 2760 mari
2428 2704 2483 2760 in
2502 2703 2942 2771 Amaritudines;
2982 2706 3049 2761 de
3075 2706 3470 2763 Amaritudini-

1900 2790 2004 2847 bus
2033 2791 2101 2846 ad
2136 2789 2297 2854 Elim,
2334 2790 2427 2844 ubi
2460 2796 2619 2845 erant
2648 2790 2873 2860 palmae;
2904 2789 2973 2845 de
3021 2789 3159 2845 Elim
3199 2791 3256 2847 in
3283 2792 3473 2848 deser-

1904 2889 2015 2936 tum
2050 2879 2206 2947 Seir;
2230 2895 2260 2936 e
2287 2881 2508 2935 deserto
2542 2877 2664 2934 Seir
2709 2879 2763 2933 in
2798 2878 3053 2950 Rapbaca
3074 2881 3180 2943 ;-de
3215 2880 3483 2952 Raphaea.

1905 2970 1960 3025 in
1985 2969 2157 3036 Elim;
2187 2970 2257 3024 de
2290 2968 2429 3024 Elim
2476 2968 2531 3023 in
2585 2966 2912 3037 Raphidim;
2948 2968 3015 3024 de
3064 2966 3356 3040 Raphidim
3409 2971 3468 3026 in

1904 3060 2255 3118 solitudinem
2289 3059 2455 3126 Sina;
2483 3058 2551 3114 de
2583 3058 2879 3115 solitudine
2910 3059 3042 3115 Sina
3092 3061 3160 3115 ad
3211 3061 3472 3131 Sepulcra

1906 3151 2397 3220 concupiscentiae;
2422 3151 2487 3206 de
2512 3148 2791 3220 Sepulcris
2810 3152 3265 3221 concupiscentia:
3285 3154 3339 3208 in
3356 3154 3475 3209 Asi-

232 3241 459 3313 ἔρημον·
487 3240 597 3295 61:6
640 3241 855 3312 ἐρήμου
898 3239 1029 3292 Σινᾶ
1051 3238 1130 3302 εἰς
1165 3239 1442 3309 Μνήματα
1479 3238 1577 3309 τῆς
1613 3237 1805 3291 ἐπιθυ-

1908 3241 2063 3308 roth;
2096 3239 2391 3295 deAsiroth
2413 3241 2467 3295 in
2497 3239 2798 3296 Ratliama:
2826 3242 2895 3297 de
2926 3240 3192 3298 Rathama
3222 3245 3276 3299 in
3305 3244 3471 3300 Rem-

236 3332 373 3403 ιιίας·
400 3334 508 3387 61:6
531 3333 656 3403 Μνη
666 3332 856 3401 μάτων
875 3330 974 3401 τῆς
993 3328 1286 3398 ἐπιθυμίας
1311 3329 1392 3392 εἰς
1419 3327 1647 3401 Ἀσιρώθ
1666 3327 1798 3401 (88)·

230 3425 335 3477 ἀπὸ
368 3423 603 3496 ’Δσιρὼθ
639 3426 720 3487 εἰς
777 3421 1061 3492 Ῥαθαμά’
1096 3420 1203 3473 61:6
1254 3418 1504 3491 Ῥαθαμὰ
1538 3421 1618 3483 εἰς
1652 3420 1807 3491 Ῥεμ-

232 3515 345 3586 μὼν
361 3516 537 3588 Φαρές
559 3534 576 3549 ·
603 3517 701 3577 καὶ
714 3515 825 3569 61:6
862 3498 1112 3583 Ῥεμμὼν
1126 3511 1297 3583 Φαρὲς
1315 3513 1396 3574 εἰς
1414 3510 1647 3582 Λεμῶνα
1669 3511 1802 3581 (89)’

228 3606 333 3660 61:6
355 3606 592 3677 Λεμῶνα
617 3609 699 3670 εἰς
720 3604 930 3659 Δεσσάν
950 3621 964 3635 ·
999 3603 1106 3656 61:6
1129 3601 1335 3657 Δεσσὰν
1374 3603 1455 3666 εἰς
1492 3602 1802 3657 Μακελλάθ·

227 3698 334 3753 ἀπὺ
355 3698 652 3755 Μακελλὰθ
680 3700 759 3761 εἰς
789 3697 985 3766 Σαφάρ
1012 3712 1028 3725 ⁸
1062 3694 1169 3748 61:6
1194 3694 1384 3764 Σαφὰρ
1411 3695 1491 3757 εἰς
1520 3692 1803 3764 Χαραδάθ·

229 3791 336 3844 ἀπὺ
359 3789 618 3863 Χαραδάθ
643 3791 724 3853 εἰς
766 3785 1077 3858 Μακηλώθ·
1118 3787 1227 3840 61:6
1260 3784 1537 3856 Μακηλὼθ
1577 3787 1657 3850 εἰς
1691 3786 1809 3838 K6-

225 3883 360 3935 ταάθ
379 3902 393 3915 θ
420 3883 531 3947 61:6
556 3880 787 3936 Καταὰθ
827 3881 909 3942 εἰς
932 3879 976 3930 Τ
979 3878 1118 3949 αράθ
1139 3896 1152 3909 ο
1182 3877 1287 3932 61:6
1325 3876 1511 3947 T6960
1550 3879 1629 3942 εἰς
1656 3878 1813 3931 Ματέ

224 3976 359 4028 τεκᾶ
379 3992 393 4006 ·
422 3975 533 4030 ἀπὸ
564 3973 834 4029 Ματτεκᾶ
857 3973 937 4035 εἰς
961 3970 1219 4042 Σελμῶνα
1237 3986 1251 4001 ’
1280 3970 1388 4024 61:6
1411 3969 1691 4040 Σελμῶνος
1724 3970 1806 4033 εις

224 4067 536 4140 Μασουρὼθ
561 4083 577 4097 ⁸
606 4067 716 4120 61:6
743 4062 1052 4135 Μασουρὼθ
1081 4065 1160 4127 εἰς
1185 4063 1390 4117 Βάναια
1410 4079 1424 4093 ·
1451 4062 1549 4116 καὶ
1567 4062 1675 4117 61:6
1700 4062 1809 4115 B6-

224 4174 351 4212 ναια
405 4161 490 4222 εἰς
529 4157 595 4211 τὸ
647 4157 777 4228 ὅρος
821 4153 1036 4222 Γαδγάδ
1072 4171 1088 4186 ·
1132 4152 1371 4208 καὶ·ἀπδ
1404 4153 1563 4226 ὅρους
1601 4152 1811 4222 Γαδγὰδ

223 4250 303 4314 εἰς
353 4250 631 4305 Ἐταδαθᾶ
654 4267 667 4279 ·
718 4249 817 4302 καὶ
856 4248 968 4301 61:6
1006 4245 1275 4299 Ἐταὸαοιί
1300 4246 1378 4309 εἰς
1400 4246 1656 4315 Σεὸρῶνα
1674 4244 1806 4317 (90)·

222 4346 318 4397 καὶ
373 4346 487 4399 61:6
529 4343 793 4414 Σεόρῶνα
844 4343 925 4403 εἰς
962 4339 1341 4411 Γεσιωνγαϐἐρ
1367 4355 1384 4371 ο
1432 4339 1527 4392 καὶ
1568 4338 1676 4393 61:6
1713 4339 1811 4392 Γε-

224 4438 534 4510 σιωνγαὸἐρ
569 4438 650 4500 εἰς
687 4435 788 4507 τὴν
829 4433 1036 4506 ἔρημον
1077 4432 1198 4486 Σεῖν
1226 4449 1240 4462 ο
1289 4431 1384 4485 καὶ
1421 4432 1532 4485 61:6
1601 4432 1808 4502 ἐρήμου

221 4528 345 4583 Σεῖν
373 4532 455 4594 εἰς
477 4529 578 4601 τὴν
607 4528 814 4601 ἔρημον
854 4524 1040 4596 Φαράν
1064 4540 1078 4554 ·
1114 4523 1252 4596 αὕτη
1294 4523 1410 4576 ἐστὶ
1438 4523 1614 4586 Κάδες
1639 4540 1654 4554 ·
1696 4524 1813 4576 ἐκεῖ

1906 3348 2034 3387 mon
2086 3331 2331 3397 Phares;
2361 3331 2428 3386 de
2466 3331 2734 3387 Remmon
2783 3331 2990 3389 Phares
3019 3336 3075 3389 in
3107 3333 3379 3404 Lemona;
3405 3336 3475 3393 de

1904 3421 2141 3478 Lemona
2192 3423 2248 3477 in
2291 3422 2531 3490 Dessan;
2577 3422 2646 3481 de
2702 3423 2910 3480 Dessan
2946 3424 3002 3479 in
3060 3423 3376 3494 Macellatb;
3407 3427 3476 3483 de

1904 3513 2187 3568 Macellath
2222 3514 2298 3568 -in
2356 3512 2598 3583 Saplnar;
2640 3514 2708 3569 de
2765 3514 2976 3586 Saphar
3030 3516 3085 3571 in
3125 3517 3471 3583 Charadath;

1906 3605 1975 3660 de
2017 3604 2326 3660 Charadath
2376 3604 2430 3658 in
2491 3603 2791 3672 Maceloth;
2823 3605 2890 3661 de
2939 3605 3206 3662 Maceloth
3261 3609 3315 3662 in
3370 3608 3477 3664 Ca-

1905 3698 2095 3763 taath;
2157 3696 2224 3752 de
2280 3696 2510 3752 Cataath
2588 3697 2644 3751 in
2699 3696 2941 3764 Tarath;
3003 3700 3072 3754 de
3153 3698 3355 3754 Tarath
3419 3702 3477 3755 in

1908 3785 2177 3852 Matteca;
2217 3787 2283 3840 de
2318 3784 2545 3840 Mattcca
2590 3786 2644 3840 in
2684 3783 2966 3852 Selmona;
3001 3788 3070 3843 de
3115 3787 3370 3844 Selmona
3418 3790 3476 3845 in

1908 3874 2187 3931 Masuroth
2217 3892 2232 3941 ;
2268 3875 2336 3930 de
2368 3873 2648 3930 Masuroth
2696 3874 2753 3930 in
2788 3875 3019 3933 Banzea:
3057 3876 3125 3932 de
3158 3874 3356 3933 Banzea
3407 3879 3478 3936 ad

1908 3975 2149 4022 montem
2181 3965 2434 4037 Gadgad;
2464 3964 2532 4020 de
2575 3973 2761 4022 monte
2791 3965 3015 4039 Gadgad
3060 3968 3119 4023 in
3169 3969 3475 4041 Etabatba;

1908 4058 1976 4114 de
2008 4057 2275 4113 Etabatba
2315 4058 2371 4112 in
2415 4057 2693 4126 Sebrona;
2723 4058 2791 4113 de
2823 4056 3068 4115 Sebrona
3097 4059 3156 4115 in
3181 4059 3482 4134 Gesionga-

1908 4151 2037 4218 her;
2073 4152 2140 4207 de
2160 4150 2533 4223 Gesiongaber
2559 4153 2616 4207 in
2655 4152 3007 4208 solitudinem
3041 4152 3172 4222 Sin;
3218 4171 3248 4211 e
3287 4158 3481 4212 solitu-

1909 4245 2037 4301 dine
2072 4244 2170 4299 Sin
2224 4244 2281 4301 in
2337 4244 2690 4301 solitudinem
2720 4244 2959 4311 Pharan,
2988 4262 3111 4318 qua:
3139 4255 3223 4304 est
3253 4247 3427 4305 Cades
3461 4268 3477 4305 :

1909 4337 1984 4392 ibi
2017 4344 2233 4391 mortua
2296 4345 2380 4393 est
2442 4336 2630 4394 Maria.
2658 4337 2701 4392 E
2740 4338 2916 4395 Cades
2962 4339 3028 4393 ad
3078 4347 3313 4395 montem
3347 4340 3477 4408 Hor,

1910 4443 2081 4499 prope
2108 4436 2310 4483 terram
2334 4427 2529 4495 Edom,
2555 4445 2664 4500 quo
2689 4445 2994 4486 conscenso
3018 4430 3202 4488 Aaron
3233 4449 3481 4491 summus

1912 4520 2167 4576 sacerdos
2192 4521 2350 4591 jussu
2379 4520 2594 4578 Domini
2628 4532 2879 4579 mortuus
2907 4532 3014 4588 est,
3034 4540 3177 4580 anno
3205 4528 3482 4598 egressio-

220 4619 497 4676 ἀπέθανεν
526 4620 770 4691 Μαριάμ
794 4619 854 4671 ἐν
891 4616 1049 4694 Κάδῃ
1069 4633 1082 4646 ·
1124 4616 1233 4670 61:6
1263 4614 1448 4685 Κάδης
1481 4616 1562 4679 εἰς
1610 4616 1709 4687 Ὢρ
1750 4614 1806 4669 :6

1912 4611 2000 4665 uis
2057 4610 2291 4665 ﬁliorum
2346 4610 2512 4667 lsrael
2547 4612 2989 4683 quadragesimo,
3035 4628 3225 4670 mense
3262 4617 3479 4687 quinto,

218 4711 349 4783 δρας
379 4714 612 4785 πλησίον
635 4712 742 4782 γῆς
781 4706 984 4779 Ἐδὼμθ
1012 4706 1134 4770 είςδ
1156 4706 1360 4770 ἀναδάς
1402 4705 1608 4777 Ἀαρὼν
1635 4707 1663 4759 ὁ
1686 4707 1813 4777 ἀπ’

223 4807 404 4873 ιερεῦς
447 4805 691 4859 ἀπέθανε
739 4801 834 4855 διὰ
879 4800 1313 4872 προσταγμάτων
1354 4800 1559 4865 Κυρίου
1615 4800 1675 4852 ἐν
1732 4798 1825 4869 τῷ,

220 4898 650 4969 τεσσαρακοστῷ
676 4896 791 4949 ἔτει
816 4895 918 4965 τῆς
961 4891 1141 4957 ἐξόδου
1164 4892 1272 4946 τῶν
1299 4891 1430 4946 υἱῶν
1477 4891 1711 4963 Ἰσραὴλ,
1754 4893 1811 4945 ἐν

219 4988 300 5058 τῷ
330 4993 462 5062 μηνὶ
484 4990 564 5062 τῷ
592 4990 858 5061 πέμπτῳ,
891 4986 991 5057 μιᾷ
1018 4984 1113 5039 τοῦ
1143 4985 1330 5056 μηνὸς,
1358 4984 1495 5038 ἐτῶν
1537 4991 1674 5056 ρκτ·
1704 4983 1812 5037 61:6

226 5079 331 5150 Ὣρ
356 5081 450 5134 τοῦ
491 5080 653 5154 ὅρους
694 5080 779 5141 εἰς
811 5074 1107 5145 Σελμῶνα’
1145 5074 1240 5128 καὶ
1277 5074 1385 5128 61:6
1415 5073 1695 5145 Σελμῶνος
1732 5073 1813 5139 εἰς

223 5169 397 5225 Φεινὼ
417 5191 433 5204 ·
459 5176 555 5228 καὶ
574 5171 689 5227 ἀπὸ
709 5166 890 5223 Φεινὼ
915 5168 996 5229 εἰς
1024 5165 1221 5222 Σωϐὡθ
1253 5166 1385 5238 (91)·
1418 5167 1511 5219 καὶ
1555 5166 1663 5219 61:6
1700 5167 1814 5218 Σω-

225 5261 341 5317 εὼθ
358 5268 412 5320 ἐν
431 5268 552 5333 Γαὶ,
578 5268 640 5319 ἐν
661 5262 744 5334 τῷ
765 5262 946 5333 πέραν
969 5258 1063 5311 ἐπὶ⁴
1076 5258 1369 5331 τῶνςόρίων
1387 5257 1566 5314 Μοάὸ·
1591 5256 1698 5311 61:6
1717 5257 1815 5311 l‘6't

224 5356 309 5419 εἰς
345 5358 663 5431 Δαιεωνγάδ
685 5374 699 5388 ⁸
750 5354 864 5410 61:6
909 5350 1227 5421 Δαιδωνγὰδ
1261 5353 1340 5415 εἰς
1372 5349 1815 5422 Γελμωνδαιϐλα-

227 5444 337 5520 “tt
361 5453 465 5524 (92)
487 5472 501 5487 ο
545 5456 643 5511 καὶ
680 5451 796 5507 61:6
828 5449 1356 5523 Γελμωνδαιὸλαθὲμ
1394 5449 1487 5504 ἐπὶ
1514 5447 1586 5503 τὰ
1612 5447 1713 5521 ὅρη
1747 5446 1816 5502 :6

292 5631 407 5707 (ss)
439 5635 514 5698 θ’,
539 5634 738 5707 Δξλίμ.

288 5702 406 5839 ἱξρ)
432 5708 508 5772 0',
531 5708 651 5761 Σίν.

360 5781 400 5839 ι)
432 5778 509 5839 0⁸,
538 5777 651 5831 AD“

310 5773 400 5847 87)
432 5778 509 5842 0',
538 5773 771 5847 Alloﬁc.

286 5841 402 5918 (88)
435 5849 511 5910 θ’.
559 5841 854 5918 Ἀσηρίέιθτ

284 5906 400 5987 (89)
432 5906 511 5987 θ’,
545 5906 815 5975 Λεὸὥνά.
852 5909 1082 5975 Ibidem,
1110 5916 1151 5964 o’
1184 5906 1440 5976 Ῥεσσών,
1466 5906 1814 5981 νῑοΔεσσάν,

1915 4700 2091 4772 prima
2121 4700 2365 4757 mensis:
2392 4716 2518 4756 eum
2567 4701 2791 4757 vixisset
2824 4717 3000 4757 annos
3039 4712 3259 4758 centum
3289 4704 3481 4775 viginti

1912 4800 2046 4848 tres.
2084 4790 2162 4847 De
2199 4799 2383 4847 monte
2432 4791 2542 4849 Hor
2573 4795 2637 4848 ad
2678 4792 2969 4861 Selmona;
3000 4794 3068 4850 de
3121 4794 3373 4851 Sclmone
3426 4797 3484 4851 in

1913 4881 2127 4952 Phino;
2159 4884 2226 4939 de
2275 4883 2453 4938 Phino
2482 4885 2538 4939 in
2575 4883 2814 4953 Soboth;
2850 4886 2918 4942 de
2947 4886 3153 4942 Soboth
3191 4888 3245 4942 in
3285 4886 3397 4950 ϐω,
3426 4887 3479 4941 in

1913 4975 2168 5030 ulteriori
2198 4975 2352 5051 105
2379 4984 2534 5045 parte
2567 4976 2634 5031 ad
2664 4977 2931 5032 terminos
2970 4974 3164 5043 Moab;
3195 4978 3261 5051 de
3292 4975 3385 5032 Gaz
3427 4978 3482 5032 in

1914 5066 2220 5137 Daebongad
2240 5085 2271 5134 ς,
2301 5082 2330 5121 a
2362 5066 2667 5137 Daebongad
2695 5066 2765 5120 ad
2785 5066 3357 5135 Gelmondeblathem;
3416 5068 3486 5124 de

1914 5158 2458 5215 Gelmondeblathem
2510 5158 2579 5213 ad
2644 5166 2859 5214 montes
2900 5158 3121 5214 Abarim
3171 5173 3202 5212 e
3262 5160 3487 5229 regione

1912 5251 2103 5320 Abau;
2128 5251 2193 5306 de
2227 5250 2506 5306 montibus
2543 5251 2767 5307 Abarim
2805 5250 2874 5306 ad
2905 5250 3244 5307 occidentem
3300 5251 3481 5319 Moab.

1917 5358 2088 5415 prope
2138 5341 2431 5398 Iordanem
2476 5342 2633 5413 juxta
2680 5342 2923 5408 Jerieho,
2971 5343 3064 5399 ubi
3112 5349 3487 5402 castrametati

1918 5445 2068 5492 sunt.
2100 5434 2413 5490 Mansiones
2434 5442 2564 5491 sunt
2592 5434 2956 5506 quadraginta
2984 5443 3118 5492 tres.

1917 5613 2235 5698 exproclnivi
2261 5612 2603 5698 mutatione,
2619 5613 2714 5669 τοῦ
2746 5627 2790 5675 ’π
2822 5618 2876 5670 in
2903 5627 2956 5698 τ,

2009 5683 2098 5761 90)
2133 5685 2209 5761 ρ’,
2240 5687 2344 5761 eli
2366 5683 2634 5761 ξΕὸρωνά.
2674 5701 2739 5740 ex
2756 5693 3025 5761 ‘repetito,
3059 5707 3111 5752 σ,
3144 5690 3415 5761 Σεϐρωνά.

2009 5689 2103 5830 9οζ
2133 5689 2209 5749 0',
2240 5689 2319 5747 εἰς
2366 5689 2634 5768 ξιςσρωνά.
2674 5701 2739 5740 ex
2756 5693 3025 5768 .repetito,
3059 5707 3111 5752 σ,
3144 5690 3415 5761 Σεϐρωνά.

2140 5752 2563 5878 Egi-ex
2605 5764 2833 5826 repetito
2862 5774 2895 5810 σ
2937 5761 3357 5830 praepositionis,
3386 5761 3511 5823 εῐςκ

1916 5831 2120 5888 factum
2146 5833 2249 5889 est,
2278 5831 2497 5877 Σωδωθ.

1988 5898 2100 5968 (92)
2136 5896 2212 5962 0',
2245 5892 2570 5963 Δεσλαθαῖμ.
