4008 6404
503 457 607 512 δῖΠ

1615 456 1670 512 S.
1714 456 2174 514 ATHANASIUS.
2212 490 2280 501 —
2319 457 2544 515 DUBtA.

3638 451 3739 508 308

517 576 780 647 Ἀϐαρεὶμ
843 575 1100 628 ἀπέναντι
1151 572 1313 626 Ἀϐαὖ
1359 571 1501 644 (95)’
1543 574 1649 628 ἀπὸ
1722 576 1893 648 ὀρέων
1947 577 2211 650 Ἀϐαρεὶμ
2260 581 2340 642 είς
2407 577 2614 650 δυσμὰς
2655 576 2867 643 Μωάϐ,
2919 575 3070 647 παρά
3121 574 3216 628 τοῦ
3286 572 3550 648 Ἰορδάνου
3601 573 3744 627 κατὰ

517 671 746 741 Ἰεριχὼ,
787 671 880 725 καὶ
916 668 1278 742 παρενέϐαλον
1320 669 1470 741 παρὰ
1522 670 1809 742 Ἰορδάνην.
1857 674 1919 726 Οί
1964 673 2062 744 μὲν
2099 673 2328 746 σταθμοὶ
2351 679 2460 745 μγ¹.

577 765 678 821 Hic
706 781 834 822 vero
866 767 1084 820 tandem
1122 774 1276 820 trans
1301 763 1594 821 Jordanem
1638 766 1776 823 fusis
1821 783 1884 823 ac
1911 768 2066 824 devi-
2095 776 2142 831 Α

509 860 612 912 ctis
647 857 900 928 gentibus
926 856 1157 927 Moyses,
1195 870 1259 910 ac
1289 856 1488 912 occisis
1521 856 1701 912 Sehon
1731 875 1856 930 rege
1881 859 2077 914 Amor-

510 953 802 1016 rbmorum,
852 957 904 1004 et
947 948 1026 1020 0g
1077 965 1204 1020 rege
1258 950 1457 1018 Basan,
1504 951 1599 1021 qui
1649 967 1716 1008 ex
1767 953 2079 1023 gigantibus

512 1050 650 1104 erat,
695 1055 790 1094 eas
834 1039 1088 1109 regiones
1140 1039 1454 1106 Rubenitis,
1490 1039 1701 1096 Gaditis
1746 1049 1800 1097 et
1841 1043 2078 1097 dimidiae

508 1131 674 1186 tribui
709 1129 959 1186 Manasse
987 1130 1105 1186 dari
1135 1131 1382 1200 jubetur,
1419 1132 1746 1202 disponique
1776 1141 1835 1186 ut
1874 1132 2078 1188 Levitis

512 1223 608 1276 ﬁlii
641 1222 806 1280 Israel
837 1223 906 1278 de
933 1223 1301 1292 possessionis
1341 1240 1454 1281 suae
1483 1227 1725 1281 sortibus
1767 1227 1964 1281 darent
1998 1226 2078 1280 ci-

507 1315 706 1370 vitates
762 1313 829 1368 ad
883 1311 1275 1380 habitandum,
1327 1323 1380 1369 et
1426 1315 1712 1369 civitatum
1771 1315 2074 1370 suburbia:

509 1405 706 1461 deinde
748 1414 803 1460 et
849 1406 1102 1462 civitates
1147 1405 1364 1477 refugii,
1402 1415 1512 1462 tres
1564 1414 1718 1461 trans
1761 1405 2075 1468 Jordanem,

507 1502 564 1549 et
593 1502 702 1550 tres
741 1495 798 1549 in
846 1503 993 1549 terra
1038 1494 1321 1559 Chanaan,
1353 1510 1474 1566 qum
1515 1495 1582 1549 ad
1627 1496 1732 1549 hoc
1761 1495 1948 1565 positae
1991 1510 2081 1549 es-

511 1593 655 1651 sent,
695 1595 756 1642 ut
791 1586 860 1640 ad
887 1603 982 1644 eas
1014 1589 1243 1658 fugeret,
1275 1588 1321 1644 si
1347 1587 1618 1658 quispiam
1649 1586 1925 1641 hominem
1948 1600 2082 1641 con-

511 1689 597 1734 tra
627 1682 796 1736 animi
825 1683 913 1738 sui
945 1685 1270 1739 sententiam
1299 1682 1615 1745 occidisset,
1642 1695 1712 1734 ne
1735 1679 2082 1750 praecipitan-

512 1782 594 1827 ter
633 1773 704 1828 ab
748 1774 921 1829 occisi
965 1783 1194 1846 cognato
1235 1773 1606 1844 deprehensus
1652 1773 2081 1839 interimeretur,

513 1863 688 1919 donec
711 1864 924 1935 judicio
953 1881 1141 1920 coram
1194 1863 1482 1936 Synagoga
1527 1862 1646 1919 sisti
1675 1870 1883 1934 posset.
1914 1861 2082 1919 Jube-

513 1964 606 2010 tur
638 1956 744 2012 hoc
772 1957 912 2013 libro
941 1959 1174 2029 populus
1200 1957 1444 2012 ﬁmbrias
1483 1957 1539 2011 in
1567 1957 1752 2027 palliis
1781 1955 1984 2023 facere,
2029 1963 2084 2012 et

513 2047 747 2105 ﬁmbriis
773 2050 1062 2105 adnectere
1085 2050 1250 2105 vittas
1279 2048 1686 2120 byacintbinas,
1718 2056 1780 2102 ut
1812 2049 1922 2104 illis
1951 2063 2082 2104 con-

2239 764 2365 824 Ὦδε
2396 771 2454 824 δὲ
2489 767 2776 841 τροπώσας
2807 767 2902 822 καὶ
2938 767 3217 841 κρατήσας
3240 763 3430 828 ὲθνῶν,
3457 764 3516 819 έν
3546 762 3624 834 τῷ
3645 761 3742 816 πέ-

2179 880 2281 934 ραν
2321 862 2416 916 τοῦ
2471 861 2730 933 Ἰορδάνου
2772 859 3039 931 Μωῠσῆς,
3087 858 3180 912 καὶ
3231 857 3605 930 ἀναιρεθέντος
3651 855 3740 910 τοῦ

2177 953 2331 1025 Σηὼν
2365 952 2630 1023 βασιλέως
2659 951 2766 1004 τῶν
2809 951 3170 1022 Ἀμορραίων,
3210 951 3303 1004 καὶ
3341 948 3432 1002 τοῦ
3461 949 3562 1018 ’Ὡγ
3591 950 3743 1019 βασι-

2177 1040 2312 1104 λέως
2338 1040 2436 1110 τῆς
2465 1040 2664 1104 Βασάν,
2695 1039 2753 1104 ὃς
2790 1035 2859 1111 ῆν
2887 1041 2952 1094 ὲκ
2992 1039 3100 1093 τῶν
3146 1039 3435 1108 γιγάντων,
3468 1039 3743 1094 κελεύεται

2177 1129 2446 1183 διαδοῦναι
2479 1130 2576 1194 τὰς
2621 1128 2803 1200 χώρας
2833 1129 2912 1200 τῷ
2955 1128 3200 1199 Ῥουϐὶμ,
3241 1127 3441 1199 καὶτῷ
3487 1128 3612 1195 Γὰδ,
3661 1130 3748 1182 καὶ

2177 1220 2254 1291 τῷ
2285 1221 2472 1292 ἡμίσει
2507 1221 2679 1292 φυλῆς
2717 1222 3002 1292 Μανασσῆ,
3048 1222 3143 1274 καὶ
3177 1220 3428 1285 συντάξαι
3460 1225 3575 1284 τοῖς
3618 1223 3748 1285 υἱοῖς

2190 1310 2406 1380 Ἰσραὴλ
2442 1310 2623 1364 δοῦναι
2661 1314 2774 1374 τοῖς
2804 1312 3058 1374 Δευῖταις
3109 1309 3215 1364 ἀπὸ
3249 1310 3358 1363 τῶν
3385 1310 3603 1382 κλήρων
3652 1311 3749 1380 τῆς

2178 1401 2559 1471 κατασχέσεως
2592 1401 2770 1455 αὐτῶν
2815 1402 2999 1466 πόλεις
3040 1403 3314 1454 κατοικεῖν
3368 1401 3464 1454 καὶ
3508 1401 3578 1455 τὰ
3615 1416 3761 1472 προο·

2179 1494 2372 1548 άστεια
2391 1493 2498 1548 τῶν
2521 1494 2728 1550 πόλεων
2747 1511 2761 1525 ο
2783 1495 2876 1549 καὶ
2902 1495 3065 1548 πάλιν
3082 1493 3264 1547 δοῦναι
3279 1492 3463 1557 πόλεις
3487 1491 3751 1562 φυγαδευ-

2177 1587 2404 1658 τηρίων,
2436 1590 2584 1660 τρεῖς
2625 1587 2723 1658 μὲν
2764 1587 2936 1660 πέραν
2973 1587 3067 1640 τοῦ
3115 1587 3400 1659 Ἰορδάνου,
3423 1589 3572 1658 τρεῖς
3604 1586 3660 1639 δὲ
3697 1587 3750 1640 ἐν

2179 1682 2250 1750 γῇ
2280 1678 2521 1744 Χαναὰν,
2543 1681 2636 1733 καὶ
2666 1674 2803 1733 εἶναι
2825 1680 3027 1744 ταύτας
3050 1680 3142 1733 ἐπὶ
3169 1679 3247 1751 τῷ
3280 1681 3617 1749 καταφυγεῖν
3640 1679 3751 1732 ἐκεῖ

2179 1770 2270 1824 τὸν
2313 1770 2582 1834 ἀκουσίως
2631 1772 2984 1841 φονεύσαντα,
3035 1772 3130 1825 καὶ
3175 1771 3250 1843 μὴ
3279 1771 3568 1843 προπετῶς
3601 1771 3751 1824 ἀναι-

2185 1863 2391 1934 ρεῖσθαι
2421 1864 2526 1918 ὑπὸ
2547 1863 2642 1917 τοῦ
2674 1864 2968 1934 συγγενοῦς
2999 1863 3094 1917 τοῦ
3124 1863 3492 1933 φονευθέντος,
3520 1864 3626 1927 ἕως
3656 1865 3750 1935 στῇ

2181 1950 2363 2004 ἔναντι
2393 1953 2492 2023 τῆς
2526 1953 2847 2024 συναγωγῆς
2882 1955 2962 2017 είς
2990 1954 3188 2025 κρίσιν.
3235 1954 3323 2008 Ἐν
3354 1954 3529 2025 τούτῳ
3563 1953 3642 2024 τῷ
3674 1953 3752 2024 βιο

2183 2043 2316 2115 ϐλίῳ
2342 2043 2620 2098 κελεύεται
2652 2046 2681 2098 ὁ
2702 2043 2828 2107 λαὸς
2859 2045 3080 2115 ποιῆσαι
3101 2045 3383 2116 κράσπεδα
3410 2047 3469 2098 ὲν
3501 2048 3612 2109 τοῖς
3635 2047 3753 2116 ίμα-

512 2141 720 2211 spectis
739 2142 1117 2197 mandatorum
1146 2141 1242 2196 Dei
1273 2156 1343 2196 ne
1367 2141 1844 2197 obliviscerentur.
1869 2140 1968 2196 Hic
1997 2155 2084 2195 ac-

2188 2133 2318 2197 τίοις
2351 2133 2578 2200 ἑαυτῶν,
2615 2135 2709 2188 καὶ
2746 2134 2839 2187 ἐπὶ
2884 2134 2993 2188 τῶν
3033 2136 3354 2207 κρασπέδων
3395 2136 3627 2206 κλῶσμα
3660 2137 3753 2189 ὑαα

511 2233 724 2303 cipiunt
761 2242 816 2290 et
845 2233 968 2289 ﬁlia:
998 2233 1236 2305 Salpaad
1276 2240 1480 2289 sortem
1511 2233 1686 2303 patris
1733 2233 1840 2298 sui,
1878 2241 1932 2288 et
1963 2233 2084 2287 illa-

511 2340 634 2380 rum
665 2327 953 2382 occasione
976 2327 1296 2382 mandatum
1330 2324 1545 2380 Domini
1577 2325 1760 2391 datur,
1795 2332 1849 2380 et
1877 2325 1964 2379 lex
1987 2338 2086 2394 po-

509 2418 684 2483 nitur,
718 2434 826 2488 qua
847 2434 948 2488 pro
975 2419 1235 2489 legitimis
1259 2419 1631 2474 decernuntur
1651 2431 1777 2471 cum
1801 2416 2086 2471 consobri-

508 2511 598 2566 nis
625 2511 760 2565 inita
783 2511 1060 2582 conjugia.
1089 2510 1304 2582 Moyses
1323 2526 1453 2566 vero
1476 2521 1678 2565 terram
1703 2509 2085 2579 promissionis

509 2601 649 2656 vidit
686 2602 753 2658 de
794 2608 980 2655 monte
1006 2599 1252 2665 Abarim,
1288 2600 1393 2654 hoc
1436 2607 1524 2654 est
1552 2598 1704 2653 Abau
1733 2617 1746 2652 :
1773 2598 2085 2668 audivitque

512 2708 546 2748 a
579 2692 712 2754 Deo,
745 2693 890 2762 quod
923 2693 1072 2746 illam
1111 2691 1462 2761 ingressurus
1498 2706 1607 2745 non
1647 2697 1816 2754 esset,
1864 2698 2086 2761 propter

512 2784 989 2840 exacerbationem
1025 2782 1094 2837 ad
1127 2797 1326 2853 aquam
1374 2782 1827 2838 contradictionis
1861 2781 2082 2836 factam.

511 2877 763 2933 Mortuus
796 2887 882 2932 est
917 2885 1099 2930 autem
1131 2874 1312 2930 Aaron
1338 2889 1608 2929 annorum
1643 2883 1859 2928 centum
1891 2874 2084 2944 viginti

511 2969 702 3032 trium,
749 2982 894 3022 anno
952 2975 1076 3039 post
1118 2967 1321 3022 exitum
1365 2965 1586 3037 Egypti
1641 2965 2082 3036 quadragesimo,

511 3067 702 3108 mense
730 3053 941 3121 quinto.
977 3051 1080 3117 Qui
1121 3062 1299 3105 autem
1333 3051 1400 3104 ad
1433 3050 1827 3120 explorandam
1881 3060 2082 3106 terram

512 3143 671 3198 missi
705 3149 854 3207 sunt,
886 3143 1118 3212 quisqtte
1156 3142 1224 3196 de
1253 3156 1351 3196 sua
1382 3141 1550 3206 tribu,
1581 3143 1736 3211 juxta
1769 3142 2084 3197 mandatum

512 3232 730 3287 Domini
775 3233 1048 3302 desumpti
1093 3239 1258 3287 sunt:
1283 3231 1479 3286 borum
1512 3234 1732 3287 nomina
1775 3241 1904 3288 sunt
1933 3235 2081 3291 ista:

513 3322 592 3378 De
623 3323 766 3377 tribu
796 3322 1012 3388 Ruben,
1047 3322 1301 3378 Salamicl
1335 3324 1478 3380 ﬁlius
1519 3324 1799 3390 Zaccbur;
1838 3325 1905 3381 de
1937 3327 2084 3381 tribu

517 3417 766 3481 Simeon,
801 3415 1004 3487 Sapbat
1049 3417 1192 3472 ﬁlius
1227 3416 1382 3485 Suri;
1413 3417 1480 3473 de
1519 3419 1666 3472 tribu
1689 3417 1848 3485 Juda,
1880 3419 2083 3475 Chaleb

515 3509 663 3579 ﬁlius
689 3507 967 3578 Jeplione;
992 3508 1058 3563 de
1086 3508 1232 3562 tribu
1257 3509 1499 3573 Isachar,
1530 3510 1660 3564 Ilaal
1685 3510 1829 3565 ﬁlius
1849 3509 2082 3582 Joseplt;

515 3600 586 3656 (le
637 3599 786 3654 tribu
833 3598 1112 3668 Epltraim,
1157 3599 1368 3655 Nauses
1413 3600 1556 3656 ﬁlius
1602 3599 1780 3670 Nave;
1831 3603 1898 3657 de
1938 3605 2084 3658 tribu

515 3691 828 3760 Benjamin,
864 3690 1082 3745 Phaltin
1117 3690 1262 3747 ﬁlius
1289 3691 1517 3763 Baphu;
1551 3694 1618 3748 de
1647 3695 1790 3749 tribu
1819 3695 2084 3760 Zabulon,

515 3785 897 3840 Gudiel-ﬁlius
942 3782 1114 3851 Sudi;
1151 3786 1221 3842 de
1263 3785 1410 3840 tribu
1440 3784 1668 3856 Joseph,
1705 3787 1939 3842 ﬁliorum
1974 3787 2088 3841 Ma-

514 3892 731 3940 nasses,
772 3875 944 3931 Gaddi
993 3877 1136 3931 ﬁlius
1179 3876 1372 3944 Sussi;
1409 3875 1476 3931 de
1520 3879 1672 3932 tribu
1713 3878 1848 3940 Dan,
1900 3879 2085 3934 Amies

513 3969 662 4022 ﬁlius
688 3965 905 4033 Gamm;
936 3967 1004 4022 de
1033 3967 1180 4021 tribu
1216 3969 1376 4031 Aser,
1410 3965 1612 4021 Satliur
1644 3969 1788 4024 ﬁlius
1819 3968 2082 4037 Michael;

516 4058 586 4113 de
631 4057 778 4111 tribu
822 4054 1192 4126 Nephthalim,
1224 4054 1366 4109 Nabi
1426 4054 1570 4110 ﬁlius
1622 4055 1794 4124 Nabi;
1835 4057 1901 4112 de
1935 4057 2084 4112 tribu

514 4149 652 4215 Gad,
684 4146 1045 4203 Gaddidudicl
1092 4149 1237 4204 ﬁlius
1289 4147 1484 4203 Maclti.
1520 4147 1699 4205 Locus
1747 4165 1897 4214 vero,
1944 4148 2086 4204 unde

515 4241 673 4297 missi
701 4248 850 4304 sunt,
873 4251 955 4295 est
975 4239 1193 4305 PJtaran
1226 4249 1281 4296 et
1301 4239 1476 4297 Cades
1505 4243 1698 4298 Barne.
1727 4241 1882 4296 Tunc
1905 4239 2089 4295 Nause

513 4335 689 4390 ﬁlium
718 4331 868 4387 Nave
894 4331 1107 4403 Moyses
1138 4330 1325 4387 Jesum
1363 4334 1687 4389 nominavit.
1728 4333 1967 4404 Tempus
1989 4349 2088 4387 au-

513 4431 650 4489 tem,
685 4438 794 4494 quo
836 4425 990 4478 missi
1037 4431 1187 4488 sunt,
1240 4433 1357 4480 erat
1386 4426 1531 4481 veris
1581 4425 1844 4489 medium,
1881 4425 1939 4478 in
1978 4439 2088 4495 quo

512 4516 628 4588 jam
654 4516 965 4586 prmmaturi
998 4515 1139 4571 botri
1172 4524 1359 4584 erant;
1395 4527 1452 4573 et
1482 4519 1620 4585 dies,
1649 4519 1852 4590 quibus
1888 4525 2086 4573 terram

515 4608 891 4677 explorarunt,
926 4607 1146 4663 fuerunt
1175 4608 1554 4679 quadraginta.

2183 2226 2438 2290 κίνθινον,
2465 2225 2550 2278 ἵνα
2586 2225 2874 2296 βλέποντες
2901 2225 3040 2279 αὐτὰ
3071 2227 3145 2297 μὴ
3169 2227 3631 2282 ἐπιλανθάνωνται
3651 2227 3754 2280 τῶν

2182 2317 2410 2372 ἐντολῶν
2432 2316 2524 2370 τοῦ
2553 2317 2708 2370 Θεοῦ.
2743 2312 2870 2370 Ὧδε
2907 2317 3242 2388 λαμϐάνουσι
3273 2319 3472 2390 κλῆρον
3500 2321 3556 2373 αι
3593 2319 3755 2388 θυγα-

2183 2409 2340 2480 τέρες
2368 2407 2642 2470 Σαλπαάδ.
2684 2408 2776 2462 τὸν
2804 2407 2898 2460 τοῦ
2929 2409 3132 2478 πατρὸς
3169 2410 3373 2464 ἑαυτῶν
3396 2429 3410 2442 ·
3440 2411 3534 2465 καὶ
3567 2412 3632 2464 ἐκ
3663 2413 3757 2482 τῆς

2184 2500 2509 2570 προφάσεως
2538 2500 2716 2554 αὐτῶν
2743 2501 2948 2569 γίνεται
2977 2501 3304 2573 πρόσταγμα
3330 2503 3536 2575 Κυρίου
3561 2503 3655 2556 καὶ
3669 2504 3761 2556 ’νό-

2187 2611 2305 2665 μος,
2341 2594 2569 2664 νόμιμον
2610 2590 2748 2646 εἶναι
2790 2594 2966 2665 γάμον
3006 2595 3106 2666 τὴν
3144 2595 3280 2666 πρὸς
3312 2595 3565 2665 ἀνεψιοὺς
3599 2592 3760 2659 συζυ-

2183 2687 2326 2756 γίαν.
2359 2687 2467 2740 Καὶ
2489 2687 2725 2758 Μωῦσῆς
2747 2679 2850 2740 ὧδε
2873 2683 3008 2740 εἶδεν
3041 2687 3148 2742 ἀπὸ
3170 2687 3263 2741 τοῦ
3292 2687 3448 2758 ὅρους
3474 2686 3569 2740 τοῦ
3607 2689 3764 2740 Ἀϐαο

2185 2779 2332 2851 ρεὶμ,
2353 2779 2626 2832 τουτέστιν
2670 2779 2859 2844 Ἀϐαὖ,
2890 2780 2988 2852 τὴν
3012 2781 3115 2851 γῆν
3141 2781 3240 2852 τῆς
3269 2780 3599 2848 ἐπαγγελίας
3618 2798 3632 2812 ο
3669 2783 3764 2835 καὶ

2183 2871 2446 2942 ἤκουσεν*
2485 2873 2560 2925 Οὐ
2607 2871 2681 2943 μὴ
2727 2871 2974 2944 εἰσέλθῃς
3008 2873 3124 2926 ἐκεῖ
3167 2873 3254 2926 διὰ
3283 2874 3373 2926 τὸν
3415 2873 3765 2945 παροξυσμὸν

2182 2962 2272 3015 τὸν
2302 2963 2359 3015 ἐν
2382 2961 2460 3033 τῷ
2493 2963 2643 3017 ὕδατι
2670 2963 2770 3034 τῆς
2811 2963 3135 3032 ἀντιλογίας.
3166 2963 3426 3018 Ἀπέθανε
3460 2963 3514 3017 δὲ
3553 2963 3765 3036 Ἀαρὼν

2183 3053 2320 3107 ἐτῶν
2349 3060 2466 3126 ρκγ⁹
2499 3055 2576 3128 τῷ
2600 3056 3019 3128 τεσσαρακοστῷ
3037 3055 3145 3108 ἔτει
3169 3055 3269 3125 τῆς
3290 3055 3466 3122 ἐξόδου
3485 3097 3499 3121 ,
3532 3056 3612 3127 τῷ
3639 3057 3767 3128 μηνὶ

2182 3145 2259 3217 τῷ
2287 3147 2541 3218 πέμπτῳ.
2582 3149 2646 3201 Οἱ
2670 3148 2727 3202 δὲ
2753 3147 3148 3212 ἀποσταλέντες
3173 3149 3618 3219 κατασκέψασθαι
3667 3149 3766 3220 τὴν

2182 3237 2318 3306 γῆν,
2355 3238 2418 3290 ἐκ
2470 3235 2568 3308 μὲν
2617 3237 3034 3314 προστάγματος
3062 3238 3268 3309 Κυρίου
3307 3237 3585 3309 ἀπεστάλη
3627 3239 3766 3311 ἀνὴρ

2183 3327 2412 3391 ἕκαστος
2462 3328 2603 3383 κατὰ
2659 3329 2866 3400 φυλήνο
2918 3328 2988 3381 τὰ
3031 3329 3090 3381 δὲ
3131 3330 3370 3406 ὀνόματα
3418 3329 3600 3383 αὐτῶν
3652 3333 3769 3384 ἐστι

2184 3419 2388 3472 ταῦτα’
2424 3419 2525 3489 τῆς
2567 3421 2741 3491 φυλῆς
2784 3421 2876 3476 τοῦ
2920 3421 3144 3496 Ῥουϐὶμ
3190 3421 3470 3493 Σαλαμιὴλ
3505 3422 3618 3492 (94)
3653 3424 3769 3487 υἱὸς

2186 3510 2469 3582 Ζακχούρ·
2506 3513 2603 3583 τῆς
2651 3513 2823 3584 φυλῆς
2869 3513 3094 3586 Συμεὼν
3142 3512 3328 3584 Σαφὰτ
3376 3514 3490 3577 υἱὸς
3539 3515 3766 3586 Σουρείο

2185 3602 2283 3672 τῆς
2322 3603 2492 3673 φυλῆς
2541 3603 2710 3657 Ἰούδα
2757 3606 2935 3658 Χαλὲϐ
2993 3607 3107 3671 υἱὸς
3163 3605 3401 3675 Ἰεφονῆο
3456 3605 3558 3675 τῆς
3597 3606 3771 3674 φυλῆς

2199 3693 2416 3764 Ἰσαχάρ
2483 3695 2656 3749 Ἰλαὰλ
2687 3697 2800 3761 υἱὸς
2855 3698 3090 3770 Ἰωσήφο
3141 3698 3242 3768 τῆς
3297 3695 3467 3768 φυλῆς
3527 3696 3772 3769 Ἐφραῖμ

2186 3784 2410 3852 Ναυσῆς
2445 3785 2554 3856 (95)
2591 3787 2706 3850 υίὸς
2745 3789 2902 3860 Ναυῆ
2926 3806 2940 3819 ο
2986 3792 3084 3860 τῆς
3128 3788 3299 3859 φυλῆς
3327 3787 3586 3860 Βενιαμὶν
3628 3787 3772 3841 Φαλ-

2184 3877 2298 3929 τεὶν
2332 3877 2445 3940 υἱὸς
2487 3879 2685 3948 Ῥαφοῦ
2705 3897 2720 3910 ·
2743 3882 2842 3952 τῆς
2875 3881 3046 3955 φυλῆς
3071 3879 3355 3935 Ζαϐουλὼν
3387 3879 3616 3952 Γουδιὴλ
3648 3880 3767 3944 υίὸς

2186 3967 2341 4020 Σουδί
2367 3984 2381 3998 ο
2415 3969 2512 4039 τῆς
2541 3970 2712 4043 φυλῆς
2756 3973 2972 4045 Ἰωσὴφ,
2997 3973 3105 4026 τῶν
3139 3965 3280 4026 υἱῶν
3303 3973 3595 4043 Μανασσῆ,
3613 3973 3771 4026 Γαδδὶ

2193 4060 2306 4124 υἱὸς
2337 4061 2531 4113 Σουσσί
2550 4078 2563 4092 ·
2595 4066 2694 4134 τῆς
2725 4065 2895 4136 φυλῆς
2925 4066 3030 4119 Δάν
3060 4066 3252 4138 Ἀμίης
3278 4066 3520 4137 (96)υίὸς
3549 4067 3730 4136 Γαμαί
3748 4082 3765 4097 ⁸

2190 4149 2291 4220 τῆς
2324 4150 2496 4222 φυλῆς
2541 4153 2704 4225 ’Λσὴρ
2755 4156 2966 4228 Σαθοὺρ
3018 4157 3130 4219 υἱὸς
3175 4156 3415 4230 Μιχαὴλ·
3461 4157 3563 4226 τῆς
3597 4157 3774 4228 φυλῆς

2191 4241 2508 4314 Νεφθαλεὶμ
2559 4246 2702 4298 Nam
2756 4247 2868 4311 υἱὸς
2912 4248 3054 4301 Ναϐί
3109 4249 3249 4319 (θην
3285 4249 3383 4318 τῆς
3437 4248 3612 4320 φυλῆς
3667 4248 3773 4300 Γὰδ

2194 4334 2234 4387 Γ
2237 4335 2565 4409 αδδιδουδιὴλ
2598 4338 2712 4403 υἱὸς
2745 4340 2912 4412 Μαχί.
2955 4341 3012 4394 Ὀ
3035 4341 3090 4393 δὲ
3110 4340 3290 4403 τόπος,
3316 4340 3407 4409 ἀφ’
3441 4335 3502 4394 οἵ)
3531 4341 3776 4393 ἀπεστά-

2195 4427 2369 4499 λησάν
2413 4431 2530 4483 ἐστι
2568 4431 2750 4503 Φαράν
2794 4434 2886 4486 καὶ
2936 4433 3121 4504 Κάδης
3161 4433 3364 4504 Βάρνη.
3407 4433 3539 4485 Τότε
3565 4433 3773 4486 ἐπωνό-

2198 4537 2336 4590 μασε
2366 4523 2608 4594 Μωῦσῆς
2643 4525 2734 4578 τὸν
2765 4525 2954 4596 Ναυσῆ
2986 4525 3076 4578 τὸν
3105 4525 3216 4579 υἱὸν
3245 4524 3402 4595 Ναυῆ
3445 4525 3674 4596 Ἰησοῦν.
3713 4525 3774 4578 Ὀ

2193 4612 2250 4666 δὲ
2275 4614 2486 4687 καιρὸς,
2512 4615 2568 4668 ἐν
2613 4609 2657 4684 ᾧ
2683 4616 3058 4687 ἐπέμφθησαν,
3089 4617 3150 4669 τὸ
3177 4617 3338 4688 μέσον
3374 4615 3466 4669 τοῦ
3493 4616 3655 4687 ἔαρος
3683 4612 3775 4686 ἦν,

513 4703 576 4757 ἐν
611 4698 657 4772 ᾧ
703 4704 995 4776 πρόδρομοι
1045 4704 1318 4778 σταφυλῆς
1365 4707 1532 4760 εἰσιν·
1587 4708 1616 4760 ό
1658 4707 1715 4760 δὲ
1771 4707 1979 4780 χρόνος,
2033 4706 2092 4762 ὃν
2118 4708 2380 4783 ἐποίησαν
2445 4711 2939 4776 κατασκοποῦντες,
2975 4713 3032 4765 ὲν
3093 4711 3499 4784 τεσσαράκοντα
3537 4711 3781 4782 ἡμέραις

515 4798 755 4871 γέγονεν.

912 4890 1066 4946 Liber
1107 4891 1169 4958 V,
1207 4894 1692 4949 ueuteronomium.

585 4982 642 5039 9.
683 4983 749 5037 Et
791 4999 940 5039 nunc
971 4985 1175 5039 librum
1210 4985 1424 5058 Moyses
1472 4985 1836 5056 conscripsit,
1888 4993 1943 5041 ct
1968 5003 2089 5058 qua:

515 5074 574 5132 in
614 5075 707 5129 illo
743 5083 872 5131 sunt
903 5077 1120 5133 locutus
1159 5085 1262 5132 est.
1315 5077 1556 5134 Vocatur
1605 5085 1786 5131 autem
1831 5077 1936 5132 hoc
1989 5095 2090 5134 no-

515 5166 686 5230 mine,
734 5167 880 5236 quod
913 5177 1035 5237 post
1064 5175 1343 5236 acceptam
1388 5169 1445 5222 in
1487 5167 1689 5222 tabulis
1725 5167 1986 5238 scriptam
2011 5171 2089 5225 le~

517 5274 661 5329 gem,
701 5259 871 5313 veluti
913 5258 1212 5314 secundam
1251 5261 1446 5330 legem,
1491 5260 1656 5314 hosce
1695 5259 1819 5314 libri
1857 5277 2092 5332 praesen-

515 5349 590 5405 tis
640 5366 942 5417 sermones,
987 5367 1055 5407 ex
1108 5361 1382 5422 praecepto
1411 5351 1626 5406 Domini
1667 5351 1876 5425 Moyses
1902 5353 2090 5410 Israeli

517 5439 734 5496 locutus
759 5444 848 5497 sit.
880 5443 1015 5496 Nam
1046 5451 1404 5513 posteaquam
1435 5444 1650 5514 Moyses
1676 5461 1796 5515 qua:
1825 5447 1929 5501 hoc
1953 5447 2091 5501 libro

519 5533 872 5588 continentur
901 5535 1120 5588 locutus
1152 5543 1320 5598 esset,
1363 5533 1431 5588 ad
1465 5533 1611 5590 hunc
1644 5536 1862 5590 modum
1894 5538 1950 5591 in
1985 5537 2091 5592 isto

518 5620 945 5680 Deuteronomio
963 5638 1026 5678 ea
1050 5625 1363 5697 conscripta
1393 5632 1554 5683 sunt:
1578 5645 1598 5681 ι
1625 5626 1751 5685 Haec
1776 5639 1905 5687 sunt
1925 5629 2088 5684 verba

589 5758 698 5828 (93)
736 5758 811 5819 0',
843 5758 1052 5812 Ναϐαύ.

587 5830 701 5886 (οι)
742 5833 816 5889 ον,
849 5829 1120 5896 Σαμουὴλ.

592 5900 702 5972 (95)
738 5897 814 5964 ιν,
851 5899 1020 5970 Αὐτὴ.
1065 5899 1186 5955 Mox
1214 5902 1287 5972 οι,
1318 5901 1499 5958 «ratae.

2117 4944 2172 5004 D

2545 4893 2789 4946 Βιϐλίων
2827 4897 2892 4955 ε’,
2934 4892 3410 4961 Δευτερονόμιον.

2263 4986 2318 5041 9.
2358 4985 2468 5039 Καὶ
2489 4984 2647 5038 τοῦτο
2677 4984 2878 5055 βιϐλίον
2901 4985 3139 5054 Μωῠσῆς
3159 4985 3386 5056 ὲλάλησε
3417 4986 3510 5040 καὶ
3543 4987 3782 5059 ἔγραψε.

2195 5078 2458 5132 Καλεῖται
2487 5077 2542 5130 δὲ
2580 5076 2771 5141 οὕτως,
2808 5077 2991 5149 ἐπειδὴ
3042 5077 3179 5149 μετὰ
3212 5077 3279 5130 τὰ
3321 5083 3690 5150 γεγραμμένα
3722 5085 3787 5134 ἐν

2193 5172 2316 5233 ταῖς
2357 5167 2542 5234 πλαξὶ,
2573 5167 2821 5239 δεύτερον
2854 5169 3042 5240 ῶσπερ
3086 5171 3247 5240 νόμον
3277 5171 3402 5234 τοὺς
3437 5170 3629 5239 λόγους
3681 5173 3784 5225 τοῦ

2197 5263 2401 5334 βιϐλίου
2457 5261 2649 5316 τούτου
2706 5261 2932 5333 ὲλάλησε
2996 5263 3235 5334 Μωῦσῆς
3293 5264 3369 5334 τῷ
3438 5264 3655 5335 Ἰσραὴλ
3714 5266 3787 5318 ἐκ

2198 5355 2618 5427 προστάγματος
2647 5353 2872 5425 Κυρίου.
2889 5355 3045 5410 Μετὰ
3072 5355 3179 5426 γὰρ
3199 5355 3257 5408 τὺ
3281 5355 3510 5427 λαλῆσαι
3533 5357 3790 5426 Μωῡσῆν

2195 5449 2265 5502 τὰ
2301 5450 2360 5502 ὲν
2393 5447 2470 5512 τῷ
2501 5446 2688 5518 βιϐλίῳ
2733 5446 2929 5517 τούτῳ,
2959 5446 3268 5518 γέγραπται
3312 5448 3486 5513 οὕτως
3524 5451 3583 5502 ὲν
3625 5449 3792 5519 αὐτῷ

2194 5539 2369 5610 τούτῳ
2394 5537 2472 5609 τῷ
2506 5539 2940 5610 Δευτερονομίῳο
2986 5556 3005 5590 ι
3044 5534 3202 5592 Οὗτοι
3243 5540 3293 5592 οἱ
3348 5540 3497 5609 λόγοι
3529 5543 3627 5612 τῆς
3664 5541 3794 5595 δια-

2197 5629 2390 5703 θήκης,
2429 5631 2529 5682 ὅσα
2577 5630 2880 5684 ἐνετείλατο
2919 5628 3122 5701 Κύριος
3168 5632 3376 5703 Μωῦσῇ
3423 5631 3618 5704 στῆσαι
3664 5634 3793 5698 τοῖς

2269 5762 2381 5838 <99)
2410 5767 2484 5828 (γ,
2533 5766 2747 5838 ῖΑμιιλ.

2267 5834 2378 5907 (97)
2408 5838 2482 5903 0',
2515 5834 2690 5893 Σαϐί’”
2713 5837 2812 5909 τῆς
2839 5836 3010 5911 φυλῆς
3037 5837 3144 5894 Γὰδ
3170 5839 3411 5914 Γονδιήλ.
