4008 6404
270 427 345 484 309
1324 424 1663 482 SYNOPSIS
1698 425 2106 480 SCRlPTUll.-E
2149 423 2419 481 SACRE.

3401 419 3506 472 510

272 543 366 605 υἱοῖς
404 539 639 612 Ἰσραὴλ
665 541 730 594 ἐν
773 542 849 611 γῇ
885 537 1080 603 Μωὰϐ,
1127 535 1264 607 πλὴν
1308 537 1409 606 τῆς
1455 535 1736 607 διαθήκης,
1766 531 1821 606 ἧς

1938 533 2180 598 foederis,
2236 550 2356 604 quae
2390 530 2653 585 Dominus
2707 527 2878 601 Moysi
2911 527 3166 599 praecepit
3205 540 3508 598 proponete

271 634 435 688 διέθετο
480 634 682 696 αὐτοῖς
731 635 792 686 ὲν
840 631 1064 704 Χωρήϐ.
1107 649 1126 682 ι
1165 628 1262 682 Διὰ
1306 628 1462 682 τοῦτο
1499 629 1607 699 γὰρ
1646 629 1699 681 αί
1735 628 1832 698 μὲν

272 728 436 790 πλάκες
463 727 524 779 ἐν
559 724 780 796 Χωρὴϐ
815 725 1078 795 εἴρηνται,
1112 722 1205 775 καὶ
1250 722 1307 773 ὲν
1342 719 1488 790 μέσῳ
1521 719 1623 789 τῆς
1663 719 1830 772 κιϐω-

271 819 338 873 τοῦ
370 818 644 889 ἐτέθησαν
667 835 682 848 ·
734 816 798 870 τὸ
835 817 891 869 δὲ
922 816 1121 886 βιϐλίον
1151 812 1308 867 τοῦτο
1339 811 1637 865 ἐνετείλατο
1670 812 1832 864 Merli-

272 912 344 982 σῆς
375 915 486 974 τοῖς
522 909 744 984 ἱερεῦσι
780 912 896 972 τοῖς
930 909 1140 980 αἴρουσι
1171 906 1269 977 τὴν
1299 905 1528 959 κιϐωτὸν
1569 903 1734 956 θεῖναι
1768 905 1831 956 ὲκ

270 1001 480 1069 πλαγίων
513 1000 620 1070 τῆς
649 997 894 1052 κιϐωτοῦ
931 1001 1008 1061 είς
1039 995 1332 1070 μαρτύριον
1354 1011 1368 1025 '
1403 995 1539 1066 ὅπερ
1568 994 1660 1048 καὶ
1691 992 1830 1047 κατὰ

268 1090 378 1145 ἑπτὰ
407 1089 510 1161 ἔτη
545 1088 862 1143 ἐνετείλατο
893 1085 1352 1157 ἀναγινώσκεσθαι
1369 1086 1426 1140 ὲν
1452 1088 1517 1156 τῇ
1539 1083 1830 1155 ήμέῃτῆς

266 1183 506 1250 ἀφέσεως,
560 1181 656 1234 ὅτε
695 1182 794 1234 καὶ¹
839 1181 872 1251 ἡ
918 1177 1240 1250 Σκηνοποιία
1267 1177 1498 1246 ἐγένετο.
1534 1175 1680 1246 Αὕτη
1732 1175 1830 1246 μὲν

266 1273 428 1344 πρώτη
455 1272 614 1326 αἰτία
651 1273 754 1342 τῆς
786 1271 1081 1343 ὀνομασίας
1111 1270 1204 1323 τοῦ
1252 1268 1451 1340 βιϐλίου
1470 1285 1482 1298 ·
1511 1267 1737 1339 δευτέρα
1773 1268 1829 1321 δὲ

265 1364 399 1417 πάλιν
441 1364 637 1435 ἑτέρα,
672 1363 866 1434 ἐπειδὴ
923 1365 980 1416 ὲν
1014 1359 1161 1433 αὐτῷ
1205 1361 1462 1433 δευτεροῖ,
1515 1359 1608 1413 καὶ
1648 1359 1829 1412 διεσά-

265 1471 380 1524 φησε
411 1454 598 1507 πάντα
627 1453 698 1507 τὰ
730 1452 1107 1524 προειρημένα
1138 1451 1194 1506 ἐν
1221 1468 1278 1504 τε
1307 1453 1374 1521 τῇ
1415 1450 1610 1522 Ἐξόδιρ
1635 1450 1728 1503 καὶ
1753 1449 1828 1520 τῷ

263 1546 533 1617 Λευῖτικῷ,
570 1546 670 1599 καὶ
698 1549 815 1609 τοῖς
854 1543 1148 1616 Ἀριθμοῖς,
1183 1543 1387 1613 νόμιμά
1412 1559 1468 1596 τε
1493 1543 1586 1596 καὶ
1609 1541 1829 1595 δικαιώ-

266 1655 389 1708 ματα
444 1638 546 1690 καλ⁸
591 1637 1032 1708 προστάγματα·
1081 1635 1174 1689 καὶ
1224 1635 1625 1706 ὑπομιμνήσκει
1669 1635 1829 1689 πάλιν

261 1729 333 1781 τὸν
357 1727 506 1792 λαὸν,
537 1729 629 1782 ἵνα
652 1727 868 1798 φυλάξῃ
899 1725 1054 1780 αὐτά.
1089 1726 1199 1780 Καὶ
1221 1726 1655 1798 ὲπαναλαμϐάνει
1687 1726 1739 1779 δὲ
1769 1727 1828 1779 ὲν

259 1820 385 1890 αὐτῷ
415 1821 519 1891 τήν
541 1837 603 1872 τε
639 1819 733 1872 ἀπ’
756 1817 1034 1888 Αἰγύπτου
1063 1816 1256 1883 ἔξοδον,
1285 1819 1377 1872 καὶ
1409 1819 1586 1882 πάσας
1610 1819 1707 1884 τὰς
1741 1836 1828 1888 γε·

259 1915 545 1986 γενημένας
573 1913 759 1976 αὐτοῖς
806 1912 1144 1984 εὐεργεσίας,
1175 1912 1269 1966 καὶ
1305 1913 1370 1965 τὰ
1395 1915 1611 1983 σημεῖα,
1645 1912 1734 1965 καὶ
1755 1911 1823 1966 τὰ

257 2006 471 2076 τέρατα·
515 2003 606 2057 ἵνα
653 2003 729 2075 μὴ
779 2002 1142 2057 ἐπιλάθωνται
1182 2001 1276 2055 τοῦ
1319 2004 1638 2074 ποιήσαντος
1683 2001 1824 2056 αὐτὰ

258 2096 395 2150 Θεοῦ.
443 2093 652 2168 Ὀρίζει
680 2096 738 2149 δὲ
767 2097 828 2148 ὲν
857 2093 1006 2166 αὐτῷ
1039 2094 1165 2166 περί
1193 2111 1252 2147 τε
1291 2093 1390 2164 τῆς
1436 2093 1681 2162 εὐλογίας
1712 2098 1823 2160 τοῖς

258 2188 578 2256 φυλάσσουσι
619 2187 712 2240 τὸν
761 2187 948 2256 νόμον,
981 2183 1072 2238 καὶ
1100 2185 1197 2255 τῆς
1229 2184 1473 2255 κατάρας
1506 2186 1617 2247 τοῖς
1648 2201 1824 2255 παρα-

254 2280 514 2335 ϐαίνουσιν
535 2296 550 2310 ·
587 2281 679 2333 ἵνα
705 2280 740 2349 ἡ
785 2279 886 2349 μὲν
913 2277 1128 2346 εὐλογία
1160 2276 1382 2347 λέγηται
1413 2278 1468 2329 ὲν
1495 2276 1573 2347 τῷ
1607 2276 1718 2348 όρει
1744 2276 1822 2348 τῷ

252 2363 488 2443 Γαριζεὶν
506 2371 598 2425 διὰ
622 2371 830 2424 τούτων
848 2386 861 2399 °
883 2369 970 2423 διὰ
999 2367 1241 2440 Συμεὼν,
1266 2367 1416 2432 Aeni,
1453 2368 1616 2422 Ἰούδα
1632 2410 1648 2434 ,
1688 2369 1724 2421 ’1
1732 2387 1823 2422 σα-

250 2463 366 2534 χὰρ,
420 2463 642 2535 Ἰωσὴφ,
682 2462 777 2515 καὶ
801 2462 1060 2532 Βενιαμίν
1079 2476 1090 2489 ·
1125 2463 1158 2532 ἡ
1189 2461 1244 2514 δὲ
1271 2461 1482 2532 κατάρα
1520 2463 1576 2514 ἐν
1601 2461 1678 2532 τῷ
1705 2461 1820 2532 ϐρει

248 2555 439 2608 Γαιϐὰλ
488 2555 600 2608 ἀπὸ
646 2553 896 2624 Ῥουϐὶμ,
942 2552 1068 2617 Γὰδ,
1116 2552 1304 2624 Ἀσὴρ,
1350 2549 1650 2616 Ζαϐουλὼν,
1693 2552 1818 2616 Δάν,

247 2648 331 2698 καὶ
349 2645 695 2716 Νεφθαλείμ.
730 2643 879 2717 Πρὸς
914 2644 1218 2716 ὑπόμνησιν
1247 2642 1303 2696 δὲ
1335 2643 1428 2696 καὶ
1454 2643 1550 2713 τὴν
1585 2643 1671 2695 διὰ
1698 2660 1823 2696 παν⁶

244 2739 328 2800 τὸς
366 2737 624 2809 μελέτην,
661 2735 901 2807 ἔγραψεν
937 2737 1000 2789 ὲκ
1032 2735 1448 2808 προστάγματος
1486 2735 1686 2805 Κυρίου
1724 2733 1821 2805 τὴν

249 2830 483 2900 μεγάλην
525 2828 716 2901 ’ῼδήν·
757 2829 868 2892 ἵνα,
911 2827 1111 2899 ταύτην
1153 2826 1483 2897 ἐκμαθόντες
1521 2826 1606 2879 ἀεί
1635 2843 1693 2878 τε
1729 2843 1824 2896 με·

245 2921 496 2985 λετῶντες
529 2921 723 2992 αὐτὴν,
764 2921 840 2991 μὴ
875 2918 1234 2973 ἐπιλάθωνται
1264 2916 1357 2971 τοῦ
1393 2915 1546 2971 Θεοῦ.
1586 2917 1822 2989 Εὐλογή-

245 3031 338 3076 σας
384 3030 443 3068 τε
493 3015 734 3084 ἑκάστην
785 3010 960 3082 φυλὴν
1006 3011 1100 3065 καὶ
1131 3009 1344 3082 γράψας
1392 3009 1487 3080 τὴν
1554 3008 1819 3078 εὐλογίαν,

245 3106 335 3158 καὶ
374 3105 582 3169 ἐπιθεὶς
622 3104 722 3168 τὰς
767 3106 955 3177 χεῖρας
984 3101 1146 3156 αὐτοῦ
1197 3101 1290 3154 ἐπὶ
1328 3100 1419 3154 τὸν
1473 3099 1675 3171 Ἰησοῦν
1725 3099 1819 3154 τοῦ

243 3198 411 3270 Ναυῆ,
447 3200 527 3263 είς
558 3199 619 3252 τὸ
647 3197 908 3262 δέξασθαι
947 3196 1107 3249 αὐτὸν
1135 3194 1274 3250 κατὰ
1309 3194 1633 3264 πρόσταγμα
1660 3192 1815 3259 Θεοῦ,

1935 625 2063 680 [iliis
2094 624 2261 680 Israel
2297 625 2352 678 in
2390 632 2538 678 terra
2570 621 2748 682 Moab,
2789 631 2984 690 praeter
3028 619 3216 674 ΐωόυεν
3237 618 3378 688 quod
3409 633 3506 687 pe-

1934 717 2067 786 pigit
2103 731 2226 770 cum
2256 717 2335 770 eis
2362 715 2416 767 in
2446 712 2647 768 Hereb.
2683 731 2700 763 ι
2725 710 3067 781 Quapropter
3087 720 3137 765 et
3168 711 3364 764 tabulae
3385 710 3507 780 qui-

1932 806 2055 860 dem
2081 805 2135 858 in
2167 803 2347 858 Horeb
2372 803 2633 867 recitatae,
2669 808 2724 856 et
2757 801 2812 855 in
2846 800 3028 854 medio
3055 814 3194 854 arcae
3229 799 3506 853 collocatae

1931 903 2104 951 sunt:
2145 896 2292 950 hunc
2333 910 2462 950 vero
2512 895 2712 948 librum
2743 891 3119 948 sacerdotibus
3141 891 3374 962 Moyses,
3421 905 3507 944 ar-

1931 1001 2051 1042 cam
2097 986 2470 1058 portantibus,
2516 985 2583 1038 ad
2617 984 2788 1039 latera
2849 998 2990 1038 arcae
3023 983 3078 1038 in
3128 981 3509 1037 testimonium

1930 1094 2134 1150 ponere
2152 1079 2338 1149 jussit,
2362 1085 2416 1133 et
2448 1077 2680 1146 septimo
2702 1091 2918 1147 quoque
2945 1091 3088 1130 anno
3109 1075 3164 1129 in
3191 1075 3279 1130 die
3303 1075 3502 1129 remis-

1930 1170 2124 1233 sionis,
2152 1168 2373 1240 quando
2407 1177 2460 1222 et
2483 1168 2684 1223 festum
2716 1166 3221 1221 Tabernaculorum
3246 1165 3496 1219 celebra-

1928 1260 2109 1325 batur,
2145 1261 2248 1331 legi
2294 1259 2570 1330 prtecepit.
2605 1257 2729 1312 Hmc
2762 1258 2936 1326 prima
2971 1256 3187 1327 quidem
3225 1263 3309 1311 est
3337 1256 3496 1320 ratio,

1928 1356 2000 1412 ob
2050 1371 2218 1428 quam
2263 1356 2354 1410 hic
2403 1355 2537 1409 liber
2592 1353 3074 1408 Deuteronomium
3123 1359 3349 1406 vocatus
3393 1358 3497 1404 est.

1928 1447 2110 1503 Altera
2128 1464 2257 1503 vero
2275 1457 2380 1512 est,
2405 1447 2549 1517 quod
2567 1447 2618 1500 in
2641 1447 2781 1516 ipso,
2805 1443 3071 1515 quidquid
3096 1452 3220 1498 ante
3242 1443 3400 1514 106
3417 1441 3506 1497 di-

1927 1545 2074 1592 ctum
2107 1537 2303 1603 fuerat,
2336 1539 2450 1593 sive
2488 1538 2543 1592 in
2591 1536 2800 1602 Exodo,
2838 1535 2954 1591 sive
2987 1535 3043 1589 in
3076 1534 3340 1596 Levitieo,
3385 1534 3500 1590 sive

1927 1627 1984 1682 in
2011 1627 2295 1696 Numeris;
2321 1629 2504 1683 omnia
2539 1628 2803 1699 legitima,
2835 1627 3256 1698 justiticationes
3285 1635 3338 1682 et
3364 1643 3504 1698 pra:-

1927 1731 2104 1791 cepta,
2149 1723 2350 1792 repetit
2373 1730 2427 1777 et
2475 1721 2738 1785 declarat,
2771 1727 2824 1775 et
2867 1721 3127 1790 p0pnlnm
3173 1721 3368 1774 iterum
3406 1720 3503 1773 ad-

1928 1819 2134 1874 monet,
2168 1821 2227 1866 ut
2267 1827 2331 1866 ea
2370 1811 2663 1867 custodiat.
2705 1809 2956 1866 Resumit
2990 1812 3152 1865 etiam
3184 1810 3348 1865 isthic
3385 1811 3502 1864 exi-

1858 1885 1897 1939 Β
1926 1911 2038 1958 tum
2073 1905 2259 1975 populi
2291 1920 2358 1960 ex
2381 1904 2638 1975 Egypto,
2672 1912 2725 1959 et
2751 1910 2951 1957 cuncta
2986 1903 3098 1957 illis
3137 1902 3378 1972 praestita
3406 1902 3502 1956 be-

1924 1994 2140 2058 neﬁcia,
2186 1995 2341 2064 signa
2383 2008 2600 2063 quoque
2627 1999 2681 2046 et
2715 1998 2987 2062 portenta,
3019 2006 3089 2046 ne
3120 1989 3235 2057 Dei,
3279 1989 3372 2060 qui
3407 1989 3499 2042 illa

1923 2091 2255 2154 patraverat,
2282 2082 2758 2137 obliviscerentur.
2789 2078 3044 2134 Decernit
3073 2080 3238 2134 etiam
3275 2079 3500 2134 benedi-

1923 2175 2156 2232 ctionem
2210 2175 2299 2240 iis,
2334 2175 2427 2245 qui
2464 2174 2636 2244 legem
2677 2172 3019 2236 custodiunt,
3056 2173 3497 2231 maledictionem

1919 2281 2052 2321 vero
2083 2266 2175 2330 iis,
2207 2266 2301 2336 qui
2334 2267 2481 2320 illam
2519 2264 3024 2333 transgrediuntur,
3071 2270 3125 2317 et
3161 2264 3498 2321 benedictio-

1921 2369 2046 2409 nem
2082 2355 2136 2408 in
2166 2361 2351 2408 monte
2403 2351 2624 2407 Garizin
2655 2351 2984 2422 promulgari
3025 2353 3250 2408 mandat
3284 2370 3378 2424 per
3409 2355 3492 2410 Si-

1921 2457 2104 2507 meon,
2153 2440 2302 2508 Levi,
2336 2441 2497 2507 Juda,
2539 2442 2785 2507 lsachar,
2823 2440 3024 2512 Joseph
3076 2449 3131 2497 et
3165 2441 3448 2514 Benjamin
3475 2466 3502 2502 :-

1922 2533 2358 2588 maledictionem
2395 2547 2526 2588 vero
2570 2533 2626 2587 in
2673 2542 2857 2588 monte
2885 2531 3088 2598 Gaebal,
3134 2549 3232 2603 per
3267 2534 3481 2604 Ruben,

1922 2623 2057 2690 Gad,
2093 2625 2249 2690 Aser,
2303 2624 2567 2690 Zabulon,
2601 2623 2716 2680 Dan
2775 2634 2828 2680 et
2871 2624 3239 2696 Nephthalim.
3274 2627 3356 2681 Ad
3406 2645 3493 2684 re-

1921 2717 2292 2773 cordationem
2315 2733 2442 2772 vero
2469 2726 2520 2773 et
2549 2718 2733 2788 jugem
2765 2718 3191 2786 meditationem,
3221 2722 3505 2790 prolixam-

1923 2810 2093 2865 Odam
2129 2826 2196 2865 ex
2223 2810 2385 2880 jussu
2426 2808 2643 2864 Domini
2675 2811 3027 2880 conscripsit,
3072 2820 3131 2865 ut
3179 2813 3324 2866 illam
3361 2829 3488 2883 per-

1923 2901 2198 2956 discentes
2229 2916 2292 2955 ac
2332 2917 2547 2972 semper
2581 2901 2929 2968 meditantes,
2962 2919 3032 2958 ne
3075 2903 3169 2958 Dei
3199 2905 3489 2960 oblivisce-

1922 3001 2132 3050 rentur.
2171 2993 2470 3064 Postquam
2498 3010 2626 3050 vero
2656 2995 2888 3066 singulis
2915 2995 3166 3052 tribubus
3187 2996 3486 3066 benedixit,

1923 3085 2469 3157 henedictionemqne
2498 3088 2715 3142 illarum
2744 3089 2941 3145 litteris
2967 3091 3264 3157 mandavit,
3288 3106 3351 3145 ac
3371 3107 3488 3145 ma-

1921 3194 2026 3234 nus
2076 3193 2204 3234 suas
2259 3195 2425 3250 super
2461 3178 2645 3235 Jcsum
2692 3181 2863 3246 Nave,
2921 3189 2982 3237 ut
3033 3183 3137 3238 sibi
3187 3181 3488 3237 secundum

243 3250 411 3363 me;
453 3250 779 3354 adsidve};
818 3250 881 3342 τό
924 3288 1047 3361 ὅρος
1095 3287 1154 3342 τὸ
1215 3250 1498 3358 Ἀϐαρεὶμ,
1531 3250 1818 3340 ’τουτέστιν

1922 3271 2240 3326 mandatum
2299 3271 2392 3328 Dei
2457 3272 2803 3341 succederet,
2860 3275 3077 3344 posuit;
3129 3273 3185 3328 in
3247 3280 3488 3328 montem

255 3382 436 3448 1615,
485 3383 580 3437 xui.
623 3380 981 3452 ἐτελεύτησεν
1029 3381 1144 3433 ἐκεῖ
1189 3378 1277 3431 διὰ
1327 3379 1568 3448 ῥήματος
1614 3376 1819 3446 Κυρίου

241 3475 374 3529 ἑτῶν
425 3475 526 3547 ρκ’,
565 3475 640 3548 μὴ
691 3473 1136 3545 ἀμαυρωθέντων
1176 3470 1336 3525 αὐτοῦ
1370 3469 1477 3524 τῶν
1507 3468 1817 3539 ὀφθαλμῶν,

239 3565 272 3633 ἢ
299 3564 390 3618 τοῦ
425 3565 718 3638 προσώπου
747 3563 916 3618 αὐτοῦ
946 3561 1239 3633 φθαρέντος
1259 3578 1273 3592 ·
1307 3562 1400 3616 καὶ
1427 3561 1526 3616 οὐκ
1557 3555 1696 3614 οἶδεν
1730 3559 1821 3612 οὐ-

239 3653 350 3719 δεὶς
371 3655 463 3728 τὴν
482 3657 669 3728 ,ταφὴν
696 3653 870 3710 αὐτοῦ
905 3653 1010 3719 ἕως
1033 3655 1130 3724 τῆς
1163 3652 1373 3726 ἡμέρας
1402 3651 1626 3722 ταύτης.

473 3853 724 3908 Βιϐλίων
766 3851 841 3918 ς’,
895 3851 1135 3919 Ἰησοῦς
1170 3854 1204 3906 δ
1241 3851 1347 3907 τοῦ
1387 3850 1580 3920 Ναυῆ.

302 3943 389 3999 10.
429 3945 510 3998 Τά
548 3946 607 3999 δὲ
664 3945 917 4000 ἐντεῦθεν
961 3944 1138 4014 βιϐλία
1177 3943 1336 4017 μέχρι
1369 3943 1461 3996 τοῦ
1498 3942 1724 4015 Ἔσδρα,
1756 3943 1818 3996 οὐ

229 4038 411 4094 πάντα
435 4040 665 4094 ἐκείνων
707 4038 817 4092 εἰσὶ
849 4037 1182 4108 συγγραφαὶ,
1212 4030 1290 4089 ὧν
1324 4036 1418 4090 καὶ
1450 4034 1547 4099 τὰς
1591 4037 1822 4106 ἐπιγρα-

231 4129 339 4196 φὰς
368 4129 616 4200 φέρουσι,
647 4127 749 4181 καὶ
789 4126 918 4198 περὶ
963 4119 1036 4179 ὧν
1072 4124 1517 4196 διαλαμϐάνουσι.
1560 4125 1730 4193 Λόγος
1762 4124 1818 4178 δὲ

229 4220 470 4291 φέρεται,
499 4219 657 4290 παρὰ
678 4218 792 4272 τῶν
813 4216 956 4271 κατὰ
984 4217 1108 4282 τούς
1147 4218 1409 4281 ἑκάστους
1438 4216 1661 4288 καιροὺς
1687 4233 1820 4288 προ-

225 4313 411 4384 ςητῶν
442 4311 865 4383 συγγεγράφθαι
911 4310 1072 4364 αὐτά.
1108 4311 1243 4380 Περὶ
1285 4310 1414 4379 γοῦν
1455 4310 1560 4363 τῶν
1595 4312 1821 4382 ἐπιγρα-

223 4400 343 4468 φῶν
363 4400 542 4454 αὐτῶν
573 4401 718 4462 τέως
747 4397 1090 4469 διαληπτέον.
1117 4399 1188 4451 Τὸ
1215 4399 1386 4470 παρὸν
1413 4400 1590 4452 τοίνυν
1618 4399 1820 4468 βιϐλίον

218 4492 631 4565 ἐπιγέγραπται
691 4489 902 4561 Ἰησοῦς
957 4491 985 4542 ὁ
1024 4488 1118 4542 τοῦ
1175 4490 1364 4561 Ναυῆο
1421 4490 1605 4561 ἐπειδὴ
1658 4491 1819 4555 αὐτὸς

1919 3361 2168 3426 Abarim,
2221 3363 2311 3432 qui
2347 3370 2432 3419 est
2481 3364 2658 3429 Abau,
2715 3365 3036 3419 conscendit
3067 3384 3077 3418 :
3107 3364 3291 3434 ibique
3334 3364 3514 3432 juxta'

1918 3457 2146 3512 verbum
2184 3453 2396 3510 Domini
2436 3464 2684 3511 mortuus
2718 3465 2822 3523 est,
2851 3472 3118 3512 annorum
3149 3467 3368 3512 centum
3403 3457 3491 3511 vi-

1919 3546 2078 3616 ginti,
2113 3561 2236 3600 cum
2291 3546 2526 3603 necdum
2569 3548 2715 3602 oculi
2771 3548 2949 3618 ipsius
2982 3550 3334 3619 caligassent,
3388 3563 3490 3602 nec

1921 3638 2094 3704 facies
2119 3638 2240 3707 ejus
2277 3639 2572 3710 quidquam
2606 3641 2746 3697 tabis
2790 3642 3076 3698 sensisset.
3110 3641 3281 3697 Nemo
3309 3650 3488 3697 autem

1920 3729 2229 3802 sepulcrum
2257 3730 2404 3786 illius
2436 3733 2584 3786 novit
2614 3733 2667 3787 in
2695 3732 3020 3788 hodiernum
3050 3749 3225 3804 usque
3249 3733 3413 3789 diem.

2260 3843 2416 3898 Liber
2454 3844 2550 3911 VI,
2578 3845 2738 3901 Iesus
2769 3848 2918 3917 ﬁlius
2946 3846 3116 3904 Nave.

1990 3935 2079 3992 lO.
2119 3936 2222 4003 Qui
2249 3938 2506 4008 deinceps
2531 3939 2598 3994 ad
2623 3938 2852 3994 Esdram
2887 3957 3062 4012 usque
3085 3949 3394 4014 sequuntur
3426 3945 3498 3999 li-

1919 4027 2026 4092 bri,
2060 4044 2170 4084 non
2216 4045 2444 4101 prorsus
2483 4032 2552 4086 ab
2597 4031 2708 4088 illis
2735 4040 2864 4088 sunt
2891 4035 3211 4105 conscripti,
3255 4052 3492 4109 quorum

1920 4121 2307 4192 inscriptiones
2338 4122 2658 4194 praferunt,
2691 4133 2746 4180 et
2775 4125 2842 4180 de
2871 4127 3073 4198 quibus
3105 4135 3362 4183 tractant.
3392 4127 3494 4184 Fe-

1920 4221 2121 4268 runtur
2154 4225 2332 4270 autem
2366 4231 2397 4270 a
2434 4217 2735 4288 prophetis,
2772 4219 2865 4289 qui
2895 4219 3126 4289 singulis
3154 4221 3494 4290 temporibus

1919 4306 2195 4372 vixerunt,
2226 4323 2348 4364 esse
2393 4309 2605 4380 scripti.
2652 4309 3043 4367 Disserendum
3083 4313 3268 4383 itaque
3299 4321 3384 4368 est
3425 4313 3494 4368 de

1920 4396 2137 4452 illorum
2184 4398 2658 4471 inscriptionibus.
2709 4401 2960 4458 Praesens
3000 4403 3138 4458 liber
3173 4403 3497 4473 inscriptio-.

1919 4505 2044 4544 nem
2069 4489 2229 4544 habet
2257 4490 2417 4548 Jesus
2453 4491 2640 4549 Nave:
2676 4501 2964 4564 prapterea
2993 4493 3140 4565 quod
3181 4495 3297 4565 ipse
3330 4493 3491 4551 Jesus

230 4583 440 4653 Ἰησοῦς
486 4587 514 4638 ὁ
559 4582 657 4636 τοῦ
693 4581 879 4652 Ναυῆ,
927 4581 1303 4652 διαδεξάμενος
1334 4583 1592 4653 Μωύσῆν,
1624 4585 1817 4656 ἐστρα-

1922 4579 2064 4636 Nave
2097 4581 2296 4652 Moysis
2328 4599 2636 4652 successor,
2688 4588 2984 4658 populique
3031 4586 3141 4640 dux
3176 4585 3298 4651 fuit,
3331 4589 3491 4658 cujus

216 4675 539 4747 τήγησετοῦ
573 4674 732 4739 λαοῦ,
757 4675 856 4727 καί¹
871 4674 972 4745 τὴν
994 4676 1108 4726 κατ’
1139 4675 1296 4728 αὐτὸν
1333 4676 1571 4747 ἱστορίαν
1599 4677 1692 4730 καὶ
1717 4678 1815 4742 τὰς

1922 4671 2022 4728 hoc
2049 4673 2190 4727 libro
2211 4674 2440 4730 historia
2474 4684 2527 4732 et
2549 4693 2636 4732 res
2666 4688 2830 4749 gesta:
2853 4679 3224 4733 continentur.
3255 4678 3491 4734 Enarra-

220 4767 450 4836 πράξεις
475 4767 644 4821 αὐτοῦ
681 4766 948 4838 περιέχει.
980 4765 1133 4818 Ἔστι
1161 4765 1216 4819 δὲ
1235 4768 1291 4819 ὲν
1310 4767 1481 4838 τούτῳ
1499 4767 1576 4838 τῷ
1605 4768 1812 4839 βιϐλίῳ,

1922 4773 2008 4819 tur
2050 4764 2138 4820 hic
2177 4769 2452 4836 quomodo
2507 4768 2729 4824 Jordani
2784 4770 2935 4826 ﬂuvii
2981 4787 3107 4842 pars
3147 4772 3392 4842 superior
3422 4787 3487 4827 ex

220 4857 340 4921 πῶς
373 4859 465 4913 τοῦ
508 4859 778 4930 Ἰορδάνου
842 4855 1087 4925 ποταμοῦ
1140 4857 1200 4910 τὸ
1241 4858 1338 4928 μὲν
1368 4858 1570 4911 ἄνωθεν
1610 4859 1675 4912 ὲκ
1715 4861 1816 4930 τῆς

1922 4863 2070 4925 parte
2095 4856 2262 4914 fontis
2291 4858 2538 4916 deﬂuens
2569 4861 2793 4916 immota
2824 4864 3059 4929 steterit,
3101 4864 3326 4918 inferior
3361 4879 3490 4918 vero

220 4950 403 5018 πηγῆς
434 4951 566 5018 ἔστη
589 4949 868 5020 ρεὖμα,τὸ
895 4947 951 5000 δὲ
970 4947 1178 5017 φθάσαν
1213 4948 1534 5021 ἐξεκενώθη,
1559 4951 1648 5004 καὶ
1666 4950 1815 5023 ξηρῷ

1922 4948 2212 5007 decurrens
2270 4961 2533 5008 evacuata
2593 4955 2704 5022 sit,
2755 4965 2810 5010 et
2860 4957 3095 5025 populus
3151 4933 3298 5010 sicco
3352 4953 3489 5023 pede

222 5039 299 5108 τῷ
325 5042 442 5094 ποδὶ
469 5041 730 5112 διέϐησαν
759 5039 928 5093 αὐτόν
949 5056 963 5068 ·
987 5040 1079 5092 καὶ
1106 5040 1187 5092 ὅτι
1218 5041 1274 5092 ὲν
1302 5040 1598 5110 Γαλγάλοις
1658 5061 1814 5114 περι-

225 5127 386 5201 έτεμε
411 5136 536 5197 τοὺς
567 5134 626 5186 ἐν
670 5136 740 5204 τῇ
761 5133 962 5204 ἐρήμῳ
996 5131 1350 5201 γεννηθέντας
1380 5134 1583 5197 πάντας
1617 5135 1674 5188 ἐν
1717 5153 1816 5191 πε-

225 5224 426 5291 τρίναις
451 5225 780 5296 μαχαίραις,
814 5224 911 5276 καὶ
957 5222 1182 5277 ἐκάλεσε
1223 5222 1315 5276 τὸν
1359 5224 1523 5279 τόπον
1566 5226 1812 5295 Γαλγάλ·

228 5317 319 5368 καὶ
347 5319 442 5384 ὅτι,
471 5318 819 5390 περάσαντος
845 5313 943 5368 τοῦ
974 5313 1128 5380 λαοῦ,
1158 5316 1251 5369 καὶ
1277 5318 1543 5387 φαγόντος
1577 5320 1685 5374 ἀπὸ
1705 5321 1817 5374 τῶν

229 5409 448 5476 καρπῶν
472 5410 574 5481 τῆς
606 5410 739 5480 γῆς,
777 5405 1002 5472 ἐξέλιπε
1031 5405 1214 5459 λοιπὸν
1244 5407 1306 5460 τὸ
1343 5409 1547 5480 μάννα·
1585 5412 1682 5466 καὶ
1717 5412 1816 5482 τῆς

235 5496 329 5563 μὲν
381 5499 634 5574 Ἱεριχοῦς
689 5499 986 5568 αὐτόματα
1031 5496 1100 5551 τὰ
1142 5499 1294 5570 τείχη
1329 5502 1712 5575 πέπτωκενοή
1758 5504 1816 5558 δὲ

241 5581 446 5663 Ῥαάϐη
476 5593 655 5662 πόρνη
685 5587 901 5658 ἐσώθη,
932 5586 1213 5655 φυλάξασα
1241 5590 1367 5654 τούς
1401 5595 1779 5658 κατασκόπους
1797 5611 1811 5625 ο

232 5679 319 5731 καὶ
349 5683 418 5736 ὅτι
447 5686 476 5738 ό
505 5686 662 5756 ἣλιος
692 5683 755 5735 ὲν
783 5678 869 5750 τῷ
905 5682 1346 5750 μεσουρανήματι
1391 5680 1486 5745 ὢν,
1515 5683 1815 5755 εὐξαμένου

239 5766 392 5843 Ἰησοῦ
420 5776 511 5830 τοῦ
553 5773 682 5829 υἱοῦ
726 5769 829 5825 τοῦ
868 5768 1049 5838 Ναυῆ,
1084 5769 1210 5840 ἔστη
1247 5771 1389 5825 κατὰ
1418 5772 1644 5828 Γαϐαὼν
1674 5775 1808 5846 ἠμέ-

219 5877 312 5932 ρας
339 5867 629 5942 όλοκλήρου
679 5863 999 5932 διάστημα,
1038 5861 1141 5926 ἕως
1177 5861 1526 5936 τροπώσηται
1557 5869 1682 5931 τοὺς
1722 5868 1812 5938 ἐχ-

1911 5043 2227 5111 transierit;
2252 5053 2305 5099 et
2323 5045 2598 5115 quomodo
2628 5046 2685 5100 in
2717 5044 2960 5116 Galgalis
2986 5060 3176 5099 omnes
3203 5044 3256 5097 in
3295 5043 3490 5097 solitu-

1913 5135 2041 5190 dine
2081 5142 2239 5191 natos
2280 5138 2473 5192 cultris
2511 5137 2693 5192 saxeis
2718 5135 3152 5200 circumciderit,
3200 5135 3490 5205 locumque

1914 5227 2069 5282 illum
2091 5226 2280 5299 Galgal
2308 5233 2618 5299 vocaverit;
2647 5229 2793 5301 quod
2835 5245 2958 5284 cum
2990 5228 3226 5298 primum
3257 5230 3490 5299 populus

1913 5317 2150 5374 Jordane
2180 5323 2508 5378 transmisso
2532 5323 2598 5377 de
2629 5332 2791 5376 terrae
2820 5322 2966 5376 illius
2991 5320 3238 5391 frugibus
3261 5323 3486 5385 edisset,

1914 5424 2116 5462 manna
2151 5410 2410 5483 deinceps
2440 5414 2702 5478 desierit;
2733 5412 2877 5482 quod
2907 5413 3058 5467 urbis
3094 5411 3314 5467 Iericho
3350 5429 3490 5468 mte-

1913 5504 2005 5559 nia
2035 5503 2178 5557 ultro
2203 5505 2545 5570 corruerint;
2578 5503 2732 5557 Raab
2763 5504 3024 5558 meretrix
3057 5512 3281 5573 propter
3303 5503 3490 5572 hospi-

1914 5597 1993 5651 tio
2040 5603 2328 5665 susceptos
2379 5604 2433 5651 et
2482 5597 2786 5651 occultatos
2834 5596 3218 5666 exploratores
3267 5605 3490 5652 servata

1915 5689 2022 5752 sit;
2064 5688 2146 5744 sol
2182 5688 2237 5741 in
2285 5686 2465 5741 medio
2513 5688 2637 5741 coeli
2688 5686 2924 5742 decursu
2952 5688 3109 5757 juxta
3149 5686 3485 5750 Gabaonem,

1913 5787 2107 5836 orante
2132 5777 2265 5834 Jesu
2317 5778 2486 5844 Nave,
2521 5780 2719 5849 integri
2768 5779 2874 5834 diei
2939 5781 3138 5851 spatio,
3172 5779 3346 5834 donec
3398 5779 3488 5834 ille

1917 5871 2104 5929 hostes
2135 5869 2447 5943 devicisset,
2501 5874 2731 5931 steterit.
2773 5872 3066 5945 Postquam
3117 5887 3242 5926 vero
3285 5871 3488 5924 Amor-
