4008 6404
520 477 621 535 3H

1688 469 1745 524 S.
1782 464 2243 523 ATHANASIUS.
2282 491 2355 505 —
2395 459 2612 516 DUBIA.

3640 446 3747 501 519

513 604 693 657 rhaeos
718 606 772 654 et
801 613 989 653 omnes
1018 595 1234 650 illorum
1262 606 1419 664 reges
1447 598 1835 662 expugnasset.
1858 603 2065 643 omnem

2176 583 2358 657 θρούς.
2414 577 2885 648 Καταπολεμήσας
2944 572 3000 629 δέ
3051 577 3176 639 τοὺς
3241 575 3596 648 Ἀμορραίους
3654 573 3751 627 καὶ

514 708 636 749 eam
665 697 870 747 terram
895 703 1087 744 novem
1127 686 1380 740 tribubus
1409 698 1534 738 cum
1563 681 1789 736 dimidia
1822 679 2073 735 Manasse

512 783 905 847 distribuisset,
936 790 987 836 et
1022 778 1281 850 populum
1328 790 1503 831 annos
1533 790 1659 827 xxw
1688 773 2069 844 gubernasset,

512 883 761 931 mortuus
783 880 868 928 est
909 884 1181 925 annorum
1210 882 1299 924 cr.
1336 865 1440 933 Qui
1479 878 1611 920 vero
1639 870 1840 918 terram
1873 861 2073 932 populo

510 966 835 1028 diviserunt,
867 971 1023 1017 erant
1047 959 1340 1014 Eleazarus
1369 954 1650 1017 sacerdos,
1688 963 1743 1009 et
1775 954 1892 1023 ipse
1910 950 2071 1006 Iesus

507 1057 675 1122 Nave,
716 1070 782 1111 ac
822 1056 890 1109 de
940 1066 1265 1123 unaquaque
1297 1049 1444 1104 tribu
1478 1048 1561 1103 vir
1607 1062 1773 1101 unus.
1816 1044 1892 1100 De
1920 1044 2071 1099 tribu

507 1147 668 1211 Juda,
702 1145 941 1212 Chaleb;
970 1144 1040 1199 de
1062 1144 1209 1197 tribu
1241 1140 1486 1205 Simeon,
1518 1137 1804 1205 Salamiel;
1838 1136 1906 1191 de
1925 1134 2072 1190 tribu

507 1236 810 1305 Benjamin,
840 1233 1045 1300 Eldad;
1076 1232 1144 1287 de
1167 1230 1312 1284 tribu
1338 1227 1473 1291 Dan,
1510 1226 1809 1292 Baccheir;
1834 1224 1901 1279 de
1922 1223 2072 1278 tribu

505 1325 775 1390 Manasse,
826 1324 1012 1391 Aniel;
1064 1322 1131 1378 de
1184 1322 1330 1376 tribu
1376 1318 1652 1390 Ephraim,
1707 1315 1960 1383 Camuel;
2005 1316 2072 1370 de

504 1419 651 1472 tribu
686 1418 950 1483 Zabulon,
1001 1414 1328 1485 Elisaplian;
1371 1413 1440 1468 de
1480 1412 1626 1466 tribu
1666 1408 1907 1474 Isachar,
1945 1409 2073 1464 Phi-

504 1511 633 1577 tiel;
665 1509 733 1565 de
762 1510 907 1564 tribu
954 1509 1111 1571 Aser,
1153 1506 1386 1571 Acbior;
1413 1505 1481 1559 de
1512 1502 1657 1558 tribu
1701 1501 2068 1572 Nepbthalim,

507 1601 793 1657 Phathael.
821 1599 995 1672 Reges
1022 1607 1205 1656 autem
1233 1599 1379 1654 illius
1410 1605 1589 1660 terrae,
1617 1610 1755 1665 quos
1786 1593 1998 1664 Moyses
2017 1599 2072 1646 et

506 1692 603 1745 ﬁlii
648 1691 814 1747 Israel
846 1700 1000 1748 trans
1038 1690 1328 1747 Iordanem
1368 1688 1438 1743 ab
1484 1695 1609 1743 ortu
1657 1685 1811 1750 solis,
1843 1691 1900 1740 et
1933 1683 2071 1739 valle

382 1782 386 1787 ’
503 1785 691 1839 Arnon
719 1800 893 1854 usque
940 1784 1009 1839 ad
1041 1792 1281 1854 montem
1325 1780 1580 1845 Hermon,
1614 1779 1764 1834 omni
1802 1785 1947 1833 terra
1972 1775 2072 1829 Ar-

2177 677 2386 739 πάντας
2419 674 2543 735 τοὺς
2566 669 2801 741 βασιλεῖς
2824 668 3024 731 αὐτῶν,
3050 668 3142 720 καὶ
3174 669 3400 739 μερίσας
3431 668 3549 729 ταῖς
3592 664 3749 718 ἐννέα

2176 768 2389 840 φυλαῖς,
2421 766 2516 819 καὶ
2553 762 2631 834 τῷ
2668 760 2853 833 ἡμίσει
2878 759 3051 830 φυλῆς
3082 760 3349 829 Μανασσῆ
3380 759 3480 830 τὴν
3506 758 3609 828 γῆν
3644 758 3751 810 πᾶν

2175 878 2294 922 σαν,
2348 854 2482 930 ἦρξε
2540 857 2636 926 μὲν
2682 855 2776 908 τοῦ
2829 851 2957 906 λαοῦ
2979 891 2995 917 ,
3042 850 3136 922 ἔτη
3174 856 3287 916 σις’,
3341 849 3658 920 ἐτελεύτησε
3691 848 3747 902 δὲ

2172 951 2309 1006 ἑτῶν
2357 955 2441 1022 ρι’.
2493 949 2556 1002 Οἱ
2608 946 2666 999 δὲ
2708 944 2973 1008 διελόντες
3024 941 3122 1014 τὴν
3179 942 3282 1013 γῆν
3324 940 3403 1012 τῷ
3452 939 3566 1011 λαῷ
3611 936 3750 1011 ἦσαν

2184 1039 2448 1109 Ἐλεαζὰρ
2492 1039 2520 1091 ό
2570 1035 2768 1108 ἱερεὺς,
2810 1034 2900 1087 καὶ
2936 1031 3096 1095 αὐτὸς
3147 1031 3350 1101 Ἰησοῦς
3388 1033 3417 1084 ό
3442 1030 3536 1084 τοῦ
3568 1030 3746 1100 Ναυῆ,

2173 1132 2267 1186 καὶ
2311 1130 2453 1184 κατὰ
2490 1126 2663 1198 φυλὴν
2696 1121 2777 1189 εἷς
2798 1142 2811 1155 ·
2849 1123 3021 1195 φυλῆς
3047 1121 3217 1176 Ἰούδα
3258 1121 3469 1175 Χαλέὸο
3505 1120 3607 1189 τῆς
3655 1119 3750 1172 Συο

2177 1220 2320 1293 μεὼν
2354 1217 2630 1289 Σαλαμιήλ
2649 1234 2662 1246 ·
2691 1215 2791 1286 τῆς
2810 1214 3065 1284 Βενιαμὶν
3101 1211 3319 1265 Ἐλδάδο
3341 1211 3442 1280 τῆς
3474 1210 3579 1263 Δὰν
3608 1209 3751 1263 Βακ-

2171 1314 2325 1385 χείρο
2365 1313 2461 1382 τῆς
2498 1307 2761 1377 Μανασσῆ
2798 1304 3011 1377 Ἀνιήλ·
3040 1305 3138 1376 τῆς
3177 1301 3414 1375 Ἐφραίμ
3447 1299 3743 1372 Καμουήλ·

2171 1406 2269 1476 τῆς
2291 1400 2574 1459 Ζαϐουλὼν
2611 1398 2903 1466 Ἐλισάφαν
2925 1414 2940 1429 ·
2970 1398 3069 1468 τῆς
3111 1396 3333 1467 Ἰσάχαρ
3360 1392 3578 1463 Φειτιήλ
3597 1408 3613 1422 ·
3651 1391 3748 1462 τῆς

2184 1496 2352 1568 Ἀσὴρ
2407 1490 2641 1564 Ἀχιώρ’
2671 1490 2770 1559 τῆς
2821 1487 3134 1559 Νεφθαλείμ
3173 1486 3413 1558 Φαθαήλ.
3457 1487 3569 1539 Καὶ
3615 1486 3742 1545 τοὺς

2177 1590 2276 1661 μὲν
2310 1587 2546 1661 βασιλεῖς
2570 1584 2668 1654 τῆς
2694 1585 2817 1653 γῆς,
2849 1580 2942 1645 οὓς
2963 1580 3239 1647 ἐπάταξαν
3262 1580 3503 1648 Μωῦσῆς
3528 1577 3622 1631 καὶ¹
3639 1576 3748 1631 υἱοὶ⁸

2185 1679 2401 1753 Ἰσραὴλ
2432 1678 2603 1749 πέραν
2627 1673 2717 1728 τοῦ
2754 1671 3016 1745 Ἰορδάνου
3038 1672 3130 1741 ἀφ’
3152 1671 3302 1743 ἡλίου
3327 1668 3623 1734 ἀνατολῶν,
3640 1666 3749 1723 ἀπὸ

2173 1774 2456 1845 φάραγγος
2502 1768 2705 1842 Ἀρνῶν
2730 1767 2835 1832 ἕως
2871 1764 2966 1819 τοῦ
3005 1764 3167 1837 ὅρους
3214 1760 3482 1835 Ἀερμὼν,
3512 1761 3608 1815 καὶ
3650 1760 3751 1813 πᾶ-

502 1873 674 1928 rhaha
696 1872 766 1927 ab
783 1845 1004 1928 driente
1025 1845 1315 1942 subjugata
1337 1875 1747 1940 percusserunt,
1773 1866 1873 1922 hos
1896 1864 2065 1919 fuisse

2175 1882 2274 1919 σαν
2303 1865 2402 1936 τὴν
2440 1862 2545 1931 γῆν
2577 1858 2827 1932 Ἀῤῥαϐα
2870 1856 2979 1912 ἀπὸ
3022 1853 3314 1918 ἀνατολῶν,
3357 1851 3577 1916 τούτους
3609 1848 3748 1905 εἶναι

500 1963 635 2018 dicit
665 1981 679 2019 :
706 1963 888 2019 Sehon
926 1978 1111 2035 regem
1127 1937 1604 2026 vAt‘norr—haeorum,
1638 1957 1731 2028 qui
1768 1957 1825 2012 in
1854 1954 2065 2010 Esebon

2168 1956 2351 2024 λέγει·
2403 1953 2558 2024 Σηὼν
2603 1950 2824 2023 βασιλέα
2870 1949 2979 2003 τῶν
3014 1947 3378 2020 Ἀμορραίων,
3412 1944 3475 2007 ὃς
3510 1937 3749 2015 κατῴκει

500 2053 767 2108 habitavit
800 2068 866 2109 ac
893 2053 1173 2124 regnavit;
1203 2059 1257 2107 et
1286 2050 1367 2122 0g
1400 2065 1580 2122 regem
1631 2049 1828 2114 Basan,
1878 2047 1971 2118 qui
2000 2062 2066 2101 ex

500 2142 814 2213 gigantibus
852 2142 1030 2197 adhuc
1073 2150 1376 2213 supererat,
1416 2148 1472 2196 et
1515 2139 1782 2195 habitavit
1821 2138 1879 2193 in
1907 2136 2067 2192 Asta-

499 2234 648 2298 roth,
675 2240 730 2288 et
761 2233 818 2288 in
846 2232 1086 2298 Edraim,
1120 2232 1477 2304 regnavitque
1520 2246 1551 2285 a
1584 2238 1771 2287 monte
1799 2229 2065 2291 Hermon,

500 2340 674 2394 usque
708 2322 778 2378 ad
818 2323 1083 2380 terminos
1129 2321 1374 2395 Gergesi,
1406 2330 1462 2379 et
1502 2321 1790 2377 dimidium
1838 2319 2064 2375 Galaad.

496 2412 597 2469 llis
617 2413 838 2479 occisis,
873 2412 1025 2469 dedit
1057 2411 1273 2483 Moyses
1322 2412 1567 2482 ipsorum
1601 2418 1806 2466 terram
1835 2408 2070 2464 Rubeni-

493 2505 591 2572 tis,
621 2504 857 2568 Gaditis,
889 2520 955 2559 ac
983 2504 1225 2559 dimidiae
1263 2504 1433 2558 tribui
1477 2502 1753 2558 Manasse.
1782 2501 1937 2570 107
1960 2499 2070 2555 Be-

492 2611 589 2666 ges
619 2610 750 2649 vero
771 2594 1236 2659 Amorrhazorum,
1265 2609 1406 2664 quos
1435 2596 1708 2649 sustulere
1739 2589 1900 2647 Iesus
1923 2589 2069 2645 Nave

492 2700 619 2740 cum
668 2685 794 2740 ﬁliis
841 2683 1031 2751 Israel,
1072 2694 1362 2758 postquam
1401 2683 1695 2740 Iordanem
1719 2683 2069 2739 transiissent

490 2776 651 2845 juxta
693 2791 848 2832 mare
891 2776 948 2831 in
979 2777 1206 2849 planitie
1244 2776 1462 2841 Libani,
1501 2790 1675 2845 usque
1714 2774 1781 2828 ad
1827 2781 2066 2829 montem

494 2867 718 2933 Chelca,
759 2868 1180 2924 ascendentibus
1208 2869 1264 2922 in
1294 2865 1414 2923 Seir
1440 2887 1454 2923 :
1478 2882 1711 2937 quorum
1744 2874 1943 2921 terram
1973 2863 2067 2920 Je-

495 2974 593 3015 sus
620 2958 849 3029 reliquis
877 2960 1153 3027 tribubus,
1179 2960 1335 3030 juxta
1359 2959 1628 3030 cujusque
1654 2965 1858 3014 sortem
1887 2960 2067 3028 possi-

494 3049 730 3104 dendam
788 3051 960 3118 dedit,
1008 3051 1111 3107 hos
1162 3049 1463 3106 essedicit
1494 3048 1832 3111 :Chetazum,
1872 3046 2067 3102 Amor-

491 3142 721 3207 rhaeum,
751 3142 1144 3208 Cbananmum,
1195 3140 1565 3207 Pherezaeum,
1616 3138 1856 3204 Evzeum,
1896 3138 2065 3194 Jebu-

492 3249 686 3302 satum,
720 3249 904 3306 regem
934 3233 1174 3299 Iericho,
1200 3250 1380 3306 regem
1414 3234 1538 3297 llai,
1576 3248 1696 3304 qua:
1725 3231 2062 3287 contermina

490 3333 577 3381 est
607 3325 815 3392 Bethel,
864 3341 1046 3397 regem
1077 3324 1403 3391 Jerusalem,
1446 3340 1628 3395 regem
1660 3323 1935 3385 Chebron,
1975 3338 2063 3376 re-

489 3433 612 3487 gem
641 3416 936 3484 Jcrimuth,
967 3435 1147 3490 regem
1190 3420 1411 3479 Lachis,
1446 3433 1631 3487 regem
1671 3417 1845 3483 Elam,
1879 3432 2060 3488 regem

489 3505 684 3575 Gazer,
715 3524 899 3579 regem
930 3507 1119 3575 Dabir,
1167 3526 1349 3581 regem
1382 3509 1532 3572 Gise,
1564 3524 1747 3579 regem
1774 3507 2055 3573 Aermath,

488 3612 671 3668 regem
700 3596 917 3665 Erath,
959 3614 1141 3670 regem
1168 3600 1361 3664 Arath,
1408 3613 1591 3670 regem
1625 3597 1835 3663 Lobna,
1871 3613 2053 3670 reng

487 3687 738 3757 Odolam,
790 3706 972 3761 regem
1025 3690 1165 3756 Elat,
1220 3707 1405 3762 regem
1468 3690 1808 3760 Athaphutb,
1868 3687 2049 3760 regem

484 3776 691 3849 Opber,
722 3795 906 3851 regem
934 3780 1118 3851 Ophec
1145 3781 1387 3847 Arotbaa,
1427 3794 1610 3851 regem
1638 3780 1826 3845 Asom,
1874 3794 2053 3849 regem

487 3869 749 3937 Somoon,
804 3888 987 3944 regem
1032 3872 1362 3940 Mambroth,
1425 3888 1609 3944 regem
1657 3871 1816 3942 Ziph,
1871 3886 2055 3941 regem

482 3959 682 4022 Gades.
706 3977 890 4033 regem
918 3962 1080 4028 Zaac,
1108 3979 1290 4035 regem
1317 3962 1629 4025 Manedoth,
1659 3976 1843 4032 regem
1863 3959 2053 4014 Jocom

485 4048 736 4121 (montis)
764 4051 1021 4117 Carmeli,
1056 4068 1238 4123 regem
1278 4052 1463 4108 Eddor
1496 4053 1553 4107 in
1595 4050 1937 4116 Phenedaor,
1968 4064 2058 4104 re-

482 4156 603 4210 gem
636 4141 736 4197 Gid
768 4141 1021 4209 Galilaaae,
1058 4161 1240 4218 regem
1272 4145 1501 4201 Thersa.

480 4233 765 4298 MaveBt‘nO,
811 4234 1033 4305 βασιλέα
1074 4237 1286 4309 ’Ῑωκὼμ
1322 4237 1415 4292 τοῦ
1440 4237 1667 4310 Χαρμὲλ
1691 4236 1789 4310 (Ξ),
1827 4235 2051 4307 βασιλέα

483 4327 706 4398 βασιλέα
737 4328 937 4399 Θερσᾶ.

964 4440 1119 4495 Liber
1161 4440 1293 4509 VII,
1322 4440 1557 4499 Iudices.

552 4532 639 4587 II.
682 4531 923 4588 Vocatur
941 4535 1028 4591 hic
1056 4537 1191 4592 liber
1220 4533 1494 4602 Iudicum,
1518 4539 1645 4609 quia
1675 4545 1798 4609 post
1823 4544 2053 4593 mortem

2167 2049 2225 2101 ὲν
2261 2044 2493 2099 Ἐσεὸὼν
2519 2042 2818 2115 κυριεύων·
2870 2041 2965 2094 καὶ
2996 2039 3097 2108 ’Ὡγ
3136 2037 3360 2109 βασιλέα
3396 2036 3498 2106 τῆς
3542 2036 3744 2100 Βάσαν,

2165 2136 2223 2201 ὃς
2255 2134 2553 2207 ὑπελείφθη
2573 2135 2637 2187 ὲκ
2661 2133 2768 2186 τῶν
2787 2131 3082 2201 γιγάντων,
3103 2128 3160 2193 ὃς
3194 2128 3431 2198 κατῴκει
3460 2129 3518 2180 ἐν
3556 2126 3749 2180 Ἀστα-

2172 2224 2306 2298 ρὼθ,
2336 2225 2429 2279 καὶ
2470 2227 2528 2278 ὲν
2564 2223 2819 2296 Ἐδραεῖμ
2859 2221 2990 2293 (99),
3025 2220 3206 2291 ἄρχων
3249 2218 3358 2272 ἀπὸ
3400 2219 3560 2290 ὅρους
3596 2217 3749 2289 ’Δερ-

2170 2316 2285 2388 μὼν
2299 2317 2405 2382 ἕως
2431 2316 2593 2390 ὁρίων
2610 2316 2838 2387 Γέργεσι
2865 2314 2959 2366 καὶ
2983 2311 3044 2365 τὸ
3070 2312 3243 2383 ἥμισυ
3273 2309 3506 2365 Γαλαὰδ.
3528 2308 3747 2362 Τούτων

2165 2408 2577 2481 ἀναιρεθέντων,
2627 2408 2822 2461 δέδωκε
2868 2405 3110 2476 Μωῦσῆς
3156 2404 3253 2475 τὴν
3292 2404 3395 2474 γῆν
3440 2401 3621 2456 αὐτῶν
3671 2399 3747 2471 τῷ

2177 2500 2424 2571 Ῥουϐὶμ,
2486 2500 2582 2553 καὶ¹
2622 2498 2700 2570 τῷ
2740 2498 2866 2565 Γὰδ,
2910 2499 3004 2552 καῖ⁵
3044 2496 3122 2568 τῷ
3164 2495 3355 2567 ἡμίσει
3408 2492 3584 2564 φυλῆς
3627 2493 3753 2545 Μαὲ

2165 2594 2355 2664 νασσῆ.
2392 2594 2527 2657 Τοὺς
2559 2592 2615 2646 δὲ
2649 2591 2885 2663 βασιλεῖς
2928 2590 3088 2645 πάλιν
3122 2589 3232 2642 τῶν
3265 2586 3628 2659 Ἀμορραίων,
3648 2582 3745 2647 οὓς

2164 2686 2372 2740 ἀνεῖλεν
2409 2686 2616 2758 Ἰησοῦς
2641 2687 2670 2738 ό
2690 2684 2784 2738 τοῦ
2816 2685 2972 2757 Ναυῆ
2999 2683 3093 2738 καὶ
3126 2681 3233 2736 υἱοὶ
3267 2679 3483 2751 Ἰσραὴλ
3513 2677 3649 2748 μετὰ
3686 2676 3751 2729 τὸ

2166 2779 2401 2851 περᾶσαι
2428 2777 2520 2832 τὸν
2560 2777 2830 2850 Ἰορδάνην
2874 2775 3024 2849 παρὰ
3064 2773 3338 2828 θάλασσαν
3372 2774 3430 2824 ὲν
3464 2768 3544 2839 τῷ
3578 2767 3752 2837 πεδίῳ

2163 2871 2256 2924 τοῦ
2293 2870 2524 2926 Λιϐάνου
2555 2871 2661 2935 ἕως
2688 2870 2786 2924 τοῦ
2819 2871 2978 2943 ὅρους
3002 2868 3207 2934 Χελκᾶ,
3240 2865 3641 2922 ἀναϐαινόντων
3668 2863 3750 2925 εἰς

2165 2963 2348 3035 Σκεὶρ,
2384 2964 2604 3029 τούτους
2648 2959 2784 3018 εἶναι
2820 2962 2987 3033 λέγει,
3021 2956 3096 3016 ὧν
3124 2961 3218 3015 καὶ
3244 2959 3342 3031 τὴν
3374 2957 3478 3028 γῆν
3515 2955 3749 3010 δέδωκεν

2178 3051 2383 3125 Ἰησοῦς
2406 3055 2527 3117 ταῖς
2549 3053 2862 3119 ὑπολοίποις
2884 3052 3078 3122 φυλαῖς
3108 3053 3188 3115 είς
3218 3047 3582 3120 κληρονομίαν
3603 3044 3747 3099 κατὰ

2168 3144 2367 3216 κλῆρον
2398 3145 2575 3200 αὐτῶν
2599 3164 2611 3179 ι
2638 3146 2728 3198 τὸν
2756 3147 3004 3209 Χεταῖον,
3031 3144 3125 3197 καὶ
3156 3143 3247 3197 τὸν
3282 3143 3337 3195 Ἀ
3348 3142 3624 3213 μορραῖον,
3651 3139 3747 3191 καί

2164 3232 2256 3287 τὸν
2301 3235 2623 3300 Χαναναῖον,
2656 3235 2749 3289 καὶ
2790 3234 2880 3288 τὸν
2921 3234 3230 3306 Φερεζαῖον,
3261 3233 3354 3286 καὶ
3396 3230 3489 3285 τὸν
3528 3230 3743 3290 Εὺαίον,

2165 3327 2260 3379 καὶ⁹
2300 3327 2393 3380 τὸν
2441 3327 2780 3392 Ἰεὸουσαῖον,
2827 3327 2921 3380 καὶ
2970 3326 3060 3382 τὸν
3106 3324 3330 3397 βασιλέα
3364 3320 3598 3394 Ἱεριχὼ,
3647 3319 3745 3375 καὶ

2159 3418 2252 3477 τὸν
2277 3418 2498 3489 βασιλέα
2527 3421 2627 3491 τῆς
2648 3420 2824 3491 Γαὶ,ἧ
2855 3423 2971 3473 ἐστι
3005 3419 3232 3490 πλησίον
3261 3416 3483 3489 Βαιθὴλ,
3517 3414 3744 3485 βασιλέα

2172 3509 2542 3581 Ἰερουσαλὴμ,
2593 3511 2819 3582 βασιλέα
2871 3510 3118 3583 Χεϐρὼν,
3172 3509 3397 3580 βασιλέα
3450 3506 3739 3578 Ἰεριμοὺθ,

2156 3599 2377 3669 βασιλέα
2407 3602 2625 3670 Λαχεὶς,
2657 3601 2879 3672 βασιλέα
2925 3601 3118 3671 Ἑλὰμ,
3148 3600 3373 3672 βασιλέα
3413 3597 3611 3668 Γαζὲρ,
3648 3596 3743 3666 βα·-

2156 3691 2307 3746 σιλέα
2345 3693 2562 3765 Δαόεὶρ,
2592 3694 2812 3764 βασιλέα
2844 3695 2989 3757 Γισὲ,
3032 3694 3256 3765 βασιλέα
3298 3691 3559 3764 ’Διρμὰθ,
3590 3690 3743 3760 βασι-

2158 3782 2253 3836 λέα
2289 3784 2485 3856 meae,
2519 3786 2739 3856 βασιλέα
2776 3786 2941 3860 Ἀρὰθ
2993 3787 3092 3858 (ί),
3142 3784 3365 3857 βασιλέα
3412 3784 3613 3846 Δοϐνᾶ,
3654 3782 3740 3853 βα·

2159 3875 2308 3929 σιλέα
2346 3877 2627 3949 Ὀδολλὰμ,
2675 3878 2899 3948 βασιλέα
2944 3878 3129 3943 Ἦλὰτ,
3167 3876 3391 3949 βασιλέα
3440 3874 3735 3944 ’Δθαφοὺθ,

2161 3967 2382 4037 βασιλέα
2429 3970 2612 4041 Ὀφὲρ,
2643 3969 2866 4041 βασιλέα
2910 3970 3073 4039 Ὀφὲκ
3102 3971 3201 4038 τῆς
3233 3967 3547 4041 Ἀρὼθ(1⁶),
3587 3966 3740 4036 βασι-

2159 4056 2253 4109 λέα
2297 4057 2501 4129 Ἀετὼμ,
2538 4059 2760 4129 βασιλέα
2794 4060 3033 4131 Σομοὼν,
3063 4059 3285 4130 βασιλέα
3317 4057 3609 4129 Μαμσρδθν
3647 4055 3741 4125 βα*

2162 4147 2314 4201 σιλέα
2347 4149 2502 4218 Ζεὶφ,
2540 4149 2769 4220 βασιλέα
2795 4152 3002 4224 Κάδης,
3053 4150 3277 4223 βασιλέα
3312 4150 3479 4212 Ζαὰκ,
3514 4146 3739 4219 βασιλέα

2100 4236 2298 4313 Ἐδδὼρ
2336 4241 2431 4296 τοῦ
2493 4242 2793 4317 Φενεδαὼρ,
2841 4244 3060 4316 βασιλέα
3126 4243 3244 4298 Γεὶδ
3289 4244 3389 4311 τῆς
3424 4240 3738 4325 Γαλιλαίας,

2662 4443 2904 4498 Βιϐλίων
2933 4441 2992 4504 ζ’,
3014 4442 3237 4510 Κριταί.

2232 4535 2318 4589 Η.
2360 4534 2616 4589 Καλεῖται
2649 4536 2709 4588 τὸ
2739 4535 2939 4606 βιϐλίον
2970 4534 3199 4605 Κριταὶ,
3242 4533 3429 4607 ἐπειδὴ
3474 4535 3612 4607 μετὰ
3642 4536 3740 4593 τὸν

476 4624 607 4682 Jesu
628 4625 775 4682 Nave
802 4629 1060 4699 populum
1094 4644 1251 4685 suum
1279 4630 1420 4688 Deus
1438 4647 1469 4686 a
1490 4633 1700 4687 relictis
1717 4631 2049 4687 Cbananmo-

2168 4626 2387 4681 θάνατον
2432 4627 2605 4697 Ἰησοῦ
2632 4625 2748 4680 υἱοῦ
2784 4625 2878 4679 τοῦ
2912 4625 3087 4695 Ναυῆ,
3121 4624 3209 4677 διὰ
3234 4623 3342 4677 τῶν
3374 4626 3578 4697 κριτῶν
3604 4626 3716 4681 ἔσω

477 4734 598 4773 rum
629 4721 880 4790 gentibus
903 4737 1157 4791 pressum
1179 4762 1194 4788 ,
1226 4738 1322 4792 per
1347 4724 1560 4792 judices
1587 4723 1839 4781 liberavit
1864 4741 1879 4779 :
1918 4738 2055 4794 quo-

2168 4714 2245 4781 ζεν
2271 4719 2298 4770 ὁ
2334 4718 2467 4782 Θεὸς
2498 4718 2591 4772 τὸν
2624 4718 2750 4773 λαὸν
2769 4717 3083 4788 θλιϐόμενον
3119 4715 3224 4769 ὑπὸ
3253 4716 3361 4771 τῶν
3395 4716 3735 4787 ἀλλοφύλων,

473 4825 597 4864 rum
629 4811 731 4864 hoc
753 4811 1026 4868 volumine
1049 4813 1387 4883 singulorum
1421 4814 1579 4870 facta:
1605 4822 1660 4870 et
1690 4815 1811 4868 vita:
1839 4821 2053 4883 tempus

2168 4809 2262 4863 τῶν
2313 4810 2767 4881 περιλειφθέντων
2816 4809 3134 4863 Χαναναίων
3174 4826 3187 4839 ·
3240 4809 3332 4861 καὶ
3377 4810 3580 4864 τούτων
3624 4810 3739 4863 τῶν

475 4904 845 4960 continentur.
908 4904 1047 4960 Sunt
1081 4913 1263 4961 autem
1302 4906 1415 4963 isti.
1470 4906 1689 4963 Primus
1717 4906 2005 4961 Gothoniel
2035 4924 2047 4961 :

2168 4903 2353 4975 ιριτῶν
2396 4902 2624 4955 ἑκάστου
2658 4903 2750 4955 καὶ
2781 4902 2877 4965 τὰς
2919 4901 3145 4973 πράξεις
3177 4902 3271 4955 καὶ
3301 4901 3389 4955 τὸν
3417 4903 3610 4973 χρόνον
3633 4905 3738 4974 τῆς

475 4997 562 5050 hic
589 4997 788 5051 occidit
819 4997 1268 5054 Chusarsathaim
1299 5015 1485 5070 regem
1517 4999 1630 5071 (98)
1666 4998 1836 5071 Syriae
1857 4998 2049 5053 ﬂuvio-

2168 4996 2296 5066 ζωῆς
2328 4997 2359 5066 ἡ
2397 4995 2575 5065 βίϐλος
2607 4994 2745 5065 αὕτη
2772 4994 3035 5067 περιέχει.
3064 4994 3320 5064 Γεγόνασι
3348 4995 3405 5047 δὲ
3431 4997 3614 5067 κριταὶ
3642 4992 3738 5052 οὗ·

472 5103 615 5153 rum,
650 5090 742 5158 qui
773 5091 1031 5160 populum
1080 5091 1249 5146 Israel
1278 5090 1539 5147 alllixerat
1591 5106 1765 5145 annos
1813 5090 2051 5161 quadra-

2168 5105 2262 5141 τοι·
2313 5087 2529 5159 πρῶτος
2566 5087 2845 5159 Γοθονιήλ’
2892 5080 3046 5149 οὗτος
3084 5084 3259 5139 ἀνεῖλε
3288 5086 3378 5138 τὸν
3406 5071 3732 5159 Χουσαρσα-

472 5179 640 5248 ginta.
671 5179 802 5236 Post
825 5182 972 5237 hunc
1004 5182 1157 5237 Avod
1198 5183 1559 5239 ambidexter.
1593 5181 1693 5237 Hic
1723 5181 1940 5253 Eglom
1965 5198 2049 5236 re-

2168 5177 2313 5250 la‘Zp,
2358 5179 2579 5249 βασιλέα
2612 5180 2812 5251 Συρίας
2842 5179 3131 5251 ποταμῶν,
3183 5178 3442 5250 θλίψαντα
3479 5182 3570 5234 τὸν
3604 5181 3733 5236 λαὸν

474 5286 594 5340 gem
621 5270 977 5328 Moabitarum
1008 5274 1191 5346 gladio
1242 5274 1469 5345 ancipiti
1520 5274 1713 5345 palmae
1755 5272 2048 5343 longitudi-

2168 5271 2242 5343 Ξτη
2280 5278 2332 5343 μ’
2362 5271 2437 5343 ('5)
2458 5289 2471 5301 '
2506 5271 2643 5343 μετὰ
2690 5273 2877 5328 τοῦτον
2905 5273 3096 5339 Αὐὼδ,
3128 5274 3604 5346 ἀμφοτεροδέξιος·
3640 5269 3733 5330 οἶδ’-

470 5379 594 5418 nem
627 5362 858 5422 habente
880 5366 1177 5432 interemit,
1211 5382 1243 5421 a
1273 5381 1383 5437 quo
1414 5366 1592 5421 fuerat
1624 5365 1854 5422 alIIictus
1876 5364 2045 5423 Israel

2168 5383 2235 5430 τος
2267 5364 2439 5418 ἀνεῖλε
2481 5365 2573 5420 τὸν
2614 5366 2840 5439 Αίγλὼμ
2880 5366 3105 5438 βασιλέα
3138 5365 3346 5431 Μωὰϐ,
3377 5368 3437 5419 ὲν
3474 5366 3725 5437 μαχαίρᾳ

472 5470 644 5514 annos
683 5457 871 5514 decem
902 5468 957 5515 et
985 5467 1112 5513 octo
1141 5477 1154 5514 :
1203 5466 1258 5514 et
1289 5458 1405 5529 ipse
1434 5459 1756 5531 gubernavit
1787 5459 2042 5517 lsraelem

2168 5460 2402 5531 ζιστόμῳ,
2430 5459 2629 5532 δρακὸς
2652 5459 2851 5534 ἐχούσῃ
2873 5460 2934 5513 τὸ
2964 5459 3156 5531 μῆκος,
3189 5457 3450 5527 θλίψαντα
3480 5457 3571 5510 τὸν
3594 5456 3724 5509 λαὸν

541 5609 652 5747 (98)
681 5608 736 5663 Id
758 5618 842 5665 est
875 5610 1301 5680 Mesopotamia.
1840 5666 1843 5668 .

542 5679 629 5747 (99
693 5682 766 5735 Ita
793 5678 868 5735 0'.
903 5680 1047 5733 Editi
1072 5696 1224 5744 vero,
1249 5686 1344 5738 καὶ
1370 5685 1589 5747 ἐγένετο
1617 5687 1848 5747 Δραείμ.
1872 5686 2037 5740 male.

2216 5618 2305 5740 (2)
2328 5620 2405 5682 0’,
2450 5619 2696 5705 Συμοῶν,
2747 5616 2970 5689 βασιλέα
2998 5616 3309 5747 Μαὲιὸρὼθ,
3364 5616 3496 5702 βασςο
3539 5612 3719 5684 Ἀζὶφ,

2168 5692 2272 5742 ιασι
2308 5688 2372 5741 έα
2402 5689 2607 5747 Κάοης.
2662 5689 2782 5747 βασ·
2820 5687 3039 5747 Ζαγὰκ,
3118 5705 3216 5741 ασ-
3262 5684 3552 5747 Μαρεδωθ,
3588 5685 3719 5747 βασ-

703 5635 845 5730 Γιυδι
875 5635 1301 5692 ινιυδρμυιιηιιιω.
1767 5687 1779 5703 ι
1840 5666 1843 5668 .
2216 5635 2305 5740 (Ζ)
2328 5635 2405 5682 U',
2450 5635 2696 5689 zupowv,
2747 5635 2970 5689 βασιλεα
3001 5635 3091 5671 tua
3139 5635 3309 5689 ορωυ,
3364 5635 3496 5688 ρασ-
3546 5635 3719 5684 Λιιιφς

703 5690 766 5763 .ta
793 5684 834 5735 Ο
856 5721 868 5732 .
903 5680 1047 5733 Edtlt
1066 5696 1224 5764 .vero,
1249 5686 1344 5738 καὶ
1370 5685 1589 5752 ἐγένετο
1617 5688 1848 5759 Δραειμ.
1872 5686 2037 5740 male.
2147 5690 2272 5760 βασι
2308 5688 2372 5741 έα
2402 5689 2607 5759 Κάδης,
2662 5689 2782 5759 βασ-
2820 5687 3039 5758 Ζαχὰκ,
3118 5705 3216 5741 ασ-
3262 5689 3354 5741 Μα
3395 5684 3552 5748 εδὼθ,
3663 5702 3722 5737 σ-

722 5790 737 5812 .
794 5750 1016 5812 βασιλέα
1082 5749 1296 5812 Epp-d0.
1345 5754 1567 5812 βασιλέα
1611 5758 1784 5812 Ἀδὲο.
1819 5756 2041 5812 βασιλέα
2159 5760 2337 5812 Ἰεκδυ.
2361 5758 2454 5812 τοῦ
2490 5760 2732 5812 Χεοιιὲλ.
2765 5758 2896 5812 βασ-
2935 5635 3197 5812 ὐδολξάιι
3227 5757 3323 5812 τοῦ
3353 5685 3718 5812 Ξεννεαλὲἷρ.

544 5752 634 5831 ει),
661 5749 737 5814 θ’,
794 5750 1016 5820 βασιλέα
1066 5749 1296 5821 Ἐρμὰθ,
1345 5749 1567 5824 βασιλέα
1611 5749 1798 5830 ’Ᾰδὲρξ
1818 5756 2041 5829 βασιλέα
2147 5749 2341 5831 ’Ὶεκδμ
2361 5758 2454 5812 τοῦ
2490 5749 2732 5831 Χὲρμὲλ,
2764 5749 3197 5830 βασ-”ὐδολλὰμ
3227 5757 3323 5813 τοῦ
3353 5749 3718 5828 Φεννεαλδὼρ,

466 5817 660 5872 Λεϐνά.

540 5830 744 5961 ξίίῗόι,
794 5889 955 5957 Ὀφὲκ
989 5894 1085 5963 τῆς
1132 5892 1311 5965 Ἀρώκ
1404 5962 1414 5972 ,

2168 5833 2276 5883 ιασ⁹
2306 5830 2396 5882 Γεῖ
2418 5834 2537 5903 τῆς,
2571 5830 2678 5884 etc.

2218 5898 2289 5970 (5)
2327 5900 2401 5967 0‘,
2435 5902 2527 5972 ἐτη
2558 5900 2678 5955 όκτιί

2218 5898 2289 5970 (5)
2327 5900 2401 5967 0‘,
2435 5897 2527 5972 ἐτη
2558 5898 2720 5955 ὀκτώ.
2742 5897 2883 5967 Mox,
2914 5901 2989 5969 0',
3028 5898 3182 5955 Ἀώὲἲ.
