3958 6520
158 507 247 561 3ίῖ
1262 516 1586 574 8ΥΝΟΡ818
1622 517 2034 576 SCRIPTUM
2077 517 2350 575 SACRE.

3291 520 3398 578 3M

157 627 236 694 ἐτη
270 629 363 692 ιη’·
409 625 510 676 καὶ
552 627 714 690 αὐτὸς
763 627 942 700 ἔκρινε
981 631 1073 684 τὸν
1117 633 1329 704 Ἰσραὴλ
1360 634 1454 706 έτη
1479 643 1559 688 π’·
1591 637 1725 707 μετὰ

1829 653 2001 694 annos
2055 638 2350 707 oCmginta.
2405 635 2596 692 Postea
2653 634 2918 707 Tamegar
2972 635 3116 692 filius
3150 635 3391 704 Dinach,

155 717 322 770 τοῦτον
370 718 654 792 Ταμεγὰρ
704 721 817 789 (5),
861 723 978 786 υίὸς
1021 724 1216 794 Δινάχ’
1251 719 1406 790 οὗτος
1464 728 1728 792 ἐπάταξεν

156 810 450 874 ἑξακοσίους
497 811 618 866 τῶν
672 814 984 885 ἀλλοφύλων
1029 818 1086 869 ὲν
1128 816 1206 888 τῷ
1249 819 1569 892 ἀροτρὸποδι
1618 821 1728 874 τῶν

156 902 304 971 βοῶν’
341 902 440 955 καὶ
471 906 644 970 αὐτὸς
677 907 859 979 ἔκρινε
883 908 973 963 τὸν
1003 908 1130 964 λαὸν
1164 909 1281 974 ἔτος
1310 908 1378 964 α’.
1407 912 1538 964 Μετ’
1567 912 1728 964 αὐτὸν

155 997 359 1068 Baga],
409 998 535 1062 υίὸς
592 1000 800 1072 Ἀϐινέχ
829 1001 929 1077 (6).
974 996 1140 1066 Οὗτος
1183 1002 1516 1074 ἐπολέμησεν
1564 1003 1726 1056 ἰαϐὶν

153 1088 230 1142 καὶ
271 1087 363 1140 τὸν
403 1090 657 1162 Σισὰρα,
697 1093 989 1162 θλίψαντας
1017 1094 1106 1147 τὸν
1151 1095 1364 1168 Ἰσραὴλ
1402 1095 1494 1166 ἔτη
1523 1102 1590 1148 κ’.
1624 1095 1726 1148 Τὸν

156 1183 238 1251 μὲν
269 1177 359 1233 οὖν
399 1182 625 1255 Σισάρα
665 1185 980 1239 ἀπέκτεινεν
1015 1185 1192 1256 Ἰαὴλ,
1233 1186 1368 1258 γυνὴ
1409 1185 1590 1258 Χαθὲρ
1631 1185 1724 1238 τοῦ

154 1273 356 1326 lima-10o
401 1274 464 1324 ἐν
513 1275 813 1345 πασσάλῳ·
851 1276 1011 1339 αὐτὸς
1047 1276 1103 1328 δὲ
1131 1276 1343 1359 ἔοκρινεν
1380 1277 1472 1330 τὸν
1511 1276 1726 1347 Ἰσραὴλ

155 1367 234 1435 ἔτη
267 1365 335 1436 μ’.
377 1367 525 1419 Μετ’
572 1367 734 1421 αὐτὸν
774 1368 1007 1422 Γεδεών·
1046 1370 1205 1434 αὐτός
1241 1373 1387 1424 ἐστιν
1430 1369 1720 1441 Ἱεροϐαάλ.

155 1459 303 1521 Αὐτὸς
341 1460 595 1527 ἐπάταξε
637 1461 884 1526 Μαδιὰν,
918 1463 1012 1516 καὶ
1049 1462 1138 1516 τὸν
1179 1463 1372 1536 Ὠρὴϐ,
1415 1464 1506 1517 καὶ
1541 1463 1723 1529 Ζεδεὲ,

157 1554 235 1604 καὶ
261 1553 524 1624 Σαλμανὰ
553 1554 684 1618 τοὺς
733 1553 1000 1627 ἄρχοντας
1041 1556 1220 1608 αὐτῶν
1240 1597 1254 1621 ,
1288 1555 1379 1608 τόν
1412 1574 1470 1609 τε
1519 1555 1728 1627 πύργον

157 1643 371 1714 Φανουὴλ
404 1646 775 1718 κατέστρεψε,
819 1648 914 1700 καὶ
940 1647 1066 1711 τοὺς
1109 1647 1370 1719 ἄρχοντας
1402 1647 1578 1702 αὐτῶν
1603 1649 1727 1718 ἠλό-

157 1751 268 1804 ησεν
297 1736 351 1788 ἐν
379 1739 507 1799 ταῖς
534 1736 823 1802 ἀκάνθαις,
849 1737 1138 1807 θλίψαντας
1165 1737 1253 1791 τὸν
1298 1738 1512 1809 Ἰσραὴλ
1540 1738 1632 1810 έτη
1657 1737 1722 1802 ζ’.

159 1823 306 1888 Αὐτὸς
348 1826 404 1878 δὲ
453 1827 648 1896 ἔκρινε
691 1829 783 1882 τὸν
829 1827 1042 1900 Ἰσραὴλ
1080 1829 1172 1900 ἔτη
1226 1836 1298 1900 μ’.
1337 1829 1490 1883 Μετὰ
1534 1830 1728 1885 τοῦτον

170 1913 453 1985 ’Δθιμελὲχ,
487 1918 612 1981 υἱὸς
638 1918 840 1971 Γεδεὼν
860 1921 924 1972 ὲκ
947 1918 1226 1990 παλλακῆς
1239 1936 1252 1949 ·
1272 1914 1424 1983 οὗτος
1437 1920 1724 1980 ἀπέκτεινε

1829 729 1922 798 qui
1948 737 2232 784 sexcentos
2259 728 2325 783 de
2353 727 2679 782 Philisthiim
2711 741 2930 781 vomere
2960 728 3264 797 percussit,
3296 747 3397 786 an-

1828 827 2066 890 numque
2101 836 2298 883 unum,
2344 820 2601 890 populum
2657 819 2946 888 judicavit.
3001 818 3157 875 Hunc
3183 824 3397 891 excepit

1827 912 2035 967 Barach
2066 911 2210 965 filius
2231 909 2489 965 Abineem
2519 927 2532 965 :
2560 909 2651 963 hic
2683 912 3013 983 expugnavit
3038 909 3198 967 Jahin
3223 921 3276 968 et
3307 913 3396 968 Si-

1827 1019 2028 1067 saram,
2062 1003 2156 1074 qui
2192 1001 2445 1057 Israelem
2473 1017 2647 1056 annos
2677 1002 2868 1071 viginti
2893 1003 3221 1060 afﬂixerunt.
3257 1003 3398 1058 Sisa-

1827 1111 1940 1150 ram
1989 1102 2169 1150 autem
2216 1094 2353 1159 Jael,
2386 1110 2525 1148 uxor
2554 1094 2753 1149 Cather
2786 1094 2952 1150 Cinrci
2985 1096 3140 1149 clavo
3169 1095 3394 1151 occidit.

1824 1183 2097 1240 Judicavit
2126 1187 2228 1242 iste
2245 1185 2496 1241 Israclem
2515 1200 2687 1240 annos
2707 1185 3084 1258 quadraginta.
3105 1185 3233 1242 Post
3251 1187 3397 1242 hunc

1829 1275 2067 1340 Gedeon,
2091 1278 2183 1348 qui
2208 1285 2262 1332 et
2279 1276 2529 1332 Jerobaal
2554 1277 2735 1332 dictus
2750 1285 2854 1332 est.
2873 1277 3149 1334 Percussit
3167 1280 3268 1334 iste
3287 1278 3397 1332 Ma-

1826 1370 1974 1433 dian,
2011 1377 2064 1423 et
2082 1368 2245 1434 Oreb,
2267 1379 2319 1424 et
2343 1367 2452 1424 Zeb
2479 1381 2534 1424 et
2559 1368 2752 1433 Zebee,
2781 1377 2835 1424 et
2867 1369 3120 1426 Salmana
3150 1373 3393 1442 ipsorum

1827 1460 2100 1530 principes
2119 1474 2183 1514 ac
2215 1459 2406 1514 turrim
2436 1458 2678 1513 Phanuel
2705 1461 2994 1527 subvertit,
3015 1463 3396 1532 principesque

1827 1550 2042 1604 illorum
2075 1565 2199 1605 cum
2233 1550 2408 1621 spinis
2435 1551 2710 1606 trituravit
2748 1566 2812 1605 ac
2839 1553 3092 1607 contrivit
3131 1568 3161 1605 a
3193 1553 3395 1621 quibus

1827 1643 2055 1698 alllictus
2085 1643 2259 1698 fuerat
2281 1642 2446 1698 Israel
2473 1658 2646 1697 annos
2675 1651 2901 1712 septem.
2923 1642 3194 1699 Judicavit
3216 1653 3395 1699 autem

1826 1735 1944 1805 ipse
1974 1733 2226 1790 Israclem
2257 1749 2432 1790 annos
2459 1734 2839 1805 quadraginta.
2895 1735 3026 1792 Post
3077 1736 3231 1790 illum
3271 1736 3398 1790 Abi-

1826 1827 2055 1892 melech,
2085 1826 2229 1882 filius
2254 1826 2522 1882 Gedconis
2567 1842 2636 1882 ex
2673 1827 3010 1889 concubina,
3061 1827 3152 1898 qui
3199 1827 3397 1882 fratres

1826 1934 1956 1975 suos
1987 1935 2054 1974 ex
2084 1918 2271 1975 liberis
2297 1925 2454 1974 natos
2473 1958 2488 1984 ,
2509 1922 2851 1992 septuaginta
2879 1919 3045 1982 viros,
3072 1935 3236 1988 super
3266 1918 3398 1988 lapi-

161 2008 267 2070 τοὺς
296 2008 569 2079 ἀδελφοὺς
611 2011 803 2066 ἑαυτοῦ
831 2013 995 2076 ,τοὺς
1039 2014 1103 2066 ὲκ
1157 2012 1265 2065 τῶν
1307 2013 1638 2084 ἐλευθέρων,
1681 2019 1723 2068 of

1825 2004 1948 2058 dem
1965 2018 2135 2057 unum
2151 2003 2370 2058 occidit.
2392 2002 2539 2074 Fuga
2557 2011 2738 2060 autem
2757 2021 2900 2060 unus
2915 2021 2980 2060 ex
2997 2004 3127 2068 illis,
3146 2003 3396 2058 Joatham

159 2099 330 2171 ἄνδρας
361 2102 456 2154 ἐπὶ
491 2102 649 2156 λίθον
685 2103 800 2158 ἕνα.
835 2105 1044 2174 Ἐφυγε
1075 2103 1132 2156 δὲ
1165 2098 1245 2167 εἷς
1297 2104 1354 2170 ἐξ
1398 2104 1576 2158 αὐτῶν
1613 2107 1725 2159 ἰω-

161 2192 304 2262 ἀθαμ.
343 2194 509 2248 Ἀλλὰ
559 2197 656 2250 καὶ⁸
694 2196 978 2268 Ἀϐιμελὲχ
1026 2195 1213 2266 γέγονε
1265 2196 1401 2268 μετὰ
1435 2197 1543 2252 τῶν
1576 2197 1724 2269 αὐτῷ

160 2284 497 2339 συνελθόντων
533 2288 614 2350 ὡς
660 2288 770 2360 πῦρ
815 2288 925 2342 ἀπὸ
961 2289 1197 2360 ῥάμνου’
1237 2288 1462 2352 πολλούς
1496 2307 1554 2342 τε
1589 2292 1725 2344 ἀπο-

160 2378 368 2441 κτείνας,
405 2379 657 2433 ἀπέθανε
705 2382 798 2435 καὶ
839 2382 1000 2444 αὐτὸς
1045 2381 1280 2453 prtem;
1325 2383 1580 2451 γυναικὸς
1617 2383 1724 2436 ἀπὸ

157 2467 235 2518 τοῦ
271 2468 479 2539 τείχους
536 2473 626 2522 ἐπ’
659 2471 820 2524 αὑτὸν
853 2469 1071 2540 κλάσμα
1105 2469 1293 2541 μύλου.
1329 2471 1439 2523 Καὶ
1475 2471 1634 2535 αὐτὸς
1665 2471 1722 2524 δὲ

160 2547 298 2620 ἦρξεν
327 2554 416 2625 ἔτη
466 2557 623 2627 τρία.
659 2558 795 2611 Μετ’
832 2558 993 2612 αὑτὸν
1036 2557 1194 2612 Θωλὰ
1231 2558 1346 2622 υἱὸς
1393 2559 1570 2624 Φούα,
1610 2559 1724 2624 υἱὸς

163 2645 515 2714 πατραδέλφου
579 2646 883 2718 Ἀϐιμελέχ.
913 2649 1022 2700 Καὶ
1075 2648 1236 2712 αὐτὸς
1284 2644 1449 2720 ἧρξεν
1491 2649 1584 2720 ἔτη
1613 2656 1719 2718 κγ’.

165 2732 271 2786 Μετ’
302 2737 461 2790 αὐτὸν
513 2739 678 2809 Ἰαεὶρ
705 2740 734 2790 ὁ
767 2739 806 2790 Γ
809 2739 1101 2811 αλααδίτης
1127 2739 1219 2811 ἔτη
1266 2743 1368 2795 κ6’.
1397 2742 1529 2796 Μετ’
1560 2744 1722 2796 αὐτὸν

173 2829 355 2896 Ἰεφθάε
387 2834 414 2885 ὀ
451 2831 798 2904 Γαλααδίτης
821 2850 836 2862 ο
870 2829 1024 2897 οὗτος
1063 2834 1348 2888 ἀπέκτεινε
1387 2837 1513 2900 τοὺς
1553 2837 1722 2907 Ἀμα-

165 2922 291 2985 νῖτας
330 2929 422 2978 καὶ
466 2925 602 2987 τοὺς
635 2924 952 2996 Φυλιστιεὶμ
975 2965 990 2987 ,
1034 2925 1325 2996 θλίψαντας
1357 2929 1446 2981 τὸν
1507 2930 1723 3002 Ἰσραὴλ

164 3013 240 3083 ἔτη
272 3013 354 3084 ιη’.
389 3017 708 3088 Εὗξάμενος
735 3017 790 3072 δὲ
825 3020 884 3071 ὲν
913 3018 990 3090 τῷ
1021 3019 1243 3092 πολέμῳ
1267 3021 1360 3075 τὸν
1403 3023 1724 3076 ἀπαντῶντα

167 3106 351 3175 πρῶτον
383 3109 532 3180 μετὰ
563 3110 662 3180 τὴν
685 3109 841 3181 νίκην
870 3111 1161 3182 ἀναφέρειν
1197 3113 1275 3176 είς
1311 3112 1518 3179 θυσίαν,
1553 3115 1725 3168 ἁπαν-

167 3200 384 3267 τήσασαν
419 3203 525 3275 τὴν
560 3203 859 3276 θυγατέρα,
890 3205 1119 3276 ἠξίωσεν
1148 3207 1407 3278 πρότερον
1436 3224 1721 3279 συγχωρη-

168 3289 300 3360 θῆναι
322 3294 452 3366 αὐτῇ
493 3294 720 3365 δίμηνον
747 3295 979 3350 κλαῦσαι
1006 3297 1072 3352 τὰ
1107 3298 1371 3372 παρθένια
1402 3301 1568 3372 αὐτῆς
1590 3319 1603 3332 ο
1629 3300 1720 3354 οὕ-
1749 3336 1790 3393 C

168 3396 254 3445 τως
285 3385 442 3456 αὐτὴν
479 3386 788 3454 ἀνενεγκὼν
816 3390 844 3441 ὸ
871 3390 1053 3462 πατὴρ
1087 3393 1165 3455 εἰς
1189 3391 1396 3456 θυσίαν,
1431 3393 1609 3465 ἔκρινε
1631 3395 1723 3448 τὸν

167 3472 272 3526 λαὸν
295 3476 380 3548 ἔτη
409 3479 493 3543 ἐξ.
524 3480 658 3531 Μετ’
697 3479 856 3532 αὑτὸν
895 3481 1149 3536 Ἀϐαισὰν
1191 3485 1300 3536 ἀπὸ
1338 3485 1585 3557 Βηθλεὲμ
1627 3486 1720 3558 ἔτη

171 3567 304 3622 ἑπτά.
337 3572 468 3624 Μετ’
500 3571 663 3624 αὐτὸν
695 3569 926 3626 Ἀῖλὼνὸ
951 3573 1356 3646 Ζαϐουλωνίτης
1381 3575 1473 3647 ἔτη
1507 3582 1558 3629 ι’.
1591 3578 1722 3630 Μετ’

171 3660 304 3714 αὑτὸν
327 3664 551 3717 Λαϐδὼν
575 3665 674 3735 (7),
708 3669 736 3719 ὁ
763 3664 1150 3737 Φαραθωνίτης
1177 3665 1269 3738 ἔτη
1303 3673 1374 3738 η’.
1402 3669 1535 3722 Μετ’
1563 3669 1723 3723 αὐτὸν

173 3753 375 3823 Σαμψὼν
421 3758 537 3812 ἀπὸ
590 3757 696 3810 Δάν
723 3774 737 3788 ·
786 3751 940 3821 οὗτος
977 3756 1210 3822 ἐπάταξε
1257 3758 1381 3821 τοὺς
1408 3760 1724 3832 Φυλιστιεὶμ

174 3846 218 3898 ὲν
243 3849 430 3916 σιαγόνι
459 3849 609 3914 ὄνου,
645 3850 741 3903 καὶ
794 3848 982 3903 ἄλλοτε
1036 3849 1237 3921 ῥάϐδῳ,
1280 3848 1374 3903 καὶ
1401 3845 1555 3912 αὖθις
1579 3849 1722 3904 ἀλώ-

176 3937 290 4004 πεξι,
315 3943 399 3996 καὶ
430 3943 663 4013 ὕστερον
698 3939 1058 4013 συμπτώματι
1089 3941 1182 3995 τοῦ
1223 3942 1395 4009 οἴκου,
1434 3941 1723 4011 θλίψαντας

175 4028 246 4080 τὸν
281 4032 492 4105 Ἰσραὴλ
541 4033 636 4105 ἔτη
677 4039 747 4103 μ’.
790 4035 900 4088 Καὶ
946 4032 1106 4096 αὐτὸς
1147 4033 1326 4105 ἔκρινε
1367 4031 1458 4087 τὸν
1511 4032 1724 4106 Ἰσραὴλ

178 4119 255 4190 ετη
278 4130 338 4177 κ’.
382 4124 685 4179 Ποσοῦνται
726 4119 817 4179 οὖν
850 4126 900 4178 οἱ
943 4124 1141 4190 πάντες
1175 4125 1357 4196 κριταὶ
1398 4125 1477 4189 είς
1519 4131 1618 4194 ιγ”
1655 4123 1723 4178 τὰ

178 4209 222 4263 δὲ
248 4213 328 4286 ἔτη
358 4215 540 4272 αὐτῶν
568 4222 696 4272 υια’.

652 4416 897 4470 Βιϐλίον
932 4422 1006 4484 η’,
1053 4417 1236 4470 Ῥούθ.

240 4505 310 4559 12.
341 4509 498 4562 Οὕτω
535 4507 755 4576 λέγεται
793 4508 853 4560 τὸ
879 4507 1102 4579 βιϐλίον,
1121 4506 1306 4580 ἐπειδὴ
1340 4507 1433 4562 καὶ
1463 4507 1562 4579 τὴν
1595 4509 1722 4580 περὶ

181 4593 260 4666 τῆς
283 4599 423 4654 Ῥοὺθ
467 4600 709 4672 ἱστορίαν
742 4599 908 4671 μόνην
955 4598 1214 4671 περιέχει.
1254 4599 1406 4651 Ἐστι
1434 4599 1491 4652 δὲ
1523 4598 1721 4671 αὖτηή

1821 2100 2040 2170 elapsus
2071 2109 2173 2154 est.
2201 2097 2320 2168 Ipse
2351 2115 2479 2153 vero
2532 2097 2879 2164 Abimelech,
2899 2099 3083 2154 .etiam
3124 2100 3232 2156 illis
3253 2141 3268 2165 ,
3301 2099 3396 2171 qui

1823 2207 1947 2246 cum
1981 2191 2098 2261 ipso
2129 2190 2576 2259 conspiraverant
2602 2229 2618 2255 ,
2655 2189 2833 2245 factus
2859 2201 2942 2246 est
2970 2191 3142 2246 instar
3177 2193 3318 2262 ignis
3364 2207 3398 2246 e

1821 2282 2070 2336 rhamno.
2132 2278 2429 2350 Postquam
2485 2287 2668 2335 autem
2720 2280 2922 2336 multos
2979 2280 3212 2340 occidit.
3249 2296 3398 2335 mor-

1821 2380 1950 2428 tuus
1977 2380 2062 2427 est
2094 2378 2148 2426 et
2177 2371 2312 2442 ipse,
2348 2370 2505 2426 molae
2539 2371 2804 2443 fragmine
2845 2374 2914 2428 de
2961 2388 3117 2426 muro
3148 2387 3243 2442 per
3277 2389 3398 2426 mn-

1822 2465 2008 2520 Iicrem
2064 2465 2304 2519 demisso
2352 2472 2694 2532 prostratus,
2765 2465 3163 2535 imperiumque
3221 2466 3396 2520 tenuit

1821 2570 1995 2610 annos
2041 2561 2174 2609 tres.
2211 2552 2412 2607 Deinde
2452 2553 2622 2608 Thola
2660 2554 2803 2609 filius
2835 2554 3006 2618 Phua,
3039 2555 3215 2624 patrui
3266 2555 3395 2608 Abi-

1822 2646 2054 2710 melech,
2084 2646 2177 2716 qui
2209 2645 2493 2716 imperavit
2523 2661 2698 2701 annos
2732 2645 2820 2701 25.
2853 2644 3008 2700 Ηυηο
3039 2646 3250 2716 excepti
3279 2643 3398 2700 Jair

1821 2739 2148 2804 Galaaditcs,
2174 2738 2268 2808 qui
2295 2738 2558 2808 judicavit
2603 2753 2780 2793 annos
2823 2737 2912 2793 22.
2963 2736 3157 2794 Postea
3205 2735 3398 2807 Iephte

1821 2831 2151 2888 Galaadites.
2179 2831 2923 2902 IstepercussitAmmonitas
2962 2839 3016 2886 et
3063 2831 3393 2898 Philistacos,

1821 2925 1913 2995 qui
1940 2923 2194 2980 Israelem
2225 2924 2526 2980 afﬂixerant
2559 2939 2732 2979 annos
2759 2924 2946 2979 decem
2986 2930 3038 2978 et
3076 2932 3221 2978 octo.
3258 2923 3395 2978 Cum

1823 3023 2001 3070 autem
2041 3015 2096 3070 in
2128 3014 2269 3070 bello
2296 3025 2479 3068 votum
2513 3013 2752 3094 fecisset,
2787 3014 3097 3068 oblaturum
3131 3028 3190 3069 se
3226 3012 3281 3066 in
3308 3027 3398 3067 sa-

1822 3107 2109 3171 crificium,
2141 3107 2405 3179 quidquid
2454 3114 2578 3178 post
2615 3107 2898 3162 victoriam
2931 3106 3148 3161 domum
3209 3119 3394 3159 rever-

1825 3199 1955 3254 tenti
1987 3199 2220 3269 primum
2250 3205 2596 3263 occurreret,
2650 3199 2815 3253 ﬁliam
2861 3199 2916 3253 in
2948 3213 3235 3254 occursum
3269 3211 3395 3267 pro-

1823 3306 2086 3362 gressam,
2120 3291 2409 3360 impetrato
2441 3291 2676 3360 primum
2701 3290 2768 3344 ad
2801 3290 3086 3362 lugendam
3112 3289 3395 3360 virginita-

1823 3391 1932 3439 tem
1956 3382 2204 3439 bimestri
2228 3382 2424 3452 spatio,
2451 3381 2837 3438 immolandam
2865 3383 3081 3438 obtulit.
3120 3379 3397 3436 Judicavit

1825 3483 2004 3530 autem
2063 3475 2322 3545 populum
2367 3490 2540 3531 annos
2583 3491 2698 3530 sex.
2760 3474 2957 3531 Postea
3011 3475 3236 3530 Abmsan
3291 3473 3396 3528 Βοκ

1824 3567 2135 3631 thleemita,
2177 3567 2441 3636 judicavit
2480 3582 2656 3622 annos
2710 3575 2938 3637 septem.
2998 3565 3198 3621 Deinde
3233 3565 3394 3620 Ailon

1825 3657 2171 3712 Zabulonites
2199 3671 2371 3712 annos
2398 3656 2604 3712 decem.
2630 3656 2762 3710 Post
2805 3657 2956 3710 illum
2987 3655 3208 3710 Labdon
3254 3654 3396 3708 Pha-

1824 3749 2125 3804 rathonites
2161 3749 2320 3818 108
2365 3763 2539 3803 annos
2585 3755 2730 3803 octo.
2781 3747 2976 3802 Postea
3019 3745 3286 3811 Samson,
3325 3745 3395 3800 de

1824 3843 1992 3912 stirpe
2043 3840 2177 3894 Dan.
2235 3839 2336 3894 llic
2386 3840 2439 3893 in
2475 3839 2787 3894 mandibula
2820 3840 2980 3901 asini,
3011 3838 3282 3894 interdum
3339 3848 3396 3894 et

1823 3932 1999 4003 virga,
2017 3930 2310 4001 aliquando
2337 3930 2502 3986 etiam
2529 3930 2793 3985 immissis
2813 3930 3089 4000 vulpibus,
3115 3938 3168 3985 et
3206 3929 3395 3984 novis-

1825 4023 1963 4078 sime
2014 4039 2111 4094 per
2152 4023 2366 4078 ruinam
2396 4022 2610 4086 domus,
2645 4022 2948 4078 Philistaaos
2994 4023 3298 4093 percussit,
3361 4037 3393 4076 a

1823 4115 2022 4185 quibus
2048 4115 2212 4170 Israel
2253 4116 2483 4171 amictus
2537 4115 2714 4170 fuerat
2769 4130 2942 4170 annos
2974 4117 3064 4168 40.
3118 4113 3394 4169 Judicavit

1825 4218 2004 4263 autem
2055 4205 2306 4264 Israelem
2356 4223 2529 4264 annos
2554 4208 2643 4263 9.0.
2679 4207 2919 4262 Fuerunt
2947 4211 3130 4278 itaque
3179 4207 3394 4277 judices

1824 4297 2040 4355 lsraelis
2065 4315 2292 4355 numero
2326 4299 2420 4364 15,
2454 4300 2580 4353 anni
2614 4315 2744 4354 vero
2770 4300 2986 4354 illorum
3018 4299 3240 4355 fuerunt
3265 4299 3388 4356 411.

2314 4415 2470 4470 Liber
2519 4415 2661 4469 VIII
2686 4457 2700 4481 ,
2739 4416 2900 4470 Ruth.

1896 4505 1984 4574 12.
2020 4507 2099 4561 Ita
2119 4513 2346 4561 vocatur
2399 4507 2486 4560 hic
2536 4507 2708 4572 liber,
2754 4507 2898 4576 quod
2931 4505 3211 4560 historiam
3247 4505 3392 4562 Ruth

1823 4587 2033 4652 tantum
2069 4597 2477 4667 commetatur.
2513 4597 2608 4653 Est
2643 4605 2822 4652 autem
2855 4597 2994 4652 Ruth
3025 4613 3221 4666 genere
3247 4596 3394 4652 Moa—

194 4687 318 4744 Ῥοὺθ
364 4693 424 4746 τὸ
479 4692 576 4764 μὲν
627 4691 783 4760 γένος
829 4692 1106 4754 Μωαϐῖτις
1132 4731 1147 4755 ,
1183 4690 1277 4744 καὶ⁵
1312 4693 1368 4744 ὲν
1409 4691 1725 4763 σωφροσύνῃ

1831 4689 1980 4756 bitis,
2015 4689 2264 4746 castitate
2297 4704 2423 4744 vero
2470 4689 2636 4743 clara.
2673 4687 2878 4743 Relicta
2923 4689 3248 4760 cognatione
3299 4704 3396 4758 pa-

184 4776 513 4851 διαπρέψασα.
559 4779 964 4852 Ἀποταξαμένη
997 4779 1053 4832 δὲ
1096 4783 1160 4851 τῇ
1212 4779 1494 4848 συγγενείᾳ
1531 4779 1623 4832 καὶ
1655 4781 1720 4851 τῇ

188 4878 381 4946 πατρικῇ
411 4873 820 4944 δεισιδαιμονίᾳ,
854 4871 1144 4943 μετέϐαλεν
1173 4872 1252 4933 είς
1281 4869 1610 4930 θεοσέϐειαν,
1629 4869 1724 4922 καὶ

188 4964 412 5034 μετῆλθεν
446 4965 606 5028 εὐθὺς
643 4967 722 5027 εἰς
769 4963 1016 5034 Βηθλεὲμ
1065 4963 1164 5034 τῆς
1207 4962 1493 5026 Ἰουδαίας,
1526 4963 1642 5013 ἐκεῖ
1665 4977 1725 5013 τε

189 5051 375 5129 ἐζεύχθη
416 5058 496 5129 τῷ
539 5057 673 5122 Bob:
723 5058 787 5110 ὲκ
829 5055 1004 5125 φυλῆς
1063 5055 1233 5109 Ἰούδα
1258 5055 1596 5125 τυγχάνοντι,
1631 5055 1725 5107 καὶ

188 5140 336 5198 λοιπὸν
371 5148 434 5214 ἐξ
465 5148 636 5218 αὐτῆς
683 5145 1080 5216 γενεαλογεῖται
1107 5145 1134 5198 ὁ
1163 5144 1325 5198 Δαϐὶδ
1384 5143 1554 5196 οὕτω·
1592 5139 1725 5206 Bob;

191 5234 238 5286 ὶκ
258 5239 337 5309 τῆς
374 5239 531 5293 Ῥοὺθ
556 5240 718 5310 γεννᾷ
746 5237 835 5291 τὸν
877 5237 1035 5310 Ὠδήδ
1061 5255 1074 5270 ’
1118 5237 1274 5310 Ὠϐὴδ
1302 5237 1357 5290 δὲ
1385 5237 1476 5290 τὸν
1509 5235 1731 5302 Ἰεσσαί,

201 5327 358 5385 Ἰεσσαὶ
384 5334 442 5387 δὲ
472 5333 564 5385 τὸν
598 5329 780 5384 Δαϐίδ.

285 5426 514 5479 Βιϐλίων
540 5427 608 5490 θ’,
647 5419 954 5477 Βασιλεῖαι
987 5419 1182 5489 πρώτη
1209 5419 1309 5474 καὶ
1340 5418 1603 5488 δευτέρα.

248 5516 316 5570 15.
359 5519 636 5573 Βασιλεῖαι
685 5516 1006 5588 ὀνομάζεται
1048 5514 1118 5568 τὰ
1164 5513 1373 5586 βιϐλία,
1399 5513 1583 5584 ἐπειδὴ
1630 5511 1722 5566 καὶ

192 5604 269 5671 τὰς
282 5612 492 5683 πράξεις
515 5611 620 5665 τῶν
645 5608 950 5680 γενομένων
980 5606 1244 5678 βασιλέων
1271 5606 1328 5660 ἕν
1359 5623 1416 5659 τε
1448 5605 1524 5676 τῷ
1556 5604 1725 5658 Ἰούδα

195 5699 267 5753 καὶ
292 5702 358 5772 τῷ
405 5702 648 5774 Ἰσραὴλ,
680 5702 774 5755 καὶ
797 5701 865 5756 τὰ
891 5699 984 5772 ἔτη
1015 5699 1194 5754 αὐτῶν
1225 5697 1487 5770 περιέχει.
1521 5695 1726 5766 Διείλη-

254 5838 314 5912 (5)
343 5840 412 5906 0',
463 5839 740 5912 Σαμεγὰρ.
791 5837 910 5894 Non
940 5838 1140 5910 legitur
1167 5837 1234 5912 in_
1261 5837 1544 5912 Scriptura
1578 5835 1722 5909 quod

196 5905 482 5975 iudicaverit
515 5905 769 5966 Israelém
803 5925 947 5966 anno
978 5905 1111 5975 uno,
1143 5918 1199 5964 ut
1223 5909 1310 5963 hic
1344 5905 1534 5964 fertur.

257 5981 317 6050 (6)
340 5983 407 6049 (Υ,
453 5981 724 6052 Ἀὅινεέμ.

1827 4789 2091 4852 ternaque
2125 4781 2534 4850 superstitione,
2563 4781 2629 4834 ad
2673 4797 2859 4835 verum
2893 4779 2986 4835 Dei
3020 4781 3226 4834 cultum
3256 4795 3392 4834 con-

1823 4884 2014 4933 versa,
2067 4869 2374 4924 Bethlehem
2419 4869 2618 4925 Judaaaa
2667 4885 2791 4924 cum
2841 4887 3004 4926 socru
3064 4888 3162 4926 sua
3212 4871 3394 4925 subito

1824 4961 2116 5025 concessit,
2151 4961 2243 5015 ubi
2274 4970 2328 5016 et
2363 4961 2504 5016 Booz
2537 4979 2604 5016 ex
2632 4963 2775 5016 tribu
2807 4961 2946 5016 Juda
2971 5003 2986 5026 ,
3045 4961 3393 5016 matrimonio

1824 5051 2116 5120 conjuncta
2143 5063 2242 5117 est,
2268 5068 2334 5106 ex
2371 5067 2478 5122 qua
2531 5060 2719 5123 postea
2751 5053 2918 5106 David
2964 5053 3116 5122 origo
3145 5053 3224 5106 sic
3254 5066 3388 5105 con-

1825 5141 2068 5198 texitur:
2103 5142 2246 5197 Booz
2290 5159 2356 5199 ex
2391 5143 2534 5197 Ruth
2584 5145 2771 5215 genuit
2817 5145 2984 5198 lilium
3017 5143 3164 5198 Obed
3193 5161 3207 5198 :
3241 5140 3392 5200 Obed

1823 5249 1952 5290 vero
1982 5235 2168 5306 genuit
2197 5234 2350 5292 Jcsse
2381 5253 2394 5290 :
2437 5235 2588 5293 Iesse
2617 5237 2893 5292 Davidem.

1962 5438 2122 5494 Liber
2159 5439 2244 5494 IX
2261 5481 2276 5504 ,
2312 5440 2604 5512 Regnorum
2647 5441 2846 5508 primus
2883 5448 2932 5493 et
2971 5441 3241 5496 secundus.

1905 5533 1993 5590 15.
2032 5529 2340 5603 Regnorum
2371 5533 2722 5586 nominantur
2748 5529 2801 5583 hi
2842 5530 2985 5593 libri,
3010 5530 3134 5600 quia
3182 5532 3387 5602 Regum

1822 5648 1944 5688 cum
1962 5630 2098 5684 Jnda
2130 5637 2244 5682 tum
2268 5627 2432 5682 Israel
2457 5626 2597 5680 facta
2619 5633 2672 5681 et
2693 5639 2864 5678 annos
2883 5623 3180 5678 continent.
3215 5622 3385 5676 Euar-

1823 5731 2013 5778 rantur
2042 5727 2220 5774 autem
2249 5719 2427 5790 primo
2455 5718 2595 5772 libro
2634 5717 2738 5772 ista
2767 5713 2944 5770 :Mors
2976 5713 3052 5766 Eli
3084 5713 3384 5769 sacerdotis

1895 5834 1970 5903 (7)
1999 5834 2076 5896 0',
2118 5830 2340 5892 Ἀϐδὼν,
2374 5829 2468 5903 sed
2512 5846 2634 5884 cum
2676 5830 3038 5903 hancivocem
3063 5825 3378 5903 Aprzecedat,

1827 5900 2072 6029 26ml,
2114 5919 2179 5961 ex
2231 5902 2459 5974 repetita
2503 5910 2776 5973 postrema
2827 5902 3003 5956 littera
3055 5900 3254 5954 factum
3296 5904 3384 5952 est

1873 5993 1905 6028 α
2015 5991 2060 6028 ν.

1873 5991 2060 6028 αυοων.
