  <div class='ocr_page' id='page_1' title='image "/cluster/home/n/w/nwhite01/storage/ocr_20150623/28/hvd.32044019207737/163.png"; bbox 0 0 3958 6502; ppageno 0'>
   <div class='ocr_carea' id='block_1_1' title="bbox 562 473 675 535">
    <p class='ocr_par' dir='ltr' id='par_1_1' title="bbox 562 473 675 535">
     <span class='ocr_line' id='line_1_1' title="bbox 562 473 675 535; baseline -0.035 -1"><span class='ocrx_word' id='word_1_1' title='bbox 562 473 675 535; x_wconf 72' lang='grc'><strong>818</strong></span> 
     </span>
    </p>
   </div>
   <div class='ocr_carea' id='block_1_2' title="bbox 1695 468 2631 530">
    <p class='ocr_par' dir='ltr' id='par_1_2' title="bbox 1695 468 2631 530">
     <span class='ocr_line' id='line_1_2' title="bbox 1695 468 2631 530; baseline 0 -4"><span class='ocrx_word' id='word_1_2' title='bbox 1695 470 1759 530; x_wconf 87' lang='lat' dir='ltr'><strong>S.</strong></span> <span class='ocrx_word' id='word_1_3' title='bbox 1801 468 2264 527; x_wconf 78' lang='lat' dir='ltr'><strong>ATHANASIUS.</strong></span> <span class='ocrx_word' id='word_1_4' title='bbox 2301 498 2367 511; x_wconf 88' lang='lat'><strong>--</strong></span> <span class='ocrx_word' id='word_1_5' title='bbox 2404 470 2631 528; x_wconf 74' lang='lat' dir='ltr'><strong>DUBIA.</strong></span> 
     </span>
    </p>
   </div>
   <div class='ocr_carea' id='block_1_3' title="bbox 3706 471 3824 528">
    <p class='ocr_par' dir='ltr' id='par_1_3' title="bbox 3706 471 3824 528">
     <span class='ocr_line' id='line_1_3' title="bbox 3706 471 3824 528; baseline 0 -1"><span class='ocrx_word' id='word_1_6' title='bbox 3706 471 3824 528; x_wconf 71' lang='grc' dir='ltr'><strong>’5η</strong></span> 
     </span>
    </p>
   </div>
   <div class='ocr_carea' id='block_1_4' title="bbox 562 587 2128 666">
    <p class='ocr_par' dir='ltr' id='par_1_4' title="bbox 562 587 2128 664">
     <span class='ocr_line' id='line_1_4' title="bbox 562 587 2128 664; baseline -0.004 -14"><span class='ocrx_word' id='word_1_7' title='bbox 562 609 629 650; x_wconf 83' lang='lat' dir='ltr'><strong>ac</strong></span> <span class='ocrx_word' id='word_1_8' title='bbox 657 593 892 648; x_wconf 88' lang='lat' dir='ltr'><strong>ﬁliorum</strong></span> <span class='ocrx_word' id='word_1_9' title='bbox 927 592 1119 664; x_wconf 83' lang='lat' dir='ltr'><strong>ipsius.</strong></span> <span class='ocrx_word' id='word_1_10' title='bbox 1151 589 1318 646; x_wconf 86' lang='lat' dir='ltr'><strong>Ortus</strong></span> <span class='ocrx_word' id='word_1_11' title='bbox 1348 587 1636 657; x_wconf 76' lang='lat' dir='ltr'><strong>Samuelis,</strong></span> <span class='ocrx_word' id='word_1_12' title='bbox 1665 600 1722 645; x_wconf 88' lang='lat' dir='ltr'><strong>et</strong></span> <span class='ocrx_word' id='word_1_13' title='bbox 1752 591 2022 661; x_wconf 90' lang='lat' dir='ltr'><strong>quomodo</strong></span> <span class='ocrx_word' id='word_1_14' title='bbox 2047 606 2128 660; x_wconf 92' lang='lat' dir='ltr'><strong>po-</strong></span> 
     </span>
    </p>
   </div>
   <div class='ocr_carea' id='block_1_5' title="bbox 2232 587 3824 666">
    <p class='ocr_par' dir='ltr' id='par_1_5' title="bbox 2241 592 3824 666">
     <span class='ocr_line' id='line_1_5' title="bbox 2241 592 3824 666; baseline 0.004 -22"><span class='ocrx_word' id='word_1_15' title='bbox 2241 594 2441 646; x_wconf 86' lang='grc' dir='ltr'>πταιδέ</span> <span class='ocrx_word' id='word_1_16' title='bbox 2467 595 2522 646; x_wconf 85' lang='grc' dir='ltr'><strong>ἐν</strong></span> <span class='ocrx_word' id='word_1_17' title='bbox 2552 593 2648 663; x_wconf 80' lang='grc' dir='ltr'>μὲν</span> <span class='ocrx_word' id='word_1_18' title='bbox 2675 594 2740 664; x_wconf 81' lang='grc' dir='ltr'>τῇ</span> <span class='ocrx_word' id='word_1_19' title='bbox 2766 592 2957 666; x_wconf 81' lang='grc' dir='ltr'><strong>πρώτῃ</strong></span> <span class='ocrx_word' id='word_1_20' title='bbox 2991 593 3155 666; x_wconf 78' lang='grc' dir='ltr'><strong>βίϐλῳ</strong></span> <span class='ocrx_word' id='word_1_21' title='bbox 3171 594 3276 648; x_wconf 85' lang='grc' dir='ltr'>τῶν</span> <span class='ocrx_word' id='word_1_22' title='bbox 3295 593 3584 650; x_wconf 85' lang='grc' dir='ltr'>Βασιλειῶν</span> <span class='ocrx_word' id='word_1_23' title='bbox 3599 594 3789 650; x_wconf 76' lang='grc' dir='ltr'>ταῦτα</span> <span class='ocrx_word' id='word_1_24' title='bbox 3805 614 3824 628; x_wconf 78' lang='lat'><strong><em>°</em></strong></span> 
     </span>
    </p>
   </div>
   <div class='ocr_carea' id='block_1_6' title="bbox 561 682 2134 757">
    <p class='ocr_par' dir='ltr' id='par_1_6' title="bbox 561 682 2134 757">
     <span class='ocr_line' id='line_1_6' title="bbox 561 682 2134 757; baseline -0.003 -15"><span class='ocrx_word' id='word_1_25' title='bbox 561 687 745 757; x_wconf 85' lang='lat' dir='ltr'><strong>pulus,</strong></span> <span class='ocrx_word' id='word_1_26' title='bbox 775 685 1040 741; x_wconf 80' lang='lat' dir='ltr'><strong>hactenus</strong></span> <span class='ocrx_word' id='word_1_27' title='bbox 1091 699 1122 738; x_wconf 69' lang='grc' dir='ltr'><strong>τι</strong></span> <span class='ocrx_word' id='word_1_28' title='bbox 1173 682 1283 738; x_wconf 89' lang='lat' dir='ltr'><strong>Deo</strong></span> <span class='ocrx_word' id='word_1_29' title='bbox 1335 682 1708 754; x_wconf 86' lang='lat' dir='ltr'><strong>gubernatus,</strong></span> <span class='ocrx_word' id='word_1_30' title='bbox 1756 684 1850 752; x_wconf 87' lang='lat' dir='ltr'><strong>qui</strong></span> <span class='ocrx_word' id='word_1_31' title='bbox 1904 683 2134 753; x_wconf 72' lang='lat' dir='ltr'><strong>singulis</strong></span> 
     </span>
    </p>
   </div>
   <div class='ocr_carea' id='block_1_7' title="bbox 561 775 2134 848">
    <p class='ocr_par' dir='ltr' id='par_1_7' title="bbox 561 775 2134 848">
     <span class='ocr_line' id='line_1_7' title="bbox 561 775 2134 848; baseline -0.003 -15"><span class='ocrx_word' id='word_1_32' title='bbox 561 779 898 848; x_wconf 77' lang='lat' dir='ltr'><strong>temporibus</strong></span> <span class='ocrx_word' id='word_1_33' title='bbox 963 777 1311 832; x_wconf 86' lang='lat' dir='ltr'><strong>liberatorem</strong></span> <span class='ocrx_word' id='word_1_34' title='bbox 1363 775 1497 844; x_wconf 84' lang='lat' dir='ltr'><strong>ipsis</strong></span> <span class='ocrx_word' id='word_1_35' title='bbox 1543 775 1902 836; x_wconf 76' lang='lat' dir='ltr'><strong>excitaverat.</strong></span> <span class='ocrx_word' id='word_1_36' title='bbox 1951 789 2134 844; x_wconf 86' lang='lat' dir='ltr'><strong>regem</strong></span> 
     </span>
    </p>
   </div>
   <div class='ocr_carea' id='block_1_8' title="bbox 563 862 2129 934">
    <p class='ocr_par' dir='ltr' id='par_1_8' title="bbox 563 862 2129 934">
     <span class='ocr_line' id='line_1_8' title="bbox 563 862 2129 934; baseline -0.003 -12"><span class='ocrx_word' id='word_1_37' title='bbox 563 867 668 922; x_wconf 83' lang='lat' dir='ltr'><strong>sibi</strong></span> <span class='ocrx_word' id='word_1_38' title='bbox 698 867 998 923; x_wconf 89' lang='lat' dir='ltr'><strong>secundum</strong></span> <span class='ocrx_word' id='word_1_39' title='bbox 1023 880 1232 920; x_wconf 91' lang='lat' dir='ltr'><strong>morem</strong></span> <span class='ocrx_word' id='word_1_40' title='bbox 1269 864 1509 934; x_wconf 87' lang='lat' dir='ltr'><strong>gentium</strong></span> <span class='ocrx_word' id='word_1_41' title='bbox 1544 863 1761 933; x_wconf 90' lang='lat' dir='ltr'><strong>petierit</strong></span> <span class='ocrx_word' id='word_1_42' title='bbox 1793 879 1823 917; x_wconf 87' lang='lat' dir='ltr'><strong>a</strong></span> <span class='ocrx_word' id='word_1_43' title='bbox 1858 862 2129 926; x_wconf 79' lang='lat' dir='ltr'><strong>Samuele,</strong></span> 
     </span>
    </p>
   </div>
   <div class='ocr_carea' id='block_1_9' title="bbox 561 957 2132 1033">
    <p class='ocr_par' dir='ltr' id='par_1_9' title="bbox 561 957 2132 1033">
     <span class='ocr_line' id='line_1_9' title="bbox 561 957 2132 1033; baseline -0.003 -17"><span class='ocrx_word' id='word_1_44' title='bbox 561 962 654 1033; x_wconf 90' lang='lat' dir='ltr'><strong>qui</strong></span> <span class='ocrx_word' id='word_1_45' title='bbox 687 961 900 1016; x_wconf 88' lang='lat' dir='ltr'><strong>Saulem</strong></span> <span class='ocrx_word' id='word_1_46' title='bbox 944 960 1052 1014; x_wconf 91' lang='lat' dir='ltr'><strong>illis</strong></span> <span class='ocrx_word' id='word_1_47' title='bbox 1082 959 1148 1014; x_wconf 90' lang='lat' dir='ltr'><strong>de</strong></span> <span class='ocrx_word' id='word_1_48' title='bbox 1189 959 1334 1013; x_wconf 83' lang='lat' dir='ltr'><strong>tribu</strong></span> <span class='ocrx_word' id='word_1_49' title='bbox 1378 957 1662 1029; x_wconf 89' lang='lat' dir='ltr'><strong>Benjamin</strong></span> <span class='ocrx_word' id='word_1_50' title='bbox 1693 957 1923 1022; x_wconf 84' lang='lat' dir='ltr'><strong>dederit,</strong></span> <span class='ocrx_word' id='word_1_51' title='bbox 1957 965 2009 1012; x_wconf 90' lang='lat' dir='ltr'><strong>et</strong></span> <span class='ocrx_word' id='word_1_52' title='bbox 2064 974 2132 1012; x_wconf 80' lang='lat' dir='ltr'><strong>cx</strong></span> 
     </span>
    </p>
   </div>
   <div class='ocr_carea' id='block_1_10' title="bbox 561 1050 2132 1122">
    <p class='ocr_par' dir='ltr' id='par_1_10' title="bbox 561 1050 2132 1122">
     <span class='ocr_line' id='line_1_10' title="bbox 561 1050 2132 1122; baseline -0.003 -13"><span class='ocrx_word' id='word_1_53' title='bbox 561 1055 656 1109; x_wconf 93' lang='lat' dir='ltr'><strong>illo</strong></span> <span class='ocrx_word' id='word_1_54' title='bbox 680 1053 935 1122; x_wconf 87' lang='lat' dir='ltr'><strong>deinceps</strong></span> <span class='ocrx_word' id='word_1_55' title='bbox 968 1061 1022 1106; x_wconf 88' lang='lat' dir='ltr'><strong>et</strong></span> <span class='ocrx_word' id='word_1_56' title='bbox 1052 1053 1106 1106; x_wconf 91' lang='lat' dir='ltr'><strong>in</strong></span> <span class='ocrx_word' id='word_1_57' title='bbox 1131 1051 1296 1106; x_wconf 88' lang='lat' dir='ltr'><strong>Israel</strong></span> <span class='ocrx_word' id='word_1_58' title='bbox 1327 1065 1481 1121; x_wconf 86' lang='lat' dir='ltr'><strong>reges</strong></span> <span class='ocrx_word' id='word_1_59' title='bbox 1519 1066 1644 1106; x_wconf 87' lang='lat' dir='ltr'><strong>esse</strong></span> <span class='ocrx_word' id='word_1_60' title='bbox 1674 1052 1956 1120; x_wconf 72' lang='lat' dir='ltr'><strong>cmperint.</strong></span> <span class='ocrx_word' id='word_1_61' title='bbox 1985 1050 2132 1104; x_wconf 86' lang='lat' dir='ltr'><strong>Con-</strong></span> 
     </span>
    </p>
   </div>
   <div class='ocr_carea' id='block_1_11' title="bbox 561 1143 2131 1212">
    <p class='ocr_par' dir='ltr' id='par_1_11' title="bbox 561 1143 2131 1212">
     <span class='ocr_line' id='line_1_11' title="bbox 561 1143 2131 1212; baseline -0.003 -11"><span class='ocrx_word' id='word_1_62' title='bbox 561 1147 765 1201; x_wconf 86' lang='lat' dir='ltr'><strong>tinetur</strong></span> <span class='ocrx_word' id='word_1_63' title='bbox 795 1148 958 1200; x_wconf 88' lang='lat' dir='ltr'><strong>etiam</strong></span> <span class='ocrx_word' id='word_1_64' title='bbox 1006 1145 1111 1199; x_wconf 91' lang='lat' dir='ltr'><strong>hoc</strong></span> <span class='ocrx_word' id='word_1_65' title='bbox 1141 1144 1434 1210; x_wconf 87' lang='lat' dir='ltr'><strong>volumine,</strong></span> <span class='ocrx_word' id='word_1_66' title='bbox 1466 1143 1757 1212; x_wconf 89' lang='lat' dir='ltr'><strong>quomodo,</strong></span> <span class='ocrx_word' id='word_1_67' title='bbox 1785 1144 1872 1198; x_wconf 91' lang='lat' dir='ltr'><strong>ubi</strong></span> <span class='ocrx_word' id='word_1_68' title='bbox 1907 1143 2131 1197; x_wconf 90' lang='lat' dir='ltr'><strong>manda-</strong></span> 
     </span>
    </p>
   </div>
   <div class='ocr_carea' id='block_1_12' title="bbox 557 1233 2129 1307">
    <p class='ocr_par' dir='ltr' id='par_1_12' title="bbox 557 1233 2129 1307">
     <span class='ocr_line' id='line_1_12' title="bbox 557 1233 2129 1307; baseline -0.001 -16"><span class='ocrx_word' id='word_1_69' title='bbox 557 1246 673 1292; x_wconf 87' lang='lat' dir='ltr'><strong>tum</strong></span> <span class='ocrx_word' id='word_1_70' title='bbox 713 1235 805 1292; x_wconf 89' lang='lat' dir='ltr'><strong>Dei</strong></span> <span class='ocrx_word' id='word_1_71' title='bbox 842 1247 1222 1307; x_wconf 79' lang='lat' dir='ltr'><strong>transgressus</strong></span> <span class='ocrx_word' id='word_1_72' title='bbox 1279 1244 1426 1292; x_wconf 89' lang='lat' dir='ltr'><strong>esset</strong></span> <span class='ocrx_word' id='word_1_73' title='bbox 1484 1233 1651 1302; x_wconf 89' lang='lat' dir='ltr'><strong>Saul,</strong></span> <span class='ocrx_word' id='word_1_74' title='bbox 1707 1236 1943 1290; x_wconf 87' lang='lat' dir='ltr'><strong>ablatum</strong></span> <span class='ocrx_word' id='word_1_75' title='bbox 1995 1236 2129 1291; x_wconf 89' lang='lat' dir='ltr'><strong>sita</strong></span> 
     </span>
    </p>
   </div>
   <div class='ocr_carea' id='block_1_13' title="bbox 557 1327 2124 1400">
    <p class='ocr_par' dir='ltr' id='par_1_13' title="bbox 557 1327 2124 1400">
     <span class='ocr_line' id='line_1_13' title="bbox 557 1327 2124 1400; baseline -0.001 -16"><span class='ocrx_word' id='word_1_76' title='bbox 557 1329 730 1399; x_wconf 86' lang='lat' dir='ltr'><strong>stirpe</strong></span> <span class='ocrx_word' id='word_1_77' title='bbox 761 1330 933 1400; x_wconf 88' lang='lat' dir='ltr'><strong>ipsius</strong></span> <span class='ocrx_word' id='word_1_78' title='bbox 963 1345 1214 1400; x_wconf 77' lang='lat' dir='ltr'><strong>regnum,</strong></span> <span class='ocrx_word' id='word_1_79' title='bbox 1239 1337 1294 1383; x_wconf 89' lang='lat' dir='ltr'><strong>et</strong></span> <span class='ocrx_word' id='word_1_80' title='bbox 1325 1327 1491 1382; x_wconf 83' lang='lat' dir='ltr'><strong>David</strong></span> <span class='ocrx_word' id='word_1_81' title='bbox 1535 1328 1588 1382; x_wconf 93' lang='lat' dir='ltr'><strong>in</strong></span> <span class='ocrx_word' id='word_1_82' title='bbox 1618 1329 1790 1398; x_wconf 91' lang='lat' dir='ltr'><strong>ipsius</strong></span> <span class='ocrx_word' id='word_1_83' title='bbox 1813 1329 1992 1382; x_wconf 93' lang='lat' dir='ltr'><strong>locum</strong></span> <span class='ocrx_word' id='word_1_84' title='bbox 2023 1345 2124 1382; x_wconf 61' lang='lat' dir='ltr'><strong>uno</strong></span> 
     </span>
    </p>
   </div>
   <div class='ocr_carea' id='block_1_14' title="bbox 557 1419 2126 1490">
    <p class='ocr_par' dir='ltr' id='par_1_14' title="bbox 557 1419 2126 1490">
     <span class='ocr_line' id='line_1_14' title="bbox 557 1419 2126 1490; baseline -0.001 -16"><span class='ocrx_word' id='word_1_85' title='bbox 557 1426 678 1475; x_wconf 91' lang='lat' dir='ltr'><strong>ctus</strong></span> <span class='ocrx_word' id='word_1_86' title='bbox 706 1420 799 1484; x_wconf 90' lang='lat' dir='ltr'><strong>sit,</strong></span> <span class='ocrx_word' id='word_1_87' title='bbox 817 1429 978 1489; x_wconf 87' lang='lat' dir='ltr'><strong>atque</strong></span> <span class='ocrx_word' id='word_1_88' title='bbox 1008 1420 1062 1473; x_wconf 93' lang='lat' dir='ltr'><strong>in</strong></span> <span class='ocrx_word' id='word_1_89' title='bbox 1095 1420 1256 1489; x_wconf 86' lang='lat' dir='ltr'><strong>hujus</strong></span> <span class='ocrx_word' id='word_1_90' title='bbox 1275 1419 1499 1489; x_wconf 85' lang='lat' dir='ltr'><strong>stirpem</strong></span> <span class='ocrx_word' id='word_1_91' title='bbox 1531 1421 1854 1475; x_wconf 87' lang='lat' dir='ltr'><strong>translatum</strong></span> <span class='ocrx_word' id='word_1_92' title='bbox 1879 1435 2126 1490; x_wconf 81' lang='lat' dir='ltr'><strong>regnum,</strong></span> 
     </span>
    </p>
   </div>
   <div class='ocr_carea' id='block_1_15' title="bbox 555 1509 2129 1582">
    <p class='ocr_par' dir='ltr' id='par_1_15' title="bbox 555 1509 2129 1582">
     <span class='ocr_line' id='line_1_15' title="bbox 555 1509 2129 1582; baseline 0.001 -17"><span class='ocrx_word' id='word_1_93' title='bbox 555 1509 822 1566; x_wconf 76' lang='lat' dir='ltr'><strong>Praeterea</strong></span> <span class='ocrx_word' id='word_1_94' title='bbox 867 1521 1362 1567; x_wconf 87' lang='lat' dir='ltr'><strong>commemoratur:</strong></span> <span class='ocrx_word' id='word_1_95' title='bbox 1397 1514 1541 1581; x_wconf 90' lang='lat' dir='ltr'><strong>quod</strong></span> <span class='ocrx_word' id='word_1_96' title='bbox 1580 1527 1675 1582; x_wconf 90' lang='lat' dir='ltr'><strong>per</strong></span> <span class='ocrx_word' id='word_1_97' title='bbox 1714 1511 1970 1566; x_wconf 83' lang='lat' dir='ltr'><strong>Davidem</strong></span> <span class='ocrx_word' id='word_1_98' title='bbox 2027 1511 2129 1566; x_wconf 86' lang='lat' dir='ltr'><strong>Go-</strong></span> 
     </span>
    </p>
   </div>
   <div class='ocr_carea' id='block_1_16' title="bbox 555 1603 2123 1675">
    <p class='ocr_par' dir='ltr' id='par_1_16' title="bbox 555 1603 2123 1675">
     <span class='ocr_line' id='line_1_16' title="bbox 555 1603 2123 1675; baseline 0.001 -16"><span class='ocrx_word' id='word_1_99' title='bbox 555 1603 692 1659; x_wconf 87' lang='lat' dir='ltr'><strong>liath</strong></span> <span class='ocrx_word' id='word_1_100' title='bbox 727 1605 1096 1660; x_wconf 86' lang='lat' dir='ltr'><strong>minutissimo</strong></span> <span class='ocrx_word' id='word_1_101' title='bbox 1125 1604 1343 1660; x_wconf 91' lang='lat' dir='ltr'><strong>occisus</strong></span> <span class='ocrx_word' id='word_1_102' title='bbox 1393 1604 1466 1659; x_wconf 91' lang='lat' dir='ltr'><strong>sit</strong></span> <span class='ocrx_word' id='word_1_103' title='bbox 1517 1604 1702 1675; x_wconf 86' lang='lat' dir='ltr'><strong>lapillo</strong></span> <span class='ocrx_word' id='word_1_104' title='bbox 1737 1622 1752 1658; x_wconf 89' lang='lat'><strong>:</strong></span> <span class='ocrx_word' id='word_1_105' title='bbox 1800 1603 1930 1658; x_wconf 91' lang='lat' dir='ltr'><strong>Saul</strong></span> <span class='ocrx_word' id='word_1_106' title='bbox 1963 1619 2123 1668; x_wconf 86' lang='lat' dir='ltr'><strong>vero,</strong></span> 
     </span>
    </p>
   </div>
   <div class='ocr_carea' id='block_1_17' title="bbox 555 1694 2128 1766">
    <p class='ocr_par' dir='ltr' id='par_1_17' title="bbox 555 1694 2128 1766">
     <span class='ocr_line' id='line_1_17' title="bbox 555 1694 2128 1766; baseline 0.001 -18"><span class='ocrx_word' id='word_1_107' title='bbox 555 1703 842 1765; x_wconf 85' lang='lat' dir='ltr'><strong>postquam</strong></span> <span class='ocrx_word' id='word_1_108' title='bbox 877 1696 1238 1766; x_wconf 85' lang='lat' dir='ltr'><strong>tripudiantes</strong></span> <span class='ocrx_word' id='word_1_109' title='bbox 1281 1696 1536 1750; x_wconf 88' lang='lat' dir='ltr'><strong>mulieres</strong></span> <span class='ocrx_word' id='word_1_110' title='bbox 1573 1694 1741 1751; x_wconf 87' lang='lat' dir='ltr'><strong>David</strong></span> <span class='ocrx_word' id='word_1_111' title='bbox 1767 1694 1955 1750; x_wconf 89' lang='lat' dir='ltr'><strong>decem</strong></span> <span class='ocrx_word' id='word_1_112' title='bbox 2002 1695 2128 1750; x_wconf 39' lang='lat' dir='ltr'><strong>mil;</strong></span> 
     </span>
    </p>
   </div>
   <div class='ocr_carea' id='block_1_18' title="bbox 556 1785 2124 1857">
    <p class='ocr_par' dir='ltr' id='par_1_18' title="bbox 556 1785 2124 1857">
     <span class='ocr_line' id='line_1_18' title="bbox 556 1785 2124 1857; baseline -0.001 -16"><span class='ocrx_word' id='word_1_113' title='bbox 556 1787 650 1850; x_wconf 88' lang='lat' dir='ltr'><strong>lia,</strong></span> <span class='ocrx_word' id='word_1_114' title='bbox 669 1794 722 1840; x_wconf 91' lang='lat' dir='ltr'><strong>et</strong></span> <span class='ocrx_word' id='word_1_115' title='bbox 743 1787 846 1840; x_wconf 88' lang='lat' dir='ltr'><strong>sibi</strong></span> <span class='ocrx_word' id='word_1_116' title='bbox 879 1787 1025 1841; x_wconf 92' lang='lat' dir='ltr'><strong>mille</strong></span> <span class='ocrx_word' id='word_1_117' title='bbox 1051 1787 1333 1852; x_wconf 89' lang='lat' dir='ltr'><strong>dederant,</strong></span> <span class='ocrx_word' id='word_1_118' title='bbox 1365 1786 1565 1842; x_wconf 79' lang='lat' dir='ltr'><strong>invidia</strong></span> <span class='ocrx_word' id='word_1_119' title='bbox 1593 1785 1834 1857; x_wconf 89' lang='lat' dir='ltr'><strong>percitus</strong></span> <span class='ocrx_word' id='word_1_120' title='bbox 1863 1785 2124 1845; x_wconf 87' lang='lat' dir='ltr'><strong>Davidem</strong></span> 
     </span>
    </p>
   </div>
   <div class='ocr_carea' id='block_1_19' title="bbox 554 1875 2130 1947">
    <p class='ocr_par' dir='ltr' id='par_1_19' title="bbox 554 1875 2130 1947">
     <span class='ocr_line' id='line_1_19' title="bbox 554 1875 2130 1947; baseline 0 -17"><span class='ocrx_word' id='word_1_121' title='bbox 554 1885 876 1947; x_wconf 85' lang='lat' dir='ltr'><strong>persecutus</strong></span> <span class='ocrx_word' id='word_1_122' title='bbox 907 1885 1010 1942; x_wconf 90' lang='lat' dir='ltr'><strong>est,</strong></span> <span class='ocrx_word' id='word_1_123' title='bbox 1040 1876 1209 1933; x_wconf 82' lang='lat' dir='ltr'><strong>David</strong></span> <span class='ocrx_word' id='word_1_124' title='bbox 1239 1886 1414 1932; x_wconf 86' lang='lat' dir='ltr'><strong>tamen</strong></span> <span class='ocrx_word' id='word_1_125' title='bbox 1455 1884 1726 1943; x_wconf 89' lang='lat' dir='ltr'><strong>servatus,</strong></span> <span class='ocrx_word' id='word_1_126' title='bbox 1759 1884 1814 1932; x_wconf 88' lang='lat' dir='ltr'><strong>et</strong></span> <span class='ocrx_word' id='word_1_127' title='bbox 1839 1875 1968 1931; x_wconf 87' lang='lat' dir='ltr'><strong>Saul</strong></span> <span class='ocrx_word' id='word_1_128' title='bbox 2006 1882 2130 1930; x_wconf 87' lang='lat' dir='ltr'><strong>tan-</strong></span> 
     </span>
    </p>
   </div>
   <div class='ocr_carea' id='block_1_20' title="bbox 2241 683 3822 759">
    <p class='ocr_par' dir='ltr' id='par_1_20' title="bbox 2241 683 3822 759">
     <span class='ocr_line' id='line_1_20' title="bbox 2241 683 3822 759; baseline 0.005 -24"><span class='ocrx_word' id='word_1_129' title='bbox 2241 683 2466 747; x_wconf 86' lang='grc' dir='ltr'>θάνατος</span> <span class='ocrx_word' id='word_1_130' title='bbox 2496 686 2592 754; x_wconf 79' lang='grc' dir='ltr'>μὲν</span> <span class='ocrx_word' id='word_1_131' title='bbox 2636 685 2780 738; x_wconf 62' lang='grc' dir='ltr'><strong>Ἠλεὶ⁵</strong></span> <span class='ocrx_word' id='word_1_132' title='bbox 2823 687 2916 740; x_wconf 81' lang='grc' dir='ltr'>τοῦ</span> <span class='ocrx_word' id='word_1_133' title='bbox 2953 688 3142 759; x_wconf 78' lang='grc' dir='ltr'><strong>ἱερέως</strong></span> <span class='ocrx_word' id='word_1_134' title='bbox 3175 689 3268 741; x_wconf 69' lang='grc' dir='ltr'><strong>καὶ</strong></span> <span class='ocrx_word' id='word_1_135' title='bbox 3310 687 3417 741; x_wconf 84' lang='grc' dir='ltr'><strong>τῶν</strong></span> <span class='ocrx_word' id='word_1_136' title='bbox 3445 689 3574 743; x_wconf 88' lang='grc' dir='ltr'><strong>υίῶν</strong></span> <span class='ocrx_word' id='word_1_137' title='bbox 3602 690 3780 744; x_wconf 74' lang='grc' dir='ltr'>αὐτοῦ</span> <span class='ocrx_word' id='word_1_138' title='bbox 3804 706 3822 722; x_wconf 83' lang='grc'><strong>⁸</strong></span> 
     </span>
    </p>
   </div>
   <div class='ocr_carea' id='block_1_21' title="bbox 2240 774 3826 853">
    <p class='ocr_par' dir='ltr' id='par_1_21' title="bbox 2240 774 3826 853">
     <span class='ocr_line' id='line_1_21' title="bbox 2240 774 3826 853; baseline 0.005 -27"><span class='ocrx_word' id='word_1_139' title='bbox 2240 774 2451 844; x_wconf 89' lang='grc' dir='ltr'>γένεσις</span> <span class='ocrx_word' id='word_1_140' title='bbox 2470 776 2525 828; x_wconf 84' lang='grc' dir='ltr'>δὲ</span> <span class='ocrx_word' id='word_1_141' title='bbox 2547 776 2640 830; x_wconf 80' lang='grc' dir='ltr'>τοῦ</span> <span class='ocrx_word' id='word_1_142' title='bbox 2673 778 2922 849; x_wconf 77' lang='grc' dir='ltr'>Σαμουήλ</span> <span class='ocrx_word' id='word_1_143' title='bbox 2942 797 2954 809; x_wconf 73' lang='grc' dir='ltr'><strong><em>ο</em></strong></span> <span class='ocrx_word' id='word_1_144' title='bbox 2984 777 3102 843; x_wconf 85' lang='grc' dir='ltr'>πῶς</span> <span class='ocrx_word' id='word_1_145' title='bbox 3128 797 3188 832; x_wconf 86' lang='grc' dir='ltr'><strong>τε</strong></span> <span class='ocrx_word' id='word_1_146' title='bbox 3219 781 3248 832; x_wconf 89' lang='lat'><strong>6</strong></span> <span class='ocrx_word' id='word_1_147' title='bbox 3277 779 3424 845; x_wconf 80' lang='grc' dir='ltr'>λαδς,</span> <span class='ocrx_word' id='word_1_148' title='bbox 3453 780 3514 833; x_wconf 85' lang='grc' dir='ltr'><strong>τὸ</strong></span> <span class='ocrx_word' id='word_1_149' title='bbox 3545 782 3826 853; x_wconf 78' lang='grc' dir='ltr'>πρότερον</span> 
     </span>
    </p>
   </div>
   <div class='ocr_carea' id='block_1_22' title="bbox 2239 867 3826 943">
    <p class='ocr_par' dir='ltr' id='par_1_22' title="bbox 2239 867 3826 943">
     <span class='ocr_line' id='line_1_22' title="bbox 2239 867 3826 943; baseline 0.004 -25"><span class='ocrx_word' id='word_1_150' title='bbox 2239 867 2535 938; x_wconf 85' lang='grc' dir='ltr'>ἀρχόμενος</span> <span class='ocrx_word' id='word_1_151' title='bbox 2566 867 2670 921; x_wconf 75' lang='grc' dir='ltr'>ὑπὸ</span> <span class='ocrx_word' id='word_1_152' title='bbox 2691 869 2780 921; x_wconf 79' lang='grc' dir='ltr'>τοῦ</span> <span class='ocrx_word' id='word_1_153' title='bbox 2804 869 2959 933; x_wconf 78' lang='grc' dir='ltr'>Θεοῦ,</span> <span class='ocrx_word' id='word_1_154' title='bbox 2978 871 3279 943; x_wconf 81' lang='grc' dir='ltr'>ἐγείροντος</span> <span class='ocrx_word' id='word_1_155' title='bbox 3311 871 3490 934; x_wconf 88' lang='grc' dir='ltr'>αύτοῖς</span> <span class='ocrx_word' id='word_1_156' title='bbox 3521 872 3662 925; x_wconf 91' lang='grc' dir='ltr'><strong>κατά</strong></span> <span class='ocrx_word' id='word_1_157' title='bbox 3693 890 3826 925; x_wconf 83' lang='grc' dir='ltr'>και-</span> 
     </span>
    </p>
   </div>
   <div class='ocr_carea' id='block_1_23' title="bbox 2241 958 3824 1035">
    <p class='ocr_par' dir='ltr' id='par_1_23' title="bbox 2241 958 3824 1035">
     <span class='ocr_line' id='line_1_23' title="bbox 2241 958 3824 1035; baseline 0.005 -24"><span class='ocrx_word' id='word_1_158' title='bbox 2241 959 2334 1030; x_wconf 83' lang='grc' dir='ltr'>ρὸν</span> <span class='ocrx_word' id='word_1_159' title='bbox 2361 958 2453 1012; x_wconf 84' lang='grc' dir='ltr'><strong>τὸν</strong></span> <span class='ocrx_word' id='word_1_160' title='bbox 2481 959 2693 1030; x_wconf 82' lang='grc' dir='ltr'>βοηθὸν,</span> <span class='ocrx_word' id='word_1_161' title='bbox 2724 961 2870 1032; x_wconf 84' lang='grc' dir='ltr'>ὅμως</span> <span class='ocrx_word' id='word_1_162' title='bbox 2897 963 3066 1034; x_wconf 78' lang='grc' dir='ltr'>ᾔτησε</span> <span class='ocrx_word' id='word_1_163' title='bbox 3097 964 3248 1034; x_wconf 89' lang='grc' dir='ltr'><strong>παρά</strong></span> <span class='ocrx_word' id='word_1_164' title='bbox 3281 964 3373 1017; x_wconf 81' lang='grc' dir='ltr'>τοῦ</span> <span class='ocrx_word' id='word_1_165' title='bbox 3405 966 3681 1035; x_wconf 78' lang='grc' dir='ltr'><strong>Σαμουὴλ,</strong></span> <span class='ocrx_word' id='word_1_166' title='bbox 3719 983 3824 1019; x_wconf 80' lang='grc' dir='ltr'>κα-</span> 
     </span>
    </p>
   </div>
   <div class='ocr_carea' id='block_1_24' title="bbox 2237 1050 3823 1124">
    <p class='ocr_par' dir='ltr' id='par_1_24' title="bbox 2237 1050 3823 1124">
     <span class='ocr_line' id='line_1_24' title="bbox 2237 1050 3823 1124; baseline 0.004 -22"><span class='ocrx_word' id='word_1_167' title='bbox 2237 1050 2307 1103; x_wconf 80' lang='grc' dir='ltr'><strong>τὰ</strong></span> <span class='ocrx_word' id='word_1_168' title='bbox 2341 1051 2403 1103; x_wconf 81' lang='grc' dir='ltr'><strong>τὸ</strong></span> <span class='ocrx_word' id='word_1_169' title='bbox 2447 1050 2565 1114; x_wconf 80' lang='grc' dir='ltr'>ἔθος</span> <span class='ocrx_word' id='word_1_170' title='bbox 2595 1052 2700 1104; x_wconf 82' lang='grc' dir='ltr'>τῶν</span> <span class='ocrx_word' id='word_1_171' title='bbox 2743 1052 2944 1117; x_wconf 81' lang='grc' dir='ltr'>ἐθνῶν,</span> <span class='ocrx_word' id='word_1_172' title='bbox 2987 1053 3207 1124; x_wconf 78' lang='grc' dir='ltr'><strong>βασιλέα</strong></span> <span class='ocrx_word' id='word_1_173' title='bbox 3230 1094 3245 1118; x_wconf 95' lang='grc'><strong>,</strong></span> <span class='ocrx_word' id='word_1_174' title='bbox 3273 1055 3364 1109; x_wconf 74' lang='grc' dir='ltr'>καὶ</span> <span class='ocrx_word' id='word_1_175' title='bbox 3398 1055 3593 1108; x_wconf 73' lang='grc' dir='ltr'>ἔδωκεν</span> <span class='ocrx_word' id='word_1_176' title='bbox 3627 1056 3823 1119; x_wconf 84' lang='grc' dir='ltr'>αὐτοῖς</span> 
     </span>
    </p>
   </div>
   <div class='ocr_carea' id='block_1_25' title="bbox 2237 1142 3822 1217">
    <p class='ocr_par' dir='ltr' id='par_1_25' title="bbox 2237 1142 3822 1217">
     <span class='ocr_line' id='line_1_25' title="bbox 2237 1142 3822 1217; baseline 0.003 -21"><span class='ocrx_word' id='word_1_177' title='bbox 2237 1142 2326 1196; x_wconf 85' lang='grc' dir='ltr'>τὸν</span> <span class='ocrx_word' id='word_1_178' title='bbox 2354 1142 2544 1206; x_wconf 82' lang='grc' dir='ltr'>Σαοὺλ,</span> <span class='ocrx_word' id='word_1_179' title='bbox 2573 1145 2637 1196; x_wconf 81' lang='grc' dir='ltr'><strong>ἐκ</strong></span> <span class='ocrx_word' id='word_1_180' title='bbox 2665 1144 2835 1214; x_wconf 82' lang='grc' dir='ltr'>φυλῆς</span> <span class='ocrx_word' id='word_1_181' title='bbox 2870 1146 3126 1217; x_wconf 90' lang='grc' dir='ltr'>Βενιαμίν</span> <span class='ocrx_word' id='word_1_182' title='bbox 3145 1164 3159 1178; x_wconf 75' lang='grc' dir='ltr'><strong>ο</strong></span> <span class='ocrx_word' id='word_1_183' title='bbox 3199 1148 3293 1201; x_wconf 79' lang='grc' dir='ltr'><strong>καὶ</strong></span> <span class='ocrx_word' id='word_1_184' title='bbox 3321 1147 3509 1216; x_wconf 87' lang='grc' dir='ltr'>γέγονε</span> <span class='ocrx_word' id='word_1_185' title='bbox 3532 1148 3725 1201; x_wconf 81' lang='grc' dir='ltr'>λοιπὸν</span> <span class='ocrx_word' id='word_1_186' title='bbox 3759 1149 3822 1213; x_wconf 76' lang='grc' dir='ltr'>ἐξ</span> 
     </span>
    </p>
   </div>
   <div class='ocr_carea' id='block_1_26' title="bbox 2236 1233 3821 1311">
    <p class='ocr_par' dir='ltr' id='par_1_26' title="bbox 2236 1233 3821 1311">
     <span class='ocr_line' id='line_1_26' title="bbox 2236 1233 3821 1311; baseline 0.006 -25"><span class='ocrx_word' id='word_1_187' title='bbox 2236 1233 2444 1286; x_wconf 85' lang='grc' dir='ltr'>ἐκείνου</span> <span class='ocrx_word' id='word_1_188' title='bbox 2478 1234 2570 1288; x_wconf 80' lang='grc' dir='ltr'>καὶ</span> <span class='ocrx_word' id='word_1_189' title='bbox 2599 1237 2655 1288; x_wconf 86' lang='grc' dir='ltr'><strong>ἐν</strong></span> <span class='ocrx_word' id='word_1_190' title='bbox 2687 1235 2764 1306; x_wconf 81' lang='grc' dir='ltr'>τῷ</span> <span class='ocrx_word' id='word_1_191' title='bbox 2794 1237 3012 1311; x_wconf 55' lang='grc' dir='ltr'>ςΙσραὴλ</span> <span class='ocrx_word' id='word_1_192' title='bbox 3042 1239 3183 1310; x_wconf 85' lang='grc' dir='ltr'>ἀρχὴ</span> <span class='ocrx_word' id='word_1_193' title='bbox 3229 1239 3520 1309; x_wconf 74' lang='grc' dir='ltr'>βασιλείας.</span> <span class='ocrx_word' id='word_1_194' title='bbox 3551 1241 3821 1311; x_wconf 81' lang='grc' dir='ltr'>Περιέχε-</span> 
     </span>
    </p>
   </div>
   <div class='ocr_carea' id='block_1_27' title="bbox 2233 1309 3821 1404">
    <p class='ocr_par' dir='ltr' id='par_1_27' title="bbox 2233 1309 3821 1404">
     <span class='ocr_line' id='line_1_27' title="bbox 2233 1309 3821 1404; baseline 0.006 -27"><span class='ocrx_word' id='word_1_195' title='bbox 2233 1341 2322 1378; x_wconf 89' lang='grc' dir='ltr'><strong>ται</strong></span> <span class='ocrx_word' id='word_1_196' title='bbox 2351 1325 2407 1378; x_wconf 89' lang='grc' dir='ltr'><strong>δέ</strong></span> <span class='ocrx_word' id='word_1_197' title='bbox 2443 1326 2702 1392; x_wconf 81' lang='grc' dir='ltr'>ἐνταῦθα,</span> <span class='ocrx_word' id='word_1_198' title='bbox 2737 1309 2852 1392; x_wconf 61' lang='grc' dir='ltr'>πῶς</span> <span class='ocrx_word' id='word_1_199' title='bbox 2879 1332 2907 1383; x_wconf 97' lang='lat'><strong>6</strong></span> <span class='ocrx_word' id='word_1_200' title='bbox 2941 1331 3038 1401; x_wconf 84' lang='grc' dir='ltr'><strong>μὲν</strong></span> <span class='ocrx_word' id='word_1_201' title='bbox 3066 1331 3235 1384; x_wconf 76' lang='grc' dir='ltr'>Σαοὺλ</span> <span class='ocrx_word' id='word_1_202' title='bbox 3271 1332 3482 1404; x_wconf 79' lang='grc' dir='ltr'>παρέϐη</span> <span class='ocrx_word' id='word_1_203' title='bbox 3516 1309 3821 1404; x_wconf 16' lang='grc' dir='ltr'>τὴνήέντο-</span> 
     </span>
    </p>
   </div>
   <div class='ocr_carea' id='block_1_28' title="bbox 2233 1414 3814 1493">
    <p class='ocr_par' dir='ltr' id='par_1_28' title="bbox 2233 1414 3814 1493">
     <span class='ocr_line' id='line_1_28' title="bbox 2233 1414 3814 1493; baseline 0.006 -26"><span class='ocrx_word' id='word_1_204' title='bbox 2233 1414 2329 1486; x_wconf 79' lang='grc' dir='ltr'><strong>λὴν</strong></span> <span class='ocrx_word' id='word_1_205' title='bbox 2357 1415 2452 1469; x_wconf 82' lang='grc' dir='ltr'>τοῦ</span> <span class='ocrx_word' id='word_1_206' title='bbox 2493 1416 2649 1482; x_wconf 84' lang='grc' dir='ltr'><strong>Θεοῦ,</strong></span> <span class='ocrx_word' id='word_1_207' title='bbox 2676 1420 2767 1472; x_wconf 69' lang='grc' dir='ltr'>καὶ</span> <span class='ocrx_word' id='word_1_208' title='bbox 2790 1420 3040 1492; x_wconf 66' lang='grc' dir='ltr'>ἀφῃρέθη</span> <span class='ocrx_word' id='word_1_209' title='bbox 3083 1421 3190 1474; x_wconf 81' lang='grc' dir='ltr'><strong>ἀπὸ</strong></span> <span class='ocrx_word' id='word_1_210' title='bbox 3230 1421 3323 1474; x_wconf 71' lang='grc' dir='ltr'>τοῦ</span> <span class='ocrx_word' id='word_1_211' title='bbox 3357 1423 3545 1490; x_wconf 81' lang='grc' dir='ltr'><strong>γένους</strong></span> <span class='ocrx_word' id='word_1_212' title='bbox 3575 1422 3748 1476; x_wconf 74' lang='grc' dir='ltr'>αὑτοῦ</span> <span class='ocrx_word' id='word_1_213' title='bbox 3779 1427 3814 1493; x_wconf 83' lang='grc' dir='ltr'>ὴ</span> 
     </span>
    </p>
   </div>
   <div class='ocr_carea' id='block_1_29' title="bbox 2235 1507 3816 1586">
    <p class='ocr_par' dir='ltr' id='par_1_29' title="bbox 2235 1507 3816 1586">
     <span class='ocr_line' id='line_1_29' title="bbox 2235 1507 3816 1586; baseline 0.005 -26"><span class='ocrx_word' id='word_1_214' title='bbox 2235 1507 2510 1578; x_wconf 86' lang='grc' dir='ltr'>βασιλεία·</span> <span class='ocrx_word' id='word_1_215' title='bbox 2538 1510 2567 1562; x_wconf 87' lang='grc' dir='ltr'>ὁ</span> <span class='ocrx_word' id='word_1_216' title='bbox 2600 1509 2658 1562; x_wconf 91' lang='grc' dir='ltr'><strong>δέ</strong></span> <span class='ocrx_word' id='word_1_217' title='bbox 2688 1510 2850 1563; x_wconf 74' lang='grc' dir='ltr'>Δαόὶδ</span> <span class='ocrx_word' id='word_1_218' title='bbox 2903 1513 3018 1565; x_wconf 79' lang='grc' dir='ltr'>ἀντ’</span> <span class='ocrx_word' id='word_1_219' title='bbox 3050 1512 3212 1565; x_wconf 79' lang='grc' dir='ltr'>αὐτοῦ</span> <span class='ocrx_word' id='word_1_220' title='bbox 3247 1513 3499 1583; x_wconf 84' lang='grc' dir='ltr'>ἐχρίσθη,</span> <span class='ocrx_word' id='word_1_221' title='bbox 3547 1516 3644 1568; x_wconf 72' lang='grc' dir='ltr'><strong>καὶ</strong></span> <span class='ocrx_word' id='word_1_222' title='bbox 3679 1532 3816 1586; x_wconf 86' lang='grc' dir='ltr'>μετ-</span> 
     </span>
    </p>
   </div>
   <div class='ocr_carea' id='block_1_30' title="bbox 2230 1600 3816 1677">
    <p class='ocr_par' dir='ltr' id='par_1_30' title="bbox 2230 1600 3816 1677">
     <span class='ocr_line' id='line_1_30' title="bbox 2230 1600 3816 1677; baseline 0.005 -25"><span class='ocrx_word' id='word_1_223' title='bbox 2230 1600 2434 1672; x_wconf 87' lang='grc' dir='ltr'>ηνέχθη</span> <span class='ocrx_word' id='word_1_224' title='bbox 2462 1604 2541 1665; x_wconf 87' lang='grc' dir='ltr'><strong>είς</strong></span> <span class='ocrx_word' id='word_1_225' title='bbox 2586 1602 2646 1654; x_wconf 84' lang='grc' dir='ltr'><strong>τὸ</strong></span> <span class='ocrx_word' id='word_1_226' title='bbox 2677 1602 2831 1671; x_wconf 84' lang='grc' dir='ltr'>γένος</span> <span class='ocrx_word' id='word_1_227' title='bbox 2873 1602 3094 1675; x_wconf 83' lang='grc' dir='ltr'>αύτοῦή</span> <span class='ocrx_word' id='word_1_228' title='bbox 3130 1604 3389 1674; x_wconf 85' lang='grc' dir='ltr'>βασιλεία.</span> <span class='ocrx_word' id='word_1_229' title='bbox 3434 1607 3542 1659; x_wconf 70' lang='grc' dir='ltr'>Καὶ</span> <span class='ocrx_word' id='word_1_230' title='bbox 3582 1607 3676 1660; x_wconf 84' lang='grc' dir='ltr'><strong>τὸν</strong></span> <span class='ocrx_word' id='word_1_231' title='bbox 3713 1607 3816 1677; x_wconf 80' lang='grc' dir='ltr'><strong>μὲν</strong></span> 
     </span>
    </p>
   </div>
   <div class='ocr_carea' id='block_1_31' title="bbox 2231 1691 3813 1769">
    <p class='ocr_par' dir='ltr' id='par_1_31' title="bbox 2231 1691 3813 1769">
     <span class='ocr_line' id='line_1_31' title="bbox 2231 1691 3813 1769; baseline 0.004 -25"><span class='ocrx_word' id='word_1_232' title='bbox 2231 1691 2272 1744; x_wconf 91' lang='grc' dir='ltr'>Γ</span> <span class='ocrx_word' id='word_1_233' title='bbox 2272 1691 2422 1745; x_wconf 83' lang='grc' dir='ltr'>ολιάθ</span> <span class='ocrx_word' id='word_1_234' title='bbox 2456 1692 2662 1746; x_wconf 84' lang='grc' dir='ltr'><strong>ἀνεῖλεν</strong></span> <span class='ocrx_word' id='word_1_235' title='bbox 2703 1695 2731 1747; x_wconf 90' lang='lat'><strong>6</strong></span> <span class='ocrx_word' id='word_1_236' title='bbox 2761 1693 2924 1746; x_wconf 73' lang='grc' dir='ltr'><strong>Δαὸὶδ</strong></span> <span class='ocrx_word' id='word_1_237' title='bbox 2969 1694 3194 1767; x_wconf 87' lang='grc' dir='ltr'>λιθαρίῳ</span> <span class='ocrx_word' id='word_1_238' title='bbox 3246 1698 3553 1768; x_wconf 83' lang='grc' dir='ltr'>μικροτάτῳ</span> <span class='ocrx_word' id='word_1_239' title='bbox 3575 1715 3589 1728; x_wconf 77' lang='grc' dir='ltr'><strong>ο</strong></span> <span class='ocrx_word' id='word_1_240' title='bbox 3622 1698 3813 1769; x_wconf 75' lang='grc' dir='ltr'>ἐπειδὴ</span> 
     </span>
    </p>
   </div>
   <div class='ocr_carea' id='block_1_32' title="bbox 2230 1780 3812 1858">
    <p class='ocr_par' dir='ltr' id='par_1_32' title="bbox 2230 1780 3812 1858">
     <span class='ocr_line' id='line_1_32' title="bbox 2230 1780 3812 1858; baseline 0.003 -24"><span class='ocrx_word' id='word_1_241' title='bbox 2230 1780 2286 1834; x_wconf 85' lang='grc' dir='ltr'><strong>δὲ</strong></span> <span class='ocrx_word' id='word_1_242' title='bbox 2317 1783 2376 1834; x_wconf 76' lang='grc' dir='ltr'>αἱ</span> <span class='ocrx_word' id='word_1_243' title='bbox 2402 1785 2760 1855; x_wconf 87' lang='grc' dir='ltr'>χορεύουσαι,</span> <span class='ocrx_word' id='word_1_244' title='bbox 2802 1784 2899 1847; x_wconf 81' lang='grc' dir='ltr'>τὰς</span> <span class='ocrx_word' id='word_1_245' title='bbox 2945 1785 3208 1858; x_wconf 85' lang='grc' dir='ltr'>μυριάδας</span> <span class='ocrx_word' id='word_1_246' title='bbox 3246 1786 3480 1841; x_wconf 84' lang='grc' dir='ltr'>δέδωκαν</span> <span class='ocrx_word' id='word_1_247' title='bbox 3516 1787 3592 1858; x_wconf 83' lang='grc' dir='ltr'>τῷ</span> <span class='ocrx_word' id='word_1_248' title='bbox 3625 1788 3812 1851; x_wconf 71' lang='grc' dir='ltr'>Δαειδ,</span> 
     </span>
    </p>
   </div>
   <div class='ocr_carea' id='block_1_33' title="bbox 2229 1874 3815 1949">
    <p class='ocr_par' dir='ltr' id='par_1_33' title="bbox 2229 1874 3815 1949">
     <span class='ocr_line' id='line_1_33' title="bbox 2229 1874 3815 1949; baseline 0.003 -22"><span class='ocrx_word' id='word_1_249' title='bbox 2229 1875 2328 1939; x_wconf 79' lang='grc' dir='ltr'>τὰς</span> <span class='ocrx_word' id='word_1_250' title='bbox 2354 1875 2410 1929; x_wconf 84' lang='grc' dir='ltr'>δὲ</span> <span class='ocrx_word' id='word_1_251' title='bbox 2441 1875 2684 1946; x_wconf 79' lang='grc' dir='ltr'><strong>χιλιάδας</strong></span> <span class='ocrx_word' id='word_1_252' title='bbox 2711 1874 2790 1946; x_wconf 83' lang='grc' dir='ltr'>τῷ</span> <span class='ocrx_word' id='word_1_253' title='bbox 2827 1875 3019 1940; x_wconf 74' lang='grc' dir='ltr'>Σαοὺλ,</span> <span class='ocrx_word' id='word_1_254' title='bbox 3047 1876 3312 1949; x_wconf 79' lang='grc' dir='ltr'><strong>φθονήσας</strong></span> <span class='ocrx_word' id='word_1_255' title='bbox 3341 1879 3369 1930; x_wconf 91' lang='grc' dir='ltr'><strong>ό</strong></span> <span class='ocrx_word' id='word_1_256' title='bbox 3405 1879 3594 1940; x_wconf 75' lang='grc' dir='ltr'>Σαοὺλ,</span> <span class='ocrx_word' id='word_1_257' title='bbox 3621 1879 3815 1932; x_wconf 78' lang='grc' dir='ltr'><strong>ἐδίωκε</strong></span> 
     </span>
    </p>
   </div>
   <div class='ocr_carea' id='block_1_34' title="bbox 557 1951 2128 2042">
    <p class='ocr_par' dir='ltr' id='par_1_34' title="bbox 557 1970 2128 2042">
     <span class='ocr_line' id='line_1_34' title="bbox 557 1970 2128 2042; baseline -0.001 -16"><span class='ocrx_word' id='word_1_258' title='bbox 557 1971 679 2026; x_wconf 88' lang='lat' dir='ltr'><strong>dem</strong></span> <span class='ocrx_word' id='word_1_259' title='bbox 708 1971 848 2025; x_wconf 91' lang='lat' dir='ltr'><strong>bello</strong></span> <span class='ocrx_word' id='word_1_260' title='bbox 875 1978 1141 2033; x_wconf 86' lang='lat' dir='ltr'><strong>arctatus,</strong></span> <span class='ocrx_word' id='word_1_261' title='bbox 1169 1970 1435 2026; x_wconf 90' lang='lat' dir='ltr'><strong>consultis</strong></span> <span class='ocrx_word' id='word_1_262' title='bbox 1482 1970 1842 2042; x_wconf 85' lang='lat' dir='ltr'><strong>pythonissis,</strong></span> <span class='ocrx_word' id='word_1_263' title='bbox 1870 1970 2128 2026; x_wconf 85' lang='lat' dir='ltr'><strong>interem-</strong></span> 
     </span>
    </p>
   </div>
   <div class='ocr_carea' id='block_1_35' title="bbox 2232 1951 3818 2042">
    <p class='ocr_par' dir='ltr' id='par_1_35' title="bbox 2232 1968 3818 2040">
     <span class='ocr_line' id='line_1_35' title="bbox 2232 1968 3818 2040; baseline 0.002 -19"><span class='ocrx_word' id='word_1_264' title='bbox 2232 1968 2318 2022; x_wconf 85' lang='grc' dir='ltr'>τὸν</span> <span class='ocrx_word' id='word_1_265' title='bbox 2347 1969 2510 2023; x_wconf 78' lang='grc' dir='ltr'>Δαὸίδ</span> <span class='ocrx_word' id='word_1_266' title='bbox 2531 1986 2544 2002; x_wconf 76' lang='grc' dir='ltr'><strong><em>ο</em></strong></span> <span class='ocrx_word' id='word_1_267' title='bbox 2581 1970 2675 2024; x_wconf 74' lang='grc' dir='ltr'>καὶ</span> <span class='ocrx_word' id='word_1_268' title='bbox 2702 1969 2730 2020; x_wconf 90' lang='lat'><strong>6</strong></span> <span class='ocrx_word' id='word_1_269' title='bbox 2761 1969 2859 2040; x_wconf 86' lang='grc' dir='ltr'><strong>μὲν</strong></span> <span class='ocrx_word' id='word_1_270' title='bbox 2889 1968 3052 2023; x_wconf 67' lang='grc' dir='ltr'>Δαϐὶδ</span> <span class='ocrx_word' id='word_1_271' title='bbox 3091 1969 3342 2040; x_wconf 82' lang='grc' dir='ltr'><strong>διεσώθη,</strong></span> <span class='ocrx_word' id='word_1_272' title='bbox 3376 1971 3404 2022; x_wconf 83' lang='lat'><strong>6</strong></span> <span class='ocrx_word' id='word_1_273' title='bbox 3431 1970 3487 2023; x_wconf 87' lang='grc' dir='ltr'>δὲ</span> <span class='ocrx_word' id='word_1_274' title='bbox 3519 1972 3692 2025; x_wconf 78' lang='grc' dir='ltr'>Σαοὺλ</span> <span class='ocrx_word' id='word_1_275' title='bbox 3717 1989 3818 2024; x_wconf 85' lang='grc' dir='ltr'>πο-</span> 
     </span>
    </p>
   </div>
   <div class='ocr_carea' id='block_1_36' title="bbox 557 2059 2128 2134">
    <p class='ocr_par' dir='ltr' id='par_1_36' title="bbox 557 2059 2128 2134">
     <span class='ocr_line' id='line_1_36' title="bbox 557 2059 2128 2134; baseline 0.001 -18"><span class='ocrx_word' id='word_1_276' title='bbox 557 2068 685 2134; x_wconf 91' lang='lat' dir='ltr'><strong>ptus</strong></span> <span class='ocrx_word' id='word_1_277' title='bbox 717 2061 1056 2117; x_wconf 88' lang='lat' dir='ltr'><strong>occubuerit.</strong></span> <span class='ocrx_word' id='word_1_278' title='bbox 1090 2061 1157 2116; x_wconf 90' lang='lat' dir='ltr'><strong>Et</strong></span> <span class='ocrx_word' id='word_1_279' title='bbox 1185 2061 1286 2117; x_wconf 89' lang='lat' dir='ltr'><strong>hac</strong></span> <span class='ocrx_word' id='word_1_280' title='bbox 1307 2076 1368 2117; x_wconf 88' lang='lat' dir='ltr'><strong>re</strong></span> <span class='ocrx_word' id='word_1_281' title='bbox 1393 2062 1717 2118; x_wconf 87' lang='lat' dir='ltr'><strong>terminatur</strong></span> <span class='ocrx_word' id='word_1_282' title='bbox 1761 2062 1974 2132; x_wconf 90' lang='lat' dir='ltr'><strong>primus</strong></span> <span class='ocrx_word' id='word_1_283' title='bbox 2018 2059 2128 2118; x_wconf 80' lang='lat' dir='ltr'><strong>Re-</strong></span> 
     </span>
    </p>
   </div>
   <div class='ocr_carea' id='block_1_37' title="bbox 558 2155 970 2226">
    <p class='ocr_par' dir='ltr' id='par_1_37' title="bbox 558 2155 970 2226">
     <span class='ocr_line' id='line_1_37' title="bbox 558 2155 970 2226; baseline 0.01 -16"><span class='ocrx_word' id='word_1_284' title='bbox 558 2169 787 2226; x_wconf 90' lang='lat' dir='ltr'><strong>gnorum</strong></span> <span class='ocrx_word' id='word_1_285' title='bbox 815 2155 970 2214; x_wconf 90' lang='lat' dir='ltr'><strong>liber.</strong></span> 
     </span>
    </p>
   </div>
   <div class='ocr_carea' id='block_1_38' title="bbox 627 2332 2130 2402">
    <p class='ocr_par' dir='ltr' id='par_1_38' title="bbox 627 2332 2130 2402">
     <span class='ocr_line' id='line_1_38' title="bbox 627 2332 2130 2402; baseline 0.003 -13"><span class='ocrx_word' id='word_1_286' title='bbox 627 2335 716 2390; x_wconf 77' lang='grc'><strong>14.</strong></span> <span class='ocrx_word' id='word_1_287' title='bbox 758 2335 813 2390; x_wconf 91' lang='lat' dir='ltr'><strong>ln</strong></span> <span class='ocrx_word' id='word_1_288' title='bbox 844 2332 1085 2391; x_wconf 87' lang='lat' dir='ltr'><strong>secundo</strong></span> <span class='ocrx_word' id='word_1_289' title='bbox 1113 2342 1294 2392; x_wconf 90' lang='lat' dir='ltr'><strong>autem</strong></span> <span class='ocrx_word' id='word_1_290' title='bbox 1341 2335 1518 2402; x_wconf 88' lang='lat' dir='ltr'><strong>libro,</strong></span> <span class='ocrx_word' id='word_1_291' title='bbox 1574 2334 1725 2390; x_wconf 90' lang='lat' dir='ltr'><strong>Sauli</strong></span> <span class='ocrx_word' id='word_1_292' title='bbox 1755 2335 1926 2392; x_wconf 87' lang='lat' dir='ltr'><strong>David</strong></span> <span class='ocrx_word' id='word_1_293' title='bbox 1957 2337 2014 2392; x_wconf 87' lang='lat' dir='ltr'><strong>in</strong></span> <span class='ocrx_word' id='word_1_294' title='bbox 2042 2353 2130 2393; x_wconf 83' lang='lat' dir='ltr'><strong>re-</strong></span> 
     </span>
    </p>
   </div>
   <div class='ocr_carea' id='block_1_39' title="bbox 554 2427 2129 2498">
    <p class='ocr_par' dir='ltr' id='par_1_39' title="bbox 554 2427 2129 2498">
     <span class='ocr_line' id='line_1_39' title="bbox 554 2427 2129 2498; baseline 0.003 -19"><span class='ocrx_word' id='word_1_295' title='bbox 554 2442 722 2498; x_wconf 82' lang='lat' dir='ltr'><strong>gnum</strong></span> <span class='ocrx_word' id='word_1_296' title='bbox 775 2428 1039 2483; x_wconf 87' lang='lat' dir='ltr'><strong>succedit.</strong></span> <span class='ocrx_word' id='word_1_297' title='bbox 1092 2427 1523 2497; x_wconf 81' lang='lat' dir='ltr'><strong>Memphiboseth</strong></span> <span class='ocrx_word' id='word_1_298' title='bbox 1560 2435 1739 2482; x_wconf 89' lang='lat' dir='ltr'><strong>autem</strong></span> <span class='ocrx_word' id='word_1_299' title='bbox 1768 2428 1915 2483; x_wconf 92' lang='lat' dir='ltr'><strong>ﬁlius</strong></span> <span class='ocrx_word' id='word_1_300' title='bbox 1948 2427 2129 2484; x_wconf 89' lang='lat' dir='ltr'><strong>Saulis</strong></span> 
     </span>
    </p>
   </div>
   <div class='ocr_carea' id='block_1_40' title="bbox 555 2519 2130 2598">
    <p class='ocr_par' dir='ltr' id='par_1_40' title="bbox 555 2519 2130 2598">
     <span class='ocr_line' id='line_1_40' title="bbox 555 2519 2130 2598; baseline 0.003 -25"><span class='ocrx_word' id='word_1_301' title='bbox 555 2520 714 2598; x_wconf 81' lang='lat' dir='ltr'><strong>initio</strong></span> <span class='ocrx_word' id='word_1_302' title='bbox 734 2534 962 2590; x_wconf 84' lang='lat' dir='ltr'><strong>regnare</strong></span> <span class='ocrx_word' id='word_1_303' title='bbox 985 2533 1108 2574; x_wconf 90' lang='lat' dir='ltr'><strong>cum</strong></span> <span class='ocrx_word' id='word_1_304' title='bbox 1133 2521 1312 2584; x_wconf 87' lang='lat' dir='ltr'><strong>vellet,</strong></span> <span class='ocrx_word' id='word_1_305' title='bbox 1330 2522 1725 2577; x_wconf 87' lang='lat' dir='ltr'><strong>contendebat:</strong></span> <span class='ocrx_word' id='word_1_306' title='bbox 1755 2519 1972 2575; x_wconf 88' lang='lat' dir='ltr'><strong>tandem</strong></span> <span class='ocrx_word' id='word_1_307' title='bbox 2000 2537 2130 2577; x_wconf 90' lang='lat' dir='ltr'><strong>vero</strong></span> 
     </span>
    </p>
   </div>
   <div class='ocr_carea' id='block_1_41' title="bbox 554 2610 2130 2684">
    <p class='ocr_par' dir='ltr' id='par_1_41' title="bbox 554 2610 2130 2684">
     <span class='ocr_line' id='line_1_41' title="bbox 554 2610 2130 2684; baseline 0.005 -19"><span class='ocrx_word' id='word_1_308' title='bbox 554 2611 827 2666; x_wconf 65' lang='lat' dir='ltr'><strong>universae</strong></span> <span class='ocrx_word' id='word_1_309' title='bbox 854 2612 1032 2669; x_wconf 90' lang='lat' dir='ltr'><strong>tribus</strong></span> <span class='ocrx_word' id='word_1_310' title='bbox 1075 2610 1265 2667; x_wconf 90' lang='lat' dir='ltr'><strong>Davidi</strong></span> <span class='ocrx_word' id='word_1_311' title='bbox 1292 2613 1616 2684; x_wconf 72' lang='lat' dir='ltr'><strong>junguntur.</strong></span> <span class='ocrx_word' id='word_1_312' title='bbox 1677 2615 1918 2670; x_wconf 87' lang='lat' dir='ltr'><strong>Cunctos</strong></span> <span class='ocrx_word' id='word_1_313' title='bbox 1943 2615 2130 2673; x_wconf 89' lang='lat' dir='ltr'><strong>hostes</strong></span> 
     </span>
    </p>
   </div>
   <div class='ocr_carea' id='block_1_42' title="bbox 555 2701 2131 2772">
    <p class='ocr_par' dir='ltr' id='par_1_42' title="bbox 555 2701 2131 2772">
     <span class='ocr_line' id='line_1_42' title="bbox 555 2701 2131 2772; baseline 0.003 -15"><span class='ocrx_word' id='word_1_314' title='bbox 555 2703 699 2758; x_wconf 88' lang='lat' dir='ltr'><strong>bello</strong></span> <span class='ocrx_word' id='word_1_315' title='bbox 727 2710 947 2772; x_wconf 87' lang='lat' dir='ltr'><strong>superat</strong></span> <span class='ocrx_word' id='word_1_316' title='bbox 985 2701 1194 2771; x_wconf 84' lang='lat' dir='ltr'><strong>David,</strong></span> <span class='ocrx_word' id='word_1_317' title='bbox 1249 2704 1514 2762; x_wconf 83' lang='lat' dir='ltr'><strong>Bersabee</strong></span> <span class='ocrx_word' id='word_1_318' title='bbox 1559 2721 1784 2762; x_wconf 81' lang='lat' dir='ltr'><strong>uxorem</strong></span> <span class='ocrx_word' id='word_1_319' title='bbox 1832 2705 1978 2761; x_wconf 72' lang='lat' dir='ltr'><strong>Uria:</strong></span> <span class='ocrx_word' id='word_1_320' title='bbox 2028 2707 2131 2762; x_wconf 89' lang='lat' dir='ltr'><strong>sibi</strong></span> 
     </span>
    </p>
   </div>
   <div class='ocr_carea' id='block_1_43' title="bbox 557 2794 2130 2869">
    <p class='ocr_par' dir='ltr' id='par_1_43' title="bbox 557 2794 2130 2869">
     <span class='ocr_line' id='line_1_43' title="bbox 557 2794 2130 2869; baseline 0.002 -19"><span class='ocrx_word' id='word_1_321' title='bbox 557 2794 746 2850; x_wconf 87' lang='lat' dir='ltr'><strong>sumit.</strong></span> <span class='ocrx_word' id='word_1_322' title='bbox 776 2795 1063 2850; x_wconf 80' lang='lat' dir='ltr'><strong>Abesalom</strong></span> <span class='ocrx_word' id='word_1_323' title='bbox 1089 2806 1295 2866; x_wconf 90' lang='lat' dir='ltr'><strong>patrem</strong></span> <span class='ocrx_word' id='word_1_324' title='bbox 1327 2812 1487 2852; x_wconf 91' lang='lat' dir='ltr'><strong>suum</strong></span> <span class='ocrx_word' id='word_1_325' title='bbox 1519 2796 1778 2853; x_wconf 85' lang='lat' dir='ltr'><strong>Davidem</strong></span> <span class='ocrx_word' id='word_1_326' title='bbox 1808 2811 2130 2869; x_wconf 88' lang='lat' dir='ltr'><strong>persecutus</strong></span> 
     </span>
    </p>
   </div>
   <div class='ocr_carea' id='block_1_44' title="bbox 555 2889 2131 2960">
    <p class='ocr_par' dir='ltr' id='par_1_44' title="bbox 555 2889 2131 2960">
     <span class='ocr_line' id='line_1_44' title="bbox 555 2889 2131 2960; baseline 0.001 -16"><span class='ocrx_word' id='word_1_327' title='bbox 555 2893 641 2944; x_wconf 90' lang='lat' dir='ltr'><strong>est</strong></span> <span class='ocrx_word' id='word_1_328' title='bbox 667 2908 679 2943; x_wconf 92' lang='lat'>:</span> <span class='ocrx_word' id='word_1_329' title='bbox 715 2889 876 2960; x_wconf 89' lang='lat' dir='ltr'><strong>paulo</strong></span> <span class='ocrx_word' id='word_1_330' title='bbox 909 2897 1034 2960; x_wconf 92' lang='lat' dir='ltr'><strong>post</strong></span> <span class='ocrx_word' id='word_1_331' title='bbox 1055 2889 1112 2942; x_wconf 90' lang='lat' dir='ltr'><strong>in</strong></span> <span class='ocrx_word' id='word_1_332' title='bbox 1138 2889 1283 2944; x_wconf 92' lang='lat' dir='ltr'><strong>bello</strong></span> <span class='ocrx_word' id='word_1_333' title='bbox 1315 2890 1588 2946; x_wconf 90' lang='lat' dir='ltr'><strong>occiditur</strong></span> <span class='ocrx_word' id='word_1_334' title='bbox 1616 2890 1926 2947; x_wconf 87' lang='lat' dir='ltr'><strong>Abesalom.</strong></span> <span class='ocrx_word' id='word_1_335' title='bbox 1962 2891 2131 2946; x_wconf 90' lang='lat' dir='ltr'><strong>David</strong></span> 
     </span>
    </p>
   </div>
   <div class='ocr_carea' id='block_1_45' title="bbox 553 2981 2131 3054">
    <p class='ocr_par' dir='ltr' id='par_1_45' title="bbox 553 2981 2131 3054">
     <span class='ocr_line' id='line_1_45' title="bbox 553 2981 2131 3054; baseline 0.003 -20"><span class='ocrx_word' id='word_1_336' title='bbox 553 2987 842 3035; x_wconf 89' lang='lat' dir='ltr'><strong>numerato</strong></span> <span class='ocrx_word' id='word_1_337' title='bbox 875 2981 1078 3051; x_wconf 91' lang='lat' dir='ltr'><strong>populo</strong></span> <span class='ocrx_word' id='word_1_338' title='bbox 1108 2981 1244 3035; x_wconf 89' lang='lat' dir='ltr'><strong>iram</strong></span> <span class='ocrx_word' id='word_1_339' title='bbox 1280 2983 1334 3036; x_wconf 91' lang='lat' dir='ltr'><strong>in</strong></span> <span class='ocrx_word' id='word_1_340' title='bbox 1358 2997 1415 3038; x_wconf 91' lang='lat' dir='ltr'><strong>se</strong></span> <span class='ocrx_word' id='word_1_341' title='bbox 1442 2981 1682 3036; x_wconf 87' lang='lat' dir='ltr'><strong>divinam</strong></span> <span class='ocrx_word' id='word_1_342' title='bbox 1707 2992 1990 3053; x_wconf 88' lang='lat' dir='ltr'><strong>provocat,</strong></span> <span class='ocrx_word' id='word_1_343' title='bbox 2009 2999 2131 3054; x_wconf 74' lang='lat' dir='ltr'><strong>quae</strong></span> 
     </span>
    </p>
   </div>
   <div class='ocr_carea' id='block_1_46' title="bbox 553 3071 2132 3145">
    <p class='ocr_par' dir='ltr' id='par_1_46' title="bbox 553 3071 2132 3145">
     <span class='ocr_line' id='line_1_46' title="bbox 553 3071 2132 3145; baseline 0.003 -21"><span class='ocrx_word' id='word_1_344' title='bbox 553 3080 744 3142; x_wconf 87' lang='lat' dir='ltr'><strong>postea</strong></span> <span class='ocrx_word' id='word_1_345' title='bbox 771 3071 984 3142; x_wconf 83' lang='lat' dir='ltr'><strong>placato</strong></span> <span class='ocrx_word' id='word_1_346' title='bbox 1016 3071 1124 3126; x_wconf 91' lang='lat' dir='ltr'><strong>Deo</strong></span> <span class='ocrx_word' id='word_1_347' title='bbox 1153 3079 1353 3127; x_wconf 89' lang='lat' dir='ltr'><strong>cessat.</strong></span> <span class='ocrx_word' id='word_1_348' title='bbox 1388 3072 1452 3126; x_wconf 86' lang='lat' dir='ltr'><strong>Et</strong></span> <span class='ocrx_word' id='word_1_349' title='bbox 1489 3073 1577 3127; x_wconf 92' lang='lat' dir='ltr'><strong>hic</strong></span> <span class='ocrx_word' id='word_1_350' title='bbox 1611 3074 1888 3130; x_wconf 88' lang='lat' dir='ltr'><strong>secundus</strong></span> <span class='ocrx_word' id='word_1_351' title='bbox 1920 3073 2132 3145; x_wconf 78' lang='lat' dir='ltr'><strong>Regno-</strong></span> 
     </span>
    </p>
   </div>
   <div class='ocr_carea' id='block_1_47' title="bbox 552 3159 2131 3225">
    <p class='ocr_par' dir='ltr' id='par_1_47' title="bbox 552 3159 2131 3225">
     <span class='ocr_line' id='line_1_47' title="bbox 552 3159 2131 3225; baseline 0.003 -11"><span class='ocrx_word' id='word_1_352' title='bbox 552 3175 676 3214; x_wconf 90' lang='lat' dir='ltr'><strong>rum</strong></span> <span class='ocrx_word' id='word_1_353' title='bbox 705 3161 860 3225; x_wconf 88' lang='lat' dir='ltr'><strong>liber,</strong></span> <span class='ocrx_word' id='word_1_354' title='bbox 891 3161 1048 3216; x_wconf 89' lang='lat' dir='ltr'><strong>senio</strong></span> <span class='ocrx_word' id='word_1_355' title='bbox 1089 3161 1337 3216; x_wconf 82' lang='lat' dir='ltr'><strong>confecto</strong></span> <span class='ocrx_word' id='word_1_356' title='bbox 1366 3159 1568 3216; x_wconf 86' lang='lat' dir='ltr'><strong>Davide</strong></span> <span class='ocrx_word' id='word_1_357' title='bbox 1591 3200 1606 3224; x_wconf 88' lang='lat'><strong>,</strong></span> <span class='ocrx_word' id='word_1_358' title='bbox 1661 3161 1868 3217; x_wconf 89' lang='lat' dir='ltr'><strong>ﬁnitur.</strong></span> <span class='ocrx_word' id='word_1_359' title='bbox 1930 3162 2131 3218; x_wconf 85' lang='lat' dir='ltr'><strong>Habuit</strong></span> 
     </span>
    </p>
   </div>
   <div class='ocr_carea' id='block_1_48' title="bbox 553 3250 2127 3326">
    <p class='ocr_par' dir='ltr' id='par_1_48' title="bbox 553 3250 2127 3326">
     <span class='ocr_line' id='line_1_48' title="bbox 553 3250 2127 3326; baseline 0.005 -21"><span class='ocrx_word' id='word_1_360' title='bbox 553 3259 736 3306; x_wconf 79' lang='lat' dir='ltr'><strong>autem</strong></span> <span class='ocrx_word' id='word_1_361' title='bbox 765 3252 868 3306; x_wconf 87' lang='lat' dir='ltr'><strong>sub</strong></span> <span class='ocrx_word' id='word_1_362' title='bbox 893 3267 952 3307; x_wconf 86' lang='lat' dir='ltr'><strong>se</strong></span> <span class='ocrx_word' id='word_1_363' title='bbox 998 3250 1166 3306; x_wconf 89' lang='lat' dir='ltr'><strong>David</strong></span> <span class='ocrx_word' id='word_1_364' title='bbox 1209 3254 1474 3324; x_wconf 86' lang='lat' dir='ltr'><strong>quosdam</strong></span> <span class='ocrx_word' id='word_1_365' title='bbox 1501 3254 1645 3309; x_wconf 90' lang='lat' dir='ltr'><strong>viros</strong></span> <span class='ocrx_word' id='word_1_366' title='bbox 1683 3253 1874 3323; x_wconf 76' lang='lat' dir='ltr'><strong>fortes,</strong></span> <span class='ocrx_word' id='word_1_367' title='bbox 1900 3271 2127 3326; x_wconf 83' lang='lat' dir='ltr'><strong>magnos</strong></span> 
     </span>
    </p>
   </div>
   <div class='ocr_carea' id='block_1_49' title="bbox 554 3345 2126 3420">
    <p class='ocr_par' dir='ltr' id='par_1_49' title="bbox 554 3345 2126 3420">
     <span class='ocr_line' id='line_1_49' title="bbox 554 3345 2126 3420; baseline 0.005 -22"><span class='ocrx_word' id='word_1_368' title='bbox 554 3359 621 3399; x_wconf 89' lang='lat' dir='ltr'><strong>ac</strong></span> <span class='ocrx_word' id='word_1_369' title='bbox 652 3345 874 3406; x_wconf 85' lang='lat' dir='ltr'><strong>multos.</strong></span> <span class='ocrx_word' id='word_1_370' title='bbox 901 3361 1136 3415; x_wconf 90' lang='lat' dir='ltr'><strong>quorum</strong></span> <span class='ocrx_word' id='word_1_371' title='bbox 1166 3347 1405 3401; x_wconf 88' lang='lat' dir='ltr'><strong>minores</strong></span> <span class='ocrx_word' id='word_1_372' title='bbox 1454 3348 1800 3404; x_wconf 87' lang='lat' dir='ltr'><strong>centuriones</strong></span> <span class='ocrx_word' id='word_1_373' title='bbox 1823 3387 1839 3413; x_wconf 91' lang='lat'><strong>,</strong></span> <span class='ocrx_word' id='word_1_374' title='bbox 1891 3350 2126 3420; x_wconf 88' lang='lat' dir='ltr'><strong>majores</strong></span> 
     </span>
    </p>
   </div>
   <div class='ocr_carea' id='block_1_50' title="bbox 550 3434 2128 3509">
    <p class='ocr_par' dir='ltr' id='par_1_50' title="bbox 550 3434 2128 3509">
     <span class='ocr_line' id='line_1_50' title="bbox 550 3434 2128 3509; baseline 0.003 -19"><span class='ocrx_word' id='word_1_375' title='bbox 550 3448 684 3490; x_wconf 81' lang='lat' dir='ltr'><strong>vero</strong></span> <span class='ocrx_word' id='word_1_376' title='bbox 735 3434 1066 3490; x_wconf 85' lang='lat' dir='ltr'><strong>chiliarchas</strong></span> <span class='ocrx_word' id='word_1_377' title='bbox 1103 3436 1406 3491; x_wconf 89' lang='lat' dir='ltr'><strong>constituit.</strong></span> <span class='ocrx_word' id='word_1_378' title='bbox 1457 3436 1737 3492; x_wconf 85' lang='lat' dir='ltr'><strong>Habentur</strong></span> <span class='ocrx_word' id='word_1_379' title='bbox 1765 3439 2128 3509; x_wconf 91' lang='lat' dir='ltr'><strong>quorumdam</strong></span> 
     </span>
    </p>
   </div>
   <div class='ocr_carea' id='block_1_51' title="bbox 551 3526 2141 3600">
    <p class='ocr_par' dir='ltr' id='par_1_51' title="bbox 551 3526 2141 3600">
     <span class='ocr_line' id='line_1_51' title="bbox 551 3526 2141 3600; baseline 0.005 -20"><span class='ocrx_word' id='word_1_380' title='bbox 551 3526 796 3595; x_wconf 91' lang='lat' dir='ltr'><strong>ipsorum</strong></span> <span class='ocrx_word' id='word_1_381' title='bbox 825 3529 1047 3582; x_wconf 89' lang='lat' dir='ltr'><strong>nomina</strong></span> <span class='ocrx_word' id='word_1_382' title='bbox 1080 3536 1134 3584; x_wconf 88' lang='lat' dir='ltr'><strong>et</strong></span> <span class='ocrx_word' id='word_1_383' title='bbox 1162 3545 1249 3584; x_wconf 90' lang='lat' dir='ltr'><strong>res</strong></span> <span class='ocrx_word' id='word_1_384' title='bbox 1272 3538 1456 3600; x_wconf 65' lang='lat' dir='ltr'><strong>gestae.</strong></span> <span class='ocrx_word' id='word_1_385' title='bbox 1505 3529 1765 3586; x_wconf 69' lang='lat' dir='ltr'><strong>Sebocha:</strong></span> <span class='ocrx_word' id='word_1_386' title='bbox 1795 3533 2141 3599; x_wconf 62' lang='lat' dir='ltr'><strong>Astotheus,</strong></span> 
     </span>
    </p>
   </div>
   <div class='ocr_carea' id='block_1_52' title="bbox 553 3615 2122 3692">
    <p class='ocr_par' dir='ltr' id='par_1_52' title="bbox 553 3615 2122 3692">
     <span class='ocr_line' id='line_1_52' title="bbox 553 3615 2122 3692; baseline 0.007 -22"><span class='ocrx_word' id='word_1_387' title='bbox 553 3618 646 3686; x_wconf 89' lang='lat' dir='ltr'><strong>qui</strong></span> <span class='ocrx_word' id='word_1_388' title='bbox 676 3615 818 3689; x_wconf 91' lang='lat' dir='ltr'><strong>Seph</strong></span> <span class='ocrx_word' id='word_1_389' title='bbox 847 3618 1016 3672; x_wconf 89' lang='lat' dir='ltr'><strong>ﬁlium</strong></span> <span class='ocrx_word' id='word_1_390' title='bbox 1045 3617 1230 3688; x_wconf 80' lang='lat' dir='ltr'><strong>Rapha</strong></span> <span class='ocrx_word' id='word_1_391' title='bbox 1254 3635 1321 3674; x_wconf 79' lang='lat' dir='ltr'><strong>ex</strong></span> <span class='ocrx_word' id='word_1_392' title='bbox 1343 3619 1657 3690; x_wconf 78' lang='lat' dir='ltr'><strong>gigantibus</strong></span> <span class='ocrx_word' id='word_1_393' title='bbox 1681 3622 1794 3675; x_wconf 86' lang='lat' dir='ltr'><strong>nati</strong></span> <span class='ocrx_word' id='word_1_394' title='bbox 1822 3625 2122 3692; x_wconf 89' lang='lat' dir='ltr'><strong>percussit.</strong></span> 
     </span>
    </p>
   </div>
   <div class='ocr_carea' id='block_1_53' title="bbox 553 3709 2128 3784">
    <p class='ocr_par' dir='ltr' id='par_1_53' title="bbox 553 3709 2128 3784">
     <span class='ocr_line' id='line_1_53' title="bbox 553 3709 2128 3784; baseline 0.004 -20"><span class='ocrx_word' id='word_1_395' title='bbox 553 3709 808 3765; x_wconf 82' lang='lat' dir='ltr'><strong>Eleanam</strong></span> <span class='ocrx_word' id='word_1_396' title='bbox 856 3709 1003 3767; x_wconf 87' lang='lat' dir='ltr'><strong>ﬁlius</strong></span> <span class='ocrx_word' id='word_1_397' title='bbox 1034 3711 1247 3782; x_wconf 85' lang='lat' dir='ltr'><strong>Ariorgi</strong></span> <span class='ocrx_word' id='word_1_398' title='bbox 1281 3710 1695 3781; x_wconf 86' lang='lat' dir='ltr'><strong>Bethleemites;</strong></span> <span class='ocrx_word' id='word_1_399' title='bbox 1744 3714 1832 3768; x_wconf 91' lang='lat' dir='ltr'><strong>hic</strong></span> <span class='ocrx_word' id='word_1_400' title='bbox 1858 3716 2128 3784; x_wconf 89' lang='lat' dir='ltr'><strong>percussit</strong></span> 
     </span>
    </p>
   </div>
   <div class='ocr_carea' id='block_1_54' title="bbox 549 3799 2128 3875">
    <p class='ocr_par' dir='ltr' id='par_1_54' title="bbox 549 3799 2128 3875">
     <span class='ocr_line' id='line_1_54' title="bbox 549 3799 2128 3875; baseline 0.004 -19"><span class='ocrx_word' id='word_1_401' title='bbox 549 3799 768 3857; x_wconf 84' lang='lat' dir='ltr'><strong>Goliath</strong></span> <span class='ocrx_word' id='word_1_402' title='bbox 803 3801 1104 3866; x_wconf 67' lang='lat' dir='ltr'><strong>Chetazum,</strong></span> <span class='ocrx_word' id='word_1_403' title='bbox 1135 3803 1294 3872; x_wconf 89' lang='lat' dir='ltr'><strong>cujus</strong></span> <span class='ocrx_word' id='word_1_404' title='bbox 1322 3802 1495 3860; x_wconf 69' lang='lat' dir='ltr'><strong>hastae</strong></span> <span class='ocrx_word' id='word_1_405' title='bbox 1519 3805 1727 3875; x_wconf 85' lang='lat' dir='ltr'><strong>lignum</strong></span> <span class='ocrx_word' id='word_1_406' title='bbox 1768 3805 1942 3860; x_wconf 89' lang='lat' dir='ltr'><strong>instar</strong></span> <span class='ocrx_word' id='word_1_407' title='bbox 1971 3807 2128 3862; x_wconf 85' lang='lat' dir='ltr'><strong>licia-</strong></span> 
     </span>
    </p>
   </div>
   <div class='ocr_carea' id='block_1_55' title="bbox 550 3897 2124 3971">
    <p class='ocr_par' dir='ltr' id='par_1_55' title="bbox 550 3897 2124 3971">
     <span class='ocr_line' id='line_1_55' title="bbox 550 3897 2124 3971; baseline 0.004 -22"><span class='ocrx_word' id='word_1_408' title='bbox 550 3897 678 3950; x_wconf 91' lang='lat' dir='ltr'><strong>torii</strong></span> <span class='ocrx_word' id='word_1_409' title='bbox 704 3897 1002 3952; x_wconf 64' lang='lat' dir='ltr'><strong>terentium</strong></span> <span class='ocrx_word' id='word_1_410' title='bbox 1019 3907 1135 3952; x_wconf 89' lang='lat' dir='ltr'><strong>erat</strong></span> <span class='ocrx_word' id='word_1_411' title='bbox 1160 3917 1173 3953; x_wconf 88' lang='lat'><strong>:</strong></span> <span class='ocrx_word' id='word_1_412' title='bbox 1203 3898 1304 3954; x_wconf 82' lang='lat' dir='ltr'><strong>fuit</strong></span> <span class='ocrx_word' id='word_1_413' title='bbox 1322 3909 1502 3955; x_wconf 91' lang='lat' dir='ltr'><strong>autem</strong></span> <span class='ocrx_word' id='word_1_414' title='bbox 1521 3909 1576 3954; x_wconf 88' lang='lat' dir='ltr'><strong>et</strong></span> <span class='ocrx_word' id='word_1_415' title='bbox 1606 3899 1722 3970; x_wconf 90' lang='lat' dir='ltr'><strong>ipse</strong></span> <span class='ocrx_word' id='word_1_416' title='bbox 1747 3899 1890 3956; x_wconf 90' lang='lat' dir='ltr'><strong>ﬁlius</strong></span> <span class='ocrx_word' id='word_1_417' title='bbox 1915 3899 2124 3971; x_wconf 81' lang='lat' dir='ltr'><strong>Rapha.</strong></span> 
     </span>
    </p>
   </div>
   <div class='ocr_carea' id='block_1_56' title="bbox 548 3984 2130 4062">
    <p class='ocr_par' dir='ltr' id='par_1_56' title="bbox 548 3984 2130 4062">
     <span class='ocr_line' id='line_1_56' title="bbox 548 3984 2130 4062; baseline 0.003 -20"><span class='ocrx_word' id='word_1_418' title='bbox 548 3984 823 4042; x_wconf 77' lang='lat' dir='ltr'><strong>Jonathan</strong></span> <span class='ocrx_word' id='word_1_419' title='bbox 854 3989 999 4044; x_wconf 90' lang='lat' dir='ltr'><strong>ﬁlius</strong></span> <span class='ocrx_word' id='word_1_420' title='bbox 1033 3988 1241 4046; x_wconf 89' lang='lat' dir='ltr'><strong>Semesi</strong></span> <span class='ocrx_word' id='word_1_421' title='bbox 1274 3990 1459 4047; x_wconf 77' lang='lat' dir='ltr'><strong>fratris</strong></span> <span class='ocrx_word' id='word_1_422' title='bbox 1493 3989 1695 4058; x_wconf 87' lang='lat' dir='ltr'><strong>David;</strong></span> <span class='ocrx_word' id='word_1_423' title='bbox 1724 3991 1826 4046; x_wconf 90' lang='lat' dir='ltr'><strong>iste</strong></span> <span class='ocrx_word' id='word_1_424' title='bbox 1857 3993 2130 4062; x_wconf 88' lang='lat' dir='ltr'><strong>percussit</strong></span> 
     </span>
    </p>
   </div>
   <div class='ocr_carea' id='block_1_57' title="bbox 549 4079 2131 4152">
    <p class='ocr_par' dir='ltr' id='par_1_57' title="bbox 549 4079 2131 4152">
     <span class='ocr_line' id='line_1_57' title="bbox 549 4079 2131 4152; baseline 0.003 -19"><span class='ocrx_word' id='word_1_425' title='bbox 549 4079 729 4134; x_wconf 89' lang='lat' dir='ltr'><strong>virum</strong></span> <span class='ocrx_word' id='word_1_426' title='bbox 757 4081 1048 4149; x_wconf 87' lang='lat' dir='ltr'><strong>quemdam</strong></span> <span class='ocrx_word' id='word_1_427' title='bbox 1080 4082 1148 4134; x_wconf 90' lang='lat' dir='ltr'><strong>de</strong></span> <span class='ocrx_word' id='word_1_428' title='bbox 1177 4080 1481 4146; x_wconf 81' lang='lat' dir='ltr'><strong>Ramedon,</strong></span> <span class='ocrx_word' id='word_1_429' title='bbox 1512 4082 1607 4152; x_wconf 87' lang='lat' dir='ltr'><strong>qui</strong></span> <span class='ocrx_word' id='word_1_430' title='bbox 1633 4080 1821 4137; x_wconf 87' lang='lat' dir='ltr'><strong>lsraeli</strong></span> <span class='ocrx_word' id='word_1_431' title='bbox 1851 4084 2131 4138; x_wconf 89' lang='lat' dir='ltr'><strong>convicia-</strong></span> 
     </span>
    </p>
   </div>
   <div class='ocr_carea' id='block_1_58' title="bbox 551 4170 2126 4240">
    <p class='ocr_par' dir='ltr' id='par_1_58' title="bbox 551 4170 2126 4240">
     <span class='ocr_line' id='line_1_58' title="bbox 551 4170 2126 4240; baseline 0.004 -17"><span class='ocrx_word' id='word_1_432' title='bbox 551 4178 643 4226; x_wconf 89' lang='lat' dir='ltr'><strong>tus</strong></span> <span class='ocrx_word' id='word_1_433' title='bbox 675 4170 873 4237; x_wconf 80' lang='lat' dir='ltr'><strong>fuerat,</strong></span> <span class='ocrx_word' id='word_1_434' title='bbox 903 4179 958 4225; x_wconf 91' lang='lat' dir='ltr'><strong>et</strong></span> <span class='ocrx_word' id='word_1_435' title='bbox 991 4186 1154 4226; x_wconf 90' lang='lat' dir='ltr'><strong>senos</strong></span> <span class='ocrx_word' id='word_1_436' title='bbox 1185 4170 1385 4240; x_wconf 83' lang='lat' dir='ltr'><strong>digitos</strong></span> <span class='ocrx_word' id='word_1_437' title='bbox 1421 4171 1475 4225; x_wconf 93' lang='lat' dir='ltr'><strong>in</strong></span> <span class='ocrx_word' id='word_1_438' title='bbox 1525 4171 1781 4226; x_wconf 87' lang='lat' dir='ltr'><strong>manibus</strong></span> <span class='ocrx_word' id='word_1_439' title='bbox 1811 4187 1874 4226; x_wconf 90' lang='lat' dir='ltr'><strong>ac</strong></span> <span class='ocrx_word' id='word_1_440' title='bbox 1906 4174 2126 4228; x_wconf 90' lang='lat' dir='ltr'><strong>totidem</strong></span> 
     </span>
    </p>
   </div>
   <div class='ocr_carea' id='block_1_59' title="bbox 552 4258 2130 4334">
    <p class='ocr_par' dir='ltr' id='par_1_59' title="bbox 552 4258 2130 4334">
     <span class='ocr_line' id='line_1_59' title="bbox 552 4258 2130 4334; baseline 0.003 -21"><span class='ocrx_word' id='word_1_441' title='bbox 552 4259 868 4314; x_wconf 87' lang='lat' dir='ltr'><strong>habebatin</strong></span> <span class='ocrx_word' id='word_1_442' title='bbox 904 4258 1152 4328; x_wconf 86' lang='lat' dir='ltr'><strong>pedibus.</strong></span> <span class='ocrx_word' id='word_1_443' title='bbox 1185 4267 1239 4315; x_wconf 91' lang='lat' dir='ltr'><strong>et</strong></span> <span class='ocrx_word' id='word_1_444' title='bbox 1278 4260 1394 4330; x_wconf 90' lang='lat' dir='ltr'><strong>ipse</strong></span> <span class='ocrx_word' id='word_1_445' title='bbox 1427 4261 1569 4317; x_wconf 91' lang='lat' dir='ltr'><strong>ﬁlius</strong></span> <span class='ocrx_word' id='word_1_446' title='bbox 1605 4261 1813 4332; x_wconf 84' lang='lat' dir='ltr'><strong>Rapha,</strong></span> <span class='ocrx_word' id='word_1_447' title='bbox 1847 4278 1914 4318; x_wconf 80' lang='lat' dir='ltr'><strong>ex</strong></span> <span class='ocrx_word' id='word_1_448' title='bbox 1941 4263 2130 4334; x_wconf 86' lang='lat' dir='ltr'><strong>gigan-</strong></span> 
     </span>
    </p>
   </div>
   <div class='ocr_carea' id='block_1_60' title="bbox 549 4350 2130 4419">
    <p class='ocr_par' dir='ltr' id='par_1_60' title="bbox 549 4350 2130 4419">
     <span class='ocr_line' id='line_1_60' title="bbox 549 4350 2130 4419; baseline 0.003 -14"><span class='ocrx_word' id='word_1_449' title='bbox 549 4352 701 4406; x_wconf 86' lang='lat' dir='ltr'><strong>tibus</strong></span> <span class='ocrx_word' id='word_1_450' title='bbox 727 4351 859 4405; x_wconf 88' lang='lat' dir='ltr'><strong>nati.</strong></span> <span class='ocrx_word' id='word_1_451' title='bbox 883 4350 1097 4405; x_wconf 81' lang='lat' dir='ltr'><strong>Adinon</strong></span> <span class='ocrx_word' id='word_1_452' title='bbox 1125 4351 1388 4406; x_wconf 71' lang='lat' dir='ltr'><strong>Asonzeus</strong></span> <span class='ocrx_word' id='word_1_453' title='bbox 1411 4369 1427 4419; x_wconf 90' lang='lat'><strong>;</strong></span> <span class='ocrx_word' id='word_1_454' title='bbox 1460 4352 1547 4406; x_wconf 89' lang='lat' dir='ltr'><strong>hic</strong></span> <span class='ocrx_word' id='word_1_455' title='bbox 1574 4352 1832 4407; x_wconf 75' lang='lat' dir='ltr'><strong>frameam</strong></span> <span class='ocrx_word' id='word_1_456' title='bbox 1861 4369 2015 4408; x_wconf 88' lang='lat' dir='ltr'><strong>suam</strong></span> <span class='ocrx_word' id='word_1_457' title='bbox 2040 4355 2130 4410; x_wconf 87' lang='lat' dir='ltr'><strong>ad-</strong></span> 
     </span>
    </p>
   </div>
   <div class='ocr_carea' id='block_1_61' title="bbox 550 4443 2130 4516">
    <p class='ocr_par' dir='ltr' id='par_1_61' title="bbox 550 4443 2130 4516">
     <span class='ocr_line' id='line_1_61' title="bbox 550 4443 2130 4516; baseline 0.003 -18"><span class='ocrx_word' id='word_1_458' title='bbox 550 4458 746 4499; x_wconf 84' lang='lat' dir='ltr'><strong>versus</strong></span> <span class='ocrx_word' id='word_1_459' title='bbox 771 4443 1116 4512; x_wconf 85' lang='lat' dir='ltr'><strong>octingentos</strong></span> <span class='ocrx_word' id='word_1_460' title='bbox 1160 4443 1360 4498; x_wconf 89' lang='lat' dir='ltr'><strong>milites</strong></span> <span class='ocrx_word' id='word_1_461' title='bbox 1408 4444 1572 4499; x_wconf 86' lang='lat' dir='ltr'><strong>simul</strong></span> <span class='ocrx_word' id='word_1_462' title='bbox 1604 4454 1964 4516; x_wconf 82' lang='lat' dir='ltr'><strong>congregatos</strong></span> <span class='ocrx_word' id='word_1_463' title='bbox 1996 4446 2130 4502; x_wconf 88' lang='lat' dir='ltr'><strong>edu-</strong></span> 
     </span>
    </p>
   </div>
   <div class='ocr_carea' id='block_1_62' title="bbox 551 4533 2127 4603">
    <p class='ocr_par' dir='ltr' id='par_1_62' title="bbox 551 4533 2127 4603">
     <span class='ocr_line' id='line_1_62' title="bbox 551 4533 2127 4603; baseline 0.003 -15"><span class='ocrx_word' id='word_1_464' title='bbox 551 4535 670 4600; x_wconf 83' lang='lat' dir='ltr'><strong>xit;</strong></span> <span class='ocrx_word' id='word_1_465' title='bbox 708 4533 1016 4589; x_wconf 67' lang='lat' dir='ltr'><strong>Jessaabada</strong></span> <span class='ocrx_word' id='word_1_466' title='bbox 1044 4574 1058 4597; x_wconf 95' lang='lat'><strong>,</strong></span> <span class='ocrx_word' id='word_1_467' title='bbox 1113 4534 1258 4590; x_wconf 87' lang='lat' dir='ltr'><strong>ﬁlius</strong></span> <span class='ocrx_word' id='word_1_468' title='bbox 1304 4535 1759 4603; x_wconf 48' lang='lat' dir='ltr'><strong>Acharnaueuet</strong></span> <span class='ocrx_word' id='word_1_469' title='bbox 1810 4539 1913 4592; x_wconf 91' lang='lat' dir='ltr'><strong>iste</strong></span> <span class='ocrx_word' id='word_1_470' title='bbox 1941 4535 2127 4592; x_wconf 85' lang='lat' dir='ltr'><strong>ensem</strong></span> 
     </span>
    </p>
   </div>
   <div class='ocr_carea' id='block_1_63' title="bbox 2227 2057 3818 2132">
    <p class='ocr_par' dir='ltr' id='par_1_63' title="bbox 2227 2057 3818 2132">
     <span class='ocr_line' id='line_1_63' title="bbox 2227 2057 3818 2132; baseline 0.003 -21"><span class='ocrx_word' id='word_1_471' title='bbox 2227 2057 2558 2130; x_wconf 88' lang='grc' dir='ltr'>λεμούμενος</span> <span class='ocrx_word' id='word_1_472' title='bbox 2589 2060 2848 2131; x_wconf 81' lang='grc' dir='ltr'>ἐζήτησεν</span> <span class='ocrx_word' id='word_1_473' title='bbox 2891 2059 3376 2131; x_wconf 83' lang='grc' dir='ltr'>ἐγγαστριμύθους,</span> <span class='ocrx_word' id='word_1_474' title='bbox 3414 2061 3506 2114; x_wconf 76' lang='grc' dir='ltr'>καὶ</span> <span class='ocrx_word' id='word_1_475' title='bbox 3530 2065 3596 2132; x_wconf 83' lang='grc' dir='ltr'>τῇ</span> <span class='ocrx_word' id='word_1_476' title='bbox 3645 2061 3818 2118; x_wconf 77' lang='grc' dir='ltr'>ἐπαύ·</span> 
     </span>
    </p>
   </div>
   <div class='ocr_carea' id='block_1_64' title="bbox 2231 2151 3814 2225">
    <p class='ocr_par' dir='ltr' id='par_1_64' title="bbox 2231 2151 3814 2225">
     <span class='ocr_line' id='line_1_64' title="bbox 2231 2151 3814 2225; baseline 0.002 -21"><span class='ocrx_word' id='word_1_477' title='bbox 2231 2167 2342 2225; x_wconf 91' lang='grc' dir='ltr'>ριον</span> <span class='ocrx_word' id='word_1_478' title='bbox 2372 2151 2674 2222; x_wconf 80' lang='grc' dir='ltr'>ἀναιρεθεὶς</span> <span class='ocrx_word' id='word_1_479' title='bbox 2705 2151 2964 2205; x_wconf 87' lang='grc' dir='ltr'>ἀπέθανε.</span> <span class='ocrx_word' id='word_1_480' title='bbox 2991 2153 3172 2204; x_wconf 78' lang='grc' dir='ltr'>Καὶέν</span> <span class='ocrx_word' id='word_1_481' title='bbox 3193 2151 3364 2223; x_wconf 84' lang='grc' dir='ltr'>τούτῳ</span> <span class='ocrx_word' id='word_1_482' title='bbox 3396 2153 3814 2224; x_wconf 75' lang='grc' dir='ltr'>συμπληροῦται</span> 
     </span>
    </p>
   </div>
   <div class='ocr_carea' id='block_1_65' title="bbox 2226 2239 3179 2313">
    <p class='ocr_par' dir='ltr' id='par_1_65' title="bbox 2226 2239 3179 2313">
     <span class='ocr_line' id='line_1_65' title="bbox 2226 2239 3179 2313; baseline 0.004 -20"><span class='ocrx_word' id='word_1_483' title='bbox 2226 2243 2260 2311; x_wconf 81' lang='grc' dir='ltr'><strong>ἡ</strong></span> <span class='ocrx_word' id='word_1_484' title='bbox 2296 2239 2482 2313; x_wconf 83' lang='grc' dir='ltr'>πρώτη</span> <span class='ocrx_word' id='word_1_485' title='bbox 2517 2240 2697 2311; x_wconf 80' lang='grc' dir='ltr'>βίϐλος</span> <span class='ocrx_word' id='word_1_486' title='bbox 2722 2243 2829 2295; x_wconf 84' lang='grc' dir='ltr'><strong>τῶν</strong></span> <span class='ocrx_word' id='word_1_487' title='bbox 2865 2241 3179 2298; x_wconf 86' lang='grc' dir='ltr'>Βασιλειῶν.</span> 
     </span>
    </p>
   </div>
   <div class='ocr_carea' id='block_1_66' title="bbox 2300 2333 3816 2407">
    <p class='ocr_par' dir='ltr' id='par_1_66' title="bbox 2300 2333 3816 2407">
     <span class='ocr_line' id='line_1_66' title="bbox 2300 2333 3816 2407; baseline 0.003 -21"><span class='ocrx_word' id='word_1_488' title='bbox 2300 2333 2390 2386; x_wconf 74' lang='grc' dir='ltr'>Η.</span> <span class='ocrx_word' id='word_1_489' title='bbox 2433 2333 2521 2386; x_wconf 88' lang='grc' dir='ltr'><strong>Ἐν</strong></span> <span class='ocrx_word' id='word_1_490' title='bbox 2564 2334 2620 2388; x_wconf 81' lang='grc' dir='ltr'>δὲ</span> <span class='ocrx_word' id='word_1_491' title='bbox 2656 2336 2721 2404; x_wconf 81' lang='grc' dir='ltr'>τῇ</span> <span class='ocrx_word' id='word_1_492' title='bbox 2754 2333 2985 2406; x_wconf 80' lang='grc' dir='ltr'><strong>δευτέρᾳ</strong></span> <span class='ocrx_word' id='word_1_493' title='bbox 3015 2333 3176 2388; x_wconf 88' lang='grc' dir='ltr'>πάλιν</span> <span class='ocrx_word' id='word_1_494' title='bbox 3207 2334 3368 2388; x_wconf 69' lang='grc' dir='ltr'>Δαϐὶδ</span> <span class='ocrx_word' id='word_1_495' title='bbox 3413 2335 3688 2402; x_wconf 82' lang='grc' dir='ltr'>διεδέξατο</span> <span class='ocrx_word' id='word_1_496' title='bbox 3714 2335 3816 2407; x_wconf 75' lang='grc' dir='ltr'>τὴν</span> 
     </span>
    </p>
   </div>
   <div class='ocr_carea' id='block_1_67' title="bbox 2231 2425 3816 2499">
    <p class='ocr_par' dir='ltr' id='par_1_67' title="bbox 2231 2425 3816 2499">
     <span class='ocr_line' id='line_1_67' title="bbox 2231 2425 3816 2499; baseline 0.002 -21"><span class='ocrx_word' id='word_1_497' title='bbox 2231 2425 2526 2496; x_wconf 83' lang='grc' dir='ltr'>βασιλείαν·</span> <span class='ocrx_word' id='word_1_498' title='bbox 2556 2425 2665 2479; x_wconf 77' lang='grc' dir='ltr'>Καὶ</span> <span class='ocrx_word' id='word_1_499' title='bbox 2698 2426 2816 2478; x_wconf 81' lang='grc' dir='ltr'>κατ’</span> <span class='ocrx_word' id='word_1_500' title='bbox 2848 2425 3025 2497; x_wconf 83' lang='grc' dir='ltr'>ἀρχὰς</span> <span class='ocrx_word' id='word_1_501' title='bbox 3055 2425 3154 2496; x_wconf 88' lang='grc' dir='ltr'>μὲν</span> <span class='ocrx_word' id='word_1_502' title='bbox 3192 2428 3220 2480; x_wconf 90' lang='lat'><strong>6</strong></span> <span class='ocrx_word' id='word_1_503' title='bbox 3252 2427 3364 2490; x_wconf 81' lang='grc' dir='ltr'>υίὸς</span> <span class='ocrx_word' id='word_1_504' title='bbox 3391 2428 3562 2482; x_wconf 79' lang='grc' dir='ltr'>Σαοὺλ</span> <span class='ocrx_word' id='word_1_505' title='bbox 3589 2430 3816 2499; x_wconf 74' lang='grc' dir='ltr'>Μεμφιο</span> 
     </span>
    </p>
   </div>
   <div class='ocr_carea' id='block_1_68' title="bbox 2231 2514 3814 2589">
    <p class='ocr_par' dir='ltr' id='par_1_68' title="bbox 2231 2514 3814 2589">
     <span class='ocr_line' id='line_1_68' title="bbox 2231 2514 3814 2589; baseline 0.003 -23"><span class='ocrx_word' id='word_1_506' title='bbox 2231 2514 2389 2568; x_wconf 79' lang='grc' dir='ltr'>ϐοσὲθ</span> <span class='ocrx_word' id='word_1_507' title='bbox 2427 2514 2502 2585; x_wconf 88' lang='grc'><strong>(8)</strong></span> <span class='ocrx_word' id='word_1_508' title='bbox 2536 2515 2892 2584; x_wconf 88' lang='grc' dir='ltr'>ἐφιλονείκει,</span> <span class='ocrx_word' id='word_1_509' title='bbox 2929 2515 3098 2570; x_wconf 81' lang='grc' dir='ltr'>θέλων</span> <span class='ocrx_word' id='word_1_510' title='bbox 3134 2515 3434 2586; x_wconf 80' lang='grc' dir='ltr'>βασιλεύειν</span> <span class='ocrx_word' id='word_1_511' title='bbox 3455 2535 3468 2548; x_wconf 88' lang='grc'><strong>·</strong></span> <span class='ocrx_word' id='word_1_512' title='bbox 3503 2517 3731 2589; x_wconf 78' lang='grc' dir='ltr'>ὕστερον</span> <span class='ocrx_word' id='word_1_513' title='bbox 3759 2519 3814 2571; x_wconf 84' lang='grc' dir='ltr'><strong>δέ</strong></span> 
     </span>
    </p>
   </div>
   <div class='ocr_carea' id='block_1_69' title="bbox 2231 2604 3814 2678">
    <p class='ocr_par' dir='ltr' id='par_1_69' title="bbox 2231 2604 3814 2678">
     <span class='ocr_line' id='line_1_69' title="bbox 2231 2604 3814 2678; baseline 0.003 -22"><span class='ocrx_word' id='word_1_514' title='bbox 2231 2604 2432 2666; x_wconf 87' lang='grc' dir='ltr'>πάντες</span> <span class='ocrx_word' id='word_1_515' title='bbox 2465 2605 2868 2678; x_wconf 84' lang='grc' dir='ltr'><strong>προσετέθησαν</strong></span> <span class='ocrx_word' id='word_1_516' title='bbox 2896 2605 2974 2677; x_wconf 85' lang='grc' dir='ltr'>τῷ</span> <span class='ocrx_word' id='word_1_517' title='bbox 3013 2607 3196 2660; x_wconf 75' lang='grc' dir='ltr'>Δαϐίδ.</span> <span class='ocrx_word' id='word_1_518' title='bbox 3230 2608 3445 2671; x_wconf 82' lang='grc' dir='ltr'>Πάντας</span> <span class='ocrx_word' id='word_1_519' title='bbox 3470 2608 3525 2660; x_wconf 86' lang='grc' dir='ltr'><strong>δέ</strong></span> <span class='ocrx_word' id='word_1_520' title='bbox 3557 2610 3682 2671; x_wconf 77' lang='grc' dir='ltr'>τοὺς</span> <span class='ocrx_word' id='word_1_521' title='bbox 3717 2625 3814 2661; x_wconf 84' lang='grc' dir='ltr'>πο-</span> 
     </span>
    </p>
   </div>
   <div class='ocr_carea' id='block_1_70' title="bbox 2230 2694 3816 2772">
    <p class='ocr_par' dir='ltr' id='par_1_70' title="bbox 2230 2694 3816 2772">
     <span class='ocr_line' id='line_1_70' title="bbox 2230 2694 3816 2772; baseline 0.004 -25"><span class='ocrx_word' id='word_1_522' title='bbox 2230 2694 2427 2765; x_wconf 88' lang='grc' dir='ltr'>λέμους</span> <span class='ocrx_word' id='word_1_523' title='bbox 2460 2697 2804 2767; x_wconf 81' lang='grc' dir='ltr'>περιεγένετο</span> <span class='ocrx_word' id='word_1_524' title='bbox 2834 2700 3017 2754; x_wconf 76' lang='grc' dir='ltr'>Δαϐίδ.</span> <span class='ocrx_word' id='word_1_525' title='bbox 3054 2699 3164 2771; x_wconf 79' lang='grc' dir='ltr'><strong>Τὴν</strong></span> <span class='ocrx_word' id='word_1_526' title='bbox 3198 2699 3296 2770; x_wconf 82' lang='grc' dir='ltr'><strong>μὲν</strong></span> <span class='ocrx_word' id='word_1_527' title='bbox 3341 2699 3434 2752; x_wconf 80' lang='grc' dir='ltr'><strong>τοῦ</strong></span> <span class='ocrx_word' id='word_1_528' title='bbox 3477 2701 3672 2772; x_wconf 81' lang='grc' dir='ltr'>Ούρίου</span> <span class='ocrx_word' id='word_1_529' title='bbox 3715 2717 3816 2769; x_wconf 74' lang='grc' dir='ltr'>γυ-</span> 
     </span>
    </p>
   </div>
   <div class='ocr_carea' id='block_1_71' title="bbox 2231 2788 3813 2861">
    <p class='ocr_par' dir='ltr' id='par_1_71' title="bbox 2231 2788 3813 2861">
     <span class='ocr_line' id='line_1_71' title="bbox 2231 2788 3813 2861; baseline 0.003 -19"><span class='ocrx_word' id='word_1_530' title='bbox 2231 2790 2392 2842; x_wconf 85' lang='grc' dir='ltr'>ναῖκα</span> <span class='ocrx_word' id='word_1_531' title='bbox 2422 2788 2520 2859; x_wconf 83' lang='grc' dir='ltr'><strong>τὴν</strong></span> <span class='ocrx_word' id='word_1_532' title='bbox 2550 2790 2829 2861; x_wconf 84' lang='grc' dir='ltr'>Βηρσαὸεέ</span> <span class='ocrx_word' id='word_1_533' title='bbox 2863 2791 3053 2845; x_wconf 76' lang='grc' dir='ltr'>ἐλαϐεν</span> <span class='ocrx_word' id='word_1_534' title='bbox 3079 2809 3093 2824; x_wconf 76' lang='grc' dir='ltr'><strong>ο</strong></span> <span class='ocrx_word' id='word_1_535' title='bbox 3121 2794 3150 2845; x_wconf 93' lang='lat'><strong>6</strong></span> <span class='ocrx_word' id='word_1_536' title='bbox 3181 2791 3238 2845; x_wconf 83' lang='grc' dir='ltr'>δὲ</span> <span class='ocrx_word' id='word_1_537' title='bbox 3285 2792 3402 2856; x_wconf 85' lang='grc' dir='ltr'><strong>υἱὸς</strong></span> <span class='ocrx_word' id='word_1_538' title='bbox 3447 2793 3611 2846; x_wconf 80' lang='grc' dir='ltr'>αὑτοῦ</span> <span class='ocrx_word' id='word_1_539' title='bbox 3658 2793 3813 2846; x_wconf 75' lang='grc' dir='ltr'><strong>Ἀϐε-</strong></span> 
     </span>
    </p>
   </div>
   <div class='ocr_carea' id='block_1_72' title="bbox 2233 2879 3812 2954">
    <p class='ocr_par' dir='ltr' id='par_1_72' title="bbox 2233 2879 3812 2954">
     <span class='ocr_line' id='line_1_72' title="bbox 2233 2879 3812 2954; baseline 0.003 -22"><span class='ocrx_word' id='word_1_540' title='bbox 2233 2879 2425 2950; x_wconf 89' lang='grc' dir='ltr'>σαλὼμ</span> <span class='ocrx_word' id='word_1_541' title='bbox 2464 2879 2676 2947; x_wconf 77' lang='grc' dir='ltr'>ἐδίωξεν</span> <span class='ocrx_word' id='word_1_542' title='bbox 2724 2883 2903 2948; x_wconf 77' lang='grc' dir='ltr'>αὐτὸν,</span> <span class='ocrx_word' id='word_1_543' title='bbox 2939 2884 3031 2936; x_wconf 62' lang='grc' dir='ltr'><strong>καὶ⁵</strong></span> <span class='ocrx_word' id='word_1_544' title='bbox 3068 2883 3184 2954; x_wconf 87' lang='grc' dir='ltr'>μετ’</span> <span class='ocrx_word' id='word_1_545' title='bbox 3238 2885 3298 2936; x_wconf 89' lang='grc' dir='ltr'>οὐ</span> <span class='ocrx_word' id='word_1_546' title='bbox 3338 2884 3472 2937; x_wconf 81' lang='grc' dir='ltr'>πολὺ</span> <span class='ocrx_word' id='word_1_547' title='bbox 3518 2884 3812 2949; x_wconf 81' lang='grc' dir='ltr'>συστάντος</span> 
     </span>
    </p>
   </div>
   <div class='ocr_carea' id='block_1_73' title="bbox 2233 2969 3812 3046">
    <p class='ocr_par' dir='ltr' id='par_1_73' title="bbox 2233 2969 3812 3046">
     <span class='ocr_line' id='line_1_73' title="bbox 2233 2969 3812 3046; baseline 0.003 -22"><span class='ocrx_word' id='word_1_548' title='bbox 2233 2969 2492 3040; x_wconf 89' lang='grc' dir='ltr'>πολέμου,</span> <span class='ocrx_word' id='word_1_549' title='bbox 2519 2970 2756 3043; x_wconf 80' lang='grc' dir='ltr'>ἀνῃρέθη</span> <span class='ocrx_word' id='word_1_550' title='bbox 2789 2973 2817 3024; x_wconf 91' lang='lat'><strong>6</strong></span> <span class='ocrx_word' id='word_1_551' title='bbox 2865 2972 3202 3044; x_wconf 80' lang='grc' dir='ltr'>Ἀὁεσαλὼμ.</span> <span class='ocrx_word' id='word_1_552' title='bbox 3236 2970 3370 3028; x_wconf 82' lang='grc' dir='ltr'>Εἶτα</span> <span class='ocrx_word' id='word_1_553' title='bbox 3409 2974 3499 3028; x_wconf 84' lang='grc' dir='ltr'><strong>τὸν</strong></span> <span class='ocrx_word' id='word_1_554' title='bbox 3532 2974 3663 3028; x_wconf 75' lang='grc' dir='ltr'>λαὸν</span> <span class='ocrx_word' id='word_1_555' title='bbox 3691 2976 3812 3046; x_wconf 90' lang='grc' dir='ltr'>ἀρι-</span> 
     </span>
    </p>
   </div>
   <div class='ocr_carea' id='block_1_74' title="bbox 2233 3059 3810 3140">
    <p class='ocr_par' dir='ltr' id='par_1_74' title="bbox 2233 3059 3810 3140">
     <span class='ocr_line' id='line_1_74' title="bbox 2233 3059 3810 3140; baseline 0.004 -28"><span class='ocrx_word' id='word_1_556' title='bbox 2233 3059 2482 3140; x_wconf 60' lang='grc' dir='ltr'>θμήσας,</span> <span class='ocrx_word' id='word_1_557' title='bbox 2514 3062 2802 3134; x_wconf 85' lang='grc' dir='ltr'>κεκίνηκεν</span> <span class='ocrx_word' id='word_1_558' title='bbox 2845 3063 3013 3135; x_wconf 83' lang='grc' dir='ltr'>ὀργὴν</span> <span class='ocrx_word' id='word_1_559' title='bbox 3062 3063 3211 3117; x_wconf 86' lang='grc' dir='ltr'>θείαν</span> <span class='ocrx_word' id='word_1_560' title='bbox 3241 3064 3360 3117; x_wconf 80' lang='grc' dir='ltr'>καθ’</span> <span class='ocrx_word' id='word_1_561' title='bbox 3387 3065 3600 3120; x_wconf 80' lang='grc' dir='ltr'>ἑαυτοῦ.</span> <span class='ocrx_word' id='word_1_562' title='bbox 3649 3065 3810 3119; x_wconf 82' lang='grc' dir='ltr'>Ἀλλά</span> 
     </span>
    </p>
   </div>
   <div class='ocr_carea' id='block_1_75' title="bbox 2236 3153 3808 3230">
    <p class='ocr_par' dir='ltr' id='par_1_75' title="bbox 2236 3153 3808 3230">
     <span class='ocr_line' id='line_1_75' title="bbox 2236 3153 3808 3230; baseline 0.004 -24"><span class='ocrx_word' id='word_1_563' title='bbox 2236 3153 2372 3225; x_wconf 84' lang='grc' dir='ltr'><strong>μετά</strong></span> <span class='ocrx_word' id='word_1_564' title='bbox 2407 3153 2601 3222; x_wconf 81' lang='grc' dir='ltr'>ταῦτα,</span> <span class='ocrx_word' id='word_1_565' title='bbox 2638 3155 3076 3228; x_wconf 85' lang='grc' dir='ltr'>παρακληθέντος</span> <span class='ocrx_word' id='word_1_566' title='bbox 3103 3157 3195 3210; x_wconf 80' lang='grc' dir='ltr'>τοῦ</span> <span class='ocrx_word' id='word_1_567' title='bbox 3230 3157 3388 3222; x_wconf 82' lang='grc' dir='ltr'>Θεοῦ,</span> <span class='ocrx_word' id='word_1_568' title='bbox 3415 3160 3448 3229; x_wconf 85' lang='grc' dir='ltr'>ἡ</span> <span class='ocrx_word' id='word_1_569' title='bbox 3478 3159 3614 3230; x_wconf 79' lang='grc' dir='ltr'>ὀργὴ</span> <span class='ocrx_word' id='word_1_570' title='bbox 3637 3159 3808 3213; x_wconf 82' lang='grc' dir='ltr'>ἐπαύ-</span> 
     </span>
    </p>
   </div>
   <div class='ocr_carea' id='block_1_76' title="bbox 2235 3245 3809 3322">
    <p class='ocr_par' dir='ltr' id='par_1_76' title="bbox 2235 3245 3809 3322">
     <span class='ocr_line' id='line_1_76' title="bbox 2235 3245 3809 3322; baseline 0.004 -23"><span class='ocrx_word' id='word_1_571' title='bbox 2235 3245 2323 3318; x_wconf 88' lang='grc' dir='ltr'><strong>θη.</strong></span> <span class='ocrx_word' id='word_1_572' title='bbox 2347 3247 2456 3300; x_wconf 59' lang='lat' dir='ltr'><strong>Kal</strong></span> <span class='ocrx_word' id='word_1_573' title='bbox 2485 3249 2564 3310; x_wconf 84' lang='grc' dir='ltr'><strong>είς</strong></span> <span class='ocrx_word' id='word_1_574' title='bbox 2592 3246 2751 3300; x_wconf 82' lang='grc' dir='ltr'>τοῦτο</span> <span class='ocrx_word' id='word_1_575' title='bbox 2774 3248 2927 3319; x_wconf 80' lang='grc' dir='ltr'>λήγει</span> <span class='ocrx_word' id='word_1_576' title='bbox 2956 3249 3051 3302; x_wconf 69' lang='grc' dir='ltr'><strong>καὶ</strong></span> <span class='ocrx_word' id='word_1_577' title='bbox 3078 3250 3138 3304; x_wconf 83' lang='grc' dir='ltr'><strong>τὸ</strong></span> <span class='ocrx_word' id='word_1_578' title='bbox 3179 3250 3429 3322; x_wconf 85' lang='grc' dir='ltr'>δεύτερον</span> <span class='ocrx_word' id='word_1_579' title='bbox 3466 3250 3670 3320; x_wconf 74' lang='grc' dir='ltr'>βιϐλίον</span> <span class='ocrx_word' id='word_1_580' title='bbox 3702 3252 3809 3306; x_wconf 82' lang='grc' dir='ltr'>τῶν</span> 
     </span>
    </p>
   </div>
   <div class='ocr_carea' id='block_1_77' title="bbox 2231 3336 3807 3414">
    <p class='ocr_par' dir='ltr' id='par_1_77' title="bbox 2231 3336 3807 3414">
     <span class='ocr_line' id='line_1_77' title="bbox 2231 3336 3807 3414; baseline 0.006 -25"><span class='ocrx_word' id='word_1_581' title='bbox 2231 3336 2540 3402; x_wconf 83' lang='grc' dir='ltr'>Βασιλειῶν,</span> <span class='ocrx_word' id='word_1_582' title='bbox 2587 3339 2928 3410; x_wconf 82' lang='grc' dir='ltr'>γηράσαντος</span> <span class='ocrx_word' id='word_1_583' title='bbox 2954 3340 3049 3394; x_wconf 83' lang='grc' dir='ltr'>τοῦ</span> <span class='ocrx_word' id='word_1_584' title='bbox 3080 3340 3262 3394; x_wconf 78' lang='grc' dir='ltr'>Δαϐίδ.</span> <span class='ocrx_word' id='word_1_585' title='bbox 3300 3342 3568 3404; x_wconf 75' lang='grc' dir='ltr'>Δυνατοὺς</span> <span class='ocrx_word' id='word_1_586' title='bbox 3611 3342 3670 3396; x_wconf 86' lang='grc' dir='ltr'><strong>δέ</strong></span> <span class='ocrx_word' id='word_1_587' title='bbox 3716 3344 3807 3414; x_wconf 74' lang='grc' dir='ltr'>ὑφ’</span> 
     </span>
    </p>
   </div>
   <div class='ocr_carea' id='block_1_78' title="bbox 2230 3430 3805 3505">
    <p class='ocr_par' dir='ltr' id='par_1_78' title="bbox 2230 3430 3805 3505">
     <span class='ocr_line' id='line_1_78' title="bbox 2230 3430 3805 3505; baseline 0.003 -20"><span class='ocrx_word' id='word_1_588' title='bbox 2230 3431 2418 3485; x_wconf 84' lang='grc' dir='ltr'>ἐαυτὸν</span> <span class='ocrx_word' id='word_1_589' title='bbox 2475 3430 2630 3502; x_wconf 78' lang='grc' dir='ltr'>ἔσχεν</span> <span class='ocrx_word' id='word_1_590' title='bbox 2679 3435 2708 3486; x_wconf 90' lang='lat'><strong>6</strong></span> <span class='ocrx_word' id='word_1_591' title='bbox 2750 3433 2912 3486; x_wconf 74' lang='grc' dir='ltr'><strong>Δαὸὶδ</strong></span> <span class='ocrx_word' id='word_1_592' title='bbox 2936 3473 2950 3499; x_wconf 92' lang='grc'><strong>,</strong></span> <span class='ocrx_word' id='word_1_593' title='bbox 2989 3433 3254 3505; x_wconf 81' lang='grc' dir='ltr'><strong>μεγάλους</strong></span> <span class='ocrx_word' id='word_1_594' title='bbox 3292 3434 3388 3504; x_wconf 88' lang='grc' dir='ltr'>μὲν</span> <span class='ocrx_word' id='word_1_595' title='bbox 3432 3435 3527 3486; x_wconf 73' lang='grc' dir='ltr'>καὶ</span> <span class='ocrx_word' id='word_1_596' title='bbox 3558 3435 3805 3501; x_wconf 76' lang='grc' dir='ltr'>πολλοὺς,</span> 
     </span>
    </p>
   </div>
   <div class='ocr_carea' id='block_1_79' title="bbox 2228 3519 3802 3595">
    <p class='ocr_par' dir='ltr' id='par_1_79' title="bbox 2228 3519 3802 3595">
     <span class='ocr_line' id='line_1_79' title="bbox 2228 3519 3802 3595; baseline 0.005 -23"><span class='ocrx_word' id='word_1_597' title='bbox 2228 3519 2366 3573; x_wconf 84' lang='grc' dir='ltr'>ὥστε</span> <span class='ocrx_word' id='word_1_598' title='bbox 2393 3520 2484 3576; x_wconf 81' lang='grc' dir='ltr'>τὸν</span> <span class='ocrx_word' id='word_1_599' title='bbox 2518 3523 2616 3592; x_wconf 88' lang='grc' dir='ltr'>μὲν</span> <span class='ocrx_word' id='word_1_600' title='bbox 2651 3523 2969 3594; x_wconf 87' lang='grc' dir='ltr'>μικρότερον</span> <span class='ocrx_word' id='word_1_601' title='bbox 3009 3523 3185 3577; x_wconf 80' lang='grc' dir='ltr'>αὐτῶν</span> <span class='ocrx_word' id='word_1_602' title='bbox 3219 3524 3356 3595; x_wconf 85' lang='grc' dir='ltr'>πρὸς</span> <span class='ocrx_word' id='word_1_603' title='bbox 3383 3523 3576 3578; x_wconf 76' lang='grc' dir='ltr'>ἑκατὸν</span> <span class='ocrx_word' id='word_1_604' title='bbox 3605 3529 3802 3591; x_wconf 85' lang='grc' dir='ltr'>ποιεῖν,</span> 
     </span>
    </p>
   </div>
   <div class='ocr_carea' id='block_1_80' title="bbox 2227 3613 3807 3687">
    <p class='ocr_par' dir='ltr' id='par_1_80' title="bbox 2227 3613 3807 3687">
     <span class='ocr_line' id='line_1_80' title="bbox 2227 3613 3807 3687; baseline 0.004 -21"><span class='ocrx_word' id='word_1_605' title='bbox 2227 3613 2318 3666; x_wconf 82' lang='grc' dir='ltr'><strong>τὸν</strong></span> <span class='ocrx_word' id='word_1_606' title='bbox 2355 3613 2412 3667; x_wconf 86' lang='grc' dir='ltr'>δὲ</span> <span class='ocrx_word' id='word_1_607' title='bbox 2457 3613 2628 3684; x_wconf 88' lang='grc' dir='ltr'>μέγαν</span> <span class='ocrx_word' id='word_1_608' title='bbox 2663 3614 2842 3668; x_wconf 80' lang='grc' dir='ltr'>αὐτῶν</span> <span class='ocrx_word' id='word_1_609' title='bbox 2887 3614 3024 3687; x_wconf 82' lang='grc' dir='ltr'>πρὸς</span> <span class='ocrx_word' id='word_1_610' title='bbox 3065 3614 3290 3684; x_wconf 84' lang='grc' dir='ltr'>χιλίους.</span> <span class='ocrx_word' id='word_1_611' title='bbox 3342 3616 3496 3669; x_wconf 84' lang='grc' dir='ltr'>Ἔστι</span> <span class='ocrx_word' id='word_1_612' title='bbox 3543 3616 3600 3669; x_wconf 88' lang='grc' dir='ltr'><strong>δέ</strong></span> <span class='ocrx_word' id='word_1_613' title='bbox 3644 3635 3807 3672; x_wconf 77' lang='grc' dir='ltr'>τινων</span> 
     </span>
    </p>
   </div>
   <div class='ocr_carea' id='block_1_81' title="bbox 2228 3703 3804 3776">
    <p class='ocr_par' dir='ltr' id='par_1_81' title="bbox 2228 3703 3804 3776">
     <span class='ocr_line' id='line_1_81' title="bbox 2228 3703 3804 3776; baseline 0.003 -19"><span class='ocrx_word' id='word_1_614' title='bbox 2228 3704 2408 3760; x_wconf 81' lang='grc' dir='ltr'>αὐτῶν</span> <span class='ocrx_word' id='word_1_615' title='bbox 2436 3704 2505 3758; x_wconf 83' lang='grc' dir='ltr'>τὰ</span> <span class='ocrx_word' id='word_1_616' title='bbox 2535 3704 2773 3776; x_wconf 86' lang='grc' dir='ltr'>ὀνόματα</span> <span class='ocrx_word' id='word_1_617' title='bbox 2807 3706 2898 3758; x_wconf 73' lang='grc' dir='ltr'>καὶ</span> <span class='ocrx_word' id='word_1_618' title='bbox 2943 3707 2975 3776; x_wconf 78' lang='grc' dir='ltr'>ἡ</span> <span class='ocrx_word' id='word_1_619' title='bbox 3025 3705 3242 3776; x_wconf 79' lang='grc' dir='ltr'>πρᾶξις·</span> <span class='ocrx_word' id='word_1_620' title='bbox 3270 3703 3494 3776; x_wconf 65' lang='grc' dir='ltr'><strong>Σεϐοχαλ⁵</strong></span> <span class='ocrx_word' id='word_1_621' title='bbox 3533 3707 3562 3758; x_wconf 90' lang='lat'><strong>6</strong></span> <span class='ocrx_word' id='word_1_622' title='bbox 3603 3708 3804 3761; x_wconf 79' lang='grc' dir='ltr'>’Δστω-</span> 
     </span>
    </p>
   </div>
   <div class='ocr_carea' id='block_1_82' title="bbox 2229 3789 3802 3868">
    <p class='ocr_par' dir='ltr' id='par_1_82' title="bbox 2229 3789 3802 3868">
     <span class='ocr_line' id='line_1_82' title="bbox 2229 3789 3802 3868; baseline 0 -18"><span class='ocrx_word' id='word_1_623' title='bbox 2229 3795 2282 3850; x_wconf 88' lang='grc' dir='ltr'><strong>θί</strong></span> <span class='ocrx_word' id='word_1_624' title='bbox 2313 3796 2427 3867; x_wconf 77' lang='lat'>(9)&quot;</span> <span class='ocrx_word' id='word_1_625' title='bbox 2458 3789 2610 3861; x_wconf 74' lang='grc' dir='ltr'>οὗτος</span> <span class='ocrx_word' id='word_1_626' title='bbox 2637 3795 2904 3862; x_wconf 73' lang='grc' dir='ltr'>ἐπάταξεν</span> <span class='ocrx_word' id='word_1_627' title='bbox 2933 3796 3022 3850; x_wconf 81' lang='grc' dir='ltr'>τὸν</span> <span class='ocrx_word' id='word_1_628' title='bbox 3056 3797 3177 3867; x_wconf 85' lang='grc' dir='ltr'>Σὲρ,</span> <span class='ocrx_word' id='word_1_629' title='bbox 3206 3798 3294 3850; x_wconf 84' lang='grc' dir='ltr'><strong>τὸν</strong></span> <span class='ocrx_word' id='word_1_630' title='bbox 3323 3797 3416 3852; x_wconf 78' lang='grc' dir='ltr'><strong>τοῦ</strong></span> <span class='ocrx_word' id='word_1_631' title='bbox 3459 3799 3665 3868; x_wconf 72' lang='grc' dir='ltr'>Ῥαφᾶ,</span> <span class='ocrx_word' id='word_1_632' title='bbox 3711 3797 3802 3852; x_wconf 78' lang='grc' dir='ltr'><strong>τοῦ</strong></span> 
     </span>
    </p>
   </div>
   <div class='ocr_carea' id='block_1_83' title="bbox 2228 3888 3802 3961">
    <p class='ocr_par' dir='ltr' id='par_1_83' title="bbox 2228 3888 3802 3961">
     <span class='ocr_line' id='line_1_83' title="bbox 2228 3888 3802 3961; baseline -0.001 -18"><span class='ocrx_word' id='word_1_633' title='bbox 2228 3889 2494 3958; x_wconf 83' lang='grc' dir='ltr'>ἀπογόνου</span> <span class='ocrx_word' id='word_1_634' title='bbox 2534 3888 2642 3942; x_wconf 84' lang='grc' dir='ltr'>τῶν</span> <span class='ocrx_word' id='word_1_635' title='bbox 2676 3889 2964 3957; x_wconf 86' lang='grc' dir='ltr'>γιγάντων.</span> <span class='ocrx_word' id='word_1_636' title='bbox 3013 3889 3296 3953; x_wconf 78' lang='grc' dir='ltr'>Ἐλεανᾶν,</span> <span class='ocrx_word' id='word_1_637' title='bbox 3328 3889 3442 3953; x_wconf 71' lang='grc' dir='ltr'>υίὸς</span> <span class='ocrx_word' id='word_1_638' title='bbox 3488 3890 3747 3961; x_wconf 75' lang='grc' dir='ltr'>Ἀριωργὶ</span> <span class='ocrx_word' id='word_1_639' title='bbox 3775 3892 3802 3942; x_wconf 85' lang='lat'><strong>6</strong></span> 
     </span>
    </p>
   </div>
   <div class='ocr_carea' id='block_1_84' title="bbox 2227 3974 3803 4052">
    <p class='ocr_par' dir='ltr' id='par_1_84' title="bbox 2227 3974 3803 4052">
     <span class='ocr_line' id='line_1_84' title="bbox 2227 3974 3803 4052; baseline 0.001 -18"><span class='ocrx_word' id='word_1_640' title='bbox 2227 3979 2596 4052; x_wconf 88' lang='grc' dir='ltr'>Βηθλεεμίτης</span> <span class='ocrx_word' id='word_1_641' title='bbox 2620 3999 2633 4012; x_wconf 86' lang='grc'><strong>·</strong></span> <span class='ocrx_word' id='word_1_642' title='bbox 2664 3974 2817 4044; x_wconf 76' lang='grc' dir='ltr'>οὗτος</span> <span class='ocrx_word' id='word_1_643' title='bbox 2847 3979 3079 4045; x_wconf 78' lang='grc' dir='ltr'>ἐπάταξε</span> <span class='ocrx_word' id='word_1_644' title='bbox 3112 3980 3302 4034; x_wconf 86' lang='grc' dir='ltr'>Γολιάθ</span> <span class='ocrx_word' id='word_1_645' title='bbox 3332 3982 3422 4034; x_wconf 87' lang='grc' dir='ltr'><strong>τὸν</strong></span> <span class='ocrx_word' id='word_1_646' title='bbox 3455 3983 3713 4048; x_wconf 88' lang='grc' dir='ltr'>Χεταῖον,</span> <span class='ocrx_word' id='word_1_647' title='bbox 3745 3976 3803 4036; x_wconf 76' lang='grc' dir='ltr'>οὗ</span> 
     </span>
    </p>
   </div>
   <div class='ocr_carea' id='block_1_85' title="bbox 2227 4068 3804 4143">
    <p class='ocr_par' dir='ltr' id='par_1_85' title="bbox 2227 4068 3804 4143">
     <span class='ocr_line' id='line_1_85' title="bbox 2227 4068 3804 4143; baseline 0.001 -19"><span class='ocrx_word' id='word_1_648' title='bbox 2227 4068 2296 4142; x_wconf 79' lang='grc' dir='ltr'>ἦν</span> <span class='ocrx_word' id='word_1_649' title='bbox 2320 4071 2380 4124; x_wconf 83' lang='grc' dir='ltr'>τὸ</span> <span class='ocrx_word' id='word_1_650' title='bbox 2405 4071 2556 4136; x_wconf 83' lang='grc' dir='ltr'>ξύλον</span> <span class='ocrx_word' id='word_1_651' title='bbox 2585 4070 2677 4124; x_wconf 82' lang='grc' dir='ltr'>τοῦ</span> <span class='ocrx_word' id='word_1_652' title='bbox 2706 4071 2948 4143; x_wconf 85' lang='grc' dir='ltr'>δόρατος,</span> <span class='ocrx_word' id='word_1_653' title='bbox 2991 4072 3066 4135; x_wconf 86' lang='grc' dir='ltr'>ὡς</span> <span class='ocrx_word' id='word_1_654' title='bbox 3095 4071 3274 4124; x_wconf 87' lang='grc' dir='ltr'>ἀντίον</span> <span class='ocrx_word' id='word_1_655' title='bbox 3311 4072 3664 4141; x_wconf 84' lang='grc' dir='ltr'>ὑφαινόντων.</span> <span class='ocrx_word' id='word_1_656' title='bbox 3698 4069 3804 4126; x_wconf 84' lang='grc' dir='ltr'>Ἦν</span> 
     </span>
    </p>
   </div>
   <div class='ocr_carea' id='block_1_86' title="bbox 2227 4161 3798 4236">
    <p class='ocr_par' dir='ltr' id='par_1_86' title="bbox 2227 4161 3798 4236">
     <span class='ocr_line' id='line_1_86' title="bbox 2227 4161 3798 4236; baseline -0.001 -16"><span class='ocrx_word' id='word_1_657' title='bbox 2227 4166 2283 4220; x_wconf 85' lang='grc' dir='ltr'>δὲ</span> <span class='ocrx_word' id='word_1_658' title='bbox 2312 4167 2407 4221; x_wconf 73' lang='grc' dir='ltr'><strong>καὶ</strong></span> <span class='ocrx_word' id='word_1_659' title='bbox 2437 4161 2589 4230; x_wconf 76' lang='grc' dir='ltr'>οὗτος</span> <span class='ocrx_word' id='word_1_660' title='bbox 2622 4167 2735 4228; x_wconf 83' lang='grc' dir='ltr'>υίὸς</span> <span class='ocrx_word' id='word_1_661' title='bbox 2766 4165 2858 4219; x_wconf 75' lang='grc' dir='ltr'>τοῦ</span> <span class='ocrx_word' id='word_1_662' title='bbox 2895 4167 3089 4234; x_wconf 78' lang='grc' dir='ltr'>Ῥαφᾶ.</span> <span class='ocrx_word' id='word_1_663' title='bbox 3132 4165 3384 4218; x_wconf 84' lang='grc' dir='ltr'>Ἰωνάθαν</span> <span class='ocrx_word' id='word_1_664' title='bbox 3409 4165 3521 4229; x_wconf 72' lang='grc' dir='ltr'>υίὸς</span> <span class='ocrx_word' id='word_1_665' title='bbox 3551 4166 3798 4236; x_wconf 72' lang='grc' dir='ltr'>Σεμεσεὶ,</span> 
     </span>
    </p>
   </div>
   <div class='ocr_carea' id='block_1_87' title="bbox 2227 4251 3800 4329">
    <p class='ocr_par' dir='ltr' id='par_1_87' title="bbox 2227 4251 3800 4329">
     <span class='ocr_line' id='line_1_87' title="bbox 2227 4251 3800 4329; baseline -0.001 -15"><span class='ocrx_word' id='word_1_666' title='bbox 2227 4258 2456 4329; x_wconf 80' lang='grc' dir='ltr'>ἀδελφοῦ</span> <span class='ocrx_word' id='word_1_667' title='bbox 2491 4258 2652 4312; x_wconf 84' lang='grc' dir='ltr'>Δαϐίδ</span> <span class='ocrx_word' id='word_1_668' title='bbox 2677 4276 2690 4290; x_wconf 77' lang='grc' dir='ltr'><strong>ο</strong></span> <span class='ocrx_word' id='word_1_669' title='bbox 2720 4251 2875 4322; x_wconf 74' lang='grc' dir='ltr'>οὗτος</span> <span class='ocrx_word' id='word_1_670' title='bbox 2903 4257 3170 4322; x_wconf 78' lang='grc' dir='ltr'>ἐπάταξεν</span> <span class='ocrx_word' id='word_1_671' title='bbox 3201 4260 3536 4312; x_wconf 84' lang='grc' dir='ltr'>ὀνειδίσαντα</span> <span class='ocrx_word' id='word_1_672' title='bbox 3578 4259 3658 4329; x_wconf 84' lang='grc' dir='ltr'>τῷ</span> <span class='ocrx_word' id='word_1_673' title='bbox 3703 4261 3800 4313; x_wconf 88' lang='grc' dir='ltr'><strong>Ίσ-</strong></span> 
     </span>
    </p>
   </div>
   <div class='ocr_carea' id='block_1_88' title="bbox 2231 4349 3799 4422">
    <p class='ocr_par' dir='ltr' id='par_1_88' title="bbox 2231 4349 3799 4422">
     <span class='ocr_line' id='line_1_88' title="bbox 2231 4349 3799 4422; baseline 0.001 -18"><span class='ocrx_word' id='word_1_674' title='bbox 2231 4350 2368 4422; x_wconf 84' lang='grc' dir='ltr'>ραὴλ</span> <span class='ocrx_word' id='word_1_675' title='bbox 2417 4351 2586 4421; x_wconf 76' lang='grc' dir='ltr'>ἄνδρα</span> <span class='ocrx_word' id='word_1_676' title='bbox 2617 4353 2680 4404; x_wconf 88' lang='grc' dir='ltr'><strong>ἐκ</strong></span> <span class='ocrx_word' id='word_1_677' title='bbox 2720 4349 3014 4422; x_wconf 85' lang='grc' dir='ltr'>Ῥαμεδῶν,</span> <span class='ocrx_word' id='word_1_678' title='bbox 3061 4350 3251 4419; x_wconf 79' lang='grc' dir='ltr'>ἔχοντα</span> <span class='ocrx_word' id='word_1_679' title='bbox 3282 4353 3338 4405; x_wconf 89' lang='grc' dir='ltr'><strong>ἐν</strong></span> <span class='ocrx_word' id='word_1_680' title='bbox 3368 4353 3486 4413; x_wconf 84' lang='grc' dir='ltr'>ταῖς</span> <span class='ocrx_word' id='word_1_681' title='bbox 3520 4351 3677 4421; x_wconf 76' lang='grc' dir='ltr'>χερσὶ</span> <span class='ocrx_word' id='word_1_682' title='bbox 3709 4354 3799 4405; x_wconf 80' lang='grc' dir='ltr'>καὶ</span> 
     </span>
    </p>
   </div>
   <div class='ocr_carea' id='block_1_89' title="bbox 2226 4442 3799 4508">
    <p class='ocr_par' dir='ltr' id='par_1_89' title="bbox 2226 4442 3799 4508">
     <span class='ocr_line' id='line_1_89' title="bbox 2226 4442 3799 4508; baseline 0 -12"><span class='ocrx_word' id='word_1_683' title='bbox 2226 4447 2340 4507; x_wconf 86' lang='grc' dir='ltr'>τοῖς</span> <span class='ocrx_word' id='word_1_684' title='bbox 2367 4444 2521 4498; x_wconf 72' lang='grc' dir='ltr'>ποσὶν</span> <span class='ocrx_word' id='word_1_685' title='bbox 2547 4443 2649 4496; x_wconf 85' lang='grc' dir='ltr'><strong>ἀνά</strong></span> <span class='ocrx_word' id='word_1_686' title='bbox 2679 4442 2972 4508; x_wconf 83' lang='grc' dir='ltr'>δακτύλους</span> <span class='ocrx_word' id='word_1_687' title='bbox 3002 4443 3079 4508; x_wconf 76' lang='grc' dir='ltr'><strong>ἐξ,</strong></span> <span class='ocrx_word' id='word_1_688' title='bbox 3105 4444 3220 4496; x_wconf 79' lang='grc' dir='ltr'>υἱὸν</span> <span class='ocrx_word' id='word_1_689' title='bbox 3242 4443 3370 4497; x_wconf 78' lang='grc' dir='ltr'>ὄντα</span> <span class='ocrx_word' id='word_1_690' title='bbox 3397 4445 3490 4497; x_wconf 72' lang='grc' dir='ltr'><strong>καὶ</strong></span> <span class='ocrx_word' id='word_1_691' title='bbox 3519 4445 3682 4497; x_wconf 78' lang='grc' dir='ltr'>αὐτὸν</span> <span class='ocrx_word' id='word_1_692' title='bbox 3709 4443 3799 4497; x_wconf 75' lang='grc' dir='ltr'>τοῦ</span> 
     </span>
    </p>
   </div>
   <div class='ocr_carea' id='block_1_90' title="bbox 2240 4532 3801 4603">
    <p class='ocr_par' dir='ltr' id='par_1_90' title="bbox 2240 4532 3801 4603">
     <span class='ocr_line' id='line_1_90' title="bbox 2240 4532 3801 4603; baseline 0.003 -18"><span class='ocrx_word' id='word_1_693' title='bbox 2240 4532 2435 4603; x_wconf 69' lang='grc' dir='ltr'>Ῥαφεί,</span> <span class='ocrx_word' id='word_1_694' title='bbox 2459 4533 2550 4586; x_wconf 77' lang='grc' dir='ltr'>τοῦ</span> <span class='ocrx_word' id='word_1_695' title='bbox 2585 4534 2851 4602; x_wconf 86' lang='grc' dir='ltr'>ἀπογόνου</span> <span class='ocrx_word' id='word_1_696' title='bbox 2876 4534 2982 4587; x_wconf 84' lang='grc' dir='ltr'>τῶν</span> <span class='ocrx_word' id='word_1_697' title='bbox 3006 4535 3298 4603; x_wconf 89' lang='grc' dir='ltr'>γιγάντων.</span> <span class='ocrx_word' id='word_1_698' title='bbox 3334 4534 3550 4589; x_wconf 81' lang='grc' dir='ltr'>Ἀδίνων</span> <span class='ocrx_word' id='word_1_699' title='bbox 3575 4536 3603 4587; x_wconf 92' lang='lat'><strong>6</strong></span> <span class='ocrx_word' id='word_1_700' title='bbox 3638 4536 3801 4589; x_wconf 80' lang='grc' dir='ltr'>Ἀσω-</span> 
     </span>
    </p>
   </div>
   <div class='ocr_carea' id='block_1_91' title="bbox 553 4618 2128 4709">
    <p class='ocr_par' dir='ltr' id='par_1_91' title="bbox 553 4629 2128 4703">
     <span class='ocr_line' id='line_1_91' title="bbox 553 4629 2128 4703; baseline 0.003 -21"><span class='ocrx_word' id='word_1_701' title='bbox 553 4641 714 4682; x_wconf 85' lang='lat' dir='ltr'><strong>suum</strong></span> <span class='ocrx_word' id='word_1_702' title='bbox 761 4634 951 4680; x_wconf 85' lang='lat' dir='ltr'><strong>contra</strong></span> <span class='ocrx_word' id='word_1_703' title='bbox 1014 4634 1287 4682; x_wconf 87' lang='lat' dir='ltr'><strong>trecentos</strong></span> <span class='ocrx_word' id='word_1_704' title='bbox 1327 4629 1643 4684; x_wconf 88' lang='lat' dir='ltr'><strong>vulneratos</strong></span> <span class='ocrx_word' id='word_1_705' title='bbox 1708 4645 1816 4685; x_wconf 89' lang='lat' dir='ltr'><strong>uno</strong></span> <span class='ocrx_word' id='word_1_706' title='bbox 1883 4638 2128 4703; x_wconf 86' lang='lat' dir='ltr'><strong>tempore</strong></span> 
     </span>
    </p>
   </div>
   <div class='ocr_carea' id='block_1_92' title="bbox 2232 4618 3801 4709">
    <p class='ocr_par' dir='ltr' id='par_1_92' title="bbox 2232 4618 3801 4697">
     <span class='ocr_line' id='line_1_92' title="bbox 2232 4618 3801 4697; baseline 0.001 -20"><span class='ocrx_word' id='word_1_707' title='bbox 2232 4627 2376 4689; x_wconf 85' lang='grc' dir='ltr'>ναῖος</span> <span class='ocrx_word' id='word_1_708' title='bbox 2399 4643 2411 4655; x_wconf 88' lang='grc'><strong>·</strong></span> <span class='ocrx_word' id='word_1_709' title='bbox 2449 4618 2601 4688; x_wconf 74' lang='grc' dir='ltr'>οὗτος</span> <span class='ocrx_word' id='word_1_710' title='bbox 2630 4627 2833 4678; x_wconf 82' lang='grc' dir='ltr'>ἐσπᾶτο</span> <span class='ocrx_word' id='word_1_711' title='bbox 2865 4626 2961 4696; x_wconf 83' lang='grc' dir='ltr'><strong>τὴν</strong></span> <span class='ocrx_word' id='word_1_712' title='bbox 2995 4625 3270 4697; x_wconf 74' lang='grc' dir='ltr'>ῥομφαίαν</span> <span class='ocrx_word' id='word_1_713' title='bbox 3303 4625 3466 4679; x_wconf 80' lang='grc' dir='ltr'>αὐτοῦ</span> <span class='ocrx_word' id='word_1_714' title='bbox 3508 4627 3601 4679; x_wconf 77' lang='grc' dir='ltr'>ἐπὶ</span> <span class='ocrx_word' id='word_1_715' title='bbox 3645 4627 3801 4680; x_wconf 86' lang='grc' dir='ltr'>όκτα-</span> 
     </span>
    </p>
   </div>
   <div class='ocr_carea' id='block_1_93' title="bbox 551 4717 2125 4788">
    <p class='ocr_par' dir='ltr' id='par_1_93' title="bbox 551 4717 2125 4788">
     <span class='ocr_line' id='line_1_93' title="bbox 551 4717 2125 4788; baseline 0.004 -15"><span class='ocrx_word' id='word_1_716' title='bbox 551 4719 770 4785; x_wconf 84' lang='lat' dir='ltr'><strong>eduxit;</strong></span> <span class='ocrx_word' id='word_1_717' title='bbox 804 4717 1059 4772; x_wconf 81' lang='lat' dir='ltr'><strong>Eleanam</strong></span> <span class='ocrx_word' id='word_1_718' title='bbox 1095 4720 1238 4775; x_wconf 90' lang='lat' dir='ltr'><strong>ﬁlius</strong></span> <span class='ocrx_word' id='word_1_719' title='bbox 1267 4719 1436 4788; x_wconf 91' lang='lat' dir='ltr'><strong>Sose;</strong></span> <span class='ocrx_word' id='word_1_720' title='bbox 1474 4720 1563 4776; x_wconf 91' lang='lat' dir='ltr'><strong>hic</strong></span> <span class='ocrx_word' id='word_1_721' title='bbox 1615 4737 1738 4776; x_wconf 93' lang='lat' dir='ltr'><strong>cum</strong></span> <span class='ocrx_word' id='word_1_722' title='bbox 1777 4731 1962 4779; x_wconf 87' lang='lat' dir='ltr'><strong>essent</strong></span> <span class='ocrx_word' id='word_1_723' title='bbox 1991 4739 2125 4779; x_wconf 86' lang='lat' dir='ltr'><strong>con-</strong></span> 
     </span>
    </p>
   </div>
   <div class='ocr_carea' id='block_1_94' title="bbox 551 4809 2124 4886">
    <p class='ocr_par' dir='ltr' id='par_1_94' title="bbox 551 4809 2124 4886">
     <span class='ocr_line' id='line_1_94' title="bbox 551 4809 2124 4886; baseline 0.005 -23"><span class='ocrx_word' id='word_1_724' title='bbox 551 4811 758 4881; x_wconf 84' lang='lat' dir='ltr'><strong>gregati</strong></span> <span class='ocrx_word' id='word_1_725' title='bbox 793 4809 1143 4875; x_wconf 88' lang='lat' dir='ltr'><strong>Philisthiim,</strong></span> <span class='ocrx_word' id='word_1_726' title='bbox 1177 4812 1327 4867; x_wconf 90' lang='lat' dir='ltr'><strong>solus</strong></span> <span class='ocrx_word' id='word_1_727' title='bbox 1371 4811 1427 4866; x_wconf 90' lang='lat' dir='ltr'><strong>in</strong></span> <span class='ocrx_word' id='word_1_728' title='bbox 1469 4827 1563 4868; x_wconf 89' lang='lat' dir='ltr'><strong>eos</strong></span> <span class='ocrx_word' id='word_1_729' title='bbox 1607 4813 1788 4877; x_wconf 89' lang='lat' dir='ltr'><strong>irruit,</strong></span> <span class='ocrx_word' id='word_1_730' title='bbox 1816 4823 1979 4886; x_wconf 90' lang='lat' dir='ltr'><strong>atque</strong></span> <span class='ocrx_word' id='word_1_731' title='bbox 2007 4826 2124 4871; x_wconf 90' lang='lat' dir='ltr'><strong>tan-</strong></span> 
     </span>
    </p>
   </div>
   <div class='ocr_carea' id='block_1_95' title="bbox 555 4901 2126 4977">
    <p class='ocr_par' dir='ltr' id='par_1_95' title="bbox 555 4901 2126 4977">
     <span class='ocr_line' id='line_1_95' title="bbox 555 4901 2126 4977; baseline 0.004 -21"><span class='ocrx_word' id='word_1_732' title='bbox 555 4908 668 4956; x_wconf 88' lang='lat' dir='ltr'><strong>tam</strong></span> <span class='ocrx_word' id='word_1_733' title='bbox 702 4901 921 4957; x_wconf 90' lang='lat' dir='ltr'><strong>illorum</strong></span> <span class='ocrx_word' id='word_1_734' title='bbox 945 4911 1182 4974; x_wconf 84' lang='lat' dir='ltr'><strong>stragem</strong></span> <span class='ocrx_word' id='word_1_735' title='bbox 1213 4903 1404 4967; x_wconf 89' lang='lat' dir='ltr'><strong>edidit,</strong></span> <span class='ocrx_word' id='word_1_736' title='bbox 1435 4914 1493 4958; x_wconf 93' lang='lat' dir='ltr'><strong>ut</strong></span> <span class='ocrx_word' id='word_1_737' title='bbox 1523 4908 1708 4961; x_wconf 89' lang='lat' dir='ltr'><strong>manui</strong></span> <span class='ocrx_word' id='word_1_738' title='bbox 1753 4909 1924 4977; x_wconf 88' lang='lat' dir='ltr'><strong>ipsius</strong></span> <span class='ocrx_word' id='word_1_739' title='bbox 1968 4909 2126 4963; x_wconf 88' lang='lat' dir='ltr'><strong>hasta</strong></span> 
     </span>
    </p>
   </div>
   <div class='ocr_carea' id='block_1_96' title="bbox 556 4996 2126 5070">
    <p class='ocr_par' dir='ltr' id='par_1_96' title="bbox 556 4996 2126 5070">
     <span class='ocr_line' id='line_1_96' title="bbox 556 4996 2126 5070; baseline 0.004 -20"><span class='ocrx_word' id='word_1_740' title='bbox 556 4996 1004 5067; x_wconf 83' lang='lat' dir='ltr'><strong>agglutinaretur,</strong></span> <span class='ocrx_word' id='word_1_741' title='bbox 1023 5004 1077 5052; x_wconf 89' lang='lat' dir='ltr'><strong>et</strong></span> <span class='ocrx_word' id='word_1_742' title='bbox 1107 4998 1340 5068; x_wconf 85' lang='lat' dir='ltr'><strong>populus</strong></span> <span class='ocrx_word' id='word_1_743' title='bbox 1363 5007 1485 5068; x_wconf 90' lang='lat' dir='ltr'><strong>post</strong></span> <span class='ocrx_word' id='word_1_744' title='bbox 1514 4999 1686 5068; x_wconf 91' lang='lat' dir='ltr'><strong>ipsius</strong></span> <span class='ocrx_word' id='word_1_745' title='bbox 1717 5009 1926 5070; x_wconf 83' lang='lat' dir='ltr'><strong>tergum</strong></span> <span class='ocrx_word' id='word_1_746' title='bbox 1955 5016 2126 5057; x_wconf 74' lang='lat' dir='ltr'><strong>caesos</strong></span> 
     </span>
    </p>
   </div>
   <div class='ocr_carea' id='block_1_97' title="bbox 563 5087 2128 5158">
    <p class='ocr_par' dir='ltr' id='par_1_97' title="bbox 563 5087 2128 5158">
     <span class='ocr_line' id='line_1_97' title="bbox 563 5087 2128 5158; baseline 0.005 -17"><span class='ocrx_word' id='word_1_747' title='bbox 563 5088 722 5158; x_wconf 82' lang='lat'><strong>109</strong></span> <span class='ocrx_word' id='word_1_748' title='bbox 750 5089 1036 5158; x_wconf 89' lang='lat' dir='ltr'><strong>spoliabat.</strong></span> <span class='ocrx_word' id='word_1_749' title='bbox 1084 5087 1230 5143; x_wconf 84' lang='lat' dir='ltr'><strong>Mara</strong></span> <span class='ocrx_word' id='word_1_750' title='bbox 1273 5090 1416 5145; x_wconf 87' lang='lat' dir='ltr'><strong>ﬁlius</strong></span> <span class='ocrx_word' id='word_1_751' title='bbox 1459 5089 1569 5144; x_wconf 79' lang='lat' dir='ltr'><strong>Asa</strong></span> <span class='ocrx_word' id='word_1_752' title='bbox 1621 5089 1981 5156; x_wconf 72' lang='lat' dir='ltr'><strong>Saruchzeus;</strong></span> <span class='ocrx_word' id='word_1_753' title='bbox 2027 5094 2128 5149; x_wconf 88' lang='lat' dir='ltr'><strong>iste</strong></span> 
     </span>
    </p>
   </div>
   <div class='ocr_carea' id='block_1_98' title="bbox 560 5179 2128 5253">
    <p class='ocr_par' dir='ltr' id='par_1_98' title="bbox 560 5179 2128 5253">
     <span class='ocr_line' id='line_1_98' title="bbox 560 5179 2128 5253; baseline 0.002 -19"><span class='ocrx_word' id='word_1_754' title='bbox 560 5180 894 5236; x_wconf 86' lang='lat' dir='ltr'><strong>irruentibus</strong></span> <span class='ocrx_word' id='word_1_755' title='bbox 935 5179 1226 5237; x_wconf 69' lang='lat' dir='ltr'><strong>Philistaeis</strong></span> <span class='ocrx_word' id='word_1_756' title='bbox 1277 5197 1341 5236; x_wconf 87' lang='lat' dir='ltr'><strong>ac</strong></span> <span class='ocrx_word' id='word_1_757' title='bbox 1380 5190 1587 5251; x_wconf 89' lang='lat' dir='ltr'><strong>partem</strong></span> <span class='ocrx_word' id='word_1_758' title='bbox 1617 5183 1731 5253; x_wconf 81' lang='lat' dir='ltr'><strong>agri</strong></span> <span class='ocrx_word' id='word_1_759' title='bbox 1772 5184 1915 5238; x_wconf 88' lang='lat' dir='ltr'><strong>lente</strong></span> <span class='ocrx_word' id='word_1_760' title='bbox 1962 5185 2128 5240; x_wconf 79' lang='lat' dir='ltr'><strong>refer-</strong></span> 
     </span>
    </p>
   </div>
   <div class='ocr_carea' id='block_1_99' title="bbox 559 5271 2128 5344">
    <p class='ocr_par' dir='ltr' id='par_1_99' title="bbox 559 5271 2128 5344">
     <span class='ocr_line' id='line_1_99' title="bbox 559 5271 2128 5344; baseline 0.006 -21"><span class='ocrx_word' id='word_1_761' title='bbox 559 5276 670 5324; x_wconf 91' lang='lat' dir='ltr'><strong>tam</strong></span> <span class='ocrx_word' id='word_1_762' title='bbox 704 5271 1018 5342; x_wconf 89' lang='lat' dir='ltr'><strong>depopulari</strong></span> <span class='ocrx_word' id='word_1_763' title='bbox 1053 5273 1379 5336; x_wconf 87' lang='lat' dir='ltr'><strong>volentibus,</strong></span> <span class='ocrx_word' id='word_1_764' title='bbox 1411 5272 1652 5344; x_wconf 84' lang='lat' dir='ltr'><strong>fugiente</strong></span> <span class='ocrx_word' id='word_1_765' title='bbox 1685 5275 1915 5344; x_wconf 88' lang='lat' dir='ltr'><strong>populo,</strong></span> <span class='ocrx_word' id='word_1_766' title='bbox 1978 5277 2128 5332; x_wconf 88' lang='lat' dir='ltr'><strong>solus</strong></span> 
     </span>
    </p>
   </div>
   <div class='ocr_carea' id='block_1_100' title="bbox 562 5361 2131 5438">
    <p class='ocr_par' dir='ltr' id='par_1_100' title="bbox 562 5361 2131 5438">
     <span class='ocr_line' id='line_1_100' title="bbox 562 5361 2131 5438; baseline 0.004 -22"><span class='ocrx_word' id='word_1_767' title='bbox 562 5361 859 5428; x_wconf 83' lang='lat' dir='ltr'><strong>obstitit,et</strong></span> <span class='ocrx_word' id='word_1_768' title='bbox 879 5363 1183 5422; x_wconf 68' lang='lat' dir='ltr'><strong>Philistaeos</strong></span> <span class='ocrx_word' id='word_1_769' title='bbox 1210 5375 1554 5436; x_wconf 85' lang='lat' dir='ltr'><strong>persecutus,</strong></span> <span class='ocrx_word' id='word_1_770' title='bbox 1596 5369 1709 5438; x_wconf 89' lang='lat' dir='ltr'><strong>agri</strong></span> <span class='ocrx_word' id='word_1_771' title='bbox 1727 5376 1931 5438; x_wconf 85' lang='lat' dir='ltr'><strong>partem</strong></span> <span class='ocrx_word' id='word_1_772' title='bbox 1947 5385 2131 5425; x_wconf 85' lang='lat' dir='ltr'><strong>serva-</strong></span> 
     </span>
    </p>
   </div>
   <div class='ocr_carea' id='block_1_101' title="bbox 561 5452 2130 5531">
    <p class='ocr_par' dir='ltr' id='par_1_101' title="bbox 561 5452 2130 5531">
     <span class='ocr_line' id='line_1_101' title="bbox 561 5452 2130 5531; baseline 0.004 -23"><span class='ocrx_word' id='word_1_773' title='bbox 561 5452 662 5508; x_wconf 85' lang='lat' dir='ltr'><strong>vit.</strong></span> <span class='ocrx_word' id='word_1_774' title='bbox 695 5452 918 5509; x_wconf 84' lang='lat' dir='ltr'><strong>Eleazar</strong></span> <span class='ocrx_word' id='word_1_775' title='bbox 963 5457 1105 5513; x_wconf 91' lang='lat' dir='ltr'><strong>ﬁlius</strong></span> <span class='ocrx_word' id='word_1_776' title='bbox 1147 5457 1622 5526; x_wconf 85' lang='lat' dir='ltr'><strong>Dodetharchoni;</strong></span> <span class='ocrx_word' id='word_1_777' title='bbox 1675 5459 1776 5514; x_wconf 90' lang='lat' dir='ltr'><strong>iste</strong></span> <span class='ocrx_word' id='word_1_778' title='bbox 1808 5499 1824 5522; x_wconf 86' lang='lat'><strong>,</strong></span> <span class='ocrx_word' id='word_1_779' title='bbox 1883 5469 2130 5531; x_wconf 88' lang='lat' dir='ltr'><strong>tempore</strong></span> 
     </span>
    </p>
   </div>
   <div class='ocr_carea' id='block_1_102' title="bbox 561 5543 2131 5620">
    <p class='ocr_par' dir='ltr' id='par_1_102' title="bbox 561 5543 2131 5620">
     <span class='ocr_line' id='line_1_102' title="bbox 561 5543 2131 5620; baseline 0.004 -22"><span class='ocrx_word' id='word_1_780' title='bbox 561 5543 759 5598; x_wconf 88' lang='lat' dir='ltr'><strong>messis</strong></span> <span class='ocrx_word' id='word_1_781' title='bbox 791 5543 1124 5612; x_wconf 69' lang='lat' dir='ltr'><strong>hordeaceae,</strong></span> <span class='ocrx_word' id='word_1_782' title='bbox 1166 5563 1290 5602; x_wconf 88' lang='lat' dir='ltr'><strong>cum</strong></span> <span class='ocrx_word' id='word_1_783' title='bbox 1321 5550 1683 5620; x_wconf 90' lang='lat' dir='ltr'><strong>irrumperent</strong></span> <span class='ocrx_word' id='word_1_784' title='bbox 1710 5549 2037 5617; x_wconf 72' lang='lat' dir='ltr'><strong>Philisthaii,</strong></span> <span class='ocrx_word' id='word_1_785' title='bbox 2077 5560 2131 5607; x_wconf 87' lang='lat' dir='ltr'><strong>et</strong></span> 
     </span>
    </p>
   </div>
   <div class='ocr_carea' id='block_1_103' title="bbox 563 5635 2132 5715">
    <p class='ocr_par' dir='ltr' id='par_1_103' title="bbox 563 5635 2132 5715">
     <span class='ocr_line' id='line_1_103' title="bbox 563 5635 2132 5715; baseline 0.009 -29"><span class='ocrx_word' id='word_1_786' title='bbox 563 5635 799 5706; x_wconf 87' lang='lat' dir='ltr'><strong>populus</strong></span> <span class='ocrx_word' id='word_1_787' title='bbox 830 5635 1058 5708; x_wconf 79' lang='lat' dir='ltr'><strong>fugeret,</strong></span> <span class='ocrx_word' id='word_1_788' title='bbox 1092 5640 1242 5696; x_wconf 87' lang='lat' dir='ltr'><strong>solus</strong></span> <span class='ocrx_word' id='word_1_789' title='bbox 1279 5641 1512 5709; x_wconf 87' lang='lat' dir='ltr'><strong>restitit,</strong></span> <span class='ocrx_word' id='word_1_790' title='bbox 1548 5650 1602 5698; x_wconf 89' lang='lat' dir='ltr'><strong>et</strong></span> <span class='ocrx_word' id='word_1_791' title='bbox 1643 5641 1990 5700; x_wconf 71' lang='lat' dir='ltr'><strong>Pbilisthaeos</strong></span> <span class='ocrx_word' id='word_1_792' title='bbox 2018 5659 2132 5715; x_wconf 85' lang='lat' dir='ltr'><strong>per-</strong></span> 
     </span>
    </p>
   </div>
   <div class='ocr_carea' id='block_1_104' title="bbox 638 5834 1446 5907">
    <p class='ocr_par' dir='ltr' id='par_1_104' title="bbox 638 5834 1446 5907">
     <span class='ocr_line' id='line_1_104' title="bbox 638 5834 1446 5907; baseline 0.009 -18"><span class='ocrx_word' id='word_1_793' title='bbox 638 5835 712 5907; x_wconf 76' lang='lat'><strong>(8)</strong></span> <span class='ocrx_word' id='word_1_794' title='bbox 746 5834 800 5907; x_wconf 69' lang='lat' dir='ltr'><strong>l9</strong></span> <span class='ocrx_word' id='word_1_795' title='bbox 829 5835 906 5900; x_wconf 87' lang='lat'><strong>0’,</strong></span> <span class='ocrx_word' id='word_1_796' title='bbox 939 5835 1158 5907; x_wconf 87' lang='lat' dir='ltr'><strong>legitur,</strong></span> <span class='ocrx_word' id='word_1_797' title='bbox 1201 5838 1446 5896; x_wconf 76' lang='grc' dir='ltr'>Ἰεϐοσθέ.</span> 
     </span>
    </p>
   </div>
   <div class='ocr_carea' id='block_1_105' title="bbox 637 5904 2129 5988">
    <p class='ocr_par' dir='ltr' id='par_1_105' title="bbox 637 5904 2129 5988">
     <span class='ocr_line' id='line_1_105' title="bbox 637 5904 2129 5988; baseline 0.007 -25"><span class='ocrx_word' id='word_1_798' title='bbox 637 5905 714 5982; x_wconf 81' lang='lat'><strong>(9)</strong></span> <span class='ocrx_word' id='word_1_799' title='bbox 744 5904 868 5965; x_wconf 64' lang='lat' dir='ltr'><strong>Hace</strong></span> <span class='ocrx_word' id='word_1_800' title='bbox 893 5904 1113 5964; x_wconf 77' lang='lat' dir='ltr'><strong>nomina</strong></span> <span class='ocrx_word' id='word_1_801' title='bbox 1136 5911 1365 5966; x_wconf 85' lang='lat' dir='ltr'><strong>multum</strong></span> <span class='ocrx_word' id='word_1_802' title='bbox 1394 5910 1605 5969; x_wconf 87' lang='lat' dir='ltr'><strong>variant</strong></span> <span class='ocrx_word' id='word_1_803' title='bbox 1636 5911 1690 5970; x_wconf 89' lang='lat' dir='ltr'><strong>in</strong></span> <span class='ocrx_word' id='word_1_804' title='bbox 1723 5910 1766 5968; x_wconf 93' lang='lat' dir='ltr'><strong>ll</strong></span> <span class='ocrx_word' id='word_1_805' title='bbox 1797 5911 1930 5988; x_wconf 79' lang='lat' dir='ltr'><strong>Reg.</strong></span> <span class='ocrx_word' id='word_1_806' title='bbox 1975 5930 2129 5988; x_wconf 77' lang='lat' dir='ltr'><strong>mu,</strong></span> 
     </span>
    </p>
   </div>
   <div class='ocr_carea' id='block_1_106' title="bbox 2229 4715 3801 4788">
    <p class='ocr_par' dir='ltr' id='par_1_106' title="bbox 2229 4715 3801 4788">
     <span class='ocr_line' id='line_1_106' title="bbox 2229 4715 3801 4788; baseline 0.001 -18"><span class='ocrx_word' id='word_1_807' title='bbox 2229 4717 2441 4781; x_wconf 84' lang='grc' dir='ltr'>κοσίους</span> <span class='ocrx_word' id='word_1_808' title='bbox 2471 4715 2808 4788; x_wconf 82' lang='grc' dir='ltr'>στρατιώτας</span> <span class='ocrx_word' id='word_1_809' title='bbox 2835 4715 3084 4784; x_wconf 78' lang='grc' dir='ltr'>εἰσάπαξ.</span> <span class='ocrx_word' id='word_1_810' title='bbox 3125 4717 3458 4771; x_wconf 76' lang='grc' dir='ltr'>Ἰεσσαιϐαδά</span> <span class='ocrx_word' id='word_1_811' title='bbox 3486 4719 3602 4781; x_wconf 76' lang='grc' dir='ltr'>υίὸς</span> <span class='ocrx_word' id='word_1_812' title='bbox 3647 4718 3801 4788; x_wconf 84' lang='grc' dir='ltr'><strong>Ἀχα-</strong></span> 
     </span>
    </p>
   </div>
   <div class='ocr_carea' id='block_1_107' title="bbox 2229 4803 3798 4881">
    <p class='ocr_par' dir='ltr' id='par_1_107' title="bbox 2229 4803 3798 4881">
     <span class='ocr_line' id='line_1_107' title="bbox 2229 4803 3798 4881; baseline 0 -20"><span class='ocrx_word' id='word_1_813' title='bbox 2229 4811 2397 4880; x_wconf 77' lang='grc' dir='ltr'>μανῆ·</span> <span class='ocrx_word' id='word_1_814' title='bbox 2440 4809 2534 4861; x_wconf 67' lang='grc' dir='ltr'><strong>καὶ</strong></span> <span class='ocrx_word' id='word_1_815' title='bbox 2583 4803 2735 4872; x_wconf 73' lang='grc' dir='ltr'>οὗτος</span> <span class='ocrx_word' id='word_1_816' title='bbox 2787 4809 2989 4860; x_wconf 78' lang='grc' dir='ltr'>ἐσπᾶτο</span> <span class='ocrx_word' id='word_1_817' title='bbox 3035 4807 3130 4879; x_wconf 81' lang='grc' dir='ltr'>τὴν</span> <span class='ocrx_word' id='word_1_818' title='bbox 3184 4809 3453 4881; x_wconf 76' lang='grc' dir='ltr'>ῥομφαίαν</span> <span class='ocrx_word' id='word_1_819' title='bbox 3496 4810 3658 4864; x_wconf 76' lang='grc' dir='ltr'>αὑτοῦ</span> <span class='ocrx_word' id='word_1_820' title='bbox 3712 4810 3798 4864; x_wconf 76' lang='grc' dir='ltr'><strong>ἐπὶ</strong></span> 
     </span>
    </p>
   </div>
   <div class='ocr_carea' id='block_1_108' title="bbox 2224 4900 3798 4972">
    <p class='ocr_par' dir='ltr' id='par_1_108' title="bbox 2224 4900 3798 4972">
     <span class='ocr_line' id='line_1_108' title="bbox 2224 4900 3798 4972; baseline 0.003 -20"><span class='ocrx_word' id='word_1_821' title='bbox 2224 4901 2567 4970; x_wconf 82' lang='grc' dir='ltr'>τριακοσίους</span> <span class='ocrx_word' id='word_1_822' title='bbox 2588 4900 2929 4972; x_wconf 85' lang='grc' dir='ltr'>τραυματίας</span> <span class='ocrx_word' id='word_1_823' title='bbox 2964 4901 3020 4953; x_wconf 84' lang='grc' dir='ltr'><strong>ἐν</strong></span> <span class='ocrx_word' id='word_1_824' title='bbox 3049 4901 3226 4972; x_wconf 82' lang='grc' dir='ltr'>καιρῷ</span> <span class='ocrx_word' id='word_1_825' title='bbox 3263 4902 3362 4955; x_wconf 87' lang='grc' dir='ltr'>ἐνί.</span> <span class='ocrx_word' id='word_1_826' title='bbox 3405 4903 3657 4956; x_wconf 85' lang='grc' dir='ltr'>Ἑλεανᾶν</span> <span class='ocrx_word' id='word_1_827' title='bbox 3691 4904 3798 4966; x_wconf 68' lang='grc' dir='ltr'>υίὸς</span> 
     </span>
    </p>
   </div>
   <div class='ocr_carea' id='block_1_109' title="bbox 2227 4985 3799 5062">
    <p class='ocr_par' dir='ltr' id='par_1_109' title="bbox 2227 4985 3799 5062">
     <span class='ocr_line' id='line_1_109' title="bbox 2227 4985 3799 5062; baseline 0.002 -20"><span class='ocrx_word' id='word_1_828' title='bbox 2227 4989 2414 5059; x_wconf 76' lang='grc' dir='ltr'><strong>Σωσῆο</strong></span> <span class='ocrx_word' id='word_1_829' title='bbox 2453 4985 2626 5054; x_wconf 72' lang='grc' dir='ltr'>οὗτος,</span> <span class='ocrx_word' id='word_1_830' title='bbox 2675 4990 3046 5060; x_wconf 86' lang='grc' dir='ltr'>συναχθέντων</span> <span class='ocrx_word' id='word_1_831' title='bbox 3091 4991 3200 5044; x_wconf 83' lang='grc' dir='ltr'>τῶν</span> <span class='ocrx_word' id='word_1_832' title='bbox 3244 4991 3589 5060; x_wconf 86' lang='grc' dir='ltr'>ἀλλοφύλων,</span> <span class='ocrx_word' id='word_1_833' title='bbox 3642 4992 3799 5062; x_wconf 86' lang='grc' dir='ltr'>μόνος</span> 
     </span>
    </p>
   </div>
   <div class='ocr_carea' id='block_1_110' title="bbox 2225 5081 3801 5154">
    <p class='ocr_par' dir='ltr' id='par_1_110' title="bbox 2225 5081 3801 5154">
     <span class='ocr_line' id='line_1_110' title="bbox 2225 5081 3801 5154; baseline 0.001 -22"><span class='ocrx_word' id='word_1_834' title='bbox 2225 5081 2392 5151; x_wconf 80' lang='grc' dir='ltr'>ἥλατο</span> <span class='ocrx_word' id='word_1_835' title='bbox 2416 5081 2501 5134; x_wconf 76' lang='grc' dir='ltr'>ἐπ’</span> <span class='ocrx_word' id='word_1_836' title='bbox 2533 5082 2730 5145; x_wconf 81' lang='grc' dir='ltr'>αὐτοὺς</span> <span class='ocrx_word' id='word_1_837' title='bbox 2751 5122 2765 5146; x_wconf 96' lang='grc'><strong>,</strong></span> <span class='ocrx_word' id='word_1_838' title='bbox 2802 5082 2898 5134; x_wconf 71' lang='grc' dir='ltr'>καὶ</span> <span class='ocrx_word' id='word_1_839' title='bbox 2927 5083 3122 5146; x_wconf 75' lang='grc' dir='ltr'>αὐτοὺς</span> <span class='ocrx_word' id='word_1_840' title='bbox 3155 5083 3251 5153; x_wconf 84' lang='grc' dir='ltr'>μὲν</span> <span class='ocrx_word' id='word_1_841' title='bbox 3303 5082 3521 5154; x_wconf 79' lang='grc' dir='ltr'>ἀνῄρει,</span> <span class='ocrx_word' id='word_1_842' title='bbox 3569 5081 3710 5136; x_wconf 78' lang='grc' dir='ltr'>ὥστε</span> <span class='ocrx_word' id='word_1_843' title='bbox 3745 5082 3801 5134; x_wconf 76' lang='grc' dir='ltr'>τὸ</span> 
     </span>
    </p>
   </div>
   <div class='ocr_carea' id='block_1_111' title="bbox 2227 5171 3801 5244">
    <p class='ocr_par' dir='ltr' id='par_1_111' title="bbox 2227 5171 3801 5244">
     <span class='ocr_line' id='line_1_111' title="bbox 2227 5171 3801 5244; baseline -0.001 -18"><span class='ocrx_word' id='word_1_844' title='bbox 2227 5171 2354 5243; x_wconf 87' lang='grc' dir='ltr'>δόρυ</span> <span class='ocrx_word' id='word_1_845' title='bbox 2397 5172 2713 5242; x_wconf 79' lang='grc' dir='ltr'>ἐμπαγῆναι</span> <span class='ocrx_word' id='word_1_846' title='bbox 2761 5174 2826 5243; x_wconf 83' lang='grc' dir='ltr'>τῇ</span> <span class='ocrx_word' id='word_1_847' title='bbox 2862 5172 3005 5244; x_wconf 65' lang='grc' dir='ltr'><strong>χειρλ⁸</strong></span> <span class='ocrx_word' id='word_1_848' title='bbox 3051 5171 3215 5225; x_wconf 80' lang='grc' dir='ltr'>αὐτοῦ</span> <span class='ocrx_word' id='word_1_849' title='bbox 3243 5189 3255 5202; x_wconf 83' lang='lat'><strong><em>°</em></strong></span> <span class='ocrx_word' id='word_1_850' title='bbox 3287 5173 3314 5225; x_wconf 90' lang='lat'><strong>6</strong></span> <span class='ocrx_word' id='word_1_851' title='bbox 3353 5172 3408 5225; x_wconf 82' lang='grc' dir='ltr'>δὲ</span> <span class='ocrx_word' id='word_1_852' title='bbox 3455 5171 3580 5235; x_wconf 71' lang='grc' dir='ltr'>λαὸς</span> <span class='ocrx_word' id='word_1_853' title='bbox 3630 5171 3801 5224; x_wconf 76' lang='grc' dir='ltr'>ὀπίσω</span> 
     </span>
    </p>
   </div>
   <div class='ocr_carea' id='block_1_112' title="bbox 2228 5258 3802 5336">
    <p class='ocr_par' dir='ltr' id='par_1_112' title="bbox 2228 5258 3802 5336">
     <span class='ocr_line' id='line_1_112' title="bbox 2228 5258 3802 5336; baseline -0.001 -21"><span class='ocrx_word' id='word_1_854' title='bbox 2228 5262 2391 5316; x_wconf 74' lang='grc' dir='ltr'>αὑτοῦ</span> <span class='ocrx_word' id='word_1_855' title='bbox 2423 5264 2701 5317; x_wconf 86' lang='grc' dir='ltr'>ἐσκύλευε.</span> <span class='ocrx_word' id='word_1_856' title='bbox 2735 5266 2904 5336; x_wconf 83' lang='grc' dir='ltr'>Μαρᾶ</span> <span class='ocrx_word' id='word_1_857' title='bbox 2935 5265 3050 5328; x_wconf 81' lang='grc' dir='ltr'>υἱὸς</span> <span class='ocrx_word' id='word_1_858' title='bbox 3091 5265 3241 5328; x_wconf 83' lang='grc' dir='ltr'><strong>Ἀσᾶ,</strong></span> <span class='ocrx_word' id='word_1_859' title='bbox 3273 5265 3300 5318; x_wconf 90' lang='grc' dir='ltr'><strong>ό</strong></span> <span class='ocrx_word' id='word_1_860' title='bbox 3323 5266 3652 5336; x_wconf 84' lang='grc' dir='ltr'>Σαρουχαῖος</span> <span class='ocrx_word' id='word_1_861' title='bbox 3672 5280 3685 5292; x_wconf 76' lang='grc' dir='ltr'><strong><em>ο</em></strong></span> <span class='ocrx_word' id='word_1_862' title='bbox 3718 5258 3802 5315; x_wconf 67' lang='grc' dir='ltr'><strong>οἶδ-</strong></span> 
     </span>
    </p>
   </div>
   <div class='ocr_carea' id='block_1_113' title="bbox 2227 5355 3802 5427">
    <p class='ocr_par' dir='ltr' id='par_1_113' title="bbox 2227 5355 3802 5427">
     <span class='ocr_line' id='line_1_113' title="bbox 2227 5355 3802 5427; baseline -0.001 -18"><span class='ocrx_word' id='word_1_863' title='bbox 2227 5372 2319 5419; x_wconf 88' lang='grc' dir='ltr'>τος</span> <span class='ocrx_word' id='word_1_864' title='bbox 2356 5355 2686 5410; x_wconf 82' lang='grc' dir='ltr'>ἐπελθόντων</span> <span class='ocrx_word' id='word_1_865' title='bbox 2726 5356 2832 5411; x_wconf 79' lang='grc' dir='ltr'>τῶν</span> <span class='ocrx_word' id='word_1_866' title='bbox 2858 5356 3191 5427; x_wconf 82' lang='grc' dir='ltr'>ἀλλοφύλων,</span> <span class='ocrx_word' id='word_1_867' title='bbox 3229 5359 3322 5410; x_wconf 76' lang='grc' dir='ltr'>καὶ</span> <span class='ocrx_word' id='word_1_868' title='bbox 3351 5356 3684 5427; x_wconf 82' lang='grc' dir='ltr'>βουλομένων</span> <span class='ocrx_word' id='word_1_869' title='bbox 3709 5357 3802 5425; x_wconf 87' lang='grc' dir='ltr'>ἀρ-</span> 
     </span>
    </p>
   </div>
   <div class='ocr_carea' id='block_1_114' title="bbox 2230 5445 3798 5523">
    <p class='ocr_par' dir='ltr' id='par_1_114' title="bbox 2230 5445 3798 5523">
     <span class='ocr_line' id='line_1_114' title="bbox 2230 5445 3798 5523; baseline 0.002 -24"><span class='ocrx_word' id='word_1_870' title='bbox 2230 5449 2400 5500; x_wconf 83' lang='grc' dir='ltr'>πάσαι</span> <span class='ocrx_word' id='word_1_871' title='bbox 2442 5447 2540 5520; x_wconf 79' lang='grc' dir='ltr'>τὴν</span> <span class='ocrx_word' id='word_1_872' title='bbox 2593 5449 2784 5522; x_wconf 87' lang='grc' dir='ltr'>μερίδα</span> <span class='ocrx_word' id='word_1_873' title='bbox 2811 5449 2904 5503; x_wconf 78' lang='grc' dir='ltr'>τοῦ</span> <span class='ocrx_word' id='word_1_874' title='bbox 2949 5450 3118 5520; x_wconf 75' lang='grc' dir='ltr'>ἀγροῦ</span> <span class='ocrx_word' id='word_1_875' title='bbox 3143 5489 3158 5513; x_wconf 92' lang='grc'><strong>,</strong></span> <span class='ocrx_word' id='word_1_876' title='bbox 3187 5449 3368 5523; x_wconf 79' lang='grc' dir='ltr'>πλήρη</span> <span class='ocrx_word' id='word_1_877' title='bbox 3400 5445 3561 5502; x_wconf 77' lang='grc' dir='ltr'>οὖσαν</span> <span class='ocrx_word' id='word_1_878' title='bbox 3604 5449 3798 5518; x_wconf 79' lang='grc' dir='ltr'>φακῆς,</span> 
     </span>
    </p>
   </div>
   <div class='ocr_carea' id='block_1_115' title="bbox 2229 5539 3802 5615">
    <p class='ocr_par' dir='ltr' id='par_1_115' title="bbox 2229 5539 3802 5615">
     <span class='ocr_line' id='line_1_115' title="bbox 2229 5539 3802 5615; baseline -0.003 -20"><span class='ocrx_word' id='word_1_879' title='bbox 2229 5539 2322 5595; x_wconf 77' lang='grc' dir='ltr'>τοῦ</span> <span class='ocrx_word' id='word_1_880' title='bbox 2354 5559 2412 5594; x_wconf 88' lang='grc' dir='ltr'><strong>τε</strong></span> <span class='ocrx_word' id='word_1_881' title='bbox 2439 5541 2566 5595; x_wconf 79' lang='grc' dir='ltr'>λαοῦ</span> <span class='ocrx_word' id='word_1_882' title='bbox 2598 5544 2878 5612; x_wconf 80' lang='grc' dir='ltr'>φυγόντος,</span> <span class='ocrx_word' id='word_1_883' title='bbox 2915 5544 3074 5615; x_wconf 89' lang='grc' dir='ltr'>μόνος</span> <span class='ocrx_word' id='word_1_884' title='bbox 3107 5543 3234 5614; x_wconf 84' lang='grc' dir='ltr'>ἐστη</span> <span class='ocrx_word' id='word_1_885' title='bbox 3261 5558 3273 5571; x_wconf 88' lang='grc'><strong>·</strong></span> <span class='ocrx_word' id='word_1_886' title='bbox 3308 5543 3400 5595; x_wconf 68' lang='grc' dir='ltr'>καὶ</span> <span class='ocrx_word' id='word_1_887' title='bbox 3426 5543 3549 5604; x_wconf 77' lang='grc' dir='ltr'>τοὺς</span> <span class='ocrx_word' id='word_1_888' title='bbox 3585 5542 3684 5612; x_wconf 87' lang='grc' dir='ltr'>μὲν</span> <span class='ocrx_word' id='word_1_889' title='bbox 3716 5540 3802 5593; x_wconf 81' lang='grc' dir='ltr'>ἀλο</span> 
     </span>
    </p>
   </div>
   <div class='ocr_carea' id='block_1_116' title="bbox 2229 5631 3794 5707">
    <p class='ocr_par' dir='ltr' id='par_1_116' title="bbox 2229 5631 3794 5707">
     <span class='ocr_line' id='line_1_116' title="bbox 2229 5631 3794 5707; baseline -0.003 -19"><span class='ocrx_word' id='word_1_890' title='bbox 2229 5633 2490 5704; x_wconf 84' lang='grc' dir='ltr'>λοφύλους</span> <span class='ocrx_word' id='word_1_891' title='bbox 2517 5634 2724 5700; x_wconf 80' lang='grc' dir='ltr'>ἐδίωξε,</span> <span class='ocrx_word' id='word_1_892' title='bbox 2758 5635 2848 5690; x_wconf 88' lang='grc' dir='ltr'><strong>τὸν</strong></span> <span class='ocrx_word' id='word_1_893' title='bbox 2880 5635 2936 5688; x_wconf 86' lang='grc' dir='ltr'><strong>δέ</strong></span> <span class='ocrx_word' id='word_1_894' title='bbox 2970 5635 3164 5707; x_wconf 88' lang='grc' dir='ltr'>μερίδα</span> <span class='ocrx_word' id='word_1_895' title='bbox 3198 5633 3292 5688; x_wconf 81' lang='grc' dir='ltr'>τοῦ</span> <span class='ocrx_word' id='word_1_896' title='bbox 3326 5632 3492 5704; x_wconf 81' lang='grc' dir='ltr'>ἀγροῦ</span> <span class='ocrx_word' id='word_1_897' title='bbox 3519 5631 3794 5702; x_wconf 71' lang='grc' dir='ltr'>ἐφύλαξεν.</span> 
     </span>
    </p>
   </div>
   <div class='ocr_carea' id='block_1_117' title="bbox 2235 5840 2904 5914">
    <p class='ocr_par' dir='ltr' id='par_1_117' title="bbox 2235 5840 2904 5914">
     <span class='ocr_line' id='line_1_117' title="bbox 2235 5840 2904 5914; baseline -0.012 -13"><span class='ocrx_word' id='word_1_898' title='bbox 2235 5853 2289 5901; x_wconf 90' lang='lat' dir='ltr'><strong>et</strong></span> <span class='ocrx_word' id='word_1_899' title='bbox 2320 5843 2375 5900; x_wconf 86' lang='lat' dir='ltr'><strong>in</strong></span> <span class='ocrx_word' id='word_1_900' title='bbox 2405 5841 2425 5897; x_wconf 91' lang='lat' dir='ltr'><strong>l</strong></span> <span class='ocrx_word' id='word_1_901' title='bbox 2469 5840 2702 5914; x_wconf 84' lang='lat' dir='ltr'><strong>Paralip.</strong></span> <span class='ocrx_word' id='word_1_902' title='bbox 2735 5855 2904 5898; x_wconf 77' lang='lat' dir='ltr'><strong>xxvii.</strong></span> 
     </span>
    </p>
   </div>
  </div>
