4008 6404
239 451 322 510 5"
1401 469 1742 534 SYNOPSIS
1781 476 2192 537 SCRIPTURIE
2233 483 2503 541 SACRlE.
3430 485 3538 542 318

253 576 531 652 Ἐλεάζαρ,
573 583 716 649 υἱὸς
747 588 1156 664 Δωδεθαρχωνί
1175 611 1186 625 ·
1217 594 1309 647 xal
1329 587 1503 660 οὗτος,
1537 600 1750 670 μερίδος
1783 600 1842 654 ού

1982 612 2228 670 secutus,
2252 605 2516 662 hordeum
2560 606 2800 664 defendit
2831 622 2894 662 ac
2944 606 3198 664 servavit.
3228 605 3365 661 Tres
3405 620 3538 660 vero
3581 601 3589 609 ’

250 672 613 769 ρης-κριθῶν,
653 679 772 732 καὶ
805 680 1153 738 ἐπελθόντων
1180 684 1288 738 τῶν
1320 686 1634 755 ἀλλοφύλων
1653 728 1666 752 ,
1696 689 1790 742 τοῦ
1813 707 1849 742 τε

1975 695 2142 751 fortes
2169 713 2234 751 ex
2268 699 2491 769 triginta
2534 709 2689 754 erant
2729 715 2855 754 cum
2883 698 3104 754 Davide.
3148 698 3365 753 Etcum
3409 697 3538 751 Phi-

251 758 361 860 λιιοῦ
392 763 713 860 φυγδντος,
755 769 936 839 μόνος
963 773 1238 846 ἐστηλὼθη
1259 791 1274 806 ο
1307 777 1400 829 καὶ
1431 779 1553 840 τοὺς
1585 778 1682 848 μὲν
1717 778 1849 832 ἀλλο·

1973 786 2166 842 listhaei
2196 787 2506 843 Bethlehem
2547 790 2833 847 obsidione
2880 791 3215 853 cinxissent,
3260 799 3422 860 atque
3469 805 3538 844 ex

257 852 433 922 φύλους
483 854 696 924 ἐδίωξε
716 899 736 923 ,
770 861 886 931 τὴν
920 863 978 915 δὲ
1005 863 1192 937 κριθὴν
1221 865 1408 920 ἔσωσε.
1445 867 1604 938 Τρεῖς
1633 869 1688 922 δὲ
1713 869 1872 924 δυνα-

259 945 326 996 τοὶ
351 945 460 998 ἀπὸ
484 945 605 999 τῶν
629 950 966 1020 τριάκοντα
987 950 1124 1026 ἦσαν
1157 956 1293 1025 μετὰ
1312 957 1407 1010 τοῦ
1435 959 1616 1026 Aa6l6,
1649 962 1744 1014 καὶ
1765 962 1873 1016 τῶν

265 1036 561 1107 ἀλλοφύλων
593 1041 1033 1100 κυκλωσάντων
1069 1047 1165 1119 τὴν
1203 1049 1470 1120 Βηθλεέμ,
1501 1052 1594 1105 τοῦ
1619 1053 1675 1106 δὲ
1709 1055 1872 1108 Aa6l6

271 1128 709 1200 ἐπιθυμήσαντος
760 1140 920 1190 πιεῖν
946 1139 1012 1192 ἐκ
1038 1139 1129 1193 τοῦ
1161 1141 1360 1196 λάκκου
1390 1143 1482 1196 τοῦ
1509 1144 1569 1198 ἐν
1603 1144 1870 1216 Βηθλεέμ,

272 1221 504 1293 διέϐησαν
538 1225 593 1276 οί
629 1229 820 1297 τρεῖς,
856 1231 958 1284 καὶ
983 1231 1368 1303 διαρρήξαντες
1395 1234 1494 1306 τὴν
1523 1236 1870 1308 παρεμϐολὴν

276 1310 364 1364 τῶν
389 1312 740 1382 ἀλλοφύλων,
781 1317 1120 1389 ὑδρεύσαντο
1148 1324 1212 1374 ἐκ
1239 1321 1332 1374 τοῦ
1359 1322 1583 1388 λάκκου,
1611 1324 1706 1376 καὶ
1743 1323 1868 1394 ἠνε-

279 1421 396 1474 γκαν
423 1405 569 1479 ὕδωρ
597 1408 684 1480 τῷ
716 1410 914 1464 Δαϐίδ.
956 1411 1252 1484 Θαυμάσας
1281 1413 1336 1468 δὲ
1365 1417 1393 1468 6
1430 1415 1594 1468 Aa6l6
1637 1415 1735 1488 τὴν
1779 1415 1869 1468 δύ-

279 1513 420 1566 ναμιν
450 1498 659 1562 αὐτῶν,
700 1499 765 1552 τὸ
794 1501 902 1570 μὲν
931 1501 1076 1572 ὕδωρ
1100 1504 1334 1570 ἐδέξατο,
1363 1506 1506 1558 πιεῖν
1537 1505 1594 1558 δὲ
1626 1506 1725 1559 οὐκ
1752 1505 1869 1558 ἐθέ-

279 1584 440 1655 λησεν·
472 1588 591 1641 ἀλλ’
624 1589 893 1644 ἔσπεισεν
918 1592 1051 1646 αὐτὸ
1074 1593 1151 1664 τῷ
1176 1595 1363 1666 Κυρίῳ
1392 1595 1582 1664 λέγων’
1625 1614 1644 1648 ι
1680 1595 1867 1662 Ἵλεώς

285 1695 394 1748 μοι,
422 1680 598 1752 Κύριε
623 1720 642 1747 ,
680 1682 849 1736 τοῦτο
885 1685 1141 1756 ποιῆσαιο
1176 1687 1224 1739 εί
1258 1680 1396 1757 αἷμα
1427 1686 1535 1740 τῶν
1567 1687 1867 1760 ἀνθρώπων

282 1771 374 1824 τῶν
404 1773 787 1844 πορευθέντων
821 1778 950 1840 ταῖς
989 1776 1188 1848 ψυχαῖς
1229 1778 1407 1832 αὐτῶν
1441 1779 1670 1850 πίομαι;
1707 1799 1726 1832 ι
1760 1781 1867 1834 Βα-

283 1862 410 1927 νέας,
446 1864 564 1929 υίὸς
602 1867 816 1934 Ἱωδαέ,
855 1869 1032 1922 πολλὰ
1065 1870 1162 1940 μὲν
1197 1871 1450 1942 ἐποίησεν
1476 1871 1610 1944 ἔργα
1642 1873 1861 1927 δυνατάο

1972 877 2207 931 cisterna
2235 878 2546 935 Bethlehcm
2601 880 2786 935 bibere
2829 888 3048 952 cuperet
3086 880 3284 944 David,
3336 881 3390 934 bi
3422 889 3540 934 tres

1971 978 2149 1024 castra
2182 970 2633 1026 Philisthinorum
2661 982 3041 1041 perruperunt,
3077 972 3439 1040 haustamque
3467 987 3534 1025 ex

1969 1059 2206 1115 cisterna
2235 1077 2432 1131 aquam
2465 1061 2654 1117 Davidi
2675 1063 2990 1117 attulerunt.
3014 1063 3329 1117 Admiratus
3362 1059 3534 1112 David

1969 1151 2211 1222 ipsorum
2236 1155 2494 1208 virtutem
2537 1171 2731 1225 aquam
2767 1155 2984 1226 quidem
3037 1154 3285 1224 accepit,
3346 1152 3534 1207 bibere

1967 1255 2096 1295 vero
2147 1242 2367 1308 noluit,
2425 1242 2520 1299 sed
2581 1244 2766 1298 libavit
2818 1260 2936 1299 eam
2972 1243 3240 1310 Domino,
3307 1242 3530 1297 dicens:

1973 1349 1993 1382 ι
2028 1329 2305 1403 Propitius
2335 1335 2406 1389 sit
2445 1334 2579 1389 mihi
2629 1333 2911 1401 Dominus,
2944 1351 3013 1390 ne
3056 1335 3159 1390 hoc
3189 1334 3407 1388 faciam.
3446 1331 3530 1384 An

1967 1425 2282 1494 sanguinem
2316 1426 2541 1480 istorum
2572 1427 2882 1490 hominum,
2926 1427 3017 1496 qui
3063 1441 3185 1480 cum
3226 1426 3530 1478 animarum

1966 1530 2187 1570 suarum
2234 1517 2478 1587 periculo
2515 1518 2741 1588 profecti
2775 1525 2900 1572 sunt
2930 1516 3110 1571 bibam
3151 1515 3233 1568 ⁸⁵7
3268 1534 3285 1565 ι
3321 1513 3530 1567 Baneas

1967 1603 2110 1660 filius
2136 1604 2306 1671 Jodaa,
2351 1607 2444 1676 qui
2474 1609 2644 1662 multa
2668 1607 2826 1662 fortia
2860 1607 3000 1660 facta
3035 1604 3359 1675 designavit,
3389 1609 3444 1656 et
3465 1600 3531 1654 fi-

1964 1695 2067 1750 lios
2104 1696 2249 1752 Ariel
2277 1697 2432 1752 Moab
2462 1698 2754 1768 percussit,
2789 1703 2843 1752 et
2872 1712 2995 1750 cum
3042 1696 3096 1750 in
3137 1695 3226 1748 die
3278 1693 3418 1746 nivis
3459 1690 3530 1744 ad

1963 1788 2256 1843 cisternam
2306 1789 2716 1853 descendisset,
2766 1789 2975 1844 leonem
3020 1785 3310 1857 percussit.
3351 1781 3449 1835 llic
3476 1789 3531 1834 et

1965 1877 2158 1934 fortem
2190 1881 2480 1948 quemdam
2501 1881 2677 1936 virum
2705 1878 3020 1951 Egyptium
3053 1876 3292 1947 quinque
3312 1872 3527 1927 cubito-

285 1953 500 2020 ἐπάταξε
549 1957 610 2010 δὲ
651 1960 750 2013 καὶ
795 1961 931 2024 τοὺς
964 1962 1115 2024 υίοὺς
1152 1961 1339 2034 Ἀριὴλ
1385 1961 1480 2016 τοῦ
1524 1963 1719 2029 Μωάὁ,
1766 1965 1849 2018 καλ

1960 1987 2078 2025 rum
2109 1979 2372 2026 staturam
2406 1974 2736 2038 habentem,
2782 1980 2835 2027 et
2887 1972 3098 2026 hastam
3143 1969 3316 2022 instar
3365 1963 3528 2020 scala

285 2048 508 2113 καταϐάς
536 2050 596 2104 ἐν
641 2052 834 2125 ἡμέρᾳ
878 2053 1055 2125 χιόνος
1095 2057 1173 2119 είς
1218 2055 1451 2122 λάκκον,
1481 2057 1716 2123 ἐπάταξε
1767 2059 1857 2113 τὸν

283 2137 473 2194 λέοντα.
507 2138 676 2207 Οὗτος
708 2146 958 2213 ἐπάταξε
984 2148 1077 2200 καὶ
1110 2147 1276 2220 ἄνδρα
1308 2147 1527 2202 δυνατὸν
1565 2149 1858 2219 Αίγύπτιον

283 2232 619 2303 πεντάπηχυν
647 2233 801 2299 ὄντα,
836 2237 935 2290 καὶ
983 2237 1172 2307 ἔχοντα
1219 2238 1345 2311 δόρυ
1371 2239 1446 2303 ὼς
1485 2239 1638 2304 ξύλον
1668 2240 1858 2295 διαϐά-

285 2320 435 2392 θρας·
476 2324 736 2395 ἀρπάσας
770 2326 887 2399 γὰρ
931 2329 1027 2381 ἀπ’
1074 2330 1234 2384 αὐτοῦ
1278 2330 1338 2383 τὸ
1369 2331 1493 2403 δόρυ
1547 2335 1661 2404 μετ’
1695 2332 1857 2386 αὑτοῦ

282 2413 449 2466 τοῦτον
475 2416 823 2474 ἀπέκτεινεν.
863 2419 1058 2474 Ἀὃισᾶ
1098 2421 1324 2491 ἀδελφὸς
1365 2423 1550 2488 Ἰωάδ,
1595 2424 1710 2487 υίὸς
1750 2425 1858 2476 Σα-

287 2506 454 2577 ρουίας
476 2509 578 2578 τῆς
603 2510 846 2582 ἀδελφῆς
874 2512 1060 2565 Δαϐίδ.
1115 2513 1328 2583 Ἀρχων
1359 2513 1455 2583 μὲν
1483 2509 1550 2584 ἦν
1582 2513 1676 2566 καὶ
1701 2509 1853 2577 οὗτος

284 2597 334 2650 ἐν
358 2602 460 2662 τοῖς
489 2603 919 2674 προειρημένοις
947 2604 1144 2674 τρισίν·
1175 2605 1334 2667 αὐτὸς
1353 2604 1410 2657 δέ
1435 2604 1670 2669 ἐπάταξε
1689 2623 1853 2676 τραυ-

285 2689 466 2757 ματίας
499 2693 796 2763 τριάκοντα
842 2693 1032 2763 δόρατι
1064 2697 1119 2747 ἐν
1148 2693 1322 2765 καιρῷ
1355 2712 1482 2759 τινι,
1511 2697 1603 2749 καὶ
1632 2695 1853 2766 ἔτρεχεν

280 2779 348 2843 ὡς
375 2781 567 2854 δορκάς
599 2786 656 2837 ἐν
703 2789 821 2850 τοῖς
866 2786 1040 2858 ὄρεσι.
1068 2786 1176 2840 Kal
1218 2785 1379 2840 πάλιν
1424 2788 1582 2851 αὐτὸς
1615 2789 1850 2854 ἐπάταξε

279 2871 365 2923 καὶ
408 2873 713 2928 ἐθανάτωσε
751 2861 848 2929 τὸν
890 2876 1128 2941 Ἐσὸιὲν,
1173 2876 1394 2931 θέλοντα
1424 2877 1712 2950 ἀναιρῆσαι
1760 2880 1852 2934 τὸν

276 2963 445 3018 Δαῦίδ.
477 2962 584 3018 Ἦν
608 2967 665 3020 δὲ
696 2970 726 3021 6
767 2968 985 3021 Ἐσὸιέν
1013 2969 1230 3039 ἔκγονος
1262 2969 1356 3023 τοῦ
1398 2971 1571 3040 Ῥαφᾶ
1593 2988 1606 3002 ·
1634 2972 1760 3045 δόρυ
1793 2972 1851 3026 δέ

275 3051 380 3126 εἶχε
417 3059 656 3130 σταθμοῦ
700 3061 870 3132 ὁλκῆς
908 3061 1110 3132 χαλκοῦ
1154 3062 1442 3133 τριάκοντα
1488 3062 1717 3129 σίκλων,
1757 3065 1851 3118 καὶ

1961 2064 2191 2118 neuticze
2209 2073 2533 2134 gestantem,
2557 2064 2864 2136 percussit:
2889 2064 3099 2119 hastam
3153 2060 3297 2114 enim
3326 2057 3400 2111 illi
3429 2055 3526 2110 ad-

1959 2154 2110 2219 emit,
2143 2169 2206 2209 ac
2252 2156 2342 2209 illa
2389 2172 2512 2211 eum
2542 2155 2759 2211 occidit.
2787 2153 2952 2209 Abisa
3001 2152 3168 2206 frater
3194 2149 3330 2204 Joab
3383 2147 3526 2200 filius

1960 2243 2165 2301 Sarvia:
2205 2249 2412 2303 sororis
2449 2247 2688 2313 Davidis,
2715 2245 2970 2316 princeps
2998 2251 3114 2299 erat
3143 2251 3197 2297 et
3236 2241 3338 2295 iste
3381 2239 3526 2290 inter

1957 2341 2092 2400 trcs,
2126 2337 2194 2391 de
2219 2337 2418 2408 quibus
2449 2338 2654 2392 dictum
2683 2345 2786 2392 est.
2831 2336 3113 2390 Percussit
3159 2340 3339 2385 autem
3385 2335 3526 2381 tem-

1957 2441 2088 2496 pore
2114 2427 2348 2496 quodam
2384 2428 2605 2498 triginta
2636 2427 2948 2482 vulneratos
2980 2424 3166 2476 lancea
3201 2434 3321 2482 sua,
3344 2422 3398 2470 et
3430 2427 3524 2466 ca-

1955 2531 2097 2585 preae
2160 2519 2336 2573 instar
2383 2520 2638 2574 currebat
2695 2519 2749 2572 in
2801 2515 3111 2571 montibus:
3163 2518 3216 2565 et
3261 2513 3522 2579 pra-terea

1956 2609 2225 2676 percussit
2262 2617 2315 2662 et
2350 2609 2548 2663 occidit
2599 2607 2818 2670 Esbien,
2843 2606 2934 2676 qui
2964 2601 3222 2657 Davidem
3271 2595 3523 2653 occidere

1955 2699 2191 2754 volebat.
2220 2698 2348 2754 Erat
2398 2709 2578 2754 autem
2627 2699 2827 2754 Esbien
2857 2697 2923 2752 dc
2956 2709 3154 2767 genere
3214 2690 3430 2758 Rapha,
3468 2692 3524 2741 et

1954 2788 2110 2844 hasta
2160 2791 2331 2862 ipsius
2377 2799 2649 2846 trecentos
2683 2791 2808 2844 aeris
2858 2789 3022 2844 siclos
3053 2782 3413 2857 ponderabat,
3467 2782 3522 2831 et

1954 2882 2160 2938 clavam
2192 2885 2456 2954 gestabat.
2487 2883 2674 2955 Itaque
2719 2883 2810 2938 isti
2843 2890 2998 2937 erant
3030 2877 3210 2948 magni
3242 2882 3295 2930 et
3339 2882 3523 2943 poten-

1953 2985 2058 3032 tes.
2107 2977 2432 3033 Bellatorum
2461 2989 2640 3034 autem
2688 2979 2744 3032 in
2774 2976 3088 3031 universum
3128 2969 3316 3025 habuit
3349 2963 3520 3018 David

1953 3069 2231 3140 myriades
2257 3071 2478 3140 triginta
2499 3081 2732 3141 quatuor
2753 3076 2808 3124 et
2828 3068 3114 3122 ducentos.

274 3157 699 3227 πριεζωσμόνος
750 3152 820 3229 ἦν
860 3157 1114 3230 κορύνην.
1157 3152 1316 3212 Οὗτοι
1350 3160 1446 3230 μὲν
1484 3155 1577 3213 οὖν
1630 3159 1852 3231 μεγάλοι
1890 3165 1983 3217 καὶ
2018 3161 2236 3220 δυνατοὶ
2267 3161 2406 3237 ἦσαν
2441 3182 2454 3196 ⁸
2499 3167 2625 3229 τοὺς
2663 3165 2720 3218 δέ
2764 3159 3091 3232 πολεμιστάς
3154 3155 3359 3216 πάντας
3408 3145 3518 3220 εἶχε

268 3250 424 3304 Δαδὶδ
463 3253 738 3324 μυριάδας
771 3253 1066 3324 τριάκοντα
1098 3254 1366 3327 τέσσαρας
1392 3257 1486 3309 καὶ
1524 3255 1846 3322 διακοσίους.

403 3351 653 3404 Βιϐλίων
687 3357 746 3414 ι’,
779 3349 1094 3404 Βασιλεῖαι
1110 3353 1273 3419 τρίτη
1297 3351 1394 3404 καὶ
1423 3351 1694 3423 τετάρτη.

331 3441 415 3495 15.
469 3443 568 3495 Ἐν
617 3443 718 3514 μὲν
749 3441 845 3498 οὖν
887 3445 954 3514 τῇ
991 3443 1146 3514 τρίτη
1177 3443 1337 3498 πάλιν
1362 3444 1699 3516 περιέχεται,
1735 3446 1841 3510 ὃτι,

262 3534 600 3604 γηράσαντος
642 3533 739 3586 τοῦ
793 3535 984 3597 Aa6l6,
1032 3535 1245 3605 ἐπαίρει
1287 3535 1477 3589 ἐαυτὸν
1531 3537 1785 3601 Ἀδωνίας
1818 3540 1847 3592 6

262 3626 370 3689 υίὸς
398 3627 586 3692 αὑτοῦ,
641 3628 738 3681 καὶ
793 3629 969 3699 χωρίς
999 3628 1090 3681 τοῦ
1113 3628 1318 3700 πατρὸς
1361 3628 1683 3700 ἀναγορεύει
1720 3630 1847 3682 ἐαυ-

259 3716 348 3767 τὸν
376 3717 622 3786 βασιλέα.
664 3718 776 3772 Kal
807 3717 969 3771 τοῦτο
1021 3718 1204 3789 μαθὼν
1227 3720 1257 3770 6
1285 3719 1468 3784 Aa6l6,
1521 3719 1842 3774 ἀποστέλλει

258 3805 439 3864 Ναϐὰν
465 3807 561 3862 τὸν
594 3809 912 3881 προφήτην,
945 3808 1038 3861 καὶ
1074 3808 1260 3862 Σαδὼκ
1287 3809 1377 3861 τὸν
1406 3808 1575 3879 ἱερέα,
1612 3810 1704 3861 καὶ
1736 3810 1844 3863 Βα-

258 3895 379 3950 νέαν
405 3899 520 3951 υἱὸν
549 3899 758 3960 Ἰωδαὲ,
791 3897 890 3950 καὶ
922 3895 1224 3952 ἐντέλλεται
1256 3900 1462 3962 αὐτοῖς,
1499 3899 1594 3951 καὶ
1627 3896 1842 3969 χρίουσι

257 3985 347 4038 τὴν
374 3988 678 4059 Σαλομῶνα
709 3989 792 4052 είς
832 3986 1058 4057 βασιλέα
1109 3987 1190 4041 ἐτι
1241 3986 1442 4053 ζῶντος
1489 3987 1586 4042 τοῦ
1655 3987 1838 4040 Δαὸὶδ.

266 4078 328 4131 Ὀ
358 4081 453 4150 μὲν
485 4077 584 4135 οὖν
626 4079 890 4142 Ἀδωνίας
944 4078 1105 4143 εὐθὺς
1136 4079 1464 4132 καταλύεται
1497 4096 1512 4112 °
1543 4080 1572 4132 6
1600 4079 1657 4132 δὲ
1687 4078 1843 4132 Σαλο-

258 4163 391 4233 μῶν,
445 4167 858 4237 διαδεξάμενος,
895 4166 1165 4237 οἰκοδομεῖ
1188 4169 1277 4222 τὸν
1308 4164 1454 4221 οἶκον
1492 4167 1586 4221 τοῦ
1631 4169 1838 4238 Κυρίου

255 4258 348 4309 καὶ
370 4259 428 4311 τὸ
453 4261 642 4329 τεῖχος
687 4257 1049 4328 Ἰερουσαλὴμ
1076 4259 1132 4311 ἐν
1171 4257 1310 4312 ἑπτά
1343 4260 1539 4312 ἐτεσιν.
1571 4253 1754 4312 Ἦσαν
1779 4257 1838 4310 δὲ

254 4348 400 4418 αὖτῷ
429 4350 540 4402 ἀπὸ
566 4349 679 4401 τῶν
711 4348 1070 4420 προσηλύτων
1092 4348 1336 4419 αἴροντες
1371 4349 1468 4420 μὲν
1487 4347 1646 4419 ἄρσιν
1685 4347 1836 4402 ἐϐδο-

256 4443 492 4510 μήκοντα
523 4440 770 4512 χιλιάδες
800 4457 815 4470 ο
847 4439 1074 4509 λατόμοι
1098 4439 1154 4492 δὲ
1175 4440 1336 4494 πάλιν
1366 4439 1473 4494 ἀπὸ
1503 4440 1611 4493 τῶν
1634 4457 1838 4512 προση-

255 4532 421 4588 λύτων
457 4535 722 4606 μυριάδες
752 4531 921 4586 ὀκτώ.
957 4530 1411 4596 Ἐπιστατοῦντας
1443 4533 1498 4586 δὲ
1522 4535 1634 4597 τοῖς
1656 4533 1837 4604 ἔργοις

256 4622 364 4696 εἶχε
383 4627 720 4698 τρισχιλίους
753 4625 870 4695 (10)
914 4625 1106 4677 εἴκοσι.
1144 4625 1254 4677 Kal
1281 4626 1360 4687 εἰς
1387 4625 1485 4695 μὲν
1501 4624 1599 4695 τὴν
1631 4624 1835 4696 τροφὴν

2135 3349 2291 3406 Liber
2321 3351 2393 3417 X,
2433 3349 2725 3422 Regnorum
2765 3349 2950 3404 tertius
2986 3363 3049 3401 ac
3077 3354 3321 3416 quartus.

2019 3439 2109 3494 l5.
2151 3439 2210 3493 In
2244 3441 2408 3495 tertio
2456 3440 2770 3510 Regnorum
2813 3437 3160 3493 continentur
3197 3436 3300 3489 ista
3335 3429 3520 3486 :Ado-

1945 3530 2090 3595 nias,
2117 3531 2272 3586 senio
2300 3531 2414 3600 jam
2449 3540 2672 3602 gravato
2718 3529 2921 3584 Davide
2945 3536 3124 3600 patre,
3157 3526 3400 3595 seipsum
3421 3538 3519 3577 ex-

1946 3622 2108 3686 tollit,
2141 3628 2194 3676 et
2218 3621 2337 3695 sine
2366 3623 2540 3690 patris
2572 3622 2912 3677 conscientia
2949 3636 3132 3690 regem
3159 3635 3219 3674 se
3250 3619 3514 3673 declarat.

1944 3712 2066 3778 Quo
2096 3712 2316 3782 cognito
2357 3711 2549 3777 David,
2613 3713 2783 3766 mittit
2847 3711 3060 3765 Nathan
3101 3709 3418 3781 prophetam
3463 3717 3519 3762 et

1947 3804 2160 3860 Sadoch
2188 3804 2552 3868 sacerdotem,
2585 3819 2647 3858 ac
2697 3803 2932 3858 Baneam
2959 3802 3126 3857 filium
3149 3801 3300 3855 Jodzn
3334 3818 3350 3854 :
3385 3815 3516 3870 prae-

1942 3898 2184 3968 cipitque
2206 3898 2309 3964 eis,
2343 3904 2402 3951 ut
2428 3895 2778 3952 Salomonem
2810 3903 3019 3967 ungant
3052 3895 3106 3950 in
3137 3910 3339 3965 regem,
3368 3892 3516 3964 quod

1940 3999 1994 4045 et
2022 3988 2255 4054 faciunt,
2284 3988 2464 4044 adhuc
2509 3987 2725 4042 vivente
2773 3985 2992 4042 Davide.
3058 3986 3282 4041 Adoniae
3333 3985 3517 4054 itaque

1941 4096 2031 4136 res
2063 4079 2352 4135 confestim
2387 4079 2834 4150 pessumdantur.
2887 4076 3147 4134 Salomon
3198 4093 3348 4142 vero,
3389 4091 3515 4131 cum

1939 4171 2302 4228 successisset
2324 4172 2487 4240 patri,
2514 4169 2800 4240 septennio
2821 4168 3042 4224 domum
3067 4169 3302 4234 Domini,
3321 4177 3375 4224 et
3402 4185 3518 4222 mu-

1939 4281 2032 4320 ros
2064 4263 2368 4319 Jerusalem
2399 4262 2711 4320 aedificavit.
2747 4265 2916 4318 Erant
2949 4271 3131 4318 autem
3178 4263 3256 4317 illi
3291 4271 3514 4332 septua-

1938 4355 2088 4424 ginta
2118 4353 2290 4406 millia
2314 4352 2737 4423 proselytorum,
2765 4355 2860 4424 qui
2907 4369 3074 4410 onera
3112 4355 3424 4424 portabant,
3459 4361 3513 4408 et

1938 4447 2218 4516 octoginta
2263 4445 2434 4498 millia
2489 4445 2838 4512 latomorum,
2901 4447 3031 4501 item
3088 4447 3508 4517 proselytorum.

1940 4535 2044 4602 Qui
2106 4543 2291 4591 autem
2345 4537 2606 4604 operibus
2644 4542 2933 4604 praeerant,
2984 4551 3214 4591 numero
3244 4543 3397 4590 erant
3427 4542 3511 4589 ter

1945 4627 2094 4682 mille
2119 4627 2333 4697 viginti.
2360 4628 2685 4682 Alimoniam
2720 4643 2848 4683 vero
2873 4629 3090 4683 illorum
3113 4629 3342 4698 singulis
3359 4642 3510 4682 men-

260 4695 430 4770 αύτῶν
467 4695 566 4772 καὶ
617 4716 690 4770 τά
733 4716 926 4770 δέοντα
962 4714 1171 4768 δώδεκα
1204 4711 1344 4786 ἦσαν
1392 4717 1439 4769 οἱ
1473 4695 1835 4789 χορηγοῦντες

1952 4719 2099 4774 sibus
2129 4695 2422 4774 duodecim
2455 4719 2558 4773 viri
2603 4719 3077 4775 administrabant.
3115 4695 3508 4788 Impendeban-

258 4810 475 4865 ’ἑκαστον
512 4812 685 4883 μῆνα.
718 4811 834 4863 Kal
879 4805 949 4879 ἦν
993 4809 1053 4861 τὸ
1083 4808 1433 4879 καθ’ήμέραν
1473 4809 1651 4862 αὐτῶν
1680 4810 1838 4863 τοῦτο

261 4899 301 4951 λ’
335 4904 478 4976 κόροι
515 4902 886 4973 σεμιδάλεως,
953 4899 994 4966 ξ’
1034 4899 1184 4970 κόροι
1230 4899 1458 4970 ἀλεύρου
1513 4917 1839 4956 κεκουπανι-

265 4995 468 5061 σμένον,
507 4996 702 5065 μόσχοι
749 4991 1002 5046 ἐκλεκτοὶ
1050 4990 1214 5054 δέκα,
1251 4990 1372 5060 βόες
1401 4991 1457 5045 δέ
1489 4992 1718 5063 νομάδες
1757 4995 1835 5046 εῐ-

266 5100 391 5148 κοοι,
430 5086 682 5157 πῴϐατα
717 5092 786 5156 ρ’,
816 5083 975 5146 ἐκτὸς
1025 5082 1239 5151 ἐλάφων
1282 5084 1376 5136 καὶ
1411 5084 1705 5154 δορκάδων,
1741 5085 1836 5140 καὶ

268 5176 471 5246 ὀρνίθων
497 5177 779 5232 ἐκλεκτῶν
811 5173 1093 5228 σιτευτῶν.
1130 5174 1356 5245 Ἀγέλην
1381 5175 1436 5227 δὲ
1468 5173 1578 5245 εἶχε
1608 5175 1834 5247 θηλειῶν

273 5268 358 5335 μὲν
393 5270 570 5322 ἵππων
623 5267 881 5321 τοκάδων
917 5264 1183 5336 μυριάδας
1237 5265 1527 5335 τέσσαρας,
1559 5265 1739 5319 ἵππων
1777 5267 1834 5320 δὲ

271 5359 340 5420 είς
368 5360 577 5431 ἅρματα
611 5358 866 5431 χιλιάδας
902 5355 989 5426 ιβ’.
1027 5355 1262 5410 Πλοῦτον
1304 5355 1361 5408 δέ
1397 5352 1511 5428 εἶχε
1549 5357 1745 5411 πολύν
1776 5361 1835 5413 ἐν

271 5450 360 5520 γὰρ
387 5453 458 5523 τῷ
488 5455 569 5507 ἐνὶ
622 5449 870 5520 ἐνιαυτῷ
897 5449 992 5502 τοῦ
1035 5448 1389 5519 κομισθέντος
1422 5449 1570 5520 αὐτῷ
1609 5451 1833 5521 χρυσίου

267 5533 325 5609 ἦν
348 5543 371 5594 6
399 5545 654 5616 σταθμὸς,
701 5542 954 5595 τάλαντα
981 5539 1124 5610 χξςδ,
1164 5541 1335 5611 χωρὶς
1381 5539 1489 5593 τῶν
1517 5541 1696 5611 φόρων
1724 5541 1833 5594 τῶν

267 5632 720 5709 ὕποτεταγμένων.
785 5632 900 5686 Kal
932 5633 966 5703 ἡ
1007 5631 1288 5702 βασίλισσα
1313 5631 1369 5684 δὲ
1404 5630 1550 5685 Σαϐὰ
1605 5632 1834 5686 ἐλθοῦσα

261 5727 374 5796 πρὸς
401 5729 584 5795 αὐτὸν,
613 5727 869 5781 δέδωκεν
906 5723 1054 5794 αύτῷ
1082 5723 1306 5795 χρυσίου
1345 5722 1578 5777 τάλαντα
1607 5730 1710 5794 ρκ’,
1740 5724 1834 5778 καὶ

314 5840 413 5898 “ll
441 5843 579 5916 Reg.
617 5855 798 5900 χχιιι,
831 5836 920 5891 ΓΙ.

304 5936 408 6008 (l0)
440 5936 515 6003 θ’,
556 5931 922 6002 ἑξακοσίους.

1943 4818 2034 4864 tur
2059 4819 2239 4864 autem
2260 4809 2491 4879 singulis
2527 4809 2720 4864 diebus
2764 4809 2878 4863 cori
2914 4810 3235 4880 similaginis
3264 4808 3505 4878 triginta,

1944 4900 2136 4956 farinae
2169 4911 2414 4956 contusae
2439 4902 2555 4955 cori
2583 4902 2884 4972 sexaginta,
2914 4902 3068 4954 vituli
3091 4899 3275 4955 selecti
3297 4898 3506 4962 decem,

1939 4991 2111 5048 boves
2141 4994 2330 5062 pascui
2361 4993 2572 5063 viginti,
2608 5009 2738 5048 oves
2778 5001 3018 5057 centum,
3057 4989 3298 5059 exceptis
3332 4989 3508 5044 cervis

1943 5093 2000 5140 et
2027 5087 2266 5155 capreis,
2300 5092 2464 5155 atque
2509 5086 2752 5141 altilibus
2800 5084 3086 5154 saginatis.
3119 5080 3348 5150 Grcgem
3377 5095 3507 5140 vero

1949 5177 2142 5233 habuit
2178 5193 2466 5247 equarum,
2515 5192 2654 5247 quas
2713 5177 2902 5230 fetura:
2936 5175 3108 5244 gratia
3139 5173 3338 5238 alebat,
3367 5187 3506 5243 qua-

1944 5269 2202 5340 draginta
2234 5271 2422 5337 millia,
2442 5285 2705 5339 equorum
2732 5283 2860 5322 vero
2892 5267 3191 5322 currulium
3223 5266 3505 5322 duodecim

1943 5361 2131 5414 millia.
2186 5359 2396 5414 Divitiae
2425 5361 2573 5413 illius
2615 5365 2773 5413 erant
2817 5357 3019 5411 multa.
3073 5355 3313 5426 Singulis
3363 5357 3506 5412 enim

1943 5453 2105 5507 annis
2135 5452 2496 5506 alferebantur
2531 5452 2609 5506 illi
2654 5451 2771 5505 auri
2818 5450 3020 5504 talenta
3067 5458 3322 5504 sexcenta
3348 5465 3505 5506 sexa-

1941 5543 2091 5612 ginta
2121 5557 2236 5606 sex,
2262 5541 2467 5610 absque
2494 5541 2735 5604 tributis,
2766 5554 2885 5610 quae
2911 5538 3288 5609 pendebantur
3315 5555 3346 5594 a
3377 5538 3505 5594 sub-

1939 5635 2092 5692 ditis.
2134 5633 2239 5688 Sed
2270 5641 2325 5687 et
2349 5632 2535 5701 regina
2578 5630 2741 5696 Saba,
2777 5647 2900 5686 cum
2933 5631 3000 5686 ad
3041 5633 3220 5702 ipsum
3245 5631 3504 5695 venisset,

1943 5726 2090 5784 dedit
2129 5725 2179 5781 ei
2223 5725 2344 5778 auri
2394 5723 2596 5778 talenta
2641 5729 2859 5779 centum
2904 5723 3121 5795 viginti,
3149 5722 3353 5795 lapides
3381 5733 3506 5794 prec
