4008 6404
547 453 655 514 319

1672 454 1741 511 S.’
1777 454 2245 516 ATUANASIUS.
2285 489 2358 501 -—
2389 459 2618 517 DUBIA.

546 579 739 639 tiosos,
765 583 821 632 et
842 581 1087 630 aromata
1113 572 1343 628 inﬁnita.
1372 570 1507 628 Post
1529 580 1763 628 mortem
1796 572 2105 632 Salomonis

2208 578 2355 633 λίθον
2380 579 2582 650 τίμιον.
2606 579 2704 632 καὶ
2734 579 3019 651 ἡδύσματα
3047 580 3322 652 ἀμύθητα.
3352 576 3507 631 Μετά
3530 576 3586 630 δὲ
3615 576 3780 633 θάνα-

546 669 605 725 in
639 684 864 739 regnum
916 664 1163 722 succedit
1201 661 1445 718 Roboam
1486 661 1630 719 ﬂlius
1671 664 1792 732 ejus
1825 683 1839 720 :
1873 665 1979 720 sub
2003 682 2112 736 quo

543 762 778 816 scissum
801 768 883 814 est
908 772 1157 828 regnum,
1194 757 1267 810 ita
1292 764 1352 810 ut
1379 755 1571 811 decem
1600 757 1776 812 tribus
1806 756 2111 812 Samariam

545 850 932 911 abscesserint,
971 849 1094 903 duae
1120 864 1253 903 vero
1279 848 1502 918 reliqua:
1538 849 1593 904 in
1623 845 1927 905 Jerusalem
1958 865 2114 904 man-

545 944 752 1009 serint;
781 940 919 995 Juda
969 941 1225 996 videlicet
1272 950 1329 997 et
1374 940 1680 1010 Beniamin.
1719 942 2115 1013 Complectitur

544 1035 729 1103 itaque
759 1032 954 1087 tertius
997 1030 1089 1085 hic
1114 1031 1256 1086 liber
1306 1045 1396 1087 res
1427 1038 1610 1102 gestas
1632 1038 1688 1086 et
1717 1047 1893 1087 annos
1922 1047 2112 1102 regum

544 1127 815 1181 istorum:
854 1123 1192 1188 Salomonis,
1236 1124 1331 1193 qui
1376 1123 1541 1178 simul
1579 1124 1825 1178 omnium
1871 1125 2112 1179 tribuum

541 1230 639 1270 rex
670 1223 806 1270 erat.
837 1213 1139 1283 Postquam
1165 1220 1349 1268 autem
1380 1212 1616 1269 divisum
1646 1223 1732 1268 est
1765 1228 2016 1284 regnum,
2052 1222 2114 1269 ut

542 1305 804 1375 diximus,
837 1308 892 1362 in
933 1306 1121 1362 Iudaea
1168 1305 1402 1361 duarum
1448 1306 1693 1361 tribuum
1747 1307 2113 1377 principatum

541 1409 832 1469 gesserunt
866 1397 1136 1461 Roboam,
1169 1398 1328 1462 Abia,
1362 1398 1475 1453 Asa
1507 1405 1563 1452 et
1581 1396 1849 1468 Josapbat
1877 1417 1891 1453 :
1922 1399 2113 1455 decem

543 1505 673 1545 vero
704 1492 1039 1563 reliquarum
1074 1492 1129 1545 in
1161 1489 1432 1555 Samaria,
1461 1488 1777 1556 Jeroboam,
1796 1492 1974 1562 ἰιο
1999 1491 2113 1545 Na-

541 1581 696 1646 hath,
727 1583 925 1647 Baasa,
955 1582 1112 1647 Elan,
1159 1581 1390 1638 Zambre
1416 1592 1473 1639 et
1520 1582 1761 1638 Achaab.
1811 1582 2036 1639 Tractat
2058 1590 2116 1640 et

541 1672 612 1729 de
643 1674 942 1745 prophetis,
999 1675 1256 1732 videlicet
1306 1674 1431 1731 istis
1464 1692 1479 1729 :
1511 1675 1580 1731 de
1622 1673 1859 1741 Natban,
1895 1674 2011 1731 Gad
2059 1683 2117 1731 et

543 1765 718 1821 Achia
746 1766 1011 1831 Selonita,
1051 1782 1266 1822 necnon
1289 1766 1359 1822 de
1394 1781 1462 1822 eo
1481 1767 1577 1837 qui
1603 1774 1795 1822 contra
1823 1768 1994 1824 altare
2015 1766 2117 1823 Sa-

542 1863 731 1917 maria:
755 1862 1048 1929 clamavit;
1073 1862 1143 1917 de
1164 1860 1281 1916 Elia
1300 1869 1356 1918 et
1386 1862 1573 1916 Eliseo
1591 1901 1608 1926 ,
1643 1869 1699 1916 et
1717 1876 1804 1925 eo.
1832 1861 1926 1932 qui
1952 1860 2114 1932 (τεεί)

2209 689 2301 725 τον
2316 671 2653 742 Σαλομῶνος,
2666 670 2935 737 διεδέξατο
2949 674 2979 726 δ
2994 673 3111 736 υἱὸς
3130 671 3293 725 αὑτοῦ
3320 670 3553 741 Ῥοϐοάμ
3564 670 3663 742 τὴν
3680 671 3773 741 βα-

2211 762 2445 817 σιλείαν*
2467 763 2562 816 καὶ
2587 763 2673 817 ἐπ’
2693 762 2857 816 αὑτοῦ
2878 761 3101 833 ἐσχίσθη
3123 764 3157 833 ἡ
3182 761 3323 833 ἀρχή
3342 778 3356 791 ·
3387 759 3483 813 καὶ
3518 760 3650 815 δέκα
3679 761 3775 833 μὲν

2211 853 2376 924 φυλαὶ
2406 854 2648 926 ἀπῆλθον
2666 855 2747 917 είς
2773 853 3081 923 Σαμάρειαν
3105 868 3120 881 ·
3147 850 3240 905 δύο
3264 850 3322 903 δὲ
3344 849 3564 920 ἔμειναν
3591 851 3650 904 ὲν
3680 851 3774 904 Ἰε-

2213 940 2515 1018 ρουσαλὴμ,
2560 947 2595 1018 ἡ
2627 946 2799 999 Ἰούδα
2852 946 2948 999 καὶ
2975 946 3009 1016 ἡ
3068 943 3343 1013 Βενιαμίν.
3387 941 3539 995 Εἰσὶν
3578 936 3671 995 ὤν
3708 941 3776 994 τά

2211 1038 2644 1109 ἐμπεριεχόμενα
2674 1038 2847 1109 τούτῳ
2893 1037 2972 1109 τῷ
3002 1037 3170 1108 τρίτῳ
3203 1035 3389 1105 βιϐλίῳ
3418 1033 3644 1106 πράξεις
3685 1035 3776 1087 καὶ

2211 1127 2337 1201 ἕτη’
2368 1129 2628 1200 βασιλέων
2677 1129 2920 1183 τούτων*
2974 1127 3291 1199 Salapina;
3335 1126 3597 1196 βασιλέως
3646 1126 3777 1179 πάν-

2209 1238 2319 1275 των
2344 1222 2499 1294 ὁμοῦ.
2537 1224 2690 1278 Μετά
2725 1223 2782 1277 δὲ
2806 1222 2905 1295 τὴν
2942 1221 3204 1293 διαίρεσιν
3233 1220 3334 1290 τῆς
3384 1218 3675 1290 βασιλείας.
3703 1218 3776 1282 ὡς

2212 1314 2447 1387 εἴρηται,
2498 1314 2606 1368 τῶν
2643 1316 2743 1387 μὲν
2765 1316 2824 1369 ὲν
2876 1314 3102 1385 Ἰουδαία
3131 1310 3396 1383 βασιλέων
3417 1310 3527 1364 τῶν
3555 1309 3648 1362 δύο
3677 1328 3775 1380 φυ-

2212 1405 2341 1469 λῶν,
2391 1404 2647 1477 Ῥοϐοάμ,
2700 1405 2901 1471 Ἀϐιοῦ,
2940 1406 3092 1469 ’Δσᾶ,
3129 1404 3228 1458 καὶ
3262 1401 3561 1473 Ἰωσαφάθ·
3589 1401 3696 1456 τῶν
3724 1401 3778 1455 δὲ

2214 1497 2273 1551 ὲν
2301 1498 2587 1571 Σαμαρείᾳ
2623 1497 2883 1567 βασιλέων
2909 1497 3017 1550 τῶν
3049 1496 3180 1550 δέκα
3212 1495 3412 1566 φυλῶν.
3478 1493 3776 1566 Ἰεροϐοάμ.

2213 1587 2424 1653 Ναϐἀθ,
2479 1590 2688 1653 Βαασᾶ,
2729 1590 2913 1651 Ἦλάν.
2969 1588 3217 1660 Ζαμϐρῆ,
3248 1587 3343 1642 καὶ
3384 1586 3608 1658 Ἀχαάϐ.
3669 1587 3780 1641 Καὶ

2213 1682 2345 1753 περὶ
2366 1683 2659 1754 προφητῶν
2685 1682 2741 1736 δὲ
2784 1681 3138 1750 διαλαμϐάνει
3184 1679 3418 1734 τούτων’
3452 1678 3658 1742 Ναθάν,
3689 1678 3779 1732 καὶ

2213 1770 2341 1837 Γὰδ,
2371 1773 2467 1826 καὶ
2496 1773 2651 1843 ’Δχιᾶ
2686 1770 2780 1824 τοῦ
2808 1771 3127 1843 Σηλωνίτου,
3180 1770 3277 1825 καὶ
3313 1769 3406 1827 τοῦ
3458 1770 3781 1824 ἐπικαλεσα-

2219 1862 2380 1933 μένου
2397 1864 2491 1918 ὲπὶ
2516 1865 2577 1917 τὸ
2604 1864 2987 1935 θυσιαστήριον
3018 1863 3120 1933 τῆς
3151 1863 3466 1935 Σαμαρείας
3486 1878 3502 1893 ·
3536 1862 3631 1916 καὶ
3658 1862 3781 1933 περὶ

540 1955 763 2008 Achaab
796 1955 1142 2025 praphctavit
1181 1954 1248 2009 de
1297 1953 1411 2009 lilio
1440 1953 1606 2018 Ader,
1636 1960 1691 2009 et
1719 1953 1868 2009 illius
1890 1967 2105 2023 percus-

2230 1954 2408 2009 Ἡλίου
2441 1956 2535 2009 καὶ
2577 1955 2897 2019 Ἐλισσαίου,
2935 1954 3030 2009 καὶ
3072 1952 3167 2007 τοῦ
3200 1953 3671 2027 προφητεύσαντος
3704 1952 3782 2023 τῷ

540 2060 685 2107 scre,
712 2045 805 2115 qui
833 2054 887 2100 et
919 2045 1141 2100 Achaab
1166 2045 1555 2115 reprehendit;
1589 2042 1739 2115 quod
1759 2044 1856 2099 ﬁlii
1887 2044 2118 2115 prophe-

539 2144 717 2192 tarum
748 2153 995 2193 seorsum
1020 2136 1186 2191 vitam
1215 2138 1499 2193 ducerent.
1533 2137 1777 2194 [labetur
1795 2138 1961 2193 etiam
2009 2136 2116 2191 hoc

538 2230 700 2295 libro,
734 2232 1011 2303 quomodo
1048 2232 1458 2302 prophetaverit
1482 2230 1652 2297 Elias,
1678 2240 1735 2287 et
1767 2246 1878 2286 non
1913 2229 2116 2301 pluerit

535 2338 634 2395 per
661 2332 773 2379 tres
822 2337 1020 2388 annos,
1068 2331 1124 2378 et
1164 2327 1316 2378 corvi
1386 2331 1612 2393 propter
1643 2322 1869 2378 verbum
1893 2321 2114 2376 Domini

535 2432 696 2471 mane
719 2432 911 2486 panes,
949 2416 1165 2487 vesperi
1206 2431 1402 2471 carnes
1454 2417 1561 2486 ipsi
1606 2414 1926 2469 detulerint.
1965 2412 2113 2468 Επε-

534 2509 608 2563 cit
636 2509 801 2563 etiam
830 2509 885 2562 in
918 2506 1186 2578 Sarephta
1220 2506 1459 2562 Sidonia:
1491 2522 1589 2577 per
1615 2507 1844 2561 verbum
1873 2504 2110 2567 Domini,

537 2598 812 2669 uthydria
858 2599 1049 2654 farinae
1100 2599 1279 2655 vidum
1334 2615 1448 2654 non
1492 2598 1771 2662 defecerit,
1804 2607 1859 2653 et
1905 2598 2112 2652 olearia

534 2691 761 2745 vasculo
795 2689 933 2744 nihil
979 2691 1296 2746 decesserit.
1333 2689 1607 2745 Praeterea
1660 2699 1716 2746 et
1770 2689 1939 2743 lilium
1990 2688 2111 2758 ejus

534 2792 816 2838 mortuum
849 2782 1063 2838 orando
1093 2784 1220 2837 vitae
1250 2783 1515 2845 restituit,
1544 2788 1599 2837 et
1642 2780 1939 2851 praphetas
1982 2778 2110 2833 Baal

530 2875 710 2931 occidi
737 2875 974 2943 curavit,
998 2890 1232 2946 quorum
1270 2887 1537 2929 numerus
1575 2880 1693 2927 erat
1723 2869 2110 2941 quadringenti

530 2966 952 3039 quinquaginta.
999 2965 1290 3021 Iordanem
1361 2980 1580 3035 quoque
1639 2964 1838 3018 melote
1883 2976 2110 3033 percus-

532 3060 627 3124 sit,
677 3061 932 3129 undaque
965 3059 1112 3113 illius
1148 3059 1407 3127 utrinque
1437 3057 1634 3121 divisa,
1672 3055 1839 3127 pedes
1884 3054 2107 3109 ﬂuvium

531 3152 804 3205 transivit.
829 3148 1180 3206 Terminatur
1206 3158 1385 3205 autem
1415 3150 1614 3205 tertius
1638 3149 1727 3203 hic
1766 3149 1905 3204 liber
1927 3157 2110 3203 morte

533 3240 757 3295 Acbaab
790 3241 935 3312 regis
959 3240 1151 3313 Israel,
1182 3250 1235 3296 et
1262 3252 1436 3295 morte
1469 3239 1733 3310 Josaphat
1770 3239 1919 3310 regis
1944 3237 2104 3304 Juda,

532 3331 793 3388 desinens
823 3333 876 3387 in
913 3333 1243 3404 principium
1272 3332 1425 3402 regni
1457 3330 1712 3387 Oebalia!
1742 3330 1837 3385 ﬂlii
1860 3329 2104 3395 Acbaab,

531 3425 675 3479 etin
713 3424 1043 3497 principium
1097 3425 1252 3497 regni
1293 3423 1477 3481 Joram
1519 3424 1616 3481 ﬂlii
1655 3423 1921 3495 Josaphat
1961 3423 2108 3496 regis

532 3512 692 3571 Juda.

1009 3805 1159 3861 Liber
1187 3805 1294 3874 IV,
1324 3807 1642 3879 Regnorum.

607 3893 695 3952 16.
734 3895 793 3950 In
822 3903 1021 3967 quarto
1041 3896 1182 3951 libro
1200 3907 1515 3961 enarratur,
1546 3897 1822 3969 quomodo
1869 3897 1982 3954 duo
2003 3898 2106 3954 du-

530 4002 623 4043 ces
658 3986 1116 4057 quinquagenarii
1145 3986 1292 4057 regis
1318 3986 1574 4043 Ochoziae
1609 3989 1735 4059 igne
1766 3990 1986 4045 coalitus
2007 4005 2106 4060 per

530 4075 755 4132 verbum
786 4075 915 4131 Elim
945 4077 1224 4147 propheta:
1244 4078 1582 4147 consumpti,
1609 4088 1665 4134 et
1696 4079 1847 4136 Elias
1882 4080 2103 4137 tandem

532 4167 780 4223 sublatus
812 4166 906 4230 sit,
960 4166 1299 4237 Spiritusque
1338 4166 1472 4223 Elia:
1525 4168 1706 4225 Eliseo
1748 4173 2101 4243 requieverit,

532 4255 604 4310 ita
623 4263 681 4309 ut
702 4263 887 4311 essent
906 4255 955 4309 ei
980 4255 1218 4325 duplicia
1242 4257 1299 4310 in
1321 4257 1536 4327 spiritu.
1566 4258 1854 4326 Quomodo
1892 4261 2103 4320 Eliseus

533 4345 889 4403 Sunamitidis
905 4349 1071 4405 lilium
1094 4360 1366 4405 mortuum
1391 4354 1664 4421 precando
1684 4355 2023 4421 excitaverit,
2049 4361 2103 4411 et

528 4435 783 4494 Nemman
823 4438 1018 4512 Syrum
1058 4457 1089 4495 a
1118 4441 1269 4512 lepra
1310 4444 1678 4511 mundaverit,
1706 4447 1930 4502 vascula
1961 4461 2101 4502 uxo-

531 4529 608 4583 ris
638 4531 915 4602 pr0phet2e
958 4533 1162 4587 mortui
1212 4532 1267 4588 in
1309 4535 1479 4591 verbo
1532 4535 1743 4591 Domini
1774 4539 1899 4594 oleo
1924 4539 2099 4610 reple-

2227 2045 2430 2116 ’Δχαάϐ
2455 2047 2584 2118 περὶ
2612 2045 2709 2099 τοῦ
2731 2044 2848 2098 υἱοῦ
2878 2045 3054 2117 Ἄδερ,
3084 2045 3180 2099 καὶ
3206 2044 3301 2097 τοῦ
3326 2043 3665 2108 πατάξαντος
3692 2043 3783 2097 αὑ-

2210 2136 2322 2201 τὸν,
2360 2137 2455 2190 καὶ
2485 2134 2801 2205 ἐλέγξαντος
2857 2136 2959 2190 τὸν
2982 2136 3219 2208 ’Δχαάϐο
3274 2136 3370 2190 καὶ
3394 2136 3475 2190 ὃτι
3508 2131 3647 2207 ἦσαν
3677 2136 3782 2190 υἱοὶ

2209 2226 2319 2279 τῶν
2352 2226 2647 2297 προφητῶν
2678 2224 2798 2279 καθ’
2820 2226 3048 2289 ἑαυτοὺς
3084 2224 3514 2298 ἀναχωροῦντες.
3538 2226 3693 2279 Ἔστι
3723 2224 3782 2277 δὲ

2210 2318 2270 2370 ἐν
2293 2314 2571 2387 τούτῳτῷ
2618 2316 2829 2388 βιϐλίῳ,
2881 2316 2998 2381 πῶς
3022 2317 3210 2381 Ἠλίας
3253 2318 3647 2389 προεφήτευσε,
3689 2316 3785 2369 καὶ

2209 2405 2312 2460 οὐκ
2335 2406 2552 2478 ἔϐρεξεν
2583 2407 2678 2459 ἐπὶ
2704 2405 2800 2476 έτη
2829 2407 2976 2477 τρία,
3007 2406 3103 2458 καὶ⁵
3131 2407 3213 2459 ὅτι
3247 2406 3295 2458 ai
3327 2406 3559 2477 κόρακες
3590 2403 3785 2476 ἔφερον

2210 2497 2361 2567 αῦτῷ
2384 2497 2472 2551 διὰ
2509 2499 2730 2569 ῥήματα
2763 2498 2971 2568 Κυρίου
2999 2499 3210 2569 πρωῒας
3241 2498 3338 2568 μὲν
3359 2499 3578 2569 ἄρτους,
3604 2496 3786 2566 δείλης

2208 2588 2265 2643 δὲ
2294 2588 2449 2661 κρέα.
2487 2590 2585 2642 Ἐν
2616 2606 2676 2641 τε
2706 2590 2773 2659 τῇ
2811 2587 3064 2660 Σαρεφθᾶ
3095 2590 3193 2660 τῆς
3219 2587 3477 2651 Σιδωνίας
3515 2585 3784 2655 πεποίηκε

2207 2677 2299 2733 διά
2315 2681 2534 2751 ῥήματα
2564 2678 2768 2749 Κυρίου
2794 2680 2869 2751 μὴ
2897 2678 3141 2749 ἐκλεῖψαι
3158 2678 3259 2748 τῆς
3277 2681 3449 2750 χήρας
3475 2677 3577 2748 τὴν
3598 2676 3784 2747 ὑδρίαν

2208 2771 2304 2825 τοῦ
2336 2772 2589 2845 ἀλεύρου,
2618 2772 2711 2827 καὶ
2740 2772 2832 2826 τὸν
2858 2772 3155 2843 καμψάκην
3186 2771 3280 2824 τοῦ
3312 2769 3493 2824 ἐλαίου
3524 2769 3599 2841 μὴ
3628 2767 3783 2821 ἐλατ-

2206 2864 2518 2935 τονηθῆναι.
2548 2866 2659 2920 Καὶ
2682 2864 2773 2917 τὸν
2805 2864 2903 2934 μὲν
2932 2865 3046 2917 υἱὸν
3074 2864 3244 2934 αὐτῆς
3271 2862 3607 2917 ἀποθανόντα
3632 2864 3784 2934 ἦγει-

2209 2970 2304 3027 ρεν
2337 2954 2664 3026 εὐξάμενοςο
2694 2954 2819 3019 τοὺς
2842 2955 2899 3009 δὲ
2939 2955 3221 3027 προφήτας
3247 2954 3341 3008 τοῦ
3357 2953 3502 3007 Βάαλ
3530 2954 3785 3023 ἐποίησεν

2205 3047 2577 3119 ἀναιρεθῆναι,
2603 3048 2762 3111 δντας
2798 3046 2888 3100 τὸν
2907 3046 3138 3119 ἀριθμὸν
3169 3053 3266 3101 υνν.
3310 3047 3420 3100 Καὶ
3450 3048 3518 3117 τῇ
3560 3046 3783 3119 μηλωτῇ

2206 3140 2264 3196 δὲ
2295 3140 2534 3207 ἐπάταξε
2565 3143 2655 3197 τὸν
2690 3145 2981 3217 Ἰορδάνην,
3004 3146 3097 3198 καὶ
3126 3142 3347 3214 διῃρέθη
3381 3140 3509 3194 ἔνθα
3537 3141 3635 3193 καὶ
3661 3141 3786 3194 ἔνθα

2205 3232 2267 3286 τὸ
2290 3233 2454 3306 ὕδωρ,
2482 3234 2576 3287 καὶ
2602 3234 2753 3306 διέϐη
2778 3236 2855 3307 τῷ
2885 3236 3008 3290 ποδὶ
3044 3235 3134 3289 τὸν
3164 3233 3428 3305 ποταμόν.
3453 3234 3628 3303 Λήγει
3659 3231 3713 3285 δὲ
3746 3235 3781 3303 ἡ

2212 3324 2391 3396 βίϐλος
2416 3326 2554 3397 αὑτὴ
2592 3329 2673 3392 είς
2726 3328 2818 3381 τὸν
2869 3328 3098 3383 θάνατον
3137 3328 3232 3382 τοῦ
3267 3324 3470 3397 ’Δχαάὖ
3519 3324 3786 3395 βασιλέως

2220 3417 2457 3490 Ἰσραὴλ,
2511 3419 2604 3473 καὶ
2660 3422 2740 3484 είς
2773 3420 2865 3474 τὸν
2916 3420 3143 3475 θάνατον
3183 3418 3451 3488 Ἰωσαφὰτ
3517 3417 3785 3488 βασιλέως

2218 3508 2410 3572 Ἰούδα,
2460 3510 2554 3563 καὶ
2581 3512 2663 3574 εἰς
2708 3511 2808 3583 τὴν
2854 3511 3028 3583 ἀρχὴν
3069 3509 3341 3582 βασιλείας
3377 3507 3619 3579 Ὀχοζίου
3666 3505 3783 3560 υἱοῦ

2218 3601 2443 3673 ’Δχαάϐ,
2477 3603 2572 3658 καὶ⁸
2620 3605 2702 3670 είς
2749 3606 2850 3678 τὴν
2882 3603 3055 3677 ἀρχὴν
3100 3602 3304 3676 Ἰωρὰμ
3344 3599 3462 3657 υἱοῦ
3512 3599 3786 3671 Ἰωσαφάτ

2205 3690 2471 3763 βασιλέως
2510 3694 2698 3749 Ἰούδα.

2625 3809 2845 3874 Βίϐλος
2875 3806 2947 3871 δ’,
2993 3803 3345 3861 Βασιλειῶν.

2276 3897 2365 3954 18.
2403 3899 2493 3953 Ἑν
2522 3899 2582 3953 δὲ
2607 3903 2675 3972 τῇ
2702 3900 2936 3972 τετάρτῃ
2966 3898 3132 3969 βίϐλῳ
3160 3897 3298 3960 ἐστὶ,
3324 3894 3443 3960 πῶς
3462 3896 3514 3949 οί
3536 3894 3634 3948 δύο
3657 3911 3788 3950 πενο

2200 3991 2560 4064 τηκόνταρχοι
2589 3991 2684 4046 τοῦ
2727 3991 2963 4063 Ὀχοζίου
3002 3989 3138 4062 πυρὶ
3174 3986 3526 4059 ἀνηλώθησαν
3556 3988 3647 4041 διά
3686 3987 3787 4059 ῥή-

2206 4098 2351 4154 ματα
2383 4083 2563 4136 Ἦλίου
2592 4082 2686 4137 τοῦ
2715 4084 3018 4156 προφήτου,
3038 4079 3130 4135 καὶ
3153 4082 3236 4133 ὅτι
3261 4077 3537 4150 ἀνελήφθη
3574 4076 3783 4141 Ἠλίας,

2202 4176 2297 4228 καὶ
2330 4174 2740 4230 ὲπανεπαύσατο
2768 4174 2864 4227 ἐπὶ
2918 4173 3184 4226 Ἐλισσαιὲ
3219 4169 3279 4224 τὺ
3317 4168 3532 4240 πνεῦμα
3572 4168 3785 4233 Ἡλίου,

2201 4267 2298 4320 καὶ
2347 4267 2566 4336 γέγονεν
2606 4266 2757 4336 αὐτῷ
2802 4265 2966 4319 διπλᾶ
3005 4266 3062 4317 ὲν
3104 4263 3406 4336 πνεύματι·
3459 4261 3554 4315 καὶ
3595 4261 3714 4324 πῶς
3753 4261 3785 4314 ὁ

2213 4353 2516 4419 Ἦλισσαῖος
2555 4355 2646 4409 τὸν
2687 4354 2786 4425 μὲν
2829 4354 2943 4408 υἱδν
2984 4353 3084 4423 τῆς
3137 4350 3519 4422 Σουναμίτιδος
3565 4350 3783 4404 ἀποθα-

2196 4446 2358 4501 νόντα
2386 4447 2603 4519 ἤγειρεν
2634 4446 2948 4517 εὐξάμενος,
2979 4444 3071 4498 τὸν
3096 4443 3154 4497 δὲ
3198 4441 3445 4513 Νεαιμάν
3487 4441 3581 4494 τὸν
3610 4442 3787 4514 Σύρον

2198 4537 2524 4609 ἐκαθάρισεν
2559 4538 2670 4591 ἀπὸ
2711 4538 2812 4608 τῆς
2851 4537 3077 4609 λέπρας,
3120 4535 3218 4606 τῆς
3259 4550 3320 4587 τε
3368 4534 3631 4602 γυναικὸς
3684 4533 3784 4587 τοῦ

529 4623 710 4679 verit:
740 4626 866 4679 item
889 4625 1036 4696 quod
1072 4643 1239 4699 super
1268 4642 1395 4685 ossa
1447 4629 1622 4701 ipsius
1664 4632 1867 4687 mortui
1907 4634 2097 4703 cujus-

2207 4631 2481 4702 προφήτου
2513 4631 2842 4703 πεπλήρωκε
2872 4629 2942 4683 τά
2969 4629 3164 4698 ἀγγεῖα
3192 4625 3370 4680 ἐλαίου
3399 4627 3458 4679 ὲν
3496 4626 3642 4697 λόγῳ
3664 4629 3795 4680 Κυ-ν

528 4713 654 4771 dam
688 4718 920 4772 accincti
953 4718 1194 4776 hominis
1226 4720 1458 4777 cadaver
1488 4722 1823 4792 conjectum,
1851 4739 1978 4778 mox
2014 4734 2094 4779 at-

527 4823 633 4878 que
665 4809 941 4879 propheta:
969 4826 1095 4867 ossa
1120 4814 1399 4885 tetigerat,
1436 4814 1701 4870 revixerit
1727 4834 1741 4869 :
1774 4815 1919 4885 quod
1967 4830 2093 4869 eum

527 4899 724 4955 melote
781 4898 911 4955 Elia:
968 4899 1258 4958 Iordanem
1302 4906 1657 4975 percusserit,
1715 4906 2095 4976 diremptaque

521 4989 625 5045 hac
645 4999 807 5063 atque
839 4993 963 5047 illac
989 4995 1155 5059 unda,
1175 4996 1405 5067 pedibus
1434 5004 1487 5052 et
1525 4997 1642 5068 ipse
1665 4996 1887 5054 ﬂuvium
1908 5005 2092 5053 trans-

523 5079 703 5137 iverit.
752 5084 1081 5142 Continetur
1106 5088 1273 5143 etiam
1328 5090 1437 5146 isto
1488 5090 1787 5154 volumine,
1817 5090 2094 5160 quomodo

524 5171 873 5231 Senacherim
914 5186 967 5233 et
1000 5177 1285 5249 Rapsakes
1318 5189 1442 5251 post
1474 5183 1679 5236 multas
1724 5181 2094 5251 blasphemias

522 5264 788 5337 proﬂigati
824 5277 973 5336 sunt,
1009 5270 1186 5342 deque
1220 5272 1465 5327 exercitu
1515 5273 1761 5343 ipsorum
1796 5288 1900 5327 una
1932 5282 2094 5330 nocte

519 5359 704 5414 occisa
754 5371 881 5416 sunt
937 5374 1157 5419 centum
1210 5365 1490 5436 octoginta
1540 5366 1785 5437 quinque
1843 5367 2092 5422 virorum

520 5450 689 5506 millia
725 5471 740 5507 :
771 5460 825 5507 et
857 5455 1131 5524 quomodo
1155 5455 1337 5514 Josias
1371 5474 1466 5513 rex
1503 5458 1758 5516 universa
1790 5461 2092 5517 simulacra

521 5540 827 5606 sustulerit,
860 5542 1015 5598 lucos
1057 5545 1376 5611 succiderit,
1403 5557 1457 5602 et
1500 5546 1731 5615 Pascha,
1762 5550 1908 5605 sicut
1952 5551 2093 5604 scri-

519 5635 669 5695 ptum
690 5640 794 5699 est,
828 5633 931 5688 rite
960 5639 1280 5693 servaverit.
1331 5636 1507 5694 Habet
1548 5639 1640 5694 hic
1690 5641 1828 5696 liber
1873 5640 2088 5711 Regum

515 5734 734 5791 ouoque
768 5732 922 5794 gesta
950 5733 1006 5782 et
1056 5741 1231 5785 annos
1273 5745 1485 5793 eorum,
1539 5733 1634 5803 qui
1680 5733 1736 5787 in
1788 5732 1973 5788 Judaea
2002 5748 2091 5788 re—

517 5820 777 5881 gnarunt,
797 5812 982 5869 Joram
1032 5815 1304 5882 Ochoziaa,
1326 5818 1476 5884 Joas,
1499 5822 1753 5887 Amastaa,
1789 5822 1950 5884 Osiaa.
1969 5822 2091 5877 Joa-

516 5901 688 5970 tham,
720 5902 921 5973 Achaz,
945 5903 1208 5973 Ezecbizr,
1243 5907 1510 5978 Manassc,
1536 5912 1722 5980 Amos,
1747 5909 1928 5978 Josiaz,
1962 5909 2088 5967 Joa-

2198 4720 2338 4792 ρίου,
2379 4719 2473 4772 καὶ
2519 4720 2613 4772 ἐπὶ
2662 4718 2730 4773 τά
2760 4720 2893 4772 ὀστᾶ
2924 4717 2981 4771 δὲ
3016 4714 3182 4771 αὐτοῦ
3230 4714 3368 4787 μετὰ
3419 4713 3651 4768 θάνατον
3684 4716 3782 4787 ὲρ-

2197 4813 2327 4885 ρίφη
2359 4812 2551 4885 νεκρὸς
2602 4811 2923 4884 μονόζωνος,
2975 4809 3070 4862 καὶ
3098 4808 3175 4872 ὡς
3208 4807 3385 4877 ἥψατο
3427 4805 3536 4859 τῶν
3570 4807 3799 4863 ὀστέωνι

2194 4904 2290 4959 τοῦ
2324 4906 2627 4976 προφήτου,
2656 4902 2918 4972 ἀνέζησεο
2948 4900 3040 4954 καὶ
3068 4903 3134 4972 τῇ
3174 4898 3394 4971 μηλωτῇ
3434 4898 3618 4952 Ἠλίου
3641 4899 3788 4953 ἐπά-

2194 4995 2323 5060 ταξε
2351 4996 2441 5049 τὸν
2479 4994 2770 5066 Ἰορδάνην,
2817 4992 2912 5047 καὶ
2959 4991 3179 5065 διῃρέθη
3215 4989 3365 5043 ἐνθεν
3408 4990 3500 5043 καὶ
3532 4988 3689 5043 ἐνθεν
3720 4991 3793 5044 τὸ

2195 5087 2361 5160 ὕδωρ,
2383 5090 2479 5142 καὶ
2504 5086 2654 5158 διέϐη
2679 5085 2818 5158 πεζῇ
2848 5085 2942 5139 καὶ
2963 5083 3307 5147 αὑτός.Ἕστι
3329 5081 3386 5134 δὲ
3418 5084 3477 5135 ὲν
3499 5081 3682 5153 τούτῳ
3704 5082 3795 5154 τῷ

2196 5175 2386 5248 βιϐλίῳ
2406 5177 2499 5231 καὶ
2525 5174 2644 5240 πῶς
2669 5175 2698 5228 ὁ
2718 5175 2815 5247 μὲν
2840 5173 3181 5246 Σεναχηρεὶμ
3203 5172 3297 5225 καὶ
3318 5171 3621 5243 Ῥαψάκης,
3650 5172 3794 5226 πολ-

2192 5266 2261 5321 λά
2294 5267 2805 5340 βλασφημήσαντες,
2832 5265 3166 5337 ἐδιώχθησαν
3193 5263 3286 5316 καὶ
3302 5261 3534 5333 χιλιάδες
3567 5263 3799 5336 ἀνδρῶν

2192 5359 2371 5413 αὐτῶν
2397 5366 2513 5430 ρπε⁹
2543 5361 2601 5413 ὲν
2628 5361 2724 5432 μιᾷ
2753 5359 2929 5414 νυκτί.
2958 5359 3015 5411 '0
3039 5357 3095 5411 δὲ
3124 5355 3376 5427 βασιλεὺς
3409 5355 3625 5420 Ἰωσίας
3647 5355 3798 5410 καθ-

2191 5451 2300 5505 εἷλε
2330 5452 2505 5508 πάντα
2544 5453 2615 5507 τά
2650 5452 2869 5516 εἴδωλα,
2897 5450 3083 5506 καὶτὰ
3106 5451 3243 5522 άλση
3277 5449 3523 5521 ἐξέκοψε,
3552 5449 3651 5502 καὶ⁵
3686 5466 3802 5503 πε-

2193 5542 2388 5613 ποίηκε
2426 5544 2486 5596 τὸ
2524 5543 2735 5614 Πάσχα,
2759 5542 2835 5607 ὡς
2870 5544 3180 5613 γέγραπται
3204 5541 3471 5613 νομίμως.
3524 5535 3801 5612 Περιέχει

2189 5636 2247 5691 δὲ
2280 5639 2313 5708 ἡ
2350 5637 2529 5707 βίϐλος
2559 5638 2653 5691 καὶ
2684 5636 2911 5710 πράξεις
2944 5634 3208 5705 βασιλέων
3242 5634 3337 5687 καὶ
3368 5632 3463 5703 ἐτη
3484 5649 3498 5662 ο
3529 5630 3644 5684 τῶν
3683 5628 3802 5701 μὲν

2190 5729 2250 5781 ὲν
2312 5729 2539 5800 Ἰουδαίᾳ
2592 5729 2815 5800 Ἰωράμ,
2882 5728 2980 5782 καὶ
3026 5726 3265 5798 Ὀχοσίου
3336 5726 3433 5778 καὶ
3477 5722 3633 5787 Ἰωᾶς
3688 5722 3806 5777 καὶ

2204 5817 2490 5887 Ἀμεσσία,
2524 5818 2621 5871 καὶ
2659 5817 2857 5883 Ὀζίου,
2902 5818 2998 5872 καὶ
3041 5815 3286 5879 Ἰωάθαν,
3315 5813 3411 5866 καὶ
3441 5810 3637 5884 Ἀχάζ,
3688 5811 3805 5865 καὶ

2205 5908 2466 5974 Ἐζεκίου,
2496 5911 2589 5966 καὶ
2625 5909 2917 5981 Μανασσῆ,
2947 5908 3041 5962 καὶ
3076 5904 3278 5977 Ἀμώς,
3308 5904 3402 5958 καὶ
3452 5901 3667 5967 Ἰωσία,
3690 5903 3811 5957 καὶ
