4008 6404
256 265 324 328 321
930 245 938 250 ’
1313 278 1648 334 svsopsls
1684 277 2098 337 scamonia
2133 281 2413 342 sscnm.

3395 295 3502 353 522

267 389 480 458 Ἰωάχαζ,
500 391 606 444 καὶ
634 392 954 466 Ἐλιακείμ,
973 394 1069 449 καὶ
1095 394 1372 466 Ἰωακεὶμ,
1404 398 1499 450 καὶ
1521 395 1829 463 Ματθανάν,

1933 398 2091 462 chaz,
2124 398 2375 466 Eliakim,
2404 399 2617 456 Joakim
2668 411 2722 458 et
2755 401 3095 472 Matlhanan,
3122 407 3213 476 qui
3245 415 3298 462 et
3334 408 3500 466 Sede-

259 478 325 530 τοῦ
350 480 439 531 καὶ
474 480 724 536 Σεδεκία
744 502 759 514 ·
794 484 903 536 τῶν
931 485 985 538 δέ
1020 487 1075 537 ἐν
1103 485 1386 557 Σαμαρείᾳ
1413 484 1678 555 Ὀχοζίου,
1740 487 1834 538 καὶ

270 571 457 640 Ἰωρὰμ,
500 575 604 626 καὶ
649 575 785 641 Ἰοῦ,
831 579 921 630 καὶ
965 577 1212 646 Ἰωάχαζ,
1250 578 1347 631 καὶ
1392 579 1565 640 Ίωᾶς,
1612 579 1707 630 καὶ
1741 579 1835 632 Ἱε-

263 662 452 734 ροϐοάμ,
493 665 596 716 καὶ
632 668 940 737 Ζαχαρίου,
973 669 1066 720 καὶ
1116 668 1378 740 Σελλοὺμ,
1427 670 1520 722 καὶ
1568 671 1833 740 Μαναὴμ,

265 757 329 807 u‘t
356 756 696 821 Φακεσσίου,
718 762 818 812 καὶ
852 761 1044 824 ψακὲς,
1075 762 1167 813 καὶ
1201 761 1358 831 Ὠσηέ
1379 779 1391 790 ·
1423 762 1666 833 καὶπερὶ
1699 780 1833 834 προ-
1888 783 1894 788 ·

261 848 430 919 φητῶν,
459 849 648 913 Ἠλία,
694 852 796 906 καὶ
827 853 1087 906 Ἐλισσαιὲ
1109 893 1123 918 ,
1155 853 1248 906 καὶ
1285 853 1528 914 Ἡσαΐου,
1552 855 1647 908 καὶ
1669 856 1832 926 Ἰερε-

261 945 376 1007 μίου,
406 939 505 990 καὶ
553 940 640 991 ὅτι
676 943 710 1010 ἠ
755 941 856 1011 μὲν
893 942 1138 1011 βασιλεία
1185 943 1499 1015 Σαμαρείας
1557 944 1833 1000 πέπαυται

257 1029 326 1081 ἐπὶ
355 1030 539 1099 Ὀσηὲ,
578 1031 688 1102 υἱῷ
716 1033 856 1084 Ἠλᾶ
881 1033 955 1103 τῷ
988 1033 1080 1087 καὶ
1105 1034 1367 1103 σφάξαντι
1395 1035 1484 1088 τὸν
1522 1037 1696 1090 Φακεὲ
1719 1038 1834 1092 υἱὸν

265 1122 522 1194 Ῥομελίου
547 1142 560 1154 ·
598 1127 632 1196 ἡ
670 1126 731 1178 δὲ
764 1126 868 1196 τῆς
897 1126 1248 1199 Ἰερουσαλὴμ
1281 1127 1524 1198 βασιλεία
1559 1131 1832 1186 πέπαυται

255 1216 326 1267 ἐπὶ
359 1215 611 1288 Σεδεκίᾳ.
651 1218 767 1272 Καὶ
813 1218 975 1282 αὐτὸς
1016 1218 1125 1289 γὰρ
1153 1221 1374 1293 ἀπήχθη
1406 1224 1484 1286 είς
1516 1223 1830 1288 Βαϐυλῶνα,

254 1304 326 1356 καὶ
351 1305 776 1377 ἀφαιρεθέντων
806 1307 973 1362 αὐτοῦ
1008 1309 1114 1361 τῶν
1144 1310 1457 1381 ὀφθαλμῶν,
1491 1314 1571 1377 εἰς
1611 1313 1833 1384 μύλωνα

254 1396 427 1468 ἐελήθη
449 1397 550 1468 ἐτη
577 1407 693 1463 κς’.
721 1401 884 1453 Μετά
916 1403 1107 1468 ταῦτα,
1126 1402 1339 1474 ὕψωσεν
1363 1405 1522 1458 αὑτὸν
1553 1406 1642 1459 τὸν
1682 1408 1834 1460 Ἰωα-

253 1486 362 1556 κεὶμ
394 1486 659 1556 βασιλεὺς
683 1489 1026 1557 Βαϐυλῶνος,
1057 1493 1150 1546 καὶ
1173 1493 1338 1546 ἔδωκε
1373 1493 1518 1565 αὑτῷ
1532 1494 1621 1548 τὸν
1648 1494 1834 1567 θρόνον

253 1580 412 1632 ἐπάνω
433 1579 547 1633 τῶν
580 1583 703 1634 ἐκεῖ
735 1582 1028 1652 βασιλέων,
1054 1585 1146 1638 καὶ
1175 1585 1432 1656 συνήσθιε
1461 1588 1555 1640 καὶ
1581 1575 1833 1641 συνέπινε

258 1674 356 1742 μετ’
403 1672 574 1726 αὐτοῦ
630 1675 740 1738 ἕως
774 1675 992 1749 ἡμέρας
1048 1677 1190 1748 ζωῆς
1220 1678 1406 1731 αὑτοῦ.
1442 1681 1552 1732 Καὶ¹
1591 1681 1684 1735 ἐπὶ
1711 1680 1833 1734 τοὺ-

249 1779 341 1824 τοις
365 1763 521 1834 λήγει
561 1765 624 1818 τὸ
667 1765 904 1836 βιϐλίον,
959 1769 1484 1839 αἰχμαλωτισθέντος
1536 1771 1632 1826 τοῦ
1674 1772 1825 1839 λαοῦ,
1860 1747 1904 1804 Β

255 1856 333 1907 καὶ
364 1857 461 1928 τῆς
494 1857 711 1923 πόλεως
743 1859 932 1930 πάσης
975 1860 1224 1934 ἀλούσης.

306 1970 411 2041 (Η)
472 1971 771 2047 Ἐπιτομὴ
792 1973 1086 2047 Απράξεωνν
1122 1973 1242 2030 τῶν
1284 1975 1598 2040 ,ϐασιλέων
1646 1977 1759 2047 τῆς

651 2043 962 2110 Ἰουδαίας
997 2046 1095 2098 καὶ
1130 2047 1402 2114 Ἰσραήλ.

306 2130 384 2183 Π.
413 2131 686 2204 Ἀρχῆθεν
714 2128 1010 2189 οὖν’πάλιν
1040 2137 1378 2209 ἀιαληπτέον
1399 2137 1486 2191 τὸν
1519 2137 1695 2208 λόγον,
1733 2140 1828 2194 καὶ

243 2224 348 2275 κατ’
372 2224 643 2296 ἐπιτομὴν
659 2225 918 2278 ἐκθετέον
939 2226 1043 2280 τῶν
1063 2229 1278 2282 πάντων
1311 2229 1592 2301 βασιλέων,
1609 2230 1828 2286 καὶτῶν

254 2315 533 2379 Ἰουδαίων,
583 2317 682 2371 καὶ
711 2317 824 2370 τῶν
859 2319 961 2390 τῆς
992 2321 1327 2392 Σαμαρείας,
1374 2323 1443 2376 τὰ
1469 2323 1705 2394 ὀνόματα
1732 2325 1827 2378 καὶ

240 2407 326 2472 τὰς
353 2409 605 2479 πράξεις,
632 2411 730 2462 καὶ
756 2408 825 2462 τά
848 2412 946 2482 τῆς
995 2413 1226 2466 ἑκάστου
1258 2413 1536 2484 βασιλείας
1568 2415 1683 2487 ἐτη·
1733 2417 1826 2471 καὶ

239 2499 441 2570 πρῶτον
471 2501 744 2572 περὶτῶν
782 2502 1047 2572 βασιλέων
1091 2505 1464 2577 Ἰερουσαλήμ.
1505 2507 1658 2560 Μετά
1687 2507 1743 2560 δὲ
1766 2509 1826 2562 τὸ

237 2593 526 2646 ἀπολέσθαι
565 2594 658 2646 τὸν
697 2595 894 2658 Σαοὺλ,
928 2595 1344 2666 βασιλεύσαντος
1393 2598 1486 2670 ἐτη
1552 2607 1626 2671 μ’,
1661 2600 1826 2654 eam

240 2683 504 2754 βασιλεύει
537 2687 635 2740 ἐπὶ
665 2687 850 2742 πάντα
877 2688 967 2741 τὸν
1025 2689 1260 2761 Ἰσραὴλ,
1307 2691 1401 2744 καὶ
1429 2691 1590 2756 αὐτὸς
1621 2692 1713 2763 ἐτη
1751 2700 1823 2763 μη

238 2773 399 2838 οὓτως
422 2778 480 2828 ἐν
515 2777 618 2846 μὲν
669 2777 903 2848 Χεϐρῶν
943 2778 1036 2850 ἐτη
1090 2779 1156 2844 ζ’,
1201 2782 1257 2834 ἐν
1293 2781 1350 2834 δὲ
1407 2783 1568 2835 παντὶ
1611 2781 1826 2855 Ἰσραὴλ

241 2867 324 2917 καὶ
369 2867 542 2920 ’ἰούδα
569 2868 666 2940 ἔτη
700 2867 803 2938 λγ⁹·
851 2871 947 2922 καὶ
999 2870 1223 2941 ἐποίησε
1262 2871 1321 2924 τὸ
1362 2871 1516 2936 εὑθὲς
1557 2875 1614 2926 ἐν
1646 2873 1826 2947 τελείᾳ

240 2957 442 3028 καρδία.
463 2959 591 3011 Ἐπὶ
612 2959 808 3012 τούτου
837 2955 977 3030 ἦσαν
1012 2962 1283 3032 προφῆται
1312 2963 1588 3034 Σαμουὴλ,
1616 2963 1822 3030 Ναθάν,

241 3046 356 3101 Γὰδ.
386 3050 655 3121 Σαλομῶν
713 3054 742 3105 6
800 3051 918 3116 υίὸς
946 3053 1108 3106 Δαϐὶδ
1141 3054 1486 3108 ἐϐασίλευσεν
1518 3057 1610 3109 ἐπὶ
1649 3057 1826 3111 πάντα

240 3139 323 3191 τὸν
353 3140 478 3195 λαὸν
515 3143 615 3214 ἔτη
657 3141 709 3213 μ’
736 3143 834 3196 καὶ
860 3143 1042 3208 αὐτός’
1073 3146 1167 3198 καὶ
1200 3147 1423 3216 ἐποίησε
1455 3147 1517 3200 τὸ
1570 3150 1822 3222 πονηρόν.

240 3229 342 3284 Καὶ
367 3234 456 3286 ἐπὶ
481 3233 652 3288 αὑτοῦ
686 3230 831 3306 ἦσαν
891 3235 1162 3307 προφῆται
1209 3236 1395 3291 Ναθάν
1435 3238 1527 3292 καὶ
1555 3239 1592 3290 Γ
1597 3239 1678 3294 ἀδ.
1715 3241 1828 3294 Ῥο-

241 3319 376 3392 σοάμ
397 3326 424 3376 6
471 3325 591 3388 υἱὸς
644 3323 815 3378 αὑτοῦ
851 3325 1200 3378 ἐϐασίλευσεν
1234 3326 1327 3398 ἐτη
1367 3326 1449 3390 ιζνο
1482 3329 1577 3382 καὶ
1607 3329 1827 3401 ἐποίησε

241 3413 296 3466 τὸ
317 3417 575 3488 πονηρόν.
628 3417 754 3470 Ἐπὶ
801 3417 992 3471 τούτου
1054 3417 1276 3490 ἐσχίσθη
1335 3421 1368 3489 η
1422 3419 1686 3490 βασιλεία,
1736 3421 1829 3476 καὶ

240 3505 450 3572 ἔμειναν
483 3509 605 3579 μετ’
641 3508 810 3563 αὐτοῦ
851 3511 950 3580 μὲν
1003 3510 1060 3563 ἐν
1097 3511 1449 3583 Ἰερουσαλὴμ
1498 3512 1663 3582 φυλαὶ
1713 3513 1826 3578 δύο,

242 3597 274 3664 ἡ
310 3596 470 3650 Ἰούδα
500 3600 597 3653 καί
627 3600 661 3670 ἡ
714 3600 997 3670 Βενιαμίν
1047 3603 1104 3654 ἐν
1137 3600 1193 3654 δὲ
1221 3604 1288 3673 τῇ
1329 3603 1614 3674 Σαμαρείᾳ
1668 3603 1830 3674 φυλαὶ⁹

240 3685 386 3740 δέκα.
433 3689 556 3743 Ἐπὶ
581 3689 778 3742 τούτου
827 3686 969 3761 ἦσαν
992 3691 1267 3762 προφῆται
1319 3691 1502 3762 Ἀχιάς
1547 3692 1830 3763 ὁΣηλωνί-

241 3793 357 3847 της,
383 3781 474 3832 καὶ
493 3781 766 3851 Σαμαίας,
802 3781 896 3833 καὶ
944 3781 1124 3836 Ἀδδώ.
1173 3782 1351 3835 Ἀὄιοῦ
1387 3782 1502 3845 υίὸς
1543 3781 1708 3836 αὑτοῦ
1736 3782 1829 3854 ἐτη

240 3871 381 3940 τρία.
416 3873 526 3926 Καὶ
549 3874 652 3927 οὐκ
691 3869 761 3944 ἦν
796 3875 829 3945 ἡ
865 3873 1064 3945 καρδία
1110 3874 1271 3927 αὑτοῦ
1318 3873 1517 3939 τελεία,
1548 3875 1624 3940 ὼς
1645 3876 1828 3941 Δα6¹ιδ,

237 3961 373 4015 ἀλλά
395 3963 662 4036 ἐπορεύθη
696 3967 754 4017 ἐν
779 3967 901 4028 ταῖς
937 3965 1232 4036 ἁμαρτίαις
1274 3965 1368 4020 τοῦ
1410 3966 1616 4038 πατρὸς
1644 3966 1828 4020 αὑτοόο

243 4051 458 4107 Καὶέπὶ
499 4055 692 4110 τούτου
729 4052 800 4128 ἦν
839 4055 1005 4109 Ἀδδὼ
1033 4059 1060 4109 6
1125 4058 1431 4130 προφήτης.
1497 4059 1665 4112 Ἀσσᾶ
1714 4057 1830 4121 υἱὸς

241 4144 398 4200 αὐτοῦ
446 4148 539 4221 ἐτη
579 4155 689 4219 μα’·
723 4147 820 4202 καὶ
855 4147 1078 4221 ἐποίησε
1101 4147 1162 4201 τὸ
1191 4148 1366 4212 εὑθές·
1403 4147 1520 4202 ἀλλ’
1555 4148 1636 4202 ἔτι
1665 4144 1732 4221 ῆν
1760 4149 1831 4202 τὰ

245 4238 432 4310 ὑψηλά.
469 4242 591 4295 Ἐπὶ
617 4242 813 4296 τούτου
864 4237 1007 4313 ἦσαν
1057 4241 1335 4314 προφῆται
1408 4239 1664 4312 Ἀζαρίας
1719 4240 1831 4304 υίὸς

257 4330 420 4402 Ὧδὴᾷ
476 4335 571 4388 καὶ
632 4334 872 4404 Ἀναμῆ.
915 4335 1180 4402 Ἰωσαφὰτ
1216 4333 1330 4396 υίὸς
1370 4331 1533 4387 αὐτοῦ
1577 4332 1674 4402 ἐτη
1729 4337 1826 4385 κέν’

1931 491 2053 548 kias
2083 491 2382 548 dicebatur.
2417 493 2616 548 Eorum
2649 511 2798 560 vero,
2827 497 2919 566 qui
2947 497 2999 552 in
3033 497 3310 554 Samaria:
3334 501 3504 559 Ocho-

1934 585 2052 648 ziae,
2085 582 2292 648 Joram,
2332 584 2494 647 Jehu,
2527 585 2787 653 Joachaz,
2831 586 2984 654 Joas,
3032 589 3350 655 Jcroboam,
3401 593 3505 649 Za-

1934 678 2155 743 chariae,
2178 679 2405 743 Sellum,
2431 679 2698 744 Manaem,
2719 679 3048 738 Phakessiaa.
3073 683 3307 749 Phalaes,
3329 687 3500 743 Osee:

1933 778 1990 823 et
2034 769 2101 825 de
2148 771 2452 841 prophetis,
2487 771 2626 840 Elia,
2693 772 2900 839 Eliseo,
2952 776 3089 832 Isaia
3147 786 3200 834 et
3245 777 3501 836 Jeremia.

1934 857 2204 914 Praeterea
2228 861 2503 930 quomodo
2551 880 2778 933 regnum
2834 864 3096 923 Samaria:
3125 869 3368 934 desierit,
3403 873 3504 927 sub

1933 948 2072 1006 Osee
2097 951 2206 1005 ﬁlio
2232 950 2386 1016 l-lela,
2419 954 2512 1023 qui
2539 952 2752 1009 Phakee
2786 955 2956 1010 ﬁlium
2991 957 3251 1015 Romelia:
3278 963 3501 1027 occidit,

1935 1057 2161 1112 regnum
2194 1058 2324 1098 vero
2349 1042 2868 1110 Jerosolvmitanum
2899 1049 3000 1104 sub
3049 1050 3277 1107 Sedekia
3320 1069 3506 1110 cessa-

1933 1133 2031 1189 vit.
2059 1133 2192 1186 Nam
2227 1140 2282 1188 et
2310 1135 2427 1205 ipse
2456 1136 2509 1189 in
2541 1135 2870 1207 Babylonem
2897 1139 3190 1204 abductus,
3215 1149 3268 1196 et
3289 1143 3505 1200 effossis

1933 1227 2111 1286 oculis
2143 1228 2197 1281 in
2234 1228 2531 1298 pistrinum
2558 1245 2736 1284 annos
2763 1231 2952 1302 viginti
2998 1248 3090 1287 sex
3123 1234 3369 1303 abjectus
3398 1246 3503 1292 est.

1935 1318 2130 1374 Postea
2160 1335 2292 1374 vero
2324 1336 2418 1376 rex
2458 1321 2754 1392 Babylonis
2781 1339 2961 1394 regem
2983 1323 3196 1380 Joakim
3221 1329 3502 1392 exaltavit,

1937 1410 2304 1482 thronumque
2350 1413 2499 1469 illius
2559 1430 2725 1484 supra
2779 1423 3012 1472 cunctos
3043 1417 3138 1486 qui
3201 1419 3312 1474 illic
3345 1429 3506 1476 erant

1934 1518 2093 1572 reges
2115 1504 2311 1558 extulit
2335 1512 2390 1558 et
2416 1521 2543 1559 cum
2573 1521 2640 1561 eo
2673 1507 2786 1562 edit
2817 1515 2872 1562 et
2916 1508 3055 1563 bibit
3094 1512 3350 1568 omnibus
3383 1513 3502 1567 die-

1934 1595 2039 1651 bus
2070 1595 2194 1650 vita:
2217 1595 2414 1666 ipsius.
2440 1596 2500 1651 In
2523 1597 2718 1668 hisque
2744 1598 2946 1655 desinit
2975 1601 3115 1657 liber
3146 1603 3265 1666 iste,
3301 1604 3356 1657 in
3389 1620 3507 1659 ser-

1935 1685 2166 1742 vitutem
2199 1686 2439 1743 abducto
2467 1687 2581 1758 jam
2606 1687 2828 1759 populo,
2851 1694 2905 1744 et
2928 1696 3041 1744 tota
3074 1690 3208 1746 urbe
3237 1699 3415 1759 capta.

2109 1966 2348 2037 Epitome
2377 1977 2642 2039 gestorum
2671 1983 2850 2039 regum
2871 1966 3030 2024 Judw
3055 1980 3104 2024 et
3137 1968 3333 2024 Israel.

2001 2124 2088 2179 17.
2109 2122 2192 2178 Ab
2210 2123 2370 2178 initio
2386 2122 2678 2194 repetenda
2696 2124 2854 2182 nobis
2872 2125 2984 2182 haec
2999 2135 3147 2191 sunt,
3164 2135 3216 2183 et
3229 2143 3324 2198 per
3340 2130 3513 2200 epito-

1926 2232 2051 2271 men
2070 2217 2394 2287 exponenda
2417 2217 2661 2272 omnium
2688 2233 2876 2289 regum
2896 2235 3018 2275 cum
3035 2219 3253 2286 Judzeze,
3270 2238 3393 2277 eum
3416 2223 3510 2278 Sa-

1928 2313 2113 2363 mariaa
2130 2310 2370 2375 nomina,
2390 2325 2478 2365 res
2493 2319 2657 2382 gesta:
2671 2318 2726 2365 et
2742 2311 2784 2379 ι
2797 2311 2840 2380 ι
2853 2311 3054 2382 lregni
3073 2313 3338 2382 cujusque
3355 2309 3505 2372 anni.

1927 2399 1992 2456 Et
2013 2403 2245 2472 primum
2263 2403 2329 2458 de
2350 2403 2564 2474 regibus
2579 2401 2904 2458 Jerusalem.
2924 2403 3055 2460 Post
3073 2405 3352 2460 interitum
3375 2407 3510 2462 Sau-

1926 2493 1992 2548 lis
2018 2493 2109 2563 qui
2129 2508 2302 2550 annos
2323 2495 3043 2566 regnaveratquadraginta,
3078 2499 3321 2568 regnavit
3338 2499 3506 2554 David

1926 2603 2091 2656 super
2108 2587 2418 2644 universum
2437 2587 2712 2651 lsraelem,
2729 2596 2782 2642 et
2799 2589 2913 2658 ipse
2935 2604 3108 2645 annos
3124 2591 3506 2661 quadraginta;

1926 2678 1980 2732 in
2003 2679 2272 2744 Chebron,
2299 2686 2502 2750 septem
2532 2679 2727 2734 deinde
2751 2696 2914 2750 super
2931 2698 3144 2736 omnem
3176 2681 3429 2738 lsraelem
3453 2691 3508 2738 et

1925 2769 2118 2825 Judam
2142 2771 2361 2843 triginta
2389 2780 2520 2835 tres,
2552 2780 2606 2826 et
2635 2771 2759 2826 fecit
2789 2772 2935 2843 quod
2959 2781 3165 2828 rectum
3185 2784 3321 2837 erat,
3343 2775 3509 2831 corde

1929 2863 2206 2934 perfecto;
2233 2861 2336 2916 sub
2358 2861 2460 2916 hoc
2485 2869 2640 2916 erant
2665 2863 2940 2933 pr0phetae
2968 2883 2979 2917 :
3008 2863 3246 2927 Samuel,
3271 2864 3504 2932 Nuthan,

1936 2953 2073 3010 Gud.
2106 2954 2365 3007 Salomon
2410 2953 2554 3008 ﬁlius
2591 2953 2783 3018 David,
2828 2963 2880 3010 et
2919 2956 3036 3024 ipse
3075 2973 3239 3026 super
3286 2975 3504 3013 onmem

1931 3047 2192 3118 populum
2225 3045 2472 3117 regnavit
2503 3061 2680 3101 annos
2701 3047 3083 3117 quadraginta,
3114 3059 3166 3102 et
3203 3048 3330 3102 fecit
3358 3051 3504 3118 quod

1929 3141 2134 3194 malum
2165 3145 2303 3194 erat.
2352 3137 2466 3194 Sub
2513 3139 2620 3194 isto
2651 3146 2809 3194 erant
2849 3140 3147 3212 pr0phe'a2,
3189 3139 3402 3195 Nathan
3452 3149 3511 3198 et

1930 3227 2065 3284 Gad.
2099 3229 2340 3284 Rohoam
2381 3229 2524 3284 ﬁlius
2557 3228 2864 3286 Salomonis
2911 3233 3157 3303 regnavit
3209 3249 3381 3289 annos
3417 3251 3506 3290 se-

1929 3321 2277 3392 ptemdecim,
2307 3329 2361 3376 et
2391 3320 2518 3376 fecit
2545 3323 2693 3392 quod
2721 3323 2922 3377 malum
2948 3331 3097 3391 erat;
3119 3325 3219 3380 sub
3239 3325 3339 3380 hoc
3369 3326 3510 3382 scis-

1931 3428 2050 3468 sum
2079 3419 2446 3483 estregnum,
2474 3422 2528 3468 et
2561 3424 2881 3469 manserunt
2903 3429 3026 3470 cum
3057 3417 3176 3487 ipso
3207 3419 3262 3472 in
3290 3417 3509 3474 Jerusa-

1930 3504 2033 3558 lem
2057 3504 2234 3559 tribus
2259 3504 2399 3569 duae,
2428 3503 2566 3558 Juda
2589 3513 2641 3560 et
2665 3505 2984 3575 Benjamin;
3013 3507 3069 3561 in
3097 3508 3343 3563 Samaria
3374 3526 3512 3566 vero

1931 3595 2154 3664 reliquae
2201 3595 2408 3651 decem.
2464 3594 2638 3665 Hujus
2696 3606 2940 3668 tempore
3005 3609 3162 3654 erant
3226 3602 3505 3672 prophetae

1929 3683 2132 3738 Achias
2164 3681 2454 3748 Selonites,
2491 3692 2545 3740 et
2581 3683 2840 3752 Samaeas,
2868 3695 2921 3743 et
2950 3688 3126 3744 Addo.
3155 3688 3323 3744 Abias
3357 3691 3504 3746 ﬁlius

1931 3775 2051 3844 ejus
2083 3775 2330 3846 regnavit
2361 3791 2535 3832 annos
2562 3784 2696 3834 tres.
2737 3777 2848 3833 Cor
2875 3779 3038 3848 hujus
3071 3795 3180 3834 non
3227 3791 3345 3836 erat
3377 3799 3504 3852 per-

1931 3867 2153 3930 fectura,
2186 3867 2328 3922 sicut
2373 3867 2616 3932 Davidis,
2655 3869 2750 3924 sed
2807 3871 3107 3926 ambulavit
3155 3872 3211 3927 in
3260 3875 3502 3944 peccatis

1930 3961 2102 4031 patris
2129 3960 2245 4027 sui;
2269 3959 2371 4015 sub
2399 3960 2504 4014 hoc
2527 3961 2665 4015 vixit
2689 3963 2843 4016 Addo
2883 3963 3165 4034 pr0pheta.
3191 3965 3329 4020 Assa
3358 3967 3501 4024 ﬁlius

1929 4049 2050 4119 ejus
2078 4050 2322 4120 regnavit
2367 4064 2540 4105 annos
2571 4051 2930 4122 quadraginta
2973 4061 3026 4107 et
3057 4069 3246 4118 unum,
3277 4063 3331 4110 et
3379 4055 3503 4114 fecit

1930 4143 2075 4213 quod
2101 4151 2308 4196 rectum
2329 4149 2466 4209 erat,
2482 4151 2856 4199 verumtamen
2883 4144 3059 4200 adhuc
3082 4155 3234 4201 erant
3253 4149 3500 4219 excelsa;

1933 4234 2039 4290 sub
2088 4234 2192 4290 isto
2244 4234 2520 4304 prophetae
2549 4242 2705 4289 erant
2761 4236 2989 4291 Azarias
3036 4237 3179 4292 ﬁlius
3231 4236 3402 4303 Oded,
3447 4249 3502 4294 et

1931 4324 2148 4379 Anami.
2179 4323 2442 4395 Josaphat
2478 4325 2621 4381 ﬁlius
2655 4326 2775 4396 ejus
2825 4329 3071 4398 regnavit
3105 4345 3278 4384 annos
3309 4329 3502 4400 viginti

245 4423 334 4475 καὶ
370 4426 586 4496 ἐποίησε
619 4425 682 4478 τὸ
713 4424 895 4487 εὑθές·
951 4424 1084 4477 ἀλλά
1125 4424 1192 4478 τά
1250 4422 1427 4494 ὑψηλά
1454 4422 1534 4476 ἐτι
1591 4423 1824 4494 ὑπῆρχε.

1931 4419 2192 4491 quinque,
2227 4427 2279 4474 et
2307 4418 2436 4474 fecit
2466 4419 2611 4489 quod
2642 4427 2852 4474 rectum
2892 4429 3032 4488 erat,
3059 4429 3297 4477 attamen
3321 4423 3501 4478 adhuc

246 4514 350 4568 Καὶ
382 4517 516 4588 μετά
539 4518 715 4573 ταῦτα
749 4517 961 4589 μέμψιν
991 4517 1144 4588 ἐσχεν
1177 4516 1428 4588 ἀνομίας,
1459 4517 1540 4569 ὅτι
1581 4515 1822 4584 ἐφιλίασε

243 4604 318 4674 τῷ
363 4607 571 4680 Ὀχοζίᾳ
615 4609 832 4679 βασιλεί
877 4609 1112 4679 Ἰσραὴλ,
1140 4609 1233 4661 καὶ
1289 4606 1643 4679 ἐκοινώνησεν
1675 4607 1823 4679 αὐτῷ

245 4699 320 4761 είς
343 4702 537 4754 πλοίων
567 4701 985 4774 πραγματείαν.
1033 4703 1154 4756 Ἐπὶ
1181 4703 1371 4755 τούτου
1421 4697 1562 4775 ἦσαν
1610 4701 1824 4772 πρθῗῖν

243 4803 326 4841 ται
387 4791 584 4856 Ἠλίας,
649 4791 965 4854 Ἐλισσαιέ,
1005 4792 1284 4862 Μιχαίας,
1353 4791 1445 4844 καὶ
1507 4790 1606 4844 Ἰοῦ
1652 4795 1680 4845 6
1728 4791 1820 4844 τοῦ

257 4877 470 4953 Ἀναμῆ,
500 4884 594 4936 καὶ
637 4882 828 4953 Ὀζιὴλ
858 4883 888 4933 ὁ
933 4880 1025 4934 τοῦ
1062 4882 1354 4955 Ζαχαρίου,
1408 4881 1502 4936 καὶ
1536 4881 1749 4936 Ἑλιαδᾶ
1795 4883 1824 4935 ὁ

243 4970 329 5022 τοῦ
363 4974 497 5028 Ὠδιᾶ
521 4976 630 5029 ἀπὸ
652 4975 937 5046 Μαρίσης.
1007 4975 1208 5046 Ἰωρὰμ
1265 4975 1378 5038 υἱὸς
1423 4973 1588 5027 αὑτοῦ
1625 4973 1719 5044 ἐτη
1747 4980 1818 5045 ηπ

248 5067 330 5116 καὶ
356 5068 569 5140 ἐποίησε
605 5069 668 5121 τὸ
697 5068 962 5138 πονηρόν.
994 5063 1119 5139 Εἶχε
1147 5069 1254 5139 γὰρ
1281 5070 1514 5135 γυναῖκα
1550 5065 1821 5137 θυγατέρα

259 5154 459 5226 Ἀχαέώ.
495 5163 606 5215 Καὶ
633 5161 730 5214 ἐπὶ
749 5160 947 5213 τούτου
981 5155 1118 5230 ἦσαν
1165 5160 1346 5223 Ἠλίας
1367 5159 1460 5213 καὶ
1499 5159 1818 5222 Ἐλισσαῖος.

257 5244 478 5316 Ὀχοζίας
498 5254 614 5316 υἱὸς
639 5249 814 5306 αὐτοῦ
838 5249 959 5313 ἔτος
992 5258 1059 5304 α’·
1109 5252 1202 5304 καὶ
1236 5251 1457 5322 ἐποίησε
1482 5250 1542 5304 τὸ
1562 5250 1816 5321 πονηρόν.

245 5335 364 5392 Μετ’
393 5347 543 5400 αὑτὸν
585 5345 822 5399 Γοθολία
853 5345 888 5414 ἡ
917 5345 1096 5415 μήτηρ
1127 5344 1290 5397 αὐτοῦ
1335 5343 1428 5414 ἐτη
1469 5343 1629 5398 ἐπτά.
1668 5344 1816 5406 Ίωᾶς

247 5432 348 5495 υἷος
386 5439 614 5509 Ὀχοζίου
647 5439 749 5509 ἔτη
806 5443 882 5506 μ’.
938 5431 1101 5500 Οὗτος
1124 5437 1377 5506 ἐφόνευσε
1406 5438 1701 5509 Ζαχαρίαν,
1725 5436 1818 5489 καὶ

243 5516 436 5593 tuaique
457 5531 516 5584 τὸ
550 5530 720 5591 εὑοὲς
741 5529 854 5589 ἕως
891 5525 1071 5578 Ἰωδαέ
1099 5529 1127 5581 ὁ
1155 5527 1370 5590 συνετὸς
1417 5527 1533 5596 ἔζη,
1572 5527 1664 5580 καὶ
1685 5525 1821 5594 ἐφώ-

238 5625 370 5668 τισεν
393 5620 568 5675 αὐτόν.
597 5620 819 5674 Τοῦτον
883 5617 1209 5670 ἀπέκτειναν
1237 5620 1286 5670 οἱ
1326 5616 1499 5670 δοῦλοι
1551 5617 1714 5671 αὑτοῦ
1761 5619 1817 5669 ἐν

1929 4519 2086 4566 erant
2116 4509 2352 4566 excelsa.
2382 4507 2579 4564 Postea
2610 4508 2926 4582 objurgatus
2973 4527 3038 4567 eo
3091 4515 3314 4569 nomine
3372 4514 3497 4582 fuit,

1929 4602 2074 4674 quod
2121 4602 2415 4656 amicitiam
2443 4601 2703 4670 junxerat
2727 4619 2851 4658 cum
2881 4602 3116 4660 Ochozia
3144 4622 3268 4676 rege
3310 4605 3495 4675 Israel,

1927 4701 1982 4749 et
2007 4694 2063 4748 in
2092 4696 2310 4747 nautica
2344 4692 2710 4763 negotiatione
2742 4697 2926 4751 socius
2957 4697 3035 4751 illi
3077 4698 3273 4753 fuerat.
3324 4697 3496 4768 Hujus

1929 4794 2173 4856 tempore
2211 4791 2368 4840 erant
2412 4785 2693 4856 prOphetae
2737 4785 2906 4852 Elias,
2961 4787 3171 4854 Elisaze,
3219 4789 3492 4856 Michaas,

1929 4874 2036 4930 Iliu
2089 4876 2229 4931 ﬁlius
2263 4875 2475 4939 Anami,
2506 4875 2652 4931 Oziel
2690 4876 2832 4933 ﬁlius
2870 4877 3169 4945 Zachariie,
3207 4887 3261 4932 et
3307 4877 3494 4934 Eliada

1923 4966 2072 5023 Odia:
2094 4968 2160 5023 de
2187 4966 2404 5026 Marisa.
2432 4967 2618 5023 Joram
2650 4968 2795 5024 ﬁlius
2825 4968 3085 5039 Josaphat
3112 4969 3354 5039 regnavit
3392 4984 3494 5022 an-

1923 5078 2025 5118 nos
2063 5071 2207 5128 octo,
2243 5071 2298 5118 et
2343 5063 2471 5120 fecit
2509 5064 2656 5135 quod
2685 5066 2885 5119 malum
2926 5071 3061 5119 erat.
3099 5063 3300 5118 Hibuit
3345 5065 3492 5118 enim

1924 5172 2148 5211 uxorem
2195 5155 2360 5210 ﬁliam
2402 5156 2628 5212 Achaab
2656 5176 2669 5212 :
2698 5157 2864 5226 hujus
2904 5173 3019 5211 aevo
3062 5165 3176 5210 erat
3217 5155 3493 5225 propheta:

1923 5247 2072 5304 Elias
2103 5256 2156 5303 et
2201 5248 2433 5305 Eliseus.
2472 5248 2739 5306 Ochozias
2774 5248 2918 5303 ﬁlius
2953 5249 3072 5318 ejus
3103 5248 3348 5317 regnavit
3393 5263 3494 5302 an-

1923 5357 2056 5396 num
2087 5357 2276 5406 unum,
2311 5349 2365 5397 et
2415 5342 2544 5397 fecit
2575 5343 2720 5413 quod
2762 5341 2962 5394 malum
2995 5349 3131 5394 erat.
3175 5338 3302 5396 Post
3345 5341 3492 5398 hunc

1924 5434 2172 5503 regnavit
2207 5444 2382 5490 mater
2413 5435 2584 5506 ipsius
2614 5433 2866 5490 Gotholia
2900 5449 3074 5489 annos
3107 5445 3332 5505 septem.
3361 5433 3491 5491 Joas

1925 5524 2071 5580 ﬁlius
2099 5522 2349 5582 Ochozia:
2383 5526 2629 5596 regnavit
2655 5539 2829 5580 annos
2864 5524 3244 5601 quadraginta.
3269 5525 3376 5581 Iste
3404 5541 3493 5581 οοτ

1924 5616 2056 5672 cidit
2078 5614 2421 5684 Zachariam,
2445 5625 2497 5672 et
2518 5615 2690 5672 donec
2712 5613 2862 5671 Joda:
2886 5616 2970 5671 vir
3000 5618 3238 5689 prudens
3263 5619 3493 5684 viveret,

296 5772 395 5846 (Η)
425 5776 652 5835 Titulus
683 5775 950 5847 adjectus
980 5771 1081 5828 fuit
1109 5773 1176 5831 ab
1204 5773 1510 5832 editoribus
1534 5771 1974 5830 Parisiensibus.‘
