4008 6404
561 264 672 324 325

1718 266 1778 322 8.
1795 325 1800 334 ,
1818 259 2287 320 ATHANASIUS.
2321 290 2392 302 -
2418 259 2650 316 DUBIA.

3703 253 3797 309 524

565 397 596 437 a
638 397 749 453 quo
775 381 1184 448 instituebatur,
1220 380 1348 438 fecit
1379 379 1521 451 quod
1549 385 1756 435 rectum
1798 385 1938 434 erat.
1974 377 2125 432 Hunc

2231 375 2364 445 οἴκῳ
2403 369 2656 427 Μαελώθ.
2722 369 2845 422 Ἐπὶ
2883 368 3074 422 τούτου
3129 365 3497 440 ἐπροφήτευεν
3555 363 3800 436 Ἀζαρίας

565 474 960 530 interfecerunt
1007 476 1177 545 ipsius
1208 473 1356 529 servi
1387 475 1441 527 in
1475 473 1636 527 domo
1666 471 1932 537 Maeloth;
1963 470 2125 539 hujus

2235 461 2553 538 [Ζαχαρίας]
2603 461 2720 524 υίὸς
2763 459 2964 514 Ἰωδαέ.
3033 458 3291 530 Ἀμεσίας
3339 457 3455 521 υίὸς
3511 455 3680 510 αὑτοῦ
3712 456 3798 528 ἔτη

565 578 808 638 tempore
851 568 1194 639 prophetavit
1222 567 1445 621 Azarias
1481 566 1622 622 illitis
1669 563 1839 619 Jodaa.
1881 565 2125 619 Amesias

2231 553 2333 606 κθ’·
2368 553 2462 606 καὶ
2493 550 2747 620 ἐποίησεν
2811 549 2868 600 ἐν
2919 549 3059 618 ἀρχῇ
3099 546 3161 600 τὸ
3202 545 3376 610 εύθὲς.
3434 545 3548 600 ἀλλ’
3603 545 3702 616 οὐχ
3730 545 3799 609 ὡς

565 661 712 716 ﬁlius
749 661 868 731 ejus
916 660 1162 730 regnavit
1190 674 1362 714 annos
1391 658 1583 728 viginti
1630 673 1844 721 novem,
1897 666 1952 710 et
2001 656 2130 711 fecit

565 752 720 807 initio
775 753 923 822 regni
968 752 1110 820 quod
1158 759 1366 804 rectum
1400 759 1538 814 erat,
1586 751 1679 806 sed
1717 766 1825 804 non
1855 753 1998 805 sicut
2026 746 2148 804 Da-'

562 842 654 897 vid
682 861 696 896 :
726 857 851 896 nam
890 842 1066 895 adhuc
1095 841 1329 911 populus
1362 841 1680 896 immolabat
1710 841 1766 895 in
1797 842 2051 906 excelsis,
2074 850 2134 896 et

565 934 719 990 lucos
747 949 856 988 non
893 933 1094 988 excidit
1119 951 1132 988 :
1157 933 1261 989 sub
1291 934 1393 988 hoc
1424 935 1817 1004 prophetarunt
1848 935 2130 1004 propheta:

564 1027 808 1096 quidam,
837 1041 1068 1096 quorum
1101 1034 1284 1080 tamen
1338 1027 1558 1086 nomina
1602 1028 1804 1098 scripta
1835 1043 1942 1082 non
1973 1034 2124 1083 sunt.

559 1114 853 1186 Postquam
872 1131 1001 1170 vero
1023 1131 1118 1170 eos
1139 1117 1229 1186 qui
1256 1117 1308 1170 in
1338 1115 1461 1172 Seir
1494 1117 1808 1172 habitabant
1827 1119 2119 1188 percussit,

560 1208 615 1264 in
637 1209 944 1278 superbiam
962 1209 1138 1263 elatus
1159 1215 1260 1273 est,
1282 1209 1424 1263 idola
1444 1209 1801 1264 habitantium
1818 1211 1871 1265 in
1897 1209 2017 1265 Seir
2033 1225 2129 1265 co-

560 1300 681 1363 luit,
701 1301 822 1356 etin
841 1315 1034 1356 manus
1045 1301 1280 1356 hostium
1294 1300 1550 1365 traditus,
1569 1317 1860 1372 percussus
1875 1308 1978 1360 est.
1997 1305 2132 1358 Aza-

558 1390 692 1454 rias,
709 1391 800 1461 qui
816 1401 866 1447 et
879 1390 1059 1455 Ozias,
1078 1405 1251 1447 annos
1267 1392 1659 1462 quinquaginta
1675 1391 1783 1447 duo
1797 1411 1810 1459 ;
1826 1400 1878 1448 et
1892 1393 2126 1464 primum

563 1479 709 1550 quod
727 1489 938 1535 rectum
957 1488 1074 1533 erat
1098 1479 1250 1544 fecit,
1275 1480 1420 1535 sicut
1440 1488 1493 1535 et
1515 1489 1666 1550 pater
1694 1481 1886 1550 ipsius,
1909 1480 2126 1536 excelsa

559 1576 741 1626 tamen
761 1587 868 1626 non
885 1572 1129 1628 abstulit.
1147 1571 1282 1625 Cum
1307 1581 1485 1627 autem
1509 1587 1766 1642 prospere
1786 1585 1898 1625 rem
1919 1579 2124 1640 ageret,

561 1665 740 1720 elatus
765 1672 849 1720 est
879 1665 1084 1728 animo,
1115 1664 1395 1734 voluitque
1420 1679 1516 1733 per
1545 1663 1785 1734 seipsum
1817 1662 2034 1718 adolere
2065 1663 2121 1717 in

2230 645 2411 698 Aa6i6'
2441 643 2520 696 ἐτι
2546 642 2653 714 γὰρ
2682 643 2710 694 ὁ
2737 639 2863 704 λαδς
2901 637 3178 702 ἐθυσίαζεν
3207 641 3264 691 ἐν
3297 641 3408 701 τοῖς
3448 636 3694 707 ὑψηλοῖς,
3715 637 3800 690 καὶ

2228 737 2296 790 τά
2329 737 2465 808 ἄλση
2491 735 2590 788 οὑκ
2618 731 2800 804 ἐξῆρε.
2854 731 2963 784 Καὶ
3017 729 3108 782 ἐπὶ
3148 728 3340 782 τούτου
3393 729 3798 799 ἐπροφήτευσαν

2230 829 2527 901 προφῆταιο
2558 826 2672 881 ἀλλ’
2697 827 2798 879 οὐκ
2843 824 3163 897 ἐγράφησαν
3205 822 3273 876 τὰ
3314 822 3554 892 ὀνόματα
3607 821 3797 874 αὐτῶν.

2229 923 2382 977 Μετὰ
2449 920 2623 974 ταῦτα
2687 919 2896 990 μέντοι,
2953 915 3233 986 Ἀμεσίας,
3277 913 3530 979 πατάξας
3587 913 3713 975 τοὺς
3746 913 3799 966 ἐν

2228 1017 2413 1089 Σηεὶρ,
2429 1013 2665 1086 ἐπήρθη,
2681 1012 2774 1066 καὶ
2795 1011 3083 1080 ἐλάτρευσε
3102 1012 3214 1072 τοῖς
3229 1007 3464 1071 εἰδώλοις
3492 1008 3602 1060 τῶν
3624 1007 3798 1079 Σηεὶρ,

2228 1111 2324 1163 καὶ
2378 1106 2660 1176 ἐπατάχθη
2707 1102 3032 1175 παραδοθεὶς
3085 1103 3196 1164 τοῖς
3254 1099 3488 1170 ἐχθροῖς.
3531 1097 3798 1168 Ἀζαρίας,

2228 1199 2390 1265 αὐτός
2452 1201 2597 1253 ἐστιν
2642 1196 2842 1264 Ὀζίας,
2875 1196 2972 1266 ἔτη
3022 1193 3120 1266 νβ”
3167 1193 3261 1246 καὶ
3299 1191 3522 1256 ἐποίησε
3545 1191 3687 1244 κατὰ
3708 1190 3801 1262 τὴν

2227 1293 2401 1366 ἀρχὴν
2432 1291 2492 1345 τὸ
2513 1290 2687 1354 εὐθές,
2709 1289 2783 1353 ὼς
2815 1289 2844 1341 ὁ
2887 1286 3079 1358 Πατὴρ
3125 1284 3311 1340 αὑτοῦ·
3360 1282 3498 1354 πλὴν
3530 1283 3598 1336 τά
3630 1281 3801 1368 ὑψηλά

2226 1387 2326 1441 οὐκ
2351 1384 2561 1456 ἐξῆρεν.
2613 1380 2979 1451 Εὑοδούμενος
3030 1379 3086 1432 δὲ
3132 1377 3367 1449 ἐπήρθη,
3421 1378 3515 1429 καὶ
3546 1375 3800 1445 ἠθέλησεν

2227 1477 2404 1548 ἐαυτῷ
2434 1476 2691 1547 θυμιᾶσαι
2715 1475 2772 1527 ἐν
2796 1473 2874 1545 τῷ
2903 1471 3037 1542 ναῷ,
3059 1472 3194 1542 ὅπερ
3227 1470 3406 1540 μόνοις
3427 1472 3540 1532 τοῖς
3572 1467 3801 1538 ἱερεῦσιν

2227 1571 2423 1637 ἔξεστι.
2447 1569 2538 1622 Διὸ
2557 1569 2651 1621 καὶ
2676 1565 2978 1638 ἐλεπρώθη.
3005 1562 3261 1626 ἀκούσας·
3315 1579 3334 1612 ι
3377 1561 3452 1614 Οὐ
3485 1559 3588 1620 σοι,
3634 1558 3799 1622 Ὀζία,

2227 1661 2488 1734 θυμιάσαι
2535 1661 2614 1732 τῷ
2660 1659 2869 1730 Κυρίῳ,
2926 1655 3061 1710 ἀλλὰ
3107 1656 3222 1717 τοῖς
3281 1650 3485 1723 ἱερεῦσι
3522 1653 3638 1713 τοῖς
3675 1650 3802 1713 υίοῐς

558 1757 783 1826 templo,
815 1757 962 1827 quod
985 1757 1116 1813 solis
1143 1756 1520 1812 sacerdotibus
1543 1755 1760 1830 licebat.
1783 1756 2125 1826 Quapmpter

2241 1754 2472 1828 Ἀαρὼν,
2519 1755 2632 1816 τοῖς
2679 1749 3055 1822 ἡγιασμένοις.
3089 1765 3108 1798 ›
3179 1744 3302 1798 Ἐπὶ
3341 1742 3531 1796 τούτου
3565 1744 3803 1813 προεφή-

557 1855 614 1902 et
646 1848 798 1918 lepra
830 1864 1124 1920 percussus
1151 1856 1254 1913 est,
1295 1854 1582 1918 postquam
1616 1846 1858 1902 audisset
1891 1865 1904 1902 :
1946 1865 1965 1898 ι
2003 1845 2124 1902 Non

557 1947 712 1995 tuum
743 1949 848 2006 est,
888 1941 1042 2009 Ozia,
1073 1940 1292 1996 adolere
1335 1939 1587 2004 Domino,
1632 1938 1728 1995 sed
1776 1938 2125 1994 sacerdotum

559 2032 794 2088 ﬁliorum
821 2034 1002 2088 Aaron
1025 2073 1041 2098 ,
1071 2033 1165 2104 qui
1200 2031 1524 2088 sanctiﬁcati
1564 2039 1691 2086 sunt
1719 2031 1802 2086 "z
1840 2051 1859 2084 ι
1891 2031 1993 2087 sub
2021 2031 2126 2086 hoc

557 2125 902 2196 prophetarit
949 2124 1142 2182 Isaias.
1182 2123 1415 2180 Joathan
1450 2123 1594 2180 ﬁlius
1620 2123 1738 2194 ejus
1767 2138 1939 2179 annos
1968 2123 2126 2179 sede-

555 2217 687 2284 cim,
722 2225 774 2272 et
825 2216 953 2272 fecit
1003 2216 1150 2288 quod
1200 2225 1407 2272 rectum
1462 2223 1612 2279 erat,
1667 2215 2122 2286 quemadmodum

553 2315 710 2378 pater
741 2309 882 2379 ejus,
911 2319 1284 2365 verumtamen
1317 2308 1529 2365 excelsa
1561 2323 1669 2364 non
1699 2317 1783 2363 est
1809 2307 2123 2372 demolitus,

553 2408 609 2456 et
645 2402 747 2458 sub
774 2401 879 2458 hoc
909 2409 1027 2462 erat
1077 2401 1272 2456 Isaias.
1308 2400 1490 2455 Achaz
1520 2399 1663 2456 ﬁlius
1711 2399 1832 2469 ejus
1876 2398 2125 2470 regnavit

556 2508 733 2549 annos
761 2494 1021 2558 sedecim,
1039 2500 1093 2549 et
1122 2492 1252 2548 fecit
1273 2493 1418 2564 quod
1445 2493 1646 2546 malum
1678 2501 1826 2558 erat;
1858 2491 1913 2546 in
1932 2492 2126 2548 diebus

555 2584 678 2654 ejus
701 2593 859 2640 erant
885 2585 1164 2655 prophetae
1204 2585 1374 2640 Isaias
1402 2593 1455 2640 et
1481 2584 1652 2640 Oded.
1688 2584 1949 2640 Ezechias
1981 2585 2124 2642 ﬁlius

555 2675 679 2744 ejus
711 2691 888 2729 annos
945 2674 1139 2744 viginti
1191 2688 1407 2738 novem,
1443 2683 1498 2730 et
1557 2673 1686 2730 fecit
1731 2673 1876 2744 quod
1916 2683 2125 2730 rectum

556 2772 698 2830 erat,
746 2765 890 2820 sicut
939 2762 1110 2818 David
1164 2765 1434 2833 perfecte;
1489 2763 1592 2818 iste
1637 2763 1860 2819 abstulit
1900 2778 2126 2834 serpen-

556 2865 667 2914 tem
728 2873 963 2926 aeneum,
1011 2873 1172 2928 quem
1208 2857 1570 2928 suspenderat
1598 2853 1850 2926 Moyses;
1889 2856 1992 2911 sub
2018 2856 2124 2912 hoc

555 2965 775 3021 quoque
803 2959 920 3006 erat
981 2949 1174 3006 Isaias.
1224 2948 1334 3004 Isto
1376 2958 1636 3018 regnante
1681 2945 2032 3003 Senacberim
2070 2955 2126 3004 et

557 3039 839 3111 Rapsakes
895 3040 1104 3112 Assyrii
1162 3040 1450 3096 Dominum
1499 3039 1966 3110 blasphemarunt,
2028 3041 2122 3110 qui

556 3132 777 3204 quidem
803 3140 989 3202 postea
1019 3133 1266 3203 percussi
1298 3139 1448 3193 sunt,
1483 3141 1594 3188 tum
1626 3140 1807 3187 autem
1835 3147 1944 3187 una
1965 3141 2124 3189 nocte

557 3223 688 3277 caesi
740 3230 869 3277 sunt
897 3222 967 3276 ab
997 3224 1188 3292 angelo
1225 3221 1477 3287 185,000.
1529 3221 1793 3276 Ezechias
1821 3237 1951 3277 vero
1998 3237 2125 3277 cum

556 3321 867 3384 aegrotaret,
907 3313 1090 3383 etjam
1123 3314 1423 3368 moriturus
1463 3320 1630 3378 esset,
1669 3313 1736 3368 ad
1781 3315 2125 3386 prorogatio-

557 3421 684 3460 nem
726 3406 850 3460 vitae
878 3420 1051 3461 annos
1082 3405 1149 3460 15
1191 3405 1418 3476 accepit.
1475 3405 1755 3462 Manasses
1812 3405 1956 3461 ﬁlius
1992 3405 2128 3462 Eae-

557 3497 714 3561 chiae,
751 3513 923 3553 annos
947 3497 1037 3563 55,
1068 3506 1119 3554 et
1149 3497 1353 3552 malum
1388 3495 1537 3556 fecit.
1568 3496 1700 3564 Quae
1723 3512 1958 3568 namque
1991 3497 2126 3554 Eze-

559 3588 716 3644 chias
733 3600 885 3658 pater
903 3589 1022 3660 ejus
1053 3588 1345 3645 demolitus
1373 3588 1572 3655 fuerat,
1593 3591 1709 3660 ipse
1734 3590 1972 3647 restituit
1996 3609 2012 3657 ;
2045 3591 2128 3645 al-

555 3689 641 3735 ter
668 3679 956 3734 Jeroboam
991 3679 1168 3736 factus
1193 3679 1367 3745 Judaa,
1400 3681 1472 3735 ita
1500 3688 1561 3736 ut
1588 3681 1752 3752 hujus
1782 3697 1950 3739 causa
1979 3683 2124 3739 idem

553 3767 818 3822 acciderit
845 3767 1168 3835 Jerusalem,
1219 3770 1364 3840 quod
1403 3771 1560 3840 112
1601 3769 1880 3827 Samariae.
1917 3772 1992 3828 De
2031 3773 2126 3829 illo

557 3874 792 3930 namque
817 3861 1021 3916 dictum
1049 3869 1133 3918 est
1159 3879 1173 3914 :
1204 3879 1222 3912 ι
1254 3861 1356 3928 Qui
1381 3879 1609 3933 peccare
1635 3862 1761 3920 fecit
1780 3862 1975 3920 Iudam
1998 3866 2068 3921 ⁸⁷.
2099 3882 2120 3918 ι

555 3951 741 4017 Quare
765 3961 819 4008 et
846 3954 901 4007 in
930 3953 1262 4025 Babylonem
1289 3955 1538 4025 captivus
1587 3955 1856 4012 adductus
1897 3964 2003 4013 est.
2062 3955 2124 4013 In

556 4044 874 4114 captivitate
903 4052 1082 4099 tamen
1113 4045 1469 4110 constitutus,
1516 4053 1576 4100 ut
1611 4045 1665 4100 in
1694 4045 2124 4120 Paralipomenis

557 4134 822 4204 scriptum
855 4141 958 4198 est,
982 4135 1358 4205 pmnitentiam
1390 4138 1534 4206 egit:
1570 4152 1690 4207 quae
1720 4153 1886 4195 causa
1928 4139 2032 4194 fuit
2066 4147 2128 4193 ut

559 4225 712 4280 illum
744 4223 886 4280 Deus
923 4226 979 4280 in
1011 4224 1312 4281 Jerusalem
1342 4226 1638 4292 reduxerit,
1668 4227 1762 4283 ubi
1809 4237 1863 4284 et
1896 4243 2123 4299 regnum

558 4317 922 4386 recuperavit.
971 4315 1267 4387 Postquam
1312 4333 1440 4374 vero
1474 4320 1848 4388 paenitentiam
1897 4320 2122 4389 egisset,

2151 3097 2196 3155 ε

2227 1865 2418 1902 τευσεν
2484 1847 2732 1908 Ἠσαίας.
2777 1840 3015 1911 ἰωάθαμ
3067 1837 3182 1901 υἱὸς
3241 1835 3405 1890 αὑτοῦ
3441 1834 3534 1905 ἐτη
3566 1839 3663 1898 ις’·
3716 1831 3803 1884 καὶ

2229 1941 2451 2012 ἐποίησε
2470 1939 2531 1993 τὺ
2558 1937 2734 2002 εὺθές,
2765 1935 2840 2000 ὡς
2865 1936 2894 1988 ὁ
2924 1933 3107 2004 πατὴρ
3141 1929 3327 1986 αὑτοῦ·
3360 1927 3498 1999 πλὴν
3528 1927 3599 1980 τὰ
3630 1923 3804 1996 ὑψηλά

2227 2034 2330 2086 οὐκ
2351 2031 2532 2102 ἐξῆρε.
2567 2029 2680 2084 Kal.
2709 2028 2802 2082 ἐπὶ
2837 2025 3028 2080 τούτου
3075 2019 3144 2096 ἦν
3182 2021 3428 2084 Ἠσαίας.
3477 2017 3668 2088 Ἀχὰζ,
3694 2017 3804 2079 υἱὸς

2227 2126 2413 2192 αὐτοῦ,
2448 2126 2543 2197 ἐτη
2598 2123 2692 2190 ις’⁶
2743 2124 2837 2177 καὶ
2868 2121 3091 2190 ἐποίησε
3143 2119 3204 2172 τὸ
3258 2115 3518 2188 πονηρόν.
3575 2114 3688 2168 Kal
3717 2114 3806 2166 ἐπὶ

2228 2219 2417 2274 τούτου
2473 2213 2542 2289 ἦν
2585 2215 2815 2280 Ἡσαΐας
2866 2211 2960 2267 καὶ
3014 2209 3166 2282 Ὧδὴδ
3204 2210 3499 2282 προφῆται.
3560 2203 3806 2269 Ἐζεκίας

2226 2311 2343 2374 υίὸς
2373 2308 2534 2364 αὑτοῦ
2569 2307 2665 2379 ἐτη
2698 2307 2798 2361 κθ’⁶
2830 2306 2923 2360 κα)⁵
2971 2303 3195 2374 ἐποίησε
3245 2300 3305 2354 τὸ
3336 2298 3511 2362 εύθές,
3538 2297 3615 2360 ὠς
3646 2293 3808 2348 Δαϐὶδ

2227 2401 2466 2464 τελείως.
2513 2394 2680 2462 Οὗτος
2736 2397 2954 2452 καθεῖλε
3005 2394 3094 2449 τὸν
3150 2393 3273 2463 ὅφιν
3319 2390 3410 2444 τὸν
3461 2387 3717 2460 χαλκοῦν,
3749 2385 3808 2440 ὃν

2229 2495 2505 2566 ἐκρέμασε
2531 2491 2791 2562 Μωύσῆς.
2823 2489 2936 2543 Kal.
2965 2487 3056 2542 ἐπὶ
3089 2487 3276 2540 τούτου
3301 2479 3373 2556 ἦν
3396 2481 3645 2544 Ἡσαΐας.
3687 2479 3810 2532 Ἐπὶ

2227 2587 2415 2641 τούτου
2466 2584 2804 2656 Σεναχηρεὶμ
2857 2582 2952 2637 καὶ
3013 2578 3322 2648 Ῥαψάκης,
3381 2576 3431 2628 οἱ
3500 2571 3804 2644 Ἀσσύριοι,

2230 2677 2696 2750 βλασφημοῦντες,
2740 2673 3127 2745 ἐπατάχθησαν
3151 2670 3248 2741 μὲν
3269 2668 3422 2722 αὐτοὶ
3449 2665 3589 2738 μετά
3611 2663 3807 2726 ταῦτα,

2228 2770 2287 2822 ἐν
2321 2770 2417 2840 μιᾷ
2447 2769 2505 2822 δὲ
2563 2767 2718 2822 νυκτὶ
2779 2765 3014 2837 χιλιάδες
3067 2769 3207 2834 pm’.
3255 2759 3515 2826 Ἐξελθὼν
3579 2753 3813 2826 ἄγγελιις

2229 2861 2426 2916 ἀνεῖλε.
2477 2861 2728 2931 Νοσήσας
2789 2859 2846 2912 δὲ
2925 2856 3195 2921 Ἐζεκίας,
3248 2853 3342 2908 καὶ
3409 2851 3619 2923 μέλλων
3678 2849 3814 2902 ἀπο-

2230 2953 2501 3025 θνήσκειν,
2527 2950 2684 3004 ἔλαϐε
2719 2948 3037 3021 προσθήκην
3086 2946 3180 3018 ἔτη
3234 2951 3316 2998 ιε’.
3367 2943 3672 3013 Μανασσῆς
3700 2940 3815 3005 υἱὸς

2228 3040 2393 3096 αὑτοῦ
2421 3040 2516 3112 ἔτη
2544 3046 2636 3093 νεν·
2660 3040 2752 3092 καὶ
2779 3037 2998 3108 ἐποίησε
3015 3035 3074 3089 τδ
3105 3035 3356 3106 πονηρόν.
3393 3027 3496 3088 Οἷα
3531 3033 3642 3105 γάρ
3675 3048 3814 3085 κατ-

2231 3132 2470 3203 έσκαψεν
2539 3128 2805 3194 Ἐζεκίας,
2857 3127 3030 3182 ταῦτα
3063 3120 3216 3188 οὗτος
3279 3125 3557 3196 ἀνήγειρε·
3596 3123 3692 3176 καὶ
3723 3121 3817 3190 γέ-

2228 3241 2386 3296 γονεν
2411 3224 2568 3287 ἄλλος
2610 3219 2893 3293 Ἰεροϐοὰμ
2928 3219 3007 3290 τῷ
3045 3217 3234 3279 Ἰούδα,
3267 3215 3526 3270 ὥστεκαὶ
3557 3213 3626 3266 δι’
3651 3211 3817 3266 αὐτὸν

2169 3321 2183 3336 “
2229 3319 2422 3374 παθεῖν
2446 3317 2544 3388 τὴν
2579 3312 2952 3386 Ἰερουσαλὴμ,
2980 3310 3056 3374 ὡς
3075 3310 3175 3381 τὴν
3203 3307 3536 3380 Σαμάρειαν.
3567 3305 3682 3358 Kal.
3704 3303 3818 3375 γὰρ

2229 3411 2317 3466 ἐπ’
2345 3407 2510 3466 αὑτοῦ
2545 3407 2758 3481 ἐλέχθηο
2795 3426 2815 3460 ι
2861 3408 2957 3470 Ὃς
2989 3403 3264 3476 ἐξήμαρτε
3311 3402 3402 3456 τὸν
3437 3399 3694 3454 Ἰούδανοι
3732 3397 3818 3451 διὸ

2230 3505 2324 3560 καὶ
2357 3503 2696 3575 αἰχμάλωτος
2728 3498 2946 3571 ἀπήχθη
2982 3499 3062 3562 είς
3115 3494 3429 3548 Βαϐυλῶνα.
3469 3491 3609 3546 Ἀλλ’
3634 3492 3692 3544 ἐν
3743 3491 3815 3561 τῇ

2230 3595 2597 3669 αἰχμαλωσίᾳ.
2630 3595 2705 3658 ὼς
2725 3594 2783 3647 ἐν
2808 3593 2930 3655 ταῖς
2971 3586 3448 3661 Παραλιπομέναις
3478 3583 3816 3654 γέγραπται,

2234 3689 2640 3762 μετανοήσαντα
2666 3684 2829 3739 αὑτὸν
2857 3681 3188 3753 ἐπέστρεψεν
3216 3682 3244 3734 ὁ
3282 3677 3414 3740 Θεὸς
3445 3675 3525 3738 είς
3571 3675 3674 3745 τὴν
3715 3672 3820 3725 Ἰε-

2233 3779 2532 3854 ρουσαλὴμ,
2563 3779 2658 3832 καὶ
2680 3776 2843 3830 πάλιν
2895 3772 3218 3828 ἀντελάϐετο
3247 3770 3344 3840 τῆς
3380 3765 3684 3838 βασιλείας
3718 3777 3821 3833 με-

2228 3873 2435 3928 τανοῶν
2467 3888 2526 3925 τε
2554 3873 2650 3926 καὶ
2672 3870 2936 3923 διδάσκων
2966 3866 3058 3920 τὸν
3100 3863 3228 3918 λαὸν
3281 3858 3550 3914 δουλεύειν
3581 3856 3664 3927 τῷ
3691 3854 3821 3926 Θεῷ

2231 3963 2602 4034 ἐτελεύτησεν.
2651 3963 2764 4016 Οὐκ
2809 3959 2981 4030 ἐτάφη
3013 3957 3069 4012 δέ
3095 3958 3152 4010 ἐν
3198 3953 3349 4007 πόλει
3375 3950 3556 4005 Δαϐίδ·
3604 3947 3722 4002 ἀλλ’
3757 3947 3819 4000 ἐν

2228 4052 2307 4123 τῷ
2328 4054 2488 4123 κήπῳ
2515 4050 2701 4116 αὐτοῦ,
2762 4052 2821 4104 ἐν
2852 4050 3014 4122 κήπῳ
3049 4045 3196 4112 Ὀζᾶ.
3241 4041 3421 4114 Ἀμὼς
3442 4043 3471 4095 ὁ
3495 4039 3610 4103 υίὸς
3644 4036 3817 4092 αὑτοῦ

2229 4143 2577 4197 ἐϐασίλευσεν
2625 4141 2717 4212 ἔτη
2774 4139 2838 4212 ﬂ"
2871 4140 2966 4194 καὶ
3023 4137 3245 4208 ἐποίησε
3285 4135 3346 4188 τὸ
3391 4131 3650 4204 πονηρὸν,
3680 4129 3760 4193 ὡς
3787 4131 3820 4184 ὁ

2231 4233 2410 4308 πατὴρ
2443 4232 2605 4287 αὑτοῦ
2637 4232 2954 4303 Μανασσῆς
2987 4230 3081 4285 καὶ
3110 4229 3314 4282 ἀνεῖλον
3354 4223 3513 4278 αὐτὸν
3541 4223 3592 4274 οί
3621 4221 3819 4284 παῖδες

2229 4327 2415 4390 αὐτοῦ,
2435 4325 2528 4380 καὶ
2548 4327 2718 4396 ἐτάφη
2751 4327 2808 4379 ἐν
2840 4325 2919 4396 τῷ
2971 4325 3131 4394 κήπῳ
3166 4320 3315 4385 Ὀζᾶ,
3356 4317 3483 4372 ἔνθα
3515 4316 3609 4370 καὶ
3633 4315 3665 4367 ὁ
3701 4331 3818 4367 πα-

559 4416 614 4465 et
667 4410 946 4479 populum,
993 4418 1054 4464 ut
1095 4409 1205 4466 Deo
1249 4411 1502 4478 serviret,
1551 4411 1851 4476 docuisset,
1902 4411 2123 4467 tandem

2235 4417 2338 4489 τὴρ
2370 4413 2556 4470 αὐτοῦ.
2589 4417 2798 4479 Ἰωσίας
2827 4416 2940 4478 υίδς
2965 4411 3129 4466 αὐτοῦ
3163 4410 3257 4480 ἐτη
3277 4409 3378 4462 λα’.
3402 4405 3604 4460 Τοῦτον
3631 4405 3662 4457 ὁ
3683 4404 3820 4467 λαὸς

559 4508 811 4556 mortuus
841 4508 944 4555 est.
975 4498 1035 4555 In
1059 4501 1276 4558 civitate
1301 4510 1481 4559 tamen
1504 4501 1672 4558 David
1703 4520 1813 4558 non
1835 4510 1918 4558 est
1945 4504 2125 4573 sepul-

2234 4509 2422 4579 ήγειρε
2458 4506 2702 4577 βασιλέα,
2728 4506 2864 4559 ἐτῶν
2905 4505 3032 4558 ὅντα
3063 4501 3224 4556 ὀκτώ·
3261 4502 3355 4554 καὶ
3378 4498 3603 4569 ἐποίησε
3629 4497 3694 4550 τὸ
3722 4498 3822 4549 εὐ-

559 4598 672 4656 tus,
703 4593 797 4648 sed
831 4592 887 4647 in
918 4593 1081 4647 horto
1120 4611 1240 4660 suo,
1276 4595 1332 4649 in
1373 4595 1534 4650 horto
1563 4594 1730 4651 lloza.
1773 4595 1942 4650 Amos
1981 4595 2125 4650 ﬁlius

2234 4599 2324 4664 %;
2352 4601 2410 4652 ἐν
2443 4601 2588 4671 πάσῃ
2615 4598 2717 4670 ὁδῷ
2747 4597 2926 4662 Δαϐὶδ,
2962 4599 3056 4650 καὶ
3081 4597 3182 4650 οὐκ
3233 4593 3444 4663 ἀπέστη
3477 4590 3652 4661 δεξιᾷ,
3688 4589 3821 4642 οὐδὲ

559 4681 679 4752 ejus
700 4685 946 4753 regnavit
969 4699 1142 4740 annos
1167 4685 1326 4750 duos,
1351 4694 1404 4741 et
1436 4687 1564 4742 fecit
1587 4686 1734 4756 quod
1760 4686 1960 4739 malum
1983 4692 2124 4750 erat,

561 4775 702 4829 sicut
732 4784 886 4846 pater
907 4776 1026 4846 ejus
1051 4777 1328 4834 Manasses
1357 4784 1412 4834 et
1445 4779 1764 4834 occiderunt
1793 4777 1942 4831 illum
1969 4778 2126 4847 pueri

560 4866 753 4936 ipsius,
791 4868 1143 4940 sepultusque
1176 4876 1260 4924 est
1293 4868 1348 4922 in
1388 4869 1550 4923 horto
1595 4866 1766 4931 Hoza,
1807 4866 1863 4920 in
1897 4883 2005 4936 quo
2034 4883 2126 4922 se-

558 4960 742 5029 pultus
775 4968 932 5017 estet
961 4972 1114 5032 pater
1139 4962 1336 5031 ipsius.
1379 4959 1558 5017 Josias
1597 4960 1740 5016 ﬁlius
1781 4960 1900 5029 ejus
1932 4975 2126 5031 regna-

559 5051 636 5105 vit
666 5067 838 5108 annos
867 5053 956 5106 51.
989 5051 1147 5107 Hunc
1200 5052 1433 5122 populus
1476 5061 1658 5123 regem
1719 5052 1943 5115 creavit,
1998 5067 2125 5106 cum

561 5151 732 5194 annos
761 5147 886 5194 octo
913 5147 1076 5196 natus
1121 5149 1289 5204 esset,
1321 5149 1375 5196 et
1407 5139 1535 5194 fecit
1564 5139 1711 5210 quod
1741 5148 1948 5194 rectum
1981 5149 2122 5206 erat,

561 5228 962 5300 antbulavitque
990 5230 1046 5284 in
1074 5229 1222 5284 omni
1249 5230 1335 5284 via
1370 5228 1560 5294 David,
1596 5245 1698 5286 nec
1734 5229 2023 5285 declinavit
2055 5230 2124 5285 ad

559 5319 859 5386 dexteram,
892 5321 976 5376 vel
1008 5321 1076 5376 ad
1106 5321 1407 5376 sinistram.
1440 5320 1650 5376 Etenim
1681 5323 1834 5378 lucos
1864 5322 2120 5388 succidit,

561 5417 615 5465 et
657 5413 838 5467 omnia
882 5414 1177 5468 simulacra
1214 5413 1456 5477 sustulit,
1495 5428 1619 5468 cum
1667 5429 1935 5469 annorum
1977 5423 2125 5470 esset

561 5503 830 5574 sedecim;
867 5506 1037 5579 legem
1073 5522 1205 5563 vero
1254 5505 1349 5563 Dei
1385 5505 1654 5577 quaesivit,
1691 5513 1896 5562 etcum
1939 5506 2124 5576 negle-

628 5705 675 5739 “
712 5704 757 5761 Il
786 5705 963 5764 Paral.
988 5724 1115 5766 uvx
1136 5749 1151 5780 ,
1189 5710 1313 5789 13.-
1342 5710 1394 5792 _"
1435 5709 1479 5766 lI
1531 5706 1705 5766 Paral.
1741 5721 1905 5765 xxxix
1934 5747 1949 5763 .
1983 5706 2072 5763 9.-

2157 5571 2178 5587 ,Ι

2231 4691 2511 4764 ἀριστερᾷ.
2544 4693 2654 4745 Kal.
2686 4691 2792 4762 γὰρ
2817 4690 2909 4744 καὶ
2957 4689 3025 4740 τά
3056 4687 3192 4757 ἄλση
3232 4683 3478 4754 ἐξέκοψε,
3506 4683 3602 4736 καὶ
3631 4682 3705 4735 τὰ
3739 4682 3825 4734 εἵ-

2226 4781 2372 4836 δωλα
2396 4783 2575 4836 πάντα
2599 4782 2836 4846 καθεῖλε,
2881 4780 3165 4850 γενόμενος
3189 4777 3323 4831 ἐτῶν
3359 4782 3450 4841 ις”
3482 4775 3574 4828 τόν
3607 4790 3670 4826 τε
3723 4772 3824 4826 νό-

2233 4891 2333 4945 μον
2353 4873 2610 4948 ξητήσας,
2646 4875 2740 4927 καὶ
2777 4871 2951 4944 εὑρὼν
3000 4870 3358 4941 ἀμεληθέντα,
3392 4864 3826 4934 ἀναγνωσθῆναι

2229 4970 2516 5042 πεποίηκε.
2545 4970 2654 5022 Καὶ
2681 4969 2740 5022 τὸ
2769 4969 2958 5039 Πάσχα
2985 4965 3237 5038 ἐκήρυξε,
3256 4963 3349 5018 καὶ
3377 4962 3632 5032 ἐποίησεν
3653 4958 3826 5021 αὐτὸ,

2230 5061 2304 5124 ὡς
2336 5060 2660 5132 γέγραπται.
2695 5059 2896 5113 Τοῦτον
2921 5059 2978 5112 δὲ
3010 5058 3184 5112 άνεῖλε
3241 5053 3438 5127 Φαραὼ
3487 5051 3690 5122 Νεχαὼ
3721 5050 3829 5105 ἐπὶ

2228 5148 2322 5204 τοῦ
2376 5152 2688 5224 Εὐφράτου,
2753 5150 3200 5221 φιλονεικήσαντα
3249 5146 3386 5219 πρὸς
3429 5144 3612 5198 αὐτόν.
3687 5142 3832 5195 Ἐπὶ

2227 5240 2415 5296 τούτου
2455 5241 2720 5314 Ἱερεμίας
2744 5243 2838 5295 καὶ
2867 5241 3127 5310 Σοφονίας
3153 5235 3293 5311 ἦσαν
3313 5239 3360 5292 oi
3394 5234 3701 5307 προφῆται,
3719 5234 3833 5286 καὶ⁵

2241 5333 2444 5405 Ὠλδὰή
2479 5335 2770 5407 προφῆτις,
2802 5332 2940 5404 γυνὴ
2993 5332 3182 5402 Σελλῆ.
3224 5329 3453 5400 Ἰωάχαξ
3495 5327 3613 5390 υίὸς
3641 5325 3830 5379 αὐτοῦ

2231 5428 2406 5496 μῆνας
2425 5429 2594 5497 τρεῖς·
2628 5427 2721 5480 καὶ
2750 5425 2973 5496 ἐποίησε
3006 5426 3068 5478 τὸ
3124 5424 3376 5494 πονηρὸν,
3419 5422 3514 5475 καὶ
3539 5419 3834 5490 μετέστη·-

2229 5529 2320 5570 σεν
2340 5513 2503 5569 αὑτὸν
2534 5514 2734 5587 Φαραὼ
2781 5512 2998 5585 Νεχαὼ.
3028 5515 3139 5569 Kal.
3189 5515 3280 5567 ἐπὶ
3317 5510 3506 5566 τούτου
3535 5504 3606 5580 ἦν
3642 5506 3835 5578 Ἱερε-

2155 5647 2237 5668 -.ο-
