4008 6404
245 279 324 334 3ξὸ
1331 287 1664 346 SYNOPSIS
1703 289 1836 346 SCR

1945 290 2124 349 'URAS
2167 289 2440 348 SACRlE.
3427 288 3532 344 526

251 406 364 472 μίας.
398 402 728 478 Ἑλιακεὶμ
767 407 964 481 ἕτερος
1003 408 1117 472 υἱδς
1154 407 1380 475 Ἰωσίου,
1415 410 1475 475 ὃς
1508 411 1602 465 καὶ
1626 428 1837 483 μετωνο

1959 422 2103 469 ctam
2131 415 2452 481 invenisset,
2480 412 2587 485 legi
2610 411 2848 476 curavit,
2873 425 2938 466 ac
2960 409 3173 469 Pascha
3203 411 3532 482 pmdicavit

256 492 394 564 μάσθη
441 492 765 567 Ἰωακεὶμ,
799 498 899 568 ἔτη
956 506 1042 553 ια’·
1065 498 1158 552 καὶ
1191 499 1416 572 ἐποίησε
1477 501 1540 555 τὸ
1592 502 1837 573 πονηρόν.

1951 506 2373 577 celebravitque,
2433 505 2579 562 sicut
2641 503 2909 574 scriptum
2957 511 3062 560 est.
3132 502 3290 558 Hunc
3333 504 3535 562 occidit

263 586 486 694 :loaxslp.
516 589 550 640 6
605 589 716 642 καὶ
765 591 1023 660 Ἰεχονίας
1070 591 1182 654 υίὸς
1238 591 1404 644 αὐτοῦ
1437 592 1611 663 μῆνας
1656 600 1724 662 γ’·
1755 595 1837 647 κα1

1949 597 2160 653 Pharao
2183 598 2402 654 Nechao
2433 598 2500 652 ad
2531 596 2892 668 Euphratem,
2917 611 3040 650 cum
3072 596 3356 652 contentio
3383 597 3534 652 inter

259 677 438 784 ἐποίησε
470 680 543 732 τὸ
577 681 868 752 πονηρὸν,
900 685 992 736 καὶ
1016 682 1237 753 ἀπήχθη
1267 685 1347 746 είς
1363 684 1676 738 Βαϐυλῶνα.
1697 687 1837 740 Μαν-

1947 707 2042 747 eos
2073 699 2192 745 orta
2237 697 2406 746 esset.
2445 688 2621 758 llujus
2679 697 2928 758 tempore
2971 687 3193 742 fuerunt
3254 687 3534 757 prophetat

261 770 385 824 οανὰν
413 772 542 835 υἱὸς
571 773 786 828 αὐτοῦ.
851 775 1054 829 Τοῦτον
1082 775 1571 849 Ναϐουχοδονόσωρ
1623 777 1837 848 ἐποίησε

1945 781 2230 842 Jeremias,
2254 779 2563 851 Sophonias
2585 786 2639 835 et
2659 777 2794 833 Olda
2819 776 3182 848 prophetissa,
3201 792 3342 830 uxor
3365 773 3530 831 Selle.

263 864 596 934 βασιλέα,καὶ
634 870 1016 942 μετωνόμασε
1057 870 1218 924 αὑτὸν
1251 872 1526 928 Σεδεκίαν.
1575 873 1684 926 Καὶ
1718 873 1837 926 ἐϐα-

1945 874 2146 929 Joakaz
2195 873 2340 927 ﬁlius
2392 872 2513 942 ejus
2565 872 2813 942 regnavit
2859 885 3078 925 menses
3109 878 3242 932 tres,
3299 877 3354 924 et
3403 868 3535 924 fecit

264 956 472 1062 σίλευσεν
494 957 600 1029 ἔτη
637 965 740 1012 ιιι-⁸·
773 963 874 1015 καὶ
901 961 1124 1033 ἐποίησε
1179 963 1240 1016 τὸ
1279 964 1531 1034 πονηρόν.
1586 966 1696 1018 Kal
1751 965 1837 1018 ἐπὶ

1950 967 2094 1036 quod
2129 966 2331 1020 malum
2368 969 2508 1027 erat,
2553 963 2946 1032 transtulitque
2984 962 3138 1016 illum
3175 960 3391 1015 Pharao
3425 959 3534 1015 Ne-

262 1049 409 1102 ιοῦτου
441 1046 516 1122 ἦν
563 1053 884 1125 Ἱερεμίας.
929 1057 1074 1120 Ἕως
1139 1057 1334 1110 τούτου
1375 1059 1408 1128 ἠ
1457 1056 1699 1126 βασιλεία
1755 1055 1837 1111 τοῐ

1951 1059 2093 1112 chao
2133 1075 2145 1110 :
2183 1056 2288 1110 sub
2316 1055 2420 1110 hoc
2449 1069 2666 1124 quoque
2697 1055 2833 1108 vixit
2860 1052 3147 1108 Jeremias.
3179 1050 3406 1106 Eliakim
3453 1051 3533 1104 al-

270 1142 404 1196 Ἰούδα
437 1145 708 1216 ἐκράτει,
775 1148 878 1201 καὶ
923 1149 1212 1221 κατελύθη,
1245 1149 1432 1222 ὥσπερ
1481 1151 1706 1221 καὶτῆς
1751 1151 1837 1203 Σα-

1953 1161 2036 1205 ter
2063 1150 2208 1205 ﬁlius
2237 1149 2420 1214 Josiae,
2444 1149 2535 1218 qui
2560 1156 2614 1203 et
2640 1145 2851 1202 Joakim
2877 1154 3085 1202 mutato
3101 1146 3323 1201 nomine
3351 1145 3533 1200 dictus

263 1235 479 1305 μαρείας·
544 1238 652 1290 καὶ
705 1240 824 1311 γὰρ
869 1243 965 1295 καὶ
1009 1242 1042 1312 ἡ
1100 1241 1252 1306 πόλις
1306 1242 1467 1307 ἐάλω,
1513 1243 1606 1296 καὶ
1650 1243 1837 1306 πάντες

1951 1247 2054 1299 est,
2081 1237 2328 1308 regnavit
2353 1252 2526 1290 annos
2567 1235 2657 1299 Η,
2691 1244 2746 1290 et
2793 1235 2924 1290 fecit
2971 1235 3115 1305 quod
3148 1236 3347 1289 malum
3387 1243 3527 1289 erat.

260 1327 556 1398 ἀπήχθησαν
622 1331 981 1402 αἰχμάλωτοι
1039 1335 1120 1398 είς
1168 1333 1463 1389 Βαϐυλῶνα
1538 1335 1676 1407 μετὰ
1741 1334 1837 1388 τῶι

1948 1327 2188 1389 Joakim,
2221 1326 2314 1396 qui
2350 1336 2404 1382 et
2436 1324 2732 1381 Jechonias
2769 1326 2912 1380 ﬁlius
2946 1326 3089 1395 ejus,
3120 1325 3366 1395 regnavit
3386 1339 3534 1378 men-

261 1419 456 1474 σκευῶν.
801 1478 803 1480 ,
1953 1437 2043 1478 ses
2077 1428 2216 1484 tres,
2269 1425 2324 1474 et
2377 1417 2507 1473 fecit
2561 1418 2708 1490 quod
2765 1418 2967 1472 malum
3009 1425 3146 1482 erat,
3203 1415 3532 1470 translatus-

259 1531 336 1586 que
370 1517 537 1572 estin
571 1517 953 1591 Babylonem.
981 1521 1313 1578 Manthanan
1378 1522 1522 1579 ﬁlius
1553 1523 1695 1593 ejus.
1750 1521 1911 1576 Hunc
1960 1513 2472 1572 Nabuchodonosor
2521 1512 2808 1568 constituit
2865 1526 3069 1582 regem,
3140 1508 3532 1578 Sedekiamque

259 1616 434 1664 mutato
464 1611 714 1669 nomine
745 1618 974 1669 vocavit
997 1633 1011 1682 ;
1037 1617 1288 1688 regnavit
1311 1632 1486 1672 annos
1516 1617 1604 1681 ll,
1629 1623 1683 1671 et
1713 1614 1844 1670 fecit
1881 1609 2025 1682 quod
2056 1608 2259 1661 malum
2293 1612 2429 1660 erat.
2495 1603 2609 1660 Sub
2645 1605 2754 1659 isto
2787 1617 3006 1672 quoque
3053 1607 3173 1657 erat
3242 1597 3528 1654 Jeremias.
3565 1661 3574 1671 η

257 1704 347 1760 11υο
379 1722 561 1776 usque
593 1707 833 1765 duravit
889 1727 1129 1785 regnum
1175 1712 1335 1777 Juda,
1381 1724 1618 1783 tuncque
1688 1712 2012 1766 subversum
2043 1710 2150 1770 est,
2200 1701 2344 1758 sicut
2386 1708 2440 1756 et
2485 1715 2714 1772 regnum
2785 1697 3086 1762 Samaria};
3123 1693 3256 1750 urbs
3291 1707 3530 1763 namque

257 1796 613 1870 (Jerusalem)
638 1811 808 1871 capta
832 1808 890 1857 et
920 1803 1158 1858 universi
1184 1805 1238 1858 in
1258 1804 1586 1876 Babylonem
1610 1800 1837 1872 captivi,
1875 1812 2002 1853 cum
2033 1793 2205 1859 vasis,
2231 1791 2452 1846 abducti
2483 1797 2634 1845 sunt.
3243 1837 3248 1844 .

314 1890 475 1962 Ὁμοῦ
500 1895 556 1945 οἱ
591 1895 901 1964 γεγονότες
943 1895 1178 1966 βασιλεῖς
1232 1873 1584 1969 Ἰερουσαλὴμ
1607 1896 1715 1950 ἀπὺ
1746 1893 1837 1947 τοῦ

2018 1886 2192 1957 Reges
2229 1886 2414 1954 itaque
2440 1885 2497 1939 in
2531 1881 2834 1938 Jerusalem
2859 1894 2888 1934 a
2911 1878 3114 1934 Davide
3147 1891 3322 1948 usque
3343 1873 3410 1929 ad
3438 1888 3532 1928 ca-

251 1982 389 2036 Aa6l6
414 1985 514 2037 καὶ
553 1985 730 2056 μέχρι
763 1986 872 2056 τῆς
899 1987 982 2050 είς
1022 1986 1314 2041 Βαϐυλῶνα
1357 1987 1734 2059 αἰχμαλωσίας
1766 1984 1837 2038 εί-

1945 1979 2250 2051 ptivitatem
2282 1974 2668 2046 Babylonicam
2694 1973 2919 2029 luerunt
2947 1969 3140 2041 viginti
3166 1983 3310 2023 unus
3341 1983 3354 2018 :
3389 1981 3531 2037 prae-

251 2089 346 2126 κοσι
379 2076 473 2128 καὶ
502 2069 614 2141 εἷς,
652 2078 788 2131 ἄνευ
820 2077 1065 2149 δηλονότι
1097 2079 1195 2150 τῆς
1222 2079 1496 2143 Γοθολίας,
1527 2077 1837 2149 βασιλευσά-

1945 2079 2026 2125 ter
2065 2068 2399 2130 Gotholiam,
2432 2081 2554 2136 quae
2587 2073 2642 2120 et
2673 2065 2793 2135 ipsa
2830 2065 2975 2118 sicut
3011 2061 3218 2115 dictum
3265 2067 3372 2125 est,
3403 2062 3534 2130 post

252 2181 330 2237 σης
352 2169 444 2221 καὶ
477 2170 691 2239 αὐτῆς,
723 2169 805 2234 ὼς
840 2171 1079 2243 εἴρηται,
1117 2172 1254 2244 μετὰ
1298 2171 1554 2244 τελευτὴν
1601 2171 1696 2226 τοῦ
1725 2169 1842 2225 υἱοῦ

249 2261 395 2332 αὐτῆς
431 2263 692 2333 Ὀχοζίου
719 2262 822 2336 ἐτη
849 2265 1011 2319 ἑπτά.

744 2357 1042 2422 Βασιλεῖς
1094 2356 1352 2425 Ἰσραήλ.

308 2449 388 2504 18.
431 2449 607 2520 Ἑξῆς
638 2451 702 2504 δὲ
731 2452 933 2522 ῥητέον
959 2451 1200 2522 καὶπερὶ
1225 2451 1334 2504 τῶν
1362 2450 1421 2504 ἐν
1450 2447 1732 2521 Σαμαρείᾳ
1753 2465 1846 2518 γε-

247 2541 467 2611 νομένων
528 2542 815 2612 βασιλέων
869 2540 965 2595 τοῦ
1037 2542 1272 2614 Ἰσραήλ·
1321 2541 1439 2607 πῶς
1489 2559 1552 2595 τε
1599 2542 1846 2594 ἐκαλεῖτο

247 2631 455 2698 ἕκαστος
474 2635 718 2702 τούτων,
746 2635 848 2688 καὶ
883 2635 1023 2688 πόσα
1053 2634 1400 2688 ἐϐασίλευσεν
1427 2635 1542 2706 ἐτη,
1575 2634 1668 2686 καὶ
1699 2634 1846 2697 ὅπως

249 2723 484 2784 ἐϐίωσεν.

309 2817 531 2888 Πριῖηος
575 2819 881 2892 Ἱεροϐοὰμ
915 2819 1029 2884 υίὸς
1060 2818 1251 2872 Ναϐὰθ
1283 2818 1630 2872 ἐϐασίλευσεν
1663 2819 1722 2872 ἐν
1743 2819 1848 2872 Σα-

251 2908 467 2979 μαρείᾳ,
515 2911 852 2983 σχισῧείσης
924 2913 1024 2982 τῆς
1077 2910 1382 2980 βασιλείας,
1451 2908 1694 2964 ἀνελθὼν
1749 2911 1845 2962 ἀπ’

245 2997 531 3064 Αἰγύπτου.
590 3003 708 3056 Kal
768 3002 1000 3072 ἐποίησε
1044 3001 1104 3057 τὸ
1136 3002 1372 3074 πονηρὸν
1421 3001 1498 3065 ὡς
1528 3001 1704 3064 οὐδεὶς
1732 3001 1849 3054 ἐτε-

251 3103 354 3158 ρος.
377 3091 726 3162 Φοϐοῦμενος
749 3094 864 3165 γὰρ
897 3095 971 3165 μὴ
1000 3093 1298 3164 καταλυθῇ.
1324 3094 1547 3164 ἐποίησε
1586 3092 1848 3163 δαμάλεις

243 3185 437 3250 χρυσᾶς
460 3185 576 3247 δύο,
605 3187 704 3238 καὶ
730 3186 988 3256 ἠπάτησε
1043 3186 1132 3239 τὸν
1163 3186 1289 3239 λαὸν
1312 3185 1505 3254 λέγων·
1535 3205 1554 3237 ‹
1590 3181 1750 3239 Οὗτοι
1795 3187 1846 3239 oi

1943 2159 2193 2218 Ochosia:
2218 2158 2312 2214 ﬁlii
2340 2165 2573 2214 mortem
2611 2162 2824 2227 septem
2846 2169 3022 2210 annos
3045 2152 3316 2224 regnavit.

2540 2357 2700 2430 Reges
2735 2355 2934 2412 Israel.

2020 2451 2112 2511 l8.
2139 2452 2549 2524 Consequenter
2569 2459 2624 2507 et
2659 2451 2727 2505 de
2755 2447 2978 2519 regibus
3003 2446 3197 2510 Israel,
3227 2443 3318 2515 qui
3345 2444 3400 2498 in
3426 2440 3529 2497 Sa-

1945 2551 2117 2606 maria
2134 2554 2454 2618 regnarunt,
2475 2543 2764 2598 dicendum
2783 2549 2867 2596 est
2893 2560 2907 2597 :
2932 2555 3146 2610 nempe,
3165 2555 3275 2608 quo
3298 2539 3532 2608 quisque

1945 2651 2174 2700 vocatus
2206 2641 2280 2696 sit
2309 2640 2552 2707 nomine,
2579 2645 2712 2710 quot
2746 2651 2920 2692 annos
2951 2635 3280 2706 regnaverit,
3316 2641 3369 2688 et
3391 2645 3533 2703 quo-

1947 2736 2110 2792 modo
2141 2734 2360 2790 vixerit.

2014 2828 2306 2884 Jeroboam
2330 2827 2472 2882 ﬁlius
2492 2824 2728 2889 Nabath,
2753 2838 2878 2878 cum
2900 2821 3155 2878 rediisse!
3176 2835 3242 2876 ex
3269 2818 3529 2890 Egypto,

1946 2922 2124 2978 diviso
2177 2935 2346 2992 regno
2371 2919 2586 2990 primus
2619 2917 2868 2987 regnavit
2913 2916 2968 2969 in
3006 2913 3273 2968 Samaria.
3307 2911 3385 2965 lta
3431 2927 3532 2964 au-

1947 3022 2054 3070 tem
2085 3013 2231 3084 quod
2255 2997 2460 3066 malum
2500 3018 2620 3065 erat
2655 3009 2805 3073 fecit,
2843 3016 2902 3061 ut
2933 3007 3129 3062 similis
3163 3005 3237 3059 illi
3269 3013 3378 3058 non
3411 3002 3532 3058 fue-

1947 3109 2040 3163 rit.
2095 3105 2316 3160 Veritus
2352 3103 2498 3158 enim
2537 3119 2604 3158 ne
2659 3116 2889 3172 regnum
2935 3100 3055 3170 ejus
3096 3099 3526 3161 dissolveretur;

1949 3199 2090 3255 duos
2120 3213 2318 3252 aureos
2347 3196 2546 3250 vitulos
2582 3194 2730 3258 fecit,
2767 3201 2820 3248 et
2853 3192 3112 3264 papulum
3151 3189 3389 3253 seduxit,
3443 3187 3529 3242 di-

244 3271 348 3325 Θεοί
379 3278 514 3330 εἰσιν
545 3280 595 3330 οἱ
623 3277 1003 3345 ἀναγαγόντες
1027 3278 1172 3348 ἡμᾶς
1200 3275 1259 3341 ἐξ
1279 3275 1606 3344 Αἰγύπτου.»
1640 3275 1836 3328 Ἐπλά-

1945 3305 2067 3344 cens
2103 3307 2116 3344 :
2155 3307 2174 3339 ι
2223 3287 2287 3342 lli
2331 3293 2461 3342 sunt
2500 3285 2576 3338 dii
2609 3284 2702 3355 qui
2745 3284 3054 3339 eduxerunt
3098 3296 3202 3337 nos
3241 3295 3307 3334 ex
3356 3276 3530 3348 Egy-

243 3379 370 3417 σατο
398 3368 454 3421 δὲ
478 3370 577 3421 καὶ
611 3371 798 3442 ἱερέας
828 3370 1045 3432 αὐταῖς,
1073 3371 1168 3423 καὶ
1188 3368 1360 3432 οὕτως
1379 3368 1542 3432 αὐτὸς
1565 3367 1837 3438 ἐξήμαρτε

241 3455 325 3507 τὸν
378 3459 615 3531 Ἰσραήλ.
654 3460 820 3532 Αὐτῷ
851 3461 963 3532 γὰρ
997 3461 1196 3524 πάντες
1228 3463 1276 3514 oi
1326 3461 1444 3532 μετ’
1489 3461 1650 3515 αὑτὸν
1703 3478 1838 3514 κατ-

241 3547 639 3621 ηκολούθησαν.
686 3553 1043 3607 Ἐϐασίλευσε
1068 3554 1124 3607 δὲ
1153 3555 1246 3625 ἐτη
1275 3553 1372 3611 κδ’.
1417 3555 1539 3608 Ἐπὶ
1559 3552 1746 3606 τοῦτον
1768 3549 1837 3625 ἦν

241 3646 520 3716 προφήτης
557 3647 718 3717 Ἀχιᾶ
747 3651 775 3701 6
800 3647 1130 3718 Σηλωνίτης,
1192 3649 1286 3704 καὶ
1319 3651 1348 3704 6
1373 3649 1837 3719 ἐπικαλεσάμενος

238 3735 330 3787 ἐπὶ
351 3739 412 3790 τὸ
435 3739 830 3813 θυσιαστήριον
866 3741 988 3795 κατ’
1015 3742 1198 3798 αὐτοῦ.

303 3826 496 3880 Ναεάθ
522 3831 641 3893 υἱὸς
691 3831 861 3884 aii-:05
894 3832 989 3903 ἐτη
1022 3832 1087 3902 βυ
1114 3833 1205 3886 καὶ
1239 3833 1461 3904 ἐποίησε
1490 3831 1551 3886 τὺ
1579 3832 1832 3905 πονηρόν.

237 3916 349 3969 Kal
371 3921 472 3972 οὐκ
492 3920 576 3973 ἔτι
606 3921 704 3974 τοῦ
726 3923 923 3989 γένους
954 3923 1118 3976 αὐτοῦ
1155 3923 1489 3978 ἐϐασίλευσε.
1516 3925 1704 3978 Βαασᾶ
1743 3924 1837 3979 ἄλ-

237 4003 328 4056 λῡυ
364 4011 549 4077 γένους
587 4011 689 4083 ἔτη
737 4013 834 4066 κδ”
870 4013 963 4066 καὶ
1007 4014 1231 4084 ἐποίησε
1283 4015 1344 4068 τὸ
1389 4016 1646 4086 πονηρόν.
1704 4015 1836 4067 una

236 4098 352 4160 uiis;
385 4103 544 4155 αὑτοῦ
575 4103 672 4174 ἐτη
819 4106 917 4158 καὶ
937 4105 1159 4175 ἐποίησε
1196 4105 1258 4158 τὸ
1314 4107 1568 4178 πονηρόν.
1600 4106 1710 4160 Kal
1733 4106 1835 4160 οὐκ

239 4187 317 4240 ἔτι
347 4191 440 4244 τοῦ
468 4193 664 4260 γένους
697 4196 866 4248 αὑτοῦ
913 4196 1246 4250 ἐϐασίλευσε.
1313 4198 1542 4270 Ζαμϐρῆ
1571 4199 1678 4270 (12)
1715 4198 1834 4252 ἐτέ-

242 4295 336 4347 Ρθυ
368 4284 555 4350 γένως
579 4285 678 4356 ἐτη
717 4287 805 4356 ιβ’·
841 4288 936 4341 καὶ
970 4289 1192 4361 ἐποίησε
1223 4289 1282 4343 τὸ
1337 4292 1589 4364 πονηρόν.
1629 4290 1832 4362 Ἀχαάϐ

240 4371 354 4433 9E6;
389 4376 551 4428 αὑτοῦ
581 4376 679 4449 ἐτη
745 4379 850 4449 κβ’·
897 4381 993 4432 καὶ
1042 4381 1266 4451 ἐποίησε
1297 4382 1357 4435 τὺ
1405 4382 1637 4453 πονηρὸν
1671 4383 1832 4436 πλέον

241 4462 347 4516 τῶν
377 4466 567 4521 ἄλλων.
610 4469 738 4522 Ἐπὶ
785 4472 980 4524 τούτου
1019 4475 1295 4545 προφῆται
1344 4471 1483 4546 ἦσαν
1529 4475 1714 4538 Ἠλίας
1740 4476 1832 4528 καὶ

251 4554 573 4623 Ἐλισσαῖος,
641 4563 737 4614 καὶ
797 4564 1058 4633 Μιχαίας,
1111 4568 1206 4620 καὶ
1240 4569 1268 4619 6
1318 4565 1704 4638 προφητεύσας
1752 4566 1830 4638 τῷ

1939 3391 2034 3454 pto
2065 3383 2133 3437 ⁸⁸.
2172 3400 2191 3434 ι
2225 3379 2463 3435 Instituit
2491 3379 2658 3433 etiam
2692 3375 2828 3446 ipsis
2869 3375 3209 3437 sacerdotes,
3253 3380 3414 3442 atque
3447 3370 3528 3425 ita

1937 3488 2168 3546 peccare
2202 3472 2332 3527 fecit
2363 3471 2641 3526 lsraelem.
2683 3469 2866 3539 Ipsum
2901 3467 3049 3523 enim
3099 3480 3291 3521 omnes
3334 3471 3527 3534 postea

1937 3580 2094 3635 reges
2130 3563 2530 3628 imitati/sunt;
2561 3561 2808 3631 regnavit
2840 3566 3025 3614 autem
3076 3570 3250 3612 annos
3296 3556 3388 3622 24,
3419 3555 3524 3611 sub

1936 3656 2042 3711 hoc
2071 3664 2188 3712 erat
2223 3654 2487 3724 prepheta
2537 3651 2709 3706 Achia
2764 3648 3008 3704 Selonita
3033 3687 3049 3715 ,
3103 3655 3161 3703 et
3207 3645 3301 3716 qui
3331 3651 3525 3700 contra

1937 3747 2113 3818 ipsum
2137 3762 2303 3817 super
2333 3747 2506 3799 altare
2530 3744 2868 3798 vociferatus
2902 3749 3008 3798 est.

2005 3840 2213 3894 Nahth
2253 3838 2397 3893 ﬁlius
2426 3837 2547 3906 ejus
2587 3838 2835 3906 regnavit
2872 3847 3048 3888 annos
3091 3831 3256 3895 duos,
3291 3838 3346 3886 et
3391 3827 3524 3884 fecit

1936 3930 2080 4002 quod
2109 3928 2313 3982 malum
2353 3933 2490 3981 erat.
2522 3924 2634 3980 Nec
2679 3923 2914 3994 amplius
2962 3928 3085 3993 post
3121 3921 3274 3974 illum
3311 3919 3381 3974 de
3425 3933 3523 3988 ge-

1935 4039 2066 4079 nere
2090 4021 2264 4092 ipsius
2289 4019 2583 4090 quisquam
2606 4015 2874 4088 regnavit.
2901 4014 3077 4069 Baasa
3109 4011 3175 4068 de
3198 4010 3303 4067 alia
3329 4009 3522 4079 stirpe,

1935 4113 2182 4185 regnavit
2208 4125 2385 4165 annos
2423 4109 2519 4171 24,
2547 4115 2602 4162 et
2645 4105 2774 4162 fecit
2801 4103 2949 4176 quod
2987 4104 3193 4158 malum
3237 4108 3377 4157 erat.
3422 4098 3523 4154 Eia

1936 4209 2080 4263 ﬁlius
2107 4206 2226 4276 ejus
2257 4218 2432 4258 annos
2465 4201 2521 4264 2,
2559 4210 2613 4257 et
2644 4198 2776 4254 fecit
2821 4198 2966 4269 quod
3005 4196 3212 4251 malum
3253 4201 3391 4259 erat,
3418 4207 3524 4248 nec

1934 4301 2002 4355 de
2048 4299 2169 4368 ejus
2201 4297 2370 4366 stirpe
2417 4301 2607 4366 postea
2647 4292 2939 4364 quisquam
2979 4290 3250 4361 regnavit.
3287 4286 3523 4341 Zambre

1935 4391 2160 4446 alterius
2194 4389 2410 4460 generis
2452 4385 2707 4456 regnavit
2749 4398 2924 4438 annos
2972 4382 3062 4447 12,
3097 4390 3152 4435 et
3202 4379 3334 4435 fecit
3373 4377 3520 4448 quod

1933 4480 2134 4534 malum
2178 4486 2314 4532 erat.
2353 4474 2577 4529 Achaab
2608 4473 2752 4528 ﬁlius
2779 4473 2900 4542 ejus
2933 4469 3190 4540 regnavit
3219 4483 3393 4523 annos
3423 4465 3517 4532 22,

1933 4575 2007 4630 et,
2041 4567 2328 4637 plusquam
2369 4565 2575 4626 caeteri,
2623 4563 2752 4618 fecit
2784 4561 2932 4634 quod
2985 4561 3186 4614 malum
3229 4565 3382 4613 erat:
3414 4557 3521 4610 sub

252 4647 451 4718 ’Δχαὰϐ
482 4654 614 4724 περὶ
642 4655 743 4726 τῆς
794 4655 996 4725 Συρίας
1021 4658 1113 4710 καὶ
1143 4658 1235 4712 τοῦ
1286 4659 1402 4712 υίοῦ
1445 4658 1620 4731 Ἀδὲρ,
1652 4659 1746 4713 καὶ
1799 4661 1828 4713 6

1945 4675 2039 4714 hoc
2087 4658 2368 4728 propheta:
2417 4663 2578 4711 erant
2625 4655 2793 4718 Elias,
2859 4653 3106 4713 Eliseus,
3147 4649 3422 4711 Michazas,
3462 4653 3520 4702 et

243 4743 480 4808 πατάξας
511 4745 678 4797 αὑτὸν
724 4745 1026 4817 τραύματι,
1078 4748 1171 4801 καὶ
1222 4747 1450 4818 ἐλέγξας,
1470 4749 1562 4804 τὸν
1609 4749 1834 4820 Ἀχαὰϐ,

244 4831 336 4882 καὶ
363 4836 540 4888 πολλοὶ
569 4837 694 4889 καθ’
718 4839 951 4900 ἑαυτοὺς
985 4839 1089 4892 υἱοὶ
1115 4839 1222 4895 τῶν
1253 4840 1565 4912 προφητῶν.
1593 4841 1838 4911 Ὀχοζίας

248 4922 356 4986 υίος
384 4928 539 4981 αὐτοῦ
572 4928 670 4999 ἔτη
700 4929 766 4999 β’·
807 4930 906 4982 καὶ
938 4930 1159 5002 ἐποίησε
1209 4931 1272 4985 τὸ
1317 4933 1568 5003 πονηρόν.
1606 4933 1717 4986 Kal
1742 4934 1835 4987 ἐπὶ

247 5016 424 5068 1135100
453 5015 592 5090 ἦσαν
631 5021 822 5084 Ἠλίας
853 5021 948 5074 καὶ
982 5023 1299 5088 Ἐλισσαῖος.
1334 5024 1510 5079 Αὐτοῦ
1549 5024 1656 5095 γὰρ
1706 5026 1834 5090 τοὺς

249 5115 738 5185 πεντηκοντάρχους
773 5113 1050 5180 ἐπάταξεν
1073 5117 1130 5167 ἐν
1153 5116 1285 5186 πυρὶ
1321 5116 1506 5178 Ἠλίας
1528 5118 1584 5169 ἐν
1628 5117 1832 5186 ῥήματι

253 5195 454 5269 Κυρίου.
492 5207 762 5279 Ἱωαρὰμ,
794 5206 913 5271 υίὸς
966 5207 1151 5279 ἔτερος
1221 5208 1448 5280 Ἀχαὰϐ,
1481 5208 1575 5280 ἐτη
1609 5209 1694 5278 ιβ”
1738 5209 1832 5261 καὶ

255 5286 450 5388 ξῗοξησε
472 5299 530 5352 τὸ
565 5299 837 5370 πονηρόν.
889 5297 1002 5351 Kal
1037 5299 1138 5354 οὐκ
1169 5298 1250 5354 ἔτι
1295 5300 1391 5353 τοῦ
1421 5301 1612 5369 γένους
1661 5299 1829 5353 αὐτοῦ

254 5379 555 5446 ﬁnale-sas.
593 5394 712 5448 Καὶ
743 5393 774 5446 6
818 5392 924 5464 μὲν
962 5390 1146 5457 Ἠλίας
1176 5394 1269 5447 ἐπὶ
1300 5393 1490 5447 τούτου
1526 5391 1825 5464 ἀνελήφθη·

315 5537 359 5568 ⁸⁸
391 5540 446 5598 111
476 5547 612 5624 Reg.
648 5567 736 5606 xu
759 5589 778 5618 ,
818 5546 916 5606 28.

1938 4752 2031 4824 qui
2062 4752 2175 4821 regi
2205 4749 2428 4804 Achaab
2467 4748 2534 4804 de
2571 4747 2730 4820 Syria
2784 4755 2839 4803 et
2875 4747 2985 4800 ﬁlio
3029 4745 3175 4799 Ader
3222 4742 3519 4814 propheta-

1936 4846 2034 4910 vit,
2087 4844 2181 4914 qui
2238 4843 2461 4912 proprio
2492 4842 2654 4910 jussu
2712 4853 3010 4908 percussus
3057 4849 3122 4888 ac
3174 4835 3513 4894 vulneratus,

1933 4950 2114 5004 regem
2151 4934 2371 4989 Achaab
2411 4930 2712 5002 redarguit.
2742 4928 2808 4983 Et
2841 4936 3102 4999 praeterea
3140 4937 3386 4980 seorsum
3417 4920 3515 4973 hac

1937 5027 2178 5081 bitantes
2238 5024 2399 5079 multi
2456 5023 2844 5094 prophetarum
2904 5019 3021 5072 tilii.
3060 5014 3216 5084 113
3245 5010 3514 5067 Ochozias

1937 5118 2084 5174 ﬁlius
2131 5117 2274 5187 ejus,
2334 5118 2582 5186 regnavit
2647 5127 2822 5166 annos
2875 5110 3034 5172 duos,
3089 5114 3144 5160 et
3187 5103 3316 5158 fecit
3363 5099 3511 5172 quod

1935 5212 2138 5266 malum
2169 5218 2304 5265 erat.
2344 5208 2520 5280 Hujus
2564 5220 2784 5277 quoque
2811 5211 3054 5272 tempore
3090 5203 3248 5253 erant
3277 5193 3423 5248 Elias
3456 5202 3513 5248 et

1933 5301 2148 5356 Eliseus
2181 5319 2194 5355 :
2225 5298 2726 5370 quinquagenarius
2777 5295 2921 5350 enim
2964 5291 3106 5346 alius
3132 5289 3256 5359 igne
3284 5302 3513 5358 percus-

1933 5391 2005 5449 sit
2027 5392 2172 5448 Elias
2200 5392 2256 5447 in
2279 5393 2446 5448 verbo
2461 5389 2696 5448 Domini.
2718 5388 2921 5453 Joram,
2946 5385 3082 5440 alter
3099 5382 3242 5440 ﬁlius
3265 5371 3522 5446 Achaab,’

307 5670 408 5758 ﬂ?)
436 5676 488 5758 ῐη
520 5679 681 5746 ,libro
723 5679 795 5736 Ill
831 5679 968 5753 Reg.
1018 5680 1220 5740 dicitur
1270 5681 1494 5741 Zamhri
1527 5697 1811 5758 _regnassc
1843 5687 2051 5754 septem
2084 5685 2293 5735 tantum
2321 5672 2460 5742 dies,
2483 5680 2536 5731 et
2559 5678 2678 5746 post
2710 5685 2833 5728 eum
2859 5669 3010 5725 Amai
3055 5673 3210 5742 pater
3265 5656 3520 5722 Achaahv"

242 5739 505 5804 duodecim
520 5739 750 5806 “annos.
