4008 6404
539 277 644 335 327
1701 274 1760 331 S.
1791 272 2241 331 ATIIANASIUS
2304 308 2374 317 —
2418 274 2644 331 DUBIA.
3691 277 3792 333 528

539 387 789 457 regnavit
814 403 988 443 annos
1016 385 1324 450 duodecim,
1349 392 1404 439 et
1426 383 1551 440 fecit
1568 383 1712 454 quod
1739 384 1942 439 malum
1972 392 2112 440 erat.

2215 386 2244 438 ὁ
2274 387 2332 441 δὲ
2377 386 2678 448 Ἐλισσαῖος
2700 383 2968 456 διέμεινεν
3005 384 3111 450 ἕως
3147 386 3446 458 Ἰεροϐοὰμ,
3469 387 3587 442 υἱοῦ
3621 388 3790 454 Ίωᾶς,

538 479 670 534 Post
707 479 854 534 hunc
899 494 1062 535 nemo
1101 478 1334 548 amplius
1369 477 1436 532 de
1469 477 1573 532 hac
1614 476 1785 547 stirpe
1817 477 2062 547 regnavit
2093 494 2106 531 :

2216 477 2476 548 βασιλέως
2513 475 2751 546 Ἰσραήλ.
2781 475 2962 529 Ἦσαν
2986 476 3045 529 δὲ
3072 477 3163 528 ἐπὶ
3199 477 3407 541 τούτοις
3427 479 3520 532 atat
3552 479 3660 532 υἱοὶ
3688 481 3791 532 τῶν

539 571 644 626 sub
692 574 799 625 isto
832 578 1148 641 assumptus
1185 580 1270 625 est
1304 570 1470 625 Elias.
1505 568 1718 624 Eliseus
1741 585 1873 624 vero
1911 569 2114 639 perdu-

2216 568 2529 640 προφητῶν.
2601 566 2700 619 ’ῐοῦ
2748 567 2937 639 ἐτέρου
2993 567 3209 636 γένους,
3237 569 3351 632 υίὸς
3378 570 3670 641 Ναμεσσῆ,
3702 571 3790 642 ἔτη

536 667 681 720 ravit
707 680 882 735 usque
912 666 979 719 ad
1012 665 1300 719 Jeroboam
1329 663 1498 719 ﬁlium
1540 664 1670 720 Joas
1709 681 1892 735 regem
1918 663 2112 720 Israel.

2216 659 2320 732 κη’.
2352 655 2517 723 Οὗτος
2548 660 2726 712 ἀνεῖλε
2754 660 2817 712 τὸ
2839 659 2996 728 γένος
3039 660 3261 729 Ἀχαὰϐ,
3304 659 3400 720 καὶ
3425 663 3552 724 τοὺς
3585 665 3794 733 προφή-

538 757 711 812 Erant
739 763 921 810 autem
968 756 1071 810 sub
1106 755 1228 812 istis
1258 755 1420 821 etiam
1459 755 1552 810 ﬁlii
1594 755 2004 826 prophetarum.
2034 753 2119 810 Je-

2217 767 2316 812 τας
2344 748 2438 802 τοῦ
2471 749 2616 802 Βάαλ
2646 751 2704 803 ὲν
2730 749 3070 822 πτερνισμῷ,
3091 749 3184 802 καὶ
3215 750 3313 821 τὴν
3377 751 3576 822 στήλην
3632 753 3792 806 αὐτοῦ

537 851 612 906 hu
643 850 710 906 de
741 849 846 904 alia
900 849 1067 919 stirpe
1111 847 1260 903 ﬁlius
1294 847 1586 915 Namesse,
1643 847 1892 918 regnavit
1943 861 2118 902 annos

2220 841 2524 913 συνέτριψε.
2587 843 2702 896 Καὶ
2752 844 2809 896 ὲν
2861 841 3037 911 τούτῳ
3063 842 3295 913 ποιήσας
3337 843 3396 895 τὸ
3438 843 3616 907 εύθὲς,
3642 843 3793 913 ἔσχεν

535 946 728 1015 viginti
757 953 901 998 octo.
936 941 1036 996 llic
1065 957 1238 1013 genus
1264 941 1486 996 Achaab
1520 942 1766 1008 sustulit,
1797 951 1851 996 et
1877 940 2112 1011 prophe-

2218 933 2571 1002 ὲπαγγελίαν,
2610 934 2714 1000 ὅτι,
2748 935 2868 988 Υἱοὶ
2914 933 3163 1004 τέταρτοι
3215 933 3527 988 καθίσονταί
3571 952 3654 988 σοι
3705 937 3795 989 ἐπὶ

536 1045 621 1090 tas
645 1036 772 1089 Baal
796 1051 893 1106 per
922 1035 1152 1090 insidias
1172 1033 1397 1094 occidit,
1432 1041 1780 1104 statuamque
1811 1034 1960 1089 illius
1985 1049 2114 1089 con-

2219 1024 2407 1096 θρόνου
2476 1025 2710 1097 Ἰσραήλ.
2763 1027 2911 1098 Πλὴν
2949 1027 3050 1079 οὐκ
3082 1025 3343 1093 ἐφύλαξεν
3369 1029 3426 1080 ἐν
3455 1027 3553 1101 ὅλῃ
3604 1028 3797 1101 καρδίᾳ

535 1127 705 1181 trivit.
740 1125 952 1181 Etcum
984 1128 1039 1181 in
1074 1125 1226 1181 hisce
1262 1124 1484 1180 fecisset
1527 1125 1674 1194 quod
1723 1132 1928 1180 rectum
1975 1131 2110 1187 erat,

2217 1118 2306 1173 τὸν
2335 1118 2515 1187 νόμονο
2549 1118 2649 1170 οὐκ
2681 1117 2889 1190 ἀπέστη
2929 1118 3036 1191 γὰρ
3055 1118 3164 1172 τῶν
3186 1120 3472 1190 ἁμαρτιῶν
3513 1120 3796 1193 Ἱεροϐοὰμ

535 1219 957 1290 promissionem
985 1218 1195 1288 accepit
1220 1217 1363 1288 quod
1396 1217 1568 1287 ipsius
1616 1216 1710 1271 ﬁlii
1748 1215 1815 1269 ad
1861 1224 2111 1288 quartam

1160 1218 1195 1270 it
1220 1217 1363 1288 quod
1396 1217 1568 1287 ipsius
1616 1216 1710 1271 ﬁlii
1748 1215 1815 1269 ad
1861 1224 2111 1288 quartam
2218 1208 2306 1264 διὰ
2339 1209 2435 1272 τὰς
2461 1207 2743 1276 δαμάλεις·

538 1289 711 1381 usque
741 1312 1143 1380 generationem
1194 1308 1403 1364 sessuri
1451 1316 1637 1363 essent
1675 1323 1840 1377 super
1901 1315 2158 1362 thronum
2196 1301 2382 1356 Israel.
2440 1298 2831 1354 Verumtamen
2875 1299 3050 1370 legem
3100 1297 3314 1357 Domini
3381 1315 3491 1356 non
3561 1289 3798 1358 servavi‘

537 1415 654 1463 toto
688 1409 852 1463 corde
877 1428 888 1462 :
917 1422 1092 1477 neque
1130 1407 1275 1461 enim
1305 1421 1335 1460 a
1369 1406 1607 1476 peccatis
1633 1404 1920 1462 Jeroboam
1949 1401 2233 1468 abstinuit,
2265 1401 2412 1453 circa
2437 1397 2638 1451 vitulos
2672 1397 2816 1451 illos.

607 1504 842 1559 Joachaz
885 1503 1027 1558 ﬁlius
1046 1502 1186 1572 ejus,
1222 1502 1467 1572 regnavit
1497 1517 1672 1557 annos
1724 1503 1830 1569 17;
1880 1500 2112 1571 fecitque

2300 1491 2514 1564 ’Ῑοὰχαζ
2543 1492 2658 1555 υἱὸς
2697 1491 2860 1545 αὐτοῦ
2908 1491 3002 1564 ἔτη
3038 1489 3123 1556 ιζ’⁶
3157 1491 3251 1546 καὶ
3280 1491 3502 1562 ἐποίησε
3530 1491 3593 1543 τὸ
3635 1509 3798 1563 πονη-

537 1596 683 1668 quod
715 1597 916 1650 malum
943 1604 1081 1650 erat.
1114 1594 1244 1650 Joas
1275 1595 1421 1651 ﬁlius
1469 1595 1592 1665 ejus
1643 1594 1889 1666 regnavit
1935 1609 2109 1649 annos

2221 1587 2331 1658 ρὸν.
2369 1585 2519 1648 Ἰωᾶς
2550 1584 2664 1648 υἱὸς
2695 1584 2860 1638 αὐτοῦ
2891 1584 2985 1655 ἐτη
3009 1591 3106 1650 ις”
3158 1585 3254 1638 καὶ
3283 1585 3507 1655 ἐποίησε
3541 1584 3603 1637 τὸ
3637 1602 3799 1656 πονηο

539 1689 797 1749 sedecim.
823 1697 875 1743 et
904 1686 1032 1742 fecit
1062 1687 1208 1759 quod
1239 1686 1440 1740 malum
1473 1697 1609 1740 erat.
1658 1685 1962 1741 Jerusalem
2015 1701 2110 1740 ex-

2216 1680 2325 1752 ρόν.
2365 1679 2475 1732 Καὶ
2500 1678 2754 1748 ἐπολέμει
2805 1678 2904 1749 τὴν
2965 1678 3336 1749 Ἰερουσαλὴμ,
3395 1681 3490 1731 καὶ
3551 1678 3715 1734 ἔλαϐε
3741 1678 3799 1733 τὺ

536 1780 818 1850 pugnavit,
851 1795 1044 1832 aurum
1074 1786 1127 1832 et
1158 1793 1290 1833 vasa
1326 1778 1573 1833 abstulit.
1623 1776 1912 1832 Jeroboam
1968 1776 2110 1830 ﬁlius

2213 1771 2432 1842 χρυσίον
2460 1770 2552 1823 καὶ
2585 1770 2652 1822 τὰ
2687 1768 2877 1842 σκεύη.
2919 1769 3198 1844 Ἱεροϐοὰμ
3227 1769 3341 1833 υἱὸς
3367 1769 3532 1823 αὑτοῦ
3555 1769 3651 1840 ἐτη
3690 1778 3794 1841 μα’·

535 1872 656 1942 ejus
687 1871 932 1940 regnavit
963 1885 1136 1924 annos
1185 1870 1275 1934 41,
1300 1877 1353 1925 et
1384 1869 1512 1925 fecit
1542 1869 1687 1939 quod
1728 1869 1929 1922 malum
1971 1875 2108 1923 erat.

2216 1863 2308 1916 καὶ
2336 1860 2557 1931 ἐποίησε
2588 1859 2649 1914 τὸ
2673 1861 2926 1932 πονηρόν.
2987 1861 3260 1932 Ζαχαρίας
3289 1861 3402 1924 υἱὸς
3433 1860 3599 1915 αὑτοῦ
3627 1863 3799 1933 μῆνας

537 1963 832 2017 Zacharias
856 1962 999 2016 ﬁlius
1025 1959 1312 2016 Jeroboam
1360 1961 1604 2032 regnavit
1650 1974 1868 2014 menses
1895 1975 1988 2013 sex
2013 1998 2028 2022 ,
2059 1966 2114 2013 et

2218 1953 2290 2018 ἓξ,
2313 1953 2407 2006 καὶ
2441 1952 2664 2024 εποίησε
2696 1954 2760 2006 τὸ
2810 1953 3064 2025 πονηρόν.
3099 1945 3242 2018 Ἕως
3292 1953 3481 2007 τούτου
3527 1954 3592 2008 τὸ
3647 1953 3801 2022 γένος

534 2062 792 2126 Operatus
817 2063 899 2109 est
934 2054 1158 2108 malum.
1195 2051 1471 2107 Hactenus
1501 2068 1670 2122 genus
1697 2051 1834 2106 Jehu
1861 2052 1915 2105 in
1949 2065 2114 2121 quar-

2225 2045 2324 2099 Ἱοῦ
2355 2045 2640 2114 γεγόνασιν
2665 2046 2768 2099 υἱοὶ
2818 2045 3090 2118 τέταρτοι.
3128 2045 3370 2116 Σελλοὺμ
3391 2046 3582 2118 ἑτέρου
3612 2047 3803 2115 γένους

535 2155 645 2201 tam
670 2145 1072 2217 generationem
1101 2143 1336 2199 duravit.
1385 2141 1591 2198 Sellum
1633 2159 1701 2198 ex
1729 2143 1834 2198 alia
1857 2143 2114 2214 progenie

2217 2138 2328 2201 υἱὸς
2379 2137 2545 2201 Ἰαϐὶς
2595 2137 2810 2210 ἡμέρας
2872 2137 2937 2191 λ’·
2981 2138 3078 2192 καὶ
3142 2137 3366 2209 ἐποίησε
3407 2139 3468 2192 τὺ
3539 2139 3800 2211 πονηρόν.

535 2239 678 2292 ﬁlius
707 2236 880 2301 Jabis,
919 2237 1164 2306 regnavit
1194 2235 1312 2292 dies
1367 2235 1588 2305 triginta
1617 2276 1632 2300 ,
1682 2244 1737 2291 et
1793 2235 1920 2290 fecit
1969 2235 2114 2306 quod

2223 2230 2456 2299 Μαναὴμ
2488 2229 2646 2282 ἄλλου
2673 2229 2861 2298 γένους
2885 2230 2997 2294 υἱὸς
3015 2229 3208 2301 Γαδδὴ,
3231 2228 3324 2302 ἐτη
3358 2237 3426 2284 ac”
3457 2231 3551 2284 καὶ
3577 2232 3806 2302 ἐποίησε

531 2328 735 2381 malum
769 2337 909 2381 erat.
936 2325 1182 2381 Manaem
1215 2342 1283 2382 ex
1328 2324 1436 2380 alio
1472 2342 1670 2397 genere
1705 2325 1851 2381 ﬁlius
1887 2325 2071 2381 Gadde
2095 2367 2110 2392 ,

2223 2321 2274 2374 τὸ
2312 2323 2562 2394 πονηρόν.
2593 2322 2822 2388 Φακείας
2865 2324 2978 2388 υἱὸς
3029 2323 3213 2391 αὑτοῦ,
3247 2323 3338 2395 ἐτη
3371 2331 3420 2377 t"
3454 2325 3549 2378 καὶ
3578 2325 3806 2396 ἐποίησε

530 2421 778 2490 regnavit
809 2435 984 2475 annos
1011 2420 1103 2483 20,
1133 2427 1186 2475 et
1223 2418 1353 2474 fecit
1381 2420 1529 2490 quod
1562 2420 1763 2474 malum
1806 2428 1945 2474 erat.
1971 2417 2113 2472 Pha-

2225 2415 2274 2467 τὸ
2305 2415 2557 2486 πονηρόν.
2597 2417 2717 2469 Ἐπὶ
2769 2416 2957 2470 τούτου
2998 2417 3222 2480 Ἡσαΐας
3288 2417 3383 2470 κα)⁵
3447 2416 3610 2488 Ὠσηὲ
3666 2415 3808 2488 ἦσαν

531 2509 705 2575 Iteias,
753 2511 896 2566 ﬁlius
927 2510 1174 2566 Manaem
1201 2550 1215 2573 ,
1251 2510 1503 2580 regnavit
1535 2525 1710 2565 annos
1740 2509 1836 2574 10,
1881 2517 1934 2564 et
1990 2508 2114 2564 fecit

2220 2506 2670 2578 προφητεύοντες.
2697 2508 2870 2560 Φακεὲ
2900 2507 3060 2562 ἄλλου
3093 2509 3303 2578 γένους,
3341 2509 3456 2572 υἱὸς
3493 2509 3803 2580 Ῥομελιου,

530 2602 677 2672 quod
732 2609 851 2656 erat
905 2603 1128 2656 malum.
1200 2601 1376 2672 Hujus
1424 2611 1669 2672 tempore
1716 2602 2113 2672 prophetarunt

2228 2597 2310 2669 Ξτη
2344 2605 2412 2651 κ’.
2445 2590 2615 2661 Οὗτος
2661 2598 2863 2667 ἔσφαξε
2909 2599 3000 2652 τὸν
3042 2599 3300 2663 Φακείαν,
3343 2601 3438 2653 καὶ
3485 2599 3717 2671 ἐποίησε
3744 2598 3811 2652 τὸ

530 2690 702 2748 Isaias
727 2700 781 2747 et
810 2692 966 2748 Osee.
1005 2691 1242 2757 Pbakee,
1275 2695 1343 2749 de
1366 2694 1472 2748 alia
1507 2695 1702 2763 stirpe,
1729 2692 1876 2748 ﬁlius
1919 2691 2113 2747 Rome-

2226 2689 2472 2761 πονηρὸν,
2497 2690 2590 2743 καὶ
2635 2691 2730 2744 ἐπὶ
2783 2691 2971 2745 τούτου
3023 2687 3162 2762 ἦσαν
3213 2693 3439 2756 Ἡσαΐας
3490 2691 3589 2746 καὶ
3649 2691 3809 2759 Ὠσηὲ

529 2780 638 2846 liae,
665 2785 906 2854 regnavit
928 2799 1103 2838 annos
1124 2784 1229 2853 20;
1259 2785 1349 2840 hic
1379 2785 1582 2840 occidit
1612 2784 1924 2849 Phakeiam,
1956 2793 2009 2840 et
2037 2785 2112 2838 l'e-

2223 2783 2265 2835 oi
2301 2784 2596 2855 προφῆται.
2640 2784 2796 2854 Ὠσηὲ
2824 2784 3012 2855 ἐτέρου
3035 2785 3246 2853 γένους,
3275 2786 3390 2850 υἱὸς
3435 2784 3591 2851 Ἠλᾶ,
3617 2785 3713 2854 ἐτη
3738 2780 3806 2835 Θ’.

530 2872 608 2927 cit
632 2876 776 2944 quod
801 2876 1004 2930 malum
1034 2883 1173 2931 erat.
1207 2875 1321 2932 Sub
1355 2877 1459 2932 hoc
1490 2893 1707 2947 quoque
1759 2885 1916 2932 erant
1947 2875 2113 2932 lsaias

2226 2870 2386 2940 Οὗτος
2412 2875 2612 2946 ἔσφαξε
2643 2877 2734 2930 τὸν
2785 2877 2978 2941 Φακεὲ,
3034 2877 3128 2931 καὶ
3158 2877 3380 2949 ἐποίησε
3422 2876 3485 2930 τὸ
3547 2873 3809 2946 πονηρὸν,

529 2974 584 3019 et
615 2966 752 3022 Osee
780 2968 1102 3038 prophetae.
1155 2967 1295 3024 Osee
1338 2969 1558 3024 aliunde
1610 2978 1774 3024 natus
1797 2969 1953 3024 ‘ﬁlius
1989 2968 2112 3032 Ela,

1436 2970 1558 3024 Inde
1610 2978 1774 3024 natus
1797 2969 1953 3024 ‘lilius
1989 2968 2112 3032 Eia,
2219 2968 2358 3040 πλὴν
2390 2969 2487 3040 ούχ
2510 2969 2585 3033 ὡς
2616 2971 2663 3022 οἱ
2696 2969 2803 3042 πρὸ
2833 2968 3019 3022 αὐτοῦ.

531 3062 780 3132 regnavit
813 3079 991 3119 annos
1025 3064 1077 3119 9.
1109 3063 1218 3120 lste
1249 3064 1452 3119 occidit
1489 3081 1670 3135 regem
1694 3063 1932 3130 Phakee,
1985 3075 2039 3119 et
2111 3063 2237 3119 fecit
2294 3064 2440 3135 quod
2507 3065 2710 3118 malum
2765 3072 2909 3128 erat,
2965 3069 3340 3118 verumtamen
3378 3077 3489 3117 non
3537 3059 3686 3116 sicut
3715 3072 3812 3129 qui

530 3162 657 3207 ante
700 3153 881 3222 ipsum
911 3165 1234 3224 regnarunt.

604 3240 661 3295 lu
696 3243 803 3297 isto
836 3242 973 3299 Osee
1001 3244 1212 3299 ﬁnitum
1257 3253 1342 3302 est
1371 3261 1598 3317 regnum
1635 3244 1915 3302 Samarize.
1949 3245 2106 3300 Tunc
2133 3254 2174 3311 c

2280 3244 2423 3307 Ἕως
2459 3243 2650 3297 τούτου
2677 3242 2770 3296 τοῦ
2825 3242 2980 3314 Ὠσηὲ
3028 3239 3292 3311 κατέληξε
3339 3240 3432 3294 καὶ
3479 3243 3513 3310 ἡ
3562 3240 3815 3310 βασιλεία

530 3332 675 3387 enim
707 3335 944 3389 cessavit
997 3351 1062 3391 ac
1115 3337 1278 3406 periit
1307 3336 1585 3400 Samaria,
1644 3354 1809 3408 quam
1856 3338 2113 3409 deinceps

2234 3335 2550 3407 Ξαμαρείας.
2585 3336 2811 3388 ’Έκτοτε
2833 3334 2943 3405 γὰρ
2975 3334 3269 3398 πέπαυται,
3311 3333 3404 3386 καὶ
3430 3333 3686 3388 ἀπώλετο
3708 3335 3817 3389 Σα-

529 3424 742 3496 Assyrii
775 3426 1174 3492 iubabitarunt,
1212 3445 1278 3485 ex
1323 3429 1524 3500 quibus
1561 3430 1668 3484 orti
1714 3438 1844 3486 sunt
1875 3431 2112 3492 haeretici

2232 3427 2442 3498 ιαρεία,
2477 3428 2569 3480 καὶ
2594 3425 2780 3478 λοιπὸν
2823 3423 3095 3496 Ἀσσύριοι
3123 3422 3450 3495 κατῴκησαν
3481 3424 3539 3477 ἐν
3563 3426 3729 3495 αὐτῇ,
3753 3423 3815 3491 ἐξ

531 3514 836 3583 Samaritae,
861 3519 955 3589 qui
992 3529 1048 3574 et
1083 3517 1371 3576 Sadducati
1403 3529 1686 3577 vocantur.

2232 3513 2289 3573 ὒν
2321 3521 2370 3572 οἱ
2435 3518 2700 3589 αἱρετικοὶ
2747 3517 3080 3586 Σαμαρεῖται
3143 3515 3434 3585 γεγόνασι,
3477 3515 3815 3587 καλούμενοι

2215 3611 2308 3664 καὶ
2335 3609 2683 3663 Σαδδουκαῖοι
2719 3606 2781 3678 [ι.
2804 3604 3107 3676 Χουθαῖοι].

598 3694 838 3751 Collecta
875 3697 1057 3768 itaque
1085 3714 1274 3754 eorum
1305 3707 1574 3771 tempora,
1619 3702 1712 3771 qui
1759 3700 2120 3775 Jerosolymis

2288 3701 2620 3769 Συνάγονται
2675 3696 2768 3753 οὖν
2809 3699 2858 3752 οἱ
2907 3697 3092 3770 χρόνοι
3137 3696 3248 3751 τῶν
3303 3696 3403 3769 μὲν
3445 3695 3819 3770 Ἰερουσαλὴμ

528 3798 561 3840 a
609 3784 810 3840 Davide
856 3802 1033 3856 usque
1067 3787 1136 3842 ad
1173 3786 1460 3844 Sedekiam
1493 3799 1859 3859 regnaverunt
1883 3830 1898 3854 ,
1940 3807 2111 3848 annos

2236 3795 2650 3848 ιασιλευσάντων
2680 3792 2787 3846 ἀπὸ
2830 3790 2926 3845 τοῦ
2977 3790 3145 3843 Δαϐὶδ
3193 3791 3288 3844 καὶ
3331 3789 3494 3861 μέχρι
3525 3790 3622 3843 τοῦ
3656 3790 3819 3844 Σεδε-

486 3894 490 3898 ·
529 3880 870 3935 constituunt
917 3881 1369 3952 quadringentos.
1408 3881 1582 3953 Reges
1611 3874 1854 3939 universi
1889 3883 2069 3939 fuerur

2234 3886 2328 3951 ιία,
2367 3889 2463 3940 καὶ
2510 3885 2712 3950 αὐτοῦ,
2770 3883 2840 3938 τὰ
2873 3884 3052 3937 πάντα
3102 3883 3196 3954 ἔτη
3240 3887 3307 3946 υ’,
3357 3882 3602 3952 βασιλεῖς
3655 3899 3716 3935 τε
3763 3882 3817 3936 οἱ

527 3971 717 4040 viginti
757 3989 918 4036 unus,
949 3973 1169 4043 dempta
1201 3973 1454 4030 Gotliolia
1483 4017 1497 4041 ,
1549 3985 1604 4031 et
1641 3977 1824 4031 cuncti
1867 3977 2110 4046 ejusdem

2234 3978 2411 4040 τάντες
2456 3983 2538 4031 κα¹
2565 3976 2686 4046 δίχα
2717 3975 2818 4046 τῆς
2858 3974 3135 4037 Γοθολίας,
3189 3973 3282 4026 καὶ
3330 3973 3521 4041 γένους
3569 3973 3817 4036 ἅπαντες

530 4063 720 4131 stirpis
747 4064 970 4119 Davidis
998 4065 1273 4130 videlicet,
1316 4077 1377 4120 ut
1405 4068 1474 4121 ab
1510 4068 1669 4122 initio
1703 4067 1770 4122 ad
1806 4067 1966 4124 ﬁnem
2016 4086 2112 4124 us-

2230 4066 2331 4130 ινὸς
2356 4066 2450 4119 τοῦ
2509 4065 2696 4128 Δαΰὶδ,
2751 4066 2879 4128 παῖς
2914 4063 3063 4136 παρὰ
3107 4063 3315 4133 πατρὸς
3359 4061 3502 4116 κατὰ
3529 4062 3813 4133 διαδοχὴν,

532 4159 638 4220 que
667 4152 808 4207 ﬁlius
859 4168 888 4206 a
935 4161 1089 4222 patre
1142 4171 1372 4226 regnum
1422 4158 1769 4213 hereditario
1792 4159 1917 4229 jure
1954 4176 2114 4217 acce-

2228 4160 2270 4224 ιξ
2298 4158 2475 4228 ἀρχῆς
2521 4157 2648 4227 ἄχρι
2681 4155 2865 4220 τέλους
2919 4157 3020 4227 τὴν
3069 4155 3348 4225 βασιλείαν
3413 4153 3811 4224 κληρούμενοι.

531 4244 690 4314 perit.
722 4243 799 4297 Ex
840 4246 924 4301 his
977 4255 1156 4300 autem
1193 4263 1383 4303 novem
1419 4251 1566 4321 quod
1610 4261 1820 4306 rectum
1843 4292 1858 4318 ,
1905 4252 2110 4308 duode-

2234 4250 2319 4302 Ἐκ
2357 4249 2561 4302 τούτων
2599 4249 2656 4302 δὲ
2702 4248 2863 4302 πάλιν
2901 4250 2950 4301 οἱ
2999 4247 3097 4318 μὲν
3144 4247 3468 4316 ποιήσαντες
3532 4243 3596 4296 τὸ
3649 4244 3817 4308 eses;

531 4333 639 4386 cim
666 4349 795 4388 vero
827 4335 975 4405 quod
1005 4338 1208 4392 malum
1242 4349 1392 4407 erat,
1449 4343 1660 4412 operati
1706 4354 1861 4410 sunt,
1891 4343 2111 4416 dempta

2235 4341 2351 4392 ,ictv
2379 4339 2442 4404 θ’,
2483 4341 2533 4392 oi
2553 4339 2611 4392 δὲ
2640 4341 2964 4411 ποιήσαντες
3009 4338 3070 4393 τὸ
3109 4334 3344 4408 πονηρὸν
3373 4333 3438 4404 ιβ’
3479 4333 3656 4405 χωρὶς
3709 4333 3818 4404 τῆς

531 4421 802 4482 Gotholia.

2211 4431 2480 4495 Γοθολίας.

603 4513 806 4571 Eorum
836 4534 967 4574 vero
1012 4527 1288 4593 tempora,
1350 4525 1440 4594 qui
1503 4525 1558 4580 in
1607 4524 1856 4582 Samaria
1889 4543 1921 4583 a
1951 4527 2110 4584 Jero-

2282 4522 2406 4575 Τῶν
2457 4523 2514 4575 δὲ
2557 4523 2613 4576 ὲν
2663 4521 2948 4592 Σαμαρείᾳ
3008 4518 3171 4574 πάλιν
3229 4515 3667 4588 βασιλευσάντων
3702 4516 3820 4570 ἀπὸ

534 4605 692 4660 boam
725 4625 897 4679 usque
931 4612 998 4666 ad
1030 4612 1168 4670 Osee
1196 4629 1514 4689 regnarunt,
1550 4622 1680 4676 anni
1714 4633 1844 4678 sunt
1884 4623 2106 4678 ducenti

2240 4615 2504 4686 ιεροϐοὰμ
2535 4615 2630 4668 καὶ
2682 4617 2842 4686 μέχρι
2883 4614 3039 4684 Ὠσηὲ
3095 4611 3162 4665 τὰ
3201 4610 3378 4663 πάντα
3432 4607 3528 4680 ἐτη
3566 4607 3669 4675 σξη
3717 4612 3820 4662 καὶ

535 4702 853 4772 sexaginta:
887 4721 1039 4776 rcges
1064 4716 1242 4764 autem
1291 4712 1531 4768 universi
1563 4714 1747 4770 decem
1781 4724 1834 4770 et
1875 4724 2000 4770 octo
2038 4731 2106 4770 ex

2235 4705 2452 4768 ιασιλείς
2489 4706 2587 4776 μὲν
2643 4709 2689 4760 οἱ
2726 4707 2924 4768 πάντες
2952 4712 3040 4775 ιη’,
3077 4706 3140 4758 ἐκ
3180 4703 3449 4774 διαφόρων
3499 4701 3557 4754 δὲ
3607 4701 3818 4770 γενῶν.

533 4792 765 4850 diversis
797 4797 1080 4867 stirpibus.
1113 4799 1318 4856 Horum
1341 4815 1464 4860 octo
1489 4822 1713 4877 regnum
1739 4809 2060 4863 invaserunt
2089 4825 2103 4862 :

2235 4798 2322 4850 ἰαὶ
2372 4798 2577 4852 τούτων
2629 4799 2774 4852 ὀκτὼ
2827 4799 2917 4851 ἐπὶ
2971 4798 3031 4850 τὸ
3102 4798 3291 4867 ἄρχειν
3364 4794 3818 4866 ἀναϐεϐηκότες·

531 4899 721 4942 omnes
751 4903 879 4944 vero
909 4891 1054 4959 quod
1088 4892 1294 4948 malum
1328 4904 1447 4950 erat
1477 4897 1744 4962 fecerunt,
1772 4898 1929 4968 juxta
1977 4913 2107 4968 pec-

2240 4888 2306 4940 ;αὶ
2329 4889 2524 4954 πάντες
2553 4891 2814 4962 ἐποίησαν
2839 4891 2900 4942 τὸ
2933 4890 3189 4960 πονηρὸν,
3219 4889 3361 4943 κατὰ
3395 4887 3495 4958 τὴν
3524 4889 3823 4960 ἁμαρτίαν

528 4985 706 5032 catum
735 4979 1044 5038 Jeroboam.

936 4997 1044 5038 am.
2223 4981 2519 5054 Ἱεροϐοάμ.

804 5074 963 5130 Liber
993 5075 1044 5130 Χ
1049 5075 1098 5144 I,
1112 5072 1564 5150 Paralipomenon
1592 5080 1618 5134 Ι
1648 5090 1695 5135 et
1716 5080 1803 5135 II.
2378 5113 2387 5128 ι

2378 5077 2624 5131 Βιϐλίων
2653 5083 2746 5140 ια’,
2787 5076 3273 5145 Παραλιπόμεναι
3324 5071 3376 5124 α’
3407 5072 3502 5125 καὶ
3535 5072 3621 5136 β’.

595 5163 682 5217 19.
702 5164 817 5221 Hoc
850 5170 1071 5226 nomine
1089 5173 1467 5227 vocanturisti
1499 5173 1644 5235 libri,
1667 5174 1813 5242 quod
1845 5175 2013 5228 multa
2043 5175 2100 5229 in

2275 5171 2361 5226 19.
2397 5170 2554 5223 Οὕτω
2583 5170 2828 5224 καλεῖται
2854 5169 2922 5223 τὰ
2953 5168 3132 5237 βιϐλία
3165 5167 3358 5229 ταῦτα,
3402 5167 3595 5236 ἐπειδὴ
3629 5184 3827 5237 παρα-‹

525 5250 676 5306 libris
697 5253 1008 5326 Regnorum
1038 5263 1404 5331 praetermissa
1435 5264 1492 5317 in
1522 5262 1660 5331 ipsis
1689 5265 2097 5322 contineantur.

2243 5261 2486 5330 ειφθέντα
2511 5261 2680 5315 πολλὰ
2704 5263 2762 5315 ὲν
2793 5265 2910 5323 ταῖς
2927 5259 3231 5322 Βασιλείαις
3256 5257 3574 5329 περιέχεται
3599 5261 3659 5311 ἐν
3688 5259 3826 5311 τού-

523 5341 764 5400 Habetur
823 5359 1004 5406 autem
1061 5353 1118 5407 in
1158 5354 1337 5423 primo
1376 5353 1519 5408 libro
1575 5354 1820 5408 omnium
1855 5356 2097 5410 tribuum

2241 5370 2335 5414 οις.
2365 5354 2520 5405 Ἔστι
2558 5352 2614 5405 δὲ
2644 5354 2701 5404 ὲν
2729 5353 2827 5422 μὲν
2876 5350 2952 5420 τῷ
3011 5349 3212 5420 πρώτῳ
3241 5348 3432 5419 βιϐλίῳ
3478 5349 3824 5416 γενεαλογία

523 5440 832 5510 genealogia
861 5443 930 5497 ab
957 5443 1132 5498 Adam
1159 5461 1336 5516 usque
1368 5448 1436 5500 ad
1466 5462 1620 5517 reges
1657 5448 1957 5502 secundum
1993 5450 2095 5503 tri-

2238 5443 2394 5496 εασῶν
2437 5442 2543 5495 τῶν
2597 5444 2777 5513 φυλῶν
2841 5443 2950 5495 ἀπὸ
2995 5443 3165 5512 ’Λδὰμ
3225 5442 3329 5504 ἓως
3385 5440 3494 5492 τῶν
3535 5440 3821 5511 βασιλέων

523 5524 646 5591 bus,
669 5540 720 5582 et
756 5533 1007 5601 populos,
1054 5543 1108 5589 et
1140 5535 1399 5602 familias,
1428 5545 1482 5592 et
1517 5538 1728 5598 domos.
1765 5540 1824 5596 ln
1854 5541 2096 5597 secundo

2233 5535 2346 5588 ιατὰ
2370 5535 2560 5604 φυλὰς,
2615 5538 2709 5590 καὶ
2761 5537 2902 5589 κατὰ
2961 5536 3186 5606 δήμους,
3223 5536 3316 5588 καὶ
3366 5532 3510 5586 κατὰ
3537 5529 3816 5600 πατριὰς,

526 5627 654 5670 vero
688 5630 1035 5689 exponuntur
1065 5632 1221 5695 gesta
1247 5641 1458 5697 regum.

2255 5627 2299 5678 ιὶ
2340 5631 2459 5679 κατ’
2492 5623 2660 5680 οἷκονο
2717 5628 2776 5680 ἐν
2835 5627 2892 5680 δὲ
2940 5626 3018 5698 τῷ
3049 5627 3286 5699 δευτέρῳ
3337 5621 3838 5697 διαλαμϐάνονται.

846 5729 849 5731 ·
1855 5715 1859 5719 ’
2205 5717 2428 5787 πράξεις
2450 5717 2556 5772 τῶν
2590 5719 2870 5791 βασιλέων.
