4008 6404
243 364 315 422 529
1354 367 1687 427 SYNOPSIS
1727 369 2147 426 SCRIPTURAS
2178 371 2448 430 SACRZE.

3391 373 3497 428 550

293 484 512 560 Εἴρηται
579 485 697 558 μιν
748 485 847 544 οὖν
897 489 955 543 ἐν
984 491 1094 552 τοῖς
1144 487 1472 560 ἔμπροσθεν,
1508 491 1589 545 ὅτι
1617 493 1665 544 οἱ
1702 507 1828 560 συγ-

2004 490 2178 562 Supra
2207 492 2427 564 quidem
2453 491 2660 548 dictum
2690 501 2795 557 est,
2821 494 2968 562 quod
3009 493 3101 562 qui
3139 506 3325 562 regum
3357 487 3498 545 facta

251 578 564 651 γραψάμενοι
597 579 718 644 τάς
754 598 819 633 τε
868 579 1092 652 πράξεις
1147 579 1241 633 καὶ
1285 581 1411 643 τοὺς
1459 579 1682 652 χρόνους
1715 580 1825 634 τῶν

254 669 475 741 βασιλέων
507 671 664 724 εἰσὶν
690 672 743 724 οἱ
771 671 918 725 κατὰ
944 671 1163 742 καιροὺς
1188 670 1340 734 ὄντες
1365 671 1662 743 προφῆται·
1685 671 1828 743 ὑπὲρ

253 763 290 816 δὲ
310 762 386 817 τοῦ
420 763 789 832 γιγνώσκειν
822 767 879 818 ἐν
910 763 1062 836 μέρει
1099 763 1317 830 αὐτοὺς,
1370 763 1827 834 ἐσημειωσάμεθα

254 854 376 910 ταῦτα
406 856 480 908 ἐκ
539 856 664 910 τῶν
729 856 1220 928 Παραλιπομένων·
1254 856 1322 911 τὰ
1368 855 1497 928 περὶ
1535 856 1628 910 τοῦ
1666 856 1828 910 Δαϐὶδ

256 947 417 1018 ἔγραψε
440 947 747 1018 Σαμουὴλ,
781 949 878 1002 καὶ
910 948 1114 1012 Ναθὰν,
1152 949 1246 1001 καὶ
1296 947 1420 1012 Γὰδ,
1450 948 1500 1001 οἱ
1529 951 1826 1020 προφῆται·

256 1039 301 1092 τὰ
325 1039 439 1110 περὶ
474 1040 877 1110 Σολομῶντος,
902 1041 1087 1095 Ναθὰν
1120 1041 1210 1094 καὶ
1253 1040 1422 1111 Ἀχιᾶ,
1457 1043 1505 1095 οί
1531 1043 1828 1112 προφῆται·

256 1130 302 1183 τὰ
325 1131 442 1204 περὶ
458 1130 792 1202 Ἰεροϐοὰμ,
829 1132 1075 1202 Σαμαίας
1097 1131 1190 1184 καὶ
1235 1130 1418 1195 Ἀδδὼ,
1441 1133 1491 1185 οἱ
1527 1131 1824 1202 προφῆται·

255 1224 302 1278 τὰ
325 1225 443 1293 περὶ
482 1224 678 1286 Ἀϐιᾶ,
732 1224 901 1278 Ἀδδὼ
928 1227 956 1278 6
990 1227 1291 1296 προφήτης·
1335 1225 1405 1280 τὰ
1438 1225 1564 1296 περὶ
1608 1226 1740 1278 ’Δσᾶ
1773 1225 1830 1277 ἐν

253 1316 307 1387 τῷ
320 1316 499 1388 βιϐλίῳ
519 1319 747 1388 Λόγων
767 1318 907 1388 περὶ
925 1318 1042 1371 τῶν
1060 1317 1368 1373 Βασιλέων
1383 1318 1595 1372 Ἰούδα·
1611 1318 1680 1372 τὰ
1703 1317 1831 1388 περὶ

262 1410 520 1480 Ἰωσαφὰτ,
569 1412 720 1483 Ἰηοῦ
749 1413 779 1464 6
811 1412 1115 1483 προφήτης,
1151 1413 1178 1464 6
1209 1411 1303 1464 τοῦ
1343 1412 1570 1485 Ἀναμῆ,
1603 1413 1664 1476 ὃς
1699 1430 1830 1468 κατ-

255 1504 420 1576 έγραψε
452 1503 677 1574 βιϐλίον
714 1505 930 1574 Λόγων
959 1502 1267 1558 Βασιλέων
1317 1504 1531 1559 Ἰούδα·
1583 1505 1655 1560 τὰ
1702 1507 1830 1578 περ)⁸

261 1598 378 1660 tua;
403 1597 504 1650 ἐπὶ
533 1597 645 1668 τὴν
666 1596 896 1668 γραφὴν
923 1595 1028 1650 τῶν
1053 1595 1366 1651 Βασιλειῶν·
1394 1597 1462 1651 τὰ
1500 1599 1628 1671 περὶ
1667 1600 1828 1670 Ἀμε-

252 1688 318 1741 σίιι
345 1688 433 1740 ἐπὶ
467 1686 691 1757 βιϐλίον
720 1686 999 1742 Βασιλέων
1031 1686 1198 1741 Ἰούδα
1219 1688 1310 1740 καὶ
1337 1687 1570 1759 Ἰσραήλ·
1600 1687 1668 1742 τὰ
1703 1689 1832 1761 περὶ

259 1779 424 1846 Ὁζίου,
465 1779 717 1845 Ἰεσσίας
763 1783 796 1835 ό
855 1783 1157 1853 προφήτης·
1193 1781 1263 1834 τὰ
1294 1783 1422 1854 περὶ
1468 1781 1706 1853 Ἰωάθαμ
1737 1783 1830 1837 ἐπὶ

1930 588 1988 637 et
2014 590 2256 652 tempora
2309 582 2779 653 conscripserunt,
2814 581 3090 651 propheta:
3122 579 3326 635 fuerint
3350 619 3365 644 ,
3407 579 3501 648 qui

1929 673 2160 743 singulis
2199 673 2537 744 temporibus
2566 673 2840 728 vixerunt.
2890 670 2961 726 Ut
2988 680 3172 725 autem
3220 668 3502 740 speciatim

1929 765 2058 835 quid
2085 766 2317 835 quisque
2345 767 2648 836 scripserit,
2679 771 3069 836 cognoscatur,
3110 777 3178 818 ex
3225 760 3502 829 Paralipo-

1931 859 2108 914 menis
2135 859 2238 915 ista
2273 858 2655 914 annotavimus
2683 877 2696 913 :
2734 857 2958 912 Davidis
2982 852 3244 910 historias
3268 851 3504 921 scripse-

1931 962 2058 1009 runt
2092 952 2334 1016 Samuel,
2365 950 2576 1006 Nathan
2604 960 2659 1005 et
2689 950 2804 1006 Gad
2832 949 3145 1020 prophetae;
3171 943 3501 1007 Salomonis,

1930 1045 2144 1100 Nathan
2174 1054 2231 1100 et
2273 1043 2443 1098 Achia
2476 1041 2751 1112 prophetae
2776 1059 2790 1107 ;
2815 1039 3102 1095 Jerohoam
3127 1076 3142 1102 ,
3191 1035 3428 1090 Samaaas
3450 1041 3503 1087 et

1922 1139 2085 1194 'Addo
2123 1137 2433 1208 prophetae;
2463 1136 2634 1199 Abite,
2671 1132 2831 1205 114
2861 1132 3014 1186 Λιιἀο
3045 1128 3328 1200 propheta.
3383 1124 3506 1180 Asse

1931 1231 2076 1287 facta
2103 1232 2372 1287 habentur
2416 1231 2471 1286 in
2497 1230 2634 1284 libro
2663 1227 2974 1284 Sermouum
3002 1225 3066 1280 de
3104 1221 3310 1294 regibus
3335 1217 3501 1273 Juda.

1929 1321 2212 1393 Josaphat,
2245 1321 2381 1377 Jehu
2410 1321 2695 1392 propheta,
2727 1319 2871 1374 ﬁlius
2902 1318 3130 1383 Aname,
3158 1314 3251 1386 qui
3308 1312 3504 1367 librum

1933 1415 2244 1472 Servianum
2273 1415 2337 1470 de
2371 1415 2578 1486 regibus
2604 1411 2635 1466 .Ι
2644 1412 2749 1467 uda
2798 1411 3038 1481 scripsit.
3071 1407 3203 1475 Qua!
3230 1405 3358 1460 Joas
3383 1417 3508 1476 ges-

1932 1509 2020 1573 sit,
2039 1509 2209 1564 relata
2239 1516 2368 1563 sunt
2399 1508 2455 1561 in
2480 1506 2806 1576 scripturam
2836 1502 3144 1573 Regnorum
3166 1510 3335 1569 ;'qua:
3347 1497 3508 1550 Ama-

1932 1601 2069 1664 sias,
2101 1599 2156 1654 in
2189 1599 2328 1653 libro
2358 1605 2486 1655 sunt
2510 1612 2698 1668 regum
2719 1594 2859 1650 Juda
2880 1603 2934 1648 et
2952 1590 3155 1658 Israel;
3187 1604 3306 1660 qua:
3322 1586 3504 1650 Ozias,

1930 1689 2153 1760 scripsit
2182 1687 2351 1744 Isaias
2387 1689 2689 1758 propheta;
2723 1699 2845 1756 quae
2887 1682 3161 1742 Joatham,
3195 1685 3324 1734 sunt
3352 1679 3406 1732 in
3438 1676 3506 1728 li-

1933 1782 2036 1836 bro
2061 1779 2269 1852 Regum
2300 1788 2352 1836 et
2374 1779 2512 1835 Juda
2542 1789 2595 1833 et
2641 1777 2844 1841 Israel;
2889 1789 3011 1845 quae
3047 1771 3252 1834 Achaz,
3279 1770 3334 1824 in
3367 1767 3507 1822 libro

248 1873 416 1944 βιϐλίον
436 1874 556 1927 τῶν
579 1874 875 1929 Βασιλέων
890 1876 1056 1930 Ἰούδα
1071 1876 1163 1928 καὶ
1177 1874 1409 1946 Ἰσραήλ·
1427 1875 1496 1928 τὰ
1511 1877 1638 1948 περὶ
1671 1877 1828 1948 Ἀχὰζ

1936 1873 2207 1929 habentur
2239 1872 2446 1944 Regum
2476 1871 2614 1926 Juda
2641 1878 2696 1926 et
2720 1868 2922 1934 Israel;
2953 1882 3074 1938 qua:
3102 1863 3328 1920 Ezekias
3359 1859 3508 1922 fecit,

247 1968 317 2022 ἐπὶ
346 1968 554 2039 βιϐλίον
580 1967 874 2022 Βασιλέων
889 1967 1056 2022 Ἰούδα
1079 1969 1170 2022 καὶ
1185 1968 1418 2040 Ἰσραήλ·
1434 1968 1502 2022 τὰ
1524 1971 1653 2041 περὶ
1680 1971 1831 2034 Ἐζε-

247 2061 362 2128 ιιίου,
398 2063 649 2126 Ἡσαΐας
683 2061 807 2127 υίὸς
857 2060 1036 2133 Ἀμὼς
1066 2062 1094 2114 6
1127 2062 1430 2134 προφήτης·
1464 2061 1532 2115 τὰ
1565 2063 1692 2133 περὶ
1718 2064 1833 2117 Μα-

243 2154 390 2222 νασσῆ
415 2154 516 2206 ἐπὶ
548 2154 760 2218 Λόγον
798 2150 922 2206 τῶν
946 2151 1234 2222 ὁρώντων·
1253 2152 1323 2206 τὰ
1356 2154 1484 2224 περὶ
1499 2154 1701 2207 Ἰωσίου
1738 2154 1832 2208 ἐπὶ

245 2238 422 2308 βιϐλίον
449 2241 748 2295 Βασιλέων
795 2239 986 2294 Ἰούδα·
1041 2241 1109 2296 τὰ
1164 2244 1293 2314 περὶ
1338 2243 1592 2316 Ἰωακεὶμ
1621 2244 1715 2298 ἐπὶ
1749 2244 1830 2315 βι-

244 2331 368 2386 ϐλίον
398 2333 694 2388 Βασιλέων
740 2332 914 2388 Ἰούδα
934 2333 1028 2389 καὶ
1063 2335 1294 2407 Ἰσραήλ.

531 2447 798 2501 Βιϐλίων·
820 2447 920 2512 ιβ’,
955 2445 1215 2514 Ἔσδρας
1239 2453 1288 2504 α’
1321 2447 1514 2513 xaiﬁ'.

295 2537 379 2593 20.
407 2536 603 2592 Ταῦτα
656 2535 732 2590 τὰ
785 2535 1082 2606 δύοβιϐλία
1111 2539 1240 2610 παρ’
1268 2537 1432 2592 αὑτοῦ
1469 2539 1677 2594 ἐκείνου
1705 2557 1832 2596 συν-

244 2630 571 2702 εγράφησαν,
638 2622 704 2684 οὗ
769 2627 869 2684 καὶ
919 2629 1017 2702 τὴν
1088 2630 1399 2704 ἐπιγραφὴν
1455 2631 1828 2706 ἐπιφέρονται.

243 2713 391 2785 Οὗτος
420 2722 538 2794 γὰρ
574 2721 848 2792 Ἔσδρας,
892 2721 1069 2787 ἱερεὺς
1090 2721 1165 2775 ὢν
1194 2723 1287 2776 καὶ
1306 2723 1686 2796 ἀναγνώστης,
1735 2726 1825 2792 ἐξ·

243 2813 440 2882 ηγεῖται
459 2812 564 2884 τὴν
585 2811 861 2866 ἐπάνοδον
877 2811 986 2866 τῶν
1013 2812 1144 2866 υἱῶν
1159 2812 1396 2886 Ἰσραὴλ,
1426 2816 1529 2887 τὴν
1557 2817 1666 2870 ἀπὸ
1695 2817 1831 2890 Περ-

243 2905 370 2970 σίδος
391 2908 472 2970 είς
493 2907 598 2978 τὴν
635 2905 1002 2978 Ἰερουσαλὴμ
1038 2907 1356 2979 γενομένην.
1392 2908 1504 2963 Καὶ
1532 2909 1591 2962 ἐν
1627 2907 1728 2980 μὲν
1751 2910 1831 2981 τῷ

242 2994 429 3067 πρώτῳ
503 2995 703 3068 βιϐλίῳ
758 2995 1137 3068 διαλαμϐάνει,
1184 2997 1331 3062 δταυς
1376 2997 1571 3068 γέγονε
1621 3001 1692 3055 τὰ
1731 3001 1832 3071 τῆς

238 3089 490 3143 ἐπανόδου
525 3091 586 3143 ἐν
616 3089 770 3161 χειρὶ
817 3088 996 3162 Ἰησοῦ
1030 3089 1124 3143 τοῦ
1171 3090 1436 3156 Ἰωσεδὲκ,
1471 3092 1569 3147 καὶ
1603 3094 1828 3166 Ἔσδρα,

1935 1965 2158 2035 scripsit
2187 1964 2353 2022 Isaias
2383 1966 2646 2035 propheta
2681 1961 2828 2016 ﬁlius
2856 1963 3054 2026 Amos;
3084 1972 3204 2028 qua:
3235 1954 3509 2016 Manasse,

1933 2055 2105 2110 relata
2139 2063 2270 2110 sunt
2317 2056 2374 2110 in
2424 2068 2716 2110 sermonem
2748 2051 3080 2113 videntium;
3131 2062 3254 2119 qua:
3302 2043 3508 2106 Josias,

1932 2147 1989 2202 in
2019 2147 2162 2203 libro
2190 2155 2320 2204 sunt
2365 2146 2574 2217 Regum
2602 2144 2782 2210 Juda;
2817 2158 2938 2214 quae
2977 2140 3226 2206 Joakim,
3281 2139 3338 2194 in
3371 2137 3510 2192 libro

1933 2241 2204 2299 habentur
2223 2241 2432 2315 Regum
2455 2239 2595 2298 Iuda
2627 2250 2682 2297 et
2716 2239 2903 2298 Israel.

2060 2450 2215 2506 Liber
2243 2447 2396 2515 XII,
2451 2447 2872 2517 Esdrwfprimus
2915 2455 2962 2500 et
3002 2440 3261 2498 secundus
3292 2441 3424 2511 (I3).

2001 2543 2092 2600 20.
2134 2541 2201 2596 Ili
2226 2540 2337 2596 duo
2364 2541 2491 2596 libri
2520 2539 2590 2594 ah
2627 2553 2694 2594 eo
2725 2537 3025 2608 conscripti
3071 2543 3222 2599 sunt,
3257 2533 3416 2603 cujus
3455 2537 3512 2586 et

1934 2633 2346 2705 inscriptionem
2387 2629 2704 2704 praeferunt.
2746 2629 2951 2685 Esdras
2984 2627 3132 2684 enim
3168 2627 3271 2682 iste
3320 2637 3511 2679 sacer--

1933 2730 2032 2785 dos
2053 2734 2106 2784 et
2135 2727 2306 2782 lector
2333 2741 2457 2780 cum
2480 2733 2646 2789 esset,
2678 2722 2916 2790 reditum
2971 2720 3210 2776 ﬁliorum
3252 2717 3416 2774 Israel
3445 2731 3512 2772 ex

1932 2821 2155 2879 Perside
2203 2820 2271 2874 ad
2321 2817 2664 2880 Jerusalem,
2717 2816 3013 2871 enarravit.
3070 2812 3128 2868 In
3163 2813 3342 2884 primo
3373 2810 3512 2864 libro

1932 2915 2117 2982 tradit,
2143 2912 2417 2984 quomodo
2447 2925 2580 2966 cura
2623 2910 2830 2965 reditus
2879 2907 3045 2964 fuerit
3079 2908 3134 2962 in
3183 2921 3348 2960 manu
3381 2902 3512 2960 Jesu

1933 3007 2028 3062 lilii
2055 3005 2307 3070 Josedec,
2338 3011 2392 3060 et
2430 3003 2649 3067 Esdrm,
2681 3010 2734 3058 et
2788 3000 3089 3056 Zorobabel
3113 3040 3129 3065 ,
3182 3009 3236 3055 et
3277 2996 3514 3052 Neemite

1930 3099 2166 3157 eunuchi
2191 3097 2384 3154 Judaei.
2417 3096 2648 3153 Occasio
2675 3111 2803 3151 vero
2839 3094 3047 3149 reditus
3078 3093 3191 3148 haec
3221 3091 3354 3146 fuit:
3379 3089 3515 3145 Tres

240 3185 327 3236 καὶ
347 3183 681 3256 Ζοροϐάϐελ,
739 3184 839 3238 καὶ
892 3183 1104 3256 Νεεμία
1136 3183 1389 3255 εὐνούχου
1441 3186 1718 3241 Ἰουδαίου.
1764 3187 1828 3242 Ἥ

1934 3195 2136 3250 milites
2160 3207 2342 3265 regem
2376 3190 2749 3246 custodientes
2774 3231 2788 3256 ,
2831 3203 3061 3258 quorum
3091 3201 3236 3241 unus
3264 3192 3380 3241 erat
3405 3182 3514 3238 Zo-

234 3275 291 3331 δέ
315 3277 587 3348 πρόφασις
627 3278 736 3349 Ωῆς
767 3277 1029 3330 ἐπανόδου
1075 3277 1234 3349 αῦτη·
1297 3279 1460 3350 Τρεῖς
1503 3281 1831 3351 στρατιῶται

235 3369 604 3439 φυλάσσοντες
661 3370 758 3423 τὸν
808 3369 1051 3440 βασιλέα,
1087 3364 1161 3425 ὧν
1201 3368 1282 3435 εἷς
1321 3367 1390 3444 ἦν
1421 3372 1450 3424 6
1503 3373 1828 3444 Ζοροϐάϐελ,

234 3461 425 3533 ήρισαν
455 3465 513 3518 ἐν
541 3460 924 3534 προϐλήματι,
951 3462 1198 3535 τεθείσης
1253 3462 1585 3534 ἐπαγγελίας
1613 3465 1830 3536 αίτῆσαι

233 3555 327 3608 τὸν
365 3556 627 3621 νικῶντα,
660 3556 804 3626 ὅπερ
835 3554 905 3609 ἂν
948 3555 1180 3629 ἐθελήσῃ
1212 3556 1363 3629 παρὰ
1387 3556 1482 3610 τοῦ
1543 3556 1826 3626 βασιλέως.

231 3646 342 3701 Τοῦ
374 3650 555 3704 τοίνυν
585 3650 711 3713 ἐνὸς
763 3647 1012 3711 εἰπόντος
1044 3650 1199 3719 νικᾷν
1257 3649 1350 3700 τὸν
1407 3643 1568 3711 οἶνον,
1619 3647 1714 3700 τοῦ
1775 3649 1831 3702 δὲ

232 3741 422 3813 ἐτέρου
462 3743 760 3814 εἰρηκότος
790 3741 951 3812 νικᾷν
999 3740 1090 3794 τὸν
1139 3740 1384 3812 βασιλέα,
1443 3743 1471 3794 6
1529 3741 1830 3814 Ζοροϐάϐελ

231 3828 531 3886 διετείνατο
563 3833 729 3903 νικᾷν
751 3831 855 3894 τὰς
886 3833 1166 3900 γυναῖκας,
1200 3831 1293 3884 καὶ
1331 3830 1470 3902 ὑπὲρ
1528 3831 1701 3884 πάντα
1731 3831 1830 3901 τὴν

231 3924 519 3996 ἀλήθειαν.
557 3928 674 3981 Καὶ
698 3925 889 3997 ἐπειδὴ
939 3923 1112 3979 ταῦτα
1146 3923 1384 3997 εἰρηκὼς
1435 3923 1709 3995 νενίκηκε,
1737 3925 1830 3978 καὶ

225 4016 463 4084 ἤκουσεν
498 4017 838 4091 αἰτήσασθαι
887 4016 916 4069 δ
947 4015 1212 4087 βούλεται,
1250 4016 1482 4086 ἠξίωσεν
1509 4017 1670 4080 αὐτὸς
1695 4018 1830 4086 ἀφε-

229 4106 397 4178 θῆναι
427 4113 529 4183 τὴν
570 4109 979 4182 αἰχμαλωσίαν,
1015 4110 1107 4162 καὶ
1133 4108 1554 4180 οἰκοδομηθῆναι
1590 4108 1688 4180 τὴν
1731 4110 1829 4162 Ἰε-

230 4203 541 4274 ρουσαλήμ.
579 4205 696 4257 Καὶ
743 4203 971 4271 γέγονεν
1009 4201 1084 4264 ὡς
1135 4200 1358 4271 ἠξίωσε·
1418 4203 1512 4254 καὶ
1567 4201 1830 4273 ἀφείθηὴ

232 4293 606 4355 αἱχμαλωσία.
643 4294 784 4348 Τότε
835 4293 946 4364 γὰρ
992 4292 1284 4364 ἐπληρώθη
1330 4294 1424 4346 καὶ
1472 4293 1540 4347 τὰ
1572 4293 1831 4365 ἐξήκοντα

235 4376 339 4448 ξ⁴¹ῗ¹¹ἶ
360 4379 455 4449 τῆς
478 4387 670 4450 ὀργῆς.
696 4388 822 4440 Εἰσὶ
849 4387 907 4440 δὲ
939 4388 986 4440 oi
1045 4385 1340 4449 ἀναϐάντες
1374 4385 1483 4438 ἀπὸ
1510 4385 1608 4456 τῆς
1629 4386 1830 4456 αἰχμα-

233 4466 439 4534 λωσίας
465 4472 576 4524 ἀπὸ
617 4471 788 4524 Ἰούδα
807 4480 902 4532 mi.
937 4477 1216 4548 Βενιαμὶν,
1250 4477 1344 4530 καὶ
1371 4477 1417 4529 οἱ
1445 4475 1663 4529 Λευῖται
1698 4477 1832 4530 πάν-

1933 3282 2178 3347 rohahel,
2207 3281 2355 3337 circa
2376 3281 2731 3352 quaestionem
2757 3279 3050 3350 quamdam
3083 3275 3514 3340 contendebant,

1933 3373 2077 3428 facta
2111 3373 2507 3444 promissione,
2546 3381 2604 3425 ut
2634 3371 2728 3440 qui
2779 3370 3066 3433 vinceret,
3114 3385 3144 3422 a
3178 3384 3304 3439 rege
3354 3367 3516 3438 quid-

1932 3467 2062 3539 quid
2089 3467 2251 3522 vellet
2299 3472 2528 3538 peteret.
2583 3463 2718 3520 Cum
2773 3464 2984 3535 primus
3033 3463 3261 3517 dixisset
3318 3459 3515 3515 fortius

1933 3574 2056 3616 esse
2082 3560 2292 3624 vinum,
2326 3558 2463 3612 alter
2511 3556 2792 3611 fortiorem
2824 3571 2946 3610 esse
2973 3570 3177 3625 regem,
3212 3551 3517 3608 Zorobabcl

1932 3652 2210 3706 contendit
2241 3650 2496 3706 fortiores
2533 3665 2655 3704 esse
2692 3649 2972 3711 mulieres,
3004 3647 3395 3714 veritatemque
3423 3660 3512 3700 su-

1933 3760 2031 3816 per
2055 3744 2237 3798 omnia
2263 3743 2547 3798 excellere.
2590 3739 2716 3795 Ilazc
2749 3738 2879 3810 quia
2922 3739 3140 3793 locutus
3172 3735 3475 3792 Zorohabel
3496 3777 3512 3800 ,

1933 3833 2109 3888 victor
2134 3833 2305 3889 evasit
2336 3852 2348 3888 :
2382 3848 2506 3887 cum
2535 3831 2728 3904 jussus
2758 3837 2904 3885 esset
2931 3837 3117 3900 petere
3149 3827 3296 3899 quod
3327 3827 3512 3891 vellet,

1931 3925 2107 3998 petiit,
2132 3935 2190 3980 ut
2225 3925 2511 3996 captivitas
2555 3923 2877 3988 solveretur,
2909 3929 2962 3978 et
2995 3921 3297 3977 Jerusalem
3347 3919 3519 3975 aediﬁ-

1932 4023 2170 4071 caretur.
2227 4013 2404 4084 Atque
2433 4015 2506 4070 ita
2533 4023 2593 4068 ut
2624 4013 2816 4086 petiit,
2869 4012 3071 4067 factum
3101 4020 3186 4068 est
3213 4030 3226 4067 :
3259 4010 3518 4067 dimissa-

1932 4123 2040 4178 que
2079 4106 2506 4177 est'captivitas.
2537 4105 2691 4161 Tunc
2727 4106 2874 4161 enim
2927 4105 3190 4174 temporis
3235 4103 3518 4175 adimpleti

1932 4207 2089 4255 erant
2119 4200 2396 4269 sexaginta
2428 4201 2521 4255 ira:
2539 4199 2688 4254 anni.
2721 4198 2825 4265 Qui
2859 4212 2992 4252 vero
3023 4195 3457 4268 Hierosolymam
3487 4211 3520 4251 e

1932 4291 2247 4361 captivitate
2277 4291 2643 4346 ascenderunt
2675 4289 2742 4345 de
2771 4289 3024 4345 tribubus
3052 4287 3190 4343 Iuda
3229 4295 3281 4342 et
3321 4288 3518 4357 Benja-

1932 4381 2066 4444 min,
2092 4395 2217 4434 cum
2246 4378 2450 4436 Levitis
2479 4421 2494 4445 ,
2547 4380 2601 4434 in
2637 4381 2954 4434 universum
3011 4393 3241 4433 numero
3293 4375 3521 4432 fuerunt

1932 4471 2294 4540 quadraginta
2325 4470 2434 4526 duo
2457 4472 2628 4526 millia
2659 4471 2885 4527 trecenti
2917 4478 2971 4526 et
3004 4469 3305 4540 sexaginta.
3363 4467 3518 4524 Servi

234 4576 332 4624 τες
367 4563 496 4634 ὁμοῦ
527 4563 620 4616 τὸν
656 4562 894 4635 ἀριθμὸν
925 4570 1183 4636 μυριάδες
1238 4568 1503 4638 τέσσαρες
1543 4569 1637 4621 καὶ
1662 4567 1828 4638 δισχί-

1934 4580 2062 4618 vero
2097 4563 2316 4617 illorum
2367 4571 2422 4618 et
2455 4565 2686 4627 ancillae,
2712 4573 2917 4634 septem
2945 4566 3115 4620 millia
3155 4562 3383 4620 trecenti
3414 4563 3518 4616 tri-

232 4651 348 4707 λιοι
373 4657 458 4709 καὶ
518 4655 826 4729 τριακόσιοι
864 4656 962 4709 καὶ
993 4657 1275 4728 ἑξήκοντα·
1335 4661 1519 4724 παῖδες
1551 4661 1608 4714 δὲ
1640 4661 1821 4715 αὐτῶν

236 4747 338 4799 καί
371 4735 671 4810 παιδίσκαι,
702 4746 864 4812 ζτλδ⁹⁶
921 4751 970 4801 oi
1005 4749 1219 4821 ᾄδοντες
1258 4760 1396 4823 σμε’·
1429 4751 1664 4825 κάμηλοι
1699 4752 1827 4806 υλε¹·

237 4836 354 4892 ϐνοι
387 4842 528 4912 sine.
561 4843 673 4896 Kal.
697 4843 746 4894 οἱ
785 4841 888 4912 μὲν
914 4841 1318 4914 οίκοδομοῦντες
1345 4842 1486 4917 ἦσαν
1507 4847 1829 4916 Ζοροϐάϐελ,

239 4932 338 4983 καὶ
373 4932 568 5006 Ἰησοῦς
595 4937 625 4987 6
656 4933 749 4988 τοῦ
781 4935 1050 4999 Ἰωσεδὲκ,
1073 4936 1166 4990 καὶ
1178 4937 1552 5009 Νεεμίας·όδέ
1571 4941 1828 5013 Ἔσδρας,

243 5019 443 5095 ἀφυὴς
472 5025 547 5079 ὣν
581 5028 640 5078 ἐν
672 5024 754 5096 τῷ
783 5024 955 5096 νόμῳ,
989 5027 1148 5090 αὐτὸς
1195 5029 1526 5100 προεκόμισε
1551 5031 1641 5085 τὸν
1669 5033 1831 5101 νόμον

242 5115 338 5166 καὶ
370 5118 588 5187 ἀνέγνω,
626 5119 724 5173 καὶ
756 5117 1057 5172 διετύπωσε
1092 5119 1267 5174 πάντα
1299 5122 1365 5175 τὰ
1399 5122 1539 5176 κατὰ
1576 5123 1636 5175 τὸ
1662 5122 1824 5193 ἱερὸν,

244 5206 341 5258 καὶ
372 5211 485 5275 τοὺς
515 5211 756 5274 Λευῖτας
811 5210 979 5274 αὐτὸς
1038 5210 1236 5278 ἔδειξεν
1283 5213 1348 5265 ἐκ
1395 5213 1487 5266 τοῦ
1518 5214 1704 5283 νόμου,
1731 5215 1827 5268 καὶ

242 5295 482 5375 ἐποίησεν
521 5304 870 5378 ἐκϐληθῆναι
928 5303 1026 5366 τὰς
1082 5304 1388 5374 ἀλλογενεῖς
1421 5311 1686 5376 γυναῖκας
1718 5307 1826 5360 ἀπὸ

241 5389 349 5444 τῶν
396 5395 660 5453 λαϐόντων
705 5395 886 5457 αὐτὰς
942 5395 1002 5448 ἐν
1048 5395 1225 5468 καιρῷ
1277 5396 1378 5467 τῆς
1427 5398 1826 5470 αἰχμαλωσίας.

254 5479 514 5549 Ἐξέὗαιλον
569 5493 686 5565 γὰρ
765 5489 974 5552 πάντες
1039 5490 1133 5542 καὶ
1198 5489 1671 5562 ἐκαθαρίσθησαν,
1730 5491 1825 5543 καὶ

232 5572 477 5652 ιπίησαν
499 5586 560 5640 τὸ
583 5586 798 5656 Πάσχα
822 5582 1091 5654 νομίμως,
1119 5581 1196 5647 ὡς
1229 5582 1559 5654 γέγραπταιν
1595 5583 1690 5638 καὶ
1727 5582 1826 5652 τὴν

223 5677 483 5734 νηστείαν.
811 5716 820 5724 .
1405 5683 1412 5686 ·

1924 4656 2073 4727 ginta
2090 4665 2344 4728 quatuor.
2364 4658 2628 4714 Cantores
2645 4658 2860 4714 ducenti
2879 4659 3236 4731 quadraginta
3255 4657 3514 4729 quinque.

1928 4749 2137 4806 Cameli
2188 4750 2576 4823 quadringenti
2632 4753 2856 4824 triginta
2911 4753 3175 4825 quinque.
3213 4753 3369 4808 Asini
3422 4768 3521 4808 sex

1929 4843 2100 4897 millia
2125 4846 2450 4917 septingenti
2475 4845 2690 4917 viginti.
2733 4845 3116 4902 Ediﬁcatores
3149 4853 3329 4900 autem
3362 4852 3520 4898 erant

1931 4933 2234 4992 Zorohabel
2265 4944 2319 4994 et
2340 4936 2502 4993 Jesus
2541 4937 2686 4992 hlius
2713 4936 2946 4995 Josedec
2994 4945 3048 4994 et
3103 4937 3371 4991 Neemias.
3419 4933 3520 4988 Es—

1931 5027 2061 5085 dras
2093 5046 2242 5096 vero,
2265 5046 2391 5086 cum
2431 5039 2578 5087 esset
2611 5031 2803 5086 dexter
2836 5033 2891 5085 in
2926 5028 3237 5100 cognitione
3265 5025 3418 5096 legis,
3439 5027 3519 5079 le—

1931 5137 2050 5191 gem
2080 5124 2308 5192 protulit
2339 5131 2503 5194 atque
2554 5125 2723 5196 legit,
2779 5123 3168 5189 constituitque
3205 5127 3401 5172 cuncta
3449 5119 3514 5173 ad

1930 5215 2193 5284 templum
2246 5217 2614 5284 pertinentia,
2652 5226 2706 5272 et
2762 5215 2977 5271 Levitas
3005 5229 3223 5285 quoque
3281 5214 3400 5286 ipse
3450 5231 3521 5273 ex

1930 5307 2048 5377 lege
2071 5307 2409 5378 designabat.
2441 5308 2710 5364 Praeterea
2736 5317 2790 5364 et
2823 5308 3159 5378 alienigenas
3183 5323 3381 5363 uxores
3417 5309 3521 5364 ab-

1926 5398 2020 5469 jici
2072 5401 2284 5454 curavit
2323 5402 2560 5466 abillis,
2619 5401 2712 5472 qui
2758 5415 2852 5456 eas
2907 5408 3151 5470 tempore
3187 5401 3523 5471 captivitatis

1935 5488 2224 5544 duxerant.
2255 5492 2586 5562 Ahjecerunt
2616 5493 2760 5548 enim
2801 5491 2925 5548 illas
2960 5507 3172 5559 omnes,
3199 5503 3252 5549 et
3275 5493 3524 5550 mundati

1937 5592 2082 5648 sunt,
2117 5590 2170 5638 et
2204 5581 2437 5648 Pascha,
2472 5587 2616 5642 sicut
2653 5585 2919 5656 scriptum
2969 5592 3054 5642 est
3077 5627 3092 5653 ,
3150 5595 3206 5642 et
3254 5585 3524 5658 jejunium

1934 5673 2173 5746 legitime
2203 5686 2581 5732 servaverunt.
3447 5679 3452 5683 “

260 5852 272 5870 ,
289 5783 402 5870 (ίὸ)
433 5798 535 5860 Qui
561 5797 799 5870 primus
822 5789 1014 5846 Esdrae
1041 5791 1130 5846 hic
1152 5789 1376 5860 dicitur,
1399 5803 1485 5849 est
1507 5793 1566 5849 in
1590 5792 1821 5866 Vulgata
1859 5800 2079 5868 tertius,
2121 5813 2174 5859 et
2208 5801 2277 5858 ad
2300 5800 2510 5858 calcem
2529 5799 2833 5856 Bibliorum
2875 5801 3092 5870 positus
3145 5810 3299 5852 extra
3354 5803 3524 5848 cano-

207 5865 389 5939 nicos.
564 5865 583 5870 '
1177 5922 1182 5928 ε

611 5957 916 6020 ἷθΔτιιοι..
957 5953 1078 6018 Gn.
1109 5958 1436 6023 XXVIII.‘

3180 5953 3247 6013 11
