4008 6404
565 393 660 447 ὅῦΙ

533 525 542 538 ⁸
639 507 892 561 Secundo
947 507 1125 556 autem
1150 497 1288 552 libro
1318 493 1505 548 eadem
1561 489 1781 560 quidem
1833 487 1901 543 de
1956 486 2132 541 reditu
2163 489 2209 545 Α

567 598 841 670 Babylone
893 595 1002 658 ait,
1059 599 1250 663 praeter
1304 586 1660 657 problemata.
1714 581 1874 635 Plura
1911 596 2038 636 vero
2071 580 2138 634 de

566 691 786 746 Noemla
818 687 1066 744 eunucho
1091 680 1346 750 exponit,
1391 674 1665 747 quomodo
1708 685 1760 728 et
1803 674 1921 743 ipse
1953 672 2133 740 templi

565 781 974 839 aulilicationem
1002 772 1269 847 petiverit.
1304 769 1370 824 Et
1393 766 1665 839 quomodo
1690 765 1892 821 Esdras
1920 764 2136 834 quidem

563 873 788 932 lectoris
835 871 1148 938 fungeretur
1175 861 1369 926 ofﬁcio,
1401 859 1560 916 Jesus
1593 873 1722 913 vero
1755 867 1807 912 et
1838 855 2059 910 Banwas
2084 864 2140 910 et

556 965 732 1020 "Abias
763 959 1017 1032 populum
1052 953 1353 1010 erudirent.
1407 949 1563 1017 Quod
1595 947 1797 1002 Esdras
1853 945 2136 1000 scientiam

550 1054 778 1110 ‘Domini
809 1049 1035 1121 legendo
1066 1044 1412 1117 explicuerit,
1447 1042 1700 1113 populus,
1726 1054 1823 1110 per
1851 1037 2136 1093 lectionem

565 1148 732 1208 illius,
758 1159 877 1215 quae
908 1139 1152 1197 facienda
1177 1144 1334 1194 erant
1358 1133 1705 1197 intellexerit,
1733 1140 1786 1186 et
1816 1129 2024 1186 Pascha
2045 1144 2138 1183 ce-

562 1238 876 1296 lcbraverit.
925 1233 1229 1289 Servarunt
1261 1229 1429 1286 etiam
1483 1225 1752 1297 jejunium
1806 1237 1995 1278 mense
2049 1236 2138 1276 se-

564 1335 756 1407 ptimo,
791 1337 844 1386 et
879 1327 1078 1383 festum
1109 1319 1633 1381 Tabernaculorum,
1693 1315 1835 1371 sicut
1875 1312 2137 1382 scriptum

531 1405 670 1482 'est.
709 1441 727 1475 ι
766 1420 885 1478 Non
918 1418 1182 1480 fecerant,
1215 1411 1412 1483 inquit,
1439 1410 1507 1466 ad
1536 1409 1681 1464 hunc
1719 1406 1937 1462 modum
1970 1421 1999 1457 a
2027 1405 2140 1458 dic-

567 1519 670 1574 hus
697 1514 824 1571 Jesu
843 1513 939 1568 ﬁlii
964 1510 1133 1566 Nave.
1167 1527 1186 1559 ι
1212 1506 1416 1562 Esdras
1446 1518 1576 1559 vero
1610 1516 1734 1556 cum
1765 1499 1990 1554 vidisset
2018 1511 2139 1549 mu-

565 1611 727 1666 lieres
749 1605 968 1662 Azotias
1002 1601 1242 1659 Hebraeis
1265 1597 1519 1668 conjugio
1566 1593 1788 1664 junctus
1813 1609 1826 1646 :
1859 1591 2051 1660 lugens
2078 1601 2141 1641 ac

563 1702 812 1773 plorans,
844 1696 1042 1763 eil'ecit,
1065 1701 1126 1750 ut
1143 1706 1345 1749 omnes
1369 1687 1748 1760 promitterent
1770 1698 1828 1738 sc
1849 1682 2020 1751 legem
2049 1678 2140 1732 Dei

568 1772 905 1855 servaturos,
937 1797 992 1846 et
1023 1788 1181 1859 ejecit
1213 1784 1467 1840 mulieres
1502 1780 1646 1838 illas.
1677 1785 1934 1845 tanquam
1967 1772 2140 1842 illegi-

557 1887 704 1940 'timo
730 1883 983 1955 conjugio
1023 1881 1242 1952 junctas
1262 1919 1276 1946 ,
1326 1883 1380 1932 et
1417 1873 1676 1944 jurarunt
1707 1865 1944 1922 universi
1976 1879 2034 1920 se
2069 1865 2140 1919 le-
2173 1859 2213 1914 Β

566 1993 690 2051 gem
746 1983 1078 2033 servaturos.
1114 1972 1291 2042 Atque
1323 1969 1398 2023 ita
1451 1960 1779 2022 sanctiﬁcati
1807 1967 1864 2014 et
1895 1955 2141 2011 mundati

568 2069 853 2126 exhilarati
882 2073 1030 2129 sunt,
1065 2071 1119 2120 et
1145 2062 1279 2118 abiit
1308 2059 1540 2130 quisque
1575 2054 1630 2108 in
1686 2052 1909 2107 domum
1963 2062 2138 2104 suam.

566 2162 831 2217 Narratur
885 2168 1068 2214 autem
1104 2163 1159 2212 et
1185 2155 1290 2210 hoc
1333 2151 1400 2207 de
1438 2147 1633 2211 Esdra,
1661 2143 1807 2216 quod
1861 2157 1986 2197 cum
2019 2141 2142 2194 libri

565 2270 665 2325 per
710 2251 978 2307 incuriam
1031 2246 1212 2319 populi
1279 2258 1345 2298 ac
1395 2241 1713 2296 diuturnam
1775 2232 2141 2304 capthitatem

566 2346 879 2419 periissent,
911 2343 1026 2413 ipse
1060 2341 1204 2402 illos,
1239 2351 1364 2393 cum
1393 2335 1478 2388 vir
1509 2339 1655 2388 esset
1690 2325 1906 2383 honesti
1931 2323 2144 2380 studio-

567 2452 686 2504 sus,
712 2420 1038 2496 industrius,
1069 2438 1122 2486 et
1151 2431 1343 2490 lector,
1368 2423 1510 2494 apud
1541 2438 1600 2479 se
1625 2434 1815 2476 omnes
1837 2414 2148 2472 custodive-

567 2531 664 2599 rit,
686 2529 842 2600 115
873 2535 929 2583 et
966 2524 1185 2580 tandem
1214 2519 1530 2592 protulerit,
1563 2513 1929 2581 omnibusque
1979 2505 2148 2562 tradi—
2209 2568 2212 2570 η

561 2623 731 2687 ‘derit,
764 2628 926 2692 atque
961 2619 1035 2674 ita
1063 2615 1240 2670 Biblia
1269 2609 1586 2669 servaverit.

865 2749 1024 2810 Liber
1057 2750 1232 2817 XIII,
1266 2749 1594 2804 Psalterium
1623 2743 1861 2798 Davidis.

648 2869 748 2923 21.
775 2861 1020 2923 Tametsi
1064 2866 1156 2920 hic
1196 2862 1541 2919 Psalmorum
1587 2859 1724 2912 liber
1769 2856 1942 2911 solius
1984 2855 2149 2908 habet

575 2960 809 3017 Davidis
856 2958 1288 3029 inscriptionem,
1337 2955 1632 3008 multorum
1679 2961 1860 3005 tamen
1913 2947 2145 3001 aliorum

577 3068 804 3124 quoque
852 3052 910 3106 in
941 3050 1037 3104 illo
1083 3053 1213 3104 sunt
1267 3044 1501 3116 psalmi;
1544 3042 1754 3097 scilicet
1797 3039 2004 3109 Asaph,
2035 3037 2144 3091 ldi-

575 3147 752 3208 thum,
786 3143 1024 3198 ﬁliorum
1065 3139 1228 3204 Core,
1273 3137 1474 3210 Aggaei,
1515 3133 1810 3196 Zachariae,
1842 3139 1896 3185 et
1927 3127 2144 3183 {Emam

574 3236 856 3291 lsraelitze.
893 3233 1035 3289 Sunt
1067 3233 1230 3289 etiam
1269 3231 1538 3294 nonnulli,
1577 3229 1670 3300 qui
1706 3242 1814 3281 una
1862 3223 1930 3278 ab
1963 3221 2144 3277 omni-
2176 3215 2218 3272 C

576 3329 679 3384 bus
706 3336 836 3383 sunt
853 3327 1006 3391 dicti,
1033 3332 1304 3396 quotquot
1326 3323 1574 3379 videlicet
1594 3319 1853 3376 iAlleluia
1877 3338 1895 3370 ι
1922 3318 2142 3372 habent.

575 3423 769 3492 Itaque
815 3414 1020 3476 Esdras
1047 3436 1239 3476 omnes
1275 3420 1440 3474 hosce
1474 3417 1716 3489 psalmos
1747 3430 1776 3468 a
1804 3413 2150 3484 quibuscun-

578 3528 685 3584 que
715 3512 912 3568 'dictos
958 3527 1068 3567 uno
1105 3511 1420 3582 complexus
1463 3518 1547 3564 est
1594 3509 1755 3572 libro,
1791 3508 1885 3577 qui
1929 3503 2148 3576 quidem

579 3605 736 3675 quasi
761 3620 1080 3660 communes
1114 3597 1224 3659 sint
1262 3603 1457 3674 psalmi
1486 3613 1674 3656 omnes
1719 3616 1858 3670 quos
1883 3598 2148 3661 continet,

575 3695 923 3751 Psalmorum
969 3695 1108 3750 liber
1141 3704 1404 3761 vocatur;
1429 3693 1533 3749 soli
1563 3707 1691 3747 vero
1723 3682 1912 3743 Davidi
1955 3687 2154 3743 inscri-

575 3789 746 3852 bitur,
775 3788 905 3858 quia
938 3787 1030 3843 ille
1056 3787 1266 3857 primus
1289 3785 1541 3857 spiritum
1573 3783 1839 3855 psallendi
1871 3797 1900 3834 a
1925 3779 2036 3836 Deo
2063 3795 2155 3834 ac-

575 3880 745 3950 cepit,
784 3879 1108 3949 primusque
1133 3875 1375 3946 psalmos
1407 3875 1716 3945 composuit
1739 3880 1792 3928 et
1822 3872 2066 3942 scripsit,
2099 3878 2154 3926 et

527 4040 533 4045 _
578 3972 868 4041 praedictos
891 3970 1203 4042 psalmistas
1232 3969 1350 4038 ipse
1374 3984 1441 4022 ex
1472 3964 1850 4022 sacerdotibus
1875 3963 2064 4033 selegit
2091 3977 2156 4016 ac

578 4065 836 4130 instituit,
885 4063 1291 4132 stationemque
1341 4062 1588 4116 locorum
1629 4059 1761 4122 illis,
1807 4065 1869 4112 et
1907 4056 2154 4112 ordinem

579 4156 848 4220 melodiae,
900 4171 964 4210 ac
1013 4163 1230 4225 tempus
1280 4152 1547 4224 psallendi
1606 4150 1933 4222 matutinum
1966 4157 2020 4225 et
2063 4162 2156 4202 ve.

581 4248 887 4322 spertinum
947 4222 1332 4330 determinavit
1361 4262 1375 4298 :
1406 4254 1460 4301 et
1507 4246 1581 4300 ita
1625 4245 1902 4299 ordinavit
1954 4222 2013 4298 ut
2061 4242 2152 4297 alii

582 4350 792 4412 aperto,
846 4339 938 4394 alii
983 4339 1176 4394 clauso
1220 4337 1454 4408 templo',
1499 4337 1589 4391 alii
1635 4351 1667 4391 a
1701 4335 1928 4402 dextris,
1977 4335 2070 4390 alii
2127 4350 2156 4387 a

585 4433 827 4491 sinistris
861 4439 1108 4490 starent:
1141 4438 1303 4502 atque
1329 4430 1403 4484 ita
1430 4429 1652 4500 quidam
1700 4427 1809 4484 Deo
1837 4429 2156 4500 psallerent,

587 4525 913 4596 laudemque
957 4539 1020 4579 ac
1065 4523 1327 4596 hymnum
1387 4536 1520 4576 voce
1587 4528 1880 4586 canerent;
1938 4519 2158 4590 quidam

585 4631 716 4672 vero
740 4615 1142 4671 confessionem
1189 4629 1253 4669 ac
1285 4614 1499 4670 laudem
1547 4614 1850 4685 pulsarent,
1875 4612 1953 4666 illi
2000 4611 2057 4666 in
2081 4611 2162 4666 ci-

586 4706 766 4778 nyris,
813 4705 1064 4772 citharis,
1119 4704 1296 4761 nablis
1344 4719 1410 4759 ac
1460 4704 1749 4776 cymbalis,
1785 4701 1875 4758 isti
1921 4703 2068 4758 tubis
2103 4701 2160 4756 in

587 4798 878 4854 exaltando
901 4806 1281 4870 personarent.
1309 4796 1635 4853 Sacerdotes
1661 4796 1826 4868 igitur
1851 4796 1946 4865 qui
1977 4809 2161 4851 arcam

587 4888 685 4945 Dei
721 4891 822 4947 sub
854 4889 1054 4946 Davide
1091 4891 1406 4962 portabant,
1447 4897 1608 4944 erant
1655 4904 1885 4944 numero
1935 4888 2084 4943 mille
2109 4894 2163 4943 et

533 5057 536 5061 Ι
590 4982 699 5038 duo
726 5003 737 5038 :
769 4999 983 5054 nempe,
1014 4999 1078 5039 ex
1121 4983 1248 5039 ﬁliis
1279 4982 1474 5050 Caath,
1511 4981 1661 5037 Uriel
1687 4983 1941 5052 princeps
1982 4989 2035 5036 et
2062 4980 2167 5034 fra-

590 5079 706 5126 tres
737 5074 856 5141 ejus
894 5083 1113 5130 centuin
1153 5084 1210 5130 et
1255 5075 1477 5140 decem;
1520 5089 1587 5128 ex
1630 5073 1759 5128 ﬁliis
1809 5072 2025 5137 Mei-ari,
2059 5071 2168 5126 Asc

591 5166 930 5236 princeps-et
968 5166 1167 5222 fratres
1201 5167 1323 5238 cjus
1352 5167 1497 5234 250;
1524 5182 1590 5223 ex
1621 5165 1746 5220 ﬁliis
1774 5162 2018 5231 Gedeon,
2049 5163 2170 5218 Joel

592 5259 846 5330 princeps
865 5267 921 5314 et
947 5257 1143 5314 fratres
1165 5259 1286 5330 ejus
1309 5260 1446 5326 150;
1470 5275 1538 5314 ex
1567 5258 1694 5314 ﬁliis
1731 5259 2033 5328 Elisaphat,
2068 5256 2172 5311 Sa-

593 5368 758 5409 mutas
813 5354 1062 5426 princeps
1107 5365 1163 5411 et
1208 5355 1405 5411 fratres
1443 5356 1564 5424 ejus
1595 5353 1738 5421 200;
1767 5371 1832 5410 ex
1875 5354 2003 5410 ﬁliis
2027 5353 2169 5409 Che-

593 5445 752 5512 bron,
801 5446 945 5502 Ener
984 5447 1247 5518 princeps
1296 5457 1349 5502 et
1397 5445 1597 5502 fratres
1647 5447 1766 5516 ejus
1798 5446 1897 5511 80;
1941 5463 2003 5501 ex
2045 5445 2170 5498 ﬁliis

592 5536 762 5606 Eziel,
814 5539 1139 5594 Aminadam
1193 5539 1448 5611 princeps
1506 5546 1561 5594 et
1613 5537 1815 5595 fratres
1876 5537 1997 5607 ejus
2045 5535 2169 5591 112.

592 5627 792 5686 Ρεειιισε
814 5646 945 5686 vero
979 5626 1166 5686 selecti
1196 5645 1264 5686 ex
1285 5629 1420 5700 ipsis
1455 5637 1634 5692 erant,
1674 5629 1743 5686 de
1773 5630 1976 5700 quibus
2004 5641 2171 5697 supra

597 5723 803 5778 dictum
854 5736 962 5779 est.
1003 5722 1068 5776 lli
1116 5722 1182 5776 ad
1231 5725 1376 5778 hunc
1420 5723 1643 5778 modum
1707 5722 1941 5778 instituti
1968 5730 2119 5776 erant
2158 5739 2170 5774 :

539 5821 544 5823 ’
603 5812 782 5881 Asaph
805 5821 859 5867 et
888 5813 1108 5867 Alliam
1137 5813 1395 5869 ﬁliiCore
1423 5813 1690 5885 cymbalis
1719 5815 1885 5868 aeneis
1910 5828 2173 5883 persona-

603 5901 756 5972 Dant,
792 5914 850 5958 ut
891 5905 960 5961 ab
1002 5905 1256 5962 omnibus
1294 5906 1650 5974 audirentur;
1701 5905 2000 5961 Zacharias
2043 5920 2171 5964 vero

1751 373 1808 428 S.
1849 363 2312 425 ATHANASHIS.
2351 392 2421 402 —
2459 359 2687 418 DUBIA.

3708 342 3804 399 552

2320 481 2407 533 Ἐν
2435 478 2493 533 δὲ
2520 476 2597 548 τῷ
2625 474 2860 546 δευτέρῳ
2889 471 3032 542 λόγῳ
3062 468 3130 523 τὰ
3159 467 3298 522 αύτά
3340 466 3436 538 μὲν
3471 463 3633 519 πάλιν
3671 461 3805 532 λέγει

2243 575 2488 647 περὶτῆς
2506 569 2784 633 ἐπανόδου,
2804 565 2970 638 χωρὶς
2995 563 3102 618 τῶν
3124 561 3330 634 προϐλη
3340 560 3542 633 μάτων’
3561 557 3630 611 τά
3650 555 3808 610 πλείω

2242 667 2300 721 δὲ
2333 666 2608 737 ἐξηγεῖται
2630 661 2758 731 περὶ
2798 656 3034 729 Νεεμίου
3081 654 3175 708 τοῦ
3207 654 3480 725 εὐνούχου,
3504 653 3585 704 δτι
3613 650 3704 704 καὶ
3727 649 3810 703 αὖα

2242 761 2333 823 τὸς
2363 758 2562 830 ἠξίωσε
2593 754 2722 826 περὶ
2747 751 2844 822 τῆς
2871 747 3157 818 οἰκοδομῆς
3202 745 3296 799 τοῦ
3324 744 3490 816 ἱεροῦ,
3526 743 3622 796 xui.
3667 741 3745 793 ὅτι
3783 740 3810 793 6

2246 854 2344 925 μὲν
2367 824 2600 920 ’Ἔσδρας
2642 824 3004 914 ἀνεγίνωσκεν
3042 857 3057 874 ο
3098 837 3305 910 Ἰησοῦς
3365 836 3422 888 δέ
3441 835 3544 888 καὶ
3585 824 3809 896 Βαναίᾶς

2237 923 2339 1000 καὶ
2371 942 2554 1004 ’Δϐίας
2609 935 2750 1008 ἦσαν
2803 933 3166 998 συνετίζοντες
3197 929 3287 982 τὸν
3340 928 3486 981 λαόν.
3523 923 3634 978 Καὶ
3670 925 3699 976 6
3723 923 3811 993 μὲν

2247 1038 2482 1109 ’Ἔσδρας
2506 1030 2890 1101 ἀναγινώσκων
2913 1023 3210 1080 διέστελλεν
3236 1021 3514 1091 ἐπιστήμῃ
3538 1015 3758 1088 Κυρίοψ
3785 1015 3810 1068 ὀ

2234 1131 2301 1185 se
2331 1105 2459 1192 λαὸς
2517 1126 2748 1196 συνῆκεν
2796 1123 2854 1174 ἐν
2893 1120 2958 1190 τῇ
2999 1112 3322 1184 ἀναγνώσει,
3353 1112 3447 1164 καὶ
3501 1107 3722 1178 ἐποίησε
3757 1105 3814 1158 τὸ

2243 1223 2458 1293 Πάσχα.
2491 1219 2601 1273 Καὶ
2631 1215 2707 1287 τῷ
2739 1213 2948 1284 ἑϐδόμῳ
2978 1209 3107 1282 μηνὶ
3135 1205 3396 1276 ἐποίησαν
3431 1202 3528 1272 τὴν
3547 1198 3810 1271 νηστείαν,

2245 1315 2338 1369 καὶ
2365 1289 2461 1383 τὴν
2499 1304 2896 1379 Σκηνοπηγίαν,
2920 1301 3004 1366 ὡς
3029 1300 3356 1371 γέγραπται’
3398 1294 3605 1356 UOH,»
3639 1289 3812 1374 φησίν,

2252 1427 2269 1458 ι
2300 1407 2401 1459 οὐκ
2429 1400 2692 1471 ἐποίησαν
2713 1397 2884 1460 οὕτως
2916 1395 3025 1448 ἀπὸ
3072 1391 3182 1444 τῶν
3218 1386 3439 1460 ἡμερῶν
3498 1381 3674 1456 Ἰησοῦ
3708 1369 3815 1434 υἱοῦ

2241 1495 2456 1566 Ναυῆ.)
2499 1491 2732 1562 Ἔσδρας
2755 1488 2832 1552 δὲ,
2869 1483 3129 1558 ἑωρακὼς
3162 1478 3508 1552 ἐπιμιγείσας
3563 1475 3818 1544 γυναῖκας

2259 1585 2546 1648 ’Λσωτίους
2571 1585 2683 1646 τοῖς
2744 1577 3036 1651 Ἑϐραίοις,
3073 1573 3351 1645 πενθήσας
3402 1569 3496 1623 καὶ
3561 1565 3815 1629 κλαύσας,

2247 1680 2469 1750 ἐποίησε
2506 1675 2712 1736 πάντας
2745 1667 3176 1740 ἐπαγγείλασθαι
3226 1664 3514 1736 φυλάττειν
3547 1660 3640 1714 τὸν
3666 1658 3819 1729 νόμον

2244 1774 2340 1828 τοῦ
2361 1770 2516 1825 Θεοῦο
2548 1767 2641 1823 καὶ
2674 1764 2894 1830 ἐξέϐαλε
2926 1762 3024 1826 τὰς
3071 1761 3333 1830 γυναῖκας
3381 1756 3456 1820 ῶς
3512 1751 3818 1823 παράνομον

2241 1865 2437 1936 γάμον·
2467 1861 2560 1914 καὶ
2588 1858 2808 1930 ῶμοσαν
2855 1854 3054 1915 πάντες
3104 1849 3336 1922 φυλάξαι
3372 1848 3462 1902 τὸν
3500 1845 3684 1916 νόμον.
3721 1841 3823 1896 Καὶ

2242 1935 2415 2020 οὕτως
2437 1951 2790 2024 ἀγιασθέντες
2823 1948 2918 2002 καὶ
2940 1942 3387 2017 καθαρισθέντες,
3415 1935 3822 2011 ηύφράνθησαν,

2243 2052 2339 2106 xui.
2375 2046 2614 2119 ἀπῆλθεν
2647 2043 2876 2104 ἕκαστος
2925 2041 3004 2102 είς
3028 2038 3116 2091 τον
3140 2032 3287 2090 οἶκον
3320 2030 3538 2087 ἐαυτοῦ.
3576 2029 3824 2098 Ἱστορεῖ-

2243 2159 2332 2195 ται
2352 2139 2409 2192 δὲ
2433 2137 2525 2193 καὶ
2560 2134 2720 2188 τοῦτο
2779 2129 2908 2202 περὶ
2942 2126 3035 2181 τοῦ
3087 2126 3312 2198 Ἔσδρα,
3341 2124 3445 2185 ὃτι,
3479 2117 3824 2189 ἀπολομένων

2243 2234 2350 2286 τῶν
2369 2230 2598 2302 ,βιϐλίων
2631 2225 2691 2291 ἐξ
2717 2223 2975 2296 ἀμελείας
3003 2219 3111 2274 τῶν
3165 2217 3330 2282 λαῶν,
3353 2215 3448 2270 xui.
3479 2214 3570 2267 διά
3607 2213 3704 2283 τὴν
3733 2226 3826 2262 πο-

2244 2300 2522 2396 λυχρόνιον
2544 2315 2940 2390 αἰχμαλωσίαν,
2977 2311 3136 2374 αὐτὸς
3162 2309 3418 2379 Ἔσδρας,
3447 2303 3735 2376 φιλόκαλος
3755 2300 3828 2353 ῶν

2247 2394 2590 2485 καιεύφυὴς,
2633 2409 2728 2464 καὶ
2774 2403 3152 2476 ἀναγνώστης,
3198 2399 3432 2470 ἐφύλαξε
3491 2397 3672 2450 πάντα
3711 2394 3827 2448 καθ’

2247 2507 2459 2571 ἐαυτὸν,
2489 2505 2582 2559 xui
2615 2500 2798 2556 λοιπὸν
2834 2499 3165 2572 προήνεγκε,
3202 2494 3295 2547 καὶ
3351 2492 3517 2545 πᾶσιν
3546 2487 3828 2550 ἐκδέδωκε,

2247 2601 2343 2655 καὶ
2364 2597 2534 2662 οὕτως
2559 2593 2882 2658 διασώζεται
2910 2592 2979 2646 τὰ
3003 2589 3202 2662 βιϐλία.

2551 2690 2794 2744 Βιϐλίων
2828 2693 2919 2756 ιγ’,
2963 2683 3301 2751 Ψαλτήριον
3331 2679 3532 2735 Δαϐίδ.

2318 2785 2408 2839 ει.
2442 2785 2504 2836 Ei
2546 2782 2640 2836 xui.
2670 2780 2764 2833 τοῦ
2795 2777 2960 2833 Δαϐἱδ
3005 2773 3317 2846 ἐπιγραφὴν
3343 2772 3455 2844 ἔχει
3490 2769 3655 2842 μόνου
3682 2766 3836 2821 τοῦτο

2252 2877 2314 2931 τὸ
2347 2876 2548 2948 βιϐλίον
2586 2874 2693 2928 τῶν
2722 2869 2990 2942 Ψαλμῶν,
3018 2867 3156 2922 ἀλλά
3194 2865 3402 2921 πολλῶν
3431 2864 3524 2918 xui.
3550 2862 3728 2917 ἄλλων
3760 2862 3836 2914 εί-

2255 2972 2340 3025 σὶν
2365 2973 2421 3023 ἐν
2450 2967 2625 3038 τούτῳ
2647 2965 2873 3036 ψαλμοὶ,
2899 2963 2993 3016 τοῦ
3025 2979 3084 3015 τε
3121 2961 3293 3029 Ἀσάφ
3324 2958 3592 3029 δηλονότι,
3612 2956 3710 3010 xui.
3734 2952 3837 3006 τῶν

2268 3063 2520 3132 Ἱδιθοὺμ,
2547 3059 2642 3113 καὶ
2669 3057 2777 3111 τῶν
2820 3055 2949 3108 υἱῶν
2983 3051 3151 3124 Κορὲ,
3191 3050 3286 3104 καὶ
3324 3047 3599 3118 Ἀγγαίου,
3631 3046 3729 3099 xui.
3749 3045 3840 3098 Ζα-

2250 3154 2462 3229 χαρίου,
2489 3153 2582 3206 καὶ
2621 3149 2800 3221 Αίμάν
2823 3145 2916 3200 τοῦ
2959 3143 3311 3217 Ἰσραηλίτου.
3345 3141 3467 3195 Εἰσὶ
3498 3139 3556 3192 δὲ
3599 3139 3695 3191 καὶ
3727 3153 3838 3190 κοι-

2252 3228 2360 3312 νῶς
2392 3245 2544 3318 παρά
2570 3243 2786 3298 πάντων
2820 3239 2956 3312 ὁμοῦ
2987 3237 3265 3310 εἰρημένοι
3291 3233 3466 3306 τινὴς,
3496 3233 3611 3285 ὅσοι
3642 3228 3841 3301 δηλαδὴ

2248 3342 2432 3412 ἔχουσι
2455 3338 2516 3392 τὸ
2553 3356 2571 3388 ι
2607 3333 2939 3406 Ἀλληλούῖα.
2969 3349 2988 3382 ι
3015 3330 3075 3383 '0
3091 3328 3220 3399 γοῦν
3241 3327 3496 3398 Ἔσδρας,
3516 3320 3843 3391 συναγαγὼν

2249 3411 2471 3496 τούτους
2513 3430 2722 3492 πάντας
2760 3429 2888 3490 τοὺς
2917 3425 3048 3494 παρ’
3080 3423 3312 3476 ἑκάστου
3343 3417 3672 3492 εἰρημένους
3711 3411 3847 3482 ψαλ-

2255 3527 2410 3598 μοὺς,
2441 3525 2521 3587 εἰς
2566 3521 2693 3592 μίαν
2731 3517 2993 3588 συνέθηκε
3030 3514 3240 3586 βίϐλον·
3273 3511 3368 3564 καὶ
3408 3508 3483 3572 ὡς
3512 3508 3613 3578 μὲν
3649 3503 3846 3560 κοινῶν

2250 3619 2418 3677 ὄντων
2445 3616 2662 3670 πάντων
2685 3611 2793 3667 τῶν
2817 3613 2874 3666 ἐν
2902 3610 3040 3680 αὐτῇ
3075 3603 3502 3678 περιεχομένων,
3534 3599 3725 3672 βίϐλος
3750 3613 3850 3651 κα·-

2250 3711 2422 3765 λεῖται
2454 3706 2740 3779 Ψαλμῶνδ
2794 3701 3160 3775 ἐπιγράφεται
3210 3697 3267 3751 δὲ
3313 3695 3472 3767 μόνον
3511 3692 3606 3745 τὸν
3656 3687 3847 3749 Δαϐὶδ,

2253 3803 2440 3874 ἐπειδὴ
2476 3801 2636 3865 αὐτὸς
2664 3796 2878 3870 πρῶτος
2919 3793 3100 3847 λαϐὼν
3135 3791 3196 3843 τὸ
3226 3787 3443 3858 πνεῦμα
3478 3783 3574 3838 τοῦ
3609 3781 3838 3855 ψάλλειν

2255 3896 2407 3967 παρὰ
2427 3894 2521 3948 τοῦ
2545 3890 2702 3956 Θεοῦ,
2732 3886 2951 3959 πρῶτός
2976 3902 3036 3939 τε
3064 3881 3332 3953 συνέθηκε
3355 3879 3450 3933 xui.
3479 3877 3690 3949 ἔγραψε
3721 3877 3855 3943 ψαλ-

2257 3964 2391 4060 μούς
2411 4004 2423 4016 ·
2467 3985 2591 4048 τούς
2625 4001 2685 4036 τε
2725 3978 3118 4054 προλεχθέντας
3149 3973 3366 4036 λοιποὺς
3389 3969 3728 4041 ψαλτῳδοὺς,
3754 3964 3855 4018 αὺ-

2259 4056 2350 4141 τὸς
2382 4077 2489 4132 ἀπὸ
2513 4077 2621 4129 τῶν
2653 4075 2844 4146 ἱερέων
2870 4069 3230 4140 ἐκλεξάμενος
3261 4063 3588 4123 διετύπωσε,
3624 4059 3724 4113 xui.
3753 4056 3858 4126 τήν

2255 4188 2316 4224 τε
2345 4168 2531 4223 στάσιν
2558 4167 2740 4229 αὐτοῖς
2757 4163 2866 4217 τῶν
2893 4162 3097 4225 τόπων,
3125 4159 3220 4214 xui.
3245 4157 3344 4231 τὴν
3370 4155 3523 4221 τάξιν
3550 4152 3653 4223 τῆς
3682 4149 3861 4221 μελῳ-

2258 4263 2397 4326 δίας,
2430 4260 2524 4314 xui.
2554 4258 2646 4312 τὸν
2677 4255 2870 4328 καιρὸν
2903 4255 2998 4309 τὸν
3026 4247 3283 4326 πρωῖνὸν,
3325 4247 3536 4303 καὶτὸν
3559 4239 3856 4328 ἐσπερινδῖ

2259 4323 2424 4424 ὥρισε
2463 4332 2556 4403 καὶ
2596 4323 2872 4412 διέταξεν·
2897 4345 3040 4398 ὥστε
3068 4323 3195 4406 τοὺς
3223 4341 3324 4413 μὲν
3360 4336 3720 4406 ἀνοιγομένυ)
3755 4323 3856 4380 τοῦ

2263 4441 2431 4514 ἱεροῦ,
2457 4442 2584 4503 τοὺς
2623 4439 2680 4492 δὲ
2711 4435 3051 4508 κλειομένου,
3089 4436 3184 4488 καὶ
3223 4434 3348 4486 τοὺς
3381 4430 3479 4492 μὲν
3522 4421 3589 4474 ἐκ
3635 4417 3857 4484 δεξιῶν.

2263 4511 2389 4600 τοὺς
2430 4534 2486 4588 δὲ
2520 4533 2579 4598 ἐξ
2607 4529 2911 4604 ἀριστερῶν
2945 4528 3183 4578 ἱστάναι·
3217 4517 3313 4571 καὶ
3359 4513 3553 4577 οὕτως,
3587 4514 3720 4576 τοὺς
3756 4511 3861 4583 μὲν

2267 4627 2510 4697 ψάλλειν,
2537 4623 2634 4677 xui.
2650 4603 2851 4684 αἰνεῖν,
2885 4616 2981 4670 xui.
3009 4613 3180 4686 ᾄδειν,
3215 4609 3309 4662 xui.
3341 4607 3529 4677 ὑμνεῖν
3559 4603 3654 4656 τὸν
3686 4604 3822 4657 Θεόν
3843 4621 3857 4633 ·

2267 4719 2392 4781 τοὺς
2420 4716 2475 4768 δὲ
2503 4713 2824 4785 ἀνακρούειν
2853 4705 3237 4778 ἐξομολόγησιν
3268 4697 3362 4752 καὶ
3387 4691 3536 4750 αἶνον
3557 4709 3574 4726 ⁶
3604 4695 3704 4748 καὶ
3729 4695 3868 4756 τοὺς

2271 4812 2370 4883 μὲν
2397 4803 2838 4878 ἀποφθέγγεσθαι
2883 4803 2940 4853 ἐν
2977 4795 3223 4870 κινύραις
3261 4791 3355 4847 xui.
3382 4788 3628 4854 νάϐλαις,
3663 4787 3763 4841 καὶ
3804 4787 3872 4840 ἐν

2271 4878 2597 4973 κυμϐάλοις·
2628 4897 2756 4960 τοὺς
2788 4894 2843 4947 δέ
2881 4893 2960 4955 είς
2997 4891 3058 4943 τὸ
3099 4887 3310 4958 ὑψῶσαι
3345 4885 3402 4936 ἐν
3445 4878 3763 4949 σάλπιγξιν.
3800 4881 3874 4932 υἱ.

2276 4995 2375 5066 μὲν
2413 4989 2505 5047 οὖν
2547 4992 2733 5062 ἱερεῖς,
2761 4987 2810 5040 οἱ
2845 4983 3208 5055 ἀναφέροντες
3251 4977 3347 5048 τὴν
3379 4973 3610 5028 κιϐωτὸν
3639 4972 3740 5025 ἐπὶ
3771 4969 3878 5023 τοῦ

2275 5061 2460 5147 λαϐἱδ,
2485 5061 2624 5154 ἦσαν
2662 5079 2825 5151 χίλιοι
2860 5076 2954 5129 xui.
2995 5072 3107 5135 δύο,
3150 5069 3350 5132 οὕτως·
3389 5063 3520 5118 υἱῶν
3559 5061 3725 5115 Καάθ
3762 5063 3882 5114 Οὐ-

2279 5177 2401 5252 ριὴλ
2426 5178 2454 5229 6
2485 5153 2668 5246 ἀρχῶν
2697 5171 2791 5224 xui
2823 5169 2873 5223 οἱ
2913 5165 3127 5233 ἀδελφοὶ
3168 5160 3348 5220 αὑτοῦ,
3379 5155 3473 5230 ρι”
3509 5153 3644 5208 υἱῶν
3677 5155 3889 5226 Μερα-

2281 5246 2367 5341 ρεὶ
2404 5267 2525 5320 Ἀσὲ
2558 5268 2586 5318 6
2626 5265 2808 5336 ἄρχων
2850 5259 2946 5313 καὶ
2979 5258 3027 5309 οἱ
3073 5252 3290 5322 ἀδελφοὶ
3336 5247 3524 5310 αὑτοῦ,
3569 5253 3647 5297 σν¹
3669 5263 3682 5275 ·
3739 5246 3890 5298 υἱῶν

2276 5333 2480 5414 rasas»
2517 5333 2719 5428 amnis
2739 5353 2920 5425 ἄρχων
2950 5349 3042 5402 καὶ
3073 5347 3122 5401 οἱ
3153 5342 3368 5412 ἀδελφοὶ
3398 5337 3584 5400 αὐτοῦ,
3614 5333 3692 5409 ρν⁹
3717 5353 3734 5366 ·
3769 5336 3897 5390 τῶν

2279 5447 2412 5501 υἱῶν
2447 5426 2738 5514 Ἐλισάιρατ
2767 5441 3016 5513 Σαμαίας
3046 5439 3075 5490 ὁ
3103 5437 3285 5509 ἄρχων
3315 5431 3408 5486 καὶ
3435 5432 3484 5483 οἱ
3521 5426 3757 5496 ἀδελφοὶ
3789 5428 3907 5480 αύ-

2277 5539 2395 5608 τοῦ,
2415 5545 2460 5592 σ¹
2480 5556 2491 5568 ’
2522 5536 2629 5592 τῶν
2656 5535 2785 5589 υἱῶν
2814 5532 3040 5605 Χεϐρὼν
3059 5530 3220 5600 Ἐνὴρ
3251 5529 3280 5579 ὁ
3308 5525 3489 5596 ἄρχων
3523 5521 3619 5574 καὶ
3645 5521 3697 5572 οἱ
3725 5520 3914 5573 ἀδελ-

2280 5631 2372 5701 φοὶ
2409 5627 2574 5683 αὐτοῦ
2606 5635 2690 5681 π’·
2722 5625 2831 5679 τῶν
2864 5622 2998 5678 υἱῶν
3035 5618 3236 5690 Ἐζιὴλ,
3279 5611 3588 5686 Ἀμιναδάμ
3688 5610 3914 5682 ἅρχων

2281 5695 2375 5777 καὶ
2413 5723 2462 5776 οἱ
2494 5719 2712 5788 ἀδελφοὶ
2743 5715 2932 5781 αὑτοῦ,
2967 5713 3066 5787 ριβ⁹
3088 5731 3102 5743 ·
3132 5713 3181 5765 οἱ
3206 5710 3265 5764 δέ
3293 5704 3560 5778 ψαλτῳδοὶ
3589 5703 3650 5770 ἐξ
3697 5695 3912 5788 αὐτῶν

2280 5811 2422 5886 ἦσαν
2466 5785 2814 5882 ὲκλεχθέντες
2855 5809 2906 5861 οἱ
2951 5785 3364 5876 προειρημένοι,
3412 5796 3503 5850 xui
3539 5790 3678 5859 ἦσαν
3736 5785 3922 5840 οὕτω

2282 5879 2660 5968 τύπωθέντες·
2697 5905 2725 5956 ὁ
2770 5902 2867 5972 μὲν
2907 5899 3078 5966 Ἀσάφ
3121 5895 3210 5949 xui
3256 5885 3437 5957 Αἱθάμ
3471 5883 3578 5936 υἱοὶ
3620 5879 3790 5949 K9?é
3842 5882 3926 5932 ἐν
