4008 6404
88 4689 120 5578 l}

266 377 340 436 555
1398 380 1479 434 SY
1491 379 1623 435 NOP
1635 378 1738 434 SlS
1783 379 2198 438 SCRIPTUBIE
2241 381 2508 438 SACBE.

268 515 542 585 κυμϐάλοις
579 517 837 585 χαλκοῖς
879 515 1284 587 ἀναφωνοῦντες
1316 518 1395 579 εἰς
1439 518 1500 569 τὸ
1533 517 1852 587 ἀκουσθῆναι

1963 530 2014 573 et
2045 519 2192 577 Oziel
2227 521 2701 590 Samiramothith,
2729 522 2906 588 Eloni,
2951 524 3124 590 Eliab,
3152 527 3398 591 Masaeas,
3433 530 3533 584 Ba-

273 611 396 661 πίσι·
424 610 742 680 Ζαχαρίας
772 612 834 664 δὲ
867 612 962 665 καὶ
986 609 1163 682 Ὀζιὴλ
1189 605 1628 683 Σαμειραμωϐὶϐ,
1647 611 1858 675 Ἠλωνὶ,

280 699 453 764 Tit-5.6,
496 701 810 765 Μασαίας,
856 701 1112 765 Βαναίας,
1145 705 1192 755 οἱ
1238 701 1332 755 τοῦ
1368 702 1620 772 Ἰδιϐοὺμ,
1662 705 1719 755 ὲν
1765 704 1862 756 νά-

277 792 391 855 ϐλαις
417 793 519 844 καὶ
543 793 892 864 ψαλτηρεῳο
920 795 949 846 6
971 795 1026 846 δὲ
1053 793 1352 857 Ματϐαίας,
1376 795 1470 847 καὶ
1501 795 1858 865 Ἐμφαναίας,

279 885 348 937 καί
372 884 632 948 Μαχαία,
671 889 779 940 καὶ
817 888 1113 958 Ἀϐδεδὼμ,
1150 888 1240 940 καὶ
1282 887 1452 949 Ἦεὶλ,
1493 888 1587 940 καὶ
1624 887 1804 950 Ὀζίας
1832 891 1860 941 6

279 973 348 1027 τοῦ
378 975 584 1044 Δίμὰν,
629 978 697 1029 ὲν
725 979 985 1051 κινύραις
1011 980 1105 1031 καὶ
1133 978 1408 1050 κιθάραις·
1443 980 1533 1032 καὶ
1561 980 1752 1032 Μασσὲ
1781 978 1857 1042 δὲ,

283 1066 354 1119 καὶ
381 1067 668 1134 Ἀγγαῖος,
697 1068 798 1121 καὶ
831 1070 1126 1142 Ζαχαρίας,
1159 1071 1250 1123 καὶ
1281 1070 1436 1133 Βανὲ,
1470 1070 1565 1124 καὶ
1599 1069 1856 1141 Ἐλιέζερ,

283 1161 319 1210 οἱ
356 1160 536 1228 ἱερεῖς,
576 1159 954 1225 σαλπίζοντες
1000 1164 1119 1225 ταῖς
1160 1160 1451 1229 σάλπιγξι·
1485 1161 1579 1214 καὶ
1619 1160 1856 1225 λοιποὺς,

284 1250 354 1314 οὓς
391 1251 643 1323 ἔγραψαν
692 1254 793 1306 καὶ
833 1249 1001 1319 οὗτοι,
1047 1252 1312 1323 ψαλμοὺς,
1347 1252 1426 1323 τῷ
1472 1253 1748 1323 Πνεύματι
1783 1252 1860 1322 τῷ

282 1344 394 1412 ἁγίῳ
427 1343 776 1414 κινούμενοι,
807 1347 906 1399 καὶ
941 1345 1162 1408 τούτους
1196 1344 1224 1395 6
1254 1344 1489 1417 Ἔσδρας
1515 1343 1714 1410 λαϐὼν,
1747 1347 1859 1407 τοῖς

281 1435 355 1488 τοῦ
393 1435 558 1488 Δαϐὶδ
601 1437 853 1507 ψαλμοῖς
902 1437 1303 1510 συνηρίϐμησε,
1350 1437 1444 1491 καὶ
1486 1438 1700 1492 πάντων
1743 1437 1857 1508 ἅμα

284 1526 491 1593 συνθεὶς,
533 1528 669 1599 μίαν
718 1528 930 1600 ταύτην
984 1529 1160 1599 βίϐλον
1188 1529 1430 1599 Ψαλμῶν
1465 1528 1738 1600 ἐποίησεν,
1782 1528 1857 1590 ὼς

282 1619 610 1692 προείρηται.
639 1621 964 1693 Διαιρετέον
992 1619 1082 1674 οὖν
1104 1621 1244 1674 οὕτω
1276 1620 1626 1692 περὶτούτων
1650 1619 1853 1688 σαφῶς.

288 1713 416 1766 Ἵδιοι
453 1713 554 1784 μὲν
577 1713 694 1786 γάρ
729 1715 874 1766 εἰσιν
905 1713 1072 1767 αὐτοῦ
1110 1712 1200 1766 τοῦ
1253 1713 1434 1781 Δαϐὶδ,
1470 1713 1583 1765 ὅσοι
1629 1714 1721 1765 καὶ
1759 1711 1856 1782 τὴν

286 1805 575 1876 ἐπιγραφὴν
596 1805 779 1869 οὕτως
798 1806 1003 1876 έχουσι,
1032 1825 1050 1857 ι
1075 1807 1180 1858 Τοῦ
1209 1806 1389 1867 Δαῦὶδ,
1422 1825 1438 1856 ι
1463 1808 1656 1871 οἵτινες
1681 1807 1856 1878 ὑπάρ-
1888 1855 1930 1908 Β

286 1893 654 1969 χονσινόὗτοιο
691 1899 796 1962 κε’,
830 1906 946 1964 κζ’,
975 1899 1074 1964 κζ’,
1098 1901 1204 1964 λς’,
1242 1906 1367 1970 ρνα’.
1403 1901 1464 1952 Οἱ
1489 1900 1545 1952 δὲ
1582 1899 1729 1970 παρὰ
1749 1901 1856 1953 τῶν

288 1992 438 2046 ἄλλων
471 1991 571 2062 μὲν
603 1991 982 2058 συντεθέντες,
1019 1992 1364 2054 ἁνατεϐέντες
1391 1991 1448 2043 δὲ
1473 1991 1620 2061 αὑτῴ
1653 1991 1730 2060 τῷ
1756 1995 1856 2044 Δα-

288 2084 374 2149 Εὶδ,
399 2086 504 2138 εἰσὶ
531 2085 697 2138 πάλιν
727 2085 848 2137 ὅσοι
871 2084 966 2137 καὶ
990 2082 1086 2155 τὴν
1107 2084 1414 2154 ἐπιγραφὴν
1435 2083 1634 2153 ὁμοίως
1654 2082 1852 2154 ἔχουσι,

291 2195 306 2226 ι
327 2176 394 2246 τῷ
412 2177 592 2241 Δαϐιδ,
661 2197 681 2228 ι
714 2177 940 2240 οἵτινες,
976 2177 1304 2247 ὑπάρχουσιν
1330 2175 1437 2228 οἵδε
1457 2191 1470 2204 ·
1508 2181 1577 2243 γ’,
1601 2175 1662 2241 δ’,
1691 2176 1750 2240 ε’,
1780 2183 1854 2241 ς’,

287 2267 340 2332 ζ’,
370 2276 436 2340 η’,
464 2269 530 2331 θ’,
574 2275 628 2330 ι’.
669 2277 761 2332 ια’,
800 2268 892 2338 ιβ’,
931 2275 1019 2338 ιγ’,
1053 2269 1132 2334 ιδ’,
1169 2275 1248 2334 ιε’,
1285 2275 1379 2334 ις’,
1420 2266 1504 2333 ιζ’,
1545 2273 1633 2340 ιη’,
1672 2267 1757 2332 ιϐ’.
1785 2276 1853 2332 κ’,

285 2366 378 2425 κα’,
406 2361 508 2432 κβ’,
539 2368 648 2430 κγ’,
684 2361 787 2424 κδ’,
834 2368 944 2433 κη’,
973 2361 1075 2425 κϐ’,
1105 2360 1170 2427 λ’,
1217 2360 1317 2425 λα’,
1359 2359 1460 2432 λβ’,
1490 2361 1593 2430 λγ’,
1628 2361 1721 2426 λδ’,
1759 2361 1854 2425 λε’,

285 2452 370 2518 λζ’,
402 2454 498 2517 λϐ’,
539 2460 613 2524 μ’,
661 2461 776 2524 μα’,
813 2453 927 2524 μϐ’,
969 2459 1033 2517 ν’,
1082 2460 1182 2518 να’,
1211 2453 1311 2524 νβ’,
1349 2454 1442 2517 νδ’,
1477 2461 1570 2519 νε’,
1600 2462 1707 2521 νς·’,
1757 2454 1851 2521 νίζ’,

285 2553 372 2616 νην,
397 2545 491 2608 νθι,
520 2544 583 2610 ει,
616 2545 716 2616 ιβ’,
747 2544 851 2615 εγ,
887 2545 980 2612 εδ,
1008 2543 1102 2609 ξς,
1132 2544 1232 2616 ιη’,
1265 2545 1359 2609 ξεν,
1394 2553 1456 2610 ον,
1487 2553 1588 2612 πει,
1633 2546 1703 2614 ι’,
1745 2547 1850 2618 ιβ’,

284 2640 378 2707 ιγ’.
427 2639 526 2707 ιβ’»
571 2646 674 2708 ιιέ,
729 2646 854 2708 ι-.ς’,
905 2639 1010 2706 κζ’,
1052 2645 1158 2711 κη’,
1203 2647 1265 2712 ρ’,
1312 2640 1412 2710 ρβπ
1465 2646 1566 2712 pr.
1617 2640 1714 2712 ρξ’.
1746 2647 1851 2712 ρη’.

285 2732 375 2802 ρθκ
401 2734 540 2804 ρλςκ
587 2733 718 2804 ρλξν
756 2733 898 2804 ρλη’ν
938 2733 1070 2805 ρλθ’ν
1106 2739 1214 2804 ρμ’ν
1249 2740 1394 2804 per.
1425 2731 1560 2803 ρμδο
1596 2731 1762 2785 Πάλιν
1795 2731 1852 2784 δὲ

283 2823 469 2877 τούτων
511 2825 622 2877 τῶν
670 2825 909 2894 ἐχόντων
943 2825 1276 2896 ἐπιγραφὴν,
1327 2843 1344 2874 ι
1381 2824 1471 2895 Τῷ
1515 2824 1698 2889 Δαδιδ,
1744 2843 1762 2876 ι
1802 2825 1852 2876 οἱ

283 2914 373 2982 μὲν
403 2916 536 2968 εἰσιν
559 2915 998 2987 ἐπιγραφόμενοι
1030 2917 1142 2979 καὶ,
1180 2934 1198 2965 ι
1230 2917 1322 2979 Εἰς
1351 2915 1520 2980 τέλος,
1553 2936 1572 2968 ι
1603 2918 1650 2969 οἱ
1677 2916 1731 2970 δὲ
1754 2917 1850 2987 μό-

279 3021 381 3068 νον,
420 3027 436 3056 ς
482 3007 737 3078 Ψαλμός.
792 3026 811 3059 ι
862 3009 974 3060 Καὶ
1014 3008 1062 3058 οἱ
1111 3008 1207 3077 μὲν
1251 3007 1464 3078 ἔχοντες
1517 3008 1846 3079 ἐπιγραφὴν,

283 3113 300 3145 ‹
331 3097 419 3159 Εἰς
438 3097 497 3148 τὸ
516 3096 672 3160 τέλος
699 3097 933 3166 Ψαλμὸς
961 3097 1039 3166 τῷ
1067 3097 1249 3161 Δαϐὶδ,
1286 3117 1303 3148 ι
1339 3097 1475 3151 εἰσὶν
1501 3090 1667 3151 οὗτοι·
1698 3099 1760 3164 δ’,
1785 3105 1846 3162 ε’,

3430 395 3534 450 554

1965 627 2130 675 meas,
2181 612 2438 676 ldithum,
2484 613 2539 666 in
2575 614 2752 668 nablis
2800 624 2854 669 et
2900 617 3186 685 psalterio;
3230 617 3529 684 Matthaeas,

1962 715 2014 758 et
2038 703 2412 775 Emphanazas,
2445 716 2497 761 et
2525 705 2746 772 Macaaa,
2779 715 2832 762 et
2871 706 3176 774 Abdedom,
3209 718 3263 764 et
3303 709 3442 779 l-leil,
3478 722 3532 768 et

1963 792 2124 849 Ozias
2176 795 2320 849 ﬁlius
2366 794 2588 860 Eman,
2642 797 2695 851 in
2727 798 2933 868 cinyris
2976 807 3029 853 et
3074 800 3323 857 citharis.
3358 803 3534 860 Masse

1961 901 2093 940 vero
2113 895 2165 939 et
2182 885 2408 956 Aggaeus
2437 895 2487 940 et
2507 887 2818 955 Zacharias,
2843 898 2895 944 et
2916 888 3079 955 Bane,
3097 900 3150 948 et
3169 890 3378 949 Eliezcr
3396 896 3530 966 (14),

1963 976 2298 1040 sacerdotes,
2339 977 2488 1032 tubis
2528 977 2869 1048 clangebant.
2906 980 2973 1035 Et
3005 984 3529 1055 reliquospsalmos,

1960 1085 2100 1140 quos
2143 1071 2231 1126 isti
2273 1086 2490 1141 quoque
2531 1069 2736 1141 Spiritu
2784 1081 2973 1129 sancto
3021 1081 3154 1131 moti
3188 1082 3532 1149 conscripse-

1960 1175 2106 1227 rant,
2137 1162 2341 1219 Esdras
2373 1162 2591 1219 Davidis
2627 1166 2853 1234 psalmis
2883 1167 3193 1237 conjunxit,
3222 1178 3277 1225 et
3317 1187 3384 1227 ex
3414 1186 3526 1226 om~

1960 1254 2122 1310 nibus
2153 1255 2227 1307 ita
2253 1253 2575 1310 coadunatis
2593 1271 2759 1310 unum
2778 1257 2923 1311 hunc
2943 1256 3278 1314 Psalmorum
3304 1262 3528 1327 librum,

1961 1354 2018 1400 ut
2047 1346 2253 1401 dictum
2282 1355 2384 1409 est,
2429 1347 2731 1402 constituit.
2769 1347 2867 1403 Est
2898 1357 3079 1406 autem
3115 1352 3258 1407 inter
3290 1356 3529 1424 psalmos

1958 1438 2194 1493 dilucida
2230 1437 2295 1492 ad
2323 1438 2468 1493 hunc
2511 1441 2730 1494 modum
2777 1442 3027 1509 ponenda
3057 1443 3359 1502 distinctio.
3391 1447 3530 1503 Sunt

1958 1529 2103 1584 enim
2146 1532 2364 1601 proprie
2408 1531 2646 1593 Davidis,
2683 1541 2951 1603 quotquot
3001 1535 3160 1590 istam
3203 1537 3404 1593 habent
3445 1540 3528 1595 in-

1958 1624 2334 1694 scriptionem,
2372 1642 2390 1674 ι
2430 1623 2671 1680 Davidis.
2705 1645 2723 1677 ι
2753 1624 3016 1681 Videlicet
3047 1629 3136 1682 isti
3163 1629 3285 1694 :25,
3317 1632 3409 1696 26,
3436 1633 3526 1697 27,

1957 1713 2046 1778 56,
2081 1713 2200 1768 151.
2228 1713 2332 1780 Qui
2363 1729 2494 1769 vero
2517 1715 2584 1768 ab
2616 1715 2738 1770 aliis
2768 1717 3078 1786 compositi,
3111 1717 3299 1774 Daridi
3335 1721 3527 1778 inscri-

1956 1804 2181 1868 buntur,
2221 1813 2350 1860 sunt
2393 1811 2660 1875 quotquot
2706 1807 3120 1877 inscriptionem
3167 1810 3326 1877 hanc,
3366 1831 3384 1864 ι
3427 1812 3532 1868 Da-

1957 1894 2089 1958 vidi,
2123 1917 2140 1948 ι
2175 1897 2428 1952 similiter
2468 1898 2704 1961 habent,
2751 1899 2843 1968 qui
2878 1899 3100 1969 quidem
3145 1912 3276 1958 sunt
3307 1904 3396 1959 isti
3430 1924 3444 1960 :
3474 1905 3528 1968 5,

1956 1986 2010 2048 4,
2050 1987 2102 2042 5.
2129 1986 2182 2049 6,
2210 1987 2259 2048 7.
2287 1988 2340 2049 8,
2373 1987 2544 2053 9,10,
2586 1988 2913 2054 11,12,15,
2945 1989 3403 2058 14,15,16,17,
3442 1993 3529 2058 18,

1959 2079 2046 2137 19,
2074 2077 2166 2141 20,
2188 2080 2280 2143 21,
2303 2079 2394 2142 22,
2436 2081 2526 2145 25,
2560 2081 2650 2145 24,
2694 2080 2785 2148 28,
2815 2081 2908 2148 29,
2952 2083 3041 2147 50,
3078 2084 3167 2151 51,
3194 2084 3282 2151 52,
3315 2086 3403 2147 55,
3436 2087 3530 2154 54,

1958 2171 2046 2233 55,
2068 2171 2158 2235 57,
2199 2171 2287 2237 59,
2317 2173 2406 2236 40,
2439 2173 2528 2234 41,
2565 2171 2654 2240 49,
2686 2173 2776 2238 50,
2814 2173 2902 2240 51,
2940 2175 3032 2240 52,
3065 2177 3153 2241 54,
3187 2178 3275 2241 55,
3313 2178 3403 2242 56,
3434 2179 3526 2244 57,

1959 2263 2048 2325 58,
2092 2263 2180 2327 59,
2210 2264 2301 2326 60,
2342 2264 2432 2326 62,
2465 2265 2554 2327 65,
2603 2265 2692 2326 64,
2729 2266 2821 2331 67,
2845 2265 2934 2333 68,
2961 2268 3050 2334 69,
3085 2270 3171 2333 70,
3199 2270 3289 2339 85,
3314 2272 3402 2338 90,
3435 2273 3528 2338 92,

1956 2355 2046 2417 95,
2089 2356 2178 2419 94,
2229 2357 2319 2423 95,
2358 2357 2445 2415 96.
2481 2358 2571 2419 97,
2617 2359 2708 2418 98.
2755 2359 3032 2426 100,102,
3077 2363 3209 2428 105,
3242 2366 3365 2427 107,
3402 2367 3527 2428 108.

1947 2437 2083 2511 109,
2128 2447 2246 2511 156,
2299 2447 2422 2510 157,
2474 2448 2598 2509 158,
2651 2448 2772 2516 159,
2817 2449 2942 2516 140,
2989 2452 3112 2516 145,
3160 2455 3280 2512 144.
3329 2456 3531 2512 Eorum

1955 2553 2106 2603 vero,
2151 2539 2244 2610 qui
2276 2540 2418 2594 hanc
2451 2536 2902 2611 inscriptionem,
2936 2562 2956 2596 ι
3003 2543 3214 2614 Davidi,
3255 2567 3274 2600 ι
3307 2549 3527 2611 habent,

1957 2631 2048 2686 alii
2078 2631 2472 2696 inscribuntur,
2509 2651 2527 2684 ι
2565 2632 2624 2687 1η
2656 2634 2855 2701 ﬁnem;
2891 2655 2910 2689 ι
2932 2637 3023 2690 alii
3051 2645 3286 2706 tantum,
3321 2659 3340 2692 ι
3378 2640 3532 2696 Psal-

1954 2738 2097 2780 mus.
2134 2744 2152 2776 ι
2201 2723 2304 2790 Qui
2339 2732 2519 2780 autem
2566 2722 2963 2793 inscribuntur,
3004 2747 3021 2792 ᾳ
3060 2729 3116 2783 1η
3168 2731 3329 2786 ﬁnem
3374 2731 3531 2787 Psal-

1955 2831 2078 2868 mns
2111 2815 2319 2879 Daviili,
2360 2837 2377 2869 ο
2413 2825 2541 2872 sunt
2581 2818 2714 2874 isti:
2745 2819 2802 2884 4,
2837 2820 2892 2884 5,
2926 2819 2979 2888 6,
3012 2820 3066 2884 8,
3096 2821 3270 2887 9,10,
3314 2823 3402 2890 11,
3437 2824 3524 2890 12,

1956 2907 2042 2968 15,
2079 2907 2166 2970 18,
2195 2907 2283 2971 19,
2309 2908 2401 2972 20,
2426 2909 2516 2972 21,
2550 2911 2642 2975 29,
2675 2911 2766 2976 50,
2797 2910 2887 2975 59,
2916 2911 3006 2973 40,
3041 2913 3128 2976 50,
3166 2913 3253 2980 64,
3289 2914 3378 2977 67,
3404 2916 3530 2978 108,

1957 2999 2078 3062 158,
2136 2999 2258 3054 159.
2307 2999 2408 3066 Qui
2465 3002 2844 3056 inscribuntur
2903 3010 3114 3057 tantum
3152 3023 3170 3057 ι
3236 3005 3446 3070 Daviili,
3504 3028 3521 3057 ι

1955 3091 2159 3161 absque
2202 3092 2292 3145 illa
2325 3092 2613 3160 particula,
2662 3111 2680 3144 ι
2712 3094 2770 3148 1η
2805 3093 2988 3158 ﬁnem,
3021 3096 3126 3148 »1ιί
3182 3105 3308 3151 sunt
3339 3113 3354 3151 :
3383 3100 3435 3160 5.
3475 3099 3526 3160 7,

278 3196 348 3253 ς’,
371 3196 438 3259 η’,
474 3191 540 3252 ϐ’,
579 3197 632 3253 ι’,
662 3197 753 3254 ια’,
789 3190 880 3261 ιβ’,
918 3196 1004 3258 ιγ’,
1050 3195 1138 3260 ιη’,
1174 3191 1257 3253 ιϐ’,
1285 3197 1354 3254 κ’,
1391 3198 1497 3256 κα’,
1525 3191 1627 3257 κθ’,
1661 3191 1726 3256 λ’,
1747 3193 1845 3258 λϐ’,

1955 3184 2042 3247 14,
2060 3183 2151 3246 22,
2171 3183 2260 3245 24,
2287 3185 2378 3247 28,
2409 3185 2498 3246 57,
2521 3184 2610 3249 42,
2636 3184 2722 3251 62,
2747 3185 2835 3247 95,
2866 3185 3061 3250 97,98,
3095 3186 3219 3252 107,
3253 3188 3377 3254 140,
3403 3189 3524 3246 142.

276 3286 347 3349 μ’,
377 3287 437 3343 ν’,
476 3280 568 3347 ξδ’,
603 3275 716 3347 ξς.
743 3288 848 3353 ρη’,
879 3281 1017 3352 ρλη’,
1056 3280 1184 3352 ρλϐ’.
1221 3282 1282 3334 Oi
1308 3281 1520 3351 ἔχοντες
1542 3282 1849 3354 ἐπιγραφὴν

277 3371 447 3438 μόνον,
486 3392 503 3423 ι
541 3372 634 3442 Τῷ
666 3372 855 3433 Δαϐὶδ,
895 3391 910 3422 ι
935 3373 1100 3442 χωρὶς
1125 3370 1240 3435 τοῦ,
1274 3390 1291 3422 ι
1331 3372 1423 3433 Εἰς
1448 3370 1620 3435 τέλος,
1660 3391 1678 3423 ι
1715 3373 1850 3425 εἰσὶν

271 3457 429 3516 aii-wi-
467 3470 535 3532 γ’,
568 3463 637 3527 ζ’,
664 3463 746 3527 ιδ’,
785 3461 892 3531 κβ’,
928 3461 1025 3526 κδ’,
1054 3467 1158 3532 κη’,
1198 3460 1294 3525 λζ’,
1342 3458 1449 3531 μβ’ν
1479 3460 1577 3531 ξβῧ
1609 3465 1715 3528 HT’.
1746 3463 1848 3528 ις’,

270 3558 375 3625 κη’,
421 3557 520 3627 ρξ’,
574 3562 692 3627 pp},
728 3553 879 3626 ρμβ’.
932 3553 1098 3606 Πάλιν
1133 3553 1189 3606 δὲ
1227 3551 1430 3606 τούτων
1469 3553 1579 3605 τῶν
1622 3553 1850 3623 ἐχόντων

271 3648 599 3720 ἐπιγραφὴν,
637 3665 658 3698 ‹
699 3647 798 3709 Εἰς
820 3646 882 3698 τὸ
907 3645 1055 3707 τέλος
1081 3643 1309 3715 Ψαλμὸς
1339 3643 1418 3715 τῷ
1450 3643 1634 3709 Δαϐὶδ,
1668 3664 1686 3694 ι
1719 3646 1853 3698 671:0-

269 3741 527 3812 διαίρεσις
554 3740 735 3811 αὖτη’
772 3739 824 3791 οἱ
869 3737 970 3808 μὲν
1006 3738 1112 3808 γὰρ
1139 3737 1533 3809 ἐπιγράφουσιο
1568 3757 1586 3786 ί
1623 3736 1853 3807 Ψαλμὸς

271 3831 424 3905 ᾠδῆς,
458 3853 476 3885 ι
513 3832 578 3897 δ’,
617 3831 690 3897 ξδ’
713 3847 726 3861 ·
756 3831 808 3884 οἱ
841 3831 921 3894 δὲ,
969 3848 986 3880 ι
1023 3829 1247 3899 Ψαλμδς
1292 3848 1310 3881 ι
1351 3828 1532 3899 μόνον,
1577 3835 1638 3892 ε’,
1672 3835 1743 3898 η’,
1785 3828 1848 3891 0',

273 3930 323 3984 ι’,
353 3932 434 3988 ια’,
467 3925 555 3995 ιβ’,
594 3932 684 3993 ιγ’,
718 3930 811 3994 ιη’,
843 3922 929 3985 ιϐ’,
953 3929 1022 3986 κ’,
1055 3929 1158 3986 κα’,
1190 3923 1254 3985 λ’,
1281 3921 1380 3984 λϐ’,
1415 3929 1487 3992 μ’,
1512 3928 1576 3984 ν’,
1610 3920 1708 3990 ξγ’,
1746 3929 1848 3993 ρτί,

275 4015 400 4086 ρλη’,
427 4017 568 4088 ρλϐ”
598 4020 629 4070 6
677 4016 738 4069 δὲ
785 4014 1188 4085 ἐπιγέγραπται
1237 4033 1256 4067 ί
1305 4015 1390 4067 Ἑν
1437 4014 1647 4085 ὕμνοις,
1681 4033 1698 4066 ι
1725 4014 1853 4084 ψαλ-

276 4107 372 4174 μδς
396 4116 477 4174 ς’·
514 4110 567 4163 οἱ
596 4109 656 4162 δὲ
701 4127 719 4158 ι
760 4106 984 4176 Ψαλμοὶ
1013 4106 1175 4178 ᾠδῆς,
1218 4126 1235 4158 ι
1275 4106 1378 4171 κϐ’,
1411 4107 1509 4174 Er.
1561 4108 1672 4160 Καὶ
1702 4107 1850 4159 ἄλλοι

274 4198 324 4251 δὲ
355 4201 663 4274 ἐπιγραφὴν
698 4201 800 4273 μὲν
825 4201 1056 4271 ἔχουσιν,
1093 4219 1110 4251 ς
1145 4202 1238 4264 Εἰς
1260 4201 1321 4252 τὸ
1347 4201 1498 4264 τέλος
1522 4200 1600 4270 τῷ
1629 4199 1844 4258 Δα6“ιδ,›

276 4287 389 4344 οὔτε
447 4295 502 4347 δὲ
570 4294 830 4364 Ψαλμὸς,
883 4292 1017 4346 ἀλλὰ
1065 4291 1316 4363 διάφορόν
1369 4309 1489 4345 τινα
1541 4291 1850 4362 ἐπιγραφὴν

280 4378 468 4448 έχουσι,
503 4387 598 4439 καί
627 4389 768 4439 εἰσιν
797 4380 966 4448 οὗτοι,
1003 4385 1088 4448 ιζ’,
1119 4385 1213 4448 λε’,
1238 4391 1338 4446 να’,
1365 4382 1462 4452 νβ’,
1501 4389 1601 4451 νγ’,
1631 4383 1724 4442 νδ’ς
1755 4389 1848 4445 νε¹ν

282 4477 382 4534 νίζ’,
417 4471 510 4536 νς,
541 4479 645 4543 νη’,
679 4476 780 4537 νϐ’,
822 4477 888 4543 ξ’,
930 4477 1031 4546 ξη’,
1063 4475 1159 4542 ξθ’.
1183 4475 1400 4528 Τούτων
1425 4473 1517 4528 οὖν
1559 4474 1666 4528 τῶν
1695 4475 1846 4545 ἐχόν-

1954 3276 2167 3332 Rursus
2198 3291 2387 3333 eorum
2407 3278 2497 3346 qui
2523 3277 2920 3343 inscribuntur,
2953 3296 2971 3329 ‹
3009 3279 3066 3332 1n
3095 3277 3256 3334 ﬁnem
3279 3277 3530 3338 Psalmus

1953 3368 2168 3432 Davidi,
2205 3389 2223 3420 ι
2257 3369 2372 3424 haec
2404 3379 2488 3424 est
2525 3369 2832 3426 subdivisio
2864 3370 3002 3424 :Alii
3036 3371 3195 3443 116
3217 3373 3531 3444 inscriptio-

1953 3477 2076 3516 nem
2125 3462 2346 3525 habent,
2393 3481 2407 3512 ι
2440 3460 2690 3515 Psalmus
2737 3461 2961 3526 cantici,
3004 3482 3023 3514 ι
3059 3463 3288 3529 scilicet,
3325 3465 3381 3529 4,
3420 3464 3527 3532 64;

1955 3555 2044 3608 alii
2086 3562 2318 3619 tantum,
2353 3571 2372 3604 ι
2404 3553 2673 3616 Psalmus,
2705 3572 2724 3604 ι
2757 3554 3030 3616 videlicet,
3067 3555 3121 3620 5,
3152 3556 3208 3620 8,
3236 3556 3291 3620 9,
3323 3557 3410 3622 10,
3440 3557 3527 3622 11,

1955 3646 2043 3708 12,
2075 3645 2274 3710 15,18,
2305 3645 2391 3708 19,
2426 3645 2517 3711 20,
2537 3644 2628 3708 21,
2658 3644 2744 3709 50,
2767 3645 2856 3709 59,
2882 3645 2974 3709 40,
3007 3646 3097 3710 50,
3126 3646 3215 3710 65,
3243 3647 3366 3712 108,
3400 3648 3526 3714 158,

1955 3737 2091 3802 159;
2119 3738 2212 3806 qui
2260 3752 2390 3791 vero
2427 3736 2726 3804 inscriptus
2769 3744 2873 3802 est,
2903 3753 2921 3786 ‹
2951 3735 3011 3790 1η
3040 3737 3281 3808 hymnis,
3329 3758 3348 3790 ι
3380 3741 3529 3810 psal—

1958 3843 2079 3882 mus
2101 3837 2203 3888 est.
2237 3828 2298 3891 6;
2339 3828 2431 3897 qui
2479 3843 2608 3883 vero
2650 3827 3049 3894 inscribuntur,
3090 3847 3108 3880 ‹
3144 3822 3348 3885 Psalmi
3397 3845 3530 3885 can-

1957 3919 2071 3982 tici,
2104 3939 2122 3972 l
2156 3919 2246 3986 29,
2279 3921 2366 3974 65.
2407 3919 2547 3974 Sunt
2579 3928 2632 3974 et
2659 3921 2774 3987 alii,
2817 3921 2911 3990 qui
2950 3921 3362 3991 inscriptionem
3405 3924 3530 3995 qui-

1955 4011 2076 4064 dem
2115 4012 2332 4071 habent.
2380 4030 2398 4063 σ
2447 4010 2506 4066 1η
2560 4012 2722 4067 ﬁnem
2777 4011 3003 4080 Davidi;
3044 4033 3063 4068 ι
3097 4014 3297 4072 Psalmi
3343 4024 3529 4075 tamen

1955 4103 2367 4170 inscriptionem
2400 4121 2509 4159 non
2565 4105 2786 4170 habent,
2821 4106 2916 4162 sed
2946 4107 3130 4174 aliam,
3159 4117 3214 4164 et
3244 4118 3373 4167 sunt
3410 4112 3525 4178 isti,

1955 4196 2042 4261 17,
2074 4196 2161 4261 55,
2185 4197 2274 4257 51,
2306 4196 2395 4261 52,
2431 4198 2520 4259 55,
2572 4197 2662 4262 54,
2691 4197 2778 4264 55,
2813 4198 2900 4264 56,
2925 4198 3014 4265 57,
3057 4199 3146 4266 58,
3179 4201 3270 4267 59,
3315 4202 3404 4266 60,
3435 4203 3524 4269 68,

1953 4287 2044 4342 69.
2077 4287 2280 4343 Horum
2317 4290 2410 4360 qui
2452 4289 2790 4346 diﬁ’erentem
2839 4291 3042 4346 habent
3084 4294 3522 4363 inscriptionem,

1953 4381 2094 4437 alius
2143 4382 2484 4446 inscribitur,
2539 4401 2557 4433 ι
2597 4381 2772 4437 Verba
2823 4384 3050 4446 cantici,
3105 4404 3125 4437 ι
3162 4391 3221 4438 ut
3266 4385 3368 4451 17;
3411 4385 3526 4448 alii,

1959 4490 1975 4520 ι
2008 4471 2195 4527 Davidi
2230 4491 2249 4525 ι
2277 4481 2510 4539 tantum,
2544 4481 2602 4528 ut
2628 4473 2719 4538 55,
2743 4473 2832 4539 68,
2865 4474 3086 4541 69;alii,
3115 4493 3133 4527 ι
3158 4475 3523 4544 intellectus,»

283 4576 382 4613 των
420 4563 675 4636 διάφορον
724 4564 822 4636 τὴν
873 4543 1182 4638 ἐπιγραφὴν
1227 4569 1255 4620 6
1307 4565 1407 4636 μὲν
1456 4567 1589 4637 ἔχει,
1629 4585 1648 4617 ‹
1685 4543 1846 4635 Λόγοι

1957 4575 2016 4619 ut
2045 4567 2258 4632 51,52;
2287 4567 2400 4632 alii,
2443 4586 2461 4618 ε
2486 4567 2542 4621 In
2561 4568 2778 4638 hymnis
2813 4569 3142 4635 intellectus,
3179 4589 3200 4623 ι
3235 4580 3294 4624 ut
3320 4571 3408 4634 55,
3436 4543 3525 4625 si.

283 4649 431 4722 ᾠδῆς,
469 4673 488 4706 ι
525 4655 620 4720 ιζ’·
651 4657 702 4708 οἱ
735 4656 796 4708 δὲ
826 4655 1006 4726 μόνον,
1041 4675 1059 4707 ι
1095 4656 1183 4728 Τῷ
1209 4658 1390 4719 Δαϐὶδ,
1432 4677 1448 4706 ι
1487 4657 1578 4720 λε’,
1602 4655 1704 4728 ξη’,
1734 4657 1809 4724 εον
1833 4675 1846 4687 ο

283 4743 328 4793 οἱ
355 4744 425 4809 δὲ,
455 4764 474 4798 ι
520 4747 825 4812 Συνέσεως,
865 4766 887 4799 ι
939 4755 1040 4814 να’,
1092 4749 1194 4819 νβ’·
1240 4752 1291 4802 οἱ
1328 4749 1406 4813 δὲ,
1447 4768 1466 4800 ι
1521 4750 1608 4802 Ἐν
1659 4748 1850 4820 ὕμνοις

288 4836 547 4906 συνέσεως,
591 4859 609 4891 ι
657 4847 762 4907 νγ’,
799 4839 872 4893 νδ*
895 4857 909 4872 ·
941 4841 990 4892 οἱ
1040 4840 1116 4904 δὲ,
1164 4861 1181 4891 ι
1221 4843 1316 4905 Εἰς
1355 4841 1779 4912 στηλογραφίαν,
1822 4859 1840 4892 ι

286 4933 369 4990 νε¹υ
396 4931 492 4995 νς’,
526 4933 626 4996 νζ’,
659 4939 766 5003 νη’,
803 4931 915 4984 νϐ”
953 4934 982 4984 6
1012 4932 1090 4996 δὲ,
1139 4953 1157 4984 ι
1203 4935 1290 4986 Ἐν
1344 4933 1554 5004 ὕμνοις,
1589 4953 1610 4985 ι
1647 4934 1705 4997 ξ’·
1739 4933 1846 4984 τῶν

285 5013 333 5068 δὲ
370 5019 584 5089 ἐχόντων
610 5020 956 5092 ἐπιγραφὴν,
989 5041 1007 5072 ι
1042 5023 1269 5093 Ψαλμὸς
1306 5023 1384 5094 τῷ
1417 5023 1599 5086 Δαὸὶδ,
1633 5043 1651 5074 ι
1679 5023 1847 5093 χωρὶς

286 5111 387 5176 τοῦ,
419 5135 435 5166 ι
468 5117 560 5180 Εἰς
591 5116 655 5169 τὸ
696 5116 879 5179 τέλος,
915 5133 934 5167 ι
974 5115 1122 5168 ἐστὶν
1162 5115 1271 5187 ᾠδὴ
1299 5115 1515 5185 ψαλμοῦ
1552 5115 1710 5184 μόνος
1742 5113 1840 5185 ρξ’.

285 5203 339 5255 οι
364 5207 412 5260 δὲ
442 5209 533 5281 μὴ,
576 5229 594 5261 σ
637 5208 745 5269 Εἰς
777 5207 955 5268 τέλος,
998 5226 1016 5259 ι
1039 5207 1272 5278 ἔχοντες,
1295 5207 1451 5277 μήτε,
1482 5225 1499 5257 ι
1535 5206 1783 5277 Ψαλμὺς,
1818 5227 1836 5259 ι

281 5292 380 5345 ἀλλ’
408 5299 602 5362 ἁπλῶς,
647 5317 668 5349 ι
697 5295 797 5366 Τῷ
840 5295 1020 5360 Δαϐὶδ,
1057 5316 1076 5348 ι
1113 5297 1249 5349 εἰσὶν
1288 5313 1453 5358 ουτοι,
1490 5302 1569 5361 ιε’,
1611 5303 1705 5360 ις’,
1737 5297 1838 5361 λα’,

278 5379 436 5453 λβκσ,
465 5387 668 5455 «suis
698 5385 816 5456 ιιβ¹ν
849 5383 948 5450 ιιδκ
993 5390 1091 5452 με’,
1147 5391 1264 5454 ιιςκ
1304 5392 1368 5456 ρ’,
1415 5384 1514 5455 ρβ’ν
1561 5393 1663 5455 ργ’.
1695 5383 1837 5458 ρλς’,

276 5475 389 5544 ρλξ,
417 5488 557 5551 ρμα’,
592 5483 761 5553 ρμτ,
797 5475 940 5547 ρμδ’.
969 5478 1078 5531 Καὶ
1099 5477 1302 5532 τούτων
1331 5478 1489 5532 πάλιν
1517 5480 1544 5530 6
1577 5478 1674 5546 μὲν
1699 5476 1837 5541 ἔστι,

273 5584 291 5616 ι
329 5571 459 5645 mi},
513 5595 531 5625 ι
580 5579 694 5640 ne“
752 5570 785 5621 6
834 5567 893 5620 δὲ
946 5587 964 5617 ε
1011 5570 1412 5642 Στηλογραφία,
1462 5590 1480 5622 ι
1534 5577 1627 5622 ιε’·
1663 5571 1711 5622 οἱ
1757 5569 1836 5634 δὲ,

261 5680 278 5711 α
313 5665 613 5738 Προσευχὴ,
659 5685 680 5716 ι
730 5667 840 5724 ις’,
875 5659 996 5728 πβ’⁶
1033 5663 1079 5713 οἱ
1113 5662 1188 5726 δὲ,
1240 5681 1258 5712 ι
1314 5663 1609 5724 Συνέσεως,
1663 5680 1680 5711 ι
1732 5660 1834 5724 λα’,

309 5823 408 5894 (14)
448 5826 581 5880 Haec
621 5821 878 5879 nomina
915 5818 1118 5878 diverse
1153 5824 1407 5898 leguntur
1451 5823 1471 5873 ι
1513 5819 1901 5886 Paral.xv1,5.

1956 4657 2234 4721 Nonnulli,
2268 4679 2286 4710 ι
2319 4660 2375 4714 1η
2408 4661 2548 4714 tituli
2586 4661 3001 4730 inscriptionem
3031 4679 3051 4712 ›
3086 4661 3312 4727 habent,
3351 4671 3408 4716 ut
3435 4663 3526 4726 55,

1953 4751 2044 4816 56,
2078 4751 2166 4813 57,
2207 4752 2295 4813 58.
2341 4752 2432 4809 59.
2467 4753 2558 4808 Est
2603 4754 2690 4823 qui
2725 4771 2743 4804 ι
2775 4753 2834 4807 In
2875 4753 3094 4825 hymnis
3129 4773 3148 4806 ι
3183 4755 3524 4820 inscribitur,

1953 4851 2012 4896 ut
2032 4841 2120 4896 60.
2153 4841 2353 4896 Eorum
2385 4859 2532 4906 vero,
2569 4844 2683 4912 qui,
2714 4861 2733 4894 ι
2765 4842 3018 4900 Psalmus
3047 4843 3289 4909 Davidi,»
3321 4845 3526 4914 absque

1949 4932 2063 4996 illo,
2098 4953 2115 4984 ‹
2152 4933 2206 4986 1η
2236 4934 2397 4989 ﬁnem
2431 4953 2448 4986 ι
2483 4935 2887 5000 inscribuntur,
2909 4945 2993 4992 est
3018 4939 3295 4992 canticum
3327 4938 3522 5007 psalmi

1950 5024 2073 5088 107,
2118 5033 2346 5079 tantum.
2383 5023 2554 5080 Porro
2605 5028 2696 5096 qui
2749 5043 2890 5095 nec,
2925 5047 2942 5078 ι
2990 5028 3048 5083 In
3094 5031 3289 5096 ﬁnem,
3345 5048 3363 5078 ι
3401 5044 3521 5090 nec.

1954 5130 1972 5162 ι
2002 5112 2272 5178 Psalmus,
2307 5134 2327 5167 ι
2363 5116 2456 5170 sed
2499 5117 2840 5186 simpliciter,
2871 5137 2888 5169 ι
2934 5117 3120 5172 Davidi
3156 5137 3172 5166 ι
3209 5118 3522 5172 inscribun-

1947 5210 2054 5267 tur,
2088 5211 2214 5257 sunt
2242 5219 2256 5255 :
2292 5203 2378 5266 15,
2411 5204 2498 5267 16,
2531 5206 2621 5267 51,
2660 5206 2750 5270 52,
2783 5206 2870 5273 70,
2913 5206 3002 5270 85,
3031 5206 3119 5268 90,
3153 5206 3254 5268 92,
3294 5206 3383 5271 94,
3430 5207 3521 5272 95,

1947 5294 2036 5358 96,
2063 5295 2197 5354 -100,
2227 5296 2346 5358 102,
2384 5298 2506 5360 105,
2539 5298 2815 5361 156,157,
2864 5297 2989 5361 141,
3029 5297 3154 5360 145,
3196 5297 3330 5364 144;
3359 5308 3412 5353 et
3455 5315 3521 5354 ex

1945 5385 2030 5440 his
2069 5385 2261 5440 iterum
2292 5388 2451 5450 alius,
2493 5407 2512 5439 ι
2541 5388 2851 5453 Canticum,
2875 5407 2895 5440 ι
2935 5389 3272 5452 inscribitur,
3325 5398 3385 5444 ut
3429 5392 3520 5456 95;

1945 5477 2105 5540 alius,
2139 5495 2158 5528 ι
2183 5475 2349 5531 Tituli
2379 5479 2683 5546 inscriptio,
2716 5496 2736 5528 ι
2775 5487 2834 5531 ut
2863 5478 2962 5544 15;
2992 5477 3106 5542 alii,
3129 5497 3148 5529 ‹
3179 5477 3387 5546 Oratio,
3419 5503 3436 5532 ι
3460 5492 3521 5535 ut

1946 5569 2032 5629 16,
2065 5569 2167 5635 82;
2209 5569 2322 5631 alii,
2357 5587 2377 5620 ι
2411 5569 2747 5632 Intellectus,
2783 5588 2802 5622 ι
2847 5576 2906 5623 ut
2947 5569 3037 5636 51,
3069 5571 3192 5634 100,
3225 5573 3321 5626 141
3353 5590 3366 5638 ;
3407 5574 3518 5636 hic,

1952 5679 1970 5710 ι
2009 5659 2268 5714 Filiorum
2293 5658 2634 5722 Aminadam,
2667 5677 2685 5711 ι
2713 5667 2773 5714 ut
2804 5660 3019 5728 70;illi,
3052 5663 3226 5721 «Laus
3258 5665 3514 5726 cantici,»
