3958 6532
190 419 306 476 557
1278 413 1619 474 SYNOPSIS
1649 419 1729 476 SC
1739 417 2072 475 RIPTURE
2111 415 2382 474 SACBE.
3311 419 3417 480 558
3435 476 3440 481 ,

192 539 294 604 ρξ’,
330 536 422 600 ρέ.
465 526 548 598 ρι’,
591 523 718 597 ριαὲ
759 523 879 596 ριβ’»
924 530 1048 596 pm
1094 524 1210 596 ριδκ
1260 534 1392 600 ρις’,
1435 529 1558 602 MC"
1611 539 1733 604 ριηἰ

1845 533 1897 599 5,
1934 534 1986 600 6,
2031 535 2085 600 8,
2117 535 2173 598 9,
2203 510 2292 599 l0,
2333 531 2545 598 11,12,
2588 532 2798 598 15,17,
2845 532 3414 602 18,19,20,21,22,

191 623 316 694 ρλδι,
348 619 460 692 ρλέ,
499 623 637 691 ρμε’,
673 623 828 687 ρμς’,
866 615 1010 689 ρμζ’,
1052 624 1200 690 ρμη’,
1247 621 1391 691 ρμθ’,
1437 630 1531 694 ρν’.
1588 640 1604 676 ι
1649 621 1740 696 Τῷ
1844 625 1932 691 50,
1958 622 2047 691 55,
2085 627 2176 692 58,
2212 626 2303 689 59,
2336 625 2426 687 40,
2459 625 2550 687 41,
2586 623 2672 691 45,
2700 624 2790 686 44,
2837 625 2926 692 45,
2959 624 3049 690 46,
3085 625 3176 690 48,
3206 626 3294 691 50,
3325 627 3415 696 51,

185 714 355 774 Δαϐιδ,
385 732 400 762 ι
421 711 626 774 ἁπλῶς,
653 708 755 778 λβ’,
774 710 867 773 λδ’,
900 709 993 772 λε’,
1019 714 1136 777 1.,ς’,
1158 710 1260 784 ρβ’,
1292 721 1396 784 pf,
1431 715 1572 788 ρλς’,
1604 717 1737 788 ρλζκ

188 807 331 857 Ὅσοι
351 800 400 853 δὲ
433 799 581 871 παρὰ
618 797 713 852 τοῦ
750 798 916 852 Δαὸὶδ
948 801 1039 854 καὶ
1068 801 1175 854 τῶν
1197 801 1367 855 ἄλλων
1386 804 1603 858 πάντων
1622 805 1738 860 ἐλέ-

176 897 391 968 χϐησιιν,
417 894 514 946 κει)⁸
543 892 782 963 ἔχουσιν,
817 911 834 943 ι
862 893 957 956 Εἰς
989 893 1048 946 τὸ
1078 894 1251 960 τέλος,
1279 914 1297 946 ι
1317 897 1454 950 είσὶν
1479 890 1644 952 οὗτοισ
1677 899 1739 964 δ’,

181 995 250 1052 ε’,
272 994 332 1050 ς’,
354 985 420 1056 η’,
453 983 518 1048 θ’,
551 991 604 1046 ι’,
640 991 732 1048 ια’,
763 983 850 1054 ιβ’,
873 983 962 1053 if,
985 983 1072 1052 ιζ’,
1096 993 1184 1056 ιη’,
1219 987 1303 1051 ιϐ’,
1326 997 1400 1052 κ’,
1428 998 1534 1055 κοι’,
1553 991 1657 1062 κβ’,
1676 993 1740 1059 λ’,

172 1080 384 1150 λη’,
412 1077 508 1142 λθ⁹τ
542 1083 616 1148 μ’,
648 1083 760 1148 μα’,
803 1084 912 1148 W-
953 1078 1056 1150 95'»
1098 1088 1200 1150 με’»
1245 1089 1362 1153 μς,
1397 1090 1508 1154 μη’ς
1545 1092 1608 1150 ν’,
1638 1094 1739 1152 va'.

172 1172 276 1242 νβ’,
302 1179 394 1240 νγ,
433 1171 527 1237 νδ’,
566 1178 661 1236 νε’,
692 1178 799 1236 νς’,
830 1169 928 1236 νζ’,
969 1179 1071 1243 νη’,
1107 1173 1203 1240 νϐ’,
1249 1174 1310 1240 ξ’,
1359 1174 1458 1240 ξα’,
1506 1177 1603 1247 ξγ’,
1651 1178 1746 1245 ξδ’,

171 1266 268 1330 ξέ,
296 1265 392 1331 ξςθ,
427 1262 525 1330 ξζὲ,
558 1263 660 1336 ξη’,
692 1263 789 1328 ξϐ’,
821 1264 1020 1330 οδ’,οε’,
1039 1268 1145 1332 ος’,
1169 1267 1264 1331 οϐ’,
1284 1276 1356 1334 π’,
1384 1277 1494 1339 πγ’,
1513 1271 1615 1337 πδ’,
1636 1279 1739 1344 ρη’,

173 1359 309 1430 ρλτγ,
331 1357 459 1429 ρλϐ’.
487 1357 595 1410 Τοῦ
622 1357 787 1410 Δαόὶδ
820 1358 978 1429 μόνου
1010 1359 1136 1413 ίδίου
1165 1361 1350 1428 αὐτοῦ,
1377 1370 1601 1431 κε’,κς-’,
1638 1366 1740 1431 κζ’,

168 1452 278 1516 λς’,
301 1451 388 1504 καὶ
421 1456 552 1522 ρνα’.
585 1450 744 1504 Μετὰ
777 1451 832 1504 δέ
867 1450 964 1523 τὴν
1005 1452 1267 1524 διαίρεσιν
1315 1457 1494 1510 πᾶσαν
1517 1458 1740 1530 ταύτην,

171 1546 457 1613 ἀναγκαῖον
496 1544 687 1597 λοιπὸν
717 1543 812 1596 καὶ
837 1543 935 1608 τὰς
961 1546 1275 1617 ἐπιγραφὰς
1300 1548 1499 1615 ίδικῶς,
1523 1549 1620 1613 τὰς
1651 1550 1743 1603 ἐπί

169 1653 322 1688 τινων
363 1634 596 1706 ψαλμῶν
645 1635 928 1706 κειμένας,
976 1636 1192 1692 εἰδέναι.
1230 1639 1286 1691 Ὁ
1310 1641 1407 1711 μὲν
1443 1648 1511 1706 α’,
1545 1642 1636 1695 καὶ
1675 1641 1740 1712 β’,

168 1727 519 1796 ἁνεπίγραφοί
573 1727 744 1780 εἰσιν·
794 1727 822 1777 ὁ
864 1727 921 1780 δὲ
965 1727 1191 1799 τρίτος,
1253 1749 1270 1781 ι
1313 1731 1505 1785 Ὁπότε
1553 1735 1743 1788 ἀπεδί-

166 1820 391 1890 δρασκεν
422 1819 532 1873 ἀπὸ
569 1819 861 1891 προσώπου
898 1820 1217 1893 Ἀὅεσαλὼμ
1255 1823 1349 1877 τοῦ
1378 1825 1495 1880 υἱοῦ
1525 1827 1688 1881 αὑτοῦ
1723 1845 1739 1860 ο

163 1914 192 1964 6
217 1910 366 1982 ρμβ’,
401 1913 532 1964 ὐτε
569 1913 598 1964 6
639 1911 754 1974 υίὸς
791 1911 952 1966 αὐτὸν
983 1914 1308 1968 καταδιώκει
1335 1933 1348 1946 ο
1393 1918 1422 1969 6
1453 1923 1526 1980 ε’,
1569 1917 1742 1988 ’Υπὲρ

163 2006 264 2075 τῆς
286 2004 722 2078 κληρονομούσης
749 2022 762 2036 ⁸
790 2008 818 2059 6
846 2011 920 2070 ς’,
949 2004 1050 2062 καὶ,
1071 2012 1159 2072 ια’,
1199 2007 1370 2079 ’Υπὲρ
1393 2007 1493 2079 τῆς
1523 2007 1738 2080 ὀγδόης·

161 2098 189 2149 6
216 2097 282 2162 ζ’,
308 2098 474 2168 ’Υπὲρ
506 2099 618 2157 τῶν
648 2098 820 2166 λόγων
849 2097 1017 2150 Χουσὶ
1043 2097 1160 2152 υἱοῦ
1197 2098 1405 2170 Ἱεμενῆ
1430 2116 1442 2128 ·
1475 2102 1522 2154 οἱ
1554 2107 1626 2171 η’,
1667 2108 1739 2164 π’,

163 2189 455 2262 πγ’,”]⁴πὲρ
485 2190 595 2244 τῶν
621 2190 819 2263 ληνῶνο
854 2193 882 2245 6
921 2191 985 2253 θ’,
1044 2190 1215 2263 ’Υπὲρ
1239 2191 1347 2246 τῶν
1373 2191 1618 2263 κρυφίων
1647 2193 1740 2246 τοῦ

159 2283 293 2336 υἱοῦ·
320 2285 349 2336 6
381 2291 484 2354 με’,
516 2283 686 2356 Ὑπὲρ
714 2283 820 2336 τῶν
851 2284 1114 2355 κρυφίων⁸
1136 2285 1164 2338 6
1190 2281 1270 2347 ιε’,
1302 2284 1398 2348 Et;
1433 2284 1739 2356 στηλογρα-

161 2375 300 2443 φίαν·
325 2377 374 2428 οἱ
396 2383 492 2441 ις’,
514 2383 618 2437 πε’,
638 2378 942 2448 Προσευχή’
969 2378 998 2430 6
1017 2374 1100 2442 ιζ’,
1127 2377 1257 2431 ’Ὁτε
1280 2376 1549 2448 ἐρρύσατο
1580 2377 1741 2431 αὑτὸν

159 2467 352 2536 Κύριος
377 2469 443 2521 ἐκ
475 2468 658 2539 χειρὸς
697 2468 911 2529 πάντων
953 2468 1062 2522 τῶν
1097 2467 1308 2540 ἐχθρῶν
1331 2468 1499 2524 αὑτοῦ
1519 2487 1531 2499 °
1560 2471 1604 2539 ὸς
1630 2476 1736 2536 κα’,

169 2559 332 2630 Ὑπὲρ
379 2560 480 2630 τῆς
540 2559 881 2632 ἀντιλήψεως
925 2561 1025 2632 τῆς
1071 2561 1336 2633 ἑωθινῆς·
1385 2564 1415 2617 6
1464 2568 1570 2632 κγ’,
1626 2562 1740 2634 Τῆς

160 2652 282 2720 μιᾶς
307 2651 607 2706 Σαϐϐἀτων
631 2669 646 2684 ·
686 2654 717 2706 6
762 2660 878 2719 κς’,
923 2653 1036 2725 Πρὸ
1072 2652 1167 2707 τοῦ
1201 2653 1487 2726 χρισθῆναι
1518 2671 1533 2687 ⁶
1570 2657 1598 2709 ὁ
1628 2655 1735 2724 κη’,

169 2741 390 2808 Ἕξοδίου
416 2744 624 2815 σκηνῆς
644 2759 658 2774 ·
685 2747 714 2798 6
752 2745 853 2812 κθ’,
881 2743 1004 2798 ιΤοῦ
1031 2745 1384 2818 ἐγκαινισμοῦ
1425 2747 1520 2801 τοῦ
1564 2747 1734 2802 οἴκουο

155 2835 182 2887 6
202 2834 262 2899 λ’,
300 2837 646 2900 Ἐκστάσεως
671 2853 685 2868 ι
719 2837 872 2903 ὁ·λα’,
891 2839 1186 2902 Συνέσεωςο
1217 2839 1245 2890 6
1273 2837 1374 2908 λγ’,
1415 2838 1606 2892 Ὁπότε
1637 2839 1735 2910 ἠλ-

154 2927 330 2982 λοίωσε
357 2929 427 2982 τὸ·
451 2930 744 3002 πρόσωπον
773 2930 938 2985 αὐτοῦ
970 2931 1209 2986 ἐναντίον
1243 2931 1562 3004 Ἀϐιμέλεχ·
1593 2935 1621 2985 ὁ
1640 2933 1734 2998 λε’,

155 3020 239 3091 Τῷ
269 3021 440 3093 δούλῳ
468 3024 677 3094 Κυρίου
723 3023 801 3094 τῷ
833 3023 998 3078 Δαϐίδ
1021 3041 1035 3054 ·
1085 3025 1113 3078 6
1159 3024 1255 3089 λς’,
1293 3024 1388 3088 Et;
1433 3026 1736 3097 ἀνάμνησιν

153 3114 273 3184 περὶ.
310 3115 598 3169 Σαδδάτου
618 3133 632 3146 ·
669 3118 699 3169 6
740 3116 818 3186 μδ⁷
838 3157 854 3183 ,
893 3116 1065 3188 ’Υπὲρ
1088 3115 1197 3170 τῶν
1223 3115 1735 3189 ἀλλοιωθησομένων

152 3207 255 3268 τοῖς
279 3208 412 3268 υἱοῖς
446 3207 596 3278 Κορὲ
623 3209 702 3270 είς
730 3206 942 3261 σύνεσιν
960 3208 1080 3279 ’ῼδὴ
1109 3208 1252 3281 ὑπὲρ
1278 3208 1372 3262 τοῦ
1411 3208 1696 3280 ἀγαπητοῦ
1715 3225 1731 3241 ο

151 3297 177 3348 6
202 3298 298 3369 ξη’,
336 3299 512 3370 ’Υπὲρ
543 3287 652 3358 ίαν
677 3299 1192 3371 ἀλλοιωϐησομένων
1217 3317 1229 3331 ·
1249 3302 1277 3354 6
1300 3299 1396 3366 οϐ’,
1435 3300 1606 3373 Ὑπὲρ
1626 3301 1735 3356 τῶν

153 3389 661 3463 ἀλλοιωϐησομένων
690 3390 986 3462 μαρτύριον
1023 3392 1164 3465 ὑπὲρ
1191 3392 1287 3446 τοῦ
1327 3389 1618 3465 Ἀσσυρίου
1644 3412 1658 3426 ·
1705 3394 1734 3447 6

152 3484 310 3546 v','Ev
340 3483 420 3554 τῷ
462 3483 638 3537 ἐλθεῖν
682 3485 818 3555 πρὸς
863 3485 1027 3538 αὑτὸν
1077 3485 1266 3540 Ναϐὰν
1296 3486 1388 3539 τὸν
1423 3487 1731 3559 προφήτην,

152 3575 302 3644 ἡνίκα
335 3575 556 3648 εἰσῆλθε
587 3575 724 3647 πρὸς
755 3575 1029 3648 Βερσαὸεέ
1049 3595 1063 3608 ο
1096 3579 1124 3630 6
1151 3584 1250 3646 να’,
1304 3578 1395 3632 Ἑν
1434 3578 1513 3650 τῷ
1560 3578 1734 3632 ἐλθεῖν

151 3667 296 3738 Δωὴκ
323 3667 418 3720 τδν
473 3667 795 3737 Ἰδουμαῖον,
828 3668 922 3722 καὶ
952 3669 1276 3738 ἀναγγεῖλαι
1308 3669 1388 3742 τῷ
1417 3670 1612 3736 Σαοὺλ,
1640 3673 1735 3726 καὶ

152 3760 312 3814 εἰπεῖν
343 3760 522 3831 αὐτῷ,
567 3756 740 3814 Ἦλθε
769 3761 938 3816 Δαὸὶδ
977 3764 1057 3826 εἰς
1090 3763 1180 3816 τὸν
1216 3760 1368 3817 οἷκον
1409 3763 1696 3836 Ἀὅιμελέχ
1716 3783 1728 3796 ·

150 3852 285 3922 ονβ’,
316 3854 494 3925 Ὑπὲρ
524 3853 737 3908 Μαελὲϐ
760 3870 777 3887 ο
808 3856 836 3907 6
865 3861 966 3923 νγ’,
1007 3855 1095 3909 Ἐν
1128 3856 1208 3927 τῷ
1251 3855 1426 3912 ἐλθεῖν
1470 3858 1598 3920 τοὺς
1640 3861 1732 3911 Ζι-

156 3943 327 4008 ’ςαίους
358 3945 455 3997 καὶ
503 3946 682 3997 εἰπεῖν
727 3945 806 4015 τῷ
852 3946 1024 4001 Σαοὺλ
1049 3988 1065 4013 ,
1106 3948 1180 4000 Οὐ
1227 3947 1390 4001 Δαὸὶδ
1425 3947 1731 4019 κέκρυπται

153 4031 266 4099 παρ’
313 4033 492 4102 ἡμίνς
526 4031 555 4084 6
587 4039 680 4096 νε’,
723 4032 915 4087 Ὁπότε
947 4035 1257 4108 ἐκράτησαν
1289 4037 1450 4091 αὐτὸν
1489 4040 1537 4093 oi
1579 4038 1734 4092 ἀλλό-

155 4118 291 4185 φυλοι
317 4124 375 4175 ἐν
404 4122 512 4175 Γέθ
530 4140 543 4154 ·
577 4121 606 4172 ὁ
637 4131 744 4190 νς’,
777 4126 866 4180 Ἑν
884 4125 962 4196 τῷ
987 4128 1149 4183 αὐτὸν
1173 4131 1591 4203 ἀποδιδράσκειν
1623 4131 1732 4186 ἀπὸ

153 4216 432 4285 προσώπου
484 4220 659 4276 Σαοὺλ
698 4225 780 4287 είς
827 4225 890 4278 τὸ
938 4225 1202 4297 σπήλαιον
1235 4243 1250 4258 ⁸
1299 4230 1328 4282 6
1375 4227 1476 4298 νη’,
1538 4229 1730 4283 Ὁπότε

155 4305 424 4363 ἀπέστειλε
480 4311 656 4366 Σαοὺλ
695 4315 788 4368 καὶ
830 4315 1065 4385 ἐφύλαξε
1091 4317 1182 4371 τὸν
1230 4314 1376 4372 οἷκον
1410 4320 1598 4387 αὐτοῦ,
1631 4321 1727 4374 τοῦ

156 4394 447 4456 θανατῶσαι
474 4405 639 4458 αὐτόν
663 4421 676 4434 ·
709 4409 737 4460 6
762 4406 860 4471 νϐ’,
906 4408 1099 4463 Ὁπότε
1144 4410 1435 4484 ἐνεπύρισε
1475 4413 1576 4484 τὴν
1618 4414 1731 4466 Με-

159 4494 477 4563 σοποταμίαν
529 4497 732 4567 Συρίας
764 4539 779 4561 ,
833 4502 930 4554 καὶ
975 4501 1072 4573 τὴν
1123 4503 1321 4574 Συρίαν
1371 4504 1580 4567 Σωῆὰλ,
1634 4506 1729 4559 καὶ

1843 717 1933 783 52,
1966 719 2054 780 55,
2084 719 2172 782 54,
2199 719 2288 782 55,
2327 717 2418 780 56,
2457 718 2546 780 57,
2579 717 2668 780 58,
2711 717 2800 784 59,
2825 717 2913 783 60,
2961 717 3049 787 61,
3081 719 3166 786 65,
3201 719 3291 785 64,
3326 720 3416 788 65,

1847 811 1936 874 66,
1967 811 2061 876 67,
2096 811 2185 879 68,
2213 810 2303 877 69,
2327 809 2520 874 74,75,
2553 810 2641 872 76,
2668 810 2754 875 79,
2786 811 2874 878 80,
2904 811 2994 874 85,
3026 811 3116 875 ει,
3150 811 3273 879 108,
3295 812 3418 877 ιδδ,

1852 903 1973 958 159.
2007 903 2110 969 Qui
2142 903 2362 958 Davidis
2395 912 2605 958 tantum
2637 912 2765 959 sunt
2792 903 3021 974 proprii,
3047 905 3098 958 bi
3134 913 3292 960 sunt:
3325 904 3418 968 25,

1845 996 1937 1064 26,
1975 997 2066 1062 27,
2099 997 2169 1050 56
2196 1004 2251 1052 et
2291 997 2411 1050 151.
2452 995 2583 1050 Post
2631 997 2943 1051 universam
2996 996 3138 1051 hanc
3191 997 3420 1052 diviSio-

1844 1105 1990 1151 nem,
2030 1090 2289 1160 deinceps
2336 1089 2709 1145 necessarium
2772 1099 2856 1144 est
2915 1091 3208 1160 separatim
3257 1091 3420 1145 etiam

1845 1183 2212 1254 quorumdam
2242 1184 2576 1253 psalmorum
2631 1183 3018 1253 inscriptiones
3067 1187 3418 1255 cognoscere.

1847 1275 2065 1330 Primus
2107 1276 2329 1346 quidem
2375 1283 2428 1330 et
2469 1273 2749 1331 secundus
2793 1275 3152 1345 inscriptione
3196 1285 3419 1342 carent;

1849 1371 2048 1425 tertius
2077 1383 2208 1425 vero
2246 1369 2544 1438 inscriptus
2573 1375 2657 1423 est
2690 1385 2703 1421 :
2745 1385 2763 1418 ι
2802 1364 3076 1431 Quandoa
3111 1367 3248 1423 facie
3284 1369 3424 1422 Abe-

1847 1463 2020 1515 salom
2077 1461 2176 1515 lilii
2221 1461 2305 1516 sui
2345 1460 2596 1532 aufugit;
2643 1459 2777 1526 142,
2806 1459 3035 1525 Quando
3071 1459 3212 1514 filius
3244 1459 3422 1529 ipsum

1846 1560 2170 1626 persecutus
2199 1560 2318 1620 est;
2353 1553 2406 1620 5,
2425 1551 2532 1606 Pro
2565 1567 2628 1606 ea
2651 1566 2771 1622 quae
2799 1550 3166 1606 hereditatem
3193 1552 3420 1622 accipit;

1846 1648 1878 1702 6
1908 1657 1961 1703 et
1988 1648 2074 1715 11,
2104 1646 2212 1716 Pro
2242 1646 2539 1713 octava;7,
2560 1646 2735 1715 Super
2758 1645 3103 1700 sermonibus
3129 1643 3298 1701 Chusi
3329 1645 3424 1699 11111

1844 1741 2088 1806 Jemeni;
2121 1740 2174 1802 8,
2200 1739 2268 1793 80
2305 1745 2358 1792 et
2389 1737 2480 1802 85,
2513 1736 2618 1792 Pro
2643 1735 3042 1800 torcularibus;
3078 1735 3132 1798 9,
3156 1733 3264 1789 Pro
3295 1734 3420 1788 abs-

1845 1831 2082 1886 conditis
2130 1827 2380 1896 11111ς45,
2420 1827 2528 1881 Pro
2578 1826 2955 1892 absconditis;
3013 1826 3099 1890 l5,
3169 1823 3226 1879 ln
3275 1826 3423 1879 tituli

1847 1923 2263 1992 inscriptionem
2285 1939 2300 1989 ;
2321 1920 2390 1975 16
2410 1926 2465 1976 et
2487 1919 2578 1984 85,
2598 1916 2821 1986 Oratio;
2851 1917 2938 1980 17,
2967 1916 3197 1983 Quando
3224 1915 3426 1986 eripuit

1843 2037 1968 2076 eum
2006 2019 2274 2073 Dominus
2313 2033 2343 2072 e
2377 2032 2544 2071 manu
2574 2014 2820 2071 omnium
2855 2014 3200 2068 inimicorum
3228 2012 3422 2082 ipsius;

1841 2109 1936 2173 21,
1970 2107 2078 2163 Pro
2103 2107 2457 2177 susceptione
2490 2104 2799 2171 matutina;
2827 2103 2917 2169 25,
2949 2101 3132 2156 Prima
3157 2100 3424 2155 Sabbato-

1843 2218 2001 2269 rum;
2033 2200 2126 2266 26,
2171 2201 2476 2272 Antequam
2515 2205 2847 2270 ungeretur;
2879 2195 2973 2260 9.8,
3014 2193 3206 2248 Exitus
3235 2193 3423 2248 taber-

1840 2294 2022 2350 naculi
2042 2312 2070 2361 ;,
2087 2292 2180 2360 29,
2205 2291 2264 2346 In
2294 2290 2644 2347 dedicatione
2666 2288 2897 2353 domus;
2917 2285 3006 2349 50,
3029 2282 3419 2350 Exstasis;51,

1841 2385 2196 2451 intellectus;
2227 2383 2316 2448 55,
2345 2380 2580 2449 Quando
2601 2379 2834 2434 mutavit
2871 2376 3068 2432 faciem
3113 2391 3270 2431 suam
3297 2381 3424 2429 ante

1839 2478 2158 2535 Abimelech
2187 2496 2219 2546 ς,
2241 2477 2333 2542 55,
2359 2477 2530 2532 Servo
2579 2472 2796 2531 Domini
2847 2469 3076 2538 Davidi;
3111 2471 3200 2538 57,
3225 2468 3308 2523 Ad
3339 2484 3423 2522 re—

1841 2572 2293 2628 memorationem
2316 2568 2424 2624 diei
2449 2565 2674 2622 Sabbati
2697 2584 2712 2633 ;
2743 2565 2835 2631 44,
2854 2565 2964 2617 Pro
2987 2561 3416 2627 commutandis,

1841 2661 1911 2719 ad
1945 2661 2286 2717 intellectum
2324 2657 2452 2712 filiis
2491 2655 2631 2712 Core
2662 2653 2952 2711 Canticum
2997 2668 3163 2723 super
3186 2651 3420 2716 dilecto;

1839 2753 1928 2819 68,
1951 2752 2057 2808 Pro
2073 2749 2512 2815 commutandis;
2534 2748 2619 2812 79,
2637 2745 2744 2801 Pro
2762 2744 3165 2800 commutandis
3185 2743 3426 2798 testimo-

1840 2846 1993 2900 nium
2027 2858 2190 2914 super
2217 2841 2480 2912 Assyrio;
2510 2839 2602 2903 50,
2634 2837 2770 2893 Cum
2797 2837 3038 2892 venisset
3067 2834 3136 2889 ad
3168 2849 3292 2890 eum
3316 2831 3424 2886 Na-

1841 2937 1969 2992 than
1995 2934 2288 3006 prapheta,
2311 2940 2608 3003 postquam
2627 2937 2776 2985 esset
2809 2929 2873 2984 ad
2905 2927 3175 2984 Bersabee
3209 2926 3423 2996 ingres-

1839 3045 1964 3096 sus;
2000 3029 2089 3092 51,
2123 3027 2262 3083 Cum
2296 3027 2544 3080 venisset
2566 3021 2710 3079 Doec
2754 3020 3026 3077 Idumaeus
3058 3020 3126 3074 ad
3158 3019 3376 3075 Saulem
3402 3058 3419 3082 ,

1837 3120 2258 3188 nuntiassetque
2305 3116 2384 3170 illi
2413 3131 2478 3170 ac
2514 3113 2748 3169 dixisset
2774 3133 2786 3168 :
2817 3111 2975 3168 Venit
3019 3109 3188 3166 David
3221 3110 3287 3164 ad
3319 3110 3422 3164 do-

1837 3227 1986 3266 mum
2016 3209 2365 3278 Abimelech;
2402 3207 2492 3272 52,
2539 3205 2715 3278 Super
2746 3204 3013 3273 Maeleth;
3043 3204 3132 3270 55,
3163 3203 3300 3259 Cum
3331 3219 3425 3257 ve-

1839 3308 2056 3362 nissent
2085 3303 2151 3358 ad
2180 3300 2400 3359 Saulem
2435 3301 2662 3372 Ziphazi,
2692 3300 2882 3371 illique
2909 3299 3198 3364 dixissent,
3225 3297 3441 3356 Annon;

1837 3405 1922 3454 est
1948 3395 2308 3452 absconditus
2350 3395 2496 3466 apud
2540 3410 2645 3450 nos
2685 3392 2894 3449 David?
2921 3393 3012 3457 55,
3044 3391 3179 3446 Cum
3214 3390 3427 3450 tenuis-

1838 3500 1960 3546 sent
1985 3506 2111 3547 eum
2155 3489 2422 3545 Philistaai
2470 3489 2525 3544 in
2558 3486 2735 3554 Getb;
2768 3487 2860 3552 56,
2893 3485 3031 3541 Cum
3069 3493 3197 3541 ante
3228 3484 3422 3542 faciem

1839 3581 2024 3640 Saulis
2073 3583 2131 3637 in
2162 3582 2487 3653 speluncam
2538 3580 2806 3652 fugisset;
2843 3580 2934 3645 58,
2989 3578 3127 3633 Cum
3177 3577 3424 3636 misisset

1839 3673 1991 3739 Saul,
2025 3675 2121 3744 qui
2150 3673 2374 3728 domum
2407 3673 2530 3743 ejus
2556 3672 2942 3736 observarent,
2974 3677 3035 3724 ut
3059 3683 3181 3724 eum
3206 3667 3424 3723 occide—

1836 3774 1950 3832 ret;
1981 3763 2070 3829 59,
2103 3763 2241 3819 Cum
2280 3763 2622 3820 incendisset
2657 3759 3108 3831 Mesopotamiam
3146 3755 3336 3828 Syriae,
3369 3764 3423 3808 et

1837 3857 2053 3929 Syriam
2108 3854 2298 3921 Sobal,
2343 3862 2399 3911 et
2459 3869 2716 3910 reversus
2767 3850 2905 3907 Joab
2949 3848 3314 3921 percussisset
3366 3847 3423 3900 in

1835 3952 1976 4006 valle
2001 3949 2317 4006 Salinarum
2338 3948 2630 4004 duodecim
2656 3946 2864 4012 millia;
2893 3943 2984 4008 62,
3025 3942 3162 3998 Cum
3198 3948 3344 3995 esset
3366 3939 3421 3992 in

1835 4043 2134 4100 solitudine
2190 4041 2473 4108 idumaeas;
2521 4041 2614 4107 65,
2660 4036 3148 4102 Resurrectionis;
3199 4033 3288 4097 69,
3339 4030 3422 4084 Ad

1833 4137 2374 4198 rememorationem,
2424 4132 2572 4204 quod
2625 4146 2712 4186 me
2763 4129 3066 4188 servaverit
3117 4124 3419 4186 Dominus;

1835 4229 1923 4293 70,
1971 4227 2234 4283 Filiorum
2284 4226 2440 4294 Ades,
2493 4224 2743 4296 priorum
2808 4221 3187 4291 captivorum;
3241 4217 3330 4283 71,
3363 4215 3418 4267 In

1834 4320 2220 4388 Salomonem;
2257 4319 2345 4387 75,
2374 4319 2435 4373 In
2465 4319 2754 4390 Assyrium
2782 4333 2814 4384 ;_
2834 4316 2926 4377 87,
2951 4313 3128 4384 Super
3161 4309 3415 4372 Maelctli,

1833 4414 1900 4467 ad
1936 4412 2382 4484 respondendum
2404 4429 2420 4473 ;
2445 4410 2537 4475 91,
2557 4410 2664 4464 Pro
2691 4409 2780 4464 die
2817 4407 3077 4473 Sabbati;
3108 4404 3199 4469 25,
3236 4401 3418 4455 Prima

1833 4503 2242 4571 Sabbatorum;
2277 4503 2368 4569 92,
2409 4503 2470 4558 in
2504 4503 2648 4558 diem
2674 4509 2801 4558 ante
2833 4499 3160 4561 Sabbatum,
3197 4490 3419 4565 quando

156 4579 482 4656 ἀπέστρεψεν
524 4587 702 4652 Ἰωὰϐ,
741 4592 837 4644 καὶ
878 4593 1114 4658 ἐπάταξε
1149 4594 1208 4647 ἐν
1235 4597 1301 4667 τῇ
1343 4595 1586 4667 φάραγγι
1614 4595 1723 4651 τῶν

1840 4596 2072 4651 aabitata
2106 4602 2192 4651 est
2226 4606 2403 4662 terra;
2445 4593 2535 4658 95,
2569 4592 2630 4648 In
2657 4601 2852 4664 quarta
2893 4588 3148 4655 Sabbati;
3173 4585 3262 4648 95,
3282 4583 3417 4638 Cum

163 4669 312 4760 ’Δλῶν
366 4676 434 4746 ιβ’
471 4676 747 4748 χιλιάδας’
781 4683 810 4735 6
842 4683 940 4754 ξβ’,
983 4685 1072 4739 Ἐν
1102 4684 1181 4756 τῷ
1208 4682 1347 4741 εἶναι
1379 4689 1541 4741 αὐτὸν
1574 4689 1632 4742 ἐν
1654 4691 1722 4760 τῇ

155 4758 324 4837 ἐρήμῳ
353 4766 461 4838 τῆς
512 4768 850 4840 Ἰδουμαίαςο
885 4775 914 4826 6
958 4774 1051 4839 ξε’,
1099 4777 1512 4843 Ἀναστάσεως·
1557 4779 1586 4831 6
1625 4758 1722 4846 50',

155 4851 234 4917 Εἰς
258 4859 590 4930 ἀνάμνησιν,
631 4864 712 4927 είς
738 4865 800 4918 τὸ
832 4867 1003 4920 σῶσαί
1054 4885 1122 4940 με
1154 4869 1390 4941 Κύριον·
1444 4873 1472 4925 6
1506 4871 1570 4936 o',
1605 4872 1724 4926 Τῶν

156 4945 263 5000 υἱῶν
319 4952 498 5022 Ἀδὰμ
547 4951 569 5024 [
611 4955 919 5032 Ἰωναδὰϐ]
965 4961 1075 5014 τῶν
1112 4961 1346 5036 πρώτων
1393 4964 1726 5036 αἰχμαλωτι-

156 5036 368 5128 σθέντων
393 5060 408 5073 ο
445 5048 476 5098 6
509 5054 608 5111 (ια’,
637 5050 734 5114 Et;
754 5053 1045 5123 Σολομῶνα
1071 5073 1085 5087 ο
1115 5059 1144 5109 6
1167 5063 1259 5122 οε’,
1296 5057 1438 5128 Πρὸς
1470 5059 1560 5112 τὸν
1601 5059 1723 5112 Ἀσ-

157 5127 355 5199 σύριονθ
403 5138 434 5190 6
484 5137 593 5202 πζ’,
638 5141 812 5212 ’Υπὲρ
850 5144 1067 5198 Μαελέθ
1102 5147 1197 5200 τοῦ
1249 5127 1649 5220 ἀποκριθῆναιο
1693 5154 1723 5206 6

155 5222 241 5288 ιμ’,
282 5228 380 5292 Εἰς
408 5229 510 5301 τὴν
541 5233 754 5306 ἡμέραν
779 5235 874 5289 τοῦ
899 5238 1178 5293 Σαϐϐάτου
1205 5258 1216 5270 ·
1249 5242 1277 5294 6
1310 5247 1415 5310 κγ’,
1453 5242 1564 5313 Τῆς
1594 5246 1722 5313 μιᾶς

153 5313 241 5406 ξῷν
268 5320 599 5378 Σαϐϐἁτων·
631 5329 659 5381 6
698 5327 806 5398 1.,β¹,
840 5330 937 5394 Εἰς
959 5331 1058 5404 τὴν
1089 5333 1304 5405 ἡμέραν
1349 5334 1442 5387 τοῦ
1475 5335 1719 5406 προσαδ-

1830 4691 2027 4746 domus
2048 4688 2415 4744 aadiﬁcaretur
2443 4695 2569 4758 post
2595 4684 3007 4757 captivitatem;
3038 4681 3128 4746 96,
3175 4679 3414 4746 Quando

1829 4780 2137 4835 constituta
2197 4787 2283 4836 est
2325 4779 2450 4850 ejus
2483 4786 2665 4845 terra;
2697 4776 2787 4843 99,
2832 4774 2917 4831 Ad
2969 4773 3414 4834 confessionem;

1836 4875 1956 4933 101.
1995 4873 2252 4929 Precatio
2289 4873 2519 4944 pauperi
2562 4888 2687 4928 cum
2730 4870 2787 4925 in
2846 4868 3117 4940 angustiis
3145 4875 3310 4923 esset.
3363 4872 3418 4917 et

1827 4966 2135 5021 orationem
2177 4981 2334 5020 suam
2378 4974 2508 5022 ante
2561 4965 2855 5022 Dominum
2913 4960 3247 5024 effunderet;
3289 4957 3412 5017 141,

1829 5059 2242 5119 Precatio-cum
2287 5068 2438 5116 esset
2476 5061 2534 5115 in
2589 5059 2883 5131 spelunca;
2911 5055 3035 5115 145,
3071 5052 3274 5106 Contra
3306 5045 3417 5102 Go-

1834 5152 2006 5218 liatb;
2043 5153 2137 5208 151
2165 5195 2178 5219 ,
2218 5151 2585 5212 Psalmusliic
2618 5150 2972 5222 peculiariter
3002 5142 3216 5205 Davidi,
3238 5147 3294 5196 et
3319 5155 3415 5194 ex-

1828 5251 1914 5300 tra
1946 5261 2234 5301 numerum
2283 5248 2641 5317 reliquorum,
2673 5243 2891 5314 quando
2933 5235 3197 5310 singulari
3230 5241 3412 5288 certa-

1830 5337 1976 5391 mine
2009 5353 2136 5390 cum
2161 5336 2380 5393 Goliath
2407 5353 2741 5407 congressus
2767 5343 2871 5390 est.
2912 5352 2931 5384 ι

155 5400 310 5499 βάτου,
365 5414 459 5467 ὅτε
488 5417 827 5488 κατῴκισται
858 5422 900 5491 ὴ,
926 5423 997 5494 γῆ
1014 5400 1036 5452 ν·
1092 5400 1466 5497 Τετράδι
1500 5400 1831 5480 έαϐὗάτων·
1877 5427 1905 5478 6
1939 5429 2208 5494 ιιε’,,Ὄτε
2267 5424 2416 5492 οἶκος
2485 5400 2814 5499 ᾠνκοδομεῖτο
2871 5422 3010 5496 πρὸς
3073 5420 3170 5491 τὴν
3215 5420 3414 5487 αἰχμαο

154 5493 324 5592 Mam
346 5524 359 5536 ’
395 5505 424 5558 δ
455 5512 569 5575 l1?”
609 5512 738 5565 Ὅτε
780 5513 812 5584 ’θ
855 5515 926 5586 γῆ
954 5493 1120 5573 αὖτοῧ
1146 5493 1475 5572 ωθίστᾶτο·
1515 5521 1544 5572 ὁ
1596 5519 1699 5585 ῐ-,Θκ
1740 5520 1883 5591 Πρὸς
1917 5520 2302 5594 ἐξομολόγησιν
2331 5546 2342 5556 ο
2379 5493 2532 5594 ὁρα’,
2563 5493 2847 5592 Προσευχὴ
3033 5512 3233 5585 πτωχῷ
3285 5513 3412 5565 ὅταν

154 5593 422 5669 ακηδιάσῃ,
451 5602 545 5654 καὶ
572 5603 802 5659 ἐνώπιον
841 5608 1043 5680 Κυρίου
1075 5610 1242 5683 ἐκχέῃ
1269 5611 1368 5682 τὴν
1401 5612 1586 5683 δέησιν
1626 5613 1792 5666 αὑτοῦ
1814 5631 1827 5644 ·
1867 5617 1895 5668 6
1934 5616 2081 5686 ρμα’,
2122 5593 2210 5666 Ἐν
2245 5614 2324 5685 τῷ
2376 5593 2515 5668 εἶναι
2545 5612 2708 5667 αὑτὸν
2761 5612 2817 5664 ἐν
2867 5609 2944 5681 τῷ
2970 5605 3218 5678 σπηλαίῳ
3246 5618 3400 5675 προσ·

156 5685 294 5779 ξυκήο
358 5690 388 5741 ὁ
426 5699 574 5762 ρμγυ,
603 5696 746 5766 Πρὸς
775 5699 866 5751 τὸν
898 5700 1122 5754 Γολιάθ·
1159 5703 1186 5754 6
1213 5709 1348 5773 ρνα’,
1387 5704 1722 5775 Ἰδιόγρανρος
1761 5685 1980 5774 eam“
2015 5707 2228 5779 eam;
2267 5708 2361 5760 τοῦ
2389 5706 2573 5767 Δασιδ,
2600 5707 2694 5759 καὶ
2724 5703 2922 5770 ἔξωθεν
2986 5700 3080 5755 τοῦ
3134 5695 3407 5771 ἀριθμοῦ.

156 5765 225 5822 ὅτε
254 5781 633 5856 ἐμονομάχησε
660 5765 752 5842 τὸν
787 5791 825 5843 Γ
827 5791 1000 5847 ολιάθ.
1036 5813 1054 5845 ι

227 5887 578 5964 Ἀναληπτὲον
618 5901 713 5954 καὶ
754 5906 995 5977 περὶτοῦ
1019 5907 1409 5979 διαψαλματος,
1443 5913 1499 5962 ἐν
1539 5912 1711 5974 ποίοις

1897 5910 1968 5964 De
1999 5909 2361 5979 diapsalmate
2392 5925 2610 5981 quoque
2656 5911 2998 5966 tractandum
3040 5914 3143 5971 cst,
3187 5905 3241 5959 in
3278 5920 3406 5974 (μη-ς
