4008 6404
515 390 618 447 559

1620 354 1625 357 ’
1673 393 1730 451 s.
1756 360 2230 455 ‘ATHANASIUS.
2251 427 2319 437 -
2359 396 2580 453 DUBIA.

3640 400 3743 457 540

516 510 620 563 bus
632 509 858 578 psalmis
874 510 1006 565 illud
1020 518 1073 566 et
1087 512 1300 582 quoties
1319 512 1374 567 in
1394 527 1722 585 unoquoque
1736 515 2074 585 inveniatur;

2187 519 2274 572 καὶ
2300 517 2455 571 τοῦτο
2478 517 2707 589 ψαλμοῖς
2729 517 3163 588 εὑρίσκεται,καὶ
3183 519 3411 581 ποσάκις
3432 521 3488 572 ὲν
3507 518 3741 589 ἑκάστῳ,

518 602 571 656 in
594 603 837 659 secundo
865 603 1095 674 psalmo,
1125 604 1329 672 semel;
1356 604 1408 659 in
1428 605 1613 670 tertio,
1639 606 1758 673 bis;
1790 608 1843 661 in
1865 616 2081 678 quarto,

515 695 630 761 bis;
647 695 702 750 in
721 696 968 767 septimo,
992 697 1191 765 semel;
1214 697 1269 751 in
1286 712 1452 765 nono,
1467 698 1740 754 canticum
1759 700 2086 771 diapsalma—

514 788 619 854 tis;
643 789 697 842 in
713 788 804 852 25,
827 788 992 844 semel
1012 806 1027 855 ;
1046 788 1101 843 in
1123 789 1212 853 5i,
1232 789 1319 847 bis
1338 807 1353 857 ;
1372 789 1427 844 in
1450 791 1538 854 55,
1559 791 1728 847 semel
1747 808 1762 859 ;
1781 791 1833 846 in
1854 792 1946 857 58,
1962 782 2080 861 bis;

516 879 572 934 in
595 880 684 945 45,
712 879 907 944 semel;
934 880 991 934 in
1041 880 1133 945 45,
1169 881 1253 937 bis
1279 898 1295 949 ;
1322 881 1379 936 in
1410 880 1505 945 46,
1534 882 1745 951 semel;
1785 883 1840 938 in
1882 884 1974 951 47,
2000 872 2084 939 se-

513 973 652 1039 mel;
685 974 739 1027 in
789 972 880 1036 48,
930 972 1053 1041 bis;
1080 973 1134 1029 in
1167 975 1258 1040 5i,
1297 974 1412 1041 bis;
1443 975 1498 1029 in
1530 973 1619 1040 55,
1660 977 1863 1045 semel;
1890 977 1945 1031 in
1991 977 2081 1044 54,

516 1063 638 1131 bis;
667 1064 723 1117 iu
755 1063 845 1127 56,
880 1064 1007 1131 bis;
1039 1067 1095 1119 in
1140 1065 1233 1132 58,
1266 1065 1387 1129 bis;
1421 1065 1479 1120 in
1531 1065 1622 1131 59,
1667 1067 1866 1135 semel;
1907 1066 1963 1122 in
1994 1067 2083 1136 60,

512 1152 710 1220 semel;
742 1152 797 1208 in
830 1151 921 1216 6i,
949 1153 1075 1221 bis;
1108 1154 1165 1209 in
1210 1153 1301 1215 65,
1334 1161 1448 1226 ter;
1494 1154 1551 1209 in
1599 1154 1690 1220 66,
1723 1156 1843 1224 bis;
1891 1158 1948 1213 in
1989 1157 2082 1224 67,

514 1250 745 1315 quater;
771 1243 828 1300 in
859 1242 1167 1311 74,5cmel;
1200 1245 1256 1300 in
1294 1244 1382 1310 75,
1414 1245 1533 1310 bis;
1564 1245 1619 1300 in
1656 1244 1744 1311 76,
1770 1255 1884 1315 ter;
1912 1248 1968 1303 in
1991 1248 2083 1315 80,

509 1334 713 1403 semel;
750 1334 808 1389 in
837 1334 927 1399 8|,
960 1334 1162 1402 semel;
1197 1335 1252 1390 in
1279 1334 1368 1399 82,
1394 1336 1597 1402 semel;
1650 1336 1705 1390 in
1756 1336 1846 1402 85,
1883 1338 2082 1406 semel;

507 1428 564 1483 in
583 1427 674 1493 84,
706 1428 910 1495 semel;
947 1427 1004 1483 in
1046 1426 1138 1493 86,
1165 1427 1287 1495 bis;
1320 1429 1377 1483 in
1413 1427 1504 1495 88,
1540 1428 1861 1500 quinquies;
1899 1429 1956 1484 in
1989 1430 2079 1495 95,

507 1519 718 1587 semel;
751 1519 807 1575 in
840 1519 963 1585 l59,
989 1528 1104 1587 ter;
1141 1520 1197 1575 in
1233 1520 1358 1580 142.
1406 1521 1567 1593 118
1611 1521 1799 1579 semel.
1852 1520 2079 1578 Demum

506 1618 781 1682 quotquot
802 1627 899 1680 per
927 1630 947 1664 ι
982 1611 1219 1669 Alleluia
1267 1632 1287 1666 ι
1320 1612 1724 1678 inscribuntur,
1742 1621 1796 1669 et
1824 1613 1926 1685 qui
1955 1631 2080 1687 gra-

506 1703 676 1757 duum
707 1710 856 1762 sunt.
889 1703 1192 1774 diapsalma
1213 1719 1323 1760 non
1352 1704 1574 1761 habent.

2186 611 2244 663 tv
2266 608 2342 681 τῷ
2370 608 2436 679 β’,
2462 608 2608 671 ἅπαξ
2635 607 2766 678 ἔχει·
2803 610 2860 662 tv
2888 607 2966 679 τῷ
2990 614 3062 677 γ’,
3096 608 3177 673 δὶς
3200 608 3333 679 ἔχει’
3360 609 3417 662 tv
3446 608 3523 680 τῷ
3564 608 3626 672 δ’,
3663 607 3745 671 δὶς

2185 701 2320 771 ἔχει·
2352 702 2409 754 ὲν
2445 699 2522 770 τῷ
2552 699 2617 766 ζ’,
2653 698 2798 766 ἅπαξ
2831 698 2962 771 ἔχει*
2998 700 3056 753 ὲν
3089 697 3166 772 τῷ
3196 697 3261 765 θ’,
3287 698 3399 772 ᾠδὴ
3442 698 3747 768 διαψάλμα-

2184 809 2294 857 τος·
2332 792 2389 845 tv
2414 790 2492 862 τῷ
2526 798 2629 862 κγ’,
2664 789 2809 855 ἆπαξ
2853 790 2966 861 ἔχει
2990 808 3003 822 ο
3039 791 3097 844 ὲν
3126 789 3204 861 τῷ
3244 789 3345 858 λα’,
3375 789 3457 854 δὶς
3495 788 3609 860 ἔχει
3631 805 3644 820 ·
3689 787 3746 842 tv

2186 881 2263 953 τῷ
2299 882 2401 952 λγ’,
2432 881 2576 949 ἅπαξ
2606 881 2719 953 ἔχει
2743 901 2759 914 ·
2793 883 2851 935 tv
2888 880 2967 952 τῷ
3007 881 3110 952 λη’,
3140 881 3222 945 δὶς
3259 880 3393 953 ἔχει’
3422 881 3481 934 tv
3509 878 3589 949 τῷ
3634 884 3745 951 pq",

2186 971 2334 1037 ἅπαξ
2361 971 2472 1042 ἔχει
2495 989 2509 1002 ·
2558 973 2616 1024 ὲν
2647 971 2725 1043 τῷ
2761 978 2863 1043 με’,
2902 971 2984 1036 δὶς
3022 970 3137 1045 ἔχει
3160 988 3175 1002 ο
3212 973 3271 1025 tv
3313 969 3389 1043 τῷ
3436 976 3555 1042 μς·¹,
3601 967 3747 1036 ἆπαξ

2186 1061 2317 1133 ἔχει·
2347 1064 2406 1117 ὲν
2434 1062 2512 1135 τῷ
2545 1064 2651 1136 μζ’,
2687 1062 2834 1130 ἅπαξ
2868 1064 3013 1137 ἔχει’
3053 1065 3111 1118 ὲν
3135 1063 3214 1138 τῷ
3251 1070 3362 1136 μη⁸,
3392 1063 3473 1128 δὶς
3499 1063 3612 1135 ἔχει
3639 1079 3655 1095 ο
3691 1063 3750 1115 tv

2185 1153 2263 1229 τῷ
2294 1161 2394 1220 va’,
2434 1155 2516 1219 δὶς
2537 1155 2683 1226 ἔχει’
2726 1157 2785 1209 tv
2821 1155 2897 1227 τῷ
2942 1161 3044 1222 vr,
3090 1154 3236 1223 ἅπαξ
3273 1154 3414 1228 ἔχειν
3447 1155 3506 1207 ἐν
3545 1153 3624 1225 τῷ
3654 1152 3748 1218 νδ,
3792 1150 3798 1155 ’

2186 1243 2268 1308 δὶς
2294 1243 2427 1315 ἔχει’
2458 1246 2516 1298 tv
2546 1244 2623 1317 τῷ
2652 1251 2759 1311 νς’,
2801 1245 2883 1309 δὶς
2926 1244 3063 1316 ἔχει’
3114 1246 3172 1298 tv
3214 1244 3294 1315 τῷ
3337 1251 3437 1317 νη’,
3475 1244 3559 1309 δὶς
3595 1243 3748 1315 ἔχει’

2187 1337 2245 1390 tv
2275 1336 2355 1407 τῷ
2383 1335 2479 1400 νϐ’,
2502 1335 2649 1401 ἅπαξ
2671 1335 2783 1407 ἔχει
2808 1354 2821 1367 ’
2859 1338 2916 1390 tv
2935 1336 3014 1406 τῷ
3036 1335 3098 1404 ξ’,
3126 1335 3273 1402 ἅπαξ
3294 1335 3405 1408 ἔχει
3429 1353 3443 1367 ο
3471 1338 3529 1389 ὲν
3550 1334 3629 1407 τῷ
3651 1332 3750 1401 ξω,

2186 1427 2271 1491 δὶς
2296 1428 2430 1499 ἔχει·
2459 1429 2516 1483 ἐν
2540 1428 2617 1500 τῷ
2650 1430 2742 1497 ξε’,
2776 1430 2896 1502 τρὶς
2919 1430 3030 1502 ἔχει
3049 1448 3065 1464 ο
3098 1432 3156 1484 ὲν
3183 1429 3260 1502 τῷ
3287 1428 3392 1496 ξςδ,
3415 1430 3495 1494 δὶς
3522 1428 3635 1500 ἔχει
3654 1447 3671 1461 ο
3694 1430 3753 1481 tv

2186 1519 2266 1589 τῷ
2294 1520 2387 1587 ξς,
2424 1522 2681 1593 τετράκις
2708 1522 2818 1593 ἔχει
2843 1539 2857 1553 ο
2885 1524 2943 1576 tv
2980 1521 3058 1593 τῷ
3091 1522 3183 1588 οδ’,
3214 1521 3358 1589 ἅπαξ
3390 1520 3505 1592 ἔχει
3527 1538 3540 1551 ⁸
3575 1522 3634 1574 tv
3674 1521 3755 1591 τῷ

2183 1618 2275 1677 σε’,
2318 1612 2398 1677 δὶς
2431 1612 2575 1683 ἔχει·
2610 1614 2668 1666 ὲν
2698 1613 2776 1684 τῷ
2806 1620 2911 1679 ος¹,
2949 1614 3070 1686 τρὶς
3109 1613 3242 1685 ἔχει·
3279 1615 3337 1667 ὲν
3379 1612 3458 1684 τῷ
3496 1619 3571 1679 π’,
3606 1610 3757 1677 ἅπαξ

2185 1704 2296 1776 ἔχει
2321 1722 2334 1737 ·
2367 1706 2426 1759 tv
2451 1704 2529 1776 τῷ
2562 1712 2675 1773 πα’,
2711 1703 2861 1769 ἅπαξ
2895 1705 3040 1776 ἔχει’
3077 1707 3135 1760 tv
3159 1704 3246 1777 ,τῷ
3276 1705 3387 1777 πβ’,
3419 1704 3568 1771 ἅπαξ
3604 1704 3751 1775 ἔχει’

508 1797 566 1847 tv
593 1792 671 1864 τῷ
699 1801 810 1864 πγθ,
838 1795 986 1864 ἅπαξ
1015 1795 1162 1868 ἔχει’
1204 1797 1262 1852 tv
1299 1795 1378 1869 τῷ
1404 1795 1507 1863 τπδ’,
1543 1796 1691 1862 ἅπαξ
1730 1798 1872 1870 ἔχει’
1912 1799 1971 1852 ὲν
1998 1797 2076 1870 τῷ
2114 1785 2234 1865 πεῖ,
2263 1798 2344 1862 δὶς
2377 1798 2488 1870 ἔχει
2515 1815 2531 1830 ·
2555 1799 2614 1853 ὲν
2640 1798 2719 1871 τῷ
2767 1806 2877 1871 πη’,
2910 1800 3170 1863 πεντάκις
3213 1798 3325 1871 ἔχει
3358 1816 3371 1830 ·
3412 1801 3472 1853 tv
3532 1797 3614 1871 τῷ
3645 1802 3752 1868 Lf,

508 1885 655 1952 ἅπαξ
685 1887 796 1959 ἔχει
820 1905 835 1919 ο
870 1889 929 1941 ὲν
957 1887 1035 1960 τῷ
1069 1887 1202 1960 ρλϐ’,
1227 1888 1348 1958 τρὶς
1371 1887 1482 1959 ἔχει
1503 1903 1517 1918 ·
1546 1890 1603 1942 tv
1631 1886 1708 1960 τῷ
1737 1888 1883 1961 ρμβ’,
1919 1888 2067 1957 ἅπαξ
2097 1888 2232 1961 ἔχει.
2254 1890 2496 1944 Καθόλου
2519 1890 2576 1945 δὲ
2602 1892 2715 1946 ὅσοι
2748 1891 2957 1963 ἔχουσιν
2990 1892 3301 1965 ἐπιγραφὴν
3331 1912 3349 1945 ι
3373 1891 3708 1964 Ἀλληλούϊα,
3730 1912 3751 1944 ι

507 1980 602 2037 καὶ
621 1979 674 2031 οἱ
703 1979 1030 2052 ἀναϐαθμοὶ,
1052 1982 1151 2035 οὐκ
1180 1980 1362 2053 ἔχουσι
1386 1981 1685 2054 διάψαλμα.

788 2070 945 2126 Liber
968 2071 1128 2138 XIV,
1153 2072 1439 2127 Proverbia
1470 2071 1793 2130 Salomonis.
1846 2137 1851 2142 ,

574 2160 665 2217 22.
702 2158 964 2219 Salomon
1003 2162 1149 2219 ﬁlius
1176 2161 1418 2228 Davidis,
1453 2179 1579 2219 cum
1625 2180 1854 2236 regnum
1909 2164 2082 2235 patris

506 2255 593 2315 aui
604 2256 957 2327 suscepisset,
977 2270 1009 2311 a
1026 2255 1138 2313 Deo
1166 2256 1344 2327 petiit,
1374 2264 1434 2311 ut
1460 2258 1783 2329 sapientiam
1812 2257 2085 2327 acciperet

506 2345 681 2418 magis
731 2363 895 2418 quam
952 2348 1194 2416 divitias,
1228 2357 1283 2404 et
1318 2348 1558 2403 hostium
1606 2350 1889 2405 ultionem.
1929 2347 2083 2405 Hanc

504 2452 631 2497 cum
665 2439 988 2511 accepisset,
1018 2448 1072 2499 et
1125 2455 1238 2512 prae
1287 2442 1547 2496 omnibus
1600 2442 1950 2506 mortalibus,
1989 2441 2082 2512 qui

506 2536 720 2588 anteet
757 2537 881 2600 post
915 2530 1096 2603 ipsum
1120 2515 1363 2597 fuerunt,
1391 2532 1615 2602 sapiens
1650 2539 1836 2587 esset:
1871 2546 1936 2587 ac
1957 2546 2082 2587 cum

507 2623 562 2678 iu
586 2622 846 2681 omnibus
877 2622 1040 2680 dictis
1083 2623 1350 2695 factisque
1383 2624 1500 2685 suis
1532 2623 1881 2679 admirationi
1914 2630 2080 2689 esset,

508 2712 616 2772 tria
647 2714 817 2768 millia
855 2715 1268 2786 parabolarum,
1304 2726 1358 2771 et
1382 2716 1625 2787 quinque
1670 2714 1839 2769 millia
1869 2714 2083 2769 cantica

506 2803 830 2879 prolocutus
852 2813 935 2861 est
964 2823 977 2858 :
1013 2804 1425 2881 disputavitque
1464 2805 1533 2860 de
1561 2803 1839 2867 omnibus,
1873 2811 1983 2857 tam
2015 2803 2083 2858 de

508 2896 575 2951 iis
598 2911 719 2967 qua:
743 2912 809 2952 ex
841 2906 988 2953 terra
1021 2897 1372 2968 proveniunt,
1404 2912 1569 2967 quam
1603 2895 1671 2951 de
1698 2897 1878 2950 omnis
1918 2910 2085 2969 gene-

506 2989 584 3043 ris
613 2988 1011 3045 animantibus.
1048 2988 1287 3059 Scripsit
1316 2986 1489 3045 libros
1534 2987 1591 3042 in
1624 3002 1893 3043 canonem
1932 3000 2083 3041 rece-

508 3089 630 3155 ptos
664 3090 775 3137 tres
812 3100 825 3135 :
858 3080 1007 3140 hunc
1056 3081 1331 3148 videlicet,
1374 3080 1469 3152 qui
1517 3078 1811 3135 Proverbia
1856 3079 2079 3145 dicitur,

508 3168 900 3237 Ecclesiasten,
932 3178 987 3226 et
1035 3170 1322 3227 Canticum
1384 3172 1746 3238 canticorum,
1799 3178 1854 3227 et
1913 3170 2080 3226 alium

509 3268 708 3334 praeter
735 3262 895 3332 istos,
931 3262 987 3316 in
1021 3278 1285 3319 canonem
1317 3278 1428 3317 non
1453 3271 1756 3333 receptum,
1784 3263 1930 3319 sicut
1958 3271 2084 3318 ante

506 3352 714 3407 dictum
739 3360 843 3418 est,
879 3353 974 3423 qui
1011 3352 1293 3425 Sapientia
1333 3352 1642 3409 Salomonis
1680 3354 1904 3410 dicitur.
1936 3353 2083 3410 Prae-

507 3449 715 3499 sentem
748 3415 928 3499 autem
992 3415 1189 3500 librum
1243 3444 1539 3502 Proverbia
1596 3444 1898 3516 inscripsit,
1931 3445 2078 3516 quod
2107 3415 2149 3473 θ

505 3533 802 3590 Proverbia
836 3537 950 3591 sint
988 3538 1148 3592 verba
1190 3536 1725 3608 sapientium,‘velut
1763 3536 2075 3608 aenigmata,

505 3645 624 3701 quae
647 3629 864 3699 quidem
898 3628 1046 3684 aliud
1094 3646 1159 3684 ex
1210 3647 1268 3686 se
1312 3624 1605 3695 exhibent,
1635 3629 1786 3685 aliud
1819 3645 1948 3686 vero
1979 3647 2079 3700 per

505 3721 873 3791 suspicionem
904 3720 1170 3777 indicant.
1208 3721 1411 3777 ilorum
1447 3733 1628 3778 autem
1674 3721 1887 3791 species
1925 3729 2074 3787 sunt,

504 3809 817 3867 Proverbia.
842 3812 924 3867 Ad
948 3813 1094 3868 hunc
1120 3815 1321 3868 etenim
1352 3813 1574 3885 modum
1605 3813 1861 3884 discipuli
1894 3811 2079 3869 Domi-

504 3900 562 3960 ni
619 3901 676 3955 in
733 3901 1028 3972 Evangello
1083 3905 1386 3959 secundum
1434 3903 1701 3959 Joannem
1752 3905 2075 3974 loquuntur,

502 3992 724 4062 quando
752 3993 1007 4059 Domino,
1040 4010 1165 4051 cum
1201 4006 1361 4049 antea
1386 3995 1557 4048 multa
1585 3995 1824 4049 obscura
1859 4003 2079 4050 senten-

502 4082 818 4150 tialocutus
857 4095 1024 4148 esset,
1066 4085 1286 4140 tandem
1340 4084 1534 4164 dicunt
1560 4085 1611 4140 ei
1644 4104 1657 4140 :
1692 4104 1711 4137 ι
1751 4084 1893 4141 Ecce
1934 4101 2080 4142 nunc

505 4174 684 4244 palam
711 4175 976 4245 loqueris,
1009 4182 1064 4231 et
1092 4176 1436 4246 proverbium
1470 4176 1682 4230 nullum
1713 4170 1983 4242 dicis”,'i
2021 4185 2080 4233 ut

506 4266 778 4337 intelligas
806 4264 1108 4323 Proverbia
1132 4282 1242 4322 non
1271 4274 1484 4337 aperto,
1516 4268 1613 4323 sed
1644 4268 1885 4324 obscuro
1911 4283 2079 4325 sensu

505 4356 636 4411 dici.
667 4356 940 4424 Quoniam
965 4359 1133 4430 igitur
1167 4360 1305 4414 tales
1335 4359 1659 4430 plerumque
1702 4368 1831 4416 sunt
1859 4360 1917 4414 in
1975 4360 2078 4415 hoc

504 4448 646 4503 libro
679 4450 986 4515 sementim,
1024 4449 1146 4506 ideo
1178 4449 1464 4505 Parmmiae
1503 4467 1600 4506 seu
1644 4448 1961 4514 Proverbia,
1995 4451 2079 4506 in-

506 4543 744 4611 scriptus
770 4542 860 4596 hic
892 4543 1030 4597 liber
1062 4552 1168 4599 est.
1206 4542 1303 4599 Est
1335 4556 1517 4600 autem
1548 4543 1675 4599 inde
1707 4544 1857 4600 dicta
1884 4544 2079 4601 Parin-

506 4631 634 4695 mia,
660 4632 805 4702 quod
837 4648 934 4704 per
955 4632 1095 4698 vias,
1121 4634 1260 4690 tales
1290 4635 1572 4691 sententiae
1604 4635 1878 4691 conscribi
1906 4635 2079 4691 solitae

504 4731 715 4790 essent,
748 4726 813 4779 ad
852 4727 1253 4784 correctionem
1300 4736 1354 4785 et
1397 4729 1702 4785 doctrinam
1743 4746 1955 4795 eorum,
1984 4732 2077 4801 qui

504 4817 605 4871 iter
635 4818 1007 4874 instituerent.
1034 4818 1139 4876 Per
1167 4821 1285 4877 vias
1308 4828 1491 4877 autem
1519 4823 1924 4887 scribebantur,
1960 4839 2082 4894 pro-

504 4916 689 4976 pterea
723 4910 869 4981 quod
900 4925 1010 4966 non
1034 4927 1246 4978 omnes,
1281 4913 1530 4971 veritatis
1578 4930 1863 4971 sermones
1900 4917 2082 4985 capie-

502 4998 754 5056 bant:ut
785 5003 870 5057 vel
921 5003 978 5058 in
1026 5006 1368 5061 transeundo
1404 5014 1461 5061 et
1504 5007 1634 5061 talia
1691 5008 2082 5077 conspicienda

503 5108 623 5161 quae
676 5095 879 5165 scripta
931 5103 1140 5161 essent,
1169 5097 1546 5168 exquirerent,
1576 5108 1741 5169 atque
1790 5100 1865 5153 ita
1898 5100 2083 5155 erudi-

575 5245 619 5277 ”
657 5245 813 5302 Joan.
850 5266 937 5304 xv:
960 5292 975 5314 ,
1009 5250 1098 5306 29.

577 5401 689 5468 (1⁷)
722 5401 818 5460 His
842 5415 1150 5462 consonant
1181 5408 1296 5462 haec
1318 5407 1504 5461 Basilii
1535 5404 1758 5458 homilia
1792 5404 1876 5458 12.
1904 5404 1961 5458 In
1991 5419 2085 5456 ca-

508 5480 604 5548 put
636 5470 1053 5548 P_rove_rbiorum
1082 5492 1206 5547 pag.
1224 5477 1347 5548 A454
1370 5492 1384 5528 :
1517 5475 1624 5548 τῷν
1643 5474 1962 5548 Παροιμιῶν
1990 5474 2082 5548 ἐπ)

654 5541 1058 5617 δημοδεστέρων
1083 5540 1258 5617 ίαιτιιιξρὰΔ
1292 5549 1403 5617 τοῖς
1442 5544 1641 5617 ἔξωθεν
1666 5540 2083 5617 Δτέἒειπιξιτιιικξια).

506 5612 601 5686 ἐπὶ
651 5611 764 5686 τῶν
810 5616 868 5668 ὲν
899 5611 1017 5678 ταῖς
1058 5611 1197 5679 ὁδοῖς
1222 5615 1614 5686 λαλουμένων.
1647 5615 1723 5677 ὼς
1881 5611 2079 5686 [πολλά.

508 5678 674 5755 “tum;
707 5681 815 5755 γὰρ
852 5686 983 5755 παρ’
1009 5678 1191 5755 αὐτοῖς
1210 5685 1245 5755 ἡ
1273 5685 1390 5748 ὁδὸς
1417 5678 1768 5754 δνομόιξεται.
1805 5680 1968 5735 Ὅθεν
1992 5683 2082 5755 καὶ

508 5751 606 5819 τὴν
631 5751 948 5825 παροιμίαν
971 5751 1244 5825 ὁρίζονται
1258 5771 1270 5784 ⁸
1291 5755 1465 5825 Ῥῆμα
1481 5751 1755 5825 «apes-.9».
1774 5753 2083 5825 fstpttllléf

509 5838 598 5878 νον
627 5822 684 5877 ἐν
715 5821 779 5892 τῆ
827 5821 1018 5898 χρήσει
1053 5823 1159 5881 τῶν
1204 5821 1440 5891 πολλῶν,
1482 5821 1576 5877 καῖ
1606 5824 1712 5877 ἀπὸ
1762 5821 1955 5890 ὀλίγων
1990 5823 2081 5877 ἐπὶ

2390 2069 2636 2125 Βιϐλιον
2674 2070 2763 2136 ιδ’,
2794 2073 3106 2141 Παροιμίαι
3144 2074 3550 2145 Σολομῶντος.

2256 2162 2346 2217 22.
2387 2162 2647 2234 Σαλομὼν
2673 2162 2788 2227 υίὸς
2833 2163 3025 2230 Δαϐὶδ,
3055 2165 3434 2238 διαδεξάμενος
3464 2172 3565 2242 τὴν
3606 2172 3760 2244 βασι-

2183 2254 2330 2311 λείαν
2357 2254 2452 2310 τοῦ
2477 2254 2704 2328 πατρὸς,
2730 2254 2929 2328 ηῦξατο
2949 2257 3027 2329 τῷ
3044 2257 3163 2330 Θεῷ
3188 2258 3372 2314 λαϐεῖν
3399 2263 3591 2331 σοφίαν
3617 2265 3761 2340 ὑπὲρ

2187 2347 2416 2403 πλοῦτον
2439 2390 2454 2414 ,
2498 2347 2595 2401 καὶ
2631 2347 2772 2420 ὑπὲρ
2804 2347 3015 2419 ἄμυναν
3061 2349 3289 2423 ἐχθρῶν.
3338 2353 3532 2408 Λαϐὼν
3577 2357 3761 2413 τοίνυν

2185 2444 2279 2497 καὶ
2317 2441 2607 2512 γενόμενος
2640 2441 2803 2512 σοφὸς
2846 2441 2986 2514 ὑπὲρ
3020 2441 3230 2508 πάντας
3275 2445 3403 2508 τοὺς
3444 2446 3550 2517 πρὸ
3588 2449 3760 2504 αὐτοῦ

2184 2535 2278 2589 καὶ
2310 2536 2428 2606 μετ’
2455 2532 2619 2588 αὑτὸν
2642 2530 2981 2605 ἀνθρώπους,
3015 2532 3351 2605 Θαυμασθείς
3382 2554 3440 2590 τε
3470 2537 3566 2591 ἐπὶ
3590 2540 3761 2593 πᾶσιν

2183 2619 2263 2691 οἷς
2297 2623 2469 2680 ἐποίει
2499 2641 2561 2678 τε
2604 2624 2697 2678 καὶ
2740 2623 2913 2693 ἔλεγε,
2954 2625 3252 2696 τρισχιλίας
3297 2627 3395 2699 μὲν
3443 2630 3763 2702 παραϐολὰς

2184 2718 2277 2771 καὶ
2300 2714 2769 2787 πεντακισχιλίους
2788 2714 2932 2787 ᾠδὰς
2956 2715 3184 2786 ὲλάλησε
3203 2734 3216 2746 ·
3247 2719 3342 2770 καὶ
3367 2719 3763 2792 ὲφυσιολόγησε

2184 2803 2314 2875 περὶ
2342 2804 2559 2858 πάντων
2586 2802 2696 2857 τῶν
2725 2820 2786 2856 τε
2821 2804 2886 2857 ἐκ
2916 2804 3020 2875 γῆς
3047 2804 3330 2876 φυομένων
3357 2806 3449 2861 καὶ
3476 2808 3616 2863 ὅλων
3650 2810 3764 2864 τῶν

2184 2893 2358 2961 ζώων.
2391 2893 2701 2968 Συνέγραψε
2727 2894 2786 2949 δὲ
2827 2894 3027 2966 βιϐλία,
3058 2895 3444 2969 κανονιζόμενα
3472 2901 3571 2972 μὲν
3594 2902 3721 2975 τρία
3742 2918 3761 2934 ε

2184 2987 2352 3058 ἤγουν
2394 2983 2551 3039 τοῦτό
2587 3003 2647 3039 τε
2689 2985 2752 3039 τὸ
2784 2985 3116 3057 καλούμενον
3158 2987 3453 3059 Παροιμίαι
3485 3029 3500 3053 ,
3542 2992 3639 3044 καὶ
3670 2991 3765 3046 τὸν

2196 3075 2651 3149 Ἐκκλησιαστὴν,
2671 3076 2765 3130 καὶ¹
2779 3076 2840 3131 τὸ
2862 3072 3052 3149 τᾼσμα
3078 3076 3186 3131 τῶν
3204 3077 3466 3149 ᾀσμάτων
3492 3097 3505 3111 ο
3536 3081 3633 3134 καὶ
3643 3082 3766 3135 ἓτε-

2187 3186 2279 3242 ρον
2308 3168 2366 3222 δὲ
2398 3166 2555 3231 ἐκτὸς
2593 3165 2834 3233 τούτων,
2880 3164 2954 3237 μὴ
3001 3166 3433 3242 κανονιζόμεν-ον,
3468 3167 3544 3232 ὡς
3575 3167 3767 3240 προεί-

2187 3236 2366 3331 ρηται,
2391 3258 2530 3329 ὅπερ
2560 3255 2885 3327 ὀνομάζεται
2928 3236 3096 3325 Σοφία
3144 3236 3508 3327 Σολοιρηος.
3558 3236 3767 3329 Παροι-

2187 3349 2315 3420 μίας
2344 3346 2400 3401 δὲ
2421 3344 2700 3418 ἐπέγραψε
2725 3344 2787 3398 τὸ
2817 3344 2989 3417 παρὸν
3013 3343 3235 3416 βιϐλίον,
3253 3344 3436 3415 ἐπειδὴ
3465 3346 3768 3416 παροιμίαι

2183 3441 2289 3494 εἰσὶ
2321 3438 2467 3508 λόγοι
2500 3437 2700 3506 σοφῶν,
2725 3436 2802 3500 ὡς
2820 3435 3138 3507 αἰνίγματα,
3171 3438 3327 3491 ἅτινα
3356 3438 3542 3510 ἕτερον
3585 3437 3687 3508 μέν
3708 3455 3769 3490 τι

2183 3528 2408 3585 αὐτόθεν
2431 3528 2695 3600 δηλοῦντά
2726 3531 2893 3596 ἐστιν,
2921 3529 3106 3600 ἓτερον
3139 3527 3197 3582 δὲ
3239 3530 3296 3582 tv
3331 3527 3558 3600 ὑπονοίᾳ
3583 3530 3771 3599 ἀπαγ-

2183 3622 2449 3692 γέλλουσι.
2478 3622 2599 3676 Τῶν
2624 3623 2681 3676 δὲ
2710 3621 2966 3675 τοιούτων
2998 3616 3136 3685 εἶδός
3173 3623 3312 3676 εἰσιν
3343 3624 3400 3675 ai
3436 3623 3769 3694 Παροιμίαι.

2184 3713 2338 3768 Οὕτω
2372 3714 2482 3787 γὰρ
2526 3713 2619 3768 καὶ
2649 3715 2699 3767 οἱ
2740 3714 2977 3785 μαθηταὶ
3021 3713 3117 3767 τοῦ
3155 3712 3362 3785 Κυρίου
3405 3712 3661 3783 λέγουσιν
3705 3716 3770 3769 tv

2183 3806 2262 3878 τῷ
2292 3805 2434 3861 κατὰ
2487 3805 2739 3878 Ἰωάννην
2791 3805 3108 3875 Εὑαγγελίῳ
3130 3845 3145 3870 ,
3193 3804 3283 3858 ὅτε
3305 3845 3320 3870 ,
3372 3802 3470 3857 τοῦ
3518 3804 3773 3875 Χριστοῦ

2185 3897 2354 3953 πολλὰ
2387 3899 2670 3971 εἰρηκότος
2709 3897 2976 3971 πρότερον
3018 3898 3078 3951 tv
3111 3895 3471 3968 κεκρυμμένῃ
3515 3895 3769 3967 διανοίᾳ,

2186 3990 2410 4064 ὕστερόν
2444 4009 2605 4062 φασιν
2636 3990 2814 4063 αὐτῷ’
2850 4009 2870 4043 ι
2941 3990 3039 4044 Ἱδὲ
3085 3988 3181 4044 νῦν
3215 3989 3504 4061 παρρησίᾳ
3553 3988 3769 4052 λαλεῖς,

2185 4085 2279 4139 καὶ
2305 4083 2600 4156 παροιμίαν
2630 4082 2751 4137 οὐδὲ
2803 4083 2931 4154 μίαν
2984 4081 3239 4151 λέγεις’»
3289 4081 3365 4144 ὡς
3407 4081 3518 4134 τῶν
3566 4098 3773 4153 παροιη

2188 4176 2325 4248 μιῶν
2361 4175 2435 4247 μὴ
2472 4178 2536 4230 ὲκ
2561 4174 2814 4246 φανεροῦ,
2837 4173 2972 4227 ἀλλὰ
2996 4173 3397 4245 κεκρυμμένως
3427 4172 3769 4243 λεγομένων.

2198 4268 2349 4322 Ἐπεὶ
2373 4264 2465 4321 οὖν
2497 4267 2555 4320 ὲν
2579 4266 2656 4336 τῷ
2686 4264 2874 4336 βιϐλίῳ
2893 4264 3067 4335 τούτῳ
3092 4263 3331 4317 πλεῖστοι
3359 4262 3507 4330 λόγοι
3526 4261 3774 4316 τοιοῦτοί

2185 4361 2313 4423 εἰσι,
2345 4356 2432 4411 διὰ
2458 4355 2617 4409 τοῦτο
2646 4352 2952 4426 Παροιμίας
2995 4351 3203 4422 ἔγραψε
3233 4352 3295 4405 τὸ
3329 4349 3554 4420 βιϐλίον.
3619 4349 3773 4402 Ὠνο-

2189 4448 2370 4520 μάσθη
2411 4447 2469 4501 δὲ
2500 4446 2794 4519 Παροιμία,
2838 4444 3023 4515 ἐπειδὴ
3059 4442 3213 4514 παρὰ
3250 4440 3351 4504 τὰς
3391 4440 3547 4502 ὀδοὺς
3595 4440 3775 4510 ἐγρά-

2186 4557 2346 4611 φοντο
2370 4542 2419 4592 οί
2450 4538 2681 4592 τοιοῦτοι
2707 4537 2854 4606 λόγοι
2892 4536 3030 4606 πρὸς
3063 4533 3343 4605 διόρθωσιν
3373 4531 3469 4583 καὶ⁵
3501 4529 3772 4584 διδασκα-

2185 4634 2306 4688 λίαν
2337 4630 2462 4702 ξτῶν
2492 4632 2552 4684 ὲν
2596 4634 2714 4694 ταῖς
2759 4629 2899 4691 ὁδοῖς
2920 4623 3411 4697 διαπορευομένων.
3446 4620 3612 4691 Παρὰ
3663 4620 3774 4685 τὰς

2185 4727 2338 4789 ὁδοὺς
2373 4724 2430 4778 δὲ
2468 4723 2788 4795 ἐγράφοντο,
2820 4721 2943 4774 ἐπεὶ
2989 4718 3064 4791 μὴ
3102 4717 3303 4779 πάντες
3345 4712 3586 4786 ἐχώρουν
3635 4715 3777 4779 τοὺς

2188 4819 2286 4889 τῆς
2309 4796 2567 4886 ἀληθείας
2587 4816 2809 4883 λόγουςη
2855 4812 2942 4864 ἵνα
2985 4809 3086 4864 κᾶν
3132 4808 3471 4880 διερχόμενοι
3504 4805 3604 4859 καί⁵
3643 4804 3776 4876 βλέο

2189 4927 2381 4974 ποντες
2405 4907 2719 4981 διερευνῶσι
2746 4904 2816 4960 τὰ
2842 4901 3223 4975 γεγραμμένα,
3276 4900 3373 4954 καὶ
3412 4897 3590 4961 οὕτως
3635 4913 3778 4952 παι·

2188 5005 2450 5060 δεύωνται
2477 5005 2527 5056 οἱ
2569 5001 2867 5072 ἄνθρωποι.
2913 4996 3072 5059 Τινὲς
3105 4993 3236 5063 γοῦν
3278 4990 3553 5064 ὁρίζονται
3591 4989 3779 5053 αὑτὰς

2190 5097 2361 5160 οὕτως
2392 5095 2503 5165 (17)
2527 5110 2541 5125 ·
2576 5092 2727 5163 ῥῆμα
2754 5088 3007 5161 παρόδιον
3036 5086 3144 5142 ἀπό
3173 5100 3315 5148 τινος
3334 5083 3453 5147 ἑνὸς
3480 5083 3565 5147 είς
3590 5080 3777 5135 πολλὰ

2188 5402 2408 5479 πλείονα
2443 5403 2603 5473 ὃμοια
2635 5401 3042 5479 μεταληφθῆναι
3071 5400 3382 5469 δυνάμενον.
3414 5395 3472 5449 id
3496 5404 3619 5479 est:
3656 5393 3781 5479 Pa.-

2188 5466 2492 5525 rmmiaruni
2525 5466 2736 5536 nomen,
2774 5466 2910 5526 inter
2936 5466 3173 5541 vulgares
3203 5466 3463 5541 sermones
3500 5466 3566 5518 ab
3593 5470 3781 5541 exoti-

2186 5543 2262 5613 ιῄἱε
2294 5552 2607 5613 recensent],
2630 5554 2680 5597 et
2708 5545 2844 5598 inter
2871 5560 2935 5597 ea
2953 5537 3093 5613 quis.
3110 5549 3174 5613 rut
3201 5538 3511 5613 ριιινίηιιιηι,
3540 5537 3781 5613 palatia;

2184 5611 2433 5684 dicuntur
2465 5629 2483 5667 :
2516 5605 2670 5684 οἶμος
2704 5615 2841 5667 enim
2879 5605 3019 5684 οριὶά
3056 5605 3207 5684 illos,
3239 5609 3324 5661 via
3355 5608 3575 5684 dicitur.
3615 5605 3781 5661 Uade

2167 5683 2493 5749 aparwmiam
2542 5676 2799 5752 deﬁniunt
2827 5698 2846 5735 :
2874 5676 3085 5736 Dictum
3122 5682 3177 5752 in
3216 5676 3629 5752 ma_pr_o!auun,
3663 5693 3781 5752 risu

2186 5746 2470 5806 Multorum
2523 5746 2727 5820 tritum,
2769 5753 2907 5823 quod
2950 5770 2981 5807 α
3026 5750 3205 5821 paucis
3253 5747 3321 5800 ad
3361 5747 3520 5816 plura
3561 5746 3785 5801 simum

2187 5824 2466 5892 transferri
2496 5834 2683 5893 potest.
