3958 6534
189 415 287 473 3M

1331 412 1670 473 SYNOPSIS
1710 414 2125 476 SCRIPTUM!)
2159 417 2428 478 SACRE.

3379 424 3486 485 548

192 528 804 604 μεταλαμϐανόμενον.
848 528 1036 584 Ἔστιν
1065 522 1159 584 οὖν
1204 527 1264 584 ὲν
1293 529 1374 603 τῷ
1407 529 1612 604 βιϐλίῳ.
1633 530 1774 587 τούτι

1881 589 1885 600 _
1912 541 2106 590 rentur
2131 534 2405 594 homines.
2428 537 2731 596 Parmmias
2759 539 2947 612 itaque
2979 538 3048 596 ad
3085 537 3232 596 hunc
3261 543 3482 601 modum

186 622 395 690 γνῶσις
440 623 657 694 σοφίας
698 623 797 678 καὶ
841 621 1087 688 παιδείας
1112 660 1130 688 ,
1173 623 1359 694 νόησις
1387 624 1563 693 λόγων
1590 626 1804 698 ’φρονή-

187 730 349 777 σεως,
384 715 648 787 στροφαὶ
693 714 891 784 λόγων,
924 715 1268 788 δικαιοσύνης
1309 714 1544 788 ἀληθοῦς
1578 715 1760 788 νόησις
1782 753 1800 783 ,

185 807 442 878 κρίματα
481 807 881 872 κατευθύνειν,
918 807 1012 863 καὶ
1044 809 1346 879 ἐπαγγελία
1378 808 1471 864 τοῦ
1511 808 1800 877 γινώσκειν

183 903 244 954 ὲκ
293 901 526 958 τούτων
586 899 930 976 παραϐολὰς,
980 903 1167 974 ῥήσεις
1213 903 1425 972 σοφῶν,
1476 902 1794 974 αἰνίγματα,

189 997 521 1060 σκοτεινοὺς
554 996 768 1066 λόγους.
804 994 914 1049 Κτιιᾶ⁵
933 994 1040 1048 εἰσὶ
1063 993 1294 1065 γνώσεις
1324 995 1515 1066 σοφίας
1553 995 1648 1050 καὶ
1673 1014 1797 1050 παι-

184 1089 332 1152 δείας
354 1105 370 1118 ο
409 1090 624 1161 ἐπειδὴ
658 1090 754 1142 καὶ
780 1088 1041 1160 ’Έλληνες
1085 1089 1184 1160 μὲν
1214 1088 1407 1160 σοφίαν
1438 1088 1582 1161 ἔχειν
1619 1092 1794 1161 ἔπαγ-

186 1178 510 1247 γέλλονται,
572 1181 840 1253 αίρετικοὶ
881 1179 954 1233 δὲ-
990 1178 1270 1251 νομίξουσι
1323 1181 1576 1236 παιδείαν
1625 1181 1789 1254 ἔχειν.

184 1271 282 1326 Διὰ
308 1272 486 1325 τοῦτο
521 1265 684 1337 οὗτος
717 1273 817 1344 τὴν
856 1273 1033 1345 ἁληθῆ
1079 1275 1266 1344 σοφίαν
1313 1276 1408 1330 καὶ
1441 1276 1687 1332 παιδείαν
1715 1278 1794 1332 δι-

185 1365 395 1428 δάσκει,
434 1365 540 1420 ἵνα
585 1367 660 1438 μὴ
703 1368 774 1437 τῇ·
800 1364 1025 1438 ὁμονοίᾳ
1061 1365 1160 1438 τῆς
1199 1367 1390 1437 σοφίας
1422 1369 1503 1432 εἰς
1549 1369 1616 1422 τὰ
1645 1369 1793 1438 σοφί-

187 1474 371 1527 σματα
397 1457 525 1511 τῶν
578 1457 844 1530 Ἑλλήνων
875 1458 971 1512 καὶ
995 1456 1104 1513 τῶν
1129 1459 1421 1530 αίρετικῶν
1445 1477 1528 1524 τις
1553 1461 1786 1533 ἐμπέσῃ.

185 1547 292 1602 Καὶ
337 1546 461 1620 γὰρ
499 1547 773 1619 Ἕλληνες
828 1547 927 1618 μὲν
982 1547 1217 1618 οἰόμενοί
1264 1565 1408 1614 τινες
1458 1547 1595 1604 εἶναι
1627 1590 1642 1615 ,
1697 1552 1791 1606 καὶ

191 1657 208 1687 ι
232 1638 559 1705 φάσκοντες
594 1633 730 1691 εἶναι
767 1639 948 1708 σοφοὶ,
997 1638 1415 1712 ἐμωράνθησαν.
1448 1659 1467 1692 ι
1512 1642 1789 1713 Αίρετικοὶ

187 1731 261 1793 δὲ,
288 1730 670 1785 παιδεύεσθαι
690 1732 1025 1803 νομίζοντες,
1052 1731 1482 1807 ὲξεστράφησαν,
1505 1737 1599 1789 καὶ
1617 1736 1790 1808 ἁμαρο

185 1823 443 1878 τάνουσιν
466 1863 487 1888 ,
560 1825 715 1891 ὅντες
778 1825 1256 1900 αύτοκατάκριτοι.
1325 1829 1444 1883 Τῶν
1503 1829 1560 1883 δὲ
1628 1830 1788 1885 θείων

1908 627 2162 684 nonnulli
2197 627 2486 695 definiunt,
2518 632 2726 687 dictum
2781 631 3070 704 parodium
3119 633 3238 706 (seu
3285 637 3343 692 in
3393 639 3484 696 vis

1907 721 2195 792 positum),
2221 723 2292 779 ab
2323 739 2435 778 uno
2464 723 2700 794 quodam
2735 723 2803 778 ad
2839 725 3007 780 multa
3039 726 3388 785 translatum.
3424 728 3483 785 In

1904 810 2011 868 hoc
2068 813 2238 884 igitur
2287 814 2428 870 libro
2461 815 2688 870 scientia
2723 814 3006 885 sapientia:
3053 825 3113 872 et
3153 816 3479 890 discipline,

1904 904 2221 965 intellectus
2257 922 2573 964 sermonum
2631 908 2956 979 prudentiae,
2990 910 3231 982 strophae
3280 913 3480 969 verbo-

1903 1017 2050 1070 rum,
2077 1002 2312 1075 justitiae
2345 1018 2488 1059 verae
2536 1003 2872 1068 intellectus,
2901 1003 2991 1058 ad.
3020 1003 3364 1078 dirigentium
3388 1008 3480 1078 ju-

1901 1094 2066 1160 dicia,
2097 1103 2150 1150 et
2169 1093 2493 1166 pollicitatio
2516 1092 3024 1165 cognoscendarum
3060 1109 3127 1150 ex
3168 1095 3291 1153 istis
3313 1113 3478 1168 para-

1900 1184 2174 1252 bolarum,
2201 1185 2476 1246 dictorum
2500 1186 2856 1257 sapientium,
2886 1185 3260 1257 aenigmatum,
3294 1199 3348 1246 et
3377 1191 3477 1247 ob-

1901 1291 2191 1333 scurorum
2234 1292 2572 1333 sermonum.
2603 1276 2671 1331 Et
2724 1287 2854 1333 sunt
2883 1278 3124 1335 scientiae
3151 1281 3465 1352 sapientiaa-

1898 1381 1963 1422 ac
1993 1367 2343 1438 disciplinam
2373 1367 2674 1430 tradentes.
2707 1368 2840 1423 Cum
2863 1375 2918 1422 et
2947 1367 3120 1426 Grazci
3151 1373 3469 1441 sapientia".

1898 1475 1958 1516 se
2001 1459 2216 1516 habere
2237 1460 2620 1532 polliceantur,
2647 1467 2702 1514 et
2723 1458 2966 1514 haeretici
2994 1459 3194 1517 habere
3223 1477 3283 1518 se
3307 1461 3473 1518 disci-

1895 1552 2110 1622 plinam
2131 1553 2502 1624 arbitrentur}
2530 1551 2654 1608 ideo
2692 1551 2781 1607 hic
2802 1566 2990 1608 veram
3041 1555 3366 1624 sapientiam
3409 1569 3474 1609 ac

1895 1643 2243 1714 disciplinam
2265 1643 2458 1710 docet,
2495 1659 2568 1700 ne
2610 1644 2792 1714 specie
2851 1657 2916 1698 ac
2965 1643 3327 1700 similitudine
3380 1661 3471 1700 εα-

1896 1733 2118 1805 ρίειιιίεε
2137 1735 2433 1805 quisquam
2464 1734 2521 1790 in
2553 1734 2894 1805 sophismata
2914 1732 3228 1796 Graecorum
3266 1747 3320 1792 et
3361 1735 3475 1791 ha:-

1893 1829 2191 1886 reticorum
2219 1827 2445 1886 incidat.
2479 1826 2658 1884 Graeci
2704 1843 2944 1899 namque
2987 1835 3244 1900 putantes
3281 1845 3341 1885 se
3371 1831 3474 1885 ali-

184 1913 354 1984 λόγων
384 1917 418 1969 δ
451 1917 706 1983 ἀκούσας
737 1918 920 1988 σοφὸς,
954 1919 1262 1992 σοφώτερος
1291 1919 1467 1975 ἔσται.
1534 1923 1655 1977 Τῶν
1682 1923 1774 1996 γὰρ

1892 1935 2033 1990 quos
2063 1935 2208 1984 esse,
2244 1928 2300 1976 et
2338 1940 2365 1972 ι.
2407 1919 2656 1977 dicentes
2706 1935 2766 1976 se
2821 1919 3097 1990 sapientes
3151 1936 3272 1976 esse
3315 1919 3469 1976 stulti

187 2008 436 2080 νομίμων
468 2009 575 2064 τοῦ
608 2011 744 2066 Θεοῦ
772 2012 1034 2078 ἀκούσας,
1072 2013 1364 2068 καὶταῦτα
1399 2015 1661 2084 φυλάξας.
1691 2017 1785 2070 ὲπί

183 2116 242 2154 τι
275 2103 344 2172 τῇ
375 2103 614 2176 παιδεία
640 2105 846 2179 Κυρίου
879 2104 955 2178 μὴ
982 2105 1342 2180 ὀλιγωρήσας,
1381 2107 1514 2180 μηδὲ
1538 2108 1785 2174 ὲκλυθεὶς

186 2194 268 2246 ἐπ’
296 2195 468 2267 αὐτῇ,
516 2197 636 2263 υίὸς
672 2198 835 2268 σοφὸς
878 2201 1189 2271 γενήσεται,
1233 2202 1326 2255 καὶ
1355 2203 1784 2275 πεπαιδευμένος

183 2287 504 2358 γενόμενος,
537 2291 749 2362 ταχέως
770 2293 863 2346 καί⁵
886 2291 984 2364 τὴν
1017 2293 1144 2365 περὶ
1171 2293 1307 2348 Θεοῦ
1331 2294 1530 2364 γνῶσιν
1552 2297 1780 2362 δέξεται.

187 2381 398 2454 Ταύτην
434 2383 558 2456 γὰρ
579 2386 628 2438 oi
663 2386 818 2454 σοφοὶ
843 2385 1210 2440 παιδεύονται.
1257 2386 1463 2459 Νόησις
1508 2388 1580 2442 δὲ-
1606 2389 1784 2458 λόγων

186 2478 507 2544 ῼΜσεως
551 2479 586 2549 ἡ
618 2478 864 2549 περὶτοῦ
915 2479 1077 2551 μόνου
1109 2479 1488 2554 καὶκάληθινοῦ
1527 2482 1663 2536 Θεοῦ
1701 2484 1782 2538 δι-

184 2566 473 2634 δασκαλία.
519 2571 648 2624 Ἐπὶ
675 2571 787 2644 γὰρ
832 2571 1097 2645 Ἑλλήνων
1122 2574 1171 2627 οἱ
1204 2573 1304 2645 μὲν
1335 2575 1495 2647 σῶμα
1527 2576 1618 2630 τὸν
1645 2576 1782 2632 Θεὸν

185 2657 328 2714 εἷπον
354 2679 368 2691 ·
412 2662 467 2715 οἱ
496 2662 557 2716 δὲ
583 2663 680 2717 καὶ
710 2661 950 2729 εἰδώλοις
973 2662 1135 2720 αὐτὸν
1159 2665 1471 2735 ὡμοίωσαν.
1499 2668 1776 2740 Αίρετικοί

188 2753 256 2818 δὲ,
302 2756 398 2809 καὶ
446 2756 613 2810 αὐτοὶ
646 2757 774 2830 περὶ
816 2757 912 2811 τοῦ
969 2756 1123 2822 ὄντος
1183 2758 1624 2832 παρεφρόνησαν.
1678 2760 1777 2814 Διὰ

187 2845 334 2908 τοῦτο
373 2841 541 2912 οὗτος
576 2847 675 2920 τὴν
706 2847 882 2921 ἀληθῆ
936 2849 1066 2921 περὶ
1089 2848 1451 2920 Θεοῦλγνῶσιν
1478 2851 1775 2924 ἐξηγεῖται,

189 2939 245 2998 τὸ
267 2939 364 3009 μὲν
391 2941 785 3013 ἀνέκφραστον
819 2941 984 2995 αὐτοῦ
1003 2959 1018 2972 ·
1055 2962 1072 2993 ι
1096 2943 1233 3012 Δόξα
1261 2943 1398 2998 Θεοῦ
1432 2945 1668 3018 κρύπτει
1692 2948 1779 3002 λό-

188 3046 323 3098 γον.»
346 3033 422 3086 Τὸ
436 3034 498 3088 δὲ
515 3034 872 3107 προνοητικὸν
884 3034 1048 3088 αὑτοῦ
1068 3051 1231 3104 φησιν
1254 3052 1268 3066 ·
1294 3056 1312 3088 ι
1336 3038 1424 3092 Ἐν
1446 3041 1608 3094 παντὶ
1624 3041 1776 3114 τόπῳ

191 3119 445 3195 ὀφθαλῳὶ
460 3125 675 3197 Κυρίου
694 3123 1019 3179 σκοπεύουσι
1036 3126 1241 3190 κακούς
1267 3145 1324 3182 τε
1344 3129 1438 3182 καὶ
1464 3129 1701 3199 ἀγαθούς
1718 3149 1733 3165 ο
1747 3151 1768 3185 ι

191 3216 276 3267 καὶ
305 3217 470 3271 πάλιν
497 3233 513 3247 '
550 3237 586 3278 ι,
612 3217 874 3282 Πλούσιος
911 3218 1006 3272 καὶ
1049 3219 1264 3290 πτωχὸς
1309 3222 1647 3295 συνήντησαν
1673 3225 1771 3279 ἀλ-

186 3303 387 3379 λήλοις·
418 3307 774 3381 ἀμφᾶέρους
822 3309 880 3362 δὲ
925 3309 1180 3382 ἐποίησεν
1233 3313 1262 3364 ό
1303 3311 1543 3385 Κύριος·
1589 3335 1608 3367 ι
1652 3318 1766 3388 καὶ,

193 3423 211 3455 ι
240 3406 528 3461 Δανειστμοῦ
561 3406 658 3460 καὶ
684 3405 1075 3478 χρεωφειλέτου
1104 3406 1354 3480 ἀλλήλοις
1388 3409 1768 3478 συνελθόντων,

191 3499 504 3572 ἐπισκοπὴν,
532 3501 768 3552 ποιεῖται
821 3501 850 3551 ό
919 3498 1123 3571 Κύριος
1168 3498 1528 3572 ἀμφοτέρωνο
1580 3520 1600 3554 ι
1655 3503 1767 3568 καὶ,

194 3609 210 3640 ι
229 3591 480 3646 Ἐνώπιον
514 3591 625 3663 γάρ
652 3594 758 3644 εἰσι
785 3591 894 3644 τῶν
926 3591 1019 3644 τοῦ
1059 3589 1194 3644 Θεοῦ
1228 3591 1521 3663 ὀφθαλμῶν
1544 3593 1652 3647 ὁδοὶ
1685 3595 1771 3648 ἀνι

189 3681 296 3752 δρός
318 3701 332 3714 ο
362 3687 443 3748 εἰς
473 3684 532 3736 δὲ
559 3684 738 3747 πασας
764 3681 986 3754 τροχιὰς
1013 3683 1176 3736 αὑτοῦ
1207 3683 1484 3740 σκοπεύει.
1517 3704 1535 3736 ι
1574 3686 1682 3738 Καὶ
1708 3686 1768 3739 τὸ

194 3773 278 3852 μὲν
306 3777 554 3853 κριτικὸν
578 3775 903 3853 αὑτοῦ-φησι
927 3794 940 3806 ·
975 3796 994 3827 ι
1031 3776 1226 3830 Θυσίαι
1251 3776 1464 3832 ἀσεϐῶν
1496 3777 1768 3852 βδέλυγμα

191 3851 395 3948 Κυρίου·
427 3869 590 3940 εὐχαὶ
613 3869 671 3923 δὲ
698 3851 1156 3934 κατευθυνόντων,
1175 3869 1362 3924 δεκταὶ
1390 3872 1520 3944 παρ’
1546 3870 1716 3942 αὐτῷ’
1742 3891 1761 3925 ι

194 3960 272 4012 καὶ
324 3962 530 4016 eam-
583 3979 602 4012 ι
653 3961 851 4025 Οίκους
908 3960 1181 4033 ὑϐριστῶν
1237 3964 1494 4034 κατασπᾷ
1541 3962 1764 4036 Κύριος,

192 4047 361 4122 ἔστησε
391 4053 452 4106 δὲ
481 4052 630 4123 ὄριον
667 4053 864 4123 χήρας.
904 4069 923 4104 ι
961 4052 1035 4105 Τὸ
1084 4051 1140 4106 δὲ
1166 4052 1554 4125 δημιουργικὸν
1599 4054 1764 4109 αὐτοῦ

194 4142 275 4212 οὐχ
296 4145 482 4209 ἁπλῶς
504 4184 518 4208 ,
553 4143 669 4198 ἀλλ’
696 4145 780 4198 ὅτι
811 4143 900 4198 διὰ
942 4143 1038 4197 τοῦ
1075 4145 1204 4199 ἰδίου
1237 4145 1411 4215 Λόγου
1447 4147 1544 4202 καὶ
1573 4148 1766 4218 σοφίας

197 4236 348 4292 πάντα
391 4241 572 4292 ποιεῖ·
603 4238 631 4290 ὃ
673 4237 908 4309 μάλιστα
938 4239 1034 4292 καὶ
1076 4239 1466 4312 χαρακτηρίζει
1496 4241 1588 4296 τὸν
1629 4242 1762 4315 ἀληέ

199 4325 317 4381 θινὸν
360 4331 531 4396 Θεὸν,
562 4331 646 4383 ὅτι
695 4329 822 4384 Υἱοῦ
847 4330 1040 4402 Πατήρ
1061 4332 1176 4386 ἐστι
1195 4370 1210 4396 ,
1254 4330 1402 4401 λέγει
1432 4332 1562 4401 γοῦν
1585 4350 1599 4363 '
1635 4353 1655 4386 ι
1707 4321 1763 4388 Ὀ

197 4415 306 4483 Θεὸς
347 4426 415 4494 τῇ
472 4423 636 4494 σοφία
681 4421 1010 4493 ὲθεμελίωσε
1047 4422 1148 4494 τὴν
1190 4422 1323 4494 τῆν’
1365 4442 1384 4475 ι
1432 4424 1525 4478 καὶ
1559 4424 1721 4478 πάλιν
1749 4444 1762 4459 σ

1887 2012 2015 2068 facti
2048 2019 2178 2068 sunt
2207 2014 2288 2080 ἀς
2323 2033 2343 2066 ι
2383 2013 2628 2068 haeretici
2651 2027 2782 2068 vero
2799 2013 3050 2068 eruditos
3075 2027 3218 2078 esse,
3258 2028 3318 2068 se
3338 2013 3465 2077 rati,

1885 2105 2060 2162 aversi
2089 2114 2242 2170 sunt,
2275 2113 2332 2162 et
2362 2113 2593 2176 peccant
2638 2107 2862 2178 proprio
2886 2105 3100 2177 judicio
3137 2104 3471 2161 condemna-

1883 2196 1927 2250 ti
1953 2197 2017 2254 ”.
2052 2195 2285 2268 Sapiens
2330 2212 2460 2252 vero
2490 2197 2539 2254 si
2583 2197 2770 2254 divina
2821 2198 3043 2268 eloquia
3097 2196 3352 2265 audierit,
3381 2212 3472 2252 sa-

1882 2289 2124 2360 pientior
2161 2291 2292 2346 erit.
2326 2291 2542 2347 Etenim
2598 2291 2647 2346 si
2697 2288 3094 2362 legitimaDei
3140 2289 3380 2346 audierit
3416 2297 3472 2344 et

1882 2380 2230 2447 custodierit,
2266 2387 2320 2436 et
2353 2381 2411 2437 in
2444 2379 2737 2452 disciplina
2772 2380 2991 2437 Domini
3036 2379 3320 2452 negligens
3357 2393 3470 2436 non

1882 2472 2074 2540 fuerit,
2109 2489 2212 2530 nec
2243 2473 2301 2528 in
2330 2489 2396 2530 ea
2426 2473 2717 2541 defecerit,
2737 2473 2885 2530 filius
2910 2473 3142 2543 sapiens.
3161 2471 3374 2535 evadet,
3415 2477 3470 2530 et

1879 2565 2142 2622 eruditus
2162 2566 2339 2621 factus
2360 2564 2732 2637 cognitionem
2758 2565 2855 2620 Dei
2885 2564 3176 2621 confestim
3213 2565 3466 2636 accipiet.

1885 2656 2001 2714 Hac
2023 2658 2170 2714 enim
2221 2657 2504 2728 sapientes
2552 2656 2943 2714 instituuntur.
2975 2654 3304 2712 Sermonum
3331 2670 3466 2712 vero

1881 2750 2216 2821 prudentum
2261 2749 2597 2814 intellectus,
2629 2747 2884 2804 doctrina
2931 2757 3017 2805 est
3066 2749 3137 2803 de
3187 2748 3308 2802 solo
3339 2762 3468 2804 vero

1881 2840 2011 2896 Deo.
2047 2839 2362 2896 Graecorum
2386 2854 2629 2910 namque
2673 2840 2766 2894 alii
2813 2855 3018 2910 corpus
3053 2855 3176 2896 esse
3212 2841 3468 2895 dixerunt

1880 2933 2082 3001 Deum,
2149 2934 2244 2988 alii
2310 2933 2627 2990 simulacris
2700 2933 2868 2988 etiam
2941 2933 3121 3004 ipsum
3194 2932 3467 2990 assimila-

1878 3033 2028 3082 runt.
2114 3024 2370 3081 Haaretici
2429 3040 2560 3081 vero
2623 3032 2678 3081 et
2739 3025 2846 3097 ipsi
2907 3025 2962 3080 in
3019 3025 3133 3082 veri
3197 3026 3470 3097 cognitio-

1878 3135 1947 3175 ne
1979 3119 2356 3189 desipuerunt.
2405 3116 2702 3190 Propterea
2741 3112 2832 3172 hic
2893 3116 2962 3173 de
3013 3133 3140 3175 vera
3191 3119 3469 3190 cognitio-

1879 3225 1948 3266 ne
2024 3208 2118 3265 Dei
2185 3209 2301 3264 haac
2356 3219 2597 3264 enarrat.
2673 3207 2830 3276 Quod
2890 3209 3110 3281 quidem
3173 3211 3464 3268 ineﬂabilis

1876 3304 1991 3362 sit:
2035 3321 2053 3354 ι
2081 3289 2275 3358 Ὀιοι-ἰα
2306 3299 2403 3356 Dei
2461 3302 2750 3358 abscondit
2799 3301 3028 3358 verbum
3059 3303 3128 3357 θ’.
3169 3321 3189 3354 ι
3223 3302 3300 3359 De
3337 3317 3466 3373 pro-

1873 3396 2113 3453 videntia
2155 3410 2286 3452 vero
2334 3394 2485 3451 illius
2524 3395 2607 3452 sic
2656 3395 2941 3468 loquitur:
2979 3416 2999 3449 ι
3039 3399 3102 3452 1n
3145 3397 3293 3452 omni
3341 3397 3464 3452 loco

1877 3489 2039 3561 119
2083 3488 2227 3545 oculi
2271 3487 2486 3543 Domini
2535 3489 2980 3559 contemplantur
3028 3489 3204 3546 bonos
3247 3495 3303 3544 et
3347 3505 3463 3544 ma-

1874 3584 1956 3639 los
1981 3582 2048 3637 ".
2086 3601 2106 3635 ›
2135 3579 2203 3635 Et
2225 3581 2420 3636 iterum
2461 3599 2474 3634 :
2525 3598 2543 3632 ι
2578 3579 2756 3650 ,Βίνθε
2793 3588 2848 3636 et
2888 3596 3096 3652 pauper
3130 3582 3268 3636 alter
3304 3581 3464 3638 alteri

1872 3679 2265 3739 occurrerunt,
2292 3680 2555 3744 utrosque
2589 3687 2717 3728 vero
2748 3671 2877 3729 fecit
2907 3672 3170 3730 Dominus
3192 3674 3258 3727 ’⁵.
3288 3693 3308 3726 ι
3344 3675 3411 3728 Et
3442 3692 3457 3729 :

1881 3787 1900 3820 ι
1947 3767 2087 3823 Dum
2117 3765 2453 3822 conveniunt
2491 3765 2792 3822 fmnerator
2826 3779 2891 3821 ac
2927 3765 3164 3830 debitor,
3195 3773 3460 3836 utrosque

1872 3861 2190 3932 speculatur
2245 3857 2516 3914 Dominus.
2562 3857 2630 3917 ",.
2691 3856 2730 3911 ιΔ
2771 3857 2838 3911 Ει
2883 3876 2898 3914 :
2945 3874 2964 3909 ι
3026 3856 3167 3913 Sunt
3209 3859 3355 3914 enim
3403 3859 3462 3914 in

1870 3959 2168 4024 conspectu
2217 3951 2506 4006 oculorum
2535 3950 2643 4019 .Dei
2681 3950 2784 4006 viae
2835 3950 2972 4015 viri,
3025 3958 3082 4007 et
3122 3966 3316 4008 omnes
3368 3967 3460 4007 or-

1869 4046 2012 4102 bitas
2055 4044 2178 4115 ejus
2222 4043 2540 4115 speculatur
2569 4043 2634 4096 ".
2696 4063 2716 4096 ι
2756 4041 3032 4100 Iudicium
3083 4060 3302 4117 quoque
3339 4045 3460 4115 ejus

1868 4146 2305 4203 commemorat,
2372 4135 2639 4193 dicens]:
2705 4156 2724 4190 ι
2794 4138 3076 4194 Sacrificia
3139 4139 3458 4210 impiorum,

1868 4232 2305 4288 abominationes
2337 4238 2466 4287 sunt
2495 4229 2713 4288 Domini
2745 4251 2758 4288 :
2791 4240 2919 4288 vota
2954 4241 3137 4289 autem
3173 4241 3319 4289 recte
3341 4248 3459 4288 am-

1867 4324 2199 4391 bulantium,
2226 4334 2452 4397 accepta
2476 4319 2781 4397 sunt'apnd
2813 4344 2938 4382 eum
2964 4328 3033 4381 ’⁷.
3073 4348 3092 4380 ι
3124 4327 3185 4382 Et
3213 4327 3409 4383 iterum
3440 4344 3456 4382 :

1874 4435 1891 4468 ι
1939 4415 2142 4472 Domos
2185 4417 2623 4472 conviciatorum
2666 4418 2903 4490 dissipat
2945 4419 3233 4484 Dominus,
3279 4421 3460 4474 ﬁrmat

201 4510 408 4584 (Κύριος
434 4513 662 4584 εποίησε
692 4511 902 4593 χώρας,
940 4513 1034 4566 καὶ
1051 4512 1360 4584 ἀοικήτους,
1393 4515 1487 4568 καὶ⁹
1516 4514 1661 4587 ἄκρα
1689 4517 1766 4569 ol-

1881 4516 2052 4564 autem
2085 4510 2382 4565 terminum
2426 4510 2605 4565 viduae
2640 4510 2707 4564 ⁸⁸.
2755 4532 2772 4564 ι
2812 4510 3098 4583 Opificium
3138 4527 3266 4566 vero
3308 4511 3458 4566 illius

196 4600 408 4672 κούμενα
441 4603 544 4674 τῆς
571 4603 663 4656 ὑπ’
690 4601 942 4674 ούρανόν.
974 4601 1166 4655 Ἦνίκα
1189 4602 1452 4675 ἡτοίμαζε
1485 4604 1575 4658 τὸν
1601 4606 1764 4678 ούραρ

195 4688 283 4758 νὺν,
310 4695 688 4767 συμπαρήμην
717 4693 886 4766 αύτῷ,
921 4695 1018 4748 καὶ
1043 4694 1131 4747 ὅτε
1175 4693 1418 4766 ἀφώριζε
1449 4695 1542 4750 τὸν
1569 4697 1762 4751 ἑαυτοῦ

197 4782 354 4855 θρόνον
375 4788 472 4842 ἐπ’
490 4788 729 4860 ἀνέμων,
754 4789 920 4860 ἡνίκα
951 4786 1148 4860 ἰσχυρὰ
1176 4772 1347 4841 ἐποίει
1367 4787 1435 4842 τὰ
1461 4790 1572 4844 ἄνω
1602 4790 1760 4864 νέφη,

198 4876 316 4950 ήμην
353 4880 489 4952 παρ’
533 4879 682 4952 αύτῷ
724 4879 1059 4960 ἁρμόζουσα.
1110 4879 1253 4950 Ἐγὼ
1302 4881 1450 4953 ἤμην
1591 4901 1762 4954 προσ-

195 4964 369 5042 ἔχαιρε,
400 4973 525 5026 καθ’
558 4972 769 5045 ἡμέραν
791 4972 849 5026 δὲ
885 4973 1257 5045 εὐφραινόμην
1283 4974 1340 5026 ἐν
1363 4973 1640 5047 προσώπῳ
1661 4976 1760 5043 ar)-

195 5061 285 5117 τοῦ.
317 5085 335 5118 ι
374 5065 820 5138 Στροφαὶηλόγων
851 5068 1098 5139 εἴρηνται
1123 5084 1137 5098 ·
1178 5067 1366 5138 ἐπειδὴ
1401 5069 1650 5140 στρέφων
1674 5086 1760 5133 τις

195 5153 359 5221 αὐτοὺς
389 5161 457 5230 τῇ
483 5158 714 5232 διανοίᾳ,
739 5159 944 5229 ἀνοίγει
971 5161 1064 5214 καὶ
1096 5160 1340 5232 εὑρίσκει
1363 5161 1456 5215 τὸν
1487 5163 1544 5214 ἐν
1573 5163 1760 5227 αὐτοῖς

195 5241 480 5320 ἐγκείμενον
510 5249 663 5302 νοῦνο
695 5244 786 5311 οἷά
810 5251 936 5305 είσι·
977 5271 997 5303 ‹
1051 5251 1292 5325 Διεσώθη
1341 5252 1450 5307 ἀπὸ
1494 5252 1588 5306 τοῦ
1623 5253 1758 5309 καύ-

198 5352 330 5405 ματος
357 5340 474 5406 υίὸς
498 5343 590 5413 νοή
601 5359 738 5413 μων,
757 5343 1131 5416 ἀνεμόφθορος
1158 5344 1214 5396 δὲ
1246 5345 1456 5413 γίνεται
1478 5347 1537 5398 ἐν
1559 5344 1756 5418 ἁμητῷ

195 5428 281 5493 υίὸς
319 5431 670 5504 παράνομος·
715 5453 733 5484 ι
774 5435 868 5487 καὶ
900 5433 1064 5488 πάλιν
1089 5452 1102 5466 ο
1143 5454 1160 5485 ι
1217 5435 1511 5508 Ἐπιμελοῦ
1552 5436 1664 5488 τῶν
1697 5438 1756 5491 ὲν

193 5520 252 5591 τῷ
290 5525 455 5596 πεδίῳ
501 5525 757 5598 χλωρῶν,
791 5529 886 5580 καὶ
917 5529 1100 5598 κερεῖς
1146 5527 1319 5586 πόαν,
1364 5527 1458 5580 καὶ⁸
1485 5527 1755 5597 συνάγαγε

194 5607 350 5680 χόρτον
389 5613 618 5685 ὀρεινὸν,
649 5615 736 5669 ἵνα
783 5615 916 5688 ἔχῃς
962 5614 1210 5684 πρόϐατα
1243 5617 1324 5680 εἰς
1356 5617 1650 5687 ἱματισμόν
1673 5637 1686 5649 ·
1731 5640 1748 5671 ι

221 5841 281 5920 ,η
315 5841 473 5920 nam.
511 5847 928 5920 1.12.7??Tit.
966 5867 1050 5913 ιιι,
1089 5851 1176 5908 ιι.
1254 5852 1298 5885 οι
1339 5852 1502 5909 Prov.
1541 5851 1761 5916 my?-

198 5905 259 5966 ιδ.
315 5914 359 5944 ο·
397 5905 558 5972 Prov.
593 5934 643 5970 ν.
681 5918 772 5975 et.
849 5922 890 5952 θ’
935 5905 1072 5978 Prol;
1131 5905 1224 5994 ἕν,
1258 5922 1310 5978 8.

1389 5925 1432 5956 ’⁸
1476 5925 1606 5980 ibid.
1814 5930 1858 5961 "
1901 5930 2059 5985 Prov.
2103 5949 2182 5996 ill,
2230 5932 2308 5985 ll).

1870 4615 1980 4655 non
2030 4602 2374 4672 simpliciter,
2417 4602 2513 4658 sed
2547 4617 2613 4658 eo
2658 4604 2803 4673 quod
2835 4619 2932 4674 per
2966 4604 3224 4668 Verbum,
3261 4619 3326 4658 ac
3369 4618 3457 4658 sa-

1872 4694 2132 4763 pientiam
2168 4710 2325 4750 suam
2365 4702 2566 4750 cuncta
2607 4695 2815 4753 faciat:
2853 4698 2960 4768 qui»~
2977 4698 3302 4768 potissimus
3341 4699 3457 4752 veri

1869 4785 1964 4842 Dei
1996 4786 2284 4842 character
2318 4795 2424 4855 est,
2466 4788 2613 4859 quod
2646 4790 2718 4845 sit
2747 4788 2871 4845 Filii
2903 4789 3083 4846 Pater.
3118 4791 3206 4844 Ait
3237 4790 3404 4860 igitur
3438 4807 3453 4844 :

1876 4897 1894 4929 ι
1936 4877 2216 4948 Sapientia
2247 4877 2395 4935 Deus
2419 4877 2914 4935 fundavitderram
2944 4881 3011 4934 ”.
3052 4899 3070 4932 ι
3110 4879 3176 4934 Ει
3204 4881 3402 4934 iterum
3437 4899 3452 4935 :

1875 4987 1893 5022 ι
1937 4968 2202 5024 Dominus
2242 4967 2372 5025 fecit
2400 4970 2653 5043 regiones
2677 4977 2732 5024 et
2756 4969 2997 5033 deserta,
3028 4977 3081 5024 et
3113 4971 3457 5025 summitates

1870 5061 2144 5117 habitatas
2171 5061 2294 5133 ejus
2319 5077 2442 5133 quae
2482 5064 2588 5121 sub
2619 5063 2760 5119 coelo
2788 5073 2894 5120 est.
2921 5063 3152 5130 Quando
3177 5076 3458 5131 »τερατο-

1867 5153 1959 5208 bat
1991 5153 2212 5217 coelum,
2259 5153 2480 5211 aderam
2511 5157 2616 5227 ipsi
2655 5173 2668 5208 :
2709 5157 2932 5226 quando
2978 5157 3268 5225 separabat
3297 5155 3455 5210 tln'o-

1866 5263 2004 5302 num.
2045 5263 2205 5302 suum
2249 5262 2416 5320 supra
2457 5260 2672 5314 ventos,
2714 5249 2933 5320 quando
2974 5247 3184 5302 validas
3221 5247 3456 5304 faciebat

1861 5340 2100 5411 desuper
2144 5340 2344 5405 nubes,
2390 5358 2514 5398 cum
2554 5358 2621 5399 eo
2653 5357 2804 5398 eram
2852 5348 3052 5395 cuncta
3095 5354 3452 5410 componens.

1861 5431 1976 5504 Ego
1997 5448 2148 5488 eram
2178 5434 2232 5488 in
2261 5449 2368 5505 qua
2398 5435 2709 5500 laetabatur,
2745 5434 2979 5505 singulis
3011 5432 3457 5490 diebuslaetahar

1864 5527 1920 5581 in
1954 5535 2255 5596 conspectu
2292 5529 2440 5585 illius
2472 5531 2514 5582 ¹.
2561 5548 2579 5580 ι
2622 5527 2872 5599 Stropba:
2908 5544 3127 5600 quoque
3159 5530 3453 5585 verborum
3504 5549 3508 5553 ·

1862 5618 2054 5674 insunt
2091 5619 2182 5674 isti
2221 5620 2362 5674 libro
2395 5639 2407 5674 :
2445 5635 2570 5676 nam
2606 5621 2653 5676 si
2681 5621 2810 5692 quis
2840 5637 2903 5678 ea
2928 5631 3110 5680 mente
3139 5633 3340 5684 verset.
3371 5641 3453 5679 re-

2387 5859 2433 5892 ³³
2470 5858 2634 5916 Prov.
2682 5876 2830 5916 xm.
2874 5859 2926 5913 ‘2.
3008 5860 3051 5891 ”
3094 5853 3252 5914 Prov.
3293 5869 3445 5918 xxxx,

2402 5936 2415 5962 ³
2461 5933 2594 5988 ibid.
2627 5931 2816 5986 26-51.

1839 5859 1884 5891 ⁹³
1925 5859 2085 5914 Prov.
2128 5877 2218 5923 xv,
2257 5861 2309 5915 5‘.
