3958 6488
536 370 642 428 303

1739 377 1797 432 ὃ.
1837 374 2300 436 ATIIANASIUS.
2330 410 2401 422 —
2433 380 2658 440 DUBIA.

3651 383 3762 440 3‘44

535 486 740 543 serabit
795 499 860 540 ac
904 483 1140 542 inveniet
1197 489 1524 545 sententiam
1586 490 1640 545 in
1708 491 1843 561 ipsis
1911 493 2092 549 sitam.

2198 495 2290 550 καὶ
2335 495 2529 551 πάλιν·
2565 517 2584 550 r
2629 497 2754 552 ’Ἐὰν
2798 495 3029 570 καθίσῃς
3077 497 3308 552 δειπνεῖν
3356 497 3447 553 ἐπὶ
3484 500 3765 570 τραπέζης

534 577 730 646 Qualia
759 584 886 633 sunt
913 577 1029 632 haec
1059 596 1073 632 :
1111 595 1130 628 ι
1170 575 1464 636 Incolumis
1496 583 1667 637 evasit
1692 583 1760 638 ab
1791 592 1926 638 aestu
1951 585 2095 641 (ilius

538 667 866 738 intelligens,
906 670 1274 738 corrumpitur
1320 678 1503 726 autem
1546 685 1575 724 a
1637 681 1798 727 vento
1830 674 1885 728 in
1919 691 2097 732 messe

540 762 682 817 (ilius
726 763 941 832 iniquus
970 765 1010 817 ’.
1051 781 1070 813 ι
1106 760 1172 816 Et
1191 762 1390 818 iterum
1437 781 1449 817 :
1488 782 1506 814 ι
1540 761 1782 820 Sollicite
1816 780 1947 820 cura
1979 782 2098 837 quae

539 853 593 906 in
623 869 750 925 agro
775 865 903 909 sunt
941 853 1158 919 viridia,
1192 861 1248 909 et
1278 854 1502 909 herbam
1539 855 1798 918 demetes,
1823 872 1884 911 ac
1915 857 2096 914 fenum

537 955 851 1001 montanum
885 948 1098 1018 collige,
1130 955 1198 1002 ιιι·
1212 962 1340 1003 oves
1368 947 1570 1004 habeas
1597 950 1663 1003 ad
1693 951 1943 1005 vestitum
1978 952 2020 1006 ³.
2073 971 2091 1005 ι

536 1036 601 1090 Ει
631 1055 824 1095 rursus
850 1060 862 1094 :
892 1059 911 1092 ι
946 1040 1003 1095 Si
1027 1042 1256 1096 conviva
1283 1042 1490 1098 sederis
1515 1042 1579 1096 ad
1603 1056 1813 1098 ccenam
1838 1043 1891 1097 in
1911 1058 2098 1098 mensa

535 1138 870 1199 magnatum,
895 1143 1074 1187 mente
1090 1132 1362 1203 intelligas
1386 1148 1506 1203 qua:
1530 1141 1872 1203 apponuntur
1891 1134 1986 1190 tibi
2003 1135 2043 1188 ⁸.
2072 1154 2091 1189 ι

533 1219 601 1275 Ει
624 1221 728 1275 alia
761 1224 1088 1278 consimilia.
1112 1223 1266 1280 Vera:
1292 1225 1521 1295 justitia:
1555 1227 1731 1282 dictus
1769 1236 1845 1282 est
1889 1228 2098 1284 intelle-

534 1321 657 1369 ctus
696 1335 708 1370 :
745 1317 1001 1386 quoniam
1024 1314 1334 1373 diﬁereiiter
1358 1319 1576 1387 quidam
1612 1318 1837 1387 iustitia:
1863 1321 2098 1374 vocabu—

533 1405 645 1460 lum
703 1408 1000 1477 accipiunt,
1041 1409 1162 1464 aliis
1211 1409 1523 1465 dicentibus
1553 1410 1822 1479 justitiam
1866 1426 2006 1475 esse,
2049 1413 2097 1467 si

533 1500 722 1555 reddat
744 1503 866 1570 quis
896 1503 1041 1572 quod
1070 1502 1484 1558 custodiendum
1516 1503 1724 1572 accepit
1755 1523 1766 1556 :
1800 1502 1920 1558 aliis
1945 1519 2093 1568 vero,

533 1592 579 1644 si
622 1596 822 1647 malum
869 1595 1126 1650 reddatur
1154 1611 1252 1667 pro
1283 1593 1531 1659 malo,'et
1563 1595 1760 1650 bonum
1797 1611 1895 1665 pro
1930 1596 2094 1653 bono.

531 1681 853 1753 Hujusrnodi
888 1697 1068 1742 autem
1098 1687 1441 1743 deﬁnitiones
1473 1695 1676 1742 exacta:
1701 1702 1764 1742 ac
1793 1688 1953 1758 justas
1989 1703 2096 1742 non

533 1783 678 1830 sunt.
723 1776 800 1832 Ne
837 1779 1043 1834 dixeris
1069 1782 1234 1845 enim,
1268 1780 1388 1846 Quo
1415 1781 1506 1836 ille
1549 1796 1676 1852 erga
1710 1797 1796 1836 me
1841 1797 1974 1837 usus
2014 1789 2098 1836 est

531 1869 714 1932 modo,
747 1871 938 1927 eodem
973 1880 1099 1927 utar
1139 1889 1261 1944 ego,
1296 1889 1486 1944 poenas
1511 1875 1579 1930 de
1613 1877 1706 1929 illo
1733 1891 1966 1937 sumam,
1997 1890 2097 1945 pro

531 1957 730 2026 injuria
773 1977 880 2031 qua
920 1979 1006 2020 me
1040 1963 1238 2020 affecit.
1266 1964 1632 2030 Quamobrem
1673 1966 1782 2031 hic,
1822 1981 1942 2036 qua:
1969 1982 2096 2021 vera

530 2049 604 2104 sit
632 2051 869 2120 justitia,
899 2054 1057 2112 docet
1086 2075 1100 2111 :
1141 2071 1259 2111 eam
1297 2058 1548 2114 videlicet
1576 2074 1757 2114 veram
1787 2075 1910 2114 esse
1939 2059 2098 2130 justi-

530 2141 682 2208 tiam,
720 2144 766 2200 si
789 2147 1082 2217 unicuique
1113 2149 1259 2218 quod
1289 2165 1448 2204 suum
1477 2159 1562 2206 est
1587 2150 1866 2206 reddatur.
1905 2169 1924 2202 ι
1961 2150 2096 2206 Cum

529 2234 720 2304 primis
771 2235 1012 2303 honora,
1076 2239 1283 2309 inquit,
1335 2239 1622 2296 Dominum
1666 2243 1733 2298 de
1768 2243 1936 2313 justis
1987 2245 2095 2300 tuis

528 2327 830 2397 laboribus,
863 2340 915 2386 et
950 2333 1222 2402 primitias
1263 2335 1341 2389 illi
1378 2335 1470 2400 da,
1499 2336 1565 2390 de
1595 2337 1704 2392 tuis
1723 2337 1948 2407 justitia:
1981 2338 2097 2393 ιω-

506 2421 708 2476 .ctibus
750 2424 794 2476 ⁵.
825 2440 844 2472 ι
875 2421 1112 2479 Deinde:
1153 2445 1172 2476 ‹
1200 2423 1418 2481 Honora
1462 2441 1667 2496 regem,
1696 2436 1750 2482 et
1783 2429 2098 2498 parentibus

528 2511 766 2566 debitum
788 2513 980 2568 exhibe
1001 2514 1256 2577 olﬁcium,
1271 2518 1526 2573 omnibus
1547 2533 1696 2580 vero,
1715 2519 1860 2588 quod
1883 2534 2096 2588 aequum

525 2611 613 2658 est
635 2605 675 2656 ⁸.
717 2623 736 2656 ι
773 2602 838 2656 Ει
869 2605 959 2660 hic
1006 2607 1223 2675 quidem
1267 2622 1412 2664 unus
1441 2618 1526 2664 est
1561 2617 1741 2679 typus.
1785 2609 1934 2664 Alter
1973 2625 2099 2665 vero

525 2697 612 2743 est
642 2696 701 2742 ut
731 2691 974 2746 animum
1005 2709 1166 2748 suum
1194 2697 1428 2768 quisque
1455 2697 1735 2767 justiﬁcet,
1764 2700 2100 2769 aequabilita-

525 2791 635 2836 tem
680 2783 1077 2849 custodiendo,
1126 2786 1198 2841 ita
1239 2795 1300 2842 ut
1349 2805 1628 2859 nunquam
1669 2791 1723 2844 in
1767 2792 2097 2846 contrariam

527 2871 1014 2942 inaequabilitatem
1052 2875 1326 2934 declinet:
1362 2878 1458 2934 sed
1492 2881 1691 2934 rationi
1723 2881 2092 2951 obtemperet:

525 2963 604 3020 Ne
623 2966 766 3020 malo
785 2968 1017 3024 consilio
1038 2983 1148 3042 quo
1162 2970 1467 3039 juventutis
1492 2973 1739 3028 doctrina
1762 2974 2094 3044 repudiatur,

522 3059 759 3128 capiaris
805 3080 820 3117 :
851 3062 960 3117 'sed
998 3077 1122 3117 cum
1158 3065 1393 3119 consilio
1431 3065 1616 3119 omnia
1647 3066 1837 3132 facias,
1869 3075 1921 3122 et
1949 3067 2097 3137 cogi-

2197 587 2472 643 δυναστῶν
2491 629 2506 653 ,
2532 589 2740 662 νοητῶς
2780 590 2889 644 νόει
2916 589 2985 643 τά
3017 589 3423 664 παρατιθέμενά
3456 607 3556 644 σοι.
3600 611 3619 644 ι
3652 594 3765 646 Καὶ

2197 680 2266 734 τά
2288 683 2445 752 ὃμοια
2465 683 2672 746 τούτοις
2693 681 3032 752 δικαιοσύνης
3053 683 3283 754 ἀληθοῦς
3303 684 3484 755 νόησις
3508 684 3719 756 εἴρηται
3743 700 3762 716 ·

2198 773 2384 845 ἐπειδή
2408 792 2548 838 τινες
2568 775 2838 847 διαφόρως
2863 774 3172 846 ὲξειλήφασι
3199 777 3260 830 τὸ
3286 776 3511 840 δίκαιον,
3531 777 3640 831 τῶν
3665 777 3767 848 μὲν

2197 862 2488 931 λεγόντων,
2516 864 2718 918 δίκαιόν
2753 866 2866 918 ἐστι
2896 865 2957 917 τὸ
2987 865 3294 919 ἀποδιδόναι
3322 865 3465 938 άπερ
3495 867 3653 921 ἔλαϐέ
3683 886 3768 932 τις

2199 955 2429 1024 φυλάξαι
2457 971 2470 986 ο
2505 955 2610 1009 τῶν
2635 956 2691 1009 δὲ
2712 997 2726 1018 ,
2756 956 2818 1008 τὸ
2848 956 3045 1009 διδόναι
3092 957 3256 1012 κακὸν
3300 960 3420 1012 ἀντὶ
3448 958 3642 1022 κακοῦ,
3673 961 3770 1013 καὶ

2199 1047 2400 1116 ἀγαθὸν
2433 1047 2552 1099 ἀντὶ
2579 1045 2803 1114 ἀγαθοῦ.
2835 1047 3127 1116 Συμὸαίνει
3152 1047 3207 1100 δὲ
3242 1048 3314 1118 μὴ
3352 1047 3602 1118 ἀκριϐεῖς
3630 1044 3768 1102 εἶναι

2197 1141 2322 1200 τοὺς
2367 1138 2633 1202 τοιούτους
2677 1138 2852 1210 ὅρους.
2893 1138 2984 1209 Μὴ
3025 1136 3186 1209 εἴπῃς
3236 1138 3380 1208 γὰρ,
3421 1141 3514 1191 Ὃν
3567 1139 3769 1208 τρόπον

2197 1230 2465 1300 ἐχρήσατό
2499 1247 2623 1299 μοι,
2672 1230 2944 1300 χρήσομαι
2991 1229 3168 1299 αύτῷ,
3215 1230 3432 1300 τίσομαι
3461 1230 3517 1282 δὲ
3543 1229 3706 1283 αὑτὸν
3734 1230 3770 1284 ἆ

2200 1339 2268 1393 με
2300 1322 2539 1393 ⁴ἢδίκησε.
2574 1323 2672 1376 Διά
2696 1323 2852 1376 τοῦτο
2893 1319 3045 1386 οὗτος
3071 1323 3168 1395 τὴν
3213 1323 3387 1394 ἀληθῆ
3425 1322 3770 1394 δικαιοσύνην

2196 1411 2454 1476 διδάσκει,
2486 1414 2566 1466 ὅτι
2607 1413 2763 1466 τοῦτό
2806 1416 2919 1468 ἐστι
2961 1413 3022 1466 τὸ
3067 1412 3280 1484 άληθῶς
3318 1413 3542 1475 δίκαιον,
3577 1414 3770 1467 ἀποδι-

2199 1502 2343 1557 δόναι
2377 1505 2592 1575 ἑκάστῳ
2613 1504 2673 1558 τὸ
2697 1505 2844 1560 ἴδιον.
2884 1525 2902 1558 ι
2921 1505 3352 1577 Προηγουμένως
3390 1506 3487 1576 μὲν
3515 1505 3651 1574 τίμα
3681 1506 3772 1558 τὸν

2199 1595 2400 1666 Κύριον
2427 1597 2533 1650 ἀπὸ
2565 1596 2672 1652 σῶν
2706 1597 2927 1653 δικαίων
2965 1598 3140 1650 πόνων
3163 1637 3178 1660 ,
3208 1598 3301 1650 καὶ
3343 1597 3590 1668 ἀπάρχου
3623 1596 3775 1667 αὐτῷ

2199 1687 2305 1741 ἀπὸ
2322 1687 2429 1740 σῶν
2445 1689 2670 1760 καρπῶν
2696 1689 3058 1761 δικαιοσύνης.
3081 1709 3100 1740 ι
3125 1690 3353 1742 Ἔπειτα
3370 1704 3382 1716 ’
3401 1707 3418 1739 ι
3445 1687 3591 1759 Τίμα
3622 1688 3774 1758 βασι-

2199 1779 2314 1844 λέα,
2338 1781 2430 1834 καὶ
2459 1784 2568 1844 τοῖς
2591 1782 2687 1852 μὲν
2708 1782 2922 1850 γονεῦσι
2944 1782 3002 1834 τὸ
3029 1781 3266 1851 καθῆκον
3281 1779 3548 1844 άποδίδου,
3575 1783 3692 1844 τοῖς
3718 1779 3775 1832 δὲ

2199 1874 2331 1926 πᾶσι
2359 1873 2419 1926 τὸ
2449 1875 2580 1928 ἴσον.
2625 1892 2642 1924 ι
2699 1874 2807 1928 Καὶ
2840 1866 2994 1938 οὗτος
3039 1873 3136 1944 μὲν
3169 1867 3248 1937 εἷς
3293 1872 3486 1937 τύπος·
3522 1871 3776 1943 δεύτερος

2195 1963 2250 2016 δὲ
2280 1963 2519 2016 δικαιοῦν
2539 1964 2636 2036 τὴν
2659 1964 2833 2036 ψυχὴν
2863 1965 3073 2029 ἑαυτοῦ,
3098 1965 3196 2036 τὴν
3220 1964 3438 2034 ἰσότητα
3462 1963 3771 2033 φυλάττειν,

2195 2054 2334 2109 ὥστε
2368 2056 2442 2128 μὴ
2475 2057 2673 2110 κλίνειν
2703 2058 2782 2120 είς
2812 2056 3128 2127 ἀνισότηταο
3157 2055 3292 2110 ἀλλὰ
3311 2055 3390 2127 τῷ
3415 2057 3510 2127 μὲν
3535 2054 3768 2127 λογικῷ·

2196 2150 2287 2220 Μή
2346 2167 2404 2202 σε
2463 2150 2743 2223 καταλάϐῃ
2791 2150 2951 2220 βουλὴ
2987 2150 3152 2220 κακὴ,
3197 2150 3230 2220 ἡ
3286 2148 3655 2203 ἀπολείπουσα
3697 2147 3777 2202 δι-

2195 2241 2486 2295 δασκαλίαν
2522 2241 2790 2314 νεότητος,
2835 2239 2968 2294 ἀλλά
3001 2241 3138 2312 μετὰ
3173 2239 3364 2312 βουλῆς
3400 2240 3576 2293 πάντα
3605 2237 3774 2303 ποίει,

2197 2335 2290 2387 καὶ
2315 2335 2364 2387 oi
2393 2333 2638 2404 λογισμοί
2675 2351 2765 2387 σου
2805 2333 3044 2387 ἔστωσαν
3087 2333 3361 2405 κρίματα*
3390 2333 3529 2386 ὥστε
3564 2333 3775 2404 κρίνειν

2198 2428 2388 2482 ἑαυτὸν
2417 2428 2664 2490 ἕκαστον,
2699 2427 2792 2480 καὶ
2824 2426 2921 2498 τὴν
2953 2428 3048 2498 μὲν
3079 2426 3370 2497 ἐπιθυμίαν
3416 2428 3595 2480 πᾶσαν
3629 2425 3776 2496 ἔχειν

2197 2517 2446 2587 ἀγαθήν·
2498 2517 2761 2588 ἐπιθυμία
2802 2517 2910 2589 γάρ
2947 2517 3168 2571 δικαίων
3215 2520 3365 2572 πᾶσα
3414 2517 3631 2588 ἀγαθὴ,
3682 2517 3778 2570 καὶ

2199 2610 2461 2681 ἐπιθυμία
2485 2611 2693 2664 δικαίου
2731 2611 2914 2683 δεκτή,
2952 2611 3106 2664 Κατά
3139 2611 3193 2663 δὲ
3225 2611 3286 2664 τὸ
3329 2610 3555 2682 θυμικόν
3576 2627 3589 2639 -
3627 2629 3644 2660 ι
3679 2609 3774 2680 Μὴ

2200 2701 2308 2755 ίσθι
2339 2702 2549 2772 ἑταῖρος
2587 2700 2741 2772 ἀνδρὶ
2775 2700 3029 2771 θυμώδει,
3050 2701 3188 2772 φίλῳ
3221 2701 3277 2754 δὲ
3311 2701 3510 2773 ὀργίλῳ
3540 2700 3614 2772 μὴ
3644 2717 3773 2754 συν-

2198 2792 2435 2857 αυλίζου.
2467 2791 2623 2846 Ὅλον
2650 2793 2758 2864 γάρ
2808 2793 2898 2846 τὸν
2927 2793 3097 2864 θυμὸν
3121 2794 3284 2847 αὐτοῦ
3319 2794 3538 2866 ἐκφέρει
3560 2794 3771 2864 ἄφρων·

2196 2887 2224 2938 0
2249 2884 2304 2938 δὲ
2343 2884 2501 2954 σοφὸς
2533 2885 2847 2956 ταμιεύεται
2873 2885 3013 2939 κατά
3041 2886 3226 2957 μέρος.
3264 2906 3283 2938 ι
3318 2887 3470 2940 Οὖτω
3495 2887 3552 2939 δὲ
3579 2885 3775 2941 ἑαυτὸν

2203 2975 2480 3049 ῥυθμίζων
2509 2977 2792 3048 ἄνθρωπος
2816 3017 2830 3041 ,
2866 2977 2958 3030 καὶ
3002 2978 3100 3049 τὴν
3131 2978 3262 3030 ἰδίαν
3306 2978 3534 3030 ἑκάστου
3576 2977 3775 3048 μέρους

2197 3071 2293 3142 τῆς
2317 3069 2493 3141 ψυχῆς
2526 3069 2722 3140 πρᾶξιν
2754 3070 2880 3139 ὑγιῆ
2925 3071 3017 3122 καὶ¹
3061 3071 3217 3141 ἀσινῆ
3257 3069 3564 3139 φυλάττων,
3620 3069 3776 3122 ἔσται

525 3153 764 3209 taliones
803 3163 910 3210 tuae
959 3156 1072 3211 sint
1102 3156 1330 3226 judicia,
1374 3157 1448 3211 ita
1489 3165 1550 3211 ut
1585 3158 1823 3227 seipsum
1862 3157 2094 3228 quisque

2198 3160 2478 3230 γινώσκων
2505 3161 2602 3232 τὴν
2631 3161 2803 3232 ἀληθῆ
2831 3161 3194 3233 δικαιοσύνην.
3224 3161 3484 3232 Κρίματα
3505 3160 3560 3214 δὲ
3581 3178 3779 3213 κατευ-

519 3241 750 3310 judicet,
776 3252 830 3300 et
851 3260 1013 3300 omne
1043 3247 1374 3303 desiderium
1407 3249 1638 3320 probum
1667 3250 1862 3305 habeat
1892 3270 1904 3304 :
1936 3265 2095 3306 omne

523 3337 724 3407 quippe
756 3339 1033 3405 justorum
1062 3339 1392 3396 desiderium
1427 3343 1627 3397 bonum
1668 3349 1772 3404 est,
1807 3350 1862 3396 et
1889 3357 2094 3396 concu-

524 3427 786 3496 piscentia
812 3430 948 3499 justi
984 3439 1207 3502 accepta
1232 3439 1336 3486 est.
1371 3429 1527 3497 Quod
1550 3440 1729 3486 autem
1757 3431 2094 3487 iracundiam

524 3529 738 3591 spectat
790 3541 803 3576 :
853 3542 872 3575 ι
921 3523 999 3579 Ne
1038 3523 1115 3579 sis
1171 3523 1402 3587 amicus,
1443 3522 1655 3591 inquit,
1695 3523 1812 3576 viro
1865 3522 2093 3588 furioso,

522 3623 578 3670 et
605 3617 781 3671 amico
802 3617 1066 3673 iracundo
1095 3633 1162 3672 ne
1189 3616 1490 3670 cohabites.
1518 3613 1745 3669 Omnem
1775 3615 1918 3671 enim
1958 3615 2096 3669 iram

525 3723 680 3762 suam
733 3711 928 3765 emittit
992 3709 1257 3781 insipiens
1313 3727 1327 3764 :
1378 3707 1597 3778 sapiens
1655 3723 1782 3763 vero
1831 3709 1977 3762 illam
2029 3724 2096 3762 ex

522 3809 680 3870 parte
709 3801 956 3856 recondit
991 3803 1032 3856 '.
1078 3822 1095 3854 ι
1132 3800 1238 3867 Qui
1262 3801 1504 3871 seipsum
1542 3801 1610 3856 ad
1651 3802 1798 3855 hunc
1823 3800 2096 3870 componit

525 3893 768 3956 modum,
792 3902 846 3947 et
871 3894 1114 3965 singulas
1141 3895 1410 3963 cujusque
1433 3894 1607 3965 partis
1637 3893 1831 3948 animae
1855 3892 2096 3946 actiones

525 4000 689 4039 sanas
720 3993 773 4039 et
807 3986 1075 4040 innocuas
1104 3987 1380 4054 custodit,
1413 3987 1460 4041 is
1489 3987 1705 4040 demum
1735 4000 1917 4040 veram
1945 3983 2097 4055 agni-

525 4085 681 4132 turus
711 4087 795 4132 est
827 4078 1117 4147 justitiam.
1151 4077 1369 4133 Iudicia
1420 4093 1549 4133 vero
1587 4078 1825 4148 dirigere
1872 4075 2096 4145 potissi-

525 4185 673 4222 mum
729 4171 949 4238 quidem
1012 4179 1117 4236 est,
1187 4170 1336 4239 juste
1395 4170 1696 4226 secundum
1763 4169 1934 4238 legem
2005 4166 2097 4222 Dei

519 4261 787 4330 judicare,
828 4273 889 4316 ut
938 4264 1013 4318 ait
1048 4283 1060 4318 :
1102 4282 1121 4315 ι
1176 4263 1342 4334 Aperi
1386 4279 1450 4319 os
1485 4271 1638 4317 tuum
1680 4261 1848 4316 verbo
1889 4261 2014 4325 Dei,
2045 4268 2099 4315 et

524 4367 657 4406 sane
690 4353 757 4408 de
778 4355 1034 4409 omnibus
1078 4353 1287 4424 judica.
1323 4353 1624 4424 Pauperem
1666 4367 1794 4406 vero
1838 4359 1893 4406 et
1937 4349 2099 4406 imbe-

522 4443 702 4498 cillem
728 4443 987 4514 dijudira.
1017 4446 1121 4512 Qui
1148 4461 1384 4516 namque
1413 4445 1545 4500 dicit
1573 4445 1642 4499 de
1674 4444 1840 4514 impio
1869 4458 1881 4494 :
1907 4441 2098 4498 Justus

2198 3251 2375 3305 θύνειν
2409 3252 2523 3304 ἐστὶ
2547 3254 2968 3324 προηγουμένως
3004 3252 3103 3323 μὲν
3141 3251 3345 3322 κρίνειν
3363 3251 3603 3322 δικαίως
3634 3251 3778 3304 κατά

2195 3343 2286 3396 τὸν
2314 3343 2407 3396 τοῦ
2446 3342 2578 3397 Θεοῦ
2624 3343 2817 3414 νόμον,
2851 3342 2926 3406 ῶς
2957 3358 3120 3415 φησιο
3167 3361 3184 3393 ι
3222 3342 3436 3409 ’Λνοιγε
3477 3341 3567 3394 σὸν
3601 3341 3778 3412 στόμα

2197 3435 2337 3506 λόγῳ
2363 3435 2518 3501 Θεοῦ,
2549 3435 2641 3489 καὶ
2675 3436 2826 3508 κρίνε
2857 3436 3062 3498 πάντας
3091 3433 3278 3503 ὑγιῶς.
3307 3434 3556 3504 Διάκρινε
3589 3433 3647 3485 δὲ
3681 3431 3779 3485 πέ-

2197 3545 2331 3599 νητα
2373 3531 2466 3582 καὶ
2502 3528 2726 3598 ἀσθενῆ.
2773 3530 2830 3581 Ὀ
2860 3528 2968 3599 γάρ
3003 3525 3170 3579 εἰπὼν
3215 3527 3304 3579 τὸν
3333 3525 3525 3595 ἀσεϐῆ,
3559 3525 3778 3588 Δίωιός

2196 3619 2364 3682 ἐστιν,
2395 3620 2792 3692 ὲπικατάρατος
2822 3619 2988 3684 λαοῖς,
3019 3621 3111 3674 καὶ
3145 3617 3369 3691 μισητὺς
3401 3618 3480 3681 εἰς
3506 3615 3658 3688 ἔθνη.
3685 3618 3782 3669 Al.-

2196 3709 2400 3767 δεῖσθαι
2449 3711 2554 3785 γάρ
2599 3713 2887 3784 πρόσωπον
2919 3715 2977 3766 ὲν
3014 3713 3189 3784 κρίσει
3223 3713 3283 3764 ού
3319 3710 3500 3764 καλόν.
3549 3729 3567 3761 ι
3606 3708 3780 3762 Τοῦτο

2200 3804 2297 3874 μὲν
2322 3805 2386 3858 ὲκ
2413 3804 2506 3858 τοῦ
2539 3805 2771 3878 φανεροῦ
2807 3806 2994 3878 ῥητέον
3019 3823 3031 3835 ·
3074 3805 3261 3858 ἔπειτα
3291 3805 3348 3858 δὲ
3377 3805 3462 3857 ἵνα
3490 3804 3628 3876 ὅπερ
3660 3801 3777 3855 ut-

2201 3910 2324 3966 ρους
2354 3896 2527 3967 κρίνει
2561 3914 2663 3961 τις,
2694 3896 2850 3951 τοῦτο
2875 3898 2969 3950 καὶ
3020 3897 3099 3960 είς
3133 3897 3322 3950 ἑαυτὸν
3353 3896 3414 3950 τὸ
3458 3897 3631 3967 κρῖμα
3652 3910 3768 3947 κατ-

2199 3986 2421 4060 ευθύνῃ,
2475 3989 2569 4041 καὶ
2601 3988 2792 4042 ἑαυτὸν
2816 3987 3082 4059 δοκιμάζῃ
3104 4029 3118 4051 ,
3156 3989 3420 4060 ἐπιτιμῶν
3450 3988 3547 4059 μὲν
3581 3985 3778 4057 ἐαυτῷ,

2197 4076 2292 4129 ἐὰν
2327 4077 2618 4149 πλεονεκτῇ
2648 4080 2676 4130 ὁ
2706 4078 2876 4149 θυμός
2896 4097 2909 4110 ⁸
2944 4080 3155 4150 ἐπέχων
3180 4079 3257 4144 δὲ,
3297 4080 3387 4132 saw
3421 4078 3719 4152 περισσεύῃ
3745 4078 3780 4150 ἡ

2200 4168 2464 4238 ἐπιθυμία
2490 4186 2501 4198 ·
2549 4169 2826 4239 διεγείρων
2877 4169 2953 4233 δὲ,
2983 4171 3075 4223 ἐὰν
3107 4172 3346 4239 άφυπνοῖ
3366 4170 3425 4222 τὸ
3453 4169 3778 4238 λογιστικὸν,

2197 4259 2369 4328 λέγων
2397 4277 2410 4288 ·
2460 4279 2477 4310 ι
2522 4261 2664 4324 Ἕως
2698 4261 2826 4315 πότε
2849 4302 2862 4325 ,
2909 4262 3108 4332 ὀκνηρὲ
3129 4303 3143 4326 ,
3185 4264 3539 4327 κατάκεισαι;
3576 4281 3594 4314 ι
3626 4262 3782 4316 Οῦτω

2198 4350 2308 4421 γάρ
2335 4351 2525 4402 ἑαυτὸν
2554 4350 2773 4414 δικαίως
2813 4351 2983 4419 ἄγων,
3023 4353 3112 4406 καὶ
3145 4354 3448 4424 κατήγορος
3477 4353 3670 4405 ἑαυτοῦ
3699 4369 3782 4420 γι-

2199 4442 2441 4512 νόμενος,
2471 4445 2642 4514 κρῖμα
2662 4443 3007 4496 κατευθύνειν
3035 4443 3355 4515 μαθήσεται,
3382 4444 3474 4496 καὶ
3495 4444 3592 4495 οὐκ
3621 4440 3783 4493 ἀκού-

520 4543 636 4600 est;
668 4537 1023 4592 exsecrabilis
1050 4545 1136 4592 est
1162 4537 1398 4608 populis,
1429 4543 1483 4590 et
1517 4535 1744 4591 odiosus
1780 4534 1922 4590 inter
1960 4548 2094 4605 gen-

2201 4550 2348 4587 σεται
2378 4536 2507 4606 παρ’
2531 4534 2712 4605 ἐτέρου
2737 4550 2750 4563 ο
2792 4555 2809 4585 ι
2857 4534 2912 4587 '0
2941 4535 3206 4591 διδάσκων
3233 4534 3316 4587 ἓτε
3328 4551 3436 4604 ρον,
3470 4531 3690 4585 σεαυτὸν
3718 4531 3779 4584 ού

518 4639 623 4684 tes.
655 4626 954 4683 Personam
985 4629 1130 4685 enim
1170 4631 1223 4684 in
1253 4630 1460 4700 judicio
1486 4630 1724 4685 revereri
1750 4629 1953 4684 bonum
1981 4641 2091 4682 non

517 4729 603 4777 est
633 4724 675 4776 ³.
727 4740 745 4774 ι
801 4721 915 4778 Hoc
957 4723 1177 4793 quidem
1234 4725 1412 4794 palam
1467 4730 1522 4779 et
1572 4731 1758 4793 aperte
1797 4720 2090 4777 dicendum

517 4820 602 4867 est
641 4832 658 4868 :
698 4813 916 4878 deinde,
955 4823 1014 4869 ut
1057 4815 1202 4886 quod
1246 4816 1517 4885 judicium
1556 4816 1610 4870 in
1643 4816 1782 4870 alios
1825 4813 2097 4885 quispiam

489 4904 726 4973 .profert
745 4947 759 4968 ,
793 4907 1024 4976 idipsum
1053 4909 1109 4962 in
1137 4924 1259 4964 sese
1286 4909 1484 4979 dirigat
1507 4949 1521 4972 ,
1549 4922 1715 4977 seque
1745 4907 1861 4976 ipse
1891 4905 2100 4961 exami-

520 5003 650 5051 net:
675 4999 1080 5069 corripiatque,
1119 5000 1167 5054 si
1216 5000 1514 5056 excesserit
1548 5000 1627 5052 ira
1663 5018 1675 5052 :
1725 4998 2013 5064 cohibeat,
2051 4996 2099 5051 si

516 5088 892 5145 vehementior
926 5091 1086 5147 fuerit
1125 5091 1606 5162 concupiscentia:
1635 5092 1864 5153 excitet,
1899 5088 1945 5144 si
1969 5089 2101 5143 dor-

520 5182 700 5235 mierit
754 5185 836 5240 vis
893 5187 1167 5242 ratiocinii
1203 5205 1218 5242 :
1256 5207 1274 5239 ι
1312 5188 1630 5258 Quousque,
1678 5187 1871 5248 aiens.
1925 5184 2099 5254 ρῑεθτν

512 5273 738 5342 jaces'?
763 5298 782 5330 ι
809 5278 883 5332 Ita
912 5281 1055 5336 enim
1093 5297 1153 5337 se
1174 5281 1323 5351 juste
1351 5297 1565 5352 gerens,
1597 5288 1993 5348 accusatorque
2015 5275 2101 5332 sui

519 5366 726 5433 factus,
751 5380 969 5426 rectum"
987 5372 1256 5442 judicium
1285 5376 1444 5446 120
1480 5375 1728 5446 proferre
1749 5372 1924 5427 discet
1948 5409 1962 5432 ,
1997 5382 2102 5424 nec

516 5460 703 5515 audiet
728 5461 797 5514 ab
818 5463 926 5518 alio
956 5481 968 5514 :
996 5483 1013 5516 ι
1047 5465 1151 5532 Qui
1173 5468 1336 5523 alium
1361 5469 1548 5529 doces.
1595 5466 1832 5536 teipsum
1859 5476 1967 5516 non
1999 5460 2101 5514 do-

516 5566 608 5606 εεε
622 5551 646 5604 ?
661 5553 762 5619 Qui
786 5555 888 5616 ais.
905 5555 1027 5614 Non
1043 5561 1429 5629 mrechaheris,
1447 5560 1742 5619 macharis
1771 5559 1812 5590 ¹⁰
1825 5558 1848 5612 ?
1861 5576 1877 5607 ι
1899 5554 2102 5621 Quem-

585 5747 604 5774 ¹
643 5741 803 5799 Prov.
839 5763 905 5806 Χ.
941 5747 992 5801 5.
1071 5749 1091 5778 ³
1128 5747 1288 5804 Prov.
1338 5764 1509 5809 xxvn,
1555 5748 1648 5805 25.

519 5828 628 5869 uti
649 5855 662 5879 ,
700 5815 788 5870 “24.

1755 5747 1778 5777 ⁸
1814 5745 1972 5801 Prov.
2010 5760 2177 5809 xxiii,
2214 5747 2261 5800 l.

908 5817 926 5847 '
967 5817 1126 5873 Prov.
1166 5836 1314 5886 xxrv,
1360 5818 1552 5874 25-25.
1631 5823 1652 5852 ⁹
1691 5818 1850 5874 Prov.
1886 5833 1970 5886 γι,
2005 5817 2056 5872 9.

2221 5815 2374 5872 Rom.
2415 5831 2491 5882 ιι,
2525 5815 2588 5870 21
2613 5854 2628 5881 ,
2661 5814 2750 5868 22.

2147 4637 2152 4644 '
2198 4624 2508 4690 διδάσκεις;
2556 4625 2614 4680 '0
2659 4626 2851 4693 λέγων,
2877 4627 2966 4696 Μὴ
3023 4625 3351 4700 μοιχεύσῃς,
3404 4624 3713 4696 μοιχεύεις;
3757 4642 3776 4675 ι

2200 4715 2387 4788 ὥσπερ
2420 4716 2524 4790 γὰρ
2554 4718 2582 4771 0
2619 4716 2816 4770 ὁδεύων
2841 4717 2935 4769 καὶ
2969 4717 3313 4771 κατευθύνων
3347 4719 3445 4790 τὴν
3466 4717 3614 4785 ῥδὸν,
3649 4715 3784 4784 φθά-

2202 4826 2283 4862 νει
2326 4811 2404 4871 εἰς
2441 4809 2501 4861 τὸ
2548 4808 2730 4872 τέλοςο
2771 4806 2944 4872 οὕτως
2973 4811 3000 4861 0
3034 4809 3376 4862 κατευθύνων
3419 4809 3661 4880 κρίματα
3705 4807 3781 4860 δί-

2206 4919 2358 4967 καιος
2385 4901 2756 4973 γνωσθήσεται
2786 4902 2876 4954 καὶ
2909 4901 3087 4969 σοφός.
3117 4901 3431 4972 Παραϐολαὶ
3455 4901 3510 4953 δὲ
3539 4899 3783 4968 λέγονται

2205 4996 2376 5064 λόγοι,
2405 4995 2594 5067 ῶσπερ
2617 4996 2822 5059 εἰκόνες
2849 4994 2957 5047 τῶν
2982 4994 3306 5065 λεγομένων.
3354 4994 3441 5060 Ἐξ
3471 4992 3648 5046 αὐτῶν
3679 4992 3784 5064 γὰρ

2206 5087 2292 5142 διὰ
2315 5087 2409 5159 τὴν
2426 5087 2715 5158 ὁμοιότητα
2730 5087 2788 5140 τὸ
2804 5086 3091 5156 λεγόμενον
3113 5085 3604 5156 καταλαμϐάνεται.
3632 5081 3786 5136 Οῦτω

2208 5181 2316 5252 γάρ
2349 5183 2377 5233 0
2424 5180 2624 5252 Κύριος
2673 5180 2885 5248 ἔλεγεν,
2929 5179 3004 5243 ὼς
3049 5181 3078 5234 0
3124 5180 3348 5250 Μάρκος
3382 5178 3549 5249 φησί·
3605 5195 3623 5226 ι
3673 5176 3786 5227 Τίνι

2209 5270 2461 5343 ὁμοιώσω
2485 5272 2582 5342 τὴν
2609 5271 2884 5341 βασιλείαν
2911 5269 3002 5324 τοῦ
3034 5270 3203 5334 Θεοῦ;
3230 5270 3262 5340 ἢ
3290 5271 3344 5323 ὲν
3381 5269 3509 5338 ποία
3544 5266 3784 5338 παραϐο-

2211 5366 2275 5437 λῇ
2312 5365 2712 5437 παραϐάλωμαι
2755 5366 2966 5436 αύτήνς
3013 5385 3029 5416 ι
3079 5365 3154 5428 ῶς
3195 5363 3302 5417 τῶν
3348 5361 3486 5416 κατά
3532 5361 3786 5431 ὁμοίωσιν

2211 5457 2516 5525 λεγομένων
2549 5457 2864 5528 παραϐολῆς
2893 5455 3078 5528 οὔσης.
3111 5456 3220 5510 Καὶ¹
3257 5455 3366 5526 γὰρ
3394 5452 3596 5522 λέγων’
3633 5471 3652 5502 ι
3701 5451 3785 5501 ’0-

2217 5549 2342 5620 μοία
2367 5549 2511 5602 ἐστὶν
2541 5551 2573 5617 ἡ
2606 5549 2851 5619 βασιλεία
2877 5549 2971 5603 τοῦ
3005 5547 3139 5603 Θεοῦ
3163 5588 3177 5613 ,
3210 5566 3229 5600 ι
3261 5547 3485 5618 ὕστερον
3518 5542 3783 5612 ἐπέφερε⁶

3563 5740 3580 5769 ⁷
3623 5735 3783 5794 Prov.

2370 5746 2392 5777 ⁸
2428 5743 2588 5799 Prov.
2628 5760 2722 5804 In,
2753 5746 2806 5799 9.
2907 5745 2927 5777 ⁸
2967 5743 3122 5802 Prov.
3169 5761 3317 5811 xxiv,
3355 5742 3444 5798 2|.
