3958 6560
154 461 256 516 545

1257 457 1589 516 SYNOPSIS
1621 454 2034 516 SCRIPTURIE
2077 456 2346 515 SACRA‘L

3324 455 3438 515 διο·

157 599 175 629 σ
211 576 309 629 Διά
333 573 514 629 τοῦτο
551 576 621 632 ἐν
648 575 976 648 παραϐολαῖς
1005 575 1186 638 αὐτοῖς
1227 573 1391 627 λαλῶ.
1427 593 1446 626 ι
1485 574 1637 627 Εἰσὶν
1669 569 1761 629 οὖν

1872 573 2156 628 admodum
2206 573 2351 628 enim
2405 569 2498 641 qui
2543 570 2646 627 iter
2685 568 2838 638 facit,
2874 569 2922 627 si
2955 579 3107 628 recta
3149 570 3432 644 gradiatur

151 665 397 719 τοιαῦται
446 668 512 718 αἱ
575 666 887 739 παρασολαί
909 682 922 695 ·
979 683 998 716 ι
1032 664 1242 735 ’Ὠσπερ
1282 663 1455 730 ἔξοδος
1492 662 1665 734 χιόνος
1705 664 1766 718 ἐν

153 756 344 829 ἀμητῷ
396 759 760 829 κατάκαυμα
810 756 1046 826 ὠφελεῖ,
1091 752 1264 818 οὕτως
1291 754 1522 824 ἄγγελος
1577 757 1765 820 πιστὸς

152 853 272 912 τοὺς
319 851 782 916 ἀποστείλαντας
823 849 1016 903 αὐτόν·
1061 868 1080 901 ι
1127 848 1223 902 ’καὶ
1260 849 1449 902 πάλιν
1489 867 1506 900 ι
1555 849 1766 920 Ὥσπερ

152 945 336 1014 ἄνεμοι
373 943 482 995 καὶ
510 943 662 1014 νέφη
724 942 816 994 καὶ
843 939 1008 1004 ὑετοὶ,
1037 937 1207 1003 οὕτως
1235 941 1283 992 oi
1307 937 1646 1009 καυχώμενοι
1675 940 1767 992 ἐπὶ

148 1037 285 1088 δόσει
315 1034 530 1102 ψευδεῖ
556 1053 572 1066 ο
615 1054 633 1086 ι
678 1035 772 1088 καὶ
801 1034 868 1086 τά
897 1033 1056 1104 ὅμοια
1084 1032 1311 1097 τούτοις.
1358 1032 1571 1103 Ῥήσεις
1592 1031 1648 1084 δέ
1680 1048 1766 1084 σο-

152 1126 261 1197 φῶν
300 1127 416 1180 εἰσι
452 1126 628 1195 λόγοι
670 1127 731 1179 ού
783 1125 1189 1196 σεσοφισμένοι,
1217 1124 1336 1178 ούδέ
1367 1125 1424 1177 ἐν
1451 1121 1529 1194 τῷ
1558 1121 1766 1192 πιθανῷ

151 1215 508 1279 ἀπατῶντες,
541 1215 685 1269 ἀλλά
711 1215 1106 1286 ἠκριϐωμένην
1137 1214 1234 1286 οὐχ
1261 1214 1338 1277 ὡς
1368 1212 1509 1267 κατά
1533 1214 1768 1284 πρόστα-

153 1306 228 1372 ξιν
258 1306 317 1360 δέ
364 1307 720 1378 λεγόμενοι,
762 1307 875 1361 ἀλλ’
914 1307 990 1370 ὼς
1031 1305 1159 1378 παρ’
1194 1305 1371 1358 αὐτῶν
1415 1304 1766 1373 γνωσθέντες,

152 1400 244 1452 καί
278 1399 358 1461 ὡς
401 1400 735 1468 ἀποφάσεις
781 1399 961 1453 αὐτῶν
991 1397 1440 1470 προσφερόμενοι.
1473 1391 1588 1449 Oiei
1625 1397 1762 1449 εἰσιο

157 1508 176 1541 ι
210 1490 473 1560 Καρδίας
521 1490 985 1561 εὐφραινομένης,
1037 1490 1327 1558 πρόσωπον
1373 1486 1588 1542 θάλλει·
1628 1489 1685 1541 ἐν
1711 1486 1768 1540 δέ

152 1582 349 1645 λύπαις
381 1581 578 1654 οῦσης
602 1624 616 1648 ,
659 1581 1072 1653 σκυθρωπάζει’
1120 1600 1138 1632 ι
1171 1581 1263 1634 καὶ
1286 1620 1300 1644 ,
1339 1598 1357 1632 ι
1396 1578 1605 1651 Καρδία
1635 1577 1768 1650 ὀρθὴ

156 1677 306 1746 ζητεῖ
344 1676 630 1746 αἴσθησιν
653 1693 666 1706 ⁸
721 1677 892 1746 στόμα
919 1675 974 1728 δὲ
999 1674 1336 1729 ἀπαιδεύτων
1376 1673 1642 1742 γνώσεται
1676 1690 1772 1725 κα-

159 1767 257 1820 κά·
297 1786 316 1818 ι
349 1767 483 1830 καὶ,
533 1787 554 1818 ι
595 1767 768 1830 Μῖσος
816 1765 1018 1838 ἐγείρει
1063 1768 1272 1829 νεῖκος·
1313 1765 1520 1828 πάντας
1550 1765 1606 1817 δέ
1643 1763 1770 1827 τοὺς

160 1859 230 1928 μὴ
277 1847 749 1926 φιλονεικοῦντας
813 1857 1074 1911 καλύπτει
1140 1857 1324 1927 φιλία’
1363 1877 1382 1909 ι
1434 1857 1566 1920 καὶ,
1618 1873 1640 1907 ‹
1674 1856 1770 1918 Ὃς

1870 665 1982 729 via,
2016 663 2083 719 ad
2120 665 2281 719 tinem
2313 663 2414 718 vite
2451 662 2732 734 pervenit;
2766 662 2880 728 sic,
2909 664 3002 734 qui
3031 673 3179 720 recta
3225 665 3432 734 profert

1867 757 2095 828 judicia,
2142 757 2327 827 justus
2387 762 2710 827 agnoscetur
2755 763 2809 810 et
2863 757 3098 827 sapiens.
3153 757 3433 815 Parabola

1875 856 2056 904 autem
2104 849 2360 904 dicuntur
2402 860 2709 911 sermones,
2741 846 2898 917 quasi
2941 848 3202 919 imagines
3241 865 3432 906 eorum

1873 957 1994 1012 qua:
2033 941 2307 997 dicuntur.
2357 939 2433 994 Ex
2483 942 2618 1012 ipsis
2655 941 2801 996 enim
2849 957 2948 1013 per
2997 942 3430 1009 similitudinem,

1877 1034 2020 1105 quod
2059 1034 2281 1101 dicitur,
2315 1034 2648 1106 intelligitur.
2679 1035 2754 1090 Ita
2784 1050 3018 1105 namque
3053 1033 3333 1097 Dominus,
3373 1043 3434 1090 ut

1875 1125 1951 1180 ait
1993 1124 2235 1190 Marcus,
2281 1124 2419 1180 dixit
2461 1144 2474 1180 ε
2513 1143 2532 1176 ι
2564 1124 2665 1180 Cui
2708 1125 3022 1180 assimilabo
3048 1141 3275 1198 regnum
3302 1125 3435 1180 Dei?

1873 1227 1967 1273 aut
1999 1233 2104 1288 qua
2138 1217 2397 1288 parabola
2430 1216 2764 1272 adumbrabo
2801 1216 2934 1273 illud
2967 1217 3047 1271 “‘i
3081 1235 3100 1269 ι
3161 1215 3236 1272 Ut
3274 1215 3434 1271 nimi-

1871 1325 1996 1366 rum
2018 1309 2270 1381 parabola
2297 1309 2370 1364 sit
2401 1307 2467 1364 de
2498 1309 2661 1364 rebus
2687 1323 2784 1380 per
2809 1307 3218 1363 similitudinem
3248 1307 3433 1363 dictis.

1875 1403 2012 1459 Cum
2057 1403 2287 1458 dixisset
2317 1402 2462 1457 enim
2498 1420 2512 1456 :
2547 1419 2566 1452 ι
2609 1399 2798 1455 Simile
2833 1407 2918 1456 est
2956 1416 3182 1472 regnum
3220 1399 3312 1456 Dei
3350 1417 3364 1455 :
3407 1418 3426 1451 ι

1875 1494 2070 1550 deinde
2098 1494 2282 1548 intulit
2317 1513 2330 1549 :
2370 1511 2389 1544 ι
2428 1492 2556 1548 Ideo
2578 1492 2632 1546 in
2661 1491 2934 1562 parabolis
2955 1492 3150 1561 loquor
3180 1491 3286 1545 illis
3314 1492 3377 1543 ι’.
3408 1509 3428 1541 ι

1882 1584 2212 1655 H-ujusmodi
2242 1584 2426 1653 itaque
2462 1591 2588 1638 sunt
2612 1580 2883 1652 parabolae
2915 1599 2929 1636 :
2970 1603 2988 1632 ι
3031 1579 3185 1636 Sicut
3210 1581 3437 1637 emissio

1875 1677 2017 1734 nivis
2063 1678 2118 1732 in
2163 1692 2344 1731 messe
2390 1675 2587 1729 allevat
2619 1683 2835 1736 aestum,
2879 1673 2960 1728 sic
3009 1673 3237 1729 nuntius
3263 1671 3436 1726 ﬁdelis

1877 1769 1945 1824 iis
1985 1769 2079 1839 qui
2130 1769 2399 1825 miserunt
2436 1767 2587 1822 illum
2620 1767 2684 1821 υ.
2741 1786 2760 1819 ι
2797 1765 2859 1820 Et
2899 1781 3119 1822 rursum
3154 1784 3168 1819 :
3211 1782 3230 1816 ι
3284 1762 3438 1818 Sicut

1877 1861 2022 1915 venti
2044 1867 2098 1914 et
2124 1859 2298 1916 nubes
2319 1867 2372 1914 et
2393 1859 2608 1929 pluvia),
2640 1858 2720 1914 sic
2751 1858 2843 1928 qui
2874 1859 3179 1928 gloriantur
3209 1857 3264 1910 in
3293 1855 3439 1910 dono

160 1955 504 2022 καταφρονεῖ
525 1952 876 2023 πράγματος,
901 1948 1437 2021 καταφρονηθήσεται
1463 1945 1554 2000 ὑπ’
1581 1945 1766 2000 αὐτοῦ·

1872 1951 2117 2006 mendaci
2170 1950 2235 2015 “,
2293 1969 2314 2002 ι
2366 1957 2422 2005 et
2459 1949 2545 2005 his
2577 1948 2794 2004 similia.
2841 1946 2994 2002 Dicta
3025 1961 3188 2017 porro
3223 1944 3440 2014 sapien-

159 2042 186 2092 ό
214 2042 268 2094 δὲ
300 2043 484 2110 φοδού
495 2061 667 2113 μενος
695 2041 912 2112 ἐντολὴν
935 2083 949 2107 ,
991 2035 1145 2104 οὗτος
1173 2039 1424 2108 ὑγιαίνει.
1465 2058 1484 2090 ι
1518 2037 1638 2091 Τῶν
1671 2035 1771 2108 μὲν

163 2132 263 2202 γὰρ
296 2132 485 2186 ἄλλων
536 2133 842 2204 ἀνθρώπων
872 2134 920 2186 oi
961 2132 1108 2200 λόγοι
1153 2131 1296 2185 κατά
1327 2129 1572 2183 πλεῖστον
1598 2127 1770 2198 ἀμφί-

161 2221 302 2274 σολοι
329 2225 714 2293 τυγχάνουσιν
743 2224 926 2289 ὄντεςο
958 2225 1007 2276 oi
1035 2224 1090 2276 δὲ
1122 2222 1230 2276 τῶν
1254 2220 1452 2291 σοφῶν,
1484 2217 1585 2273 οἶοί
1635 2221 1774 2273 εἰσιν

166 2309 329 2378 οὗτοι,
362 2315 606 2386 ἀληθεῖς
630 2318 756 2378 εἱσι,
774 2317 867 2369 καὶ
890 2314 1222 2384 πανταχόθεν
1247 2312 1604 2385 ἠκρίϐωνται,
1630 2309 1769 2364 ὥστε

170 2404 300 2473 μηδέ
327 2404 726 2474 ἀντιλέγεσθαι
777 2403 994 2467 αύτούς.
1033 2403 1144 2457 Καὶ
1171 2403 1219 2455 oi
1251 2402 1347 2474 μὲν
1380 2399 1529 2455 ἄλλοι
1560 2399 1772 2470 ἄνθρω-

168 2510 256 2549 ποι
286 2497 400 2550 ἀπὸ
422 2499 531 2552 τοῦ
560 2499 746 2562 τέλους
775 2498 873 2569 τῆς
899 2495 1146 2569 πράξεως
1174 2493 1494 2566 γνωρίζουσι
1539 2491 1600 2545 τὸ
1629 2492 1774 2562 πρᾶ-

172 2605 314 2657 γμα,
340 2586 462 2643 οἷον
484 2608 499 2621 ’
543 2591 626 2644 ὅτι
675 2591 733 2643 '0
773 2589 955 2652 ἄδικος
993 2586 1194 2656 φαῦλόν
1231 2588 1369 2650 ἐστι,
1410 2583 1504 2638 καὶ
1533 2586 1561 2636 ὁ
1588 2581 1774 2654 μοιχὸς

173 2683 333 2734 κακόν
352 2699 369 2713 ο
406 2682 576 2735 τοῦτο
603 2683 662 2735 δέ
689 2683 782 2735 καὶ
813 2681 972 2735 παντί
995 2697 1072 2752 τῳ
1094 2679 1251 2750 δῆλον
1277 2677 1342 2732 ἂν
1373 2675 1459 2747 εἴη
1477 2693 1489 2705 ·
1517 2675 1565 2728 oi
1595 2674 1652 2728 δὲ
1684 2690 1772 2726 σο-

176 2772 260 2839 φοὶ
290 2773 391 2835 τὰς
417 2771 607 2843 ἀρχάς
633 2771 741 2824 τῶν
769 2769 1016 2842 πράξεων
1058 2767 1410 2840 προλέγουσι,
1453 2766 1544 2818 καὶ
1584 2765 1770 2836 ὥσπερ

180 2866 419 2936 σύμβολα
447 2867 567 2920 τῶν
593 2867 694 2938 τῆς
724 2866 900 2937 ψυχῆς
931 2864 1247 2936 κινημάτων
1293 2859 1772 2934 προαπαγγέλλω-

183 2974 291 3012 σιν·
325 2958 393 3010 ἵν’
429 2958 696 3022 ἕκαστος,
737 2955 1020 3025 γινώσκων
1065 2953 1166 3018 τὰς
1207 2953 1382 3026 ἀρχὰς
1410 2953 1518 3005 τῶν
1560 2948 1767 3015 κακῶν,

180 3047 540 3118 φυλάττηται,
567 3041 660 3101 οἷά
683 3049 799 3100 ἐστι
823 3046 891 3101 τὰ
915 3045 1288 3118 προειρημένα
1324 3061 1337 3074 υ
1373 3061 1391 3096 ι
1428 3045 1600 3106 Μῖσος
1625 3042 1766 3111 ἐγείσ

187 3158 262 3212 ρει
284 3144 466 3206 νεῖκος
487 3158 503 3172 ·
535 3140 745 3204 πάντας
773 3139 830 3194 δὲ
878 3139 1004 3202 τοὺς
1035 3139 1109 3210 μὴ
1151 3136 1580 3208 φιλονεικοῦντας
1605 3136 1771 3189 καλύη

183 3244 298 3281 πτει
339 3229 522 3298 φιλία.
563 3248 583 3282 ι
637 3229 694 3281 '0
728 3229 837 3301 γὰρ
888 3229 1098 3300 φίλερις
1144 3227 1251 3280 ἀπὸ
1289 3226 1479 3298 μίσους
1521 3225 1632 3297 ἔχει
1675 3225 1770 3298 τὴν
1797 3273 1840 3331 C

188 3321 350 3395 ἀρχὴν
373 3324 479 3393 τῆς
507 3323 766 3392 τοαιύτης
791 3322 1007 3385 κακίας,
1029 3320 1123 3374 καὶ
1143 3320 1243 3373 οὐκ
1275 3319 1340 3374 ἄν
1361 3337 1446 3383 τις
1476 3319 1618 3373 εἴποι
1645 3319 1772 3388 ἀγα-

189 3413 286 3482 πᾷν
317 3414 408 3466 τὸν
447 3412 880 3483 φιλονεικοῦντα.
917 3410 1085 3467 Πάλιν
1129 3411 1186 3465 δέ
1231 3411 1294 3464 ἐκ
1324 3408 1420 3463 τοῦ
1453 3409 1719 3472 ἐναντίου,
1743 3410 1772 3462 ὁ

195 3503 262 3573 μὴ
289 3504 615 3574 φιλονεικῶν
640 3502 924 3575 γνώρισμα
947 3502 1167 3573 ἀγάπης
1195 3501 1308 3572 ἔχει
1328 3517 1341 3532 ·
1369 3501 1460 3555 καὶ
1481 3500 1582 3554 οὐκ
1602 3501 1667 3555 ἀν
1689 3517 1772 3562 τις

192 3599 321 3652 είποι
349 3602 658 3671 φιλόνεικον
683 3599 771 3653 τὸν
811 3597 1141 3666 ἀγαπῶντα,
1169 3597 1246 3660 ὼς
1283 3597 1444 3651 πάλιν
1480 3596 1541 3650 τό
1562 3614 1576 3628 ·
1617 3612 1636 3647 ι
1683 3594 1772 3649 Ἐν

195 3690 500 3764 ἐπιθυμίαις
535 3693 653 3746 ἐστὶ⁸
683 3693 789 3755 πᾶς
817 3690 1044 3763 ἀεργὸς,
1077 3688 1173 3744 καὶ
1222 3687 1488 3759 ὀξύθυμος
1538 3686 1771 3758 πράσσει

197 3783 320 3850 μετά
346 3783 632 3847 ἀϐουλίας.
655 3802 674 3835 ι
713 3781 819 3835 Τοῦ
846 3780 952 3852 γὰρ
975 3778 1176 3852 ἀεργοῦ
1202 3780 1442 3850 ἐσήμανε
1475 3778 1572 3850 τὴν
1595 3777 1771 3850 ψυχὴν

197 3873 247 3924 ἐν
277 3875 479 3939 πάσαις
527 3873 846 3944 ἐπιθυμίαις
880 3871 1220 3942 βεϐυθίσθαι,
1255 3873 1347 3925 καὶ
1385 3870 1475 3925 τὸν
1503 3869 1771 3942 ὀξύθυμον

199 3967 317 4036 μηδὲ
349 3969 484 4038 μίαν
537 3967 731 4038 ἔχοντα
765 3964 959 4040 βουλὴν
996 3965 1163 4036 ὀρθὴν
1203 3964 1461 4036 ἐδήλωσε.
1489 3964 1600 4018 Καὶ
1634 3963 1771 4028 ὅλως

196 4053 320 4113 οῦτοι
342 4061 414 4115 τὰ
433 4059 608 4132 ἠθικὰ
648 4059 848 4131 μᾶλλον
877 4057 1301 4127 ἀπαγγέλλουσι,
1331 4058 1430 4129 τὴν
1468 4057 1642 4130 ἀρχὴν
1669 4057 1770 4128 τῆς

201 4151 433 4220 πράξεως
457 4153 584 4207 ὅθεν
609 4153 952 4222 συνίσταται,
980 4155 1247 4225 λέγοντες,
1293 4156 1372 4208 ὅτι
1407 4155 1505 4226 τῆς
1546 4155 1646 4224 μὲν
1677 4172 1768 4224 φι-

196 4238 448 4308 λονεικίας
499 4246 823 4314 προηγεῖται
859 4245 1040 4316 μῖσος·
1074 4245 1166 4296 τοῦ
1215 4245 1272 4298 δὲ
1322 4245 1396 4315 μὴ
1448 4244 1769 4314 φιλονεικεῖν

202 4340 509 4404 προηγεῖται
537 4336 727 4405 ἀγάπη
753 4353 766 4365 °
800 4338 895 4389 καὶ
928 4337 1026 4407 τῆς
1067 4336 1164 4407 μὲν
1191 4337 1418 4408 ἀεργίας
1449 4339 1769 4408 προηγεῖται

200 4424 338 4499 ἡδονὴ
373 4430 556 4500 κακή’
590 4427 683 4481 τοῦ
721 4429 778 4482 δὲ
823 4428 1096 4499 ὀξυθύμου
1136 4433 1455 4501 προηγεῖται
1505 4429 1727 4482 ἀϐουλία
1751 4445 1765 4460 ⁶

205 4520 282 4571 καὶ
301 4521 389 4574 τοῦ
425 4521 524 4591 μὲν
555 4520 972 4590 ἐξουθενημένου
1007 4522 1148 4592 ἀρχή
1179 4524 1292 4574 ἐστι
1322 4520 1382 4573 τὸ
1409 4523 1768 4592 καταφρονεῖν

1871 2046 2006 2100 tium
2029 2051 2176 2109 sunt,
2211 2059 2322 2098 non
2369 2041 2701 2112 sophismata
2734 2039 3050 2103 verborum,
3101 2052 3275 2107 neque
3318 2050 3438 2091 ser-

1871 2151 2062 2191 mones
2110 2133 2507 2206 probabilitatis
2554 2133 2735 2203 specie
2779 2131 3143 2200 decipientes,
3183 2127 3278 2184 sed
3325 2126 3440 2183 veri

1870 2237 1924 2285 et
1959 2227 2198 2282 accurati
2239 2245 2252 2280 :
2294 2241 2402 2280 non
2433 2224 2589 2295 quasi
2637 2222 2924 2292 cujusdam
2961 2219 3209 2291 jussione
3244 2218 3438 2282 habiti,

1872 2317 1968 2372 sed
2001 2332 2096 2386 per
2127 2330 2187 2370 se
2221 2315 2356 2378 noti,
2389 2322 2442 2369 et
2483 2313 2638 2384 quasi
2675 2311 2956 2368 sententiae
2997 2325 3185 2366 eorum
3219 2308 3438 2378 prolati.

1872 2411 2072 2477 Quales
2095 2416 2225 2464 sunt
2258 2423 2271 2459 :
2306 2426 2324 2458 ι
2368 2405 2548 2476 Corde
2579 2406 2823 2467 laetante,
2871 2402 3024 2457 ﬂoret
3060 2401 3281 2455 vultus:
3315 2413 3442 2452 cum

1871 2509 2050 2556 autem
2095 2500 2151 2554 in
2193 2497 2422 2553 tristitia
2464 2504 2568 2560 est,
2600 2495 2922 2566 deprimitur
2963 2492 3027 2545 ".
3073 2509 3092 2542 ›
3127 2489 3192 2542 Et
3225 2507 3239 2543 :
3279 2506 3297 2539 ι
3334 2487 3442 2543 Cor

1871 2598 2080 2647 rectum
2103 2590 2532 2662 quaeritsensum
2560 2605 2575 2655 ;
2600 2602 2662 2641 os
2688 2593 2868 2639 autem
2895 2582 3442 2652 indisciplinatorum,

1871 2694 2164 2756 cognoscet
2209 2683 2352 2736 mala
2395 2682 2460 2736 ιδ.
2507 2699 2525 2732 ι
2561 2679 2626 2733 Ει
2659 2697 2672 2733 :
2709 2698 2727 2729 ι
2769 2677 2964 2732 Odium
2995 2676 3198 2730 excitat
3222 2679 3444 2726 conten-

1873 2777 2075 2832 tionem
2113 2795 2125 2831 :
2164 2791 2356 2830 omnes
2385 2782 2564 2828 autem
2591 2788 2686 2828 eos
2708 2771 2800 2842 qui
2834 2767 3159 2824 contentiosi
3179 2779 3288 2820 non
3313 2769 3446 2820 sunt

1873 2868 2111 2940 contegit
2146 2866 2384 2920 amicitia
2410 2866 2474 2919 ‘7.
2510 2885 2528 2916 ι
2560 2862 2623 2916 Et
2655 2882 2666 2916 :
2699 2881 2716 2913 ι
2748 2860 2852 2927 Qui
2887 2857 3162 2929 negotium
3198 2863 3445 2910 contem.

1874 2962 1976 3025 nit,
1999 2966 2376 3016 contemnetur
2408 2957 2475 3011 ab
2511 2956 2672 3025 ipso;
2707 2955 2800 3025 qui
2837 2967 2965 3008 vero
3002 2948 3318 3004 mandatum
3344 2960 3441 3003 ve-

1871 3061 2043 3118 retur,
2086 3051 2176 3106 ille
2222 3065 2389 3104 sanus
2433 3057 2517 3106 est
2553 3048 2615 3101 ‘3.
2649 3067 2668 3099 ι
2706 3047 2950 3100 Aliorum
3001 3057 3238 3112 namque
3267 3038 3445 3096 homi-

1871 3157 2003 3197 num
2069 3155 2393 3205 sermones,
2454 3145 2514 3192 ut
2594 3137 2888 3208 plurimum
2951 3134 3190 3205 ambigui
3254 3141 3440 3197 sunt;

1873 3233 2204 3305 sapientium
2254 3248 2407 3295 vero,
2460 3231 2650 3302 quales
2705 3236 2833 3285 sunt
2885 3228 2996 3293 isti,
3060 3228 3170 3283 veri
3219 3231 3445 3281 suntet

1872 3327 2020 3383 omni
2049 3342 2113 3381 ex
2145 3333 2299 3396 parte
2328 3323 2589 3388 accurati,
2620 3324 2694 3378 ita
2731 3331 2789 3378 ut
2811 3323 3034 3376 minimc
3063 3321 3197 3391 ipsis
3226 3327 3445 3374 contra-

1870 3419 2103 3474 dicatur.
2135 3417 2201 3471 Et
2235 3418 2324 3471 alii
2348 3417 2566 3488 quidem
2598 3416 2847 3470 homines
2877 3431 2943 3469 ex
2979 3415 3085 3468 ﬁne
3119 3412 3300 3483 operis
3327 3426 3445 3466 rem

1869 3511 2166 3577 declarant,
2197 3510 2356 3581 quale
2385 3518 2468 3563 est
2496 3527 2508 3561 :
2537 3507 2759 3578 Iniquus
2781 3523 2869 3562 res
2889 3513 2975 3562 cst
3003 3506 3166 3571 mala,
3207 3511 3261 3559 et
3311 3516 3446 3556 mo:-

1871 3603 2006 3659 chus
2039 3619 2264 3674 pravum
2295 3602 2437 3672 quid
2451 3609 2556 3665 est,
2583 3602 2728 3670 quod
2758 3599 2932 3654 cuivis
2956 3596 3305 3652 manifestum
3337 3600 3442 3649 est.

1873 3693 2160 3764 Sapientes
2212 3703 2393 3750 autem
2447 3694 2665 3747 initium
2730 3707 2957 3762 aperum
3012 3687 3337 3760 praedicunt,
3392 3691 3448 3740 et

1871 3787 2032 3858 quasi
2085 3786 2330 3858 symbola
2399 3785 2563 3838 animi
2620 3793 2869 3838 motuum
2925 3780 3328 3852 praenuntiant;
3386 3782 3448 3831 ut

1870 3880 2126 3950 quisque,
2171 3878 2370 3949 agnitis
2405 3879 2673 3930 malorum
2728 3873 3032 3945 principiis,
3083 3871 3187 3926 sibi
3233 3876 3445 3931 caveat,

1870 3974 2054 4045 qualia
2109 3981 2237 4027 sunt
2290 3971 2543 4042 superius
2614 3969 2758 4024 dicta
2806 3987 2819 4023 :
2876 3985 2895 4019 ι
2959 3964 3154 4021 Odium
3217 3961 3449 4017 suscitat

1869 4066 2309 4130 contentionem,
2348 4080 2538 4118 omnes
2579 4070 2758 4117 autem
2793 4061 2888 4131 qui
2932 4075 3041 4114 non
3082 4053 3444 4118 contendunt,

1868 4162 2111 4232 contegit
2158 4159 2396 4214 amicitia
2443 4159 2504 4210 ι’.
2549 4178 2568 4210 ι
2609 4157 2996 4212 Contentiosus
3029 4153 3174 4208 enim
3211 4166 3277 4205 ex
3319 4147 3448 4203 odio

1868 4255 2092 4309 malitiae
2153 4253 2315 4324 hujus
2378 4249 2710 4320 principium
2769 4248 2970 4310 habet,
3027 4259 3129 4299 nec
3178 4241 3448 4313 quispiam

1868 4345 2068 4402 dixerit
2103 4345 2508 4401 contentiosum
2554 4358 2613 4397 se
2652 4340 2896 4410 diligere.
2929 4337 3151 4399 Contra,
3191 4335 3285 4404 qui
3310 4347 3447 4388 con-

1867 4438 2139 4492 tentiosus
2195 4452 2304 4490 non
2355 4443 2460 4498 est,
2525 4431 2839 4487 dilectionis
2901 4429 3162 4484 indicium
3214 4425 3376 4480 habet
3430 4443 3444 4479 :

1871 4545 1972 4584 nec
2012 4529 2412 4582 contentiosum
2445 4525 2716 4596 quispiam
2749 4523 2948 4577 dixerit
2979 4537 3102 4576 eum
3128 4517 3219 4589 qui
3250 4516 3446 4588 diligit,

203 4610 341 4665 αὑτὸν
369 4612 469 4665 τοῦ
500 4613 666 4682 νόμου
692 4628 704 4640 ·
735 4612 832 4683 τῆς
869 4611 928 4664 δὲ
961 4612 1149 4681 ύγείας
1194 4615 1516 4684 προηγεῖται
1549 4615 1576 4665 ὁ
1607 4612 1769 4682 φόϐος

1874 4627 1933 4675 ιιι
1962 4635 2181 4674 rursum
2215 4617 2415 4672 dicitur
2447 4636 2461 4672 :
2499 4636 2517 4668 ι
2563 4615 2620 4670 ln
2657 4612 3119 4683 cuncupisCentiis
3150 4619 3235 4666 est
3269 4607 3450 4664 omnis

205 4702 282 4755 τοῦ
322 4705 458 4758 Θεοῦ
485 4721 500 4734 ο
552 4705 644 4757 καὶ
679 4705 780 4774 τῆς
814 4703 920 4773 ,μὲν
964 4703 1236 4766 ἀπωλείας
1279 4704 1375 4775 τῆς
1419 4703 1595 4774 ψυχῆς
1621 4706 1768 4756 ἐστιν

205 4793 322 4866 ἁρχὴ
351 4797 416 4848 τὸ
448 4794 755 4862 ἀφύλακτον
784 4791 929 4865 ἔχειν
959 4793 1018 4846 τὸ
1049 4795 1221 4864 στόμα
1246 4811 1258 4826 ·
1289 4793 1384 4848 τοῦ
1407 4793 1464 4846 δὲ
1489 4793 1766 4847 πτοεῖσθαι

205 4902 303 4941 τινα
321 4893 646 4961 προηγεῖται
669 4891 702 4960 ἡ
733 4888 1052 4962 προπέτεια.
1081 4886 1235 4941 Οῦτω
1263 4887 1320 4941 δὲ
1351 4886 1586 4958 ἑκάστην
1611 4887 1768 4958 ρῆσιν

205 4983 450 5044 ἀναλύων,
482 4982 738 5052 εὑρήσεις
765 4981 1060 5052 εἰρημένην
1084 4981 1179 5034 καὶ
1211 4981 1600 5052 γεγραμμένην
1631 4980 1770 5050 ὑπὲρ

206 5072 430 5155 τούτους
460 5072 757 5136 ἀκούοντας
800 5073 893 5125 καὶ
938 5072 1306 5142 μανθάνοντας
1335 5072 1433 5135 τὰς
1458 5072 1631 5142 ἀρχὰς
1659 5070 1766 5124 τῶν

207 5167 364 5218 κακῶν
395 5165 616 5219 καὶτῶν
647 5165 886 5232 ἀγαθῶν,
918 5164 1137 5235 φεύγειν
1164 5165 1259 5236 μὲν
1281 5165 1348 5218 τὰ
1371 5163 1570 5233 φαῦλα,
1596 5164 1769 5237 πράτ-

209 5267 296 5305 τειν
327 5255 384 5307 δέ
414 5256 483 5308 τὰ
520 5255 717 5324 ἀγαθά.
746 5256 1051 5327 Αἰνίγματα
1077 5256 1134 5310 δὲ
1162 5256 1256 5311 καὶ
1289 5257 1554 5310 σκοτεινοὶ
1601 5256 1766 5324 λόγοι,

208 5343 376 5409 sitias;
403 5347 669 5415 ἀσφαλεῖς
703 5348 800 5417 μὲν
825 5347 1176 5411 οῦτωςείσὶν,
1209 5349 1350 5403 ὥστε
1380 5352 1536 5420 ἀνιᾷν
1560 5351 1650 5404 τὸν
1679 5352 1766 5403 ἐν·-

208 5440 521 5506 τυγχάνοντα
556 5437 635 5507 τῷ
668 5439 835 5510 μηδὲν
864 5439 1169 5510 ἐμφαίνειν,
1198 5441 1334 5512 μηδέ
1361 5459 1484 5496 τινα
1517 5442 1770 5497 ὑπόνοιαν

210 5529 442 5598 παρέχειν
467 5545 480 5558 ·
535 5529 896 5599 ὲρευνώμενοι
939 5530 996 5583 δέ
1043 5531 1191 5602 ὅμως
1229 5531 1531 5586 δεικνύουσι
1579 5533 1669 5585 τὸν
1711 5536 1768 5586 ἐν

209 5616 368 5683 αὐτοῖς
392 5618 537 5672 νοῦν.
579 5616 696 5673 υἶοί
724 5622 860 5674 εἰσιο
898 5641 915 5674 ι
946 5623 1024 5694 Τῇ
1066 5623 1256 5697 βδέλλῃ
1288 5628 1434 5696 τρεῖς
1472 5625 1769 5697 θυγατέρες

269 5842 303 5873 ⁸⁸
345 5843 511 5898 Marc.
547 5860 622 5903 tv.
655 5846 745 5901 50.
827 5847 868 5876 ¹³
912 5845 1110 5900 Matth.
1149 5862 1244 5900 xm
1274 5887 1287 5907 ,
1328 5847 1414 5902 15.
1495 5849 1537 5879 ¹³
1582 5847 1738 5903 Prov.

275 5909 432 5969 Prov.
472 5929 539 5974 ιι.
581 5915 666 5970 12.
748 5916 789 5947 ¹⁸
824 5914 956 5972 ibid.
999 5917 1085 5972 15.
1181 5917 1222 5948 ⁸³
1264 5918 1393 5972 ibid.
1443 5921 1525 5973 1'2.
1606 5923 1649 5950 ¹⁰
1692 5918 1769 5973 Ριι

1872 5867 1904 5913 ι,
1945 5849 2029 5903 15.
2112 5850 2152 5881 ³³
2187 5849 2318 5906 ibid.
2391 5850 2473 5905 Η.
2558 5852 2596 5883 ’⁸
2638 5849 2798 5906 Prov.
2834 5848 3030 5916 “,13.

1888 5936 2000 5974 διν.
2043 5919 2124 5974 i7.

213 5905 247 5942 "
275 5909 432 5969 Prov.
472 5929 539 5982 Χ,
581 5915 666 5970 12.
748 5916 789 5947 ¹⁸
824 5914 956 5972 ibid.
999 5917 1085 5972 15.

1873 4715 2108 4778 otiosus,
2138 4721 2191 4767 et
2211 4711 2508 4766 iracundus
2529 4711 2737 4780 absque
2763 4708 2994 4763 consilio
3017 4707 3127 4778 agit
3158 4705 3222 4760 “.
3264 4723 3282 4755 ι
3313 4701 3449 4756 Nam

1872 4808 2035 4863 otiosi
2087 4807 2324 4861 animam
2391 4804 2664 4876 signiﬁcat
2721 4804 2774 4857 in
2827 4801 3082 4857 omnibus
3152 4795 3448 4866 concupis-

1873 4897 2071 4952 centiis
2130 4911 2254 4950 esse
2314 4894 2662 4960 demersam;
2709 4903 2764 4950 et
2815 4893 3174 4954 iracundum,
3238 4889 3448 4944 nullum

1873 4998 2087 5045 rectum
2131 4987 2333 5042 habere
2363 4986 2650 5042 consilium
2685 4986 2942 5040 ostendit.
2977 4984 3040 5037 lli
3074 4984 3255 5051 itaque
3291 4979 3450 5048 plane

1874 5096 2058 5137 mores
2105 5079 2406 5141 declarant,
2447 5085 2500 5133 et
2543 5078 2776 5132 actionis
2820 5074 3146 5147 principium
3188 5069 3330 5124 unde
3360 5083 3450 5120 nr-

1873 5173 2089 5240 diatur,
2141 5171 2271 5226 dum
2350 5170 2525 5235 aiunt,
2615 5168 2801 5224 odium
2866 5166 3171 5237 praecedere
3226 5163 3374 5216 rixas
3429 5177 3443 5214 :

1874 5268 2195 5322 charitatcm
2226 5281 2348 5321 esse
2377 5263 2704 5335 principium
2733 5269 2787 5316 et
2810 5274 3031 5315 causam
3065 5272 3172 5327 qua
3205 5254 3448 5308 vitantur

1875 5361 2258 5414 contentiones
2321 5377 2334 5413 :
2397 5358 2510 5412 otio
2561 5355 2754 5426 praeire
2812 5367 3030 5422 pravam
3091 5349 3444 5416 voluptatem,

1872 5451 2136 5506 iracundo
2167 5450 2360 5520 praaire
2385 5449 2603 5504 consilii
2636 5446 2874 5516 inopiam
2911 5462 2924 5496 :
2953 5450 3007 5497 et
3026 5455 3250 5495 causam
3283 5451 3450 5508 quare

1873 5542 1998 5613 quis
2044 5541 2396 5610 despiciatur,
2429 5556 2550 5594 esse
2575 5544 2942 5606 contemptum
2971 5534 3105 5605 legis
3141 5552 3153 5588 :
3188 5529 3330 5603 quod
3361 5543 3446 5584 sa-

1878 5634 2102 5689 nitatem
2137 5633 2402 5703 praacedat
2425 5632 2586 5686 timor
2610 5631 2700 5685 Dei
2733 5648 2746 5682 :
2781 5630 2908 5683 item
2947 5613 3091 5698 quod
3123 5621 3446 5696 principium

3111 5847 3154 5879 ¹⁶
3194 5844 3327 5902 ibid.
3358 5842 3449 5901 14.
