3958 6496
545 373 648 432 3ιῖ

1732 379 1790 439 S.
1823 380 2296 443 ATHANASIUS.
2335 416 2404 426 —
2441 384 2670 442 DUBIA.

3697 388 3827 447 διε

541 490 863 566 perditionis
907 493 1104 550 anima:
1155 492 1247 558 sit,
1297 509 1410 550 non
1466 493 1746 552 custodire
1807 513 1870 555 os
1925 515 2106 566 suum,

2217 497 2357 574 ἦσαν
2387 503 2667 574 ἀγαπήσει
2695 498 3056 572 ἀγαπώμεναι
3078 519 3090 531 ³
3124 501 3218 556 καὶ
3247 503 3304 566 αἱ
3329 506 3477 575 τρεῖς
3505 521 3690 569 αυται,
3715 509 3830 560 καὶ

539 585 686 658 quod
719 585 916 643 terrori
943 597 1146 658 praeeat
1179 588 1481 645 temeritas.
1515 587 1572 645 Si
1601 605 1668 646 eo
1700 590 1864 647 modo
1898 593 2115 663 singula

535 677 682 734 dicta
710 678 1060 750 expenderis,
1090 679 1466 752 deprehendes
1501 697 1567 738 ea
1594 681 1718 738 ideo
1749 698 1872 740 esse
1903 685 2114 756 scripta

537 781 700 843 atque
747 772 980 843 prolata,
1039 782 1101 828 ut
1151 774 1246 845 qui
1303 774 1578 830 audierint
1620 775 1890 832 malorum
1948 777 2119 832 bono-

537 879 772 934 rumque
845 863 1116 935 principia
1177 865 1392 932 edocti,
1438 881 1605 936 prava
1670 864 1910 938 fugiant,
1969 867 2113 924 bona

537 966 853 1028 operentur.
901 956 1217 1028 Enigmata
1261 973 1426 1029 porro
1457 967 1520 1014 et
1552 960 1772 1015 obscuri
1804 976 2110 1025 sermones,

536 1049 614 1103 ita
653 1058 813 1106 caute
847 1057 977 1106 sunt
1007 1050 1207 1121 posita,
1247 1059 1308 1105 ut
1338 1066 1462 1106 eum
1504 1052 1598 1123 qui
1645 1053 1839 1124 legerit
1880 1067 2118 1110 maerore

535 1140 810 1211 alliciant,
871 1143 1018 1214 quod
1074 1143 1211 1198 nihil
1267 1143 1451 1199 statim
1521 1144 1852 1212 exhibeant,
1905 1146 2114 1201 nullum

533 1251 755 1292 sensum
783 1237 1131 1293 subindicent
1163 1257 1178 1293 ι
1207 1245 1443 1294 attamen
1467 1238 1597 1294 dum
1625 1247 1883 1296 accurate
1911 1255 2116 1311 expene

531 1327 760 1397 duntur,
806 1345 962 1386 suam
1013 1332 1337 1387 sententiam
1393 1331 1658 1388 indicant.
1703 1331 1894 1399 Qualia
1939 1340 2111 1390 sunt:

537 1436 557 1469 ι
602 1417 958 1491 Sanguisuga
1004 1427 1118 1476 tres
1157 1429 1315 1477 erant
1355 1422 1478 1479 lilia:
1516 1423 1811 1479 admodum
1846 1424 2057 1482 dilectae
2098 1443 2111 1479 :

2219 600 2252 670 ή
2280 597 2514 671 τετάρτη
2562 597 2663 651 οὑκ
2698 595 2942 668 ἠρκέσθη
2978 598 3150 651 είπεῖν
3172 638 3188 664 ,
3232 597 3454 652 Ἱκανόν.
3496 597 3684 671 ᾍδης.
3715 601 3829 656 καὶ

2220 689 2362 762 ἔρως
2403 690 2660 760 γυναικὸς
2681 729 2696 754 ,
2729 688 2826 743 καὶ
2853 687 3144 760 τάρταρος,
3176 689 3270 744 καὶ
3302 693 3374 762 γῆ
3400 691 3501 746 οὐκ
3524 693 3826 763 ἐμπιπλα-

2224 779 2360 852 μένη
2389 779 2598 845 ὓδατος,
2623 780 2720 834 καὶ⁸
2739 778 2902 851 ὕδωρ,
2929 779 3024 834 καὶ
3053 778 3185 852 πῦρ,
3209 781 3269 835 οὑ
3299 781 3373 852 μὴ
3400 781 3651 849 εῐπωσιν,
3691 785 3755 836 ’Δ
3763 802 3825 855 ρ-

2220 876 2337 927 κεῐ’
2375 892 2394 925 ι
2429 873 2522 926 καὶ
2548 872 2712 938 πάλιν
2737 889 2751 902 ·
2785 891 2804 924 ι
2843 871 2983 944 Τρία
3009 872 3074 926 δέ.
3099 875 3246 928 ἐστιν
3277 872 3515 928 ἀδύνατά
3549 892 3642 946 μοι
3678 876 3819 946 νοῆ-

2221 980 2331 1026 σαι,
2364 963 2458 1016 καὶ
2503 962 2566 1015 τὸ
2606 961 2865 1033 τέταρτον
2904 963 3004 1021 οὑκ
3047 961 3426 1031 ὲπιγινώσκω·
3472 965 3593 1036 ῐχνη
3643 964 3817 1019 ἀετοῦ

2225 1054 2547 1126 πετομένου,
2578 1054 2672 1108 καὶ¹
2698 1053 2849 1118 ὁδοὺς
2881 1053 3058 1124 ὄφεως
3095 1056 3200 1119 ὲπὶε
3216 1056 3442 1129 πέτρας,
3464 1057 3559 1110 καὶ
3586 1057 3820 1129 τρίδους

2222 1144 2351 1216 νηὸς
2381 1142 2852 1216 ποντοπορούσης,
2880 1143 2976 1204 καὶ,
3021 1142 3174 1208 ὁδοὺς
3201 1145 3392 1217 ἀνδρὸς
3421 1147 3480 1198 ὲν
3506 1145 3749 1216 νεότητι,
3788 1163 3812 1199 ι

2221 1235 2317 1295 καὶ.
2343 1237 2443 1290 ὅσα
2463 1235 2689 1296 τοιαῦτά
2712 1237 2856 1289 ἐστιν
2881 1235 3179 1310 αἰνίγματα
3199 1253 3211 1266 ·
3237 1237 3402 1310 ἔτερα
3429 1239 3537 1311 γάρ
3563 1256 3688 1292 τινα
3713 1237 3817 1310 δη-

2221 1327 2323 1395 λοῖ,
2353 1327 2445 1380 καί⁸
2485 1326 2685 1399 ἑτέρων
2729 1325 2937 1380 ἔννοιαν
2979 1327 3308 1399 παρίστησι*
3343 1331 3438 1383 καὶ
3483 1329 3675 1401 ἀσαφῆ
3707 1329 3814 1401 μὲν

2221 1420 2360 1487 ἔστι,
2383 1419 2762 1492 κεκρυμμένον
2793 1418 2850 1472 δὲ
2881 1418 2991 1490 ἔχει
3017 1419 3107 1472 τὸν
3146 1419 3280 1481 νοῦν,

529 1523 582 1568 et
615 1513 700 1570 hae
753 1523 886 1580 tres,
953 1524 1006 1570 et
1045 1525 1238 1587 quarta
1289 1534 1400 1574 non
1439 1517 1648 1586 dicunt,
1689 1518 1838 1575 Satis
1882 1529 1988 1576 est.
2045 1518 2321 1581 lnl'ernus,
2371 1523 2428 1570 et
2477 1529 2632 1568 amor
2675 1513 2944 1577 mulieris,
2979 1523 3034 1569 et
3077 1523 3348 1577 tartarus,
3387 1527 3442 1569 et
3490 1525 3636 1572 terra
3685 1533 3814 1587 qua:

485 1638 489 1642 -
529 1620 638 1660 non
678 1614 958 1662 saturatur
993 1624 1156 1680 aqua,
1190 1617 1243 1666 et
1291 1625 1455 1682 aqua,
1499 1622 1555 1668 et
1599 1613 1765 1687 ignis,
1795 1627 2082 1686 nunquam
2116 1610 2330 1676 dicunt,
2367 1609 2514 1665 Satis
2555 1615 2641 1663 est
2674 1608 2743 1665 “.
2785 1628 2813 1661 ι
2843 1609 2908 1664 Et
2965 1609 3160 1664 iterum
3197 1627 3209 1661 :
3255 1629 3272 1661 ι
3311 1611 3438 1673 Tria
3500 1621 3653 1679 sunt,
3685 1627 3812 1684 quze

531 1697 810 1754 intellectu
857 1700 992 1754 mihi
1033 1709 1163 1756 sunt
1207 1702 1590 1774 impossibilia,
1623 1714 1679 1763 et
1729 1713 1986 1778 quartum
2052 1719 2161 1761 non
2223 1716 2544 1776 cognosco;
2598 1699 2828 1772 vestigia
2874 1702 3069 1773 aquila
3111 1702 3377 1769 volantis,
3425 1713 3480 1760 et
3522 1707 3643 1762 vias
3688 1723 3811 1763 ser-

528 1790 708 1860 pentis
740 1806 904 1862 supra
937 1803 1184 1863 petram,
1215 1804 1270 1852 et
1296 1796 1414 1852 vias
1450 1799 1612 1861 navis
1643 1798 1698 1854 in
1761 1799 1902 1854 mari
1966 1798 2170 1862 euntis,
2202 1805 2264 1854 et
2299 1797 2415 1852 vias
2469 1794 2624 1864 121
2669 1792 2772 1848 viri
2832 1795 2888 1848 in
2957 1793 3324 1855 adolescentia
3373 1797 3444 1864 ",
3491 1817 3511 1851 ι
3549 1805 3608 1853 et
3650 1814 3806 1869 quae-

530 1900 746 1956 cunque
797 1887 1066 1957 ejusmodi
1127 1897 1254 1945 sunt
1308 1893 1598 1964 aenigmata
1644 1908 1658 1946 :

1716 1894 1823 1948 alia
1878 1909 2116 1964 namque
2157 1893 2340 1948 statim
2369 1891 2652 1954 indicant,
2688 1887 2852 1943 aliam
2881 1895 3076 1957 ,tamen
3124 1890 3451 1948 sententiam
3495 1890 3803 1949 exhibent:

527 1988 582 2034 et
601 1979 837 2037 obscura
867 1980 1086 2052 quidem
1118 1990 1268 2049 sunt,
1298 1984 1684 2041 absconditum
1718 2002 1849 2044 vero
1881 2001 2107 2044 sensum
2137 1985 2361 2042 habent.

951 2095 1109 2153 Liber
1143 2097 1196 2154 Χ
1214 2096 1272 2162 ν,
1311 2096 1682 2154 Ecclesiastes.

593 2189 684 2254 23.
724 2187 791 2255 Et
817 2188 963 2246 hunc
993 2189 1192 2246 librum
1214 2190 1437 2262 scripsit
1482 2189 1739 2246 Salomon
1780 2233 1796 2260 ,
1847 2199 1909 2246 ut-
1943 2207 2110 2262 supra

533 2280 743 2336 dictum
771 2289 876 2339 est.
932 2281 1144 2338 Dicitur
1196 2290 1379 2339 autem
1438 2282 1824 2351 Ecclesiastes,
1850 2285 2111 2356 quoniam

528 2376 772 2443 itabunc
800 2379 1103 2434 nominavit
1129 2387 1323 2436 auctor
1347 2381 1486 2453 ipse,
1509 2383 1603 2451 qui
1631 2381 1854 2453 scripsit
1875 2381 1931 2440 in
1960 2384 2112 2453 prin-

523 2470 669 2542 cipio
699 2471 876 2542 ipsius
910 2471 1139 2527 dicens:
1170 2489 1189 2522 ι
1226 2469 1408 2527 Verba
1446 2469 1798 2529 Ecclesiasta:
1827 2472 1921 2528 lilii
1952 2473 2113 2530 Davi-

525 2563 613 2622 dis
634 2566 780 2635 regis
808 2563 980 2622 Israel
1022 2565 1080 2621 in
1123 2565 1426 2623 Jerusalem
1469 2588 1483 2623 :
1518 2566 1747 2625 Vanitas
1781 2570 2108 2637 vanitatum,

522 2658 666 2722 dixit
703 2658 1086 2716 Ecclesiastes.
1138 2679 1157 2712 ι
1195 2659 1371 2717 Variis
1411 2677 1540 2718 vero
1570 2663 1885 2719 nominibus
1943 2680 2108 2719 voca-

519 2759 622 2809 tus.
641 2761 726 2809 est
755 2751 1043 2810 Salomon:
1081 2752 1335 2826 Sapiens,
1364 2755 1491 2826 quia
1523 2757 1803 2828 sapientiae
1832 2758 2109 2830 particeps

519 2842 661 2911 fuit;
696 2843 967 2911 Prudens,
997 2861 1063 2902 co
1096 2845 1242 2918 quod
1265 2847 1512 2903 veritatis
1563 2849 1620 2903 in
1663 2849 1783 2919 ipso
1830 2850 1932 2904 fuit
1979 2866 2111 2920 pru-

520 2937 746 3005 dentia;
777 2937 999 3003 Doctus,
1049 2939 1309 3010 quoniam
1353 2955 1536 3006 veram
1570 2955 1601 2994 a
1641 2939 1870 2997 Domino
1902 2941 2110 2997 doctri-

521 3045 649 3086 nam
682 3030 896 3087 habuit.
954 3031 1317 3088 Ecclesiastes
1372 3047 1502 3096 vero
1558 3039 1782 3098 vocatus
1823 3045 1930 3100 est,
1979 3033 2105 3112 quia

521 3121 588 3177 ad
616 3123 877 3194 populum
904 3124 1022 3194 ipse
1055 3123 1438 3189 concionatus,
1471 3133 1525 3180 et
1552 3140 1673 3195 quae
1723 3126 1950 3197 spiritus
1979 3133 2108 3183 sunt

522 3213 744 3271 locutus
769 3223 875 3271 est.
901 3215 961 3270 1n
995 3217 1098 3272 hoc
1120 3228 1300 3274 autem
1332 3218 1474 3274 libro
1500 3218 1567 3274 de
1600 3219 1841 3273 naturali
1893 3217 2106 3274 theoria

521 3305 962 3376 philosophatur.
989 3308 1262 3375 Quoniam
1294 3310 1441 3366 enim
1477 3309 1721 3382 Egyptii
1757 3308 1826 3367 de
1857 3310 1950 3364 illa
1976 3326 2106 3366 suas

516 3398 631 3468 jam
659 3397 936 3455 habebant
974 3401 1418 3472 imaginationes,
1445 3410 1497 3457 et
1530 3399 1705 3456 Graeci
1737 3403 1890 3458 hisce
1918 3403 1985 3458 de
2017 3419 2106 3460 re-

520 3487 628 3549 bus
653 3485 950 3543 labulaturi
980 3499 1138 3545 erant
1167 3508 1178 3544 :
1210 3492 1280 3547 ob
1303 3507 1423 3546 eam
1458 3492 1576 3562 ipse
1610 3508 1833 3547 causam
1865 3492 2104 3563 impulsu

521 3580 760 3652 Spiritus
794 3586 970 3638 sancti
999 3586 1226 3656 eos,qui
1250 3585 1317 3641 de
1350 3586 1471 3640 istis
1512 3585 1790 3655 inquirere
1821 3588 2102 3652 conaban-

520 3681 630 3736 tur,
658 3675 981 3745 compescit,
1020 3675 1250 3733 dioens:
1293 3697 1311 3729 ι
1353 3677 1476 3733 Νοη
1524 3679 1726 3750 poterit
1760 3678 1923 3733 homo
1955 3679 2106 3735 inve-

523 3762 644 3819 nire
663 3777 822 3833 opus,
843 3764 990 3835 quod
1016 3765 1122 3820 sub
1152 3767 1266 3822 sole
1287 3765 1493 3822 factum
1513 3776 1600 3823 est
1630 3788 1642 3822 :
1681 3768 1933 3838 quamvis
1957 3784 2104 3840 quae-

518 3854 692 3911 rendo
735 3853 1014 3926 fatigetur,
1063 3872 1175 3912 non
1221 3859 1463 3915 inveniet
1492 3859 1556 3916 ¹³.
1596 3879 1614 3912 ι
1659 3858 1894 3913 Damnat
1937 3861 2102 3916 etiam

519 3944 907 4020 Egyptiorum
971 3948 1292 4021 religionem
1361 3952 1511 4007 circa
1577 3952 1971 4009 divinationem
2035 3967 2103 4008 ex

515 4035 757 4094 hominis
789 4039 1102 4106 nativitate,
1131 4039 1323 4100 dicens
1355 4059 1368 4096 :
1401 4063 1421 4095 ‹
1459 4045 1562 4112 Qui
1593 4045 1842 4101 observat
1878 4055 2100 4102 ventum

519 4145 631 4184 non
668 4138 834 4197 seret,
888 4141 942 4187 et
973 4132 1067 4203 qui
1110 4135 1307 4204 aspicit
1337 4135 1405 4190 ad
1450 4137 1624 4192 nubes
1674 4153 1785 4192 non
1825 4145 2014 4200 metet,
2044 4138 2102 4192 in

518 4219 723 4289 quibus
754 4219 980 4291 agnosci
1027 4237 1136 4276 non
1194 4231 1394 4293 potest,
1445 4241 1567 4296 qua:
1599 4226 1671 4281 sit
1708 4227 1796 4280 via
1848 4229 2099 4298 spiritus.

517 4308 674 4366 Sicut
705 4327 832 4369 ossa
865 4314 920 4369 in
950 4323 1140 4370 ventre
1164 4323 1379 4371 uterum
1415 4320 1704 4388 gestantis,
1733 4320 1808 4374 ita
1838 4335 1950 4375 non
1999 4335 2098 4375 co-

515 4410 742 4472 gnoscet
764 4419 929 4476 opera
973 4405 1090 4472 Dei,
1125 4424 1469 4480 quaecunque
1502 4409 1665 4466 faciet
1695 4414 1948 4469 universa
1971 4413 2040 4466 “.
2075 4433 2093 4466 ι

514 4491 718 4551 Deinde
749 4505 803 4552 et
837 4498 904 4554 de
935 4499 1272 4572 singulorum
1300 4502 1513 4558 theoria
1565 4513 1829 4572 tractans,
1864 4505 2089 4570 fatetur,

514 4586 661 4657 quod
701 4587 768 4643 de
795 4590 998 4646 talibus
1033 4607 1170 4648 vane
1197 4603 1495 4664 quaeratur,
1523 4602 1578 4650 et
1629 4595 1777 4666 quod
1825 4594 2095 4664 ejusmodi

514 4677 655 4733 nihil
706 4682 924 4750 pariant
952 4684 1121 4750 aliud,
1146 4703 1311 4758 quam
1363 4688 1630 4744 laborem.
1666 4686 1786 4742 Non
1833 4687 1979 4742 enim
2031 4702 2097 4742 ex

513 4769 734 4826 illorum
766 4776 1100 4847 cognitione,
1139 4779 1236 4834 sed
1264 4795 1331 4834 ex
1377 4781 1490 4835 vita
1535 4789 1590 4834 et
1637 4779 1851 4833 actibus
1877 4777 2096 4846 sapiens

516 4869 571 4917 et
587 4863 774 4932 justus
806 4868 987 4936 quivis
1017 4872 1434 4942 comprobatur.
1459 4872 1601 4926 Dicit
1630 4887 1866 4941 namque
1899 4887 1913 4924 :
1953 4891 1971 4923 ‹
1997 4870 2095 4925 Et-

2125 4819 2174 4877 ι)

2550 2097 2793 2150 Βιϐλίον
2835 2103 2918 2160 ιε’,
2964 2095 3464 2165 Ἐκκλησιαστής.

2283 2191 2371 2246 25.
2409 2189 2519 2243 Καὶ
2550 2189 2710 2244 τοῦτο
2744 2187 2999 2261 Σολομὼν
3027 2188 3234 2261 ἔγραψε
3269 2189 3332 2242 τὸ
3365 2189 3592 2260 βιϐλίον,
3621 2190 3801 2246 καθά-

2214 2300 2320 2355 περ
2356 2281 2702 2355 προείρηται.
2745 2281 2976 2351 Λέγεται
3017 2280 3074 2334 δὲ
3113 2281 3560 2355 Ἐκκλησιαστὴς,
3607 2284 3802 2356 ἐπειδὴ

2211 2375 2384 2437 οὕτως
2426 2373 2708 2443 ὠνόμασεν
2736 2371 2901 2436 αὐτὸς
2939 2373 2968 2425 6
3013 2371 3252 2443 γράψαςν
3299 2373 3468 2427 εῑπὼν
3512 2378 3571 2428 ἐν
3609 2377 3756 2448 ἀρχῇ
3781 2392 3798 2406 ’

2218 2486 2237 2519 ι
2260 2467 2508 2538 Ῥήματα
2522 2463 2948 2536 Ἑκκλησιαστοῦ
2974 2464 3090 2523 υίοῦ
3113 2464 3283 2520 Δαϐὶδ
3297 2465 3800 2541 βασιλέως-Ἰσραὴλ

2215 2560 2272 2613 ἐν
2308 2557 2700 2629 ’ἰερουσαλήμι
2740 2555 3056 2629 Ματαιότης
3115 2559 3510 2630 ματαιοτήτων,
3562 2555 3722 2614 εἶπεν
3770 2564 3801 2614 ό

2226 2653 2673 2725 Ἐκκλησιαστής,
2707 2669 2726 2703 ι
2756 2650 3023 2714 Ποικίλως
3058 2651 3104 2704 δ’
3131 2651 3199 2706 ἂν
3224 2652 3426 2726 ἐκλήθη
3449 2655 3478 2707 ό
3507 2654 3796 2726 Σολομὼν·

2215 2745 2374 2814 σοφὸς
2409 2745 2526 2815 μὲν,
2584 2745 2666 2798 ὃτι
2716 2741 2907 2813 σοφίας
2962 2743 3221 2814 μετέσχε·
3279 2744 3544 2817 φρόνιμος
3590 2745 3668 2811 δὲ,
3712 2748 3796 2801 ὅτι

2211 2837 2470 2910 φρόνησις
2512 2834 2768 2906 ἀληθείας
2809 2831 2878 2906 ἦν
2922 2837 2980 2888 ἐν
3025 2835 3206 2907 αὐτῷ’
3243 2838 3676 2911 πεπαιδευμένος
3714 2840 3794 2904 δὲ,

2209 2932 2290 2985 ὅτι
2351 2931 2448 3002 τὴν
2506 2927 2766 3000 ἀληθινὴν
2832 2927 3079 2981 παιδείαν
3142 2929 3294 3001 παρὰ
3356 2931 3563 3002 Κυρίου
3621 2926 3792 3002 εἶχεν.

2222 3021 2454 3094 Ἐκλήθη
2494 3017 2586 3077 οὖν
2623 3020 3076 3092 Ἐκκλησιαστὴς,
3118 3022 3200 3074 δτι
3238 3022 3400 3086 αὐτὸς
3437 3023 3794 3093 ὲξεκλησίαζε

2208 3115 2335 3176 τοὺς
2369 3113 2551 3176 λαοὺς,
2578 3111 2673 3165 καὶ
2700 3111 2881 3165 ὲλάλει
2905 3111 2974 3164 τὰ
3008 3111 3102 3165 τοῦ
3126 3113 3454 3184 πνεύματος.
3491 3115 3580 3169 Ἐν
3616 3115 3795 3186 τούτῳ

2206 3205 2266 3259 δὲ
2285 3203 2364 3276 τῷ
2399 3204 2585 3276 βιϐλίῳ
2623 3205 2752 3277 περὶ
2779 3203 2880 3274 τῆς
2921 3205 3158 3276 φυσικῆς
3197 3205 3432 3277 θεωρίας
3479 3207 3792 3278 φιλοσοφῶν

2209 3296 2478 3365 φαίνεται.
2520 3295 2736 3368 Ἐπειδὴ
2780 3295 2890 3366 γὰρ
2938 3296 3224 3366 Αἰγύπτιοι
3267 3297 3370 3369 μὲν
3405 3299 3790 3368 ἐφαντάζοντο,

2209 3388 2471 3461 ’Έλληνες
2515 3388 2572 3442 δὲ
2610 3387 2834 3459 ἔμελλον
2877 3390 3006 3461 περὶ
3043 3389 3248 3444 τούτων
3306 3391 3621 3462 μυθολογεῖν
3643 3411 3656 3425 ο
3704 3393 3794 3448 διὰ

2131 3463 2176 3523 C
2205 3477 2366 3532 τοῦτο
2403 3473 2578 3543 οὗτος,
2619 3475 2897 3548 Πνεύματι
2934 3477 3072 3549 ἁγίῳ
3104 3478 3440 3551 κινούμενος,
3478 3480 3643 3536 παύει
3691 3484 3791 3554 μὲν

2204 3572 2331 3635 τοὺς
2384 3570 2798 3643 ἐπιχειροῦντας
2847 3571 2977 3642 περὶ
3018 3569 3224 3625 τούτων
3276 3573 3477 3643 ζητεῖν,
3527 3575 3787 3644 φάσκων·

2211 3681 2230 3715 ι
2261 3663 2338 3717 Οὑ
2382 3663 2669 3736 δυνήσεται
2712 3661 2996 3734 ἄνθρωπος
3044 3661 3139 3716 τοῦ
3185 3664 3367 3736 εὑρεῖν
3403 3666 3462 3718 τὸ
3494 3667 3704 3738 ποίημα
3731 3667 3791 3720 τὺ

2205 3756 2572 3829 πεποιημένον
2601 3755 2706 3810 ὑπὸ
2746 3756 2836 3810 τὸν
2869 3756 3019 3826 ἥλιον
3041 3770 3056 3784 ⁸
3084 3757 3184 3809 ὅσα
3209 3755 3275 3810 ἂν
3306 3756 3552 3828 μοχθήσῃ
3574 3758 3788 3830 ἄνθρω-

2205 3869 2306 3915 πος
2345 3849 2440 3905 τοῦ
2476 3851 2730 3923 ζητῆσαι,
2769 3851 2862 3904 καὶ
2903 3850 3001 3921 οὑχ
3046 3849 3306 3921 εὑρήσει·
3345 3869 3365 3902 ι
3408 3849 3689 3904 διαϐάλλει
3736 3853 3788 3905 δὲ

2203 3943 2301 3998 καὶ⁵
2333 3943 2432 4015 τὴν
2472 3943 2784 4012 Αἰγυπτίων
2826 3943 2954 4014 περὶ
2991 3942 3430 4012 γενεθλιαλογίας
3465 3944 3670 4015 νόησιν,
3698 3944 3781 3998 λέ-

2202 4055 2345 4108 γων·
2388 4059 2406 4092 ι
2444 4038 2642 4111 Τηρῶν
2673 4038 2874 4109 ἄνεμον
2903 4037 2964 4090 ού
2988 4038 3199 4108 σπερεῖ,
3227 4036 3322 4090 καὶ
3354 4035 3566 4107 βλέπων
3591 4037 3650 4088 ὲν
3670 4039 3789 4100 ταῖς

2203 4131 2456 4201 νεφέλαις
2486 4132 2545 4184 οὑ
2586 4130 2809 4202 θερίσει,
2841 4131 2898 4182 ὲν
2935 4123 3015 4192 οἷς
3044 4130 3144 4182 οὑκ
3183 4127 3296 4180 ἔστι
3331 4127 3636 4196 γινώσκων,
3671 4128 3723 4180 τί
3749 4129 3786 4198 ή

2201 4221 2318 4285 ὁδὸς
2334 4222 2428 4275 τοῦ
2458 4221 2783 4292 πνεύματος.
2802 4221 2890 4284 Ὠς
2917 4221 3051 4274 ὀστᾶ
3076 4223 3133 4274 ὲν
3162 4221 3360 4292 γαστρὶ
3389 4220 3786 4293 κυοφορούσης,

2201 4312 2375 4377 οὕτως
2411 4315 2473 4366 οὑ
2504 4312 2688 4386 γνώσῃ
2720 4312 2791 4366 τὰ
2819 4313 3100 4384 ποιήματα
3123 4313 3216 4365 τοῦ
3243 4311 3401 4379 Θεοῦ,
3439 4313 3536 4366 ὅσα
3571 4313 3785 4384 ποιήσει

2200 4408 2269 4462 τὰ
2297 4407 2608 4479 σύμπαντα.
2643 4427 2661 4460 ι
2706 4404 2840 4461 Εἶτα
2878 4407 2972 4460 καὶ
3012 4406 3138 4478 περὶ
3158 4405 3255 4477 τὴν
3286 4404 3521 4477 θεωρίαν
3550 4406 3785 4460 ἑκάστου

2199 4501 2520 4571 γιγνόμενος
2563 4499 2819 4564 συνεῖδεν,
2855 4499 2937 4553 ὅτι
2988 4499 3163 4568 μάτην
3201 4496 3319 4550 ἐστὶ
3365 4497 3492 4569 περὶ
3529 4495 3787 4550 τοιούτων

2200 4593 2406 4662 ζητεῖν,
2443 4593 2538 4644 καὶ
2569 4590 2728 4661 μόνον
2763 4590 2832 4644 τὰ
2867 4589 3094 4645 τοιαῦτα
3129 4587 3328 4661 μόχθον
3356 4589 3540 4660 γεννᾷ.
3573 4588 3649 4643 Οὑ
3677 4587 3788 4659 γὰρ

2200 4683 2306 4736 ἀπὸ
2333 4683 2424 4737 τοῦ
2454 4681 2743 4751 γινώσκειν
2771 4682 2842 4736 τὰ
2861 4681 3106 4746 τοιαῦτα,
3148 4682 3262 4736 ἀλλ’
3293 4681 3402 4736 ἀπὸ
3426 4681 3521 4736 τοῦ
3554 4697 3794 4754 πρακτι-.

2201 4773 2295 4826 κοῦ
2333 4773 2449 4843 βίου
2483 4773 2511 4824 ὁ
2541 4771 2702 4842 σοφὸς
2727 4773 2821 4825 καὶ
2844 4771 3052 4833 δίκαιος
3084 4770 3421 4824 συνίσταται.
3453 4769 3618 4838 Λέγει
3639 4768 3782 4840 γάρ·

2205 4885 2223 4917 ι
2258 4865 2366 4919 Καί
2393 4882 2457 4934 γε
2482 4866 2581 4918 ὅσα
2609 4864 2703 4917 ἐὰν
2736 4864 2865 4936 εἴπῃ
2899 4861 3063 4932 σοφὸς
3095 4862 3188 4916 τοῦ
3217 4862 3442 4932 γνῶναι,
3474 4861 3536 4915 οὑ
3560 4861 3783 4932 δυνήσε-

515 4954 660 5009 enim
689 4973 1028 5029 quaecunque
1062 4962 1207 5017 scire
1260 4979 1319 5020 se
1367 4963 1565 5018 dixerit
1605 4967 1847 5034 sapiens,
1871 4981 1936 5021 ea
1983 4981 2094 5021 non

2212 4977 2287 5013 ιαι
2320 4959 2415 5012 τοῦ
2459 4959 2658 5031 εὑρεῖν.
2693 4958 2814 5010 Ὀτι
2860 4955 3082 5027 σύμπαν
3118 4955 3279 5008 τοῦτο
3319 4955 3493 5010 ἔδωκα
3527 4956 3606 5018 εἰς
3643 4973 3780 5027 καρ-

513 5049 716 5118 poterit
743 5050 1010 5107 invenire.
1049 5053 1318 5119 Quoniam
1350 5064 1521 5110 totum
1562 5056 1665 5112 hoc
1710 5060 1908 5114 tradidi
1941 5059 2098 5116 cordi

2212 5053 2316 5107 Βίαν
2358 5069 2482 5123 μου,
2526 5052 2620 5104 καὶ
2660 5049 2807 5121 ψυχή
2857 5066 2960 5120 μου
3006 5049 3229 5121 σύμπαν
3265 5044 3371 5102 εἶδε
3411 5047 3588 5111 τοῦτο,
3622 5048 3700 5126 ᾡς
3735 5048 3780 5100 σιί

513 5151 658 5205 meo,
691 5145 746 5192 et
775 5143 1077 5196 totumhoc
1102 5143 1236 5197 vidit
1267 5143 1447 5197 anima
1505 5159 1648 5210 mea,
1685 5147 1828 5215 quod
1858 5146 1995 5216 justi
2041 5153 2098 5201 et.

2212 5146 2395 5200 il‘xamt
2422 5145 2518 5200 καὶ
2548 5146 2602 5198 oi
2635 5143 2788 5213 σοφοὶ
2824 5144 2918 5197 καὶ
2950 5145 3005 5197 αἱ
3039 5142 3290 5216 ἐργασίαι
3328 5139 3507 5194 αὑτῶν
3541 5143 3600 5193 ὲν
3638 5140 3782 5210 χειρὶ

515 5229 811 5298 sapientes,
837 5241 892 5288 et
919 5249 1083 5304 opera
1111 5252 1302 5292 eorum
1357 5244 1486 5292 sunt
1534 5236 1589 5291 in
1637 5253 1803 5292 manu
1852 5238 1949 5294 Dei
1969 5241 2045 5294 ’³.
2069 5259 2087 5290 ι

2212 5239 2355 5294 θεοῦ.
2396 5261 2412 5291 ι
2461 5239 2702 5302 Εἰκότως
2739 5239 2918 5292 τοίνυν
2960 5239 3090 5310 περὶ
3125 5235 3234 5290 τῶν
3258 5235 3515 5290 τοιούτων
3553 5236 3780 5306 ζήτησιν

512 5315 683 5378 Recte
708 5324 874 5395 igitur
909 5328 1096 5383 talium
1156 5345 1337 5383 rerum
1394 5329 1806 5400 inquisitionem
1861 5339 2090 5401 prmter-

2212 5333 2402 5397 ἱιαῆὰς,
2445 5333 2690 5404 καὶπερὶ
2724 5333 2822 5404 τὴν
2865 5329 3217 5402 ἀνθρωπίνην
3255 5328 3532 5383 πολιτείαν
3563 5345 3781 5396 καταγι-

511 5429 756 5486 gressus,
785 5426 838 5474 et
871 5419 923 5474 in
955 5423 1374 5492 contemplanda
1401 5424 1715 5479 mortalium
1745 5425 1934 5496 politia
1965 5442 2090 5480 con-

2212 5427 2473 5497 γνόμενος,
2502 5425 2642 5495 ὀρῶν
2670 5442 2730 5478 τε
2760 5424 2930 5478 πολλὰ
2957 5423 3050 5477 καὶ
3075 5420 3294 5475 ποικίλα
3322 5421 3391 5475 τὰ
3423 5420 3530 5474 τῶν
3569 5419 3778 5492 ἀνθρώ-

511 5505 762 5573 stitutus,
801 5525 924 5566 cum
965 5514 1166 5570 multos
1213 5523 1267 5570 et
1322 5518 1501 5574 varios
1539 5517 1749 5574 videret
1802 5519 2088 5574 hominum

2212 5536 2313 5572 των
2344 5517 2747 5589 συμπτώματα,
2783 5517 3115 5588 συνίστησιν,
3144 5515 3225 5568 ὅτι
3253 5515 3478 5587 προνρίᾳ
3503 5514 3570 5568 τὰ
3601 5514 3776 5568 πάντα

510 5615 698 5669 rasus,
729 5605 1029 5671 concludit,
1065 5607 1207 5677 quod
1256 5610 1596 5679 providentia
1636 5613 2095 5669 administrentur

2212 5612 2498 5674 Ξιοικεῖται,
2532 5609 2707 5679 λέγων
2725 5629 2739 5644 ο
2767 5630 2783 5661 ι
2810 5610 2885 5662 Οὐ
2917 5612 3028 5672 τοῖς
3061 5606 3284 5676 κούφοις
3306 5606 3566 5678 όδρόμος,
3594 5607 3690 5658 καὶ
3714 5603 3775 5658 οὑ

510 5696 716 5764 omnia,
764 5696 1000 5753 dicens:
1042 5718 1061 5750 ι
1096 5699 1304 5758 Cursus
1356 5721 1462 5758 non
1512 5713 1597 5761 est
1650 5706 1942 5774 velocium,
1989 5720 2091 5760 nec

2212 5705 2306 5765 τοῖς
2323 5707 2560 5768 συνετοῖς
2577 5701 2867 5775 [δυνατοῖς]
2899 5703 2926 5755 ό
2945 5700 3199 5771 πόλεμος,
3226 5698 3319 5752 καί
3341 5715 3404 5767 γε
3433 5696 3493 5750 οὑ
3523 5695 3600 5767 τῷ
3629 5694 3774 5766 σοφῷ

582 5811 623 5841 ἰ
667 5809 822 5868 Prov.
865 5829 1008 5882 xxx,
1046 5817 1146 5880 15,
1189 5818 1270 5871 16.
1371 5823 1414 5850 "
1457 5820 1585 5877 ibid.
1631 5821 1726 5887 18,
1767 5823 1850 5878 l9.
1966 5823 2010 5854 ’³
2051 5821 2106 5877 Ε(

2215 5865 2226 5877 .
2261 5807 2396 5884 vi",
2439 5820 2517 5874 l7.
2625 5819 2669 5852 "
2705 5818 2883 5873 Ecclc.
2942 5832 3030 5883 xi,
3069 5814 3136 5878 4,
3173 5815 3224 5870 5.
3336 5814 3379 5844 ³⁸
3420 5810 3595 5867 Eccle.
3637 5824 3768 5875 vm,

512 5881 597 5938 17.
