3958 6558
166 465 197 514 5
212 472 269 516 in

164 581 191 630 ὁ
215 577 403 648 ἄρτος,
438 575 551 629 καί
577 595 651 644 γε
668 579 725 629 οὐ
747 577 857 644 τοῖς
883 579 1120 641 συνετοῖς
1158 577 1186 628 ὁ
1219 579 1468 646 πλοῦτος,
1506 581 1600 634 καί
1628 599 1691 651 γε
1725 584 1786 637 οὐ

163 675 272 732 τοῖς
307 667 713 737 γινώσκουσιν
751 671 782 736 ἡ
826 669 1022 740 χάρις’
1056 669 1137 723 ὅτι
1169 671 1358 742 καιρὸς
1379 673 1472 726 καὶ
1493 673 1788 746 ἀπάντημα

166 761 594 832 συναντήσεται
630 764 742 825 τοῖς
780 762 947 814 πᾶσιν
974 761 1176 825 αὐτοῖς.
1220 763 1307 816 Ἑν
1338 763 1500 817 παντὶ
1527 763 1635 838 γάρ
1673 766 1788 818 ἐστι

167 856 424 925 βασιλεὺς
449 853 564 907 τοῦ
611 853 781 926 ἀγροῦ
810 852 1189 926 εἰργασμένου.
1225 855 1332 907 Καὶ
1368 853 1474 926 γάρ
1507 855 1680 919 οὐδεὶς
1699 855 1790 908 κύ-

167 945 276 1020 ριός
311 961 500 1015 φησιν
537 947 610 998 ἐν
654 943 864 1008 τούτοις
908 944 1009 1015 τῆς
1049 944 1241 999 ἑαυτοῦ
1289 945 1504 1016 βουλῆς.
1539 947 1665 1000 Ὅτι
1705 946 1807 1011 τίς,

162 1036 488 1107 ἄνθρωπος,
530 1032 604 1100 εξ
632 1035 983 1090 ἐπελεύσεται
1010 1037 1184 1092 ὀπίσω
1223 1038 1324 1108 τῆς
1359 1037 1556 1109 βουλῆς
1593 1038 1662 1091 τὰ
1690 1040 1788 1093 ὅσα

164 1131 428 1200 ἐποίησεν
473 1131 700 1202 αὑτήν;
745 1130 841 1184 καὶ
887 1130 969 1184 ὅτι
1014 1129 1166 1183 οὐδὲν
1201 1131 1362 1184 πλέον
1411 1131 1694 1204 ἄνθρωπος
1730 1133 1789 1185 ἐν

165 1222 238 1293 τῷ
284 1223 392 1292 βίῳ
445 1223 649 1294 τούτῳ
699 1223 1156 1294 ἐξουσιάσαιτο,ἢ
1206 1222 1298 1276 τοῦ
1349 1225 1520 1277 ποιεῖν
1555 1223 1789 1296 πονηρὸν

165 1313 253 1365 καὶ
286 1313 544 1382 ἀγαθὸν,
584 1314 681 1366 καὶ
717 1312 1024 1384 ἑτοιμάζειν
1075 1315 1156 1378 είς
1188 1314 1288 1385 τὴν
1336 1313 1512 1379 ἔξοδον
1553 1314 1620 1368 τά
1653 1315 1789 1386 ἔργα

165 1406 352 1460 αὑτοῦ.
380 1406 513 1459 Καὶ
551 1406 668 1476 γάρ
695 1406 789 1458 καὶ
808 1405 836 1457 ὃ
866 1403 1102 1478 φάγεται
1126 1405 1220 1458 καὶ
1244 1405 1445 1472 πίεται,
1475 1405 1632 1460 τοῦτο
1650 1407 1791 1477 δόμα

166 1497 297 1550 θεοῦ
335 1499 531 1552 ἐστιν.
574 1497 741 1551 Ὀθεν
778 1496 887 1549 εἴτε
922 1496 1148 1569 ζήτησίς
1181 1498 1298 1550 ἐστι
1348 1498 1475 1568 περὶ
1513 1498 1630 1562 τοῦ,
1671 1498 1790 1562 πῶς

171 1591 360 1657 γέγονε
409 1588 494 1641 τὰ
537 1589 870 1660 φαινόμενα,
916 1589 1025 1642 εῐτε
1070 1589 1261 1659 κτῆσίς
1310 1591 1425 1642 ἐστι
1471 1589 1786 1662 χρημάτων,

169 1682 274 1734 εἴτε
303 1680 506 1751 τρυφὴ
547 1681 897 1752 περιουσίας,
937 1679 1113 1734 πάντα
1143 1679 1315 1734 ταῦτα
1351 1682 1647 1753 ματαιότης
1681 1700 1787 1753 μα-

173 1771 484 1840 ταιοτήτων
523 1772 674 1837 ἐστὶ,
706 1773 800 1826 καὶ
829 1771 990 1829 πλέον
1028 1772 1238 1845 οὐδὲνῆ
1271 1773 1558 1844 περισσεία
1595 1772 1790 1845 βουλῆς

173 1861 261 1913 καὶ
309 1861 724 1932 προαιρέσεως
771 1865 1118 1934 ἐπικήρησις.
1173 1883 1190 1917 ι
1247 1865 1336 1917 Ἐν
1385 1863 1442 1917 δὲ
1487 1863 1566 1936 τῷ
1610 1864 1788 1932 λέγειν

173 1951 343 2006 ταῦτα
379 1954 771 2026 ματαιότητα,
802 1955 1053 2025 ἐμφαίνει
1083 1956 1192 2009 τῶν
1226 1956 1527 2030 μελλόντων
1559 1957 1619 2011 τὸ
1659 1956 1790 2010 αἰώ-

176 2061 302 2098 νιον.
341 2045 442 2098 Διὸ
476 2047 590 2099 καὶ
620 2047 799 2121 πάντα
830 2047 1096 2117 ὑπερϐὰς,
1133 2051 1391 2120 παραινεῖ
1418 2048 1526 2102 τῶν
1557 2049 1789 2103 αἰωνίων

182 2138 565 2209 μνημονεύειν
590 2180 604 2204 ,
637 2140 730 2194 καὶ
771 2140 966 2195 είδέναι
1013 2141 1168 2205 τέλος
1201 2141 1418 2197 ἔσεσθαι
1449 2141 1542 2195 τοῦ
1583 2141 1789 2212 κόσμου

177 2233 386 2293 τούτου,
426 2233 494 2284 ἐν
530 2231 616 2306 τῷ
660 2233 875 2301 λέγειν,
940 2235 1130 2306 ἀργεῖν
1171 2233 1268 2296 τὰς
1311 2233 1639 2304 άληθούσας,
1674 2253 1692 2285 ‹
1730 2235 1789 2287 ἐν

177 2321 358 2393 ἡμέρᾳ
503 2322 579 2378 ἂν
634 2312 936 2377 σαλευθῶσι
1013 2324 1254 2394 φύλακες
1299 2325 1397 2396 τῆς
1448 2324 1646 2392 οἰκίας,
1693 2324 1787 2377 καὶ

179 2412 607 2483 δωστραφῶσιν
639 2415 828 2486 ἄνδρες
861 2415 963 2486 τῆς
990 2416 1291 2486 δυνάμεως,
1326 2416 1419 2468 καὶ
1445 2416 1695 2492 ἧργησαν
1731 2416 1786 2477 αἱ

184 2505 514 2578 ἀλήθουσαι.
559 2526 579 2559 ι
617 2508 730 2560 Καὶ¹
772 2507 841 2561 τά
888 2507 1024 2579 μετὰ
1071 2499 1136 2560 τδ
1180 2507 1331 2571 τέλος
1377 2507 1432 2560 δέ
1475 2506 1782 2579 ἐξηγεῖταιο

192 2619 208 2648 ι
249 2599 370 2653 Ὅτι
418 2598 663 2671 σύμπαν
704 2599 765 2652 τὸ
805 2600 1015 2670 ποίημα
1050 2602 1076 2652 ὁ
1107 2600 1236 2664 Θεὸς
1269 2599 1388 2667 ἄξει
1429 2581 1486 2654 ἐν
1519 2599 1696 2671 κρίσει
1729 2603 1788 2654 ἐν

188 2692 342 2744 παντὶ
386 2690 954 2764 παρεωραμὲνῳ,ἐὰν
974 2691 1196 2760 ἀγαθὸν,
1230 2692 1323 2745 καὶ
1351 2691 1446 2746 ἐὰν
1474 2693 1727 2764 πονηρόν.
1761 2712 1782 2746 ›

205 2783 292 2836 ἐκ
314 2784 379 2855 δὴ
407 2785 631 2838 τούτων
665 2783 957 2848 δείκνυσιν,
987 2784 1069 2838 ὅτι
1099 2785 1241 2858 άπερ
1279 2785 1452 2854 ἔλεγε,
1487 2805 1504 2836 ι
1541 2785 1785 2840 Ματαιό-

191 2893 282 2943 της
316 2877 734 2947 ματαιοτήτων,
776 2895 794 2927 ι
841 2876 901 2928 οὐ
948 2875 1046 2946 τὴν
1093 2877 1269 2930 κτίσιν
1319 2874 1617 2930 διαϐάλλων
1659 2874 1783 2946 ἔφη,

199 2966 303 3019 ἀλλ’
329 2969 439 3031 ὅτι,
469 2968 549 3021 τὰ
579 2967 773 3021 αἰώνια
802 2967 1042 3038 θεωρῶν,
1080 2967 1233 3038 ἔλεγε
1265 2967 1362 3040 τὴν
1388 2966 1496 3022 τῶν
1527 2967 1788 3039 προσκαί-

198 3075 298 3130 ρων
331 3060 644 3130 ἐπιθυμίαν
679 3054 818 3112 εἶναι
850 3060 1204 3130 ματαιότητα.
1237 3060 1346 3112 Καὶ
1380 3060 1559 3132 κρίσιν
1591 3060 1654 3113 δέ·
1676 3059 1788 3112 δια-

201 3149 483 3214 διδάσκων,
522 3151 781 3222 σημαίνει
804 3149 902 3222 τὴν
942 3151 1235 3205 ἀνάστασιν
1269 3150 1376 3204 τῶν
1425 3149 1656 3222 νεκρῶν,
1693 3152 1787 3204 καὶ

199 3240 299 3297 τῶν
331 3242 598 3313 πράξεων
626 3243 1003 3302 ἀνταπόδοσιν.
1041 3243 1270 3296 Ἔπειτα
1291 3241 1484 3311 λέγων,
1522 3262 1540 3294 ι
1572 3245 1788 3316 Ἥργη-

1267 465 1606 520 δῒΝΟΡδίδ
1646 466 2063 524 ΞΕΒΙΡΤΗΚΛΕ
2107 467 2380 524 SACRA‘Z.

3348 469 3455 527 350

1818 588 1862 646 Α
1889 585 2088 640 bellum
2111 580 2487 656 prudentium,
2514 597 2616 638 nec
2668 582 2935 655 sapientis
2981 584 3160 658 panis,
3190 601 3289 639 nec
3325 602 3453 656 pru-

1888 673 2133 728 dentium
2201 673 2500 744 opulentia,
2558 689 2661 729 nec
2730 675 3179 745 cognoscentium
3224 678 3453 746 gratia:

1887 767 2144 836 quoniam
2176 773 2392 837 tempus
2410 774 2464 822 et
2490 767 2710 822 occasio
2739 767 2901 822 simul
2929 769 3184 825 omnibus
3215 769 3336 824 istis
3367 785 3457 824 oe-
3486 789 3489 794 π

1889 857 2194 912 current".
2237 857 2294 911 ln
2321 857 2574 913 omnibus
2622 857 2767 912 enim
2813 867 2921 922 est,
2967 874 3064 914 rex
3116 859 3231 930 agri
3297 860 3451 915 culti.

1888 945 2072 1018 Neque
2103 948 2244 1002 enim
2275 947 2565 1017 quisquam
2597 948 2652 1002 in
2687 949 2811 1004 istis
2847 950 3063 1004 consilii
3087 951 3171 1006 sui
3201 951 3460 1008 dominus

1887 1047 1989 1094 est.
2025 1038 2160 1104 Quis
2187 1047 2272 1094 est
2297 1040 2442 1094 enim
2468 1039 2650 1107 homo,
2682 1041 2776 1110 qui
2827 1042 3000 1112 possit
3023 1043 3101 1097 ire
3132 1053 3281 1098 retro
3314 1060 3441 1100 cnn-

1888 1129 2094 1195 silium,
2119 1145 2461 1200 quaecunque
2495 1129 2742 1186 fecerunt
2773 1133 2996 1204 ipsum?
3022 1133 3088 1187 Et
3146 1136 3291 1206 quod
3320 1137 3459 1193 nihil

1887 1221 2177 1293 potestatis
2217 1223 2456 1294 amplius
2485 1223 2539 1276 in
2565 1223 2668 1277 hac
2698 1224 2810 1278 vita
2838 1224 3036 1279 habeat
3071 1225 3258 1290 homo,
3290 1244 3456 1299 quam
3481 1269 3484 1272 .

1889 1314 2129 1371 faciendi
2156 1315 2359 1370 bonum
2391 1323 2445 1370 et
2467 1315 2692 1380 malum,
2725 1321 2780 1369 et
2799 1316 3141 1386 praeparandi
3169 1333 3336 1388 opera
3358 1335 3459 1374 sua
3533 1330 3558 1352 ο

1889 1406 1956 1461 ad
1985 1407 2214 1462 exitum.
2246 1405 2382 1460 Nam
2415 1414 2470 1461 et
2491 1405 2637 1477 quod
2675 1403 2792 1461 edit
2821 1415 2874 1462 et
2915 1406 3073 1472 bibit,
3107 1408 3211 1463 hoc
3251 1408 3460 1465 donum

1888 1497 1983 1554 Dei
2017 1506 2123 1555 est.
2166 1495 2322 1554 Unde
2355 1498 2470 1553 sive
2492 1504 2791 1568 quaeratur,
2833 1498 3112 1568 quomodo
3147 1499 3287 1555 facta
3327 1501 3460 1566 sint.

1888 1606 2010 1662 quae
2043 1591 2317 1657 videntur,
2371 1589 2486 1646 sive
2531 1591 2713 1646 adsint
2753 1591 3017 1661 pecunias,
3057 1592 3171 1646 sive
3211 1593 3465 1665 voluptas

1889 1683 2241 1740 abundantiae
2276 1684 2503 1738 :omnia
2533 1683 2651 1739 haec
2678 1683 2895 1739 vanitas
2943 1685 3263 1750 vanitatum,
3292 1695 3344 1742 et
3377 1689 3464 1742 ni-

1889 1775 1963 1829 hil
1995 1774 2229 1844 amplius
2257 1788 2418 1844 quam
2449 1771 2798 1844 superﬂuitas
2835 1772 3054 1828 consilii
3083 1780 3138 1828 et
3165 1772 3468 1828 voluntatis

1890 1865 2202 1920 conatus".
2240 1883 2258 1916 ι
2304 1864 2442 1919 Cum
2490 1865 2568 1919 ait
2620 1871 2827 1927 autem,
2860 1864 2974 1919 haec
2999 1879 3120 1920 esse
3142 1865 3465 1928 vanitatem,

1818 1926 2199 2012 Bfuturorum
2244 1958 2604 2013 aeternitatem
2664 1956 2957 2026 significat.
3017 1956 3360 2028 Quapropter
3407 1926 3468 2012 et

1889 2049 2144 2105 universa
2202 2049 2638 2114 transcendens,
2692 2048 2946 2103 hortatur
2999 2058 3057 2103 ut
3126 2057 3462 2105 aeternorum

1887 2140 2204 2195 memoriam
2269 2153 2574 2201 servemus,
2632 2146 2686 2194 et
2753 2141 2996 2196 sciamus
3058 2139 3306 2195 futurum
3359 2140 3466 2195 ali-

1887 2234 2130 2304 quando.
2163 2240 2223 2286 ut
2266 2232 2506 2288 mundus
2535 2231 2626 2286 hic
2650 2231 2892 2296 ﬁniatur,
2915 2247 3039 2286 eum
3071 2231 3226 2296 dicit,
3262 2231 3378 2288 fore
3403 2241 3469 2287 ut.

1889 2325 2157 2379 molentes
2201 2331 2444 2387 cessent,
2507 2341 2526 2374 ι
2583 2323 2639 2378 in
2695 2323 2784 2379 die
2818 2340 2926 2394 qua
2971 2324 3465 2381 commovebuntur

1889 2415 2149 2471 custodes
2180 2415 2376 2470 domus
2409 2424 2462 2470 et
2497 2415 2767 2470 nutabunt
2799 2416 2900 2471 viri
2945 2423 3215 2486 potentes,
3243 2425 3299 2472 et
3345 2432 3464 2471 mo-

1888 2507 2060 2563 lentes
2097 2517 2454 2562 cessaverunt
2472 2509 2537 2561 ³⁸.
2578 2527 2597 2560 ι
2639 2507 2703 2561 Et
2733 2524 2854 2579 qua:
2900 2508 3061 2564 linem
3104 2509 3291 2564 mundi
3325 2509 3452 2566 sub-

1887 2608 2192 2670 sequuntur
2249 2599 2494 2670 exponit,
2542 2599 2732 2655 dicens
2782 2618 2796 2655 :
2839 2620 2857 2652 ε
2899 2599 3169 2666 Quoniam
3238 2606 3465 2669 cuncta,

1887 2707 2008 2762 qua:
2048 2691 2204 2753 ﬁunt,
2237 2690 2400 2746 ducet
2449 2691 2593 2748 Deus
2644 2691 2698 2746 in
2742 2691 3030 2762 judicium;
3063 2693 3118 2746 in
3169 2691 3319 2746 omni
3372 2708 3464 2746 cr--

1887 2791 2030 2846 rato,
2089 2783 2204 2837 sive
2259 2783 2484 2846 bonum,
2524 2783 2638 2838 sive
2685 2784 2972 2838 malum".
3017 2803 3034 2834 ι
3073 2783 3172 2839 His
3219 2785 3466 2838 ostendit

1887 2874 2035 2946 quod
2083 2875 2218 2930 illud
2262 2894 2275 2930 :
2319 2893 2338 2926 ‹
2379 2873 2608 2931 Vanitas
2651 2878 2978 2941 vanitatum,
3017 2897 3035 2929 ι
3085 2892 3196 2930 non
3247 2876 3314 2930 ad
3354 2875 3462 2929 hoc

1887 2964 2124 3028 dixerit,
2186 2972 2246 3018 ut
2311 2972 2621 3020 creaturam
2690 2965 3106 3033 criminaretur;
3159 2965 3254 3021 sed
3314 2966 3464 3036 quod

1886 3063 2088 3111 aeterna
2113 3056 2538 3126 contemplatus,
2581 3072 2766 3112 rerum
2811 3057 3193 3128 temporalium
3241 3057 3462 3112 deside-

1886 3147 2030 3201 rium
2061 3145 2378 3202 admoueret
2414 3162 2536 3204 esse
2571 3148 2890 3204 vanitatem.
2925 3148 2992 3202 Et
3045 3149 3138 3204 ubi
3189 3149 3462 3219 judicium

1888 3237 2135 3293 futurum
2195 3253 2318 3294 esse
2377 3239 2557 3305 docet,
2590 3239 2771 3294 innuit
2818 3240 2936 3296 fore
2998 3241 3461 3296 resurrectionem

205 3348 294 3386 σαν
317 3336 374 3387 αἱ
399 3336 730 3407 ἀλήθουσαι,
765 3355 784 3388 ι
816 3335 1055 3389 δείκνυσι
1091 3335 1250 3389 πάλιν
1287 3335 1360 3407 μὴ
1385 3331 1522 3390 εἶναι
1551 3337 1783 3407 ματαίαν

1886 3338 2253 3399 mortuorum,
2280 3337 2333 3386 et
2359 3338 2607 3386 actorum
2632 3332 3074 3388 retributionem.
3101 3331 3304 3388 Deinde
3333 3346 3462 3387 cum

202 3423 359 3497 αὗτὴν
398 3428 503 3496 τὴν
531 3427 731 3492 κτίσιν,
756 3425 892 3480 ἀλλὰ
917 3427 1012 3480 καὶ
1053 3427 1251 3499 μᾶλλον
1278 3427 1592 3482 διδάσκαλον
1623 3431 1784 3482 πᾶσιν

207 3517 364 3587 αὐτὴν
407 3515 581 3572 οὖσαν
615 3521 695 3581 είς
729 3518 1028 3573 εὐσέϐειαν.
1067 3519 1128 3572 Ἡ
1170 3518 1278 3590 γὰρ
1304 3517 1456 3582 τάξις
1489 3520 1658 3590 αὐτῆς
1691 3521 1786 3574 καὶ

207 3610 235 3676 ἡ
277 3608 643 3683 διακόσμησις
689 3610 938 3682 διήγησίς
980 3613 1095 3666 ἐστι
1131 3611 1258 3682 περὶ
1287 3610 1379 3665 τοῦ
1425 3612 1784 3682 πεποιηκότος

207 3700 292 3752 καὶ
324 3702 619 3764 κτίσαντος
661 3702 850 3772 αὐτὴν,
884 3705 941 3755 ἐν
1058 3703 1153 3756 καὶ
1195 3705 1244 3756 οἱ
1285 3703 1559 3773 προφῆται
1604 3705 1697 3757 καὶ
1732 3707 1782 3758 οἱ

210 3791 609 3861 εὐαγγελισταὶ,
638 3794 732 3848 καὶ
755 3795 804 3847 οἱ
833 3793 1139 3849 διδάσκαλοί
1172 3797 1328 3860 εἰσιν,
1348 3795 1535 3869 ὥσπερ
1559 3797 1783 3868 ἀλήθον-

208 3895 287 3943 τες
315 3883 536 3954 ἑκάστῳ
567 3883 774 3955 τροφὴν
806 3883 894 3944 διά
926 3884 1023 3955 τῆς
1057 3884 1402 3948 διδασκαλίας
1435 3884 1533 3957 τὴν
1570 3888 1648 3951 είς
1690 3888 1781 3940 εὑ-

212 3973 407 4030 σέεειαν
442 3971 687 4045 γνῶσιν·
720 3978 913 4040 οἵτινες
945 3977 1232 4049 άλήθοντες
1265 3977 1565 4049 άργήσουσι
1599 3979 1782 4032 λοιπὸν

209 4064 261 4116 ἐν
287 4070 348 4137 τῇ
377 4068 688 4140 συντελείᾳ.
719 4069 831 4121 Οὐκ
857 4068 939 4121 ἔτι
975 4067 1086 4138 γὰρ
1119 4067 1194 4131 ὡς
1225 4067 1514 4139 άλήθοντες
1544 4068 1781 4133 διδάξου⁴

215 4173 286 4209 σιν
333 4161 512 4224 αὐτοὶ,
548 4161 664 4221 ἀλλ’
697 4162 762 4214 ἐκ
802 4161 911 4216 τῶν
957 4157 1208 4231 πράξεων
1246 4161 1475 4218 ἑκάστου
1599 4162 1782 4234 κρίσις

212 4249 422 4315 γίνεται.

529 4371 774 4424 Βιϐλίον
806 4368 902 4434 ις’,
933 4366 1134 4440 τᾼςνμα
1160 4369 1462 4439 ᾀσμάτων.

272 4461 352 4517 τι.
384 4463 498 4516 Τοῦ
528 4462 868 4533 Σολομῶντός
894 4463 1005 4516 ἐστι
1033 4461 1303 4516 καὶτοῦτο
1329 4463 1390 4515 τὸ
1415 4461 1615 4533 βιϐλίον
1646 4478 1776 4531 συγ-

220 4553 403 4622 γραφὴ,
444 4551 590 4604 καθά
631 4551 1051 4622 προδεδήλωται.
1090 4551 1254 4605 ὐλον
1292 4551 1348 4604 δὲ
1379 4551 1528 4621 αὐτῷ
1565 4552 1771 4624 γέγρα-

1888 3421 2020 3475 dicit
2055 3437 2068 3472 :
2108 3440 2126 3472 ‹
2169 3424 2538 3478 Cessaverunt
2561 3423 2849 3491 molentes,
2873 3441 2892 3475 ι
2920 3424 3076 3493 122
3096 3423 3334 3480 ostendit
3352 3439 3464 3478 non

1883 3528 2077 3566 vanam
2107 3529 2230 3570 esse
2272 3514 2445 3584 ipsam
2482 3521 2817 3581 creaturam,
2854 3517 2949 3571 sed
2977 3516 3160 3586 potius
3191 3517 3453 3571 omnibus

1881 3617 2006 3658 esse
2028 3603 2248 3672 pietatis
2287 3602 2626 3673 magistram.
2667 3603 2950 3676 Siquidem
2999 3607 3175 3678 ipsius
3223 3607 3357 3662 ordo
3405 3615 3462 3662 et

1883 3706 2133 3758 ornatus,
2175 3694 2242 3750 de
2285 3695 2494 3752 factore
2551 3697 2671 3767 ipso
2717 3713 2781 3752 ac
2833 3707 3083 3754 creatore
3133 3698 3455 3769 praedicatio

1890 3794 1976 3848 est
2015 3787 2109 3841 :in
2140 3803 2250 3859 qua
2309 3797 2438 3842 sunt
2488 3797 2544 3844 et
2589 3789 2868 3859 prophetae
2918 3797 2973 3846 et
3002 3792 3367 3860 evangelistm,
3403 3797 3459 3846 et

1881 3878 2156 3944 doctores,
2185 3889 2445 3950 tanquam
2475 3881 2743 3936 molentes
2785 3881 3084 3953 unicuique
3110 3881 3452 3945 alimoniam,

1881 3989 1978 4045 per
2020 3972 2354 4038 doctrinam,
2405 3972 2662 4028 videlicet
2723 3973 2940 4043 pietatis
2997 3973 3328 4030 scientiam:
3361 3974 3458 4045 qui

1879 4066 2148 4122 molentes
2179 4066 2398 4122 tandem
2466 4067 2523 4120 in
2583 4065 3058 4122 consummatione
3113 4065 3457 4122 otiabuntur.

1880 4156 2019 4211 Tum
2049 4157 2197 4212 enim
2246 4172 2359 4211 non
2411 4156 2687 4211 docebunt
2732 4157 2992 4227 amplius,
3028 4157 3203 4212 instar
3248 4155 3458 4211 molen-

1879 4251 2037 4317 tium,
2070 4233 2165 4307 sed
2198 4251 2431 4321 quisque
2463 4247 2766 4306 secundum
2800 4257 2922 4304 acta
2948 4247 3306 4318 iudicabitur.

2130 4363 2289 4418 Liber
2325 4363 2497 4428 XVI,
2534 4363 2814 4418 Canticum
2858 4363 3204 4416 canticorum.

1949 4458 2038 4512 24.
2080 4455 2181 4511 Hic
2223 4473 2444 4527 quoque
2491 4457 2630 4512 liber
2687 4455 2998 4510 Salomonis
3038 4463 3122 4512 est
3179 4469 3340 4524 opus,
3395 4460 3458 4506 ut

1879 4546 2132 4616 superius
2151 4545 2488 4602 declaratum
2521 4553 2628 4601 est.
2666 4545 2975 4615 Totumque
3001 4545 3069 4600 ab
3101 4543 3258 4598 initio
3282 4557 3457 4612 usque

219 4656 329 4693 πται
364 4645 464 4697 ἀπ’
491 4641 671 4714 ἀρχῆς
703 4642 865 4714 μέχρι
909 4641 1096 4707 τέλους
1132 4643 1412 4714 μυστικῶς
1441 4642 1579 4715 μετά
1615 4644 1778 4715 ἀλλη-

1885 4638 1950 4694 ad
1979 4637 2140 4694 ﬁnem
2177 4639 2406 4710 mystice
2430 4647 2484 4694 et
2512 4654 2638 4693 cum
2667 4639 2925 4709 allegoria
2955 4635 3294 4708 mnigmatica
3321 4649 3456 4690 eon-

220 4733 382 4802 γορίας
408 4732 865 4804 αἱνιγματώδους.
895 4735 969 4789 Οὐ
998 4734 1106 4809 γὰρ
1140 4735 1198 4788 ἐν
1234 4735 1313 4806 τῷ
1343 4738 1627 4806 προφανεῖ,
1665 4736 1779 4790 ἀλλ’

220 4821 267 4873 ἐν
303 4825 599 4896 ἀπορρήτῳ
629 4825 933 4897 κέκρυπται
975 4826 1083 4880 τῶν
1133 4829 1190 4880 ἐν
1236 4827 1385 4899 αὐτῷ
1420 4828 1702 4900 δογμάτων
1752 4832 1781 4882 ὁ

222 4914 341 4980 νοῦς.
388 4916 793 4989 Ἐρευνὼμενος
832 4918 891 4971 δὲ
919 4919 1248 4991 εὑρίσκεται,
1282 4920 1416 4973 διότι
1449 4921 1588 4992 μετὰ
1619 4921 1781 4992 ἀλλη-

221 5009 385 5078 γορίας
433 5010 783 5079 ἐντυγχάνειν
813 5011 918 5081 ὅλῳ
950 5011 1123 5082 τούτῳ
1172 5013 1438 5083 προσήκει
1496 5013 1621 5076 τοὺς
1655 5029 1780 5066 συν-

222 5100 383 5166 ετούς·
431 5102 522 5155 ἵνα
568 5101 642 5176 μὴ
679 5102 746 5155 δι’
786 5103 1008 5172 ἄγνοιαν
1048 5103 1156 5158 τῶν
1178 5103 1403 5175 ἀμαθῶν
1436 5105 1514 5167 εἰς
1558 5105 1780 5176 ἀτιμίαν

223 5187 413 5266 ἐμπέσῃ
447 5192 517 5246 τὰ
549 5175 833 5264 εἰρημένα.
861 5189 1052 5265 τᾼσμα
1095 5195 1151 5248 δὲ
1190 5194 1450 5266 ᾀσμάτων
1489 5194 1578 5247 διὰ
1621 5175 1777 5248 τοῦτο

225 5282 462 5347 καλεῖται,
503 5284 693 5356 ἐπειδὴ
743 5284 880 5355 μετά
916 5286 1013 5356 μὲν
1058 5287 1127 5339 τὰ
1159 5286 1293 5341 ἄλλα
1335 5287 1554 5358 ᾄσματα
1594 5285 1774 5350 τοῦτο,

226 5378 336 5439 μετὰ
379 5377 439 5430 δὲ
477 5374 638 5428 τοῦτο
680 5376 780 5430 οὐκ
819 5376 900 5430 ἔτι
931 5377 1058 5430 ἄλλο
1091 5380 1395 5450 προσδοκᾷν
1435 5380 1614 5433 ἔστιν·
1649 5380 1776 5434 ἄλλο

223 5458 267 5513 δὲ
297 5463 432 5532 λέγω
457 5466 520 5518 οὐ
553 5463 775 5532 βιϐλίον,
803 5465 938 5518 ἀλλὰ.
960 5467 1023 5519 τὸ
1052 5467 1114 5521 ἐκ
1143 5469 1236 5522 τοῦ
1280 5469 1485 5540 βιϐλίου
1519 5471 1776 5540 σημαινό-

226 5565 375 5617 μενον.
409 5556 474 5606 Ὅ
506 5554 563 5606 δὲ
595 5554 738 5624 λέγω
760 5556 997 5611 τοιοῦτόν
1029 5559 1166 5612 ἐστι·
1201 5561 1410 5631 Πᾶσαή
1443 5561 1559 5614 θεία
1585 5563 1778 5635 Γραφὴ

223 5649 325 5717 περὶ
355 5646 455 5716 τῆς
481 5648 560 5709 εἰς
589 5649 737 5718 ἡμᾶς
768 5648 992 5703 καθόδου
1036 5651 1129 5704 τοῦ
1176 5653 1348 5718 Λόγου
1383 5653 1475 5706 καὶ
1505 5655 1772 5726 ἐνσάρκου

225 5736 498 5803 παρουσίας
525 5735 690 5788 αὑτοῦ
727 5739 1080 5811 προφητεύει.
1111 5739 1281 5793 Τοῦτο
1308 5741 1415 5812 γάρ
1440 5743 1499 5795 τὸ
1528 5741 1774 5815 βούλημα

276 5893 311 5922 "
350 5894 522 5952 l’crle.
560 5914 646 5966 ut,
686 5898 770 5953 ll.
849 5900 891 5928 ’⁷
934 5897 1110 5953 Eccle.
1149 5914 1199 5964 ι’,
1234 5898 1296 5965 9,
1337 5898 1436 5963 {-3,
1473 5899 1658 5955 16-18.
1737 5901 1780 5931 "'

1883 4731 2126 4802 scripsit.
2188 4731 2466 4786 Sententia
2514 4731 2719 4802 quippe
2775 4731 3094 4801 dogmatum
3159 4727 3302 4798 ejus,
3344 4742 3454 4781 non

1882 4833 2092 4896 aperta,
2125 4825 2220 4881 sed
2255 4826 2473 4880 occulta
2511 4832 2614 4880 est.
2646 4825 2902 4878 Attamen
2937 4823 2982 4878 si
3015 4829 3301 4876 accurrate
3330 4835 3454 4888 per-

1881 4917 2153 4988 quiratur,
2192 4917 2521 4972 invenietur.
2560 4916 2904 4986 Quapropter
2959 4913 3199 4986 expedit,
3246 4919 3303 4965 ut
3359 4909 3453 4979 qui

1883 5010 2184 5082 prudentes
2207 5017 2357 5074 sunt,
2383 5010 2439 5064 in
2473 5017 2586 5064 toto
2619 5009 2722 5064 hoc
2749 5009 2891 5063 libro
2921 5006 3210 5077 allegorice
3230 5017 3453 5058 versen«

1881 5112 1999 5166 tur,
2039 5117 2109 5157 ne
2142 5108 2364 5172 propter
2391 5100 2770 5172 imperitorum
2803 5099 3184 5170 ignorantiam,
3215 5109 3335 5165 qua:
3363 5093 3453 5149 hic

1883 5195 2167 5261 dicuntur,
2195 5194 2534 5265 contemptui
2575 5195 2900 5248 habeantur.
2933 5190 3216 5245 Canticum
3269 5194 3449 5240 autem

1881 5289 2226 5344 canticorum
2290 5286 2413 5342 ideo
2451 5294 2703 5350 vocatur,
2733 5283 2876 5354 quod
2924 5289 3048 5353 post
3094 5279 3200 5332 alia
3235 5281 3450 5332 cantica

1882 5379 2275 5448 subsequatur,
2307 5377 2536 5448 etquod
2579 5393 2690 5430 non
2739 5374 2887 5428 aliud
2930 5379 3118 5442 postea
3162 5368 3446 5424 Canticum

1883 5470 1952 5523 sit
1984 5470 2412 5538 exspectandum
2447 5485 2460 5522 :
2497 5467 2640 5522 aliud
2687 5474 2866 5520 autem
2904 5463 3048 5526 dico,
3069 5476 3176 5516 non
3211 5460 3447 5521 librum;

1883 5560 1977 5616 sed
2007 5560 2151 5633 quod
2187 5561 2242 5614 in
2267 5561 2405 5614 libro
2436 5559 2796 5630 signiﬁcatur.
2831 5554 2984 5622 Quod
3020 5553 3144 5608 dico
3173 5552 3278 5607 taie
3330 5555 3444 5605 est:

1880 5651 2068 5707 Omnis
2089 5649 2273 5706 divina
2301 5649 2606 5720 Scriptura,
2640 5647 2707 5702 de
2731 5645 2893 5701 Verbi
2926 5645 3192 5702 descensu
3218 5642 3283 5697 ad
3320 5656 3444 5704 nos,

1878 5742 2022 5800 etde
2055 5742 2289 5798 adventu
2320 5741 2440 5812 ejus
2465 5741 2522 5795 in
2555 5754 2722 5795 carne
2743 5737 3084 5810 prophetiam
3113 5735 3292 5792 habet.
3321 5728 3447 5785 ilice

1822 5899 2000 5956 Eccle.
2042 5915 2152 5963 an.
2185 5900 2238 5954 δ’.
2317 5900 2361 5929 ¹⁰
2404 5896 2534 5952 ibid.
2573 5895 2661 5952 Μ.
