3958 6516
519 391 624 454 381

1697 392 1757 448 S.
1801 386 2264 446 ATIIANASIUS.
2298 416 2370 427 —-
2405 383 2633 440 DUBIA.

3666 375 3778 431 352

524 525 765 582 namque
797 510 1051 566 voluntas
1086 507 1184 564 Dei
1215 515 1336 575 est;
1393 507 1670 578 prephetis
1715 515 1770 563 et
1823 505 2092 562 universa:

2194 501 2287 555 τοῦ
2319 498 2453 553 Θεοῦ
2486 500 2602 551 ἐστι
2631 514 2642 526 ·
2671 497 2782 558 τοῖς
2815 511 2871 547 τε
2904 493 3203 564 προφήταις
3244 491 3337 546 καὶ
3366 492 3514 566 πάσῃ
3539 494 3604 562 τῇ
3648 491 3776 562 θείᾳ.

520 601 726 658 divina:
765 601 1086 672 Scriptum,
1133 600 1267 656 illud
1324 601 1671 671 potissimum
1710 607 1828 654 erat
1881 614 2095 653 annuu-

522 694 794 750 tiandum.
818 694 957 750 Huic
986 701 1167 749 autem
1188 693 1386 749 divinae
1408 693 1732 754 narrationi.
1757 707 2096 761 consequen-

520 799 610 845 ter
639 790 896 845 addidere
923 804 1206 845 sermones
1241 789 1311 846 de
1359 789 1614 860 gentibus
1644 786 1958 860 Babylonis,
1993 785 2095 838 Da-

523 883 722 947 masci,
755 881 935 946 Moab,
972 881 1332 951 aliorumque.
1365 882 1542 949 Atque
1584 880 1638 934 in
1677 878 1908 949 singulis
1943 875 2092 931 Scri-

523 976 702 1045 pturis
736 980 1032 1044 peccantes
1077 975 1388 1044 increpant,
1436 981 1754 1042 peccatores
1802 971 2094 1024 hortantur

519 1065 592 1120 ad
629 1066 1025 1135 paenitentiam,
1055 1067 1454 1121 comminantes
1491 1064 1732 1118 futurum
1777 1062 1918 1132 ignis
1945 1061 2089 1132 judi-

516 1158 688 1214 cium.
718 1159 850 1214 Alia:
872 1160 1038 1231 igitur
1061 1161 1357 1229 Scriptura:
1383 1159 1768 1230 praenuntiant,
1801 1164 1858 1211 ut
1880 1156 2092 1226 Moyses

449 1253 474 1275 ⁸
519 1263 649 1303 cum
701 1251 777 1304 ait
813 1271 825 1305 :
866 1269 885 1302 ι
919 1249 1247 1322 Prophetam
1307 1251 1464 1307 vobis
1520 1252 1781 1306 excitabit
1826 1249 2090 1304 Dominus

518 1337 666 1395 Deus
725 1348 914 1396 noster
959 1357 1026 1396 ex
1084 1341 1348 1398 fratribus
1380 1343 1608 1406 nostris,
1646 1344 1788 1398 sicut
1833 1357 1920 1397 me
1957 1341 2026 1396 ³ο.
2065 1359 2084 1394 ›

519 1428 697 1484 Isaias
729 1442 858 1485 vero
886 1447 898 1481 :
939 1450 958 1482 ι
999 1430 1141 1488 Ecce
1172 1431 1337 1504 Virgo
1371 1434 1425 1486 in
1475 1441 1630 1488 utero
1662 1433 1882 1488 habebit
1908 1441 1962 1488 et
1992 1447 2089 1502 pa-

518 1521 631 1576 riet
657 1521 824 1576 ﬁlium
845 1523 910 1576 ³¹.
943 1542 962 1575 ι
995 1523 1246 1580 Michaeas
1273 1536 1452 1578 autem
1485 1545 1498 1579 :
1536 1544 1554 1576 ι
1601 1525 1714 1579 Erit
1763 1526 1817 1579 in
1854 1523 2091 1579 novissi-

517 1613 629 1668 mis
652 1614 846 1669 diebus
875 1615 1105 1671 illustris
1142 1632 1297 1671 mons
1329 1616 1622 1672 Domini”.
1657 1637 1676 1669 ι
1713 1615 1777 1670 Et
1802 1616 1942 1670 alius
1981 1614 2089 1668 alio

522 1704 707 1764 modo.
744 1707 1046 1762 secundum
1108 1708 1344 1778 Spiritus
1397 1710 1647 1779 gratiam,
1692 1709 1955 1780 praedicit.
1992 1707 2089 1762 llis

521 1805 706 1851 autem
733 1799 987 1855 omnibus
1033 1801 1401 1870 loquentibus,
1438 1803 1858 1871 exspectabatur
1911 1801 2088 1856 adhuc

522 1888 621 1956 qui
652 1893 1052 1958 prmnuntiatus
1085 1893 1185 1947 fuit
1239 1893 1524 1950 Dominus.
1556 1894 1902 1966 Quapropter
1931 1895 2091 1950 multi

527 1994 653 2034 eum
685 1985 1166 2051 praenuntiabant:
1199 1994 1255 2040 et
1303 1987 1476 2042 donec
1498 1989 1665 2050 venit,
1703 1989 2092 2058 prophetautes

522 2086 632 2126 non
667 2090 971 2132 cessavere.
1003 2078 1060 2130 Et
1095 2078 1208 2133 haec
1234 2079 1416 2134 omnia
1454 2089 1582 2135 sunt
1622 2083 1857 2136 cantica.
1907 2081 2095 2136 Canti-

519 2181 648 2222 cum
685 2183 813 2223 vero
850 2171 1209 2236 canticorum,
1264 2188 1439 2242 neque
1481 2174 1866 2244 prophetandi,
1916 2189 2092 2245 neque

521 2263 924 2330 praenuntiandi
981 2265 1143 2320 modo
1200 2267 1465 2337 scriptum
1498 2274 1582 2324 est
1613 2283 1628 2321 :
1658 2268 1754 2324 sed
1803 2283 1963 2339 quem
1999 2268 2092 2323 alii

521 2356 982 2424 prtenuntiarunt,
1039 2373 1164 2412 eum
1223 2359 1378 2429 quasi
1430 2360 1543 2430 jam
1601 2361 1835 2425 venerit,
1867 2367 1920 2415 et
1977 2360 2090 2430 jam

523 2458 744 2500 carnem
778 2449 1160 2518 assumpserit,
1182 2450 1438 2505 ostendit.
1466 2450 1647 2517 Quare
1675 2455 1834 2523 quasi
1863 2452 1918 2508 in
1959 2468 2094 2508 con-

513 2535 672 2610 jugio
717 2537 880 2593 Verbi
930 2548 985 2594 et
1035 2541 1240 2606 carnis,
1282 2543 1694 2613 epithalamium
1750 2546 1895 2600 canit
1950 2545 2094 2601 Can-

519 2627 691 2682 ticum
735 2631 1098 2689 canticorum.
1131 2632 1197 2686 Et
1250 2634 1369 2690 alia:
1400 2635 1620 2706 quidem
1678 2635 1974 2708 Scriptura:
2025 2644 2096 2695 de

523 2720 808 2777 Salvatore
883 2723 1215 2795 loquuntur,
1267 2735 1322 2782 et
1397 2729 1605 2785 interea
1666 2732 1772 2786 alia
1843 2735 2092 2803 quaedam

523 2817 894 2872 annuntiant:
934 2819 1022 2874 hic
1090 2835 1220 2875 vero
1280 2821 1419 2877 liber
1484 2824 1795 2895 conjugium
1876 2835 2090 2882 tantum

517 2901 685 2962 Verbi
735 2917 788 2964 et
835 2911 1020 2967 carnis
1069 2915 1236 2968 canit.
1271 2913 1633 2980 Quamobrem
1688 2919 1744 2972 in
1817 2921 1939 2975 aliis
1969 2922 2092 2990 qui-

518 2998 643 3055 dem
676 3000 1001 3073 Scripturis,
1049 3007 1178 3075 quia
1226 3007 1330 3060 alia
1385 3009 1630 3078 quaedam
1693 3011 2088 3082 significantur,

518 3091 914 3164 indignationis
945 3105 999 3151 et
1028 3098 1120 3152 ira:
1145 3114 1426 3156 sermones
1452 3116 1515 3156 ac
1537 3101 1906 3160 formidabiles
1931 3106 2091 3162 mina:

517 3184 710 3241 insunt
747 3204 759 3239 :
798 3205 1038 3259 praesens
1089 3207 1220 3248 vero
1266 3194 1427 3258 liber,
1454 3197 1712 3266 quoniam
1744 3197 1878 3251 nihil
1917 3199 2088 3265 aliud,

517 3289 683 3343 quam
746 3275 911 3333 Verbi
971 3281 1319 3350 praesentiam
1382 3285 1675 3355 signiﬁcat,
1730 3287 2090 3356 iucunditatis

521 3372 756 3429 tantum,
784 3367 969 3436 gaudii
1011 3385 1074 3425 ac
1119 3371 1322 3427 latitia!
1353 3389 1637 3431 sermones
1667 3377 1844 3433 habet.
1877 3376 2092 3449 Sponso

518 3455 791 3526 siquidem
815 3471 1105 3530 praesente,
1131 3479 1322 3520 omnes
1342 3465 1511 3520 laatari
1542 3469 1818 3534 convenit,
1849 3486 1949 3526 nec
1975 3472 2092 3526 cui-

518 3563 683 3619 quam
723 3551 1018 3622 lugendum
1045 3564 1129 3611 est
1157 3572 1172 3607 :
1208 3558 1350 3612 sicut
1379 3567 1433 3614 et
1472 3560 1588 3630 ipse
1643 3561 1906 3620 Dominus
1934 3565 2089 3622 dixit.

523 3637 732 3695 Etenim
765 3643 880 3712 ipse
921 3660 1162 3715 praesens
1206 3649 1552 3707 inﬁrmitates
1585 3663 1803 3710 nostras
1832 3658 2090 3726 portavit,

521 3741 577 3790 et
617 3738 906 3794 mmstitias
955 3743 1122 3795 vertit
1181 3743 1236 3796 in
1293 3746 1573 3814 gaudium.
1623 3747 2092 3815 Quemadmodum

527 3826 694 3898 igitur
724 3837 843 3900 post
869 3830 1170 3889 Salvatoris
1192 3833 1680 3906 dispensationem,
1708 3841 1918 3895 nullum
1972 3857 2091 3896 am-

523 3920 670 3990 plius
700 3923 1018 3992 pr0phetam
1047 3933 1450 3995 exspectamus,
1476 3928 1551 3982 ita
1581 3938 1704 4000 post
1734 3929 1847 3998 illa,
1879 3947 1999 4001 qua:
2035 3933 2093 3988 in

523 4011 628 4068 hoc
657 4016 996 4070 canticorum
1053 4017 1282 4073 Cantico
1317 4021 1623 4089 signiﬁcata
1674 4031 1824 4089 sunt,
1860 4039 1971 4080 non
2007 4033 2092 4080 est

525 4102 696 4167 aliud,
721 4105 866 4174 quod
892 4109 1167 4164 recentius
1200 4109 1402 4179 aliquid
1431 4111 1724 4182 signiﬁcet,
1769 4123 2093 4184 exspectan-

517 4194 672 4249 dum.
703 4197 914 4251 Etenim
958 4214 1078 4268 quae
1124 4200 1180 4254 in
1244 4201 1348 4257 hoc
1403 4202 1633 4259 Cantico
1694 4205 2090 4276 signiﬁcantur,

521 4288 710 4343 eadem
742 4299 796 4344 et
821 4291 873 4344 in
912 4292 1190 4360 prophetis
1223 4302 1277 4348 et
1313 4294 1438 4350 aliis
1479 4293 1779 4368 Scripturis
1815 4300 2095 4369 perinter-

524 4379 664 4434 valla
694 4381 839 4437 dicta
859 4383 1364 4453 deprehenduntur.
1391 4386 1606 4444 Rursus
1635 4392 2093 4460 quemadmodum

522 4471 736 4542 Agnum
765 4473 857 4530 Dei
881 4475 1122 4534 Joannes
1151 4479 1411 4543 ostendit,
1432 4488 1596 4548 atque
1627 4482 1692 4537 ad
1711 4481 1975 4542 Joannem
1994 4504 2092 4543 us-

2197 592 2387 663 Γραφῇ
2417 588 2574 641 τοῦτο
2609 583 3016 658 προηγούμενον
3047 579 3114 654 ἦν
3160 582 3542 652 ἀπαγγέλλειν.
3577 585 3773 654 Παρα-

2196 682 2579 754 κολουθήματα
2613 680 2668 732 δὲ
2697 678 2772 749 τῷ
2807 676 2934 747 θείῳ
2961 676 3257 746 διηγήματι
3287 675 3460 745 τούτῳ
3489 673 3773 728 ποιοῦνται

2194 775 2387 844 λόγους
2422 774 2548 844 περὶ
2578 770 2684 824 τῶν
2729 767 2897 822 ἐθνῶν
2933 766 3269 829 Βαϐυλῶνος,
3313 767 3408 836 τῆς
3447 764 3770 835 Δαμασκοῦ,

2195 864 2390 928 Μωὰϐ,
2427 864 2520 918 καὶ
2547 861 2655 914 τῶν
2685 860 2879 913 ἄλλων.
2907 859 3016 912 Kal
3043 857 3108 910 δι’
3139 856 3372 926 ἑκάστης
3405 856 3625 928 Γραφῆς
3659 858 3770 917 τοῖς

2199 956 2294 1026 μὲν
2323 954 2726 1026 ἁμαρτάνουσιν
2758 948 3079 1021 ἐπιτιμῶσι·
3116 949 3240 1011 τοὺς
3267 948 3324 1001 δὲ
3354 945 3771 1018 προληφθέντας

2195 1048 2590 1119 προτρέπονται
2628 1045 2923 1116 μετανοεῖν,
2952 1038 3298 1102 ἀπειλοῦντες
3331 1039 3427 1109 τὴν
3467 1037 3768 1109 μέλλουσαν

2191 1141 2284 1194 τοῦ
2331 1141 2502 1212 πυρὸς
2533 1141 2732 1210 κρίσιν.
2776 1139 2841 1190 Αἱ
2879 1136 2972 1207 μὲν
2999 1131 3092 1188 οὖν
3123 1133 3279 1188 ἄλλαι
3315 1133 3528 1203 Γραφαὶ
3570 1132 3769 1203 προλέ-

2192 1248 2397 1298 γουσιν,
2439 1226 2548 1282 οἷον
2578 1227 2777 1297 Μωσῆς
2808 1226 2904 1298 μὲν
2927 1244 2940 1256 ·
2979 1246 2996 1276 ι
3032 1225 3320 1295 Προφήτην
3359 1224 3485 1293 ὑμῖν
3527 1223 3768 1292 ἀναστή-

2194 1336 2295 1380 σει,
2330 1339 2347 1370 ι
2381 1318 2573 1387 λέγων,
2611 1339 2629 1369 ι
2660 1317 2862 1389 Κύριος
2886 1319 2914 1370 ὁ
2951 1315 3080 1378 Θεὸς
3107 1313 3260 1385 ἡμῶν
3293 1315 3356 1366 ὲκ
3381 1314 3488 1366 τῶν
3519 1313 3769 1381 ἀδελφῶν

2192 1412 2365 1481 ἡμῶν,
2392 1411 2467 1474 ὼς
2500 1410 2623 1481 ἐμέ·
2669 1430 2686 1461 ι
2727 1409 2952 1469 Ἡσαΐας
2980 1407 3068 1459 δέ’
3109 1425 3128 1456 ι
3167 1405 3296 1458 Ἰδοὺ
3327 1407 3358 1474 ἡ
3401 1404 3679 1478 Παρθένος
3710 1406 3766 1457 ἐν

2190 1503 2384 1574 γαστρὶ
2415 1503 2545 1568 ἕξει,
2574 1501 2668 1554 καὶ
2695 1499 2904 1563 τέξεται
2938 1498 3050 1551 υἱόν
3071 1513 3083 1526 ·
3129 1517 3146 1548 ι
3178 1498 3205 1549 ό
3237 1496 3293 1548 δὲ
3317 1497 3591 1566 Μιχαίας·
3635 1516 3654 1547 ι
3680 1497 3768 1548 Ἑν

2191 1596 2310 1657 ταῖς
2355 1594 2612 1664 ἐσχάταις
2655 1591 2891 1663 ἡμέραις
2933 1589 3174 1660 ἐμφανὲς
3219 1589 3370 1642 ἔσται
3404 1588 3466 1640 τὸ
3490 1588 3618 1659 ὅρος
3651 1589 3766 1639 Ku—

2195 1685 2340 1754 ρίου·
2389 1703 2405 1734 ι
2457 1685 2549 1737 καὶ
2587 1683 2742 1746 ἄλλος
2794 1682 2966 1746 ἄλλως
3015 1681 3287 1752 προλέγει,
3336 1680 3483 1733 κατά
3524 1681 3625 1752 τὴν
3671 1679 3765 1732 τοῦ

2192 1775 2506 1847 Πνεύματος
2531 1777 2706 1847 χάριν.
2736 1774 2952 1828 Τούτων
2979 1774 3032 1827 δὲ
3069 1776 3280 1829 πάντων
3303 1773 3568 1841 λεγόντων
3596 1788 3765 1842 προσ-

2123 1867 2162 1921 Β
2193 1865 2413 1921 εδοκᾶτο
2434 1868 2461 1917 ὁ
2482 1863 2952 1934 ἀπαγγελλόμενος
2980 1864 3198 1934 Κύριος.
3225 1863 3322 1915 Διὰ
3346 1862 3501 1914 τοῦτο
3527 1862 3622 1914 xal
3645 1859 3770 1912 πολ-

2196 1954 2277 2008 λοὶ
2322 1955 2694 2028 ἀπήγγελλον·
2745 1957 2836 2008 καὶ
2879 1955 2981 2018 ἓως
3033 1951 3214 2025 ἦλθεν,
3261 1954 3357 2006 οὐκ
3401 1951 3667 2005 ἐπαύοντο
3716 1953 3764 2004 οἱ

2195 2047 2650 2118 προφητεύοντες.
2693 2048 2804 2100 Kal
2835 2046 2948 2100 ἔστι
2989 2045 3163 2098 ταῦτα
3209 2045 3386 2098 πάντα
3413 2043 3655 2116 ᾄσματα.
3694 2043 3766 2094 Τὸ

2192 2138 2248 2191 δὲ
2286 2135 2480 2210 τᾼσμα
2526 2139 2632 2192 τῶν
2659 2139 2916 2210 ᾀσμάτων
2949 2139 3046 2208 οὐχ
3088 2138 3161 2201 ὡς
3208 2135 3543 2208 προφητεῦόν
3593 2138 3764 2198 ἐστιν,

2192 2231 2312 2283 οὐδὲ
2348 2232 2425 2294 ὡς
2471 2233 2878 2302 προσημαῖνον·
2923 2229 3059 2283 ἀλλὰ
3100 2229 3157 2281 ὃν
3191 2228 3336 2283 ἄλλοι
3381 2226 3769 2300 προαπήγγελ-

2193 2318 2302 2381 λον,
2339 2319 2526 2372 τοῦτον
2563 2319 2637 2382 ὡς
2670 2319 2774 2390 ήδη
2816 2317 3036 2372 ἐλθόντα
3067 2318 3324 2379 δείκνυσι,
3365 2317 3459 2370 καὶ
3491 2317 3592 2387 ήδη
3631 2317 3767 2367 ἁνα-

2189 2411 2418 2464 λαϐόντα
2451 2411 2546 2482 τὴν
2581 2411 2756 2484 σάρκα
2777 2427 2789 2439 ·
2825 2410 2904 2470 διὸ
2931 2411 3022 2465 καὶ
3051 2410 3125 2473 ὡς
3158 2410 3248 2462 ἐπὶ
3287 2408 3516 2480 συζυγίᾳ
3540 2407 3635 2460 τοῦ
3663 2407 3768 2459 Δό-

2192 2521 2288 2574 γου
2324 2505 2417 2558 καὶ
2445 2504 2544 2574 τῆς
2585 2503 2784 2575 σαρκὸς
2817 2502 3173 2573 ἐπιθαλάμιον
3209 2501 3323 2573 ᾄδει
3354 2500 3415 2553 τὸ
3437 2496 3625 2571 ’ᾼσμα
3655 2498 3769 2551 τῶν

2194 2595 2475 2666 ᾀσμάτων.
2502 2597 2612 2650 Kal
2638 2597 2693 2656 at
2731 2597 2827 2667 μὲν
2856 2595 3010 2650 ἄλλαι
3031 2595 3243 2668 Γραφαὶ
3271 2593 3486 2662 λέγουσι
3520 2593 3647 2663 περὶ
3671 2589 3768 2644 τοῦ

2193 2687 2465 2758 Σωτῆρος,
2506 2687 2707 2758 μεταξὺ
2745 2688 2800 2741 δὲ
2835 2689 2933 2742 καὶ
2956 2688 3081 2758 περὶ
3111 2687 3283 2742 ἄλλων
3311 2685 3472 2739 τινῶν
3501 2684 3771 2753 ἀπαγγέλ-

2192 2776 2342 2829 λουσι
2363 2795 2375 2807 ο
2403 2776 2463 2828 τὸ
2483 2775 2538 2829 δὲ
2572 2776 2772 2846 βιϐλίον
2798 2777 2956 2831 τοῦτο
2989 2777 3155 2848 μόνην
3185 2777 3401 2846 τὴντοῦ
3434 2775 3606 2844 Λόγου
3629 2772 3769 2845 πρὸς

2191 2867 2254 2920 τὺ
2283 2867 2440 2938 σῶμα
2481 2867 2737 2936 συζυγίαν
2777 2867 2911 2939 ᾄδει.
2945 2868 3034 2920 Διὸ
3074 2869 3167 2921 καὶ
3196 2869 3254 2919 ὲν
3301 2866 3401 2937 μὲν
3433 2868 3550 2930 ταῖς
3581 2866 3771 2930 ἄλλαις

2194 2959 2436 3031 Γραφαίς
2472 2959 2558 3013 διὰ
2600 2958 2669 3012 τὰ
2717 2959 2920 3031 μεταξὺ
2961 2959 3262 3030 δηλούμενα
3314 2959 3420 3011 εἰσὶ
3470 2959 3561 3010 καὶ
3595 2955 3770 3026 θυμοῦ

2195 3050 2288 3107 καὶ
2321 3048 2490 3121 ὀργῆς
2532 3048 2701 3118 λόγοι,
2743 3050 2837 3102 καὶ
2883 3048 3062 3119 φόϐων
3101 3047 3353 3102 ἀπειλαί·
3405 3049 3438 3118 ἡ
3483 3047 3539 3100 δὲ
3587 3047 3772 3118 βίϐλος

2195 3141 2354 3213 αὕτη,
2389 3141 2576 3213 ἐπειδὴ
2609 3142 2757 3194 οὐδὲν
2797 3142 2980 3213 ἕτερον
3025 3141 3058 3211 ἢ
3105 3141 3204 3210 τὴν
3252 3140 3552 3212 παρουσίαν
3601 3139 3770 3210 μόνην

2118 3244 2159 3302 C
2192 3235 2286 3289 τοῦ
2330 3237 2500 3304 Λόγου
2551 3234 2826 3307 σημαίνει,
2873 3236 3138 3307 θυμηδίας
3181 3234 3274 3288 καὶ
3321 3237 3514 3306 χαρᾶς,
3547 3235 3644 3287 καὶ
3681 3235 3771 3286 εὖ·

2196 3327 2468 3400 φροσύνης
2501 3329 2668 3399 μόνης
2694 3327 2804 3400 ἔχει
2832 3327 3041 3397 λόγους.
3063 3327 3313 3396 Νυμφίου
3341 3326 3448 3397 γὰρ
3481 3325 3770 3396 παρόιηος,

2195 3421 2402 3483 πάντας
2439 3419 2650 3492 χαίρειν
2702 3421 2987 3492 προσήκει,
3032 3419 3127 3472 καὶ
3165 3418 3366 3490 μηδένα
3414 3415 3658 3479 πενθεῖν,
3695 3416 3772 3478 ὡς

2194 3508 2354 3572 αὐτὸς
2376 3511 2404 3562 ό
2426 3508 2630 3580 Κύριος
2665 3508 2905 3580 εἴρηκεν.
2934 3509 3104 3572 Αὐτὸς
3131 3508 3239 3579 γάρ
3274 3506 3463 3578 παρὼν
3491 3507 3588 3570 τὰς
3617 3507 3771 3559 ἀσθε-

2193 3599 2340 3664 νείας
2378 3601 2535 3673 ήμῶν
2574 3601 2863 3664 ἐϐάστασε,
2902 3601 2994 3654 καὶ
3035 3600 3134 3663 τὰς
3165 3599 3340 3662 λύπας
3382 3598 3646 3669 ἔστρεψεν
3691 3599 3770 3659 εἰς

2193 3693 2385 3764 χαράν.
2416 3694 2625 3766 ’Ὠσπερ
2648 3689 2740 3747 οὖν
2777 3695 2914 3764 μετὰ
2947 3693 3044 3762 τὴν
3073 3691 3382 3762 οἰκονομίαν
3414 3689 3509 3760 τὴν
3536 3689 3632 3742 τοῦ
3660 3690 3771 3742 Σω-

2193 3784 2354 3855 τῆρος
2381 3785 2479 3837 ούκ
2514 3784 2592 3838 ἔτι
2644 3786 2931 3856 προφήτην
2978 3782 3380 3856 προσδοκῶμεν,
3414 3781 3584 3843 οὕτως
3634 3780 3770 3852 μετὰ

2193 3875 2260 3928 τά
2307 3877 2364 3929 ὲν
2407 3875 2486 3946 τῷ
2515 3877 2755 3948 ᾊσματι
2794 3875 2902 3928 τῶν
2949 3875 3204 3948 ᾀσμάτων
3249 3873 3622 3950 σημαινόμενα
3669 3874 3769 3926 οὐκ

2194 3965 2337 4019 ἔστιν
2383 3967 2510 4020 ἄλλο
2557 3985 2606 4022 τι
2653 3969 2966 4039 καινότερον
3014 3967 3318 4042 προσδοκᾷν
3351 3966 3765 4038 σημαινόμενον.

2192 4060 2301 4113 Kal
2335 4059 2442 4133 γὰρ
2471 4060 2537 4114 τά
2565 4061 2621 4114 ὲν
2652 4060 2728 4131 τῷ
2755 4062 2994 4132 ’ᾼσματι
3027 4060 3420 4131 σημαινόμενα,
3456 4059 3629 4112 ταῦτα
3675 4059 3770 4111 καὶ

2193 4148 2250 4202 ἐν
2278 4153 2388 4212 τοῖς
2415 4150 2718 4220 προφήταις
2744 4148 2835 4201 καὶ
2861 4149 2918 4200 ὲν
2955 4149 3075 4210 ταῖς
3101 4148 3286 4211 ἄλλαις
3310 4148 3550 4220 Γραφαῖς
3570 4148 3635 4199 ὲκ
3662 4146 3768 4199 δια-

2196 4241 2481 4311 στημάτων
2513 4239 2777 4310 λεγόμενα
2809 4240 3140 4310 εὑρίσκεται.
3172 4239 3341 4293 Πάλιν
3365 4256 3424 4290 τε
3456 4238 3641 4308 ὥσπερ
3669 4237 3769 4290 δει-

2194 4329 2416 4394 κνύντος
2435 4329 2527 4382 τοῦ
2546 4329 2792 4383 Ἰωάννου
2818 4330 2907 4384 τὸν
2932 4329 3146 4399 Ἀμνὸν,
3167 4329 3273 4391 ἕως
3288 4328 3528 4381 Ἰωάννου
3552 4330 3580 4380 ὁ
3606 4328 3765 4397 νόμος

2194 4423 2289 4474 καὶ
2318 4423 2366 4474 οἱ
2392 4423 2665 4492 προφῆται
2688 4421 2823 4474 εἰσίν
2845 4439 2858 4454 ·
2885 4421 3056 4484 οὕτως
3097 4422 3166 4475 τά
3205 4422 3263 4477 ὲν
3287 4421 3364 4491 τῷ
3392 4421 3628 4490 ’ᾼσματι
3657 4417 3766 4470 τῶν

2195 4514 2456 4584 ᾀσμάτων
2477 4515 2849 4585 σημαινόμενα
2873 4515 3020 4577 τέλος
3041 4514 3156 4566 ἐστὶ
3187 4514 3401 4566 πάντων
3430 4514 3486 4565 ἐν
3515 4511 3662 4580 πάσῃ
3696 4511 3761 4578 τῇ

507 4578 628 4640 ‘que
658 4566 741 4620 lex
787 4580 870 4623 εει
894 4576 948 4622 et
991 4569 1300 4640 prophetae;
1327 4573 1401 4627 ita
1430 4589 1552 4644 quae
1607 4579 1659 4629 in
1707 4577 1935 4636 Cantico
1961 4598 2091 4637 can-

2195 4566 3086 4677 θείαΓραφῇισημαίνομένων.δτί
3115 4605 3222 4675 γὰρ
3245 4605 3370 4659 ἄλλο
3390 4602 3527 4674 μετὰ

521 4656 756 4711 ticorum
800 4659 954 4730 123
987 4661 1388 4733 signiﬁcantur,
1421 4665 1546 4721 ﬁnis
1575 4678 1703 4721 sunt
1732 4673 1974 4726 omnium
1999 4689 2090 4729 eo-

524 4761 667 4814 rum,
693 4766 814 4821 qua:
843 4753 896 4806 in
929 4755 1185 4811 universa
1218 4754 1502 4828 Scriptura
1529 4759 1926 4832 signiﬁcantur.
1949 4765 2091 4832 Quid

538 4843 668 4897 -nim
699 4845 846 4900 aliud
897 4855 1020 4917 post
1069 4847 1273 4906 Christi
1332 4851 1626 4908 adventurm
1665 4858 2090 4927 exspectandum

520 4942 628 5000 est,
658 4952 820 5006 quam
856 4938 1122 5008 judicium
1151 4952 1204 4997 et
1232 4944 1554 4999 retributio?
1601 4945 1892 5018 Propterea
1927 4950 2091 5006 Cata-

521 5023 756 5096 phryges
803 5031 1096 5098 praphetas
1158 5041 1282 5101 post
1336 5032 1626 5090 Dominum
1680 5038 2094 5097 introducentcs

525 5117 804 5187 falluntur,
831 5129 994 5192 atque
1025 5123 1149 5178 ideo
1178 5131 1435 5197 tauquam
1469 5129 1708 5184 haeretici
1743 5130 2092 5187 condemnati

522 5220 670 5264 sunt.
701 5211 989 5268 Canticum
1027 5214 1191 5286 igitur
1231 5225 1316 5273 est
1373 5219 1753 5276 canticorum:
1795 5222 1922 5292 quia
1957 5225 2094 5281 nihil

526 5302 683 5357 aliud
703 5312 827 5374 post
847 5321 931 5370 ea,
955 5323 1076 5377 quae
1099 5309 1188 5365 hic
1215 5320 1506 5377 canuntur,
1526 5314 1952 5382 exspectandum
1983 5327 2088 5374 est.

525 5392 594 5448 Et
612 5394 756 5450 sicut
785 5398 840 5452 in
863 5399 997 5470 lege,
1023 5400 1221 5457 Sancta
1243 5411 1420 5471 erant,
1455 5414 1509 5459 et
1533 5412 1656 5475 post
1692 5404 1915 5474 Sancta,
1951 5407 2092 5466 San-

527 5495 617 5540 cta
651 5497 986 5557 sanctorum,
1027 5503 1152 5563 post
1180 5493 1380 5548 Sancta
1415 5511 1545 5550 vero
1595 5507 1932 5568 sanctorum,
1972 5503 2094 5556 uul-

526 5577 617 5634 Ius
661 5579 801 5635 alius
848 5581 1074 5638 interior
1122 5586 1278 5640 locus
1314 5585 1750 5657 babebatur;ita
1790 5599 1914 5663 post
1944 5593 2090 5648 Canv

528 5669 658 5736 tica,
718 5671 1003 5729 Canticum
1058 5685 1144 5732 cst
1191 5679 1566 5748 canticorum,
1627 5693 1753 5754 post
1803 5687 2091 5742 Canticum

2195 4693 2432 4764 Χριστοῦ
2481 4696 2782 4764 παρουσίαν
2835 4695 3143 4766 προσδοκᾷν
3171 4693 3305 4764 δεῖῆ
3340 4693 3517 4764 κρίσιν
3547 4691 3642 4744 καὶ
3673 4691 3766 4742 ἁν-

2194 4784 2509 4851 ταπόδοσιν;
2555 4787 2664 4840 Καὶ
2713 4785 2800 4843 διά
2839 4785 2994 4839 τοῦτο
3021 4788 3069 4838 οἱ
3103 4783 3241 4838 κατὰ
3270 4783 3485 4855 Φρύγας
3541 4798 3766 4854 παρεισ-

2199 4875 2420 4944 άγοντες
2455 4878 2736 4948 προφήτας
2757 4877 2894 4947 μετὰ
2923 4877 3012 4930 τὸν
3036 4876 3260 4945 Κύριον,
3295 4873 3635 4944 σφάλλονται,
3669 4872 3764 4925 καὶ

2196 4965 2271 5030 ὡς
2295 4967 2561 5037 αἱρετικοὶ
2589 4968 3009 5039 κατεκρίθησαν.
3041 4962 3232 5036 τᾼσμα
3255 4961 3347 5019 οὖν
3375 4964 3653 5035 ᾀσμάτων,
3678 4962 3765 5016 διῑι

2197 5057 2258 5109 τὸ
2290 5057 2427 5127 μετὰ
2457 5057 2524 5110 τὰ
2550 5059 2614 5111 ὲκ
2638 5059 2826 5112 τούτου
2860 5059 3024 5129 μηδὲν
3057 5058 3239 5128 ἕτερον
3280 5056 3598 5128 προσδοκᾷν.
3655 5054 3766 5108 Kal

2202 5147 2388 5220 ὥσπερ
2417 5150 2555 5203 κατὰ
2587 5149 2677 5204 τὸν
2707 5151 2869 5222 νόμον
2909 5151 3074 5220 ’Ἅγια
3105 5145 3172 5220 ἦν
3191 5190 3205 5213 ,
3237 5149 3330 5202 καὶ
3353 5146 3489 5218 μετὰ
3512 5147 3579 5198 τὰ
3601 5147 3765 5213 ’Ἅ-,ια

2201 5239 2364 5308 ’Ἅγια
2386 5241 2576 5308 ἁγίων,
2607 5243 2746 5312 μετὰ
2770 5243 2828 5296 δὲ
2853 5243 2921 5297 τὰ
2954 5243 3118 5312 ’Ἅγια
3139 5241 3245 5294 τῶν
3276 5241 3444 5309 άγίων
3467 5239 3565 5292 οὐκ
3586 5238 3664 5290 ἔτι
3697 5259 3712 5289 ι
3738 5256 3764 5290 ν

2197 5327 2458 5400 ὲσὼτερος
2478 5330 2642 5394 τόπος
2659 5349 2673 5361 ο
2697 5332 2868 5396 οὕτως
2896 5333 3032 5402 μετὰ
3050 5331 3118 5385 τά
3140 5331 3357 5402 ᾄσματα
3371 5337 3432 5382 το
3447 5325 3634 5401 τᾼσμιιι
3657 5329 3764 5380 τῶν

2197 5420 2454 5491 ᾀσμάτων
2478 5460 2494 5484 ,
2532 5423 2670 5493 μετὰ
2701 5423 2758 5476 δὲ
2789 5425 2850 5476 τὸ
2884 5420 3072 5494 τᾼσμα
3098 5421 3205 5476 τῶν
3237 5423 3494 5499 ᾀσμάτων
3539 5422 3640 5473 οὐκ
3687 5419 3764 5472 ἔτι

2197 5510 2500 5583 προσδοκᾷν
2538 5512 2684 5566 ἔστιν
2729 5514 3001 5586 ἐσωτέραν
3035 5513 3130 5567 καὶ
3171 5512 3486 5582 καινοτέραν
3530 5510 3764 5578 ἐπάγγε-

2197 5597 2336 5653 λίαν.
2358 5600 2535 5669 ’Ἅπαξ
2557 5602 2663 5676 γάρ
2683 5605 2713 5656 ὁ
2736 5605 2906 5671 Λόγος
2926 5603 3139 5671 ἐγένετο
3159 5601 3318 5674 σὰρξ,
3338 5604 3430 5656 καὶ
3449 5601 3761 5654 τετελείωκε

2199 5689 2259 5743 τὸ
2307 5690 2484 5764 ἔργον.
2539 5696 2692 5749 Ἔστι
2737 5694 2793 5749 δὲ
2842 5693 2960 5749 ὅλον
2988 5693 3049 5747 τὸ
3095 5693 3293 5763 βιϐλίον
3319 5692 3483 5746 τοῦτο.
3504 5689 3761 5757 διαλόγων

605 5833 652 5869 ³⁸
692 5842 848 5894 Deut.
881 5855 1034 5911 xvut,
1059 5841 1146 5899 15.
1222 5841 1264 5874 ³¹
1307 5842 1409 5902 lsa.
1445 5863 1539 5915 vn,
1581 5847 1666 5904 Η.
1744 5849 1788 5882 ³⁸
1827 5849 1989 5908 Micb.
2025 5867 2102 5920 xv,
2141 5854 2190 5909 ι.
