3958 6514
186 403 289 459 δεῖ

1253 402 1589 462 SYNOPSIS
1631 406 2045 467 SCRIPTURrE
2080 412 2351 473 SACRE.

3332 423 3452 480 35!-

186 520 388 591 πλῆρες
415 518 517 572 τοῦ
553 518 781 572 παλαιοῦ
800 521 818 542 ⁶
834 518 971 591 πρὸς
997 520 1089 573 τὸν
1119 520 1411 591 Λόγον,καὶ
1432 523 1657 578 καθόλου
1677 525 1758 579 τοῐ

1876 545 2006 586 vero
2060 537 2420 597 canticorum,
2456 549 2565 589 non
2621 543 2704 590 cst
2754 534 2981 592 interior
3026 536 3205 607 aliqua
3247 545 3304 593 et
3353 552 3445 596 re-

184 607 534 679 ἀνθρωπίνου
557 609 743 676 γένους
768 608 906 678 πρὸς
926 608 1018 662 τὸν
1044 610 1236 679 Λόγον,
1266 612 1360 665 καὶ
1385 613 1487 682 τῆς
1520 613 1578 679 ἐξ
1599 612 1770 669 ὲθνῶν

194 700 530 771 ’Βκκλησίας
558 700 692 771 πρὸς
730 700 927 764 αὑτὸν,
972 699 1067 754 καὶ
1106 701 1201 755 τοῦ
1234 703 1406 772 Λόγου
1439 704 1600 758 πάλιν
1633 706 1770 777 πρὸς

184 791 345 863 αὐτὴν
371 791 476 845 καὶ
507 791 645 864 πρὸς
667 784 1085 858 τὸάνθρὼπινον
1111 793 1268 862 γένος
1287 811 1304 826 ·
1327 788 1448 847 εἶτα
1470 795 1578 849 τῶν
1599 795 1768 851 ἐθνῶν

184 881 313 950 πρὸς
342 882 448 950 τὴν
498 881 890 953 Ἰερουσαλὴμ,
949 883 1044 936 καὶ
1089 884 1189 955 τῆς
1250 885 1601 959 Ἰερουσαλὴμ
1638 891 1768 961 περὶ

180 972 274 1036 τῆς
303 972 364 1039 ἐξ
391 972 576 1027 ἐθνῶν
614 975 710 1028 καὶ
734 977 864 1047 περὶ
891 975 1061 1049 αὐτῆς
1087 975 1331 1047 διάὶογος
1355 995 1371 1009 ·
1398 976 1514 1033 εἶτα
1540 981 1634 1033 καὶ
1658 981 1767 1033 τῶν

177 1063 570 1119 διακονούντων
611 1066 861 1135 ἀγγέλων
903 1066 1039 1140 πρὸς
1069 1070 1197 1132 τοὺς
1225 1068 1524 1141 κληθέντας
1554 1072 1766 1144 ἀνθρώ-

178 1172 303 1221 πους
330 1156 394 1210 τὸ
428 1159 719 1230 κήρυγμα.
755 1157 863 1212 Τοῦ
897 1159 1001 1230 μὲν
1018 1156 1113 1214 οὖν
1138 1160 1372 1215 παλαιοῦ
1401 1162 1528 1216 λαοῦ
1558 1163 1768 1230 ἀξιοῦν-

176 1268 262 1315 τος
288 1250 459 1304 αὐτὸν
487 1250 769 1305 κατελθεῖν
800 1252 891 1306 καὶ
916 1253 1256 1325 πναφθῆναι
1280 1257 1347 1326 τῇ
1375 1255 1539 1326 σαρκὶ
1557 1256 1729 1310 ταῦτα
1747 1274 1762 1289 ο

185 1362 202 1395 ι
221 1343 513 1414 Φιλησάτω
546 1360 617 1415 με
647 1344 754 1398 ἀπὺ
792 1343 1113 1417 φιλημάτων
1160 1345 1428 1416 πόματος
1453 1346 1617 1401 αὐτοῦ
1637 1364 1652 1378 ⁸
1683 1349 1764 1401 ὃτι

178 1435 363 1502 ἀγαθοὶ
401 1436 611 1505 μαστοί
644 1452 736 1489 σου
767 1436 907 1508 ὑπὲρ
932 1432 1093 1490 οἶνον.
1123 1457 1142 1489 ι
1198 1437 1307 1490 Καὶ
1334 1439 1494 1492 πάλιν
1525 1439 1611 1492 διὰ
1638 1440 1761 1493 τού-

176 1542 275 1579 των
307 1526 725 1598 προτρέπεται·
763 1546 781 1578 ι
808 1527 922 1582 Νέα
953 1528 1088 1602 πρὸς
1132 1528 1336 1583 παλαιὰ
1371 1531 1615 1603 ἐτήρησά
1657 1548 1760 1597 σοι,

177 1618 411 1689 ᾆδελφιδέ
447 1636 581 1690 μου.
611 1638 631 1671 ι
661 1620 771 1674 Καὶ
792 1622 944 1692 κοινῇ
977 1621 1032 1674 δὲ
1057 1621 1274 1675 πάντων
1296 1622 1431 1693 πρὸς
1454 1623 1546 1675 τὸν
1566 1618 1769 1692 Λόγον,

177 1710 256 1763 ἶνα
279 1710 337 1764 τὸ
370 1711 544 1782 ἡμῶν
574 1711 820 1783 ἀναλάϐῃ
845 1712 1033 1784 σῶμαο
1071 1731 1090 1763 ι
1118 1712 1213 1776 Τίς
1242 1712 1352 1784 δῴη
1387 1729 1446 1766 σε
1467 1753 1483 1777 ,
1513 1713 1762 1785 ἀδελφιδὲ

181 1818 304 1870 μω,
345 1801 665 1872 θηλάςοντα
723 1804 960 1873 μαστοὺς
1010 1803 1212 1875 μητρός
1258 1820 1392 1875 μους
1435 1804 1670 1877 εὑροῢσά
1700 1823 1759 1859 σε

1869 622 2081 676 centior
2119 624 2485 693 exspectanda
2524 626 2839 695 promissio.
2892 626 3072 683 Semel
3121 630 3266 684 enim
3303 628 3441 685 Ver-

1868 713 1994 769 bum
2024 730 2154 770 caro
2196 715 2396 771 laeuam
2444 725 2547 781 est,
2581 733 2829 789 opusque
2878 721 3299 776 consummavit.
3344 719 3447 775 Est

1868 813 2047 860 autem
2078 813 2224 861 totus
2277 807 2363 860 hic
2408 806 2548 863 iiber
2605 809 2799 878 plenus
2851 809 3187 880 dialogorum
3237 810 3446 866 veteris

1865 897 2052 968 populi
2074 897 2141 952 ad
2168 897 2427 963 Verbum,
2458 908 2513 954 et
2547 902 2858 956 summatim
2886 901 3106 955 humani
3131 903 3348 972 generis
3369 902 3445 957 ad

1867 987 2125 1051 Verbum,
2154 998 2207 1042 et
2234 987 2487 1043 Ecclesiae
2515 1005 2581 1043 ex
2608 991 2862 1059 gentibus
2895 997 3101 1045 coactae
3141 991 3208 1045 ad
3256 992 3399 1046 idem
3419 1031 3445 1056 ,

1865 1088 1919 1134 et
1947 1095 2138 1135 rursus
2159 1078 2321 1135 Verbi
2352 1080 2420 1135 ad
2450 1081 2720 1145 eamdem,
2744 1088 2797 1136 et
2820 1081 2887 1135 ad
2919 1098 3093 1152 genus
3112 1082 3436 1137 humanum.

1866 1167 2069 1225 Deinde
2097 1170 2339 1241 gentium
2389 1169 2460 1224 ad
2512 1168 2848 1234 Jerusalem,
2890 1178 2945 1226 et
2978 1170 3278 1227 Jerusalem
3301 1211 3317 1235 ,
3369 1171 3445 1226 de

1864 1259 2107 1317 Ecclesia
2138 1277 2204 1317 ex
2235 1260 2487 1332 gentibus
2516 1270 2706 1315 coacta
2736 1269 2790 1316 et
2818 1262 2885 1317 de
2925 1262 3128 1332 seipsa,
3163 1261 3432 1331 dialogus.
3482 1276 3493 1287 '

1865 1351 2061 1408 Postea
2086 1360 2139 1409 et
2173 1354 2596 1409 ministrantium
2629 1354 2947 1426 angelorum
2969 1354 3036 1408 ad
3072 1354 3437 1409 hominesve-

1864 1452 2015 1500 catos
2046 1443 2377 1515 praedicatio.
2425 1444 2636 1501 Veteris
2685 1446 2868 1515 itaque
2920 1445 3103 1514 populi
3156 1443 3436 1513 precantis

1865 1536 2043 1604 ipsum
2078 1534 2361 1608 (Verbum)
2389 1547 2448 1593 ut
2482 1537 2859 1601 descenderet,
2886 1545 2940 1592 et
2960 1535 3112 1590 carni
3139 1536 3439 1606 conjunge-

1862 1633 2034 1690 retur,
2068 1624 2186 1680 haec
2210 1633 2340 1680 sunt
2369 1644 2382 1681 :
2419 1643 2441 1680 ι
2467 1625 2760 1682 Osculetur
2796 1640 2883 1681 me
2923 1624 3132 1681 osculis
3162 1627 3276 1681 oris
3306 1626 3432 1693 sui;

1863 1716 2117 1786 quoniam
2146 1718 2372 1773 meliora
2405 1724 2534 1772 sunt
2563 1717 2732 1773 ubera
2761 1722 2858 1771 tua
2896 1717 3024 1773 vino
3067 1717 3133 1771 ⁸⁸.
3170 1733 3191 1769 ι
3241 1715 3308 1771 Ει
3335 1716 3438 1772 ite-
3472 1736 3481 1754 ι

1864 1819 1985 1859 rum
2012 1806 2259 1861 hortatur
2290 1807 2377 1863 his
2408 1807 2630 1863 verbis:
2661 1822 2686 1859 ι
2740 1805 2892 1862 Nova
2922 1814 2976 1862 et
3005 1812 3191 1861 vetera
3222 1804 3439 1861 servavi

176 1894 289 1959 ἔξω,
320 1894 546 1965 stlta-co
573 1913 656 1959 σε,
686 1896 779 1950 καὶ
806 1894 907 1949 οὔκ
930 1895 1334 1968 ὲξουδενήσουσε
1363 1915 1450 1968 με.
1508 1898 1758 1972 Παραλή-

1863 1898 1985 1968 tihi,
2018 1898 2216 1954 dilecte
2246 1900 2320 1953 mi
2366 1900 2433 1953 “.
2483 1918 2503 1952 ι
2548 1899 2609 1954 in
2666 1913 2956 1954 commune
3002 1913 3131 1953 vero
3184 1897 3431 1952 omnium

176 1985 336 2056 ψομαί
363 2002 448 2050 σε,
474 1985 684 2052 εἰσάξω
717 2003 775 2039 σε
805 1988 885 2050 εἰς
913 1983 1062 2041 οἷκον
1093 1987 1301 2061 μητρός
1326 2006 1449 2060 μου,
1484 1991 1578 2044 καὶ
1600 1994 1678 2055 εἰς
1700 1996 1761 2046 τὸ

176 2077 385 2146 ταμεῖον
415 2076 529 2149 τῆς
567 2076 938 2148 συλλαϐούσης
961 2094 1047 2146 με.
1072 2096 1092 2131 ι
1143 2078 1218 2131 Οὐ
1250 2078 1357 2151 γάρ
1383 2077 1610 2146 ἔξωθεν,
1643 2080 1759 2135 ἀλλ’

178 2167 261 2236 ἀφ’
282 2160 349 2237 ἧς
378 2166 759 2240 ἐγεννήθημεν
790 2168 1034 2240 μήτρας,
1066 2169 1354 2225 ἀναλαϐεῖν
1381 2172 1544 2226 αὑτὸν
1575 2171 1760 2243 ἠξίουν

175 2256 229 2310 τὸ
252 2258 431 2328 σῶμα,
462 2261 519 2312 εἰ
549 2260 645 2312 καὶ
669 2259 745 2332 μὴ
772 2260 849 2327 ὡς
878 2262 1038 2331 ἡμεῖς
1058 2258 1119 2326 ἐξ
1140 2261 1329 2333 ἀνδρὸς
1358 2262 1452 2316 καὶ
1475 2264 1755 2332 γυναικός.

188 2349 275 2404 Ἐκ
292 2351 401 2424 γὰρ
435 2351 614 2423 μόνης
634 2352 911 2425 Παρθένου
934 2394 948 2419 ,
974 2352 1051 2417 ὼς
1078 2352 1324 2425 πλάστης
1342 2393 1357 2417 ,
1390 2354 1569 2426 ἐαυτῷ
1600 2354 1757 2408 ἔλαϐε

175 2442 231 2495 τὸ
272 2442 429 2514 σῶμα
452 2483 469 2509 ,
515 2442 655 2515 πλὴν
693 2445 774 2498 ὅτι
806 2444 865 2510 ἐξ
903 2444 1190 2518 ἀνθρώπου
1213 2462 1227 2475 ·
1273 2444 1557 2517 ἅνθρωπος
1585 2445 1753 2519 γάρή

178 2532 419 2599 Θεοτόκος
446 2536 667 2608 Μαρία.
728 2537 840 2592 Καὶ⁸
864 2537 958 2591 τοῦ
990 2537 1167 2607 Λόγου
1193 2538 1250 2590 δὲ
1277 2537 1411 2609 πρὸς
1436 2539 1563 2602 τοὺς
1592 2536 1757 2605 ἀξιῶ-

182 2641 388 2692 σαντας,
416 2628 900 2701 ἀναλαμϐάνοντος
930 2629 1031 2703 ἤδη
1059 2629 1156 2703 τὴν
1187 2631 1364 2702 σάρκα
1397 2633 1461 2684 ὲκ
1485 2630 1585 2701 τῆς
1610 2633 1758 2706 Παρ-

181 2717 337 2783 θένου,
364 2720 549 2776 ταῦτα
568 2738 584 2752 ·
625 2741 645 2773 ι
665 2722 931 2794 Εἰσῆλθον
959 2725 1038 2788 εἰς
1066 2723 1243 2794 κῆπόν
1275 2741 1399 2795 μου,
1426 2723 1624 2797 ἀδελφή
1653 2742 1753 2797 μου

182 2810 367 2883 νῦμφη,
394 2813 685 2886 ὲτρύγησα
714 2813 960 2887 σμύρναν
997 2832 1098 2886 μου
1136 2814 1274 2887 μετά
1301 2815 1609 2888 ἀρωμάτων
1631 2834 1753 2888 μου,

181 2902 361 2973 ἔφαγον
387 2906 559 2978 ἄρτον
589 2924 692 2977 μου
724 2907 863 2976 μετά
889 2907 1101 2979 μέλιτός
1136 2925 1261 2979 μου,
1297 2907 1451 2962 ἔπιον
1471 2902 1613 2962 οἶνόν
1649 2925 1751 2979 μου

185 2998 304 3066 μετὰ
322 2998 598 3067 γάλακτός
633 3017 758 3071 μου.
783 3019 802 3052 ι
836 3001 932 3064 Εἰς
955 3001 1066 3074 γάρ
1091 3002 1181 3055 τὸν
1219 3001 1348 3055 [διον
1381 3001 1557 3072 κῆπον
1581 3001 1756 3055 εἰσελ-

180 3086 305 3153 θὼν,
334 3089 431 3162 τὴν
475 3091 659 3145 κτίσιν
678 3132 693 3157 ,
724 3091 915 3146 ἐλαϐεν
953 3091 1131 3164 ἑαυτῷ
1154 3094 1219 3147 ὲκ
1244 3094 1346 3163 τῆς
1383 3093 1660 3166 Παρθένου
1693 3092 1755 3147 τὸ

184 3180 341 3251 σῶμα,
374 3183 476 3236 καὶ
506 3184 731 3253 γέγονεν
758 3184 1059 3256 ἀνθρωπος.
1109 3184 1314 3256 Θνητδν
1347 3185 1446 3257 μὲν
1471 3181 1539 3257 ἦν
1561 3185 1625 3239 τὸ
1652 3184 1756 3238 σῶ-

186 3286 268 3340 μα,
297 3273 428 3326 ἀλλά
457 3274 602 3344 μετά
629 3275 860 3340 εὐωδίας
884 3276 979 3330 τοῦ
1000 3278 1266 3347 παναγίου
1291 3277 1466 3346 Λόγου
1492 3278 1750 3349 συνῆπτο.

183 3361 280 3415 Καὶ
307 3367 355 3417 εἰ
390 3366 542 3434 γάλα
562 3404 579 3430 ,
608 3367 685 3429 ὡς
716 3365 1034 3438 ἄνθρωπος,
1075 3367 1227 3438 ἠφίει
1259 3366 1319 3420 τὸ
1348 3366 1505 3439 σῶμα
1539 3369 1750 3437 φαγεῖν,

182 3454 302 3510 ἀλλά
328 3459 611 3529 μετεδίδου
639 3458 787 3531 αὺτῷ
819 3461 915 3513 καὶ
954 3460 1098 3514 οἴνου
1124 3461 1224 3532 τῆς
1252 3459 1445 3513 ἑαυτοῦ
1483 3459 1755 3531 τελειότη-

183 3560 279 3611 τος.
310 3550 417 3604 Καὶ
451 3551 575 3623 γὰρ·
599 3549 787 3623 ὥσπερ
818 3551 973 3623 ἤσθιε
1005 3552 1175 3621 γάλα,
1206 3551 1377 3615 οὕτως
1413 3554 1472 3605 ὲν
1503 3552 1653 3624 αὐτῷ
1684 3552 1755 3607 τά

183 3638 270 3711 τῆς
298 3640 555 3715 θεότητος
573 3642 745 3696 ἐποίει
775 3643 931 3716 ἔργα.
980 3641 1111 3698 Εἶτα
1138 3646 1167 3697 ὁ
1199 3644 1370 3713 Λόγος
1393 3643 1578 3699 λοιπὸν
1601 3644 1753 3700 ἔνδυ-

187 3732 393 3802 σάμενος
415 3736 485 3788 τὸ
518 3733 678 3806 σῶμα
705 3737 1091 3807 προσκαλεῖται
1121 3735 1213 3789 τὸν
1242 3734 1469 3790 παλαιὸν
1502 3736 1648 3800 λαὸν,
1676 3737 1753 3802 ὡς

189 3824 378 3894 πρῶτον
402 3825 768 3882 πιστευθέντα
790 3827 860 3881 τὰ
876 3827 1051 3897 λόγια,
1078 3827 1166 3881 διά
1188 3827 1394 3882 τούτων
1410 3844 1426 3858 ⁸
1454 3848 1473 3879 ι
1496 3827 1750 3895 Ἀνάστα,

189 3913 291 3968 ἐλθὲ
336 3918 569 3989 πλησίον
599 3935 721 3990 μου,
747 3918 882 3992 καλή
914 3936 1038 3990 μου,
1056 3918 1358 3991 περιστερά
1383 3937 1482 3992 μου
1500 3936 1514 3951 ·
1539 3920 1620 3973 ὅτι
1645 3919 1752 3975 ἰδοὺ

186 4005 212 4057 ό
236 4009 429 4078 χειμὼν
459 4009 759 4082 παρῆλθεν,
789 4013 818 4064 ό
850 4010 1005 4075 θετὸς
1032 4010 1275 4083 ἀπῆλθεν
1296 4051 1310 4076 ,
1334 4010 1607 4084 ἐπορεύθη
1631 4012 1755 4065 ἑαυ-

187 4100 271 4169 τῷ.
307 4103 383 4157 Τὰ
415 4104 559 4176 ἄνθη
611 4103 766 4177 ῶφθη
818 4107 878 4159 ὲν
932 4109 998 4177 τῇ
1034 4104 1382 4178 γῇ,’καιρδς
1427 4106 1527 4176 τῆς
1575 4106 1753 4177 τομῆς

189 4187 385 4258 ἔφθακε,
407 4196 568 4266 φωνὴ
599 4195 695 4249 τοῦ
717 4195 976 4268 τρυγόνος
992 4196 1231 4267 ἠκούσθη
1259 4198 1396 4267 ὲντῇ
1421 4199 1490 4267 γῇ
1522 4196 1751 4270 by.thle

194 4285 311 4355 συκῆ
352 4287 649 4360 ἐξήνεγκεν
687 4288 940 4352 ὀλύνθους
960 4289 1180 4360 αὐτῆς,
1231 4290 1285 4342 αἱ
1318 4287 1548 4359 ἄμπελοι
1595 4289 1752 4361 ήμῶν

191 4375 546 4446 κυπρίζουσιν.
578 4398 597 4431 ι
671 4379 758 4443 ὀς
797 4379 906 4453 γάρ
944 4379 1203 4443 λαϐόντος
1229 4379 1323 4433 τοῦ
1366 4378 1584 4451 πρώτου
1619 4379 1750 4434 λαοῦ

190 4461 280 4528 ῑως
303 4468 494 4540 καιροῦ
523 4469 620 4541 τὴν
648 4471 805 4525 σκιὰν
829 4472 927 4544 τὴν
957 4473 1015 4526 ὲν
1043 4472 1193 4543 νόμῳ
1216 4513 1230 4538 ,
1253 4472 1493 4528 διδάσκει
1516 4514 1530 4538 ,
1564 4475 1658 4526 καὶ
1675 4473 1752 4538 ὡς

194 4553 342 4609 εἰδότα
366 4558 469 4631 τὴν
486 4560 673 4632 φωνὴν
691 4560 785 4614 τοῦ
819 4562 1096 4633 τρυγόνος,
1120 4562 1549 4633 ὑπομιμνήσκει·
1578 4563 1752 4635 Πρ⁰σ”
1783 4588 1828 4643 D

195 4647 542 4721 καλεσάμενος
572 4651 629 4704 δὲ
675 4654 704 4705 ό
745 4651 917 4721 Λόγος
939 4654 1039 4725 τὴν
1086 4651 1468 4724 Ἰερουσαλὴμ,
1505 4669 1751 4724 προσκα-

195 4733 338 4793 λεῖται
361 4741 552 4795 λοιπὸν
581 4742 675 4794 καὶ
706 4743 833 4806 τοὺς
874 4742 982 4795 ἀπὸ
1020 4742 1131 4795 τῶν
1170 4742 1339 4795 ἐθνῶν
1381 4742 1469 4795 διὰ
1510 4742 1748 4795 τούτων·

197 4823 280 4897 (εἷς
292 4833 392 4905 γάρ
414 4836 533 4887 ἐστι
551 4833 752 4905 Κύριος
770 4834 867 4887 καὶ⁸
895 4834 1163 4887 Ἰουδαίων
1187 4833 1280 4887 καὶ
1302 4832 1472 4886 ἐθνῶν
1554 4832 1755 4906 «Δεῦρο

198 4919 289 4973 ἀπὺ
311 4924 542 4978 Λιϐάνου
562 4964 577 4989 ,
613 4926 819 4997 νύμφη.
858 4924 992 4978 ’Λπὸ
1017 4923 1253 4978 Λιϐάνου
1293 4922 1490 4997 ὲλεύσῃ
1509 4962 1523 4987 ,
1552 4923 1648 4976 καὶ
1674 4922 1754 4975 δι-

198 5010 365 5087 ιλεύσῃ
390 5006 488 5070 ἀπ’
510 5016 688 5088 ἀρχῆς
719 5018 974 5078 πίστεως,
1022 5015 1135 5068 ἀπὸ
1163 5014 1406 5085 κεφαλῆς
1428 5013 1624 5085 Σανεὶρ
1661 5013 1755 5067 καὶ

210 5104 450 5177 ’Δερμὼν,
479 5108 591 5162 ἀπὸ
623 5107 871 5180 μανδρῶν
902 5107 1132 5160 λεόντων
1153 5146 1169 5170 ,
1212 5106 1320 5159 ἀπὸ
1348 5104 1520 5177 ὀρέων
1542 5104 1755 5176 παρδά-

198 5191 327 5254 λεων.
352 5220 370 5252 ι
427 5200 562 5253 ’Λπὸ
585 5201 695 5274 γὰρ
720 5199 1160 5270 εἰδωλολατρείας
1188 5199 1283 5251 καὶ
1311 5194 1610 5269 θηριώδους
1636 5195 1757 5269 τρόι

200 5304 285 5342 που
307 5293 688 5365 προσκαλεῖται
729 5293 934 5364 ταύτην
977 5295 1053 5357 εἰς
1091 5292 1190 5364 τὴν
1221 5291 1423 5345 πίστιν.
1478 5288 1755 5361 κληθεῖσα

197 5381 349 5436 τοίνυν
375 5386 434 5452 ἐξ
456 5385 630 5440 ὲθνῶν
659 5388 754 5441 καὶ
776 5387 876 5458 ἢδη
902 5387 1267 5454 κατανυγεῖσα
1285 5425 1300 5450 ,
1330 5383 1478 5452 λέγει
1501 5381 1636 5453 πρὸς
1662 5382 1755 5434 τὸν

199 5471 344 5541 Λόγον
367 5477 566 5532 ταῦτα’
609 5495 630 5531 ι
661 5477 1020 5548 Ἀπάγγειλόν
1049 5494 1162 5549 μοι,
1190 5476 1248 5530 ὃν
1276 5475 1562 5546 ἠγάπησεν
1594 5475 1626 5545 ἡ
1650 5472 1756 5543 ψυ-

200 5563 259 5635 Ili
280 5583 369 5637 μου
386 5586 401 5602 ⁸
424 5569 529 5626 ποῦ
556 5571 886 5642 ποιμαίνεις,
907 5569 1010 5624 ποῦ
1033 5569 1302 5635 κοιτάζεις
1324 5570 1382 5622 ὲν
1402 5565 1720 5639 μεσημϐρία
1735 5582 1749 5598 ο

204 5657 385 5726 illim:
407 5663 654 5735 γένωμαι
685 5663 764 5728 ῶς
786 5661 1229 5734 ’περιϐαλλομένη
1250 5661 1337 5714 ἐπ’
1362 5659 1589 5729 ἀγέλαις
1606 5656 1754 5712 ἑταί-

262 5778 300 5809 ³³
333 5764 613 5848 Cant.i,i.
690 5780 737 5813 ³³
773 5779 931 5838 Cant.
958 5779 1162 5849 vu,i5.
1238 5778 1285 5809 ³⁸
1309 5775 1469 5833 Cant.
1488 5764 1758 5840 vm,l,‘2.

1861 5772 1881 5806 ⁸
1918 5771 2077 5828 Cant.
2118 5789 2170 5840 v,
2207 5770 2260 5827 l.
2308 5772 2380 5804 ’³⁷
2420 5771 2581 5828 Cant.
2619 5785 2695 5834 ιι,
2726 5766 2919 5822 ’10-13.

260 5874 277 5894 ‘
309 5872 521 5946 Snpple,
550 5872 702 5928 λαοῦ.

1859 2003 1963 2043 vox
2000 1995 2085 2044 est
2109 1989 2175 2043 ad
2205 1986 2557 2053 Verbum-ut
2593 2004 2815 2045 carnem
2864 1998 3109 2044 nostram
3137 1995 3385 2043 assumat
3416 2003 3433 2042 :

1866 2099 1886 2132 ι
1919 2079 2055 2148 Quis
2084 2083 2174 2137 det
2211 2088 2286 2146 te,
2311 2083 2639 2138 consobrine
2670 2082 2765 2147 mi,
2796 2092 3080 2153 sugentem
3120 2082 3290 2137 ubera
3321 2096 3433 2135 ιω-
3499 2137 3505 2144 ,

1859 2176 1960 2229 tris
1994 2174 2158 2229 meae?
2186 2174 2455 2229 inveniam
2485 2184 2536 2229 te
2564 2172 2727 2238 foris,
2751 2175 3048 2229 osculabar
3070 2181 3143 2237 te,
3179 2189 3282 2229 nec
3303 2188 3432 2229 ceu-

1859 2274 2100 2322 temnent
2123 2282 2229 2321 me.
2266 2266 2684 2336 Apprchendam
2711 2272 2785 2330 te,
2813 2266 3009 2320 ducam
3036 2273 3088 2320 te
3119 2265 3181 2321 in
3209 2264 3430 2318 domum

1857 2353 2049 2408 matris
2089 2368 2251 2418 meae,
2296 2361 2349 2409 et
2380 2354 2439 2409 in
2472 2355 2787 2410 cubiculum
2816 2354 2938 2424 ejus
2964 2355 3060 2424 qui
3111 2369 3198 2409 me
3227 2368 3433 2407 conce-

1856 2444 1936 2515 pit
1951 2445 2016 2497 ³⁸.
2046 2464 2064 2498 ι
2097 2443 2309 2501 Precati
2331 2455 2462 2503 sunt
2485 2447 2654 2510 enim,
2678 2453 2737 2501 ut
2757 2460 2979 2502 carnem
2998 2453 3304 2501 assumeret
3320 2459 3434 2498 non

1857 2537 2096 2604 aliunde,
2130 2538 2223 2594 sed
2255 2554 2322 2593 ex
2349 2552 2413 2594 ea
2435 2537 2551 2608 ipsa
2572 2538 2819 2601 matrice,
2841 2553 2908 2592 ex
2929 2552 3039 2607 qua
3073 2536 3189 2590 nati
3216 2550 3438 2601 sumus,

1855 2628 1982 2686 licet
2010 2646 2118 2686 non
2147 2630 2358 2695 eodem,
2384 2646 2521 2702 quos
2540 2645 2663 2693 nos,
2697 2629 2880 2691 modo.
2914 2643 3197 2698 nempeex
3224 2628 3344 2683 viro
3378 2636 3434 2681 et

1855 2722 2102 2776 muliere.
2126 2721 2337 2793 Corpus
2359 2724 2504 2777 enim
2535 2721 2661 2787 sibi,
2704 2728 2892 2792 utpote
2940 2720 3188 2786 Creator,
3217 2736 3284 2776 ex
3314 2720 3439 2776 sola

1860 2809 2078 2883 Virgine
2138 2813 2472 2883 assumpsit:
2530 2819 2770 2867 attamen
2830 2826 2899 2867 ex
2946 2811 3209 2867 homine:
3266 2810 3440 2865 homo

1855 2905 2001 2960 enim
2034 2903 2136 2959 fuit
2177 2904 2409 2976 genitrix
2439 2903 2535 2959 Dei
2574 2902 2777 2959 Maria.
2798 2901 2959 2959 Verbi
2995 2917 3154 2969 vero,
3207 2918 3271 2957 ex
3305 2899 3432 2955 Vir-

1854 2994 1979 3066 gine
1998 2993 2111 3064 jam
2143 3008 2359 3048 carnem
2391 2995 2752 3058 assumentis,
2775 2992 2842 3047 ad
2876 3001 3162 3064 precantes
3192 3008 3271 3058 se,
3304 3000 3443 3047 sunt

1854 3085 1961 3141 ista
1988 3103 2002 3140 :
2032 3104 2050 3138 ι
2089 3083 2374 3156 Ingressus
2399 3101 2520 3142 sum
2555 3086 2609 3139 in
2650 3085 2869 3140 hortum
2901 3100 3103 3153 meum,
3130 3100 3289 3140 soror
3311 3098 3431 3139 mea

1855 3191 2076 3247 sponsa,
2100 3175 2426 3233 vindemiavi
2475 3175 2753 3247 myrrham
2786 3189 2960 3231 meam
3007 3190 3130 3229 cum
3178 3175 3442 3229 aromatio

1854 3269 1958 3325 bus
1983 3268 2140 3335 meis,
2165 3269 2375 3324 comedi
2399 3282 2595 3339 panem
2618 3283 2798 3323 meum
2822 3282 2948 3322 cum
2978 3267 3139 3323 melle
3159 3282 3301 3333 meo,
3316 3265 3437 3322 bibi

1853 3363 2039 3417 vinum
2064 3377 2243 3418 meum
2268 3376 2392 3416 cum
2421 3362 2559 3416 lacte
2591 3375 2712 3415 meo
2739 3359 2804 3414 ³⁸.
2843 3379 2862 3413 ι
2896 3359 2956 3414 ln
2984 3360 3263 3431 preprium
3286 3360 3437 3413 enim.

1855 3453 2096 3518 hortum,
2120 3464 2436 3509 creaturam
2454 3453 2726 3519 videlicet,
2750 3457 3059 3524 ingressus,
3077 3467 3298 3508 carnem
3323 3452 3431 3508 sibi

1855 3561 1922 3601 ex
1952 3545 2174 3616 Virgine
2201 3545 2519 3615 assumpsit,
2549 3553 2604 3601 et
2654 3546 2820 3601 homo
2852 3544 3032 3600 factus
3064 3553 3166 3601 est.
3202 3543 3440 3600 Mortale-

1855 3639 2075 3710 quidem
2105 3654 2305 3711 corpus
2347 3646 2487 3702 erat,
2512 3654 2703 3693 verum
2733 3653 2859 3693 cum
2906 3637 3060 3693 suavi
3091 3637 3259 3693 odore
3308 3651 3443 3691 san-

1855 3731 2086 3787 ctissimi
2114 3728 2278 3784 Verbi
2302 3728 2683 3798 _eonjunetum.
2718 3728 2783 3782 Et
2824 3729 2949 3783 licet
2978 3736 3037 3782 ut
3082 3728 3248 3783 homo
3276 3728 3443 3782 lactis

1854 3823 2038 3879 cibum
2076 3821 2292 3892 corpori
2326 3835 2426 3876 suo
2466 3820 2780 3886 admiserit,
2825 3830 3006 3874 tamen
3049 3826 3106 3873 et
3137 3818 3325 3873 vinum
3354 3818 3434 3872 illi

1854 3912 2206 3985 perfectionis
2239 3926 2353 3966 suae
2382 3910 2664 3982 impertiit.
2729 3911 2942 3966 Etenim
2973 3909 3436 3981 quemadmodum

1855 4006 1942 4061 lac
1973 4003 2229 4070 comedit,
2264 4003 2339 4058 ita
2367 4011 2423 4059 et
2452 4003 2760 4058 divinitatis
2793 4017 2960 4073 opera
3004 4003 3062 4057 in
3100 4001 3222 4072 ipso
3253 3998 3435 4071 perfe-

1854 4099 1947 4155 cit.
1981 4097 2183 4153 Deinde
2202 4095 2464 4160 Verbum,
2497 4110 2718 4152 carnem
2767 4094 3040 4161 indutum,
3067 4103 3302 4148 veterem
3335 4107 3435 4162 po-

1855 4193 2068 4264 pulum,
2098 4197 2157 4246 ut
2189 4192 2275 4244 cui
2306 4188 2798 4260 primum‘oracuia
2828 4185 2924 4241 Dei
2952 4185 3268 4242 concredita
3314 4183 3433 4239 fue-

1854 4292 2000 4349 rant,
2029 4282 2097 4338 ad
2125 4296 2186 4338 se
2217 4287 2397 4345 vocat,
2429 4279 2515 4334 his
2554 4279 2772 4334 verbis:
2816 4295 2836 4329 ι
2872 4275 3046 4348 Surge
3069 4315 3083 4340 ,
3119 4273 3316 4331 accede
3361 4273 3434 4328 ad

1855 4394 1962 4443 me,
1995 4377 2169 4431 amica
2194 4390 2337 4440 mea,
2368 4375 2608 4428 formosa
2644 4387 2798 4437 mea,
2830 4370 3081 4426 columba
3115 4382 3257 4431 mea,
3287 4379 3430 4437 quo-

1854 4467 1999 4521 niam
2031 4480 2159 4522 ecce
2193 4465 2366 4519 hiems
2396 4462 2637 4527 transiit,
2669 4460 2843 4514 imber
2883 4460 3035 4524 abiit,
3059 4472 3122 4511 ac
3153 4454 3435 4527 profectus

1855 4565 1940 4614 est
1960 4555 2083 4611 sibi.
2115 4552 2302 4608 Flores
2331 4559 2700 4622 apparuerunt
2734 4549 2790 4603 in
2818 4556 2986 4614 terra,
3014 4557 3228 4616 tempus
3272 4550 3431 4614 puta-

1858 4650 2021 4705 tionis
2046 4645 2293 4709 advenit,
2329 4658 2433 4699 vox
2456 4643 2684 4698 turturis
2717 4641 2901 4696 audita
2929 4648 3015 4695 est
3059 4639 3115 4694 in
3157 4647 3305 4693 terra
3332 4649 3433 4689 no.

1855 4747 1991 4804 stra,
2018 4739 2151 4793 licus
2186 4733 2651 4806 protulitgrossos
2694 4746 2827 4787 suos
2846 4770 2863 4798 ,
2896 4730 3070 4786 vineae
3096 4737 3299 4783 nostra:
3328 4723 3432 4779 ilo-

1855 4836 1978 4883 rent
2012 4828 2080 4883 ³⁷.
2128 4847 2147 4880 ι
2194 4826 2273 4881 lta
2316 4826 2459 4881 enim
2495 4823 2689 4889 docet,
2726 4821 2885 4893 quasi
2936 4821 3145 4891 primus
3199 4817 3435 4889 populus

1856 4920 2108 4975 umbram
2143 4935 2263 4991 quae
2309 4920 2364 4973 in
2410 4919 2527 4989 lege
2541 4925 2647 4980 est,
2677 4916 2743 4971 ad
2772 4924 2986 4983 tempus
3033 4910 3341 4980 acceperit:
3377 4913 3435 4962 et

1857 5008 2016 5080 quasi
2049 5023 2237 5064 vocem
2269 5008 2505 5062 turturis
2537 5014 2922 5078 agnoscentem
2954 5001 3242 5055 'admonet.
3273 4997 3434 5055 Post-

1858 5115 2023 5171 quam
2048 5108 2231 5155 autem
2253 5097 2556 5155 Jerusalem
2591 5096 2898 5161 advocavit,
2923 5093 3153 5149 advocat
3176 5091 3440 5161 deinceps

1857 5201 1913 5248 et
1943 5207 2059 5258 eos,
2094 5192 2187 5264 qui
2215 5199 2344 5248 sunt
2369 5206 2435 5245 ex
2464 5189 2717 5262 gentibus
2748 5190 2913 5258 (unus
2960 5192 3046 5240 est
3087 5183 3233 5238 enim
3257 5190 3312 5237 et
3336 5179 3438 5237 Ju-

1858 5284 2099 5339 dazorum
2120 5293 2175 5340 et
2201 5285 2441 5355 gentium
2486 5280 2811 5352 Dominus),
2862 5280 2948 5335 his
2977 5276 3197 5333 verbis:
3239 5293 3260 5328 ι
3294 5273 3436 5331 Veni

1858 5378 1926 5433 de
1950 5376 2178 5445 Libano,
2207 5391 2429 5448 sponsa.
2456 5375 2529 5431 De
2543 5374 2752 5430 Libano
2778 5372 2983 5436 venias,
3008 5379 3062 5426 et
3084 5378 3334 5426 transeas
3363 5370 3433 5425 ah

1858 5470 2017 5525 initio
2043 5469 2189 5525 ﬁdei.
2231 5469 2307 5526 De
2344 5469 2549 5526 vertice
2569 5465 2733 5522 Sanir
2760 5474 2814 5521 et
2842 5463 3102 5529 Aermon,
3136 5463 3205 5518 de
3242 5462 3439 5517 cubili-

1832 5562 1963 5618 bus
1998 5563 2211 5618 leonum
2245 5604 2261 5629 ,
2318 5563 2386 5617 de
2440 5560 2719 5616 montibus
2768 5557 3062 5629 pardorum
3098 5556 3164 5610 ³⁵.
3207 5575 3226 5608 ι
3281 5553 3437 5609 Hanc

1811 5676 1819 5680 ·
1857 5657 2003 5712 enim
2052 5655 2120 5710 ah
2166 5655 2475 5712 idololatria
2526 5654 2880 5724 moribusque
2928 5651 3117 5706 ferinis
3165 5649 3230 5704 ad
3270 5647 3433 5703 ﬁdem

3030 5764 3077 5797 ³⁸
3102 5764 3261 5819 Cant.
3282 5760 3431 5837 ιν,,8ο
