3958 6504
572 395 683 453 335
1672 377 1731 434 S.
1773 372 2235 431 ATHANASIUS.
2274 400 2345 414 --
2378 369 2609 427 DUBIA.
3701 360 3802 417 356

561 511 741 561 vocat.
771 503 866 559 Illa
892 501 1059 574 Igitur
1091 516 1158 556 ex
1204 497 1456 570 gentibus
1508 500 1699 549 vocata
1745 501 1798 546 et
1842 490 1956 559 jam
1985 503 2135 543 com-

2242 502 2346 559 ρων
2396 500 2509 538 σου.
2542 502 2561 535 ι
2611 482 2812 554 Πεῖραν
2845 478 2953 551 γὰρ
2989 477 3185 550 ἔχουσα
3214 477 3313 547 τῆς
3342 476 3421 539 είς
3451 472 3619 527 πολλὰ
3644 490 3801 544 μεταο

563 606 787 668 puncta,
811 564 991 649 Verbo
1020 591 1087 647 ad
1119 564 1265 645 hunc
1303 589 1523 643 modum
1564 584 1843 656 loquitur:
1883 602 1901 634 ι
1953 582 2138 637 indica

2242 577 2401 649 ϐολῆς
2419 618 2434 640 ,
2467 574 2618 646 ἠξίου
2657 570 3009 646 στηριχθῆναι
3053 568 3235 623 λοιπὸν
3272 568 3366 622 καὶ
3410 564 3799 637 βεϐαιωθῆναι·

563 654 721 751 mihi,
744 654 905 757 quem
938 683 1114 754 diligit
1135 681 1317 736 anima
1344 692 1487 743 mea,
1512 675 1607 734 ubi
1637 654 1862 746 pascas,
1905 672 1995 728 ubi
2043 686 2141 726 cu-

2242 670 2449 740 μήποτε
2471 665 2619 738 πάθῃ
2644 663 2803 718 πάλιν
2825 661 2885 715 τὸ
2905 660 3055 718 αὐτό.
3076 656 3452 731 Παρακληθεὶς
3469 658 3498 710 6
3518 655 3709 724 Λόγος,
3729 654 3806 708 δι-

506 794 533 827 1~
562 780 660 836 bes
691 780 747 833 in
781 776 1037 839 meridie,
1084 788 1153 828 ne
1200 770 1327 827 ﬁam
1369 779 1628 840 tauquam
1685 767 1949 822 oberrans
1998 762 2141 818 inter

2242 758 2426 812 δάσκει
2467 756 2652 809 λοιπὸν
2692 752 2861 824 αὐτὴν
2909 748 2997 804 διὰ
3028 748 3264 803 τούτων·
3332 765 3352 798 ι
3388 746 3512 800 Ἐὰν
3556 744 3634 817 μὴ
3664 744 3805 815 γνῷς

563 883 752 941 greges
779 864 1045 922 sodalium
1074 869 1298 916 tuorum
1326 860 1394 913 ³ο.
1450 878 1470 911 ι
1534 856 1747 912 Etenim
1776 871 1899 911 cum
1926 852 2141 924 experi-

564 965 749 1015 mento
779 956 1081 1020 didicisset,
1105 966 1270 1025 quam
1296 963 1471 1022 prona
1499 957 1647 1005 esset
1679 947 1747 1002 ad
1794 945 1977 1001 varias
2028 959 2141 997 mu-

562 1048 818 1110 tationes,
854 1043 1080 1115 rogabat
1126 1049 1188 1096 ut
1231 1039 1650 1095 confirmaretur
1674 1044 1728 1092 et
1757 1035 2140 1090 corroborare-

564 1145 686 1203 tur;
717 1150 787 1190 ne
808 1133 1045 1204 idipsum
1070 1139 1257 1202 postea
1282 1128 1387 1184 sibi
1410 1125 1701 1182 accideret.
1733 1122 2140 1192 Exoratumque

563 1227 822 1292 Verbum,
859 1224 1023 1297 124
1053 1225 1214 1280 docet
1254 1222 1402 1277 illam
1451 1220 1540 1275 bis
1582 1217 1760 1274 verbis
1792 1236 1804 1271 :
1844 1234 1862 1268 ‹
1900 1214 1958 1270 Si
1984 1215 2141 1286 igno-

560 1336 653 1375 ras
684 1326 758 1387 te,
789 1334 823 1372 o
861 1318 1089 1389 pulchra
1118 1316 1263 1371 inter
1290 1312 1566 1376 mulieres,
1589 1308 1844 1382 egredere
1879 1307 1947 1361 ad
1976 1306 2141 1362 vesti-

559 1417 649 1483 gia
682 1427 927 1485 gregum,
961 1421 1016 1467 et
1037 1425 1201 1480 pasce
1236 1406 1420 1464 haedos
1449 1412 1574 1460 tuos
1612 1404 1769 1475 juxta
1791 1399 2141 1457 tabernacula

563 1518 841 1579 pastorum
881 1505 947 1559 ιθ.
986 1524 1005 1557 ι
1052 1502 1223 1559 Nemo
1253 1500 1453 1571 quippe
1484 1496 1651 1552 Deum
1678 1506 2009 1566 cognoscere
2040 1505 2139 1561 po—

562 1607 706 1661 test,
761 1597 869 1654 nisi
900 1595 1134 1667 primum
1168 1598 1465 1665 cognoscat
1494 1588 1753 1659 seipsum.
1803 1585 1936 1639 Nam
1966 1582 2140 1654 pietas

562 1705 690 1761 erga
719 1689 911 1753 Deum,
933 1695 1016 1744 est
1042 1685 1368 1757 principium
1400 1696 1633 1739 sensus:
1668 1692 1867 1735 sensus
1888 1690 2015 1731 vero
2034 1683 2137 1736 est,

563 1796 674 1837 non
699 1790 959 1837 externus
1010 1778 1133 1841 ille,
1186 1776 1282 1833 sed
1311 1774 1619 1830 intellectus
1646 1769 1839 1825 animae
1867 1782 1991 1822 cum
2039 1765 2142 1821 ﬁde

2239 848 2437 921 ἑαυτὴν
2462 887 2479 913 ,
2504 848 2539 919 ὴ
2572 845 2710 916 καλὴ
2736 846 2793 897 ἐν
2817 839 3061 911 γυναιξὶν
3077 879 3091 904 ,
3125 839 3304 906 ἔξελθε
3333 838 3393 891 ἐν
3419 836 3675 907 πτέρναις
3701 834 3807 887 τῶν

2240 941 2536 1013 ποιμνίων,
2565 938 2658 993 καὶ
2687 935 2938 1007 ποίμαινε
2966 933 3064 996 τάς
3089 931 3306 1004 ἐρίφους
3340 947 3432 983 σου
3474 929 3567 982 ἐπὶ
3594 925 3806 997 σκηνώο

2243 1051 2372 1106 μασι
2390 1032 2499 1087 τῶν
2521 1028 2815 1102 ποιμένων.
2836 1046 2855 1079 ι
2876 1026 2949 1081 06
2966 1025 3186 1081 δύναται
3206 1026 3314 1095 γάρ
3328 1040 3412 1088 τις
3435 1020 3637 1090 γνῶναι
3653 1019 3805 1082 Θεὸν,

2243 1126 2317 1198 μὴ
2337 1125 2599 1195 πρότερον
2625 1121 2784 1191 γνοὺς
2805 1118 3015 1173 ἑαυτόν.
3038 1116 3302 1172 Εὑσέϐεια
3326 1114 3437 1186 γάρ
3460 1115 3540 1177 είς
3562 1111 3699 1166 Θεὸν
3719 1112 3809 1181 ἀρ-

2240 1220 2310 1288 χὴ
2331 1216 2636 1288 αἰσθήσεως
2653 1231 2667 1245 ·
2699 1213 2951 1285 αἴσθησις
2971 1212 3029 1267 δὲ
3052 1211 3148 1281 οὐχ
3175 1211 3208 1281 ἡ
3237 1206 3455 1275 ἔξωθεν,
3477 1205 3592 1259 ἀλλ’
3616 1206 3652 1275 ἡ
3671 1203 3809 1257 κατᾶ

2238 1309 2413 1382 ψυχὴν
2445 1309 2648 1363 διάνοια
2680 1307 2817 1379 μετὰ
2841 1306 3093 1368 πίστεως.
3130 1303 3194 1355 Ἦ
3221 1298 3593 1372 Ἰερουσαλὴμ,
3625 1295 3809 1369 ὁρῶσα

2238 1405 2338 1474 τὴν
2367 1402 2558 1474 κλῆσιν
2586 1400 2693 1453 τῶν
2733 1397 2901 1453 ἐθνῶν
2933 1395 3223 1468 γινομένην
3258 1395 3317 1446 ἐν
3353 1389 3688 1463 ἀκροϐυστίᾳ
3719 1388 3806 1439 πί-

2243 1513 2431 1561 στεως,
2460 1493 2810 1564 θαυμάζουσα
2841 1490 3017 1560 λέγει’
3061 1508 3079 1540 ι
3103 1487 3167 1541 Τί
3192 1483 3388 1556 ὃψεσθε
3424 1485 3480 1535 ἐν
3511 1484 3579 1552 τῇ
3606 1481 3805 1533 Σουνα-

2245 1587 2409 1659 μίτιδι
2428 1625 2442 1649 ,
2475 1587 2509 1656 ἡ
2537 1583 2802 1656 ἐρχομένη
2833 1580 2907 1644 ὡς
2933 1579 3083 1651 χοροὶ
3110 1575 3218 1631 τῶν
3245 1570 3636 1646 παρεμϐολῶνς
3661 1587 3682 1622 ι
3733 1569 3805 1621 0‘5

2202 1740 2207 1744 δ
2241 1680 2350 1751 γὰρ
2374 1677 2434 1742 ἐξ
2466 1677 2601 1740 ἐνὸς,
2629 1674 2743 1729 ἀλλ’
2769 1674 2834 1727 ἐκ
2860 1671 3059 1734 παντὸς
3088 1669 3272 1732 ἔθνους
3297 1667 3523 1739 ἤρχοντο
3542 1701 3557 1727 ,
3584 1661 3807 1731 ἀφέντες

2242 1772 2339 1836 τὰς
2376 1770 2510 1834 ίδίας
2539 1767 2915 1841 παρεμϐολὰς,
2946 1766 3040 1818 καὶ
3068 1760 3450 1833 συντρίψαντες
3480 1756 3580 1819 τὰς
3614 1753 3807 1825 μαχαί-

564 1875 910 1944 coniunctus.
935 1870 1243 1927 Jerusalem
1288 1868 1482 1924 videns
1509 1864 1751 1938 gentium
1800 1858 2138 1916 vocationem

2242 1883 2337 1938 ρας
2357 1904 2371 1928 ,
2415 1864 2509 1917 καὶ
2550 1860 2735 1915 λοιπὸν
2767 1856 3018 1932 εἰρηνικὰ
3044 1853 3385 1927 φρονοῦντες.
3448 1850 3513 1903 Ἠ
3544 1845 3603 1912 ἐξ
3638 1843 3804 1899 ἐθνῶν

565 1964 765 2020 factam
801 1963 857 2019 in
886 1963 1149 2035 praeputio
1202 1960 1371 2027 ﬁdei,
1422 1973 1547 2014 cum
1611 1953 1968 2009 admiratione
2019 1950 2135 2004 ait:

569 2077 590 2111 ι
636 2057 778 2125 Quid
822 2057 1077 2113 videbitis
1135 2055 1192 2109 in
1235 2048 1607 2112 Sunamitide,
1642 2061 1763 2117 qua:
1811 2043 1955 2100 venit
1998 2042 2143 2096 sicut

561 2147 716 2204 chori
747 2155 1056 2202 castrorum
1103 2144 1188 2197 “2
1223 2161 1242 2195 ι
1277 2139 1395 2196 Non
1427 2138 1571 2195 enim
1601 2152 1669 2192 ex
1698 2149 1807 2189 una
1840 2141 2018 2205 gente,
2046 2128 2141 2186 sed

559 2252 631 2292 ex
657 2234 910 2290 omnibus
939 2238 1221 2296 venerunt,
1261 2228 1469 2285 relictis
1496 2223 1733 2296 propriis
1764 2222 1981 2284 castris,
2010 2235 2143 2275 con-

562 2325 860 2396 tractisque
881 2325 1097 2396 gladiis,
1120 2324 1382 2391 deinceps
1406 2334 1527 2390 qua:
1557 2316 1708 2387 pacis
1758 2323 1885 2371 sunt
1926 2313 2141 2384 sapien-

559 2429 666 2476 tes.
711 2417 958 2474 Ecclesia
989 2430 1117 2471 vero
1146 2431 1212 2471 ex
1241 2412 1517 2485 gentibus,
1560 2409 1753 2465 videns
1797 2407 2096 2463 Jerusalem
2123 2445 2140 2471 ,

561 2507 720 2578 quasi
752 2522 811 2562 se
843 2511 1184 2575 arguentem,
1215 2517 1338 2559 sese
1366 2498 1627 2563 defendit,
1657 2498 1845 2552 dicens
1888 2511 1996 2550 non
2026 2495 2143 2548 ina-

564 2614 690 2653 nem
721 2598 891 2655 fuisse
916 2596 1255 2651 vocationem
1281 2608 1440 2651 suam
1467 2609 1481 2647 :
1520 2608 1539 2642 ι
1582 2588 1747 2661 Nigra
1781 2604 1903 2643 sum
1952 2594 2006 2640 et
2035 2586 2145 2640 for-

566 2704 740 2754 mosa,
776 2688 899 2743 ﬁliae
952 2685 1293 2749 Jerusalem,
1356 2685 1498 2739 sicut
1544 2679 1893 2736 tabernacula
1946 2677 2141 2741 Ccdar,

566 2782 711 2835 sicut
737 2780 905 2850 pelles
937 2776 1269 2833 Salomonis.
1304 2773 1491 2840 Nolite~
1509 2790 1595 2830 me
1613 2771 2143 2841 considerare,quod

565 2871 720 2929 fusca
769 2872 895 2935 sim,
920 2870 1049 2941 quia
1101 2868 1348 2924 obtuitus
1379 2874 1464 2923 est
1497 2882 1583 2921 me
1634 2864 1737 2920 sol.
1788 2861 1907 2917 Filii
1956 2862 2144 2919 matris

564 2979 699 3019 mea:
726 2970 1101 3034 pugnaverunt
1145 2966 1339 3016 contra
1387 2973 1475 3014 me
1525 2975 1539 3012 :
1592 2962 1892 3027 posuerunt
1933 2969 2017 3009 me
2055 2968 2145 3008 cu-

566 3056 776 3111 stodem
809 3055 862 3108 in
895 3053 1087 3108 vineis.
1128 3051 1354 3108 Vineam
1382 3064 1557 3106 meam
1581 3064 1691 3103 non
1719 3047 1987 3102 custodiri
2019 3045 2084 3102 δ’.
2117 3064 2136 3096 ι

564 3144 731 3220 Nigra
761 3164 905 3213 sum,
932 3148 1027 3204 sed
1055 3147 1160 3202 sub
1204 3145 1325 3216 ipso
1351 3143 1466 3199 sole
1492 3157 1635 3199 sum.
1664 3140 1816 3196 Licet
1839 3140 1984 3196 enim
2016 3154 2140 3195 cum

2238 1935 2419 2027 δρῶσα
2443 1956 2539 2027 τὴν
2574 1950 2955 2027 Ἰερουσαλὴμ,
2989 1949 3177 2019 ὥσπερ
3209 1941 3583 2017 μεμφομένην,
3607 1935 3805 1993 ἀπολο-

2240 2052 2415 2119 γεῖται
2436 2048 2564 2119 περὶ
2584 2046 2800 2116 ἑαυτῆς·
2824 2045 2904 2098 ὃτι
2929 2041 3002 2114 μὴ
3021 2039 3164 2113 ἀργὴ
3183 2037 3351 2107 αὐτῆς
3367 2037 3510 2088 ἐστιν
3533 2033 3567 2102 ἡ
3586 2030 3773 2095 κλῆσις
3787 2045 3803 2058 ·

2247 2161 2265 2194 ι
2290 2141 2533 2196 Μέλαινα
2560 2141 2674 2211 εἰμι
2702 2138 2797 2192 καὶ
2820 2134 2980 2207 καλὴ,
3001 2130 3297 2202 θυγατέρες
3335 2123 3712 2198 Ἰερουσαλὴμ,
3732 2121 3807 2183 ὡς

2243 2233 2575 2306 σκηνώματα
2597 2230 2805 2303 Κηδὰρ,
2831 2228 2906 2292 ὡς
2930 2227 3141 2299 δέρρεις
3156 2218 3433 2292 Σαλομῶν.
3460 2218 3555 2289 Μὴ
3580 2213 3808 2286 βλέψητέ

2245 2344 2343 2398 με,
2373 2327 2454 2380 ὅτι
2481 2322 2592 2393 ἐγὼ
2634 2320 3062 2396 μεμελανωμένη
3097 2317 3213 2388 εἰμὶ
3236 2355 3250 2380 ,
3292 2315 3374 2367 ὅτι
3407 2307 3711 2380 παρέϐλεψέ
3739 2322 3808 2377 με

2241 2419 2269 2471 6
2299 2417 2467 2488 ἥλιος.
2496 2415 2613 2470 Υἱοὶ
2639 2413 2841 2487 μητρός
2869 2429 2968 2483 μου
3003 2409 3337 2482 ἐμαχέσαντο
3360 2406 3418 2459 ἐν
3449 2400 3571 2474 ἐμοί
3589 2417 3603 2430 ·
3631 2399 3810 2453 ἓθεντό

2246 2527 2312 2578 με
2336 2508 2670 2578 φυλάκισσαν
2700 2508 2758 2559 ἐν
2779 2502 3116 2574 ἀμπελῶσιν.
3186 2497 3507 2572 Ἀμπελῶνα
3548 2494 3678 2565 ἐμὸν
3711 2491 3811 2543 οὐκ

2243 2596 2503 2666 ἐφύλαξα.
2525 2615 2545 2648 ο
2598 2594 2841 2649 Μέλαινα
2869 2594 3013 2665 ειμι·
3069 2591 3186 2646 ἀλλ’
3221 2591 3312 2645 ὑπ’
3339 2586 3498 2642 αὑτὸν
3527 2585 3618 2638 τὸν
3661 2580 3810 2653 ἥλιόν

2243 2692 2377 2760 εἰμι.
2401 2689 2464 2742 El
2489 2685 2597 2758 γὰρ
2622 2686 2715 2739 καὶ
2742 2685 3074 2757 ἀκροϐυστός
3095 2684 3232 2754 εἰμι,
3262 2681 3445 2752 φησὶν,
3472 2676 3586 2731 ἀλλ’
3610 2675 3813 2727 ἀπετα-

2246 2782 2422 2854 ξάμην
2459 2776 2714 2842 εἰδώλοις,
2740 2778 2832 2831 καὶ
2857 2776 3077 2848 ἐξῆλθον
3105 2776 3168 2827 ἐκ
3192 2772 3286 2828 τοῦ
3318 2772 3466 2825 οῐκου
3491 2768 3593 2838 τῆς
3611 2764 3811 2838 μητρός

2247 2892 2383 2947 μου,
2430 2871 2617 2944 ὥσπερ
2646 2872 2737 2924 καὶ
2768 2865 2813 2923 6'
2843 2869 3118 2942 Ἀϐραάμ·
3156 2867 3369 2937 ἐκείνης
3407 2864 3515 2935 γάρ
3558 2863 3676 2932 εἰμι
3710 2858 3812 2929 τῆς

2245 2968 2497 3030 πίστεως.
2521 2965 2630 3020 Καὶ
2658 2963 2745 3017 διὰ
2763 2962 2917 3016 τοῦτο
2942 2961 3104 3027 ἀξιῶ,
3137 2979 3155 3012 ι
3178 2958 3451 3028 Είσάγαγέ
3478 2973 3542 3028 με
3566 2955 3647 3017 είς
3666 2947 3812 3006 οἷκον

2242 3059 2335 3114 τοῦ
2363 3058 2534 3123 οἴνου,
2578 3057 2773 3123 τάξατε
2815 3057 2901 3108 ἐπ’
2931 3054 3029 3126 ἐμὲ
3053 3053 3272 3124 ἀγάπην
3294 3092 3310 3117 ,
3342 3045 3619 3121 τηρήσατέ
3657 3061 3724 3116 με
3754 3043 3811 3096 ἐν

2249 3151 2459 3223 μύροις,
2484 3145 2802 3202 στοιϐάσατέ
2827 3163 2892 3217 με
2917 3147 2976 3200 ἐν
3002 3145 3193 3217 μήλοις
3211 3161 3225 3174 ⁸
3247 3144 3328 3197 ὅτι
3350 3138 3664 3213 τετρωμένη
3687 3134 3811 3203 ἀγά-

567 3241 828 3309 praaputio
857 3240 981 3303 sim,
1012 3245 1067 3293 at
1102 3236 1263 3294 idolis
1301 3234 1630 3301 renuntiavi,
1661 3240 1715 3289 et
1747 3246 1969 3304 egressa
2017 3246 2137 3287 sum

2242 3259 2349 3311 πης
2370 3239 2497 3309 ἐγώ.
2520 3258 2539 3292 ι
2572 3240 2664 3309 Μὴ
2684 3240 2750 3309 τῇ
2774 3236 3108 3310 ἀκροϐυστίᾳ
3128 3234 3448 3308 προσέχητε,
3473 3231 3587 3286 ἀλλ’
3605 3232 3663 3282 ἐν
3685 3225 3811 3298 ἀγά-

565 3347 599 3386 e
634 3329 796 3385 domo
823 3330 1017 3386 matris
1042 3343 1196 3391 mete,
1248 3329 1391 3384 sicut
1436 3335 1493 3381 et
1541 3324 1814 3380 Abraham
1848 3342 1860 3377 :
1896 3321 2139 3391 ejusdem

566 3426 712 3480 enim
747 3439 868 3480 sum
902 3422 1046 3479 ﬁdei.
1093 3419 1457 3489 Quamobrem
1511 3432 1666 3489 rogo.
1698 3435 1719 3468 ι
1761 3415 2016 3471 Introduc
2058 3396 2144 3468 me

567 3515 626 3570 in
656 3517 849 3571 cellam
887 3514 1150 3570 vinariam
1179 3550 1195 3576 ,
1246 3510 1497 3566 ordinate
1557 3509 1613 3563 in
1652 3505 1751 3563 ~me
1797 3506 2140 3565 charitatem,

568 3614 782 3662 servate
809 3621 895 3661 me
928 3604 1222 3676 unguentis
1242 3643 1259 3669 ,
1293 3602 1492 3673 stipate
1525 3615 1612 3657 me
1642 3600 1819 3664 malis,
1852 3599 1980 3669 quia
2010 3597 2147 3654 dile-

567 3698 750 3753 ctione
776 3697 1060 3752 vulnerata
1094 3709 1217 3750 sum
1245 3693 1312 3750 “.
1352 3713 1372 3746 ι
1401 3690 1580 3747 Nolite
1617 3689 1940 3761 praeputium
1968 3696 2145 3743 atten~

568 3792 720 3855 dere,
744 3790 840 3847 sed
874 3791 927 3844 in
960 3790 1229 3845 cliaritate
1263 3786 1482 3856 suscipe
1517 3798 1624 3851 me,
1653 3799 1687 3839 o
1714 3784 1797 3838 lex
1823 3791 1872 3838 et
1907 3780 2143 3853 prophe-

568 3890 657 3939 tae.
690 3881 915 3936 Etiamsi
944 3880 1155 3936 feritate
1180 3875 1367 3948 putida
1405 3874 1532 3939 sim,
1557 3872 1656 3929 sed
1691 3881 1746 3927 tu
1782 3886 1870 3927 me
1895 3871 2141 3937 institue,

570 3984 627 4032 et
654 3974 807 4030 suavi
838 3981 932 4027 tuo
964 3973 1131 4027 odore
1159 3967 1461 4033 conﬁrma;
1490 3981 1617 4020 nam
1645 3963 1935 4019 dilectione
1958 3963 2146 4019 vulne-

572 4072 694 4120 rata
730 4080 871 4120 sum.
919 4062 1066 4127 ldeo,
1099 4079 1118 4113 ι
1160 4059 1369 4131 Adiuro
1398 4073 1520 4121 vos,
1571 4056 1693 4111 ﬁlia:
1719 4054 2055 4118 Jerusalem,
2088 4054 2145 4108 in

571 4157 868 4214 virtutibus
897 4162 951 4210 et
991 4152 1404 4209 fortitudinibus
1455 4150 1606 4221 agri,
1654 4164 1723 4204 ne
1771 4147 2036 4218 evigiletis
2091 4155 2145 4200 et

573 4247 826 4302 excitetis
848 4244 1219 4308 dilectionem,
1258 4242 1433 4296 donec
1476 4240 1596 4309 ipsa
1623 4236 1754 4293 velit
1783 4236 1848 4288 “.
1894 4255 1912 4287 ›
1938 4234 2146 4305 Adiuro

572 4351 692 4401 vos,
716 4350 749 4390 ο
772 4334 984 4399 Patres,
1016 4349 1124 4388 non
1152 4348 1247 4403 per
1272 4330 1566 4401 potentias,
1591 4328 1645 4383 id
1677 4326 1823 4383 enim
1847 4342 1957 4380 non
1988 4327 2143 4392 licet;

576 4427 671 4484 sed
693 4428 747 4482 in
773 4426 1069 4482 virtutibus
1097 4423 1360 4495 paradisi,
1384 4432 1445 4477 ut
1488 4421 1545 4476 in
1576 4421 1726 4475 illum
1753 4418 2112 4490 respicient.:s
2130 4459 2142 4480 ,

2244 3346 2321 3403 πῃ
2356 3327 2658 3401 προσλάϐου
2695 3344 2761 3399 με
2780 3368 2794 3392 ,
2826 3322 2870 3381 ὦ
2891 3327 3020 3399 νόμε
3052 3327 3146 3381 καὶ
3174 3326 3467 3398 προφῆται.
3490 3321 3601 3375 Καὶ
3625 3320 3674 3372 εἰ
3695 3319 3814 3371 δυσο

2203 3472 2206 3476 .
2241 3422 2383 3492 ὡόης
2421 3420 2536 3493 είμὶ
2578 3424 2643 3492 τῇ
2708 3420 3025 3492 ἀγριότητι,
3069 3418 3205 3473 ἀλλὰ
3233 3416 3296 3471 σύ
3329 3433 3394 3487 με
3426 3413 3644 3469 παίδευε
3665 3451 3682 3475 ,
3722 3409 3812 3462 καὶ

2243 3513 2440 3584 εὐωδίᾳ
2470 3528 2564 3566 σου
2605 3511 2854 3583 στήριξον
2875 3528 2889 3543 ’
2919 3511 3195 3584 τέτρωμαι
3228 3507 3336 3580 γὰρ
3359 3508 3424 3577 τῇ
3458 3503 3673 3575 ἀγάπῃ.
3707 3500 3813 3554 Καὶ

2243 3604 2332 3658 διὰ
2353 3603 2529 3667 τοῦτο,
2557 3622 2574 3653 ι
2601 3603 2835 3675 Ὠρκισα
2860 3602 3025 3673 ὑμᾶς,
3049 3593 3734 3671 θυγατέρεςΊερουσαλὴμ,
3758 3595 3811 3645 ἐν

2243 3699 2362 3760 ταῖς
2402 3695 2662 3766 δυνάμεσι
2693 3695 2785 3748 καὶ
2816 3697 2936 3758 ταῖς
2972 3694 3149 3764 ίσχύσι
3177 3693 3269 3746 τοῦ
3300 3689 3469 3762 ἀγροῦ
3489 3729 3504 3753 ,
3539 3687 3637 3741 ἐὰν
3670 3684 3812 3754 ἐγεί-

2245 3806 2406 3861 ρητε,
2436 3789 2531 3842 καὶ
2561 3787 2869 3859 ἐξεγείρητε
2894 3786 2993 3859 τὴν
3017 3786 3234 3856 ἀγάπην
3258 3824 3273 3849 ,
3316 3782 3421 3844 ἕως
3446 3772 3508 3833 οὗ
3539 3777 3768 3848 θελήσῃ.
3789 3792 3806 3824 ι

2256 3881 2486 3953 Ὁρκίζω
2506 3881 2668 3953 ὑμᾶς,
2689 3873 2736 3933 ὦ
2753 3879 3005 3951 πατέρες,
3032 3878 3094 3931 οὑ
3115 3877 3255 3932 κατὰ
3267 3876 3375 3930 τῶν
3391 3873 3694 3943 δυνάμεων,
3715 3870 3812 3922 οὐκ

2244 3971 2420 4039 ἔξεστι
2447 3972 2574 4043 γὰρ,
2605 3972 2719 4025 ἀλλ’
2751 3973 2810 4025 ἐν
2833 3971 3093 4042 δυνάμεσι
3117 3967 3212 4024 τοῦ
3243 3967 3594 4040 παραδείσου,
3625 3963 3713 4027 ἵν’,
3738 3963 3812 4023 εἰς

2245 4066 2449 4117 ἐκεῖνον
2483 4062 2789 4133 βλέποντες,
2824 4064 2899 4128 ὡς
2924 4064 3015 4118 τὸν
3058 4061 3250 4133 Ἀδάμ,
3278 4058 3450 4123 οὕτως
3486 4072 3553 4128 με
3582 4053 3811 4126 προσδέ-

2245 4151 2430 4223 ξησθε.
2471 4153 2582 4206 Καὶ
2612 4152 2719 4225 γὰρ
2757 4154 2916 4207 κάκεῖ
2947 4153 3046 4207 οὐκ
3071 4147 3140 4225 ἦν
3171 4148 3439 4220 περιτομή
3460 4163 3475 4178 ο
3505 4145 3632 4216 ἄρτι
3660 4142 3721 4196 δὲ
3749 4140 3813 4194 τά

2244 4242 2336 4296 τοῦ
2376 4242 2544 4315 ’Δδὰμ
2572 4243 2993 4310 άνακαινίζεται.
3039 4244 3098 4296 '0
3141 4242 3310 4311 Λόγος
3336 4234 3477 4311 ὁρῶν
3503 4237 3602 4308 τὴν
3632 4234 3813 4287 πίστιν

2244 4333 2352 4388 τῶν
2380 4334 2549 4389 ἐθνῶν
2569 4377 2582 4399 ,
2616 4337 2709 4390 καὶ
2737 4337 3128 4409 ἀποδεχόμενος
3154 4334 3333 4403 λέγει·
3362 4351 3382 4384 ‹
3404 4328 3581 4400 Καλὴ,
3613 4329 3648 4397 ἡ
3677 4327 3813 4394 πλη-

2249 4428 2360 4480 σίον
2395 4445 2518 4499 μου,
2547 4429 2622 4493 ὡς
2646 4430 2885 4494 εὐδοκία,
2935 4428 3113 4501 ὡραία
3148 4427 3224 4490 ὡς
3263 4421 3643 4496 Ἰερουσαλὴμ,
3674 4418 3813 4487 θάμ-

576 4520 720 4576 sicut
743 4517 1122 4579 Adamum,ita
1141 4525 1195 4572 et
1219 4530 1304 4571 me
1333 4513 1666 4585 suscipiatis.
1686 4510 1819 4566 Nam
1849 4521 1903 4566 et
1933 4510 2008 4564 ibi
2036 4524 2142 4564 non

2248 4518 2338 4582 6ος
2383 4519 2458 4583 ὡς
2487 4520 2830 4591 τεταγμέναι.
2862 4541 2880 4573 ι
2919 4521 2993 4574 Οὐ
3023 4519 3132 4590 γὰρ
3162 4517 3369 4580 ἄλλως,
3400 4514 3433 4585 ἢ
3467 4513 3540 4576 ὡς
3571 4512 3671 4581 τὴν
3717 4511 3809 4561 ἰε’
3863 4564 3867 4574 .

574 4619 699 4668 erat
746 4610 1113 4667 circumcisio.
1169 4606 1327 4663 Nunc
1357 4607 1486 4663 Adae
1536 4605 1778 4662 conditio
1825 4608 2138 4657 renovatur.

2250 4612 2528 4685 ρουσαλὴμ
2553 4583 2636 4667 δεί
2655 4583 2794 4667 εἶναι
2816 4614 2942 4677 τοὺς
2967 4583 3075 4665 ἀπὸ
3095 4583 3203 4665 τῶν
3234 4583 3434 4674 ἐθνῶν,
3465 4607 3551 4659 ἵνα
3576 4598 3658 4666 εἷς
3686 4600 3811 4662 λαὸς

574 4702 814 4759 Verbum
841 4717 992 4767 vero,
1023 4701 1263 4773 gentium
1312 4699 1418 4755 ﬁde
1448 4706 1744 4769 conspecta
1781 4704 1836 4751 et
1879 4695 2138 4764 probata,

574 4796 729 4861 dicit,
761 4816 781 4849 ι
822 4795 1056 4850 Pulchra
1084 4810 1166 4861 es,
1188 4794 1360 4848 amica
1382 4808 1523 4858 mea,
1551 4791 1693 4846 sicut
1722 4787 2142 4857 beneplacitum,

575 4896 631 4943 et
662 4887 901 4943 formosa
932 4886 1077 4942 sicut
1104 4885 1429 4950 Jerusalem,
1464 4880 1728 4937 terribilis
1769 4878 1913 4933 sicut
1936 4885 2144 4930 castro-

483 5009 494 5019 ο
575 4995 697 5035 rum
734 4979 880 5034 acies
914 4977 1163 5032 ordinata
1194 4977 1260 5030 ⁸⁸.
1307 4996 1326 5028 υ
1370 4974 1599 5046 Oportet
1634 4971 1777 5027 enim
1808 4984 1924 5031 eos,
1956 4967 2050 5036 qui
2074 4981 2141 5021 ex

573 5070 828 5141 gentibus
854 5075 1004 5129 sunt,
1034 5083 1142 5124 non
1169 5082 1292 5123 esse
1311 5065 1608 5122 dissimiles
1635 5059 2054 5130 Hierosolyma,
2086 5065 2145 5111 ut

577 5161 670 5216 ﬁat
702 5178 844 5217 unus
883 5163 1133 5231 populus.
1170 5158 1282 5214 Hoc
1312 5166 1494 5213 autem
1542 5154 1621 5218 ﬁt,
1654 5151 1875 5223 quando
1898 5149 2061 5205 simul
2091 5158 2146 5204 ut

577 5254 747 5324 legem
780 5254 1149 5317 honoramus,
1201 5261 1254 5307 et
1288 5251 1345 5304 in
1372 5248 1652 5302 Christum
1690 5243 1990 5299 credimus.
2049 5240 2146 5295 Est

577 5346 723 5399 enim
746 5361 889 5401 unus
921 5344 1081 5407 Deus,
1113 5352 1169 5399 et
1202 5342 1337 5411 legis
1373 5347 1429 5397 et
1458 5335 1891 5407 Evangeliorum.
1953 5333 2018 5386 Et
2048 5335 2143 5402 qui

576 5430 877 5488 Jerusalem
905 5434 1242 5490 assimilatas
1269 5446 1376 5486 non
1402 5428 1586 5490 fuerit,
1609 5441 1719 5481 non
1750 5423 1981 5481 ellicitur
2002 5421 2142 5477 Ver-

577 5524 633 5579 bi
664 5526 891 5580 amicus.
949 5525 1250 5582 Jerusalem
1308 5522 1466 5578 ﬁdem
1524 5520 1759 5575 ﬁliorum
1816 5516 2041 5578 videns,
2089 5521 2145 5568 et

582 5612 743 5672 Verbi
773 5618 1183 5679 humanitatem.
1213 5616 1386 5671 dicit:
1447 5632 1465 5665 ι
1505 5611 1769 5668 Desceudi
1814 5608 1873 5662 in
1923 5608 2142 5662 hortum

663 5730 708 5763 ”
743 5730 902 5789 Cant.
940 5750 987 5797 ι,
1028 5733 1082 5787 6.
1187 5730 1231 5764 “
1271 5732 1405 5787 ibid.
1476 5731 1525 5785 7.

1625 5730 1668 5761 “
1710 5727 1868 5783 Cant.
1914 5742 2020 5794 vn,
2060 5727 2111 5781 l.

576 5798 627 5835 “
663 5800 824 5861 Cant.
862 5811 912 5858 vi
934 5845 949 5869 ,
984 5806 1037 5860 5.

2218 5728 2264 5761 “
2302 5732 2458 5790 Cant.
2502 5752 2550 5801 ι,
2616 5735 2668 5800 ι,
2704 5736 2756 5789 εἰ.

2247 4703 2491 4772 γένηται.
2546 4704 2716 4758 Τοῦτο
2741 4705 2798 4758 δὲ
2827 4704 3032 4773 γίνεται
3056 4742 3073 4768 ,
3100 4702 3228 4756 ὅταν
3258 4698 3393 4772 μετὰ
3419 4697 3512 4751 τοῦ
3536 4695 3702 4765 τιμᾷν
3726 4692 3812 4745 τὸν

2248 4795 2407 4866 νόμον
2441 4797 2783 4868 πιστεύωμεν
2810 4797 2899 4849 τὸν
2930 4795 3185 4866 Χριστόν.
3242 4789 3337 4856 Εἷς
3366 4790 3475 4863 γὰρ
3501 4791 3530 4843 6
3558 4787 3691 4849 Θεὸς
3720 4783 3810 4838 τοῦ

2246 4888 2408 4960 νόμου
2431 4892 2522 4944 καὶ
2546 4891 2654 4943 τῶν
2678 4890 3040 4959 Εὐαγγελίων.
3076 4890 3185 4943 Καὶ
3208 4890 3236 4942 6
3265 4887 3337 4959 μὴ
3356 4887 3432 4951 ὡς
3464 4880 3812 4953 Ἰερουσαλὴμ

2246 4980 2534 5049 γενόμενος
2562 4982 2622 5034 οὐ
2650 4983 2856 5050 γίνεται
2887 4981 3112 5052 πλησίον
3136 4979 3228 5035 τοῦ
3261 4979 3454 5047 Λόγου.
3521 4976 3587 5028 Ἦ
3618 4974 3812 5043 Ἰερου-

2250 5068 2457 5138 σαλὴμ.
2486 5069 2666 5140 ὁρῶσα
2699 5071 2805 5124 τῶν
2844 5070 3049 5124 τέκνων
3088 5070 3186 5141 τὴν
3218 5068 3425 5133 πίστιν,
3471 5066 3563 5119 καὶ
3592 5062 3690 5134 τὴν
3721 5057 3810 5114 τοῦ

2245 5157 2416 5226 Λόγου
2432 5159 2861 5231 φιλανθρωπίαν,
2889 5161 3067 5230 λέγει·
3102 5180 3120 5212 ι
3145 5161 3237 5223 El;
3254 5159 3427 5228 κῆπον
3457 5154 3664 5225 καρύας
3685 5168 3810 5206 κατ-

2244 5247 2376 5320 έϐην
2415 5251 2542 5303 ίδείν
2594 5253 2652 5304 ἐν
2681 5253 2842 5323 γεννή
2852 5270 2979 5323 ματι
3006 5252 3101 5307 τοῦ
3125 5251 3424 5323 χειμάρρου
3449 5287 3463 5311 ,
3493 5249 3542 5300 εἰ
3569 5244 3808 5315 ἤνθησαν

2245 5341 2301 5393 αί
2343 5341 2516 5413 ῥοιαί·
2572 5345 2689 5396 ἐκεῖ
2714 5343 2871 5398 δώσω
2901 5346 3027 5408 τοὺς
3053 5342 3282 5415 μαστούς
3312 5357 3432 5413 μου.
3467 5340 3580 5392 Οὐκ
3608 5336 3805 5405 ἔγνωὴ

2248 5428 2392 5503 ψυχή
2429 5449 2563 5502 μου,
2606 5434 2759 5489 ἔθετό
2790 5453 2858 5508 με
2893 5436 3112 5508 ἅρματα
3162 5431 3472 5505 Ἀμιναδάϐ.
3499 5450 3518 5481 ι
3586 5429 3679 5490 El;
3704 5426 3809 5495 γὰρ

2247 5521 2338 5575 τὸν
2365 5524 2539 5594 κῆπον
2582 5527 2680 5598 τῆς
2712 5528 2938 5600 καρύας,
2979 5525 3123 5579 τοῦτ’
3153 5525 3296 5578 ἐστιν
3325 5526 3405 5585 είς
3451 5520 3551 5583 τὰς
3569 5517 3807 5591 Γραφὰς.

2246 5612 2531 5688 ἐγενόμην,
2561 5618 2761 5683 αἵτινες
2787 5619 2862 5682 ὡς
2885 5616 3087 5689 καρύαι
3117 5616 3273 5677 είσὶν,
3303 5612 3498 5679 ἔξωθεν
3532 5610 3629 5681 μὲν
3660 5607 3810 5673 σκλη⁴

2863 5734 2906 5767 ⁸³
2944 5732 3103 5788 Cant.
3142 5748 3178 5788 ιι
3204 5774 3218 5797 ,
3256 5731 3307 5795 ι,
3346 5730 3399 5784 5.
3501 5728 3546 5760 “
3585 5723 3719 5781 ibid.
3757 5719 3804 5773 Ἰ.
