3958 6514
175 395 282 451 357

1236 387 1566 443 SYNOPSIS
1599 385 2016 444 SCRIPTURAE
2060 389 2328 447 SACRA'I.

3320 394 3424 452 538

172 511 284 583 ραὶ,
323 508 516 562 ἔσωθεν
539 507 597 560 δὲ
633 504 1014 578 πνευματικαί.
1043 499 1217 570 Εἶδον,
1248 506 1328 559 ὅτι
1355 505 1644 576 ζευχθῆναί
1673 523 1715 576 μί

1846 523 2066 576 nucum,
2095 518 2153 564 ut
2177 508 2416 565 viderem
2446 507 2690 580 germina
2721 508 2989 565 torrentis
3016 529 3027 564 :
3065 526 3194 564 num
3223 510 3423 568 ﬂorue-

167 602 250 654 δεῖ
282 600 357 662 ὡς
398 599 456 651 ἐν
489 598 698 668 ἅρματι
733 600 798 668 τῇ
842 596 901 662 ἐξ
937 595 1106 650 ἐθνῶν
1150 596 1358 668 κλήσει.
1406 596 1742 667 Ζευχθέντων

166 694 342 746 τοίνυν
373 692 704 764 ἀμφοτέρων
732 691 840 744 τῶν
860 691 1024 758 λαῶν,
1049 692 1232 745 λοιπὸν
1259 692 1532 762 πανταχοῦ
1559 693 1618 745 τὸ
1644 694 1743 765 κή-

169 801 348 854 ρυγμα
365 782 665 854 ἀπεστάλη,
684 783 778 836 καὶ
796 781 983 835 τούτου
1005 783 1238 851 γίνονται
1256 783 1491 836 διάκονοι
1510 785 1558 836 οἱ
1580 783 1742 853 ἅγγε-

164 876 262 938 λοι,
288 877 534 944 λέγοντες
554 892 567 905 ’
611 895 631 926 ι
667 875 940 940 Ἐξέλθετε
973 877 1066 929 καὶ
1104 874 1238 930 ἴδετε
1269 877 1327 928 ἐν
1356 875 1432 945 τῷ
1483 875 1739 947 Σαλομὼν

163 968 218 1019 ἐν
245 965 322 1037 τῷ
349 965 618 1037 στεφάνῳ,
641 959 684 1035 ᾧ
713 965 1086 1036 ἐστεφάνωσεν
1116 967 1276 1021 αὐτὸν
1300 968 1332 1038 ἠ
1362 969 1541 1038 μήτηρ
1573 967 1736 1021 αὑτοῦ

162 1060 218 1109 ἐν
245 1056 426 1128 ἡμέρᾳ
459 1056 818 1128 νυμφεύσεως
850 1056 1012 1109 αὑτοῦ
1033 1097 1047 1119 ,
1103 1057 1197 1110 καὶ
1227 1058 1284 1109 ἐν
1314 1057 1494 1128 ἡμέρᾳ
1536 1057 1734 1128 εὐφρο-

164 1149 321 1218 σύνης
359 1147 585 1220 καρδίας
617 1147 804 1202 αὑτοῦ.
829 1168 848 1200 ι
899 1149 958 1202 ὐ
985 1148 1094 1220 γὰρ
1122 1146 1475 1220 ἐξερχόμενος
1504 1148 1612 1202 ἀπὸ
1637 1148 1736 1218 τῆς

161 1241 350 1304 κακίας
376 1241 564 1311 δψεται
594 1243 688 1296 καὶ
702 1242 799 1314 τὴν
826 1240 917 1295 τοῦ
936 1241 1109 1311 Λόγου
1137 1242 1272 1314 πρὸς
1295 1242 1356 1294 τὸ
1383 1241 1542 1312 σῶμα
1571 1241 1734 1314 ἄτρε-

161 1347 287 1384 πτον
315 1330 527 1385 ἕνωσιν.
587 1334 716 1385 Ὅτε
750 1332 858 1403 γὰρ
889 1333 1080 1402 γέγονε
1103 1332 1404 1403 νύμφευσις
1435 1332 1528 1386 τοῦ
1563 1333 1730 1402 Λόγου

161 1426 292 1496 πρὸς
331 1426 478 1495 ἡμᾶς
505 1424 594 1479 διὰ
631 1424 731 1495 τῆς
758 1423 853 1478 τοῦ
899 1423 1148 1496 σώματος
1178 1423 1421 1486 ἐνώσεως
1444 1465 1458 1489 ,
1484 1424 1605 1477 τότε
1639 1424 1732 1476 καὶ

158 1519 250 1587 τὴν
275 1517 413 1570 κατὰ
435 1516 528 1569 τοῦ
555 1517 785 1571 Θανάτου
807 1518 963 1586 νίκην
983 1516 1268 1588 πεποίηκε,
1293 1517 1359 1570 δι’
1376 1517 1442 1586 ἢν
1468 1515 1732 1588 εὐφροσύ-

159 1627 247 1679 νης
280 1610 455 1662 πάντα
491 1607 842 1680 πεπλήρωκε.
884 1607 1120 1662 Τοιαῦτα
1154 1610 1210 1662 ἐν
1242 1607 1321 1679 τῷ
1356 1608 1595 1679 Ι’ᾼσματι
1621 1607 1729 1666 τῶν

159 1699 405 1770 ᾀσμάτων
434 1699 502 1753 τὰ
534 1699 644 1754 τῶν
670 1699 931 1769 διαλόγων
961 1700 1108 1754 ἐστίν
1127 1717 1139 1730 ·
1172 1698 1232 1765 ἐξ
1262 1692 1337 1752 ὧν
1364 1699 1616 1772 ἀφορμήν
1643 1717 1729 1762 τις

158 1789 322 1842 λαϐὼν
343 1830 356 1853 ,
382 1789 607 1846 δύναται
641 1791 737 1846 ἀπ’
768 1792 934 1846 αὑτοῦ
967 1791 1060 1846 τοῦ
1093 1791 1297 1864 βιϐλίου
1326 1792 1394 1847 τὰ
1425 1793 1583 1864 ὅμοια
1613 1795 1727 1857 τοῖς

158 1884 344 1951 ὁμοίοις
372 1884 667 1938 συνάπτειν
694 1884 836 1940 κατὰ
868 1884 958 1940 τόν
991 1885 1135 1940 νοῦν.

1806 629 1813 632 -
1845 599 1954 655 rint
1976 601 2117 654 mala
2151 601 2348 672 punica
2378 619 2392 656 :
2434 601 2508 654 ibi
2535 599 2676 654 dabo
2708 599 2875 654 ubera
2905 615 3046 654 mea.
3072 599 3190 656 Non
3224 617 3424 672 cogno-

1842 695 1919 748 vit
1943 695 2121 747 anima
2152 709 2307 760 mea,
2364 693 2546 764 posuit
2590 707 2676 748 me
2709 707 2905 746 currus
2953 691 3256 748 Aminadab
3281 694 3348 751 “.
3396 714 3417 747 ι

1842 785 1898 839 In
1925 785 2140 839 hortum
2169 786 2314 840 enim
2345 800 2570 850 nucum,
2596 783 2700 838 hoc
2721 792 2824 848 est,
2853 785 2906 838 in
2942 781 3255 856 Scripturas
3274 788 3418 853 veni,

1804 909 1806 912 ν
1839 892 1960 947 quae
1981 877 2155 931 instar
2185 891 2388 932 nucum
2421 883 2572 939 sunt,
2603 875 2735 931 loris
2764 876 2934 940 durae,
2969 877 3120 933 intus
3150 878 3419 948 spiritua-

1838 970 1937 1026 les.
1985 969 2124 1036 Vidi,
2156 970 2303 1040 quod
2337 968 2616 1039 jungenda
2645 984 2792 1035 sum,
2823 969 2970 1023 velut
2998 969 3053 1023 in
3083 986 3419 1040 curru,gen«-

1838 1059 1972 1113 tium
2004 1059 2300 1113 vocationi.
2331 1057 2653 1129 Conjunctis
2688 1059 2854 1129 igitur
2901 1059 3148 1130 utrisque
3176 1061 3413 1131 populis,

1837 1147 1892 1203 in
1922 1149 2107 1204 orbem
2150 1156 2420 1205 terrarum
2449 1151 2650 1207 emissa
2681 1157 2766 1206 est
2795 1150 3130 1220 praedicatio,
3164 1160 3219 1205 et
3247 1151 3415 1221 hujus

1834 1237 2073 1294 ministri
2100 1247 2229 1295 sunt
2259 1240 2462 1310 angeli,
2493 1239 2740 1296 dicentes
2767 1258 2782 1295 :
2811 1258 2830 1292 ι
2867 1239 3220 1311 Egredimini,
3258 1250 3314 1297 et
3341 1243 3416 1298 vi-

1832 1330 1957 1386 dete
1982 1329 2325 1387 Salomonem
2347 1333 2398 1386 in
2427 1346 2772 1402 corona,qua
2791 1334 3264 1403 coronavitipsum
3292 1350 3412 1390 ma~

1831 1428 1917 1477 ter
1944 1421 2086 1491 ejus,
2117 1421 2171 1476 in
2206 1423 2294 1478 die
2325 1423 2768 1493 desponsationis
2808 1424 2949 1494 ejus,
2975 1432 3028 1480 et
3064 1426 3119 1480 in
3147 1426 3236 1482 die
3268 1427 3409 1482 laeti-

1833 1512 1923 1569 tiae
1959 1514 2143 1570 cordis
2166 1514 2286 1584 ejus
2309 1515 2376 1568 ⁸⁷.
2409 1535 2427 1567 ι
2463 1515 2565 1581 Qui
2598 1531 2834 1586 namque
2873 1531 2904 1571 e
2954 1516 3160 1570 malitia
3192 1519 3408 1587 egredi-

1830 1611 1940 1666 tur.
1973 1605 2367 1662 immutabilem
2403 1604 2566 1660 Verbi
2596 1613 2650 1660 et
2679 1606 2863 1662 carnis
2892 1606 3153 1662 unitatem
3183 1607 3406 1664 videbit.

1830 1695 2061 1764 Quando
2093 1697 2237 1751 enim
2273 1696 2435 1752 Verbi
2464 1697 2756 1752 nobiscum
2781 1737 2796 1762 ,
2847 1713 2944 1769 per
2973 1698 3223 1768 corporis
3250 1699 3410 1753 unio-

1828 1805 1976 1855 nem,
2003 1787 2148 1845 facta
2176 1796 2260 1844 cst
2289 1788 2662 1860 desponsatio,
2689 1797 2822 1845 tunc
2850 1797 2904 1845 et
2934 1788 3000 1844 de
3031 1799 3207 1846 morte
3235 1792 3400 1845 victo-

1752 1879 1796 1934 B
1827 1880 1965 1936 riam
1997 1881 2200 1944 retulit,
2226 1889 2446 1950 propter
2466 1895 2629 1952 quam
2648 1889 2704 1936 et.
2731 1880 2910 1936 omnia
2937 1881 3120 1936 laetitia
3145 1882 3403 1954 adimple-

157 1974 246 2028 vit.
283 1974 604 2045 Hujusmodi
637 1984 766 2032 sunt
789 1977 1008 2049 dialogi,
1027 1977 1083 2033 in
1110 1977 1338 2036 Cantico
1359 1981 1722 2042 canticorum,
1757 1992 1826 2032 ex
1878 1976 2078 2046 quibus
2141 1973 2433 2030 occasione
2487 1982 2706 2044 sumpta
2762 1973 2962 2045 poterit
3006 1975 3128 2045 quis
3174 1975 3228 2030 in
3282 1974 3417 2044 ipsa

159 2066 311 2123 libelli
335 2069 592 2134 lectione,
610 2071 810 2126 similia
833 2071 1107 2127 similibus
1131 2072 1390 2144 adaptare
1415 2073 1720 2131 secundum
1752 2069 2104 2127 sententiam.

671 2185 913 2238 Βιϐλίων
941 2184 1037 2248 ιζ’,
1089 2185 1224 2240 Ἱώϐ.

215 2295 301 2351 25.
360 2295 482 2350 Ἰὼϐ
538 2297 945 2368 ἐπιγέγραπται
994 2299 1055 2351 τὸ
1103 2295 1340 2369 βιϐλίον,
1391 2299 1576 2372 ἐπειδὴ
1625 2301 1724 2373 τὴν

157 2389 263 2443 κατ’
292 2391 451 2443 αὐτὸν
482 2389 725 2460 ἱστορίαν
755 2391 1018 2462 περιέχει,
1055 2391 1173 2456 πῶς
1205 2410 1264 2446 τε
1315 2391 1570 2457 πέπονθε,
1607 2411 1724 2446 πει-

158 2480 361 2550 ρασθείς
381 2479 487 2534 ὑπὸ
505 2478 600 2532 τοῦ
622 2480 870 2534 διαϐόλου
890 2498 904 2511 ο
929 2483 1024 2536 καὶ
1049 2483 1277 2554 νικήσας
1304 2483 1396 2536 καὶ
1425 2483 1724 2554 ὑπομείνας

157 2572 374 2636 εὐσεϐῶς
429 2572 528 2636 τὰς
601 2572 986 2643 ἐπενεχθείσας
1057 2573 1208 2645 αὖτῷ
1264 2574 1510 2645 πληγὰς,
1557 2574 1722 2628 διπλᾶ

155 2661 304 2714 πάλιν
333 2663 508 2716 πάντα
538 2661 800 2726 ἀπέλαϐε,
835 2663 930 2716 καὶ
957 2663 1177 2732 γέγονεν
1206 2663 1540 2735 ἐνδοξότερος
1574 2663 1714 2736 ὑπὲρ

155 2748 286 2823 δῆν,
315 2755 404 2805 καὶ
437 2753 563 2823 ἔσχε
605 2753 766 2806 πάλιν
805 2753 969 2806 τέκνα
1011 2755 1160 2808 δέκα.
1206 2755 1445 2808 Πέπονθε
1491 2755 1546 2808 δὲ
1579 2755 1714 2810 ἐτῶν

153 2843 218 2893 ὢν
245 2851 308 2905 o',
341 2845 414 2906 ὡς
445 2839 588 2896 εἶναι
634 2843 810 2898 πάντα
854 2843 924 2897 τὰ
961 2843 1055 2916 ἐτη
1094 2848 1193 2916 τῆς
1230 2842 1372 2914 ζωῆς
1401 2843 1564 2897 αὑτοῦ
1600 2850 1707 2915 σμ’.

155 2937 294 2989 Μετὰ
312 2938 414 3008 γὰρ
439 2938 540 3001 τὰς
567 2937 782 3007 πληγὰς
814 2935 1010 3008 ἔζησεν
1056 2938 1220 3008 ἕτερα
1252 2937 1344 3008 ἔτη
1383 2943 1476 3008 ρο’.
1511 2936 1710 3005 Γέγονε

155 3027 202 3080 δὲ
238 3029 352 3081 ’1ὼὸ
382 3030 487 3099 πρὸ
518 3030 798 3094 Μωῦσέως
821 3047 834 3060 ·
866 3030 975 3084 ἀπὸ
1007 3029 1115 3102 γὰρ
1163 3029 1413 3100 Ἀϐραὰμ
1464 3028 1712 3100 πέμπτος

152 3113 226 3187 ἦν,
276 3119 488 3188 ἔκγονος
541 3119 636 3173 τοῦ
714 3119 905 3175 Ἡσαῦ.
960 3119 1059 3174 Διὰ
1100 3121 1198 3193 τὴν
1241 3120 1538 3192 γενομένην
1588 3120 1708 3174 κατ’

2237 2183 2393 2254 125
2438 2182 2593 2237 Liber
2625 2181 2824 2249 XVII,
2858 2183 2982 2240 Job.

1896 2293 1985 2348 25.
2022 2292 2123 2348 Job
2154 2293 2454 2362 inscriptus
2503 2303 2587 2349 est
2619 2293 2708 2348 hic
2738 2293 2897 2360 liber,
2928 2296 3186 2364 quoniam
3219 2297 3398 2353 histo-

1821 2382 1958 2436 riam
1989 2381 2137 2437 illius
2169 2382 2553 2452 complectitur
2577 2399 2810 2453 :nempe
2831 2384 2960 2453 quid
2989 2401 3278 2455 perpessus
3304 2389 3397 2452 sit,

1823 2481 2066 2528 tentatus
2098 2489 2128 2526 a
2159 2471 2398 2538 diabolo,
2450 2481 2505 2527 et
2549 2474 2824 2543 quomodo
2853 2474 3065 2540 vicerit,
3102 2491 3166 2532 ac
3220 2477 3400 2535 illatas

1820 2561 2008 2632 plagas
2031 2562 2114 2631 pie
2141 2562 2454 2617 toleraverit
2486 2578 2499 2615 :
2528 2577 2722 2618 rursus
2751 2564 2933 2618 omnia
2955 2565 3229 2636 duplicata
3252 2585 3400 2625 rece-

1821 2654 1981 2724 perit,
2024 2654 2422 2722 illustriorque,
2453 2667 2618 2722 quam
2647 2651 2826 2708 fuerat
2864 2661 3044 2720 antea,
3071 2655 3272 2726 factus,
3301 2659 3401 2713 ite-

1819 2757 1939 2797 rum
1970 2743 2156 2799 decem
2205 2743 2407 2800 liberos
2442 2742 2766 2812 susceperit.
2813 2742 3018 2800 Passus
3059 2755 3144 2803 est
3192 2758 3397 2812 autem,

1817 2849 1942 2889 cum
1973 2851 2146 2891 annos
2194 2835 2537 2907 septuaginta
2585 2847 2746 2892 natus
2784 2845 2950 2902 esset,
2991 2837 3067 2892 ita
3121 2848 3178 2894 ut
3209 2857 3399 2898 omnes

1819 2927 1994 2998 ipsius
2025 2927 2154 2982 anni
2194 2927 2396 2983 fuerint
2418 2927 2547 2982 240.
2583 2928 2714 2984 Post
2748 2937 3005 2999 acceptas
3037 2930 3182 2986 enim
3210 2910 3399 3002 plagas

1817 3035 1990 3074 annos
2039 3019 2218 3074 adhuc
2274 3018 2410 3074 vixit
2471 3017 2596 3074 170.
2661 3017 2812 3073 Vixit
2861 3027 3042 3076 autem
3095 3021 3202 3077 Job
3273 3032 3398 3078 ante

1816 3109 2091 3182 Moysem:
2127 3121 2244 3166 erat
2271 3111 2416 3165 enim
2446 3108 2672 3180 quintus
2699 3110 2768 3165 ab
2813 3110 3086 3166 Abraham
3117 3127 3183 3167 ex
3214 3122 3397 3183 poste-

155 3213 300 3266 αὐτοῦ
324 3214 532 3286 πληγὴν
569 3210 731 3286 ἦλθον
768 3216 920 3286 τρεῖς
963 3211 1129 3267 αὑτοῦ
1155 3212 1298 3281 φίλοι
1331 3209 1712 3284 παρακαλέσαι

1818 3202 1894 3256 ris
1925 3199 2090 3258 Esau.
2115 3200 2394 3257 Venerunt
2423 3203 2490 3257 ad
2529 3217 2653 3258 eum
2685 3201 3006 3257 consolandi
3035 3202 3230 3272 gratia,
3267 3218 3397 3272 pro-

150 3301 316 3366 αὑτὸν,
345 3301 572 3372 Ἐλιφὰζ
603 3304 633 3356 6
661 3301 956 3373 Θαιμανῶν
988 3301 1259 3373 βασιλεὺς,
1292 3301 1496 3356 Βαλδάδ
1519 3302 1547 3354 6
1577 3302 1713 3355 Σαυ-

155 3393 305 3461 χαίων
352 3394 635 3466 τύραννος,
688 3392 872 3465 Σοφὰρ
922 3395 951 3446 6
1003 3392 1245 3448 Μιναίων
1297 3392 1570 3465 βασιλεύς.
1604 3395 1713 3448 Καὶ

155 3483 445 3550 φιλονείκως
515 3487 613 3558 μὲν
663 3487 757 3540 καὶ
811 3484 1190 3557 ἀνελεημόνως
1234 3487 1388 3540 αὐτοὶ
1443 3485 1710 3557 ἐλάλησαν

153 3577 304 3647 αὐτῷ,
368 3578 709 3650 ἐναλλόμενοι
743 3579 862 3632 κατ’
898 3577 1091 3632 αὐτοῦ·
1123 3576 1263 3632 ὥστε
1304 3578 1400 3632 καὶ
1437 3578 1710 3650 ἁμαρτίαν

153 3669 316 3735 αὐτοῖς
341 3672 404 3724 ἐκ
427 3671 617 3724 τούτου
650 3670 984 3743 λογισθῆναι.
1018 3673 1074 3726 Ὀ
1100 3671 1159 3724 δὲ
1193 3669 1311 3725 Ἰὼϐ
1339 3669 1710 3743 παρεκάλεσεν

156 3763 274 3835 ὑπὲρ
297 3757 472 3816 αὐτῶν
500 3763 592 3816 τὸν
619 3762 772 3829 Θεὸν,
811 3765 905 3817 καὶ
931 3763 1280 3836 συνεχωρήθη
1311 3765 1513 3828 αὐτοῖς.
1555 3763 1708 3818 Εἰσὶν

153 3851 226 3908 οὖν
249 3858 335 3911 τοῦ
364 3859 463 3927 μὲν
505 3857 624 3911 Ἰὼϐ
670 3857 907 3926 διάλογοι
955 3857 1091 3929 πρὸς
1132 3859 1258 3922 τοὺς
1288 3857 1473 3928 φίλους
1517 3857 1702 3911 ἐννέα·

155 3948 229 4000 τοῦ
257 3949 308 4003 δὲ
335 3948 562 4018 Ἐλιφὰζ
589 3950 726 4021 πρὸς
757 3949 922 4004 αὐτὸν
945 3953 1097 4022 τρεῖς
1114 3991 1129 4016 ,
1151 3948 1245 4004 τοῦ
1277 3950 1335 4004 δὲ
1361 3949 1544 4020 Σοφὰρ
1571 3948 1708 4022 πρὸς

156 4041 288 4093 αὐτὸν
319 4042 429 4106 δύο,
474 4042 570 4096 καὶ
611 4041 706 4095 τοῦ
751 4041 958 4096 Βαλδὰδ
995 4045 1161 4114 τρεῖς.
1203 4043 1356 4096 Ἔστι
1396 4041 1454 4095 δὲ
1489 4041 1581 4095 καὶ
1610 4041 1704 4095 τοῦ

168 4129 342 4196 Ἐλεοῦς
361 4131 458 4186 τοῦ
490 4131 793 4203 Βαραχιὴλ,
819 4131 913 4185 τοῦ
943 4130 1224 4194 Βουζίτου,
1261 4137 1329 4184 α’.
1364 4130 1472 4183 Καὶ
1520 4128 1704 4182 λοιπὸν

155 4224 178 4274 6
219 4224 405 4295 Κύριος
464 4221 795 4294 χρηματίζει
851 4221 930 4294 τῷ
999 4221 1118 4275 Ἰὼϐ
1162 4221 1251 4275 διὰ
1303 4221 1560 4284 λαίλαπος
1610 4222 1704 4276 καὶ

157 4317 318 4382 νεοῶν.
355 4316 734 4386 ’Λποκρίνεται
763 4315 819 4369 δὲ
854 4315 947 4369 καὶ
986 4313 1106 4368 Ἰὼϐ
1135 4314 1212 4386 τῷ
1245 4315 1434 4386 Κυρίῳ
1477 4314 1564 4368 διὰ
1617 4314 1704 4368 λό-

157 4422 242 4472 γων
269 4409 539 4480 δεύτερον.

279 4525 521 4578 Βιϐλίαν
555 4531 652 4592 ιη’,
688 4526 752 4578 Ol
784 4524 860 4587 ιβ’
882 4521 1200 4592 προφῆται.
1245 4520 1444 4590 Ὠσηὲ,
1473 4526 1545 4574 a'.
1730 4555 1775 4610 υ

209 4635 284 4691 26.
318 4639 579 4707 Γεγόνασι
629 4636 728 4708 μὲν
761 4634 856 4689 ml.
885 4634 991 4706 πρὸ
1021 4633 1212 4687 τούτου
1256 4631 1565 4704 προφῆται·
1608 4629 1699 4684 ἐπὶ

161 4728 232 4794 μὲν
268 4728 359 4780 τοῦ
415 4727 601 4790 Δαϐὶδ,
640 4725 914 4797 Σαμουὴλ,
954 4725 1049 4778 καὶ
1081 4722 1288 4787 Ναϐὰν,
1317 4723 1411 4776 κοιλ¹
1439 4721 1574 4775 Γάδ·
1607 4720 1700 4774 ἐπὶ

156 4813 300 4870 δὲτοῦ
341 4815 581 4885 Ῥοεοὰμ
628 4815 724 4867 mi.
772 4813 931 4866 Ἀϐιᾶ
975 4813 1069 4865 καὶ
1120 4812 1271 4874 Ἀσᾶ,
1326 4807 1510 4879 Ἀχίας
1541 4807 1568 4859 6
1597 4806 1701 4876 Ση-

157 4903 370 4979 λωνίτης,
392 4909 488 4961 καὶ
521 4905 789 4976 Σαμαίας,
811 4904 908 4958 καὶ
943 4901 1125 4964 Ἀδδὼ,
1157 4902 1251 4955 καὶ
1295 4899 1572 4970 Ἀζαρίας,
1609 4899 1704 4950 καὶ⁸

167 4996 334 5071 ’Δνεμῆ
357 5017 372 5029 ·
405 4998 498 5052 ἐπὶ
520 4997 577 5050 δε
603 4996 695 5050 τοῦ
741 4995 1009 5065 Ἰωσαφὰτ
1033 4994 1126 5047 καὶ
1154 4991 1246 5047 τοῦ
1279 4989 1481 5061 ’Λχαάϐ
1517 4988 1701 5052 Ἠλίας

158 5090 230 5141 καὶ
255 5091 566 5156 Ἐλισσαῖος,
598 5090 692 5142 καὶ
723 5089 752 5141 6
786 5085 1168 5159 προφητεύσας
1204 5083 1282 5155 τῷ
1333 5082 1535 5153 Ἀχαὰὸ
1570 5081 1698 5154 περὶ

159 5182 234 5251 τῆς
279 5184 467 5256 Συρίας
523 5183 619 5236 καὶ
670 5183 700 5234 6
737 5179 984 5244 πατάξας
1031 5178 1220 5231 ἑαυτὸν
1267 5174 1562 5248 τραύματι,
1605 5173 1699 5226 καί⁹

160 5273 348 5344 ἐλέγξας
363 5276 452 5329 τὸν
497 5272 838 5346 Ἀχαὰ6,καὶ
875 5269 978 5325 Ἰοῦ
1005 5273 1032 5325 6
1057 5270 1149 5324 τοῦ
1185 5269 1344 5339 ’Λμῆ.
1366 5267 1460 5321 καὶ
1492 5263 1694 5336 Ὀξιὴλ,

160 5368 235 5418 καὶ
264 5368 483 5423 Ἐλιάδα.
527 5366 667 5421 Ἀλλ’
697 5365 758 5419 οὐ
796 5364 1019 5438 φέρεται
1043 5363 1248 5416 τούτων
1273 5360 1379 5414 ἴδια
1409 5356 1695 5430 συγγράμ-

162 5475 297 5526 ματα,
327 5464 372 5516 εἰ
399 5462 471 5534 μὴ
497 5461 660 5532 μόνον
684 5462 734 5514 οἱ
762 5457 916 5527 λόγοι
943 5453 1122 5511 αὐτῶν
1147 5455 1205 5506 ἐν
1233 5454 1355 5516 ταῖς
1385 5448 1696 5511 Βασιλείαις

159 5552 236 5604 καὶ
259 5555 364 5617 ταῖς
394 5550 922 5625 Παραλειπομέναις.
957 5547 1045 5600 Ἐν
1073 5545 1128 5598 δὲ
1158 5546 1269 5607 τοῖς
1297 5540 1692 5610 συγγράψασιν,

158 5632 220 5694 ὧν
247 5645 410 5699 καὶτὰ
443 5645 852 5716 συγγράμματα
892 5642 1139 5712 φέρεται,
1171 5635 1376 5710 πρῶτοι
1409 5633 1694 5704 γεγόνασιν

132 5801 149 5844 ’τ
250 5829 288 5859 η
321 5831 468 5888 Cant.
506 5848 582 5901 vr,
625 5831 720 5896 ιο,
759 5829 847 5883 ιι.
924 5829 966 5859 ιτ
1007 5823 1164 5880 Cant.
1201 5835 1298 5886 ιιι,
1336 5819 1425 5875 ιι.

1637 5897 1681 5924 μα

1817 3305 1937 3364 pter
1965 3296 2176 3366 plagam
2211 3309 2374 3366 quam
2409 3295 2637 3360 ferebat,
2670 3303 2782 3352 tres
2807 3295 2969 3351 amici
2994 3295 3135 3365 ejus,
3171 3294 3394 3367 Eliphaz

1815 3385 2235 3441 Thaemanorum
2269 3402 2386 3450 rex,
2421 3386 2627 3443 Baldad
2681 3387 3070 3443 Sauchaeorum
3103 3395 3392 3460 tyrannus,

1811 3486 1864 3533 et
1887 3478 2100 3547 Sophar
2143 3493 2239 3533 rex
2283 3476 2625 3533 Minaeorum.
2657 3477 2963 3550 Locutique
2993 3486 3123 3535 sunt
3148 3479 3226 3533 illi
3260 3495 3394 3535 con-

1813 3571 2104 3627 tentiosius
2145 3578 2199 3625 et
2262 3570 2382 3626 sine
2410 3570 2908 3638 commiseratione,
2944 3570 3270 3627 insultantes
3311 3571 3394 3625 af-

1809 3661 1978 3727 ﬂicto,
2011 3661 2158 3733 quod
2201 3663 2257 3716 in
2290 3670 2576 3732 peccatum
2621 3662 2732 3719 illis
2779 3671 2864 3719 est
2911 3663 3259 3734 imputatum.
3288 3661 3418 3719 Job.

1809 3769 1939 3810 vero
1964 3753 2131 3810 Deum
2155 3769 2253 3825 pro
2286 3754 2396 3809 illis
2421 3764 2674 3826 precatus
2701 3763 2805 3822 est,
2830 3761 2884 3810 et
2913 3755 3284 3810 condonatum
3307 3765 3392 3810 est

1807 3849 1889 3903 eis
1941 3855 2247 3918 peccatum.
2282 3846 2426 3902 Sunt
2468 3855 2650 3902 autem
2701 3847 2906 3918 dialogi
2933 3845 3057 3913 Job,
3092 3862 3232 3918 quos
3262 3863 3390 3902 cum

1808 3941 2000 3996 amicis
2041 3940 2257 4005 habuit,
2290 3954 2527 3994 novem:
2568 3939 2792 4008 Eliphaz
2825 3953 2956 3993 vero
2992 3938 3060 3992 ad
3103 3937 3208 3993 Job
3234 3945 3388 4005 tres;

1809 4031 2022 4102 Sophar
2054 4031 2183 4096 duo,
2213 4042 2269 4087 et
2317 4030 2523 4086 Baldad
2564 4038 2698 4086 tres.
2733 4029 2799 4084 Et
2845 4030 2998 4085 Elius
3045 4045 3262 4102 quoque
3292 4029 3388 4084 ﬁlii

1804 4122 2111 4186 Barachiel,
2148 4121 2342 4186 Buziti,
2375 4137 2520 4177 unus
2565 4129 2650 4176 est
2679 4120 2950 4193 dialogus.
2984 4118 3226 4174 Tandem
3256 4133 3389 4174 vero

1805 4212 2068 4270 Dominus
2115 4213 2269 4268 illum
2319 4229 2418 4284 per
2465 4214 2742 4268 turbinem
2806 4229 2871 4269 ac
2926 4213 3100 4268 nubes
3155 4211 3390 4283 appella-

1805 4307 1908 4372 vit;
1935 4315 1989 4359 et
2025 4304 2127 4360 Job
2158 4304 2390 4359 Domino
2455 4304 2698 4361 secundo
2740 4319 2864 4360 cum
2915 4304 3010 4360 illo
3045 4305 3260 4360 locutus
3297 4318 3387 4359 re-

1805 4398 2046 4468 spondit.

1805 4510 1958 4564 Liber
2002 4509 2234 4576 XVIII,
2269 4509 2560 4564 Duodecim
2607 4512 2892 4581 propheta.
2954 4509 3106 4574 Osee,
3153 4511 3379 4580 primm.

1873 4628 1964 4686 26.
1995 4627 2170 4682 Etiam
2188 4634 2314 4682 ante
2340 4626 2485 4682 hunc
2512 4627 2732 4682 fuerunt
2760 4626 3059 4697 prophetae.
3085 4625 3220 4680 Nam
3244 4636 3383 4682 tem-

1802 4735 1935 4790 pore
1967 4718 2185 4774 Davidis
2215 4716 2434 4773 fuerunt
2467 4716 2710 4781 Samuel,
2745 4716 2959 4771 Nathan
3001 4725 3055 4772 et
3101 4715 3236 4773 Gad.
3263 4716 3379 4770 lio-

1803 4812 1986 4875 boam,
2033 4810 2169 4866 Abia
2212 4817 2264 4866 et
2297 4810 2405 4865 Asa
2437 4809 2814 4880 regnantibus,
2847 4807 3048 4864 Acbias
3098 4806 3378 4881 Silonites,

1807 4900 2054 4965 Sameas,
2101 4900 2276 4965 Addo,
2309 4899 2534 4955 Azarias
2566 4906 2620 4954 et
2652 4898 2868 4953 Anemi.
2900 4895 3014 4952 Sub
3037 4895 3298 4966 Josapbat
3325 4903 3380 4950 et

1803 4994 2012 5058 Achab,
2050 4991 2197 5048 Elias
2230 4999 2285 5047 et
2339 4992 2586 5056 Eliszeus,
2632 4998 2688 5046 et
2732 4990 2825 5061 qui
2875 4988 3214 5060 prophetavit
3263 4987 3377 5056 regi

1803 5083 2028 5139 Achaab
2052 5083 2119 5138 de
2146 5069 2324 5154 Syria,
2360 5091 2414 5137 et
2446 5082 2539 5152 qui
2571 5082 2809 5151 seipsum
2833 5079 3109 5136 vulnerari
3143 5075 3294 5140 fecit,
3323 5084 3379 5130 et

1805 5192 1987 5248 regem
2018 5175 2240 5230 Achaab
2261 5174 2546 5244 corripuit,
2575 5180 2629 5229 et
2656 5171 2797 5229 Jehu
2822 5171 2965 5226 ﬁlius
2987 5169 3122 5224 Arne
3151 5175 3205 5224 et
3229 5165 3378 5223 Oziel

1805 5277 1861 5323 et
1898 5267 2106 5322 Eliada.
2143 5264 2345 5324 Verum
2395 5266 2545 5320 nulla
2579 5265 2850 5320 habentur
2879 5263 3109 5317 istorum
3147 5259 3374 5330 scripta,

1807 5359 1913 5413 nisi
1948 5365 2160 5412 tantum
2208 5372 2330 5428 quae
2363 5357 2418 5411 in
2469 5355 2782 5426 Regnorum
2827 5352 3072 5408 historiis
3115 5359 3170 5407 et
3220 5349 3377 5406 libris

1805 5447 2262 5520 Paralipomenon
2290 5448 2494 5504 dixisse
2523 5447 2795 5519 leguntur.
2832 5443 2976 5499 lnter
3005 5458 3101 5498 eos
3130 5455 3259 5498 vero
3281 5440 3376 5511 qui

1803 5540 2183 5610 scripserunt,
2235 5554 2469 5608 quorum
2521 5544 2576 5594 et
2622 5536 2822 5607 scripta
2867 5532 3371 5592 circumferuntur,

1803 5633 1966 5704 primi
2022 5631 2242 5688 fuerunt
2285 5630 2425 5688 Osee
2487 5638 2541 5687 et
2588 5628 2781 5687 isaias.
2829 5625 2944 5682 Sub
2991 5626 3183 5682 iisdem
3228 5623 3374 5679 enim
