3958 6512
106 366 200 420 381
1173 355 1506 415 SYNOPSIS
1546 357 1964 416 SCRIPTURL
2007 358 2277 416 SACRE.

3245 361 3354 420 36!

103 482 195 537 καὶ
235 479 740 551 μεταστραφήσεται
799 475 1006 530 Νινευῒ.
1057 493 1075 526 ι
1122 475 1264 528 Ἀλλ’
1308 477 1513 539 Ἰωνᾶς,
1545 475 1674 544 φεύ-

1795 477 1892 533 lies
1922 484 1977 532 et
2005 476 2197 534 Ninive
2237 477 2589 535 subvertetur
2618 479 2684 530 δ’.
2727 497 2745 530 ι
2803 475 2910 534 Sed
2938 475 3108 534 Jonas
3152 479 3349 548 pradi-

103 590 210 642 γων
254 570 311 622 τὸ
363 571 646 640 κήρυγμα,
705 566 872 637 ἀνέϐη
925 568 1005 629 εἰς
1066 565 1270 629 πλοῖον,
1311 565 1579 637 χειμῶνός
1614 582 1674 618 τε

105 663 406 733 γενομένου.
462 659 751 731 ἐξεϐλήθη.
782 660 877 712 καὶ
912 657 1187 728 κατεπόθη
1215 659 1319 711 ὑπὸ
1348 659 1545 728 κήτους
1580 657 1676 710 Θα-

105 756 332 810 λασσὶου.
396 749 532 807 Εἶτα
591 752 729 824 μετὰ
766 753 916 822 τρεῖς
945 751 1157 822 ἡμέρας
1186 750 1406 814 ἐξέϐαλε
1425 751 1487 804 τὸ
1513 751 1677 821 κῆτος

103 848 189 900 τὸν
217 847 395 898 Ἰωνᾶν
412 844 608 908 ζῶντα.
636 844 743 897 Καὶ
763 843 922 896 πάλιν
946 845 1008 896 ὲκ
1027 843 1275 914 δευτέρου
1301 841 1455 911 λόγος
1471 841 1676 912 Κυρίου

104 937 306 1004 ἐγένετο
329 935 466 1006 πρὸς
504 935 688 997 αὑτὸν,
744 936 838 988 καὶ¹
885 933 1130 990 ἀπελθὼν
1164 933 1428 1004 ἐκήρυξεν
1461 933 1542 996 εἰς
1578 931 1676 1002 τὴν

104 1029 295 1084 Νινευῖ.
339 1027 569 1080 Ἐκεῖνοὶ
614 1045 696 1088 τε,
758 1029 1112 1093 ἀκούσαντες,
1167 1026 1528 1097 μετενόησαν,
1583 1025 1675 1078 καὶ

102 1121 379 1189 παρήγαγε
431 1118 636 1189 Κύριος
667 1117 765 1188 τὴν
797 1118 966 1192 ὀργῆν
995 1119 1088 1173 ἀπ’
1113 1117 1311 1172 αὐτῶν.
1351 1117 1459 1189 Τῆς
1495 1116 1676 1188 μέντοι

104 1211 389 1287 παρουσίας
411 1209 508 1263 τοῦ
537 1211 786 1280 Σωτῆρος
803 1214 1030 1282 σημεῖον
1067 1211 1229 1274 αὐτὸς
1255 1209 1314 1276 ἐξ
1350 1208 1525 1280 ἔργων
1557 1208 1677 1276 sye-

103 1322 230 1362 νετο.
276 1302 608 1366 καταποοε“ις
664 1303 768 1355 ὑπὸ
822 1303 917 1355 τοῦ
967 1305 1188 1374 κήτους,
1228 1303 1322 1354 καὶ
1353 1300 1493 1373 μετὰ
1525 1302 1676 1372 τρεῖς

103 1395 300 1466 ἡμέρας
332 1395 470 1458 σῶος
498 1395 660 1448 πάλιν
696 1394 957 1458 ἐκδοθείς.

410 1509 615 1579 Navim
655 1512 688 1563 ό
735 1509 842 1563 τοῦ
891 1509 1262 1573 Ἑλκεσαίου,
1293 1507 1356 1569 ζ’.

170 1624 252 1678 '59..
286 1625 498 1696 Λῆμμα
554 1623 684 1696 περὶ
741 1624 841 1695 τῆς
900 1624 1178 1689 ἀπωλείας
1205 1623 1432 1690 ξΝινευῒ,
1475 1623 1676 1694 βιϐλίον

106 1719 332 1788 ὁράσεως
388 1716 722 1788 προφητεύει
775 1718 804 1769 ό
848 1716 1120 1780 τοιοῦτος·
1163 1718 1258 1771 καὶ
1291 1715 1549 1788 κηρύττει
1578 1716 1676 1786 μὲν

109 1811 193 1863 καὶ
223 1811 347 1882 περὶ
383 1809 611 1880 ἑορτῆς·
647 1809 1012 1881 προσημαίνει
1046 1809 1103 1862 δὲ
1136 1810 1193 1862 ἐν
1225 1810 1361 1880 αὑτῇ
1411 1808 1538 1878 περί
1581 1805 1676 1860 τοῦ

109 1904 358 1974 Σωτῆρος.
408 1903 520 1956 Καὶ
552 1902 621 1955 τὰ
648 1902 810 1956 λοιπὰ
850 1903 1024 1956 πάντα
1054 1902 1195 1956 κατὰ
1226 1903 1325 1972 τῆς
1354 1899 1540 1954 Νινευῒ
1581 1900 1676 1952 καὶ

111 1989 191 2042 τοῦ
223 1989 400 2052 τέλους
420 1989 591 2060 αὐτῆς
618 1991 711 2042 καὶ
741 1989 849 2042 τῶν
879 1989 1089 2061 ἐχθρῶν
1119 1991 1210 2044 τοῦ
1257 1990 1471 2062 Ἰσραὴλ
1498 1990 1676 2058 ἀπαγ-

111 2099 293 2149 γεμει.

663 2196 1014 2266 Ἀμϐακοὺμ,
1052 2202 1127 2264 η’.

169 2313 257 2365 55.
297 2313 506 2384 Λῆμμα
531 2313 627 2368 καὶ
653 2313 816 2377 αὐτὸς
841 2309 969 2378 εἶδε,
999 2313 1092 2366 καὶ
1117 2311 1469 2384 προφητεύει,
1497 2312 1683 2383 δεόμε-

114 2423 188 2469 νος
214 2406 309 2476 μὲν
336 2407 466 2476 περὶ
514 2406 614 2477 τῆς
669 2405 923 2470 ἁλώσεως
963 2405 1064 2476 τῆς
1126 2404 1508 2476 Ἰερουσαλήμ·
1551 2419 1681 2473 προ-

116 2495 374 2564 σημαίνων
400 2496 459 2548 δὲ
490 2497 618 2568 περὶ
646 2500 745 2568 τῆς
768 2497 1070 2568 παρουσίας
1099 2496 1192 2550 τοῦ
1220 2497 1489 2569 Σωτῆρος.
1518 2496 1681 2563 Λέγει

115 2585 163 2638 δὲ
200 2587 290 2639 καὶ
324 2589 660 2659 προφητεύει
711 2588 852 2642 κατὰ
909 2590 1019 2642 τῶν
1065 2588 1511 2660 καταφρονητῶν.
1549 2583 1683 2641 Εἶτα

119 2676 299 2745 μεταξύ
333 2680 450 2731 ἐστι
483 2679 762 2751 προσευχὴ
795 2679 890 2731 τοῦ
926 2681 1206 2751 προφήτου
1244 2679 1360 2749 μετ’
1389 2677 1553 2748 ᾠδῆς,
1588 2678 1683 2730 καὶ

118 2767 225 2838 τρία
245 2768 593 2840 διαψαλματά
625 2771 776 2824 ἐστιν
809 2771 866 2823 ἐν
889 2773 958 2841 τῇ
989 2769 1262 2843 λεγομένῃ
1304 2768 1436 2840 ᾠδῇ,
1466 2768 1684 2840 ᾄδοντος

118 2858 263 2912 αύτοῦ
287 2862 411 2931 περὶ
443 2861 544 2932 τῆς
575 2861 878 2932 παρουσίας
907 2861 1000 2914 τοῦ
1026 2860 1298 2931 Σωτῆρος,
1314 2859 1520 2930 καὶτῆς
1541 2857 1684 2912 κατὰ

119 2951 196 3004 τοῦ
216 2952 436 3006 θανάτου
480 2954 662 3024 νίκης.

459 3068 762 3136 logos-lac
797 3069 830 3121 ὁ
864 3067 971 3121 τοῦ
999 3066 1210 3130 Χουσὶ,
1237 3070 1304 3120 θ’.

1776 569 2048 624 cationem
2093 569 2236 624 hanc
2268 568 2502 640 fugiens,
2536 584 2727 624 navem
2772 569 3112 633 conscendit,
3147 584 3213 624 ex
3242 587 3350 627 oua

1776 669 1989 730 postea.
2026 661 2220 714 oborta
2244 669 2566 731 tempestate
2596 661 2825 730 ejectus,
2853 668 2906 716 et
2936 675 2966 715 a
2996 668 3117 715 ceto
3136 663 3352 716 marino

1777 752 2072 810 devoratus
2097 762 2199 810 est.
2227 754 2357 811 Post
2387 763 2498 812 tres
2525 763 2706 812 autem
2737 757 2856 813 dies
2889 756 3049 826 eiecit
3076 765 3234 812 cetus
3263 754 3350 810 Jo-

1777 862 1902 900 nam
1930 848 2223 903 viventem.
2271 849 2449 920 Atque
2498 851 2573 904 ita
2619 850 2863 906 secundo
2912 849 3114 906 factum
3159 859 3243 906 est
3282 851 3350 905 ad

1778 955 1902 994 eum
1945 943 2166 995 veritum
2207 941 2448 1007 Domini,
2485 953 2536 997 et
2566 943 2698 998 abiit
2737 951 2790 998 et
2821 943 3138 1014 pradicavit
3170 944 3226 998 in
3257 941 3353 998 Ni-

1779 1033 1920 1086 nive.
1971 1030 2074 1096 Illi,
2104 1031 2291 1087 audita
2345 1036 2448 1087 hac
2490 1033 2876 1104 przedicatione
2906 1076 2922 1102 ,
2951 1034 3350 1104 ?pmnitentiam

1781 1133 2032 1187 egerunt,
2067 1133 2120 1180 et
2169 1126 2371 1181 amovit
2414 1127 2482 1180 ab
2530 1127 2637 1181 illis
2688 1126 2950 1184 Dominus
2985 1127 3120 1181 iram
3170 1143 3349 1183 suam.

1781 1217 2062 1272 Adventus
2101 1216 2312 1272 Domini
2357 1220 2571 1290 signum
2606 1220 2723 1290 ipse
2763 1236 2828 1274 ex
2868 1220 3033 1274 rebus
3077 1219 3212 1290 ipsis
3271 1219 3353 1273 fa-

1781 1318 1907 1362 ctus
1942 1319 2048 1373 est,
2085 1310 2376 1366 devoratus
2411 1328 2440 1365 a
2483 1323 2623 1375 ceto,
2660 1320 2712 1366 et
2743 1321 2866 1381 post
2898 1313 3139 1368 triduum
3168 1314 3353 1369 salvus

1779 1401 2044 1456 redditus.

2170 1515 2386 1570 Nahum
2424 1515 2665 1582 Elceswi,
2697 1518 2965 1587 septimus.

1851 1631 1941 1685 52.
1973 1630 2126 1687 Onus
2169 1632 2236 1688 de
2280 1633 2588 1703 perditione
2631 1631 2844 1695 Ninive,
2881 1633 3082 1688 librum
3124 1633 3354 1690 visionis

1781 1725 2070 1795 prophetat
2115 1726 2258 1780 iste:
2287 1735 2342 1780 et
2380 1726 2640 1795 praedicat
2679 1725 2897 1794 quidem
2924 1725 2993 1780 de
3027 1726 3167 1782 festo
3200 1743 3214 1780 :
3261 1742 3357 1782 ve-

1783 1834 1904 1871 rum
1932 1819 2094 1872 simul
2118 1818 2172 1872 in
2207 1819 2321 1888 ipsa
2350 1817 2416 1872 de
2450 1817 2730 1872 Salvatore
2754 1818 3100 1889 praenuntiat.
3133 1817 3199 1872 Et
3226 1818 3354 1873 reli-

1782 1924 1890 1978 qua
1925 1911 2107 1962 omnia
2149 1915 2340 1962 contra
2365 1906 2600 1962 Niniveu
2646 1917 2795 1977 sunt,
2828 1917 2880 1964 et
2905 1908 3067 1966 ﬁnem
3099 1909 3272 1980 ipsius
3299 1917 3357 1966 et

1783 1999 2132 2055 inimicorum
2168 2000 2387 2056 lsraelis
2412 2000 2721 2055 denuntiat.

2277 2175 2590 2242 Ambacum,
2632 2186 2861 2231 octavus.

1856 2297 1946 2352 55.
1972 2295 2122 2351 Onus
2158 2304 2212 2350 et
2237 2295 2328 2348 hic
2360 2293 2496 2349 vidit
2524 2303 2577 2347 ct
2602 2292 2910 2363 pmphetat,
2949 2289 3017 2346 de
3041 2290 3360 2361 captivitate

1787 2389 2006 2459 quidem
2039 2385 2392 2458 Jerosolyma:
2426 2395 2705 2456 precatus,
2734 2384 2801 2439 de
2827 2384 3064 2440 adventu
3087 2382 3213 2438 item
3239 2379 3362 2436 Sal-

1785 2479 1993 2534 vatoris
2038 2475 2442 2548 prcenuntiavit.
2472 2473 2749 2528 lnvchitur
2780 2480 2960 2527 autem
2993 2479 3047 2526 et
3072 2471 3362 2542 pmphetat

1789 2576 1978 2624 contra
2011 2575 2434 2637 contemptores.
2468 2563 2672 2620 Deinde
2702 2564 2931 2619 habetur
2963 2563 3206 2633 precatio
3232 2577 3362 2632 pro-

1787 2663 1964 2734 phetae
1997 2677 2122 2716 cum
2155 2660 2397 2722 cantico,
2445 2659 2500 2712 in
2534 2673 2644 2728 quo
2684 2657 2790 2711 tria
2821 2663 2949 2712 sunt
2978 2655 3356 2726 diapsalmata,

1787 2761 2015 2808 canente
2042 2751 2305 2822 pr0pheta
2323 2749 2391 2804 de
2420 2749 2652 2804 adventu
2678 2747 3000 2815 Salvatoris,
3025 2755 3078 2804 et
3101 2747 3169 2803 de
3190 2747 3363 2802 victo-

1789 2845 1868 2900 ria
1894 2845 1961 2900 de
1996 2855 2169 2898 morte
2199 2841 2548 2912 reportanda.

2130 3068 2424 3138 Sophonias
2455 3068 2599 3138 ﬁlius
2629 3066 2811 3132 Clausi,
2841 3081 3028 3120 nonus.

178 3183 258 3237 5-8.
296 3177 462 3246 Οὗτος
517 3184 614 3238 καὶ
660 3183 932 3253 Ἱερεμίας
987 3181 1368 3253 συνεχρόνισαν
1411 3178 1680 3250 ἀλλήλοις.

1862 3182 1954 3237 54.
1984 3181 2086 3238 Hic
2106 3189 2160 3237 et
2187 3180 2489 3237 Hieremias
2509 3180 2947 3251 contemporanei
2965 3178 3207 3233 fuerunt.
3229 3175 3362 3230 Nam

131 3275 430 3347 ’Δμςρότεροι
485 3274 598 3347 γὰρ
635 3274 728 3327 ἐπὶ
782 3273 876 3326 τοῦ
941 3272 1146 3326 Ἰωσίου
1191 3271 1456 3341 βασιλέως
1519 3270 1690 3324 Ἰούδα

125 3365 530 3437 ἐπροφήτευσαν.
570 3365 741 3433 Λόγος
775 3363 830 3416 δὲ
860 3361 1067 3434 Κυρίου
1099 3360 1313 3428 ἐγένετο
1339 3358 1474 3433 πρὸς
1504 3358 1686 3423 αὐτὸν,

125 3460 202 3510 καὶ
228 3457 555 3530 προφητεύει
583 3457 641 3509 ὲν
663 3459 729 3526 τῇ
760 3453 1115 3526 Ἰερουσαλὴμ
1135 3491 1148 3515 ,
1172 3452 1265 3505 καὶ
1291 3452 1454 3504 παντί
1478 3451 1648 3521 Ἰούδα
1671 3467 1685 3480 ·

127 3546 203 3597 καὶ
230 3547 478 3618 προλέγει
513 3546 644 3616 περὶ
668 3543 884 3615 ἡμέρας
912 3541 1200 3613 ἐσομένης,
1227 3540 1369 3594 ὥστε
1398 3538 1689 3611 ὲξαρϐῆναι

128 3639 277 3691 πάντα
319 3639 388 3691 τὰ
441 3637 662 3700 εἴδωλα,
699 3637 794 3690 καὶ
828 3635 895 3687 τὰ
921 3633 1081 3705 ἄλση,
1119 3634 1215 3688 καὶ
1253 3633 1418 3686 πολὺν
1470 3631 1686 3704 Θρῆνον,

129 3731 206 3781 καὶ
247 3731 472 3784 κοπετὸν
516 3728 783 3798 γίνεσθαι.
821 3724 1162 3799 Προφητεύει
1187 3725 1246 3777 δὲ
1286 3725 1382 3778 καὶ
1435 3721 1688 3794 περὶτοῦ

131 3817 370 3890 Σωτῆρος,
431 3820 529 3873 καὶ
583 3819 683 3889 τῆς
724 3817 1097 3880 ἀναστάσεως,
1134 3817 1200 3888 ἢν
1238 3815 1306 3868 δι’
1340 3816 1489 3886 ἡμᾶς
1521 3816 1687 3869 ποιεῖ.

133 3909 437 3982 Προφητεύει
480 3910 537 3963 δὲ
590 3909 684 3963 καὶ
736 3908 876 3962 κατὰ
926 3907 1126 3977 Γάζης,
1182 3906 1277 3960 καὶ
1329 3905 1688 3968 Ἀσκάλωνος,

136 4003 210 4053 καὶ
261 4003 514 4068 ’Δζὼτου,
567 4003 664 4055 καὶ
708 4005 809 4073 τῆς
843 4001 1149 4072 Ἀκκαρὼν,
1197 3997 1460 4053 καὶκατὰ
1489 3995 1688 4062 Μωέώ,

138 4094 212 4145 καὶ
244 4094 486 4166 ’Δμμὼν,
519 4097 614 4148 καὶ
646 4092 789 4148 κατὰ
819 4091 1137 4164 Δαμασκοῦ,
1167 4093 1260 4144 καὶ
1289 4089 1432 4144 κατὰ
1479 4087 1687 4157 Νινευῒ,

139 4186 352 4242 καὶκατὰ
379 4188 492 4242 τῶν
522 4187 822 4241 Αἰθιόπων.

678 4301 940 4372 Ἀγγαῖος
954 4343 968 4368 ,
1027 4307 1082 4353 ι’.

193 4415 267 4468 55.
296 4414 458 4481 Οὗτος
506 4417 646 4489 μετὰ
690 4418 789 4488 τὴν
839 4414 1217 4487 αἰχμαλωσίαν
1253 4413 1311 4464 ὲν
1349 4413 1416 4482 τῇ
1449 4407 1691 4478 ὲπανόδῳ

1792 3286 2022 3347 uterque
2052 3275 2158 3331 sub
2187 3272 2337 3330 Josia
2378 3288 2505 3340 rege
2545 3271 2684 3327 Juda
2727 3270 3092 3343 prOpbetavit.
3136 3267 3365 3323 Factum

1791 3380 1876 3429 cst
1907 3381 2088 3428 autem
2122 3372 2189 3427 ad
2225 3387 2348 3426 eum
2387 3371 2612 3426 verbum
2642 3358 2881 3434 Domini,
2925 3375 2981 3423 et
3024 3364 3367 3437 prophetavit

1792 3469 1848 3523 in
1880 3465 2203 3529 Jerusalem,
2235 3473 2290 3521 et
2319 3463 2467 3519 omni
2494 3459 2634 3516 Juda
2664 3480 2678 3516 ε
2711 3460 3068 3531 pmdixitque
3110 3456 3277 3518 diem,
3311 3454 3367 3508 in

1791 3575 1901 3630 quo
1934 3557 2172 3612 tollenda
2205 3564 2392 3612 essent
2420 3554 2604 3610 omnia
2649 3553 2816 3609 idola.
2858 3559 2913 3606 et
2941 3562 3186 3613 nemora,
3221 3546 3368 3600 hitu—

1793 3665 1998 3720 rusque
2027 3657 2174 3704 esset
2218 3646 2377 3702 ﬂetus
2409 3646 2612 3700 multus
2639 3659 2701 3698 ac
2736 3642 2894 3712 127
2923 3642 3192 3711 planctus.
3229 3637 3366 3690 Prn-

1792 3742 1981 3814 phetat
2006 3748 2186 3795 autem
2217 3747 2269 3794 et
2299 3739 2365 3794 de
2407 3737 2718 3799 Salvatnrc,
2749 3742 2803 3788 et
2841 3733 2908 3787 de
2938 3730 3364 3790 resurrectione,

1793 3849 1898 3904 qua
1933 3831 2107 3888 nostri
2160 3832 2333 3902 gratia
2374 3830 2697 3886 resurrexit.
2743 3826 2944 3882 Deinde
2989 3824 3280 3896 prophetat
3315 3831 3370 3876 et

1792 3932 1983 3980 contra
2012 3923 2235 3986 Gazam,
2271 3930 2325 3976 et
2356 3921 2703 3982 Ascalonem,
2745 3925 2799 3975 et
2828 3917 3079 3979 Azotum,
3113 3921 3167 3970 et
3191 3914 3367 3967 Acca-

1793 4032 2003 4080 ronem,
2029 4024 2083 4072 et
2103 4025 2294 4070 contra
2316 4015 2492 4080 Moab,
2516 4021 2570 4070 et
2590 4015 2843 4079 Ammon,
2861 4020 2914 4069 et
2933 4012 3284 4074 Damascum,
3314 4015 3370 4065 et

1791 4108 2046 4175 Niniven,
2072 4117 2121 4162 el
2153 4106 2460 4177 Ethiopas.

2323 4280 2574 4352 Agga’us,
2597 4280 2850 4338 decimus.

1862 4403 1953 4459 55.
2003 4400 2103 4456 Hic
2158 4409 2283 4472 post
2347 4398 2717 4469 captivitatem
2779 4395 3016 4450 solutam
3073 4391 3130 4445 in
3187 4386 3371 4443 reditu

143 4511 433 4579 προφητεύει
456 4482 518 4564 ἐν
544 4512 610 4581 τῇ
655 4482 1014 4580 Ἰερουσαλῆμ
1041 4506 1134 4559 ἐπὶ
1166 4501 1389 4575 Δαρείου
1426 4499 1683 4570 βασιλέως

1796 4494 2139 4567 prophetavit
2159 4491 2540 4563 Jerosolymis,
2575 4489 2678 4545 sub
2710 4487 2874 4540 Dario
2899 4495 3025 4556 rege
3052 4482 3370 4543 Persarum,

2114 4585 2124 4596 ι
2160 4584 2232 4598 σιμ
2371 4597 2379 4598 ,
2406 4597 2412 4598 ,
2516 4581 2565 4598 ι,
2626 4593 2808 4598 ᾼ--μ--
2847 4584 2995 4598 --.4-
3057 4573 3257 4598 1.-....νι
3289 4576 3370 4598 --ι

145 4601 350 4672 Περσῶν,
387 4604 432 4676 β’
466 4604 624 4667 ἔτους
658 4603 846 4668 αὐτοῦ,
887 4601 968 4672 τῷ
1011 4601 1156 4670 ἕκτῳ
1201 4594 1353 4667 μηνὶ,
1387 4593 1544 4660 λόγος
1575 4592 1688 4643 Κυ-

147 4695 238 4764 ρίου
261 4700 468 4765 ἐγένετο
498 4701 557 4752 ὲν
590 4699 734 4770 χειρὶ
761 4695 948 4758 αὐτοῦ,
991 4693 1088 4748 καὶ⁸
1120 4686 1452 4761 προφητεύει
1489 4683 1566 4756 τῷ
1592 4685 1690 4738 Ζο-

149 4787 355 4854 ρώάὁελ,
401 4791 498 4844 καὶ
541 4789 620 4859 τῷ
657 4787 834 4858 Ἰησοῦ
873 4786 952 4858 τῷ
993 4783 1259 4849 Ἰωσεδὲκ,
1299 4782 1393 4836 καὶ
1436 4779 1514 4850 τῷ
1553 4776 1689 4848 λαῷ,

151 4882 248 4950 περὶ
275 4882 362 4952 τῆς
400 4883 693 4953 οἰκοδομῆς
725 4881 825 4952 τῆς
858 4878 1235 4952 Ἰερουσαλήμ.
1269 4871 1614 4946 Προφητεύει
1635 4870 1692 4924 δὲ

151 4973 222 5024 καὶ
245 4978 354 5047 περὶ
385 4977 488 5047 τῆς
512 4973 898 5047 παρελεύσεως
919 4972 1028 5028 τῶν
1055 4969 1293 5030 οἰκείων,
1323 4966 1418 5019 καὶ
1442 4965 1571 5034 περὶ
1593 4963 1692 5034 τῆς

154 5061 348 5134 κλήσεως
378 5068 489 5124 τῶν
522 5067 710 5122 ὲονῶν.

489 5181 793 5251 Ζαχαρίας
815 5180 946 5246 υίὸς
985 5175 1182 5241 Ἀδδὼ,
1217 5180 1310 5229 ια’.

209 5291 279 5345 56.
306 5297 408 5350 Καὶ
449 5291 605 5358 οὗτος
657 5293 731 5364 τῷ
772 5293 1011 5365 δευτέρῳ
1039 5291 1149 5344 Etet
1205 5288 1430 5362 Δαρείου
1481 5299 1693 5357 προφη-

158 5381 297 5434 τεύειο
337 5385 466 5438 ἀλλὰ
494 5384 573 5456 τῷ
617 5383 794 5453 ὀγδόῳ
837 5381 966 5452 μηνὶ
1012 5379 1170 5449 λόγος
1217 5376 1424 5448 Κυρίου
1477 5370 1694 5441 ἐγένετο

160 5473 267 5543 πρὸς
290 5479 435 5530 αὑτὸν
462 5479 558 5532 καὶ
590 5475 819 5546 ἅγγελος
853 5473 1058 5545 Κυρίου
1102 5470 1365 5541 ἐλάλησεν
1396 5463 1567 5534 αὐτῷ,
1599 5461 1693 5516 καὶ

161 5570 442 5638 προφητεύει
490 5571 630 5641 πρὸς
677 5570 802 5631 τοὺς
849 5565 1094 5637 πατέρας
1141 5564 1233 5616 καὶ
1284 5561 1381 5632 τὴν
1427 5558 1696 5628 Ἰερουσα-

161 5651 265 5726 λήμ.
307 5661 500 5726 Πολλὰς
545 5661 600 5714 δὲ
646 5661 740 5713 καὶ
779 5657 1031 5720 ποικίλας
1074 5656 1296 5726 ὁράσεις
1342 5650 1547 5721 βλέπει,
1597 5646 1693 5701 καὶ

219 5836 257 5868 ⁸⁸
289 5837 401 5895 Jon.
437 5856 492 5893 in
521 5881 535 5904 ,
568 5841 622 5895 4.

441 5932 707 5992 Pauor"
740 5931 860 5990 (in.
897 5913 1214 5989 XXVIII.

1796 4601 1942 4641 anno
1973 4585 2129 4656 regni
2159 4584 2308 4640 illius
2331 4581 2595 4641 secundo.
2625 4593 2814 4634 mense
2845 4584 3021 4640 sexto,
3056 4573 3258 4630 factum
3286 4576 3374 4628 est

1795 4680 1852 4733 in
1896 4694 2065 4733 manu
2105 4675 2228 4745 ejus
2258 4675 2482 4729 verbum
2529 4671 2766 4737 Domini,
2801 4677 2855 4725 et
2888 4666 3232 4740 prophetavit
3266 4663 3373 4717 Zo-

1795 4769 2066 4833 robabeli,
2105 4767 2258 4831 Jesu,
2321 4773 2375 4822 et
2424 4763 2656 4820 Josedec
2705 4777 2770 4818 ac
2817 4760 3042 4832 populo,
3083 4759 3150 4814 de
3201 4753 3374 4812 aedili-
3466 4784 3471 4791 ·

1794 4863 1971 4919 cauda
2015 4861 2411 4931 Hierosolyma.
2455 4855 2810 4928 Proplielavit
2860 4855 3026 4910 etiam
3063 4851 3132 4908 de
3176 4845 3369 4903 dereli—

1795 4959 1978 5012 ctione
2006 4952 2460 5015 domesticorum,
2490 4957 2544 5004 et
2590 4947 2659 5003 de
2679 4945 2970 5002 vocatione
2999 4943 3262 5016 gentium.

2074 5149 2367 5205 Zacharias
2393 5147 2540 5218 filius
2558 5144 2736 5210 Addo,
2767 5141 3088 5197 undecimus.

1865 5271 1957 5326 56.
2000 5268 2067 5323 Et
2101 5267 2190 5322 hic
2231 5265 2287 5320 in
2321 5261 2566 5321 secundo
2596 5275 2741 5315 anno
2785 5255 2935 5311 Darii
2985 5243 3369 5323 prophetavit:

1798 5372 1852 5418 at
1897 5364 1954 5417 in
2007 5375 2194 5416 mense
2231 5366 2427 5413 octavo
2475 5355 2679 5409 factum
2729 5357 2815 5406 est
2858 5346 2926 5401 ad
2965 5357 3090 5400 eum
3147 5337 3376 5394 verbum

1796 5453 2036 5517 Domini,
2067 5460 2123 5507 et
2151 5451 2372 5505 locutus
2397 5453 2483 5504 est
2517 5447 2598 5501 illi
2627 5442 2858 5514 angelus
2889 5434 3132 5500 Domini,
3161 5439 3216 5488 et
3244 5443 3378 5501 pro-

1797 5546 2044 5620 phetavit
2086 5543 2154 5597 ad
2182 5548 2366 5612 patres
2399 5545 2455 5595 et
2494 5537 2561 5592 ad
2589 5533 2916 5591 Jerusalem.
2947 5528 3147 5620 Multas
3174 5534 3377 5620 autem

1796 5615 1862 5696 ac
1888 5637 2074 5694 varias
2094 5633 2337 5691 visiones
2357 5627 2495 5686 vidit
2546 5637 2600 5684 et
2629 5624 2696 5683 de
2723 5622 3006 5680 Salvatore
3031 5615 3223 5676 multis
3247 5625 3377 5686 pro—

2989 5887 3066 5950 12
