4008 6404
542 294 685 392 ses

1673 327 1732 386 S.
1769 324 2228 383 ATHANASIUS.
2270 355 2342 368 —-
2373 322 2607 382 DUBIA.
3721 321 3816 379 564

563 457 828 530 phetavat,
863 454 1299 528 signiﬁcavitque
1345 451 1490 524 quod
1539 466 1704 522 super
1733 451 1888 506 asino
1917 457 1971 506 et
1991 450 2139 519 pullo

2246 445 2574 521 προφητεύει
2613 446 2742 519 περὶ
2774 442 2869 499 τοῦ
2910 445 3166 518 Σωτῆρος
3211 446 3303 501 διά
3341 447 3571 511 πολλῶν,
3599 446 3695 502 καὶ
3729 464 3817 520 σηο

565 548 867 621 subjugalis
889 555 1155 604 venturus
1179 553 1346 600 esset.

983 759 1305 825 Malae/tias,
1356 759 1715 814 duodecimus.

633 856 724 914 37.
766 853 866 910 Hic
892 870 1112 926 quoque
1143 865 1267 926 post
1295 856 1669 926 captivitatem
1697 851 1799 908 sub
1821 849 1984 904 Dario
2011 848 2136 907 fuit.

564 947 716 1005 Onus
746 956 926 1003 autem
965 946 1115 1001 verbi
1165 947 1379 1000 Domini
1414 945 1470 1000 in
1499 960 1662 998 manu
1697 941 1874 1012 angeli
1907 941 2051 1011 ejus,
2085 946 2140 1017 et

562 1041 854 1112 prophetat
884 1049 1073 1094 contra
1097 1038 1372 1094 Israelem.
1403 1037 1710 1109 Exprobrat
1735 1043 1917 1089 autem
1951 1032 2138 1088 lsraeli

563 1133 1034 1205 transgressiones
1088 1131 1248 1202 ejus,
1290 1136 1517 1186 accusat
1563 1129 1717 1184 illum
1763 1127 2138 1197 neglectarum

564 1225 925 1290 decimarum,
954 1232 1008 1279 et
1037 1224 1257 1279 omissae
1289 1220 1806 1279 communicationis
1850 1233 1974 1273 cum
2001 1233 2138 1287 pau-

561 1317 809 1387 peribus.
855 1315 1155 1386 Prophetat
1206 1315 1370 1370 etiam
1418 1314 1486 1368 de
1543 1313 1631 1368 die
1675 1311 1907 1382 judicii,
1963 1318 2019 1363 et
2072 1306 2140 1362 de

564 1408 856 1480 splendore
909 1407 1256 1472 Salvatoris,
1307 1406 1590 1476 Eliamque
1658 1413 1787 1460 ante
1844 1401 2138 1458 adventum

564 1499 868 1558 Salvatoris
901 1501 1224 1556 mittendum
1253 1499 1602 1570 praenuntiat.

876 1721 1041 1800 Liber
1066 1720 1230 1784 XIX,
1266 1720 1441 1775 Isaias
1477 1721 1624 1790 ﬁlius
1656 1719 1838 1774 Amos.

621 1813 725 1871 ‘58.
769 1814 868 1870 Hic
909 1824 964 1870 et
1009 1813 1168 1880 Osee,
1221 1816 1362 1870 sicut
1415 1831 1578 1886 supra
1636 1814 1899 1877 diximus,
1944 1811 2135 1869 eodem

565 1917 811 1982 tempore
849 1911 1122 1965 vixerunt.
1155 1908 1288 1963 Nam
1344 1919 1396 1965 et
1443 1910 1545 1964 iste
1595 1909 1698 1963 sub
1741 1906 1893 1973 Ozia,
1929 1914 1982 1962 et
2012 1905 2139 1961 Joa-

565 2004 737 2069 tham,
771 2011 825 2059 et
853 2001 1056 2067 Achaz,
1092 2011 1147 2058 et
1177 2001 1407 2057 Ezechia
1453 2001 1674 2072 regibus
1698 1998 1838 2054 Juda
1866 1998 1989 2054 fuit.
2031 1997 2139 2052 Ac-

564 2103 718 2167 cepta
771 2103 952 2151 autem
999 2095 1208 2150 visione
1253 2094 1600 2164 prophetarit
1657 2102 1850 2147 contra
1894 2090 2138 2146 Judaeam

562 2198 616 2244 et
641 2188 967 2245 Jerusalem.
1001 2187 1066 2242 Et
1112 2187 1317 2242 factum
1353 2196 1438 2244 est
1474 2187 1541 2242 ad
1587 2203 1711 2244 eum
1767 2186 1995 2242 verbum
2027 2183 2140 2238 Do-

562 2279 718 2333 mini.
752 2278 817 2332 Et
846 2279 1082 2332 maxima
1105 2294 1233 2348 pars
1273 2277 1570 2349 prophetia:
1608 2277 1750 2348 ejus,
1795 2275 2137 2346 evangelium

561 2380 645 2426 est
672 2371 740 2427 de
765 2371 1001 2427 adventu
1015 2370 1180 2426 Verbi
1214 2370 1310 2426 Dei
1340 2371 1396 2424 in
1421 2385 1664 2433 carnem,
1690 2377 1745 2425 et
1773 2368 1840 2424 de
1866 2366 2139 2440 passioni-

561 2467 686 2531 hus,
725 2482 863 2537 quas
898 2466 1073 2522 nostri
1121 2464 1296 2536 gratia
1340 2465 1602 2534 suscepit.
1639 2462 1936 2534 Pr0phetat
1971 2462 2138 2517 etiam

547 2564 711 2614 'circa
739 2568 946 2628 gentes,
982 2557 1235 2614 videlicet
1273 2565 1466 2612 contra
1507 2555 1862 2626 Babylonem,
1921 2553 1978 2608 in
2007 2553 2138 2608 Plii-

548 2649 828 2718 ‘listhzcos,
873 2658 928 2704 et
960 2657 1149 2704 contra
1181 2647 1530 2703 Damascum.
1565 2645 1846 2702 Visionem
1893 2644 2135 2717 z’Egypti,

556 2741 830 2798 viSionem
863 2741 1133 2807 ldumaeze,
1158 2741 1430 2797 visionem
1458 2740 1745 2811 phalangis
1783 2738 1941 2803 Sion,
1971 2741 2141 2795 visio-

561 2852 690 2892 nem
735 2835 886 2910 Tyri,
926 2835 1194 2891 visionem
1224 2833 1660 2906 quadrupedium
1713 2834 1770 2888 in
1819 2835 2136 2892 solitudine.

562 2929 798 2984 Enarrat
823 2929 988 2984 etiam
1030 2943 1315 3000 egressum
1352 2927 1730 2990 Senacherim,
1762 2928 2137 2998 arrogantiam

559 3021 850 3093 Rapsacis,
878 3030 932 3077 et
965 3023 1251 3092 utriusque
1272 3035 1460 3076 casum
1495 3035 1558 3075 ac
1587 3019 1968 3091 perditionem.
1990 3021 2139 3075 Prae-

561 3123 713 3172 terea
742 3115 879 3170 dicit
922 3113 1238 3179 Ezechiam,
1275 3129 1403 3169 cum
1449 3116 1505 3169 in
1529 3115 1781 3170 morbum
1826 3113 2133 3181 incidisset,

561 3220 616 3263 et
644 3209 944 3263 moriturus
986 3216 1154 3274 esset,
1188 3209 1436 3264 oratione
1464 3224 1564 3264 sua
1595 3223 1867 3263 annorum
1912 3207 2137 3278 quinde-
2163 3205 2206 3264 C

562 3299 670 3352 cim
699 3300 826 3354 vitae
859 3299 1236 3356 accessionem
1263 3299 1605 3370 impetrasse.
1647 3297 1944 3369 Prophetat
1973 3299 2136 3354 etiam

544 3390 832 3447 eunuchis
859 3399 914 3446 et
943 3392 1219 3464 gentibus,
1250 3398 1304 3447 et
1330 3393 1385 3446 in
1416 3393 1522 3448 line
1548 3391 1614 3448 de
1641 3391 1729 3446 die
1747 3390 1966 3463 judicii.

543 3557 721 3614 .-Liber
743 3558 872 3624 XX,
922 3561 1211 3618 Hieremias
1251 3564 1396 3635 ﬁlius
1430 3562 1627 3619 Helcice
1656 3564 1719 3619 de
1753 3561 2135 3619 sacerdotibus.

630 3652 720 3708 39.
781 3653 879 3708 llic
928 3664 983 3710 et
1033 3654 1380 3726 Sophonias,
1439 3657 1901 3727 quemadmodum
1968 3671 2135 3727 supra

560 3744 822 3811 diximus,
873 3748 1318 3818 contemporanei
1371 3748 1612 3804 fuerunt.
1645 3747 1902 3805 Pervenit
1952 3757 2136 3804 autem

546 3834 860 3893 Hieremias
909 3853 1085 3908 usque
1132 3839 1197 3892 ad
1250 3848 1461 3909 tempus
1509 3838 1742 3902 Joakim,
1793 3847 1847 3896 et
1911 3835 2147 3894 undeci?

559 3941 709 3979 mum
739 3941 942 3982 annum
977 3928 1216 3985 Sedecia:
1245 3930 1388 4001 regis
1416 3928 1591 3990 Judaa,
1638 3939 1692 3985 et
1725 3945 1902 4000 usque
1930 3928 1998 3984 ad
2039 3944 2136 3983 ca-

560 4014 870 4082 ptivitatem
901 4019 1108 4088 populi.
1148 4018 1386 4073 Verbum
1419 4035 1549 4074 vero
1586 4018 1681 4073 Dei
1717 4017 1920 4072 factum
1953 4027 2037 4073 est
2067 4017 2136 4073 ad

547 4118 710 4168 cum,
758 4106 851 4160 ubi
882 4123 1065 4162 sermo
1094 4108 1315 4162 Domini
1347 4109 1413 4163 ad
1451 4110 1630 4179 ipsum
1669 4109 1846 4163 factus
1895 4119 1997 4164 est.
2041 4108 2137 4165 Est

561 4201 744 4249 autem
779 4210 1153 4267 saepenumero
1188 4197 1256 4252 ad
1306 4214 1430 4254 eum
1465 4199 1664 4256 factus.
1711 4199 1772 4255 Et
1824 4200 2010 4255 multis
2050 4217 2137 4256 re-

552 4285 851 4355 prehendit
905 4289 1202 4358 injustitias
1258 4289 1619 4347 Hierusalem.
1673 4291 2026 4362 Prophetavit
2079 4293 2135 4347 in

2247 542 2426 612 μαίνει
2474 540 2635 594 αὐτὸν
2667 537 2986 611 ὲξέρχεσθαι
3034 541 3130 593 ἐπὶ
3159 539 3296 596 ”ὅνον
3332 541 3427 596 καὶ
3473 540 3655 596 πῶλον
3696 542 3818 597 ὑπο·
3874 621 3878 624 _

2244 631 2452 704 ζυγίου.
3875 635 3882 664 τ

2803 748 3142 817 Μαλαχίας,
3189 748 3290 813 ιβ’.

2313 839 2401 892 57.
2431 839 2540 892 Kal
2576 831 2729 902 οὗτος
2765 838 2901 911 μετά
2930 838 3028 911 τὴν
3057 839 3434 911 αἰχμαλωσίαν
3478 840 3703 910 γέγονεν
3734 837 3820 894 ἐπὶ

2242 930 2488 1002 Δαρείου.
2521 929 2730 1000 Λῆμμα
2766 929 2822 982 δὲ
2865 929 3026 999 λόγου
3070 929 3279 1000 Κυρίου
3313 931 3370 982 ὲν
3409 929 3555 1002 χειρὶ⁴
3593 928 3816 998 ἀγγέλου

2243 1021 2430 1083 αὐτοῦ,
2475 1022 2568 1075 καὶ
2613 1019 2946 1092 προφητεύει
2982 1020 3075 1073 ὲπί
3125 1021 3216 1072 τὸν
3267 1019 3503 1092 Ἰσραήλ.
3549 1019 3820 1084 Ὀνειδίζει

2241 1113 2298 1166 δὲ
2330 1113 2419 1167 τὸν
2460 1113 2680 1186 Ἰσραὴλ
2710 1113 2804 1167 ἐπὶ
2845 1116 2966 1178 ταῖς
2999 1111 3369 1184 παραϐάσεσι,
3415 1113 3511 1167 καὶ
3553 1115 3819 1185 μέμφεται

2243 1206 2333 1260 ἐπὶ
2375 1209 2440 1278 τῇ
2485 1205 2714 1278 ἀμελείᾳ
2759 1205 2868 1259 τῶν
2919 1205 3184 1268 δεκάτων,
3237 1205 3331 1258 καὶ
3377 1204 3477 1274 τῆς
3521 1204 3658 1274 πρὸς
3704 1205 3820 1269 τοὺς

2243 1301 2492 1369 πτωχοὺς
2532 1300 2835 1363 κοινωνίας.
2868 1297 3210 1372 Προφητεύει
3244 1297 3301 1352 δὲ
3332 1298 3459 1368 περὶ
3485 1298 3585 1368 τῆς
3617 1299 3822 1369 ἡμέρας

2241 1391 2340 1462 τῆς
2367 1393 2620 1463 κρίσεως,
2653 1393 2748 1447 καὶ
2776 1392 2876 1463 τῆς
2902 1389 3000 1443 τοῦ
3041 1390 3292 1461 Σωτῆρος
3331 1388 3704 1460 ὲπιλάμψεως,
3735 1388 3823 1444 καὶ

2242 1486 2350 1558 πρὸ
2385 1486 2486 1556 τῆς
2517 1485 2821 1557 παρουσίας
2860 1483 2954 1537 τοῦ
2983 1484 3234 1556 Σωτῆρος
3274 1483 3707 1537 ἀποστέλλεσθαι
3741 1483 3823 1537 τὸν

2255 1579 2441 1632 Ἠλίαν
2480 1578 2754 1651 σημαίνει.

2524 1693 2766 1747 Βιϐλίων
2795 1695 2881 1746 ιϐ’.
2922 1662 3159 1757 ’έσαΐας
3177 1689 3308 1757 υἱὸς
3339 1689 3544 1760 Ἀμώς.

2311 1785 2402 1840 38.
2435 1779 2601 1850 Οὗτος
2636 1785 2732 1839 καὶ
2772 1783 2952 1854 Ὠσηὲ,
2985 1782 3128 1837 καθά
3173 1783 3534 1854 προείπομεν,
3573 1780 3825 1852 συνεχρό-

2171 1859 2214 1914 Β
2243 1897 2394 1932 νισαν
2434 1878 2703 1949 ἀλλήλοις.
2748 1879 2860 1932 Kal.
2905 1877 3013 1949 γὰρ
3048 1876 3142 1931 καὶ
3187 1872 3344 1939 οὗτος
3378 1876 3469 1928 ἐπὶ
3502 1873 3706 1938 Ὀζίου,
3737 1873 3827 1927 καὶ

2257 1970 2510 2041 Ἰωάθαμ,
2552 1971 2645 2023 καὶ
2684 1969 2870 2041 ’Λχάζ,
2902 1971 2996 2023 καὶ
3032 1968 3296 2034 Ἐζεκίου,
3331 1967 3596 2039 βασιλέων
3634 1967 3825 2030 Ἰούδα,

2241 2063 2486 2131 γέγονεν.
2519 2062 2745 2134 Ὂρασιν
2791 2062 2846 2114 δὲ
2875 2059 3156 2134 ἑωρακὼς,
3185 2058 3521 2132 προφητεύει
3562 2058 3705 2112 κατά
3731 2058 3829 2129 τῆς

2255 2153 2517 2216 Ἰουδαίας
2543 2154 2637 2207 καὶ
2670 2154 2812 2208 κατά
2850 2155 3230 2228 Ἰερουσαλήμ.
3267 2154 3380 2209 Kal
3426 2155 3584 2224 λόγος
3623 2154 3681 2207 δὲ
3721 2155 3833 2208 Κυ-

2244 2244 2360 2317 ρίου
2402 2245 2540 2316 πρὸς
2571 2245 2732 2299 αὑτὸν
2775 2245 2988 2316 γέγονε.
3035 2249 3144 2300 Kal
3175 2247 3236 2300 τὸ
3267 2246 3518 2300 πλεῖστον
3563 2246 3663 2316 τῆς
3695 2262 3831 2318 προ-

2241 2336 2470 2406 φητείας
2513 2336 2677 2390 αὑτοῦ
2721 2340 2868 2392 ἐστιν
2915 2338 3212 2408 εὐαγγέλια
3252 2340 3382 2410 περὶ
3418 2339 3518 2409 τῆς
3564 2338 3835 2411 ὲνσάρκου

2241 2428 2544 2500 παρουσίας
2589 2427 2683 2482 τοῦ
2733 2430 2908 2499 Λόγου
2959 2429 3053 2484 τοῦ
3086 2429 3243 2493 Θεοῦ,
3287 2431 3384 2484 καὶ
3430 2424 3507 2484 ὧν
3545 2428 3836 2495 ἀνεδέξατο

2241 2520 2308 2574 δι’
2331 2522 2481 2592 ἡμᾶς
2516 2520 2725 2577 παθῶν.
2765 2521 3109 2595 Προφητεύει
3140 2521 3199 2576 δὲ
3227 2523 3322 2576 καὶ
3351 2522 3446 2577 ἐπὶ
3480 2521 3607 2594 ἔθνη
3635 2521 3832 2586 ταῦτα,

2241 2612 2384 2666 κατά
2417 2613 2756 2681 Βαϐυλῶνος,
2791 2615 2887 2668 ἐπὶ
2919 2615 3048 2678 τοὺς
3081 2613 3436 2684 ἀλλοφύλους,
3468 2613 3611 2668 κατὰ
3643 2617 3833 2686 Δαμα-

2243 2704 2373 2758 σκοῦ
2394 2723 2406 2735 ·
2431 2706 2618 2778 ὅρασιν
2637 2706 2938 2776 Αἰγύπτου,
2960 2708 3144 2778 ὅραμα
3164 2707 3264 2778 τῆς
3293 2707 3619 2778 Ἰδουμαίας,
3647 2707 3835 2778 ὅραμα

2237 2798 2338 2870 τῆς
2368 2797 2644 2868 φάλαγγος
2691 2797 2852 2865 Σιὼν,
2881 2800 3065 2870 ὅραμα
3112 2797 3312 2870 Τύρου,
3348 2799 3540 2869 ὅρασιν
3587 2797 3700 2852 τῶν
3746 2815 3836 2851 τε-

2238 2892 2523 2964 τραπόδων
2554 2893 2664 2947 τῶν
2701 2895 2758 2947 ὲν
2789 2896 2857 2966 τῇ
2901 2895 3116 2966 ἐρήμῳ.
3165 2896 3445 2965 Διηγείται
3487 2893 3546 2947 δὲ
3592 2895 3692 2949 καὶ
3733 2895 3838 2966 τὴν

2239 2985 2417 3052 ἔξοδον
2457 2986 2822 3057 Σεναχηρεὶμ,
2866 2987 2961 3040 καὶ
3013 2985 3293 3056 Ῥαψάκου
3339 2985 3442 3056 τὴν
3485 2984 3832 3050 ἀλαζονειαν,

2236 3077 2338 3148 τήν
2370 3093 2429 3130 τε
2460 3077 2666 3132 πτῶσιν
2686 3077 2779 3130 καί¹
2809 3075 3083 3131 ἀπώλειαν
3119 3076 3318 3131 αὐτῶν.
3344 3076 3455 3130 Kal.
3477 3077 3560 3130 ὅτι
3592 3077 3838 3149 νοσήσας

2252 3165 2519 3231 Ἐζεκίας,
2544 3165 2638 3220 καὶ
2663 3167 2872 3238 μέλλων
2903 3165 3293 3237 ἀποθνήσκειν,
3326 3167 3645 3237 εὐξάμενος,
3671 3183 3844 3240 προσι

2243 3260 2416 3333 θήκην
2447 3261 2572 3332 ἔσχε
2604 3261 2747 3332 ζωῆς
2774 3259 2910 3313 ἐτῶν
2939 3267 3019 3314 ιε’.
3049 3259 3390 3332 Προφητεύει
3420 3260 3478 3314 δὲ
3512 3259 3609 3314 καὶ
3642 3258 3836 3313 εὐνού-

2241 3369 2374 3423 χοις,
2403 3351 2497 3405 καὶ
2521 3353 2635 3414 τοῖς
2665 3350 2864 3415 ἔθνεσι,
2906 3351 3000 3404 καὶ
3037 3349 3096 3404 ὲν
3128 3348 3205 3420 τῷ
3231 3350 3377 3404 τέλει
3412 3351 3541 3422 περὶ
3567 3351 3668 3422 τῆς
3695 3351 3840 3422 ἠμέ-

2243 3459 2341 3515 ρας
2365 3442 2464 3513 τῆς
2501 3442 2758 3514 κρίσεως.

2240 3559 2484 3613 Βιϐλίων
2512 3563 2582 3611 κ’.
2627 3557 2901 3628 Ἱερεμίας
2950 3559 2984 3613 ὁ
3029 3558 3291 3612 Χελκίου
3331 3557 3399 3612 ἐκ
3440 3556 3564 3612 τῶν
3605 3557 3840 3628 ἱερέων.

2310 3651 2397 3707 59.
2435 3645 2602 3715 Οὗτος
2630 3651 2792 3704 πάλιν
2833 3650 2930 3704 καὶ
2970 3651 3251 3719 Σοφονίας,
3287 3650 3433 3706 καθὰ
3466 3651 3846 3723 προείπομεν,

2241 3743 2623 3814 συνεχρόνισαν
2655 3743 2924 3816 ἀλλήλοις.
2959 3743 3270 3815 Παρέμεινε
3312 3744 3370 3798 δὲ
3403 3744 3680 3814 Ἱερεμίας
3727 3744 3845 3807 ἕως

2251 3836 2526 3906 Ἰωακεὶμ,
2561 3835 2655 3889 καὶ
2699 3835 2803 3899 ἕως
2850 3834 3138 3889 ἑνδεκάτου
3182 3835 3338 3899 ἔτους
3382 3834 3636 3888 Σεδεκίου
3671 3834 3847 3905 βασι-

2239 3926 2375 3991 λέως
2408 3927 2597 3991 Ἰούδα,
2635 3927 2741 3992 ἓως
2772 3927 2874 3997 τῆς
2905 3927 3282 3998 αἰχμαλωσίας
3310 3927 3405 3980 τοῦ
3450 3926 3607 3982 λαοῦ.
3649 3925 3848 3998 Ῥἧμα

2237 4019 2296 4073 δὲ
2323 4019 2458 4073 Θεοῦ
2503 4018 2720 4088 ἐγένετο
2760 4019 2897 4091 πρὸς
2926 4018 3110 4082 αὑτὸν,
3144 4018 3202 4082 ὃς
3249 4017 3482 4090 ἐγενήθη
3519 4018 3683 4087 λόγος
3716 4020 3849 4073 Ku-

2241 4111 2358 4184 ρίου
2387 4109 2524 4180 πρὸς
2554 4109 2736 4162 αὐτόν.
2781 4109 2892 4163 Kal
2924 4107 3185 4171 πολλάκις
3207 4108 3266 4161 δὲ
3297 4108 3513 4176 ἐγένετο
3538 4109 3703 4179 λόγος
3730 4110 3855 4162 Κυ-

2245 4202 2358 4275 ρίου
2405 4201 2543 4274 πρὸς
2582 4200 2766 4264 αὐτὸν,
2807 4201 2901 4254 καὶ
2939 4199 3148 4270 ἐλέγχει
3189 4201 3291 4264 τὰς
3331 4199 3546 4264 ἀδικίας
3593 4201 3700 4271 τῆς
3736 4202 3852 4254 Ἰε-

2244 4291 2528 4365 ρουσαλὴμ
2557 4290 2646 4344 διὰ
2679 4289 2911 4344 πολλῶν.
2945 4287 3290 4361 Προφητεύει
3323 4288 3380 4341 δὲ
3425 4288 3520 4341 ἐπὶ
3559 4289 3858 4360 ’Ῑερουσα⁹

561 4373 928 4442 Hierusalem,
962 4379 1029 4447 de
1080 4379 1263 4436 futura
1314 4383 1582 4446 siccitate,
1627 4395 1681 4438 et
1725 4392 1918 4439 contra
1946 4392 2136 4457 gentes

2246 4385 2370 4456 λὴμ,
2414 4383 2509 4437 καὶ
2541 4383 2796 4454 περὶτῆς
2825 4381 3109 4454 ἀϐροχίας,
3149 4380 3244 4434 καὶ
3276 4380 3371 4433 ἐπὶ
3405 4381 3476 4434 τὰ
3517 4380 3650 4452 ἔθνη
3691 4381 3862 4435 Ἀει-

561 4467 792 4535 Αείιεηι,
821 4476 875 4524 et
905 4470 972 4524 de
1007 4471 1243 4527 adventu
1279 4473 1734 4546 regis'Babylouii
1769 4475 1836 4530 ad
1871 4477 2134 4532 exciden-

2246 4475 2370 4548 λὴμ,
2403 4475 2496 4529 καὶ
2525 4473 2620 4528 τοῦ
2651 4473 2823 4528 ἐλθεῖν
2854 4472 3078 4544 βασιλέα
3109 4471 3427 4536 Βαϐυλῶνος
3457 4471 3554 4526 τοῦ
3597 4473 3866 4543 ἐκκόψαι

557 4555 686 4611 dam
716 4566 916 4613 terram
943 4557 1186 4634 Egypti,
1209 4569 1262 4618 et
1285 4565 1550 4620 adversus
1584 4565 1746 4636 128
1776 4564 2131 4637 Babylonem.

2246 4547 2336 4637 τὴν
2369 4565 2473 4636 γῆν
2511 4563 2810 4634 Αἰγύπτου,
2840 4564 2933 4616 καὶ
2966 4562 3073 4616 ἐπὶ·
3095 4562 3414 4616 Βαϐυλῶνα.
3461 4563 3574 4616 Kal
3606 4564 3636 4616 ὁ
3669 4563 3864 4630 λόγος

560 4643 658 4704 Est
703 4651 866 4704 etiam
918 4653 972 4706 in
1025 4654 1127 4709 hoc
1177 4655 1318 4710 libro
1370 4659 1618 4723 verbum,
1677 4661 1827 4730 quod
1871 4659 2138 4717 Dominus

2246 4659 2298 4712 BV
2328 4657 2630 4712 ἐνετείλατο
2660 4655 2862 4728 Κύριος
2899 4655 2978 4726 τῷ
3021 4655 3261 4728 Ἱερεμίᾳ
3294 4657 3472 4709 εἰπεῖν
3496 4655 3578 4726 τῷ
3621 4655 3874 4726 Σαραξᾳ

556 4739 848 4798 Hieremiae
880 4745 1180 4811 mandavit,
1218 4755 1278 4802 ut
1313 4748 1520 4805 diceret
1555 4751 1753 4808 Saraaze
1785 4753 1895 4808 ﬁlio
1938 4752 2135 4818 Neriae,

2246 4751 2341 4824 υἱῷ
2384 4752 2615 4824 Νηρίου,
2663 4751 2756 4804 καὶ
2801 4751 2867 4820 τῇ
2910 4748 3205 4819 Ἰδουμαίᾳ,
3244 4748 3481 4811 καὶτοῖς
3521 4748 3662 4811 υἱοῖς
3701 4747 3877 4818 Ἀμ-

556 4843 612 4890 et
660 4835 940 4902 Idumam,
989 4846 1042 4895 et
1093 4840 1220 4897 (iliis
1272 4841 1544 4909 Ammon,
1594 4854 1647 4899 et
1697 4845 1874 4900 Cedar
1934 4847 2139 4916 regina:

2246 4843 2380 4916 μὼν,
2421 4845 2514 4898 καὶ
2555 4847 2622 4916 τῇ
2658 4841 2852 4916 Κηδᾶρ
2888 4841 3173 4912 βασιλίσσῃ
3206 4841 3307 4911 τῆς
3333 4840 3535 4910 Αὑλῆς,
3575 4841 3645 4911 ἣν
3691 4842 3875 4895 ἑπά-

555 4929 729 4995 Aule,
763 4945 927 5000 quam
956 4935 1232 5003 percussit
1275 4934 1785 4994 Nabuchodonosor
1814 4955 1910 4994 rex
1954 4939 2137 5010 Baby-

2246 4936 2368 5002 ταξε
2411 4935 2880 5006 Ναϐουχοδονόσορ
2928 4932 3180 5003 βασιλεὺς
3226 4931 3567 4995 Βαϐυλῶνος,
3620 4931 3716 4985 καὶ
3769 4937 3880 5006 τῇ

555 5021 720 5088 lonis,
752 5034 806 5080 et
837 5023 1125 5092 Damasco,
1157 5038 1212 5084 et
1241 5028 1417 5092 Moab,
1444 5037 1499 5085 et
1533 5031 1586 5084 in
1615 5029 1919 5085 Jerusalem
1949 5042 2005 5086 et
2031 5029 2137 5084 Ju-

2246 5029 2534 5102 Δαμασκῷ,
2582 5030 2676 5083 καὶ
2715 5031 2782 5100 τῇ
2825 5026 3020 5090 Μωὰϐ,
3065 5026 3162 5078 καὶ
3206 5024 3296 5078 ἐπὶ
3331 5023 3691 5096 Ἰερουσαλὴμ
3738 5029 3886 5081 καὶ

555 5110 704 5176 dam,
747 5121 801 5168 et
837 5114 1059 5171 domum
1094 5117 1364 5184 Achabin,
1397 5127 1451 5175 et
1483 5119 1551 5174 de
1592 5119 1718 5175 (iliis
1749 5120 1926 5183 Adab,
1961 5128 2014 5175 et
2037 5119 2139 5174 Ju-

2253 5120 2473 5183 Ἰούδαν,
2500 5122 2594 5174 καὶ
2621 5122 2703 5184 εἰς
2724 5117 2872 5174 οἷκον
2910 5117 3152 5190 Ἀχαϐὶν,
3184 5118 3313 5189 περὶ
3343 5117 3452 5171 τῶν
3476 5117 3612 5171 υἱῶν
3644 5118 3884 5186 Ἀδὰδ,

555 5205 688 5259 daeis
738 5205 1116 5266 habitantibus
1151 5211 1206 5265 in
1255 5219 1404 5266 terra
1437 5209 1681 5282 Egypti,
1718 5219 1773 5267 et
1818 5213 2137 5268 sedentibus

2246 5216 2351 5276 τοῖς
2380 5230 2440 5264 τε
2477 5211 2754 5275 Ἰουδαίοις
2781 5210 3278 5276 τοῖς,κατοικοῢσιν
3309 5210 3369 5262 ἐν
3408 5212 3478 5282 γῇ
3523 5209 3886 5279 Αἰγύπτου,

553 5295 609 5349 in
637 5295 905 5367 Magdolo,
946 5311 1000 5356 et
1043 5302 1100 5356 in
1131 5301 1398 5372 Taphnis,
1452 5311 1507 5357 et
1557 5304 1613 5357 in
1643 5311 1789 5358 terra
1829 5303 2087 5359 Pathum
2121 5326 2134 5360 :

2246 5304 2332 5356 καὶ
2370 5306 2482 5367 τοῖς
2528 5303 2859 5375 καθημένοις
2895 5305 2953 5356 ὲν
2998 5303 3303 5374 Μαγδωλῷ,
3344 5306 3438 5357 καὶ
3476 5306 3536 5358 ὲν
3563 5305 3895 5374 Τάφναις,

551 5395 608 5442 et
638 5389 704 5442 ad
731 5388 966 5457 Baruclt,
995 5408 1120 5447 cum
1149 5409 1436 5450 sermones
1469 5395 1607 5450 istos
1636 5396 1694 5450 in
1721 5396 1923 5450 librum
1953 5413 2018 5451 ex
2043 5413 2139 5452 ore

2246 5395 2334 5448 καὶ
2353 5396 2409 5448 ὲν
2431 5399 2502 5467 γῇ
2530 5395 2818 5468 Παθούρης
2837 5413 2850 5426 ο
2876 5397 3014 5467 πρός
3038 5413 3095 5448 τε
3129 5395 3218 5449 τὸν
3245 5395 3483 5466 Βαροὺχ,
3506 5397 3596 5449 ὅτε
3619 5395 3901 5470 ἔγραφε

554 5475 843 5535 Hieremias
891 5484 1287 5538 conscriberet.
1342 5483 1601 5539 Continct
1628 5485 1795 5539 etiam
1838 5485 1928 5540 hic
1976 5486 2134 5549 liber,

2246 5485 2365 5549 τοὺς
2393 5485 2584 5555 λόγους
2613 5486 2835 5550 τούτους
2865 5488 2923 5540 ὲν
2953 5487 3033 5558 τῷ
3061 5487 3250 5558 βιϐλίῳ
3277 5486 3387 5540 ἀπὸ
3421 5487 3701 5558 στόματος
3740 5489 3902 5542 Ἱε-

553 5567 702 5625 circa
759 5572 955 5640 ﬁnem,
1005 5577 1280 5646 quomodo
1324 5575 1497 5632 Judaei
1544 5578 1778 5635 insidias
1834 5581 2139 5636 struxerint

2246 5577 2452 5648 ρεμίου.
2500 5577 2752 5650 Περιέχει
2797 5577 2856 5630 δὲ
2902 5576 2963 5629 τὸ
3010 5576 3212 5647 βιϐλίον
3257 5577 3352 5629 ἐπὶ
3390 5577 3602 5641 τέλους,
3647 5578 3740 5631 ὅτι
3815 5586 3911 5638 οξ

554 5663 857 5732 propheta,
891 5675 945 5720 et
987 5667 1041 5720 in
1090 5668 1266 5723 lacum
1298 5670 1442 5724 omni
1476 5686 1602 5726 cum
1651 5671 1953 5742 abiecerint
1984 5691 1995 5726 :
2029 5672 2138 5729 Ab-

2251 5672 2517 5738 Ἰουδαῖοι,
2555 5672 2999 5736 ἐπιϐουλεύοντες
3034 5691 3112 5744 τῳ
3152 5673 3429 5745 προφήτῃ,
3465 5673 3708 5746 ἔρριψαν
3745 5677 3915 5732 αὑ·-

555 5753 836 5808 demeleeh
864 5769 995 5811 vero
1026 5754 1278 5828 )Ethiops
1313 5759 1464 5814 illum
1501 5761 1772 5818 eduxerit.

2246 5763 2328 5817 τὸν
2377 5766 2456 5830 είς
2510 5765 2712 5819 λάκκον
2765 5764 3050 5837 βορϐόρου,
3107 5765 3226 5820 καὶΔ
3256 5764 3582 5837 Ἀϐδεμέλεχ
3637 5765 3926 5842 Αιθιοψ

2239 5857 2512 5928 ἀνήγαγεν
2535 5857 2716 5912 αὐτόν.
