3958 6506
73 393 169 452 ωε
1153 384 1485 445 morsus
1527 390 1645 448 sca

1753 391 1940 451 lURAi
1979 389 2247 449 SACRE.
3217 398 3324 457 εδδ

136 509 350 582 Βαροὺχ
398 510 461 563 δὲ
513 509 802 580 ἐπιγράφει
849 507 910 562 τδ
957 508 1182 579 βιϐλίον,
1240 510 1426 582 ἐπειδὴ
1475 504 1645 576 οὗτος1

1827 512 2061 576 Baruch,
2098 513 2294 568 librum
2340 512 2641 585 inscripsit,
2664 472 2795 586 quia
2829 516 2919 573 ille
2948 533 3073 574 cum
3110 535 3322 578 sermo~

71 604 277 676 γράψας
313 603 436 655 ἀπὸ
470 603 737 672 στόματος
772 594 1038 674 Ἱερεμίου
1079 603 1208 666 τοὺς
1250 605 1310 656 ὲν
1350 602 1428 673 τῷ
1473 602 1645 674 βιϐλία

1761 619 1860 658 nes
1885 603 2021 659 istos
2041 619 2110 659 ex
2131 619 2225 658 ore
2252 603 2537 661 Hieremiae
2560 607 2875 678 scripsisset
2903 609 2972 666 iis
3000 611 3093 681 qui
3127 613 3182 666 in
3212 611 3320 666 Ba-

72 698 272 763 λόγους,
297 695 527 763 άνέγνω
547 697 658 759 τοῖς
680 697 736 748 ὲν
763 698 829 768 τῇ
853 694 1129 749 Βαϐυλῶνι
1155 696 1656 776 αίχμαλωτισθεῖσι,

1761 693 1958 764 bylone
1991 694 2193 764 captivi
2240 702 2415 760 erant,
2469 698 2621 768 legit,
2663 707 2723 753 ut
2761 701 3141 758 consolaretur
3171 705 3319 771 illos,

73 787 570 860 παραμυθούμενος
603 789 816 853 αὐτοὺς,
844 789 937 842 καὶ
958 789 1422 860 ἐπαγγελλόμενος
1450 787 1645 852 τούτοις

1757 792 1811 839 et
1844 800 1997 856 spem
2024 785 2080 840 in
2111 785 2282 842 Deum
2315 792 2684 846 annuntiarct.

71 884 160 952 τήν
191 883 346 953 παρὰ
379 881 528 934 Θεοῦ
559 881 766 934 ἐλπίδα.

133 973 346 1043 Optime
375 973 680 1044 ἐπιγράφει
712 972 773 1025 τὸ
805 971 1026 1043 βιϐλίον,
1059 970 1248 1042 ἐπειδὴ
1275 970 1493 1034 τούτους
1529 968 1656 1032 τοὺς

71 1067 246 1134 λόγους
284 1065 604 1138 ὲθρήνησεν
648 1065 918 1137 Ἱερεμίας
962 1065 1090 1136 περὶ
1130 1065 1230 1136 τῆς
1275 1060 1649 1132 Ἰερουσαλὴμ,

73 1158 151 1210 ὅτε
184 1157 327 1211 ἑάλω
361 1157 468 1210 καὶ
501 1153 884 1227 ᾐχμαλωτίσθη
916 1155 944 1208 ὁ
978 1154 1124 1219 λαός.

141 1339 434 1411 Ἐπιστολὴ
474 1337 736 1410 Ἱερεμίου
764 1337 1026 1401 καλεῖται,
1055 1335 1240 1407 ἐπειδὴ
1264 1328 1464 1407 ταύτην
1490 1331 1651 1408 ἔγρα-

75 1450 160 1501 φεν
200 1432 484 1503 Ἱερεμίας
530 1434 645 1492 τοῖς
688 1431 746 1482 ἐν
795 1432 861 1501 τῇ
912 1428 1292 1500 αἰχμαλωσίᾳ,
1345 1426 1486 1480 κατά
1539 1427 1648 1480 τῶν

74 1524 284 1578 εἰδώλων
331 1524 778 1595 ἀσφαλιζόμενος
826 1521 1044 1585 αὐτοὺς,
1095 1521 1184 1574 ἴνα
1237 1521 1312 1592 μὴ
1363 1511 1649 1590 βλέποντες

75 1617 196 1669 αὐτὰ
226 1615 627 1686 πναπαχθῶσι
668 1618 781 1677 τοῖς
808 1613 1117 1684 σεϐομένοις
1140 1612 1330 1667 ταῦτα.

198 1729 450 1783 Βιϐλίαν
483 1735 596 1782 κατ’.
633 1726 897 1796 Ἐζεκιὴλ
924 1728 1054 1793 υίὸς
1093 1727 1266 1788 Βουζί
1293 1729 1503 1797 ἱερεύς.

135 1821 214 1875 ιθ.
262 1814 441 1884 Οὗτος
495 1822 552 1873 ὲν
584 1823 651 1891 τῇ
700 1819 1044 1891 αἰχμαλωσίᾳ
1087 1820 1272 1890 γέγονε
1319 1824 1454 1893 μετὰ
1487 1824 1648 1894 Ἰερε-

1826 957 2247 1015 Lamentationes
2286 961 2483 1018 librum
2529 965 2830 1038 inscripsit,
2861 973 2988 1041 quia
3029 974 3152 1030 istis
3196 989 3319 1031 ser—

1754 1053 2006 1107 monibus
2036 1050 2105 1106 de
2144 1051 2442 1112 Jerusalem
2492 1059 2820 1117 lamentatus
2869 1073 2952 1119 est
2983 1064 3312 1134 Hieremias,

1751 1145 1972 1214 quando
2011 1158 2167 1220 capta
2206 1158 2310 1213 est,
2355 1158 2408 1206 ct
2452 1155 2685 1224 populus
2732 1155 2786 1210 in
2819 1157 3187 1228 captivitatem
3224 1161 3320 1216 ab-

1750 1237 1970 1293 ductus.

1819 1327 2058 1400 Epistola
2093 1328 2402 1399 Hieremiae,
2438 1334 2518 1389 sic
2542 1333 2686 1391 dicta
2711 1346 2815 1403 est,
2847 1339 2991 1408 quod
3024 1340 3163 1396 hanc
3189 1339 3318 1399 Ilie-

1749 1418 1950 1476 remias
1997 1422 2279 1492 scripserit
2331 1426 2395 1481 in
2437 1427 2791 1496 captivitate,
2837 1441 2895 1485 ut
2940 1440 3128 1486 contra
3171 1434 3317 1490 idola

1749 1521 1942 1569 cautos
1989 1513 2261 1580 redderet,
2317 1531 2406 1580 ne,
2452 1521 2758 1587 conspectis
2807 1520 2940 1588 illis,
2997 1525 3063 1578 ad
3107 1527 3315 1580 cultum

1748 1602 1989 1676 ipsorum
2023 1622 2146 1661 eum
2188 1607 2494 1665 idololatris
2527 1611 2944 1670 abducerentur.

1828 1806 1832 1810 Ι
1920 1719 2076 1774 Liber
2096 1719 2258 1786 XXI,
2290 1721 2527 1778 Ezechiel
2549 1725 2692 1794 ﬁlius
2721 1725 2852 1780 Buzi
2871 1730 3138 1786 sacerdos.

1817 1811 1911 1868 40.
1952 1811 2053 1867 llic
2095 1822 2216 1883 post
2266 1812 2592 1870 Hieremiam
2641 1819 2696 1872 in
2743 1820 3053 1888 captivitate
3103 1822 3226 1885 fuit,
3262 1829 3318 1879 et

81 1915 208 1984 μίαν,
230 1915 323 1966 καὶ
351 1912 438 1984 τῷ
471 1913 712 1983 πέμπτῳ
740 1913 849 1965 ἔτει
870 1913 969 1983 τῆς
992 1913 1367 1984 αἰχμαλωσίας
1396 1915 1645 1986 Ἰωακεὶμ

1753 1904 1940 1976 quinto
1975 1921 2117 1961 anno
2143 1906 2473 1976 captivitatis
2498 1906 2708 1963 Joakim
2757 1911 3084 1981 prophetare
3119 1915 3308 1984 cmpit.

78 2007 256 2077 ήρξατο
280 2004 684 2076 προφητεύειν.
715 2005 887 2072 Λόγος
924 2004 981 2057 δὲ
1026 2005 1228 2076 Κυρίου
1262 2005 1479 2074 ἐγένετο
1511 2007 1648 2078 πρὸς

78 2096 234 2158 αὑτὸν,
263 2097 362 2148 καὶ
391 2096 525 2166 χεὶρ
558 2094 766 2165 Κυρίου
808 2095 1026 2162 ἐγένετο
1057 2097 1143 2148 ἐπ’
1173 2097 1352 2151 αὐτόν.
1384 2099 1494 2152 Καὶ
1519 2100 1647 2169 ὅρα-

81 2203 151 2238 σιν
178 2187 269 2256 μὲν
297 2185 361 2250 ἐξ
392 2185 583 2256 ἀρχῆς
627 2183 768 2248 ζὼου
808 2176 1265 2256 τετραπροσὼπου
1307 2186 1644 2260 θαυμαστὴν,

76 2278 156 2329 καὶ
184 2277 740 2349 ἐκπληκτικωτάτην,
777 2277 870 2331 καὶ
893 2277 1323 2348 δυσερμήνευτον
1354 2278 1488 2350 ὁρᾷο
1521 2295 1649 2349 προ-

81 2371 276 2441 φητεύει
311 2370 369 2424 δὲ
405 2372 510 2425 ἐπὶ
531 2373 659 2434 τοὺς
689 2371 976 2442 προφήτας
1007 2368 1102 2422 τοῦ
1143 2369 1378 2442 Ἰσραὴλ,
1404 2370 1648 2442 καὶπερὶ

78 2463 157 2516 τοῦ
180 2463 332 2530 ξύλου
361 2464 473 2535 τῆς
500 2463 771 2535 ἀμπέλου,
799 2463 892 2515 καὶ
919 2461 1162 2534 διήγημα
1191 2463 1317 2534 περὶ
1342 2461 1435 2516 τοῦ
1459 2461 1644 2527 ἀετοῦ,

83 2558 160 2608 καὶ
184 2557 627 2630 διαμαρτύρεται
656 2559 722 2628 τῇ
765 2555 1120 2629 Ἰερουσαλὴμ
1159 2553 1260 2617 τὰς
1295 2553 1525 2625 ἀνομίας
1553 2554 1648 2607 καὶ

81 2646 162 2711 τὰς
185 2649 458 2719 ἁμαρτίας
490 2649 682 2719 αὐτῆς,
706 2648 834 2720 περί
866 2665 927 2701 τε
955 2647 1056 2718 τῆς
1085 2647 1419 2719 παραϐολῆς,
1449 2641 1516 2718 ἧς
1541 2645 1650 2699 ἐλε-

90 2757 199 2807 γον·
233 2759 250 2790 ι
286 2742 349 2794 Οἱ
384 2742 632 2812 πατέρες
673 2741 873 2810 ἔφαγον
901 2741 1144 2812 ὄμφακα,
1173 2739 1269 2793 καὶ
1305 2739 1514 2803 ὀδόντες
1539 2738 1648 2792 τῶν

85 2832 268 2886 τέκνων
313 2833 637 2904 ὲμωδίασαν
672 2832 802 2903 (19).
854 2851 873 2884 ι
925 2833 1036 2886 Καὶ
1079 2833 1192 2895 τοῖς
1230 2832 1362 2894 υἱοῖς
1399 2828 1645 2901 Ἀμμὼν,

85 2924 163 2976 καὶ
194 2926 314 2997 περὶ
338 2926 447 2996 τῆς
493 2925 702 2988 Ὀολᾶς,
731 2924 824 2978 καὶ
850 2925 950 2994 τῆς
985 2922 1220 2986 Ὀλιϐᾶς,
1264 2923 1358 2975 καὶ
1388 2923 1480 2976 ἐπὶ
1509 2922 1649 2994 Σοὺρ

85 3016 270 3088 θρῆνον,
306 3019 404 3072 καὶ
451 3019 549 3070 ἐπὶ
589 3017 816 3079 Σιδῶνα,
860 3017 954 3068 καὶ
987 3016 1115 3088 περὶ
1147 3017 1245 3088 τῆς
1283 3017 1496 3088 ἡμέρας
1537 3017 1650 3068 Κυ-

88 3108 202 3180 ρίου,
231 3112 320 3164 καὶ
349 3110 434 3182 τῷ
481 3110 682 3182 Φαραὼ
725 3110 938 3182 βασιλεῖ
965 3109 1264 3177 Αίγύπτου,
1306 3108 1400 3162 καὶ
1445 3108 1646 3181 θρῆνον

86 3200 161 3250 ἐπὶ
186 3201 376 3272 ⁴Ιιαραὼ
423 3200 524 3254 καὶ
564 3200 663 3272 τὴν
706 3202 999 3269 Αἴγυπτον,
1037 3199 1131 3254 καὶ
1171 3199 1262 3252 ἐπὶ
1291 3199 1416 3271 ὅρος
1457 3199 1642 3272 Σηεὶρ,

1750 1997 1951 2054 Factus
1983 2010 2068 2056 est
2109 2009 2290 2056 autem
2321 2017 2502 2057 sermo
2545 2000 2758 2057 Domini
2794 2003 2862 2057 ad
2892 2019 3037 2069 eum,
3068 2013 3122 2060 et
3153 2023 3320 2076 super

1747 2103 1872 2146 eum
1904 2091 2006 2145 fuit
2047 2108 2242 2148 manus
2276 2093 2512 2158 Domini,
2553 2104 2610 2149 et
2648 2095 2914 2151 visionem
2951 2097 3020 2151 ab
3052 2100 3209 2154 initio
3237 2101 3319 2154 vi-

1747 2182 1826 2238 dit
1855 2184 2152 2240 animantis
2183 2193 2420 2256 quatuor
2460 2184 2745 2252 facierurn,
2791 2187 3188 2255 admirabilem,
3218 2207 3318 2246 su-

1747 2290 1847 2345 pra
1894 2276 2115 2330 modum
2163 2277 2484 2348 stupendam
2527 2287 2580 2334 et
2621 2279 2983 2350 interpretatu
3022 2280 3316 2338 diilicilem.

1745 2364 2096 2438 Prophetavit
2123 2376 2316 2423 contra
2346 2368 2641 2440 prophetas
2685 2368 2924 2435 lsraelis.
2958 2371 3026 2427 de
3055 2372 3205 2444 ligno
3231 2374 3318 2429 vi-

1746 2457 1839 2524 tis,
1873 2467 1928 2514 et
1954 2461 2232 2514 enarratio
2258 2460 2326 2516 de
2373 2461 2577 2532 aquila,
2602 2468 2656 2517 et
2697 2470 3040 2518 contestatus
3070 2472 3156 2519 est
3192 2461 3320 2519 Hie-

1746 2553 1985 2608 rusalem
2026 2552 2093 2608 de
2129 2553 2514 2625 iniquitatibus
2564 2561 2619 2609 et
2656 2555 2898 2626 peccatis
2941 2556 3136 2626 ipsius,
3170 2564 3223 2612 et
3251 2557 3320 2611 de

1746 2645 2025 2714 parabola,
2069 2661 2232 2716 quam
2264 2647 2320 2701 in
2353 2661 2448 2702 ore
2493 2645 2787 2712 habebant,
2826 2662 3040 2718 nempe,
3077 2665 3096 2698 ‹
3124 2646 3318 2703 Patres

1745 2738 2104 2793 comederunt
2140 2755 2300 2794 uvam
2342 2740 2716 2805 immaturam,
2747 2747 2801 2795 et
2857 2740 3050 2798 dentes
3084 2741 3319 2797 ﬁliorum

1747 2829 2170 2900 obstupuerunt.
2201 2849 2220 2884 ι
2265 2829 2331 2884 Et
2378 2831 2506 2888 ﬁliis
2554 2831 2809 2897 Ammon,
2859 2840 2914 2887 et
2957 2831 3024 2888 de
3077 2833 3211 2888 Oola
3261 2844 3318 2890 et

1747 2919 1922 2988 Oliba,
1947 2929 2001 2976 et
2034 2923 2451 2981 lamentationes
2491 2925 2543 2979 in
2589 2922 2718 2991 Sur,
2759 2935 2813 2979 et
2843 2937 3030 2980 contra
3074 2924 3307 2993 Sidona,

1745 3023 1801 3071 et
1828 3016 1898 3070 de
1926 3015 2016 3072 die
2048 3015 2284 3082 Domini,
2311 3017 2579 3073 Pharaoni
2621 3018 2735 3089 regi
2761 3017 3004 3090 Egypti,
3035 3028 3088 3074 et
3114 3020 3316 3077 lamen-

1745 3107 2008 3162 tationem
2035 3109 2089 3162 in
2117 3107 2458 3165 Pharaonem
2487 3117 2540 3164 et
2565 3108 2881 3181 IEgyptum,
2916 3118 2971 3165 et
2993 3110 3050 3165 in
3073 3120 3313 3167 montem

1750 3196 1892 3262 Seir,
1933 3206 1987 3254 et
2033 3199 2100 3255 de
2148 3201 2367 3256 ossibus
2400 3215 2613 3265 eorum,
2657 3201 2750 3271 qui
2785 3201 2850 3256 ad
2891 3202 3054 3256 vitam
3085 3201 3314 3258 redituri

87 3290 163 3340 καὶ
208 3292 328 3362 περὶ
383 3291 502 3346 τῶν
547 3291 753 3346 ὀστέων
793 3291 902 3345 τῶν
949 3290 1358 3362 άναζησάντων,
1415 3291 1508 3344 καὶ
1554 3293 1645 3345 ἐπὶ

1753 3288 1880 3352 sint,
1925 3297 1979 3345 et
2021 3289 2076 3344 in
2119 3289 2257 3361 Gog,
2295 3305 2359 3345 ac
2400 3297 2605 3345 terram
2659 3290 2870 3362 Magog.
2903 3291 3037 3348 Item
3080 3292 3318 3363 principi

88 3383 205 3452 Γὼγ,
235 3387 324 3440 καὶ
344 3389 452 3458 τὴν
479 3387 584 3457 γῆν
607 3386 700 3440 τοῦ
731 3385 961 3455 Μαγώγ.
991 3384 1082 3456 Τῷ
1109 3402 1168 3438 τε
1200 3385 1418 3458 ἄρχοντι
1443 3385 1642 3458 Τύρου,

88 3475 163 3526 καὶ
196 3475 382 3548 θρῆνον
414 3479 542 3531 κατ’
569 3477 758 3542 αὐτοῦ,
795 3477 890 3530 καὶ
929 3479 1042 3540 τοῖς
1079 3476 1216 3538 υἱοῖς
1246 3475 1340 3528 τοῦ
1380 3475 1510 3530 λαοῦ
1543 3477 1644 3530 αύ-

88 3566 182 3630 τεῦ,
206 3569 290 3622 καὶ
321 3571 420 3623 ἐπὶ
455 3569 583 3634 τοὺς
615 3569 880 3641 ποιμένας
920 3567 1012 3622 τοῦ
1049 3566 1286 3638 Ἰσραήλ.
1320 3568 1430 3620 Καὶ
1465 3567 1526 3620 τὸ
1557 3584 1644 3620 τε-

89 3656 295 3715 λευταῖον
328 3663 437 3733 τήν
469 3662 760 3735 οἰκοδομὴν
789 3659 882 3715 τοῦ
927 3658 1082 3726 ναοῦ,
1105 3660 1200 3714 καὶ
1235 3659 1336 3730 τῆς
1377 3661 1647 3732 Ἰερουσα-

91 3749 179 3821 λὴμ
203 3754 542 3827 διαγράφων,
587 3752 939 3827 προφητεύει.

519 3846 766 3900 Βιϐλίων
795 3846 910 3910 κβη
936 3843 1183 3914 Δανιὴλ.

148 3936 222 3989 Η.
246 3940 357 3993 Καὶ
388 3931 549 4003 οὗτος
581 3941 638 3992 ὲν
665 3942 731 4010 τῇ
780 3933 1126 4010 αἰχμαλωσίᾳ
1156 3936 1378 4006 γέγονεν
1415 3934 1520 3998 ἕως
1551 3932 1644 3988 τοῦ

97 4023 315 4094 βασιλέως
364 4030 552 4102 Κύρου
587 4031 820 4102 Πέρσου.
854 4029 965 4084 Kal.
1009 4028 1079 4082 τὰ
1111 4029 1210 4101 μὲν
1239 4027 1380 4083 κατά
1415 4028 1646 4082 Σουσάν-

96 4135 172 4170 ναν
190 4123 352 4192 κρίνει
380 4123 568 4188 αὐτὸς,
606 4124 702 4176 καὶ
725 4121 1047 4195 κατακρίνει
1071 4123 1196 4186 τοὺς
1221 4121 1642 4194 πρεσϐυτέρους,

95 4206 154 4271 ὡς
189 4214 526 4284 συκοφάντας
548 4229 563 4245 ο
599 4212 666 4266 τὰ
694 4212 752 4266 δὲ
799 4212 894 4266 τοῦ
937 4211 1204 4282 βασιλέως
1234 4213 1458 4266 ἐνύπνια
1483 4211 1646 4276 αὐτὸς

97 4301 390 4372 ἀπαγγέλλει
428 4323 490 4358 τε
521 4307 615 4360 καὶ
638 4305 952 4377 ἑρμηνεύει.
985 4305 1183 4359 Βλέπει
1208 4305 1265 4359 δὲ
1297 4306 1391 4358 καὶ
1423 4305 1646 4376 ὁράσεις

96 4392 267 4460 τελείας
293 4400 422 4470 περὶ
450 4398 550 4468 μὲν
577 4397 685 4452 τῶν
715 4397 1004 4468 βασιλειῶν
1032 4396 1146 4460 δύο,
1169 4397 1298 4468 περὶ
1329 4395 1385 4448 δὲ
1420 4397 1520 4467 τῆς
1549 4395 1644 4449 τοῦ

99 4483 307 4561 Σωτῆρος
359 4491 688 4562 παρουσίας,
733 4491 829 4544 καὶ
861 4489 1261 4553 καταπαύσεως
1302 4488 1403 4559 τῆς
1446 4489 1642 4560 Ἰερου-

100 4577 262 4650 σαλὴμ,
307 4584 405 4637 καὶ
455 4583 554 4654 τῆς
605 4581 699 4636 τοῦ
747 4583 1094 4653 ἀντιχρίστου
1149 4579 1476 4652 παρουσίας,
1523 4579 1638 4633 δύο.

100 4669 332 4739 Διήγείται
381 4674 442 4727 δὲ
495 4674 624 4746 περὶ
672 4674 764 4728 τοῦ
813 4673 1110 4746 μαρτυρίου
1159 4672 1388 4744 Σεδρὰχ,
1429 4673 1639 4744 Μισὰχ.

101 4763 175 4812 καὶ
204 4766 518 4836 ’Ᾱϐδεναγὼ,
555 4768 647 4822 καὶ
679 4769 809 4840 περὶ
835 4767 931 4822 τοῦ
971 4766 1142 4838 ὕμνου
1172 4767 1351 4821 αὐτῶν
1375 4783 1388 4796 ·
1434 4768 1528 4820 καὶ
1558 4767 1639 4820 ὅτι

101 4854 220 4909 αὐτοὶ
259 4861 352 4930 μὲν
395 4859 760 4930 διεσώθησαν,
795 4861 845 4912 oi
888 4859 946 4913 δὲ
978 4857 1333 4922 ὑποκαίοντες
1375 4857 1641 4927 κατεφλέ-

103 4944 285 5016 χθηεαν,
319 4953 414 5006 καὶ
444 4951 690 5020 μετέγνω
732 4954 760 5005 ὁ
800 4951 1084 5022 βασιλεύς·
1133 4951 1228 5004 καὶ
1253 4950 1531 5013 ὅτιιαύτὸς
1561 4951 1644 5014 δὶς

102 5037 260 5114 ἐϐλήθη
282 5047 362 5108 είς
387 5044 483 5097 τὸν
512 5045 713 5098 λάκκον
735 5043 845 5098 τῶν
881 5043 1109 5097 λεόντων
1128 5059 1141 5074 ·
1176 5043 1238 5096 τὸ
1274 5042 1374 5114 μὲν
1402 5040 1640 5113 πρῶτον,

102 5129 248 5206 ἐπειδὴ
279 5136 384 5190 τῶν
413 5137 782 5191 Βαϐυλωνίων
823 5135 1277 5208 προσευχομένων
1315 5133 1528 5206 Δαρείῳ
1562 5132 1642 5203 τῷ

103 5219 269 5288 βασιλεῖ
310 5230 469 5300 μόνος
500 5229 665 5294 αὐτὸς
694 5227 815 5299 Θεῷ
859 5227 1201 5300 προσηύχετο
1226 5243 1242 5257 ο
1275 5223 1336 5279 τὸ
1369 5225 1426 5279 δὲ
1460 5223 1643 5278 δεύτεα

103 5331 192 5382 ρον,
227 5318 350 5373 διότι
392 5320 484 5375 τδν
535 5320 646 5392 Βὴλ
691 5319 1053 5394 κατέστρεψε,
1093 5317 1189 5372 καὶ
1232 5315 1326 5371 τὸν
1369 5314 1642 5388 δράκοντα

100 5405 266 5463 ἀνεῖλεν
312 5413 403 5466 ἐπὶ
447 5411 636 5484 Κύρου
685 5410 782 5464 τοῦ
839 5409 1132 5481 βασιλέως·
1181 5407 1278 5462 καὶ
1331 5405 1491 5470 αὖτδς
1542 5405 1641 5476 μὲν

101 5494 306 5576 habet],
338 5507 435 5560 καὶ
466 5505 578 5559 ἀπὸ
613 5504 722 5558 τῶν
747 5504 978 5558 λεόντων
1004 5501 1234 5574 ἀνῆλθεν
1269 5501 1334 5552 ὲκ
1374 5497 1470 5552 τοῦ
1509 5497 1643 5551 λάκ-

102 5606 203 5644 κουο
228 5575 351 5651 οἶδὲ
379 5596 864 5660 ἐπιϐουλεύσαντες
900 5592 1053 5664 αύτῷ
1085 5591 1392 5663 ἐϐλήθησαν
1429 5589 1510 5654 είς
1547 5588 1640 5642 τὸν
1684 5587 1887 5644 λάκκον
1951 5587 2060 5641 τῶν
2097 5588 2346 5655 λεόντων,
2390 5587 2486 5641 καὶ
2525 5585 2686 5646 εὐθὺς
2766 5577 3193 5652 κατεϐρώθησαν
3235 5575 3310 5628 ὑπ

104 5685 258 5748 αύτῶν,

1747 3378 1898 3453 Tyri,
1925 3389 1980 3436 et
2010 3381 2456 3438 lamentationem
2495 3393 2688 3436 contra
2716 3384 2893 3453 ipsum
2918 3402 2933 3437 :
2961 3390 3017 3438 et
3059 3383 3185 3439 liliis
3215 3399 3317 3454 po-

1744 3473 1857 3543 puli
1903 3473 2142 3543 ejuszet
2199 3484 2388 3529 contra
2434 3483 2682 3545 pastores
2738 3473 2978 3531 lsraelis.
3029 3473 3319 3530 Postremo

1743 3565 2160 3623 aediﬁcationem
2186 3569 2370 3638 templi
2396 3575 2450 3625 et
2475 3565 2776 3626 Jerusalem
2803 3567 3064 3624 describit
3090 3582 3154 3623 ac
3183 3583 3318 3640 pro-

1743 3655 1948 3726 pbetat.

2214 3833 2371 3889 Liber
2400 3831 2598 3900 XXII,
2633 3832 2838 3888 Daniel.

1813 3927 1875 3983 ll
1891 3965 1905 3982 .
1947 3925 2014 3981 Et
2042 3925 2145 3983 iste
2167 3928 2222 3983 in
2245 3928 2558 3998 captivitate
2588 3925 2692 3982 fuit
2715 3939 2888 3996 usque
2911 3922 2978 3978 ad
3004 3937 3185 3993 regem
3209 3920 3320 3992 Cy-

1743 4035 1866 4076 rum
1911 4018 2157 4075 Persam.
2206 4019 2444 4076 Causam
2493 4019 2759 4074 Susanna:
2792 4016 2909 4086 ipse
2944 4013 3233 4085 judicavit,
3262 4020 3318 4067 et

1745 4113 1988 4168 seniores
2011 4121 2271 4182 tauquam
2297 4111 2664 4184 sycophantas
2685 4107 3090 4164 condemnavit.
3115 4104 3320 4160 Deinde

1744 4205 1959 4264 somnia
2004 4205 2150 4276 regis
2182 4203 2441 4276 patefecit
2473 4211 2527 4259 et
2559 4203 2954 4272 interpretatus
2997 4205 3104 4254 est.
3137 4195 3322 4251 Visio-

1743 4315 1842 4356 nes
1874 4313 2093 4370 quoque
2137 4297 2411 4370 perfectas
2441 4295 2597 4362 vidit,
2617 4284 2701 4351 ‘de
2749 4295 2934 4365 regnis
2981 4291 3140 4355 duas,
3171 4295 3226 4345 et
3254 4289 3322 4344 de

1744 4391 1984 4445 adventu
2018 4389 2319 4445 Salvatoris
2343 4399 2398 4445 et
2422 4389 2730 4444 cessatione
2751 4385 3080 4448 Jerusalem,
3119 4381 3322 4436 adven-

1744 4494 1908 4556 tuque
1938 4484 2262 4539 Antichristi
2296 4484 2454 4538 duas.
2505 4481 2704 4535 Narrat
2737 4481 2901 4536 etiam
2949 4478 3018 4532 de
3055 4473 3321 4544 martyrio

1746 4576 2027 4640 Sedrach,
2082 4577 2289 4633 Misach
2348 4583 2402 4631 et
2458 4575 2786 4645 Abdenago,
2859 4572 3036 4640 deque
3099 4569 3316 4623 illorum

1748 4671 1950 4741 hymno
1979 4688 1991 4722 :
2024 4677 2078 4725 et
2106 4670 2250 4740 quod
2288 4668 2393 4739 ipsi
2425 4668 2645 4738 quidem
2688 4664 2886 4722 servati
2919 4665 2997 4733 (in
3027 4663 3193 4732 igne),
3223 4658 3318 4728 qui

1747 4762 2146 4820 succenderant
2197 4778 2329 4818 vero
2381 4777 2410 4816 a
2461 4761 2676 4815 ﬂairima
2721 4755 3031 4826 consumpti
3077 4756 3221 4813 sint,
3265 4756 3320 4805 et

1747 4855 1894 4924 quod
1941 4869 2146 4925 regem.
2176 4853 2307 4908 tacti
2355 4851 2692 4923 paenituerit.
2729 4847 2812 4902 Ad
2859 4847 2995 4910 haac,
3047 4840 3320 4914 quomodo

1745 4948 1864 5016 ipse
1897 4945 1981 5000 bis
2031 4947 2102 5001 sit
2153 4947 2208 5000 in
2265 4946 2442 4999 lacum
2479 4944 2696 4998 leonum
2744 4935 3318 5010 abjectuszprimum,

1747 5038 1894 5110 quod
1931 5055 2054 5094 cum
2105 5036 2386 5109 Babylonii
2435 5052 2617 5108 regem
2665 5035 2888 5088 Darium
2935 5035 3176 5088 orarent,
3207 5024 3326 5094 ipse

1747 5131 1902 5186 solus
1931 5129 2101 5185 Deum
2137 5136 2372 5184 orasset.
2407 5125 2684 5189 Secundo,
2716 5123 2860 5194 quod
2891 5119 2996 5176 sub
3023 5117 3166 5186 Cyro
3198 5127 3325 5182 rege

1746 5221 1842 5278 Bel
1910 5221 2310 5282 destruxisset.
2363 5227 2418 5274 et
2479 5217 2775 5273 draconem
2834 5208 3239 5266 interemisset:
3270 5209 3325 5257 et

1745 5313 2022 5385 quomodo
2051 5314 2168 5384 ipse
2208 5321 2460 5368 servatus
2505 5326 2536 5364 a
2587 5309 2857 5369 leonibus,
2889 5312 2944 5360 et
2975 5319 3006 5357 e
3035 5301 3156 5354 lacu
3192 5296 3327 5351 sub-

1746 5407 1970 5471 ductus,
2002 5407 2356 5463 insidiatores
2389 5419 2518 5460 vero
2550 5403 2726 5472 ipsius
2768 5401 2823 5453 in
2862 5395 3113 5453 eumdem
3146 5393 3325 5446 lacum

1747 5498 1966 5553 leonum
1997 5497 2194 5566 dejeCti
2227 5497 2519 5551 conlestim
2563 5494 2633 5548 ab
2664 5493 2798 5562 ipsis
2835 5484 3084 5544 devorati
3120 5483 3252 5538 sint.

158 5806 248 5877 (l9)
279 5809 518 5865 lsidorus
547 5809 664 5866 Pel.
709 5809 745 5862 l.
787 5824 862 5869 tv,
895 5809 1060 5877 epist.
1115 5805 1208 5865 ιιι.
1248 5802 1643 5877 ιεείιγβιυτὶθδ,

1753 5801 2029 5856 ιοδίασαν·
2077 5797 2328 5871 ,Ηὶοι-ειη.
2381 5809 2537 5863 xxxi,
2573 5793 2667 5863 29,
2705 5793 2896 5866 legitur
2959 5789 3320 5864 ᾑμωδίασαν;

106 5873 260 5933 Etecli
288 5898 440 5941 xvur.
471 5880 528 5942 2.
561 5873 1144 5944 ὲγοιισίασαν,ἐαάειιι
1171 5873 1460 5933 sententia.
