4008 6404
626 365 743 423 ’367

1795 358 1850 414 S.
1891 356 2352 416 ATHANASIUS.
2393 389 2463 399 —
2498 356 2727 416 DUBIA.

3795 357 3894 417 568

717 483 874 553 129
890 481 1036 537 Finis
1060 482 1322 536 librorum
1355 479 1748 536 canonieorum
1773 477 1991 535 Veteris
2014 478 2211 534 Testa-

2385 478 2548 543 Τέλος
2600 478 2708 532 τῶν
2759 477 3186 550 κανονιξομένων
3239 477 3461 550 βιϐλίων
3505 477 3608 550 τῆς
3652 476 3894 542 Παλαιᾶς

642 579 835 637 menti,
865 588 1089 628 numero
1111 573 1298 643 viginti
1335 574 1466 635 duo,
1500 573 1565 626 ad
1583 586 1870 626 numerum
1903 571 2210 626 litterarum

641 665 989 722 Hebraearum
1025 666 1346 735 computati.
1389 665 1637 720 Totidem
1679 681 1913 736 namque
1944 665 2087 735 apud
2117 680 2211 720 eos

643 767 770 815 sunt
808 759 1114 812 litterarum
1147 758 1439 820 elementa,
1478 758 1622 813 sicut
1651 757 1912 813 diximus.
1949 757 2213 812 Similiter

643 853 712 909 de
758 851 881 905 aliis
936 849 1146 905 Veteris
1195 849 1530 905 Testamenti
1576 850 1733 906 libris
1773 849 2065 904 dicendum
2107 857 2212 913 est,

644 945 735 1015 qui
766 945 821 997 in
853 957 1062 996 canone
1097 941 1316 1011 quidem
1343 958 1452 996 non
1495 951 1640 1004 sunt,
1677 941 1770 997 sed
1807 924 2062 1012 leguntur
2093 949 2215 996 tan-

642 1043 778 1099 tum,
815 1035 956 1090 sicut
979 1049 1142 1103 supra
1173 1033 1378 1088 dictum
1419 1042 1523 1089 est.

1226 1147 1381 1201 Liber
1413 1147 1618 1202 Esther.

712 1241 799 1298 42.
834 1240 926 1296 Sic
946 1248 1174 1296 vocatur
1219 1240 1310 1295 hic
1342 1241 1499 1305 liber,
1532 1241 1658 1311 quia
1705 1241 1989 1296 historiam
2023 1238 2219 1293 Esthe-

641 1335 722 1390 ris
755 1335 1157 1406 complectitur,
1193 1333 1468 1404 quomodo
1496 1349 1592 1404 per
1625 1334 1770 1388 illam
1821 1332 1964 1388 Deus
1994 1331 2217 1386 univer-

643 1445 762 1485 sam
791 1427 1103 1483 Judatorum
1133 1435 1348 1498 gentem
1368 1428 1594 1498 jamjam
1621 1428 1922 1497 perituram
1960 1439 2216 1480 servave-

643 1523 738 1584 rit,
770 1527 822 1574 et
845 1520 1038 1584 Aman,
1075 1520 1167 1590 qui
1201 1520 1432 1575 insidias
1465 1520 1898 1582 machinahatur,
1926 1532 2214 1588 percusse-

643 1615 736 1668 rit.
783 1612 945 1668 Gesta
989 1620 1118 1668 sunt
1160 1622 1339 1668 autem
1379 1614 1482 1668 ista
1532 1613 1586 1667 in
1648 1610 1826 1675 Susis,
1874 1613 1981 1664 hoc
2033 1608 2214 1663 modo.

644 1704 974 1760 Artaxerxes
1001 1720 1115 1768 rex,
1145 1705 1426 1775 repudiata
1453 1720 1623 1758 uxore
1640 1719 1761 1769 sua,
1784 1703 1945 1756 aliam
1975 1703 2029 1756 in
2053 1716 2219 1772 regno

647 1812 770 1860 suo,
807 1812 927 1865 quae
967 1800 1208 1851 omnium
1250 1805 1395 1852 esset
1440 1796 1806 1866 pulcherrima
1838 1803 1891 1849 et
1932 1793 2217 1848 formosis-

2313 569 2587 641 Διαθήκης
2622 571 2702 634 εἰς
2744 569 2916 623 εἴκοσι
2961 570 3056 622 καὶ
3099 556 3192 624 δύο
3236 571 3726 642 συμποσουμένων,
3762 569 3894 623 κατὰ

2311 661 2403 714 τὸν
2431 689 2434 696 ν
2458 661 2688 732 ἀριθμὸν
2732 660 2840 713 τῶν
2884 661 3014 732 παρ’
3056 660 3330 733 Ἑϐραίοις
3358 661 3729 734 γραμμάτων.
3763 661 3895 713 Τοσ-

2313 750 2452 806 αῦτα
2490 753 2597 824 γάρ
2655 755 2770 806 ἐστι
2805 753 2934 823 παρ’
2986 753 3166 816 αὐτοῖς
3194 751 3263 806 τὰ
3301 757 3574 824 στοιχεῖα,
3612 753 3690 818 ὡς
3723 755 3896 825 προεί-

2315 861 2507 914 πομεν.
2551 843 2769 914 Ῥητέον
2805 843 2862 896 δὲ
2905 843 3106 914 ὁμοίως
3139 844 3232 897 καί
3263 844 3392 916 περὶ
3424 843 3532 898 τῶν
3565 845 3772 917 ἐτέρων
3805 846 3894 916 τῆς

2315 937 2558 1000 Παλαιᾶς
2591 935 2806 1008 βίϐλων,
2842 936 2952 989 τῶν
2988 936 3064 1008 μὴ
3092 935 3524 1008 κανονιζομένων
3559 939 3682 1010 μὲν,
3713 940 3894 1008 ἀναγι-

2316 1029 2678 1100 νωσκομένων
2702 1029 2758 1082 δὲ
2789 1030 2968 1100 μόνον,
2998 1029 3073 1094 ὼς
3099 1031 3524 1103 προδεδήλωται.

2845 1142 3089 1194 Βιϐλίων
3131 1140 3369 1210 Ἐσθήρ.

2389 1229 2477 1286 42.
2507 1230 2662 1284 Οὕτω
2691 1230 2932 1284 καλεῖται
2958 1230 3018 1282 τὸ
3043 1229 3264 1299 βιϐλίον,
3299 1231 3487 1302 ἐπειδὴ
3520 1231 3614 1286 καὶ
3643 1230 3747 1302 τὴν
3777 1231 3896 1304 περί

2318 1323 2418 1394 τῆς
2447 1322 2647 1394 Ἐσθὴρ
2681 1322 2919 1393 ἱστορίαν
2954 1321 3216 1393 περιέχει,
3257 1321 3374 1385 πῶς
3405 1324 3433 1376 6
3458 1322 3590 1386 Θεὸς
3615 1323 3682 1376 δι’
3711 1323 3892 1394 αὐτῆς,

2323 1415 2611 1487 μέλλοντας
2643 1413 2972 1467 ἀπόλλυσθαι
3014 1414 3279 1482 παγγενεί
3310 1415 3433 1477 τοὺς
3471 1414 3779 1481 Ἰουδαίους,
3807 1417 3896 1469 αύο

2319 1509 2446 1572 τοὺς
2477 1507 2574 1579 μὲν
2603 1507 2850 1572 διέσωσε,
2877 1507 2970 1560 τὸν
2998 1507 3054 1559 δὲ
3091 1505 3282 1578 Ἀμάν,
3317 1507 3406 1560 τὸν
3443 1506 3748 1578 θελήσαντα
3783 1509 3896 1561 ἐπι-

2322 1599 2635 1663 ϐουλεῦσαι,
2665 1599 2954 1663 ἐπάταξεν.
2989 1599 3054 1652 Ἠ
3092 1599 3149 1653 δέ
3192 1598 3396 1672 ἱστορία
3428 1599 3649 1669 γέγονεν
3688 1601 3747 1653 ἐν
3775 1599 3898 1653 Σού-

2325 1709 2458 1756 σοις,
2474 1691 2570 1746 καί
2587 1691 2732 1744 ἐστιν
2749 1690 2910 1761 αὕτη.
2929 1690 3285 1762 Ἀρταξέρξης
3315 1693 3343 1743 6
3365 1689 3633 1760 βασιλεὺς,
3660 1689 3897 1744 ἐκϐαλὼν

2320 1784 2417 1856 τὴν
2460 1783 2595 1837 ἰδίαν
2638 1786 2889 1853 γυναῖκα,
2937 1783 3197 1854 ἐζήτησεν
3240 1784 3297 1836 ἐν
3339 1785 3404 1852 τῇ
3449 1781 3694 1854 βασιλείᾳ
3736 1781 3897 1835 αὐτοῦ

647 1887 806 1950 sima,
840 1902 1000 1956 quam
1047 1887 1100 1940 in
1134 1902 1357 1942 uxorem
1406 1887 1709 1954 acciperet,
1742 1883 2010 1953 quaesivit.
2045 1881 2109 1936 Et
2134 1881 2219 1935 in-

2323 1871 2416 1943 τὴν
2451 1871 2670 1925 πάντων
2704 1870 3159 1925 καλλιστεύουσαν
3204 1871 3299 1925 καὶ
3333 1871 3668 1944 ὼραιοτέραν
3715 1871 3896 1926 λαϐεῖν

644 1985 806 2031 venta
841 1985 924 2032 est
969 1977 1165 2032 Esther
1199 1977 1419 2032 natione
1449 1975 1657 2030 Judaa.
1696 1973 1776 2028 llli
1803 1983 2070 2044 cognatus
2099 1983 2218 2028 erat

647 2071 875 2124 nomine
929 2069 1326 2134 Mardochznus,
1361 2077 1416 2124 et
1456 2069 1572 2139 ipse
1600 2084 1667 2122 ex
1703 2067 2039 2138 captivitate,
2096 2080 2219 2136 qua:

647 2161 749 2218 sub
793 2161 1018 2218 Sedecia
1052 2162 1193 2216 facta
1246 2162 1445 2226 fuerat,
1491 2163 1547 2216 in
1584 2160 1774 2215 eadem
1820 2160 2061 2229 regione.
2101 2157 2218 2214 Rex

646 2259 824 2305 autem
849 2266 973 2306 cum
1005 2251 1188 2321 magni
1214 2249 1414 2305 faceret
1446 2249 1748 2304 aulicorum
1777 2261 2001 2301 suorum
2033 2260 2221 2315 quem-

645 2340 769 2395 dam
800 2341 1021 2396 nomine
1049 2340 1242 2403 Aman,
1263 2340 1504 2409 jusserat
1530 2338 1680 2392 illum
1713 2337 1782 2391 ab
1806 2335 2060 2390 omnibus
2091 2333 2221 2388 ado-

646 2433 780 2487 rari.
824 2430 928 2487 Sed
953 2448 1076 2486 cum
1105 2431 1502 2497 Mardochaens,
1535 2429 1606 2485 ob
1626 2428 1719 2483 Dei
1748 2428 1834 2482 sui
1859 2427 2089 2490 cultum,
2109 2440 2220 2479 non

649 2523 900 2577 adoraret
940 2523 1127 2587 illum,
1159 2539 1272 2577 rem
1325 2522 1544 2592 indigne
1584 2521 1709 2574 tulit
1752 2518 1950 2582 Aman,
1993 2527 2049 2572 et
2096 2533 2219 2572 cum

648 2614 994 2686 cognovisset
1013 2614 1158 2684 quod
1186 2612 1406 2668 Judreus
1436 2621 1603 2676 esset,
1639 2610 1751 2682 regi
1777 2610 2067 2664 Artaxerxi
2099 2625 2221 2680 per-

650 2705 825 2762 suasit
869 2714 925 2759 ut
986 2705 1194 2775 scripto
1233 2705 1454 2774 juberet
1497 2704 1787 2758 universos
1834 2704 1889 2756 in
1922 2718 2090 2774 regno
2120 2718 2221 2759 suo

646 2797 863 2853 Iudaeos
895 2811 1003 2851 uno
1031 2797 1119 2852 die
1149 2797 1354 2852 mensis
1384 2795 1696 2850 duodecimi
1729 2796 1946 2865 penitus
1981 2810 2044 2849 ac
2095 2795 2220 2849 fun-

649 2889 796 2944 ditus
827 2888 1015 2944 deleri.
1046 2887 1123 2942 Re
1152 2895 1452 2957 comperta,
1490 2885 1863 2941 Mardochaaus
1896 2887 2029 2941 luxit
2066 2895 2120 2942 et
2141 2886 2224 2957 je-

645 2980 880 3050 junavit,
906 2988 1068 3050 atque
1098 2989 1224 3033 ante
1251 2978 1449 3033 Esther
1475 2979 1817 3050 provolutus,
1835 2986 1892 3032 ut
1922 2979 2038 3048 ipsa
2062 2994 2220 3050 opem

651 3071 835 3134 ferret,
874 3079 1133 3142 precatus
1168 3079 1275 3126 est.
1313 3071 1512 3126 Esther
1556 3073 1760 3141 itaque,
1798 3071 2096 3140 praemissis
2138 3070 2223 3140 je-

646 3161 805 3232 junio
837 3171 890 3219 et
938 3165 1348 3234 precationibus
1385 3165 1452 3218 ad
1489 3163 1680 3227 Deum,
1714 3165 1880 3234 regali
1920 3181 1978 3220 se
2017 3163 2220 3220 mundo

651 3256 887 3315 ornavit,
923 3271 1022 3310 nec
1054 3263 1246 3309 vocata
1279 3255 1416 3325 (erat
1452 3266 1632 3310 autem
1669 3256 1916 3309 illicitum
1962 3271 2073 3310 non
2123 3271 2215 3311 vo.

653 3347 791 3401 catis
821 3346 970 3402 adire
1015 3347 1218 3419 regem)
1247 3355 1403 3402 extra
1455 3348 1716 3418 temporis
1763 3349 2221 3417 opportunitatem

653 3436 721 3492 ad
747 3453 924 3507 regem
951 3439 1197 3510 ingressa
1219 3447 1322 3503 est,
1356 3455 1584 3510 sperans
1633 3440 1999 3510 precationem
2027 3454 2224 3510 oppor-

652 3530 905 3584 tunitatis
945 3532 1064 3584 loco
1108 3530 1384 3586 futuram:
1417 3547 1540 3585 cum
1570 3532 1913 3588 insolentiam
1948 3530 2074 3585 facti
2126 3529 2220 3584 ad-

651 3625 880 3680 miratus
909 3631 1055 3678 esset
1079 3622 1214 3688 Rex,
1251 3625 1340 3676 illa
1361 3625 1414 3677 in
1439 3633 1637 3678 terram
1671 3639 1780 3695 pra:
1808 3632 1954 3678 metu
1981 3623 2222 3693 collapsa

641 3725 752 3771 est.
788 3715 856 3768 At
884 3716 1026 3786 regis
1063 3715 1400 3770 iracundiam
1427 3714 1571 3770 Deus
1610 3715 1666 3771 in
1697 3731 1920 3772 suavem
1965 3715 2222 3771 aﬂ‘ectum

649 3818 702 3863 et
744 3808 1220 3863 mansuetudinem
1268 3809 1596 3871 immutavit,
1639 3809 1714 3863 ita
1751 3818 1808 3863 ut
1849 3824 1878 3864 e
1910 3809 2048 3862 solio
2096 3823 2222 3863 sur-

651 3915 782 3964 gens
819 3900 1102 3968 conjugem
1129 3903 1458 3968 prostratam
1490 3899 1745 3967 erigeret,
1777 3904 1831 3952 et
1885 3908 2088 3952 metum
2125 3913 2224 3968 po-

652 4007 779 4044 nere
814 3991 1148 4054 hortaretur,
1181 3991 1290 4043 imo
1321 3991 1596 4059 optionem
1636 3991 1791 4044 daret
1815 3990 2034 4060 petendi
2063 3990 2224 4060 quid-

649 4081 780 4150 quid
822 4083 1000 4136 vellet.
1033 4081 1149 4144 illa,
1187 4088 1246 4134 ut
1281 4096 1375 4134 rex
1417 4095 1542 4134 cum
1591 4081 1766 4134 Aman
1811 4081 1878 4135 ad
1912 4081 2221 4136 convivium

654 4186 810 4225 suum
838 4172 1024 4226 venire
1079 4172 1416 4241 dignaretur,
1464 4187 1575 4226 non
1621 4172 1809 4235 semel,
1852 4172 1946 4227 sed
1981 4174 2222 4228 secundo

651 4279 867 4334 quoque
891 4265 1064 4333 petiit.
1082 4266 1253 4318 Aman
1284 4280 1396 4333 prae
1421 4265 1618 4334 gaudio
1635 4265 1840 4321 elJusus
1866 4280 1928 4320 ac
1957 4268 2220 4337 gestiens,

653 4356 798 4424 quod
847 4356 1042 4427 dignus
1076 4357 1368 4412 haberetur
1399 4373 1429 4410 a
1475 4359 1659 4428 regina
1691 4360 1876 4413 vocari
1914 4360 1979 4412 ad
2033 4362 2222 4414 convi-

652 4447 822 4512 vium,
847 4448 1024 4503 adhuc
1061 4450 1295 4519 amplius
1323 4449 1586 4505 adversus
1616 4449 2015 4508 Mardochazum
2047 4455 2223 4525 erige-

2321 1963 2498 2034 ἐαυτῷ
2527 1966 2781 2033 γυναῖκα.
2812 1966 2923 2019 Καὶ
2953 1963 3148 2035 εὑρέθη
3181 1965 3214 2035 ὴ
3253 1964 3474 2037 Ἐσθὴρ,
3503 1965 3564 2018 τὸ
3585 1965 3739 2034 γένος
3773 1963 3901 2020 Ἰου-

2319 2057 2444 2110 δαία
2473 2057 2838 2126 τυγχάνουσα.
2871 2053 2978 2111 Ἦν
3020 2057 3077 2110 δέ
3125 2058 3220 2110 καὶ
3247 2057 3589 2128 Μαρδοχαῖος
3635 2059 3898 2131 συγγενὴς

2320 2151 2492 2224 αὐτῆς
2523 2151 2630 2205 ἀπὸ
2660 2153 2759 2223 τῆς
2778 2151 3152 2224 αἰχμαλωσίας
3179 2151 3278 2222 τῆς
3304 2152 3601 2224 γενομένης
3627 2152 3721 2205 ἐπὶ
3742 2152 3899 2206 Σεδε-

2321 2244 2440 2297 κίου
2467 2245 2523 2298 ἐν
2549 2244 2685 2316 αὐτῇ
2713 2247 2779 2316 τῇ
2802 2244 2976 2317 χώρᾳ.
3006 2245 3064 2298 '0
3087 2240 3178 2299 οὖν
3202 2243 3472 2315 βασιλεὺς,
3501 2245 3644 2316 μέγα
3669 2248 3902 2317 ποιήσας

2320 2334 2442 2388 τινὰ
2467 2335 2574 2387 τῶν
2604 2335 2820 2400 ἐαυτοῦ,
2851 2336 3142 2406 λεγόμενον
3181 2335 3372 2406 Ἀμὰν,
3405 2337 3659 2390 ἐκέλευσε
3694 2339 3902 2402 πάντας

2320 2425 2483 2480 αὐτὸν
2530 2431 2879 2500 προσκυνεῖν.
2936 2427 3094 2481 Ἀλλὰ
3128 2415 3232 2481 τοῦ
3275 2429 3618 2500 Μαρδοχαίου
3670 2429 3764 2484 διὰ
3809 2431 3902 2501 τὴν

2322 2519 2460 2590 πρὸς
2483 2520 2576 2574 τὸν
2599 2521 2730 2575 Θεὸν
2751 2521 3004 2593 λατρείαν
3035 2522 3108 2593 μὴ
3135 2522 3566 2592 προσκυνοῦντος
3597 2523 3783 2588 αὐτὸν,
3801 2524 3905 2596 ὠρ-

2320 2608 2484 2679 γίσθη
2526 2612 2554 2664 6
2593 2611 2796 2682 Ἀμάνν
2835 2612 2930 2665 καὶ
2965 2611 3170 2682 μαθὼν,
3201 2613 3283 2666 ὅτι
3322 2611 3568 2676 Ἰουδαῖός
3599 2615 3742 2677 ἐστι,
3792 2614 3907 2668 πεί-

2323 2701 2406 2754 θει
2438 2701 2528 2755 τὸν
2557 2701 2784 2772 βασιλέα
2818 2703 3198 2774 Ἀρταξέρξην,
3233 2704 3328 2756 καὶ
3359 2705 3579 2775 γράφει,
3605 2703 3751 2758 ὥστε
3780 2706 3907 2759 πάν-

2321 2811 2420 2858 τας
2451 2796 2576 2859 τοὸς
2604 2798 2661 2849 ἐν
2692 2799 2757 2867 τῇ
2805 2795 3051 2868 βασιλείᾳ
3085 2795 3250 2849 αὑτοῦ
3280 2797 3565 2860 Ἰουδαίους
3594 2798 3906 2869 ὀλορῤίζους

2323 2885 2620 2941 ἀπολέσθαι
2661 2889 2718 2940 ἐν
2750 2889 2847 2960 μιᾷ
2893 2887 3076 2960 ἡμέρᾳ
3099 2886 3175 2958 τῷ
3220 2887 3285 2958 ιβ’
3331 2889 3480 2961 μηνί.
3531 2888 3700 2942 Τοῦτο
3732 2891 3910 2943 τοίνυν

2326 2979 2516 3052 μαθὼν
2556 2981 2585 3032 6
2625 2981 2989 3053 Μαρδοχαῖος,
3024 2980 3261 3047 ἐπένθει,
3289 2983 3385 3034 καὶ
3428 2981 3706 3053 νηστεύων
3741 2998 3912 3054 προσ-

2323 3073 2488 3127 έπεσε
2518 3076 2582 3145 τῇ
2617 3075 2836 3146 Ἑσθὴρ,
2876 3073 3042 3138 ἀξιῶν
3071 3075 3204 3146 παρ’
3251 3074 3420 3145 αὐτῆς
3467 3073 3721 3146 βοήθειαν
3757 3077 3913 3144 γενέο

2325 3167 2469 3221 σθαι.
2510 3166 2574 3220 Ἦ
2605 3167 2785 3220 τοίνυν
2823 3167 3044 3239 Ἐσθὴρ,
3085 3166 3447 3238 νηστεύσασα,
3492 3168 3586 3220 καὶ
3633 3167 3913 3240 εὐξαμένη

2322 3259 2400 3332 τῷ
2439 3259 2576 3332 Θεῷ,
2621 3261 2925 3332 ἐκόσμησεν
2953 3261 3150 3332 ἐαυτὴν
3184 3260 3260 3331 τῷ
3290 3260 3550 3332 βασιλικῷ
3579 3263 3795 3334 κόσμῳ,
3819 3266 3917 3318 καὶ

2328 3351 2402 3423 μὴ
2447 3351 2705 3423 κληθεῖσα
2749 3352 2870 3423 (ούκ
2914 3349 2981 3424 ἦν
3014 3353 3122 3424 γὰρ
3169 3351 3287 3416 ἐξὸν
3350 3354 3609 3408 εἰσελθεῖν
3653 3355 3918 3426 ἁκλητί),

2323 3444 2474 3513 ὅμως
2523 3443 2738 3515 εἰσῆλθε
2789 3444 2940 3515 παρὰ
2987 3446 3076 3499 τὸν
3125 3446 3314 3517 καιρὸν
3357 3447 3493 3518 πρὸς
3535 3447 3626 3500 τὸν
3659 3447 3917 3518 βασιλέα,

2325 3537 2446 3589 ἀντὶ
2488 3536 2580 3589 τοῦ
2616 3537 2810 3608 καιροῦ
2845 3536 3124 3610 θαρροῦσα
3153 3541 3219 3610 τῇ
3258 3539 3423 3610 εύχῇ·
3470 3535 3588 3593 εἶτα
3632 3542 3730 3595 τοῦ
3771 3543 3922 3613 βασι-

2323 3629 2460 3694 λέως
2500 3629 2870 3702 θαυμάζοντος
2903 3632 2964 3684 τὸ
2997 3633 3166 3699 ξένον,
3204 3633 3396 3686 ἔπεσεν
3437 3634 3617 3704 ἐκείνη
3661 3635 3780 3688 ἀπὸ
3822 3636 3924 3688 τοῦ

2325 3722 2509 3791 φόϐου.
2550 3723 2606 3776 Ὀ
2631 3723 2687 3776 δὲ
2727 3724 2858 3788 Θεὸς
2893 3724 3153 3795 μετέϐαλε
3183 3725 3269 3777 τὸν
3309 3725 3478 3796 θυμὸν
3516 3726 3610 3780 τοῦ
3641 3726 3926 3796 βασιλέως

2325 3817 2406 3879 εἰς
2447 3817 2686 3870 διάθεσιν
2731 3817 2828 3870 καὶ
2875 3817 3180 3890 πραότητα,
3221 3820 3316 3873 καὶ
3359 3819 3597 3882 ἀναστὰς
3640 3818 3929 3873 ἐϐάστασε

2322 3910 2422 3981 τὴν
2463 3914 2716 3979 γυναῖκα,
2762 3911 2858 3964 καὶ
2902 3912 3202 3984 παρεκάλει
3245 3912 3416 3983 αὐτὴν
3470 3913 3546 3985 μὴ
3587 3911 3926 3981 φοϐεῖσθαι·

2324 4003 2461 4057 ἀλλὰ
2493 4005 2586 4058 καὶ
2619 4005 2852 4074 ἠξίωσεν
2885 4004 3052 4076 αὐτὴν
3086 4005 3436 4078 αἰτήσασθαι,
3464 4005 3518 4057 ετ
3550 4023 3602 4058 τι
3639 4004 3930 4075 βούλοιτο.

2337 4093 2401 4147 Ἦ
2426 4095 2482 4147 δέ
2513 4095 2605 4148 ἐπὶ
2631 4095 2844 4149 δεῖπνον
2870 4095 3103 4166 ἠξίωσεν
3142 4095 3318 4149 ἐλθεῖν
3347 4097 3514 4150 αὐτόν
3537 4112 3594 4148 τε
3619 4095 3715 4149 τὸν
3756 4096 3932 4167 βασι-

2323 4185 2419 4240 λέα
2453 4188 2548 4241 καὶ
2593 4189 2686 4244 τὸν
2722 4189 2915 4260 Ἀμὰν,
2961 4189 3060 4260 οὐχ
3097 4189 3265 4254 ἅπαξ,
3314 4189 3450 4244 ἀλλὰ
3490 4190 3584 4242 καί
3625 4188 3937 4262 δεύτερον.

2336 4278 2394 4328 '0
2423 4277 2521 4347 μὲν
2550 4274 2644 4332 οὖν
2671 4278 2864 4350 Ἀμὰν,
2894 4278 3191 4351 διαχυθεὶς,
3219 4280 3312 4333 καί
3340 4280 3622 4348 γανωθείς,
3645 4278 3728 4344 ὡς
3757 4281 3941 4346 ἀξιω-

2325 4367 2438 4432 θεὶς
2471 4369 2576 4423 ὑπὸ
2609 4371 2707 4440 τῆς
2741 4370 3061 4442 βασιλίσσης
3090 4371 3376 4444 κληθῆναι,
3413 4371 3495 4426 ἔτι
3540 4371 3752 4442 μᾶλλον
3791 4374 3946 4443 ἐπή-

2326 4478 2450 4534 ρετο
2498 4462 2640 4516 κατὰ
2684 4463 2780 4517 τοῦ
2823 4463 3193 4536 Μαρδοχαίου,
3238 4463 3334 4518 καί
3381 4463 3613 4534 ποιήσας
3667 4464 3946 4534 κοπῆναι

652 4539 856 4596 batur:
888 4540 1209 4611 curavitque
1253 4541 1457 4612 lignum
1508 4543 1741 4598 sublime
1787 4543 1990 4607 excidi,
2031 4546 2219 4601 volens

2327 4552 2481 4617 ξύλον
2520 4555 2683 4626 μέγα,
2737 4555 2991 4610 ἐϐούλετο
3029 4557 3122 4610 τὸν
3165 4556 3511 4628 Μαρδοχαῖον
3550 4557 3630 4619 εἰς
3673 4555 3840 4610 αὐτὸ
3871 4558 3951 4626 τῇ

656 4630 709 4684 in
740 4646 806 4686 eo
840 4640 1098 4702 sequente
1133 4633 1220 4688 die
1271 4634 1606 4704 suspendere
1650 4633 2070 4692 Mardocha-um.
2106 4635 2219 4690 Rex

653 4738 800 4790 vero,
833 4723 975 4778 bona
1001 4724 1233 4795 quadam
1268 4724 1625 4796 providentia,
1650 4734 1867 4780 noctem
1892 4727 2039 4781 illam
2068 4727 2224 4782 duxit

651 4815 980 4881 insomnem,
1023 4826 1076 4872 et
1120 4832 1246 4872 cum
1293 4817 1533 4874 dormire
1586 4819 1862 4888 nequiret,
1897 4819 2065 4889 jussit
2119 4818 2220 4874 sibi

651 4909 1072 4962 commentarios
1105 4919 1348 4964 actorum
1390 4925 1613 4964 suorum
1643 4911 1770 4978 legi.
1803 4910 2048 4980 Cumque
2080 4910 2222 4980 lege-

651 5008 860 5062 rentur,
884 5008 1107 5053 ventum
1136 5007 1219 5054 cst
1259 5001 1325 5054 ad
1355 5015 1477 5055 eum
1507 5001 1708 5065 locum,
1740 5002 1795 5054 in
1821 5016 1930 5070 quo
1957 5001 2221 5069 scriptum

649 5102 766 5146 erat
800 5092 1120 5146 beneficium
1153 5093 1264 5161 regi
1301 5108 1328 5144 a
1375 5091 1714 5146 Mardochazo
1758 5092 2042 5145 collatum.
2074 5091 2221 5145 Duos

650 5183 793 5235 enim
845 5182 1126 5236 eunuchos
1176 5183 1289 5251 regi
1338 5182 1683 5245 insidiantes,
1717 5181 1830 5250 regi
1885 5181 2218 5250 prodiderat,

651 5281 704 5325 et
732 5273 1061 5325 convicerat.
1102 5269 1203 5325 Hic
1230 5287 1325 5325 rex
1356 5273 1426 5325 ob
1460 5271 1783 5324 Mardochtei
1809 5271 2044 5324 oilicium
2071 5284 2222 5342 grato

653 5362 873 5416 aliectus
898 5363 1102 5425 animo,
1139 5363 1415 5431 quierebat
1436 5377 1671 5432 quonam
1708 5363 1860 5416 illum
1887 5364 2093 5418 honore
2122 5379 2222 5434 pro

654 5453 752 5506 hoc
781 5454 1047 5508 beneficio
1075 5455 1320 5509 donaret.
1351 5454 1486 5509 Cum
1519 5464 1700 5511 autem
1732 5473 1892 5512 mane
1938 5459 2004 5511 ad
2056 5472 2115 5512 se
2146 5458 2224 5510 in-

653 5544 967 5612 grederetur
1016 5546 1213 5609 Aman,
1245 5548 1437 5615 quterit
1481 5548 1549 5601 ab
1586 5549 1678 5601 illo
1732 5565 1847 5613 rex,
1880 5565 2119 5618 quonam
2169 5557 2222 5602 et

651 5635 797 5702 quali
834 5636 1038 5690 honore
1063 5638 1262 5706 dignus
1290 5641 1361 5692 sit
1391 5641 1458 5703 is,
1499 5642 1592 5710 qui
1625 5658 1805 5712 regem
1842 5643 2109 5697 beneﬁcio
2140 5643 2224 5695 af--

655 5722 893 5779 fecisset.
931 5726 1010 5780 Ad
1063 5726 1168 5782 hoc
1197 5728 1396 5792 Aman,
1439 5745 1562 5784 cum
1613 5749 1672 5787 se
1701 5735 2066 5788 arbitraretur
2097 5751 2220 5792 cum

653 5833 776 5874 esse
811 5820 875 5874 de
911 5837 1018 5891 quo
1055 5837 1144 5876 rex
1191 5826 1487 5892 quaerebat,
1518 5827 1742 5897 dignum
1794 5845 1916 5885 esse
1955 5830 2088 5885 dixit
2131 5833 2221 5904 qui

2326 4642 2660 4721 ἐξῆςκήμέρα
2682 4646 2985 4718 κρεμάσαι·
3014 4650 3042 4701 6
3067 4647 3124 4700 δὲ
3161 4646 3432 4718 βασιλεὺς,
3460 4648 3601 4702 κατά
3623 4664 3762 4701 τινα
3797 4649 3955 4721 πρὸ·

2323 4717 2477 4789 νοιαδ
2519 4717 2731 4806 ἀγαθὴν
2779 4738 3136 4809 ἀγρυπνήσας
3164 4717 3388 4807 ἐκείνην
3428 4738 3528 4809 τὴν
3569 4735 3786 4804 νύκτα,
3843 4717 3958 4793 καὶ

2299 4828 2402 4899 μὴ
2447 4828 2742 4900 δυνάμενος
2785 4830 3065 4896 ύπνῶσαι,
3109 4831 3393 4884 ἐκέλευσεν
3437 4830 3961 4899 ἀναγινώσκεσθαι

2324 4920 2475 4991 αὐτῷ
2508 4921 2617 4974 τῶν
2661 4921 2912 4994 πράξεων
2942 4923 3104 4976 αὑτοῦ
3129 4922 3200 4977 τὰ
3225 4924 3610 4994 ὑπομνήματα.
3637 4924 3770 4978 Καὶ
3805 4928 3966 4982 ἀνα-

2322 5013 2740 5083 γινωσκομένων
2775 5015 2976 5078 αύτῶν,
3002 5009 3128 5086 εὗρε
3162 5015 3360 5087 πρᾶξιν
3393 5015 3602 5086 ἀγαθὴν
3626 5017 3718 5079 εἰς
3766 5021 3968 5073 αὑτὸν

2323 5104 2620 5176 γενομένην
2659 5107 2765 5160 ὑπὸ
2799 5107 2896 5160 τοῦ
2925 5107 3291 5179 Μαρδοχαίου.
3325 5108 3428 5160 Δύο
3454 5107 3562 5178 γὰρ
3594 5109 3966 5184 εὐνούχους,

2328 5194 2618 5264 μέλλοντας
2672 5198 3043 5252 ἐπιϐουλεύειν
3098 5198 3176 5269 τῷ
3227 5198 3452 5268 βασιλεῖ,
3507 5201 3964 5272 προσήγγειλεν

2325 5286 2471 5356 αὐτῷ
2501 5287 2578 5357 τῷ
2625 5287 2853 5358 βασιλεῖ,
2885 5292 2977 5345 καί
3019 5289 3261 5360 ἤλεγξεν.
3301 5291 3360 5344 Ὀ
3401 5290 3581 5344 τοίνυν
3624 5290 3964 5373 βασιλεὺς,

2325 5375 2724 5449 ἀποδεξάμενος
2749 5383 2847 5454 τὴν
2869 5384 3189 5455 προαίρεσιν
3207 5383 3300 5436 τοῦ
3331 5383 3708 5454 Μαρδοχαίου,
3746 5388 3961 5461 ἐζῆτε

2324 5467 2488 5538 τιμὴν
2521 5471 2677 5536 ἀξίαν
2720 5477 3021 5544 παρασχεῖν
3058 5474 3136 5544 τῷ
3165 5474 3416 5545 τοιούτῳ.
3466 5476 3554 5538 Ὡς
3591 5475 3646 5528 δὲ
3695 5479 3962 5551 εἰσ-ἧλοι

2326 5562 2539 5630 πρωῖας
2580 5564 2714 5634 πρὸς
2756 5566 2916 5618 αὑτὸν
2954 5568 2981 5619 6
3017 5564 3207 5634 Ἀμὰν,
3246 5565 3574 5619 ἐπυνθάνετο
3598 5567 3626 5618 6
3651 5565 3960 5636 βασιλεὺς

2327 5652 2510 5717 αὑτοῦ,
2540 5656 2730 5719 ὁποίας
2760 5656 2854 5710 καὶ
2882 5656 3121 5726 πηλίκης
3150 5656 3312 5727 τιμῆς
3352 5656 3501 5720 ἄξιός
3542 5659 3738 5723 ἐστιν,
3793 5665 3835 5716 ὁ
3876 5665 3959 5735 βα

2328 5743 2477 5798 σιλέα
2509 5748 2895 5818 εὐεργετήσας.
2952 5749 3009 5802 '0
3053 5748 3108 5801 δὲ
3144 5748 3333 5818 ’Δμὰν,
3377 5748 3614 5818 νομίζων
3643 5756 3830 5825 περὶ
3873 5757 3958 5814 cr!

2329 5836 2420 5891 τοῦ
2461 5839 2823 5894 πυνθάνεσθαι
2848 5840 2939 5893 τὸν
2975 5839 3220 5910 βασιλέα,
3253 5834 3426 5904 εἷπεν,
3462 5840 3611 5906 ἀξιον
3641 5837 3842 5902 εἶναι
3877 5847 3956 5906 τὶ
