3958 6496
94 426 184 484 369
1132 427 1468 486 SYNOPSIS
1506 428 1657 487 SCRI

1813 428 1923 486 [ἰλΕ
1965 430 2234 487 ΞΑίῖΒλΕ.
3223 438 3345 493 δῖο-
3372 496 3376 500 ⁴

93 534 305 594 τοιοῦτον
339 534 601 612 δεύτερον
628 537 854 610 βασιλέα
881 539 1180 597 καλεῖσθαι.
1223 544 1281 598 Ὀ
1315 544 1414 615 μὲν
1440 540 1531 599 οὖν
1560 544 1656 616 βα-

1764 546 1896 602 alter
1925 563 2019 602 rex
2075 553 2386 602 vocaretur.
2423 543 2533 601 Rex
2590 545 2757 619 igitur
2795 545 3194 604 Mardochaeum
3233 550 3327 607 illo

96 631 251 693 σιλεῦς
274 629 496 684 κελεύει
537 630 627 684 τὸν
674 631 1019 705 Μαρδοχαῖον
1050 635 1147 707 τῆς
1193 635 1448 709 τοιαύτης
1493 637 1658 709 τιμῆς

1783 653 1968 692 tonore
2019 638 2309 701 celebrari,
2338 645 2392 693 et
2425 637 2598 693 Aman
2645 647 2771 695 ante
2826 641 2979 695 illum
3029 642 3346 713 procedere’

96 721 386 794 ἀξιωθῆναι,
422 723 633 777 καὶτὸν
679 723 855 795 Ἀμάν
886 724 1196 797 ἔμπροσθεν
1228 728 1396 782 αὐτοῦ
1430 746 1659 802 περιπα-

1783 730 1940 784 ussit.
1981 728 2182 784 Esther
2209 742 2338 783 vero
2388 730 2853 801 opportunitatem
2906 740 3065 788 nacta
3108 750 3207 805 pro
3232 732 3336 791 Ju-

94 820 204 872 τείν.
244 814 305 868 Ἦ
330 814 387 868 85
427 814 653 888 Ἑσθὴρ,
696 817 969 890 πρόῳασιν
997 818 1253 892 εὑροῦσα,
1294 820 1494 891 ἠξίωσε
1528 822 1657 894 περὶ

1762 820 1889 876 tiaris
1922 820 2119 876 oravit.
2144 818 2351 875 Deinde
2374 835 2496 875 cum
2532 837 2626 876 rex
2657 837 2892 879 mwrore
2919 822 3163 891 aﬂ‘ectus,
3198 843 3325 897 pro-

90 906 181 961 τῶν
212 905 502 961 Ἰουδαίων.
529 902 666 962 Εἶτα
684 908 781 963 τοῦ
814 909 1079 981 βασιλέως
1100 911 1432 984 λυπηθέντος
1457 915 1549 968 ἐπὶ
1575 913 1653 987 τῷ

1761 922 1876 986 pter
1905 912 2190 985 indignum
2224 923 2413 967 contra
2441 911 2658 969 Juilseos
2686 914 2949 980 edictum,
2982 924 3035 972 et
3061 902 3324 974 adversus

92 1000 362 1072 ’παρανόμῳ
393 1001 784 1072 προστάγματι
812 1001 891 1074 τῷ
923 1004 1065 1058 κατά
1097 1005 1208 1061 τῶν
1240 1006 1529 1074 Ἰουδαίων,
1560 1008 1654 1062 καὶ

1762 1007 1930 1062 Aman
1969 1007 2051 1062 ira
2104 1015 2414 1062 commotus
2456 1018 2622 1075 esset,
2669 1008 2787 1080 ipse
2826 1010 3018 1074 Aman,
3049 1024 3176 1081 rege
3230 1010 3325 1064 ab-

90 1091 404 1163 όρτισθέντος
429 1091 577 1146 κατά
600 1092 694 1147 τοῦ
734 1091 927 1165 ’Δμάν,
953 1095 1118 1160 αὐτὸς
1139 1098 1169 1150 ὁ
1207 1096 1383 1168 Ἀμὰν
1408 1098 1653 1170 παρεκά-

1762 1108 1929 1166 sente,
1962 1099 2165 1171 reginae
2193 1099 2541 1169 supplicavit,
2574 1101 2641 1156 ad
2669 1116 2844 1172 genua
2892 1102 3038 1157 illius
3068 1118 3325 1173 procum-

91 1182 158 1236 λει
191 1181 279 1254 τὴν
320 1182 548 1257 Ἐσθὴρ,
590 1183 823 1251 ἀπόντος
864 1186 959 1241 τοῦ
1004 1187 1291 1259 βασιλέως,
1332 1190 1651 1245 ἐπικόπτων

1762 1191 1891 1247 hens
1938 1198 2103 1261 atque
2145 1190 2404 1249 adorans.
2436 1189 2554 1247 Rex
2602 1207 2727 1246 cum
2779 1208 3062 1266 regressus
3116 1195 3325 1251 videret

90 1275 169 1328 καὶ
194 1276 512 1348 προσκυνῶν
534 1277 607 1332 τὰ
629 1278 830 1348 γόνατα
852 1281 1045 1354 αὐτῆς.
1080 1283 1136 1336 ’0
1161 1282 1219 1337 δὲ
1245 1283 1515 1354 βασιλεὺς,
1546 1286 1652 1339 είσ-

1760 1282 1927 1336 Anian
1956 1296 2131 1352 genua
2178 1281 2378 1352 regina:
2415 1283 2766 1354 contingere,
2832 1286 3142 1355 suspicatus
3177 1286 3323 1356 quod

91 1370 249 1434 ελθὼν,
276 1369 373 1425 καὶ
404 1370 675 1444 ἑωρακὼς
698 1372 790 1427 τὸν
814 1373 992 1446 Ἀμάν
1014 1376 1321 1447 ἁπτόμενον
1349 1376 1460 1431 τῶν
1489 1378 1649 1446 γονά-

1756 1372 2115 1445 turpitudinis
2143 1389 2316 1443 causa,
2343 1374 2398 1429 id
2425 1374 2647 1440 faceret,
2677 1374 2844 1445 jussit
2870 1376 3042 1430 Aman
3077 1377 3131 1431 in
3153 1377 3319 1448 ligno,

91 1479 177 1515 των
200 1464 288 1535 τῆς
311 1463 660 1537 βασιλίσσης,
692 1466 1000 1540 ὑπονοήσας
1036 1470 1278 1541 αἰσχρῶς
1300 1469 1461 1525 αὐτὸν
1491 1472 1649 1526 τοῦτο

1759 1466 1896 1539 quod
1930 1466 2272 1522 Mardochaao
2302 1472 2611 1537 paraverat,
2651 1468 2954 1538 suspendi:
2987 1470 3322 1540 scripsitau—

92 1558 252 1622 ποιεῖν,
287 1556 548 1611 ἐκέλευσε
588 1557 683 1611 τὸν
726 1558 825 1631 μὲν
862 1561 1036 1632 Ἀμάν
1073 1563 1153 1626 είς
1194 1563 1254 1616 τὸ
1298 1561 1470 1628 ξύλον,
1511 1564 1647 1637 ὅπερ

1760 1567 1859 1617 tem
1908 1569 1970 1616 ut
2018 1559 2194 1616 Judaei
2235 1559 2395 1630 130
2447 1560 2667 1630 quidem
2713 1576 2904 1616 omnes
2950 1561 3323 1618 incolumitate

89 1640 144 1715 ἦν
166 1645 445 1716 ἑτοιμάσας
478 1645 563 1718 τῷ
604 1648 955 1722 Μαρδοχαίῳ,
992 1651 1373 1725 κρεμασθῆναι
1394 1671 1409 1686 ο
1443 1656 1646 1728 γράφει

1759 1653 2088 1717 fruerentur,
2114 1653 2302 1709 hostes
2318 1667 2449 1707 vero
2477 1666 2667 1707 eorum
2694 1651 2912 1722 ahipsis
2945 1652 3322 1709 interimeren-

90 1737 137 1791 85
161 1737 324 1792 ἄνεσιν
358 1739 463 1810 μὲν
503 1740 648 1812 ἔχειν
687 1742 898 1807 πάντας
927 1745 1053 1810 τοὺς
1092 1745 1399 1812 Ἰουδαίους,
1432 1750 1559 1813 τοὺς
1588 1750 1646 1804 85

1758 1757 1855 1803 tur.
1895 1745 2170 1802 Numerus
2213 1753 2394 1801 autem
2447 1760 2660 1809 eorum,
2702 1745 2795 1816 qui
2829 1762 2860 1800 a
2905 1744 3106 1801 Iudaeis
3151 1747 3321 1802 occisi

96 1830 288 1903 ἐχθροὺς
328 1831 518 1887 αὐτῶν
550 1835 902 1909 ἀναιρεθῆναι
941 1839 1072 1911 παρ’
1096 1838 1297 1894 αὐτῶν.
1326 1843 1435 1896 Καὶ
1467 1846 1515 1897 οἱ
1546 1843 1645 1917 μὲν

1752 1848 1895 1905 sunt,
1946 1838 2052 1894 fuit
2092 1839 2402 1910 quindecim
2443 1839 2711 1893 millium:
2741 1837 2971 1908 ideoque
3025 1837 3151 1893 festi
3200 1838 3315 1894 illis

92 1924 429 1996 ἀναιρεθέντες
468 1926 627 2000 παρὰ
673 1928 783 1983 τῶν
821 1929 1094 1985 Ἰουδαίων
1140 1931 1248 1985 είσὶ
1291 1932 1477 2005 μύριοι
1519 1952 1647 1989 πεν-

1755 1931 1904 1988 l‘uere
1954 1932 2073 1989 dies
2106 1941 2337 2003 quartus
2375 1930 2645 1996 decimus,
2695 1937 2752 1986 et
2800 1932 3024 2002 quintus
3072 1931 3318 1987 decimus

90 2016 370 2087 τακιτχίλιοι
387 2034 402 2047 ·
433 2018 634 2087 γέγονε
659 2019 717 2073 85
757 2021 919 2095 ἑορτὴ
947 2022 1036 2076 διὰ
1059 2022 1218 2076 τοῦτο
1246 2024 1450 2090 αὐτοῖς,
1471 2030 1537 2099 τῇ
1585 2027 1644 2081 ιδ’

1755 2025 1957 2081 mensis
1989 2025 2320 2091 duodecimi,
2343 2023 2437 2095 qui
2460 2025 2865 2080 vocaturAder.
2900 2023 3109 2079 Dicitur
3137 2030 3318 2079 autem

91 2106 165 2160 ut
202 2114 254 2161 t5'
300 2108 357 2162 5v
399 2110 489 2182 τῷ
541 2112 672 2183 μηνὶ
712 2112 791 2185 τῷ
834 2113 922 2185 ιβ’,
972 2115 1122 2178 ὅστις
1170 2116 1416 2173 καλεῖται
1459 2118 1641 2192 "A859.

1756 2116 1840 2171 illa
1880 2116 1999 2172 dies
2032 2116 2280 2187 ipsorum
2326 2115 2512 2185 lingua
2555 2113 2768 2170 Phrure
2803 2113 2936 2185 (20).
2978 2113 3319 2185 Quapropter

101 2200 414 2271 Ὀνομάζεται
446 2204 513 2258 δέ
541 2206 575 2277 ἡ
604 2206 789 2278 ἡμέρα
821 2206 959 2280 αὕτη
988 2210 1068 2280 ⁶τῇ
1117 2209 1224 2282 ίδίᾳ
1249 2211 1513 2284 διαλέκτῳ
1549 2213 1647 2267 αύ-

1763 2215 1802 2265 :t
1827 2205 2002 2264 Judaei
2045 2208 2101 2263 in
2130 2208 2221 2262 illa
2249 2208 2423 2261 Aman
2456 2206 2808 2274 comburunt,
2836 2216 2892 2262 et
2936 2205 3135 2263 festum
3173 2205 3326 2263 diem.

90 2290 174 2344 τῶν
208 2293 428 2366 Φρουρέ.
497 2297 597 2351 Διά
643 2297 803 2353 τοῦο
845 2299 990 2355 κατά
1023 2301 1124 2374 τὴν
1177 2303 1392 2376 ἡμέραν
1441 2305 1644 2379 ταύτην

1277 2303 1392 2376 Ξραν
1441 2305 1644 2379 ταύτην
1745 2307 1914 2373 agunt
1942 2299 2137 2357 salutis
2170 2299 2411 2371 ipsorum
2446 2300 2840 2357 memorialem.

92 2385 291 2439 παίωσιν
311 2389 360 2441 ot
383 2388 639 2444 Ἰουδαῖοι
662 2390 744 2445 τὸν.
784 2392 978 2464 Ἀμάν,
1009 2394 1103 2448 καὶ
1131 2396 1471 2469 ἑορτάζουσι,
1507 2417 1643 2471 μνη-

93 2476 282 2547 μόσυνον
304 2475 477 2536 οὖσαν
504 2483 779 2555 σωτηρίας
804 2486 1007 2540 αὐτῶν.

600 2597 843 2651 Βιϐλίον
874 2598 1110 2656 Ἰουδίθ.

2324 2592 2483 2648 Liber
2501 2589 2710 2646 Iudith.

147 2681 220 2739 l5.
243 2684 475 2755 Λέγεται
503 2687 565 2743 τὸ
591 2687 798 2760 βιϐλίον
829 2690 1023 2757 οὕτως,
1056 2694 1243 2767 ἐπειδὴ
1274 2696 1365 2750 καὶ
1389 2694 1486 2770 τὴν
1512 2699 1641 2772 περὶ

1812 2688 1904 2744 4⁸5.
1938 2686 2056 2744 Hoc
2102 2686 2326 2743 nomine
2357 2692 2590 2741 vocatur
2618 2683 2724 2739 iste
2757 2683 2929 2745 liber,
2965 2680 3096 2752 quia
3141 2678 3328 2734 histo--

93 2774 174 2844 τῆς
193 2778 361 2832 ἰουδὶθ
412 2780 665 2853 ἱστορίαν
708 2783 986 2855 περιέχει·
1015 2785 1133 2850 πῶς
1161 2788 1189 2841 ό
1219 2788 1352 2865 Θεὸς
1383 2771 1642 2863 πολεμου-

1752 2785 1879 2840 riam
1911 2782 2099 2839 Judith
2134 2782 2401 2845 continet,
2434 2776 2710 2849 quomodo
2758 2776 2970 2833 scilicet
2992 2773 3137 2831 Deus
3175 2771 3315 2828 ﬁlios

96 2867 252 2939 μένους
276 2871 366 2925 καὶ
389 2870 892 2945 πολιορκουμένους
913 2873 1018 2929 ὑπὸ
1037 2877 1130 2931 τοῦ
1167 2862 1486 2952 Ὁλοφέρνου
1512 2882 1640 2947 τοὺς

1753 2873 1907 2933 Israel
1947 2866 2016 2928 ah
2048 2871 2395 2941 Holopherne
2432 2868 2778 2939 impugnatos
2804 2874 2857 2921 et
2881 2865 3161 2927 obsessos,
3193 2862 3316 2933 eius

95 2959 215 3023 υἱοὺς
237 2962 445 3035 Ἰσραὴλ
477 2964 546 3017 δι’
573 2965 792 3038 ἐκείνης
818 2966 989 3023 ἔσωσε
1029 2969 1130 3041 μὲν
1177 2971 1303 3036 τοὺς
1331 2972 1516 3038 λαοὺς,
1544 2974 1637 3030 τὸν

1767 2981 1909 3038 ιροιιο
1938 2963 2270 3025 liberaverit,
2305 2960 2820 3031 Holophernemque
2847 2955 3201 3028 percusserit.
3221 2952 3330 3006 Est-

93 3050 136 3104 δὲ
162 3054 470 3128 ὐλοφέρνην
492 3057 782 3125 ἐπάταξεν.
818 3060 882 3113 Ἠ
910 3060 969 3115 85
999 3061 1206 3134 ἱστορία
1224 3062 1384 3136 αὕτη.
1418 3065 1635 3120 Ναϐου-

1750 3067 1924 3115 autem
1957 3057 2189 3113 historia
2237 3055 2383 3110 talis.
2423 3051 2925 3107 Nabuchodonosor
2963 3047 3313 3120 Assyriorum

96 3146 330 3219 κυδονόσορ
359 3149 388 3202 ό
435 3150 697 3220 βασιλεὺς
740 3150 849 3205 τῶν
880 3153 1205 3226 ’Δσσυρίων,
1239 3156 1473 3228 πόλεμον
1499 3159 1636 3231 ἔχων

1749 3166 1856 3215 rex,
1889 3165 2015 3204 cum
2039 3147 2240 3204 bellum
2271 3154 2485 3217 gereret
2516 3144 2781 3198 adversus
2810 3139 3101 3212 Arphaxad
3132 3153 3312 3210 regem

95 3240 202 3310 πρδς
239 3241 513 3313 ’Δρφαξάδ
569 3242 793 3314 βασιλέα
832 3245 1053 3317 Μήδων,
1097 3247 1269 3320 ᾔτησε
1319 3253 1635 3324 συμμαχίαν

1756 3241 2044 3306 tiedorum,
2079 3240 2148 3295 ab
2189 3238 2446 3294 omnibus
2481 3236 2734 3303 gentibus
2779 3235 2845 3289 ad
2894 3232 3188 3304 Egyptum
3218 3247 3319 3324 us-

96 3333 214 3402 παρὰ
240 3336 339 3389 τῶν
367 3337 548 3392 ἐθνῶν
577 3339 798 3395 πάντων
826 3340 932 3406 ἕως
958 3341 1256 3412 Αἰγύπτου.
1287 3344 1382 3417 Μὴ
1411 3346 1636 3402 δεδωκό-

1748 3352 1843 3408 que
1874 3334 2078 3389 auxilia
2108 3333 2360 3405 petierat.
2387 3330 2525 3385 Cum
2554 3344 2686 3383 vero
2721 3343 2883 3383 nemo
2918 3325 3180 3380 auxilium
3205 3323 3311 3377 mi-

93 3439 177 3477 των
206 3427 254 3481 δὲ
292 3430 466 3502 αύτῷ,
500 3431 640 3486 ἀλλὰ
678 3433 1082 3506 ἀντειρηκότων
1116 3435 1355 3504 πάντων,
1399 3439 1536 3509 μετὰ
1574 3440 1636 3494 τὸ

1749 3429 1923 3491 sisset,
1946 3425 2043 3482 sed
2059 3424 2375 3481 tenuissent
2399 3438 2611 3487 omnes,
2644 3429 2996 3493 posteaquam
3025 3418 3312 3475 victoriam

95 3517 272 3589 νικῆσαι
301 3524 392 3577 καὶ
424 3524 817 3596 περιγενέσθαι
844 3526 941 3581 τοῦ
976 3527 1272 3599 ’Δρφαξὰδ,
1309 3529 1461 3584 ἔθετο
1491 3532 1635 3587 κατά

1749 3526 1884 3578 esset
1912 3524 2223 3582 assecutus,
2253 3523 2307 3573 et
2335 3514 2627 3587 Arphaxad
2654 3514 2807 3589 bello
2830 3520 3165 3584 superasset,
3198 3511 3312 3567 bel-

94 3607 179 3661 τῶν
205 3611 271 3684 μὴ
296 3614 611 3670 δεδωκότων
633 3616 891 3691 πόλεμον,
915 3619 1010 3674 καὶ
1041 3620 1328 3675 ἀπέστειλε
1359 3621 1451 3677 τὸν
1484 3624 1633 3678 Ὀλο-

1749 3627 1848 3665 .um
1878 3607 2064 3664 intulit
2091 3607 2179 3673 iis,
2216 3608 2308 3678 qui
2352 3606 2489 3661 nihil
2518 3604 2707 3660 auxilii
2742 3604 3026 3669 miserant,
3056 3601 3312 3673 misitque

95 3700 259 3775 φέρνην
297 3707 436 3777 μετὰ
477 3707 761 3780 δυνάμεως
799 3709 1001 3782 πολλῆς
1044 3714 1164 3767 κατ’
1184 3712 1386 3769 αὐτῶν.
1417 3714 1498 3768 Τὰ
1536 3716 1633 3787 μὲν

1742 3700 2135 3773 Holophernem
2167 3700 2456 3756 adversum
2487 3712 2583 3753 eos
2626 3711 2749 3751 cum
2787 3709 2985 3766 magno
3043 3692 3305 3749 exercitu.

95 3788 164 3847 ὤν
199 3796 318 3852 ἄλλα
358 3799 545 3854 πάντα
589 3800 716 3874 εθνη
748 3802 930 3869 ἔλαϐε,
980 3804 1073 3858 καὶ
1105 3804 1173 3859 τὰ
1215 3805 1410 3860 ετδωλα
1455 3782 1633 3862 αὐτῶν

1749 3793 1837 3850 Hic
1869 3792 2004 3861 alias
2025 3791 2244 3863 quidem
2270 3798 2461 3862 gentes
2490 3803 2683 3843 omnes
2724 3786 2868 3840 bello
2897 3784 3061 3853 cepit,
3093 3790 3146 3837 et
3168 3782 3312 3836 idola

98 3889 362 3963 συνέτριψεν
380 3912 396 3926 ·
437 3896 487 3949 oi
514 3896 572 3950 85
604 3897 715 3951 υἱοὶ
738 3896 957 3969 Ἰσραὴλ
980 3897 1355 3967 ἠσφαλίσαντο
1383 3901 1629 3967 ἑαυτοὺς,

1746 3889 1985 3959 ipsarum
2027 3884 2318 3956 confregit.
2354 3881 2613 3938 Israelita:
2643 3896 2772 3935 vero
2804 3894 2925 3936 sese
2970 3874 3309 3932 communie-

95 3984 167 4035 καὶ
188 3986 272 4057 οὐχ
308 3988 628 4061 ὑπήκουσαν
661 3987 741 4061 τῷ
774 3966 1093 4062 Ὀλοιρέρνῃ,
1122 3988 1249 4044 οὔτε
1289 3991 1633 4064 ἐφοϐήθησαν

1745 3990 1884 4043 runt,
1920 3995 2022 4035 nec
2065 3976 2401 4050 uolupherni
2438 3974 2710 4038 obsecuti,
2755 3987 2931 4045 neque
2972 3969 3135 4025 minis
3162 3966 3308 4020 illius

96 4073 224 4128 αὐτοῦ
243 4055 331 4150 τὴν
357 4055 615 4152 ἀπειλήν.
644 4055 1115 4152 Ὀτοίνυννίερεύς
1145 4055 1402 4153 Ἰωακείμ
1426 4055 1631 4156 έγραψε

1745 4071 2010 4146 perterriti
2058 4079 2207 4125 sunt.
2271 4066 2508 4137 Scripsit
2558 4066 2743 4136 itaque
2797 4061 3055 4119 sacerdos
3097 4055 3308 4114 Joaltim

95 4168 181 4229 τοῖς
206 4170 256 4222 ὲν
277 4171 545 4245 Βετυλούᾳ
567 4170 769 4245 φράξαι.
795 4171 894 4242 τὴν
919 4171 1035 4227 ὁδδν
1068 4172 1411 4246 ὐλοφέρνου,
1444 4153 1630 4248 ἐπειδὴ

1743 4164 1949 4221 civibus
1973 4162 2271 4234 Bethulyze,
2309 4169 2370 4216 ut
2399 4160 2544 4214 viam
2568 4155 2904 4227 llolopherni
2934 4153 3306 4210 obstruerent.

96 4255 261 4313 ἐκεῖθεν
297 4258 361 4335 ἦν
389 4263 560 4318 αὐτοῦ
604 4244 811 4335 qm.
858 4264 970 4318 Καὶ
1008 4244 1275 4336 ἔφραξεν.
1313 4267 1424 4321 Καὶ
1464 4267 1493 4320 ὁ
1534 4244 1632 4338 μὲν

1746 4258 1911 4314 ιειίιειο
1937 4257 2084 4312 enim
2131 4256 2236 4311 iter
2267 4254 2515 4309 facturus
2546 4260 2683 4307 erat.
2714 4250 2795 4305 llli
2830 4256 3010 4303 autem
3037 4245 3180 4300 viam
3212 4244 3309 4298 oh-

104 4333 381 4426 Ὀλοιιςέρνης
420 4333 797 4428 παρετάσσετο
839 4356 920 4419 είς
964 4333 1230 4426 πόλεμον·
1269 4357 1469 4431 Ἀχιὼρ
1502 4333 1559 4412 85
1603 4361 1632 4413 8

1745 4357 2078 4408 struxerunt.
2116 4348 2496 4418 Holopliernes
2538 4345 2704 4416 igitur
2743 4341 2916 4397 aciem
2948 4337 3209 4395 instruxit
3241 4333 3308 4389 ad

96 4439 349 4514 ἡγούμενος
378 4446 490 4500 τῶν
528 4445 659 4500 υἱῶν
689 4445 918 4518 Ἀμμὼν
955 4445 1339 4502 συνεϐούλευσε
1371 4448 1449 4520 τῷ
1483 4449 1631 4503 Ὀλο-

1748 4458 1994 4515 pugnam.
2019 4440 2224 4496 Achior
2258 4455 2388 4494 vero
2411 4438 2669 4510 princeps
2703 4432 3138 4489 Ammonitarum
3178 4442 3311 4482 con-

98 4531 235 4608 φέρνῃ
275 4537 344 4609 μὴ
370 4537 631 4610 πολεμεῖν
672 4516 769 4610 τῷν
790 4536 934 4591 ἔθνει
977 4537 1085 4592 τῶν
1122 4516 1533 4613 Ἐϐραίωνίδιά
1570 4542 1661 4613 τὸ⁴

1746 4535 1917 4592 silium
1949 4532 2102 4588 dedit
2134 4529 2493 4600 Holopherni,
2535 4542 2605 4581 ne
2636 4524 2783 4597 genti
2817 4522 3170 4613 Hebmorum
3192 4516 3309 4613 bel-

97 4603 441 4700 ὖπερασπίξειν
465 4603 647 4686 αίηῶν
667 4603 758 4687 τδν
791 4630 945 4686 Θεόν.
975 4632 1085 4687 Καὶ
1113 4603 1389 4703 όργίσθεὶς
1419 4634 1449 4687 ό
1483 4634 1631 4688 Ὀλο-
1657 4606 1660 4660 Ῐ

1749 4644 1850 4684 ,ιιιιι
1883 4625 2136 4690 inferret,
2163 4624 2311 4695 quod
2342 4622 2420 4676 illi
2451 4637 2481 4675 a
2514 4618 2626 4673 Deo
2651 4622 3085 4688 protegerentur.
3114 4609 3208 4666 llle
3228 4610 3312 4663 in-

97 4715 259 4791 φέρνης
294 4724 610 4807 ἀπέστειλεν
648 4722 813 4778 αὑτὸν
846 4725 928 4788 εἰς
975 4723 1297 4789 Βετυλούαν,
1330 4725 1630 4799 ἀπειλήσας

1749 4725 1999 4796 dignatus
2031 4718 2184 4776 misit
2214 4732 2342 4773 eum
2368 4713 2708 4777 Bethuliam,
2738 4711 3017 4766 interitum
3048 4706 3126 4760 illi
3161 4719 3312 4760 com-

97 4798 587 4885 ἀηιρήσεινάύτδν,
631 4816 682 4869 εί
723 4816 1064 4889 περιγένοιτο
1101 4816 1210 4872 τῶν
1243 4797 1528 4891 Ἐϐραίων.
1571 4819 1629 4874 '0

1747 4818 1999 4879 minatus,
2034 4813 2082 4869 si
2112 4811 2335 4883 quando
2377 4808 2639 4865 Hebraeos
2668 4807 2929 4860 vinceret.
2962 4800 3167 4856 Achior
3207 4797 3310 4851 ita-

101 4900 175 4970 μὲν
201 4900 282 4960 οὖν
316 4908 516 4981 ’Δχιὼρ
545 4905 615 4980 ἦν
660 4911 719 4963 ἐν
750 4913 817 4983 τῇ
865 4910 1137 4984 Βετυλούᾳ
1186 4911 1625 4983 ἀναπαυόμενος·

1746 4925 1841 4981 que
1863 4906 2141 4977 Bethulya:
2177 4903 2493 4975 quiescebat
2524 4921 2536 4957 :
2562 4898 2934 4969 llol0phernes
2956 4909 3086 4948 vero
3116 4891 3309 4946 civita-

98 4993 184 5048 δᾶ
205 4996 509 5074 ὀλοφέρνης
542 5002 853 5076 ἐπολιόρκει
874 5002 974 5075 τὴν
997 5002 1170 5067 πόλιν,
1199 5003 1633 5074 προκαταλαϐὼν

1745 5010 1848 5058 tem
1895 4998 2203 5062 obsidebat,
2246 5003 2300 5053 et
2344 4995 2458 5065 jam
2515 5007 2691 5063 aquas
2739 4990 2888 5045 illius
2926 4989 3308 5057 occupaverat.

98 5085 151 5139 τὰ
177 5085 339 5151 ὕδατα.
370 5093 506 5166 Ἤδη
539 5092 596 5147 85
622 5075 878 5148 roﬁ-Xaoﬁ
907 5092 1224 5159 ἐκλυθέντος
1247 5093 1337 5149 διά
1365 5095 1427 5149 τὸ
1455 5094 1628 5165 δίψος,

1797 5110 1869 5149 tm
1899 5093 1991 5150 siti
2027 5093 2140 5163 jam
2182 5088 2587 5161 periclitaretur
2632 5083 2888 5155 populus,
2939 5089 2991 5134 et
3035 5075 3312 5166 principes

101 5176 173 5229 καὶ
215 5165 502 5250 μελλόντων
545 5185 797 5240 ἐκδοῦναι
840 5187 940 5258 τὴν
979 5184 1135 5241 πόλιν
1172 5185 1283 5241 τῶν
1329 5186 1627 5259 ἀρχόντων,

1747 5186 2002 5242 :ivitatem
2033 5180 2283 5238 tradituri
2312 5188 2516 5240 essent.
2547 5172 2756 5236 Judith,
2781 5169 3043 5241 depositis
3074 5165 3310 5221 viduita-

99 5269 126 5338 ἡ
161 5270 346 5342 Ἰουδὶθ,
395 5276 747 5333 ἀποϐαλοῦσα
816 5279 887 5334 τά
928 5278 1030 5350 τῆς
1076 5278 1392 5351 χηρεύσεως
1441 5280 1631 5352 ἱμάτια

1748 5278 1804 5332 is
1834 5275 2076 5331 vestibus
2127 5270 2411 5342 (maritum
2466 5268 2611 5323 enim
2651 5274 2928 5320 mortuum
2980 5259 3223 5331 lugebat,
3256 5264 3311 5312 et

101 5359 295 5428 (ἐπένθει
326 5368 429 5442 γὰρ
453 5369 548 5423 τδν
583 5369 774 5443 ἄνδρα,
810 5372 905 5426 καὶ
932 5370 999 5424 δι’
1032 5350 1155 5425 ὅλου
1183 5370 1376 5442 ἔμενεν
1412 5350 1636 5443 νηστεύ-

1743 5365 1979 5439 quotidie
2007 5360 2341 5435 jejunahat),
2374 5359 2610 5430 seipsam
2632 5358 2807 5412 instar
2829 5367 3044 5423 sponsa!
3070 5350 3306 5414 ornavit,

100 5456 249 5526 αισα),
290 5460 587 5534 ἐκόσμησεν
628 5462 826 5535 ἑαυτὴν
878 5462 956 5528 ὡς
1011 5462 1265 5535 νύμφηνο
1315 5464 1410 5518 καὶ
1460 5463 1628 5518 πολλὰ

1743 5469 1785 5518 et
1812 5458 1997 5515 multis
2025 5457 2315 5512 adhortata
2339 5452 2608 5524 primores
2632 5447 2893 5509 civitatis.
2918 5461 2987 5500 ne
3008 5444 3306 5507 civitatem,

100 5532 485 5617 παρακαλέσασα
506 5554 635 5619 τοὺς
662 5532 951 5627 ἄρχοντας,
985 5532 1234 5628 ὥστενμὴ
1260 5555 1508 5610 ἐκδοῦναι
1529 5557 1633 5627 τὴν

1746 5551 1976 5622 adusque
2000 5546 2243 5619 quinque
2273 5544 2392 5598 dies
2420 5541 2565 5596 hosti
2590 5538 2889 5604 traderent,
2919 5535 2983 5591 ad
3011 5532 3309 5605 Holopher-

100 5638 221 5694 πολιν
245 5645 388 5716 ἄχρις
416 5646 640 5719 ἡμερῶν
670 5626 734 5714 εἰ,
769 5648 995 5719 ἐξῆλθεν
1029 5647 1167 5718 αὐτὴ
1199 5626 1334 5717 πρὸς
1359 5648 1452 5701 τὸν
1485 5626 1632 5702 ὀλδ-

1745 5662 1857 5703 nem
1885 5656 2106 5717 egressa
2133 5648 2242 5704 est,
2275 5645 2330 5694 et
2363 5651 2488 5692 cum
2530 5650 2629 5690 sua
2669 5633 2821 5687 illum
2850 5630 3117 5701 sapientia
3147 5626 3308 5682 dece-

100 5727 285 5804 ςέρνην,
320 5740 407 5792 καὶ
434 5743 502 5813 τῇ
550 5741 714 5814 σοφίᾳ
752 5718 926 5812 αὐτῆς
963 5741 1293 5813 ἀπατήσασα
1332 5738 1515 5803 αὐτὸν,
1560 5741 1627 5812 τῇ

1745 5740 1928 5810 pisset,
1956 5735 2120 5792 tertia
2153 5739 2278 5803 post
2317 5731 2426 5795 die,
2468 5724 2849 5801 ignorantibus
2879 5722 2985 5777 hoc
3022 5721 3169 5776 illius
3204 5718 3308 5772 mi-

130 5882 293 5962 βομη
321 5891 449 5955 festo
478 5895 701 5957 Phurim
729 5897 907 5981 Aman
934 5895 1282 5955 comburitur
1322 5912 1350 5952 a
1375 5893 1603 5951 Iudaeis.
1648 5893 1778 5952 Vide
1810 5895 1868 5950 in
1894 5893 2030 5951 Cod.
2063 5888 2451 5949 Theodosiano
2479 5887 2584 5962 leg.
2622 5884 2715 5952 18,
2756 5883 2823 5940 de
2849 5879 3070 5938 Iudaeis.
