4066 6388
670 449 770 498 571

1802 439 1860 496 S.
1901 437 2362 494 ATHANASIUS.
2405 432 2473 480 #—
2511 436 2728 495 DUBIA.

3797 435 3893 492 371

673 561 879 623 litibus,
916 575 1038 616 eum
1088 563 1267 630 capite
1306 559 1602 616 truncavit.
1641 551 1759 626 Quo
1797 560 1943 616 facto
1981 558 2224 632 fugerunt

2335 558 2492 632 τρίτῃ
2529 558 2713 631 ἡμέρᾳ
2750 551 3146 627 innatantem
3195 553 3377 618 αὐτὸν,
3424 553 3760 624 ἀγνοούντων
3794 553 3895 609 τῶν

669 652 880 724 Assyrii
914 669 929 708 :
961 652 1217 708 Israelita:
1257 667 1387 708 vero
1430 651 1794 723 undequaque
1844 659 2232 708 concurrentes

669 745 926 815 Assyrios
959 743 1328 802 trucidarunt.
1374 743 1552 814 Atque
1589 743 1664 800 ita
1708 743 1922 800 liberati
1953 751 2100 805 sunt,
2134 743 2233 798 ho-

670 838 943 906 stiumque
972 836 1162 906 spoliis
1191 837 1440 907 direptis,
1477 836 1665 894 Judith
1696 849 2034 909 quaecunque
2068 833 2233 889 Holo-i

677 927 896 997 pbernis
931 927 1147 984 fuerant
1177 929 1538 983 tradiderunt.
1567 926 1688 999 Ipsa
1711 945 1840 984 vero
1860 927 2045 982 Judith
2076 925 2232 982 Jero-

666 1020 934 1090 solymam
965 1019 1210 1090 profecta
1244 1021 1424 1075 omnia
1463 1021 1661 1080 obtulit
1708 1018 1964 1085 Domino,
2001 1020 2233 1090 indeque

664 1111 885 1163 domum
919 1126 1135 1167 reversa
1155 1151 1170 1174 ,
1211 1111 1352 1166 idem
1381 1111 1599 1182 pietatis
1631 1113 1949 1168 exercitium
1983 1113 2229 1177 retinuit,

675 1210 730 1258 et
758 1201 825 1257 ad
859 1213 1086 1261 mortem
1126 1220 1296 1275 usque
1328 1205 1486 1260 vidua
1520 1205 1816 1278 permansit
1853 1222 1868 1259 :
1901 1221 2058 1260 nemo
2084 1207 2229 1260 enim

665 1294 741 1348 illi
782 1295 1001 1365 nuptias
1035 1295 1364 1367 persuadere
1405 1298 1598 1367 potuit.
1653 1296 1860 1352 Mortua
1902 1306 1983 1353 est
2025 1306 2226 1360 autem,

659 1396 948 1457 postquam
982 1389 1036 1442 in
1064 1388 1322 1445 viduitate
1346 1389 1571 1446 honeste
1595 1389 1838 1455 vixisset,
1867 1389 2044 1447 aetatis
2084 1403 2228 1444 anno

661 1480 961 1536 centesimo
983 1481 1192 1553 quinto.

1255 1594 1410 1650 Liber
1440 1595 1610 1650 Tobit.

728 1685 818 1742 44.
847 1684 962 1742 Hoc
992 1687 1211 1743 nomine
1236 1697 1463 1743 vocatur
1485 1689 1574 1744 hic
1607 1689 1762 1755 liber,
1789 1688 1916 1760 quia
1944 1688 2227 1744 historiam

660 1774 825 1831 Tobit
852 1777 1121 1834 continet.
1158 1779 1289 1832 Erat
1328 1787 1511 1835 autem
1549 1780 1640 1835 hic
1671 1780 1738 1834 de
1772 1781 1918 1841 tribu
1949 1779 2224 1850 Nephtha-

2335 650 2681 721 στρατιωτῶν
2727 649 2912 704 αὑτοῦ.
2947 647 3055 702 Καὶ
3089 645 3230 701 οὕτω
3264 645 3447 700 λοιπὸν
3488 647 3538 698 ot
3585 644 3683 716 μὲν
3721 641 3897 698 Ἀσσύο

2337 759 2438 818 ριοι
2485 741 2702 810 ἐφυγον,
2732 741 2780 794 οί
2812 740 2868 794 δὲ
2902 740 3008 794 υἱοὶ
3045 739 3261 811 Ἰσραὴλ
3307 736 3644 807 πανταχόθεν
3679 734 3895 807 συνδρα-

2335 833 2545 906 μόντες,
2577 831 2880 902 κατέκοψαν
2910 832 3036 895 τοὺς
3058 831 3392 902 Ἀσσυρίους.
3423 827 3579 882 Οὕτω
3611 827 3669 880 δὲ
3701 826 3893 880 σωθέν-

2330 941 2442 987 τες.
2479 925 2573 977 καὶ
2603 923 2993 986 σκυλεύσαντες
3032 922 3157 984 τοὺς
3194 919 3505 991 πολεμίους,
3539 917 3799 972 δεδώκασι
3829 920 3892 988 τῇ

2345 1015 2527 1068 Ἰουδὶθ
2561 1014 2737 1069 πάντα
2763 1013 2831 1066 τὰ
2853 1013 2945 1068 τοῦ
2974 1013 3314 1084 ὐλοφέρνου.
3349 1013 3494 1084 Αύτῆ
3532 1013 3587 1066 δὲ
3619 1015 3652 1084 ἡ
3695 1011 3891 1075 Ἰουδὶθ,

2332 1107 2638 1162 ἀπελθοῦσα
2672 1109 2751 1171 είς
2781 1107 2878 1178 τὴν
2927 1091 3302 1178 Ἰερουσαλὴμ,
3351 1105 3582 1176 ἀνέθηκε
3619 1105 3796 1159 πάντα
3819 1099 3895 1174 τῷ

2331 1199 2539 1270 Κυρίῳ,
2579 1200 2672 1252 καὶ
2711 1198 3095 1271 ύποστρέψασα
3135 1201 3215 1262 είς
3251 1198 3342 1252 τὸν
3374 1194 3520 1252 οἶκον
3556 1199 3774 1269 ἑαυτῆς,
3801 1198 3896 1268 τὴν

2329 1290 2495 1362 αὐτὴν
2536 1286 2679 1362 εῖχεν
2724 1291 2976 1361 ἄσκησιν,
3029 1293 3126 1345 καὶ
3177 1291 3442 1362 διέμεινεν
3503 1291 3609 1355 ἕως
3668 1289 3895 1345 θανάτου

2330 1385 2495 1458 χήρα,
2537 1382 2760 1454 μηδενὸς
2802 1383 2970 1455 αὐτὴν
3016 1380 3326 1454 ἰσχύσαντος
3361 1386 3546 1436 πεῖσαι
3583 1385 3664 1447 είς
3704 1383 3893 1453 γάμον,

2330 1477 2424 1533 καὶ
2455 1475 2712 1542 ἀπέθανε,
2743 1475 2954 1548 ζήσασα
2988 1474 3167 1539 καλῶς
3195 1478 3251 1528 ὲν
3277 1477 3343 1546 τῇ
3380 1475 3600 1546 χηρείᾳ,
3628 1473 3764 1528 ἐτῶν
3795 1479 3892 1545 ρε’.

2873 1587 3116 1640 Bibulor-
3150 1587 3348 1642 Τωϐίτ.

2398 1680 2486 1735 44.
2525 1679 2876 1750 Ὀνομάζεται
2907 1678 3079 1742 οὕτως
3115 1679 3176 1731 τὸ
3211 1678 3433 1749 βιϐλίον,
3461 1678 3648 1749 ἐπειδὴ
3685 1677 3776 1732 καί⁵
3799 1678 3896 1749 τὴν

2329 1773 2456 1844 ’περί⁵
2480 1770 2643 1826 αὑτοῦ
2675 1769 2771 1824 τοῦ
2801 1771 2980 1824 Τωϐὶτ
3019 1771 3256 1843 ἱστορίαν
3285 1769 3546 1842 περιέχει.
3573 1765 3684 1823 Ἦν
3714 1770 3769 1824 δὲ
3807 1765 3894 1825 οὗ·

661 1868 778 1932 lim,
811 1868 866 1923 in
884 1870 1362 1942 captivitatemque
1392 1871 1660 1928 adductus
1686 1872 1916 1942 degebat
1934 1873 1989 1926 in
2007 1864 2224 1928 civitate

2326 1880 2416 1928 τος
2454 1863 2570 1930 ¹ἀπὸ
2621 1862 2719 1933 μὲν
2766 1861 2938 1934 φυλῆς
2988 1860 3334 1932 Νεφθαλείμο
3382 1863 3572 1930 γέγονε
3624 1861 3682 1914 δὲ
3737 1863 3792 1915 ὲν
3830 1864 3895 1932 τῇ

655 1959 874 2025 Ninivc,
896 1963 1210 2018 misericors
1233 1971 1286 2018 et
1313 1964 1622 2035 religiosus.
1645 1962 1854 2018 Etenim
1877 1979 2002 2018 cum
2037 1964 2090 2018 in
2108 1979 2229 2035 cap-

657 2051 867 2108 tivitate
880 2060 1044 2118 esset,
1061 2069 1406 2110 communem
1430 2070 1621 2125 panem
1651 2071 1715 2110 ex
1737 2055 1990 2126 gentibus
2012 2071 2122 2110 non
2138 2071 2227 2111 co-

653 2145 846 2208 medit,
883 2147 978 2206 sed
1015 2129 1258 2217 δεῖρευηὶ
1280 2147 1597 2203 custodivit.
1625 2147 1752 2201 Erat
1788 2157 1970 2202 autem
1997 2164 2227 2205 annonae

662 2238 954 2306 praefectus
992 2239 1134 2309 apud
1176 2255 1355 2310 regem
1403 2239 1828 2304 Enemesarum,
1873 2247 1929 2299 et
1973 2240 2231 2313 deposuit

653 2327 800 2398 apud
833 2327 1147 2386 Gamaelum
1192 2331 1247 2386 in
1278 2330 1454 2386 Media
1501 2331 1688 2388 decem
1730 2332 1951 2387 talenta.
1987 2330 2080 2388 lsti
2121 2331 2227 2387 To-

651 2420 756 2474 biae
807 2421 1049 2477 studium
1087 2429 1206 2478 erat
1251 2423 1548 2493 sepeliendi
1595 2432 1842 2478 mortuos
1892 2439 1957 2478 ex
2001 2422 2222 2479 Judmis.

651 2511 829 2582 Hujus
859 2514 1034 2584 gratia
1066 2511 1280 2570 delatus
1311 2514 1379 2568 ad
1405 2529 1586 2585 regem
1603 2513 1936 2579 Achirelem,
1970 2513 2097 2584 fuga
2121 2513 2226 2569 sibi

652 2606 910 2665 consulit.
944 2604 1356 2678 Regressusque
1389 2622 1419 2664 e
1471 2605 1617 2678 luga,
1647 2623 1772 2662 cum
1805 2613 2080 2660 mortuum
2126 2607 2225 2660 ali-

653 2714 812 2770 quem
856 2699 1161 2769 sepelisset,
1201 2707 1354 2755 extra
1389 2715 1578 2756 muros
1626 2698 1976 2762 obdormivit,
2007 2707 2061 2753 et
2097 2713 2223 2752 cum

651 2809 752 2865 pro
793 2808 946 2851 more
979 2809 1080 2852 suo
1113 2803 1330 2869 apertos
1376 2794 1602 2849 haberet
1651 2793 1795 2849 inter
1841 2793 2224 2849 dormiendum

651 2887 865 2952 oculos,
922 2886 1232 2958 albuginem
1289 2886 1398 2942 illis
1449 2885 1744 2949 contraxit,
1798 2901 1899 2940 nec
1953 2886 2094 2940 ultra
2144 2886 2226 2940 vi-

649 2977 832 3032 debat.
886 2977 1039 3051 131
1096 2977 1226 3032 Erat
1284 2987 1463 3035 autem
1497 2976 1788 3034 Ecbatanis
1823 2976 1930 3030 ﬁlia
1969 2975 2224 3049 Raguelis

650 3068 870 3139 cognati
904 3069 1099 3142 ipsius,
1131 3070 1350 3129 nomine
1383 3067 1541 3125 Sara.
1580 3067 1732 3126 Hanc
1774 3071 1986 3127 daemon
2028 3071 2223 3125 Asmo-

649 3161 801 3220 daeus
826 3176 933 3218 non
965 3160 1310 3231 permittebat
1333 3166 1392 3214 ut
1419 3161 1706 3233 quisquam
1733 3175 1954 3217 uxorem
1978 3159 2219 3215 haberet.

2327 1953 2690 2026 αίχμαλωσία,
2717 1953 2810 2008 καὶ
2829 1949 2897 2025 ἦν
2927 1955 2984 2006 ὲν
3007 1956 3072 2024 τῇ
3095 1951 3301 2018 Νινευῒ,
3337 1952 3583 2024 ἐλεήμων
3608 1953 3702 2004 καὶ
3724 1951 3899 2004 θεοσε-

2326 2046 2446 2117 ϐής.
2478 2045 2586 2099 Καὶ
2605 2045 2714 2117 γὰρ
2739 2046 2797 2099 ἐν
2827 2047 2894 2116 τῇ
2924 2045 3266 2117 αίχμαλωσίᾳ
3293 2043 3601 2115 γενόμενος,
3627 2044 3727 2097 οὐκ
3747 2043 3900 2114 ῆσθιε

2325 2141 2501 2194 κοινὸν
2531 2139 2690 2210 ἄρτον
2723 2139 2830 2193 ἀπὸ
2861 2138 2973 2192 τῶν.
2998 2137 3184 2203 ἐθνῶν,
3216 2138 3351 2191 ἀλλά
3373 2139 3562 2192 ἑαυτὸν
3595 2140 3898 2210 συνετήρει.

2323 2227 2432 2284 Ἦν
2475 2231 2532 2284 δὲ
2569 2231 2663 2284 καὶ
2705 2231 3122 2302 προαγοραστὴς
3167 2229 3263 2283 τοῦ
3310 2229 3573 2301 βασιλέως
3611 2232 3903 2302 Ἐνεμεσά-

2329 2344 2443 2400 ρου,
2485 2325 2580 2378 καὶ
2612 2324 2878 2397 παρέθετο
2925 2327 2983 2379 ὲν
3034 2327 3097 2395 τῇ
3137 2325 3318 2396 Μηδίᾳ
3356 2325 3628 2396 Γαμαήλῳ
3667 2325 3902 2380 τάλαντα

2323 2416 2473 2469 δέκα.
2501 2410 2664 2480 Οὗτος
2687 2417 2716 2468 6
2749 2413 2926 2468 Τωϐὶτ
2959 2415 3190 2486 σπουδὴν
3216 2410 3328 2486 εἶχε
3355 2414 3580 2470 θάπτειν
3614 2419 3741 2492 τοὺς
3769 2419 3902 2470 ἀπο-

2324 2504 2652 2576 θνήσκοντας
2675 2504 2782 2558 τῶν
2825 2503 3112 2558 Ἰουδαίων.
3137 2504 3453 2574 Διαϐληθεὶς
3488 2505 3544 2558 δὲ
3574 2505 3654 2576 τῷ
3695 2507 3903 2577 βασιλεῖ

2336 2597 2575 2672 Ἀχιρὴλ,
2605 2597 2792 2667 ἔφυγε,
2819 2598 2910 2651 καὶ
2954 2596 3261 2650 ἐπανελθὼν
3301 2598 3393 2651 καὶ
3433 2597 3610 2667 θάψας
3648 2598 3769 2652 τινὰ
3794 2598 3902 2652 τῶν

2322 2691 2720 2754 ἀποθανόντων,
2768 2690 3040 2763 ἐκοιμήθη
3084 2690 3189 2757 ἔξω
3241 2689 3334 2743 τοῦ
3381 2690 3614 2762 τείχους,
3671 2692 3786 2757 καὶ,
3823 2691 3901 2755 ὡς

2323 2783 2532 2848 εἴωθεν,
2587 2785 2644 2836 έν
2695 2782 2773 2854 τῷ
2823 2781 3117 2854 κοιμᾶσθαι
3155 2783 3536 2854 ἀνεῳγμένους
3589 2784 3727 2855 ἔχων
3778 2785 3903 2846 τοὺς

2323 2875 2633 2948 ὀφθαλμοὺς
2664 2876 3196 2946 αύτοῦ,λευκὼματα
3218 2876 3364 2947 ἔσχε,
3394 2877 3488 2931 καὶ
3518 2877 3619 2930 οὐκ
3648 2877 3728 2930 ἔτι
3755 2877 3906 2930 ἔϐλε-

2323 2985 2444 3023 πεν.
2485 2963 2594 3022 Ἦν
2643 2968 2700 3021 δὲ
2750 2968 2843 3022 καὶ
2868 2967 2926 3021 ἐν
2976 2966 3324 3031 Ἐκϐατάνοις
3372 2967 3618 3040 θυγάτηρ
3642 2967 3738 3020 τοῦ
3776 2969 3902 3022 Ῥα-

2322 3059 2492 3132 γουὴλ
2543 3059 2838 3130 συγγενοῦς
2893 3058 3078 3124 αὑτοῦ,
3142 3059 3328 3130 Σάρρα
3375 3058 3626 3129 ὀνόματι.
3689 3059 3903 3130 Ταύτην

2321 3152 2637 3226 γαμηθῆναι
2687 3153 2787 3207 ούκ
2841 3151 3136 3224 ἐπέτρεπεν
3164 3154 3192 3206 6
3246 3152 3452 3223 δαίμων
3487 3155 3516 3206 6
3563 3153 3899 3224 Ἀσμοδαῖος.

647 3249 940 3307 Occiderat
997 3253 1144 3308 enim
1196 3252 1309 3322 jam
1364 3259 1593 3324 septem,
1625 3253 1718 3325 qui
1773 3253 1918 3313 illam
1963 3268 2219 3330 sponsam

2337 3243 2512 3327 Ἐπτά
2569 3242 2698 3313 γοῦν
2755 3243 2884 3316 ἑξῆς
2913 3243 3175 3307 λαϐόντας
3218 3242 3389 3314 αὐτὴν
3436 3244 3761 3298 ἀπέκτεινεο
3811 3247 3906 3298 καὶ

647 3349 994 3414 acceperant.
1023 3341 1254 3413 Propter
1293 3341 1436 3402 hanc
1473 3358 1695 3399 causam
1725 3359 1849 3398 cum
1875 3344 2224 3402 vehementer

2326 3346 2464 3398 πάνυ
2489 3343 2836 3414 λυπηθεῖσαή
2863 3345 3011 3406 παῖς,
3041 3341 3261 3413 ηὔξατο,
3292 3341 3386 3394 καὶ
3419 3341 3738 3394 ἀπέστειλεν
3767 3342 3904 3412 αὐτῇ

647 3433 974 3490 contristata
993 3443 1158 3502 esset,
1183 3437 1378 3500 oravit,
1398 3437 1656 3510 misitque
1672 3437 1748 3490 illi
1773 3435 1916 3493 Deus
1931 3437 2224 3494 auxiliato-

646 3541 761 3584 rem
819 3523 1150 3598 Raphaelem
1206 3528 1614 3600 archangelum.
1669 3529 1829 3584 Tobit
1881 3529 2046 3600 igitur
2095 3546 2220 3586 cum

645 3619 758 3672 tilio
789 3633 891 3674 suo
921 3616 1104 3675 Tobiae
1128 3620 1462 3688 mandasset,
1494 3636 1562 3676 ne
1586 3619 1688 3675 sibi
1721 3619 1940 3679 aliunde
1975 3637 2220 3685 uxorem,

643 3725 808 3780 quam
850 3727 918 3767 ex
965 3711 1110 3769 tribu
1161 3720 1216 3767 et
1247 3713 1569 3785 cognatione
1605 3728 1704 3769 sua
1745 3721 2004 3781 sumeret,
2035 3714 2223 3772 decem

645 3802 725 3854 illi
757 3802 1086 3860 talentorum
1118 3802 1541 3875 chirographum
1569 3802 1736 3869 dedit,
1761 3806 2141 3876 praecepitque,
2165 3811 2225 3858 ut

643 3893 837 3959 abiret,
869 3903 923 3947 et
962 3901 1166 3966 peteret
1215 3910 1299 3950 ea.
1335 3895 1507 3950 Filius
1557 3903 1762 3959 autem,
1797 3911 1920 3948 cum
1949 3911 2050 3951 nec
2080 3897 2222 3950 viam

643 3993 854 4048 nosset,
895 4001 994 4040 nec
1021 3986 1293 4042 hominem
1322 3987 1392 4040 ad
1421 4001 1583 4056 quem
1608 3994 1724 4042 erat
1744 3987 2220 4056 proﬁciscendum,

643 4091 898 4145 egressus
941 4088 1024 4134 est
1064 4086 1124 4132 ut
1170 4079 1268 4132 viae
1307 4079 1410 4132 sibi
1459 4078 1669 4133 socium
1705 4086 1994 4148 quaereret.
2028 4086 2084 4133 et
2129 4077 2222 4134 Del

643 4167 989 4236 providentia
1039 4169 1227 4224 incidit
1275 4170 1330 4223 in
1362 4167 1715 4239 Raphaelem,
1745 4171 1839 4240 qui
1875 4170 2112 4224 hominis
2139 4171 2224 4229 in-

649 4267 766 4312 star
795 4257 931 4317 foris
954 4259 1155 4323 stabat,
1191 4259 1474 4330 pretioque
1512 4259 1662 4314 illum
1688 4261 1968 4327 conduxit,
1994 4279 2058 4318 eo
2077 4263 2222 4336 quod

645 4363 706 4403 se
757 4348 857 4403 viae
910 4348 1075 4421 hujus
1113 4365 1344 4420 gnarum
1387 4365 1510 4407 esse
1544 4350 1770 4407 diceret.
1793 4352 2095 4410 Comitatus
2122 4355 2224 4408 ita-

643 4454 750 4508 que
785 4439 938 4494 illum
967 4448 1052 4496 est
1078 4441 1318 4510 Angelus
1351 4442 1406 4494 in
1446 4443 1627 4514 specie
1653 4442 1912 4506 hominis,
1945 4445 2039 4516 qui
2064 4446 2220 4498 'Aza-

645 4529 756 4584 rias
786 4529 1079 4585 diceretur.
1115 4529 1248 4585 Cum
1292 4539 1473 4588 autem
1505 4531 1572 4586 ad
1604 4531 1878 4604 Tigridem
1922 4551 2093 4608 usque
2122 4535 2223 4589 llu-

2325 3437 2516 3508 βοηθδν
2565 3439 2594 3490 6
2635 3435 2786 3500 Θεὸς,
2834 3435 2927 3488 τὸν
2959 3433 3298 3508 ἀρχάγγελον
3341 3433 3603 3504 Ῥαφαήλ.
3643 3433 3701 3487 Ὁ
3729 3433 3910 3485 τοίνυν

2324 3531 2524 3594 Τωϐὶτ,
2549 3527 2921 3602 παραγγείλας
2953 3526 3146 3598 τῷυίῷ
3172 3525 3337 3580 αὐτοῦ
3375 3526 3582 3596 Τωϐία,
3620 3525 3910 3597 μὴλαϐεῖν

2323 3621 2616 3695 ἀλλαχόθεν
2655 3623 2887 3689 γυναῖκα
2907 3622 2955 3673 εί
2993 3620 3065 3691 μὴ
3088 3621 3151 3672 ὲκ
3178 3619 3277 3690 τῆς
3299 3617 3472 3688 φυλῆς
3499 3617 3665 3670 αὑτοῦ
3704 3617 3793 3670 καὶ
3812 3613 3908 3668 τοῦ

2322 3715 2533 3784 γένους,
2582 3714 2794 3767 δίδωσιν
2829 3711 2977 3783 αὐτῷ
3031 3711 3092 3764 τὸ
3129 3711 3491 3783 χειρόγραφον
3515 3709 3626 3762 τῶν
3652 3710 3784 3763 δέκα
3816 3727 3913 3762 τα·-

2323 3808 2550 3870 λάντων,
2569 3808 2662 3862 καὶ
2693 3806 2994 3861 ἐντέλλεται
3013 3803 3162 3875 αὐτῷ
3189 3803 3443 3857 ἀπελθεῖν
3466 3803 3560 3856 καὶ
3578 3804 3694 3856 ἀπα
3704 3805 3907 3874 ιτῆσαι.

2337 3897 2570 3966 Ἀγνοῶν
2599 3898 2654 3951 δὲ
2685 3899 2712 3950 6
2737 3899 2864 3960 παῖς
2883 3897 2982 3966 τὴν
3009 3895 3125 3948 ὁδὸν
3161 3896 3255 3948 καὶ
3287 3894 3379 3948 τὸν
3419 3894 3730 3966 ἄνθρωπον,
3755 3894 3914 3965 ἐξέρ-

2323 4009 2475 4062 χεται
2510 3991 2740 4062 ζητῆσαι
2777 3988 3170 4058 συνοδοιπόρον,
3201 3987 3294 4039 καὶ
3321 3985 3455 4038 Θεοῦ
3499 3986 3728 4057 προνοίᾳ
3756 3987 3913 4057 εὑρί-

2326 4101 2444 4136 σκει
2475 4082 2566 4134 τὸν
2607 4079 2870 4150 Ῥαφαὴλ,
2902 4079 2978 4142 ὡς
2999 4079 3282 4149 ἄνθρωπον
3303 4077 3512 4131 ἑστῶτα
3533 4078 3660 4143 ἔξω,
3684 4078 3777 4132 καὶ
3817 4096 3915 4148 μι-

2326 4175 2544 4228 σθοῦται
2595 4173 2757 4226 αὐτὸν
2812 4171 3036 4239 λέγοντα
3069 4172 3264 4225 εἰδέναι
3315 4172 3412 4242 τὴν
3445 4171 3584 4224 ὁδόν.
3627 4172 3740 4224 Καὶ
3777 4187 3914 4224 συν-

2322 4265 2494 4318 οδεύει
2552 4263 2700 4336 αὐτῷ
2754 4265 2782 4316 ὁ
2827 4261 3074 4330 ἄγγελος,
3135 4261 3210 4324 ὡς
3249 4260 3566 4332 ἄνθρωπος,
3615 4259 3916 4332 λεγόμενος

2336 4357 2615 4428 Ἀζαρίας.
2663 4353 2955 4408 Ἐλθόντων
2983 4353 3041 4406 δὲ
3076 4352 3253 4405 αὐτῶν
3283 4353 3361 4415 είς
3395 4352 3488 4405 τὸν
3511 4352 3705 4423 Τίγριν
3737 4369 3915 4404 ποτα-

2327 4446 2448 4518 μὸν,
2481 4446 2744 4517 ἠθέλησεν
2786 4447 2815 4498 6
2862 4448 2990 4508 παῖς
3020 4445 3100 4507 είς
3125 4443 3286 4496 αὑτὸν
3316 4442 3621 4512 καταϐῆναι
3656 4442 3752 4496 καὶ
3782 4442 3920 4496 λού-

2326 4539 2542 4602 σασθαι,
2575 4540 2669 4592 καὶ
2693 4537 2852 4601 εὐθὺς
2881 4536 3031 4608 ἰχθὺς
3059 4535 3367 4605 ὲπεπήδησε
3404 4534 3481 4604 τῷ
3504 4535 3779 4607 παιδαρίῳ
3817 4536 3924 4606 μέ-

641 4623 792 4676 vium
832 4623 1229 4693 pervenissent,
1259 4623 1474 4680 volebat
1509 4624 1710 4680 Tobias
1760 4627 1813 4680 in
1864 4628 1958 4682 illo
2005 4624 2224 4682 lavandi

2331 4647 2452 4698 γας.
2505 4631 2562 4683 Ὀ
2613 4628 2671 4682 δὲ
2721 4627 2950 4696 ἄγγελος
3000 4623 3150 4678 εἶπεν
3194 4625 3344 4695 αὐτῷ
3407 4625 3764 4679 ἐπιλαϐέσθαι
3816 4623 3924 4678 τοῦ

642 4714 816 4782 gratia
871 4714 1227 4780 descendere,
1259 4722 1314 4770 et
1371 4732 1496 4772 mox
1549 4719 1716 4790 piscis
1763 4720 1983 4789 quidam
2027 4721 2218 4790 ingens

643 4811 854 4866 insiluit
901 4813 957 4866 in
998 4827 1247 4882 puerum.
1287 4813 1528 4884 Angelus
1563 4830 1692 4869 vero
1723 4817 1889 4883 jussit
1923 4815 2024 4878 illi,
2052 4823 2110 4873 ut
2139 4815 2220 4885 pi-

641 4918 788 4957 scem
854 4903 1002 4958 hunc
1059 4905 1489 4977 apprehenderet
1531 4913 1584 4961 et
1612 4907 1666 4960 in
1709 4907 1880 4960 frusta
1910 4915 2138 4969 secaret,
2167 4913 2220 4960 et

639 4993 787 5061 illius
834 4995 1022 5064 hepar,
1073 5010 1170 5050 cor
1197 5003 1252 5050 et
1281 4997 1443 5051 bilem
1504 4997 1814 5052 desumeret
1864 5005 1918 5052 et
1957 5004 2218 5053 servaret.

641 5082 890 5155 Rogante
929 5095 1116 5157 postea
1170 5103 1361 5158 puero,
1387 5088 1441 5144 in
1499 5103 1658 5159 quem
1691 5089 1784 5142 illa
1809 5104 1967 5142 usum
2006 5089 2218 5156 forent;

638 5175 924 5246 respondit
969 5197 983 5233 :
1033 5175 1209 5246 llepar
1239 5185 1293 5231 et
1326 5192 1423 5231 cor
1450 5177 1674 5234 incensa
1711 5178 2013 5232 daemonem
2062 5177 2221 5247 fuga-

639 5267 820 5320 hunt:
857 5267 984 5322 bilis
1013 5281 1145 5322 vero
1199 5267 1484 5321 oculorum
1523 5267 1833 5337 albuginem
1890 5267 2219 5336 repurgabit.

640 5356 818 5426 llujus
849 5374 952 5427 ope
971 5369 1025 5413 et
1053 5359 1290 5414 consilio
1312 5355 1514 5412 Tobias
1552 5357 1715 5410 [illam
1749 5357 2004 5428 Raguelis
2031 5357 2221 5410 Saram

639 5462 866 5502 uxorem
889 5449 1065 5512 duxit,
1103 5466 1230 5504 cum
1265 5450 1358 5504 illo
1395 5448 1580 5504 sumtu
1613 5448 1912 5504 daemonem
1959 5449 2221 5519 fugasset,

637 5539 732 5606 qui
775 5538 830 5591 in
887 5540 1264 5609 superioribus
1321 5539 1539 5610 Egypti
1603 5541 1849 5609 partibus
1901 5541 1970 5595 ab
2017 5538 2224 5608 Angelo

638 5629 840 5697 ligatus
862 5638 965 5684 est.
992 5629 1128 5684 Dum
1163 5638 1346 5686 autem
1378 5645 1502 5685 cum
1528 5645 1698 5686 uxore
1731 5639 1975 5685 maneret
1997 5629 2222 5692 Tobias,

637 5719 892 5774 Azariam
925 5729 1180 5792 tanquam
1216 5723 1490 5777 hominem
1514 5721 1568 5776 in
1595 5722 1823 5777 Mediam
1854 5723 2042 5777 misit:
2071 5736 2226 5776 cum-

641 5827 749 5883 que
799 5828 896 5883 per
939 5813 1092 5869 illum
1126 5814 1316 5870 decem
1347 5815 1546 5869 talenta
1573 5814 1890 5885 recepisset,
1918 5814 1982 5867 ad
2014 5820 2221 5882 patrem

643 5921 754 5968 una
787 5921 913 5964 cum
966 5905 1060 5961 illo
1091 5915 1144 5964 et
1185 5922 1354 5963 uxore
1398 5921 1495 5964 sua
1525 5923 1776 5964 reversus
1817 5916 1918 5963 est.
1955 5905 2224 5965 Reversus

2326 4723 2527 4792 ἰχθύος,
2579 4723 2674 4775 καὶ
2729 4723 2914 4791 τεμεῖν
2966 4719 3147 4782 αὑτὸν,
3180 4717 3274 4771 καὶ
3301 4717 3486 4770 λαϐεῖν
3511 4717 3573 4770 τὸ
3611 4713 3785 4789 ἧπαρ,
3819 4718 3928 4770 καὶ

2321 4814 2417 4884 τὴν
2437 4814 2685 4885 καρδίαν,
2709 4811 2803 4865 καὶ
2833 4812 2932 4882 τὴν
2957 4811 3136 4881 χολὴν,
3175 4810 3268 4863 καὶ
3315 4810 3488 4862 ταῦτα
3521 4813 3735 4881 τηρεῖν.
3776 4805 3932 4863 Εἶτα

2323 4903 2726 4975 πυνθανομένου
2772 4904 2866 4956 τοῦ
2908 4902 3119 4966 παιδὸς,
3155 4902 3250 4964 Εἰς
3292 4901 3344 4954 τί
3404 4903 3655 4972 χρήσιμα
3695 4899 3926 4965 ταῦτα;

2324 4997 2529 5058 ἐκεῖνος
2575 4995 2713 5064 ἔφη·
2747 4994 2819 5047 Τὸ
2869 4989 3020 5066 ἧπαρ
3076 4995 3171 5049 καὶ
3208 4996 3241 5065 ἡ
3278 4993 3496 5064 καρδία,
3561 4991 3931 5064 θυμιώμενα,

2321 5083 2502 5152 διώξει
2529 5084 2619 5138 τὸν
2651 5085 2908 5158 δαίμοναο
2942 5089 2974 5158 ἡ
3010 5085 3066 5138 δὲ
3095 5083 3222 5155 χολὴ
3248 5083 3538 5156 καθαρίσει
3589 5084 3659 5137 τὰ
3701 5082 3938 5136 λευκώ-

2327 5194 2492 5248 ματα.
2511 5177 2567 5229 ὐ
2590 5177 2686 5246 μὲν
2701 5173 2793 5231 οὖν
2807 5180 2937 5242 παῖς
2954 5177 3190 5250 [τούτου]
3215 5195 3278 5230 συ
3287 5176 3517 5250 μϐουλία
3536 5174 3631 5228 καὶ
3651 5175 3945 5246 συνεργίᾳ

2321 5267 2588 5338 λαμϐάνει
2605 5268 2705 5339 τὴν
2722 5269 2818 5322 τοῦ
2855 5269 3124 5340 Ῥαγουὴλ
3147 5269 3422 5340 θυγατέρα
3449 5268 3548 5338 τὴν
3571 5268 3798 5338 Σάρῤαν
3824 5283 3945 5332 γυ-

2322 5361 2504 5423 ναῖκα,
2556 5358 2873 5430 διωχθέντος
2929 5361 3023 5414 τοῦ
3084 5361 3359 5432 δαιμονίου
3389 5362 3448 5413 ἐν
3491 5360 3570 5430 τῷ
3604 5359 3952 5429 θυμιάματι

2322 5447 2517 5516 τούτῳ,
2547 5450 2643 5502 καὶ
2669 5448 2912 5513 δεθέντος
2939 5453 3020 5513 εἰς
3055 5451 3123 5502 τὰ
3162 5449 3411 5522 ἀνώτερα
3451 5448 3592 5520 μέρη
3630 5447 3950 5515 Αίγύπτου

2325 5537 2429 5592 ὑπὸ
2483 5538 2577 5592 τοῦ
2639 5540 2892 5608 ἀγγέλου.
2949 5539 3158 5604 Μείνας
3193 5539 3250 5592 δὲ
3281 5539 3421 5610 μετά
3471 5540 3571 5610 τῆς
3596 5538 3879 5607 γυναικὸς
3909 5540 3958 5590 ὁ

2324 5629 2558 5695 Τωϐίας,
2613 5631 2931 5684 ἀποστέλλει
2996 5631 3088 5684 τὸν
3159 5630 3434 5702 Ἀζαρίαν,
3498 5630 3575 5694 ὼς
3623 5629 3964 5698 ἄνθρωπον

2325 5719 2474 5786 ὄντα,
2508 5723 2588 5786 είς
2617 5722 2714 5794 τὴν
2730 5723 2962 5795 Μηδίαν,
2991 5724 3084 5777 καὶ
3111 5725 3422 5794 ἀπαιτήσας
3451 5723 3661 5785 ἐκεῖνος
3688 5719 3762 5773 τὰ
3789 5720 3968 5773 δέκα

2325 5812 2582 5881 τάλαντα,
2646 5816 2974 5888 ὑποστρέφει
3037 5816 3176 5888 μετὰ
3212 5815 3308 5886 τῆς
3333 5813 3591 5884 γυναικὸς
3616 5814 3714 5867 καὶ
3750 5811 3964 5865 αὑτοῦ

2329 5906 2462 5984 πρὸς
2515 5908 2606 5962 τὸν
2655 5908 2887 5983 πατέρα.
2937 5907 3314 5979 Ὑποστρέψας
3347 5907 3403 5962 δὲ
3438 5908 3466 5960 6
3505 5909 3654 5972 παῖς,
3700 5904 3972 5984 ἐγγρξει
