4066 6388
272 367 359 426 373
1291 351 1624 411 SYNOP-SIS
1664 350 2074 408 SCRIPTURE
2115 351 2384 407 SACIUE.

269 491 323 558 τῇ
345 483 457 555 χολῇ
477 479 566 534 τοῦ
603 477 787 550 ἰχθύος
813 480 940 542 τοὺς
981 476 1287 546 Maximi);
1320 474 1415 528 τοῦ
1445 473 1668 546 πατρὸς,
1704 472 1787 526 καλ

1901 487 2030 532 vero
2062 487 2215 541 puer,
2261 469 2451 525 oculos
2507 472 2677 540 patris
2727 465 2850 522 felle
2893 463 3060 536 piscis
3102 463 3338 527 obliniit,
3361 479 3470 533 quo

269 573 621 632 ἀποπίπτουσιν
672 569 733 621 αἱ
791 565 1027 630 λεπίδες,
1074 566 1167 619 καὶ
1194 564 1356 628 εὐθὺς
1389 563 1632 634 ἔϐλεψεν.
1668 563 1795 616 Ὅτε

271 668 348 738 μὲν
373 658 454 716 οῦν
476 657 753 730 ἐτυφλώθη
781 661 812 713 ὀ
841 658 1039 722 Τωϐἱτ,
1067 653 1132 728 ἦν
1167 657 1303 710 ἐτῶν
1327 664 1405 726 νην
1432 673 1445 686 ·
1479 656 1568 709 ὅτε
1599 655 1654 707 δὲ
1703 656 1797 708 ἀνη-

269 753 451 823 ἑϐλεψεν
491 746 556 823 ἧν
583 749 722 803 ἐτῶν
752 748 863 815 Eg’.
914 749 1023 802 Kal.
1049 747 1231 801 λοιπὸν
1272 747 1560 818 βλέψαντος
1607 745 1792 812 αὑτοῦ,

264 843 560 914 ἐφανέρωσεν
587 840 789 894 ἐαυτὸν
815 842 844 894 ὁ
871 838 1118 908 ἄγγελος,
1154 839 1235 892 ὅτι
1258 839 1358 891 οὑκ
1385 836 1674 908 ἄνθρωπος
1701 832 1790 907 ἦν,

261 934 369 990 ἀλλὰ
391 932 529 1005 παρά
556 932 624 986 τά
677 931 776 985 τοῦ
816 931 952 985 Θεοῦ
999 931 1278 1001 ἀπεστάλη
1313 931 1392 993 εἰς
1426 928 1676 1000 βοήθειαν
1698 929 1796 982 αύ-

263 1029 346 1083 τῶν
368 1045 420 1080 τε
443 1027 531 1080 καὶ
556 1026 654 1096 τῆς
677 1024 921 1097 Σάρρας.
940 1023 1190 1094 Γηράσας
1213 1021 1267 1074 δὲ
1292 1023 1320 1074 ὁ
1359 1021 1558 1085 Τωϐὶτ,
1580 1022 1795 1091 παρήγ-

262 1120 377 1188 γειλε
403 1118 472 1189 τῷ
501 1117 600 1187 υἱῷ
628 1116 804 1170 αὑτοῦ
840 1115 1024 1185 Τωϐία
1063 1113 1315 1167 ἀπελθεῖν
1335 1114 1415 1176 είς
1436 1097 1534 1184 τὴν
1559 1112 1790 1182 Μηδίαν,

258 1209 326 1264 διὰ
367 1209 451 1281 τὴν
501 1206 771 1278 ἐσομένην
800 1204 1183 1277 καταστροφὴν
1211 1203 1310 1272 τῆς
1338 1201 1526 1255 Νινευῒ
1565 1202 1708 1256 κατά
1733 1201 1794 1256 τὺ

259 1301 380 1371 ῥῆμα
415 1299 558 1351 Ἰωνᾶ
587 1296 683 1349 τοῦ
734 1295 1039 1365 προφήτου.
1078 1293 1188 1346 Καὶ
1214 1291 1474 1356 ἐκλιπὼν,
1521 1291 1792 1346 ἀπέθανεν

257 1391 363 1444 ἐτῶν
389 1396 510 1462 ρνη’.
558 1391 614 1442 '0
645 1388 706 1440 δὲ
733 1387 850 1452 υἱὸς
869 1384 1031 1440 αὑτοῦ
1057 1382 1267 1447 Τωϐίας
1302 1382 1550 1436 ἀπελθὼν
1576 1384 1654 1447 εἰς
1692 1382 1791 1452 τὴν

255 1484 446 1554 Μηδίαν,
505 1483 596 1534 καὶ
646 1480 834 1550 θάψας
892 1479 1016 1540 τοὺς
1073 1474 1369 1547 πενθεροὺς
1425 1474 1644 1538 ἐαυτοῦ,
1697 1477 1792 1530 καὶ

253 1575 449 1638 ἀκούσας
477 1574 603 1645 περὶ
632 1573 739 1644 τῆς
759 1569 1140 1641 καταστροφῆς
1167 1568 1266 1637 τῆς
1285 1566 1491 1630 Νινευῒ,
1524 1566 1799 1620 ἀπέθανεν

254 1665 360 1718 ἐτῶν
383 1664 474 1735 ρξ’.

535 1793 792 1848 Βιϐλίων
819 1792 1042 1862 Σοφίας
1065 1789 1471 1861 Σολομῶντος.

304 1883 376 1939 45.
404 1884 564 1952 Σοφία
623 1882 975 1953 Σολομῶντος
1009 1881 1250 1935 καλεῖται
1296 1880 1358 1934 τὸ
1401 1879 1622 1950 βιϐλίον.
1681 1880 1792 1934 Καὶ

247 1976 332 2047 γὰρ
354 1975 436 2028 καὶ
463 1972 642 2038 τοῦτο,
671 1974 834 2042 φασὶ,
865 1971 1114 2045 Σολομῶν
1147 1975 1293 2026 ἐστιν
1324 1974 1353 2026 ό
1380 1971 1613 2043 γράψας.
1637 1973 1792 2024 Ἔστι

248 2064 291 2117 δὲ
308 2065 354 2117 ἐν
385 2062 522 2134 αύτῷ
545 2062 882 2116 διδασκαλία
903 2059 1269 2130 δικαιοσύνης,
1303 2061 1397 2113 καὶ
1427 2060 1488 2111 τὸ
1505 2057 1791 2132 γνωρίζειν

245 2156 343 2219 τούς
384 2172 439 2209 τε
466 2155 709 2226 φαύλους
765 2154 970 2225 ἄνδρας
1021 2154 1116 2207 καὶ
1160 2154 1287 2216 τοὺς
1324 2151 1665 2213 σπουδαίους,
1699 2152 1792 2204 καὶ

245 2249 504 2319 προφητεία
534 2247 669 2319 περὶ
728 2244 972 2318 Χριστοῦ
996 2261 1010 2276 ⁸
1047 2245 1143 2299 καὶ
1174 2245 1257 2297 ὃτι
1292 2243 1472 2314 πολλῷ
1517 2242 1665 2313 πόνῳ
1697 2243 1790 2295 καὶ

243 2339 360 2410 πόθῳ
381 2339 743 2410 κατορθοῦται
785 2337 946 2406 σοιρία
965 2353 982 2368 ·
1010 2336 1090 2389 ἔτι
1141 2336 1199 2389 δὲ
1226 2336 1321 2388 καὶ
1355 2334 1671 2404 φυσιολογία
1697 2351 1792 2404 με-

246 2427 341 2496 ρική
361 2443 373 2455 ·
407 2426 496 2479 καὶ
527 2425 678 2479 κατά
713 2424 973 2490 εἰδώλων,
1001 2425 1098 2478 καὶ
1140 2423 1248 2478 τῶν
1279 2423 1422 2477 αύτά
1453 2424 1788 2493 γλυφόντων,

242 2517 312 2570 καὶ
336 2520 388 2571 ἐν
402 2519 580 2582 αὐτοῖς
596 2515 960 2582 ἐλπιζόντων,
987 2517 1082 2569 καὶ
1104 2515 1489 2589 λατρευόντων,
1505 2515 1600 2568 καὶ
1625 2514 1790 2586 ὕμνος

243 2606 315 2661 σὺν
342 2607 722 2679 ἐξομολογήσει
768 2606 881 2659 τῶν
919 2605 1300 2676 γεγενημένων
1351 2609 1464 2668 τοῖς
1515 2604 1786 2677 Ἰσραηλί-

241 2714 333 2762 ταις
374 2699 691 2770 θαυμασίων
740 2695 974 2753 ἐνώπιον
1025 2697 1132 2752 τῶν
1176 2696 1388 2769 ἐχθρῶν
1423 2695 1601 2750 αὐτῶν
1635 2697 1787 2768 ποιρά

239 2791 310 2842 τοῦ
332 2790 470 2846 Θεοῦ.
521 2793 589 2845 Ἡ
647 2791 754 2863 μὲν
786 2785 880 2843 οὖν
911 2791 1139 2861 περιοχὴ
1169 2789 1262 2842 τοῦ
1299 2788 1502 2858 βιϐλίου
1551 2788 1788 2842 τοιοῦτον

238 2879 321 2949 ἔχει
347 2881 426 2937 τὸν
457 2883 664 2954 τρόπον
683 2900 700 2913 ·
737 2883 772 2953 ή
807 2880 863 2933 δὲ
891 2879 1360 2948 ἀνακεφαλαίωσίς
1391 2880 1539 2932 ἐστιν
1577 2881 1634 2932 ἐν
1661 2879 1786 2932 τού-

237 2987 336 3036 τοις.
367 2975 446 3028 Ἐν
483 2976 812 3047 προοιμίοις
851 2975 950 3046 μὲν
994 2973 1275 3046 προτροπὴ
1312 2973 1522 3027 δικαίου
1556 2974 1635 3036 είς
1673 2973 1788 3026 θεο-

237 3061 429 3126 σέϐειαν,
480 3067 577 3119 καὶ
645 3066 877 3136 ἔλεγχος
948 3063 1176 3128 ἀσεϐοῦς
1230 3063 1570 3134 βλασφήμου.
1625 3081 1644 3114 ι
1695 3062 1786 3134 Μὴ

3366 346 3479 401 ὗἨτ

3476 432 3489 480 l

1900 563 2064 626 facto,
2097 561 2418 616 deciderunt
2460 560 2531 617 ab
2564 560 2672 616 illis
2714 572 2972 630 squama,
3013 564 3066 613 et
3115 571 3243 611 mox
3293 557 3468 611 visum

1897 655 2100 724 recepit
2120 669 2307 709 senex.
2334 652 2493 707 Tobit
2516 667 2678 722 porro
2695 666 2819 706 cum
2835 659 3141 706 excacatus
3166 657 3274 713 est,
3297 663 3473 702 anno-

1897 760 2017 799 rum
2037 751 2155 799 erat
2179 759 2310 796 Lvm
2329 761 2342 806 ;
2362 757 2485 796 cum
2503 757 2632 797 vero
2652 742 2829 796 visum
2853 740 3119 810 reciperet
3169 754 3314 792 LXVI.
3330 737 3469 792 Tum

1895 836 2112 890 demum
2143 850 2267 889 cum
2299 833 2461 888 Tobit
2498 831 2982 903 videret,Angelus
3013 847 3133 887 sese
3151 811 3490 886 manifesta?

1894 928 1993 992 vit,
2025 927 2174 998 quod
2222 941 2332 980 non
2381 924 2548 980 homo
2581 937 2748 991 esset,
2779 925 2876 982 sed
2926 940 2955 979 a
3012 923 3122 980 Deo
3154 925 3378 986 missus,
3408 929 3471 977 ut

1896 1020 2032 1090 ipsis
2068 1027 2122 1075 et
2159 1017 2309 1073 Sara
2365 1033 2520 1088 opem
2581 1019 2767 1073 ferret.
2803 1016 2906 1072 Ubi
2938 1032 3066 1072 vero
3095 1032 3260 1072 senex
3291 1014 3470 1071 factus

1894 1117 2040 1166 esset
2071 1108 2252 1175 Tohit,
2283 1109 2395 1164 (ilio
2448 1124 2551 1165 suo
2597 1107 2781 1162 Tobia
2837 1107 3135 1170 mandavit,
3176 1113 3236 1160 ut
3273 1106 3327 1160 in
3359 1103 3468 1159 Me-

1894 1202 2038 1256 diam
2088 1202 2284 1265 abiret,
2341 1199 2488 1269 quod
2517 1198 2758 1252 futurum
2791 1206 2937 1252 esset
2961 1204 3018 1250 ut
3048 1195 3240 1250 Ninive
3271 1211 3472 1250 secun-

1893 1292 2023 1347 dum
2055 1292 2279 1347 verbum
2316 1290 2467 1346 Jona
2503 1288 2789 1360 Propheta
2814 1289 3237 1343 subverteretur.
3267 1287 3329 1339 Et
3374 1287 3469 1341 (le--

1894 1386 2081 1442 ﬁciens
2110 1393 2360 1441 mortuus
2387 1394 2468 1439 est
2501 1397 2767 1438 annorum
2788 1396 2974 1436 cum.
3002 1380 3170 1436 Filius
3195 1396 3322 1434 vero
3348 1380 3471 1449 ejus

1893 1476 2094 1534 Tobias
2151 1477 2206 1532 in
2253 1476 2482 1532 Mediam
2526 1475 2799 1544 migravit,
2832 1473 2922 1527 ubi
2979 1473 3196 1527 tandem
3241 1473 3468 1543 sepultis

1892 1585 2083 1626 socero
2133 1583 2197 1623 ac
2253 1583 2438 1633 socru,
2479 1573 2533 1621 et
2588 1566 2656 1621 de
2690 1565 2883 1619 Ninive
2939 1565 3293 1620 subversione
3345 1580 3470 1635 per-

1891 1667 2047 1731 cepta
2071 1657 2238 1724 fama,
2271 1665 2521 1713 mortuus
2554 1665 2638 1711 est
2664 1669 2930 1711 annorum
2968 1669 3098 1709 cvu.

2262 1769 2420 1826 Liber
2458 1769 2743 1840 Sapientia:
2772 1767 3096 1824 Salomonis.

1963 1863 2055 1917 45.
2080 1861 2360 1932 Sapientia
2411 1858 2720 1914 Salomonis
2751 1865 2977 1912 vocatur
3011 1855 3098 1908 hic
3135 1854 3291 1908 liber.
3331 1851 3490 1906 Nam.

1892 1963 1946 2010 et
1967 1955 2116 2008 hunc
2145 1968 2174 2007 a
2205 1952 2499 2006 Salomone
2522 1950 2786 2019 scriptum
2820 1963 2943 2003 esse
2979 1946 3188 2001 dicunt.
3213 1945 3488 2000 Contiaet-

1892 2054 2074 2100 autem
2104 2053 2158 2100 et
2201 2043 2509 2098 doctrinam
2533 2041 2781 2110 justitia,
2803 2049 2856 2093 et
2883 2053 2989 2108 qua
3023 2037 3234 2092 ratione
3266 2045 3467 2105 cogn».

1891 2136 2080 2194 scendi
2114 2144 2244 2191 sunt
2273 2150 2396 2188 eum
2434 2133 2686 2203 improbi,
2722 2139 2838 2184 tum
2869 2130 3026 2200 probi
3068 2129 3172 2183 viri
3207 2147 3220 2182 :
3255 2126 3321 2181 ad
3354 2129 3472 2182 hac

1890 2238 1945 2286 et
1999 2227 2338 2299 prophetiam
2396 2226 2463 2280 de
2509 2223 2746 2279 Christo.
2777 2222 2946 2277 Docet
2986 2221 3150 2275 etiam
3195 2219 3470 2289 quomodo

1891 2320 2062 2374 multo
2095 2333 2233 2386 opus
2261 2317 2334 2372 sit
2364 2315 2548 2370 labore
2573 2321 2627 2368 et
2655 2312 2928 2368 desiderio
2953 2311 3022 2365 ad
3044 2309 3469 2380 comparandam

1891 2411 2237 2483 sapientiam.
2274 2408 2514 2462 Habetur
2538 2421 2755 2476 quoque
2783 2405 2872 2459 hic
2896 2404 2964 2458 de
2994 2402 3276 2458 nonnullis
3303 2408 3470 2454 natu-

1890 2517 1965 2558 ra
1997 2502 2244 2572 partibus
2273 2498 2592 2569 disputatio.
2617 2496 2746 2550 ltem
2779 2505 2972 2549 contra
3001 2493 3141 2547 idola
3164 2501 3218 2547 et
3247 2491 3488 2545 illorum.

1891 2596 2220 2666 sculptores,
2262 2601 2452 2646 contra
2481 2606 2596 2656 eos,
2622 2589 2715 2660 qui
2747 2603 2898 2657 spem
2929 2586 2985 2640 in
3020 2585 3127 2640 illis
3153 2594 3384 2656 ponunt,
3413 2591 3468 2638 et

1887 2705 1950 2746 ea
1981 2689 2209 2744 adorant
2250 2702 2315 2740 ac
2343 2685 2550 2740 colunt.
2591 2683 2859 2738 Praterea
2891 2691 2946 2735 et
2986 2680 3223 2751 hymnus
3267 2676 3467 2746 adjun-

1887 2789 1974 2835 cta
2000 2778 2346 2835 confessione
2369 2776 2701 2830 mirabilium
2727 2772 3128 2844 operationum,
3151 2786 3272 2840 qua
3291 2768 3467 2824 lsrae-

1887 2867 2000 2923 litis
2032 2882 2215 2921 coram
2251 2867 2494 2936 ipsorum
2527 2861 2764 2916 inimicis
2793 2878 2821 2914 a
2859 2860 2968 2914 Deo
3003 2859 3155 2914 facta
3184 2866 3332 2912 sunt.
3358 2857 3466 2926 lgi-

1887 2968 1975 3014 tur
2009 2957 2126 3025 ipsa
2155 2955 2372 3026 quidem
2408 2955 2529 3008 libri
2564 2953 2730 3023 hujus
2760 2950 3066 3022 complexio
3094 2949 3240 3002 hunc
3269 2949 3324 3001 in
3348 2963 3466 3000 mo-

1887 3050 2015 3105 dum
2039 3049 2202 3104 habet
2229 3065 2241 3101 :
2268 3045 2648 3116 recapitulatio
2677 3059 2805 3099 vero
2838 3045 2892 3097 in
2917 3043 3041 3098 istis
3065 3050 3168 3096 est.
3196 3038 3253 3094 ln
3284 3053 3467 3109 procn-

233 3155 361 3226 ζήλου
406 3159 534 3227 γάρ,
605 3131 816 3230 φησὶ-,⁷
848 3156 974 3220 τοὺς
1016 3131 1641 3227 ἀντιχρίστουςξοῖτινές
1688 3131 1787 3210 εισι

1893 3143 2020 3198 miis
2074 3139 2382 3195 adhortatio
2421 3137 2560 3206 justi
2586 3143 2670 3191 est
2700 3135 2767 3189 ad
2795 3134 3002 3189 cultum
3038 3131 3156 3198 Dei,
3197 3139 3250 3186 et
3283 3145 3467 3199 repre-

234 3246 436 3314 θάνατοςο
472 3270 491 3303 ι
541 3251 722 3305 πόθεν
777 3252 828 3303 οἱ
883 3249 1099 3313 ἀσεϐεῖς
1159 3249 1286 3320 περὶ
1331 3247 1409 3319 τῷ
1471 3247 1784 3319 σταυρῶσαι

229 3338 298 3392 τὸν
320 3342 508 3413 Κύριον
534 3343 647 3413 τῆς
674 3341 839 3412 δόξης
883 3337 1066 3410 ἦλθον,
1112 3341 1202 3393 τὸν
1237 3339 1408 3394 αίῷνα
1430 3339 1620 3393 τοῦτον
1653 3357 1784 3412 προ-

229 3430 491 3506 κρίναντεςο
526 3436 622 3488 ὃτι
659 3433 756 3488 καὶ
784 3434 911 3496 τοὺς
943 3431 1270 3494 ἀποστόλους
1308 3430 1532 3496 ἐδίωξαν
1555 3431 1649 3484 καὶ
1681 3432 1785 3484 ἀπ-

227 3521 460 3579 έκτειναν·
487 3527 575 3580 ὅτι
630 3526 781 3589 τινὲς
814 3525 1028 3578 ἔσονται
1054 3525 1103 3577 οἱ
1134 3523 1542 3588 ἐξουθενοῦντες
1577 3524 1669 3576 τὸν
1697 3523 1784 3576 νό-

227 3630 302 3683 μον
322 3617 406 3670 τοῦ
433 3619 680 3691 Κυρίου,
714 3617 969 3681 καίτινες
1012 3618 1059 3670 οἱ
1090 3615 1455 3684 ὑποταγέντες
1501 3615 1669 3685 αὐτῷ·
1702 3615 1786 3668 ὅτι

225 3708 318 3763 οὐδὲ
355 3712 596 3784 πλήθους
662 3711 1006 3766 ἀσεϐούντων
1063 3711 1142 3773 είς
1173 3709 1407 3782 Χριστὸν
1468 3709 1711 3777 φείσεται
1755 3709 1784 3760 ὁ

226 3796 344 3864 Θοδς.
382 3803 530 3868 Ἐνὸς
560 3804 688 3876 γὰρ
735 3803 945 3857 δικαίου
1001 3803 1348 3866 πιστεύοντος
1375 3801 1598 3874 Χριστῷ
1631 3801 1784 3872 μέλει

225 3890 428 3966 τῷθεῷ,
464 3896 572 3951 κᾶν
630 3897 755 3960 νέος
785 3895 1053 3968 ἀποθάνῃ.
1089 3915 1107 3946 ι
1148 3895 1331 3966 Γῆρας
1363 3896 1472 3965 γάρ
1507 3894 1685 3965 τίμιον
1721 3894 1780 3946 ού

227 3981 270 4036 τὺ
315 3988 689 4061 πολυχρόνιον,
724 4007 743 4039 ι
776 3989 842 4040 Εἰ
875 3988 970 4040 καὶ
1012 3987 1213 4058 ἀσεϐὴς
1244 3986 1342 4057 τὴν
1387 3986 1643 4057 τελευτὴν
1688 3985 1783 4038 τοῦ

225 4077 532 4142 ⁴πιστεύοντος
598 4076 835 4150 Χριστῷ
895 4076 1276 4141 ἐξουθένωσεν,
1313 4075 1426 4130 ἀλλ’
1469 4076 1784 4142 ἐκλέγονται

226 4164 308 4218 ἀπὸ
325 4169 578 4240 Χριστοῦ.
625 4169 694 4224 Οἱ
722 4169 942 4233 ἀσεϐεῖς
973 4169 1152 4240 ἀτίμῳ
1184 4167 1440 4240 πτώματι
1481 4167 1786 4238 παραδοθή-

225 4273 386 4325 σονται,
400 4263 494 4315 καὶ
515 4261 743 4334 μεγάλῃ
762 4261 940 4333 κρίσει
962 4261 1466 4332 καταϐληθήσονται
1489 4262 1538 4313 οἱ
1559 4260 1782 4313 διῷκται

224 4346 306 4400 τῶν
347 4353 435 4406 τοῦ
469 4352 730 4426 Χριστοῦ
766 4351 966 4405 δούλων
1013 4355 1069 4405 ἐν
1109 4355 1177 4425 τῇ
1221 4353 1421 4422 κρίσει,
1460 4351 1657 4414 ἰδόντες
1684 4350 1783 4421 τὴν

217 4434 343 4504 δόξαν
391 4444 564 4498 αὐτοῦ
631 4443 732 4497 καὶ
785 4443 986 4507 αὐτῶν,
1035 4444 1128 4496 καὶ
1169 4444 1396 4505 ἑαυτοὺς
1428 4443 1508 4505 είς
1537 4441 1778 4496 κόλασιν.

1891 3235 2084 3290 hensio
2134 3233 2285 3303 impii
2336 3230 2661 3300 blasphemi.
2693 3248 2711 3280 ι
2749 3227 2826 3284 Νε
2869 3227 3162 3290 amuleris,
3206 3243 3224 3276 ›
3265 3223 3465 3294 inquit,

1897 3346 1915 3380 ι
1953 3327 2342 3392 Antichristos,
2375 3325 2468 3396 qui
2510 3331 2639 3380 sunt
2668 3322 2786 3393 ipsa
2818 3335 2986 3374 mors.
3031 3340 3050 3372 ι
3087 3317 3238 3373 Unde
3262 3319 3465 3371 factum

1889 3419 1981 3483 sit,
2012 3417 2156 3488 quod
2190 3417 2340 3486 impii
2385 3431 2450 3470 eo
2480 3414 2828 3476 devenerint,
2863 3419 2923 3465 ut
2961 3410 3248 3465 Dominum
3283 3409 3470 3480 gloria

1890 3510 2292 3580 cruciﬁgerent,
2325 3507 2455 3561 dum
2509 3521 2749 3577 prasens
2806 3503 3069 3559 sacculum
3110 3503 3187 3555 illi
3227 3501 3469 3555 antefer-

1889 3607 2041 3664 rent;
2077 3598 2220 3669 quod
2255 3599 2359 3668 ipsi
2413 3597 2705 3668 Apostolos
2755 3595 3028 3666 persecuti
3087 3594 3197 3648 sint
3237 3603 3291 3647 et
3318 3583 3468 3646 occio

1890 3690 2101 3756 derint;
2132 3688 2274 3758 quod
2305 3687 2475 3741 futuri
2509 3687 2620 3742 sint
2641 3685 2886 3756 quidam,
2919 3683 3013 3753 qui
3043 3681 3215 3751 legem
3248 3680 3467 3734 Domini

1891 3787 2264 3844 contemnant,
2297 3778 2518 3851 quidam
2565 3792 2696 3832 vero
2736 3776 2850 3841 alii,
2882 3776 2974 3845 qui
3008 3774 3085 3828 illi
3113 3775 3220 3828 sint
3251 3774 3465 3826 obtem-

1890 3873 2248 3946 peraturi;et
2323 3869 2470 3941 quod
2529 3867 2671 3923 Deus
2728 3883 2796 3921 ne
2847 3863 3185 3920 multitudini
3246 3861 3467 3934 quidem

1889 3983 2102 4033 eorum,
2138 3965 2231 4037 qui
2263 3964 2427 4034 impie
2460 3965 2516 4017 in
2544 3961 2820 4016 Christum
2858 3966 3044 4031 agunt,
3073 3958 3144 4013 sit
3177 3972 3466 4028 parsurus.

1891 4059 2103 4113 Etenim
2159 4057 2322 4111 unius
2370 4054 2530 4125 justi,
2579 4051 2798 4106 Christo
2848 4050 3144 4114 credentis,
3199 4062 3334 4102 cura
3383 4054 3470 4102 est

1896 4151 2052 4222 132
2084 4149 2216 4214 Deo,
2270 4146 2484 4204 etiamsi
2519 4147 2574 4201 in
2603 4143 2973 4201 adolescentia
3007 4142 3296 4196 moriatur.
3330 4157 3348 4190 ι
3379 4137 3471 4193 Se-

1891 4253 2086 4301 nectus
2126 4244 2326 4314 quippe
2370 4240 2702 4296 venerabilis
2744 4245 2848 4301 est,
2898 4252 3008 4291 non
3057 4233 3399 4289 diuturna".
3445 4251 3466 4283 ι

1891 4337 1958 4392 Ει
1988 4339 2034 4394 si
2066 4337 2266 4408 impius
2300 4342 2530 4389 mortem
2563 4333 2703 4402 ejus,
2727 4333 2819 4401 qui
2858 4329 3079 4386 Christo
3105 4327 3298 4393 credit,
3339 4340 3472 4380 con-

1891 4427 2108 4490 temnit,
2161 4442 2192 4480 ιι
2249 4424 2469 4479 Christo
2535 4430 2715 4476 tamen
2764 4421 2902 4476 tales
2955 4420 3251 4489 eliguntur.
3313 4413 3471 4485 lmpii

225 4530 320 4585 Ὀτι
375 4536 618 4600 πλοῦτος
659 4534 804 4606 μετά
856 4535 1172 4600 ἀλαζονείας
1218 4534 1589 4606 συμϐέϐληται
1621 4535 1774 4604 ἡμῖν.

1891 4519 2266 4591 ignominiosa
2288 4517 2462 4572 ruina
2495 4513 2804 4578 tradentur,
2835 4521 2886 4567 et
2911 4510 3102 4582 grandi
3139 4507 3471 4564 condemna-

223 4622 296 4688 Τίς
321 4627 450 4701 ὀργὴ
492 4629 616 4683 τῶν
657 4626 1002 4681 ἀσεϐούντων
1054 4631 1132 4692 είς
1179 4629 1436 4699 Χριστόν.
1488 4626 1784 4698 Προτροπὴ

221 4720 307 4782 τοῖς
363 4722 602 4793 ἄρχουσι
639 4718 740 4774 τοῦ
783 4720 1020 4791 Ἰσραὴλ,
1049 4720 1189 4774 ὥστε
1239 4719 1512 4774 πιστεύειν
1538 4718 1784 4791 Χριστῷ,

221 4809 384 4876 μᾶλλον
442 4815 502 4868 δὲ
561 4811 877 4885 παράθεσις
903 4815 1014 4876 τοῖς
1068 4813 1294 4885 ἄρχουσι
1330 4813 1432 4883 τῆς
1475 4812 1785 4883 Καθολικῆς

227 4898 548 4976 Ἐκκλησίας,
588 4905 718 4967 πῶς
744 4904 934 4974 ἄρχειν
964 4905 1045 4959 δεῖ
1077 4905 1518 4976 ἀποστραφέντος
1549 4905 1782 4960 ἐκείνου.

220 4990 294 5058 Τίς
333 5001 363 5069 ή
420 5002 618 5070 σοφία,
653 5003 685 5054 ὁ
737 4999 867 5064 Υἱὸς
910 4999 1003 5053 τοῦ
1035 4999 1201 5068 θεοῦ;
1237 5001 1348 5054 Καὶ
1393 4999 1510 5062 πῶς
1553 5001 1582 5052 ὁ
1615 4999 1787 5068 Λόγος

220 5086 328 5157 σὰρξ
369 5092 595 5162 γέγονε,
656 5092 758 5146 καὶ
780 5092 1088 5163 ἐσκήνωσεν
1139 5093 1196 5145 ἐν
1248 5093 1400 5162 ήμῖν.
1451 5093 1572 5144 Ὅτι
1628 5089 1785 5158 κάγὼ

219 5173 524 5255 ὁμοιοπαθὴς
557 5183 720 5252 ὑμῖν,
745 5179 822 5234 ὢν
863 5181 1168 5253 ἄνθρωπος,
1207 5183 1272 5236 ἐκ
1301 5179 1600 5244 κελεύσεως
1650 5178 1783 5232 Θεοῦ

216 5271 587 5344 πεπαίδευμαι.
611 5273 757 5344 Περὶ
785 5273 1042 5343 Χριστοῦ,
1073 5277 1138 5345 τῇ
1171 5273 1333 5344 σοφίᾳ
1355 5271 1447 5325 τοῦ
1471 5270 1627 5324 Θεοῦ.
1661 5271 1784 5324 Ὅτι

218 5356 404 5414 πάντων
453 5365 563 5436 τὴν
604 5363 817 5434 γνῶσιν
837 5363 896 5429 ἐξ
933 5365 1098 5436 αὐτῆς
1147 5365 1322 5435 ἔσχον.
1379 5365 1468 5418 Ἐν
1508 5363 1614 5434 γὰρ
1644 5361 1786 5433 χειρὶ

215 5449 351 5505 αὑτοῦ
379 5457 475 5508 καὶ
497 5459 671 5527 ἡμεῖς
694 5456 793 5508 καὶ
823 5457 873 5508 οἱ
901 5455 1046 5525 λόγοι
1082 5457 1258 5528 ήμῶν.
1289 5457 1385 5520 Τίς
1418 5457 1451 5526 ή
1486 5455 1667 5525 σοφία,
1693 5454 1788 5507 καὶ

216 5537 311 5602 πῶς
337 5544 412 5606 είς
445 5544 790 5614 ἀνθρώπους
812 5538 943 5614 ἦλθε
961 5561 974 5575 ’
1011 5545 1106 5616 μία
1130 5545 1238 5616 γὰρ
1265 5542 1400 5600 οὖσα
1430 5545 1609 5598 πάντα
1628 5542 1788 5598 δύνα-

212 5640 304 5691 ται,
333 5633 426 5684 καί
451 5633 699 5703 μένουσα
740 5632 802 5686 ὲν
838 5630 994 5703 αὐτῇ,
1023 5633 1088 5687 τὰ
1121 5633 1294 5688 πάντα
1318 5631 1568 5696 καινίζει.
1618 5648 1636 5682 ι
1677 5629 1786 5699 Τὴν

269 5781 314 5821 ⁸⁸
350 5784 481 5859 Sap.
525 5804 613 5855 Iv,
649 5791 708 5844 8.

1886 4614 2032 4668 tione
2056 4618 2468 4683 prosternentur
2499 4609 2551 4661 in
2577 4607 2770 4677 judicii
2799 4607 2906 4670 die,
2931 4605 3026 4674 qui
3060 4618 3247 4660 servos
3263 4601 3468 4656 Christi

1886 4711 2308 4776 persequuntur,
2338 4700 2586 4755 videntes
2633 4698 2860 4768 gloriam
2892 4695 3095 4750 Christi
3129 4703 3184 4750 et
3218 4708 3465 4754 suorum,

1887 4813 1946 4852 se
1986 4811 2117 4852 vero
2169 4795 2238 4850 ad
2297 4792 2627 4863 supplicium
2685 4788 2825 4858 rapi.
2865 4787 3023 4854 Quod
3072 4787 3276 4841 divitia
3308 4785 3469 4839 nobis

1885 4904 2011 4942 cum
2055 4885 2369 4957 arrogantia
2417 4882 2758 4951 contingant.
2801 4879 2939 4946 Qua
2958 4879 3029 4933 sit
3057 4879 3139 4931 ira
3166 4876 3260 4931 Dei
3304 4889 3470 4943 super

1886 4997 2002 5046 eos,
2025 4979 2120 5051 qui
2145 4979 2310 5048 impie
2354 4979 2410 5031 in
2450 4976 2734 5031 Christum
2769 4971 3114 5040 delinquunt.
3144 4966 3468 5022 Adhortatio

1886 5075 1953 5128 ad
1979 5072 2258 5144 principes
2280 5066 2828 5133 lsraelis,utChristo
2865 5061 3111 5124 credant,
3139 5058 3250 5111 imo
3283 5055 3467 5126 potius

1885 5167 2223 5224 denuntiatio
2242 5161 2578 5235 principibus
2605 5157 2884 5215 catholica
2901 5152 3176 5213 Ecclesia,
3193 5149 3468 5219 quomodo

1885 5275 2074 5332 regere
2110 5257 2342 5313 debeant
2378 5261 2501 5326 post
2530 5253 2676 5308 illius
2725 5252 3064 5305 abscessum.
3093 5243 3224 5310 Qua
3272 5243 3344 5298 sit
3379 5257 3467 5297 sa—

1886 5350 2112 5423 pientia,
2176 5362 2371 5416 nempe
2412 5343 2584 5398 Filius
2632 5342 2769 5396 Dei?
2805 5341 2869 5394 Et
2920 5337 3196 5410 quomodo
3226 5333 3466 5390 Verbum

1888 5446 1960 5500 sit
1996 5457 2126 5497 caro
2166 5439 2392 5506 factum,
2427 5439 2592 5507 inque
2622 5435 2782 5488 nobis
2818 5430 3165 5487 habitaverit.
3197 5427 3464 5495 Quoniam

1887 5543 1941 5591 et
1986 5547 2108 5604 ego,
2143 5529 2338 5600 inquit,
2375 5528 2564 5582 eadem
2589 5526 2872 5580 vobiscum
2903 5536 3100 5593 passus
3133 5535 3274 5584 sum,
3303 5518 3467 5571 homo

1889 5627 2182 5688 exsistens,
2217 5629 2268 5677 ct
2295 5619 2452 5688 jussu
2474 5615 2887 5686 Dcidisciplina
2908 5613 3178 5670 subditus.
3209 5611 3284 5666 De
3313 5607 3468 5662 Cluzi-
