4066 6388
593 401 702 458 5'75

1731 405 1789 463 s.
1832 391 2304 467 “rimatis.
2344 439 2414 450 -
2454 393 2705 463 ouem!

3744 406 3844 464 376

590 527 678 575 sto
705 517 1026 586 sapientiam
1054 515 1147 572 Dei
1177 519 1428 575 habente.
1449 518 1727 587 Omnium,
1753 523 1951 595 inquit,
1981 543 2047 583 ex
2070 527 2156 582 illa

2271 525 2488 595 σοφίαν,
2540 546 2558 580 ι
2582 525 2769 598 φησὶν,
2801 544 2820 577 ι
2854 526 2919 579 ἐκ
2947 524 3203 596 νεότητος
3237 527 3490 597 φιλήσας,
3547 525 3728 579 πάντα
3781 527 3845 581 τὰ

588 608 956 680 cognitionem
1008 608 1202 665 habeo.
1258 607 1317 664 in
1375 625 1538 665 manu
1594 611 1738 666 enim
1785 614 1935 671 illius
1974 623 2028 671 et
2069 632 2170 672 nos

589 716 782 758 sumus
829 709 883 755 et
937 715 1222 756 sermones
1275 702 1474 758 nostri.
1527 703 1660 768 Quze
1692 705 1762 760 sit
1797 708 2086 778 sapientia.
2117 716 2172 764 et

586 795 864 867 quomodo
889 795 979 848 illa
1001 793 1069 848 ad
1103 794 1352 851 homines
1399 797 1625 852 venerit.
1660 796 1797 852 Cum
1829 799 1975 854 enim
2009 802 2170 854 unica

587 889 680 952 sit,
704 886 886 940 omnia
919 893 1117 954 potest,
1147 894 1201 941 et
1232 901 1355 940 cum
1390 887 1444 941 in
1473 903 1531 942 se
1561 889 1678 958 ipsa
1716 899 1953 952 maneat,
1986 892 2169 946 omnia

587 989 773 1034 tamen
819 979 1064 1033 innovat.
1107 998 1125 1030 ι
1167 979 1458 1046 Quoniam,
1506 1001 1524 1033 ι
1561 981 1758 1051 inquit,
1797 1000 1817 1033 ‹
1860 984 1928 1038 ab
1987 984 2171 1038 adole-

587 1072 800 1126 seentia
834 1073 1156 1142 sapientiam
1187 1073 1458 1137 adamavi,
1491 1077 1674 1130 omnia
1702 1076 1843 1130 bona
1868 1093 1932 1131 ex
1963 1077 2051 1131 illa
2077 1094 2167 1134 ac-

585 1165 790 1232 cepi",
826 1185 844 1216 ι
875 1165 1118 1218 carnalia
1163 1175 1215 1220 et
1259 1166 1587 1236 Spiritualia.
1621 1167 1848 1238 Cognita
1879 1170 2022 1224 enim
2055 1185 2169 1223 ma-

583 1255 866 1326 gnitudine
895 1257 1194 1326 sapientia).
1210 1259 1479 1326 postulavi
1503 1274 1532 1311 a
1571 1258 1818 1322 Domino,
1862 1269 1918 1314 ut
1947 1261 2168 1315 daretur

585 1345 715 1400 mihi
748 1345 984 1416 Spiritus
1019 1357 1265 1410 sanctus,
1301 1348 1394 1417 qui
1425 1364 1511 1402 me
1533 1349 1599 1402 de
1625 1351 1712 1403 illa
1737 1352 2088 1415 illuminaret,
2113 1360 2165 1406 et

583 1438 788 1494 missus
817 1446 922 1502 est,
955 1447 1015 1492 ut
1050 1456 1261 1495 mecum
1293 1441 1585 1496 laboraret.
1615 1440 1986 1513 Cogitationes
2012 1460 2165 1497 nam-

581 1546 688 1600 que
734 1531 1044 1586 mortalium
1097 1533 1302 1586 timidae
1351 1541 1497 1586 sunt.
1541 1532 1612 1588 De
1646 1536 1904 1605 operibus
1945 1537 2163 1607 sapien-

581 1623 690 1676 tiae.
749 1621 1033 1689 Quomodo
1094 1623 1329 1694 primum
1377 1624 1650 1680 hominem
1701 1629 2080 1692 custodis-erit,
2133 1644 2163 1684 e

583 1714 804 1784 quantis
836 1715 992 1770 malis
1024 1715 1168 1772 Deus
1200 1717 1484 1773 credentes
1516 1719 1618 1773 sibi
1650 1728 1850 1784 servet,
1881 1728 1934 1774 et
1960 1729 2160 1791 quanta

582 1807 692 1863 illis
744 1807 887 1862 bona
949 1817 1191 1878 praestet,
1227 1818 1288 1864 ut
1335 1811 1520 1867 videre
1550 1821 1602 1866 et
1629 1812 1682 1866 in
1713 1812 1823 1867 Noe
1863 1813 2157 1880 Abraham,

2271 615 2453 684 ἀγαθὰ
2506 616 2563 683 ἐξ
2606 617 2779 688 αὐτῆς
2815 615 2992 686 ἔσχον,
3027 634 3046 666 ι
3087 616 3322 686 σαρκικὰ
3354 615 3842 685 καὶπθευματικά.

2273 704 2417 768 Ὅτι,
2457 704 2518 758 τὺ
2551 703 2777 776 μέγεθος
2805 707 2904 775 τῆς
2938 704 3128 774 σοφίας
3145 703 3401 774 ἐγνωκὼς
3422 744 3438 767 ,
3487 704 3737 774 ἐνέτυχον
3769 705 3843 774 τῷ

2271 797 2483 868 Κυρίῳ,
2518 797 2659 850 ὥστε
2688 814 2778 868 μοι
2805 796 3022 867 δοθῆναι
3047 797 3107 849 τὸ
3132 797 3283 865 ἆγιον
3317 795 3562 866 Πνεῦμα,
3595 796 3658 848 τὸ
3681 795 3842 863 φωτί-

2272 888 2363 952 ζον
2404 906 2471 960 με
2512 890 2640 960 περὶ
2684 889 2874 961 αὐτῆς,
2923 889 3018 942 καὶ
3065 888 3342 958 ἐπέμφθη,
3383 888 3469 940 ’ίνα
3505 887 3847 958 συγκοπιάσῃ

2273 996 2384 1050 μοι.
2438 981 2704 1052 Λογισμοί
2755 981 2863 1052 γάρ
2893 979 3100 1052 θνητῶν
3147 978 3327 1033 δειλοί.
3372 980 3508 1050 Περὶ
3532 977 3642 1030 τῶν
3675 978 3846 1049 ἔργων

2269 1072 2369 1142 τῆς
2404 1073 2617 1142 σοφίας.
2656 1072 2780 1136 Πῶς
2807 1073 2900 1126 τὸν
2953 1071 3374 1144 πρωτόπλαστον
3405 1069 3746 1139 διεφύλαξεν,
3791 1071 3848 1134 ἐξ

2267 1161 2408 1216 ὅσων
2455 1164 2640 1216 κακῶν
2693 1161 2853 1228 σώζει
2910 1164 3036 1226 τοὺς
3069 1161 3426 1224 πιστεύοντας
3465 1160 3616 1231 αὐτῷ
3641 1163 3670 1213 ὁ
3696 1160 3844 1224 Θεὸς,

2268 1255 2362 1308 καὶ
2393 1257 2494 1309 ὅσα
2527 1256 2706 1326 ἀγαθὰ
2734 1257 2993 1328 παρέχει’
3018 1250 3129 1310 οἷον
3153 1256 3244 1308 τὸν
3272 1255 3416 1319 Νῶε,
3442 1254 3532 1309 τὸν
3573 1253 3843 1325 Ἀϐραάμ,

2265 1348 2358 1401 τὸν
2376 1348 2521 1412 Αὼθ,
2545 1349 2636 1402 τὸν
2681 1349 2897 1414 Ἰακὼϐ,
2922 1349 3014 1402 τὸν
3058 1347 3276 1419 Ἰωσὴφ,
3318 1348 3444 1411 τοὺς
3485 1346 3845 1416 Ἰσραηλίτας,

2264 1439 2358 1506 οὒς
2388 1441 2452 1493 ἐκ
2472 1441 2652 1511 χειρὸς
2672 1441 2778 1494 τῶν
2795 1441 3108 1510 Αἰγυπτίων
3135 1440 3403 1512 ἐρρύσατο
3430 1440 3517 1492 διὰ
3545 1438 3844 1502 Μωῡσέως,

2264 1534 2359 1586 καὶ
2421 1533 2484 1586 ἐκ
2543 1534 2749 1604 πέτρας
2780 1533 3085 1605 ἁκροτόμου
3146 1532 3302 1602 ἐδόθη
3339 1532 3520 1594 αὐτοῖς
3551 1530 3718 1602 ὕδωρ.
3764 1531 3847 1592 Ὠς

2262 1627 2375 1688 τοῖς
2406 1623 2449 1688 ζ’
2477 1623 2684 1678 ἔθνεσιν
2725 1624 3014 1678 ἀπέστειλε
3074 1624 3311 1694 σφῆκας.
3370 1622 3745 1694 Μακροθυμία
3793 1621 3846 1674 δὲ

2263 1718 2564 1790 χρώμενος,
2598 1719 2693 1772 καὶ
2718 1718 2929 1783 τούτοις
2979 1717 3146 1771 ἐδίδου
3176 1718 3337 1770 τόπον
3374 1717 3685 1788 μετανοίας,
3719 1731 3844 1766 παι-

2261 1810 2430 1864 δεύων
2455 1811 2540 1866 διά
2573 1811 2778 1865 τούτων
2803 1812 2892 1864 τὸν
2922 1811 3048 1864 λαὸν
3085 1807 3225 1864 εἶναι
3257 1809 3660 1882 φιλάνθρωπον.
3695 1807 3847 1862 Κατὰ

581 1900 707 1967 Lot,
738 1899 928 1966 Jacob,
961 1901 1184 1972 Joseph.
1220 1901 1504 1970 lsraelitis,
1566 1920 1705 1973 quos
1727 1919 1758 1959 e
1782 1919 1945 1958 manu
1984 1903 2155 1976 Egy-

2261 1903 2726 1976 στοιχειολατρῶν,
2751 1904 3058 1976 βατράχων,
3094 1902 3357 1973 σκνιφῶν,
3386 1901 3557 1974 μυῶν,
3587 1899 3843 1971 ἀκρίδων,

580 1987 817 2055 ptiorum
848 2002 944 2056 per
971 1986 1208 2058 Moysem
1242 1988 1510 2054 liberavit,
1541 1998 1596 2045 et
1626 2005 1765 2060 aqua
1795 2007 1858 2045 ex
1887 2003 2155 2061 pmrupta

580 2078 733 2140 petra
765 2071 1292 2141 potavit.Quomodo
1314 2083 1519 2143 septem
1547 2077 1800 2145 gentibus
1831 2092 2026 2146 vespas
2055 2078 2157 2131 mi-

578 2162 734 2217 serit.
754 2161 820 2216 Et
849 2163 1070 2218 lenitate
1103 2179 1237 2219 usus
1266 2165 1430 2219 etiam
1463 2165 1571 2220 illis
1604 2176 1794 2236 postea
1822 2168 2158 2237 poenitentiae

577 2254 755 2309 locum
804 2254 1037 2321 dederit,
1065 2271 1161 2326 per
1197 2256 1301 2312 ista
1333 2257 1590 2328 populum
1629 2259 1930 2323 instruens,
1969 2268 2028 2313 ut
2064 2261 2158 2315 be-

575 2345 778 2415 nignus
829 2354 975 2401 esset
1024 2357 1078 2401 et
1124 2347 1417 2402 humanus.
1481 2348 1685 2403 Contra
1741 2351 2156 2416 elementorum,

574 2449 858 2499 ranarum,
907 2435 1304 2504 sciniphorum,
1333 2439 1594 2502 murium,
1641 2439 1996 2503 locustarum,
2060 2457 2156 2496 γεω

577 2539 824 2592 sparum,
850 2531 1194 2593 serpentum,
1229 2525 1529 2597 imaginum
1583 2544 1647 2583 ex
1707 2542 1864 2592 auro,
1909 2539 2153 2601 argento,

574 2613 868 2684 lapidibus,
893 2624 988 2669 aut
1020 2616 1168 2686 ligno
1197 2615 1608 2684 fabricatarum,
1630 2620 1969 2678 adoratores.
2000 2622 2156 2690 Quod

574 2720 674 2774 per
719 2705 927 2776 lignum
966 2705 1118 2762 salus
1147 2706 1219 2760 sit
1252 2707 1623 2764 credentibus.
1663 2711 1738 2765 De
1784 2712 2156 2780 sculptoribus

576 2797 657 2851 vel
687 2797 991 2868 pictoribus
1022 2798 1317 2865 idolorum,
1346 2800 1522 2871 deque
1550 2805 1808 2860 omnibus
1836 2804 2157 2862 idololatria:

573 2887 756 2943 malis.
783 2887 858 2944 De
905 2889 1072 2960 impia
1113 2890 1396 2960 religione,
1420 2901 1474 2946 et
1510 2903 1645 2964 quot
1671 2895 1748 2949 illi
1787 2896 1957 2951 insint
1988 2897 2151 2952 mala.

571 2977 648 3034 De
706 2979 873 3052 ﬁgulo
917 2991 972 3036 et
1013 2981 1274 3039 ﬁctilibus
1311 2983 1492 3041 idolis.
1552 2985 1628 3042 De
1683 2989 1940 3044 omnibus
1971 2990 2152 3058 idolis,

569 3087 693 3142 quae
725 3088 757 3127 a
792 3075 1046 3145 gentibus
1086 3077 1362 3142 coluntur,
1395 3077 1900 3132 inimicissimarum
1951 3080 2156 3135 bestia-

570 3179 716 3228 rum,
747 3177 1090 3236 serpentum,
1110 3177 1360 3223 catorum
1391 3178 1445 3224 et
1467 3170 1747 3226 similium.
1767 3171 1922 3237 Quod
1963 3173 2152 3228 lsraeli

2259 1999 2504 2068 σφηκῶν,
2537 1999 2731 2066 ὄφεων.
2795 1994 2952 2050 Κατὰ
3013 1995 3438 2066 εἰδωλολατρῶν,
3497 1995 3562 2047 ὲκ
3605 1991 3844 2064 χρυσῶν,

2258 2088 2356 2141 καὶ
2405 2088 2685 2160 άργύρων,
2758 2087 2790 2158 ἥ
2843 2087 3026 2152 λίθων,
3072 2087 3105 2159 ἢ
3152 2085 3375 2150 ξυλίνων
3423 2084 3660 2138 εἰδώλων
3721 2101 3849 2136 κατ-

2257 2181 2694 2252 εσκευασμένων.
2723 2181 2848 2233 Ὀτι
2879 2178 2993 2231 ἔστι
3023 2179 3116 2231 καί
3147 2178 3385 2250 σωτηρία
3413 2177 3501 2230 διὰ
3545 2175 3704 2241 ξύλου
3739 2178 3850 2235 τοῖς

2259 2273 2593 2326 πιστεύουσι.
2657 2272 2739 2325 Τὰ
2793 2273 2922 2343 περὶ
2970 2269 3078 2324 τῶν
3145 2269 3504 2323 εἰδωλοποιῶν
3549 2269 3583 2340 ἢ
3635 2268 3850 2339 ζωγρα-

2257 2363 2504 2432 φούντων
2553 2363 2769 2418 εἴδωλα.
2828 2363 2963 2435 Περὶ
2995 2364 3213 2418 πάντων
3269 2362 3376 2415 τῶν
3421 2361 3609 2415 κακῶν
3649 2361 3760 2413 τῶν
3792 2362 3849 2412 ἐν

2257 2455 2686 2527 εἰδωλολατρείᾳ.
2756 2455 2888 2522 Περί
2938 2455 3168 2519 ἀσεϐοῦς
3227 2454 3546 2526 θρησκείας,
3604 2453 3700 2506 καὶ
3749 2453 3850 2506 ὅσα

2257 2550 2316 2602 ἐν
2345 2549 2484 2619 αὑτῇ
2516 2549 2681 2604 κακά.
2711 2549 2845 2621 Περί
2874 2548 2968 2603 τοῦ
3014 2548 3322 2620 κεραμέως,
3355 2545 3580 2600 καὶτῶν
3612 2562 3848 2616 κεραμι-

2257 2641 2368 2694 κῶν
2425 2639 2658 2694 εἰδώλων
2712 2642 2812 2712 τῆς
2867 2640 2976 2694 τῶν
3016 2639 3184 2694 ἐθνῶν
3232 2639 3509 2710 λατρείας.
3557 2638 3700 2708 Περὶ
3742 2636 3852 2690 τῶν

2257 2730 2517 2801 ἐχθίστων
2577 2729 2751 2797 ζώων,
2785 2732 2984 2800 ὄφεων,
3033 2729 3321 2801 αἰλούρων,
3353 2729 3449 2782 καὶ
3485 2726 3597 2781 τῶν
3621 2726 3848 2799 ὁμοίων.

2258 2822 2379 2876 Ὀτι
2404 2823 2772 2895 εὐηργέτησεν
2802 2825 2831 2876 ὁ
2855 2823 2989 2886 Θεὸς
3015 2822 3106 2874 τὸν
3149 2821 3368 2893 Ἰσραὴλ
3403 2820 3525 2875 ἀντὶ
3560 2820 3854 2892 βατράχων

2256 2916 2689 2987 ὀρτυγομήτραν.
2729 2915 2852 2968 ’Ότι
2898 2915 2998 2968 καὶ
3028 2915 3121 2968 ἐπὶ
3163 2913 3435 2985 δήγματος
3466 2912 3649 2980 ὄφεων
3678 2928 3855 2981 σωτηο

2257 3008 2349 3080 ρία
2376 3007 2470 3060 τοῦ
2500 3007 2628 3061 λαοῦ
2668 3007 2733 3060 δι’
2766 3007 2942 3077 ὄφεως
2993 3005 3196 3077 χαλκοῦ
3253 3004 3692 3076 ἐσταυρωμένου’
3728 3005 3858 3067 τοὺς

2255 3098 2311 3152 δὲ
2345 3099 2574 3171 ἐχθροὺς
2604 3098 2784 3154 αὐτῶν
2816 3099 2882 3152 δι’
2913 3097 3152 3170 ἀκρίδων
3182 3097 3276 3150 καί
3308 3096 3457 3168 μυῶν
3505 3095 3855 3149 ἀπέκτεινεν.

2259 3191 2381 3244 Ὀτι
2406 3191 2654 3260 ἀγγέλων
2703 3191 2908 3263 τροφὴν
2939 3189 3184 3259 ἐψώμισε
3210 3189 3304 3242 τὸν
3336 3189 3462 3242 λαὸν
3499 3189 3638 3262 πρὸς
3672 3191 3859 3242 πᾶσαν

569 3255 714 3312 Deus
762 3257 1090 3313 beneﬁcium
1143 3261 1458 3327 contulerit,
1511 3276 1612 3331 pro
1651 3263 1801 3318 ranis
1849 3265 2156 3320 coturnices

2265 3255 2465 3352 ἡδονὴνζ
2483 3255 2794 3353 ἰσχύουσαν,
2817 3255 2928 3336 ’κἀἰ
2973 3255 3112 3350 πρδς
3135 3284 3314 3336 πᾶσαν
3339 3255 3608 3352 ἁρμονίας
3640 3279 3856 3350 γεῦσιν.

567 3349 810 3404 mittens.
826 3349 982 3416 Quod
999 3360 1190 3408 contra
1209 3368 1450 3408 morsum
1469 3363 1805 3424 serpentum,
1821 3371 1917 3424 per
1939 3372 2150 3412 aeneum

567 3449 877 3512 serpentem
921 3443 976 3497 in
1017 3460 1184 3500 cruce
1234 3461 1562 3514 suspensum
1597 3448 1745 3502 salus
1779 3450 1980 3519 populo
2007 3451 2150 3503 facta

565 3534 660 3596 sit,
699 3532 906 3588 inimici
958 3551 1086 3590 vero
1134 3536 1378 3606 ipsorum
1431 3553 1528 3608 per
1585 3539 1826 3596 locustas
1876 3549 1930 3596 et
1965 3557 2151 3598 mures

565 3625 758 3680 occisi.
816 3625 972 3693 Quod
1032 3631 1294 3700 papulum
1357 3633 1678 3703 angelorum
1741 3634 1867 3689 cibo
1931 3635 2148 3701 aluerit,

566 3734 952 3790 quamcunque
996 3723 1331 3793 voluptatem
1369 3725 1622 3790 habente,
1647 3733 1701 3782 et
1733 3727 1801 3780 ad
1845 3742 2153 3798 quemcun-

563 3828 671 3882 que
723 3824 942 3884 gustum
990 3817 1262 3886 apposito.
1311 3816 1470 3885 Quod
1495 3819 1818 3890 grandinem
1851 3835 1976 3873 cum
2027 3820 2153 3891 igne

565 3902 632 3956 ad
667 3906 1101 3976 eorrumpendas
1131 3905 1317 3978 fruges
1337 3909 1392 3962 in
1416 3907 1706 3980 Egyptios
1736 3910 1968 3964 miserit.
1995 3910 2152 3976 Quod

563 3994 864 4064 palpabiles
899 3997 1154 4052 tenebras
1187 3999 1243 4052 in
1286 3998 1574 4070 Egyptios
1601 3999 1903 4067 demiserit,
1935 4009 1989 4055 et
2031 4018 2152 4074 quae

565 4101 621 4136 ιιι
655 4100 720 4139 ea
769 4101 830 4140 re
877 4087 1094 4142 inerant
1131 4090 1274 4144 mala
1304 4109 1318 4146 :
1349 4092 1557 4146 sanctis
1583 4107 1714 4145 vero
1745 4093 1863 4147 suis
1890 4093 2064 4148 lucem
2097 4096 2152 4148 in

562 4177 824 4248 )Egyplo,
847 4191 899 4234 et
939 4182 1253 4236 columnam
1287 4183 1430 4254 ignis
1458 4185 1515 4239 in
1546 4186 1864 4252 solitudine,
1911 4195 1966 4242 et
2006 4189 2152 4258 quod

567 4272 792 4334 propter
826 4269 1043 4325 occisos
1074 4269 1448 4326 lsraelitarum
1471 4274 1733 4341 infantes,
1769 4276 2150 4348 Egyptiurum

567 4356 963 4427 primogenitos
1001 4377 1174 4426 mors,
1209 4372 1262 4418 et
1293 4365 1602 4422 submersio
1635 4370 1806 4439 (ipsos
1833 4371 2150 4445 Egyptios)

565 4447 894 4504 sustulerit:
943 4458 999 4506 et
1046 4468 1147 4522 pro
1198 4463 1372 4510 morte
1427 4457 1935 4529 primogenitorum,
1996 4463 2152 4518 salus

560 4539 750 4593 lsraeli
807 4556 906 4612 per
965 4546 1286 4616 sanguinem
1342 4549 1468 4618 agni
1515 4565 1776 4606 concessa
1811 4554 1902 4608 sit.
1941 4553 2006 4607 Et
2051 4571 2151 4624 pro

2255 3373 2376 3426 Ὅτι
2399 3374 2636 3443 χάλαζαν
2652 3375 2970 3440 Αἰγυπτίοις
2990 3375 3126 3445 μετὰ
3151 3393 3220 3428 πυ
3231 3373 3321 3446 ρὸς
3336 3373 3549 3443 ἔπεμψε
3569 3373 3712 3444 πρὸς
3735 3373 3859 3426 δια-

2253 3465 2458 3536 φθορὰν
2521 3468 2896 3538 γεννημάτων.
2937 3469 3059 3520 ’Ότι
3095 3469 3209 3529 τοῖς
3263 3465 3585 3534 Αἰγυπτίοις
3638 3465 3862 3536 έπεμψε

2251 3555 2567 3628 ψηλαφητὸν
2606 3559 2830 3624 σκότος,
2889 3559 2984 3612 καὶ
3034 3557 3103 3611 τά
3152 3560 3210 3612 ἐν
3257 3556 3406 3626 αὐτῷ
3453 3559 3628 3611 κακά·
3654 3559 3770 3620 τοῖς
3798 3555 3864 3610 δὲ

2253 3649 2425 3713 ὁσίοις
2461 3649 2626 3703 αὐτοῦ
2659 3650 2776 3719 φῶς
2806 3649 3158 3720 ἐνΑἰγύπτῳ,
3180 3649 3275 3702 καί
3294 3650 3350 3700 ἐν
3367 3651 3431 3720 τῇ
3451 3649 3646 3720 ἐρήμῳ
3661 3647 3864 3702 στῦλον

2254 3739 2448 3810 πυρός.
2479 3741 2591 3794 Καὶ
2648 3741 2768 3794 ἀντὶ
2797 3741 2897 3811 μὲν
2936 3740 3168 3794 θανάτου
3197 3741 3410 3810 νηπίων
3468 3739 3690 3811 Ἰσραὴλ
3746 3741 3866 3794 τῶν

2255 3829 2571 3898 Αἰγυπτίων
2603 3830 2966 3900 πρωτοτόκων
2987 3830 3214 3892 θάνατος
3245 3831 3339 3884 καὶ
3373 3829 3827 3898 καταποντισμός
3846 3846 3862 3861 ·

2253 3921 2374 3975 ἀντὶ
2425 3920 2482 3976 δὲ
2527 3920 2757 3974 θανάτου
2812 3922 3196 3991 πρωτοτόκων,
3231 3921 3478 3992 σωτηρία
3528 3919 3752 3990 Ἰσραὴλ
3791 3919 3870 3971 δι’

2253 4012 2489 4081 αἵματος
2539 4011 2834 4083 προϐάτου.
2888 4013 2996 4065 Καὶ
3025 4013 3116 4066 ἐπὶ
3149 4013 3246 4082 μὲν
3279 4011 3494 4081 θανάτῳ
3541 4010 3772 4063 δικαίων
3803 4012 3871 4062 ἐν

2254 4102 2447 4173 ἐρήμῳ
2515 4099 2728 4173 Ἀαρὼν
2774 4100 3079 4166 ἐξιλάσατο,
3144 4103 3334 4174 Κυρίῳ
3381 4099 3868 4172 προσευξάμενος,

2254 4195 2350 4247 καὶ
2373 4192 2645 4264 θυμιάσας
2667 4211 2680 4225 ο
2715 4195 2807 4247 ἐπὶ
2848 4195 2904 4247 δὲ
2930 4195 3145 4266 θανάτῳ
3176 4195 3489 4264 Αἰγυπτίων
3513 4195 3573 4245 ἐν
3615 4191 3874 4261 Ἐρυθρᾷ

2254 4284 2503 4358 θαλάσσῃ
2560 4286 2876 4357 άνελεήμων
2933 4285 3104 4356 θυμός
3126 4305 3140 4318 ο
3181 4285 3274 4339 τοῦ
3301 4286 3358 4339 δὲ
3383 4283 3514 4337 λαοῦ
3548 4280 3875 4353 παράδοξος

2253 4377 2556 4450 ὁδοιπορία.
2589 4377 2711 4430 ’Ότι
2751 4377 2837 4429 διὰ
2869 4376 3178 4447 μισοξενίαν
3211 4375 3412 4429 ἔπαθον
3466 4372 3644 4426 ταῦτα
3673 4373 3723 4425 οἰ
3761 4373 3878 4424 Αἰ-

2256 4468 2496 4537 γύπτιοι,
2530 4469 2606 4532 ὡς
2637 4468 2798 4522 καὶοί
2840 4467 3146 4538 Σοδομῖται.
3183 4468 3305 4520 Ὅτι
3331 4465 3402 4520 τὰ
3440 4467 3685 4536 στοιχεῖα
3717 4465 3877 4517 ὑπό-

2256 4577 2432 4614 κειται
2486 4563 2552 4631 τῇ
2599 4559 2720 4630 θείᾳ
2766 4560 2948 4631 κρίσει
2991 4559 3268 4632 Χριστοῦ,
3329 4558 3467 4631 πρὸς
3511 4558 3541 4612 ὃ
3602 4557 3881 4629 βούλεται

559 4638 736 4685 morte
783 4632 1060 4700 justorum
1117 4638 1174 4692 in
1235 4639 1561 4709 solitudine,
1618 4643 1800 4698 Aaron
1854 4644 2144 4701 Dominum

2259 4652 2652 4724 ῥυθμιζόμενα,
2685 4651 2760 4715 ὼς
2807 4651 2996 4724 χορδαί
3038 4651 3270 4724 κιθάρας
3321 4651 3400 4721 τῷ
3468 4648 3828 4721 κιθαρίζοντι
3860 4664 3876 4676 °

558 4723 812 4791 precibus
863 4733 918 4780 et
982 4728 1211 4786 incenso
1271 4732 1504 4801 placarit
1559 4753 1572 4789 :
1632 4752 1732 4805 pro
1780 4746 1955 4794 morte
2010 4757 2142 4795 vero

551 4809 948 4916 Aﬁgyptiorum
983 4818 1037 4874 in
1068 4822 1204 4876 mari
1235 4821 1448 4891 Rubro,
1482 4823 1646 4881 fuerit
1675 4828 1758 4881 ira
1809 4827 1902 4883 Dei
1933 4830 2165 4920 absque.

2250 4747 2308 4798 ἐν
2335 4739 2416 4809 οἷς
2449 4745 2546 4798 καὶ
2581 4745 2614 4816 ἡ
2657 4746 2807 4796 πᾶσα
2855 4744 3087 4816 δύναμις
3124 4745 3224 4814 τῆς
3261 4744 3466 4813 Σοφίας
3501 4741 3885 4812 Σολομῶντος

2248 4837 2346 4907 τῆς
2378 4836 2678 4907 λεγομένης
2714 4835 2826 4905 (21)
2853 4835 3188 4906 Παναρέτου.

553 4905 952 4998 misericordia,
974 4925 1029 4967 et
1080 4916 1402 4987 iter.populi
1431 4920 1698 4976 insolens.
1733 4921 1886 4986 Quod
1922 4905 2165 4995 propter"
2203 4905 2659 4984 inhumanitatem
2705 4943 2834 4998 erga
2883 4905 3123 4984 advenas
3195 4929 3335 4982 mala
3384 4927 3489 4981 ista
3540 4924 3692 4996 passi
3744 4925 3893 4980 sint

478 5005 484 5016 '
549 4997 812 5072 Egyptii,
835 5005 1296 5074 quemadmodum
1325 5019 1378 5064 et
1405 5009 1718 5069 Sodomitas.
1753 5013 1908 5079 Quod
1946 5017 2214 5074 elementa
2253 5021 2438 5076 divino
2479 5023 2686 5076 Christi
2714 4997 2926 5090 judicio
2963 5021 3198 5082 subsint,
3238 5021 3305 5075 ad
3342 5019 3491 5073 illius
3537 5015 3869 5088 imperium

549 5108 650 5162 pro
705 5093 931 5149 arbitrio
971 5106 1183 5166 parata,
1246 5099 1391 5155 sicut
1430 5101 1652 5156 chorda:
1718 5105 1945 5161 cithara:
1978 5109 2246 5165 citharam
2305 5113 2565 5182 pulsanti.
2620 5109 2678 5165 In
2712 5111 2821 5183 abis
2872 5111 3366 5182 comprehenditur
3431 5109 3616 5164 omnis
3674 5109 3894 5162 virtus

550 5185 846 5257 Sapientiae
885 5187 1218 5257 Salomonis,
1272 5211 1438 5264 quam
1481 5193 1788 5254 Panareton
1845 5211 2064 5259 vocant.

726 5351 883 5424 133
911 5353 1068 5410 Liber
1097 5355 1386 5427 Sapientia:
1415 5359 1544 5414 Jesu
1585 5363 1688 5432 ﬁlii
1731 5363 1942 5420 Sirach.

615 5442 709 5498 46.
743 5443 844 5500 Hic
871 5446 1033 5505 Jcsus
1065 5450 1210 5506 ﬁlius
1258 5453 1480 5523 quidem
1533 5454 1637 5509 fuit
1694 5455 1928 5514 Sirach:
1966 5475 2140 5530 nepos

614 5601 660 5633 "
705 5600 838 5674 Sap.
883 5619 986 5669 vn,
1030 5607 1119 5660 Η.

623 5719 733 5780 (2|)
764 5722 1132 5788 Παναρέτου.
1164 5723 1255 5778 Sic
1309 5726 1436 5780 item
1474 5736 1701 5782 vocatur
1758 5729 1844 5782 hic
1895 5729 2033 5782 liber
2069 5729 2136 5781 ab

538 5791 720 5863 Fpiph
781 5791 854 5863 De
877 5794 1157 5863 mensuris,
1193 5811 1245 5863 p.
1283 5797 1404 5858 162,
1437 5807 1492 5850 et
1525 5800 1592 5851 ab
1616 5801 1755 5852 aliis.
1791 5800 1858 5851 At
1886 5800 2137 5853 Clemens

546 5861 705 5917 Rom.
734 5861 896 5932 epist.
931 5862 954 5924 1
988 5863 1054 5918 ad
1079 5861 1230 5929 Cori,
1251 5874 1302 5920 et
1322 5865 1575 5924 Clemens
1603 5869 1756 5924 Alex.
1788 5879 1839 5925 et
1862 5871 1972 5936 alii,
2003 5886 2137 5924 παν-

2463 5371 2706 5423 Βισλίον
2730 5370 2954 5438 Συρίας
2982 5367 3190 5435 Ἰησοῦ
3226 5366 3359 5419 υἱοῦ
3391 5365 3619 5434 Σηρὰχ.

2318 5460 2407 5516 ιδ.
2441 5462 2649 5536 Ἰησοῦς
2697 5456 2851 5526 οὗτος
2883 5461 3069 5534 Σηρὰχ
3124 5462 3222 5533 μὲν
3251 5456 3318 5532 ἦν
3357 5458 3492 5525 υίὸς,
3528 5458 3768 5526 ἔγγονος
3825 5461 3902 5513 6)

2241 5728 2436 5798 ἀρετον
2482 5730 2674 5798 σοφίαν
2742 5737 2940 5783 vocant
2997 5729 3198 5798 librum
3236 5727 3681 5783 Proverbiorum.
3744 5732 3905 5795 Alii

2241 5800 2558 5922 itarvocant.
2607 5800 2940 5872 Sapientiam
2997 5797 3296 5869 Siracidis',
3347 5807 3400 5856 et
3453 5798 3678 5870 quidem
3715 5805 3897 5860 vul-

2241 5883 2307 5925 sa
2337 5884 2440 5925 ius.

2241 5883 2440 5941 gauus.
