3958 6514
149 487 250 542 577

1223 486 1559 543 SYNOPSIS
1600 487 1678 544 SC
1691 488 1744 543 Ri

1859 491 2022 548 υΒΔΕ
2067 492 2338 550 ΒΑΟΒᾸΞ.
2879 449 2886 456 ε
3327 500 3442 556 578

161 601 334 674 Ἰησοῦ
361 599 680 674 ὁμωνύμως
705 598 875 672 αὐτῷ.
905 595 1074 665 Οὗτος
1101 596 1193 656 οῦν
1225 603 1283 656 ἐν
1311 604 1522 674 χρόνοις
1553 605 1741 673 γέγονε

1851 619 2032 662 autem
2081 607 2213 665 Jesu
2246 609 2347 665 sibi
2405 607 2768 680 cognominis.
2804 607 2906 662 Hic
2933 610 3115 680 itaque
3145 610 3197 663 in
3227 621 3439 683 tempo-

151 696 296 749 κάτω
355 694 510 766 μετά
554 695 653 764 τὴν
698 693 1096 765 αἰχμαλωσίαν,
1148 695 1242 747 καὶ
1288 695 1606 766 ἀνάκλησιν,
1652 700 1746 751 καὶ

157 786 287 857 μετά
310 786 451 848 τοὺς
483 784 768 855 προφήτας
792 783 1058 847 ἅπαντας.
1103 785 1160 838 '0
1189 779 1282 839 οὖν
1327 785 1548 850 πάππος
1578 787 1746 840 αὑτοῦ

122 875 382 950 "Inoo-3;,
421 876 572 930 καθά
599 876 763 940 αὐτὸς
803 877 1093 948 μαρτυρεῖ,
1125 875 1408 946 φιλόπονός
1439 895 1498 930 τε
1525 877 1746 948 γέγονεν

153 968 334 1040 δάνὴρ
362 970 470 1022 καὶ
501 967 932 1040 φρονιμώτατος,
960 967 1020 1031 ὂς
1040 969 1101 1020 οὐ
1127 968 1286 1038 μόνον
1310 969 1380 1022 τὰ
1407 970 1607 1042 ἐτέρων
1638 972 1747 1026 τῶν

154 1063 251 1132 πρὸ
279 1061 455 1115 αὑτοῦ
488 1061 724 1114 συνετῶν
750 1059 962 1130 ἀνδρῶν
991 1060 1392 1131 ἀποφθέγματα
1419 1064 1745 1132 συνήγαγεν,

153 1154 280 1208 ἀλλά
310 1154 413 1206 καὶ
456 1153 623 1216 αὐτὸς
665 1152 775 1206 ῖδιά
805 1169 930 1205 τινα
968 1151 1367 1220 ἀπεφθέγξατο,
1403 1154 1607 1225 πολλῆς
1655 1172 1746 1208 σο-

154 1247 274 1315 φίας
306 1245 408 1298 καὶ
469 1245 738 1306 συνέσεως
787 1243 1048 1312 γέμοντα.
1093 1244 1248 1296 Ἐπεὶ
1289 1240 1383 1298 οὖν
1426 1245 1524 1317 τὴν
1567 1246 1747 1317 βίϐλον

152 1338 346 1410 ττῦτην
391 1340 423 1391 6
476 1344 527 1392 α’
570 1336 779 1408 Ἰησοῦς
835 1337 945 1408 (2‘2)
983 1337 1297 1390 καταλιπὼν
1340 1339 1399 1406 ἐξ
1444 1337 1748 1410 ἀνθρώπων

153 1431 345 1501 ᾣχητο,
383 1429 582 1502 Σηράχ
609 1429 638 1481 6
667 1428 782 1492 υἱὸς
813 1428 932 1499 μετ’
958 1429 1120 1482 αὐτὸν
1151 1429 1352 1494 λαϐὼν,
1381 1430 1542 1484 πάλιν
1569 1431 1647 1502 τῷ
1671 1433 1748 1485 οί-

153 1523 274 1594 κείῳ
303 1522 465 1576 παιδὶ
503 1522 793 1575 κατέλιπεν
828 1521 1026 1593 Ἰησοῦ.
1063 1523 1160 1586 Ὃς
1188 1523 1252 1594 δὴ
1285 1523 1489 1596 ταύτης
1516 1524 1748 1596 λαϐόμε-

154 1633 252 1679 νος,
276 1618 355 1678 είς
385 1615 448 1668 ’ἐν
483 1615 702 1669 ἃπασαν
745 1613 1070 1684 ἐναρμόνιον
1102 1614 1389 1686 σύνταγμα
1437 1616 1747 1687 ποιησάμε-

153 1726 253 1774 νος,
299 1708 514 1777 Σοφίαν
548 1709 640 1761 ἐπί
670 1724 729 1760 τε
761 1705 840 1777 τῷ
877 1707 1064 1771 αὑτοῦ,
1110 1708 1203 1761 καὶ
1246 1707 1325 1779 τῷ
1367 1708 1462 1763 τοῦ
1512 1709 1745 1782 Πατρὸς,

158 1801 242 1852 καὶ
271 1798 348 1870 τῷ
380 1797 488 1852 τοῦ
524 1799 749 1852 πάππου
788 1798 1014 1868 ὀνόματι
1064 1799 1448 1872 ἐπικέκληκεν,
1493 1801 1553 1867 ἐξ
1581 1801 1745 1855 αὐτοῦ

155 1891 239 1945 τοῦ
263 1892 363 1962 τῆς
400 1892 606 1961 σοφίας
631 1891 896 1961 ὀνόματος
924 1893 1229 1963 ἀγαπητῶς
1259 1893 1457 1964 μᾶλλον
1485 1895 1629 1966 ἔχειν
1657 1896 1747 1949 τὸν

1851 700 2002 755 ribus
2035 701 2166 755 vixit
2193 716 2314 771 quae
2360 702 2655 755 subsecuta
2706 709 2835 756 sunt
2867 703 3258 772 captivitatem.
3309 705 3436 758 red-

1851 794 1985 846 itum
2019 803 2072 849 et
2103 794 2398 864 prephetas
2460 809 2674 848 omnes.
2708 793 2858 848 Avus
2881 810 3010 865 ergo
3054 794 3218 865 hujus
3245 793 3428 862 Iesus,

1848 886 2307 956 quemadmodum
2343 891 2397 940 et
2427 884 2542 954 ipse
2577 892 2838 952 testatur,
2870 886 2955 940 vir
2987 885 3090 940 fuit
3127 887 3432 946 industrius

1848 984 1902 1032 et
1935 977 2486 1047 prudentissimus,et
2511 994 2616 1032 non
2641 979 2816 1034 solum
2847 981 3188 1050 superiorum
3221 993 3345 1037 ante
3370 999 3430 1038 se

1850 1068 2155 1135 sapientum
2203 1069 2664 1140 apophthegmata
2705 1070 2943 1141 collegit,
2979 1072 3074 1126 sed
3105 1081 3159 1125 et
3211 1077 3432 1144 prepria

1849 1160 2096 1230 quzedam
2129 1159 2196 1215 de
2216 1176 2318 1215 suo
2351 1161 2575 1231 adjecit,
2609 1163 2779 1216 multa
2805 1163 3074 1232 sapientia
3098 1174 3152 1219 et
3193 1166 3435 1236 pruden-

1850 1251 1924 1304 tia
1981 1251 2200 1305 rel‘erta.
2231 1250 2366 1306 Cum
2408 1252 2577 1323 igitur
2613 1253 2760 1308 hunc
2787 1254 2986 1309 librum
3043 1257 3194 1328 prior
3211 1256 3372 1312 Jesus
3401 1273 3434 1312 ο

1849 1343 1988 1398 vivis
2039 1343 2328 1401 discedens
2358 1353 2482 1416 post
2539 1361 2600 1401 se
2652 1348 2989 1416 reliquisset,
3057 1348 3250 1406 Sirach
3288 1351 3434 1408 ﬁlius

1848 1435 1970 1504 ejus
2011 1447 2317 1507 acceptum,
2366 1435 2497 1493 Jesu
2547 1437 2657 1493 ﬁlio
2714 1454 2814 1494 suo
2861 1440 3104 1510 reliquit.
3155 1439 3205 1497 ls
3246 1452 3434 1513 postea

1849 1527 2052 1597 scripta
2084 1528 2174 1581 illa
2201 1528 2257 1582 in
2294 1543 2462 1582 unum
2495 1543 2732 1599 eumque
2768 1545 2864 1600 per
2896 1532 3080 1586 omnia
3112 1534 3434 1590 continuum

1849 1615 2097 1672 ordinem
2125 1617 2360 1690 digesta,
2386 1620 2488 1674 sub
2520 1637 2621 1676 suo
2655 1621 2829 1692 patris
2863 1629 2918 1676 et
2955 1622 3047 1702 avi
3073 1625 3290 1679 nomine
3329 1623 3432 1679 Sa-

1849 1707 2111 1779 pientiam
2140 1711 2378 1776 vocavit,
2431 1719 2492 1766 ut
2530 1713 2651 1783 ipso
2689 1712 2984 1783 Sapientia:
3029 1715 3250 1770 nomine
3278 1715 3435 1770 antli-

1851 1808 2022 1856 torem
2083 1801 2350 1864 alliceret,
2406 1812 2460 1857 et
2511 1804 2579 1858 ad
2630 1803 3042 1860 meditationem
3099 1807 3222 1860 libri
3273 1807 3436 1878 hujus

1851 1902 2101 1948 amanter
2138 1896 2546 1966 suscipiendam
2581 1908 2926 1967 provocaret.
2955 1899 3215 1954 Continet
3253 1911 3434 1956 autem

156 1984 421 2056 ἀκροατὴν
459 1985 602 2055 πρὸς
647 1982 951 2056 τὴνιαὺτὴν
991 1986 1090 2056 τῆς
1135 1985 1318 2056 βίὸλου
1365 1965 1596 2058 μελέτην
1625 1989 1744 2041 ὲπι-

1854 1982 1942 2037 hie
1971 1985 2111 2040 liber
2161 1965 2445 2043 sermones
2488 1965 2813 2059 prudentiae,
2842 1990 3129 2062 aenigmata
3188 2003 3240 2047 et
3274 2008 3437 2063 para-

159 2076 458 2146 σπώμενος.
494 2077 701 2144 Λόγους
732 2074 826 2131 οὖν
855 2078 1195 2149 φρονήσεως,
1237 2079 1538 2151 αίνίγματά
1561 2096 1619 2132 τε
1655 2081 1749 2134 καὶ

159 2169 472 2239 παραδολάς
505 2171 770 2242 περιέχει,
799 2171 893 2226 καί¹
931 2171 1167 2243 μερικάς
1191 2189 1345 2235 τινας
1375 2171 1612 2234 παλαιάς
1639 2171 1750 2224 θεο-

159 2259 316 2328 φιλεῖς
350 2261 627 2333 ἱστορίας,
661 2262 789 2334 περί
827 2280 886 2315 τε
921 2262 1130 2334 ἀνδρῶν
1161 2263 1643 2334 εὐαρεστησάντων
1670 2263 1746 2334 τῷ

159 2353 284 2424 Θεῷ,
308 2354 408 2409 καὶ
441 2355 616 2427 εὐχὴν
643 2356 738 2408 καὶ
765 2355 936 2426 ὕμνον
962 2354 1161 2409 αὐτῶν.
1189 2355 1309 2410 Ἔτι
1355 2355 1412 2408 δέ
1450 2348 1524 2409 ὧν
1554 2356 1582 2408 6
1615 2355 1748 2420 Θεὸς

158 2447 481 2518 εὐεργεσιῶν
523 2447 725 2518 ἠξίωσε
760 2449 853 2502 τὸν
900 2447 1027 2502 λαὸν
1062 2448 1251 2511 αὐτοῦ,
1292 2449 1386 2502 καὶ
1426 2441 1502 2502 ὧν
1543 2448 1744 2520 ἔπλησε

160 2540 328 2593 κακῶν
357 2542 498 2603 τοὺς
529 2539 760 2613 ἐχθροὺς
791 2539 991 2595 αὐτῶν.
1039 2541 1273 2604 Ὀπαδὸς
1305 2541 1484 2594 τοίνυν
1513 2540 1603 2594 τοῦ
1648 2542 1745 2594 Σο-

161 2629 420 2700 λομῶντος
452 2626 612 2695 οὗτος
644 2632 673 2683 6
705 2631 920 2703 Ἰησοῦς
949 2632 1212 2702 γεγονὼς,
1241 2632 1392 2685 οὐδὲν
1413 2628 1574 2705 ἦττον
1604 2633 1746 2686 ἐκεί-

162 2739 239 2776 νου
273 2725 401 2796 περὶ
435 2722 542 2795 τὴν
577 2723 769 2794 σοφίαν
798 2726 892 2777 καὶ
933 2724 1178 2778 παιδείαν
1215 2725 1528 2796 ἠρίστευσε,
1581 2725 1744 2777 πολυ-

165 2815 322 2887 μαθὴς
353 2815 586 2887 άληθῶς
619 2816 714 2868 καὶ
741 2813 816 2868 ὣν
852 2817 944 2868 καὶ
977 2815 1330 2887 καλούμενος.
1376 2815 1538 2868 Ἀλλὰ
1585 2831 1742 2886 περι-

164 2907 278 2980 οχὴν
324 2909 451 2979 μὲν,
491 2908 568 2972 ὡς
608 2907 674 2962 ἄν
697 2925 782 2972 τις
808 2909 974 2975 είποι,
1013 2907 1214 2979 ταύτην
1260 2908 1371 2978 ἔχει
1415 2906 1476 2960 τὺ
1519 2905 1740 2976 βιϐλίον.

166 2999 259 3069 Τὴν
285 3000 340 3053 δὲ
369 2999 856 3069 ἀνακεφαλαίωσιν
887 3001 1060 3054 ἰστέον
1087 2999 1280 3063 οὕτως.
1323 3000 1412 3052 Ἐν
1440 2999 1744 3070 προοιμίοις

167 3091 250 3158 μὲν
297 3093 430 3164 περὶ
484 3093 668 3163 πάσης
714 3094 908 3163 σοφίας
954 3094 1160 3166 Κυρίου
1205 3093 1504 3163 διηγεῖταιο
1555 3093 1743 3147 ἔπειτα

166 3185 276 3255 περὶ
312 3185 518 3257 θυμοῦ,
555 3187 651 3240 καὶ
685 3185 874 3256 φόϐου,
913 3186 1007 3240 καὶ
1041 3185 1303 3256 ἀφοϐίαςσ
1358 3186 1486 3256 περὶ
1519 3187 1744 3258 ἐπιστή-

169 3291 260 3344 μης
300 3276 528 3344 σοφίας·
566 3275 696 3346 περὶ
745 3275 1055 3344 θεοφοϐίας,
1106 3276 1235 3347 περὶ
1277 3274 1372 3328 τοῦ
1422 3275 1533 3328 δεῖν
1573 3277 1742 3347 χωρὶς
1769 3304 1813 3364 c

166 3364 496 3436 ὑποκρίσεως
547 3365 832 3439 προσιέναι
887 3365 1039 3439 Θεῷο
1091 3369 1221 3439 περὶ
1270 3366 1594 3439 πειρασμῶν
1649 3366 1744 3419 καὶ⁵

167 3456 458 3529 ὑπομονῆς·
489 3462 620 3532 περὶ
652 3461 851 3524 δειλίας
892 3461 987 3512 καὶ
1020 3459 1293 3523 ἐκλύσεως
1313 3475 1327 3488 ·
1367 3460 1494 3531 περὶ
1523 3459 1745 3531 ἀγάπης

166 3550 349 3620 Κυρίου
367 3569 381 3582 ·
423 3554 558 3624 περὶ
588 3554 754 3624 τιμῆς
778 3554 878 3624 τῆς
918 3555 998 3615 είς
1027 3553 1153 3616 τοὺς
1176 3554 1354 3621 γονεῖς
1373 3568 1386 3581 ·
1418 3552 1545 3626 περὶ
1572 3554 1744 3624 πρᾳό-

163 3657 304 3713 τητος
334 3647 434 3699 καὶ
475 3645 777 3710 ἐπιεικείας
821 3645 1083 3700 ταπεινοῦ
1103 3663 1116 3677 ο
1171 3645 1298 3718 περὶ
1316 3645 1622 3718 προπετοῦς
1652 3645 1746 3700 καίΙ

166 3734 527 3792 ἀνδποτάκτου
586 3737 870 3808 ζητήσεως
919 3736 1029 3790 τῶν
1093 3739 1170 3809 μὴ
1216 3738 1740 3810 προστεταγμένων·

167 3829 278 3899 περὶ
322 3830 763 3901 σκληροκαρδίου
810 3830 904 3884 καί⁵
937 3829 1313 3902 ὑπερηφάνου,
1347 3831 1476 3900 περὶ
1519 3827 1742 3882 συνετοῦ

172 3921 250 3972 καὶ
273 3921 549 3993 εὐμαθοῦς
573 3922 710 3993 (23),
743 3925 836 3976 καὶ
861 3923 1150 3994 ἐλεήμονος
1177 3923 1270 3975 καὶ
1315 3922 1566 3994 ὀρφανῶν
1615 3939 1744 3994 προ·

169 4015 372 4068 στάτου·
429 4015 572 4086 πρὸς
610 4015 762 4083 φίλον
802 4015 1164 4069 ὑποτακτικὸν
1193 4014 1289 4068 καὶ
1331 4016 1546 4087 ἐπιεικῆ
1571 4031 1586 4047 ο
1617 4016 1746 4087 περὶ

168 4105 478 4174 ἁνυψώσεως
501 4106 634 4160 υίῶν
657 4109 756 4178 τῆς
778 4108 970 4177 σοφίας
990 4122 1002 4136 ’
1031 4107 1159 4178 περὶ
1180 4105 1546 4173 άνυποταξίας
1577 4123 1745 4177 πονη-

171 4199 293 4269 ρῶνο
327 4203 424 4256 καὶ
471 4202 601 4271 περὶ
633 4199 896 4272 αἰσχύνης
935 4199 1208 4270 βλαϐερᾶς
1253 4199 1346 4252 καὶ
1389 4198 1739 4267 ἐπωφελοῦς·

175 4291 236 4363 μὴ
259 4294 356 4364 πρὸ
389 4291 503 4345 τῶν
548 4291 727 4362 ἔργων
757 4293 885 4354 τοὺς
910 4289 1124 4359 λόγους,
1165 4287 1299 4359 μηδὲ
1333 4287 1742 4343 ὲθελοδιδάσκα-

171 4381 246 4445 λος
283 4385 454 4452 γίνου.
489 4385 627 4450 Περὶ
668 4381 762 4436 τοῦ
801 4382 875 4454 μὴ
907 4382 1018 4436 δεῖν
1053 4380 1296 4434 δεδέσθαι
1333 4379 1483 4452 πόθῳ
1518 4381 1738 4453 χρημά-

170 4489 277 4538 των,
310 4478 446 4549 μηδὲ
480 4474 688 4529 οἴεσθαι
731 4473 1042 4546 ἀτιμωρητὶ
1083 4473 1435 4544 ἁμαρτάνειν,
1464 4473 1566 4526 κᾶν
1599 4491 1743 4545 παρ-

173 4569 343 4622 αυτίκα
409 4568 488 4641 μὴ
534 4568 716 4639 δῶμεν
755 4566 868 4637 τὴν
901 4565 1172 4638 τιμωρίαν
1198 4583 1210 4595 ³
1252 4565 1604 4637 μακρόθυμος
1635 4566 1744 4636 γάρ

1849 2073 2026 2138 bolas,
2055 2077 2122 2130 ad
2153 2077 2268 2132 haec
2312 2091 2366 2134 et
2413 2080 2534 2149 pias
2583 2081 2850 2150 quasdam
2879 2091 3126 2136 veterum
3176 2084 3436 2140 historias

1848 2165 1917 2220 de
1949 2167 2083 2222 viris
2116 2166 2227 2223 Deo
2277 2171 2539 2239 acceptis,
2593 2179 2646 2225 et
2699 2171 2863 2228 simul
2908 2173 3124 2228 illorum
3165 2191 3356 2244 preces
3385 2185 3438 2230 et

1849 2256 2136 2328 hymnum.
2175 2257 2446 2316 Praeterea
2477 2261 2544 2316 de
2592 2261 2897 2326 beneﬁciis,
2937 2265 3139 2334 quibus
3176 2268 3436 2337 populum

1848 2364 2010 2404 suum
2042 2349 2186 2406 Deus
2204 2351 2462 2422 dignatus
2486 2361 2589 2416 est,
2625 2361 2678 2409 et
2699 2354 2767 2410 de
2800 2356 2983 2420 malis,
3017 2357 3218 2427 quibus
3251 2359 3441 2432 hostes

1847 2442 2092 2512 ipsorum
2118 2442 2316 2498 aﬂecit.
2353 2443 2454 2499 llic
2483 2446 2667 2516 itaque
2697 2445 2882 2510 Jcsus,
2927 2463 3053 2502 cum
3085 2457 3231 2504 esset
3281 2448 3439 2504 Salo-

1846 2533 2026 2588 monis
2057 2543 2318 2602 sectator,
2353 2536 2495 2592 liand
2530 2537 2712 2594 minus
2753 2538 2847 2592 illo
2888 2539 2943 2593 in
2995 2540 3317 2596 illustranda
3343 2557 3437 2595 sa-

1847 2625 2055 2695 pientia
2078 2636 2131 2682 et
2167 2627 2389 2698 pietatis
2443 2629 2738 2701 disciplina
2780 2639 3070 2686 strenuum
3124 2647 3184 2687 se
3241 2633 3436 2702 gessit,

1845 2735 1974 2774 vere
1997 2719 2310 2776 multiscius
2333 2723 2608 2779 exsistens
2624 2730 2677 2777 et
2708 2723 2781 2776 ita
2803 2724 3004 2779 dictus.
3033 2722 3184 2778 Hanc
3217 2725 3437 2795 quidem

1845 2810 2304 2880 complexionem,
2342 2819 2401 2866 ut
2434 2813 2509 2868 ita
2537 2813 2739 2877 dicam,
2776 2813 2943 2868 habet
2997 2815 3102 2869 iste
3143 2813 3282 2868 liber
3311 2833 3323 2868 :
3351 2830 3436 2868 re-

1846 2903 2168 2972 eapitulatio
2195 2919 2321 2958 vero
2364 2903 2431 2958 ad
2465 2906 2612 2959 hunc
2661 2904 2889 2959 modum
2920 2906 3302 2976 cognoscenda
3329 2913 3433 2959 est.

1846 2995 1903 3050 In
1941 2997 2210 3066 prommio
2260 2997 2328 3052 de
2379 2998 2530 3052 omni
2579 2996 2863 3068 Sapientia
2919 2997 3136 3053 Domini
3176 2998 3434 3066 disserit;

1847 3088 2046 3145 deinde
2076 3090 2143 3144 de
2172 3089 2273 3155 ira,
2303 3090 2370 3144 de
2406 3099 2551 3144 metu
2571 3091 2710 3161 (Ἢ),
2735 3092 2908 3161 deque
2939 3092 3123 3145 animo
3153 3091 3439 3162 imperter-

1845 3180 1982 3247 rito;
2011 3180 2078 3235 de
2115 3180 2349 3235 scientia
2397 3183 2683 3252 sapientia:
2713 3201 2727 3237 :
2757 3182 2826 3238 de
2879 3183 3077 3240 timore
3137 3182 3252 3246 Dei,
3286 3183 3435 3254 quod

1846 3281 2095 3344 oporteat
2118 3274 2326 3344 absque
2372 3275 2648 3347 hypocrisi
2685 3278 2948 3334 accedere
2994 3278 3062 3333 ad
3121 3277 3324 3348 Deum;
3368 3279 3438 3334 de

1848 3367 2248 3422 tentationibns
2283 3375 2338 3421 et
2370 3369 2630 3438 patientia
2659 3387 2673 3436 ;
2727 3367 2793 3425 de
2831 3371 3126 3426 timiditate
3172 3380 3225 3427 et
3253 3371 3438 3425 animo

1847 3460 2092 3529 dejecto;
2123 3460 2190 3516 de
2235 3461 2531 3518 dilectione
2580 3461 2828 3531 Domini;
2879 3464 2945 3520 de
2978 3465 3316 3520 honorandis
3342 3479 3437 3534 pa-

1849 3551 2132 3618 rentibus;
2166 3551 2232 3606 de
2272 3553 2697 3608 mansuetudine
2745 3561 2799 3609 et
2827 3557 3087 3626 azquitate
3137 3557 3304 3610 animi
3334 3556 3437 3610 hn-

1847 3642 2030 3708 milis;
2064 3643 2132 3696 de
2163 3651 2420 3712 proterva
2481 3652 2536 3700 et
2592 3646 2882 3699 temeraria
2919 3645 3319 3716 perquisitione
3355 3660 3439 3700 re-

1848 3749 1992 3799 rum,
2027 3752 2150 3806 qua:
2173 3745 2458 3807 praecepta:
2491 3753 2600 3791 non
2625 3745 2788 3805 sunt;
2818 3739 2885 3793 de
2915 3740 3206 3808 praefracto
3238 3753 3304 3793 ac
3339 3754 3436 3794 su-

1849 3826 2017 3896 perbo
2049 3844 2063 3890 ;
2100 3827 2166 3881 de
2199 3827 2534 3897 intelligente
2557 3838 2610 3882 et
2650 3827 2844 3895 docto;
2879 3828 2946 3882 de
2994 3828 3352 3884 misericorde
3380 3837 3436 3883 et

1847 3917 2180 3988 pupillorum
2210 3927 2465 3989 patrono,
2516 3919 2582 3974 ad
2615 3921 2852 3974 amicum
2881 3921 3346 3991 obtemperantem
3379 3929 3434 3976 et

1847 4008 2192 4078 modestum;
2247 4009 2316 4065 de
2357 4012 2688 4068 exultatione
2725 4012 2960 4067 ﬁliorum
3015 4014 3338 4084 sapientia;
3366 4015 3435 4070 de

1847 4099 2196 4153 contumacia
2244 4099 2661 4169 improborum;
2702 4099 2769 4155 de
2806 4099 3017 4170 pudore
3069 4107 3181 4153 tam
3242 4099 3432 4165 noxio,

1848 4204 2011 4260 quam
2040 4190 2162 4245 utili
2187 4207 2202 4258 ;
2238 4189 2306 4245 de
2334 4205 2400 4245 eo
2431 4190 2577 4261 quod
2609 4192 2777 4246 verba
2796 4207 2904 4246 non
2921 4191 3153 4247 debeant
3173 4191 3432 4262 operibus

1847 4283 2113 4353 praeponi,
2143 4298 2242 4337 nec
2273 4284 2567 4354 quisquam
2612 4284 2808 4339 debeat
2845 4299 2945 4338 sua
2977 4291 3172 4355 sponte
3201 4283 3430 4339 docendi

1847 4375 2083 4430 oﬂicium
2141 4390 2430 4446 usurpare.
2498 4375 2655 4442 Quod
2690 4392 2853 4431 nemo
2910 4376 3103 4432 debeat
3159 4373 3432 4431 desiderio

1847 4467 2204 4538 pecuniarum
2238 4467 2442 4522 irretiri
2467 4507 2482 4532 ,
2520 4484 2620 4522 nec
2657 4477 2849 4537 putare
2883 4469 3029 4540 quod
3085 4468 3304 4539 impune
3337 4468 3433 4522 de-

1849 4557 2084 4626 linquat,
2118 4557 2333 4612 etiamsi
2360 4572 2469 4611 non
2495 4557 2680 4612 statim
2711 4573 2905 4628 pmnas
2936 4557 3431 4614 damns.Estenim

175 4659 297 4714 ἐστιν
342 4665 373 4716 6
412 4661 570 4725 Θεός·
614 4661 725 4713 δεῖν
767 4677 829 4713 τε
875 4657 1256 4726 ἐξιλάσκεσθαι
1303 4657 1488 4721 αὑτὸν,
1530 4658 1622 4711 καὶ
1669 4657 1744 4729 μὴ

1851 4649 1994 4706 Deus
2021 4649 2385 4720 longanimis;
2417 4650 2562 4720 quod
2613 4651 2916 4706 curandum
2946 4651 3128 4716 nobis,
3165 4660 3222 4706 ut
3251 4653 3434 4722 place-

174 4753 484 4823 πορευθῆναι
519 4755 578 4813 ἐν
604 4751 870 4823 ἐπιθυμίᾳ
899 4749 1148 4820 καρδίας.
1183 4750 1321 4820 Περὶ
1356 4748 1450 4802 τοῦ
1485 4749 1560 4819 μὴ
1588 4765 1745 4820 περι-

173 4842 412 4914 φέρεσθαι
445 4845 614 4898 παντὶ
645 4844 852 4915 ἀνέμῳ,
883 4844 978 4896 καὶ
1003 4844 1130 4916 περὶ
1155 4841 1426 4914 φλυαρίας
1454 4842 1548 4894 καὶ
1575 4841 1746 4912 ὑπερ-

174 4936 417 5002 ηφανίας·
475 4936 607 5007 περὶ
660 4935 981 5007 φιληδόνου’
1050 4934 1342 5005 δοκιμασία
1399 4931 1594 4986 πιστοῦ
1648 4934 1744 4987 καὶ

175 5026 376 5083 ἀπίστου
397 5047 413 5062 ο
444 5030 575 5100 περὶ
599 5028 849 5093 παιδείας
875 5028 1105 5099 Κυρίου,
1131 5028 1211 5080 ὅτι
1232 5026 1341 5080 ἀπὸ
1365 5025 1613 5098 νεότητος
1638 5024 1743 5090 ἕως

178 5116 334 5186 γήρως
366 5118 660 5189 ἐπιθυμεῖν
706 5116 873 5188 αὐτὴν
918 5116 1034 5170 δεῖο
1073 5117 1202 5188 περὶ
1251 5114 1569 5186 ἀκροάσεως
1609 5115 1746 5168 ἀνω-

179 5207 381 5275 φελοῦς·
417 5211 549 5282 περὶ
589 5209 686 5264 τοῦ
731 5208 806 5281 μὴ
847 5207 1154 5278 προδιδόναι
1201 5206 1373 5278 φίλον,
1414 5207 1551 5279 μηδέ
1584 5209 1744 5261 ἀστο-

179 5305 271 5369 χεῖν
298 5304 556 5374 γυναικὸς
589 5303 791 5373 σοφῆς·
819 5301 950 5373 περὶ
980 5300 1228 5364 οἰκετῶν,
1254 5300 1382 5372 περὶ
1411 5300 1737 5371 κτημάτων·

179 5393 286 5462 περὶ
321 5394 562 5448 τέκνων·
613 5391 743 5464 περὶ
785 5389 1092 5462 γυναικῶνο
1138 5390 1266 5462 περὶ
1319 5389 1414 5442 τοῦ
1451 5390 1527 5462 μὴ
1571 5407 1733 5443 κακοο

179 5488 346 5551 ποιεῖν,
376 5487 408 5559 ἢ
440 5486 749 5556 φιλαρχεῖν,
779 5485 813 5557 ἢ
840 5486 1202 5556 καταφρονεῖν
1225 5484 1577 5554 ἁμαρτάνειν.
1605 5483 1678 5535 Πε
1690 5484 1743 5556 pl.

178 5575 256 5628 τοῦ
288 5579 356 5650 μὴ
391 5578 686 5649 ψεύδεσθαι
732 5576 968 5647 ἀδελφῷ,
1011 5576 1146 5648 μηδέ
1191 5575 1452 5647 φλυαρεῖν
1482 5575 1574 5628 ἐπί
1604 5592 1740 5648 πρε-

183 5665 453 5742 σευτέρων,
491 5669 630 5741 μηδέ
675 5668 1009 5740 δευτερῶσαι
1055 5668 1246 5737 λόγον’
1291 5667 1420 5740 περὶ
1453 5667 1610 5740 δόξης
1635 5687 1742 5721 πα-

244 5867 340 5944 t?)
373 5872 538 5944 Editi,
576 5871 901 5944 ut6;,7male.
937 5869 1218 5928 Masculus
1248 5870 1475 5944 legerat,
1512 5869 1734 5943 Ἰησοῦς.

245 5939 341 6014 (23)
493 5942 760 6000 Commel.

1845 4747 1954 4805 tur,
1972 4755 2040 4795 ne
2071 4739 2126 4794 in
2150 4740 2597 4810 concupiscentia
2616 4742 2799 4797 cordis
2821 4744 3255 4814 progrediamur.
3275 4741 3429 4809 Quod

1844 4846 1956 4886 non
2004 4832 2302 4888 debeamus
2341 4832 2540 4902 quovis
2600 4843 2759 4889 vento
2810 4834 3198 4901 circumferri;
3230 4833 3296 4888 de
3328 4849 3430 4886 nu-

1843 4923 2076 4995 gaeitate
2135 4933 2190 4979 et
2245 4925 2595 4996 arrogantia;
2647 4927 2714 4981 de
2769 4927 3145 4997 voluptuario;
3181 4925 3430 4995 probatio

1843 5020 1939 5075 ﬁdi
1989 5028 2044 5075 et
2079 5019 2270 5083 inﬁdi;
2323 5020 2390 5074 de
2420 5019 2712 5090 disciplina
2766 5019 3004 5085 Domini,
3057 5019 3201 5090 quod
3239 5019 3328 5072 illa
3360 5018 3428 5072 ab

1843 5113 2214 5170 adolescentia
2246 5113 2313 5167 ad
2339 5121 2679 5168 senectutem
2723 5130 2900 5184 usque
2929 5111 3287 5169 desideranda
3319 5111 3426 5178 sit;

1843 5207 1910 5262 de
1933 5207 2122 5260 auditu
2148 5205 2353 5270 inutili,
2399 5204 2547 5276 quod
2598 5206 2810 5262 amicus
2840 5206 2996 5278 prodi
3054 5221 3161 5259 non
3208 5204 3425 5274 debeat,

1841 5314 2023 5369 neque
2073 5297 2463 5354 declinandum
2497 5297 2570 5352 sit
2599 5313 2630 5351 a
2659 5299 2890 5354 muliere
2917 5297 3164 5368 sapiente
3188 5315 3202 5363 ;
3231 5296 3296 5352 de
3328 5296 3428 5352 do-

1842 5391 2111 5454 mesticis,
2145 5391 2212 5446 de
2238 5391 2709 5461 possessionibus,
2767 5391 2834 5446 de
2891 5389 3102 5455 liberis,
3137 5389 3203 5445 de
3240 5389 3428 5444 uxori-

1840 5484 1962 5539 bus.
2009 5483 2162 5548 Quod
2217 5483 2423 5537 nemiui
2473 5483 2678 5536 malum
2732 5482 2911 5538 facere
2964 5481 3281 5544 debeamus,
3327 5496 3426 5536 nec

1842 5577 2184 5632 dominatum
2242 5575 2474 5640 ambire,
2522 5589 2699 5645 neque
2759 5583 3112 5631 contemnere
3156 5575 3200 5632 si
3233 5590 3421 5647 pecce-

1843 5682 1989 5723 mus.
2023 5663 2180 5732 Quod
2209 5678 2313 5719 nec
2358 5663 2622 5719 debemus
2650 5664 2873 5720 mentiri
2904 5664 3081 5730 fratri,
3115 5677 3292 5733 neque
3315 5675 3420 5714 nn-

1923 5866 2034 5936 (2.1)
2071 5865 2349 5920 Musculus
2402 5862 2583 5934 habet,
2633 5862 2830 5924 Deinde
2858 5863 2920 5922 de
2957 5864 3144 5920 timore
3183 5858 3418 5921 Domini,

1845 5938 1910 5998 de
1939 5941 2044 6009 ira,
2075 5939 2139 5996 ds
2165 5946 2324 6006 metu,
2358 5945 2466 5997 etc.
