3958 6514
490 457 595 515 379

1628 445 1686 500 S.
1723 440 2197 499 ATHANASIUS.
2237 467 2308 478 —
2341 436 2571 495 ουΒιΑ.

447 592 461 650 γ
490 571 609 643 gari
636 583 822 626 coram
867 565 1200 625 senioribus,
1247 577 1350 618 nec
1389 563 1591 617 iterare
1620 575 1966 625 sermonem;
1997 560 2066 615 de

2170 557 2316 630 τρὸς,
2344 557 2378 628 ἥ
2422 555 2647 627 μητρὸς,
2683 555 2777 608 καὶ
2814 553 2944 624 περὶ
2977 553 3076 624 τῆς
3113 551 3254 606 κατὰ
3282 551 3416 607 Θεὸν
3439 552 3756 621 εὐλαϐείας,

491 663 664 734 gloria
693 661 864 732 patris
887 667 942 715 et
963 657 1160 713 matris
1185 670 1201 720 ;
1232 653 1300 709 de
1328 654 1640 710 reverentia
1681 667 1742 706 ac
1774 661 1921 706 metu
1947 649 2064 716 Dei;

490 755 559 810 de
589 752 921 809 honorandis
949 749 1344 812 sacerdotibus,
1377 754 1432 802 et
1460 747 1527 802 de
1552 745 1813 800 curandis
1830 743 2063 799 afﬂictis.

490 845 649 915 Quod
678 845 945 915 cujusque
967 843 1045 896 rei
1076 844 1238 897 linem
1271 840 1427 910 prius
1456 846 1703 908 oporteat
1728 835 2062 907 prospicere,

489 954 657 1011 quam
711 937 982 991 actionem
1015 934 1230 1001 ordiri;
1280 930 1427 1003 quod
1461 930 1729 999 cujusque
1772 928 2064 990 sermonis,

492 1040 587 1085 aut
642 1027 844 1098 negotii
900 1024 1163 1096 postremi
1207 1030 1439 1078 eventus
1498 1017 1869 1092 prospiciendi
1932 1019 2063 1072 sint.

490 1119 647 1188 Quod
669 1126 1010 1174 vetustorum
1034 1116 1343 1186 sapientum
1365 1113 1787 1168 dissertationes
1818 1119 2068 1165 contem-

490 1211 683 1266 nenda:
711 1225 818 1264 non
851 1209 984 1264 sint.
1040 1205 1195 1261 Unde
1243 1206 1456 1258 oriatur
1485 1202 1787 1267 scortatio;
1824 1208 2065 1255 veterem

491 1302 727 1357 amicum
760 1315 870 1356 non
899 1314 1023 1356 esse
1080 1297 1465 1358 deserendum,
1496 1311 1562 1350 eo
1597 1294 1742 1365 quod
1776 1293 1972 1348 similis
1996 1293 2068 1347 sit

490 1394 620 1449 vino
644 1409 786 1449 novo
821 1407 996 1447 novus
1052 1390 1266 1443 amicus
1291 1403 1304 1440 :
1329 1388 1397 1442 de
1421 1386 1631 1441 artitice
1679 1386 1945 1456 sapiente,
1971 1385 2070 1438 do-

491 1493 647 1540 ctore
701 1483 926 1546 selecto,
949 1489 1002 1535 et
1031 1496 1155 1550 rege
1186 1478 1613 1549 indisciplinato.
1631 1475 1786 1542 Quod
1813 1477 2065 1530 morbum

489 1574 817 1630 diuturnum
855 1580 1076 1642 expetat
1121 1571 1410 1626 medicus:
1449 1568 1607 1639 134
1634 1575 1700 1622 de
1729 1567 1938 1622 semine
1969 1568 2068 1621 bo-

490 1665 727 1722 norabili
755 1673 810 1719 et
835 1664 1041 1727 infido;
1073 1661 1142 1718 de
1199 1661 1405 1716 famulo
1435 1661 1682 1730 sapiente
1707 1667 1762 1713 et
1820 1659 2068 1729 principe

489 1759 774 1830 opulento.
807 1756 962 1823 Quod
994 1754 1214 1811 modica
1245 1770 1368 1810 cum
1401 1753 1474 1808 sit
1496 1753 1642 1806 inter
1669 1750 1923 1806 volucres
1951 1751 2067 1818 api-

489 1852 636 1910 cula,
679 1848 891 1904 fructus
933 1855 1116 1902 tamen
1176 1847 1326 1900 illius
1377 1844 1582 1914 primas
1633 1843 1878 1897 obtineat
1927 1842 2068 1896 inter

490 1940 693 1995 dulcia.
715 1940 870 2007 Quod
900 1940 1108 2010 absque
1121 1937 1329 2007 judicio
1349 1945 1402 1992 et
1426 1952 1483 1990 re
1513 1936 1753 1992 nondum
1785 1936 2066 2006 explorata

489 2049 602 2087 non
632 2033 704 2089 sit
736 2031 1097 2103 querendum.
1131 2029 1288 2096 Quod
1331 2043 1440 2082 non
1468 2034 1717 2098 oporteat
1737 2043 1858 2083 esse
1886 2028 2066 2082 curio-

490 2142 636 2189 sum,
672 2125 767 2181 sed
787 2125 1014 2194 justum,
1040 2139 1104 2177 eo
1137 2120 1286 2192 quod
1322 2119 1467 2176 Deus
1492 2130 1576 2175 est
1607 2121 1699 2190 qui
1731 2120 1886 2174 ditat.
1908 2118 2064 2185 Quod

489 2217 626 2272 nihil
655 2233 718 2270 ex
746 2215 1000 2270 humanis
1035 2213 1194 2269 bonis
1231 2213 1304 2266 ita
1335 2222 1594 2266 constans
1624 2213 1805 2282 putari
1846 2211 2062 2266 debeat.

487 2306 646 2374 Quod
677 2322 787 2361 non
811 2307 882 2360 sit
912 2305 1258 2359 familiariter
1287 2319 1409 2359 cum
1438 2304 1634 2374 quovis
1665 2304 1885 2359 homine
1900 2320 2066 2374 agen-

488 2398 642 2462 dum,
679 2399 774 2453 sed
819 2413 944 2452 cum
1003 2398 1108 2468 piis
1135 2403 1348 2450 tantum
1406 2404 1461 2452 et
1512 2396 1702 2466 justis.
1757 2397 1911 2463 Quod
1936 2396 2064 2450 mali

487 2492 717 2549 cavendi
745 2492 891 2559 sint;
919 2490 1065 2561 quod
1119 2491 1256 2545 nihil
1309 2490 1380 2546 sit
1407 2490 1718 2545 habendum
1751 2489 2063 2546 commercii

489 2599 615 2639 cun
641 2583 916 2653 superbis,
974 2590 1200 2652 propter
1245 2583 1702 2652 inquinationem,
1759 2597 1879 2652 quae
1907 2597 1973 2636 ex
2008 2581 2066 2636 il-

489 2673 668 2729 lorum
700 2675 1115 2730 conversatione
1151 2676 1361 2741 oritur;
1417 2674 1564 2745 quod
1597 2689 1629 2728 a
1668 2675 1853 2730 multis
1881 2675 2066 2730 colen-

489 2767 596 2824 dus
623 2769 694 2823 sit
726 2769 1008 2838 proximus
1072 2777 1126 2824 et
1177 2768 1324 2838 quod
1380 2771 1810 2840 unumquodque
1863 2769 2064 2824 animal

489 2858 682 2929 diligat
710 2859 813 2914 sibi
848 2859 1046 2915 simile.
1067 2859 1537 2926 Quemadmodum
1565 2863 1708 2915 enim
1742 2861 1892 2915 nulla
1909 2877 2063 2916 com-

491 2952 680 3006 munio
732 2960 818 3009 est
874 2953 1004 3023 lupo
1044 2968 1169 3006 cum
1222 2968 1384 3023 agno,
1422 2969 1598 3024 neque
1629 2953 1835 3024 hyaena:
1858 2969 1959 3023 pax
1982 2961 2066 3009 est

491 3057 617 3096 cum
653 3057 808 3107 cane,
842 3043 915 3098 ita
964 3060 1141 3114 neque
1171 3045 1446 3113 peccaturi
1481 3061 1604 3100 cum
1633 3046 1755 3115 pio;
1783 3045 1849 3100 de
1882 3045 2065 3116 parcis

489 3135 584 3206 qui
615 3137 751 3191 nihil
775 3138 1082 3208 largiuntur
1097 3139 1242 3194 aliis.
1274 3137 1340 3193 Et
1370 3140 1514 3208 quod
1545 3139 1680 3192 nihil
1703 3139 1899 3194 habeat
1931 3153 2065 3193 con-

2172 650 2392 720 καὶτῆς
2431 650 2512 711 είς
2563 648 2726 718 ἱερεῖς
2758 646 2945 716 τιμῆς,
2993 645 3087 698 καὶ
3129 647 3230 717 τῆς
3260 648 3341 710 είς
3377 648 3758 717 κακουμένους

2171 740 2533 811 ἐπισκέψεως.
2569 740 2692 793 Ὀτι
2726 739 2956 792 ἑκάστου
3005 739 3330 810 πράγματος
3367 739 3428 792 τὸ
3473 739 3626 805 τέλος
3675 741 3760 794 δεῖ

2172 835 2435 906 προορᾷν,
2483 834 2578 886 καὶ
2622 832 2796 896 οὕτως
2851 831 3149 905 ἄρχεσθαι·
3203 833 3433 887 ἑκάστου
3480 833 3666 902 λόγου,
3719 834 3756 902 ἢ

2170 928 2426 1000 πράξεως
2455 929 2678 980 σκοπεῖν
2710 927 2778 982 τά
2803 926 3026 997 ἔσχατα.
3066 927 3178 979 Καὶ
3201 928 3331 998 περί
3354 925 3446 980 τοῦ
3483 926 3558 998 μὴ
3581 944 3758 999 παρο-

2174 1023 2273 1093 ρᾷν
2299 1021 2541 1093 διήγημα
2568 1021 2838 1090 γερόντων
2864 1018 3063 1088 σοφῶν.
3095 1018 3189 1083 Ἐξ
3212 1020 3352 1072 ὅσων
3376 1019 3589 1088 γίνεται
3619 1037 3758 1090 πορ-

2170 1112 2320 1166 νεία·
2357 1113 2486 1183 περὶ
2517 1111 2610 1165 τοῦ
2649 1112 2723 1182 μὴ
2760 1110 3260 1181 ἐγκαταλιμπάνειν
3305 1111 3453 1178 φίλον
3487 1113 3750 1182 ἀρχαῖον⁹

2169 1205 2198 1256 ὁ
2235 1204 2344 1275 γάρ
2367 1204 2486 1266 νέος
2523 1199 2663 1266 οἶνος
2693 1202 2832 1272 φίλῳ
2859 1200 2963 1271 νέῳ
2988 1202 3338 1271 συγκρίνεται
3361 1218 3375 1232 ·
3405 1203 3534 1272 περὶ
3575 1201 3756 1272 τεχνίο

2169 1315 2262 1351 του
2321 1297 2508 1365 σοφοῦ,
2556 1296 2652 1350 καὶ
2703 1293 2889 1367 κριτοῦ
2941 1292 3281 1357 διδασκάλου,
3335 1294 3428 1346 καὶ
3485 1293 3756 1364 βασιλέως

2171 1389 2517 1443 ἀπαιδεύτου.
2549 1389 2671 1440 ’Ότι
2729 1385 2937 1458 μακρὸν
2989 1385 3328 1457 ἀρρώστημα
3389 1389 3586 1439 σκοπεῖ
3635 1386 3752 1456 (25)

2176 1483 2381 1552 ἱατρός·
2419 1480 2548 1552 περὶ¹
2590 1479 2901 1550 σπέρματος
2922 1479 3140 1548 ἐντίμου
3186 1478 3281 1530 καὶ
3321 1478 3587 1531 ἀπίω-ου’
3621 1480 3755 1550 περὶ

2168 1575 2380 1629 οἰκέτου
2425 1572 2612 1643 σοφοῦ,
2643 1573 2736 1625 καὶ
2775 1571 3032 1643 ἄρχοντος
3075 1569 3348 1624 πλουσίου.
3376 1571 3502 1623 Ὅτι
3550 1571 3750 1642 μικρὸν

2169 1665 2228 1717 ἐν
2250 1667 2513 1726 πετεινοῖς
2535 1664 2568 1732 ἡ
2592 1661 2845 1733 μέλισσα,
2871 1662 2965 1714 καὶ
2985 1660 3128 1732 ἀρχὴ
3148 1659 3546 1730 γλυκασμάτων
3566 1663 3596 1712 ὁ
3616 1678 3750 1730 καρ-

2170 1756 2270 1822 πὸς
2299 1757 2486 1827 αὐτῆς.
2517 1755 2653 1827 Περὶ
2688 1753 2782 1808 τοῦ
2813 1753 2888 1825 μὴ
2914 1753 3171 1825 ἀκρίτως,
3205 1751 3338 1824 μηδὲ
3375 1749 3749 1818 ἀνεξετάστως

2172 1846 2504 1920 μέμφεσθαι,
2539 1843 2674 1915 μηδέ
2712 1838 2852 1896 εἶναι
2879 1842 3330 1914 πολυπράγμονα,
3354 1841 3489 1894 ἀλλὰ
3515 1841 3745 1906 δίκαιον,

2167 1941 2250 1992 ὅτι
2281 1937 2414 2001 Θεὸς
2461 1939 2489 1991 ό
2537 1936 2854 2001 πλουτίζων.
2886 1936 3010 1989 Ὅτι
3044 1934 3206 2006 μηδὲν
3240 1935 3346 1988 τῶν
3389 1934 3747 2007 ἀνθρωπίνων

2167 2029 2388 2100 ἀγαθῶν
2439 2028 2814 2101 ἀμετάκλητον
2862 2026 2972 2098 (26)
3027 2026 3296 2098 ἡγεῖσθαι.
3351 2026 3489 2100 Περὶ
3534 2026 3629 2080 τοῦ
3668 2028 3744 2098 μὴ

2166 2122 2480 2195 γνησιάζειν
2523 2121 2685 2176 παντὶ
2727 2118 3018 2192 ἀνθρώπῳ,
3066 2117 3201 2173 ἀλλά
3246 2119 3493 2173 εὐσεϐέσι
3531 2121 3626 2173 καὶ
3665 2120 3744 2173 δι-

2167 2219 2377 2279 καίοιςο
2427 2216 2520 2268 καὶ
2564 2213 2692 2285 περὶ
2736 2212 2826 2266 τοῦ
2874 2211 3236 2281 φυλάττεσθαι
3278 2212 3404 2276 τοὺς
3452 2212 3742 2282 πονηρούς.

2167 2309 2304 2380 Περὶ
2329 2307 2425 2361 τοῦ
2459 2305 2535 2377 μὴ
2564 2307 2842 2360 κοινωνεῖν
2868 2305 3238 2376 ὑπερηφάνοις
3259 2302 3346 2357 διὰ
3368 2304 3457 2356 τὸν
3488 2303 3548 2369 ἐξ
3578 2303 3742 2358 αὑτοῦ

2170 2401 2464 2474 μολυσμὸν,
2493 2399 2588 2453 καὶ
2618 2399 2717 2469 τὴν
2750 2395 3060 2468 συντριεὴν,
3087 2395 3182 2450 καὶ
3211 2395 3336 2467 περὶ
3363 2395 3461 2465 τῆς
3487 2394 3580 2448 τοῦ
3606 2396 3746 2467 πλη-

2167 2495 2281 2548 σίον
2335 2492 2628 2564 θεραπείας
2682 2488 2835 2562 παρά
2883 2487 3124 2542 πολλῶνο
3177 2490 3271 2541 καὶ
3324 2488 3405 2540 ὅτι
3460 2490 3568 2542 πᾶν
3609 2486 3746 2553 ζῶον

2168 2588 2355 2658 ἀγαπᾷ
2405 2585 2462 2639 τὸ
2511 2587 2716 2656 ὅμοιον.
2747 2583 2958 2654 Ὥσπερ
3009 2580 3118 2653 γάρ
3173 2583 3232 2636 ού
3288 2583 3536 2634 κοινωνεῖ
3584 2580 3744 2645 λύκος

2165 2679 2344 2751 ἀμνῷ,
2374 2676 2497 2731 οὔτε
2523 2674 2793 2749 εἰρηνεύει
2821 2673 2983 2729 ῦαινα
3008 2673 3143 2745 πρὸς
3175 2673 3345 2727 κύνα·
3370 2672 3544 2736 οὕτως
3571 2674 3750 2746 ἀμαρ-

2163 2772 2333 2836 τωλὸς
2361 2772 2496 2844 πρὸς
2529 2768 2746 2840 εύσεὸἦ.
2780 2766 2916 2839 Περὶ
2958 2765 3295 2838 μικρολόγων
3333 2766 3441 2818 τῶν
3475 2765 3550 2838 μὴ
3590 2783 3748 2836 μετα-

2165 2865 2415 2920 διδόντων
2443 2862 2671 2933 ἐτέροις,
2704 2863 2798 2916 καὶ
2829 2861 2910 2914 ὅτι
2943 2863 3000 2914 ἐν
3032 2858 3248 2930 πλούτῳ
3269 2860 3363 2911 καὶ
3395 2858 3746 2930 πτωχείαβί-

2167 2971 2320 3009 καιον
2352 2948 2492 3006 εἶναι
2519 2952 2613 3004 καὶ
2637 2952 2801 3014 ὅσιον,
2835 2954 2907 3023 μὴ
2932 2948 3262 3004 τούναντίον.
3292 2949 3576 3018 Μακάρων
3605 2950 3749 3018 ἡγεῖ-

2169 3047 2294 3100 σθαι
2319 3045 2409 3098 τὸν
2435 3043 2596 3114 σοφίᾳ
2633 3044 2726 3096 καὶ
2754 3044 2965 3096 συνέσει
2994 3043 3240 3107 συζῶντα
3277 3041 3438 3112 μέχρι
3467 3040 3744 3111 τελευτῆς,

2167 3140 2226 3191 ού
2262 3137 2355 3191 τὸν
2401 3135 2656 3190 πλούσιον
2697 3137 2755 3188 ἐν
2806 3135 3014 3205 κόσμῳ.
3072 3136 3206 3205 Περὶ
3250 3133 3621 3198 αὐτεξουσίου,
3668 3135 3749 3188 ὅτι

491 3226 668 3290 trarii,
707 3236 816 3281 tam
844 3228 898 3282 in
923 3228 1153 3295 divitiis,
1212 3245 1372 3299 quam
1410 3239 1749 3301 paupertate,
1771 3231 1979 3300 justum
2012 3240 2065 3286 et

2170 3232 2298 3304 περὶ
2335 3229 2671 3293 ἀποστασίας
2713 3228 2786 3299 μὴ
2832 3227 2990 3280 αἰτιῶ
3033 3227 3124 3280 τὸν
3155 3227 3386 3298 Κύριον·
3422 3227 3600 3280 πάντα
3641 3227 3747 3298 γάρ

491 3317 642 3385 pium
677 3334 800 3374 esse
833 3336 848 3386 ;
880 3319 1102 3374 beatum
1159 3322 1398 3390 reputari
1439 3338 1582 3386 eum,
1615 3323 1707 3392 qui
1737 3322 1804 3376 ad
1835 3331 2064 3377 mortem

2171 3341 2251 3378 σοι
2285 3321 2572 3395 παρέθετο.
2603 3321 2723 3375 Ὅτι
2767 3323 3017 3392 κρεῖσσον
3044 3320 3246 3373 ἄπαιδα
3280 3317 3418 3375 εἶναι
3457 3320 3490 3390 ἢ
3539 3320 3748 3391 πονηρὰ

493 3423 671 3477 usque
696 3411 974 3479 sapienter
1011 3426 1073 3464 ac
1110 3415 1410 3481 prudenter
1439 3415 1607 3478 vivat,
1638 3431 1748 3469 non
1791 3415 1885 3485 qui
1915 3414 2067 3469 dives

493 3498 566 3552 sit
589 3499 641 3552 in
673 3501 774 3555 hoc
807 3503 1028 3559 mundo.
1064 3503 1136 3559 De
1168 3507 1340 3560 libero
1363 3507 1594 3562 arbitrio
1626 3507 1811 3576 :quod
1839 3506 1905 3561 de
1936 3523 2070 3576 apo-

495 3587 666 3642 stasia
696 3605 802 3644 non
832 3591 904 3644 sit
961 3595 1100 3649 ratio
1152 3596 1416 3664 exigenda
1445 3611 1475 3649 a
1506 3594 1760 3660 Domino,
1820 3611 1886 3652 eo
1921 3597 2067 3666 quod

474 3673 681 3734 omnia
733 3682 829 3736 tibi
867 3687 1202 3754 apposuerit.
1240 3686 1392 3752 Quod
1437 3688 1632 3743 melius
1685 3688 1758 3742 sit
1791 3702 1980 3743 carere
2004 3690 2071 3742 li-

495 3768 664 3835 beris,
691 3788 853 3842 quam
887 3775 1089 3830 liberos
1122 3776 1324 3832 habere
1374 3779 1569 3833 malos.
1620 3777 1774 3845 Quod
1801 3781 1935 3834 nihil
1962 3780 2070 3836 Deo

495 3861 696 3929 lateat;
729 3865 796 3919 de
817 3868 1126 3937 cognitione
1158 3879 1212 3924 et
1247 3869 1456 3938 judicio
1506 3870 1637 3938 Dei;
1686 3881 1740 3926 et
1785 3872 1930 3943 quod
1962 3889 2070 3928 non

493 3955 796 4024 putandum
829 3957 898 4010 sit
949 3959 1168 4028 iniquos
1217 3976 1428 4030 possea
1482 3960 1591 4014 Deo
1632 3963 1917 4028 abscondi,
1977 3975 2070 4018 aut

491 4045 761 4114 judicium
813 4050 933 4118 ejus
979 4050 1234 4122 clfugere.
1280 4051 1354 4107 De
1381 4054 1580 4108 creatis
1629 4054 1816 4110 rebus.
1853 4055 1927 4110 De
1957 4056 2071 4109 lor-

495 4137 738 4193 matione
787 4139 1049 4206 hominis,
1109 4159 1216 4213 qua
1268 4144 1570 4201 honoratus
1603 4155 1716 4214 est;
1770 4147 1839 4204 de
1869 4149 2073 4204 latione

495 4228 673 4300 legis;
708 4229 776 4284 de
809 4231 1155 4306 eleemosyna
1213 4243 1269 4290 et
1322 4237 1685 4306 poenitentia;
1732 4239 1800 4294 de
1824 4240 2072 4295 modesta

495 4321 876 4390 responsione.
912 4323 1030 4378 Non
1061 4341 1184 4381 esse
1214 4328 1634 4398 vituperandum
1671 4330 1875 4385 bonum
1910 4347 2068 4401 opus,

497 4424 677 4480 neque
697 4410 900 4467 donum
933 4416 1166 4471 molesto
1191 4431 1444 4473 sermone
1468 4434 1481 4469 :
1517 4420 1660 4489 quod
1681 4421 1774 4490 qui
1801 4421 2073 4489 principa-

497 4509 614 4555 tum
636 4505 1001 4575 concupiscit,
1035 4511 1288 4579 petulans
1315 4512 1417 4577 sit,
1451 4519 1505 4566 et
1535 4512 1590 4567 in
1623 4512 1880 4568 omnibus
1907 4512 2071 4567 rebus

2166 3416 2333 3469 τέκνα
2365 3414 2530 3484 ἔχειν.
2573 3413 2694 3465 Ὅτι
2725 3411 2877 3464 οὐδὲν
2918 3409 3170 3464 λανθάνει
3199 3410 3352 3464 Θεόν.
3395 3411 3531 3482 Περὶ
3567 3411 3747 3480 φωράο

2171 3524 2308 3570 σεως
2357 3505 2494 3560 Θεοῦ
2545 3506 2640 3559 καὶ
2685 3504 2936 3576 κρίσεως,
2983 3504 3077 3556 καὶ
3128 3503 3204 3575 μὴ
3247 3503 3435 3574 νόμιζε
3485 3503 3576 3556 τὸν
3615 3501 3746 3554 Θεὸν

2169 3600 2508 3674 κρύπτεσθαι
2538 3598 2770 3670 ἀνόμους
2806 3596 2839 3662 ἢ
2873 3595 3164 3664 ἐκφεύγειν
3208 3594 3370 3648 αὑτοῦ
3404 3594 3502 3665 τὴν
3547 3593 3746 3665 κρίσιν.

2171 3695 2307 3767 Περὶ
2334 3693 2443 3748 τῶν
2483 3692 2816 3763 κτισμάτων.
2845 3689 2982 3760 Περὶ
3019 3689 3118 3758 τῆς
3147 3687 3241 3740 τοῦ
3285 3687 3573 3759 ἀνθρώπου
3618 3685 3751 3740 πλά-

2174 3804 2330 3850 σεως,
2357 3782 2422 3858 ἦς
2466 3784 2719 3855 ἐτιμήθη.
2749 3781 2886 3852 Περὶ
2928 3781 3026 3852 τῆς
3049 3779 3142 3833 τοῦ
3166 3780 3330 3851 νόμου
3363 3779 3591 3842 δόσεως⁹
3625 3776 3752 3849 περὶ

2173 3879 2541 3950 ἐλεημοσύνης
2570 3878 2663 3930 καὶ
2696 3874 3012 3942 μετανοίας·
3048 3873 3177 3946 περὶ
3213 3872 3487 3935 ἐπιεικοῦς
3521 3869 3752 3941 ἀποκρί-

2176 3986 2312 4032 σεως
2331 3986 2342 3998 ·
2371 3969 2498 4039 περὶ
2529 3967 2620 4020 τοῦ
2653 3966 2726 4038 μὴ
2758 3964 3063 4035 μωμεῖσθαι
3094 3963 3155 4017 τὸ
3183 3963 3386 4031 ἀγαθὸν
3407 3962 3590 4032 ἔργον,
3619 3959 3752 4031 μηδὲ

2172 4059 2311 4129 δόμα
2339 4059 2396 4111 ἐν
2424 4056 2652 4129 λυπηρῷ
2680 4058 2822 4130 λόγῳ
2843 4073 2856 4086 ο
2892 4054 3033 4108 ὥστε
3058 4056 3148 4109 τὸν
3180 4053 3552 4124 ἐπιθυμοῦντα
3579 4051 3749 4122 ἀρχῆς

2173 4150 2622 4224 προπετεύεσθαι,
2666 4151 2760 4203 καὶ
2802 4153 2859 4203 ἐν
2906 4151 3042 4204 πᾶσι
3074 4144 3588 4218 προετοιμάζεσθαι.
3618 4143 3751 4215 Περὶ

2172 4243 2267 4296 τοῦ
2310 4243 2383 4313 μὴ
2427 4241 2814 4304 ἀσωτεύεσθαι,
2863 4243 2957 4296 καὶ
3000 4234 3074 4294 ὧν
3121 4240 3202 4315 δεῖ
3251 4236 3572 4309 ἀπέχεσθαι.
3617 4237 3752 4307 Περὶ

2175 4335 2423 4405 φυλακῆς
2456 4335 2788 4406 μυστηρίων.
2826 4335 2920 4389 καὶ
2953 4335 3083 4404 περὶ
3109 4334 3360 4403 ἄφρονος,
3391 4331 3522 4401 περὶ⁵
3563 4328 3751 4398 σοφίας

2172 4427 2273 4497 τῆς
2315 4425 2402 4479 διὰ
2434 4424 2780 4498 παραϐολῶν,
2827 4425 3077 4495 καὶπερὶ
3127 4422 3264 4493 βίου,
3303 4421 3396 4473 καὶ
3437 4419 3631 4491 ἀρχῆς,
3661 4420 3752 4474 καὶ

2177 4517 2378 4586 σοφῶν,
2421 4517 2516 4569 καὶ
2552 4515 2773 4587 μωρῶν.
2817 4514 2954 4585 Περὶ
3003 4510 3272 4582 θυγατρὸς
3315 4509 3607 4582 θρασείας·
3661 4509 3752 4567 καὶ

498 4607 856 4668 preparatus.
893 4598 1010 4656 Non
1064 4619 1186 4659 esse
1236 4603 1589 4660 diiiluendum
1642 4605 1869 4667 luxu,et
1901 4605 2068 4672 aqui-

2177 4611 2304 4682 περὶ
2333 4609 2663 4682 ἀπροσεξίας
2700 4606 2905 4680 μωροῦ,
2938 4607 3032 4659 καὶ
3060 4605 3190 4678 περὶ
3228 4604 3467 4666 διανοίας
3497 4605 3749 4674 στεῤῥᾶς.

497 4688 602 4742 bus
648 4688 1030 4746 abstinendum
1072 4696 1188 4749 sit:
1232 4696 1300 4750 de
1351 4697 1602 4751 custodia
1659 4698 2070 4767 mysteriorum.

497 4778 575 4835 De
599 4781 790 4847 stulto,
832 4785 899 4838 de
933 4786 1202 4854 sapientia
1234 4803 1329 4858 per
1352 4789 1640 4859 parabolas
1677 4807 1689 4842 :
1721 4788 1789 4843 de
1815 4787 1958 4850 vita,
2007 4786 2074 4843 de

497 4873 799 4945 principio;
833 4875 900 4931 de
927 4881 1265 4948 sapientibus
1288 4890 1341 4935 et
1370 4882 1577 4948 stultis,
1608 4881 1675 4936 de
1701 4881 1812 4934 ﬁlia
1843 4879 2068 4946 audaci;

497 4964 566 5018 de
614 4965 1078 5023 inconsideranlia
1113 4973 1312 5040 stulti;
1372 4973 1438 5028 de
1474 4981 1654 5029 mente
1707 4975 1866 5039 dura,
1915 4983 1968 5029 et
2018 4974 2073 5028 in

495 5055 696 5124 quibus
723 5055 1058 5114 dissolvatur
1087 5063 1346 5118 amicitia.
1381 5062 1502 5117 Non
1535 5079 1659 5118 esse
1695 5065 2074 5134 peccatoribus

497 5147 905 5205 inconsiderate
959 5151 1289 5224 loquendum
1319 5169 1331 5204 :
1362 5153 1430 5208 de
1457 5152 1767 5222 disciplina.
1799 5152 1918 5208 Non
1950 5171 2074 5211 esse

498 5239 885 5308 postulandum
921 5242 1296 5312 juramentum
1332 5265 1344 5300 :
1379 5245 1446 5300 de
1481 5245 1731 5300 custodia
1771 5250 1969 5304 anima:
2020 5256 2076 5303 et

497 5332 747 5401 corporis
780 5351 792 5386 :
825 5334 893 5389 de
923 5335 1146 5392 homine
1202 5346 1530 5392 scortatore.
1559 5336 1635 5392 De
1673 5339 1902 5396 muliere
1931 5342 2073 5394 mala

493 5432 548 5480 et
582 5424 851 5483 adultera.
884 5427 1180 5498 Prophetia
1230 5429 1298 5483 dc
1326 5427 1456 5484 Jesu
1484 5428 1728 5494 Christo,
1755 5431 1851 5502 qui
1881 5443 1965 5487 est
1986 5448 2076 5487 sa-

494 5520 701 5588 pientia
731 5519 825 5576 Dei
855 5531 908 5576 et
942 5521 1137 5587 Filius,
1183 5521 1366 5579 ﬂuviis
1412 5531 1782 5594 comparatus.
1809 5523 1884 5580 De
1919 5525 2075 5580 addi-

493 5609 642 5668 tione
678 5611 1002 5685 disciplinae,
1035 5615 1102 5670 de
1128 5615 1316 5670 decem
1349 5615 1807 5682 beatitudinihus,
1831 5617 1899 5672 de
1934 5617 2073 5671 infe-

495 5702 664 5757 renda
704 5704 858 5776 plaga
891 5716 944 5762 et
983 5706 1222 5769 ultione,
1273 5705 1341 5761 de
1394 5708 1714 5762 mercatoris
1761 5708 1981 5773 delicto,
2006 5708 2072 5765 de

570 5885 678 5959 (23)
710 5889 768 5947 In
792 5892 981 5950 Graeco
1013 5889 1312 5960 Scriptum
1360 5897 1529 5960 textu,
1572 5890 1769 5964 legitur
1811 5890 2066 5946 σκώπτει.

2174 4703 2268 4756 καὶ
2297 4703 2354 4756 ἐν
2393 4702 2503 4756 τίσι
2535 4700 2806 4755 διαλύεται
2832 4699 2982 4768 φιλία
3053 4699 3149 4752 καὶ
3183 4697 3312 4768 περὶ
3340 4696 3435 4750 τοῦ
3473 4695 3547 4766 μὴ
3581 4696 3748 4766 ἀπρο-

2175 4792 2465 4861 φυλάκτως
2507 4791 2842 4862 φθέγγεσθαι
2881 4792 2994 4853 τοῖς
3044 4790 3418 4860 ἀμαρτήσασι.
3457 4787 3595 4858 Περὶ
3636 4802 3748 4839 παι-

2172 4886 2338 4949 δείας,
2386 4887 2481 4939 καὶ
2526 4883 2620 4938 τοῦ
2665 4884 2740 4956 μὴ
2790 4881 3055 4936 αἰτεῖσθαι
3093 4881 3284 4952 ὅρκον·
3329 4880 3458 4950 περὶ
3507 4877 3749 4948 φυλακῆς

2172 4977 2350 5048 ψυχῆς
2397 4978 2493 5030 καὶ
2548 4975 2816 5048 σώματος,
2871 4974 2964 5028 καὶ
3012 4975 3140 5045 περὶ
3188 4971 3477 5044 ἀνθρώπου
3531 4971 3746 5042 πόρνου.

2174 5071 2312 5142 Περὶ
2350 5070 2590 5140 πονηρᾶς
2625 5065 2904 5137 γυναικὸς,
2950 5067 3043 5119 καὶ
3082 5065 3409 5137 μοιχαλίδος.
3439 5061 3748 5134 Προφητεία

2175 5161 2304 5233 περὶ
2335 5160 2510 5232 Ἰησοῦ
2554 5159 2812 5232 Χριστοῦ,
2837 5161 2894 5224 ὃς
2926 5161 3041 5212 ἐστι
3073 5157 3232 5226 σοφία
3259 5157 3352 5210 καὶ
3380 5155 3529 5218 Υἱὸς,
3569 5169 3751 5224 παρει-

2174 5252 2398 5316 κασθεὶς
2437 5255 2718 5323 ποταμοῖς.
2770 5252 2906 5324 Περὶ
2949 5251 3262 5323 προσθήκης
3301 5248 3581 5311 παιδείας’
3627 5246 3750 5315 περὶ

2172 5345 2281 5398 τῶν
2307 5345 2438 5397 δέκα
2483 5343 2847 5416 μακαρισμῶν
2867 5360 2881 5374 ·
2923 5344 3049 5414 περὶ
3076 5343 3290 5413 πληγῆς
3321 5339 3619 5410 ἐπαγωγῆς
3663 5339 3756 5391 καὶ,

2173 5436 2539 5507 ἐκδικήσεως·
2576 5435 2704 5508 περὶ
2751 5433 3125 5505 πλημμελείας
3158 5434 3434 5506 ἐμπόρου·
3472 5431 3604 5502 περὶ
3645 5427 3749 5482 τῶν

2173 5527 2667 5582 ἀποκαλυπτόντων
2702 5526 3035 5598 μυστηρικὺν
3080 5527 3257 5596 λόγον.
3291 5524 3428 5596 Περ)⁵
3461 5519 3744 5593 ἀνθρώπου

2175 5620 2453 5694 θυμώδους
2471 5639 2486 5652 ·
2524 5624 2652 5695 περὶ
2686 5623 3038 5692 γλωσσώδους
3062 5622 3253 5692 ἀνδρός
3275 5636 3289 5651 ο
3318 5618 3446 5690 περὶ
3483 5615 3576 5670 τοῦ
3603 5611 3743 5668 δανί-

2176 5714 2289 5778 ζειν
2324 5714 2401 5784 τῷ
2426 5713 2674 5786 πλησίον,
2704 5716 2800 5768 καὶ
2827 5714 3018 5779 τόκους
3061 5714 3135 5785 μὴ
3162 5711 3480 5784 λαμϐάνειν,
3509 5706 3646 5762 ἀλλὰ
3667 5718 3744 5760 att-

2245 5891 2355 5965 (26)
2393 5891 2429 5947 1.
2480 5890 2861 5964 Ἀμετάὸητον.
