3958 6506
249 475 352 530 33!

1331 472 1664 530 SYNOPSIS
1699 473 2115 530 SCRIPTURE
2160 473 2431 528 SACRE.

3419 473 3536 531 σεε·

249 595 393 666 χρᾷν
437 591 590 663 αὐτῷ
616 590 887 665 δεομένῳ·
939 592 1066 664 περὶ
1107 593 1424 665 έγγυήσεως
1466 597 1570 650 τοῦ
1593 596 1821 668 πλησίον

1949 594 2018 648 iis
2044 597 2136 663 qui
2166 609 2278 646 rem
2301 602 2564 648 secretam
2585 594 2845 654 revelant,
2883 593 2951 648 de
2987 593 3205 648 homine
3235 594 3520 658 iracundo,

246 685 347 738 καὶ
378 684 514 756 περὶ
547 683 711 755 ζωῆς·
732 683 860 755 περὶ
883 683 978 737 τοῦ
1011 681 1086 756 μὴ
1104 681 1217 757 (27)
1239 687 1539 758 ἐπιστροφῇ
1568 687 1844 742 παιδεύειν

245 775 446 841 τέκνα,
472 774 604 847 περὶ
647 774 859 843 ὑγιείας
895 773 1164 846 σώματος,
1208 777 1302 829 καὶ
1329 775 1602 849 βρώσεως,
1629 779 1722 832 καὶ
1750 778 1845 848 ψυ-

245 863 390 932 χῆς·
441 865 573 935 περὶ
601 863 950 928 διδασκαλίας
990 866 1308 936 χρημάτων,
1349 869 1706 937 μεγιστάνων,
1748 870 1844 924 καὶ

243 955 602 1025 ἡγουμένων,
630 954 743 1026 (28)
773 953 875 1025 υίῷ
905 957 999 1008 καὶ
1030 958 1270 1026 γυναικὶ,
1307 959 1518 1030 ἀδελφῷ
1545 961 1640 1013 καὶ
1664 961 1800 1032 φίλῳ
1824 978 1837 991 ·

245 1043 384 1115 περὶ
434 1046 648 1100 οἰκέτου
677 1046 1005 1117 κακούργου.
1049 1049 1184 1121 Περὶ
1227 1051 1492 1105 ἐνυπνίων
1536 1053 1840 1108 ἀσυνέτων·

245 1139 384 1208 περὶ
413 1138 624 1211 πλάνης
659 1139 755 1193 καὶ
785 1141 1167 1213 πολυπειρίας,
1203 1145 1295 1197 καὶ
1332 1147 1459 1215 περὶ
1498 1145 1608 1200 τῶν
1648 1148 1843 1216 φοϐου-

248 1229 440 1298 μένων
478 1229 568 1283 τδν
617 1230 840 1302 Κύριον.
892 1233 1028 1303 Περὶ
1074 1233 1293 1299 θυσιῶν,
1347 1237 1441 1289 καὶ
1490 1236 1836 1308 προσφορῶν,

243 1323 362 1375 τῶν
397 1321 460 1387 ἐξ
491 1323 726 1387 ἀδικίας,
759 1325 866 1378 τῶν
895 1342 956 1379 τε
997 1328 1061 1379 ὲκ
1096 1327 1441 1400 δικαιοσύνης
1477 1331 1801 1402 προσφορῶν
1821 1349 1836 1362 ·

245 1416 385 1486 περὶ
435 1415 636 1468 θυσιῶν
668 1416 776 1469 τῶν
817 1418 882 1470 ἐκ
919 1417 1296 1490 φιλαργυρίας.
1327 1421 1448 1474 Ὅτι
1488 1422 1702 1494 τρυφῆς
1744 1421 1839 1475 καὶ

244 1504 491 1558 πλούτου
537 1505 619 1558 δεῖ
669 1512 1051 1578 καταφρονεῖν.
1089 1510 1222 1581 Περὶ
1262 1509 1582 1583 λαιμάργων
1611 1515 1704 1566 καὶ
1738 1512 1837 1583 βα-

247 1597 492 1661 σκάνων,
531 1600 624 1652 καὶ
654 1600 966 1671 ἀπλήστων,
1003 1603 1096 1655 καὶ
1129 1602 1380 1656 ἀτάκτων
1401 1620 1414 1633 ·
1456 1603 1531 1675 μὴ
1565 1603 1836 1675 μεθύσκε-

246 1689 378 1743 σθαι
408 1690 560 1760 οἴνῳ,
602 1689 716 1743 ἀλλ’
747 1693 1035 1764 αὐτάρκως
1064 1694 1318 1765 χρᾶσθαι.
1356 1697 1493 1767 Περὶ
1536 1698 1835 1770 ἐπαιρομέ-

243 1799 343 1836 νου
393 1783 692 1846 ἐπιεικοῦς.
735 1786 827 1838 καὶ
861 1787 988 1858 περὶ
1031 1785 1218 1850 λαλιᾶς
1275 1788 1677 1862 πρεσϐυτέρων,
1739 1790 1837 1845 καὶ

245 1877 384 1949 περὶ
406 1877 597 1940 λαλιᾶς
625 1877 929 1932 νεανίσκου.
961 1880 1097 1951 Περὶ
1118 1880 1341 1950 ὲκδοχῆς
1372 1881 1616 1946 παιδείας
1646 1883 1833 1955 νόμου,

1945 685 2014 741 de
2044 687 2162 739 viro
2195 685 2432 756 loquaci,
2474 684 2542 740 de
2601 685 2812 741 fmnore
2833 701 2863 740 a
2893 685 3145 755 proximo
3191 694 3434 755 sumpto,
3464 694 3522 743 et

1943 777 2089 848 quod
2123 793 2289 832 usura
2351 793 2459 831 non
2508 776 2860 847 accipienda,
2915 776 3009 833 sed
3059 786 3251 832 mutuo
3279 776 3523 832 dandum

1945 869 2240 938 sit'egenti,
2273 867 2341 923 de
2367 867 2719 938 ﬁdejussione
2778 869 3053 939 proximi;
3092 869 3160 924 de
3209 869 3341 934 vita,
3376 869 3524 940 quod

1947 960 2106 1014 liberi
2141 960 2598 1029 castigationibus
2648 963 2757 1016 sint
2785 962 3132 1026 instituendi,
3166 962 3233 1018 de
3288 963 3524 1020 sanitate

1942 1053 2228 1122 corporis;
2252 1053 2320 1108 de
2348 1054 2494 1118 cibo,
2536 1061 2589 1108 et
2632 1053 2814 1108 anima
2843 1071 2858 1120 ;
2915 1054 3164 1109 doctrina
3190 1054 3258 1110 de
3282 1055 3525 1122 divitiis;

1940 1146 2009 1201 de
2041 1147 2389 1216 magnatibus
2416 1154 2468 1201 et
2499 1146 2764 1214 ducibus;
2800 1163 2920 1217 quae
2968 1147 3079 1202 ﬁlio
3101 1188 3115 1212 ,
3150 1147 3330 1210 uxori,
3367 1148 3524 1202 fratri

1939 1246 1995 1294 et
2029 1241 2206 1293 amico
2231 1238 2541 1309 praestanda
2569 1239 2716 1305 sint;
2746 1239 2814 1293 de
2873 1256 3032 1294 servo
3071 1240 3416 1306 facinoroso;
3457 1240 3528 1296 de

1941 1329 2170 1384 somniis
2201 1328 2623 1399 insipientibus;
2652 1329 2719 1383 de
2763 1328 3083 1383 seductione
3128 1337 3181 1383 et
3231 1329 3400 1382 multa
3436 1344 3525 1382 ex-

1939 1422 2203 1493 perientia
2229 1440 2242 1488 ;
2268 1422 2335 1478 de
2361 1422 2683 1477 timentibus
2707 1419 2998 1475 Dominum
3021 1439 3036 1488 ;
3057 1421 3124 1476 de
3155 1414 3443 1476 sacriﬁciis
3469 1429 3524 1473 et

1937 1515 2328 1578 oblationibus,
2363 1531 2485 1570 cum
2517 1531 2584 1570 ex
2618 1513 2884 1583 injustitia
2910 1553 2924 1577 ,
2953 1523 3065 1568 tum
3095 1531 3158 1568 ex
3191 1513 3409 1583 justitia
3441 1512 3524 1566 fa-

1937 1609 2076 1674 ctis';
2105 1607 2172 1662 de
2197 1607 2492 1664 sacriﬁciis
2524 1623 2592 1661 ex
2641 1606 2906 1674 avaritia;
2938 1605 3368 1662 contemnendas
3396 1621 3523 1660 esse
3607 1613 3616 1620 ‘

1937 1699 2166 1755 delicias
2214 1706 2268 1754 et
2319 1698 2577 1764 divitias;
2615 1697 2683 1752 de
2715 1697 3090 1759 hclluouibus,
3130 1705 3182 1750 et
3220 1697 3438 1758 invidis,
3465 1703 3521 1750 et

1937 1791 2371 1857 insatiabilibus,
2415 1803 2469 1846 et
2523 1790 2836 1845 inordinate
2884 1790 3217 1844 viventibus.
3247 1789 3366 1844 Non
3396 1806 3521 1846 esse

1937 1883 2320 1937 inebriandum
2344 1883 2493 1946 vino,
2522 1881 2617 1938 sed
2646 1883 2788 1952 quod
2828 1883 2964 1938 satis
2993 1883 3064 1937 sit
3093 1882 3386 1936 bibendum
3413 1898 3427 1947 ;
3454 1882 3523 1938 de

244 1969 346 2022 καὶ
381 1968 630 2040 κρίματα
665 1971 761 2022 καὶ
795 1970 1159 2042 δικαιώματα,
1206 1974 1299 2027 καὶ
1345 1976 1624 2029 πιστεύειν
1660 1978 1826 2048 νόμῳ.

1934 1975 2174 2029 exaltato
2199 1973 2418 2029 homine
2445 1974 2760 2037 moderato;
2783 1973 2849 2028 de
2865 1972 3194 2043 loquacitate
3216 1972 3522 2035 seniorum,

242 2061 393 2131 Περὶ
445 2060 711 2132 διαθήκης
755 2062 890 2116 Θεοῦ
949 2064 1090 2118 κατὰ
1137 2065 1350 2134 γενεὰν,
1408 2068 1502 2120 καὶ
1543 2069 1624 2121 ὅτι
1661 2070 1693 2140 ἡ
1736 2069 1836 2142 μὲν

243 2156 570 2229 κατασκευὴ
622 2156 720 2226 τῆς
773 2155 986 2226 φύσεως
1047 2159 1159 2221 τοῖς
1208 2157 1515 2228 ἀνθρώποις
1576 2159 1674 2229 μία
1703 2177 1716 2191 ·
1774 2160 1834 2212 τὸ

240 2245 303 2298 δὲ
363 2247 467 2318 τῆς
527 2247 899 2318 προαιρέσεως
944 2246 1218 2319 διάφορον,
1275 2248 1367 2316 ἀφ’
1426 2242 1494 2319 ἦς
1551 2250 1678 2312 τοὺς
1733 2251 1834 2320 μὲν

240 2337 617 2407 εὐλογεῖσθαι,
659 2339 786 2402 τοὺς
836 2338 894 2392 δὲ
941 2337 1046 2391 ὑπὸ
1089 2338 1336 2410 κατάραν
1391 2339 1635 2410 ἐποίησε.
1697 2341 1834 2412 Περὶ

241 2429 381 2483 λαοῦ
422 2430 835 2501 ἐκλελεγμένον,
871 2431 966 2484 καὶ
1012 2432 1093 2485 ὅτι
1123 2431 1383 2486 ἀπέναντι
1412 2432 1505 2486 τοῦ
1535 2433 1740 2501 ἀγαθοῦ
1772 2435 1832 2488 τὸ

245 2521 446 2586 κακὸν,
477 2523 571 2576 καὶ
593 2523 852 2576 ἀπέναντι
879 2522 974 2576 τοῦ
997 2523 1256 2586 εὐσεϐοῦς
1289 2524 1317 2576 ὁ
1339 2525 1680 2596 ἁμαρτωλός.
1710 2525 1832 2580 Τίσι

241 2612 330 2666 δεῖ
369 2617 682 2667 κοινωνεῖν·
715 2614 908 2668 ὁποίαν
951 2615 1032 2667 δεῖ
1069 2619 1302 2683 γυναῖκα
1354 2615 1572 2670 λαϐεῖν·
1611 2617 1832 2682 ὁποίους

241 2705 325 2759 δεῖ
363 2705 554 2773 φίλους
587 2705 760 2776 ἔχειν·
811 2706 920 2760 τίσι
970 2706 1052 2760 δεῖ
1097 2705 1421 2778 συμϐούλοις
1461 2707 1716 2780 χρῆσθαι,
1759 2710 1834 2764 τί·

245 2811 346 2858 νας
377 2795 735 2858 διδασκάλους
785 2793 983 2866 ὁρίζει·
1010 2796 1139 2868 περὶ
1168 2795 1260 2850 τοῦ
1303 2797 1499 2851 ειδέναι
1535 2798 1596 2851 τὸ
1627 2799 1834 2870 συμφέ-

243 2902 344 2957 ρον
379 2886 634 2940 ἕκαστον.
661 2887 798 2956 Περῖ¹
834 2887 928 2940 τοῦ
957 2889 1121 2960 τιμᾷν
1149 2889 1276 2952 τοὺς
1314 2888 1550 2961 ἰατρούς.
1583 2889 1707 2954 Πῶς
1739 2891 1832 2943 ἐπὶ

241 2978 429 3050 νεκρῷ
476 2979 557 3032 δεῖ
610 2979 844 3033 πενθεῖν.
896 2980 1033 3053 Περὶ
1103 2983 1475 3052 γραμματέως
1524 2981 1618 3034 καὶ
1666 2982 1829 3050 σοφοῦ

243 3064 503 3136 γεωργοῦ
521 3081 536 3095 ·
559 3067 653 3119 καὶ
682 3067 809 3138 περὶ
831 3067 1137 3138 ἀγρυπνίας
1161 3069 1432 3132 τέκτονος,
1452 3070 1546 3122 καὶ
1560 3069 1827 3140 χαλκέως,

241 3156 340 3207 καὶ
388 3155 705 3226 κεραμέως.
741 3158 876 3229 Περὶ
913 3157 1159 3229 φυλακῆς
1201 3159 1377 3231 ψυχῆς
1404 3159 1711 3232 ἀνθρώπου,
1737 3163 1829 3217 καὶ

238 3249 344 3318 τῆς
391 3249 820 3321 παραμενούσης
855 3249 1064 3319 σοφίας,
1104 3251 1198 3304 καὶ
1221 3251 1343 3304 ὅσον
1368 3253 1644 3322 τυγχάνει.
1692 3253 1826 3322 Περὶ
1852 3289 1896 3346 C

242 3338 614 3409 προγνώσεως
635 3339 770 3392 Θεοῦ
797 3340 890 3393 καὶ
916 3342 1147 3404 κτίσεως
1177 3341 1406 3412 κόσμου.
1437 3345 1558 3396 Ὅτι
1589 3347 1621 3415 ἡ
1650 3347 1825 3410 κτίσις

237 3433 354 3494 τοῖς
386 3430 669 3484 εὐσεϐέσιν
696 3433 775 3494 είς
798 3432 1048 3500 εὐλογίαν
1073 3435 1360 3505 τρέπεται·
1385 3437 1497 3498 τοῖς
1527 3436 1583 3489 δὲ
1603 3438 1825 3508 ἀνόμοις

238 3525 320 3587 είς
362 3524 633 3598 κατάραν.
683 3525 806 3577 Ὀτι
860 3525 1089 3596 ἀσχολία
1129 3528 1340 3599 μεγάλη
1385 3528 1628 3584 ἔκτισται
1662 3533 1825 3585 παντὶ⁹

233 3613 554 3684 ἀνθρώπῳ,
597 3615 691 3668 καὶ
735 3613 898 3682 ζυγὸς
937 3615 1106 3688 βαρὺς
1140 3618 1232 3670 ἐπὶ
1281 3619 1432 3682 υίούς
1484 3619 1675 3690 Ἀδάμ.
1702 3621 1824 3675 Ὀτι

236 3705 422 3758 πάντα
455 3706 559 3758 ὅσα
617 3706 728 3759 ἀπὸ
777 3706 880 3776 γῆς
914 3707 993 3770 είς
1042 3707 1144 3778 γῆν
1188 3709 1534 3781 ἀναστρέφει,
1591 3710 1684 3764 καὶ
1723 3711 1824 3764 ὅσα

233 3798 348 3851 ἀπὸ
375 3797 472 3851 τοῦ
495 3797 690 3862 ῦδατος
719 3801 798 3862 είς
834 3797 1128 3855 θάλασσαν.
1163 3801 1296 3872 Περὶ
1327 3803 1663 3873 συγκρίσεως
1688 3805 1824 3872 ἀγα-

235 3890 369 3956 θῶν,
399 3892 498 3945 καὶ
525 3891 648 3944 τίνα
690 3892 758 3945 τά
805 3893 1040 3962 σαρκικὰ
1095 3893 1274 3961 ἀγαθά
1328 3894 1397 3948 τά
1437 3895 1654 3965 ἥττονα.
1686 3899 1821 3968 Περὶ

238 3983 334 4036 τοῦ
359 3984 485 4037 τίνα
515 3985 589 4037 τά
618 3983 745 4037 ὄντα
777 3983 960 4053 ἀγαθά
988 3984 1054 4037 τὰ
1082 3985 1302 4055 μείζονα
1324 3987 1415 4040 καὶ
1450 3989 1817 4058 πνευματικά.

234 4078 373 4147 Περὶ
395 4076 547 4147 ζωῆς
589 4077 794 4148 ἀπαιτή
835 4077 969 4148 (29).
1001 4077 1134 4148 Περὶ
1165 4077 1393 4132 θανάτου
1427 4079 1624 4150 πικροῦ
1657 4080 1819 4133 πλου-

237 4169 387 4221 σίου·
435 4169 568 4239 περὶ
604 4169 836 4223 θανάτου
870 4168 1035 4222 καλοῦ
1081 4168 1319 4240 πτωχοῦ.
1347 4172 1482 4242 Περὶ
1507 4172 1597 4224 τοῦ
1629 4173 1701 4245 μὴ
1732 4174 1820 4226 εὐ-

232 4259 521 4314 λαϐεῖσθαι
558 4261 618 4312 τὸ
642 4260 952 4314 ἀποθανεῖν.
1000 4261 1138 4331 Περὶ
1184 4261 1278 4314 τοῦ
1321 4262 1700 4324 ἐπονειδίστως
1744 4265 1818 4333 μὴ

235 4349 353 4421 ζῇν.
382 4348 526 4402 ἀλλά
551 4349 855 4420 φροντίζειν
881 4349 1142 4418 ὀνόματος
1165 4348 1390 4418 ἀγαθοῦ.
1410 4350 1547 4420 Περὶ
1573 4349 1817 4413 παιδείας

234 4442 540 4515 εἰρηνικῆς.
611 4443 728 4512 Ἀφ’
775 4435 851 4496 ὧν
896 4442 1289 4514 ἐντρεπόμενος
1329 4441 1676 4513 αἰσχύνεσθαι
1703 4443 1812 4495 δεῖ·

235 4537 358 4606 περὶ
393 4528 474 4589 ὧν
503 4534 566 4588 οὐ
601 4535 684 4588 δεῖ
705 4533 1077 4606 αἰσχύνεσθαι.
1110 4535 1234 4587 Ὀτι
1274 4535 1354 4588 δεῖ
1383 4536 1512 4606 περὶ
1547 4533 1820 4605 θυγατρὸς

1935 2072 1988 2119 et
2020 2064 2350 2133 loquacitate
2382 2064 2818 2130 adolescentuli;
2871 2062 2938 2117 de
2980 2062 3332 2132 suscipienda
3362 2061 3525 2116 disci-

1935 2155 2086 2224 plina
2121 2154 2276 2224 legis,
2303 2153 2446 2209 etde
2472 2154 2696 2223 iudiciis
2723 2139 2788 2208 ἐι
2837 2153 3368 2222 justiticationibus;
3402 2169 3523 2209 cre-

1933 2245 2174 2300 dendutn
2236 2261 2358 2300 esse
2401 2245 2534 2315 legi;
2597 2246 2664 2300 de
2718 2252 3051 2298 testamento
3091 2245 3182 2299 Dei
3217 2247 3520 2300 secundum

1934 2339 2379 2405 generationem;
2405 2343 2459 2389 et
2483 2334 2628 2404 quod
2673 2335 2992 2391 hominibus
3023 2344 3233 2390 natura:
3257 2337 3521 2391 constitu-

1934 2428 2010 2482 tio
2039 2427 2229 2482 eadem
2256 2429 2347 2489 sit,
2382 2427 2683 2482 voluntatis
2734 2444 2863 2484 vero
2905 2427 3120 2483 diversa
3147 2449 3158 2483 :
3184 2428 3326 2484 unde
3353 2429 3520 2484 bene-

1932 2521 2194 2576 dictionis
2217 2521 2440 2591 quidam
2476 2521 2794 2591 participes,
2827 2521 3195 2577 tnalcdictioni
3229 2537 3358 2576 vero
3382 2537 3519 2576 non-

1933 2612 2069 2665 nulli
2103 2611 2337 2680 subjecti
2363 2617 2492 2666 sunt
2517 2628 2531 2664 :
2563 2609 2630 2664 de
2653 2611 2855 2681 populo
2873 2613 3045 2667 electo
3074 2628 3085 2664 :
3113 2620 3166 2666 et
3196 2611 3340 2682 quod
3372 2611 3518 2666 bono

1931 2703 2272 2758 contrarium
2304 2703 2378 2757 sit
2420 2703 2648 2765 malum,
2680 2711 2734 2757 et
2766 2704 2854 2774 pio
2896 2712 3184 2774 peccator:
3211 2705 3411 2773 quibus
3445 2708 3517 2760 sit

1930 2793 2449 2849 communicandum
2489 2794 2715 2864 :qualis
2755 2795 2826 2848 sit
2872 2792 3120 2848 ducenda
3168 2811 3349 2849 uxor:
3379 2811 3516 2864 qua-

1931 2887 2009 2943 les
2068 2885 2306 2941 habendi
2370 2887 2792 2957 amicizquibus
2823 2889 3084 2942 utendum
3129 2888 3509 2942 consiliariis:

1935 2993 2076 3048 quos
2110 2977 2366 3034 doctores
2394 2979 2671 3048 assignet:
2699 2978 2894 3049 cuique
2924 2978 3205 3033 sciendum
3233 2995 3354 3034 esse
3380 2981 3512 3049 quid

1934 3069 2091 3140 135
2125 3070 2426 3137 conducat;
2472 3070 2538 3125 de
2562 3070 2896 3126 honorandis
2925 3071 3188 3136 medicis;
3234 3070 3512 3141 quomodo

1932 3158 2234 3227 lugendum
2291 3159 2363 3215 sit
2397 3175 2566 3229 super
2596 3167 2832 3214 mortuo.
2868 3159 2944 3214 De
2981 3161 3160 3216 scriba
3191 3169 3242 3214 et
3271 3162 3510 3232 agricola

1931 3251 2200 3322 sapiente.
2257 3251 2335 3308 De
2379 3253 2579 3321 vigiliis
2626 3253 2932 3318 architecti,
2968 3254 3082 3309 sive
3129 3254 3306 3308 :erarii
3335 3293 3350 3318 ,
3391 3254 3506 3309 sive

1932 3346 2126 3417 ﬁguli;
2164 3346 2233 3402 de
2275 3346 2634 3402 custodienda
2682 3345 2917 3400 hominis
2968 3346 3170 3408 anima,
3217 3353 3270 3400 et
3315 3345 3383 3400 dc
3416 3361 3506 3399 sa-

1932 3436 2136 3506 pientia
2169 3445 2541 3507 permanente,
2592 3444 2646 3491 et
2694 3436 2882 3506 quanti
2931 3437 3022 3490 illa
3071 3437 3143 3491 sit
3193 3436 3370 3506 pretii.
3424 3434 3502 3492 De

1926 3528 2266 3598 praescientia
2298 3527 2391 3582 Dei
2439 3539 2492 3583 et
2524 3529 2800 3582 creatione
2830 3529 3036 3581 mundi.
3071 3527 3224 3595 Quod
3259 3537 3508 3583 creatura

1925 3619 2028 3687 piis
2065 3619 2119 3672 in
2152 3619 2607 3682 benedictionem,
2645 3620 2848 3688 iniquis
2888 3637 3018 3674 vero
3064 3622 3117 3673 in
3169 3619 3508 3676 maledictio-

1923 3725 2046 3764 nem
2069 3718 2332 3765 vertatur.
2367 3710 2520 3776 Quod
2560 3712 2849 3779 occupatio
2873 3725 3066 3779 magna
3094 3710 3267 3765 cuivis
3299 3710 3505 3764 homini

1924 3801 1996 3857 sit
2035 3808 2243 3866 creata,
2295 3809 2350 3855 et
2384 3802 2575 3870 jugum
2609 3817 2774 3870 grave
2823 3801 3137 3869 impositum
3179 3800 3302 3854 ﬁliis
3351 3799 3501 3854 Adtr.

1927 3892 2083 3960 Quod
2117 3893 2383 3963 quidquid
2422 3909 2484 3948 ex
2519 3901 2663 3947 terra
2704 3902 2810 3955 est,
2842 3891 2908 3944 ad
2941 3902 3140 3945 terram
3174 3899 3500 3954 revertatur,

1930 3990 1985 4038 et
2007 3984 2270 4054 quidquid
2293 4000 2360 4038 ex
2386 3999 2546 4054 aqua,
2581 3983 2650 4036 ad
2677 3999 2827 4038 mare
2855 3981 3075 4038 deﬂuat.
3105 3981 3180 4038 De
3213 3984 3505 4038 collatione

1919 4075 2213 4141 bonorum,
2248 4084 2302 4131 et
2337 4091 2459 4145 qua:
2495 4077 2740 4130 carnalia
2786 4077 2928 4131 bona
2971 4077 3199 4130 minoris
3245 4076 3354 4130 sint
3385 4091 3504 4130 mo-

1919 4167 2106 4222 menti.
2157 4168 2289 4234 Qua:
2332 4168 2471 4222 bona
2520 4166 2727 4237 majora
2779 4169 2890 4223 sint
2933 4175 2988 4222 et
3037 4167 3368 4237 spiritualia.
3425 4165 3503 4222 De

1921 4260 2213 4329 repetenda
2271 4261 2396 4314 vita:
2445 4261 2676 4315 ratione.
2734 4259 2808 4313 De
2855 4268 3030 4315 morte
3081 4259 3288 4314 homini
3345 4258 3500 4314 diviti

1923 4351 2146 4406 acerba.
2184 4351 2259 4407 De
2301 4351 2443 4406 bona
2474 4360 2648 4407 morte
2686 4353 2959 4422 pauperis.
3009 4351 3084 4406 De
3123 4369 3230 4407 non
3261 4351 3500 4406 timenda

1918 4451 2112 4498 morte.
2153 4442 2310 4509 Quod
2361 4459 2471 4498 non
2522 4444 2594 4500 sit
2631 4459 2754 4497 cum
2804 4444 3006 4513 probro
3039 4443 3329 4498 vivendum
3355 4481 3371 4506 ,
3405 4445 3500 4498 sed

1920 4535 2057 4588 ratio
2098 4535 2344 4590 habenda
2379 4520 2628 4590 nominis.
2670 4536 2820 4590 boni.
2877 4534 2952 4590 De
2993 4534 3279 4604 disciplina
3312 4535 3498 4604 pacis;

234 4629 510 4701 παρθένου
536 4629 766 4682 πάντοτε
796 4631 1066 4700 μεριμνᾷν
1083 4643 1098 4657 ·
1118 4628 1357 4700 περὶτοῦ
1387 4627 1459 4698 μὴ
1485 4627 1816 4699 συνεδρεύειν

1928 4643 2148 4698 quorum
2175 4628 2347 4696 gratia
2371 4628 2441 4683 sit
2463 4627 2917 4689 erubescendum,
2945 4627 3012 4681 de
3033 4627 3233 4696 quibus
3259 4641 3368 4680 non
3393 4626 3496 4688 sit;

233 4723 287 4773 έν
315 4721 477 4793 μέσῳ
519 4721 794 4789 γυναικῶν
825 4720 913 4774 διὰ
958 4721 1232 4792 πορνείαν.
1274 4721 1409 4791 Περὶ⁹
1454 4719 1814 4791 δημιουργίας

233 4816 462 4887 Κυρίου.
489 4814 629 4885 Περὶ
660 4813 836 4886 ηλίου,
867 4814 948 4866 ὃτι
983 4812 1175 4876 σκεῦος
1201 4811 1512 4882 θαυμαστὸν
1541 4812 1633 4865 καὶ
1654 4811 1814 4882 ἔργον

233 4907 464 4978 Κυρίου.
496 4906 634 4976 Περὶ
666 4905 895 4976 σελήνης
924 4905 1019 4959 καὶ
1060 4904 1297 4976 ἄστρων,
1354 4905 1448 4957 καὶ
1492 4904 1679 4968 τόξου,
1719 4903 1814 4957 καὶ

234 5000 448 5069 χιόνων,
494 4999 592 5052 καὶ
623 4999 938 5068 ἀστραπῶν.
995 4999 1129 5070 Περὶ
1160 4997 1357 5066 νεφῶν,
1409 4998 1504 5050 καὶ
1547 4995 1807 5068 χαλάζης.

232 5093 364 5163 Περὶ
400 5089 647 5160 σεισμῶν
675 5090 768 5142 καὶ
800 5089 1046 5160 βροντῆς.
1067 5089 1201 5160 Περὶ
1232 5086 1412 5151 ὑετοῦ,
1453 5088 1546 5140 καὶ
1578 5087 1810 5158 πάχνης,

233 5183 315 5234 καὶ
349 5179 613 5252 ὁμίχλης.
645 5179 782 5249 Περὶ
829 5177 1022 5250 δρόσου
1065 5177 1174 5230 ἀπὸ
1208 5177 1508 5240 καύσωνος.
1543 5177 1636 5228 καὶ
1683 5177 1812 5249 περὶ

236 5277 474 5330 ἀϐύσσου
513 5276 706 5346 ξηρᾶς.
738 5273 875 5343 Περὶ
919 5272 1182 5344 Ἰορδάνου
1218 5271 1310 5324 καὶ
1352 5270 1644 5341 θαλάσσης.
1676 5269 1812 5341 Περὶ

233 5369 430 5432 παντὸς
454 5366 598 5433 ζὼου
630 5367 725 5418 καὶ
757 5366 1005 5436 κτήνους.
1037 5363 1173 5433 Περὶ
1201 5359 1555 5433 μεγαλοδόξου
1585 5359 1812 5424 κτίσεως

234 5460 460 5532 Κυρίου.
482 5437 622 5528 Περὶ
645 5457 755 5511 τῶν
783 5455 1112 5528 εὐεργεσιῶν
1142 5453 1328 5508 αὐτοῦ.
1369 5453 1650 5521 Ἐπίλογος
1683 5451 1812 5523 περὶ

246 5552 414 5622 Ἑνὼχ
449 5551 546 5606 καὶ
579 5549 724 5603 Νῶε.
750 5548 1030 5616 Ἐπίλογος
1056 5548 1184 5618 περὶ
1210 5544 1479 5615 Ἀϐραὰμ,
1510 5544 1603 5598 καὶ
1631 5542 1812 5596 Ἰσαὰκ

238 5640 326 5697 καὶ
349 5637 424 5696 ὧν
454 5639 886 5714 ἐπειράσθησαν.
933 5638 1215 5709 Ἐπίλογος
1260 5638 1390 5708 περὶ
1440 5635 1668 5702 Ἰακὼϐ,
1717 5635 1811 5689 καὶ

328 5843 418 5976 ΞἹζ
455 5841 790 5898 Particulam
826 5843 922 5914 μή,
953 5842 1043 5910 hic
1083 5837 1417 5912 superﬂuere
1456 5837 1804 5893 arbitramur.

329 5912 398 5971 28
448 5913 628 5970 Locus
655 5913 900 5971 mutilus.

329 5912 418 5971 εει
448 5913 628 5970 Locus
655 5912 900 5971 mutilus.

1916 4717 2062 4786 quod
2093 4732 2372 4786 nunquam
2411 4716 2664 4787 ponenda
2709 4731 2838 4770 cura
2881 4716 3002 4770 ﬁlia:
3040 4717 3263 4787 virginis
3295 4731 3308 4767 :
3351 4715 3496 4784 quod

1915 4810 2214 4864 sedendum
2249 4826 2357 4863 non
2387 4810 2457 4864 sit
2483 4810 2535 4864 in
2565 4809 2743 4864 medio
2774 4811 3061 4864 mulierum
3091 4819 3308 4880 propter
3341 4823 3496 4861 scor-

1916 4903 2196 4956 tationem.
2256 4900 2331 4956 De
2373 4901 2590 4972 opiﬁcio
2637 4901 2872 4955 Domini.
2922 4901 2996 4957 De
3029 4903 3176 4965 sole,
3216 4898 3360 4970 quod
3396 4915 3496 4953 vas

1915 4991 2232 5046 admirabile
2267 4992 2334 5046 sit
2362 4999 2416 5045 et
2449 5006 2587 5061 opus
2613 4990 2846 5044 Domini.
2901 4990 2974 5044 De
3030 4991 3158 5043 luna
3198 4997 3250 5043 et
3279 4989 3444 5044 astris
3477 5007 3493 5053 ;

1913 5085 1981 5140 de
2040 5100 2207 5147 arcu,
2246 5084 2486 5146 nivibus,
2545 5080 2877 5153 fulguribus,
2939 5082 3156 5147 nebula,
3207 5081 3492 5151 grandine.

1915 5175 2340 5238 terraamotibus,
2371 5175 2603 5236 tonitru,
2653 5175 2857 5244 pluvia,
2889 5172 3108 5242 pruina,
3135 5171 3391 5240 caligine,
3424 5171 3493 5227 de

1913 5286 2038 5325 rore
2073 5269 2326 5332 azstivali,
2355 5268 2424 5324 de
2451 5269 2649 5341 abysso
2675 5277 2853 5323 terrae.
2901 5267 2972 5322 De
2999 5266 3234 5320 Jordane
3253 5273 3306 5322 et
3331 5267 3489 5322 mari.

1914 5361 1989 5417 De
2019 5362 2170 5416 omni
2205 5363 2420 5416 vivente
2441 5370 2494 5414 et
2526 5359 2751 5428 pecude.
2787 5357 2864 5412 De
2898 5355 3184 5427 magniﬁca
3215 5355 3491 5410 creatione

1913 5453 2164 5520 Domini;
2202 5452 2270 5508 de
2303 5451 2582 5508 beneﬁciis
2612 5450 2750 5519 ejus.
2783 5449 3042 5520 Epilogus
3089 5448 3157 5504 de
3203 5449 3385 5504 Ettoch
3434 5455 3488 5503 et

1913 5546 2043 5602 Noe.
2097 5544 2357 5616 Epilogus
2409 5543 2476 5598 de
2525 5542 2800 5597 Abraham
2848 5549 2904 5597 et
2957 5540 3131 5606 Isaac,
3167 5549 3220 5597 et
3269 5540 3484 5595 illorum

1915 5639 2333 5696 tentationibus.
2377 5636 2638 5707 Epilogus
2665 5637 2734 5691 de
2761 5633 2935 5690 Iacob
2964 5643 3017 5691 et
3053 5635 3255 5708 Moyse,
3285 5639 3338 5690 et
3366 5645 3487 5701 quae

1985 5841 2096 5913 (29)
2135 5839 2360 5898 Videtur
2385 5836 2696 5912 legendum,
2725 5835 2945 5892 ἀπαίτει
