3958 6550
402 406 510 464 383

1536 409 1596 468 ς.
1636 407 2103 466 ATHANASIUS.
2147 440 2218 454 --
2258 409 2484 467 DUBIA;

3558 405 3687 464 385

408 517 498 571 ille
538 515 813 572 mirabilia
856 517 1208 588 perpetravit.
1259 517 1519 590 Epilogus
1564 520 1632 577 de
1676 521 1893 575 Aarone
1936 530 1989 576 et

2112 523 2394 588 iiwﬁoéw;,
2461 524 2556 578 καὶ
2597 517 2673 577 ὧν
2713 521 3166 597 ὲθαυματούργει.
3215 521 3495 591 Ἐπίλογος
3539 520 3686 597 περὶ

407 607 582 679 ipsius
617 608 921 666 ministerio
947 617 1001 666 et
1033 610 1361 667 sacerdotio.
1390 610 1647 684 Epilogus
1668 610 1734 666 de
1754 610 1987 675 Dathau,

413 699 623 756 Abit-on
656 708 711 757 et
738 699 898 758 Core.
932 701 1008 758 De
1036 702 1290 773 primitiis
1329 705 1837 776 primogenitorum,
1871 719 1992 775 qua:

409 794 480 851 ad
513 796 785 854 Aaronem
825 798 1188 869 pertinebant.
1229 797 1491 871 Epilogus
1524 799 1591 854 de
1622 798 1852 855 Phinecs
1884 798 1994 854 lilio

410 885 680 953 Eleazari,
758 890 901 960 quod
961 891 1160 945 tertius
1227 899 1351 962 post
1423 891 1693 947 Aaronem
1760 891 1994 947 celebris

410 980 596 1039 fuerit.
639 980 793 1049 Quod
844 982 1030 1038 Davidi
1079 981 1344 1040 Dominus
1404 992 1791 1040 testamentum
1841 983 1994 1054 regni

409 1067 744 1139 disposuerit
773 1086 785 1122 :
812 1067 957 1137 quod
980 1065 1142 1125 Jesus
1164 1067 1309 1124 Nave
1322 1084 1616 1125 successor
1632 1067 1835 1140 Moysis
1854 1068 1996 1122 inter

410 1160 703 1232 prophetas
736 1159 899 1215 fuerit
932 1162 1243 1232 :quomodo
1275 1164 1329 1216 in
1362 1162 1558 1217 diebus
1599 1160 1804 1234 Moysis
1833 1160 1996 1218 Jesus

409 1251 559 1308 Nave
587 1260 643 1307 et
683 1251 891 1310 Chaleb
933 1252 1079 1310 filius
1114 1253 1361 1325 Jephone
1408 1255 1640 1309 fecerint
1683 1254 1998 1309 misericor-

2105 615 2338 688 Ἀαρὼν,
2377 616 2471 670 καὶ
2510 616 2610 688 τῆς
2651 615 2995 689 λειτουργίας
3034 614 3222 681 αὐτοῦ,
3254 615 3352 670 καὶ
3390 616 3488 687 τῆς
3516 616 3679 685 ἱερα-

2090 709 2261 772 τείας.
2321 707 2605 777 Ἐπίλογος
2651 707 2781 780 περὶ
2829 706 3044 771 Δαθὰν,
3080 708 3173 761 καὶ
3227 705 3524 780 Ἀϐειρὼν,
3578 705 3687 761 καὶ

2092 801 2257 872 Κορὲ.
2308 800 2446 872 Περὶ
2506 799 2614 854 τῶν
2657 798 2924 872 ἀπαρχῶν
2970 799 3078 852 τῶν
3130 799 3685 872 προπογεννημάτων
3750 840 3758 854 .

2098 892 2313 965 μερίδος
2346 890 2579 966 Ἀαρών.
2614 891 3015 960 Ἐπί).ογος,δτι
3037 889 3224 955 Φινεὲς
3257 889 3371 955 υἱὸς
3409 889 3688 962 Ἐλεάζαρ

2094 988 2276 1062 τρίτος
2316 986 2456 1059 μετὰ
2508 984 2718 1059 ’Δαρὼν
2746 984 2975 1050 ἔνδοξος.
3003 985 3128 1038 Ὀτι
3158 984 3237 1055 τῷ
3266 984 3428 1038 Δαϐὶδ
3467 984 3689 1038 διέθετο

2095 1079 2301 1151 Κύριος
2336 1078 2600 1150 διαθήκην
2628 1076 2927 1149 βασιλείας.
2967 1078 3087 1131 Ὅτι
3124 1075 3331 1148 Ἰησοῦς
3358 1077 3515 1147 Ναυῆ
3558 1076 3687 1130 διά-

2095 1175 2249 1248 δοχος
2267 1174 2546 1237 Μωῦσέως
2567 1172 2777 1241 γίνεται
2804 1172 2861 1225 tv
2886 1171 3212 1244 προφήταις.
3248 1170 3336 1235 Ὠς
3361 1170 3419 1224 tv
3438 1170 3688 1242 ἡμέραις

2099 1266 2383 1329 Μωῦσέως
2427 1263 2637 1335 Ἰησοῦς
2658 1264 2813 1335 Ναυῆ
2862 1264 2956 1318 καὶ
3000 1263 3180 1319 Χάλεϐ
3225 1265 3254 1317 δ
3295 1262 3390 1317 τοῦ
3444 1262 3687 1335 Ἰεφονῆ,

409 1345 580 1410 diam,
614 1354 669 1401 et
713 1362 778 1403 ex
821 1345 1113 1401 duodecim
1160 1348 1365 1404 servati
1402 1348 1560 1404 sint:
1606 1348 1674 1403 de
1720 1346 1994 1412 Samuele,

407 1437 506 1509 qui
536 1447 660 1510 post
687 1437 873 1495 Jesum
906 1439 1051 1495 inter
1085 1440 1380 1511 prOphetas
1407 1440 1674 1510 judicavit
1713 1441 1995 1511 populum.

2112 1449 2296 1521 μουήλ,
2312 1449 2371 1514 ὃς
2395 1448 2533 1520 μετὰ
2562 1445 2765 1517 Ἰησοῦν
2788 1446 2969 1517 ἔκρινε
2993 1445 3083 1499 τὸν
3112 1445 3238 1499 λαὸν
3266 1447 3324 1498 tv
3347 1447 3685 1517 προφήταις.

412 1529 489 1586 De
519 1529 735 1586 Nathan
765 1531 1049 1601 propheta,
1072 1531 1364 1588 encomion
1399 1532 1455 1587 in
1485 1530 1743 1587 Davidem
1775 1529 1996 1602 Regem.

2112 1538 2182 1594 Γά
2206 1539 2334 1611 περὶ
2352 1536 2538 1591 Ναθὰν
2561 1534 2656 1589 τοῦ
2684 1535 2982 1609 προφήτου,
3001 1534 3095 1588 καὶ
3115 1532 3388 1604 ἐγκώμιον
3415 1535 3494 1597 είς
3514 1530 3695 1585 Δαϐὶδ

412 1622 571 1690 Quod
604 1623 863 1679 Salomon
896 1625 1115 1695 sapiens
1145 1625 1368 1696 quidem
1402 1624 1589 1689 fuerit,
1619 1625 1837 1679 tandem
1869 1638 2000 1679 vero

2112 1632 2204 1691 τὸν,
2246 1630 2491 1703 βασιλέα.
2535 1629 2623 1693 Ὦς
2653 1624 2907 1698 Σολομὼν
2948 1621 3017 1697 ῆν
3060 1624 3252 1694 σοφὸς,
3289 1622 3426 1677 ἀλλὰ
3452 1620 3687 1692 φιλογύ-

413 1716 704 1770 mulierum
773 1717 1057 1772 adamator
1126 1717 1397 1782 evaserit,
1450 1724 1574 1787 post
1631 1716 1769 1771 iram
1832 1715 2004 1787 poeni-

2112 1742 2251 1789 ναιος
2298 1722 2524 1795 ὕστερον
2567 1720 2757 1790 γέγονε
2778 1758 2792 1784 ,
2844 1716 2937 1771 καὶ
2985 1715 3122 1788 μετὰ
3152 1714 3249 1787 τὴν
3277 1713 3445 1787 ὀργὴν
3474 1713 3687 1786 ἠλεήθη

415 1808 589 1863 tentia
638 1807 1076 1864 misericordiam
1129 1808 1360 1880 adeptus
1412 1808 1505 1865 sit.
1578 1806 1655 1865 De
1706 1805 1999 1863 Jeroboam

2112 1816 2467 1889 μετανοήσας.
2493 1813 2577 1867 Τὰ
2622 1811 2753 1885 περὶ
2805 1806 3092 1883 Ἰεροϐιὰμ
3142 1806 3237 1860 καὶ
3293 1804 3529 1876 Ῥοϐοάμ
3571 1803 3691 1858 τῶν

414 1902 470 1950 et
532 1894 778 1953 Roboam
841 1898 1154 1954 schismatis
1218 1874 1562 1953 auctoribus.
1612 1895 1687 1951 De
1734 1896 2000 1967 propheta

2112 1874 2568 1979 σχισματοποιῶν.
2617 1874 2710 1957 Τά,
2736 1874 2896 1973 περὶ.
2919 1874 3099 1953 Ἡλίου
3142 1896 3238 1951 τοῦ
3270 1874 3552 1969 προφήτου
3571 1935 3589 1960 ,
3625 1895 3694 1949 τὸ

418 1987 559 2053 Elia,
610 1989 752 2061 ignis
802 1990 946 2045 mala
990 2005 1343 2047 consumens.
1391 1986 1468 2044 De
1512 1987 1708 2043 Elisaeo
1738 1987 2002 2059 propheta

2112 2000 2218 2073 πῦρ
2254 2000 2316 2054 τὸ
2374 2001 2528 2054 καῖον
2589 1996 2658 2050 τὰ
2723 1993 2890 2049 κακά.
2944 1991 3026 2045 Τὰ
3080 1991 3209 2062 περὶ
3263 1989 3535 2043 Ἐλισσαιὲ
3588 1987 3691 2042 τοῦ

419 2088 474 2136 et
526 2079 801 2152 discipulo
846 2080 1010 2149 Elite,
1057 2082 1216 2152 cujus
1279 2081 1442 2137 etiam
1500 2079 1695 2150 spiritu
1763 2078 2003 2147 repletus

2112 2094 2417 2167 προφήτου,
2459 2092 2554 2145 καὶ
2599 2086 2844 2162 μαθητοῦ
2879 2085 3094 2150 Ἠλίου,
3145 2085 3204 2148 ὃς
3247 2082 3551 2155 ἐνεπλήσθη
3589 2082 3690 2137 τοῦ

2099 1359 2361 1428 ἐποίησαν
2381 1357 2546 1422 ἔλεος,
2563 1356 2661 1411 καλ⁸
2675 1358 2724 1410 οἱ
2750 1356 2815 1427 ιβ’
2830 1355 2940 1427 (50)
2956 1355 3314 1427 διεσώθησαν.
3333 1355 3414 1409 Τὰ
3431 1372 3500 1408 πε
3508 1356 3565 1427 ρ).
3578 1357 3691 1409 Σα-

417 2180 503 2229 est
564 2190 583 2230 :
639 2171 706 2228 de
763 2174 1078 2245 captivitate
1121 2188 1309 2244 regum
1363 2170 1524 2226 Juda.
1578 2168 1735 2237 Quod
1780 2169 2004 2224 humilis

415 2259 583 2317 luerit
632 2261 917 2329 Ezechias,
965 2270 1021 2318 et
1069 2262 1280 2318 amicus
1320 2260 1499 2324 Isaiae,
1548 2268 1602 2315 et
1650 2259 1865 2314 occisor
1898 2256 2005 2311 Ra-

416 2351 600 2424 psacis
636 2371 651 2409 :
693 2352 839 2424 quod
878 2352 1124 2409 liberarit
1165 2353 1435 2410 Dominus
1467 2352 1724 2408 lsraelem
1762 2368 1859 2422 per
1898 2366 2008 2404 ma-

417 2462 549 2501 num
573 2445 1049 2518 ‘lsaize,percussis
1079 2446 1280 2503 castris
1316 2446 1691 2518 Assyriorum.
1719 2443 1873 2511 Quod
1913 2441 2007 2497 Jo-

418 2539 531 2594 sias
581 2554 681 2594 rex
743 2538 908 2594 fuerit
975 2539 1187 2594 amicus
1242 2537 1514 2595 Jeremize.
1602 2537 1677 2593 De
1744 2535 2007 2608 propheta

418 2628 724 2695 Ezechiele,
778 2629 925 2701 quod
976 2630 1033 2685 in
1085 2631 1404 2702 captivitate
1452 2629 1781 2701 Babylonica
1822 2628 2003 2683 fuerit.

421 2719 499 2775 De
536 2720 756 2777 ossibus
790 2718 1079 2775 duodecim
1118 2720 1532 2791 prophetarum.
1574 2716 1730 2785 Quod
1769 2715 2010 2787 loroba-

423 2812 512 2868 bel
542 2819 597 2868 et
623 2811 786 2869 Iesus
820 2812 963 2868 ﬁlius
1002 2810 1235 2869 Josedec
1273 2811 1498 2868 domum
1529 2809 1742 2866 Domini
1769 2807 2009 2865 aediﬁca-

422 2903 625 2959 verint.
667 2904 954 2972 Quomodo
994 2902 1248 2961 Neemias
1279 2919 1468 2961 muros
1502 2901 1857 2975 Jerosolymre
1896 2900 2011 2957 col-

420 2998 607 3069 lapsus
662 2998 919 3054 erexerit.
984 2996 1062 3054 De
1127 2997 1339 3064 Enoch,
1407 2996 1502 3068 qui
1565 2995 1709 3050 inter
1772 2994 2011 3066 inclytos

422 3101 854 3148 connumeratur
885 3111 899 3148 :
929 3091 1076 3163 quod
1108 3089 1308 3162 Joseph
1341 3106 1467 3145 cum
1499 3090 1719 3162 inclytis
1751 3087 1933 3152 fuerit,
1957 3095 2012 3141 et

2106 2186 2419 2256 πνεύματος
2461 2181 2647 2237 αὑτοῦ.
2700 2180 2782 2235 Τὰ
2829 2179 2956 2251 περὶ
2995 2178 3096 2248 τῆς
3148 2176 3525 2248 αἰχμαλωσίας
3577 2175 3694 2229 τῶν

2108 2277 2376 2351 βασιλέων
2413 2274 2604 2329 Ἰούδα.
2650 2273 2737 2337 Ὠς
2762 2267 2832 2343 ῆν
2874 2266 3133 2334 Ἰεζεκίας
3158 2267 3558 2338 ταπεινόφρων,
3592 2268 3693 2320 καὶ

2105 2369 2199 2425 τοῦ
2234 2370 2455 2423 ⁹Ιίσαῖου
2486 2366 2660 2439 φίλος,
2684 2365 2778 2419 καὶ
2803 2362 2898 2418 τοῦ
2926 2360 3218 2434 Ῥαμψάκη
3247 2358 3560 2432 άναιρέτης.
3600 2359 3694 2422 Ὦς

2107 2460 2450 2534 ὲλυτρώσατο
2501 2459 2707 2530 Κύριος
2749 2455 2839 2511 τὸν
2874 2453 3091 2526 Ἰσραὴλ
3130 2453 3189 2506 tv
3229 2453 3375 2525 χειρὶ
3427 2452 3693 2517 Ἡσαΐου,

2031 2598 2049 2610 ..
2109 2553 2357 2621 πατάξας
2380 2552 2476 2625 τὴν
2501 2546 2855 2624 παρεμϐολὴν
2882 2546 2989 2600 τῶν
3016 2544 3333 2618 Ἀσσυρίων.
3364 2544 3450 2607 Ὠς
3478 2543 3697 2607 Ἰωσίας

2107 2651 2136 2704 ὀ
2170 2648 2423 2720 βασιλεὺς
2472 2645 2687 2718 ὑπῆρχε
2734 2642 2885 2713 φίλος
2917 2639 3204 2712 Ἰερεμίου.
3252 2637 3389 2709 Περὶ
3438 2635 3700 2707 Ἐζεκιήλ

2108 2739 2209 2795 τοῦ
2251 2739 2554 2811 προφήτου,
2582 2738 2664 2790 ὅτι
2696 2736 2754 2788 tv
2776 2736 2843 2804 τῇ
2868 2730 3219 2804 αἰχμαλωσίᾳ
3241 2724 3312 2801 ῆν
3346 2728 3693 2791 Βαϐυλῶνος.

2110 2832 2246 2907 Περὶ
2274 2830 2385 2885 τῶν
2411 2828 2612 2883 ὀστέων
2646 2825 2755 2881 τῶν
2791 2825 2855 2897 ιβ’
2903 2820 3217 2897 προφητῶν.
3267 2822 3354 2886 Ὠς
3387 2819 3699 2893 Ζοροϐάϐελ

2112 2927 2209 2980 καὶ
2242 2922 2452 2997 Ἰησοῦς
2496 2923 2526 2976 ὁ
2573 2919 2670 2975 τοῦ
2724 2917 2969 2975 Ἰωσεδὲκ
3013 2915 3370 2989 ᾠκοδόμησαν
3415 2914 3508 2968 τὸν
3541 2909 3703 2968 οἷκον

2112 3017 2341 3089 Κυρίου.
2382 3015 2470 3080 Ὧς
2500 3011 2741 3084 Νεεμίας
2763 3011 3020 3083 ἀνήγειρε
3043 3008 3112 3064 τὰ
3144 3007 3296 3079 τείχη
3339 3005 3698 3079 Ἰερουσαλὴμ

2113 3110 2182 3168 τὰ
2221 3110 2567 3166 πεπτωκότα.
2609 3107 2690 3162 Τὰ
2749 3105 2878 3178 περὶ
2930 3101 3101 3174 Ἑνὼχ
3122 3141 3138 3166 ,
3182 3102 3240 3166 ὃς
3284 3103 3430 3155 ἐστιν
3475 3101 3534 3153 tv
3580 3102 3705 3162 τοῖς

423 3185 684 3256 populum
714 3180 1109 3239 confortaverit
1140 3202 1153 3239 :
1184 3183 1330 3255 quod
1364 3180 1489 3239 Seni
1524 3190 1579 3239 et
1604 3179 1735 3236 Seth
1767 3180 2007 3236 celebres

2115 3203 2348 3271 ἐνδόξοις
2406 3202 2501 3257 καὶ
2554 3201 2836 3272 στήριγμα
2883 3194 3034 3251 λαοῦ.
3102 3195 3225 3249 ’Ότι
3277 3192 3397 3264 Σήμ
3441 3192 3540 3246 καὶ
3583 3189 3700 3262 Σὴθ

425 3277 568 3333 inter
617 3275 873 3332 homines
917 3275 1120 3331 fuerint
1170 3292 1184 3329 :
1232 3276 1379 3348 quod
1432 3274 1620 3329 Simon
1675 3273 1822 3330 (ilius
1859 3272 2007 3329 Oniaa

2115 3295 2315 3361 ἔνδοξοι
2356 3296 2414 3350 tv
2442 3291 2772 3365 ἀνθρώποις.
2812 3290 2935 3345 Ὅτι
2963 3288 3146 3359 Σίμων
3180 3287 3354 3342 Ὀνίου
3384 3285 3499 3349 υἱὸς
3545 3284 3699 3338 ὲνδο-

425 3366 818 3422 celebcrrimus
847 3366 902 3421 in
936 3382 1151 3422 summo
1190 3366 1498 3423 sacerdotio
1530 3363 1694 3420 fuerit
1728 3382 1741 3418 :
1775 3365 1921 3436 quod
1956 3364 2014 3419 in

426 3458 687 3515 omnibus
750 3458 872 3515 istis
941 3459 1254 3515 laudandus
1318 3459 1391 3515 sit
1451 3458 1595 3514 Deus
1666 3458 2010 3529 magniﬁcus.

428 3552 636 3606 Contra
684 3550 1083 3621 Samaritanos,
1135 3552 1231 3624 qui
1278 3550 1649 3619 Judaismum,
1706 3558 1761 3606 et
1822 3559 2014 3607 contra

424 3640 668 3708 Iudaeos,
720 3645 814 3715 qui
853 3643 1134 3700 Christum
1181 3644 1548 3716 reprobarunt
1604 3658 1618 3695 :
1670 3641 1739 3698 de
1790 3641 2016 3716 Epilogo

425 3725 597 3795 totius
632 3736 780 3793 libri.
816 3737 893 3794 De
922 3737 1175 3794 oratione
1202 3737 1365 3803 Jesu,
1408 3735 1508 3792 lilii
1545 3734 1761 3804 Sirach,
1799 3736 2016 3808 nepotis

426 3830 579 3886 Jesu.

434 3981 594 4055 136
635 3982 731 4037 οε
778 3980 1062 4055 uesta
1083 3978 1821 4055 NQY!__T_'§S_T54_!(ENTI
1872 3978 2019 4034 IAM

783 4052 1063 4109 DICERE
1124 4049 1684 4109 INCIPIENDUM.

554 4143 714 4200 Liber
757 4144 808 4202 1.
852 4145 1200 4216 Evangelium
1240 4144 1528 4200 secundum
1566 4143 1902 4199 Matthaaum.

500 4237 592 4292 47.
653 4235 768 4292 Hoc
814 4239 1038 4293 nomine
1080 4245 1310 4292 vocatur
1367 4237 1459 4291 hic
1509 4237 1647 4293 liber
1701 4234 1849 4308 quod
1902 4234 2023 4306 ipse

432 4330 722 4387 Matthaeus
751 4331 1054 4401 discipulus
1084 4329 1300 4385 Domini
1351 4329 1706 4401 Evangelium
1742 4329 1847 4384 hoc
1882 4342 2020 4383 con-

434 4424 740 4494 scripserit.
784 4422 984 4478 Narrat
1044 4433 1225 4479 autem
1280 4423 1350 4478 ab
1404 4422 1564 4478 initio
1613 4420 2020 4494 generationem

436 4515 741 4573 Salvatoris
785 4515 1090 4573 secundum
1137 4529 1358 4571 carnem
1381 4556 1397 4579 ,
1430 4531 1495 4571 ex
1530 4516 1740 4572 semine
1770 4512 2014 4567 Davidis.

437 4609 786 4679 Quapropter
839 4617 894 4664 et
937 4609 1005 4664 ab
1049 4608 1141 4665 illo
1189 4609 1560 4688 genealogiam
1613 4609 1680 4664 ad
1738 4607 2019 4663 Christum

2116 3389 2335 3458 ξότατος
2396 3389 2455 3442 tv
2527 3382 2928 3458 ἀρχιερωσύνη,
2985 3382 3107 3435 Ὅτι
3157 3379 3252 3434 ἐπὶ
3309 3380 3442 3432 πᾶσι
3483 3376 3703 3441 τούτοις

2113 3482 2355 3551 εὐλογεῖν
2408 3481 2491 3535 δεῖ
2535 3479 2626 3536 τὸν
2685 3476 2818 3531 Θεὸν
2865 3472 3258 3547 μεγαλουργὸν.
3309 3469 3465 3525 Κατὰ
3510 3466 3703 3540 Σαμα-

2118 3574 2312 3649 ρειτῶν
2338 3615 2353 3640 ,
2404 3570 2786 3644 ὰθετησάντων
2842 3568 2932 3622 τὸν
2989 3563 3356 3635 Ἰουδαῖσμὸν,
3410 3561 3503 3615 καὶ
3554 3559 3703 3615 κατά

2129 3663 2399 3719 Ἰουδαίων
2427 3660 2811 3732 άθετησάντων
2842 3656 2936 3711 τὸν
2984 3654 3239 3728 Χριστόν.
3274 3653 3409 3724 Περὶ
3437 3650 3532 3705 τοῦ
3574 3652 3701 3703 ἐπι-

2115 3756 2277 3826 λόγου
2303 3755 2403 3825 τῆς
2430 3752 2613 3825 βίϐλου
2644 3750 2847 3822 πάσης.
2881 3747 3020 3822 Περὶ
3049 3747 3148 3819 τῆς
3170 3744 3480 3820 προσευχῆς
3519 3739 3702 3812 Ἰησοῦ

2117 3846 2239 3903 υίοῦ
2269 3845 2477 3919 Σηρὰχ,
2509 3844 2735 3915 ὲγγόνου
2770 3841 2966 3914 Ἰησοῦ.

2119 3963 2467 4020 ΑΡΚΤΕΟΝ
2515 3961 2599 4015 ΔΕ
2653 3960 2786 4013 ΚΑΙ
2838 3957 2981 4011 ΤΩΝ
3034 3957 3175 4009 ΤΗΣ
3209 3951 3488 4008 ΚΑΙΝΗΣ
3553 3947 3704 4002 ΔΙΑ-

2602 4032 2849 4085 ΘΗΚΗΣ
2886 4026 3215 4082 ΒΙΒΛΙΩΝ.

2263 4142 2512 4201 Βιϐλίων
2540 4138 2625 4197 A'.
2654 4138 2818 4194 Κατὰ
2837 4135 3143 4193 Ματθαῖον
3169 4131 3561 4204 Εὐαγγέλιον.

2194 4238 2285 4293 47.
2321 4234 2479 4290 Οὕτω
2517 4233 2765 4289 καλεῖται
2812 4229 2875 4284 τὸ
2909 4228 3134 4300 βιϐλίον,
3198 4226 3386 4297 ἐπειδὴ
3408 4223 3505 4277 καὶ
3538 4219 3707 4284 αὐτὸς

2122 4329 2406 4392 Ματθαῖος
2430 4329 2460 4381 ὁ
2495 4322 2745 4397 μαθητὴς
2780 4320 2876 4376 τοῦ
2911 4320 3119 4393 Κυρίου
3153 4316 3460 4389 συνέγραψε
3499 4313 3565 4368 τὸ
3600 4311 3707 4367 Εὑ-

2123 4420 2378 4491 αγγέλιον
2420 4417 2599 4472 τοῦτο.
2652 4416 2935 4487 Διηγεῖται
2974 4412 3032 4466 δὲ.
3090 4410 3149 4479 ἐξ
3195 4410 3369 4482 ἀρχῆς
3412 4406 3509 4479 τὴν
3563 4404 3709 4459 κατὰ

2129 4512 2310 4586 σάρκα
2340 4509 2596 4582 γέννησιν
2619 4505 2717 4561 τοῦ
2748 4506 3001 4578 Σωτῆρος
3022 4501 3124 4575 τὴν
3159 4503 3225 4555 ὲκ
3270 4498 3583 4570 σπέρματος
3608 4494 3705 4548 τοῦ

2052 4570 2096 4626 D
2125 4570 2312 4657 Δαϐίδ.
2354 4570 2450 4654 λιὸ
2483 4570 2579 4653 καὶ
2625 4596 2721 4652 ἀπ’
2757 4570 2923 4650 αὐτοῦ
2955 4592 3054 4664 τὴν
3078 4570 3430 4661 γενεαλογίαν
3473 4585 3706 4653 κατάγει

437 4676 617 4771 usque
653 4676 1014 4772 duadraginta
1052 4676 1268 4758 duabus
1303 4676 1751 4770 generationibus
1778 4698 2007 4755 deducit

2125 4695 2228 4758 ἓως
2254 4692 2350 4748 τοῦ
2394 4687 2671 4765 Χριστοῦ,
2715 4687 2911 4759 γενεὰς
2939 4685 3047 4757 μβ’.
3093 4682 3343 4772 Περιέχει
3386 4680 3443 4734 δὲ
3494 4679 3591 4772 καὶ
3646 4676 3710 4772 τὲ

436 4764 697 4849 Continet
748 4764 915 4849 etiam
962 4791 1237 4863 baptisma
1294 4764 1523 4846 ioannis
1580 4797 1636 4846 et
1690 4787 2007 4843 tentationes

2130 4780 2417 4852 βάπτισμα
2453 4778 2724 4842 Ἰωάννου,
2752 4776 2848 4831 καὶ
2886 4776 3013 4838 τοὺς
3043 4774 3100 4827 tv
3134 4771 3213 4843 τῷ
3254 4770 3370 4863 ὄρει
3415 4766 3567 4838 παρὰ
3609 4764 3705 4863 τοῦ

436 4901 578 4956 quas
628 4885 683 4941 in
732 4892 920 4941 monte
972 4856 1226 4940 Christus
1284 4898 1315 4938 a
1370 4882 1589 4938 diabolo
1644 4879 1926 4942 sustinuit,
1970 4888 2007 4933 ei

2125 4872 2370 4928 διαϐόλου
2401 4869 2764 4943 πειρασμοὺς.
2785 4867 2877 4923 καὶ
2910 4866 3110 4937 σημεῖα
3136 4864 3231 4919 καὶ
3257 4860 3459 4933 τέρατα
3495 4856 3711 4960 μεγάλα

438 4949 592 5049 signa
627 4985 682 5035 et
723 4978 972 5050 prodigia
1008 4991 1204 5049 magna
1238 4992 1270 5031 a
1309 4974 1594 5031 Salvatore
1638 4974 1806 5037 facta,
1856 4970 2007 5027 discit

2126 4965 2398 5039 γενόμενα
2426 4961 2581 5036 παρὰ
2615 4959 2709 5016 τοῦ
2756 4959 3040 5031 Σωτῆρος,
3070 4956 3172 5028 τήν
3200 4970 3262 5008 τε
3295 4953 3406 5050 τῶν
3445 4949 3706 5050 μαθητῶν

436 5042 689 5143 polorum
725 5042 1389 5142 'electi'onem.'niysterii
1442 5066 1818 5122 traditionem.
1879 5062 2007 5129 Quo

2128 5057 2395 5129 ἐκλογὴν,
2442 5057 2540 5110 καὶ
2587 5054 2687 5126 τὴν
2736 5050 2832 5106 τοῦ
2886 5047 3186 5122 μυστηρίου
3229 5044 3559 5117 παράδοσινο
3614 5042 3708 5095 καὶ

435 5135 599 5220 modo
628 5163 847 5220 tandem
876 5162 1115 5219 traditus
1138 5135 1216 5219 sit
1229 5161 1429 5226 Pilato,
1448 5158 1748 5214 cruciﬁxus
1772 5169 2005 5227 corpore

2127 5150 2283 5214 τέλος
2339 5151 2423 5204 δτι
2466 5146 2739 5220 παρεδόθη
2786 5144 3036 5215 Πιλάτῳ,
3102 5140 3197 5196 καὶ
3257 5135 3580 5209 ἐσταυρώθη
3630 5135 3711 5206 τῷ

436 5270 749 5326 corpusque
796 5255 972 5327 ipsius
1021 5255 1261 5326 positum
1308 5253 1367 5308 in
1416 5256 1770 5307 monumento
1811 5266 1827 5304 :
1879 5262 2007 5319 quot

2130 5242 2366 5313 σώματι,
2391 5239 2487 5294 καὶ
2515 5238 2577 5292 τὸ
2614 5237 2775 5309 σῶμα
2824 5234 2987 5290 αὑτοῦ
3015 5232 3174 5304 ἐτέθη
3209 5233 3268 5286 tv
3305 5231 3385 5302 τῷ
3421 5228 3704 5303 μνημείῳ·

442 5346 648 5403 milites
690 5355 872 5403 vestes
907 5347 1029 5419 ejus
1068 5344 1383 5412 diviserint,
1417 5344 1534 5416 ipse
1564 5357 1696 5398 vero
1718 5355 1844 5397 cum
1880 5340 2007 5394 intr:

2128 5337 2224 5391 καὶ
2245 5337 2294 5390 οί
2321 5334 2419 5406 μὲν
2443 5330 2774 5406 στρατιῶται
2795 5327 3179 5401 διεμερίσαντο
3202 5323 3272 5377 τὰ
3292 5324 3486 5395 ἱμάτια
3505 5320 3673 5375 αὐτοῦ
3688 5335 3703 5351 ’

443 5438 683 5494 triduum
730 5416 1163 5506 resurrexisset,
1210 5437 1498 5509 discipulis
1551 5431 1905 5505 praeceperit,
1969 5447 2003 5485 ιι

2127 5429 2291 5493 αὐτὸς
2350 5427 2441 5492 δὲ,
2471 5426 2529 5479 tv
2575 5424 2862 5497 τριημέρῳ
2910 5418 3149 5483 ἀναστὰς
3171 5458 3187 5483 ,
3236 5416 3542 5509 ἐνετείλατο
3584 5416 3708 5509 ⁸τοῖς

439 5530 706 5584 docerent
735 5544 927 5587 omnes
961 5503 1177 5604 gentes,
1207 5541 1261 5586 et
1295 5503 1637 5598 baptizari—ant
1663 5540 1780 5588 eos,
1815 5522 2007 5595 pollici

2133 5520 2407 5594 μαθηταῖς
2435 5517 2758 5591 μαθητεύειν
2794 5516 2976 5570 πάντα
3005 5512 3074 5566 τά
3108 5510 3260 5581 ἔθνη,
3286 5510 3382 5604 καὶ
3427 5503 3709 5604 βαπτίζειν

437 5630 529 5676 tus
590 5621 720 5686 illis,
768 5622 918 5692 quod
965 5597 1197 5681 l‘uturus
1248 5597 1400 5676 esset
1458 5634 1584 5674 cum
1647 5617 1760 5674 illis
1802 5616 2007 5673 cuncti:

2128 5613 2347 5678 αὐτοὺς,
2376 5608 2845 5681 ἐπαγγειλάμενος
2872 5604 3013 5660 εἷναι
3045 5604 3160 5677 μετ’
3188 5599 3370 5656 αὐτῶν
3396 5599 3580 5662 πάσας
3612 5597 3705 5656 τὰς

437 5711 658 5782 diebus,
701 5688 880 5786 usdue
919 5716 986 5773 ad
1039 5711 1574 5772 consummationem
1619 5709 1827 5768 saeculi.
1859 5707 2007 5782 Sign:

2128 5702 2343 5775 ἡμέρας
2375 5701 2482 5767 ἓως
2521 5700 2834 5761 συντελείας
2879 5696 2977 5752 τοῦ
3020 5696 3233 5760 αἰῶνος.
3296 5694 3420 5749 Είσὶ
3468 5691 3529 5747 δὲ
3562 5688 3713 5759 ᾇπερ

511 5863 625 5939 (30)
662 5865 911 5929 ﬂendum
