3958 6510
217 403 322 460 385

1325 399 1659 459 SY'NOPSIS
1701 400 2112 459 SCRIPTURE
2149 402 2422 462 SACRAE.

3375 414 3482 471 536

221 515 506 584 ἰξηγεῖται
573 513 850 577 Ματθαίος
905 513 1188 583 γεγονέναι
1256 517 1456 588 σημεῖα
1509 515 1663 587 παρά
1712 514 1807 568 τοῦ

1912 534 2062 585 vero,
2093 535 2216 590 quae
2255 536 2284 575 a
2319 520 2537 577 Christo
2586 521 2728 577 facta
2781 521 3068 581 Matthzrus
3109 535 3320 591 narrat,
3354 537 3486 587 sunt

219 606 464 679 Χριστοῦ
503 607 697 662 ταῦτα.
734 607 792 660 ’0
822 607 1022 679 λεπρὸς
1066 607 1398 681 ἐκαθαρίσθη
1420 626 1434 640 ο
1465 611 1495 662 6
1528 614 1654 674 παῖς
1681 611 1809 666 ἐκα-

218 697 529 768 τοντάρχου
573 700 645 771 μὴ
689 697 881 770 παρὼν
935 698 1080 770 ἰάθη,
1119 699 1277 770 μόνον
1325 700 1569 765 εἰπόντος
1609 699 1772 754 αὑτοῦ
1792 718 1806 732 ο

216 789 253 858 ἡ
286 787 541 860 πενθερὰ
587 788 796 861 Πέτρου
847 789 1198 860 πυρέσσουσα
1247 789 1404 860 ἰάθη·
1449 789 1609 860 ὀψίας
1655 806 1810 860 γενο-

222 879 434 950 μένης,
477 881 870 952 προσήνεγκαν
934 878 1083 951 αὐτῷ
1139 879 1653 953 δαιμονιζομένους,
1717 881 1812 934 καὶ

219 971 406 1034 κακῶς
434 971 668 1041 ἔχοντας
686 989 700 1001 ο
738 972 834 1025 καὶ
864 973 932 1024 τὰ
959 972 1057 1042 μὲν
1086 972 1373 1044 πνεύματα
1401 972 1621 1038 ἐξέϐαλε
1643 973 1808 1046 λόγῳ,

216 1065 340 1126 τοὺς
372 1063 432 1116 δὲ
477 1064 675 1126 ἄλλους
726 1063 889 1117 πάλιν
932 1063 1299 1136 ἐθεράπευσεν
1336 1064 1529 1129 οὕτως.
1556 1065 1597 1118 Γ
1600 1066 1813 1118 ενεαλο-

217 1160 394 1228 γεῖται
423 1158 698 1230 Χριστόςο
734 1155 1144 1226 εὐαγγελίζεται
1182 1159 1378 1230 Ἰωσήφ
1398 1176 1412 1188 ·
1443 1159 1811 1230 προσκυνοῦσι

220 1250 383 1320 μάγοι
406 1265 421 1278 ·
469 1249 808 1320 κατέρχεται
836 1251 915 1312 είς
949 1249 1222 1318 Αἴγυπτον
1255 1251 1284 1304 6
1307 1250 1542 1321 Χριστός
1562 1266 1574 1280 ο
1599 1251 1813 1322 ἀναιρεῖ

215 1340 281 1394 τά
313 1340 516 1394 παιδία
549 1341 821 1412 Ἡρώδης,
865 1342 959 1394 καὶ
984 1341 1229 1414 τελευτᾷ.
1269 1341 1530 1395 Ἀνελθὼν
1577 1341 1685 1395 ἀπὸ
1710 1343 1810 1414 τῆς

213 1434 502 1501 Αἰγύπτου
539 1437 792 1487 κατοικεῖ
813 1436 893 1498 είς
925 1434 1178 1507 Ναζαρὲθ
1207 1436 1236 1487 6
1265 1435 1520 1505 Χριστός.
1553 1435 1809 1506 Ἔρχεται

228 1526 485 1598 Ἰωάννης
517 1525 823 1598 βαπτίζων,
843 1527 1248 1597 ἀποστρέφεται
1269 1528 1397 1592 τοὺς
1422 1527 1810 1593 Σαδδουκαίους

218 1622 305 1674 καὶ
358 1620 498 1683 τοὺς
530 1621 882 1690 Φαρισαίους,
938 1619 1268 1684 Βαπτίζεται
1317 1621 1345 1673 6
1399 1622 1663 1693 Χριστὸς,
1715 1623 1810 1675 καὶ

218 1711 542 1783 πειράζεται
587 1712 694 1764 ὑπὸ
725 1711 821 1764 τοῦ
857 1712 1094 1766 Σατανᾶ.
1123 1708 1256 1765 Εἶτα
1285 1709 1447 1785 ἦλθεν
1483 1717 1562 1778 είς
1585 1717 1810 1786 Καπερ-

218 1809 406 1876 ναοὺμ,
445 1805 856 1876 παραδοθέντος
882 1806 976 1859 τοῦ
1017 1807 1286 1861 Ἰωάννου.
1319 1807 1494 1862 Καλεῖ
1517 1809 1647 1873 τοὺς
1682 1809 1808 1880 περὶ

1911 610 2036 666 ista.
2092 611 2370 683 chrosus
2431 615 2727 671 mundatus
2775 627 2879 672 est.
2933 617 3078 675 Puer
3131 621 3486 680 Centuriouis

1909 705 2070 757 etiam
2103 705 2324 768 absens,
2349 705 2574 775 jubente
2607 716 2821 764 tantum
2852 710 3095 777 Christo,
3127 725 3352 770 curatus
3382 725 3488 772 est.

1912 793 2119 852 Socrus
2154 794 2300 851 Petri
2343 797 2662 858 febricitans
2704 809 2896 856 sanata
2929 811 3034 859 est.
3068 803 3308 877 Vespere
3342 805 3489 862 facto

1909 889 2224 944 obtulerunt
2276 891 2326 946 ei
2372 891 2735 950 dwmoniacos
2785 905 2840 952 et
2889 897 3030 952 male
3086 898 3372 963 habentes,
3433 907 3490 954 et

1911 985 2138 1053 spiritus
2201 983 2363 1054 ejecit
2417 987 2602 1050 verbo,
2663 989 2800 1043 alios
2851 1005 3069 1060 quoque
3117 995 3331 1046 curavit
3384 993 3488 1048 hoc

1909 1073 2093 1126 modo.
2161 1073 2363 1129 Christi
2424 1078 2705 1147 generatio
2783 1079 3112 1136 describitur
3159 1081 3308 1154 (cap.
3365 1084 3414 1156 ι)
3468 1105 3483 1140 ε

1908 1165 2113 1220 bonum
2162 1167 2416 1220 nuntium
2473 1171 2683 1240 accepit
2733 1168 2935 1242 Ioseph
2992 1192 3006 1228 :
3057 1173 3196 1246 Magi
3257 1176 3492 1231 adorant

1912 1257 2051 1325 (cap.
2089 1257 2151 1324 ιι)
2200 1275 2213 1310 :
2261 1256 2541 1312 descendit
2589 1259 2845 1316 Christus
2912 1262 2966 1316 in
3009 1262 3303 1335 Egyptum
3351 1265 3490 1321 :ln-

1915 1347 2092 1403 iantes
2147 1349 2349 1403 occidit
2407 1348 2650 1406 Herodes
2697 1361 2751 1406 et
2805 1355 3055 1411 moritur.
3120 1358 3370 1416 Christus
3421 1373 3494 1414 ex

1911 1440 2147 1512 Egypto
2193 1458 2447 1498 reversus
2492 1443 2701 1499 habitat
2729 1444 3015 1503 Nazareth.
3050 1449 3208 1505 Venit
3249 1452 3494 1509 Joannes

1910 1532 2196 1602 baptizans
2245 1533 2382 1605 (cap.
2469 1535 2558 1604 ιιι)
2615 1552 2628 1588 :
2680 1549 2964 1594 aversatur
3017 1539 3366 1610 Sadduczeos,
3435 1553 3492 1599 et

1909 1622 2237 1680 Pharisaaos.
2291 1626 2609 1696 Baptizatur
2651 1628 2928 1695 Christus,
2969 1640 3024 1688 et
3061 1641 3304 1688 tentatur
3329 1653 3358 1690 a
3391 1636 3494 1690 Sa-

1910 1721 2039 1768 tana
2087 1715 2226 1786 (cap.
2263 1717 2339 1788 ιν)
2369 1735 2383 1772 :
2411 1725 2602 1788 postea
2634 1734 2758 1773 cum
2796 1722 3031 1779 traditus
3054 1733 3199 1781 esset
3226 1725 3494 1795 Joannes,

1908 1811 2058 1863 venit
2102 1809 2469 1879 Capernaum.
2503 1809 2675 1865 Vocat
2715 1813 2932 1868 Petrum
2966 1823 3021 1870 et
3061 1814 3322 1872 Jacobum
3368 1836 3494 1874 cum

218 1899 418 1968 Πέτρον
453 1901 556 1952 καὶ
593 1900 873 1954 Ἰάκωϐον.
924 1900 1231 1973 Θεραπεύει
1268 1901 1497 1966 πολλοὺς
1520 1941 1535 1966 ,
1572 1902 1806 1972 κάθηται

1911 1897 2099 1955 fratre.
2145 1901 2314 1954 Curat
2343 1902 2568 1965 multos,
2612 1903 2763 1957 sedet
2808 1903 2864 1957 in
2923 1918 3107 1962 monte
3147 1910 3285 1978 (cap.
3324 1913 3399 1981 ν),
3440 1920 3499 1967 et

220 1991 294 2052 είς
317 1989 377 2042 τό
400 1989 557 2062 ὅρος,
603 1992 698 2044 καὶ
732 1991 882 2060 λέγει
924 1994 1050 2056 τοὺς
1093 1995 1507 2065 μακαρισμοὺς,
1540 1995 1633 2047 καὶ
1677 1995 1809 2048 ὲπά-

217 2098 321 2150 γει·
356 2102 374 2134 ι
413 2083 616 2156 Ὑμεῖς
645 2087 766 2137 ἐστε
790 2086 851 2138 τὸ
873 2085 1026 2151 ἃλας,
1057 2103 1075 2136 ι
1095 2087 1208 2149 καὶ,
1240 2105 1257 2137 ι
1281 2088 1442 2158 ὑμεῖς
1459 2089 1581 2140 ἐστε
1605 2086 1666 2140 τὸ
1694 2086 1810 2158 φῶς

220 2176 305 2229 τοῦ
338 2178 580 2249 κόσμου.
611 2197 628 2228 ι
659 2180 925 2250 Παραινεῖ
964 2179 1148 2242 αύτοῖς
1185 2179 1314 2252 περὶ
1350 2179 1485 2250 βίου.
1521 2175 1655 2232 Εἶτα
1691 2181 1812 2232 ἐπι-

220 2271 377 2324 τείνει
421 2272 526 2334 τὰς
565 2274 624 2324 ὲν
654 2271 737 2342 τῷ
776 2273 926 2344 νόμῳ
965 2271 1215 2338 ἐντολὰς,
1245 2272 1374 2326 ἔνθα
1411 2273 1505 2326 καὶ
1544 2273 1672 2345 περὶ
1713 2271 1808 2325 τοῦ

219 2363 385 2428 δεξιοῦ
439 2364 734 2437 ὀφθαλμοῦ
793 2365 964 2435 λέγει,
1013 2367 1109 2419 καὶ
1163 2366 1293 2439 περ)⁸
1345 2366 1684 2432 κενοδοξίας,
1715 2363 1811 2419 καὶ

221 2457 340 2527 περὶ
402 2457 889 2530 φιλοχρηματίας,
921 2459 1016 2513 καὶ
1074 2457 1168 2512 τοῦ
1228 2458 1304 2532 μὴ
1365 2461 1633 2531 μεριμνᾷν
1683 2459 1811 2531 περὶ

223 2547 441 2620 τροῄς,
471 2552 572 2603 καὶ
607 2550 701 2604 τοῦ
732 2552 806 2623 μὴ
841 2551 1050 2625 κρίνειν
1072 2552 1164 2604 τὸν
1198 2551 1448 2622 πλησίον.
1473 2546 1609 2605 Εἶτά
1638 2568 1768 2624 φησι
1792 2568 1806 2583 ⁶

226 2641 347 2710 «Μὴ
380 2641 591 2714 βάλητε
633 2643 764 2706 τοὺς
809 2643 1158 2716 μαργαρίτας
1209 2642 1521 2715 ἔμπροσθεν
1553 2643 1660 2696 τῶν
1694 2643 1809 2715 χοί-

227 2751 344 2804 ρων.
372 2753 391 2785 ι
421 2733 728 2806 Προτροπὴ
758 2736 887 2805 περ)⁸
916 2735 1012 2788 τού
1035 2735 1304 2790 αἰτεῖσθαι
1324 2752 1338 2766 ο
1371 2736 1652 2809 παραϐολὴ
1680 2736 1811 2809 περὶ

226 2825 308 2878 τοῦ
338 2827 505 2881 αύτοῦ
532 2843 547 2856 ·
588 2830 718 2900 περὶ
749 2830 846 2900 τῆς
896 2829 1091 2899 στενῆς
1119 2828 1241 2882 ὁδοῦ
1263 2868 1278 2894 ,
1321 2829 1418 2882 καὶ
1452 2830 1581 2902 περ).
1617 2830 1810 2901 ψευδο-

228 2919 537 2991 προφητῶν,
575 2921 672 2975 καὶ
698 2920 808 2974 τῶν
834 2921 1219 2991 φυλασσόντων
1248 2920 1345 2986 τὰς
1371 2922 1608 2985 ἐντολάς.
1643 2921 1811 2976 Ἔνθα

225 3012 256 3080 η
297 3012 588 3084 παραϐολὴ
648 3013 753 3084 τῆς
815 3013 908 3066 ἐπὶ
955 3012 1054 3084 τὴν
1101 3013 1308 3085 πέτραν
1367 3013 1811 3087 οίκοδομηθείσης

224 3103 406 3167 οἰκίας.
476 3105 824 3177 Κατέρχεται
871 3105 980 3159 ἀπὸ
1020 3103 1112 3158 τοῦ
1153 3104 1332 3176 ὅρους,
1386 3106 1478 3158 καὶ
1520 3106 1811 3177 θεραπεύει

228 3197 307 3248 τὸν
327 3197 558 3271 λεπρὲν,
585 3199 680 3252 καὶ
705 3199 796 3252 τὸν
827 3199 922 3253 τοῦ
968 3199 1390 3271 ἑκατοντάρχου,
1420 3200 1514 3252 καὶ
1546 3199 1646 3271 τὴν
1679 3216 1809 3252 πεν-

228 3288 377 3360 θεράν
420 3292 667 3362 Πέτρου,
695 3292 790 3345 καὶ
832 3292 1025 3357 ἄλλους
1065 3292 1314 3358 πολλούς.
1359 3294 1415 3346 Ὀ
1448 3293 1810 3364 γραμματεὺς

229 3382 493 3437 κωλύεται
535 3384 922 3456 ἀκολουθῆσαι,
951 3385 1044 3439 καὶ
1077 3388 1105 3438 6
1145 3385 1390 3458 μαθητὴς
1417 3385 1807 3454 ἀναγκάζεται.

228 3469 382 3524 Παύει
435 3472 535 3526 τὸν
576 3473 824 3545 χειμῶνα
853 3478 954 3546 τῆς
999 3474 1295 3546 θαλάσσης.
1343 3478 1405 3529 Οἱ
1438 3475 1690 3547 δαίμονες
1732 3477 1811 3539 εἰς

228 3564 342 3626 τοὺς
362 3565 588 3636 χοίρους
636 3567 1025 3638 ἐμπίπτουσιν.
1058 3564 1262 3622 Ἦλθεν
1299 3571 1327 3624 6
1366 3569 1572 3639 Ἰησοῦς
1599 3572 1678 3634 είς
1711 3570 1810 3642 τὴν

233 3654 355 3710 ιδίαν
387 3659 576 3712 πόλιν·
621 3659 914 3734 θεραπεύει
951 3661 1042 3716 τὸν
1083 3661 1455 3734 παραλυτικόν
1479 3679 1492 3692 ·
1531 3662 1688 3715 καλεῖ
1719 3661 1810 3715 τὸν

231 3749 523 3804 Ματθαίον.
567 3752 923 3820 Ἐγκαλοῦσιν
950 3754 999 3806 οί
1026 3755 1331 3826 Φαρισαῖοι,
1361 3756 1441 3808 ὅτι
1479 3755 1618 3826 μετὰ
1642 3756 1810 3808 τελω-

231 3839 326 3894 νῶν
352 3843 551 3907 ἐσθίει,
590 3847 685 3898 καὶ
717 3846 767 3897 οἱ
799 3845 1040 3917 μαθηταὶ
1074 3849 1346 3911 Ἰωάννου,
1373 3848 1455 3900 ὅτι
1490 3848 1552 3900 ού
1584 3849 1811 3920 νηστεύ-

232 3949 366 3986 ουσιν
388 3936 443 3988 οἱ
485 3935 728 4008 μαθηταὶ
750 3935 937 3991 αὑτοῦ.
975 3939 1344 4009 Παραγίνεται
1369 3941 1397 3992 6
1422 3939 1606 4010 ἄρχων
1635 3939 1724 3994 διὰ
1750 3940 1812 3994 τὸ

234 4025 536 4100 θυγάτριον,
581 4029 677 4083 καὶ
719 4030 970 4102 ἀνίστησι
1016 4032 1115 4102 τὴν
1153 4033 1355 4104 κόρην·
1402 4035 1498 4087 καὶ
1543 4034 1809 4107 μεταξὺὴ

236 4120 601 4193 αίμορῥοοῦσα
631 4123 793 4175 tam.
814 4122 917 4175 Δύο
938 4123 1128 4194 τυφλοὶ
1151 4125 1563 4197 θεραπεύονται,
1595 4129 1688 4181 καὶ
1711 4146 1813 4183 κω-

237 4213 324 4280 φὸς
362 4213 833 4286 δαιμονιζόμενος.
865 4215 1126 4287 Περιάγει
1159 4216 1259 4281 τὰς
1299 4217 1491 4289 κώμας
1523 4221 1551 4273 ὁ
1575 4219 1806 4291 Ἰησοῦς.

248 4305 582 4361 Ἀποστέλλει
624 4308 749 4372 τοὺς
788 4307 1035 4380 μαθητάς
1066 4307 1320 4381 κηρῦξαι,
1351 4310 1444 4363 καὶ
1479 4310 1655 4366 πολλά
1707 4314 1809 4367 αὐο-

238 4402 334 4464 τοίς
381 4400 716 4469 διαλέγεται.
769 4400 1118 4455 Ἀποστέλλει
1161 4403 1299 4475 πρὸς
1355 4404 1518 4458 αὑτὸν
1562 4404 1655 4459 δύο
1701 4405 1810 4461 τῶν

243 4491 491 4563 μαθητῶν
543 4493 798 4564 Ἰωάννης
823 4536 839 4562 ,
899 4492 1326 4566 ἐγκωμιάζεται.
1389 4496 1644 4565 Ἐγκαλεῖ
1696 4500 1810 4563 τοῖς

1836 3255 1879 3315 C

1909 1993 2153 2063 loquitur
2188 1993 2256 2048 de
2287 1995 2744 2061 beatitudinihus,
2786 2010 2850 2049 ac
2890 1997 3078 2051 subdit
3111 2020 3124 2053 :
3167 2019 3184 2051 ι
3219 2000 3330 2058 Vos
3360 2005 3499 2060 estis

1907 2087 2043 2151 sal,)
2083 2093 2135 2139 et
2161 2104 2174 2139 :
2215 2105 2233 2137 ι
2260 2084 2367 2140 Vos
2395 2088 2531 2144 estis
2555 2089 2646 2142 lux
2680 2091 2950 2157 mundi",
2985 2111 3003 2143 ι
3031 2093 3282 2149 hortatur
3304 2113 3399 2152 eos
3429 2099 3498 2153 de

1908 2182 2032 2233 vitae
2079 2177 2444 2236 institutione.
2497 2180 2704 2236 Deinde
2731 2195 2999 2255 praecepta
3054 2187 3186 2258 legis
3235 2188 3493 2256 intendit,

1908 2268 2004 2323 ubi
2048 2277 2101 2323 et
2143 2269 2210 2323 de
2253 2270 2475 2326 dextero
2508 2273 2669 2326 oculo
2695 2273 2850 2336 dicit,
2881 2283 2936 2327 et
2969 2275 3034 2329 de
3082 2277 3268 2332 studio
3311 2279 3497 2335 inanis

1909 2359 2096 2431 gloriae
2140 2364 2280 2431 (cap.
2328 2363 2429 2434 v1),
2490 2372 2544 2417 et
2581 2364 2648 2420 de
2700 2380 2886 2420 amore
2919 2368 3185 2438 pecuniae,
3241 2371 3499 2440 quodque

1909 2453 2161 2522 ponenda
2216 2455 2288 2509 sit
2321 2455 2594 2511 alimoniae
2625 2458 2958 2521 sollicitudo,
3021 2476 3121 2515 nec
3162 2476 3286 2516 esse
3337 2465 3501 2520 nobis

1905 2545 2267 2616 judicandum
2329 2549 2639 2619 proximum
2707 2551 2850 2622 (cap.
2904 2564 3025 2623 vn).
3086 2552 3293 2609 Deinde
3344 2556 3420 2608 ait
3478 2572 3496 2611 :

1915 2657 1934 2689 ι
1975 2637 2052 2693 Ne
2077 2638 2381 2708 projiciatis
2416 2642 2742 2713 margaritas
2773 2651 2899 2698 ante
2929 2659 3126 2715 porcos
3150 2645 3214 2701 ⁸⁸.
3249 2665 3268 2698 ι
3293 2646 3501 2701 Exhor-

1912 2731 2045 2786 tatio
2078 2733 2144 2784 ad
2173 2732 2464 2802 petendum
2510 2752 2522 2788 :
2560 2734 2749 2789 eadem
2779 2736 2847 2790 de
2877 2753 2936 2792 re
2966 2738 3228 2807 parabola
3259 2753 3273 2791 :
3303 2739 3371 2794 de
3409 2739 3495 2794 via

1910 2830 2143 2892 angusta
2184 2839 2197 2874 :
2241 2823 2309 2877 de
2351 2824 2840 2895 pseudoprophetis
2884 2844 2898 2881 :
2951 2826 3019 2882 de
3056 2828 3496 2884 custodientibus

1910 2922 2201 2984 praecepta.
2271 2915 2411 2970 [line
2471 2918 2732 2988 parabola
2795 2919 2995 2974 domus
3055 2935 3223 2990 supra
3284 2930 3498 2991 petram

1909 3006 2208 3062 aedificatae.
2239 3006 2531 3064 Descendit
2559 3010 2626 3065 de
2661 3021 2845 3066 monte
2897 3018 3035 3081 (cap.
3070 3014 3216 3083 vin),
3255 3024 3309 3068 et
3339 3021 3501 3068 curat

1912 3099 2208 3168 leprosum,
2242 3107 2296 3154 et
2331 3116 2558 3167 puerum
2585 3100 2963 3167 Centurionis,
2990 3119 3051 3157 ac
3076 3117 3295 3158 socrum
3320 3102 3498 3170 Petri,

1911 3200 1964 3244 et
1994 3192 2196 3246 multos
2226 3192 2385 3246 alios.
2426 3193 2618 3247 Scriba
2653 3195 2978 3264 prohibetur
3029 3211 3096 3250 ne
3131 3206 3415 3265 sequatur,
3444 3203 3505 3253 et

1913 3285 2216 3356 discipulus
2266 3286 2334 3340 ad
2390 3288 2730 3357 sequendum
2781 3288 3039 3358 adigitur.
3091 3288 3497 3360 Tempestatem

1913 3378 2083 3432 maris
2144 3379 2315 3434 sedat.
2379 3377 2664 3435 Daunones
2727 3378 2996 3435 invadunt
3055 3399 3273 3453 porcos.
3337 3381 3501 3438 Venit

1911 3464 2071 3523 Jesus
2114 3470 2170 3523 in
2215 3485 2368 3524 suam
2417 3471 2691 3526 civitatem
2760 3472 2900 3543 (cap.
2935 3472 3034 3544 ιιι).
3067 3473 3234 3552 curat
3282 3476 3503 3547 paraly-

1912 3563 2083 3614 ticum
2119 3579 2132 3614 :
2164 3573 2323 3616 vocat
2352 3561 2662 3617 Matthaaum
2702 3583 2714 3619 :
2749 3574 3013 3619 accusant
3046 3583 3192 3620 eum‘
3214 3567 3496 3634 Pharisaei,

1912 3652 2057 3723 quod
2083 3668 2208 3707 cum
2242 3651 2558 3709 Publicauis
2582 3655 2873 3709 manducet
2909 3674 2922 3710 :
2955 3666 3007 3710 et
3043 3656 3300 3728 discipuli
3329 3657 3500 3712 Joan-

1912 3746 2020 3810 nis,
2054 3747 2200 3816 quod
2251 3745 2509 3816 discipuli
2555 3746 2675 3816 ejus
2721 3762 2830 3801 non
2857 3747 3130 3818 jejunent.
3163 3751 3386 3804 Accedit
3430 3750 3499 3805 ad

1912 3855 2034 3894 emn
2087 3839 2340 3910 princeps
2393 3838 2693 3910 Synagoga:
2737 3847 2958 3910 propter
3010 3840 3253 3904 ﬁliolam,
3282 3851 3336 3896 et
3381 3842 3500 3913 ipse

1912 3931 2148 4002 puellam
2206 3941 2477 3985 mortuam
2540 3930 2742 3986 excitat
2789 3954 2803 3986 ;
2845 3932 3054 3986 interea
3104 3940 3332 3988 sanatur
3384 3933 3499 3990 hae-

1912 4039 2224 4079 morrousa.
2261 4024 2541 4078 Curantur
2568 4023 2678 4078 duo
2704 4025 2858 4088 caeci,
2900 4033 2954 4078 et
2991 4031 3178 4080 mutus
3201 4025 3501 4080 daemonia-

1912 4133 2030 4172 cus.
2086 4115 2250 4173 Vicos
2298 4118 2494 4171 circuit
2532 4114 2713 4171 Jesus.
2746 4116 2911 4170 Mittit
2955 4117 3257 4187 discipulos
3300 4116 3500 4188 praedi-

1912 4221 2091 4265 catum
2124 4214 2261 4279 (cap.
2299 4208 2377 4282 χ),
2405 4219 2459 4264 et
2514 4208 2580 4264 de
2617 4210 2804 4265 multis
2836 4210 2901 4264 ad
2935 4225 3029 4264 eos
3063 4210 3302 4266 disserit.
3339 4211 3502 4266 Mittit

1914 4304 1982 4359 ad
2004 4320 2129 4360 eum
2156 4302 2398 4359 Joannes
2430 4304 2568 4357 duos
2597 4318 2663 4357 ex
2687 4303 2975 4372 discipulis
3009 4304 3147 4367 suis,
3174 4305 3266 4374 qui
3297 4311 3350 4358 et
3380 4305 3501 4358 lau-

1913 4398 2077 4451 datur
2115 4395 2252 4469 (cap.
2286 4394 2387 4469 xt).
2421 4395 2750 4466 Expostulat
2779 4395 3037 4451 Christus
3065 4411 3188 4450 cum
3226 4395 3403 4451 turbis
3431 4395 3501 4451 de

1891 4487 2142 4554 Joanne.
2195 4487 2504 4558 Exprobrat
2566 4487 2908 4544 civitatibus.
2969 4487 3278 4544 Confitetur
3327 4486 3494 4544 Patri.

240 4583 399 4654 δχλοις
437 4587 569 4656 περὶ
613 4586 862 4640 Ἰωάννου
897 4589 926 4640 6
969 4588 1222 4659 Χριστός.
1268 4589 1548 4655 Ὀνειδίζει
1588 4591 1688 4655 τὰς
1721 4592 1810 4646 πό-

1923 4578 2096 4634 Vocat
2125 4578 2193 4634 ad
2217 4596 2276 4635 se
2298 4586 2576 4634 oneratos.
2615 4580 2721 4634 lter
2767 4580 2900 4634 facit
2926 4596 3024 4650 per
3055 4591 3172 4636 sata
3207 4581 3346 4652 (cap.
3375 4579 3494 4653 an).

241 4673 358 4741 λεις.
388 4676 832 4748 Ἐξομολογεῖται
878 4678 958 4750 τῷ
997 4680 1193 4750 Πατρί.
1229 4681 1403 4734 Καλεῖ
1430 4683 1558 4748 τοὺς
1609 4701 1813 4757 πεφορ-

241 4771 538 4841 τισμένους.
571 4771 846 4825 Διαϐαίνει
886 4772 977 4826 διὰ
1007 4772 1116 4826 τῶν
1163 4774 1464 4846 σπορίμων.
1506 4775 1812 4848 Θεραπεύει

243 4862 322 4916 τὸν
355 4865 457 4936 τὴν
487 4863 660 4934 ξηράν
696 4863 890 4934 ἔχοντα
929 4866 1110 4936 χεῖρα.
1141 4865 1248 4918 Καὶ
1293 4865 1637 4936 βουλεύονται
1683 4869 1814 4924 Ἰου-

242 4953 364 5010 δαῖοι
408 4957 621 5013 ἀνελεῖν
665 4959 849 5012 αὐτόν.
903 4958 1351 5031 ’Δναχωρήσαντι
1398 4961 1630 5029 ἐκεῖθεν,
1680 4964 1811 5016 άκο-

243 5047 408 5104 λουθεί
429 5054 458 5106 6
483 5050 661 5121 όχλος,
702 5052 796 5105 καὶ
835 5051 1218 5123 θεραπεύεται.
1259 5053 1490 5124 Ὁμοίως
1519 5057 1612 5109 καὶ
1639 5057 1669 5108 6
1695 5055 1811 5111 δαι-

247 5143 585 5214 μονιζόμενος
629 5143 829 5212 τυφλὸς
887 5144 982 5199 καὶ
1042 5146 1246 5214 κωφός.
1301 5146 1434 5199 Τότε
1479 5146 1727 5216 λέγουσιν
1762 5150 1812 5202 oi

245 5231 509 5291 Ἰουδαῖοι·
545 5255 564 5287 ι
599 5237 688 5289 Ἐν
723 5236 1049 5302 Βεελζεϐοὺλ
1087 5237 1337 5292 ἐκϐάλλει
1367 5239 1437 5293 τά
1479 5239 1750 5310 δαιμόνια.
1787 5257 1806 5292 ι

246 5325 366 5384 Εἶτα
408 5335 640 5403 σημεῖον
679 5331 954 5386 αἰτοῦσινυ
989 5334 1017 5386 ὁ
1047 5331 1103 5386 δὲ
1145 5332 1312 5386 ἔδωκε
1349 5332 1410 5385 τὺ
1455 5333 1629 5386 Ἰωνᾶ.
1673 5333 1813 5404 Προ-

248 5424 401 5489 εἰπεν,
463 5427 546 5480 ὅτι
598 5425 876 5479 Νινευῗται
935 5425 1354 5496 κατακρινοῦσιν
1413 5426 1629 5490 αὐτούς.
1678 5426 1810 5478 Τότε

247 5511 378 5584 πέτει
405 5536 419 5548 ·
469 5537 489 5572 ι
538 5520 709 5574 Ὀταν
749 5517 941 5590 ἐξέλθῃ
976 5517 1038 5570 τὸ
1075 5517 1386 5589 ἀκάθαρτον
1424 5518 1662 5588 πνεῦμα,
1710 5515 1810 5587 ζη-

1916 4673 2084 4730 Curat
2109 4689 2239 4728 eum
2278 4673 2373 4743 qui
2415 4687 2636 4726 manum
2671 4673 2880 4727 aridam
2915 4674 3165 4728 habebat.
3220 4672 3396 4729 Judaei
3430 4676 3498 4731 de

1915 4767 2220 4833 occidendo
2266 4782 2330 4822 eo
2382 4767 2718 4822 consultant.
2776 4764 3132 4821 Secedentem
3182 4767 3309 4822 inde
3339 4767 3498 4823 turba

1916 4861 2165 4932 sequitur
2192 4866 2246 4915 et
2268 4867 2512 4914 curatur.
2551 4857 2816 4914 Similiter
2837 4866 2892 4914 et
2922 4860 3291 4914 daemoniacus
3316 4875 3499 4914 caecus

1916 4961 1970 5009 et
2000 4961 2204 5007 mutus.
2243 4950 2399 5006 Tunc
2427 4950 2598 5007 Judaei
2621 4951 2814 5007 dicunt
2846 4969 2861 5007 :
2901 4971 2919 5004 ι
2959 4953 3016 5006 ln
3045 4951 3327 5007 Beelzebul
3348 4951 3498 5023 ejieit

1917 5046 2183 5100 dmmonia
2197 5046 2266 5099 “.
2289 5067 2307 5098 ι
2327 5044 2531 5099 Deinde
2553 5045 2768 5117 signum
2784 5051 2995 5114 petunt,
3011 5044 3024 5096 i
3033 5060 3127 5116 pse
3141 5059 3268 5098 vero
3279 5043 3498 5114 signum

1914 5136 2066 5192 Jonze
2108 5136 2276 5191 dedit.
2340 5133 2594 5190 Pratdicit
2643 5135 2752 5190 illis
2812 5134 2959 5205 quod
3008 5149 3039 5188 a
3081 5133 3340 5189 Ninivitis
3387 5134 3500 5190 sint

1916 5229 2341 5288 condemnandi.
2388 5229 2545 5285 Tunc
2580 5229 2714 5284 dicit
2748 5247 2764 5283 :
2803 5246 2821 5280 ι
2869 5225 3100 5294 Quando
3133 5227 3360 5298 spiritus
3397 5229 3501 5282 im-

1916 5324 2155 5378 mundus
2185 5323 2381 5378 exierit
2411 5322 2655 5392 requiem
2686 5337 2936 5392 quaarens
2953 5321 3019 5373 ".
3045 5339 3063 5372 ι
3095 5319 3300 5376 Deinde
3327 5320 3501 5376 Mater

1915 5417 2109 5487 quaerit
2139 5417 2218 5471 illi
2255 5417 2426 5486 loqui.
2453 5413 2657 5470 Navem
2700 5415 2986 5485 ingressus
3019 5413 3334 5484 parabolam
3363 5413 3500 5469 dicit

1924 5511 2080 5582 137
2107 5511 2174 5566 de
2200 5512 2506 5566 seminante
2553 5509 2696 5580 (cap.
2724 5513 2871 5578 xm),
2908 5515 2962 5564 et
2987 5522 3238 5570 causam,
3271 5513 3500 5577 propter

247 5607 360 5662 τοῦν
393 5612 723 5666 ἀνάπαυσιν.
774 5631 793 5664 ι
854 5607 990 5666 Εἶτα
1043 5613 1078 5683 ὴ
1138 5613 1320 5683 μήτηρ
1376 5609 1528 5680 ζητεί
1582 5609 1810 5680 λαλῆσαι

1919 5621 2081 5674 quam
2111 5605 2164 5657 in
2195 5602 2471 5674 parabolis
2503 5602 2780 5670 loquatur.
2823 5598 3147 5654 Parabolam
3202 5597 3365 5651 istam
3410 5609 3501 5648 ex-

251 5701 400 5771 αὐτῷ.
462 5704 671 5776 Ἐμὸὰς
726 5707 807 5768 εἰς
857 5705 917 5758 τὸ
971 5704 1154 5759 πλοῖον
1204 5703 1351 5774 λέγει
1407 5703 1506 5772 τὴν
1565 5701 1809 5768 παρα-6ο-

1918 5696 2357 5770 ι),οι)ἱι.,,ει.ιιιὶὸίι
2393 5696 2551 5762 alias,
2578 5693 2646 5750 de
2675 5695 2959 5762 thesauro,
2983 5694 3051 5750 de
3077 5691 3398 5765 margarita,
3430 5687 3498 5743 de

315 5881 357 5912 "
391 5880 582 5939 Matth.
619 5897 673 5948 v,
709 5881 810 5952 15,
850 5881 934 5955 Ιιξ.
1010 5881 1058 5916 ⁸³
1090 5871 1286 5936 Maith.
1322 5894 1437 5946 vn,
1472 5876 1530 5936 ϐε
1603 5870 1653 5912 τι
1693 5875 1810 5935 Matt

1911 5874 2031 5946 Ἧι,
2061 5877 2153 5932 ει.
2231 5878 2277 5910 ⁵⁸
2319 5867 2511 5932 Matth.
2548 5876 2659 5946 xu},
2694 5869 2784 5931 I5.
