  <div class='ocr_page' id='page_1' title='image "/cluster/home/n/w/nwhite01/storage/ocr_20150623/28/hvd.32044019207737/199.png"; bbox 0 0 3958 6514; ppageno 0'>
   <div class='ocr_carea' id='block_1_1' title="bbox 482 373 582 427">
    <p class='ocr_par' dir='ltr' id='par_1_1' title="bbox 482 373 582 427">
     <span class='ocr_line' id='line_1_1' title="bbox 482 373 582 427; baseline -0.02 0"><span class='ocrx_word' id='word_1_1' title='bbox 482 373 582 427; x_wconf 68' lang='lat'><strong>3&#39;57</strong></span> 
     </span>
    </p>
   </div>
   <div class='ocr_carea' id='block_1_2' title="bbox 1668 351 2598 413">
    <p class='ocr_par' dir='ltr' id='par_1_2' title="bbox 1668 351 2598 413">
     <span class='ocr_line' id='line_1_2' title="bbox 1668 351 2598 413; baseline -0.008 0"><span class='ocrx_word' id='word_1_2' title='bbox 1668 359 1724 413; x_wconf 89' lang='lat' dir='ltr'><strong>S.</strong></span> <span class='ocrx_word' id='word_1_3' title='bbox 1761 352 2226 412; x_wconf 80' lang='lat' dir='ltr'><strong>ATHANASIUS.</strong></span> <span class='ocrx_word' id='word_1_4' title='bbox 2266 385 2334 395; x_wconf 88' lang='lat'><strong><em>-—</em></strong></span> <span class='ocrx_word' id='word_1_5' title='bbox 2371 351 2598 408; x_wconf 84' lang='lat' dir='ltr'><strong>DUBIA.</strong></span> 
     </span>
    </p>
   </div>
   <div class='ocr_carea' id='block_1_3' title="bbox 3635 350 3738 410">
    <p class='ocr_par' dir='ltr' id='par_1_3' title="bbox 3635 350 3738 410">
     <span class='ocr_line' id='line_1_3' title="bbox 3635 350 3738 410; baseline 0.029 -3"><span class='ocrx_word' id='word_1_6' title='bbox 3635 350 3738 410; x_wconf 72' lang='lat'><strong>588</strong></span> 
     </span>
    </p>
   </div>
   <div class='ocr_carea' id='block_1_4' title="bbox 481 459 2056 554">
    <p class='ocr_par' dir='ltr' id='par_1_4' title="bbox 481 472 2056 554">
     <span class='ocr_line' id='line_1_4' title="bbox 481 472 2056 554; baseline -0.008 -15"><span class='ocrx_word' id='word_1_7' title='bbox 481 498 633 554; x_wconf 81' lang='lat' dir='ltr'><strong>agro,</strong></span> <span class='ocrx_word' id='word_1_8' title='bbox 665 482 732 537; x_wconf 90' lang='lat' dir='ltr'><strong>de</strong></span> <span class='ocrx_word' id='word_1_9' title='bbox 761 472 1054 550; x_wconf 85' lang='lat' dir='ltr'><strong>sinapi,de</strong></span> <span class='ocrx_word' id='word_1_10' title='bbox 1104 478 1393 534; x_wconf 88' lang='lat' dir='ltr'><strong>fermento.</strong></span> <span class='ocrx_word' id='word_1_11' title='bbox 1440 475 1761 531; x_wconf 84' lang='lat' dir='ltr'><strong>Parabolam</strong></span> <span class='ocrx_word' id='word_1_12' title='bbox 1809 473 1875 529; x_wconf 89' lang='lat' dir='ltr'><strong>de</strong></span> <span class='ocrx_word' id='word_1_13' title='bbox 1935 488 2056 542; x_wconf 76' lang='lat' dir='ltr'><strong>agre</strong></span> 
     </span>
    </p>
   </div>
   <div class='ocr_carea' id='block_1_5' title="bbox 2159 459 3740 554">
    <p class='ocr_par' dir='ltr' id='par_1_5' title="bbox 2166 459 3740 544">
     <span class='ocr_line' id='line_1_5' title="bbox 2166 459 3740 544; baseline 0.001 -20"><span class='ocrx_word' id='word_1_14' title='bbox 2166 471 2263 544; x_wconf 81' lang='grc' dir='ltr'>λὴν</span> <span class='ocrx_word' id='word_1_15' title='bbox 2301 469 2395 523; x_wconf 82' lang='grc' dir='ltr'>τοῦ</span> <span class='ocrx_word' id='word_1_16' title='bbox 2445 468 2777 541; x_wconf 87' lang='grc' dir='ltr'>σπείροντος,</span> <span class='ocrx_word' id='word_1_17' title='bbox 2828 467 2920 521; x_wconf 79' lang='grc' dir='ltr'><strong>καὶ</strong></span> <span class='ocrx_word' id='word_1_18' title='bbox 2949 467 3049 538; x_wconf 85' lang='grc' dir='ltr'>τὴν</span> <span class='ocrx_word' id='word_1_19' title='bbox 3073 459 3288 532; x_wconf 83' lang='grc' dir='ltr'>αίτίαν,</span> <span class='ocrx_word' id='word_1_20' title='bbox 3337 468 3405 522; x_wconf 88' lang='grc' dir='ltr'>δι’</span> <span class='ocrx_word' id='word_1_21' title='bbox 3435 469 3501 541; x_wconf 73' lang='grc' dir='ltr'>ἢν</span> <span class='ocrx_word' id='word_1_22' title='bbox 3535 469 3594 524; x_wconf 69' lang='grc' dir='ltr'>ἓν</span> <span class='ocrx_word' id='word_1_23' title='bbox 3634 489 3740 525; x_wconf 83' lang='grc' dir='ltr'>πα-</span> 
     </span>
    </p>
   </div>
   <div class='ocr_carea' id='block_1_6' title="bbox 481 565 2060 646">
    <p class='ocr_par' dir='ltr' id='par_1_6' title="bbox 481 565 2060 646">
     <span class='ocr_line' id='line_1_6' title="bbox 481 565 2060 646; baseline -0.009 -14"><span class='ocrx_word' id='word_1_24' title='bbox 481 577 705 646; x_wconf 76' lang='lat' dir='ltr'><strong>exponit</strong></span> <span class='ocrx_word' id='word_1_25' title='bbox 740 577 795 630; x_wconf 91' lang='lat' dir='ltr'><strong>in</strong></span> <span class='ocrx_word' id='word_1_26' title='bbox 822 574 1008 636; x_wconf 87' lang='lat' dir='ltr'><strong>domo,</strong></span> <span class='ocrx_word' id='word_1_27' title='bbox 1042 581 1094 627; x_wconf 90' lang='lat' dir='ltr'><strong>et</strong></span> <span class='ocrx_word' id='word_1_28' title='bbox 1120 570 1272 625; x_wconf 86' lang='lat' dir='ltr'><strong>addit</strong></span> <span class='ocrx_word' id='word_1_29' title='bbox 1301 570 1465 622; x_wconf 88' lang='lat' dir='ltr'><strong>aliam</strong></span> <span class='ocrx_word' id='word_1_30' title='bbox 1493 567 1562 624; x_wconf 90' lang='lat' dir='ltr'><strong>de</strong></span> <span class='ocrx_word' id='word_1_31' title='bbox 1611 582 1832 639; x_wconf 84' lang='lat' dir='ltr'><strong>sagena.</strong></span> <span class='ocrx_word' id='word_1_32' title='bbox 1865 565 2060 620; x_wconf 90' lang='lat' dir='ltr'><strong>Beatos</strong></span> 
     </span>
    </p>
   </div>
   <div class='ocr_carea' id='block_1_7' title="bbox 481 656 2063 738">
    <p class='ocr_par' dir='ltr' id='par_1_7' title="bbox 481 656 2063 738">
     <span class='ocr_line' id='line_1_7' title="bbox 481 656 2063 738; baseline -0.006 -19"><span class='ocrx_word' id='word_1_33' title='bbox 481 668 803 738; x_wconf 78' lang='lat' dir='ltr'><strong>pronuntiat</strong></span> <span class='ocrx_word' id='word_1_34' title='bbox 829 663 1148 734; x_wconf 84' lang='lat' dir='ltr'><strong>discipulos,</strong></span> <span class='ocrx_word' id='word_1_35' title='bbox 1170 662 1461 717; x_wconf 87' lang='lat' dir='ltr'><strong>conferens</strong></span> <span class='ocrx_word' id='word_1_36' title='bbox 1491 676 1586 716; x_wconf 87' lang='lat' dir='ltr'><strong>eos</strong></span> <span class='ocrx_word' id='word_1_37' title='bbox 1610 661 1728 713; x_wconf 90' lang='lat' dir='ltr'><strong>viro</strong></span> <span class='ocrx_word' id='word_1_38' title='bbox 1759 656 2063 729; x_wconf 80' lang='lat' dir='ltr'><strong>patrifami-</strong></span> 
     </span>
    </p>
   </div>
   <div class='ocr_carea' id='block_1_8' title="bbox 481 746 2060 825">
    <p class='ocr_par' dir='ltr' id='par_1_8' title="bbox 481 746 2060 825">
     <span class='ocr_line' id='line_1_8' title="bbox 481 746 2060 825; baseline -0.007 -13"><span class='ocrx_word' id='word_1_39' title='bbox 481 757 602 813; x_wconf 84' lang='lat' dir='ltr'><strong>lias.</strong></span> <span class='ocrx_word' id='word_1_40' title='bbox 654 756 816 812; x_wconf 72' lang='lat' dir='ltr'><strong>Venit</strong></span> <span class='ocrx_word' id='word_1_41' title='bbox 863 757 918 810; x_wconf 91' lang='lat' dir='ltr'><strong>in</strong></span> <span class='ocrx_word' id='word_1_42' title='bbox 951 755 1205 825; x_wconf 82' lang='lat' dir='ltr'><strong>patriam,</strong></span> <span class='ocrx_word' id='word_1_43' title='bbox 1238 753 1457 824; x_wconf 79' lang='lat' dir='ltr'><strong>quando</strong></span> <span class='ocrx_word' id='word_1_44' title='bbox 1487 760 1540 807; x_wconf 84' lang='lat' dir='ltr'><strong>et</strong></span> <span class='ocrx_word' id='word_1_45' title='bbox 1566 750 1916 806; x_wconf 81' lang='lat' dir='ltr'><strong>offenduntur</strong></span> <span class='ocrx_word' id='word_1_46' title='bbox 1961 746 2060 802; x_wconf 84' lang='lat' dir='ltr'><strong>Ju-</strong></span> 
     </span>
    </p>
   </div>
   <div class='ocr_carea' id='block_1_9' title="bbox 482 838 2058 913">
    <p class='ocr_par' dir='ltr' id='par_1_9' title="bbox 482 838 2058 913">
     <span class='ocr_line' id='line_1_9' title="bbox 482 838 2058 913; baseline -0.008 -10"><span class='ocrx_word' id='word_1_47' title='bbox 482 850 606 904; x_wconf 67' lang='lat' dir='ltr'><strong>dari.</strong></span> <span class='ocrx_word' id='word_1_48' title='bbox 633 846 789 902; x_wconf 87' lang='lat' dir='ltr'><strong>Tunc</strong></span> <span class='ocrx_word' id='word_1_49' title='bbox 825 845 958 900; x_wconf 92' lang='lat' dir='ltr'><strong>dicit</strong></span> <span class='ocrx_word' id='word_1_50' title='bbox 991 863 1002 898; x_wconf 92' lang='lat'><strong>:</strong></span> <span class='ocrx_word' id='word_1_51' title='bbox 1041 863 1058 895; x_wconf 82' lang='grc' dir='ltr'><strong>ι</strong></span> <span class='ocrx_word' id='word_1_52' title='bbox 1099 843 1369 913; x_wconf 90' lang='lat' dir='ltr'><strong>Propheta</strong></span> <span class='ocrx_word' id='word_1_53' title='bbox 1396 858 1508 896; x_wconf 90' lang='lat' dir='ltr'><strong>non</strong></span> <span class='ocrx_word' id='word_1_54' title='bbox 1550 848 1636 895; x_wconf 91' lang='lat' dir='ltr'><strong>est</strong></span> <span class='ocrx_word' id='word_1_55' title='bbox 1683 841 1802 894; x_wconf 90' lang='lat' dir='ltr'><strong>sine</strong></span> <span class='ocrx_word' id='word_1_56' title='bbox 1833 838 2058 903; x_wconf 84' lang='lat' dir='ltr'><strong>honore,</strong></span> 
     </span>
    </p>
   </div>
   <div class='ocr_carea' id='block_1_10' title="bbox 484 930 2062 1010">
    <p class='ocr_par' dir='ltr' id='par_1_10' title="bbox 484 930 2062 1010">
     <span class='ocr_line' id='line_1_10' title="bbox 484 930 2062 1010; baseline -0.006 -15"><span class='ocrx_word' id='word_1_57' title='bbox 484 942 588 997; x_wconf 91' lang='lat' dir='ltr'><strong>nisi</strong></span> <span class='ocrx_word' id='word_1_58' title='bbox 645 944 694 994; x_wconf 91' lang='lat' dir='ltr'><strong>in</strong></span> <span class='ocrx_word' id='word_1_59' title='bbox 730 941 904 1010; x_wconf 87' lang='lat' dir='ltr'><strong>patria</strong></span> <span class='ocrx_word' id='word_1_60' title='bbox 936 953 1036 991; x_wconf 88' lang='lat' dir='ltr'><strong>sua</strong></span> <span class='ocrx_word' id='word_1_61' title='bbox 1059 938 1125 992; x_wconf 82' lang='grc'><strong>⁵⁸.</strong></span> <span class='ocrx_word' id='word_1_62' title='bbox 1163 956 1181 988; x_wconf 84' lang='grc'>›</span> <span class='ocrx_word' id='word_1_63' title='bbox 1221 935 1445 990; x_wconf 80' lang='lat' dir='ltr'><strong>Auditis</strong></span> <span class='ocrx_word' id='word_1_64' title='bbox 1505 949 1624 1004; x_wconf 84' lang='lat' dir='ltr'><strong>quae</strong></span> <span class='ocrx_word' id='word_1_65' title='bbox 1675 948 1799 987; x_wconf 90' lang='lat' dir='ltr'><strong>cum</strong></span> <span class='ocrx_word' id='word_1_66' title='bbox 1852 930 2062 985; x_wconf 85' lang='lat' dir='ltr'><strong>Joanne</strong></span> 
     </span>
    </p>
   </div>
   <div class='ocr_carea' id='block_1_11' title="bbox 483 1025 2060 1102">
    <p class='ocr_par' dir='ltr' id='par_1_11' title="bbox 483 1025 2060 1102">
     <span class='ocr_line' id='line_1_11' title="bbox 483 1025 2060 1102; baseline -0.005 -17"><span class='ocrx_word' id='word_1_67' title='bbox 483 1034 552 1086; x_wconf 90' lang='lat' dir='ltr'><strong>ab</strong></span> <span class='ocrx_word' id='word_1_68' title='bbox 577 1032 788 1086; x_wconf 81' lang='lat' dir='ltr'><strong>Herode</strong></span> <span class='ocrx_word' id='word_1_69' title='bbox 842 1039 994 1102; x_wconf 78' lang='lat' dir='ltr'><strong>gesta</strong></span> <span class='ocrx_word' id='word_1_70' title='bbox 1053 1029 1291 1093; x_wconf 80' lang='lat' dir='ltr'><strong>fuerant,</strong></span> <span class='ocrx_word' id='word_1_71' title='bbox 1328 1027 1531 1084; x_wconf 88' lang='lat' dir='ltr'><strong>secedit</strong></span> <span class='ocrx_word' id='word_1_72' title='bbox 1567 1028 1622 1080; x_wconf 89' lang='lat' dir='ltr'><strong>in</strong></span> <span class='ocrx_word' id='word_1_73' title='bbox 1673 1025 1950 1080; x_wconf 90' lang='lat' dir='ltr'><strong>desertum</strong></span> <span class='ocrx_word' id='word_1_74' title='bbox 1980 1025 2060 1077; x_wconf 95' lang='lat' dir='ltr'><strong>lo-</strong></span> 
     </span>
    </p>
   </div>
   <div class='ocr_carea' id='block_1_12' title="bbox 481 1117 2055 1191">
    <p class='ocr_par' dir='ltr' id='par_1_12' title="bbox 481 1117 2055 1191">
     <span class='ocr_line' id='line_1_12' title="bbox 481 1117 2055 1191; baseline -0.003 -15"><span class='ocrx_word' id='word_1_75' title='bbox 481 1139 630 1186; x_wconf 86' lang='lat' dir='ltr'><strong>cum,</strong></span> <span class='ocrx_word' id='word_1_76' title='bbox 664 1123 753 1175; x_wconf 89' lang='lat' dir='ltr'><strong>nbi</strong></span> <span class='ocrx_word' id='word_1_77' title='bbox 789 1129 842 1175; x_wconf 91' lang='lat' dir='ltr'><strong>et</strong></span> <span class='ocrx_word' id='word_1_78' title='bbox 873 1124 1112 1191; x_wconf 87' lang='lat' dir='ltr'><strong>quinque</strong></span> <span class='ocrx_word' id='word_1_79' title='bbox 1167 1121 1338 1175; x_wconf 81' lang='lat' dir='ltr'><strong>millia</strong></span> <span class='ocrx_word' id='word_1_80' title='bbox 1390 1119 1672 1174; x_wconf 84' lang='lat' dir='ltr'><strong>hominum</strong></span> <span class='ocrx_word' id='word_1_81' title='bbox 1713 1117 1890 1187; x_wconf 88' lang='lat' dir='ltr'><strong>pascit</strong></span> <span class='ocrx_word' id='word_1_82' title='bbox 1918 1118 2055 1184; x_wconf 85' lang='lat' dir='ltr'><strong>(cap.</strong></span> 
     </span>
    </p>
   </div>
   <div class='ocr_carea' id='block_1_13' title="bbox 479 1211 2061 1284">
    <p class='ocr_par' dir='ltr' id='par_1_13' title="bbox 479 1211 2061 1284">
     <span class='ocr_line' id='line_1_13' title="bbox 479 1211 2061 1284; baseline -0.004 -15"><span class='ocrx_word' id='word_1_83' title='bbox 479 1216 614 1284; x_wconf 82' lang='lat' dir='ltr'><strong>xw).</strong></span> <span class='ocrx_word' id='word_1_84' title='bbox 647 1213 956 1281; x_wconf 91' lang='lat' dir='ltr'><strong>Discipulos</strong></span> <span class='ocrx_word' id='word_1_85' title='bbox 989 1214 1155 1266; x_wconf 89' lang='lat' dir='ltr'><strong>mittit</strong></span> <span class='ocrx_word' id='word_1_86' title='bbox 1188 1213 1424 1282; x_wconf 78' lang='lat' dir='ltr'><strong>navigio.</strong></span> <span class='ocrx_word' id='word_1_87' title='bbox 1461 1211 1773 1264; x_wconf 76' lang='lat' dir='ltr'><strong>Rcvertitur</strong></span> <span class='ocrx_word' id='word_1_88' title='bbox 1815 1213 1870 1263; x_wconf 92' lang='lat' dir='ltr'><strong>in</strong></span> <span class='ocrx_word' id='word_1_89' title='bbox 1905 1224 2061 1262; x_wconf 84' lang='lat' dir='ltr'><strong>mon-</strong></span> 
     </span>
    </p>
   </div>
   <div class='ocr_carea' id='block_1_14' title="bbox 481 1301 2060 1374">
    <p class='ocr_par' dir='ltr' id='par_1_14' title="bbox 481 1301 2060 1374">
     <span class='ocr_line' id='line_1_14' title="bbox 481 1301 2060 1374; baseline -0.003 -17"><span class='ocrx_word' id='word_1_90' title='bbox 481 1314 588 1360; x_wconf 85' lang='lat' dir='ltr'><strong>tem</strong></span> <span class='ocrx_word' id='word_1_91' title='bbox 615 1305 808 1358; x_wconf 87' lang='lat' dir='ltr'><strong>orandi</strong></span> <span class='ocrx_word' id='word_1_92' title='bbox 835 1305 1032 1374; x_wconf 82' lang='lat' dir='ltr'><strong>gratia.</strong></span> <span class='ocrx_word' id='word_1_93' title='bbox 1063 1302 1298 1357; x_wconf 81' lang='lat' dir='ltr'><strong>Advenit</strong></span> <span class='ocrx_word' id='word_1_94' title='bbox 1330 1302 1396 1356; x_wconf 86' lang='lat' dir='ltr'><strong>ad</strong></span> <span class='ocrx_word' id='word_1_95' title='bbox 1433 1301 1734 1370; x_wconf 81' lang='lat' dir='ltr'><strong>discipulos</strong></span> <span class='ocrx_word' id='word_1_96' title='bbox 1759 1309 1928 1354; x_wconf 88' lang='lat' dir='ltr'><strong>noctu</strong></span> <span class='ocrx_word' id='word_1_97' title='bbox 1961 1314 2060 1353; x_wconf 87' lang='lat' dir='ltr'><strong>na-</strong></span> 
     </span>
    </p>
   </div>
   <div class='ocr_carea' id='block_1_15' title="bbox 479 1391 2058 1470">
    <p class='ocr_par' dir='ltr' id='par_1_15' title="bbox 479 1391 2058 1470">
     <span class='ocr_line' id='line_1_15' title="bbox 479 1391 2058 1470; baseline -0.004 -19"><span class='ocrx_word' id='word_1_98' title='bbox 479 1403 746 1470; x_wconf 81' lang='lat' dir='ltr'><strong>vigantes.</strong></span> <span class='ocrx_word' id='word_1_99' title='bbox 781 1398 1001 1453; x_wconf 87' lang='lat' dir='ltr'><strong>Petrum</strong></span> <span class='ocrx_word' id='word_1_100' title='bbox 1063 1395 1422 1466; x_wconf 88' lang='lat' dir='ltr'><strong>apprehendit</strong></span> <span class='ocrx_word' id='word_1_101' title='bbox 1453 1412 1619 1466; x_wconf 80' lang='lat' dir='ltr'><strong>super</strong></span> <span class='ocrx_word' id='word_1_102' title='bbox 1654 1409 1848 1464; x_wconf 83' lang='lat' dir='ltr'><strong>aquas.</strong></span> <span class='ocrx_word' id='word_1_103' title='bbox 1898 1391 2058 1447; x_wconf 83' lang='lat' dir='ltr'><strong>Venit</strong></span> 
     </span>
    </p>
   </div>
   <div class='ocr_carea' id='block_1_16' title="bbox 477 1484 2060 1546">
    <p class='ocr_par' dir='ltr' id='par_1_16' title="bbox 477 1484 2060 1546">
     <span class='ocr_line' id='line_1_16' title="bbox 477 1484 2060 1546; baseline -0.004 -1"><span class='ocrx_word' id='word_1_104' title='bbox 477 1490 836 1546; x_wconf 70' lang='lat' dir='ltr'><strong>Gennesaret.</strong></span> <span class='ocrx_word' id='word_1_105' title='bbox 866 1490 1145 1544; x_wconf 89' lang='lat' dir='ltr'><strong>Curantur</strong></span> <span class='ocrx_word' id='word_1_106' title='bbox 1175 1490 1354 1543; x_wconf 91' lang='lat' dir='ltr'><strong>multi.</strong></span> <span class='ocrx_word' id='word_1_107' title='bbox 1381 1488 1659 1543; x_wconf 84' lang='lat' dir='ltr'><strong>Accusant</strong></span> <span class='ocrx_word' id='word_1_108' title='bbox 1691 1503 1815 1542; x_wconf 89' lang='lat' dir='ltr'><strong>eum</strong></span> <span class='ocrx_word' id='word_1_109' title='bbox 1869 1484 2060 1540; x_wconf 88' lang='lat' dir='ltr'><strong>Phari-</strong></span> 
     </span>
    </p>
   </div>
   <div class='ocr_carea' id='block_1_17' title="bbox 478 1578 2058 1656">
    <p class='ocr_par' dir='ltr' id='par_1_17' title="bbox 478 1578 2058 1656">
     <span class='ocr_line' id='line_1_17' title="bbox 478 1578 2058 1656; baseline -0.005 -16"><span class='ocrx_word' id='word_1_110' title='bbox 478 1585 569 1640; x_wconf 65' lang='lat' dir='ltr'><strong>saei</strong></span> <span class='ocrx_word' id='word_1_111' title='bbox 604 1586 669 1640; x_wconf 90' lang='lat' dir='ltr'><strong>de</strong></span> <span class='ocrx_word' id='word_1_112' title='bbox 721 1584 1020 1656; x_wconf 81' lang='lat' dir='ltr'><strong>(neglectis)</strong></span> <span class='ocrx_word' id='word_1_113' title='bbox 1054 1582 1471 1652; x_wconf 81' lang='lat' dir='ltr'><strong>purgationibus</strong></span> <span class='ocrx_word' id='word_1_114' title='bbox 1518 1581 1656 1651; x_wconf 86' lang='lat' dir='ltr'><strong>(cap.</strong></span> <span class='ocrx_word' id='word_1_115' title='bbox 1693 1578 1783 1652; x_wconf 78' lang='lat' dir='ltr'><strong>xv)</strong></span> <span class='ocrx_word' id='word_1_116' title='bbox 1825 1598 1837 1633; x_wconf 90' lang='lat'><strong>:</strong></span> <span class='ocrx_word' id='word_1_117' title='bbox 1874 1594 1936 1634; x_wconf 88' lang='lat' dir='ltr'><strong>os</strong></span> <span class='ocrx_word' id='word_1_118' title='bbox 1978 1578 2058 1632; x_wconf 89' lang='lat' dir='ltr'><strong>eis</strong></span> 
     </span>
    </p>
   </div>
   <div class='ocr_carea' id='block_1_18' title="bbox 477 1670 2059 1733">
    <p class='ocr_par' dir='ltr' id='par_1_18' title="bbox 477 1670 2059 1733">
     <span class='ocr_line' id='line_1_18' title="bbox 477 1670 2059 1733; baseline -0.006 -1"><span class='ocrx_word' id='word_1_119' title='bbox 477 1677 701 1733; x_wconf 86' lang='lat' dir='ltr'><strong>obturat</strong></span> <span class='ocrx_word' id='word_1_120' title='bbox 734 1685 789 1732; x_wconf 90' lang='lat' dir='ltr'><strong>et</strong></span> <span class='ocrx_word' id='word_1_121' title='bbox 817 1677 979 1730; x_wconf 88' lang='lat' dir='ltr'><strong>docet</strong></span> <span class='ocrx_word' id='word_1_122' title='bbox 1009 1675 1200 1728; x_wconf 82' lang='lat' dir='ltr'><strong>turbas</strong></span> <span class='ocrx_word' id='word_1_123' title='bbox 1233 1675 1300 1728; x_wconf 90' lang='lat' dir='ltr'><strong>de</strong></span> <span class='ocrx_word' id='word_1_124' title='bbox 1339 1675 1548 1728; x_wconf 86' lang='lat' dir='ltr'><strong>ratione</strong></span> <span class='ocrx_word' id='word_1_125' title='bbox 1581 1674 1850 1727; x_wconf 89' lang='lat' dir='ltr'><strong>ciborum.</strong></span> <span class='ocrx_word' id='word_1_126' title='bbox 1882 1670 2059 1724; x_wconf 79' lang='lat' dir='ltr'><strong>Inter-</strong></span> 
     </span>
    </p>
   </div>
   <div class='ocr_carea' id='block_1_19' title="bbox 478 1761 2054 1838">
    <p class='ocr_par' dir='ltr' id='par_1_19' title="bbox 478 1761 2054 1838">
     <span class='ocr_line' id='line_1_19' title="bbox 478 1761 2054 1838; baseline -0.006 -16"><span class='ocrx_word' id='word_1_127' title='bbox 478 1777 636 1838; x_wconf 79' lang='lat' dir='ltr'><strong>rogat</strong></span> <span class='ocrx_word' id='word_1_128' title='bbox 667 1785 792 1821; x_wconf 89' lang='lat' dir='ltr'><strong>eum</strong></span> <span class='ocrx_word' id='word_1_129' title='bbox 845 1766 1042 1820; x_wconf 82' lang='lat' dir='ltr'><strong>Petrus</strong></span> <span class='ocrx_word' id='word_1_130' title='bbox 1091 1766 1158 1819; x_wconf 88' lang='lat' dir='ltr'><strong>de</strong></span> <span class='ocrx_word' id='word_1_131' title='bbox 1207 1765 1274 1818; x_wconf 87' lang='lat' dir='ltr'><strong>iis</strong></span> <span class='ocrx_word' id='word_1_132' title='bbox 1305 1780 1426 1834; x_wconf 63' lang='lat' dir='ltr'><strong>qua:</strong></span> <span class='ocrx_word' id='word_1_133' title='bbox 1480 1763 1716 1825; x_wconf 79' lang='lat' dir='ltr'><strong>dixerat,</strong></span> <span class='ocrx_word' id='word_1_134' title='bbox 1750 1770 1804 1816; x_wconf 92' lang='lat' dir='ltr'><strong>et</strong></span> <span class='ocrx_word' id='word_1_135' title='bbox 1843 1777 1907 1815; x_wconf 90' lang='lat' dir='ltr'><strong>ea</strong></span> <span class='ocrx_word' id='word_1_136' title='bbox 1938 1761 2054 1832; x_wconf 89' lang='lat' dir='ltr'><strong>ipsa</strong></span> 
     </span>
    </p>
   </div>
   <div class='ocr_carea' id='block_1_20' title="bbox 477 1851 2056 1924">
    <p class='ocr_par' dir='ltr' id='par_1_20' title="bbox 477 1851 2056 1924">
     <span class='ocr_line' id='line_1_20' title="bbox 477 1851 2056 1924; baseline -0.003 -13"><span class='ocrx_word' id='word_1_137' title='bbox 477 1858 733 1912; x_wconf 82' lang='lat' dir='ltr'><strong>Christus</strong></span> <span class='ocrx_word' id='word_1_138' title='bbox 762 1857 1103 1910; x_wconf 81' lang='lat' dir='ltr'><strong>manifestius</strong></span> <span class='ocrx_word' id='word_1_139' title='bbox 1133 1854 1380 1923; x_wconf 86' lang='lat' dir='ltr'><strong>exponit.</strong></span> <span class='ocrx_word' id='word_1_140' title='bbox 1413 1853 1569 1908; x_wconf 73' lang='lat' dir='ltr'><strong>Venit</strong></span> <span class='ocrx_word' id='word_1_141' title='bbox 1603 1851 1827 1924; x_wconf 82' lang='lat' dir='ltr'><strong>Tyrum,</strong></span> <span class='ocrx_word' id='word_1_142' title='bbox 1856 1860 1910 1906; x_wconf 92' lang='lat' dir='ltr'><strong>et</strong></span> <span class='ocrx_word' id='word_1_143' title='bbox 1939 1869 2056 1906; x_wconf 87' lang='lat' dir='ltr'><strong>mu-</strong></span> 
     </span>
    </p>
   </div>
   <div class='ocr_carea' id='block_1_21' title="bbox 475 1945 2054 2002">
    <p class='ocr_par' dir='ltr' id='par_1_21' title="bbox 475 1945 2054 2002">
     <span class='ocr_line' id='line_1_21' title="bbox 475 1945 2054 2002; baseline -0.003 0"><span class='ocrx_word' id='word_1_144' title='bbox 475 1949 578 2002; x_wconf 90' lang='lat' dir='ltr'><strong>Iicr</strong></span> <span class='ocrx_word' id='word_1_145' title='bbox 607 1946 913 2002; x_wconf 66' lang='lat' dir='ltr'><strong>Chananara</strong></span> <span class='ocrx_word' id='word_1_146' title='bbox 963 1946 1032 2000; x_wconf 89' lang='lat' dir='ltr'><strong>ad</strong></span> <span class='ocrx_word' id='word_1_147' title='bbox 1085 1961 1208 2000; x_wconf 89' lang='lat' dir='ltr'><strong>eum</strong></span> <span class='ocrx_word' id='word_1_148' title='bbox 1245 1946 1478 2001; x_wconf 80' lang='lat' dir='ltr'><strong>accedit.</strong></span> <span class='ocrx_word' id='word_1_149' title='bbox 1541 1945 1669 2000; x_wconf 90' lang='lat' dir='ltr'><strong>Inde</strong></span> <span class='ocrx_word' id='word_1_150' title='bbox 1719 1946 1769 1998; x_wconf 91' lang='lat' dir='ltr'><strong>in</strong></span> <span class='ocrx_word' id='word_1_151' title='bbox 1818 1952 2054 1998; x_wconf 62' lang='lat' dir='ltr'><strong>mactem</strong></span> 
     </span>
    </p>
   </div>
   <div class='ocr_carea' id='block_1_22' title="bbox 472 2037 2056 2112">
    <p class='ocr_par' dir='ltr' id='par_1_22' title="bbox 472 2037 2056 2112">
     <span class='ocr_line' id='line_1_22' title="bbox 472 2037 2056 2112; baseline -0.006 -16"><span class='ocrx_word' id='word_1_152' title='bbox 472 2041 631 2112; x_wconf 84' lang='lat' dir='ltr'><strong>juxta</strong></span> <span class='ocrx_word' id='word_1_153' title='bbox 665 2056 836 2102; x_wconf 88' lang='lat' dir='ltr'><strong>mare,</strong></span> <span class='ocrx_word' id='word_1_154' title='bbox 871 2048 924 2095; x_wconf 90' lang='lat' dir='ltr'><strong>et</strong></span> <span class='ocrx_word' id='word_1_155' title='bbox 951 2047 1108 2094; x_wconf 91' lang='lat' dir='ltr'><strong>curat</strong></span> <span class='ocrx_word' id='word_1_156' title='bbox 1159 2040 1379 2094; x_wconf 90' lang='lat' dir='ltr'><strong>multos.</strong></span> <span class='ocrx_word' id='word_1_157' title='bbox 1414 2037 1572 2092; x_wconf 88' lang='lat' dir='ltr'><strong>Cibat</strong></span> <span class='ocrx_word' id='word_1_158' title='bbox 1628 2045 1862 2106; x_wconf 85' lang='lat' dir='ltr'><strong>quatuor</strong></span> <span class='ocrx_word' id='word_1_159' title='bbox 1888 2037 2056 2088; x_wconf 86' lang='lat' dir='ltr'><strong>millia</strong></span> 
     </span>
    </p>
   </div>
   <div class='ocr_carea' id='block_1_23' title="bbox 475 2128 2057 2202">
    <p class='ocr_par' dir='ltr' id='par_1_23' title="bbox 475 2128 2057 2202">
     <span class='ocr_line' id='line_1_23' title="bbox 475 2128 2057 2202; baseline -0.003 -16"><span class='ocrx_word' id='word_1_160' title='bbox 475 2137 741 2202; x_wconf 70' lang='lat' dir='ltr'><strong>virorum.</strong></span> <span class='ocrx_word' id='word_1_161' title='bbox 780 2131 941 2187; x_wconf 77' lang='lat' dir='ltr'><strong>Venit</strong></span> <span class='ocrx_word' id='word_1_162' title='bbox 983 2131 1251 2202; x_wconf 81' lang='lat' dir='ltr'><strong>Magdala.</strong></span> <span class='ocrx_word' id='word_1_163' title='bbox 1311 2129 1576 2196; x_wconf 64' lang='lat' dir='ltr'><strong>Quaerunt</strong></span> <span class='ocrx_word' id='word_1_164' title='bbox 1620 2130 1834 2199; x_wconf 80' lang='lat' dir='ltr'><strong>signum</strong></span> <span class='ocrx_word' id='word_1_165' title='bbox 1887 2128 2057 2182; x_wconf 74' lang='lat' dir='ltr'><strong>Judazi</strong></span> 
     </span>
    </p>
   </div>
   <div class='ocr_carea' id='block_1_24' title="bbox 478 2217 2058 2294">
    <p class='ocr_par' dir='ltr' id='par_1_24' title="bbox 478 2217 2058 2294">
     <span class='ocr_line' id='line_1_24' title="bbox 478 2217 2058 2294; baseline -0.005 -15"><span class='ocrx_word' id='word_1_166' title='bbox 478 2225 616 2294; x_wconf 90' lang='lat' dir='ltr'><strong>(cap.</strong></span> <span class='ocrx_word' id='word_1_167' title='bbox 649 2225 780 2294; x_wconf 78' lang='lat' dir='ltr'><strong>xvi).</strong></span> <span class='ocrx_word' id='word_1_168' title='bbox 818 2221 937 2294; x_wconf 92' lang='lat' dir='ltr'><strong>Ipse</strong></span> <span class='ocrx_word' id='word_1_169' title='bbox 968 2238 1097 2278; x_wconf 85' lang='lat' dir='ltr'><strong>vero</strong></span> <span class='ocrx_word' id='word_1_170' title='bbox 1134 2222 1339 2277; x_wconf 86' lang='lat' dir='ltr'><strong>relictis</strong></span> <span class='ocrx_word' id='word_1_171' title='bbox 1377 2220 1484 2274; x_wconf 91' lang='lat' dir='ltr'><strong>illis</strong></span> <span class='ocrx_word' id='word_1_172' title='bbox 1518 2219 1913 2274; x_wconf 84' lang='lat' dir='ltr'><strong>transfretavit.</strong></span> <span class='ocrx_word' id='word_1_173' title='bbox 1955 2217 2058 2272; x_wconf 80' lang='lat' dir='ltr'><strong>Pa-</strong></span> 
     </span>
    </p>
   </div>
   <div class='ocr_carea' id='block_1_25' title="bbox 476 2309 2059 2385">
    <p class='ocr_par' dir='ltr' id='par_1_25' title="bbox 476 2309 2059 2385">
     <span class='ocr_line' id='line_1_25' title="bbox 476 2309 2059 2385; baseline -0.006 -12"><span class='ocrx_word' id='word_1_174' title='bbox 476 2333 576 2373; x_wconf 87' lang='lat' dir='ltr'><strong>nes</strong></span> <span class='ocrx_word' id='word_1_175' title='bbox 614 2316 867 2385; x_wconf 90' lang='lat' dir='ltr'><strong>discipuli</strong></span> <span class='ocrx_word' id='word_1_176' title='bbox 906 2331 1001 2385; x_wconf 90' lang='lat' dir='ltr'><strong>per</strong></span> <span class='ocrx_word' id='word_1_177' title='bbox 1041 2315 1369 2369; x_wconf 86' lang='lat' dir='ltr'><strong>oblivionem</strong></span> <span class='ocrx_word' id='word_1_178' title='bbox 1406 2327 1515 2367; x_wconf 89' lang='lat' dir='ltr'><strong>non</strong></span> <span class='ocrx_word' id='word_1_179' title='bbox 1556 2318 1924 2383; x_wconf 86' lang='lat' dir='ltr'><strong>sumpserant.</strong></span> <span class='ocrx_word' id='word_1_180' title='bbox 1962 2309 2059 2364; x_wconf 87' lang='lat' dir='ltr'><strong>Lo-</strong></span> 
     </span>
    </p>
   </div>
   <div class='ocr_carea' id='block_1_26' title="bbox 477 2400 2060 2476">
    <p class='ocr_par' dir='ltr' id='par_1_26' title="bbox 477 2400 2060 2476">
     <span class='ocr_line' id='line_1_26' title="bbox 477 2400 2060 2476; baseline -0.003 -18"><span class='ocrx_word' id='word_1_181' title='bbox 477 2408 662 2476; x_wconf 82' lang='lat' dir='ltr'><strong>quitur</strong></span> <span class='ocrx_word' id='word_1_182' title='bbox 697 2406 807 2462; x_wconf 91' lang='lat' dir='ltr'><strong>illis</strong></span> <span class='ocrx_word' id='word_1_183' title='bbox 856 2406 923 2460; x_wconf 94' lang='lat' dir='ltr'><strong>de</strong></span> <span class='ocrx_word' id='word_1_184' title='bbox 960 2404 1228 2459; x_wconf 87' lang='lat' dir='ltr'><strong>fermento</strong></span> <span class='ocrx_word' id='word_1_185' title='bbox 1289 2402 1715 2457; x_wconf 65' lang='lat' dir='ltr'><strong>Pharisaeorum.</strong></span> <span class='ocrx_word' id='word_1_186' title='bbox 1772 2400 2060 2473; x_wconf 73' lang='lat' dir='ltr'><strong>Egreditur</strong></span> 
     </span>
    </p>
   </div>
   <div class='ocr_carea' id='block_1_27' title="bbox 475 2491 2059 2565">
    <p class='ocr_par' dir='ltr' id='par_1_27' title="bbox 475 2491 2059 2565">
     <span class='ocr_line' id='line_1_27' title="bbox 475 2491 2059 2565; baseline -0.006 -10"><span class='ocrx_word' id='word_1_187' title='bbox 475 2499 808 2554; x_wconf 64' lang='lat' dir='ltr'><strong>Caesaream.</strong></span> <span class='ocrx_word' id='word_1_188' title='bbox 847 2498 1156 2565; x_wconf 76' lang='lat' dir='ltr'><strong>lnterrogat</strong></span> <span class='ocrx_word' id='word_1_189' title='bbox 1200 2495 1505 2565; x_wconf 88' lang='lat' dir='ltr'><strong>discipulos</strong></span> <span class='ocrx_word' id='word_1_190' title='bbox 1533 2495 1600 2548; x_wconf 88' lang='lat' dir='ltr'><strong>de</strong></span> <span class='ocrx_word' id='word_1_191' title='bbox 1629 2493 1810 2562; x_wconf 91' lang='lat' dir='ltr'><strong>seipso</strong></span> <span class='ocrx_word' id='word_1_192' title='bbox 1845 2511 1858 2546; x_wconf 90' lang='lat'><strong>:</strong></span> <span class='ocrx_word' id='word_1_193' title='bbox 1888 2491 2059 2546; x_wconf 87' lang='lat' dir='ltr'><strong>confi-</strong></span> 
     </span>
    </p>
   </div>
   <div class='ocr_carea' id='block_1_28' title="bbox 474 2586 2054 2659">
    <p class='ocr_par' dir='ltr' id='par_1_28' title="bbox 474 2586 2054 2659">
     <span class='ocr_line' id='line_1_28' title="bbox 474 2586 2054 2659; baseline -0.004 -13"><span class='ocrx_word' id='word_1_194' title='bbox 474 2601 620 2647; x_wconf 90' lang='lat' dir='ltr'><strong>tetur</strong></span> <span class='ocrx_word' id='word_1_195' title='bbox 645 2607 770 2646; x_wconf 91' lang='lat' dir='ltr'><strong>eum</strong></span> <span class='ocrx_word' id='word_1_196' title='bbox 802 2590 1017 2645; x_wconf 87' lang='lat' dir='ltr'><strong>Petrus.</strong></span> <span class='ocrx_word' id='word_1_197' title='bbox 1055 2589 1210 2643; x_wconf 85' lang='lat' dir='ltr'><strong>Tunc</strong></span> <span class='ocrx_word' id='word_1_198' title='bbox 1245 2588 1314 2643; x_wconf 91' lang='lat' dir='ltr'><strong>de</strong></span> <span class='ocrx_word' id='word_1_199' title='bbox 1364 2588 1619 2659; x_wconf 86' lang='lat' dir='ltr'><strong>passione</strong></span> <span class='ocrx_word' id='word_1_200' title='bbox 1648 2602 1746 2642; x_wconf 90' lang='lat' dir='ltr'><strong>sua</strong></span> <span class='ocrx_word' id='word_1_201' title='bbox 1789 2586 2054 2656; x_wconf 63' lang='lat' dir='ltr'><strong>praedicit,</strong></span> 
     </span>
    </p>
   </div>
   <div class='ocr_carea' id='block_1_29' title="bbox 476 2679 2056 2753">
    <p class='ocr_par' dir='ltr' id='par_1_29' title="bbox 476 2679 2056 2753">
     <span class='ocr_line' id='line_1_29' title="bbox 476 2679 2056 2753; baseline -0.002 -15"><span class='ocrx_word' id='word_1_202' title='bbox 476 2693 530 2738; x_wconf 92' lang='lat' dir='ltr'><strong>et</strong></span> <span class='ocrx_word' id='word_1_203' title='bbox 563 2683 782 2739; x_wconf 87' lang='lat' dir='ltr'><strong>Petrum</strong></span> <span class='ocrx_word' id='word_1_204' title='bbox 808 2683 1077 2752; x_wconf 80' lang='lat' dir='ltr'><strong>increpat,</strong></span> <span class='ocrx_word' id='word_1_205' title='bbox 1095 2683 1358 2753; x_wconf 87' lang='lat' dir='ltr'><strong>jubelque</strong></span> <span class='ocrx_word' id='word_1_206' title='bbox 1380 2695 1599 2735; x_wconf 92' lang='lat' dir='ltr'><strong>crucem</strong></span> <span class='ocrx_word' id='word_1_207' title='bbox 1632 2680 1841 2745; x_wconf 87' lang='lat' dir='ltr'><strong>tollere,</strong></span> <span class='ocrx_word' id='word_1_208' title='bbox 1861 2679 1907 2733; x_wconf 92' lang='lat' dir='ltr'><strong>si</strong></span> <span class='ocrx_word' id='word_1_209' title='bbox 1933 2679 2056 2749; x_wconf 90' lang='lat' dir='ltr'><strong>quis</strong></span> 
     </span>
    </p>
   </div>
   <div class='ocr_carea' id='block_1_30' title="bbox 475 2771 2054 2843">
    <p class='ocr_par' dir='ltr' id='par_1_30' title="bbox 475 2771 2054 2843">
     <span class='ocr_line' id='line_1_30' title="bbox 475 2771 2054 2843; baseline -0.001 -15"><span class='ocrx_word' id='word_1_210' title='bbox 475 2775 607 2828; x_wconf 81' lang='lat' dir='ltr'><strong>velit</strong></span> <span class='ocrx_word' id='word_1_211' title='bbox 639 2790 696 2829; x_wconf 92' lang='lat' dir='ltr'><strong>se</strong></span> <span class='ocrx_word' id='word_1_212' title='bbox 719 2774 895 2843; x_wconf 83' lang='lat' dir='ltr'><strong>sequi.</strong></span> <span class='ocrx_word' id='word_1_213' title='bbox 919 2773 1188 2843; x_wconf 85' lang='lat' dir='ltr'><strong>Loquitur</strong></span> <span class='ocrx_word' id='word_1_214' title='bbox 1217 2781 1270 2828; x_wconf 90' lang='lat' dir='ltr'><strong>et</strong></span> <span class='ocrx_word' id='word_1_215' title='bbox 1305 2773 1372 2827; x_wconf 89' lang='lat' dir='ltr'><strong>de</strong></span> <span class='ocrx_word' id='word_1_216' title='bbox 1399 2771 1642 2827; x_wconf 90' lang='lat' dir='ltr'><strong>secundo</strong></span> <span class='ocrx_word' id='word_1_217' title='bbox 1666 2787 1768 2826; x_wconf 94' lang='lat' dir='ltr'><strong>suo</strong></span> <span class='ocrx_word' id='word_1_218' title='bbox 1798 2771 2054 2826; x_wconf 90' lang='lat' dir='ltr'><strong>adventu.</strong></span> 
     </span>
    </p>
   </div>
   <div class='ocr_carea' id='block_1_31' title="bbox 474 2862 2053 2934">
    <p class='ocr_par' dir='ltr' id='par_1_31' title="bbox 474 2862 2053 2934">
     <span class='ocr_line' id='line_1_31' title="bbox 474 2862 2053 2934; baseline -0.003 -14"><span class='ocrx_word' id='word_1_219' title='bbox 474 2863 738 2920; x_wconf 89' lang='lat' dir='ltr'><strong>Ascendit</strong></span> <span class='ocrx_word' id='word_1_220' title='bbox 768 2867 823 2920; x_wconf 89' lang='lat' dir='ltr'><strong>in</strong></span> <span class='ocrx_word' id='word_1_221' title='bbox 858 2873 1122 2934; x_wconf 78' lang='lat' dir='ltr'><strong>montem,</strong></span> <span class='ocrx_word' id='word_1_222' title='bbox 1157 2864 1249 2919; x_wconf 91' lang='lat' dir='ltr'><strong>ubi</strong></span> <span class='ocrx_word' id='word_1_223' title='bbox 1277 2873 1330 2918; x_wconf 92' lang='lat' dir='ltr'><strong>et</strong></span> <span class='ocrx_word' id='word_1_224' title='bbox 1356 2862 1778 2933; x_wconf 80' lang='lat' dir='ltr'><strong>transfiguratus</strong></span> <span class='ocrx_word' id='word_1_225' title='bbox 1807 2874 1889 2919; x_wconf 91' lang='lat' dir='ltr'><strong>est</strong></span> <span class='ocrx_word' id='word_1_226' title='bbox 1913 2864 2053 2932; x_wconf 86' lang='lat' dir='ltr'><strong>(cap.</strong></span> 
     </span>
    </p>
   </div>
   <div class='ocr_carea' id='block_1_32' title="bbox 474 2955 2055 3028">
    <p class='ocr_par' dir='ltr' id='par_1_32' title="bbox 474 2955 2055 3028">
     <span class='ocr_line' id='line_1_32' title="bbox 474 2955 2055 3028; baseline -0.001 -18"><span class='ocrx_word' id='word_1_227' title='bbox 474 2958 634 3028; x_wconf 78' lang='lat' dir='ltr'><strong>xm).</strong></span> <span class='ocrx_word' id='word_1_228' title='bbox 676 2955 779 3011; x_wconf 86' lang='lat' dir='ltr'><strong>Ubi</strong></span> <span class='ocrx_word' id='word_1_229' title='bbox 810 2957 1192 3022; x_wconf 83' lang='lat' dir='ltr'><strong>descenderat,</strong></span> <span class='ocrx_word' id='word_1_230' title='bbox 1231 2956 1486 3026; x_wconf 83' lang='lat' dir='ltr'><strong>discipuli</strong></span> <span class='ocrx_word' id='word_1_231' title='bbox 1514 2957 1853 3026; x_wconf 79' lang='lat' dir='ltr'><strong>interrogant</strong></span> <span class='ocrx_word' id='word_1_232' title='bbox 1881 2964 1936 3010; x_wconf 90' lang='lat' dir='ltr'><strong>et</strong></span> <span class='ocrx_word' id='word_1_233' title='bbox 1968 2956 2055 3009; x_wconf 92' lang='lat' dir='ltr'><strong>di—</strong></span> 
     </span>
    </p>
   </div>
   <div class='ocr_carea' id='block_1_33' title="bbox 476 3047 2053 3104">
    <p class='ocr_par' dir='ltr' id='par_1_33' title="bbox 476 3047 2053 3104">
     <span class='ocr_line' id='line_1_33' title="bbox 476 3047 2053 3104; baseline -0.001 0"><span class='ocrx_word' id='word_1_234' title='bbox 476 3056 640 3104; x_wconf 90' lang='lat' dir='ltr'><strong>scunt</strong></span> <span class='ocrx_word' id='word_1_235' title='bbox 679 3048 747 3104; x_wconf 86' lang='lat' dir='ltr'><strong>de</strong></span> <span class='ocrx_word' id='word_1_236' title='bbox 797 3047 938 3102; x_wconf 88' lang='lat' dir='ltr'><strong>Elia.</strong></span> <span class='ocrx_word' id='word_1_237' title='bbox 964 3047 1267 3102; x_wconf 81' lang='lat' dir='ltr'><strong>Adducitur</strong></span> <span class='ocrx_word' id='word_1_238' title='bbox 1297 3048 1374 3101; x_wconf 92' lang='lat' dir='ltr'><strong>illi</strong></span> <span class='ocrx_word' id='word_1_239' title='bbox 1410 3048 1683 3102; x_wconf 84' lang='lat' dir='ltr'><strong>lunaticus</strong></span> <span class='ocrx_word' id='word_1_240' title='bbox 1721 3059 1775 3102; x_wconf 90' lang='lat' dir='ltr'><strong>et</strong></span> <span class='ocrx_word' id='word_1_241' title='bbox 1807 3055 2053 3103; x_wconf 88' lang='lat' dir='ltr'><strong>curatur.</strong></span> 
     </span>
    </p>
   </div>
   <div class='ocr_carea' id='block_1_34' title="bbox 2165 557 3738 634">
    <p class='ocr_par' dir='ltr' id='par_1_34' title="bbox 2165 557 3738 634">
     <span class='ocr_line' id='line_1_34' title="bbox 2165 557 3738 634; baseline 0.001 -20"><span class='ocrx_word' id='word_1_242' title='bbox 2165 561 2416 634; x_wconf 85' lang='grc' dir='ltr'>ραϐολαῖς</span> <span class='ocrx_word' id='word_1_243' title='bbox 2468 560 2636 629; x_wconf 90' lang='grc' dir='ltr'>λέγει.</span> <span class='ocrx_word' id='word_1_244' title='bbox 2701 557 2940 611; x_wconf 81' lang='grc' dir='ltr'>Ἐπιλύει</span> <span class='ocrx_word' id='word_1_245' title='bbox 2995 558 3094 628; x_wconf 77' lang='grc' dir='ltr'><strong>τήν</strong></span> <span class='ocrx_word' id='word_1_246' title='bbox 3146 557 3466 631; x_wconf 80' lang='grc' dir='ltr'>παραϐολὴν</span> <span class='ocrx_word' id='word_1_247' title='bbox 3508 557 3738 631; x_wconf 74' lang='grc' dir='ltr'>ταύτην,</span> 
     </span>
    </p>
   </div>
   <div class='ocr_carea' id='block_1_35' title="bbox 2163 650 3740 728">
    <p class='ocr_par' dir='ltr' id='par_1_35' title="bbox 2163 650 3740 728">
     <span class='ocr_line' id='line_1_35' title="bbox 2163 650 3740 728; baseline -0.003 -19"><span class='ocrx_word' id='word_1_248' title='bbox 2163 656 2256 710; x_wconf 77' lang='grc' dir='ltr'>καὶ</span> <span class='ocrx_word' id='word_1_249' title='bbox 2290 654 2614 728; x_wconf 88' lang='grc' dir='ltr'>προστίθησι</span> <span class='ocrx_word' id='word_1_250' title='bbox 2672 654 2770 725; x_wconf 75' lang='grc' dir='ltr'>τὴν</span> <span class='ocrx_word' id='word_1_251' title='bbox 2811 653 2906 706; x_wconf 78' lang='grc' dir='ltr'>τοῦ</span> <span class='ocrx_word' id='word_1_252' title='bbox 2947 652 3246 724; x_wconf 77' lang='grc' dir='ltr'>θησαυροῦ,</span> <span class='ocrx_word' id='word_1_253' title='bbox 3280 653 3380 723; x_wconf 81' lang='grc' dir='ltr'><strong>τὴν</strong></span> <span class='ocrx_word' id='word_1_254' title='bbox 3409 650 3503 704; x_wconf 81' lang='grc' dir='ltr'>τοῦ</span> <span class='ocrx_word' id='word_1_255' title='bbox 3530 667 3740 723; x_wconf 81' lang='grc' dir='ltr'>μαργα-</span> 
     </span>
    </p>
   </div>
   <div class='ocr_carea' id='block_1_36' title="bbox 2165 742 3742 819">
    <p class='ocr_par' dir='ltr' id='par_1_36' title="bbox 2165 742 3742 819">
     <span class='ocr_line' id='line_1_36' title="bbox 2165 742 3742 819; baseline -0.003 -19"><span class='ocrx_word' id='word_1_256' title='bbox 2165 748 2332 819; x_wconf 90' lang='grc' dir='ltr'>ρίτου,</span> <span class='ocrx_word' id='word_1_257' title='bbox 2365 747 2462 818; x_wconf 85' lang='grc' dir='ltr'>τὴν</span> <span class='ocrx_word' id='word_1_258' title='bbox 2493 747 2586 800; x_wconf 78' lang='grc' dir='ltr'>τοῦ</span> <span class='ocrx_word' id='word_1_259' title='bbox 2612 745 2806 818; x_wconf 80' lang='grc' dir='ltr'>ἀγροῦ,</span> <span class='ocrx_word' id='word_1_260' title='bbox 2836 746 2935 817; x_wconf 82' lang='grc' dir='ltr'>τὴν</span> <span class='ocrx_word' id='word_1_261' title='bbox 2959 745 3052 798; x_wconf 77' lang='grc' dir='ltr'>τοῦ</span> <span class='ocrx_word' id='word_1_262' title='bbox 3083 746 3373 810; x_wconf 83' lang='grc' dir='ltr'><strong>σινάπεως,</strong></span> <span class='ocrx_word' id='word_1_263' title='bbox 3405 743 3498 797; x_wconf 83' lang='grc' dir='ltr'>καὶ</span> <span class='ocrx_word' id='word_1_264' title='bbox 3513 743 3614 813; x_wconf 80' lang='grc' dir='ltr'><strong>τὴν</strong></span> <span class='ocrx_word' id='word_1_265' title='bbox 3642 742 3742 811; x_wconf 77' lang='grc' dir='ltr'>τῆς</span> 
     </span>
    </p>
   </div>
   <div class='ocr_carea' id='block_1_37' title="bbox 2162 835 3740 912">
    <p class='ocr_par' dir='ltr' id='par_1_37' title="bbox 2162 835 3740 912">
     <span class='ocr_line' id='line_1_37' title="bbox 2162 835 3740 912; baseline -0.006 -18"><span class='ocrx_word' id='word_1_266' title='bbox 2162 840 2358 912; x_wconf 82' lang='grc' dir='ltr'>ζύμης.</span> <span class='ocrx_word' id='word_1_267' title='bbox 2398 839 2637 893; x_wconf 84' lang='grc' dir='ltr'>Ἐπιλύει</span> <span class='ocrx_word' id='word_1_268' title='bbox 2667 840 2762 910; x_wconf 85' lang='grc' dir='ltr'>τὴν</span> <span class='ocrx_word' id='word_1_269' title='bbox 2791 839 2885 892; x_wconf 81' lang='grc' dir='ltr'>τοῦ</span> <span class='ocrx_word' id='word_1_270' title='bbox 2919 837 3088 910; x_wconf 77' lang='grc' dir='ltr'>ἀγροῦ</span> <span class='ocrx_word' id='word_1_271' title='bbox 3133 840 3190 890; x_wconf 84' lang='grc' dir='ltr'><strong>ὲν</strong></span> <span class='ocrx_word' id='word_1_272' title='bbox 3223 841 3288 909; x_wconf 81' lang='grc' dir='ltr'>τῇ</span> <span class='ocrx_word' id='word_1_273' title='bbox 3321 836 3486 908; x_wconf 80' lang='grc' dir='ltr'>οἰκίᾳ,</span> <span class='ocrx_word' id='word_1_274' title='bbox 3512 835 3740 906; x_wconf 80' lang='grc' dir='ltr'>προστί-</span> 
     </span>
    </p>
   </div>
   <div class='ocr_carea' id='block_1_38' title="bbox 2162 926 3740 1005">
    <p class='ocr_par' dir='ltr' id='par_1_38' title="bbox 2162 926 3740 1005">
     <span class='ocr_line' id='line_1_38' title="bbox 2162 926 3740 1005; baseline -0.004 -21"><span class='ocrx_word' id='word_1_275' title='bbox 2162 931 2286 1003; x_wconf 89' lang='grc' dir='ltr'>θησι</span> <span class='ocrx_word' id='word_1_276' title='bbox 2325 934 2423 1004; x_wconf 79' lang='grc' dir='ltr'><strong>τήν</strong></span> <span class='ocrx_word' id='word_1_277' title='bbox 2473 934 2572 1005; x_wconf 80' lang='grc' dir='ltr'><strong>τῆς</strong></span> <span class='ocrx_word' id='word_1_278' title='bbox 2626 934 2884 1004; x_wconf 83' lang='grc' dir='ltr'><strong>σαγήνης.</strong></span> <span class='ocrx_word' id='word_1_279' title='bbox 2933 929 3242 1000; x_wconf 79' lang='grc' dir='ltr'>Μακαρίζει</span> <span class='ocrx_word' id='word_1_280' title='bbox 3295 931 3420 993; x_wconf 80' lang='grc' dir='ltr'>τοὺς</span> <span class='ocrx_word' id='word_1_281' title='bbox 3469 926 3740 1000; x_wconf 80' lang='grc' dir='ltr'>μαθητάς,</span> 
     </span>
    </p>
   </div>
   <div class='ocr_carea' id='block_1_39' title="bbox 2161 1019 3744 1095">
    <p class='ocr_par' dir='ltr' id='par_1_39' title="bbox 2161 1019 3744 1095">
     <span class='ocr_line' id='line_1_39' title="bbox 2161 1019 3744 1095; baseline -0.004 -20"><span class='ocrx_word' id='word_1_282' title='bbox 2161 1023 2525 1095; x_wconf 83' lang='grc' dir='ltr'>παραϐάλλων</span> <span class='ocrx_word' id='word_1_283' title='bbox 2557 1024 2754 1086; x_wconf 79' lang='grc' dir='ltr'>αὐτοὺς</span> <span class='ocrx_word' id='word_1_284' title='bbox 2784 1022 2936 1094; x_wconf 73' lang='grc' dir='ltr'>ἀνδρὶ</span> <span class='ocrx_word' id='word_1_285' title='bbox 2967 1022 3342 1092; x_wconf 81' lang='grc' dir='ltr'>οἰκοδεσπότῃ.</span> <span class='ocrx_word' id='word_1_286' title='bbox 3380 1021 3644 1090; x_wconf 81' lang='grc' dir='ltr'><strong>Ἔρχεται</strong></span> <span class='ocrx_word' id='word_1_287' title='bbox 3664 1019 3744 1079; x_wconf 55' lang='grc' dir='ltr'>εξ</span> 
     </span>
    </p>
   </div>
   <div class='ocr_carea' id='block_1_40' title="bbox 2157 1109 3740 1183">
    <p class='ocr_par' dir='ltr' id='par_1_40' title="bbox 2157 1109 3740 1183">
     <span class='ocr_line' id='line_1_40' title="bbox 2157 1109 3740 1183; baseline -0.001 -19"><span class='ocrx_word' id='word_1_288' title='bbox 2157 1111 2258 1183; x_wconf 79' lang='grc' dir='ltr'><strong>τήν</strong></span> <span class='ocrx_word' id='word_1_289' title='bbox 2291 1113 2542 1183; x_wconf 78' lang='grc' dir='ltr'>πατρίδα,</span> <span class='ocrx_word' id='word_1_290' title='bbox 2591 1113 2679 1164; x_wconf 80' lang='grc' dir='ltr'><strong>ὅτε</strong></span> <span class='ocrx_word' id='word_1_291' title='bbox 2726 1112 2820 1166; x_wconf 68' lang='grc' dir='ltr'><strong>καὶ</strong></span> <span class='ocrx_word' id='word_1_292' title='bbox 2882 1111 3318 1176; x_wconf 79' lang='grc' dir='ltr'>σκανδαλίζονται</span> <span class='ocrx_word' id='word_1_293' title='bbox 3362 1111 3412 1163; x_wconf 77' lang='grc' dir='ltr'>οἱ</span> <span class='ocrx_word' id='word_1_294' title='bbox 3472 1109 3740 1163; x_wconf 80' lang='grc' dir='ltr'>Ἰουδαῖοι.</span> 
     </span>
    </p>
   </div>
   <div class='ocr_carea' id='block_1_41' title="bbox 2160 1203 3744 1275">
    <p class='ocr_par' dir='ltr' id='par_1_41' title="bbox 2160 1203 3744 1275">
     <span class='ocr_line' id='line_1_41' title="bbox 2160 1203 3744 1275; baseline -0.003 -18"><span class='ocrx_word' id='word_1_295' title='bbox 2160 1205 2295 1258; x_wconf 89' lang='grc' dir='ltr'>Τότε</span> <span class='ocrx_word' id='word_1_296' title='bbox 2321 1205 2501 1272; x_wconf 82' lang='grc' dir='ltr'>λέγει·</span> <span class='ocrx_word' id='word_1_297' title='bbox 2541 1223 2560 1254; x_wconf 70' lang='grc' dir='ltr'><strong>ι</strong></span> <span class='ocrx_word' id='word_1_298' title='bbox 2598 1204 2712 1258; x_wconf 79' lang='grc' dir='ltr'>Οὐκ</span> <span class='ocrx_word' id='word_1_299' title='bbox 2767 1203 2883 1256; x_wconf 78' lang='grc' dir='ltr'>ἔστι</span> <span class='ocrx_word' id='word_1_300' title='bbox 2937 1205 3222 1275; x_wconf 67' lang='grc' dir='ltr'>προφήτης</span> <span class='ocrx_word' id='word_1_301' title='bbox 3269 1203 3464 1274; x_wconf 82' lang='grc' dir='ltr'>ἄτιμος</span> <span class='ocrx_word' id='word_1_302' title='bbox 3499 1204 3548 1257; x_wconf 83' lang='grc' dir='ltr'><strong>εί</strong></span> <span class='ocrx_word' id='word_1_303' title='bbox 3587 1203 3662 1273; x_wconf 82' lang='grc' dir='ltr'>μὴ</span> <span class='ocrx_word' id='word_1_304' title='bbox 3685 1204 3744 1254; x_wconf 82' lang='grc' dir='ltr'>ὲν</span> 
     </span>
    </p>
   </div>
   <div class='ocr_carea' id='block_1_42' title="bbox 2158 1291 3746 1369">
    <p class='ocr_par' dir='ltr' id='par_1_42' title="bbox 2158 1291 3746 1369">
     <span class='ocr_line' id='line_1_42' title="bbox 2158 1291 3746 1369; baseline -0.018 1"><span class='ocrx_word' id='word_1_305' title='bbox 2158 1299 2224 1368; x_wconf 73' lang='grc' dir='ltr'><strong>τῇ</strong></span> <span class='ocrx_word' id='word_1_306' title='bbox 2252 1297 2468 1369; x_wconf 84' lang='grc' dir='ltr'>πατρίδι</span> <span class='ocrx_word' id='word_1_307' title='bbox 2494 1296 2679 1351; x_wconf 76' lang='grc' dir='ltr'>αὐτοῦ.</span> <span class='ocrx_word' id='word_1_308' title='bbox 2720 1315 2738 1347; x_wconf 74' lang='grc' dir='ltr'><strong>ι</strong></span> <span class='ocrx_word' id='word_1_309' title='bbox 2774 1297 2883 1349; x_wconf 76' lang='grc' dir='ltr'>Καὶ</span> <span class='ocrx_word' id='word_1_310' title='bbox 2918 1295 3156 1358; x_wconf 79' lang='grc' dir='ltr'>ἀκούσας</span> <span class='ocrx_word' id='word_1_311' title='bbox 3191 1295 3258 1348; x_wconf 81' lang='grc' dir='ltr'>τὰ</span> <span class='ocrx_word' id='word_1_312' title='bbox 3279 1294 3419 1348; x_wconf 85' lang='grc' dir='ltr'><strong>κατά</strong></span> <span class='ocrx_word' id='word_1_313' title='bbox 3441 1294 3530 1347; x_wconf 80' lang='grc' dir='ltr'>τὸν</span> <span class='ocrx_word' id='word_1_314' title='bbox 3575 1291 3746 1366; x_wconf 81' lang='grc' dir='ltr'><strong>Ἡρώ-</strong></span> 
     </span>
    </p>
   </div>
   <div class='ocr_carea' id='block_1_43' title="bbox 2158 1385 3740 1460">
    <p class='ocr_par' dir='ltr' id='par_1_43' title="bbox 2158 1385 3740 1460">
     <span class='ocr_line' id='line_1_43' title="bbox 2158 1385 3740 1460; baseline -0.001 -19"><span class='ocrx_word' id='word_1_315' title='bbox 2158 1385 2254 1459; x_wconf 87' lang='grc' dir='ltr'><strong>δην</strong></span> <span class='ocrx_word' id='word_1_316' title='bbox 2294 1390 2386 1442; x_wconf 79' lang='grc' dir='ltr'><strong>καὶ</strong></span> <span class='ocrx_word' id='word_1_317' title='bbox 2429 1389 2701 1460; x_wconf 84' lang='grc' dir='ltr'>Ἰωάννην,</span> <span class='ocrx_word' id='word_1_318' title='bbox 2761 1389 3033 1460; x_wconf 81' lang='grc' dir='ltr'>ἀναχωρεῖ</span> <span class='ocrx_word' id='word_1_319' title='bbox 3059 1391 3140 1452; x_wconf 84' lang='grc' dir='ltr'>εἰς</span> <span class='ocrx_word' id='word_1_320' title='bbox 3167 1388 3389 1460; x_wconf 76' lang='grc' dir='ltr'>ἔρημον,</span> <span class='ocrx_word' id='word_1_321' title='bbox 3421 1389 3517 1441; x_wconf 74' lang='grc' dir='ltr'><strong>καὶ</strong></span> <span class='ocrx_word' id='word_1_322' title='bbox 3547 1387 3740 1459; x_wconf 71' lang='grc' dir='ltr'>τρέφει</span> 
     </span>
    </p>
   </div>
   <div class='ocr_carea' id='block_1_44' title="bbox 2158 1479 3742 1552">
    <p class='ocr_par' dir='ltr' id='par_1_44' title="bbox 2158 1479 3742 1552">
     <span class='ocr_line' id='line_1_44' title="bbox 2158 1479 3742 1552; baseline -0.001 -18"><span class='ocrx_word' id='word_1_323' title='bbox 2158 1482 2283 1544; x_wconf 82' lang='grc' dir='ltr'>τοὺς</span> <span class='ocrx_word' id='word_1_324' title='bbox 2353 1481 2846 1552; x_wconf 85' lang='grc' dir='ltr'>πεντακισχιλίους.</span> <span class='ocrx_word' id='word_1_325' title='bbox 2901 1482 3115 1552; x_wconf 80' lang='grc' dir='ltr'>Πέμπει</span> <span class='ocrx_word' id='word_1_326' title='bbox 3183 1483 3310 1543; x_wconf 77' lang='grc' dir='ltr'>τοὺς</span> <span class='ocrx_word' id='word_1_327' title='bbox 3370 1479 3619 1552; x_wconf 84' lang='grc' dir='ltr'>μαθητὰς</span> <span class='ocrx_word' id='word_1_328' title='bbox 3661 1483 3742 1544; x_wconf 83' lang='grc' dir='ltr'>εἰς</span> 
     </span>
    </p>
   </div>
   <div class='ocr_carea' id='block_1_45' title="bbox 2161 1571 3742 1646">
    <p class='ocr_par' dir='ltr' id='par_1_45' title="bbox 2161 1571 3742 1646">
     <span class='ocr_line' id='line_1_45' title="bbox 2161 1571 3742 1646; baseline 0.001 -21"><span class='ocrx_word' id='word_1_329' title='bbox 2161 1573 2367 1628; x_wconf 88' lang='grc' dir='ltr'>πλοῖον.</span> <span class='ocrx_word' id='word_1_330' title='bbox 2410 1573 2722 1645; x_wconf 85' lang='grc' dir='ltr'>Ἀνέρχεται</span> <span class='ocrx_word' id='word_1_331' title='bbox 2758 1576 2837 1637; x_wconf 87' lang='grc' dir='ltr'><strong>είς</strong></span> <span class='ocrx_word' id='word_1_332' title='bbox 2867 1575 2928 1628; x_wconf 86' lang='grc' dir='ltr'><strong>τὸ</strong></span> <span class='ocrx_word' id='word_1_333' title='bbox 2960 1575 3083 1646; x_wconf 76' lang='grc' dir='ltr'>ὅρος</span> <span class='ocrx_word' id='word_1_334' title='bbox 3110 1571 3387 1638; x_wconf 73' lang='grc' dir='ltr'>εὔξασθαι.</span> <span class='ocrx_word' id='word_1_335' title='bbox 3418 1573 3742 1642; x_wconf 74' lang='grc' dir='ltr'>Ἑφίσταται</span> 
     </span>
    </p>
   </div>
   <div class='ocr_carea' id='block_1_46' title="bbox 2159 1663 3742 1737">
    <p class='ocr_par' dir='ltr' id='par_1_46' title="bbox 2159 1663 3742 1737">
     <span class='ocr_line' id='line_1_46' title="bbox 2159 1663 3742 1737; baseline -0.001 -20"><span class='ocrx_word' id='word_1_336' title='bbox 2159 1666 2343 1728; x_wconf 81' lang='grc' dir='ltr'>αὐτοῖς</span> <span class='ocrx_word' id='word_1_337' title='bbox 2368 1666 2562 1730; x_wconf 84' lang='grc' dir='ltr'>νυκτὸς</span> <span class='ocrx_word' id='word_1_338' title='bbox 2607 1666 2862 1720; x_wconf 86' lang='grc' dir='ltr'>πλέουσι·</span> <span class='ocrx_word' id='word_1_339' title='bbox 2906 1666 3118 1737; x_wconf 86' lang='grc' dir='ltr'>δέχεται</span> <span class='ocrx_word' id='word_1_340' title='bbox 3143 1666 3232 1718; x_wconf 78' lang='grc' dir='ltr'><strong>τὸν</strong></span> <span class='ocrx_word' id='word_1_341' title='bbox 3261 1665 3463 1735; x_wconf 80' lang='grc' dir='ltr'>Πέτρον</span> <span class='ocrx_word' id='word_1_342' title='bbox 3495 1663 3592 1716; x_wconf 77' lang='grc' dir='ltr'><strong>ἐπὶ</strong></span> <span class='ocrx_word' id='word_1_343' title='bbox 3628 1663 3742 1717; x_wconf 86' lang='grc' dir='ltr'><strong>τῶν</strong></span> 
     </span>
    </p>
   </div>
   <div class='ocr_carea' id='block_1_47' title="bbox 2158 1753 3740 1830">
    <p class='ocr_par' dir='ltr' id='par_1_47' title="bbox 2158 1753 3740 1830">
     <span class='ocr_line' id='line_1_47' title="bbox 2158 1753 3740 1830; baseline -0.003 -20"><span class='ocrx_word' id='word_1_344' title='bbox 2158 1757 2382 1811; x_wconf 82' lang='grc' dir='ltr'>ὑδάτων.</span> <span class='ocrx_word' id='word_1_345' title='bbox 2452 1759 2710 1830; x_wconf 85' lang='grc' dir='ltr'>Ἔρχεται</span> <span class='ocrx_word' id='word_1_346' title='bbox 2774 1760 2852 1821; x_wconf 88' lang='grc' dir='ltr'><strong>είς</strong></span> <span class='ocrx_word' id='word_1_347' title='bbox 2901 1757 3264 1828; x_wconf 85' lang='grc' dir='ltr'>Γεννησαρέτ.</span> <span class='ocrx_word' id='word_1_348' title='bbox 3331 1753 3740 1829; x_wconf 81' lang='grc' dir='ltr'>Θεραπεύονται</span> 
     </span>
    </p>
   </div>
   <div class='ocr_carea' id='block_1_48' title="bbox 2159 1845 3740 1918">
    <p class='ocr_par' dir='ltr' id='par_1_48' title="bbox 2159 1845 3740 1918">
     <span class='ocr_line' id='line_1_48' title="bbox 2159 1845 3740 1918; baseline -0.001 -20"><span class='ocrx_word' id='word_1_349' title='bbox 2159 1846 2362 1898; x_wconf 89' lang='grc' dir='ltr'>πολλοί.</span> <span class='ocrx_word' id='word_1_350' title='bbox 2399 1845 2715 1915; x_wconf 82' lang='grc' dir='ltr'>Ἐγκαλοῦσι</span> <span class='ocrx_word' id='word_1_351' title='bbox 2751 1848 3031 1918; x_wconf 86' lang='grc' dir='ltr'>Φαρισαῖοι</span> <span class='ocrx_word' id='word_1_352' title='bbox 3078 1845 3205 1916; x_wconf 71' lang='grc' dir='ltr'>περὶ</span> <span class='ocrx_word' id='word_1_353' title='bbox 3240 1845 3551 1915; x_wconf 75' lang='grc' dir='ltr'>καθαρσίων</span> <span class='ocrx_word' id='word_1_354' title='bbox 3572 1861 3586 1874; x_wconf 89' lang='grc'><strong>·</strong></span> <span class='ocrx_word' id='word_1_355' title='bbox 3616 1847 3740 1898; x_wconf 81' lang='grc' dir='ltr'>ἑπι-</span> 
     </span>
    </p>
   </div>
   <div class='ocr_carea' id='block_1_49' title="bbox 2159 1935 3744 2010">
    <p class='ocr_par' dir='ltr' id='par_1_49' title="bbox 2159 1935 3744 2010">
     <span class='ocr_line' id='line_1_49' title="bbox 2159 1935 3744 2010; baseline -0.003 -17"><span class='ocrx_word' id='word_1_356' title='bbox 2159 1940 2403 2010; x_wconf 80' lang='grc' dir='ltr'>στομίζει</span> <span class='ocrx_word' id='word_1_357' title='bbox 2429 1941 2671 2004; x_wconf 75' lang='grc' dir='ltr'><strong>τούτους,</strong></span> <span class='ocrx_word' id='word_1_358' title='bbox 2699 1939 2794 1993; x_wconf 70' lang='grc' dir='ltr'><strong>καὶ</strong></span> <span class='ocrx_word' id='word_1_359' title='bbox 2825 1939 3062 1992; x_wconf 85' lang='grc' dir='ltr'>διδάσκει</span> <span class='ocrx_word' id='word_1_360' title='bbox 3091 1939 3215 2001; x_wconf 78' lang='grc' dir='ltr'>τοὺς</span> <span class='ocrx_word' id='word_1_361' title='bbox 3239 1937 3430 2007; x_wconf 78' lang='grc' dir='ltr'>ὄχλους</span> <span class='ocrx_word' id='word_1_362' title='bbox 3454 1937 3585 2008; x_wconf 80' lang='grc' dir='ltr'>περὶ</span> <span class='ocrx_word' id='word_1_363' title='bbox 3605 1935 3744 2008; x_wconf 83' lang='grc' dir='ltr'>βρω-</span> 
     </span>
    </p>
   </div>
   <div class='ocr_carea' id='block_1_50' title="bbox 2161 2029 3745 2104">
    <p class='ocr_par' dir='ltr' id='par_1_50' title="bbox 2161 2029 3745 2104">
     <span class='ocr_line' id='line_1_50' title="bbox 2161 2029 3745 2104; baseline -0.001 -18"><span class='ocrx_word' id='word_1_364' title='bbox 2161 2033 2365 2103; x_wconf 84' lang='grc' dir='ltr'>μάτων.</span> <span class='ocrx_word' id='word_1_365' title='bbox 2433 2033 2641 2104; x_wconf 80' lang='grc' dir='ltr'>Ἐρωτᾷ</span> <span class='ocrx_word' id='word_1_366' title='bbox 2695 2031 2900 2102; x_wconf 77' lang='grc' dir='ltr'>Πέτρος</span> <span class='ocrx_word' id='word_1_367' title='bbox 2951 2031 3077 2103; x_wconf 80' lang='grc' dir='ltr'>περὶ</span> <span class='ocrx_word' id='word_1_368' title='bbox 3119 2029 3226 2084; x_wconf 87' lang='grc' dir='ltr'><strong>τῶν</strong></span> <span class='ocrx_word' id='word_1_369' title='bbox 3265 2030 3594 2101; x_wconf 78' lang='grc' dir='ltr'>εἰρημένων,</span> <span class='ocrx_word' id='word_1_370' title='bbox 3646 2030 3745 2085; x_wconf 76' lang='grc' dir='ltr'>καὶ</span> 
     </span>
    </p>
   </div>
   <div class='ocr_carea' id='block_1_51' title="bbox 2160 2119 3739 2197">
    <p class='ocr_par' dir='ltr' id='par_1_51' title="bbox 2160 2119 3739 2197">
     <span class='ocr_line' id='line_1_51' title="bbox 2160 2119 3739 2197; baseline -0.002 -18"><span class='ocrx_word' id='word_1_371' title='bbox 2160 2126 2494 2197; x_wconf 73' lang='grc' dir='ltr'>σαφέστερον</span> <span class='ocrx_word' id='word_1_372' title='bbox 2511 2125 2905 2197; x_wconf 79' lang='grc' dir='ltr'>ἐπεξέρχεταιὸ</span> <span class='ocrx_word' id='word_1_373' title='bbox 2927 2125 3176 2196; x_wconf 87' lang='grc' dir='ltr'>Χριστός.</span> <span class='ocrx_word' id='word_1_374' title='bbox 3195 2119 3398 2178; x_wconf 83' lang='grc' dir='ltr'>Ἦλθεν</span> <span class='ocrx_word' id='word_1_375' title='bbox 3431 2125 3511 2188; x_wconf 84' lang='grc' dir='ltr'><strong>είς</strong></span> <span class='ocrx_word' id='word_1_376' title='bbox 3539 2123 3739 2194; x_wconf 80' lang='grc' dir='ltr'>Τύρον,</span> 
     </span>
    </p>
   </div>
   <div class='ocr_carea' id='block_1_52' title="bbox 2158 2217 3744 2290">
    <p class='ocr_par' dir='ltr' id='par_1_52' title="bbox 2158 2217 3744 2290">
     <span class='ocr_line' id='line_1_52' title="bbox 2158 2217 3744 2290; baseline -0.001 -18"><span class='ocrx_word' id='word_1_377' title='bbox 2158 2220 2252 2272; x_wconf 73' lang='grc' dir='ltr'><strong>καὶ</strong></span> <span class='ocrx_word' id='word_1_378' title='bbox 2279 2218 2638 2290; x_wconf 83' lang='grc' dir='ltr'>προσέρχεται</span> <span class='ocrx_word' id='word_1_379' title='bbox 2696 2221 2730 2289; x_wconf 86' lang='grc' dir='ltr'><strong>ή</strong></span> <span class='ocrx_word' id='word_1_380' title='bbox 2791 2217 3094 2274; x_wconf 89' lang='grc' dir='ltr'>Χαναναία.</span> <span class='ocrx_word' id='word_1_381' title='bbox 3152 2218 3390 2271; x_wconf 83' lang='grc' dir='ltr'>Ἐκεῖθεν</span> <span class='ocrx_word' id='word_1_382' title='bbox 3420 2220 3500 2282; x_wconf 87' lang='grc' dir='ltr'>εἰς</span> <span class='ocrx_word' id='word_1_383' title='bbox 3523 2217 3586 2271; x_wconf 70' lang='grc' dir='ltr'><strong>τὸ</strong></span> <span class='ocrx_word' id='word_1_384' title='bbox 3617 2219 3744 2289; x_wconf 82' lang='grc' dir='ltr'>ὅρος</span> 
     </span>
    </p>
   </div>
   <div class='ocr_carea' id='block_1_53' title="bbox 2156 2307 3744 2383">
    <p class='ocr_par' dir='ltr' id='par_1_53' title="bbox 2156 2307 3744 2383">
     <span class='ocr_line' id='line_1_53' title="bbox 2156 2307 3744 2383; baseline 0 -21"><span class='ocrx_word' id='word_1_385' title='bbox 2156 2309 2218 2363; x_wconf 79' lang='grc' dir='ltr'>τὸ</span> <span class='ocrx_word' id='word_1_386' title='bbox 2246 2309 2399 2381; x_wconf 76' lang='grc' dir='ltr'>παρὰ</span> <span class='ocrx_word' id='word_1_387' title='bbox 2421 2310 2518 2382; x_wconf 81' lang='grc' dir='ltr'>τὴν</span> <span class='ocrx_word' id='word_1_388' title='bbox 2550 2309 2846 2373; x_wconf 86' lang='grc' dir='ltr'>θάλασσαν,</span> <span class='ocrx_word' id='word_1_389' title='bbox 2881 2311 2974 2365; x_wconf 75' lang='grc' dir='ltr'><strong>καὶ</strong></span> <span class='ocrx_word' id='word_1_390' title='bbox 3008 2307 3298 2383; x_wconf 79' lang='grc' dir='ltr'>θεραπεύει</span> <span class='ocrx_word' id='word_1_391' title='bbox 3327 2308 3576 2374; x_wconf 83' lang='grc' dir='ltr'>πολλούς.</span> <span class='ocrx_word' id='word_1_392' title='bbox 3605 2310 3744 2381; x_wconf 85' lang='grc' dir='ltr'>Τρέ-</span> 
     </span>
    </p>
   </div>
   <div class='ocr_carea' id='block_1_54' title="bbox 2159 2395 3740 2474">
    <p class='ocr_par' dir='ltr' id='par_1_54' title="bbox 2159 2395 3740 2474">
     <span class='ocr_line' id='line_1_54' title="bbox 2159 2395 3740 2474; baseline -0.001 -20"><span class='ocrx_word' id='word_1_393' title='bbox 2159 2419 2248 2472; x_wconf 85' lang='grc' dir='ltr'>φει</span> <span class='ocrx_word' id='word_1_394' title='bbox 2273 2404 2399 2466; x_wconf 83' lang='grc' dir='ltr'>τοὺς</span> <span class='ocrx_word' id='word_1_395' title='bbox 2418 2401 2882 2474; x_wconf 79' lang='grc' dir='ltr'>τετρακισχιλίους</span> <span class='ocrx_word' id='word_1_396' title='bbox 2897 2401 3113 2473; x_wconf 83' lang='grc' dir='ltr'>ἄνδρας.</span> <span class='ocrx_word' id='word_1_397' title='bbox 3133 2395 3335 2453; x_wconf 70' lang='grc' dir='ltr'>τΗλθεν</span> <span class='ocrx_word' id='word_1_398' title='bbox 3359 2402 3436 2464; x_wconf 84' lang='grc' dir='ltr'><strong>είς</strong></span> <span class='ocrx_word' id='word_1_399' title='bbox 3451 2399 3740 2468; x_wconf 85' lang='grc' dir='ltr'>Μαγδαλά.</span> 
     </span>
    </p>
   </div>
   <div class='ocr_carea' id='block_1_55' title="bbox 2171 2493 3744 2568">
    <p class='ocr_par' dir='ltr' id='par_1_55' title="bbox 2171 2493 3744 2568">
     <span class='ocr_line' id='line_1_55' title="bbox 2171 2493 3744 2568; baseline -0.002 -19"><span class='ocrx_word' id='word_1_400' title='bbox 2171 2495 2443 2567; x_wconf 82' lang='grc' dir='ltr'>Ἐρωτῶσι</span> <span class='ocrx_word' id='word_1_401' title='bbox 2503 2499 2728 2568; x_wconf 86' lang='grc' dir='ltr'>σημεῖον</span> <span class='ocrx_word' id='word_1_402' title='bbox 2764 2497 2812 2548; x_wconf 88' lang='grc' dir='ltr'><strong>οί</strong></span> <span class='ocrx_word' id='word_1_403' title='bbox 2880 2496 3139 2548; x_wconf 86' lang='grc' dir='ltr'>Ἰουδαῖοι.</span> <span class='ocrx_word' id='word_1_404' title='bbox 3203 2496 3261 2548; x_wconf 84' lang='grc' dir='ltr'><strong>Ὀ</strong></span> <span class='ocrx_word' id='word_1_405' title='bbox 3317 2495 3373 2548; x_wconf 86' lang='grc' dir='ltr'>δὲ</span> <span class='ocrx_word' id='word_1_406' title='bbox 3425 2493 3744 2548; x_wconf 81' lang='grc' dir='ltr'>καταλιπὼν</span> 
     </span>
    </p>
   </div>
   <div class='ocr_carea' id='block_1_56' title="bbox 2157 2586 3744 2661">
    <p class='ocr_par' dir='ltr' id='par_1_56' title="bbox 2157 2586 3744 2661">
     <span class='ocr_line' id='line_1_56' title="bbox 2157 2586 3744 2661; baseline -0.003 -19"><span class='ocrx_word' id='word_1_407' title='bbox 2157 2589 2396 2661; x_wconf 80' lang='grc' dir='ltr'>ἀπῆλθεν</span> <span class='ocrx_word' id='word_1_408' title='bbox 2418 2590 2498 2653; x_wconf 89' lang='grc' dir='ltr'>εἰς</span> <span class='ocrx_word' id='word_1_409' title='bbox 2529 2590 2589 2642; x_wconf 85' lang='grc' dir='ltr'><strong>τὸ</strong></span> <span class='ocrx_word' id='word_1_410' title='bbox 2617 2589 2810 2660; x_wconf 89' lang='grc' dir='ltr'>πέραν.</span> <span class='ocrx_word' id='word_1_411' title='bbox 2838 2589 2902 2640; x_wconf 91' lang='grc' dir='ltr'>Οί</span> <span class='ocrx_word' id='word_1_412' title='bbox 2925 2587 3159 2659; x_wconf 70' lang='grc' dir='ltr'>μαθηταὶ</span> <span class='ocrx_word' id='word_1_413' title='bbox 3185 2586 3510 2640; x_wconf 83' lang='grc' dir='ltr'>ἐπελάθοντο</span> <span class='ocrx_word' id='word_1_414' title='bbox 3540 2588 3744 2657; x_wconf 81' lang='grc' dir='ltr'>ἄρτους</span> 
     </span>
    </p>
   </div>
   <div class='ocr_carea' id='block_1_57' title="bbox 2156 2678 3741 2752">
    <p class='ocr_par' dir='ltr' id='par_1_57' title="bbox 2156 2678 3741 2752">
     <span class='ocr_line' id='line_1_57' title="bbox 2156 2678 3741 2752; baseline 0 -19"><span class='ocrx_word' id='word_1_415' title='bbox 2156 2679 2340 2735; x_wconf 86' lang='grc' dir='ltr'>λαϐεῖν</span> <span class='ocrx_word' id='word_1_416' title='bbox 2362 2699 2374 2711; x_wconf 91' lang='grc'><strong>·</strong></span> <span class='ocrx_word' id='word_1_417' title='bbox 2415 2681 2562 2751; x_wconf 85' lang='grc' dir='ltr'>λέγει</span> <span class='ocrx_word' id='word_1_418' title='bbox 2590 2682 2772 2744; x_wconf 78' lang='grc' dir='ltr'>αὐτοῖς</span> <span class='ocrx_word' id='word_1_419' title='bbox 2805 2681 2932 2750; x_wconf 78' lang='grc' dir='ltr'>περὶ</span> <span class='ocrx_word' id='word_1_420' title='bbox 2958 2681 3056 2752; x_wconf 85' lang='grc' dir='ltr'>τῆς</span> <span class='ocrx_word' id='word_1_421' title='bbox 3086 2680 3263 2751; x_wconf 79' lang='grc' dir='ltr'>ζύμης</span> <span class='ocrx_word' id='word_1_422' title='bbox 3276 2680 3383 2732; x_wconf 89' lang='grc' dir='ltr'><strong>τῶν</strong></span> <span class='ocrx_word' id='word_1_423' title='bbox 3409 2678 3741 2750; x_wconf 75' lang='grc' dir='ltr'>Φαρισαίων.</span> 
     </span>
    </p>
   </div>
   <div class='ocr_carea' id='block_1_58' title="bbox 2170 2767 3744 2843">
    <p class='ocr_par' dir='ltr' id='par_1_58' title="bbox 2170 2767 3744 2843">
     <span class='ocr_line' id='line_1_58' title="bbox 2170 2767 3744 2843; baseline -0.003 -18"><span class='ocrx_word' id='word_1_424' title='bbox 2170 2771 2480 2843; x_wconf 80' lang='grc' dir='ltr'>Ἐξέρχεται</span> <span class='ocrx_word' id='word_1_425' title='bbox 2533 2774 2614 2835; x_wconf 83' lang='grc' dir='ltr'><strong>εἰς</strong></span> <span class='ocrx_word' id='word_1_426' title='bbox 2647 2770 3005 2840; x_wconf 82' lang='grc' dir='ltr'>Καισάρειαν.</span> <span class='ocrx_word' id='word_1_427' title='bbox 3057 2771 3267 2840; x_wconf 78' lang='grc' dir='ltr'>Ἐρωτᾷ</span> <span class='ocrx_word' id='word_1_428' title='bbox 3315 2770 3442 2832; x_wconf 81' lang='grc' dir='ltr'>τοὺς</span> <span class='ocrx_word' id='word_1_429' title='bbox 3491 2767 3744 2838; x_wconf 76' lang='grc' dir='ltr'>μαθητάς</span> 
     </span>
    </p>
   </div>
   <div class='ocr_carea' id='block_1_59' title="bbox 2157 2861 3744 2936">
    <p class='ocr_par' dir='ltr' id='par_1_59' title="bbox 2157 2861 3744 2936">
     <span class='ocr_line' id='line_1_59' title="bbox 2157 2861 3744 2936; baseline -0.003 -19"><span class='ocrx_word' id='word_1_430' title='bbox 2157 2865 2286 2936; x_wconf 74' lang='grc' dir='ltr'>περὶ</span> <span class='ocrx_word' id='word_1_431' title='bbox 2339 2864 2564 2917; x_wconf 80' lang='grc' dir='ltr'>ἑαυτοῦ·</span> <span class='ocrx_word' id='word_1_432' title='bbox 2615 2862 2867 2933; x_wconf 87' lang='grc' dir='ltr'>ὁμολογεῖ</span> <span class='ocrx_word' id='word_1_433' title='bbox 2919 2861 3079 2915; x_wconf 79' lang='grc' dir='ltr'>αὐτὸν</span> <span class='ocrx_word' id='word_1_434' title='bbox 3111 2863 3139 2914; x_wconf 87' lang='grc' dir='ltr'>ὁ</span> <span class='ocrx_word' id='word_1_435' title='bbox 3173 2861 3398 2930; x_wconf 84' lang='grc' dir='ltr'>Πέτρος.</span> <span class='ocrx_word' id='word_1_436' title='bbox 3437 2861 3571 2913; x_wconf 85' lang='grc' dir='ltr'>Τότε</span> <span class='ocrx_word' id='word_1_437' title='bbox 3605 2876 3744 2928; x_wconf 71' lang='grc' dir='ltr'>προσ</span> 
     </span>
    </p>
   </div>
   <div class='ocr_carea' id='block_1_60' title="bbox 2156 2952 3745 3026">
    <p class='ocr_par' dir='ltr' id='par_1_60' title="bbox 2156 2952 3745 3026">
     <span class='ocr_line' id='line_1_60' title="bbox 2156 2952 3745 3026; baseline -0.003 -17"><span class='ocrx_word' id='word_1_438' title='bbox 2156 2955 2304 3025; x_wconf 82' lang='grc' dir='ltr'>λέγει</span> <span class='ocrx_word' id='word_1_439' title='bbox 2356 2956 2486 3026; x_wconf 81' lang='grc' dir='ltr'>περὶ</span> <span class='ocrx_word' id='word_1_440' title='bbox 2541 2953 2635 3009; x_wconf 84' lang='grc' dir='ltr'>τοῦ</span> <span class='ocrx_word' id='word_1_441' title='bbox 2695 2953 2922 3017; x_wconf 83' lang='grc' dir='ltr'>πάθους,</span> <span class='ocrx_word' id='word_1_442' title='bbox 2982 2952 3078 3006; x_wconf 73' lang='grc' dir='ltr'><strong>καὶ</strong></span> <span class='ocrx_word' id='word_1_443' title='bbox 3125 2953 3355 3024; x_wconf 77' lang='grc' dir='ltr'>ἐπιτιμᾷ</span> <span class='ocrx_word' id='word_1_444' title='bbox 3397 2953 3614 3024; x_wconf 81' lang='grc' dir='ltr'>Πέτρῳ,</span> <span class='ocrx_word' id='word_1_445' title='bbox 3648 2955 3745 3006; x_wconf 78' lang='grc' dir='ltr'>καὶ</span> 
     </span>
    </p>
   </div>
   <div class='ocr_carea' id='block_1_61' title="bbox 2156 3040 3743 3118">
    <p class='ocr_par' dir='ltr' id='par_1_61' title="bbox 2156 3040 3743 3118">
     <span class='ocr_line' id='line_1_61' title="bbox 2156 3040 3743 3118; baseline -0.002 -17"><span class='ocrx_word' id='word_1_446' title='bbox 2156 3046 2470 3102; x_wconf 81' lang='grc' dir='ltr'>κελεύειτὸν</span> <span class='ocrx_word' id='word_1_447' title='bbox 2496 3045 2814 3118; x_wconf 86' lang='grc' dir='ltr'>βουλόμενον</span> <span class='ocrx_word' id='word_1_448' title='bbox 2841 3043 3154 3098; x_wconf 86' lang='grc' dir='ltr'>ἀκολουθεῖν</span> <span class='ocrx_word' id='word_1_449' title='bbox 3196 3040 3327 3115; x_wconf 84' lang='grc' dir='ltr'>ἆραι</span> <span class='ocrx_word' id='word_1_450' title='bbox 3360 3044 3450 3098; x_wconf 77' lang='grc' dir='ltr'><strong>τὸν</strong></span> <span class='ocrx_word' id='word_1_451' title='bbox 3481 3045 3743 3115; x_wconf 86' lang='grc' dir='ltr'>σταυρόν.</span> 
     </span>
    </p>
   </div>
   <div class='ocr_carea' id='block_1_62' title="bbox 475 3134 2056 3221">
    <p class='ocr_par' dir='ltr' id='par_1_62' title="bbox 475 3134 2054 3208">
     <span class='ocr_line' id='line_1_62' title="bbox 475 3134 2054 3208; baseline 0.003 -20"><span class='ocrx_word' id='word_1_452' title='bbox 475 3136 786 3205; x_wconf 77' lang='lat' dir='ltr'><strong>Exprobrat</strong></span> <span class='ocrx_word' id='word_1_453' title='bbox 825 3135 1132 3205; x_wconf 84' lang='lat' dir='ltr'><strong>discipulis.</strong></span> <span class='ocrx_word' id='word_1_454' title='bbox 1165 3135 1222 3190; x_wconf 85' lang='lat' dir='ltr'><strong>In</strong></span> <span class='ocrx_word' id='word_1_455' title='bbox 1258 3134 1476 3191; x_wconf 73' lang='lat' dir='ltr'><strong>Galilzea</strong></span> <span class='ocrx_word' id='word_1_456' title='bbox 1537 3136 1646 3192; x_wconf 88' lang='lat' dir='ltr'><strong>illis</strong></span> <span class='ocrx_word' id='word_1_457' title='bbox 1701 3137 1768 3192; x_wconf 89' lang='lat' dir='ltr'><strong>de</strong></span> <span class='ocrx_word' id='word_1_458' title='bbox 1799 3138 2054 3208; x_wconf 89' lang='lat' dir='ltr'><strong>passione</strong></span> 
     </span>
    </p>
   </div>
   <div class='ocr_carea' id='block_1_63' title="bbox 2159 3134 3746 3221">
    <p class='ocr_par' dir='ltr' id='par_1_63' title="bbox 2159 3136 3746 3210">
     <span class='ocr_line' id='line_1_63' title="bbox 2159 3136 3746 3210; baseline -0.003 -17"><span class='ocrx_word' id='word_1_459' title='bbox 2159 3141 2320 3209; x_wconf 86' lang='grc' dir='ltr'>Λέγει</span> <span class='ocrx_word' id='word_1_460' title='bbox 2351 3140 2442 3193; x_wconf 68' lang='grc' dir='ltr'><strong>καὶ</strong></span> <span class='ocrx_word' id='word_1_461' title='bbox 2463 3139 2590 3210; x_wconf 69' lang='grc' dir='ltr'>περὶ</span> <span class='ocrx_word' id='word_1_462' title='bbox 2612 3139 2711 3209; x_wconf 86' lang='grc' dir='ltr'>τῆς</span> <span class='ocrx_word' id='word_1_463' title='bbox 2738 3137 2995 3210; x_wconf 83' lang='grc' dir='ltr'>δευτέρας</span> <span class='ocrx_word' id='word_1_464' title='bbox 3024 3137 3322 3209; x_wconf 84' lang='grc' dir='ltr'>παρουσίας</span> <span class='ocrx_word' id='word_1_465' title='bbox 3344 3136 3530 3190; x_wconf 80' lang='grc' dir='ltr'>αὑτοῦ.</span> <span class='ocrx_word' id='word_1_466' title='bbox 3563 3138 3746 3189; x_wconf 77' lang='grc' dir='ltr'>Ἂνει·</span> 
     </span>
    </p>
   </div>
   <div class='ocr_carea' id='block_1_64' title="bbox 475 3227 2058 3301">
    <p class='ocr_par' dir='ltr' id='par_1_64' title="bbox 475 3227 2058 3301">
     <span class='ocr_line' id='line_1_64' title="bbox 475 3227 2058 3301; baseline 0.001 -17"><span class='ocrx_word' id='word_1_467' title='bbox 475 3243 575 3284; x_wconf 85' lang='lat' dir='ltr'><strong>sua</strong></span> <span class='ocrx_word' id='word_1_468' title='bbox 603 3228 867 3298; x_wconf 89' lang='lat' dir='ltr'><strong>loquitur.</strong></span> <span class='ocrx_word' id='word_1_469' title='bbox 904 3228 1189 3284; x_wconf 83' lang='lat' dir='ltr'><strong>Accedunt</strong></span> <span class='ocrx_word' id='word_1_470' title='bbox 1227 3227 1294 3283; x_wconf 90' lang='lat' dir='ltr'><strong>ad</strong></span> <span class='ocrx_word' id='word_1_471' title='bbox 1323 3245 1446 3284; x_wconf 88' lang='lat' dir='ltr'><strong>eum</strong></span> <span class='ocrx_word' id='word_1_472' title='bbox 1480 3228 1823 3300; x_wconf 90' lang='lat' dir='ltr'><strong>Capernaum</strong></span> <span class='ocrx_word' id='word_1_473' title='bbox 1855 3230 1947 3301; x_wconf 88' lang='lat' dir='ltr'><strong>qui</strong></span> <span class='ocrx_word' id='word_1_474' title='bbox 1979 3231 2058 3285; x_wconf 88' lang='lat' dir='ltr'><strong>di-</strong></span> 
     </span>
    </p>
   </div>
   <div class='ocr_carea' id='block_1_65' title="bbox 476 3319 2058 3392">
    <p class='ocr_par' dir='ltr' id='par_1_65' title="bbox 476 3319 2058 3392">
     <span class='ocr_line' id='line_1_65' title="bbox 476 3319 2058 3392; baseline 0.002 -18"><span class='ocrx_word' id='word_1_475' title='bbox 476 3319 736 3374; x_wconf 87' lang='lat' dir='ltr'><strong>draclnna</strong></span> <span class='ocrx_word' id='word_1_476' title='bbox 761 3321 1120 3389; x_wconf 85' lang='lat' dir='ltr'><strong>accipiebant.</strong></span> <span class='ocrx_word' id='word_1_477' title='bbox 1148 3319 1546 3375; x_wconf 88' lang='lat' dir='ltr'><strong>Percontantur</strong></span> <span class='ocrx_word' id='word_1_478' title='bbox 1575 3321 1854 3392; x_wconf 90' lang='lat' dir='ltr'><strong>discipuli,</strong></span> <span class='ocrx_word' id='word_1_479' title='bbox 1881 3340 1899 3372; x_wconf 81' lang='grc' dir='ltr'><strong>ι</strong></span> <span class='ocrx_word' id='word_1_480' title='bbox 1921 3320 2058 3388; x_wconf 86' lang='lat' dir='ltr'><strong>Quis</strong></span> 
     </span>
    </p>
   </div>
   <div class='ocr_carea' id='block_1_66' title="bbox 473 3411 2059 3484">
    <p class='ocr_par' dir='ltr' id='par_1_66' title="bbox 473 3411 2059 3484">
     <span class='ocr_line' id='line_1_66' title="bbox 473 3411 2059 3484; baseline 0.003 -19"><span class='ocrx_word' id='word_1_481' title='bbox 473 3412 653 3480; x_wconf 85' lang='lat' dir='ltr'><strong>major</strong></span> <span class='ocrx_word' id='word_1_482' title='bbox 677 3412 815 3484; x_wconf 84' lang='lat' dir='ltr'><strong>(cap.</strong></span> <span class='ocrx_word' id='word_1_483' title='bbox 852 3411 1046 3483; x_wconf 81' lang='lat' dir='ltr'><strong>xviii)?</strong></span> <span class='ocrx_word' id='word_1_484' title='bbox 1089 3433 1106 3463; x_wconf 74' lang='grc' dir='ltr'><strong>ι</strong></span> <span class='ocrx_word' id='word_1_485' title='bbox 1150 3411 1304 3467; x_wconf 86' lang='lat' dir='ltr'><strong>Tunc</strong></span> <span class='ocrx_word' id='word_1_486' title='bbox 1338 3414 1602 3468; x_wconf 86' lang='lat' dir='ltr'><strong>advocato</strong></span> <span class='ocrx_word' id='word_1_487' title='bbox 1647 3414 1713 3468; x_wconf 91' lang='lat' dir='ltr'><strong>ad</strong></span> <span class='ocrx_word' id='word_1_488' title='bbox 1745 3429 1803 3468; x_wconf 87' lang='lat' dir='ltr'><strong>se</strong></span> <span class='ocrx_word' id='word_1_489' title='bbox 1833 3417 2059 3484; x_wconf 88' lang='lat' dir='ltr'><strong>parvulo</strong></span> 
     </span>
    </p>
   </div>
   <div class='ocr_carea' id='block_1_67' title="bbox 473 3504 2057 3578">
    <p class='ocr_par' dir='ltr' id='par_1_67' title="bbox 473 3504 2057 3578">
     <span class='ocr_line' id='line_1_67' title="bbox 473 3504 2057 3578; baseline 0.001 -18"><span class='ocrx_word' id='word_1_490' title='bbox 473 3505 644 3560; x_wconf 86' lang='lat' dir='ltr'><strong>dicit:</strong></span> <span class='ocrx_word' id='word_1_491' title='bbox 694 3523 713 3555; x_wconf 87' lang='grc'><em>‹</em></span> <span class='ocrx_word' id='word_1_492' title='bbox 755 3504 1080 3573; x_wconf 81' lang='lat' dir='ltr'><strong>Quicunque</strong></span> <span class='ocrx_word' id='word_1_493' title='bbox 1139 3505 1595 3560; x_wconf 85' lang='lat' dir='ltr'><strong>scandalizaverit</strong></span> <span class='ocrx_word' id='word_1_494' title='bbox 1631 3523 1799 3561; x_wconf 91' lang='lat' dir='ltr'><strong>unum</strong></span> <span class='ocrx_word' id='word_1_495' title='bbox 1828 3523 1891 3562; x_wconf 76' lang='lat' dir='ltr'><strong>ex</strong></span> <span class='ocrx_word' id='word_1_496' title='bbox 1927 3523 2057 3578; x_wconf 88' lang='lat' dir='ltr'><strong>par-</strong></span> 
     </span>
    </p>
   </div>
   <div class='ocr_carea' id='block_1_68' title="bbox 475 3595 2058 3662">
    <p class='ocr_par' dir='ltr' id='par_1_68' title="bbox 475 3595 2058 3662">
     <span class='ocr_line' id='line_1_68' title="bbox 475 3595 2058 3662; baseline 0.001 -11"><span class='ocrx_word' id='word_1_497' title='bbox 475 3598 618 3651; x_wconf 71' lang='lat' dir='ltr'><strong>vulis</strong></span> <span class='ocrx_word' id='word_1_498' title='bbox 645 3597 766 3652; x_wconf 91' lang='lat' dir='ltr'><strong>istis</strong></span> <span class='ocrx_word' id='word_1_499' title='bbox 797 3598 863 3661; x_wconf 87' lang='grc'>⁵⁷,</span> <span class='ocrx_word' id='word_1_500' title='bbox 888 3617 905 3648; x_wconf 78' lang='grc' dir='ltr'><strong>ι</strong></span> <span class='ocrx_word' id='word_1_501' title='bbox 945 3605 1052 3652; x_wconf 90' lang='lat' dir='ltr'><strong>etc.</strong></span> <span class='ocrx_word' id='word_1_502' title='bbox 1085 3596 1148 3650; x_wconf 83' lang='lat' dir='ltr'><strong>Et</strong></span> <span class='ocrx_word' id='word_1_503' title='bbox 1183 3615 1195 3650; x_wconf 92' lang='lat'><strong>:</strong></span> <span class='ocrx_word' id='word_1_504' title='bbox 1228 3614 1246 3646; x_wconf 88' lang='grc' dir='ltr'><strong>ι</strong></span> <span class='ocrx_word' id='word_1_505' title='bbox 1288 3595 1346 3649; x_wconf 91' lang='lat' dir='ltr'><strong>Si</strong></span> <span class='ocrx_word' id='word_1_506' title='bbox 1381 3597 1576 3650; x_wconf 89' lang='lat' dir='ltr'><strong>oculus</strong></span> <span class='ocrx_word' id='word_1_507' title='bbox 1605 3604 1753 3662; x_wconf 89' lang='lat' dir='ltr'><strong>tuus,</strong></span> <span class='ocrx_word' id='word_1_508' title='bbox 1783 3604 1834 3650; x_wconf 91' lang='lat' dir='ltr'><strong>et</strong></span> <span class='ocrx_word' id='word_1_509' title='bbox 1862 3612 2058 3652; x_wconf 88' lang='lat' dir='ltr'><strong>manus</strong></span> 
     </span>
    </p>
   </div>
   <div class='ocr_carea' id='block_1_69' title="bbox 474 3685 2057 3743">
    <p class='ocr_par' dir='ltr' id='par_1_69' title="bbox 474 3685 2057 3743">
     <span class='ocr_line' id='line_1_69' title="bbox 474 3685 2057 3743; baseline 0.001 -4"><span class='ocrx_word' id='word_1_510' title='bbox 474 3696 568 3742; x_wconf 89' lang='lat' dir='ltr'><strong>tua</strong></span> <span class='ocrx_word' id='word_1_511' title='bbox 603 3687 932 3742; x_wconf 85' lang='lat' dir='ltr'><strong>scandalizat</strong></span> <span class='ocrx_word' id='word_1_512' title='bbox 963 3695 1014 3742; x_wconf 91' lang='lat' dir='ltr'><strong>te</strong></span> <span class='ocrx_word' id='word_1_513' title='bbox 1038 3688 1107 3742; x_wconf 82' lang='lat'><strong>&quot;.</strong></span> <span class='ocrx_word' id='word_1_514' title='bbox 1147 3708 1166 3740; x_wconf 75' lang='grc' dir='ltr'><strong>ι</strong></span> <span class='ocrx_word' id='word_1_515' title='bbox 1204 3685 1270 3741; x_wconf 84' lang='lat' dir='ltr'><strong>Et</strong></span> <span class='ocrx_word' id='word_1_516' title='bbox 1302 3707 1314 3742; x_wconf 92' lang='lat'>:</span> <span class='ocrx_word' id='word_1_517' title='bbox 1341 3705 1359 3737; x_wconf 78' lang='grc' dir='ltr'><strong>ι</strong></span> <span class='ocrx_word' id='word_1_518' title='bbox 1395 3686 1473 3742; x_wconf 88' lang='lat' dir='ltr'><strong>Ne</strong></span> <span class='ocrx_word' id='word_1_519' title='bbox 1501 3688 1864 3743; x_wconf 85' lang='lat' dir='ltr'><strong>contemnatis</strong></span> <span class='ocrx_word' id='word_1_520' title='bbox 1889 3704 2057 3742; x_wconf 87' lang='lat' dir='ltr'><strong>unum</strong></span> 
     </span>
    </p>
   </div>
   <div class='ocr_carea' id='block_1_70' title="bbox 473 3780 2056 3851">
    <p class='ocr_par' dir='ltr' id='par_1_70' title="bbox 473 3780 2056 3851">
     <span class='ocr_line' id='line_1_70' title="bbox 473 3780 2056 3851; baseline 0.001 -18"><span class='ocrx_word' id='word_1_521' title='bbox 473 3796 541 3833; x_wconf 80' lang='lat' dir='ltr'><strong>ex</strong></span> <span class='ocrx_word' id='word_1_522' title='bbox 575 3781 816 3850; x_wconf 75' lang='lat' dir='ltr'><strong>parvulis</strong></span> <span class='ocrx_word' id='word_1_523' title='bbox 847 3781 968 3836; x_wconf 74' lang='lat' dir='ltr'><strong>istis</strong></span> <span class='ocrx_word' id='word_1_524' title='bbox 997 3781 1064 3837; x_wconf 68' lang='lat'><strong>&#39;9.</strong></span> <span class='ocrx_word' id='word_1_525' title='bbox 1115 3801 1132 3832; x_wconf 74' lang='grc' dir='ltr'><strong>ι</strong></span> <span class='ocrx_word' id='word_1_526' title='bbox 1173 3780 1477 3849; x_wconf 81' lang='lat' dir='ltr'><strong>Subjicitur</strong></span> <span class='ocrx_word' id='word_1_527' title='bbox 1534 3781 1796 3851; x_wconf 87' lang='lat' dir='ltr'><strong>parabola</strong></span> <span class='ocrx_word' id='word_1_528' title='bbox 1838 3791 2056 3836; x_wconf 90' lang='lat' dir='ltr'><strong>centum</strong></span> 
     </span>
    </p>
   </div>
   <div class='ocr_carea' id='block_1_71' title="bbox 473 3871 2052 3944">
    <p class='ocr_par' dir='ltr' id='par_1_71' title="bbox 473 3871 2052 3944">
     <span class='ocr_line' id='line_1_71' title="bbox 473 3871 2052 3944; baseline 0.001 -18"><span class='ocrx_word' id='word_1_529' title='bbox 473 3875 678 3937; x_wconf 89' lang='lat' dir='ltr'><strong>ovium,</strong></span> <span class='ocrx_word' id='word_1_530' title='bbox 721 3883 774 3928; x_wconf 93' lang='lat' dir='ltr'><strong>et</strong></span> <span class='ocrx_word' id='word_1_531' title='bbox 803 3873 935 3927; x_wconf 92' lang='lat' dir='ltr'><strong>illud</strong></span> <span class='ocrx_word' id='word_1_532' title='bbox 964 3893 977 3925; x_wconf 89' lang='lat'><strong>:</strong></span> <span class='ocrx_word' id='word_1_533' title='bbox 1020 3893 1038 3924; x_wconf 86' lang='grc'><em>‹</em></span> <span class='ocrx_word' id='word_1_534' title='bbox 1089 3873 1143 3927; x_wconf 91' lang='lat' dir='ltr'><strong>Si</strong></span> <span class='ocrx_word' id='word_1_535' title='bbox 1179 3874 1488 3944; x_wconf 88' lang='lat' dir='ltr'><strong>peccaverit</strong></span> <span class='ocrx_word' id='word_1_536' title='bbox 1519 3873 1574 3926; x_wconf 92' lang='lat' dir='ltr'><strong>in</strong></span> <span class='ocrx_word' id='word_1_537' title='bbox 1608 3880 1662 3926; x_wconf 90' lang='lat' dir='ltr'><strong>te</strong></span> <span class='ocrx_word' id='word_1_538' title='bbox 1692 3871 1861 3927; x_wconf 85' lang='lat' dir='ltr'><strong>frater</strong></span> <span class='ocrx_word' id='word_1_539' title='bbox 1908 3882 2052 3936; x_wconf 88' lang='lat' dir='ltr'><strong>tuus,</strong></span> 
     </span>
    </p>
   </div>
   <div class='ocr_carea' id='block_1_72' title="bbox 474 3963 2057 4034">
    <p class='ocr_par' dir='ltr' id='par_1_72' title="bbox 474 3963 2057 4034">
     <span class='ocr_line' id='line_1_72' title="bbox 474 3963 2057 4034; baseline 0 -16"><span class='ocrx_word' id='word_1_540' title='bbox 474 3966 692 4034; x_wconf 90' lang='lat' dir='ltr'><strong>corripe</strong></span> <span class='ocrx_word' id='word_1_541' title='bbox 721 3981 845 4018; x_wconf 91' lang='lat' dir='ltr'><strong>eum</strong></span> <span class='ocrx_word' id='word_1_542' title='bbox 874 3967 942 4018; x_wconf 76' lang='grc' dir='ltr'>⁸ο.</span> <span class='ocrx_word' id='word_1_543' title='bbox 978 3985 996 4016; x_wconf 75' lang='grc' dir='ltr'><strong>ι</strong></span> <span class='ocrx_word' id='word_1_544' title='bbox 1028 3964 1158 4020; x_wconf 90' lang='lat' dir='ltr'><strong>Item</strong></span> <span class='ocrx_word' id='word_1_545' title='bbox 1197 3985 1210 4020; x_wconf 89' lang='lat'><strong>:</strong></span> <span class='ocrx_word' id='word_1_546' title='bbox 1252 3984 1270 4016; x_wconf 74' lang='grc' dir='ltr'><strong>ι</strong></span> <span class='ocrx_word' id='word_1_547' title='bbox 1310 3963 1367 4019; x_wconf 90' lang='lat' dir='ltr'><strong>Si</strong></span> <span class='ocrx_word' id='word_1_548' title='bbox 1399 3965 1508 4019; x_wconf 92' lang='lat' dir='ltr'><strong>duo</strong></span> <span class='ocrx_word' id='word_1_549' title='bbox 1539 3981 1604 4018; x_wconf 82' lang='lat' dir='ltr'><strong>ex</strong></span> <span class='ocrx_word' id='word_1_550' title='bbox 1637 3965 1794 4019; x_wconf 86' lang='lat' dir='ltr'><strong>vobis</strong></span> <span class='ocrx_word' id='word_1_551' title='bbox 1823 3980 2057 4020; x_wconf 87' lang='lat' dir='ltr'><strong>consen-</strong></span> 
     </span>
    </p>
   </div>
   <div class='ocr_carea' id='block_1_73' title="bbox 477 4057 2057 4126">
    <p class='ocr_par' dir='ltr' id='par_1_73' title="bbox 477 4057 2057 4126">
     <span class='ocr_line' id='line_1_73' title="bbox 477 4057 2057 4126; baseline 0.001 -16"><span class='ocrx_word' id='word_1_552' title='bbox 477 4057 670 4122; x_wconf 92' lang='lat' dir='ltr'><strong>serint,</strong></span> <span class='ocrx_word' id='word_1_553' title='bbox 712 4057 1078 4126; x_wconf 88' lang='lat' dir='ltr'><strong>quodcunque</strong></span> <span class='ocrx_word' id='word_1_554' title='bbox 1110 4058 1386 4126; x_wconf 84' lang='lat' dir='ltr'><strong>petierint,</strong></span> <span class='ocrx_word' id='word_1_555' title='bbox 1417 4057 1689 4126; x_wconf 86' lang='lat' dir='ltr'><strong>accipient</strong></span> <span class='ocrx_word' id='word_1_556' title='bbox 1713 4058 1777 4111; x_wconf 86' lang='grc'>⁶¹.</span> <span class='ocrx_word' id='word_1_557' title='bbox 1816 4077 1833 4108; x_wconf 76' lang='grc' dir='ltr'><strong>ι</strong></span> <span class='ocrx_word' id='word_1_558' title='bbox 1861 4057 2057 4112; x_wconf 87' lang='lat' dir='ltr'><strong>Petrus</strong></span> 
     </span>
    </p>
   </div>
   <div class='ocr_carea' id='block_1_74' title="bbox 476 4148 2058 4220">
    <p class='ocr_par' dir='ltr' id='par_1_74' title="bbox 476 4148 2058 4220">
     <span class='ocr_line' id='line_1_74' title="bbox 476 4148 2058 4220; baseline 0.003 -21"><span class='ocrx_word' id='word_1_559' title='bbox 476 4156 602 4218; x_wconf 84' lang='lat' dir='ltr'><strong>post</strong></span> <span class='ocrx_word' id='word_1_560' title='bbox 645 4148 751 4202; x_wconf 88' lang='lat' dir='ltr'><strong>ista</strong></span> <span class='ocrx_word' id='word_1_561' title='bbox 801 4149 981 4203; x_wconf 91' lang='lat' dir='ltr'><strong>dicit:</strong></span> <span class='ocrx_word' id='word_1_562' title='bbox 1025 4167 1044 4200; x_wconf 78' lang='grc' dir='ltr'><strong>ι</strong></span> <span class='ocrx_word' id='word_1_563' title='bbox 1095 4149 1320 4214; x_wconf 84' lang='lat' dir='ltr'><strong>Quoties</strong></span> <span class='ocrx_word' id='word_1_564' title='bbox 1366 4149 1615 4220; x_wconf 85' lang='lat' dir='ltr'><strong>peccabit</strong></span> <span class='ocrx_word' id='word_1_565' title='bbox 1668 4150 1722 4204; x_wconf 90' lang='lat' dir='ltr'><strong>in</strong></span> <span class='ocrx_word' id='word_1_566' title='bbox 1781 4166 1864 4205; x_wconf 86' lang='lat' dir='ltr'><strong>me</strong></span> <span class='ocrx_word' id='word_1_567' title='bbox 1892 4150 2058 4204; x_wconf 87' lang='lat' dir='ltr'><strong>frater</strong></span> 
     </span>
    </p>
   </div>
   <div class='ocr_carea' id='block_1_75' title="bbox 476 4239 2056 4310">
    <p class='ocr_par' dir='ltr' id='par_1_75' title="bbox 476 4239 2056 4310">
     <span class='ocr_line' id='line_1_75' title="bbox 476 4239 2056 4310; baseline 0.003 -18"><span class='ocrx_word' id='word_1_568' title='bbox 476 4254 636 4295; x_wconf 79' lang='lat' dir='ltr'><strong>niens</strong></span> <span class='ocrx_word' id='word_1_569' title='bbox 663 4239 730 4293; x_wconf 78' lang='lat'><strong>&quot;.</strong></span> <span class='ocrx_word' id='word_1_570' title='bbox 781 4258 798 4291; x_wconf 74' lang='grc' dir='ltr'><strong>ι</strong></span> <span class='ocrx_word' id='word_1_571' title='bbox 836 4239 1100 4294; x_wconf 89' lang='lat' dir='ltr'><strong>Parabola</strong></span> <span class='ocrx_word' id='word_1_572' title='bbox 1145 4240 1289 4310; x_wconf 87' lang='lat' dir='ltr'><strong>ejus,</strong></span> <span class='ocrx_word' id='word_1_573' title='bbox 1322 4242 1414 4310; x_wconf 90' lang='lat' dir='ltr'><strong>qui</strong></span> <span class='ocrx_word' id='word_1_574' title='bbox 1458 4242 1645 4296; x_wconf 90' lang='lat' dir='ltr'><strong>decem</strong></span> <span class='ocrx_word' id='word_1_575' title='bbox 1687 4243 1855 4296; x_wconf 90' lang='lat' dir='ltr'><strong>millia</strong></span> <span class='ocrx_word' id='word_1_576' title='bbox 1885 4242 2056 4296; x_wconf 77' lang='lat' dir='ltr'><strong>talen-</strong></span> 
     </span>
    </p>
   </div>
   <div class='ocr_carea' id='block_1_76' title="bbox 477 4329 2058 4407">
    <p class='ocr_par' dir='ltr' id='par_1_76' title="bbox 477 4329 2058 4407">
     <span class='ocr_line' id='line_1_76' title="bbox 477 4329 2058 4407; baseline 0.002 -23"><span class='ocrx_word' id='word_1_577' title='bbox 477 4340 659 4385; x_wconf 91' lang='lat' dir='ltr'><strong>torum</strong></span> <span class='ocrx_word' id='word_1_578' title='bbox 690 4331 943 4386; x_wconf 88' lang='lat' dir='ltr'><strong>debebat.</strong></span> <span class='ocrx_word' id='word_1_579' title='bbox 970 4329 1134 4386; x_wconf 81' lang='lat' dir='ltr'><strong>Venit</strong></span> <span class='ocrx_word' id='word_1_580' title='bbox 1165 4333 1219 4386; x_wconf 90' lang='lat' dir='ltr'><strong>in</strong></span> <span class='ocrx_word' id='word_1_581' title='bbox 1248 4331 1490 4387; x_wconf 75' lang='lat' dir='ltr'><strong>Iudaeam</strong></span> <span class='ocrx_word' id='word_1_582' title='bbox 1533 4333 1672 4404; x_wconf 91' lang='lat' dir='ltr'><strong>(cap.</strong></span> <span class='ocrx_word' id='word_1_583' title='bbox 1707 4335 1846 4407; x_wconf 73' lang='lat' dir='ltr'><strong>xu).</strong></span> <span class='ocrx_word' id='word_1_584' title='bbox 1890 4335 2058 4389; x_wconf 90' lang='lat' dir='ltr'><strong>Curat</strong></span> 
     </span>
    </p>
   </div>
   <div class='ocr_carea' id='block_1_77' title="bbox 477 4420 2057 4497">
    <p class='ocr_par' dir='ltr' id='par_1_77' title="bbox 477 4420 2057 4497">
     <span class='ocr_line' id='line_1_77' title="bbox 477 4420 2057 4497; baseline 0.004 -22"><span class='ocrx_word' id='word_1_585' title='bbox 477 4421 700 4475; x_wconf 89' lang='lat' dir='ltr'><strong>multos.</strong></span> <span class='ocrx_word' id='word_1_586' title='bbox 725 4420 961 4490; x_wconf 78' lang='lat' dir='ltr'><strong>Exponit</strong></span> <span class='ocrx_word' id='word_1_587' title='bbox 993 4438 1215 4478; x_wconf 89' lang='lat' dir='ltr'><strong>causam</strong></span> <span class='ocrx_word' id='word_1_588' title='bbox 1263 4424 1502 4478; x_wconf 90' lang='lat' dir='ltr'><strong>divortii.</strong></span> <span class='ocrx_word' id='word_1_589' title='bbox 1548 4424 1816 4497; x_wconf 89' lang='lat' dir='ltr'><strong>Loquitur</strong></span> <span class='ocrx_word' id='word_1_590' title='bbox 1865 4426 1932 4481; x_wconf 92' lang='lat' dir='ltr'><strong>de</strong></span> <span class='ocrx_word' id='word_1_591' title='bbox 1964 4442 2057 4497; x_wconf 76' lang='lat' dir='ltr'><strong>ge-</strong></span> 
     </span>
    </p>
   </div>
   <div class='ocr_carea' id='block_1_78' title="bbox 2161 3228 3746 3303">
    <p class='ocr_par' dir='ltr' id='par_1_78' title="bbox 2161 3228 3746 3303">
     <span class='ocr_line' id='line_1_78' title="bbox 2161 3228 3746 3303; baseline -0.002 -18"><span class='ocrx_word' id='word_1_592' title='bbox 2161 3249 2245 3285; x_wconf 94' lang='grc' dir='ltr'><strong>σιν</strong></span> <span class='ocrx_word' id='word_1_593' title='bbox 2303 3233 2380 3294; x_wconf 85' lang='grc' dir='ltr'>εἰς</span> <span class='ocrx_word' id='word_1_594' title='bbox 2420 3230 2480 3285; x_wconf 82' lang='grc' dir='ltr'><strong>τὸ</strong></span> <span class='ocrx_word' id='word_1_595' title='bbox 2507 3231 2652 3303; x_wconf 75' lang='grc' dir='ltr'>ὅρος,</span> <span class='ocrx_word' id='word_1_596' title='bbox 2702 3229 2831 3284; x_wconf 77' lang='grc' dir='ltr'>ἔνθα</span> <span class='ocrx_word' id='word_1_597' title='bbox 2868 3229 2962 3282; x_wconf 78' lang='grc' dir='ltr'><strong>καὶ</strong></span> <span class='ocrx_word' id='word_1_598' title='bbox 2997 3228 3417 3301; x_wconf 81' lang='grc' dir='ltr'>μετεμορφώθη.</span> <span class='ocrx_word' id='word_1_599' title='bbox 3466 3229 3746 3282; x_wconf 79' lang='grc' dir='ltr'>Κατιόντα</span> 
     </span>
    </p>
   </div>
   <div class='ocr_carea' id='block_1_79' title="bbox 2159 3321 3746 3396">
    <p class='ocr_par' dir='ltr' id='par_1_79' title="bbox 2159 3321 3746 3396">
     <span class='ocr_line' id='line_1_79' title="bbox 2159 3321 3746 3396; baseline -0.002 -18"><span class='ocrx_word' id='word_1_600' title='bbox 2159 3325 2320 3378; x_wconf 76' lang='grc' dir='ltr'>αὑτὸν</span> <span class='ocrx_word' id='word_1_601' title='bbox 2349 3323 2593 3396; x_wconf 84' lang='grc' dir='ltr'>ἐρωτῶσι</span> <span class='ocrx_word' id='word_1_602' title='bbox 2627 3322 2754 3393; x_wconf 79' lang='grc' dir='ltr'>περὶ</span> <span class='ocrx_word' id='word_1_603' title='bbox 2805 3321 2981 3375; x_wconf 88' lang='grc' dir='ltr'>Ἠλίου</span> <span class='ocrx_word' id='word_1_604' title='bbox 3027 3323 3118 3374; x_wconf 78' lang='grc' dir='ltr'><strong>καὶ</strong></span> <span class='ocrx_word' id='word_1_605' title='bbox 3164 3321 3514 3392; x_wconf 89' lang='grc' dir='ltr'>μανθάνουσι.</span> <span class='ocrx_word' id='word_1_606' title='bbox 3562 3323 3746 3394; x_wconf 67' lang='lat' dir='ltr'><strong>[lpos-</strong></span> 
     </span>
    </p>
   </div>
   <div class='ocr_carea' id='block_1_80' title="bbox 2159 3413 3746 3487">
    <p class='ocr_par' dir='ltr' id='par_1_80' title="bbox 2159 3413 3746 3487">
     <span class='ocr_line' id='line_1_80' title="bbox 2159 3413 3746 3487; baseline -0.003 -15"><span class='ocrx_word' id='word_1_607' title='bbox 2159 3419 2352 3487; x_wconf 87' lang='grc' dir='ltr'>άγεται</span> <span class='ocrx_word' id='word_1_608' title='bbox 2383 3420 2410 3471; x_wconf 85' lang='grc' dir='ltr'>ὁ</span> <span class='ocrx_word' id='word_1_609' title='bbox 2441 3415 2906 3486; x_wconf 82' lang='grc' dir='ltr'>σεληνιαζόμενος,</span> <span class='ocrx_word' id='word_1_610' title='bbox 2927 3415 3020 3468; x_wconf 73' lang='grc' dir='ltr'><strong>καὶ</strong></span> <span class='ocrx_word' id='word_1_611' title='bbox 3049 3413 3430 3486; x_wconf 85' lang='grc' dir='ltr'>θεραπεύεται.</span> <span class='ocrx_word' id='word_1_612' title='bbox 3462 3413 3746 3478; x_wconf 77' lang='grc' dir='ltr'>Ὀνειδίζει</span> 
     </span>
    </p>
   </div>
   <div class='ocr_carea' id='block_1_81' title="bbox 2158 3508 3745 3581">
    <p class='ocr_par' dir='ltr' id='par_1_81' title="bbox 2158 3508 3745 3581">
     <span class='ocr_line' id='line_1_81' title="bbox 2158 3508 3745 3581; baseline -0.001 -17"><span class='ocrx_word' id='word_1_613' title='bbox 2158 3515 2270 3574; x_wconf 87' lang='grc' dir='ltr'>τοῖς</span> <span class='ocrx_word' id='word_1_614' title='bbox 2306 3510 2591 3581; x_wconf 83' lang='grc' dir='ltr'>μαθηταῖς.</span> <span class='ocrx_word' id='word_1_615' title='bbox 2622 3508 2784 3576; x_wconf 83' lang='grc' dir='ltr'>Λέγει</span> <span class='ocrx_word' id='word_1_616' title='bbox 2809 3508 2990 3572; x_wconf 83' lang='grc' dir='ltr'>αὐτοῖς</span> <span class='ocrx_word' id='word_1_617' title='bbox 3020 3510 3078 3560; x_wconf 83' lang='grc' dir='ltr'><strong>ὲν</strong></span> <span class='ocrx_word' id='word_1_618' title='bbox 3107 3511 3172 3579; x_wconf 77' lang='grc' dir='ltr'>τῇ</span> <span class='ocrx_word' id='word_1_619' title='bbox 3202 3508 3456 3580; x_wconf 85' lang='grc' dir='ltr'>Γαλιλαίᾳ</span> <span class='ocrx_word' id='word_1_620' title='bbox 3486 3509 3622 3579; x_wconf 72' lang='grc' dir='ltr'>περὶ</span> <span class='ocrx_word' id='word_1_621' title='bbox 3652 3509 3745 3562; x_wconf 77' lang='grc' dir='ltr'>τοῦ</span> 
     </span>
    </p>
   </div>
   <div class='ocr_carea' id='block_1_82' title="bbox 2161 3600 3745 3674">
    <p class='ocr_par' dir='ltr' id='par_1_82' title="bbox 2161 3600 3745 3674">
     <span class='ocr_line' id='line_1_82' title="bbox 2161 3600 3745 3674; baseline -0.002 -17"><span class='ocrx_word' id='word_1_622' title='bbox 2161 3603 2382 3666; x_wconf 85' lang='grc' dir='ltr'>πάθους.</span> <span class='ocrx_word' id='word_1_623' title='bbox 2403 3602 2801 3674; x_wconf 88' lang='grc' dir='ltr'>Προσέρχονται</span> <span class='ocrx_word' id='word_1_624' title='bbox 2827 3603 2884 3653; x_wconf 81' lang='grc' dir='ltr'>ὲν</span> <span class='ocrx_word' id='word_1_625' title='bbox 2906 3601 3233 3673; x_wconf 79' lang='grc' dir='ltr'>Καπερναοὺ</span> <span class='ocrx_word' id='word_1_626' title='bbox 3243 3619 3282 3671; x_wconf 88' lang='grc' dir='ltr'><strong>μ</strong></span> <span class='ocrx_word' id='word_1_627' title='bbox 3301 3602 3350 3653; x_wconf 86' lang='grc' dir='ltr'>οἱ</span> <span class='ocrx_word' id='word_1_628' title='bbox 3382 3600 3444 3654; x_wconf 81' lang='grc' dir='ltr'><strong>τὸ</strong></span> <span class='ocrx_word' id='word_1_629' title='bbox 3468 3600 3745 3672; x_wconf 82' lang='grc' dir='ltr'>δίδραχμα</span> 
     </span>
    </p>
   </div>
   <div class='ocr_carea' id='block_1_83' title="bbox 2158 3692 3744 3766">
    <p class='ocr_par' dir='ltr' id='par_1_83' title="bbox 2158 3692 3744 3766">
     <span class='ocr_line' id='line_1_83' title="bbox 2158 3692 3744 3766; baseline -0.001 -18"><span class='ocrx_word' id='word_1_630' title='bbox 2158 3695 2544 3766; x_wconf 87' lang='grc' dir='ltr'>λαμϐάνοντες.</span> <span class='ocrx_word' id='word_1_631' title='bbox 2612 3692 2918 3764; x_wconf 88' lang='grc' dir='ltr'>Ἐρωτῶσιν</span> <span class='ocrx_word' id='word_1_632' title='bbox 2975 3695 3023 3746; x_wconf 89' lang='grc' dir='ltr'><strong>οί</strong></span> <span class='ocrx_word' id='word_1_633' title='bbox 3092 3693 3350 3764; x_wconf 71' lang='grc' dir='ltr'>μαθηταὶ,</span> <span class='ocrx_word' id='word_1_634' title='bbox 3389 3693 3474 3756; x_wconf 88' lang='grc' dir='ltr'><strong>τίς</strong></span> <span class='ocrx_word' id='word_1_635' title='bbox 3503 3693 3744 3763; x_wconf 79' lang='grc' dir='ltr'>μείζων;</span> 
     </span>
    </p>
   </div>
   <div class='ocr_carea' id='block_1_84' title="bbox 2159 3779 3745 3855">
    <p class='ocr_par' dir='ltr' id='par_1_84' title="bbox 2159 3779 3745 3855">
     <span class='ocr_line' id='line_1_84' title="bbox 2159 3779 3745 3855; baseline 0 -19"><span class='ocrx_word' id='word_1_636' title='bbox 2159 3783 2292 3836; x_wconf 82' lang='grc' dir='ltr'>Τότε</span> <span class='ocrx_word' id='word_1_637' title='bbox 2327 3782 2563 3845; x_wconf 84' lang='grc' dir='ltr'>καλέσας</span> <span class='ocrx_word' id='word_1_638' title='bbox 2610 3781 2822 3835; x_wconf 89' lang='grc' dir='ltr'>παιδίον</span> <span class='ocrx_word' id='word_1_639' title='bbox 2853 3779 3037 3850; x_wconf 83' lang='grc' dir='ltr'>λέγει·</span> <span class='ocrx_word' id='word_1_640' title='bbox 3079 3800 3097 3832; x_wconf 79' lang='grc' dir='ltr'><strong>ι</strong></span> <span class='ocrx_word' id='word_1_641' title='bbox 3137 3785 3232 3846; x_wconf 85' lang='grc' dir='ltr'><strong>Ὃς</strong></span> <span class='ocrx_word' id='word_1_642' title='bbox 3275 3783 3369 3836; x_wconf 79' lang='grc' dir='ltr'><strong>ἐὰν</strong></span> <span class='ocrx_word' id='word_1_643' title='bbox 3413 3783 3745 3855; x_wconf 69' lang='grc' dir='ltr'>σκανδαλίσῃ</span> 
     </span>
    </p>
   </div>
   <div class='ocr_carea' id='block_1_85' title="bbox 2158 3873 3742 3946">
    <p class='ocr_par' dir='ltr' id='par_1_85' title="bbox 2158 3873 3742 3946">
     <span class='ocr_line' id='line_1_85' title="bbox 2158 3873 3742 3946; baseline 0.001 -18"><span class='ocrx_word' id='word_1_644' title='bbox 2158 3875 2255 3928; x_wconf 74' lang='grc' dir='ltr'>ἕνα</span> <span class='ocrx_word' id='word_1_645' title='bbox 2280 3874 2387 3927; x_wconf 88' lang='grc' dir='ltr'><strong>τῶν</strong></span> <span class='ocrx_word' id='word_1_646' title='bbox 2423 3873 2632 3944; x_wconf 83' lang='grc' dir='ltr'>μικρῶν</span> <span class='ocrx_word' id='word_1_647' title='bbox 2666 3873 2900 3927; x_wconf 80' lang='grc' dir='ltr'>τούτων.</span> <span class='ocrx_word' id='word_1_648' title='bbox 2941 3893 2961 3926; x_wconf 70' lang='grc' dir='ltr'><strong>ι</strong></span> <span class='ocrx_word' id='word_1_649' title='bbox 2991 3873 3121 3937; x_wconf 79' lang='grc' dir='ltr'>Καὶ,</span> <span class='ocrx_word' id='word_1_650' title='bbox 3157 3893 3176 3925; x_wconf 79' lang='grc' dir='ltr'><strong>ι</strong></span> <span class='ocrx_word' id='word_1_651' title='bbox 3206 3875 3269 3926; x_wconf 89' lang='grc' dir='ltr'>Εί</span> <span class='ocrx_word' id='word_1_652' title='bbox 3312 3873 3591 3946; x_wconf 78' lang='grc' dir='ltr'>ὀφθαλμός</span> <span class='ocrx_word' id='word_1_653' title='bbox 3625 3894 3742 3938; x_wconf 82' lang='grc' dir='ltr'>σου,</span> 
     </span>
    </p>
   </div>
   <div class='ocr_carea' id='block_1_86' title="bbox 2160 3963 3743 4038">
    <p class='ocr_par' dir='ltr' id='par_1_86' title="bbox 2160 3963 3743 4038">
     <span class='ocr_line' id='line_1_86' title="bbox 2160 3963 3743 4038; baseline 0.001 -18"><span class='ocrx_word' id='word_1_654' title='bbox 2160 3966 2251 4020; x_wconf 75' lang='grc' dir='ltr'><strong>καὶ</strong></span> <span class='ocrx_word' id='word_1_655' title='bbox 2279 3969 2310 4037; x_wconf 85' lang='grc' dir='ltr'><strong>ή</strong></span> <span class='ocrx_word' id='word_1_656' title='bbox 2338 3966 2458 4038; x_wconf 88' lang='grc' dir='ltr'>χείρ</span> <span class='ocrx_word' id='word_1_657' title='bbox 2497 3983 2590 4019; x_wconf 91' lang='grc' dir='ltr'><strong>σου</strong></span> <span class='ocrx_word' id='word_1_658' title='bbox 2617 3963 2958 4028; x_wconf 78' lang='grc' dir='ltr'>σκανδαλίζει</span> <span class='ocrx_word' id='word_1_659' title='bbox 2983 3981 3071 4017; x_wconf 87' lang='grc' dir='ltr'><strong>σε·</strong></span> <span class='ocrx_word' id='word_1_660' title='bbox 3109 3983 3127 4014; x_wconf 74' lang='grc' dir='ltr'><strong>ι</strong></span> <span class='ocrx_word' id='word_1_661' title='bbox 3160 3965 3254 4018; x_wconf 78' lang='grc' dir='ltr'><strong>καὶ</strong></span> <span class='ocrx_word' id='word_1_662' title='bbox 3280 3966 3362 4028; x_wconf 84' lang='grc' dir='ltr'><strong>τὸ,</strong></span> <span class='ocrx_word' id='word_1_663' title='bbox 3397 3985 3416 4016; x_wconf 86' lang='grc'><strong>‹</strong></span> <span class='ocrx_word' id='word_1_664' title='bbox 3452 3968 3544 4037; x_wconf 82' lang='grc' dir='ltr'><strong>Μὴ</strong></span> <span class='ocrx_word' id='word_1_665' title='bbox 3572 3985 3743 4021; x_wconf 81' lang='grc' dir='ltr'>κατα-</span> 
     </span>
    </p>
   </div>
   <div class='ocr_carea' id='block_1_87' title="bbox 2159 4053 3742 4130">
    <p class='ocr_par' dir='ltr' id='par_1_87' title="bbox 2159 4053 3742 4130">
     <span class='ocr_line' id='line_1_87' title="bbox 2159 4053 3742 4130; baseline 0.001 -20"><span class='ocrx_word' id='word_1_666' title='bbox 2159 4059 2466 4130; x_wconf 81' lang='grc' dir='ltr'>φρονήσητε</span> <span class='ocrx_word' id='word_1_667' title='bbox 2497 4059 2614 4121; x_wconf 80' lang='grc' dir='ltr'>ἐνὸς</span> <span class='ocrx_word' id='word_1_668' title='bbox 2635 4057 2744 4110; x_wconf 90' lang='grc' dir='ltr'><strong>τῶν</strong></span> <span class='ocrx_word' id='word_1_669' title='bbox 2780 4058 2990 4130; x_wconf 82' lang='grc' dir='ltr'>μικρῶν</span> <span class='ocrx_word' id='word_1_670' title='bbox 3023 4057 3247 4113; x_wconf 80' lang='grc' dir='ltr'>τούτων.</span> <span class='ocrx_word' id='word_1_671' title='bbox 3288 4078 3306 4109; x_wconf 73' lang='grc' dir='ltr'><strong>ι</strong></span> <span class='ocrx_word' id='word_1_672' title='bbox 3331 4053 3461 4110; x_wconf 80' lang='grc' dir='ltr'>Εἶτα</span> <span class='ocrx_word' id='word_1_673' title='bbox 3494 4059 3530 4129; x_wconf 84' lang='grc' dir='ltr'><strong>ή</strong></span> <span class='ocrx_word' id='word_1_674' title='bbox 3561 4076 3742 4130; x_wconf 82' lang='grc' dir='ltr'>παρα-</span> 
     </span>
    </p>
   </div>
   <div class='ocr_carea' id='block_1_88' title="bbox 2159 4149 3745 4223">
    <p class='ocr_par' dir='ltr' id='par_1_88' title="bbox 2159 4149 3745 4223">
     <span class='ocr_line' id='line_1_88' title="bbox 2159 4149 3745 4223; baseline 0 -19"><span class='ocrx_word' id='word_1_675' title='bbox 2159 4150 2288 4222; x_wconf 84' lang='grc' dir='ltr'>ϐολὴ</span> <span class='ocrx_word' id='word_1_676' title='bbox 2313 4150 2422 4202; x_wconf 88' lang='grc' dir='ltr'><strong>τῶν</strong></span> <span class='ocrx_word' id='word_1_677' title='bbox 2452 4150 2644 4202; x_wconf 80' lang='grc' dir='ltr'>ἑκατὸν</span> <span class='ocrx_word' id='word_1_678' title='bbox 2673 4150 2981 4222; x_wconf 86' lang='grc' dir='ltr'>προϐάτων,</span> <span class='ocrx_word' id='word_1_679' title='bbox 3015 4151 3112 4204; x_wconf 75' lang='grc' dir='ltr'><strong>καὶ</strong></span> <span class='ocrx_word' id='word_1_680' title='bbox 3158 4149 3220 4203; x_wconf 91' lang='grc' dir='ltr'><strong>τό</strong></span> <span class='ocrx_word' id='word_1_681' title='bbox 3246 4168 3259 4181; x_wconf 89' lang='grc'><strong>·</strong></span> <span class='ocrx_word' id='word_1_682' title='bbox 3298 4170 3315 4202; x_wconf 81' lang='grc' dir='ltr'><strong>ι</strong></span> <span class='ocrx_word' id='word_1_683' title='bbox 3365 4150 3488 4203; x_wconf 76' lang='grc' dir='ltr'><strong>Ἐὰν</strong></span> <span class='ocrx_word' id='word_1_684' title='bbox 3516 4152 3745 4223; x_wconf 80' lang='grc' dir='ltr'>ἁμάρτῃ</span> 
     </span>
    </p>
   </div>
   <div class='ocr_carea' id='block_1_89' title="bbox 2158 4240 3744 4310">
    <p class='ocr_par' dir='ltr' id='par_1_89' title="bbox 2158 4240 3744 4310">
     <span class='ocr_line' id='line_1_89' title="bbox 2158 4240 3744 4310; baseline 0 -16"><span class='ocrx_word' id='word_1_685' title='bbox 2158 4243 2238 4306; x_wconf 89' lang='grc' dir='ltr'><strong>είς</strong></span> <span class='ocrx_word' id='word_1_686' title='bbox 2269 4242 2327 4294; x_wconf 83' lang='grc' dir='ltr'>σὲ</span> <span class='ocrx_word' id='word_1_687' title='bbox 2351 4243 2379 4294; x_wconf 85' lang='grc' dir='ltr'><strong>ό</strong></span> <span class='ocrx_word' id='word_1_688' title='bbox 2415 4240 2642 4309; x_wconf 76' lang='grc' dir='ltr'>ἀδελφός</span> <span class='ocrx_word' id='word_1_689' title='bbox 2657 4257 2770 4305; x_wconf 92' lang='grc' dir='ltr'>σου,</span> <span class='ocrx_word' id='word_1_690' title='bbox 2805 4240 3020 4310; x_wconf 78' lang='grc' dir='ltr'>ἔλεγξον</span> <span class='ocrx_word' id='word_1_691' title='bbox 3042 4242 3233 4296; x_wconf 84' lang='grc' dir='ltr'>αὐτόν·</span> <span class='ocrx_word' id='word_1_692' title='bbox 3268 4260 3287 4294; x_wconf 69' lang='grc' dir='ltr'><strong>ι</strong></span> <span class='ocrx_word' id='word_1_693' title='bbox 3332 4243 3420 4296; x_wconf 75' lang='grc' dir='ltr'>καὶ</span> <span class='ocrx_word' id='word_1_694' title='bbox 3433 4243 3527 4296; x_wconf 86' lang='grc' dir='ltr'><strong>τό·</strong></span> <span class='ocrx_word' id='word_1_695' title='bbox 3557 4261 3577 4294; x_wconf 76' lang='grc' dir='ltr'><strong>ι</strong></span> <span class='ocrx_word' id='word_1_696' title='bbox 3615 4242 3744 4297; x_wconf 80' lang='grc' dir='ltr'><strong>Ἐὰν</strong></span> 
     </span>
    </p>
   </div>
   <div class='ocr_carea' id='block_1_90' title="bbox 2157 4331 3743 4406">
    <p class='ocr_par' dir='ltr' id='par_1_90' title="bbox 2157 4331 3743 4406">
     <span class='ocr_line' id='line_1_90' title="bbox 2157 4331 3743 4406; baseline 0.003 -22"><span class='ocrx_word' id='word_1_697' title='bbox 2157 4331 2252 4385; x_wconf 75' lang='grc' dir='ltr'><strong>δύο</strong></span> <span class='ocrx_word' id='word_1_698' title='bbox 2298 4333 2734 4404; x_wconf 80' lang='grc' dir='ltr'>συμφωνήσωσιν</span> <span class='ocrx_word' id='word_1_699' title='bbox 2765 4332 2825 4398; x_wconf 80' lang='grc' dir='ltr'>ἐξ</span> <span class='ocrx_word' id='word_1_700' title='bbox 2855 4333 3029 4404; x_wconf 80' lang='grc' dir='ltr'>ὑμῶν,</span> <span class='ocrx_word' id='word_1_701' title='bbox 3065 4334 3093 4387; x_wconf 79' lang='grc' dir='ltr'><strong>ὃ</strong></span> <span class='ocrx_word' id='word_1_702' title='bbox 3125 4335 3218 4388; x_wconf 82' lang='grc' dir='ltr'><strong>ἐὰν</strong></span> <span class='ocrx_word' id='word_1_703' title='bbox 3252 4335 3603 4404; x_wconf 87' lang='grc' dir='ltr'>αίτήσωνται,</span> <span class='ocrx_word' id='word_1_704' title='bbox 3645 4334 3743 4406; x_wconf 79' lang='grc' dir='ltr'>λή-</span> 
     </span>
    </p>
   </div>
   <div class='ocr_carea' id='block_1_91' title="bbox 2158 4419 3742 4496">
    <p class='ocr_par' dir='ltr' id='par_1_91' title="bbox 2158 4419 3742 4496">
     <span class='ocr_line' id='line_1_91' title="bbox 2158 4419 3742 4496; baseline 0.001 -21"><span class='ocrx_word' id='word_1_705' title='bbox 2158 4422 2372 4492; x_wconf 75' lang='grc' dir='ltr'>ψονται.</span> <span class='ocrx_word' id='word_1_706' title='bbox 2408 4442 2426 4473; x_wconf 73' lang='grc' dir='ltr'><strong>ι</strong></span> <span class='ocrx_word' id='word_1_707' title='bbox 2456 4419 2590 4476; x_wconf 80' lang='grc' dir='ltr'>Εἶτά</span> <span class='ocrx_word' id='word_1_708' title='bbox 2628 4441 2791 4492; x_wconf 85' lang='grc' dir='ltr'>φησιν</span> <span class='ocrx_word' id='word_1_709' title='bbox 2820 4425 2848 4476; x_wconf 85' lang='grc' dir='ltr'>ὁ</span> <span class='ocrx_word' id='word_1_710' title='bbox 2881 4424 3118 4495; x_wconf 83' lang='grc' dir='ltr'>Πέτρος·</span> <span class='ocrx_word' id='word_1_711' title='bbox 3153 4443 3172 4474; x_wconf 80' lang='grc' dir='ltr'><strong>ι</strong></span> <span class='ocrx_word' id='word_1_712' title='bbox 3212 4424 3450 4487; x_wconf 85' lang='grc' dir='ltr'>Ποσάκις</span> <span class='ocrx_word' id='word_1_713' title='bbox 3485 4425 3742 4496; x_wconf 78' lang='grc' dir='ltr'>ἁμαρτή-</span> 
     </span>
    </p>
   </div>
   <div class='ocr_carea' id='block_1_92' title="bbox 477 4508 2056 4589">
    <p class='ocr_par' dir='ltr' id='par_1_92' title="bbox 477 4512 2050 4587">
     <span class='ocr_line' id='line_1_92' title="bbox 477 4512 2050 4587; baseline 0.003 -21"><span class='ocrx_word' id='word_1_714' title='bbox 477 4512 705 4567; x_wconf 84' lang='lat' dir='ltr'><strong>neribus</strong></span> <span class='ocrx_word' id='word_1_715' title='bbox 763 4514 1164 4570; x_wconf 83' lang='lat' dir='ltr'><strong>cunuchorum.</strong></span> <span class='ocrx_word' id='word_1_716' title='bbox 1225 4515 1505 4570; x_wconf 88' lang='lat' dir='ltr'><strong>Benedicit</strong></span> <span class='ocrx_word' id='word_1_717' title='bbox 1535 4517 1796 4587; x_wconf 88' lang='lat' dir='ltr'><strong>parvulis.</strong></span> <span class='ocrx_word' id='word_1_718' title='bbox 1828 4517 2050 4571; x_wconf 77' lang='lat' dir='ltr'><strong>Accedit</strong></span> 
     </span>
    </p>
   </div>
   <div class='ocr_carea' id='block_1_93' title="bbox 2159 4508 3742 4589">
    <p class='ocr_par' dir='ltr' id='par_1_93' title="bbox 2159 4515 3742 4589">
     <span class='ocr_line' id='line_1_93' title="bbox 2159 4515 3742 4589; baseline 0.002 -20"><span class='ocrx_word' id='word_1_719' title='bbox 2159 4532 2238 4569; x_wconf 91' lang='grc' dir='ltr'><strong>σει</strong></span> <span class='ocrx_word' id='word_1_720' title='bbox 2265 4516 2345 4579; x_wconf 87' lang='grc' dir='ltr'>εἰς</span> <span class='ocrx_word' id='word_1_721' title='bbox 2377 4516 2478 4586; x_wconf 77' lang='grc' dir='ltr'>ἐμὲ</span> <span class='ocrx_word' id='word_1_722' title='bbox 2500 4518 2527 4569; x_wconf 88' lang='grc' dir='ltr'><strong>ό</strong></span> <span class='ocrx_word' id='word_1_723' title='bbox 2553 4516 2778 4586; x_wconf 85' lang='grc' dir='ltr'>ἀδελφός</span> <span class='ocrx_word' id='word_1_724' title='bbox 2809 4534 2946 4586; x_wconf 75' lang='grc' dir='ltr'>μους</span> <span class='ocrx_word' id='word_1_725' title='bbox 2979 4538 2995 4568; x_wconf 79' lang='grc' dir='ltr'><strong>ι</strong></span> <span class='ocrx_word' id='word_1_726' title='bbox 3020 4515 3309 4587; x_wconf 86' lang='grc' dir='ltr'>Παραϐολὴ</span> <span class='ocrx_word' id='word_1_727' title='bbox 3340 4515 3436 4569; x_wconf 81' lang='grc' dir='ltr'>τοῦ</span> <span class='ocrx_word' id='word_1_728' title='bbox 3467 4516 3536 4569; x_wconf 88' lang='grc' dir='ltr'><strong>τά</strong></span> <span class='ocrx_word' id='word_1_729' title='bbox 3567 4518 3742 4589; x_wconf 78' lang='grc' dir='ltr'>μύρια</span> 
     </span>
    </p>
   </div>
   <div class='ocr_carea' id='block_1_94' title="bbox 477 4604 2050 4678">
    <p class='ocr_par' dir='ltr' id='par_1_94' title="bbox 477 4604 2050 4678">
     <span class='ocr_line' id='line_1_94' title="bbox 477 4604 2050 4678; baseline 0.003 -21"><span class='ocrx_word' id='word_1_730' title='bbox 477 4604 544 4657; x_wconf 83' lang='lat' dir='ltr'><strong>ad</strong></span> <span class='ocrx_word' id='word_1_731' title='bbox 576 4619 701 4658; x_wconf 89' lang='lat' dir='ltr'><strong>eum</strong></span> <span class='ocrx_word' id='word_1_732' title='bbox 731 4605 903 4660; x_wconf 85' lang='lat' dir='ltr'><strong>dives.</strong></span> <span class='ocrx_word' id='word_1_733' title='bbox 935 4605 1276 4676; x_wconf 81' lang='lat' dir='ltr'><strong>Interrogant</strong></span> <span class='ocrx_word' id='word_1_734' title='bbox 1307 4607 1562 4678; x_wconf 89' lang='lat' dir='ltr'><strong>discipuli</strong></span> <span class='ocrx_word' id='word_1_735' title='bbox 1601 4627 1614 4663; x_wconf 90' lang='lat'><strong>:</strong></span> <span class='ocrx_word' id='word_1_736' title='bbox 1647 4627 1666 4660; x_wconf 79' lang='grc' dir='ltr'><strong>ι</strong></span> <span class='ocrx_word' id='word_1_737' title='bbox 1699 4608 1834 4674; x_wconf 84' lang='lat' dir='ltr'><strong>Quis</strong></span> <span class='ocrx_word' id='word_1_738' title='bbox 1854 4609 2050 4662; x_wconf 87' lang='lat' dir='ltr'><strong>salvari</strong></span> 
     </span>
    </p>
   </div>
   <div class='ocr_carea' id='block_1_95' title="bbox 477 4693 2054 4768">
    <p class='ocr_par' dir='ltr' id='par_1_95' title="bbox 477 4693 2054 4768">
     <span class='ocr_line' id='line_1_95' title="bbox 477 4693 2054 4768; baseline 0.003 -20"><span class='ocrx_word' id='word_1_739' title='bbox 477 4703 656 4766; x_wconf 89' lang='lat' dir='ltr'><strong>potest</strong></span> <span class='ocrx_word' id='word_1_740' title='bbox 684 4694 777 4748; x_wconf 63' lang='lat'><strong>‘3?</strong></span> <span class='ocrx_word' id='word_1_741' title='bbox 816 4716 834 4747; x_wconf 75' lang='grc' dir='ltr'><strong>ι</strong></span> <span class='ocrx_word' id='word_1_742' title='bbox 875 4693 1028 4750; x_wconf 89' lang='lat' dir='ltr'><strong>Tunc</strong></span> <span class='ocrx_word' id='word_1_743' title='bbox 1061 4697 1195 4752; x_wconf 91' lang='lat' dir='ltr'><strong>dicit</strong></span> <span class='ocrx_word' id='word_1_744' title='bbox 1225 4698 1332 4753; x_wconf 91' lang='lat' dir='ltr'><strong>illis</strong></span> <span class='ocrx_word' id='word_1_745' title='bbox 1371 4717 1384 4752; x_wconf 74' lang='grc' dir='ltr'>ε</span> <span class='ocrx_word' id='word_1_746' title='bbox 1419 4717 1437 4749; x_wconf 77' lang='grc' dir='ltr'><strong>ι</strong></span> <span class='ocrx_word' id='word_1_747' title='bbox 1477 4697 1748 4753; x_wconf 87' lang='lat' dir='ltr'><strong>Sedcbitis</strong></span> <span class='ocrx_word' id='word_1_748' title='bbox 1778 4713 1942 4768; x_wconf 88' lang='lat' dir='ltr'><strong>super</strong></span> <span class='ocrx_word' id='word_1_749' title='bbox 1967 4714 2054 4752; x_wconf 88' lang='lat' dir='ltr'><strong>se-</strong></span> 
     </span>
    </p>
   </div>
   <div class='ocr_carea' id='block_1_96' title="bbox 476 4791 2055 4864">
    <p class='ocr_par' dir='ltr' id='par_1_96' title="bbox 476 4791 2055 4864">
     <span class='ocr_line' id='line_1_96' title="bbox 476 4791 2055 4864; baseline 0.003 -21"><span class='ocrx_word' id='word_1_750' title='bbox 476 4791 575 4845; x_wconf 87' lang='lat' dir='ltr'><strong>des</strong></span> <span class='ocrx_word' id='word_1_751' title='bbox 601 4791 912 4846; x_wconf 80' lang='lat' dir='ltr'><strong>duodecim.</strong></span> <span class='ocrx_word' id='word_1_752' title='bbox 949 4791 1010 4846; x_wconf 81' lang='lat' dir='ltr'><strong>Et</strong></span> <span class='ocrx_word' id='word_1_753' title='bbox 1047 4793 1139 4864; x_wconf 89' lang='lat' dir='ltr'><strong>qui</strong></span> <span class='ocrx_word' id='word_1_754' title='bbox 1188 4793 1468 4864; x_wconf 85' lang='lat' dir='ltr'><strong>reliquerit</strong></span> <span class='ocrx_word' id='word_1_755' title='bbox 1519 4793 1764 4856; x_wconf 89' lang='lat' dir='ltr'><strong>domum,</strong></span> <span class='ocrx_word' id='word_1_756' title='bbox 1803 4810 1822 4843; x_wconf 76' lang='grc' dir='ltr'><strong>ι</strong></span> <span class='ocrx_word' id='word_1_757' title='bbox 1857 4802 1910 4847; x_wconf 92' lang='lat' dir='ltr'><strong>et</strong></span> <span class='ocrx_word' id='word_1_758' title='bbox 1933 4808 2055 4861; x_wconf 69' lang='lat' dir='ltr'><strong>quae</strong></span> 
     </span>
    </p>
   </div>
   <div class='ocr_carea' id='block_1_97' title="bbox 477 4883 2052 4955">
    <p class='ocr_par' dir='ltr' id='par_1_97' title="bbox 477 4883 2052 4955">
     <span class='ocr_line' id='line_1_97' title="bbox 477 4883 2052 4955; baseline 0.002 -18"><span class='ocrx_word' id='word_1_759' title='bbox 477 4889 802 4953; x_wconf 86' lang='lat' dir='ltr'><strong>sequuntur.</strong></span> <span class='ocrx_word' id='word_1_760' title='bbox 872 4883 1138 4938; x_wconf 89' lang='lat' dir='ltr'><strong>Subditur</strong></span> <span class='ocrx_word' id='word_1_761' title='bbox 1198 4886 1458 4954; x_wconf 90' lang='lat' dir='ltr'><strong>parabola</strong></span> <span class='ocrx_word' id='word_1_762' title='bbox 1495 4885 1874 4954; x_wconf 89' lang='lat' dir='ltr'><strong>operariorum</strong></span> <span class='ocrx_word' id='word_1_763' title='bbox 1907 4885 2052 4955; x_wconf 87' lang='lat' dir='ltr'><strong>(cap.</strong></span> 
     </span>
    </p>
   </div>
   <div class='ocr_carea' id='block_1_98' title="bbox 475 4975 2055 5048">
    <p class='ocr_par' dir='ltr' id='par_1_98' title="bbox 475 4975 2055 5048">
     <span class='ocr_line' id='line_1_98' title="bbox 475 4975 2055 5048; baseline 0.002 -18"><span class='ocrx_word' id='word_1_764' title='bbox 475 4978 591 5048; x_wconf 76' lang='lat' dir='ltr'><strong>xx).</strong></span> <span class='ocrx_word' id='word_1_765' title='bbox 624 4977 940 5032; x_wconf 86' lang='lat' dir='ltr'><strong>Ascendens</strong></span> <span class='ocrx_word' id='word_1_766' title='bbox 967 4975 1362 5048; x_wconf 76' lang='lat' dir='ltr'><strong>Jerosolymam</strong></span> <span class='ocrx_word' id='word_1_767' title='bbox 1399 4978 1644 5048; x_wconf 88' lang='lat' dir='ltr'><strong>loquitur</strong></span> <span class='ocrx_word' id='word_1_768' title='bbox 1674 4977 1961 5047; x_wconf 89' lang='lat' dir='ltr'><strong>discipulis</strong></span> <span class='ocrx_word' id='word_1_769' title='bbox 1987 4978 2055 5032; x_wconf 87' lang='lat' dir='ltr'><strong>de</strong></span> 
     </span>
    </p>
   </div>
   <div class='ocr_carea' id='block_1_99' title="bbox 477 5066 2049 5138">
    <p class='ocr_par' dir='ltr' id='par_1_99' title="bbox 477 5066 2049 5138">
     <span class='ocr_line' id='line_1_99' title="bbox 477 5066 2049 5138; baseline 0.002 -18"><span class='ocrx_word' id='word_1_770' title='bbox 477 5076 652 5122; x_wconf 90' lang='lat' dir='ltr'><strong>morte</strong></span> <span class='ocrx_word' id='word_1_771' title='bbox 682 5084 803 5124; x_wconf 89' lang='lat' dir='ltr'><strong>sua.</strong></span> <span class='ocrx_word' id='word_1_772' title='bbox 834 5066 980 5122; x_wconf 85' lang='lat' dir='ltr'><strong>Uxor</strong></span> <span class='ocrx_word' id='word_1_773' title='bbox 1011 5067 1255 5122; x_wconf 81' lang='lat' dir='ltr'><strong>Zebedaei</strong></span> <span class='ocrx_word' id='word_1_774' title='bbox 1286 5069 1419 5137; x_wconf 92' lang='lat' dir='ltr'><strong>pctit</strong></span> <span class='ocrx_word' id='word_1_775' title='bbox 1447 5069 1738 5138; x_wconf 88' lang='lat' dir='ltr'><strong>primatum</strong></span> <span class='ocrx_word' id='word_1_776' title='bbox 1765 5069 1889 5123; x_wconf 85' lang='lat' dir='ltr'><strong>filiis</strong></span> <span class='ocrx_word' id='word_1_777' title='bbox 1914 5069 2049 5123; x_wconf 84' lang='lat' dir='ltr'><strong>suis.</strong></span> 
     </span>
    </p>
   </div>
   <div class='ocr_carea' id='block_1_100' title="bbox 480 5158 2052 5230">
    <p class='ocr_par' dir='ltr' id='par_1_100' title="bbox 480 5158 2052 5230">
     <span class='ocr_line' id='line_1_100' title="bbox 480 5158 2052 5230; baseline 0.002 -19"><span class='ocrx_word' id='word_1_778' title='bbox 480 5161 608 5214; x_wconf 87' lang='lat' dir='ltr'><strong>Zelo</strong></span> <span class='ocrx_word' id='word_1_779' title='bbox 638 5168 929 5215; x_wconf 87' lang='lat' dir='ltr'><strong>moventur</strong></span> <span class='ocrx_word' id='word_1_780' title='bbox 984 5160 1240 5230; x_wconf 88' lang='lat' dir='ltr'><strong>apostoli,</strong></span> <span class='ocrx_word' id='word_1_781' title='bbox 1283 5168 1337 5214; x_wconf 89' lang='lat' dir='ltr'><strong>et</strong></span> <span class='ocrx_word' id='word_1_782' title='bbox 1374 5161 1722 5214; x_wconf 84' lang='lat' dir='ltr'><strong>erudiuntur.</strong></span> <span class='ocrx_word' id='word_1_783' title='bbox 1774 5158 2052 5214; x_wconf 88' lang='lat' dir='ltr'><strong>Curantur</strong></span> 
     </span>
    </p>
   </div>
   <div class='ocr_carea' id='block_1_101' title="bbox 477 5249 2051 5320">
    <p class='ocr_par' dir='ltr' id='par_1_101' title="bbox 477 5249 2051 5320">
     <span class='ocr_line' id='line_1_101' title="bbox 477 5249 2051 5320; baseline 0.001 -18"><span class='ocrx_word' id='word_1_784' title='bbox 477 5251 587 5304; x_wconf 90' lang='lat' dir='ltr'><strong>duo</strong></span> <span class='ocrx_word' id='word_1_785' title='bbox 615 5253 744 5305; x_wconf 63' lang='lat' dir='ltr'><strong>caeci</strong></span> <span class='ocrx_word' id='word_1_786' title='bbox 776 5268 806 5307; x_wconf 91' lang='lat' dir='ltr'><strong>e</strong></span> <span class='ocrx_word' id='word_1_787' title='bbox 827 5252 1065 5308; x_wconf 74' lang='lat' dir='ltr'><strong>.lcricho.</strong></span> <span class='ocrx_word' id='word_1_788' title='bbox 1108 5249 1469 5320; x_wconf 77' lang='lat' dir='ltr'><strong>Subjnngitur</strong></span> <span class='ocrx_word' id='word_1_789' title='bbox 1515 5251 1746 5306; x_wconf 90' lang='lat' dir='ltr'><strong>historia</strong></span> <span class='ocrx_word' id='word_1_790' title='bbox 1797 5251 1865 5305; x_wconf 85' lang='lat' dir='ltr'><strong>de</strong></span> <span class='ocrx_word' id='word_1_791' title='bbox 1895 5251 2051 5306; x_wconf 91' lang='lat' dir='ltr'><strong>asina</strong></span> 
     </span>
    </p>
   </div>
   <div class='ocr_carea' id='block_1_102' title="bbox 479 5339 2048 5414">
    <p class='ocr_par' dir='ltr' id='par_1_102' title="bbox 479 5339 2048 5414">
     <span class='ocr_line' id='line_1_102' title="bbox 479 5339 2048 5414; baseline 0.003 -20"><span class='ocrx_word' id='word_1_792' title='bbox 479 5339 616 5410; x_wconf 85' lang='lat' dir='ltr'><strong>(cap.</strong></span> <span class='ocrx_word' id='word_1_793' title='bbox 649 5343 782 5414; x_wconf 73' lang='lat' dir='ltr'><strong>ut).</strong></span> <span class='ocrx_word' id='word_1_794' title='bbox 809 5344 1118 5412; x_wconf 83' lang='lat' dir='ltr'><strong>Ingreditur</strong></span> <span class='ocrx_word' id='word_1_795' title='bbox 1147 5346 1200 5398; x_wconf 93' lang='lat' dir='ltr'><strong>in</strong></span> <span class='ocrx_word' id='word_1_796' title='bbox 1231 5344 1492 5414; x_wconf 91' lang='lat' dir='ltr'><strong>templum</strong></span> <span class='ocrx_word' id='word_1_797' title='bbox 1520 5363 1532 5398; x_wconf 76' lang='grc' dir='ltr'>ε</span> <span class='ocrx_word' id='word_1_798' title='bbox 1559 5343 1708 5411; x_wconf 85' lang='lat' dir='ltr'><strong>ejieit</strong></span> <span class='ocrx_word' id='word_1_799' title='bbox 1730 5343 2048 5406; x_wconf 87' lang='lat' dir='ltr'><strong>vendentes.</strong></span> 
     </span>
    </p>
   </div>
   <div class='ocr_carea' id='block_1_103' title="bbox 479 5426 2051 5497">
    <p class='ocr_par' dir='ltr' id='par_1_103' title="bbox 479 5426 2051 5497">
     <span class='ocr_line' id='line_1_103' title="bbox 479 5426 2051 5497; baseline 0.003 -20"><span class='ocrx_word' id='word_1_800' title='bbox 479 5432 636 5477; x_wconf 85' lang='lat' dir='ltr'><strong>curat</strong></span> <span class='ocrx_word' id='word_1_801' title='bbox 664 5426 984 5481; x_wconf 82' lang='lat' dir='ltr'><strong>accedentes</strong></span> <span class='ocrx_word' id='word_1_802' title='bbox 1005 5442 1201 5495; x_wconf 64' lang='lat' dir='ltr'><strong>mgros.</strong></span> <span class='ocrx_word' id='word_1_803' title='bbox 1225 5427 1429 5482; x_wconf 89' lang='lat' dir='ltr'><strong>Deinde</strong></span> <span class='ocrx_word' id='word_1_804' title='bbox 1452 5429 1602 5497; x_wconf 88' lang='lat' dir='ltr'><strong>pueri</strong></span> <span class='ocrx_word' id='word_1_805' title='bbox 1628 5427 1887 5497; x_wconf 81' lang='lat' dir='ltr'><strong>hymnum</strong></span> <span class='ocrx_word' id='word_1_806' title='bbox 1918 5445 2051 5483; x_wconf 88' lang='lat' dir='ltr'><strong>con-</strong></span> 
     </span>
    </p>
   </div>
   <div class='ocr_carea' id='block_1_104' title="bbox 479 5514 2050 5592">
    <p class='ocr_par' dir='ltr' id='par_1_104' title="bbox 479 5514 2050 5592">
     <span class='ocr_line' id='line_1_104' title="bbox 479 5514 2050 5592; baseline 0.006 -26"><span class='ocrx_word' id='word_1_807' title='bbox 479 5515 689 5568; x_wconf 88' lang='lat' dir='ltr'><strong>einunt.</strong></span> <span class='ocrx_word' id='word_1_808' title='bbox 726 5514 1015 5585; x_wconf 80' lang='lat' dir='ltr'><strong>Egreditur</strong></span> <span class='ocrx_word' id='word_1_809' title='bbox 1053 5517 1394 5583; x_wconf 87' lang='lat' dir='ltr'><strong>Bethaniam,</strong></span> <span class='ocrx_word' id='word_1_810' title='bbox 1425 5527 1479 5572; x_wconf 91' lang='lat' dir='ltr'><strong>et</strong></span> <span class='ocrx_word' id='word_1_811' title='bbox 1515 5534 1638 5574; x_wconf 90' lang='lat' dir='ltr'><strong>cum</strong></span> <span class='ocrx_word' id='word_1_812' title='bbox 1670 5521 2050 5592; x_wconf 77' lang='lat' dir='ltr'><strong>regrederetur</strong></span> 
     </span>
    </p>
   </div>
   <div class='ocr_carea' id='block_1_105' title="bbox 2157 4605 3741 4680">
    <p class='ocr_par' dir='ltr' id='par_1_105' title="bbox 2157 4605 3741 4680">
     <span class='ocr_line' id='line_1_105' title="bbox 2157 4605 3741 4680; baseline 0.005 -23"><span class='ocrx_word' id='word_1_813' title='bbox 2157 4605 2462 4676; x_wconf 82' lang='grc' dir='ltr'>ὀφείλοντος</span> <span class='ocrx_word' id='word_1_814' title='bbox 2496 4609 2754 4662; x_wconf 82' lang='grc' dir='ltr'>τάλαντα.</span> <span class='ocrx_word' id='word_1_815' title='bbox 2785 4605 2988 4662; x_wconf 87' lang='grc' dir='ltr'>Ἦλθεν</span> <span class='ocrx_word' id='word_1_816' title='bbox 3012 4609 3090 4672; x_wconf 89' lang='grc' dir='ltr'><strong>είς</strong></span> <span class='ocrx_word' id='word_1_817' title='bbox 3119 4608 3216 4680; x_wconf 79' lang='grc' dir='ltr'>τὴν</span> <span class='ocrx_word' id='word_1_818' title='bbox 3258 4609 3537 4664; x_wconf 85' lang='grc' dir='ltr'>Ἰουδαίαν.</span> <span class='ocrx_word' id='word_1_819' title='bbox 3589 4610 3741 4664; x_wconf 82' lang='grc' dir='ltr'>Ἐθε-</span> 
     </span>
    </p>
   </div>
   <div class='ocr_carea' id='block_1_106' title="bbox 2163 4697 3741 4773">
    <p class='ocr_par' dir='ltr' id='par_1_106' title="bbox 2163 4697 3741 4773">
     <span class='ocr_line' id='line_1_106' title="bbox 2163 4697 3741 4773; baseline 0.001 -20"><span class='ocrx_word' id='word_1_820' title='bbox 2163 4701 2402 4771; x_wconf 88' lang='grc' dir='ltr'>ράπευσε</span> <span class='ocrx_word' id='word_1_821' title='bbox 2449 4699 2694 4763; x_wconf 80' lang='grc' dir='ltr'>πολλούς.</span> <span class='ocrx_word' id='word_1_822' title='bbox 2730 4701 2990 4754; x_wconf 87' lang='grc' dir='ltr'>Ἑπέλυσε</span> <span class='ocrx_word' id='word_1_823' title='bbox 3026 4699 3086 4753; x_wconf 85' lang='grc' dir='ltr'><strong>τὸ</strong></span> <span class='ocrx_word' id='word_1_824' title='bbox 3107 4697 3202 4751; x_wconf 80' lang='grc' dir='ltr'>τοῦ</span> <span class='ocrx_word' id='word_1_825' title='bbox 3227 4700 3578 4753; x_wconf 81' lang='grc' dir='ltr'>ἀποστασίου.</span> <span class='ocrx_word' id='word_1_826' title='bbox 3605 4703 3741 4773; x_wconf 73' lang='grc' dir='ltr'>Περὶ</span> 
     </span>
    </p>
   </div>
   <div class='ocr_carea' id='block_1_107' title="bbox 2160 4791 3738 4864">
    <p class='ocr_par' dir='ltr' id='par_1_107' title="bbox 2160 4791 3738 4864">
     <span class='ocr_line' id='line_1_107' title="bbox 2160 4791 3738 4864; baseline 0.001 -20"><span class='ocrx_word' id='word_1_827' title='bbox 2160 4791 2360 4862; x_wconf 88' lang='grc' dir='ltr'>τρόπου</span> <span class='ocrx_word' id='word_1_828' title='bbox 2407 4793 2765 4864; x_wconf 77' lang='grc' dir='ltr'>εὐνουχισμοῦ</span> <span class='ocrx_word' id='word_1_829' title='bbox 2819 4791 3144 4860; x_wconf 85' lang='grc' dir='ltr'>διαλέγεται.</span> <span class='ocrx_word' id='word_1_830' title='bbox 3181 4792 3410 4861; x_wconf 75' lang='grc' dir='ltr'>Εὐλογεῖ</span> <span class='ocrx_word' id='word_1_831' title='bbox 3431 4793 3500 4846; x_wconf 86' lang='grc' dir='ltr'>τὰ</span> <span class='ocrx_word' id='word_1_832' title='bbox 3528 4794 3738 4848; x_wconf 80' lang='grc' dir='ltr'>παιδία.</span> 
     </span>
    </p>
   </div>
   <div class='ocr_carea' id='block_1_108' title="bbox 2160 4884 3736 4956">
    <p class='ocr_par' dir='ltr' id='par_1_108' title="bbox 2160 4884 3736 4956">
     <span class='ocr_line' id='line_1_108' title="bbox 2160 4884 3736 4956; baseline 0.001 -18"><span class='ocrx_word' id='word_1_833' title='bbox 2160 4885 2529 4956; x_wconf 84' lang='grc' dir='ltr'>Προσέρχεται</span> <span class='ocrx_word' id='word_1_834' title='bbox 2588 4887 2617 4938; x_wconf 84' lang='grc' dir='ltr'><strong>ὁ</strong></span> <span class='ocrx_word' id='word_1_835' title='bbox 2682 4885 2955 4948; x_wconf 76' lang='grc' dir='ltr'>πλούσιος.</span> <span class='ocrx_word' id='word_1_836' title='bbox 3023 4884 3328 4955; x_wconf 86' lang='grc' dir='ltr'>Ἐρωτῶσιν</span> <span class='ocrx_word' id='word_1_837' title='bbox 3368 4887 3418 4938; x_wconf 74' lang='lat' dir='ltr'><strong>oi</strong></span> <span class='ocrx_word' id='word_1_838' title='bbox 3463 4885 3706 4956; x_wconf 87' lang='grc' dir='ltr'>μαθηταί</span> <span class='ocrx_word' id='word_1_839' title='bbox 3723 4926 3736 4948; x_wconf 87' lang='grc'><strong>,</strong></span> 
     </span>
    </p>
   </div>
   <div class='ocr_carea' id='block_1_109' title="bbox 2166 4977 3740 5048">
    <p class='ocr_par' dir='ltr' id='par_1_109' title="bbox 2166 4977 3740 5048">
     <span class='ocr_line' id='line_1_109' title="bbox 2166 4977 3740 5048; baseline 0.003 -20"><span class='ocrx_word' id='word_1_840' title='bbox 2166 4995 2184 5027; x_wconf 78' lang='grc' dir='ltr'><strong>ι</strong></span> <span class='ocrx_word' id='word_1_841' title='bbox 2215 4978 2310 5040; x_wconf 85' lang='grc' dir='ltr'><strong>Τίς</strong></span> <span class='ocrx_word' id='word_1_842' title='bbox 2337 4978 2560 5032; x_wconf 87' lang='grc' dir='ltr'>δύναται</span> <span class='ocrx_word' id='word_1_843' title='bbox 2587 4977 2859 5048; x_wconf 83' lang='grc' dir='ltr'>σωθῆναι;</span> <span class='ocrx_word' id='word_1_844' title='bbox 2897 4997 2914 5028; x_wconf 70' lang='grc' dir='ltr'><strong>ι</strong></span> <span class='ocrx_word' id='word_1_845' title='bbox 2949 4977 3081 5030; x_wconf 86' lang='grc' dir='ltr'>Τότε</span> <span class='ocrx_word' id='word_1_846' title='bbox 3112 4977 3291 5046; x_wconf 87' lang='grc' dir='ltr'>λέγει·</span> <span class='ocrx_word' id='word_1_847' title='bbox 3323 4996 3342 5028; x_wconf 80' lang='grc' dir='ltr'><strong>ι</strong></span> <span class='ocrx_word' id='word_1_848' title='bbox 3388 4978 3510 5031; x_wconf 79' lang='grc' dir='ltr'>Ἐπὶ</span> <span class='ocrx_word' id='word_1_849' title='bbox 3531 4977 3740 5032; x_wconf 83' lang='grc' dir='ltr'>δώδεκα</span> 
     </span>
    </p>
   </div>
   <div class='ocr_carea' id='block_1_110' title="bbox 2161 5067 3740 5138">
    <p class='ocr_par' dir='ltr' id='par_1_110' title="bbox 2161 5067 3740 5138">
     <span class='ocr_line' id='line_1_110' title="bbox 2161 5067 3740 5138; baseline 0.002 -19"><span class='ocrx_word' id='word_1_850' title='bbox 2161 5067 2381 5138; x_wconf 88' lang='grc' dir='ltr'>θρόνους</span> <span class='ocrx_word' id='word_1_851' title='bbox 2398 5067 2702 5138; x_wconf 88' lang='grc' dir='ltr'>καθήσεσθε</span> <span class='ocrx_word' id='word_1_852' title='bbox 2723 5079 2770 5118; x_wconf 73' lang='grc'><strong>⁸)</strong></span> <span class='ocrx_word' id='word_1_853' title='bbox 2796 5068 2909 5131; x_wconf 80' lang='grc' dir='ltr'>καὶ,</span> <span class='ocrx_word' id='word_1_854' title='bbox 2939 5087 2956 5118; x_wconf 80' lang='grc' dir='ltr'><strong>ι</strong></span> <span class='ocrx_word' id='word_1_855' title='bbox 2974 5069 3068 5130; x_wconf 89' lang='grc' dir='ltr'>Ὃς</span> <span class='ocrx_word' id='word_1_856' title='bbox 3090 5068 3298 5138; x_wconf 74' lang='grc' dir='ltr'>ἀφῆκεν</span> <span class='ocrx_word' id='word_1_857' title='bbox 3314 5067 3510 5131; x_wconf 75' lang='grc' dir='ltr'>οἰκίας,</span> <span class='ocrx_word' id='word_1_858' title='bbox 3526 5088 3542 5118; x_wconf 78' lang='grc' dir='ltr'><strong>ι</strong></span> <span class='ocrx_word' id='word_1_859' title='bbox 3567 5070 3660 5121; x_wconf 76' lang='grc' dir='ltr'>καὶ</span> <span class='ocrx_word' id='word_1_860' title='bbox 3674 5069 3740 5122; x_wconf 76' lang='grc' dir='ltr'><strong>τά</strong></span> 
     </span>
    </p>
   </div>
   <div class='ocr_carea' id='block_1_111' title="bbox 2159 5155 3739 5232">
    <p class='ocr_par' dir='ltr' id='par_1_111' title="bbox 2159 5155 3739 5232">
     <span class='ocr_line' id='line_1_111' title="bbox 2159 5155 3739 5232; baseline -0.001 -20"><span class='ocrx_word' id='word_1_861' title='bbox 2159 5159 2306 5230; x_wconf 79' lang='grc' dir='ltr'>ἑξῆς.</span> <span class='ocrx_word' id='word_1_862' title='bbox 2367 5155 2502 5213; x_wconf 86' lang='grc' dir='ltr'>Εἶτα</span> <span class='ocrx_word' id='word_1_863' title='bbox 2535 5159 2818 5229; x_wconf 82' lang='grc' dir='ltr'>παραϐολὴ</span> <span class='ocrx_word' id='word_1_864' title='bbox 2846 5160 2955 5212; x_wconf 86' lang='grc' dir='ltr'><strong>τῶν</strong></span> <span class='ocrx_word' id='word_1_865' title='bbox 2999 5161 3266 5232; x_wconf 77' lang='grc' dir='ltr'>ἐργατῶν.</span> <span class='ocrx_word' id='word_1_866' title='bbox 3300 5161 3409 5214; x_wconf 74' lang='grc' dir='ltr'>Καὶ</span> <span class='ocrx_word' id='word_1_867' title='bbox 3431 5160 3739 5214; x_wconf 86' lang='grc' dir='ltr'>ἀναϐαίνων</span> 
     </span>
    </p>
   </div>
   <div class='ocr_carea' id='block_1_112' title="bbox 2159 5248 3739 5324">
    <p class='ocr_par' dir='ltr' id='par_1_112' title="bbox 2159 5248 3739 5324">
     <span class='ocr_line' id='line_1_112' title="bbox 2159 5248 3739 5324; baseline 0.001 -20"><span class='ocrx_word' id='word_1_868' title='bbox 2159 5255 2239 5314; x_wconf 87' lang='grc' dir='ltr'><strong>είς</strong></span> <span class='ocrx_word' id='word_1_869' title='bbox 2274 5252 2638 5322; x_wconf 85' lang='grc' dir='ltr'>Ἱεροσόλυμα,</span> <span class='ocrx_word' id='word_1_870' title='bbox 2665 5248 2784 5305; x_wconf 79' lang='grc' dir='ltr'>εἷπε</span> <span class='ocrx_word' id='word_1_871' title='bbox 2804 5255 2917 5316; x_wconf 89' lang='grc' dir='ltr'>τοῖς</span> <span class='ocrx_word' id='word_1_872' title='bbox 2942 5252 3208 5324; x_wconf 88' lang='grc' dir='ltr'>μαθηταῖς</span> <span class='ocrx_word' id='word_1_873' title='bbox 3232 5252 3474 5323; x_wconf 77' lang='grc' dir='ltr'>περὶτοῦ</span> <span class='ocrx_word' id='word_1_874' title='bbox 3506 5251 3739 5306; x_wconf 79' lang='grc' dir='ltr'>θανάτου</span> 
     </span>
    </p>
   </div>
   <div class='ocr_carea' id='block_1_113' title="bbox 2159 5342 3740 5418">
    <p class='ocr_par' dir='ltr' id='par_1_113' title="bbox 2159 5342 3740 5418">
     <span class='ocr_line' id='line_1_113' title="bbox 2159 5342 3740 5418; baseline 0.001 -22"><span class='ocrx_word' id='word_1_875' title='bbox 2159 5342 2346 5397; x_wconf 82' lang='grc' dir='ltr'>αὐτοῦ.</span> <span class='ocrx_word' id='word_1_876' title='bbox 2387 5344 2452 5396; x_wconf 86' lang='grc' dir='ltr'>Ἡ</span> <span class='ocrx_word' id='word_1_877' title='bbox 2489 5344 2626 5415; x_wconf 81' lang='grc' dir='ltr'>γυνὴ</span> <span class='ocrx_word' id='word_1_878' title='bbox 2656 5344 2936 5398; x_wconf 83' lang='grc' dir='ltr'>Ζεϐεδαίου</span> <span class='ocrx_word' id='word_1_879' title='bbox 2970 5344 3111 5410; x_wconf 80' lang='grc' dir='ltr'>ἀξιοῖ</span> <span class='ocrx_word' id='word_1_880' title='bbox 3149 5345 3288 5418; x_wconf 85' lang='grc' dir='ltr'>ὑπὲρ</span> <span class='ocrx_word' id='word_1_881' title='bbox 3318 5344 3424 5398; x_wconf 89' lang='grc' dir='ltr'><strong>τῶν</strong></span> <span class='ocrx_word' id='word_1_882' title='bbox 3451 5345 3583 5397; x_wconf 91' lang='grc' dir='ltr'>υίῶν</span> <span class='ocrx_word' id='word_1_883' title='bbox 3613 5347 3740 5418; x_wconf 74' lang='grc' dir='ltr'>περὶ</span> 
     </span>
    </p>
   </div>
   <div class='ocr_carea' id='block_1_114' title="bbox 2159 5433 3735 5509">
    <p class='ocr_par' dir='ltr' id='par_1_114' title="bbox 2159 5433 3735 5509">
     <span class='ocr_line' id='line_1_114' title="bbox 2159 5433 3735 5509; baseline 0.001 -22"><span class='ocrx_word' id='word_1_884' title='bbox 2159 5433 2463 5504; x_wconf 86' lang='grc' dir='ltr'>πρωτείων.</span> <span class='ocrx_word' id='word_1_885' title='bbox 2524 5437 2586 5488; x_wconf 91' lang='grc' dir='ltr'>Οἱ</span> <span class='ocrx_word' id='word_1_886' title='bbox 2639 5436 2924 5490; x_wconf 85' lang='grc' dir='ltr'>ἀπόστολοι</span> <span class='ocrx_word' id='word_1_887' title='bbox 2963 5435 3204 5509; x_wconf 74' lang='grc' dir='ltr'>ζηλοῦσι,</span> <span class='ocrx_word' id='word_1_888' title='bbox 3239 5438 3333 5492; x_wconf 79' lang='grc' dir='ltr'><strong>καὶ</strong></span> <span class='ocrx_word' id='word_1_889' title='bbox 3372 5437 3735 5491; x_wconf 80' lang='grc' dir='ltr'>παιδεύονται.</span> 
     </span>
    </p>
   </div>
   <div class='ocr_carea' id='block_1_115' title="bbox 2157 5520 3740 5599">
    <p class='ocr_par' dir='ltr' id='par_1_115' title="bbox 2157 5520 3740 5599">
     <span class='ocr_line' id='line_1_115' title="bbox 2157 5520 3740 5599; baseline 0.003 -25"><span class='ocrx_word' id='word_1_890' title='bbox 2157 5520 2560 5592; x_wconf 81' lang='grc' dir='ltr'>Θεραπεύονται</span> <span class='ocrx_word' id='word_1_891' title='bbox 2591 5525 2641 5578; x_wconf 90' lang='grc' dir='ltr'><strong>οί</strong></span> <span class='ocrx_word' id='word_1_892' title='bbox 2674 5524 2767 5578; x_wconf 80' lang='grc' dir='ltr'><strong>δύο</strong></span> <span class='ocrx_word' id='word_1_893' title='bbox 2799 5525 2989 5595; x_wconf 79' lang='grc' dir='ltr'>τυφλοὶ</span> <span class='ocrx_word' id='word_1_894' title='bbox 3019 5526 3077 5593; x_wconf 79' lang='grc' dir='ltr'><strong>ἐξ</strong></span> <span class='ocrx_word' id='word_1_895' title='bbox 3116 5526 3484 5599; x_wconf 81' lang='grc' dir='ltr'>Ἱεριχοῦντος.</span> <span class='ocrx_word' id='word_1_896' title='bbox 3514 5527 3647 5581; x_wconf 69' lang='grc' dir='ltr'>Εἶτα</span> <span class='ocrx_word' id='word_1_897' title='bbox 3672 5526 3740 5579; x_wconf 76' lang='grc' dir='ltr'><strong>τά</strong></span> 
     </span>
    </p>
   </div>
   <div class='ocr_carea' id='block_1_116' title="bbox 549 5717 3730 5806">
    <p class='ocr_par' dir='ltr' id='par_1_116' title="bbox 549 5717 3730 5806">
     <span class='ocr_line' id='line_1_116' title="bbox 549 5717 3730 5806; baseline 0.008 -42"><span class='ocrx_word' id='word_1_898' title='bbox 549 5717 821 5806; x_wconf 42' lang='grc' dir='ltr'><strong>’ξι</strong></span> <span class='ocrx_word' id='word_1_899' title='bbox 865 5721 1130 5806; x_wconf 47' lang='grc' dir='ltr'>χιιιζιὸἶ..</span> <span class='ocrx_word' id='word_1_900' title='bbox 1198 5723 1243 5753; x_wconf 85' lang='grc'><strong><em>⁵⁷</em></strong></span> <span class='ocrx_word' id='word_1_901' title='bbox 1285 5722 1474 5806; x_wconf 49' lang='lat' dir='ltr'><strong>Matth.</strong></span> <span class='ocrx_word' id='word_1_902' title='bbox 1515 5740 1682 5806; x_wconf 48' lang='lat' dir='ltr'><strong>Hm,</strong></span> <span class='ocrx_word' id='word_1_903' title='bbox 1715 5725 1767 5781; x_wconf 85' lang='lat'><strong>6.</strong></span> <span class='ocrx_word' id='word_1_904' title='bbox 1846 5728 1891 5759; x_wconf 81' lang='grc'><strong>⁸⁸</strong></span> <span class='ocrx_word' id='word_1_905' title='bbox 1931 5726 2065 5781; x_wconf 84' lang='lat' dir='ltr'><strong>ibid.</strong></span> <span class='ocrx_word' id='word_1_906' title='bbox 2100 5727 2153 5782; x_wconf 85' lang='lat'><strong>8.</strong></span> <span class='ocrx_word' id='word_1_907' title='bbox 2232 5728 2276 5761; x_wconf 84' lang='lat'><strong>&quot;</strong></span> <span class='ocrx_word' id='word_1_908' title='bbox 2316 5727 2448 5784; x_wconf 86' lang='lat' dir='ltr'><strong>ibid.</strong></span> <span class='ocrx_word' id='word_1_909' title='bbox 2497 5730 2581 5784; x_wconf 81' lang='grc'><strong>10.</strong></span> <span class='ocrx_word' id='word_1_910' title='bbox 2660 5730 2704 5762; x_wconf 79' lang='grc'>⁸⁸</span> <span class='ocrx_word' id='word_1_911' title='bbox 2744 5729 2934 5786; x_wconf 82' lang='lat' dir='ltr'><strong>Matth.</strong></span> <span class='ocrx_word' id='word_1_912' title='bbox 2969 5747 3138 5798; x_wconf 79' lang='lat' dir='ltr'><strong>xvm,</strong></span> <span class='ocrx_word' id='word_1_913' title='bbox 3207 5733 3290 5788; x_wconf 68' lang='lat'><strong>15.</strong></span> <span class='ocrx_word' id='word_1_914' title='bbox 3335 5733 3413 5806; x_wconf 78' lang='lat'><strong>_“</strong></span> <span class='ocrx_word' id='word_1_915' title='bbox 3474 5735 3608 5791; x_wconf 84' lang='lat' dir='ltr'><strong>ibid.</strong></span> <span class='ocrx_word' id='word_1_916' title='bbox 3649 5738 3730 5792; x_wconf 83' lang='lat' dir='ltr'><strong>I9.</strong></span> 
     </span>
    </p>
   </div>
   <div class='ocr_carea' id='block_1_117' title="bbox 480 5783 1607 5858">
    <p class='ocr_par' dir='ltr' id='par_1_117' title="bbox 480 5783 1607 5858">
     <span class='ocr_line' id='line_1_117' title="bbox 480 5783 1607 5858; baseline 0.01 -18"><span class='ocrx_word' id='word_1_917' title='bbox 480 5783 526 5816; x_wconf 82' lang='lat'><strong>&quot;</strong></span> <span class='ocrx_word' id='word_1_918' title='bbox 567 5789 697 5843; x_wconf 89' lang='lat' dir='ltr'><strong>ibid.</strong></span> <span class='ocrx_word' id='word_1_919' title='bbox 733 5791 820 5845; x_wconf 73' lang='lat'><strong>2|.</strong></span> <span class='ocrx_word' id='word_1_920' title='bbox 899 5792 943 5822; x_wconf 82' lang='lat'>“</span> <span class='ocrx_word' id='word_1_921' title='bbox 982 5791 1170 5846; x_wconf 77' lang='lat' dir='ltr'><strong>Matth.</strong></span> <span class='ocrx_word' id='word_1_922' title='bbox 1211 5809 1331 5856; x_wconf 75' lang='lat' dir='ltr'><strong>xu,</strong></span> <span class='ocrx_word' id='word_1_923' title='bbox 1371 5793 1475 5858; x_wconf 69' lang='lat'><strong>25,</strong></span> <span class='ocrx_word' id='word_1_924' title='bbox 1515 5794 1607 5851; x_wconf 74' lang='lat'><strong>23.</strong></span> 
     </span>
    </p>
   </div>
  </div>
