3958 6506
158 369 257 428 m9

1268 367 1602 425 srnopsrs
1641 366 2059 426 SCRIPTUME
2102 344 2371 427 saeua.

3321 375 3432 434 590

158 485 291 540 κατά
320 483 419 539 τδν
445 485 600 542 δνον.
632 484 949 558 Είσέρχεται
971 485 1049 551 είς
1069 485 1131 540 τὸ
1158 486 1320 559 ίερὸν,
1342 489 1591 544 ἐκϐάλλει
1616 488 1742 553 τοὺς

1844 485 2240 561 Jerosolymam
2290 476 2520 546 arefacit
2570 486 2755 553 ﬁcum,
2789 488 3034 560 dicitque
3088 487 3427 560 discipulis:

159 575 495 643 ςαῡλοῦντας,
563 577 856 649 θεραπεύει
900 579 1028 642 τοὺς
1077 579 1491 651 προσελθόντας.
1526 577 1658 635 Εἶτα
1685 583 1754 637 τά

158 669 335 722 παιδία
367 669 562 738 ὑμνεῖ.
604 667 914 740 Ἐξέρχεται
956 672 1037 733 είς
1064 669 1357 741 Βηθανίαν,
1394 673 1488 726 καὶ
1520 674 1755 745 ἐπανερ-

158 760 376 834 χόμενος
404 762 494 823 εἰς
544 760 914 831 Ἰεροσόλυμα,
950 758 1189 833 ξηραίνει
1210 761 1310 835 τὴν
1332 763 1522 834 συκῆν,
1550 766 1644 817 καὶ
1665 764 1754 817 λέ-

157 868 237 918 γει
255 854 369 913 τοῖς
394 850 682 921 μαθηταῖς
705 868 719 883 ·
746 871 765 904 ι
794 852 913 906 Κᾶν
938 853 1016 924 τῷ
1038 852 1153 925 ὄρει
1176 854 1349 926 τούτῳ
1378 856 1587 927 εἴπητε,
1618 858 1752 930 Βλή-

159 939 272 1012 θητι
300 942 383 1004 εἰς
406 940 519 1012 τὴν
545 941 840 1007 θάλασσαν,
858 945 1166 1016 γενήσεται,
1193 948 1288 1000 καὶ
1316 946 1344 1000 ὃ
1369 946 1462 1001 ἐὰν
1490 950 1749 1021 αἰτήσητε

162 1033 533 1097 πιστεύοντες,
571 1034 824 1106 λήψεσθε.
854 1054 872 1086 ι
904 1034 1213 1109 Ἐρωτῶσιν
1268 1041 1318 1094 oi
1363 1040 1558 1112 ἱερεῖς·
1594 1060 1615 1092 ‹
1661 1043 1750 1095 Ἐν

162 1123 282 1195 ποίᾳ
330 1124 566 1197 ἐξουσίᾳ
602 1126 776 1182 ταῦτα
829 1131 1034 1193 ποιεῖς;
1070 1149 1090 1182 ι
1131 1129 1434 1203 Ἀντερωτᾷ
1474 1133 1602 1203 περὶ
1654 1132 1747 1186 τοῦ

163 1216 544 1287 βαπτίσματος
590 1220 858 1275 Ἰωάννου.
889 1222 1054 1291 Λέγει
1099 1222 1282 1286 αὐτοῖς
1310 1222 1406 1295 τὴν
1438 1224 1748 1298 παραϐολὴν

161 1307 251 1379 τὴν
301 1308 414 1363 τῶν
440 1309 542 1364 δύο
591 1312 746 1377 υἱῶν,
775 1309 892 1367 εἶτα
936 1314 1005 1367 τά
1039 1314 1134 1368 τοῦ
1159 1314 1481 1386 ἀμπελῶνος
1515 1318 1609 1371 καὶ
1640 1318 1748 1371 τῶν

163 1400 406 1473 πονηρῶν
435 1403 697 1473 ἐργατῶν
716 1423 730 1436 ·
768 1401 886 1460 εἶτα
916 1406 986 1461 τά
1010 1407 1103 1461 τοῦ
1128 1407 1331 1480 γάμου,
1357 1407 1453 1462 καὶ
1480 1408 1589 1462 τῶν
1611 1408 1749 1479 φαύ-

160 1488 259 1543 λων
283 1492 579 1565 κλητόρων
610 1495 767 1568 (50⁸).
802 1496 935 1551 Τότε
959 1494 1123 1570 ἦλθον
1155 1501 1203 1553 οί
1234 1500 1471 1554 Ἰουδαῖοι
1496 1501 1749 1571 παγιδεῦ-

164 1599 245 1636 σαι
269 1584 435 1638 αὑτὸν
486 1588 550 1639 ὲν
595 1587 760 1659 λόγῳ.
803 1590 914 1642 Καὶ
946 1590 999 1644 τί
1046 1590 1108 1644 τὸ
1139 1591 1401 1663 νόμισμα.
1442 1594 1746 1666 Ἐρωτῶσιν

162 1675 207 1726 οί
224 1674 581 1731 Σαδδουκαῖοι
610 1679 871 1750 περὶτῆς
900 1680 1242 1754 γαμηθείσης
1268 1686 1382 1747 τοῖς
1415 1683 1556 1737 έπτά
1588 1684 1743 1739 ἀδελ-

166 1770 303 1835 φοῖς⁹
357 1764 482 1822 εἶτα
538 1771 571 1823 ὁ
617 1771 873 1841 νομικός·
902 1762 1059 1826 ¹Ποία
1103 1774 1289 1846 ἐντολὴ
1337 1773 1558 1846 “prb-cn;
1611 1771 1743 1829 Εἶτα

163 1856 330 1928 ἐρωτᾷ
384 1858 599 1922 αὐτοὺς
656 1860 903 1931 Ἰησοῦς·
944 1880 964 1911 ι
1005 1862 1072 1915 Τί
1126 1863 1254 1933 ὑμῖν
1298 1863 1446 1917 δοκεῖ
1475 1866 1603 1937 περὶ
1648 1866 1742 1920 τοῦ

163 1946 421 2021 Χριστοῦ;
462 1967 484 2001 ιν
539 1950 630 2013 Ὠς
654 1950 713 2004 δὲ
769 1953 1261 2027 ὲπεστομίσθησαν,
1303 1954 1607 2024 διαλέγεται
1632 1960 1744 2022 τοῖς

162 2038 324 2110 θχλοις
351 2041 486 2112 περὶ
509 2040 625 2095 τῶν
646 2043 1025 2115 Γραμματέων
1053 2047 1147 2099 καὶ
1172 2047 1501 2118 Φαρισαίων,
1527 2049 1744 2104 ταλανί-

166 2126 261 2193 ζων
295 2130 518 2195 αὐτούς.
590 2128 727 2186 Εἶτα
784 2136 850 2188 ὲκ
897 2134 991 2188 τοῦ
1026 2135 1171 2208 ἱεροῦ
1215 2138 1501 2209 ἀνέρχεται
1539 2143 1620 2206 είς
1652 2143 1741 2197 τὸν

167 2221 405 2287 ὲλαιῶνα,
440 2224 544 2278 καὶ
570 2224 881 2296 διαλέγεται
917 2230 1031 2293 τοῖς
1071 2228 1342 2301 μαθηταῖς
1361 2233 1487 2304 περὶ
1522 2232 1740 2303 μελλόνο

166 2330 281 2368 των.
321 2313 457 2370 Εἶτα
515 2319 553 2390 ἠ
599 2320 884 2393 παραϐολὴ
926 2320 1021 2374 τοῦ
1074 2322 1504 2390 κατασταθέντος
1554 2324 1740 2378 δούλου

169 2408 248 2460 ἐπὶ
265 2408 360 2479 τῆς
380 2409 591 2475 οἰκίας,
629 2413 725 2465 καὶ⁸
750 2414 783 2482 ἡ
816 2411 925 2466 τῶν
948 2412 1080 2466 δέκα
1108 2414 1415 2485 παρθένων,
1447 2417 1542 2469 καὶ
1566 2420 1599 2489 ή
1631 2417 1740 2471 τῶν

170 2498 312 2551 πέντε
336 2499 647 2567 ταλάντων,
668 2502 762 2555 καὶ
787 2503 820 2573 ἡ
854 2502 963 2555 τῶν
980 2504 1204 2577 ἐρίφων,
1228 2508 1377 2580 καὶὴ
1406 2508 1513 2561 τῶν
1534 2507 1741 2581 προϐά-

169 2604 280 2643 των.
330 2593 674 2661 Συνάγονται
729 2595 780 2646 οἱ
826 2596 1101 2667 ἀρχιερεῖς
1149 2598 1244 2652 καὶ
1294 2599 1343 2652 οἱ
1390 2599 1741 2672 Γραμματετς

171 2680 341 2734 πιάσαι
356 2683 546 2737 αὐτόν.
568 2683 627 2738 Ὀ
640 2684 697 2737 δὲ
711 2680 873 2756 ἦλθεν
889 2688 969 2750 εἰς
998 2686 1238 2758 Σίμωνος
1260 2688 1434 2741 οἰκίαν
1461 2690 1541 2753 είς
1564 2688 1742 2759 Βηθα-

172 2772 433 2837 νίαν,ἒνθα
453 2777 489 2849 ή
506 2776 573 2830 τὸ
585 2775 923 2847 ἀλάϐαστρον
950 2776 1194 2851 [ἔχουσα]
1223 2778 1461 2852 ἔρχεται.
1492 2780 1741 2833 Συντίθε-

173 2883 249 2920 ται
264 2870 290 2921 ὁ
303 2867 505 2932 Ἰούδας
519 2871 635 2932 τοῖς
652 2867 947 2933 Ἰουδαίοις.
967 2871 1403 2925 Ἀποστέλλονται
1417 2873 1466 2925 οἱ
1486 2873 1741 2945 Μαθηταὶ

173 2959 432 3030 ἑτοιμάσαι
462 2960 530 3013 τὸ
562 2959 777 3030 Πάσχα.
812 2959 1053 3032 Ἐλέγχει
1077 2960 1169 3014 τὸν
1210 2961 1407 3017 Ἰούδαν
1443 2963 1736 3037 δΧριστός.

170 3050 497 3122 Παραδίδωσι
522 3051 584 3104 τὸ
630 3051 955 3123 μυστήριον,
993 3051 1122 3106 ἔνθα
1157 3052 1331 3122 λέγει·
1370 3072 1389 3106 ι
1425 3053 1498 3108 Ού
1530 3054 1603 3127 μὴ
1634 3055 1741 3110 πίω

170 3143 229 3193 ὲκ
247 3142 603 3215 τῆςάμττέλου
629 3141 854 3215 ταύτης.
882 3162 902 3195 ι
934 3143 1244 3216 Ἐξέρχεται
1274 3147 1352 3210 είς
1367 3146 1457 3199 τὸν
1485 3146 1736 3202 ὲλαιῶνα.
1767 3197 1809 3251 C

171 3232 436 3307 Προλέγει,
477 3236 561 3290 ὅτι
588 3235 1140 3308 σκανδαλισθήσονται
1174 3232 1223 3292 οι
1255 3238 1513 3311 μαθηταί.
1552 3240 1736 3310 Ἀιρεὶς

172 3326 279 3389 τοὺς
341 3328 601 3399 μαθητάς
659 3330 740 3392 είς
781 3327 1129 3401 Γεθσημανῆ,
1183 3330 1278 3384 καὶ
1303 3331 1739 3404 προσευξάμενος

173 3419 348 3490 τρίτον,
377 3422 571 3491 λέγει·
615 3439 634 3474 ι
669 3423 925 3495 ΙἌγωμεν
958 3423 1223 3477 ἐντεῦθεν.
1257 3444 1276 3476 ι
1310 3421 1511 3480 Ἦλθεν
1536 3428 1565 3481 ό
1608 3425 1740 3479 Ἰού-

172 3508 255 3575 δας
305 3512 449 3584 μετὰ
498 3513 593 3567 τοῦ
623 3512 804 3585 ὄχλου,
834 3515 929 3568 καὶ
954 3514 1147 3568 κόπτει
1177 3516 1206 3569 ὁ
1240 3515 1447 3589 Πέτρος
1472 3515 1533 3569 τὸ
1577 3515 1738 3571 ὠτίον

176 3601 255 3655 τοῦ
322 3604 638 3677 παιδαρίου.
680 3605 925 3675 Ἤγαγον
1001 3605 1210 3678 Ἰησοῦν
1268 3608 1404 3680 πρὸς
1458 3609 1735 3679 Καϊάφαν,

176 3689 369 3763 Ξχριναν
417 3695 609 3761 αὐτὸν,
661 3697 757 3749 καὶ
802 3695 1184 3761 κατεδίκασαν,
1207 3698 1301 3751 καὶ
1330 3698 1636 3764 ἐνέπαιξαν.
1680 3699 1738 3754 Ὀ

176 3783 355 3858 Πέτρος
385 3787 661 3859 ἀρνεῖται.
698 3788 922 3857 ’Δγουσι
949 3788 1040 3842 τὸν
1078 3788 1287 3861 Ἰησοῦν
1311 3791 1448 3861 πρὸς
1480 3790 1733 3847 Πιλᾶτον.

187 3874 501 3949 numam
544 3879 768 3944 Ἰούδας.
821 3880 1082 3952 Κρίνεται
1127 3882 1157 3934 ὁ
1198 3882 1450 3953 Χριστός.
1494 3883 1557 3937 Ἠ
1598 3883 1735 3955 γυνὴ

178 3968 256 4022 τοῦ
274 3972 506 4027 Πιλάτου
535 3973 892 4044 συμϐουλεύει
922 3973 1070 4046 αὐτῷ
1085 3975 1387 4047 ἀποστῆναι
1408 3975 1501 4029 τοῦ
1537 3975 1733 4046 Ἰησοῦ.

180 4057 290 4116 εἶτα
320 4065 673 4137 σταυροῦται.
726 4067 1087 4140 Είστήκεισαν
1107 4068 1163 4121 αἱ
1200 4068 1329 4139 περὶ
1354 4067 1571 4141 Μαρίαν
1598 4068 1736 4123 θεω-

182 4152 342 4218 ροῦσαι
367 4156 648 4228 μακρόθεν
676 4157 747 4213 τά
768 4159 1049 4231 γινόμενα.
1078 4158 1354 4231 Δαμϐάνει
1374 4160 1436 4214 τὸ
1464 4161 1622 4232 σῶμα
1642 4160 1735 4214 τοῦ

179 4244 357 4319 Κυρίου
401 4250 625 4321 Ἰωσήφ.
653 4250 875 4306 Αίτοῦσι
903 4250 1000 4323 τὴν
1029 4251 1356 4308 κουστωδίαν
1384 4253 1434 4306 οί
1471 4253 1733 4308 Ἰουδαῖοι.

182 4335 237 4389 Δί
272 4342 397 4414 περί
447 4342 669 4414 Μαρίαν
719 4338 883 4414 ἦλθον
930 4343 1169 4414 ἑσπέρας
1198 4344 1277 4408 είς
1309 4347 1400 4397 τὸν
1425 4344 1615 4415 τάφον,
1642 4345 1736 4399 καὶ

183 4431 377 4502 σεισμὸς
433 4432 669 4501 ἐγένετο.
707 4434 986 4489 Ἤκουσαν
1032 4435 1186 4507 παρὰ
1226 4435 1320 4490 τοῦ
1357 4437 1614 4506 ἀγγέλου,
1652 4439 1734 4493 ὅτι

1861 596 1880 630 ι
1915 577 2030 635 Etsi
2077 579 2248 635 monti
2284 579 2375 634 isti
2406 578 2683 641 dixeritis.
2717 579 2923 649 pr'ojice
2954 589 3005 635 te
3031 579 3085 634 in
3118 594 3291 647 mare,
3315 581 3431 643 tiet,

1853 679 1909 728 et
1939 673 2200 744 quidquid
2228 671 2516 727 credentes
2541 672 2835 744 petieritis,
2867 672 3152 743 accipietis
3178 670 3244 725 “.
3291 690 3312 724 ι
3347 672 3433 727 ln~

1853 762 2133 829 terrogant
2171 772 2293 813 eum
2339 758 2672 820 sacerdotes,
2704 757 2987 811 dicentes:
3026 775 3045 808 ι
3083 755 3138 810 In
3174 771 3282 826 qua
3327 773 3430 826 po-

1851 855 2050 906 testate
2087 851 2193 906 ista
2228 849 2365 905 facis
2395 850 2476 903 "?
2510 869 2528 902 ι
2563 848 2630 902 Ει
2658 850 2772 919 ipse
2808 849 3046 904 vicissim
3071 864 3165 904 eos
3188 851 3427 905 interro-

1852 945 1944 1009 gat
1976 938 2044 994 de
2071 939 2344 1009 baptismo
2372 937 2622 995 Joannis.
2675 938 2818 993 Dicit
2853 939 2961 993 illis
3004 940 3320 1009 parabolam
3360 939 3429 997 de

1851 1031 2068 1088 duobus
2110 1034 2236 1087 ﬁliis
2260 1032 2397 1103 (cap.
2428 1033 2569 1103 xxn)
2598 1052 2614 1101 ;
2640 1033 2835 1089 deinde
2860 1034 2929 1089 de
2976 1035 3132 1089 vinea
3181 1041 3236 1090 et
3267 1036 3427 1091 malis

1852 1124 2144 1194 aperariis,
2174 1125 2241 1180 de
2270 1125 2479 1196 nuptiis
2537 1134 2592 1180 et
2623 1125 2692 1180 de
2724 1126 2973 1195 reprobis
3001 1126 3228 1180 vocatis.
3271 1123 3427 1180 Tune

1850 1217 2121 1271 accedunt
2151 1217 2217 1272 ad
2247 1232 2371 1272 eum
2421 1215 2595 1272 Judaei
2637 1224 2698 1271 ut
2735 1217 3029 1288 illaqueent
3057 1234 3180 1274 eum
3220 1218 3277 1271 in
3302 1233 3424 1273 ser-

1848 1325 2029 1375 mone,
2065 1317 2118 1365 et
2153 1310 2220 1365 de
2265 1310 2597 1366 numismate
2648 1311 3022 1366 sciscitantur.
3079 1309 3425 1381 interrogant

1821 1434 1823 1437 ι
1852 1399 2136 1457 δοόάιιοωί
2165 1402 2231 1456 de
2261 1402 2488 1457 muliere
2518 1413 2723 1473 septem
2771 1403 3029 1458 fratribus
3068 1411 3255 1473 nupta.
3282 1402 3420 1457 Tum

1847 1492 1985 1564 legis
2021 1493 2250 1564 peritus,
2281 1492 2349 1547 de
2378 1493 2554 1562 primo
2584 1494 2719 1563 legis
2754 1495 3030 1549 mandato.
3073 1493 3277 1550 Deinde
3324 1511 3420 1550 eos

1847 1586 2147 1657 interrogat
2168 1588 2220 1654 εξ(
2243 1585 2382 1652 Quid
2413 1587 2569 1642 vobis
2605 1585 2816 1641 videtur
2844 1586 2911 1642 de
2929 1587 3178 1643 Christo?
3202 1608 3220 1640 ι
3263 1586 3417 1660 (Cap.

1848 1693 1984 1745 xxn,
2019 1676 2177 1751 xui.)
2211 1676 2306 1732 llis
2333 1678 2424 1732 ubi
2453 1693 2515 1733 os
2543 1678 2873 1742 obturasset,
2905 1679 3145 1749 loquitur
3168 1680 3421 1736 turbisde

1849 1766 2061 1822 Scribis
2102 1775 2155 1822 et
2194 1766 2488 1824 Pharisaeis
2543 1767 2680 1839 (cap.
2736 1772 2919 1841 χχιιι),
2950 1771 3183 1827 miseros
3235 1773 3423 1828 dicens

1773 1848 1821 1907 B
1848 1873 1963 1915 eos.
2005 1857 2198 1914 Postea
2220 1875 2478 1929 egressus
2504 1878 2571 1917 ex
2594 1863 2797 1932 templo
2816 1863 3064 1918 ascendit
3095 1863 3151 1916 in
3179 1873 3417 1919 montem

1844 1950 2144 2020 Olivarum,
2179 1962 2340 2023 atque
2392 1953 2467 2008 ibi
2515 1953 2583 2008 de
2613 1955 2777 2008 rebus
2804 1955 3005 2012 futuris
3034 1955 3101 2009 ad
3119 1957 3420 2028 discipulos

1843 2043 2066 2099 disserit
2101 2048 2238 2115 (cap.
2278 2045 2450 2116 χειν).
2479 2044 2684 2101 Deinde
2728 2047 3048 2116 parabolam
3088 2048 3309 2118 subjicit
3349 2048 3418 2103 de

1843 2150 2002 2190 servo
2026 2151 2191 2205 supra
2212 2135 2433 2189 domum
2464 2138 2764 2191 constituta
2786 2139 2922 2207 (cap.
2961 2139 3112 2210 xxv),
3134 2139 3308 2210 deque
3329 2138 3420 2194 de-

1842 2242 1959 2281 cem
1999 2226 2326 2297 virginibus,
2360 2227 2428 2281 de
2484 2228 2644 2298 138
2701 2229 2943 2298 quinque
2995 2231 3215 2286 talentis
3257 2241 3312 2286 et
3349 2230 3419 2288 de

1841 2317 2021 2374 haedis
2054 2335 2119 2373 ac
2150 2318 2365 2374 ovibus.
2398 2318 2810 2391 Congregantur
2840 2322 3115 2392 principes
3152 2320 3418 2378 Sacerdo-

1840 2418 1957 2463 tum
2006 2418 2060 2465 et
2112 2410 2337 2475 Scribae,
2386 2411 2764 2466 consultantes
2816 2413 3090 2481 quomodo
3159 2419 3415 2482 caperent

1839 2517 1964 2558 eum
2007 2502 2145 2574 (cap.
2182 2502 2357 2576 xxvr).
2392 2500 2513 2573 ipse
2540 2518 2671 2559 vero
2704 2502 3020 2558 Bethaniam
3051 2504 3200 2559 venit
3238 2504 3294 2558 in
3325 2503 3418 2558 do—

1839 2611 1989 2650 mum
2030 2593 2290 2662 Simonis,
2312 2597 2403 2650 ubi
2429 2596 2495 2649 ad
2527 2612 2650 2651 eum
2679 2596 2909 2660 accedit,
2932 2612 3052 2666 quae
3080 2598 3416 2652 alabastrum

1839 2687 2094 2742 habebat.
2121 2686 2424 2743 Paciscitur
2446 2687 2614 2743 Judas
2637 2704 2758 2741 cum
2780 2687 3002 2743 Judaais.
3027 2687 3312 2742 Mittuntur
3331 2687 3418 2742 di—

1841 2778 2038 2847 scipuli
2095 2779 2164 2833 ad
2216 2779 2518 2848 parandum
2570 2778 2802 2834 Pascha.
2868 2776 3156 2832 Convincit
3218 2776 3416 2833 Judam

1839 2868 2114 2924 Christus.
2155 2867 2343 2923 Tradit
2373 2870 2691 2941 mysterium
2734 2889 2746 2922 :
2776 2878 2967 2940 postea
3018 2871 3152 2925 dicit
3187 2887 3203 2926 :
3241 2888 3259 2921 ι
3296 2869 3415 2924 Νιιιι

1839 2960 2023 3017 bibam
2062 2961 2295 3032 amplius
2326 2976 2391 3016 ex
2422 2962 2526 3016 hac
2562 2963 2672 3016 vite
2701 2962 2766 3017 “.
2813 2980 2832 3013 ι
2862 2961 3150 3033 Egreditur
3177 2963 3233 3016 in
3264 2978 3414 3017 mon-

1840 3061 1949 3109 tem
1989 3052 2285 3109 Olivarum.
2321 3052 2575 3109 Praedicit
2612 3054 2994 3109 oﬁ'cndiculum
3029 3068 3290 3125 passuros
3327 3053 3414 3108 di-

1843 3144 2104 3214 scipulos.
2139 3143 2416 3215 Relinquit
2450 3144 2753 3216 discipulos
2803 3162 2856 3199 in
2912 3143 3298 3208 Gethsemane.
3335 3151 3411 3207 et,

1843 3249 2128 3309 postquam
2168 3239 2330 3292 tertio
2361 3247 2595 3304 orasset,
2633 3256 2652 3289 ι
2675 3310 2683 3319 η
2706 3236 2907 3292 Eamus
2945 3239 3073 3291 hinc
3096 3237 3160 3293 ⁸⁷.
3194 3256 3214 3291 ι
3255 3232 3417 3291 Venit

1842 3330 2011 3387 Judas
2043 3346 2167 3385 cum
2200 3331 2360 3385 turba
2395 3349 2408 3385 :
2450 3329 2647 3387 Petrus
2672 3340 2917 3402 amputat
2952 3332 3254 3386 auriculam
3295 3345 3416 3386 ser-

1843 3426 1974 3481 vuli.
2027 3423 2242 3479 Ducunt
2268 3423 2455 3480 Jesum
2490 3424 2558 3479 ad
2596 3424 2876 3495 Caipham.
2909 3423 3168 3479 Judicant
3206 3439 3329 3478 eum
3362 3431 3419 3477 et

1843 3518 2228 3580 condemnant,
2269 3525 2323 3572 et
2361 3516 2613 3571 irrident.
2644 3514 2841 3571 Petrus
2872 3523 3055 3587 negat.
3092 3512 3420 3571 DucuntJe—

1844 3624 1964 3663 sum
1999 3610 2068 3663 ad
2105 3609 2339 3664 Pilatum
2377 3610 2517 3679 (cap.
2559 3610 2753 3680 xxvii).
2783 3606 3100 3677 Strangulat
3129 3623 3189 3663 se
3224 3606 3415 3663 Judas.

1840 3701 2129 3759 Judicatur
2170 3703 2445 3758 Christus.
2479 3701 2655 3756 Pilato
2705 3702 2944 3756 consulit
2999 3716 3139 3755 uxor
3187 3700 3325 3770 ejus,
3358 3706 3420 3754 ut

1842 3793 2113 3847 abstineat
2143 3808 2172 3846 a
2194 3791 2325 3848 Jesu
2362 3811 2375 3846 :
2411 3799 2601 3862 postea
2636 3790 2995 3861 cruciﬁgitur.
3038 3788 3416 3844 Siantmulie-

1841 3899 1954 3948 res,
1989 3899 2109 3954 qua:
2136 3898 2257 3937 cum
2285 3881 2452 3936 Maria
2491 3888 2667 3945 erant,
2689 3887 3001 3951 spectantes
3036 3893 3067 3932 a
3089 3879 3267 3948 longe,
3297 3891 3419 3949 qua

1842 3974 2054 4029 ﬁerent.
2111 3973 2325 4043 Corpus
2391 3971 2607 4026 Domini
2664 3971 2864 4041 accipit
2938 3968 3160 4040 Joseph.
3218 3966 3419 4023 Petunt

1841 4065 2146 4122 custodiam
2186 4063 2382 4120 Judaei.
2417 4063 2698 4128 Mulieres,
2722 4078 2850 4134 quae
2874 4077 3000 4117 cum
3033 4060 3200 4115 Maria
3236 4065 3415 4124 erant,

1840 4175 2066 4230 vespere
2096 4160 2321 4214 veniunt
2347 4158 2414 4212 ad
2462 4158 2775 4228 sepulcrum
2822 4153 2962 4228 (cap.
3009 4153 3224 4223 xxviii).
3272 4162 3327 4208 et
3359 4151 3419 4206 ﬁt

1840 4260 2003 4308 terra:
2032 4261 2235 4316 motus,
2270 4250 2610 4320 audiuntque
2668 4249 2738 4303 ab
2788 4248 3001 4317 angelo,
3032 4244 3179 4317 quod
3231 4258 3421 4300 resur-

1840 4344 2066 4399 rexerit.
2108 4342 2404 4398 Mittuntur
2426 4358 2455 4396 a
2486 4340 2710 4396 Christo
2727 4339 2795 4393 ad
2828 4338 3150 4409 discipulos.
3174 4335 3419 4390 Audiunt

1839 4434 2013 4491 Judaei
2043 4435 2110 4491 de
2142 4441 2301 4489 terra:
2323 4440 2471 4487 motu
2504 4441 2559 4488 et
2587 4431 2995 4488 resurrectione
3013 4471 3029 4494 ,
3054 4429 3296 4501 dantque
3324 4443 3421 4500 pe-

182 4519 374 4609 άνέστη.
412 4525 729 4596 Πέμπονται
761 4527 868 4580 ὑπὸ
892 4527 986 4581 τοῦ
1015 4527 1253 4601 Χριστοῦ
1287 4529 1423 4601 πρὸς
1465 4529 1592 4594 τοὺς
1632 4549 1737 4603 μα-

1844 4532 2061 4586 euniam
2095 4528 2435 4591 custodibus,
2466 4536 2527 4582 ut
2572 4528 2928 4583 mentiantur.
2962 4522 3202 4579 Veniunt
3250 4522 3420 4578 disci-

184 4608 341 4682 θητάς.
380 4618 661 4672 Ἤκουσαν
694 4621 742 4672 οι
776 4619 1017 4675 Ἰουδαῖοι
1076 4638 1143 4675 πε
1152 4622 1204 4694 ρ“ι
1242 4619 1336 4675 τοῦ
1379 4622 1605 4695 σεισμοῦ
1641 4625 1736 4678 καὶ

1844 4622 1955 4693 puli
2012 4621 2081 4677 ad
2123 4618 2309 4676 Jesum
2364 4619 2420 4673 in
2469 4618 2767 4674 Galilaeam.
2824 4615 3016 4672 Tradit
3065 4616 3175 4671 illis
3235 4613 3416 4684 bapti-

184 4706 265 4775 τῆς
286 4709 647 4776 ἀναστάσεως,
674 4712 770 4765 καὶ
813 4711 1019 4766 ἔδωκαν
1048 4712 1305 4785 χρήματα
1351 4717 1463 4779 τοῖς
1487 4715 1733 4784 φύλαξιν,

1845 4730 2043 4773 sutum.

185 4792 257 4883 ἵνα
309 4801 635 4870 ψεύσωνται.
680 4799 886 4857 Ἦλθον
964 4806 1012 4858 oi
1082 4805 1322 4878 μαθηταὶ
1383 4808 1521 4880 πρὸς
1583 4809 1676 4863 τὸν
1750 4808 1975 4883 Ἰησοῦν
2001 4808 2101 4872 κείς
2153 4806 2256 4879 τὴν
2312 4803 2621 4858 Γαλιλαίαν.
2688 4801 3059 4874 Παραδίδωσιν
3119 4798 3305 4860 αὐτοῖς
3355 4788 3417 4846 τὸ

246 4905 459 4949 πτισιια.

246 4905 359 4946 πτισ
445 4936 459 4949 .

186 4881 246 4956 βά
314 4911 558 5040 Dignor
575 4984 660 5051 β’,
682 4984 857 5055 (Kurd:
884 4986 1134 5057 Μάρκον
1162 4988 1533 5061 Εὐαγγέλιον

242 5094 319 5153 68.
356 5099 613 5173 Ἰωάννης
659 5098 907 5171 βαπτίζει
946 5101 1072 5166 τοὺς
1116 5102 1421 5167 Ἰουδαίους.
1474 5104 1732 5178 Ἔρχεται

186 5184 275 5239 ἀπὺ
295 5188 539 5263 Ναζαρὲθ
579 5191 609 5244 ό
650 5190 909 5263 Χριστὸς,
958 5190 1282 5264 ἐϐαπτίσθη,
1326 5194 1422 5247 καὶ
1464 5188 1627 5265 ἦλθεν
1654 5194 1734 5259 είς

187 5275 266 5348 τὴν
313 5278 516 5353 ἔρημον
571 5281 953 5354 πειρασθῆναι.
997 5282 1127 5337 Εἶτα
1173 5285 1252 5349 είς
1281 5285 1381 5357 τὴν
1421 5285 1729 5350 Γαλιλαίαν,

187 5371 549 5440 παραδοθέντος
587 5374 856 5441 Ἰωάννου,
892 5377 986 5430 καὶ
1011 5375 1164 5431 καλει
1205 5379 1340 5442 ⁴τοὺς
1372 5379 1500 5451 περὶ
1529 5379 1735 5453 Πέτρον

188 5460 265 5513 mi
300 5462 569 5521 Ἰάκωϐον.
600 5466 918 5540 Εἰσέρχεται
946 5469 1026 5533 είς
1056 5453 1448 5541 Καπερναοὺμ,
1470 5469 1731 5537 διδάσκει,

2002 4964 2157 5041 Liber
2182 4983 2265 5049 II,
2300 4982 2641 5054 Evangelium
2666 4981 2951 5037 secundum
2981 4979 3246 5035 Marcum.

1908 5102 1999 5158 48.
2026 5100 2265 5156 Joannes
2295 5101 2531 5174 baptizat
2569 5098 2788 5154 Judaeos
2839 5101 2980 5169 (cap.
3040 5094 3104 5165 ι).
3157 5091 3413 5148 Christus

1837 5194 1986 5248 venit
2024 5208 2055 5247 a
2084 5192 2377 5256 Nazareth,
2407 5192 2739 5264 baptizatur,
2780 5197 2834 5245 et
2871 5187 2984 5241 abit
3019 5186 3071 5238 in
3109 5184 3410 5249 desertum,

1839 5294 1900 5342 ut
1940 5295 2198 5343 tentetur.
2223 5285 2425 5342 Postea
2453 5301 2614 5350 vero,
2640 5282 2842 5337 tradito
2891 5279 3122 5345 Joanne,
3167 5277 3317 5333 venit
3353 5276 3412 5333 in

1838 5378 2138 5442 Galilaeam,
2177 5387 2231 5434 et
2259 5389 2419 5434 vocat
2474 5377 2694 5432 Petrum
2740 5389 2863 5431 cum
2920 5371 3110 5437 fratre,
3145 5368 3415 5426 Jacobum

1840 5473 1969 5528 item
2001 5486 2125 5526 cum
2166 5470 2357 5527 fratre.
2392 5468 2700 5541 Ingreditur
2740 5466 3086 5538 Capernaum
3129 5466 3269 5537 (cap.
3321 5460 3411 5534 ιι),

127 5588 131 5633 ἶ
245 5614 286 5649 ⁸⁸
315 5618 499 5679 Matth.
534 5638 652 5689 ni,
684 5622 776 5681 92.
851 5625 898 5658 ⁸⁵
937 5625 1068 5682 ibid.
1103 5622 1194 5682 23.
1272 5627 1318 5659 “
1356 5625 1547 5683 Matth.
1589 5642 1741 5694 rxvr,

1844 5646 1865 5682 ‘.
1942 5627 1985 5659 ⁸⁷
2027 5627 2159 5683 ibid.
2196 5626 2287 5682 46.

248 5774 367 5854 (δυ’)
390 5784 431 5854 f-
472 5784 707 5856 κλητῶν-
