4066 6388
523 255 628 313 391

1737 249 1796 304 δ.
1834 246 2302 304 ΑτιιΑΝΑδιυδ.
2335 278 2401 288 ——
2441 247 2674 304 DUBIA.

3701 245 3801 304 5'33

526 370 714 434 docet,
734 376 890 442 curat
924 369 998 425 ibi
1020 367 1435 431 damoniacum,
1462 372 1587 436 post
1618 366 1764 419 hunc
1795 368 1959 419 etiam
2014 381 2105 420 so-

2223 362 2500 434 5εραπεύει
2527 363 2620 416 τὸν
2657 361 3104 434 δαιμονιζόμενον
3143 361 3278 424 ἐκεῖ,
3314 355 3434 414 εἶτα
3467 359 3567 431 τὴν
3613 363 3802 416 πενθεο

520 471 687 517 ‘crum
707 459 874 524 Petri,
898 469 952 515 et
982 461 1184 514 multos
1209 459 1346 513 alios
1378 459 1590 528 vesperi
1616 464 1793 513 sanat.
1821 455 2113 526 Egreditur

529 551 590 610 in
631 551 1005 609 solitudinem.
1030 551 1241 605 Circuit
1280 548 1581 605 Galilaeam.
1614 548 1786 603 Curat
1813 549 2111 618 leprosum.

527 641 693 698 Venit
720 643 1058 712 Capernaum
1094 642 1232 709 (cap.
1279 642 1366 711 ιι).
1401 639 1571 694 Sanat
1600 639 1984 711 paralyticum,
2019 639 2117 692 do-

529 734 619 790 ce't
668 736 906 790 turbam.
941 732 1111 788 Vocat
1145 733 1276 788 Levi
1327 735 1495 789 ﬁlium
1559 733 1788 804 Alphaei,
1824 732 2117 787 manducat

531 843 658 882 cum
699 827 1028 898 publicanis.
1053 827 1334 882 Accusant
1363 843 1488 882 eum
1529 827 1632 880 hoc
1663 825 1886 880 nomine
1921 822 2116 878 Phario

531 921 646 974 δεῖ.
691 918 953 985 Quaerunt
984 915 1052 972 de
1092 918 1302 988 jejunio
1353 919 1607 988 discipuli
1673 917 1901 973 Joannis
1937 936 1950 972 :
2000 918 2117 988 ipse

531 1025 662 1064 vero
699 1008 997 1078 discipulos
1029 1007 1292 1063 defendit.
1341 1010 1566 1064 'l‘ransit
1615 1025 1714 1080 per
1758 1020 1898 1064 sata.
1947 1008 2118 1063 Curat

531 1116 655 1155 eum
685 1100 778 1170 qui
803 1115 1022 1154 manum
1060 1100 1295 1156 habebat
1330 1101 1540 1156 aridam
1574 1100 1713 1175 (cap.
1747 1104 1854 1169 ιιι).
1900 1099 2119 1156 Seeedit

532 1191 600 1246 ad
624 1205 793 1246 mare.
827 1190 1089 1261 Sequitur
1117 1208 1241 1246 eum
1266 1193 1561 1246 multitudo
1593 1209 1810 1263 magna.
1837 1193 2119 1248 Conﬁten-

532 1289 622 1338 tur
656 1282 953 1338 dzemones.
986 1283 1235 1337 Advocat
1268 1284 1336 1337 ad
1368 1300 1426 1338 se
1458 1283 1746 1340 duodecim
1791 1284 2114 1356 discipulos,

531 1382 594 1428 ut
619 1375 798 1429 mittat
825 1391 920 1430 eos
945 1375 1321 1446 praedicatum.
1344 1373 1499 1430 Tunc
1524 1375 1697 1430 Judaai
1735 1375 1926 1430 dicunt
1953 1395 1966 1428 :
2003 1394 2022 1427 ι
2059 1375 2118 1430 ιιι

532 1464 818 1523 Beelzebul
841 1467 993 1536 ejicit
1023 1467 1293 1520 daemonia
1327 1467 1392 1523 ⁵⁸.
1435 1487 1453 1519 ι
1491 1465 1652 1521 Venit
1688 1467 1758 1522 ad
1792 1483 1917 1523 eum
1947 1467 2119 1522 Mater

527 1557 678 1628 ejus.
700 1557 1010 1630 Ingreditur
1037 1559 1222 1612 navim
1251 1558 1390 1630 (cap.
1425 1557 1521 1630 1v),
1548 1560 1866 1628 parabolam
1887 1559 2021 1615 dicit
2050 1559 2119 1615 de

535 1649 861 1715 seminante,
894 1649 1024 1704 item
1059 1651 1127 1706 de
1157 1666 1310 1722 agro,
1344 1659 1398 1705 et
1420 1651 1488 1706 de
1532 1651 1731 1721 sinapi.
1766 1649 2117 1722 Tempestate

529 1743 814 1814 jactantur
835 1743 1088 1814 discipuli
1119 1743 1174 1797 in
1203 1745 1358 1798 mari.
1383 1742 1633 1814 Increpat
1659 1759 1809 1799 mare
1838 1743 2112 1801 Christus.
2148 1722 2190 1776 Β

531 1833 776 1888 Curatur
825 1837 1199 1889 daemoniacus
1239 1836 1292 1889 in
1317 1845 1464 1890 terra
1496 1835 1934 1907 Gergesenorum
1975 1838 2113 1908 (cap.

533 1925 614 1990 ν).
649 1922 810 1978 Porci
835 1924 891 1977 in
915 1939 1063 1979 mare
1086 1925 1393 1994 praecipites
1420 1924 1641 1978 dantur.
1678 1923 1720 1978 Τ
1727 1925 2045 1990 ransl‘retat,
2065 1936 2119 1982 et

529 2015 715 2072 Jairus
758 2033 859 2088 pro
887 2018 996 2072 ﬁlia
1018 2025 1157 2072 orat.
1189 2016 1426 2073 Sanatur
1471 2019 1908 2076 hamorrhousa.
1958 2019 2120 2076 Venit

533 2108 591 2161 in
618 2110 846 2179 patriam
882 2111 1020 2179 (cap.
1048 2109 1152 2178 vi),
1186 2109 1629 2165 seandalizantur
1644 2126 1807 2181 super
1835 2111 1972 2182 ipso.
1995 2110 2120 2166 Haec

533 2203 668 2256 dicit
699 2221 711 2256 :
744 2219 763 2254 ι
804 2200 924 2255 Non
962 2208 1047 2257 est
1075 2202 1340 2272 propheta
1378 2202 1586 2274 absque
1633 2204 1866 2270 honore,
1901 2205 2008 2259 nisi
2062 2205 2119 2260 in

531 2297 711 2364 patria
752 2309 854 2349 sua
871 2294 938 2348 ”.
988 2312 1007 2348 ι
1039 2293 1202 2348 Mittit
1245 2295 1550 2366 discipulos
1600 2297 1761 2353 binos
1824 2313 1889 2353 ac
1934 2299 2116 2365 binos,

462 2374 463 2377 “
533 2387 814 2457 multaque
843 2387 954 2442 illis
998 2387 1245 2443 mandat.
1285 2389 1592 2460 Subjicitur
1632 2390 1861 2445 historia
1903 2406 2116 2458 eorum,

533 2495 656 2548 qua:
685 2480 754 2533 ab
791 2479 1006 2535 llerode
1036 2488 1159 2534 acta
1192 2487 1325 2545 sunt
1354 2497 1478 2536 eum
1507 2480 1742 2538 Joanne.
1771 2482 2021 2540 Redeunt
2052 2485 2120 2540 ad

532 2569 815 2625 Christum
844 2572 1124 2642 discipuli.
1176 2570 1288 2625 Alit
1333 2573 1546 2627 turbas.
1583 2573 1820 2628 Advenit
1854 2575 1921 2630 ad
1952 2576 2120 2632 disci-

535 2663 698 2734 pulos
729 2670 1060 2734 tempestate
1085 2663 1349 2733 jactatos.
1383 2662 1546 2718 Venit
1578 2663 1917 2723 Gennesaret
1941 2677 1994 2723 et
2024 2684 2122 2724 cu-

535 2761 625 2808 rat
655 2755 874 2810 multos.
903 2754 1158 2824 Disputat
1190 2754 1258 2810 de
1290 2756 1546 2812 manibus
1599 2757 1768 2813 illotis
1823 2757 1961 2829 (cap.
1997 2763 2116 2832 vn).

537 2843 700 2900 Venit
734 2845 976 2918 Tyrum.
1023 2848 1193 2902 Sanat
1246 2847 1411 2900 ﬁliam
1469 2846 1926 2919 Syrophmnissae,
1987 2852 2120 2908 item

537 2938 766 2994 surdum
791 2950 845 2994 et
878 2939 1153 3010 impeditae
1184 2940 1400 3010 linguae.
1435 2941 1544 2994 Alit
1565 2943 1778 2996 turbam
1807 2943 1944 3014 (cap.
1973 2947 2116 3018 vni).

540 3033 770 3105 Signum
801 3041 992 3103 petunt
1037 3032 1231 3098 Judaei,
1269 3041 1324 3087 at
1365 3034 1454 3089 ille
1504 3035 1711 3089 nullum
1763 3037 1875 3092 dat.
1918 3037 2191 3114 Loqui-c

537 3133 629 3181 tur
655 3125 943 3195 discipulis
969 3126 1035 3180 de
1057 3125 1324 3180 fermento
1351 3125 1772 3192 Pharisaeorum,
1792 3136 1846 3183 et
1878 3131 2124 3202 increpat

538 3233 656 3274 eos.
682 3218 852 3273 Curat
883 3234 1088 3273 aecum
1123 3217 1448 3275 Bethsaidze.
1483 3220 1789 3290 lnterrogat
1822 3221 2123 3293 discipulos

538 3309 608 3363 de
660 3307 888 3378 seipso:
937 3307 1132 3362 Petrus
1184 3307 1498 3373 conﬁtetur,
1533 3318 1585 3365 et
1629 3312 1948 3381 inerepatur
1997 3330 2126 3384 pa3‘

540 3400 912 3456 sioniscausa.
935 3400 1032 3454 llic
1056 3400 1191 3456 dicit
1211 3401 1467 3458 Christus
1489 3421 1502 3457 :
1524 3422 1542 3454 ι
1577 3403 1633 3458 Si
1657 3405 1782 3474 quis
1813 3405 1927 3459 vult
1941 3408 2125 3463 venire

539 3502 665 3562 post
695 3507 782 3546 me
811 3493 876 3546 ⁷ο.
908 3512 926 3545 ι
958 3491 1498 3564 Transﬁguraturin
1533 3503 1718 3550 monte
1753 3495 1890 3566 (cap.
1924 3497 2126 3571 tx),lo-

539 3585 729 3655 quitur
761 3585 827 3641 de
858 3584 994 3640 Elia.
1041 3586 1352 3641 Adducitur
1387 3588 1456 3642 ad
1485 3604 1609 3642 eum
1641 3590 1916 3645 lunaticus
1940 3599 1994 3646 et
2028 3607 2126 3646 cu-

537 3685 712 3734 ratur.
737 3676 987 3733 Praedicit
1011 3677 1296 3749 discipulis
1319 3687 1547 3734 mortem
1570 3696 1633 3734 ac
1661 3683 2124 3738 resurrectionem

539 3784 714 3828 suam.
736 3778 789 3825 et
811 3771 1056 3840 increpat
1087 3785 1205 3834 eos,
1239 3771 1384 3840 quod
1435 3770 1504 3825 de
1539 3772 1777 3842 primatu
1808 3775 1865 3828 in
1895 3776 1982 3829 via
2012 3776 2126 3832 dis-

539 3869 877 3930 putaverant.
925 3861 1024 3915 Hic
1057 3861 1192 3915 dicit
1225 3881 1238 3916 :
1274 3879 1291 3910 ι
1331 3861 1434 3927 Qui
1464 3879 1573 3931 non
1610 3871 1694 3918 est
1725 3880 1961 3931 mecum,
1993 3881 2126 3920 con-

538 3958 623 4004 tra
673 3967 759 4006 me
814 3954 962 4006 est“
999 3972 1018 4004 ι
1052 3952 1119 4007 de
1176 3967 1263 4014 eo,
1306 3953 1401 4022 qui
1461 3954 1726 4008 daemonia
1772 3957 2026 4025 ejiciebat
2068 3957 2125 4011 in

544 4040 705 4110 139
737 4041 907 4109 ίρδὶιιδ
937 4045 1177 4096 nomine.
1209 4041 1337 4095 Post
1369 4043 1483 4097 haec
1514 4044 1646 4098 dicit
1674 4064 1686 4099 :
1721 4063 1740 4097 ι
1765 4043 1868 4112 Qui
1901 4046 2126 4100 scanda-

542 4130 845 4186 lizaverunt
875 4146 1038 4183 unum
1063 4146 1128 4184 ex
1160 4131 1377 4200 pusillis
1403 4131 1468 4183 ⁷³.
1504 4150 1522 4182 ι
1558 4130 1623 4184 Ει
1652 4132 1826 4187 illud:
1857 4150 1874 4183 ι
1908 4131 2124 4187 Verulis

543 4233 735 4274 eorum
759 4235 865 4274 non
897 4221 1179 4285 morietur,
1205 4237 1379 4289 neque
1418 4222 1560 4292 ignis
1595 4225 1983 4294 exstinguetur
2002 4223 2069 4275 ⁷³.
2098 4242 2118 4274 ι

546 4310 812 4368 Edisserit
851 4315 915 4368 de
949 4313 1181 4369 divortio
1225 4315 1364 4385 (cap.
1413 4317 1492 4383 χ).
1528 4315 1779 4371 Parvulis
1826 4317 2121 4380 benedicit.

2219 456 2317 527 ράν
2341 455 2568 526 Πέτρου,
2600 455 2695 508 καὶ
2724 454 2950 518 πολλοὺς
2975 456 3031 506 ὲν
3057 457 3124 526 τῇ
3154 452 3361 526 ἑσπέρα
3392 453 3558 514 ίᾶται,
3584 451 3798 523 ἐξῆλθεν

2217 550 2298 611 είς
2350 548 2448 620 τὴν
2492 547 2719 620 ἔρημον,
2764 547 2998 619 περιῆγε
3027 546 3126 618 τὴν
3163 545 3473 600 Γαλιλαίαν.
3501 544 3792 616 Θεραπεύει

2215 638 2307 692 τὸν
2357 638 2594 712 λεπρόν.
2639 639 2898 712 Ἔρχεται
2935 639 3015 699 είς
3046 637 3440 710 Καπερναούμ.
3505 638 3674 691 ’ἰᾶται
3717 636 3791 689 τδι

2219 729 2585 803 παραλυτικόν
2610 747 2624 760 ⁸
2664 731 2904 784 διδάσκει
2955 727 3046 782 τὸν
3102 729 3278 799 ὄχλον.
3311 729 3484 782 Καλεῖ
3515 728 3607 782 τὸν
3644 727 3788 782 Aenii

2217 822 2308 876 τὸν
2344 822 2620 892 Ἀλφαίου.
2667 822 2867 875 Ἐσθίει
2893 821 3032 893 μετά
3071 819 3179 872 τῶν
3204 819 3470 874 τελωνῶν.
3515 818 3789 886 Ἐγκαλοῦ·

2221 931 2304 967 σιν
2335 916 2384 966 οἱ
2411 915 2692 985 Φαρισαῖοι
2725 913 2865 984 ὑπὲρ
2922 911 3134 966 τούτου.
3168 913 3229 965 Οί
3273 911 3511 982 μαθηταὶ
3557 911 3799 965 Ἰωάννου

2220 1006 2360 1078 ὑπὲρ
2396 1006 2496 1078 τῆς
2553 1006 2808 1076 νηστείας
2863 1004 3190 1058 αἰτιῶνται·
3246 1002 3276 1055 ὁ
3319 1005 3376 1057 δὲ
3429 1004 3795 1072 ἀπολογεῖται.

2219 1100 2501 1172 Διέρχεται
2517 1098 2605 1152 διά
2631 1097 2740 1152 τῶν
2763 1097 3067 1170 σπορίμων.
3084 1095 3388 1168 Θεραπεύει
3403 1096 3494 1148 τὸν
3511 1096 3610 1168 τὴν
3632 1095 3696 1168 Er,
3707 1095 3800 1166 ραν

2220 1192 2375 1262 χεῖρα
2391 1188 2651 1261 [sxw-ca].
2668 1189 2964 1260 Ἀναχωρεῖ
2980 1187 3115 1259 πρὸς
3127 1186 3536 1257 τὴνεθάλασσαν.
3554 1188 3800 1240 Ἀκολου-

2220 1282 2305 1335 θεῖ
2324 1281 2474 1354 αὐτῷ
2491 1280 2692 1345 πλῆθος
2709 1280 2865 1334 πολύ.
2884 1279 3262 1351 Ὀμολογοῦσιν
3277 1282 3324 1334 oi
3341 1279 3612 1351 δαίμονες.
3631 1282 3677 1332 Π
3687 1298 3802 1350 ροσ-

2220 1378 2464 1432 καλεῖται
2512 1377 2638 1440 τοὺς
2674 1375 2905 1441 δώδεκα,
2947 1375 3034 1428 ἵνα
3063 1374 3356 1447 ἀποστείλῃ
3412 1377 3632 1439 αὐτούς.
3673 1375 3800 1428 Τότε

2218 1470 2467 1540 λέγουσιν
2500 1470 2549 1522 οἱ
2601 1467 2842 1522 Ἰουδαῖοι
2867 1485 2881 1499 ’
2925 1486 2943 1520 ι
2987 1469 3075 1521 Ἐν
3115 1468 3439 1534 Βεελξεεοὺλ
3463 1469 3802 1524 ὲκὸάλλειτὰ

2219 1560 2489 1632 δαιμόνια.
2529 1577 2548 1610 ι
2601 1559 2862 1629 Ἔρχεται
2909 1560 2942 1629 ἡ
3002 1561 3204 1632 Μήτηρ
3231 1559 3395 1612 αὐτοῦ
3447 1561 3585 1634 πρὸς
3621 1562 3798 1616 αὐτόν.

2233 1651 2513 1724 Ἐμϐαίνει
2565 1651 2647 1713 εἰς
2673 1650 2735 1703 τὸ
2781 1650 2985 1704 πλοῖον.
3027 1653 3190 1720 Λέγει
3219 1652 3318 1724 τὴν
3348 1653 3661 1725 παραϐολὴν
3711 1654 3800 1708 τοῦ

2223 1745 2554 1817 σπείροντος,
2578 1743 2676 1816 τὴν
2725 1743 2821 1797 τοῦ
2861 1743 3053 1816 ἀγροῦ,
3088 1745 3184 1816 τὴν
3220 1743 3315 1798 τοῦ
3356 1744 3646 1810 σινάπεως.
3678 1747 3802 1799 Χει-

2225 1838 2486 1909 μάζονται
2521 1839 2580 1890 ὲν
2626 1841 2693 1910 τῇ
2729 1835 2972 1907 θαλάσσῃ
3034 1837 3083 1888 οἱ
3127 1835 3389 1908 μαθηταί.
3443 1836 3704 1909 Ἐπιτιμᾷ
3737 1839 3800 1908 τῇ

2222 1928 2466 2000 θαλάσσῃ
2518 1931 2546 1982 ὁ
2582 1928 2817 2001 Χριστός
2839 1943 2854 1959 °
2900 1925 3273 1999 Θεραπεύεται
3305 1929 3334 1980 ὁ
3361 1927 3630 1998 δαιμονῶν
3656 1929 3714 1982 ὲν
3737 1931 3800 1999 τῇ

2221 2019 2376 2093 χώρᾳ
2417 2019 2524 2073 τῶν
2553 2019 2925 2092 Γεργεσηνῶν.
2963 2021 3026 2072 Oi
3064 2021 3238 2090 χοῖροι
3271 2017 3570 2087 πνίγονται.
3601 2015 3803 2072 Ἦλθεν

2221 2113 2300 2174 είς
2328 2111 2389 2164 τὸ
2422 2110 2620 2183 πέραν,
2659 2111 2754 2164 καὶ
2792 2109 3013 2180 Ἰάειρος
3039 2107 3181 2180 ὑπὲρ
3213 2108 3314 2178 τῆς
3344 2107 3615 2179 θυγατρὸς
3645 2107 3800 2173 ἀξιοῖ.

2220 2197 2355 2255 Εἶτα
2387 2202 2420 2272 ἡ
2448 2201 2816 2274 αἱμορροοῦσα
2849 2205 3013 2257 ἰᾶται.
3045 2198 3250 2256 ⁴Ἦλθεν
3289 2203 3367 2266 είς
3383 2201 3479 2273 τὴν
3539 2202 3803 2275 πατρίδα,

2224 2293 2664 2358 σκανδαλίζονται
2717 2295 2803 2346 ἐπ’
2851 2294 3022 2365 αὐτῷ.
3081 2294 3344 2349 Ἐνταῦθα
3400 2294 3580 2363 λέγει’
3628 2312 3648 2342 ι
3695 2294 3806 2348 Οὐκ

2222 2382 2337 2436 ἔστι
2370 2385 2656 2455 προφήτης
2685 2384 2899 2456 ἄτιμος,
2927 2388 2975 2438 εί
3013 2386 3087 2458 μὴ
3131 2387 3188 2439 ὲν
3218 2389 3283 2458 τῇ
3321 2384 3745 2457 πατρίδιαύτοῦ.
3781 2404 3800 2436 ι

2222 2475 2438 2546 Πέμπει
2466 2477 2592 2539 τοὺς
2633 2475 2880 2548 μαθητὰς
2918 2477 3022 2530 ἀνὰ
3061 2477 3175 2544 δύο,
3203 2477 3579 2547 ἐντειλάμενος
3613 2475 3804 2530 πολλά.

2222 2561 2357 2619 Εἶτα
2387 2565 2456 2618 τά
2479 2565 2618 2618 κατὰ
2658 2565 2904 2638 Ἡρώδην
2935 2567 3028 2620 καὶ
3072 2566 3346 2637 Ἰωάννην.
3394 2566 3727 2638 Ἐπανῆλθον
3755 2566 3805 2620 οί

2225 2658 2464 2730 μαθηταὶ
2480 2657 2615 2729 πρὸς
2636 2658 2820 2712 αὐτόν.
2861 2659 3064 2728 Τρέφει
3091 2659 3216 2722 τοὺς
3247 2658 3459 2729 ὄχλους.
3487 2656 3808 2728 Ἐφίσταται

2222 2751 2632 2823 χειμαζομένοις
2663 2754 2774 2815 τοῖς
2803 2751 3090 2825 μαθηταῖς.
3113 2747 3316 2806 Ἦλθεν
3339 2753 3416 2815 είς
3442 2750 3807 2823 Γεννησαρὲτ,

2222 2847 2316 2900 καὶ
2336 2844 2668 2917 ἐθεράπευσε
2705 2843 2952 2908 πολλούς.
2971 2845 3107 2916 Περὶ
3134 2843 3375 2896 άνίπτων
3402 2841 3603 2914 χειρῶν
3629 2840 3809 2894 διαλέ-

2222 2950 2396 3004 γεται.
2423 2929 2625 2986 *Ηλθεν
2679 2937 2758 2997 είς
2809 2933 3003 3004 Τύρον.
3071 2934 3236 2987 ’ἰᾶται
3262 2933 3361 3004 τὴν
3387 2932 3669 3002 θυγατέρα
3713 2933 3812 3003 τῆς

2223 3025 2742 3098 Συροφοινικίσσης,
2800 3021 2920 3080 εἶτα
2969 3024 3061 3080 τὸν
3122 3026 3304 3094 κωφὸν
3343 3024 3436 3077 καὶ
3493 3023 3808 3094 μογιλάλον.

2227 3117 2427 3188 Τρέφει
2455 3117 2546 3170 τὸν
2575 3116 2748 3188 ὄχλον.
2783 3117 3014 3188 Σημεῖον
3040 3116 3282 3170 αἰτοῦσιν
3318 3117 3369 3170 ot
3413 3116 3684 3181 Ἰουδαῖοι,
3720 3116 3812 3169 καὶ

2224 3209 2284 3260 οὐ
2319 3207 2521 3262 δίδωσι.
2546 3208 2682 3279 Περὶ
2716 3208 2813 3278 τῆς
2839 3207 3017 3278 ζύμης
3046 3207 3155 3261 τῶν
3183 3208 3491 3280 Φαρισαίων
3511 3209 3686 3278 λέγει,
3719 3209 3813 3262 καὶ

2227 3301 2456 3372 ἐπιτιμᾷ
2513 3303 2627 3363 τοῖς
2669 3300 2956 3371 μαθηταῖς.
2997 3299 3301 3372 Θεραπεύει
3355 3300 3448 3352 τὸν
3496 3301 3703 3370 τυφλὸν
3735 3302 3814 3363 εἰς

2225 3389 2519 3463 Βηθσαϊδὰ.
2555 3389 2766 3460 Ἐρωτᾷ
2794 3391 2920 3452 τοὺς
2941 3389 3188 3461 μαθητάς
3205 3389 3332 3461 περὶ
3365 3389 3584 3443 ἑαυτοῦ.
3606 3390 3814 3462 Πέτρος

2224 3481 2508 3552 ὁμολογεῖο
2545 3482 2638 3534 καὶ
2686 3481 2773 3534 διὰ
2832 3481 2893 3533 τὸ
2919 3481 3088 3545 πάθος
3151 3483 3495 3551 ἐπιτιμᾶται.
3548 3480 3815 3534 Ἐνταῦθα

2224 3575 2408 3644 λέγει’
2434 3593 2450 3625 ι
2491 3575 2559 3626 Εἴ
2586 3591 2671 3637 τις
2711 3573 2852 3626 θέλει
2901 3572 3076 3626 ὀπίσω
3104 3590 3204 3643 μου
3236 3573 3428 3626 ἐλθεῖν.
3468 3591 3485 3623 ι
3519 3573 3816 3646 Μεταμορ-

2225 3668 2422 3738 φοῦται.
2449 3669 2505 3721 ἐν
2531 3667 2607 3734 τῷ
2639 3666 2776 3738 ὄρει,
2801 3665 2950 3735 λέγει
2991 3667 3118 3737 περὶ
3153 3663 3244 3718 τοῦ
3250 3705 3268 3735 λ
3284 3663 3485 3718 Ἠλίου.
3525 3665 3813 3737 Προσάγε-

2225 3778 2316 3814 ται
2343 3756 2810 3830 σεληνιαζόμενος,
2859 3758 2954 3810 καὶ
2994 3755 3376 3826 θεραπεύεται.
3405 3754 3674 3826 Προλέγει
3702 3757 3817 3814 τοῖς

2229 3850 2500 3923 μαθηταῖς
2531 3851 2658 3920 περὶ
2691 3849 2786 3901 τοῦ
2829 3848 3058 3902 θανάτου
3093 3847 3257 3901 αὐτοῦ
3293 3852 3388 3901 καὶ
3417 3848 3520 3919 τῆς
3571 3847 3814 3900 ἀναστά-

2227 3961 2383 4007 σεως,
2437 3943 2529 3997 καὶ
2605 3942 2820 4012 ἐλέγχει
2889 3942 3087 4005 αὐτοὺς
3160 3941 3290 4012 περὶ
3351 3941 3640 4012 πρωτείων
3701 3941 3819 3994 δια-

2224 4033 2512 4105 λεχθέντας
2539 4034 2594 4086 sv
2620 4036 2686 4105 τῇ
2707 4031 2832 4103 ὁδῷ.
2869 4031 3132 4087 Ἐνταῦθα
3148 4029 3317 4101 λέγει·
3341 4051 3359 4083 ι
3393 4031 3455 4083 ’0
3489 4031 3565 4103 μὴ
3597 4029 3675 4085 ῶν
3694 4032 3816 4103 μετ’

2225 4125 2359 4197 ἐμοῦ
2393 4127 2513 4178 κατ’
2535 4125 2668 4196 ἐμοῦ
2695 4127 2832 4190 ἐστι,
2868 4144 2886 4178 ι
2925 4124 3158 4198 περὶτοῦ
3190 4124 3544 4188 ὲκόάλλοντος
3559 4124 3820 4195 δαιμόνια

2226 4221 2285 4273 ἐν
2303 4219 2379 4291 τῷ
2395 4221 2617 4290 ὀνόματι
2639 4219 2825 4274 αὐτοῦ.
2846 4216 2981 4274 Εἶτά
3002 4238 3163 4291 φησιν
3185 4237 3198 4250 ·
3221 4239 3238 4272 ι
3256 4221 3352 4282 Ὃς
3371 4220 3466 4272 ἐὰν
3483 4221 3819 4296 σκανδαλίσῃ

2226 4313 2321 4366 ἕνα
2344 4311 2452 4366 τῶν
2480 4312 2726 4384 μικρῶνο
2773 4328 2796 4364 ›
2835 4312 2928 4365 καὶ
2977 4311 3068 4365 τόο
3114 4331 3133 4364 ι
3185 4313 3242 4365 '0
3290 4310 3505 4383 σκώληξ
3545 4313 3730 4369 αὐτῶν
3754 4315 3818 4367 οὐ

546 4401 707 4459 Dives
747 4404 964 4474 quidam
1037 4407 1354 4478 interrogat,
1410 4409 1541 4479 quid
1600 4409 1764 4463 faciat
1813 4417 1873 4463 ut
1927 4409 2117 4464 vivat:

2225 4405 2559 4476 τελευτήσει,
2589 4404 2708 4457 οὐδὲ
2734 4404 2795 4456 τὸ
2831 4404 2940 4478 πῦρ
2970 4404 3274 4458 σϐέννυται.
3327 4423 3347 4458 ι
3385 4405 3524 4476 Περὶ
3572 4407 3822 4459 ἀποστα-

546 4497 675 4551 huic
719 4499 1029 4570 respondet.
1085 4500 1402 4556 Ascendens
1433 4501 1830 4573 Jerosolymam
1878 4502 1945 4558 de
1995 4517 2123 4572 pas~

547 4591 701 4645 sione
741 4606 838 4645 sua
881 4593 1143 4661 praedicit.
1184 4593 1306 4648 Filii
1351 4593 1597 4649 Zebedaai
1632 4595 1822 4648 sedere
1861 4603 2053 4663 petunt
2091 4611 2123 4649 a

545 4681 784 4736 dexteris
821 4683 961 4752 ejus.
1000 4683 1264 4739 Edisserit
1285 4685 1352 4740 de
1375 4685 1541 4739 animi
1569 4685 1897 4740 humilitate.
1928 4684 2120 4741 Visum

548 4772 739 4842 recipit
761 4772 1096 4828 liartiuiaeus.
1126 4773 1327 4829 Deinde
1349 4776 1416 4829 de
1448 4776 1596 4844 pullo
1626 4776 1794 4830 asinae
1826 4778 1978 4847 (cap.
2005 4779 2119 4848 xl),

547 4863 848 4934 ingreditur
884 4866 939 4918 in
993 4867 1278 4934 templum,
1308 4874 1364 4920 et
1403 4882 1628 4937 vespere
1674 4869 1784 4921 exit
1822 4868 1877 4922 in
1923 4869 2123 4924 Betha-

546 4954 714 5008 niain.
746 4953 952 5010 Deinde
975 4956 1043 5010 de
1083 4956 1209 5012 ﬁcu.
1239 4955 1404 5025 Ejicit
1447 4973 1512 5011 ex
1553 4960 1756 5028 templo
1803 4961 2119 5016 vendentes.

552 5046 787 5116 Vespere
824 5049 1103 5118 egreditur
1133 5051 1200 5105 de
1250 5052 1489 5106 civitate.
1532 5051 1850 5106 Adniiratur
1899 5056 2118 5120 Petrus,

546 5141 840 5194 arel'actam
874 5157 996 5196 esse
1029 5141 1210 5198 ﬁcum.
1246 5143 1585 5196 Adhortatur
1609 5143 1909 5214 discipulos
1935 5143 2117 5209 Jesus,

548 5240 605 5283 ut
636 5235 882 5289 credant.
917 5233 1076 5289 Jubet
1113 5245 1171 5288 ut
1207 5242 1430 5304 peccata
1465 5236 1718 5304 proximo
1749 5239 2116 5292 remittantur.

548 5324 872 5394 iiegreditur
897 5328 948 5380 in
981 5327 1279 5380 civitatem.
1317 5324 1658 5396 lnterrogant
1688 5344 1810 5382 eum
1839 5327 2030 5397 Judaai,
2063 5330 2119 5384 in

547 5432 652 5484 qua
689 5425 954 5486 potestate
995 5418 1107 5471 haec
1140 5417 1306 5471 faciat
1345 5434 1358 5470 :
1393 5417 1506 5486 ipse
1539 5419 1778 5472 vicissim
1823 5435 1917 5474 eos
1948 5422 2119 5475 inter-

548 5515 702 5572 rogat
730 5505 795 5560 de
822 5507 1092 5576 baptismo
1119 5505 1368 5564 Joannis.
1415 5507 1740 5564 Parabolam
1773 5511 1910 5565 dixit
1939 5511 2005 5565 de
2035 5510 2117 5564 vi-

2231 4496 2344 4550 σίου
2381 4495 2707 4564 διαλέγεται.
2747 4495 2829 4549 Τά
2862 4496 3048 4550 παιδία
3071 4496 3304 4566 εὐλογεῖ.
3352 4498 3565 4569 Ἐρωτᾷ
3593 4500 3623 4550 ὁ
3655 4496 3826 4551 πλού-

2230 4606 2364 4651 σιος,
2392 4589 2445 4640 τί
2476 4590 2708 4659 ποιήσας
2755 4587 2978 4659 ζήσεται
2998 4607 3012 4620 ⁸
3044 4589 3396 4660 ἀποκρίνεται
3441 4589 3580 4661 πρὸς
3625 4590 3821 4644 αὐτόν.

2241 4679 2566 4732 Ἀναϐαίνων
2589 4680 2668 4742 είς
2715 4679 3079 4752 Ἰεροσόλυμα,
3105 4681 3251 4750 λέγει
3296 4681 3424 4752 περὶ
3453 4681 3548 4734 τοῦ
3583 4682 3822 4746 πάθους.

2228 4774 2291 4825 0i
2333 4771 2439 4823 υἱοὶ
2473 4770 2754 4824 Ζεϐεδαίου
2786 4771 3024 4836 ἀξιοῦσιν
3045 4773 3186 4843 ὑπὲρ
3217 4773 3315 4843 τῆς
3347 4775 3412 4826 ἐκ
3435 4772 3630 4838 δεξιῶν
3651 4775 3827 4828 καθέ-

2225 4863 2378 4934 δρας.
2413 4863 2731 4931 Διαλέγεται
2760 4866 2886 4935 περὶ
2919 4864 3444 4935 ταπεινοφροσύνης.
3491 4867 3827 4921 Ἀναὸλέπει

2229 4955 2580 5028 Βαρτιμαῖος.
2617 4950 2749 5008 Εἶτα
2774 4957 2840 5009 τὰ
2871 4956 3013 5009 κατά
3038 4958 3129 5010 τὸν
3163 4955 3342 5011 πῶλον
3363 4996 3377 5020 ,
3424 4958 3518 5010 καὶ
3562 4959 3826 5031 εἰσῆλθεν

2228 5050 2307 5111 εἰς
2341 5047 2399 5100 τὸ
2423 5049 2585 5120 ἱερὸν,
2620 5049 2780 5120 ὀψίας
2807 5048 2971 5122 οῦσης
2999 5049 3219 5120 ἐξῆλθεν
3247 5049 3326 5112 είς
3352 5049 3643 5120 Βηθανίαν.
3687 5047 3830 5106 Εἶτα

2228 5141 2321 5192 ἐπὶ
2351 5140 2448 5211 τὴν
2470 5141 2660 5212 συκῆν.
2691 5141 2973 5194 Ἐκὸάλλει
3006 5143 3071 5194 ἐκ
3103 5140 3194 5194 τοῦ
3227 5140 3375 5212 ἱεροῦ
3401 5145 3532 5205 τοὺς
3562 5143 3827 5197 πωλοῦν-

2224 5251 2344 5297 τας.
2399 5234 2650 5304 Ἐξῆλθεν
2693 5235 2930 5306 ἑσπέρας
2968 5236 3032 5288 ὲκ
3066 5233 3166 5304 τῆς
3212 5234 3441 5296 πόλεως.
3501 5234 3559 5286 Ὀ
3603 5235 3830 5307 Πέτρος

2227 5326 2496 5397 θαυμάζει
2524 5326 2614 5380 διὰ
2635 5327 2733 5398 τὴν
2763 5328 2953 5398 συκῆν.
2990 5324 3368 5398 Προτρέπεται
3399 5328 3527 5390 τοὺς
3563 5325 3832 5399 μαθητὰς

2225 5421 2252 5472 ὁ
2292 5419 2500 5490 Ἰησοῦς
2547 5423 2626 5484 είς
2671 5420 2732 5472 τὸ
2770 5419 3067 5473 πιστεύειν.
3115 5418 3343 5471 Κελεύει
3389 5422 3696 5492 συγχωρεῖν
3739 5421 3833 5493 τῷ

2226 5511 2452 5582 πλησίον
2469 5513 2534 5566 τὰ
2557 5513 2949 5584 ἁμαρτήματα.
2985 5510 3373 5583 Ἐπανέρχεται
3397 5513 3478 5575 είς
3504 5511 3606 5584 τὴν
3635 5511 3830 5568 πόλιν.

621 5681 666 5712 ⁸⁸
704 5681 868 5736 Marc.
907 5697 986 5748 ιιι,
1023 5683 1112 5736 22.
1190 5684 1233 5715 ⁸⁹
1269 5683 1434 5738 Marc.
1471 5701 1543 5749 γι,
1585 5685 1637 5738 4.
1713 5687 1760 5718 ⁷ο
1800 5686 1964 5740 Marc.
2004 5704 2119 5755 vni,

2223 5723 2246 5746 ι.
2325 5691 2365 5722 ⁷¹
2397 5688 2560 5743 Marc.
2604 5705 2676 5755 ix,
2713 5689 2801 5743 39.
2878 5689 2922 5720 "
2965 5688 3121 5754 ibid,
3153 5689 3239 5742 Η.
3318 5688 3365 5727 ⁷³
3403 5687 3534 5743 ibid.
3573 5686 3664 5742 47.
