4066 6388
260 384 333 441 395
1308 383 1638 445 SYNOPSIS
1677 380 2090 444 SCRIPTURIE
2132 385 2400 444 SACRxE.

3367 379 3473 441 396

268 501 542 572 Ἐρωτῶσιν
584 505 640 558 οἱ
691 503 963 568 Ἰουδαῖοι,
990 508 1045 559 ἐν
1074 505 1199 578 ποίᾳ
1224 506 1440 580 ἐξουσίᾳ
1467 507 1640 562 ταῦτα
1655 510 1815 561 ποιεῖ.

1920 477 2134 571 πρέπει
2190 507 2258 562 de
2310 504 2470 560 malis
2497 503 2751 576 agricolis
2805 505 2962 573 (cap.
2990 505 3128 573 an).
3177 501 3363 558 Postea
3407 501 3477 558 de

265 587 434 664 Ἐρωτᾷ
467 595 691 659 αὐτοὺς
729 598 982 670 περὶτοῦ
1015 598 1384 669 βαπτίσματος
1422 600 1686 653 Ἰωάννου.
1712 599 1816 652 Λέ-

259 684 390 751 γειτά
415 684 568 738 κατὰ
605 688 707 740 τὸν
745 689 1046 759 ἀμπελῶνα
1082 691 1172 743 καὶ
1203 691 1326 753 τοὺς
1349 692 1618 760 πονηροὺς
1642 706 1817 761 γεωρ-

261 774 372 843 γούς.
412 771 555 830 Εἶτα
604 780 749 850 περὶ
797 779 895 832 τοῦ
944 782 1172 852 κήνσου·
1220 779 1337 834 εἶτα
1385 782 1512 854 περὶ
1551 781 1658 834 τῶν
1681 781 1818 835 ἑπτά

263 868 480 938 ἀδελφῶν.
522 871 753 942 Ἐρωτᾷ
780 874 808 924 6
827 874 1204 944 γραμματεὺς,
1240 873 1366 928 ποία
1394 872 1577 944 ἐντολὴ
1603 871 1814 944 πρώτη’

265 960 332 1013 καὶ
359 959 542 1030 μαθὼν
566 961 932 1033 ἀποδέχεται.
977 965 1182 1034 Ἐρωτᾷ
1208 966 1236 1017 6
1259 965 1491 1036 Χριστὸς
1530 963 1658 1034 περὶ
1691 965 1816 1016 ἐαυ-

265 1051 350 1107 τοῦ.
371 1048 500 1105 Εἶτα
526 1053 681 1106 κατὰ
715 1055 831 1108 τῶν
853 1055 1159 1126 Φαρισαίων
1203 1055 1524 1124 διαλέγεται,
1561 1055 1654 1108 καὶ
1691 1055 1817 1126 περὶ

264 1142 342 1196 τῶν
368 1143 453 1196 δύο
474 1143 762 1215 δηναρίων
788 1147 889 1216 τῆς
915 1147 1103 1218 χήρας.
1159 1147 1536 1219 Ἐξερχόμενος
1579 1147 1687 1200 ἀπὸ
1722 1144 1815 1200 τοῦ

267 1235 400 1306 ἱεροῦ,
420 1235 571 1305 λέγει
602 1238 740 1309 περὶ
767 1241 868 1310 τῆς
889 1241 1264 1311 καταστροφῆς
1287 1239 1469 1293 αὑτοῦ.
1516 1239 1816 1311 Ἐρωτῶσιν

263 1328 299 1378 oi
325 1328 548 1398 μαθηταὶ
578 1329 716 1400 περὶ
756 1329 855 1382 τοῦ
879 1330 1092 1401 χρόνου,
1129 1332 1223 1384 καὶ
1256 1331 1425 1384 πολλὰ
1464 1331 1645 1394 αὐτοῖς
1686 1348 1817 1402 προ-

264 1416 399 1486 λέγει.
427 1415 634 1472 *Ηλθεν
656 1422 743 1484 είς
776 1421 1048 1492 Βηθανίαν
1077 1421 1210 1493 πρὸς
1234 1422 1452 1492 Σίμωνα.
1477 1422 1567 1476 τὸν
1594 1422 1812 1493 λεπρόν.

273 1509 392 1563 Ἐκεῖ
414 1511 473 1564 τὸ
520 1511 699 1583 μύρον
740 1514 1006 1584 ἐκχεῖται.
1047 1514 1356 1568 Συντίθεται
1388 1517 1416 1568 6
1471 1513 1668 1578 Ἰούδας
1703 1516 1816 1578 τοῖς

273 1597 537 1662 Ἰουδαίοις.
564 1599 896 1671 Πέμπονται
930 1602 1212 1673 ἑτοιμάσαι
1250 1603 1311 1656 τὸ
1342 1603 1527 1674 πάσχα
1551 1604 1600 1655 οι
1637 1603 1816 1673 μαθη-

262 1690 350 1742 ταί.
381 1689 623 1760 Ἐλέγχει
649 1690 748 1744 τὸν
791 1691 1011 1745 Ἰούδαν.
1054 1694 1393 1764 Παραδίδωσι
1425 1695 1492 1748 τά
1522 1696 1810 1766 μυστήρια.

269 1781 553 1851 Ἐξέρχεται
595 1783 680 1846 είς
705 1782 803 1836 τὸν
833 1784 1081 1838 ἐλαιῶνα.
1105 1785 1367 1857 Προλέγει
1396 1789 1510 1850 τοῖς
1528 1787 1813 1858 μαθηταῖς,

1919 614 2086 654 censu
2131 597 2247 654 :de
2295 607 2500 667 septem
2561 597 2838 651 fratribus.
2886 597 3248 663 Qumstionem
3299 602 3478 651 movet

1919 691 2118 754 scriba,
2139 689 2282 761 quod
2311 689 2383 746 sit
2407 691 2638 760 primum
2669 689 2800 760 legis
2828 688 3160 750 mandatum.
3178 702 3240 742 ac
3260 701 3482 756 respon-

1918 783 2122 838 sionem
2157 781 2336 835 datam
2361 782 2572 851 probat.
2593 779 2843 834 Christus
2869 779 3160 850 interrogat
3182 778 3249 832 de
3277 778 3476 847 seipso.

1917 867 2111 925 Postea
2140 869 2382 938 disputat
2408 877 2599 923 contra
2627 866 2949 932 Pharisaeos,
2981 875 3036 921 et
3059 868 3127 922 de
3150 867 3363 922 duobus
3385 864 3480 920 de-

1918 958 2087 1012 nariis
2109 958 2300 1012 viduae.
2332 957 2597 1028 Egressus
2618 974 2648 1012 e
2678 958 2876 1027 templo
2901 956 3308 1012 subversionem
3334 954 3481 1009 illius

1918 1047 2162 1117 praedicit
2205 1047 2355 1115 (cap.
2390 1063 2487 1100 xm
2510 1046 2554 1117 ).
2589 1045 2846 1116 Discipuli
2871 1046 2938 1100 de
2969 1055 3212 1115 tempore
3244 1045 3480 1098 interro-

1917 1147 2065 1210 gant,
2088 1147 2141 1194 et
2159 1138 2400 1209 praedicit
2427 1139 2534 1193 illis
2564 1137 2746 1192 multa.
2777 1137 2937 1192 Venit
2953 1137 3266 1192 Bethaniam
3294 1134 3361 1190 ad
3396 1133 3484 1188 Si-

1917 1247 2133 1286 monem
2187 1232 2458 1301 leprosum
2509 1230 2666 1301 (cap.
2698 1229 2844 1300 xw).
2891 1231 3014 1285 Istic
3054 1228 3348 1284 eﬂ'unditur
3380 1242 3486 1280 un-

1916 1332 2194 1394 guentum.
2245 1321 2544 1376 Paciscitur
2581 1320 2747 1376 Judas
2786 1336 2908 1375 cum
2945 1320 3166 1375 Judaeis.
3200 1320 3484 1375 Mittuntur

1917 1415 2165 1485 discipuli
2211 1415 2278 1468 ad
2328 1414 2625 1484 parandum
2675 1411 2897 1482 pascha.
2953 1412 3237 1467 Convincit
3265 1411 3480 1467 Judam.

1917 1503 2105 1560 Tradit
2145 1507 2422 1577 mysteria.
2475 1505 2762 1576 Egreditur
2805 1503 2873 1558 ad
2913 1513 3151 1560 montem
3185 1503 3480 1559 Olivarum.

1914 1597 2209 1669 Discipulis
2237 1600 2500 1669 praedicit,
2521 1599 2663 1669 quod
2694 1599 3008 1653 scandalum
3036 1597 3249 1667 passuri
3273 1605 3480 1661 essent,

1915 1698 1969 1742 et
2008 1687 2190 1753 Petro,
2239 1690 2382 1760 quod
2428 1701 2719 1760 negaturus
2764 1689 2852 1744 sit.
2903 1687 3163 1744 Precatur
3214 1687 3424 1743 Patrem
3465 1706 3480 1742 :

1917 1776 2114 1832 deinde
2147 1780 2378 1849 capitur.
2413 1776 2609 1832 Petrus
2657 1777 2924 1832 abscindit
2975 1775 3270 1829 auriculam
3317 1772 3482 1829 servi.

260 1870 322 1923 δτι
347 1870 922 1942 σκανδαλισθήσονται,
959 1874 1050 1927 καλ⁸
1085 1873 1161 1944 τῷ
1204 1875 1428 1945 Πέτρῳ,
1466 1876 1546 1928 ὅτι
1587 1877 1816 1946 ἀρνήσε-

1920 1866 2248 1925 Adolescens
2265 1871 2442 1924 nudus
2461 1868 2690 1938 aufugit.
2710 1867 2934 1924 Ducitur
2947 1867 3106 1923 Jcsus
3123 1866 3188 1921 ad
3204 1865 3482 1936 Caipham.

259 1979 348 2017 ται.
385 1963 767 2034 Προσεύχεται
821 1965 900 2035 τῷ
946 1963 1148 2036 Πατρί⁶
1195 1961 1315 2019 εἶτα
1361 1965 1812 2036 συλλαμϐάνεται.

258 2056 430 2126 Τέμνει
459 2057 675 2128 Πέτρος
723 2057 786 2110 τὸ
821 2056 985 2110 ὠτίον
1013 2050 1121 2110 τοῦ’
1139 2057 1343 2111 δούλου.
1374 2058 1567 2126 Φεύγει
1589 2061 1616 2112 6
1644 2059 1817 2113 νεανί-

257 2159 363 2208 σκος
386 2147 616 2216 γυμνός.
653 2147 890 2214 ’Δγεται
924 2147 1059 2218 πρὸς
1091 2149 1343 2218 Καϊάφαν
1374 2151 1403 2202 6
1443 2148 1668 2220 Ἰησοῦς.
1702 2151 1816 2204 Κα-

254 2233 672 2306 ταμαρτυροῦσιν
701 2235 893 2288 αὐτοῦ.
955 2237 1238 2307 Ὁμολογεῖ
1279 2238 1469 2292 ἑαυτὸν
1497 2239 1625 2292 Υίὸν
1658 2239 1814 2294 Θεοῦ.

264 2319 507 2395 ’Δρνεῖται
541 2327 780 2397 Πέτρος.
821 2328 1044 2395 Ἀγεται
1067 2329 1202 2401 πρὸς
1234 2330 1464 2384 Πιλᾶτον
1503 2331 1532 2382 6
1571 2329 1776 2403 Ἰησοῦς
1797 2346 1812 2363 θ

254 2413 579 2485 σταυροῦται.
605 2411 720 2468 Ἦν
746 2416 868 2468 ἐκεῖ
889 2416 1075 2486 Μαρία
1091 2419 1125 2489 ή
1178 2417 1430 2475 Ἰακώϐου
1474 2419 1568 2473 τοῦ
1597 2421 1814 2493 μικροῦ,

252 2506 329 2558 καὶ
355 2507 383 2576 ή
417 2505 791 2578 Μαγδαληνὴ,
816 2507 914 2560 καὶ⁵
943 2507 1192 2580 Σαλώμη.
1234 2511 1513 2581 Λαμϐἀνει
1541 2513 1569 2566 6
1618 2513 1816 2584 Ἰωσὴφ

248 2595 298 2648 τὸ
317 2598 464 2667 σῶμα
485 2596 584 2651 τοῦ
622 2596 828 2668 Ἰησοῦ.
851 2594 1054 2654 Ἦλθον
1078 2601 1133 2654 αἱ
1157 2606 1409 2670 γυναῖκες
1435 2602 1571 2673 μετὰ
1601 2603 1660 2656 τὸ
1682 2603 1818 2656 Σάϐ-

245 2686 406 2752 ϐετον,
436 2688 721 2761 ἀρώματα
756 2689 1045 2762 φέρουσαι.
1081 2690 1232 2747 Εἶδον
1273 2694 1365 2748 τὸν
1396 2694 1624 2764 ἄγγελον
1650 2698 1708 2749 ἐν
1740 2695 1817 2766 τῷ

246 2781 498 2852 μνημείῳ,
529 2781 630 2834 καὶ
655 2780 1030 2854 ἐφοϐήθησαν.
1065 2785 1322 2850 Ἀναστάς
1348 2785 1377 2839 6
1404 2785 1635 2859 Χριστὸς
1661 2785 1816 2859 ὤφθη

242 2869 428 2944 Μαρίᾳ,
479 2873 580 2942 ἀφ’
626 2869 700 2944 ἦς
725 2872 796 2925 τά
840 2873 982 2927 ἑπτά
1011 2874 1260 2947 δαιμόνια
1284 2877 1556 2943 ἐξέϐαλεν.
1607 2865 1815 2951 Ἑκείνη

242 2956 343 3014 εἷπε
369 2966 479 3027 τοῖς
509 2964 796 3036 μαθηταῖς
817 2981 832 2996 ·
863 2967 913 3017 οἱ
941 2965 996 3020 δὲ
1025 2967 1349 3040 ἠπίστησαν.
1400 2971 1628 3024 Ἔπειτα
1661 2970 1816 3044 ώφθη

240 3055 334 3116 τοῖς
351 3054 501 3107 δυσὶν
540 3057 604 3107 ἐν
635 3058 705 3126 τῇ
905 3051 1022 3110 εἶτα
1048 3060 1159 3122 τοῖς
1196 3066 1260 3113 ια’
1283 3075 1296 3090 '
1331 3060 1424 3113 καὶ
1453 3060 1694 3114 ὠνείδισε
1721 3060 1816 3132 τὴν

239 3145 478 3200 ἀπιστίαν
512 3146 726 3200 αὐτῶν.
755 3147 870 3200 Καὶ
905 3147 1222 3204 ἀπέστειλεν
1261 3151 1456 3215 αὐτοὺς
1501 3151 1814 3223 κηρύσσειν,

239 3239 320 3290 καὶ
348 3239 662 3308 βαπτίζειν,
692 3239 791 3292 καὶ
826 3242 1029 3310 σημεῖα
1058 3245 1248 3296 ποιεῖν.
1278 3239 1410 3297 Εἶτα
1437 3244 1731 3316 ἀνελήφθη.

591 3352 848 3406 Βιϐλίον
875 3359 947 3422 γ’,
978 3351 1124 3406 κατὰ
1172 3352 1429 3408 Λουκᾶν.

300 3443 382 3498 J9.
415 3443 496 3497 Τά
532 3442 685 3498 κατὰ
706 3444 807 3514 τὴν
835 3443 1091 3512 γέννησιν
1129 3444 1396 3508 Ἰωάννου,
1431 3447 1523 3498 καὶ
1565 3444 1660 3498 τοῦ
1688 3447 1820 3516 Χρι-

245 3533 391 3587 61:65-
427 3535 497 3588 τὰ
543 3534 698 3589 κατὰ
741 3533 836 3588 τὸν
877 3533 1122 3606 Συμεών.
1165 3538 1333 3590 Ἀννα
1379 3536 1818 3607 ἀνθομολογεῖται

245 3626 306 3696 τῷ
335 3628 544 3701 Κυρίῳ.
596 3627 899 3699 Ἀπομένει
922 3629 981 3680 ἐν
1010 3627 1086 3698 τῷ
1115 3628 1244 3699 ἱερῷ
1276 3628 1304 3681 6
1351 3628 1556 3699 Ἰησοῦς
1577 3669 1590 3692 ,
1637 3631 1732 3682 καὶ
1769 3631 1819 3682 oi

247 3721 404 3783 γονεῖς
434 3719 695 3788 ἠγνόουν.
733 3719 1045 3784 Βαπτίζειὸ
1081 3720 1349 3790 Ἰωάννης,
1387 3719 1705 3790 βαπτίζεται
1726 3722 1820 3774 καὶ

247 3809 545 3881 δΧριστὺς,
593 3810 674 3864 ὣν
708 3809 848 3864 ἐτῶν
901 3810 966 3864 λ’.
1005 3811 1430 3878 Γενεαλογεῖται.
1476 3814 1702 3881 Ἀγεται
1739 3815 1820 3876 είς

248 3898 331 3968 τὴν
358 3900 585 3972 ἔρημον.
627 3901 900 3972 Ἔρχεται
927 3901 1007 3963 εἰς
1047 3900 1300 3972 Ναζαρέτ
1322 3917 1335 3931 ⁸
1371 3900 1727 3971 ἀναγινώσκει
1760 3905 1818 3958 ἐν

250 3996 306 4062 τῇ
331 3995 652 4066 Συναγωγῇ.
695 3991 836 4047 Εἷπε
871 3991 1011 4064 πρὶς
1057 3994 1182 4058 τοὺς
1243 3992 1526 4059 Ἰουδαίους
1563 3995 1821 4066 περὶτῆς

251 4084 407 4152 χήρας
430 4085 530 4155 τῆς
569 4083 781 4148 Ἡλίου,
805 4083 906 4138 καὶ
938 4083 1155 4154 Νεεμάν
1185 4083 1278 4137 τοῦ
1303 4084 1502 4158 λεπροῦ
1521 4127 1536 4151 ,
1575 4087 1668 4140 καὶ
1689 4085 1818 4157 ήθε-

252 4170 329 4225 λον
354 4175 509 4228 αὑτὸν
530 4175 865 4248 κρημνίσαι.
890 4169 1092 4227 *Ηλθεν
1123 4177 1203 4239 είς
1231 4175 1619 4248 Καπερναούμ.
1669 4177 1821 4230 Ἐθε-

251 4266 472 4332 ράπευσε
505 4267 600 4321 τὸν
631 4265 1001 4338 δαιμονῶντα,
1031 4268 1124 4320 καὶ
1153 4266 1249 4339 τὴν
1277 4267 1546 4338 πενθεράν
1587 4269 1818 4342 Πέτρου,

249 4359 331 4410 καὶ
352 4358 540 4423 ἄλλους
569 4359 827 4422 πολλούς.
846 4357 1102 4429 Ἐξῆλθεν
1132 4361 1210 4423 εἰς
1239 4359 1338 4430 τὴν
1373 4355 1821 4431 ἐρημον.⁷Ηλθεν

248 4448 318 4509 εἰς
344 4448 706 4522 Γεννησαρὲτ,
735 4449 912 4520 ἐπέϐη
949 4447 1041 4501 τοῦ
1071 4449 1254 4502 πλοίου
1286 4449 1493 4522 Πέτρου
1520 4491 1534 4516 ,
1566 4450 1694 4504 ἔνθα
1726 4451 1821 4505 καὶ

1920 1959 2314 2018 Testimonium
2367 1962 2588 2017 aﬂ‘ertur
2620 1969 2811 2016 contra
2857 1961 3032 2014 illum.
3075 1957 3379 2014 Conﬁtetur
3426 1970 3486 2010 se

1919 2068 2042 2109 esse
2070 2051 2266 2107 Filium
2295 2052 2409 2108 Dei.
2446 2052 2615 2124 Negat
2662 2051 2876 2109 Petrus.
2903 2051 3129 2106 Ducitur
3157 2050 3223 2104 ad
3253 2048 3485 2104 Pilatum

1921 2143 2084 2200 Jesus
2129 2145 2290 2215 (cap.
2317 2144 2426 2217 xv)
2462 2164 2476 2199 :
2509 2144 2862 2216 cruciﬁgitur.
2910 2143 3039 2198 Erat
3073 2143 3148 2198 ibi
3188 2141 3356 2196 Maria
3393 2137 3485 2194 Ja-

1921 2235 2041 2290 cobi
2075 2235 2321 2299 minoris,
2351 2245 2406 2292 et
2435 2235 2769 2309 Magdalena,
2809 2243 2864 2292 et
2901 2236 3136 2290 Salome.
3161 2232 3361 2302 Joseph
3389 2246 3482 2285 ac-

1921 2327 2053 2397 cipit
2083 2342 2283 2397 corpus
2316 2327 2468 2383 Jesu.
2502 2327 2780 2385 Venerunt
2814 2328 3069 2384 mulieres
3113 2332 3236 2397 post
3275 2323 3486 2378 Sabba-

1919 2425 2058 2485 tum,
2100 2427 2342 2474 aromata
2369 2419 2604 2476 ferentes
2645 2420 2795 2492 (cap.
2825 2437 2913 2475 xv:
2938 2424 2976 2484 ).
3007 2417 3204 2473 Vident
3234 2415 3484 2486 angelum

1919 2508 1976 2564 in
2006 2519 2378 2576 monumento,
2407 2521 2462 2567 et
2496 2513 2906 2582 pertimescunt.
2951 2510 3082 2567 Post
3130 2505 3485 2564 resurrectio-

1920 2618 2046 2658 nem
2081 2602 2332 2660 Christus
2361 2605 2612 2675 apparuit
2656 2604 2855 2666 Mariae.
2901 2620 2968 2660 ex
2999 2618 3106 2674 qua
3144 2609 3348 2673 septem
3375 2599 3485 2654 dae—

1923 2695 2105 2749 monia
2141 2695 2397 2766 eiecerat.
2439 2695 2558 2767 Ipsa
2607 2712 2722 2751 rem
2761 2696 2898 2750 dixit
2927 2695 2994 2751 ad
3037 2694 3357 2765 discipulos,
3407 2690 3486 2746 illi

1921 2799 2052 2840 vero
2089 2800 2200 2840 non
2243 2785 2612 2842 crediderunt.
2661 2785 2856 2842 Postea
2891 2786 3142 2857 apparuit
3175 2783 3388 2838 duobus
3430 2781 3489 2836 in

1919 2877 2029 2939 via,
2063 2876 2259 2932 deinde
2291 2886 2345 2932 et
2378 2877 2666 2938 undecim.
2699 2879 2898 2949 quibus
2928 2880 3088 2934 etiam
3140 2875 3491 2932 incredulita-

1923 2978 2028 3024 tem
2051 2970 2417 3039 exprobravit.
2456 2969 2520 3024 Et
2553 2971 2699 3026 misit
2723 2986 2817 3026 eos
2849 2971 3198 3041 praedicatum
3229 2976 3282 3024 et
3315 2966 3490 3036 baptia

1923 3067 2124 3125 zatum,
2159 3068 2213 3116 et
2251 3071 2574 3133 potestatem
2605 3063 2752 3117 dedit
2786 3062 3154 3117 faciendorum
3186 3060 3487 3131 signorum.

1923 3149 2118 3208 Postea
2145 3163 2460 3227 assumptus
2491 3164 2592 3209 est.

2059 3354 2214 3410 Liber
2241 3352 2362 3419 ΙΙΙ,
2398 3355 2740 3428 Evangelium
2793 3356 3076 3410 secundum
3123 3352 3324 3409 Lucam

1987 3445 2076 3500 49.
2101 3445 2394 3502 Historiam
2429 3447 2727 3500 nativitatis
2755 3445 2981 3502 Joannis
3014 3447 3205 3502 scribit
3233 3446 3388 3516 (cap.
3417 3445 3482 3516 I),

1918 3537 2112 3592 deinde
2142 3547 2195 3592 et
2217 3537 2419 3593 Christi
2452 3557 2465 3591 :
2493 3537 2558 3592 de
2590 3537 2842 3593 Simeone
2888 3541 3022 3607 (cap.
3057 3539 3138 3607 ιι).
3171 3539 3326 3591 Anna
3357 3552 3491 3592 con-

1921 3628 2102 3683 ﬁtetur
2135 3627 2381 3684 Domino.
2423 3628 2584 3685 Jesus
2616 3630 2672 3682 in
2716 3629 2918 3699 templo
2948 3635 3145 3690 manet,
3176 3626 3366 3682 insciis
3400 3641 3493 3696 pa-

1920 3719 2187 3775 rentibus.
2213 3719 2448 3776 Joannes
2472 3721 2712 3790 baptizat
2745 3720 2899 3790 (cap.
2927 3725 3023 3788 ιιι)
3057 3738 3070 3772 :
3105 3718 3412 3788 baptizatur
3434 3725 3489 3770 et

1920 3810 2192 3874 Christus,
2226 3824 2351 3864 cum
2392 3824 2658 3864 annorum
2699 3815 2846 3864 esset
2888 3807 3130 3878 triginta.
3163 3804 3488 3874 GeneaIOgia

1920 3897 2061 3967 ejus.
2090 3897 2315 3953 Ducitur
2343 3900 2396 3953 in
2426 3897 2774 3954 solitudinem
2805 3897 2957 3969 (cap.
2991 3895 3101 3966 IV).
3133 3894 3291 3951 Venit
3318 3893 3490 3949 Naza-

1921 3991 2039 4046 reth
2072 4009 2086 4045 :
2116 3991 2243 4063 legit
2276 3993 2332 4047 in
2362 3990 2665 4064 Synagoga.
2711 3989 2854 4046 Dicit
2881 3990 2947 4045 ad
2970 3989 3185 4046 Judceos
3212 3989 3279 4046 de
3302 3987 3488 4052 vidua,

1921 4079 2029 4151 (ad
2063 4095 2227 4151 quam
2265 4081 2526 4153 divertit)
2574 4081 2742 4145 Elias,
2785 4080 2931 4138 etde
2967 4079 3205 4136 Neeman
3250 4081 3487 4150 leproso,

1921 4181 1976 4230 et
2004 4175 2196 4231 volunt
2227 4189 2350 4229 eum
2376 4174 2709 4245 praecipitem
2741 4174 2892 4230 dare.
2926 4171 3088 4229 Venit
3123 4173 3487 4244 Capernaum.

1920 4267 2089 4323 Curat
2122 4267 2388 4322 daemonio
2420 4268 2779 4333 laborantem,
2809 4275 2863 4322 et
2891 4282 3107 4323 socrum
3130 4264 3296 4330 Petri,
3321 4266 3489 4321 alios-

1921 4373 2028 4430 que
2059 4359 2280 4414 multos.
2314 4357 2602 4430 Egreditur
2627 4359 2682 4414 in
2719 4357 3089 4414 solitudinem.
3120 4355 3281 4411 Venit
3301 4356 3354 4410 in
3384 4364 3493 4409 ter-

1922 4465 2042 4504 ram
2072 4450 2445 4519 Gennesaret(
2462 4466 2576 4519 cap.
2606 4467 2638 4505 v
2657 4450 2696 4522 ),
2717 4451 2962 4506 ascendit
2988 4449 3294 4504 naviculam
3320 4447 3490 4511 Petri,

245 4536 301 4590 τὸ
327 4539 538 4595 δίκτυον
582 4541 970 4614 διερρήγνυτο.
1026 4540 1291 4612 Ἐφοϐήθη
1350 4541 1550 4612 Σίμων.
1595 4542 1816 4614 Ἐθερά-

1926 4543 2017 4599 ubi
2045 4551 2100 4600 et
2127 4551 2244 4600 rete
2288 4545 2660 4600 scindebatur.
2697 4543 3039 4600 Pertimescit
3080 4541 3292 4599 Simon.
3322 4540 3496 4595 Curat

246 4643 405 4685 πευσε
434 4632 522 4686 τὸν
551 4633 778 4706 λεπρὸν,
807 4627 928 4684 εἶτα
959 4630 1049 4684 τὸν
1088 4631 1471 4704 παραλυτικὸν.
1515 4633 1686 4687 Καλεῖ
1727 4633 1819 4688 τὸν

245 4722 392 4790 Δευῖ,
419 4725 585 4779 ἐσθίει
607 4727 740 4797 παρ’
773 4723 926 4793 αὐτῷ
949 4740 962 4753 ·
993 4723 1084 4776 καὶ
1106 4725 1414 4794 ἐγκαλεῖται
1443 4726 1551 4779 ὑπὸ
1574 4726 1681 4780 τῶν
1712 4729 1819 4780 Φα-

247 4817 462 4882 ρισαίων
492 4820 623 4890 περὶ
654 4817 874 4878 τούτου,
904 4818 998 4869 καὶ
1031 4817 1110 4870 ὅτι
1159 4818 1220 4870 οὐ
1247 4816 1594 4889 νηστεύουσιν
1633 4819 1683 4872 οι
1720 4835 1820 4891 μα-

244 4903 399 4977 θηταὶ
431 4909 615 4963 αὑτοῦ.
666 4907 972 4981 Πορεύεται
1011 4909 1067 4960 ἐν
1111 4908 1373 4980 Σαϐϐάτῳ
1395 4909 1818 4984 δευτεροπρώτῳ

239 4994 321 5050 διά
346 4998 454 5052 τῶν
482 5000 792 5072 σπορίμων.
820 4997 1124 5069 Θεραπεύει
1153 5001 1209 5054 ἐν
1236 5000 1406 5072 ἐτέρῳ
1441 5001 1701 5072 Σαϐϐάτῳ
1725 5001 1818 5057 τὸν

238 5088 333 5159 τήν
360 5089 526 5163 ξηράν
554 5096 735 5164 χεῖρα.
768 5090 1086 5169 Ἐκλέγεται
1112 5094 1238 5156 τοὺς
1265 5093 1349 5163 ιβ’.
1380 5093 1537 5162 Λέγει
1568 5095 1692 5158 τοὺς
1723 5113 1819 5166 μα-

238 5183 556 5254 καρισμούς.
590 5182 887 5246 Ταλανίζει
933 5185 1058 5246 τοὺς
1096 5185 1384 5250 πλουσίους
1425 5187 1518 5240 καὶ
1561 5189 1686 5251 τοὺς
1725 5205 1820 5257 γε-

236 5271 461 5341 λῶντας.
492 5279 764 5351 Παραινεῖ
785 5275 920 5346 περὶ
939 5277 1174 5346 ἀγάπης,
1211 5281 1338 5349 περὶ
1377 5280 1469 5333 τοῦ
1501 5282 1574 5352 μὴ
1617 5281 1818 5352 ἀμύνε-

239 5366 366 5421 σθαι
394 5371 477 5424 τὸν
502 5372 752 5443 πλησίον.
794 5369 934 5439 Περὶ
974 5369 1395 5442 φιλανθρωπίας.
1441 5373 1576 5442 Περὶ
1612 5372 1704 5424 τοῦ
1743 5371 1818 5443 μὴ

239 5461 470 5529 κρίνειν,
501 5465 594 5519 καὶ
647 5460 1019 5535 μεταδιδόναι.
1062 5463 1222 5532 Λέγει
1260 5463 1316 5515 δὲ
1356 5464 1450 5516 καὶ
1481 5464 1814 5536 παραϐολὴν,

233 5555 326 5623 τὴν
357 5559 588 5632 περὶτοῦ
619 5556 884 5627 δένδρου,
911 5554 1004 5606 καὶ
1029 5555 1265 5626 περὶτοῦ
1300 5557 1660 5625 φυλάσσοντος
1694 5559 1818 5620 τοὺς

224 5642 414 5717 λόγους
463 5652 632 5708 αὑτοῦ
659 5693 675 5719 ,
724 5650 815 5702 ὅτι
855 5645 1037 5716 ὅμοιός
1084 5649 1197 5703 ἐστι
1238 5653 1302 5721 τῇ
1346 5651 1440 5703 ἐπὶ
1481 5649 1578 5720 τὴν
1615 5649 1818 5718 πέτραν

219 5744 386 5818 οὲκίᾳ.
427 5749 696 5820 Ἔρχεται
729 5743 818 5803 εἰς
863 5740 1253 5812 Καπερναούμ.
1289 5743 1576 5812 Πρόσεισιν
1618 5743 1645 5792 6
1686 5742 1816 5793 ἐκα-

210 5837 505 5913 τόνταρχος
559 5839 716 5909 ὑπὲρ
750 5833 856 5887 τοῦ
891 5832 1093 5890 δούλου.
1133 5831 1264 5887 Εἶτα
1291 5838 1318 5888 6
1345 5835 1458 5898 υίὸς
1505 5834 1603 5904 τῆς
1643 5835 1818 5903 χήρας

529 5935 839 5994 ΡΑτιιοι.
889 5926 1004 5985 Cn.
1049 5927 1337 5987 XXVIII.

1927 4635 2224 4706 leprosum,
2271 4635 2467 4692 deinde
2513 4636 2892 4708 paralyticum.
2942 4633 3117 4689 Vocat
3158 4633 3306 4697 Levi,
3349 4629 3494 4701 apud

1924 4743 2085 4798 quem
2120 4734 2174 4783 et
2201 4728 2494 4782 manducat
2523 4746 2539 4782 :
2577 4729 2829 4798 culpatur
2874 4743 2904 4781 a
2947 4725 3239 4781 Pharismis
3271 4724 3340 4778 ob
3372 4737 3492 4776 eam

1925 4833 2168 4886 causam,
2203 4827 2254 4874 et
2292 4819 2436 4890 quod
2474 4819 2727 4889 discipuli
2779 4819 2953 4890 ipsius
3002 4834 3112 4873 non
3156 4817 3488 4888 jejunarent.

1922 4909 2179 4965 Ambulat
2223 4911 2278 4966 in
2324 4909 2561 4966 Sabbato
2587 4910 3034 4982 secundo-primo
3058 4925 3154 4982 per
3183 4916 3298 4962 sata
3330 4904 3487 4976 (cap.

1923 5000 2041 5072 vt).
2080 5001 2266 5058 Altero
2296 5001 2536 5057 Sabbato
2567 5010 2723 5057 curat
2751 5019 2896 5068 eum,
2931 5001 3024 5072 qui
3066 5014 3285 5054 manum
3324 4996 3489 5050 habe-

1925 5093 2018 5150 bat
2049 5095 2276 5152 aridam.
2310 5093 2486 5167 Elegit
2516 5095 2824 5150 duodecim.
2877 5094 3140 5149 Recensct
3185 5089 3492 5144 beatitudi-

1923 5203 2040 5243 nes.
2082 5186 2338 5257 Deplorat
2376 5187 2573 5244 divites
2623 5197 2677 5243 et
2725 5187 2986 5243 ridentes.
3037 5183 3375 5238 Adhortatur
3421 5182 3490 5236 ad

1923 5279 2290 5334 dilectionem.
2319 5279 2389 5334 De
2420 5295 2527 5334 non
2557 5278 2870 5334 ulciscendo
2923 5275 3248 5347 proximum.
3283 5271 3357 5328 De
3388 5272 3491 5326 hu-

1925 5371 2204 5426 manitate.
2237 5370 2353 5425 Non
2383 5386 2505 5426 esse
2533 5371 2692 5425 nobis
2711 5367 3068 5440 judicandum
3102 5383 3116 5420 :
3146 5380 3268 5421 esse
3291 5364 3491 5435 imper-

1927 5464 2186 5520 tiendum.
2227 5459 2550 5518 Parabolam
2581 5463 2713 5518 dicit
2759 5462 2826 5516 de
2859 5461 3074 5524 arbore,
3118 5467 3171 5515 et
3203 5458 3270 5514 de
3297 5473 3362 5514 eo
3398 5459 3491 5528 qui

1925 5569 2206 5610 sermones
2243 5569 2372 5608 suos
2401 5553 2693 5614 custodiat,
2722 5549 2868 5621 quod
2901 5551 2946 5606 is
2976 5550 3172 5606 similis
3205 5549 3274 5604 sit
3303 5548 3490 5602 domui

1925 5647 2162 5700 fundatae
2191 5659 2352 5714 supra
2380 5652 2603 5713 petram.
2623 5641 2778 5695 Venit
2810 5644 3145 5711 Capernanm
3179 5644 3307 5708 (mp
3356 5659 3374 5690 ι
3394 5659 3422 5691 ιι
3452 5647 3484 5692 ‘..

1926 5738 2145 5792 Accedit
2175 5737 2241 5790 ad
2268 5752 2391 5790 eum
2423 5735 2669 5788 centurio
2691 5749 2853 5786 orans
2889 5751 2987 5803 pro
3018 5752 3173 5788 ενι-γυ
3211 5753 3325 5786 bim.
3357 5734 3392 5782 ll
3426 5747 3488 5782 ne
3527 5719 3534 5729 ’

1926 5831 2197 5884 excitatur
2228 5828 2369 5883 ﬁlius
2398 5826 2594 5881 viduae.
2645 5825 2807 5879 Mittit
2839 5826 2906 5880 ad
2943 5843 3068 5882 eum
3105 5826 3346 5881 Joannes
3375 5824 3487 5878 dis-
