4066 6388
566 363 669 422 διδ

1671 361 1727 416 S.
1770 357 2235 415 ATHANASlUS.
2279 359 2599 418 —DUBlA.

3709 356 3810 414 596

569 481 779 553 cipulos
827 473 1614 550 suostAceusatgturbam
1630 473 1794 530 desus
1816 475 1883 529 de
1899 473 2120 530 Joanne.

2236 477 2537 534 ἀνίσταται.
2555 477 2770 549 Πέμπει
2785 474 3038 547 Ἰωάννης
3054 475 3177 539 τοὺς
3203 473 3446 546 μαθητὰς
3473 474 3608 546 πρὸς
3625 475 3806 528 αὐτόν.

569 575 860 643 Comparat
888 585 1006 626 eam
1041 567 1437 638 generationem
1477 564 1662 634 pueris
1689 565 1829 618 inter
1859 579 1918 619 se
1947 565 2129 618 accla-

568 660 1196 732 mantibus.‘lngreditur
1223 659 1443 714 domum
1469 657 1748 712 Pharisai.
1782 656 1845 710 Et
1873 658 2130 712 ecee'mu-

567 759 666 814 lier
686 756 957 829 peccatrix
993 753 1322 807 alabastrum
1353 751 1602 806 ell'undit.
1634 749 2001 820 Reprehendit
2028 750 2133 804 hoc

567 853 767 907 factum
789 849 1114 903 Pharismus.
1135 845 1453 899 Parabolam
1484 844 1550 898 ad
1571 859 1696 898 eum
1725 842 1855 897 dicit
1881 841 2040 897 Jesus
2065 841 2132 896 de

563 942 776 996 duobus
799 939 1157 995 debitoribus.
1196 937 1397 993 Deinde
1434 937 1632 992 circuit
1675 952 1772 1006 per
1809 937 2052 992 civitates
2077 943 2133 991 et

561 1036 711 1096 vicos
757 1036 910 1103 (cap.
949 1031 1108 1102 vm).
1157 1029 1472 1100 Sequuntur
1508 1044 1633 1085 eum
1667 1030 1943 1094 mulieres,
1991 1043 2131 1098 quas

559 1131 866 1180 curaverat.
901 1122 1223 1178 Parabolam
1255 1122 1387 1177 dicit
1417 1121 1485 1176 de
1515 1121 1840 1176 seminante.
1873 1119 2034 1175 Venit
2062 1120 2130 1174 ad

557 1229 681 1270 eum
709 1225 882 1269 mater
909 1213 1050 1284 ejus.
1079 1211 1342 1283 Navigant
1371 1227 1493 1268 cum
1519 1225 1585 1267 eo
1617 1210 1869 1282 discipuli
1903 1229 1918 1265 :
1954 1211 2130 1265 oritur

557 1333 872 1396 tempestas.
911 1323 1146 1379 Veniunt
1184 1323 1404 1378 Gadira.
1439 1323 1600 1394 Legio
1632 1323 1792 1378 irruit
1820 1323 1874 1377 in
1908 1337 2125 1394 porcos.

555 1417 759 1473 Deinde
787 1415 969 1472 Jairus
1005 1423 1124 1471 orat
1145 1431 1242 1488 pro
1284 1417 1411 1472 lilia.
1437 1415 1675 1471 Sanatur
1698 1417 2124 1471 haemorrhousa.

554 1505 770 1563 Excitat
789 1513 1062 1561 mortuam
1086 1507 1345 1577 puellam.
1378 1505 1542 1560 Mittit
1568 1506 1855 1562 duodecim
1887 1506 2128 1576 discipu-

553 1600 638 1655 los
676 1600 822 1668 (cap.
858 1615 914 1653 ιιι
937 1601 976 1669 ).
1011 1599 1179 1652 Audit
1211 1599 1277 1654 de
1304 1613 1369 1654 eo
1400 1599 1659 1655 llerodes.
1693 1597 1911 1655 Secedit
1944 1599 2000 1653 in
2040 1613 2130 1653 so-

554 1691 842 1746 litudinem
881 1689 1060 1746 Jesus.
1113 1692 1222 1745 Alit
1258 1692 1470 1747 turbas.
1525 1690 1844 1764 interrogat,
1877 1691 2065 1747 dicens
2109 1709 2122 1745 :

559 1803 579 1836 ι
616 1783 788 1852 Quem
821 1799 907 1839 me
945 1800 1068 1840 esse
1098 1784 1289 1839 dicunt
1317 1786 1565 1841 homines
1592 1785 1714 1839 "1?)
1736 1785 1930 1840 Petrus
1956 1783 2127 1840 conli-

2247 570 2497 639 Ἐγκαλεῖ
2527 571 2602 642 τῷ
2631 569 2773 641 ὄχλῳ
2801 572 2828 622 6
2859 567 3064 638 Ἰησοῦς
3100 569 3226 640 περὶ
3242 568 3508 622 Ἰωάννου.
3536 567 3809 638 Παρεικά·

2235 661 2314 726 ζει
2345 663 2442 734 τὴν
2467 663 2658 732 γενεὰν
2688 663 2918 724 παιδίοις
2944 665 3055 724 τοῖς
3088 661 3517 732 προσφωνοῦσιν.
3551 662 3805 732 Ἔρχεται

2234 757 2312 819 εἰς
2343 756 2518 808 οἰκίαν
2547 755 2862 826 Φαρισαίου,
2899 758 2992 811 καὶ
3021 755 3129 809 ἰδοὺ
3157 755 3190 825 ἠ
3221 753 3356 824 γυνὴ
3403 754 3437 824 ἡ
3485 751 3805 823 ἁμαρτωλὸς

2230 846 2291 899 τὸ
2323 847 2660 920 ἀλάϐαστρον
2688 849 2856 918 ἐκχεῖ.
2881 849 3128 902 Αίτιᾶται
3166 849 3194 899 6
3231 847 3522 917 Φαρισαῖος
3553 844 3614 896 τὸ
3652 860 3808 911 γεγο-

2231 938 2338 1002 νός.
2375 939 2536 1007 Λέγει
2570 940 2705 1012 πρὸς
2737 940 2898 992 αὑτὸν
2927 942 2955 992 6
2996 936 3204 1009 Ἰησοῦς
3226 938 3325 1008 τὴν
3352 935 3668 1008 παραϐολὴν
3701 935 3806 988 τῶν

2229 1025 2322 1079 δύο
2341 1029 2768 1098 χρεωφειλετῶν.
2807 1025 2938 1082 Εἶτα
2967 1026 3181 1080 διώδευε
3207 1026 3348 1080 κατὰ
3375 1027 3528 1079 πόλιν
3570 1027 3664 1080 καὶ
3695 1025 3806 1079 κώ-

2233 1135 2360 1189 μην,
2395 1120 2490 1172 καὶ
2516 1120 2842 1190 ἠκολούθουν
2871 1119 3019 1190 αὐτῷ
3048 1123 3308 1188 γυναῖκες
3338 1119 3397 1171 αἱ
3446 1119 3805 1190 θεραπευθεῖ-

2233 1225 2341 1262 σαι.
2376 1211 2537 1278 Λέγει
2569 1211 2668 1282 τὴν
2697 1211 3009 1284 παραϐολὴν
3034 1210 3128 1266 τοῦ
3162 1213 3500 1284 σπείραντος.
3529 1207 3734 1264 τΗλθεν
3772 1213 3805 1282 ἡ

2233 1302 2414 1373 μήτηρ
2439 1302 2602 1356 αὐτοῦ
2653 1304 2790 1376 πρὸς
2817 1305 2996 1360 αὐτόν.
3031 1305 3291 1359 Πλέουσιν
3327 1305 3375 1358 oi
3414 1303 3656 1375 μαθηταὶ
3692 1305 3806 1375 μετ’

2229 1393 2412 1455 αὑτοῦ,
2440 1394 2812 1465 χειμάζονται,
2841 1396 3088 1468 ἔρχονται
3128 1399 3208 1460 είς
3240 1397 3497 1468 Γάδειρα,
3543 1397 3638 1452 καὶ
3670 1400 3699 1450 6
3723 1397 3808 1450 λε-

2229 1484 2370 1552 γεὼν
2395 1487 2476 1549 είς
2509 1489 2634 1552 τοὺς
2666 1488 2882 1560 χοίρους
2906 1489 3186 1560 ἐμπίπτει.
3225 1487 3356 1542 Εἶτα
3401 1491 3627 1562 Ἰάειρος
3661 1490 3804 1563 ὑπὲρ

2227 1576 2326 1646 τῆς
2355 1575 2624 1650 θυγατρὸς
2667 1580 2827 1645 ἀξιοῖ,
2863 1580 2956 1632 καὶ
2995 1582 3027 1651 ἡ
3075 1580 3444 1650 αἱμορροοῦσα
3481 1583 3650 1636 ἰᾶται.
3695 1581 3803 1635 Ἀν-

2232 1671 2410 1742 ίστησι
2438 1671 2536 1742 τὴν
2567 1672 2753 1744 κόρην.
2773 1672 3113 1725 Ἀποστέλλει
3137 1674 3264 1736 τοὺς
3290 1672 3496 1727 δώδεκα
3532 1673 3802 1744 μαθητάς.

2242 1763 2450 1816 Ἀκούει
2495 1764 2740 1838 Ἡρώδης
2770 1765 2896 1836 περὶ
2935 1764 3121 1818 αὑτοῦ.
3164 1766 3462 1836 Ἀναχωρεῖ
3493 1765 3574 1828 εἰς
3600 1763 3805 1836 ἔρημον

552 1885 720 1934 tetur.
753 1875 972 1932 Mandat
1002 1877 1110 1933 illis
1144 1877 1443 1933 silentium.
1480 1877 1798 1934 Passionem
1837 1892 1900 1932 ac
1939 1892 2120 1933 resur-

2224 1855 2252 1906 6
2285 1855 2508 1926 Ἰησοῦς.
2553 1856 2756 1926 Τρέφει
2797 1858 2922 1919 τοὺς
2967 1856 3177 1927 ὄχλους.
3213 1855 3453 1927 Ἑρωτᾷ·
3497 1875 3517 1909 ι
3559 1857 3698 1912 Τίνα
3742 1873 3808 1929 με

550 1969 850 2024 rectionem
879 1983 1034 2024 suam
1068 1968 1334 2038 praadieit.
1372 1969 1463 2023 Ait
1502 1987 1514 2024 :
1544 1988 1563 2020 ι
1595 1969 1651 2022 Si
1686 1970 1808 2040 quis
1847 1969 1963 2022 vult
2009 1975 2120 2039 posl

2235 1945 2478 2016 λέγουσιν
2501 1951 2550 2001 οί
2578 1948 2886 2018 άνθρωποις
2920 1967 2938 2000 ι
2985 1949 3266 2021 Ὁμολογεῖ
3314 1949 3539 2021 Πέτρος.
3585 1951 3810 2022 Παρατ-

549 2075 639 2116 me
671 2061 882 2127 venire,
919 2060 1149 2132 abneget
1197 2061 1549 2130 semetipsum
1577 2061 1641 2114 ⁷⁵.
1677 2080 1696 2113 ›
1752 2062 2131 2132 Transﬁgura-

547 2159 660 2208 tur.
700 2151 990 2209 Descendit
1017 2152 1085 2208 de
1117 2159 1323 2208 monte.
1366 2151 1535 2206 Curat
1568 2151 1886 2207 lunaticum.
1923 2151 2129 2224 Loqui-

547 2250 640 2296 tur
665 2242 733 2298 de
761 2243 1036 2312 passione.
1075 2241 1338 2310 Quaerunt
1371 2243 1651 2314 discipuli,
1684 2243 1809 2314 quis
1835 2243 2011 2314 major
2033 2244 2124 2300 sit.

542 2328 707 2388 Jesus
737 2347 866 2389 vero
909 2331 1071 2389 docet
1101 2349 1214 2389 eos.
1248 2333 1454 2388 Deinde
1483 2334 1616 2389 dicit
1659 2353 1670 2388 :
1712 2352 1730 2386 ι
1765 2335 1869 2400 Qui
1905 2349 2013 2388 non
2043 2342 2128 2390 est

546 2431 741 2478 contra
765 2439 885 2490 vos,
919 2441 1021 2496 pro
1046 2426 1202 2481 vobis
1226 2433 1310 2480 est
1333 2427 1402 2491 ",
1443 2445 1460 2478 ι
1489 2425 1634 2496 quod
1661 2425 1728 2481 de
1751 2441 1816 2482 eo
1853 2426 2008 2490 dicit,
2032 2427 2125 2496 qui

547 2514 606 2568 in
642 2516 864 2571 nomine
892 2531 994 2572 suo
1024 2517 1290 2572 daemonia
1326 2517 1599 2586 eiiciebat,
1630 2526 1683 2573 et
1717 2532 1776 2574 se
1800 2533 1909 2572 non
1939 2533 2126 2588 seque-

545 2606 728 2661 batur.
766 2607 1052 2664 Volentem
1082 2609 1292 2686 ingredi
1323 2610 1376 2664 in
1423 2610 1695 2665 civitatem
1751 2608 2123 2665 Samaritano-

546 2713 693 2766 rum,
729 2716 839 2756 non
877 2710 1202 2772 receperunt
1257 2716 1380 2757 eum
1413 2720 1426 2755 :
1457 2701 1586 2756 hinc
1638 2702 1894 2772 discipuli
1933 2705 2122 2758 volunt

544 2792 725 2865 ignem
755 2795 972 2851 emlitus
993 2795 1286 2866 deposcere
1315 2811 1480 2868 super
1500 2811 1594 2851 eos
1621 2814 1634 2851 :
1659 2793 1820 2852 Jesus
1841 2809 1968 2852 vero
1998 2814 2120 2852 enr-

544 2883 716 2954 ripuit
743 2901 860 2942 eos.
884 2885 1115 2952 Quidam
1162 2887 1313 2941 illum
1349 2887 1501 2958 sequi
1537 2887 1746 2954 volens,
1779 2888 2116 2958 prohibetur.

542 2973 702 3032 Alius
750 2991 881 3033 vero
912 2977 1226 3032 admonitus
1281 2984 1340 3029 ut
1386 2984 1666 3048 sequatur,
1706 2977 1915 3031 abnuit.
1963 2971 2118 3031 Tunc

542 3069 677 3125 dicit
713 3088 727 3125 :
773 3089 792 3122 ι
822 3069 992 3126 Nemo
1029 3072 1194 3125 mittit
1224 3085 1446 3124 manum
1477 3085 1632 3125 suam
1662 3070 1728 3124 ad
1768 3079 2032 3135 aratrum,
2064 3079 2118 3127 et

542 3169 670 3232 post
703 3170 918 3232 tergum
943 3161 1282 3217 convertitur
1309 3162 1376 3214 ’⁷.
1416 3181 1434 3214 ι
1469 3160 1724 3232 Designat
1771 3162 2113 3232 septuaginta

2232 2041 2409 2110 γέλλει
2463 2044 2691 2111 σιωπᾷν.
2727 2041 2990 2113 Προλέγει
3038 2042 3284 2114 περὶτοῦ
3332 2042 3537 2110 πάθους
3589 2043 3810 2113 καὶτῆς

2232 2135 2596 2200 ἀναστάσεως.
2624 2136 2816 2204 Λέγει·
2855 2155 2874 2188 ι
2895 2135 2964 2189 Ε(
2989 2154 3071 2200 τις
3102 2136 3244 2189 θέλει
3271 2136 3448 2190 ὀπίσω
3471 2154 3574 2208 μου
3612 2136 3808 2200 ἐλθεῖν,

2231 2228 2558 2300 ἀρνησάσθω
2590 2229 2802 2282 ἐαυτόν.
2840 2249 2858 2280 ι
2894 2228 3375 2302 Μεταμορφοῦται.
3409 2231 3678 2284 Κάτεισιν
3705 2230 3814 2283 ἀπὸ

2228 2321 2320 2374 τοῦ
2354 2322 2531 2392 ὅρους.
2559 2321 2860 2394 Θεραπεύει
2883 2323 2974 2376 τὸν
2997 2322 3460 2394 σεληνιαζόμενον.
3484 2324 3652 2392 Λέγει
3683 2325 3814 2392 περὶ

2225 2411 2320 2466 τοῦ
2348 2413 2574 2478 πάθους.
2618 2415 2872 2486 Ἐζήτουν
2891 2418 2938 2469 οἱ
2963 2415 3225 2488 μαθηταὶ,
3250 2417 3334 2480 τίς
3367 2416 3432 2470 ἂν
3465 2416 3552 2488 εἴη
3585 2415 3812 2487 μείζων·

2225 2507 2254 2558 6
2296 2507 2354 2561 δὲ
2417 2507 2622 2577 Ἰησοῦς
2668 2507 2900 2572 ἐδίδαξεν
2944 2508 3162 2572 αὐτούς.
3213 2503 3347 2562 Εἶτά
3393 2525 3594 2581 φησιν’
3646 2527 3666 2562 ι
3715 2507 3816 2571 Ὅς

2224 2599 2325 2652 οὐκ
2378 2599 2492 2653 ἔστι
2523 2601 2644 2654 καθ’
2667 2601 2842 2672 ὑμῶν,
2880 2601 3022 2673 ὑπὲρ
3067 2601 3218 2673 ὑμῶν
3257 2603 3439 2667 ἐστιν,
3484 2622 3503 2655 ι
3539 2603 3672 2674 περὶ
3715 2600 3813 2655 τοῦ

2223 2691 2572 2759 ἐκϐάλλοντος
2596 2694 2662 2748 τὰ
2681 2695 2928 2766 δαιμόνια
2952 2696 3008 2748 ἐν
3028 2694 3104 2766 τῷ
3124 2693 3346 2766 ὀνόματι
3369 2695 3558 2760 αὑτοῦ,
3588 2695 3686 2749 καὶ
3712 2696 3816 2748 οὐκ

2221 2785 2638 2852 ἀκολουθοῦντος
2654 2789 2822 2860 αύτῷ.
2847 2788 3174 2860 Βουλόμενον
3198 2787 3460 2842 εἰσελθεῖν
3482 2790 3562 2852 είς
3587 2789 3690 2860 τὴν
3715 2787 3816 2840 ’τό-

2220 2877 2303 2932 λιν
2320 2880 2424 2934 τῶν
2442 2882 2794 2953 Σαμαρειτῶν
2812 2882 2912 2935 οὐκ
2935 2881 3151 2946 ἐδέξατο
3165 2881 3319 2951 (30').
3336 2878 3470 2934 Εἶτα
3490 2883 3541 2934 οῑ
3572 2881 3817 2952 μαθηταὶ

2219 2971 2330 3044 πῦρ
2363 2973 2550 3044 ἤθελον
2592 2975 2917 3042 κατενέγκαι
2954 2976 3040 3028 ἐπ’
3071 2974 3288 3036 αὐτούς·
3314 2975 3342 3026 ὁ
3369 2973 3427 3027 δὲ
3467 2973 3679 3045 Ἰησοῦς
3715 2976 3818 3026 ἐπ-

2218 3066 2476 3138 ετίμησεν
2501 3066 2702 3131 αὐτοῖς.
2735 3067 3064 3138 Βουλόμενός
3102 3085 3187 3131 τις
3233 3065 3598 3138 ἀκολουθῆσαι
3659 3065 3814 3135 αὑτῷ

2218 3158 2507 3213 κωλύεται.
2543 3161 2770 3233 ’Έτερος
2801 3163 2858 3216 δὲ
2895 3163 3311 3234 παρακαλεῖται,
3357 3163 3452 3216 καὶ
3487 3161 3807 3216 ἀναδύεται.

542 3229 848 3325 discipulos
889 3256 1044 3325 (cap.
1073 3255 1167 3325 ι),
1215 3255 1414 3311 emittit
1465 3270 1561 3310 eos
1601 3229 1782 3310 ibinos
1822 3229 1885 3308 ac
1933 3229 2111 3316 binos,

2224 3251 2349 3304 Τότε
2379 3250 2558 3321 λέγει’
2596 3274 2614 3304 ι
2647 3229 2838 3319 όύδεὶς
2868 3229 3148 3310 ἐπιϐάλλει
3193 3256 3291 3328 τὴν
3323 3259 3482 3328 χεῖρα
3516 3257 3689 3310 αὐτοῦ
3721 3258 3813 3310 ἐπ’

541 3346 794 3402 hortatus
834 3362 905 3403 ne
933 3347 1229 3417 quidquam
1263 3362 1449 3403 secum
1487 3346 1778 3403 deferrent.
1814 3346 2117 3417 Exprobrat

543 3435 880 3494 civitatibus.
914 3437 1124 3494 Exinde
1153 3438 1286 3493 dicit
1321 3458 1334 3494 :
1372 3457 1390 3490 ι
1427 3437 1530 3505 Qui
1566 3452 1665 3494 vos
1695 3439 1867 3503 audit,
1897 3455 1983 3493 me
2020 3455 2119 3493 au-

539 3531 622 3587 dlt
648 3533 716 3588 ".
745 3552 767 3586 ι
807 3533 978 3591 Item:
1009 3552 1028 3586 ι
1063 3533 1324 3590 Videbam
1351 3532 1608 3588 Satanam
1639 3532 1975 3588 decidentem
2011 3532 2120 3588 sie-

539 3631 603 3678 ut
640 3623 824 3695 fulgur
846 3626 892 3657 "
922 3643 936 3681 :
973 3644 992 3678 )
1025 3632 1078 3680 et
1109 3625 1204 3680 dat
1233 3625 1522 3695 discipulis
1564 3631 1892 3694 potestatem
1924 3631 2117 3678 contra

542 3715 821 3784 Satanam,
873 3726 929 3774 et
967 3719 1226 3774 admouet
1279 3733 1351 3773 ne
1399 3732 1466 3773 eo
1521 3718 1742 3772 nomine
1793 3717 2114 3788 gauderent.

538 3808 746 3867 Deinde
773 3810 1066 3866 conlitetur
1104 3810 1274 3876 Patri,
1317 3818 1371 3866 et
1399 3810 1532 3864 dicit
1561 3809 1880 3879 discipulis:
1907 3827 1926 3860 ι
1964 3807 2115 3862 Beati

539 3901 685 3956 oculi
718 3902 813 3973 qui
849 3902 1036 3958 vident
1063 3917 1186 3972 quae
1221 3917 1319 3958 vos
1341 3901 1561 3956 videtis.
1610 3900 1766 3954 Multi
1791 3901 1935 3956 enim
1983 3915 2113 3970 pro-

537 3993 716 4064 pheta:
746 3993 1129 4051 desiderarunt
1178 3994 1366 4050 videre
1422 4008 1543 4064 quae
1595 4009 1691 4047 vos
1745 3992 1943 4047 videtis
1984 3992 2050 4042 ⁸ο.
2092 4010 2110 4043 ι

539 4085 740 4142 Tentat
767 4103 890 4141 eum
924 4086 1294 4158 legisperitus,
1330 4095 1384 4141 et
1429 4085 1686 4156 parabola
1729 4083 1928 4139 dicitur
1957 4083 2023 4138 de
2051 4098 2116 4138 eo

540 4179 635 4250 qui
664 4178 1023 4235 descenderat
1070 4179 1126 4233 in
1159 4177 1400 4234 Jericho.
1432 4176 1642 4231 Martha
1689 4185 1914 4232 accusat
1961 4191 2117 4231 soro-

539 4309 655 4349 rem
680 4308 857 4349 suam.
885 4293 1058 4349 Orare
1085 4291 1244 4348 docet
1267 4291 1564 4362 discipulos
1593 4291 1749 4362 (cap.
1780 4308 1834 4346 xi
1855 4313 1896 4362 ι,
1936 4303 1988 4346 et
2022 4306 2116 4360 pa-

538 4383 786 4438 rabolam
829 4383 964 4438 dicit
1011 4382 1082 4438 de
1123 4398 1191 4438 eo
1242 4381 1337 4453 qui
1389 4381 1458 4436 ab
1492 4381 1670 4435 amico
1713 4382 1768 4434 in
1819 4381 1958 4436 lecto
2003 4381 2114 4449 jam

540 4475 901 4532 decumbente
919 4489 1090 4545 panes
1106 4475 1259 4546 petit.
1279 4473 1446 4529 Curat
1465 4481 1672 4527 mutum
1695 4472 2113 4528 daemoniacum.

539 4565 698 4622 Tunc
725 4567 915 4622 dicunt
947 4585 960 4621 :
995 4584 1013 4616 ι
1042 4562 1098 4619 In
1131 4564 1418 4620 Beelzebul
1463 4571 1618 4618 curat
1648 4563 1714 4616 ⁸¹.
1751 4583 1768 4616 ι
1797 4561 2002 4618 Deinde
2030 4561 2116 4616 di—

2219 3345 2466 3418 ἇροτρον,
2499 3348 2591 3400 καὶ
2627 3349 2915 3419 στρέφεται
2949 3351 3028 3412 είς
3064 3349 3134 3402 τά
3171 3347 3366 3401 ὀπίσω.
3418 3367 3437 3400 ι
3509 3347 3816 3415 Ἀνέδειξεν

2219 3438 2588 3511 ἐϐδομήκοντα
2623 3441 2870 3513 μαθητὰς
2894 3482 2909 3506 ,
2944 3442 3037 3496 καὶ
3076 3442 3282 3512 πέμπει
3315 3441 3516 3503 αὐτοὺς
3548 3441 3660 3494 ἀνὰ
3692 3439 3812 3504 δύο,

2218 3531 2550 3601 παραινέσας
2582 3533 2745 3605 μηδὲν
2779 3533 3066 3603 βαστάσαι.
3117 3532 3396 3598 Ὀνειδίζει
3426 3537 3550 3597 ταῖς
3598 3534 3812 3589 πόλεσι.

2218 3620 2349 3674 Τότε
2378 3621 2564 3690 λέγει’
2604 3643 2623 3674 ι
2662 3625 2720 3677 ’0
2750 3626 2965 3679 ἁκούων
2983 3624 3158 3697 ὑμῶν,
3188 3625 3322 3697 ἐμοῦ
3363 3626 3575 3680 ἀκούει.
3624 3647 3642 3679 ι
3676 3623 3818 3682 Εἶτά

2219 3729 2382 3783 φησιν
2401 3729 2412 3742 ·
2452 3733 2470 3764 ι
2516 3715 2813 3789 Ἐθεώρουν
2843 3718 2930 3772 τὸν
2958 3719 3200 3772 Σατανᾶν
3231 3720 3485 3784 πεσόντα,
3511 3719 3588 3784 ὡς
3614 3721 3818 3794 ἀστρα-

2219 3806 2326 3878 πήν
2347 3822 2359 3835 '
2396 3826 2415 3860 ι
2446 3809 2538 3861 καὶ
2557 3809 2738 3863 δίδωσι
2767 3814 2881 3876 τοῖς
2906 3812 3174 3884 μαθηταῖς
3196 3814 3446 3880 ἐξουσίαν
3463 3814 3587 3868 κατ’
3617 3815 3812 3880 αὑτοῦ,

2217 3899 2313 3954 καὶ
2348 3906 2607 3972 παραινεῖ
2627 3903 2701 3976 μὴ
2725 3905 2938 3977 χαίρειν
2968 3908 3024 3959 ἐν
3051 3906 3245 3976 τούτῳ.
3289 3902 3422 3961 Εἶτα
3465 3907 3817 3978 ἐξομολογεῖ-

2217 3993 2407 4064 ταιτῷ
2439 3997 2634 4068 Πατρὶ,
2671 3997 2765 4050 καί
2798 4015 2931 4069 φησι
2975 3999 3087 4061 τοῖς
3119 3998 3422 4068 μαθηταῖς·
3462 4017 3481 4050 ι
3525 4001 3816 4073 Μακάριοι

2217 4083 2265 4134 oi
2290 4083 2578 4154 ὀφθαλμοὶ,
2596 4087 2646 4139 οί
2687 4086 2976 4156 βλέποντες
3003 4087 3037 4140 ἃ
3058 4089 3303 4158 βλέπετε.
3327 4090 3518 4144 Πολλοὶ
3546 4092 3663 4164 γὰρ
3687 4109 3818 4164 προ·

2219 4174 2385 4244 φῆται
2419 4176 2771 4248 ἐπεθύμησαν
2803 4179 2930 4234 ἰδεῖν
2953 4179 2987 4233 ἂ
3010 4179 3254 4250 βλέπετε.
3288 4200 3306 4232 ›
3351 4182 3409 4234 '0
3442 4183 3672 4254 νομικὸς
3699 4202 3818 4238 πει-

2223 4266 2397 4336 ράζει,
2425 4270 2520 4322 καὶ
2555 4271 2587 4341 ἡ
2617 4271 2899 4343 παραϐολὴ
2924 4271 3143 4340 λέγεται
3171 4273 3262 4326 τοῦ
3282 4275 3362 4338 είς
3397 4275 3611 4348 Ἱεριχὼ
3646 4294 3820 4332 κατα·

2219 4359 2514 4425 ϐαίνοντος.
2551 4363 2750 4435 Μάρθα
2781 4363 3002 4432 ἐγκαλεῖ
3031 4365 3170 4436 ὑπὲρ
3217 4365 3314 4436 τῆς
3358 4365 3614 4436 ἀδελφῆς.
3651 4368 3814 4422 Διδά-

2221 4470 2339 4506 σκει
2373 4454 2626 4525 εὔχεσθαι
2653 4458 2779 4520 τοὺς
2807 4456 3075 4528 μαθητὰς,
3119 4459 3212 4511 καὶ
3241 4458 3388 4526 λέγει
3412 4460 3512 4529 τὴν
3563 4459 3817 4529 παραϐο-

2218 4545 2315 4617 λὴν
2348 4548 2442 4600 τοῦ
2477 4548 2756 4612 αἰτοῦντος
2785 4550 2980 4621 ἄρτους
3009 4551 3098 4603 τὸν
3126 4551 3277 4620 φίλον
3317 4551 3409 4604 τὸν
3446 4553 3504 4605 ἐν
3541 4557 3610 4623 τῇ
3653 4553 3818 4626 κλίνῃ

538 4659 616 4714 cit
641 4678 653 4714 :
684 4677 702 4709 ι
731 4657 870 4714 Cum
892 4658 1119 4729 spiritus
1147 4655 1464 4712 immundus
1484 4671 1738 4726 egressus
1762 4663 1866 4718 est,
1899 4670 2114 4724 peram-

2224 4639 2365 4695 ὄντα.
2396 4641 2702 4714 Θεραπεύει
2723 4642 2813 4694 τὸν
2839 4643 3018 4713 κωφὸν
3056 4644 3145 4696 τὸν
3178 4644 3642 4716 δαιμονιζόμενον.
3677 4647 3817 4698 Τότε

536 4752 690 4806 bulat
719 4752 840 4806 loca
889 4751 1158 4820 inaquosa
1188 4751 1256 4805 δ’.
1294 4768 1312 4802 ι
1359 4747 1566 4804 Deinde
1624 4748 1820 4802 mulier
1871 4746 2116 4818 quaedam

539 4844 616 4896 ait
654 4861 668 4899 :
709 4861 728 4895 ι
755 4841 955 4897 Beatus
985 4849 1177 4897 venter
1195 4839 1267 4906 ⁸³,
1302 4859 1322 4892 ι
1369 4845 1424 4894 et
1471 4844 1682 4893 caetera.
1720 4834 1986 4891 Futurum
2015 4836 2118 4890 mi-

538 4943 722 5000 natur,
750 4945 808 4989 ut
841 4935 943 4990 ista
969 4932 1251 5005 generatio
1276 4930 1670 4986 condemnetur
1691 4943 1721 4983 a
1753 4927 2030 4993 Ninivitis,
2064 4935 2117 4982 et

539 5025 672 5080 dicit
699 5046 712 5082 :
751 5045 770 5078 ‹
794 5023 984 5088 Nemo,
1017 5027 1296 5080 lucernam
1329 5021 1656 5085 accendens,
1691 5022 1793 5077 sub
1818 5020 2000 5076 modio
2029 5035 2119 5092 po-

540 5117 622 5170 nit
647 5117 711 5172 ⁸⁸.
739 5137 758 5170 ι
786 5116 1095 5190 Ingreditur
1127 5115 1194 5170 ad
1212 5113 1547 5168 Phariszeum
1573 5111 1875 5183 prandendi
1914 5113 2110 5183 gratia.

541 5207 635 5264 llle
675 5225 804 5264 vero
847 5225 972 5266 eum
1019 5216 1263 5272 accusat,
1301 5205 1448 5277 quod
1501 5206 1645 5260 lotus
1693 5223 1802 5260 non
1831 5212 1998 5260 esset.
2031 5204 2112 5258 Ad

540 5298 689 5353 hunc
717 5299 848 5356 dicit
884 5323 896 5358 :
935 5321 954 5354 ι
995 5300 1113 5357 Vos
1141 5300 1421 5357 mundatis
1461 5298 1606 5370 quod
1651 5305 1805 5353 extra
1853 5299 2111 5369 poculum

540 5393 627 5439 est
652 5386 719 5450 ⁸³,
744 5407 762 5437 ι
780 5395 832 5442 et
852 5398 1068 5446 extera.
1101 5389 1167 5444 Et
1195 5389 1442 5460 deplorat
1471 5402 1586 5452 eos,
1616 5387 1863 5443 similiter
1879 5396 1932 5442 et
1950 5388 2114 5457 legis-

540 5474 744 5542 peritos
762 5476 897 5546 (cap.
909 5479 1031 5551 xu).
1055 5479 1256 5536 Deinde
1270 5480 1402 5534 dicit
1417 5492 1430 5529 :
1443 5474 1618 5532 «Nihil
1633 5486 1714 5533 est
1728 5477 2074 5540 occultum",
2090 5493 2108 5527 ι

540 5569 596 5617 et
623 5574 838 5622 caetera.
864 5569 998 5625 Item
1027 5590 1040 5625 :
1074 5589 1092 5622 ι
1128 5571 1206 5628 Ne
1238 5573 1478 5629 timeatis
1507 5585 1602 5628 eos
1625 5571 1717 5642 qui
1747 5586 1947 5641 corpus
1969 5569 2114 5624 occi-

2219 4733 2468 4801 λέγουσιν
2497 4775 2510 4798 ,
2559 4735 2638 4788 ὅτι
2683 4754 2700 4785 ι
2749 4735 2837 4786 Ἐν
2886 4735 3213 4799 Βεελξεϐοὺλ
3257 4734 3574 4807 θεραπεύει.
3625 4755 3645 4787 ι
3675 4731 3818 4790 Εἶτα

2217 4825 2386 4896 λέγει’
2412 4847 2428 4878 ι
2471 4829 2639 4881 ’Ὀταν
2679 4825 2870 4900 ἐξέλθῃ
2892 4827 2951 4880 τὸ
2981 4827 3290 4898 ἀκάθαρτον
3316 4823 3552 4897 πνεῦμα,
3581 4827 3818 4897 πορεύε-

2215 4936 2306 4972 ται
2328 4919 2396 4972 δι’
2425 4919 2669 4992 ἀνύδρων
2696 4920 2894 4972 τόπων.
2929 4940 2946 4970 δ
2977 4916 3108 4973 Εἶτα
3144 4921 3280 4990 γυνή
3307 4919 3392 4982 τίς
3424 4936 3589 4989 φησι·
3630 4937 3649 4970 ι
3687 4921 3817 4972 Μα-

2223 5015 2389 5088 καρία
2433 5017 2466 5086 ἡ
2521 5012 2732 5079 κοιλία,
2790 5035 2807 5066 ι
2857 5015 2949 5067 καὶ
2988 5015 3056 5068 τά
3101 5014 3246 5085 ἑξῆς.
3290 5010 3821 5084 Κατακριθὴσεσθαι

2223 5109 2478 5181 προλέγει
2505 5110 2630 5172 τοῦς
2657 5109 2778 5161 τότε
2809 5109 2915 5161 ὑπὸ
2947 5106 3153 5171 Νινευῖ,
3194 5106 3284 5159 καί
3320 5121 3453 5175 φησι
3473 5121 3488 5135 ο
3531 5123 3550 5153 ι
3597 5102 3819 5168 Οὐδεὶς,

2221 5199 2412 5272 λύχνον
2441 5200 2604 5270 ἅψας,
2636 5201 2744 5253 ὑπὸ
2776 5200 2866 5253 τὸν
2893 5195 3072 5271 μόδιον
3094 5198 3327 5270 τίθησιν.
3356 5218 3373 5248 ι
3407 5196 3669 5268 Εἰσῆλθεν
3691 5196 3822 5266 ἀρι-

2225 5294 2418 5364 στῆσαι
2441 5293 2576 5365 πρὸς
2591 5295 2900 5363 Φαρισαῖον.
2948 5293 3004 5346 Ὀ
3027 5293 3084 5346 δὲ
3118 5291 3372 5359 ἐγκαλεῖ,
3407 5290 3488 5342 ὃτι
3527 5291 3630 5342 οὐκ
3670 5287 3821 5340 ἐϐα-

2223 5386 2471 5440 πτίσατο.
2497 5386 2628 5438 Τότε
2652 5385 2800 5455 λέγει
2833 5385 2968 5458 πρὸς
2994 5384 3153 5438 αὐτόν
3176 5401 3189 5414 ·
3228 5402 3246 5436 ι
3291 5382 3478 5453 Ὑμεῖς
3512 5382 3576 5434 τὸ
3609 5379 3821 5445 ἔξωθεν

2221 5477 2316 5530 τοῦ
2347 5479 2604 5550 ποτηρίου
2630 5477 2978 5550 καθαρίζετε.
3019 5498 3038 5530 ι
3063 5477 3174 5531 Καὶ
3197 5472 3472 5538 ταλανίζει
3501 5473 3704 5536 αὐτοὺς
3720 5475 3823 5526 καὶ

2221 5571 2348 5635 τοὺς
2371 5570 2646 5644 νομικούς.
2675 5568 3004 5640 Εἶταλέγει·
3043 5589 3061 5624 ι
3101 5567 3268 5624 Οὐδέν
3309 5569 3424 5620 ἐστι
3473 5567 3754 5638 κρυπτόνο
3797 5584 3817 5616 ι

519 5663 658 5750 οξτδ
695 5680 824 5738 Luc.
859 5685 1056 5747 1x,18.
1129 5687 1174 5717 τι
1212 5685 1344 5740 ibid.
1379 5685 1470 5742 εδ.
1545 5685 1592 5717 τι
1630 5685 1760 5740 ibid.
1797 5687 1886 5739 δη.
1963 5685 2119 5739 "ibi

2224 5684 2304 5742 [ἰοὶ.
2381 5687 2428 5720 ’⁸
2453 5687 2566 5742 Luc
2600 5703 2655 5749 κ,
2695 5687 2782 5742 16.
2858 5685 2904 5718 "
2944 5685 3073 5741 ibid.
3102 5684 3188 5741 18.
3263 5683 3308 5714 ⁸⁸
3331 5682 3463 5738 Luc.
3505 5701 3559 5740 Σ.
3596 5683 3823 5750 25,26.

540 5749 582 5782 ⁸¹
624 5750 755 5807 Luc.
795 5769 881 5819 ιι,
919 5755 1008 5810 l5.
1083 5754 1128 5788 ⁸¹
1169 5755 1300 5811 ibid.
1337 5756 1428 5814 24.
1504 5756 1551 5788 ⁸³
1591 5757 1720 5812 ibid.
1757 5757 1848 5811 27.
1926 5755 1974 5790 “
2013 5757 2144 5811 ibid.
2187 5756 2275 5814 55.

585 5833 744 5940 ’(δυο)
779 5867 1070 5933 Ἐδέξαντο.

2353 5760 2397 5790 ⁸⁸
2439 5759 2570 5814 ibid.
2608 5759 2696 5814 59.
2776 5758 2821 5790 ⁸⁸
2859 5755 2994 5812 Luc.
3033 5772 3128 5821 xu,
3162 5755 3217 5810 2.
