4066 6388
258 438 345 497 597
1277 435 1614 496 SYNOPSIS
1653 428 2069 495 SCRIPTUM
2113 432 2390 495 SACIUE.

3355 435 3461 494 398

258 563 335 617 καὶ
351 558 423 626 τὸ,
473 578 492 611 ι
522 557 612 629 Μὴ
651 557 931 629 φοϐηθῆτε
974 554 1081 608 ἀπὸ
1123 556 1231 610 τῶν
1262 558 1689 613 ἀποκτεινόντων
1733 558 1793 610 τὸ

1896 556 2031 611 dunt
2051 555 2117 610 ⁸⁷.
2144 573 2163 607 ι
2184 553 2251 609 Ει
2276 554 2408 610 illud
2436 572 2448 608 :
2488 576 2505 608 ι
2536 555 2793 627 Nunquid
2817 556 3058 629 quinque
3075 572 3323 628 passeres
3343 559 3410 622 ⁸⁸,
3437 577 3455 611 ο

259 651 423 721 σῶμαο
456 667 474 703 ι
503 649 703 713 καὶτὸ,
741 669 762 703 ι
797 649 930 719 Οὐχὶ
955 649 1110 703 πέντε
1143 650 1398 721 στρουθία
1417 669 1432 682 ·
1464 671 1484 704 ι
1512 652 1624 717 καὶ,
1654 670 1673 703 ι
1702 653 1797 715 ’ος

261 743 314 796 ἃν
330 742 679 815 βλασφημήσῃ
699 742 782 806 είς
810 741 870 794 τὸ
886 741 1124 812 Πνεῦμα.
1154 761 1172 793 ι
1200 742 1566 815 Προσέρχεταί
1592 761 1677 807 τις
1704 761 1798 815 με·

260 833 479 905 ρίσασθαι
496 833 587 886 τὸν
620 834 827 906 κλῆρον
863 834 999 905 μετά
1021 833 1115 887 τοῦ
1156 834 1407 904 ἀδελφοῦ.
1442 829 1573 887 Εἶτα
1598 836 1627 887 ὁ
1650 834 1796 903 λογι-

252 924 446 995 ζόμενος
473 924 727 989 πλούσιος
748 940 763 953 ο
794 927 924 998 περὶ
949 926 1055 980 τῶν
1080 926 1390 998 ἀποθηκῶν.
1426 929 1688 999 Παραινεῖ
1719 927 1794 1000 μὴ

255 1016 490 1088 μεριμνᾷν
519 1020 650 1087 περὶ
680 1018 912 1088 τροφῆς.
950 1019 1083 1090 Περὶ
1116 1018 1482 1091 ὲλεημοσύνης
1501 1019 1667 1088 λέγει,
1703 1019 1794 1073 καὶ

250 1106 327 1159 τοῦ
357 1107 603 1160 δεσπότου
646 1108 741 1161 τοῦ
795 1109 1165 1175 διακονοῦντος
1213 1115 1323 1174 τοῖς
1363 1110 1569 1175 δούλοις
1608 1112 1790 1178 αὐτοῦ,

252 1197 329 1251 καὶ
353 1199 468 1269 περὶ
502 1199 596 1251 τοῦ
628 1201 830 1254 πιστοῦ
861 1202 1070 1267 δούλου,
1097 1203 1192 1256 καὶ
1212 1204 1340 1273 περὶ
1367 1203 1461 1257 τοῦ
1506 1204 1705 1268 εἰδότος
1732 1204 1793 1259 τὸ

250 1287 431 1360 θέλημα
461 1289 552 1343 τοῦ
585 1292 804 1365 Κυρίου
845 1293 1007 1347 αὑτοῦ
1031 1334 1046 1359 ,
1078 1296 1171 1348 καὶ
1207 1295 1281 1366 μὴ
1332 1295 1630 1360 ποιοῦντος.
1660 1298 1791 1362 Καὶ,

256 1398 273 1431 ι
301 1380 402 1453 Πῦρ
425 1377 604 1453 ἦλθον,
654 1404 674 1436 ι
710 1386 872 1455 φησὶ,
902 1405 921 1437 ι
946 1385 1146 1456 βαλεῖν.
1180 1406 1198 1437 ι
1229 1386 1420 1455 Ἔλεγε
1455 1388 1513 1441 δὲ
1544 1388 1638 1441 καὶ
1665 1389 1794 1461 περὶ⁸

248 1471 338 1523 τῶν
370 1472 427 1526 τὸ
468 1475 768 1545 πρόσωπον
808 1478 906 1531 τοῦ
948 1479 1177 1552 οὐρανοῦ
1220 1479 1638 1551 δοκιμαζόντων.
1685 1482 1794 1536 Καὶ

224 1562 328 1629 τό·
363 1582 380 1615 ι
427 1565 546 1618 Ἐὰν
570 1567 798 1643 ύπάγῃς
836 1570 975 1640 μετά
1012 1571 1105 1625 τοῦ
1140 1572 1408 1626 ἀντιδίκου
1444 1590 1536 1627 σου
1569 1574 1655 1627 ἐπ’
1690 1574 1793 1646 ἀρ-

249 1670 400 1722 χοντα.
440 1674 458 1707 ι
494 1651 633 1711 Εἶτα
661 1661 797 1722 τοὺς
824 1662 930 1714 ὑπὸ
957 1661 1188 1715 Πιλάτου
1222 1663 1601 1734 ἀναιρεθέντας
1631 1664 1792 1720 Γαλι-

248 1744 419 1811 λαίους,
468 1750 561 1802 καὶ
611 1753 748 1815 τοὺς
776 1752 886 1807 ὑπὸ
925 1753 1019 1807 τοῦ
1068 1755 1278 1827 πύργου
1323 1758 1787 1828 καταχωσθέντας.

247 1831 355 1889 Εἶτα
384 1840 414 1909 ἡ
439 1841 727 1915 παραϐολὴ
766 1844 874 1915 τῆς
900 1846 1149 1918 ἀκάρπου
1181 1849 1369 1919 συκῆς.
1412 1849 1524 1921 Τὴν
1558 1849 1663 1903 ὑπὸ
1696 1849 1789 1904 τοῦ

1898 655 1952 701 et
1971 653 2188 703 caetera.
2219 647 2286 703 Et
2314 667 2329 702 :
2362 668 2379 700 ι
2411 647 2731 721 Quicunque
2765 650 3224 720 blasphemaverit
3246 651 3301 706 in
3337 649 3463 721 Spi-

1896 738 2062 793 ritum
2098 738 2164 793 ".
2209 757 2230 792 ι
2270 739 2493 796 Accedit
2521 743 2589 797 ad
2633 758 2757 798 eum
2789 741 3078 813 quiSpiam,
3110 751 3169 797 ut
3196 758 3318 798 cum
3352 742 3464 797 fra-

1897 834 1981 881 tre
2017 827 2387 884 haereditatem
2419 830 2707 887 divideret.
2759 830 2983 893 Deinde.
3032 832 3126 902 qui
3167 834 3463 903 putabatur

1895 917 2045 973 dives
2071 937 2086 973 :
2111 919 2177 975 de
2203 921 2349 976 illius
2379 920 2610 979 horreis.
2640 923 2922 990 Hortatur,
2946 940 3015 980 ne
3046 924 3263 980 solliciti
3286 926 3462 983 simus

1894 1008 1962 1065 de
1992 1012 2267 1068 alimonia.
2292 1012 2368 1069 De
2397 1016 2742 1088 eleemosyna
2773 1017 2925 1083 dicit,
2956 1024 3010 1073 et
3033 1019 3099 1073 de
3129 1019 3262 1073 hero
3287 1017 3461 1076 servis

1894 1099 2010 1155 suis
2040 1102 2387 1159 ministrante
2430 1123 2443 1158 :
2479 1106 2546 1161 de
2596 1122 2755 1162 servo
2789 1108 2930 1163 fideli
2966 1128 2980 1165 :
3016 1111 3082 1165 de
3134 1126 3199 1165 eo
3234 1110 3324 1182 qui
3367 1125 3466 1165 vo—

1893 1189 2157 1246 luntatem
2198 1191 2413 1249 Domini
2448 1197 2534 1251 sui
2571 1197 2721 1253 novit
2760 1199 3000 1269 quidem,
3037 1199 3130 1255 sed
3159 1214 3269 1255 non
3310 1198 3463 1254 facit.

1892 1282 1979 1347 Et,
2010 1304 2027 1335 ι
2054 1283 2263 1355 Ignem,
2292 1307 2311 1341 υ
2345 1289 2544 1358 inquit,
2582 1308 2600 1341 ι
2639 1290 2762 1345 veni
2789 1282 3001 1346 mittere
3024 1290 3091 1345 ".
3131 1312 3151 1344 ι
3183 1288 3272 1345 Ait
3300 1292 3466 1346 etiam

1893 1376 1960 1431 de
1991 1379 2099 1434 illis
2130 1378 2226 1448 qui
2274 1378 2468 1436 faciem
2495 1383 2618 1436 cmli
2653 1382 2887 1453 probare
2911 1383 3174 1438 sciebant.
3202 1383 3267 1437 Et
3290 1383 3420 1438 illud
3446 1401 3462 1439 :

1899 1486 1919 1520 ι
1939 1468 2075 1523 Cum
2097 1470 2252 1525 vadis
2275 1487 2399 1526 cum
2421 1473 2737 1529 adversario
2759 1482 2853 1530 tuo
2876 1475 2942 1530 ad
2962 1475 3337 1546 magistratum
3357 1475 3424 1530 ".
3441 1492 3461 1527 ι

1892 1557 2097 1616 Deinde
2127 1562 2197 1617 de
2238 1562 2474 1620 Galilaeis
2504 1579 2534 1619 a
2567 1564 2741 1620 Pilato
2775 1567 2973 1623 occisis
3004 1558 3158 1637 (cap.
3206 1583 3304 1622 xm
3320 1576 3361 1639 ),
3412 1577 3468 1622 et

1892 1650 1961 1707 de
1994 1653 2124 1718 illis,
2155 1655 2250 1725 qui
2285 1657 2546 1728 proiapsu
2574 1658 2745 1714 turris
2785 1659 2968 1714 obruti
3006 1659 3239 1714 fuerant.
3266 1656 3470 1715 Deinde

1891 1744 2207 1811 parabolam
2245 1746 2380 1801 dicit
2404 1747 2471 1803 de
2506 1748 2610 1804 ficu
2656 1750 2852 1806 sterili.
2897 1750 3175 1808 Mulierem
3206 1766 3236 1805 a
3270 1751 3472 1806 daemo-

1890 1835 1983 1890 nio
2018 1837 2357 1893 incurvatam
2387 1849 2545 1895 curat
2578 1843 2635 1897 in
2665 1843 2905 1899 Sabbato
2938 1862 2952 1899 :
2984 1843 3187 1900 factum
3230 1844 3334 1900 hoc
3378 1860 3473 1900 ac-

245 1927 460 1998 δαίμονος
496 1933 929 2002 συγκύπτουσαν
980 1915 1269 2008 θεραπεύει
1291 1915 1350 1991 έν
1378 1915 1663 2011 Σαδῶιτῳο
1699 1941 1793 1994 καὶ

1894 1936 2090 1982 cusant
2121 1928 2295 1985 Judaei
2322 1950 2335 1985 :
2362 1934 2479 2003 ipse
2501 1948 2628 1988 vero
2658 1950 2720 1991 os
2757 1936 2977 1990 obturat
3013 1937 3114 1993 eis.
3146 1936 3470 1993 Parabolam

243 2019 528 2087 ἐγκαλοῦσιν
581 2024 836 2079 Ἰουδαῖοι
856 2043 870 2057 ’
902 2026 931 2080 ὁ
963 2027 1020 2082 δὲ
1046 2030 1383 2101 ἐπιστομίζει
1411 2031 1627 2095 αὐτούς.
1662 2029 1794 2087 Εἶτα

242 2111 270 2179 ἡ
292 2112 543 2185 παραϐολὴ
576 2115 678 2169 τοῦ
704 2117 1000 2184 σινάπεως,
1027 2119 1120 2173 καὶ
1143 2121 1240 2191 τῆς
1264 2120 1460 2192 ζύμης.
1494 2120 1625 2176 Εἶτα
1655 2126 1794 2196 ἠρω-

242 2201 354 2273 τήθη
376 2243 391 2268 ,
422 2206 469 2257 ει
496 2205 678 2276 ὀλίγοι
700 2208 756 2261 οἰ
794 2210 1110 2281 σωζόμενοι.
1136 2213 1399 2283 Παραινεῖ
1419 2213 1675 2269 εἰσελθεῖν
1705 2216 1793 2272 διὰ

241 2291 322 2360 τῆς
350 2296 529 2367 στενῆς
562 2297 768 2370 θύρας,
800 2300 899 2354 καὶ
931 2301 1155 2370 ὲπάγει·
1196 2321 1216 2354 ι
1254 2303 1508 2371 ’Ἡξουσιν
1537 2306 1645 2360 ἀπὸ
1672 2309 1797 2363 ἀνα-

242 2383 380 2439 τολῶν
422 2387 512 2439 καὶ
562 2387 837 2460 δυσμῶν,
906 2391 1000 2444 καὶ
1054 2391 1519 2464 ἀνακλιθήσονται.
1582 2414 1601 2447 ι
1663 2394 1795 2452 Εἶτα

242 2470 450 2541 λέγουσιν
477 2479 671 2550 αὐτῷ’
714 2499 737 2532 ι
794 2481 1060 2549 Ἔξελθε,
1107 2484 1190 2537 ὅτι
1251 2483 1493 2556 Ἡρώδης
1546 2486 1794 2558 βούλεταί

245 2580 295 2617 σε
344 2568 563 2626 ἀνελεῖν.
609 2590 631 2623 ι
669 2572 789 2625 Καί
811 2588 979 2643 φησι·
1025 2593 1046 2625 ι
1086 2575 1445 2645 Πορευθέντες
1494 2579 1682 2633 εἴπατε
1724 2582 1791 2652 τῇ

242 2655 452 2712 ἀλώπεκι
521 2662 731 2737 ταύτῃ.
792 2681 815 2714 ι
884 2660 1015 2718 Εἶτα
1086 2666 1222 2737 πρὸς
1284 2666 1383 2738 τὴν
1441 2669 1795 2744 Ἰερουσαλήμ

243 2764 374 2820 mar
436 2772 455 2804 ι
488 2755 743 2819 Ποσάκις
776 2755 1022 2827 ἠθέλησα
1067 2760 1493 2829 ἐπισυναγαγεῖν
1520 2762 1589 2816 τὰ
1628 2764 1794 2818 τέκνα

244 2856 334 2894 σου.
362 2860 380 2893 ι
432 2844 753 2916 Θεραπεύει
786 2846 879 2901 τὸν
906 2848 1206 2921 ὑδρωπικὸν
1235 2854 1292 2907 ὲν
1316 2853 1448 2924 οἴκῳ
1478 2854 1789 2926 Φαρισαίου.

241 2932 348 3004 Περὶ
368 2938 777 3006 πρωτοκλισίας
821 2938 1158 3010 διαλέγεται,
1193 2945 1287 2998 καὶ
1318 2944 1469 3009 τίνας
1498 2945 1579 2998 δεῖ
1610 2947 1793 3002 καλεῖν

239 3021 306 3073 ἐπ’
329 3024 552 3096 ἄριστον.
582 3025 732 3083 Εἶτα
763 3030 798 3100 ὴ
834 3029 1114 3104 παραϐολὴ
1143 3031 1235 3086 τοῦ
1269 3034 1483 3089 δείπνου
1510 3076 1525 3099 ,
1561 3039 1655 3090 καὶ
1684 3037 1793 3093 τῶν

239 3121 706 3191 πραιτησαμένων
727 3119 925 3176 ἐλθεῖν.
949 3122 1210 3194 Παραινεῖ
1221 3125 1437 3181 πάντων
1453 3127 1560 3181 τῶν
1578 3130 1793 3185 οἰκείων

236 3214 578 3314 καταρρονεῖν,
747 3211 901 3314 αύτῴ
926 3213 1259 3314 ἀκολουθεῖν.
1295 3215 1482 3314 Bima
1509 3223 1790 3295 παραϐολὴ
1818 3257 1859 3314 C

1893 2016 2029 2072 dicit
2072 2017 2139 2074 de
2188 2019 2388 2092 sinapi,
2430 2030 2484 2077 et
2527 2024 2595 2079 de
2644 2023 2935 2083 fermento.
2989 2027 3360 2101 interrogatur
3403 2046 3472 2085 an

1893 2108 2055 2178 pauci
2089 2110 2198 2166 sint
2232 2113 2326 2181 qui
2359 2113 2656 2173 salventur.
2677 2115 2943 2172 Hortatur
2965 2119 3032 2175 ad
3059 2120 3473 2191 ingrediendum

1891 2211 1990 2266 per
2005 2206 2293 2268 angustam
2311 2211 2545 2271 portam,
2564 2212 2616 2259 et
2633 2205 2855 2261 subdit:
2880 2225 2899 2259 ι
2925 2205 3158 2263 Venient
3175 2211 3243 2265 ab
3264 2212 3476 2268 oriente

1894 2299 1948 2343 et
1971 2290 2042 2346 ab
2064 2291 2367 2357 occidente,
2391 2302 2445 2349 et
2474 2297 2794 2353 recumbcnt
2815 2297 2880 2353 ".
2910 2317 2928 2349 ι
2951 2297 3157 2356 Deinde
3175 2301 3364 2357 dicunt
3384 2304 3470 2360 ei:

1899 2397 1920 2431 ι
1947 2381 2070 2445 Exi,
2094 2398 2219 2436 nam
2243 2382 2482 2441 Herodes
2499 2388 2611 2441 vult
2634 2395 2685 2442 te
2704 2389 2956 2444 occidere
2977 2392 3042 2441 ".
3071 2411 3091 2443 ι
3113 2390 3428 2463 Respondet
3452 2413 3468 2450 τ

1898 2488 1918 2522 ι
1939 2469 2016 2527 ite
2036 2487 2100 2526 ac
2123 2474 2286 2530 dicite
2301 2478 2447 2548 vulpi
2471 2478 2559 2532 isti
2574 2481 2640 2543 ”,
2667 2499 2685 2531 ι
2707 2488 2760 2535 et
2777 2490 2990 2537 cmtera.
3010 2473 3145 2538 Post
3169 2483 3474 2541 adJerusa-

1895 2562 2001 2616 lem
2040 2563 2194 2635 14],
2226 2565 2361 2621 dicit
2394 2585 2407 2621 :
2445 2586 2464 2618 ι
2497 2567 2723 2634 Quoties
2769 2570 2918 2624 volui
2956 2586 3291 2643 congregare
3325 2575 3470 2630 filios

1892 2659 2019 2707 tuos
2038 2655 2109 2719 ⁸⁵,
2140 2673 2159 2706 ι
2204 2663 2310 2713 etc.
2354 2656 2522 2711 Curat
2564 2659 2926 2731 hydropicum
2963 2662 3021 2718 in
3064 2662 3227 2718 domo
3272 2662 3469 2719 Phari-

1894 2744 1988 2799 δίιξί
2040 2746 2179 2816 (cap.
2212 2748 2343 2818 xxv).
2383 2747 2613 2806 Disserit
2647 2751 2715 2807 de
2748 2753 2928 2822 primo
2972 2754 3227 2808 accubitu
3248 2795 3263 2820 ,
3296 2764 3349 2811 et
3374 2757 3469 2827 qui

1893 2838 2125 2892 vocandi
2148 2838 2258 2893 sint
2308 2841 2377 2895 ad
2419 2842 2691 2898 convivia.
2743 2843 2950 2899 Deinde
2978 2845 3295 2915 parabolam
3332 2847 3468 2903 dicit

1894 2926 1963 2982 de
1996 2943 2152 2983 ccena
2180 2938 2235 2985 et
2264 2932 2509 2988 invitatis
2539 2934 2606 2989 ad
2638 2949 2760 2990 eam
2788 2937 2976 2992 venire
3006 2935 3464 2997 detrectantibus.

1895 3015 2160 3073 Hortatur
2189 3028 2270 3086 ut,
2304 3022 2512 3077 relictis
2533 3023 2848 3080 domesticis
2870 3026 3146 3093 omnibus,
3176 3043 3235 3083 se
3264 3044 3467 3098 sequa-

1894 3124 2037 3164 mur.
2065 3110 2386 3167 Parabolam
2418 3113 2569 3169 addit
2614 3116 2682 3171 de
2722 3131 2787 3171 eo
2836 3116 2929 3187 qui
2989 3119 3183 3172 turrim
3213 3119 3464 3188 aediﬁcat,

1894 3208 1947 3255 et
1975 3201 2044 3256 de
2071 3217 2137 3257 eo
2165 3203 2259 3274 qui
2291 3205 2359 3259 ad
2394 3206 2594 3261 bellum
2628 3208 2939 3263 instruitur.
2993 3208 3132 3264 llinc
3176 3211 3251 3266 ait
3283 3231 3297 3266 :
3328 3230 3344 3261 ι
3369 3211 3470 3268 Βο-

236 3296 403 3352 τοῦτὸν
423 3302 638 3375 πύργον
663 3302 1076 3375 οἰκοδομοῦντος
1096 3345 1111 3370 ,
1141 3308 1235 3360 καὶ
1263 3306 1357 3360 τοῦ
1387 3312 1792 3382 παρασκευαζο-

1895 3304 2026 3346 num
2084 3303 2167 3351 est
2213 3295 2379 3351 sal”.
2412 3317 2430 3350 ι
2472 3297 2814 3353 Murmurant
2858 3298 3119 3357 Pharisaei
3170 3302 3308 3374 (cap.
3349 3305 3465 3373 xv),

236 3388 367 3456 μένου
409 3394 487 3456 εἱς
534 3394 812 3464 πόλεμον.
872 3390 1006 3449 Εἷτά
1038 3414 1168 3467 φησι
1192 3414 1206 3427 ’
1249 3418 1267 3450 ι
1293 3399 1471 3454 Καλὸν
1490 3401 1549 3454 τὸ
1582 3402 1733 3467 ἅλας.
1763 3423 1783 3457 ι

234 3476 557 3547 Γογγύζουσιν
586 3486 643 3537 οῖ
675 3485 997 3557 Φαρισαῖοι,
1035 3489 1115 3542 ὃτι
1142 3487 1375 3555 τελώνας
1406 3493 1789 3565 προσελαμϐέι-

232 3584 343 3626 vero.
371 3574 528 3642 Λέγει
563 3575 900 3648 Μραόολὴν
923 3579 1058 3650 πρὸς
1080 3581 1293 3646 αὐτοὺς,
1318 3581 1417 3654 τὴν
1456 3586 1549 3637 τοῦ
1580 3586 1792 3639 ἀπολω-

232 3658 351 3727 λάτος
381 3666 685 3737 προϐάτου,
720 3667 826 3740 τὴν
858 3670 957 3740 τῆς
980 3670 1244 3743 δραχμῆς,
1280 3675 1371 3728 καὶ
1396 3675 1495 3746 τὴν
1519 3677 1612 3728 τοῦ
1645 3676 1791 3730 ἀσώ-

229 3769 303 3807 του
339 3760 519 3827 παιδός
543 3778 558 3791 -
597 3762 741 3834 περὶ
769 3760 867 3814 τοῦ
912 3761 1265 3835 ἐκϐληθέντος
1306 3767 1585 3837 οἰκονόμου
1609 3783 1623 3798 ο
1658 3768 1789 3839 περὶ

232 3847 551 3925 φιλαργυρίας
572 3871 589 3887 ·
635 3856 777 3926 περὶ
816 3855 1188 3928 ὑπερηφανίας
1210 3896 1226 3922 ,
1267 3858 1363 3911 καὶ
1394 3859 1474 3911 ὅτι
1505 3858 1587 3911 δεῖ
1610 3859 1789 3913 πάντα

228 3941 280 3995 τὰ
296 3944 344 3998 ἐν
361 3945 436 4017 τῷ
457 3948 615 4020 νόμῳ
638 3947 1006 4022 πληρωθῆναι
1025 3966 1038 3980 δ
1064 3950 1190 4021 περὶ
1211 3950 1305 4003 τοῦ
1337 3950 1662 4017 ἀπολύοντος
1688 3952 1788 4024 τὴν

229 4041 421 4101 γυναῖκα
444 4042 624 4095 αὑτοῦ
652 4059 666 4073 ο
703 4041 842 4114 περὶ
866 4040 961 4094 τοῦ
990 4041 1240 4114 Λαζάρου
1275 4044 1368 4096 καὶ
1390 4042 1481 4096 τοῦ
1505 4044 1784 4099 πλουσίου.

228 4127 333 4201 Περὶ
346 4133 433 4187 τοῦ
456 4136 779 4206 συγχωρεῖν
801 4133 881 4204 τῷ
908 4133 1129 4206 πλησίον
1145 4135 1213 4189 τὰ
1236 4136 1620 4207 ἁμαρτήματα.
1641 4136 1751 4191 Καί
1768 4154 1783 4168 ’

233 4220 338 4285 ιΤίς
359 4224 493 4296 ἔχων
528 4226 753 4292 δοῦλον,
782 4245 802 4278 ι
843 4225 998 4297 φησι,
1040 4244 1059 4277 ι
1096 4226 1455 4300 ἀροτριῶντα,
1485 4229 1584 4282 οὐκ
1612 4228 1787 4282 εἰσελ-

226 4308 340 4368 θόντι
392 4319 503 4373 ἀπὸ
565 4319 666 4373 τοῦ
720 4317 899 4386 ἀγροῦ
949 4318 1259 4386 ἐπιτάττεις
1312 4340 1330 4373 ι
1386 4317 1520 4375 Εἶτα
1567 4325 1615 4376 ot
1654 4322 1788 4377 δέκα

225 4403 395 4480 λεπροί.
440 4414 590 4487 Περὶ
628 4414 734 4484 τῆς
780 4414 1085 4484 παρουσίας
1128 4414 1295 4467 αὑτοῦ
1332 4414 1603 4487 προλέγει.
1649 4418 1788 4488 Περὶ

225 4498 297 4552 τοῦ
316 4503 535 4559 πάντοτε
561 4503 993 4576 προσεύχεσθαι.
1018 4502 1150 4558 Εἷπε
1172 4506 1271 4578 τὴν
1291 4508 1391 4572 τῆς
1416 4509 1587 4580 χήρας
1608 4527 1786 4581 παρα-

1892 3383 2034 3452 quod
2065 3384 2388 3454 publicanos
2416 3388 2740 3458 susciperet.
2777 3388 3099 3447 Parabolam
3133 3394 3202 3447 ad
3236 3409 3333 3450 eos
3380 3393 3467 3449 di-

1891 3475 1966 3528 cit
1995 3474 2062 3530 de
2107 3491 2208 3532 ove
2239 3478 2473 3548 perdita,
2506 3492 2559 3534 et
2586 3481 2652 3536 de
2682 3481 2968 3548 drachma,
3001 3478 3179 3557 deque
3202 3485 3313 3541 filio
3343 3504 3467 3558 pro-

1890 3567 2017 3638 digo
2054 3580 2066 3620 :
2096 3570 2163 3625 de
2206 3586 2497 3626 aeconomo
2527 3573 2702 3642 ejecto
2755 3576 2901 3646 (cap.
2927 3577 3042 3647 τινι)
3074 3596 3086 3631 :
3123 3578 3190 3632 de
3212 3580 3464 3644 avaritia,

1892 3660 1960 3715 de
1989 3663 2270 3732 superbia,
2303 3668 2357 3717 et
2391 3665 2538 3734 quod
2580 3665 2871 3737 adimpleri
2921 3672 3171 3738 oporteat
3203 3684 3465 3740 quaecun-

1889 3768 1995 3823 que
2020 3754 2075 3808 in
2108 3755 2227 3826 lege
2262 3765 2429 3813 sunt:
2462 3757 2528 3812 de
2558 3758 2870 3816 dimittente
2901 3778 3128 3819 uxorem
3169 3780 3322 3819 suam
3354 3783 3366 3817 :
3394 3765 3463 3821 de

1890 3842 2101 3900 Lazaro
2146 3863 2210 3902 ac
2254 3849 2441 3904 divite.
2477 3847 2630 3916 Quod
2662 3848 2989 3907 remittenda
3037 3854 3148 3909 sint
3186 3853 3463 3925 proximo,

1890 3953 2012 4008 qua:
2028 3939 2081 3993 in
2102 3954 2201 3995 nos
2221 3940 2447 4012 deliquit
2467 3942 2603 4014 (cap.
2626 3943 2781 4015 xvu).
2814 3944 2916 3999 Et:
2954 3963 2973 3996 ι
3011 3945 3167 4012 Quis,
3203 3966 3223 3999 ι
3264 3946 3462 4017 inquit,

1896 4048 1915 4081 ι
1948 4046 2164 4085 servum
2194 4032 2356 4087 habet
2386 4045 2655 4103 arantem,
2690 4052 2759 4090 an
2787 4051 2852 4091 ex
2872 4052 3003 4108 agro
3035 4040 3329 4093 revertenti
3352 4055 3465 4094 non

1888 4122 2136 4193 praecipit
2157 4122 2242 4177 ’7'!
2266 4142 2284 4175 ι
2311 4132 2416 4180 etc.
2437 4124 2644 4182 Deinde
2665 4126 2732 4182 de
2766 4127 2951 4183 decem
2982 4129 3234 4198 lcprosis.
3265 4127 3341 4184 De
3368 4127 3468 4183 ad-

1889 4222 2057 4269 ventu
2087 4232 2188 4272 suo
2217 4220 2482 4286 praedicit.
2518 4219 2674 4286 Quod
2708 4236 2925 4293 semper
2947 4222 3019 4277 sit
3051 4221 3340 4279 orandum.
3371 4221 3466 4278 Pa-

1888 4308 2137 4362 rabolam
2178 4310 2312 4364 dicit
2351 4311 2417 4366 de
2470 4312 2633 4367 vidua
2685 4312 2828 4384 (cap.
2876 4313 3058 4388 xvm),
3088 4326 3143 4371 et
3200 4317 3362 4371 aliam
3397 4316 3467 4372 de

1883 4398 2074 4469 judice
2131 4401 2343 4471 iniquo.
2403 4402 2610 4461 Deinde
2647 4421 2659 4457 :
2700 4400 2908 4473 «Num,
2948 4427 2966 4459 ι
3005 4409 3204 4479 inquit,
3245 4427 3265 4461 ι
3302 4408 3465 4465 fidem

1890 4490 2129 4546 inveniet
2156 4492 2209 4547 in
2248 4501 2393 4548 terra
2423 4491 2597 4551 Filius
2630 4496 2893 4563 hominis,
2925 4514 3051 4554 cum
3101 4501 3409 4556 venerit"?
3439 4520 3459 4554 ι

225 4587 387 4663 ϐολήν,
435 4599 535 4651 καὶ
570 4596 671 4668 τὴν
714 4596 813 4650 τοῦ
848 4595 1032 4649 ἀδίκου
1076 4598 1352 4669 ἄρχοντος.
1415 4601 1546 4654 Τότε
1597 4602 1779 4671 λέγει·

1892 4582 2155 4637 Parabola
2190 4584 2256 4639 de
2286 4584 2561 4643 Pharisazo
2584 4597 2634 4643 et
2679 4590 2991 4660 publicano.
3019 4590 3263 4647 Advocat
3301 4590 3369 4646 ad
3404 4607 3465 4647 se

228 4695 245 4727 σ
267 4674 389 4754 ’Δρα
417 4687 647 4759 εὑρήσει
678 4685 785 4756 τὴν
814 4684 992 4739 πίστιν
1028 4686 1194 4741 ἐλθὼν
1222 4691 1251 4742 ὁ
1288 4690 1415 4754 Υἱὸς
1444 4691 1537 4745 τοῦ
1572 4692 1781 4764 ἀνθρώ⁴

1892 4677 2169 4746 parrulos.
2216 4677 2441 4732 Accedit
2483 4679 2551 4734 ad
2612 4696 2738 4735 eum
2791 4681 2945 4738 dives
2997 4684 3221 4754 quidam
3260 4698 3463 4753 rogans

225 4781 328 4835 mi;
361 4792 379 4824 ι
424 4776 489 4829 Ἦ
520 4773 818 4847 παραϐολὴ
839 4774 933 4828 τοῦ
959 4777 1247 4847 Φαρισαίου
1269 4780 1361 4833 καὶ
1389 4780 1483 4834 τοῦ
1520 4781 1774 4837 τελώνου.

1892 4766 2018 4838 quid
2051 4767 2234 4833 faciat,
2263 4777 2319 4823 ut
2344 4770 2511 4824 vitam
2568 4778 2828 4827 aeternam
2879 4774 3157 4845 possideat
3193 4771 3300 4829 :de
3330 4790 3461 4841 pas-

224 4855 329 4917 Εἶτα
355 4869 754 4932 προσκαλεῖται
790 4868 861 4921 τά
892 4868 1100 4923 παιδία.
1156 4872 1526 4944 Προσέρχεται
1557 4876 1586 4928 ὁ
1618 4872 1784 4928 πλού-

1892 4860 2035 4915 sione
2070 4876 2168 4915 sua
2198 4862 2445 4931 praedicit
2471 4862 2758 4934 discipulis
2797 4886 2810 4920 :
2847 4866 2951 4937 ipsi
2980 4879 3108 4921 vero
3152 4881 3263 4920 non
3297 4859 3461 4919 intel-v'

225 4968 311 5020 σιος
336 4960 577 5030 ἐρωτῶν,
602 4961 658 5014 τί
690 4961 931 5031 ποιήσας
953 4959 1096 5032 ζωὴν
1124 4961 1339 5017 αἰώνιον
1367 4964 1783 5038 κληρονομήσει.

1892 4954 2141 5026 ligebant.
2197 4955 2385 5011 Caecus
2432 4967 2658 5012 curatus
2708 4974 2875 5028 prope
2914 4954 3135 5014 Iericho
3169 4977 3183 5012 :
3218 4958 3285 5013 de
3322 4956 3460 5012 Zac-

224 5042 328 5117 Περὶ
347 5050 436 5103 τοῦ
472 5050 687 5115 πάθους
720 5050 874 5119 λέγει
906 5053 1019 5114 τοῖς
1044 5053 1339 5123 μαθηταῖςο
1386 5055 1434 5107 ot
1467 5054 1524 5107 δὲ
1557 5055 1618 5107 οὐ
1662 5071 1789 5108 συν-

1892 5045 2034 5101 chaeo
2082 5048 2221 5118 (cap.
2256 5045 2399 5119 xxx).
2432 5045 2760 5103 Paraboiam
2810 5045 2942 5103 dicit
2974 5048 3043 5103 de
3090 5062 3178 5110 eo,
3211 5047 3305 5117 qui
3352 5046 3458 5101 sibi

219 5132 345 5203 ἧκαν.
388 5142 445 5194 '0
471 5142 681 5212 τυφλὸς
708 5140 1108 5212 θεραπεύεται,
1138 5143 1166 5194 ὁ
1189 5142 1356 5212 ἐγγὺς
1396 5140 1671 5215 Ἱεριχοῦς.
1706 5142 1790 5197 Τά

1892 5136 1991 5206 ipsi
2033 5137 2246 5191 volebat
2301 5138 2587 5208 acquirere
2643 5155 2893 5209 regnum.
2939 5137 3015 5192 De
3060 5137 3208 5207 pullo
3262 5137 3455 5194 asinae.

222 5228 332 5283 ιιτά
371 5232 462 5286 τὸν
515 5235 815 5305 Ζακχαῖον.
889 5233 953 5285 'l-l
981 5233 1264 5305 παραϐολὴ
1305 5233 1399 5287 τοῦ
1434 5234 1789 5305 βουληθέντος

1892 5218 2053 5280 Urbis
2082 5226 2354 5281 excidium
2388 5227 2653 5298 praedicit.
2683 5226 2993 5313 Vendentes
3027 5223 3175 5294 ejicit
3221 5221 3289 5279 de
3319 5232 3463 5280 tem-

218 5316 447 5389 ἀτυρόσαι
479 5324 788 5393 βασιλείαν.
844 5321 926 5376 Τὰ
955 5324 1096 5377 κατὰ
1132 5324 1224 5377 τὸν
1255 5322 1458 5378 πῶλον.
1518 5325 1655 5396 Περὶ
1683 5323 1787 5396 τῆς

1892 5317 1995 5387 pio.
2038 5311 2191 5371 Tunc
2219 5317 2408 5372 dicunt
2449 5319 2526 5372 illi
2558 5317 2697 5390 (cap.
2740 5314 2875 5387 xx):
2913 5311 2931 5365 ι
2971 5315 3031 5368 In
3060 5329 3167 5385 qua
3191 5321 3462 5386 potestate

218 5407 549 5487 ἀλὼσεικτῆς
574 5416 796 5479 πόλεως
815 5415 1089 5486 προλέγει.
1124 5414 1408 5470 Ἐκϐἀλλει
1430 5418 1494 5470 ὲκ
1517 5416 1616 5505 τοῦ.
1636 5416 1783 5487 ἱεροῦ

1892 5412 1997 5466 bace
2027 5409 2166 5463 facis
2187 5409 2267 5463 '9?
2297 5429 2315 5461 ι
2351 5408 2655 5479 lnterrogat
2685 5408 2808 5463 illos
2838 5406 2905 5461 de
2934 5406 3263 5477 baptismate
3290 5405 3457 5462 Joan-

213 5501 313 5566 ναὸς
334 5506 670 5574 πωλοῦντας.
728 5507 866 5562 Τότε
894 5508 1141 5577 λέγουσιν
1163 5526 1178 5538 ·
1232 5527 1251 5561 ι
1293 5510 1382 5562 Ἑν
1410 5508 1539 5581 ποία
1564 5498 1785 5581 ἐξουσίᾳ

1892 5503 1987 5557 nis.
2013 5501 2317 5570 Subjicitur
2344 5501 2605 5571 parabola
2628 5499 2694 5553 de
2732 5500 2911 5564 vinea,
2948 5505 3002 5554 et
3034 5498 3298 5567 improbis
3320 5498 3462 5601 agri—

213 5586 353 5644 τιῦτα
380 5599 584 5661 ποιεῖς;
617 5616 638 5648 ι
662 5595 881 5667 Ἐρωτᾷ
903 5598 1100 5660 αὐτοὺς
1121 5598 1249 5670 περὶ
1277 5597 1372 5652 τοῦ
1402 5597 1782 5670 βαπτίσματος

1892 5594 2016 5651 :olis
2053 5608 2067 5647 :
2100 5593 2168 5649 de
2194 5608 2385 5659 censu,
2411 5598 2466 5647 et
2494 5592 2562 5648 de
2590 5590 2820 5647 muliere
2865 5607 2986 5663 qua:
3016 5600 3223 5664 septem
3273 5588 3464 5646 fratri-

262 5812 300 5843 "
335 5818 568 5901 ξομε-κῃ,
593 5823 661 5901 ρ.
742 5820 939 5901 ιξιυξδ.
970 5821 1023 5877 6.
1096 5822 1292 5901 ”i_b_id.
1314 5823 1383 5901 {‘9
1413 5890 1437 5901 _
1469 5822 1516 5855 ⁹⁹
1555 5823 1685 5877 ibid.
1720 5822 1812 5901 εξ.
1973 5826 2103 5901 ibid.
2138 5825 2224 5880 58.
2301 5827 2361 5901 "_
2389 5822 2522 5901 Luc.
2556 5822 2784 5901 _xm,29.
2863 5824 2910 5901 ξ’
2927 5826 3059 5885 ibid.
3096 5827 3186 5884 3|.
3260 5822 3467 5901 "ibid._

210 5876 280 5939 ³2.
344 5891 389 5921 ’³
429 5876 567 5947 ibid:
593 5876 691 5948 34.
771 5891 820 5925 ’⁸
856 5876 987 5949 Luc.
1014 5876 1134 5959 (xlv,
1161 5876 1290 5949 διξ-
1331 5876 1375 5927 ’θ
1412 5876 1816 5964 Ιιυεζίνιιξίι.
1891 5895 1938 5959 P'
1976 5876 2112 5955 inc.
2147 5876 2302 5967 svnt,
2338 5876 2513 5982 85?.”
2552 5876 2792 5955 1i
2814 5936 2830 5966 ,
2862 5894 2918 5953 2.
