4066 6388
595 425 700 494 399

1715 430 1773 486 s.
1817 427 2283 487 ATHANASIUS.
2307 392 2378 470 ὲ-
2402 424 2629 483 uuam.

3734 428 3830 485 400

589 553 700 613 bus
743 563 913 628 nupta
966 555 1086 610 fuit.
1132 552 1337 609 Deinde
1394 553 1694 623 interrogat
1718 566 1814 607 eos
1854 550 1923 606 de
1951 550 2142 620 seipso,

2269 547 2536 601 Ἰωάννου.
2571 542 2704 599 Εἶτα
2733 545 2767 617 ή
2800 542 3077 616 παραϐολὴ
3108 543 3201 599 τοῦ
3233 543 3585 615 ἀμπελῶνος,
3608 543 3703 597 καὶ
3729 543 3829 598 τῶν

589 648 871 720 quomodo
900 647 1104 712 dicant,
1140 646 1318 716 ipsum
1345 659 1467 700 esse
1513 644 1681 698 ﬁlium
1706 643 1944 699 'Davidis
1976 642 2162 699 :cdis-

590 741 729 797 serit
750 741 817 796 de
848 741 1024 810 primo
1052 752 1337 794 consessu.
1375 734 1546 792 Vidua
1573 735 1797 793 denaria
1840 735 1949 791 duo
1996 734 2161 789 mittit

2263 638 2516 712 πονηρῶν
2554 637 2836 711 γεωργῶν.
2870 636 2950 690 Τὰ
2979 638 3106 709 περὶ
3132 636 3227 690 τοῦ
3257 638 3479 708 κήνσου,
3498 636 3593 689 καὶ
3619 635 3719 705 τῆς
3740 653 3833 705 γα-

2265 727 2529 800 μηθείσης
2559 730 2674 792 τοῖς
2704 725 2758 791 ζ’
2791 725 3056 794 ἀδελφοῖς.
3108 721 3241 778 Εἶτα
3270 727 3451 797 ἐρωτᾷ
3482 725 3677 788 αὐτοὺς
3711 726 3831 797 περὶ

600 833 678 902 (in
742 828 1189 902 gazophylacium
1244 827 1385 901 [cap.
1440 828 1603 901 xx1]).
1671 827 1746 883 De
1804 825 2142 884 subversiom

2260 821 2453 875 ἑαυτοῦ
2477 861 2492 885 ,
2528 820 2644 885 πῶς
2693 819 2909 889 λέγουσι
2936 816 3026 871 τὸν
3062 818 3296 891 Χριστὸν
3323 818 3438 873 υἱὸν
3469 818 3632 872 Δαϐὶδ
3661 813 3829 872 εἶναι’

595 922 780 992 templi
813 920 1084 991 praedicit,
1108 927 1162 975 et
1202 920 1361 975 malis
1395 919 1618 975 futuris.
1653 917 1824 974 Iudas
1865 916 2160 988 paciscitur

592 1027 718 1068 cum
753 1010 977 1067 Iudaeis.
1026 1011 1339 1083 Discipulos
1382 1011 1550 1065 mittit
1597 1010 1665 1065 ad
1700 1009 2004 1081 parandum
2063 1024 2159 1080 pa-

590 1101 722 1156 scha
751 1102 891 1172 (cap.
922 1101 1085 1174 χιιι).
1118 1100 1481 1158 Convincitur
1499 1099 1671 1158 Iudas
1698 1111 1823 1173 post
1846 1102 2157 1158 institutum

589 1195 933 1266 mysterium.
965 1192 1321 1250 Contendunt
1358 1194 1502 1250 inter
1545 1209 1604 1250 se
1634 1192 1905 1264 discipuli
1945 1193 2012 1248 de
2040 1191 2157 1262 pri-

584 1291 758 1342 matu.
790 1284 873 1340 Ad
900 1283 1181 1342 Simonem
1225 1284 1424 1341 deinde
1466 1285 1641 1341 dicit:
1674 1303 1695 1336 ‹
1732 1283 1873 1341 Ecce
1923 1283 2156 1338 Satanas

583 1377 742 1447 petiit
772 1376 933 1442 vos',
975 1396 995 1429 ι
1031 1377 1383 1449 ριαξάἱείιιιιιε
1412 1377 1493 1433 illi
1520 1378 1862 1448 negationem
1897 1377 2153 1440 futuram,

581 1473 636 1520 et
659 1464 815 1536 jubet
845 1465 1133 1537 discipulis
1162 1474 1222 1521 ut
1250 1467 1443 1521 tollant
1478 1481 1665 1522 secum
1696 1482 2033 1523 crumenam.
2053 1465 2155 1520 Ca—

580 1555 732 1626 pitur
759 1563 972 1627 postea.
1002 1554 1173 1626 Negat
1192 1571 1317 1611 eum
1359 1554 1578 1612 Petrus.
1610 1554 1849 1612 Caeditur
1882 1571 1912 1610 a
1951 1554 2154 1611 Iudaeis

578 1644 764 1702 Iesus.
806 1646 1200 1719 Interrogatur,
1235 1664 1363 1703 num
1401 1648 1519 1719 ipse
1562 1650 1633 1705 sit
1672 1647 1948 1714 Christus,
1979 1656 2031 1704 et
2067 1665 2153 1705 re-

579 1740 831 1810 spondet.
864 1739 1098 1796 Ducitur
1136 1742 1202 1796 ad
1234 1741 1472 1796 Pilatum
1511 1743 1649 1812 (cap.
1684 1742 1868 1813 xxiii),
1897 1750 1951 1796 et
1982 1742 2152 1796 mitti-

579 1837 671 1885 tur
692 1830 760 1885 ad
789 1829 1082 1899 Herodem,
1113 1832 1264 1888 illinc
1289 1848 1487 1889 rursus
1513 1832 1582 1886 ad
1607 1832 1862 1888 Pilatum.
1895 1832 2153 1887 Traditur

2257 914 2350 967 καὶ
2380 913 2505 985 περὶ
2532 911 3007 984 πρωτοκαθεδρίας
3038 910 3363 980 διαλέγεται.
3412 909 3660 981 Βάλλει⁸ή
3692 911 3829 985 χήρα

2256 1005 2349 1058 δύο
2374 1005 2620 1076 δηνάρια.
2668 1005 2804 1077 Περὶ
2830 1005 2929 1075 τῆς
2957 1004 3338 1077 καταστροφῆς
3368 1004 3461 1057 τοῦ
3492 1003 3621 1057 ναοῦ
3644 1046 3659 1065 ,
3706 1004 3831 1075 περὶ

2256 1096 2363 1150 τῶν
2396 1096 2695 1168 μελλόντων
2727 1096 2978 1168 προλέγει
3013 1096 3218 1149 κακῶν.
3284 1095 3595 1149 Συντίθεται
3634 1095 3830 1160 Ἰούδας

2260 1188 2397 1261 μετὰ
2429 1188 2536 1243 τῶν
2569 1188 2855 1242 Ἰουδαίων.
2888 1188 3103 1261 Πέμπει
3124 1188 3250 1253 τοὺς
3279 1188 3524 1259 μαθητὰς
3549 1189 3831 1259 ἑτοιμάσαι

2256 1279 2318 1331 τὸ
2365 1279 2569 1349 πάσχα.
2639 1276 2947 1347 Ἐλέγχεται
2988 1275 3185 1340 Ἰούδας
3221 1275 3360 1348 μετά
3403 1274 3464 1328 τὸ
3513 1275 3827 1348 μυστήριον.

2254 1368 2558 1423 Φιλονεικία
2589 1367 2697 1421 τῶν
2727 1367 2981 1438 μαθητῶν
3015 1367 3143 1439 περὶ
3170 1367 3470 1439 πρωτείων.
3535 1360 3674 1420 Εἶτα
3701 1364 3831 1438 πρὸς

2254 1462 2343 1515 τὸν
2364 1461 2582 1532 Σίμωνά
2603 1477 2735 1531 φησι
2751 1478 2764 1491 ο
2797 1479 2815 1511 ι
2839 1460 2968 1513 Ἰδοὺ
2989 1461 3016 1512 6
3031 1460 3275 1522 Σατανᾶς
3300 1457 3600 1530 ἐξῃτήσατο
3618 1458 3764 1528 ὑμᾶς
3780 1473 3826 1510 ἰ

2253 1552 2349 1607 καὶ
2370 1552 2622 1625 προλέγει
2650 1551 2813 1605 αὐτοῦ
2848 1551 2945 1624 τὴν
2973 1553 3199 1624 ἄρνησιν
3224 1594 3238 1617 ,
3274 1548 3369 1606 καί⁵
3398 1550 3831 1624 παρακελεύεται

2250 1646 2362 1707 τοῖς
2392 1643 2661 1714 μαθηταῖς
2703 1641 2992 1713 βαστάζειν
3016 1643 3316 1713 βαλάντιον.
3354 1636 3488 1696 Εἶτα
3524 1641 3832 1713 συλλαμϐά-

2253 1753 2420 1789 νεται.
2452 1736 2722 1808 Ἀρνεῖται
2754 1736 2977 1807 Πέτρος.
3012 1736 3283 1790 Τύπτεται
3306 1738 3335 1789 ὁ
3370 1735 3577 1808 Ἰησοῦς
3599 1734 3706 1789 ὑπὸ
3725 1735 3830 1788 τῶν

2263 1829 2551 1882 Ἰουδαίων.
2598 1828 2931 1900 Ἐρωτᾶται,
2968 1829 3016 1880 εἰ
3047 1827 3209 1891 αὐτὸς
3240 1827 3325 1898 εἴη
3358 1829 3386 1881 ό
3433 1826 3703 1901 Χριστὸς,
3742 1827 3831 1881 καὶ

580 1930 640 1976 ιιι
691 1923 1062 1994 crucitigatur,
1116 1924 1364 1995 sequitur
1409 1925 1568 1979 turba
1600 1942 1612 1978 :
1642 1924 1708 1979 ad
1773 1924 2030 1979 mulieres
2079 1925 2142 1980 de

2252 1920 2623 1989 ἀποκρίνεται.
2660 1920 2889 1987 Ἀγεται
2921 1920 3053 1991 πρὸς
3084 1917 3174 1972 τὸν
3206 1918 3467 1984 Πιλᾶτον,
3491 1919 3585 1973 καὶ
3620 1918 3831 1990 πέμπε-

576 2014 738 2070 malis
768 2013 969 2071 futuris
990 2015 1233 2072 disserit.
1264 2016 1633 2088 Cruciﬁgitur.
1665 2015 1879 2086 Corpus
1908 2016 2026 2085 ejus
2053 2014 2147 2070 Io-

578 2105 713 2177 seph
742 2107 957 2177 sepelit.
984 2106 1245 2164 Deferunt
1274 2108 1532 2164 mulieres
1571 2115 1818 2164 aromata
1866 2106 1934 2162 ad
1965 2108 2147 2178 sepul-

576 2212 735 2252 crum
792 2198 933 2270 (cap.
993 2199 1166 2269 xxiv),
1222 2199 1318 2256 sed
1369 2201 1645 2257 neminem
1700 2200 2003 2256 inveniunt.
2052 2198 2145 2255 Di-

572 2297 736 2346 scunt
771 2305 802 2345 a
827 2291 1044 2349 duobus
1089 2294 1321 2365 angelis,
1364 2293 1513 2365 quod
1573 2294 1958 2348 resurrexerit.
1993 2291 2144 2347 Nun-

569 2382 710 2437 tiant
759 2382 1195 2454 hoc‘discipulis.
1243 2383 1323 2439 illi
1376 2400 1485 2440 non
1539 2383 1793 2440 credunt.
1835 2381 2037 2439 Petrus
2074 2382 2141 2437 ad

570 2481 992 2529 monumentum
1034 2477 1208 2531 currit
1238 2483 1292 2531 et
1332 2475 1413 2548 (ut
1458 2476 1716 2531 mulieres
1746 2474 2024 2544 dixerunt)
2054 2473 2142 2528 in-

570 2564 738 2619 venit.
781 2563 1023 2637 Apparet
1072 2566 1329 2623 Christus
1381 2566 1597 2623 duobus
1634 2568 1737 2622 iter
1789 2565 2136 2622 facientibus.

566 2651 651 2708 illi
682 2656 888 2711 reversi
923 2656 1153 2711 audiunt
1200 2656 1489 2713 Dominum
1546 2658 1866 2727 apparuisse
1910 2655 2137 2712 Simoni.

567 2743 691 2801 Mox
719 2747 870 2802 stetit
911 2746 1207 2819 derepente
1253 2749 1310 2803 in
1351 2748 1533 2804 medio
1574 2764 1764 2805 eorum
1797 2764 1810 2801 :
1842 2748 2140 2819 stupeﬁunt

566 2835 826 2910 discipuli
863 2857 879 2896 :
916 2840 1255 2898 ostenditeis
1271 2840 1584 2905 cicatrices,
1606 2851 1661 2897 et
1689 2840 1923 2897 comedit
1951 2855 2138 2896 coram

562 2929 662 2986 eis.
701 2929 928 2988 Eductis
949 2940 1133 2989 autem
1168 2932 1278 2988 illis
1307 2931 1652 2997 Bethaniam,
1686 2940 2002 3004 assumptus
2033 2943 2135 2988 est.

2251 2030 2343 2067 ται
2365 2012 2501 2083 πρὸς
2519 2012 2610 2067 τὸν
2641 2010 2908 2085 Ἡρώδην.
2940 2006 3074 2066 Εἶτα
3098 2012 3234 2085 ’πρὸς
3255 2012 3345 2065 τὸν
3366 2012 3597 2065 Πιλᾶτον
3616 2012 3827 2080 ἄγεται.

2252 2104 2608 2177 Παραδίδοται
2630 2104 3004 2176 σταυρωθῆναι
3023 2119 3038 2135 ο
3062 2102 3346 2157 ἀκολουθεῖ
3363 2103 3514 2174 ὄχλος
3530 2116 3547 2134 ⁸
3572 2103 3714 2174 πρὸς
3734 2103 3829 2169 τάς

2250 2200 2513 2267 γυναῖκας
2529 2196 2834 2266 διαλέγεται
2852 2215 2917 2250 πε
2925 2197 2979 2269 pi
2999 2195 3105 2250 τῶν
3129 2195 3423 2267 μελλόντων
3438 2195 3647 2250 κακῶν.
3670 2196 3831 2249 Σταυ-

2253 2290 2463 2364 ροῦται.
2495 2290 2698 2345 Θάπτει
2734 2289 2929 2362 Ἰωσὴφ
2965 2289 3027 2343 τὸ
3056 2289 3233 2362 σῶμα.
3269 2288 3528 2361 Φέρουσιν
3558 2289 3619 2341 αἱ
3644 2291 3829 2357 γυναῖ-

2238 2395 2344 2447 ’κες
2374 2381 2645 2454 ἀρώματα
2672 2384 2753 2446 είς
2783 2382 2874 2435 τὸν
2915 2381 3084 2451 τάφον
3106 2422 3121 2447 ,
3176 2382 3271 2435 καὶ
3301 2382 3399 2451 οὐχ
3431 2375 3591 2453 εὗρον
3615 2381 3824 2439 οὐδένα.

2248 2473 2589 2528 Μανθάνουσι
2643 2472 2793 2544 παρά
2837 2471 2945 2525 τῶν
2996 2472 3090 2525 δύο
3148 2471 3430 2541 ἀγγέλων,
3481 2471 3561 2526 δτι
3603 2471 3823 2541 ἀνέστη.

2253 2565 2678 2636 Ἀπαγγέλλουσι
2698 2567 2811 2630 τοῖς
2830 2564 3115 2638 μαθηταῖς.
3134 2567 3196 2618 υἱ
3217 2566 3273 2619 δὲ
3294 2564 3828 2636 ήπίστουν.Ἔδραμι

2242 2657 2449 2728 Πέτρος
2478 2657 2559 2720 είς
2588 2654 2651 2709 τὸ
2682 2657 2964 2728 μνημεῖον,
2993 2654 3087 2708 καὶ
3124 2649 3281 2724 εὗρεν
3306 2653 3501 2717 οὕτως.
3533 2652 3672 2706 Τότε
3706 2651 3827 2721 φαί-

2238 2766 2389 2806 νεται
2420 2754 2533 2816 τοῖς
2577 2750 2670 2804 δύο
2713 2749 3103 2822 ὁδοιποροῦσιν.
3150 2746 3627 2821 ’Υποστρέψαντες
3657 2738 3821 2806 οῦτοι,

2237 2844 2497 2913 ἥκουσαν,
2530 2844 2613 2897 ὅτι
2646 2842 2802 2915 ὤφθη
2830 2843 3057 2913 Σίμωνι.
3097 2837 3233 2895 Εἶτα
3253 2840 3380 2911 ἔστη
3409 2831 3627 2908 ἀθρόως
3649 2840 3709 2890 ὲν
3736 2835 3827 2908 μέ-

2239 2950 2319 3005 σῳ
2345 2933 2525 2989 αὐτῶν
2546 2950 2560 2965 ο
2606 2933 2660 2987 oi
2703 2934 2762 2988 δὲ
2790 2932 3155 3006 ὲπτοήθησαν.
3220 2929 3458 2997 Ἐδειξεν
3489 2931 3678 2994 αὐτοῖς
3703 2930 3826 2993 toi);

556 3016 785 3089 τύπους,
814 3022 908 3077 καὶ
934 3022 1061 3093 εφεν
1091 3021 1203 3094 (5i)
1232 3022 1459 3077 ἐνώπιον
1492 3023 1689 3080 αὐτῶν.
1738 3022 2048 3094 Ἐξαγαγὼν
2073 3023 2130 3078 δὲ
2162 3027 2361 3090 αυτούς
2389 3029 2468 3091 είς
2498 3026 2787 3098 Βηθανίαν,
2818 3024 3115 3099 ἀνελήφθη.

702 3127 861 3184 Liber
893 3129 922 3185 1
936 3130 999 3197 γ,
1022 3130 1362 3204 Evangelia»:
1398 3133 1683 3189 secundum
1706 3132 1989 3191 Joannem.

629 3218 724 3274 50.
791 3219 1030 3279 Ioannes
1055 3222 1335 3280 Christum
1375 3226 1505 3283 dicit
1543 3226 1711 3283 Deum
1750 3243 1873 3283 esse
1901 3230 2039 3298 (cap.
2067 3227 2130 3299 ι).

557 3304 758 3365 Narrat
780 3310 848 3368 de
877 3312 1122 3385 Baptista
1156 3331 1169 3367 :
1207 3322 1320 3370 tum
1349 3316 1416 3372 de
1448 3317 1694 3384 Christo,
1725 3328 1779 3375 et
1833 3317 1901 3374 de
1950 3320 2136 3373 lncar—

558 3403 801 3461 natione.
848 3405 932 3462 Ad
980 3421 1041 3463 se
1085 3408 1271 3465 missis
1330 3411 1628 3480 respondet
1682 3411 1947 3483 Baptista.
1984 3411 2138 3467 Inse-

559 3503 763 3564 quente
795 3496 883 3553 die
913 3506 1141 3555 testatur
1167 3499 1235 3557 de
1258 3500 1412 3567 Iesu,
1445 3503 1592 3573 quod
1626 3502 1866 3574 Spiritus
1905 3505 2135 3561 descen-

558 3583 703 3639 derit
719 3601 886 3658 super
913 3604 1059 3647 eum.
1091 3590 1366 3661 Sequente
1400 3593 1602 3650 iterum
1643 3595 1731 3651 die
1759 3598 2134 3653 testimonium

557 3675 804 3744 perhibet
832 3678 900 3736 de
930 3678 1083 3738 Iesu.
1133 3680 1265 3740 Sese
1306 3685 1385 3740 illi
1433 3687 1682 3759 adiungit
1734 3689 2001 3746 Andreas.
2034 3690 2136 3748 Pe-

557 3774 705 3823 trum
740 3770 964 3828 adducit
991 3774 1240 3832 Andreas
1260 3777 1327 3833 ad
1343 3777 1651 3836 Christum.
1676 3780 1904 3838 Postero
1926 3782 2016 3839 die
2035 3798 2133 3838 vo-

556 3868 644 3915 cat
674 3860 986 3935 Philippum
1015 3866 1267 3925 Andreas
1291 3869 1360 3923 ad
1385 3885 1530 3925 eum.
1564 3871 1796 3927 Postero
1828 3872 1916 3928 die
1951 3888 2135 3944 egres-

556 3965 654 4007 sus
686 3951 742 4006 in
762 3951 1040 4010 Galilaeam
1061 3956 1244 4024 Iesus,
1272 3968 1429 4014 vocat
1458 3959 1770 4033 Philippum
1805 3980 1820 4016 :
1855 3962 1941 4017 hic
1973 3963 2134 4038 142

558 4038 711 4095 ducit
730 4041 1034 4102 Natbanael
1057 4047 1126 4102 ad
1157 4064 1303 4104 eum.
1342 4049 1740 4108 Testimonium
1778 4053 1906 4110 huic
1933 4056 2025 4111 dat
2046 4056 2137 4111 Ie-

561 4144 678 4185 sus.
734 4129 947 4202 Nuptiae
999 4134 1136 4190 ﬁunt
1179 4138 1235 4192 in
1263 4139 1412 4194 Cana
1445 4139 1581 4211 (cap.
1630 4144 1713 4213 ιι).
1756 4142 1952 4205 Postea,
1988 4149 2138 4203 venit

560 4220 931 4292 Capernaum.
963 4225 1222 4282 Ascendit
1246 4227 1640 4304 Ierosolymam
1669 4236 1722 4290 in
1746 4236 1885 4293 festo
1901 4236 2137 4295 Pascha.

560 4312 668 4367 tis:
692 4314 845 4384 ejicit
877 4329 907 4370 e
938 4318 1141 4389 templo
1162 4321 1461 4380 vendentes
1486 4327 1793 4388 columbas.
1813 4329 1967 4386 Multi
2008 4348 2132 4388 cre-

561 4404 699 4459 dunt
722 4407 779 4462 in
812 4422 957 4463 eum.
984 4408 1122 4465 Tum
1154 4412 1221 4469 de
1241 4412 1542 4474 Nicodemo
1573 4423 1712 4490 (cap.
1742 4424 1850 4491 ιιι).
1890 4423 2022 4481 Post
2046 4442 2136 4481 ve-

558 4497 643 4552 nit
665 4498 719 4553 in
748 4497 990 4556 Iudaeam
1020 4512 1074 4559 et
1100 4504 1450 4578 baptizabant
1473 4513 1646 4583 ipsius
1669 4514 1946 4586 discipuli.
1980 4516 2133 4574 Nun-

2604 3139 2844 3194 Bt6.llor
2871 3137 2952 3203 δ’,
2988 3138 3137 3193 κατὰ
3171 3136 3467 3205 Ἰωάννην.

2314 3231 2404 3287 50.
2439 3230 2691 3301 Θεολογεῖ
2718 3233 2746 3285 6
2786 3231 3038 3301 Ἰωάννης
3066 3231 3156 3285 τὸν
3181 3228 3436 3302 Χριστόν.
3497 3226 3666 3295 Λέγει
3696 3223 3825 3294 περὶ

2237 3322 2331 3376 τοῦ
2358 3322 2684 3376 Βαπτιστοῦ·
2721 3319 2847 3377 εἶτα
2882 3322 3010 3394 περὶ
3032 3323 3124 3376 τοῦ
3149 3318 3407 3390 Χριστοῦ,
3431 3320 3527 3375 καὶ⁹
3556 3319 3662 3389 τῆς
3682 3319 3828 3371 ἐνανο

2239 3414 2596 3488 θρωπήσεως.
2667 3415 3047 3486 Ἀποκρίνεται
3077 3414 3106 3467 6
3148 3411 3458 3484 Βαπτιστὴς
3508 3411 3651 3483 πρὸς
3700 3409 3831 3472 τοῦς

2238 3507 2643 3571 ἀποσταλέντας
2666 3507 2800 3579 πρὸς
2834 3506 3018 3561 αὐτόν.
3052 3507 3129 3578 Τῇ
3154 3507 3413 3577 ἐπαύριον
3448 3505 3723 3576 μαρτυρεῖ
3747 3501 3833 3573 τῷ

2253 3599 2455 3673 Ἰησοῦ,
2487 3600 2568 3652 ὅτι
2600 3599 2659 3652 τὸ
2706 3598 2931 3670 Πνεῦμα
2957 3598 3162 3670 κατέϐη
3204 3599 3291 3650 ἐπ’
3318 3597 3500 3652 αὐτόν.
3539 3597 3621 3668 Τῇ
3652 3595 3828 3650 ἐπαύ-

2240 3709 2353 3763 ριον
2386 3691 2549 3744 πάλιν
2580 3693 2844 3762 μαρτυρεῖ
2869 3689 2946 3761 τῷ
2989 3688 3185 3761 Ἰησοῦ.
3221 3689 3329 3742 Καὶ
3349 3688 3649 3743 κολλῶνται
3676 3687 3835 3758 αύτῷ

2237 3785 2287 3836 oi
2316 3783 2444 3855 περὶ
2488 3782 2760 3853 Ἀνδρέαν.
2803 3784 2958 3853 Ἀγει
2989 3781 3079 3835 τὸν
3103 3774 3311 3854 Πέτρον
3343 3782 3371 3835 6
3409 3780 3667 3852 Ἀνδρέας
3689 3779 3837 3852 πρὸς

2237 3874 2415 3929 αὐτόν.
2439 3876 2515 3945 Τῇ
2537 3875 2795 3946 ἐπαύριον
2811 3875 2967 3929 καλεῖ
2981 3874 3069 3927 τὸν
3084 3873 3345 3927 Φίλιππον
3360 3875 3389 3927 6
3417 3872 3676 3943 Ἀνδρέας
3690 3871 3838 3942 πρὸς

2237 3964 2416 4018 αὐτόν.
2470 3965 2548 4035 Τῇ
2584 3962 2846 4035 ἐπαύριον
2879 3965 3036 4017 καλεῖ
3074 3962 3165 4017 τὸν
3203 3963 3469 4016 Φίλιππον
3518 3964 3549 4015 6
3594 3961 3837 4031 Ἰησοῦς.

2236 4055 2467 4122 ἐξελθὼν
2501 4059 2580 4122 εἰς
2602 4056 2701 4128 τὴν
2721 4056 3030 4110 Γαλιλαίαν.
3063 4050 3232 4120 (lino;
3263 4056 3384 4124 ἄγει
3411 4054 3506 4108 τὸν
3526 4054 3844 4125 Ναθαναὴλ

2237 4144 2374 4219 πρὸς
2400 4147 2581 4201 αὐτόν.
2617 4149 2901 4220 Μαρτυρεῖ
2926 4146 3122 4218 αύτῷό
3164 4145 3394 4217 Ἰησοῦς.
3462 4146 3522 4198 '0
3555 4148 3742 4216 γάμος
3776 4148 3845 4198 ὲν

2235 4242 2393 4295 Κανᾶ
2415 4241 2650 4309 γίνεται.
2707 4236 2842 4295 Εἶτα
2867 4239 3085 4311 ἔρχεται
3111 4240 3191 4303 είς
3217 4236 3544 4310 Καπερναού
3554 4255 3614 4309 μ.
3671 4239 3851 4292 Ἀνα-

2236 4332 2410 4387 ϐαίνει
2438 4334 2519 4399 εἰς
2555 4331 2903 4405 Ἱεροσόλυμα
2925 4334 2983 4385 ἐν
3009 4331 3087 4402 τῷ
3115 4332 3335 4402 Πάσχα·
3358 4330 3616 4385 ἐκϐάλλει
3645 4331 3713 4384 ὲκ
3736 4331 3848 4386 τοῦ

2239 4425 2384 4497 ίεροῦ
2418 4426 2547 4490 τοὺς
2593 4424 2907 4485 πωλοῦντας
2938 4424 3035 4488 τὰς
3083 4423 3433 4495 περιστεράς.
3502 4422 3707 4476 Πολλοὶ
3743 4441 3854 4478 πι-

2238 4513 2518 4572 στεύουσιν
2547 4520 2627 4582 είς
2658 4517 2843 4572 αὐτόν.
2879 4511 3012 4569 Εἶτα
3056 4515 3127 4570 τά
3155 4515 3296 4569 κατά
3318 4514 3655 4586 Νικόδημον.
3693 4511 3857 4570 Εἶτα

546 4588 754 4666 .tiatum
785 4598 869 4647 est
899 4593 1003 4649 hoc
1023 4593 1239 4653 Ioanni.
1274 4599 1517 4658 Audiens
1545 4601 1708 4659 Iesus
1743 4604 1795 4659 id
1834 4616 2022 4661 notum
2056 4608 2136 4663 fa-

2244 4605 2454 4678 ἔρχεται
2485 4607 2566 4671 εἰς
2588 4605 2686 4678 τὴν
2731 4604 3012 4668 Ἰουδαίαν,
3047 4604 3142 4658 καὶ
3175 4602 3467 4667 ἐϐάπτιζον
3497 4604 3550 4655 οἱ
3582 4600 3862 4676 μαθηταὶ

561 4690 708 4734 ctum
733 4696 857 4739 esse
883 4681 1196 4755 Pharisaeis,
1219 4690 1506 4748 descendit
1523 4694 1578 4748 in
1600 4693 1877 4750 Galilaeam
1909 4713 2003 4767 per
2034 4697 2134 4753 εει-ι

560 4773 789 4828 mariam
818 4776 955 4849 (cap.
981 4780 1080 4852 tv).
1108 4780 1534 4856 Subsequuntur
1561 4802 1647 4851 ea,
1686 4803 1809 4857 qua:
1841 4803 1964 4844 cum
2013 4806 2135 4845 mu.

558 4861 694 4920 liere
723 4863 1070 4926 Samaritana
1113 4872 1257 4929 facta
1296 4884 1450 4933 sunt.
1479 4876 1726 4934 Credunt
1775 4878 2131 4936 Samaritani.

557 4952 721 5013 Venit
748 4956 910 5018 Iesus
935 4962 990 5016 in
1015 4962 1164 5019 Cana
1192 4973 1246 5021 et
1264 4967 1477 5023 accedit
1520 4968 1589 5023 ad
1629 4984 1757 5025 eum
1788 4970 2034 5041 regulus,
2068 4972 2136 5027 ﬁ-

556 5047 616 5104 lii
650 5051 844 5122 gratia.
874 5053 1037 5111 Redit
1067 5055 1464 5131 Jerosolymam
1502 5059 1641 5133 (cap.
1670 5061 1748 5133 ν).
1800 5063 1970 5119 Sanat
2007 5080 2135 5120 eum

558 5138 615 5194 in
642 5138 884 5198 Sabbato
912 5146 1003 5217 qui
1039 5149 1200 5205 annis
1222 5150 1450 5220 triginta
1489 5160 1614 5208 octo
1656 5156 1992 5227 paralyticus
2014 5157 2136 5215 l'ue-

558 5238 664 5288 rat.
698 5233 963 5301 oluerunt
985 5254 1113 5294 eum
1168 5239 1342 5296 Iudaei
1387 5242 1663 5301 occidere.
1699 5244 1845 5301 Dicit
1876 5248 1959 5305 eis
1987 5249 2137 5321 quod

559 5337 591 5378 a
626 5322 737 5382 Deo
783 5330 989 5388 missus
1031 5333 1126 5389 sit.
1172 5332 1575 5393 Transfretate
1618 5337 1838 5409 regione
1888 5340 2136 5397 Tiberia-

559 5411 644 5470 dis
668 5414 806 5488 (cap.
832 5421 908 5490 VI)
941 5440 954 5477 :
986 5430 1105 5479 erat
1134 5431 1317 5481 autem
1346 5423 1582 5483 Pascha.
1617 5428 1729 5484 Alit
1778 5430 1994 5487 turbas.
2025 5430 2134 5487 Vo-

557 5502 677 5562 lunt
704 5524 827 5564 eum
864 5526 1054 5569 creare
1082 5530 1284 5586 regem,
1314 5525 1369 5574 et
1397 5519 1607 5576 secedit
1651 5521 1707 5578 in
1745 5531 2006 5580 montem.
2040 5522 2135 5579 Di-

633 5661 650 5692 ¹
688 5660 824 5718 Luc.
858 5678 1005 5728 xm,
1041 5665 1133 5724 51.

636 5812 743 5887 (51)
778 5790 1041 5887 Ἴιῗφαγεν.
1074 5900 1083 5911 ⁸

2235 4694 2422 4751 αὑτοῦ.
2465 4695 2809 4768 Ἀπηγγέλθη
2838 4695 2917 4767 τῷ
2954 4695 3195 4767 Ἰωάννῃ.
3235 4695 3498 4758 ’Δκούσας
3523 4695 3555 4748 6
3595 4694 3861 4766 Ἰησοῦς,

2234 4788 2316 4842 ὅτι
2361 4787 2563 4860 ἔμαθον
2589 4789 2639 4841 οἱ
2682 4788 2967 4859 Φαρισαῖοι
2991 4826 3006 4851 ,
3064 4786 3266 4858 κατέϐη
3295 4786 3376 4849 είς
3404 4785 3505 4856 τὴν
3531 4783 3867 4841 Γαλιλαίαν

2233 4881 2324 4936 διά
2356 4880 2450 4952 τῆς
2482 4878 2812 4953 Σαμαρείας.
2866 4874 3002 4933 Εἶτα
3032 4877 3099 4933 τά
3128 4878 3270 4933 κατά
3307 4878 3407 4951 τήν
3461 4877 3866 4949 Σαμαρεῖτιν.

2241 4973 2595 5029 Πιστεύουσιν
2621 4975 2669 5027 οἱ
2692 4974 3047 5048 Σαμαρεῖται.
3082 4972 3336 5042 Ἔρχεται
3361 4971 3443 5033 εις
3468 4970 3634 5025 Κανᾶ
3660 4972 3694 5024 6
3734 4972 3879 5045 Ἰη-

2245 5066 2369 5132 σοῦς
2388 5107 2403 5131 ,
2447 5067 2542 5121 καὶ
2573 5068 2603 5120 6
2642 5065 2956 5138 βασιλίσκος
2987 5066 3346 5138 προσέρχεται
3383 5062 3528 5136 ὑπὲρ
3553 5063 3655 5118 τοῦ
3688 5066 3875 5125 υἱοῦ.

2247 5158 2501 5230 ’Δνῆλθεν
2531 5158 2612 5223 είς
2645 5157 3018 5230 Ἰεροσόλυμα,
3044 5156 3248 5212 καὶτὸν
3271 5157 3330 5209 ὲν
3350 5155 3416 5227 λη
3432 5162 3445 5185 '
3476 5153 3630 5210 ἔτεσι
3653 5173 3886 5232 παρα-

2235 5247 2523 5322 λελυμένον
2555 5252 2700 5305 ίᾶται
2733 5253 2790 5308 ὲν
2819 5249 3103 5321 Σαϐϐάτῳ.
3139 5246 3395 5320 Ἐζήτουν
3417 5246 3583 5302 αὑτὸν
3616 5251 3669 5303 οἱ
3705 5252 3889 5306 Ἰου-

2233 5343 2372 5396 δαῖοι
2405 5329 2739 5397 ἀποκτεῖναι.
2775 5342 2936 5412 Λέγει
2980 5342 3162 5406 αὐτοῖς
3191 5340 3274 5393 ὅτι
3308 5337 3460 5412 παρὰ
3480 5338 3623 5394 Θεοῦ
3659 5343 3898 5415 ἐπέρ.-

2237 5433 2367 5504 φθη.
2406 5434 2640 5505 ’Δπῆλθε
2662 5436 2835 5509 πέραν
2864 5436 2961 5507 τῆς
2979 5432 3293 5506 Τιϐεριάδος
3315 5448 3329 5463 ο
3352 5427 3423 5504 ἦν
3444 5430 3504 5485 δὲ
3524 5432 3591 5485 τὸ
3610 5434 3894 5507 Πάσχα.-

2235 5526 2437 5598 Τρέφει
2463 5529 2589 5593 τοὺς
2627 5527 2836 5600 δχλους.
2883 5528 3182 5601 Ἦθέλησαν
3212 5524 3376 5580 αὐτὸν
3410 5524 3641 5597 ποιῆσαι
3672 5524 3909 5597 βασις
