4066 6388
258 407 331 465 ιθι

1269 397 1603 458 SYNOPSIS
1643 395 2057 453 SCRiPTURAE
2099 391 2372 450 SACRE.

254 524 346 584 λέα,
371 518 447 574 καὶ
468 518 743 591 ἀναχωρεῖ
772 522 852 585 είς
877 522 940 575 τὸ
967 521 1111 594 ὅρος.
1176 521 1484 577 Ἔπλευσαν
1513 524 1562 576 oi
1589 521 1765 592 μαθη-

1874 518 2067 588 scipuli
2114 515 2378 585 navigant
2419 513 2788 589 Capernaum.
2819 510 2939 567 Huc
2961 518 3016 569 et
3063 510 3226 569 Jesus
3268 513 3439 577 venit,

255 615 319 668 ταὶ
340 612 403 674 εἰς
425 610 814 682 Καπερναούμ.
874 607 1076 666 Ἦλθεν
1107 615 1136 666 6
1189 612 1398 685 Ἰησοῦς
1428 614 1567 676 ἐκεῖ,
1599 608 1762 683 ἦλθον

1874 618 1918 666 et
1948 609 2124 665 turbae
2150 622 2371 677 quoque
2403 620 2469 662 eo
2496 619 2843 661 concessere.
2875 603 3032 659 Tunc
3053 603 3312 660 edisserit
3333 604 3442 661 illis

253 703 320 758 καὶ
340 702 378 754 oi
394 698 538 769 ὄχλοι.
571 700 715 754 Τότε
746 701 930 766 αὐτοῖς
955 703 1082 776 περὶ
1114 703 1220 756 τῶν
1256 703 1569 776 μυστηρίων
1594 703 1767 767 διαλέ-

253 808 381 863 γεται.
423 788 519 848 Καὶ
540 789 617 861 μὴ
648 791 979 860 ἐνέγκαντες
1001 794 1092 848 τὸν
1123 793 1300 861 λόγον,
1321 793 1567 866 ἀπῆλθον
1597 796 1677 858 εἰς
1697 794 1766 850 τὰ

1865 700 1933 755 de
1964 698 2262 770 mysteriis.
2293 696 2375 751 Illi
2407 711 2540 753 vero
2573 710 2686 750 non
2734 694 2971 750 ferentes
3019 708 3141 765 qua:
3188 693 3444 750 diceban-

1870 799 1984 857 tur,
2008 799 2160 846 retro
2191 788 2416 843 cedunt.
2449 786 2590 842 Dicit
2621 786 2907 842 duodecim
2933 783 3281 856 (apostolis):
3313 803 3333 836 ι
3358 784 3441 840 Au

249 881 392 937 ὀπίσω.
442 879 594 948 Λέγει
628 884 750 946 τοῖς
777 882 983 938 δώδεκα
1001 901 1015 916 ο
1057 903 1076 937 ι
1102 885 1192 957 Μὴ
1241 885 1336 939 καὶ
1384 888 1540 958 ὑμεῖς
1585 886 1766 940 θέλετε

1874 888 1921 935 et
1951 895 2051 937 vos
2100 880 2270 935 vultis
2337 879 2567 935 abire‘i
2599 897 2619 931 ι
2649 877 2804 939 Tunc
2852 876 3048 933 Petrus
3101 876 3395 947 respondet
3424 892 3437 928 :

251 972 487 1038 ὑπάγεινςι
537 970 681 1025 Τότε
709 971 862 1041 λέγει
888 974 1115 1047 Πέτρος·
1153 994 1173 1027 ι
1196 976 1445 1047 Ῥήματα
1470 976 1616 1047 ζωῆς
1639 978 1770 1031 αἰω-

247 1061 330 1116 νίου
351 1060 500 1131 ἔχεις,
533 1061 681 1133 πρὸς
708 1063 836 1117 τίνα
864 1064 1301 1137 άπελευσόμεθα;
1329 1086 1349 1119 ι
1389 1066 1769 1139 Σκηνοπηγίας

248 1150 387 1223 οὔσης,
412 1151 807 1223 προτρέπονται
833 1154 994 1219 αὑτὸν
1021 1159 1073 1218 οἱ
1092 1157 1307 1227 ἀδελφοὶ
1335 1158 1578 1212 ἀνελθεῖν
1607 1160 1666 1212 ἐν
1692 1157 1774 1230 τῷ

246 1242 357 1316 ἱερῷ,
413 1243 463 1296 ’0
489 1242 545 1296 δὲ
602 1242 838 1317 ὕστερον
883 1247 1110 1315 ἀνῆλθε,
1144 1250 1237 1304 καὶ
1269 1250 1496 1322 ἐζήτουν
1525 1251 1698 1309 αὐτὸν.
1721 1252 1770 1304 οί

253 1334 456 1399 Ἰουδαῖοι,
477 1336 568 1388 καὶ
590 1338 959 1407 ἠγανάκτουν,
987 1342 1068 1394 ὅτι
1098 1342 1156 1395 ἐν
1176 1341 1443 1413 Σαϐϐάτῳ
1462 1342 1664 1411 τυφλὸν
1693 1342 1775 1397 ῑά-

243 1442 352 1480 um.
401 1426 714 1494 Διαλέγεται
752 1430 884 1496 περὶ
913 1420 1007 1483 τοῦ
1034 1430 1391 1503 Παρακλήτου
1414 1447 1430 1462 ο
1459 1432 1553 1486 καὶ
1583 1431 1635 1484 οί
1672 1431 1771 1502 μὲν

239 1517 535 1583 ἐπίστευσαν,
571 1519 625 1571 οἱ
654 1518 715 1571 δὲ
751 1519 1036 1588 ἠπίστουν.
1085 1520 1468 1589 Ἐγκαλοῦνται
1501 1521 1770 1592 ὑπηρέται

242 1608 317 1661 ὑπὸ
337 1606 427 1662 τῶν
446 1609 778 1681 ἀρχιερέων,
810 1611 892 1669 ὅτι
918 1611 1017 1665 οὐκ
1042 1611 1269 1672 ἐπίασαν
1300 1612 1485 1666 αὐτόν.
1519 1612 1773 1681 Διαλέγε-

240 1704 304 1753 ται
327 1700 482 1766 αὐτοῖς
516 1703 547 1754 6
579 1702 899 1774 Νικόδημος
920 1743 935 1767 ,
969 1705 1060 1758 καὶ
1108 1704 1547 1774 ἐπιστομίζουσιν
1582 1705 1767 1760 αὐτόν.

1872 988 1891 1024 ι
1927 970 2107 1028 Verba
2136 972 2264 1027 vitae
2289 976 2508 1027 aeternae
2538 969 2729 1036 habes,
2755 969 2823 1025 ad
2851 985 3013 1040 quem
3047 967 3321 1026 abibimus
3338 968 3392 1021 ’i
3414 987 3434 1021 ι

1868 1061 2007 1116 Cum
2027 1070 2175 1119 esset
2206 1060 2405 1117 festum
2432 1059 2962 1126 Tabernaculorum,
2988 1059 3279 1120 hortantur
3313 1071 3441 1112 eum

1871 1150 2096 1215 lratres,
2132 1160 2192 1207 ut
2242 1151 2507 1207 ascendat
2556 1151 2612 1208 in
2664 1151 2927 1222 templum
2975 1151 3114 1223 (cap.
3156 1151 3279 1222 vn).
3321 1148 3442 1220 ipse

1868 1257 2001 1299 vero
2022 1244 2246 1300 tandem
2280 1245 2550 1308 ascendit,
2586 1254 2640 1300 et
2667 1253 2916 1315 quaerunt
2962 1260 3088 1301 eum
3134 1244 3327 1307 Judei,
3361 1250 3444 1297 at-

1869 1350 1977 1405 que
2012 1335 2367 1409 indignantur
2411 1337 2558 1406 quod
2602 1337 2660 1391 in
2705 1334 2947 1392 Sabbato
2976 1351 3181 1393 cazcum
3214 1350 3443 1393 curave-

1868 1436 1975 1484 rat.
2017 1429 2248 1484 Disscrit
2281 1429 2348 1484 de
2378 1428 2684 1494 Paracleto,
2720 1442 2776 1485 et
2796 1430 2889 1484 alii
2925 1428 3179 1493 credunt,
3205 1428 3298 1483 alii
3326 1444 3439 1482 non

1869 1521 2123 1579 credunt.
2190 1520 2690 1591 Reprehenduntur
2734 1522 2974 1577 ministri
3020 1537 3052 1576 a
3101 1519 3446 1592 principibus

1870 1615 2240 1680 sacerdotum,
2296 1615 2446 1685 quod
2499 1630 2610 1670 non
2662 1616 2938 1687 cepissent
2987 1631 3132 1673 eum.
3198 1614 3449 1684 Disputat

1870 1724 1993 1765 cum
2025 1708 2107 1764 eis
2146 1707 2480 1763 Nicodemus
2520 1727 2533 1762 :
2568 1708 2646 1762 illi
2698 1723 2829 1763 vero
2882 1723 2946 1764 os
3003 1708 3109 1779 ipsi
3162 1708 3446 1763 obturant.

238 1790 365 1847 Πάλιν
400 1793 425 1845 ὀ
460 1791 672 1863 Ἰησοῦς
725 1792 1036 1863 διαλέγεται
1086 1794 1296 1858 αὐτοῖς·
1335 1795 1428 1847 καὶ
1471 1795 1770 1865 ἐπειρῶντο

1874 1799 2031 1857 Iesus
2064 1816 2281 1855 rursum
2313 1800 2558 1870 disputat
2588 1814 2715 1854 cum
2744 1799 2825 1855 eis
2861 1818 2874 1853 :
2904 1798 3009 1869 ipsi
3039 1806 3234 1855 contra
3279 1798 3449 1854 verba

237 1882 502 1952 ἀνατρέπειν
533 1884 712 1937 αὐτοῦ
737 1885 807 1938 τά
839 1887 1076 1957 ῥήματα.
1139 1885 1401 1939 Ἐνταῦθα
1427 1885 1493 1939 τὰ
1515 1887 1643 1958 περὶ
1669 1886 1769 1957 τῆς

1874 1894 1990 1963 ejus
2014 1893 2301 1949 confutare
2326 1868 2623 1947 conantur.
2660 1868 2965 1959 Subjicitur
2985 1891 3054 1947 de
3091 1891 3323 1947 muliere
3349 1906 3448 1948 suo

238 1972 655 2045 κατηγορηθείσης
696 1975 794 2029 ἐπὶ
848 1977 1079 2048 μοιχείᾳ.
1139 1976 1306 2030 Πάλιν
1350 1976 1495 2045 λέγει
1546 1978 1794 2042 αὐτοῖς·’

239 2062 368 2131 ιΕγὼ
392 2064 578 2133 ὑπάγω
604 2106 622 2129 ,
678 2067 821 2121 ὅπου
855 2069 1014 2137 ἡμεῖς
1052 2067 1113 2120 ού
1146 2067 1373 2122 δύνασθε
1399 2068 1593 2124 ἐλθεῖν.
1622 2087 1643 2121 ι
1706 2070 1770 2123 Ol

235 2153 505 2226 δὲὲνόμιζον
528 2196 543 2220 ,
583 2158 673 2211 ὅτι
706 2159 925 2229 ἀναιρεῖ
955 2158 1164 2211 ἑαυτὸν.
1230 2156 1365 2212 Εἶτα
1398 2159 1650 2230 προλέγει
1678 2160 1769 2213 τὸν

230 2245 384 2311 τρόπον
402 2245 489 2299 τοῦ
519 2247 767 2303 θανάτου
798 2248 985 2313 αὑτοῦ,
1012 2250 1105 2303 καὶ
1129 2249 1454 2304 ἐπίστευσαν
1482 2250 1666 2303 πολλοὶ
1688 2253 1769 2314 εἰς

231 2335 369 2390 αὐτόν.
401 2337 524 2391 Τότε
546 2338 705 2409 λέγει
731 2341 917 2407 αὐτοῖς
935 2358 948 2371 '
982 2361 999 2392 ι
1037 2342 1159 2395 Ἐὰν
1194 2342 1417 2414 μείνητε
1442 2343 1500 2395 ἐν
1525 2342 1602 2413 τῷ
1627 2342 1770 2410 λόγῳ

230 2429 372 2498 pomi)
399 2429 627 2501 ἀλήθεια
658 2432 1018 2504 ἐλευθερώσει
1040 2434 1234 2504 diﬁc,»
1261 2435 1356 2490 καὶ
1386 2435 1551 2507 ἕτερα
1579 2434 1767 2490 πολλά.

229 2516 440 2584 Λέγουσιν
462 2521 616 2593 αύτῷ
642 2526 691 2576 οἱ
728 2524 1007 2578 Ἰουδαῖοι*
1035 2544 1053 2576 t
1083 2528 1428 2598 Σαμαρείτης
1448 2524 1517 2595 εἷ,
1544 2531 1639 2583 καὶ
1658 2527 1772 2582 δαι-

228 2607 368 2674 μόνιον
392 2610 547 2681 ἔχεις.
580 2632 603 2664 ι
657 2613 832 2667 Πάλιν
864 2616 893 2667 6
944 2615 1148 2685 Ἰησοῦς
1182 2618 1346 2673 πολλά
1377 2620 1561 2682 αὐτοῖς
1592 2618 1770 2672 διαλέ-

226 2714 361 2764 “(mh
381 2702 432 2754 έν
451 2697 528 2768 οἷς
550 2704 816 2776 ἐπήγαγε
832 2721 846 2734 ⁸
876 2724 895 2755 ι
920 2707 1054 2775 Πρὶν
1085 2706 1336 2780 Ἀϐραὰμ
1355 2708 1628 2778 γενέσθαι,
1660 2707 1771 2777 ἐγώ

224 2784 326 2854 εἰμι.
356 2805 376 2839 ι
412 2788 540 2844 Τότε
576 2790 865 2863 ἠθέλησαν
905 2792 1120 2848 λιθάσαι
1152 2796 1345 2860 αὐτόν’
1395 2799 1425 2851 6
1451 2797 1508 2852 δέ
1541 2796 1772 2864 ἐξελθὼν

224 2878 293 2932 ἀπ’
311 2884 491 2951 αὐτῶν,
519 2886 875 2959 ἐθεράπευσε
906 2888 999 2942 τὸν
1023 2890 1218 2960 τυφλὸν
1242 2891 1418 2963 πηλῷ.
1447 2888 1581 2946 Εἶτα
1598 2892 1772 2945 διαλέ-

222 2987 338 3038 γεται
365 2978 482 3049 περὶ
516 2978 636 3032 τῶν
670 2977 962 3050 προϐάτων
991 2982 1084 3035 καὶ
1111 2982 1206 3047 τοῦ
1235 2984 1526 3054 ποιμένος,
1557 2984 1651 3038 τοῦ
1683 2986 1771 3040 διὰ

221 3064 294 3134 τῆς
315 3066 468 3140 θύρας
502 3072 905 3142 εἰσερχομένου
952 3075 1032 3137 εἰς
1057 3073 1156 3145 τὴν
1190 3076 1389 3148 αὐλήν·
1442 3077 1536 3129 καὶ
1568 3077 1771 3149 σχίσμα

219 3154 391 3222 ἐγένετο
416 3161 474 3214 ἐν
490 3165 615 3226 τοῖς
633 3162 933 3228 Ἰουδαίοις,
960 3165 1084 3230 Τοῖς
1099 3167 1423 3236 Ἐγχαινίοις
1449 3169 1769 3242 περιεπάτει

217 3246 240 3297 ὁ
266 3248 443 3317 Ἰησοῦς
471 3255 529 3307 ἐν
554 3254 634 3326 τῇ
671 3256 807 3326 στοᾷ
832 3255 1191 3328 Σολομῶντος.
1270 3260 1577 3333 Ἐρωτῶσιν
1610 3262 1771 3316 αὑτὸν

217 3336 254 3388 ai
285 3337 498 3397 Ἰουδαῖοι
522 3385 537 3409 ,
575 3346 634 3398 εί
665 3346 831 3410 αὐτὸς
861 3346 947 3417 εἴη
994 3348 1023 3400 6
1054 3348 1308 3420 Χριστός.
1382 3351 1471 3415 Ὠς
1501 3351 1560 3407 δέ
1595 3346 1771 3417 εἶπεν,

216 3425 475 3487 ἐϐάστασαν
502 3435 703 3500 λίθους
737 3436 922 3507 βαλεῖν
947 3439 1036 3492 ἐπ’
1055 3439 1237 3497 αὐτόν.
1276 3441 1366 3507 Ὠς
1388 3442 1444 3497 δέ
1468 3442 1655 3515 ἠρώτα
1676 3445 1776 3505 αὑ-

216 3519 312 3584 τοὺς
336 3522 425 3595 τὴν
440 3528 659 3593 αίτίαν,
687 3524 856 3601 ἦλθον
881 3531 1071 3585 πιάσαι
1092 3532 1273 3597 αὐτὸν,
1295 3536 1388 3589 καὶ⁵
1408 3536 1507 3589 οὐκ
1528 3535 1771 3607 ἴσχυσαν.

223 3612 482 3683 Ἀπῆλθεν,
520 3620 672 3674 ὅπου
707 3620 1003 3687 ἐϐάπτιζεν
1034 3625 1305 3698 Ἰωάννης.
1369 3629 1686 3699 Πέμπουσιν
1713 3631 1777 3683 ἐκ

216 3699 441 3773 Βηθανίας
467 3713 693 3784 αἱπερὶ
714 3712 947 3784 Μάρθαν
962 3716 1101 3787 ὑπὲρ
1121 3718 1212 3770 τοῦ
1230 3718 1501 3792 Λαζάρου.
1528 3720 1638 3775 Καὶ
1654 3719 1745 3791 βου
1760 3752 1775 3762 -

212 3791 395 3883 ξάμενος
415 3804 495 3867 εἰς
511 3804 623 3877 τὴν
658 3804 922 3859 Ἰουδαίαν
954 3806 1126 3861 ἐλθεῖν
1143 3849 1158 3872 ,
1188 3809 1419 3864 ἐκώλυον
1441 3812 1491 3865 οί
1518 3811 1773 3883 μαθηταί.

215 3878 377 3942 Ἦλθεν
405 3896 484 3958 είς
510 3895 802 3967 Βηθανίαν
823 3914 837 3927 ·
884 3897 1146 3971 ἀνέστησε
1175 3902 1263 3955 τὸν
1292 3878 1564 3976 Λάζαρον.
1611 3878 1778 3958 Πάλιν

212 3977 516 4041 ἐϐουλεύοντο
560 3990 618 4042 οἱ
674 3988 921 4043 Ἰουδαῖοι
967 3991 1174 4045 ἀνελεῖν
1207 3994 1297 4048 τὸν
1343 3994 1570 4066 Ἰησοῦν.
1644 3990 1776 4049 Εἶτα

214 4068 427 4143 Καϊάφας
448 4078 827 4151 προφητεύει.
845 4081 1141 4157 Ἀναχωρεῖ
1156 4087 1185 4138 6
1208 4086 1415 4157 Ἰησοῦς
1432 4088 1511 4150 είς
1531 4087 1630 4158 τὴν
1651 4085 1776 4159 ἕρη-

213 4178 287 4227 ὶιθν
312 4167 572 4242 Ἐφρατμ.
602 4168 749 4225 Εἶτα
768 4173 821 4224 οἱ
861 4173 1102 4227 Ἰουδαῖοι
1124 4174 1459 4246 ἀμφέϐαλον,
1483 4179 1530 4229 εί
1556 4177 1775 4247 ἔρχεται

212 4255 271 4316 εἷς
294 4260 381 4330 τὴν
403 4264 631 4337 ἑορτήν.
670 4266 784 4318 Καὶ
813 4266 921 4336 πρὸ
942 4265 1000 4333 ἐξ
1031 4269 1252 4339 ἡμερῶν
1279 4269 1373 4323 τοῦ
1397 4270 1592 4340 Πάσχα
1614 4266 1776 4342 ἦλθεν

208 4348 268 4410 εἰς
278 4349 559 4422 Βηθανίαν.
588 4357 736 4411 Τότε
756 4356 1075 4412 δειπνοῦντα
1095 4360 1258 4415 αὑτὸν
1277 4361 1494 4432 ἤλειψεν
1517 4364 1550 4434 ἡ
1568 4363 1772 4435 Μαρία,

212 4440 283 4524 καὶ
298 4442 599 4510 ἀγανακτεῖ
624 4448 859 4513 Ἰούδας.
914 4449 1285 4520 Ἐπιστομίζει
1309 4450 1469 4505 αὐτὸν
1487 4455 1515 4506 6
1542 4452 1771 4524 Ἰησοῦς.

1871 2001 1966 2055 per
1999 1985 2274 2040 adulterio
2339 1990 2599 2040 accusata
2657 1982 2797 2053 (cap.
2822 1982 2968 2052 vm).
3017 1984 3219 2039 lterum
3258 1986 3325 2038 ad
3354 1998 3450 2039 eos

1869 2077 2137 2147 loquitur,
2173 2077 2403 2131 dicens:
2437 2093 2455 2127 ι
2508 2074 2623 2144 Ego
2652 2073 2816 2137 vado,
2851 2088 2961 2142 quo
2989 2089 3089 2129 vos
3139 2089 3248 2129 non
3296 2082 3453 2146 pote-

1870 2170 1973 2225 stis
2003 2169 2188 2225 venire
2210 2167 2252 2221 ‘.
2285 2186 2305 2219 ι
2345 2165 2452 2236 1ρεί
2495 2180 2625 2220 vero
2678 2165 2968 2234 putabant,
3016 2164 3165 2234 quod
3210 2165 3450 2233 seipsum

1868 2261 2030 2315 vellet
2096 2257 2427 2315 interﬁcere.
2507 2254 2712 2313 Deinde
2786 2254 3010 2309 modum
3076 2254 3273 2309 mortis
3331 2270 3446 2309 sua:

1870 2352 2138 2422 praedicit,
2174 2358 2229 2405 et
2257 2350 2415 2404 multi
2447 2349 2500 2403 in
2519 2364 2643 2402 eum
2674 2346 2927 2409 credunt.
2962 2344 3117 2399 Tunc
3141 2344 3280 2400 dicit
3303 2346 3445 2401 illis:

1874 2463 1892 2494 ι
1930 2444 1987 2497 Si
2027 2442 2340 2498 manseritis
2376 2441 2430 2495 in
2461 2453 2715 2495 sermone
2747 2453 2891 2503 meo,
2941 2437 3148 2492 veritas
3194 2436 3450 2492 liberabit

1866 2536 2025 2597 vos',
2063 2554 2081 2587 ι
2118 2546 2173 2589 et
2198 2535 2303 2588 alia
2327 2533 2517 2588 multa.
2552 2530 2751 2585 Dicunt
2786 2528 2854 2584 ad
2901 2543 3026 2587 eum
3056 2527 3229 2583 Judaei
3260 2546 3316 2583 τι
3348 2528 3450 2583 Sa-

1869 2627 2170 2681 maritanus
2239 2640 2321 2687 es,
2376 2634 2430 2680 et
2469 2621 2797 2677 daemonium
2847 2620 3015 2676 habes
3048 2620 3087 2673 '.
3131 2639 3151 2672 ι
3189 2617 3447 2674 Vicissim

1870 2717 2031 2774 Jesus
2057 2717 2231 2773 multa
2247 2715 2314 2771 ad
2345 2731 2440 2771 cos
2463 2715 2741 2775 edisserit,
2765 2712 2907 2771 inter
2933 2726 3054 2782 qua:
3074 2711 3252 2768 ethoc
3273 2709 3443 2765 dicit:

1878 2828 1909 2867 ι,
1933 2808 2240 2878 Antequam
2297 2806 2572 2869 Abraham
2639 2806 2812 2868 lieret,
2865 2818 2968 2874 ego
3027 2804 3208 2859 sum'.
3240 2821 3260 2855 ›
3292 2801 3450 2857 Tunc

1872 2916 1996 2956 cum
2049 2899 2294 2971 lapidare
2348 2897 2604 2953 volebant
2642 2912 2656 2948 :
2689 2895 2807 2966 ipse
2837 2909 2966 2950 vero
3017 2893 3331 2964 disgressus
3378 2892 3447 2946 ab

1872 2991 2003 3054 illis,
2035 2991 2253 3047 curavit
2285 3005 2492 3045 crucum
2525 2989 2643 3043 luto
2676 2989 2814 3057 (cap.
2846 2986 2946 3059 rx).
2984 2986 3179 3042 Postea
3234 2986 3448 3041 edisse-

1872 3080 1945 3135 rit
1973 3082 2040 3136 de
2070 3081 2266 3136 ovibus
2298 3088 2352 3135 et
2383 3087 2605 3151 pastore
2632 3093 2730 3151 per
2745 3079 2971 3149 januam
3004 3078 3061 3133 in
3089 3078 3232 3135 ovile
3262 3078 3446 3149 ingre-

1873 3170 2056 3228 diente
2090 3173 2229 3244 (cap.
2269 3172 2322 3243 x)
2356 3190 2370 3227 :
2405 3181 2460 3227 et
2509 3172 2751 3229 schisma
2799 3172 2977 3229 oritur
3024 3172 3166 3227 inter
3204 3170 3441 3228 Judaeos.

1877 3261 1938 3318 ln
1964 3262 2104 3320 festo
2137 3262 2507 3320 Dedicationis
2570 3261 3067 3320 ambulabatJesus
3125 3263 3181 3317 in
3229 3262 3444 3333 porticu

1880 3354 2208 3412 Salomonis.
2253 3356 2598 3427 lnterrogant
2645 3371 2770 3412 eum
2830 3353 3025 3419 Judaei,
3078 3369 3145 3408 an
3203 3354 3321 3424 ipse
3370 3354 3453 3411 sit

1876 3446 2147 3503 Christus.
2182 3445 2287 3502 Ubi
2318 3463 2449 3503 vero
2497 3447 2642 3502 hunc
2692 3461 2753 3501 se
2782 3461 2906 3502 esse
2936 3446 3104 3510 dicit.
3140 3446 3335 3500 tollunt
3364 3445 3444 3499 la-

1876 3534 2050 3606 pides,
2079 3542 2141 3593 ut
2166 3536 2373 3606 iaciant
2398 3535 2455 3592 in
2488 3551 2611 3591 eum
2632 3553 2651 3604 ί
2676 3542 2737 3589 ut
2762 3542 2943 3590 autem
2989 3542 3144 3606 rogat
3172 3534 3336 3605 hujus
3364 3535 3445 3589 fa-

1877 3627 2086 3682 cinoris
2133 3642 2379 3692 causam,
2411 3628 2638 3683 veniunt
2690 3626 2759 3681 ad
2792 3626 3121 3697 capiendum
3162 3641 3309 3689 eum,
3346 3627 3453 3691 sed

1878 3733 1984 3771 non
2019 3725 2333 3786 potuerunt.
2367 3718 2493 3772 Abit
2518 3719 2572 3772 in
2613 3733 2738 3774 eum
2770 3716 2973 3778 locum,
3007 3716 3098 3769 ubi
3132 3715 3445 3786 baptizare-

1879 3818 1962 3866 rat
1986 3809 2249 3865 Joannes.
2281 3809 2500 3869 Mittunt
2539 3810 2606 3864 ad
2638 3825 2762 3865 eum
2820 3824 2884 3865 ex
2941 3806 3205 3863 Bethania
3230 3806 3443 3863 Martha

1877 3912 1930 3960 et
1969 3918 2127 3959 soror
2154 3904 2275 3972 ejus
2320 3911 2542 3973 prapter
2563 3901 2830 3957 Lazarum
2857 3905 2993 3971 (cap.
3026 3912 3129 3967 ιιι).
3159 3900 3445 3961 Valentem

1877 3996 1958 4049 ire
2002 3994 2061 4049 in
2097 3992 2337 4049 Iudaeam
2386 3991 2674 4062 prohibent
2720 3991 2998 4061 discipuli.
3034 3990 3196 4047 Venit
3244 3990 3445 4049 Betha-

1877 4087 2023 4141 niam
2054 4100 2068 4137 :
2100 4085 2301 4139 excitat
2334 4083 2625 4137 Lazarum.
2674 4080 2875 4135 lterum
2897 4083 2964 4137 de
2997 4082 3295 4137 occidendo
3315 4079 3447 4139 Jesu

1878 4178 2195 4234 consultant
2243 4173 2436 4231 Judaei.
2473 4172 2612 4231 Tum
2657 4173 2894 4243 Caiplias
2936 4176 3246 4243 prophetat.
3281 4171 3447 4228 Sece-

1876 4271 1958 4325 dit
1977 4269 2139 4326 Jesus
2170 4270 2224 4324 in
2282 4267 2633 4325 solitudinem
2691 4265 2970 4336 Ephraim.
3020 4265 3220 4321 Deinde
3272 4264 3445 4325 Judaei

1878 4365 2022 4419 inter
2071 4377 2131 4418 se
2184 4360 2513 4431 disceptant,
2569 4374 2700 4413 num
2748 4364 3014 4413 venturus
3082 4356 3155 4411 sit
3201 4356 3268 4410 ad
3301 4356 3445 4411 diem

1877 4450 2096 4506 festum.
2148 4448 2288 4505 Ante
2356 4462 2452 4503 sex
2494 4446 2613 4502 dies
2661 4445 2882 4501 Pascbae
2929 4445 3076 4500 venit
3127 4443 3447 4499 Bethaniam

206 4523 529 4622 ΪΗλθιοτπρὺς
557 4541 734 4597 αὐτὸν
756 4542 876 4595 ἐκεῖ
904 4541 951 4594 oi
987 4542 1246 4598 Ἰουδαῖοι.
1263 4523 1612 4616 ’Υπήντησαν
1630 4544 1772 4615 αὐτῷ

1883 4543 2019 4611 (cap.
2050 4538 2172 4608 ιιι).
2208 4537 2306 4594 Hic
2332 4545 2640 4594 cmnantem
2673 4537 2830 4592 unxit
2877 4535 3044 4590 Maria
3082 4551 3096 4586 :
3129 4548 3291 4605 quam
3333 4549 3446 4591 rem

208 4618 324 4689 θκλθι
370 4633 511 4699 μετά
566 4632 747 4702 βάτων
798 4631 1078 4704 ἐρχομένῳ
1121 4635 1200 4697 είς
1242 4634 1621 4706 Ἰεροσόλυμα,
1679 4636 1775 4689 καὶ

204 4711 447 4792 ὀχουμένῳ
469 4725 557 4788 εἰς
586 4724 837 4795 ὀνάριον.
867 4723 1000 4777 Τότε
1020 4723 1269 4795 ζητοῦσιν
1292 4729 1340 4780 οί
1363 4725 1622 4798 Ἕλληνες
1648 4725 1773 4780 ἰδεῖν

207 4806 353 4861 αὐτόν.
371 4814 508 4867 Τότε
529 4815 695 4884 λέγει
716 4813 818 4886 τὴν
838 4814 1151 4888 παραδολὴν
1178 4817 1271 4871 τοῦ
1291 4816 1488 4871 κόκκου
1506 4816 1599 4870 τοῦ
1621 4817 1767 4870 σίτου

205 4897 276 4949 καὶ
296 4902 416 4974 περὶ
444 4904 567 4958 τῶν
594 4904 773 4975 φοδου
782 4904 960 4975 μένων
985 4905 1078 4960 τὸν
1101 4907 1349 4962 θάνατον.
1376 4904 1510 4963 Εἶτα
1540 4909 1735 4976 ἐπάγει
1755 4927 1769 4940 ο

208 5001 221 5027 ο
240 4987 419 5062 Πάτερ,
451 4992 698 5058 δόξασόν
725 5012 821 5047 σου
848 4995 940 5048 τὸν
962 4995 1142 5049 Υίόνσι
1170 4999 1264 5051 καὶ
1291 5000 1441 5071 φωνὴ
1466 5000 1681 5068 ἐγένετο
1710 5000 1776 5053 ἐκ

202 5076 273 5131 τοῦ
304 5084 572 5155 ούρανοῦ.
623 5086 913 5157 Ἐνόμισεν
934 5088 964 5141 ὁ
989 5088 1145 5158 ὄχλος
1176 5089 1401 5162 βροντὴν
1426 5089 1772 5160 γεγενῆσθαι.

203 5163 309 5223 Εἶτα
335 5178 607 5248 προλέγει
643 5179 833 5242 αὐτοῖς
865 5178 955 5232 τὸν
994 5180 1194 5250 τρόπον
1241 5181 1338 5236 τοῦ
1371 5182 1601 5237 θανάτου
1622 5222 1637 5245 ,
1683 5181 1773 5234 καὶ

156 5320 185 5356 '
201 5267 469 5336 ῖροτρέπει
498 5270 656 5343 πρὸς
677 5270 744 5324 τὺ
767 5271 1056 5325 πιστεῦσαι
1073 5288 1087 5303 ’
1112 5273 1165 5326 ot
1180 5272 1237 5326 δὲ
1258 5272 1536 5343 ἠπείθουν,
1570 5290 1589 5323 ι
1614 5274 1700 5326 ἵνα
1716 5312 1729 5336 ,
1752 5291 1770 5323 ι

202 5356 373 5422 φησιν,
451 5380 474 5413 ι
508 5365 541 5416 6
579 5362 749 5431 λόγος
790 5361 1013 5416 Ἦσσείου
1047 5364 1332 5437 πληρωθῇ.
1356 5384 1375 5416 ι
1412 5366 1609 5419 Νίπτει
1649 5364 1778 5427 τοὺς

201 5441 423 5516 μαθητάς
444 5466 461 5479 ο
498 5450 730 5522 ἐλέγχει
762 5449 857 5504 τὸν
899 5451 1099 5505 Ἰούδαν
1116 5465 1132 5481 ⁸
1168 5454 1261 5506 καὶ
1290 5453 1467 5507 λαὸὼν
1494 5456 1699 5516 ἐκεῖνος
1718 5453 1777 5505 τὸ

200 5530 384 5603 {nitntur
406 5540 657 5612 ἐξῆλθεν
684 5542 746 5596 ἐν
779 5542 957 5597 νυκτί.
986 5540 1120 5599 Εἶτα
1136 5544 1441 5615 διαλέγεται
1461 5549 1574 5610 τοῖς
1602 5546 1777 5616 μαθη-

198 5630 296 5692 ταῖς
335 5633 364 5685 6
431 5632 684 5698 Ἰησοῦς.
756 5633 1085 5689 Ἕντέλλεται
1133 5636 1314 5700 αὐτοῖς
1370 5637 1500 5707 περὶ
1535 5635 1772 5706 ἀγάπης.

1878 4633 2102 4703 indigne
2130 4630 2237 4686 fert
2286 4628 2478 4685 Judas.
2509 4628 2667 4684 Hunc
2717 4627 3015 4697 compescit
3052 4625 3231 4681 Jesus.
3267 4624 3448 4680 lstbuc

1879 4726 2106 4780 veniunt
2153 4721 2325 4781 Judaei
2357 4722 2423 4777 ad
2456 4738 2602 4777 cum.
2655 4719 2967 4776 Occurrunt
3003 4719 3079 4772 illi
3124 4718 3294 4775 turbat
3323 4731 3447 4771 cum

1884 4814 2054 4868 ramis
2083 4813 2412 4884 palmarum,
2436 4825 2561 4864 cum
2588 4817 2798 4879 peteret
2821 4807 3182 4878 Jerosolyma,
3211 4813 3265 4862 et
3300 4804 3448 4859 sede-

1878 4916 1963 4963 ret
1993 4922 2158 4976 super
2192 4907 2382 4961 asello.
2420 4903 2573 4960 Tunc
2605 4911 2794 4975 petunt
2852 4901 3023 4956 δι’ωυί
3083 4899 3267 4954 videre
3298 4912 3444 4952 eum.

1879 4995 2201 5057 Parabolam
2239 4993 2372 5049 dicit
2405 4993 2471 5049 de
2492 5008 2662 5064 grano
2691 4990 2970 5054 frumenti,
3007 4998 3060 5044 et
3087 4988 3153 5043 de
3188 4985 3318 5049 illis,
3354 4985 3447 5053 qui

1887 5095 2117 5142 mortem
2166 5093 2440 5141 metuunt.
2501 5083 2739 5139 Subdit:
2781 5101 2800 5135 ι
2832 5080 3015 5143 Pater,
3067 5076 3310 5151 gloriﬁca
3360 5072 3449 5128 Fi-

1893 5179 2023 5234 .ium
2078 5184 2232 5233 tuum
2255 5178 2298 5243 ⁸,
2337 5197 2356 5231 ι
2388 5185 2442 5232 et
2489 5193 2596 5231 vox
2642 5176 2784 5231 facta
2813 5170 3007 5228 estde‘
3047 5169 3208 5226 caelo.
3262 5166 3447 5221 Turba

1880 5278 2035 5340 putat
2093 5270 2304 5324 tonitru
2355 5268 2688 5334 insonuisse.
2745 5264 2823 5321 De
2884 5261 3047 5319 modo
3094 5258 3290 5315 monis
3337 5272 3452 5312 Sine

1881 5359 2128 5433 pmdicit
2196 5361 2340 5427 illis,
2401 5369 2456 5415 et
2510 5361 2761 5414 hortatur
2823 5354 2889 5411 ad
2945 5351 3329 5408 credendum:
3372 5349 3451 5403 illi

1879 5469 2010 5508 vero
2046 5468 2155 5507 non
2208 5453 2460 5518 credunt,
2499 5471 2517 5503 ι
2559 5458 2619 5505 ιιι
2663 5464 2868 5513 sermo,
2901 5468 2919 5500 ι
2987 5445 3183 5515 inquit,
3232 5461 3251 5495 ι
3298 5440 3452 5495 Isaiae

1882 5544 2199 5614 impleretur
2220 5543 2261 5597 ’.
2296 5561 2315 5595 ι
2343 5541 2514 5599 Lavat
2563 5540 2863 5609 discipulos
2893 5540 3032 5610 (cap.
3058 5535 3179 5606 xm)
3226 5552 3240 5589 :
3274 5532 3452 5602 arguit

1882 5633 2076 5691 ludam
2131 5650 2145 5685 :
2198 5633 2310 5695 ille,
2358 5637 2584 5700 accepta
2617 5628 2882 5692 buccella,
2929 5634 3094 5681 noctu
3149 5621 3447 5695 egreditur.

254 5745 466 5817 fJoan.
505 5765 590 5811 vi,
629 5748 717 5805 68.
798 5750 821 5781 ³
858 5748 990 5806 ibid.
1026 5750 1112 5809 69.
1211 5753 1233 5788 *
1271 5751 1426 5809 Joan.
1462 5769 1588 5817 rm,
1622 5751 1712 5805 ει.
1788 5752 1808 5783 ⁸
1846 5752 1976 5809 ibid.
2030 5753 2114 5812 32.
2195 5754 2214 5785 ⁸
2242 5748 2368 5807 ibid.
2403 5750 2470 5805 48
2566 5751 2585 5780 ⁷
2625 5745 2755 5801 ibid.
2794 5746 2880 5800 58.
2959 5745 2980 5777 ⁸
3017 5744 3173 5799 Joan.
3218 5757 3359 5804 xvu,
3396 5740 3449 5803 1,.

201 5810 217 5840 ⁸
243 5811 388 5872 Joan.
430 5835 510 5879 xu
532 5860 547 5885 ,
576 5810 687 5875 ’38.
