4066 6388
541 369 652 425 603

1717 369 1775 424 ὃ.
1810 363 2282 422 ATHANASIUS.
2307 395 2381 408 —
2400 364 2628 425 DUBIA.

3653 373 3746 433 ιοι

541 484 752 548 Exinde
789 486 1093 558 discipulos
1135 483 1297 540 Iesus
1341 483 1660 552 alloquitur.
1710 481 1967 554 Praecipit
2004 482 2115 536 illis

2218 479 2479 552 Προλέγει
2503 480 2580 552 τῷ
2603 479 2796 552 Πέτρῳ
2819 496 2918 550 την
2938 479 3183 550 άρνησιν.
3208 481 3466 544 Φίλιππος
3491 483 3620 550 ἀξιοῖ
3639 486 3752 542 ἰδεῖν

540 576 914 632 dilectionem.
960 576 1122 632 Petro
1154 575 1392 630 futuram
1440 577 1788 646 negationem
1841 573 2109 644 pnedicit.

538 669 828 742 Philippus
857 670 989 741 petit
1018 668 1203 723 videre
1239 666 1456 722 Patrem
1508 667 1648 737 (cap.
1681 667 1820 736 xw).
1857 666 2115 723 Prasdicit

540 762 624 818 eis
679 763 748 818 de
785 762 1070 816 Paracleto
1103 779 1118 814 :
1152 761 1221 816 de
1254 760 1442 814 multis
1495 759 1654 832 153
1697 760 1821 814 aliis
1871 759 2117 829 loquitur

541 857 684 923 (cap.
723 853 838 925 xv),
855 861 910 908 et
935 850 1416 908 accusatJudaeos.
1437 851 1737 922 Discipulis
1757 852 2006 922 prmdicit
2030 851 2117 906 fu-

539 955 720 1000 turam
749 945 1163 1000 tribulationem
1195 945 1338 1016 (cap.
1375 945 1510 1014 xw),
1539 943 1738 999 deinde
1787 946 1985 1000 iterum
2026 943 2117 1014 ju-

538 1036 737 1100 cunda,
755 1045 811 1092 et
830 1051 1025 1092 rursus
1037 1037 1243 1092 tristia.
1261 1036 1480 1091 Patrem
1499 1037 1796 1109 alloquitur
1813 1037 2111 1110 (cap.xvn).

541 1125 744 1180 Deinde
771 1125 922 1180 venit
945 1127 1000 1180 in
1037 1127 1256 1180 hortum
1287 1134 1342 1182 et
1371 1128 1593 1198 capitur
1632 1131 1772 1198 (cap.
1805 1131 1984 1197 xvtu).
2015 1129 2119 1186 Pe-

535 1228 659 1272 trus
693 1226 944 1290 amputat
970 1219 1275 1274 auriculam
1314 1222 1480 1276 servi.
1528 1219 1747 1275 Ducunt
1805 1220 1990 1276 Jesum
2047 1223 2117 1276 ad

535 1311 775 1366 Annam.
825 1310 1146 1382 Discipulus
1195 1312 1397 1382 aliquis
1447 1311 1668 1367 Petrum
1731 1313 2032 1368 introducit
2061 1315 2116 1368 in

537 1405 742 1458 aulam.
779 1403 1032 1460 Minister
1059 1403 1248 1460 Jesum
1272 1406 1431 1460 caedit
1464 1423 1478 1458 :
1510 1403 1645 1459 dicit
1676 1406 1742 1460 ad
1767 1407 1914 1461 hunc
1952 1422 1966 1457 :
2003 1425 2022 1458 ι
2059 1404 2117 1460 Si

535 1498 680 1551 male
703 1497 921 1552 locutus
943 1514 1065 1553 sum
1085 1500 1184 1562 ¹⁰,›
1212 1507 1320 1554 etc.
1346 1499 1568 1554 Mittunt
1593 1515 1717 1554 eum
1737 1501 1803 1555 ad
1827 1500 2113 1570 Caipham.

535 1583 738 1641 Petrus
758 1593 944 1656 negat.
981 1585 1216 1641 Ducitur
1257 1587 1421 1644 Jesus
1476 1589 1545 1644 ad
1589 1589 1850 1644 Pilatum.
1885 1588 2118 1644 (Στιιοὶίί-

536 1675 686 1744 gitur
717 1675 860 1745 (cap.
899 1679 1042 1746 ιη).
1092 1676 1339 1731 Titulum
1386 1679 1696 1749 imponunt.
1755 1678 1913 1735 Stant
1958 1681 2116 1750 juxta

537 1781 762 1822 crucem
786 1777 982 1832 mater,
1016 1777 1069 1822 et
1092 1784 1252 1824 soror
1275 1771 1470 1824 matris
1498 1771 1616 1838 ejus
1647 1770 1816 1826 Maria
1839 1771 2114 1843 CleOphtc,

2211 573 2305 626 τὸν
2337 573 2572 644 Πατέρα.
2607 574 2743 644 Περὶ
2763 573 2855 629 τοῦ
2884 573 3243 644 Παωκλήτου
3275 575 3455 640 αὐτοῖς
3492 577 3747 648 προλέγει·

2213 664 2376 736 ἕτερα
2399 666 2566 719 πολλὰ
2585 665 2910 734 διαλέγεται,
2926 667 3023 720 καὶ
3048 670 3342 738 κατηγορεῖ
3360 667 3463 722 τῶν
3490 669 3754 728 Ἰουδαίων.

2214 756 2403 826 etiam:
2432 757 2684 828 προλέγει
2711 759 2822 820 τοῖς
2854 756 3121 829 μαθηταῖς
3141 797 3158 821 ,
3203 757 3320 812 εἶτα
3363 759 3518 813 πάλιν
3545 761 3754 832 χρηστὰ,

2214 849 2310 905 καὶ
2337 850 2500 904 πάλιν
2523 851 2761 922 λυπηρά.
2784 851 2929 924 Πρὸς
2953 851 3046 904 τὸν
3065 851 3289 922 Πατέρα
3313 851 3623 922 διαλέγεται.
3643 851 3761 908 Εἶτα

2215 939 2431 1010 ἔρχεται
2460 941 2541 1004 είς
2585 940 2679 995 τὸν
2704 941 2883 1010 κῆπον
2907 981 2922 1005 ,
2957 940 3053 994 καὶ
3083 941 3527 1013 συλλαμϐάνεται.
3578 945 3759 1000 Κόπτει

2215 1031 2426 1101 Πέτρος
2446 1029 2508 1083 τὸ
2527 1029 2688 1084 ὠτίον
2711 1031 2803 1084 τοῦ
2829 1029 3036 1084 δούλου.
3064 1032 3291 1099 ’Δγουσι
3307 1031 3398 1084 τὸν
3432 1030 3622 1104 Ἰησοῦν
3643 1033 3762 1105 πρὸς

2214 1123 2308 1176 τὸν
2335 1123 2555 1175 Ἅνναν.
2613 1121 2838 1190 Εἰσάγει
2884 1123 2914 1174 6
2954 1121 3202 1193 μαθητὴς
3227 1121 3320 1175 τὸν
3351 1123 3553 1194 Πέτρον
3580 1126 3655 1188 είς
3677 1125 3766 1196 τὴν

2216 1216 2406 1288 αὐλήν.
2437 1216 2639 1270 Τύπτει
2662 1216 2755 1270 τὸν
2801 1216 3008 1288 Ἰησοῦν
3034 1217 3063 1269 6
3092 1216 3401 1286 ὑπηρέτης·
3431 1215 3574 1284 λέγει
3603 1215 3766 1288 αὐτῷ’

2224 1328 2243 1360 ι
2269 1310 2334 1362 Εἰ
2363 1309 2549 1372 κακῶς
2579 1309 2816 1379 ἐλάλησα
2836 1348 2852 1374 ,
2897 1327 2917 1360 ι
2951 1308 3048 1362 καὶ
3071 1307 3142 1360 τὰ
3171 1306 3321 1376 ἑξῆς.
3357 1307 3768 1361 ’Δποστέλλουσιν

2216 1400 2378 1453 αὐτὸν
2403 1399 2540 1470 πρὸς
2563 1399 2839 1467 Καϊάφαν.
2909 1398 3180 1469 ’Δρνεῖται
3213 1396 3438 1468 Πέτρος.
3501 1397 3710 1464 ’Δγεται
3743 1397 3771 1449 6

2231 1490 2438 1562 Ἰησοῦς
2469 1490 2608 1562 πρὸς
2647 1490 2898 1544 Πιλᾶτον.
2945 1487 3314 1561 Σταυροῦται,
3363 1489 3460 1542 καὶ
3491 1489 3580 1541 τὸν
3614 1488 3775 1542 τίτλον

2219 1581 2572 1638 ἐπιτιθέασιν.
2607 1583 2968 1654 Είστήκεισαν
2994 1581 3143 1652 παρὰ
3175 1580 3253 1651 τῷ
3286 1580 3503 1654 σταυρῷ
3530 1583 3563 1652 ή
3591 1583 3774 1652 μήτηρ,

2218 1675 2312 1727 καὶ
2343 1676 2376 1744 ἡ
2406 1673 2607 1745 ἀδελφὴ
2639 1675 2739 1746 τῆς
2770 1675 2977 1746 μητρὸς
2999 1673 3162 1728 αὑτοῦ
3191 1673 3410 1745 Μαρία,
3443 1675 3477 1744 ἠ
3507 1670 3600 1724 τοῦ
3627 1670 3778 1724 Κλεο-

2219 1769 2319 1831 πᾶ,
2350 1767 2445 1820 καὶ
2467 1767 2656 1838 Μαρία
2676 1768 2710 1838 ἡ
2742 1766 3098 1838 Μαγδαληνή.
3156 1765 3290 1818 Τότε
3321 1763 3670 1836 παρατίθεται
3689 1763 3782 1834 τὴν

477 1858 488 1864 ”
536 1868 594 1912 et
644 1858 814 1914 Maria
877 1859 1217 1932 Magdalene.
1277 1861 1434 1918 Tune
1487 1835 1717 1920 matrem
1765 1835 2114 1922 commendat

2222 1858 2431 1932 μητέρα
2448 1858 2527 1930 τῷ
2553 1835 2795 1932 Ἰωάννῃ.
2823 1835 3030 1913 Camn
3050 1835 3111 1912 τὸ
3144 1855 3303 1928 σῶμα
3329 1835 3551 1927 Ἰωσήφ.
3575 1855 3786 1926 Νικόδη-

535 1949 760 2008 Joanni.
805 1951 1020 2023 Corpus
1075 1953 1197 2024 ejus
1261 1955 1458 2026 sepelit
1483 1954 1706 2028 Josepb.
1783 1956 2114 2015 Nicodemus

538 2041 697 2096 atl'ert
725 2043 874 2099 aloes
903 2053 958 2099 et
980 2047 1216 2118 myrrhae
1268 2048 1438 2102 libras
1471 2059 1716 2105 centum.
1750 2049 1913 2105 Venit
1944 2051 2114 2106 Maria

536 2130 857 2204 Magdalene
886 2136 1025 2205 (cap.
1056 2137 1174 2208 xx),
1198 2139 1347 2194 videt
1377 2142 1689 2211 sepulcrum
1711 2159 1968 2200 vacuum.
2000 2143 2114 2200 Vo-

536 2230 628 2278 cat
665 2220 889 2279 Petrum
917 2233 971 2281 et
1001 2226 1294 2286 Joannem.
1333 2229 1399 2285 Hi
1440 2232 1645 2288 abeunt
1676 2235 1878 2299 visum,
1911 2243 1970 2290 et
2013 2236 2117 2292 ite-

535 2330 660 2370 rum
692 2317 980 2373 secedunt.
1018 2320 1187 2377 Maria
1221 2324 1370 2380 videt
1423 2327 1672 2398 angelos,
1697 2336 1752 2383 et
1794 2336 1984 2400 postea
2027 2328 2117 2385 Je-

535 2423 659 2462 sum
694 2409 898 2480 ipsum,
931 2413 1026 2484 qui
1057 2416 1181 2471 etei
1223 2416 1486 2488 loquitur.
1533 2417 1734 2474 Postea
1785 2421 2008 2476 advenit
2046 2421 2115 2476 ad

535 2500 860 2574 discipulos,
915 2521 1041 2563 cum
1083 2507 1234 2566 fores
1291 2519 1480 2566 essent
1529 2511 1752 2576 clausae,
1785 2521 1840 2567 et
1880 2511 1973 2566 dat
2006 2513 2116 2568 illis

537 2591 809 2664 Spiritum
862 2609 1141 2658 sanctum.
1201 2600 1411 2659 Deinde
1459 2603 1704 2674 loquitur
1742 2601 1986 2671 Thema},
2020 2604 2117 2674 qui

536 2701 650 2742 non
682 2688 1016 2747 crediderat.
1052 2691 1269 2750 Rursus
1297 2702 1525 2765 apparet
1552 2695 1842 2766 discipulis
1873 2695 1942 2750 ad
1965 2711 2116 2752 mare

537 2776 874 2849 Tiberiadis,
899 2785 993 2840 ubi
1023 2792 1077 2841 et
1105 2787 1516 2859 multitudinem
1552 2788 1787 2858 piscium
1829 2799 2114 2860 ceperunt,

535 2879 594 2926 et
625 2873 866 2930 comedit
909 2893 1034 2932 cum
1083 2881 1166 2936 eis
1210 2880 1352 2952 (cap.
1407 2881 1544 2954 ut).
1577 2880 1741 2938 Petro
1780 2883 2006 2940 mandat
2055 2891 2119 2938 ut

536 2980 678 3022 oves
703 2981 837 3024 suas
859 2979 1071 3040 pascat,
1105 2975 1464 3045 prmdicitque
1498 2988 1730 3032 mortem
1755 2991 1864 3048 qua
1885 2977 2120 3032 moritu-

535 3070 637 3114 rus
663 3068 806 3129 erat,
837 3077 904 3117 ac
925 3063 1083 3132 jubet
1107 3073 1168 3122 ut
1193 3083 1254 3124 se
1285 3075 1574 3140 sequatur.

899 3157 1058 3213 Liber
1095 3159 1172 3224 ν,
1205 3160 1335 3214 Acta
1373 3161 1752 3230 apostolorum.

607 3256 701 3312 5|.
742 3254 860 3310 Hoc
888 3254 1110 3310 nomine
1131 3261 1358 3310 vocatur
1400 3255 1490 3310 hic
1527 3255 1685 3320 liber,
1716 3256 1864 3327 quod
1898 3263 2120 3328 aposto-

539 3352 717 3406 lorum
754 3349 917 3404 simul
949 3357 1069 3403 acta
1109 3349 1404 3404 contineat.
1435 3347 1542 3416 Qui
1573 3365 1704 3406 vero
1735 3349 1825 3404 illa
1859 3360 2116 3417 enarrat,

536 3441 719 3500 Lucas
740 3452 827 3499 est
863 3441 1220 3514 evangelista.
1251 3443 1345 3514 qui
1380 3451 1434 3498 et
1464 3443 1664 3498 librum
1695 3443 1844 3498 hunc
1872 3443 2120 3498 conscri-

535 3536 667 3606 psit.
696 3534 794 3592 Est
815 3535 959 3591 enim
1003 3551 1112 3590 una
1157 3551 1283 3590 cum
1317 3536 1585 3606 apostolis
1611 3536 1992 3608 peregrinatus
2017 3577 2032 3602 ,
2065 3545 2120 3592 et

533 3629 772 3684 maxime
803 3643 928 3683 cum
959 3627 1150 3693 Paulo,
1182 3636 1237 3685 et
1267 3643 1390 3698 quae
1422 3635 1615 3683 exacte
1663 3628 1938 3699 cognovit,
1968 3612 2126 3684 litteQ

533 3719 614 3774 ris
640 3717 938 3774 mandavit.
993 3718 1192 3773 Narrat
1237 3726 1418 3773 autem
1470 3718 1576 3773 hoc
1607 3698 1770 3783 lihro,
1806 3723 2116 3788 quomodo,

535 3811 746 3882 angelis
776 3811 1228 3882 suscipientibus,
1252 3810 1521 3866 Dominus
1549 3818 1869 3880 assumptus
1898 3811 2003 3866 sit:
2038 3808 2120 3866 ef-

534 3901 810 3958 fusionem
833 3900 1076 3972 Spiritus
1105 3901 1284 3957 sancti
1317 3902 1374 3956 in
1403 3901 1492 3957 die
1546 3899 1902 3957 Pentecostes
1954 3917 2120 3972 super

533 3993 816 4072 apostolos
841 4003 897 4048 et
923 4008 1136 4064 omnes,
1169 3994 1264 4063 qui
1311 3999 1426 4058 tum
1477 4000 1777 4063 praesentes
1832 4001 2008 4058 erant,
2041 3991 2122 4047 fa-

533 4093 717 4140 ctam:
753 4085 1155 4141 ordinationem
1189 4085 1427 4140 Matthize
1453 4085 1510 4140 in
1543 4086 1724 4142 locum
1747 4086 1901 4143 Iudae
1931 4087 2120 4160 prodi-

535 4178 713 4241 toris,
748 4186 804 4233 et
851 4178 1288 4250 designationem
1346 4187 1552 4250 septem
1603 4179 2004 4245 diaconorum,
2055 4193 2120 4234 ac

533 4269 693 4326 Pauli
724 4269 1068 4332 electionem,
1100 4279 1156 4326 et
1182 4285 1522 4342 quaecunque
1550 4271 1642 4328 ille
1685 4289 1884 4344 passus
1914 4281 2000 4330 est
2019 4313 2036 4338 ,
2063 4280 2119 4350 et

535 4361 812 4432 quomodo
848 4363 1066 4424 tandem
1096 4365 1324 4420 Romam
1369 4351 1650 4436 profectus
1679 4367 1772 4422 sit.
1815 4365 2116 4422 Duodecim

534 4463 718 4509 autem
753 4456 1128 4536 apostolorum
1157 4456 1377 4512 nomina
1418 4465 1548 4515 sunt
1578 4459 1683 4516 ista
1717 4477 1730 4514 :
1767 4459 1978 4529 primus
2028 4457 2115 4511 Si-

533 4564 682 4611 mon,
729 4549 823 4622 qui
870 4558 1097 4618 vocatur
1126 4549 1321 4608 Petrus
1359 4569 1376 4608 :
1429 4552 1627 4611 deinde
1682 4550 1922 4608 Iacobus
1969 4550 2114 4606 ﬁlius

533 4637 804 4704 Zebedaai,
845 4647 901 4696 et
927 4639 1165 4699 Joannes
1213 4642 1381 4708 frater
1431 4645 1585 4715 ejus,
1640 4644 1888 4707 Andreas
1945 4643 2116 4699 frater

530 4727 702 4796 Petri,
725 4729 1029 4805 Philippus,
1052 4733 1312 4806 Thomas,
1335 4736 1783 4800 Bartbolomteus,
1804 4737 2110 4810 Malthaaus,

528 4821 770 4881 Iacobus
792 4825 936 4885 ﬁlius
971 4827 1198 4899 Alpbzei,
1233 4826 1422 4894 Simon
1452 4832 1677 4894 zelotes.
1707 4830 1877 4888 Judas
1899 4830 2110 4898 Jacobi,

531 4915 624 4984 qui
655 4923 711 4972 et
739 4915 1046 4974 Thaddmus
1075 4918 1312 4984 dicitur,
1361 4927 1416 4977 et
1442 4920 1614 4976 Judas
1660 4919 1948 4976 lscariotes
1967 4961 1982 4986 ,
2017 4920 2112 4991 qui

530 5007 772 5078 prodidit
820 5007 1138 5069 Dominum.
1178 5008 1284 5068 Sed
1322 5019 1614 5084 postquam
1649 5010 1938 5067 Dominum
1984 5026 2115 5084 pro—

529 5100 762 5157 didisset
794 5116 860 5157 ac
891 5102 1166 5174 periisset,
1199 5103 1256 5172 in
1279 5101 1399 5174 ejus
1428 5087 1612 5158 Iccum
1645 5105 1978 5160 constitutus
2026 5112 2112 5160 est

529 5192 601 5249 ab
628 5194 894 5265 apostolis
921 5193 1175 5254 Matthias
1195 5235 1210 5260 ,
1247 5203 1302 5252 et
1331 5203 1761 5252 connumeratus
1790 5211 1914 5250 cum
1941 5197 2113 5253 unde-

527 5283 635 5340 cim
671 5283 899 5356 reliquis
925 5325 940 5351 ,
988 5285 1367 5349 duodecimus.
1421 5285 1622 5354 Postea
1650 5295 1875 5344 vocatus
1933 5295 2017 5344 est
2057 5295 2112 5344 et

527 5372 756 5442 Paulus,
788 5391 888 5432 vas
917 5377 1226 5444 electionis,
1259 5379 1576 5449 missusque
1603 5386 1658 5434 et
1687 5379 1804 5450 ipse
1833 5395 1956 5449 cum
1977 5380 2112 5434 Bar-

527 5468 673 5534 naba
697 5469 766 5526 ad
788 5470 1198 5542 praedicandum
1225 5471 1578 5544 Evangelium
1609 5470 1825 5529 Domini
1855 5476 2112 5546 gentibus

529 5561 754 5632 ubique.
815 5561 1038 5632 Septem
1094 5575 1279 5622 autem
1325 5567 1680 5626 diaconorum
1735 5569 1806 5625 ab
1852 5571 2112 5640 apostolis

527 5653 954 5707 constitutorum
985 5654 1102 5710 haec
1149 5666 1277 5714 sunt
1316 5659 1577 5718 nomina:
1618 5658 1950 5732 Stephanus,
1984 5657 2113 5726 Phi-

602 5744 647 5776 ⁸⁸
681 5742 842 5800 Joan.
878 5760 1047 5814 xvut,
1075 5747 1168 5806 25.

603 5829 722 5928 (ἢ)
752 5831 956 5910 Λίτρας

2221 1969 2323 2023 μος
2343 1951 2496 2025 φέρει
2521 1949 2687 2020 ἀλόης
2701 1950 2795 2004 καὶ
2819 1949 3063 2022 σμύρνης
3078 1949 3248 2020 λύτρα
3267 1947 3379 2019 (52)
3399 1947 3608 2001 ἑκατόν.
3627 1942 3782 2000 Ἦλθε

2217 2042 2404 2114 Μαρία
2433 2043 2467 2114 ἡ
2497 2041 2856 2112 Μαγδαληνὴ,
2887 2040 3069 2110 βλέπει
3097 2039 3190 2094 τὸν
3220 2038 3392 2108 τάφον
3425 2037 3580 2090 κενόν
3599 2053 3613 2066 ·
3647 2035 3788 2088 καλεῐ

2217 2135 2310 2188 τὸν
2335 2134 2540 2206 Πέτρον
2572 2135 2665 2188 καὶ
2690 2133 2785 2188 τὸν
2819 2135 3092 2206 Ἰωάννην.
3121 2134 3182 2187 Οἱ
3203 2132 3261 2187 δὲ
3287 2131 3552 2204 ἀπῆλθον,
3586 2129 3676 2184 καὶ
3702 2128 3790 2182 πά·

2217 2225 2301 2280 λιν
2331 2225 2703 2298 ἀνεχώρησαν.
2729 2225 2926 2279 Βλέπει
2945 2226 3071 2289 τοὺς
3096 2224 3362 2294 ἀγγέλους
3393 2227 3428 2296 ἠ
3451 2223 3660 2294 Μαρία,
3683 2216 3792 2276 εἶτα

2219 2319 2309 2372 τὸν
2349 2318 2556 2390 Ἰησοῦν
2579 2357 2595 2382 ,
2634 2319 2728 2372 καὶ
2755 2317 3061 2386 διαλέγεται
3087 2317 3246 2388 αὐτῇ.
3291 2313 3429 2370 Εἶτα
3460 2315 3662 2386 ἐπέστη
3689 2315 3792 2376 τοῖς

2222 2409 2497 2480 μαθηταῖς
2527 2409 2929 2480 κεκλεισμένων
2960 2409 3068 2462 τῶν
3097 2406 3308 2478 θυρῶν,
3341 2408 3442 2460 καὶ
3481 2406 3679 2459 ἔδωκεν
3709 2403 3801 2458 αὑ-⁸

2218 2504 2331 2566 τοῖς
2350 2501 2577 2573 Πνεῦμα
2599 2501 2774 2572 ἅγιον.
2798 2498 2930 2555 Εἶτα
2952 2499 3030 2571 τῷ
3050 2499 3221 2572 θωμᾷ
3238 2499 3553 2569 διαλέγεται
3573 2497 3794 2568 ἀπιστή-

2221 2609 2393 2648 σαντι.
2455 2589 2592 2648 Εἶτα
2620 2593 2781 2648 πάλιν
2808 2593 2966 2664 ὤφθη
3012 2595 3126 2656 τοῖς
3154 2591 3428 2664 μαθηταῖς
3463 2591 3558 2645 ἐπὶ
3587 2589 3684 2662 τῆς
3712 2587 3801 2642 θα-

2217 2685 2423 2758 λάσσης
2436 2687 2538 2757 τῆς
2552 2685 2899 2760 Τιϐεριάδος·
2925 2688 2974 2740 οἱ
2990 2685 3047 2740 δὲ
3070 2685 3323 2756 ήλίευσαν
3343 2682 3560 2756 πλῆθος
3589 2681 3797 2754 ἰχθύων,

2218 2779 2314 2834 καὶ
2339 2779 2507 2849 ἔφαγε
2542 2782 2660 2852 μετ’
2690 2779 2890 2834 αὐτῶν.
2918 2774 3053 2833 Εἶτα
3082 2777 3360 2832 ἐπιτάττει
3381 2777 3462 2850 τῷ
3483 2777 3678 2850 Πέτρῳ
3700 2791 3804 2828 ποι-

2223 2872 2434 2944 μαίνειν
2457 2873 2528 2926 τὰ
2564 2873 2834 2946 πρόϐατα,
2860 2871 2957 2928 καὶ
2990 2871 3246 2944 προλέγει
3272 2871 3455 2942 αὐτῷ,
3490 2870 3630 2940 ποίῳ
3659 2866 3806 2922 θανάιι

2217 2981 2296 3038 τῳ
2321 2964 2695 3032 ἀποθανεῖται,
2720 2965 2816 3020 καὶ
2848 2963 3061 3019 κελεύει
3089 2962 3463 3034 ἀκολουθῆσαι
3497 2961 3671 3032 αὐτῷ.

2431 3196 2677 3252 Βιϐλίον
2697 3201 2764 3260 εἰ,
2796 3193 3050 3262 Πράξεις
3064 3192 3184 3247 τῶν
3196 3192 3597 3247 ἁποστολων.

2293 3293 2382 3351 5f.
2414 3291 2570 3347 Οὕτω
2588 3291 2837 3345 καλεῖται
2865 3291 2926 3345 τὸ
2952 3289 3173 3360 βιϐλίον,
3200 3288 3392 3359 ἐπειδὴ
3425 3286 3651 3352 καὶτὰς
3678 3283 3814 3356 πρά-

2223 3387 2335 3456 ξεις
2385 3383 2521 3457 ὁμοῦ
2553 3383 2664 3439 τῶν
2697 3382 3015 3437 ἀποστόλων
3057 3381 3324 3454 περιέχει.
3397 3381 3461 3434 Ὁ
3492 3379 3554 3434 δὲ
3603 3375 3816 3450 διηγούο

2225 3496 2388 3552 μενος
2431 3475 2642 3540 ταύτας,
2688 3475 2807 3530 ἐστὶ
2857 3475 3071 3538 Λουκᾶς
3110 3475 3140 3528 6
3187 3470 3617 3544 εὐαγγελιστὴς,
3664 3471 3693 3523 6
3725 3467 3816 3522 καὶ

2221 3569 2382 3628 τοῦτο
2407 3568 2469 3622 τὸ
2502 3567 2706 3640 βιϐλίον
2742 3565 3092 3637 συγγράφων.
3143 3562 3539 3635 Συναπεδήμει
3575 3560 3690 3633 γὰρ
3713 3561 3820 3622 τοῖς

2221 3679 2280 3716 τε
2318 3661 2498 3724 ἄλλοις
2528 3657 2874 3726 ἀποστόλοις,
2922 3657 3016 3712 καὶ
3055 3655 3287 3726 μάλιστα
3331 3656 3416 3727 τῷ
3451 3655 3686 3726 Παύλῳ,
3728 3652 3820 3706 καὶ

2221 3752 2378 3816 εἰδὼς
2408 3751 2652 3824 ἀκριϐῶς
2671 3791 2686 3816 ,
2717 3749 2940 3821 γράφει.
2982 3747 3259 3818 Διηγεῖται
3296 3745 3356 3800 δὲ
3397 3746 3472 3800 ὲν
3491 3743 3653 3816 αὐτῷ
3686 3741 3820 3804 πῶς,

2219 3843 2468 3914 ἀγγέλων
2501 3842 2902 3906 ὑπολαϐόντων,
2945 3838 3224 3910 ἀνελήφθη
3251 3840 3280 3892 6
3317 3838 3566 3910 Κύριος,
3603 3835 3705 3891 καὶ
3729 3833 3824 3904 τὴν

2219 3935 2315 3990 τοῦ
2341 3935 2498 4004 ἁγίου
2533 3934 2850 4006 Πνεύματος
2887 3932 3112 4004 ἔκχυσιν
3143 3929 3457 4002 γενομένην
3500 3931 3566 3986 ἐν
3595 3931 3668 4000 τῇ
3700 3927 3834 3982 Πενε

2219 4029 2458 4098 τηκοστῇ
2504 4027 2594 4080 ἐπί
2641 4044 2704 4080 τε
2743 4025 2871 4090 τοὺς
2913 4023 3244 4087 ἀποστόλους
3288 4023 3390 4076 καὶ
3445 4023 3675 4084 πάντας
3706 4019 3836 4080 τοὺς.

2219 4119 2342 4174 τότε
2364 4118 2638 4192 παρόντας
2655 4137 2669 4154 ο
2698 4119 2798 4190 τήν
2835 4135 2895 4172 τε
2924 4117 3256 4172 κατάστασιν
3286 4114 3385 4169 τοῦ
3417 4113 3689 4170 Ματθίου
3714 4110 3834 4166 ἀντὶ

2233 4211 2405 4266 Ἰούδα
2433 4209 2528 4266 τοῦ
2560 4211 2844 4282 προδότου,
2872 4211 2968 4265 καὶ
2990 4210 3090 4282 τὴν
3118 4207 3493 4282 προχείρησιν
3518 4207 3638 4262 τῶν
3662 4206 3708 4271 ζ’
3730 4205 3844 4259 δια-.

2219 4303 2413 4370 κόνων,
2451 4303 2547 4358 καὶ
2578 4305 2678 4376 τὴν
2707 4301 2937 4374 ἐκλογὴν
2956 4301 3051 4356 τοῦ
3080 4301 3318 4369 Παύλου,
3353 4303 3467 4356 καὶ
3497 4303 3613 4356 ὅσα
3641 4297 3836 4364 ἔπαθε,

2220 4396 2316 4449 καὶ
2363 4395 2516 4459 τέλος
2565 4395 2666 4466 τὴν
2697 4396 2778 4458 εἰς
2826 4391 3046 4464 Ῥώμην
3085 4390 3405 4462 ἀποδημίαν
3457 4389 3670 4446 αὐτοῦ.
3719 4389 3840 4443 Τῶν

2145 4517 2190 4572 D
2225 4487 2322 4558 μὲν
2346 4483 2438 4542 οὖν
2479 4487 2686 4540 δώδεκα
2732 4485 3046 4539 ἀποστόλων
3083 4483 3154 4537 τὰ
3177 4483 3435 4572 ὀνόματά
3463 4484 3606 4538 ἐστι
3625 4481 3836 4539 ταῦτα’

2219 4576 2439 4648 πρῶτος
2476 4577 2660 4647 Σίμων
2687 4578 2716 4631 6
2743 4574 3032 4648 λεγόμενος
3060 4574 3286 4646 Πέτρος,
3330 4568 3472 4630 εἶτα
3515 4573 3792 4636 Ἰάκωϐος
3817 4572 3846 4624 6

2216 4670 2314 4731 τοῦ
2344 4669 2652 4735 Ζεϐεδαίου,
2694 4669 2790 4723 καὶ
2831 4667 3086 4737 Ἰωάννης
3127 4667 3157 4723 6
3209 4665 3454 4734 ἀδελφὸς
3509 4665 3724 4731 αὐτοῦ,
3753 4661 3850 4718 και

2231 4761 2486 4834 Ἀνδρέας
2514 4763 2543 4815 6
2573 4759 2802 4829 ἀδελφὸς
2831 4759 3063 4830 Πέτρου,
3119 4757 3214 4812 καὶ
3243 4755 3572 4826 Φίλιππος,
3599 4759 3704 4813 καὶ
3735 4757 3853 4810 Θω-

2220 4857 2351 4926 μᾶς,
2393 4853 2818 4926 Βαρθολομαῖος,
2863 4851 3166 4915 Ματθαῖος,
3212 4847 3495 4912 Ἰάκωϐος
3553 4847 3858 4920 Ἁλφαίου,

2215 4948 2400 5019 Σίμων
2429 4949 2459 5000 6
2486 4945 2754 5020 ζηλωτὴς,
2800 4943 3001 5008 Ἰούδας
3039 4939 3316 5004 Ἰακώϐου,
3346 4942 3382 4994 6
3415 4942 3528 5010 καὶ
3552 4941 3854 5003 Θαδδαῖος,

2214 5041 2312 5108 καὶ
2352 5039 2554 5105 Ἰούδας
2591 5036 2945 5110 Ἰσκαριώτης
2967 5037 2996 5089 6
3021 5035 3116 5090 καὶ
3139 5033 3428 5106 παραδοὺς
3465 5033 3576 5096 τὸν
3609 5033 3855 5107 Κύριον.

2227 5133 2389 5188 Ἀλλὰ
2415 5132 2510 5186 τοῦ
2555 5129 2728 5195 Ἰούδα
2753 5128 2967 5194 τούτου,
3017 5125 3276 5198 προδότου
3327 5126 3704 5198 γενομένου,
3762 5124 3862 5185 καὶ

2212 5226 2574 5297 ἀπολομένου,
2626 5221 2935 5293 κατεστάθη
2985 5222 3066 5284 εἰς
3096 5219 3188 5273 τὸν
3235 5217 3470 5273 ἐκείνου
3505 5221 3704 5282 τόπον
3749 5215 3862 5272 ὑπὸ

2211 5319 2322 5374 τῶν
2361 5316 2677 5375 ἀποστόλων
2705 5313 2984 5378 Ματθίας,
3025 5311 3120 5367 καὶ
3157 5313 3712 5386 συγκατηριθμήθη
3745 5312 3866 5372 τοῖς

2212 5411 2407 5467 ἕνδεκα
2439 5410 2760 5474 δωδέκατος.
2791 5407 2946 5464 Μετὰ
2968 5405 3026 5460 δὲ
3045 5405 3220 5458 ταῦτα
3248 5402 3478 5476 ἐκλήθη
3512 5405 3624 5459 καὶ
3652 5407 3686 5458 ὁ
3714 5401 3867 5458 Παῦ-

2212 5507 2327 5572 λος,
2363 5505 2558 5570 σκεῦος
2586 5504 2838 5574 ἐκλογῆς,
2883 5502 2980 5556 καὶ
3007 5497 3286 5568 ἀπεστάλη
3331 5497 3450 5551 καὶ
3490 5499 3688 5564 αὐτὸς
3719 5496 3872 5570 μετὰ

2214 5597 2469 5668 Βαρνάϐα
2494 5593 2920 5665 εὐαγγελῖσαθαι
2943 5592 3034 5646 τὸν
3059 5590 3264 5662 Κύριον
3299 5589 3432 5653 τοῖς
3471 5589 3688 5645 ἔθνεσι
3721 5604 3878 5644 παν-,

2213 5691 2402 5762 ταχοῦ.
2457 5691 2577 5746 Ἔτι
2611 5689 2670 5746 δὲ
2715 5687 2811 5744 καὶ
2849 5687 2958 5741 τῶν
3007 5679 3485 5742 κατασταθέντων
3547 5681 3730 5756 παρὰ
3756 5679 3878 5738 τῶν

3642 5943 3772 5964 ...νιν
