4066 6388
288 382 358 438 ωδ
1379 368 1724 443 svuor‘srs
1766 382 2187 440 SCRIPTUBE
2228 380 2499 439 suum.

3416 377 3520 434 406

288 499 572 556 ἀποστόλων
624 503 779 558 ἐπτά
803 503 1064 558 διακόνων
1100 502 1168 557 τὰ
1213 504 1455 574 ὀνόματα
1482 500 1654 557 ταῦτα
1675 519 1691 535 ο
1724 502 1841 555 Στέ-

1954 501 2171 572 lippus,
2204 499 2541 565 Procborus,
2588 498 2845 562 Nicanor,
2881 494 3100 560 Timon,
3130 492 3425 549 Parmenas
3469 502 3525 550 et

292 611 437 665 φανος,
465 595 782 661 Φίλιππος,
826 597 1120 669 Πρόχορος,
1156 596 1436 668 Νικάνωρ,
1465 595 1669 665 Τίμων,
1699 594 1851 665 Παρ-

295 689 443 760 μνᾶς,
490 689 594 742 καὶ
639 689 947 754 Νικόλαος.
991 689 1207 743 Τούτων
1240 684 1332 741 οῦν
1377 687 1486 741 τῶν
1539 686 1851 740 ἀποστόλων

292 778 485 833 καὶτῶν
513 779 799 835 διακόνων
827 780 928 844 τὰς
957 779 1183 852 πράξεις
1229 780 1494 850 διηγεῖται
1534 780 1564 832 ὁ
1612 779 1847 841 Λουκᾶς,

294 871 364 925 καὶ
380 875 582 942 σημεῖα
614 874 757 942 παρ’
786 871 967 925 αὐτῶν
1010 872 1289 941 γεγονότα,
1330 871 1474 942 ἆπερ
1501 870 1607 924 εἰσὶ
1639 868 1845 923 ταῦτα·

294 964 466 1035 Πέτρος
486 966 586 1017 καὶ
627 965 899 1039 Ἰωάννης
921 966 1288 1038 ἐθεράπευσαν
1312 968 1371 1020 ἐν
1388 965 1466 1038 τῷ
1492 965 1713 1037 ὀνόματι
1744 966 1851 1018 Κυ-

296 1055 387 1126 ρίου
413 1054 501 1109 τὸν
543 1058 613 1109 ἐκ
644 1058 885 1129 γενετῆς
915 1058 1105 1128 χωλὸν,
1138 1059 1228 1113 τὸν
1254 1060 1314 1111 ἐν
1358 1061 1424 1129 τῇ
1481 1057 1672 1129 Ὡραίᾳ
1704 1056 1846 1127 πύλῃ

293 1146 591 1219 καθήμενον.
622 1151 842 1222 Πέτρος
881 1151 1126 1205 ’Δνανίαν
1158 1151 1251 1204 καὶ
1281 1151 1595 1222 Σαπφείραν
1620 1149 1719 1221 τὴν
1752 1166 1850 1218 γυ-

292 1243 424 1294 ναῖκα
446 1239 617 1295 αὑτοῦ
651 1240 881 1313 ῆλεγξε,
916 1243 1342 1314 νοσφισαμένους
1384 1242 1491 1296 ἀπὸ
1536 1242 1636 1313 τῆς
1678 1239 1847 1312 τιμῆς

289 1332 364 1386 τοῦ
386 1333 609 1405 χωρίου,
636 1336 737 1388 καὶ⁸
767 1335 873 1405 τῆς
916 1336 1248 1405 ἐπαγγελίας
1290 1335 1391 1405 τῆς
1432 1336 1513 1398 είς
1543 1335 1634 1389 τὸν
1679 1332 1843 1399 Θεὸν,

291 1425 364 1479 καὶ
384 1425 640 1493 γεγόνασι
682 1427 1033 1499 παραχρῆμα
1067 1428 1269 1498 νεκροί.
1319 1426 1523 1498 Πέτρος
1554 1427 1612 1479 ἐν
1654 1425 1844 1495 Ἰόππῃ

286 1519 368 1589 τὴν
393 1517 778 1573 ἀποθανοῦσαν
808 1519 1052 1592 Δορκάδα
1079 1519 1372 1589 εὐξάμενος
1404 1519 1623 1589 ηγειρεν
1659 1518 1724 1569 ἐκ
1761 1532 1845 1569 νε-

290 1608 432 1679 κρῶν.
461 1610 674 1681 Πέτρος
700 1609 764 1663 τὸ
787 1610 851 1675 ἐξ
884 1610 1111 1683 ούρανοῦ
1142 1610 1334 1675 σκεῦος
1358 1609 1682 1679 καθιέμενον
1707 1606 1845 1677 πλῆ-

289 1716 365 1769 ρες
391 1700 590 1765 παντὸς
622 1698 767 1765 ζώου
820 1700 1055 1775 ἑώρακε.
1100 1701 1368 1773 Πέτρου,ή
1409 1700 1539 1755 σκιά
1570 1699 1843 1771 ἐρχομένη

285 1791 362 1845 ἐπὶ
404 1794 529 1857 τοὺς
584 1792 955 1859 ἀσθενοῦντας
1005 1793 1334 1866 ἐθεράπευεν
1366 1792 1580 1857 αύτούς.
1638 1791 1845 1863 Πέτρος

282 1884 596 1957 τηρούμενος
627 1888 723 1941 καί¹
752 1887 1041 1960 δεδεμένος
1077 1859 1135 1942 ἐν
1182 1891 1246 1960 τῇ
1297 1886 1510 1958 φυλακῇ
1541 1882 1645 1938 ύπδ
1681 1859 1844 1951 ἀγγέ-
1873 1859 1916 1915 Β

282 1974 362 2028 λου
400 1976 667 2047 ἀπελύθη,
727 1976 807 2049 μὴ
859 1977 1074 2032 εἰδότων
1107 1977 1215 2032 τῶν
1258 1975 1622 2049 στρατιωτῶν.
1679 1973 1843 2035 Καὶό

292 2066 517 2139 Ἡρώδης
548 2068 1019 2141 σκωληκόϐρωτος
1045 2066 1287 2140 ἐξέψυξε.
1316 2067 1586 2136 Στέφανος
1619 2064 1842 2135 ἐποίησε

282 2157 465 2231 τέρατα
490 2159 587 2213 καὶ
616 2163 846 2231 σημεῖα.
887 2160 1149 2224 Φίλιππος
1194 2158 1286 2212 τὸν
1318 2156 1571 2237 εὐνοῦχον
1612 2154 1843 2227 ἐπέστη-

285 2265 364 2303 σεν
387 2250 837 2319 ἀναγινώσκοντα
860 2251 953 2304 τὸν
993 2252 1240 2315 Ἡσαΐαν,
1271 2249 1367 2304 καὶ
1413 2248 1705 2301 ἐϐάπτισεν
1745 2247 1844 2300 αύ-

283 2339 381 2393 τόν.
420 2340 479 2394 '0
530 2340 695 2405 αὐτὸς
727 2341 997 2405 Φίλιππος
1028 2342 1086 2394 ἐν
1118 2339 1400 2411 Σαμαρείᾳ
1449 2336 1619 2391 πολλὰ
1675 2337 1841 2390 πνεύ-

286 2448 417 2501 ματα
441 2430 685 2499 ἐξέϐαλε,
727 2432 828 2486 καὶ
856 2432 1019 2504 χωλοὶ
1058 2432 1152 2487 καὶ
1189 2414 1619 2504 παραλελυμένοι
1648 2429 1839 2499 ἐθερα-

282 2522 541 2595 πεύθησαν
570 2524 666 2579 ὑπ’
698 2522 890 2578 αὐτοῦ.
923 2524 1152 2589 Παῦλος,
1181 2522 1414 2593 ἐγγίζων
1450 2524 1516 2593 τῇ
1542 2518 1837 2593 Δαμασκῷ,

280 2609 403 2667 εἶδεν
450 2614 743 2680 ὀπτασίαν,
801 2615 898 2671 καὶ
943 2615 1105 2679 εὐθὺς
1149 2615 1370 2689 γέγονεν
1426 2600 1836 2683 εύαγγελιστής.

277 2703 470 2769 Παῦλος
499 2706 560 2761 ἐν
586 2705 865 2779 Λύστροις
892 2707 1107 2772 Αἰνέαν,
1142 2707 1313 2779 χωλὸν
1342 2708 1406 2760 ἐκ
1429 2704 1658 2776 γενετῆς
1686 2705 1837 2769 ὅντα,

276 2797 627 2871 ἐθεράπευσεν
664 2802 725 2855 ἐν
757 2800 837 2873 τῷ
860 2801 1083 2873 ὀνόματι
1106 2800 1203 2855 τοῦ
1237 2801 1463 2874 Κυρίου.
1498 2800 1709 2863 Παῦλος
1731 2798 1840 2853 ἀπὸ

276 2892 526 2959 ὀπτασίας
563 2896 646 2959 είς
692 2893 1038 2959 Μακεδονίαν
1083 2893 1306 2966 ἐκλήθη.
1363 2893 1571 2959 Παῦλος
1604 2893 1702 2972 τὴν
1742 2908 1840 2963 γυτ·

278 2986 422 3038 ναῖκα
443 2985 540 3058 τὴν
569 2985 804 3058 ἔχουσαν
835 2985 1061 3057 πνεῦμα
1091 2986 1327 3049 Πύθονος
1350 2986 1664 3058 ἐκαθάρισε.
1689 2984 1837 3042 Παῦ-

275 3071 357 3137 λος
382 3075 474 3129 καὶ
499 3075 667 3140 Σίλας
706 3077 766 3130 ἐν
798 3075 1086 3141 Φιλίπποις
1116 3079 1195 3141 είς
1234 3076 1481 3149 φυλακὴν
1505 3076 1834 3148 ἐϐλήθησαν,

276 3163 361 3256 καὶ
400 3165 843 3238 ἠσφαλισμένους
876 3161 1022 3237 εἶχον
1069 3167 1195 3230 τοὺς
1233 3165 1402 3230 πόδας
1453 3167 1512 3219 ἐν
1559 3163 1637 3235 τῷ
1671 3165 1831 3237 ξύλῳ.
1862 3196 1908 3256 c

282 3255 366 3310 Ἑν
389 3257 444 3312 δέ
472 3258 552 3330 τῷ
590 3259 935 3331 μεσονυκτίῳ
964 3258 1184 3331 σεισμὸς
1220 3258 1431 3329 γέγονε,
1468 3257 1560 3310 καὶ
1587 3256 1834 3312 λέλυνται

273 3345 441 3402 αὐτῶν
465 3350 535 3402 τὰ
554 3349 757 3421 δεσμά.
805 3350 938 3405 Ἀπὸ
981 3349 1076 3403 τοῦ
1117 3349 1326 3422 χρωτὸς
1372 3348 1585 3405 Παύλου
1635 3348 1838 3418 ἀπέφε-

272 3454 360 3509 ρον
393 3440 658 3513 σουδάρια
700 3443 795 3498 ἐπὶ
829 3443 957 3505 τοὺς
993 3440 1349 3505 ἀσθενοῦντας
1391 3441 1486 3497 καὶ
1522 3440 1838 3513 δαιμονιῶν-

271 3542 380 3592 τας,
423 3531 516 3584 καὶ
552 3529 974 3603 ἐθεραπεύοντο.
1021 3529 1231 3593 Παῦλος
1260 3532 1317 3584 ἐν
1350 3528 1566 3600 Τρωάδι
1603 3527 1838 3583 πεσόντα

271 3617 492 3691 Εὔτυχον
506 3619 616 3674 ἀπὺ
631 3620 732 3691 τῆς
744 3620 960 3691 θυρίδος
978 3622 1071 3673 καὶ
1086 3620 1423 3673 ἀποθανόντα
1435 3620 1624 3691 ἧγειρε
1638 3618 1831 3688 λέγων’

276 3727 295 3760 ι
326 3710 388 3763 Ἦ
409 3711 553 3783 ψυχὴ
571 3709 741 3765 αὑτοῦ
766 3712 826 3765 ἐν
852 3710 1001 3781 αὐτῷ
1030 3712 1196 3767 ἐστιν.
1227 3731 1245 3764 ι
1276 3709 1487 3773 Παῦλος
1508 3709 1837 3781 ἐπετίμησεν

272 3799 324 3851 ἐν
344 3799 548 3872 Κύπρῳ
572 3799 652 3872 τῷ
675 3802 836 3873 μάγῳ
849 3799 1081 3871 Ἐλύμα,
1099 3802 1195 3854 καὶ
1218 3800 1432 3869 ἐγένετο
1450 3798 1666 3869 τυφλός.
1692 3799 1838 3852 Παῦ-

272 3887 373 3955 λος,
396 3890 575 3946 πλέων
603 3893 664 3946 ἐν
707 3890 921 3962 Ῥώμῃ,
958 3889 1257 3962 ἐχειμάσθη
1293 3890 1458 3954 αὑτός
1485 3906 1545 3942 τε
1582 3889 1676 3942 καὶ
1703 3889 1838 3942 πάν-

272 3995 355 4043 τες
392 3982 442 4034 οἱ
487 3983 546 4035 ἐν
574 3980 657 4053 τῷ
682 3980 856 4052 πλοίῳ
907 3980 1003 4033 ἐπὶ⁵
1049 3980 1373 4053 νυχθήμεραα
1399 3980 1477 4035 ιδ’.
1524 3979 1748 4036 Πάντων
1777 3997 1837 4034 τε

273 4072 682 4138 προσδοκώντων
725 4072 1043 4141 ἀποθανεῖν,
1093 4073 1324 4138 ἐπιστὰς
1349 4075 1380 4126 ό
1424 4072 1628 4146 Κύριος
1681 4068 1835 4126 εἶπεν

272 4164 427 4237 αύτῷ,
456 4168 539 4221 ὅτι
591 4186 613 4221 ι
666 4166 768 4222 Διά
797 4166 859 4220 σὲ
906 4166 1245 4238 κεχάρισμαι
1292 4168 1506 4231 τούτοις
1548 4166 1608 4220 τὸ
1642 4167 1763 4238 ζῇν,
1810 4184 1830 4217 ι

273 4254 361 4307 καὶ
408 4256 714 4324 ἐσώθησαν.
788 4254 1107 4319 Ἑξελθόντα
1165 4256 1259 4309 τὸν
1311 4256 1523 4311 Παῦλον
1574 4255 1683 4311 ἀπὸ
1740 4254 1834 4309 τοῦ

274 4345 444 4401 πλοίου
474 4350 660 4422 ἐχιδνα
687 4349 872 4414 ἔδακε,
906 4350 1002 4403 καὶ
1025 4348 1076 4401 οἱ
1109 4348 1208 4419 μὲν
1239 4349 1439 4412 πάντες
1464 4346 1712 4421 ἐνόμιζον
1740 4350 1836 4403 αύ-

272 4435 357 4491 τδν
380 4439 621 4508 γίνεσθαι
646 4440 845 4513 νεκρόν
870 4455 885 4468 ·
926 4438 1003 4504 ὡς
1035 4439 1092 4493 δὲ
1131 4439 1348 4511 ἀπαθὴς
1389 4438 1676 4510 διέμεινεν,
1720 4439 1837 4493 ἐνό-

1952 590 2231 646 Nicotaus.
2281 589 2488 645 Horum
2523 591 2707 659 itaque
2750 587 3120 658 apostolorum
3161 592 3217 639 et
3260 583 3525 638 diacono»

1954 698 2075 737 rum
2108 690 2231 736 acta
2262 690 2484 735 enarrat
2514 679 2716 743 Lucas,
2749 686 2803 734 et
2832 692 2953 748 qua:
2987 677 3056 731 ab
3091 674 3199 732 illis
3230 674 3374 732 edita
3392 674 3523 730 sunt

1952 776 2129 845 signa,
2156 789 2279 844 quae
2311 774 2414 828 ista
2448 781 2578 828 sunt
2612 792 2625 828 :
2660 771 2854 826 Petrus
2902 776 2954 824 et
2995 767 3247 824 Joannes
3264 766 3522 823 claudum

1949 880 2015 920 ex
2046 864 2356 924 nativitate,
2394 862 2449 915 in
2494 869 2649 931 porta
2682 858 2944 929 Speciosa
2989 856 3286 923 sedentem,
3318 855 3374 910 in
3421 869 3522 910 no-

1948 957 2103 1011 mine
2129 953 2342 1009 Domini
2374 958 2663 1007 curarunt.
2693 949 2890 1006 Petrus
2917 947 3183 1003 Ananiam
3204 957 3258 1002 et
3288 945 3523 1018 Sapphi-

1946 1060 2063 1100 ram
2098 1058 2323 1099 uxorem
2353 1042 2474 1112 ejus
2504 1042 2777 1114 coarguit,
2806 1039 2952 1112 quod
3006 1037 3253 1097 sail'urati
3291 1037 3524 1092 fuissent

1947 1135 2016 1190 de
2044 1135 2221 1205 pretio
2251 1133 2391 1204 agri,
2417 1140 2473 1189 et
2500 1131 2568 1188 de
2602 1132 2971 1203 promissione
2995 1129 3104 1185 Deo
3134 1129 3279 1184 facta
3303 1127 3524 1184 defrau-

1944 1228 2189 1289 dassent,
2213 1240 2380 1298 quam
2412 1226 2487 1281 ob
2505 1239 2726 1281 causam
2757 1232 2825 1279 et
2840 1240 2871 1279 e
2891 1222 3120 1294 vestigio
3150 1222 3350 1278 mortui
3370 1228 3519 1278 sunt.

1946 1317 2142 1375 Petrus
2168 1317 2341 1389 Joppe
2372 1317 2621 1373 Dorcada
2653 1317 2763 1372 vita
2794 1314 3106 1373 defunctam
3130 1313 3385 1386 precibus
3406 1314 3523 1370 suis

1943 1427 1976 1468 e
2009 1412 2240 1466 mortuis
2266 1410 2545 1467 excitavit.
2603 1408 2801 1465 Petrus
2829 1422 2935 1464 vas
2960 1408 3177 1478 plenum
3218 1406 3398 1463 omnis
3429 1420 3524 1474 ge-

1943 1503 2092 1558 neris
2123 1501 2498 1557 animautibus
2527 1501 2749 1557 cmlitus
2801 1499 3100 1556 demissum
3131 1497 3286 1554 vidit.
3320 1496 3523 1556 Umbra

1944 1591 2091 1649 Petri
2119 1601 2353 1665 argrotos
2395 1609 2536 1665 quos
2595 1592 2987 1663 contingebat,
3022 1590 3274 1647 sanabat.
3326 1586 3522 1643 Petrus

1942 1702 2065 1742 cum
2095 1687 2150 1742 in
2183 1703 2402 1743 carcere
2444 1688 2644 1759 ligatus
2683 1691 2994 1745 servaretur
3019 1722 3035 1749 ,
3088 1697 3185 1752 per
3231 1680 3482 1750 angelum
3504 1719 3522 1743 ο

1944 1779 2484 1849 insciismilitibus,
2521 1778 2678 1851 1M
2729 1778 2943 1834 solutus
2997 1782 3104 1831 est.
3157 1771 3225 1827 Et
3279 1771 3524 1829 Herodes

1943 1871 2213 1933 vermium
2239 1885 2368 1927 esca
2412 1855 2611 1938 iactus,
2634 1869 2954 1941 exspiravit.
2988 1865 3299 1945 Stephanus
3345 1864 3525 1937 prodi-

1943 1964 2032 2037 gia
2070 1962 2203 2023 fecit
2228 1971 2282 2019 et
2311 1964 2489 2036 signa.
2518 1961 2803 2041 Philippus
2849 1960 2916 2017 ad
2976 1959 3293 2016 eunuchum
3315 2000 3332 2029 ,
3374 1956 3527 2016 lsaia

1943 2056 2287 2127 prephetiam
2319 2056 2609 2127 legentem,
2639 2055 2896 2119 accessit,
2932 2061 2988 2108 et
3014 2052 3311 2124 baptizavit
3345 2051 3523 2107 illum.

1943 2150 2088 2204 Idem
2119 2146 2404 2218 Philippus
2447 2147 2648 2202 multos
2702 2145 2878 2199 malos
2906 2144 3137 2215 spiritus
3180 2144 3236 2199 in
3279 2143 3525 2199 Samaria

1942 2241 2123 2310 ejecit,
2156 2249 2210 2295 et
2242 2238 2425 2295 claudi
2482 2239 2551 2294 ab
2584 2238 2681 2293 illo
2711 2252 2776 2292 ac
2833 2237 3115 2310 paralytici
3166 2238 3345 2291 curati
3373 2246 3522 2294 sunt.

1942 2332 2143 2388 Paulus
2164 2347 2290 2387 cum
2316 2330 2743 2403 apropinquarei
2767 2330 3052 2396 Damasco,
3074 2330 3339 2386 visionem
3365 2330 3522 2396 vidit,

1943 2433 1996 2480 et
2019 2441 2143 2480 mox
2172 2423 2454 2493 Evangelii
2496 2437 2674 2494 praeco
2704 2422 2880 2478 factus
2910 2431 3013 2480 est.
3045 2422 3250 2478 Paulus
3280 2437 3403 2478 cum
3433 2439 3525 2480 es-

1942 2525 2025 2573 set
2052 2516 2262 2589 Lystris
2286 2514 2539 2584 Eueam,
2563 2532 2593 2571 a
2626 2516 2910 2578 nativitate
2948 2516 3225 2583 claudum,
3261 2515 3317 2571 in
3346 2515 3525 2570 nomi-

1940 2622 2010 2664 ne
2038 2607 2250 2663 Domini
2279 2609 2512 2664 curavit.
2567 2608 2771 2673 Paulus
2803 2626 2899 2689 per
2930 2608 3197 2665 visionem
3233 2609 3288 2662 in
3341 2607 3524 2664 Mace-

1940 2703 2159 2758 doniam
2206 2711 2436 2762 vocatus
2482 2710 2588 2759 cst.
2638 2702 2842 2760 Paulus
2895 2703 3179 2757 mulierem
3232 2700 3521 2756 habentem

1940 2795 2195 2865 spiritum
2227 2793 2493 2866 Pythonis
2522 2795 2796 2869 purgavit.
2866 2792 3072 2847 Paulus
3098 2798 3152 2847 et
3192 2789 3334 2845 Silas
3390 2788 3522 2844 Phi-

1941 2883 2109 2954 lippis
2139 2882 2194 2938 in
2218 2883 2525 2940 custodiam
2554 2885 2815 2955 conjecti,
2848 2894 2901 2938 et
2926 2880 3091 2954 pedes
3143 2894 3332 2935 eorum
3369 2879 3520 2950 ligno

1938 2975 2224 3031 constricti
2247 2983 2395 3031 sunt.
2431 2974 2490 3030 1n
2515 2976 2697 3032 medio
2725 2983 2907 3030 autem
2942 2974 3123 3028 noctis
3155 2980 3316 3027 terrae
3335 2978 3519 3033 motus

1938 3074 2105 3120 actus.
2129 3072 2239 3131 est,
2263 3074 2318 3120 et
2342 3066 2522 3122 soluta
2552 3072 2682 3121 sunt
2705 3080 2896 3121 eorum
2928 3062 3173 3118 vincula.
3215 3062 3261 3113 Α
3285 3075 3521 3134 corpore

1938 3156 2091 3213 Pauli
2125 3158 2365 3223 sudaria,
2388 3159 2606 3230 aegrotis
2634 3173 2698 3213 ac
2728 3157 3081 3213 daemoniacis
3111 3154 3391 3226 imposita,
3419 3169 3519 3209 cu—

1936 3251 2207 3306 rationem
2250 3250 2567 3308 aﬂerebant.
2619 3250 2822 3308 Paulus
2870 3249 3084 3305 Troade
3136 3246 3441 3319 Eutychum
3486 3262 3518 3304 ο

1936 3343 2176 3405 fenestra
2209 3348 2521 3420 prolapsum
2554 3361 2617 3401 ac
2648 3353 2925 3399 mortuum
2958 3344 3256 3407 excitavit,
3284 3346 3516 3400 dicens:

1943 3458 1962 3492 ι
1998 3441 2193 3494 Anima
2219 3439 2340 3509 ejus
2368 3439 2423 3492 iu
2454 3438 2576 3508 ipso
2606 3443 2691 3491 est
2719 3437 2781 3488 εί.
2818 3454 2837 3487 ι
2872 3433 3078 3491 Paulus
3112 3435 3169 3489 in
3198 3434 3378 3507 Cypro
3401 3449 3521 3489 ma-

1936 3546 2062 3601 gum
2089 3530 2336 3602 Elymam
2376 3528 2700 3598 increpavit,
2724 3527 2819 3598 qui
2853 3534 2907 3582 et
2943 3542 3122 3583 caecus
3151 3513 3377 3583 eﬂ‘ectus
3406 3533 3517 3583 est.

1936 3616 2141 3675 Paulus
2173 3636 2297 3676 cum
2324 3620 2553 3675 Romam
2596 3617 2900 3688 navigaret,
2926 3625 3250 3687 tempestate
3279 3618 3518 3688 agitatus

1936 3722 2019 3768 est
2047 3712 2186 3782 ipse,
2217 3720 2272 3767 et
2299 3719 2570 3782 quotquot
2599 3725 2723 3765 cum
2750 3709 2844 3764 illo
2872 3709 2929 3763 iu
2962 3710 3089 3765 navi
3111 3715 3290 3775 erant,
3322 3693 3515 3765 noctes

1938 3818 2003 3858 ac
2030 3802 2148 3858 dies
2174 3800 2611 3873 quatuordecim.
2643 3800 2712 3854 Et
2738 3816 2863 3857 cum
2894 3800 3141 3864 universi
3159 3807 3389 3861 mortem
3419 3816 3515 3858 ex-

1937 3899 2267 3963 spectarent,
2296 3891 2470 3947 astitit
2497 3890 2668 3946 Paulo
2686 3890 2952 3946 Dominus
2971 3929 2987 3955 ,
3046 3891 3236 3947 dicens
3266 3908 3279 3946 :
3311 3909 3332 3944 (
3388 3889 3515 3947 Pro-

1936 3991 2057 4055 pter
2086 3992 2139 4039 te
2170 3982 2401 4053 largitus
2461 3998 2585 4038 sum
2638 3982 2796 4047 istis,
2840 3989 2901 4036 ut
2939 3981 3124 4037 vivant
3153 3983 3235 4048 “,
3293 4001 3314 4036 ι
3350 3974 3515 4054 atque

1938 4075 2140 4131 servati
2186 4083 2335 4130 sunt.
2368 4074 2598 4129 Paulum
2628 4090 2753 4130 cum
2802 4090 2834 4129 e
2871 4073 3000 4129 navi
3036 4089 3291 4145 egressus
3326 4084 3511 4141 esset,

1938 4167 2123 4236 vipera
2169 4167 2497 4233 momordit,
2561 4166 3058 4237 existimabantque
3115 4182 3308 4224 omnes
3365 4168 3511 4239 quod

1934 4262 2238 4317 moriturus
2287 4269 2473 4317 esset:
2508 4276 2633 4317 cum
2690 4275 2821 4315 vero
2872 4260 3076 4316 illaesus
3132 4271 3510 4331 permaneret,

1942 4352 2192 4407 arbitrati
2224 4361 2354 4409 sunt
2383 4353 2543 4408 deum
2576 4368 2699 4409 esse
2744 4352 3056 4424 quemdam.
3086 4351 3305 4409 Patrem
3332 4352 3513 4410 Publii

1935 4443 1993 4497 in
2023 4444 2200 4500 insula
2227 4444 2538 4517 dysenteria
2564 4446 2920 4508 laborantem,
2940 4445 3213 4515 impositis
3236 4446 3509 4509 manibus,

275 4542 425 4595 μισαν
462 4532 624 4585 αὐτὸν
663 4526 809 4585 εἶναι
853 4530 994 4583 θεόν.
1048 4530 1152 4584 Τὸν
1202 4530 1416 4603 πατέρα
1456 4528 1728 4585 Πουπλίου
1775 4530 1833 4583 ἐν

1940 4535 2158 4589 sanitati
2192 4536 2431 4593 restituit
2455 4536 2658 4593 Paulus
2681 4576 2697 4605 ,
2745 4543 2801 4593 et
2830 4536 2968 4592 alios
3010 4536 3212 4594 multos
3240 4536 3298 4594 in
3322 4536 3514 4596 eadem

270 4618 332 4687 τῇ
358 4621 495 4693 νήσῳ
510 4613 839 4692 δυσέντερίςι
856 4620 1211 4691 συνεχόμενον
1238 4618 1622 4692 χειροθετήσας
1644 4620 1832 4675 ἰάσατο

1938 4631 2116 4687 insula
2141 4641 2376 4702 aegrotos
2402 4634 2631 4690 curavit.

272 4706 302 4759 ὸ
342 4710 560 4779 Παῦλος,
608 4713 707 4767 καί
732 4711 931 4776 ἄλλους
976 4709 1201 4775 πολλοὺς
1250 4710 1607 4774 ἀσθενοῦντας
1657 4712 1715 4765 ἐν
1764 4714 1832 4784 τῇ
1864 4722 2014 4794 νήσῳ
2052 4722 2437 4797 ἐθεράπευσεν,

396 4869 638 4925 Βιϐλίαν
665 4874 743 4936 ς’.
796 4870 1149 4929 Ἐπιστολαί
1179 4870 1492 4926 καθολικαὶ
1518 4871 1690 4926 ἑπτά·

460 4954 475 4982 ι
636 4942 874 4995 τούτοιν
905 4938 1107 5011 πρώτη
1149 4941 1444 4998 Ἰακώϐου.
1551 4944 1559 4952 ’

333 5071 415 5126 52.
438 5075 557 5129 ’Arr'
582 5072 769 5130 αύτῶν
800 5071 913 5127 τῶν
947 5072 1272 5144 γραψάντων
1311 5075 1408 5128 καὶ
1437 5068 1602 5129 αὗται
1658 5089 1827 5145 προσ-

269 5165 621 5237 αγορεύονται.
649 5165 830 5228 Αὐτὸς
861 5163 1239 5236 γὰρ’ῐάκωϐος
1261 5166 1466 5237 ταύτην
1491 5165 1692 5237 γράφει
1714 5168 1828 5230 τοῖς

268 5256 371 5309 ἀπὺ
389 5260 491 5314 τῶν
523 5260 738 5314 δώδεκα
770 5256 961 5331 φυλῶν
990 5257 1358 5330 διασωρείσι,
1405 5259 1502 5313 καὶ
1531 5258 1828 5315 πιστεύσα-

271 5363 349 5401 σιν
374 5354 445 5418 είς
465 5354 555 5408 τὸν
583 5354 796 5427 Κύριον
823 5350 983 5423 ἡμῶν
1018 5350 1220 5422 Ἰησοῦν
1249 5352 1506 5425 Χριστόν.
1537 5352 1741 5424 Γράφει
1771 5354 1830 5408 δέ

266 5438 627 5519 διδασκαλικὴν
658 5447 763 5519 τὴν
801 5441 1143 5513 Ἐπιστολὴν,
1178 5442 1445 5498 διδάσκων
1491 5445 1621 5515 περὶ
1642 5444 1830 5516 διαφο-

270 5534 362 5599 ρᾶς
385 5538 719 5610 πειρασμῶν,
748 5539 907 5600 ποῖος
933 5534 1033 5606 μέν
1069 5536 1218 5588 ἐστιν
1245 5535 1355 5590 ἀπὸ
1386 5534 1545 5603 Θεοῦ,
1595 5540 1744 5603 ποῖος
1771 5538 1830 5591 δὲ

265 5621 367 5678 ἀπὸ
389 5629 481 5700 τῆς
508 5630 643 5695 ιδίας
684 5626 920 5700 καρδίας
971 5625 1078 5681 τῶν
1121 5628 1463 5701 ἀνθρώπων
1519 5632 1612 5685 καὶ
1646 5632 1726 5687 ὅτι
1767 5633 1827 5689 ού

323 5828 371 5881 κ
403 5833 517 5888 Act.
550 5848 662 5901 xx,
698 5832 792 5888 lo.
858 5831 920 5905 νυ
959 5829 1079 5887 Act.
1122 5847 1270 5888 xxvii
1294 5870 1309 5899 ,
1343 5830 1436 5887 ΞΔ.

1935 4877 2094 4934 Liber
2131 4878 2237 4945 γι,
2267 4879 2523 4951 Epistula:
2537 4882 3058 5007 cat‘he’ticcbseptom,
3080 4897 3307 4953 quarum
3333 4881 3511 4951 prium

2551 4968 2604 5007 es
2707 4970 2801 5007 aco
2840 4971 2878 5007 ι.

2551 4968 2631 5007 εει
2668 4968 2878 5010 δαεοοι.

2006 5086 2094 5142 52.
2133 5086 2217 5142 Ah
2239 5087 2557 5144 auctoribus
2597 5088 2714 5144 suis
2759 5097 2814 5145 et
2864 5090 2995 5159 ipsa-
3049 5084 3510 5143 nominasortitn

1937 5184 2085 5233 sunt.
2113 5174 2267 5232 Hanc
2292 5178 2437 5233 enim
2466 5176 2705 5234 Iacobus
2725 5178 2793 5233 ad
2826 5179 3192 5249 dispersosrex
3221 5175 3509 5232 duodecim

1935 5268 2215 5333 tribubus,
2263 5269 2321 5324 in
2374 5269 2661 5325 Dominum
2698 5277 2944 5327 nostrum
2995 5267 3181 5324 Iesum
3228 5267 3508 5325 Christum

1935 5358 2241 5424 credentes,
2272 5359 2514 5429 scripsit.
2549 5360 2780 5429 Scripsit
2830 5368 3012 5414 autem
3051 5357 3349 5429 Epistelam
3401 5358 3505 5415 do-

1934 5449 2093 5507 cendi
2131 5464 2317 5517 causa,
2342 5451 2546 5506 docens
2583 5451 2803 5506 scilicet
2822 5448 2891 5505 de
2918 5451 3280 5506 tentationum
3306 5449 3508 5507 discri-

1935 5545 2103 5608 mine,
2137 5558 2386 5613 quaenam
2418 5558 2449 5597 a
2480 5541 2610 5607 Deo,
2647 5558 2767 5614 quae
2813 5557 2941 5600 vero
2970 5560 3038 5598 ex
3068 5544 3295 5616 proprio
3318 5543 3509 5614 cujus-

1936 5651 2042 5708 que
2068 5634 2388 5696 mortalium
2408 5632 2574 5690 corde
2604 5634 2735 5691 sint.
2776 5632 2845 5690 Et
2866 5635 3012 5709 quod
3040 5650 3158 5692 non
3182 5633 3365 5692 verbis
3389 5642 3511 5697 tali-9
