4066 6388
566 368 674 426 U7

1718 367 1779 426 S.
1818 366 2280 426 ATllANASIUS.
2311 399 2382 411 --
2419 367 2647 425 DUBIA.

3686 369 3788 429 408

568 496 713 549 tun,
736 485 833 542 sed
857 493 915 542 et
939 486 1061 556 ipso
1082 497 1248 555 opere
1267 483 1604 541 ostendenda
1631 485 1708 541 sit
1730 485 1868 542 ﬁdes
1893 505 1910 540 :
1958 485 2131 556 quod~

2230 485 2374 558 λόγῳ
2391 487 2557 557 μόνῳ,
2573 485 2708 541 ἀλλὰ
2723 485 2817 540 καὶ
2828 484 2975 555 ἔργῳ
2985 484 3259 539 δεικνύναι
3274 485 3355 539 δεῖ
3368 486 3464 557 τὴν
3485 486 3685 543 πίστιν
3701 489 3790 542 καὶ

568 590 681 645 que
709 591 820 629 non
844 575 1121 631 auditores
1148 574 1318 645 legis,
1347 573 1443 631 sed
1473 573 1715 632 factores
1737 574 2127 645 justiﬁeeutur.

565 663 821 734 Pracipit
839 664 1003 719 etiam
1029 662 1097 719 de
1121 662 1384 721 divitibus
1406 705 1424 731 ,
1472 677 1543 719 ne
1586 664 1667 718 illi
1693 664 2025 735 pauperibus
2074 665 2131 721 in

564 756 827 813 Ecclesiis
861 753 1235 825 pratenntur,
1271 757 1371 812 sed
1402 755 1575 827 magis
1608 756 1981 827 increpentur,
2013 766 2134 813 tan-

564 864 731 920 quam
755 848 995 918 superbi.
1036 846 1277 904 Tandem
1307 848 1510 920 injuria
1542 846 1767 906 allectos
1791 849 2129 915 consolatus,

562 948 623 996 et
642 939 713 995 ad
734 938 1077 995 tolerantiam
1105 955 1283 1013 usque
1327 940 1397 996 ad
1428 940 1635 1011 judicis
1676 940 1968 999 adventum
2014 957 2134 999 ser-

560 1034 1178 1102 vandamadhortatus,
1220 1032 1410 1093 ubide
1457 1036 1815 1108 patientian
1862 1036 1971 1103 iis.
2007 1052 2135 1108 qua:

558 1125 667 1184 Job
703 1126 1049 1194 acciderunt,
1094 1128 1389 1197 admonet,
1435 1130 1682 1202 pracipit
1712 1137 1775 1184 ut
1826 1129 2130 1201 presbyteri

558 1226 825 1276 vocentur
841 1220 912 1276 ad
930 1230 1193 1292 εει-σωκ
1224 1222 1615 1293 studeaturque
1639 1223 1914 1293 quomodo
1936 1236 2131 1291 erran-

558 1323 646 1371 tes
671 1315 742 1370 ad
777 1315 1066 1372 veritatem
1086 1323 1499 1381 convertantur,
1521 1330 1589 1373 eo
1615 1314 1764 1384 quod
1793 1329 2005 1371 merces
2033 1314 2132 1369 hu-

553 1405 650 1475 ius
668 1407 854 1478 operis
879 1407 1022 1477 apud
1040 1406 1330 1463 Dominum
1351 1407 1609 1465 remissio
1635 1413 1710 1464 sit
1738 1415 2086 1479 peccatorum
2109 1425 2126 1461 :

560 1505 725 1569 atque
752 1498 829 1554 ita
855 1498 1113 1557 terminat
1143 1496 1462 1571 Epistolam.

1109 1714 1350 1775 Secunda
1372 1759 1389 1781 ,
1434 1717 1602 1773 Petri.

2230 578 2331 647 οὐχ
2352 578 2406 629 οἱ
2433 576 2696 648 ἀκροαταί
2720 575 2818 630 τοῦ
2849 576 3039 646 νόμου,
3056 575 3191 629 ἀλλὰ
3209 577 3258 629 οἱ
3286 576 3505 647 ποιηταὶ
3524 576 3789 631 δικαιοῦνο

2229 689 2342 726 ται.
2373 672 2510 742 Περί
2529 689 2588 724 τε
2617 671 2889 727 πλουσίων
2916 671 3307 742 παραγγέλλει,
3353 672 3441 724 ἵνα
3474 673 3550 743 μὴ
3575 670 3792 742 rspopr-

2229 780 2429 818 νωνται
2454 762 2565 816 τῶν
2585 762 2817 833 πτωχῶν
2840 763 2892 816 oi
2917 762 3161 816 πλούσιοι
3192 764 3251 816 ἐν
3278 765 3399 827 ταῖς
3427 760 3789 833 Ἐκκλησίαις,

2228 856 2369 911 ἀλλὰ
2395 855 2597 927 μᾶλλον
2619 858 2715 910 καὶ
2732 856 3190 929 ἐπιπλήττωνται,
3210 855 3286 920 ὡς
3300 856 3659 928 ὑπερήφανοι.
3683 854 3791 907 Καὶ

2227 948 2383 1013 τέλος
2410 950 2949 1021 παραμυθησάμενος
2962 950 3089 1013 τοὺς
3112 948 3519 1019 ἀδικουμένους,
3542 947 3637 1001 καὶ
3664 962 3793 1018 προ-

2228 1041 2573 1113 τρεψάμενος
2623 1042 2823 1105 αὐτοὺς
2869 1040 3242 1112 μακροθυμεῖν
3290 1040 3396 1103 ἐως
3442 1040 3542 1109 τῆς
3593 1052 3793 1107 παρου-

2232 1132 2356 1195 σίας
2383 1133 2481 1189 τοῦ
2518 1132 2731 1205 κριτοῦ,
2761 1132 2856 1186 καὶ
2884 1132 3101 1199 διδάξας
3128 1131 3257 1202 περὶ
3287 1130 3561 1202 ὑπομονῆς
3590 1132 3657 1183 ἐκ
3685 1126 3793 1182 τῶν

2229 1225 2324 1279 τοῦ
2363 1225 2494 1279 Ἰὼϐ·
2510 1227 2785 1299 χρηστῶν,
2818 1225 3184 1297 παραγγέλλει
3213 1224 3637 1297 προσκαλεῖσθαι
3672 1225 3794 1287 τοὺς

2230 1317 2635 1390 πρεσϐυτέρους
2656 1319 2749 1373 ἐπὶ
2768 1320 2896 1381 τοὺς
2923 1317 3307 1382 ἀσθενοῦντας,
3341 1318 3436 1370 καὶ
3475 1316 3799 1381 στωυδάξειν,

2226 1408 2580 1481 ἐπιστρέφειν
2606 1411 2735 1475 τοὺς
2763 1410 3136 1480 πλανηθέντας
3163 1410 3258 1464 ἐπὶ
3289 1409 3386 1481 τὴν
3413 1409 3690 1486 άληθειαν·
3722 1404 3797 1462 εἶ-

2228 1514 2321 1551 ναι
2369 1498 2480 1571 γὰρ
2526 1498 2719 1553 τούτου
2766 1499 2959 1571 μισθὸν
3000 1497 3154 1570 παρὰ
3194 1499 3291 1552 τοῦ
3345 1501 3554 1570 Κυρίου
3607 1500 3801 1575 ἄφεσιν,

2226 1590 2533 1665 ἁμαρτιῶν.
2563 1593 2676 1646 Καὶ
2700 1591 2874 1658 οὕτως
2889 1592 3087 1646 τελειοῖ
3109 1591 3209 1664 τὴν
3248 1589 3588 1663 Ἐπιστολὴν.

2716 1724 2968 1796 Δευτέρα
2984 1765 3003 1790 ,
3023 1724 3266 1793 Πέτρου.

627 1831 721 1887 53.
759 1830 827 1887 Et
860 1831 976 1891 hac
1000 1847 1220 1903 quoque
1246 1834 1317 1888 ab
1349 1848 1416 1889 eo
1443 1832 1793 1893 denominata
1833 1843 1941 1899 est,
1961 1850 1993 1889 a
2021 1852 2131 1911 quo

2302 1841 2394 1897 55.
2427 1841 2541 1895 Καὶ
2567 1840 2710 1911 αὕτη
2743 1840 2838 1893 τοῦ
2861 1838 3198 1911 γεγραφότος
3218 1836 3535 1909 ἐπιφέρεται
3554 1835 3656 1907 τὴν
3678 1833 3801 1901 κλῆτ

558 1930 646 1979 est
674 1923 899 1993 scripta.
922 1922 1115 1979 Petrus
1143 1925 1260 1995 ipse
1293 1925 1438 1980 enim
1458 1924 1687 1982 docendi
1709 1928 1885 1998 gratia
1913 1926 2132 1999 Episto-

558 2015 669 2070 lam
686 2014 827 2071 hanc
855 2013 1056 2072 Iudaeis
1081 2016 1150 2071 ad
1181 2015 1662 2073 Christianismum
1692 2022 1975 2077 conversis
2000 2063 2017 2088 ,
2074 2021 2131 2076 in

558 2107 897 2177 dispersione
947 2109 1281 2173 constitutis,
1312 2109 1555 2181 scripsit.
1605 2110 1714 2168 Eos
1743 2114 1888 2168 enim
1920 2117 2016 2187 qui
2063 2133 2133 2173 ex

556 2195 759 2254 ludatis
795 2197 951 2252 multi
993 2200 1373 2267 crediderant,
1422 2201 1730 2259 conﬁrmat.
1785 2204 1848 2260 Et
1896 2207 2131 2277 primum

557 2288 777 2360 quidem
804 2290 1029 2360 exponit
1053 2305 1119 2346 ac
1146 2292 1412 2363 declarat,
1443 2295 1590 2365 quod
1614 2295 1751 2353 ﬁdes
1774 2297 1831 2367 in
1852 2298 2132 2357 Christum

556 2399 587 2437 a
626 2383 907 2453 prophetis
932 2387 1318 2456 praenuntiata,
1360 2395 1413 2443 et
1441 2405 1539 2460 per
1569 2390 1793 2447 eosdem
1829 2391 2134 2461 signiﬁcata

555 2476 627 2529 sit
656 2475 991 2548 redemptio,
1041 2494 1164 2549 quae
1223 2486 1308 2536 est
1358 2496 1456 2550 per
1504 2483 1824 2553 sanguinem
1876 2484 2038 2553 ejus,
2078 2496 2134 2544 et

555 2568 700 2639 quod
730 2569 864 2639 ipsis
887 2585 954 2627 ac
979 2571 1233 2641 gentibus
1256 2573 1440 2628 omnia
1486 2574 1598 2630 sint
1641 2590 1739 2646 per
1781 2575 2131 2650 Evangelium

555 2660 898 2725 annuntiata,
929 2662 986 2716 in
1016 2677 1140 2732 quae
1177 2663 1353 2734 angeli
1386 2679 1604 2737 quoque
1645 2668 1959 2738 prospicere
1985 2669 2132 2727 desi-

556 2748 770 2805 derant.
811 2749 1015 2813 Deinde
1041 2761 1330 2823 postquam
1363 2755 1540 2817 suasit
1596 2762 1657 2811 ut
1701 2757 1865 2829 digne
1904 2774 2131 2815 conver~

556 2848 749 2895 sentur
784 2856 873 2907 eo,
902 2842 997 2913 qui
1046 2843 1199 2914 ipsos
1224 2845 1440 2900 vocavit
1472 2885 1489 2911 ,
1544 2847 1797 2904 admonet
1843 2857 1904 2903 ut
1951 2866 2131 2922 regem

558 2931 855 3001 honorent,
905 2941 961 2990 et
1009 2935 1329 3003 mulieribus
1383 2938 1548 2995 simul
1602 2955 1668 2996 ac
1713 2941 1849 2998 viris
1903 2958 2130 2999 concor-

557 3021 703 3083 diam
740 3026 1007 3097 praecipit.
1044 3025 1111 3081 Et
1140 3027 1232 3084 ubi
1281 3028 1352 3084 ad
1394 3046 1577 3090 mores
1618 3031 1885 3095 honestos
1940 3036 2131 3105 paucis

558 3115 880 3175 adhortatus
906 3127 1012 3184 est,
1039 3120 1312 3191 signiﬁcat
1342 3123 1451 3179 illis
1476 3164 1492 3189 ,
1533 3125 1678 3197 quod
1715 3133 1771 3184 et
1821 3128 2015 3185 inferis
2053 3128 2132 3185 fa-

557 3215 645 3265 cta
678 3211 752 3266 sit
780 3223 813 3264 a
851 3207 1082 3265 Domino
1106 3213 1421 3283 pradicatio
1448 3216 1641 3286 salutis
1685 3226 1740 3275 et
1770 3221 2131 3277 resurrectio-

556 3298 669 3363 nis,
703 3298 860 3370 145
886 3309 1027 3359 utet
1055 3301 1095 3356 ii
1122 3304 1217 3373 qui
1272 3313 1432 3363 antea
1476 3311 1678 3367 mortui
1728 3322 1892 3379 sunt,
1946 3330 2132 3370 resur-

557 3396 723 3459 gant,
751 3398 808 3457 et
848 3390 1164 3461 judicentur
1198 3396 1418 3468 quidem
1468 3401 1525 3456 in
1561 3418 1790 3474 corpore
1812 3444 1828 3470 ,
1872 3404 1929 3460 in
1954 3407 2129 3478 gratia

559 3497 689 3546 vero
718 3490 1137 3548 resurrectionis
1168 3494 1501 3563 persistant;
1544 3502 1599 3549 et
1639 3481 1786 3566 quod
1839 3496 1965 3556 linis
2013 3515 2130 3554 om-

557 3572 712 3629 nium
740 3578 1254 3652 appropinquaverit
1277 3621 1295 3649 ,
1339 3597 1641 3657 omnesque
1667 3592 1845 3657 parati
1882 3604 2006 3653 esse
2030 3590 2128 3646 de-

2237 1949 2321 1987 σιν
2346 1948 2362 1962 ·
2398 1930 2561 1996 αὐτὸς
2605 1930 2715 2003 γὰρ
2758 1930 2965 2000 Πέτρος
3003 1933 3116 1993 τοῖς
3156 1930 3215 1982 ἐν
3252 1931 3319 2000 τῇ
3351 1928 3620 1997 διασπορᾷ
3650 1920 3798 1979 οὖσιν

2246 2023 2542 2088 Ἰουδαίοις,
2568 2024 2663 2077 καὶ
2696 2023 3010 2094 γενομένοις
3056 2023 3421 2094 Χριστιανοῖς,
3473 2020 3678 2091 γράφει
3702 2018 3801 2089 τὴν

2232 2115 2522 2187 ἐπιστολὴν
2548 2115 2952 2185 διδασκαλικήν.
2991 2111 3209 2183 Ἑπιδὴ
3234 2111 3344 2183 γὰρ
3377 2111 3484 2166 ἀπὸ
3532 2110 3801 2164 Ἰουδαίων

2231 2209 2582 2275 ἐπίστευσαν,
2633 2207 2978 2278 ἐπιστηρίζει
3024 2206 3241 2267 αὐτούς.
3288 2205 3398 2258 Καὶ
3440 2202 3656 2274 πρῶτον
3705 2200 3801 2274 μὲν

2230 2302 2509 2374 ἐξηγεῖται
2526 2303 2619 2355 καὶ
2640 2299 3042 2363 ἀποδείκνυσιν,
3069 2300 3152 2352 ὅτι
3185 2300 3219 2369 ἠ
3249 2300 3327 2362 είς
3354 2296 3590 2370 Χριστὸν
3621 2294 3801 2358 πίστις

2229 2392 2340 2446 ἀπὸ
2365 2392 2474 2445 τῶν
2502 2389 2801 2463 προφητῶν
2837 2390 3175 2461 κατηγγέλη,
3217 2390 3310 2443 καὶ
3342 2388 3408 2441 δι’
3452 2387 3635 2440 αὐτῶν
3672 2386 3804 2457 ἐμη-

2230 2483 2366 2554 νύθη
2393 2485 2427 2555 ἡ
2455 2483 2543 2537 διὰ
2572 2482 2665 2535 τοῦ
2691 2483 2920 2553 αἵματος
2951 2482 3117 2535 αὐτοῦ
3145 2480 3411 2552 λύτρωσις
3428 2496 3442 2508 ·
3484 2478 3583 2532 καὶ
3609 2477 3692 2529 δτι
3710 2476 3806 2529 αὐ-

2229 2580 2344 2640 τοῖς
2375 2577 2472 2629 καὶ
2496 2577 2612 2638 τοῖς
2657 2574 2866 2628 ἔθνεσιν
2906 2572 3270 2644 εὐηγγελίσθη
3308 2572 3376 2626 τὰ
3406 2572 3607 2634 πάντα,
3655 2570 3736 2631 είς
3768 2566 3807 2622 ἃ

2228 2660 2455 2733 ἄγγελοι¹
2477 2663 2802 2735 ἐπιθυμοῦσι
2824 2664 3165 2736 παρακύψαι.
3199 2661 3354 2730 Εἶτα,
3394 2658 3808 2733 συμϐουλεύσας

2228 2756 2396 2821 ἀξίως
2424 2755 2519 2809 τοῦ
2543 2756 2872 2818 καλέσαντος
2904 2752 3359 2827 ἀναστρέφεσθαι,
3392 2751 3691 2824 προτρέπει
3712 2750 3808 2804 καὶ

2231 2846 2457 2919 βασιλέα
2474 2847 2609 2918 τιμᾷ
2622 2868 2662 2919 ε,
2701 2846 2917 2915 γυναιξί
2941 2863 3000 2900 τε
3032 2846 3127 2901 καὶ
3151 2845 3403 2919 ἀνδράσιν
3425 2845 3567 2915 duo;
3577 2843 3808 2916 ροσύνην

2229 2916 2627 3009 παραγγέλλει..
2649 2939 2762 2992 Καὶ
2799 2940 2879 3014 ες
2906 2937 2977 2992 τά
3020 2937 3126 3009 ῆθη
3162 2916 3494 3010 παραινέσας
3516 2935 3695 3005 ὀλίγα,
3717 2952 3811 3006 ση-

2232 3033 2437 3103 μαίνει,
2478 3032 2560 3086 au
2587 3031 2684 3106 καὶ
2732 3033 2814 3095 είς
2841 3031 2934 3085 τὸν
2974 3031 3109 3104 ᾅδην
3149 3032 3339 3101 γύγονε
3374 3030 3527 3101 παρὰ
3568 3028 3665 3082 τοῦ
3698 3029 3811 3091 Κυτ

2233 3125 2349 3198 ρίου
2400 3124 2463 3178 τδ
2505 3126 2769 3197 κήρυγμα
2814 3124 2913 3195 τῆς
2965 3124 3241 3197 σωτηρίας
3292 3124 3388 3177 καὶ
3428 3121 3804 3189 ἀναστάσεως,

2232 3219 2321 3272 ἵνα
2339 3219 2434 3272 καὶ
2452 3217 2504 3270 οἱ
2523 3216 2887 3279 ἀποθανόντες
2905 3216 3202 3279 άναστῶσι,
3225 3215 3319 3269 καὶ
3346 3214 3578 3287 κριθῶσι
3614 3214 3711 3285 μὲν
3746 3215 3809 3268 ἐν

2228 3310 2308 3382 τῷ
2325 3310 2559 3382 σώματι,
2578 3311 2647 3381 τῇ
2676 3308 2734 3362 δὲ
2761 3309 2946 3380 χάριτι
2974 3309 3074 3379 τῆς
3098 3309 3445 3371 ἀναστάσεως
3469 3307 3770 3378 διαμένωσι
3792 3324 3803 3336 ’

2229 3403 2325 3459 καὶ
2365 3402 2446 3457 ὅτι
2492 3400 2557 3456 τὸ
2586 3399 2739 3464 τέλος
2784 3399 3000 3454 πάντων
3045 3399 3231 3454 λοιπὸν
3260 3400 3474 3476 ῆγγισε,
3520 3399 3619 3452 καὶ
3654 3397 3808 3468 ὀφεί-

2229 3496 2381 3552 λουσι
2401 3494 2601 3557 πάντες
2621 3490 2827 3563 ἕτοιμοι
2855 3488 3123 3558 γίνεσθαι,
3142 3489 3219 3554 ὡς
3239 3489 3394 3558 λόγον
3418 3488 3709 3554 ἀποδόντες
3727 3487 3813 3561 τῷι

2231 3591 2415 3662 κριτῇ.
2448 3585 2560 3639 Καὶ
2583 3581 2754 3646 οὕτως
2786 3580 2980 3635 τελειοῖ
2996 3579 3094 3654 τὴν
3133 3578 3468 3651 Ἐπιστολὴν.
3792 3573 3797 3577 ’

555 3666 721 3727 beant
746 3670 814 3727 ad
839 3662 1071 3745 dandam
1090 3674 1259 3743 judici
1290 3676 1578 3734 rationem.
1601 3678 1780 3763 Atque
1808 3681 1884 3738 ita
1902 3682 2108 3751 claudit
2134 3682 2456 3759 Epistolam.

1034 3836 1234 3904 Tertia,
1256 3846 1306 3907 et
1328 3838 1446 3910 ipsa
1473 3838 1646 3895 Petri.

626 3966 718 4027 54.
747 3966 875 4029 Pari
906 3968 1070 4027 modo
1087 3976 1143 4024 et
1170 3969 1278 4026 ista
1303 3972 1374 4026 ab
1401 3973 1593 4029 eodem
1614 3976 1947 4047 conscripta,
1979 3978 2127 4048 ejus-

559 4055 686 4112 dem
714 4072 915 4117 nomen
936 4058 1179 4128 prafert.
1215 4058 1349 4114 Nam
1391 4061 1535 4117 idem
1564 4060 1762 4125 Petrus
1799 4074 1855 4122 et
1881 4067 2022 4131 hanc
2056 4067 2125 4123 ad

559 4163 659 4205 eos
700 4148 943 4220 scripsit,
971 4150 1067 4220 qui
1107 4150 1224 4219 jam
1254 4151 1624 4211 crediderant.
1659 4153 1758 4211 Est
1799 4165 1981 4212 autem
2012 4159 2128 4214 haec

554 4239 835 4311 Epistola,
893 4243 1342 4298 commemoratio
1412 4245 1676 4316 priorum.
1736 4248 1874 4304 Cum
1938 4262 2128 4308 nosset

556 4333 706 4388 enim
745 4331 860 4387 cito
890 4330 1130 4387 futuram
1161 4334 1410 4404 corporis
1447 4336 1533 4390 sui
1560 4337 1969 4406 resolutionem,
2004 4357 2124 4396 ma-

560 4432 681 4477 ture
709 4436 902 4479 omnes
936 4422 1220 4493 admonuit
1240 4423 1309 4479 de
1332 4423 1603 4495 doctrina,
1632 4443 1740 4497 qua
1770 4428 1978 4499 pridem
2005 4430 2124 4498 (ue-

558 4520 687 4568 rant
712 4512 972 4570 instituti.
996 4513 1065 4569 Et
1094 4517 1331 4586 primum
1376 4517 1596 4589 quidem
1627 4520 1696 4576 de
1737 4520 1844 4577 ﬁde
1882 4524 2126 4589 disserit,
2158 4504 2205 4559 Ῑ)

558 4614 615 4663 et
650 4607 907 4677 cstendit,
937 4607 1083 4679 quod
1111 4623 1143 4679 a
1165 4610 1439 4680 prophetis
1478 4611 1572 4667 illa
1604 4613 1676 4668 sit
1703 4617 2045 4680 annuntiata,
2075 4624 2131 4672 et

558 4699 707 4771 quod
764 4700 1062 4771 prophetia:
1106 4701 1175 4757 de
1222 4700 1501 4759 Salvatorc
1545 4719 1656 4763 non
1702 4706 1814 4761 sint
1855 4707 2126 4774 humanm,

559 4792 657 4849 sed
683 4807 716 4847 a
746 4791 860 4848 Deo
888 4794 1282 4864 praenuntiata.
1327 4796 1530 4853 Deinde
1571 4798 1861 4854 denuntiat
1904 4801 2033 4865 illis,
2058 4818 2129 4857 ne

560 4884 943 4945 seductorihus
981 4885 1283 4951 attendant,
1324 4887 1541 4944 illorum
1589 4890 1946 4962 perditionem
1980 4891 2129 4947 futu-

558 4992 675 5031 ram
698 4978 1017 5047 praedicens,
1035 4981 1489 5053 quemadmodum
1508 4988 1563 5037 et
1593 4984 1799 5054 angelis
1819 4994 2127 5056 transgres-

561 5068 782 5124 soribus
817 5071 1068 5142 contigit.
1107 5070 1395 5142 Signiﬁcat
1434 5079 1617 5143 autem
1662 5071 1720 5128 in
1754 5073 1859 5128 hac
1884 5072 2127 5144 Epistola

559 5160 777 5220 futuros
801 5162 941 5230 dies,
968 5164 1167 5239 quibus
1188 5165 1445 5223 illusores
1472 5166 1679 5238 passim
1710 5165 2041 5231 circuibunt,
2072 5174 2128 5224 et

557 5256 907 5314 conabuntur
937 5257 1153 5328 aliquos
1200 5257 1485 5325 seducere,
1532 5257 1798 5322 dicentes,
1831 5257 1981 5333 quod
2008 5258 2128 5313 ina-

555 5350 698 5404 niter
722 5363 756 5403 a
795 5348 958 5407 nobis
995 5348 1324 5421 pradicetur
1357 5349 1622 5406 adventus
1654 5348 1949 5409 Salvatoris
1977 5348 2126 5421 tutu.

554 5452 675 5502 rus,
705 5451 774 5494 eo
801 5436 951 5509 quod
988 5438 1038 5495 is
1064 5453 1192 5494 cum
1239 5453 1456 5507 semper
1496 5437 1844 5508 pradicetur,
1880 5440 2124 5496 nondum

554 5527 787 5584 venerit.
824 5528 911 5585 Ab
943 5528 1033 5585 his
1061 5530 1227 5602 igitur
1266 5530 1505 5585 maxime
1548 5529 1821 5587 abstinere
1858 5532 2122 5602 pmcipit,
2166 5594 2171 5600 ,

553 5614 799 5684 docens,
843 5633 917 5675 ne
956 5633 1123 5674 morae
1151 5634 1319 5677 causa
1359 5619 1599 5674 animum
1639 5618 2122 5689 despondeamus:

556 5724 721 5765 omne
743 5725 986 5781 namque
1011 5718 1223 5783 tempus
1264 5711 1400 5768 nihil
1438 5727 1562 5768 esse
1593 5712 1648 5766 in
1682 5721 1981 5782 conspectu
2020 5713 2126 5768 Do-

554 5801 711 5870 mini,
743 5815 868 5859 cum
912 5819 1019 5860 una
1064 5802 1182 5862 dies
1218 5806 1291 5863 sit
1333 5807 1508 5862 instar
1554 5805 1704 5861 mille
1748 5820 2038 5875 annorum,
2070 5815 2125 5865 et

2509 3843 2707 3910 Τρίτη,
2747 3836 2935 3891 πάλιν
2963 3835 3061 3893 καὶ
3093 3835 3245 3904 αὕτη
3275 3832 3524 3902 Πέτρου.

2299 3978 2391 4033 54.
2406 3975 2640 4046 Ὁμοίως
2653 3971 2749 4028 καὶ
2768 3970 2906 4042 αὕτη
2935 3968 3088 4042 παρὰ
3114 3967 3208 4022 τοῦ
3229 3966 3393 4022 αὐτοῦ
3409 3968 3684 4038 γραφεῖσα
3707 3967 3817 4039 τὴν,

2228 4070 2420 4124 τούτου
2450 4068 2563 4136 ⁸ἔχει
2594 4063 2908 4135 ὀνομασίαν.
2924 4060 3097 4124 Αὐτὸς
3120 4059 3228 4133 γὰρ
3244 4058 3452 4129 Πέτρος
3474 4059 3572 4112 καὶ
3601 4057 3811 4131 ταύτην

2229 4160 2533 4217 ἐπιστέλλει
2559 4160 2670 4221 τοῖς
2686 4157 2785 4229 ήδη
2809 4155 3181 4211 πιστεύσασιν.
3198 4153 3352 4206 Ἐστι
3378 4152 3435 4204 δὲ
3466 4153 3500 4223 ἡ
3518 4151 3811 4229 Ἐπιστολὴ

2233 4253 2541 4323 ὑπόμνησις
2574 4247 2684 4301 τῶν
2718 4246 2970 4321 πρώτων.
3011 4245 3185 4310 Εἰδὼς
3222 4245 3331 4317 γάρ
3369 4247 3592 4313 ταχεῖαν
3636 4238 3818 4298 αὐτοῦ’

2227 4340 2447 4395 ἔσεσθαι
2466 4339 2562 4411 τὴν
2578 4339 2834 4395 ἀνάλυσιν
2856 4336 2950 4391 τοῦ
2984 4335 3252 4407 σώματος,
3266 4333 3562 4388 ἐσπούδασε
3596 4333 3810 4399 πάντας

2230 4433 2541 4503 ὑπομνῆσαι
2562 4432 2691 4502 περὶ
2710 4424 2786 4484 ὧν
2808 4427 3192 4500 κατηχήθησαν
3206 4426 3301 4496 τὴν
3314 4424 3812 4480 διδασκαλίαν.Κα“ι

2233 4521 2449 4592 πρῶτον
2467 4521 2564 4594 μὲν
2584 4520 2824 4592 περὶτῆς
2847 4518 3081 4582 πίστεως
3102 4516 3392 4586 ἐξηγεῖται,
3416 4516 3511 4569 καὶ
3529 4514 3812 4572 δείκνυσιν

2230 4610 2339 4666 ἀπὸ
2367 4611 2476 4665 τῶν
2522 4610 2816 4682 προφητῶν
2849 4609 3018 4680 αὐτὴν
3057 4606 3467 4679 εὐηγγελίσθαι·
3499 4608 3596 4661 καὶ
3631 4608 3715 4660 ὅτι
3748 4608 3810 4661 αἱ

2230 4706 2555 4775 προφητεῖαι
2581 4704 2638 4758 αἱ
2674 4704 2803 4775 περὶ
2831 4701 2926 4756 τοῦ
2954 4701 3204 4771 Σωτῆρος
3229 4700 3330 4753 οὐκ
3360 4699 3499 4752 εἰσὶν
3525 4698 3812 4770 ἀνθρώπι-

2227 4813 2336 4867 ναι,
2370 4795 2507 4849 ἀλλὰ
2527 4794 2679 4867 παρὰ
2699 4794 2834 4848 Θεοῦ
2860 4793 3218 4865 ἐλαλήθησαν.
3235 4793 3468 4845 Ἔπειτα
3489 4790 3815 4861 παραγγέλ-

2225 4886 2307 4962 λει
2334 4886 2409 4958 μὴ
2438 4888 2726 4958 προσέχειν
2744 4889 2856 4949 τοῖς
2879 4884 3148 4948 ἀπατῶσι,
3180 4882 3355 4952 λέγων
3383 4882 3601 4938 ἔσεσθαι
3624 4884 3813 4939 αὐτῶν

2227 4980 2523 5045 ἀπώλειαν,
2558 4980 2745 5051 ῶσπερ
2782 4979 2877 5034 καὶ
2905 4979 3011 5032 τῶν
3042 4977 3403 5051 παραϐάντων
3435 4978 3683 5046 ἀγγέλων
3707 4978 3812 5047 γέ-

2225 5091 2368 5143 γονε.
2401 5072 2713 5144 Προμηνύει
2740 5071 2798 5126 δὲ
2826 5072 2885 5125 ἐν
2913 5068 3281 5143 τῇΈπιστολῇ
3314 5068 3528 5143 ἡμέρας
3558 5067 3811 5134 ἔσεσθαι,

2225 5162 2286 5215 ἐν
2299 5155 2386 5225 αἷς
2405 5162 2702 5232 ἐμπαῖκται
2730 5159 3181 5231 περιπατήσουσι,
3205 5158 3300 5214 καὶ
3318 5156 3639 5227 θελήσουσιν
3659 5158 3815 5210 ἁπα-

2225 5256 2326 5326 τᾷν
2357 5271 2530 5318 τινας,
2570 5253 2819 5323 λέγοντες
2850 5250 3027 5323 μάτην
3074 5250 3327 5320 λέγεσθαι
3353 5251 3485 5321 παρ’
3513 5249 3674 5321 ἡμῶν
3703 5251 3817 5321 τὴν

2226 5347 2531 5420 παρουσίαν
2564 5346 2659 5400 τοῦ
2685 5344 2957 5417 Σωτῆρος,
2979 5342 3066 5397 διὰ
3081 5343 3143 5396 τὸ
3161 5343 3249 5396 ἀεὶ
3278 5336 3554 5410 λέγεσθαι,
3578 5341 3672 5397 καὶ
3696 5343 3817 5413 μή-

2229 5458 2317 5496 πω
2339 5437 2757 5511 παραγενέσθαι.
2784 5436 2919 5506 Ἀπὸ
2954 5434 3160 5491 τούτων
3184 5429 3277 5487 οὖν
3303 5432 3399 5487 καὶ
3424 5431 3664 5503 μάλιστα
3694 5432 3816 5487 άπ-

2225 5531 2443 5603 έχεσθαι
2466 5528 2854 5602 παραγγέλλει,
2881 5526 3166 5591 διδάσκων,
3192 5525 3265 5597 μὴ
3297 5524 3581 5595 ὀλιγωρεῖν
3608 5525 3669 5576 ὲν
3687 5526 3821 5591 τοῖς.

2225 5624 2457 5695 χρόνοις.
2488 5622 2674 5676 Πάντα
2704 5620 2813 5692 γὰρ
2845 5619 2936 5674 τὸν
2962 5619 3151 5690 χρόνον
3197 5616 3363 5691 μηδὲν
3399 5612 3539 5671 εἶναι
3571 5615 3817 5671 ἐνώπιον

2226 5715 2454 5786 Κυρίου,
2474 5714 2565 5768 διὰ
2586 5713 2647 5767 τδ
2668 5713 2762 5767 καὶ¹
2788 5712 2888 5783 τὴν
2916 5709 3042 5782 μίαν
3070 5709 3282 5781 ἡμέραν
3307 5707 3383 5771 ὡς
3405 5707 3554 5779 χίλια
3587 5706 3681 5779 ἐτη
3723 5703 3815 5762 εἴ·-

2228 5824 2335 5873 ναι,
2367 5806 2459 5861 καὶ
2493 5805 2565 5861 τὰ
2596 5804 2738 5877 χίλια
2777 5803 2871 5877 ἔτη
2909 5804 2984 5869 ὡς
3023 5802 3233 5876 ἡμέραν
3277 5800 3427 5875 μίαν.
3446 5799 3713 5856 Ἐσεσθαι
3749 5800 3817 5875 δέ
