4066 6388
252 367 316 426 ιιι)
1327 383 1668 444 SYNOPSIS
1708 387 2124 455 SCRIPTURE
2160 401 2436 460 SACBE.

3367 412 3474 468 ιω

417 485 526 558 τὴν
855 464 1060 569 Ιξυρίου
1090 497 1509 569 διαϐεϐαιοῦται,
1550 504 1643 559 καὶ
1667 505 1782 559 ἀπο

1901 510 2050 568 mille
2088 515 2216 570 anni
2244 515 2420 573 instar
2458 518 2620 573 unius
2655 518 2786 577 diei.
2818 519 3063 578 Allirmat
3098 524 3262 580 simul
3291 539 3347 582 et
3377 529 3474 584 de-

254 576 436 643 δείκνυσι,
486 581 599 634 καὶ
640 583 966 641 ἐντέλλεται
1009 588 1257 660 ἑτοίμους
1302 588 1439 650 εἶναι
1471 595 1679 660 πάντας
1720 599 1802 663 είς

254 666 418 738 αὐτὴνὲν
438 668 650 740 ἔργοις
680 675 943 744 ἀγαθοῖς,
967 679 1060 747 καὶ
1087 680 1305 754 ἀγαπᾷν
1322 682 1395 737 τά
1417 684 1523 740 ὑπὸ
1552 686 1644 740 τοῦ
1663 687 1798 742 ἀπο-

256 759 370 813 στόλου
395 760 638 817 Παύλου
670 767 988 838 γραφέντα,
1014 771 1107 824 καὶ
1136 773 1210 844 μὴ
1239 775 1524 846 προσέχειν
1549 781 1661 842 τοῖς
1685 779 1801 834 δια-

256 849 463 942 όάλλουσιν
495 854 660 923 αὐτὰ
690 857 791 912 διὰ
820 861 884 913 τὸ
911 862 1004 936 καὶ
1040 863 1221 929 πάσας
1250 866 1348 930 τὰς
1390 867 1541 933 θείας
1573 869 1615 922 Γ
1619 869 1797 942 ραφάς

256 939 484 1000 διαϐάλλειν
519 945 773 1014 αὐτούς.
806 950 1160 1024 ’Υπομνήσας
1181 952 1274 1013 οὖν
1299 958 1392 1011 καὶ
1419 939 1637 1034 διδάξας
1658 939 1796 1015 πάν-

255 1049 315 1096 τας
330 1034 619 1106 προειδέναι
658 1039 739 1095 τὰ
770 1042 1379 1119 πράγματα,-παραινεῖ
1409 1049 1485 1121 μὴ
1511 1051 1794 1117 ἐκπίπτειν

256 1123 524 1269 magno?»
552 1130 668 1222 τῆς
702 1133 973 1203 πίστεως,
991 1139 1087 1199 καὶ
1101 1137 1272 1209 οὕτως
1302 1141 1500 1199 τελειοῖ
1524 1143 1624 1216 τὴν
1650 1144 1796 1201 Ἐπι-

260 1231 298 1267 at
336 1218 399 1269 ἠν.

260 1218 399 1290 στολήν.

678 1386 974 1498 ’Τετάρτῃ
1020 1430 1320 1499 Ἰωάννου.

307 1560 370 1616 55.
396 1560 577 1627 οὕτως
630 1561 736 1623 καὶ
773 1562 921 1636 αὕτη
958 1565 1219 1639 καλεῖται,
1270 1570 1458 1644 ἐπειδὴ
1502 1572 1597 1626 καὶ
1629 1573 1792 1640 αὐτὸς

273 1650 459 1723 Ἰωάννης
484 1656 515 1707 ὁ
542 1654 955 1727 εὐαγγελιστὴς
980 1659 1075 1713 καὶ
1096 1660 1299 1733 ταύτην
1320 1663 1641 1731 ἐπιστέλλει,
1659 1666 1790 1719 ὑπο-

270 1745 527 1816 μιμνήσκων
561 1747 698 1811 τοὺς
728 1747 836 1820 ῆδη
896 1751 1290 1818 πιστεύσαντας
1321 1754 1402 1819 είς
1444 1755 1535 1810 τὸν
1562 1757 1783 1829 Κύριον.

1901 602 2093 670 ciarat,
2123 606 2235 663 cito
2265 608 2510 664 futurum
2539 610 2753 667 Domini
2778 611 2952 681 diem,
2975 616 3328 689 pmcipitque
3353 633 3475 675 om-

1898 695 2085 763 nibus,
2122 706 2184 753 ut
2225 699 2295 756 ad
2339 701 2490 759 illius
2526 701 2820 760 adventum
2853 707 3031 777 parati
3064 709 3175 764 sint
3216 709 3274 765 in
3310 710 3472 769 bonis

1897 788 2178 858 operibus,
2222 799 2279 849 et
2320 793 2721 865 amplectantur
2746 811 2869 868 quae
2906 797 2977 854 ab
3004 800 3252 870 apostolo
3301 800 3472 860 Paulo

1898 879 2109 951 scripta
2142 892 2291 948 sunt,
2322 899 2424 939 nec
2461 900 2626 941 aures
2680 888 3095 945 accommodent
3133 891 3241 958 his,
3275 892 3368 962 qui
3406 908 3473 949 ea

1898 970 2346 1042 calumniantur;
2417 990 2545 1031 cum
2600 977 2764 1033 iidem
2818 986 2874 1035 et
2920 980 3205 1039 universas
3255 984 3473 1041 divinas

1899 1059 2216 1132 Scripturas
2257 1064 2680 1123 calumnientur.
2725 1067 3026 1142 Postquam
3066 1073 3236 1145 igitur
3277 1089 3471 1132 omnes

1895 1151 2180 1209 admonuit
2209 1169 2275 1211 ac
2305 1155 2516 1223 docuit,
2547 1166 2608 1213 ut
2632 1159 2741 1215 ista
2780 1159 2964 1218 futura
3010 1164 3226 1231 sciant,
3283 1166 3473 1221 horta-

1894 1249 1987 1297 tur
2020 1258 2090 1299 ne
2133 1244 2423 1317 quisquam
2450 1262 2484 1303 a
2524 1248 2652 1307 lidei
2697 1263 2867 1323 scopo
2905 1253 3143 1322 aberret,
3199 1262 3364 1327 atque
3395 1256 3471 1311 ita

1889 1334 2020 1397 linit
2042 1335 2360 1408 Epistulam.

2427 1456 2659 1525 Quarta,
2689 1457 2938 1515 Joannis.

1964 1583 2058 1641 55.
2086 1583 2202 1642 Hoc
2227 1588 2451 1646 nomine
2478 1601 2704 1647 vocatur
2731 1600 2788 1648 et
2813 1594 2943 1659 ista,
2976 1593 3123 1664 quod
3153 1594 3271 1667 ipse
3303 1592 3472 1653 Joan-

1891 1690 1993 1741 nes
2012 1679 2347 1750 evangelista
2366 1696 2486 1737 eam
2516 1684 2927 1756 conscripserit,
2953 1693 3014 1743 ut
3034 1687 3472 1746 commoneface-

1894 1776 1981 1825 ret
2016 1784 2111 1828 eos
2150 1773 2245 1843 qui
2286 1772 2398 1843 jam
2432 1774 2488 1829 in
2541 1773 2834 1832 Dominum
2867 1778 3237 1838 crediderant.
3265 1779 3333 1835 Et
3358 1781 3473 1852 pri-

267 1837 341 1889 lial
363 1837 557 1909 πρῶτον
586 1839 690 1911 μὲν
728 1839 927 1911 ὥσπερ
955 1844 1014 1897 ὲν
1038 1843 1116 1916 τῷ
1137 1845 1473 1935 Εὑαγγελίῳ,
1502 1846 1675 1913 οὓτως
1698 1851 1782 1904 καὶ

1891 1874 2042 1915 mum
2074 1837 2303 1932 quidem
2328 1865 2555 1935 perinde
2583 1877 2746 1939 atque
2778 1869 2835 1924 in
2871 1868 3188 1941 Evangelio,
3225 1837 3304 1928 ita
3333 1837 3387 1928 et
3413 1874 3471 1929 in

265 1928 453 2002 δνταύτῃ
473 1933 537 2003 τῇ
568 1931 866 2007 Ἐπιστολῇ
888 1934 1127 2006 θεολογεῖ
1160 1940 1287 2011 περὶ
1314 1940 1409 1994 τοῦ
1428 1931 1632 2011 Λόγου,
1650 1943 1785 2013 ἀπο-

240 2014 422 2085 Ὶεικνὺς
453 2023 612 2077 αὐτὸν
641 2026 732 2080 ἀεὶ
762 2023 909 2083 εἶναι
931 2030 991 2084 ὲν
1015 2029 1093 2102 τῷ
1120 2032 1259 2105 Θεῷ,
1292 2034 1383 2088 καὶ
1415 2034 1679 2107 διδάσκων
1698 2039 1789 2093 τὸν

265 2114 427 2186 Πατέρα
450 2116 564 2187 φῶς
596 2115 759 2186 εἶναι,
800 2121 892 2176 ἵνα
923 2124 1016 2176 καὶ
1043 2122 1215 2189 οὕτως
1247 2128 1464 2200 γνῶμεν
1494 2130 1584 2183 τὸν
1617 2132 1790 2202 Λόγον

262 2207 540 2281 ἀπαύγασμα
575 2210 635 2278 ἐξ
666 2211 838 2267 αὐτοῦ
884 2209 1044 2269 εἶναι.
1085 2217 1361 2288 Θεολογῶν
1392 2221 1482 2288 δὲ,
1516 2222 1789 2296 ἐξηγεῖται

260 2300 313 2370 μὴ
340 2302 582 2376 νεώτερον
606 2301 745 2358 εἶναι
777 2306 844 2360 τὸ
874 2307 996 2361 καθ’
1022 2311 1166 2381 ἡμᾶς
1199 2314 1512 2385 μυστήριον,
1538 2315 1673 2370 ἀλλά
1695 2318 1789 2385 καὶ

256 2391 299 2457 ἐξ
315 2393 463 2465 ἀρχῆς
491 2396 588 2466 μὲν
619 2396 709 2451 ἀεὶ
735 2402 1035 2472 τυγχάνειν
1067 2402 1218 2470 αὐτὸ,
1254 2403 1350 2457 νῦν
1387 2405 1445 2458 δὲ
1472 2409 1788 2482 πεφανερῶο

254 2483 349 2537 σθαι
368 2488 418 2538 ὲν
445 2486 521 2558 τῷ
540 2490 751 2562 Κυρίῳ,
788 2491 942 2557 ὅστις
973 2493 1088 2546 ἐστὶ
1117 2492 1229 2564 ζωὴ
1258 2494 1493 2562 αἰώνιος,
1529 2498 1625 2551 καὶ
1655 2499 1787 2565 Θεὸς

249 2574 475 2645 ἀληθινός.
508 2581 618 2635 Καὶ
641 2582 704 2636 τὸ
739 2584 919 2638 αἴτιον
944 2584 1000 2638 δὲ
1027 2584 1126 2657 τῆς
1157 2586 1254 2641 τοῦ
1286 2589 1459 2658 Λόγου
1486 2592 1787 2663 παρουσίας

245 2671 320 2723 καὶ
350 2673 654 2751 ἐπιφανείας
688 2676 862 2731 αὑτοῦ
886 2677 1097 2749 τίθησιν
1125 2676 1263 2733 εἶναι
1287 2678 1459 2749 λέγων
1489 2682 1667 2747 τοῦτο,
1694 2684 1789 2738 ἐπὶ

240 2758 291 2811 τὸ
318 2763 593 2820 καταλῦσαι
611 2766 683 2820 τὰ
703 2766 847 2839 ἔργα
874 2767 968 2821 τοῦ
1000 2768 1265 2835 διαϐόλου,
1283 2773 1376 2824 καὶ
1404 2773 1550 2843 ἡμᾶς
1576 2772 1788 2828 ἐλευθε-

238 2851 448 2923 ρωθῆναι
467 2857 556 2910 τοῦ
573 2858 830 2927 θανάτου,
848 2861 946 2915 καὶ
965 2861 1249 2931 γινώσκειν
1264 2862 1412 2936 ἡμᾶς
1432 2866 1523 2919 τὸν
1543 2855 1784 2939 Πατέρα,

230 2944 311 2996 καὶ
345 2946 497 3001 αὐτὸν
532 2949 623 3005 τὸν
654 2950 811 3016 Υίὸν,
841 2952 936 3006 τὸν
969 2952 1171 3025 Κύριον
1211 2954 1367 3026 ἡμῶν
1406 2955 1613 3028 Ἰησοῦν
1649 2960 1786 3030 Χρι-

230 3035 358 3090 στόν.
384 3038 575 3110 Γράφει
599 3041 735 3111 γοῦν
765 3043 908 3115 πρὸς
942 3045 1121 3099 πᾶσαν
1146 3043 1385 3117 ἡλικίαν,
1405 3048 1543 3120 πρὸς
1574 3050 1782 3117 παιδία,

225 3127 349 3197 πρὸς
376 3132 698 3199 νεανίσκους,
729 3134 873 3206 πρὸς
890 3134 1171 3208 γέροντας,
1186 3136 1268 3190 ᾶει
1292 3138 1322 3190 ό
1347 3136 1444 3209 μὲν
1467 3138 1598 3205 Θεὸς
1616 3139 1785 3210 ὲγνώ-

1890 1950 1993 2007 hac
2009 1950 2271 2023 Epistoia,
2297 1956 2367 2011 de
2390 1955 2551 2013 Verbi
2574 1959 2859 2016 divinitate
2883 1960 3144 2033 loquitur,
3176 1964 3471 2020 ostendens

1894 2042 2031 2105 illud
2063 2044 2121 2099 in
2149 2042 2260 2101 Deo
2294 2061 2510 2117 semper
2533 2065 2678 2115 esse,
2721 2066 2786 2106 ac
2825 2052 3029 2110 docens
3085 2053 3301 2111 Patrem
3347 2072 3472 2114 esse

1888 2135 2087 2205 lucem,
2122 2144 2183 2193 ut
2209 2138 2287 2193 ita
2320 2155 2721 2211 cognoscamus
2770 2142 3010 2201 Verbum
3060 2162 3184 2204 esse
3215 2149 3472 2218 splendo-

1887 2241 2006 2282 rem
2036 2243 2103 2283 ex
2136 2228 2279 2285 luce.
2316 2228 2610 2289 Disserens
2644 2241 2824 2289 autem
2868 2236 2937 2291 de
2963 2236 3247 2294 divinitate
3280 2238 3468 2306 Verbi,

1887 2317 2114 2389 exponit
2149 2326 2399 2375 nostrum
2443 2323 2770 2394 mysterium
2814 2341 2925 2381 non
2958 2342 3080 2384 esse
3108 2344 3334 2394 novum,
3373 2331 3471 2387 sed

1886 2425 2010 2467 esse
2035 2402 2432 2482 sempiternum
2467 2412 2537 2469 ab
2569 2413 2768 2471 initio:
2803 2431 2950 2472 nunc
2978 2433 3110 2473 vero
3147 2418 3472 2474 manifesta-

1888 2511 2002 2560 tum
2046 2504 2104 2560 in
2136 2504 2406 2574 Domino,
2446 2506 2539 2579 qui
2574 2508 2687 2564 vita
2714 2518 2796 2565 est
2843 2511 3173 2582 sempiterna
3205 2521 3259 2569 et
3305 2529 3469 2570 verus

1886 2596 2052 2654 Deus.
2091 2596 2333 2654 Causam
2355 2598 2522 2654 etiam
2554 2599 2626 2655 ob
2663 2605 2827 2671 quani
2856 2600 3100 2658 Verbum
3141 2604 3208 2659 ad
3240 2619 3343 2661 nos
3375 2620 3471 2661 ve.-

1884 2690 2029 2746 nerit
2051 2698 2107 2745 et
2134 2690 2487 2762 apparuerit,
2522 2691 2711 2763 ponit;
2743 2692 2885 2749 hanc
2918 2693 3187 2761 videlicet,
3213 2707 3272 2752 ut
3302 2712 3470 2768 opera

1885 2781 2091 2838 diaboli
2126 2782 2471 2850 dissolveret,
2533 2800 2597 2841 ac
2642 2802 2747 2844 nos
2776 2801 2807 2841 a
2838 2794 3016 2843 morte
3062 2787 3318 2845 liberaret
3355 2788 3471 2845 ein--

1887 2879 2145 2945 ceretque
2190 2881 2251 2930 ut
2281 2874 2499 2932 Patrem
2548 2891 2995 2948 agnosceremus,
3027 2885 3082 2935 et
3119 2877 3320 2934 Filium
3360 2879 3468 2936 Do-

1883 2965 2093 3021 minum
2122 2974 2374 3024 nostrum
2407 2966 2596 3026 Jesum
2623 2969 2926 3027 Christum.
2971 2969 3176 3027 Scribit
3202 2972 3374 3044 igitur
3398 2974 3467 3029 ad

1884 3072 2100 3113 omnem
2149 3065 2386 3127 atatem,
2433 3060 2504 3116 ad
2549 3076 2770 3133 pueros,
2822 3061 2890 3118 ad
2939 3063 3342 3129 adolescentes,
3395 3063 3466 3119 ad

1885 3161 2079 3214 senes,
2134 3150 2282 3220 quod
2326 3149 2471 3207 Deus
2522 3151 2844 3221 innotuerit,
2892 3155 3161 3212 diabolica
3219 3158 3466 3228 operatio

224 3219 333 3293 σθη,
360 3224 391 3292 ἡ
420 3224 475 3278 δὲ
515 3225 805 3298 διαδολικὴ
825 3206 1076 3299 ἐνέργεια
1099 3228 1285 3284 λοιπὸν
1316 3206 1614 3303 νενίκηται,
1646 3206 1779 3287 κατ-

1885 3206 2170 3312 deinceps,
2202 3206 2393 3300 deleta?
2415 3206 2856 3311 morte,
3191 3206 3464 3320 reliquum

218 3312 528 3384 αργηθέντος
586 3317 683 3372 τοῦ
730 3317 993 3374 θανάτου.
1039 3316 1170 3375 Εἶτα
1196 3320 1381 3378 λοιπὸν
1426 3323 1494 3379 δι’
1521 3324 1650 3397 ὅλης
1681 3325 1782 3398 τῆς

227 3399 521 3478 Ἐπιστολῆς
548 3409 678 3481 περὶ
707 3409 938 3483 ἀγᾴπης
969 3408 1224 3479 διδάσκει,
1252 3412 1421 3469 θέλων
1446 3416 1594 3497 ἡμᾶς
1620 3416 1781 3489 ἀλλή-

212 3491 325 3558 λους
353 3498 583 3571 ἀγαπᾷν,
611 3502 808 3574 ἐπειδὴ
843 3503 939 3558 και
969 3505 997 3558 ό
1027 3506 1261 3579 Χριστὸς
1289 3491 1576 3580 ἠγάπησεν
1608 3511 1776 3582 ἡμᾶς.

224 3587 513 3660 Ἑξηγεῖται
540 3590 634 3650 οὖν
678 3597 777 3650 ἐπὶ
806 3595 1072 3669 διαφορᾶς
1098 3599 1263 3670 φόϐου
1293 3602 1388 3656 καὶ
1413 3602 1655 3673 ἀγάπης,
1685 3604 1782 3657 καὶ

207 3679 399 3736 τέκνων
420 3684 553 3741 Θεοῦ
582 3689 679 3742 καὶ
702 3688 916 3743 τέκνων
941 3690 1211 3757 διαϐόλου,
1234 3694 1330 3747 καὶ
1356 3695 1485 3767 περὶ
1506 3695 1780 3767 ἁμαρτίας

208 3771 509 3850 θανατικῆς,
535 3781 631 3835 καὶ
669 3780 750 3854 μὴ
778 3781 1098 3855 θανατικῆς,
1123 3784 1218 3837 καὶ
1247 3784 1508 3857 διαφορᾶς
1537 3786 1781 3857 πνευμά-

203 3881 323 3924 των.
369 3872 476 3926 Καὶ
503 3874 694 3930 λοιπὸν
727 3875 947 3948 διαιρεῖ,
984 3880 1134 3931 ποῖον
1173 3878 1271 3949 μὲν
1322 3878 1547 3951 πνεῦμα
1584 3882 1650 3934 ὲκ
1680 3878 1776 3936 τοῦ

200 3955 324 4012 Θεοῦ
356 3963 490 4033 ἐστι,
518 3969 678 4022 ποῖον
706 3968 768 4022 δὲ
802 3968 909 4039 τῆς
936 3969 1166 4041 πλάνης,
1196 3972 1292 4025 κὶαὶ
1319 3972 1452 4027 πότε
1493 3972 1592 4045 μὲν
1619 3990 1780 4043 γινω-

196 4051 429 4123 σκόμεθα
456 4057 625 4113 τέκνα
640 4058 807 4123 Θεοῦ,
821 4060 955 4115 πότε
979 4060 1293 4117 δὲδιαὸόλου
1312 4080 1326 4095 ο
1353 4063 1446 4118 καὶ
1472 4065 1599 4137 περὶ
1622 4064 1780 4130 ποίας

190 4137 454 4212 ἁμαρτίας
482 4147 780 4219 ὀφείλομεν
819 4147 1077 4218 εὔχεσθαι
1096 4166 1112 4182 ο
1156 4151 1251 4206 καὶ
1274 4154 1357 4207 ὅτι
1382 4155 1412 4208 ό
1449 4153 1523 4226 μὴ
1546 4156 1777 4225 ἀγαπῶν

190 4226 277 4282 ὢν
309 4234 535 4307 πλησίον
564 4240 674 4294 οὐκ
701 4240 853 4294 ἔστιν
881 4239 1031 4306 ἄξιος
1053 4243 1151 4314 τῆς
1170 4244 1433 4316 κλήσεως,
1464 4246 1586 4300 οὐδὲ
1619 4246 1780 4302 δύνα-

191 4332 276 4408 ῖαε
307 4322 558 4393 λέγεσθαι
600 4328 699 4384 τοῦ
748 4331 1013 4402 Χριστοῦ.
1049 4333 1161 4387 Καὶ
1206 4334 1303 4406 τὴν
1331 4335 1559 4408 ἑνότητα
1590 4338 1648 4407 δὲ
1680 4337 1774 4392 τοῦ

194 4407 320 4501 Tim?
354 4418 488 4488 πρὸς
506 4421 601 4474 τὸν
624 4422 850 4493 Πατέρα
864 4423 1104 4480 δείκνυσι
1120 4443 1134 4458 ο
1160 4427 1255 4480 καὶ
1278 4428 1361 4481 ὅτι
1382 4430 1412 4482 ὁ
1445 4407 1774 4501 ἀρνούμενος

1881 3342 1965 3390 est
1983 3348 2080 3404 per
2108 3341 2283 3391 totam
2312 3335 2636 3408 Epistolam,
2655 3338 3005 3398 dilectionem
3036 3342 3220 3406 docet,
3251 3343 3463 3407 volens,

1882 3433 1943 3481 ut
1967 3442 2069 3483 nos
2087 3436 2280 3484 mutuo
2303 3428 2598 3501 diligamus
2622 3441 2933 3505 :propteren
2959 3435 3105 3506 quod
3130 3444 3185 3491 et
3212 3435 3467 3492 Christus

1880 3516 2075 3573 dilexit
2104 3534 2230 3577 nos.
2262 3518 2500 3576 Disserit
2528 3522 2714 3593 itaque
2742 3524 2811 3580 de
2837 3522 3144 3581 diilerentia
3171 3525 3389 3582 timoris
3410 3531 3468 3582 et

1880 3608 2216 3675 dilectionis,
2243 3610 2479 3666 ﬁliorum
2509 3611 2606 3669 Dei
2630 3621 2687 3669 et
2710 3613 2947 3670 ﬁliorum
2974 3615 3202 3680 diaboli,
3239 3615 3309 3671 de
3338 3631 3467 3685 pec-

1880 3705 2007 3753 cato
2036 3699 2277 3763 mortali,
2321 3707 2378 3755 et
2409 3716 2522 3757 non
2554 3703 2805 3770 mortali,
2834 3703 2903 3761 de
2943 3704 3251 3761 differentia
3298 3706 3463 3776 spiri-

1880 3795 2057 3841 tuum.
2086 3785 2360 3849 Discernit
2386 3789 2630 3857 demum,
2661 3792 2916 3862 quisnam
2963 3793 3193 3863 spiritus
3221 3808 3288 3850 ex
3322 3793 3459 3859 Deo,

1878 3881 2006 3949 quis
2033 3895 2166 3936 vero
2213 3881 2558 3941 seductionis
2600 3886 2693 3951 sit,
2727 3893 2784 3941 et
2811 3886 3032 3956 quando
3061 3901 3463 3957 cognoscamur

1880 3972 1978 4027 lilii
2002 3971 2118 4039 Dei,
2148 3972 2370 4043 quando
2397 3988 2531 4035 vero
2557 3972 2786 4033 diaboli.
2805 3976 2938 4033 item
2962 3991 3063 4047 pro
3092 3990 3205 4047 quo
3232 3984 3461 4044 peccato

1880 4078 2040 4119 orare
2071 4063 2389 4121 debeamus.
2420 4062 2490 4120 Et
2531 4063 2679 4135 quod
2721 4066 3008 4125 vocatione
3051 4066 3312 4138 indignus
3364 4066 3458 4129 sit,

1878 4171 1983 4211 nec
2014 4155 2222 4211 Christi
2250 4170 2375 4213 esse
2402 4155 2513 4213 dici
2544 4157 2742 4228 possit,
2765 4157 2859 4229 qui
2893 4158 3203 4228 proximum
3236 4173 3349 4214 non
3375 4157 3462 4214 di-

1878 4247 2017 4317 ligit.
2049 4245 2323 4303 Unitatem
2375 4246 2543 4302 etiam
2580 4246 2704 4303 Filii
2749 4263 2873 4304 cum
2906 4247 3071 4305 Patre
3109 4248 3371 4312 ostendit,
3405 4256 3461 4305 et

1877 4338 2024 4411 quod
2053 4338 2149 4410 qui
2184 4337 2384 4395 Filium
2413 4346 2599 4411 negat,
2634 4355 2737 4396 nec
2764 4340 2983 4397 Patrem
3009 4340 3226 4397 habeat.
3252 4341 3463 4399 Discer-

1877 4432 1960 4487 nit
1985 4447 2205 4503 quoque
2229 4432 2286 4487 in
2318 4433 2424 4488 hac
2453 4430 2726 4505 Epistola,
2761 4433 3039 4503 quodnam
3074 4433 3147 4489 sit
3173 4433 3460 4505 proprium

196 4500 282 4617 ἓν
310 4505 434 4563 Υἱὸν
466 4512 589 4566 οὐδὲ
632 4513 730 4568 τὸν
760 4514 985 4586 Πατέρα
1019 4516 1152 4588 ἔχει.
1184 4519 1462 4592 Διακρίνει
1507 4520 1566 4574 δὲ
1604 4500 1662 4576 ἐν
1703 4527 1771 4597 τῇ

1884 4500 2231 4588 Antichristi,
2265 4537 2462 4593 nempe
2500 4500 2626 4592 hoc,
2657 4523 2704 4580 si
2740 4500 2901 4596 1“
2930 4524 3079 4580 dicat
3100 4500 3306 4617 desum
3346 4538 3460 4579 non

198 4588 469 4687 Ἐπιστολῇ
497 4603 696 4676 ταύτῃ,
723 4605 905 4675 λέγων
927 4608 1100 4663 καὶτὸ
1132 4610 1260 4675 [διον
1274 4588 1368 4667 τοῦ
1385 4588 1771 4687 ’Δντιχρίστουί

202 4675 329 4777 eiut
352 4688 406 4743 δὲ
438 4693 599 4749 τοῦτο
637 4675 703 4749 τὸ
728 4696 913 4765 λέγειν
959 4699 1034 4771 μὴ
1070 4696 1209 4757 εἶναι
1239 4704 1331 4758 τὸν
1368 4675 1582 4777 Ἰησοῦν,
1611 4708 1775 4765 αὐτὸν

204 4771 283 4874 τὸν
311 4778 560 4874 Χριστὸν,
597 4786 711 4852 ἵνα,
743 4788 823 4852 ὡς
864 4789 942 4862 μὴ
973 4790 1123 4857 ὄντος
1150 4794 1381 4861 ἐκείνου,
1416 4771 1606 4853 ἑαυτὸν
1644 4800 1776 4874 εἴπῃ

207 4854 382 4963 εἶναιΔό
405 4870 666 4948 ψεύστης.
699 4854 970 4949 Παραινεῖ
999 4880 1057 4934 δὲ
1083 4854 1148 4937 δι’
1175 4884 1304 4956 ὅλης
1328 4854 1429 4958 τῆς
1457 4854 1775 4963 Ἐπιστολῆς

213 4951 276 5031 γ’ίῖ
298 4957 513 5051 ᾇθυμείν
540 4969 674 5034 τοὺς
713 4969 1076 5050 πιστεύοντας
1103 4974 1182 5047 τῷ
1220 4951 1432 5050 Κυρίιξ),
1465 4980 1514 5032 εῑ
1549 4951 1773 5051 μιπῠᾷξ

94 5082 101 5144 .L
210 5058 288 5144 at:
309 5050 367 5105 ὲν
387 5056 461 5128 τῷ
488 5059 706 5133 κόσμῳ,
734 5061 877 5117 ἀλλὰ
917 5063 1118 5135 μᾶλλον
1146 5069 1379 5140 χαίρειν,
1410 5071 1494 5126 ὃτι
1524 5050 1588 5126 τὸ
1614 5075 1772 5144 μίσος

213 5138 289 5192 πῦ
525 5153 773 5211 δείκνυσι
806 5155 939 5221 τοὺς
972 5138 1369 5229 πιστεύσαντας
1398 5138 1773 5238 μεταϐεδηκέ-

212 5242 282 5330 *ιι
308 5235 396 5330 ἀπέ
415 5244 574 5301 αὑτοῦ
601 5247 847 5321 κόσμου,
880 5250 978 5305 καὶ
1007 5245 1146 5306 εἶναι
1178 5254 1364 5310 λοιπὸν
1394 5235 1495 5327 τῆς
1518 5235 1772 5330 οὐρανίου

212 5321 474 5420 fabulae.
518 5338 634 5393 Καὶ
667 5340 730 5393 ἐν
749 5339 834 5411 τῷ
858 5340 1004 5395 τέλει
1032 5342 1091 5397 δὲ.
1129 5345 1229 5416 τῆς
1243 5321 1562 5420 Ἐπιστολῆς
1586 5321 1773 5404 ’πάλιν

207 5406 577 5510 ὑπομιμνήσκει
616 5406 828 5499 λέγων,
879 5428 963 5484 ὅτι
990 5432 1019 5485 ό
1045 5432 1139 5486 τοῦ
1167 5406 1302 5489 Θεοῦ
1328 5435 1457 5501 Υἱὸς
1640 5437 1773 5507 βιώ-

1879 4628 2004 4671 esse
2031 4612 2333 4680 Christum,
2368 4613 2447 4669 ita
2491 4620 2555 4670 ut
2584 4614 2743 4686 quasi
2773 4615 2865 4672 ille
2907 4630 3018 4671 non
3066 4615 3159 4681 sit,
3217 4615 3460 4684 seipsum

1880 4705 2115 4763 mendax
2146 4705 2237 4760 ille
2277 4705 2427 4762 dicat
2484 4721 2611 4764 esse
2641 4705 2945 4763 Christum.
2976 4705 3238 4761 Hortatur
3273 4713 3458 4761 autem

1879 4813 1978 4868 per
2009 4804 2177 4852 totam
2217 4795 2520 4871 Epistolam
2550 4812 2649 4855 eos
2688 4798 2784 4869 qui
2825 4796 3059 4854 Domino
3112 4798 3364 4858 credunt,
3398 4806 3459 4850 ut

1878 4905 1950 4946 ne
1990 4889 2178 4957 animo
2206 4887 2320 4944 sint
2369 4888 2607 4959 abjecto,
2646 4888 2694 4945 si
2733 4887 2863 4944 odio
2913 4888 3217 4963 habeantur
3248 4887 3300 4942 iu
3351 4884 3458 4939 hoc

1877 4979 2119 5047 mundo;
2153 4978 2250 5036 sed
2288 4980 2466 5050 magis
2509 4979 2805 5051 gaudeant,
2842 4980 2990 5050 quod
3030 4978 3215 5034 odium
3265 4974 3455 5030 mundi

1877 5071 2043 5142 hujus
2075 5070 2317 5130 declaret
2347 5072 2638 5129 credentes
2675 5072 2944 5143 migrasse
2980 5087 3047 5126 ex
3082 5070 3185 5125 hoc
3222 5066 3450 5132 mundo,

1874 5170 1929 5219 et
1954 5163 2186 5235 posthac
2211 5165 2528 5221 conversari
2563 5164 2621 5220 in
2649 5165 2825 5222 caelis.
2850 5164 2915 5219 Et
2938 5164 2994 5219 in
3026 5161 3176 5217 calce
3192 5159 3454 5232 Epistola

1876 5254 2077 5311 iterum
2112 5253 2373 5312 admonet
2415 5254 2614 5312 Filium
2678 5254 2774 5312 Dei
2812 5264 2934 5313 esse
2972 5255 3138 5310 vitam
3191 5259 3451 5309 aeternam

1876 5362 1943 5402 ac
1963 5361 2155 5401 verum
2202 5345 2396 5415 Deum,
2421 5356 2478 5404 et
2506 5356 2567 5403 ut
2601 5348 2681 5405 illi
2709 5348 3035 5413 serviamus,
3064 5359 3276 5418 nosque
3298 5344 3451 5417 ipsos

1874 5438 1944 5494 ab
1973 5436 2136 5492 idolis
2164 5436 2565 5495 custodiamus.

197 5504 293 5573 νεός
311 5511 441 5589 ἐστι,
475 5521 568 5576 καὶ
598 5522 744 5588 Θεὸς
773 5521 1058 5595 ἀληθινὸς,
1083 5525 1180 5580 καὶ
1212 5526 1300 5582 ἵνα
1329 5526 1506 5601 τούτῳ
1546 5504 1908 5603 δουλεύωμεν,
1938 5529 2034 5584 καὶ⁸
2065 5526 2422 5599 φυλάττωμεν
2452 5530 2680 5595 ἑαυτοὺς
2705 5528 2813 5585 ἀπὸ
2831 5528 2940 5583 τῶν
2970 5529 3222 5586 εἰδώλων.

371 5673 643 5751 Πέμπτη,
685 5660 894 5732 πάλιν
925 5676 1024 5731 καὶ
1056 5678 1205 5748 αὕτη
1247 5681 1547 5740 Ἰωάννου.

228 5803 314 5871 56.
339 5810 554 5887 Ταύτην
571 5815 653 5881 ὡς
683 5810 1074 5889 πρεσϐύτερος
1100 5816 1298 5889 γράφει
1335 5819 1497 5893 κυρίᾳ
1524 5820 1619 5876 καὶ
1645 5824 1758 5887 τοῖς

2295 5686 2516 5755 Quinta,
2548 5698 2598 5742 et
2621 5690 2736 5759 ipsa
2760 5686 3009 5745 Joannis.

1941 5820 2026 5876 56.
2058 5820 2208 5879 lianc
2234 5822 2392 5897 quasi
2425 5824 2607 5881 senior
2639 5824 2870 5880 dominae
2913 5825 3108 5882 scribit
3165 5834 3218 5884 et
3250 5822 3438 5883 liberis
