4066 6388
619 348 717 403 ut
1275 331 1298 376 δ

1725 355 1783 410 S.
1825 354 2290 414 ATHANASIUS.
2324 389 2392 400 —
2431 357 2654 416 DUBIA.

3755 361 3852 417 lli

618 470 757 537 ejus.
794 466 887 523 Est
915 476 1095 525 autem
1145 479 1524 542 argumentum
1577 471 1835 541 Epistulae
1858 475 1965 527 tale
2001 493 2012 527 :
2046 476 2178 529 Cum

2288 473 2493 538 τέκνοις
2535 473 2723 543 αὐτῆς.
2756 473 2818 525 Ἡ
2847 473 2902 526 δὲ
2937 475 3200 544 πρόφασις
3224 475 3323 544 τῆς
3352 475 3664 546 Ἐπιστολῆς
3684 474 3849 546 αὕτη·

619 561 824 616 videret
855 562 1054 618 liberos
1089 563 1253 631 hujus
1283 571 1432 619 recte
1463 564 1517 617 in
1552 565 1653 620 lide
1681 567 2016 631 conversari,
2045 569 2184 620 mul-

617 663 703 709 tos
741 662 922 710 autem
953 656 1272 713 seductores
1309 659 1622 722 circumire,
1657 661 1748 729 qui
1797 661 2040 715 dicerent
2092 663 2188 715 ad-

620 755 838 802 ventum
864 745 1064 804 Christi
1088 747 1144 802 in
1172 763 1338 804 carne
1360 765 1470 804 non
1494 766 1616 805 esse
1640 750 1864 817 factum,
1889 752 2186 822 Epistolam

619 838 759 892 hanc
810 838 1024 892 scribit.
1066 837 1133 893 Et
1167 839 1440 911 principio
1485 841 1705 910 quidem
1760 843 1946 896 laudat
1987 844 2188 899 liberos

617 927 758 996 ejus,
807 929 953 998 quod
995 929 1134 986 bene
1186 930 1565 1000 procederent.
1619 931 1822 988 Deinde
1869 933 2026 988 docet
2067 935 2188 990 ﬁdei

619 1028 824 1073 nostrae
856 1021 1179 1090 mysterium
1215 1038 1326 1076 non
1359 1037 1482 1078 esse
1525 1038 1738 1080 recens.
1785 1024 2046 1080 Hortatur
2091 1027 2190 1081 ite-

618 1124 741 1164 rum
791 1111 858 1165 ad
900 1111 1272 1178 dilectionem,
1317 1122 1372 1169 et
1429 1122 1490 1168 ut
1533 1124 1790 1170 maneant
1842 1117 1895 1170 in
1941 1118 2188 1172 doctrina

618 1218 739 1272 quae
784 1203 918 1274 ipsis
951 1213 1069 1261 erat
1113 1208 1335 1264 tradita.
1384 1207 1651 1278 Deinceps
1694 1208 1854 1263 docet
1900 1224 2015 1270 eos,
2049 1210 2190 1263 anti-

619 1296 888 1350 christum
937 1313 1080 1362 esse,
1111 1301 1206 1368 qui
1241 1299 1521 1355 Christum
1551 1300 1606 1354 in
1640 1316 1806 1354 carne
1840 1317 1950 1356 non
1975 1301 2189 1355 venisse

618 1386 785 1440 dicat.
821 1385 1114 1442 Denuntiat
1149 1397 1328 1446 autem
1358 1389 1488 1454 illis,
1515 1407 1584 1446 ne
1609 1405 1724 1451 eos.
1750 1391 1843 1460 qui
1879 1390 2189 1458 hujusmodi

620 1485 770 1543 sunt,
799 1479 856 1532 in
887 1478 1108 1533 domum
1142 1495 1295 1534 suam
1314 1483 1600 1552 quisquam
1626 1483 1873 1552 recipiat,
1904 1497 2078 1551 neque
2111 1497 2190 1536 sa-

618 1570 786 1625 lutem
825 1570 934 1625 illis
963 1571 1130 1636 dicat,
1171 1580 1334 1642 atque
1376 1573 1450 1627 ita
1477 1574 1737 1627 terminat
1767 1572 2080 1643 Epistulam.

1047 1680 1228 1747 Sexta,
1261 1693 1310 1738 et
1346 1685 1460 1755 ipsa
1489 1683 1738 1740 Joannis.

2301 565 2472 636 Ὁρῶν
2495 565 2564 618 τὰ
2600 566 2764 618 τέκνα
2797 564 2999 634 ταύτης
3031 566 3208 629 καλῶς
3239 568 3682 641 ἀναστρεφόμενα
3713 568 3769 619 ἐν
3789 571 3850 639 τῇ

2290 658 2490 720 πίστει,
2525 658 2616 711 καὶ
2638 657 2862 720 πολλοὺς
2885 656 3116 720 πλάνους
3151 660 3620 730 περιερχομένους,
3655 659 3748 711 καὶ
3775 658 3855 712 λέ-

2288 766 2480 818 γοντας
2516 749 2587 820 μὴ
2617 745 2752 802 εἶναι
2810 749 2908 818 τὴν
2939 750 3238 819 παρουσίαν
3261 749 3353 803 τοῦ
3389 750 3621 821 Χριστοῦ
3647 752 3704 802 ἐν
3733 766 3854 821 σαρ-

2289 842 2364 905 κὶ,
2407 841 2604 913 γράφει
2627 841 2725 912 τὴν
2749 839 3085 911 Ἐπιστολὴν.
3120 842 3231 894 Kal
3268 840 3482 912 πρῶτον
3523 840 3623 910 μὲν
3667 839 3856 893 ἀποδέ-

2289 951 2443 1004 χεται
2493 935 2663 1004 αὐτῆς
2703 933 2772 986 τὰ
2804 934 2968 986 τέκνα
3014 932 3194 995 καλῶς
3238 932 3639 1002 περιπατοῦντα
3659 949 3688 961 ἐ
3719 927 3852 995 εἶτα,

2288 1023 2552 1076 διδάσκων
2584 1023 2658 1094 μὴ
2680 1021 2940 1093 νεώτερον
2971 1018 3106 1075 εῖναι
3128 1023 3187 1075 τὸ
3212 1023 3332 1076 καθ’
3362 1024 3506 1092 ἡμᾶς
3541 1023 3853 1091 μυστήριον,

2291 1115 2542 1183 παραινεῖ
2572 1113 2730 1168 πάλιν
2761 1113 2888 1183 περὶ
2916 1112 3156 1182 ἀγάπης,
3191 1114 3284 1166 καὶ
3316 1114 3401 1166 ἵνα
3435 1113 3690 1184 μείνωσιν
3711 1114 3769 1165 ἐν
3791 1116 3852 1184 τῇ

2289 1204 2474 1276 διδαχῇ
2510 1208 2574 1275 τῇ
2611 1203 2972 1278 παραδοθείσῃ
3021 1205 3222 1268 αὐτοῖς.
3244 1206 3352 1258 Kal
3395 1205 3578 1258 λοιπὸν
3618 1204 3856 1257 διδάσκει

2289 1295 2628 1365 ὰντίχριστον
2646 1291 2783 1348 εἶναι
2803 1295 2890 1348 τὸν
2921 1296 3144 1363 λέγοντα
3173 1297 3246 1367 μὴ
3279 1297 3336 1348 ἐν
3359 1297 3520 1366 σαρκὶ
3542 1294 3856 1364 ἐληλυθέναι

2287 1385 2380 1439 τὸν
2415 1388 2668 1456 Χριστόν.
2708 1387 3080 1458 Παραγγέλλει
3110 1387 3339 1449 δὲ,ὥστε
3371 1388 3445 1458 μὴ
3465 1386 3715 1456 δέχεσθαι
3736 1386 3856 1447 τοὺς

2289 1475 2560 1540 τοιούτους
2589 1477 2710 1530 τινὰ
2731 1479 2808 1540 εἰς
2829 1478 3024 1539 οἰκίαν,
3045 1464 3179 1549 μηδὲ
3212 1479 3388 1547 λέγειν
3409 1479 3592 1540 αὐτοῖς
3625 1477 3854 1548 χαίρειν,

2290 1568 2384 1622 καὶ
2416 1567 2587 1632 οὕτως
2610 1568 2802 1622 τελειοῖ
2829 1571 2924 1640 τὴν
2961 1570 3294 1641 Ἐπιστολὴν.

2557 1678 2755 1746 Ἕκτη,
2783 1678 2968 1734 πάλιν
2991 1677 3088 1734 καὶ
3125 1681 3275 1748 αὕτη
3311 1680 3599 1737 Ἰωάννου.

693 1791 781 1846 57.
807 1791 934 1848 Haec
963 1810 1179 1865 quoque
1204 1794 1431 1852 Joannis
1457 1803 1562 1861 est,
1606 1805 1665 1851 ut
1698 1805 1750 1852 et
1780 1796 2066 1867 inscriptio
2087 1796 2185 1848 ha-

2359 1792 2446 1846 57.
2478 1795 2584 1847 Kal
2616 1793 2751 1866 αὕτη
2783 1796 3025 1850 ’Ῑωάννου
3071 1797 3171 1866 μέν
3210 1797 3344 1859 ἐστι,
3399 1795 3578 1860 καθὼς
3613 1797 3708 1850 καὶ
3739 1798 3854 1850 ἐπι-

619 1882 730 1937 bet.
758 1880 921 1940 Missa
959 1895 1042 1940 est
1068 1893 1246 1944 autem
1279 1887 1346 1942 ad
1369 1887 1582 1946 Gaium.
1610 1888 1668 1941 Et
1695 1890 1928 1958 primum
1969 1887 2186 1957 quidem

619 1976 806 2029 laudat
830 1992 951 2032 eum
971 1987 1193 2048 propter
1209 1981 1580 2034 testimonium
1603 1979 2015 2049 h05pitalitatis,
2042 1977 2187 2048 quod

619 2067 852 2123 habebat
885 2069 952 2122 ab
973 2071 1246 2133 omnibus,
1278 2071 1636 2141 hortaturque
1661 2086 1806 2134 eum,
1833 2071 1962 2124 utin
1990 2085 2188 2141 propo-

616 2159 725 2212 εἰιο
755 2158 1031 2227 persistat,
1067 2176 1131 2214 ac
1163 2160 1360 2216 fratres
1387 2161 1621 2216 deducat
1661 2176 1724 2215 ac
1766 2161 2013 2232 recipiat.
2043 2160 2186 2214 Rur-

614 2265 738 2302 sum
771 2249 955 2304 laudat
984 2250 1102 2320 ejus
1149 2253 1512 2321 propositum.
1558 2252 1796 2306 Accusat
1843 2262 2022 2307 autem
2062 2251 2188 2304 Dios

616 2341 867 2412 trephen,
893 2343 1038 2413 quod
1069 2343 1116 2399 is
1147 2360 1255 2398 non
1288 2344 1465 2400 solum
1497 2343 1634 2397 nihil
1686 2345 1951 2415 praeberet
1986 2360 2187 2414 paupe-

617 2433 791 2497 ribus,
826 2433 921 2489 sed
963 2435 1126 2488 etiam
1161 2436 1299 2490 alios
1337 2435 1674 2505 prohiberet,
1706 2451 1770 2489 ac
1813 2437 1983 2490 multa
2014 2451 2186 2506 nuga-

617 2533 790 2579 retur.
841 2522 1000 2580 Tales
1038 2527 1467 2585 autem-alienos
1509 2542 1632 2584 esse
1673 2527 1808 2582 dicit
1849 2542 1880 2581 a
1922 2527 2184 2594 veritate,

613 2631 792 2686 neque
820 2632 1150 2688 cognoscere
1178 2617 1370 2675 Deum.
1393 2619 1722 2676 Demetrium
1752 2635 1881 2675 vero
1912 2635 2189 2680 commcn-

615 2709 730 2772 dat,
769 2708 1034 2778 optimum
1062 2709 1140 2763 illi
1178 2710 1548 2766 testimonium
1571 2710 1904 2782 impendens.

1179 2822 1437 2893 Septima,
1460 2825 1637 2881 Judw.

686 2933 774 2988 58.
825 2931 1001 2997 Hanc.
1037 2913 1490 3006 quemadmodum
1541 2937 1640 2992 fert
1665 2938 1971 3008 inscriptio,
2019 2939 2188 2996 Judas

615 3025 915 3095 Epistolam
940 3030 1162 3098 scripsit
1185 3030 1254 3086 iis
1303 3031 1394 3101 qui
1424 3030 1533 3098 jam
1564 3029 1933 3086 crediderant.
1970 3030 2065 3086 Est
2092 3046 2190 3085 au-

2289 1882 2618 1954 γέγραπται.
2649 1884 3001 1939 Ἐπέσταλται
3033 1885 3089 1938 δέ
3115 1886 3250 1956 πρὸς
3279 1887 3455 1940 Γάϊον.
3508 1887 3620 1940 Kal
3645 1886 3859 1958 πρῶτον

2291 1975 2388 2044 μὲν
2427 1975 2749 2045 ἀποδέχεται
2797 1976 2956 2029 αὑτὸν
3021 1977 3458 2048 μαρτυρούμενον
3503 1977 3609 2029 ὑπὸ
3643 1977 3859 2030 πάντων

2287 2066 2380 2118 ἐπὶ
2405 2066 2696 2137 φιλοξενίᾳ,
2713 2069 2806 2120 καὶ
2833 2067 3132 2139 προτρέπει
3155 2071 3220 2138 τῇ
3247 2069 3380 2131 αύτῆ
3403 2068 3660 2139 προθέσει
3695 2086 3861 2139 προσ-

2291 2155 2494 2226 μένειν.
2517 2157 2611 2210 καὶ
2633 2158 2976 2228 προπέμπειν
2996 2159 3089 2212 καὶ
3114 2157 3412 2222 δεξιοῦσθαι
3429 2160 3554 2221 τοὺς
3575 2158 3859 2227 ἀδελφούς.

2289 2247 2455 2302 Πάλιν
2477 2247 2531 2301 δέ
2554 2248 2715 2301 αὑτοῦ
2743 2248 2839 2318 μὲν
2856 2249 2950 2320 τὴν
2972 2249 3226 2321 πρόθεσιν
3241 2249 3560 2320 ἀποδέχεται
3578 2264 3592 2277 °
3622 2251 3863 2303 αἰτιᾶται

2287 2335 2343 2389 δὲ
2365 2338 2652 2408 Διοτρεφῆ,
2683 2336 2758 2400 ὡς
2787 2339 2922 2409 μήτε
2951 2339 3112 2393 αὐτὸν
3139 2339 3441 2411 παρέχοντα
3463 2343 3578 2403 τοῖς
3602 2343 3864 2411 πτωχοῖς,

2289 2427 2423 2482 ἁλλά
2448 2428 2540 2482 καὶ
2572 2429 2846 2484 κωλύοντα
2865 2433 2990 2496 τοὺς
3009 2431 3219 2496 ἄλλους,
3236 2431 3327 2485 καὶ
3359 2431 3527 2484 πολλά
3559 2431 3867 2503 φλυαροῦν-

2285 2534 2374 2571 τα.
2407 2518 2546 2582 Τοὺς
2570 2518 2625 2571 δὲ
2649 2519 2921 2584 τοιούτους
2951 2520 3095 2589 λέγει
3113 2521 3420 2592 ἀλλοτρίους
3442 2518 3583 2576 εἶναι
3606 2521 3709 2592 τῆς
3729 2522 3868 2593 ἁλη-

2289 2607 2459 2674 θείας,
2491 2593 2582 2662 καί
2612 2610 2746 2681 μηδέ
2777 2609 2974 2665 εἰδέναι
3019 2612 3109 2665 τὸν
3143 2611 3292 2664 Θεόν.
3327 2613 3637 2684 Δημήτριον
3659 2613 3718 2668 δὲ
3752 2629 3871 2667 aw-

2292 2702 2471 2775 ίστησι
2505 2702 2796 2774 μαρτυρῶν
2812 2703 2958 2774 αύτῷ
2976 2703 3040 2756 τὰ
3052 2703 3327 2759 κάλλιστα.

2812 2817 3084 2886 Ἑϐδόμη,
3121 2817 3332 2872 Ἰούδα.

2360 2929 2446 2982 58.
2473 2929 2706 2999 Ταύτην,
2728 2927 2910 2992 καθὼς
2932 2930 3025 2981 καὶ
3055 2929 3475 2998 ἐπιγέγραπται,
3502 2928 3706 2992 Ἰούδας
3728 2929 3870 3000 ’γρ-5-

2289 3035 2377 3088 φει
2397 3017 2492 3088 τὴν
2507 3017 2822 3088 Ἐπιστολὴν
2842 3021 2953 3080 τοῖς
2975 3017 3074 3088 ἤδη
3099 3017 3468 3070 πιστεύσασιν.
3487 3019 3550 3071 Ἡ
3579 3017 3637 3070 δὲ
3655 3019 3872 3090 πρόφα-

615 3125 724 3172 tem
756 3129 1135 3188 argumentum
1177 3123 1295 3191 ejus
1340 3123 1446 3177 tale
1479 3139 1493 3172 ι
1526 3122 1662 3177 Cum
1701 3121 1921 3192 quidam
1963 3122 2185 3178 fraudu-

2291 3126 2374 3172 σις
2414 3108 2582 3178 αὕτη·
2649 3106 3118 3180 Παρεισελθόντων
3157 3107 3318 3161 τινῶν
3363 3108 3456 3161 καὶ
3503 3107 3875 3164 διδασκόντων

2296 3199 2508 3216 ’μογκκ
2616 3192 2704 3216 ,7,
2831 3198 2843 3216 ε
2937 3199 2948 3216 ι
3061 3198 3164 3216 ,I,
3267 3198 3348 3216 ,,,\
3408 3198 3521 3216 ’.μη
3623 3197 3638 3216 ι
3787 3198 3872 3216 ,\,,

613 3207 792 3264 tenter
818 3209 1050 3279 ingressi
1075 3211 1354 3278 docerent,
1380 3213 1694 3269 indifferens
1727 3229 1850 3270 esse
1879 3222 2183 3283 peccatum,

613 3298 779 3352 etiam
810 3314 1001 3354 eorum
1042 3303 1134 3372 qui
1184 3303 1470 3358 Dominum
1499 3301 1726 3376 negant,
1751 3319 1977 3361 necesse
1998 3304 2188 3360 habuit

615 3395 678 3440 ut
709 3389 996 3458 scriberet,
1037 3401 1092 3448 et
1141 3401 1330 3449 cautos
1363 3395 1614 3450 redderet
1655 3396 1878 3452 fratres.
1921 3396 1989 3450 Et
2033 3397 2188 3451 initio

615 3477 835 3546 quidem
881 3479 1132 3535 hortatur
1161 3497 1255 3538 eos
1303 3493 1364 3537 ut
1413 3493 1640 3551 certent,
1677 3494 1841 3556 atque
1884 3485 1939 3540 in
1989 3486 2186 3540 tradita

615 3569 720 3624 sibi
757 3570 862 3626 ﬁde
891 3581 1167 3629 maneant.
1203 3574 1407 3631 Deinde
1459 3577 1710 3647 repudiat
1749 3577 1885 3634 tales
1930 3588 2184 3648 tanquam

613 3661 966 3728 seductores,
1003 3672 1058 3719 et
1119 3666 1405 3722 denuntiat
1457 3683 1525 3722 ne
1572 3683 1802 3738 prorsus
1853 3668 2018 3723 ullam
2061 3683 2185 3722 cum

610 3753 747 3822 ipsis
770 3757 1207 3812 communionem
1241 3758 1524 3822 haberent,
1551 3759 1787 3814 scientes
1811 3774 1918 3812 non
1951 3773 2073 3812 esse
2099 3773 2188 3813 sa-

609 3845 682 3900 tis
704 3846 850 3916 quod
876 3849 1056 3902 vocati
1089 3852 1284 3914 simus,
1319 3849 1426 3905 nisi
1457 3851 1619 3904 etiam
1659 3851 1822 3921 digne
1845 3851 2185 3906 ambulemus

608 3937 914 3993 vocatione.
953 3939 1235 4008 Siquidem
1269 3950 1320 3995 et
1353 3941 1589 4010 priorem
1634 3943 1893 4013 populum
1925 3942 2187 4000 Dominus

609 4040 676 4081 ex
707 4025 944 4098 Egypto
970 4028 1254 4094 eductum,
1287 4045 1412 4084 cum
1448 4031 1502 4085 in
1534 4031 1637 4087 ﬁde
1682 4032 1888 4090 videret
1926 4050 2032 4089 non
2063 4051 2186 4106 per-

612 4117 833 4182 sistere,
861 4120 1201 4188 perdiderit:
1231 4129 1286 4178 et
1328 4125 1538 4194 angelis
1583 4126 1828 4182 ordinem
1875 4143 2035 4182 suum
2075 4145 2186 4184 non

610 4208 1067 4276 custodientibus,
1107 4227 1216 4267 non
1248 4217 1574 4285 pepercerit.
1611 4216 1874 4289 Oportere
1919 4221 2086 4291 igitur
2115 4223 2184 4276 ab

612 4299 924 4370 huiusmodi
946 4302 1256 4361 hominibus
1289 4307 1566 4363 secedere.
1595 4307 1660 4362 Et
1687 4309 2001 4366 Michaelem
2033 4327 2186 4365 nam-

610 4407 720 4462 que
773 4395 1162 4467 archangelum
1223 4413 1333 4452 non
1387 4401 1716 4458 sustinuisse
1793 4403 2184 4472 blasphemiam

2288 3199 2576 3268 ἀδιάφορον
2607 3192 2746 3250 εἶναι
2792 3198 2890 3269 τὴν
2926 3198 3222 3270 ἁμαρτίαν,
3262 3198 3354 3250 καὶ
3397 3197 3752 3269 ἀρνουμένων
3779 3198 3876 3251 τὸν

2287 3289 2510 3361 Κύριον,
2535 3289 2779 3361 ἀνάγκην
2799 3289 2923 3361 ἔσχε
2948 3290 3176 3362 γράψαι,
3208 3291 3299 3343 καὶ
3319 3289 3722 3360 ἀσφαλίσασθαι
3744 3290 3877 3354 τοὺς

2287 3381 2568 3451 ἀδελφούς.
2595 3382 2707 3435 Καὶ
2735 3382 2948 3454 πρῶτον
2981 3383 3079 3453 μὲν
3113 3381 3421 3454 παρακαλεῖ
3443 3382 3645 3446 αὐτοὺς
3671 3383 3881 3451 ἀγωνίο

2288 3473 2476 3538 ζεσθαι
2501 3475 2596 3527 καί⁸
2624 3473 2880 3544 ἐμμένειν
2913 3477 2978 3545 τῇ
3027 3473 3388 3545 παραδοθείσῃ
3426 3475 3614 3538 αὐτοῖς
3648 3475 3840 3527 πίστει
3867 3492 3880 3538 ;

2287 3564 2477 3618 ἔπειτα
2503 3565 2871 3636 ἀποκηρύττει
2899 3566 3026 3628 τοὺς
3054 3564 3324 3628 τοιούτους
3362 3565 3438 3627 ὡς
3468 3564 3731 3633 πλάνους,
3779 3566 3884 3619 καὶ

2287 3655 2654 3728 παραγγέλλει
2696 3655 2967 3726 μηδεμίαν
3001 3656 3203 3718 αὐτοὺς
3231 3655 3373 3725 ἔχειν
3403 3657 3696 3709 κοινωνίαν
3743 3657 3885 3728 περὶ

2284 3747 2412 3810 τοὺς
2449 3746 2739 3811 τοιούτους,
2777 3746 3004 3810 εἰδότας,
3050 3748 3131 3800 ὅτι
3169 3746 3268 3799 οὐκ
3301 3748 3460 3817 ἀρκεῖ
3508 3747 3572 3799 τὸ
3603 3748 3885 3819 κληθῆναι

2290 3841 2472 3911 μόνον,
2514 3839 2608 3892 ἐὰν
2643 3840 2716 3910 μὴ
2756 3839 2850 3892 καὶ
2881 3839 3046 3904 ἀξίως
3098 3839 3561 3910 περιπατήσωμεν
3597 3841 3704 3910 τῆς
3744 3841 3888 3913 κλή-

2288 3949 2444 3995 σεως.
2471 3932 2582 3984 Kal
2600 3930 2709 4002 γὰρ
2734 3931 2828 3984 καὶ
2853 3931 2943 3984 τὸν
2970 3931 3232 4002 πρότερον
3259 3931 3385 3983 λαὸν
3410 3929 3774 4000 ἐξκΑίγύπτου
3795 3932 3888 3997 ἐξ·

2286 4019 2511 4090 αγαγὼν
2540 4022 2568 4073 ό
2596 4019 2817 4091 Κύριος,
2847 4021 2941 4072 καὶ
2979 4019 3052 4090 μὴ
3089 4018 3426 4089 ἐμμείναντα
3455 4021 3520 4088 τῇ
3553 4019 3888 4073 πίπειοέωσι

2289 4112 2491 4186 ρακὼς,
2517 4112 2763 4166 ἀπώλεσε
2779 4129 2792 4142 ·
2816 4112 2909 4164 καὶ
2929 4111 3174 4180 ἀγγέλων
3201 4111 3258 4164 δὲ
3289 4110 3363 4182 μὴ
3385 4127 3450 4180 τη
3460 4110 3753 4181 ρησάντων
3777 4111 3889 4184 τὴν

2290 4205 2424 4258 ιδίαν
2455 4204 2606 4269 τάξιν
2636 4204 2736 4256 οὐκ
2777 4203 3046 4272 ἐφείσατο.
3082 4206 3174 4256 Δεῖ
3195 4198 3288 4256 οὖν
3320 4203 3428 4256 ἀπὸ
3465 4203 3577 4256 τῶν
3609 4205 3892 4260 τοιούτων

2285 4297 2604 4365 ἀναχωρεῖν.
2663 4296 2774 4348 Kal
2821 4295 2930 4364 γὰρ
2970 4295 3066 4347 καὶ
3111 4294 3330 4365 Μιχαὴλ
3352 4298 3381 4349 ό
3407 4297 3755 4367 ἀρχάγγελος
3777 4300 3893 4370 οὐχ

2288 4388 2561 4456 ὑπήνεγκε
2601 4386 2949 4456 βλασφημίαν
2997 4386 3092 4440 τοῦ
3133 4387 3401 4442 διαϐόλου.
3436 4389 3701 4443 Ἕσεσθαι
3743 4391 3894 4459 γοῦν

609 4484 835 4542 diaboli.
861 4485 1029 4544 Docet
1063 4488 1244 4560 itaque
1276 4490 1638 4560 perditionem
1664 4493 1896 4548 istorum
1911 4494 2052 4548 sicut
2087 4493 2183 4548 So-

2288 4479 2380 4549 τὴν
2409 4477 2682 4533 ἀπώλειαν
2703 4479 2880 4532 αὐτῶν
2899 4479 2974 4542 ὡς
2994 4479 3240 4551 Σοδόμων
3261 4481 3520 4534 διδάσκει.
3561 4477 3698 4535 Εἶτα
3731 4498 3897 4554 παρ-

609 4574 897 4631 domorum
933 4577 1194 4634 futuram.
1223 4578 1356 4636 Post
1399 4580 1516 4636 haec
1543 4582 1869 4636 adhortatus
1911 4583 1979 4636 ab
2007 4583 2181 4637 bonos

611 4679 814 4730 mores,
847 4674 901 4723 et
939 4668 1062 4723 ﬁdei
1096 4670 1449 4727 stabilitatem
1481 4688 1512 4726 a
1559 4671 1790 4728 Domino
1833 4681 2178 4742 apprecatus,

609 4755 816 4812 claudit
845 4758 1163 4828 Epistolam.

612 4869 764 4926 Liber
806 4871 938 4938 VII,
971 4875 1380 4943 Quatuordecim
1426 4879 1680 4946 Epistola:
1733 4878 1916 4940 Pauli,
1957 4895 2181 4949 quarum

1047 4949 1221 5014 prima
1245 4959 1324 5004 est
1349 4951 1419 5002 ad
1449 4950 1735 5002 Romanos.
1983 4955 1989 4958 ’

678 5051 766 5108 59.
799 5051 953 5110 Pauli
983 5066 1250 5114 vocantur
1290 5059 1565 5130 Epistolae,
1599 5070 1884 5133 propterea
1911 5061 2058 5132 quod
2088 5077 2181 5117 eas

609 5145 700 5202 ille
741 5149 994 5220 scripsit,
1048 5160 1104 5207 et
1153 5169 1251 5223 per
1297 5153 1398 5209 has
1439 5171 1561 5210 cum
1604 5171 1731 5220 eos,
1771 5170 1910 5225 quos
1969 5155 2182 5209 viderat

610 5252 673 5293 ac
714 5241 997 5308 docuerat,
1043 5245 1300 5300 admonet
1343 5261 1407 5300 ac
1453 5247 1709 5316 corrigit,
1746 5254 1859 5301 tum
1889 5262 2026 5315 quos
2069 5261 2177 5299 non

609 5327 842 5399 viderat,
872 5333 1146 5389 instruere
1169 5343 1403 5389 conatur
1433 5351 1499 5388 ac
1546 5337 1766 5402 docere,
1802 5334 1957 5406 147
1997 5351 2183 5405 quem-

608 5420 896 5477 admodum
947 5439 977 5477 a
1011 5425 1313 5496 legentibus
1358 5427 1526 5482 edisci
1575 5435 1772 5496 potest.
1812 5425 1965 5480 Hanc
1999 5425 2180 5479 autem

608 5514 676 5568 ad
700 5513 977 5572 Romanos
1002 5517 1267 5572 Corintho
1297 5518 1540 5589 scripsit,
1575 5533 1700 5572 cum
1734 5517 2006 5572 Romanos
2044 5533 2181 5571 non-

607 5604 736 5660 dum
764 5608 982 5676 quidem
1012 5608 1259 5674 vidisset,
1297 5610 1539 5666 audisset
1581 5625 1712 5665 vero
1743 5609 1811 5664 de
1842 5609 1969 5672 illis,
2015 5623 2170 5676 cupe-

608 5703 800 5764 retque
841 5696 1030 5752 videre
1061 5713 1177 5754 eos.
1213 5699 1280 5752 Et
1323 5700 1479 5754 initio
1509 5700 1727 5770 quidem
1772 5699 1956 5752 laudat
1989 5713 2178 5751 eorum

610 5783 792 5854 ﬁdem,
842 5803 1008 5860 quam
1059 5789 1276 5847 videbat
1327 5790 1527 5865 ubique
1581 5787 1914 5846 annuntiari.
1977 5786 2179 5843 Deinde

2283 4572 2423 4626 αινεῖ
2465 4571 2546 4634 είς
2573 4571 2643 4623 τὰ
2675 4571 2802 4642 ἤθη,
2845 4571 2938 4623 καὶ
2969 4570 3342 4641 ὑπευξάμενος
3365 4573 3549 4635 αὐτοῖς
3579 4573 3896 4644 βεϐαιότη-

2281 4677 2351 4715 τα
2374 4662 2472 4732 τῆς
2505 4661 2740 4724 πίστεως
2777 4660 2926 4732 παρὰ
2958 4661 3052 4714 τοῦ
3094 4661 3322 4732 Κυρίου,
3349 4661 3548 4715 τελειοί
3593 4663 3896 4734 τὴνἘπι-

2285 4752 2498 4824 στολήν.

2283 4868 2525 4922 Βιϐλίον
2545 4866 2616 4932 ξ’,
2649 4868 2992 4938 Ἐπιστολαὶ
3028 4869 3272 4922 Παύλου
3295 4867 3382 4920 ιδ’.
3409 4867 3642 4920 Τούτων
3663 4867 3900 4938 πρώτη

2773 4938 2812 5005 ἢ
2850 4937 3002 5005 πρὸς
3033 4939 3378 5008 ζΡωμαίους.

2353 5049 2440 5104 59.
2488 5048 2644 5102 Οὕτω
2687 5048 2998 5116 καλοῦνται,
3044 5049 3230 5121 ἐπειδὴ
3287 5049 3448 5111 αὐτὸς
3490 5048 3708 5112 Παῦλος
3768 5050 3908 5122 ἰδίᾳ

2283 5143 2482 5205 ταύτας
2515 5142 2866 5207 ἐπιστέλλων,
2895 5143 2986 5196 καὶ
3007 5141 3094 5196 διὰ
3125 5143 3352 5204 τούτων,
3377 5139 3473 5204 οὒς
3507 5142 3607 5211 μὲν
3634 5141 3740 5212 ἤδη
3769 5143 3905 5196 ἐώ-

2284 5251 2418 5305 ρακε
2451 5235 2544 5286 καὶ
2577 5233 2831 5298 ἐδίδαξεν,
2861 5234 3265 5304 ὑπομιμνήσκει
3298 5233 3392 5284 καὶ
3429 5231 3863 5302 ἐπιδιορθοῦται
3884 5253 3902 5266 ·

2281 5326 2446 5390 οὒςδέ
2466 5327 2540 5398 μὴ
2571 5325 2804 5398 ἑώρακε,
2839 5323 3128 5388 σπουδάζει
3153 5325 3409 5395 κατηχεῖν
3435 5323 3530 5375 καὶ
3564 5322 3909 5390 διδάσκειν,

2283 5419 2358 5482 ὡς
2391 5419 2539 5472 ἔστιν
2573 5421 2666 5472 ἀπ’
2693 5418 2872 5472 αὐτῶν
2897 5417 3004 5470 τῶν
3035 5416 3468 5488 ἐντυγχανόντων
3499 5415 3910 5482 καταμαθεῖν.

2280 5509 2498 5580 Ταύτην
2521 5509 2578 5562 δὲ
2622 5508 2719 5579 τὴν
2752 5508 2887 5577 πρὸς
2931 5506 3236 5577 Ῥωμαίους
3271 5504 3579 5558 ἐπιστέλλει
3611 5507 3727 5558 ἀπὸ
3761 5509 3918 5561 Κο-

2284 5601 2485 5672 ρίνθου,
2521 5603 2686 5672 μήπω
2737 5603 2836 5672 μὲν
2870 5599 3128 5671 ἑωρακὼς
3172 5598 3515 5667 Ῥωμαίους,
3557 5597 3789 5651 ἀκούων
3835 5602 3922 5655 δὲ

2281 5697 2408 5764 περὶ
2437 5695 2634 5759 αὐτῶν,
2656 5695 2747 5748 καὶ
2777 5691 3053 5748 ἐπιποθῶν
3080 5690 3274 5753 αὐτοὺς
3313 5688 3459 5742 ιδείν.
3497 5689 3612 5740 Kal
3644 5690 3922 5758 πρῶτον

2286 5787 2382 5858 μὲν
2424 5788 2648 5858 ἀποδέχε
2663 5805 2742 5841 ra.
2771 5793 2868 5845 τὴν
2899 5786 3078 5843 πίστιν
3109 5785 3304 5849 αὐτῶν,
3343 5782 3926 5856 καταγγελλομένην
