4066 6388
239 384 311 436 “5
1301 394 1630 451 SYNOPSlS
1669 389 2086 450 SCRIPTURIE
2127 389 2393 449 SACRE.

3371 390 3482 448 4M

238 499 336 569 ὁρῶν
369 503 671 574 πανταχοῦ
703 523 720 536 ο
779 507 980 562 ἔπειτα
1021 507 1268 578 σημαίνει
1317 510 1574 574 πολλάκις
1618 511 1784 574 ἑαυτὸ

1886 507 2191 579 signiﬁcat
2236 519 2612 577 saepenumero
2656 505 2995 576 propositum
3035 505 3137 561 sibi
3184 504 3351 562 fuisse
3388 523 3475 562 ve-

238 592 526 663 προθέμενον
562 596 769 653 ἐλθεῖν
794 600 890 654 διά
910 601 1000 653 τὸν
1021 602 1100 663 είς
1130 601 1320 665 αὐτοὺς
1345 602 1530 666 πόθον,
1550 603 1640 656 καὶ
1670 603 1807 667 τέως

240 685 290 756 μὴ
302 683 639 755 δεδυνῆσθαι.
678 692 809 744 Καὶ
836 692 1021 745 λοιπὸν
1042 692 1422 766 διδασκαλικὴν
1452 695 1549 766 τὴν
1566 696 1809 748 Ἐπιστο-

235 776 304 848 λὴν
328 782 562 832 ποιεῖται
601 783 756 853 περὶ
816 784 1062 855 κλήσεως
1106 784 1291 850 ἐθνῶν,
1333 787 1424 839 καὶ
1466 789 1548 840 ὅτι
1590 789 1808 859 ἡπερι-

233 872 334 942 τομὴ
359 872 463 936 ἕως
492 874 722 944 καιροῦ
757 871 856 947 ἦν,
887 879 979 930 καὶ
1005 875 1096 930 νῦν
1126 878 1400 932 πέπαυται
1425 896 1440 911 ο
1473 881 1567 934 καὶ
1602 882 1683 934 ὅτι
1717 881 1804 935 διά

231 963 299 1016 τοῦ
323 965 556 1034 Χριστοῦ
598 966 848 1023 λέλυται
883 969 944 1021 τὸ
987 970 1332 1041 παράπτωμα
1354 970 1448 1024 τοῦ
1491 971 1680 1044 Ἀδὰμ,
1711 974 1804 1027 καὶ

233 1055 258 1124 ἡ
282 1053 380 1107 σκιά
404 1053 504 1107 τοῦ
540 1056 733 1127 νόμου
766 1058 1036 1130 παρῆλθε.
1063 1060 1172 1130 Τὴν
1217 1062 1314 1131 μὲν
1357 1057 1450 1115 οὖν
1477 1062 1666 1132 κλῆσιν
1695 1064 1804 1117 τῶν

235 1143 360 1196 ἐθνῶν
401 1146 746 1212 ἀκολούθως
795 1152 1124 1221 γεγενῆσθαι
1175 1151 1570 1216 κατασκευάζει
1610 1153 1799 1222 οὕτως,

234 1230 509 1297 ἀποδεικνὺς
540 1236 730 1296 πᾶσιν
754 1237 1070 1310 ἀνθρώποις
1093 1239 1326 1310 ἔμφυτον
1348 1237 1485 1295 εἶναι
1505 1243 1595 1296 τὸν
1618 1245 1798 1316 νόμον,

237 1322 306 1374 καί
327 1322 525 1388 πάντας
557 1325 860 1399 ἀδιδάκτῳ
903 1332 967 1400 τῇ
1014 1330 1172 1399 φύσει
1212 1332 1304 1384 καὶ
1348 1333 1443 1386 ἀπ’
1495 1335 1662 1405 αὐτῆς
1703 1337 1801 1406 τῆς

235 1409 419 1475 κτίσεως
453 1413 740 1469 δύνασθαι
785 1417 1080 1485 γινώσκειν
1111 1419 1202 1473 τὸν
1238 1421 1389 1474 Θεόν.
1421 1423 1512 1475 Διὸ
1541 1426 1632 1477 καὶ
1659 1427 1800 1480 εἰκάς

235 1517 316 1563 τως
340 1504 578 1559 αἰτιᾶται
617 1505 854 1577 πρῶτον
883 1508 1164 1579 Ἕλληνας,
1188 1511 1264 1574 ὠς
1287 1511 1381 1565 τοῦ
1414 1514 1513 1582 μὲν
1537 1514 1669 1568 Θεοῦ
1698 1533 1800 1584 φα-

237 1591 532 1662 νερώσαντος
560 1597 761 1662 αὐτοῖς
785 1601 855 1653 ἐκ
875 1600 982 1654 τῶν
1007 1602 1323 1673 ποιημάτων
1351 1604 1442 1658 τοῦ
1471 1606 1674 1677 κόσμου
1699 1609 1798 1680 τὴν

240 1684 338 1754 περὶ
360 1686 554 1741 ἑαυτοῦ
584 1688 824 1758 γνῶσιν,
856 1692 950 1745 καὶ
973 1692 1068 1763 τῆς
1102 1694 1270 1746 ἀϊδίου
1302 1695 1582 1766 δυνάμεως
1610 1698 1793 1764 αὐτοῦ,

238 1775 332 1845 ἥτις
359 1777 499 1830 ἐστὶν
543 1781 574 1832 δ
608 1781 796 1850 Λόγος
837 1783 1023 1850 αὑτοῦ,
1057 1787 1114 1839 ἐν
1136 1780 1180 1855 ᾧ
1205 1789 1298 1840 καὶ
1337 1788 1404 1841 δι’
1438 1783 1498 1842 οὗ
1525 1790 1590 1843 τὰ
1622 1790 1796 1845 πάντα

240 1867 499 1938 πεποίηκεν
519 1887 535 1899 ·
575 1873 832 1937 ἐκείνους
851 1874 907 1928 δὲ
937 1876 1009 1948 μὴ
1039 1878 1332 1946 ἐγνωκέναι
1359 1880 1558 1951 μᾶλλον
1589 1883 1651 1936 ἐκ
1689 1884 1794 1936 τῶν

243 1959 516 2027 κτισμάτων
543 1957 693 2016 εἶναι
728 1963 868 2018 Θεὸν
895 1965 988 2018 τὸν
1029 1967 1230 2023 τούτων
1261 1970 1589 2041 δημιουργόν
1612 1989 1624 2001 ο
1662 1973 1793 2027 ἀλλὰ

244 2046 510 2102 τούναντίον
536 2051 684 2105 αὑτά
707 2051 780 2106 τά
818 2055 1101 2126 ποιήματα
1126 2056 1568 2129 θεοποιήσαντας,
1603 2063 1694 2115 καὶ
1727 2066 1790 2134 τῇ

247 2138 383 2194 κτίσει
409 2141 612 2211 μᾶλλον
647 2143 680 2215 ἢ
729 2145 811 2216 τῷ
844 2148 1036 2221 κτίστῃ
1079 2149 1496 2221 λατρεύσαντας.
1546 2156 1792 2209 Αίτιᾶται

247 2226 288 2279 ἂ
323 2231 404 2284 καὶ
436 2233 751 2299 Ἰουδαίους,
807 2235 887 2300 ὡς
946 2237 1019 2310 μὴ
1067 2239 1406 2312 φυλάξαντας
1455 2245 1544 2298 τὸν
1595 2245 1787 2316 νόμον·

250 2319 354 2373 ἁλλά
399 2324 488 2375 καὶ
546 2326 756 2395 μᾶλλον
802 2327 894 2382 διά
946 2333 1045 2402 τῆς
1097 2334 1456 2403 παραϐάσεως
1493 2336 1586 2390 τοῦ
1625 2338 1790 2409 νόμου

251 2410 319 2463 τὸν
339 2413 454 2466 Θεὸν
483 2416 886 2487 ἀτιμάσαντας.
911 2421 1020 2474 Καὶ
1046 2421 1216 2486 οὕτως
1246 2426 1527 2499 ἀμφότερα
1557 2427 1625 2480 τά
1651 2429 1789 2500 μέρη

252 2502 495 2569 Ἰουδαίους
530 2525 592 2561 τε
631 2511 729 2562 καὶ
768 2510 1040 2582 Ἕλληνας
1094 2514 1338 2586 ἐλέγχει,
1385 2521 1477 2571 καὶ
1520 2519 1790 2589 συγκλείει

253 2591 322 2645 ἐπὶ
339 2598 676 2670 παρανομίᾳ·
713 2600 803 2653 ἵνα
835 2601 1006 2674 δείξῃ,
1036 2603 1118 2663 ὅτι
1147 2605 1248 2658 ἴσοι
1273 2608 1551 2680 γενόμενοι
1583 2611 1631 2663 οί
1657 2611 1790 2664 πάν-

253 2697 337 2746 τες,
361 2685 428 2747 ὡς
453 2686 747 2743 ὑπεύθυνοι
778 2691 999 2762 ἐπίσης,
1033 2695 1125 2747 καὶ
1166 2695 1260 2749 τοῦ
1289 2699 1671 2770 Λυτρουμένου
1704 2702 1790 2754 δέ-

252 2790 386 2830 ονται.
413 2778 521 2848 Τῆς
541 2780 598 2832 δέ
618 2782 846 2853 χάριτος
872 2784 965 2836 καὶ
993 2784 1309 2859 λυτρὼσεως
1333 2790 1528 2862 ἐπίσης
1555 2793 1647 2845 καὶ
1677 2795 1788 2858 τοῖς

253 2861 484 2930 Ἰουδαίοις
529 2871 836 2944 γενομένης
889 2875 984 2928 καὶ
1023 2879 1134 2941 τοῖς
1176 2877 1415 2946 ἔθνεσιν,
1443 2861 1666 2947 εἰκότως
1695 2885 1788 2937 καὶ

250 2956 276 3026 ἠ
317 2957 486 3030 κλῆσις
525 2963 720 3032 γέγονε
767 2966 882 3020 τῶν
926 2967 1127 3024 ἐθνῶν·
1166 2975 1265 3043 τῆς
1306 2973 1366 3036 δὲ
1407 2975 1653 3046 κλήσεως
1678 2977 1787 3032 τῶν

251 3047 387 3103 tamira
413 3057 728 3128 γενομένης,
753 3057 814 3125 ἐξ
856 3059 1102 3130 ἀνάγκης
1135 3064 1412 3118 πέπαυται
1449 3069 1481 3138 ἡ
1519 3068 1786 3140 περιτομὴ

361 3145 397 3266 :1
436 3147 490 3198 ἐν
526 3147 605 3218 τῷ
641 3149 984 3266 νῖμῳωορὶιά.
1027 3153 1086 3266 "0
1130 3153 1238 3257 γὰρ
1280 3155 1549 3229 Ἀϐραὰμ,
1597 3161 1781 3231 φησὶν,
1812 3208 1854 3266 c

247 3233 327 3322 οὐκ
361 3237 411 3289 ἐν
446 3243 736 3312 περιτομῇ,
778 3242 918 3297 ἀλλά
954 3244 1058 3316 πρὸ
1096 3245 1198 3317 τῆς
1235 3251 1534 3322 περιτομῆς
1569 3251 1786 3306 δικαιω-

247 3321 357 3389 θείς,
395 3332 781 3404 μετωνομάσθη
827 3334 929 3404 μὲν
959 3335 1228 3408 Ἂϐραάμ,
1255 3340 1337 3393 ὃτι
1365 3342 1546 3413 πατὴρ
1576 3343 1784 3399 πολλῶν

247 3413 388 3506 ἐθνῶν
429 3419 648 3488 ἔμελλεν
695 3417 875 3490 εἶναι,
925 3425 1063 3479 κατὰ
1103 3429 1202 3498 τὴν
1254 3431 1310 3483 ἐν
1349 3433 1415 3502 τῇ
1451 3433 1784 3506 ἀκροϐυστίᾳ

247 3505 398 3596 πίστιν
419 3526 432 3539 ο
459 3511 609 3564 ἔλαϐε
629 3513 689 3565 δέ
724 3514 869 3584 μετά
900 3513 961 3568 τὸ
994 3516 1363 3591 δικαιωθῆναι,
1394 3523 1487 3577 καὶ
1516 3524 1615 3594 τὴν
1640 3505 1786 3596 περιέ

244 3595 387 3666 τομὴν
414 3600 470 3652 ἐν
504 3602 566 3670 τῇ
605 3603 792 3674 σαρκὶ,
833 3604 922 3657 ἵνα
956 3608 1178 3676 σημεῖον
1279 3609 1388 3672 τοῖς
1429 3609 1568 3667 κατὰ
1607 3595 1784 3681 σάρκα

241 3687 564 3758 γεννωμένοις
623 3690 684 3755 ἐξ
719 3692 889 3746 αὑτοῦ
947 3693 1247 3748 παύσεσθαι
1292 3695 1412 3750 τότε
1459 3697 1780 3768 περιτομὴν,

240 3775 348 3832 ὅταν
394 3780 459 3835 τά
494 3782 619 3856 ἔθνη
676 3784 906 3856 γένηται
943 3785 1106 3840 τέκνα
1156 3787 1250 3840 τοῦ
1299 3789 1584 3861 Ἀϐραὰμ,
1615 3791 1783 3861 ἀρξά-

241 3885 356 3936 μενα
390 3873 761 3931 πολιτεύεσθαι
808 3877 954 3931 κατά
989 3879 1089 3951 τὴν
1143 3879 1322 3934 πίστιν
1375 3881 1469 3934 τοῦ
1511 3882 1779 3953 Ἀϐραὰμ,

238 3954 338 4033 ἐνῇ
374 3963 683 4038 ἐδικαιώθη,
724 3967 815 4022 ὅτε
847 3963 916 4039 ἦν
953 3968 1012 4021 ἐν
1046 3969 1397 4044 ἀκροϐυστία.
1425 3971 1640 4026 Τούτων
1672 3972 1782 4044 γὰρ

237 4053 372 4125 χάριν
423 4059 517 4111 καὶ
573 4060 970 4132 μετωνομάσθη
1028 4060 1134 4114 ἀπὸ
1202 4063 1451 4135 Ἀϐράμ,
1507 4066 1776 4138 Ἀϐραάμ.

247 4143 458 4217 Ἀνάγκη
485 4149 565 4213 δέ,
597 4150 861 4204 ἐλθόντων
900 4152 1010 4204 τῶν
1047 4155 1483 4226 σημαινομένων,
1510 4157 1779 4212 παύεσθαι

234 4234 284 4286 τὸ
308 4244 574 4310 σημαῖνον.
613 4245 678 4297 Εἰ
711 4245 813 4316 μὲν
843 4241 940 4299 οὖν
980 4247 1047 4302 τά
1070 4248 1195 4321 ἔθνη
1239 4249 1604 4319 ἀναγκάζουσι
1632 4269 1781 4324 περιε-

230 4327 511 4398 τέμνεσθαι,
559 4335 891 4392 παυέτωσαν
922 4340 1016 4393 καὶ
1057 4341 1116 4393 τὸ
1151 4341 1320 4412 ὄνομα
1367 4341 1460 4395 τοῦ
1508 4342 1775 4414 Ἀϐραὰμ,

229 4419 308 4469 καὶ
346 4424 610 4480 καλείσθω
665 4429 922 4501 Ἀϐράμο
977 4433 1024 4484 εί
1077 4432 1132 4485 δὲ
1186 4433 1437 4505 Ἀϐραὰμ
1484 4433 1634 4505 παρά
1682 4434 1774 4488 τοῦ

1907 598 2096 658 niendi
2149 599 2216 654 ad
2261 615 2378 663 eos,
2417 606 2640 668 prapter
2678 599 3027 664 desiderium,
3065 613 3175 668 quo
3215 613 3343 668 erga
3383 615 3480 655 eos

1908 691 2137 748 allectus
2161 701 2300 756 erat,
2328 692 2594 745 hactenus
2629 705 2758 745 vero
2792 706 2902 744 non
2938 689 3180 745 licuisse.
3213 688 3480 758 Deinceps

1908 784 2144 838 docendi
2185 783 2348 838 modo
2377 782 2674 853 Epistolam
2707 782 3074 852 prosequitur,
3101 782 3167 835 de
3195 781 3480 836 vocatione

1908 877 2148 944 gentium
2196 885 2250 930 et
2295 875 2442 945 quod
2490 875 2836 929 circumcisio
2877 889 3049 943 usque
3096 873 3164 926 ad
3203 873 3478 942 quoddam

1905 976 2120 1039 tempus
2153 969 2334 1032 fuerit,
2361 968 2472 1036 jam
2502 983 2633 1022 vero
2658 967 2978 1022 cessaverit.
3001 966 3155 1032 Quod
3188 982 3286 1036 per
3314 965 3475 1020 Chri-

1904 1071 2047 1115 stum
2079 1061 2318 1116 solutum
2353 1060 2424 1114 sit
2445 1059 2705 1114 delictum
2735 1058 2903 1113 Adae:
2932 1059 3076 1128 quod
3113 1059 3302 1112 umbra
3339 1058 3474 1128 legis

1901 1152 2202 1207 transierit.
2237 1148 2594 1205 Vocationem
2637 1149 2822 1218 itaque
2862 1148 3102 1218 gentiqu
3133 1163 3476 1218 consequen—

1900 1251 1983 1298 ter
2012 1253 2164 1296 recto
2192 1243 2385 1297 ordine
2417 1240 2614 1295 factam
2646 1253 2770 1294 esse
2803 1240 2870 1293 ad
2903 1239 3048 1293 hunc
3084 1239 3308 1293 modum
3350 1255 3479 1309 pro-

1900 1333 2023 1398 bat,
2070 1340 2363 1403 postquam
2403 1329 2646 1386 ostendit
2677 1329 2948 1383 universis
2994 1328 3310 1384 hominibus
3349 1327 3476 1384 insi-

1899 1430 2010 1478 tam
2039 1439 2161 1478 esse
2191 1424 2384 1493 legem,
2417 1430 2474 1476 et
2516 1420 2742 1490 quosvis
2791 1419 2929 1472 citra
2954 1417 3259 1472 doctrinam
3295 1417 3473 1490 (legis)

1899 1517 2136 1571 naturali
2157 1515 2364 1585 judicio
2392 1529 2460 1569 ex
2487 1515 2607 1583 ipsa
2635 1527 2820 1567 rerum
2843 1509 3157 1565 conditione
3186 1509 3355 1565 Deum
3382 1525 3476 1564 co-

1897 1621 2159 1679 gnoscere
2187 1621 2369 1676 posse.
2395 1605 2740 1674 Quapropter
2768 1608 2824 1657 et
2847 1602 3045 1656 merito
3074 1606 3264 1670 gentes
3292 1600 3475 1670 priore

1899 1699 2018 1754 loco
2051 1705 2296 1763 accusat,
2325 1697 2472 1768 quod
2503 1711 2630 1750 cum
2650 1694 2787 1765 ipsis
2817 1693 3186 1762 cognitionem
3217 1692 3303 1747 sui
3329 1690 3472 1746 Deus

1898 1807 1964 1847 ex
1994 1792 2253 1862 operibus
2286 1789 2477 1844 mundi
2506 1787 2848 1860 patefecerit,
2888 1793 2941 1840 et
2971 1785 3135 1839 simul
3179 1783 3473 1854 scmpiter--

1896 1899 2022 1938 nam
2065 1883 2362 1954 potentiam
2397 1896 2574 1944 suam,
2607 1895 2728 1950 qua:
2771 1877 3010 1933 Verbum
3043 1876 3216 1946 ipsius
3265 1881 3370 1937 est,
3415 1874 3471 1928 in

1895 1991 2004 2046 quo
2034 1983 2088 2030 et
2131 1989 2227 2044 per
2253 1972 2396 2043 quod
2443 1971 2625 2026 omnia
2665 1969 2812 2034 fecit,
2861 1968 3186 2034 ostenderit,
3223 1967 3328 2038 ipsi
3360 1983 3470 2021 non

1895 2072 2266 2137 cognoverunt
2308 2079 2374 2118 ex
2412 2061 2700 2124 creaturis,
2735 2060 2900 2115 Deum
2937 2075 3060 2117 esse
3087 2059 3276 2114 talium
3311 2059 3471 2129 opili-

1894 2173 2043 2222 cem;
2073 2154 2168 2211 sed
2212 2161 2426 2217 contra,
2459 2151 2721 2222 operibus
2753 2151 2902 2206 illius
2925 2149 3266 2204 divinitatem
3304 2147 3472 2203 ascri-

1893 2248 2105 2312 bentcs,
2153 2255 2436 2300 creaturas
2466 2243 2651 2314 potius
2684 2240 3004 2306 adorarunt,
3039 2255 3203 2310 quam
3234 2237 3467 2294 Creato-

1893 2355 2028 2394 rem.
2071 2338 2310 2392 Accusat
2341 2344 2522 2390 autem
2557 2343 2611 2388 et
2635 2332 2876 2400 Judmos,
2919 2340 2979 2387 ut
3019 2332 3113 2403 qui
3138 2331 3312 2402 legem
3354 2345 3468 2386 non

1891 2437 2194 2494 servarent,
2229 2428 2339 2483 imo
2365 2443 2463 2498 per
2490 2425 2984 2496 transgressionem
3009 2423 3144 2493 legis
3170 2421 3340 2477 Deum
3367 2436 3466 2492 po-

1891 2524 2002 2579 tius
2050 2521 2317 2578 dedecore
2348 2520 2640 2575 aﬂicerent.
2689 2517 2864 2588 Atque
2900 2518 2976 2572 ita
3006 2524 3298 2586 utramque
3337 2529 3469 2585 par-

1889 2616 2022 2674 tem,
2056 2616 2164 2664 tam
2195 2609 2435 2673 Judzeos,
2469 2622 2632 2678 quam
2677 2613 2868 2678 gentes
2910 2607 3110 2676 arguit,
3145 2612 3200 2660 et
3229 2605 3332 2660 sub
3365 2605 3467 2660 ini-

1889 2702 2098 2772 quitate
2125 2699 2586 2772 transgressionis
2621 2697 2922 2762 concludit,
2961 2705 3020 2751 ut
3045 2696 3298 2753 ostendat
3337 2711 3464 2751 om-

1889 2812 1989 2852 nes
2013 2811 2172 2867 pares
2203 2810 2326 2850 csse
2356 2793 2553 2856 factos,
2598 2799 2788 2862 utpote
2813 2806 2881 2846 ex
2907 2805 3064 2862 aequo
3090 2805 3236 2855 reos,
3264 2797 3320 2844 et
3355 2786 3466 2844 Re-

1889 2887 2190 2958 demptoris
2220 2895 2461 2958 egentes.
2507 2883 2679 2938 Porro
2721 2881 3160 2954 quandoquidem
3193 2879 3370 2952 gratia
3408 2886 3464 2935 et

1888 2980 2077 3035 missio
2126 2980 2405 3050 aequaliter
2444 2977 2671 3047 contigit
2715 2988 2769 3031 et
2811 2973 3014 3030 Judaeis
3066 2981 3118 3028 et
3165 2971 3460 3044 gentibus,

1885 3071 2006 3142 jure
2029 3087 2092 3126 ac
2129 3071 2323 3126 merito
2346 3070 2587 3141 gentium
2620 3067 2764 3123 facta
2797 3065 3010 3122 vocatio
3031 3073 3115 3120 est
3138 3083 3150 3120 :
3174 3063 3464 3120 vocatione

1889 3178 2019 3218 vero
2048 3162 2289 3234 gentium
2320 3161 2485 3224 facta,
2533 3159 2845 3216 necessario
2878 3173 3129 3214 cessasse
3167 3153 3464 3212 circumci-

1888 3255 2100 3310 sionem
2145 3260 2200 3308 et
2243 3253 2375 3323 legis
2427 3252 2696 3307 umbram.
2748 3249 2884 3304 Nam
2927 3249 3222 3313 Abraham,
3258 3247 3463 3318 inquit,

1886 3361 1996 3401 non
2027 3362 2083 3399 tn
2115 3343 2558 3408 circumcisione,
2585 3344 2680 3399 sed
2711 3353 2836 3397 ante
2866 3343 3341 3398 circumcisionem
3369 3342 3464 3412 ju-

1885 3437 2175 3500 stiﬁcatus,
2199 3442 2407 3490 mutato
2431 3435 2653 3490 nomine
2675 3433 2950 3488 Abraham
2980 3434 3160 3490 dictus
3187 3441 3293 3502 est,
3325 3448 3467 3504 quo-

1884 3528 2032 3582 niam
2090 3527 2310 3583 l'uturus
2357 3533 2476 3580 erat
2517 3534 2672 3596 pater
2718 3527 3015 3580 multarum
3066 3525 3332 3596 gentium,
3381 3540 3466 3581 se-

1883 3619 2124 3676 cundum
2150 3617 2331 3680 (idem,
2362 3633 2484 3687 quae
2520 3629 2640 3672 erat
2675 3617 2728 3671 in
2754 3618 3042 3688 praeputio.
3074 3616 3464 3672 Circumcisio—

1882 3725 2008 3766 nem
2047 3715 2249 3772 autem,
2285 3715 2574 3778 postquam
2601 3707 2938 3776 iustiﬁcatus
2971 3713 3110 3769 erat,
3145 3705 3356 3775 accepit
3398 3705 3456 3759 in

1883 3815 2073 3864 carne,
2108 3806 2170 3854 ut
2213 3799 2431 3869 signum
2472 3804 2619 3856 esset
2666 3796 2735 3852 iis
2763 3798 2857 3868 qui
2903 3813 2969 3851 ex
3001 3797 3122 3867 ipso
3155 3795 3458 3852 secundum

1883 3907 2104 3948 carnem
2145 3889 2414 3946 nascituri
2444 3896 2623 3953 erant,
2662 3889 2811 3958 quod
2841 3889 3085 3944 desitura
3131 3894 3265 3941 tunc
3307 3894 3458 3941 esset

1882 3984 2256 4048 circumcisio,
2314 3981 2538 4052 quando
2577 3989 2766 4050 gentes
2811 3981 3003 4036 tierent
3046 3978 3142 4033 [itii
3199 3977 3456 4045 Abrahae,

1881 4077 2293 4146 inciperentque
2326 4075 2507 4130 vivere
2553 4072 2854 4129 secundum
2900 4072 3060 4126 ﬁdem
3095 4069 3350 4136 Abrahae,
3397 4069 3456 4126 in

1880 4182 1988 4238 qua
2016 4167 2129 4233 ille,
2160 4182 2286 4221 cum
2315 4165 2496 4222 adhuc
2525 4175 2672 4222 esset
2704 4165 2756 4219 in
2790 4164 3079 4235 praeputio,
3115 4162 3455 4234 justilicatus

1878 4266 1982 4315 est.
2027 4257 2243 4314 Etenim
2275 4257 2472 4311 horum
2524 4257 2700 4327 gratia
2743 4271 2867 4312 cum
2899 4263 3060 4311 antea
3102 4256 3282 4310 dictus
3309 4261 3454 4310 esset

1878 4349 2104 4414 Abram,
2135 4360 2364 4408 vocatus
2387 4357 2471 4404 est
2498 4347 2799 4405 Abraham.
2837 4347 2969 4403 Erat
2992 4359 3172 4403 autem
3201 4360 3454 4401 necessa-

1877 4441 2020 4495 rium
2059 4446 2142 4506 ut,
2186 4440 2538 4496 venientibus
2585 4439 2752 4495 rebus
2786 4439 3131 4510 signiﬁcatis,
3178 4437 3454 4493 desineret

225 4507 341 4602 θεοῦ
379 4521 795 4594 μετωνομάσθη,
836 4522 899 4576 οὑ
938 4522 1019 4576 δεῖ
1055 4523 1472 4595 περιτέμνεσθαι
1508 4525 1577 4580 τά
1615 4526 1773 4601 rem:

1886 4532 2117 4602 signum.
2155 4530 2501 4601 Quapropter
2541 4530 2589 4586 si
2625 4531 2719 4601 qui
2749 4507 2954 4602 cog—unt
2992 4536 3184 4600 gentes
3213 4529 3453 4584 circum-

223 4599 322 4653 ἀιλ⁹
369 4608 484 4662 οὐδέ
519 4612 718 4675 αὐτοὺς
772 4613 857 4666 ἔτι
894 4614 1020 4676 τοὺς
1073 4614 1212 4668 κατά
1249 4615 1426 4687 σάρκα
1463 4599 1769 4682 Ἰουδαίους,

223 4689 296 4745 ἴνα
394 4699 451 4752 τὸ
488 4701 657 4772 ὄνομα
695 4702 939 4774 βέϐαιον,
982 4704 1076 4768 καὶ
1113 4705 1292 4777 πατὴρ
1336 4706 1546 4760 πολλῶν
1603 4707 1771 4760 ἐθνῶν

218 4784 444 4856 καλῆται.
479 4793 592 4846 Καὶ
629 4792 743 4865 γὰρ
781 4795 842 4847 οὐ
883 4794 1071 4865 χρείαν
1109 4795 1220 4866 ἔχει
1266 4795 1450 4850 λοιπόν
1483 4814 1566 4861 τις
1619 4815 1773 4869 περι-

216 4875 501 4950 τέμνεσθαι,
533 4884 882 4957 ἀρκούμενος
912 4889 978 4956 τῇ
1014 4887 1190 4940 πίστει
1217 4887 1308 4941 τοῦ
1345 4887 1595 4960 Ἀϐραάμ
1617 4906 1630 4919 ο
1656 4889 1769 4942 ἀλλ’

215 4966 318 5020 οὐδὲ
344 4972 438 5044 τῆς
481 4975 652 5046 ἄλλης
694 4975 798 5046 τῆς
829 4976 888 5027 ἐν
930 4975 1009 5046 τῷ
1051 4977 1199 5048 νόμῳ
1241 4979 1418 5042 σκιᾶς.
1451 4979 1525 5032 Οὐ
1569 4978 1679 5050 γάρ
1707 4981 1771 5032 ἐκ

211 5059 395 5116 Mirm
418 5105 436 5129 ,
474 5066 590 5120 ἀλλ’
637 5069 708 5120 ἐκ
741 5065 983 5132 πίστεως
1026 5067 1327 5131 δικαιοῦται
1377 5088 1488 5135 τις,
1521 5071 1770 5142 καθάπερ

210 5153 288 5215 καὶ
348 5157 612 5232 Ἀϐραάμ.
669 5157 864 5212 Ταῦτα
908 5157 1079 5224 οὕτως
1130 5162 1577 5228 κατασκευάσας,
1630 5163 1770 5217 ἀπο-

203 5241 419 5304 δείκνυσι
461 5253 626 5306 πάλιν
647 5292 664 5317 ,
700 5251 788 5305 ὅτι
827 5250 1001 5314 ἄλλως
1043 5253 1142 5306 οὐκ
1172 5253 1237 5308 ἂν
1271 5254 1477 5324 γένοιτο
1505 5255 1769 5328 λύτρωσις

202 5336 282 5387 καὶ
309 5339 464 5413 χάρις
492 5344 569 5416 τῷ
596 5341 831 5414 Ἰσραὴλ
869 5342 963 5394 καὶ
987 5347 1097 5407 τοῖς
1125 5344 1350 5410 ἔθνεσιν,
1380 5348 1428 5398 εἰ
1466 5348 1539 5419 μὴ
1566 5347 1699 5419 λυθῇ
1734 5350 1767 5419 ἡ

193 5421 380 5496 ἀρχαία
408 5435 682 5506 ἁμαρτία,
716 5435 753 5504 ή
787 5431 880 5486 διὰ
912 5432 1005 5487 τοῦ
1047 5435 1216 5506 Ἀδὰμ
1245 5438 1326 5500 εἰς
1357 5438 1599 5502 ἅπαντας
1623 5456 1771 5508 γενο-

193 5515 342 5587 μένη.
367 5523 446 5576 Δι’
493 5523 660 5584 άλλου
699 5523 763 5576 δὲ
805 5522 1011 5592 ταύτην
1042 5524 1114 5596 μὴ
1169 5526 1422 5581 δύνασθαι
1451 5525 1768 5601 ἐξαλιφῆναί

189 5619 365 5674 ςησιν,
396 5612 431 5684 ἢ
464 5613 552 5670 διά
576 5615 677 5669 τοῦ
710 5612 875 5676 Υίοῦ,
901 5613 966 5666 δι’
994 5609 1054 5668 οὗ
1087 5617 1180 5672 καὶ
1204 5617 1262 5685 ἐξ
1291 5619 1466 5692 ἀρχῆς
1495 5623 1528 5693 ἡ
1554 5622 1768 5693 κατάρα

179 5699 408 5767 γέγονεν.
442 5713 517 5764 Οὐ
567 5710 685 5781 γάρ
725 5708 962 5763 δυνατὸν
1000 5706 1066 5782 ἧν
1104 5711 1258 5768 ἀλλον
1295 5714 1455 5769 λῦσα.
1498 5733 1559 5769 το
1592 5718 1768 5788 παρά-

175 5804 383 5867 πτωμα.
407 5797 548 5858 Era
577 5801 835 5876 γράφει,
867 5799 949 5856 ὅτι
981 5803 1152 5870 ἄλλως
1183 5804 1338 5862 τοῦτο
1381 5808 1442 5863 ου
1497 5809 1572 5885 μὴ
1609 5809 1768 5884 γένη-

1875 4623 2004 4690 cidi,
2035 4623 2198 4678 iidem
2242 4623 2438 4677 tollant
2486 4630 2542 4678 et
2572 4637 2775 4677 nomen
2827 4621 3127 4688 Abraham,
3169 4627 3224 4675 et
3255 4627 3452 4674 vocent

1873 4731 1997 4771 eum
2035 4714 2262 4769 Abram.
2296 4713 2355 4768 Si
2382 4729 2514 4770 vero
2556 4713 2835 4768 Abraham
2876 4720 3106 4767 vocatus
3134 4718 3220 4766 est
3251 4725 3281 4763 a
3316 4708 3451 4776 Deo,

1872 4823 1983 4862 non
2021 4813 2239 4877 oportet
2265 4813 2455 4876 gentes
2494 4805 2820 4860 circumcidi
2852 4823 2864 4858 :
2893 4805 3004 4860 imo
3033 4818 3102 4858 ne
3133 4801 3305 4857 Judaei
3333 4801 3450 4870 qui-

1872 4899 1992 4955 dem
2018 4882 2322 4955 secundum
2345 4913 2568 4954 carnem
2594 4899 2829 4969 amplius
2849 4894 3274 4952 circumcidendi
3295 4900 3442 4958 sunt,

1872 5000 1933 5046 ut
1976 4993 2191 5047 lirmum
2245 4993 2317 5049 sit
2351 5007 2553 5048 nomen
2604 4991 2881 5063 (Abrahae)
2929 4997 3265 5058 voceturque
3291 4993 3448 5056 pater

1870 5085 2166 5138 multarum
2199 5084 2466 5156 gentium.
2520 5083 2668 5138 Nulli
2711 5084 2858 5139 enim
2894 5083 3125 5153 posthac
3156 5095 3296 5149 opus
3337 5087 3443 5141 est,

1871 5183 1931 5229 ut
1954 5176 2407 5242 circumcidatur,
2451 5193 2576 5232 cum
2613 5177 2850 5231 sulliciat
2892 5175 3028 5230 ﬁdes
3054 5172 3320 5227 Abrahae:
3344 5187 3444 5227 nec

1870 5281 2008 5337 Opus
2054 5274 2138 5323 est
2189 5269 2299 5322 ulla
2345 5268 2483 5339 legis
2511 5268 2729 5323 umbra.
2771 5265 2890 5320 Non
2942 5264 3086 5320 enim
3112 5263 3443 5333 justiﬁcatur

1870 5358 2155 5428 quisquam
2183 5374 2250 5413 ex
2276 5359 2502 5422 talibus,
2554 5357 2651 5412 sed
2705 5373 2773 5412 ex
2811 5356 2933 5420 (ide,
2981 5353 3440 5425 quemadmodum

1869 5462 1924 5503 et
1949 5448 2244 5503 Abraham.
2286 5448 2584 5519 Postquam
2617 5449 2723 5505 ista
2774 5447 2843 5502 ad
2875 5448 3022 5502 hunc
3051 5447 3272 5501 modum
3308 5461 3438 5517 pro-

1868 5540 2038 5606 bavit,
2073 5541 2269 5595 iterum
2303 5541 2566 5605 ostendit,
2617 5541 2761 5612 quod
2809 5555 2910 5596 nec
2941 5540 3150 5603 Israeli,
3188 5553 3288 5594 nec
3313 5555 3443 5610 gen-

1867 5633 2018 5690 tibus
2043 5635 2149 5688 alia
2182 5633 2356 5705 possit
2396 5633 2606 5689 ratione
2639 5633 2940 5704 redemptio
2974 5642 3028 5689 et
3049 5634 3220 5705 gratia
3252 5633 3437 5688 obtin-

1869 5738 2016 5792 gere,
2047 5722 2151 5778 nisi
2177 5730 2449 5778 vetustum
2471 5722 2605 5777 illud
2637 5731 2944 5793 peccatum,
2971 5724 3117 5795 quod
3146 5740 3243 5794 per
3264 5724 3434 5778 Adam

1871 5813 1926 5870 in
1958 5829 2162 5890 omnes
2201 5814 2458 5872 mortales
2488 5815 2753 5886 pervenit,
2798 5815 3062 5874 solvatur.
3107 5815 3285 5873 Deleri
3337 5830 3438 5870 au~
