4066 6388
618 382 730 452 zis
840 392 845 397 ‘

1780 387 1841 447 8.
1877 387 2341 445 ATHANASIUS.
2372 419 2442 430 —
2480 386 2707 446 DUBIA.

3764 388 3859 443 Ll6

620 517 732 565 tem
765 522 862 579 per
888 505 1056 561 alium
1086 518 1194 560 non
1226 518 1409 574 posse,
1447 502 1556 558 nisi
1581 518 1677 573 per
1702 500 1902 557 Filium
1930 501 2047 567 Dei,
2086 516 2185 572 per

2295 518 2396 567 ται,
2424 503 2474 556 εἰ
2510 500 2585 573 μὴ
2611 500 2963 570 σωματωθεὶς
2999 504 3029 556 δ
3054 504 3183 568 Υἱὸς
3213 501 3307 559 τοῦ
3341 502 3476 558 Θεοῦ
3507 505 3734 576 γένηται
3778 506 3861 562 άν-

620 614 784 671 quem
812 605 867 653 et
892 597 960 652 ab
984 596 1141 655 initio
1162 593 1472 649 maledictio
1513 593 1655 648 facta
1692 594 1786 649 sit.
1828 593 2011 664 Neque
2036 595 2182 649 enim

2295 593 2523 665 θρωπος,
2559 594 2679 656 ἵνα,
2712 591 2901 657 τοῦτο,
2932 596 3077 667 φημὶ
3115 595 3179 668 δὴ
3200 636 3215 662 ,
3250 596 3314 650 τὸ
3362 596 3689 668 ὁμοιοπαθὲς
3739 600 3861 670 ἡμῖν

621 689 888 762 possibile
942 695 1090 751 erat,
1138 693 1200 739 ut
1253 685 1399 740 alius
1457 683 1715 740 delictum
1767 685 1875 740 hoc
1932 684 2185 740 solveret.

623 781 829 838 Deinde
851 778 1063 842 scribit,
1092 776 1238 847 quod
1264 776 1417 832 nullo
1440 778 1549 831 alio
1576 785 1737 848 pacto
1766 777 1820 832 id
1843 776 1961 833 ﬁeri
1989 776 2188 847 potuit,

621 889 783 946 quam
817 879 876 927 ut
898 885 1127 941 corpore
1159 878 1445 941 assumpto
1474 870 1649 927 Filius
1676 869 1770 925 Dei
1801 870 1951 924 ﬁeret
1982 867 2147 922 homo
2173 885 2188 922 :

618 975 681 1020 ut
709 978 908 1034 corpus
956 962 1085 1026 hoc,
1135 962 1386 1034 inquam,
1440 962 1585 1033 quod
1629 960 1979 1033 passionibus
2028 958 2191 1015 nobis

619 1057 799 1114 simile
849 1064 1019 1122 esset,
1074 1071 1177 1128 pro
1221 1057 1481 1112 omnibus
1528 1055 1769 1118 offerret,
1826 1062 1881 1112 et
1922 1069 2114 1110 omnes
2157 1068 2191 1109 a

614 1155 794 1204 morte
835 1148 1123 1207 liberaret.
1161 1155 1216 1205 et
1240 1146 1700 1218 quemadmodum
1747 1160 1844 1217 per
1878 1160 2046 1200 unum
2093 1144 2192 1199 ho-

614 1239 818 1295 minem
847 1250 1135 1310 peccatum
1163 1241 1221 1295 in
1250 1240 1514 1296 mundum
1551 1239 1861 1311 ingressum
1888 1246 1996 1301 est,
2026 1238 2102 1291 ita
2135 1242 2193 1291 et

612 1346 715 1402 per
744 1347 913 1387 unum
947 1331 1225 1388 hominem
1261 1333 1330 1389 ad
1358 1348 1550 1389 omnes
1579 1334 1838 1389 mortales
1873 1331 2036 1404 ιω
2064 1344 2195 1401 gra-

2288 686 2451 757 σῶμα
2475 687 2845 757 προσενέγκας
2870 684 3012 758 ὑπὲρ
3045 687 3284 755 πάντων,
3317 689 3446 752 τοὺς
3482 689 3695 752 πάντας
3723 690 3862 743 ὲλευ-

2292 776 2506 849 θερώσῃ
2539 776 2648 831 ἀπὸ
2675 775 2766 829 ⁴ιτοῦ
2795 775 3051 841 θανάτου,
3084 777 3180 830 καὶ
3208 776 3398 849 ὥσπερ
3424 776 3491 830 δι’
3525 778 3646 842 ἑνὸς
3671 778 3862 852 ἀνθρώ-

2289 885 2394 923 που
2425 870 2459 939 ἡ
2491 867 2731 940 ἁμαρτία
2770 868 2850 931 εἰς
2902 865 3106 937 κόσμον
3146 867 3415 938 εἰσῆλθεν,
3454 867 3629 933 οὕτως
3677 870 3773 922 καὶ
3800 869 3861 923 δι’

2291 958 2411 1023 ἑνὸς
2434 957 2725 1027 ἀνθρώπου
2752 959 2832 1021 είς
2858 957 3067 1021 πάντας
3099 957 3419 1031 ἀνθρώπους
3466 961 3499 1030 ἡ
3523 960 3683 1031 χάρις
3710 960 3861 1031 γένη-

2289 1065 2401 1105 ται.
2442 1048 2553 1102 Καὶ
2577 1047 2785 1113 λοιπὸν,
2811 1048 2887 1111 ὡς
2925 1048 3090 1112 καλὸς
3122 1049 3403 1121 οἰκονόμος
3421 1091 3437 1115 ,
3462 1052 3589 1115 τοὺς
3620 1051 3721 1123 μὲν
3745 1052 3864 1104 ἰου-

2291 1141 2474 1205 δαίους
2502 1139 2930 1213 παραμυθεῖται,
2971 1141 3055 1193 ὅτι
3081 1142 3156 1195 Ού
3186 1141 3496 1212 παραϐάται
3526 1143 3746 1212 γίνεσθε
3778 1143 3863 1196 τοῦ

2292 1232 2480 1303 νόμου,
2507 1223 2601 1286 ἐὰν
2629 1233 2710 1293 εἰς
2739 1229 2832 1283 τὸν
2871 1230 3107 1301 Χριστὸν
3150 1230 3476 1303 πιστεύσητε
3493 1250 3508 1264 ο
3542 1235 3654 1296 τοῖς
3679 1231 3739 1286 δὲ
3767 1232 3867 1286 ἀπὸ

2293 1324 2403 1377 τῶν
2420 1322 2593 1387 ἐθνῶν
2614 1323 2901 1395 παρεγγυᾷ
2926 1323 3001 1392 μὴ
3025 1321 3345 1394 ἐπαίρεσθαι
3361 1324 3502 1394 κατὰ
3520 1324 3616 1379 τοῦ
3635 1323 3863 1397 Ἰσραὴλ,

613 1422 692 1476 tia
716 1422 1049 1492 perveniret.
1079 1420 1347 1492 Deinceps
1374 1437 1528 1488 vero,
1554 1430 1816 1493 tanquam
1848 1422 2026 1477 bonus
2048 1434 2188 1475 ceco.

2295 1416 2424 1471 ιλλά
2459 1412 2769 1484 γινώσκειν,
2795 1415 2901 1480 ὃτι,
2937 1413 3014 1477 ὡς
3040 1414 3226 1483 κλάδοι
3250 1417 3343 1469 ὲπὶ
3364 1417 3462 1487 τὴν
3489 1416 3666 1487 ῥίζαν,
3701 1416 3864 1482 οὕτως

614 1525 836 1573 nomus,
858 1508 1076 1567 Iudaeos
1102 1512 1440 1579 consolatur,
1466 1512 1613 1583 quod
1647 1513 1783 1584 legis
1812 1521 2188 1583 transgresso-

2295 1509 2374 1562 ἐπ’
2412 1508 2651 1570 ἐκείνους
2701 1505 3210 1577 ὲνεκεντρίσθησαν.
3249 1506 3404 1561 Μετὰ
3436 1508 3495 1563 δὲ
3530 1507 3706 1561 ταῦτα
3738 1524 3868 1579 παρ-

614 1616 708 1658 res
750 1601 921 1657 futuri
970 1618 1083 1658 non
1130 1604 1260 1671 sint,
1312 1604 1360 1659 si
1394 1605 1453 1663 in
1494 1605 1778 1660 Christum
1823 1602 2091 1659 credant:
2120 1601 2188 1658 iis

616 1706 771 1754 vero,
809 1693 904 1763 qui
939 1708 1006 1749 ex
1037 1694 1287 1762 gentibus
1308 1694 1680 1759 crediderant,
1722 1694 1909 1758 edicit,
1960 1708 2029 1749 ne
2058 1707 2190 1751 con-

2288 1600 2591 1663 αινετικοὺς
2642 1598 2833 1668 λόγους
2870 1600 2946 1662 είς
2980 1598 3063 1668 ,τὰ
3100 1597 3206 1673 ἤθη
3244 1600 3484 1668 διδάξας,
3538 1599 3741 1654 τελειοῖ
3777 1600 3866 1672 τὴν

2310 1692 2648 1763 Ἐπιστολὴν.

619 1795 705 1841 tra
735 1784 987 1842 lsraelem
1010 1787 1312 1859 erigantur,
1337 1787 1435 1843 sed
1488 1796 1790 1860 agnoscant
1853 1805 1934 1858 se,
1999 1789 2170 1846 veluti
2235 1803 2423 1843 ramos
2474 1786 2670 1846 radici,
2740 1785 2814 1839 ita
2870 1783 3076 1841 Judaais
3132 1792 3387 1843 insertos.
3439 1785 3538 1844 Bis
3583 1787 3865 1849 absolutis,

621 1878 962 1936 hortatorios
992 1894 1277 1937 sermones
1301 1896 1402 1951 pro
1434 1883 1685 1938 moribus
1715 1884 2070 1940 instituendis
2099 1880 2288 1945 tradit,
2321 1888 2487 1950 atque
2522 1878 2598 1933 ita
2624 1878 2926 1949 Epistolam
2955 1879 3091 1934 linit.

1041 1966 1306 2033 Secunda,
1341 1969 1412 2023 ad
1442 1970 1770 2026 Carinthias.

689 2059 779 2119 60.
820 2059 973 2115 Hanc
1004 2061 1071 2115 ad
1111 2060 1427 2117 Corinthios
1461 2064 1687 2134 scripsit
1715 2065 1834 2135 ipse
1863 2064 2087 2130 Paulus,
2123 2080 2191 2121 ex

620 2150 835 2222 Epheso
864 2152 1029 2217 Asiae,
1057 2153 1276 2209 tametsi
1310 2169 1405 2209 eos
1436 2154 1548 2223 jam
1583 2155 1792 2210 viderat
1821 2166 1876 2211 et
1902 2157 2186 2222 docuerat,

619 2253 681 2299 ut
714 2245 1070 2302 nihilominus
1097 2262 1193 2304 eos
1226 2248 1563 2305 admoneret.
1591 2247 1824 2306 Occasio
1853 2259 2033 2305 autem
2066 2249 2192 2321 Epi-

619 2336 772 2391 stolae
792 2336 908 2393 haec
929 2345 1050 2394 est:
1082 2337 1373 2404 Corinthii,
1408 2356 1504 2411 per
1534 2343 1937 2396 contentionem
1963 2357 2194 2413 congre-

622 2429 757 2500 gati,
804 2430 1092 2486 sententiis
1138 2431 1283 2487 inter
1334 2449 1393 2487 se
1441 2432 1800 2497 dissidebant,
1859 2442 1914 2489 ct
1962 2433 2197 2505 denique

622 2530 781 2576 erant
805 2522 946 2578 inter
981 2536 1078 2578 eos
1115 2524 1437 2590 schismata,
1484 2540 1717 2595 quorum
1750 2525 1883 2595 vitio
1929 2525 2110 2591 (iebat,
2137 2534 2200 2581 ut

622 2612 957 2684 negligerent
992 2629 1138 2681 eum,
1190 2616 1282 2685 qui
1329 2631 1620 2671 novercam
1670 2631 1823 2673 suam
1872 2618 1926 2671 in
1972 2632 2198 2672 uxorem

620 2703 725 2760 sibi
769 2714 1099 2776 sumpserat.
1141 2706 1250 2760 Alii
1278 2707 1536 2762 volebant
1592 2722 1794 2764 uxores
1832 2724 1984 2774 suas,
2024 2708 2200 2764 conti-

621 2793 825 2849 nentiae
855 2794 1107 2860 obtentu,
1130 2795 1462 2868 relinquere.
1484 2797 1717 2864 Quidam
1751 2798 1806 2853 in
1839 2799 2057 2869 templis
2081 2799 2201 2853 ido-

621 2884 799 2940 lorum
818 2884 1074 2952 edebant,
1096 2886 1255 2957 quasi
1271 2887 1638 2947 indili‘crentia
1666 2898 1853 2946 essent
1875 2889 2195 2961 idolothyta.

624 2975 793 3031 Erant
837 2976 935 3048 qui
984 2977 1227 3048 reliquos
1275 2988 1713 3045 contemnerent,
1762 2994 1859 3036 eos
1904 2995 2053 3045 vero,
2103 2979 2199 3050 qui

621 3067 825 3137 linguis
872 3067 1268 3140 loquebantur,
1314 3069 1679 3139 suspicerent.
1722 3068 2011 3126 Postremo
2056 3079 2109 3125 et
2144 3072 2199 3127 in

622 3160 891 3231 mysterio
919 3160 1348 3220 resurrectionis
1389 3162 1613 3232 quidam
1653 3163 1867 3219 seducti
1911 3171 2091 3227 erant,
2124 3164 2200 3219 ita

622 3257 685 3305 ut
711 3250 978 3316 dicerent,
1015 3250 1261 3308 futurum
1301 3268 1412 3309 non
1442 3269 1585 3320 esse,
1615 3262 1676 3309 ut
1707 3254 1823 3310 hcce
1854 3262 2042 3311 nostra
2069 3269 2200 3310 caro

622 3350 897 3413 resurgat.
944 3341 1082 3397 Cum
1135 3342 1252 3399 haec
1295 3343 1480 3400 omnia
1527 3344 1778 3401 Corinthi
1825 3354 2196 3414 moverentur,
2226 3325 2269 3385 (ἶ

624 3434 878 3489 scribunt
909 3434 1099 3507 populi
1125 3436 1411 3508 Apostolo,
1448 3437 1544 3509 qui
1575 3446 1629 3493 et
1663 3437 1732 3493 ad
1778 3438 1963 3495 omnia
2000 3440 2200 3495 rescri~

622 3523 724 3582 bit.
754 3525 821 3581 Et
840 3527 1074 3598 primum
1107 3528 1349 3599 quidem,
1400 3529 1777 3585 testimonium
1809 3531 1919 3586 illis
1947 3531 2041 3586 dat
2064 3546 2195 3600 pru-

623 3614 822 3673 dentia:
841 3628 897 3674 et
926 3619 1184 3685 scientiae,
1216 3635 1326 3675 non
1360 3631 1540 3676 autem
1567 3621 1753 3676 laudat
1773 3637 1869 3679 eos
1900 3623 2198 3681 schismata

621 3707 906 3777 facientes,
953 3710 1050 3767 sed
1092 3710 1307 3780 suadet,
1350 3720 1411 3767 ut
1450 3714 1705 3772 virtutem
1743 3724 1932 3784 putent
1989 3733 2097 3770 non
2140 3717 2197 3771 in

621 3815 874 3858 sermone
906 3817 1051 3868 esse,
1104 3803 1201 3859 sed
1232 3802 1291 3859 in
1342 3820 1509 3875 opere
1555 3812 1610 3865 et
1655 3812 1943 3876 potestate.
1993 3806 2197 3865 Deinde

621 3900 910 3963 postquam
954 3894 1229 3965 increpuit
1276 3910 1423 3960 eum,
1473 3897 1569 3967 qui
1602 3913 1895 3955 novercam
1928 3898 2193 3964 duxisset,

623 3981 1054 4057 adhortatusque
1104 4002 1176 4043 ne
1214 3988 1407 4044 litibus
1457 3989 1601 4044 inter
1657 4005 1717 4046 se
1770 3991 2190 4055 contenderent,

623 4072 884 4145 deinceps
925 4076 993 4130 ad
1030 4092 1096 4132 ea
1136 4079 1452 4149 respondet,
1493 4080 1561 4135 de
1608 4081 1808 4151 quibus
1841 4083 1919 4137 illi
1966 4084 2198 4154 scripse-

623 4172 770 4219 rant.
801 4164 880 4222 De
901 4168 1109 4237 nuptiis
1135 4168 1319 4235 docet,
1353 4170 1652 4226 infractum
1683 4189 1807 4229 esse
1837 4174 2037 4232 debere
2064 4188 2196 4231 con-

620 4254 855 4328 iugium,
890 4264 945 4313 et
974 4274 1198 4328 precum
1224 4262 1400 4332 gratia
1431 4262 1498 4317 ad
1528 4272 1747 4334 tempus
1780 4265 1850 4320 ab
1884 4266 1977 4321 illo
2005 4267 2193 4325 vacari

624 4361 810 4417 posse.
847 4347 1117 4414 Quoniam
1148 4367 1280 4407 vero
1332 4354 1729 4410 continentiam
1772 4356 2093 4429 diligebant,
2128 4360 2198 4416 de

624 4439 941 4510 virginitate
984 4440 1199 4505 scribit,
1233 4444 1381 4514 quod
1431 4447 1748 4503 necessaria
1793 4463 1906 4504 non
1959 4450 2052 4514 sit,
2098 4450 2195 4507 sed

625 4531 895 4603 cujusque
923 4533 1148 4590 arbitrio
1176 4536 1559 4607 permittenda.
1589 4539 1784 4596 Suhdit
1811 4542 1879 4599 de
1923 4543 2196 4616 idolothy-

624 4623 720 4720 tis,
741 4639 823 4720 ne
854 4624 1151 4720 abptantur
1174 4628 1426 4696 scientia,
1459 4630 1557 4687 sed
1594 4644 1991 4693 conversentur
2025 4637 2078 4691 in
2111 4636 2195 4690 di-
2226 4666 2269 4720 ι)

2245 4790 2255 4799 ,
2300 4725 2608 4796 συμπόσια,
2646 4724 2735 4778 ἵνα
2780 4724 2853 4796 μὴ
2884 4723 3345 4788 σκανδαλίζωνται
3392 4726 3441 4778 οἰ
3495 4726 3703 4797 μικροί.
3750 4721 3891 4779 Εἶτα

623 4714 881 4773 lectione.
915 4714 1177 4776 Prohibet
1206 4720 1373 4791 igitur
1412 4723 1684 4789 convivia,
1724 4743 1846 4797 quae
1874 4727 1932 4782 in
1977 4728 2200 4798 templis,

623 4803 898 4860 idolorum
967 4806 1161 4864 ﬁerent
1186 4848 1202 4875 ,
1280 4826 1353 4867 ne
1412 4812 1599 4883 pusilli
1666 4815 2196 4872 scandalizarentur.

623 4890 821 4951 Postea
851 4897 920 4953 de
952 4897 1113 4955 donis
1136 4899 1519 4972 spiritualibus
1554 4904 1768 4973 scribit,
1794 4921 1865 4962 ne
1893 4906 2198 4967 charisma-

623 4994 737 5041 tum
769 4989 945 5058 gratia
971 4988 1269 5050 discrimen
1296 4994 1438 5050 inter
1466 5010 1526 5051 se
1545 5001 1814 5062 statuant,
1844 5012 1981 5054 neve
2005 4998 2199 5069 pratic-

623 5086 749 5133 rant
784 5094 934 5146 eum,
963 5083 1058 5153 qui
1087 5083 1364 5141 charisma
1390 5086 1611 5157 aliquod
1634 5086 1820 5154 habet,
1853 5089 1926 5154 ei,
1960 5089 2055 5161 qui
2088 5090 2197 5146 alio

624 5169 862 5229 donatus
906 5182 1029 5231 est:
1060 5189 1188 5231 nam
1238 5177 1425 5232 omnia
1470 5180 1719 5249 ejusdem
1770 5194 1897 5238 esse
1955 5180 2193 5253 Spiritus

622 5260 779 5319 dicit.
812 5263 1020 5323 Deinde
1051 5279 1105 5324 et
1124 5266 1195 5324 de
1222 5271 1631 5328 resurrectione
1656 5273 1835 5337 docet,
1872 5275 2018 5345 quod
2047 5277 2196 5332 scili-

625 5362 714 5411 cet
740 5369 870 5412 caro
900 5366 1281 5416 resu‘rrectura
1321 5363 1416 5427 sit,
1468 5372 1684 5419 mortua
1738 5366 1957 5437 quidem
2000 5384 2192 5425 corruo

625 5445 856 5515 ptibilis,
882 5450 1168 5506 excitanda
1212 5468 1343 5509 vero
1387 5454 1706 5527 incorrupta
1736 5460 2036 5515 secundum
2070 5477 2196 5532 gra-

628 5534 762 5590 tiam
802 5535 1029 5594 Christi.
1073 5540 1553 5601 Resurrectionem
1591 5563 1722 5604 vero
1746 5564 1811 5603 ex
1864 5563 1932 5604 eo
1975 5551 2193 5617 astruit,

631 5624 781 5695 quod
807 5625 1060 5686 Christus
1108 5635 1382 5693 excitatus
1408 5645 1514 5693 est.
1542 5638 1600 5693 In
1643 5640 1794 5696 calce
1838 5640 2089 5696 hortatur
2126 5641 2194 5698 de

634 5716 881 5773 moribus
923 5719 1292 5782 instituendis.
1325 5736 1380 5782 et
1419 5729 1489 5784 de
1523 5731 1753 5787 collecta
1776 5733 1844 5787 ad
1887 5732 2192 5788 subsidium

2647 1969 2901 2037 Δευτέρα
2924 2010 2938 2033 ,
2976 1969 3127 2037 πρὸς
3151 1969 3521 2037 Κορινθίους.

2365 2060 2453 2116 60.
2491 2061 2705 2133 Ταύτην
2750 2060 3053 2115 ἐπιστέλλει
3085 2063 3116 2113 ὸ
3155 2061 3315 2124 αὐτὸς
3348 2059 3561 2123 Παῦλος
3588 2059 3728 2132 πρὸς
3770 2061 3870 2113 Κο-

2296 2153 2529 2224 ρινθίους
2559 2153 2667 2207 ἀπὸ
2712 2154 2937 2224 Ἐφέσου
2976 2153 3076 2223 τῆς
3122 2152 3326 2216 Ἄσίας,
3359 2150 3621 2224 ἑωρακὼς
3657 2152 3757 2223 μὲν
3782 2152 3872 2206 αὐ-

2293 2242 2416 2306 τοὺς
2444 2242 2545 2313 ἤδη
2575 2242 2669 2295 καὶ
2688 2241 2926 2309 διδάξας,
2953 2243 3386 2325 ὑπομιμνήσκων
3409 2242 3466 2295 δὲ
3494 2242 3645 2313 ὅμως
3668 2241 3757 2295 διὰ
3778 2245 3870 2313 τῆς

2307 2334 2623 2406 Ἐπιστολῆς
2663 2335 2889 2408 ταύτης.
2920 2337 2986 2389 Ἡ
3020 2337 3079 2390 δὲ
3109 2336 3379 2407 πρόφασις
3425 2335 3525 2406 τῆς
3555 2334 3870 2406 Ἐπιστολῆς

2294 2425 2433 2497 αῦτη
2462 2441 2476 2457 ·
2508 2424 2820 2498 Κορίνθιοι,
2853 2429 2917 2480 ἐκ
2955 2426 3288 2497 φιλονεικίας
3314 2426 3698 2497 συναγόμενοι,
3729 2425 3871 2497 ἐσχί-

2294 2517 2450 2582 ζοντο
2476 2519 2596 2581 ταῖς
2645 2517 2914 2588 γνώμαις,
2947 2517 3044 2571 καὶ
3094 2516 3282 2571 λοιπὸν
3326 2511 3395 2587 ἧν
3439 2518 3498 2569 ὲν
3537 2516 3726 2578 αὐτοῖς
3768 2510 3885 2587 σχί-“

2297 2625 2497 2681 σματα’
2530 2611 2626 2663 καὶ¹
2652 2608 2822 2669 ὄντων
2851 2609 3187 2681 σχισμάτων,
3221 2606 3628 2680 παρεὸλέποντο
3650 2606 3745 2661 τὸν
3783 2605 3866 2660 λα-

2296 2701 2459 2754 ὅόντα
2501 2701 2601 2772 τὴν
2649 2700 2918 2772 μητρυιὰν
2959 2703 3037 2765 εἰς
3080 2703 3335 2770 γυναῖκα.
3371 2699 3557 2753 ⁸’Δλλοι
3589 2700 3647 2754 δὲ
3691 2699 3871 2771 ἤθελον

2297 2792 2729 2863 καταλιμπάνειν
2779 2792 2878 2854 τὰς
2922 2794 3187 2863 γυναῖκας
3227 2790 3494 2865 προφάσει
3539 2790 3640 2861 τῆς
3686 2790 3857 2861 ὲγκρα

2298 2886 2466 2952 τείας.
2487 2885 2644 2949 Τινὲς
2666 2885 2723 2938 δὲ
2749 2886 2842 2939 καὶ
2873 2888 2932 2939 ὲν
2956 2885 3243 2948 είδωλείοις
3262 2883 3449 2956 ἢσθιον
3466 2881 3547 2947 ὡς
3571 2882 3872 2955 ἀδιαφόρων

2299 2976 2470 3030 όντων
2502 2977 2611 3031 τῶν
2652 2977 3035 3032 εἰδωλοθύτων.
3076 2977 3260 3032 ’Δλλοι
3304 2977 3361 3031 δὲ
3390 2977 3516 3042 τοὺς
3553 2976 3654 3049 μὲν
3688 2977 3872 3039 ἄλλους

2300 3069 2638 3135 ἑξουθένουν,
2668 3070 2794 3135 τοὺς
2817 3070 2873 3123 δὲ
2911 3070 3207 3136 λαλοῦντας
3236 3069 3511 3140 γλώσσαις
3542 3069 3870 3142 ἐθαύμαζον.

2300 3160 2411 3226 Καὶ
2433 3160 2584 3225 τέλος
2609 3162 2892 3232 ὴπάτηντο
2918 3163 3012 3217 καὶ
3040 3164 3122 3227 είς
3147 3162 3209 3216 τὸ
3247 3179 3312 3216 πε
3321 3162 3374 3232 pl
3401 3162 3754 3226 ἀναστάσεως
3782 3180 3877 3233 μυ-

2307 3253 2545 3324 στήριον,
2581 3253 2829 3324 λέγοντες
2865 3256 2939 3328 μὴ
2976 3253 3285 3327 ἐγείρεσθαι
3312 3255 3412 3326 τὴν
3444 3255 3627 3327 σάρκα
3651 3254 3873 3326 ταύτην.

2302 3343 2519 3399 Τούτων
2547 3347 2764 3402 πάντων
2803 3349 2861 3401 ὲν
2904 3345 3155 3420 Κορίνθῳ
3180 3346 3511 3418 κινουμένων
3530 3386 3546 3411 ,
3578 3346 3876 3418 γράφουσιν

2299 3438 2349 3492 οἰ
2377 3436 2495 3497 λαοὶ
2524 3437 2603 3509 τῷ
2636 3439 2963 3511 Ἀποστόλῳ,
3001 3440 3094 3494 καί
3131 3439 3317 3493 λοιπὸν
3346 3437 3484 3511 πρὸς
3516 3440 3700 3493 πάντα
3730 3441 3876 3495 ἀντι-

2298 3531 2519 3602 γράφει.
2546 3532 2654 3584 Καὶ
2692 3530 2905 3604 πρῶτον
2944 3530 3041 3602 μὲν
3085 3531 3353 3603 μαρτυρεῖ
3386 3530 3570 3593 αὐτοῖς
3597 3532 3657 3583 ὲν
3692 3530 3880 3603 φρονή-

2302 3638 2383 3685 σει
2423 3622 2519 3676 καὶ
2543 3620 2776 3691 γνώσει·
2805 3622 2905 3676 οὐκ
2933 3621 3256 3693 ἀποδέχεταιὶ
3287 3620 3343 3679 δὲ
3369 3620 3569 3684 αὐτοὺς
3597 3621 3881 3684 ποιοῦντας

2296 3712 2368 3767 τὰ
2399 3712 2675 3785 σχίσματα
2698 3755 2713 3781 ,
2740 3713 2877 3767 ἀλλὰ
2909 3713 3004 3768 καὶ
3032 3712 3382 3784 συμϐουλεύει
3416 3714 3491 3784 μὴ
3520 3715 3579 3768 ὲν
3607 3713 3755 3784 λόγῳ
3782 3713 3878 3784 τὴν

2297 3805 2521 3876 ἀρετὴν,
2550 3803 2666 3859 ἀλλ’
2700 3806 2760 3858 ὲν
2790 3804 2937 3877 ἔργῳ
2966 3804 3060 3858 καὶ
3087 3803 3313 3876 δυνάμει
3339 3804 3599 3877 ἡγεῖσθαι
3619 3821 3636 3836 ο
3667 3804 3877 3869 ἔπειτα,

2297 3895 2635 3966 ἐπιτιμήσας
2675 3894 2752 3967 τῷ
2792 3894 2894 3967 τὴν
2924 3895 3194 3967 μητρυιὰν
3224 3895 3439 3949 λαϐόντι
3460 3934 3475 3960 ,
3499 3896 3597 3949 καὶ
3623 3895 3881 3967 παραινέ-

2301 4005 2400 4057 σας
2430 3987 2504 4059 μὴ
2540 3986 2689 4058 ἔχειν
2716 3987 2959 4060 κρίματα
2989 3988 3126 4060 πρὸς
3153 3989 3406 4053 ἑαυτοὺς,
3434 3987 3623 4042 λοιπον
3657 3988 3786 4059 περί
3806 3981 3882 4042 ὧν

2297 4079 2541 4153 ἔγραψαν
2565 4080 2940 4150 ἀποκρίνεται.
2971 4080 3107 4152 Περὶ
3137 4081 3235 4153 μὲν
3260 4078 3354 4133 τοῦ
3381 4080 3560 4152 γάμου
3584 4078 3879 4145 διδάσκων,

2297 4171 2570 4244 ἄρρηκτον
2597 4167 2735 4227 εἶναι
2776 4173 2877 4244 τὴν
2930 4173 3210 4242 συζυγίαν,
3256 4171 3350 4226 καὶ
3394 4172 3451 4224 ὲν
3489 4170 3673 4243 καιρῷ
3720 4172 3882 4243 μόνον

2299 4264 2579 4339 σχολάζειν
2623 4263 2711 4318 διὰ
2747 4263 2845 4336 τὴν
2880 4266 3074 4337 εὐχήνο
3103 4264 3191 4320 διὰ
3220 4263 3278 4319 δὲ
3317 4263 3378 4319 τὸ
3424 4264 3649 4336 ἀγαπᾷν
3685 4263 3884 4329 αὐτοὺς

2296 4355 2393 4428 τὴν
2448 4356 2810 4427 ἐγκράτειαν,
2849 4357 3053 4429 γράφει
3110 4357 3240 4430 περὶ
3289 4356 3624 4430 παρθενίας,
3664 4358 3748 4411 ὅτι
3807 4357 3885 4428 μὴ

2298 4450 2533 4522 ἀνάγκῃ,
2570 4448 2705 4503 ἀλλὰ
2747 4449 2929 4504 πειθοῖ
2955 4448 3115 4504 τοῦτο
3163 4449 3417 4519 γινέσθω.
3450 4443 3587 4504 Εἶτα
3614 4449 3744 4521 περὶ
3776 4449 3886 4502 τῶν

2296 4540 2680 4605 εἰδωλοθύτων,
2719 4541 2804 4595 ἵνα
2841 4542 2914 4614 μὴ
2951 4541 3332 4614 καταχρῶνται
3379 4544 3445 4614 τῇ
3492 4541 3715 4612 γνώσει,
3748 4540 3888 4596 ἀλλὰ

2297 4637 2363 4704 τῇ
2397 4634 2585 4706 ἀγάπῃ
2618 4632 3027 4688 πολιτεύωνται.
3072 4632 3291 4686 Κωλύει
3335 4628 3428 4688 οὖν
3461 4633 3531 4687 τὰ
3573 4636 3632 4687 ἐν
3660 4633 3889 4706 εἰδωλίῳ

2297 4812 2558 4885 περὶτῶν
2586 4812 2972 4884 πνευματικῶν
3009 4811 3367 4884 χαρισμάτων
3409 4813 3650 4885 γράφει·
3688 4814 3779 4868 ἵνα
3811 4815 3892 4888 μὴ

2296 4890 2653 4976 διαφέρωνται
2683 4907 2742 4959 ὲν
2768 4907 2881 4968 τοῖς
2913 4903 3234 4976 χαρίσμασι,
3265 4903 3398 4975 μηδὲ
3424 4904 3768 4976 προκρίνωσι
3793 4906 3892 4960 τὸν

2298 4995 2487 5068 ἔχοντα
2513 4996 2574 5050 τὸ
2603 4998 2850 5069 χάρισμα
2876 4996 2996 5050 τόδε
3026 4995 3121 5050 τοῦ
3152 4995 3367 5067 ἔχοντες
3393 4996 3510 5051 τόδε
3530 5013 3545 5027 ο
3577 4997 3758 5052 πάντα
3776 4997 3895 5072 γάρ

2297 5087 2391 5142 τοῦ
2423 5088 2587 5142 αὐτοῦ
2615 5087 2932 5158 Πνεύματος
2975 5081 3115 5141 εἰναι
3164 5087 3334 5157 λέγει.
3377 5088 3487 5142 Καὶ
3520 5087 3710 5143 λοιπὸν
3756 5091 3900 5163 περὶ

2299 5179 2648 5243 ἀναστάσεως
2670 5179 2913 5234 διδάσκει
2936 5195 2952 5217 θ
2983 5178 3065 5233 ὅτι
3091 5180 3126 5251 ἡ
3155 5178 3290 5251 σὰρξ
3318 5178 3613 5251 ἐγείρεται,
3645 5180 3900 5253 ἀποθνήσ-

2300 5288 2503 5326 σκουσα
2531 5272 2629 5343 μὲν
2658 5270 2905 5343 φθαρτὴ,
2952 5270 3273 5343 ἑγειρομένη
3319 5270 3376 5324 δὲ
3420 5269 3700 5343 ἄφθαρτος
3740 5273 3901 5327 κατὰ

2296 5364 2396 5435 τὴν
2428 5363 2521 5418 τοῦ
2553 5362 2789 5436 Χριστοῦ
2828 5364 3007 5435 χάριν.
3046 5364 3157 5434 Τὴν
3203 5363 3259 5417 δὲ
3291 5361 3590 5416 ἀνάστασιν
3630 5363 3741 5417 ἀπὸ
3791 5365 3903 5419 τοῦ

2302 5456 2599 5530 ἐγηγέρθαι
2630 5457 2722 5511 τὸν
2745 5456 2981 5529 Χριστὸν
3025 5456 3322 5527 συνίστησι.
3353 5455 3465 5509 Καὶ
3503 5457 3586 5521 εἰς
3624 5456 3684 5510 τὸ
3728 5457 3902 5522 τέλος

2302 5550 2720 5620 παραινετικοῦς
2761 5548 2953 5619 λόγους
2985 5551 3065 5614 εἰς
3104 5548 3173 5603 τά
3217 5547 3320 5620 ἤθη
3365 5546 3590 5619 γράφει,
3628 5548 3723 5603 καὶ
3757 5550 3908 5622 περὶ

2298 5641 2484 5711 λογίας
2512 5642 2615 5712 τῆς
2652 5644 2733 5706 εἰς
2754 5643 2881 5706 τοὺς
2920 5642 3107 5711 ἁγίους
3140 5640 3511 5715 παραγγέλλει
3532 5681 3546 5709 ,
3611 5643 3707 5696 καὶ
3742 5642 3910 5697 οὕτω

2297 5733 2494 5788 τελειοῖ
2524 5734 2623 5806 τὴν
2659 5734 2989 5806 Ἐπιστολὴν.

635 5814 950 5875 sanctorum
1000 5812 1245 5881 facienda
1290 5820 1565 5900 praecipit,
1612 5829 1774 5896 atque
1820 5826 1894 5881 ita
1949 5824 2179 5880 absolvit
2217 5821 2534 5896 Epistulam.
