4066 6388
214 417 297 472 117
1233 400 1560 459 SYNOPSIS
1603 400 2017 460 SCRIPTURrE
2060 401 2328 458 SACRE.

1772 527 1819 582 Α

325 522 498 590 Τρίτη,
529 520 717 573 πάλιν
749 520 848 573 καὶ
882 519 1030 587 αὕτη
1059 516 1205 586 πρὸς
1233 517 1598 585 Κορινθίους.

264 635 335 689 61.
360 633 458 686 Καὶ
489 631 695 703 ταύτην
743 631 882 703 πρδς
913 632 1037 693 τοὺς
1084 628 1278 692 αὐτοὺς
1308 627 1609 682 ἐπιστέλλει
1637 626 1744 681 ἀπὺ

210 726 514 788 Μακεδονίας.
561 725 628 776 Ἥ
673 725 730 777 δὲ
781 723 1052 796 πρόφασις
1089 719 1520 793 τῆςἘπιστολῆς
1569 718 1738 791 αῦτη·

208 818 451 887 Δεξάμενοι
476 814 782 887 ,Κορίνθιοι
831 814 1254 886 τὴνἚπιστολὴν
1301 813 1397 883 τὴν
1447 811 1740 883 προτέραν,

209 907 529 978 κατενύγησαν
562 905 660 958 ἐπὶ
691 908 761 976 τῇ
806 905 1050 976 ἁμαρτίᾳ
1083 903 1175 956 τοῦ
1211 903 1464 965 λαϐόντος
1505 903 1604 971 τὴν
1642 918 1745 972 μη-

206 999 376 1070 τρυιὰν,
402 999 490 1052 καὶ
522 997 884 1067 ἐλυπήθησαν
917 997 993 1062 δὲ,
1025 996 1099 1060 ὡς
1148 996 1464 1066 παριδόντες
1504 994 1742 1048 τοιοῦτον

208 1091 491 1161 ἁμάρτημαο
529 1083 654 1141 εἶτα
699 1087 1087 1159 ὑφηρπάζοντο
1120 1087 1272 1158 παρά
1309 1104 1472 1141 τινων
1498 1086 1606 1140 τῶν
1651 1087 1742 1139 καὶ

204 1185 280 1247 τὰς
300 1181 578 1256 προφάσεις
609 1180 725 1234 τῶν
759 1182 1071 1252 σχισμάτων
1104 1179 1402 1234 ποιούντων
1421 1221 1435 1244 ,
1465 1178 1607 1233 ὥστε
1637 1197 1742 1232 πα-

205 1273 548 1345 ρακαθὲζεσθαι
575 1271 657 1345 τῷ
679 1273 971 1345 γράμματι
999 1272 1090 1325 τοῦ
1121 1272 1307 1343 νόμου,
1333 1273 1428 1325 καὶ
1451 1273 1741 1344 ἀδιάφορον

203 1365 402 1437 ἡγεῖσθαι
437 1364 532 1436 τὴν
569 1364 732 1436 παρὰ
763 1364 861 1418 τοῦ
895 1363 1129 1436 Χριστοῦ
1166 1363 1360 1435 χάριν,
1393 1364 1488 1418 καὶ
1543 1364 1739 1434 μᾶλλον

202 1460 438 1529 προσεῖχον
477 1459 590 1519 τοῖς
628 1459 690 1509 ὲν
734 1453 1011 1528 προσώπῳ
1045 1455 1441 1527 καυχωμένοις.
1470 1450 1652 1508 Ἦσαν
1682 1456 1740 1509 δὲ

201 1546 272 1598 καὶ
299 1545 409 1614 περί
450 1545 548 1615 τῆς
579 1544 778 1613 λογίας
809 1545 906 1615 τῆς
940 1545 1018 1607 εἰς
1044 1545 1168 1607 τοὺς
1208 1544 1397 1612 ἁγίους
1429 1544 1740 1615 φροντίζον-

198 1655 266 1698 τες
289 1635 464 1697 καλῶς.
514 1637 664 1707 Πρὸς
711 1635 886 1689 ταῦτα
928 1630 1020 1690 οῦν
1052 1636 1374 1707 ἀντιγράφει
1416 1639 1444 1689 ὁ
1487 1636 1740 1689 Ἀπόστο-

200 1728 281 1790 λος.
304 1728 396 1780 Καὶ
420 1727 636 1798 πρῶτον
666 1728 770 1799 μὲν
800 1727 1122 1797 ἀποδέχεται
1152 1728 1370 1793 αὐτοὺς,
1406 1727 1738 1791 ἐκϐαλόντας

198 1821 263 1872 τὸν
280 1821 541 1891 παρανομή
552 1836 733 1873 σαντα
751 1835 767 1851 ο
798 1819 987 1871 ἔπειτα
1011 1817 1306 1885 ἀξιώσασιν
1328 1820 1512 1883 αὐτοῖς
1537 1838 1738 1889 συγκα-

3309 404 3414 458 418

2159 515 2340 570 Tertia
2361 556 2374 581 ,
2409 516 2597 571 iterum
2636 517 2707 571 ad
2731 515 3055 573 Corinthios.

1915 627 2002 684 61.
2044 627 2121 683 Ad
2160 631 2378 685 eosdem
2413 638 2467 685 et
2498 629 2639 685 hanc
2673 633 2840 684 mittit
2870 646 2901 686 e
2950 631 3284 686 Macedonia.
3317 630 3416 688 Est

1843 713 2029 773 autem
2064 717 2211 774 illius
2245 720 2468 774 occasio
2503 721 2630 775 talis
2665 739 2678 774 :
2713 719 2902 775 Priore
2919 729 3141 790 accepta
3173 721 3415 791 Epistola

1842 807 2131 874 Corinthii,
2177 809 2495 878 compuncti
2543 825 2709 880 super
2749 819 2976 882 peccato
3027 811 3148 880 ejus
3181 813 3275 882 qui
3316 829 3418 867 no-

1842 915 2056 954 vercam
2083 915 2236 955 suam
2267 900 2519 966 duxerat,
2551 902 2972 973 eontrislatique
3006 901 3247 970 fuerant,
3270 905 3416 974 quod

1844 990 1950 1043 tale
1978 999 2262 1059 peccatum
2290 991 2661 1062 neglexissent
2684 1013 2697 1048 :
2719 993 2917 1049 deinde
2951 994 3161 1049 seducti
3203 994 3417 1050 fuerant

1842 1079 1911 1134 ab
1952 1080 2081 1143 illis,
2119 1081 2210 1151 qui
2243 1083 2602 1138 schismatum
2639 1087 2985 1142 occasionem
3017 1086 3303 1150 dederant,
3342 1088 3417 1141 ita

1840 1180 1900 1225 ut
1951 1173 2147 1228 littera:
2201 1176 2336 1245 legis
2392 1176 2674 1232 servandae
2725 1180 3029 1244 studerent,
3077 1187 3130 1234 et
3186 1179 3417 1249 gratiam

1839 1262 2043 1320 Christi
2086 1264 2484 1322 indifferentem
2516 1267 2849 1337 judicarent,
2895 1277 3059 1340 atque
3092 1271 3180 1334 iis,
3218 1271 3312 1340 qui
3361 1271 3417 1325 in

1841 1356 2035 1412 faciem
2075 1373 2199 1413 sese
2223 1359 2530 1428 jactabant,
2564 1361 2687 1431 plus
2734 1361 3100 1418 attendercnt.
3144 1361 3220 1418 De
3252 1364 3418 1418 colle—
3461 1417 3466 1423 .

1840 1456 1928 1502 cla
1955 1458 2087 1503 vero
2121 1449 2175 1503 in
2215 1465 2350 1505 usus
2388 1460 2704 1507 sanctorum
2742 1452 3018 1520 facienda,
3051 1455 3222 1524 probe
3255 1470 3416 1508 cura-

1839 1541 1992 1596 bant.
2026 1542 2105 1596 Ad
2142 1542 2247 1598 ista
2272 1543 2438 1614 igitur
2459 1545 2714 1601 rescribit
2745 1543 3058 1614 Apostolus.
3091 1545 3157 1600 Et
3181 1547 3414 1617 primum

1839 1633 2058 1702 quidem
2089 1634 2276 1688 laudat
2323 1635 2492 1704 ipsos,
2543 1636 2688 1706 quod
2730 1635 3020 1705 eiecissent
3048 1652 3171 1692 eum
3200 1638 3292 1706 qui
3322 1637 3416 1692 de-

1839 1724 2114 1796 liquerat:
2143 1724 2339 1780 deinde
2385 1728 2696 1796 petentibus
2725 1728 2861 1796 ipsis
2900 1729 3092 1782 annuit
3124 1738 3178 1782 et
3218 1728 3414 1798 resipi-

1842 1823 2080 1870 scentem
2126 1816 2279 1870 illum
2325 1817 2497 1886 recipi
2527 1817 2700 1887 jubet.
2735 1817 2900 1872 Docet
2943 1819 3107 1872 etiam
3157 1819 3261 1872 hac
3291 1818 3420 1890 Epi-

199 1912 381 1975 τανεὺει,
412 1912 502 1966 καὶ
530 1912 956 1984 μετανοήσαντα
982 1913 1186 1964 ἐκεῖνον
1219 1911 1430 1965 κελεύει
1457 1911 1733 1982 δεχθῆναι.

1839 1907 1979 1960 stola
2013 1905 2080 1961 de
2109 1907 2247 1978 lege,
2277 1907 2669 1966 discriminans
2713 1911 2822 1964 illic
2858 1911 3118 1975 litteram,
3145 1922 3197 1966 et
3232 1921 3418 1968 osten-

205 2003 270 2056 Ἐν
310 2005 428 2075 αὐτῇ
471 2003 528 2058 δὲ
566 2003 825 2057 διδάσκει
873 2003 1000 2056 περὶ
1031 2003 1124 2056 τοῦ
1164 2004 1365 2074 νόμου,
1409 2003 1634 2076 διαιρῶν
1675 2003 1736 2056 τὸ

197 2095 404 2166 γράμμα,
447 2097 540 2150 καὶ
577 2095 898 2162 δείκνυσιν,
935 2097 1017 2148 ὅτι
1073 2095 1132 2148 οὐ
1186 2097 1267 2148 δεῖ
1323 2095 1621 2166 λαμϐάνειν
1675 2094 1738 2148 τὸ

195 2185 378 2255 γράμμα
404 2185 560 2256 μόνον
590 2184 692 2238 τοῦ
724 2185 917 2256 νόμου,
942 2184 1056 2237 ἀλλ’
1085 2187 1140 2238 ὲν
1169 2185 1317 2257 αὐτῷ
1340 2186 1418 2257 τῷ
1443 2185 1734 2257 γράμματι

195 2275 265 2344 τὴν
303 2276 518 2330 διάνοιαν
563 2278 810 2349 ἐρευνᾷν
836 2293 850 2306 ·
884 2277 944 2329 οὐ
982 2276 1090 2347 γὰρ
1147 2276 1306 2347 μόνον
1357 2278 1495 2349 ῥητά
1532 2279 1680 2331 ὲστιν
1708 2279 1736 2332 ὁ

194 2367 342 2436 vim,
378 2367 508 2422 ἀλλὰ
555 2369 655 2421 καὶ
705 2369 768 2422 ὲν
804 2371 920 2432 τοῖς
945 2370 1129 2440 ῥητοῖς
1165 2368 1279 2421 ἐστι
1305 2367 1401 2422 xal.
1429 2370 1458 2423 δ
1489 2367 1612 2434 νοῦς
1641 2367 1734 2422 τοῦ

193 2459 448 2530 πνεύματος
467 2479 480 2491 ·
511 2461 741 2527 ἔπειτα,
781 2463 866 2516 ὅτι
896 2461 990 2516 τοῦ
1020 2464 1257 2535 Χριστοῦ
1286 2463 1551 2529 ἐλθόντος,
1575 2463 1736 2536 καινὴ

189 2551 324 2616 κτίσις
343 2552 542 2622 γέγονε,
567 2554 678 2606 καὶ
707 2554 770 2607 οὐ
803 2553 885 2608 δεῖ
909 2555 1050 2610 κατὰ
1078 2558 1139 2610 τὸ
1186 2557 1414 2610 παλαιὸν
1457 2555 1577 2628 ζῇν,
1622 2556 1735 2610 ἀλλ’

189 2643 243 2704 ὡς
262 2646 307 2694 ὲν
330 2648 474 2716 καινῇ
499 2645 694 2698 κτίσει
721 2647 782 2698 ὲν
832 2648 996 2701 πᾶσιν
1022 2648 1376 2703 ἀνανεοῦσθαι
1426 2650 1522 2702 xal.
1563 2651 1738 2722 ἀργὴν

187 2723 292 2784 εἶναι
325 2731 495 2786 λοιπὸν
538 2735 653 2804 τὴν
688 2737 1017 2806 περιτομήν.
1067 2737 1411 2807 Ἀποδέχεται
1447 2738 1504 2791 δὲ
1541 2738 1738 2802 αὐτοὺς

187 2824 255 2875 καὶ
278 2825 496 2896 περὶτῆς
516 2827 841 2891 διακονίας,
872 2829 968 2881 καὶ
1004 2829 1375 2900 προτρέπεται
1410 2830 1613 2900 μᾶλλον
1636 2833 1736 2884 αὺ-

187 2915 280 2977 τοὺς
301 2915 635 2982 πλεονάζειν.
672 2913 814 2972 Εἶτα
839 2917 1162 2990 αἰτιώμενος
1205 2922 1332 2985 τοὺς
1372 2923 1430 2975 ὲν
1462 2921 1739 2995 προσώπῳ

184 3010 535 3079 καυχωμένους,
586 3011 903 3080 καταλέγει
942 3012 1153 3077 πάντα,
1183 3015 1327 3087 άπερ
1369 3015 1604 3070 πέπονθε
1651 3016 1739 3070 διά

184 3098 250 3150 τὸν
279 3102 479 3173 Κύριον,
529 3105 644 3159 καὶ
682 3105 786 3167 τὰς
836 3105 1103 3170 ὀπτασίας
1147 3107 1204 3159 δὲ
1241 3107 1527 3176 διηγεῖται,
1561 3110 1738 3180 άσπερ

181 3189 392 3260 ἑώρακεν,
417 3194 496 3259 εἷς
536 3213 610 3248 τε
665 3193 764 3246 τὸν
803 3194 1136 3266 Παράδεισον
1169 3197 1261 3249 καὶ
1308 3200 1387 3260 είς
1428 3197 1518 3250 τὸν
1557 3198 1737 3270 τρίτον

181 3281 358 3353 οὐρανὸν
380 3287 600 3358 ἀρπαγε
612 3286 685 3350 ις.
709 3280 850 3339 Εἶτα
878 3287 1252 3358 παραγγείλας
1278 3288 1351 3359 μὴ
1377 3289 1734 3360 ἁμαρτάνειν,

179 3374 279 3428 ἀλλὰ
318 3384 595 3448 μετανοεῖν
652 3381 784 3443 τοὺς
837 3379 1248 3451 ἁμαρτάνοντας
1271 3417 1285 3445 ,
1317 3383 1376 3435 ἐν
1416 3382 1738 3454 εὐχαριστία

180 3467 329 3522 talem!
352 3471 443 3542 τὴν
485 3471 853 3542 Ἐπιστολὴν.

518 3582 822 3652 Τετάρτῃ,
853 3582 1006 3651 πρὸς
1043 3585 1342 3652 Γαλάτας.

228 3688 297 3745 62.
320 3693 533 3766 Ταύτην
570 3695 897 3750 ἐπιστέλλει
925 3696 1034 3749 ἀπὸ
1075 3697 1291 3770 Ῥώμης
1314 3740 1328 3764 ,
1363 3697 1622 3770 ἑωρακὼς
1648 3700 1739 3753 αὖ·

175 3786 266 3849 τοὺς
287 3789 377 3858 ἠδη
406 3791 500 3843 καὶ
530 3789 793 3854 διδάξας.
824 3789 888 3842 Ἦ
921 3790 977 3843 δὲ
1005 3791 1276 3862 πρόφασις
1308 3791 1737 3862 τῆςἘπιστολῆς

175 3873 299 3949 αὕτη·
329 3882 697 3954 Διδαχθὲντες
721 3882 909 3946 καλῶς
937 3883 984 3935 οί
1009 3883 1242 3937 Γαλάται
1277 3884 1426 3955 παρὰ
1455 3884 1548 3937 τοῦ
1587 3885 1738 3937 Ἀπο-

174 3971 340 4035 στῦλον,
367 3977 457 4029 καὶ
497 3975 918 4039 πιστεύσαντες
957 3976 1196 4047 γνησίως
1236 3976 1316 4038 εἰς
1354 3975 1444 4027 τὸν
1477 3973 1732 4046 Χριστὸν,

172 4061 588 4140 ἀπώημὴσαντος
631 4069 832 4133 αὐτοῦ,
881 4070 1316 4140 ὑφηρπάσθησαν
1357 4069 1508 4139 παρά
1553 4086 1733 4132 τινων,

313 4163 785 4235 περιτέμνεσθαι.
831 4162 1019 4215 Ταῦτα
1062 4163 1239 4215 τοίνυν
1286 4161 1470 4232 μαθὼν
1511 4164 1539 4214 ὁ
1580 4163 1737 4216 Ἀπό-

171 4252 334 4318 στολος,
366 4257 579 4328 γράφει
617 4255 764 4327 πρὸς
794 4253 1014 4318 αὐτούς.
1049 4255 1158 4307 Kal.
1201 4255 1416 4326 πρῶτον
1465 4257 1562 4326 μὲν
1598 4273 1737 4327 μαρ-

165 4346 307 4415 τυρῶν
333 4349 521 4412 αὐτοῖς
550 4349 690 4420 περὶ
719 4340 790 4418 ἧς
823 4341 972 4417 εἶχον
1000 4346 1254 4411 πίστεως,
1285 4348 1378 4401 καὶ
1416 4347 1647 4419 γνησίας
1678 4350 1735 4400 ἐν

167 4432 348 4509 Χριστῷ
381 4440 725 4504 διαθέσεως,
769 4438 1050 4510 μέμφεται
1092 4439 1167 4504 ὡς
1207 4441 1446 4511 ἀνοήτως
1489 4439 1731 4511 πράξανο

163 4542 256 4591 τας,
287 4533 374 4584 καὶ
399 4529 904 4603 μεταϐαλομένους
933 4529 1127 4594 αὐτούς
1151 4545 1164 4556 ·
1193 4530 1383 4584 ἔπειτα
1421 4530 1477 4584 δὲ
1504 4529 1734 4600 διαλαμέ

165 4615 284 4672 δάνει
316 4623 442 4695 περὶ
489 4622 594 4676 τοῦ
651 4622 847 4692 νόμου,
888 4621 982 4674 καὶ
1028 4621 1126 4692 τῆς
1167 4621 1308 4676 κατά
1351 4617 1445 4674 τὸν
1483 4619 1735 4691 Ἀϐραὰμ

162 4710 358 4779 πίστεως
380 4734 393 4747 ο
425 4717 531 4772 καὶ
563 4714 964 4769 ἀποδείκνυσιν
995 4713 1058 4767 ἐκ
1087 4731 1146 4768 τε
1184 4714 1277 4768 τοῦ
1305 4715 1469 4786 νόμου
1500 4715 1594 4768 καὶ
1628 4713 1734 4766 τῶν

162 4808 401 4868 γδναικῶν
430 4805 733 4877 Ἀϐραὰμ,
777 4803 1160 4876 ἀλληγορήσας
1193 4805 1382 4869 αὐτὰς,
1417 4806 1578 4878 μέχρι
1615 4822 1736 4858 καιε

161 4895 232 4962 μῦ
251 4896 495 4952 δεδόσθαι
524 4899 637 4970 τὴν
665 4894 852 4957 σκιὰν,
892 4895 988 4948 καὶ
1013 4896 1110 4963 τὴν
1137 4897 1458 4969 περιτομὴν,
1502 4896 1599 4950 καὶ
1637 4897 1737 4968 ἀρ-

161 4989 249 5050 γεῖν
270 4989 456 5044 λοιπὸν
495 4989 652 5044 αὐτὰ
684 4990 756 5059 τῇ
783 4987 880 5039 τοῦ
913 4985 1151 5057 Χριστοῦ
1176 4990 1466 5062 παρουσίᾳ.
1504 4989 1614 5043 Kal.
1642 4987 1736 5041 οῦ-

156 5091 240 5142 τως
279 5083 622 5148 ἀποδείξας,
667 5079 1044 5151 παραγγέλλει
1083 5081 1268 5135 λοιπὸν
1309 5083 1490 5146 αὐτοῖς
1540 5081 1737 5152 μηκέτι

158 5170 418 5240 προσέχειν
443 5175 572 5234 τοῖς
603 5171 978 5240 ἀπατήσασιν,
1009 5169 1142 5224 ἀλλὰ
1167 5171 1366 5241 μᾶλλον
1391 5171 1608 5242 ἔχεσθαι
1640 5172 1738 5241 τῆς

153 5258 198 5308 ἐν
216 5261 431 5335 Χριστῷ
462 5263 740 5327 πίστεως,
765 5261 859 5314 καὶ
891 5261 1200 5328 γινώσκειν,
1234 5265 1316 5316 ὅτι
1361 5265 1394 5334 ἡ
1427 5266 1484 5316 ὲν
1516 5262 1738 5335 Χριστῷ

155 5351 288 5421 χάρις
307 5358 595 5427 καταργεί
618 5353 724 5424 τὴν
749 5352 889 5406 κατὰ
913 5354 1091 5426 σάρκα
1116 5373 1181 5408 πε
1191 5359 1435 5428 ριτομὴν.
1465 5358 1576 5411 Kal.
1596 5355 1740 5409 οὕτω

149 5447 293 5500 πάλιν
319 5451 404 5515 εὶς
434 5451 512 5504 τὰ
561 5451 671 5522 ἤθη
725 5447 1066 5521 παραινέσας
1115 5452 1208 5503 καὶ
1252 5449 1490 5516 διδάξας,
1543 5451 1739 5504 τελειοϊ

149 5536 231 5607 τὴν
267 5540 630 5613 Ἐπιστολὴν.

526 5647 807 5724 Πέμπτη,
843 5652 989 5720 πρὸς
1031 5653 1358 5721 Ἐφεσίους.

206 5766 291 5820 65.
315 5766 552 5842 Ταύτην
580 5765 899 5822 ἐπιστέλλει
927 5767 1034 5818 ἀπὸ
1070 5766 1306 5838 Ῥώμης,
1340 5767 1491 5821 οΰπω
1515 5764 1612 5838 μὲν
1645 5764 1742 5819 αὒ-

147 5859 256 5922 τοὺς
286 5860 584 5934 ἑωρακὼς,
617 5858 867 5921 ἀκούσας
899 5856 954 5910 δὲ
979 5860 1119 5928 ,περὶ
1160 5859 1359 5913 αὐτῶν.
1405 5859 1467 5912 Ἡ
1502 5859 1557 5911 δὲ
1605 5857 1738 5928 πρό-

1836 1995 1996 2060 dens,
2042 2011 2150 2050 non
2191 2012 2313 2053 esse
2342 1998 2582 2053 litteram
2620 2000 2754 2071 legis
2803 2001 2976 2055 solam
3019 2002 3414 2073 accipiendam,

1837 2085 1932 2139 sed
1995 2085 2050 2140 in
2109 2087 2292 2142 littera
2334 2088 2664 2144 sententiam
2717 2091 3011 2146 eruendam
3056 2108 3215 2147 :non
3267 2093 3417 2149 enim

1835 2176 1999 2231 verba
2028 2184 2240 2232 tantum
2268 2187 2398 2234 sunt
2418 2179 2530 2245 lex,
2563 2180 2659 2236 sed
2697 2181 2929 2254 111149
2955 2183 3139 2238 verbis
3168 2193 3251 2240 est
3291 2201 3418 2240 sen-

1837 2279 1932 2320 sus
1967 2265 2216 2336 spiritus.
2261 2265 2486 2331 Deinde,
2535 2268 2679 2338 quod
2715 2271 2967 2324 veniente
3009 2269 3230 2324 Christo
3276 2285 3417 2326 nova

1835 2366 2088 2411 creatura
2125 2356 2266 2412 facta
2311 2358 2404 2422 sit,
2435 2373 2536 2413 nec
2559 2367 2809 2429 oporteat
2839 2360 3141 2416 secundum
3174 2367 3417 2417 vetusta-

1835 2454 1943 2500 tem
1989 2445 2189 2512 vivere,
2235 2445 2330 2501 sed
2375 2447 2431 2502 in
2471 2449 2747 2515 omnibus,
2777 2451 2928 2504 velut
2971 2451 3028 2505 in
3073 2466 3216 2506 nova
3262 2466 3417 2507 crea-

1836 2543 1979 2602 tura,
2022 2537 2275 2591 renovari
2301 2544 2356 2592 et
2382 2537 2712 2608 superfluam
2739 2540 2997 2612 deinceps
3029 2557 3152 2599 esse
3178 2543 3418 2598 circum-

1835 2626 2122 2682 cisionem.
2170 2627 2380 2684 Laudat
2415 2645 2511 2686 eos
2556 2633 2720 2687 etiam
2765 2633 3058 2689 ministerii
3115 2635 3313 2708 gratia,
3363 2643 3417 2692 et

1837 2717 2180 2784 adhortatur,
2213 2729 2274 2775 ut
2305 2735 2368 2776 ea
2395 2721 2451 2775 in
2487 2737 2544 2776 re
2568 2723 2865 2780 abundent.
2899 2724 3095 2781 Postca
3115 2727 3415 2798 reprelien-

1836 2808 1916 2863 dit
1969 2825 2090 2873 eos,
2134 2813 2229 2882 qui
2279 2813 2334 2867 in
2375 2812 2568 2870 faciem
2613 2815 3006 2886 gloriabantur,
3053 2833 3118 2873 ac
3169 2827 3419 2874 recenset

1837 2914 2176 2972 quaecunque
2221 2917 2423 2974 passus
2453 2912 2572 2960 erat
2605 2914 2827 2976 prOpter
2879 2907 3190 2973 Dominum,
3241 2917 3296 2963 et
3344 2909 3418 2963 vi-

1837 2992 2044 3059 siones,
2089 3011 2227 3065 quas
2254 2997 2487 3062 viderat,
2524 2999 2768 3068 exponit,
2809 3009 2862 3054 et
2893 3001 3170 3070 quomodo
3208 3001 3264 3056 in
3312 3001 3419 3056 Paw

1837 3083 2081 3138 radisum
2133 3086 2201 3141 ad
2253 3089 2476 3142 tertium
2530 3091 2731 3145 coelum
2790 3101 2980 3162 raptus
3037 3094 3127 3150 sit.
3174 3096 3416 3151 Tandem

1840 3186 2126 3246 postquam
2169 3178 2278 3234 illis
2319 3181 2664 3238 denuntiavit
2721 3200 2790 3239 ne
2827 3197 3072 3254 peccent,
3105 3188 3202 3244 sed
3248 3189 3295 3244 si
3323 3189 3418 3259 qui

1764 3248 1810 3310 (ἶ
1840 3271 2143 3338 peccarint,
2176 3273 2528 3344 resipiscam,
2565 3290 2688 3330 cum
2728 3279 3030 3349 gratiarum
3062 3281 3278 3338 actione
3309 3291 3419 3338 ter-

1838 3361 2009 3415 minat
2042 3361 2362 3432 Epistolam.

2292 3573 2500 3640 Quarta
2518 3616 2532 3641 ,
2580 3575 2650 3629 ad
2683 3571 2923 3632 Galatas.

1907 3681 1995 3734 εει.
2029 3680 2181 3736 Ilanc
2217 3683 2366 3738 misit
2397 3683 2586 3747 Roma,
2619 3701 2743 3740 cum
2767 3687 2880 3756 jam
2927 3688 3154 3744 vidisset
3194 3688 3418 3743 Galatas

1837 3789 1900 3828 ac
1921 3774 2214 3828 docuisset.
2248 3774 2341 3830 Est
2365 3784 2543 3830 autem
2572 3793 2633 3831 ea
2662 3779 2911 3848 epistolze
2930 3780 3155 3834 'occasio
3181 3779 3418 3835 :Galatae

1837 3874 2126 3936 postquam
2155 3875 2301 3920 recte
2329 3865 2565 3922 fuissent
2608 3869 2848 3922 instituti
2900 3870 2967 3924 ab
3014 3871 3312 3940 Apostolo,
3365 3879 3418 3924 et

1837 3959 2052 4013 sincere
2102 3959 2160 4012 in
2201 3958 2482 4015 Christum
2524 3960 2918 4026 credidissent,
2967 3978 3089 4016 cum
3126 3962 3420 4032 Apostolus

1835 4048 2113 4119 profectus
2146 4049 2361 4114 fuisset,
2394 4050 2602 4105 seducti
2627 4051 2844 4105 fuerant
2869 4067 2898 4106 a
2931 4053 3261 4122 quibusdam
3291 4091 3306 4114 ,
3342 4052 3419 4105 ita

1838 4149 1896 4195 ut
1934 4141 2478 4199 circumciderentur.
2515 4141 2638 4196 llaec
2676 4157 2801 4196 cum
2851 4143 3133 4199 didicisset
3184 4141 3420 4212 Aposto-

1835 4235 1954 4300 lus,
2002 4235 2196 4290 scribit
2228 4235 2296 4290 ad
2328 4250 2423 4291 eos
2452 4253 2466 4290 :
2502 4242 2556 4291 et
2589 4235 2746 4291 initio
2778 4235 2997 4307 quidem
3045 4234 3418 4290 testimonium

1835 4328 1946 4384 illis
1991 4327 2084 4382 dat
2135 4327 2292 4393 fidei,
2354 4343 2519 4399 quam
2563 4327 2907 4392 habuerant,
2956 4335 3009 4382 et
3063 4327 3263 4381 sinceri
3291 4343 3419 4398 erga

1834 4421 2111 4476 Christum
2144 4419 2314 4475 animi
2343 4439 2357 4488 ;
2395 4437 2520 4476 mox
2546 4435 2674 4477 vero
2708 4422 2830 4477 ideo
2864 4419 3242 4490 reprehendit,
3275 4420 3420 4490 quod

1837 4513 1998 4568 stulte
2029 4513 2269 4583 egissent
2291 4527 2356 4567 ac
2384 4514 2577 4567 mutati
2606 4513 2858 4570 fuissent.
2878 4512 3286 4582 Consequenter
3307 4511 3421 4565 dis-

1766 4588 1812 4645 D
1836 4609 1991 4672 putat
2030 4600 2097 4659 de
2137 4603 2278 4675 lege,
2315 4613 2372 4659 et
2418 4603 2486 4659 de
2513 4603 2616 4660 fide
2651 4619 2773 4676 quae
2807 4603 3107 4660 secundum
3141 4602 3418 4656 Abraham

1833 4702 1954 4760 est,
2001 4708 2065 4750 ac
2129 4694 2372 4751 ostendit
2422 4709 2547 4750 cum
2612 4709 2677 4749 ex
2734 4694 2872 4765 lege,
2906 4699 3021 4748 tum
3057 4709 3124 4748 ex
3155 4692 3420 4747 uxoribus

1833 4786 2084 4851 Abrahae,
2118 4787 2410 4858 allegorice
2439 4786 2745 4858 usurpatis,
2779 4786 2848 4840 ad
2881 4794 3097 4857 tempus
3125 4800 3300 4854 usque
3329 4783 3423 4837 da-

1835 4885 1944 4933 tam
1969 4895 2091 4935 esse
2126 4879 2374 4934 umbram
2408 4886 2462 4934 et
2489 4878 2992 4942 circumcisionem,
3020 4878 3255 4932 adventu
3290 4889 3419 4929 vero

1835 4967 2039 5024 Christi
2064 4969 2180 5024 haec
2210 4969 2378 5024 fuisse
2399 4969 2679 5040 abrogata.
2716 4967 2846 5024 Haec
2877 4968 2968 5023 ubi
2997 4967 3256 5028 ostendit,
3290 4980 3419 5019 sua-

1836 5061 1923 5116 det
1955 5062 2095 5126 illis,
2150 5077 2218 5116 ne
2246 5062 2472 5132 posthac
2504 5061 2740 5130 amplius
2797 5058 3176 5115 seductoribus
3231 5069 3420 5111 aurem

1837 5153 2134 5222 praebeant,
2160 5152 2255 5206 sed
2297 5153 2470 5222 magis
2517 5152 2661 5216 fidei,
2689 5163 2811 5220 quae
2850 5151 2904 5204 in
2937 5148 3156 5203 Christo
3188 5153 3293 5209 est,
3323 5145 3422 5200 ad-

1839 5241 2078 5294 hazreant
2137 5250 2582 5310 cognoscanlquc
2612 5255 2709 5309 per
2742 5239 2994 5308 gratiam,
3027 5250 3148 5305 qua:
3170 5235 3226 5289 in
3256 5234 3420 5290 Chri-

1840 5337 1928 5385 sto
1983 5335 2115 5394 est,
2174 5330 2436 5384 abolitam
2501 5345 2625 5384 esse
2680 5327 2863 5383 carnis
2920 5326 3416 5382 circumcisionem.

1839 5421 2124 5476 Postremo
2153 5421 2474 5478 adhortatus
2508 5421 2576 5476 ad
2606 5421 2781 5476 bonos
2816 5433 3017 5484 mores,
3051 5418 3262 5474 claudit
3291 5419 3420 5488 Epi-

1841 5514 2059 5569 stolam.

2321 5621 2542 5688 Quinta,
2575 5620 2642 5674 ad
2679 5619 2950 5687 Ephesios.

1913 5761 2002 5815 65.
2047 5754 2193 5814 Misit
2227 5766 2281 5814 et
2335 5758 2496 5813 istam
2529 5757 2700 5811 Roma
2728 5796 2743 5820 ,
2779 5771 2902 5810 cum
2945 5753 3184 5808 nondum
3212 5767 3306 5808 eos
3335 5752 3417 5806 vi-

1843 5854 2035 5921 disset,
2069 5852 2310 5908 audisset
2342 5861 2522 5906 autem
2547 5851 2613 5906 de
2656 5849 2784 5905 illis.
2825 5847 3056 5904 Occasio
3086 5855 3263 5901 autem
3293 5844 3420 5913 Epi-
