4066 6388
643 364 748 418 419

1767 357 1825 414 S.
1862 357 2319 414 ATHANASIUB.
2359 387 2429 399 -—
2466 356 2689 412 DUBlA.

3781 359 3878 416 ιιο

644 478 796 534 stolae
827 477 939 531 hzec
972 484 1055 534 est
1089 497 1101 532 :
1131 476 1372 547 Ephesii,
1396 490 1520 529 cum
1543 473 1905 530 credidissent
1937 474 1991 527 in
2028 474 2208 527 Domi-

2321 490 2482 542 φασις
2514 473 2612 542 τῆς
2645 465 2961 542 Ἐπιστολῆς
2987 470 3124 543 αὕτη
3144 488 3156 502 ·
3192 472 3450 542 Ἐφέσιοι,
3499 473 3879 541 πιστεύσαντες

643 585 777 624 num
807 579 1057 625 nostrum
1086 567 1270 625 Jesum
1295 567 1596 634 Christum,
1627 566 1920 637 genuinam
1944 564 2215 622 habebant

642 661 702 716 in
728 662 905 732 ipsum
929 661 1110 725 ﬁdem,
1143 671 1196 715 et
1219 676 1348 731 erga
1371 676 1560 716 omnes
1597 669 1820 714 sanctos
1843 659 2212 722 dilectionem,

643 751 1042 822 cupiebantque
1067 767 1097 805 a
1132 751 1301 806 Paulo
1341 753 1674 807 conﬁrmari.
1723 750 1838 807 Hoc
1873 751 1968 806 ubi
2013 765 2217 820 cogno-

641 841 844 906 visset,
891 841 1082 898 scribit
1115 844 1183 898 ad
1215 860 1310 900 eos
1365 845 1506 898 hanc
1552 843 1850 914 Epistolam
1879 844 2026 897 velut
2057 843 2218 897 iusti.

641 933 828 988 tuendi
859 934 1052 1004 gratia.
1088 934 1154 987 Et
1188 935 1458 1006 principio
1493 935 1734 990 ostendit
1767 936 2087 1006 mysterium
2115 950 2216 989 no-

639 1031 816 1082 strum
847 1040 956 1079 non
985 1041 1109 1081 esse
1135 1026 1478 1091 recens,'sed
1507 1027 1575 1081 ab
1605 1027 1764 1082 initio
1793 1033 1847 1082 et
1873 1033 2000 1082 ante
2025 1025 2214 1080 mundi

642 1117 974 1172 creationem
1016 1118 1418 1189 beneplacitum
1458 1119 1574 1176 Deo
1618 1119 1791 1175 fuisse
1815 1157 1830 1182 ,
1873 1127 1931 1172 ut
1961 1119 2215 1174 Christus

639 1220 742 1276 pro
783 1207 944 1262 nobis
977 1215 1290 1277 pateretur,
1331 1224 1541 1280 nosque
1593 1210 1824 1264 salutem
1852 1223 2217 1280 consequere-

637 1313 787 1354 mur.
825 1297 1032 1356 Deinde
1081 1301 1304 1356 disserit
1355 1301 1424 1357 de
1486 1301 1772 1357 vocatione
1822 1301 2104 1372 gentium,
2156 1306 2218 1355 ut

641 1392 956 1448 ostenderet
981 1408 1077 1449 eos
1111 1393 1308 1448 merito
1341 1393 1642 1451 credidisse
1666 1435 1682 1457 ,
1740 1381 2089 1465 declaratque
2118 1408 2218 1448 vo-

639 1483 912 1538 cationem
951 1493 1197 1540 nostram
1244 1500 1353 1540 non
1387 1501 1484 1556 per
1515 1486 1790 1541 hominem
1821 1487 2059 1556 aliquem
2091 1500 2216 1541 esse

640 1571 868 1638 factam,
905 1575 1001 1630 sed
1029 1591 1128 1645 per
1175 1574 1480 1641 Christum,
1506 1577 1600 1647 qui
1636 1575 1807 1633 Filius
1859 1575 1954 1632 Dei
1983 1583 2104 1644 est,
2156 1581 2215 1631 ut

636 1662 803 1717 etiam
835 1679 903 1719 ex
924 1680 989 1720 eo
1012 1667 1308 1731 discerent,
1336 1667 1574 1724 hominis
1611 1683 1671 1724 se
1699 1668 1940 1724 cultores
1964 1684 2072 1724 non
2093 1682 2214 1722 esse

637 1748 856 1818 factos,
911 1753 1005 1808 ubi
1057 1755 1114 1808 in
1172 1755 1452 1812 Christum
1501 1757 1880 1820 crediderunt,
1917 1757 2012 1811 sed
2055 1773 2212 1813 veros

2317 565 2398 628 είς
2420 564 2510 617 τὸν
2542 563 2747 634 Κύριον
2774 562 2932 634 ἡμῶν
2959 563 3167 632 Ἰησοῦν
3191 564 3446 636 Χριστὸν,
3480 567 3711 634 γνησίαν
3743 563 3878 640 εἶχον

2317 657 2396 720 είς
2423 655 2582 709 αὑτὸν
2601 654 2699 727 τὴν
2724 653 2928 718 πίστιν,
2958 656 3052 708 καὶ
3075 657 3154 720 είς
3185 657 3393 721 πάντας
3413 659 3539 722 τοὺς
3570 657 3762 728 ἁγίους
3787 663 3878 732 τὴν

2316 747 2556 819 ἀγάπην,
2581 749 2675 802 καὶ
2701 739 2981 800 ἐϐούλοντο
3007 747 3162 820 παρά
3201 747 3298 802 τοῦ
3337 749 3552 803 Παύλου
3580 749 3876 824 βεϐαιωθῆ-

2316 857 2424 894 ναι.
2453 840 2653 894 Μαθὼν
2681 840 2855 893 τοίνυν
2880 833 2908 890 ὁ
2940 840 3280 905 Ἀπόστολος,
3305 841 3506 913 γράφει
3526 839 3663 914 πρὸς
3691 843 3877 908 αὐτοὺς

2315 931 2520 1004 ταύτην
2547 931 2645 1004 τὴν
2687 930 3026 1001 Ἐπιστολὴν,
3077 931 3267 1003 ὥσπερ
3321 934 3717 1004 κατηχητικήν.
3775 935 3877 988 Καὶ

2317 1025 2577 1096 πρότερον
2626 1024 2724 1094 μὲν
2768 1023 3003 1077 δείκνυσι
3053 1022 3126 1094 μὴ
3175 1023 3436 1094 νεώτερον
3484 1021 3624 1078 εἶναι
3670 1020 3734 1077 τδ
3764 1025 3876 1078 καθ’

2317 1111 2462 1180 ἡμᾶς
2506 1110 2820 1180 μυστήριον,
2869 1109 2982 1163 ἀλλ’
3021 1109 3084 1174 ἐξ
3110 1110 3287 1183 ἀρχῆς
3325 1113 3419 1166 καὶ
3451 1110 3758 1184 καταϐολῆς
3795 1115 3878 1167 κό-

2319 1219 2454 1272 σμου
2483 1197 2622 1256 εἶναι
2643 1202 2842 1272 ταύτην
2871 1202 3114 1256 εὐδοκίαν
3146 1203 3240 1257 τοῦ
3265 1203 3419 1270 Θεοῦ,
3453 1205 3594 1258 ὥστε
3629 1205 3723 1260 τὸν
3754 1207 3877 1278 Χρι-

2318 1289 2440 1346 στὸν
2465 1291 2603 1364 ὑπὲρ
2629 1291 2786 1363 ἡμῶν
2829 1292 3042 1358 παθεῖν,
3075 1291 3169 1346 καὶ
3200 1296 3348 1366 ἡμᾶς
3375 1294 3646 1364 σωθῆναι·
3694 1296 3877 1350 ἔπειτα

2315 1385 2572 1456 περὶτῆς
2610 1384 2852 1456 κλήσεως
2893 1383 3003 1439 τῶν
3049 1385 3218 1440 ἐθνῶν
3250 1383 3576 1456 διαλέγεται,
3625 1385 3714 1440 ἵνα
3741 1385 3878 1460 δείξῃ

2315 1477 2480 1544 ἀξίως
2508 1477 2706 1541 αὐτοὺς
2748 1477 3197 1532 πεπιστευκέναγ
3232 1479 3328 1532 καὶ
3371 1477 3774 1544 ἀποδείκνυσιν,
3805 1482 3880 1535 ὅτι

2315 1573 2349 1643 ἡ
2387 1571 2577 1643 κλῆσις
2607 1573 2767 1644 ἡμῶν
2810 1572 3031 1641 γέγονεν
3064 1572 3126 1626 ού
3162 1573 3228 1626 δι’
3269 1569 3575 1642 ἀνθρώπου,
3618 1569 3758 1628 ἀλλά
3800 1573 3879 1628 διὰ

2315 1654 2571 1735 Χριστοῦ,
2604 1664 2664 1726 ὃς
2702 1665 2849 1717 ἐστιν
2875 1665 3002 1728 Υἱὸς
3026 1665 3118 1719 τοῦ
3165 1663 3320 1730 Θεοῦ,
3353 1667 3437 1720 ἵνα
3473 1667 3567 1720 καὶ
3594 1668 3659 1720 ἐκ
3697 1667 3879 1722 τούτου

2320 1755 2580 1826 μάθωσιν,
2609 1753 2690 1807 ὅτι
2728 1751 2826 1808 ούκ
2868 1754 3314 1828 άνθρωπολάτραι
3350 1757 3628 1826 γεγόνασι,
3667 1759 3883 1812 πιστεύ-

638 1839 880 1897 cultores
931 1841 1047 1900 Dei.
1116 1841 1403 1915 Signiﬁcat
1459 1859 1519 1900 se
1573 1860 1792 1916 quoque
1823 1844 1988 1914 hujus
2039 1847 2208 1915 gratia

2317 1863 2505 1910 σαντες
2535 1844 2611 1916 τῷ
2642 1844 2886 1918 Χριστῷ,
2913 1845 3048 1900 ἀλλὰ
3073 1846 3314 1918 ἀληθινοὶ
3356 1848 3648 1913 θεοσεϐεῖς.
3679 1847 3880 1920 Σημαί-

637 1931 869 1988 missum
904 1932 1095 2001 fuisse,
1131 1943 1191 1990 ut
1228 1935 1550 2007 prmdicaret
1580 1935 1956 2006 Evangelium,
1989 1945 2043 1992 et
2067 1936 2213 2006 quod

639 2039 825 2080 curam
861 2027 1103 2096 ipsorum
1131 2027 1349 2084 habeat.
1382 2026 1597 2092 Postea,
1645 2027 2048 2084 adhortatorios
2094 2044 2212 2084 ser-

635 2129 826 2170 mones
858 2115 994 2171 viris
1021 2131 1085 2171 ac
1111 2116 1457 2182 mulieribus,
1497 2118 1747 2188 patribus
1785 2126 1839 2173 et
1873 2118 2080 2182 liberis,
2116 2119 2213 2174 do-

632 2203 801 2260 minis
849 2217 914 2259 ac
963 2207 1138 2262 servis
1185 2207 1240 2261 in
1272 2208 1374 2262 hac
1405 2208 1647 2278 Epistola
1679 2209 1865 2279 ponit:
1899 2220 2060 2280 atque
2091 2211 2214 2264 uni-

633 2308 823 2350 versos
851 2295 1078 2350 omnino
1105 2303 1296 2352 contra
1345 2297 1623 2352 diabolum
1679 2307 1733 2353 et
1784 2299 2057 2354 daemones
2095 2299 2215 2370 ejus

633 2381 875 2448 instruit,
906 2383 1096 2440 dicens
1145 2385 1432 2440 adversum
1478 2386 1601 2440 illos
1646 2386 1805 2442 nobis
1837 2401 1958 2442 esse
1987 2387 2210 2442 luctam.

631 2472 700 2530 Et
726 2475 817 2531 ubi
846 2485 1104 2547 tanquam
1138 2478 1318 2534 bonus
1337 2479 1662 2534 athletarum
1692 2489 1993 2551 praeceptor
2022 2497 2212 2538 omnes

633 2577 830 2624 contra
857 2569 1157 2628 diabolicas
1191 2575 1538 2644 operationes
1563 2575 1749 2631 verbis
1787 2575 1905 2632 suis
1952 2577 2170 2632 inunxit
2192 2618 2208 2645 ,

635 2659 937 2731 Epistolam
972 2665 1196 2720 claudit.

1057 2775 1254 2846 Sexta,
1288 2779 1373 2833 'ad
1402 2779 1788 2851 Philippenses.

703 2886 791 2946 64.
831 2885 984 2945 Hanc
1013 2907 1234 2963 quoque
1281 2893 1453 2951 Roma
1490 2897 1684 2962 misit,
1745 2909 1868 2952 cum
1913 2897 2027 2967 jam
2060 2896 2211 2964 (Phi-

631 2981 928 3056 lippenses)
957 2986 1184 3042 vidisset
1215 3003 1278 3043 ac
1316 2989 1612 3045 domuisset.
1647 2992 2037 3061 Argumentum
2082 2991 2210 3060 Epi-

632 3077 786 3130 stolae
813 3076 917 3132 hoc
943 3086 1026 3133 est
1058 3096 1071 3132 :
1095 3081 1230 3135 Cum
1255 3079 1632 3152 Philippenses
1668 3084 1899 3139 subsidii
1958 3084 2207 3138 ministe-

2316 1955 2394 1990 νει
2423 1937 2477 1990 δὲ
2502 1936 2595 1990 καὶ
2624 1934 2814 1993 ἐαυτὸν
2842 1935 2931 1991 διὰ
2963 1929 3120 1992 τοῦτο
3142 1938 3472 1994 ἀπεστάλθαι
3503 1939 3803 2012 κηρύσσειν
3826 1940 3881 1994 τὸ

2315 2029 2664 2099 Εύαγγέλιον,
2705 2031 2799 2084 καὶ
2839 2031 2920 2084 ὅτι
2968 2022 3094 2103 περὶ
3142 2031 3318 2086 αὐτῶν
3375 2032 3712 2103 ἐφρόντιζεν.
3757 2029 3881 2087 Εἶτα

2319 2124 2735 2194 παραινετικοὺς
2761 2121 2951 2191 λόγους
2985 2122 3209 2196 ἀνδράσι
3248 2125 3341 2193 καὶ
3377 2117 3614 2193 γυναιξὶ,
3645 2124 3883 2194 πατράσι

2315 2215 2408 2268 καὶ
2434 2215 2659 2281 τέκνοις,
2699 2214 2906 2287 κυρίοις
2947 2216 3039 2268 καὶ
3066 2213 3271 2278 δούλοις
3319 2209 3530 2285 τίθησιν
3556 2216 3615 2268 ἐν
3651 2216 3884 2286 τῇΈπι-

2315 2303 2498 2376 στολῇ,
2534 2306 2628 2358 καὶ
2654 2304 2881 2358 καθόλου
2925 2305 3133 2368 πάντας
3176 2304 3584 2377 παρασκευάζει
3613 2306 3758 2360 κατά
3794 2305 3882 2360 τοῦ

2314 2396 2558 2450 διαϐόλου
2587 2397 2682 2451 καὶ
2707 2396 3112 2468 τῶνξδαιμόνων
3166 2397 3350 2464 αὐτοῦ,
3380 2397 3554 2466 λέγων
3582 2398 3723 2470 πρὸς
3751 2399 3887 2453 ἐκεί-

2311 2506 2434 2552 νους
2461 2483 2600 2542 εἶναι
2626 2489 2757 2560 ἡμῖν
2787 2489 2884 2560 τὴν
2913 2489 3107 2560 πάλην.
3139 2483 3250 2542 Καὶ
3275 2485 3463 2561 ὥσπερ
3500 2489 3710 2559 ἀγαθὸς
3752 2490 3886 2544 ἀλεί-

2312 2599 2475 2652 πτης,
2500 2579 2723 2650 ἀλείψας
2761 2583 2875 2645 τοῖς
2899 2581 3075 2651 λόγοις
3103 2580 3312 2645 πάντας
3335 2581 3476 2636 κατά
3508 2583 3608 2653 τῆς
3649 2581 3885 2636 διαϐολι-

2311 2667 2414 2738 κῆς
2442 2668 2743 2738 ἐνεργείας,
2767 2667 2910 2721 οῦτω
2943 2669 3139 2722 τελειοῖ
3163 2670 3260 2741 τὴν
3291 2669 3635 2740 Ἐπιστολὴν.

2656 2782 2862 2851 "Exta,
2897 2783 3046 2852 πρὸς
3074 2784 3535 2853 Φιλιππησίους.

2381 2894 2466 2949 64.
2504 2896 2720 2968 Ταύτην
2747 2896 3051 2951 ἐπιστέλλει
3084 2897 3192 2951 ἀπὸ
3233 2897 3467 2969 Ῥώμης,
3494 2900 3761 2971 ἑωρακὼς
3787 2901 3885 2954 αύ-

2309 2987 2435 3048 τοὺς
2458 2986 2573 3056 ἅμα
2601 2987 2696 3040 καὶ
2723 2986 2956 3054 διδάξας.
2995 2987 3058 3040 Ἡ
3083 2987 3140 3041 δὲ
3163 2989 3434 3060 πρόφασις
3449 2989 3549 3059 τῆς
3565 2991 3884 3060 Ἐπιστολῆς

2310 3073 2446 3146 αῦτη
2467 3093 2479 3105 ·
2508 3075 2843 3146 Πεμψάντων
2869 3077 3243 3150 Φιλιππησίων
3261 3077 3534 3131 διακονίαν
3560 3079 3638 3149 τῷ
3662 3080 3882 3150 Παύλῳ,

632 3166 775 3220 rium
795 3165 966 3222 Paulo
990 3169 1148 3240 150
1165 3172 1462 3239 misissent,
1483 3182 1534 3228 et
1557 3177 1801 3230 nonnulli
1833 3178 2206 3242 circumirent,

2312 3167 2403 3220 καί
2450 3185 2610 3222 τινων
2661 3169 3125 3240 περιερχομένων,
3176 3169 3272 3224 καὶ
3317 3169 3740 3241 διαφθειρόντων
3786 3173 3886 3234 τὰς

587 3301 590 3305 .
631 3261 726 3330 qui
756 3261 1086 3332 simplicium
1135 3281 1294 3321 aures
1331 3267 1553 3322 obtentu
1582 3271 1783 3325 umbra:
1827 3270 1960 3342 legis
1996 3279 2049 3326 et
2100 3271 2208 3326 cir-

2310 3259 2478 3322 ἀκοὰς
2510 3260 2616 3314 τῶν
2659 3261 2934 3332 ἀκεραίων
2963 3263 3230 3334 προφάσει
3267 3263 3364 3334 τῆς
3397 3265 3555 3328 σκιᾶς
3587 3263 3684 3317 τοῦ
3717 3264 3884 3336 νόμου

531 3345 543 3359 '
631 3352 986 3408 cumcisionis
1010 3365 1442 3426 corrumperent,
1467 3374 1529 3413 ac
1559 3359 1803 3414 dicerent
1829 3361 1949 3416 sine
1980 3361 2071 3416 illa
2096 3377 2206 3416 non

2310 3350 2529 3421 καὶτῆς
2567 3351 2888 3422 περιτομῆς,
2918 3353 3013 3406 καὶ
3051 3353 3314 3422 λεγόντων
3355 3357 3524 3426 χωρὶς
3564 3356 3771 3428 ταύτης
3807 3357 3887 3428 μὴ

631 3457 795 3512 posse
825 3460 1150 3515 quemquam
1195 3448 1483 3516 justiﬁcari
1506 3489 1522 3516 ,
1567 3450 1861 3520 Apostolus
1895 3469 1954 3508 re
1987 3452 2205 3523 cognita

628 3532 1068 3607 Philippensibus
1109 3541 1318 3596 scribit.
1369 3541 1436 3595 Et
1484 3544 1716 3613 primum
1750 3547 1971 3616 quidem
2021 3547 2206 3601 laudat

628 3641 816 3682 eorum
845 3629 1025 3698 ﬁdem,
1056 3639 1109 3686 et
1137 3632 1428 3703 signiﬁcat,
1452 3636 1594 3704 quod
1622 3638 1938 3691 memoriam
1960 3637 2202 3708 ipsorum

628 3717 844 3774 habeat.
877 3721 1079 3778 Deinde
1131 3735 1374 3790 enarrat,
1420 3727 1690 3796 quomodo
1729 3727 1912 3783 Romae
1941 3729 2205 3783 doctrina:

627 3826 742 3864 sua:
774 3813 1037 3868 rationem
1074 3815 1396 3880 reddiderit,
1423 3827 1476 3872 et
1503 3819 1776 3887 quomodo
1812 3822 2056 3875 nonnulli
2089 3837 2204 3876 mo-

626 3900 840 3958 lestiam
873 3903 1177 3970 intulerint,
1201 3907 1330 3961 dum
1364 3909 1418 3962 in
1445 3910 1680 3964 vinculis
1709 3918 1888 3974 esset,
1939 3911 2202 3966 invidiam

627 3981 734 4060 ipsi
763 3998 1086 4051 excitantes.
1119 3997 1316 4053 Postea
1347 3999 1669 4054 adhortatur
1689 4017 1806 4065 eos,
1840 4010 1896 4055 ut
1929 4018 1986 4058 se
2011 4011 2202 4058 mutuo

626 4080 892 4164 diligant:
923 4089 1171 4155 exposita
1201 4089 1500 4144 Salvatoris
1529 4091 1890 4162 benignitate,
1950 4095 2039 4164 qui
2076 4111 2200 4149 cum

628 4163 773 4221 Deus
805 4181 968 4236 esset,
1001 4171 1163 4226 homo
1192 4174 1366 4228 nostri
1399 4175 1576 4243 gratia
1637 4175 1813 4230 factus
1853 4163 1976 4231 εει(
2008 4178 2200 4233 Postea

627 4253 696 4309 de
726 4256 1145 4314 circumcisione
1174 4276 1238 4316 ac
1275 4265 1440 4316 veteri
1476 4263 1590 4334 lege
1621 4263 1925 4335 disputans,
1957 4267 2200 4323 inutilem

626 4360 750 4401 esse
777 4347 1036 4418 deinceps
1071 4351 1544 4408 circumcisioncm
1582 4357 1848 4422 ostendit,
1889 4367 2104 4426 sumpto
2133 4359 2200 4413 de

628 4455 687 4494 se
724 4443 993 4511 exemplo,
1017 4460 1138 4497 cum
1169 4445 1335 4500 dicit:
1373 4469 1389 4498 ι
1431 4445 1554 4501 Πὶἓυ
1587 4450 1767 4504 omnia
1806 4458 2025 4519 propter
2050 4449 2200 4504 Chri-

626 4539 773 4586 stum
829 4508 1087 4588 damnum
1143 4551 1262 4591 esse
1312 4537 1500 4605 judico
1537 4538 1597 4593 ¹³.
1640 4560 1658 4591 ι
1712 4508 2056 4612 Quapropter
2101 4557 2197 4598 eos
2229 4508 2274 4568 θ

624 4637 862 4692 quoque,
893 4625 986 4696 qui
1038 4627 1511 4684 circumcisionem
1562 4631 1739 4686 adhuc
1792 4633 2095 4697 docebant,
2137 4647 2201 4686 ac

623 4713 1002 4786 Philippenses
1051 4721 1313 4776 seducere
1349 4725 1621 4787 volebant,
1654 4726 2041 4795 reprehendit,
2104 4728 2202 4779 ini-

623 4807 906 4878 micosque
934 4810 1135 4864 Christi
1164 4828 1286 4868 esse
1321 4813 1474 4868 dicit.
1521 4813 1730 4870 Laudat
1766 4825 1947 4872 autem
1994 4818 2201 4888 Philip-

623 4912 822 4967 penses
852 4911 1068 4972 propter
1097 4905 1634 4970 communicationis,
1670 4909 1817 4977 quod
1853 4909 1957 4962 sibi
1991 4909 2201 4978 impen-

623 4989 834 5053 derant,
860 4993 1206 5060 beneﬁcium,
1240 5003 1293 5050 et
1327 4996 1417 5050 ubi
1452 4997 1518 5049 ad
1550 4999 1722 5053 honos
1768 5015 1949 5054 mores
1977 5016 2196 5054 rursum

623 5084 944 5141 adhortatus
968 5098 1072 5150 est,
1111 5089 1363 5143 terminat
1388 5088 1705 5159 Epistolain.

1017 5201 1289 5272 Septima,
1344 5205 1411 5258 ad
1455 5202 1810 5260 Colossenses.

694 5289 788 5343 65.
826 5289 977 5346 Hanc
1009 5311 1226 5364 quoque
1257 5293 1429 5350 Roma
1460 5297 1645 5361 misit,
1677 5312 1800 5352 cum
1843 5297 2197 5357 Colossenses

625 5378 865 5432 nondum
889 5383 1115 5440 vidisset
1136 5385 1378 5455 quidem,
1414 5387 1764 5458 audissetque
1793 5398 2004 5443 tantum
2034 5391 2101 5445 de
2132 5391 2198 5444 il-

624 5470 712 5524 lis.
741 5471 966 5529 Occasio
996 5485 1176 5531 autem
1224 5477 1480 5547 Epistolas
1527 5479 1640 5534 lucc
1683 5488 1804 5536 est:
1843 5481 2197 5536 Colossenses

2305 3441 2562 3496 δύνασθαι
2603 3442 2973 3514 δικαιωθῆναι,
3017 3444 3204 3514 μαθὼν
3245 3447 3274 3498 ὁ
3318 3446 3642 3510 Ἀπόπολος
3681 3450 3887 3520 γράφει

2304 3534 2706 3605 Φιλιππησίοις.
2753 3536 2863 3588 Kal.
2906 3535 3121 3607 πρῶτον
3173 3538 3273 3609 μὲν
3325 3539 3653 3609 ἀποδέχεται
3702 3543 3890 3596 αὐτῶν

2303 3623 2400 3693 τὴν
2434 3623 2633 3687 πίστιν,
2664 3623 2757 3677 καὶ
2781 3624 3032 3696 σημαίνει
3062 3626 3418 3698 μνημονεύειν
3441 3629 3624 3682 αὐτῶν
3647 3646 3662 3660 °
3695 3632 3893 3686 ἔπειτα

2303 3715 2570 3787 διηγεῖται
2600 3716 2675 3779 ὡς
2713 3717 3090 3790 ἀπελογήσατο
3137 3721 3194 3774 ἐν
3237 3719 3442 3795 Ῥώμῃ,
3491 3724 3588 3776 καὶ
3622 3724 3706 3778 ὃτι
3739 3725 3892 3787 τινὲς

2303 3806 2451 3876 αύτῷ
2479 3806 2662 3880 βαρεῖς
2697 3807 2981 3877 γεγόνασιν
3014 3808 3069 3862 ἐν
3097 3812 3206 3872 τοῖς
3231 3805 3465 3880 δεσμοῖς,
3499 3813 3696 3880 φθόνον
3735 3810 3893 3882 αύτῷ

2302 3901 2592 3963 κινοῦντες.
2635 3897 2768 3954 Εἶτα
2801 3901 2996 3965 αὐτοὺς
3038 3903 3397 3973 προτρέπεται
3437 3903 3704 3974 ἀλλήλους
3749 3907 3892 3972 ἀγα-

2303 3994 2429 4062 πᾷν,
2464 3991 2822 4064 ἐξηγούμενος
2863 3995 2958 4065 τὴν
3005 3997 3096 4048 τοῦ
3140 3995 3388 4068 Σωτῆρος
3441 3994 3889 4068 φιλανθρωπίαν,

2301 4079 2380 4130 ὅτι
2415 4079 2545 4142 Θεὸς
2589 4077 2663 4133 ὢν
2707 4083 3092 4156 ἐνηνθρὼπησε
3121 4087 3186 4139 δι’
3214 4087 3378 4156 ἡμᾶς.
3424 4081 3560 4139 Εἶτα
3608 4089 3739 4159 περὶ
3781 4091 3892 4158 τῆς

2302 4170 2603 4244 περιτομῆς
2645 4175 2858 4228 καὶτοῦ
2899 4177 3128 4230 παλαιοῦ
3163 4175 3325 4247 νόμου
3354 4175 3626 4230 διαλαϐὼν
3659 4179 3893 4232 ἀποδει-

2302 4261 2452 4315 κνύει
2479 4264 2654 4334 ἀργὴν
2687 4265 3008 4334 γεγενῆσθαι
3043 4265 3226 4318 λοιπὸν
3261 4265 3356 4338 τὴν
3382 4268 3710 4339 περιτομὴν,
3743 4269 3897 4339 λαμ-

2302 4351 2477 4406 ϐἀνων
2519 4354 2609 4423 ἀφ’
2656 4353 2848 4408 ἑαυτοῦ
2887 4356 2948 4408 τὸ
2993 4357 3373 4430 παράδειγμα,
3422 4359 3516 4412 καὶ
3557 4359 3758 4427 λέγων,
3803 4361 3899 4414 ὅτι

2308 4466 2324 4498 ι
2363 4447 2545 4501 Ταῦτα
2579 4448 2753 4501 πάντα
2797 4448 3034 4520 ἡγοῦμαι
3073 4449 3158 4502 διὰ
3191 4449 3280 4502 τὸν
3309 4450 3543 4520 Χριστὸν
3587 4449 3822 4521 ζημίαν.
3870 4472 3889 4503 ι

2300 4538 2390 4590 Διὸ
2428 4538 2518 4590 καὶ
2544 4540 2670 4601 τοὺς
2707 4539 2801 4609 μὲν
2829 4538 3171 4602 διδάσκοντας
3200 4536 3279 4591 ἐτι
3305 4539 3626 4609 περιτομὴν,
3659 4541 3754 4592 καὶ
3794 4541 3898 4594 Θέ-

2303 4630 2488 4695 λοντας
2507 4633 2701 4694 αὐτοὺς
2717 4631 3012 4702 ἀπατῆσαι,
3041 4634 3332 4702 μέμφεται,
3362 4631 3454 4683 καὶ
3473 4629 3621 4699 λέγει
3649 4631 3901 4704 ἐχθροὺς

2301 4719 2438 4776 εἶναι
2470 4723 2562 4777 τοῦ
2591 4723 2849 4794 Χριστοῦ.
2895 4723 3239 4793 Ἀποδὲχεται
3267 4723 3324 4775 δὲ
3360 4722 3759 4794 Φιλιππησίους
3798 4724 3907 4776 διὰ

2299 4815 2396 4886 τὴν
2429 4817 2563 4886 πρὸς
2593 4815 2754 4869 αὑτὸν
2782 4816 2879 4886 τῆς
2917 4816 3198 4878 κοινωνίας
3228 4814 3397 4867 δόσιν·
3444 4813 3538 4866 καὶ
3567 4812 3909 4883 προτρεψὰ-

2303 4925 2460 4978 μενος
2492 4908 2652 4963 πάλιν
2685 4913 2762 4973 εἰς
2791 4909 2857 4961 τὰ
2898 4908 3001 4980 ῆθη
3034 4909 3248 4974 αὐτοὺς,
3293 4907 3488 4960 τελειοῖ
3513 4906 3911 4978 τὴνἘπιστο⁴

2299 4999 2414 5071 λήν.

2648 5178 2918 5250 Ἑϐδόμη,
2959 5181 3106 5248 πρὸς
3130 5174 3523 5244 Κολασσαεῗς.

2369 5297 2455 5353 65.
2493 5297 2707 5368 Ταύτην
2759 5297 3075 5350 ἀποστέλλει
3120 5293 3227 5349 ἀπὸ
3271 5293 3506 5364 Ῥώμης,
3552 5293 3651 5362 οὐχ
3695 5291 3918 5364 ἑωρα-

2299 5387 2410 5452 κὼς
2444 5388 2542 5459 μὲν
2572 5388 2787 5452 αὐτοὺς,
2813 5387 3048 5449 ἀκούσας
3066 5387 3123 5440 δὲ
3153 5387 3279 5457 περὶ
3311 5384 3506 5438 αὐτῶν.
3548 5384 3612 5436 Ἡ
3644 5384 3701 5437 δὲ
3735 5387 3913 5456 πρό-

2300 5497 2460 5549 φασις
2499 5478 2926 5551 τῆςἘπιστολῆς
2955 5477 3092 5548 αῦτη
3117 5495 3130 5510 ⁸
3163 5480 3300 5541 Τοὺς
3329 5477 3668 5540 Κολασσαεῖς
3717 5479 3917 5533 ἐπει-

623 5558 826 5618 Craecis
877 5565 1305 5634 sophismatibus
1352 5570 1614 5625 seducere
1651 5571 1932 5625 tentabant
1973 5571 2197 5640 quidam

622 5662 812 5706 contra
846 5655 1005 5710 ﬁdem
1038 5657 1240 5712 Christi
1271 5660 1554 5729 loquentes
1591 5680 1602 5715 :
1640 5678 1741 5718 nec
1779 5678 1885 5718 non
1942 5663 2089 5716 circa
2122 5663 2198 5717 le-

626 5745 771 5810 gales
799 5747 973 5810 cibos,
998 5756 1052 5802 et
1086 5749 1583 5808 circumcisionem.
1643 5753 1756 5810 Hoc
1791 5756 1879 5811 ubi
1908 5754 2196 5811 didicisset

699 5863 744 5927 θ’
776 5864 1006 5928 Philipp.
1043 5880 1125 5926 ιιι.
1169 5865 1217 5922 7.

2303 5570 2469 5641 ρῶντό
2514 5587 2657 5636 τινες
2695 5570 2972 5640 ἀπατῆσαι
3006 5571 3330 5640 σοφίσμασιν
3373 5569 3700 5640 Ἑλληνικοῖς
3729 5571 3924 5624 κατὰ

2297 5664 2396 5734 τῆς
2429 5666 2507 5728 εἰς
2551 5663 2640 5717 τὸν
2683 5662 2916 5736 Χριστὸν
2963 5663 3217 5727 πίστεως,
3254 5661 3346 5714 καὶ
3380 5659 3648 5729 περὶτῶν
3700 5661 3773 5714 ἐν
3820 5663 3924 5735 τῷ

2299 5753 2445 5824 νόιιῳ
2479 5754 2802 5826 βρωμάτων,
2841 5755 2932 5808 καὶ
2978 5755 3078 5826 τῆς
3122 5753 3434 5825 περιτομῆς.
3469 5749 3658 5806 Ταῦτα
3689 5753 3925 5809 τοίνυν
