4066 6388
173 404 239 462 iii
1184 401 1516 461 SYNOPSIS
1553 402 1970 462 SCRIPTUM
2006 401 2283 460 SACRE.

3264 404 3373 462 421

174 515 308 591 μαθὼν
342 518 369 570 ὸ
400 516 768 583 ’Δπόστολος,
815 514 1011 589 γράφει
1052 514 1150 585 τὴν
1164 516 1483 589 Ἐπιστολὴν
1519 518 1700 582 αὐτοῖς

1804 514 2101 586 Apostolus
2126 557 2141 583 ,
2195 516 2339 570 hanc
2386 512 2495 570 illis
2530 511 2830 586 Epistolam
2877 514 3182 575 instruendi
3213 521 3375 576 modo

87 635 93 647 ο
171 608 333 681 ταύτην,
362 606 558 681 ὥσπερ
586 609 988 681 κατηχητικήν.
1020 608 1128 661 Kal
1150 608 1364 680 πρῶτον
1401 605 1499 681 μὲν
1525 609 1688 681 εὐχα-

171 699 315 774 ριστῶν
336 698 407 770 τῷ
445 699 607 771 Θεῷ,
657 700 915 773 σημαίνει
956 696 1063 752 ἀπὸ
1104 697 1196 752 τοῦ
1229 699 1453 765 σκότους
1494 701 1689 763 αὐτοὺς

173 790 542 863 μεταδεδηκέναι
588 792 679 855 εἰς
719 791 783 844 τὸ
831 789 944 861 φῶς
980 790 1079 860 τῆς
1118 789 1393 861 ἀληθείας,
1417 792 1511 845 καὶ
1548 791 1628 844 ὅτι
1661 794 1690 845 ὀ

168 881 357 954 Χριστὸς,
379 883 455 945 εἰς
486 881 554 936 ὃν
582 882 936 948 ἐπίστευσαν,
965 879 1126 934 εἰκών
1152 882 1269 934 ἐστι
1294 881 1389 935 τοῦ
1416 880 1571 947 Θεοῦ,
1599 882 1690 935 καὶ⁵

169 974 310 1041 Λόγος,
332 972 392 1026 δι’
408 965 468 1025 οὗ
504 972 584 1026 τὰ
620 972 807 1027 πάντα
827 972 1048 1042 γέγονε’
1078 971 1173 1026 καὶ
1197 973 1278 1026 ὅτι
1312 971 1549 1044 ἔπρεπεν
1594 973 1691 1027 αύ-

166 1064 231 1118 ιὺν
252 1064 560 1136 δημιουργὸν
610 1064 747 1118 ὄντα
798 1062 1045 1133 γενέσθαι
1088 1064 1182 1117 καὶ
1222 1062 1561 1134 πρωτότοκον
1590 1064 1688 1136 τῆς

167 1156 344 1219 κτίσεως
369 1155 458 1209 καὶ
481 1155 845 1228 πρωτότοκον
894 1156 957 1209 ὲκ
978 1154 1087 1209 τῶν
1114 1153 1342 1228 νεκρῶν,
1377 1155 1464 1209 ἴνα
1494 1155 1563 1210 τὰ
1586 1156 1693 1227 ἀμ-

164 1248 321 1319 φότερα
340 1245 573 1319 συνάψῃ,
597 1246 700 1300 καὶ
721 1245 1033 1321 ζωοποιήσῃ
1059 1245 1130 1300 τὰ
1149 1247 1345 1301 πάντα.
1388 1246 1691 1320 Προτρέπει

162 1354 204 1391 ιε
238 1337 401 1400 αὐτοὺς
430 1336 709 1406 ἐμμένειν
740 1338 807 1407 τῇ
837 1335 1037 1400 πίστει,
1082 1335 1381 1406 σημαίνων,
1409 1335 1491 1390 ὃτι
1532 1336 1693 1402 αὐτὸς

163 1428 326 1491 Παῦλος
345 1427 594 1491 διάκονός
623 1428 747 1480 ἐστι
801 1426 895 1480 τοῦ
918 1426 1269 1496 Εὑαγγελίου,
1296 1428 1356 1480 ἐν
1380 1420 1426 1496 ᾧ
1454 1429 1697 1499 κατηχή-

162 1517 319 1588 θησαν·
344 1512 456 1570 εἶτα
481 1516 546 1571 δὲ
591 1517 693 1570 καὶ
725 1517 853 1588 περὶ
884 1515 977 1569 τοῦ
1004 1516 1168 1589 νόμου
1197 1518 1291 1572 καὶ
1320 1517 1429 1572 τῶν
1461 1520 1519 1572 ὲν
1547 1517 1695 1589 αὐτῷ

161 1609 408 1680 βρωμάτων
442 1607 843 1679 διαλαμϐάνει,
874 1608 967 1661 καὶ
1000 1607 1129 1680 περὶ
1152 1609 1375 1681 ἡμερῶν
1400 1610 1492 1663 καὶ
1524 1609 1698 1664 ἐνιαυ-

160 1700 260 1765 τῶν,
280 1700 310 1755 ἀ
332 1700 629 1771 ἐξηγεῖται,
657 1702 757 1755 καὶ
785 1701 1157 1755 ἀποδείκνυσιν
1181 1701 1480 1774 ὴργηκέναι
1510 1701 1696 1756 λοιπὸν

161 1793 299 1845 πάππα
338 1791 400 1845 τὰ
439 1791 661 1845 παλαιὰ
703 1792 798 1846 καὶ
830 1792 928 1864 τὴν
970 1793 1304 1864 περιτομήν·
1344 1791 1696 1864 συμϐουλεύει

1795 607 2003 663 scribit.
2033 606 2100 661 Et
2119 606 2393 678 principio
2412 608 2618 678 gratias
2639 622 2806 679 agens
2828 606 2961 676 Deo,
2982 610 3254 682 signiﬁcat
3276 627 3374 669 eos

1793 713 1826 754 e
1854 698 2093 755 tenebris
2151 698 2220 752 ad
2275 698 2526 755 veritatis
2564 698 2742 755 lucem
2792 716 2915 758 esse
2945 703 3243 761 translatos
3268 744 3283 769 ,
3323 712 3380 759 et

1795 792 1941 865 quod
1960 791 2235 857 Christus,
2258 792 2316 847 in
2342 808 2505 864 quem
2527 792 2910 861 crediderant,
2942 794 3124 868 imago
3156 796 3256 854 Dei
3282 799 3375 865 sit,

1795 891 1849 938 et
1870 881 2110 939 Verbum
2140 897 2236 954 per
2278 883 2426 954 quod
2453 884 2637 939 omnia
2666 884 2810 940 facta
2842 893 2994 954 sunt,
3021 896 3076 943 et
3108 887 3254 959 quod
3286 888 3381 944 de-

1796 972 1971 1028 cuerit
1988 988 2143 1037 ‘eum,
2164 973 2260 1043 qui
2308 988 2491 1028 rerum
2547 980 2633 1029 est
2687 974 2907 1045 opifex,
2955 976 3378 1049 primogenitum

1797 1064 1917 1121 ﬁeri
1976 1074 2245 1122 creaturae
2275 1106 2293 1135 ,
2346 1075 2400 1123 et
2449 1067 2879 1141 primogenitum
2943 1086 3013 1126 ex
3090 1075 3378 1142 mortuis;

1798 1162 1860 1211 ut
1913 1163 2145 1227 utraque
2201 1155 2580 1228 coniungeret,
2615 1167 2671 1212 et
2702 1160 2888 1215 omnia
2919 1160 3242 1221 viviﬁcaret.
3272 1164 3383 1219 Ad-

1797 1248 2053 1303 hortatur
2086 1248 2250 1304 etiam
2301 1262 2419 1313 eos,
2473 1254 2534 1302 ut
2588 1248 2643 1303 in
2668 1248 2775 1307 ﬁde
2836 1252 3157 1322 persistant,
3212 1254 3383 1326 signit-

1800 1340 1971 1397 ﬁcans
2015 1341 2096 1397 eis
2144 1356 2205 1397 se
2252 1338 2482 1396 Paulum
2513 1358 2637 1398 esse
2703 1343 3021 1401 ministrum
3062 1345 3378 1418 Evangelii,
3424 1393 3431 1400 .

1798 1431 1855 1487 in
1880 1447 1988 1503 quo
2009 1431 2267 1488 instructi
2287 1430 2400 1502 jam
2431 1442 2609 1488 erant.
2644 1431 2852 1489 Deinde
2878 1433 2945 1489 de
2971 1433 3109 1506 lege,
3136 1436 3278 1491 etde
3301 1435 3384 1491 ci-

1799 1523 1887 1579 bis
1915 1523 1971 1578 in
1995 1523 2114 1595 lege
2142 1524 2461 1580 memoratis
2489 1523 2767 1595 disputat,
2799 1525 2868 1581 de
2899 1525 3096 1582 diebus
3124 1526 3290 1582 etiam
3327 1535 3386 1584 et

1802 1617 1962 1673 annis
1995 1617 2237 1687 exponit,
2271 1625 2325 1672 et
2353 1614 2613 1687 deinceps
2642 1623 2827 1672 vetera
2850 1617 3057 1683 omnia,
3089 1618 3385 1675 circumci-

1803 1708 2009 1766 siouem
2042 1723 2296 1779 quoque,
2349 1708 2550 1763 abolita
2604 1722 2726 1765 esse
2764 1707 3027 1765 declarat.
3052 1709 3258 1765 Auctor
3299 1718 3386 1767 est

1803 1802 1966 1858 etiam
1988 1839 2004 1867 ,
2029 1816 2099 1856 ne
2127 1800 2305 1871 decipi
2328 1816 2387 1857 se
2407 1801 2593 1857 sinant
2614 1816 2645 1856 a
2671 1801 2958 1874 sopbistis,
2993 1802 3172 1874 iisque
3198 1802 3292 1876 qui
3323 1819 3386 1861 se

158 1899 201 1935 τε
236 1883 404 1945 αὐτοὺς
435 1881 514 1954 μὴ
548 1881 864 1937 πλανᾶσθαι
896 1882 1003 1936 ἀπὸ
1034 1881 1140 1936 τῶν
1181 1880 1568 1953 σοφιζομένων,
1602 1864 1698 1934 καὶ

1806 1864 2110 1946 subornare
2138 1864 2360 1945 vellent.
2392 1888 2637 1946 Tandem
2661 1864 2914 1948 hortatus
2936 1864 3385 1963 parentem-lihe-

158 1974 319 2045 πλανᾷν
363 1974 567 2036 αὐτοὺς
620 1972 909 2028 θελόντων,
960 1972 1072 2027 Kal
1119 1972 1303 2025 λοιπὸν
1361 1972 1694 2044 παραινέσας

157 2065 375 2121 κάνταῦθα
407 2065 638 2135 γονεῦσι
671 2066 769 2119 καὶ
796 2066 1025 2129 τέκνοις,
1067 2066 1161 2119 καὶ
1194 2064 1439 2136 ἀνδράσι,
1482 2065 1577 2118 καὶ
1605 2081 1702 2133 γυ-

156 2158 276 2224 scia,
306 2157 508 2221 δούλοις
555 2158 659 2210 καὶ
707 2157 936 2226 κυρίοις,
969 2156 1062 2210 καὶ
1086 2156 1155 2210 τὰ
1194 2154 1330 2209 ἄλλα
1368 2154 1436 2209 τὰ
1468 2155 1605 2227 πρὸς
1633 2154 1705 2209 τὰ

153 2250 227 2321 ἧθη
252 2250 677 2321 συμϐουλεύσας,
708 2250 905 2304 τελειοῖ
916 2246 1364 2320 τὴνἚπιστολήν.
1387 2246 1705 2319 Παραγγέλ-

152 2340 209 2395 is:
231 2344 387 2413 μέντοι
415 2345 652 2409 αὐτοὺς,
694 2344 807 2406 ἵνα,
843 2343 970 2396 ὅταν
1003 2341 1324 2412 ἀναγνωσθῇ
1360 2341 1491 2411 παρ’
1524 2341 1706 2403 αὐτοῖς

150 2436 172 2505 ἡ
195 2437 469 2509 Ἐπιστολὴ,
493 2437 784 2508 ποιήσωσι
811 2436 903 2490 καὶ
925 2435 982 2487 ὲν
999 2437 1065 2506 τῇ
1091 2432 1395 2489 Λαοδικέων
1410 2430 1702 2503 Ἐκκλησία

1797 1996 1914 2047 ros,
1938 1982 2109 2049 viros,
2147 1982 2441 2046 mulieres,
2496 1998 2686 2039 servos
2736 1991 2791 2039 et
2819 1983 3108 2050 dominos,
3166 1991 3222 2040 et
3278 1983 3385 2040 alia

1797 2079 1919 2137 qua:
1937 2064 2111 2121 bonos
2130 2079 2311 2121 mores
2336 2073 2677 2122 concernunt
2707 2066 2948 2133 locutus,
2986 2066 3290 2138 Epistolam
3322 2066 3386 2121 ii-

1800 2158 1903 2212 nit.
1938 2155 2235 2211 Denuntiat
2263 2157 2430 2211 etiam
2459 2156 2588 2223 illis,
2612 2166 2674 2212 ut
2700 2164 3060 2229 posteaquam
3090 2159 3234 2229 apud
3257 2159 3386 2214 illos

1800 2249 1941 2304 lecta
1964 2246 2129 2304 fuerit
2156 2246 2421 2319 Epistula,
2461 2259 2676 2315 curent,
2708 2255 2767 2303 ut
2799 2255 2855 2304 et
2880 2249 2938 2305 in
2960 2248 3209 2305 Ecclesia
3239 2249 3382 2305 Lao-

1805 2338 2015 2395 dicensi
2065 2339 2310 2410 legatur,
2350 2345 2405 2395 et
2457 2349 2515 2395 ut
2544 2339 2788 2397 vicissim
2817 2356 2938 2398 eam
2994 2342 3209 2414 legant,
3262 2355 3385 2414 qua

1805 2434 2233 2492 Laodicensibus
2270 2433 2477 2505 scripta
2499 2444 2601 2492 est.

151 2533 283 2605 αὐτὴν
303 2530 765 2603 ἀναγνωσθῆναι·
795 2524 889 2582 καὶ
932 2525 1030 2598 τὴν
1062 2527 1127 2580 ὲκ
1154 2526 1471 2591 Λαοδικείας
1515 2526 1674 2581 πάλιν
1703 2526 1796 2580 καὶ
1827 2526 2025 2591 αὐτοὺς
2051 2525 2358 2596 ἀναγνῶναι

412 2672 664 2742 Ὀτοδόη,
700 2668 856 2739 πρὸς
894 2668 1378 2735 Θεσσαλονικεῒς.

197 2806 266 2861 66.
308 2806 527 2877 Ταύτην
592 2803 911 2858 ἐπιστέλλει
964 2804 1072 2858 ἀπὸ
1116 2802 1378 2876 Ἀθηνῶν,
1437 2803 1699 2877 ἑωρακὼς

146 2898 357 2971 πψρον
401 2896 638 2961 αὐτοὺς,
673 2896 774 2949 καὶ
814 2895 1104 2967 ’διατρίψας
1151 2897 1280 2966 παρ’
1309 2894 1508 2958 αὐτοῖς.
1548 2895 1610 2947 Ἦ
1640 2895 1699 2949 δὲ

144 2993 371 3063 smack;
414 2989 519 3060 τῆς
534 2985 880 3058 Ἐπιστολῆς
917 2985 1088 3058 αὕτη’
1126 2987 1185 3041 '0
1220 2985 1536 3049 Ἀπόστολος
1577 2984 1696 3039 πολ-

143 3082 216 3147 λὰς
238 3082 430 3154 θλίψεις
457 3081 665 3137 παθὼν
698 3080 759 3133 ἓν
789 3077 1039 3151 Βερῤοίᾳ,
1075 3079 1169 3132 καὶ
1194 3078 1251 3130 ὲν
1282 3075 1567 3140 Φιλίπποις
1596 3075 1695 3147 τῆς

142 3174 458 3240 Μακεδονίας,
509 3173 616 3229 καὶ
648 3174 713 3227 ὲν
754 3171 1025 3243 Κορίνθῳ,
1054 3169 1337 3240 γινώσκων
1365 3186 1424 3223 τε
1467 3170 1567 3223 ὅσα
1597 3167 1695 3222 πέ-
1725 3198 1768 3257 c

142 3268 269 3321 πονθε
291 3268 381 3322 καὶ
416 3269 478 3321 ὲν
509 3262 915 3335 Θεσσαλονίκῃ,
946 3260 1295 3333 φοϐούμενος,
1333 3261 1407 3333 μὴ
1431 3259 1699 3314 ἀκούσαν-

141 3360 659 3423 τιςθεσσαλονικείς,
684 3357 724 3411 ἂ
750 3354 1016 3409 πέπονθεν
1043 3355 1101 3408 ὲν
1128 3357 1249 3418 ταῖς
1278 3352 1700 3426 προειρημέναις

142 3451 311 3516 west,
339 3449 734 3525 πειρασθῶσιν
766 3447 874 3501 ὑπὸ
901 3445 993 3500 τοῦ
1022 3445 1387 3519 πειράζοντος,
1418 3445 1511 3499 καὶ
1539 3461 1702 3498 σκαν-

138 3542 424 3597 ωισθῶσιο
454 3540 654 3615 μαθὼν
684 3539 748 3594 δὲ
780 3539 865 3593 ὅτι
894 3539 989 3593 καὶ
1020 3538 1112 3591 ἐπὶ
1146 3540 1260 3601 τοῖς
1297 3536 1700 3608 ἀποθνήσκουσι

138 3634 397 3690 κατώδυνοι
414 3635 695 3704 ἐγίνοντο,
721 3630 1044 3685 ἀποστέλλει
1064 3629 1325 3701 Τιμόθεον
1350 3628 1483 3701 πρὸς
1506 3629 1701 3692 αὐτοὺς

137 3724 253 3794 μετὰ
285 3722 742 3796 τῆςἙπιστολῆς
777 3718 1001 3789 ταύτης.
1040 3719 1152 3772 Kal
1191 3718 1405 3790 πρῶτον
1448 3717 1547 3788 μὲν
1589 3719 1703 3770 ὲπι-

138 3817 349 3887 στηρίξει
390 3815 596 3879 αὐτοὺς
626 3815 692 3867 ὲν
739 3814 806 3883 τῇ
850 3811 1050 3875 πίστει,
1090 3808 1230 3863 ὥστε
1266 3810 1340 3881 μὴ
1383 3808 1701 3863 σαλεύεσθαι

135 3903 203 3959 διὰ
227 3908 315 3972 τὰς
355 3906 600 3977 θλίψεις·
638 3903 1057 3974 ὑπομιμνήσκει
1098 3900 1207 3973 γὰρ
1246 3898 1462 3965 αὐτοὺς,
1490 3899 1567 3964 ὡς
1605 3900 1701 3953 καὶ

136 3999 182 4048 ἐν
203 4002 259 4071 τῇ
288 4002 587 4072 κατηχήσει
620 3993 986 4065 διδαχθέντας
1015 3992 1304 4064 ὑπομένειν
1339 3993 1437 4057 τὰς
1470 3991 1696 4063 θλίψεις,

135 4090 211 4143 καὶ
252 4091 413 4161 μηδὲν
447 4091 602 4156 ξένον
639 4085 851 4149 αὐτοὺς
895 4082 1215 4138 πεπονθέναι
1259 4084 1368 4139 ὑπὸ
1409 4082 1696 4148 Ἰουδαίων,

134 4179 222 4229 τῶν
244 4183 331 4233 καὶ
352 4181 441 4234 τὸν
465 4176 721 4252 Χριστὸν
749 4173 1203 4229 ἀποκτεινάντων.
1226 4173 1563 4246 Χριστιανῶν
1590 4172 1701 4243 γὰρ

136 4269 245 4323 ῑὸιον
272 4272 330 4324 τὸ
358 4271 645 4325 θλίϐεσθαι
682 4270 750 4321 ὲν
782 4266 862 4337 τῷ
892 4265 993 4337 βίῳ
1029 4266 1202 4336 τούτῳ
1231 4264 1404 4334 ἔλεγε.
1433 4263 1610 4317 Πολλά
1642 4262 1698 4316 δὲ

131 4363 435 4431 παραινέσας
477 4362 679 4424 αὐτοῖς
722 4357 903 4422 οὕτως
934 4357 1387 4430 ἀναστρέφεσθαι,
1443 4354 1519 4421 ὡς
1558 4373 1699 4427 παρ-

132 4449 302 4506 έλαϐον
326 4455 421 4508 ἀπ’
452 4450 649 4516 αὐτοῦ,
679 4449 892 4521 γράφει
919 4449 1010 4502 καί
1035 4449 1160 4521 περὶ
1174 4446 1281 4500 τῶν
1302 4444 1695 4512 τελευτώντων,

2151 2662 2380 2733 Octava,
2422 2664 2492 2718 ad
2524 2664 3036 2723 Thessalonicema.

1876 2796 1964 2852 66.
2004 2796 2159 2853 Hanc
2191 2797 2360 2853 mittit
2386 2796 2634 2866 Athenis,
2668 2812 2793 2853 cum
2819 2813 2916 2855 eos
2958 2798 3075 2869 jam
3099 2805 3260 2855 antea
3301 2800 3384 2858 vi—

1804 2889 1998 2954 disset,
2026 2895 2079 2946 et
2112 2904 2237 2945 cum
2260 2890 2396 2961 ipsis
2417 2899 2776 2946 conversatus
2806 2898 2971 2947 esset.
3000 2889 3231 2948 Occasio
3255 2908 3383 2948 vero

1799 2981 2043 3051 epistolae
2076 2981 2192 3037 hazc
2217 2989 2301 3038 est
2334 3001 2347 3037 :
2377 2983 2512 3037 Cum
2538 2982 2739 3038 multas
2764 2979 3084 3039 aiilictiones
3112 2983 3384 3039 Berrhma

1799 3087 2091 3142 perpessus
2140 3081 2286 3128 esset
2314 3073 2630 3143 Apostolus,
2654 3070 2921 3145 Philippis
2954 3090 3176 3145 quoque
3204 3073 3384 3130 Mace-

1799 3165 1977 3220 doniae
2026 3172 2081 3221 et
2120 3165 2408 3232 (iorinthi,
2456 3166 2751 3237 sciretque,
2785 3182 2907 3237 quae
2955 3181 3153 3238 passus
3206 3164 3385 3220 fuerat

1801 3256 2222 3323 Thessalonicae,
2256 3260 2486 3325 veritus,
2518 3274 2588 3315 ne
2607 3258 3151 3328 Thessalonicenses,
3179 3258 3383 3315 auditis

1802 3365 1923 3421 qua:
1952 3364 2150 3421 passus
2183 3357 2304 3405 erat
2334 3349 2391 3404 in
2419 3350 2696 3420 praedictis
2725 3350 3065 3415 civitatibus,
3099 3356 3383 3406 tentaren-

1801 3454 1890 3499 tur
1915 3457 1946 3497 τι
1973 3449 2243 3499 tentatore
2281 3448 2338 3497 et
2366 3442 2898 3508 scandalizarentur,
2927 3441 3232 3513 praesertim
3254 3456 3383 3496 cum

1800 3535 2160 3592 intellexisset
2189 3548 2287 3590 eos
2317 3539 2661 3589 mortuorum
2687 3534 2862 3605 gratia
2898 3534 3131 3587 multum
3160 3531 3379 3602 lugere,

1799 3627 1951 3682 misit
1980 3626 2050 3682 ad
2084 3641 2183 3683 eos
2211 3625 2555 3681 Timotheum
2586 3640 2712 3679 cum
2749 3624 2855 3678 hac
2876 3621 3144 3693 Epistula.
3174 3622 3241 3680 Et
3266 3625 3382 3693 pri-

1799 3735 1948 3774 mum
1970 3718 2259 3773 conﬁrmat
2287 3733 2385 3773 eos
2434 3717 2493 3771 in
2524 3717 2660 3782 fide,
2702 3730 2772 3771 ne
2802 3723 3029 3788 propter
3056 3714 3381 3771 aﬂlictiones

1799 3811 2202 3867 concutiantur.
2218 3806 2651 3866 Commonefacit
2665 3808 2812 3863 enim
2828 3805 3227 3877 eos,quomodo
3246 3814 3302 3862 et
3322 3807 3381 3862 in

1798 3903 1973 3975 prima
1988 3903 2333 3959 institutione
2364 3901 2690 3965 didicerant,
2717 3899 2974 3957 ferendas
2999 3914 3122 3955 esse
3156 3899 3380 3955 tribula-

1798 3998 1998 4059 tiones,
2023 4001 2078 4051 et
2098 3993 2244 4066 quod
2273 3994 2516 4052 insolens
2537 4007 2648 4048 non
2676 3992 2769 4058 sit,
2792 3991 2941 4063 quod
2966 3992 3115 4064 passi
3137 3999 3324 4048 essent
3347 4006 3380 4046 a

1797 4086 2023 4154 Judaais,
2052 4088 2148 4157 qui
2172 4087 2336 4142 etiam
2357 4086 2639 4142 Christum
2676 4085 3019 4142 occiderunt.
3066 4084 3203 4141 Esse
3231 4084 3379 4140 enim

1803 4181 1955 4253 151
1988 4178 2269 4250 proprium
2303 4177 2743 4238 Christianorum
2786 4177 2946 4249 aﬂligi
2984 4178 3042 4233 in
3093 4176 3195 4232 hac
3242 4176 3375 4232 vita.

1800 4268 2056 4326 Hortatus
2085 4279 2266 4326 autem
2303 4284 2399 4326 eos
2426 4269 2647 4334 multis,
2682 4276 2743 4323 nt
2794 4270 2869 4323 ita
2921 4276 3381 4324 conversarentur

1800 4361 1963 4417 sicuti
1998 4362 2067 4416 ab
2088 4362 2210 4432 ipso
2232 4368 2574 4431 acceperant,
2607 4360 2676 4417 de
2703 4361 2939 4417 mortuis
2968 4361 3134 4417 etiam
3164 4360 3376 4425 scribit,

1800 4454 2095 4509 consolans
2124 4469 2221 4509 eos
2255 4468 2320 4509 ac
2348 4454 2586 4518 docens,
2614 4470 2684 4509 ne
2729 4452 2957 4510 moleste
2999 4452 3196 4509 ferant.
3231 4452 3378 4507 Mor-

132 4542 604 4614 παραμυθούμενος
648 4538 860 4601 αὐτοὺς
898 4538 991 4591 καὶ
1033 4537 1316 4604 διδάσκων,
1364 4537 1437 4609 μὴ
1486 4536 1696 4609 βαρέως

1800 4552 1909 4599 tem
1942 4547 2087 4601 enim
2122 4562 2234 4601 non
2263 4561 2387 4603 esse
2424 4545 2806 4617 perditionem,
2832 4545 2929 4601 sed
2958 4544 3099 4601 viam
3130 4560 3379 4602 resurre-

130 4631 312 4701 σέρειν.
334 4636 413 4688 Οὐ
437 4636 546 4705 γὰρ
577 4627 729 4686 εἶναι
754 4629 847 4685 τὸν
874 4628 1100 4683 θάνατον
1120 4626 1415 4691 ἀπώλειαν,
1443 4627 1555 4681 ἀλλ’
1581 4626 1698 4681 ὁδὸν

129 4721 484 4789 ἀναστάσεως.
532 4724 780 4778 Ἔπειτα
824 4721 921 4773 καὶ
953 4720 1080 4790 περὶ
1111 4718 1219 4772 τῶν
1262 4717 1469 4790 χρόνων
1504 4719 1701 4782 αὐτοὺς

126 4812 367 4882 διδάσκει,
414 4819 505 4883 ἶν’,
550 4815 757 4887 ἄδηλον
794 4811 895 4884 τὴν
943 4810 1151 4882 ἡμέραν
1190 4810 1568 4880 γινώσκοντες,
1616 4809 1701 4863 ἀεὶ

127 4907 309 4979 ἕτοιμοι
342 4912 634 4978 γίνωνται,
663 4905 766 4960 καὶ
791 4901 982 4975 μηδενὶ
1005 4904 1341 4975 προσέχωσιν
1374 4900 1701 4971 ἐπαγγελλο-

131 4997 257 5070 μένῳ
298 5002 437 5072 περὶ
473 5000 675 5070 αὐτῆς.
711 4993 977 5050 Ἐσεσθαι
1044 4995 1147 5066 γάρ
1187 5011 1319 5065 φησι
1358 4994 1457 5066 τὴν
1502 5011 1703 5066 παρου-

127 5088 231 5141 σίαν
260 5093 463 5157 οὕτως,
506 5091 654 5145 ὥστε
691 5088 826 5150 τοὺς
869 5084 1369 5157 περιλειπομένους,
1413 5086 1508 5138 καὶ
1550 5082 1700 5157 εὑρι-

126 5183 411 5253 σκομένους
445 5183 504 5239 ὲν
545 5186 616 5254 τῇ
659 5177 854 5252 ἡμέρᾳ
884 5176 1087 5250 ἐκείνῃ,
1133 5178 1205 5250 μὴ
1234 5176 1456 5246 φθάνειν
1484 5178 1607 5241 τοὺς
1640 5178 1703 5230 ἐκ

126 5276 314 5343 νεκρῶν
354 5274 783 5349 ἐγειρομένους.
829 5270 980 5339 τ’Δμα
1019 5270 1127 5339 γὰρ
1158 5266 1402 5337 γίνεσθαι
1439 5268 1537 5341 τὴν
1569 5267 1705 5321 πάν-

125 5376 215 5416 των
239 5368 482 5441 ἀλλαγὴν
514 5366 790 5421 διδάσκει.
822 5358 969 5430 Πρὸς
995 5360 1220 5427 τούτοις,
1253 5361 1571 5433 προτρέπων
1609 5363 1706 5415 αύ-

124 5456 234 5517 τθϋς
271 5455 626 5526 βελτιοῦσθαι
656 5457 721 5509 ὲν
750 5453 865 5515 τοῖς
903 5449 1080 5521 ἤθεσι,
1114 5454 1367 5522 παραινεί
1394 5450 1479 5503 ἀεὶ
1521 5451 1703 5516 αὐτοῖς

126 5547 204 5598 καὶ
238 5550 459 5625 χαίρειν
501 5551 573 5623 τῇ
613 5544 826 5610 ἐλπίδι,
855 5542 950 5597 καὶ
971 5542 1386 5615 προσεύχεσθαι,
1418 5541 1512 5596 καὶ
1539 5544 1701 5613 εὐχα-

124 5638 307 5697 ριπείν
334 5639 433 5692 ἀεὶ
460 5638 542 5710 τῷ
581 5633 809 5707 Κυρίῳ,
840 5631 1129 5701 ὲνορκίζων
1170 5630 1367 5694 αὐτοὺς
1398 5631 1704 5699 ἀναγνῶναι

119 5720 545 5804 τὴνἘπιστολὴν
578 5728 796 5797 ταύτην
822 5725 956 5777 πᾶσι
980 5724 1089 5787 τοῖς
1115 5721 1380 5793 ἀδελφοῖς,
1410 5722 1502 5774 καὶ
1534 5721 1705 5786 οὕτως

118 5813 266 5891 αῧτὴν
289 5822 514 5878 τελειοτ.

1798 4638 2019 4693 ctionis.
2054 4636 2261 4693 Deinde
2287 4646 2342 4692 et
2387 4636 2455 4692 de
2506 4637 2848 4707 temporibus
2897 4651 2994 4693 eos
3024 4635 3252 4699 edocet,
3318 4645 3378 4691 ut

1798 4728 1942 4784 diem
1965 4728 2177 4783 Domini
2206 4728 2479 4783 occultum
2507 4743 2627 4783 esse
2661 4728 2916 4793 scientes,
2965 4743 3178 4799 semper
3201 4728 3374 4799 parati

1800 4822 1932 4885 sint,
1967 4836 2068 4876 nec
2097 4834 2430 4891 quemquam
2453 4818 2737 4875 attendant
2759 4818 2827 4874 de
2855 4819 2951 4873 illo
2980 4818 3323 4874 nuntiantem
3354 4834 3370 4871 :

1800 4912 2043 4967 futurum
2072 4911 2217 4967 enim
2244 4910 2319 4967 ita
2351 4911 2459 4967 illis
2508 4910 2820 4976 adventum,
2852 4917 2913 4964 ut
2939 4910 3033 4981 qui
3060 4909 3264 4965 residui
3289 4910 3374 4962 in-

1799 5003 2088 5058 venientur
2116 5003 2172 5056 in
2195 5018 2261 5056 eo
2289 5000 2396 5067 die,
2420 5016 2529 5055 non
2565 5001 2675 5056 sint
2693 5000 3023 5072 prawenturi
3044 5014 3161 5058 eos,
3192 4998 3285 5067 qui
3304 5013 3374 5052 ex

1801 5095 2035 5150 mortuis
2062 5094 2469 5156 excitabuntur,
2497 5108 2563 5147 eo
2581 5092 2726 5163 quod
2751 5092 2913 5162 simul
2942 5105 3008 5144 ac
3045 5089 3226 5144 subito
3256 5103 3374 5142 om-

1802 5188 1952 5241 nium
2008 5187 2079 5241 sit
2114 5186 2293 5239 futura
2348 5185 2597 5240 mutatio.
2658 5184 2897 5253 Denique
2948 5180 3039 5235 ubi
3090 5178 3374 5233 admonuit

1804 5296 1920 5345 eos,
1952 5286 2013 5333 ut
2040 5278 2292 5332 meliores
2325 5278 2571 5331 moribus
2604 5276 2857 5341 evadant,
2894 5274 3144 5328 hortatur
3180 5274 3371 5336 etiam,

1804 5376 1864 5422 ut
1891 5381 2108 5435 semper
2141 5364 2196 5417 in
2231 5379 2328 5434 spe
2349 5362 2643 5433 gaudeant,
2674 5369 2727 5416 et
2761 5359 3059 5431 precationi
3091 5358 3368 5422 insistant,

1805 5474 1869 5514 ac
1911 5466 2170 5529 perpetuo
2200 5456 2407 5526 gratias
2457 5462 2619 5525 agant
2657 5452 2904 5507 Domino.
2944 5449 3185 5505 Tandem
3214 5449 3373 5520 adju-

1804 5560 1891 5607 rat
1937 5566 2054 5614 eos,
2085 5555 2145 5603 ut
2176 5546 2475 5617 Epistolam
2536 5545 2678 5600 hanc
2710 5542 2969 5599 fratribus
2998 5541 3251 5599 omnibus
3290 5542 3371 5600 le-

1804 5650 1955 5713 gant,
1985 5647 2146 5711 atque
2176 5638 2322 5693 illam
2354 5635 2489 5690 linit.
