4066 6388
675 388 784 445 023

961 503 1138 565 Nona,
1181 501 1300 556 item
1337 500 1406 554 ad
1449 500 1950 558 Thcssaionicenses.

748 619 837 674 67.
878 615 1027 671 lianc
1057 615 1224 671 Roma
1261 615 1446 669 mittit.
1482 612 1714 668 Occasio
1747 624 1928 670 autem
1968 615 2090 683 ejus
2119 615 2246 669 talis

680 719 806 766 cst:
849 707 1251 777 Thessalonica:
1323 705 1542 776 quidam
1588 705 1750 760 otiosi
1815 713 1868 758 et
1940 705 2248 761 inordinate

679 799 923 855 viventes
946 796 1330 857 circumibant.
1352 810 1414 850 ac
1441 793 1643 848 fratres
1669 790 2005 849 seducebant
2043 812 2056 848 :
2090 795 2247 863 quasi

675 893 787 962 jam
836 898 952 945 tum
1003 887 1269 944 adventus
1323 887 1538 942 Domini
1595 888 1846 942 instaret.
1903 884 2250 941 Seducebant

679 991 857 1036 autem
902 979 1176 1035 auditores
1232 980 1386 1050 quasi
1434 978 1695 1049 Apostolo
1749 977 1802 1032 id
1843 977 2246 1038 manifestante,

677 1082 732 1129 et
790 1073 857 1128 ab
901 1074 1022 1144 ipso
1080 1072 1285 1142 Spiritu
1338 1081 1530 1126 sancto
1595 1071 1902 1126 audissent.
1949 1070 2108 1136 Quod
2156 1070 2248 1124 ubl

677 1166 929 1238 cognovit
950 1164 1265 1236 Apostolus,
1300 1165 1441 1219 hanc
1471 1164 1537 1218 ad
1567 1179 1661 1220 eos
1693 1162 1990 1234 Epistolam
2011 1162 2248 1233 scripsit.

679 1258 746 1312 Et
774 1259 1010 1329 primum
1043 1258 1261 1329 quidem
1301 1267 1640 1312 crescentem
1689 1271 1879 1311 eorum
1927 1255 2086 1310 fidem
2129 1256 2251 1308 lau.

681 1350 794 1416 dat,
823 1357 877 1406 et
919 1351 1184 1422 gloriatur
1216 1350 1272 1404 in
1315 1349 1473 1420 ipsis,
1508 1349 1650 1420 quod
1694 1348 2012 1403 afﬂictiones
2041 1346 2252 1402 fortiter

682 1442 987 1498 tolerabant
1018 1452 1238 1512 propter
1265 1440 1542 1495 Christdm
1573 1459 1586 1495 :
1612 1441 1927 1494 consolatur
1948 1454 2042 1494 eos
2064 1439 2247 1503 etiam,

679 1534 826 1606 quod
865 1535 1049 1589 futura
1096 1535 1168 1588 sit
1197 1549 1225 1586 a
1259 1533 1368 1588 Deo
1414 1534 1549 1588 ultio
1586 1548 1776 1588 eorum
1798 1574 1813 1599 ,
1845 1547 1875 1586 a
1908 1531 2106 1602 quibus
2151 1531 2254 1584 im-

679 1628 874 1681 merito
924 1626 1322 1694 afﬂigebantur.
1377 1623 1584 1680 Deinde
1630 1639 1762 1679 vero
1809 1632 1862 1678 et
1903 1624 1970 1677 de
2015 1621 2251 1676 adventu

681 1717 985 1774 Salvatoris
1027 1734 1120 1772 eos
1168 1717 1380 1780 edocet,
1417 1732 1486 1772 ne
1527 1716 1781 1786 cuiquam
1828 1715 2074 1777 credant,
2119 1729 2253 1769 neve

678 1811 990 1874 turbentur,
1023 1811 1137 1864 sive
1165 1826 1259 1880 per
1284 1808 1572 1879 Spiritum,
1601 1808 1714 1863 sive
1743 1815 1999 1877 tanquam
2040 1808 2156 1876 ipse
2189 1821 2250 1862 ea

679 1902 746 1960 de
780 1919 840 1959 re
883 1902 1198 1973 scripserit;
1233 1915 1332 1956 nec
1383 1901 1494 1955 ullo
1534 1899 1695 1955 modo
1734 1905 1947 1969 putent,
1988 1913 2108 1954 eam
2139 1897 2248 1967 jam

678 1995 907 2060 instare,
971 2001 1065 2048 aut
1123 1993 1364 2048 futuram
1427 2005 1582 2058 esse,
1637 1991 1956 2062 priusquam
2014 1988 2250 2045 defectio

680 2089 880 2151 veniat,
925 2095 978 2142 et
1024 2094 1148 2157 post
1196 2086 1336 2140 hanc
1386 2083 1780 2147 Antichristus,
1828 2083 1972 2138 illius
1998 2082 2088 2138 ille
2127 2096 2253 2152 per-

676 2179 920 2244 ditionis,
980 2178 1138 2248 cujus
1181 2177 1470 2232 adventurm
1515 2177 1571 2232 in
1629 2175 1801 2247 signis
1862 2189 1928 2228 ac
1986 2173 2250 2244 prodigiis

675 2271 1031 2328 mendacibus
1084 2269 1389 2326 secundum
1439 2268 1812 2339 operationem
1855 2264 2072 2320 Satanae
2106 2265 2254 2319 futu-

680 2379 799 2418 rum
841 2377 967 2418 esse
1014 2361 1308 2431 significat.
1360 2358 1562 2414 Postea
1619 2358 1944 2413 adhortatus
2004 2372 2135 2422 eos,
2195 2363 2255 2410 ut

678 2455 890 2510 fortiter
914 2453 1229 2525 persistant,
1261 2463 1314 2506 et
1344 2450 1690 2514 traditiones,
1722 2463 1861 2519 quas
1897 2463 1926 2502 a
1959 2463 2018 2504 se
2050 2447 2256 2502 didice-

675 2557 822 2612 rant,
853 2549 1092 2609 servent,
1122 2537 1409 2598 denuntiat
1438 2541 1544 2596 illis
1600 2556 1670 2596 ne
1699 2555 1862 2611 quam
1887 2555 2011 2594 cum
2041 2540 2132 2604 iis,
2159 2538 2254 2609 qui

679 2636 984 2696 inordinate
1024 2634 1302 2702 vivebant,
1356 2630 1798 2688 communionem
1851 2629 2108 2693 habeant,
2159 2629 2254 2685 sed

678 2727 855 2800 magis
903 2725 1191 2798 repudient
1242 2738 1359 2779 eos.
1422 2721 1672 2778 Declarat
1735 2720 1879 2777 enim
1939 2719 2252 2791 hujusmodi

679 2819 931 2875 curiosos
972 2833 1094 2874 esse
1137 2825 1192 2872 et
1222 2829 1470 2871 errones.
1509 2813 1744 2869 Prorsus
1784 2820 1965 2867 autem
2008 2812 2254 2882 praecipit

677 2911 780 2976 eis,
827 2917 886 2963 ut
931 2909 977 2965 si
1018 2909 1143 2978 quis
1191 2905 1534 2962 sermonibus
1578 2905 1694 2960 suis
1738 2904 2115 2973 immorigerus
2159 2905 2250 2970 sit,

681 3002 824 3057 hunc
877 3017 909 3056 e
963 3013 1238 3072 synagoga
1283 2997 1525 3066 ejiciant.
1583 2996 1846 3051 Caeterum
1897 3011 2084 3066 pacem
2146 2995 2252 3050 illis

679 3099 1031 3162 apprecatus,
1096 3090 1212 3143 linit
1262 3088 1592 3158 Epistolam,
1654 3087 1979 3143 salutatione
2033 3088 2251 3158 propria

1834 380 1893 438 S.
1933 378 2397 436 ATHANASIUS.
2438 410 2507 420 -—
2544 378 2772 435 DUBIA.

2279 507 2321 562 Α
2418 499 2646 568 Ἐνάτη,
2679 497 2864 552 πάλιν
2892 495 2988 549 καί
3013 495 3162 563 αὕτη
3194 495 3342 564 πρὸς
3372 491 3851 559 Θεσσαλονικεῑς.

3797 378 3905 434 ηε

2418 615 2505 670 67.
2548 615 2762 684 Ταύτην
2811 610 3126 666 ἀποστέλλει
3163 610 3270 663 ἀπὸ
3313 609 3554 680 Ῥώμης.
3590 608 3654 661 Ἦ
3699 606 3758 660 δὲ
3787 605 3906 677 πρό-

2350 723 2510 775 φασις
2555 706 2652 776 τῆς
2677 703 2995 774 Ἐπιστολῆς
3039 701 3207 772 αῦτη·
3253 700 3409 764 Τινὲς
3452 701 3511 755 ὲν
3555 697 3906 771 Θεσσαλονίκῃ

2350 799 2508 869 ἀργοὶ
2566 798 2660 852 καὶ
2723 796 2947 851 ἄτακτοι
2997 795 3410 869 περιερχόμενοι
3471 794 3599 857 τοὺς
3658 789 3906 860 ἀδελφοὺς

2351 888 2704 962 ύφήρπαζον,
2758 890 2834 954 ὡς
2892 889 2990 961 ἤδη
3048 889 3148 959 τῆς
3209 887 3508 960 παρουσίας
3568 885 3664 939 τοῦ
3717 883 3904 954 Κυρίου

2350 983 2633 1054 ἐνστάσης.
2661 982 2915 1034 Ἢπάτων
2942 982 2999 1034 δὲ
3026 982 3152 1044 τοὺς
3181 979 3496 1042 ἀκούοντας,
3526 977 3602 1040 ὡς
3629 973 3726 1028 τοῦ
3760 975 3906 1027 Ἀπο-

2353 1073 2537 1126 στόλου
2583 1073 2739 1126 τοῦτο
2779 1072 3090 1144 δηλοῦντος,
3135 1072 3228 1125 καὶ
3267 1070 3370 1123 ύπὸ
3401 1069 3720 1138 Πνεύματος
3762 1064 3909 1119 ἀκού-

2352 1182 2561 1228 σαντες.
2604 1163 2790 1218 Ταῦτα
2831 1164 3008 1217 τοίνυν
3059 1161 3242 1233 μαθὼν
3272 1163 3300 1215 0
3356 1157 3675 1220 Ἀπόστολος
3723 1156 3908 1228 γράφει

2350 1257 2448 1328 τὴν
2479 1256 2813 1328 Ἐπιστολὴν.
2866 1256 2975 1308 Kal.
3031 1253 3248 1326 πρῶτον
3305 1252 3402 1324 μὲν
3451 1249 3778 1320 ἀποδέχεται
3827 1247 3908 1319 τὴν

2355 1351 2534 1402 πίστιν
2567 1347 2746 1401 αὐτῶν
2783 1346 3115 1412 αύξάνουσαν
3138 1385 3152 1411 ,
3191 1345 3288 1398 καὶ
3325 1345 3406 1397 ὅτι
3439 1343 3497 1395 ἐν
3541 1344 3727 1404 αὐτοῖς
3766 1343 3909 1394 ἐκαυο

2351 1444 2506 1512 χᾶτο,
2534 1441 2632 1504 τὰς
2665 1440 2871 1510 θλίψεις
2903 1437 3165 1508 γενναίως
3198 1437 3529 1509 ύποερέρουσι
3557 1435 3646 1488 διὰ
3676 1433 3768 1487 τὸν
3796 1435 3911 1507 Χρι-

2356 1535 2512 1588 στόν·
2557 1535 2650 1588 καὶ
2695 1531 3100 1604 παραμυθεῖται
3143 1531 3200 1584 δὲ
3245 1531 3475 1593 αὐτοὺς,
3531 1529 3607 1591 ὼς
3661 1527 3910 1598 ἐσομένης

2353 1626 2595 1689 ἐκδικίας
2623 1624 2771 1697 παρὰ
2801 1623 2894 1678 τοῦ
2914 1623 3045 1676 Θεοῦ
3072 1620 3212 1675 κατὰ
3231 1620 3336 1674 τῶν
3365 1619 3717 1673 ἀδικούντων·
3739 1617 3910 1670 ἔπειτα

2352 1716 2407 1769 δὲ
2456 1717 2705 1786 καὶπερὶ
2747 1715 2846 1786 τῆς
2886 1713 3182 1785 παρουσίας
3229 1710 3322 1764 τοῦ
3365 1710 3618 1780 Σωτῆρος
3666 1708 3908 1770 διδάσκει,

2360 1809 2546 1878 μηδενὶ
2574 1807 2770 1870 αὐτοὺς
2805 1804 3120 1868 πείθεσθαι,
3156 1803 3290 1874 μηδὲ
3324 1801 3625 1872 θροεῖσθαι,
3663 1800 3797 1870 μήτε
3835 1797 3913 1850 διά

2356 1899 2690 1971 Πνεύματος,
2731 1899 2869 1969 μήτε
2907 1897 2982 1962 ὠς
3019 1895 3182 1950 αὐτοῦ
3231 1895 3570 1966 γράψαντος,
3608 1889 3744 1960 μηδὲ
3790 1888 3913 1952 ὅλως

2353 1992 2594 2062 νομίζειν
2624 1991 2724 2062 ῆδη
2751 1991 3001 2061 παρεῖναι
3033 1987 3221 2058 αὐτὴν,
3258 1985 3388 2057 μηδὲ
3420 1984 3684 2055 πρότερον
3712 1979 3913 2034 ἔσεσθαι

2352 2083 2588 2155 ταύτην,
2633 2081 2728 2135 ἐὰν
2781 2081 2854 2152 μὴ
2899 2083 2933 2151 ἡ
2975 2079 3279 2133 ἀποστασία
3327 2078 3590 2150 πρότερον
3637 2074 3793 2144 ἔλθῃ,
3829 2072 3916 2126 καὶ

2426 2177 2474 2207 ...ν
2545 2175 2556 2191 ν
2610 2173 2621 2192 ε
2755 2176 2767 2195 ν
3097 2191 3119 2204 ρ
3272 2159 3351 2204 α’,
3428 2173 3490 2202 -ρ
3545 2170 3556 2182 ·
3698 2185 3714 2198 ρ
3787 2184 3808 2197 ρ
3887 2159 3912 2200 .v

2357 2193 2452 2247 με..
2501 2191 2668 2247 αυτην
2697 2176 2725 2228 0
2769 2173 3192 2246 Av1lxptc10,,0
3236 2171 3347 2234 υιὸ,
3389 2188 3487 2241 τηε,
3534 2168 3828 2231 ἀπωλείας,
3861 2183 3915 2219 ου

2352 2267 2450 2338 τὴν
2484 2266 2784 2338 παρουσίαν
2824 2266 2882 2318 ἐν
2911 2264 3156 2334 σημείοις
3184 2261 3278 2316 καί⁵
3315 2261 3504 2333 τέρασι
3547 2259 3774 2330 ψεύδους
3806 2259 3916 2312 κατ’

2355 2358 2636 2430 ἐνέργειαν
2661 2355 2754 2411 τοῦ
2782 2357 2998 2410 Σατανᾶ
3025 2353 3245 2409 ἔσεσθαι
3272 2353 3547 2424 σημαίνει.
3574 2347 3709 2404 Εἶτα
3731 2367 3918 2422 παραι-

2355 2449 2517 2513 νέσας
2571 2448 2754 2512 αὐτοῖς
2802 2448 3022 2518 στήκειν
3055 2446 3343 2515 γενναίως,
3406 2444 3500 2499 καὶ
3557 2446 3778 2514 κρατεῖν
3827 2441 3918 2504 τὰς

2356 2539 2703 2612 παραδόσεις,
2731 2539 2807 2604 ὡς
2845 2537 3198 2610 ἐδιδάχθησαν
3228 2539 3355 2609 παρ’
3388 2535 3575 2602 αὑτοῦ,
3611 2533 3917 2606 παραγγέλ-

2354 2633 2437 2686 λει
2483 2633 2752 2704 μηδεμίαν
2796 2632 3082 2686 κοινωνίαν
3122 2630 3264 2702 ἔχειν
3312 2629 3449 2700 μετὰ
3501 2629 3611 2682 τῶν
3653 2629 3917 2688 ἀτάκτων,

2354 2725 2491 2779 ἀλλά
2514 2726 2608 2779 καὶ
2641 2723 2965 2779 ἀποϐάλλειν
2996 2723 3209 2788 αύτούς.
3243 2718 3395 2776 Εἶναι
3436 2721 3545 2792 γάρ
3569 2721 3666 2774 καὶ
3703 2720 3920 2790 περιέρ-

2353 2834 2482 2887 γους
2512 2817 2605 2870 καὶ
2639 2816 2873 2880 πλάνους
2890 2816 3126 2887 ἐδήλωσε
3153 2816 3280 2878 τοὺς
3319 2812 3616 2878 τοιούτους.
3651 2814 3762 2866 Καὶ
3795 2810 3922 2863 καθ-

2353 2909 2477 2963 όλου
2507 2908 2564 2961 δὲ
2599 2909 2935 2981 παρήγγειλε
2963 2907 3054 2961 τὸν
3119 2907 3194 2978 μὴ
3228 2904 3572 2959 ὑπακούοντα
3603 2907 3716 2967 τοῖς
3746 2903 3921 2971 λόγοις

2354 3003 2541 3067 αὐτοῦ,
2574 3002 2762 3056 τοῦτον
2812 3001 3234 3069 ἀποσυνάγωγον
3277 2998 3542 3068 γίνεσθαι.
3583 2998 3693 3051 Kal.
3741 2995 3924 3048 λοιπὸν

2355 3095 2730 3166 ὑπευξάμενος
2759 3093 2942 3156 αὐτοῖς
2967 3093 3214 3165 εἰρήνην,
3243 3091 3439 3144 τελειοῖ
3467 3091 3566 3161 τὴν
3584 3089 3922 3159 Ἐπιπολῆν,

679 3201 844 3239 manu
875 3184 1100 3253 scripta,
1139 3181 1282 3252 quod
1313 3180 1579 3252 cujusque
1606 3178 1862 3250 Epistolas
1888 3193 2001 3235 sua:
2032 3179 2247 3251 signum

2354 3190 2444 3245 τὸν
2473 3187 2760 3258 ἀσπασμὸν
2795 3189 2862 3258 τῇ
2914 3185 3019 3257 ἰδίᾳ
3060 3179 3203 3256 χειρὶ
3229 3183 3462 3256 γράψας,
3517 3185 3654 3254 ὅπερ
3703 3185 3926 3255 σημεῖον

679 3291 801 3333 csse
833 3275 1059 3330 indicat.

1137 3405 1372 3473 Decima,
1399 3378 1468 3460 ad
1501 3403 1775 3459 Hebraeos.

746 3521 834 3577 68.
865 3520 1016 3576 lianc
1047 3521 1215 3575 mittit
1237 3537 1304 3576 cx
1333 3519 1504 3574 Italia.
1526 3518 1756 3575 Occasio
1785 3527 1965 3575 autem
1995 3509 2252 3590 Epistola:

677 3615 800 3669 talis
838 3622 922 3669 est
955 3631 967 3666 :
1001 3611 1265 3679 Quoniam
1305 3613 1476 3667 Judaei
1522 3613 1625 3682 legi
1653 3621 1706 3668 et
1738 3615 1946 3668 umbris
1985 3613 2134 3669 illius
2163 3613 2250 3668 in-

677 3705 1038 3768 cumbebant,
1105 3705 1174 3759 ob
1225 3719 1343 3758 eam
1395 3718 1616 3758 causam
1681 3702 1882 3758 Paulus
1947 3706 2248 3774 apostolus,

676 3795 866 3851 doctor
896 3796 1133 3867 gentium
1165 3794 1340 3850 factus
1365 3802 1418 3847 et
1441 3795 1507 3847 ad
1531 3803 1716 3865 gentes
1746 3796 1967 3862 missus,
1995 3809 2052 3850 ut
2077 3796 2254 3851 Evan-

677 3891 876 3962 gelium
939 3891 1047 3945 illis
1101 3888 1442 3959 praedicaret,
1502 3903 1627 3942 cum
1683 3888 1939 3942 omnibus
1997 3890 2251 3958 gentibus

677 3982 1016 4051 scripsisset,
1051 3980 1164 4050 jam
1207 3979 1466 4048 deinceps
1506 3979 1761 4033 omnibus
1791 3980 1952 4032 etiam
1985 3979 2248 4047 Hebraeis,

677 4071 772 4142 qui
801 4086 870 4126 ex
899 4070 1322 4124 circumcisione
1354 4068 1720 4133 crediderant,
1765 4067 2068 4140 Epistolam
2111 4071 2251 4126 hanc

678 4161 874 4217 scribit
903 4160 1361 4216 declarationibus
1381 4169 1436 4216 et
1463 4161 1879 4232 probationibus
1902 4162 2247 4229 instructam,

679 4252 750 4308 de
787 4253 993 4308 Christi
1041 4253 1299 4316 adventu,
1328 4262 1384 4308 et
1411 4253 1556 4324 quod
1599 4254 1735 4326 legis
1780 4255 1972 4310 umbra
2006 4257 2247 4312 desierit.

678 4340 746 4396 Et
776 4341 1048 4411 principio
1098 4342 1342 4397 declarat
1388 4343 1682 4414 prophetas
1720 4345 1841 4401 ideo
1871 4360 1991 4401 esse
2027 4349 2248 4413 missos,

681 4441 743 4486 ut
769 4431 838 4487 de
861 4429 1144 4487 Salvatore
1184 4434 1632 4504 praenuntiarent,
1664 4442 1718 4492 et
1747 4444 1805 4490 ut
1831 4445 1956 4507 post
1985 4438 2106 4492 illos
2137 4439 2252 4508 ipse

2355 3276 2490 3335 εἶναι
2526 3279 2704 3348 πάσης
2721 3277 3038 3347 Ἐπιστολῆς
3064 3275 3269 3339 οἰκείας
3287 3274 3610 3345 δεδήλωκεν.

2739 3411 2984 3481 Δεκάτῃ,
3023 3411 3172 3481 πρὸς
3212 3407 3536 3479 Ἐϐραίους.

2423 3529 2514 3586 68.
2553 3527 2770 3600 Ταύτην
2797 3526 3114 3582 ἀποστέλλει
3160 3526 3267 3580 ἀπὸ
3314 3526 3567 3591 Ἰταλίας.
3611 3526 3675 3580 Ἥ
3703 3526 3759 3579 δὲ
3791 3526 3929 3597 πρό-

2355 3640 2517 3693 φασις
2546 3625 2645 3692 τῆς
2681 3620 2999 3691 Ἐπιστολῆς
3044 3617 3219 3690 αῦτη·
3287 3619 3502 3693 Ἐπειδὴ
3553 3620 3793 3672 Ἰουδαῖοι
3847 3621 3936 3670 ἐν-

2357 3716 2568 3769 ίσταντο
2626 3713 2784 3785 ἐντῷ
2831 3715 2981 3785 νόμῳ
3009 3715 3102 3766 καὶ
3151 3715 3268 3776 ταῖς
3303 3715 3512 3775 σκιαῖς,
3544 3711 3636 3764 διά
3688 3711 3851 3764 τοῦτο
3907 3713 3935 3761 0

2353 3810 2648 3871 ἀπόστολος
2679 3807 2909 3872 Παῦλος,
2939 3806 3255 3868 διδάσκαλος
3285 3805 3454 3860 ἐθνῶν
3482 3805 3793 3875 γενόμενος,
3839 3804 3940 3857 καὶ

2353 3904 2433 3966 εἰς
2462 3902 2530 3955 τά
2581 3901 2707 3970 ἔθνη
2739 3899 3061 3962 ἀποσταλεὶς
3118 3899 3407 3970 κηρύττειν
3463 3899 3524 3951 10
3573 3899 3936 3967 Εύαγγέλιον.

2353 3993 2568 4063 γράψας
2593 4009 2650 4045 τε
2682 3994 2814 4046 πᾶσι
2863 3994 2974 4054 τοῖς
3008 3991 3205 4056 ἔθνεσι,
3230 3991 3428 4064 γράφει
3456 3991 3642 4044 λοιπὸν
3669 3993 3761 4044 καὶ
3796 3992 3942 4044 πᾶσι

2351 4089 2463 4150 τοῖς
2487 4087 2552 4139 ὲκ
2583 4083 2886 4155 περιτομῆς
2927 4083 3282 4137 πιστεύσασιν
3313 4084 3586 4156 Ἑϐραίοις
3619 4083 3943 4137 ἀποδεικτι-

2351 4177 2454 4250 κὴν
2479 4175 2680 4246 ταύτην
2695 4174 3012 4247 Ἐπιστολὴν
3045 4176 3174 4247 περὶ
3207 4175 3307 4246 τῆς
3338 4175 3432 4228 τοῦ
3461 4175 3698 4247 Χριστοῦ
3724 4193 3949 4248 παρου-

2355 4267 2499 4330 σίας,
2527 4265 2620 4320 καὶ
2651 4263 2744 4318 τοῦ
2792 4264 3103 4318 πεπαῦσθαι
3134 4264 3231 4336 τὴν
3281 4264 3442 4318 σκιὰν
3469 4265 3564 4319 τοῦ
3599 4267 3788 4338 νόμου.
3827 4269 3948 4320 Καὶ

2353 4358 2567 4430 πρῶτον
2598 4357 2696 4428 μὲν
2746 4357 3089 4411 ἀποδείκνυσι
3132 4359 3258 4422 τοὺς
3301 4358 3587 4430 προφήτας
3641 4358 3728 4412 διὰ
3773 4359 3955 4412 τοῦτο

2353 4449 2710 4516 ἀπεστάλθαι,
2735 4451 2821 4504 ἵνα
2848 4451 2976 4522 περὶ
3012 4449 3104 4504 τοῦ
3127 4449 3379 4521 Σωτῆρος
3402 4450 3813 4519 ἀπαγγείλωσι,
3850 4453 3956 4505 καὶ

683 4522 936 4580 Salvator
973 4527 1187 4582 veniret
1222 4545 1236 4582 :
1275 4543 1463 4584 servos
1498 4544 1620 4586 esse
1649 4531 1980 4602 pr0pbetas,
2013 4541 2068 4588 et
2110 4549 2250 4587 nun-

2356 4540 2471 4612 μετ’
2503 4541 2698 4604 αὐτοὺς
2727 4541 2887 4604 αὐτὸς
2925 4539 3083 4612 ἔλθῃ·
3117 4539 3336 4603 δούλους
3365 4557 3423 4592 τε
3459 4535 3598 4594 εἶναι
3637 4541 3767 4606 τοὺς
3804 4561 3959 4613 προ-

679 4619 787 4674 tios
815 4619 1082 4676 adventus
1113 4619 1310 4690 ipsius.
1356 4621 1539 4694 Ipsum
1568 4637 1698 4679 vero
1743 4624 2021 4680 Christum
2055 4624 2250 4680 Filium

677 4726 804 4767 esse
831 4711 946 4779 Dei,
984 4728 1080 4783 per
1105 4729 1268 4784 quem
1294 4718 1475 4770 omnia
1508 4714 1647 4771 facta
1677 4716 1809 4772 sint.
1842 4716 1905 4769 Et
1931 4717 2077 4786 quod
2105 4717 2253 4774 hunc

679 4803 879 4858 Filium
926 4805 1200 4861 incarnari
1244 4807 1633 4880 hominemque
1677 4808 1791 4864 fieri
1832 4810 2158 4878 oportuerit,
2191 4818 2249 4865 ut

675 4895 779 4964 'per
808 4896 1056 4966 corporis
1097 4898 1182 4951 sui
1223 4898 1653 4955 immolationem
1688 4916 1798 4954 mor
1813 4908 1919 4955 tem
1960 4901 2200 4957 aboleret
2233 4920 2247 4956 :

680 4999 857 5056 neque
899 4988 1044 5043 enim
1103 5003 1199 5059 per
1244 4991 1561 5060 sanguinem
1603 4991 1758 5046 vituli
1809 4999 1903 5046 aut
1953 4991 2112 5060 hirci,
2156 4993 2252 5049 sed

683 5091 780 5145 per
837 5079 1159 5150 sanguinem
1205 5080 1410 5136 Christi
1462 5081 1579 5137 fore
1626 5081 1950 5137 mortalibus
1994 5083 2249 5141 salutem.

681 5169 932 5226 Ostendit
952 5172 1136 5236 etiam,
1160 5171 1305 5242 quod
1337 5173 1419 5227 lex
1452 5173 1722 5228 neminem
1746 5173 2044 5244 perfectum
2070 5177 2252 5232 reddi-

683 5261 841 5327 derit,
867 5263 961 5318 sed
997 5264 1243 5319 umbram
1265 5263 1518 5318 habuerit
1552 5263 1856 5320 futurorum
1885 5265 2041 5337 152
2073 5267 2250 5324 bono-

684 5365 827 5418 rum,
858 5353 1087 5422 etquod
1116 5354 1354 5424 populus
1401 5355 1643 5424 requiem
1687 5369 1787 5424 per
1819 5355 1965 5410 illam
2006 5373 2115 5412 non
2160 5359 2248 5413 inc

685 5442 930 5506 venerit,
961 5443 1056 5496 sed
1087 5443 1395 5497 communis
1428 5443 1586 5499 nobis
1617 5445 1870 5500 omnibus
1910 5447 2250 5518 relinquatur

685 5532 881 5600 quietis
944 5532 1086 5586 dies.
1157 5531 1288 5586 ltem
1371 5531 1612 5588 declarat
1695 5535 2035 5589 sacerdotale
2117 5537 2250 5592 illud

685 5623 883 5678 summi
946 5624 1246 5678 sacerdotis
1311 5640 1510 5680 munus
1577 5627 1646 5680 ab
1701 5627 1918 5682 Aarone
1971 5627 2039 5682 ad
2090 5627 2251 5684 Chri-

685 5714 1169 5768 stumtranslatum
1189 5730 1332 5780 esse,
1361 5715 1518 5784 cujus
1548 5723 1708 5787 typus
1741 5716 1841 5772 fuit
1872 5720 2247 5787 Melchisedec,

682 5817 792 5857 non
845 5821 908 5858 ex
956 5803 1085 5860 Levi
1139 5819 1292 5864 ortus
1350 5827 1364 5864 :
1419 5816 1472 5862 et
1528 5809 1672 5878 quod
1725 5816 1908 5878 patres
1957 5811 2061 5869 ﬁde
2115 5815 2245 5882 sint,

2354 4632 2560 4703 φήτας,
2609 4634 2704 4686 καὶ
2740 4632 2985 4704 μηνυτὰς
3037 4631 3136 4702 τῆς
3169 4631 3335 4684 αὐτοῦ
3380 4631 3716 4704 παρουσίαςο
3771 4634 3961 4685 αὐτὸν

2351 4721 2408 4775 δὲ
2433 4717 2523 4775 10v
2553 4723 2784 4795 Χριστὸν
2813 4724 2939 4777 Υίὸν
2969 4719 3105 4775 εῖναι
3143 4721 3238 4774 τοῦ
3269 4722 3428 4790 Θεοῦ,
3461 4723 3528 4776 δι’
3557 4718 3618 4778 οὗ
3645 4725 3710 4778 τά
3754 4726 3965 4778 πάντα

2351 4811 2578 4880 γέγονε·
2627 4813 2724 4865 καὶ
2772 4813 2854 4866 ὅτι
2909 4811 3097 4865 τοῦτον
3145 4810 3235 4866 τὸν
3297 4809 3425 4866 Υἱὸν
3483 4812 3589 4866 ἔδει
3639 4813 3966 4885 ἄνθρωπον

2352 4902 2603 4971 γενέσθαι
2661 4902 3047 4976 σαρκωθὲντα,
3102 4902 3190 4956 ἵνα
3241 4901 3330 4956 διὰ
3375 4902 3476 4972 τῆς
3527 4901 3621 4957 τοῦ
3676 4903 3969 4975 σώματος

2351 4992 2517 5047 αὐτοῦ
2567 4993 2756 5058 θυσίας
2805 4994 3128 5066 καταργήσῃ
3162 4993 3253 5046 τὸν
3308 4992 3568 5047 θάνατον·
3605 4993 3665 5046 ού
3719 4994 3858 5067 γὰρ
3895 4996 3970 5048 δι’

2352 5087 2582 5159 αἵματος
2631 5087 2832 5159 μόσχου
2877 5083 2911 5158 ἢ
2968 5087 3208 5158 τράγου,
3263 5084 3399 5139 ἀλλὰ
3453 5085 3521 5139 δι’
3569 5087 3823 5156 αἵματος
3864 5087 3972 5142 τοῦ

2351 5176 2586 5248 Χριστοῦ
2655 5175 2874 5229 ἔσεσθαι
2926 5175 3025 5248 τὴν
3070 5175 3344 5248 σωτηρίαν
3405 5177 3521 5239 τοῖς
3593 5175 3973 5248 ἀνθρώποις.

2363 5268 2734 5322 Ἀποδείκνυσι
2760 5268 2835 5332 δὲ,
2867 5269 2947 5321 ὅτι
2970 5271 2998 5321 0
3027 5268 3186 5340 νόμος
3212 5266 3401 5321 ούδένα
3432 5267 3784 5334 ἐτελείωσεν,
3817 5271 3980 5324 ἀλλὰ

2353 5359 2510 5412 σκιὰν
2545 5355 2655 5429 εἶχε
2696 5359 2804 5412 τῶν
2852 5359 3150 5430 μελλόντων
3187 5358 3436 5428 ἀγαθῶν,
3496 5360 3590 5412 καὶ
3635 5359 3695 5412 ού
3776 5364 3981 5416 κα.τέ-

2353 5469 2557 5506 παυσεν
2588 5453 2616 5505 0
2649 5453 2796 5517 λαὸς,
2832 5452 2968 5505 ἀλλά
3007 5455 3159 5524 κοινῇ
3207 5453 3372 5505 πᾶσιν
3401 5455 3534 5524 ἡμῖν
3567 5453 3985 5512 ἀπολείπεται

2351 5545 2384 5614 ὴ
2415 5543 2593 5614 ἡμέρα
2637 5543 2736 5614 τῆς
2778 5542 3192 5606 καταπαύσεως.
3229 5542 3394 5596 Πάλιν
3424 5543 3482 5596 δέ
3523 5542 3986 5610 ἀποδείκνυσιν,

2349 5633 2488 5702 ὅτιὴ
2519 5633 2874 5705 ἀρχιερατικὴ
2904 5634 3212 5703 λειτουργία
3243 5632 3442 5704 μετέοη
3471 5633 3579 5686 ἀπὸ
3609 5635 3861 5706 Ἀαρὼν
3895 5645 3990 5706 εἰς

2349 5723 2440 5776 τὸν
2483 5725 2736 5795 Χριστὸν,
2765 5717 2826 5777 οῦ
2847 5725 3014 5789 τύπος
3040 5720 3107 5796 ἦν
3142 5727 3170 5777 ὁ
3225 5725 3580 5795 Μελχισεδὲκ,
3611 5727 3717 5779 ούκ
3763 5729 3865 5786 ὣν
3921 5739 3997 5786 ἐκ

2349 5814 2442 5868 τςῦ
2503 5817 2665 5869 Λευῖ·
2713 5817 2891 5870 πίστει
2950 5835 3007 5870 τε
3069 5815 3443 5870 δεδικαιῶσθαι
3491 5820 3617 5883 τοὺς
3680 5826 3998 5899 πατέρας
