4066 6388
512 339 610 395 627

505 563 575 604 ne
602 548 729 620 quis
763 563 829 602 ex
862 545 956 602 illo
992 545 1310 602 seducatur.
1342 544 1642 618 Postquam
1674 554 1857 602 autem
1891 545 1957 601 ad
1985 562 2100 601 mo-

506 655 628 696 rum
667 639 1070 697 institutionem
1103 631 1174 694 'et
1225 637 1492 693 doctrime
1527 637 1874 694 severitatem
1912 640 2098 694 multis

505 733 660 790 illum
701 733 1026 788 adhortatus
1063 739 1171 796 est,
1213 747 1280 787 ac
1323 730 1653 804 signiﬁcavit
1689 743 1903 802 tempus
1947 747 2098 788 reso-

506 825 736 881 lutionis
769 838 884 880 suae
914 823 1029 894 jam
1073 823 1384 884 imminere.
1418 835 1477 878 ut
1512 838 1612 894 pro
1643 823 1868 879 Christo
1901 823 2098 877 immo-

424 917 430 926 “
503 918 668 983 letur,
719 916 972 989 praecipit
1019 917 1093 981 ei,
1169 916 1327 988 153
1376 925 1437 972 ut
1481 917 1550 972 ad
1607 931 1667 972 se
1724 919 1834 971 cito
1889 917 2094 981 veniat,

503 1009 742 1067 aﬁ'erens
817 1025 1006 1066 secum
1070 1010 1328 1080 penulam
1392 1024 1548 1065 suam
1599 1019 1653 1064 et
1719 1009 1908 1064 libros.
1968 1007 2100 1063 ilor-

501 1109 652 1158 tatur
706 1103 894 1168 etiam,
950 1111 1007 1158 ut
1048 1101 1419 1158 Alexandrum
1467 1105 1722 1158 atrarium
1767 1109 1977 1165 caveat,
2034 1108 2096 1155 ut

501 1194 598 1266 qui
651 1209 712 1250 se
761 1194 954 1251 multis
1007 1193 1173 1249 malis
1221 1191 1483 1260 aﬁecerit,
1545 1202 1710 1265 atque
1763 1193 1838 1248 ita
1889 1191 2094 1248 claudit

501 1287 827 1360 Fipistoiam.

889 1401 1108 1457 Decima
1147 1404 1344 1467 tertia,
1381 1401 1451 1456 ad
1489 1401 1696 1456 Titum.

573 1514 664 1572 7i.
697 1513 854 1571 Hanc
878 1515 1030 1571 misit
1052 1514 1303 1587 Nicopoli
1333 1535 1346 1570 :
1375 1530 1500 1569 nam
1527 1513 1600 1570 ibi
1631 1513 1965 1571 hibernavit.
1995 1513 2092 1572 Est

1701 341 1758 395 S.
1803 337 2266 395 ATHANASIUS.
2308 371 2378 381 —
2412 328 2642 396 DUBIX.

505 463 590 522 ut,
621 456 728 512 ista
757 454 1086 526 praevidens,
1107 453 1368 524 populum
1393 453 1708 508 credentem
1736 455 2080 509 communiat

2204 452 2403 521 μᾶλλον
2439 453 2472 525 ἢ
2506 453 2744 522 φιλόθεοι
2772 468 2784 482 ’

3686 345 3784 402 428

2823 453 3200 526 προϐλέποντα
3243 455 3301 510 δὲ
3330 455 3526 522 ταῦτα,
3557 455 3785 526 ἀσφαλί-

2203 545 2393 610 ζεσθαι
2420 546 2551 609 τοὺς
2595 547 2780 610 λαοὺς,
2821 547 2893 618 μή
2930 564 3013 610 τις
3043 547 3103 612 ἐξ
3148 547 3326 602 αὐτῶν
3363 549 3648 622 ana—mou.
3680 550 3788 606 Kal.

2203 641 2283 702 εἰς
2306 637 2374 692 τὰ
2399 637 2502 710 ἤθη
2528 638 2584 691 δὲ
2613 639 2710 692 καὶ
2742 639 2822 701 εἰς
2856 638 2956 710 τὴν
2995 641 3096 710 τῆς
3124 637 3474 704 διδασκαλίας
3501 640 3787 714 ἀκρίϐειαν

2201 731 2372 784 πολλὰ
2394 730 2846 802 προτρεψάμενος
2867 729 3052 795 αὐτὸν,
3081 731 3176 785 καὶ
3202 731 3452 803 σημάνας
3479 732 3572 786 τὸν
3599 732 3788 804 καιρὸν

2199 821 2385 876 λοιπὸν
2423 824 2523 894 τῆς
2556 823 2871 886 ἀναλύσεως
2903 823 3066 876 αὐτοῦ
3097 825 3398 888 ἐνεστάναι,
3435 823 3529 878 κα)⁸
3576 823 3786 896 μέλλειν

2199 917 2521 972 σπένδεσθαι
2569 919 2664 970 καὶ
2698 919 3031 990 μαρτυρεῖν,
3078 916 3386 971 ἐνετείλατο
3416 915 3569 986 αὐτῷ
3614 915 3786 971 ἐλθεῖν

2198 1007 2334 1080 πρὸς
2366 1008 2528 1062 αὑτὸν
2583 1009 2816 1080 ταχέως,
2853 1006 3150 1079 κομίζοντα
3181 1009 3274 1062 τὸν
3321 1008 3554 1079 φελόνην
3591 1009 3688 1064 καὶ⁵
3719 1008 3787 1066 τέε

2197 1099 2400 1173 βιϐλία.
2442 1099 2727 1172 Παρῄνεσε
2776 1100 2833 1152 δὲ
2877 1099 3028 1170 αὐτῷ
3064 1100 3410 1172 Ἀλέξανδρον
3454 1104 3548 1156 τδν
3582 1101 3789 1174 χαλκέα

2197 1192 2586 1262 φυλάττεσθαι,
2622 1191 2696 1256 ὡς
2752 1190 2922 1245 πολλὰ
2970 1193 3119 1246 κακὰ
3174 1193 3553 1265 ἐνδειξάμενον
3597 1193 3784 1266 αὐτῷν

2193 1285 2288 1339 καὶ
2315 1285 2456 1340 οὕτω
2487 1286 2689 1338 τελειοῖ
2715 1283 2817 1355 τὴν
2847 1285 3158 1358 ἐπιστολήν.

2551 1399 3031 1470 Τρισκιιιδεκάτη,
3073 1401 3222 1469 πρὸς
3265 1401 3452 1456 Τῖτον.

2262 1513 2350 1568 7i.
2381 1511 2598 1584 Ταύτην
2623 1512 2926 1568 ἐπιστέλλει
2969 1513 3078 1568 ἀπὸ
3103 1514 3484 1579 Νικοπόλεως·
3518 1514 3638 1569 ἐκεῖ
3673 1513 3775 1587 γὰρ

501 1615 687 1664 autem
725 1607 986 1679 Epistolae
1032 1609 1256 1664 occasio
1299 1609 1447 1664 talis.
1490 1606 1552 1663 ln
1594 1608 1758 1664 Creta
1789 1608 2080 1679 reliquerat

2189 1603 2620 1675 παρεχείμασεν.
2664 1602 2729 1656 Ἦ
2760 1601 2817 1654 δέ
2845 1603 3121 1674 πρόφασις
3147 1603 3251 1674 τῆς
3274 1603 3568 1676 ἐπιστολῆς
3601 1603 3773 1676 αὕτη⁹

501 1699 686 1756 Titum
705 1741 721 1764 ,
766 1709 826 1757 ut
858 1703 1092 1760 clericos
1117 1718 1216 1774 per
1245 1702 1500 1759 civitates
1527 1702 1916 1760 constitueret.
1948 1702 2080 1758 Cum

2189 1695 2285 1759 Εἰς
2318 1694 2416 1766 μὲν
2435 1693 2533 1766 τὴν
2559 1695 2785 1766 Κρήτην
2829 1693 3064 1747 ἀπέλιπε
3089 1693 3180 1748 τὸν
3226 1695 3404 1761 Τῖτον,
3463 1696 3554 1750 ἵνα
3610 1713 3776 1751 κατα-

501 1801 686 1848 autem
722 1792 836 1848 illic
869 1793 1028 1848 multi
1054 1793 1192 1866 legis
1227 1801 1491 1866 praetextu
1515 1835 1531 1852 .
1565 1796 1830 1866 populum
1860 1796 2080 1852 creden-

2191 1789 2364 1860 στήσῃ
2391 1788 2532 1844 κατά
2559 1787 2744 1851 πόλεις
2772 1786 3066 1860 κληρικούς
3084 1805 3097 1818 ·
3129 1787 3336 1843 πολλῶν
3358 1790 3416 1844 δέ
3449 1789 3622 1844 ὄντων
3666 1791 3780 1844 ἐκεῖ

501 1891 610 1938 tem
635 1882 944 1940 subducere
974 1855 1331 1950 conarentur,
1359 1885 1415 1940 id
1445 1887 1537 1940 ubi
1565 1855 1826 1958 cognovit
1851 1887 2080 1958 Aposto-

2189 1879 2298 1933 τῶν
2320 1880 2744 1952 ἐπιχειρούντων
2770 1878 3044 1947 προφάσει
3074 1879 3169 1934 τοῦ
3196 1881 3361 1953 νόμου
3403 1883 3623 1954 ἀπατᾷν
3650 1883 3772 1946 τοὺς

499 1977 607 2039 ius,
635 1973 932 2046 Epistolam
956 1975 1197 2046 scripsit.
1223 1975 1290 2030 Et
1312 1977 1582 2048 principio
1601 1979 1796 2050 gratiis
1817 1981 1956 2035 actis
1979 1979 2088 2035 Deo

498 2069 725 2136 propter
751 2063 928 2136 ipsius
952 2066 1212 2136 pietatem
1235 2104 1253 2132 ,
1285 2067 1495 2124 indicat
1525 2068 1687 2126 tidem
1718 2069 1775 2124 in
1801 2071 2086 2127 Christum

499 2173 610 2214 non
638 2173 764 2214 esse
797 2166 1075 2214 recentem
1101 2199 1117 2226 ,
1151 2161 1248 2216 sed
1281 2175 1313 2215 a
1339 2161 1545 2218 saeculo
1577 2173 1938 2233 prmparatam
1969 2171 2024 2220 et
2053 2180 2086 2219 a

495 2247 611 2305 Deo
637 2248 994 2320 promissam.
1041 2249 1250 2308 Deinde
1295 2251 1366 2308 de
1413 2255 1822 2312 constituendis
1867 2256 2087 2312 clericis

495 2341 691 2410 docet,
721 2342 1002 2413 quomodo
1032 2343 1110 2398 illi
1142 2347 1466 2402 conversari
1495 2355 1550 2402 et
1580 2349 1772 2418 quales
1815 2363 1940 2404 esse
1983 2349 2082 2404 de-

496 2437 682 2495 beant.
725 2436 985 2508 Praecipit
1023 2439 1192 2493 etiam
1245 2439 1361 2505 illi,
1415 2449 1476 2495 ut
1520 2441 1766 2512 increpet
1810 2458 1938 2508 eos,
1988 2443 2082 2514 qui

498 2541 648 2584 sanat
681 2527 805 2584 ﬁdei
839 2529 1286 2586 contradicerent
1306 2569 1324 2594 ,
1352 2531 1592 2588 maxime
1623 2548 1721 2590 eos
1741 2573 1757 2598 ,
1793 2534 1884 2604 qui
1923 2542 2082 2590 erant

497 2634 568 2674 ex
594 2618 1018 2676 circumcisione
1046 2637 1062 2674 :
1091 2619 1342 2691 sciatque
1369 2619 1665 2679 Cretenses
1696 2637 1820 2679 esse
1844 2623 2077 2689 otiosos,

497 2717 556 2765 et
581 2724 722 2781 opus
751 2710 955 2774 habere
984 2711 1384 2782 increpatione.
1439 2712 1505 2768 Et
1550 2722 1846 2786 postquam
1890 2717 2080 2772 docuit

499 2801 680 2858 omnis
709 2801 926 2874 generis
953 2818 1114 2861 escas
1145 2819 1271 2861 esse
1301 2805 1536 2860 mundas
1567 2807 1822 2873 mundis,
1853 2815 1907 2863 et
1937 2824 2078 2879 qua-

499 2891 580 2948 les
607 2907 733 2950 esse
764 2893 1000 2950 debeant
1033 2910 1174 2950 anus
1194 2935 1210 2960 ,
1238 2911 1472 2966 quarum
1503 2907 1590 2953 est
1628 2897 1866 2954 oliicium
1911 2902 2080 2958 casti-

495 2995 628 3054 gare
656 2982 1100 3042 adolescentulas
1121 3025 1136 3050 ,
1170 2985 1428 3041 admonet
1447 3026 1462 3049 ,
1491 2989 1769 3058 quomodo
1800 2989 1947 3046 servi
1973 2991 2076 3047 do-

498 3070 664 3128 minis
695 3073 813 3130 suis
844 3075 1045 3146 subjici
1071 3076 1323 3131 debeant.
1355 3075 1600 3149 Denique
1629 3080 1723 3136 ubi
1752 3081 2073 3150 admonuit,

497 3165 644 3234 quod
677 3166 858 3236 gratia
903 3165 1206 3224 Salvatoris
1253 3184 1362 3224 non
1405 3185 1473 3224 ex
1512 3173 1773 3242 operibus
1813 3190 1918 3230 nos
1950 3175 2074 3246 jus-

495 3257 792 3313 tilicaverit
822 3299 838 3326 ,
872 3259 970 3315 sed
1016 3275 1086 3316 ex
1127 3261 1314 3346 divina
1359 3264 1730 3336 benignitate,
1781 3267 2074 3323 denuntia-
2103 3257 2146 3285 “

497 3348 722 3419 vitque,
772 3357 835 3406 ut
881 3351 1084 3424 legales
1135 3369 1384 3427 pugnas,
1418 3363 1678 3430 tanquam
1725 3359 2074 3432 impudentes

495 3449 804 3509 aversetur,
836 3443 1112 3518 signiﬁcat
1146 3447 1262 3513 illi,
1297 3457 1358 3504 ut
1384 3465 1510 3506 cum
1546 3453 1614 3508 ad
1641 3469 1698 3510 se
1729 3456 1942 3511 miserit
1971 3456 2076 3510 Ar-

497 3541 730 3601 temam,
761 3535 831 3590 ad
861 3551 924 3593 se
954 3538 1161 3596 veniat.
1190 3538 1447 3612 Praecipit
1477 3545 1639 3599 etiam
1661 3585 1678 3611 ,
1710 3553 1768 3600 ut
1795 3546 2074 3604 audilores

494 3639 628 3681 suos
659 3625 818 3683 bonis
847 3630 1109 3700 operibus
1141 3647 1375 3703 praeesse
1401 3634 1630 3703 doceat,
1663 3645 1826 3710 atque
1854 3639 1927 3694 ita
1961 3649 2074 3696 ter-

492 3718 666 3773 minat
697 3719 1021 3792 Epistolam.

783 3922 999 3980 Decima
1029 3943 1224 3998 quarta
1246 3973 1262 3998 ,
1298 3935 1369 3986 ad
1409 3931 1786 3988 Philemonem.

567 4035 656 4092 72.
691 4035 846 4095 lianc
876 4040 1050 4098 Roma
1080 4045 1266 4102 mittit.
1298 4047 1531 4106 Occasio
1562 4059 1744 4105 autem
1789 4051 1910 4120 ejus
1957 4051 2072 4108 hate

493 4127 935 4216 est:0nesimus
969 4151 1162 4193 servus
1191 4137 1529 4198 Philemonis
1563 4143 1884 4216 aufugerat,
1919 4155 1974 4202 et
2003 4147 2073 4202 ad

494 4215 728 4276 Paulum
759 4237 1020 4292 venerat,
1053 4238 1218 4300 atque
1251 4233 1320 4286 ab
1349 4234 1444 4289 illo
1486 4235 1544 4290 in
1589 4235 1694 4292 ﬁde
1733 4239 2069 4306 instructus,

495 4310 572 4401 illi
605 4313 758 4401 utilis
788 4315 858 4372 ad
886 4317 1254 4377 ministerium
1286 4333 1425 4381 erat.
1487 4325 1563 4383 De
1594 4328 1698 4384 hoc
1728 4329 1910 4401 itaque
1937 4333 2075 4386 scri-

495 4399 576 4454 bit
604 4399 944 4472 Philemoni,
989 4410 1179 4480 illique
1221 4417 1570 4472 commendat
1614 4399 1967 4486 Onesimum,
2012 4406 2077 4476 ut

494 4493 712 4550 sincere
739 4511 872 4570 erga
901 4514 1026 4556 eum
1058 4489 1350 4572 adiciatur,
1384 4523 1483 4564 nec
1516 4511 1753 4582 amplius
1795 4529 1921 4568 eum
1966 4515 2069 4568 ha-

2189 1971 2374 2036 λαοὺς,
2409 1970 2595 2043 μαθὼν
2622 1974 2652 2026 ὁ
2683 1969 3026 2037 Ἀπόστολος,
3052 1973 3274 2045 γράφει.
3305 1973 3416 2028 Καὶ
3438 1974 3656 2046 πρῶτον
3681 1973 3776 2046 μὲν

2188 2062 2524 2135 εὐχαριστῶν
2546 2061 2625 2134 τῷ
2657 2061 2775 2134 Θεῷ
2800 2061 2888 2117 διὰ
2906 2063 3004 2134 τὴν
3029 2063 3196 2118 αὐτοῦ
3229 2065 3538 2132 εὐλάϐειαν,
3578 2067 3774 2139 σημαί-

2187 2171 2266 2208 νει
2291 2153 2392 2226 τὴν
2424 2157 2483 2209 ἐν
2511 2153 2734 2226 Χριστῷ
2762 2155 2948 2212 πίστιν
2975 2157 3049 2230 μὴ
3083 2158 3354 2231 νεωτέραν
3380 2151 3544 2226 εἶναι,
3577 2158 3692 2214 ἀλλ’
3713 2157 3775 2223 ἐξ

2186 2247 2381 2311 αἰῶνος
2409 2248 2761 2320 ἡτοιμάσθαι,
2797 2250 2891 2304 καὶ
2917 2250 3254 2322 ἐπηγγέλθαι
3293 2251 3447 2324 παρὰ
3493 2251 3591 2306 τοῦ
3640 2249 3772 2306 Θεοῦ

2183 2342 2422 2414 ταύτην
2450 2341 2645 2398 ἔπειτα
2689 2343 2747 2397 δέ
2796 2343 2893 2396 καὶ
2945 2341 3073 2414 περὶ
3121 2342 3220 2414 τῆς
3251 2341 3641 2406 καταστάσεως
3665 2341 3772 2396 τῶν

2184 2435 2486 2508 κληρικῷν.
2521 2435 2634 2490 Καὶ
2661 2435 2850 2490 τοῦτον
2871 2436 3134 2499 διδάσκει,
3153 2433 3292 2499 πῶς,
3315 2435 3412 2489 καὶ
3430 2434 3651 2498 ὁποίους
3674 2435 3774 2489 αύ-

2182 2528 2308 2592 τοὺς
2334 2525 2472 2582 εἶναι
2494 2527 2593 2582 δεῖ.
2618 2528 2730 2581 Καὶ
2760 2528 3021 2599 ἐπιτιμᾷν
3053 2526 3110 2580 δὲ
3147 2525 3449 2580 ἐντέλλεται
3485 2525 3636 2598 αὐτῷ
3659 2529 3772 2590 τοῖς

2181 2617 2520 2688 ἀντιλέγουσι
2553 2621 2618 2690 τῇ
2660 2616 2982 2691 ὑγιαινούσῃ
3026 2618 3208 2672 πίστει
3231 2634 3246 2648 ·
3278 2617 3515 2690 μάλιστα
3545 2621 3658 2682 τοῖς
3706 2617 3772 2672 ex

2182 2711 2504 2783 περιτομῆς,
2539 2709 2737 2766 εἰδέναι
2767 2728 2827 2765 τε
2850 2712 2977 2776 τοὺς
3023 2709 3268 2783 Κρῆτας,
3305 2711 3388 2764 ὅτι
3429 2711 3592 2784 ἀργοί
3643 2713 3768 2778 εἰσι,

2180 2804 2275 2858 και
2306 2804 2598 2878 χρῄζουσιν
2633 2805 2938 2876 ἐπιτιμίας.
2973 2787 3202 2872 ιςιδάξας
3229 2821 3289 2859 τε
3324 2803 3502 2858 πάντα
3529 2803 3599 2858 τὰ
3628 2803 3771 2877 βρώ-

2183 2913 2329 2968 ματα
2367 2895 2586 2966 καθαρά
2611 2893 2748 2950 εἶναι
2775 2898 2888 2960 τοῖς
2915 2896 3178 2968 καθαροῖς
3202 2937 3218 2960 ,
3248 2895 3344 2950 καὶ
3404 2895 3599 2960 ὁποίας
3630 2891 3770 2950 εἶναι

2177 2987 2258 3042 δεῖ
2281 2987 2382 3054 τάς
2408 2987 2796 3060 πρεσϐύτιδας,
2817 2987 2918 3052 τὰς
2941 2989 3266 3058 ὀφειλούσας
3294 2987 3650 3060 σωφρονίζειν
3668 2989 3768 3052 τὰς

2177 3080 2342 3149 νέας,
2401 3083 2662 3154 παραινεί
2698 3081 2817 3145 πῶς
2863 3081 2944 3135 δεῖ
2997 3082 3124 3146 τοὺς
3177 3079 3397 3145 δούλους
3459 3083 3576 3143 τοῖς
3622 3079 3772 3142 ἰδίοις

2176 3173 2466 3238 δεσπόταις
2493 3175 2919 3230 ὑποτάσσεσθαι.
2955 3176 3066 3230 Καὶ
3119 3173 3294 3238 τέλος,
3340 3174 3662 3244 ὑπομνήσας
3685 3173 3770 3226 ὅτι

2178 3268 2211 3337 ή
2235 3265 2329 3320 τοῦ
2363 3266 2614 3338 Σωτῆρος
2636 3268 2798 3340 χάρις
2826 3268 2928 3322 οὐκ
2956 3267 3016 3334 ἐξ
3047 3265 3227 3340 ἔργων
3253 3267 3404 3337 ἡμᾶς
3425 3266 3766 3328 ἐδικαίωσεν,

2177 3357 2313 3413 ἀλλὰ
2343 3361 2409 3430 τῇ
2455 3359 2561 3432 ἰδίᾳ
2609 3359 2990 3434 φιλανθρωπίᾳ
3011 3401 3026 3426 ,
3085 3359 3178 3414 καὶ
3239 3359 3616 3430 παραγγείλας
3667 3357 3770 3422 τὰς

2177 3450 2409 3522 νομικὰς
2437 3451 2616 3522 μάχας
2643 3451 3030 3524 ἐκτρέπεσθαι,
3066 3452 3142 3516 ὡς
3161 3451 3554 3522 ἀναισχύντους
3578 3447 3766 3525 ούσας,

2175 3540 2326 3613 δηλοῖ
2357 3542 2526 3614 αὐτῷ,
2565 3543 2706 3616 μετά
2735 3543 2795 3598 τὸ
2825 3543 3039 3616 πέμψαι
3068 3544 3216 3616 ,πρὸς
3253 3543 3418 3598 αὑτὸν
3462 3543 3764 3616 Ἀρτεμᾶν,

2178 3633 2264 3688 ἵνα
2286 3634 2415 3708 ἔλθῃ
2442 3635 2578 3708 πρὸς
2603 3635 2784 3691 αὐτόν.
2821 3636 3154 3691 Ἐνετείλατό
3193 3653 3253 3688 τε
3291 3635 3442 3706 αὐτῷ
3471 3674 3485 3700 ,
3515 3633 3657 3689 ὥστε
3681 3635 3767 3688 δι-

2174 3726 2416 3790 δάσκειν,
2443 3727 2538 3780 καὶ¹
2564 3728 2690 3791 τοὺς
2727 3727 2892 3781 αὐτοῦ
2925 3727 3106 3782 καλῶν
3135 3719 3334 3801 ἔργων’
3370 3727 3763 3799 προΐστασθαι·

2175 3820 2270 3872 καὶ
2295 3817 2436 3873 οὕτω
2458 3819 2653 3873 τελειοί
2669 3820 2766 3892 τὴν
2792 3821 3096 3893 ἐπιστολήν.

2271 3957 2273 3959 ί
2371 3932 3026 4004 Τεσσαρεσκαιδεκιὶτη,
3055 3934 3206 4004 πρὺς
3231 3934 3559 4006 Φιλήμονα.

2245 4048 2334 4103 7‘2.
2362 4047 2578 4120 Ταύτην
2603 4048 2906 4103 ἐπιστέλλει
2935 4049 3044 4103 ἀπὸ
3087 4049 3328 4121 Ῥώμης.
3370 4051 3436 4103 Ἠ
3465 4050 3524 4104 δὲ
3553 4048 3769 4122 πρόφα-

2175 4156 2258 4203 σις
2286 4139 2384 4210 τῆς
2411 4137 2698 4210 ἐπιστολῆς
2736 4137 2876 4211 α’ύτη
2897 4156 2912 4170 ⁸
2962 4139 3250 4210 Ὀνήσιμος
3279 4140 3308 4192 ὁ
3338 4139 3563 4211 οἰκέτης
3603 4138 3770 4212 Φιλή-

2177 4245 2335 4301 μονος
2358 4227 2548 4298 ἔφυγε,
2574 4228 2669 4282 καὶ
2693 4223 2970 4301 προσῆλθε
3002 4227 3081 4299 τῷ
3112 4227 3324 4299 Παύλῳ,
3353 4228 3446 4282 καὶ
3473 4229 3765 4302 κατηχήθη

2174 4322 2304 4389 παρ’
2333 4320 2520 4386 αὐτοῦ,
2547 4321 2642 4374 καὶ
2676 4321 2899 4390 γέγονεν
2931 4319 3080 4392 αὐτῷ
3131 4321 3399 4394 χρήσιμος
3443 4322 3524 4385 εἰς
3581 4320 3769 4376 διακο-

2173 4412 2312 4466 νίαν.
2346 4411 2484 4481 Περὶ¹
2509 4413 2700 4466 τούτου
2727 4413 2910 4466 τοίνυν
2947 4412 3150 4483 γράφει
3205 4412 3468 4484 Φιλήμονι
3527 4429 3770 4484 παρατι-

2176 4502 2402 4575 θέμενος
2449 4503 2598 4576 αύτῷ
2660 4504 2751 4558 τὸν
2798 4505 3120 4576 Ὀνήσιμον,
3179 4505 3267 4558 ἵνα
3313 4507 3561 4580 προσέχῃ
3610 4507 3767 4579 αὑτῴ

493 4584 620 4640 beat
651 4593 711 4642 ut
757 4603 1015 4660 servum,
1049 4596 1144 4650 sed
1199 4607 1257 4652 ut
1315 4598 1558 4659 fratrem.
1610 4602 1876 4660 Hortatur
1911 4607 2064 4662 illum

2180 4595 2435 4666 γνησίως,
2471 4595 2564 4647 καὶ
2605 4596 2802 4666 μηκέτι
2849 4596 2948 4669 ἔχῃ
2980 4597 3142 4650 αὑτὸν
3170 4597 3247 4661 ὡς
3295 4597 3504 4664 δοῦλον,
3538 4599 3653 4652 ἀλλ’
3688 4599 3771 4662 ὡς

491 4675 658 4732 etiam
714 4687 772 4736 ut
811 4682 1116 4756 hospitium
1167 4690 1272 4746 sibi
1311 4701 1508 4762 paret,
1559 4705 1618 4752 ut
1669 4699 1764 4754 ubi
1816 4683 2066 4765 venerit,

491 4774 749 4830 manendi
777 4775 958 4832 locum
989 4779 1268 4840 inveniat:
1299 4793 1354 4842 et
1380 4787 1460 4844 sic
1491 4789 1609 4844 ﬁnit
1640 4790 1966 4862 Epistolam.

741 4987 899 5043 Liber
925 4999 1161 5048 octavus.
1194 4995 1545 5067 Apocalypsis
1566 4997 1816 5056 Joannis.

515 5187 518 5190 ἢ
557 5099 645 5156 75.
679 5099 796 5160 Hoc
823 5107 1046 5164 nomine
1071 5119 1300 5169 vocatur
1331 5113 1423 5170 hic
1457 5115 1616 5183 liber,
1651 5118 1782 5188 quia
1809 5118 1951 5175 hanc
1978 5136 2068 5177 re-

477 5191 813 5284 velationem
842 5200 960 5272 ipse
989 5199 1230 5260 Joannes
1253 5207 1586 5280 evangelista
1616 5217 1670 5265 et
1695 5210 1984 5284 theologus
2009 5214 2068 5270 in

480 5283 680 5343 Patmo
711 5289 888 5347 insula
919 5295 1094 5360 dicta,
1120 5295 1408 5355 Dominico
1435 5301 1524 5357 die
1551 5301 1716 5367 vidit,
1765 5283 2071 5376 jussusque

487 5377 856 5450 conscripsit,
890 5392 951 5438 ut
984 5385 1052 5440 ad
1088 5397 1298 5458 septem
1338 5390 1618 5452 Ecclesias
1653 5397 1896 5453 mitteret
1925 5439 1941 5464 ,
1986 5400 2069 5455 vi-

488 5466 690 5561 delicet
743 5471 918 5530 istas:
967 5477 1276 5548 Ephesum,
1329 5482 1656 5556 Smyrnam,
1695 5487 2063 5561 Pergamum,

489 5556 838 5632 Thyatiram,
895 5566 1127 5636 Sardes,
1159 5571 1590 5648 Philadelphiam
1627 5589 1683 5636 et
1713 5556 2064 5641 Laodiceam.

479 5650 623 5718 Quae
652 5669 782 5709 vero
815 5656 870 5711 in
901 5658 1005 5714 hac
1034 5663 1248 5720 visione
1285 5667 1452 5735 vidit,
1483 5673 1656 5727 multa
1703 5685 1832 5729 sunt
1873 5692 1938 5732 ac
1968 5693 2068 5732 va-

490 5742 592 5796 ria.
619 5743 698 5798 Ac
727 5745 946 5803 demum
978 5753 1342 5820 perditionem
1373 5759 1536 5814 etiam
1569 5761 1896 5820 Antichristi
1937 5782 2066 5823 cum

489 5834 713 5892 diabolo
741 5839 898 5896 vidit.
930 5841 1165 5900 Jubetur
1194 5855 1376 5903 autem
1407 5866 1645 5922 primum
1678 5859 1920 5918 scribere
1949 5863 2066 5921 sin-

2174 4684 2420 4753 ἀδελφόν.
2467 4685 2848 4759 Προετρέψατο
2883 4688 2940 4741 δέ
2995 4689 3179 4753 αὑτὸν,
3236 4691 3331 4744 καὶ
3375 4689 3559 4757 ξενίαν
3606 4691 3772 4762 αὐτῷ

2130 4826 2137 4833 .
2173 4776 2480 4848 ἑτοιμάσαι,
2516 4777 2624 4838 ἵνα,
2659 4777 2754 4832 ἐὰν
2787 4778 2936 4852 ἔλθῃ,
2967 4779 3102 4852 εὕρῃ
3150 4781 3252 4834 ποῦ
3289 4781 3480 4855 μείνῃο
3531 4784 3626 4837 καὶ
3673 4783 3777 4838 οὖ-

2169 4883 2249 4921 τω
2279 4867 2474 4922 τελειοῖ
2503 4867 2602 4941 τὴν
2635 4870 2946 4941 ἐπιστολήν.
3053 4921 3058 4924 .

2395 4963 2640 5036 Βιϐλίων
2667 4969 2741 5030 η’.
2780 4963 3189 5033 Ἀποκὰλυψις
3238 4964 3533 5020 Ἰωάννου.

2243 5051 2332 5106 75.
2364 5053 2521 5108 οὕτω
2552 5055 2797 5110 καλεῖται
2828 5055 2889 5110 τὸ
2925 5056 3154 5128 βιϐλίον,
3189 5058 3376 5130 ἐπειδὴ
3406 5060 3504 5112 καὶ
3551 5058 3782 5134 ταύτην

2169 5141 2270 5213 τὴν
2303 5145 2648 5218 ἀποκάλυψιν
2691 5148 2854 5212 αὐτὸς
2899 5149 3154 5220 Ἰωάννης
3183 5151 3214 5204 ὁ
3243 5151 3641 5227 εὐαγγελιστὴς
3670 5158 3790 5212 καὶ

2173 5233 2420 5304 θεολόγος
2449 5235 2701 5310 ἑώρακεν,
2725 5241 2783 5292 ἐν
2808 5241 2874 5310 τῇ
2909 5239 3119 5312 Πάτμῳ
3138 5303 3143 5310 ,
3159 5241 3477 5318 καλουμένῃ
3501 5247 3679 5318 νήσῳ,
3706 5251 3794 5304 ἐν

2171 5326 2354 5400 ἡμέρᾳ
2383 5329 2656 5402 Κυριακῇ,
2687 5332 2780 5386 καὶ
2805 5332 3116 5398 κελευσθεὶς
3139 5333 3380 5409 ἔγραψεν
3403 5336 3595 5410 αὐτήν,
3613 5338 3796 5398 ὥστε

2133 5457 2140 5462 -
2172 5417 2382 5488 πέμψαι
2416 5423 2496 5485 εἰς
2515 5423 2612 5487 τὰς
2641 5424 3122 5496 ἐπτὰἘκκλησίας
3144 5427 3368 5492 ταύτας,
3398 5431 3480 5493 εἰς
3500 5431 3804 5499 Ἔφεσον,

2171 5511 2251 5574 εἰς
2279 5510 2552 5584 Σμύρναν,
2579 5517 2659 5578 εἰς
2679 5515 2998 5589 Πέργαμον,
3030 5519 3112 5583 εἰς
3143 5519 3472 5592 Θυάτειραν,
3503 5524 3584 5586 εἰς
3617 5525 3812 5598 Σάρ-

2170 5599 2300 5664 δεις,
2345 5604 2422 5666 εἰς
2471 5605 2876 5675 Φιλαδέλφειαν,
2929 5611 3025 5663 καὶ
3070 5611 3152 5674 είς
3201 5611 3545 5668 Λαοδίκειαν.
3591 5617 3666 5670 Ἀ
3710 5619 3812 5678 δέ.

2171 5694 2309 5747 εἰσιν
2336 5695 2394 5748 ἐν
2427 5698 2493 5766 τῇ
2526 5698 2782 5776 ὀπτασίᾳ,
2839 5698 3012 5752 πολλά
3067 5703 3174 5754 εἰσι
3213 5702 3308 5756 καὶ
3360 5701 3616 5776 διάφορα.
3653 5708 3821 5770 Καὶ

2170 5781 2325 5847 τέλος
2356 5783 2456 5856 τὴν
2493 5785 2586 5843 τοῦ
2639 5773 3008 5858 Ἀντιχρίστου
3040 5789 3317 5846 ἀπώλειαν
3352 5771 3493 5863 μετά
3519 5771 3617 5848 τοῦ
3647 5797 3824 5855 δια...

2114 5956 2125 5974 ³
2175 5869 2332 5924 δόλου
2364 5870 2597 5944 ἑώρακε.
2626 5873 2922 5930 Κελεύεται
2949 5874 3006 5930 δὲ
3038 5874 3254 5948 πρῶτον
3295 5879 3509 5953 γράψαι
3542 5883 3824 5966 lixas-rga
