4066 6388
343 423 437 479 ρίΞΞ)

1412 413 1747 471 SYNOPSlS
1786 412 2201 495 SCRIPTUBE
2231 413 2500 469 SACRIE.

3496 417 3608 475 £50

338 536 549 607 ἀγγέλῳ
576 535 695 589 τῶν
726 532 1139 607 προειρημένων
1155 531 1489 603 Ἑκκλησιῶν
1504 532 1644 587 κατά
1670 534 1769 598 τὰς
1795 533 1923 587 ἑκά-

2025 532 2172 605 gulis
2221 530 2609 602 praedictarum
2652 530 3025 587 Eeclesiarum
3052 530 3263 604 angelis
3301 532 3606 590 secundum

338 646 456 683 στου
493 627 755 701 πράξεις.
786 626 993 690 Πολλὰς
1018 626 1115 696 μὲν
1163 621 1254 678 οῦν
1300 623 1509 697 ἑώρακε
1543 626 1636 679 καὶ
1690 625 1929 697 παραδό-

337 721 453 785 ξους
490 719 794 782 ὀπτασίας,
825 712 932 770 εἶδε
955 716 1011 768 δὲ
1042 715 1181 769 ἑπτά
1216 714 1435 785 λυχνίας
1466 716 1697 787 χρυσᾶς,
1725 716 1820 768 καὶ
1868 716 1928 768 ἐν

337 812 480 881 μέσῳ
510 810 705 865 αὐτῶν
739 810 924 881 ὅμοιον
956 806 1069 879 Υἱῴ
1094 805 1379 878 ἀνθρώπου
1404 824 1417 838 ’
1452 808 1547 860 καὶ
1577 805 1925 877 ἡρμηνεύθηο

336 915 433 957 σαν
454 903 738 974 αύτῷ,ὄτι
759 904 816 955 αί
842 900 1051 970 λυχνίαι
1090 900 1224 953 εἰσὶν
1256 901 1310 952 αἱ
1352 898 1494 953 ὲπτά
1530 898 1867 969 Ἐκκλησίαι·
1899 900 1927 951 6

336 995 387 1048 δὲ
414 995 470 1047 ὲν
506 995 665 1065 μέσῳ
696 993 881 1048 αὐτῶν
914 996 943 1047 6
969 992 1191 1063 Κύριος.
1217 987 1339 1045 Εἷδε
1374 994 1470 1046 καὶ
1508 991 1675 1063 θύραν
1726 992 1928 1062 ἀνεῳγ-

341 1086 502 1157 μένην
556 1086 620 1137 ὲν
667 1084 752 1155 τῷ
790 1083 1023 1156 οὐρανῷ,
1068 1086 1163 1137 καὶ
1198 1085 1257 1137 ἐν
1300 1082 1471 1155 θρόνῳ
1492 1083 1800 1156 καθήμενον
1833 1084 1924 1139 τὸν

337 1177 552 1249 Κύρων,
580 1176 679 1231 καὶ
710 1174 1113 1248 πρεσϐυτέρους
1146 1176 1245 1240 κδ’,
1291 1174 1634 1247 καθημένους
1665 1176 1757 1229 ἐπὶ
1795 1175 1924 1248 θρό-

337 1288 454 1334 νους
484 1272 583 1324 καί⁵
636 1269 1081 1342 προσκυνοῦντας
1118 1272 1211 1323 τὸν
1264 1269 1487 1343 Κύριον.
1531 1269 1776 1342 Ἐώρακε
1827 1271 1923 1324 καὶ

266 1424 271 1427 τ
337 1363 633 1436 σφραγῖδας
658 1362 955 1435 λυομένας,
988 1363 1083 1419 καὶ
1111 1362 1377 1434 λυομένης
1405 1362 1663 1434 ἑκάστης,
1689 1363 1924 1418 ὀπτασία

335 1473 412 1519 τις
454 1455 687 1525 ἐγίνετο.
737 1452 873 1509 Εἶτα
925 1454 1167 1528 ἑώρακεν
1217 1454 1356 1509 ἑπτά
1404 1455 1674 1525 ἀγγέλους
1702 1455 1925 1526 ἔχοντας

337 1548 468 1602 ἑπτὰ
515 1546 856 1617 σάλπιγγας,
901 1548 996 1601 καὶ
1044 1547 1275 1601 ἑκάστου
1304 1546 1677 1615 σαλπίζοντος,
1714 1547 1925 1617 ἐγίνετο

342 1643 585 1712 σημεῖον·
631 1641 732 1694 τοῦ
784 1640 843 1693 δὲ
891 1639 1119 1711 ἑϐδόμου
1168 1639 1539 1704 σαλπίζοντος,
1582 1638 1783 1711 ἤκουσε
1837 1639 1924 1692 λε-

337 1732 552 1801 γόντων,
576 1733 662 1787 ὃτι
702 1750 724 1785 ι
768 1732 836 1786 Ἦ
864 1732 1113 1803 βασιλεία.
1154 1731 1248 1787 τοῦ
1296 1733 1501 1804 κόσμου
1557 1733 1775 1802 ἐγένετο
1828 1731 1921 1786 τοῦ

335 1825 552 1897 Κυρίου.
592 1846 613 1879 ι
650 1827 765 1882 Καὶ
802 1826 1014 1897 ἑώρακε
1045 1825 1144 1897 τὴν
1163 1825 1393 1879 κιϐωτὸν
1416 1827 1516 1896 τῆς
1544 1825 1817 1896 Διαθήκης
1864 1825 1922 1877 ὲν

336 1922 558 1994 οὐρανῷ.
589 1917 731 1976 Εἶτα
762 1922 977 1996 ἑώρακε
1026 1924 1259 1995 γυναῖκα
1284 1923 1602 2012 ὠδίνουσαν,
1653 1924 1747 1976 καὶ
1791 1922 1920 1995 δρά-
1952 1957 1994 2012 Β

336 2030 491 2067 κοντα
516 2014 697 2084 πυρὸς
732 2013 998 2068 διώκοντα
1032 2015 1223 2086 αὐτήν.
1262 2014 1326 2066 Ἦ
1350 2012 1450 2085 μὲν
1479 2009 1574 2067 οῦν
1598 2013 1737 2085 γυνὴ
1783 2012 1922 2067 ἐσώ-

336 2105 397 2177 θη
428 2108 507 2170 είς
530 2105 636 2177 τὴν
663 2105 873 2178 ἔρημον
899 2118 914 2136 ⁸
941 2107 971 2159 6
1009 2104 1065 2160 δὲ
1095 2106 1310 2178 δράκων
1340 2100 1545 2177 ἐϐλήθη
1579 2106 1661 2169 είς
1692 2103 1754 2158 τὸ
1786 2103 1921 2176 πῦρ.

335 2194 460 2252 Εἶτα
491 2196 711 2272 ἑώρακε
747 2198 939 2270 θηρίον
970 2197 1091 2268 ἕχον
1116 2197 1323 2270 κέρατα
1349 2196 1481 2250 δέκα
1499 2197 1649 2261 ,’καὶ
1678 2195 1925 2265 κεφαλὰς

337 2288 485 2355 ἑπτά,
521 2289 621 2342 καὶ
652 2288 717 2341 τὸ
771 2288 1009 2360 διάδημα
1053 2286 1218 2341 αὑτοῦ
1249 2285 1597 2357 βλασφημίας
1623 2286 1826 2357 γέμονο
1861 2286 1924 2340 τὸ

337 2379 387 2433 ἃ
412 2380 580 2451 ὄνομα
604 2377 777 2433 αὐτοῦ
806 2379 909 2433 οὐκ
933 2378 1219 2450 ἐδήλωσεν,
1246 2377 1381 2431 ἀλλὰ
1421 2377 1515 2433 τὸν
1552 2377 1787 2449 ἀριθμὸν
1826 2378 1922 2432 τοῦ

337 2472 587 2544 ὀνόματος
619 2470 793 2525 αὑτοῦ
844 2469 989 2541 χες.
1027 2470 1268 2523 Ἤκουσε
1307 2469 1401 2523 καὶ
1447 2468 1737 2540 παρθένων
1772 2469 1923 2542 ᾀδόν-

337 2581 455 2629 των,
486 2565 585 2619 καὶ
617 2562 1064 2618 ἀκολουθούντων
1094 2560 1172 2633 τῷ
1212 2561 1429 2633 Ἀρνίῳ,
1463 2562 1559 2616 καὶ
1586 2562 1725 2616 εἶδεν
1754 2564 1922 2633 ἄγγε-

335 2655 414 2710 λον
437 2656 737 2728 πετόμενον
762 2658 824 2709 ὲν
860 2655 1330 2727 μεσουρανήματι,
1356 2653 1452 2707 καὶ
1499 2653 1658 2709 ἄλλον
1699 2654 1922 2708 ἀκολου.

333 2747 538 2815 θοῦντα,
568 2748 668 2802 καὶ
693 2746 881 2809 ἄλλον,
912 2746 1008 2800 καὶ
1031 2744 1259 2816 νεφέλην
1284 2743 1524 2816 ,λευκὴν,
1565 2746 1661 2799 καὶ
1714 2746 1801 2797 ἐπ’
1824 2745 1920 2798 αὐ-

331 2839 423 2912 τῆς
447 2841 769 2911 καθήμενον
802 2838 994 2909 ὅμοιον
1019 2835 1132 2909 Υἱῷ
1154 2835 1464 2908 ἀνθρώπου,
1490 2837 1681 2908 ἔχοντα
1708 2838 1801 2891 ἐπὶ
1824 2838 1923 2908 τῆς

331 2929 562 3000 κεφαλῆς
594 2926 772 2981 αὐτοῦ
812 2925 1076 2995 στέφανον
1107 2924 1363 2997 χρυσοῦν,
1423 2927 1517 2981 καὶ
1566 2928 1624 2979 ὲν
1674 2930 1742 2999 τῇ
1778 2926 1923 2999 χειρὶ⁵

337 3020 488 3077 αὐτοῦ
513 3020 799 3093 δρέπανον
830 3018 950 3083 ὀξύ.
999 3015 1132 3072 Εἶτα
1181 3017 1424 3091 ἑώρακεν
1456 3018 1723 3088 ἀγγέλους
1756 3018 1920 3086 ἑπτὰ,

334 3114 541 3184 ἔχοντας
570 3110 803 3183 πληγὰς
839 3110 984 3165 ἑπτὰ
1013 3112 1113 3176 τὰς
1139 3112 1397 3183 ἐσχάτας,
1429 3112 1523 3165 καὶ
1548 3110 1745 3181 φιάλας
1791 3129 1922 3184 χρυ-

332 3208 420 3272 σᾶς
445 3207 737 3279 γεμούσας
769 3208 837 3258 ὲκ
864 3204 958 3258 τοῦ
979 3203 1150 3276 θυμοῦ
1178 3204 1271 3258 τοῦ
1299 3204 1459 3259 Θεοῦ.
1486 3199 1619 3259 Εῐτα
1635 3204 1919 3278 ἀπηνέχθη

2029 625 2301 696 cujusque
2330 624 2598 679 actiones.
2627 623 2826 679 Multas
2851 625 3034 694 itaque
3056 632 3112 681 et
3140 623 3496 682 admirabiles
3529 623 3607 678 vi-

2028 720 2213 775 siones
2255 719 2423 782 vidit,
2464 725 2526 774 ut
2570 726 2780 789 septem
2826 715 3158 772 candelabra
3197 731 3398 782 aurea,
3448 723 3506 771 et
3551 716 3606 769 in

2028 812 2209 868 medio
2242 812 2459 866 illorum
2496 812 2730 867 similem
2763 809 2900 864 Filio
2933 808 3214 876 hominis;
3249 816 3304 865 et
3333 809 3610 879 interpre—

2028 906 2297 960 tationem
2333 905 2578 975 accepit,
2615 904 2947 959 candelabra
2983 903 3077 957 illa
3111 917 3235 958 esse
3265 909 3472 971 septem
3507 899 3611 955 Ec-

2026 998 2251 1063 clesias,
2272 1005 2325 1051 et
2346 1013 2472 1053 eum
2490 1039 2506 1063 ,
2534 998 2629 1067 qui
2659 997 2717 1052 in
2745 997 2926 1052 medio
2958 1003 3114 1062 erat,
3146 1009 3269 1051 esse
3291 992 3605 1047 Dominum.

2024 1087 2263 1144 Januam
2295 1090 2427 1145 item
2459 1089 2595 1144 vidit
2632 1096 2879 1159 apertam
2913 1088 2969 1143 in
3009 1088 3186 1151 caelo,
3220 1094 3278 1141 et
3312 1084 3607 1140 Dominum

2027 1182 2082 1236 in
2106 1181 2309 1237 throno
2333 1181 2637 1245 sedentem,
2656 1189 2710 1235 et
2736 1180 2934 1251 viginti
2964 1188 3202 1250 quatuor
3229 1176 3496 1239 seniores,
3523 1189 3611 1231 se-

2025 1274 2219 1331 dentes
2245 1289 2412 1345 super
2442 1276 2674 1329 thronos
2704 1281 2759 1327 et
2789 1271 3080 1326 adorantes
3112 1269 3426 1325 Dominum.
3458 1265 3607 1323 Vidit

2024 1369 2190 1423 etiam
2224 1376 2435 1437 septem
2468 1366 2649 1436 sigilla
2684 1364 2907 1434 aperiri,
2937 1371 2993 1418 et
3017 1377 3350 1433 unoquoque
3386 1368 3608 1432 aperto,

2023 1460 2167 1518 visio
2195 1459 2445 1532 qumdam
2476 1458 2798 1531 apparebat.
2836 1454 2982 1511 Vidit
3022 1455 3220 1511 deinde
3260 1463 3469 1526 septem
3510 1468 3611 1507 an-

2025 1555 2178 1625 gelos
2204 1554 2470 1609 habentes
2501 1561 2708 1624 septem
2738 1551 2900 1607 tubas
2919 1590 2934 1616 ,
2962 1559 3016 1605 et.
3037 1563 3367 1621 unoquoque
3390 1548 3607 1602 illorum

2024 1651 2311 1722 clangente
2346 1648 2511 1704 ﬁebat
2558 1649 2816 1719 signum,
2868 1644 3105 1715 septimo
3147 1658 3281 1698 vero
3324 1642 3612 1711 clangente

2025 1742 2268 1805 audivit,
2303 1740 2396 1814 qui
2426 1740 2717 1795 dicerent:
2751 1736 2985 1809 Regnum
3015 1734 3234 1799 mundi,
3268 1732 3485 1787 Domini
3518 1731 3607 1802 fa-

2025 1845 2168 1889 ctum
2198 1835 2263 1889 ιδ.
2292 1833 2359 1887 Et
2384 1848 2567 1887 arcam
2597 1821 2911 1887 testamenti
2940 1829 3076 1885 vidit
3103 1829 3158 1884 in
3201 1829 3365 1884 caelo.
3402 1826 3611 1883 Deinde

2026 1927 2311 1983 mulierem
2339 1924 2739 1996 parturientem
2769 1922 2907 1977 vidit
2932 1929 2987 1978 et
3015 1923 3311 1978 draconem
3342 1921 3608 1992 ignitum,

2022 2018 2116 2089 qui
2139 2017 2285 2072 illam
2328 2015 2780 2087 persequebatur.
2809 2013 3006 2069 Mulier
3043 2013 3264 2085 quidem
3289 2024 3505 2070 servata
3524 2021 3612 2069 est

2022 2108 2080 2163 in
2114 2107 2408 2164 solitudine
2430 2148 2445 2172 ,
2477 2106 2646 2162 draco
2681 2105 2843 2179 154
2868 2119 3002 2162 vero
3019 2090 3281 2176 °abjectus
3310 2106 3369 2161 in
3402 2106 3606 2176 ignem.

2021 2199 2221 2256 Postea
2258 2201 2492 2256 bestiam
2528 2199 2667 2255 vidit
2707 2199 2998 2254 habentem
3040 2214 3250 2254 cornua
3288 2198 3514 2263 decem,
3554 2205 3611 2254 et

2023 2293 2206 2364 capita
2235 2299 2445 2363 septem
2465 2330 2483 2358 ,
2510 2298 2565 2347 et
2590 2289 2843 2346 diadema
2869 2289 2990 2360 ejus
3016 2289 3356 2361 blasphemia
3384 2289 3609 2360 plenum

2021 2393 2162 2441 erat.
2189 2383 2400 2441 Nomen
2426 2400 2560 2441 vero
2581 2384 2702 2454 ejus
2731 2398 2841 2439 non
2871 2383 3160 2455 patefecit,
3190 2381 3286 2439 sed
3316 2397 3607 2437 numerum

2022 2479 2262 2534 nominis
2300 2478 2460 2548 ejus,
2504 2492 2700 2547 nempe
2746 2476 2995 2534 sexcenti
3040 2475 3325 2546 sexaginta
3371 2489 3490 2531 sex.
3540 2473 3608 2529 Et

2021 2569 2263 2641 virgines
2285 2568 2496 2625 audivit
2515 2577 2782 2625 canentes
2802 2607 2819 2634 ,
2843 2578 2899 2625 et
2918 2566 3132 2640 Agnum
3163 2575 3478 2639 sequentes.
3508 2564 3607 2622 Vi-

2023 2661 2103 2718 dit
2133 2661 2300 2717 etiam
2337 2662 2592 2732 angelum
2627 2676 2727 2732 per
2758 2660 3003 2717 medium
3037 2660 3166 2716 caeli
3197 2660 3476 2715 volantem
3499 2700 3516 2727 ,
3552 2668 3610 2715 et

2021 2761 2341 2823 sequentem
2383 2755 2615 2809 alterum
2645 2791 2662 2817 ,
2709 2753 2990 2824 aliumque
3033 2761 3271 2824 postea;
3312 2751 3513 2807 deinde
3551 2759 3610 2807 et

2021 2846 2225 2901 nubem
2268 2846 2563 2901 candidam
2606 2847 2777 2912 vidit,
2810 2857 2865 2902 et
2896 2846 3225 2901 insidentem
3260 2844 3340 2899 illi
3369 2845 3609 2901 similem

2022 2935 2165 2991 Filio
2204 2937 2447 2993 hominis
2476 2978 2492 3003 ,
2530 2938 2589 2993 in
2622 2938 2802 3009 capite
2838 2952 3099 2994 coronam
3143 2952 3368 2992 auream
3402 2937 3610 2992 haben-

2021 3034 2165 3093 tem,
2207 3034 2263 3084 et
2300 3028 2359 3083 in
2394 3043 2562 3083 manu
2594 3044 2699 3085 sua
2732 3028 2931 3084 falcem
2965 3040 3208 3084 acutam.
3269 3027 3477 3083 Deinde
3520 3042 3610 3084 se—

2022 3127 2172 3190 ptem
2202 3120 2425 3191 angelos
2453 3120 2610 3187 vidit,
2628 3120 2895 3176 habentes
2914 3119 3105 3191 plagas
3131 3125 3341 3190 septem
3365 3117 3609 3174 novissi-

2021 3228 2179 3280 mas,
2223 3220 2280 3268 et
2321 3213 2535 3283 phialas
2576 3227 2773 3269 aureas
2814 3214 3008 3285 plenas
3047 3214 3144 3268 irae
3182 3212 3301 3267 Dei.
3332 3211 3463 3268 Post
3491 3213 3609 3268 hatc

327 3300 400 3373 τῷ
418 3298 696 3372 πνεύματι
739 3300 826 3362 είς
862 3297 1090 3370 ἔρημον,
1144 3298 1238 3353 καὶ
1261 3296 1475 3370 ἑώρακε
1509 3300 1745 3367 γυναῖκα
1784 3296 1919 3352 καθ-

2024 3305 2242 3362 ablatus
2263 3314 2349 3362 est
2368 3307 2563 3379 spiritu
2588 3307 2646 3361 in
2670 3307 3022 3364 solitudinem
3043 3350 3058 3374 ,
3088 3313 3141 3362 et
3164 3306 3298 3362 vidit
3320 3306 3606 3362 mulierem

326 3394 524 3467 ημένην
549 3394 649 3448 ἐπὶ
672 3392 875 3464 θηρίον
907 3390 1177 3459 κόκκινον,
1197 3390 1320 3462 ἕχον
1353 3391 1596 3461 κεφαλὰς
1616 3390 1759 3445 ἑπτά
1779 3408 1793 3421 ·
1826 3391 1922 3445 καὶ

324 3487 583 3557 ἐσήμανεν
611 3483 731 3538 ἀπὸ
760 3480 971 3553 ταύτης
1000 3479 1216 3534 ἔσεσθαι
1244 3481 1337 3534 τὸν
1372 3481 1758 3551 Ἀντίχριστον.
1789 3474 1923 3532 Εἶτα

323 3574 526 3646 ἑώρακε
551 3574 652 3628 τὸν
685 3572 927 3644 οὐρανὸν
945 3573 1307 3643 ἀνεῳγμένον,
1334 3571 1429 3625 καὶ
1456 3570 1690 3641 ἔφιππον
1707 3570 1920 3635 λευκὸν,

321 3669 416 3720 καὶ
446 3669 696 3722 ἐκαλεῖτο
726 3667 795 3719 τὸ
818 3666 993 3736 ὄνομα
1018 3664 1179 3720 αὐτοῦ
1209 3667 1238 3718 6
1267 3666 1439 3734 Λόγος
1483 3664 1578 3719 τοῦ
1605 3663 1765 3719 Θεοῦ.
1788 3660 1924 3718 Εἶτα

317 3760 527 3832 ἑώρακε
548 3762 611 3815 τὸ
643 3760 849 3832 θηρίον
892 3760 989 3812 καὶ
1021 3759 1148 3822 τοὺς
1183 3758 1422 3829 βασιλεῖς
1447 3759 1548 3830 τῆς
1590 3757 1714 3829 γῆς,
1742 3755 1924 3812 θέλον-

314 3876 420 3925 τις
449 3863 678 3933 ποιῆσαι
724 3858 970 3930 πόλεμον
1019 3857 1154 3929 μετὰ
1187 3857 1282 3912 τοῦ
1316 3858 1621 3929 καθημένου
1673 3856 1768 3911 ἐπὶ
1827 3853 1921 3910 τοῦ

315 3951 488 4007 ἵππου
514 3952 613 4006 τοῦ
637 3950 870 4025 λευκοῦ.
912 3951 1024 4004 Καὶ
1066 3949 1299 4021 ἐπιάσθη
1328 3951 1391 4004 τὸ
1423 3949 1633 4021 θηρίον,
1661 3949 1755 4002 καὶ
1803 3948 1921 4019 μετ’

313 4044 483 4098 αὐτοῦ
506 4047 536 4098 6
560 4043 1053 4115 ψευδοπροφήτης,
1082 4043 1230 4106 ὅστις
1257 4038 1325 4113 ἦν
1353 4044 1382 4095 6
1418 4042 1803 4113 Ἀντίχριστος,
1828 4041 1923 4094 καὶ

311 4131 420 4190 εἶδε
473 4135 856 4208 βαλλομένους
890 4136 1086 4198 αὐτοὺς
1119 4133 1329 4207 είςντὴν
1370 4134 1568 4205 λίμνην
1596 4131 1690 4187 τοῦ
1724 4132 1919 4204 πυρός.

2025 3398 2308 3454 sedentem
2340 3413 2507 3469 super
2536 3399 2769 3455 bestiam
2804 3400 3160 3467 coccineam,
3193 3398 3483 3453 habentem
3515 3411 3610 3452 ca.

2023 3489 2138 3560 pita
2166 3498 2375 3561 septem
2406 3510 2419 3545 :
2452 3499 2507 3547 et
2546 3491 2852 3546 indicatum
2894 3500 2979 3547 est
3018 3494 3066 3546 ei
3105 3508 3172 3547 ex
3211 3490 3317 3545 hac
3356 3489 3606 3545 futurum

2022 3597 2149 3638 esse
2175 3581 2600 3639 Antichristum.
2631 3583 2781 3639 Vidit
2808 3584 2973 3639 etiam
3008 3584 3208 3639 cmlum
3241 3589 3489 3651 apertum
3510 3620 3526 3647 ,
3556 3591 3611 3636 et

2023 3674 2263 3744 equitem
2297 3676 2512 3742 album,
2538 3684 2593 3731 et
2632 3682 2751 3731 erat
2778 3690 2978 3731 nomen
3021 3676 3143 3745 ejus
3163 3715 3178 3741 ,
3218 3674 3456 3730 Verbum
3486 3674 3604 3730 Dei.

2022 3766 2232 3823 Deinde
2253 3768 2388 3824 vidit
2405 3770 2636 3825 bestiam
2657 3810 2672 3835 ,
2697 3786 2762 3825 ac
2786 3787 2945 3842 reges
2969 3778 3131 3826 terrae
3154 3811 3169 3837 ,
3194 3772 3397 3826 bellum
3425 3769 3609 3825 facere

2025 3860 2273 3917 volentes
2312 3876 2438 3915 cum
2481 3876 2548 3917 eo
2580 3861 2675 3931 qui
2710 3860 2936 3917 sedebat
2965 3878 3132 3933 super
3162 3876 3364 3932 equum
3400 3859 3605 3915 album.

2024 3950 2093 4005 Et
2121 3952 2468 4022 apprehensa
2496 3963 2581 4009 est
2610 3954 2818 4019 bestia,
2850 3962 2904 4009 et
2941 3968 3067 4009 cum
3107 3954 3227 4024 ipsa
3265 3954 3611 4024 pseudopro-

2024 4043 2189 4114 pheta
2212 4083 2229 4109 ,
2262 4044 2355 4115 qui
2383 4052 2468 4100 est
2496 4044 2907 4111 Antichristus,
2937 4054 2992 4101 et
3032 4046 3171 4099 vidit
3212 4060 3307 4100 eos
3346 4045 3511 4114 abjici
3552 4044 3609 4099 in

2024 4141 2281 4206 stagnum
2315 4135 2478 4207 ignis.
2506 4134 2639 4190 Post
2678 4135 2785 4191 ista
2810 4136 2945 4190 vidit
2977 4136 3229 4207 angelum
3270 4135 3610 4192 descendent:

309 4226 444 4281 Εἶτα
473 4229 699 4301 ἑώρακε
726 4225 1133 4282 καταϐαίνοντα
1160 4226 1390 4296 ἄγγελον
1420 4228 1485 4280 ὲκ
1528 4225 1623 4279 τοῦ
1664 4224 1918 4297 οὐρανοῦ,

2023 4234 2134 4284 tem
2163 4228 2228 4283 de
2255 4229 2398 4283 ccelo
2423 4268 2438 4292 ,
2463 4235 2514 4282 et
2549 4227 2895 4298 abjicientem
2922 4227 3182 4282 Satanam
3211 4243 3335 4283 cum
3369 4228 3453 4284 bis
3471 4270 3487 4293 ,
3514 4229 3608 4298 qui

308 4320 401 4372 καὶ
436 4319 721 4391 βάλλοντα
746 4318 844 4371 τὸν
881 4318 1126 4370 Σατανᾶν
1155 4319 1398 4381 καὶτοὺς
1427 4316 1651 4387 ἔχοντας
1701 4317 1762 4369 τὸ
1818 4317 1917 4388 χά-

2025 4316 2401 4372 characterem
2430 4317 2605 4388 ipsius
2635 4317 2943 4380 habebant,
2975 4318 3031 4372 in
3057 4319 3315 4389 abyssum
3337 4358 3353 4383 ,
3378 4326 3430 4373 et
3458 4319 3611 4373 clau-

307 4428 502 4483 ρατμα
540 4409 720 4466 αὐτοῦ
755 4409 841 4471 είς
890 4407 989 4479 τὴν
1013 4408 1270 4475 ἄϐυσσον,
1306 4410 1401 4463 καὶ
1430 4409 1683 4463 κλείοντα
1730 4408 1919 4463 ἐπάνω

2028 4411 2249 4467 dentem
2280 4411 2520 4482 desuper
2550 4412 2728 4483 ipsum
2748 4453 2765 4481 ,
2798 4429 2868 4469 ne
2898 4413 3131 4484 posthac
3175 4414 3411 4483 amplius
3443 4413 3610 4468 sedu-

300 4501 495 4567 ούτοῦ,
525 4503 623 4556 ἴνα
649 4500 857 4572 μηκέτι
892 4499 1143 4573 πλανήσῃ
1174 4500 1244 4555 τὰ
1271 4500 1398 4573 ἔθνη
1423 4501 1528 4565 ἓως
1548 4501 1684 4554 ἐτῶν
1704 4501 1913 4571 χιλίων.

2024 4507 2176 4554 ceret
2198 4507 2410 4570 gentes,
2435 4500 2610 4555 donec
2634 4504 2946 4573 consumpti
2976 4504 3087 4558 sint
3110 4504 3256 4557 mille
3280 4504 3430 4557 anni.
3465 4502 3609 4558 Mar-

298 4588 433 4646 Εἷτα
464 4593 703 4665 ἑώρακε
739 4592 873 4654 τοὺς
916 4590 1201 4662 μάρτυρας
1250 4594 1308 4646 ὲν
1357 4591 1484 4664 δόξῃ
1533 4591 1919 4663 βασιλεύοντας

2026 4598 2173 4662 tyres
2203 4590 2404 4647 deinde
2432 4592 2570 4646 vidit
2598 4608 2722 4648 cum
2751 4594 2920 4664 gloria
2953 4594 3011 4648 in
3038 4592 3261 4649 Christo
3293 4601 3603 4666 regnantes.

295 4688 352 4741 ἑιν
369 4687 640 4763 Χριστῷ.
691 4682 832 4740 Εἶτα
872 4684 1116 4757 ἑώρακεν
1137 4726 1152 4751 ,
1183 4687 1263 4741 ὅτι
1292 4687 1430 4759 μετὰ
1452 4687 1598 4759 χίλια
1632 4687 1726 4759 ἔτη
1755 4686 1919 4760 λυθή-

2026 4681 2177 4739 Vidit
2210 4685 2338 4739 item
2375 4685 2522 4754 quod
2558 4684 2792 4741 Satanas
2822 4693 2949 4762 post
2979 4686 3128 4741 mille
3166 4700 3343 4741 annos
3386 4686 3609 4741 solven-

296 4794 451 4832 σεται
477 4782 512 4833 ὁ
540 4778 828 4840 Σατανᾶς,
850 4776 947 4829 καὶ
980 4774 1307 4847 βληθήσεται
1346 4780 1427 4840 είς
1457 4777 1557 4847 τὴν
1588 4776 1787 4847 λίμνην
1817 4776 1912 4831 τοῦ

2024 4776 2131 4831 dus
2160 4777 2267 4840 sit,
2296 4784 2351 4832 et
2380 4776 2729 4846 abjiciendus
2758 4777 2812 4831 in
2842 4784 3095 4848 stagnum
3128 4777 3270 4848 ignis
3294 4814 3309 4841 ,
3341 4791 3465 4831 cum
3493 4775 3607 4829 An-

291 4872 470 4944 πυρὸς
520 4871 680 4945 μετά
725 4870 823 4923 τοῦ
873 4869 1240 4939 Ἀντιχρίστου
1278 4872 1359 4935 είς
1394 4872 1522 4936 τοὺς
1564 4871 1766 4937 αἰῶνας
1808 4872 1918 4926 τῶν

2025 4867 2278 4923 tichristo
2298 4908 2315 4933 ,
2342 4870 2399 4923 in
2431 4869 2631 4925 sazcula
2661 4869 3010 4926 saeculorum.
3040 4869 3170 4925 Post
3194 4868 3309 4922 haec
3334 4866 3468 4920 vidit
3491 4881 3606 4922 caa-

290 4962 534 5017 αὶὼνων.
577 4958 726 5015 Εἶτα
755 4958 1009 5029 ἑώρακεν
1034 4961 1263 5033 οὐρανὸν
1285 4962 1491 5027 καινὸν,
1522 4963 1617 5016 καὶ
1648 4963 1752 5033 γῆν
1771 5002 1786 5027 ,
1823 4964 1919 5017 καὶ

2024 4957 2138 5012 lum
2178 4973 2382 5014 novum
2403 4994 2418 5023 ,
2450 4968 2656 5014 terram
2697 4974 2897 5015 novam
2931 4974 2997 5012 ac
3024 4957 3327 5014 Jerusalem
3362 4971 3562 5011 novam
3583 4997 3599 5022 ,

287 5055 384 5126 τὴν
422 5054 817 5129 Ἰερουσαλὴμ
834 5052 1047 5125 καινὴν,
1075 5055 1169 5107 καὶ
1195 5055 1407 5127 ἑώρακε
1434 5058 1676 5128 ποταμὸν
1721 5058 1912 5121 ὕδατος

2023 5056 2078 5104 et
2108 5047 2331 5105 fluvium
2364 5064 2518 5119 aqua!
2543 5050 2708 5115 vivae,
2742 5067 2806 5107 ac
2829 5066 3021 5107 servos
3049 5049 3142 5104 Dei
3167 5047 3604 5117 contemplantes
3628 5083 3632 5089 -

286 5145 452 5218 ζωῆς,
479 5148 596 5202 καὶ
618 5146 756 5208 τοὺς
782 5143 1004 5207 δούλους
1022 5142 1115 5196 τοῦ
1145 5143 1278 5198 Θεοῦ
1297 5146 1637 5217 θεωροῦντας
1658 5146 1720 5199 τὸ
1744 5146 1913 5218 πρόσ-

2023 5140 2218 5196 faciem
2260 5142 2415 5212 ejus,
2449 5150 2504 5198 et
2544 5142 2810 5199 habentes
2841 5159 3043 5198 nomen
3078 5142 3197 5212 ejus
3237 5140 3292 5196 in
3324 5139 3602 5195 frontibus

285 5256 433 5292 ωπον
455 5237 679 5300 αὐτοῦ,
709 5238 810 5290 καί
838 5235 1068 5306 ἔχοντας
1112 5238 1206 5290 ἐπὶ
1230 5237 1324 5291 τοῦ
1358 5235 1612 5308 μετώπου
1648 5237 1710 5291 τὸ
1743 5237 1915 5309 ὄνομα

2023 5233 2159 5290 suis.
2190 5233 2329 5289 Cum
2362 5235 2479 5290 haec
2508 5237 2734 5293 vidisset
2774 5236 3053 5299 Joannes,
3097 5233 3361 5304 procidit,
3409 5234 3621 5289 volens.

285 5333 473 5389 αὐτοῦ.
540 5330 753 5386 Ταῦτα
826 5327 1089 5398 ἑωρακὼς
1154 5322 1403 5401 Ἰωάννης
1463 5328 1625 5381 ἔπεσε
1660 5370 1674 5390 .
1749 5329 1917 5383 θέλων

2023 5328 2253 5383 adorare
2289 5327 2543 5397 angelum
2565 5369 2581 5392 ,
2612 5328 2707 5399 qui
2749 5328 2855 5384 sibi
2888 5327 3005 5380 haec
3035 5326 3220 5379 omnia
3260 5325 3598 5382 ostenderat.

285 5425 697 5495 προσκυνῆσαι
725 5419 812 5493 τῷ
847 5420 1068 5491 ἀγγέλῳ
1097 5422 1392 5476 δεικνύοντι
1411 5421 1562 5494 αὐτῷ
1581 5422 1755 5477 ταῦτα
1779 5421 1919 5477 πάν-

2023 5422 2089 5476 At
2127 5423 2354 5492 angelus
2389 5422 2887 5493 prohibuitvillum,
2918 5419 3149 5477 dicens;
3183 5416 3306 5473 Non
3347 5435 3427 5473 me
3452 5460 3468 5484 ,
3508 5418 3601 5474 sed

282 5534 367 5573 τα.
392 5521 515 5574 Καὶ
550 5514 858 5571 ἐκώλυσεν
892 5513 1052 5566 αὑτὸν
1081 5515 1111 5566 6
1136 5514 1366 5584 ἄγγελος
1390 5516 1567 5585 λέγων
1587 5533 1601 5547 ’
1627 5535 1646 5567 ι
1678 5516 1770 5589 Μὴ
1794 5516 1919 5589 ἐμοὶ

2023 5515 2189 5570 Deum
2219 5514 2428 5579 adora;
2458 5530 2549 5585 ego
2578 5514 2718 5568 enim
2750 5529 3029 5568 conservus
3063 5520 3185 5565 tuus
3213 5528 3333 5567 sum
3357 5512 3423 5566 ".
3460 5509 3600 5567 Cum

284 5609 628 5681 προσ-κύνει,
669 5604 819 5659 ἀλλά
848 5603 928 5674 τῷ
962 5602 1115 5674 Θεῷ’·
1146 5605 1256 5675 ἐγὼ
1308 5608 1413 5679 γὰρ
1482 5607 1763 5673 σύνδουλός
1818 5625 1913 5661 σου

2023 5614 2202 5659 autem
2236 5605 2342 5661 ista
2375 5603 2616 5666 videret,
2650 5602 2859 5657 audivit
2897 5617 2927 5655 a
2968 5601 3202 5658 Domino
3244 5615 3433 5660 nostro
3469 5600 3601 5658 Jesu

285 5702 414 5773 εἰμί.
449 5722 472 5755 ι
534 5699 789 5754 Βλέπων
823 5695 882 5749 δὲ
929 5692 1120 5762 ταῦτα,
1160 5696 1322 5769 ἥκουε
1370 5700 1518 5769 παρὰ
1556 5699 1652 5752 τοῦ
1704 5699 1915 5770 Κυρίου

2023 5698 2275 5771 Christo,
2318 5696 2464 5769 quod
2506 5696 2623 5767 ipse
2664 5696 2735 5751 sit
2772 5696 2865 5766 qui
2907 5706 3028 5763 cst,
3078 5704 3133 5751 et
3172 5696 3316 5752 idem
3367 5696 3486 5766 ipse
3526 5693 3607 5748 sit

349 5879 397 5921 ιδ
430 5879 629 5952 Apoc.
677 5889 770 5938 Si,
815 5872 906 5926 l5.
990 5871 1029 5904 ¹⁸
1069 5872 1235 5944 Apoc.
1280 5892 1401 5941 XIX,
1450 5875 1531 5931 l0.
