4066 6388
504 394 604 452 ιιι
1656 389 1721 444 S.
1762 387 2110 443 ATIIANASI

2126 387 2225 445 US.
2253 420 2323 431 -—
2363 388 2595 447 DUBIA.
3645 391 3732 446 L32

499 512 739 571 Verbum
768 513 898 579 Dei,
938 514 1083 586 quod
1121 512 1513 585 posterioribus
1557 497 1899 581 temporibus
1937 525 2066 580 pro-
2094 546 2105 574 Α

2125 539 2139 574 ι
2167 512 2322 584 ἡμῶν
2360 512 2533 581 Ἰησοῦ
2560 510 2818 583 Χριστοῦ,
2853 511 2935 566 δτι
2966 512 2996 565 ό
3018 510 3092 563 ὧν
3122 511 3257 576 ἐστι,
3299 512 3390 565 καὶ
3422 511 3583 576 αὑτός
3605 513 3731 566 ἐστιν

499 611 620 673 pter
646 617 749 658 nos
776 603 1119 658 incarnatum
1160 608 1283 656 est:
1327 602 1529 664 homo,
1581 600 1805 668 inquam
1832 639 1850 665 ,
1888 599 2068 669 perfe-

2173 605 2203 656 ὁ
2232 602 2326 656 τοῦ
2350 602 2486 656 Θεοῦ
2514 603 2707 672 Λόγος,
2732 603 2880 665 ὅστις
2900 600 3124 674 ὕστερον
3151 600 3217 654 δι’
3242 602 3389 673 ἡμᾶς
3423 602 3728 674 σαρκωθείς·

497 705 624 754 ctus
651 697 829 754 factus
862 704 977 761 est,
1012 704 1067 750 et
1095 693 1268 750 Filius
1300 693 1540 750 hominis
1569 703 1795 750 vocatus
1822 701 1928 749 est.

2172 694 2315 764 λέγω
2344 694 2408 767 δὴ
2429 695 2631 760 τέλειος
2662 695 2882 766 γέγονεν
2914 692 3219 766 ἄνθρωπος,
3256 694 3350 747 καὶ
3390 694 3595 767 ἐκλήθη
3620 695 3731 760 re,

2172 785 2481 859 ἀνθρώπου.

498 896 639 953 Sunt
663 897 786 951 item
817 896 914 949 alii
944 896 1159 967 quidam
1188 896 1309 949 libri
1340 896 1475 967 varii
1501 936 1523 967 ,ν
1549 901 1742 967 prater
1764 894 2069 967 prrrdictoa,

2172 898 2309 953 Εἰσὶ
2329 898 2397 952 δὲ
2424 898 2520 952 καί
2542 897 2705 953 ἄλλα
2723 898 2933 963 ,ϐιϐλία
2972 896 3222 966 διάφορα
3246 896 3405 965 παρὰ
3436 897 3508 952 τὰ
3535 901 3732 967 προλε-

561 968 839 1065 sttriusque
867 983 983 1019 cum
1014 966 1231 1065 VSteris,
1257 975 1367 1065 tum
1390 964 1442 1017 Ν
1447 966 1527 1019 ovi
1550 965 1907 1065 Testamenti;
1936 980 2070 1032 quo-
2166 1005 2167 1009 η

565 1054 682 1065 ...ιω
717 1054 744 1065 ι.
774 1038 834 1065 ζί..
866 1046 1047 1065 ,ιιι-ουκ
1092 1038 1246 1065 ἔρξε-η.
1300 1054 1327 1065 η
1356 1037 1392 1065 ἔὶ
1425 1050 1650 1065 anan-nn
1673 1036 1705 1065 u'
1732 1045 1984 1065 luant-nl..-

2166 1005 2171 1009 -
2243 970 2459 1065 ξᾴέντιξ
2477 968 2760 1065 ξῆατέρας
2787 964 3103 1065 Δςαθλζξκηςῖζ
3137 964 3249 1065 τῇς
3272 964 3733 1065 Παλωξὲῥξλς-

565 1054 685 1090 rum
713 1034 834 1091 aliis
862 1035 1266 1101 contradicitur,
1296 1035 1393 1089 alii
1421 1034 1705 1105 apocryplti
1732 1045 2004 1089 vocantur.

2242 1034 2318 1107 δὴ
2351 1039 2449 1092 καὶ
2470 1034 2661 1104 Νέας-ί
2690 1040 2761 1092 τὰ
2779 1037 2900 1107 μὲν
2931 1034 3378 1108 ἀντιλεγόμενα,
3412 1038 3486 1091 τὰ
3509 1035 3578 1091 δὲ
3604 1037 3733 1092 ἀπό-

2243 1126 2463 1180 κρυφᾶ.

542 1220 654 1301 κἰι.
695 1219 772 1276 De
806 1220 964 1277 libris
1002 1219 1217 1276 Veteris
1266 1218 1641 1278 Testamenti.
1694 1220 1894 1290 quibus
1940 1234 2074 1274 con-

2241 1226 2329 1279 74.
2362 1224 2443 1278 Τὰ
2480 1224 2578 1295 μὲν
2607 1218 2702 1277 οὖν
2732 1220 3123 1291 ἀντιλεγόμενα
3145 1220 3245 1293 τῆς
3267 1222 3511 1286 Παλαιᾶς
3555 1222 3730 1297 προεί-

489 1312 809 1378 -tradicitur,
838 1312 952 1383 jam
992 1322 1151 1367 antea
1180 1312 1456 1376 diximus,
1490 1320 1552 1367 ut
1589 1321 1754 1371 sunt,
1789 1310 2071 1381 Sapientia

2171 1333 2345 1389 πομεν
2378 1317 2475 1387 μὲν
2508 1315 2604 1368 καὶ
2634 1314 2918 1386 πρότερον,
2946 1312 3023 1376 ὣς
3061 1315 3177 1366 ὲστι
3236 1314 3405 1384 Σοφία
3466 1315 3729 1386 Σολομῶν.

490 1404 833 1471 Salomonis,
865 1405 1143 1476 Sapientia
1167 1404 1298 1461 Jesu
1328 1405 1421 1459 ﬁlii
1457 1403 1664 1476 Syrach
1685 1445 1700 1470 ,
1730 1402 1946 1468 Esther,
1973 1400 2072 1456 Ju-

2169 1426 2279 1473 τος,
2308 1407 2401 1461 καὶ
2433 1406 2602 1474 Σοφία
2648 1402 2820 1475 Ἰησοῦ
2846 1402 2964 1457 υἱοῦ
2990 1403 3173 1474 Συρὰχ
3193 1442 3208 1467 ,
3252 1405 3347 1457 καὶ
3390 1404 3610 1477 Ἑσοὴρ,
3650 1404 3734 1458 καὶ

495 1496 612 1551 dith
656 1506 711 1552 et
760 1496 983 1551 Tobias.
1016 1495 1141 1552 Istis
1167 1497 1331 1550 etiam
1359 1503 1828 1551 connumerantur
1854 1493 2072 1548 Macha-

2183 1499 2390 1563 Ἰουδὶθ,
2437 1500 2532 1554 καὶ
2585 1499 2797 1552 Τωϐίτο
2858 1500 2955 1553 σὺν
3004 1498 3230 1562 ἐκείνοις
3273 1498 3329 1552 δὲ
3358 1499 3453 1552 καὶ
3490 1498 3730 1571 ταῦταῆ-

494 1583 737 1640 hacrum
769 1586 893 1640 libri
919 1593 1177 1655 quatuor,
1205 1583 1555 1650 Ptolemaici,
1588 1585 1821 1648 Psalini,
1850 1591 1905 1639 et
1931 1585 2072 1638 Can-

2173 1591 2462 1663 ρίθμηνται
2486 1607 2501 1621 ’
2551 1588 2923 1644 Μακκαϐαἳκὲι
2978 1588 3158 1659 βιϐλία
3206 1588 3279 1651 δ’,
3357 1590 3731 1662 Πτολεμαῖκα,

498 1675 670 1733 ticum
711 1674 1059 1739 Salomonis,
1097 1675 1363 1732 Susannae
1399 1677 1652 1731 historia.
1685 1674 1752 1730 Ili
1786 1691 1852 1731 ex
1886 1673 2069 1730 Veteri

2169 1680 2392 1751 Ψαλμοὶ
2449 1681 2541 1734 καὶ
2581 1680 2703 1752 ’ῼδὴ
2749 1678 3112 1750 Σολομῶντος,
3142 1679 3414 1734 Σωσάννα.
3451 1680 3635 1736 Ταῦτα
3675 1681 3734 1737 τὰ

496 1766 852 1825 Testamento
880 1775 1046 1831 sunt,
1078 1769 1277 1838 quibus
1309 1768 1727 1824 contradicitur.
1748 1807 1761 1823 .

1669 1783 1727 1824 ll‘.
1748 1807 1761 1823 .
2168 1770 2559 1841 ἀντιλεγόμενα
2584 1771 2680 1842 τῆς
2707 1770 2951 1836 Παλαιᾶς
2978 1770 3275 1843 Διαθήκης.

655 1902 951 1972 Apocryphi
974 1917 1041 1956 ea:
1079 1900 1249 1956 Veteri
1282 1900 1612 1955 Testamento
1640 1909 1765 1955 sunt
1795 1900 1909 1958 isti.
2102 1860 2143 1915 Β
2230 1890 2261 1942 Ί

2102 1860 2143 1915 Β
2230 1885 2306 1942 Τὰ
2335 1885 2404 1939 δὲ
2423 1885 2742 1955 ἀπόκρυφα
2768 1884 2955 1966 ccci/leg
2979 1883 3086 1954 τῆς
3110 1884 3375 1953 Halani;-
3402 1885 3690 1957 Διαθήκης

2841 1973 3048 2010 ταυτα.

569 2061 658 2118 75.
699 2061 885 2117 Enoch
915 2103 931 2128 ,
954 2061 1318 2126 Patriarchaa,
1364 2061 1553 2116 Oratio
1585 2061 1820 2133 Joseph,
1873 2061 2071 2119 Testa-

2238 2069 2333 2125 75.
2380 2067 2571 2140 Ἑνὼχ,
2615 2068 2997 2139 Πατριάρχαι,
3027 2069 3309 2141 Προσευχὴ
3352 2066 3571 2140 Ἰωσὴφ,
3625 2069 3736 2123 Δια-

497 2163 738 2211 mentum
767 2154 967 2227 Moysis
986 2193 1001 2217 ,
1031 2155 1347 2225 Assumptio
1375 2153 1610 2226 Moysis,
1636 2154 1914 2210 Abraham
1939 2195 1955 2221 ,
1980 2154 2073 2210 El-

2173 2160 2313 2232 θήκη
2368 2159 2681 2224 Μωῦσέως,
2754 2157 3044 2230 Ἀνάληψις
3094 2159 3407 2224 Μωῦσέως,
3475 2157 3735 2230 Ἀϐραὰμ,

499 2248 604 2303 dad
629 2255 685 2303 et
715 2246 938 2313 Modad,
987 2246 1115 2302 Elia:
1172 2248 1482 2318 prophetai,
1517 2246 1812 2318 Sophouiae
1847 2248 2075 2319 prophe-

2184 2252 2372 2307 Ἐλδὰδ
2403 2251 2500 2305 καὶ
2535 2249 2754 2315 Μωδὰδ,
2790 2246 2969 2302 Ἡλίου
3003 2249 3313 2319 προφήτου,
3347 2247 3603 2317 Σοφονίου
3624 2263 3739 2319 προ-

496 2345 604 2403 ῑε,
654 2338 933 2395 Zachariae
958 2379 975 2404 ,
1029 2338 1208 2395 Patris
1259 2338 1522 2403 Joannis,
1567 2337 1779 2395 Baruch
1810 2381 1829 2407 ,
1867 2340 2070 2395 Amm-

2174 2345 2366 2415 φήτου,
2401 2341 2671 2414 Ζαχαρίου
2707 2340 2912 2412 πατρὸς
2955 2340 3199 2394 Ἰωάννου
3219 2380 3234 2404 ,
3266 2340 3515 2411 Βαροὺχ,
3557 2339 3739 2412 Ἀμϐα-

490 2445 623 2487 eum
649 2471 665 2494 ,
699 2430 955 2486 Ezechiel
983 2441 1039 2486 et
1066 2431 1256 2486 Daniel
1286 2430 1427 2488 falso
1458 2431 1733 2503 inscripti.

2166 2437 2337 2507 κοὺμ,
2374 2432 2641 2505 Ἐζεχιὴλ,
2672 2432 2768 2487 καὶ
2796 2429 2993 2503 Δανιὴλ
3019 2430 3447 2503 ᾠευδεπίγραφα.

594 2548 734 2605 Novi
768 2558 943 2604 autem
979 2547 1327 2669 Testamenti,
1359 2546 1546 2617 quibus
1580 2544 1987 2608 contradicitur,

1183 2635 1220 2672 ιι
1256 2629 1407 2673 sunt.

2284 2547 2399 2617 Τῆς
2446 2545 2601 2614 Νέας
2638 2545 2825 2601 πάλιν
3217 2545 3645 2615 ἀντιλεγόμενα

2786 2632 2973 2670 ταυτα
3022 2634 3056 2670 ο
3120 2654 3134 2667 .

1183 2635 1220 2672 ιι
1256 2632 1407 2673 sunt.
2786 2638 2789 2647 ‘

2786 2632 2973 2670 ταυτα
2998 2632 3133 2673 (σοι.

579 2733 671 2789 76.
713 2733 913 2788 Itinera
948 2731 1094 2787 Petri
1121 2771 1136 2792 ,
1169 2729 1365 2786 Itinera
1393 2728 1655 2797 Joannis,
1691 2728 1893 2785 Itinera
1924 2729 2074 2783 Tho-

2239 2730 2333 2785 76.
2365 2730 2610 2803 Περίοδοι
2634 2730 2866 2801 Πέτρου,
2891 2729 3137 2801 Περίοδοι
3186 2728 3451 2795 Ἰωάννου,
3505 2728 3741 2804 Περίοδοι

494 2841 600 2881 mae
624 2866 639 2891 ,
663 2824 1011 2896 Evangelium
1033 2822 1330 2879 secundum
1353 2820 1614 2876 Thomam
1633 2862 1648 2885 ,
1674 2821 1925 2877 Doctrina
1947 2836 2078 2892 apo-

2175 2822 2365 2893 Θωμᾶ,
2405 2822 2739 2892 Εὑαγγέλιον
2763 2821 2906 2876 κατὰ
2954 2822 3148 2892 emus,
3172 2820 3367 2892 Διδαχὴ
3414 2820 3740 2886 ἀποστόλων,

500 2918 794 2982 stolarum,
826 2916 1188 2971 Clementina.
1224 2913 1297 2968 Ex
1330 2914 1416 2969 his
1441 2913 1654 2969 veriora
1686 2914 1933 2984 quadam
1963 2924 2016 2967 et
2044 2929 2074 2969 a

2176 2914 2512 2985 Κλημέντια,
2545 2913 2603 2979 ἐξ
2624 2906 2701 2966 ὧν
2725 2911 3180 2984 μετεφράσθησαν
3203 2911 3494 2981 ὲκλεγέντα
3523 2910 3595 2965 τὰ
3613 2909 3742 2981 ἁλη-

499 3007 612 3065 Deo
652 3009 919 3079 inspirata
948 3046 963 3073 ,
1009 3023 1168 3064 versa
1217 3014 1273 3062 et
1318 3006 1490 3062 electa
1532 3013 1704 3072 sunt,
1749 3013 1805 3061 et
1847 3021 1913 3061 ea
1950 3012 2076 3060 sunt

2176 3006 2407 3078 θέστερα
2454 3006 2549 3059 καὶ
2611 3004 2963 3059 θεόπνευστα.
3021 3003 3207 3058 Ταῦτα
3251 3003 3319 3057 τὰ
3378 3002 3744 3082 αναγινωσκό-

503 3117 625 3172 qua:
655 3102 934 3172 leguntur.

729 3109 934 3171 guntur.
2174 3113 2335 3167 μενα.

574 3211 732 3283 155
765 3211 832 3266 lli
863 3226 1055 3266 omnes
1086 3210 1417 3282 cognitionis
1446 3211 1622 3281 gratia
1653 3211 1885 3283 expositi
1920 3217 2067 3276 sunt,
2098 3224 2140 3282 α

2136 3226 2140 3280 ς
2245 3207 2430 3263 Ταῦτα
2470 3208 2648 3264 πάντα
2677 3208 2999 3281 ἐξετέθησαν
3028 3208 3127 3281 μὲν
3165 3209 3286 3262 ὅσον
3334 3208 3472 3280 πρὸς
3521 3207 3742 3279 εἴδησιν,

500 3318 756 3375 perverse
783 3310 964 3357 tamen
1009 3303 1220 3372 scripti,
1253 3303 1405 3357 nothi
1433 3318 1497 3358 ac
1521 3304 1759 3373 reprobi.
1790 3301 1855 3356 Et
1878 3303 2063 3357 nullus

2172 3301 2681 3373 παραγεγραμμένα
2704 3300 2762 3354 δέ
2799 3301 2904 3353 εἱσι
2934 3300 3151 3362 πάντως
3181 3300 3271 3353 καὶ
3298 3298 3428 3352 νόθα
3447 3339 3462 3363 ,
3495 3299 3591 3351 καὶ
3617 3297 3745 3352 ἀπό-

500 3394 756 3460 istorum,
793 3395 1029 3449 maxime
1081 3394 1539 3465 apocryphorum,
1593 3394 1928 3464 approbatus
1972 3401 2068 3447 aut

2168 3391 2359 3465 ϐλητα.
2388 3393 2501 3446 Καὶ
2533 3392 2686 3445 οὐδὲν
2722 3390 2949 3455 τούτων,
2976 3390 3085 3444 τῶν
3131 3388 3463 3466 ἀποκρύφων
3495 3389 3742 3461 μάλιστα,

501 3486 654 3541 utilis
687 3492 791 3550 est,
816 3484 1114 3556 praesertim
1142 3482 1278 3540 Novi
1310 3483 1643 3540 Testamenti
1677 3502 1689 3538 :
1728 3483 1822 3539 sed
1853 3495 2065 3546 omnes,

2168 3481 2415 3554 ἔγκριτον
2445 3481 2479 3552 ἢ
2509 3480 2807 3550 ὲπωφελὲς,
2832 3479 3124 3551 ἐξαιρέτως
3148 3478 3249 3548 τῆς
3266 3477 3409 3540 Νέας
3439 3477 3741 3548 Διαθήκης·

499 3578 567 3634 iis
598 3577 839 3648 exceptis
876 3575 945 3632 de
967 3576 1166 3648 quibus
1190 3582 1370 3630 actum
1407 3587 1491 3631 est
1519 3574 1794 3646 superius,
1824 3574 1922 3644 qui
1953 3580 2008 3628 et
2037 3587 2068 3626 a

2168 3572 2305 3627 ἀλλὰ
2344 3573 2522 3628 πάντα
2553 3572 2674 3644 δίχα
2714 3572 2824 3627 τῶν
2871 3571 3129 3643 ἀνωτέρω
3173 3567 3612 3641 διαληφθέντων,
3659 3566 3748 3621 καὶ

498 3672 696 3741 priscis
717 3669 1056 3741 sapientibus
1080 3685 1144 3724 ac
1171 3669 1426 3726 Patribus
1444 3669 1725 3740 approbati
1749 3679 1900 3732 sunt,
1918 3665 2068 3737 digni

2169 3664 2530 3736 ὲγκριθέντων
2568 3663 2719 3737 παρὰ
2748 3666 2861 3728 τοῖς
2897 3664 3148 3726 παλαιοῖς
3193 3664 3376 3732 σοφοῖς
3413 3661 3510 3714 καὶ
3536 3660 3746 3731 πατρά-

500 3769 626 3817 sunt
654 3762 747 3832 qui
774 3761 1182 3817 abscondantur
1210 3760 1405 3832 magis,
1447 3775 1611 3831 quam
1646 3759 1739 3830 qui
1773 3759 2064 3829 legantur:

2172 3771 2275 3821 σιν,
2318 3755 2642 3827 ἀπκρυφῆς
2686 3754 2886 3827 μᾶλλον
2937 3755 2970 3826 ἦ
3018 3751 3374 3821 ἀναγνώσεως
3418 3750 3497 3814 ὡς
3535 3748 3749 3819 ἀληθῶς

499 3852 663 3906 etiam
690 3852 804 3914 alii,
840 3860 895 3907 et
924 3853 1019 3922 qui
1065 3852 1209 3906 inter
1242 3851 1367 3905 illos
1398 3849 1692 3921 Evangelia
1726 3864 1944 3920 quoque
1974 3863 2069 3903 voc

2169 3848 2294 3914 ἄξια
2311 3865 2327 3880 ο
2366 3849 2435 3902 τά
2461 3865 2521 3901 τε
2563 3847 2719 3911 ἄλλα,
2748 3849 2842 3902 καὶ
2888 3845 3026 3901 αὐτὰ
3050 3845 3120 3899 τὰ
3146 3843 3453 3915 καλούμενα
3476 3844 3536 3895 ὲν
3569 3843 3750 3904 αὐτοῖς

500 3948 720 4005 cantur,
751 3950 950 4012 prater
971 3949 1207 4012 quatuor
1229 3941 1321 3995 illa
1350 3956 1471 4010 quae
1497 3941 1697 3995 tradita
1729 3940 1888 3996 nobis
1917 3947 2067 3999 sunt.

2170 3938 2497 4008 Εὑαγγὲλια,
2539 3938 2696 4001 ὲκτὸς
2739 3937 2846 3993 τῶν
2874 3935 3285 4008 παραδοθέντων
3315 3935 3445 4005 ἡμῖν
3472 3932 3751 4002 τεσσάρων

498 4031 636 4086 Nam
674 4040 910 4103 quatuor
959 4033 1118 4088 nobis
1158 4032 1449 4103 Evangelia
1494 4040 1860 4087 sacrosancta:
1891 4038 1945 4086 et
1978 4046 2071 4086 ca-

2169 4031 2392 4085 τούτων.
2424 4029 2731 4101 Εὐαγγέλια
2776 4030 2884 4104 γὰρ
2922 4029 3162 4101 τέσσαρα
3217 4027 3509 4082 ὲθέσπισαν
3547 4025 3681 4096 ἡμῖν
3703 4024 3750 4077 οἱ

502 4124 718 4179 tholicae
765 4131 820 4179 et
847 4125 1160 4193 apostolicze
1185 4122 1449 4181 Ecclesiae
1477 4138 1718 4178 canones
1746 4130 2067 4178 sanxerunt.

2172 4123 2308 4201 ίερρὶ
2339 4123 2562 4187 κανόνες
2602 4123 2702 4195 τῆς
2729 4123 2889 4191 ἁγίας
2932 4120 3224 4191 καθολικῆς
3262 4119 3360 4173 καὶ
3390 4116 3753 4187 ἀποπολικῆς

503 4214 818 4271 Secundum
863 4215 1200 4281 Mattbzeum,
1231 4214 1533 4271 secundum
1573 4213 1839 4279 Marcum,
1874 4230 2068 4271 secun-

2183 4212 2536 4286 Ἐκκλησίας’
2564 4214 2626 4266 τδ
2650 4213 2792 4268 κατὰ
2825 4212 3124 4277 Ματθαῖον,
3149 4211 3212 4266 τὺ
3238 4209 3379 4265 κατὰ
3415 4210 3669 4281 Μάρκον,
3694 4206 3754 4259 τὸ

502 4309 630 4362 dum
662 4305 886 4370 Lucam,
910 4306 1210 4362 secundum
1233 4304 1521 4372 Joannem,
1550 4302 1704 4375 juxta
1728 4305 2068 4376 prophetiam

2172 4304 2314 4358 κατὰ
2341 4306 2575 4371 Λουκᾶν,
2607 4306 2784 4359 καὶτὸ
2818 4306 2963 4361 κατὰ
3003 4304 3278 4374 Ἰωάννην,
3308 4303 3450 4355 κατὰ
3488 4300 3589 4372 τὴν
3618 4316 3754 4372 προ-

501 4395 753 4461 visionis,
799 4412 961 4466 quam
1002 4395 1251 4452 Ezechiel
1286 4395 1550 4466 propheta
1578 4394 1645 4451 de
1678 4404 1916 4466 quatuor
1940 4395 2071 4451 che-

2172 4396 2401 4467 φητείαν
2433 4398 2531 4468 τῆς
2568 4396 2851 4462 ὀπτασίας,
2882 4392 2950 4469 ἦς
2976 4395 3236 4451 ἐθεάσατο
3276 4392 3532 4464 Ἰεζεχιὴλ
3567 4393 3598 4445 6
3622 4408 3756 4464 προ-

500 4488 680 4542 rubim
710 4486 867 4542 vidit.
903 4487 1151 4554 Quatuor
1177 4487 1323 4541 enim
1362 4486 1645 4542 cherubim
1686 4487 1950 4558 propheta
1981 4487 2072 4544 ille

2173 4488 2351 4558 φήτης
2391 4486 2518 4559 περὶ
2559 4487 2667 4542 τῶν
2711 4488 2991 4560 τεσσάρων
3034 4484 3317 4557 χερουδίμ.
3362 4482 3619 4555 Τέσσαρα
3647 4480 3754 4551 γὰρ

498 4576 668 4631 vidit:
703 4590 871 4630 unum
918 4576 1149 4631 similem
1190 4574 1419 4640 homini,
1455 4574 1511 4630 id
1557 4584 1664 4641 est,
1712 4575 2065 4648 Evangelium
2099 4589 2104 4642 J

2170 4576 2278 4633 εἶδε
2324 4578 2590 4651 χερουϐὶμ
2634 4573 2788 4644 οὗτος
2828 4581 2857 4634 ὁ
2893 4580 3177 4652 προφήτης
3199 4595 3213 4609 ·
3250 4577 3311 4632 τὺ
3341 4575 3398 4629 ἓν
3427 4576 3612 4647 ὅμοιον
3658 4574 3755 4626 ἁν-

500 4667 799 4722 secundum
832 4665 1183 4733 Matthazum;
1232 4668 1420 4734 alium,
1456 4668 1688 4724 similem
1723 4669 1914 4734 vitulo,
1956 4684 2066 4738 quo

2172 4671 2395 4743 θρὼπῳ,
2429 4671 2671 4726 τουτέστι
2710 4674 2770 4726 τὸ
2799 4671 2939 4726 κατὰ
2983 4671 3262 4726 Ἀίατθαίον
3296 4667 3631 4737 Εὐαγγέλιω
3651 4683 3665 4698 ⁸
3696 4664 3756 4718 τὸ

498 4757 838 4828 signiﬁcatur
885 4756 1238 4830 Evangelium
1274 4758 1576 4814 secundum
1619 4759 1898 4826 Marcum;
1957 4768 2070 4816 ter-

2168 4763 2420 4835 δεύτερον
2460 4765 2645 4835 ὅμοιον
2676 4765 2897 4834 μόσχῳ,
2947 4763 3196 4817 τουτέστι
3238 4761 3301 4816 τὸ
3338 4760 3481 4816 κατὰ
3525 4759 3755 4830 Μάρκον

496 4850 656 4914 tium,
687 4850 923 4906 similem
959 4850 1125 4917 leoni,
1157 4850 1210 4906 id
1242 4858 1348 4914 est,
1385 4849 1735 4923 Evangelium
1769 4853 2071 4908 secundum

2169 4854 2499 4926 Εὐαγγέλιον
2519 4873 2532 4886 ο
2563 4854 2623 4909 τὸ
2654 4855 2779 4910 ἄλλο
2807 4857 2992 4926 ὅμοιον
3023 4854 3219 4920 λέοντι,
3249 4855 3496 4909 τουτέστι
3524 4859 3588 4909 τδ
3615 4851 3758 4909 κατὰ

496 4938 733 5006 Lucam;
784 4949 1060 5012 quartum,
1092 4942 1325 4999 similem
1351 4943 1567 5012 aquilae.
1600 4944 1653 4998 id
1699 4950 1803 5007 est,
1825 4942 2072 5014 Evange-

2169 4947 2384 5002 Δουκᾶν
2432 4946 2758 5017 Εὐαγγέλιον
2777 4964 2790 4978 ·
2842 4947 2904 5001 τὸ
2938 4946 2996 5000 δὲ
3048 4947 3308 5018 τέταρτον
3361 4948 3548 5018 ὅμοιον
3587 4943 3758 5016 ἀετῷ,

493 5033 628 5086 lium
662 5034 962 5089 secundum
991 5033 1279 5089 Joannem.
1306 5032 1513 5089 Przeter
1540 5043 1777 5106 quatuor
1808 5035 1913 5092 ista
1943 5036 2067 5091 nul-

2169 5040 2415 5094 τουτέστι
2439 5041 2502 5095 τὸ
2525 5039 2665 5094 κατὰ
2686 5037 2940 5111 Ἰωάννην
2967 5039 3566 5112 Εὐαγγέλιον.,Παρὰδὲ
3582 5038 3762 5093 ταῦτα

496 5124 607 5176 lum
638 5132 720 5180 est
756 5125 903 5180 aliud
938 5124 1309 5197 Evangelium.

2168 5131 2237 5185 τὰ
2262 5131 2503 5204 τέσσαρα
2531 5131 2715 5203 ἕτερον
2745 5129 3072 5200 Εὐαγγέλιον
3103 5130 3274 5184 οὐδέν.

566 5210 916 5284 Evangelium
968 5215 1269 5271 secundum
1304 5215 1635 5281 Matthaeum,
1666 5217 1735 5272 ab
1782 5217 1901 5288 ipso
1930 5216 2051 5271 Mat-

2241 5224 2314 5277 Τὸ
2340 5223 2439 5295 μὲν
2464 5219 2556 5278 οὖν
2587 5223 2729 5278 κατὰ
2756 5223 3034 5278 Ματθαῖον
3062 5222 3393 5292 Εὐαγγέλιον
3414 5220 3630 5294 ἐγράφη
3663 5220 3762 5274 ὑπ’

497 5300 658 5366 ιδιεο,
703 5304 979 5360 Hebraico
1028 5306 1264 5363 dialecto
1297 5308 1668 5377 conscriptum
1717 5315 1822 5372 est,
1851 5317 1907 5363 et
1952 5308 2069 5364 edi-

2162 5312 2325 5368 αὐτοῦ
2356 5314 2449 5369 τοῦ
2490 5315 2768 5370 Ματθαίου
2808 5318 2874 5388 τῇ
2918 5315 3162 5386 Ἐϐραΐδι
3192 5314 3460 5385 διαλέκτῳ
3478 5354 3494 5379 ,
3540 5312 3636 5367 καὶ
3673 5310 3767 5377 ἑξ-

498 5401 612 5445 tum
654 5391 1030 5466 Jerosolymis,
1078 5395 1605 5468 interpretatumque
1658 5407 1745 5454 est
1793 5414 1822 5453 a
1864 5397 2067 5455 Iacobo

2162 5402 2317 5474 εδόθη
2359 5404 2419 5457 ἐν
2458 5405 2830 5479 Ἰερουσαλὴμ,
2877 5403 3194 5478 ἡρμηνεύθη
3235 5403 3292 5456 δὲ
3341 5401 3448 5457 ὑπὸ
3492 5398 3762 5456 Ἰακώϐου

499 5481 665 5540 fratre
719 5484 935 5541 Domini
990 5487 1292 5544 secundum
1331 5504 1574 5555 carnem,
1620 5491 1714 5561 qui
1765 5497 1820 5546 et
1855 5491 2066 5561 primus

2164 5492 2257 5547 τοῦ
2284 5493 2515 5565 ἀδελφοῦ
2545 5497 2639 5552 τοῦ
2672 5498 2878 5570 Κυρίου
2901 5497 2963 5551 τὸ
2995 5494 3136 5552 κατὰ
3162 5494 3363 5567 σάρκα,
3395 5494 3456 5558 ὃς
3481 5494 3578 5548 καὶ
3604 5489 3770 5562 πρῶ-

568 5638 678 5712 (133)
717 5640 849 5708 Quae
873 5640 963 5723 hic
990 5642 1377 5723 ἀντιλεγόμενα
1412 5642 1688 5723 dicuntur,
1720 5641 1867 5723 apud
1909 5640 2071 5723 Nice-
2176 5648 2422 5723 epistolas
2471 5665 2594 5723 quae
2644 5650 2894 5708 fortassis
2941 5651 3098 5722 lapsu
3153 5646 3437 5722 graphico,
3489 5645 3579 5702 hic
3624 5645 3775 5719 sunt

496 5709 729 5827 phorum
760 5719 1026 5763 vocantur
1050 5709 1380 5792 apocrypha,
1406 5720 1480 5776 et,
1509 5724 1566 5765 ut
1586 5709 2067 5780 putatur,rectius.
2176 5709 2412 5776 dmissa,

525 5780 666 5827 ’orro
690 5781 828 5827 anud
850 5782 1099 5827 eurmlem
1125 5781 1462 5827 adiiciuntnr
1490 5783 1681 5827 Innatii
1709 5790 1761 5827 et
1780 5780 2065 5827 Pnivcarni

543 5793 666 5832 orro
690 5781 829 5849 apud
850 5782 1100 5836 eumdem
1125 5780 1462 5851 adjiciuntur
1490 5783 1682 5852 lgnatii
1709 5790 1761 5837 et
1780 5780 2068 5854 Polycarpi
