4066 6388
270 344 353 413 cs-
1378 336 1714 394 svs‘orsm
1756 331 2173 391 scalprum;
2217 285 2489 405 SACRE.
3438 331 3541 387 iss
3582 414 3588 421 ι

274 463 551 537 importata;
595 463 714 516 ὑπὸ
755 461 1100 534 Σολομῶντος
1143 458 1472 516 ἐκδεδόσθαι.
1494 458 1658 530 φησὶν
1690 459 1723 527 ἡ
1758 456 1864 509 τῶν

2001 452 2114 507 dita
2145 468 2176 507 a
2212 450 2507 507 Salomone
2535 451 3260 523 tradit.Paralipomenorum
3292 447 3544 518 Scriptu-

273 555 772 628 Ἡαραλειπομένων
811 555 1000 626 Γραφή
1033 552 1142 624 (46)
1169 570 1181 582 ·
1235 552 1349 606 ἀλλ’
1392 553 1493 604 οὐκ
1542 551 1646 603 εἰσὶ
1684 548 1780 602 νῦν
1815 549 1849 621 ἢ

1958 560 2018 599 ra
2055 564 2070 600 :
2108 544 2202 600 sed
2254 545 2400 600 nulla
2447 543 2562 613 jam
2608 550 2827 599 exstant
2858 558 3022 615 quam
3070 559 3136 599 ea
3195 557 3315 614 qua:
3346 541 3540 611 recipit

274 648 405 723 μόναι
459 647 519 699 αἱ
579 644 1105 717 ὲκκλησιαζόμεναι.
1158 643 1230 696 Τὸ
1265 638 1452 715 τᾼσμα
1500 641 1558 707 ἐξ
1594 638 1853 712 ᾀσμάτων

1957 635 2226 691 Ecclesia.
2293 635 2580 690 Canticum
2638 634 2969 706 mysticum,
3024 648 3091 688 ex
3162 630 3539 701 compluribus

272 721 507 794 nictomv
536 737 603 791 τὸ
647 736 919 809 μυστικὸν
956 734 1251 804 ἐξειλέχθαι
1288 732 1711 806 ἐπιγέγραπται.
1739 730 1854 784 Ἰώ-

1956 727 2190 784 canticis
2215 728 2476 783 selectum
2508 741 2632 783 esse
2657 725 2773 796 ipsa
2797 724 2900 781 fert
2929 722 3238 796 inscriptio.
3262 721 3538 792 Iosephus

275 848 414 904 σηπος
448 831 509 884 δὲ
550 832 777 902 ἱστορεῖ
813 828 907 882 δύο
940 827 1115 899 βιϐλία
1146 826 1478 908 προφητείας
1511 825 1603 878 τὸν
1635 824 1850 895 προφή-

1956 835 2088 875 vero
2117 818 2286 873 tradit
2316 817 2659 873 Ezechielem
2688 816 3012 887 prophetam
3052 814 3193 870 duos
3236 811 3539 884 prophetiae

272 942 351 995 την
386 923 499 997 (47)
550 922 834 994 Ἱεζεκιὴλ
861 920 1197 993 γεγράφθαιο
1228 921 1284 976 ἒν
1314 920 1370 973 δὲ
1394 904 1554 991 μονον
1590 915 1851 985 ἐπιγινώ-

1954 913 2129 968 libros
2162 910 2600 983 conscripsisse:
2633 910 2838 964 scimus
2870 916 3051 964 autem
3081 922 3248 960 unum
3272 904 3534 958 duntaxat

276 1033 443 1088 σκομεν
469 1014 866 1087 εὑρίσκεσθαι.

1957 1004 2208 1073 reperiri.
2256 1001 2486 1074 (Itaque
2538 1002 2654 1057 haec
2700 1002 2883 1055 omnia
2934 1015 3033 1071 per
3082 998 3372 1068 impiorum
3431 993 3532 1050 Ju-

1955 1096 2196 1151 dtcorum
2243 1093 2541 1149 amentiam
2600 1099 2654 1147 et
2688 1091 2957 1147 incuriam
3014 1089 3310 1156 interiisse,
3357 1085 3536 1143 mani-

1954 1187 2153 1243 festum
2178 1188 2309 1259 cst.)

326 1371 421 1443 (46)
456 1369 660 1427 3aroc.
688 1368 1007 1425 ἐκδεδόσθαι
1036 1370 1068 1438 ἡ
1099 1367 1208 1421 τῶν
1235 1364 1728 1437 Παραλειπομένων
1758 1365 1845 1419 λέ-

1951 1365 2266 1443 προφητῶν,
2292 1364 2399 1443 ,τὸν
2448 1380 2615 1443 προ-φ.
2660 1363 2892 1443 Pi'azstat
2933 1360 3082 1431 Regii
3136 1361 3314 1417 lectio.
3348 1358 3534 1443 Porro

272 1430 572 1515 γείξροίρή,
1135 1512 1147 1515 _
1381 1507 1432 1515 υ
1476 1430 1647 1515 ..ξω
1776 1506 1802 1515 _
1950 1430 2083 1506 quae
2116 1430 2337 1515 uncinis
2383 1430 2985 1515 includuntur_Latina,
3022 1430 3297 1515 nusquam
3344 1430 3530 1487 Graece

326 1486 663 1584 (ίῖῖ-Ιξείῖὀο.
709 1510 1019 1582 Ἱώσηππος
1048 1508 1104 1561 δὲ
1134 1509 1337 1580 ἱστορεῖ
1376 1486 1684 1577 δύο⁸βι6λία
1735 1506 1844 1561 τῶν

1816 1524 1844 1561 ν
1951 1486 2999 1578 sedexirprius’editisbuc
3021 1486 3421 1559 transtulimus.

364 1867 1078 1963 ADMONITIO
1152 1868 1279 1957 ΙΝ
1361 1863 2354 1959 DISPUTATIONEM
2431 1863 2906 1957 CONTRA
2974 1863 3399 1955 ABIUM.

324 2090 466 2162 157
491 2093 537 2145 Ι.
563 2088 880 2143 Prmmissis
902 2087 968 2142 iis
990 2085 1230 2157 operibus
1251 2101 1367 2156 quae
1387 2093 1567 2139 nostro
1588 2084 1930 2152 doctorumqu

1918 2099 1962 2137 te
1974 2081 2179 2152 judicio
2196 2092 2377 2153 aperta
2403 2082 2613 2146 νοθείας
2641 2082 2716 2137 vel
2732 2081 3081 2153 γνησιὸτητος
3098 2099 3199 2135 non
3224 2081 3413 2138 habent
3441 2085 3524 2137 in-

263 2185 404 2251 dicio,
439 2202 501 2238 ea
527 2183 655 2253 jam
685 2180 921 2245 edimus,
948 2195 1063 2249 qua:
1090 2177 1228 2247 falso
1252 2176 1537 2230 Athanasii
1564 2176 1815 2245 pra-ferre
1848 2191 2032 2229 nomen
2055 2175 2304 2245 liquidius
2327 2173 2716 2244 comprobatur.
2737 2172 2980 2226 Primum
3019 2173 3071 2228 in
3107 2172 3262 2227 editis
3291 2176 3520 2228 occurrit

259 2277 527 2347 disputatio
565 2283 765 2328 contra
797 2273 989 2327 Arium
1011 2269 1064 2324 in
1101 2268 1327 2323 concilio
1360 2266 1413 2320 Ν
1419 2268 1602 2321 icaeno.
1655 2266 1798 2335 Opus
1812 2266 1931 2335 jam
1957 2266 2161 2331 pridem
2196 2282 2230 2319 a
2270 2267 2399 2321 viris
2432 2265 2601 2320 doctis
2634 2264 2931 2321 Athanasio
2961 2267 3345 2337 abjudicatum.
3371 2268 3520 2324 Libet

262 2377 411 2421 atem
448 2367 539 2421 hic
589 2381 878 2435 apponere,
919 2381 1037 2435 qua:
1066 2366 1135 2418 ad
1168 2364 1368 2419 calcem
1409 2363 1655 2418 editionis
1694 2360 2134 2417 Commeliniana:
2172 2377 2205 2414 a
2245 2360 2409 2416 Petro
2441 2360 2797 2416 Felckmanno
2830 2359 3087 2416 adnotata
3107 2373 3231 2418 sunt
3272 2364 3328 2417 in
3356 2366 3520 2419 variis

258 2454 445 2510 lection.
471 2470 531 2526 p.
573 2452 670 2508 21.
713 2453 1034 2522 Inscriptio,
1069 2453 1261 2524 inquit,
1293 2451 1460 2522 hujus
1495 2451 1864 2521 disputationi:

1917 2452 1972 2505 in
2019 2450 2211 2505 codice
2246 2450 2569 2521 Augustano
2611 2460 2696 2507 est
2724 2472 2738 2508 :
2764 2458 3008 2527 Διὰλεξις
3054 2463 3112 2516 ὲν
3138 2465 3203 2534 τῇ
3234 2461 3378 2517 κατά
3418 2462 3519 2516 Νι.

256 2565 395 2607 nam
423 2551 641 2623 συνόδῳ
677 2550 822 2624 πρὸς
865 2550 1161 2621 Ἀρειανόν.
1201 2547 1496 2619 Sequentia
1529 2563 1660 2604 vero
1684 2548 1860 2604 desun

1933 2556 1994 2603 ut
2021 2556 2075 2603 et
2105 2548 2158 2602 in
2194 2547 2361 2604 Basil.
2393 2557 2449 2604 et
2483 2549 2698 2621 Anglic.
2730 2554 2893 2613 codd.
2929 2557 2995 2612 Et
3027 2566 3291 2630 praeterea
3321 2560 3514 2615 eadem

251 2655 396 2705 etiam
421 2652 477 2704 in
513 2658 778 2717 tempore
809 2646 1037 2701 fallunt.
1071 2641 1208 2695 Nam
1241 2640 1386 2712 quod
1414 2641 1638 2703 dicitur,
1668 2640 1943 2695 Nicamam
1976 2640 2247 2711 synodum
2277 2640 2520 2695 habitam
2551 2657 2696 2698 anno
2724 2644 2928 2703 Christi
2951 2650 3077 2715 310,
3101 2652 3154 2708 id
3183 2668 3372 2708 verum
3396 2668 3520 2711 esse

255 2754 347 2795 neu
380 2747 568 2809 potest
596 2759 609 2794 :
647 2737 929 2808 siquidem
963 2754 1049 2801 ea,
1082 2753 1231 2793 coss.
1264 2736 1485 2792 Juliano
1517 2744 1572 2792 et
1596 2735 1851 2800 Paulino,
1885 2738 2002 2793 sive
2033 2745 2232 2809 empta,
2266 2739 2382 2795 sive
2405 2738 2570 2822 .linita
2599 2748 2705 2807 est,
2744 2753 2808 2798 ut
2852 2756 3001 2818 patet
3032 2766 3099 2804 ex
3143 2749 3371 2807 Socrate
3401 2752 3502 2807 ιίι),

254 2836 463 2904 Histor.,
500 2856 639 2910 cap.
684 2839 777 2904 15,
816 2839 994 2894 Graec.
1031 2838 1163 2911 Reg.
1201 2839 1337 2895 edit.
1367 2848 1422 2896 et
1452 2840 1590 2911 ipsis
1624 2839 1778 2896 Actis
1802 2838 2041 2896 Niczenis
2072 2856 2250 2911 nuper
2274 2840 2506 2897 Lutetia:
2539 2842 2722 2911 editis,
2754 2850 2809 2901 et
2833 2842 3116 2914 Alphonso
3150 2841 3354 2900 Pisano
3377 2845 3519 2900 libro

250 2937 467 2990 secundo
489 2944 547 2991 et
586 2936 759 2990 tertio
785 2934 865 2989 De
889 2935 1090 3005 synodo
1120 2934 1365 2991 Nica'na.

304 3029 368 3083 At
398 3031 476 3084 illi
506 3046 672 3086 coss.
709 3028 941 3085 fuerunt
973 3031 1122 3085 circa
1166 3046 1371 3086 annum
1412 3032 1485 3088 20
1514 3033 1729 3104 imperii
1756 3032 2109 3091 Constantini
2145 3034 2288 3107 Mag.
2341 3036 2448 3093 hoc
2478 3045 2583 3104 est,
2620 3038 2857 3109 (variant
2884 3036 3027 3091 enim
3060 3032 3336 3104 auctores)
3377 3032 3519 3087 inter

249 3138 433 3177 annum
463 3125 688 3179 Christi
736 3122 847 3179 325
881 3132 936 3179 et
979 3127 1105 3183 529.
1144 3127 1327 3195 Quare
1378 3130 1495 3185 ﬁeri
1530 3146 1640 3186 non
1673 3139 1875 3201 potest,
1926 3140 1986 3186 ut
2017 3132 2063 3188 is
2098 3147 2278 3188 annus
2319 3133 2568 3190 decimus
2611 3132 2776 3189 fuerit
2827 3146 2995 3203 supra
3040 3127 3515 3189 trecentesimum,

244 3214 499 3275 Praeterea
531 3235 647 3275 nec
697 3219 754 3273 id
801 3221 948 3289 quod
978 3221 1203 3289 dicitur,
1237 3225 1610 3282 Alexandrum
1658 3228 1839 3299 egisse
1878 3227 1992 3298 jam
2033 3237 2147 3283 tum
2181 3229 2505 3300 episcopum
2533 3228 2804 3302 Byzantii,
2847 3225 3125 3297 quomodo
3154 3237 3343 3278 verum
3396 3234 3519 3276 esse

245 3315 421 3377 «assit,
445 3315 664 3369 video:
691 3329 846 3378 cum,
874 3323 933 3369 ut
961 3326 1113 3387 patet
1153 3336 1222 3376 ex
1254 3321 1506 3378 historiis
1545 3331 1600 3379 et
1635 3323 1771 3395 ipsis
1805 3323 2070 3379 Actorum
2105 3323 2452 3399 Nicaznorum
2479 3323 3014 3396 fsubscriptionibus,
3051 3316 3362 3391 Alexander
3393 3330 3520 3386 pre-

242 3408 411 3481 sbyter
432 3419 489 3467 et
518 3408 750 3483 legatus
788 3409 961 3467 fuerit
990 3407 1366 3481 Metmphanis
1399 3412 1644 3483 episc0pi
1674 3412 2295 3483 Constantinopolitani.
2331 3404 2593 3471 Videatur
2616 3414 2684 3471 de
2714 3416 2818 3471 hac
2853 3430 2913 3470 re
2932 3414 3249 3485 Alphonsus
3282 3408 3519 3465 Pisanus

241 3505 299 3559 de
323 3508 558 3563 concilio
597 3506 834 3563 Nicarno
865 3522 990 3579 pag.
1028 3506 1115 3572 71,
1142 3506 1274 3572 522,
1307 3507 1415 3563 523
1446 3517 1501 3563 et
1532 3509 1659 3574 ⁵529,
1699 3516 1754 3564 et
1776 3510 1913 3564 Acta
1937 3508 2181 3576 Niczena,
2214 3518 2357 3581 part.
2381 3527 2443 3567 ll.

300 3593 569 3666 Equidem
613 3613 728 3652 non
759 3597 961 3651 dubito
1006 3598 1368 3675 Athanasium
1410 3606 1665 3653 nostrum
1708 3601 1894 3653 varios
1938 3599 2230 3656 conﬂictus
2270 3601 2536 3656 habuisse
2576 3617 2702 3656 cum
2749 3601 2882 3657 Ario
2916 3601 2972 3655 in
3010 3598 3223 3671 synodo
3267 3595 3513 3657 Nicaana,

240 3686 445 3754 quando
473 3688 737 3760 Cyrillus
769 3685 1182 3741 Alexandrinus
1216 3686 1419 3742 alicubi
1452 3687 1565 3758 (48)
1606 3686 1776 3743 refert
1806 3705 1932 3745 eum
1964 3690 2020 3744 in
2072 3689 2291 3745 Nicazna
2326 3692 2537 3763 synodo
2566 3692 2822 3748 omnibus
2851 3691 3202 3749 admirationi
3236 3688 3430 3751 fuisse,
3463 3693 3519 3740 et

238 3774 539 3836 Alexandro
572 3781 851 3850 episcopo
881 3780 1041 3851 quasi
1088 3781 1187 3835 via:
1224 3780 1421 3836 ducem
1456 3782 1523 3836 ad
1555 3783 1737 3837 omnia
1766 3803 1781 3838 :
1808 3782 1919 3838 imo
1956 3784 2137 3839 editus
2179 3793 2263 3840 est
2297 3784 2409 3855 jam
2442 3785 2653 3855 pridem
2686 3766 2723 3838 ξι
2756 3784 2829 3840 Μ.
2860 3786 3059 3859 Crusio
3092 3770 3391 3852 Catalogus
3422 3778 3515 3833 Bi-

238 3870 634 3931 bliothecarum
661 3874 817 3946 apud
852 3873 1104 3929 diversos
1131 3872 1353 3929 Graecos
1386 3874 1872 3946 Constantinopoli
1912 3875 2197 3947 degentes,
2231 3877 2287 3931 in
2322 3892 2434 3948 quo
2468 3878 2656 3943 refert,
2691 3879 2836 3948 apud
2878 3858 3165 3935 lllustriss.
3208 3870 3515 3945 principem

234 3963 480 4027 Iacobum
513 3972 950 4033 Marmoretam,
998 3971 1186 4027 haberi
1236 3972 1518 4028 orationes
1564 3972 1884 4029 dialecticas
1926 3973 2221 4030 Athanasii
2251 3973 2499 4045 episc0pi
2548 3971 2926 4034 Alexandrini,
2964 3970 3165 4040 quibus
3212 3962 3518 4035 disputavit

236 4057 410 4118 Nicaea
444 4067 502 4119 in
537 4066 731 4136 prima
764 4062 1111 4118 mcumenica
1149 4063 1357 4134 synodo
1395 4070 1588 4117 contra
1628 4063 1817 4118 Arium
1857 4078 2043 4119 coram
2104 4064 2238 4136 imp.
2272 4064 2639 4121 Constantino
2681 4062 2897 4135 Magno.
2932 4061 3135 4116 Verum
3166 4073 3237 4112 an
3267 4056 3404 4120 haec,
3447 4052 3517 4108 de

234 4172 327 4226 qua
353 4160 464 4228 hic,
504 4161 856 4234 disputatio,
894 4169 987 4214 aut
1018 4159 1085 4214 de
1120 4160 1340 4214 illarum
1377 4176 1632 4227 numero,
1678 4169 1775 4215 aut
1806 4163 2034 4217 omnino
2081 4162 2371 4217 Athanasii
2411 4163 2503 4227 sit,
2533 4161 2695 4217 video
2726 4160 2919 4215 doctos
2956 4170 3065 4211 non
3101 4149 3375 4208 immerito
3406 4146 3514 4202 du-

236 4248 411 4309 bitare.
448 4253 750 4325 Quidquid
788 4253 864 4308 sit
898 4255 1071 4310 nostri
1104 4255 1322 4311 codices
1346 4271 1538 4313 omnes
1566 4272 1765 4329 magno
1789 4272 2064 4314 consensu
2092 4258 2343 4313 tribuunt
2367 4274 2486 4314 eam
2520 4257 2843 4312 Athanasio.

291 4348 350 4408 Π.
392 4352 532 4410 Haec
572 4353 1008 4417 Felckmannus,
1035 4355 1123 4423 qui
1159 4356 1307 4423 prius
1340 4356 1602 4409 editorum
1650 4356 1897 4410 titulum:

1912 4358 2125 4425 'espicit,
2156 4358 2247 4410 ubi
2278 4358 2355 4411 sic
2384 4357 2684 4428 legebatur:
2717 4352 3004 4413 Διάλεκτος
3038 4348 3093 4400 ἐν
3134 4347 3203 4416 τῇ
3236 4340 3380 4397 κατὰ
3415 4337 3518 4393 Νι-

234 4455 375 4497 καιαν
405 4446 627 4517 συνόδῳ
655 4446 802 4517 πρὸς
822 4448 1114 4519 ’Λρειονέν
1145 4452 1254 4505 ἔτει
1284 4453 1382 4523 τῆς
1407 4452 1558 4517 Θείας
1596 4452 1923 4526 ςαρκώσεως
1947 4460 2013 4508 τι¹
2043 4455 2102 4507 ὲν
2121 4454 2358 4526 ἡμέραις
2382 4451 2474 4509 τοῦ
2506 4451 2762 4516 εὐσεϐοῦς
2781 4446 3042 4519 βασιλέως
3082 4437 3515 4501 Κωνσταντίνου,

164 4572 171 4577 ν
231 4531 312 4633 iul
329 4534 419 4589 τοῦ
458 4514 758 4609 μακαρίου
791 4514 961 4591 nsi-.1
1002 4514 1479 4614 Etlﬁéd‘tpO‘J,—xa‘t
1505 4514 1770 4598 éntbx'drtc

1908 4514 2552 4618 igav'tiouu‘A'leabwbpou.
2587 4514 2753 4611 Quod
2770 4514 2946 4600 autem
2980 4540 3133 4595 habet
3162 4538 3253 4593 ille
3288 4536 3355 4633 de
3381 4535 3514 4589 Dia-

233 4623 347 4697 ίοθίε
378 4631 699 4687 Athanasio
737 4631 1037 4699 altributis,
1061 4636 1177 4706 fuse
1208 4656 1240 4691 a
1271 4639 1420 4693 nobis
1452 4640 1591 4694 alias
1624 4648 2007 4710 pertractatum
2038 4650 2137 4696 est.
2171 4639 2328 4694 Hunc
2368 4658 2487 4696 vero
2517 4640 2656 4712 quod
2691 4651 2890 4711 spectat
2931 4637 3213 4707 Dialogum
3242 4675 3257 4700 ,
3307 4623 3516 4686 constat

229 4727 380 4793 primo
410 4749 535 4787 esse
557 4733 981 4801 supposititium
1005 4749 1023 4786 :
1047 4742 1155 4789 tum
1182 4752 1247 4790 ea:
1276 4737 1403 4807 styli
1430 4753 1635 4807 genere,
1662 4736 1801 4808 quod
1836 4738 1900 4791 ab
1933 4738 2327 4805 Athanasiano,
2370 4739 2565 4792 mirum
2591 4754 2747 4808 quam
2780 4734 3093 4795 abhorreat;
3130 4738 3241 4782 tum
3263 4739 3326 4781 ea:
3350 4739 3517 4794 argu-

228 4820 399 4873 mentis
438 4822 780 4890 plerumque
814 4820 1088 4887 invalidis,
1124 4841 1185 4877 ne
1209 4825 1455 4879 umbram
1490 4827 1700 4896 quidem
1740 4827 2127 4883 Athanasiana:
2158 4829 2439 4900 ἐνεργείας
2468 4829 2832 4896 referentibus.
2874 4825 3051 4892 Quare
3081 4838 3172 4877 nec
3198 4821 3253 4873 in
3284 4816 3514 4885 antiquis
3574 4884 3577 4895 Ι

232 4907 504 4969 Athanasii
533 4930 773 4983 operum
810 4911 1203 4970 collectionibus
1230 4927 1520 4988 comparet,
1552 4935 1644 4972 nec
1675 4919 1740 4972 ab
1784 4920 2125 4989 antiquorum
2173 4921 2352 4991 aliquo
2381 4920 2657 4983 laudatur,
2698 4919 2836 4989 quod
2866 4916 3095 4970 sciamus
3126 4908 3355 4981 quidem.
3401 4904 3516 4961 Nec

232 5003 332 5060 ideo
357 5006 673 5076 quidquam
713 5005 773 5057 in
807 5002 1085 5059 adversum
1121 5006 1269 5061 dubii
1300 5009 1565 5074 nascitur,
1597 5012 1760 5079 quod,
1817 5020 1875 5064 ut
1907 5014 1982 5066 ait
2015 5010 2430 5076 Felckmannus,
2463 5028 2640 5067 omnes
2666 5011 2867 5064 codices
2906 5007 3059 5060 illum
3090 5000 3386 5057 Athanasio
3419 5002 3515 5055 tri-

228 5102 396 5155 buant.
428 5100 594 5155 Nam
636 5100 734 5153 ubi
769 5099 934 5154 semel
965 5099 1029 5152 ab
1061 5112 1296 5168 auctore,
1323 5102 1610 5155 Athanasii
1649 5119 1833 5156 nomen
1864 5105 2086 5174 accepit,
2114 5104 2235 5156 hinc
2262 5105 2616 5175 consequitur,
2645 5111 2702 5157 ut
2728 5120 2762 5155 α
2799 5100 3033 5156 librariis
3061 5096 3300 5165 deinceps
3342 5094 3517 5149 omni-

228 5192 307 5246 bus
331 5194 688 5268 autographa
714 5194 1062 5261 hmrentibus,
1094 5197 1375 5253 Athanasii
1400 5215 1585 5253 nomen
1608 5201 1947 5268 pra’positum
1972 5201 2152 5269 fuerit.
2578 5260 2581 5267 ,
3082 5254 3086 5267 .

286 5283 371 5343 lll.
413 5287 606 5343 Porr'o
658 5287 807 5341 male
844 5286 992 5355 jacet
1022 5290 1073 5343 in
1110 5292 1299 5347 titulo:
1328 5292 1583 5364 Dialogus
1623 5294 1677 5346 in
1710 5294 1939 5348 concilio
1963 5293 2016 5347 Ν
2022 5295 2187 5349 ἱεωηο
2216 5312 2333 5349 cum
2370 5294 2499 5350 Aria
2529 5293 2737 5347 habitus
2758 5306 2779 5347 :
2802 5290 2980 5362 palam
3010 5288 3193 5359 quippe
3220 5294 3298 5341 est
3330 5285 3410 5341 vel
3446 5298 3512 5340 c1:

231 5374 328 5439 ipso
359 5381 540 5445 operis
576 5379 771 5443 initio,
811 5396 919 5433 non
951 5380 1002 5434 in
1028 5384 1248 5438 concilio
1286 5384 1576 5438 admissam
1610 5384 1717 5438 dici
1758 5384 2191 5456 disputationem,
2230 5387 2321 5441 scd
2352 5388 2407 5442 in
2441 5386 2731 5441 diversorio
2760 5382 3205 5455 quodammeque
3234 5396 3352 5434 cum
3378 5378 3509 5435 Aria

230 5464 301 5521 llic
321 5470 673 5543 colloquium
709 5469 966 5533 habetur,
993 5474 1087 5525 sed
1112 5491 1228 5528 cum
1268 5476 1388 5529 Arii
1430 5491 1667 5546 sequace.
1704 5475 1836 5539 Qua:
1859 5493 1976 5531 vero
2006 5486 2297 5547 sequuntur
2326 5477 2378 5530 in
2404 5475 2553 5545 prius
2589 5474 2765 5540 editis,
2803 5475 2866 5529 de
2892 5485 3117 5545 tempore
3157 5471 3206 5527 Ν
3213 5475 3393 5532 istane:
3418 5488 3510 5546 sg-

229 5560 356 5623 noii.
383 5571 524 5628 etc.,
553 5565 617 5617 in
655 5563 909 5616 maxima
935 5564 1169 5619 codicum
1200 5577 1350 5635 parte
1383 5583 1484 5621 non
1518 5576 1848 5637 comparent,
1882 5567 2097 5639 ideoque
2129 5567 2225 5622 illa
2248 5583 2537 5639 erpnngere
2558 5565 2723 5621 visum
2747 5575 2847 5624 est.

290 5768 399 5843 (48)
440 5770 657 5843 Cyrill.
706 5780 843 5825 tom.
884 5766 946 5835 V,
983 5781 1119 5841 part.
1149 5790 1208 5841 ll,
1246 5775 1416 5847 Epist.
1455 5776 1478 5830 1
1515 5774 1582 5829 ad
1617 5771 1859 5831 monrch.
1892 5770 2197 5844 Egyptias,
2231 5788 2285 5845 p.
2318 5773 2372 5830 4.
