3920 6524
138 359 247 424 ιιι

1287 349 1700 410 DlSPUTATIO
1735 346 2019 404 CONTRA
2056 345 2311 407 ARIUM?

3306 344 3412 405 ω

144 484 253 537 ὅσα
289 480 429 551 εχει,
480 478 579 533 καὶ⁸
606 474 868 549 ἀγοράζει
928 474 1019 528 τὸν
1072 473 1242 546 ἀγρόν
1278 476 1505 528 ἐκεῖνον.
1541 494 1559 526 ι
1603 468 1738 525 Εἶτα

1854 478 1952 536 bet,
1976 480 2032 528 et
2073 472 2206 528 emit
2250 486 2440 545 agrum
2475 470 2628 526 illum
2652 472 2716 525 ".
2754 489 2774 522 ι
2808 467 3015 525 Deinde
3047 470 3205 540 quasi
3259 480 3413 526 stans

145 575 347 646 ῶσπερ
371 571 534 636 ἑστὼς
561 573 620 624 ὲν
644 572 710 642 τῇ
737 567 936 641 καρδίᾳ
954 584 1075 637 μου,
1092 565 1426 638 προσωμίλει
1455 582 1545 636 μοι
1571 580 1737 633 προσ-

150 667 321 738 ηνιῖς,
357 666 447 720 καί
481 680 647 736 φησιν
667 679 683 694 ·
717 660 1029 733 Ἄνθρωπε,
1065 660 1115 712 εί
1147 658 1242 712 καὶ
1272 656 1463 712 πολλαί
1483 673 1577 710 σου
1599 654 1737 708 εἰσιν

148 763 203 815 αί
226 756 523 829 ἁμαρτίαι,
576 754 771 827 κράτει
812 753 1050 826 ἰσχυρῶς
1079 752 1190 826 (58)
1224 752 1324 825 τὴν
1365 754 1446 817 είς
1493 750 1555 805 τὸ
1587 750 1738 804 Θεῖον

148 852 459 907 εὐσέϐειαν.
487 846 588 902 Διὰ
619 846 731 918 γὰρ
755 844 980 917 ταύτην,
1016 845 1110 899 καὶ
1138 846 1171 916 ή
1209 844 1403 913 ἄφεσις
1432 843 1539 896 τῶν
1562 842 1741 914 ἁμαρ⁴

146 943 284 999 τιῶν
324 941 480 1013 παρὰ
514 939 652 995 Θεοῦ
705 940 931 1002 δίδοται,
971 937 1067 991 καὶ
1096 936 1325 1000 Θάνατος
1357 937 1598 999 νικᾶται,
1643 934 1740 988 καὶ

148 1039 227 1099 εἰς
256 1032 548 1106 βασιλείαν
596 1031 844 1103 οὐρανῶν
886 1027 1175 1102 ἄνθρωπος
1215 1027 1494 1082 εἰσελάσαι
1542 1026 1741 1096 ἄριστα

147 1129 473 1199 δυνήσεται.
507 1123 655 1195 Πρὸς
701 1121 761 1177 δὲ
811 1121 1024 1186 τούτοις
1072 1122 1152 1185 είς
1209 1120 1513 1191 ὑπόμνησιν
1540 1118 1739 1189 εἴληφα

151 1221 245 1273 καὶ
273 1217 363 1282 τὸ,
393 1236 413 1269 ι
448 1213 603 1271 Οἶδεν
631 1219 661 1271 6
707 1215 839 1280 Θεὸς
868 1212 1112 1277 εὐσεϐεῖς
1141 1211 1382 1284 ῥύεσθαι,
1423 1210 1657 1283 ἀνόμους
1683 1209 1739 1263 δὲ

149 1314 346 1384 τηρεῖν
398 1312 483 1375 είς
529 1308 743 1382 ἡμέραν
792 1307 1031 1381 κρίσεως
1094 1303 1489 1376 κολαζομένους
1539 1300 1741 1373 αἰωνίῳ

153 1402 311 1472 πυρί.
358 1419 377 1453 ι
419 1400 532 1452 Καὶ
558 1399 668 1472 γὰρ
690 1401 719 1453 6
752 1399 953 1469 ἄνομος
997 1389 1152 1461 οὗτος
1186 1395 1443 1467 τυγχάνει
1484 1395 1580 1449 καὶ
1616 1394 1743 1448 ἀσε-

156 1494 256 1564 ϐής
276 1510 292 1524 ο
333 1495 399 1545 ἐκ
430 1491 488 1544 δὲ
513 1491 613 1563 τῆς
634 1490 888 1555 ἀσεϐείας
910 1490 1157 1562 ἁμαρτία
1175 1488 1400 1557 γίνεται.
1424 1488 1625 1559 Μήτηρ
1648 1480 1741 1540 οὖν

156 1586 379 1639 πάντων
408 1582 523 1638 τῶν
577 1582 765 1659 κακῶν
790 1584 824 1654 ἡ
863 1582 1109 1647 ἀσέϐεια,
1159 1579 1373 1651 τιθηνὸς
1423 1577 1481 1631 δὲ
1525 1576 1742 1648 ψεκτῶν

156 1678 415 1756 ἁπάντων
446 1679 481 1749 ἠ
520 1675 675 1729 ἄνοια
706 1673 987 1745 τυγχάνει.
1018 1671 1307 1744 Μακάριος
1340 1664 1432 1725 οῦν
1463 1671 1493 1723 6
1521 1669 1623 1739 τῆς
1649 1668 1741 1721 εὐ-

162 1767 376 1832 σεϐείας
403 1768 541 1831 υἱὸς,
565 1767 648 1820 ὃτι
667 1758 829 1830 οὗτος
860 1765 978 1828 υίὸς
1000 1762 1238 1836 Χριστοῦ
1269 1761 1621 1833 κληθήσεται.

1841 566 1959 636 ipse
1990 565 2048 619 in
2086 563 2253 619 corde
2301 577 2445 630 meo,
2505 563 2586 619 sic
2633 577 2719 617 me
2754 561 2948 617 leviter
2982 560 3360 631 alloquebatur
3395 578 3408 613 :

1837 656 2033 720 Homo,
2063 656 2180 712 etsi
2200 655 2371 710 multa
2399 654 2511 710 sint
2539 660 2759 725 peccata
2791 662 2904 715 tua,
2935 660 3251 708 constanter
3279 653 3412 707 reti-

1837 764 1908 804 ne
1927 747 2197 803 sinceram
2221 745 2275 801 in
2289 745 2501 801 Numen
2531 745 2811 816 pietatem.
2837 742 2921 798 Ob
2941 744 3081 798 hanc
3095 743 3240 797 enim
3271 743 3413 798 Deus

1838 847 2064 911 peccata
2101 838 2394 904 condonat,
2417 852 2570 893 mors
2588 836 2849 899 vincitur,
2873 835 3188 906 optimeque
3216 836 3415 905 poterit

1840 928 2003 982 homo
2030 928 2084 982 in
2103 943 2327 997 regnum
2346 926 2609 981 caelorum
2640 925 2943 995 pervenire.
2967 922 3259 990 Praeterea,
3281 924 3415 979 illud

1839 1034 2056 1090 quoque
2083 1017 2438 1074 commemini
2468 1034 2483 1072 :
2510 1014 2861 1070 cNovitDeus
2882 1014 3001 1085 pios
3020 1014 3279 1077 liberare,
3311 1014 3417 1069 ini-

1839 1126 1979 1182 quos
2005 1126 2135 1166 vero
2164 1125 2385 1165 servare
2415 1108 2469 1163 in
2496 1107 2638 1163 diem
2666 1107 2886 1178 iudicii,
2912 1113 3119 1161 alterno
3165 1105 3291 1176 igne
3317 1121 3417 1176 pu-

1841 1203 2096 1259 niendos.
2136 1223 2153 1256 ι
2185 1201 2320 1257 Nam
2342 1202 2436 1273 qui
2460 1201 2681 1271 iniquus
2703 1208 2807 1263 est,
2827 1198 2970 1253 idem
2994 1206 3077 1253 est
3105 1205 3159 1253 et
3189 1197 3411 1267 impius:

1838 1311 1908 1352 ex
1941 1296 2214 1366 impietate
2254 1309 2384 1349 vero
2404 1292 2652 1348 nascitur
2687 1297 2992 1362 peccatum.
3023 1290 3208 1359 Itaque
3240 1295 3419 1343 mater

1839 1389 2085 1443 omnium
2115 1386 2382 1440 malorum
2412 1392 2497 1440 est
2526 1384 2801 1454 impietas,
2837 1381 3026 1436 nutrix
3057 1390 3238 1435 autem
3272 1379 3419 1433 vitu-

1840 1480 2163 1553 perabilium
2184 1479 2425 1534 omnium
2459 1485 2544 1533 est
2563 1475 2826 1530 amentia.
2856 1470 3202 1545 Quapropter
3224 1473 3418 1529 beatus

1841 1574 2062 1646 pietatis
2095 1572 2260 1637 tilius,
2285 1571 2414 1641 quia
2445 1570 2533 1624 hic
2559 1568 2705 1625 [ilius
2723 1566 2931 1623 Christi
2960 1566 3248 1622 vocabitur

225 1861 299 1927 5.,
319 1818 644 1931 ’Ᾰθρὸῶς-δὲ
677 1818 989 1929 ἐπέστημεν
1025 1818 1105 1928 τῶ
1132 1855 1283 1927 τόπῳ
1309 1818 1443 1908 ἔνθα
1462 1849 1604 1925 ἦμεν
1641 1849 1741 1922 τὴν

1917 1837 1971 1894 5.
2011 1836 2236 1893 Interim
2264 1849 2399 1890 vero
2421 1833 2489 1888 ad
2517 1832 2723 1897 locum,
2758 1844 2869 1900 quo
2893 1826 3274 1888 tendebamus,
3306 1824 3424 1881 sine

160 1953 335 2025 ὁρμὴν
377 1951 762 2022 πεποιημένοι,
818 1950 914 2004 καὶ
956 1949 1440 2023 περιτυγχάνοντες
1458 1949 1576 2010 τοῖς
1605 1960 1739 2015 γνη-

164 2045 317 2108 σίοις,
350 2044 612 2117 ἀσμένως
652 2040 999 2113 διετελοῦμεν
1039 2042 1280 2105 ἅπαντες
1318 2042 1481 2112 ἡμεῖς
1538 2056 1618 2101 τε,
1657 2038 1740 2091 ὅτι

164 2135 479 2209 ἠξιώθημεν
530 2137 658 2199 τοὺς
702 2135 894 2204 ἁγίους
938 2133 1255 2196 θεάσασθαι,
1300 2134 1495 2186 ἐκεῖνοι
1542 2130 1619 2193 δὲ,
1659 2131 1742 2183 ὅτι

164 2228 427 2299 ἀδελφοὺς
474 2227 778 2299 ἑωράκασι.
831 2223 1296 2293 Κοινολογούντων
1342 2222 1399 2276 δὲ
1458 2221 1612 2294 ἡμῶν
1653 2219 1744 2273 ἐπὶ

167 2321 293 2374 πολύ
349 2319 463 2374 τῶν
522 2318 835 2391 ἀνηκόντων
873 2320 941 2390 τῇ
1002 2316 1422 2389 σεϐασμιωτάτῃ
1479 2313 1745 2387 θρησκείᾳ

171 2413 301 2484 μετὰ
337 2413 545 2485 πολλῆς
595 2412 851 2479 εὐταξίας
899 2412 994 2466 καί¹
1031 2410 1264 2481 φειδοῦς,
1310 2408 1588 2480 αἰφνιδίως
1639 2408 1747 2462 ἀπὸ

168 2508 259 2578 τῆς
286 2505 446 2578 ῥίζης
472 2504 567 2559 τοῦ
602 2504 973 2576 χριστομάχου
1009 2503 1219 2576 Ἀρείου
1248 2501 1434 2574 θηρίον
1466 2500 1748 2572 ἅνθρωπός-

172 2615 369 2670 μορφον
434 2598 769 2669 είσεπήδησε
835 2596 972 2668 πρὸς
1020 2597 1187 2666 ἡμᾶς,
1244 2594 1340 2648 καὶ
1394 2592 1531 2664 πρὸς
1573 2591 1744 2664 βραχὺ

171 2689 657 2761 ὲπακροασάμενος
696 2685 805 2740 τῶν
839 2685 1121 2749 εὐσεϐείας
1156 2683 1438 2757 ῥημάτων,
1473 2683 1547 2754 μὴ
1585 2681 1745 2736 δυνά-

173 2803 322 2856 μενος
335 2784 551 2855 φέρειν,
579 2782 728 2849 ἔλεξε
750 2781 931 2836 τοιάδε
951 2797 965 2810 ·
994 2799 1011 2831 ι
1046 2778 1303 2846 Διδάξατέ
1337 2778 1517 2849 μετὴν
1548 2775 1745 2848 ὑμετέ-

173 2896 264 2951 ραν
284 2878 467 2945 δόξαν,
489 2877 525 2949 ἦ
543 2875 903 2946 διδάξωξύμᾶς
931 2873 993 2926 τὸ
1015 2872 1147 2943 ἐμὸν
1165 2872 1440 2943 φρόνημα.
1455 2888 1474 2920 ι
1518 2867 1664 2939 Ἐγὼ
1689 2868 1747 2922 δὲ

172 2971 546 3045 ἀπκρινόμην
564 2969 703 3044 πρὸς
727 2968 891 3021 αὐτόν
912 2983 925 2997 ·
952 2986 970 3017 ι
994 2965 1086 3037 Μὴ
1111 2965 1320 3028 πάντας
1346 2960 1749 3037 προσκαλοῦείς

172 3065 388 3137 ζήτησιν
413 3081 428 3095 ·
469 3062 697 3135 μεγάλοι
724 3061 835 3133 γάρ
883 3062 1020 3113 εἰσιν
1062 3062 1121 3112 ὲν
1165 3056 1244 3129 τῷ
1283 3056 1415 3125 οἴκῳ
1454 3056 1549 3110 τοῦ
1587 3053 1743 3110 Θεοῦ.

1844 1944 1997 1987 mora
2016 1927 2353 1988 devenimus,
2375 1924 2559 1996 ibique
2579 1936 2866 1995 germanos
2886 1921 3056 1987 nacti,
3072 1915 3427 1987 mutuo]59

1843 2039 2034 2079 omnes
2060 2022 2259 2093 gaudio
2297 2018 2738 2091 perfruehamur,
2768 2030 2869 2070 nos
2891 2013 3038 2084 quod
3069 2012 3219 2082 digni
3253 2009 3425 2063 habiti

1846 2116 2167 2180 fuissemus,
2207 2113 2301 2182 qui
2346 2116 2569 2166 sanctos
2613 2106 2948 2169 videremus,
2992 2103 3068 2157 illi
3119 2100 3264 2173 quod
3316 2099 3428 2154 fra-

1846 2218 1957 2263 tres
1981 2205 2388 2276 couspicerent.
2423 2202 2558 2256 Cum
2585 2208 2767 2253 autem
2794 2198 2938 2251 inter
2961 2209 3062 2250 nos
3095 2194 3429 2262 colloquerco

1845 2315 1988 2364 mur,
2015 2314 2117 2354 nec
2139 2311 2334 2368 pauca,
2361 2310 2481 2366 quae
2505 2291 2825 2348 venerandae
2851 2287 3143 2343 admodum
3177 2284 3427 2355 religioni

1846 2400 2229 2463 congruerent,
2271 2388 2445 2442 multo
2488 2401 2613 2441 eum
2654 2383 2848 2439 ordine
2887 2388 2943 2435 et
2981 2378 3244 2434 modestia
3278 2377 3429 2431 dice~

1846 2499 2056 2550 remus,
2090 2497 2220 2538 ecce
2262 2480 2447 2537 subito
2481 2494 2546 2534 ex
2578 2477 2764 2531 radice
2792 2473 2906 2529 Arii
2936 2472 3155 2527 Christo
3203 2468 3426 2536 infensi,

1846 2582 2028 2638 bellua
2078 2580 2371 2634 humanam
2420 2573 2647 2630 mentita
2690 2570 2927 2642 speciem
2973 2569 3031 2623 in
3063 2584 3165 2623 nos
3211 2565 3428 2630 insiliit,

1849 2684 2087 2741 cumque
2147 2665 2539 2737 aliquantisper
2576 2660 2797 2732 pietatis
2825 2659 2992 2713 verba
3030 2655 3295 2719 audisset,
3336 2669 3431 2709 eo-

1848 2777 1970 2818 rum
1998 2758 2310 2830 impatiens,
2334 2756 2411 2809 ita
2439 2753 2606 2823 cmpit
2636 2752 2782 2823 loqui
2811 2766 2828 2805 τ
2865 2768 2883 2801 ι
2919 2747 3030 2802 Aut
3068 2762 3155 2801 me
3187 2752 3429 2800 vestram

1849 2854 2042 2909 docete
2091 2850 2443 2912 sententiam,
2485 2853 2579 2901 aut
2612 2859 2715 2916 ego
2751 2841 2884 2914 quid
2924 2840 3157 2897 sentiam
3186 2853 3284 2893 vos
3330 2837 3432 2892 do-

1849 2947 2004 3003 cebo.
2038 2942 2177 3012 i;Cui
2196 2956 2297 3014 ego
2317 2960 2331 2996 :
2355 2958 2373 2991 ι
2398 2938 2475 2994 Μ
2497 2952 2688 2992 omnes
2706 2931 3193 3005 ad'disputandum
3234 2943 3434 3003 provo-

1851 3054 1947 3106 ca;
1983 3036 2165 3108 magni
2209 3035 2355 3090 enim
2386 3039 2515 3088 sunt
2553 3032 2610 3085 in
2660 3029 2825 3086 domo
2856 3029 2973 3085 Dei.
3018 3026 3115 3083 Sin
3151 3033 3332 3081 autem
3374 3024 3430 3078 in

260 3113 315 3213 5's
340 3113 532 3230 ﬁeri);
552 3113 779 3211 .é'rrlvcdt'i
804 3113 1088 3227 ⁸παρόντος
1121 3113 1261 3224 πρὸς
1301 3113 1494 3220 μὲ1τὸν
1525 3149 1748 3222 σμικρό-

1854 3113 2139 3203 praesentia
2172 3140 2386 3183 mecum
2426 3130 2663 3188 tantum,
2695 3123 2788 3193 qui
2826 3121 3089 3177 minimus
3134 3134 3254 3175 sum
3296 3117 3432 3171 velis

1867 3226 1900 3230 _.
2239 3220 2251 3230 ι
2287 3220 2337 3230 ιι
2492 3217 2586 3230 -·ιο
2622 3216 2676 3230 IOI
2773 3215 2809 3230 λι
2879 3213 2975 3230 ’πμ
3027 3210 3181 3230 ,αι-..-
3239 3206 3432 3230 τιμιθΑ..

171 3272 320 3309 τατον
351 3255 519 3327 μόνον
552 3250 927 3317 συνεξετάσαι,
960 3249 1153 3319 ἥδιστα
1184 3246 1295 3317 ἐγώ
1321 3263 1404 3301 σοι
1432 3246 1593 3300 τοῦτο
1608 3262 1749 3319 παρη

173 3350 267 3417 ἐξω
297 3351 431 3423 περὶ
465 3347 560 3404 τοῦ
602 3348 936 3420 ζητήματος.
984 3341 1313 3415 Προσάγαγε
1382 3339 1602 3412 πρῶτος
1647 3338 1749 3409 τὴν

176 3444 464 3516 πρότασιν·
498 3443 657 3513 μόνον
693 3437 1004 3510 φιλαλήθως
1038 3437 1358 3508 ποιήσωμεν
1396 3435 1494 3507 τὴν
1529 3432 1749 3500 συνεξέ-

176 3553 335 3602 τασιν,
360 3536 461 3590 καὶ
505 3533 578 3606 μὴ
608 3531 1035 3603 φιλονεικότερον
1059 3529 1196 3601 πρὸς
1226 3526 1295 3583 τὰ
1331 3527 1752 3598 προσφερόμενα

177 3628 268 3683 ὐπὸ
288 3628 385 3683 τοῦ
416 3626 644 3698 πλησίον
678 3625 1010 3679 θεόπνευστα
1035 3623 1257 3694 ῥήματα
1290 3618 1675 3690 διατεθῶμεν.»

237 3723 288 3777 4.
341 3720 621 3775 ’ΔΡΕΙΟΣ
671 3715 851 3771 εἶπενο
915 3716 1073 3786 Ἐμοὶ
1126 3714 1277 3768 δοκεῖ
1322 3710 1752 3785 προηγουμένως

178 3816 452 3887 ὁρισθῆναι
486 3813 577 3884 ὑφ’
622 3811 899 3882 ἑκατέρων
927 3806 1061 3880 ἐμοῦ
1090 3823 1150 3859 τε
1187 3806 1282 3859 καὶ
1314 3804 1407 3858 σοῦ
1438 3805 1515 3867 εἰς
1545 3802 1616 3857 τὰ
1655 3802 1753 3871 ζη-

180 3904 424 3976 τούμενα,
457 3902 690 3956 ’ἐκαστόν
731 3917 793 3953 τε
822 3899 981 3971 ἡμῶν
1023 3895 1287 3961 ἐκθεῖναι,
1322 3894 1359 3949 ἆ
1397 3896 1585 3966 φρονεῖ
1628 3891 1756 3963 περὶ

182 3996 300 4050 θεοῦ
324 3996 429 4051 καὶ
449 3990 713 4066 Χριστοῦ,
738 3992 833 4045 καὶ
864 3987 1180 4059 Πνεύματος
1202 3986 1381 4054 ἁγίου,
1412 3985 1470 4038 ὲν
1497 3982 1753 4053 ἐπιτομῇ,

183 4089 311 4154 ὅπως
358 4087 503 4143 κατὰ
535 4085 735 4140 σκοπὸν
768 4083 1080 4155 πέμπωμεν
1122 4080 1249 4142 τοὺς
1278 4077 1491 4147 λόγους,
1539 4075 1633 4130 καὶ
1681 4074 1755 4146 μὴ

185 4183 253 4246 είς
276 4185 432 4237 κενὸν
459 4175 819 4251 ποιησώμεθα
852 4174 1083 4246 ἅμιλλαν
1110 4171 1304 4240 λόγων,
1341 4169 1551 4241 φανερά
1577 4184 1637 4221 τε
1720 4168 1754 4237 ἡ

187 4271 550 4346 ἐπικρατοῦσα
591 4269 718 4336 δόξα
755 4266 955 4339 ὁμοίως
1007 4281 1068 4318 τε
1114 4263 1207 4317 καὶ
1241 4265 1274 4334 ἡ
1326 4258 1755 4333 καθαιρουμένη.

188 4364 305 4436 Περὶ
329 4364 444 4435 γὰρ
472 4363 710 4424 πίστεως
740 4357 1000 4430 βούλομαι
1025 4355 1258 4426 ζητῆσαι
1289 4354 1428 4427 πρὸς
1460 4353 1541 4415 σὲ,
1570 4349 1758 4422 ἐπειδὴ

194 4426 424 4527 μάλιστα.
454 4458 670 4526 ἀκήκοα
710 4426 914 4525 ὀρθῶς
934 4450 1010 4523 μὴ
1031 4448 1388 4522 ,ὁμιλούντων
1433 4444 1587 4518 ὐμῶν
1631 4444 1748 4516 napi

194 4551 275 4582 ..τι
294 4554 376 4582 ρι-
395 4551 458 4582 ..λ
483 4549 640 4582 nan...
674 4546 911 4582 ηιξκιε-ειν·
937 4544 1028 4582 mn
1062 4542 1346 4582 cium-ﬁda:

1863 4426 2102 4483 maxime
2136 4437 2263 4479 cum
2295 4426 2598 4475 audiverim
2643 4430 2742 4469 vos
2772 4429 2785 4467 ι

1864 4518 2034 4574 Deum
2058 4513 2161 4569 ﬁde
2194 4520 2249 4567 et
2281 4512 2484 4582 pietate
2512 4508 2785 4563 disserere

189 4551 275 4622 τῆς
294 4554 376 4616 είς
395 4551 459 4604 τὸ
483 4549 640 4603 Θεῖον
674 4546 911 4609 πίστεως
937 4544 1034 4598 καὶ
1060 4542 1366 4606 εὐσεϐείας.

247 4644 298 4700 5.
349 4639 756 4697 ἈΘΑΝΑΣΙΟΣ
797 4633 950 4691 εἶπεν
999 4635 1113 4707 (59)
1139 4652 1152 4666 '
1201 4630 1535 4705 Θεοπρεπῶς
1583 4628 1761 4683 πάντα

195 4752 263 4790 σοι
285 4735 673 4808 εὐτρέπισται·
710 4727 822 4799 ἐγὼ
850 4728 908 4782 δὲ
949 4728 977 4782 ὃ
1009 4726 1212 4800 φρονῶ,
1247 4724 1389 4796 φημὶ
1417 4724 1476 4776 ὲν
1504 4723 1749 4792 ἐπιτομῇ,

194 4799 427 4882 Πιστεύω
461 4827 541 4889 είς
588 4823 686 4877 ἕνα
736 4821 869 4876 Θεὸν
922 4799 1146 4890 Πατέρα
1189 4813 1626 4887 παντοκράτορα,
1675 4799 1765 4865 ἀεὶ

195 4918 304 4973 ὅντα
326 4919 466 4973 Θεὸν
494 4915 738 4988 Πατέρα,
773 4914 868 4967 καὶ
903 4914 983 4975 είς
1017 4910 1110 4964 τὸν
1140 4907 1272 4963 Θεὸν
1300 4907 1411 4979 (60)
1453 4906 1644 4975 Λόγον,
1672 4905 1774 4957 τὸν

198 5007 461 5079 Μονογενῆ
488 5006 613 5059 Υίὸν
636 5004 731 5058 τοῦ
754 5001 911 5065 Θεοῦ,
935 5002 1018 5054 ὅτι
1046 5000 1385 5072 συνυπάρχει
1404 4998 1482 5069 τῷ
1508 4997 1622 5068 ἰδίῳ
1645 4992 1761 5051 Παα

199 5095 291 5166 τρὶ,
327 5098 426 5151 καὶ
470 5096 554 5149 ὅτι
606 5095 671 5147 ὲκ
708 5094 806 5163 τῆς
837 5091 1027 5155 οὐσίας
1078 5088 1173 5143 τοῦ
1217 5088 1353 5143 Θεοῦ
1404 5090 1499 5142 καὶ
1547 5087 1762 5159 Πατρός

200 5187 328 5244 ἐστιν
357 5191 388 5243 ὁ
418 5187 573 5251 Υἱὸς,
603 5185 698 5240 καί
721 5185 804 5240 ὅτι
837 5183 951 5247 ῐσος
976 5182 1005 5235 6
1037 5180 1165 5245 Υίὸς
1188 5179 1282 5234 τοῦ
1316 5180 1530 5251 Πατρὸς
1562 5178 1765 5249 τυγχά-

202 5297 289 5347 νει,
331 5282 428 5337 καὶ
455 5282 538 5334 ὅτι
579 5277 819 5348 ίσότιμός
853 5279 998 5330 ἐστιν
1030 5276 1060 5327 6
1087 5274 1216 5338 Υἱὸς
1242 5272 1337 5326 τοῦ
1367 5271 1523 5335 Θεοῦ,
1557 5270 1651 5324 καὶ
1684 5271 1766 5323 ὅτι

204 5373 394 5454 σύνθτῷ
426 5372 609 5444 Πατρὶ
639 5369 804 5425 αὐτοῦ
852 5368 1087 5434 πάρεστι
1139 5364 1416 5437 πανταχοῦ
1464 5366 1532 5437 τῇ
1579 5362 1768 5434 θεότη-

265 5531 303 5563 ”
338 5528 533 5585 Matth.
563 5542 701 5593 xm,
731 5526 822 5583 Μ.

266 5683 540 5767 (5β)ΑΒθδ.
571 5684 768 5767 {parari
791 5677 1063 5767 εὐσεϐῷςλ
1077 5676 1197 5767 Μοδ
1229 5675 1482 5767 Dasihlet
1514 5671 1653 5767 Bfg.
1672 5671 1767 5725 καὶ

211 5743 529 5828 ταρὰὉεοῦ.
571 5743 699 5809 Mox
729 5751 842 5827 Reg
899 5743 1330 5817 xﬁﬂaodaiav.
1365 5743 1510 5811 Mox,
1546 5743 1765 5818 ἄριστα,

212 5823 345 5884 deést
365 5828 422 5883 in
457 5825 693 5898 August.

1849 3226 2154 3296 disputare,
2186 3220 2254 3276 ad
2286 3220 2341 3275 id
2373 3234 2458 3274 me
2490 3217 2591 3272 tibi
2622 3213 2985 3270 libentissime
3019 3210 3209 3266 otl‘ero.
3239 3206 3435 3264 Profer

1850 3320 2061 3389 primus
2110 3312 2579 3385 propositionem:
2624 3307 2721 3364 sed
2759 3307 2835 3361 ita
2899 3319 3002 3360 nos
3047 3317 3324 3375 geramus,
3373 3307 3434 3355 ut

1851 3410 1970 3466 solo
1994 3407 2105 3464 veri
2138 3421 2325 3461 amore
2350 3404 2712 3463 disseramus,
2736 3415 2837 3454 nec
2860 3397 3060 3454 divinis
3089 3395 3291 3457 verbis,
3314 3407 3436 3462 qua!

1852 3517 1884 3556 a
1924 3500 2086 3557 nobis
2121 3506 2314 3553 mutuo
2356 3493 2630 3550 adereuda
2670 3500 2821 3557 sunt,
2874 3490 3229 3563 pertinaciter
3272 3501 3438 3557 repu-

1851 3609 2102 3668 gnemus.
2117 3611 2135 3645 ι
2630 3632 2639 3639 .

1926 3689 1976 3745 4.
2015 3684 2230 3741 ARIUS
2254 3682 2430 3738 dixit:
2460 3680 2589 3735 Mihi
2618 3681 2671 3733 in
2701 3676 2895 3749 primis
2924 3672 3300 3729 necessarium
3352 3667 3437 3722 vi-

1852 3780 2036 3846 detur,
2071 3788 2132 3832 ut
2170 3785 2400 3846 uterque
2434 3783 2709 3835 nostrum,
2738 3768 2795 3823 id
2826 3769 2894 3824 de
2926 3782 3039 3838 quo
3069 3764 3228 3820 nobis
3274 3775 3438 3830 agen-

1855 3873 1985 3931 dum
2015 3878 2121 3933 est,
2150 3866 2501 3929 deliuiamus,
2532 3862 2879 3931 breviterque
2914 3869 3275 3928 exponamus,
3312 3865 3438 3922 qum

1857 3972 2046 4021 nostra
2080 3964 2152 4018 sit
2184 3960 2474 4029 utriusque
2519 3955 2706 4027 opinio
2744 3955 2812 4008 de
2847 3952 2974 4017 Deo,
3008 3949 3075 4004 de
3103 3947 3347 4008 Christo,
3381 3951 3438 3998 et

1856 4054 1925 4112 de
1971 4054 2181 4125 Spiritu
2235 4055 2428 4107 sancto
2462 4066 2478 4104 :
2508 4055 2567 4102 ut
2614 4059 2816 4116 scopus
2869 4044 2941 4099 sit
2992 4038 3191 4109 aliquis
3233 4033 3437 4090 nostris

1860 4147 2234 4210 sermonibus,
2266 4158 2370 4198 nec
2403 4141 2643 4196 inaniter
2682 4136 2867 4192 verbis
2919 4131 3304 4204 digladiemur,
3343 4141 3440 4198 pa—

1859 4250 2084 4313 teatque
2141 4250 2391 4309 quamam
2454 4230 2651 4288 vicerit
2712 4226 3025 4289 sententia,
3094 4230 3149 4278 et
3186 4232 3440 4293 quwnam

1860 4349 2052 4392 eversa
2083 4330 2271 4387 fuerit.
2299 4327 2502 4383 Tecum
2529 4323 2674 4379 enim
2705 4321 2856 4375 lubet
2884 4318 2951 4373 de
2976 4315 3078 4371 (ide
3108 4314 3437 4382 disceptare,

2295 4416 2598 4475 audiverim
2643 4430 2742 4469 vos
2772 4426 2884 4467 non
2932 4418 3082 4465 recte
3125 4405 3193 4462 de
3223 4418 3351 4460 vera
3383 4402 3440 4457 in

1934 4611 1990 4666 5.
2026 4599 2473 4663 ATHANASIUS
2526 4591 3208 4670 respondit:0mnia,_ut
3270 4585 3442 4642 Deum

1866 4702 2044 4765 decet,
2096 4699 2302 4772 optime
2343 4692 2792 4767 digessistimgo
2845 4699 2976 4743 vero
3026 4698 3149 4754 quae
3197 4695 3318 4736 mea
3370 4679 3446 4734 sit

1872 4794 2166 4857 :entenzia,
2197 4789 2390 4863 paucis
2415 4788 2617 4843 dicam.
2652 4779 2830 4838 Credo
2855 4778 2910 4833 in
2938 4791 3108 4832 unum
3141 4772 3311 4829 Deum
3338 4768 3445 4824 Pa-

1852 4897 2007 4943 itrem
2040 4860 2492 4954 omnipotentem,
2536 4876 2631 4948 qui
2658 4888 2874 4943 semper
2897 4872 2970 4925 sit
3002 4868 3149 4923 Deus
3171 4864 3351 4919 Pater.
3381 4860 3447 4917 Et

1869 4985 1927 5039 in
1957 4981 2127 5037 Deum
2157 4976 2395 5033 Verbum
2427 4970 2774 5043 Unigenitum
2802 4963 2897 5020 Dei
2929 4962 3151 5023 Filium,
3186 4971 3444 5026 eumque,

1869 5075 2037 5134 simul
2082 5088 2207 5129 cum
2248 5069 2471 5142 proprio
2514 5064 2678 5120 Patre
2723 5061 3011 5120 exsistere,
3058 5052 3257 5107 Filium
3319 5053 3446 5105 item

1869 5185 1993 5227 esse
2046 5183 2112 5222 ex
2171 5141 2481 5220 substantia
2528 5157 2627 5213 Dei
2673 5163 2727 5210 et
2781 5152 2993 5215 Patris,
3053 5146 3251 5200 Filium
3301 5141 3448 5198 Patri

1873 5262 2139 5334 aequalem
2185 5273 2330 5324 esse,
2366 5253 2564 5309 Filium
2598 5249 2846 5320 ejusdem
2881 5260 2945 5299 ac
2995 5241 3164 5297 Deum
3202 5253 3325 5294 esse
3365 5236 3450 5289 di-

1876 5356 2126 5430 gnitatis,
2157 5354 2447 5424 ipsumque
2470 5361 2588 5411 ,una
2616 5358 2744 5400 cum
2772 5340 2936 5395 Patre
2971 5340 3301 5407 praesentem
3330 5328 3452 5385 ubi-

1949 5667 2062 5739 (59)
2098 5664 2307 5739 [legitis
2334 5659 2788 5739 hic-etdeinceps
2812 5654 3010 5713 omittit
3041 5644 3211 5706 εἶπεν.

1947 5730 2061 5815 (60)
2100 5730 2307 5810 Regius
2343 5734 2544 5792 omittit
2569 5730 2720 5786 Θεόν.
