3920 6514
527 366 638 427 κδ

1670 365 1726 422 S.
1769 365 2235 425 ATHANASIUS.
2269 397 2340 409 —
2381 365 2652 424 SPURIA.

3709 364 3820 424 ιιι

529 503 638 560 que
669 502 792 544 esse
820 485 1126 552 divinitate,
1173 486 1470 556 omniaque
1495 486 1791 556 complecti
1829 501 1927 540 sua
1976 486 2105 541 sub-

2215 503 2290 553 τι,
2351 485 2445 540 καὶ
2492 485 2574 539 ὅτι
2621 484 2798 539 πάντα
2855 484 3100 556 περιέχει
3146 487 3212 557 τῇ
3257 484 3414 556 οὐσία
3449 484 3672 550 αὑτοῦ,
3721 488 3820 540 καὶ

529 579 753 644 stantia,
790 593 893 634 nec
923 581 992 634 ab
1023 580 1133 634 ulla
1167 593 1226 633 re
1253 577 1526 632 contineri
1557 575 1754 631 Filium
1786 576 1903 644 Dei,
1939 577 2104 634 sicuti

526 684 631 726 nec
660 668 874 724 Patrem
905 669 1045 739 ejus.
1096 667 1164 721 Et
1208 667 1262 721 in
1307 666 1571 738 Spiritum
1620 674 1896 732 sanctum,
1943 684 2106 738 quem

528 761 695 816 credo
733 775 856 816 esse
901 758 1084 814 Patris
1129 758 1473 826 substantiae,
1519 758 1794 829 simulque
1840 767 2103 816 aeternum

528 872 652 912 cum
682 855 842 912 Patre
887 863 942 912 et
989 855 1150 912 Filio.
1184 853 1425 911 Verbum
1470 853 1595 909 dico
1629 853 1686 908 in
1727 866 1896 908 carne
1941 851 2107 907 adve-

526 938 702 1004 nisse.

597 1040 650 1096 6.
691 1041 784 1098 Ar.
829 1040 1007 1097 Credo
1051 1049 1106 1098 et
1151 1057 1254 1114 ego
1297 1041 1354 1096 in
1399 1053 1570 1094 unum
1602 1037 1771 1094 Deum
1819 1044 2105 1103 aeternum,

520 1141 580 1188 et
607 1131 804 1188 Filium
839 1135 960 1203 ejus
1004 1151 1166 1205 quem
1199 1142 1326 1188 ante
1371 1133 1570 1189 saecula
1601 1131 1808 1186 creavit
1841 1129 2009 1192 Deus,
2054 1138 2108 1184 et

521 1222 724 1280 Filium
757 1223 908 1280 fecit.
939 1224 1044 1293 Qui
1071 1225 1244 1280 Filius
1273 1241 1397 1280 cum
1427 1224 1614 1280 omnia
1637 1236 1980 1294 quazcunque
2001 1221 2105 1274 ha-

519 1316 638 1380 bet,
671 1331 782 1370 non
814 1316 1065 1382 haberet,
1095 1331 1159 1372 ea
1197 1332 1228 1370 a
1257 1315 1368 1372 Deo
1413 1317 1664 1386 accepit:
1700 1314 1847 1386 quod
1881 1329 1991 1369 non
2038 1314 2109 1368 sit

521 1405 656 1461 item
689 1405 862 1462 Filius
889 1405 1040 1461 Patri
1072 1407 1322 1477 aequalis,
1367 1422 1470 1462 nec
1514 1405 1760 1476 ejusdem
1809 1419 1874 1458 ac
1900 1405 1991 1460 ille
2019 1403 2107 1458 di-

401 1544 412 1562 ,
521 1497 774 1569 gnitatis,
811 1499 907 1555 sed
939 1508 1002 1553 ut
1035 1515 1126 1556 res
1157 1499 1321 1565 facta,
1365 1499 1541 1570 gloria
1571 1507 1626 1554 et
1653 1498 1857 1552 virtute
1891 1496 2002 1552 Deo
2035 1497 2107 1550 sit

523 1588 775 1644 inferior.
824 1588 892 1643 Et
923 1589 978 1644 in
1017 1588 1281 1661 Spiritum
1314 1601 1590 1657 sanctum,
1625 1589 1720 1659 qui
1771 1604 1802 1642 a
1845 1587 1984 1643 Filio
2024 1588 2108 1642 fa-

525 1689 648 1737 ctus
677 1687 783 1736 est.
813 1680 894 1736 En
924 1698 1046 1753 quae
1073 1697 1174 1754 ego
1205 1683 1403 1738 sentio.

599 1861 651 1914 7.
693 1861 820 1917 Ath.
859 1859 980 1916 lam
1028 1875 1152 1916 cum
1203 1859 1353 1916 omni
1395 1867 1514 1914 arte
1547 1855 1729 1914 ordire
1775 1857 2104 1929 disputatio-
2131 1837 2177 1895 Β

523 1970 672 2009 nem.
709 1954 876 2010 Video
908 1954 1054 2010 enim
1084 1961 1139 2010 te
1174 1953 1391 2024 magnis
1426 1953 1589 2008 malis
1623 1951 1858 2007 detineri
1886 1971 1900 2006 :
1927 1967 2103 2024 quan-

518 2061 690 2116 quam
752 2053 810 2100 tu
853 2061 992 2112 nos,
1034 2046 1151 2116 ipse
1197 2059 1492 2116 aggressus
1549 2059 1673 2099 reos
1729 2059 1853 2099 esse
1897 2044 2100 2107 velles,

519 2139 683 2212 quasi
711 2153 818 2193 non
850 2145 1000 2193 recte
1026 2137 1094 2192 de
1115 2137 1294 2203 Patre,
1318 2145 1372 2192 et
1399 2135 1561 2201 Filio,
1585 2145 1642 2191 et
1672 2135 1881 2207 Spiritu
1912 2144 2106 2192 sancto

524 2233 878 2288 sentiremus.
921 2231 1020 2284 Ar.
1055 2229 1343 2296 Quomodo
1373 2229 1515 2284 dicis
1543 2227 1713 2284 Deum
1756 2245 1972 2300 semper
2000 2228 2104 2282 Pa-

519 2329 686 2386 trem,
731 2322 824 2392 qui
877 2336 1002 2375 cum
1043 2321 1196 2376 solus
1249 2328 1399 2375 esset
1458 2316 1623 2384 Deus,
1675 2334 1777 2374 sua
1823 2321 2104 2374 voluntate

515 2413 727 2469 creavit
747 2411 944 2466 Filium
979 2428 1162 2478 suum,
1189 2411 1954 2482 quemadmodum-scriptum
1984 2411 2106 2466 est?

520 2505 648 2561 Ath.
679 2503 916 2560 Ubinam
946 2506 1218 2576 scriptum
1243 2515 1328 2561 est
1355 2506 1534 2559 solum
1565 2520 1690 2560 esse
1715 2503 1969 2560 Patrem?
2005 2506 2100 2559 Ar.

519 2596 678 2668 Apud
715 2596 944 2651 Paulum
983 2598 1294 2665 apostolum
1341 2599 1415 2652 ita
1465 2597 1798 2653 scribentem
1841 2615 1904 2654 ει
1933 2595 2104 2653 Nobis

519 2701 651 2743 vero
691 2703 835 2742 unus
869 2685 1012 2741 Deus
1043 2702 1111 2740 ex
1138 2701 1248 2756 quo
1273 2687 1457 2741 omnia
1487 2685 1558 2742 '°.
1591 2704 1610 2738 ι
1650 2685 1776 2738 Am.
1805 2683 1945 2756 Lege
1983 2700 2104 2756 qua!

517 2786 829 2850 sequuntur
845 2777 1096 2849 Apostoli
1133 2778 1296 2833 verba
1321 2796 1338 2832 :
1363 2778 1439 2832 ait
1462 2778 1630 2842 enim,
1673 2795 1692 2828 ι
1726 2775 1791 2830 Et
1817 2793 1958 2832 unus
1993 2776 2098 2830 Do-

521 2869 705 2926 minus
741 2868 902 2926 Jesus
929 2869 1210 2934 Christus,
1245 2884 1342 2946 per
1379 2885 1544 2940 quem
1575 2869 1783 2924 omnia.
1817 2887 1836 2921 ›
1877 2870 1975 2922 Ar.
2009 2867 2100 2922 Vi-

515 2961 617 3017 des
645 2961 846 3017 Filium
891 2961 1227 3028 ministrum,
1265 2977 1374 3016 non
1417 2969 1599 3015 autem
1641 2976 1738 3030 per
1768 2976 1826 3016 se
1853 2960 2100 3030 opiﬁcem

516 3068 664 3118 esse,
698 3062 758 3107 ut
789 3055 907 3125 ipse
937 3053 1004 3108 de
1033 3068 1093 3108 se
1131 3053 1208 3105 ait
1235 3070 1248 3106 ε
1282 3070 1302 3104 ι
1334 3051 1452 3107 Nisi
1489 3052 1622 3122 quid
1646 3052 1844 3111 viderit
1882 3051 2099 3108 Patrem

2207 578 2290 632 ὅτι
2351 578 2410 631 ού
2466 577 2780 648 περιέχεται
2845 575 2936 628 ὑπ’
2991 575 3207 640 οὐδενὸς
3247 579 3276 630 6
3317 575 3443 640 Tib;
3482 577 3584 630 τοῦ
3628 575 3814 640 Θετῦ,

2207 669 2461 742 καθάπερ
2517 669 2610 723 καὶ
2663 671 2691 722 6
2733 668 2864 732 Θεὸς
2911 668 2940 721 6
2996 667 3187 740 Πατὴρ
3222 669 3420 722 αὑτοῦ·
3455 669 3550 722 καὶ
3607 671 3704 731 είς
3757 671 3817 722 τὸ

2207 761 2432 834 Πνεῦμα
2465 762 2528 815 τὸ
2556 761 2732 830 ἅγιον,
2757 762 2840 815 ὅτι
2869 761 2969 833 τῆς
3003 761 3098 815 τοῦ
3127 761 3340 834 Πατρός
3364 761 3478 832 (61)
3515 763 3689 815 ἐστιν
3730 762 3816 815 ού-

2209 855 2350 920 σίας,
2389 855 2486 908 καὶ
2521 853 2791 908 συναῖδιον
2815 851 2894 923 τῷ
2937 854 3114 926 Πατρὶ
3146 853 3240 907 καὶ
3270 853 3348 925 τῷ
3384 853 3500 925 Υἱῷ
3530 853 3813 924 τυγχὼει

2204 947 2268 1000 τὸ
2288 948 2440 1016 ἆγιον
2458 945 2699 1018 Πνεῦμα.
2719 947 2824 1000 Τὸν
2846 945 3019 1015 Λόγον
3041 947 3185 1018 φημὶ
3201 947 3259 999 ἐν
3282 947 3449 1019 σαρκὶ
3480 945 3806 1016 γεγονέναι.

2277 1038 2330 1094 6.
2366 1041 2494 1107 Ἀρ.
2533 1034 2705 1092 εἶπεν·
2741 1037 2990 1092 Πιστεύω
3019 1037 3175 1108 κάγὼ
3204 1039 3284 1103 εἰς
3305 1038 3402 1093 ἕνα
3426 1038 3558 1092 Θεὸν
3587 1039 3808 1104 ἀΐδιον,

2205 1130 2303 1184 καὶ
2329 1132 2408 1194 εἰς
2435 1131 2525 1183 τὸν
2547 1129 2677 1182 Υἱὸν
2706 1128 2893 1193 αὑτοῦ,
2918 1128 2980 1182 ὃν
3008 1130 3116 1201 πρὸ
3138 1128 3248 1183 τῶν
3275 1128 3756 1184 αἱὼνωνέκτισεν
3781 1133 3806 1186 ό

2207 1220 2340 1284 Θεὸς
2369 1219 2504 1292 (62),
2537 1221 2632 1274 καὶ
2671 1221 2800 1274 Υἱὸν
2829 1220 3080 1292 ἐποίησε.
3125 1221 3235 1275 Καὶ
3261 1222 3458 1286 πάντα,
3486 1222 3590 1276 ὅσα
3637 1222 3761 1295 ἔχει
3781 1225 3810 1274 ὁ

2207 1313 2371 1377 Υἱὸς,
2405 1313 2480 1386 μὴ
2511 1313 2649 1386 έχων
2693 1312 2852 1366 ἔλαϐε
2893 1313 3047 1387 παρὰ
3095 1314 3190 1368 τοῦ
3234 1313 3399 1368 Θεοῦ·
3432 1315 3528 1368 καὶ
3572 1315 3669 1368 ὃτι
3705 1313 3809 1369 οῦκ

2211 1405 2324 1470 ἴσος
2351 1407 2500 1460 ἐστὶν
2524 1409 2552 1460 6
2579 1406 2727 1471 Υἱὸς,
2751 1406 2872 1460 ούδέ
2901 1407 3137 1478 ἰσότιμος
3162 1405 3240 1478 τῷ
3263 1407 3456 1478 Πατρὶ,
3487 1407 3632 1461 ἀλλὰ
3665 1407 3804 1462 πολὺ

2209 1497 2452 1552 λείπεται
2475 1499 2574 1569 τῆς
2598 1498 2692 1551 τοῦ
2717 1498 2853 1551 Θεοῦ
2887 1497 3067 1570 δόξης,
3093 1499 3168 1562 ὼς
3207 1499 3415 1570 ποίημα
3447 1499 3584 1570 (65),
3611 1499 3806 1552 λείπε-

2209 1608 2298 1644 ται
2342 1591 2442 1661 τῆς
2472 1589 2566 1643 τοῦ
2601 1589 2736 1642 Θεοῦ
2772 1589 3088 1662 δυνάμεως·
3132 1589 3228 1643 καὶ
3261 1591 3341 1654 εἰς
3367 1590 3430 1644 τὸ
3475 1589 3720 1662 Πνεῦμα
3746 1591 3805 1644 τὸ

2210 1684 2386 1752 ἅγιον,
2416 1684 2478 1737 τὸ
2516 1683 2622 1736 ὑπὸ
2652 1682 2746 1736 τοῦ
2790 1682 2921 1736 Υἱοῦ
2965 1682 3206 1752 γεγονός.
3256 1671 3387 1736 Ἰδοὺ
3421 1681 3581 1751 κάγὼ
3623 1681 3804 1736 ταῦτα

2211 1773 2412 1846 φρονῶ.

2278 1865 2329 1919 7.
2384 1866 2494 1920 Ἀθ.
2548 1859 2734 1918 εἶπενο
2793 1865 2992 1920 Λοιπὸν
3056 1864 3193 1936 μετὰ
3241 1864 3422 1937 πάσης
3479 1865 3800 1936 ἐπιστήμης

2207 1955 2376 2028 ἄρχου
2404 1957 2504 2027 τῆς
2547 1957 2826 2027 ζητήσεως
2866 1954 2997 2029 (64)·
3031 1956 3141 2028 ὁρῶ
3169 1956 3277 2028 γάρ
3321 1973 3381 2009 σε
3429 1959 3486 2010 ἐν
3529 1957 3796 2029 μεγάλοις

2206 2049 2395 2111 κακοῖς
2432 2047 2770 2118 ἐνεχόμενον,
2801 2048 2847 2099 εί
2882 2047 2976 2100 καὶ
3020 2049 3088 2100 τὰ
3123 2047 3358 2118 μάλιστα
3391 2045 3501 2118 (65)
3538 2048 3604 2100 σὺ
3655 2063 3798 2119 παρ-

2206 2137 2375 2192 ελθὼν
2423 2139 2531 2192 ὑπὸ
2590 2138 2772 2192 αἰτίαν
2819 2140 2966 2210 ἡμᾶς
3014 2139 3299 2211 ἐποίησας,
3347 2139 3422 2204 ὡς
3485 2139 3564 2212 μὴ
3617 2139 3795 2212 ὀρθῶς

2206 2229 2546 2302 φρονούντων
2578 2233 2610 2301 ή
2621 2229 2736 2300 μῶν
2771 2231 2898 2302 περὶ
2933 2231 3164 2302 Πατρὸς,
3201 2231 3296 2285 κα)⁵
3323 2229 3478 2294 Υἱοῦ,
3509 2230 3608 2285 xal.
3636 2231 3795 2301 ἁγίου

2205 2323 2541 2394 Πνεύματος.
2582 2323 2701 2392 Ἄρ.
2737 2318 2923 2376 εἶπενο
2968 2323 3094 2387 Πῶς
3137 2323 3242 2394 φῂς
3276 2323 3365 2378 τὸν
3393 2323 3527 2378 Θεὸν
3563 2326 3652 2378 ἀεὶ
3686 2327 3795 2380 Πα-

2203 2414 2358 2486 τέρα,
2403 2415 2462 2478 ὃς
2499 2415 2658 2486 μόνος
2697 2414 2830 2478 Θεὸς
2871 2413 2946 2468 ὢν
2977 2414 3110 2485 (66),
3157 2415 3263 2486 ἰδίᾳ
3296 2413 3548 2486 βουλήσει
3579 2417 3792 2470 ἔκτισεν

2203 2509 2294 2562 τὸν
2333 2509 2459 2563 Υἱὸν
2501 2507 2688 2574 αὑτοῦ,
2711 2508 2892 2573 καθὼς
2920 2508 3253 2580 γέγραπται.
3308 2511 3418 2565 Ἀθ.
3461 2505 3638 2563 εἷπε-ν
3684 2510 3792 2565 Ποῦ

2204 2601 2546 2674 γέγραπται,
2579 2602 2661 2655 ὅτι
2706 2600 2865 2672 μόνος
2909 2601 3058 2654 ἐστὶν
3094 2601 3122 2653 6
3155 2601 3381 2672 Πατήρ;
3421 2603 3542 2670 Ἄρ.
3597 2597 3750 2654 εἶπεν
3773 2619 3785 2632 ·

2204 2693 2362 2766 Παρὰ
2399 2693 2596 2766 Παύλῳ
2640 2693 2718 2765 τῷ
2759 2693 3072 2765 ἀποστόλῳο
3107 2694 3242 2765 φησὶ
3271 2696 3412 2764 γάρ·
3451 2712 3472 2745 ι
3521 2694 3691 2764 Ἡμῖν
3735 2693 3790 2746 δὲ

2204 2781 2286 2850 εἷς
2315 2787 2446 2850 Θεὸς
2471 2786 2528 2854 ἐξ
2556 2779 2616 2840 οῦ
2647 2786 2717 2840 τὰ
2749 2786 2946 2840 πάντα.
2987 2806 3006 2838 ι
3052 2781 3317 2852 Ἄθανάς.
3347 2782 3520 2840 εἶπεν·
3549 2786 3634 2840 Τὰ
3662 2786 3786 2838 ἐπό-

2208 2895 2344 2949 μενα
2373 2878 2646 2948 ἀνάγνωθι
2671 2878 2762 2932 τοῦ
2805 2878 3130 2932 Ἀποστόλου
3156 2878 3319 2948 ῥητὰ,
3343 2877 3447 2949 ἔφη
3473 2878 3606 2948 γάρ·
3639 2897 3656 2928 ι
3684 2876 3788 2930 Kal.

2204 2966 2284 3034 εἷς
2329 2971 2533 3042 Κύριος
2591 2971 2798 3042 Ἰησοῦς
2843 2972 3096 3042 Χριστὸς,
3157 2972 3224 3026 δι’
3277 2963 3337 3024 οῦ
3388 2971 3458 3024 τὰ
3509 2971 3708 3024 πάντα.
3763 2987 3780 3020 ι

2207 3068 2432 3135 Ἄρειος
2470 3063 2652 3120 εἶπεν·
2708 3067 2892 3138 Ὁρᾷς,
2933 3067 3014 3119 ὅτι
3055 3065 3328 3138 ύπουργός
3361 3067 3498 3128 ἐστι,
3528 3063 3628 3118 καὶ
3669 3063 3785 3134 οὒχὶ

520 3142 852 3199 facientem:
881 3159 1004 3214 quae
1052 3143 1200 3198 enim
1243 3141 1407 3198 Pater
1459 3141 1616 3206 facit,
1659 3142 1776 3197 haec
1827 3149 1881 3198 et
1927 3141 2103 3198 Filius

2210 3158 2506 3230 αὐτουργὸς
2537 3159 2565 3210 ὁ
2602 3158 2730 3222 Υἱὸς
2759 3157 2941 3222 καθὼς
2973 3158 3135 3223 αὐτὸς
3165 3157 3292 3229 περὶ
3333 3156 3527 3211 ἐαυτοῦ
3575 3157 3779 3222 ἔλεξεν·

519 3232 651 3287 facit
669 3234 782 3286 ⁸⁸.»
833 3233 1068 3288 Attende
1115 3234 1392 3304 quomodo
1453 3231 1708 3288 minister
1749 3247 1858 3288 non
1911 3240 2096 3288 autem

2210 3269 2224 3302 ι
2271 3249 2398 3303 Ἐὰν
2431 3250 2504 3322 μή
2531 3267 2584 3303 τι
2611 3249 2782 3321 βλέπλ
2814 3251 2905 3304 τὸν
2939 3252 3162 3323 Πατέρα
3195 3250 3450 3305 ποιοῦντα
3469 3267 3484 3280 ·
3517 3249 3554 3305 ἃ
3583 3251 3694 3323 γὰρ
3722 3250 3782 3304 ἂν

517 3331 736 3381 creator
763 3323 836 3379 sit
867 3323 1061 3380 Filius.
1093 3323 1222 3378 Ath.
1261 3323 1420 3394 160
1442 3320 1618 3378 Vide:
1649 3323 1758 3377 noli
1794 3338 1918 3378 cum
1955 3323 2102 3378 veri-

519 3422 636 3471 tate
665 3430 931 3487 pugnare.
971 3413 1108 3470 Nam
1133 3415 1282 3486 quod
1313 3423 1474 3486 putas
1503 3430 1534 3469 a
1559 3413 1731 3471 Paulo
1757 3415 1825 3470 tle
1856 3415 1968 3471 Deo
1995 3414 2100 3470 Pa-

517 3513 607 3562 tre
635 3522 758 3562 esse
796 3507 1028 3574 dictum,
1067 3507 1210 3563 idem
1237 3506 1306 3562 de
1356 3505 1499 3562 Filio
1541 3506 1612 3561 ab
1644 3508 1766 3578 ipso
1809 3506 1917 3562 dici
1953 3523 2105 3579 repe-

519 3600 652 3655 ries.
677 3597 804 3654 llaec
829 3605 960 3656 sunt
982 3599 1130 3655 enim
1153 3599 1276 3670 ejus
1307 3600 1474 3655 verba
1503 3618 1516 3654 :
1553 3617 1572 3650 ι
1607 3598 1672 3655 Ει
1701 3600 1818 3670 ipse
1840 3601 2025 3670 posuit
2047 3600 2102 3654 in

524 3689 787 3756 Ecclesia,
813 3691 1050 3762 primum
1073 3693 1379 3762 apostolos,
1406 3691 1604 3747 deinde
1625 3691 1942 3762 prophetas,
1966 3691 2103 3747 alios

517 3799 652 3840 vero
690 3787 1081 3856 evangelistas,
1125 3786 1266 3842 alios
1299 3797 1553 3857 pastores
1594 3794 1649 3841 et
1689 3786 2004 3856 magistros,
2033 3785 2103 3840 ad

521 3875 919 3947 perfectionem
972 3877 1326 3948 populorum,
1377 3877 1431 3932 in
1488 3891 1629 3947 opus
1677 3877 1992 3941 ministerii,
2046 3877 2102 3930 in

517 3966 934 4022 aediﬁcationem
979 3967 1232 4038 corporis
1273 3967 1503 4031 Christi,
1543 3967 1719 4022 donec
1745 3982 2104 4022 occurramus

518 4071 712 4113 omnes
741 4058 796 4112 in
831 4061 1096 4114 unitatem
1132 4058 1256 4113 fidei
1289 4067 1344 4114 et
1397 4059 1698 4130 agnitionis
1729 4056 1856 4112 Filii
1895 4057 2014 4123 Dei,
2046 4059 2102 4112 in

518 4148 698 4205 virum
727 4150 1046 4218 perfectum,
1075 4151 1133 4205 in
1162 4165 1479 4206 mensuram
1523 4150 1704 4204 aetatis
1736 4149 2100 4219 plenitudinis

516 4240 720 4296 Christi
744 4255 759 4293 :
781 4249 842 4296 ut
863 4242 976 4312 jam
1009 4259 1116 4299 non
1149 4244 1322 4298 simus
1352 4241 1587 4312 parvuli,
1631 4255 1732 4294 nec
1767 4237 2102 4314 ﬂuctuantes

518 4332 976 4390 circumferamur
1009 4337 1158 4391 omni
1203 4345 1368 4391 vento
1415 4333 1706 4395 doctrinae,
1758 4332 1813 4387 in
1855 4333 1974 4387 alea
2010 4333 2106 4386 ho-

519 4424 755 4491 minum,
785 4426 842 4481 in
872 4429 1075 4482 astutia
1107 4429 1174 4482 ad
1207 4426 1577 4482 inducendum
1614 4426 1671 4479 in
1697 4440 1938 4480 errorem
1966 4444 1980 4479 :
2006 4425 2102 4480 sed

2200 3341 2230 3394 6
2251 3340 2440 3411 Πατὴρ
2463 3343 2588 3411 ποιῇ
2615 3340 2748 3412 (67),
2779 3341 2950 3394 ταῦτα
2981 3343 3073 3394 καὶ
3099 3343 3127 3394 6
3173 3343 3302 3406 Tib;
3333 3344 3495 3396 ποιεῖ.
3543 3361 3563 3394 ι
3615 3341 3783 3414 Πρόσ-

2201 3448 2294 3502 εχε
2345 3430 2462 3495 πῶς
2497 3431 2772 3504 ὑπουργὸς
2803 3433 2896 3486 καὶ
2940 3435 3000 3486 οὐ
3027 3433 3355 3506 δημιουργός
3395 3435 3541 3487 ἐστιν
3573 3437 3604 3488 6
3637 3431 3779 3496 Υἱός.

2215 3526 2326 3578 Ἀθ.
2375 3519 2565 3578 εἶπεν
2615 3526 2792 3598 Ὅραο
2837 3527 2912 3600 μὴ
2962 3527 3137 3598 μάχου
3182 3529 3318 3599 πρὸς
3363 3527 3464 3599 τήν
3507 3526 3775 3599 ἀλήθειαν.

2205 3615 2384 3688 ’Ὅπερ
2413 3616 2524 3690 γὰρ
2567 3616 2663 3670 τοῦ
2705 3615 2918 3671 Παύλου
2968 3621 3132 3690 ῥητὸν
3173 3619 3348 3682 δοκεῖς
3389 3621 3612 3690 κρατεῖν
3660 3617 3781 3689 περὶ

2203 3706 2339 3761 Θεοῦ
2367 3709 2602 3781 Πατρὸς,
2631 3708 2790 3762 τοῦτο
2815 3710 2908 3763 καὶ
2938 3711 3065 3782 περ)¹
3093 3710 3186 3764 τοῦ
3215 3709 3347 3764 Υίοῦ
3374 3709 3631 3781 εὑρήσεις
3660 3707 3780 3780 παρ’

2203 3799 2354 3870 αὐτῷ
2381 3799 2460 3872 τῷ
2496 3801 2802 3872 Ἀποστόλῳ
2828 3800 3136 3872 λεγόμενον
3167 3801 3302 3873 φησι
3327 3801 3436 3872 γάρ
3453 3818 3466 3831 ο
3498 3819 3517 3852 ι
3547 3803 3662 3855 Kal.
3687 3801 3778 3855 αὖ·

2202 3891 2296 3954 τὸς
2350 3891 2503 3946 ἔθετο
2549 3893 2608 3946 ἐν
2661 3895 2727 3965 τῇ
2785 3893 3082 3965 Ἐκκλησία
3105 3935 3120 3960 ,
3167 3893 3385 3966 πρῶτον
3431 3895 3777 3958 ἀποστόλους,

2203 3981 2455 4054 δεύτερον
2492 3986 2798 4055 προφήτας,
2847 3986 2975 4049 τοὺς
3021 3985 3080 4038 δέ
3119 3984 3542 4054 εὐαγγελιστὰς,
3575 3987 3702 4049 τοὺς
3726 3985 3778 4038 δὲ

2205 4075 2468 4146 ποιμένας
2497 4077 2591 4130 καὶ
2615 4076 2990 4142 διδασκάλους,
3019 4079 3154 4149 πρὸς
3176 4077 3268 4130 τὸν
3290 4077 3662 4149 καταρτισμὸν
3680 4077 3778 4130 τῶν

2205 4163 2370 4227 λαῶν,
2402 4165 2483 4227 είς
2511 4163 2670 4236 ἔργον
2703 4163 2999 4229 διακονίας,
3031 4166 3112 4229 είς
3141 4164 3432 4236 οἰκοδομὴν
3464 4165 3558 4219 τοῦ
3597 4165 3776 4236 σῶμα·

2203 4271 2294 4319 τος
2319 4253 2413 4308 τοῦ
2445 4255 2703 4324 Χριστοῦ,
2739 4255 2901 4328 μέχρι
2936 4258 3369 4329 καταντήσωμεν
3399 4259 3448 4310 οἱ
3483 4257 3688 4322 πάντες
3706 4257 3778 4320 είς

2205 4346 2302 4418 τὴν
2348 4347 2578 4418 ἑνότητα
2617 4349 2716 4419 τῆς
2749 4349 2984 4413 πίστεως
3020 4350 3114 4402 καὶ
3157 4350 3258 4421 τῆς
3302 4349 3652 4418 ἐπιγνώσεως
3690 4349 3776 4404 τιῦ

2205 4437 2335 4492 Υἱοῦ
2366 4438 2460 4491 τοῦ
2497 4438 2654 4506 Θεοῦ,
2683 4442 2763 4504 εἰς
2790 4441 2956 4514 ἄνδρα
2985 4441 3208 4507 τέλειον,
3243 4443 3323 4506 εἱς
3351 4442 3547 4514 μέτρον
3569 4442 3778 4514 ήλικίας

517 4520 804 4575 veritatem
835 4528 1108 4576 sectantes
1137 4522 1190 4575 in
1227 4520 1517 4581 charitate,
1565 4531 1884 4572 crescamus
1924 4517 1981 4570 in
2009 4516 2103 4571 illo

2210 4528 2300 4582 τοῦ
2341 4529 2703 4604 πληρώματος
2731 4531 2827 4585 τοῦ
2856 4509 3119 4604 Χριστοῦ,
3153 4533 3240 4586 ῖνα
3277 4509 3471 4605 μηκέτι
3503 4509 3655 4606 ὦμεν
3691 4535 3777 4605 νή-

516 4627 616 4683 per
643 4613 851 4679 omnia,
893 4614 986 4684 qui
1016 4621 1100 4669 est
1133 4623 1316 4683 caput,
1349 4611 1602 4666 Christus
1629 4631 1642 4665 :
1669 4626 1736 4665 ea:
1772 4627 1874 4681 quo
1919 4618 2094 4666 totum

515 4724 721 4780 corpus
751 4717 1098 4782 compactum
1137 4717 1192 4764 et
1219 4723 1528 4764 connexum
1559 4722 1659 4777 per
1693 4720 1909 4761 omnem
1953 4720 2100 4759 com-

517 4807 813 4859 missuram
842 4803 1372 4859 subministrationis
1395 4803 1466 4865 “,
1506 4820 1524 4854 ι
1553 4807 1662 4855 etc.
1686 4797 1927 4854 Videsne
1947 4814 2099 4854 eam-

513 4894 639 4949 dem
693 4907 885 4949 vocem
930 4894 998 4948 de
1049 4892 1210 4950 Patre
1255 4901 1310 4964 et
1361 4891 1504 4948 Filio
1549 4890 1920 4947 communiter
1963 4890 2095 4956 dici,

513 4999 680 5057 quam
711 4992 772 5039 tu
799 4985 868 5041 de
898 4986 1018 5041 solo
1043 4984 1208 5041 Patre
1242 4984 1601 5041 intellexisti?

2206 4638 2338 4688 πιοι,
2367 4622 2816 4697 κλυδωνιζόμενοι
2839 4625 2934 4679 καὶ
2961 4626 3379 4698 περιφερόμενοι
3412 4627 3574 4681 παντὶ
3601 4627 3777 4698 ἀνέμῳ

2202 4713 2302 4785 τῆς
2343 4713 2721 4781 διδασκαλίας,
2768 4719 2826 4771 ἐν
2869 4720 2937 4789 τῇ
2989 4716 3183 4789 κυϐείᾳ
3228 4717 3336 4772 τῶν
3371 4716 3695 4789 ἀνθρώπων,
3725 4718 3774 4768 ἐν

2205 4806 2510 4878 πανουργίᾳ
2533 4807 2642 4879 (68)
2669 4808 2807 4881 πρὸς
2833 4809 2934 4881 τὴν
2966 4808 3241 4880 μεθοδείαν
3267 4810 3366 4882 τῆς
3391 4809 3624 4880 πλάνης.
3655 4808 3774 4880 ἀληο

2201 4895 2448 4964 Θεύοντες
2471 4901 2528 4954 δὲ
2544 4904 2601 4956 ἐν
2621 4903 2832 4974 ἀγάπη,
2854 4902 3179 4973 αὐξήσωμεν
3203 4904 3285 4967 εἰς
3309 4903 3472 4956 αὑτὸν
3491 4902 3561 4956 τὰ
3583 4903 3770 4964 πάντα,

2199 4988 2258 5050 ὃς
2302 4989 2450 5045 ἐστιν
2483 4993 2516 5062 ἡ
2552 4993 2780 5066 κεφαλὴ,
2810 4997 2839 5048 6
2880 4996 3139 5065 Χριστόςη
3170 4996 3240 5060 ἐξ
3276 4992 3349 5052 οὗ
3386 4997 3495 5051 πᾶν
3523 4995 3586 5048 τὸ
3625 4993 3771 5064 σῶμα

514 5077 1092 5151 συναρμολογούμενον
1140 5079 1234 5134 καὶ
1279 5078 1750 5150 συμϐιΰαζόμενον
1791 5077 1880 5131 διὰ
1924 5077 2107 5150 πάσης
2143 5077 2291 5151 ἀρῆς
2313 5083 2412 5154 τῆς
2451 5085 2830 5158 ἐπιχορηγίας,
2880 5107 2898 5140 ι
2930 5088 3025 5142 καὶ
3053 5086 3118 5140 τὰ
3157 5087 3303 5160 ἐξῆς.
3358 5087 3545 5160 Ὁρᾷς,
3609 5087 3689 5140 ὅτι
3740 5082 3770 5154 ἠ

515 5174 667 5246 φωνὴ
707 5175 900 5242 κοινῶς
930 5179 1314 5248 κατηγορεῖται
1337 5175 1550 5248 Πατρὸς
1583 5175 1674 5228 καὶ
1713 5173 1845 5227 Υἱοῦ
1869 5213 1884 5239 ,
1908 5173 2004 5227 καὶ
2032 5175 2096 5229 σὺ
2139 5179 2454 5250 μονομερῶς
2478 5181 2606 5252 περὶ
2629 5182 2841 5254 Πατρὸς
2864 5183 3177 5255 ἐξείληφας;

586 5292 634 5324 ’³
673 5296 693 5350 l
728 5297 856 5353 Cor.
893 5310 1028 5360 vm,
1062 5293 1115 5348 6.
1165 5294 1210 5324 ²¹
1244 5289 1400 5346 Joan.
1434 5307 1489 5359 ν,
1524 5291 1612 5346 19.
1655 5291 1699 5322 ²²
1723 5289 1862 5360 Eph.
1898 5306 1971 5357 IV,
2001 5290 2190 5350 11-16.

584 5409 703 5493 3'61)
737 5410 872 5493 Beg.
890 5420 950 5493 et
971 5411 1110 5484 Aug.
1143 5411 1242 5482 τῆς
1268 5409 1363 5464 τοῦ
1396 5407 1628 5481 Πατρός.
1661 5406 1855 5463 (Ξωιειύ
1883 5413 1938 5462 et
1961 5406 2094 5463 editi

517 5483 616 5536 τοῦ
648 5483 926 5534 omittunt.

592 5551 704 5620 (62)
748 5551 838 5604 Sic
859 5550 992 5618 Reg.
1027 5553 1092 5606 At
1117 5551 1209 5604 alii
1241 5560 1297 5604 et
1327 5549 1482 5614 editi,
1509 5548 1728 5620 ἔκτισεν
1751 5549 1827 5620 ὡς
1854 5549 2016 5620 Θεός.
2039 5580 2055 5586 τι

593 5618 707 5704 (ϐξ)
731 5622 884 5704 ‘Aug.
914 5621 1048 5675 ἀλλὰ
1071 5623 1210 5704 πολὺ
1239 5621 1616 5704 λείπεται-τῆς
1639 5619 1900 5704 τοῦρερῦ.
1939 5618 2100 5704 δόξης

522 5705 583 5745 τε
603 5687 698 5744 καῖ
727 5687 1026 5764 δμνᾶμεως,
1043 5693 1143 5764 ῶς
1160 5693 1392 5764 ποίημα.
1432 5687 1701 5764 Ed.v'er0,_
1729 5687 2099 5764 ἀλλ’,ἀπολείς

526 5761 813 5834 πεταιᾲτῆς
826 5758 920 5813 τοῦ
937 5761 1068 5816 Θεοῦ
1093 5762 1248 5833 δόξης
1269 5758 1344 5826 ὥς
1369 5762 1596 5834 ποίημα,
1621 5761 1864 5815 λείπεται
1884 5760 1983 5830 τῆς
2006 5758 2098 5812 τοῦ

525 5829 660 5892 Θεοῦ
685 5829 984 5904 δυνάμεως.

2425 5408 2558 5492 Reg.
2594 5417 2650 5492 et
2677 5410 2813 5482 Aug.
2851 5410 3215 5492 φύζητήρεωξ.

2286 5475 2400 5553 (65)
2441 5475 2580 5553 Λιῖε.
2633 5484 2694 5537 ἐν
2746 5475 3003 5553 μεγάλοις
3041 5475 3363 5548 ἐνεχόμενον
3409 5479 3457 5530 εἰ
3499 5475 3594 5530 καὶ
3619 5475 3766 5547 p634-

2204 5567 2386 5691 στῗέϐ)
2411 5621 2548 5693 A_ug.
2581 5623 2657 5686 ὼς
2697 5623 2854 5693 μόνος
2877 5619 2972 5674 ῶν.

2302 5687 2390 5764 67⁷)
2426 5687 2563 5764 Beg.
2590 5704 2642 5748 et
2675 5687 2889 5764 Anglic.
2926 5694 3076 5764 ποιῇ.
3108 5689 3249 5745 Editi
3285 5697 3337 5743 et
3369 5688 3459 5742 alii
3494 5687 3658 5764 ποιεῖ.

2302 5693 2369 5748 67
2429 5693 2563 5764 Reg.
2590 5704 2642 5748 et
2675 5694 2889 5762 Anglic.
2926 5694 3075 5762 ποιῇ.
3108 5693 3249 5745 Editi
3285 5697 3337 5743 et
3369 5693 3459 5742 alii
3494 5705 3575 5742 ποι

2279 5693 2394 5836 ἱϐΒζ
2423 5762 2553 5836 Reg.
2587 5765 2645 5819 ἐν
2677 5766 2742 5836 τῇ
2769 5763 2877 5816 τῶν
2915 5761 3214 5833 ἀνθρώπων
3252 5759 3575 5832 πανουργίᾳ.
