4066 6388
195 332 297 389 H5

1340 327 1752 389 DlSPUTATlO
1789 330 2067 390 CONTRA
2099 334 2361 394 ARIUMJ

3351 342 3459 400 446

259 441 315 500 8.
351 442 476 510 "Ap.
518 434 699 495 εἶπεν
718 455 735 471 ·
766 436 962 502 Καλῶς
989 438 1401 509 εμνημὸνευσας
1430 440 1558 512 περὶ
1590 439 1780 494 τούτου

1953 444 2006 500 8.
2046 446 2144 500 Ar.
2188 448 2357 504 Recte
2395 449 2669 522 integrum
2707 452 2954 524 Apostoli
2984 453 3161 509 locum
3192 468 3257 509 ac
3289 453 3360 509 de
3397 469 3460 509 re

216 532 331 606 ’ὅλην
355 533 451 603 τὴν
482 529 800 603 περικοπὴν
825 529 919 582 τοῦ
962 529 1285 583 Ἀποστόλου
1306 548 1319 561 ·
1355 531 1469 585 ἀλλ’
1500 531 1610 600 ἐγὼ
1638 533 1785 599 ἀξιο-

222 623 529 694 πιστότερον
572 620 812 693 ἠγοῦμαι
844 620 1134 691 τυγχάνειν
1166 619 1261 674 τοῦ
1301 621 1656 676 ἀποστολικοῦ
1690 626 1786 695 ῥη-

223 714 306 768 τοῦ
333 714 393 767 τὸ
419 712 821 784 προειρημένον
850 711 1128 783 Κυριακὸν
1153 712 1244 764 ὑπ’
1274 712 1407 783 ἐμοῦ
1436 712 1784 783 λόγιον.Ἕφη

223 805 320 877 γὰρ
340 806 368 857 6
393 803 623 875 Κύριος,
657 802 732 875 μὴ
758 801 1014 856 δύνασθαι
1040 802 1132 871 ἀφ’
1167 801 1360 856 ἑαυτοῦ
1401 806 1575 857 ποιεῖν
1608 804 1783 868 οὐδὲν,

224 897 307 951 ἐὰν
337 896 491 966 μήτι
528 894 706 968 βλέπῃ
748 895 840 948 τὸν
873 894 1090 964 Πατέρα
1128 892 1402 948 ποιοῦντα.
1445 895 1554 948 Ἀθ.
1597 891 1781 949 εἶπενο

224 987 283 1039 Τί
316 985 570 1057 ἐποίησεν
609 988 640 1040 6
679 987 812 1051 Θεὸς
848 989 907 1041 ἐν
944 990 1118 1059 ἀρχῇ;
1157 989 1275 1056 "Ap.
1307 984 1485 1041 εἶπενο
1522 987 1784 1059 Οὐρανὸν,

223 1081 335 1151 γῆν,
368 1079 671 1145 θάλασσαν,
702 1081 797 1136 καὶ
828 1081 1005 1137 πάντα
1041 1081 1110 1135 τὰ
1146 1083 1205 1135 ἐν
1233 1083 1440 1147 αὐτοῖς,
1485 1080 1668 1146 καθὼς
1696 1082 1789 1151 γέ-

222 1189 469 1243 γραπται.
527 1174 642 1228 Ἀθ.
689 1169 868 1226 εἶπενο
905 1172 1111 1227 Οὐκοῦν
1148 1173 1331 1229 λοιπόν
1380 1175 1526 1228 ἐστιν
1569 1174 1782 1229 ἀποδει-

223 1264 400 1334 χθῆναι
429 1262 538 1335 (69)
575 1263 730 1336 παρὰ
756 1263 869 1329 σοῦ,
896 1264 1082 1328 ποίους
1117 1265 1398 1337 οὐρανοὺς,
1425 1266 1519 1320 καὶ
1541 1266 1665 1337 γῆν,
1692 1267 1788 1321 καὶ

224 1353 502 1420 θάλασσαν,
537 1356 639 1409 καὶ
668 1356 735 1409 τὰ
764 1357 821 1411 ἐν
849 1356 1032 1420 αὐτοῖς
1056 1358 1310 1429 ἐποίησεν
1341 1359 1369 1411 6
1401 1356 1532 1421 Θεὸς
1556 1359 1613 1410 ἐν
1639 1355 1788 1428 πρώ-

222 1461 350 1509 τοις,
394 1442 495 1498 εἷθ’
540 1445 722 1511 οὕτως
764 1450 794 1502 6
841 1449 969 1513 Υἱὸς
1014 1448 1180 1502 αὑτοῦ
1232 1447 1492 1521 ἑωρακὼς
1535 1449 1788 1521 ἐποίησεν

223 1537 406 1609 ὁμοίως
431 1537 509 1609 τῷ
538 1539 723 1611 Πατρὶ
748 1539 931 1593 αὐτοῦ.
965 1541 1083 1607 "Ap.
1112 1534 1284 1594 εἶπεν⁸
1322 1538 1603 1610 Ἀθέμιτον
1626 1539 1790 1609 ἡγοῦ-

228 1646 313 1699 μαι
341 1629 636 1699 τυγχάνειν
678 1629 741 1682 τὸ
777 1631 978 1693 εἰπεῖν,
1029 1628 1244 1700 πρῶτον
1287 1628 1492 1699 κόσμον
1545 1628 1650 1681 ὑπὸ
1693 1627 1788 1682 τοῦ

224 1718 346 1773 Θεοῦ
383 1720 909 1793 δεδημιουργῆσθαι,
936 1721 1126 1793 ἕτερον
1151 1720 1207 1774 δὲ
1235 1719 1337 1772 ὑπὸ
1364 1719 1457 1772 τοῦ
1487 1717 1641 1784 Υἱοῦ,
1670 1718 1790 1772 δευ-

1884 538 2409 623 protulisti:verum
2453 556 2575 611 quae
2612 558 2716 613 ego
2761 543 3185 598 commemoravi
3237 541 3457 597 Domini

1883 628 2047 683 verba
2076 629 2250 700 magis
2277 631 2441 702 digna
2475 633 2580 688 tide
2604 641 2831 687 autumo
2864 649 2986 689 esse
3015 648 3178 702 quam
3202 647 3327 702 quae
3353 631 3456 686 ha-

1884 717 1975 773 bet
2021 719 2337 789 Apostolus.
2374 721 2655 792 Siquidem
2710 724 2787 777 ait
2820 724 3085 779 Dominus
3128 724 3266 779 nihil
3317 739 3377 779 se
3421 739 3456 777 a

1885 809 2065 877 seipso
2111 826 2271 880 posse
2328 811 2538 877 facere,
2587 814 2694 869 nisi
2738 814 2869 883 quid
2916 813 3202 869 facientem
3254 813 3452 868 viderit

1885 898 2102 956 Patrem
2126 902 2191 956 “.
2227 901 2354 956 Ath.
2384 903 2525 969 Quid
2573 903 2700 959 fecit
2742 905 2886 959 Deus
2928 905 2984 959 in
3015 904 3320 975 principio?
3352 891 3471 958 Ar.

1886 991 2120 1058 leum,
2155 1000 2381 1057 terram,
2417 1010 2590 1059 mare,
2623 1003 2679 1052 et
2704 998 2887 1051 omnia
2918 1012 3039 1066 quae
3068 995 3123 1049 in
3153 996 3260 1050 illis
3282 994 3454 1049 conti-

1884 1094 2106 1152 nentur,
2148 1086 2226 1139 uti
2267 1085 2532 1157 scriptum
2576 1096 2683 1143 est.
2728 1086 2857 1143 Ath.
2896 1088 3155 1157 Superest
3192 1087 3355 1158 igitur
3385 1091 3451 1139 ut

1885 1176 2142 1233 ostendas
2173 1194 2443 1249 quosnam
2475 1181 2667 1244 caelos,
2703 1195 2936 1249 quamve
2963 1188 3183 1242 terram,
3215 1192 3365 1232 mare
3396 1183 3450 1230 et

1886 1283 2008 1338 qua:
2053 1267 2139 1324 his
2188 1267 2560 1331 continentur,
2610 1270 2843 1336 primunt
2891 1267 3080 1322 fecerit
3121 1266 3285 1331 Deus,
3331 1278 3453 1336 quae

1886 1355 2083 1411 deinde
2112 1356 2306 1412 videns
2332 1355 2525 1421 Filius,
2557 1357 2809 1411 similiter
2835 1364 2893 1410 ut
2923 1354 3086 1410 Pater
3112 1354 3320 1410 fecerit.
3350 1354 3450 1411 Ar.

1886 1446 2052 1503 Nefas
2087 1448 2237 1502 dictu
2292 1458 2421 1518 puto
2465 1465 2608 1515 esse,
2672 1450 2908 1519 primum
2963 1446 3224 1501 mundum
3275 1461 3305 1499 a
3342 1444 3453 1500 Deo

1890 1538 2062 1595 fuisse
2092 1540 2393 1605 conditum,
2430 1540 2659 1594 alterum
2705 1547 2886 1594 autem
2920 1554 2949 1592 a
2978 1537 3136 1604 Filio,
3159 1553 3282 1592 cum
3316 1537 3455 1591 alter

1889 1632 2129 1687 mundus
2158 1633 2521 1688 demonstrari
2561 1648 2670 1687 non
2713 1631 2909 1701 possit,
2938 1631 3138 1700 quippe
3173 1644 3296 1684 cum
3327 1643 3455 1698 per-

1892 1724 2142 1793 spicuum
2170 1724 2241 1779 sit
2268 1726 2522 1779 omnibus
2553 1739 2720 1779 unum
2744 1724 2889 1789 hunc
2918 1722 3178 1777 mundum
3209 1726 3457 1792 aspecta-

224 1811 369 1882 τέρου
396 1812 470 1883 μὴ
493 1789 819 1883 *δυναμένου
858 1789 1261 1883 ἀποδειχθῆναι,
1300 1808 1598 1881 καταδήλου
1639 1809 1789 1873 ὄντος

1892 1789 2054 1869 bilem
2093 1830 2235 1871 esse.
2269 1815 2397 1870 Ath.
2436 1815 2607 1886 lgitur
2636 1813 2808 1870 Filius
2837 1830 2867 1868 a
2901 1830 2963 1869 se
2992 1814 3111 1883 ipso
3139 1789 3459 1868 universum

226 1900 654 1975 τοῦπράγματος
688 1902 839 1974 παρὰ
864 1904 1047 1968 πᾶσιν,
1082 1902 1162 1955 ὅτι
1190 1896 1270 1965 εἷς
1308 1900 1562 1971 τυγχάνει
1593 1901 1622 1954 6
1647 1899 1788 1971 ὁρώ-

227 2007 371 2061 μενος
396 1992 634 2063 κόσμος.
691 1992 801 2047 Ἀθ.
848 1988 1033 2045 εἶπενο
1083 1991 1289 2044 Οὐκοῦν
1328 1991 1419 2061 ἀφ’
1462 1987 1657 2043 ἐαυτοῦ
1698 1988 1792 2059 δη-

227 2087 458 2155 μιουργεῖ
479 2087 515 2137 ὁ
544 2085 678 2148 Υἱὸς
700 2084 761 2137 τὸ
784 2085 909 2137 πᾶν.
948 2085 1067 2151 "Ap.
1099 2079 1250 2137 εἶπεν
1269 2099 1282 2112 ο
1312 2080 1641 2153 Παρακαλῶ,
1670 2079 1791 2133 εἰπέ

228 2194 322 2246 μοι,
364 2175 480 2241 πῶς
528 2176 625 2246 ἀφ’
676 2175 906 2241 tau-.06;
940 2175 1053 2228 Οὐκ
1091 2173 1206 2227 ἔστι
1250 2173 1307 2227 δέ
1354 2173 1412 2236 ὃς
1438 2172 1581 2239 λέξει
1611 2170 1789 2226 τοῦτο.

234 2268 332 2324 Ἀθ.
359 2266 519 2323 εἶπεν
539 2286 553 2298 ·
594 2269 654 2322 '0
684 2268 844 2336 σοφὸς
864 2266 960 2339 τὴν
989 2266 1180 2337 βουλὴν
1202 2264 1365 2319 αὐτοῦ
1390 2264 1492 2318 ποῦ
1513 2264 1754 2337 εὑρίσκει
1775 2280 1790 2330 ;

228 2360 331 2428 "Ap.
361 2357 526 2415 εἶπεν
545 2378 560 2391 ο
607 2362 698 2414 Ἐν
715 2362 782 2431 τῇ
817 2358 978 2429 σοφίᾳ
1001 2358 1187 2412 αὑτοῦ.
1231 2359 1341 2411 Ἀθ.
1363 2352 1534 2411 εἶπεν·
1560 2356 1794 2428 Χριστὸς

226 2449 275 2504 δὲ
292 2450 416 2505 Θεοῦ
438 2452 686 2523 δύναμις
716 2451 811 2505 καὶ
840 2450 1000 2520 σοφία
1022 2448 1277 2521 τυγχάνει
1302 2448 1441 2503 κατὰ
1479 2448 1570 2502 τὸν
1613 2446 1795 2519 μακά-

230 2558 329 2613 ριον
358 2543 605 2607 Παῦλον,
641 2541 734 2596 ναὶ
764 2541 797 2613 ἢ
824 2540 916 2606 οῦς
950 2542 1068 2609 "Ap.
1099 2536 1276 2594 εἶπεν·
1320 2538 1794 2611 ’(ιμολογουμένως

228 2634 439 2704 Χριστὸς
467 2632 619 2688 Θεοῦ
646 2632 759 2705 (70)
787 2632 1016 2705 δύναμις
1053 2632 1146 2686 καὶ
1183 2630 1316 2685 Θεοῦ
1349 2632 1528 2700 σοφία.
1576 2631 1685 2685 Ἀθ.
1718 2625 1796 2683 εἷ-

229 2740 346 2781 ιιιενο
389 2725 453 2779 Ἠ
521 2724 684 2793 σοφία
733 2718 826 2777 οὖν
876 2724 952 2795 μὴ
991 2720 1284 2793 ἀλλαχόθεν
1323 2721 1634 2791 σοφίζεταις
1674 2722 1791 2791 Ἀρ.

230 2810 391 2869 εἶπενο
416 2815 521 2889 Μὴ
566 2815 815 2891 γένοιτοὲ
863 2815 973 2870 Ἀθ.
1010 2809 1192 2867 εἶπεν·
1230 2812 1441 2867 Οὐκοῦν
1479 2814 1571 2882 ἀφ’
1599 2812 1796 2883 ἑαυτῆς

232 2906 388 2963 πάντα
421 2908 506 2973 ὡς
552 2906 716 2977 σοφία
756 2904 1019 2979 πράττεις
1049 2905 1168 2973 "Ap.
1210 2901 1388 2957 εἶπεν·
1430 2901 1617 2966 Οὕτως
1660 2901 1793 2974 ἔχει.

231 2998 418 3052 Οὐκοῦν
439 3001 472 3052 6
528 2998 727 3071 Πατὴρ
768 2996 920 3053 οὐδὲν
967 2993 1427 3067 ἐδημιούργησενς
1474 2993 1582 3048 Ἀθ.
1614 2990 1794 3047 εἶπενο

1890 1917 2040 1960 creat
2057 1905 2189 1961 ?Ar.
2212 1905 2408 1972 Quaeso
2436 1915 2510 1972 te,
2536 1906 2809 1977 quomodo
2834 1922 2863 1960 a
2889 1906 3108 1976 seipsa?
3132 1904 3299 1959 Nemo
3326 1916 3460 1959 sane

1892 1994 1943 2049 id
1973 1994 2193 2050 dixerit.
2226 1993 2349 2049 Atii.
2389 1994 2619 2065 Sapiens
2653 1994 2873 2049 ubinam
2899 2009 3057 2049 suum
3091 1993 3296 2048 invenit
3325 2006 3461 2045 cono
3529 2058 3540 2071 .

1892 2085 2117 2139 silium?
2140 2086 2237 2139 Ar.
2270 2086 2329 2140 ln
2363 2086 2632 2156 sapientia
2663 2101 2783 2140 sua.
2819 2085 2944 2140 Atla.
2978 2085 3175 2138 Annon
3205 2083 3461 2138 Christus

1893 2172 1986 2229 Dei
2013 2175 2192 2231 virtus
2239 2183 2292 2231 et
2339 2178 2607 2246 sapientia
2651 2184 2756 2238 est,
2805 2183 2865 2229 ut
2905 2175 3065 2230 docet
3096 2175 3286 2229 beatus
3318 2173 3463 2227 Pau-

1892 2267 1979 2323 lus
2000 2266 2087 2320 “?
2107 2266 2251 2329 Ain‘,
2277 2282 2347 2320 an
2384 2267 2588 2336 negas?
2617 2266 2712 2320 Ar.
2750 2266 2878 2320 Sine
2905 2263 3277 2319 controversia
3301 2261 3462 2317 Chri-

1893 2366 2013 2413 stus
2042 2356 2139 2411 Dei
2171 2356 2351 2411 virtus
2382 2364 2435 2411 et
2454 2355 2549 2411 Dei
2576 2356 2845 2427 sapientia
2867 2363 2973 2411 cst.
3006 2359 3133 2410 Alli.
3162 2353 3299 2408 Num
3330 2369 3463 2423 ergo

1880 2446 2161 2519 sapientia
2189 2448 2410 2503 aliunde
2441 2448 2672 2503 cﬂicitur
2701 2450 2950 2520 sapiens?
2980 2449 3074 2503 Ar.
3117 2447 3296 2502 Absit.
3331 2445 3460 2502 Ath.

1894 2540 2065 2611 Igitur
2096 2556 2127 2594 a
2159 2540 2341 2610 seipsa
2371 2540 2576 2603 omnia,
2607 2549 2667 2594 ut
2694 2541 2983 2611 sapientia,
3018 2540 3146 2610 agit.
3181 2539 3275 2594 Ar.
3298 2540 3378 2591 Ita
3404 2552 3465 2592 se

1895 2647 1984 2687 res
2006 2631 2189 2685 habet.
2224 2629 2364 2684 Num
2397 2630 2564 2700 igitur
2589 2631 2725 2684 nihil
2750 2643 2898 2685 creat
2928 2629 3127 2684 Pater?
3149 2627 3273 2681 Atlt.
3301 2628 3463 2693 Audi,

1896 2738 1996 2777 nec
2039 2731 2243 2777 temere
2296 2721 2525 2791 loquere
2566 2737 2685 2792 qua:
2720 2738 2821 2776 nec
2863 2722 3046 2777 dicere
3090 2720 3173 2775 fas
3211 2728 3319 2784 est,
3364 2732 3466 2773 nec

1896 2813 2105 2878 audire,
2148 2812 2307 2884 quasi
2358 2829 2519 2869 nemo
2559 2814 2732 2886 possit
2780 2814 2884 2868 ista
2920 2823 3013 2867 tua
3046 2823 3310 2867 evertere.
3360 2808 3467 2865 Ve-

1896 2915 2201 2961 rumtamen
2223 2907 2334 2976 jam
2367 2906 2500 2960 mihi
2527 2907 2797 2976 responde
2844 2906 2912 2960 ad
2946 2905 2999 2959 id
3028 2903 3173 2975 quod
3216 2910 3268 2957 te
3297 2901 3467 2955 inter.

1897 3014 2051 3070 rogo.
2093 2999 2146 3053 ls
2175 3000 2266 3069 qui
2295 3006 2486 3069 potens
2510 3007 2614 3061 est,
2651 2996 2925 3069 quomodo
2954 2996 3069 3067 ipse
3101 3012 3198 3066 per
3221 3010 3280 3049 se
3322 2992 3469 3064 agit?

235 3090 441 3155 Ἄκουε,
475 3090 580 3142 καὶ
630 3089 708 3159 μὴ
740 3085 1027 3160 προπετῶς
1068 3085 1216 3140 λάλει
1261 3085 1396 3155 (7|),
1445 3084 1481 3139 ἃ
1524 3084 1600 3157 μὴ
1641 3085 1790 3156 Θέμις

1902 3089 1996 3143 Ar.
2042 3089 2236 3144 Omnia
2282 3090 2482 3145 virtute
2535 3106 2633 3145 sua
2681 3089 2863 3144 efficit.
2922 3088 3045 3141 Atla.
3090 3087 3288 3169 Annon
3334 3100 3466 3139 vero

236 3182 356 3250 μήτε
380 3182 603 3252 λέγειν,
640 3180 781 3251 μήτε
810 3176 1048 3240 ἀκούειν,
1089 3177 1165 3240 ὡς
1200 3175 1277 3247 μὴ
1314 3176 1609 3246 δυναμένου
1652 3176 1790 3240 τινὸς

1901 3179 2156 3236 Christus
2179 3181 2567 3236 convenienter
2597 3179 2687 3235 Dei
2712 3181 2884 3235 virtus
2908 3178 3152 3235 exsistit?
3174 3176 3270 3231 Ar.
3298 3175 3470 3230 Nemo

237 3272 560 3344 μετατρέψαι
597 3268 669 3323 τά
696 3267 944 3322 τοιαῦτα.
975 3265 1122 3338 Πλὴν
1152 3266 1244 3319 ἐπὶ
1281 3263 1372 3319 τοῦ
1406 3265 1672 3335 παρόντος
1709 3264 1796 3329 δός

237 3381 313 3433 μοι
333 3363 495 3432 λόγον
531 3362 664 3432 περὶ
686 3354 747 3414 οὗ
775 3356 1057 3430 ἐπερωτῶ.
1098 3357 1155 3411 '0
1178 3356 1399 3419 δυνατὸς
1424 3355 1541 3420 πῶς
1570 3357 1799 3428 αὐτουρ-

235 3457 333 3523 γεῖς
361 3456 485 3525 "Ap.
519 3449 679 3506 εἶπεν
698 3468 712 3482 ·
755 3451 844 3504 Ἐν
872 3452 939 3521 τῇ
967 3449 1192 3520 δυνάμει
1222 3446 1387 3502 αὐτοῦ
1408 3446 1471 3500 τὸ
1497 3448 1606 3501 πᾶν
1631 3449 1800 3518 πράτ-

1902 3285 2011 3325 non
2053 3270 2309 3326 fateatur.
2363 3270 2490 3327 Ath.
2543 3271 2731 3341 Itaque
2780 3285 2904 3325 cum
2958 3269 3210 3325 Christus
3255 3266 3327 3322 sit
3375 3264 3469 3320 Dei

1902 3362 2102 3426 virtus,
2133 3378 2254 3432 qua:
2286 3362 2483 3428 virtus,
2524 3362 2580 3417 id
2622 3370 2707 3417 est
2748 3361 3026 3425 Christus,
3059 3359 3244 3424 efficit,
3279 3355 3469 3413 eadem

1904 3451 2069 3507 etlicit
2094 3452 2274 3507 Pater.

236 3567 322 3604 τει.
367 3554 482 3607 Ἀθ.
523 3549 711 3604 εἶπενο
740 3549 975 3621 Χριστὸς
1013 3547 1071 3601 δέ
1098 3544 1380 3617 ἀραρότως
1408 3541 1542 3595 Θεοῦ
1596 3543 1823 3617 δύναμις
1862 3545 2127 3620 ὑπάρχει;
2167 3549 2284 3617 "Ap.
2320 3546 2504 3602 εἶπεν·
2545 3546 2924 3621 Ὠμολὸγηται.
2971 3547 3080 3600 Ἀθ.
3114 3542 3301 3598 εἶπεν·
3364 3540 3471 3594 οὺ..

239 3643 350 3697 κοῦν
388 3642 637 3716 Χριστοῦ
668 3640 950 3714 δυνάμεως
976 3639 1125 3704 ὄντος
1165 3636 1259 3691 τοῦ
1291 3633 1424 3689 Θεοῦ
1466 3635 1599 3708 (72),
1645 3636 1786 3711 ἅπερ
1838 3637 2159 3713 δημιουργεῖ
2199 3643 2233 3712 ἠ
2271 3640 2518 3712 δύναμις,
2560 3640 2836 3694 τουτέστιν
2911 3640 2940 3690 ὁ
3007 3637 3257 3708 Χριστὸς,
3302 3631 3475 3687 ταῦτα

239 3739 363 3790 ποιεῖ
387 3739 416 3791 6
450 3736 674 3808 Πατήρ.

298 3855 347 3911 9.
366 3856 489 3924 "Ap.
505 3849 681 3907 εἶπεν·
701 3850 828 3915 Πῶς
842 3850 984 3923 ἅπερ
997 3849 1318 3921 δημιουργεῖ
1328 3846 1617 3920 ὁΧριστὸς,
1634 3845 1805 3900 ταῦτα

241 3947 555 4021 δημιουργεῖ
592 3947 623 3998 6
655 3945 823 4009 Θεός;
858 3945 965 3999 Ἀθ.
992 3939 1172 3997 εἶπεν·
1226 3943 1293 3996 Ἠ
1315 3940 1543 4012 δύναμις
1571 3938 1680 3993 ἀπὸ
1710 3937 1804 3991 τοῦ

1982 3842 2037 3901 9.
2077 3844 2174 3900 Ar.
2213 3843 2318 3912 Qui
2364 3843 2423 3898 lit
2460 3850 2519 3898 ut
2555 3859 2677 3915 quae
2710 3842 2965 3899 Christus
3005 3838 3185 3904 efﬁcit,
3219 3851 3282 3893 ea
3330 3834 3474 3893 Deus

1909 3934 2147 3992 efﬁciat?
2196 3936 2320 3992 Atla.
2365 3935 2448 3990 An
2476 3936 2649 3991 virtus
2683 3936 2798 3990 sive
2841 3933 3082 4003 potentia
3121 3929 3477 4000 distinguitur

242 4018 450 4093 δυνατοῦ
472 4036 808 4108 κεχώρισται
827 4052 842 4099 ;
868 4035 988 4103 "Ap.
1011 4028 1162 4087 εἶπεν
1178 4051 1192 4064 ’
1213 4032 1306 4104 Μὴ
1327 4031 1534 4100 γένοιτο
1552 4032 1564 4084 l
1589 4028 1684 4091 Τίς
1698 4029 1790 4101 γάρ

1910 4025 1980 4080 ab
2011 4042 2076 4081 eo
2105 4028 2198 4097 qui
2232 4036 2425 4098 potens
2463 4028 2582 4083 est?
2623 4027 2720 4081 Ar.
2758 4023 2934 4079 Absit.
2972 4022 3172 4093 Ecquis
3211 4021 3357 4075 enim
3388 4018 3474 4072 vi-

246 4148 358 4185 ποτε
372 4127 944 4205 ἐώρακεν’ἀγωνιστὴν
963 4126 1110 4198 πάλῃ
1132 4125 1276 4188 ἰδίως
1289 4122 1691 4195 ἀνδριζόμενον,
1709 4138 1790 4173 κα-

1910 4116 1991 4173 dit
2024 4136 2260 4189 unquam
2292 4121 2548 4174 athletam
2576 4120 2631 4174 in
2662 4117 2959 4173 luctatione
2988 4113 3218 4170 seorsim
3255 4110 3477 4164 fortiter

245 4199 469 4294 ταμόνας
492 4223 555 4276 δέ
586 4222 688 4293 τὴν
712 4220 940 4290 δύναμιν
968 4216 1132 4272 αὐτοῦ
1154 4233 1168 4283 ;
1194 4217 1256 4269 Et
1279 4215 1387 4286 γὰρ
1416 4210 1483 4285 ἦν
1516 4212 1693 4277 τοῦτο,
1719 4212 1790 4265 ἐπ

1913 4224 1973 4265 se
2001 4218 2300 4280 gerentem,
2346 4219 2401 4265 et
2443 4209 2674 4265 seorsim
2705 4206 2950 4279 ejusdem
2995 4202 3294 4258 virtutem?
3340 4199 3479 4254 Nam

244 4316 582 4390 ἀμφοτέρους
611 4314 678 4368 ἂν
712 4310 977 4383 ἐκομίσθη
1007 4309 1075 4364 τὰ
1103 4308 1350 4381 βραδεῖα,
1402 4309 1518 4379 ἦτοι
1541 4308 1589 4360 οι
1613 4304 1790 4374 στέφα-

1913 4302 1961 4357 si
1991 4302 2063 4355 ita
2093 4309 2260 4365 esset,
2307 4300 2377 4355 ad
2417 4309 2711 4370 utrumque
2750 4308 2898 4355 certe
2930 4296 3151 4367 praemia
3184 4294 3296 4348 sive
3326 4306 3482 4346 coro-

247 4383 467 4480 eius):
508 4410 620 4462 Ἀθ.
648 4402 802 4459 εἶπεν
819 4422 832 4435 ·
870 4403 1071 4476 Ὀρθῶς
1096 4402 1252 4473 ἔφης.
1279 4402 1342 4453 Εἰ
1368 4395 1460 4452 οῦν
1484 4400 1570 4451 ἐπ’
1598 4393 1790 4468 ἀνθρώ

1912 4408 2015 4448 nas
2062 4390 2274 4447 deferre
2315 4399 2610 4461 oporteret.
2653 4390 2780 4445 Am.
2812 4388 2981 4443 Recte
3032 4385 3194 4441 dicis.
3224 4383 3484 4451 .Quapro-

246 4474 353 4553 nou.
376 4474 542 4554 τοῦτο
585 4498 813 4562 ἔδωκας,
860 4474 994 4567 μήτε
1039 4495 1268 4565 δύναμιν
1306 4489 1723 4563 κεχωρισμένως
1754 4505 1786 4541 τ

1915 4492 2034 4556 pter
2065 4486 2111 4539 si
2146 4485 2199 4539 id
2229 4484 2284 4539 in
2323 4484 2545 4541 homine
2567 4483 2843 4555 agnoscis,
2872 4495 3088 4550 nempe,
3120 4492 3220 4532 nec
3239 4476 3360 4545 ejus
3377 4474 3484 4528 vir-

248 4591 520 4662 πράττειν,
553 4591 694 4663 μήτε
732 4590 844 4659 μὴν
956 4587 1114 4659 σῶμα
1141 4564 1340 4658 ἑτέρως
1367 4586 1608 4656 ἐνεργεῖν
1629 4601 1702 4646 τι,
1725 4581 1790 4634 οὐκ

1917 4585 2089 4632 tutem
2114 4577 2410 4655 separatim
2433 4578 2561 4647 quid
2584 4576 2815 4640 etIicere,
2843 4589 2945 4629 nec
2961 4585 3160 4641 corpus
3184 4567 3326 4623 aliud
3353 4564 3485 4635 quid

247 4658 361 4734 κοῦν
399 4683 429 4734 6
463 4658 747 4751 Χριστὸς,
779 4658 1008 4750 δύναμις
1052 4677 1128 4731 ὣν
1176 4675 1415 4749 πατρικὴ
1438 4716 1452 4740 ,
1500 4673 1790 4748 ἀχωρίστωι

1922 4684 2111 4740 agere:
2148 4668 2396 4735 profecto
2440 4670 2718 4733 Christus,
2768 4666 2861 4737 qui
2905 4674 3130 4736 paterna
3169 4668 3253 4717 est
3287 4658 3484 4719 virtus,

250 4774 433 4837 πάντα,
456 4772 493 4827 ἃ
517 4749 750 4844 πράττει
788 4772 816 4823 6
846 4749 1057 4841 Πατὴρ,
1082 4770 1311 4843 πράττει
1334 4766 1507 4821 ταῦτα
1542 4766 1634 4819 καὶ
1656 4764 1790 4818 αὑτό

1920 4762 2126 4825 omnia,
2142 4778 2263 4831 qua:
2278 4764 2443 4819 Pater
2465 4764 2647 4824 ellicit,
2667 4762 2784 4832 ipse
2802 4773 3017 4829 quoque
3032 4751 3358 4824 absqueulla
3374 4749 3489 4844 dis-

250 4862 372 4932 (τι).
395 4866 516 4933 Ἀρ.
541 4838 716 4918 εἶπε-ι’
743 4862 923 4914 Ἔστω
971 4838 1139 4925 οῦτω,
1156 4859 1216 4912 τὸ
1235 4858 1549 4929 ἀχαρίστως
1565 4856 1790 4925 δημιουρ

1930 4855 2218 4926 iunctione
2240 4856 2425 4911 ellicit.
2455 4855 2553 4908 Ar.
2582 4853 2742 4917 dixit,
2771 4851 2931 4905 Esto:
2953 4848 3124 4903 Filius
3146 4846 3352 4933 absque
3376 4838 3488 4892 ulla

257 4931 353 5023 τεῐν
384 4931 476 5010 τὸν
505 4955 639 5009 Υἱὸν
664 4954 762 5007 σὺν
789 4952 866 5023 τῷ
893 4951 1011 5023 Θεῷ
1043 4951 1105 5004 τὸ
1136 4952 1242 5005 πᾶν
1262 4968 1276 4981 ·
1317 4952 1446 5023 μήτι
1483 4948 1706 5007 δύναται
1728 4965 1790 5005 κα

1927 4947 2302 5020 disiunctione
2335 4948 2654 5005 universum
2689 4942 2884 4999 efﬁciat
2924 4939 3086 4998 simul
3116 4950 3238 4992 cum
3265 4931 3376 4986 Deo
3399 4948 3414 4985 :
3435 4937 3491 4982 at

316 5132 359 5166 “
392 5134 554 5191 Joan.
588 5151 645 5202 v,
673 5132 761 5189 l9.
861 5130 907 5162 “
946 5131 965 5185 Ι
996 5129 1121 5186 Cor.
1159 5146 1211 5194 ι,
1244 5128 1333 5182 24.

321 5312 425 5384 (69)
457 5312 616 5384 Angl.
653 5309 863 5365 Οὐκοῦν
896 5306 1267 5379 περιλείπεται
1295 5303 1481 5357 λοιπὸν
1516 5301 1821 5375 ἁποδεχθῆ·
1924 5298 2393 5384 ΑιιΞ.-ῂ-δὺκιέμις
2422 5293 2609 5384 αὑτοῦἔ
2633 5282 3286 5384 ᾔτουτέίῖι-ΣΧΕΕῨΞῙ

321 5349 425 5384 \va,
457 5349 616 5384 ιιι-δι.
654 5349 860 5365 ννηνυι
904 5349 1266 5379 "qun—"wn"
1299 5349 1476 5357 μνη.-.
1517 5349 1787 5375 ...η-,Ληι

260 5398 355 5434 ναι.

1924 5349 2220 5441 ’ᾚδῗιίτὲ
2244 5349 2608 5441 διξὲέῖιιεκΑΙὶἷ
2633 5377 2780 5440 vero.
2807 5362 2922 5441 ᾖτρι
2949 5358 3040 5410 καὶ
3076 5349 3353 5424 στέφανος.
3373 5349 3499 5409 Mox

322 5430 425 5521 (70)
448 5452 527 5506 Ita
560 5451 790 5523 Regius.
823 5450 928 5503 Alii
961 5456 1144 5504 autem
1184 5454 1239 5500 et
1264 5444 1395 5499 editi
1433 5444 1692 5498 omittunt
1726 5457 1790 5497 νο

1930 5430 2191 5507 Διίαυὲιη
2215 5439 2308 5523 ἐπ’.
2326 5430 2596 5523 ἇνθρξῖζπιμ
2626 5431 2784 5483 τοῦτο
2815 5430 3070 5523 δέδωκας.

260 5492 365 5574 rein
400 5492 536 5577 Θεοῦ
549 5564 561 5577 .
644 5492 675 5523 δ
1358 5582 1365 5583 ,
1775 5581 1785 5583 _

2270 5506 2401 5576 Reg.
2433 5492 2579 5583 ’ἱζρίιῖ
2596 5516 2729 5583 ver?
2756 5493 3159 5583 pmittuttt'xaf.
3184 5492 3502 5583 lianlpgptisf

612 5589 877 5662 φθέγγου,
902 5593 956 5643 et
982 5586 1145 5660 paulo
1166 5591 1289 5655 post
1318 5582 1480 5647 idem,
1523 5581 1788 5649 υεταστρέ

1930 5565 2155 5649 Reginis,
2189 5565 2381 5648 δημιοῦ
2424 5577 2536 5642 γεῖν
2563 5572 2653 5624 τὸν
2680 5568 2812 5620 Θεὸν
2843 5565 3119 5628 συναῑδίως
3150 5565 3243 5618 καὶ
3288 5565 3385 5616 σὺν
3421 5565 3503 5638 τῷ

1932 5653 2065 5699 Υξῶ-
2100 5659 2231 5699 Anu.
2259 5648 2348 5699 τὸν
2378 5594 2510 5699 ἕεὸν
2542 5643 2636 5696 σὺν
2658 5639 2733 5699 τῷ
2758 5638 2889 5699 Υἰῷ.

265 5640 925 5729 ᾧαὶ⁷’1“““ὐ”ι⁷⁷“οο”’¹“
983 5640 1003 5660 Ι
1166 5640 1185 5655 1
1467 5640 1479 5647 ’
1727 5640 1740 5649 ‘

1932 5640 2066 5725 Υξῷ,
2099 5640 2348 5725 Διις.’τὸν
2378 5640 2510 5703 Θεὸν
2542 5643 2636 5696 σὺν
2658 5640 2733 5710 τῷ
2758 5640 2889 5711 Υἰῴ,

329 5733 431 5801 (72l
465 5735 544 5789 lta
598 5748 715 5804 reg.
748 5730 808 5785 ln
839 5730 960 5784 aliis
1016 5735 1071 5783 et
1121 5723 1304 5782 editis.
1347 5721 1439 5776 τοῦ
1489 5721 1655 5783 deest.
1699 5722 1826 5780 Mox
