4066 6388
561 266 727 329 M7.

1706 267 1770 324 ε.
1805 262 2277 324 ΑτιιΑΝΑειυε.
2312 294 2386 306 -
2425 264 2695 342 svum,

3725 267 3830 325 ιιι

569 389 729 463 ιθι
766 387 1010 461 nunquid
1060 386 1171 443 Deo
1208 387 1384 458 possit
1420 386 1651 458 aequalis
1681 400 1827 453 esse,
1861 401 1990 441 cum
2022 386 2140 456 ipse

2259 385 2357 449 τσος
2383 383 2523 440 εἶναι
2559 385 2638 458 τῷ
2661 384 2813 458 Θεῷ,
2843 386 3028 452 καθὼς
3061 388 3125 443 σὺ
3160 387 3401 460 ἤκουσας
3436 385 3531 441 τοῦ
3572 385 3828 459 Σωτῆρος

563 478 908 539 Salvatorem
942 479 1182 536 audieris
1227 480 1343 535 baac
1370 480 1643 535 dicentem
1682 496 1697 534 :
1735 497 1754 531 ι
1779 477 1942 563 Pater
1965 494 2145 544 meus,

564 574 659 644 qui
685 574 833 628 misit
863 589 967 636 me,
989 572 1162 641 major
1190 587 1276 627 me
1290 572 1416 627 est?
1439 591 1456 624 ι
1478 571 1600 626 Atla.
1615 570 1968 642 interrogabo
1984 579 2069 628 te:
2086 583 2148 625 tu

567 681 699 721 vero
728 665 859 719 mihi
896 663 1165 735 responde
1201 684 1215 719 :
1250 662 1391 718 Num
1422 662 1676 719 Salvator
1710 679 1867 720 meus
1889 664 1997 719 sibi
2014 678 2150 718 con-

568 758 742 813 traria
773 756 1058 826 loquitur?
1086 756 1184 812 Ar.
1216 757 1376 813 Absit
1414 777 1427 812 :
1464 757 1669 828 ubique
1713 758 1859 813 enim
1892 757 1997 813 sibi
2044 757 2149 828 ipsi

569 858 836 905 consonat
851 836 1041 905 'Filius
1091 848 1210 905 Dei.
1254 849 1382 906 ΑιΙι.
1411 849 1700 917 Quomodo
1724 865 1854 922 ergo
1887 849 2149 905 Dominus

569 940 701 994 alibi
741 941 839 1007 ait,
880 960 900 994 ι
941 940 1054 1011 Ego
1087 949 1142 997 et
1175 941 1338 997 Pater
1369 958 1540 997 unum
1597 958 1792 998 sumus
1825 943 1909 997 ⁸⁸2
1936 943 2034 997 Ar.
2066 943 2149 998 An

572 1030 846 1090 Sabellius
879 1035 986 1090 es?
1022 1036 1151 1090 Ath.
1200 1036 1313 1091 Cur
1365 1036 1470 1092 sim
1522 1036 1842 1092 Sabellius?
1888 1035 1985 1089 Ar.
2013 1034 2151 1102 Quia

567 1124 785 1184 Patrem
818 1136 873 1184 et
894 1128 1091 1184 Filium
1141 1144 1311 1184 unum
1362 1144 1487 1186 esse
1528 1128 1738 1186 dixisti.
1785 1130 1912 1184 ΑιΙι.
1949 1128 2030 1185 Νθ
2064 1144 2152 1183 me

569 1221 943 1277 calumnieris.
960 1220 1074 1277 Nec
1098 1223 1245 1278 enim
1272 1221 1385 1276 disi
1418 1220 1634 1277 Patrem
1667 1229 1721 1277 et
1754 1220 1948 1276 Filium
1984 1234 2152 1275 unum

570 1329 717 1379 esse,
759 1314 857 1371 sed
882 1314 1176 1369 Dominum
1199 1314 1410 1370 dixisse
1440 1334 1458 1370 t
1491 1332 1510 1366 ι
1551 1315 1665 1386 Ego
1694 1324 1750 1370 et
1785 1313 1948 1369 Pater
1980 1329 2150 1369 unum

572 1422 788 1463 sumus.
832 1428 852 1460 ι
891 1406 988 1462 Ar.
1024 1406 1192 1477 Atqui
1229 1407 1345 1462 haec
1377 1408 1497 1478 ipsa
1527 1414 1614 1463 est
1646 1406 1868 1462 Sabellii
1903 1406 2149 1463 hazresis.

571 1498 700 1555 Atla.
732 1497 873 1553 Num
904 1499 1074 1570 igitur
1109 1498 1381 1555 Dominus
1403 1500 1498 1570 qui
1532 1500 1609 1553 ait
1639 1518 1653 1554 :
1685 1517 1704 1552 ι
1748 1499 1861 1569 Ego
1897 1508 1951 1555 et
1991 1497 2154 1555 Pater

573 1606 746 1646 unum
801 1605 1015 1657 sumus,
1054 1610 1073 1643 ι
1120 1588 1394 1647 Sabellius
1453 1598 1591 1646 erat.
1642 1589 1727 1644 An
1779 1606 1892 1644 non
1959 1604 2151 1645 omnes

2248 476 2499 546 λέγοντος
2518 494 2531 508 ο
2570 497 2590 530 ι
2612 478 2670 531 '0
2702 478 2892 549 Πατήρ
2923 495 3045 548 μου,
3071 479 3100 531 6
3126 478 3348 550 πέμψας
3377 496 3468 550 με,
3501 477 3702 549 μείζων
3727 494 3829 549 μου

2248 569 2432 636 ὲστὶνς
2466 588 2485 621 ι
2528 571 2637 626 Ἀθ.
2675 566 2856 624 εἶπεν·
2904 571 3198 643 Ἐρωτήσω
3233 587 3325 624 σε·
3377 572 3441 626 σὺ
3494 570 3552 624 δὲ
3598 571 3832 644 ἀποκρι-

2252 661 2377 734 θητί
2410 679 2534 734 μοι·
2573 663 2630 718 Ὀ
2664 663 2855 735 Σωτήρ
2884 680 2984 734 μου
3027 662 3101 735 μὴ
3127 663 3343 723 ἐναντία
3375 664 3675 735 ἐφθέγξατο
3705 667 3831 719 ἐαυ-

2248 756 2328 829 τῷ
2360 757 2496 829 (75);
2543 759 2672 827 Ἀρ.
2724 754 2910 812 εἶπεν·
2955 759 3048 831 Μὴ
3110 758 3345 828 γένοιτοῐ
3399 760 3676 831 πανταχοῦ
3724 761 3832 833 γάρ

2252 847 2539 919 σύμφωνος
2580 848 2757 921 ἐαυτῷ
2789 849 3046 920 τυγχάνει
3071 852 3099 904 6
3128 850 3255 915 Υἱὸς
3285 850 3374 904 τοῦ
3400 849 3558 903 Θεοῦ.
3607 851 3719 903 Ἀθ.
3753 846 3832 903 εἴ·

2251 956 2354 993 πεν
2374 956 2388 970 ο
2434 939 2562 1004 Πῶς
2586 936 2717 994 οῦνὸ
2743 940 2949 1013 Κύριος
2976 943 3033 995 ὲν
3055 940 3199 1013 ἄλλῳ
3225 942 3376 1012 τόπῳ
3405 941 3625 1010 φάσκει,
3648 960 3666 992 ι
3690 940 3834 1010 Ἐγὼ

2251 1032 2345 1085 καὶ
2366 1032 2395 1083 6
2422 1032 2613 1105 Πατὴρ
2644 1033 2702 1086 ἓν
2729 1034 2925 1104 ὲσμενς
2960 1034 3089 1102 Ἀρ.
3122 1030 3274 1087 εἶπεν
3294 1051 3307 1064 ·
3357 1034 3429 1086 Σὺ
3461 1033 3748 1098 Σαϐἐλλιος
3762 1030 3830 1088 εἴ.

2265 1124 2372 1179 Ἆθ.
2410 1120 2591 1178 εἶπεν·
2626 1124 2725 1178 Διὰ
2774 1126 2825 1179 τί
2854 1130 2969 1199 εἰμι
3004 1126 3320 1194 Σαϐέλλιος;
3355 1129 3475 1195 Ἀρ.
3513 1121 3666 1180 εἶπεν
3689 1143 3703 1156 ·
3753 1126 3837 1179 'E-

2253 1216 2414 1299 πειδὴ
2443 1212 2626 1282 εἶπας,
2654 1219 2712 1272 '0
2736 1219 2927 1292 Πατὴρ
2968 1220 3064 1275 καὶ
3091 1223 3120 1274 6
3152 1220 3281 1285 Υἱὸς
3312 1221 3370 1274 ἓν
3401 1223 3570 1274 ἐστιν.
3616 1220 3728 1274 Ἀθ.
3754 1212 3834 1271 εἷ-

2252 1325 2353 1362 πεν
2383 1325 2398 1340 ⁸
2448 1310 2540 1382 Μὴ
2597 1312 2936 1381 καταψεύδου
2987 1330 3125 1385 μου*
3175 1313 3236 1366 οὐ
3282 1313 3391 1386 γὰρ
3466 1312 3610 1367 οὕτω
3667 1310 3835 1385 φημὶ.

2252 1400 2334 1454 ὅτι
2366 1403 2395 1455 6
2420 1402 2609 1475 Πατὴρ
2658 1405 2754 1457 καὶ
2793 1406 2822 1458 6
2865 1405 2994 1470 Υἱὸς
3024 1405 3085 1459 ἓν
3123 1407 3293 1474 ἐστιν,
3320 1406 3435 1461 ἀλλ’
3460 1407 3542 1460 ὅτι
3579 1407 3608 1459 6
3633 1405 3839 1477 Κύριος

2253 1494 2387 1565 ἔφη·
2411 1514 2431 1546 ι
2473 1495 2614 1566 Ἐγὼ
2636 1497 2731 1551 καὶ
2753 1498 2781 1550 6
2815 1498 3004 1571 Πατὴρ
3030 1498 3089 1551 ἒν
3120 1499 3306 1569 ἐσμεν.
3328 1518 3348 1549 ι
3374 1500 3493 1567 "Ap.
3519 1493 3674 1552 εἶπεν
3699 1496 3834 1569 (76)·

2253 1586 2403 1660 Αὕτη
2437 1590 2471 1659 ἡ
2505 1590 2715 1662 αἵρεσις
2744 1590 3036 1644 Σαϐελλίου
3067 1590 3233 1644 ἐστίν.
3267 1592 3377 1647 Ἅθ.
3405 1586 3558 1644 εἶπεν
3577 1608 3591 1623 ο
3628 1588 3841 1645 Οὐκοῦν

573 1680 881 1738 Christiani
908 1681 1095 1738 Jesum
1109 1680 1309 1737 Filium
1327 1681 1424 1739 Dei
1451 1698 1576 1739 esse
1604 1684 1894 1739 novimus?
1916 1681 1996 1737 Tu
2019 1697 2149 1738 vero

2259 1680 2284 1732 6
2311 1678 2516 1750 Κύριος
2547 1680 2575 1731 6
2602 1679 2862 1752 εἰρηκὼς,
2900 1701 2920 1734 ι
2971 1681 3113 1753 Ἐγὼ
3132 1682 3228 1737 καὶ
3249 1683 3278 1736 6
3310 1683 3498 1755 Πατὴρ
3522 1683 3581 1736 ’ἐν
3610 1684 3834 1755 tapeti,»

574 1773 759 1844 ipsum
777 1773 920 1829 dicis
951 1771 1255 1828 Sabellium
1289 1789 1414 1829 esse
1444 1784 1499 1829 et
1530 1773 1757 1829 haeresis
1796 1772 2159 1844 magistrum?

2260 1746 2547 1837 Σαϐέλλιος
2575 1746 2681 1844 ἦνξ
2713 1746 2794 1827 D6
2822 1746 3112 1839 στάντες-οἱ
3158 1746 3481 1848 Χριστιανοῖ
3503 1746 3711 1847 Ἰησοῦν
3749 1746 3840 1828 τδν

577 1867 673 1921 Ar.
705 1867 865 1922 Absit
889 1883 920 1921 a
954 1882 1039 1923 me
1065 1876 1127 1922 ut
1160 1867 1234 1922 ita
1264 1868 1518 1931 sentiam,
1551 1867 1646 1923 sed
1678 1866 1931 1921 Salvator
1958 1864 2027 1921 de
2057 1880 2157 1921 sua

576 1974 703 2014 cum
736 1958 898 2014 Patre
917 1960 1216 2015 concordia
1241 1961 1333 2014 illa
1358 1960 1627 2015 intellexit
1656 1958 1824 2015 verba
1856 1979 1871 2015 :
1912 1977 1930 2011 ι
1963 1958 2075 2031 Ego
2103 1964 2158 2013 et

577 2052 740 2108 Pater
779 2068 949 2107 unum
996 2067 1211 2109 sumus.
1254 2072 1273 2105 ι
1310 2051 1434 2106 ΑιΙι.
1467 2052 1641 2123 Cujus
1668 2067 1837 2108 causa
1877 2051 1992 2107 haec
2021 2051 2159 2106 dixit

574 2144 863 2211 Dominus,
906 2146 1106 2216 quidve
1170 2145 1257 2202 bis
1311 2145 1531 2201 volebat
1568 2145 1860 2200 indicare?
1908 2160 2155 2210 suamne,

574 2243 636 2291 ut
666 2244 848 2308 putas,
879 2252 1005 2292 cum
1038 2237 1202 2294 Patre
1234 2238 1607 2303 concordiam,
1630 2252 1699 2291 an
1734 2237 1918 2307 potius
1958 2235 2160 2290 divini-

573 2338 767 2397 tatem,
793 2341 852 2385 ut
877 2339 1027 2387 recta
1059 2332 1200 2387 ratio
1230 2331 1460 2402 probat?
1485 2332 1531 2386 si
1556 2330 1933 2396 concordiam,
1960 2340 2017 2383 ut
2047 2330 2161 2389 exi—

575 2425 797 2491 stimas,
836 2424 1005 2495 igitur
1029 2431 1202 2480 testes
1232 2431 1426 2478 contra
1446 2421 1670 2477 Patrem
1711 2421 2068 2489 subornabat,
2091 2437 2161 2477 ne

572 2515 829 2571 videlicet
860 2531 890 2569 a
920 2515 1084 2570 Patre
1123 2515 1495 2572 abdicaretur.
1553 2512 1709 2580 Quod
1741 2514 1787 2569 si
1821 2528 2008 2568 verum
2039 2519 2157 2579 est;

575 2604 755 2662 Filius
780 2621 913 2677 ergo
938 2605 1155 2661 Patrem
1176 2614 1423 2673 accusat,
1452 2606 1599 2676 quod
1636 2606 1910 2676 ingratum
1941 2621 1999 2661 se
2021 2621 2162 2677 prae-

575 2699 784 2764 buerit,
809 2715 913 2756 nec
961 2710 1122 2770 pacta
1168 2699 1477 2756 concordiae
1507 2698 1757 2755 servarit.
1790 2698 1946 2765 Quod
1993 2698 2040 2753 si
2085 2698 2161 2754 ita

574 2798 703 2842 esse
733 2787 889 2852 velis,
914 2788 1177 2861 intellige,
1209 2802 1416 2860 quaeso,
1433 2802 1542 2859 quo
1559 2794 1611 2844 te
1639 2786 1957 2858 hujusmodi
1983 2786 2162 2843 abdu-

576 2886 668 2934 cat
705 2880 1007 2937 sententia.

644 3145 742 3201 lO.
773 3146 870 3202 Ar.
907 3145 1113 3202 Verum
1167 3148 1300 3219 quid
1337 3165 1442 3207 nos
1471 3150 1555 3207 vis
1590 3151 1793 3217 dicere,
1841 3165 1971 3208 num
2010 3150 2159 3223 quod

578 3234 745 3292 Pater
777 3247 832 3292 et
853 3236 1031 3294 Filius
1053 3256 1220 3294 unum
1254 3241 1370 3295 sit?
1396 3242 1524 3298 ΑιΙι.
1558 3241 1827 3300 Dominus
1856 3242 2022 3300 Jesus
2050 3260 2161 3299 non

580 3327 658 3383 ait
691 3346 747 3384 τι
770 3327 882 3401 Ego
910 3338 966 3384 et
994 3329 1157 3387 Pater
1174 3349 1341 3388 unum
1374 3349 1517 3399 sum,
1546 3336 1641 3391 sed
1670 3352 1839 3391 unum
1873 3352 2102 3392 sumus:
2138 3356 2158 3390 ι

582 3418 776 3491 bisque
810 3423 1015 3489 verbis,
1051 3441 1071 3476 ι
1112 3440 1278 3479 unum
1322 3441 1537 3491 sumus,
1573 3447 1591 3479 ι
1622 3428 1919 3498 perfectam
1955 3428 2166 3483 indica--

580 3507 661 3561 vit
691 3508 1012 3564 dualitatem
1036 3528 1051 3577 ;
1078 3518 1133 3565 ct
1154 3512 1417 3579 dictione,
1447 3532 1467 3565 ι
1510 3529 1702 3579 unum,
1743 3533 1762 3567 ι
1798 3514 2165 3570 substantiam

582 3600 931 3671 signiﬁcavit.
966 3601 1099 3669 Quae
1144 3605 1273 3674 quia
1322 3619 1433 3659 non
1470 3605 1813 3671 intellexisti,
1843 3606 2167 3663 in'absurda

582 3692 792 3748 idcirco
818 3694 1082 3751 incidisti.
1110 3695 1210 3750 Ar.
1236 3696 1321 3752 An
1350 3713 1460 3752 non
1489 3698 1755 3756 Dominus
1781 3699 1921 3755 dixit
1952 3719 1966 3755 :
2011 3719 2029 3751 ι
2065 3699 2169 3754 Pa-

580 3791 668 3840 ter
711 3787 806 3857 qui
854 3789 1007 3844 misit
1045 3805 1153 3854 me,
1189 3791 1369 3861 major
1408 3807 1494 3847 me
1543 3792 1663 3848 est?
1703 3812 1723 3846 ι
1768 3792 1894 3846 Ath.
1942 3791 2008 3847 At
2058 3807 2169 3846 non

584 3873 838 3934 Salvator
869 3880 1009 3934 dixit
1043 3900 1056 3936 :
1092 3900 1110 3933 ι
1151 3881 1265 3953 Ego
1295 3892 1348 3938 et
1376 3883 1537 3940 Pater
1572 3901 1743 3939 unum
1775 3900 2005 3952 sumus;
2050 3903 2069 3935 ι
2113 3892 2168 3939 et

546 3976 782 4024 ‘rursus
830 3986 846 4026 :
917 3988 936 4021 ι
982 3969 1087 4037 Qui
1118 3972 1253 4026 vidit
1300 3989 1406 4039 me,
1438 3975 1575 4029 vidit
1618 3974 1834 4031 Patrem
1860 3975 1944 4030 “1'
1985 3995 2003 4027 ι
2052 3974 2168 4029 lmo

584 4057 885 4128 Apostolus
913 4075 1133 4133 quoque
1177 4062 1301 4119 Filii
1356 4079 1411 4120 et
1464 4066 1643 4121 Patris
1679 4067 2047 4137 aequalitatem
2092 4066 2170 4120 di-

2259 1864 2388 1919 Υἰδν
2428 1863 2523 1919 τοῦ
2569 1865 2705 1919 Θεοῦ
2738 1866 2997 1939 οἶδαμενς
3039 1867 3103 1920 σὺ
3149 1867 3207 1921 δὲ
3244 1867 3529 1922 Σαὸέλλιον
3565 1868 3659 1921 καὶ
3691 1867 3842 1922 διδά-

2261 1955 2458 2011 σκαλον
2501 1957 2767 2029 αἱρέσεως
2797 1957 2959 2011 αὑτὸν
2989 1959 3132 2030 φῄς;
3168 1959 3289 2027 Ἀρ.
3331 1955 3483 2012 alter
3508 1958 3599 2029 Μὴ
3630 1956 3843 2026 γένοιτό

2263 2067 2355 2120 μοι
2378 2050 2536 2103 τοῦτο
2560 2052 2827 2121 φρονῆσαι
2853 2048 2865 2102 l
2894 2051 2922 2103 6
2958 2050 3068 2121 γὰρ
3089 2048 3279 2121 Σωτὴρ
3304 2044 3424 2103 εἷπε
3453 2048 3581 2121 περὶ
3622 2066 3845 2120 συμφω-

2258 2142 2399 2206 νίας,
2424 2143 2505 2195 ὅτι
2541 2161 2560 2193 ι
2615 2139 2759 2210 Ἐγὼ
2791 2142 2885 2195 καὶ
2936 2142 2964 2194 6
3004 2141 3197 2212 Πατὴρ
3244 2139 3303 2192 ἓν
3348 2141 3534 2210 ἐσμεν.
3585 2159 3605 2192 ι
3648 2141 3840 2194 Ἆθαν.

2261 2229 2442 2289 εἶπενο
2494 2232 2682 2289 ἕνεκεν
2731 2235 2877 2298 τίνος
2906 2233 3054 2300 ἔλεξε
3083 2232 3261 2285 τοιάδε
3284 2233 3312 2283 6
3335 2231 3566 2303 Κύριος;
3596 2231 3650 2284 τί
3674 2231 3843 2286 θέλων

2261 2324 2643 2395 παραστῆσαις
2680 2324 2778 2398 τὴν
2805 2324 3123 2396 συμφωνίαν
3150 2322 3290 2377 κατά
3330 2322 3408 2385 σὲ,
3434 2322 3468 2393 ἢ
3496 2322 3595 2392 τὴν
3610 2321 3844 2393 Θεότητα

2261 2415 2401 2469 κατά
2439 2416 2529 2469 τὸν
2572 2415 2731 2492 ὀρθὸν
2772 2415 2961 2485 λόγον;
3010 2417 3075 2468 Εἰ
3106 2415 3203 2486 μὲν
3248 2413 3358 2488 γὰρ
3381 2414 3480 2485 τὴν
3522 2413 3844 2486 συμφωνίαν

2261 2508 2403 2563 κατά
2446 2509 2525 2574 σὲ,
2565 2509 2674 2579 ἄρα
2712 2507 2997 2580 μάρτυρας
3035 2507 3147 2578 (77)
3177 2506 3542 2572 κατεσκεύαζε
3580 2506 3721 2561 κατά
3750 2504 3844 2559 τοῦ

2262 2600 2495 2672 Πατρδς,
2549 2600 2623 2671 μὴ
2673 2599 2782 2671 ἀρα
2823 2599 3083 2669 ἀθέτησις
3128 2598 3277 2671 αὐτῷ
3315 2598 3543 2670 γένηται
3587 2598 3694 2652 ὑπὸ
3746 2595 3842 2651 τοῦ

2261 2690 2504 2761 Πατρὸςο
2536 2693 2585 2744 εί
2622 2689 2680 2743 δὲ
2722 2689 2869 2743 τοῦθ’
2900 2689 3075 2755 οὕτως
3115 2691 3251 2762 ἔχει,
3299 2693 3328 2745 6
3371 2690 3501 2754 Υἱὸς
3547 2690 3849 2762 κατηγορεῖ

2261 2782 2356 2845 τοῦ
2384 2783 2598 2855 Πατρὸς
2626 2781 2769 2837 κατά
2794 2782 2873 2847 σὲ,
2903 2783 2980 2846 ὡς
3017 2782 3351 2854 ἀγνώμονος,
3391 2782 3486 2836 καὶ
3540 2782 3615 2854 μὴ
3661 2782 3848 2851 μένον-

2262 2893 2354 2940 τος
2375 2876 2433 2929 ὲν
2458 2878 2580 2937 ταῖς
2607 2876 2905 2947 συνθήκαις
2932 2872 3033 2944 τῆς
3056 2874 3376 2945 συμφωνίας
3399 2871 3493 2927 τοῦ
3516 2872 3755 2944 Πατρός.
3782 2873 3846 2927 El

2264 2967 2322 3021 δὲ
2345 2967 2439 3022 καὶ
2472 2966 2618 3020 τοῦθ’
2653 2966 2827 3033 οὕτως
2853 2967 2987 3039 ἔχει,
3004 2967 3192 3020 λοιπὸν
3217 2967 3407 3038 νόησον
3422 2964 3526 3020 ποῦ
3556 2982 3617 3019 σε
3642 2965 3847 3036 ἀπάγει

2190 3096 2234 3155 C
2266 3059 2330 3113 τὸ
2348 3060 2452 3155 ’σὺν
2469 3059 2766 3155 Δφρόνημα.

2342 3149 2430 3205 10.
2468 3150 2589 3218 Ἀρ.
2620 3145 2806 3205 εἶπενο
2858 3148 3019 3203 Ἀλλά
3050 3148 3103 3202 τί
3150 3147 3322 3213 θέλεις
3354 3148 3441 3202 ἵνα
3471 3149 3739 3220 εἴπωμεν,
3765 3146 3850 3204 ὅτι

2262 3243 2291 3296 ὁ
2316 3241 2507 3315 Πατὴρ
2533 3242 2628 3296 καὶ
2657 3241 2684 3295 6
2708 3241 2835 3305 Υἱὸς
2860 3241 2918 3295 ἓν
2942 3244 3123 3307 ὲστινς
3161 3242 3273 3296 Ἀθ.
3315 3237 3496 3296 εἶπεν
3542 3242 3600 3295 '0
3645 3240 3853 3314 Κύριος·

2276 3333 2486 3406 Ἰησοῦς
2515 3334 2616 3388 οὐκ
2661 3330 2836 3399 εἶπεν,
2880 3352 2899 3385 ι
2940 3332 3084 3404 Ἐγὼ
3129 3335 3224 3388 καὶ
3254 3336 3282 3388 6
3330 3334 3521 3405 Πατὴρ
3551 3333 3610 3387 ἓν
3636 3335 3783 3404 είμι·
3824 3352 3845 3386 ι

2265 3428 2382 3483 ἀλλ’
2412 3427 2631 3499 ἔφησεν,
2657 3446 2676 3478 ι
2711 3428 2770 3481 ἓν
2800 3429 2986 3499 ἐσμεν,
3024 3447 3040 3479 ι
3069 3428 3165 3482 καὶ
3188 3426 3284 3499 τὴν
3305 3426 3468 3480 δυάδα
3487 3425 3698 3479 τελείαν
3714 3442 3854 3498 παρ-

2267 3521 2494 3594 έστησεν
2529 3523 2586 3574 ἐν
2610 3519 2688 3592 τῷ
2720 3519 2893 3585 λέξαι,
2924 3539 2942 3571 ι
2974 3518 3034 3573 ἓν
3068 3520 3258 3591 ἐσμεν.
3295 3537 3314 3569 ι
3354 3518 3427 3570 Τὸ
3454 3517 3531 3582 δὲ,
3569 3536 3589 3569 ι
3628 3516 3709 3581 ἓν,
3744 3536 3763 3570 ι
3792 3515 3854 3570 τὸ

2265 3614 2368 3685 τῆς
2400 3613 2586 3678 οὐσίας
2609 3614 2879 3684 ὲσήμανε·
2931 3613 2996 3666 σὺ
3025 3611 3101 3677 δὲ,
3140 3611 3216 3682 μὴ
3256 3611 3476 3682 νοήσας,
3508 3611 3590 3674 είς
3621 3608 3845 3665 ἀτοπίας

2268 3703 2574 3777 ὲχὼρησας.
2621 3705 2739 3773 Ἄρ.
2778 3699 2979 3780 εἶιιτενο⁵
3023 3704 3081 3756 '0
3131 3702 3337 3774 Κύριος
3373 3702 3474 3755 οὐκ
3521 3698 3705 3756 εἶπεν·
3739 3720 3757 3753 ι
3792 3702 3852 3756 '0

2268 3797 2480 3869 Πατὴρ,
2511 3799 2540 3851 6
2572 3795 2796 3867 πέμψας
2823 3811 2913 3867 με,
2949 3793 3150 3865 μείζων
3190 3811 3290 3864 μου
3329 3793 3519 3858 iactv;
3560 3813 3579 3845 ι
3617 3796 3728 3848 Ἀθ.
3780 3787 3854 3845 εἷ-

2269 3906 2402 3943 πεν·
2454 3890 2647 3960 Σωτὴρ
2696 3889 2796 3941 οὐκ
2844 3883 3035 3940 εἶπεν·
3094 3905 3113 3936 ι
3159 3884 3301 3954 Ἐγὼ
3345 3886 3441 3938 καὶ
3494 3887 3523 3938 6
3574 3884 3766 3956 Πατὴρ
3794 3885 3854 3939 ἒν

2269 3982 2467 4051 ἐσμεν,
2508 4000 2526 4033 ι
2562 3981 2657 4033 καὶ
2693 3979 2853 4033 πάλιν
2880 3995 2893 4008 ·
2939 3997 2957 4030 ι
2994 3978 3052 4031 Ὀ
3083 3975 3344 4048 ἑωρακὼς
3369 3976 3492 4047 ἐμὲ,
3523 3974 3736 4048 ἑώρακε
3763 3976 3854 4030 τὸν

2268 4071 2523 4144 Πατέρα;
2562 4090 2583 4124 ι
2632 4070 2793 4125 Ἀλλά
2824 4071 2931 4143 μὴν
2965 4070 3060 4124 καὶ
3087 4072 3116 4123 6
3157 4067 3479 4132 Ἀπὸστολος
3504 4068 3605 4141 τὴν
3638 4069 3856 4140 ἰσότητα

586 4158 735 4206 serte
768 4150 855 4206 bis
885 4152 1064 4208 verbis
1089 4153 1376 4211 declarat:
1417 4174 1436 4207 ι
1472 4157 1578 4223 Qui
1618 4174 1744 4213 cum
1778 4160 1833 4213 in
1866 4157 2041 4213 forma
2069 4156 2160 4212 Dei

2264 4160 2361 4215 τοῦ
2393 4161 2548 4226 Υἱοῦ,
2579 4162 2646 4233 ἦν
2679 4161 2793 4233 ἔχει
2833 4161 2973 4234 πρὸς
3014 4160 3106 4214 τὸν
3141 4160 3334 4213 ἑαυτοῦ
3377 4159 3625 4231 Πατέρα,
3669 4160 3855 4229 σαφῶς

586 4250 758 4308 esset,
780 4259 891 4299 non
921 4245 1168 4316 rapinam
1222 4249 1523 4306 arbitratus
1553 4261 1637 4306 est
1661 4267 1785 4308 esse
1809 4267 1869 4306 se
1899 4252 2160 4322 aequalem

2268 4252 2521 4324 ἐδήλωσε,
2549 4252 2723 4322 λέγων
2743 4270 2758 4285 ’
2782 4273 2802 4305 ι
2843 4256 2961 4318 Ὃς,
2988 4255 3046 4307 ὲν
3077 4254 3257 4324 μορφῇ
3281 4251 3418 4305 Θεοῦ
3444 4252 3730 4323 ὑπάρχων,
3756 4251 3856 4323 οὐχ

585 4332 700 4389 1)θο
734 4355 747 4390 :
779 4336 874 4392 sed
919 4339 1277 4410 semetipsum
1301 4344 1603 4398 exinanivit
1636 4345 1681 4377 ’τ
1717 4363 1730 4399 :
1773 4363 1791 4397 ι
1830 4343 2021 4399 Viden'
2074 4343 2160 4398 Fi-

2270 4342 2563 4415 ἀρπαγμὸν
2596 4344 2840 4416 ἡγήσατο
2880 4343 2942 4397 τὸ
2985 4338 3124 4397 εἶναι
3162 4342 3251 4396 ίσα
3302 4341 3458 4414 Θεῷ·
3507 4342 3622 4396 ἀλλ’
3661 4342 3855 4396 ἑαυτὸν

583 4426 719 4481 lium
744 4431 971 4499 proprio
1001 4428 1149 4485 Patri
1193 4434 1460 4503 aequalem
1504 4450 1648 4497 esse,
1690 4450 1801 4488 non
1843 4442 2024 4490 autem
2064 4435 2160 4490 mi-

2273 4424 2539 4489 ἐκένωσεν
2570 4433 2705 4508 (78).
2748 4455 2767 4488 ι
2815 4436 3000 4509 Ὁρᾷς,
3045 4435 3128 4488 ὅτι
3176 4435 3289 4498 ἴσος
3320 4435 3470 4488 ἐστὶν
3515 4436 3544 4488 6
3593 4434 3725 4498 Υἱὸς
3760 4429 3856 4487 τοῦ

583 4521 811 4575 norem?
830 4521 929 4575 Ar.
956 4521 1149 4595 Magna
1186 4526 1319 4580 mihi
1343 4527 1561 4582 videtur
1583 4523 1994 4597 Scripturarum
2017 4527 2087 4584 de
2109 4543 2160 4585 re

2278 4525 2409 4581 ἰδίου
2442 4527 2677 4598 Πατρὸς,
2714 4528 2806 4580 καὶ
2822 4527 2884 4580 οὐ
2914 4526 3270 4599 μικρότερος;
3299 4522 3615 4597 Ἀμεῐπεν·
3656 4527 3858 4598 Ἀσυμ-

583 4612 839 4681 ριίθεθηιί
900 4612 1195 4672 dissensio.
1258 4616 1384 4672 Atla.
1428 4615 1588 4672 Absit
1624 4626 1683 4671 ut
1741 4617 1905 4672 homo
1951 4616 2160 4674 divinos

2273 4617 2452 4688 φωνία
2490 4617 2657 4689 πολλή
2687 4636 2775 4689 μοι
2803 4619 3198 4689 καταφαίνεται
3231 4617 3340 4673 τῶν
3368 4618 3599 4692 Γραφῶν
3624 4619 3719 4673 ἐπὶ
3760 4616 3858 4672 τοῦ

583 4703 792 4777 Deique
825 4705 1007 4762 amatu
1052 4709 1289 4779 scriptos
1337 4710 1509 4765 libros
1549 4709 1748 4764 audeat
1814 4709 2160 4778 calumniari,

2275 4711 2557 4784 παρόντος.
2599 4707 2875 4765 Ἀθ.εἷπεν
2894 4728 2909 4743 ο
2948 4712 3041 4783 Μὴ
3067 4712 3278 4782 γένοιτο
3299 4712 3385 4767 ἵνα
3415 4711 3704 4783 ἄνθρωπος
3726 4728 3860 4766 κατ-

583 4794 743 4863 quasi
766 4794 979 4850 scilicet
1003 4810 1113 4849 non
1141 4796 1286 4851 inter
1319 4810 1381 4851 se
1409 4796 1465 4849 in
1496 4795 1585 4851 his
1603 4794 1861 4852 omnibus
1887 4798 2160 4853 coruscati-

2272 4804 2401 4877 είπῃ
2423 4804 2734 4859 τῶνιθείων
2775 4803 2869 4857 καὶ
2923 4803 3298 4860 θεοπνεύστων
3351 4805 3610 4878 Γραφῶν,
3671 4806 3750 4871 ὡς
3790 4807 3854 4861 οὐ

582 4895 728 4942 rent.
779 4886 942 4944 Certe
985 4903 1179 4944 omnes
1211 4887 1533 4960 Scriptum,
1573 4889 1750 4945 instar
1776 4904 1946 4961 aequae
1992 4893 2160 4961 librae,

2277 4898 2415 4969 μετὰ
2446 4897 2766 4969 συμφωνίας
2790 4897 2968 4954 ταῦτα
3000 4898 3178 4953 πάντα
3208 4898 3637 4970 φθεγγομένωνέ
3684 4898 3860 4968 Ζυγὸς

584 4981 743 5037 valde
782 4997 972 5037 secum
1017 4984 1393 5038 consentiunt.
1447 4984 1544 5039 Ar.
1578 4982 1683 5050 Qui
1716 4984 1832 5041 ﬁeri
1879 4995 2061 5058 potest
2112 5001 2160 5046 ul

2272 4989 2382 5061 γὰρ
2414 4989 2604 5061 ὥσπερ
2628 4989 2856 5056 δίκαιος,
2892 4991 3035 5046 οὕτω
3089 4989 3439 5064 συμφωνοῦσι
3488 4991 3629 5063 πρὸς
3658 4991 3859 5055 ὲαυτάς

586 5073 980 5129 consentiant?
1015 5073 1267 5128 Salvator
1294 5075 1372 5128 ait
1408 5094 1423 5130 :
1460 5095 1479 5128 ι
1520 5075 1683 5133 Pater
1716 5080 1815 5149 qui
1870 5080 2021 5136 misit
2063 5098 2160 5150 me,

2274 5082 2445 5135 πᾶσαι
2470 5083 2525 5134 αἱ
2553 5082 2785 5153 Γραφαί.
2822 5084 2940 5150 Ἀρ.
2979 5078 3132 5136 εἶπεν
3151 5098 3164 5112 ’
3192 5080 3317 5146 Πῶς
3346 5081 3760 5154 συμφωνοῦσιν;
3799 5082 3857 5136 '0

587 5166 767 5235 major
789 5181 877 5221 me
899 5175 1022 5223 est:
1065 5188 1084 5220 ι
1129 5167 1272 5222 idem
1308 5182 1509 5224 rursus
1540 5171 1617 5225 ait
1651 5189 1665 5227 :
1698 5190 1718 5220 ι
1761 5170 1876 5245 Ego
1906 5181 1962 5229 et
1992 5173 2160 5229 Patet

2275 5175 2467 5247 Σωτὴρ
2510 5174 2614 5248 ἔφη
2639 5193 2651 5205 ·
2694 5196 2713 5230 ‹
2747 5179 2803 5231 'O
2831 5176 3022 5249 Πατὴρ
3053 5178 3082 5230 6
3116 5173 3337 5245 πέμψας
3379 5192 3470 5247 με,
3510 5176 3717 5247 μείζων
3752 5192 3854 5247 μου

658 5325 704 5358 ’⁵
740 5325 900 5381 Joan.
941 5344 1010 5391 x,
1046 5327 1136 5382 50.
1212 5326 1259 5358 ³⁸
1286 5324 1444 5383 Joan.
1483 5343 1595 5392 xiv,
1632 5329 1687 5386 9.
1738 5330 1784 5364 ³⁷
1824 5329 2066 5403 Philipp.
2105 5348 2178 5400 ιι,
2203 5331 2257 5386 7.

658 5504 1015 5583 (75)_'Ec§uti9
1047 5505 1201 5562 deest
1230 5508 1286 5563 in
1310 5508 1448 5578 Aug.
1472 5507 1596 5564 Mox
1623 5511 1787 5575 idem,
1822 5511 1914 5583 Μὴ
1929 5512 2139 5581 γένοιτο
2159 5554 2171 5568 .

589 5576 722 5647 παρ’
740 5576 908 5647 αὐτοῦ
939 5577 1068 5647 γάρ.

663 5594 667 5632 ι
707 5594 721 5603 ·
743 5594 908 5630 αυτου
939 5594 1068 5647 γαρ.

663 5594 779 5719 ὅθ)
811 5648 1029 5717 Ἀρειος
1070 5640 1223 5720 εἶπεν
1251 5646 1407 5701 deest
1441 5648 1497 5720 in
1525 5649 1658 5719 Aug.
1690 5650 1746 5706 In
1779 5651 1923 5710 Felc.
1954 5668 2086 5710 vero
2112 5652 2169 5720 2,

627 5726 648 5773 t
675 5716 801 5775 hac
822 5724 878 5774 et
894 5716 1187 5785 'sequentia
1214 5730 1390 5787 usque
1430 5719 1498 5774 ad
1528 5716 1714 5788 ἐσμεν.

2353 5512 2465 5582 (77)
2503 5514 2876 5584 Augustanus,
2915 5512 3017 5582 τὴν
3062 5527 3380 5584 συμφωνίαν
3428 5509 3568 5584 κατά
3614 5508 3698 5573 σὲ,
3747 5506 3856 5581 ἄρα

2285 5580 2827 5655 μάρτυρας,ὀιῐιίεείε
2857 5580 3714 5655 ἰηὶθτιηθάῐὶεδι’ρμοιοτέξιευτεν.

663 5649 779 5719 (76)
811 5649 1029 5717 ’Ἄρειος
1070 5649 1223 5727 εἶπεν
1251 5649 1407 5701 deest
1441 5649 1497 5702 in
1525 5649 1658 5719 Aug.
1690 5650 1746 5706 In
1779 5651 1923 5710 Felc.
1954 5668 2086 5710 vero
2112 5652 2169 5720 2,
2287 5649 2296 5652 ⁷
2350 5649 2631 5728 (Ὶ8)’Διι8.
2665 5655 2929 5709 ἐκένωσεν
2958 5653 3174 5725 μορφὴν
3206 5649 3391 5706 δούλου
3418 5649 3621 5707 λαϐὼν.

592 5726 648 5775 et
684 5719 801 5775 haec
822 5724 878 5774 et
903 5725 1187 5775 sequentia
1214 5730 1390 5775 usaue
1430 5719 1498 5774 ad
1528 5721 1714 5775 ισμιν.
