4066 6388
197 381 285 438 M9
1322 375 1744 434 DlSPUTATlO
1782 371 2064 430 CONTRA
2104 372 2348 433 ARIUM.

3343 373 3452 431 450
3491 352 3494 354 ’

205 493 301 550 taxi
321 510 338 526 ·
369 511 390 545 a
419 491 593 548 πάλιν
618 495 646 547 6
671 492 833 556 αὐτὸς
855 491 1004 560 λέγει
1029 507 1043 520 ·
1091 508 1110 540 ι
1153 487 1294 557 Ἐγὼ
1323 487 1418 543 καὶ
1446 490 1475 541 6
1504 487 1697 557 Πατὴρ
1721 485 1783 538 ἓν

1892 499 2053 540 unum
2115 501 2309 542 sumus
2359 504 2373 541 ε
2410 504 2428 537 a
2473 493 2528 541 et
2568 505 2580 541 :
2621 504 2640 538 ι
2681 485 2785 553 Qui
2843 485 2981 543 vidit
3030 500 3139 551 me,
3177 485 3312 542 vidit
3346 484 3453 544 Pa-

206 588 387 657 ἐσμεν·
432 602 452 635 ι
500 585 603 638 καὶ
652 583 889 656 ἑτέρως’
926 580 1025 634 «Ὀ
1071 578 1331 650 ἑωρακὼς
1377 577 1508 650 ἐμὲ,
1563 575 1779 646 ἑώρακε

207 674 282 728 τὸν
326 672 588 744 Πατέρα*
644 691 666 726 ι
725 673 790 726 δι’
827 666 888 726 οὗ
930 671 1187 741 σημαίνει
1229 668 1326 739 τὴν
1361 667 1780 738 ἀπαράλλακτον

211 766 350 820 αὐτοῦ
380 766 552 831 ἰδέαν,
587 765 658 836 ἢν
705 764 818 835 ἔχει
867 763 1004 834 πρὸς
1043 761 1136 814 τὸν
1178 759 1371 813 ἑαυτοῦ
1410 759 1661 829 Πατέρα*
1703 756 1780 820 ὼς

213 858 291 910 καὶ
320 856 579 919 ὁΠαῦλός
609 873 742 929 φησι
769 855 880 909 ἴσον
902 855 993 907 τὸν
1011 853 1138 906 Υἱὺν
1159 851 1270 923 (79)
1293 850 1386 905 τοῦ
1413 849 1542 904 ἰδίου
1567 849 1782 920 [ἰατρὸς

211 949 503 1019 τυγχάνειν.
552 949 665 1003 Ἀθ.
700 945 853 1002 εἶπεν
935 945 1248 1018 Ἄνθρωπε,
1277 945 1443 999 ἄκουε
1467 942 1562 996 καὶ
1596 942 1781 1010 σύνες,

212 1042 282 1096 ὅτι
326 1044 426 1095 οὐκ
491 1040 830 1105 ὰπέζευκται
884 1040 1060 1092 ἐκεῖνο
1096 1037 1156 1090 τὸ
1207 1035 1522 1104 κεφάλαιον,
1565 1032 1629 1087 τὸ
1678 1033 1784 1102 φά-

216 1134 491 1205 οκυν(80)·
524 1152 544 1185 ι
590 1135 652 1187 '0
705 1134 894 1203 Πατήρ
947 1147 1069 1202 μου,
1113 1131 1143 1184 6
1181 1127 1402 1199 πέμψας
1445 1143 1533 1198 με,
1581 1124 1784 1197 μείζων

217 1243 305 1295 μου
334 1226 472 1283 ὲστί.
507 1244 528 1277 ι
564 1225 678 1278 τῶν
701 1224 899 1277 λοιπῶν
921 1222 1248 1292 κεφαλαίων.
1284 1223 1404 1290 Ἀρ.
1439 1219 1624 1274 εἶπεν*
1659 1219 1786 1272 Ἐὰν

213 1317 358 1370 τοῦτο
385 1316 702 1389 ἀποδείξῃς,
729 1317 862 1386 ὅπερ
897 1313 1274 1386 ἁνεγχώρητόν
1306 1315 1444 1377 ἐστι,
1471 1313 1613 1382 τάχα
1638 1309 1784 1382 κάμὲ

215 1411 448 1481 ποιήσεις
484 1407 562 1480 τῷ
591 1408 670 1479 σῷ
699 1409 1005 1479 φρονήματι
1043 1405 1499 1474 ἐπακολουθῆσαι.

279 1503 364 1554 11.
410 1502 520 1555 Ἀθ.
562 1496 753 1552 εἶπεν·
803 1498 861 1552 Ὀ
909 1497 1002 1550 τοῦ
1037 1496 1169 1550 Θεοῦ
1201 1496 1330 1560 Υἱὸς
1367 1495 1499 1559 Θεὸς
1546 1496 1713 1559 ἐστιν,
1749 1491 1784 1563 ἢ

217 1593 304 1659 ob;
339 1595 458 1660 ’Ap.
482 1588 636 1644 εἶπεν
657 1608 671 1621 ⁸
706 1589 837 1652 Θεὸς
865 1587 1104 1651 κτισθεὶς
1125 1587 1229 1640 ὑπὸ
1256 1587 1416 1641 Θεοῦ.
1467 1588 1576 1640 Ἀθ.
1606 1581 1782 1638 εἶπεν·

228 1686 307 1749 Ὠς
338 1685 532 1750 θέλεις,
587 1680 921 1752 ἀποκρίθητέ
976 1697 1064 1750 μοι
1107 1679 1234 1750 περὶ
1257 1673 1317 1732 οῦ
1355 1678 1566 1751 ἐρωτῶ.
1605 1679 1662 1732 Ὀ
1691 1677 1786 1730 τοῦ

219 1775 340 1831 θεοῦ
361 1775 489 1838 Υἱὸς
527 1774 708 1826 πάντα
737 1771 1008 1842 ἐποίησεν,
1034 1769 1122 1823 ναὶ
1169 1768 1301 1840 (81),
1340 1767 1374 1839 ἢ
1415 1767 1515 1832 ob;
1555 1768 1675 1836 "Ap.
1710 1763 1787 1820 εἷ-

1880 582 2019 630 trem
2050 595 2063 630 :
2109 595 2128 628 ι
2166 578 2367 648 quibus
2398 577 2582 634 verbis
2617 578 2952 632 simillimam
2982 579 3242 649 nullaque
3269 579 3451 636 varie-

1878 673 1989 722 tate
2043 667 2316 724 diversam
2367 670 2453 724 sui
2510 678 2565 724 et
2628 668 2808 724 Patris
2858 669 3094 739 speciem
3149 670 3450 742 designat:

1881 759 2340 828 quemadmodum
2400 769 2454 815 et
2496 759 2698 815 Paulus
2748 761 2938 817 scribit
2983 758 3180 816 Filium
3233 762 3450 833 prOpric

1880 849 2031 904 Patri
2060 851 2322 921 aequalem
2354 866 2496 906 esse.
2532 851 2658 907 Atla.
2685 852 2849 918 Audi,
2873 852 3058 916 homo,
3113 859 3167 907 ct
3214 853 3454 925 intellige

1885 941 2021 996 illud
2048 942 2348 1012 capitulum
2383 961 2396 997 :
2427 961 2446 994 ι
2473 941 2636 999 Pater
2662 959 2839 1008 meus,
2859 944 2951 1014 qui
2984 944 3133 1017 misit
3152 959 3259 1008 me,
3278 945 3454 1016 major

1883 1047 1972 1087 me
2003 1039 2108 1096 est,
2145 1050 2166 1084 ι
2207 1032 2274 1086 ab
2303 1031 2428 1086 aliis
2458 1033 2681 1088 minime
2710 1033 2930 1088 differre
2963 1033 3236 1102 capitulis.
3275 1034 3372 1090 Ar.
3393 1033 3453 1088 Si

1884 1123 1936 1178 id
1968 1123 2295 1188 ostenderis,
2333 1123 2476 1194 quod
2519 1139 2652 1179 sane
2687 1124 2801 1179 fieri
2836 1141 2944 1179 non
2991 1133 3189 1196 potest,
3217 1124 3362 1182 forte
3395 1134 3454 1182 et

1884 1230 1971 1272 me
1995 1214 2053 1270 in
2071 1222 2222 1269 tuam
2255 1214 2581 1271 sententiam
2615 1215 2696 1270 ire
2717 1217 3030 1287 compelles.

1957 1481 2046 1536 11.
2082 1480 2208 1536 Atla.
2258 1479 2354 1536 Dei
2411 1479 2585 1536 Filius
2639 1479 2859 1535 Deusne
2905 1486 3011 1545 est,
3041 1478 3125 1534 vel
3171 1477 3453 1535 non?Ar.

1885 1569 2030 1628 Deus
2057 1580 2140 1628 est
2169 1581 2391 1628 creatus
2419 1587 2449 1626 a
2484 1573 2614 1628 Deo.
2661 1572 2786 1628 Atla.
2837 1571 3007 1626 Prout
3046 1572 3129 1626 vis
3186 1570 3458 1642 responde

1886 1666 2019 1719 mihi
2050 1665 2119 1720 ad
2159 1664 2213 1720 id
2249 1665 2396 1736 quod
2429 1680 2459 1718 a
2491 1671 2545 1720 te
2587 1664 2862 1720 sciscitor.
2897 1664 2992 1720 Dei
3030 1661 3202 1717 Filius
3258 1663 3460 1718 fecitne

1889 1759 2092 1820 omnia,
2121 1773 2190 1811 an
2221 1757 2488 1812 non?Ar.
2524 1755 2643 1810 .Iam
2677 1772 2845 1826 supra
2883 1771 3207 1810 concessum
3240 1763 3323 1811 est
3341 1771 3462 1810 om-

220 1887 335 1924 πεν·
371 1865 830 1940 Προαποδέὸοται,
856 1864 938 1916 ὅτι
962 1861 1138 1914 πάντα
1161 1860 1433 1931 ἐποίησεν,
1459 1860 1535 1924 ῶς
1559 1860 1786 1930 δύναμις

1892 1848 1978 1902 nia
2006 1864 2130 1903 eum
2173 1847 2391 1915 fecisse,
2421 1848 2621 1918 quippe
2652 1849 2744 1918 qui
2795 1847 2866 1902 sit
2900 1846 2994 1902 Dei
3044 1848 3218 1901 virtus
3255 1853 3310 1902 et
3365 1860 3460 1931 sa-

219 1957 302 2010 καὶ
331 1956 492 2023 σοφία
514 1954 800 2023 τυγχάνων
823 1950 978 2004 Θεοῦ.
1020 1951 1129 2004 Ἀθ.
1148 1946 1299 2003 εἶπεν
1318 1966 1330 1980 ·
1369 1949 1579 2003 Οὐκοῦν
1608 1950 1788 2004 πάντα

219 2044 537 2119 περιέχειτὰ
553 2045 645 2096 ὑπ’
673 2040 836 2095 αὑτοῦ
865 2039 1174 2111 ποιηθέντα,
1205 2041 1322 2109 ἦτοι
1342 2038 1512 2108 ὁρατά
1541 2038 1786 2109 ἦτοι(82)

217 2138 412 2206 ἀόρατα
454 2138 483 2188 6
532 2132 629 2187 τοῦ
669 2133 805 2186 Θεοῦ
852 2132 998 2194 Υἱός.
1033 2133 1161 2198 'Ap.
1210 2130 1349 2202 ἔφη’
1409 2129 1598 2194 Οῦτως
1641 2130 1784 2201 ἔχει.

229 2233 326 2286 Ἀθ.
358 2226 512 2282 εἶπεν
537 2245 550 2259 ·
586 2225 872 2296 Πανταχοῦ
905 2221 998 2279 οὖν
1018 2225 1248 2296 πάρεστι
1276 2226 1344 2295 τῇ
1370 2224 1530 2296 οὐσία
1559 2224 1656 2294 τῆς
1693 2241 1788 2294 με-

217 2322 508 2392 γαλοσὺνης
535 2321 724 2374 αὑτοῦ.
766 2320 890 2372 Ἐὰν
923 2318 1102 2392 εἴπῃς,
1129 2318 1211 2370 ὃτι
1239 2317 1298 2370 οὗ
1326 2317 1556 2388 πάρεστι
1583 2333 1790 2370 παντα-

218 2416 326 2488 χοῦ,
356 2416 467 2487 ἄρα
497 2413 726 2486 μείζονα
752 2415 896 2484 ὲρεῖς
924 2411 992 2465 τὰ
1023 2410 1294 2482 γενόμενα
1314 2410 1407 2463 τοῦ
1433 2409 1783 2481 δημιουργοῦ.

221 2512 328 2577 'Ap.
359 2505 547 2561 εἶπεν·
588 2507 828 2576 Πάρεστι
873 2505 1168 2576 πανταχοῦ.
1223 2504 1332 2558 Ἀθ.
1378 2498 1558 2558 εἶπενο
1602 2503 1666 2556 Ei
1696 2497 1788 2557 οῦν

219 2596 402 2668 παρὼν
434 2596 700 2666 τυγχάνει
745 2593 1018 2663 πανταχοῦ
1052 2596 1080 2646 6
1126 2592 1217 2646 τοῦ
1270 2591 1407 2645 Θεοῦ
1442 2592 1638 2660 Λόγος,
1672 2591 1790 2654 πῶς

219 2689 387 2758 λέγεις
418 2688 499 2752 τὺ,
532 2707 551 2739 ι
605 2687 665 2740 ὐ
687 2687 879 2757 Πατήρ
901 2704 1000 2756 μου
1025 2687 1053 2738 6
1084 2685 1304 2756 πέμψας
1342 2701 1430 2756 με,
1459 2684 1658 2755 μείζων
1687 2701 1788 2756 μου

221 2783 379 2844 ἐστίν,
410 2802 430 2834 ι
459 2781 662 2843 ἀπόδος
709 2797 798 2850 μοι
848 2781 939 2832 τὸν
972 2779 1148 2848 λόγον.
1184 2781 1305 2847 Ἀρ.
1347 2774 1534 2832 εἶπενο
1575 2777 1789 2851 ’Λπορῶ

220 2877 338 2947 περὶ
375 2873 587 2932 τούτου.
617 2871 734 2925 ἀλλ’
764 2870 920 2938 ἀξιῶ,
947 2872 1151 2941 φράσον
1189 2887 1299 2940 μοι,
1332 2869 1438 2923 τίνι
1472 2870 1614 2942 λόγῳ
1637 2865 1790 2924 εἶπεν

221 2970 246 3020 6
274 2966 462 3037 Σωτὴρ
488 2963 718 3036 μείζονα
771 2963 963 3016 ἑαυτοῦ
1001 2963 1092 3016 τὸν
1138 2963 1390 3032 Πατέρα;
1439 2963 1548 3016 Ἀθ.
1601 2957 1786 3037 εἶπενο

234 3060 350 3112 Ἐάν
389 3059 464 3129 μὴ
493 3057 758 3129 πρότερόν
788 3074 874 3126 μοι
908 3055 1090 3127 εἴπῃς,
1119 3054 1148 3107 ὃ
1191 3053 1473 3124 ἐπερωτῶ,
1503 3055 1562 3108 οὐ
1599 3055 1671 3126 μή
1709 3071 1791 3106 σοι

1889 1941 2108 2013 pientia.
2133 1939 2258 1992 Atla.
2290 1935 2488 1993 Omnia
2526 1939 2693 2008 igitur
2727 1936 2820 1992 Dei
2853 1934 3025 1992 Filius
3054 1937 3316 1999 continet,
3339 1952 3463 2006 qua:

1887 2034 1956 2089 ab
1996 2033 2116 2103 ipso
2155 2038 2284 2085 sunt
2317 2030 2484 2094 facta,
2521 2031 2637 2085 sive
2687 2029 2950 2094 visibilia,
2984 2028 3101 2082 sive
3140 2027 3458 2082 invisibilia.

1887 2127 1983 2180 Ar.
2036 2125 2117 2178 lta
2151 2131 2257 2179 est.
2301 2123 2426 2177 Ath.
2460 2121 2676 2193 Ubique
2721 2137 2854 2192 ergo
2888 2120 3044 2175 adest
3095 2127 3293 2174 natura
3344 2135 3460 2175 sum

1887 2217 2212 2287 majestatis.
2258 2213 2394 2268 Nam
2424 2214 2472 2269 si
2503 2213 2658 2268 dicas
2704 2227 2817 2266 non
2853 2211 3057 2281 ubique
3086 2211 3279 2266 adesse
3315 2229 3329 2264 :
3361 2211 3464 2279 igia

1888 2318 1978 2364 tur
2027 2324 2116 2364 res
2156 2308 2327 2362 factas
2381 2306 2640 2362 fateberis
2699 2305 2856 2376 162
2905 2303 3164 2359 Creatore
3219 2303 3462 2372 majores

1888 2415 2030 2455 esse.
2067 2399 2163 2451 Ar.
2209 2397 2377 2452 Adest
2433 2396 2658 2466 ubique.
2721 2396 2849 2449 Atla.
2901 2392 2960 2448 Si
3016 2393 3184 2464 igitur
3217 2408 3459 2464 praesens

1888 2491 2092 2562 ubique
2120 2496 2206 2546 est
2239 2489 2334 2544 Dei
2357 2486 2594 2544 Verbum
2628 2506 2641 2542 :
2673 2485 2946 2558 quomodo
2975 2484 3109 2540 illud
3145 2485 3406 2556 intelligis
3440 2501 3456 2538 :

1893 2601 1912 2636 ι
1937 2582 2098 2638 Pater
2125 2597 2278 2637 meus
2293 2581 2384 2652 qui
2408 2581 2559 2636 misit
2583 2593 2687 2643 me,
2724 2578 2899 2648 major
2922 2593 3009 2632 me
3029 2578 3152 2632 est?
3173 2597 3191 2628 ι
3229 2576 3302 2632 Da
3326 2576 3461 2631 mihi

1890 2677 2180 2731 rationem.
2216 2673 2313 2727 Ar.
2364 2672 2465 2727 Hie
2522 2672 2735 2727 hatreo:
2776 2670 2872 2726 sed
2923 2684 3042 2732 oro,
3077 2683 3288 2738 expone
3327 2667 3463 2722 mihi

1889 2784 1997 2840 qua
2041 2769 2254 2823 ratione
2305 2765 2559 2820 Salvator
2581 2762 2782 2818 dixerit
2833 2761 3098 2830 majorem
3151 2776 3208 2815 se
3243 2759 3459 2814 Patrem

1890 2875 2034 2916 esse.
2070 2861 2196 2913 Atla.
2222 2857 2341 2913 Nisi
2372 2857 2504 2911 mihi
2529 2857 2681 2928 prius
2713 2854 2940 2916 dixeris,
2975 2852 3120 2923 quod
3141 2860 3245 2908 ate
3275 2861 3464 2923 postu-

1891 2953 1946 3006 lo
1978 2971 1992 3007 :
2033 2967 2134 3007 nec
2160 2965 2260 3022 ego
2306 2949 2454 3020 quod
2487 2949 2569 3003 vis
2610 2947 2708 3002 tibi
2751 2963 2870 3001 sum
2907 2946 3176 3000 dicturus.
3213 2944 3308 2996 Ar.
3365 2941 3465 2996 Dic

1893 3044 2039 3115 quod
2069 3043 2174 3100 vis.
2206 3042 2334 3098 Atla.
2374 3041 2639 3112 Angeline
2673 3037 2980 3108 incorporei
3011 3043 3160 3098 sunt,
3195 3049 3263 3088 an
3293 3033 3470 3087 homi-

223 3145 368 3236 είπω,
583 3126 781 3208 θέλεις.
803 3146 930 3212 Ἀρ.
957 3126 1138 3196 εἶπεν·
1176 3144 1334 3212 Λέγε,
1373 3144 1402 3196 6
1435 3143 1628 3213 βούλει.
1678 3145 1787 3198 Ἀθ.

1895 3137 2026 3193 nes?
2071 3137 2169 3190 Ar.
2221 3134 2481 3189 Homines
2531 3138 2662 3188 sunt
2720 3131 2775 3184 in
2811 3144 3086 3199 corpore:
3117 3126 3295 3198 angeli
3337 3139 3468 3182 vero

2109 3226 2119 3236 .
2173 3233 2180 3236 .
2523 3222 2535 3233 .
3076 3216 3160 3236 ..,,
3236 3214 3462 3236 τηεμ..

223 3229 396 3286 εἶπεν·
438 3237 500 3287 Οἱ
531 3234 754 3302 ἄγγελοι
787 3232 1067 3304 ἀσώματοι
1109 3234 1486 3303 τυγχάνουσιν,
1519 3233 1551 3303 ἢ
1587 3233 1794 3305 ἄνθρω-

222 3345 334 3392 ποις
366 3330 497 3396 Ἃρ.
539 3323 1042 3398 εἷπεν-Ἀνθρωποι
1069 3328 1126 3379 ἐν
1168 3325 1377 3396 σώματι
1416 3327 1790 3397 τυγχάνουσιν,

222 3420 434 3488 ἄγγελοι
467 3421 525 3472 δὲ
551 3420 841 3489 πνεύματα
876 3417 1046 3482 ὄντες,
1075 3416 1354 3488 άσώματοί
1379 3420 1535 3471 εἰσιν.
1573 3419 1690 3471 Ἀθ.
1713 3415 1792 3470 εἷ-

222 3529 344 3564 πενο
406 3508 708 3575 Τίνεςόῦν
747 3510 1031 3575 κοπιῶσιν,
1089 3510 1394 3580 ἅνθρωποι,
1442 3510 1475 3580 ἢ
1535 3508 1790 3577 ἄγγελοι;

225 3604 344 3672 Ἀρ.
375 3600 860 3670 εἴπεν’.”Λγγελοι
891 3601 1172 3672 ἀσώματοι
1204 3602 1547 3671 τυγχάνουσι,
1573 3600 1706 3672 πρὸς
1735 3600 1794 3653 τὸ

222 3694 599 3757 διακονοῦντας
633 3691 786 3762 αὐτῷ
818 3693 1063 3763 καμάτου
1095 3683 1288 3764 πεῖραν
1323 3693 1395 3762 μὴ
1442 3692 1656 3744 λαϐεῖν·
1697 3692 1793 3744 άν-

225 3784 421 3857 θρώπῳ
447 3786 507 3840 δὲ
543 3785 622 3855 τῷ
657 3784 889 3855 κάμνειν
943 3785 1092 3848 ἴδιον,
1146 3782 1234 3836 διὰ
1273 3782 1369 3854 τὴν
1409 3781 1501 3835 τοῦ
1545 3781 1794 3854 σώματος

227 3874 444 3947 βαρεῖαν
470 3875 663 3945 ὁλκήν.
705 3873 827 3929 Ἀθ.
866 3869 1048 3926 εἶπενο
1089 3875 1146 3928 '0
1177 3870 1270 3928 οὖν
1309 3873 1514 3946 Κύριος
1543 3874 1659 3939 πῶς
1678 3876 1796 3927 Exo-

227 3967 410 4034 πίασε;
439 3967 751 4037 γέγραπται
780 3965 906 4035 γάρ,
948 3983 967 4017 ι
1011 3965 1216 4035 Ἰησοῦς
1248 3967 1306 4020 δὲ
1333 3966 1679 4031 κεκοπιακὼς
1728 3969 1793 4020 ὲκ

226 4060 318 4129 τῆς
337 4058 670 4130 ὁδοιπορίας,
707 4056 1017 4122 ἐκαθέζετο.
1050 4077 1068 4110 ι
1103 4060 1231 4126 'Ap.
1266 4054 1448 4112 εἶπεν·
1479 4059 1796 4130 Συνήγαγές

233 4169 312 4222 με,
341 4153 418 4217 ὡς
444 4152 718 4222 ἠθέλησας
735 4150 799 4202 ἐκ
823 4149 916 4202 τοῦ
950 4149 1389 4221 παραδείγματος
1413 4149 1520 4204 τῶν
1549 4150 1795 4219 ἀγγέλων

230 4244 448 4297 καὶτῶν
493 4242 819 4314 ἀνθρώπων,
843 4240 940 4310 οὐχ
971 4240 1048 4305 ὼς
1092 4241 1224 4304 Θεὸς
1263 4241 1432 4310 Λόγος
1481 4241 1794 4306 ἐκοπίασεν,

231 4336 447 4390 ἀλλ’ἵνα
475 4337 642 4405 φανῇ,
683 4334 765 4387 ὅτι
823 4332 1022 4404 σάρκα,
1053 4334 1119 4404 ἣν
1167 4334 1266 4387 οὐκ
1311 4330 1424 4404 εἶχε
1471 4334 1735 4404 πρότερον
1768 4335 1797 4387 6

232 4428 391 4496 Λόγος
427 4429 524 4482 καὶ
558 4427 712 4490 Θεὸς,
733 4425 935 4497 ταύτην
957 4424 1182 4479 ἀνέλαϐε
1202 4445 1216 4457 ·
1257 4427 1346 4480 διὰ
1366 4427 1520 4480 τοῦτο
1541 4430 1606 4497 τῇ
1628 4425 1790 4497 σαρκὶ

1894 3242 2020 3282 cum
2077 3226 2188 3282 sint
2229 3225 2477 3294 spiritus,
2522 3219 2834 3291 incorporei
2876 3226 3026 3274 sunt.
3059 3216 3184 3272 Atla.
3234 3214 3468 3281 Quinam

1893 3319 2059 3390 igitur
2081 3316 2415 3388 fatigantur:
2445 3313 2786 3373 hominesne,
2821 3327 2887 3364 an
2912 3309 3132 3380 angeli?
3178 3307 3274 3363 Ar.
3297 3305 3467 3371 Dixit,

1894 3410 2069 3480 angeli
2100 3405 2410 3476 incorporei
2439 3411 2590 3466 sunt,
2628 3410 2685 3456 ut
2709 3417 2836 3456 cum
2860 3401 2936 3455 illi
2971 3400 3312 3460 ministrant,
3341 3395 3469 3450 nul-

1894 3503 2005 3555 lum
2040 3498 2384 3556 lassitudinis
2428 3495 2862 3566 experimentum
2896 3491 3224 3562 percipiant.
3257 3488 3326 3540 At
3363 3487 3466 3541 bo-

1894 3593 2030 3649 mini
2071 3594 2358 3662 proprium
2382 3596 2468 3644 est
2499 3587 2735 3656 fatigari,
2770 3591 2994 3654 propter
3025 3595 3242 3653 gravem
3269 3593 3467 3649 nempe

1894 3685 2142 3755 corporis
2186 3683 2406 3737 molem.
2441 3679 2568 3734 Atla.
2603 3676 2887 3744 Quomodo
2919 3689 3050 3744 ergo
3094 3672 3352 3741 fatigatus
3381 3677 3470 3725 est

1894 3775 2202 3831 Dominus?
2230 3772 2506 3844 SCriptum
2537 3771 2682 3828 enim
2705 3775 2790 3824 est
2814 3787 2827 3822 :
2866 3783 2885 3818 ι
2922 3763 3083 3820 Jesus
3109 3776 3238 3816 vero
3270 3761 3469 3830 fatiga-

1895 3876 1984 3923 tus
2012 3883 2080 3922 ex
2113 3865 2327 3928 itinere,
2353 3862 2578 3918 sedebat
2598 3861 2666 3914 “.
2707 3878 2725 3910 a
2754 3858 2850 3910 Ar.
2883 3853 2975 3910 Uti
3006 3851 3247 3916 voluisti,
3271 3864 3337 3905 eo
3359 3865 3470 3914 me,

1895 3958 2211 4030 angelorum
2240 3955 2632 4022 hominumque
2657 3947 2928 4016 exemplo,
2961 3942 3262 4006 adduxisti,
3293 3947 3354 3994 ut
3382 3937 3470 3994 fa-

1897 4063 2013 4109 tear
2048 4050 2284 4106 Verbum
2310 4063 2421 4104 non
2452 4056 2510 4102 ut
2547 4045 2718 4100 Deum
2753 4040 3036 4111 fatigatum
3068 4050 3213 4093 esse.
3248 4031 3474 4090 Scilicet

1896 4152 1955 4202 ut
1978 4147 2263 4214 appareret
2297 4153 2520 4195 carnem
2554 4137 2716 4198 hanc,
2747 4149 2912 4204 quam
2961 4129 3115 4201 prius
3145 4124 3387 4182 Verbum
3418 4131 3474 4181 et

1896 4237 2042 4292 Deus
2065 4249 2174 4289 non
2203 4231 2465 4296 habebat,
2491 4231 2894 4298 assumpsisse;
2927 4223 3136 4278 ideirco
3169 4218 3322 4274 carni
3352 4231 3477 4288 qua:

1898 4331 2002 4387 sibi
2032 4335 2189 4384 erant
2226 4325 2449 4397 propria
2501 4322 2614 4394 pati
2665 4318 2937 4392 permisit,
2966 4323 3026 4370 ut
3073 4327 3298 4368 carnem
3348 4325 3475 4367 esse

1898 4423 2123 4479 evidens
2147 4426 2313 4475 esset.

234 4521 574 4594 συνεχώρησε
633 4520 863 4589 πάσχειν
911 4517 979 4570 τὰ
1028 4518 1155 4578 ἴδια,
1199 4519 1285 4572 ἵνα
1334 4521 1473 4591 φανῇ
1528 4520 1608 4572 ὅτι
1660 4518 1790 4590 σάρξ

1970 4514 2060 4569 12.
2083 4512 2208 4567 Atla.
2244 4511 2446 4565 Memor
2492 4507 2569 4562 sis
2603 4515 2928 4560 concessum
2979 4505 3140 4553 antea
3183 4511 3308 4552 esse
3337 4493 3476 4549 Ver-

233 4612 388 4668 ἐστιν.

299 4704 382 4759 12.
424 4707 538 4760 Ἀθ.
563 4699 717 4758 εἶπεν
736 4720 749 4731 ·
779 4702 1062 4775 Μέμνησο,
1101 4702 1182 4755 ὅτι
1214 4701 1690 4773 προωμολόγηται,
1713 4701 1795 4754 ὅτι

234 4795 501 4868 πανταχοῦ
553 4799 818 4868 πάρεστιν
844 4798 873 4849 6
905 4797 1076 4865 Λόγος
1117 4795 1212 4848 καὶ
1238 4795 1390 4859 Θεός.
1436 4797 1568 4863 Ἀρ.
1610 4790 1794 4847 εἶπεν

245 4887 698 4961 Ἀραρότως.Ἀσ’.
741 4883 925 4941 εἶπενο
964 4889 1027 4940 El
1074 4881 1168 4941 οὖν
1215 4885 1488 4957 πανταχοῦ
1535 4886 1797 4956 πάρεστιν

235 4979 358 5052 (83),
385 4983 530 5046 τίνος
549 4982 736 5033 ἕνεκεν
770 4978 1025 5048 ἔφασκεν,
1065 4997 1082 5030 ι
1134 4980 1192 5033 Ὁ
1221 4980 1413 5050 Πατήρ
1456 4995 1556 5050 μου
1595 4978 1622 5029 6
1659 4977 1799 5047 πέμ-

234 5072 338 5142 ψας
377 5091 464 5146 με,
500 5073 707 5144 μείζων
752 5089 852 5142 μου
883 5069 1061 5135 ἑστίη
1097 5090 1116 5124 a
1150 5073 1282 5140 Ἀρ.
1323 5066 1508 5123 εἶπεν·
1535 5070 1798 5141 Παρακα-

235 5165 308 5219 λῶ
339 5184 416 5231 σε,
445 5169 519 5238 μὴ
550 5166 791 5236 ὀκνήσῃς
821 5162 1168 5230 ἀποκαλῦψαι
1190 5163 1252 5216 τὸ
1278 5163 1544 5233 κάλυμμα
1570 5161 1678 5216 ἀπὸ
1705 5159 1798 5214 τοῦ

235 5258 555 5332 γράμματος
583 5259 643 5310 ὲν
673 5256 850 5327 τάχει.
881 5255 1013 5309 Λίαν
1043 5254 1151 5326 γὰρ
1173 5255 1431 5325 ἀνιῶμαι.
1467 5255 1587 5310 Ἀθ.
1617 5249 1795 5308 εἴπεν·

305 5414 350 5445 ³³
381 5412 542 5470 Joan.
579 5429 656 5477 av,
693 5411 747 5467 6.

251 5577 274 5645 '_
300 5573 409 5645 (79)
461 5572 554 5629 Sic
605 5565 957 5645 Reg.__Angl._
1003 5572 1056 5645 et
1101 5557 1580 5645 Basil.vsecunda‘
1601 5573 1801 5645 manu.

234 5628 529 5700 Ed‘iti'vero
556 5628 863 5698 cumvaliis.
883 5628 976 5706 ⁷μὴ
1001 5633 1127 5706 ἶσον
1151 5631 1259 5706 τὸν
1280 5630 1428 5706 Υἱάν.
1451 5629 1521 5683 At
1548 5628 1688 5706 Aug.
1727 5629 1808 5681 sic

235 5698 416 5774 habet,
443 5698 564 5777 ἴσος
593 5707 691 5766 οῦν
715 5698 913 5781 ὀ-Υίὺς
932 5698 1026 5758 τοῦ
1061 5703 1190 5781 ίδίου
1210 5699 1427 5781 ματρὸς
1455 5698 1715 5781 τυγχάνῃ.

302 5767 426 5855 (έθῩ
447 5767 524 5839 ita
544 5767 718 5839 'omn.
754 5778 863 5832 fere
885 5767 1045 5841 inss.;
1071 5775 1125 5828 in
1158 5772 1322 5829 editis
1339 5767 1547 5835 autem,
1565 5767 1638 5820 ’τὸ
1666 5767 1798 5836 ἐράσ-

226 5872 321 5912 κον
349 5857 516 5913 deest.

1899 4609 2028 4664 bum
2059 4614 2114 4663 et
2144 4605 2312 4658 Deuan
2355 4600 2556 4669 ubique
2603 4609 2747 4652 esse.
2801 4592 2900 4648 Ar.
2948 4589 3117 4645 Recte
3157 4587 3470 4644 admodum.

1901 4701 2027 4756 Atla.
2066 4699 2125 4752 Si
2159 4697 2325 4766 igitur
2359 4692 2561 4760 ubique
2586 4700 2829 4758 praasens
2853 4689 2958 4746 est,
2993 4680 3153 4750 cujus
3177 4692 3344 4732 causa
3375 4675 3470 4736 ait,

1905 4813 1926 4846 ι
1962 4793 2123 4847 Pater
2150 4765 2306 4844 meus
2339 4785 2435 4856 qui
2482 4781 2634 4836 misit
2680 4792 2768 4832 me
2813 4774 2990 4844 major
3027 4786 3116 4826 me
3163 4769 3286 4826 est?
3322 4786 3341 4819 ι
3377 4765 3470 4821 Ar.

1902 4887 2144 4943 Obsecro
2172 4889 2244 4946 te,
2271 4894 2338 4935 ne
2368 4875 2612 4948 graveris
2645 4871 2826 4926 velum
2876 4883 2907 4921 a
2938 4867 3120 4920 littera
3165 4875 3328 4948 quam
3366 4856 3473 4948 cito

1903 4941 2416 5032 detrahere-Valde
2441 4965 2588 5020 enim
2616 4973 2785 5030 angor
2821 4957 3023 5009 animo.
3065 4949 3188 5004 Ath.
3227 4945 3360 5012 Quis
3397 4941 3476 4996 fa-

1906 5070 2107 5140 tigatus
2153 5071 2260 5126 est,
2291 5061 2551 5121 homone,
2574 5069 2643 5108 an
2677 5051 2821 5105 Deus
2851 5041 3134 5140 Verbum
3162 5033 3474 5140 Ar;i:lorno.

1907 5125 2030 5214 ΑἷΙι.
2055 5151 2430 5222 Tuumigitur
2454 5149 2567 5218 jam
2611 5150 2697 5199 est
2733 5138 3058 5207 intelligere.
3101 5131 3197 5185 Ar.
3228 5125 3478 5222 Percipio

1907 5247 2038 5321 quid
2063 5254 2159 5300 tuo
2188 5217 2589 5312 boc'responso
2622 5232 2915 5302 intelligas,
2945 5239 3160 5295 nempe,
3187 5236 3311 5277 cum
3333 5217 3478 5276 Deus

1981 5553 2094 5620 (8|)
2124 5550 2234 5605 Ναί
2258 5551 2415 5607 abest
2439 5547 2507 5602 ab
2537 5545 2764 5620 August.

1979 5616 2092 5694 (εἳ)
2124 5621 2406 5694 Aug._si":a
2425 5616 2779 5694 6patdt,:sl'ce.
2908 5687 2923 5694 Δ
2955 5681 2967 5694 ο

1908 5763 1940 5818 d
1981 5675 2092 5766 2833
2125 5675 2384 5762 ltaorﬂeg.
2432 5675 2491 5744 ιὶι
2516 5675 2679 5744 editis
2722 5696 2852 5739 vero
2876 5687 2929 5738 et
2955 5681 3011 5736 in
3045 5679 3190 5749 aliis,
3217 5675 3491 5749 πάρεστιν

1945 5775 2081 5821 eest.
