4066 6388
568 350 667 410 ,ᾱξςῐ
1681 337 1744 392 S.
1787 333 2254 392 ATIIANASIUS.
2293 361 2365 375 —
2400 332 2675 391 SPURIA.
3706 332 3816 397 ‘52

559 469 794 525 Verbum
834 465 1041 535 ubique
1069 461 1232 525 adsit,
1262 461 1473 517 clarum
1504 474 1627 516 esse
1665 460 1842 530 ipsum
1894 466 2120 529 propter

2234 457 2316 523 Γίς
2343 458 2489 511 ἐστιν
2508 459 2537 511 6
2559 453 2929 521 κεκοπιακὼς,
2983 455 3292 529 ἄνθρωπος,
3329 456 3365 529 ἢ
3393 458 3422 511 6
3447 454 3580 520 Θεὸς
3598 454 3773 525 Λόγος
3794 472 3811 522 ;

554 574 777 615 carnem
806 557 1011 611 dixisse
1038 574 1051 609 :
1095 571 1113 604 ι
1149 551 1308 609 Pater
1333 567 1487 606 meus
1517 549 1611 620 qui
1646 549 1795 603 misit
1828 564 1915 603 me
1937 587 1953 612 ,
2013 563 2131 601 ma-

2237 551 2355 619 "Ap.
2389 546 2541 603 εἶπεν
2564 566 2578 580 ·
2613 549 2955 621 Ἄνθρωπος.
2991 548 3114 603 Ἀθ.
3141 546 3293 603 εἶπεν
3311 565 3325 579 ο
3351 549 3561 603 Οὐκοῦν
3578 548 3670 602 σόν
3698 550 3814 601 ἐστι

553 653 640 723 jar
671 665 755 705 me
792 656 896 704 est.
925 667 944 700 ι
974 645 1097 700 Haec
1124 644 1267 699 enim
1299 643 1650 714 gradiebatur
1677 649 1732 696 et
1770 640 2126 710 fatigabatur,

2234 642 2293 694 τὸ
2321 642 2509 714 νοῆσαι
2538 642 2744 695 λοιπόν.
2784 642 2913 708 Ἀρ.
2960 637 3112 695 εἶπεν
3135 658 3149 671 ⁶
3172 641 3570 713 Κατελαὸόμην
3600 658 3695 694 σου
3723 640 3815 694 τὸν

555 751 610 798 et
640 758 671 796 a
709 742 829 796 loco
855 740 913 794 in
969 737 1148 792 locum
1171 735 1456 806 migrabat.
1490 734 1651 790 Certe
1687 732 1741 789 id
1771 747 1830 788 se
1856 738 2007 788 recte
2026 730 2129 785 ha-

2234 730 2356 786 νοῦν
2385 733 2443 785 ὲν
2471 731 2549 803 τῷ
2569 731 2711 802 λόγῳ
2731 729 2926 801 τούτῳ,
2952 731 3035 783 ὅτι
3060 729 3153 784 τοῦ
3181 730 3317 784 Θεοῦ
3337 730 3511 800 Λόγου
3538 727 3814 801 πανταχοῦ

554 837 668 891 bet.
1250 868 1253 871 ς
1309 850 1315 856 ·
2233 822 2520 894 παρόντος,
2545 822 2704 892 δῆλον
2736 823 2817 876 ὅτι
2843 821 2932 875 διά
2957 821 3055 894 τὴν
3086 821 3265 893 σάρκα
3308 819 3495 889 εἶπεν,
3532 841 3550 874 ι
3602 823 3660 875 '0
3700 821 3815 874 Πα-

553 933 657 1004 τήρ
687 948 807 1003 μου,
841 934 871 985 6
899 928 1119 1001 πέμψας
1144 945 1232 999 με,
1263 925 1463 998 μείζων
1492 942 1593 996 μου
1626 923 1794 988 ἐστίν,
1830 941 1849 974 ι
1883 920 1983 994 τὴν
2015 919 2334 992 βαδίζουσαν
2371 919 2468 974 καὶ
2508 919 2807 985 κοπιῶσαν,
2859 920 2955 973 καὶ
2985 918 3093 972 ἀπὸ
3144 918 3316 972 τόπου
3365 921 3445 985 εἰς
3496 919 3662 973 τόπον
3700 917 3818 971 ἓτε-

558 1042 649 1098 ρον
677 1027 1068 1098 πορευομένην.
1108 1023 1347 1095 Ἀληθῶς
1379 1022 1554 1095 ὀρθῶς
1582 1021 1696 1093 ἔχει
1733 1019 1911 1076 τοῦτο.

623 1097 1027 1177 15.ΑιΙι.ί.ῐοιιι
1078 1122 1136 1175 in
1189 1128 1428 1174 mentem
1473 1133 1668 1174 revoca
1718 1116 1867 1188 quod
1921 1112 2132 1178 dixisti,

2314 1104 2402 1159 15.
2451 1101 2569 1156 Ἀθ.
2602 1097 2786 1154 εἶπεν·
2816 1099 3017 1154 Λοιπὸν
3046 1099 3178 1155 λάϐε
3208 1119 3297 1173 μοι
3327 1102 3387 1155 ὲν
3414 1102 3491 1175 νῷ
3524 1104 3584 1158 τὸ
3628 1105 3817 1179 ῥητὸν,

554 1212 725 1269 Deum
757 1212 1001 1269 Verbum
1042 1220 1291 1268 creatum
1337 1227 1481 1267 esse.
1522 1209 1679 1266 Unde
1712 1211 1796 1265 vis
1847 1223 2131 1265 sumamus

2239 1198 2377 1268 ὅπερ
2398 1194 2554 1266 ἔφης,
2583 1193 2667 1246 ὃτι
2687 1194 2716 1245 6
2745 1191 2880 1256 Θεὸς
2903 1192 3075 1261 Λόγος
3098 1192 3342 1265 ἐκτίσθη.
3357 1194 3528 1249 Πόθεν
3562 1196 3818 1267 λάϐωμεν

552 1303 945 1374 initium?Ego
990 1318 1119 1358 vero
1164 1317 1277 1357 non
1329 1302 1505 1356 audeo
1555 1310 1666 1355 tam
1710 1300 1938 1355 ﬁdenter
1980 1298 2130 1367 loqui

2235 1290 2332 1360 τὴν
2362 1288 2572 1359 ἁρχὴν;
2606 1285 2680 1338 Ού
2704 1283 2886 1355 τολμῶ
2906 1282 3079 1349 οὕτως
3094 1285 3313 1355 ἀφόϐως
3327 1286 3659 1357 φθέγγεσθαι
3675 1290 3823 1344 κατά

553 1403 746 1450 contra
776 1402 1039 1449 aeternam
1069 1393 1191 1463 ejus
1215 1391 1719 1448 Filiidivinitatem.
1748 1391 1848 1449 Ar.
1881 1391 1996 1463 Ego
2013 1392 2134 1461 qui-

2234 1380 2335 1450 τῆς
2356 1379 2525 1433 ἀῖδίου
2555 1376 2806 1448 θεότητος
2829 1374 2920 1429 τοῦ
2949 1375 3081 1429 Υἱοῦ
3115 1378 3280 1431 αὐτοῦ
3302 1378 3435 1451 (84).
3467 1382 3597 1449 "Ap.
3625 1377 3780 1438 εἷπεν
3798 1400 3812 1413 ·

551 1488 676 1542 dem
709 1486 764 1541 id
797 1502 865 1542 ex
892 1483 1194 1555 Scripturis
1221 1484 1394 1554 probo
1428 1503 1440 1537 :
1471 1490 1532 1537 tu
1560 1498 1691 1538 vero
1722 1481 1996 1536 undenam
2032 1482 2133 1535 ha-

2252 1468 2396 1540 Ἐγὼ
2427 1469 2524 1540 μὲν
2542 1467 2652 1521 ἀπὸ
2680 1466 2788 1519 τῶν
2812 1465 3042 1539 Γραφῶν
3067 1466 3225 1520 τοῦτο
3248 1468 3392 1538 λέγω
3415 1486 3431 1502 ο
3466 1471 3532 1523 σὺ
3565 1471 3624 1524 δὲ
3650 1471 3819 1527 πόθεν

552 1577 652 1631 bes
678 1574 878 1631 Filium
911 1553 1176 1629 aeternum
1200 1553 1325 1628 esse
1347 1573 1371 1627 ?
1391 1571 1515 1627 ΑιΙι.
1535 1570 1648 1641 Ego
1672 1586 1737 1624 ex
1768 1569 1925 1624 libris
1949 1568 2135 1622 divino

2236 1561 2407 1617 ἀΐδιον
2431 1559 2610 1628 λέγεις
2637 1558 2729 1611 τὸν
2762 1557 2920 1624 Υίόν;
2962 1559 3082 1614 Ἀθ.
3116 1553 3303 1613 εἶπεν*
3359 1559 3491 1613 Ἀπὸ
3541 1560 3649 1616 τῶν
3702 1562 3821 1617 θεο-

552 1664 736 1720 amatu
771 1664 996 1735 scriptis
1026 1663 1192 1719 didici
1220 1670 1484 1717 aeternum
1515 1676 1639 1717 esse
1662 1659 1758 1715 Dei
1792 1658 2130 1713 Filium..4r.

2236 1654 2517 1708 πνεύστων
2534 1649 2767 1722 Γραφῶν
2792 1649 3016 1721 ἔμαθον,
3055 1651 3137 1703 ὅτι
3162 1650 3331 1715 ἀΐδιός
3362 1652 3508 1705 ἐστιν
3529 1654 3557 1705 6
3580 1653 3708 1718 Υἱὸς
3722 1652 3821 1708 τοῦ

553 1756 815 1823 Quaenam
844 1754 1146 1826 Scriptum
1193 1753 1393 1809 docent
1422 1759 1686 1807 aeternum
1728 1765 1851 1806 esse
1898 1747 2135 1802 Filium?

2234 1744 2391 1800 Θεοῦ.
2426 1745 2556 1812 "Ap.
2579 1735 2764 1796 εἶπεν*
2798 1742 2956 1795 Ποῖαί
2982 1743 3121 1794 εἰσιν
3141 1742 3196 1795 αἱ
3224 1742 3459 1814 Γραφαὶ,
3490 1744 3546 1798 αἱ
3580 1744 3818 1813 φάο-κου-

551 1848 681 1904 Atii.
740 1847 1146 1904 Celeberrimus
1186 1846 1390 1901 Paulus
1449 1846 1505 1900 in
1555 1844 1793 1899 medium
1845 1841 2131 1913 prodiens,

551 1940 839 1996 veritatem
866 1954 969 1995 suo
1009 1939 1325 1994 testimonio
1372 1936 1740 1993 conﬁrmabit.
1778 1952 1796 1986 ‹
1835 1934 2134 1990 lnvisibilia

550 2032 697 2087 enim
722 2031 917 2102 ipsius,
961 2030 1163 2101 inquit,
1223 2046 1290 2086 ex
1348 2029 1628 2085 creatione
1649 2027 1861 2086 mundi.
1920 2042 2018 2096 per
2044 2041 2135 2081 res

550 2126 728 2180 factas
758 2120 1037 2180 intellecta
1060 2122 1503 2193 conspiciuntur,
1544 2119 1989 2190 sempiternaque
2012 2118 2134 2187 ejus

548 2215 748 2281 virtus,
780 2221 835 2269 et
863 2213 1124 2270 divinitas
1164 2233 1178 2268 :
1209 2220 1270 2268 ut
1298 2212 1410 2269 sint
1433 2212 1539 2284 ipsi
1563 2210 1986 2273 inexcusabiles,
2005 2210 2135 2280 quia

548 2323 673 2363 cum
701 2306 870 2363 Deum
903 2307 1312 2377 cognovissent,
1347 2322 1456 2361 non
1480 2305 1623 2361 sicut
1658 2303 1829 2358 Deum
1862 2303 2136 2373 gloriﬁca-

546 2409 766 2463 verunt,
800 2406 895 2452 aut
919 2400 1130 2469 gratias
1177 2407 1405 2470 egerunt
1431 2400 1498 2454 ¹⁹.
1535 2416 1555 2449 ι
1588 2397 1685 2452 Ar.
1716 2395 1844 2450 Haec
1880 2396 1948 2450 de
1970 2394 2135 2451 Patre

547 2492 686 2548 dicit
718 2490 1026 2561 Scriptura.
1061 2492 1186 2544 Ath.
1222 2489 1414 2546 Nonne
1457 2490 1652 2545 beatus
1679 2488 1884 2545 Paulus
1914 2503 2011 2544 eos
2045 2504 2135 2543 ar-

549 2585 687 2656 guit,
716 2585 813 2654 qui
848 2583 1015 2639 Deum
1046 2583 1142 2639 Dei
1177 2581 1378 2638 Filium
1414 2598 1513 2653 per
1536 2598 1740 2652 corpus
1778 2589 2131 2652 apparentem

549 2692 664 2731 non
700 2685 1091 2747 cognoverant,
1122 2690 1225 2730 nec
1270 2676 1659 2750 sempiternam
1717 2674 1839 2742 ejus
1870 2672 2133 2728 divinita-

549 2773 683 2829 tem,
715 2767 810 2836 qui
856 2756 1542 2821 universum‘adornavit?
1586 2762 1869 2834 Siquidem
1909 2779 1977 2819 ex
2015 2777 2133 2818 ma-

549 2858 839 2929 gnitudine
889 2864 943 2911 et
971 2856 1383 2928 pulchritudine
1412 2871 1598 2911 rerum
1633 2864 1965 2923 creatarum,
1992 2872 2131 2913 con-

547 2952 834 3008 venienter
866 2953 1147 3023 cognosci,
1177 2966 1301 3006 cum
1363 2952 1666 3023 gratiarum
1708 2952 1925 3009 actione
1972 2951 2133 3008 debet

549 3040 784 3097 Creator
813 3043 880 3097 ³ο.
914 3040 1263 3097 Manifestum
1290 3047 1375 3097 est
1412 3048 1593 3096 autem
1620 3040 1804 3095 omnia
1839 3052 1960 3109 quae
1987 3036 2131 3092 facta

550 3149 681 3189 sunt
716 3150 812 3206 per
851 3133 1092 3190 Verbum
1120 3134 1262 3189 facta
1296 3149 1438 3199 esse,
1463 3134 1712 3203 nihilque
1741 3133 1859 3188 sine
1878 3130 1974 3186 illo
2004 3143 2129 3185 esse
2160 3114 2202 3173 (ἶ

550 3226 777 3281 factum.
808 3227 1156 3297 Quapropter
1183 3226 1412 3282 deberes
1438 3232 1498 3279 tu
1528 3240 1747 3297 quoque
1778 3239 1846 3279 ex
1867 3221 2133 3293 praeclara

550 3320 947 3375 elementorum
967 3319 1439 3388 coagmentatione
1463 3316 1781 3372 Creatorem
1806 3312 2136 3369 convenien-

548 3418 636 3466 ter
664 3411 991 3480 intelligere,
1018 3419 1179 3480 teque
1215 3410 1294 3465 tui
1339 3410 1515 3480 ipsius
1552 3424 1663 3463 non
1695 3407 1943 3478 ignarum
1986 3420 2130 3469 esse,

549 3502 944 3573 percipereque
1001 3501 1267 3556 mundum
1307 3500 1497 3556 aeterni
1525 3499 1619 3554 Dei
1674 3514 1812 3570 Opus
1855 3513 1999 3562 esse,
2031 3511 2134 3552 nec

548 3596 799 3665 potuisse
842 3600 1085 3650 creatam
1146 3601 1404 3649 naturam
1468 3600 1684 3647 tantum
1739 3606 1879 3662 opus
1925 3588 2134 3662 produ-

545 3701 697 3743 cere.
1726 3748 1732 3753 .

617 3779 706 3833 u.
734 3777 831 3833 Ar.
856 3777 1009 3845 Esto,
1042 3777 1115 3833 sit
1148 3787 1388 3835 aeternus
1417 3776 1592 3833 Filius
1627 3796 1641 3831 :
1678 3776 1771 3832 sed
1809 3776 1876 3831 ab
1907 3775 2133 3832 eterni-

542 3878 656 3926 tate
694 3879 937 3935 creatus,
967 3871 1329 3926 aeternitatem
1361 3872 1590 3925 obtinet.
1614 3870 1739 3924 Alli.
1786 3868 1844 3923 Si
1890 3878 2131 3925 aeternus

541 3970 628 4017 est
652 3961 848 4027 Filius,
874 3978 984 4016 non
1016 3971 1101 4018 est
1148 3978 1239 4017 res
1275 3970 1458 4019 creata
1496 3981 1508 4017 :
1538 3962 1682 4033 quod
1715 3963 1761 4017 si
1794 3977 1884 4017 res
1919 3972 2127 4025 creata,

540 4069 656 4109 non
686 4065 771 4109 est
797 4062 1062 4109 aeternus.
1099 4054 1195 4108 Ar.
1226 4053 1368 4108 Num
1403 4056 1520 4109 haec
1557 4069 1658 4125 ego
1695 4070 1763 4110 ex
1796 4053 2018 4125 propria
2052 4054 2131 4107 lo-

2239 1857 2330 1894 σαι
2379 1838 2548 1893 ἀΐδιον
2590 1836 2680 1890 τὸν
2715 1835 2874 1901 Υἱόν;
2920 1837 3038 1890 Ἀθ.
3064 1831 3218 1889 εἶπεν
3240 1852 3253 1865 ο
3297 1836 3496 1891 Ἐλθὼν
3521 1839 3549 1890 6
3574 1838 3818 1910 ἀοίδιμος

2234 1931 2447 1996 Παῦλος
2483 1929 2820 2002 μαρτυρήσει
2861 1930 2928 1999 τῇ
2984 1927 3245 2000 ἀληθείᾳ’
3281 1947 3300 1980 ι
3335 1928 3416 1982 Τὰ
3458 1929 3567 2002 γὰρ
3608 1930 3820 2002 ἀόρατα

2235 2023 2425 2086 αὐτοῦ,
2467 2022 2656 2094 φησὶν,
2702 2019 2819 2073 ἀπὸ
2840 2019 3071 2084 κτίσεως
3119 2020 3325 2092 κόσμου
3381 2024 3494 2086 τοῖς
3546 2024 3820 2095 ποιήμασι

2233 2115 2500 2187 νοούμενα
2527 2110 2851 2183 καθορᾶται,
2882 2111 2917 2181 ἦ
2946 2127 3005 2163 τε
3048 2112 3218 2177 ἀΐδιος
3256 2112 3421 2167 αὐτοῦ
3446 2113 3680 2185 δύναμις
3717 2115 3816 2168 καὶ

2235 2207 2446 2278 θειότης
2465 2204 2597 2278 (85),
2631 2202 2711 2265 είς
2732 2202 2793 2256 τὸ
2825 2198 2962 2257 εἶναι
2986 2203 3181 2269 αὐτοὺς
3203 2204 3664 2278 ἀναπολογήτους,
3686 2206 3819 2261 διότι

2233 2300 2454 2369 γνόντες
2495 2298 2586 2354 τὸν
2615 2301 2769 2366 Θεὸν,
2800 2298 2897 2370 οὐχ
2928 2299 3005 2364 ὡς
3031 2298 3164 2352 Θεὸν
3198 2296 3478 2364 ἐδόξασαν,
3524 2298 3557 2365 ἢ
3590 2298 3825 2370 ηὐχαρί-

2236 2408 2459 2463 στησαν.
2521 2412 2541 2446 ι
2587 2394 2706 2462 Ἀρ.
2762 2387 2949 2447 εἶπεν·
2984 2391 3121 2464 Περὶ
3200 2390 3294 2443 τοῦ
3377 2389 3592 2463 Πατρὸς
3667 2388 3827 2460 λέγει

2234 2483 2395 2537 τοῦτο
2442 2487 2476 2557 ἡ
2525 2485 2736 2558 Γραφή.
2800 2487 2910 2542 Ἀθ.
2967 2481 3157 2538 εἶπεν·
3215 2483 3424 2537 υύκοῦν
3484 2485 3512 2537 6
3549 2482 3822 2555 μακάριος

2236 2575 2536 2641 ἀπόστολος
2566 2577 2792 2642 ,Παῦλος
2849 2566 3089 2631 αὶτῖἄται
3132 2576 3260 2640 τοὺς
3320 2576 3383 2629 τὸ
3425 2574 3516 2629 διὰ
3561 2573 3823 2647 σώματος

2234 2669 2566 2738 ἐπιφανέντα
2591 2668 2722 2723 Θεὸν
2759 2668 2887 2723 Υἱὸν
2929 2667 3065 2722 Θεοῦ
3110 2667 3184 2739 μὴ
3225 2666 3609 2737 ὲπεγνωκότας
3648 2666 3820 2720 ἀΐδιον

2235 2760 2464 2832 θεότητα
2498 2760 2684 2827 αὑτοῦ,
2714 2761 2807 2814 τοῦ
2837 2761 2898 2814 τὸ
2927 2762 3036 2814 πᾶν
3081 2759 3577 2831 διακοσμήσαντος;
3608 2759 3675 2812 ὲκ
3710 2757 3820 2830 γὰρ

2238 2852 2501 2923 μεγέθους
2534 2855 2629 2908 καὶ
2653 2852 2918 2924 καλλονῆς
2955 2852 3270 2923 κτισμάτων
3316 2850 3593 2920 ἀναλόγως
3616 2849 3700 2903 δεῖ
3728 2852 3820 2904 τὸν

2233 2943 2561 3016 δημιουργὸν
2589 2945 2967 3019 γνωρισθέντα
2986 2944 3466 3018 εὐχαριπηθῆναι.
3498 2942 3738 3014 Φανερὸν
3763 2942 3821 2997 δέ

2235 3038 2382 3092 ἐστιν
2414 3038 2524 3111 (86)
2554 3040 2636 3093 ὃτι
2682 3040 2860 3094 πάντα
2884 3039 2975 3092 διὰ
3002 3037 3098 3093 τοῦ
3131 3039 3305 3107 Λόγου
3352 3038 3423 3093 τὰ
3474 3037 3821 3110 γεγενημένα

2237 3128 2449 3197 γέγονε,
2483 3130 2580 3184 καὶ
2622 3132 2791 3202 χωρὶς
2819 3129 2982 3184 αὐτοῦ
3016 3131 3239 3200 γέγονεν
3284 3129 3408 3183 οὐδὲ
3437 3129 3496 3183 ἓν
3518 3145 3533 3158 ’
3570 3129 3679 3183 ἔδει
3725 3124 3820 3183 οὖν

2238 3222 2332 3275 καὶ
2375 3222 2434 3276 σὲ
2472 3225 2538 3276 ὲκ
2585 3223 2687 3293 τῆς
2728 3222 2837 3276 τῶν
2872 3222 3150 3294 στοιχείων
3194 3222 3445 3294 ἐναρέτου
3489 3220 3821 3293 συμπήξεως

2235 3313 2658 3383 ἀναλογίσασθαι
2682 3313 2775 3367 τὸν
2801 3313 3130 3386 δημιουργὸν
3154 3313 3455 3384 ἀναλόγως,
3494 3315 3588 3367 καὶ
3621 3312 3818 3368 σαυτοῦ

2236 3407 2581 3478 ὲπιγνὼμονα
2605 3405 2878 3477 γενέσθαι,
2902 3407 2982 3459 ὅτι
3008 3406 3177 3459 ἀϊδίου
3208 3404 3344 3459 Θεοῦ
3377 3405 3635 3475 τυγχάνει
3661 3405 3819 3477 ἔργον

2233 3502 2263 3554 6
2291 3500 2515 3571 κόσμος,
2545 3500 2607 3553 ού
2639 3499 2865 3569 κτιστῆς
2886 3498 2943 3553 δὲ
2969 3497 3202 3569 φύσεως,
3231 3501 3306 3570 μὴ
3325 3497 3629 3571 δυναμένης
3647 3500 3821 3571 ἐπαρ-

2235 3594 2393 3647 κέσαι
2419 3591 2656 3646 τοσαῦτα
2683 3592 2836 3665 δρᾷν.

2307 3774 2396 3827 id.
2432 3776 2552 3843 "Ap.
2602 3768 2787 3827 εἶπεν·
2827 3775 3010 3828 Ἔστω
3054 3774 3223 3838 ἀΐδιος
3270 3777 3299 3829 6
3355 3774 3504 3838 Υἱὸς,
3546 3773 3684 3828 ἀλλά
3726 3775 3819 3828 καὶ

2234 3864 2417 3926 ἀῖδίως
2444 3863 2685 3929 κτισθεὶς
2712 3863 2822 3936 ἔχει
2852 3864 2915 3917 τὸ
2964 3865 3154 3919 ἀΐδιον.
3192 3867 3308 3921 Ἀθ.
3334 3863 3490 3920 εἶπεν
3512 3882 3527 3898 ⁸
3553 3868 3617 3919 Et
3647 3865 3818 3928 ἀΐδιός

2232 3955 2380 4010 ἐστιν
2430 3959 2460 4010 6
2492 3957 2640 4021 Υἱὸς,
2680 3958 2780 4011 οὐκ
2818 3953 2887 4029 ἦν
2934 3958 3175 4030 κτίσμα·
3238 3959 3286 4011 εἰ
3333 3958 3392 4011 δὲ
3436 3957 3643 4029 κτίσμα
3688 3975 3819 4027 τυγ-

2232 4049 2407 4119 χάνει,
2439 4049 2540 4102 οὐκ
2571 4045 2640 4121 ἦν
2696 4049 2885 4114 ἀΐδιος.
2918 4052 3047 4120 Ἀρ.
3086 4045 3273 4104 εἶπεν
3308 4048 3403 4121 Μὴ
3448 4048 3559 4122 γὰρ
3601 4049 3715 4119 ἐγὼ
3757 4049 3819 4115 ἐξ

2232 4142 2437 4206 οἰκείας
2461 4142 2745 4207 αύθεντίας
2775 4143 2884 4214 (87)
2916 4144 3088 4198 ταῦτά
3119 4160 3292 4216 φημι)
3322 4146 3351 4198 6
3375 4144 3504 4207 Υἱὸς
3529 4140 3705 4211 εἶπεν,
3735 4145 3817 4200 ὅτι

2233 4233 2448 4305 πρῶτον
2484 4234 2702 4288 πάντων
2750 4234 2961 4290 ἔκτισεν
2988 4235 3150 4290 αὐτὸν
3197 4238 3226 4289 6
3283 4235 3435 4299 Θεός.
3474 4236 3595 4289 Ἀθ.
3629 4234 3811 4289 εἴην·

541 4158 684 4212 quor
711 4142 1073 4198 auctoritate?
1100 4142 1269 4199 Filius
1309 4146 1428 4215 ipse
1472 4145 1548 4198 ait
1580 4160 1638 4200 se
1665 4160 1696 4198 a
1729 4144 1840 4201 Deo
1890 4146 2128 4215 primum

542 4233 788 4289 omnium
837 4242 1082 4289 creatum
1131 4251 1272 4290 esse.
1318 4235 1443 4289 Atii.
1485 4236 1677 4292 Tibine
1725 4238 1829 4293 soli
1863 4253 1930 4290 an
1961 4236 2128 4291 etiam

545 4324 670 4380 aliis
718 4326 1021 4381 revelatum
1045 4334 1127 4382 est
1159 4328 1262 4382 hoc
1299 4329 1455 4399 163
1485 4327 1611 4383 Filii
1640 4329 1733 4384 Dei
1768 4326 2128 4401 mysterium?

2235 4324 2404 4377 Τοῦτό
2430 4342 2513 4378 σοι
2562 4325 2711 4398 μόνῳ
2740 4327 3127 4398 ἀπεκαλύφθη,
3161 4328 3194 4399 ἢ
3239 4329 3331 4381 καὶ
3370 4326 3551 4391 ἄλλοις
3580 4327 3642 4380 τὸ
3684 4329 3814 4401 περὶ

543 4415 640 4470 Ar.
693 4415 815 4471 Non
864 4418 1111 4473 omnium
1150 4428 1234 4476 est
1296 4420 1428 4476 ﬁdes
1468 4420 1535 4475 “.
1583 4420 1973 4477 Verumtamen
2012 4435 2125 4475 non

2234 4414 2326 4469 τοῦ
2361 4415 2491 4469 Υἱοῦ
2526 4416 2660 4470 Θεοῦ
2694 4420 3026 4491 μυστήριον;
3066 4422 3193 4488 Ἀρ.
3227 4418 3406 4473 εἶπεν·
3433 4438 3451 4469 ι
3484 4419 3558 4472 Ού
3598 4420 3815 4474 πάντων

541 4507 680 4563 mihi
702 4510 827 4575 soli,
856 4510 952 4565 sed
975 4510 1139 4565 etiam
1174 4511 1294 4567 aliis
1324 4511 1543 4583 cognita
1572 4520 1657 4567 est
1688 4512 1803 4565 haec
1829 4509 2124 4565 ﬁdes.Ath.

2234 4513 2264 4583 ἡ
2299 4510 2508 4574 πίστις·
2546 4482 2807 4583 πλὴν-οὐκ
2826 4482 2950 4582 ἐμοὶ
3163 4512 3297 4566 ἀλλά
3324 4511 3416 4565 καὶ
3449 4510 3657 4583 ἑτέροις
3687 4513 3816 4566 πολ-

543 4600 834 4655 Undenam
869 4601 1026 4655 vobis
1067 4617 1129 4656 ea
1156 4601 1400 4656 revelata
1457 4602 1575 4656 est?
1624 4600 1702 4654 Ex
1738 4599 1851 4654 Deo
1876 4640 1891 4665 ,
1943 4614 2012 4653 an
2063 4613 2131 4653 ex

2234 4602 2339 4667 λοῖς
2367 4603 2671 4676 ἐγνωρίσθη
2695 4606 2729 4675 ἡ
2755 4604 2936 4666 πίστις
2960 4602 3118 4674 αὕτη.
3139 4605 3253 4658 Ἀθ.
3279 4599 3429 4656 εἶπεν
3448 4621 3462 4634 ⁸
3490 4602 3663 4657 Πόθεν
3686 4604 3815 4672 ὑμῖν

542 4690 898 4747 hominibus?
944 4694 1043 4747 Ar.
1094 4691 1171 4746 Ex
1200 4692 1332 4748 Deo.
1384 4692 1513 4745 ΛιΙι.
1544 4690 1699 4746 Tune
1738 4690 1857 4760 ipse
1914 4689 2131 4745 auditor

2234 4694 2612 4764 ἀπεκαλύφθη,
2640 4695 2706 4747 ἐκ
2736 4693 2893 4758 Θεοῦ,
2927 4694 2960 4765 ἦ
2997 4694 3056 4759 ἐξ
3088 4694 3425 4766 ἀνθρώπωνς
3463 4696 3592 4762 "Ap.
3624 4691 3809 4748 εἶπεν·

540 4783 717 4848 fuisti,
750 4800 820 4839 an
847 4786 939 4840 alii
972 4787 1069 4842 tibi
1101 4784 1505 4842 narraverunt?
1536 4784 1634 4839 Ar.
1677 4783 1796 4838 Non
1841 4784 1975 4838 mihi
2004 4799 2133 4839 nar-

2243 4786 2337 4839 Ἐκ
2368 4785 2520 4838 Θεοῦ.
2570 4786 2686 4840 Ἀθ.
2711 4781 2861 4839 εἶπεν
2885 4802 2899 4815 ·
2937 4787 3010 4839 Σὺ
3036 4787 3301 4859 αὐτήκοος
3329 4785 3579 4855 γέγονας,
3604 4786 3639 4857 ἢ
3667 4785 3814 4841 ἄλλοι

539 4886 820 4944 raverunt,
840 4879 936 4935 sed
966 4881 1120 4935 multi
1153 4879 1352 4937 sancti.
1373 4878 1429 4932 in
1459 4878 1667 4947 Spiritu
1690 4875 1785 4931 Dei
1820 4877 2130 4945 loquentes,

2234 4893 2316 4929 σοι
2361 4877 2714 4948 ύφηγήσαντο
2747 4876 2876 4949 περὶ
2905 4876 3093 4931 τούτου
3119 4895 3133 4941 ;
3179 4880 3306 4946 "Ap.
3336 4874 3521 4931 εἶπεν·
3550 4878 3667 4932 Ούκ
3690 4878 3815 4949 ἐμοὶ

539 4965 739 5024 Filium
802 4977 1049 5024 creatum
1116 4985 1243 5025 esse
1303 4968 1663 5023 allirmarunt.
1698 4967 1825 5021 Alli.
1887 4966 2125 5033 Quinam

2234 4968 2605 5039 ὑφηγήσαντο,
2662 4967 2797 5022 ἀλλά
2845 4968 3030 5022 πολλοὶ
3060 4969 3202 5038 ἅγιοι
3222 5009 3236 5033 ,
3287 4970 3346 5021 ὲν
3374 4967 3654 5039 Πνεύματι
3678 4968 3813 5023 Θεοῦ

539 5070 667 5116 sunt
689 5060 818 5116 isti?
841 5061 926 5115 An
957 5072 1011 5116 et
1035 5077 1136 5117 nos
1165 5076 1332 5116 nosse
1361 5076 1473 5114 non
1504 5074 1799 5128 possumus
1821 5059 1954 5114 ?Ar.
1977 5058 2121 5115 Tute

2234 5055 2531 5120 λαλοῦντες,
2561 5057 2770 5129 ἔφησαν
2822 5059 2904 5113 ὃτι
2947 5059 3168 5130 ἐκτίσθη
3215 5061 3244 5112 6
3276 5060 3424 5123 Υἱός.
3474 5063 3593 5115 Ἀθ.
3650 5057 3809 5115 εἷπε·

539 5152 658 5221 ipse
682 5155 830 5209 nosti
861 5162 915 5209 et
945 5155 1242 5224 prophetas
1268 5160 1323 5207 et
1359 5151 1642 5221 apostolos
1671 5151 1861 5206 multis
1892 5151 1946 5205 in
1987 5151 2122 5206 locis

2234 5147 2388 5211 Τίνες
2418 5148 2554 5201 εἰσὶν
2597 5143 2778 5216 οὖτοι;
2839 5152 2914 5204 υύ
2938 5151 3212 5222 δυνάμεθα
3242 5151 3445 5220 γνῶναι
3488 5153 3582 5207 καὶ
3612 5154 3811 5224 ἡμεῖςς

541 5244 749 5302 dixisse
777 5247 1059 5303 Christum
1094 5261 1212 5300 rem
1246 5252 1490 5299 creatam
1514 5258 1659 5298 esse.
1687 5242 1813 5297 Ath.
1851 5241 1927 5298 Te
1956 5243 2121 5313 paulo

2234 5243 2359 5310 "Ap.
2400 5238 2583 5296 εἶπεν·
2616 5238 2785 5298 Οἶσθα
2830 5246 2924 5298 καὶ
2967 5244 3150 5307 αὐτὸς,
3186 5244 3271 5297 ὃτι
3295 5245 3391 5298 καὶ
3416 5245 3465 5297 οἱ
3513 5232 3814 5317 προφῆται,

541 5344 667 5391 ante
691 5338 965 5393 dicentem
1015 5337 1199 5392 audivi
1246 5336 1301 5390 id
1350 5351 1380 5388 a
1421 5333 1560 5389 Filio
1591 5333 1796 5390 dictum
1828 5351 1972 5401 esse,
2007 5336 2122 5405 jam

2234 5334 2323 5387 καὶ
2348 5336 2396 5388 οἱ
2421 5336 2707 5391 ἀπόστολοι
2730 5337 2998 5410 ἐλάλησαν
3020 5335 3287 5409 πολλαχοῦ
3303 5330 3419 5408 ζ88)
3437 5335 3527 5390 τὸν
3551 5335 3684 5395 Υἰὸν
3707 5335 3816 5394 κτί-

613 5488 659 5522 ε⁹
697 5489 857 5547 Rom.
894 5506 934 5559 ι,
969 5490 1063 5546 20.-
1137 5488 1185 5523 ³⁸
1225 5490 1354 5560 Sap.
1391 5507 1516 5557 xui,
1549 5491 1601 5545 5.
1680 5491 1785 5563 ειμι
1820 5490 2015 5547 Thess.
2055 5506 2138 5557 ιιι,
2172 5488 2228 5544 2.

2301 5644 2412 5716 (87)
2447 5641 2576 5716 Reg.
2610 5655 2662 5698 et
2691 5646 2824 5716 Aug.
2854 5644 2919 5710 ἐξα
2937 5643 3073 5705 ἰδίας
3099 5641 3216 5695 αύθ.

636 5711 724 5786 ξε)
750 5710 1263 5786 Ιςᾶιθειότης-(Ιθοξι
1300 5714 1352 5786 in
1384 5715 1523 5783 Aug.

2300 5710 2411 5786 (88)
2446 5710 2574 5785 Reg.
2608 5710 2824 5770 anlei'.
2858 5725 2910 5771 ct
2942 5720 3079 5783 Aug.
3115 5711 3411 5782 πανταχοῦ.

637 5641 722 5711 84)
763 5643 899 5711 Aug.
921 5642 1014 5695 τοῦ
1053 5642 1182 5696 Υἱοῦ
1215 5643 1306 5696 τοῦ
1332 5642 1486 5697 Θεοῦ.

610 5637 722 5852 ἑ84)
763 5643 899 5711 Aug.
921 5642 1014 5695 τοῦ
1053 5642 1182 5696 Υἱοῦ
1215 5643 1306 5696 τοῦ
1332 5642 1481 5697 Θεοῦ.

636 5711 724 5780 85)
750 5710 860 5765 Καὶ
882 5712 1093 5783 θειότης
1116 5716 1263 5767 (lecst
1300 5714 1352 5765 in
1384 5715 1481 5782 Aug

637 5780 727 5853 86)
761 5780 898 5853 Aug.
931 5783 1162 5854 φανερὸν
1190 5780 1282 5837 οὖν
1311 5785 1481 5839 ἐστιν.
