4066 6388
240 388 339 443 ιόὅ

1388 378 1811 439 DISPUTATIO
1849 379 2134 438 CONTRA
2170 382 2417 440 ARIUM.

3418 385 3527 443 454

238 520 346 574 σμα
367 497 533 555 εἶναι.
555 502 681 556 Ἀθ.
702 496 854 555 εἶπεν
873 516 888 529 °
916 498 1165 552 Ἤκουσά
1190 514 1283 551 σου
1302 496 1553 566 λέγοντος
1583 498 1689 570 πρὸ
1716 498 1842 571 βρα-

1948 500 2153 557 transis
2183 502 2252 557 ad
2277 503 2572 573 prophetas
2603 512 2658 560 et
2691 504 2989 575 apostolos.
3013 503 3216 560 Verum
3240 504 3350 573 dic,
3375 519 3531 560 ama-

238 596 386 668 χείας
418 592 601 665 ὧρας,
621 594 708 647 ὃτι
733 596 761 649 ὁ
789 592 916 655 Υἱὸς
944 587 1120 645 εἶπεν.
1154 591 1313 661 Ἀρτι
1345 590 1580 660 μετέϐης
1613 592 1693 653 εἰς
1719 592 1847 656 τοὺς

240 689 530 762 προφήτας
561 687 660 741 καὶ
690 685 1041 748 ἀποστόλους.
1064 683 1209 753 Πλὴν
1232 684 1511 753 ὑφήγησαι
1534 685 1687 747 ποῖος
1708 701 1846 755 προ-

243 783 414 853 φήτης
449 778 607 846 ἔλεξε
639 778 820 833 τοιάδε
856 776 984 849 περὶ
1013 776 1241 841 eodem);
1273 776 1399 843 'Ap.
1425 770 1546 828 εἷπε
1566 791 1580 804 ·
1614 776 1724 828 Καὶ
1748 775 1843 829 νῦν

244 890 381 944 φημι
407 872 503 924 τὸν
538 871 676 924 rm
722 870 906 939 λέγειν
954 868 1044 923 διὰ
1070 866 1179 921 τῶν
1224 868 1396 935 ἁγίων
1422 883 1716 937 προφητων
1750 869 1844 921 κα)⁵

241 963 560 1019 ἀποστόλων
611 962 806 1034 ὥσπερ
839 961 934 1015 καὶ
975 959 1064 1033 διά
1114 958 1207 1012 τοῦ
1261 957 1512 1024 Σολομὼν
1562 958 1663 1030 ἔφη
1695 958 1839 1030 (89)·

248 1076 270 1110 ι
290 1056 494 1128 Κύριος
510 1054 704 1109 ἔκτισὲ
723 1071 789 1125 με
804 1053 978 1125 ἀρχὴν
1000 1050 1135 1106 ὁδῶν
1153 1049 1316 1105 αὑτοῦ
1340 1052 1421 1113 εἰς
1443 1049 1579 1121 ἔργα
1598 1048 1785 1103 αὐτοῦ.
1817 1068 1837 1102 ι

257 1151 435 1223 Ὁρᾷς,
469 1151 555 1202 ὅτι
588 1149 700 1219 πρὸ
732 1148 948 1201 πάντων
990 1146 1202 1199 ἔκτισεν
1230 1145 1390 1198 αὑτὸν
1418 1145 1447 1197 ό
1480 1144 1614 1207 Θεὸς
1645 1143 1735 1197 διά
1772 1141 1844 1196 τὰ

240 1243 308 1296 δι’
331 1242 498 1296 αὑτοῦ
555 1241 823 1313 μέλλοντα
849 1238 1096 1310 γίνεσθαι
1132 1237 1288 1311 ἔργα.
1362 1236 1472 1308 (90)
1506 1237 1625 1291 Ἀθ.
1652 1232 1838 1289 εἶπεν

242 1334 450 1387 Οὐκοῦν
482 1335 517 1404 ἡ
547 1331 662 1385 τῶν
696 1332 1013 1402 κτισμάτων
1046 1330 1319 1401 πρόφασις
1347 1329 1497 1382 αίτία
1528 1328 1718 1397 γέγονε
1747 1326 1841 1380 τοῦ

246 1424 531 1495 κτισθῆναι
560 1421 652 1477 τὸν
682 1422 814 1476 Υἱὸν
841 1421 982 1475 κατὰ
1012 1419 1091 1474 σέ.
1130 1421 1249 1487 Ἀρ.
1274 1414 1424 1471 εἶπεν
1445 1435 1457 1448 ’
1491 1417 1676 1481 Οῦτως
1705 1416 1839 1488 ἔχει.

257 1518 372 1571 Ἀθ.
408 1513 568 1569 εἶπεν
588 1533 602 1545 ·
626 1516 775 1586 Ἀρα
799 1509 893 1567 οὖν
920 1512 1015 1565 τοῦ
1046 1511 1183 1565 Θεοῦ
1207 1510 1530 1581 ἐντιμότερα
1552 1509 1621 1562 τὰ
1658 1509 1841 1574 κτιζό-

246 1626 378 1680 μενα
426 1609 560 1680 παρ’
590 1606 794 1671 αὐτοῦ;
849 1605 972 1669 Πῶς
1012 1606 1211 1678 χωρεῖ;
1262 1602 1326 1656 El
1362 1603 1471 1675 γὰρ
1520 1604 1727 1665 ἐκεῖνος
1753 1601 1843 1656 διὰ

240 1699 414 1753 ταῦτα
452 1699 675 1768 γέγονε,
710 1699 805 1752 καὶ
833 1698 932 1752 οὐκ
965 1697 1154 1751 ἐκεῖνα
1201 1695 1290 1750 διὰ
1326 1696 1535 1761 τοῦτον,
1577 1695 1720 1750 κατὰ
1755 1696 1837 1761 σὲ,

238 1792 529 1865 ἀραρότως
569 1790 897 1862 ἐντιμότερα
924 1788 1097 1843 ταῦτα
1143 1787 1392 1841 ἐκείνου⁸
1447 1787 1584 1842 ἀλλὰ
1630 1788 1704 1860 μὴ
1743 1787 1839 1857 γέ·
1883 1816 1890 1823 α

243 1901 383 1937 νοιτο
399 1882 742 1954 οῦτωςήμᾶς
760 1883 1024 1954 φρονῆσαι
1042 1884 1058 1935 ι
1085 1881 1185 1935 Διὰ
1213 1879 1322 1952 γὰρ
1345 1884 1437 1933 τδν
1456 1880 1585 1933 Υίδν
1610 1880 1679 1934 τὰ
1700 1881 1837 1935 πάν·
1867 1865 1911 1921 Β

238 1974 528 2040 τα,καθὼς
555 1974 870 2047 γέγραπται
889 1990 903 2003 ·
927 1973 1207 2045 ιἜπρεπε
1226 1972 1357 2043 γάρ,
1384 1991 1402 2023 ι
1426 1972 1590 2043 φησὶν
1615 1973 1644 2025 ό
1676 1971 1837 2025 Ἀπό-

244 2066 449 2131 στολος,
473 2085 492 2117 ι
522 2066 592 2119 δι’
607 2065 668 2120 ὃν
692 2065 762 2119 τὰ
791 2067 965 2120 πάντα
986 2066 1080 2119 καὶ
1104 2065 1172 2118 δι’
1203 2058 1264 2118 οὗ
1286 2065 1353 2118 τὰ
1384 2065 1583 2130 πάντα,
1608 2063 1837 2128 πολλοὺς

244 2157 490 2221 υίοῦςείς
517 2155 679 2221 δόξαν
701 2157 999 2227 ἀγαγόντα,
1038 2157 1130 2211 τὸν
1160 2157 1403 2229 ἀρχηγὸν
1433 2159 1530 2229 τῆς
1562 2157 1839 2229 σωτηρίας

238 2248 420 2303 αὐτῶν
442 2248 534 2303 διὰ
566 2249 909 2321 παθημάτων
942 2249 1248 2303 τελειῶσαι.
1278 2269 1297 2303 ι

311 2341 402 2396 15.
439 2342 571 2411 Ἀρ.
606 2336 733 2395 εἷπε
753 2358 768 2371 ⁸
803 2339 1086 2411 Σύγγνωθί
1120 2358 1209 2412 μοι
1242 2341 1510 2413 εἰρηκότι,
1539 2341 1621 2394 ὅτι
1651 2338 1743 2393 διά
1765 2339 1837 2394 τὰ

241 2432 377 2505 ἔργα
404 2432 633 2504 ἐκτίσθη
655 2433 685 2486 ό
714 2431 864 2497 Υἱὸς,
898 2432 1037 2503 πλὴν
1069 2433 1151 2487 ὅτι
1184 2430 1411 2502 ἐκτίσθη
1449 2430 1557 2503 πρὸ
1594 2430 1835 2485 πάντων.

258 2528 373 2580 Ἀθ.
391 2520 542 2578 εἷπε·
574 2525 673 2589 Τίς
702 2523 926 2596 ἐκτίσθη
947 2524 1058 2594 (91)
1077 2524 1182 2595 πρὸ
1203 2523 1419 2577 πάντων
1444 2522 1551 2577 τῶν
1578 2522 1841 2594 δημιουρ-

246 2619 542 2691 γημάτων;
574 2620 708 2687 Ἀρ.
728 2613 881 2671 εἶπεν
900 2634 915 2647 ⁸
953 2616 1011 2669 '0
1040 2616 1186 2680 Υἱὸς,
1204 2616 1294 2670 διὰ
1313 2615 1471 2669 τοῦτο
1500 2616 1594 2668 καὶ
1626 2614 1839 2686 πρωτό-

242 2727 395 2774 τοκος
418 2709 863 2778 ἀναγέγραπται.
891 2708 1012 2761 Ἀθ.
1038 2701 1192 2761 εἶπεν
1207 2707 1306 2775 ’λΕῖ
1323 2723 1407 2770 τις
1421 2706 1513 2760 τὸν
1532 2705 1642 2777 (92)
1666 2707 1840 2760 Σατα-

247 2804 339 2855 νᾶν
365 2804 689 2874 προσκυνεῖ,
717 2800 900 2864 καλῶς
917 2798 964 2869 ’ἦ
992 2800 1175 2864 κακῶς
1211 2799 1473 2872 πράττει;
1498 2800 1616 2868 Ἃρ.
1650 2796 1833 2852 εἶπεν·

257 2893 483 2964 Ἀσεϐὴς
510 2894 606 2946 καὶ
634 2891 820 2956 ἄθεος,
866 2892 961 2945 κα)¹
992 2891 1124 2962 μηδὲ
1147 2890 1246 2954 τὰς
1276 2889 1463 2953 κοινὰς
1493 2880 1699 2962 φρένας
1732 2893 1839 2943 σῶ-

242 2985 353 3050 ζων
372 2985 637 3056 τυγχάνει
657 2987 687 3038 ὁ
712 2982 974 3048 τοιοῦτος,
1010 2983 1068 3037 ὃν
1106 2984 1206 3036 οὐκ
1231 2982 1380 3049 ἄξιον
1425 2981 1609 3036 καλεῖν
1631 2981 1840 3053 ἄνθρω-

245 3093 366 3141 πον,
401 3077 518 3130 ἀλλ’
541 3075 933 3146 ἀπάνθρωπον.
976 3076 1097 3129 Ἀθ.
1133 3070 1315 3128 εἶπεν·
1350 3074 1408 3127 '0
1442 3073 1691 3144 Θεὸςίτῷ
1718 3072 1838 3127 Ἰὼϐ

1946 593 2038 657 bo,
2069 595 2194 665 quis
2220 596 2486 665 propheta
2514 612 2579 651 ea
2610 597 2676 653 de
2706 598 2800 652 illo
2832 597 3165 656 dixerit.Ar.
3183 598 3352 670 Atqui
3365 599 3527 656 modo

1947 683 2111 736 etiam
2144 685 2231 738 aio
2267 684 2323 739 id
2367 686 2547 757 ipsum
2589 703 2686 757 per
2716 695 2939 744 sanctos
2970 690 3266 760 prophetas
3298 696 3354 746 et
3394 705 3529 763 apo-

1945 777 2117 832 stolos
2162 775 2361 832 Filium
2404 779 2607 845 dicere,
2641 780 3101 852 quemadmodum
3138 788 3246 853 per
3279 782 3529 840 Salomo-

1944 886 2070 925 nem
2111 872 2227 927 ait:
2270 891 2289 925 ι
2335 872 2602 928 Dominus
2651 876 2861 931 creavit
2916 891 3003 932 me
3056 877 3275 931 initium
3307 879 3524 932 viarum

1945 980 2167 1019 suarum
2206 965 2264 1019 in
2311 981 2477 1036 opera
2518 982 2617 1024 sua
2647 968 2712 1020 ³⁸.
2755 987 2773 1020 ι
2815 966 2978 1024 Vides
3035 967 3204 1025 Deum
3252 976 3379 1025 ante
3432 985 3525 1027 res

1943 1072 2138 1114 omnes
2161 1074 2285 1113 eum
2317 1075 2557 1125 creasse,
2593 1068 2819 1131 propter
2843 1077 3010 1133 opera
3040 1062 3255 1119 scilicet
3285 1079 3405 1134 quae
3424 1079 3525 1133 per

1943 1164 2069 1205 cum
2099 1149 2379 1205 ellicienda
2409 1158 2589 1206 erant.
2618 1151 2743 1205 Ath.
2769 1152 2958 1224 Igitur,
2988 1154 3035 1209 si
3065 1155 3398 1211 credendum
3423 1155 3524 1212 tibi

1942 1252 2048 1306 est,
2091 1258 2181 1298 res
2212 1252 2412 1299 creatae
2446 1259 2617 1300 causa
2651 1246 2805 1301 fuere
2833 1261 2933 1301 cur
2962 1257 3179 1302 creatus
3216 1255 3303 1303 est
3324 1246 3520 1305 Filius.

1941 1334 2040 1388 Ar.
2075 1336 2152 1389 lta
2202 1343 2306 1390 est.
2344 1336 2469 1394 Ath.
2501 1335 2647 1408 Ergo
2676 1352 2764 1393 res
2788 1352 2819 1392 a
2861 1336 2975 1392 Deo
2998 1346 3218 1401 creatae.
3242 1340 3362 1410 ipso
3392 1347 3524 1396 sunt

1942 1427 2336 1498 pretiosiores?
2374 1427 2479 1495 Qui
2533 1429 2588 1483 id
2648 1429 2767 1484 ﬁeri
2825 1430 3045 1499 possit?
3073 1429 3320 1502 Namque
3350 1432 3399 1487 si
3430 1433 3524 1489 ille

1942 1529 2168 1591 propter
2211 1521 2361 1590 ipsas
2401 1521 2585 1577 factus
2619 1522 2854 1586 sit,:non
2885 1537 3015 1576 vero
3041 1522 3174 1592 ipsae
3205 1531 3427 1594 propter
3457 1524 3525 1577 il-

1941 1612 2077 1676 lum,
2115 1620 2173 1665 ut
2201 1620 2386 1682 putas,
2410 1611 2656 1682 profecto
2689 1614 2822 1684 ipsae
2845 1614 2939 1669 illo
2965 1622 3096 1670 sunt
3129 1616 3526 1686 pretiosiores?

1942 1701 2148 1757 Verum
2178 1704 2321 1758 absit
2350 1711 2410 1758 ut
2447 1718 2550 1759 nos
2581 1704 2656 1759 ita
2687 1706 3027 1761 sentiamus!
3056 1704 3302 1776 Namque
3338 1707 3524 1762 omnia

1940 1803 2165 1865 propter
2190 1793 2412 1858 Filium.
2432 1797 2512 1851 uti
2542 1798 2810 1869 scriptum
2840 1804 2958 1854 est:
2980 1817 2999 1851 ι
3028 1799 3269 1855 Decebat
3300 1799 3470 1865 enim,
3498 1818 3518 1852 ι

1939 1888 2118 1959 inquit
2154 1887 2451 1959 Apostolus
2478 1888 2546 1955 ⁸⁸,
2574 1907 2593 1940 ι
2616 1906 2740 1946 eum
2769 1902 2989 1961 prapter
3027 1906 3190 1962 quem
3237 1892 3445 1957 omnia,
3469 1900 3526 1947 et

1939 1994 2038 2050 per
2068 1994 2230 2049 quem
2282 1978 2489 2044 omnia,
2520 1980 2614 2050 qui
2655 1980 2858 2036 multos
2899 1980 3041 2038 ﬁlios
3071 1982 3127 2036 in
3163 1982 3392 2053 gloriam
3424 1984 3525 2038 ad-

1939 2073 2189 2137 duxerat,
2237 2079 2522 2128 auctorem
2572 2072 2770 2129 salutis
2809 2088 3000 2129 eorum
3052 2075 3339 2144 passiones
3387 2089 3523 2129 con-

1938 2178 2237 2221 summare.
2270 2182 2289 2216 ι

2010 2341 2099 2399 15.
2125 2342 2220 2397 Ar.
2252 2340 2477 2413 Ignosce
2503 2340 2657 2402 mihi.
2687 2341 2781 2412 qui
2803 2340 3038 2396 dixerim
3060 2339 3260 2397 Filium
3293 2346 3523 2413 propter

1937 2448 2103 2505 opera
2123 2441 2366 2489 creatum
2391 2431 2582 2489 fuisse.
2608 2430 2998 2488 Verumtamen
3020 2442 3149 2489 ante
3169 2434 3352 2489 omnia
3373 2448 3525 2490 crea-

1937 2529 2028 2578 tus
2055 2528 2161 2576 est.
2196 2521 2323 2576 Atla.
2362 2519 2499 2587 Quis
2543 2529 2672 2577 ante
2698 2523 2884 2577 omnia
2933 2537 3100 2593 opera
3147 2532 3367 2580 creatus
3398 2526 3524 2582 est?

1938 2616 2035 2669 Ar.
2068 2613 2293 2671 Filius:
2332 2630 2500 2686 quam
2547 2615 2620 2671 ob
2672 2630 2893 2671 causam
2949 2616 3347 2688 primogenitus
3395 2633 3523 2676 esse

1937 2708 2219 2764 scribitur.
2271 2707 2401 2763 Atla.
2452 2705 2510 2762 Si
2561 2708 2686 2779 quis
2734 2706 2996 2764 Satanam
3044 2708 3254 2773 adoret,
3297 2717 3522 2768 rectene

1938 2814 2009 2854 an
2062 2799 2204 2854 male
2250 2798 2401 2871 agit?
2458 2798 2555 2854 Ar.
2591 2797 2798 2869 Impius
2838 2798 3150 2855 censendus
3202 2800 3295 2854 ille
3338 2806 3424 2855 est
3464 2806 3522 2855 et

1937 2891 2154 2957 atheus,
2188 2906 2292 2948 nec
2318 2906 2641 2947 communes
2671 2906 2869 2947 sensus
2914 2890 3136 2955 habere,
3173 2890 3267 2961 qui
3304 2907 3407 2947 nec
3435 2891 3523 2946 di-

1937 3001 2078 3058 gnus
2146 2985 2219 3040 sit
2262 2985 2426 3039 homo
2474 2984 2775 3056 appellari,
2828 2983 2925 3041 sed
2976 2983 3330 3039 inhumanus.
3388 2983 3517 3041 ΑιΙι.

1938 3078 2084 3135 Deus
2115 3078 2220 3134 Job
2254 3078 2595 3149 respondens
2635 3080 2712 3131 ita
2762 3077 2829 3133 de
2865 3076 3066 3131 Satana
3116 3076 3332 3133 locutus
3378 3085 3465 3132 est
3500 3091 3515 3129 :

244 3166 624 3241 χρηματίζων,
652 3167 831 3231 οὕτως
855 3167 957 3238 ἔφη
991 3167 1120 3238 περὶ
1144 3167 1238 3221 τοῦ
1272 3168 1508 3231 Σατανᾶ,
1535 3166 1835 3221 τουτέστινο

1945 3189 1964 3222 ι
1995 3169 2115 3242 lpse
2141 3178 2224 3226 est
2252 3169 2580 3241 principium
2612 3168 2855 3240 ligmenti
2881 3167 3119 3233 Domini,
3151 3168 3329 3224 factus
3360 3176 3420 3225 ut
3451 3168 3521 3229 il.

253 3282 270 3311 ο
292 3258 462 3331 Ἀρχὴ
489 3259 817 3330 πλάσματος
843 3258 1047 3329 Κυρίου
1076 3257 1415 3330 πεποιημένη
1437 3257 1548 3329 (95)
1576 3257 1839 3329 ἐμπαίζε-

248 3352 370 3406 οθαι
405 3351 513 3404 ὑπὸ
546 3350 659 3404 τῶν
690 3348 939 3417 ἀγγέλων
968 3364 1089 3419 μου.
1120 3367 1140 3399 ι
1165 3348 1238 3400 Σὺ
1268 3343 1362 3401 οὖν
1393 3348 1455 3401 τὸ
1484 3347 1697 3418 πρῶτον
1727 3345 1843 3400 ποία

1948 3263 2227 3318 luderetur
2273 3262 2344 3317 ab
2375 3261 2581 3331 angelis
2620 3261 2759 3316 meis
2792 3260 2860 3314 “.
2895 3279 2914 3313 ι
2955 3259 3037 3315 Tu
3087 3260 3253 3331 igitur
3284 3259 3518 3331 primam

1945 3366 2059 3407 rem
2093 3350 2294 3404 factam
2325 3349 2584 3413 adorans,
2623 3346 2881 3403 Satanam
2930 3347 3150 3413 adoras,
3188 3356 3248 3403 ut
3279 3347 3522 3403 ostendi-

245 3460 361 3513 ημα
384 3441 734 3514 προσκυνῶν,
755 3440 846 3493 τὸν
870 3441 1111 3493 Σατανᾶν
1132 3441 1475 3511 προσκυνεῖς,
1493 3436 1675 3503 καθὼς
1705 3454 1842 3510 παρ-

1943 3459 2085 3498 mus.
2112 3442 2267 3509 Quod
2310 3442 2354 3499 si
2392 3441 2529 3497 velis
2570 3439 2900 3495 contendere
2936 3439 3073 3495 Filio
3117 3438 3269 3510 prius
3311 3439 3520 3494 factum

243 3537 475 3607 ἔστησεν
515 3535 545 3586 ὁ
589 3533 772 3601 λόγος.
817 3532 944 3585 Ἐὰν
968 3532 1026 3584 δὲ
1065 3530 1389 3601 σοφίσασθαι
1424 3530 1729 3601 θελήσειας,
1759 3531 1840 3583 ὅτι

243 3628 337 3682 τοῦ
376 3626 512 3682 Υίοῦ
570 3626 841 3697 πρότερον
888 3625 1100 3696 ποίημά
1140 3627 1289 3677 ἐστιν
1336 3626 1365 3677 ὁ
1410 3624 1675 3686 Σατανᾶς,
1733 3622 1842 3693 ἄρα

244 3720 620 3793 πρεσϐύτερον
657 3718 822 3772 αὑτὸν
853 3721 958 3791 φῂς
988 3718 1101 3789 (94)
1153 3716 1248 3769 τοῦ
1294 3716 1449 3785 ἁγίου
1492 3712 1838 3785 Πνεῦματοςς

244 3814 386 3866 οὕτω
419 3815 533 3884 γὰρ
570 3811 782 3884 ὡρίσω,
818 3811 909 3863 τὸν
952 3812 1049 3882 μὲν
1082 3809 1210 3863 Υἱὸν
1245 3808 1350 3861 ὑπὸ
1381 3806 1479 3861 τοῦ
1510 3806 1644 3859 Θεοῦ
1693 3804 1839 3858 ἐκτί-

247 3905 400 3958 σθαι·
428 3905 493 3958 τὺ
527 3905 587 3958 δὲ
624 3903 853 3973 Πνεῦμα
885 3903 991 3957 ὑπὸ
1015 3902 1108 3955 τοῦ
1139 3900 1275 3954 Υίοῦ
1308 3898 1638 3969 γεγενῆσθαι
1662 3897 1838 3951 διεϐε-

240 3996 485 4052 ϐαιὼσω.
530 3997 662 4064 Ἀρ.
722 3990 910 4047 εἶπεν“
974 3994 1038 4047 Ἦ
1065 3992 1291 4065 ἀλήθειά
1348 4009 1415 4064 με
1486 3992 1836 4064 περιγράφει,

241 4092 338 4143 καὶ
361 4092 422 4143 οὐ
449 4088 535 4142 σύ.
562 4088 711 4160 Πλὴν
735 4086 922 4159 ἐπειδὴ
951 4086 1254 4156 συνήγαγὲς
1286 4102 1351 4157 με
1378 4087 1436 4138 ὲν
1463 4083 1656 4153 τούτῳ,
1684 4083 1838 4153 κάγώ

245 4199 302 4235 σε
338 4181 680 4255 περικλείσω
713 4182 773 4233 ὲν
802 4181 923 4241 ταῖς
952 4177 1174 4240 πολλαῖς
1216 4175 1561 4248 μαρτυρίαις,
1596 4178 1715 4238 ταῖς
1743 4191 1841 4245 φα-

243 4273 506 4337 σκούσαις
539 4274 623 4326 ὅτι
656 4271 866 4341 κτίσμα
905 4272 1051 4323 ἐστὶν
1081 4269 1111 4321 ό
1152 4268 1300 4332 Υἱός.
1340 4269 1460 4322 Ἀθ.
1511 4262 1630 4319 εἷπε
1654 4283 1667 4297 ο
1698 4266 1838 4337 Πρό-

242 4383 373 4438 φερε
400 4368 469 4418 ὲκ
494 4364 588 4417 τοῦ
616 4361 896 4433 θησαυροῦ
922 4361 991 4415 τὰ
1013 4357 1595 4431 άποτεθησαυρισμένα
1618 4356 1722 4410 ὑπὸ
1741 4356 1834 4410 τοῦ

244 4457 454 4531 πατρός
478 4474 596 4510 σου.
622 4456 756 4524 Ἀρ.
784 4454 938 4508 εἶπεν
958 4470 972 4484 ·
1004 4453 1169 4524 Ἐμὸς
1193 4452 1377 4523 πατήρ
1403 4453 1572 4514 ἐστιν,
1594 4450 1653 4504 ὃν
1676 4466 1837 4519 προσ.

1941 3551 2064 3591 esse
2093 3533 2351 3589 Satanam
2391 3553 2403 3588 :
2444 3549 2569 3590 eum
2598 3549 2730 3603 ergo
2759 3539 2954 3588 sancto
2986 3530 3195 3601 Spiritu
3239 3532 3516 3586 seniorem

1941 3627 2115 3681 facis?
2138 3626 2230 3680 Sic
2252 3626 2398 3680 enim
2423 3626 2683 3692 statuisti,
2707 3622 2904 3679 Filium
2931 3623 3153 3694 quidem
3174 3637 3206 3675 a
3231 3621 3341 3676 Deo
3368 3634 3524 3697 crea-

1939 3728 2055 3774 tum
2086 3733 2209 3774 esse
2286 3716 2551 3787 Spiritum
2586 3732 2716 3772 vero
2748 3731 2779 3770 a
2809 3715 2949 3769 Filio
2975 3730 3099 3769 esse
3125 3712 3331 3768 factum
3365 3727 3520 3768 asse-

1938 3809 2161 3865 verasti.
2202 3808 2301 3862 Ar.
2338 3806 2421 3862 Me
2444 3806 2649 3862 veritas
2680 3804 3110 3867 circumscribit,
3148 3811 3376 3859 non.tu.
3409 3801 3520 3859 Ve-

1938 3910 2246 3957 rumtamen
2278 3899 2722 3972 quandoquidem
2750 3914 2837 3952 me
2869 3898 2936 3953 ad
2973 3897 3077 3952 hoc
3106 3895 3383 3951 adduxisti
3414 3914 3429 3952 :
3463 3905 3518 3952 te

1936 3996 2182 4052 vicissim
2227 4011 2329 4066 ego
2368 3994 2556 4049 multis
2594 3991 3023 4048 circumcludam
3074 3991 3514 4053 auctoritatibus,

1937 4090 2139 4161 quibus
2167 4089 2446 4144 Christum
2476 4102 2591 4142 rem
2624 4092 2865 4141 creatam
2899 4099 3024 4140 esse
3065 4083 3353 4139 asseritur.
3387 4082 3512 4138 Alli.

1935 4182 2127 4237 Profer
2157 4198 2187 4237 ε
2218 4182 2480 4237 thesauro
2514 4195 2634 4252 qua:
2676 4194 2708 4233 a
2742 4187 2900 4249 patre
2929 4187 3025 4233 tuo
3053 4184 3182 4233 sunt
3211 4174 3510 4233 recondita.

1936 4276 2027 4328 Ar.
2068 4273 2219 4329 Meus
2256 4283 2411 4344 pater
2444 4280 2548 4338 est,
2579 4286 2741 4343 quem
2792 4271 2963 4326 adoro
3006 4270 3199 4327 Deum.
3234 4268 3342 4325 Sed
3368 4268 3516 4326 enim

1937 4366 2069 4438 quid
2098 4364 2539 4436 respondendum
2577 4364 2746 4419 habes
2777 4364 2843 4417 ad
2878 4363 2993 4418 haec
3028 4363 3193 4418 verba
3225 4381 3239 4417 :
3275 4379 3297 4415 ι
3330 4360 3518 4417 Domi-

1935 4475 2041 4514 nus
2067 4458 2275 4513 creavit
2308 4472 2415 4523 me,
2454 4472 2473 4507 ι
2508 4471 2631 4511 cum
2664 4453 2928 4509 Dominus
2963 4454 3080 4523 ipse
3111 4451 3355 4508 fateatur
3390 4466 3451 4507 se
3482 4465 3515 4505 a

240 4551 390 4603 κυνῶ
419 4550 559 4603 Θεόν
578 4566 591 4579 ·
630 4547 775 4618 πλὴν
814 4547 878 4599 σὺ
912 4544 1241 4617 ἀποκρίθητί
1274 4562 1363 4616 μοι
1396 4543 1525 4615 περὶ
1547 4542 1661 4606 τοῦ,
1687 4560 1704 4592 ι
1728 4540 1835 4594 Κύ-

1939 4553 2097 4608 Patre
2130 4566 2232 4606 suo
2254 4558 2499 4605 creatum
2527 4548 2689 4605 esse?
2720 4546 2844 4602 Ath.
2879 4545 3058 4601 Verba
3083 4545 3179 4599 illa
3208 4545 3318 4601 vim
3347 4543 3512 4598 aliam

242 4659 356 4713 ριος
374 4641 566 4696 ἔκτισὲ
588 4659 714 4713 με,›
732 4638 827 4691 τοῦ
845 4637 1052 4709 Κυρίου
1073 4639 1507 4711 ὁμολογήσαντος
1531 4635 1723 4688 ἑαυτὸν
1748 4635 1834 4688 ἐκ·

236 4734 423 4789 τίσθαι
475 4734 584 4787 ὑπὸ
635 4731 735 4785 τοῦ
782 4730 911 4784 ἰδίου
952 4730 1180 4803 Πατρός.
1212 4732 1322 4784 Ἀθ.
1352 4724 1507 4781 εἷπε*
1566 4727 1640 4779 Τὸ
1670 4727 1831 4797 ῥητὸν

236 4828 408 4901 ἄλλην
444 4826 679 4897 δύναμιν
704 4823 818 4896 ἔχει
844 4823 1217 4895 πνευματικὴν
1246 4822 1413 4888 ἔνδον,
1450 4820 1544 4874 καὶ
1572 4819 1713 4874 θεῖον
1737 4819 1833 4890 θη-

239 4924 445 4995 σαυρόν
474 4916 957 4988 ὲναποτεθειμένον
1006 4916 1286 4987 κέκτηται.
1330 4918 1459 4984 Ἀρ.
1489 4909 1667 4967 εἶπεν·
1720 4913 1834 4966 Οὐκ

239 5017 325 5069 ἐπὶ
353 5016 457 5070 τοῦ
486 5012 656 5086 ῥητοῦ
694 5011 853 5083 μόνον
885 5010 1073 5079 ῐστημι
1101 5010 1199 5081 τὴν
1225 5008 1407 5080 φωνὴν
1436 5006 1527 5059 τοῦ
1558 5004 1834 5076 Σολομῶν-

240 5126 352 5172 τος·
376 5110 444 5163 οῦ
476 5109 590 5179 γὰρ
623 5103 888 5167 ἀσύνετός
921 5104 1060 5173 είμι,
1103 5102 1241 5157 ἀλλὰ
1276 5103 1524 5171 συνίημι,
1553 5101 1635 5153 ὅτι
1666 5117 1831 5152 πνευ-

239 5202 474 5271 ματικὸν
500 5201 684 5271 νόημα
701 5197 983 5268 θεωρεῖται
1007 5195 1115 5249 ἀπὸ
1132 5196 1238 5250 τῶν
1261 5191 1830 5266 ὲπιστημόνων.”οθεν

1939 4644 2239 4715 spiritalem
2270 4642 2418 4696 intus
2462 4639 2684 4701 habent,
2720 4638 3075 4707 divinumque
3119 4636 3174 4690 in
3220 4650 3513 4691 se-recon-

1936 4734 2074 4787 dunt
2108 4733 2450 4787 thesaurum.
2479 4731 2577 4781 Ar.
2604 4724 2715 4782 Nec
2746 4741 2847 4797 ego
2870 4723 2936 4777 ad
2969 4724 3088 4780 sola
3118 4721 3291 4797 verba
3318 4719 3373 4775 in
3408 4719 3512 4772 hac

1939 4823 2250 4879 Salomonis
2269 4836 2403 4877 voce
2433 4820 2655 4875 attendo
2687 4837 2702 4874 :
2733 4835 2835 4872 nec
2863 4815 3009 4870 enim
3042 4829 3239 4884 expers
3272 4825 3395 4867 sum
3427 4809 3512 4862 in-

1933 4917 2265 4986 telligentiae,
2288 4914 2381 4970 sed
2415 4912 2659 4982 intelligo
2682 4908 2987 4981 spiritalem
3007 4920 3230 4963 sensum
3262 4918 3290 4957 a
3318 4900 3512 4971 peritis

1935 5008 2023 5062 hic
2052 5007 2309 5077 perSpici.
2337 5003 2608 5072 Quocirca
2646 5017 2749 5057 nec
2775 5002 2891 5071 ipse
2916 5015 3036 5055 sum
3078 4992 3405 5051 initiationis
3423 5007 3513 5046 ex-

1933 5116 2082 5171 pers,
2110 5082 2231 5154 sed~
2236 5099 2403 5153 verba
2430 5095 2649 5167 quidem
2682 5094 2797 5148 haec
2825 5107 2948 5147 esse
2976 5089 3100 5143 dico
3133 5106 3148 5142 :
3186 5104 3206 5137 ‹
3242 5083 3511 5138 Dominus

1934 5192 2142 5248 creavit
2185 5206 2320 5247 me:
2376 5207 2396 5242 ι
2442 5189 2553 5244 vim
2592 5194 2772 5243 autem
2830 5185 2914 5238 his
2955 5180 3194 5235 abditam
3244 5175 3511 5247 majorem

297 5364 346 5396 ³²
384 5363 561 5418 Prov.
593 5369 720 5424 Vllt,
752 5358 845 5413 2‘2.
919 5352 965 5385 ³³
1002 5350 1170 5407 Hebr.
1204 5366 1262 5417 ιι,
1298 5350 1386 5404 l0.
1462 5347 1625 5405 “Job
1656 5346 1937 5417 xrvn,l9.

301 5495 717 5571 (89)_lta_R_eg.
740 5490 887 5571 "Bas.
919 5495 973 5542 et
988 5485 1146 5571 fele.
1196 5484 1252 5570 ξ’..
1292 5481 1832 5571 Αξὶὲιιειὲεςιᾉρε.

239 5660 416 5781 εθῗέὶο)
451 5707 581 5762 Haec
631 5660 868 5774 quaestio
890 5682 1015 5753 cum
1053 5693 1437 5765 Responsione
1480 5692 1635 5750 Arii.
1678 5692 1836 5747 abest

228 5785 294 5837 ab
316 5785 673 5851 Augustam)2

297 5835 620 5926 (91)"Angl.
656 5843 755 5905 Τίς
785 5835 877 5895 οῦν
900 5835 1146 5908 ἐκτίσθη.

230 5550 521 5642 Σαᾷᾈείώῖ,
546 5550 696 5620 Ειιιί
734 5561 944 5616 Comm.
988 5552 1276 5626 Σωλομών,
1331 5550 1507 5606 Paris.
1558 5550 1839 5625 Σολομῶν-

2008 5473 2117 5544 (9Ξ)
2146 5474 2285 5543 Aug.
2314 5471 2440 5525 Ἐάν
2467 5486 2553 5533 τις
2579 5467 2692 5544 τόν.

2007 5528 2120 5615 (95)
2150 5528 2286 5615 Aug.
2319 5528 2708 5615 πεποιημένου.
2731 5534 2867 5604 Reg.
2903 5528 3288 5615 πεποιημένον.

2007 5548 2097 5614 (95
2150 5544 2286 5615 Aug.
2319 5544 2708 5609 πεποιημένου.
2732 5544 2867 5604 Heg.
2903 5544 3288 5602 πεποιημενον.

2005 5544 2129 5690 (94)-
2151 5615 2470 5690 Sic-omnes
2504 5614 2617 5664 fere
2641 5623 2782 5690 _r_nss.
2808 5620 2932 5690 cum
2973 5596 3508 5690 editanmansed

1933 5667 2311 5757 Arig—Ietiedit.
2338 5678 2513 5739 Paris.
2545 5681 2703 5751 ποιῇς
2729 5693 2827 5749 pro
2855 5675 2978 5748 φῄς.
3016 5672 3139 5729 Mox
3180 5670 3321 5742 Aug.
3365 5667 3512 5724 οὕτω

1933 5755 2044 5832 γὰρ
2065 5755 2303 5812 ὡρίσθω.
2718 5802 2719 5805 η
