4066 6388
501 368 612 430 853

1641 353 1700 409 S.
1742 346 2216 407 ATHANASIUS.
2249 372 2324 389 -
2357 343 2638 403 SPURIA.

3668 344 3777 401 456

502 483 766 559 percipio,
796 493 961 553 quam
989 485 1050 534 tu
1089 489 1214 533 cum
1262 487 1373 528 non
1423 468 1718 541 intelligas,
1773 464 2084 539 ignorantia

2192 461 2341 533 κάγὼ
2384 462 2486 515 οὐκ
2512 461 2739 533 ἄμοιρος
2775 457 2853 513 ὢν
2898 458 2996 531 τῆς
3033 459 3305 531 μυήσεως,
3344 458 3488 513 οῦτω
3516 462 3681 533 φημὶ,
3715 477 3778 515 το

500 576 858 638 constrictus,
891 585 1065 632 erras.
1118 566 1241 622 Mali
1289 572 1471 620 autem
1508 562 1610 617 viri
1664 565 1946 632 proprium
1999 566 2085 615 est

501 664 978 741 praestantioribus
1026 658 1288 716 invidere.
1332 655 1459 711 Atla.
1492 653 1649 721 Quod
1685 653 1854 723 igitur
1884 650 2084 713 sentis,

503 761 725 819 declare
748 757 880 814 mibi
909 756 1118 824 absque
1136 749 1364 815 invidia,
1394 748 1542 820 quod
1571 747 1793 818 quidem
1832 744 1931 801 tibi
1957 759 2090 815 prae-

504 854 716 909 clarum
738 850 956 906 videtur
977 860 1125 903 esse.

579 1112 741 1187 164
773 1111 863 1169 l6.
920 1110 1021 1166 Ar.
1056 1107 1265 1178 Nempe
1316 1105 1432 1162 haec
1488 1103 1657 1160 verba
1709 1121 1723 1158 :
1770 1121 1789 1155 ι
1825 1099 2089 1157 Dominus

505 1210 713 1264 creavit
747 1220 854 1271 me,
883 1222 904 1258 ι
943 1203 1025 1260 sic
1056 1200 1288 1270 accipio,
1321 1213 1386 1252 ac
1427 1196 1475 1252 si
1511 1196 1810 1259 diceretur,
1846 1212 1864 1245 ι
1901 1193 2091 1264 genuit

504 1315 612 1356 me.
647 1322 667 1352 ι
696 1298 820 1354 Atla.
852 1295 909 1351 Si
936 1295 1102 1366 igitur
1128 1292 1343 1364 genitus
1363 1299 1449 1347 est
1474 1287 1669 1356 Filius,
1700 1303 1807 1343 non
1830 1296 1914 1344 est
1941 1296 2092 1342 certe

504 1398 727 1449 creatus
754 1408 769 1445 :
794 1396 890 1444 aut
915 1388 961 1442 si
988 1397 1210 1442 creatus
1233 1392 1338 1450 est,
1364 1398 1475 1439 non
1506 1390 1591 1438 est
1624 1382 1861 1452 genitus.
1884 1379 1981 1433 Ar.
2006 1376 2090 1433 Tu

505 1486 735 1541 minime
768 1482 1029 1553 intelligis
1068 1479 1178 1534 vim
1222 1477 1453 1547 hujusce
1482 1475 1654 1531 vocis.
1708 1473 1833 1527 Atla.
1871 1470 1949 1527 Ne
1979 1486 2087 1533 me,

506 1591 626 1639 oro,
657 1573 905 1646 graveris
958 1570 1221 1642 perferre,
1277 1568 1453 1622 donec
1507 1565 1827 1635 intelligam.
1880 1563 1975 1617 Ar.
2012 1561 2091 1617 Ne

507 1668 696 1739 passio
723 1667 907 1735 aliqua
941 1663 1357 1733 intelligeretur,
1388 1659 1464 1712 ait
1507 1676 1521 1712 :
1564 1676 1583 1709 ι
1619 1655 1839 1712 Creavit
1869 1672 1954 1710 me
1982 1653 2091 1708 Do-

508 1758 715 1822 tuiuus,
754 1775 775 1809 ι
804 1764 1140 1826 quapropter
1172 1755 1227 1808 in
1256 1751 1366 1806 Deo
1393 1750 1536 1805 idem
1572 1757 1656 1805 est
1688 1763 1881 1804 creare
1919 1761 1984 1801 ac
2007 1747 2089 1817 gi-

2190 554 2310 627 μὲν,
2334 574 2352 606 ι
2374 553 2575 626 Κύριος
2603 551 2787 607 ἐκτισέ
2812 568 2880 623 με
2904 570 2923 603 ι
2952 552 3095 605 κατὰ
3119 552 3180 605 τὸ
3201 552 3382 623 ῥητὸν,
3411 554 3509 623 τὴν
3524 552 3582 606 δέ
3608 554 3667 607 ἐν
3686 553 3780 607 αὐ-

2186 646 2264 718 τῷ
2287 645 2542 718 δύναμιν,
2585 642 2907 717 μειζοτέραν
2937 642 3049 715 ὁρῶ
3078 644 3145 715 ἢν
3177 643 3311 714 ἔχει,
3341 644 3409 716 ῆν
3447 646 3511 699 σὺ
3550 645 3627 716 μὴ
3651 647 3777 718 νοήο

2189 756 2288 805 σας
2308 738 2441 810 (95),
2471 738 2663 809 ἀγνοίᾳ
2707 738 3091 808 κατεχόμενος,
3147 735 3441 800 πλανᾰσαι,
3497 737 3689 808 ἀνδρὸς
3718 736 3777 792 δέ

2188 827 2362 882 κακοῦ
2397 828 2527 881 ίδιον
2558 828 2619 881 τὸ
2647 826 2862 895 φθονεῖν
2904 828 3017 889 τοῖς
3067 829 3393 896 κρείττοσιν.
3425 826 3544 880 Ἀθ.
3584 821 3772 880 εἶπεν·

2194 922 2263 974 Ἃ
2290 916 2385 974 οὖν
2428 922 2665 991 φρονεῖς,
2696 918 2905 989 φράσον
2941 917 3110 989 κάμοὶ
3143 915 3414 987 ἀφθόνως,
3455 916 3595 989 ὅπερ
3629 916 3779 971 δοκεῖ

2191 1030 2274 1068 σοι
2303 1012 2466 1066 καλὸν
2500 1010 2807 1082 φαίνεσθαι.

2260 1104 2489 1173 16.”Αρ.
2510 1099 2631 1156 εἷπε
2651 1119 2664 1132 ·
2684 1102 2757 1154 Τὸ
2780 1100 2911 1173 γὰρ,
2932 1100 3169 1173 «Κύριος
3190 1100 3371 1157 ἕκτισέ
3394 1118 3514 1172 ps,»
3535 1101 3631 1154 ἐπὶ
3654 1099 3775 1165 τοῦ,

2197 1195 2484 1268 σὲγέννησέ
2507 1212 2627 1265 ps,»
2650 1194 3051 1265 καταλαμϐάνω
3068 1193 3200 1266 (96).
3237 1194 3357 1248 Ἀθ.
3385 1189 3536 1246 εἶπεν
3555 1211 3568 1223 ·
3588 1194 3652 1247 El
3682 1190 3778 1248 οῦν

2190 1285 2451 1357 ἐγεννήθη
2468 1286 2497 1338 6
2513 1284 2660 1349 Υἱὸς,
2672 1283 2871 1356 δηλαδὴ
2886 1285 2987 1337 οὑκ
3003 1282 3227 1355 ἐκτίσθη
3244 1300 3258 1314 ·
3277 1285 3326 1336 εἰ
3345 1284 3400 1337 δέ
3417 1284 3662 1357 ἐκτίσθη,
3676 1285 3778 1338 οὐκ

2192 1377 2476 1450 ἐγεννηθη.
2507 1379 2636 1444 Ἀρ.
2670 1372 2793 1429 εἷπε
2811 1393 2826 1408 ο
2850 1377 2923 1429 Σὺ
2936 1376 2997 1428 οὔ
3020 1379 3159 1439 νοεῖς
3188 1377 3287 1447 τὴν
3312 1375 3537 1448 δύναμιν
3550 1377 3775 1448 ταύτην.

2202 1472 2325 1526 Ἀθ.
2360 1467 2482 1524 εἶπε
2501 1486 2515 1500 ο
2552 1470 2645 1541 Μὴ
2690 1469 2924 1542 ὀκνήσῃς
2973 1467 3265 1539 ἀνέχεσθαί
3294 1485 3418 1540 μου,
3440 1468 3546 1533 ἓως
3577 1472 3775 1541 νοήσω,

2191 1562 2516 1636 παρακαλῶ.
2563 1564 2692 1631 Ἀρ.
2728 1558 3049 1616 εἶπενοΊνα
3093 1563 3167 1634 μὴ
3208 1561 3380 1626 πάθος
3412 1563 3651 1635 νοηθείη,
3698 1560 3778 1617 εἷ·-

2190 1674 2311 1722 πεν,
2336 1676 2353 1707 ι
2368 1655 2589 1709 Ἔκτισέ
2615 1673 2682 1727 με
2705 1654 2909 1726 Κύριος
2929 1671 2943 1684 ·
2966 1673 2985 1707 ι
3013 1655 3106 1708 ἐπὶ
3121 1653 3257 1708 Θεοῦ
3280 1651 3371 1712 οῦν
3398 1656 3458 1709 τὸ
3478 1655 3679 1722 κτίζειν
3699 1657 3778 1729 τῷ

2190 1751 2384 1819 γεννᾶν
2405 1749 2515 1823 (97)
2540 1749 2736 1803 ταύτόν
2766 1752 2932 1803 ἐστιν.
2952 1746 3240 1802 Ἀθ.εἷπεν
3262 1766 3275 1779 σ
3305 1749 3368 1802 Ei
3398 1745 3489 1803 οὖν
3522 1751 3616 1803 ἐπὶ
3636 1749 3775 1803 Θεοῦ

508 1865 695 1921 gnere.
728 1849 851 1901 Atla.
880 1848 937 1901 Si
966 1848 1133 1918 igitur
1156 1860 1345 1899 creare
1371 1854 1426 1900 et
1451 1844 1691 1914 gignere,
1724 1842 1865 1896 idem
1899 1840 1955 1893 in
1980 1839 2089 1895 Deo

2192 1844 2250 1897 τὺ
2281 1842 2488 1908 κτίζειν
2522 1842 2617 1897 καὶ
2636 1844 2830 1914 γεννᾷν
2857 1841 3053 1895 ταύτόν
3083 1842 3251 1904 ἐστιν,
3278 1840 3473 1894 οὐκοῦν
3506 1840 3681 1894 πάντα
3708 1840 3780 1895 τὰ

509 1949 597 1994 est
633 1958 648 1994 :
677 1954 870 1993 omnes
899 1953 1033 1992 sane
1079 1952 1167 1992 res
1198 1943 1418 1997 creatae,
1457 1934 1655 2004 genita:
1710 1940 1766 1988 et
1822 1930 1965 1986 l‘etus
1996 1929 2091 1985 Dei

510 2040 692 2087 erunt.
718 2030 871 2098 Quozl
903 2031 950 2086 si
984 2045 1171 2084 verum
1200 2035 1307 2092 est,
1337 2041 1470 2096 ergo
1494 2018 1758 2081 Dominus
1792 2025 1961 2080 frater
1982 2033 2090 2087 est,

513 2124 814 2181 secundum
848 2133 919 2185 te,
949 2122 1195 2175 omnium
1221 2135 1343 2190 quae
1378 2135 1472 2189 per
1520 2118 1699 2188 ipsum
1744 2117 1891 2171 facta
1938 2123 2088 2173 sunt.

510 2215 795 2284 Quomodo
819 2216 983 2285 igitur
1016 2212 1343 2285 Unigenitus
1370 2211 1460 2266 Dei
1487 2210 1610 2265 est?
1637 2211 1730 2264 Ar.
1749 2209 1867 2265 Vox
1902 2211 2093 2280 unige-

509 2303 609 2356 niti
635 2301 704 2357 dc
734 2318 791 2357 re
824 2303 1122 2371 praecipua,
1164 2300 1453 2355 excellenti
1499 2310 1552 2354 et
1583 2301 1819 2353 maxima
1865 2300 2089 2353 dicitur.

509 2394 634 2450 Ath.
659 2393 857 2449 Annon
889 2394 1087 2448 cmlum
1115 2393 1213 2447 tibi
1264 2392 1562 2465 maximum
1587 2390 1837 2445 videtur?
1860 2394 1955 2444 .~lr.
1982 2390 2094 2445 Ad-

507 2486 750 2541 modum.
781 2484 903 2539 Atlt.
937 2485 1108 2555 Igitur
1138 2482 1311 2538 Filius
1339 2490 1426 2538 est
1460 2482 1765 2537 secundum
1801 2494 1872 2537 te.
1921 2480 2093 2538 Terra

509 2594 638 2633 vero
664 2585 719 2632 et
749 2593 900 2632 mare
926 2576 1049 2630 tilia:
1079 2575 1328 2630 dicende
1351 2584 1515 2631 erunt
1550 2574 1851 2630 secundum
1886 2583 1956 2630 te.
1992 2574 2089 2629 Ar.

508 2668 668 2722 Absit
694 2669 709 2722 l
734 2684 902 2723 unum
935 2668 1112 2722 solum
1141 2665 1338 2721 Filium
1387 2666 1515 2722 fecit
1548 2665 1714 2721 Deus.
1749 2666 1874 2721 Atii.
1904 2664 1986 2720 An
2008 2666 2093 2721 vi-

509 2761 707 2816 dentur
728 2762 823 2816 tibi
842 2762 1023 2815 outnia
1049 2760 1294 2828 ejusdem
1319 2760 1688 2823 generationis
1714 2759 1934 2815 decreto
1964 2759 2092 2814 ιικί-

511 2855 692 2925 genita
726 2870 848 2910 esse
881 2853 1087 2908 necne?
1120 2852 1215 2905 Ar.
1248 2851 1394 2908 Sane
1455 2853 1703 2925 quidem.
1745 2852 1869 2907 Ath.
1921 2850 2092 2923 Igitur

510 2947 558 3002 si
588 2945 765 3001 factus
785 2953 891 3009 est,
926 2954 985 2999 ut
1023 2960 1115 3001 res
1143 2946 1265 3000 alia:
1293 2955 1514 3011 creatze,
1550 2943 1826 3017 quomodo
1869 2944 1964 2999 Dei
2008 2954 2092 3000 est

509 3034 719 3092 Filius?
747 3038 841 3091 Ar.
872 3036 1113 3091 Obsecro
1138 3042 1191 3091 te
1221 3054 1234 3090 :
1270 3037 1544 3107 quomodo
1582 3046 1639 3091 tu
1682 3038 1801 3108 ipse
1832 3037 2089 3108 intelligis

510 3129 627 3185 bznc
648 3131 814 3186 verba
838 3147 854 3185 :
878 3149 897 3183 ι
924 3129 1188 3186 Dominus
1209 3130 1415 3185 creavit
1438 3129 1558 3183 me?
1589 3148 1608 3181 ι

584 3324 673 3381 17.
701 3324 826 3378 Atla.
857 3323 1031 3379 Crede
1057 3323 1190 3378 mibi
1223 3342 1237 3379 :
1265 3323 1363 3377 tibi
1383 3338 1491 3377 non
1512 3321 1957 3393 respondissem:
1993 3325 2091 3381 sed

515 3420 570 3473 in
604 3419 837 3490 gratiam
858 3417 1170 3471 auditorum
1205 3416 1541 3485 respondere
1572 3431 1682 3470 non
1711 3431 1904 3471 renuo.
1935 3415 2093 3471 Salo-

515 3527 642 3565 mon
669 3526 793 3565 cum
824 3511 1010 3581 justus
1050 3516 1106 3563 et
1151 3509 1421 3579 sapientia
1463 3509 1657 3579 plenus
1696 3520 1861 3571 esset,
1893 3508 2091 3579 dignus

514 3603 735 3659 habitus
755 3611 862 3669 est,
886 3602 977 3671 qui
999 3601 1258 3672 parabola
1287 3600 1736 3671 praisigoilicaret
1757 3602 2090 3656 creationem

514 3696 723 3767 templi,
753 3695 858 3749 hoc
883 3701 990 3756 est,
1024 3694 1273 3763 corporis
1304 3690 1516 3746 Domini
1545 3688 1698 3754 Jesu,
1731 3692 2091 3761 quemadmo-

512 3785 642 3840 dum
674 3784 937 3841 Dominus
970 3785 1089 3856 ipse
1125 3786 1191 3840 ad
1219 3783 1438 3840 Judaeos
1466 3785 1640 3840 dixit:
1671 3804 1691 3837 ι
1727 3784 1934 3841 Solvite
1956 3797 2094 3841 tem-

515 3877 662 3949 plum
696 3876 824 3939 hoc,
869 3883 924 3931 et
954 3876 1011 3929 in
1044 3876 1222 3930 tribus
1262 3873 1458 3933 diebus
1489 3875 1743 3930 excitabo
1778 3876 1911 3929 illud
1943 3894 1957 3930 :
1988 3875 2092 3931 boc

514 3977 695 4024 autem
724 3968 942 4023 dicebat
966 3967 1034 4023 dc
1054 3967 1257 4038 templo
1284 3969 1534 4038 corporis
1555 3968 1664 4031 sui,
1696 3986 1716 4019 ι
1738 3976 1798 4023 ut
1824 3969 1897 4022 ait
1924 3967 2094 4023 Joan-

514 4077 613 4117 nes
640 4060 706 4114 ³⁸.
738 4059 942 4114 Verum
966 4061 1132 4115 etiam
1165 4060 1409 4129 apertius
1429 4060 1514 4115 bis
1542 4060 1609 4114 de
1640 4061 1804 4117 rebus
1835 4062 1908 4115 ita
1933 4063 2093 4117 locu~

516 4162 604 4207 tus
631 4159 716 4207 est
746 4149 1007 4205 Salomon
1046 4169 1059 4205 :
1103 4168 1122 4201 ι
1164 4149 1445 4220 Sapientia
1505 4151 1799 4207 azdil'icavit
1843 4153 1950 4208 sibi
1992 4152 2091 4208 do-

514 4258 686 4306 mum,
722 4252 777 4298 ct
802 4244 977 4298 erexit
1003 4242 1288 4296 columnas
1317 4251 1547 4312 septem.
1583 4242 1889 4298 lmmolavit
1927 4244 2092 4298 victi-

515 4351 635 4390 mas
658 4349 810 4390 suas.
842 4332 1057 4388 Miscuit
1085 4334 1141 4388 in
1170 4344 1381 4389 cratere
1409 4336 1595 4389 vinum
1627 4351 1810 4402 suum,
1845 4342 1901 4391 et
1933 4351 2093 4406 para-

512 4429 592 4483 vit
624 4441 870 4483 mensam
905 4441 1084 4481 suam.
1121 4424 1266 4480 Misit
1302 4442 1493 4483 servos
1530 4443 1682 4491 suos,
1715 4429 1824 4482 alta
1849 4443 1982 4483 voce
2006 4428 2093 4481 in-

2193 1936 2473 2006 κτίσματα
2503 1935 2821 2005 γεννήματα
2869 1932 2964 1987 τοῦ
3019 1931 3156 1985 Θεοῦ
3200 1932 3556 2004 ὑπάρχουσιν.
3616 1933 3681 1986 Ei
3720 1932 3779 1986 δὲ

2188 2028 2361 2082 ταῦτα
2376 2027 2547 2091 οὕτως
2572 2026 2706 2098 ἔχει.
2722 2025 2831 2098 ἀρα
2851 2027 3067 2080 πάντων
3094 2025 3319 2095 ἀδελφὸς
3336 2026 3591 2097 τυγχάνει
3618 2030 3646 2080 6
3670 2027 3781 2080 Κύ-

2194 2135 2326 2191 ριος,
2361 2117 2503 2172 κατά
2532 2118 2612 2181 σὲ,
2651 2117 2760 2170 τῶν
2803 2116 2869 2169 δι’
2902 2115 3066 2169 αὑτοῦ
3096 2115 3414 2184 γεγονότων.
3464 2115 3574 2169 Ποῦ
3622 2111 3717 2170 οὖν
3748 2117 3779 2170 6

2189 2209 2501 2281 Μονογενὴς
2537 2209 2631 2262 τοῦ
2666 2208 2802 2262 Θεοῦ
2825 2227 2839 2272 ;
2864 2210 2994 2278 Ἀρ.
3034 2205 3156 2261 εἷπε
3176 2225 3189 2238 ·
3223 2208 3296 2262 Τὸ
3328 2210 3612 2279 μονογενὲς
3650 2210 3780 2264 τάτ-

2189 2321 2342 2359 τεται
2376 2303 2487 2376 (98)
2521 2305 2615 2357 ἐπὶ
2651 2302 2914 2374 ἐξαιρέτῳ
2937 2302 3032 2356 καὶ
3052 2302 3370 2373 ἐξοχωτάτῳ
3405 2303 3501 2356 καὶ
3535 2304 3780 2375 μεγίστῳ

2190 2397 2499 2471 πράγματι.
2532 2397 2651 2451 Ἀθ.
2680 2390 2833 2451 εἶπεν
2853 2412 2865 2426 ·
2909 2396 2983 2448 Οὐ
3016 2394 3162 2449 δοκεῖ
3191 2412 3274 2449 σοι
3305 2395 3559 2466 μέγιστος
3584 2392 3724 2449 εἶναι
3750 2399 3781 2451 6

2189 2490 2455 2561 ούρανόςς
2492 2490 2622 2557 Ἀρ.
2659 2484 2781 2542 εἷπε
2804 2505 2819 2519 ο
2844 2489 2954 2541 Kal
2985 2487 3144 2541 πάνυ.
3190 2488 3308 2543 Ἀθ.
3346 2483 3500 2541 εἶπεν
3520 2506 3534 2519 ·
3566 2490 3779 2543 Οὐκοῦν

2190 2583 2218 2635 6
2254 2582 2373 2645 Υἱός
2403 2582 2519 2634 ἐστι
2545 2584 2686 2634 κατὰ
2704 2580 2784 2643 σὲ,
2804 2580 2898 2632 καὶ
2921 2580 2954 2650 ἡ
2979 2580 3050 2650 γῆ
3078 2578 3136 2632 δέ
3163 2578 3257 2633 καὶ
3287 2580 3321 2650 ἡ
3339 2578 3582 2634 θάλασσα
3612 2582 3782 2650 θυγα-

2190 2674 2348 2745 τέρες
2375 2672 2520 2727 κατὰ
2561 2672 2643 2727 σέ.
2682 2673 2814 2741 Ἀρ.
2852 2667 3001 2725 εἷπε·
3034 2671 3125 2741 Μὴ
3158 2671 3398 2740 γένοιτοῑ
3457 2672 3554 2726 ἕνα
3583 2673 3777 2745 ἐποίη-

2192 2783 2284 2821 σεν
2312 2767 2341 2819 6
2362 2766 2494 2830 Θεὸς
2518 2766 2645 2818 Υἱὸν
2673 2766 2852 2836 μόνον.
2883 2764 3003 2818 Ἀθ.
3027 2760 3148 2816 εἷπε
3165 2780 3178 2794 ·
3207 2766 3365 2817 Δοκεῖ
3390 2780 3472 2818 σοι
3494 2765 3673 2820 πάντα
3700 2766 3780 2838 τῷ

2189 2858 2336 2929 αὐτῷ
2359 2859 2471 2929 ὅρῳ
2491 2858 2590 2929 τῆς
2608 2858 2911 2929 γεννήσεως
2937 2858 3200 2927 μονογενῆ
3224 2856 3512 2925 τυγχάνειν
3528 2858 3663 2927 (99),
3688 2858 3780 2912 ναὶ

2188 2951 2222 3024 ἦ
2251 2950 2312 3004 οὔ
2336 2968 2351 3015 ;
2391 2952 2519 3021 Ἀρ.
2551 2946 2702 3004 εἶπεν
2725 2965 2737 2976 ·
2764 2949 2952 3014 Οὕτως
2984 2949 3118 3020 ἔχει.
3136 2950 3256 3004 Ἀθ.
3283 2946 3461 3003 εἶπεν·
3493 2950 3704 3004 Οὐκοῦν
3729 2953 3780 3005 εί

2189 3044 2416 3117 ἐποιήθη
2437 3044 2513 3109 ὡς
2540 3043 2631 3097 καὶ
2650 3042 2720 3096 τά
2746 3042 2910 3098 λοιπά
2937 3042 3398 3115 δημιουργήματα
3426 3045 3454 3096 6
3480 3042 3629 3110 Υἱὸς,
3660 3044 3779 3110 πῶς

2193 3137 2324 3201 Υἱός
2365 3139 2481 3190 ἐστι
2530 3135 2624 3190 τοῦ
2654 3135 2826 3200 Θεοῦ;
2872 3135 3000 3204 "Ap.
3046 3132 3199 3190 εἷπε·
3247 3136 3557 3208 Παρακαλῶ
3591 3154 3674 3203 σε,
3712 3138 3777 3192 σὺ

2195 3229 2313 3293 πῶς
2343 3232 2480 3293 νοεῖς
2513 3229 2592 3291 τὸ,
2628 3248 2646 3279 ι
2682 3228 2886 3300 Κύριος
2917 3227 3095 3281 ἒκτισέ
3131 3245 3228 3298 με;
3257 3247 3276 3281 ι

2267 3323 2354 3377 17.
2373 3324 2492 3376 Ἀθ.
2536 3318 2656 3374 εἷπε
2677 3339 2690 3352 ·
2717 3320 2976 3373 Πέπεισο’
3008 3322 3108 3374 οὐκ
3150 3322 3214 3375 ἄν
3251 3338 3332 3374 σοι
3357 3321 3775 3394 ἀπεκρινάμην

2193 3412 2330 3467 ἀλλά
2371 3412 2458 3465 διά
2488 3414 2613 3475 τοὺς
2650 3411 3034 3482 ἀκροωμένους
3076 3410 3204 3482 ἐρῶ.
3243 3412 3522 3483 Σολομὼν,
3570 3413 3780 3478 δίκαιος

2191 3503 2288 3570 ὦν,
2318 3504 2413 3556 καὶ
2445 3507 2638 3571 σοφίας
2671 3502 2998 3574 πληρωθεὶς,
3043 3502 3358 3575 κατηξιώθη
3397 3506 3455 3558 ἐν
3494 3506 3777 3578 παραϐολῇ

2194 3594 2548 3665 προσημᾶναι
2589 3594 2688 3664 τὴν
2722 3594 2899 3646 κτίσιν
2934 3592 3029 3647 τοῦ
3079 3594 3229 3657 ναοῦ,
3259 3595 3505 3648 τουτέστι
3537 3595 3632 3649 τοῦ
3675 3596 3781 3650 σώ-

2196 3702 2363 3758 ματος
2395 3686 2489 3739 τοῦ
2536 3686 2744 3758 Κυρίου
2774 3685 2973 3757 Ἰησοῦ,
3021 3687 3098 3750 ὡς
3136 3686 3297 3750 αὐτὸς
3343 3687 3373 3739 6
3410 3687 3613 3760 Κύριός
3644 3705 3780 3760 φησι

2191 3781 2303 3841 τοῖς
2330 3776 2601 3841 Ἰουδαίοις
2625 3792 2640 3808 ·
2666 3794 2686 3828 ι
2704 3777 2917 3831 Λύσατε
2942 3777 3032 3831 τὸν
3048 3778 3177 3832 ναὸν
3207 3778 3419 3843 τοῦτον,
3452 3780 3547 3832 κα)⁸
3585 3781 3642 3832 ἐν
3661 3797 3782 3851 τρι-

2194 3875 2278 3928 σὶν
2330 3874 2568 3946 ἡμέραις
2615 3872 2791 3945 ἐγερῶ
2825 3874 3008 3928 αὐτόν.
3062 3873 3309 3928 Τοῦτοδέ
3344 3873 3494 3943 ἔλεγε
3528 3874 3778 3947 περὶτοῦ

2192 3966 2320 4020 ναοῦ
2336 3965 2430 4020 τοῦ
2459 3964 2708 4035 σώματος
2734 3964 2923 4029 αὐτοῦ,
2947 3986 2966 4019 ι
2985 3963 3062 4029 ὥς
3088 3982 3253 4037 φησιν
3276 3968 3304 4019 6
3328 3966 3598 4037 Ἰωάννης.
3617 3967 3780 4023 Ἀλλά

2197 4057 2304 4129 μὴν
2329 4058 2422 4111 καὶ
2452 4055 2706 4127 Σολομὼν
2730 4056 3196 4128 παρρησιέστερον
3216 4056 3290 4128 (1)
3314 4056 3417 4127 ἔφη
3440 4059 3569 4132 περὶ
3594 4061 3779 4119 αὐτῶν

2191 4149 2394 4202 τούτων
2409 4147 2678 4201 διαλαϐὼν
2707 4147 2879 4212 οὕτως
2901 4161 2913 4173 ⁸
2932 4167 2954 4199 ι
2976 4148 3041 4201 Ἦ
3059 4148 3219 4218 σοφία
3239 4148 3586 4221 ᾠκοδόμησεν
3609 4151 3776 4224 ἑαυτῇ

2192 4235 2361 4302 οἷκον,
2394 4240 2487 4293 καί
2517 4238 2785 4310 ύπήρεισε
2827 4237 3053 4303 στύλους
3077 4238 3238 4293 ama.
3294 4237 3535 4308 Ἐσφαξε
3566 4239 3633 4293 τὰ
3655 4241 3780 4293 ἐαυ-

2192 4332 2291 4402 τῆς
2324 4330 2562 4403 θύματα,
2593 4332 2688 4386 καὶ
2733 4331 2996 4404 ἐκέρασεν
3041 4333 3122 4395 είς
3157 4332 3408 4404 κρατῆρα
3458 4332 3550 4384 τὸν
3579 4333 3778 4403 ἐαυτῆς

2192 4419 2354 4488 οἶνον,
2407 4424 2504 4478 καὶ
2553 4424 2888 4495 ἡτοιμάσατο
2935 4422 3036 4494 τὴν
3078 4424 3281 4494 ἐαυτῆς
3317 4422 3628 4495 τράπεζαν·
3669 4425 3780 4477 ἀπ-

512 4524 696 4577 vitans
725 4520 793 4575 ad
826 4527 1117 4585 craterem,
1139 4519 1396 4576 etdiceus
1434 4540 1447 4575 :
1487 4539 1507 4573 ι
1534 4520 1799 4591 Quisquis
1841 4528 1926 4577 est
1955 4519 2090 4574 insi-

2196 4515 2401 4571 έστειλε
2422 4518 2547 4580 τοὺς
2573 4518 2773 4588 ἐαυτῆς
2794 4514 3015 4580 δούλους
3043 4516 3387 4585 συγκαλοῦσα
3412 4515 3552 4587 μετά
3571 4515 3777 4588 ὑψηλοῦ

514 4613 948 4684 piens,declinct
980 4612 1048 4666 ad
1079 4628 1183 4668 me.
1217 4633 1234 4663 ο
1273 4611 1369 4668 llis
1418 4614 1544 4668 item
1580 4614 1674 4683 qui
1715 4613 2090 4682 intelligentia:

2196 4619 2549 4692 κηρύγματος
2561 4622 2652 4674 ἐπὶ
2665 4622 2935 4693 κρατῆρα,
2953 4620 3206 4690 λέγουσα·
3234 4641 3252 4673 ι
3267 4622 3365 4685 ’ος
3386 4622 3532 4673 ἐστιν
3562 4621 3776 4693 ἄφρων,

513 4704 781 4776 indigent.
802 4705 919 4759 ait:
959 4724 977 4756 ι
1000 4702 1226 4768 Venite,
1260 4704 1530 4760 eomedite
1566 4720 1761 4775 panem
1798 4719 2002 4767 meum,
2035 4716 2090 4760 et

2195 4727 2498 4781 ἐκκλινάτω
2526 4728 2664 4799 πρὸς
2699 4725 2819 4797 μέ,›
2861 4726 2957 4781 καὶ
2987 4729 3099 4791 τοῖς
3127 4726 3329 4781 ἐνδεέσι
3360 4725 3574 4798 φρενῶν
3622 4725 3773 4779 εἷπε·

514 4796 685 4853 bibite
732 4798 921 4854 vinum
958 4798 1106 4869 quod
1153 4797 1350 4852 miscui
1381 4796 1537 4851 vobis
1572 4815 1585 4851 :
1622 4796 1916 4866 relinquite
1954 4795 2093 4851 insi-

513 4894 799 4964 pientiam,
844 4904 906 4951 ut
952 4895 1153 4951 vivatis
1191 4895 1257 4948 ⁸⁸.
1294 4915 1314 4946 ι
1366 4892 1594 4949 Scilicet
1643 4894 1937 4965 sapientia,
1993 4893 2089 4951 Dei

514 4985 752 5043 Verbum
786 4995 892 5052 est,
921 4988 1069 5059 quod
1095 4985 1332 5041 Verbum
1360 5001 1484 5039 cum
1512 4991 1655 5041 esset
1688 4986 1863 5059 dives,
1897 4985 2091 5041 inetia-

514 5076 610 5132 bili
637 5093 739 5133 sua
775 5085 829 5134 et
862 5054 1043 5134 Patris
1086 5077 1423 5147 benignitate
1465 5090 1673 5145 pauper
1707 5082 1792 5130 est
1809 5054 2089 5141 enectum,

514 5175 576 5223 ut
607 5185 708 5225 nos
733 5170 881 5224 illius
918 5175 1238 5239 paupertate
1274 5166 1577 5221 ditaremur
1625 5184 1639 5220 :
1672 5166 1764 5236 qui
1800 5167 1929 5223 item
1959 5183 2085 5223 cum

514 5258 770 5316 informa
799 5258 894 5316 Dei
932 5267 1102 5324 esset,
1145 5259 1201 5313 in
1245 5256 1421 5312 forma
1455 5258 1599 5313 servi
1643 5257 1821 5315 factus
1852 5266 1939 5316 est
1978 5278 1994 5317 :
2034 5266 2090 5316 et

2192 5259 2325 5313 πίαν
2366 5258 2687 5329 πτωχεύσας
2728 5260 2982 5324 πλούσιος
3007 5258 3106 5326 ὢν,
3138 5259 3226 5313 ἵνα
3272 5258 3433 5329 ἡμεῖς
3464 5260 3532 5329 τῇ
3565 5258 3775 5312 ἐκείνου

585 5380 629 5415 ⁸³
665 5380 828 5437 Joan.
865 5396 904 5436 ll
927 5423 943 5449 ,
977 5380 1065 5436 i9.
1142 5380 1189 5411 ⁸⁸
1224 5377 1389 5434 Prov.
1423 5393 1477 5433 ιι
1502 5418 1518 5444 ,
1557 5377 1676 5435 1-6.

586 5490 703 5558 (95)
735 5491 815 5546 Au
858 5530 872 5544 .
908 5492 984 5564 μὴ
1012 5508 1073 5546 νο
1123 5492 1264 5556 ίσας.

587 5560 698 5614 (96)
722 5560 799 5614 Ita
820 5507 1226 5614 fleuiungasil.
1242 5577 1372 5614 vero
1392 5560 1649 5614 ἐγέννησέ
1670 5578 1737 5614 με
1757 5558 1947 5614 μεταλ.
1969 5558 2065 5614 Edi

587 5560 698 5635 (96)
722 5560 799 5616 Ita
822 5558 1226 5635 Regius,Basil.
1242 5577 1372 5619 vero
1392 5560 1649 5635 ἐγέννησέ
1669 5578 1737 5634 με
1756 5558 1947 5634 μεταλ.
1969 5558 2091 5614 Edi-

518 5629 1121 5711 ιὶέξῖένγησεηιιεταὶμ
1194 5701 1207 5711 ,
1336 5708 1345 5711 _
1433 5629 1443 5632 ’
1757 5629 1827 5711 Ἀ
2064 5697 2079 5711 ι

2196 5629 2795 5711 ἑυε.)1οεὴῐῖεε..πῶς
2974 5632 3088 5711 ἐστι
3115 5629 3394 5711 τεοῦθεοῦ,
3422 5645 3477 5691 et
3513 5650 3595 5691 διο
3644 5636 3779 5711 legit

586 5697 703 5783 (9'3)
743 5697 819 5783 lt’a
860 5697 991 5783 Reg.
1017 5701 1210 5783 βριετί
1243 5708 1438 5783 autem
1477 5708 1535 5758 et
1581 5702 1749 5757 editio
1788 5699 1998 5756 Comm.
2030 5697 2090 5752 τὸ

2196 5697 2462 5783 Nannius.
2491 5697 2683 5783 gaetEri
2702 5711 2762 5783 _e_t
2784 5702 2942 5783 editi:
2968 5701 3113 5765 τίνος
3138 5700 3281 5768 Υἱός,
3309 5711 3415 5759 etc.

518 5769 889 5856 75.922323le
916 5769 1084 5856 ἐστίν..
1107 5774 1262 5856 deest
1284 5773 1340 5825 in
1365 5773 1505 5856 AI_|8-
1539 5849 1552 5856 _
1583 5840 1596 5853 .
1677 5839 1696 5856 .

2267 5769 2580 5856 ,ληείῖθο
2610 5771 2892 5856 ἰταῤῥησίᾳ
2920 5769 3125 5843 ἕτερον.

592 5827 703 5913 (98)
729 5842 803 5897 T6
828 5827 1113 5914 μονογενές
1134 5841 1384 5897 τάττεται
1406 5827 1559 5899 deest
1583 5840 1639 5896 in
1666 5839 1803 5910 Aug.

2266 5827 2486 5913 (Ξμυεῖ
2510 5827 2852 5895 ἀπολείπετε.

2203 4832 2480 4897 (Ἔλθετε,
2514 4831 2716 4903 φάγετε
2733 4832 2825 4887 τὸν
2845 4833 2975 4903 ἐμὸν
2998 4833 3182 4903 ἄρτον,
3227 4832 3319 4886 καὶ
3347 4830 3500 4886 πίετε
3527 4828 3690 4894 οἶνον,
3719 4830 3779 4884 δν

2198 4940 2473 5012 κεκέρακα
2499 4939 2655 5011 ὑμῖν·
2684 4938 2979 4994 ἀπολίπετε
3009 4938 3082 5012 (2)
3111 4938 3443 5012 ἀφροσύνην,
3484 4937 3570 4991 ἵνα
3604 4937 3779 5009 ζήση-

2190 5065 2270 5102 τε.
2312 5066 2330 5098 ι
2351 5047 2657 5120 Ἀραρότως
2685 5047 2719 5120 ἡ
2760 5046 2924 5116 σοφία
2956 5047 3089 5111 Θεὸς
3121 5047 3292 5117 Λόγος
3319 5047 3596 5115 τυγχάνει,
3627 5046 3658 5097 6
3690 5045 3779 5099 διὰ

2190 5152 2288 5226 τὴν
2314 5152 2553 5227 ἄρρητον
2582 5152 2748 5207 αὑτοῦ
2779 5155 2873 5208 καὶ
2912 5153 3006 5207 τοῦ
3037 5153 3249 5223 Πατρὸς
3272 5150 3438 5206 αὐτοῦ
3468 5150 3778 5224 φιλανθρω-

1123 5509 1264 5547 ισαθ.

1123 5528 1242 5613 tsil.‘
1242 5577 1372 5613 vero
1392 5560 1649 5613 ἐγέννησέ
1670 5578 1737 5613 με
1757 5558 1947 5613 μεταλ.
1969 5558 2090 5613 Edi-

2271 5487 2390 5613 (99ὲ
2418 5486 2510 5544 Sic
2529 5489 2694 5572 _Aug.
2724 5489 2868 5545 Edit.
2898 5504 3029 5544 vero
3073 5488 3282 5544 Comm.
3328 5491 3440 5564 ὅρῳ
3488 5495 3774 5613 pavorum

2198 5558 2335 5613 Rea.
2395 5576 2473 5613 οω
2495 5577 2595 5613 της
2618 5562 2882 5613 γενέσεως
2928 5563 3235 5613 novom—ei
3261 5578 3497 5613 seouens
3529 5565 3687 5613 abest
3709 5583 3738 5613 τι

2271 5512 2360 5560 (νυ
2419 5512 2510 5544 διε
2556 5512 2694 5561 ﬂllg.
2725 5512 2868 5545 ῑιωι.
2898 5512 3029 5544 Yt’l'O
3073 5512 3282 5544 uorum.
3328 5512 3440 5564 ορῳ
3488 5512 3686 5564 μονογε
3760 5534 3774 5547 ο

2198 5558 2335 5629 Reg.
2362 5512 2473 5631 ἔρῳ
2495 5560 2595 5631 τῇς
2618 5562 2882 5629 γενέσεως
2927 5563 3235 5631 μονογ.-εί
3261 5578 3497 5631 sequens
3529 5512 3780 5623 abestvt‘t'it
