4066 6388
272 390 359 450 151

1367 390 1784 450 ΠΙΒΡΠΤΔΤΙΟ
1820 388 2102 448 CONTRA
2131 390 2378 449 ARIL'M.

3375 391 3484 447 £53

274 505 487 578 πτωχείᾳ
524 505 935 578 πλουτήσωμεν,
969 509 1027 559 ὲν
1063 509 1245 578 μορφῇ
1280 506 1416 560 Θεοῦ
1446 508 1724 578 ὑπάρχων,
1754 509 1811 559 ὲν

1928 507 2005 577 lui
2028 506 2233 576 proprii
2265 505 2445 560 Patris
2466 513 2585 560 erat
2613 503 2858 575 aqualis,
2883 512 2941 557 ut
2963 518 3154 559 servus
3184 511 3239 557 ct
3263 518 3486 558 conser-

270 599 425 669 μορφῇ
457 595 648 650 δούλου
678 597 919 665 γέγονεν.
970 597 1082 661 ἴσος
1106 598 1162 650 δὲ
1188 598 1373 670 (tv-(5)
1413 599 1505 652 τοῦ
1541 598 1669 652 ἰδίου
1700 600 1813 653 Πα-

272 689 389 763 τρός,
419 688 497 753 ὡς
534 688 722 753 δοῦλος
766 690 860 742 καὶ
896 687 1179 753 σύνδουλος
1220 692 1623 763 συνανεστράφη
1662 692 1813 761 ἡμῖν,

273 781 443 845 τέλειος
474 780 551 834 ὣν
587 783 647 834 ὲν
682 782 912 853 θεότητι,
956 781 1049 835 καὶ
1077 782 1281 845 τέλειος
1318 785 1375 837 ὲν
1415 783 1814 855 ἀνθρωπότητι.

270 866 411 937 Οὗτος
440 869 534 926 οὖν
564 874 596 926 ό
630 874 799 942 Λόγος
831 872 924 926 καὶ
956 871 1108 938 Θεὸς,
1154 875 1315 942 σοφία
1344 876 1436 927 καὶ
1468 874 1693 943 δύναμις
1724 892 1820 927 πα-

275 967 406 1041 τρικὴ
423 968 1008 1039 ὑπάρχων,ἀσώματος
1033 966 1130 1033 ὢν,
1164 967 1354 1039 ὥσπερ
1376 969 1405 1019 ό
1435 967 1567 1031 Θεὸς
1592 969 1686 1021 καὶ
1718 970 1819 1021 Πα-

269 1060 353 1132 τὴρ
375 1060 662 1123 αὑτοῦ,διά
698 1060 795 1130 τὴν
822 1059 1092 1130 ἡμετέραν
1123 1060 1395 1131 σωτηρίαν
1425 1057 1737 1131 ᾠκοδόμησε
1759 1056 1819 1112 τδ

274 1147 406 1216 σῶμα
433 1147 493 1198 ἑν
526 1148 593 1216 τῇ
623 1148 820 1217 γαστρὶ
845 1146 1064 1217 Μαρίας
1090 1146 1187 1215 τῆς
1210 1146 1471 1201 Θεοτόκου
1488 1188 1502 1210 ,
1541 1147 1668 1201 ἄνευ
1702 1165 1819 1201 κοιο

272 1235 438 1299 νωνίας
459 1235 677 1306 ἀνδρὸς,
711 1236 803 1289 καὶ
832 1236 1073 1305 γέγονεν,
1101 1236 1177 1299 ὡς
1213 1236 1371 1307 ἔφην,
1392 1231 1820 1309 ἀνθρωπος,’καὶ

270 1326 431 1380 ἑαυτὸν
453 1325 710 1400 ἐποίησεν
731 1330 1031 1399 ὑπόδειγμα
1048 1330 1226 1401 πάσης
1246 1330 1447 1401 ἀρετῆς
1465 1347 1479 1360 ·
1509 1331 1597 1384 ἴνα
1623 1334 1673 1384 oi
1700 1330 1821 1401 βου-

265 1419 454 1490 λόμενοι
478 1419 852 1486 έξακολουθεῖν
877 1421 952 1486 ὡς
973 1422 1062 1475 διὰ
1089 1422 1275 1493 τρίϐου
1304 1422 1463 1494 ἔχωσι
1489 1423 1640 1489 θείας
1664 1424 1820 1479 ἐκτύ-

266 1529 407 1582 πωμα
436 1512 694 1584 (4),πρὸς
725 1513 754 1566 ὃ
783 1512 1399 1586 όμοιοῦμενοι,γίνονται
1426 1516 1573 1581 θείας
1606 1517 1820 1587 φύσεως

264 1604 504 1665 κοινωνοὶ,
539 1601 616 1668 ὥς
646 1621 779 1674 φησι
799 1604 860 1658 τὸ
885 1604 1082 1669 Σκεῦος
1109 1605 1208 1676 τῆς
1238 1608 1467 1676 ἐκλογῆς
1488 1626 1502 1639 ·
1526 1628 1543 1659 ι
1572 1609 1819 1679 Μιμηταί

268 1705 353 1757 μου
375 1689 810 1764 γίνεσθε,καθὼς
835 1692 990 1762 κάγὼ
1018 1693 1188 1764 Ἰησοῦ
1211 1695 1448 1766 Χριστοῦ
1483 1698 1581 1767 (5).
1618 1717 1637 1747 ι
1665 1698 1821 1752 Μετὰ

264 1776 341 1833 οὖν
364 1782 420 1834 τὸ
448 1781 622 1847 πάθος
662 1784 829 1837 αὐτοῦ
856 1786 952 1839 καὶ
978 1786 1076 1857 τὴν
1104 1788 1401 1841 ἀνάστασιν
1432 1789 1753 1844 ἀπέστειλεν
1784 1793 1817 1863 ἡ

1916 614 2016 651 vus
2041 599 2326 652 nobiscum
2357 610 2440 652 est
2480 606 2732 654 versatus
2765 617 2779 653 :
2810 596 3089 667 perfecms
3119 596 3391 651 exsistens
3425 596 3485 649 in

1915 690 2222 750 divinitate.
2267 696 2320 744 et
2361 689 2637 761 perfectus
2670 691 2726 745 in
2772 689 3126 744 humanitate.
3161 687 3254 742 Ille
3295 688 3487 757 igitur,

1916 785 2007 851 qui
2044 780 2280 835 Verbum
2323 791 2377 834 et
2408 780 2572 846 Deus,
2623 781 2886 850 sapientia
2933 787 2985 833 et
3037 780 3213 833 virtus
3258 787 3487 847 paterna

1914 872 2154 935 exsistit,
2194 884 2247 927 et
2270 873 2625 942 incorporeus
2655 881 2760 934 est.
2797 880 2856 926 ut
2899 872 3038 926 Deus
3066 879 3121 925 et
3149 869 3312 924 Pater
3339 871 3484 938 ejus,

1918 972 2118 1019 nostra:
2145 964 2340 1019 salutis
2382 978 2572 1027 causa,
2600 980 2800 1034 corpus
2826 964 2879 1017 in
2915 972 3071 1017 utero
3098 962 3278 1016 Maria:
3300 960 3488 1031 Deipa-

1917 1072 2011 1121 rae,
2044 1057 2163 1112 sine
2188 1058 2291 1111 viri
2317 1058 2650 1111 commercio
2701 1057 3013 1117 aediﬁcavit,
3063 1055 3350 1125 factusque
3374 1061 3484 1117 est.

1919 1157 1978 1201 ut
2000 1148 2134 1211 dixi,
2161 1148 2347 1211 homo,
2387 1162 2557 1217 seque
2585 1149 2863 1218 exemplar
2892 1146 3140 1203 exhibuit
3166 1147 3347 1201 omnis
3373 1146 3488 1198 vir-

1920 1238 2051 1293 tutis
2075 1257 2088 1292 :
2116 1246 2178 1293 ut
2205 1239 2298 1309 qui
2320 1240 2473 1308 sequi
2508 1240 2801 1301 voluerint,
2834 1240 3067 1294 habeant
3094 1239 3294 1292 divine
3319 1236 3485 1292 veluti

1917 1328 2019 1382 viae
2045 1329 2339 1398 exemplar,
2376 1330 2461 1384 cui
2497 1329 2542 1383 si
2569 1328 2777 1384 similes
2804 1326 3127 1390 elﬁciantur,
3153 1328 3352 1381 divinae
3384 1342 3488 1380 na-

1916 1432 2055 1474 tura:
2090 1421 2225 1474 tiunt
2258 1420 2577 1490 participes,
2606 1418 3067 1490 quemadmodum
3104 1417 3181 1471 ait
3229 1416 3334 1472 Vas
3377 1417 3490 1471 ele-

1919 1512 2117 1566 ctionis
2145 1530 2159 1566 :
2197 1532 2216 1564 ι
2251 1510 2559 1567 lmitatores
2585 1512 2690 1566 mei
2714 1519 2910 1572 estote,
2938 1510 3081 1564 sicut
3110 1518 3164 1563 et
3200 1524 3301 1580 ego
3330 1508 3493 1563 Chri-

1918 1603 1992 1658 sti
2018 1604 2083 1657 ⁸⁸.
2122 1623 2142 1655 ι
2175 1602 2360 1672 Itaque
2386 1611 2509 1673 post
2529 1617 2686 1657 suam
2714 1601 3027 1671 passionem
3056 1608 3111 1654 et
3131 1596 3492 1654 resurrectio-

1919 1710 2045 1750 nem
2076 1694 2369 1765 sapientia,
2399 1695 2600 1759 virtus,
2630 1691 2869 1749 Verbum
2914 1699 2970 1746 et
2994 1689 3163 1752 Deus,
3209 1687 3491 1759 apostolos

1920 1788 2071 1843 misit
2098 1789 2165 1849 ad
2194 1803 2385 1844 omnes
2413 1787 2758 1857 insipientes,
2809 1785 3007 1839 stultos
3053 1782 3268 1839 scilicet
3311 1780 3494 1834 ethni-

267 1872 424 1941 σοφία,
449 1875 483 1944 ἡ
518 1874 769 1946 δύναμις,
795 1879 824 1930 ό
854 1876 1025 1945 Λόγος
1051 1880 1144 1932 καὶ
1175 1878 1326 1944 Θεὸς,
1348 1883 1472 1945 τοὺς
1492 1882 1818 1948 ἀποστόλους

1928 1896 2038 1945 cos.
2074 1881 2242 1936 Deum
2289 1882 2603 1953 ignorantes
2639 1877 2881 1949 :quibus
2921 1890 3167 1931 mensam
3216 1875 3492 1944 apposuit,

267 1964 382 2033 πρὸς
400 1967 609 2029 πάντας
638 1969 766 2030 τοὺς
790 1968 1048 2039 ἄφρονας,
1072 1974 1199 2033 τοὺς
1230 1972 1526 2036 ἀσυνέτους
1548 1973 1813 2036 ὲθνικοὺς,

266 2058 374 2122 τοὺς
394 2058 468 2130 μὴ
488 2060 701 2124 εἰδότας
725 2059 816 2113 τὸν
849 2060 1001 2125 Θεδν,
1021 2063 1387 2133 πρπεθεικιῦς
1415 2064 1696 2137 τράπεζαν
1720 2067 1816 2138 (6)*
1845 2068 1868 2091 ⁸

260 2151 489 2204 τουτέστι
523 2150 586 2205 τὺ
618 2153 775 2220 ἅγιον
806 2153 1209 2226 θυσιαστήριον,
1232 2157 1326 2210 καὶ
1359 2160 1448 2211 ἐπ’
1475 2159 1627 2229 αὐτῷ
1656 2160 1818 2231 ἄρτον

265 2241 494 2312 οὐράνιον
521 2243 620 2297 καὶ
644 2243 941 2316 ἄφθαρτον,
982 2248 1074 2299 καὶ
1107 2247 1242 2300 πᾶσι
1283 2247 1427 2319 ζωὴν
1463 2249 1818 2321 χαριζόμενον

262 2334 360 2396 τοῖς
403 2334 912 2405 μεταλαμϐάνουσιν
945 2336 1005 2404 ἐξ
1040 2338 1227 2403 αὑτοῦ,
1262 2340 1322 2392 τὸ
1349 2341 1501 2409 ἆγιον
1548 2342 1643 2395 καὶ
1684 2359 1820 2395 παν-

263 2421 400 2492 ἀγισν
418 2424 582 2479 αὑτοῦ
610 2426 791 2498 σῶμα,
817 2423 957 2481 οἶνόν
983 2446 1044 2482 τε
1075 2431 1430 2501 εὐφραίνοντα
1459 2433 1702 2504 καρδίαν,
1726 2437 1821 2488 καὶ

264 2514 408 2583 νῆψιν
438 2516 773 2586 ἐμποιοῦντα
796 2521 858 2573 ὲν
885 2522 951 2591 τῇ
985 2520 1213 2575 ἑκάστου
1250 2522 1394 2593 ψυχῇ
1422 2522 1529 2576 τῶν
1556 2525 1821 2593 ἀπογευοο

266 2606 429 2677 μένων
456 2607 525 2672 ἐξ
545 2608 736 2672 αὑτοῦ,
760 2609 842 2674 ὡς
864 2612 955 2664 ἐπὶ
985 2614 1233 2685 κρατῆρα
1268 2614 1508 2686 κεράσας
1537 2617 1598 2669 τὸ
1625 2618 1819 2672 ἑαυτοῦ

261 2688 405 2767 αἷμα.
430 2697 666 2763 καλέσας
687 2699 816 2763 τοὺς
838 2699 1067 2771 κλητούς
1089 2720 1149 2756 τε
1176 2703 1271 2758 καὶ
1301 2705 1589 2771 ἐκλεκτοὺς
1610 2707 1696 2761 διὰ
1714 2709 1821 2761 τῶν

262 2785 560 2841 ἀποστόλων
592 2788 780 2852 αὐτοῦ,
823 2792 1002 2845 πᾶσαν
1037 2791 1136 2862 μὲν
1178 2794 1487 2866 ἀφροσύνην
1522 2796 1825 2867 ἀπολιμπά-

1921 1974 2026 2030 hoc
2059 1981 2164 2038 est,
2200 1981 2451 2028 sanctum
2481 1974 2673 2036 altare,
2700 1981 2753 2026 et
2789 1970 2846 2026 in
2875 1985 2941 2025 eo
2979 1984 3173 2040 panem
3209 1968 3494 2022 cmlestem

1920 2075 1975 2122 et
2008 2067 2385 2137 incorruptum
2425 2080 2438 2116 :
2479 2064 2759 2127 omnibus,
2788 2062 2882 2133 qui
2920 2063 3043 2131 ejus
3080 2062 3217 2117 fiunt
3266 2061 3495 2130 partici—

1920 2173 2040 2228 pes,
2081 2157 2248 2211 vitam
2299 2155 2720 2226 impertientem,
2774 2161 3024 2209 sanetum
3068 2152 3326 2207 videlicet
3382 2151 3496 2205 imo

1925 2247 2331 2303 sanctissimum
2391 2245 2568 2314 ipsius
2616 2258 2841 2314 corpus,
2891 2257 2957 2297 ac
2985 2242 3175 2297 vinum
3207 2241 3494 2296 laetiﬁcans

1922 2352 2041 2404 cor,
2072 2337 2396 2405 sobriasque
2418 2334 2652 2390 reddens
2686 2350 2875 2391 eorum
2916 2334 3129 2388 animas
3156 2333 3250 2403 qui
3278 2348 3342 2388 ex
3373 2332 3495 2402 ipso

1924 2429 2332 2501 degustaverint
2352 2447 2368 2483 r:
2389 2428 2573 2498 itaque
2592 2442 2754 2482 suam
2788 2427 3110 2498 sanguinem
3141 2426 3305 2480 veluti
3335 2423 3493 2496 165

1924 2522 1983 2576 in
2017 2529 2230 2576 cratere
2254 2522 2468 2583 miscet,
2488 2534 2728 2591 suosque
2752 2535 2850 2590 per
2872 2519 3154 2589 apostolos
3191 2520 3383 2573 invitat
3401 2532 3499 2572 eos

1925 2614 2019 2685 qui
2049 2612 2228 2668 vocati
2261 2621 2390 2667 sunt
2419 2620 2476 2667 et
2518 2612 2697 2671 eiecti.
2746 2611 2839 2681 qui
2888 2610 3119 2666 dimissa
3160 2608 3496 2679 insipientia.

1926 2705 2079 2778 regni
2118 2706 2383 2761 ctelorum
2437 2706 2585 2761 cives
2647 2704 2976 2771 eﬂlciuntur,
3022 2703 3254 2774 ejusque
3306 2718 3499 2758 vocem

1926 2797 2181 2852 audiunt.

261 2896 438 2943 νοντας
470 2882 567 2951 (7),
592 2882 870 2953 βασιλείας
898 2885 955 2939 δὲ
977 2887 1218 2958 οὐρανῶν
1254 2889 1474 2955 πολίτας
1511 2892 2014 2964 ἀναδεικνυμένους,
2046 2892 2174 2957 τοὺς
2193 2894 2571 2958 ὑπακούοντας
2605 2894 2706 2963 τῆς
2738 2894 2927 2963 φωνῆς
2949 2891 3117 2947 αὐτοῦ

324 2995 409 3050 18.
443 2995 796 3067 ’Δρυεῐπεντ
832 3002 1046 3076 Ἐπειδὴ
1086 3008 1166 3069 είς
1212 3007 1271 3060 ea
1313 3008 1470 3080 σῶμα
1520 3014 1822 3083 συνήγαγες

260 3086 316 3139 τδ
356 3106 376 3139 ι
422 3087 629 3163 Κύριος
678 3091 859 3147 ἔκτισε
887 3113 975 3165 με,
1016 3116 1034 3148 ι
1075 3099 1273 3164 καλῶς,
1310 3101 1465 3171 κάγὼ
1508 3105 1821 3175 συντίθεμαί

1999 3013 2088 3069 18.
2130 3013 2226 3067 Ar.
2262 3012 2713 3084 Quandoquidem
2757 3016 2873 3068 haec
2903 3014 3068 3069 verba
3103 3028 3117 3063 :
3157 3031 3178 3063 ι
3232 3010 3499 3066 Dominus

1924 3105 2132 3160 creavit
2162 3120 2270 3169 me,
2301 3125 2318 3157 ι
2354 3115 2502 3161 recte
2530 3105 2598 3161 de
2623 3120 2855 3176 corpore
2903 3104 3217 3159 intellexisti
3249 3123 3263 3158 :
3292 3103 3499 3158 idcirco

264 3195 341 3268 σοι
371 3180 461 3235 διὰ
486 3183 588 3256 τῆς
610 3185 888 3256 ἐγγράφου
919 3192 1241 3263 μαρτυρίας.
1286 3194 1483 3248 Λοιπὸν
1511 3196 1604 3249 καὶ
1640 3198 1703 3250 σὺ
1726 3198 1820 3268 ὀρ-

1928 3197 2023 3252 tibi
2053 3197 2327 3251 assentior
2379 3197 2449 3251 ob
2481 3198 2749 3268 scriptum
2778 3196 3182 3252 testimonium.
3214 3193 3407 3251 Restat
3441 3202 3502 3247 ut

262 3267 549 3342 θοπόδησον
574 3274 713 3346 πρὸς
735 3275 832 3345 τὴν
854 3277 1125 3348 ἀλήθειαν,
1144 3281 1238 3334 καὶ
1263 3281 1336 3354 μὴ
1359 3283 1531 3347 ἄλλως
1560 3283 1633 3356 (8)
1660 3267 1821 3339 ποίει.

274 3359 383 3414 Ἀθ.
432 3356 587 3414 εἷπε·
625 3363 692 3416 Τί
734 3363 903 3429 θέλεις
941 3367 1178 3437 ποιήσοις
1216 3373 1391 3443 Ὅπερ
1430 3373 1547 3427 ὲστθι⁵
1588 3378 1654 3447 τῇ
1692 3376 1824 3446 ἀλη-

262 3450 372 3523 θεία
402 3452 576 3522 φίλον,
608 3454 767 3525 κάγὼ
799 3458 1133 3531 συντίθεμαι.
1170 3466 1297 3532 Ἀρ.
1324 3462 1445 3519 εἷπε
1464 3483 1478 3497 ο
1509 3468 1826 3541 Μαρτυρίαν

264 3558 337 3595 σοι
366 3544 611 3616 παρέξω,
643 3548 711 3618 ἥν
743 3549 803 3600 οὐ
839 3547 1039 3623 δυνήσῃ
1066 3552 1434 3625 ἀλληγορῆσαι
1471 3557 1545 3628 (9)
1571 3575 1583 3588 ο
1619 3559 1826 3631 φανερά

262 3631 364 3702 γάρ
393 3634 565 3698 ἐστιν,
592 3636 675 3689 ὅτι
705 3639 832 3709 περὶ
857 3640 1161 3706 οὐσιώσεως
1184 3644 1275 3696 τοῦ
1307 3647 1478 3715 Λόγου
1510 3650 1728 3718 φάσκει,
1752 3651 1828 3714 ὡς

261 3724 485 3796 ἐποιήθη
521 3726 629 3780 ὑπὸ
657 3727 755 3781 τοῦ
782 3729 1012 3803 Πατρός.
1053 3734 1169 3788 Ἀθ.
1214 3733 1394 3789 εἶπενο
1437 3739 1560 3792 Ἐάν
1594 3757 1682 3811 μοι
1725 3741 1829 3813 δῷς

263 3818 325 3904 εκ
358 3820 468 3873 τῶν
510 3820 888 3876 θεοπνεύστων
926 3825 1156 3896 Γραφῶν
1202 3828 1507 3900 μαρτυρίαν
1541 3831 1654 3901 (l0)
1701 3834 1829 3904 περὶ

262 3901 332 3961 ὧν
372 3911 802 3981 διασεόαιοῦσαι,
841 3914 939 3967 οὐκ
985 3917 1285 3988 ἀμνημονῶ
1309 3936 1323 3950 ·
1372 3921 1530 3990 μόνον
1574 3901 1827 3994 πρόσεχε,

267 4003 336 4075 μὴ
360 4005 640 4074 ἐγράψατε
672 4006 797 4077 ἄρτι
826 4008 982 4078 ὑμεῖς
1017 4009 1153 4080 πρὸς
1181 4010 1242 4063 τὺ
1273 4012 1533 4083 ὑμέτερον
1564 4014 1830 4087 βούλημα,

264 4098 354 4147 καὶ
389 4096 492 4149 οὐκ
516 4096 782 4167 ἀνέχομαι
813 4098 882 4151 τὰ
915 4098 1006 4166 ὑφ’
1035 4099 1187 4169 ὑμῶν
1221 4102 1332 4172 (ll)
1374 4103 1661 4175 λεγόμενα.
1697 4109 1827 4175 Ἀρ.

266 4179 412 4238 εἴπεο
466 4184 560 4257 Μὴ
605 4187 874 4255 κατάλεγε
921 4189 1075 4259 ἡμῶν
1113 4190 1189 4254 ὡς
1232 4193 1308 4264 μὴ
1350 4194 1695 4265 φοϐουμένων
1745 4198 1830 4249 τὸν

263 4274 409 4333 Θεόν.
476 4280 799 4333 ’Δποστόλου
855 4282 973 4335 ἐστὶ
1029 4283 1201 4355 φωνὴ,
1258 4284 1326 4355 ἢν
1386 4282 1538 4339 εἷπον
1592 4290 1831 4358 προσφέ-

269 4385 375 4437 ρειν
413 4369 548 4441 (12).
594 4373 706 4428 Ἀθ.
756 4366 910 4426 εἴπεο
947 4374 1112 4441 Λέξον
1140 4377 1199 4443 ὲξ
1233 4377 1423 4444 αὐτῆς.
1467 4381 1595 4448 Ἀρ.
1649 4378 1827 4434 εἶπεν·

276 4460 333 4514 Ὀ
356 4463 785 4532 ἐπιφανέστατος
817 4466 925 4519 τῶν
946 4467 1255 4522 ἀποστόλων
1281 4471 1502 4541 Πέτρος,
1533 4472 1832 4544 διαμαρτυ-

1931 3300 2080 3346 recta
2122 3291 2190 3346 ad
2220 3292 2507 3346 veritatem
2538 3292 2783 3355 incedas.
2821 3309 2921 3347 nec
2957 3291 3115 3347 aliter
3151 3290 3339 3345 facias.
3375 3290 3500 3342 Am.

1931 3384 2074 3452 Quid
2114 3399 2200 3439 me
2222 3386 2306 3441 vis
2338 3385 2558 3440 facere?
2596 3385 2875 3457 Quidquid
2929 3384 3145 3440 veritati
3187 3394 3399 3453 gratum
3448 3390 3503 3437 et

1933 3480 2170 3533 amicum
2203 3479 2330 3543 erit,
2388 3479 2688 3548 amplectar
2739 3477 3113 3531 libentissime.
3158 3477 3255 3531 Ar.
3298 3473 3503 3529 Locum

1932 3570 2031 3623 tibi
2059 3569 2301 3632 aﬂ‘eram,
2327 3585 2486 3639 quem
2515 3568 2803 3638 allegorice
2831 3583 2937 3620 non
2960 3566 3165 3635 poteris
3191 3579 3500 3633 exponere:

1933 3655 2137 3711 diserte
2174 3658 2321 3712 enim
2357 3657 2519 3712 docet
2542 3658 2717 3726 ipsam
2772 3653 2935 3731 verbi
2983 3654 3275 3709 essentiam
3317 3669 3438 3707 esse
3470 3668 3503 3705 ει

1933 3748 2095 3804 Patre
2121 3747 2341 3802 factam.
2366 3747 2492 3801 Atla.
2525 3746 2581 3801 Si
2615 3746 2747 3800 mihi
2786 3762 2851 3801 ex
2894 3746 3051 3800 libris
3081 3745 3267 3799 divino
3313 3747 3506 3798 instin-

1934 3849 2024 3894 ctu
2081 3841 2300 3910 scriptis
2356 3839 2605 3893 attuleris
2640 3838 3043 3899 testimonium,
3073 3844 3132 3890 ut
3190 3836 3390 3905 probes
3448 3836 3502 3890 id

1923 3933 2078 4003 quod
2106 3931 2413 3995 contendis,
2477 3947 2584 3985 non
2610 3947 2712 4000 ego
2745 3931 3058 4000 repugnabo
3083 3949 3096 3983 :
3126 3928 3506 3983 tantummodo

1938 4025 2174 4087 attende,
2207 4040 2275 4079 ne
2297 4039 2394 4078 vos
2422 4024 2600 4077 locum
2626 4022 2695 4077 ad
2728 4031 2970 4077 vestrum
3027 4021 3316 4075 arbitrium
3362 4023 3504 4077 scri-

1938 4116 2157 4184 pseritis
2190 4131 2203 4165 :
2231 4114 2477 4184 alioquin
2526 4128 2648 4183 qua:
2688 4128 2718 4166 a
2760 4114 2918 4167 vobis
2965 4112 3238 4175 dicentur,
3281 4113 3509 4166 minime

1940 4208 2130 4262 feram.
2161 4210 2254 4262 Ar.
2302 4205 2424 4261 Noli
2463 4206 2624 4262 nobis
2655 4206 2988 4269 obtrectare,
3030 4215 3288 4274 tanquam
3335 4201 3505 4257 Deum

1948 4316 2057 4355 non
2084 4299 2427 4354 timentibus.
2463 4296 2581 4353 Vox
2610 4307 2695 4354 est
2725 4298 2970 4369 Apostoli
3001 4314 3167 4369 quam
3221 4296 3505 4366 proferen-

1938 4391 2061 4445 dam
2091 4389 2224 4447 dixi.
2255 4390 2380 4444 Ath.
2414 4389 2605 4445 Profer
2641 4405 2771 4460 ergo
2802 4390 2999 4458 ipsam.
3024 4396 3120 4441 Ar.
3148 4387 3345 4441 Petrus
3376 4400 3506 4455 apo-

1942 4481 2206 4535 stolorum
2237 4481 2603 4545 clarissimus,
2634 4478 2820 4534 lsraeli
2847 4478 2913 4533 de
2967 4494 3025 4533 re
3057 4478 3335 4549 pmposita
3357 4478 3509 4531 testi—

268 4553 490 4624 ρόμενος
540 4558 671 4628 περὶ
713 4557 809 4611 τοῦ
856 4560 1214 4631 προκειμένου
1255 4562 1334 4633 τῷ
1383 4563 1619 4636 Ἰσραὴλ,
1664 4564 1824 4628 οὕτως

1944 4573 2133 4631 ﬁcans.
2168 4572 2254 4626 sic
2286 4571 2529 4641 loquitur
2558 4585 2571 4621 :
2611 4589 2629 4621 ι
2665 4569 2983 4627 Certissime
3003 4584 3133 4637 ergo
3164 4568 3300 4622 sciat
3328 4566 3508 4621 omnis

267 4644 387 4719 ἔφη·
425 4668 446 4701 ι
493 4650 777 4719 Ἀσφαλῶς
800 4646 895 4705 οὖν
935 4654 1244 4721 γινωσκέτω
1272 4656 1378 4719 πᾶς
1395 4655 1586 4720 όοίκος
1601 4657 1833 4730 Ἰσραὴλ,

266 4739 344 4794 ὅτι
374 4744 470 4797 καὶ
500 4744 707 4815 Κύριον
748 4745 910 4799 αὐτὸν
938 4747 1032 4800 καὶ
1056 4748 1287 4817 Χριστὸν
1327 4752 1356 4802 ό
1384 4749 1514 4813 Θεὸς
1546 4737 1784 4821 ὲπὸίησε.
1811 4770 1829 4803 ι

268 4827 476 4902 Μήτιγε
496 4835 660 4905 ἡμεῖς
696 4833 1092 4905 διεχαράξαμεν
1115 4838 1213 4905 τὴν
1244 4839 1424 4908 φωνὴν
1447 4840 1651 4909 ταύτην
1676 4856 1689 4904 ;
1715 4840 1836 4894 Ἀθ.

336 4988 382 5020 ⁸⁸
418 4988 439 5042 l
472 4989 600 5045 Cor.
641 5005 737 5056 χι,
775 4991 827 5044 1.
906 4991 950 5021 ³⁷
990 4990 1111 5045 Act.
1147 5008 1223 5056 η,
1258 4992 1350 5047 56.

337 5145 413 5232 (3)
447 5145 663 5232 Anglic.
696 5148 766 5229 έν
808 5146 1485 5232 μορφῇένθρώπου..ίδὶᾁ.
1518 5114 1838 5232 segnitia.

270 5223 327 5337 ἓ
547 5216 645 5269 καὶ
696 5216 811 5276 ἴσος
856 5216 1143 5274 ὥνζἘιΙιιι
1175 5228 1227 5273 et
1270 5221 1461 5289 reliqui
1520 5216 1681 5277 codd.
1732 5216 1843 5286 ἴσος

340 5376 418 5448 (ιι)
443 5380 679 5450 August.
708 5376 1029 5447 ὑπόδειγμα.

338 5470 416 5540 (5)
439 5469 616 5543 Ἰησοῦ
641 5467 801 5522 abest
825 5482 854 5520 a
882 5465 1047 5538 Regio
1077 5475 1131 5520 et
1152 5469 1220 5522 ab
1242 5469 1454 5538 Anglic.

338 5560 1013 5637 (6)Atlg.ﬂ1:p¢6t£0€t)ttbg
1060 5561 1209 5637 (sic).
1260 5561 1403 5637 infra
1451 5562 1594 5618 idem
1638 5563 1827 5633 όμενος

265 5632 411 5697 Mox,
444 5632 611 5690 abso-3
644 5632 771 5705 post
794 5633 1058 5705 πανάγιον
1074 5632 1234 5687 deest
1258 5633 1476 5705 inbng.

336 5706 415 5775 (7)
455 5705 533 5759 Ita
568 5702 775 5775 Regius
808 5710 863 5775 et
887 5702 1258 5775 Augustanus.
1296 5703 1434 5775 Editi
1463 5703 1666 5775 etgalii,
1694 5704 1838 5756 ἀπο-

261 5773 613 5846 λιμπάνουσι.
659 5773 789 5846 Mox,
809 5773 965 5846 Reg,
992 5773 1488 5846 ἀναδεικνυμένους.
1527 5773 1686 5837 Είιὶιὶ,
1716 5775 1839 5826 ἁνα-

256 5843 524 5903 δεῖκνυσι.
560 5845 732 5900 Basil.
769 5843 1185 5898 ἀναδεικνύουσι.

639 5939 912 5998 Par-nou.
945 5937 1061 6000 Gn.
1113 5936 1401 5999 XXVIII.

1942 4661 2136 4716 domus
2162 4661 2349 4729 lsrael,
2381 4661 2511 4732 quia
2546 4669 2602 4716 et
2633 4659 2921 4715 Dominum
2963 4675 3085 4713 eum
3125 4666 3180 4712 et
3228 4656 3505 4711 Christum

1943 4751 2087 4807 Deus
2124 4752 2252 4807 fecit
2275 4753 2340 4808 ³⁷.
2376 4772 2394 4804 ι
2431 4750 2686 4821 Nunquid
2728 4767 2830 4806 nos
2869 4751 3011 4803 hanc
3041 4763 3230 4803 vocem
3263 4763 3508 4803 exarat":-

1949 4841 2116 4896 mus?
2162 4841 2289 4895 Atla.
2354 4839 2470 4897 Non
2531 4843 2823 4905 exarastis,
2861 4841 2953 4894 sed
2994 4838 3363 4893 adulterastis.
3410 4837 3505 4889 Ar.

2132 5155 2269 5226 Aug.
2313 5154 2387 5226 μὴ
2417 5152 2604 5217 οὕτως.

2140 5216 2616 5303 Αρξᾲἆντερῆσαι.
2638 5224 2801 5277 Paulo
2844 5231 2982 5294 post,
3012 5218 3174 5281 idem,
3193 5218 3267 5281 ὡς
3287 5216 3512 5286 ἐκτίσθη

1949 5296 2097 5366 παρά
2124 5296 2218 5346 τοῦ
2254 5296 2482 5367 Πατρός.
2848 5322 2857 5330 ·
3244 5370 3247 5373 Δ

2017 5386 2127 5458 (l0)
2164 5386 2301 5456 Aug.
2364 5381 2707 5458 μαρτυρίαςε
2743 5385 2875 5458 ibid.
2917 5382 3049 5458 Reg.
3094 5379 3513 5458 διαβεϐαιρδται.

1947 5451 2080 5510 ibid.
2110 5451 2380 5525 'Augfoini
2422 5451 2770 5527 ἀμνημονῶν.
2812 5457 2930 5510 Mox
2970 5451 3133 5518 idem,
3177 5451 3512 5523 ἐγγράψητε,

1947 5537 2019 5589 et,
2050 5527 2333 5597 ἡμέτερον.

2013 5616 2124 5687 (11)
2159 5615 2251 5671 Sic
2278 5633 2470 5672 omnes
2495 5631 2628 5670 mss.
2654 5615 2796 5669 Editi
2836 5631 2987 5679 vero,
3028 5615 3202 5687 ἡμῶν.

2015 5708 2291 5779 (i2)lieg.
2331 5716 2385 5764 ct
2416 5709 2554 5776 Aug.
2599 5706 2910 5777 προφέρειν.
2964 5708 3058 5761 Ed.
3115 5720 3243 5762 vero
3281 5714 3334 5759 et
3383 5702 3515 5771 alii,

1954 5775 2294 5849 προξφέρειν.
2516 5775 2523 5776 ί
2643 5775 2651 5777 “
2719 5775 2787 5777 ““
3498 5819 3511 5832 .

3094 5939 3167 6002 15
