4066 6388
247 369 323 426 tu
1355 363 1769 426 D'lSPUTATlO
1803 365 2085 423 CONTRA
2121 366 2367 424 ARIUM.
2451 338 2457 365 ‘

3355 371 3460 425 462

247 484 567 557 ἐσταύρωσαν
589 526 607 550 ,
640 484 961 555 γεγενῆσθαι
994 487 1214 558 Κύριον.
1247 489 1376 556 Ἀρ.
1410 484 1530 541 εἷπε
1550 508 1565 518 ·
1602 486 1665 541 Τί
1700 490 1814 540 ἐστι
1852 488 1932 551 τὸ,
1974 489 2356 560 Ἐσταύρωσαν
2376 490 2609 561 Χριστὸν
2638 490 2733 544 καὶ
2761 485 2962 562 Κύριον
3000 491 3258 559 γεγονότα
3319 489 3467 561 (i9);

251 580 444 635 Ἥθελον
477 582 685 651 γνῶναι
713 583 765 635 τί
788 583 985 653 λέγεις.

302 673 372 727 20.
412 675 612 729 Ἀθαν.
649 670 801 728 εἶπεν
819 694 831 708 ·
871 676 930 729 '0
948 675 1080 740 Θεὸς
1109 676 1278 746 Λόγος
1310 678 1515 751 Κύριός
1538 679 1654 730 ἐστι
1685 676 1792 730 τῶν

1961 670 2053 725 ΞΟ.
2088 671 2215 727 Atla.
2264 671 2407 727 Deus
2453 671 2691 728 Verbum
2758 672 3020 729 Dominus
3061 682 3146 729 est
3190 676 3462 738 omnium,

247 764 467 818 ἁπάντων
520 766 611 819 άεὶ
653 766 857 838 Κύριος
900 765 994 821 ὧν.
1049 768 1265 841 Ἐπειδὴ
1316 770 1373 823 δὲ
1427 770 1493 823 ὲκ
1535 770 1635 839 τῆς
1685 769 1791 821 ὑπὸ

247 856 488 927 ἁμαρτίας
521 856 980 929 βεϐασιλευμένης
1028 859 1226 930 σαρκὸς
1259 859 1416 913 ἔλαϐε
1458 861 1557 931 τὴν
1589 860 1787 931 σάρκα,

248 947 393 1008 καθὼς
417 947 752 1018 γέγραπται·
784 966 804 998 ι
846 949 906 1001 '0
925 948 1097 1017 Λόγος
1127 947 1264 1019 σάρξ
1291 948 1533 1017 ἐγένετο·
1560 967 1579 999 ι
1613 949 1791 1020 σάρκα

245 1032 290 1085 δέ
312 1044 440 1103 φημι
470 1032 762 1105 ἄνθρωπον
782 1035 1005 1099 τέλειον,
1035 1030 1137 1089 οἶοι
1160 1036 1272 1107 (20)
1299 1038 1392 1090 καὶ
1412 1038 1575 1108 ἡμεῖς
1598 1036 1793 1107 τυγχά-

246 1140 394 1194 νομεν,
429 1125 574 1178 κατὰ
605 1125 671 1179 τὸ
702 1121 839 1181 εἶναι
877 1127 1024 1198 ἡμᾶς
1049 1126 1369 1198 ἀνθρώπους
1396 1127 1554 1198 μόνον
1573 1143 1587 1157 ο
1629 1127 1791 1192 αὐτὸς

245 1216 333 1289 γὰρ
360 1217 484 1271 ἄνευ
530 1217 808 1290 ἁμαρτίας
838 1218 1059 1286 γέγονεν
1104 1211 1390 1287 ἄνθρωπος
1409 1235 1422 1248 ⁸
1468 1216 1658 1270 τοῦτον
1698 1212 1791 1270 οὖν

246 1308 447 1378 Χριστὸν
476 1310 574 1362 καὶ
608 1310 815 1382 Κύριον
841 1313 872 1363 6
894 1310 1027 1374 Θεὸς
1054 1304 1301 1381 ἐποίησε,
1335 1310 1425 1363 τὸν
1452 1311 1517 1362 ὲκ
1541 1309 1791 1380 σπέρμα-

246 1412 317 1462 τος
345 1399 501 1453 Δαὸὶδ
524 1400 834 1472 ἄνθρωπον,
862 1400 1134 1465 ὑποτάξας
1157 1400 1307 1471 αὐτῷ
1334 1399 1506 1471 ἀρχὰς
1536 1400 1630 1453 καὶ
1652 1399 1795 1464 ἐξου-

248 1487 346 1551 σίας
373 1488 463 1541 καὶ
502 1489 852 1560 κυριότητας,
886 1489 980 1543 καὶ
1018 1488 1359 1560 ἀνθρώπους,
1383 1490 1477 1542 καὶ
1504 1488 1789 1557 ἀγγέλους,

246 1581 323 1632 καὶ
355 1580 570 1633 πάντων
597 1580 788 1643 άπλῶς
820 1579 1197 1647 ὑποταγέντων
1222 1580 1412 1648 γέγονε
1440 1581 1673 1651 Χριστὸς
1700 1580 1795 1633 καὶ

245 1672 416 1745 Κύριος
437 1671 582 1743 (21)·
611 1672 847 1744 Χριστὸς
878 1673 976 1743 μὲν
1002 1671 1088 1726 διά
1114 1672 1214 1743 τὴν
1239 1670 1336 1725 τοῦ
1362 1672 1520 1740 ἁγίου
1546 1671 1795 1742 Πνεύμα-

243 1778 335 1828 τος.
351 1765 500 1835 δίκην
515 1765 723 1828 ἐλαίου,
747 1765 834 1818 ἐπ’
851 1762 1001 1834 αὐτῷ
1020 1763 1317 1836 γενομένην
1330 1763 1621 1836 οὐρανόθεν
1643 1763 1796 1835 ἐγχυ-

246 1870 338 1907 σινο
370 1854 571 1926 Κύριος
597 1855 657 1908 δὲ
690 1853 778 1908 διὰ
808 1854 870 1907 τὸ
899 1854 1035 1907 κατὰ
1061 1854 1277 1908 πάντων
1303 1855 1585 1926 εἰληφέναι
1612 1855 1672 1908 τὸ
1699 1855 1796 1908 κῦ-

246 1964 322 2018 ρος
362 1946 495 2017 (22).
542 1948 675 2015 Ἀρ.
714 1942 898 2000 εἶπενο
940 1946 1105 2009 Ίδίως
1145 1943 1237 2001 οὖν
1278 1948 1405 2010 Υἱὸς
1453 1948 1549 2000 καὶ
1590 1947 1796 2018 Κύριός

1893 773 2020 813 cum
2079 759 2153 815 sit
2200 775 2415 830 semper
2456 761 2744 817 Dominus.
2786 761 3080 832 Postquam
3144 775 3346 829 autem,
3394 782 3465 821 ex

1894 866 2059 909 carne
2088 853 2297 924 peccati
2322 855 2553 924 imperio
2579 855 2847 926 subjecta,
2885 870 3107 911 carnem
3140 861 3463 929 assumpsit,

1894 945 2356 1014 quemadmodum
2418 947 2685 1016 scriptum
2735 954 2902 1002 estzc
2937 947 3174 1003 Verbum
3216 965 3348 1004 caro
3378 950 3463 1004 ia-

1893 1044 2042 1089 ctum
2066 1043 2155 1092 est
2174 1036 2260 1088 ηε
2304 1057 2323 1088 ι
2365 1039 2609 1106 (carnem
2659 1045 2839 1093 autem
2880 1039 3121 1110 intelligo
3163 1040 3466 1111 perfectum

1894 1126 2170 1181 hominem
2191 1128 2388 1198 quales
2432 1142 2533 1182 nos
2582 1143 2794 1193 sumus,
2830 1138 3102 1199 quatenus
3143 1146 3253 1185 non
3284 1131 3464 1187 homi-

1894 1234 1994 1275 nes
2019 1226 2229 1273 tantum
2264 1235 2456 1274 sumus
2489 1239 2502 1273 :
2542 1221 2660 1290 ipse
2704 1220 2849 1275 enim
2890 1224 3099 1291 absque
3135 1231 3359 1291 peccato
3383 1222 3466 1276 fa-

1895 1316 2019 1365 ctus
2044 1316 2132 1364 est
2163 1308 2348 1380 homo)
2384 1310 2530 1364 hunc
2570 1309 2738 1380 igitur
2766 1308 3047 1364 Christum
3084 1321 3137 1367 et
3174 1311 3466 1366 Dominum

1897 1399 2042 1456 Deus
2084 1399 2236 1465 fecit,
2289 1401 2566 1456 hominem
2640 1402 2848 1455 semine
2902 1400 3073 1456 David
3116 1410 3465 1472 prognatum,
3515 1431 3531 1442 ~

1896 1491 2160 1560 subjectis
2196 1492 2247 1547 ei
2314 1491 2736 1568 principatibus,
2787 1492 3172 1559 potestatibus,
3226 1491 3470 1545 domina-

1897 1585 2161 1648 tionibus,
2220 1584 2560 1647 hominibus,
2614 1584 2953 1653 angelisque,
3015 1585 3162 1640 unde
3220 1583 3470 1638 omnium

1898 1676 2004 1745 ipsi
2038 1675 2415 1745 subiectorum
2462 1675 2642 1731 factus
2674 1683 2762 1731 est
2790 1676 3048 1732 Christus
3076 1682 3129 1730 et
3160 1674 3466 1730 Dominus:

1898 1764 2177 1830 Christus,
2217 1767 2464 1837 inquam,
2510 1772 2735 1835 propter
2781 1769 2957 1821 sancti
2995 1764 3235 1835 Spiritus
3268 1763 3471 1818 iactam

1900 1857 1953 1911 in
1985 1859 2165 1928 ipsum
2215 1857 2285 1914 de
2327 1859 2491 1921 cmlo,
2526 1860 2704 1914 instar
2753 1859 2882 1923 olei,
2906 1858 3259 1920 eﬂ'usionem;
3285 1856 3473 1911 Domi-

1900 1966 2006 2005 nus
2031 1960 2239 2014 autem,
2270 1958 2490 2021 propter
2536 1966 2719 2006 rerum
2748 1952 2994 2005 omnium
3043 1965 3205 2020 quem
3260 1947 3475 2018 accepit

245 2041 368 2093 ἐστιν
398 2042 427 2093 6
458 2040 655 2107 Λόγος,
696 2039 789 2092 καὶ
832 2038 985 2102 Θεὸς,
1012 2041 1107 2092 καὶ
1142 2039 1286 2102 ἰδίως
1320 2037 1634 2110 ἄνθρωπος
1677 2040 1798 2094 Ἀθε

1904 2043 2258 2098 dominatum.
2297 2044 2392 2097 Ar.
2416 2043 2677 2099 Seorsum
2707 2044 2878 2114 igitur
2901 2043 3076 2098 Filius
3100 2051 3161 2098 et
3202 2041 3472 2097 Dominus

244 2124 373 2182 εἴπεο
392 2130 483 2199 Μὴ
507 2129 723 2197 γένοιτο
734 2130 751 2182 ιε
782 2130 900 2197 Ἀρ.
928 2123 1078 2181 εἶπεν
1096 2146 1110 2158 ·
1147 2129 1282 2184 Εἰπὲ
1309 2125 1427 2192 οὖν,
1458 2129 1596 2192 πῶς.
1623 2129 1799 2200 Ἔφης

242 2220 334 2291 γὰρ
366 2220 568 2292 Κύριον
593 2219 690 2273 τὸν
717 2219 849 2272 Θεὸν
883 2218 1077 2287 Λόγον,
1099 2220 1306 2272 καὶτὸν
1344 2219 1469 2272 ναὸν
1491 2218 1659 2273 αὑτοῦ
1685 2219 1800 2273 Κύ-

242 2328 359 2377 ριον,
395 2310 641 2364 τουτέστι
685 2310 778 2363 τὸν
817 2309 1122 2381 ἄνθρωπον.
1165 2307 1306 2378 Ἐγὼ
1352 2309 1408 2362 δὲ
1443 2309 1671 2380 νομίζω,
1719 2311 1801 2366 ὅτι

238 2402 316 2456 δύο
338 2402 530 2475 Κύριοί
558 2405 720 2455 είσιν.
757 2403 876 2457 Ἀθ.
918 2398 1069 2453 εἶπεν
1089 2418 1102 2430 ·
1140 2405 1253 2453 Οὐκ
1299 2401 1408 2454 eici.
1438 2401 1530 2455 δύο
1548 2418 1561 2431 ·
1602 2402 1677 2472 μὴ
1705 2402 1790 2470 γέ·

239 2497 391 2549 νοιτοί
434 2491 529 2559 Εἷς
570 2496 683 2567 γάρ
726 2496 872 2547 ἐστιν
899 2495 928 2547 6
966 2493 1062 2547 τοῦ
1097 2494 1233 2548 Θεοῦ
1267 2495 1416 2558 Υἱὸς,
1452 2497 1481 2547 ό
1512 2494 1801 2565 γενόμενος

236 2586 296 2640 δι’
327 2590 470 2660 ἡμᾶς
505 2588 816 2659 ἄνθρωπος.
851 2587 910 2639 Ὀ
939 2585 1048 2657 γὰρ
1089 2585 1331 2655 ἐπίγειος
1362 2585 1635 2656 βασιλεὺς,
1683 2587 1802 2640 sint

241 2699 336 2751 μοι.
371 2681 515 2744 ἰδίως
534 2683 563 2734 ὁ
591 2680 881 2751 ἄνθρωπος
906 2678 1198 2751 βασιλεύει,
1230 2680 1324 2732 καὶ
1360 2679 1502 2743 ίδίως
1526 2681 1560 2750 ἡ
1595 2696 1803 2751 πορφυ-

239 2776 331 2844 ρὶς,
371 2774 459 2827 ναὶ
494 2772 647 2846 noti;
688 2773 807 2840 Ἄρ.
837 2768 1016 2826 εἶπενο
1056 2770 1180 2834 Πῶς
1214 2772 1465 2842 ἐγχωρεῖ,
1498 2772 1531 2843 ἢ
1567 2771 1660 2824 τὸν
1705 2771 1798 2824 άν-

235 2866 437 2938 θρωπον
464 2866 624 2929 ἐκτὸς
649 2864 956 2935 βασιλεύειν
980 2863 1115 2933 (25),
1141 2864 1173 2934 ἢ
1200 2862 1298 2933 τὴν
1330 2860 1633 2934 πορφυρίδα
1658 2862 1803 2925 ἰδίως

234 2962 410 3032 άρξαι;
436 2960 582 3033 Πλὴν
614 2960 790 3029 ἔγνων
817 2959 870 3012 τί
900 2959 1072 3022 Θέλεις
1099 2957 1444 3027 παραστῆσαι
1469 2959 1533 3009 ὲκ
1563 2954 1657 3010 τοῦ
1694 2973 1802 3010 πα-

230 3055 604 3125 ραδείγματος.
657 3054 780 3108 Ἀθ.
827 3046 1012 3104 εἶπενο
1056 3053 1118 3104 Εἰ
1159 3046 1253 3105 οὖν
1302 3048 1680 3122 άνεγχώρητον
1712 3049 1806 3102 δύο

234 3145 461 3214 βασιλεῖς
477 3146 651 3215 φῆσαι
681 3144 777 3198 ἐπὶ
802 3143 1068 3214 βασιλέως
1092 3144 1231 3207 ἑνὸς,
1249 3144 1392 3212 λέγω
1417 3142 1480 3213 δὴ
1516 3141 1803 3213 ἀνθρώπου

232 3240 318 3292 καὶ
360 3238 679 3311 πορφύρας,
715 3236 833 3299 πῶς
880 3237 1115 3307 ἐγχωρεῖ
1164 3235 1311 3298 ἰδίως
1354 3234 1453 3305 μὲν
1487 3233 1582 3287 τοῦ
1629 3233 1803 3301 Λόγου

229 3334 317 3386 καὶ
350 3331 487 3386 Θεοῦ
522 3330 823 3401 κυριότητα
867 3332 1115 3399 φάσκειν,
1152 3326 1564 3397 κεχωρισμένην
1605 3325 1661 3378 δὲ
1708 3325 1804 3395 τὴν
1832 3366 1874 3421 C

228 3426 373 3497 δίκην
398 3423 691 3496 πορφύρας
726 3422 928 3492 ἔνδυμα
949 3420 1257 3489 γεγονυίας,
1280 3419 1441 3486 ἁγίας
1482 3419 1577 3471 καὶ
1616 3418 1805 3488 τιμίας

230 3517 444 3588 σαρκὸς,
469 3515 647 3587 ἀρχὴν
683 3512 1095 3581 καταγγέλλειν,
1125 3513 1246 3582 ἣτις
1289 3512 1437 3563 ἐστὶν
1473 3509 1676 3576 ἔνδυμα
1710 3508 1803 3561 τοῦ

230 3604 491 3675 βασιλέως
533 3604 714 3671 Λόγου
752 3601 889 3655 Θεοῦ
914 3602 1290 3672 γεγενημένης
1322 3600 1485 3653 ’Λλλά
1518 3600 1623 3670 μὴν
1649 3600 1745 3652 καὶ
1778 3600 1807 3650 6

228 3788 336 3860 ἔχει
363 3793 394 3843 ό
421 3787 705 3860 Κυριακὸς
731 3786 1012 3857 ἄνθρωπος
1037 3788 1133 3840 σὺν
1156 3785 1233 3856 τῷ
1270 3784 1390 3854 Θεῷ
1410 3785 1587 3853 Λόγῳ,
1612 3784 1807 3851 άκραι-

231 3880 499 3949 φνέστατα
538 3878 811 3948 ὲσήμανε,
848 3873 924 3945 τῷ
963 3876 1134 3946 φῆσαι
1183 3875 1347 3928 αὐτόν
1391 3873 1503 3943 (24)
1526 3890 1538 3903 ·
1576 3890 1593 3922 ι
1628 3866 1729 3925 Ὧν
1759 3872 1807 3924 οἱ

234 3972 482 4044 πατέρες,
512 3972 612 4025 καὶ
637 3968 699 4034 ἐξ
725 3961 801 4020 ὧν
842 3970 872 4021 6
912 3967 1144 4038 Χριστὸς
1167 3965 1228 4019 τὸ
1257 3964 1398 4021 κατὰ
1442 3964 1641 4034 σάρκα,
1674 3965 1703 4015 6
1733 3961 1807 4015 ὢν

231 4060 317 4113 tati.
366 4061 591 4114 πάντων
631 4058 769 4120 Θεὸς
811 4058 890 4120 είς
928 4055 1053 4119 τοὶς
1098 4057 1317 4120 αἰῶνας,
1358 4056 1525 4124 ἀμήν.
1562 4072 1580 4104 ι
1625 4054 1806 4124 Ὁρᾷς,

230 4151 306 4205 ὃτι
325 4153 420 4206 καὶ
438 4151 576 4206 Θεὸν
598 4150 694 4204 ἐπὶ
718 4149 935 4203 πάντων
957 4144 1064 4201 οἶδε
1088 4147 1179 4201 τὸν
1203 4149 1265 4200 ὲκ
1288 4146 1600 4216 σπέρματος
1623 4144 1805 4207 Δαϐὶδ,

232 4243 260 4295 6
289 4242 657 4308 ’Δπόστολοςς

297 4418 389 4471 21.
422 4419 556 4485 'Ap.
587 4409 746 4468 εἶπεν
765 4430 779 4445 ⁸
820 4413 894 4466 ού
929 4412 1067 4484 φοϐῇ
1102 4412 1193 4465 ἐπὶ
1231 4412 1445 4467 πάντων
1474 4411 1606 4465 Θεὸν
1634 4411 1812 4480 λέγειν

235 4510 324 4561 τὸν
350 4509 669 4581 άνθρωπονς
713 4506 837 4560 ’Λθ.
861 4501 983 4558 εἶπε
1005 4523 1019 4536 °
1042 4505 1251 4569 Παῦλος
1277 4507 1375 4560 οὐκ
1399 4505 1661 4576 ὲφοόήθη,
1689 4504 1813 4558 οὔτε

234 4600 345 4667 ἐγὼ
375 4600 674 4672 φοδοῦμαι,
707 4597 793 4649 ὅτι
836 4595 1017 4665 βλέπω
1059 4597 1122 4649 ὲκ
1157 4596 1357 4667 μέρους
1398 4594 1495 4665 τὴν
1546 4593 1639 4647 τοῦ
1679 4593 1813 4648 Θεοῦ

1899 2143 1983 2190 est
2013 2133 2249 2190 Verbum
2269 2143 2325 2189 et
2346 2132 2512 2197 Deus,
2538 2143 2593 2188 et
2619 2148 2868 2189 seorsum
2896 2133 3099 2188 homo?
3128 2132 3253 2186 Ath.
3272 2129 3427 2187 Absit
3452 2132 3469 2186 l

1900 2221 1995 2275 Ar.
2028 2220 2126 2275 Dic
2161 2221 2328 2291 igitur
2349 2235 2587 2290 quanam
2619 2222 2851 2278 ratione.
2892 2221 3088 2277 Dixisti
3109 2222 3257 2277 enim
3284 2221 3486 2275 Domi-.

1899 2327 2030 2366 num
2065 2311 2234 2367 Deum
2258 2310 2520 2373 Verbum,
2549 2319 2604 2366 et
2635 2313 2897 2382 templum
2939 2313 3085 2383 ejus,
3141 2328 3337 2383 nempe
3369 2312 3472 2367 ho-

1899 2405 2125 2466 minem,
2149 2404 2402 2459 similiter
2447 2402 2755 2460 Dominum.
2793 2404 2907 2477 Ego
2932 2421 3064 2461 vero
3098 2421 3299 2462 censeo
3330 2406 3477 2461 ειιιωι

1901 2510 2023 2552 esse
2080 2494 2364 2551 Dominos.
2397 2496 2520 2551 ΑιΙι.
2556 2494 2676 2553 Non
2733 2509 2862 2552 sunt
2918 2498 3029 2554 duo
3054 2515 3065 2549 :
3094 2500 3277 2555 absit!
3313 2497 3467 2557 Unu'.‘

1901 2587 2045 2641 enim
2062 2594 2156 2640 est
2185 2585 2279 2642 Dei
2304 2585 2498 2654 Filius,
2528 2589 2692 2642 homo
2721 2596 2945 2659 pmpter
2965 2604 3068 2645 nos
3103 2589 3303 2645 factus.
3334 2588 3479 2644 Num

1902 2677 2049 2733 enim
2076 2684 2331 2733 terrenus
2363 2680 2681 2749 imperator,
2714 2682 2804 2736 dic
2843 2681 2997 2744 mihi,
3036 2696 3284 2738 seorsum
3314 2682 3478 2736 homo

1904 2766 2158 2836 imperat.
2181 2775 2234 2822 et
2265 2783 2517 2823 seorsum
2551 2784 2815 2840 purpura,
2858 2770 3072 2825 necne?
3100 2768 3193 2823 Ar.
3224 2769 3327 2835 Qui
3359 2769 3480 2825 ﬁeri

1902 2873 2067 2929 queat
2117 2871 2177 2916 ut
2203 2864 2286 2917 vel
2321 2862 2486 2919 homo
2516 2863 2722 2932 absque
2781 2878 3024 2934 purpura
3082 2864 3334 2934 imperet,
3390 2863 3480 2918 vel

1904 2968 2153 3008 seorsum
2187 2963 2372 3025 regnet
2406 2970 2648 3024 purpura
2666 2955 2692 3009 i
2725 2952 2836 3010 Nec
2865 2964 3048 3010 tamen
3071 2971 3159 3010 me
3186 2954 3324 3025 fugit
3345 2954 3480 3025 quid

1905 3044 2223 3114 hujusmodi
2283 3047 2534 3116 exemplo
2578 3046 2717 3102 velis
2746 3045 3014 3101 indicare.
3062 3045 3185 3102 Ath.
3220 3044 3277 3100 Si
3312 3046 3479 3117 igitur

1906 3135 2025 3190 ﬁeri
2085 3149 2196 3188 non
2237 3143 2441 3204 potest,
2490 3143 2550 3188 ut
2595 3135 2706 3189 duo
2768 3136 3130 3205 imperatores
3176 3134 3478 3207 (hominem

1906 3228 2120 3283 scilicet
2147 3227 2395 3297 intelligo
2422 3234 2476 3282 et
2507 3226 2831 3297 purpuram)
2865 3226 2932 3281 de
2980 3241 3092 3281 uno
3150 3226 3483 3298 imperatore

1906 3318 2164 3374 dicantur
2194 3337 2208 3373 :
2244 3333 2365 3381 cur,
2393 3332 2602 3388 quaeso,
2633 3332 2883 3372 seorsum
2912 3314 3077 3371 Verbi
3110 3323 3164 3371 et
3195 3314 3291 3370 Dei
3312 3329 3483 3385 agno-

1909 3426 2125 3467 scemus
2152 3410 2516 3475 dominatum,
2545 3410 2839 3478 carnisque
2870 3418 3071 3464 sanctis
3125 3414 3182 3463 et
3230 3412 3484 3477 pretiosa

1908 3503 2200 3573 imperium
2238 3500 2665 3569 distinguemus,
2705 3516 2848 3570 quas,
2886 3501 3064 3554 instar
3100 3513 3378 3569 purpurae,
3404 3499 3484 3551 in-

1906 3594 2228 3648 dumentum
2304 3592 2451 3647 facta
2520 3600 2641 3657 est;
2702 3593 2907 3661 quippe
2952 3605 3077 3658 qua:
3132 3588 3484 3659 imperatoris

1908 3683 2075 3739 Verbi
2104 3683 2199 3739 Dei
2231 3682 2374 3737 facta
2405 3683 2480 3738 sit
2501 3680 2918 3738 indumentum?
2945 3678 3052 3757 sed
3088 3686 3144 3734 et
3200 3679 3484 3749 apostolus

1907 3774 2113 3830 Paulus
2138 3774 2504 3833 disertissime
2529 3774 2793 3828 unitatem
2817 3770 3156 3835 dominatus,
3188 3784 3349 3840 quem
3386 3768 3484 3822 Do-

1912 3866 2149 3920 minicus
2172 3864 2338 3918 homo
2370 3878 2496 3918 cum
2527 3862 2639 3918 Deo
2661 3861 2842 3917 Verbo
2875 3861 3106 3925 obtinet,
3132 3860 3220 3916 his
3240 3860 3487 3915 declarat

1910 3958 2092 4013 verbis
2133 3974 2146 4009 :
2178 3975 2197 4008 ο
2235 3956 2479 4023 Quorum
2528 3963 2737 4026 patres,
2770 3962 2826 4010 et
2857 3969 2923 4009 ex
2945 3952 3148 4023 quibus
3192 3958 3278 4008 est
3304 3950 3487 4019 ,Chri-

1911 4057 2031 4107 stus
2059 4048 2361 4104 secundum
2394 4062 2641 4111 carnem,
2684 4047 2779 4117 qui
2811 4053 2899 4101 est
2931 4059 3098 4115 super
3130 4043 3313 4099 omnia
3341 4041 3488 4098 Deus

1911 4142 1966 4196 in
1995 4142 2220 4198 saecula.
2240 4142 2414 4195 Amen
2431 4141 2498 4194 ”.
2526 4158 2543 4190 ι
2576 4137 2813 4193 Videsne
2833 4136 3151 4207 Apostolum
3172 4148 3297 4189 eum
3318 4147 3484 4200 agno-

1911 4249 2067 4289 scere
2100 4233 2292 4296 Deum,
2322 4232 2419 4302 qui
2467 4239 2551 4287 est
2598 4245 2763 4302 super
2810 4229 3016 4294 omnia,
3046 4226 3139 4297 qui
3178 4242 3244 4281 ex
3278 4224 3489 4281 semine

1913 4326 1985 4381 sit
2015 4324 2228 4379 David?

1980 4418 2070 4471 21.
2111 4418 2208 4472 Ar.
2239 4419 2375 4474 dixit
2406 4436 2419 4471 :
2446 4416 2592 4472 Nihil
2621 4417 2831 4472 vereris
2873 4414 3042 4470 Deum
3078 4413 3172 4484 qui
3210 4417 3297 4467 est
3325 4423 3489 4480 super

1914 4510 2117 4571 omnia,
2143 4509 2419 4564 hominem
2449 4508 2667 4563 dicere?
2689 4506 2815 4560 ΑιΙι.
2849 4504 3053 4559 Paulus
3086 4517 3196 4556 non
3226 4506 3311 4555 est
3349 4499 3493 4553 veri-

1917 4611 2025 4663 tus,
2054 4616 2155 4655 nec
2190 4616 2293 4671 ego
2329 4616 2543 4664 vereor,
2582 4599 2788 4670 quippe
2833 4597 2929 4666 qui
2963 4611 3033 4650 ex
3076 4603 3232 4664 parte
3278 4589 3491 4644 videam

230 4693 566 4764 οἰκονομίαν.
602 4693 736 4759 Ἀρ.
761 4683 882 4743 εἷπε
903 4704 918 4717 ·
946 4686 1112 4739 Ποίαν
1133 4685 1471 4757 οίκονομίαν;
1510 4686 1630 4741 Ἀθ.
1656 4684 1804 4740 εἶπε·

1920 4690 2011 4746 Dei
2042 4692 2405 4745 mconomiam
2453 4690 2570 4745 sive
2620 4688 3113 4758 dispensationem.
3164 4685 3262 4738 Ar.
3312 4680 3489 4747 Quam

236 4784 370 4856 Περὶ
414 4786 521 4857 τῆς
573 4783 669 4837 τοῦ
724 4782 943 4835 πάντων
984 4780 1095 4849 (25)
1141 4780 1274 4833 Θεοῦ
1329 4779 1810 4851 ὲνανθρωπήσεως.

239 4877 365 4944 Ἀρ.
390 4873 513 4929 εἷπε
531 4892 547 4905 ο
576 4876 714 4945 Περὶ
733 4875 833 4944 τῆς
853 4870 1312 4943 ὲνανθρωπῄσεως
1338 4871 1432 4926 τοῦ
1462 4873 1634 4941 Λόγου
1660 4871 1814 4941 κάγὼ

230 4968 507 5038 ὁμολογῶ·
555 4966 687 5037 περὶ⁵
739 4965 796 5018 δὲ
831 4963 926 5017 τοῦ
968 4959 1108 5017 εἶναι
1147 4965 1240 5016 ἐπὶ
1290 4964 1505 5018 πάντων
1546 4965 1676 5018 Θεὸν
1722 4963 1814 5017 τὸν

229 5058 617 5131 σταυρωθέντα
660 5055 935 5126 φοϐοῦμαι
974 5055 1169 5123 λέγειν.
1207 5056 1324 5109 Ἀθ.
1365 5049 1549 5108 εἶπεν·
1592 5056 1814 5120 Ἀκουε,

225 5152 323 5203 καὶ
362 5149 754 5221 περισσότερον
783 5145 1050 5216 Θαύμαζε,
1080 5146 1161 5197 ὅτι
1190 5146 1284 5198 καὶ
1309 5145 1438 5198 Θεὸν
1476 5147 1568 5199 ἐπὶ
1598 5148 1815 5213 πάντων

301 5304 351 5333 ³⁸
386 5304 548 5360 Joan.
593 5320 647 5369 ι,
692 5302 781 5355 Ii.
859 5301 904 5332 ³⁸
942 5299 1102 5353 Rom.
1144 5316 1233 5360 ix,
1270 5298 1323 5354 5.
1373 5269 1376 5272 ί

300 5460 418 5533 (19)
443 5462 535 5517 Sic
564 5456 807 5533 Reg:_At
833 5455 1029 5533 iri-aliis
1047 5442 1297 5533 et.edi_tis'
1314 5451 1413 5533 acti
1445 5452 1617 5533 deest.
1643 5451 1820 5533 Paulo
1864 5469 1868 5472 ’

221 5522 357 5600 post
399 5522 632 5601 Regius,
652 5522 910 5601 ἾΕτςειδὴ
951 5525 1008 5578 δὲ
1035 5525 1144 5601 ῦπὸ
1175 5524 1283 5601 τῆςῼ
1304 5522 1596 5601 ἁμαρτίας.
1629 5522 1819 5601 Antigo-

222 5591 376 5656 stan.
425 5591 657 5670 Ἑῖτειδὴ
701 5596 811 5650 άπὸ
844 5591 1135 5664 ἁμαρτίας.
1197 5591 1341 5646 Infra
1390 5592 1524 5654 Reg.
1556 5602 1611 5644 et
1655 5592 1818 5645 Basil.

220 5673 374 5745 καθξι
403 5674 832 5745 γέγραξταιο..
1285 5726 1311 5745 τ

303 5733 428 5811 (ευῑ
461 5733 558 5797 Sic
601 5740 740 5805 Reg.
760 5733 840 5811 .At
872 5737 963 5811 atii
985 5741 1037 5787 et
1070 5733 1222 5811 editi,
1255 5733 1385 5811 οἷονἷ

306 5801 417 5887 (2].;
451 5814 546 5869 sic
578 5801 723 5878 Ηυξ.
760 5805 815 5857 in
846 5804 965 5856 alis
998 5812 1049 5857 ct
1076 5803 1254 5867 editis,
1292 5803 1383 5855 καί
1405 5801 1576 5856 deost.

1920 4780 2421 4850 dispensationem?
2451 4778 2577 4832 Αιίι.
2609 4776 2827 4846 Loquor
2862 4773 2930 4827 de
2960 4771 3080 4836 Dei,
3106 4771 3198 4840 qui
3228 4783 3313 4823 εει
3328 4780 3491 4834 super

1922 4871 2127 4933 omnia,
2179 4868 2581 4923 incarnatione.
2629 4868 2727 4919 Ar.
2784 4862 3063 4917 Conﬁteor
3110 4871 3329 4927 quoque
3374 4855 3494 4922 ipse

1924 4962 2087 5018 Verbi
2140 4961 2624 5016 incarnationem:
2660 4957 2759 5012 sed
2806 4954 2998 5014 Deum,
3049 4951 3144 5019 qui
3190 4955 3273 5003 est
3329 4958 3494 5012 super

1922 5056 2132 5117 omnia,
2160 5053 2487 5107 cruciﬁxum
2534 5050 2719 5105 dicere
2770 5062 2878 5101 non
2933 5042 3129 5098 audeo.
3171 5037 3291 5092 Ath.
3325 5033 3491 5097 Audi,

1922 5163 2097 5216 eoque
2126 5146 2299 5214 magis
2339 5144 2633 5205 admirare,
2666 5137 2812 5210 quod
2854 5136 3046 5197 Deum,
3084 5129 3283 5201 quiest
3331 5140 3497 5196 super
3549 5202 3561 5229 ς

1995 5448 2105 5519 (2‘2)
2148 5446 2321 5519 Basil.
2342 5454 2397 5500 et
2431 5445 2594 5519 ᾼηει.
2627 5443 2812 5519 κύρος.

1996 5507 2107 5587 (25')
2140 5519 2268 5584 Heg.
2308 5518 2373 5568 ἐκ
2394 5507 2852 5587 τῆς-ἔτορφυρίδ-ος
2873 5509 3197 5581 βασιλεύειν.
3214 5507 3337 5562 Mox
3357 5509 3503 5563 idem

1926 5597 1978 5643 et
2005 5580 2348 5647 ‘Ba'siltettsis,
2377 5580 2555 5638 Είόῦν
2582 5580 2984 5654 ἆνεγχείρητον.

1999 5659 2109 5725 (24)
2146 5659 2281 5727 Aug.
2319 5659 2375 5709 ὲν
2402 5654 2710 5727 ’τῷ-φῆσαι.

1900 5787 1904 5791 ,
1999 5717 2111 5794 (2ῑῆ
2148 5717 2258 5783 sic"
2275 5728 2413 5797 Aug.
2453 5717 2605 5779 Ἐῶιῖ
2643 5739 2769 5779 vero
2819 5730 2873 5778 et
2920 5721 3035 5785 alii,
3089 5718 3217 5792 περὶ
3268 5717 3365 5787 τῆς
3413 5719 3507 5775 ἐπὶ

1930 5817 2033 5851 παν
2040 5818 2144 5851 των
2153 5838 2164 5852 ι
