4066 6388
559 384 672 441 463

1726 379 1782 434 S.
1824 376 2288 434 ATHANASIUS.
2328 407 2398 415 —
2440 373 2714 431 SPURIA.

3720 367 3830 425 464

561 508 772 573 omnia,
797 506 1086 569 conﬁteor,
1116 520 1213 560 nec
1253 503 1416 557 alium
1461 518 1624 572 posse
1675 502 1940 557 adversus
1989 502 2138 555 illum

2245 497 2514 571 ὁμολογῶ,
2552 498 2647 551 καὶ
2691 494 2764 566 μὴ
2797 495 3093 565 δυνάμενον
3139 493 3324 563 ἓτερον
3363 490 3709 559 λογισθῆναι·
3737 491 3830 544 τὸν

563 600 854 662 (estimari,
921 599 1012 668 qui
1069 603 1209 652 Deus
1263 611 1386 649 cum
1433 609 1648 664 semper
1701 594 1791 658 sit,
1839 594 2002 648 homo
2040 608 2139 662 pro

567 687 728 743 nobis
763 698 847 744 est
892 688 1068 741 factus
1096 695 1149 741 et
1184 686 1502 741 cruciﬁxus.
1549 689 1642 739 Ar.
1676 685 1911 740 Ubinam
1953 701 2141 738 recen-

566 778 681 834 tius
729 777 876 833 istud
934 777 1200 846 scriptum
1240 777 1360 830 est?
1403 776 1558 846 167
1607 776 1732 828 Ath.
1785 773 1940 844 Apud
1984 773 2138 830 Iere-

567 870 733 924 miam
766 869 1109 940 prophetam,
1144 869 1305 938 cujus
1338 869 1452 922 hate
1479 879 1611 923 sunt
1635 868 1798 922 verba
1830 886 1841 920 :
1881 886 1898 917 ι
1931 866 2030 922 Hic
2057 876 2140 922 est

567 959 712 1014 Deus
756 968 966 1025 noster,
1021 967 1076 1014 et
1125 975 1234 1012 non
1271 959 1634 1014 aestimabitur
1679 958 1819 1010 alius
1877 957 2140 1012 adversus

565 1063 712 1102 eum.
747 1049 1038 1104 Adinvenit
1063 1065 1278 1104 omnem
1306 1049 1446 1102 viam
1471 1049 1794 1118 disciplinae,
1826 1055 1879 1102 et
1915 1047 2140 1101 tradidit

556 1141 716 1194 illam
753 1139 924 1196 Jacob
957 1157 1128 1211 puero
1165 1157 1286 1203 suo,
1318 1149 1373 1195 et
1406 1140 1572 1195 lsrael
1609 1141 1808 1195 dilecto
1859 1157 1979 1196 suo.
2012 1141 2140 1196 Post

567 1229 682 1282 haec
721 1229 776 1284 in
809 1231 970 1285 terris
996 1235 1147 1286 visus
1171 1240 1274 1292 est,
1303 1243 1356 1285 et
1400 1247 1524 1285 cum
1556 1231 1869 1286 hominibus
1913 1248 2140 1287 conver-

553 1328 720 1376 satus
741 1330 825 1377 est
845 1323 912 1378 ⁸ο.
950 1343 967 1376 ι
1001 1322 1124 1378 lsne
1162 1324 1348 1394 igitur,
1373 1325 1466 1395 qui
1516 1325 1668 1380 visus
1707 1332 1813 1388 est,
1850 1324 1991 1380 Deus
2022 1331 2140 1379 erat

551 1419 746 1477 etest,
779 1414 1043 1469 adversus
1078 1431 1236 1484 quem
1267 1432 1373 1470 non
1405 1417 1546 1470 alius
1575 1416 1938 1471 aastimabitur
1975 1416 2136 1480 Deus,

567 1519 636 1556 an
662 1504 805 1558 non?
838 1505 932 1558 Ar.
989 1503 1061 1559 Ut
1103 1507 1177 1560 ait
1221 1507 1504 1576 propheta,
1545 1509 1660 1576 ipse
1701 1515 1785 1562 est
1834 1507 1997 1562 Deus.
2026 1505 2138 1560 Nec

566 1595 710 1647 enim
763 1594 844 1649 fas
876 1597 1168 1652 estdicere
1197 1596 1414 1652 Patrem
1448 1597 1626 1666 ipsum
1659 1600 1836 1651 Visum
1875 1613 2018 1660 esse,
2058 1595 2140 1649 fa-

545 1695 826 1756 ctumque
856 1689 1154 1752 hominem,
1179 1706 1301 1743 cum
1335 1689 1650 1745 hominibus
1680 1699 1958 1745 versatum
1991 1705 2136 1756 esse,

566 1795 692 1833 cum
733 1781 916 1834 ressit
939 1781 1229 1835 manifesta
1253 1780 1422 1835 Deum
1451 1780 1688 1836 Verbum
1715 1782 1990 1835 hominem
2013 1797 2137 1836 esse

2247 594 2382 665 πρὸς
2423 593 2514 644 τὸν
2547 589 2838 660 γενόμενον
2875 587 3160 657 ἄνθρωπον
3211 585 3304 638 καὶ
3354 582 3736 654 σταυρωθέντα
3761 583 3830 637 δι’

2245 685 2392 754 ἡμᾶς
2421 681 2551 734 Θεὸν
2579 681 2667 734 ἀεὶ
2694 681 2841 734 ὄντα.
2878 680 2931 732 Ἀ
2935 697 2996 747 ρ.
3025 674 3178 730 sine‘
3205 677 3312 730 Ποῦ
3344 676 3652 746 γέγραπται
3675 675 3831 729 τοῦτο

2242 777 2304 828 τὸ
2356 774 2705 843 καινότερον;
2745 774 2872 842 Ἀθ.
2906 767 3056 824 εἷπε·
3103 769 3259 842 Παρὰ
3305 769 3542 840 Ἱερεμίᾳ
3579 768 3658 839 τῷ
3701 786 3834 840 προ-

2245 869 2390 939 φήτῃ
2411 881 2423 894 ·
2457 841 2750 937 φησιδγάρο
2791 885 2808 915 ι
2850 841 3014 926 Οὗτος
3045 865 3073 916 6
3095 861 3228 926 Θεὸς
3263 862 3444 933 ἡμῶν,
3485 863 3546 915 οὐ
3580 862 3833 934 λογισθή-
3897 841 3915 861 ⁰

2245 975 2396 1010 σεται
2421 957 2606 1028 ἕτερος
2631 959 2766 1028 πρὸς
2789 957 2970 1010 αὐτόν.
3003 955 3218 1026 Ἑξεῦρε
3247 957 3425 1008 πᾶσαν
3457 955 3576 1008 ὁδὸν
3604 957 3834 1026 ἐπιστή-

2246 1065 2374 1120 μης,
2408 1049 2502 1101 καὶ
2547 1047 2742 1101 ἔδωκεν
2776 1049 2945 1118 αὐτὴν
2984 1047 3178 1101 Ἰακὼϐ
3206 1047 3285 1118 τῷ
3318 1046 3470 1100 παιδὶ
3509 1046 3698 1108 αὑτοῦ,
3736 1046 3832 1100 καὶ

2256 1139 2471 1211 Ἰσραὴλ
2505 1139 2582 1208 τῷ
2608 1139 2957 1210 ἠγαπημένῳ
2981 1140 3072 1192 ὑπ’
3107 1138 3293 1194 αὐτοῦ.
3337 1138 3494 1192 Μετὰ
3525 1138 3698 1192 ταῦτα
3738 1139 3832 1192 ἐπὶ

2241 1231 2340 1300 τῆς
2365 1230 2468 1300 γῆς
2492 1229 2669 1300 ὤφθη,
2711 1231 2806 1283 καὶ
2835 1234 2946 1294 τοῖς
2988 1230 3295 1302 ἀνθρώποις
3336 1231 3772 1302 συνανεστράφη.
3805 1249 3824 1281 ι

2254 1324 2312 1375 '0
2345 1319 2436 1375 οὖν
2477 1322 2663 1389 ὀφθεὶς
2695 1322 2804 1391 (26)
2850 1317 3004 1386 οὗτος
3044 1319 3111 1392 ἦν
3158 1323 3310 1388 Θεὸς,
3341 1323 3435 1376 καὶ
3478 1323 3643 1383 ἔστιν,
3683 1316 3728 1390 ᾧ
3767 1323 3830 1375 οὐ

2243 1413 2767 1484 προσλογισθήσεται
2797 1414 2982 1486 ἕτερος
3015 1414 3168 1478 Θεὸς,
3206 1413 3350 1485 ναὶῆ
3381 1411 3443 1466 οῦ
3469 1431 3482 1478 ;
3513 1415 3641 1482 Ἀρ.
3675 1407 3794 1466 εἷπε
3813 1431 3827 1444 ·

2242 1502 2440 1566 Καθὼς
2469 1504 2496 1554 6
2530 1505 2814 1574 προφήτης
2839 1503 3008 1571 λέγει,
3051 1503 3212 1566 αὐτὸς
3249 1504 3397 1555 ἐστιν
3423 1505 3451 1556 6
3481 1503 3633 1567 Θεός.
3675 1501 3830 1556 Ἀθέ-

2243 1612 2397 1665 μιτον
2417 1595 2525 1666 γάρ
2565 1597 2680 1648 ἐστι
2712 1597 2837 1666 περὶ
2869 1595 2962 1648 τοῦ
3000 1594 3212 1665 Πατρὸς
3243 1593 3442 1662 λέγειν,
3470 1595 3552 1647 ὃτι
3586 1591 3767 1665 ὤφθη,
3793 1593 3826 1664 ἢ
3927 1584 3930 1590 ’

2239 1689 2321 1742 ὅτι
2353 1688 2637 1759 ἄνθρωπος
2678 1687 2916 1756 γεγονὼς
2947 1685 3431 1740 συνεπολιτεύσατο
3469 1690 3578 1750 τοῖς
3617 1684 3830 1756 ἀνθρώ-

2243 1798 2384 1844 ποις,
2429 1779 2664 1852 φανεροῦ
2713 1780 2867 1844 δντος
2912 1780 3004 1832 τοῦ
3059 1779 3416 1850 πράγματος,
3460 1781 3541 1833 ὅτι
3585 1782 3613 1833 6
3655 1780 3830 1848 Λόγος

565 1871 792 1925 factum.
823 1870 950 1924 Ath.
982 1872 1154 1942 Igitur
1179 1888 1317 1926 unus
1344 1871 1535 1938 Filius,
1555 1873 1646 1943 qui
1682 1882 1806 1926 ante
1828 1874 2008 1926 omnia
2033 1889 2135 1927 sa:-

2245 1871 2367 1935 Θεὸς
2401 1869 2838 1942 ἐνηνθρὼπησεν.
2880 1874 2997 1924 Ἀθ.
3031 1864 3187 1922 εἶπεν
3210 1886 3225 1900 ο
3259 1870 3467 1923 Οὐκοῦν
3499 1865 3579 1933 εἷς
3617 1871 3646 1922 6
3677 1870 3827 1933 Υἱὸφ

567 1963 690 2016 cula
709 1978 815 2016 una
836 1978 957 2018 cum
978 1963 1134 2018 Patre
1155 1965 1473 2027 exsistebat,
1490 1963 1741 2034 Deosque
1758 1973 1874 2020 erat
1893 1965 2141 2019 invisibi-

569 2058 661 2119 lis,
684 2057 858 2112 factus
881 2063 965 2111 est
985 2056 1148 2111 homo
1167 2057 1424 2113 visibilis.
1443 2058 1540 2111 Ar.
1564 2056 1744 2111 Unum
1779 2074 1903 2113 esse
1941 2058 2136 2114 Filium

565 2147 660 2201 Dei
693 2162 1021 2202 concessum
1060 2156 1144 2202 est
1199 2148 1468 2218 quidem:
1507 2155 1562 2201 at
1613 2157 1763 2204 certe
1813 2165 1922 2203 non
1976 2151 2141 2206 simul

563 2250 687 2290 cum
719 2233 1112 2292 Patrcinllnite
1161 2237 1398 2293 exsistit.
1442 2237 1568 2293 Ath.
1604 2238 1687 2293 An
1732 2255 1843 2294 non
1871 2239 2142 2310 sapientia

561 2337 616 2382 rt
652 2329 829 2382 virtus
883 2328 1047 2382 simul
1075 2343 1199 2382 cum
1225 2327 1388 2384 Patre
1419 2337 1473 2384 et
1521 2328 1732 2399 Spiritu
1781 2340 1973 2385 sancto
1997 2332 2143 2386 exsi-

563 2421 697 2477 stit?
731 2422 828 2475 A'r.
854 2422 934 2475 Ita
969 2429 1075 2476 est.
1107 2422 1234 2478 Ath.
1271 2422 1424 2478 Unus
1455 2439 1585 2493 ergo
1616 2434 1701 2478 est
1731 2425 2026 2478 invisibilis
2051 2423 2143 2478 Fi-

564 2511 673 2564 lius
716 2511 833 2573 Dei,
861 2510 956 2580 qui
1012 2510 1156 2565 idem
1195 2519 1249 2566 et
1293 2512 1448 2567 visus
1488 2523 1607 2574 est;
1641 2514 2021 2583 incorporeus,
2049 2514 2141 2584 qui

564 2607 619 2654 et
677 2615 881 2670 corpus
940 2603 1272 2670 assumpsit;
1321 2603 1669 2665 immortalis,
1723 2605 1815 2674 qui
1869 2613 1924 2659 et
1975 2619 2143 2660 carne

567 2692 800 2746 mortem
825 2703 909 2748 est
941 2703 1237 2765 expertus;
1276 2696 1515 2749 intactus
1545 2696 1685 2750 idem
1718 2706 1771 2752 et
1814 2707 2012 2754 tactus.
2041 2700 2138 2754 Ar.

566 2783 665 2839 His
698 2799 818 2855 qua:
843 2784 1030 2841 dixiSti
1053 2787 1350 2843 assentior.
1381 2789 1509 2843 Ath.
1551 2789 1640 2844 Ille
1675 2791 1843 2860 igitur
1873 2799 1925 2847 et
1956 2791 2142 2846 Domi-

567 2895 673 2934 nus
697 2886 752 2935 et
777 2877 921 2935 Deus
949 2891 1036 2936 est
1062 2883 1132 2935 ob
1163 2897 1386 2936 carnem
1406 2897 1531 2936 cum
1560 2882 1734 2938 Verbo
1756 2886 2135 2955 conjunctam:

567 2984 668 3025 nec
729 2978 980 3040 separate
1035 2981 1129 3024 aut
1179 2972 1582 3029 dominationes
1635 2975 1912 3043 dicuntur,
1949 2987 2004 3032 at
2043 2978 2139 3034 Dei

567 3060 738 3120 Filius
782 3061 942 3118 Jesns
969 3062 1244 3128 Christus,
1286 3062 1520 3119 Verbum
1564 3077 1616 3121 et
1651 3067 1812 3134 Deus,
1855 3087 2000 3126 unus
2029 3081 2135 3128 est.

637 3330 729 3383 22.
747 3329 844 3384 Ar.
866 3327 1031 3384 Recte
1046 3329 1333 3384 admodum
1351 3331 1480 3386 mihi
1501 3348 1560 3388 se
1579 3333 1777 3391 habere
1793 3337 2006 3392 videtur
2029 3337 2143 3394 hac

563 3419 634 3476 de
674 3421 1056 3476 incarnatione
1090 3421 1374 3477 deﬁnitio:
1413 3435 1787 3482 verumtamen
1834 3427 2006 3485 Filius
2042 3432 2144 3484 mi-

563 3514 713 3568 nime
741 3521 826 3569 est
860 3529 1021 3568 verus
1061 3513 1222 3580 Deus,
1256 3517 1435 3586 qualis
1491 3526 1575 3572 est
1616 3517 1796 3574 Pater.
1829 3521 1952 3576 ΑιΙι.
1990 3521 2144 3578 Unde

561 3605 670 3658 'hoc
697 3612 982 3674 acceptum
1019 3605 1250 3660 attulisti
1303 3609 1505 3662 nobis?
1537 3610 1631 3663 Ar.
1665 3609 2026 3682 Nunquamne
2061 3613 2142 3667 le-

561 3696 688 3759 gisti
711 3695 1086 3766 Evangelium,
1117 3697 1210 3750 ubi
1245 3696 1506 3754 Dominus
1549 3701 1620 3755 ita
1660 3699 1876 3755 Patrem
1911 3702 2145 3772 alloqui-

544 3795 654 3840 -tur
686 3808 700 3844 ι
737 3806 756 3841 ι
794 3786 920 3842 ΙΙωο
940 3797 1025 3844 est
1053 3790 1165 3845 vita
1190 3799 1414 3857 aeterna,
1443 3800 1502 3844 ut
1523 3803 1858 3862 cognoscant
1887 3801 1940 3849 te
1965 3796 2142 3850 solum

556 3879 1030 3944 vverumDeum,et
1050 3897 1212 3951 quem
1247 3881 1672 3947 misisti,Jesum
1703 3884 1982 3940 Christum
2007 3885 2088 3936 “?
2120 3905 2137 3936 ι

557 3968 727 4025 Mdes
758 3975 938 4026 solum
971 3988 1161 4028 verum
1206 3973 1373 4028 Deum
1400 3975 1605 4031 dixisse
1649 3975 1900 4039 Patrem,
1957 3985 2144 4047 utpote

549 4077 688 4116 --cum
717 4062 831 4132 ipse
866 4080 974 4118 non
1002 4066 1074 4119 sit
1097 4082 1259 4122 verus
1277 4066 1457 4122 Deus?
1479 4067 1602 4123 ΑιΙι.
1628 4067 1683 4122 Id
1701 4069 2017 4138 conjunctio
2036 4077 2142 4134 est,

554 4153 729 4208 "verba
757 4169 880 4224 quze
911 4161 1038 4210 ante
1071 4165 1200 4210 sunt
1233 4159 1406 4226 posita
1424 4167 1477 4212 et
1505 4174 1624 4228 quae
1652 4168 1962 4228 sequuntur
1993 4159 2144 4213 nullo

564 4245 729 4298 modo
761 4246 1032 4302 dividens.
1066 4245 1315 4304 Profecto
1341 4250 1430 4318 qui
1463 4259 1611 4305 recte
1659 4251 1941 4314 sentiunt,
1997 4251 2144 4304 illam

480 4368 499 4385 κ
554 4346 873 4409 agnoscunt
921 4341 1360 4410 conjunctionem
1419 4343 1472 4396 in
1523 4357 1657 4396 voce
1706 4341 2001 4396 Dominica.
2055 4344 2146 4396 Ni-

567 4431 866 4487 hilominus
913 4448 1070 4504 aequo
1099 4435 1282 4488 animo
1325 4435 1515 4488 audias
1548 4451 1669 4506 quze
1716 4451 1836 4490 sum
1871 4435 2143 4490 dicturus.

2159 3207 2214 3268 C

2242 1963 2270 2014 6
2304 1963 2408 2033 πρὸ
2446 1964 2662 2016 πάντων
2692 1961 2902 2016 αίώνων
2933 1961 3295 2034 συνυπάρχων
3321 1959 3400 2032 τῷ
3429 1962 3603 2032 Πατρὶ
3635 1961 3826 2023 αὑτοῦ,

2243 2055 2373 2119 Θεὸς
2419 2055 2494 2108 ὢν
2536 2056 2785 2126 ἀόρατος,
2837 2053 3120 2126 ἄνθρωπος
3166 2053 3388 2122 γέγονεν
3431 2051 3644 2122 ὁρατός.
3697 2053 3826 2120 Ἀρ.

2243 2141 2396 2200 εἶπεν
2418 2163 2432 2176 ·
2464 2148 2586 2200 Ὅτι
2623 2142 2702 2210 εἷς
2729 2148 2876 2200 ἐστιν
2909 2148 2936 2200 6
2967 2145 3091 2208 Υἱὸς
3129 2145 3223 2198 τοῦ
3266 2144 3422 2206 Θεοῦ,
3448 2143 3824 2215 ὡμολόγηταιο

2241 2241 2303 2293 οὐ
2339 2240 2672 2312 συνυπάρχει
2705 2240 2762 2293 δέ
2792 2239 2870 2310 τῷ
2907 2239 3080 2310 Πατρὶ
3110 2239 3449 2310 ἀπεράντως.
3491 2237 3609 2291 Ἀθ.
3644 2232 3826 2289 εἶπεν·

2255 2335 2318 2388 Ἦ
2349 2335 2509 2404 σοφία
2537 2336 2632 2388 καὶ
2656 2337 2688 2405 ἡ
2721 2333 2948 2403 δύναμις
2976 2331 3308 2403 συνυπάρχει
3335 2331 3412 2402 τῷ
3437 2331 3610 2402 Πατρὶ
3629 2331 3724 2384 καὶ
3751 2326 3828 2401 τῷ

2243 2428 2519 2498 Πνεῦματι
2553 2427 2628 2497 τῷ
2665 2427 2838 2497 ἀγίῳς
2895 2428 3012 2493 Ἀρ.
3061 2420 3239 2478 εἶπεν·
3291 2423 3476 2487 Οὕτως
3507 2423 3643 2492 ἔχει.
3705 2422 3826 2476 Ἀθ.

2240 2515 2394 2571 »εἶπεν
2415 2534 2428 2547 ·
2461 2513 2553 2581 Εἷς
2587 2514 2679 2570 οῦν
2709 2505 2782 2569 ξῖιν
2820 2519 2848 2570 6
2894 2517 3123 2588 ἀόρατος
3158 2517 3285 2580 Υἱὸς
3329 2515 3422 2569 τοῦ
3457 2515 3616 2578 Θεοῦ,
3665 2515 3694 2566 6
3734 2513 3828 2568 καὶ

2241 2611 2481 2683 όραθεὶς,
2525 2609 2815 2680 ἀσώματος
2857 2612 2952 2663 καὶ
2998 2609 3154 2680 σῶμα
3193 2607 3392 2670 λαϐὼν,
3436 2607 3706 2670 ἀθάνατος
3735 2605 3829 2659 καὶ

2243 2705 2472 2759 θανάτου
2505 2707 2698 2774 πεῖραν
2725 2701 2906 2756 λαϐὼν
2935 2706 3119 2776 σαρκὶ,
3145 2707 3173 2758 6
3201 2703 3556 2773 ἀψηλάφητος
3590 2702 3685 2754 καὶ
3719 2701 3826 2772 ψη.

2242 2795 2525 2867 λαφηθείς.
2553 2798 2682 2862 Ἀρ.
2725 2789 2872 2848 εἷπε·
2905 2795 3166 2866 Σύμφημι
3199 2796 3341 2865 άπερ
3378 2787 3556 2857 εἶπας.
3587 2793 3709 2848 Ἀθ.
3746 2787 3824 2846 εἶ-

2243 2904 2374 2942 πενο
2424 2883 2591 2950 Οὗτος
2627 2882 2719 2939 οὖν
2760 2887 2854 2939 καὶ
2904 2885 3101 2958 Κύριος
3133 2887 3244 2958 (27)
3289 2889 3384 2940 καὶ
3431 2886 3582 2950 Θεὸς,
3633 2885 3724 2939 διὰ.
3766 2885 3828 2939 τὸ

2241 2979 2577 3049 συναφθῑῙναι
2621 2978 2720 3050 τὴν
2756 2977 2935 3050 σάρκα
2981 2978 3060 3050 τῷ
3095 2980 3252 3050 Λόγῳ
3277 2996 3289 3009 ·
3321 2979 3416 3032 καὶ
3462 2979 3522 3030 οὐ
3557 2978 3822 3049 διῃρημέ-

2241 3087 2382 3134 νως,
2437 3070 2530 3122 καὶ
2570 3067 2891 3140 κυριότητες
2939 3071 3034 3140 μὲν
3072 3069 3354 3138 λέγονται·
3390 3072 3417 3122 6
3460 3069 3516 3122 δέ
3556 3068 3650 3122 τοῦ
3690 3068 3823 3122 Θεοῦ

2244 3163 2371 3226 Υἱὸς
2416 3159 2624 3230 Ἰησοῦς
2656 3160 2913 3231 Χριστὸς,
2966 3162 2994 3213 6
3025 3161 3195 3229 Λόγος
3228 3162 3322 3214 καὶ
3370 3161 3523 3224 Θεὸς,
3571 3154 3652 3223 εἷς
3696 3177 3828 3229 τυγ-

2243 3257 2417 3327 χάνει.

2312 3343 2401 3396 22.
2441 3344 2567 3412 Ἀρ.
2605 3339 2724 3396 εἷπε
2747 3362 2760 3376 ·
2794 3345 2950 3396 Δοκεῖ
2984 3341 3072 3413 μοί
3106 3360 3222 3405 πως
3251 3343 3516 3412 ὀρθότατα
3552 3342 3825 3413 καταφαί-

2243 3434 2428 3488 νεσθαι
2474 3437 2502 3487 6
2553 3436 2683 3508 περὶ
2732 3435 2832 3505 τῆς
2870 3433 3198 3506 σαρκώσεως
3238 3435 3399 3507 ὅροςο
3445 3434 3698 3504 μέντοιγε
3727 3433 3828 3488 οὐκ

2244 3525 2492 3597 ἀληθινὸς
2531 3527 2663 3589 Θεός
2697 3529 2842 3579 ἐστιν
2884 3529 2912 3579 6
2958 3527 3117 3589 Υἱὸς,
3150 3525 3340 3597 ὥσπερ
3383 3528 3412 3578 6
3451 3528 3662 3598 Πατήρ.
3713 3527 3824 3581 Ἀθ.

2245 3616 2394 3673 sim‘
2434 3620 2604 3673 Πόθεν
2636 3620 2794 3673 τοῦτο
2824 3618 3063 3690 εἰληφὼς
3091 3621 3355 3690 ἐκόμισας
3391 3621 3554 3690 ήμίν;
3589 3622 3712 3690 Ἃρ.
3753 3615 3830 3672 εἷ-

2245 3731 2344 3766 πεν
2370 3731 2384 3743 ·
2420 3714 2689 3767 Οὐδέποτε
2737 3712 2978 3780 ἀνέγνως
3023 3713 3084 3764 τὸ
3117 3712 3466 3780 Εὐαγγέλιον,
3503 3711 3577 3774 ὥς
3608 3728 3774 3782 φησιν
3799 3713 3828 3764 6

2245 3807 2447 3878 Κύριος
2489 3808 2624 3877 πρὸς
2668 3806 2760 3858 τὸν
2810 3805 3006 3858 ἐαυτοῦ
3052 3806 3268 3876 Πατέρα
3293 3823 3306 3836 ο
3349 3823 3365 3858 ι
3401 3804 3548 3875 Αὕτη
3604 3806 3753 3858 ἐστὶν
3793 3805 3825 3873 ἡ

2245 3897 2460 3961 αἰώνιος
2490 3897 2622 3967 ζωὴ,
2657 3897 2744 3948 ἵνα
2775 3897 3083 3964 γινώσκωσι
3125 3913 3184 3948 σε
3225 3896 3316 3948 τὸν
3373 3897 3532 3967 μόνον
3574 3895 3827 3966 ἀληθινὸν

2245 3989 2398 4049 Θεὸν,
2434 3989 2525 4041 καὶ
2553 3987 2609 4040 ὃν
2655 3987 2981 4051 ἀπέστειλας
3021 3987 3228 4059 Ἰησοῦν
3256 3989 3532 4058 Χριστόν;
3573 4005 3592 4038 ι
3641 3988 3824 4058 Ὁρᾷς,

2244 4080 2325 4132 ὅτι
2377 4080 2533 4149 μόνον
2569 4077 2818 4148 ἀληθινὸν
2843 4078 2973 4131 Θεὸν
3015 4077 3118 4148 ἔφη
3153 4078 3242 4130 τὸν
3274 4077 3516 4147 Πατέρα,
3558 4075 3635 4139 ὡς
3661 4073 3826 4130 αὑτοῦ

2249 4170 2322 4240 μὴ
2342 4170 2490 4233 ὄντος
2514 4169 2768 4240 ἀληθινοῦ
2793 4168 2964 4237 Θεοῦ;
3001 4170 3120 4225 Ἀθ.
3150 4164 3298 4222 εἶπε·
3333 4168 3503 4220 Τοῦτο
3531 4167 3828 4238 σύνδεσμός

2247 4264 2387 4325 ἐστι,
2418 4261 2526 4313 τῶν
2563 4262 2978 4332 προειρημένων
3016 4262 3273 4334 ῥημάτων
3305 4261 3399 4314 καὶ
3428 4259 3536 4312 τῶν
3565 4259 3832 4330 ἐπαχθέν-

2245 4371 2351 4405 των
2384 4353 2443 4405 οὺ
2476 4352 2741 4423 διαίρεσιν
2772 4352 3036 4422 ἐμποιῶν.
3085 4352 3391 4423 Ἀραρότως
3431 4351 3487 4402 δέ
3525 4351 3678 4423 παρά
3720 4352 3830 4413 τοῖς

2247 4443 2597 4514 εὺψρονοῦσιν
2643 4441 2987 4514 ὡμολόγηται
3019 4443 3129 4512 (28)
3177 4441 3469 4512 σύνδεσμος
3499 4440 3562 4493 τὸ
3601 4442 3703 4493 ἐπὶ·
3729 4441 3830 4511 τῆς

568 4519 626 4576 Si
659 4523 782 4593 quis
813 4525 976 4580 alicui
1006 4526 1082 4580 ita
1109 4527 1179 4580 de
1201 4525 1566 4581 Constantino
1595 4527 1914 4596 prisciperet
1947 4526 2141 4582 :Certo

2246 4537 2529 4606 Κυριακῆς
2564 4535 2768 4606 φωνῆς.
2819 4536 2961 4606 Πλὴν
3004 4536 3168 4588 ἄκουε
3219 4535 3355 4606 μετά
3385 4534 3771 4605 μακροθυμίας
3803 4535 3831 4586 ὅ

567 4628 804 4683 agnosce
836 4617 1010 4670 solum
1032 4617 1334 4688 Augustum
1369 4625 1423 4671 et
1467 4618 1746 4670 dominum
1777 4626 1935 4671 terra:
1960 4625 2014 4672 et
2036 4634 2149 4670 ma-

566 4707 644 4762 ris
676 4705 1055 4778 imperatorem
1093 4709 1517 4764 Constantinum
1566 4714 1620 4763 et
1675 4709 2055 4763 Constantium
2088 4710 2150 4764 li-

565 4799 699 4854 lium
721 4801 863 4869 ejus,
893 4817 1022 4855 num
1048 4802 1094 4857 is
1129 4801 1296 4854 lilium
1332 4817 1456 4854 cum
1489 4808 1642 4870 patre
1680 4802 2054 4864 conﬁteretur,
2079 4818 2149 4858 an

563 4892 721 4945 non?
751 4893 790 4945 Α
805 4909 848 4945 r.
905 4891 1021 4946 Non
1057 4893 1173 4946 leve
1202 4901 1288 4947 est
1327 4891 1630 4960 periculum
1661 4893 1844 4946 dicere
1879 4893 2149 4947 Constan-

559 4984 700 5039 tium
731 5001 841 5040 non
881 4986 1150 5054 imperare
1173 5000 1296 5040 cum
1326 4983 1692 5038 Constantino
1727 4995 1881 5054 patre
1917 5002 2017 5041 suo
2038 5029 2051 5046 .
2083 5004 2149 5041 co

563 5077 713 5146 quod
736 5091 844 5130 una
879 5091 1004 5130 cum
1039 5077 1160 5145 ipso
1210 5081 1547 5129 numeretur.
1587 5074 1708 5129 ΑιΙι.
1739 5074 1820 5128 An
1856 5091 1987 5146 ergo
2016 5093 2143 5145 gra-

563 5168 852 5223 vissimum
881 5168 1182 5238 periculum
1216 5166 1398 5220 cernis
1437 5166 1783 5234 impendere,
1815 5169 1861 5222 si
1897 5168 1964 5222 de
1998 5167 2142 5221 Con-

561 5260 809 5315 stantino
842 5267 896 5314 et
928 5258 1253 5314 Constantio
1300 5257 1373 5310 ita
1407 5257 1560 5312 ausis
1588 5257 1754 5328 loqui,
1791 5259 1924 5312 nihil
1957 5268 2141 5313 autem

561 5351 727 5406 times
759 5351 852 5422 qui
878 5351 1010 5404 talia
1037 5349 1104 5404 de
1136 5348 1266 5403 Jesu
1291 5346 1514 5404 Christo
1539 5358 1593 5404 et
1621 5351 1741 5420 ejus
1764 5351 1922 5407 Patre
1953 5352 2142 5420 loque-

631 5510 682 5542 δ’
722 5507 935 5561 Barnch
972 5522 1069 5570 ιιι,
1102 5507 1291 5560 56-58.
1368 5506 1410 5538 δι
1454 5505 1612 5560 Joan.
1647 5523 1796 5573 xvn,
1835 5508 1893 5562 5.

533 5707 537 5736 τ
637 5691 749 5764 (26)
777 5690 1003 5764 Περ-,⁸0
1036 5687 1126 5764 οῦν
1148 5689 1358 5764 -όφθείς,
1389 5687 1586 5764 desunt
1617 5685 1671 5738 in
1703 5686 1839 5764 éug.

638 5752 749 5831 {'27}
784 5761 861 5814 lta
903 5758 1033 5826 Reg.
1087 5752 1226 5831 l'ltlit.
1277 5773 1404 5810 vero
1428 5757 1674 5831 Comm...
1711 5753 1879 5831 Qbro;
1914 5752 2134 5824 Κύριος.

562 5821 710 5888 ﬁdit.
735 5821 919 5886 Iraris.
954 5821 1076 5884 cum
1111 5829 1228 5881 aliis
1263 5843 1393 5881 mss.
1428 5821 1595 5886 Οῦτος
1625 5821 1716 5878 οὖν
1745 5825 1963 5897 Κύριος.

2254 4645 2413 4697 φημι.
2460 4627 2528 4679 Εἴ
2554 4645 2638 4690 τις
2666 4627 2743 4697 τῷ
2785 4627 3008 4698 πλησίον
3045 4627 3343 4680 ἐντέλλεται
3376 4627 3502 4697 περὶ
3533 4627 3830 4679 Κωνστανι

2251 4720 2394 4772 τίνου
2433 4718 2605 4786 λέγων
2628 4733 2642 4747 ·
2681 4719 2964 4786 Ἀσφαλῶς
3009 4719 3245 4786 γίνωσκε
3285 4719 3377 4770 τὸν
3429 4717 3590 4788 μόνον
3621 4717 3832 4787 A6706-

2253 4827 2374 4863 στον
2425 4810 2516 4862 καὶ
2561 4811 2935 4880 αὐτοκράτορα
2993 4811 3097 4880 γῆς
3140 4810 3234 4862 καὶ
3276 4808 3551 4878 θαλάσσης
3607 4808 3832 4878 βασιλέα

2251 4902 2658 4955 Κωνσταντῖνον
2693 4901 2788 4952 καὶ
2819 4901 3194 4953 Κωνστάντιον
3217 4898 3306 4952 τὸν
3343 4899 3456 4951 υἱὸν
3484 4899 3675 4962 αὐτοῦ,
3708 4915 3833 4952 συν-

2249 4991 2565 5062 ωμολόγησε
2596 4989 2686 5041 τὸν
2710 4991 2823 5042 υἱὸν
2850 4991 2929 5061 τῷ
2970 4992 3169 5062 πατρὶ,
3206 4991 3294 5044 ναὶ
3343 4989 3374 5059 ἢ
3419 4987 3519 5052 οῦς
3579 4991 3702 5057 Ἀρ.
3756 4981 3834 5042 εἷ-

2253 5099 2384 5133 πεν’
2420 5082 2492 5132 Οὐ
2532 5081 2724 5151 μικρὸς
2760 5082 3000 5145 κίνδυνος
3032 5083 3093 5134 τὸ
3127 5085 3322 5142 εἰπεῖν,
3353 5081 3434 5133 ὅτι
3463 5081 3525 5132 οὐ
3558 5080 3834 5152 συμϐασι-

2253 5172 2396 5223 λεύει
2424 5171 2800 5234 Κωνστάντιος
2826 5174 3220 5244 Κωνσταντίνῳ
3245 5172 3322 5243 τῷ
3351 5173 3518 5244 πατρὶ
3543 5173 3738 5234 αὐτοῦ,
3770 5173 3835 5224 ἐκ

2247 5257 2338 5312 τοῦ
2378 5258 2826 5330 ὑπαριθμηθῆναι
2853 5261 3004 5332 αὐτῷ
3037 5263 3169 5332 (29).
3209 5264 3316 5316 Ἀθ.
3351 5257 3502 5315 εἶπεν
3524 5279 3535 5290 ·
3575 5263 3702 5315 Ἐπὶ
3736 5261 3836 5331 μὲν

2248 5350 2629 5406 Κωσταντίνου
2681 5352 2774 5405 καὶ
2835 5355 3211 5409 Κωνσταντίου
3274 5353 3517 5408 κίνδυνον
3575 5354 3833 5424 μέγιστε.

2319 5685 2429 5755 (28)
2463 5686 2626 5754 Aug.,
2655 5687 3014 5754 ὁμολογεῖται.

2323 5756 2433 5827 (29)
2467 5755 2577 5826 Heg
2609 5796 2620 5817 ,
2648 5756 2829 5809 αὐτόν.
