4066 6388
245 378 249 382 ’
271 395 378 453 tes

1451 397 1872 455 DlSPUTATlO
1909 396 2193 454 CONTRA
2228 349 2469 453 ARIUH.

3446 398 3554 455 466

241 574 246 589 ί
275 516 421 587 ὁρᾷς,
456 515 553 567 ἐπὶ
584 514 643 568 δὲ
682 511 856 585 Ἰησοῦ
896 514 1136 586 Χριστοῦ
1179 517 1274 571 καὶ
1309 515 1407 570 τοῦ
1448 517 1665 589 Πατρδς
1691 514 1856 570 αὑτοῦ

1965 516 2083 572 ris?
2116 515 2376 571 Eamdem
2428 513 2693 571 adversus
2727 513 3018 569 Dominum
3073 513 3335 570 exhibere
3383 512 3552 569 debes

274 605 333 659 οὐ
362 605 499 675 φοόῇ
533 603 761 659 τοιαῦτα
792 590 1162 676 φθεγγόζιενος
1186 622 1201 672 ;
1228 610 1320 660 Δεῖ
1346 624 1406 660 σε
1431 586 1687 679 τοιαῦτην
1715 607 1861 678 ἔχειν

239 670 245 769 ξ
276 670 552 751 εὐσέϐειαν
587 697 669 760 εἰς
702 696 791 750 τὸν
804 670 1042 769 -Κύριον,
1072 670 1195 751 οἵαν
1219 699 1314 752 καὶ
1348 701 1427 763 εἰς
1455 670 1863 754 Κωνσταντῖνον

236 750 245 799 ί
280 785 526 856 ῥηθέντα.
558 750 675 840 ea;
716 750 1003 858 ἀφῄρησας
1029 750 1161 840 ’ἀπὸ
1202 750 1297 847 τοῦ
1332 750 1864 844 ..εἰς-..δέξιῲᾲ

280 876 546 941 σταντίου,
576 876 856 930 τουτέστιν
886 877 1048 931 αὐτὸν
1080 875 1416 947 Αὔγουστον,
1443 879 1539 932 καὶ
1562 880 1739 933 πάντα
1760 881 1864 935 ὅσα

278 969 355 1033 εἰς
397 969 487 1021 τὸν
533 969 750 1041 πατέρα
790 970 954 1024 αὑτοῦ
987 971 1303 1044 προεῤῥήθη
1325 1011 1340 1034 ,
1380 972 1481 1025 οὐκ
1513 972 1735 1026 ἄλλοθεν
1761 973 1862 1043 τὴν

279 1061 503 1129 ἑνότητα
531 1062 632 1132 τῆς
661 1061 818 1128 ἀξίας
846 1064 1101 1131 ἐπιγνοὺς
1131 1063 1165 1134 ῆ
1199 1063 1266 1116 δι’
1295 1063 1484 1117 αὑτοῦ.
1524 1065 1642 1131 Ἀρ.
1671 1059 1823 1117 εἶπεν
1843 1080 1859 1095 ο

290 1150 571 1216 Ἐκκλίνας
599 1153 711 1206 ἀπὸ
741 1153 849 1207 τῶν
889 1154 1287 1225 συλλογισμῶν,
1333 1155 1610 1226 ἐγγραφόν
1646 1174 1734 1227 μοι
1774 1156 1864 1219 δὺς

278 1241 570 1309 ἀπόδειξιν,
592 1248 643 1299 εἰ
666 1245 919 1317 ἀληθινὸς
941 1247 1071 1310 Θεὸς
1092 1248 1242 1300 ἐστιν
1267 1250 1296 1300 6
1318 1247 1466 1314 Υἱὸς,
1490 1246 1679 1317 ὥσπερ
1707 1246 1865 1316 κάγώ

282 1354 359 1391 σοι
385 1337 570 1409 φωνὴν
607 1338 930 1411 παρεθέμην
961 1339 1349 1411 εὐαγγελικήν.
1391 1340 1501 1394 Ἀθ.
1533 1335 1687 1393 εἶπεν
1713 1358 1727 1371 ·
1763 1341 1861 1393 ’Δ-

279 1448 401 1485 κουε
429 1432 526 1485 καὶ
567 1433 699 1505 περὶ
733 1432 926 1486 τούτου
975 1432 1254 1506 ἔγγραφον
1299 1433 1400 1504 τὴν
1432 1433 1739 1501 ἀπόδειξιν,
1770 1434 1865 1489 καὶ

283 1525 353 1596 μὴ
382 1523 589 1578 “lavdi.
639 1524 894 1596 Ἰωάννης
919 1527 950 1578 6
984 1525 1283 1589 ἀπόστολος
1308 1525 1479 1590 οὕτως
1513 1526 1617 1598 ἔφη
1641 1544 1657 1557 ·
1694 1546 1714 1578 ι
1755 1529 1865 1580 Καὶ

278 1616 515 1687 οἴδαμεν,
545 1617 628 1671 ὃτι
660 1617 690 1670 ὁ
721 1617 814 1671 τοῦ
844 1618 980 1672 Θεοῦ
1010 1617 1138 1681 Υἱὸς
1179 1618 1307 1688 ἥκει
1326 1659 1341 1683 ,
1377 1621 1471 1672 καὶ
1503 1619 1704 1673 ἔδωκεν
1730 1622 1864 1691 ἡμῖν

278 1708 539 1774 διάνοιαν,
588 1709 679 1763 ἵνα
729 1708 1085 1779 γινώσκωμεν
1134 1710 1229 1764 τὸν
1256 1704 1510 1782 ἀληθένὸν
1557 1712 1690 1764 Θεόν
1716 1728 1729 1743 ·
1770 1710 1866 1765 καί

279 1800 437 1869 ἐσμεν
465 1799 525 1851 ὲν
554 1797 634 1869 τῷ
661 1798 901 1870 ἀληθινῷ
934 1798 1047 1869 Υἰῷ
1079 1798 1243 1852 αὑτοῦ
1287 1800 1460 1870 Ἰησοῦ
1488 1799 1728 1872 Χριστῷ.
1759 1796 1863 1854 Οὗο

1965 608 2253 678 pietatem,
2312 621 2377 661 ac
2409 606 2467 662 in
2513 614 2877 662 memoratum
2926 604 3372 662 Constantinum.
3428 604 3550 660 Non

1964 698 2240 755 abstulisti
2279 698 2349 753 ab
2375 698 2498 768 ejus
2532 696 2645 753 tilio
2667 696 2992 755 Constantio
3024 698 3256 769 Augusti
3291 697 3555 769 majesta-

1963 800 2097 855 tem,
2131 806 2235 847 nec
2263 791 2370 845 alia
2395 790 2579 847 omnia
2612 806 2737 862 qua!
2763 791 2832 848 de
2863 799 3019 862 patre
3055 793 3176 863 eius
3216 799 3377 847 antea
3423 800 3554 847 sunt

1964 884 2111 938 dicta
2143 902 2156 939 :
2188 899 2289 939 nec
2320 883 2540 939 aliunde
2575 884 2862 955 dignitatis
2891 884 3076 940 unitas
3112 884 3210 939 tibi
3242 894 3368 941 nota
3405 884 3509 939 fuit
3533 925 3549 945 ,

1963 992 2133 1046 quam
2160 992 2256 1046 per
2292 976 2494 1047 ipsum.
2530 977 2629 1032 Ar.
2686 975 2920 1033 Omissis
2966 978 3299 1049 syllogismis
3324 1017 3341 1044 ,
3382 976 3553 1048 proba
3669 1010 3673 1015 ι

1966 1068 2102 1123 mihi
2170 1068 2468 1138 Scripturze
2529 1070 2858 1125 auctoritate
2917 1070 3119 1126 Filium
3186 1086 3379 1127 verum
3433 1086 3554 1127 esse

1966 1159 2177 1226 Deum,
2227 1159 2687 1229 quemadmodum
2742 1177 2845 1233 ego
2889 1163 2987 1217 tibi
3035 1179 3225 1218 vocem
3277 1162 3555 1235 evangeli-

1966 1264 2085 1302 cam
2122 1250 2405 1319 proposui.
2458 1250 2585 1305 Ath.
2623 1251 2768 1306 Audi
2799 1254 2985 1322 itaque
3015 1251 3314 1323 Scriptura:
3352 1253 3454 1308 hac
3484 1252 3555 1308 de

1967 1354 2028 1395 re
2049 1340 2238 1406 verba,
2266 1356 2371 1396 nec
2399 1357 2547 1397 erra.
2577 1341 2819 1400 Joannes
2841 1346 3122 1415 apostolus
3144 1346 3261 1401 haec
3289 1347 3366 1402 ait
3390 1364 3405 1400 :
3436 1364 3455 1397 ι
3487 1345 3555 1400 Et

1967 1432 2178 1489 scimus
2204 1434 2465 1504 quoniam
2487 1432 2658 1492 Filius
2683 1434 2779 1491 Dei
2803 1438 2975 1501 venit,
2991 1444 3045 1492 et
3065 1436 3216 1493 dedit
3239 1438 3399 1493 nobis
3427 1454 3555 1495 sen-

1966 1540 2113 1591 sum,
2151 1535 2212 1581 ut
2251 1539 2655 1596 cognoscamus
2688 1542 2877 1583 verum
2923 1528 3096 1584 Deum
3126 1548 3141 1584 :
3172 1536 3229 1583 et
3255 1544 3449 1584 sumus
3499 1531 3555 1583 in

1966 1634 2097 1675 vero
2128 1616 2268 1674 Filio
2301 1618 2423 1687 ejus
2454 1617 2584 1674 Jesu
2603 1618 2846 1675 Christo.
2883 1619 2982 1675 Hic
3014 1627 3101 1678 est
3128 1636 3297 1677 verus
3325 1619 3470 1677 Deus
3502 1631 3559 1676 et

1965 1711 2079 1765 vita
2108 1718 2314 1767 aeterna
2347 1711 2416 1767 δ’.
2459 1731 2478 1765 ι
2524 1710 2685 1769 Vides
2735 1714 2957 1768 easdem
3006 1728 3173 1769 voces
3202 1711 3270 1767 de
3295 1712 3455 1768 Patre
3502 1722 3558 1765 et

1967 1802 2106 1859 Filio
2137 1803 2412 1873 proferri,
2462 1802 2776 1875 Filiumque
2832 1820 2988 1876 atque
3020 1821 3084 1862 ac
3121 1804 3339 1862 Patrem
3385 1802 3557 1860 Deum

277 1891 363 1953 τός
402 1891 551 1944 ἐστιν
600 1892 631 1943 6
672 1890 926 1962 ἀληθινὸς
966 1891 1098 1954 Θεὸς
1130 1893 1226 1945 καὶ
1272 1894 1306 1963 ή
1344 1891 1458 1963 ζωὴ
1504 1894 1537 1964 ἡ
1569 1891 1804 1956 αἰώνιος.
1838 1911 1856 1943 ι

1965 1893 2186 1948 dicere?
2216 1893 2352 1948 Nam
2378 1894 2839 1965 quemadmodum
2881 1897 2950 1951 de
2994 1894 3154 1953 Patre
3183 1896 3301 1953 ait:
3355 1913 3376 1949 t
3431 1894 3559 1951 Haec

287 1982 466 2055 Ὁρᾷς,
503 1984 586 2037 ὅτι
638 1986 800 2038 αὐταὶ
844 1986 899 2039 αἱ
932 1984 1107 2054 φωναὶ
1152 1985 1410 2056 φέρονται
1454 1986 1582 2055 περὶ
1606 1983 1700 2039 τοῦ
1730 1984 1862 2041 Υἱοῦ

277 2076 367 2130 καὶ
409 2078 665 2151 Πατρὸς,
693 2078 1038 2147 θεολογοῦσαι
1088 2079 1200 2131 ἴσον
1247 2078 1338 2132 τὸν
1384 2077 1514 2131 Υξδν
1555 2076 1632 2147 τῷ
1665 2077 1858 2150 Πατρί.

279 2166 483 2240 Ὥσπερ
518 2168 632 2240 γάρ
678 2170 772 2225 ἐπὶ
820 2169 915 2223 τοῦ
962 2169 1177 2241 Πατρὸς
1220 2168 1358 2241 ἔφη’
1396 2188 1414 2221 ι
1454 2168 1603 2241 Αὕτη
1650 2169 1799 2223 ἐστὶν
1828 2172 1862 2242 ἡ

276 2258 489 2323 αἰώνιος
537 2260 673 2332 ζωὴ,
720 2262 804 2315 ἵνα
845 2260 1155 2330 γινώσκωσξ
1185 2280 1245 2316 σε
1297 2264 1389 2318 τὸν
1419 2264 1578 2335 μόνον
1609 2262 1862 2334 ἀληθινὸν

275 2354 426 2418 Θεόν,
466 2373 488 2405 ι
528 2355 624 2407 καὶ
663 2354 900 2408 ἐνταῦθα
943 2358 1072 2427 περὶ
1112 2356 1210 2410 τοῦ
1240 2357 1373 2410 Υἱοῦ
1416 2374 1608 2427 φησιν’
1646 2374 1664 2409 t
1695 2350 1863 2421 Οὗτός

275 2448 419 2501 ἔστιν
466 2450 496 2502 6
549 2447 805 2519 ἀληθινὸς
849 2449 983 2515 Θεὸς
1027 2452 1121 2505 καὶ
1149 2450 1260 2522 ζωὴ
1306 2450 1542 2516 αἰώνιος.
1584 2471 1605 2506 ι
1641 2450 1714 2505 Τὸ
1745 2448 1860 2515 οὖν,

281 2560 299 2592 ι
334 2542 445 2595 Καὶ
486 2541 548 2595 ὃν
580 2541 910 2607 ἀπέστειλας
949 2542 1156 2614 Ἰησοῦν
1189 2542 1456 2615 Χριστὸν,
1502 2561 1523 2594 ι
1567 2540 1863 2612 σύνδεσμος

273 2633 549 2702 τυγχάνει,
580 2632 704 2686 ἀντὶ
733 2629 832 2685 τοῦ
859 2632 1040 2702 λέγειν
1061 2675 1077 2700 ,
1109 2652 1127 2685 ι
1159 2634 1225 2687 Σὲ
1259 2635 1417 2705 μόνον
1446 2634 1697 2706 ἀληθινὸν
1730 2626 1864 2686 Θεὸν

276 2726 368 2779 καὶ
388 2725 450 2778 ὃν
477 2724 813 2788 ἀπέστειλας
845 2724 1054 2796 Ἰησοῦν
1086 2726 1343 2797 Χριστὸν,
1371 2745 1390 2777 ι
1443 2726 1530 2779 ἵνα
1552 2724 1862 2794 γινώσκωσι

273 2820 362 2875 τὸν
388 2820 522 2874 Υἱὸν
547 2820 803 2892 ἀληθινὸν
829 2820 962 2874 Θεὸν
978 2860 994 2884 ,
1028 2818 1218 2892 ὥσπερ
1248 2819 1345 2873 καὶ
1384 2819 1444 2872 σὲ
1475 2820 1566 2874 τὸν
1601 2818 1820 2889 Πατέρα
1845 2833 1859 2847 α

1963 1992 2049 2039 est
2078 1984 2191 2037 vita
2227 1992 2459 2048 aeterna,
2518 1992 2579 2039 ut
2623 1995 2961 2055 cognoscant
3014 1991 3069 2038 te
3131 1982 3311 2039 solum
3367 1998 3560 2038 verum

1964 2075 2169 2133 Deum:
2194 2094 2215 2128 ι
2230 2075 2306 2129 ita
2323 2082 2378 2130 et
2399 2074 2474 2129 ibi
2500 2074 2570 2130 de
2590 2073 2730 2129 Filio
2751 2075 2916 2130 dicit:
2948 2093 2968 2127 ι
3000 2073 3101 2130 llic
3124 2084 3210 2131 est
3228 2088 3394 2130 verus
3412 2072 3563 2130 Deus

1962 2174 2017 2224 et
2045 2169 2155 2222 vita
2184 2176 2408 2223 aeterna.
2441 2186 2462 2219 ι
2495 2166 2622 2222 llaec
2651 2167 2819 2239 igitur
2844 2168 3014 2223 verba
3047 2185 3062 2222 :
3104 2185 3123 2218 ι
3162 2165 3228 2221 Et
3261 2181 3426 2238 quem
3450 2168 3557 2220 mi-

1965 2259 2086 2315 sisti
2114 2257 2301 2315 Iesum
2329 2258 2646 2323 Christum,
2699 2276 2718 2310 ι
2755 2257 3077 2327 coniunctio
3110 2266 3218 2321 est,
3252 2272 3376 2328 quae
3411 2256 3559 2311 idem

1964 2349 2236 2420 signiﬁcat
2255 2357 2422 2420 atque
2442 2348 2761 2419 huiusmodi
2786 2350 2989 2405 verba:
3018 2369 3037 2401 ι
3061 2347 3138 2405 Te
3161 2349 3340 2405 solum
3363 2361 3556 2404 verum

1964 2442 2134 2499 Deum
2159 2450 2214 2499 et
2238 2458 2402 2514 quem
2435 2442 2635 2498 misisti
2665 2440 2854 2501 Iesum
2891 2440 3231 2507 Christum,»
3268 2441 3323 2496 id
3342 2446 3461 2508 est,
3493 2447 3557 2494 ut

1965 2546 2305 2610 cognoscant
2376 2535 2576 2593 Filium
2647 2544 2802 2591 tuum
2859 2550 3050 2593 verum
3121 2535 3285 2607 138
3328 2532 3502 2590 Deum
3536 2573 3555 2598 ,

1965 2630 2427 2702 quemadmodum
2461 2639 2517 2686 et
2542 2636 2598 2686 te
2627 2627 2872 2685 Patrem.
2907 2627 3077 2685 Sicut
3090 2636 3146 2684 et
3175 2627 3311 2684 alibi
3345 2628 3421 2682 ait
3450 2625 3559 2680 Do-

1964 2723 2171 2788 minus,
2208 2740 2230 2775 ί
2261 2722 2375 2793 Ego
2403 2736 2528 2778 sum
2554 2720 2761 2777 veritas
2788 2719 2858 2777 ”.
2891 2739 2912 2774 ι
2943 2718 3378 2781 Veritasautem
3411 2733 3559 2773 nun-

1966 2830 2128 2886 quam
2159 2816 2335 2886 possit
2369 2830 2493 2872 esse
2517 2812 2884 2870 mendacium.

273 2912 523 2985 καθάπερ
555 2914 650 2967 καὶ
677 2916 736 2968 ὲν
760 2912 906 2985 ἄλλῳ
934 2915 1084 2985 τόταρ
1119 2912 1297 2978 ἔλεξεν
1324 2916 1353 2967 6
1377 2913 1582 2985 Κύριος
1604 2928 1621 2944 ⁸
1655 2930 1676 2965 t
1716 2908 1858 2979 Ἐγώ
1895 2911 2067 2981 εἰμιή
2095 2909 2343 2981 ἀλήθεια.
2384 2928 2402 2962 ι
2455 2907 2793 2981 Ἀλήθειαλᾶ
2834 2908 2937 2961 οὐκ
2997 2907 3065 2963 ἂν
3111 2905 3304 2977 ψεῦδος
3337 2900 3560 2973 ἐγένετό

277 3023 425 3060 ποτε.

341 3103 429 3157 25.
458 3104 580 3172 Ἀρ.
622 3101 809 3157 εἶπενο
851 3102 1128 3175 Ὁμολογῶ
1154 3104 1311 3172 κάγὼ
1332 3103 1466 3175 (50),
1492 3105 1574 3157 ὅτι
1607 3101 1857 3173 ἀληθινὸς

2033 3093 2126 3148 23.
2167 3091 2263 3146 Ar.
2298 3089 2575 3146 Conﬁteor
2606 3096 2663 3143 et
2690 3102 2792 3158 ego
2822 3085 3021 3142 Filium
3062 3058 3155 3142 Dei
3210 3100 3401 3141 verum
3428 3103 3552 3144 esse

276 3192 404 3256 Θεός
447 3194 596 3246 ἐστιν
627 3196 657 3247 6
689 3193 817 3257 Υἱὸς
844 3193 937 3247 τοῦ
966 3194 1133 3247 Θεοῦι
1178 3196 1250 3265 μή
1292 3210 1356 3262 γε
1398 3194 1623 3248 δύνασαι
1666 3191 1856 3263 φάναι,

1965 3185 2132 3241 Deum
2168 3226 2181 3239 .
2218 3199 2352 3237 num
2377 3197 2509 3238 vero
2530 3181 2716 3238 dicere
2761 3188 2936 3252 potes,
2966 3179 3133 3236 simul
3165 3177 3341 3245 Deus,
3383 3181 3551 3235 simul

280 3286 391 3355 ἅμα
415 3284 571 3350 Θεὸς,
604 3286 721 3357 ἅμα
750 3286 907 3351 Υἱός;
942 3286 1051 3341 Ἀθ.
1083 3282 1203 3340 εἷπε
1227 3304 1242 3320 ·
1274 3287 1339 3340 Τί
1363 3288 1541 3356 λέγεις
1564 3288 1680 3358 ἅμα
1704 3286 1856 3350 Θεὸς,

282 3374 392 3445 ἅμα
422 3376 589 3441 Υἱόςς
624 3376 744 3431 Ὅτι
788 3378 818 3430 6
868 3377 997 3441 Υἱὸς
1043 3379 1159 3449 ἅμα
1193 3378 1318 3443 Υἱὸς
1365 3378 1500 3433 Θεοῦ
1548 3379 1700 3443 ὲστις
1728 3378 1856 3432 Ναί.

287 3466 345 3520 Ὁ
363 3467 473 3539 γὰρ
497 3468 637 3522 Θεοῦ
658 3468 832 3538 Λόγος
860 3470 971 3541 (3|)
997 3470 1130 3535 Θεὸς
1158 3470 1437 3542 τυγχάνει,
1461 3471 1590 3534 Υἱὸς
1620 3469 1715 3523 τοῦ
1747 3472 1862 3524 Πα-

278 3559 399 3629 τρὸς
449 3558 550 3615 ὦν.
584 3562 706 3629 Ἀρ.
747 3558 900 3615 εἶπεν
922 3578 937 3594 ⁸
971 3563 1084 3633 Οὐχ
1108 3562 1283 3625 οὕτως
1324 3563 1488 3635 φημὶ,
1531 3562 1648 3617 ἀλλ’
1674 3562 1755 3615 ὃτι
1785 3563 1860 3634 μὴ

278 3647 497 3702 δύνασαι
531 3648 704 3719 φῆσαι
738 3649 873 3720 (52),
902 3649 1020 3722 ἅμα
1051 3651 1185 3715 Θεὸς
1209 3651 1419 3722 Πατὴρ,
1452 3650 1570 3721 ἅμα
1603 3650 1734 3713 Υἱὸς
1764 3651 1861 3703 σὺν

282 3741 467 3813 Πατρξ.
514 3742 626 3795 Ἀθ.
660 3737 781 3793 εἷπε
806 3758 820 3771 ·
852 3743 952 3795 Διὰ
987 3743 1040 3796 τί
1081 3744 1141 3796 οὐ
1172 3742 1407 3813 δύναμαι
1452 3742 1609 3796 τοῦτο
1651 3743 1859 3807 εἰπείν;

283 3833 397 3903 Ἄρ.
430 3828 617 3886 εἶπεν
657 3833 781 3886 Ὅτι
805 3833 835 3885 ὁ
860 3833 991 3899 Θεὸς
1036 3833 1225 3905 Πατὴρ
1259 3834 1552 3903 ἁγέννητος
1580 3835 1860 3904 τυγχάνει,

280 3926 306 3976 6
331 3923 385 3977 δὲ
416 3924 551 3987 Υἱὸς
576 3921 836 3995 γεννητός
858 3923 1024 3977 ἐστιν.
1073 3926 1183 3980 Ἀθ.
1210 3920 1360 3978 εἶπεν
1386 3941 1398 3955 ·
1444 3924 1507 3976 Ἠ
1532 3924 1864 3994 ἀγέννητος

284 4017 428 4089 φωνὴ
462 4018 560 4070 ἐπὶ
586 4014 685 4069 τοῦ
714 4015 851 4070 Θεοῦ
885 4017 1045 4088 μόνου
1077 4017 1352 4083 τάττεται,
1379 4017 1412 4089 ἢ
1444 4018 1537 4071 καὶ
1570 4017 1663 4072 ἐπὶ
1689 4016 1863 4071 ἄλλων

282 4109 470 4174 τινῶν;
509 4110 635 4178 Ἀρ.
669 4103 827 4161 εἶπεν
849 4125 863 4139 ο
900 4108 1060 4162 ’Ἄλλο
1088 4127 1140 4163 τι
1170 4109 1244 4181 μὴ
1277 4111 1485 4178 γένοιτο
1516 4113 1684 4181 φῆσαι
1714 4111 1866 4179 ἀγέν-

285 4217 436 4271 νητον
458 4218 477 4233 ι
502 4201 533 4255 6
559 4201 672 4272 γὰρ
701 4201 1013 4272 ἀγέννητον,
1046 4192 1204 4255 τοῦτο
1250 4203 1347 4255 καὶ
1396 4203 1630 4273 ἄναρχον
1660 4202 1864 4272 τυγχά-

285 4308 377 4347 νει.
395 4294 508 4348 Ἁθ.
547 4289 734 4346 εἶπεν·
776 4293 843 4346 Ἣ
871 4292 1045 4364 φωνὴ,
1068 4295 1102 4364 ὴ
1130 4293 1480 4363 ἀγέννητος,
1505 4294 1662 4347 οὐσία
1691 4296 1861 4358 ἐστὶν,

288 4384 536 4453 ἢοΰσὶας
588 4386 897 4457 σημαντικὴ
927 4401 943 4449 ;
979 4386 1099 4453 Ἄρ.
1144 4382 1326 4438 εἶπεν·
1370 4386 1540 4440 Οὐσία
1582 4388 1859 4457 τυγχάνει.

301 4475 401 4531 Ἀθ.
429 4473 586 4529 εἶπεν
604 4493 618 4507 ο
656 4476 845 4548 Ψεύδῃ
865 4494 878 4507 ο
904 4477 1004 4531 οὐκ
1032 4475 1177 4530 ἔστιν
1203 4477 1381 4540 οὐσία,
1408 4477 1521 4530 ἀλλ’
1547 4478 1736 4542 οὐσίας
1769 4496 1862 4550 σηι

292 4567 537 4637 μαντική.
574 4567 705 4634 Ἀρ.
749 4560 869 4618 εἷπε
890 4582 905 4598 ⁸
932 4564 998 4618 Τί
1032 4566 1318 4637 σημαίνειν
1351 4565 1524 4630 θέλεις
1558 4567 1669 4636 (55)
1697 4583 1711 4632 ;
1750 4568 1859 4622 ’A0.

290 4653 431 4712 εἶπεν
459 4674 475 4688 ·
513 4658 635 4711 Ὀτι
670 4658 730 4710 οὐ
762 4656 1014 4726 γέγονεν,
1047 4656 1171 4710 οὔτε
1232 4655 1339 4727 μὴν
1386 4657 1649 4730 ἐγεννήθη
1694 4660 1727 4729 ἡ
1768 4658 1862 4713 τοῦ

290 4752 416 4807 Θεοῦ
435 4754 623 4807 οὐσίαο
652 4752 775 4805 ὃθεν
808 4751 1136 4823 προσφόρως
1177 4750 1413 4821 λέγομεν
1438 4750 1736 4821 ἀγέννητον
1766 4753 1864 4821 τὴν

291 4846 466 4900 οὐσίαν
514 4844 611 4899 τοῦ
654 4843 812 4897 Θεοῦ.
847 4839 981 4896 Εἶτα
1026 4842 1148 4895 εἰπέ
1177 4859 1296 4913 μοι’
1336 4842 1506 4913 Ἀδὰμ
1555 4841 1820 4913 ἐγεννήθη
1848 4883 1863 4907 ,

292 4937 427 5007 ναὶῆ
460 4934 559 4999 ob;
595 4937 713 5003 Ἄρ.
755 4929 908 4986 εἶπεν
933 4950 945 4963 ·
979 4932 1091 4985 Οὐκ
1123 4930 1409 5000 ἐγεννήθη,
1442 4930 1557 4986 ἀλλ’
1597 4931 1865 5003 ἐπλάσθη.

306 5028 416 5110 Ἀθὁ
437 5025 559 5083 εἷπε
584 5045 598 5059 ’
634 5028 772 5099 Περὶ
798 5026 892 5079 τοῦ
916 5024 1211 5096 ἐγεννήθη
1246 5022 1599 5095 ὲπηρὼτησα,
1643 5027 1703 5079 οὐ
1739 5026 1870 5097 περὶ

296 5120 379 5173 τοῦ
411 5120 693 5187 ἐπλάσθη
726 5118 863 5187 (34}.
902 5120 1022 5186 Ἀρ.
1069 5112 1221 5171 εἶπεν
1246 5133 1258 5146 ⁶
1286 5117 1399 5169 Οὐκ
1425 5116 1714 5190 ἐγεννήθη.
1758 5118 1866 5171 Ἀθ.

298 5208 439 5268 εἶπεν
462 5234 476 5248 ·
505 5213 718 5269 Οὐκοῦν
749 5212 904 5267 ἔσται
948 5211 1185 5283 ἄναρχος
1214 5209 1355 5264 κατὰ
1391 5211 1471 5265 σέ.
1522 5210 1684 5264 Ἀλλὰ
1709 5212 1806 5265 καὶ
1838 5211 1871 5280 ἡ

301 5305 403 5360 Εὔα
426 5308 525 5363 οὐκ
555 5306 846 5376 ἐγεννήθη,
869 5303 982 5360 ἀλλ’
1010 5302 1437 5376 ὲδημιουργήθη.
1462 5304 1527 5356 Τί
1553 5303 1608 5357 δὲ
1643 5307 1747 5375 φῂς
1779 5304 1873 5357 καὶ

367 5462 407 5496 ⁸³
447 5463 654 5519 Noun.
692 5477 745 5527 ν,
775 5461 864 5514 20.
942 5459 986 5490 ⁸³
1021 5457 1178 5515 .loan.
1216 5476 1328 5521 xxv,
1364 5460 1416 5513 6.

371 5644 473 5713 (30)
505 5641 677 5712 Κάγώ
712 5641 866 5713 deest
896 5641 952 5713 in
979 5641 1117 5713 Aug.

373 5709 476 5783 (Si)
509 5709 642 5783 Heg.
668 5721 723 5769 et
751 5709 1191 5783 Anglicq'O'ydp
1217 5710 1348 5783 Θεὸς
1378 5709 1573 5779 Λόγος.

370 5781 474 5851 (δέ)
508 5781 723 5854 Anglic,
769 5782 1025 5836 δύνασθαι
1089 5781 1232 5837 Infra
1268 5781 1410 5836 idem
1443 5798 1659 5852 semper
1685 5781 1870 5849 habet,

309 5853 574 5927 ὲγένητος.
602 5853 634 5926 ί

1965 3276 2176 3332 Filius?
2207 3276 2332 3330 ΑιΙι.
2365 3274 2507 3341 Quid
2533 3273 2696 3338 dicis,
2728 3273 2893 3328 simul
2928 3271 3071 3327 Deus
3091 3311 3107 3337 ,
3148 3272 3314 3327 simul
3346 3271 3558 3329 Filius?

1964 3363 2103 3420 Num
2124 3364 2272 3435 quod
2303 3362 2477 3418 Filius
2507 3362 2674 3419 simul
2705 3360 2778 3417 sit
2808 3359 3104 3417 FiliusDei
3126 3362 3149 3415 ?
3172 3360 3251 3416 Ita
3272 3370 3380 3417 est.
3413 3358 3555 3416 Nam

1963 3457 2110 3512 Deus
2138 3454 2378 3512 Verbum
2435 3453 2583 3510 Deus
2635 3460 2761 3517 est,
2813 3467 2939 3508 cum
3000 3451 3074 3507 sit
3135 3450 3319 3508 Patris
3360 3450 3554 3509 Filius.

1962 3548 2061 3603 Ar.
2104 3545 2225 3601 Non
2278 3545 2394 3601 haec
2457 3543 2625 3611 dico,
2681 3544 2800 3609 sed,
2855 3543 3004 3614 quod
3056 3543 3173 3612 ipse
3221 3541 3407 3599 dicere
3460 3558 3557 3597 nc-

1964 3652 2155 3708 queas,
2188 3636 2353 3692 simul
2387 3633 2531 3691 Deus
2564 3632 2729 3689 Pater
2752 3673 2768 3698 ,
2819 3633 2983 3688 simul
3008 3632 3335 3690 Filiuscum
3371 3631 3554 3688 Patre.

1964 3729 2091 3784 ΑιΙι.
2143 3727 2255 3784 Cur
2294 3727 2353 3783 id
2395 3726 2581 3783 dicere
2613 3726 2923 3796 nequeam?
2976 3724 3074 3779 Ar.
3105 3723 3243 3790 Quia
3283 3724 3428 3780 Deus
3453 3722 3558 3779 Pa~

1964 3835 2048 3881 ter
2076 3823 2354 3895 ingenitus
2379 3830 2485 3887 est,
2516 3819 2690 3876 Filius
2710 3835 2844 3876 vero
2872 3827 2958 3875 est
2991 3820 3231 3891 genitus.
3270 3818 3399 3874 Ath.
3427 3816 3555 3873 Haec
3609 3855 3615 3862 ο

1967 3931 2095 3980 vox,
2128 3914 2395 3983 ingenitus
2415 3951 2430 3978 ,
2465 3910 2534 3968 de
2577 3911 2771 3968 solone
2800 3908 2911 3966 Deo
2935 3916 3257 3981 usurpatur,
3289 3924 3359 3964 an
3389 3897 3555 3965 etiam

1964 4009 2033 4064 de
2082 4006 2204 4062 aliis
2258 4002 2621 4076 quibusdam?
2654 4002 2752 4057 Ar.
2784 4000 2932 4057 Nihil
2966 4010 3115 4058 certe
3145 4000 3296 4056 aliud
3350 3998 3436 4056 fas
3468 4007 3558 4055 est

1964 4101 2150 4155 dicere
2185 4097 2510 4170 ingenitum.
2534 4095 2671 4150 Nam
2711 4096 2860 4168 quod
2906 4094 3209 4166 ingenitum
3245 4102 3333 4149 est
3355 4132 3373 4158 ,
3408 4092 3555 4148 idem

1963 4201 2019 4247 et
2052 4190 2307 4263 principii
2333 4198 2418 4246 est
2468 4204 2685 4261 expers.
2726 4188 2853 4244 Atla.
2899 4186 3051 4253 Vox,
3088 4186 3391 4257 ingenitus,
3416 4183 3553 4240 sub-

1967 4287 2242 4340 stantianc
2270 4292 2375 4349 est,
2404 4299 2475 4338 an
2502 4282 2870 4338 substantiam
2902 4278 3277 4352 signiﬁcans?
3303 4277 3400 4332 Ar.
3423 4276 3559 4332 Sub-

1965 4376 2168 4433 stantia
2211 4383 2317 4432 est.
2357 4375 2482 4429 Ath.
2520 4372 2678 4430 Falsa
2718 4373 2896 4430 dicis:
2942 4387 3051 4427 non
3097 4379 3184 4429 est
3224 4369 3555 4434 substantia,

1968 4469 2063 4526 sed
2118 4469 2486 4525 substantiam
2538 4466 2881 4538 signiﬁcans.
2926 4464 3022 4519 Ar.
3063 4462 3207 4530 Quid
3256 4461 3557 4533 intelligis?

1898 4533 1943 4592 θ
1969 4562 2095 4619 ΑιΙι.
2150 4560 2396 4633 intelligo
2454 4576 2553 4616 nec
2590 4533 2787 4614 iactam
2840 4573 2943 4614 nec
2990 4558 3229 4629 genitam
3274 4571 3399 4612 esse
3457 4553 3553 4611 Dei

1972 4655 2334 4710 substantiam
2368 4672 2383 4708 :
2422 4651 2567 4707 unde
2600 4650 2994 4706 convenienter
3045 4646 3139 4703 Dei
3190 4645 3557 4703 substantiam

1971 4746 2205 4802 dicimus
2242 4744 2562 4816 ingenitam.
2608 4741 2822 4797 Deinde
2853 4739 3125 4811 responde
3166 4737 3338 4793 mihi:
3389 4732 3557 4790 Geni-

1974 4846 2138 4895 tusne
2165 4844 2251 4893 est
2279 4836 2472 4902 Adam,
2501 4850 2572 4890 an
2601 4850 2710 4889 non
2734 4834 2757 4887 ?
2788 4840 2887 4888 Ar.
2920 4829 3043 4888 Non
3066 4836 3152 4887 est
3192 4827 3430 4900 genitus,
3461 4824 3557 4880 sed

1976 4932 2266 4989 formatus.
2298 4928 2423 4984 Atii.
2453 4926 2788 4999 Interrogavi
2819 4933 3002 4981 utrum
3023 4931 3173 4981 esset
3193 4920 3428 4993 genitus,
3447 4933 3556 4973 non

1979 5032 2162 5079 utrum
2184 5029 2334 5077 esset
2364 5020 2656 5076 formatus.
2700 5019 2799 5077 Ar.
2834 5016 2955 5074 Non
3004 5023 3089 5072 est
3139 5013 3379 5085 genitus.
3427 5009 3555 5068 Atii.

1978 5117 2096 5171 Erit
2130 5116 2294 5186 igitur
2323 5115 2578 5185 principii
2603 5127 2802 5184 expers
2832 5110 3133 5167 secundum
3189 5114 3258 5162 te.
3294 5103 3404 5159 Eva
3426 5103 3558 5158 item

1980 5222 2090 5263 non
2120 5214 2203 5262 est
2240 5206 2453 5276 genita,
2503 5203 2601 5263 sed
2637 5211 2840 5260 creata.
2870 5201 3010 5271 Quid
3068 5212 3194 5254 vero
3225 5194 3367 5251 dicis
3395 5193 3463 5250 de
3495 5210 3563 5248 eo

1942 5366 1947 5377 _
1981 5303 2076 5374 qui
2115 5300 2361 5361 nondum
2382 5300 2599 5373 genitus
2622 5306 2726 5363 est,
2753 5296 3065 5374 genitumne
3098 5306 3219 5348 esse
3247 5304 3314 5345 an
3347 5285 3564 5359 ingeni-

2056 5634 2366 5711 (33)Ang_l.,
2393 5632 2546 5704 θέλῃ.
2575 5630 2745 5685 Paulo
2770 5634 2895 5701 post
2926 5627 3091 5695 idem,
3125 5625 3383 5699 ἐγενήθη,
3415 5634 3466 5684 ει
3494 5628 3572 5679 in-

1981 5705 2086 5771 fra,
2115 5705 2340 5781 γενητόν
2376 5716 2610 5781 semper.
2717 5772 2727 5781 _
2784 5771 2842 5781 Η
2891 5769 2914 5781 Α

1983 5852 1993 5862 .
2052 5768 2162 5903 (ἒξ-ἑὲ
2223 5768 2350 5848 Reg.
2415 5768 2679 5845 ct'Aug”
2714 5769 2976 5844 ἐπλάσθη.
3039 5769 3143 5825 Alii
3199 5782 3323 5825 cum
3382 5768 3568 5835 editis,

1979 5867 2074 5905 εκτ
2104 5867 2133 5903 σ
2168 5865 2223 5919 η.
