3920 6504
1517 359 1614 370 ο...-

487 496 496 512 ,
530 425 638 482 te:

1703 417 1760 475 s.
1803 378 2376 474 ATHANAStusz—
2417 377 2688 466 SPURIA.

3681 389 3808 448 468

489 520 496 568 ί
532 552 696 606 tum?
725 552 822 605 Ar.
854 549 1020 604 Recte
1050 565 1107 604 se
1127 547 1289 602 habet
1314 563 1417 602 vox
1445 546 1730 616 ingenitus.
1787 544 1904 597 Erit
1948 543 2114 613 igitur

2241 539 2344 610 περὶ
2395 537 2489 590 τοῦ
2527 534 2749 607 μηδέπω
2776 529 3125 619 γεννηθέντος
3147 568 3162 592 ,
3199 523 3456 619 γεννητὸν
3490 519 3524 592 ἢ
3555 518 3806 589 ἀγέννη-

493 639 498 661 ⁹
536 641 698 696 l’aler
755 640 971 710 quidem
1013 637 1308 708 ingenitus,
1365 633 1535 690 Filius
1565 651 1692 688 vero
1718 633 1952 703 genitus.
1986 629 2110 682 ΑιΙι.

486 733 496 741 ”
534 733 679 798 Quid
712 731 838 787 inde
867 731 950 787 vis
974 729 1338 785 concludere?
1356 729 1452 782 Ar.
1488 726 1784 782 Genitusne
1807 732 1892 780 est
1921 722 2113 785 Filius,

537 842 609 880 an
668 823 824 879 non?
863 822 989 879 Ath.
1050 820 1278 876 Geuitus
1317 829 1421 876 est.
1464 819 1560 873 Ar.
1607 817 1772 873 Vides
1825 833 1948 872 eum
2007 830 2117 870 non

441 935 468 952 κ
538 915 712 970 fuisse
755 923 1044 982 antequam
1082 922 1228 968 esset
1267 912 1518 983 genitus:
1551 925 1674 964 nam
1716 910 1761 964 si
1805 909 1971 963 fuisse
2013 907 2116 974 ais,

543 1007 646 1060 erit
699 1006 998 1061 secundum
1060 1011 1113 1060 te
1164 1004 1461 1075 ingenitus.
1498 1002 1653 1068 Quod
1684 1001 1730 1055 si
1761 1001 1834 1054 ita
1875 1009 1993 1066 est,
2029 999 2121 1052 Fi~

544 1101 651 1154 lius
679 1115 784 1153 non
808 1099 911 1153 erit
933 1097 1172 1167 genitus.
1225 1095 1348 1148 Ath.
1377 1095 1520 1150 Deus
1550 1094 1782 1150 simulne
1813 1091 1973 1146 Pater
2013 1098 2118 1156 est,

545 1209 614 1247 an
643 1191 791 1247 non?
821 1190 916 1243 Ar.
940 1189 1190 1244 Potentia
1216 1187 1438 1259 quidem
1455 1201 1667 1257 semper
1683 1194 1767 1240 est
1792 1183 1973 1249 Pater,
1998 1190 2121 1238 actu

543 1298 676 1342 vero
705 1298 814 1338 non
839 1298 1073 1352 semper.

617 1548 708 1602 24.
750 1547 874 1601 Ath.
917 1546 1000 1600 An
1031 1546 1268 1600 mundus
1312 1542 1550 1613 potentia
1578 1548 1696 1598 erat
1740 1540 1948 1596 inﬁnite
1982 1540 2122 1611 apud

554 1640 750 1702 Deum,
789 1640 872 1694 vei
921 1639 1066 1693 non?
1107 1638 1203 1691 Ar.
1239 1636 1317 1690 Ita
1349 1645 1452 1692 est.
1482 1635 1608 1688 Atla.
1653 1633 1821 1704 Igitur
1863 1634 2125 1704 quemad—

549 1732 768 1784 modum
803 1731 1066 1785 mundum
1103 1730 1246 1785 Deus
1273 1729 1552 1782 voluntate
1579 1734 1663 1783 est
1697 1726 2018 1792 fabricatus,
2045 1725 2125 1781 sic

2216 649 2345 697 :ov;
2382 633 2498 699 Ἀρ.
2521 625 2669 682 εἶπεν
2694 643 2707 657 ⁸
2741 623 2946 697 Ὀρθῶς
2987 615 3129 694 ἔχειν
3157 619 3255 691 τὴν
3295 615 3626 687 ἀγέννητος
3672 629 3808 680 φω-

2218 727 2334 797 νήν.
2375 724 2563 776 Ἔσται
2606 715 2698 774 οῦν
2730 719 2758 770 6
2807 719 2903 789 μὲν
2948 713 3136 786 Πατὴρ
3166 712 3478 781 ἀγέννητος,
3512 708 3541 760 6
3578 701 3809 797 δὲΥἱζ

2219 795 2495 886 γεννητός.
2548 815 2667 868 Ἀθ.
2719 807 2838 864 εἷπε
2858 828 2870 840 ο
2899 809 2965 862 Τί
3013 803 3105 860 οῦν
3138 803 3310 867 θέλεις
3354 798 3678 868 συναγαγεῖν
3733 795 3809 886 εκ

2219 882 2409 961 τούτόυ
2436 923 2450 972 ;
2489 907 2615 974 "Ap.
2671 900 2822 957 εἶπεν
2847 919 2859 931 ·
2911 901 2970 952 Ὀ
3001 897 3129 961 Υἱὸς
3159 891 3422 964 ἐγεννήθη
3444 933 3459 956 ,
3495 888 3586 942 ναὶ
3611 887 3645 957 ἢ
3693 882 3806 948 οὓς

2235 1003 2350 1055 Ἀθ.
2402 995 2592 1052 εἶπεν·
2648 991 2963 1063 Ἐγεννήθη.
3011 991 3130 1058 Ἀρ.
3178 983 3368 1040 εἶπεν·
3436 983 3634 1054 Ὁρᾷς,
3687 979 3806 1039 ὅτι,

2224 1093 2354 1164 πρὶν
2383 1093 2415 1162 ἦ
2447 1089 2788 1163 γεννηθῆναι,
2813 1086 2911 1138 οὐκ
2935 1081 3023 1155 ῆν·
3045 1084 3090 1135 εί
3123 1081 3183 1134 δὲ
3201 1076 3289 1151 ῆν,
3313 1077 3607 1146 ἀγέννητος
3639 1071 3806 1164 ἔσται

2223 1159 2364 1255 κατὰ
2393 1159 2471 1236 σέ.
2511 1181 2572 1232 EE
2599 1179 2656 1231 δὲ
2670 1159 2823 1230 ’τοῦθ’
2849 1174 3019 1236 οὓτως
3048 1171 3159 1242 ἔχει
3184 1211 3198 1235 ,
3231 1169 3330 1221 οὐκ
3361 1167 3513 1220 ἔσται
3539 1159 3806 1255 γεννητὸς

2222 1251 2428 1336 ὸΥἰός.
2471 1274 2590 1326 Ἀθ.
2637 1265 2822 1322 εἶπεν·
2862 1267 2920 1319 '0
2945 1265 3078 1327 Θεὸς
3125 1262 3239 1332 ἅμα
3280 1257 3472 1327 Πατήρ
3520 1255 3657 1317 ἐστι,
3708 1251 3806 1302 ναὶ

2223 1365 2257 1436 ἦ
2287 1362 2347 1416 οῦ
2375 1380 2389 1427 ;
2417 1363 2546 1429 'Ap.
2591 1353 2710 1411 εἶπε
2730 1374 2743 1387 ⁸
2780 1354 3014 1425 Δυνάμει
3051 1352 3148 1422 μὲν
3190 1349 3277 1403 ἀεὶ
3305 1345 3516 1416 Πατὴρ,
3545 1339 3804 1411 ἐνεργείᾳ

2224 1455 2280 1508 δὲ
2309 1455 2408 1506 οὐκ
2433 1452 2539 1505 ἀεί.

2293 1547 2383 1600 24.
2427 1547 2546 1598 Ἀθ.
2584 1543 2758 1596 εἶπενο
2805 1537 3040 1608 Δυνάμει
3070 1531 3138 1606 ῆν
3188 1534 3217 1586 6
3262 1532 3464 1602 κόσμος
3495 1525 3650 1598 παρὰ
3677 1524 3806 1594 Θεῷ

2226 1637 2545 1709 ἀπεράντως
2563 1677 2578 1701 ,
2612 1634 2702 1688 ναὶ
2729 1633 2761 1704 ἢ
2796 1629 2856 1685 οὗ
2882 1647 2897 1697 ;
2931 1633 3058 1698 Ἀρ.
3087 1623 3239 1680 εἶπεν
3259 1642 3271 1656 ·
3300 1622 3485 1684 Οὕτως
3507 1619 3639 1688 ἔχει.
3675 1617 3800 1709 Ἀθ.

2227 1708 2379 1783 εἶπεν
2401 1747 2412 1758 ·
2442 1726 2650 1782 Οὐκοῦν
2683 1725 2871 1794 ὥσπερ
2905 1721 3155 1794 βουλήσει
3194 1719 3286 1770 τὸν
3326 1715 3531 1784 κόσμον
3579 1708 3804 1780 ἐτεκτή-

547 1833 602 1876 ει
631 1821 824 1875 Filium
853 1822 1152 1878 secundum
1178 1831 1230 1876 te
1259 1821 1556 1875 fabricatus
1578 1827 1682 1874 est.
1711 1820 1808 1872 Ar.
1837 1817 1954 1872 Non
1983 1817 2126 1873 sicut

2241 1840 2355 1876 νατο
2383 1825 2410 1876 6
2436 1821 2567 1883 Θεὸς
2587 1860 2601 1884 ,
2647 1817 2820 1879 οὕτως
2865 1814 2956 1869 καὶ
3005 1812 3098 1865 τὸν
3130 1809 3258 1862 Υἱὸν
3300 1806 3626 1875 ἐτεκτήνατο
3657 1800 3804 1854 κατὰ

550 1913 810 1967 mundum
837 1933 850 1966 :
882 1928 1005 1967 nam
1022 1913 1240 1968 memini
1265 1927 1388 1981 quae
1405 1910 1559 1981 prius
1577 1909 1950 1965 demonstrata
1973 1916 2123 1965 sunt.

2241 1917 2308 1970 τέ.
2344 1917 2472 1982 Ἀρ.
2506 1880 2692 1966 είπεν·
2729 1911 2840 1978 Οὐχ
2864 1907 2939 1971 ὡς
2976 1906 3069 1958 τὸν
3109 1903 3345 1971 κόσμον·
3379 1897 3664 1968 μέμνημαι
3689 1892 3802 1961 γὰρ

550 2007 620 2058 At
645 2005 769 2060 dico
794 2004 987 2059 Filium
1010 2005 1287 2060 voluntate
1317 2004 1575 2058 habuisse
1603 2014 1727 2057 ante
1761 2001 1986 2058 saecula:
2012 2000 2125 2056 exi-

550 2111 717 2166 guum
745 2110 872 2150 vero
900 2093 1021 2150 Filii
1050 2093 1346 2165 generandi
1374 2102 1555 2150 statuo
1580 2093 1945 2161 intervallum,
1974 2103 2034 2146 ut
2055 2093 2126 2147 sit

549 2185 784 2255 genitus.
811 2185 937 2240 Ath.
967 2185 1204 2241 Rectane
1229 2201 1319 2240 res
1340 2193 1427 2241 est
1451 2184 1621 2240 Deum
1640 2182 1858 2240 Patrem
1887 2199 2032 2247 esse,
2055 2198 2126 2237 an

550 2277 947 2346 vituperatione
981 2278 1184 2347 digna?
1234 2278 1327 2330 Ar.
1382 2277 1538 2332 Absit
1578 2285 1639 2331 ut
1685 2275 1795 2332 Deo
1841 2275 2129 2346 aﬁingatur

551 2369 757 2439 aliquid
783 2371 1175 2440 vituperatione
1204 2371 1427 2439 dignum
1453 2371 1465 2422 ι
1497 2369 1592 2424 sed
1619 2377 1769 2424 recta
1793 2370 2016 2423 omnino
2041 2385 2128 2424 res

550 2468 636 2514 est
667 2459 832 2514 Deum
857 2476 981 2516 esse
1009 2460 1248 2516 Patrem.
1280 2459 1403 2514 ΑιΙι.
1441 2458 1611 2530 Igitur
1643 2475 1708 2514 ex
1739 2467 1831 2513 tua
1860 2459 2128 2514 sententia

553 2551 696 2606 Deus
730 2567 760 2604 a
807 2552 1173 2607 deterioribus
1219 2552 1272 2604 in
1322 2551 1548 2606 meliora
1603 2549 1856 2619 profecit.
1918 2549 2051 2602 Nam
2082 2549 2129 2603 si

549 2659 676 2697 cum
710 2642 872 2697 Pater
902 2659 1010 2697 non
1037 2649 1204 2704 esset,
1243 2642 1420 2697 factus
1454 2651 1538 2697 est
1561 2644 1760 2712 postea
1791 2640 1968 2706 Pater,
2001 2657 2130 2712 ergo

553 2749 582 2785 ιι
613 2732 920 2787 minoribus
951 2733 1019 2786 ad
1047 2732 1283 2786 maxima
1325 2742 1411 2786 est
1437 2746 1761 2787 conversus.
1797 2731 1954 2797 Quod
1982 2731 2028 2785 si
2047 2732 2132 2784 di-

552 2840 646 2880 cas
684 2825 894 2894 ipsum,
938 2835 1227 2894 antequam
1272 2822 1430 2877 Pater
1469 2824 1661 2889 fieret,
1727 2823 2131 2878 honoratiorem

555 2916 758 2981 fuisse,
799 2932 928 2987 ergo
981 2917 1050 2971 ab
1081 2916 1529 2970 houoratioribus
1565 2916 1629 2969 ad
1666 2915 1938 2970 deteriora
1972 2913 2134 2968 deve-

553 3010 675 3064 nit:
709 3025 830 3079 qua:
857 3009 1062 3070 sivera
1097 3017 1261 3071 sunt,
1314 3023 1421 3077 qua
1461 3006 1671 3062 ratione
1716 3007 1900 3062 dicere
1935 3006 2132 3075 poteri-

2225 2005 2331 2059 :th
2358 1999 2928 2074 προαποδεδειγμένων
2952 1994 3086 2065 (35).
3128 1990 3286 2044 Ἀλλὰ
3315 1988 3422 2060 πρὸ
3449 1987 3557 2039 τῶν
3589 1982 3802 2038 αἰώνων

2228 2095 2370 2166 φημὶ
2402 2093 2648 2165 βουλήσει
2680 2088 2966 2160 ἐσχηκέναι
2995 2086 3084 2138 τὸν
3116 2083 3243 2136 Υίόν
3269 2099 3283 2112 ο
3321 2079 3492 2166 βραχὺ
3524 2076 3581 2129 δὲ
3609 2075 3804 2144 δίδωμι

2227 2165 2500 2257 διάστημα
2536 2185 2634 2254 τῆς
2665 2182 2967 2252 γεννήσεως
3006 2174 3099 2229 τοῦ
3127 2171 3258 2226 Υίοῦ
3283 2211 3298 2237 ,
3333 2165 3478 2240 ἰναῇ
3522 2165 3798 2237 γεννητός.

2243 2281 2361 2334 Ἀθ.
2399 2274 2520 2330 εἶπε
2540 2292 2553 2305 ·
2586 2275 2660 2327 Τὸ
2689 2272 2909 2342 Πατέρα
2937 2264 3075 2322 εἶναι
3109 2265 3200 2318 τὸν
3242 2263 3377 2317 Θεὸν
3403 2261 3570 2315 καλὸν
3600 2257 3803 2326 τυγχά-

2229 2389 2330 2434 νει,
2359 2370 2392 2441 ἢ
2421 2369 2584 2438 ψόγος
2617 2363 2763 2434 αὐτῷ
2787 2363 2938 2416 ἔσται
2962 2378 2977 2425 ;
3017 2361 3149 2426 Ἀρ.
3176 2353 3318 2410 εἷπε·
3349 2353 3441 2425 Μὴ
3476 2349 3800 2441 γένοιτοψόῗ

2230 2479 2323 2530 γον
2360 2437 2636 2531 προσάψαι
2667 2456 2776 2523 (56)
2814 2451 2892 2522 τῷ
2919 2449 3074 2519 Θεῷί
3103 2445 3242 2500 ἀλλὰ
3273 2445 3412 2498 πάνυ
3441 2459 3508 2510 γε
3554 2439 3717 2494 καλὸν

2231 2529 2369 2606 εἶναι
2391 2529 2480 2603 τὸν
2506 2549 2635 2602 Θεὸν
2671 2545 2909 2616 Πατέρα.
2955 2544 3066 2597 Ἀθ.
3095 2534 3248 2592 εἶπεν
3273 2555 3288 2568 ο
3319 2533 3528 2588 Οὐκοῦν
3563 2532 3674 2585 ἀπὸ
3695 2529 3801 2582 τῶν

2232 2644 2488 2716 χειρόνων
2522 2641 2615 2692 ἐπὶ
2646 2638 2713 2692 τὰ
2766 2635 3048 2707 κρείττονα
3095 2626 3398 2702 προέκοψεν
3435 2623 3636 2716 όᾲΘεὸς
3665 2620 3800 2716 κατὰ

2235 2711 2409 2789 σέ.-Εί
2437 2732 2566 2802 γὰρ,
2602 2730 2675 2801 μὴ
2723 2727 2798 2780 ὢν
2852 2723 3078 2794 Πατὴρ,
3127 2720 3348 2790 γέγονεν
3395 2713 3552 2778 αὖθις
3594 2711 3796 2781 Πατὴρ.

2233 2828 2340 2900 ἄρα
2371 2825 2582 2896 ἐτράπη
2614 2822 2720 2874 ἀπὸ
2747 2818 2852 2873 τῶν
2878 2816 3113 2887 ἡττόνων
3147 2814 3239 2864 ἐπὶ
3265 2810 3333 2864 τὰ
3373 2809 3626 2877 μέγιστα,
3653 2806 3716 2858 Εἰ
3747 2803 3799 2855 δὲ

2235 2923 2383 2992 ἐρεῖς,
2399 2917 2690 2988 πρότερον,
2721 2914 2831 2984 πρὸ
2855 2910 2948 2964 τοῦ
2980 2908 3198 2978 Πατέρα
3225 2905 3386 2959 αὑτὸν
3419 2901 3695 2970 γενέσθαι,
3728 2917 3800 2950 τι-

2239 3013 2498 3084 μιώτερον
2523 3005 2660 3061 εἶναι
2689 3005 2870 3067 αὐτὸν,
2901 3004 3007 3074 ἄρα
3046 3001 3153 3054 ἀπὸ
3190 2999 3297 3050 τῶν
3335 2995 3674 3067 τιμιωτέρων
3715 2992 3799 3044 ἐπὶ

556 3117 679 3156 mus
709 3101 920 3156 Numen
951 3115 1074 3156 esse
1107 3100 1466 3164 immutabile,
1496 3115 1562 3154 ex
1590 3115 1650 3154 se
1678 3098 2000 3169 perfectura,
2034 3113 2132 3152 nec

2241 3082 2304 3159 τὰ
2336 3104 2553 3175 χείρονα
2577 3099 2798 3170 ἔφθασε.
2828 3099 2890 3150 Εἰ
2911 3096 2966 3149 δὲ
2988 3094 3134 3148 τοῦθ’
3161 3091 3335 3153 οὕτως
3360 3089 3494 3160 ἔχει,
3511 3085 3627 3149 πῶς
3648 3082 3798 3156 €905-

556 3193 613 3245 in
643 3193 838 3246 melius
863 3192 1155 3263 proﬁciens
1181 3233 1196 3257 ,
1244 3209 1345 3248 nec
1377 3208 1407 3246 a
1436 3191 1801 3246 deterioribus
1830 3191 1895 3244 ad
1929 3191 2132 3258 optima

2244 3215 2340 3268 μεν
2374 3196 2640 3266 ἄτρεπτον
2671 3192 2730 3245 :6
2758 3191 2911 3245 Θεῖον
2937 3229 2952 3253 ,
2989 3186 3292 3248 αὐτοτελὲς,
3325 3183 3459 3253 μήτε
3502 3179 3799 3268 προκόπτον

559 3283 857 3338 desinens?
892 3281 1093 3340 Rerum
1119 3285 1385 3354 siquidem
1408 3281 1750 3353 corruptioni
1773 3282 2134 3336 obnoxiarum

2241 3266 2332 3344 ἐπὶ
2362 3289 2430 3342 τὰ
2458 3287 2760 3360 κρείττονα,
2801 3283 2938 3352 μήτε
2975 3279 3078 3350 μὴν
3116 3277 3280 3348 λῆγον
3321 3276 3400 3336 εἰς
3437 3273 3652 3342 χείρονα

560 3377 842 3446 proprium
871 3384 956 3431 est
987 3377 1206 3439 mutari,
1242 3377 1512 3444 modoque
1543 3391 1573 3428 a
1600 3374 1917 3430 melioribus
1947 3376 2011 3427 ad
2045 3378 2139 3429 de-

559 3469 761 3522 teriora
803 3470 1070 3532 converti,
1102 3469 1263 3523 modo
1298 3469 1367 3522 ab
1413 3468 1769 3523 inferioribus
1801 3469 1866 3522 ad
1908 3467 2134 3536 majora.

560 3563 655 3614 Ar.
687 3558 797 3614 Nec
818 3560 962 3615 oculi
983 3561 1152 3613 ictum
1178 3561 1262 3615 vis
1284 3561 1604 3619 concedere,
1639 3575 1748 3629 quo
1777 3575 1886 3612 non
1923 3558 2024 3612 fuit
2051 3557 2140 3611 Fi-

563 3652 670 3706 lius
698 3658 986 3721 antequam
1010 3660 1156 3706 esset
1186 3652 1446 3720 genitus?
1501 3651 1626 3704 Ath.
1688 3650 1843 3716 Quod
1875 3667 1984 3706 non
2018 3659 2137 3715 est,

560 3744 860 3798 concedere
886 3759 995 3797 nou
1023 3759 1265 3813 possum.
1309 3746 1397 3797 Ar.
1428 3743 1645 3810 Quare?
1665 3744 1791 3796 ΑεΙι.
1841 3742 1977 3808 Quia
2005 3741 2142 3796 scri-

567 3846 714 3907 ptum
741 3843 860 3892 est:
889 3855 907 3887 ι
932 3835 1051 3889 Non
1071 3835 1175 3891 erit
1202 3837 1258 3890 in
1290 3843 1342 3891 te
1374 3836 1514 3891 Deus
1539 3851 1730 3890 recens
1752 3835 1817 3885 δ”.
1859 3853 1878 3885 ι
1915 3833 1969 3886 Si
1997 3833 2140 3888 enim

566 3927 846 3981 minimum
896 3927 1264 3982 concesserim
1329 3926 1590 3996 temporis
1651 3924 1997 3981 intervallum
2035 3939 2144 3994 quo

567 4033 675 4070 non
708 4017 890 4084 fuerit,
924 4026 1073 4073 certe
1127 4034 1319 4074 recens
1362 4019 1467 4073 erit
1495 4034 1655 4088 quem
1703 4033 1804 4085 ego
1856 4016 2142 4071 conﬁteor.

568 4106 724 4161 Absit
752 4123 881 4162 vero
913 4117 971 4162 ut
996 4109 1069 4162 ita
1091 4107 1649 4164 sentiatChristianus
1671 4108 1862 4169 homo,
1905 4115 1960 4160 et
2008 4122 2142 4160 con-

567 4202 732 4255 traria
762 4201 966 4255 divinis
998 4200 1296 4271 Scripturis
1319 4199 1678 4254 conﬁteatur!
1711 4200 1805 4251 Ar.
1840 4198 1982 4264 Quid
2008 4212 2144 4251 con-

567 4293 817 4357 trarium,
841 4295 886 4347 si
915 4291 1112 4346 Filium
1143 4294 1253 4347 ictu
1295 4293 1439 4346 oculi
1485 4290 1654 4345 fuisse
1678 4289 1949 4353 dicamus,
1987 4296 2140 4343 ante-

565 4401 728 4456 quam
761 4386 1095 4456 gigneretur,
1148 4402 1216 4440 ne
1272 4386 1482 4440 scilicet
1523 4400 1647 4438 eum
1695 4384 1994 4454 ingenitum
2025 4398 2147 4438 esse

567 4477 976 4549 intelligamus?
1025 4478 1147 4530 Ath.
1211 4477 1266 4531 Id
1319 4475 1450 4529 mihi
1487 4474 1644 4529 valde
1676 4475 1892 4528 videtur
1928 4483 2147 4527 contra-

2237 3383 2345 3436 τῶν
2377 3359 2648 3453 ἀρίστων;
2679 3372 2938 3446 Φθαρτῶν
2978 3371 3086 3442 γὰρ
3121 3369 3250 3422 ἴδιον
3289 3366 3351 3419 τὸ
3391 3361 3705 3453 τρέπεσθαι,

2244 3478 2340 3547 μὲν
2367 3449 2474 3528 ἀπὸ
2518 3471 2626 3524 τῶν
2681 3466 2962 3538 βελτιόνων
3011 3465 3103 3517 ἐπὶ
3133 3461 3204 3513 τὰ
3240 3459 3489 3547 χείρονα1
3509 3455 3586 3524 πὴ

2239 3541 2346 3620 τῶν
2392 3563 2625 3636 ἡττόνων
2659 3560 2752 3613 ἐπὶ
2789 3557 2857 3611 τὰ
2911 3554 3250 3626 ἐντιμότερα.
3281 3553 3411 3620 εἈρ.
3439 3544 3587 3601 εἷπε“
3620 3541 3798 3610 Ῥιπὴν

2241 3657 2519 3729 ὀφθαλμοῦ
2554 3657 2614 3709 οὐ
2647 3654 2830 3715 Θέλεις
2863 3649 3066 3711 δοῦναι,
3099 3647 3188 3699 ὅτε
3219 3644 3319 3696 οὐκ
3365 3638 3432 3712 ῆν
3461 3639 3590 3710 πρὶν
3621 3651 3800 3729 γεγνη-

2242 3727 2401 3820 θῆναι
2423 3727 2516 3801 τὸν
2541 3746 2668 3799 Υἱόν
2694 3761 2708 3809 ;
2738 3745 2859 3796 Ἀθ.
2893 3735 3044 3792 511:5-
3075 3735 3147 3788 T6
3173 3734 3248 3805 μὴ
3270 3731 3330 3785 ὃν
3353 3731 3413 3783 οὐ
3439 3729 3651 3798 δίδωμι.
3681 3727 3796 3820 νέῳ.

2242 3817 2362 3894 εἷπε
2387 3858 2401 3870 ·
2437 3840 2534 3891 Διὰ
2583 3837 2674 3900 τί;
2708 3835 2828 3889 Ἀθ.
2875 3827 3059 3884 εἶπεν·
3100 3828 3223 3880 Ὅτι
3263 3823 3604 3894 γέγραπταιο
3643 3837 3660 3870 ι
3699 3817 3801 3870 06x

2243 3934 2391 3986 ἔσται
2425 3934 2482 3984 ὲν
2511 3931 2592 3982 σοὶ
2618 3927 2749 3989 Θεὸς
2780 3924 3106 3995 πρόσφατος.
3141 3941 3160 3970 ι
3191 3916 3372 3988 Βραχὺ
3396 3914 3452 3967 δὲ
3491 3911 3586 3966 ἐὰν
3609 3909 3703 3972 δῶ,
3728 3909 3798 3960 ὃτι

2241 4022 2309 4096 ἦν
2350 4040 2479 4077 ποτε
2509 4021 2719 4092 καιρὸς,
2749 4019 2836 4071 ὅτε
2865 4017 2964 4068 οὐκ
2996 4011 3084 4084 ἦν,
3116 4011 3265 4064 ἔσται
3292 4007 3600 4078 πρόσφατος
3629 4004 3659 4056 6
3682 3999 3799 4070 παρ’

2245 4093 2378 4187 ἐμοῦ
2411 4112 2836 4185 ὁμολογούμενος
2854 4128 2865 4138 ·
2914 4109 3049 4177 ὅπερ
3079 4104 3152 4176 μὴ
3182 4102 3390 4171 γένοιτο
3416 4097 3588 4159 οῦτως
3616 4093 3800 4166 φρονῆ-

2247 4226 2337 4263 σαι
2374 4205 2658 4276 ἄνθρωπον
2687 4196 3028 4273 Χριστιανδν,
3056 4191 3419 4266 ὁμολογοῦντα
3452 4187 3668 4242 ἐναντία
3694 4187 3799 4245 ταῖς

2246 4302 2417 4363 θείαις
2447 4297 2719 4369 Γραφαῖςί
2756 4296 2882 4360 Ἀρ.
2911 4286 3029 4343 εἷπε
3050 4307 3063 4319 ·
3096 4287 3231 4342 Ποία
3263 4282 3592 4350 ἐναντιότης,
3621 4278 3713 4369 ἐὰν
3735 4276 3799 4328 εί-

2248 4409 2436 4463 πωμεν
2465 4368 2744 4458 ὀφθαλμοῦ
2769 4385 2932 4457 ριπὴν
2959 4381 3063 4453 πρὸ
3079 4378 3176 4432 τοῦ
3202 4373 3525 4463 γεννηθῆναι
3548 4373 3636 4463 μῆ
3658 4368 3798 4463 εἶναι,

2250 4459 2351 4537 ἵνα-
2373 4483 2445 4552 μὴ
2473 4479 2768 4547 ἀγέννητον
2813 4474 3135 4544 νοήσωμεν;
3166 4467 3283 4522 Ἀθ.
3323 4459 3441 4517 εἷπε
3467 4481 3481 4494 ο
3516 4462 3691 4531 Πολλὴ
3726 4474 3800 4552 μοι

575 4567 720 4621 rium
752 4548 900 4622 desse
940 4567 1248 4620 divinarum
1297 4564 1703 4635 Scripturarum
1768 4565 1977 4634 pietati,
2023 4579 2134 4633 qua:

2250 4548 2557 4641 ἐναντιότης
2608 4568 2881 4622 δείκνυται
2915 4563 3049 4634 πρὸς
3102 4559 3198 4631 τὴν
3250 4557 3359 4610 τῶν
3403 4555 3562 4609 θείων
3585 4548 3800 4641 Γραφιῦν

569 4658 773 4726 ubique
804 4665 1074 4713 testantur
1107 4657 1266 4728 169
1301 4655 1495 4710 Filium
1528 4671 1740 4725 semper
1787 4655 1974 4721 fuisse,
2015 4657 2138 4708 nul-

568 4751 790 4818 lumque
818 4764 1058 4818 unquam
1095 4748 1266 4802 fuisse
1296 4755 1532 4816 tempus,
1561 4762 1685 4800 cum
1720 4762 1827 4800 non
1858 4754 2024 4801 esset.
2057 4745 2139 4800 An

568 4857 678 4896 non
701 4841 799 4896 tibi
821 4840 1052 4901 videtur,
1076 4839 1122 4894 si
1154 4839 1207 4892 id
1230 4839 1498 4898 dicamus.
1515 4837 1790 4892 contraria
1815 4855 1915 4893 nos
1941 4839 2143 4894 sentire

568 4934 870 5004 Scripturis
905 4931 1166 4986 divinitus
1195 4931 1506 5002 iuspiratis?

638 5050 727 5105 25.
768 5048 863 5102 Ar.
911 5047 1102 5101 Profer
1149 5046 1481 5102 testimonia.
1531 5043 1656 5098 Ath.
1700 5042 1964 5098 Joannem
2018 5044 2147 5106 aud'.

563 5140 862 5202 dicentem,
900 5156 918 5188 ι
958 5137 1018 5191 In
1058 5136 1326 5206 principio
1355 5146 1472 5190 erat
1501 5133 1777 5198 Verbum,
1818 5141 1872 5186 et
1908 5133 2144 5192 Verbum

565 5242 686 5286 erat
715 5232 858 5302 apud
885 5231 1077 5295 Deutn,
1102 5238 1157 5286 et
1181 5229 1326 5285 Deus
1349 5237 1468 5284 erat
1484 5226 1721 5283 Verbum
1767 5247 1779 5282 :
1821 5228 1922 5282 hoc
1944 5242 2060 5282 erat
2091 5230 2143 5283 in

565 5323 842 5392 principio
874 5325 1014 5393 apud
1042 5323 1210 5378 Deum
1243 5322 1328 5377 δι’.
1348 5342 1366 5373 ι
1399 5321 1535 5387 Quis
1564 5329 1876 5376 sanctorum
1906 5321 2141 5391 prophe-

569 5425 751 5469 tarum
783 5417 867 5470 vel
906 5418 1277 5486 apostolorum
1312 5416 1441 5470 talia
1481 5431 1722 5486 unquam
1751 5415 1928 5480 dixit,
1963 5415 2144 5484 qualia

643 5571 690 5602 ιδ
727 5569 873 5625 Psal.
909 5587 1076 5637 Lxxx,
1115 5574 1202 5628 10.
1279 5573 1346 5604 ’δ’
1385 5571 1546 5628 Joan.
1585 5589 1634 5634 ι.
1671 5572 1721 5636 1,
1769 5571 1823 5624 2.

643 5728 754 5798 ('55)
786 5728 926 5782 Edit.
957 5729 1168 5784 Comm.
1201 5746 1324 5784 cum
1359 5729 1684 5798 quibusdam
1728 5723 2137 5798 manuscriptis,

574 5797 1104 5870 προαποδεδομένων.
1141 5800 1282 5855 Edit.
1336 5797 1510 5854 Paris.
1555 5813 1678 5851 cum
1725 5797 1865 5861 aliis,
1903 5811 2141 5866 προαπο-

569 5869 947 5940 δεδειγμένων.

2249 4637 2552 4728 εὐσέϐειαν,
2588 4658 2860 4730 πανταχοῦ
2895 4650 3303 4727 μαρτυρουσῶι
3339 4650 3422 4703 ὅτι
3458 4647 3584 4709 Υἱὸς
3611 4645 3698 4700 ἀεὶ
3724 4637 3798 4712 ἧν,

2250 4763 2343 4816 καὶ
2386 4759 2640 4812 οὐδέποτε
2689 4750 2756 4824 ἦν
2807 4749 3027 4820 καιρὸς,
3063 4748 3152 4800 ἃτε
3193 4744 3292 4797 οὐκ
3334 4738 3422 4812 ῆν.
3469 4739 3541 4791 Ἢ
3579 4739 3641 4790 οὐ
3675 4733 3801 4789 δοκεῖ

2252 4871 2354 4914 σοι,
2387 4850 2481 4904 ἐὰν
2503 4846 2613 4917 (5³1)
2633 4844 2896 4913 εἴπωμεν,
2927 4837 3143 4892 ἐναντία
3170 4835 3382 4906 φρονεῖν
3408 4835 3528 4893 ταῖς
3563 4824 3799 4882 θεοπνεύ-

2255 4962 2394 5008 στοις
2429 4941 2666 5011 Γραφαῖς
2692 4955 2706 5002 ;

2448 5008 2575 5100 Ἃρ.
2595 5027 2714 5083 εἶπε
2736 5045 2749 5058 ο
2783 5027 2880 5089 Δός
2913 5042 3001 5095 μοι
3029 5021 3127 5086 τὰς
3163 5017 3482 5092 μαρτυρίας.
3511 5008 3792 5100 Ἀθ..εἷπε”

2255 5084 2454 5186 Ἀζιόυε
2473 5084 2743 5179 ⁷’ἶωάννου
2777 5084 3024 5188 λέγοντος
3048 5133 3060 5147 ·
3144 5084 3405 5182 ’ίῐννάρχῇ
3433 5104 3501 5180 ἦν
3554 5107 3584 5160 ὁ
3627 5084 3793 5172 λόγος,

2252 5224 2345 5278 καὶ
2364 5225 2392 5276 6
2417 5220 2585 5288 Λόγος
2607 5213 2674 5288 ἦν
2697 5215 2834 5286 πρὸς
2857 5212 2948 5265 τὸν
2972 5209 3124 5272 Θεὸν,
3157 5206 3248 5260 καὶ
3281 5204 3413 5266 Θεὸς
3439 5197 3507 5272 ῆν
3550 5203 3579 5254 6
3605 5199 3761 5266 Λόγος
3783 5209 3792 5219 ·

2249 5310 2402 5380 οὗτος
2431 5299 2499 5385 ἦν
2531 5316 2589 5366 ὲν
2622 5313 2760 5383 ἀρχῇ
2798 5308 2934 5379 πρὸς
2962 5305 3050 5358 τὸν
3077 5301 3228 5354 Θεόν.
3269 5318 3288 5351 ›
3325 5297 3421 5360 Τίς
3455 5294 3606 5385 έλεξε
3643 5288 3795 5385 τοιαδί

2249 5407 2357 5462 τῶν
2388 5379 2557 5477 ἁγίων
2591 5379 2885 5477 προφητῶν
2941 5397 3033 5451 καὶ⁵
3065 5391 3396 5455 ἀποστόλων,
3425 5382 3512 5442 οἷα
3567 5385 3661 5440 καὶ
3703 5379 3796 5443 σύ;

2321 5719 2431 5785 (56)
2466 5717 2600 5785 Aug.
2636 5713 2918 5786 προσὰξαι.

2639 5764 2973 5856 ῆτεῦᾶἷήτει
3003 5781 3116 5832 ἐὰν.
3147 5778 3265 5832 Mox
3296 5773 3457 5834 idem,
3507 5771 3620 5832 ταῖς
3649 5764 3797 5818 θείοις

2249 5863 2509 5926 Γργμιῖς.
