4066 6388
369 324 467 380 469
1546 315 1956 383 οιειιυΤᾹτιθ
1994 321 2277 380 CONTRA
2312 323 2557 381 ARIUM.

3511 332 3615 389 670

364 444 497 499 Ῑῖξπέ
534 461 651 514 μοι,
684 446 737 501 εἰ
766 444 988 500 δυνατὸν
1021 444 1115 499 καῖ
1144 446 1223 510 εἰς
1278 443 1484 499 ἔννοιαν
1511 444 1694 499 λαϐεῖν
1717 485 1731 507 ,
1786 445 1867 498 ὅτι
1915 447 1927 498 ὲ

2046 443 2163 514 ipse
2204 443 2328 500 ais?
2376 443 2474 499 Dic
2499 435 2660 514 mihi,
2686 460 2815 501 num
2852 445 2935 500 vel
2980 444 3034 500 in
3064 444 3447 518 cogitationem
3492 448 3614 502 cui-

363 538 529 606 Λόγος
568 538 723 603 Θεὸς,
745 535 811 609 ἦν
835 555 962 592 ποτε
995 537 1204 609 καιρὸς,
1230 539 1317 592 ὅτε
1347 539 1445 591 οὐκ
1473 534 1540 609 ἦν
1565 554 1580 603 ;
1610 538 1672 591 El
1703 537 1759 590 δὲ
1786 537 1943 592 τοῦτο

364 629 502 683 οὕτω
542 630 766 701 νοηθείη
785 671 800 694 ,
829 626 898 702 ἦν
924 647 1054 684 ποτε
1088 631 1300 703 καιρὸς,
1328 632 1414 684 ὅτε
1449 629 1639 700 ἄλογος
1659 624 1726 700 ἦν
1755 630 1784 682 6
1810 628 1942 693 Θεὸς

364 723 573 795 Πατήρ.
612 724 733 791 Ἄρ.
770 719 922 776 εἶπε’
989 722 1327 795 Προφορικὺν
1380 718 1473 775 οὖν
1518 722 1624 793 φῂς
1675 720 1766 773 τὸν
1812 720 1940 773 Υἱδν

365 815 530 883 Λόγον
554 831 569 879 ;
622 814 744 870 Ἀθ.
774 808 891 867 εἷπε
911 831 924 844 ·
982 814 1073 886 Μὴ
1102 815 1343 883 γένοιτοῖ
1374 813 1477 867 Τὸν
1498 813 1607 884 γὰρ
1639 813 1808 881 Λόγον
1830 811 1940 880 ἐγώ

366 923 504 978 φημι
558 905 821 971 ἐνούσιον,
855 907 949 960 καὶ
986 908 1047 960 οὐ
1083 905 1234 978 ῥῆμα
1271 907 1644 978 διαλυόμενον,
1680 904 1801 960 οὔτε
1834 904 1938 975 μὴν

367 998 766 1070 προεληλυθότα
787 1001 849 1053 ἐκ
874 998 968 1053 τοῦ
1001 998 1157 1064 Θεοῦ,
1183 999 1279 1053 καὶ
1303 999 1462 1053 πάλιν
1494 999 1574 1062 εἰς
1595 998 1686 1051 τὸν
1719 997 1937 1067 Πατέρα

364 1089 697 1143 ἀνιλυθέντα
728 1088 866 1143 κατὰ
886 1087 1204 1142 Σαῦέλλιον⁹
1243 1087 1379 1142 ἀλλὰ
1405 1087 1735 1157 γεννηθέντα
1764 1085 1937 1156 ἀρρή-

364 1199 491 1245 τως,
520 1179 888 1251 συνυπάρχειν
916 1179 1057 1251 φημὶ
1087 1179 1180 1231 τὸν
1206 1178 1332 1231 Υἰδν
1362 1177 1440 1248 τῷ
1471 1178 1667 1249 Πατρί.
1709 1177 1796 1240 Ὠς
1827 1175 1933 1247 γὰρ

364 1274 461 1327 οὐκ
520 1272 637 1325 ἐστι
691 1271 869 1341 ψυχὴν
926 1271 1053 1325 ἄνευ
1104 1269 1264 1338 λόγου
1314 1269 1583 1340 ἐννοῆσαι,
1614 1266 1786 1332 οὕτως
1813 1268 1933 1321 οὐδὲ

361 1363 490 1415 Θεὸν
520 1362 610 1416 τὸν
644 1361 866 1432 Πατέρα
896 1360 1023 1415 ἄνευ
1071 1360 1203 1414 Υἱοῦ
1252 1358 1537 1413 πιστεῦσαι
1563 1358 1693 1431 (58).
1727 1360 1934 1432 Ὥσπερ

361 1454 466 1525 γὰρ
492 1457 521 1507 6
542 1454 734 1525 Πατὴρ
761 1453 992 1528 ἄναρχός
1022 1454 1189 1515 ἐστιν,
1223 1451 1363 1505 οὕτω
1390 1452 1483 1505 καὶ
1520 1453 1549 1503 6
1587 1450 1758 1519 Λόγος
1781 1450 1885 1504 καὶ·
1905 1450 1934 1502 6

360 1545 489 1609 Θεὸς
552 1546 682 1609 Υἱὸς
741 1545 885 1599 Θεοῦ
947 1545 1077 1616 (59).
1143 1546 1270 1614 Ἀρ.
1323 1539 1443 1597 εἷπε
1463 1561 1477 1575 ’
1530 1542 1656 1607 Πῶς
1701 1543 1934 1617 ἄνωρχός

359 1638 558 1691 ἐστινὸ
604 1637 761 1702 Υἱὸς,
790 1638 849 1703 6;
893 1638 1103 1706 ἀγνοεῖν
1135 1635 1519 1708 ὀμολογεῖκτὴν
1572 1636 1783 1708 ἡμέραν
1832 1637 1935 1707 τῆς

360 1728 703 1794 συντελείας;
757 1730 875 1785 Ἀθ.
915 1727 1063 1782 εἷπε·
1113 1728 1253 1798 Λέγε
1313 1745 1424 1800 μοι,
1481 1727 1755 1799 ἄνθρωπε,
1794 1731 1933 1802 ὅπερ

2040 549 2205 605 quam
2237 536 2422 593 venire
2451 537 2644 608 possit,
2668 538 2814 609 quod
2854 538 3017 594 fuerit
3050 538 3343 609 aliquando
3370 546 3610 608 tempus,

2041 640 2164 680 cum
2212 625 2446 683 Verbum
2493 627 2638 685 Deus
2686 644 2797 685 non
2840 632 3034 687 esset?
3074 631 3207 685 Nam
3256 631 3305 687 si
3348 631 3403 685 id
3440 631 3613 701 possit

2039 719 2312 788 cogitari,
2366 719 2467 774 fuit
2508 735 2637 791 ergo
2675 728 2889 792 tempus
2939 736 3063 777 cum
3114 724 3234 778 sine
3274 722 3457 779 Verbo
3492 723 3611 777 sive

2038 811 2251 867 ratione
2299 821 2445 867 esset
2478 810 2620 869 Deus
2667 811 2848 869 Pater.
2883 815 2979 868 Ar.
3024 812 3222 868 Filium
3266 814 3434 886 igitur
3472 813 3609 868 dicis
3654 842 3662 886 ι

2038 900 2301 959 Verbum'
2336 919 2460 961 esse
2511 905 2890 975 prolatitium?
2939 905 3061 961 Ath.
3122 906 3315 961 Absit!
3375 905 3606 961 Verbum

2037 994 2180 1048 enim
2204 1010 2306 1064 ego
2330 997 2594 1051 conﬁteor
2618 996 2993 1061 substantiale,
3027 1013 3132 1052 non
3174 1006 3354 1053 autem
3385 998 3606 1053 verbum

2036 1086 2389 1152 dissolubile,
2435 1103 2613 1159 neque
2643 1104 2710 1143 ex
2748 1086 2858 1143 Deo
2882 1089 3272 1159 progrediens,
3304 1102 3607 1159 rursusque

2037 1177 2106 1232 ad
2156 1176 2369 1234 Patrem
2419 1179 2753 1250 regrediens,
2790 1178 2946 1248 juxta
2995 1176 3311 1234 Sabellium.
3365 1177 3471 1234 Sed
3525 1178 3608 1234 Fi-

2036 1270 2167 1324 lium
2202 1271 2324 1326 dico
2345 1272 2507 1327 modo
2535 1271 2791 1328 ineffabili
2815 1272 3079 1344 genitum,
3105 1271 3267 1327 simul
3298 1287 3420 1326 cum
3444 1271 3606 1327 Patre
3689 1316 3705 1327 .

2034 1362 2322 1419 exsistere.
2356 1362 2428 1419 Ut
2456 1363 2603 1420 enim
2635 1363 2817 1418 anima
2862 1363 2984 1419 sine
3026 1371 3208 1419 mente
3249 1363 3462 1433 concipi
3494 1378 3605 1417 non

2034 1459 2237 1521 potest,
2266 1452 2350 1509 sic
2389 1468 2493 1509 nec
2535 1451 2682 1509 Deus
2709 1452 2831 1509 sine
2860 1450 3001 1507 Filio
3032 1451 3195 1507 Pater
3224 1460 3404 1523 potest
3432 1452 3601 1508 credi.

2031 1541 2169 1597 Nam
2198 1543 2659 1614 quemadmodum
2688 1542 2849 1599 Pater
2878 1559 3075 1614 expers
3111 1552 3196 1599 est
3228 1543 3503 1614 principii,
3527 1544 3602 1600 ita

2032 1642 2087 1689 et
2106 1632 2348 1690 Verbum
2377 1643 2433 1691 et
2462 1634 2609 1691 Deus
2635 1634 2808 1692 Filius
2830 1634 2949 1690 Dei.
2978 1634 3075 1689 Ar.
3104 1633 3208 1701 Qui
3230 1636 3408 1706 possit
3434 1633 3605 1691 Filius

2028 1739 2228 1795 expers
2249 1743 2372 1783 esse
2400 1726 2681 1799 principii,
2713 1727 2808 1799 qui
2846 1727 2991 1783 diem
3016 1727 3513 1784 consummationis
3543 1742 3604 1783 se

356 1822 646 1894 ἐπερωτῶ·
694 1821 1077 1893 Ἀρχιτέκτων,
1103 1821 1284 1877 λαϐὼν
1310 1821 1574 1893 κάλαμον,
1630 1822 1800 1894 μέτρα
1850 1821 1927 1875 τί-

2033 1817 2286 1887 ignorare
2317 1819 2561 1874 fatetur?
2591 1819 2719 1873 Atla.
2758 1818 3050 1890 Responde
3074 1819 3230 1884 mihi,
3257 1833 3292 1873 o
3322 1819 3506 1884 homo,
3534 1820 3602 1873 ad

357 1912 540 1983 θησιν·
578 1909 698 1968 εἶτα
733 1911 1019 1984 διαγράφει
1045 1912 1261 1982 ἁνώγεα
1284 1915 1378 1968 καὶ
1397 1910 1671 1982 κατώγεα,
1710 1912 1932 1983 διόροφά

356 2023 494 2076 φημι
512 2004 607 2058 καὶ
633 2005 897 2077 τριόροιρα
926 2004 1061 2073 (40).
1113 2004 1239 2059 Ἐὰν
1277 2003 1460 2077 φθάσῃ
1490 2003 1620 2075 περὶ
1651 2003 1750 2075 τὴν
1783 2002 1930 2075 πρώ-

350 2113 462 2167 την.
481 2096 708 2167 ὀροφὴν,
739 2094 1029 2164 γινώσκει,
1060 2095 1142 2148 ὅτι
1173 2096 1300 2167 περὶ
1329 2095 1426 2168 τὴν
1452 2096 1709 2168 δευτέραν
1769 2097 1931 2167 ἀσχο-

350 2186 557 2242 λεῖσθαι
595 2187 677 2242 δεῖ
692 2204 707 2217 ·
743 2186 881 2240 ἐπὰν
901 2187 958 2241 δέ
983 2188 1081 2259 τὴν
1105 2187 1363 2259 δευτέραν
1391 2187 1586 2258 στέγην
1616 2185 1925 2258 συντελέσῃ,

351 2279 581 2345 νοεῖ,ὃτι
614 2276 784 2347 ἐγγύς
816 2281 928 2332 ἐστι
965 2279 1102 2351 πρὸς
1141 2278 1532 2352 συμπλήρωσιν
1571 2278 1665 2332 τοῦ
1697 2278 1928 2348 κτίσμα-

350 2383 469 2430 τος..
495 2367 693 2421 Ἠνίκα
721 2367 767 2420 δ’
795 2366 861 2421 ἂν
885 2368 1408 2439 προσποισασθῆναι
1445 2368 1558 2438 (M)
1584 2368 1806 2439 γένηται
1829 2368 1926 2440 τὴν

350 2458 539 2529 τρίτην
567 2457 794 2529 ὀροφὴν,
827 2456 903 2521 ὡς
931 2458 1037 2530 πρὸ
1066 2458 1160 2512 δύο
1189 2458 1222 2531 ἢ
1248 2457 1413 2530 τριῶν
1441 2458 1643 2529 δόμων,
1671 2457 1928 2528 ἀσφαλῶς

351 2548 676 2614 ἐπίσταται,
726 2549 807 2602 ὅτι
851 2549 1047 2620 ἧγγικε
1099 2549 1160 2602 τὸ
1207 2548 1579 2619 συμπέρασμα
1632 2548 1729 2619 τῆς
1777 2550 1923 2601 οἰκο-

347 2638 539 2710 δομῆς.
570 2638 739 2691 Ταῦθ’
765 2638 937 2701 οὕτως
958 2639 1092 2708 ἕχει,
1120 2638 1211 2691 ναὶ
1233 2636 1266 2709 ἥ
1290 2638 1349 2691 οὗ
1375 2655 1390 2704 ;
1424 2641 1551 2708 Ἀρ.
1591 2633 1709 2691 εἷπε
1740 2656 1753 2669 ⁸
1787 2638 1926 2709 Σύμ-

352 2748 493 2802 φημι
514 2729 672 2784 ταῦθ’
699 2729 871 2793 οὕτως
912 2729 1054 2809 ἔχειν
1089 2728 1221 2800 (42).
1257 2730 1366 2785 Ἀθ.
1399 2725 1550 2783 εἶπεν
1572 2746 1587 2760 ο
1647 2729 1854 2783 Οὐκοῦν
1895 2732 1924 2783 6

351 2821 476 2884 Υἱὸς
504 2820 601 2873 τοῦ
637 2819 795 2885 Θεοῦ,
824 2821 854 2872 6
890 2820 957 2874 τὰ
985 2819 1162 2873 πάντα
1199 2823 1265 2873 ἐκ
1309 2819 1403 2873 τοῦ
1445 2820 1518 2892 μὴ
1547 2820 1699 2884 ὄντος
1740 2823 1819 2885 εις
1862 2821 1923 2875 τὸ

350 2908 488 2968 εἶναι
517 2913 772 2983 ποιήσας,
805 2913 898 2966 καὶ⁵
948 2914 1291 2985 συναρμόσας
1323 2914 1381 2966 τὸ
1410 2916 1670 2983 στοιχεῖον
1693 2915 1867 2979 τοῦτο,
1894 2916 1923 2967 6

351 3002 744 3075 προνοούμενος
778 3004 871 3057 καὶ
909 3003 1205 3075 οἰκονομῶν
1246 3005 1337 3058 τὸν
1375 3004 1579 3075 κόσμον
1617 3004 1722 3069 ἓως
1774 3004 1917 3075 ἄρτι,

350 3090 531 3154 καθὼς
552 3091 716 3155 αὐτὸς
735 3093 764 3144 6
789 3092 992 3164 Κύριος
1018 3092 1121 3164 ἐφη
1141 3109 1155 3122 ’
1195 3112 1215 3144 ι
1250 3094 1308 3146 Ὀ
1335 3095 1521 3165 Πατήρ
1546 3111 1646 3164 μου
1672 3094 1776 3157 ἕως
1796 3093 1933 3166 ἄρτι,
1947 3141 1993 3203 C

348 3184 658 3254 ἐργάζεται,
717 3182 873 3251 κάγὼ
923 3185 1255 3256 ἐργάζομαι,
1307 3204 1326 3236 ι
1375 3187 1434 3238 οὐ
1486 3185 1741 3253 γινώσκει
1790 3187 1920 3240 πότε

349 3274 565 3343 περαιοί
592 3272 739 3342 ὅπερ⁴
758 3273 917 3337 αὐτὸς
944 3273 1294 3346 δημιουργεῖ;
1326 3276 1446 3328 Ἔτι
1479 3274 1584 3347 μὴν
1607 3276 1916 3347 δοκίμασον,

351 3364 524 3435 φημιο
560 3364 847 3436 πορευθεὶς
889 3366 1232 3437 ἐπερώτησον
1292 3367 1420 3439 περὶ
1477 3367 1920 3439 συμπληρώσεως

347 3451 439 3507 τοῦ
487 3454 657 3526 μηνὸς
713 3452 878 3524 ἄνδρα
931 3453 1176 3525 ἄπειρον,
1206 3454 1265 3518 6;
1313 3455 1411 3508 οὐκ
1456 3456 1778 3521 ἐπίσταται,
1839 3457 1919 3509 ὅτι

347 3540 641 3612 τριάκοντα
668 3541 893 3612 ἡμερῶν
925 3544 953 3594 6
975 3542 1080 3613 μὴν
1112 3542 1390 3613 τυγχάνει,
1410 3546 1458 3597 ει
1490 3543 1788 3615 δώσειομῦ)
1839 3561 1919 3598 σοι

349 3632 639 3705 ἀπόκρισιν
663 3634 791 3705 περὶ
816 3627 876 3686 οῦ
906 3633 1165 3708 πυνθάνῃ.
1208 3633 1335 3689 Ἐάν
1363 3635 1421 3689 δὲ
1450 3635 1804 3709 προσαγάγῃς
1822 3636 1920 3705 τὴν

352 3724 539 3779 πεῦσιν
585 3724 666 3797 τῷ
717 3725 893 3796 ἔχοντι
926 3726 1024 3797 τὴν
1059 3726 1280 3796 γνῶσιν,
1302 3727 1500 3793 εὐθέως
1546 3730 1662 3800 ἐρεῖ
1689 3745 1790 3792 σοι,
1826 3727 1920 3783 ἐὰν

355 3815 451 3885 μὲν
578 3815 740 3869 πέντε
783 3818 876 3870 καὶ
920 3817 1153 3889 δεκάτην
1215 3818 1353 3889 ἔχων
1407 3821 1436 3872 6
1485 3817 1612 3891 μὴν,
1641 3821 1722 3874 ὅτι
1757 3821 1920 3892 μέσος

349 3904 515 3959 ἐστίν·
543 3905 640 3960 ἐὰν
666 3905 723 3959 δὲ
776 3907 906 3977 περὶ
947 3908 1195 3979 εἰκοστὴν
1232 3909 1485 3982 ἑϐδόμην,
1538 3910 1679 3979 λέξει
1714 3931 1815 3979 σοι,
1838 3916 1918 3969 ὅτι

352 3999 477 4070 περὶ
512 3998 905 4071 συμπλήρωσιν
931 4001 1189 4074 τυγχάνει
1217 4005 1245 4056 6
1274 4004 1402 4074 μήν.
1438 4004 1494 4058 '0
1519 4005 1682 4071 αὐτὸς
1712 4007 1770 4061 δέ
1796 4008 1920 4080 ὅρος

351 4089 444 4144 καὶ
467 4089 596 4161 περὶ
630 4088 878 4162 σελήνης,
913 4092 1110 4161 ὁμοίως
1141 4092 1197 4146 δέ
1226 4095 1321 4147 καῖ
1344 4095 1473 4166 περὶ
1500 4095 1591 4150 τοῦ
1649 4096 1916 4153 ἐνιαυτοῶ

352 4180 444 4236 ἐὰν
469 4180 581 4252 (44)
621 4183 985 4255 ἐπερωτήσης,
1026 4187 1362 4257 ἐπιστήμονα
1418 4189 1608 4261 ἄνδρα,
1666 4192 1745 4244 ὅτι
1791 4194 1920 4247 πότε

353 4273 783 4346 συμπληροῦται,
817 4276 956 4330 κατὰ
978 4276 1075 4349 τὴν
1103 4276 1312 4333 σύνεσιν
1335 4280 1434 4353 τὴν
1454 4283 1758 4354 προσοῦσαν
1773 4286 1921 4357 αὑτῷ

350 4362 649 4433 δοκιμάσας
678 4404 695 4426 .
746 4366 827 4419 ὅτι
880 4366 1162 4433 ἑνδέκατος
1213 4368 1320 4442 μὴν
1379 4372 1771 4446 πεπλήρωται,
1826 4380 1921 4431 καὶ

2031 1894 2088 1963 id
2122 1909 2269 1980 quod
2301 1916 2354 1963 te
2384 1910 2664 1979 interrogo
2700 1924 2714 1960 :
2754 1909 3102 1965 Architectus
3130 1918 3371 1980 accepto.
3392 1909 3604 1964 calamo

2030 2001 2212 2056 locum
2247 1999 2629 2056 aediﬁcandum
2666 2000 2990 2068 dimetitur;
3018 2002 3310 2071 superiora
3326 2000 3603 2057 deinde.et

2030 2090 2293 2147 inferiora
2335 2091 2620 2155 describit,
2668 2092 2922 2147 cubicula
2966 2093 3496 2157 secundaevscilicet,
3544 2100 3602 2149 et

2027 2181 2204 2235 tertia:
2232 2181 2680 2252 contignationis.
2717 2180 2818 2236 Hic
2852 2192 3020 2248 certe,
3045 2197 3170 2237 cum
3209 2184 3441 2255 primam
3469 2185 3565 2237 atti

2028 2271 2106 2342 git
2154 2272 2655 2343 contignationem,
2712 2273 2867 2328 novit
2922 2274 3030 2330 sibi
3086 2276 3382 2331 secundam
3430 2277 3572 2333 abditi

2026 2363 2259 2420 caudam
2301 2380 2456 2432 esse;
2498 2380 2609 2436 qua
2652 2365 2931 2436 perfecta,
2973 2366 3224 2438 intelligit
3260 2382 3399 2439 Opus
3430 2385 3598 2440 prope

2025 2471 2149 2511 esse
2203 2456 2542 2512 absolutum.
2626 2457 2762 2511 Cum
2832 2473 2965 2513 vero
3035 2460 3194 2513 tertia
3263 2461 3600 2531 contignatio

2027 2555 2344 2603 constructa
2375 2547 2560 2613 fuerit,
2592 2548 2839 2619 profecto
2865 2550 3325 2621 quemadmodum
3355 2561 3480 2608 ante
3510 2569 3598 2610 se-

2025 2639 2261 2693 cundam
2292 2640 2377 2694 vel
2408 2640 2623 2694 tertiam
2656 2639 2848 2705 aedem,
2876 2640 2956 2693 sic
2980 2640 3141 2693 etiam
3176 2649 3328 2695 certo
3359 2644 3471 2698 scit-
3493 2644 3596 2699 im-

2025 2730 2234 2786 minere
2263 2730 2477 2786 aedilicii
2508 2731 2924 2786 absolutionem.
2960 2730 3128 2795 Itane,
3169 2748 3374 2803 quaeso,
3405 2751 3465 2791 se
3506 2751 3597 2792 res

2022 2823 2206 2891 habet,
2243 2839 2311 2878 an
2343 2825 2491 2878 non?
2530 2824 2626 2878 Ar.
2663 2823 2963 2879 Consentio
2999 2823 3100 2878 ista
3142 2824 3222 2879 sic
3265 2840 3324 2881 se
3372 2825 3590 2883 habere.

2022 2914 2149 2969 Atii.
2186 2914 2358 2985 Igitur
2394 2914 2488 2970 Dei
2522 2913 2715 2977 Filius,
2744 2916 2836 2983 qui
2870 2914 3051 2969 omnia
3085 2930 3208 2970 cum
3242 2930 3351 2970 non
3383 2925 3592 2983 essent,

2021 3007 2151 3064 fecit
2187 3006 2493 3078 utIessent,
2538 3008 2632 3078 qui
2683 3007 2839 3063 istud
2872 3008 3191 3077 composuit.
3235 3008 3589 3062 elementum.

2022 3099 2115 3170 qui
2150 3098 2415 3154 hactenus
2459 3097 2719 3152 mundum
2765 3098 3103 3168 providentia
3138 3101 3297 3170 regit,
3329 3101 3594 3171 quemad-

2023 3192 2244 3247 modum
2304 3192 2420 3262 ipse
2461 3191 2539 3244 ait
2583 3190 2869 3254 Dominus,
2925 3209 2944 3241 ¢
3000 3189 3175 3245 Pater'
3208 3206 3362 3247 meus
3418 3207 3591 3261 usque

2020 3285 2183 3339 modo
2202 3291 2478 3355 Operatur,
2499 3290 2549 3339 et
2572 3298 2672 3354 ego
2698 3298 2893 3354 operor
2916 3282 2983 3345 “,
3019 3302 3038 3333 ι
3063 3297 3173 3337 non
3203 3284 3355 3338 novit
3372 3282 3592 3354 quando

2022 3361 2601 3447 ad'exitum'perducet
2634 3375 2779 3445 quod
2811 3375 2928 3444 ipse
2952 3374 3255 3430 construit?
3288 3374 3442 3439 Rem,
3468 3389 3589 3441 oro,

2021 3470 2287 3540 experire.
2320 3467 2490 3535 Vade,
2519 3474 2573 3522 et
2599 3467 2667 3523 de
2695 3466 2801 3521 ﬁne
2841 3467 3042 3521 mensis
3078 3466 3391 3536 imperitum
3423 3465 3593 3519 homi-

2022 3574 2144 3613 nem
2178 3560 2480 3628 interroga,
2520 3557 2615 3627 qui
2665 3556 2875 3612 nesciat
2918 3571 3159 3613 mensem
3209 3556 3432 3626 triginta
3476 3554 3591 3611 die-

2020 3664 2140 3705 rum
2175 3664 2317 3716 esse,
2350 3650 2581 3719 videque
2602 3664 2671 3703 an
2701 3648 2800 3702 tibi
2832 3648 3193 3717 interroganti
3219 3661 3591 3717 responsurus

2022 3740 2112 3797 sit.
2178 3738 2247 3792 At
2297 3740 2343 3795 si
2393 3738 2669 3793 eruditum
2721 3738 3025 3806 interroges
3060 3735 3357 3800 hominem,
3403 3734 3591 3791 statim

2020 3830 2165 3886 dicet
2189 3829 2308 3894 tibi,
2340 3829 2388 3885 si
2423 3828 2672 3885 decimus
2716 3828 2944 3898 quintus
2986 3826 3105 3882 dies
3145 3832 3250 3890 est,
3302 3825 3587 3881 dimidium

2019 3938 2144 3981 esse
2185 3937 2464 3986 mensem;
2518 3922 2605 3977 sin
2647 3927 2827 3976 autem
2875 3920 2961 3975 sit.
2980 3918 3098 3974 dies
3139 3917 3434 3974 vicesimus
3467 3933 3592 3989 sep-

2020 4011 2186 4066 timus
2238 4010 2321 4065 vel
2367 4009 2611 4074 circiter,
2658 4007 3014 4079 respondebit
3068 4007 3166 4063 tibi
3229 4007 3391 4065 tinem
3437 4024 3593 4063 men-

2021 4102 2099 4159 sis
2127 4103 2431 4159 imminere.
2459 4100 2662 4158 Eadem
2697 4116 2862 4172 porro
2902 4099 3046 4155 ratio
3074 4108 3179 4164 est,
3209 4100 3327 4156 sive
3355 4100 3426 4157 de
3462 4100 3592 4155 luna

2021 4191 2136 4249 sive
2161 4192 2229 4248 de
2251 4206 2397 4246 anno
2419 4200 2631 4263 agatur.
2671 4190 2726 4245 Si
2751 4191 2899 4246 enim
2934 4190 3169 4260 peritum
3200 4190 3478 4246 hominem
3508 4190 3594 4244 in—

2021 4288 2385 4360 terrogaveris
2443 4287 2795 4359 quandonam
2861 4286 3124 4355 finietur,
3182 4287 3275 4343 ille
3330 4303 3429 4357 pro
3491 4301 3592 4342 sua

2020 4380 2375 4452 intelligentia
2408 4380 2744 4452 perspiciens
2771 4379 3116 4435 undecimum
3157 4394 3401 4436 mensem
3441 4394 3594 4435 com-

351 4452 548 4545 ᾕρξατο
575 4455 938 4523 όδωδέκατος,
977 4459 1092 4529 ἐρεῖ
1118 4477 1220 4524 σοι,
1269 4462 1351 4515 ὅτι
1380 4465 1506 4536 περὶ
1562 4470 1622 4519 τὸ
1670 4467 1915 4522 συντελε-

2027 4472 2223 4541 pletum
2250 4488 2394 4537 esse,
2427 4472 2809 4544 incepissoque
2851 4472 3261 4540 duodecimum,
3295 4473 3594 4545 responde-

352 4543 545 4617 σθῆναι,
557 4545 691 4617 ἔχει.

414 4655 503 4713 26.
544 4661 673 4729 Ἃρ.
717 4658 900 4716 εἶπενο
944 4664 1128 4730 Οὕτως
1171 4666 1282 4738 ἔχει
1339 4669 1400 4722 τὸ
1440 4670 1746 4741 εἰρημένον.
1806 4674 1914 4727 Ἀθ.

350 4743 530 4803 εἶπεν
558 4751 624 4805 El
646 4747 738 4806 οὖν
768 4754 1102 4825 ἁρχιτέκτων
1137 4758 1419 4812 ἐπίσταται
1452 4800 1466 4824 ,
1517 4760 1646 4812 πότε
1680 4761 1918 4815 συντελεῖ

347 4844 440 4915 τὴν
470 4846 775 4919 οἰκοδομὴν,
804 4852 897 4904 καὶ
924 4853 953 4905 6
978 4854 1295 4925 ἐπιστήμων
1325 4855 1464 4927 ἀνὴρ
1480 4857 1544 4909 ἐκ
1568 4855 1662 4910 τοῦ
1683 4858 1933 4931 ἀριθμοῦ

350 4934 472 4987 πότε
500 4937 825 4993 συντελεῖται
851 4941 880 4992 6
907 4939 1034 5013 μὴν,
1067 4945 1130 4996 ἐκ
1151 4943 1207 4997 δὲ
1246 4943 1349 5014 τῆς
1376 4946 1665 5018 ἐμπειρίας
1692 4948 1786 5002 τοῦ
1818 4968 1915 5002 κυ-

346 5022 530 5079 κλικοῦ
560 5026 783 5100 δρόμου,
812 5030 940 5085 πότε
976 5033 1074 5103 μὲν
1105 5034 1215 5107 (45)
1252 5034 1554 5109 πληροῦται
1610 5040 1642 5109 ἡ
1691 5039 1910 5111 σελήνης

417 5179 461 5211 ⁸⁵
498 5178 653 5236 Joan.
694 5200 747 5249 v,
784 5185 870 5237 l7.

355 5418 378 5429 ~
420 5353 710 5436 (58)·Αιις.
738 5357 815 5436 ὡς
854 5357 1597 5436 γὰῇοὒκμέστι-Χριστιανὸν
1635 5372 1728 5425 τοῦ
1765 5374 1912 5425 ἐννο-

352 5426 605 5509 ῆσειίιῂτὸν⁸
627 5427 752 5479 Υἱὸν
787 5428 912 5509 ἔνευ
930 5426 1155 5509 ’Πατρδς
1180 5432 1310 5509 οὑδέ
1441 5438 1658 5509 Πατέρα
1689 5442 1839 5495 ἄνευ.

564 5495 714 5579 ἔθυε.
738 5496 925 5579 ὀῦοτως
969 5493 1146 5579 me;
1174 5504 1315 5579 ἀρχῇ
1347 5504 1471 5570 Υἱὸς
1500 5493 1625 5579 Υἱέίς
1649 5493 1807 5566 Θεοῦ.

418 5562 525 5653 μθ)
564 5562 696 5648 βδεῖ
726 5565 990 5635 ἀνώγαιον
1031 5574 1123 5626 καὶ
1158 5562 1481 5643 κατώγαιον,
1507 5562 1915 5653 διώροῴάνιρημι

356 5647 439 5706 και
453 5647 756 5706 τριώροφα.

423 5702 526 5773 (tt)
558 5702 648 5761 Sic
673 5702 896 5783 Regius.
926 5711 1088 5767 Basll.
1116 5712 1401 5783 Anglican.
1433 5715 1659 5773 eLFelc.
1688 5718 1743 5773 2.
1774 5718 1917 5774 Editi

359 5783 495 5840 vero,
525 5779 1033 5853 πῳστοιῦασθῆναι.
1068 5779 1322 5857 Λιιςιῖδιη
1355 5788 1835 5862 προσξιϐασθῆναι,
1865 5801 1917 5848 ct

2022 4566 2115 4621 bit
2131 4568 2274 4622 circa
2304 4567 2464 4621 linem
2492 4582 2633 4623 esse.

2092 4675 2184 4730 26.
2224 4676 2321 4732 Ar.
2372 4675 2448 4731 Ita
2489 4684 2595 4742 est,
2636 4685 2695 4730 ut
2735 4677 2894 4733 dicis.
2940 4677 3065 4731 Ath.
3113 4672 3300 4747 Itaque
3346 4679 3392 4733 si
3442 4677 3611 4732 novit'

2026 4769 2361 4824 architectus
2389 4768 2738 4842 quandonam
2766 4769 3057 4824 aedilicium
3096 4768 3167 4823 sit
3204 4767 3548 4837 perfecturus
3575 4786 3590 4833 ;

2024 4858 2070 4914 si
2126 4860 2332 4929 peritus
2378 4859 2543 4917 homo
2585 4875 2651 4915 ex
2684 4875 2908 4915 numero
2957 4859 3207 4929 intelligit
3243 4858 3590 4928 quandonam

2024 4949 2338 5005 absolvetur.
2389 4951 2617 5015 mensis,
2670 4960 2723 5005 et
2776 4967 2840 5005 ex
2894 4964 3089 5005 cursus
3146 4934 3365 5018 cyclici‘
3399 4951 3592 5004 notitia

2022 5040 2367 5111 quandonam
2414 5043 2570 5113 plena
2603 5050 2685 5097 est
2727 5044 2853 5096 luna
2884 5041 2968 5096 vel
3007 5039 3324 5094 decrescere
3366 5039 3595 5106 desinit,

2020 5368 2073 5421 in
2105 5367 2349 5439 margine
2379 5368 2508 5431 ἴσως
2534 5368 3045 5439 προετοιμασθῆναιέ

2053 5437 2202 5526 με)
2227 5434 2374 5508 Ἇιιε.
2409 5439 2542 5508 ἔχει.
2577 5434 2730 5495 Ἰῦἰά.
2757 5434 2894 5510 Aug.
2923 5434 2951 5493 6
2981 5434 3075 5494 οὖν
3108 5440 3257 5502 Υἱός.
3286 5440 3419 5501 Rea.
3466 5438 3594 5504 Υἱὸς

2021 5527 2204 5653 (mi-is)
2234 5577 2378 5653 Aug;
2403 5576 2635 5653 mw.

2115 5580 2204 5649 43)
2234 5580 2372 5648 Aug.
2403 5581 2441 5653 ἦ
2457 5580 2635 5633 δώσει.

2094 5580 2207 5736 Eu;
2236 5649 2310 5703 Ita
2345 5649 2475 5736 μσς.
2501 5651 2688 5719 probe.
2718 5648 2855 5704 Editi
2883 5666 3011 5706 vero
3035 5659 3093 5707 et.
3112 5652 3226 5715 alii,
3259 5651 3351 5704 ἐὰν
3392 5650 3472 5706 δέ.
3510 5646 3591 5706 lb.

2024 5723 2162 5793 Aug.
2192 5722 2486 5790 ἐρωτήσης.

2098 5792 2209 5864 (ιε)
2246 5790 2335 5847 Sic
2368 5791 2497 5866 licg.
2532 5802 2579 5846 ιιι
2610 5792 2744 5864 Aug.
2776 5792 2880 5847 Αἶῇ
2907 5806 3030 5849 cum
3057 5790 3240 5862 editis,
3271 5795 3368 5864 μὲν
3403 5789 3522 5848 οὖν.
