4066 6388
535 351 633 404 ΠΙ

1725 348 1782 402 8.
1820 349 2276 410 ATHANASIUS.
2318 389 2385 399 -—
2426 359 2692 418 SPURlA.

3664 344 3770 399 ‘73

537 482 647 533 quo
685 466 811 522 item
846 475 1086 536 tempore
1123 481 1298 520 annus
1340 464 1620 534 perﬁcitur
1652 484 1664 519 :
1701 481 1770 518 an
1800 483 1908 520 non
1941 470 2096 524 nobis

2203 475 2329 528 πότε
2354 476 2409 529 δὲ
2447 477 2742 548 μειουμένη
2776 472 3071 544 ἀπολήγει,
3101 467 3238 538 ποίῳ
3287 464 3345 520 δὲ
3375 461 3548 534 καιρῷ
3580 477 3772 513 συντε-

541 560 828 614 dicendum
857 561 1077 614 omnino
1103 567 1186 612 est
1220 557 1504 612 Dominum
1537 557 1746 621 Jesum,
1782 562 1876 630 qui
1909 563 2100 617 mundi

538 659 623 706 est
647 651 826 720 opifex
848 691 863 714 ,
891 660 1256 718 venturusque
1285 661 1370 704 est
1403 651 1468 704 ad
1502 651 1680 720 ipsum
1707 667 2100 708 consumman-

539 744 690 804 dum,
727 744 865 796 diem
915 743 1084 810 ipsam
1137 744 1504 811 cognoscere?
1552 742 1796 814 Namque
1849 747 1894 799 si
1948 747 2103 814 igno-

539 841 733 890 rasset.
770 830 1043 901 quomodo
1082 831 1450 900 interrogatus
1475 831 1542 885 de
1564 831 1669 885 line
1701 832 1863 901 hujus
1891 834 2097 895 szeculi,

539 924 889 993 secundoque
947 940 1050 977 suo
1097 925 1352 987 adventu,
1387 940 1513 979 vera
1563 926 1830 996 potuisset
1877 943 2101 998 respon-

536 1015 712 1070 dere?
762 1015 1046 1084 Proprium
1092 1015 1236 1069 enim
1289 1016 1501 1070 illorum
1546 1025 1630 1072 est
1679 1034 1805 1072 vera
1855 1035 2097 1082 narrare,

534 1107 625 1175 qui
687 1114 888 1161 certam
938 1106 1137 1160 habent
1181 1108 1548 1178 cognitionem
1607 1123 1795 1162 eorum
1841 1125 1962 1178 quae
2015 1111 2101 1163 hic

534 1206 664 1252 sunt
731 1205 785 1252 et
860 1199 1015 1252 tiunt.
1079 1198 1452 1270 Interrogatus
1530 1201 1755 1268 proinde
1829 1199 2097 1266 Salvator,

537 1292 698 1362 170
721 1293 1004 1346 veritatem
1040 1308 1202 1362 quam
1227 1302 1453 1346 noverat
1489 1293 1768 1348 indicavit.
1801 1293 2101 1349 Sciscitan-

530 1385 684 1438 tibus
759 1384 904 1438 enim
978 1383 1264 1452 discipulis
1317 1385 1460 1454 quod
1537 1389 1752 1455 signum
1833 1385 2100 1442 adventus

532 1473 746 1529 Domini
786 1474 938 1538 .Iesu,
970 1485 1024 1531 et
1046 1478 1538 1532 consummationis
1565 1479 1730 1546 hujus
1775 1480 1979 1540 smculi.
2017 1480 2103 1534 his

529 1567 712 1622 verbis
763 1568 1046 1637 respondit
1084 1587 1096 1620 :
1150 1588 1168 1618 ι
1209 1568 1400 1625 Videte
1450 1588 1520 1627 ne
1560 1573 1685 1642 quis
1721 1587 1816 1627 vos
1854 1573 2096 1628 seducat.

531 1655 682 1710 Multi
737 1659 883 1712 enim
936 1661 1153 1714 venient
1197 1663 1254 1715 in
1307 1665 1528 1719 nomine
1581 1679 1726 1728 meo,
1777 1665 2024 1720 dicentes
2082 1685 2095 1719 :

531 1749 645 1820 Ego
682 1767 801 1805 sum
849 1753 1138 1819 Christus;
1187 1763 1242 1810 et
1288 1757 1485 1811 multos
1527 1757 1805 1810 seducent.
1850 1756 2099 1811 Audituri

531 1843 677 1896 enim
724 1844 858 1898 estis
895 1845 1080 1914 praelia
1117 1853 1170 1899 et
1205 1847 1492 1915 opiniones
1545 1849 1879 1916 prmliorum.
1908 1846 2099 1902 Videte

533 1949 602 1988 ne
624 1936 937 1990 turbemini.
963 1935 1186 2005 Oportet
1227 1938 1372 1992 enim
1417 1938 1531 1993 haec
1561 1939 1700 2001 ﬁeri,
1731 1940 1825 1995 sed
1856 1942 2097 1995 nondum

531 2034 616 2078 est
672 2025 816 2080 linis.
871 2024 1178 2095 Consurget
1233 2027 1378 2080 enim
1455 2043 1589 2098 gens
1650 2030 1705 2082 in
1770 2040 1983 2099 gentem
2045 2039 2100 2083 et

531 2129 757 2185 regnum
803 2115 858 2168 in
908 2131 1132 2186 regnum
1185 2134 1198 2170 :
1249 2125 1303 2171 et
1342 2126 1503 2171 erunt
1543 2118 1888 2187 pestilentiae,
1918 2127 1972 2174 et
2019 2117 2100 2171 fa-

531 2223 668 2271 mes,
700 2216 753 2262 et
781 2217 938 2263 terra:
983 2217 1163 2262 motus
1196 2224 1291 2278 per
1322 2209 1461 2262 loca.
1493 2209 1617 2265 [lare
1662 2221 1838 2265 autem
1890 2210 2095 2273 omnia,

530 2299 685 2352 initia
720 2289 848 2354 sunt
891 2300 1162 2354 dolorum.
1204 2300 1357 2356 Tunc
1400 2302 1617 2357 tradent
1649 2320 1747 2358 vos
1777 2305 1828 2358 in
1872 2304 2090 2357 tribula-

530 2391 728 2456 tiones,
763 2399 817 2447 et
855 2391 1108 2447 occident
1155 2408 1252 2447 vos
1297 2411 1313 2448 :
1365 2402 1418 2449 et
1467 2395 1622 2450 eritis
1671 2396 1796 2450 odio
1843 2397 2098 2450 omnibus

530 2491 749 2552 propter
787 2497 984 2536 nomen
1036 2499 1235 2537 meum.
1283 2483 1350 2538 Et
1401 2492 1534 2539 tunc
1582 2486 2100 2541 scandalizabuntur

530 2575 707 2636 multi,
740 2583 793 2627 et
833 2575 1064 2630 invicem
1113 2577 1345 2644 tradent,
1386 2586 1439 2632 et
1468 2578 1596 2633 odio
1637 2580 1914 2634 habebunt
1959 2581 2098 2634 invi-

528 2681 670 2721 cem.
720 2666 786 2720 Et
827 2668 982 2721 multi
1036 2669 1518 2739 pseudopropheue
1558 2678 1800 2740 surgent,
1835 2679 1888 2726 et
1937 2672 2100 2726 sedu-

528 2765 654 2814 cent
720 2758 940 2814 multos.
1011 2759 1076 2812 Et
1133 2761 1390 2829 quoniam
1455 2762 1757 2816 abundabit
1813 2763 2093 2832 iniquitas,

529 2849 847 2918 refrigescet
895 2849 1141 2904 cbaritas
1185 2851 1499 2906 multorum.
1548 2851 1652 2916 Qui
1699 2863 1878 2906 autem
1920 2869 2099 2922 perse-

527 2942 799 2996 veraverit
827 2958 1002 3012 usque
1033 2945 1086 2996 in
1121 2942 1303 3008 linem,
1337 2944 1424 2997 hic
1465 2945 1649 2999 salvus
1688 2945 1812 3000 erit.
1849 2944 1914 2998 Et
1959 2961 2097 3013 prae-

527 3033 798 3088 tlicabitnr
846 3032 1192 3104 Evangelium
1222 3037 1371 3106 regni
1413 3039 1466 3088 in
1500 3038 1755 3092 universo
1781 3039 2008 3101 mundo,
2041 3039 2094 3093 in

527 3124 900 3178 testimonium
962 3127 1217 3180 omnibus
1273 3127 1565 3196 gentibus,
1617 3135 1672 3183 et
1727 3137 1856 3183 tunc
1916 3133 2164 3218 venietc

527 3213 652 3266 llnis
676 3213 742 3267 “.
787 3234 810 3265 ι
854 3213 921 3267 Ει
954 3217 1114 3284 paulo
1152 3227 1268 3285 post
1292 3217 1366 3270 ait
1399 3236 1411 3272 :
1446 3237 1464 3268 ι
1503 3217 1618 3272 Erit
1641 3219 1786 3273 enim
1815 3220 2096 3277 tribulatio

531 3318 746 3372 magna,
803 3305 984 3372 qualis
1042 3321 1151 3359 non
1201 3305 1302 3359 fuit
1352 3307 1420 3361 ab
1475 3306 1630 3360 initio
1687 3309 1874 3363 mundi
1922 3327 2096 3381 usque

528 3392 707 3450 modo,
740 3407 916 3462 neque
949 3393 1058 3447 (iet.
1087 3393 1152 3450 Et
1189 3394 1293 3450 nisi
1327 3395 1554 3449 breviati
1587 3395 1820 3452 fuissent
1847 3398 1966 3455 dies
1995 3401 2093 3466 illi,

527 3496 636 3534 non
687 3482 840 3538 ﬁeret
891 3484 1037 3537 salva
1085 3484 1264 3538 omnis
1307 3501 1456 3539 caro.
1511 3485 1664 3541 Tunc
1702 3488 1748 3542 si
1785 3491 1912 3559 quis
1938 3491 2096 3546 vobis

524 3573 747 3636 dixerit,
791 3573 932 3638 Ecce
976 3575 1065 3628 hic
1110 3583 1194 3630 est
1237 3576 1512 3641 Christus,
1565 3594 1694 3635 ecce
1735 3581 1888 3637 illic:
1926 3584 2096 3638 nolite

523 3665 747 3721 credere
779 3664 845 3720 ⁸⁷.
891 3686 910 3718 ι
944 3666 1008 3720 Ει
1034 3667 1156 3723 aliis
1185 3667 1485 3737 interjectis
1519 3689 1532 3725 :
1572 3689 1591 3722 ‹
1633 3671 1786 3727 Sicut
1813 3673 1956 3728 enim
1986 3673 2094 3728 ful-

523 3775 624 3829 gur
648 3760 760 3813 exit
785 3759 854 3814 ab
879 3760 1088 3814 oriente
1111 3769 1165 3813 et
1203 3770 1427 3830 apparet
1449 3779 1623 3832 usque
1652 3763 1706 3816 in
1732 3765 2092 3828 occidentem,

522 3850 596 3903 ita
627 3851 731 3904 erit
759 3851 1033 3904 adventus
1075 3849 1200 3904 Filii
1249 3852 1512 3909 hominis.
1569 3851 1890 3923 Ubicunque
1932 3854 2096 3910 fuerit

522 3955 756 4008 corpus,
808 3942 937 3995 illuc
987 3943 1470 4012 congregabuntur
1525 3951 1579 3999 et
1626 3945 1840 4014 aquilae.
1901 3943 2092 4000 Statim

521 4040 702 4086 autem
781 4043 907 4102 post
977 4033 1380 4090 tribulationem
1447 4036 1663 4090 dierum
1727 4037 1948 4091 illorum
2011 4038 2093 4092 sol

518 4125 930 4188 obscurabitur,
977 4132 1032 4179 et
1078 4126 1206 4179 luna
1251 4142 1358 4180 non
1403 4128 1554 4183 dabit
1585 4128 1768 4184 iumen
1809 4145 1991 4192 suum,
2038 4140 2094 4183 et

520 4215 690 4272 stellae
729 4216 854 4270 coeli
894 4215 1114 4280 cadent,
1141 4226 1191 4271 et
1228 4217 1454 4274 virtutes
1492 4219 1754 4274 caelorum
1787 4235 2095 4276 commove-

517 4306 724 4361 buntur
763 4325 776 4361 :
813 4317 865 4362 et
913 4317 1043 4362 tunc
1091 4309 1372 4379 apparebit
1418 4311 1636 4381 signum
1692 4310 1816 4366 Filii
1853 4311 2092 4368 hominis

522 4399 576 4452 in
623 4398 761 4454 cmlo
789 4399 854 4452 ⁸⁸.
883 4419 903 4451 ι
943 4399 1009 4452 Et
1059 4401 1218 4470 paulo
1251 4409 1373 4470 post
1409 4423 1421 4456 :
1467 4423 1485 4455 ι
1520 4403 1694 4457 Amen
1746 4404 1871 4457 dico
1913 4403 2087 4466 vobis,

2201 566 2370 621 λεῖται
2392 568 2764 640 πληρούμενος
2791 568 2818 620 6
2848 562 3089 624 ἐνιαυτὸς
3127 556 3233 613 οἶδε
3253 576 3268 590 ο
3297 555 3412 619 πῶς
3433 551 3524 608 οὖν
3564 554 3664 606 οὸκ
3699 551 3766 606 ἂν

2202 658 2445 730 εἴποιμεν
2476 661 2655 730 ἡμεῖς,
2685 659 2765 712 ὅτι
2786 659 2814 710 6
2835 655 3037 725 Κύριος
3073 650 3298 724 Ἰησοῦς,
3324 649 3353 701 6
3398 647 3634 717 ποιήσας
3675 642 3767 698 τὸν

2202 749 2436 820 κόσμον,
2467 751 2562 804 καὶ
2605 751 2632 802 6
2667 748 2873 821 μέλλων
2926 743 3090 798 αὐτὸν
3134 741 3426 804 συντελεῖν,
3478 738 3766 792 ἐπίσταται

2201 842 2298 912 τήν
2324 843 2571 914 ήμὲραν;
2598 843 2658 894 Εἰ
2691 840 2798 912 γὰρ
2823 837 3005 909 ἠγνόει
3030 875 3045 899 ,
3079 835 3194 898 πῶς
3219 829 3596 918 ἐπερωτηθεὶςο
3640 829 3767 893 περὶ

2200 935 2300 1004 τῆς
2331 935 2634 997 συντελείας
2680 933 2771 985 τοῦ
2801 930 2992 993 αἰῶνος
3047 927 3259 990 τούτου,
3291 924 3384 978 καὶ
3419 923 3517 995 τῆς
3557 938 3766 992 παρου-

2204 1026 2322 1089 σίας
2353 1025 2515 1079 αὑτοῦ
2544 1026 2640 1095 τῆς
2673 1024 2946 1096 δευτέρας,
2979 1020 3208 1091 ἠδύνατο
3249 1015 3564 1088 ἀποκριθεὶς
3595 1014 3768 1084 φῆσαι

2201 1117 2298 1187 τὴν
2332 1116 2588 1185 ἀλήθειαν
2615 1133 2628 1178 ;
2658 1115 2776 1168 Τῶν
2805 1114 2912 1185 γὰρ
2932 1110 3242 1182 ἀκραιφνῶς
3270 1109 3498 1178 ἐχόντων
3521 1106 3621 1176 τὴν
3641 1103 3769 1176 περὶ

2201 1205 2306 1258 τῶν
2349 1199 2450 1258 ὧδε
2486 1205 2594 1276 (46)
2629 1205 2797 1259 ὄντων
2832 1205 3187 1275 ἢγινομένων
3221 1199 3442 1269 γνῶσιν,
3495 1195 3624 1251 ιδιόν
3652 1198 3768 1249 ἐστι

2202 1295 2297 1366 τὴν
2327 1296 2581 1367 ἀλήθειαν
2630 1295 2976 1368 ἀφηγεῖσθαι.
3025 1294 3183 1348 Ὅθεν
3210 1293 3302 1345 καὶ
3327 1291 3354 1343 6
3388 1288 3575 1360 Σωτὴρ
3606 1286 3769 1357 γινὼ-

2204 1402 2346 1438 σκων
2376 1387 2610 1457 ἐσήμανε
2637 1387 2733 1456 τὴν
2755 1385 3010 1456 ἀλήθειαν
3032 1382 3416 1455 ἐπερωτηθείς.
3443 1379 3769 1451 Πυθομένων

2201 1477 2307 1547 γὰρ
2335 1477 2440 1530 τῶν
2470 1477 2744 1547 μαθητῶν,
2773 1479 2824 1531 τί
2856 1478 2918 1530 τὸ
2951 1479 3169 1547 σημεῖον
3192 1477 3287 1546 τῆς
3330 1473 3625 1544 παρουσίας
3673 1469 3768 1525 τοῦ

2201 1569 2406 1640 Κυρίου
2446 1569 2640 1640 Ἰησοῦ,
2674 1569 2896 1639 καὶτῆς
2935 1568 3240 1631 συντελείας
3279 1564 3372 1618 τοῦ
3407 1564 3599 1628 αἰῶνος
3646 1562 3772 1616 τού-

2200 1677 2314 1723 του,
2348 1659 2664 1730 ἀποκριθεὶς
2700 1659 2803 1730 ἔφη
2830 1659 3004 1714 οὕτωσ
3073 1679 3092 1710 ‹
3126 1659 3379 1722 Βλέπετε,
3415 1659 3488 1728 μή
3514 1674 3598 1720 τις
3626 1656 3775 1726 ὑμᾶς

2203 1750 2469 1823 πλανήσῃ.
2489 1752 2680 1805 Πολλοὶ
2709 1751 2816 1824 γὰρ
2837 1747 3141 1805 ἐλεύσονται
3176 1752 3268 1804 ἐπὶ
3295 1750 3372 1820 τῷ
3399 1749 3618 1820 ὀνόματί
3644 1765 3768 1818 μου,

2131 1812 2171 1866 Β
2199 1812 2447 1911 λέγοντες
2468 1861 2480 1873 ⁸
2532 1843 2676 1912 Ἐγώ
2703 1812 2814 1915 εἰμι
2843 1847 2870 1898 6
2890 1845 3142 1916 Χριστὸς,
3179 1845 3274 1898 καὶ¹
3316 1812 3543 1904 πολλοῦς
3574 1812 3773 1912 πλανή-

2203 1950 2372 1986 σουσι.
2423 1934 2730 2004 Μελλήσετε
2792 1935 2848 1987 δὲ
2900 1935 3115 1990 ἀκούειν
3163 1934 3428 2004 πολέμους
3457 1933 3550 1986 καὶ
3602 1929 3772 1996 ἀκοὰς

2201 2025 2471 2095 πολέμων.
2489 2026 2675 2096 Ὁρᾶτε
2697 2027 2768 2098 μή
2791 2025 3052 2098 θροεῖσθεο
3079 2028 3158 2079 δεῖ
3172 2026 3279 2096 γὰρ
3295 2025 3392 2078 ταῦ
3405 2041 3472 2077 τα
3487 2021 3769 2087 γενέσθαι,

2199 2117 2314 2170 ἀλλ’
2355 2116 2506 2171 οὔπω
2551 2118 2612 2170 τὸ
2653 2119 2824 2181 τέλος.
2883 2119 3270 2190 Ἐγερθήσεται
3317 2117 3424 2188 γὰρ
3472 2115 3623 2178 ἔθνος
3680 2113 3772 2167 ἐπὶ

2200 2208 2369 2270 ἔθνος,
2400 2209 2493 2262 καὶ
2521 2208 2762 2278 βασιλεία
2785 2210 2876 2262 ἐπὶ
2909 2209 3202 2278 βασιλείαν,
3236 2210 3326 2262 καὶ
3363 2209 3569 2260 ἔσονται
3601 2206 3771 2276 λιμοὶ,

2271 2301 2283 2318 κ
2988 2319 3017 2332 ,,
3127 2302 3137 2316 ο
3253 2319 3276 2333 ρ
3422 2287 3448 2334 ᾗ
3585 2299 3606 2326 ι

2201 2317 2292 2352 και
2324 2299 2521 2370 λοιμοὶ.
2554 2301 2647 2354 καὶ
2671 2303 2882 2372 σεισμοὶ
2915 2301 3055 2354 κατὰ
3081 2319 3296 2364 τοπους.
3339 2302 3522 2354 Ταυτα
3552 2299 3609 2352 δε.
3639 2298 3773 2352 πάν-

2199 2407 2265 2442 τα
2287 2390 2427 2462 ἀρχὴ
2452 2391 2672 2444 ὠδίνων.
2693 2393 2823 2445 Τότε
2850 2391 3253 2464 παραδώσουσιν
3282 2393 3423 2462 ὑμᾶς
3441 2393 3516 2454 είς
3536 2388 3764 2459 θλίψεις,

2201 2483 2293 2534 καὶ
2331 2483 2718 2538 ἀποκτενοῦσιν
2749 2485 2891 2555 ὑμᾶς
2914 2501 2927 2513 ·
2959 2485 3052 2536 καὶ
3079 2483 3264 2536 ἔσεσθε
3301 2483 3614 2554 μισούμενοι
3668 2480 3772 2532 ὑπὸ

2199 2575 2415 2628 πάντων
2449 2575 2535 2628 διὰ
2564 2576 2624 2628 τὸ
2667 2576 2836 2646 ὄνομά
2879 2594 2998 2646 μου.
3056 2577 3166 2628 Καὶ
3214 2575 3330 2627 τότε
3383 2570 3770 2643 σκανδαλισθή-

2201 2682 2382 2720 σονται
2403 2665 2606 2730 πολλοὶ,
2631 2667 2722 2720 καὶ
2752 2665 3008 2737 ἀλλήλους
3039 2665 3435 2735 παραδώσουσι,
3464 2662 3557 2715 καὶ
3608 2661 3768 2731 μισή-

2201 2773 2380 2810 σουσιν
2419 2757 2693 2827 ἀλλήλους.
2731 2759 2839 2810 Καὶ
2864 2757 3044 2810 πολλοὶ
3063 2756 3502 2828 ψευδοπροφῆται
3537 2752 3769 2824 ἐγερθή-

2200 2867 2402 2909 σονται,
2435 2850 2527 2901 καὶ
2564 2849 2896 2920 πλανήσουσι
2922 2849 3164 2912 πολλούς.
3202 2849 3309 2901 Καὶ
3335 2847 3421 2900 διὰ
3449 2847 3510 2899 τὸ
3532 2844 3770 2914 πληθυν-

2199 2941 2354 3012 θῆναι
2381 2940 2478 3012 τὴν
2503 2941 2752 3012 ἀνομίαν,
2786 2941 3086 3012 ψυγήσεται
3120 2943 3152 3011 ἠ
3183 2941 3367 3011 ἀγάπη
3395 2939 3503 2991 τῶν
3537 2935 3768 2990 πολλῶν.

2211 3034 2268 3086 '0
2299 3033 2356 3087 δὲ
2407 3034 2704 3104 ὑπομείνας
2745 3035 2825 3098 εἰς
2879 3035 3051 3097 τέλος,
3088 3030 3239 3096 οὗτος
3289 3031 3611 3102 σωθήσεται.
3661 3029 3772 3082 Καὶ

2198 3125 2596 3198 κηρυχθήσεται
2636 3127 2698 3180 τὸ
2737 3127 3063 3197 Εὐαγγέλιον
3101 3127 3197 3197 τῆς
3244 3125 3517 3194 βασιλείας
3559 3125 3618 3177 ὲν
3664 3122 3771 3192 ὅλῳ

2196 3217 2272 3288 τῷ
2302 3219 2522 3290 κόσμῳ,
2553 3221 2632 3282 εἰς
2663 3218 2957 3292 μαρτύριον
2989 3220 3096 3289 (47)
3129 3221 3261 3272 πᾶσι
3301 3221 3414 3280 τοῖς
3445 3217 3640 3280 ἔθνεσι,
3675 3214 3770 3268 καὶ

2195 3312 2312 3364 τότε
2341 3312 2459 3381 ἥξει
2489 3313 2548 3364 τὸ
2575 3312 2745 3375 τέλος.
2779 3332 2798 3362 ι
2826 3313 2934 3365 Καὶ
2966 3314 3080 3382 μετ’
3107 3312 3261 3380 ὀλίγα
3293 3310 3487 3381 φησίν·
3524 3328 3542 3360 ι
3577 3309 3770 3361 Ἔσται

2196 3399 2303 3470 γὰρ
2325 3399 2500 3469 θλίψις
2525 3401 2752 3471 μεγάλη,
2773 3402 2859 3454 οἶα
2895 3403 2954 3454 οὐ
2991 3403 3208 3470 γέγονεν
3239 3401 3330 3453 ἀπ’
3363 3399 3537 3470 ἀρχῆς
3561 3399 3765 3468 κόσμου

2195 3493 2298 3555 ἕως
2323 3491 2415 3545 τοῦ
2454 3493 2569 3555 νῦν,
2599 3494 2704 3546 οὐδ’
2734 3493 2794 3546 οὐ
2853 3493 2926 3565 μὴ
2979 3493 3216 3563 γένηται.
3249 3494 3356 3545 Καὶ
3377 3494 3424 3544 εί
3465 3492 3540 3562 μὴ
3586 3489 3770 3542 ἐκολο-

2196 3583 2446 3656 ϐώθησαν
2492 3587 2545 3638 αἱ
2592 3585 2793 3656 ἡμέραι
2849 3586 3090 3646 ἐκεῖναι,
3141 3584 3240 3636 οὑκ
3278 3583 3343 3636 ἂν
3382 3581 3560 3652 ἐσώθη
3615 3581 3770 3634 πᾶσα

2197 3675 2352 3748 σάρξ.
2376 3677 2508 3729 Τότε
2526 3677 2619 3730 ὲὰν
2643 3693 2726 3739 τις
2767 3677 2893 3747 ὑμῖν
2927 3676 3080 3747 εἴπῃ·
3121 3674 3249 3728 Ἰδοὺ
3295 3670 3396 3728 ῶδε
3438 3676 3466 3727 6
3509 3673 3766 3746 Χριστὸς,

2199 3767 2307 3820 ἰδοὺ
2370 3769 2524 3820 ὲκεῖο
2587 3767 2661 3837 μὴ
2708 3765 3081 3833 ἀπιστεύσητε·
3154 3785 3173 3817 ι
3235 3766 3328 3818 καὶ
3381 3764 3499 3836 μεθ’
3562 3765 3759 3835 ἕτερα·

2201 3879 2219 3910 ι
2244 3860 2453 3928 ’Ὠσπερ
2483 3859 2591 3930 γὰρ
2629 3861 2662 3930 ἡ
2708 3859 2959 3929 ἀστραπὴ
2992 3858 3271 3928 ἐξέρχεται
3311 3857 3417 3912 ἀπὸ
3468 3855 3764 3917 ἀνατολῶν,

2194 3950 2284 4001 καὶ
2341 3951 2588 4018 φαίνεται
2627 3951 2730 4012 ἓως
2763 3949 2980 4019 δυσμῶν
3009 3952 3142 4015 (48).
3167 3949 3338 4012 οῦτως
3365 3947 3516 4000 ἔσται
3558 3949 3591 4017 ή
3626 3965 3766 4017 παρ-

2192 4039 2345 4092 ουσία
2384 4039 2474 4092 τοῦ
2525 4038 2651 4092 Υῐοῦ
2687 4039 2779 4091 τοῦ
2834 4038 3142 4108 ἀνθρώπου.
3199 4039 3371 4091 Ὅπου
3435 4036 3491 4089 δὲ
3531 4035 3597 4089 ἂν
3703 4035 3766 4088 τὸ

2193 4129 2415 4200 πτῶμα,
2449 4131 2564 4181 ἐκεῖ
2588 4127 3010 4199 συναχθήσονται
3030 4129 3076 4180 οἱ
3108 4126 3272 4180 ἀετοί.
3294 4125 3505 4188 Εὐθέως
3535 4124 3590 4177 δὲ
3628 4125 3766 4196 μετά

2191 4222 2288 4292 τὴν
2317 4221 2495 4290 θλίψιν
2515 4221 2622 4274 τῶν
2650 4221 2871 4292 ἡμερῶν
2901 4219 3122 4272 ἐκείνων
3154 4219 3184 4270 6
3227 4218 3377 4289 ἥλιος
3412 4217 3762 4288 σκοτισθήσε-

2190 4332 2303 4377 ται,
2327 4295 2418 4366 κάι
2446 4314 2478 4383 ἠ
2515 4312 2708 4382 σελήνη
2739 4312 2800 4364 οὑ
2831 4309 2991 4363 δώσει
3015 4310 3076 4362 τὸ
3123 4309 3322 4379 φέγγος
3355 4307 3545 4378 αὐτῆς,
3591 4309 3685 4360 καὶ
3713 4309 3761 4360 ot

2192 4407 2418 4479 ἀστέρες
2446 4404 2538 4458 τοῦ
2563 4403 2792 4476 οὐρανοῦ
2828 4402 3136 4464 πεσοῦνται,
3167 4401 3260 4454 καὶ
3284 4401 3340 4453 αἱ
3373 4400 3630 4470 δυνάμεις
3657 4400 3762 4452 τῶν

519 4491 646 4558 quia
675 4507 780 4547 non
804 4492 1101 4561 praeteribit
1119 4496 1396 4561 generatio
1417 4495 1553 4561 haec,
1577 4496 1750 4550 donec
1772 4497 1955 4550 omnia
1982 4497 2095 4550 lucc

2197 4497 2438 4570 οὐρανῶν
2497 4495 2914 4566 σαλευθήσονται
2943 4511 2956 4524 °
3028 4495 3119 4547 καὶ
3169 4493 3289 4546 τότε
3351 4494 3649 4563 φανήσεται
3701 4492 3763 4544 τὸ

518 4580 670 4633 ﬁant.
701 4581 908 4635 Caelum
931 4594 984 4638 et
1010 4592 1151 4638 terra
1183 4587 1494 4641 transibunt
1522 4606 1535 4640 :
1561 4587 1724 4641 verba
1757 4594 1935 4640 autem
1971 4601 2090 4640 mea

520 4686 629 4725 non
649 4674 1022 4742 praeteribunt.
1051 4675 1124 4730 De
1162 4678 1250 4732 die
1282 4685 1462 4733 autem
1495 4679 1581 4734 vel
1610 4678 1744 4732 hora
1776 4692 1936 4730 nemo
1961 4677 2087 4740 scit,

520 4778 697 4834 neque
734 4766 909 4837 angeli
948 4768 1234 4832 cmlorum,
1279 4770 1384 4825 nisi
1425 4773 1575 4825 solus
1617 4769 1778 4824 Pater
1807 4770 1872 4824 ‘9.
1917 4789 1936 4821 ι
1971 4767 2088 4822 Jam

519 4855 800 4911 hominum
843 4867 927 4914 est
972 4861 1300 4930 sapientium
1351 4877 1418 4916 ex
1451 4862 1538 4916 his
1568 4877 1688 4930 qua:
1736 4859 1983 4914 Salvator
2025 4862 2092 4916 de

518 4946 607 5001 die
650 4956 704 5002 et
741 4948 874 5004 hora
914 4951 1353 5021 praesignificavit
1385 4952 1716 5022 perspicere,
1753 4952 1927 5020 ipsum
1972 4968 2092 5007 cer-

520 5037 727 5093 tissime
767 5055 1097 5109 cognoscere
1123 5043 1473 5112 quandonam
1508 5049 1772 5097 venturus
1817 5043 1932 5112 ipse
1977 5051 2080 5107 est,

517 5131 980 5202 restituturusque
1019 5134 1236 5196 omnia,
1278 5142 1438 5202 prout
1483 5135 1762 5189 definitum
1795 5144 1898 5197 est,
1927 5136 2082 5204 juxta

514 5222 858 5276 individuum
891 5224 1064 5294 ipsius
1092 5240 1144 5280 et
1175 5225 1355 5280 Patris
1387 5229 1470 5282 sui
1503 5228 1816 5283 consilium.
1845 5229 2084 5298 Accepto

512 5315 658 5369 cnim
688 5315 990 5386 Evangelia
1021 5319 1077 5372 in
1107 5319 1381 5383 manibus,
1411 5321 1524 5389 lege
1559 5319 1736 5373 locum
1760 5321 1992 5375 Matthaai
2016 5322 2083 5376 de

2199 4590 2422 4659 σημεῖον
2462 4585 2557 4638 τοῦ
2602 4585 2730 4638 Υἱοῦ
2769 4584 2860 4636 τοῦ
2903 4581 3189 4653 ἀνθρώπου
3243 4583 3300 4633 ἐν
3351 4579 3428 4650 τῷ
3460 4578 3692 4651 οὐρανῷ.
3736 4597 3755 4630 ι

2195 4682 2306 4733 Καὶ
2333 4681 2448 4750 μετ’
2474 4678 2628 4743 όλίγα
2665 4677 2858 4747 φησίνο
2901 4694 2918 4724 ‹
2965 4675 3136 4745 Ἀμὴν
3159 4713 3173 4737 ,
3207 4675 3349 4739 λέγω
3393 4673 3542 4742 ὑμῖν,
3578 4673 3661 4725 ὅτι
3697 4671 3767 4759 οὺ..

2197 4770 2270 4842 μὴ
2297 4768 2538 4840 παρέλθῃ
2566 4771 2597 4838 ή
2629 4767 2789 4835 γενεὰ
2819 4766 2978 4831 αῦτη,
3010 4767 3113 4828 ἓως
3152 4764 3217 4818 ἂν
3251 4765 3426 4818 πάντα
3455 4764 3629 4818 ταῦτα
3669 4764 3760 4832 γέ-

2192 4881 2368 4934 νηται.
2403 4863 2458 4913 ’0
2482 4860 2708 4930 οὐρανὸς
2736 4859 2826 4912 καὶ
2875 4861 2908 4928 ἡ
2931 4859 3019 4927 Δγῆ
3053 4857 3467 4929 παρελεύσεται·
3505 4857 3552 4908 οἱ
3583 4855 3642 4908 δὲ
3676 4854 3761 4909 λόο

2193 4971 2278 5022 γοι
2314 4969 2414 5024 μου
2444 4951 2502 5002 οὐ
2538 4949 2612 5021 μὴ
2649 4949 2978 5020 παρέλθωσι.
3009 4949 3144 5016 Περὶ
3179 4948 3236 5000 δὲ
3268 4947 3368 5017 τῆς
3403 4946 3515 5016 (49)
3547 4946 3760 5017 ἡμέρας

2189 5047 2222 5116 ἢ
2264 5045 2359 5115 τῆς
2393 5043 2541 5113 ὥρας
2584 5042 2758 5105 οὐδεὶς
2800 5038 2968 5106 οἶδεν,
3011 5039 3133 5093 οῦτε
3175 5041 3224 5092 οἱ
3258 5039 3474 5106 ἄγγελοι
3519 5039 3629 5091 τῶν
3671 5041 3760 5093 οὑ-

2195 5136 2394 5208 ρανῶν,
2417 5139 2464 5188 εἰ
2504 5137 2576 5205 μὴ
2615 5135 2642 5185 6
2671 5133 2858 5204 Πατὴρ
2897 5134 3074 5204 μόνος.
3107 5151 3125 5183 ι
3166 5131 3364 5185 Λοιπὸν
3397 5129 3614 5196 πάντως
3647 5132 3758 5202 (56)

2189 5227 2297 5280 τῶν
2329 5225 2728 5298 εὐφρονούντων
2752 5227 2896 5277 ἐστὶν
2913 5223 3203 5292 ἐπιγνῶναι
3229 5223 3290 5274 ἐκ
3309 5221 3417 5273 τῶν
3444 5238 3763 5292 προσημαν-

2192 5319 2393 5374 θέντων
2423 5321 2486 5372 ὲκ
2507 5318 2602 5371 τοῦ
2635 5318 2886 5389 Σωτῆρος
2917 5317 3041 5388 περὶ
3084 5315 3180 5385 τῆς
3218 5313 3441 5398 ἡμέρας.
3462 5315 3557 5366 καί⁵
3587 5313 3759 5386 ῶρας.

584 5469 630 5504 ⁸⁸
668 5470 858 5526 Matth.
894 5489 1043 5536 xxw,
1075 5473 1226 5529 4-14.
1302 5476 1344 5506 ⁵⁷
1382 5472 1514 5528 Ibid.
1552 5473 1751 5529 21-25.
1829 5476 1872 5508 ⁵⁸
1910 5475 2048 5529 ibid.
2085 5476 2096 5529 ε

2196 5477 2277 5530 50.
2352 5475 2396 5507 "
2435 5474 2571 5532 Ibid.
2606 5474 2794 5530 36-56.

588 5625 698 5690 (46)
729 5620 856 5700 foss
890 5626 1050 5700 dei-st
1075 5631 1127 5680 in
1157 5629 1288 5700 Reg.
1320 5629 1483 5684 Basil.
1514 5630 1668 5700 Angl.
1694 5638 1746 5684 et
1771 5629 1907 5700 Aug.
1940 5629 2074 5684 Ibid.

509 5693 682 5766 lin-col
709 5695 859 5766 ilecst
890 5695 942 5748 in
979 5697 1116 5766 Aug.

589 5763 697 5835 (47)
728 5763 862 5835 Aug.
893 5783 968 5825 εις
997 5763 1314 5838 μαρτυρίαν.

2402 5627 2536 5700 Reg.
2565 5625 2569 5628 ’
2597 5629 2758 5700 μέχρι
2787 5628 3026 5700 δυσμῶν.
3069 5627 3208 5682 Infra
3237 5625 3364 5697 Reg.
3398 5625 3492 5679 καὶ
3511 5625 3561 5678 oi
3595 5622 3759 5681 deti.

2257 5698 2369 5770 (69)
2394 5698 2550 5765 Angl.
2579 5698 2841 5770 περὶτῆς.

2256 5768 2368 5834 (ait)
2393 5771 2522 5837 Aug.
2577 5768 2810 5821 πάντων.
