4066 6388
236 365 315 423 ιτδ

233 480 544 554 ῐτιγινὼσκει
576 484 952 554 ἀσφαλέστατα
1000 484 1130 537 πότε
1168 482 1349 553 μέλλει
1393 484 1648 558 ἔρχεσθαι
1671 488 1765 539 καὶ
1792 496 1835 552 Α

233 575 638 632 ἀποκαθιστάνειν
690 577 901 632 ἅπαντα
930 617 945 641 ,
997 575 1180 639 καθὼς
1228 575 1583 649 προώρισται,
1624 579 1760 649 πρὸς

231 668 302 739 τὴν
317 664 653 731 ἀδιᾶζευκτον
671 668 832 722 αὐτοῦ
865 667 1060 739 βουλὴν
1086 667 1180 721 καὶ
1205 666 1298 720 τοῦ
1330 668 1446 721 Πατ
1456 668 1547 739 po;
1571 667 1759 722 αὐτοῦ.

230 759 374 813 Λαὸὼν
408 760 523 830 γὰρ
564 761 626 814 τὺ
658 760 986 831 Εύαγγὲλιον
1015 762 1073 815 ὲν
1107 759 1314 831 χερσὶν,
1348 760 1619 827 ἀνάγνωθι
1662 760 1761 831 τὴν

230 854 487 925 περικοπὴν
524 855 622 908 τοῦ
661 853 938 909 Ματθαίου
979 852 1107 923 περὶ
1143 851 1235 905 τοῦ
1259 852 1587 924 ζητουμένου
1610 891 1625 915 ,
1666 852 1761 905 καὶ

229 946 340 1000 ἔσται
374 965 458 1003 σοι
489 950 668 1003 πάντα
699 948 972 1018 κατάδηλα
991 988 1007 1010 ,
1048 947 1124 1011 ὼς
1149 946 1249 1000 οὐκ
1278 948 1468 1015 ἀγνοεῖ
1495 950 1524 1000 6
1557 949 1761 1020 Κύριος

229 1038 435 1110 περὶτῆς
463 1040 705 1112 ἡμέρας.
725 1042 788 1093 Εἰ
821 1040 879 1094 δὲ
913 1039 1115 1108 ἠγνόει.
1143 1038 1261 1102 πῶς
1291 1039 1520 1108 ἠδύνατο
1554 1039 1624 1092 τὰ
1660 1056 1763 1109 μη-

227 1126 335 1179 δέπω
353 1126 506 1191 ὄντα,
544 1130 681 1199 μήτε
711 1129 818 1199 μὴν
844 1129 1110 1199 γενόμενα
1152 1127 1264 1199 (5|)
1310 1128 1511 1199 σημεῖά
1556 1146 1616 1181 τε
1666 1129 1762 1182 mi.

226 1219 508 1290 πειρατήρια
532 1260 549 1282 ,
587 1219 730 1291 ειπερ
779 1219 1136 1291 προτρέχουσι
1199 1218 1305 1291 πρὸ
1354 1219 1454 1290 τῆς
1507 1219 1759 1290 ἡμέρας.

1342 355 1757 422 ωδΡυΤΑτιο
1794 365 2073 422 CONTRA
2106 365 2353 422 ARIUM.

3330 362 3439 415 ιῑι

1864 501 1930 541 eo
1957 486 2103 556 quod
2132 486 2187 540 in
2214 482 2591 539 controversia
2614 490 2719 543 est,
2746 480 2952 549 tibique
2981 480 3201 533 omnino
3233 479 3447 546 patebit

1863 577 2153 632 Dominum
2175 577 2315 632 diem
2342 574 2564 630 minime
2589 574 2859 645 ignorare.
2883 570 3018 625 Nam
3042 569 3088 626 si
3109 570 3438 641 ignorasset,

1862 670 2139 739 quomodo
2184 668 2477 739 praedicere
2525 666 2797 737 potuisset
2833 665 2986 734 signa
3013 670 3067 717 et
3100 668 3436 717 tentamenta

1862 762 2006 817 diem
2057 760 2472 831 praecurrentia,
2513 774 2638 813 cum
2675 756 2915 813 nondum
2944 761 3129 810 essent
3156 754 3243 810 vel
3290 752 3437 807 acci-

1862 853 2107 910 dissent?
2136 853 2412 924 siquidem
2466 867 2641 921 usque
2693 849 2760 904 ad
2802 845 3325 904 consummationem
3380 853 3438 897 et

1866 949 2156 1003 adventum
2241 961 2402 1000 suum
2486 944 2643 1016 signa
2724 950 2779 996 et
2864 955 3055 997 eorum
3144 935 3445 1008 qualitates

1865 1037 2276 1109 praenuntiavit,
2310 1036 2386 1090 ita
2435 1043 2496 1089 ut
2544 1034 2904 1089 studiosiores
2954 1040 3008 1086 et
3048 1026 3438 1084 laboriosiores

1864 1145 1931 1185 ex
1991 1128 2061 1183 iis
2110 1145 2231 1198 quae
2287 1126 2611 1199 praamonuit
2650 1124 2914 1181 Dominus
2961 1131 3175 1192 tempus
3224 1117 3437 1191 possint

1865 1234 2215 1291 cognoscere.

224 1310 503 1381 προλέγειν;
544 1313 649 1377 ἕως
685 1312 795 1381 γὰρ
821 1313 921 1383 τῆς
956 1314 1265 1377 συντελείας
1308 1314 1403 1367 καὶ
1446 1314 1749 1383 παρουσίας
1804 1315 1998 1368 ἑαυτοῦ
2054 1312 2395 1385 προεδήλωσε
2440 1311 2510 1365 τὰ
2555 1314 2789 1381 σημεῖα,
2844 1309 2937 1363 καὶ
3000 1306 3097 1371 τὰς
3143 1304 3434 1374 ποιότητας

221 1405 377 1470 αὐτῶν,
419 1407 519 1471 ’ὡς
574 1407 833 1463 δύνασθαι
883 1410 976 1462 καὶ
1043 1410 1171 1474 τοὺς
1213 1408 1664 1481 σπουδαιοτέρους
1712 1409 1828 1481 (52)

222 1499 546 1571 μεμνημένων
586 1500 724 1571 πρὸς
757 1499 851 1554 τοῦ
887 1501 1115 1573 Κυρίου.

265 1590 334 1643 27.
375 1593 507 1658 Ἀρ.
529 1588 683 1645 εἶπεν
702 1610 717 1624 ο
761 1593 826 1647 El
854 1592 1069 1664 ἀληθῶς
1088 1593 1381 1647 ἐπίσταται
1397 1590 1493 1663 τὴν
1518 1592 1753 1664 ἡμέραν,

217 1676 281 1731 διὰ
299 1679 342 1732 τι
394 1682 560 1745 αὐτὸς
599 1682 703 1755 ἔφη
728 1699 743 1713 ·
801 1700 820 1733 ι
855 1682 990 1739 Οὐδὲ
1027 1684 1056 1736 6
1097 1682 1223 1746 Υἱὸς
1269 1677 1378 1736 οἶδε
1408 1680 1507 1753 τὴν
1543 1681 1755 1753 ἡμέραν

217 1768 426 1842 εκείνην;
482 1792 503 1824 ι
553 1773 674 1827 Ἀθ.
707 1769 890 1827 εἶπεν·
950 1774 1064 1827 Οὐκ
1088 1769 1240 1827 εἶπεν
1279 1774 1308 1825 6
1357 1772 1582 1845 Κύριος,
1620 1772 1755 1826 Ούδὲ

218 1859 296 1930 ἐγὼ
315 1859 436 1918 οἶδα
475 1865 577 1936 τὴν
618 1864 831 1936 ἡμέραν
891 1866 1126 1936 ἐκείνην.
1164 1864 1336 1919 Τοῦτο
1373 1865 1483 1937 γὰρ
1538 1864 1765 1918 ἀκόλου-

218 1953 281 2007 Θον
319 1951 388 2027 ἦν
420 1956 586 2025 φάναι
635 1956 729 2010 τὸν
771 1955 995 2027 Κύριον,
1021 1957 1181 2026 εἰπερ
1220 1953 1381 2025 ἡθελε
1410 1953 1538 2025 περὶ
1569 1953 1761 2006 ἑαυτοῦ

216 2048 552 2119 παραστῆσαι,
584 2047 662 2111 ὡς
710 2046 785 2117 μὴ
837 2045 978 2117 ἔχων
1023 2046 1224 2115 γνῶσιν
1290 2044 1381 2098 τοῦ
1420 2045 1765 2115 πράγματος.

216 2140 295 2194 Καὶ
324 2142 385 2193 ὲν
427 2141 527 2211 μὲν
556 2140 639 2211 τῷ
678 2139 954 2210 Ματθαίῳ
982 2140 1042 2193 οὐ
1099 2137 1347 2210 φέρεται,
1384 2137 1519 2191 Οὐδὲ
1566 2139 1595 2190 6
1637 2137 1765 2200 Υἱὸς

215 2224 292 2284 οἶδε
319 2230 434 2299 (55)
470 2230 571 2303 τὴν
594 2230 807 2302 ἡμέραν
847 2229 1089 2301 ἐκείνηνο
1127 2231 1176 2283 οἱ
1217 2228 1274 2281 δὲ
1311 2227 1487 2281 λοιποὶ
1534 2227 1767 2295 εὐαγγε-

216 2320 361 2376 λισταὶ
385 2321 685 2395 παρέλιπον
727 2322 823 2394 τὴν
865 2323 993 2393 περὶ
1038 2320 1227 2376 τούτου
1281 2320 1565 2391 διήγησιν⁸
1606 2317 1771 2388 μονώ-

215 2430 341 2479 τατος
356 2414 657 2487 δὲΜάρκος
682 2414 809 2485 ἔφη’
831 2432 851 2465 ι
886 2414 1020 2467 Οὐδὲ
1043 2415 1073 2467 6
1100 2413 1227 2477 Υἱὸς
1249 2431 1269 2464 ι
1289 2406 1396 2466 οῐδε
1413 2413 1510 2483 τὴν
1531 2409 1766 2481 ἡμέραν.

215 2505 300 2559 Καὶ
336 2506 436 2578 τὴν
486 2507 582 2561 τοῦ
641 2505 869 2578 Μάρκου
924 2506 1204 2577 ἀφήγησιν
1257 2506 1315 2558 ὲν
1380 2504 1619 2575 στέρνοις
1674 2518 1769 2555 σου

215 2600 389 2668 γνῶθι,
421 2602 505 2655 ὃτι
544 2601 648 2656 οὐκ
676 2602 859 2670 ἀγνοεῖ
894 2601 924 2653 6
966 2598 1171 2671 Κύριος
1210 2598 1317 2670 τὴν
1355 2595 1588 2668 ἡμέραν.
1632 2596 1771 2667 Φησὶ

216 2692 298 2765 γὰρ
337 2694 367 2745 6
401 2693 608 2765 Κύριος
648 2692 853 2763 Ἰησοῦς
876 2710 889 2723 -
933 2710 952 2744 ι
978 2691 1115 2763 Περὶ
1156 2691 1213 2745 δὲ
1252 2691 1350 2760 τῆς
1382 2690 1595 2761 ἡμέρας
1628 2688 1773 2741 ὲκεί-

215 2800 291 2857 νης
312 2786 404 2841 καὶ
451 2785 602 2858 ὥρας
640 2784 812 2849 οὐδεὶς
839 2781 1003 2849 οἶδεν,
1034 2784 1157 2837 οὐδὲ
1193 2785 1244 2836 οι
1290 2782 1512 2851 ἄγγελοι
1551 2780 1660 2834 τῶν
1682 2779 1775 2833 οὺ-

217 2878 390 2948 ρανῶν,
411 2877 533 2931 οὐδὲ
551 2879 581 2931 6
608 2876 759 2943 Υἱὸς,
797 2877 846 2930 εἰ
872 2878 949 2948 μὴ
990 2876 1019 2928 6
1056 2877 1264 2947 Πατήρ.
1299 2894 1319 2927 ι
1344 2874 1633 2929 Γινώσκων
1664 2871 1774 2944 γὰρ

216 2970 386 3025 ἑαυτὸν
426 2972 501 3043 μὴ
539 2969 804 3024 διεστῶτα
856 2969 965 3022 ἀπὸ
1010 2967 1105 3021 τοῦ
1148 2966 1361 3038 Πατρδς
1392 2966 1513 3020 κατ’
1565 2965 1775 3027 οὐσίαν,

216 3062 312 3115 ἀλλ’
330 3062 608 3133 ἡνωμένον
628 3063 697 3132 τῇ
721 3059 934 3130 θεότητι
967 3059 1044 3130 τῷ
1069 3058 1190 3129 Θεῴ
1237 3058 1414 3128 Ilath
1450 3055 1639 3121 αὐτοῦ,
1675 3056 1775 3127 τὴν

1794 1814 1835 1867 Β

1866 1411 1961 1464 καὶ
2003 1408 2324 1479 φιλοπόνους
2369 1405 2662 1475 ἐπιγνῶναι
2700 1405 2789 1457 τὸν
2820 1402 3010 1473 καιρὸν
3058 1402 3124 1453 ὲκ
3154 1399 3260 1453 τῶν
3304 1411 3437 1467 προς

1929 1587 2021 1642 9.7.
2079 1585 2176 1639 Ar.
2227 1583 2282 1640 Si
2339 1600 2463 1640 vere
2510 1582 2652 1638 diem
2702 1580 2892 1643 novit,
2947 1592 3119 1646 quare
3163 1577 3281 1646 ipse
3325 1575 3435 1641 ait,

1867 1699 1885 1731 ι
1920 1678 2107 1749 Neque
2136 1676 2311 1733 Filius
2339 1675 2483 1731 diem
2517 1675 2665 1729 illam
2700 1673 2852 1728 novit
2881 1671 2962 1725 ὀἳ
3001 1689 3020 1723 ι
3057 1668 3181 1723 Atla.
3208 1666 3327 1722 Non
3360 1668 3437 1722 ait

1865 1767 2148 1831 Dominus,
2182 1764 2370 1835 Neque
2415 1779 2518 1834 ego
2557 1762 2683 1817 novi
2730 1762 2875 1816 diem
2925 1759 3071 1814 illam
3128 1774 3141 1808 :
3195 1755 3248 1811 id
3292 1755 3436 1809 enim

1865 1858 2154 1913 Dominum
2227 1857 2410 1911 dicere
2476 1862 2903 1910 consentaneum
2962 1859 3113 1915 erat,
3170 1846 3437 1918 siquidem

1864 1952 2155 2009 ostendere
2192 1950 2295 2020 ipsi
2330 1948 2549 2002 animus
2576 1952 2744 2010 esset,
2780 1960 2838 2000 se
2878 1944 2957 1998 rei
2995 1942 3143 1997 illius
3174 1938 3430 2010 cognitio-

1865 2060 1987 2101 nem
2016 2059 2128 2098 non
2168 2042 2389 2096 habere.
2416 2040 2557 2105 Quin
2584 2038 2745 2093 etiam
2779 2038 2832 2090 in
2858 2036 3108 2090 Matthzeo
3132 2048 3238 2087 non
3273 2030 3441 2085 habe-

1866 2146 1974 2197 tur,
2005 2133 2189 2203 Neque
2218 2130 2389 2185 Filius
2417 2130 2560 2184 diem
2586 2129 2734 2182 illam
2761 2128 2934 2191 nov-vit,
2968 2127 3167 2194 aliique
3208 2138 3440 2192 evange-

1867 2222 2004 2276 lista
2050 2214 2362 2287 hujusmodi
2413 2213 2494 2269 rei
2538 2213 2867 2266 mentionem
2912 2213 3260 2264 omiserunt:
3291 2205 3443 2261 solus

1867 2323 2045 2366 autem
2085 2308 2304 2362 Marcus
2330 2306 2424 2371 ait,
2468 2325 2486 2356 ι
2515 2303 2699 2373 Neque
2729 2301 2898 2357 Filius
2930 2301 3079 2354 navit
3101 2299 3266 2353 diem.
3302 2316 3321 2349 ›
3357 2294 3440 2348 Tu

1868 2412 2047 2457 autem
2087 2399 2257 2454 Marci
2299 2397 2663 2452 narrationem
2708 2403 2884 2449 tecum
2919 2392 3103 2445 animo
3144 2385 3441 2460 perpende,

1867 2502 1922 2548 et
1976 2492 2099 2547 vide
2153 2489 2295 2545 diem
2346 2488 2493 2541 illam
2548 2484 2837 2540 Dominum
2892 2481 3115 2536 minime
3166 2481 3438 2549 ignorare.

1868 2588 1959 2642 Ait
1998 2585 2144 2641 enim
2187 2581 2452 2638 Dominus
2488 2578 2651 2635 lesus
2687 2598 2701 2634 :
2750 2597 2770 2630 ι
2817 2575 2893 2632 De
2925 2575 3014 2630 die
3039 2581 3220 2629 autem
3257 2572 3351 2626 illo
3390 2581 3445 2624 et

1872 2680 2027 2741 hora,
2087 2690 2248 2733 nemo
2297 2675 2424 2737 scit.
2479 2687 2657 2743 neque
2701 2669 3218 2741 angelifcoelorum,
3271 2680 3447 2734 neque

1873 2772 2066 2835 Filius,
2098 2768 2207 2825 nisi
2244 2767 2408 2824 Pater
2437 2767 2507 2821 “.
2546 2784 2567 2817 ι
2604 2761 2797 2818 Sciens
2822 2761 2966 2816 enim
2998 2775 3058 2816 se
3093 2773 3123 2812 a
3161 2756 3322 2812 Patre
3361 2771 3449 2811 se-

1873 2862 2114 2917 cundum
2153 2868 2406 2914 naturam
2448 2869 2557 2911 non
2587 2853 2845 2916 diﬂ'erre,
2884 2851 2977 2905 sed
3017 2851 3124 2905 Deo
3154 2847 3300 2903 Patri
3348 2862 3449 2901 suo

1873 2952 2160 3009 divinitate
2213 2950 2447 3009 unitum,
2505 2958 2662 3002 suam
2711 2941 3103 3012 praenotionem
3155 2939 3211 2992 in
3268 2936 3455 2991 Patris

1878 3062 1984 3117 pra
2016 3045 2211 3103 .otione
2264 3039 2618 3111 signiﬁcavit.
2670 3033 3127 3108 quemadmodum
3186 3029 3455 3085 Dominus

217 3130 387 3208 δαυτού
449 3130 765 3225 πρόγνοισιν
818 3152 877 3204 ὲν
922 3152 988 3222 τῇ
1043 3149 1137 3203 τοῦ
1198 3149 1409 3221 Πατρδς
1463 3146 1772 3221 προγνώσει

1877 3139 1952 3193 ait
1974 3152 1995 3191 ‘.
2028 3154 2050 3190 ι
2085 3136 2198 3208 Ego
2231 3133 2386 3205 1.71
2416 3140 2471 3188 et
2506 3130 2668 3186 Pater
2710 3146 2877 3185 unum
2910 3143 3144 3184 sumus:
3183 3145 3202 3176 ι
3238 3132 3292 3180 et
3326 3139 3439 3179 ruro

217 3241 487 3313 ἐσήμανεν,
526 3240 604 3305 ὥς
660 3241 875 3312 φησινὸ
897 3238 1130 3310 Κύριος·
1169 3258 1187 3289 ι
1228 3237 1369 3308 Ἐγὼ
1398 3239 1501 3293 καὶ
1524 3239 1553 3291 6
1586 3236 1785 3310 Πατὴρ

218 3328 265 3384 ιν
302 3333 462 3401 ἐσμεν
484 3344 501 3362 ο
541 3349 563 3382 ι
600 3329 698 3384 καὶ
725 3329 912 3382 πάλιν·
950 3347 970 3380 ι
993 3328 1199 3391 Πάντα,
1231 3330 1332 3382 ὅσα
1359 3328 1471 3400 ἔχει
1500 3330 1530 3383 6
1561 3327 1776 3399 Πατὴρ,

221 3421 317 3491 ὶμά
357 3424 524 3478 ἐστιν.
564 3441 584 3473 ι
620 3420 734 3491 Οὐχ
765 3420 950 3475 ἓνεκεν
982 3420 1217 3474 κτιστῶν
1248 3420 1587 3491 πραγμάτων
1624 3417 1787 3472 τοῦτο

218 3512 308 3584 εφη
330 3516 357 3569 6
387 3513 582 3586 Σωτὴρ
605 3513 689 3577 τὸ,
706 3512 893 3567 Πάντα
920 3513 1020 3566 ὅσα
1045 3512 1159 3583 ἔχει
1186 3514 1216 3565 6
1235 3512 1445 3583 Πατὴρ,
1474 3510 1585 3581 ὲμά
1609 3511 1777 3563 ἐστιν’

220 3604 320 3660 ἀλλ’
348 3606 447 3659 ὅσα
472 3603 645 3674 ἀνῆκε
669 3605 736 3674 τῇ
772 3601 983 3673 θεότητι
1013 3600 1107 3655 τοῦ
1142 3600 1374 3672 Πατρὸς,
1391 3598 1533 3653 αὐτὰ
1549 3598 1656 3652 ἴδια
1677 3597 1785 3668 ἔφη

220 3697 480 3768 ὀΚύριος.
511 3691 626 3750 οἷον
674 3696 738 3748 τὸ
772 3694 1062 3759 ἀθάνατον,
1092 3693 1155 3747 τὸ
1212 3692 1511 3764 ἄφθαρτον,
1545 3691 1607 3745 τὸ
1645 3688 1785 3760 ἀχει-

227 3806 399 3859 ραηον,
426 3790 489 3843 τὸ
519 3787 818 3857 ἄτρεπτον,
845 3786 905 3840 τὸ
930 3784 1334 3855 ἀκατάληπτον,
1366 3783 1426 3836 τὺ
1447 3781 1690 3843 δυνατὸν,
1723 3778 1786 3832 τὸ

226 3882 637 3952 προγνωστικὸν,
676 3881 771 3934 καὶ
814 3880 915 3933 ὃσα
971 3877 1120 3932 ἐστὶν
1164 3879 1194 3931 6
1250 3875 1440 3946 Πατὴρ
1473 3874 1610 3945 ἔχων
1649 3872 1787 3942 (54),

226 3972 381 4029 ταῦτα
406 3974 515 4027 ἴδια
550 3971 649 4026 τοῦ
706 3970 838 4025 Υἱοῦ
890 3969 1167 4041 τυγχάνει.
1201 3968 1440 4038 ’Δγνοεῖν
1459 3966 1517 4020 δὲ
1550 3965 1678 4037 ἔφη,
1709 3963 1793 4028 ὡς

227 4061 555 4134 προείρηται,
579 4059 849 4129 ἀγγέλους
875 4059 971 4114 καὶ
998 4060 1091 4119 τὸν
1131 4058 1283 4113 Υἱόν.

287 4152 371 4207 28.
406 4155 536 4221 Ἀρ.
570 4149 726 4205 εῐπε’
782 4152 875 4222 Μὴ
912 4151 1070 4216 ἄλλος
1098 4152 1247 4206 ἐστὶν
1294 4152 1323 4204 6
1353 4149 1513 4214 Υιόςς
1562 4148 1672 4201 Ἀθ.
1711 4140 1791 4199 εἷ-

233 4259 320 4298 πεν
338 4260 355 4275 ι
375 4245 501 4309 Υἱὸς
525 4245 624 4315 μὲν
651 4242 901 4313 ἀληθινὸς
938 4242 1032 4297 τοῦ
1076 4242 1211 4296 Θεοῦ
1234 4236 1317 4305 εἷς
1346 4239 1603 4310 τυγχάνει
1629 4239 1658 4290 6
1686 4236 1791 4290 A6-

236 4349 318 4399 τος
347 4336 435 4388 καὶ
476 4333 633 4399 Θεός.
666 4334 823 4387 Ἔστι
849 4333 907 4386 δὲ
938 4334 1033 4386 καὶ
1064 4332 1141 4397 ὡς
1186 4331 1343 4396 ἄλλος
1387 4329 1514 4392 Υἱὸς
1559 4328 1798 4397 υἱοποιη-

1877 3244 1939 3286 su
1964 3243 2009 3288 ,ι
2034 3246 2053 3279 ι
2083 3227 2297 3291 Omnia,
2324 3238 2671 3296 quaecunque
2695 3222 2859 3276 habet
2883 3219 3065 3285 Pater,
3094 3232 3213 3272 mea
3241 3224 3391 3272 sunt.
3426 3232 3453 3267 θ

1876 3315 1994 3376 Nm
2028 3324 2248 3387 propter
2282 3327 2375 3370 res
2400 3319 2618 3369 creatas
2641 3311 2718 3365 ait
2755 3308 3029 3368 Salvator.
3053 3305 3271 3370 Omnia,
3306 3317 3457 3375 quat-

1875 3425 2097 3479 Imque
2141 3407 2307 3463 habet
2350 3401 2547 3469 Pater,
2583 3418 2702 3458 mea
2750 3407 2881 3457 sunt
2920 3419 2933 3455 :
2972 3397 3069 3455 sed
3115 3410 3463 3469 quaecunque

1880 3501 1947 3556 ad
1995 3498 2178 3554 Patris
2213 3497 2490 3570 pertinent
2531 3494 2876 3551 divinitatem
2898 3533 2914 3555 ,
2944 3490 3060 3546 haec
3097 3488 3319 3561 propria
3351 3486 3461 3542 sibi

1881 3607 2004 3647 esse
2033 3590 2110 3644 ait
2140 3586 2427 3653 Dominus,
2460 3596 2520 3641 ut
2552 3580 3040 3642 immortalitatem,
3068 3576 3459 3647 incorruptibi-

1882 3685 2110 3747 litatem,
2160 3680 2270 3735 vim
2320 3677 2605 3741 invictam,
2657 3671 3183 3733 immutabilitatem,
3244 3668 3456 3722 incomo

1885 3771 2427 3845 prehensibilitatem,
2448 3767 2769 3838 potentiam,
2786 3761 3208 3834 praescientiam,
3227 3765 3282 3814 et
3307 3773 3463 3829 qua:-

1885 3878 2104 3933 cunque
2137 3860 2253 3930 ipse
2284 3856 2446 3913 Pater
2492 3854 2680 3919 habet,
2734 3852 2848 3907 haec
2877 3851 2996 3921 ipsa
3019 3848 3141 3902 Filii
3174 3854 3306 3901 sunt
3333 3861 3463 3916 pro-

1888 3956 2025 4027 pria.
2088 3952 2346 4022 lgnorare
2389 3963 2518 4003 vero
2550 3946 2647 4011 ait,
2693 3953 2752 3999 ut
2794 3957 2961 4013 supra
3002 3938 3212 3994 dictum
3251 3943 3367 3999 est,
3411 3944 3469 3990 et

1888 4046 2111 4117 angelos
2137 4050 2191 4099 et
2229 4040 2445 4096 Filium.

1959 4113 2051 4197 ΞΒ,
2090 4133 2183 4189 Ar.
2229 4129 2501 4200 Numquid
2546 4127 2689 4181 alius
2738 4131 2824 4180 est
2867 4119 3074 4176 Filius?
3114 4116 3239 4172 Alli.
3294 4113 3473 4170 Verus

1891 4227 2112 4300 quidem
2162 4222 2334 4278 Filius
2374 4219 2467 4275 Dei
2510 4231 2653 4271 unus
2679 4220 2765 4270 est
2807 4209 3046 4266 Verbum
3083 4214 3138 4262 et
3178 4205 3343 4260 Deus.
3371 4200 3477 4255 Est

1894 4294 2075 4376 autem
2111 4316 2277 4372 veluti
2329 4313 2470 4367 alius
2528 4308 2700 4363 Filius
2734 4303 3028 4374 adoptatus
3082 4315 3176 4370 per
3206 4294 3470 4365 templum

240 4422 338 4488 θεὶς
391 4425 477 4479 διά
521 4423 619 4478 τοῦ
653 4421 784 4478 ναοῦ
833 4422 928 4476 τοῦ
964 4420 1215 4494 σώματος
1256 4418 1422 4474 αὐτοῦ
1471 4415 1563 4471 τοῦ
1589 4416 1779 4488 Κυρίῳ.

1896 4411 2147 4483 corporis
2180 4408 2355 4479 ipsius
2403 4401 2621 4458 Domini
2668 4397 2843 4454 nostri
2868 4394 3000 4449 Jesu
3033 4389 3265 4453 Christi,
3308 4393 3367 4440 ut
3394 4384 3472 4438 ait

239 4516 378 4585 ἡμῶν
413 4515 593 4589 Ἰησοῦ
619 4514 883 4587 Χριστοῦ,
903 4514 978 4578 ὥς
1004 4478 1166 4585 φὴσιν
1256 4512 1397 4577 θεῖος
1442 4478 1779 4572 Ἀπόστολοςπ

1896 4478 2115 4560 divinus
2141 4478 2436 4571 Apostolus
2460 4514 2473 4550 :
2502 4514 2522 4547 ‹
2549 4491 2668 4547 Non
2699 4490 2842 4546 enim
2873 4484 3184 4554 accepimus
3215 4478 3475 4550 spiritum

248 4623 264 4654 ι
290 4607 356 4659 Οὐ
378 4608 483 4680 γὰρ
510 4607 782 4677 stason
815 4604 1032 4675 πνεῦμα
1044 4603 1287 4667 δουλείας
1316 4603 1476 4657 πάλιν
1506 4603 1584 4664 εἰς
1609 4598 1794 4669 φόϐον,

244 4697 345 4750 ἀλλ’
393 4700 663 4771 ὲλάόομεν
720 4695 939 4767 πνεῦμα
981 4694 1271 4759 υἱοθεσίας,
1316 4696 1374 4747 ὲν
1416 4688 1462 4761 ᾧ
1497 4691 1795 4764 κράζομεν,

256 4787 424 4857 ’Δ66ᾶ,
454 4792 483 4844 6
532 4790 744 4860 Πατήρ.
782 4806 800 4839 ι
839 4788 898 4840 '0
924 4785 982 4838 δὲ
1041 4782 1276 4857 Χριστὸς
1323 4780 1619 4853 διαρρήδην
1661 4778 1797 4850 πρὸς

248 4881 357 4947 τοὺς
413 4881 742 4946 ἀποστόλους
798 4879 941 4951 ἔφη·
978 4896 1000 4930 ι
1030 4876 1230 4932 Τεκνία
1287 4891 1410 4947 μου,
1460 4871 1540 4925 ἔτι
1604 4869 1797 4943 μικρὸν

254 4974 355 5043 μεθ’
398 4974 548 5045 ὑμῶν
576 4975 717 5045 εἰμι,
751 4972 846 5027 καὶ
875 4970 1179 5044 πορεύομαι
1214 4968 1350 5041 πρὸς
1373 4966 1479 5036 ,τὸν
1509 4961 1801 5036 πέμψαντά

255 5081 344 5133 με·
373 5085 392 5118 ι
430 5068 521 5120 καὶ
578 5063 715 5137 πρὸς
754 5062 1037 5126 Ἰουδαίους
1065 5060 1124 5113 δέ
1151 5075 1314 5131 φησιν
1366 5060 1423 5112 ὲν
1465 5053 1798 5127 παραόολαῖς

252 5154 435 5222 οὕτως·
467 5176 488 5209 ι
521 5154 842 5228 ’Ἄνθρωπός
892 5170 976 5216 τις
1004 5151 1144 5223 ἔχων
1167 5150 1261 5205 δύο
1289 5150 1460 5212 υἱοὺς,
1491 5143 1803 5219 προσελθὼν

254 5249 321 5319 τῷ
374 5249 741 5322 πρεσϐυτέρῳ,
774 5243 895 5300 εἷπε
919 5260 934 5274 ⁸
984 5242 1223 5316 Πορεύου
1253 5283 1269 5308 ,
1322 5240 1556 5312 ἐργάζου
1589 5240 1669 5300 εἰς
1709 5236 1801 5291 τὸν

254 5340 531 5410 ἀμπελῶνά
559 5357 683 5413 μου.
711 5340 771 5392 Ὃ
790 5338 868 5402 δὲ,
899 5336 1235 5407 ἀποκριθεὶς,
1258 5332 1362 5404 ἔφη
1383 5349 1397 5365 ο
1430 5330 1592 5400 Ἐγὼ,
1618 5329 1803 5401 κύριε,

1896 4594 2173 4655 servitutis
2199 4593 2395 4648 iterum
2418 4590 2474 4644 in
2505 4589 2721 4646 timore,
2754 4580 2851 4638 sed
2883 4577 3193 4647 accepimus
3217 4572 3476 4643 spiritum

1896 4684 2227 4756 adoptionis,
2274 4684 2329 4738 in
2382 4696 2490 4752 quo
2533 4678 2853 4736 clamamus.
2912 4669 3086 4735 Abba,
3142 4665 3300 4720 Pater
3352 4662 3474 4756 ’ἓν

1897 4751 2153 4836 Christus
2188 4785 2368 4830 autem
2392 4751 2510 4842 ipse
2546 4769 2750 4823 diserte
2778 4764 2845 4818 ad
2882 4759 3159 4833 apostolos
3181 4758 3257 4810 ait
3292 4774 3304 4809 :
3337 4773 3355 4805 ι
3383 4751 3477 4807 Fi-

1898 4870 2012 4926 lioli
2046 4868 2177 4932 mei,
2212 4850 2389 4921 adhuc
2424 4862 2699 4918 modicum
2732 4856 3016 4911 vobiscum
3051 4867 3194 4915 sum,
3233 4856 3287 4904 et
3334 4844 3480 4898 vado

1899 4964 1968 5020 ad
2006 4977 2129 5019 eum
2155 4963 2246 5031 qui
2277 4957 2427 5013 misit
2455 4970 2543 5011 me
2572 4954 2657 5016 ⁸³ς
2691 4971 2709 5004 ι
2749 4956 2803 5004 et
2832 4948 2899 5001 ad
2928 4944 3146 5000 Judzeos
3180 4942 3261 4996 sic
3294 4939 3349 4992 in
3380 4951 3476 5006 pa-

1904 5051 2109 5106 rabolis
2128 5024 2212 5107 est
2248 5050 2465 5101 locutus
2500 5062 2514 5098 :
2555 5060 2577 5092 ι
2615 5039 2790 5095 llomo
2820 5035 3039 5107 quidam
3075 5028 3311 5084 habebat
3338 5024 3483 5079 duos

1907 5140 2071 5204 ﬁlios,
2102 5147 2157 5194 et
2185 5136 2453 5193 accedens
2477 5131 2543 5186 ad
2563 5130 2821 5199 majorem
2846 5124 3014 5180 dixit:
3048 5118 3218 5181 Vade,
3249 5129 3482 5186 operare

1908 5233 1965 5286 in
1993 5231 2151 5286 vinea
2186 5243 2324 5284 mea.
2359 5226 2450 5281 ille
2481 5233 2659 5279 antem
2688 5215 3026 5288 respondens
3066 5210 3166 5278 ait,
3203 5208 3336 5280 Ego,
3380 5206 3481 5261 du-

1910 5326 2080 5387 mine,
2126 5329 2180 5378 et
2226 5335 2336 5375 non
2381 5316 2534 5371 abiit.
2596 5310 2800 5367 Deinde
2844 5302 3109 5361 accedens
3142 5300 3209 5356 ad
3246 5298 3485 5354 alterum

323 5492 365 5525 "
399 5493 559 5551 Marc.
591 5508 724 5557 xm,
760 5490 848 5547 32.
924 5491 968 5521 ⁵¹
1008 5488 1141 5544 ibid.
1219 5488 1266 5519 “
1304 5484 1463 5540 Rom.
1496 5499 1624 5550 vui,
1661 5482 1748 5537 15.

1906 5478 2063 5535 Joan.
2091 5490 2190 5530 xm
2217 5514 2233 5538 ,
2268 5473 2357 5527 55.

328 5645 428 5717 (51)
461 5647 589 5718 Reg.
617 5654 672 5702 et
698 5645 887 5718 Basii.,
906 5644 1181 5715 γινόμενα.

291 5776 301 5786 ,
328 5715 430 5790 ιω.)
621 5715 961 5790 σπουδαίους.

330 5774 435 5863 (53)
468 5774 605 5863 Au}.
634 5783 763 5840 εἶδε.
790 5774 960 5841 Paulo
999 5790 1142 5856 post,
1161 5780 1302 5837 idem
1327 5786 1451 5851 post
1477 5776 1685 5863 ἡμέραν
1711 5774 1808 5830 ad-

1911 5632 1991 5686 dit
2018 5627 2349 5690 ἈΟανάσιος.

1982 5680 2207 5771 (aliud
2232 5680 2371 5766 Au'g.
2424 5694 2479 5748 lu
2513 5692 2673 5748 editis
2702 5702 2831 5748 vero
2879 5694 2932 5742 et
2962 5685 3033 5755 in
3072 5683 3312 5750 caeteris,
3344 5680 3487 5753 ἔχων

1911 5772 2081 5827 deest.
