4066 6388
586 410 695 467 475

1725 402 1786 457 5.
1828 398 2288 458 ATHANASIUS.
2327 429 2396 441 —
2439 394 2706 453 SPURIA.

3717 386 3821 444 476

587 527 725 581 dixit
761 537 772 580 ε
801 524 969 588 Vade,
1003 538 1230 594 operare
1261 522 1315 576 in
1345 519 1502 574 vinea
1527 533 1664 572 mea.
1691 516 1758 572 At
1799 516 1889 572 ille
1922 530 2141 585 respon-

2255 512 2348 566 καὶ
2379 510 2479 563 οὐκ
2525 507 2784 580 ἀπῆλθεν.
2833 499 2966 560 Εἶτα
3011 505 3322 578 προσελθὼν
3358 504 3434 575 τῷ
3464 502 3654 574 ἑτέρῳ,
3680 503 3782 576 ἔφη
3801 522 3815 537 ·

586 619 666 671 dit
687 615 870 672 :Nolo.
902 593 1092 670 Postea
1127 624 1304 667 autem
1337 609 1652 683 paenitentia
1680 616 1862 662 motus
1891 607 2102 662 abiit“.
2131 626 2141 658 ι

2257 599 2518 670 Πορεύου,
2550 596 2781 670 ἐργάζου
2805 597 2883 658 εἰς
2927 594 3017 647 τὸν
3055 593 3351 667 ἀμπελῶνά
3381 610 3502 665 μου.
3555 595 3614 647 '0
3634 593 3692 646 δέ
3721 610 3821 666 φη-

587 708 899 779 lnterrogat.
924 723 1050 761 vero
1085 704 1389 758 Dominus:
1427 703 1553 757 Uter
1602 701 1789 756 fecerit
1826 699 2155 754 voluntatem

588 801 762 870 patris
794 799 909 853 sui?
944 797 1361 860 Responderunt
1389 793 1584 858 Judaei,
1609 812 1627 844 ι
1661 792 1938 847 Posterior
1954 791 2148 845 ﬁliusa

585 890 759 945 Porro
795 891 850 944 in
895 889 1147 943 confesso
1185 895 1269 942 est
1298 895 1527 957 patrem,
1559 887 1935 940 universorum
1986 881 2154 937 Deum

586 997 744 1047 esse;
789 981 1001 1035 vineam
1047 994 1198 1043 vero,
1257 979 1372 1033 vias
1406 994 1527 1033 esse
1574 978 1812 1043 iustitiae,
1848 978 1901 1029 in
1955 975 2153 1045 quibus

588 1074 850 1140 majorem
886 1073 1053 1124 tilium
1085 1071 1248 1140 jussit
1279 1071 1515 1141 operari.
1540 1071 1634 1124 llle
1660 1079 1839 1124 autem
1870 1071 1961 1139 qui
1996 1069 2154 1138 paulo

587 1173 710 1235 post
761 1172 1092 1234 praeceptum
1127 1164 1307 1217 valere
1361 1162 1549 1231 jussit,
1579 1162 2012 1231 contempsitque
2054 1161 2154 1213 im-

585 1267 886 1326 perantem,
929 1254 1163 1324 populus
1193 1261 1282 1308 est
1301 1253 1638 1315 Judmorum,
1673 1255 1766 1324 qui
1813 1253 1883 1308 ob
1925 1252 2154 1306 inﬁdeli-

584 1353 752 1399 tatem
779 1345 1033 1399 exclusus
1057 1352 1140 1396 est
1169 1343 1236 1396 ab
1266 1343 1574 1412 adoptione.
1609 1344 1800 1399 Iunior
1823 1359 1950 1399 vero
1987 1345 2152 1414 patris

586 1435 749 1498 Illius,
777 1435 1017 1504 gentium
1048 1443 1131 1488 est
1159 1436 1411 1505 populus,
1445 1435 1536 1504 qui
1559 1435 1862 1489 vocationis
1884 1435 2152 1504 principio

583 1542 708 1580 cum
745 1541 854 1595 pra:
888 1525 1210 1578 inﬁdelitate
1243 1526 1465 1580 obedire
1507 1535 1836 1588 recusasset,
1871 1525 2152 1581 detentus-

582 1633 692 1687 que
749 1616 944 1671 fuisset
1005 1617 1319 1670 idololatria
1353 1657 1367 1680 ,
1426 1618 1772 1687 postmodum
1835 1619 2148 1687 paenitentia

583 1707 783 1762 ductus
815 1717 868 1761 et
904 1707 1157 1771 credens,
1203 1709 1376 1778 patris
1423 1709 1651 1778 imperio
1701 1716 1786 1764 est
1833 1710 2146 1765 obsecutus.

582 1797 701 1863 Qua
730 1798 950 1865 quidem
1001 1798 1308 1854 obedientia
1345 1800 1550 1854 amicus
1579 1808 1632 1854 et
1667 1799 1859 1865 haeres,
1891 1809 2144 1870 tanquam

2258 704 2362 741 σιν·
2387 687 2460 740 Οὐ
2490 685 2644 739 Θέλω.
2676 685 2942 755 ’Ὕστερον
2971 683 3027 736 δὲ
3087 681 3479 754 μεταμεληθεὶς
3508 681 3765 753 ἀπῆλθεν.
3797 701 3813 732 ι

2268 778 2478 848 Ἐρωτᾷ
2540 776 2597 829 δὲ
2649 778 2678 828 6
2712 775 2912 846 Κύριος
2935 791 2949 805 ο
2986 774 3082 836 Τίς
3121 773 3371 842 ἐποίησεν
3397 771 3457 824 τὸ
3487 770 3697 841 θέλημα
3728 768 3834 822 τοῦ-

2255 868 2459 939 πατρὸς
2493 865 2695 931 αὐτοῦς
2750 865 3134 937 ἀποκριθέντες
3175 865 3232 917 δὲ
3263 865 3312 916 οἱ
3362 862 3600 916 Ἰουδαῖοί
3624 877 3815 931 φασιν·

2260 976 2279 1009 ι
2321 960 2380 1010 '0
2407 957 2630 1028 ἔσχατος
2649 957 2780 1019 υἱός.
2815 975 2832 1006 ›
2853 954 3324 1025 ὐμολογουμένως
3354 953 3432 1016 δὲ,
3463 955 3491 1005 6
3515 953 3612 1024 μὲν
3639 953 3824 1022 πατὴρ

2252 1053 2280 1104 6
2303 1051 2410 1103 τῶν
2433 1051 2570 1104 ὅλων
2610 1049 2742 1112 Θεὸς
2791 1048 3070 1117 τυγχάνει,
3099 1047 3126 1097 6
3152 1045 3207 1097 δὲ
3255 1044 3514 1115 ἀμπελὼν
3553 1045 3608 1096 αἱ
3645 1042 3839 1115 τρίϐοι,

2253 1143 2351 1213 τῆς
2385 1141 2748 1211 δικαιοσύνης,
2780 1142 2837 1193 ὲν
2866 1135 2951 1201 αἷς
2983 1138 3308 1211 προσέταττε
3331 1137 3420 1190 τὸν
3452 1135 3826 1208 πρεσϐύτερον

2253 1231 2365 1284 υίὸν
2426 1229 2772 1301 ἐργάζεσθαι.
2828 1230 2886 1282 '0
2928 1229 2989 1281 δὲ.
3026 1227 3203 1300 μικρῷ
3237 1228 3347 1299 (55)
3393 1227 3469 1298 τῷ
3491 1227 3819 1298 διαστήματι

2251 1323 2460 1394 χαίρειν
2515 1323 2726 1394 φράσας
2787 1320 2865 1392 τῷ
2917 1320 3243 1391 κελεύσματι
3293 1319 3663 1391 κατεφρόνησε
3727 1317 3820 1371 τοῦ

2253 1412 2650 1484 προστάξαντος
2668 1430 2681 1442 ·
2709 1404 2862 1476 οὗτος
2885 1411 2941 1464 δὲ
2967 1413 2994 1465 6
3020 1403 3127 1464 τῶν
3169 1410 3435 1464 Ἰουδαίων
3466 1409 3591 1474 λαὸς
3623 1409 3822 1480 τυγχά-

2251 1519 2348 1569 νει,
2370 1505 2398 1556 6
2416 1504 2502 1557 διὰ
2522 1505 2620 1576 τὴν
2639 1503 2908 1558 ἀπιστίαν
2927 1503 3242 1574 ἀπόϐλητος·
3257 1501 3492 1572 γεγονὼς
3514 1503 3614 1572 τῆς
3645 1502 3825 1556 eloca-

2252 1594 2389 1657 σίας.
2431 1595 2488 1648 Ὀ
2533 1595 2591 1648 δὲ
2636 1594 2899 1666 νεώτερος
2953 1595 3068 1657 υίὸς
3101 1594 3468 1665 τοῦ-πατρὸς,
3498 1597 3526 1647 6
3557 1594 3615 1660 ἐξ
3651 1594 3819 1648 ὲθνῶν

2249 1684 2395 1750 λαὸς,
2417 1689 2445 1739 6
2469 1687 2620 1757 παρὰ
2641 1685 2740 1757 τὴν
2765 1685 2936 1757 ἀρχὴν
2959 1684 3072 1756 (56)
3097 1685 3197 1756 τῆς
3224 1685 3464 1757 κλήσεως
3494 1686 3828 1756 παρακούων

2251 1779 2315 1848 τῇ
2346 1777 2592 1848 ἀπιστίᾳ,
2632 1776 3143 1849 τῇείδωλολατρείᾳ
3185 1775 3569 1849 κρατούμενος,
3599 1776 3825 1850 ’ὕστερον

581 1887 764 1943 l’atr'rs
819 1889 1004 1952 illius,
1055 1887 1190 1942 etiici
1253 1890 1482 1954 meruit,
1533 1889 1790 1959 omnique
1835 1890 2037 1943 honore
2094 1900 2141 1945 et

2249 1865 2304 1918 δὲ
2331 1865 2724 1936 μεταμεληθεὶς
2754 1865 2848 1918 καὶ
2871 1864 3185 1928 πιστεύσας,
3214 1865 3450 1935 ὑπήκοος
3468 1865 3821 1935 προστάγμα-

579 1977 756 2047 gratia
813 1993 841 2031 a
881 1977 1041 2032 Patre
1089 1985 1315 2030 ornatus
1359 1988 1464 2041 est,
1504 1985 1696 2046 praeter
1743 1977 1850 2032 diei
1875 1987 1928 2032 et
1976 1979 2145 2041 bore,

581 2071 731 2125 illius
781 2070 1268 2124 consummationis
1296 2069 1568 2133 videlicet,
1615 2069 1997 2140 cognitionem.
2039 2067 2144 2123 Sed

578 2162 735 2232 signa
769 2161 1112 2216 solummodo
1147 2161 1394 2230 accepit,
1433 2176 1531 2224 ne,
1578 2162 1623 2215 si
1669 2161 1944 2232 ignoraret
1978 2177 2146 2232 prope

577 2255 772 2309 adesse
823 2255 1006 2321 tinem,
1046 2255 1377 2325 imparatum
1411 2253 1529 2308 dies
1567 2253 1659 2306 illa
1707 2261 1930 2323 repente
1977 2256 2140 2308 oneu-

575 2345 744 2402 deret.

644 2586 737 2641 29.
762 2588 857 2642 Ar.
898 2586 1150 2656 Agnosco
1186 2595 1333 2641 recte
1357 2587 1501 2641 dicta
1537 2600 1658 2643 esse
1695 2601 1818 2655 quae
1845 2585 1911 2640 de
1937 2586 2025 2641 die
2051 2587 2144 2639 illo

575 2679 896 2747 exposuiSti.
936 2677 1041 2732 Sed
1076 2693 1214 2746 nego
1249 2687 1396 2733 recte
1423 2680 1527 2733 dici
1560 2694 1719 2748 posse
1753 2677 1948 2732 Filium
1992 2678 2141 2732 Patri

576 2769 876 2824 secundum
905 2770 1268 2825 substantiam
1303 2772 1518 2824 unitum
1555 2786 1698 2826 esse.
1727 2770 1850 2826 ΑιΙι.
1890 2770 2142 2836 Quando-

573 2861 794 2930 quidem
834 2861 927 2914 tibi
963 2877 1068 2915 nou
1098 2863 1381 2915 minimum
1412 2869 1496 2916 est
1537 2863 1775 2916 studium
1799 2863 2140 2933 vituperandi

575 2965 695 3019 qua:
727 2957 875 3004 recta
928 2959 1087 3014 sunt,
1125 2967 1356 3020 quaeque
1400 2959 1542 3006 recte
1574 2967 1696 3007 esse
1748 2953 1821 3022 pii
1879 2953 2136 3016 fatentur,

574 3044 845 3112 responde
896 3045 1050 3106 mihi,
1083 3043 1212 3113 quid
1272 3043 1488 3098 tandem
1543 3045 1614 3099 sit
1666 3046 2004 3100 substantia?
2043 3046 2134 3098 Ar.

573 3133 847 3203 Quidquid
873 3144 956 3188 est
990 3135 1042 3187 in
1069 3134 1370 3205 hypostasi,
1410 3135 1511 3188 hoc
1544 3136 1844 3190 substantia
1881 3144 1982 3190 est.
2013 3137 2136 3190 ΑιΙι.

2251 1975 2341 2021 τος
2391 1956 2664 2030 πατρικοῦ
2712 1955 3027 2028 ἀνεδείχθη-
3065 1958 3159 2010 Ἐκ
3193 1956 3248 2010 δὲ
3277 1957 3374 2028 τῆς
3403 1957 3648 2027 ὑπακοῆς
3671 1956 3820 2025 φίλος

2252 2051 2345 2104 καὶ
2361 2050 2710 2122 κληρονόμος,
2735 2050 2809 2115 ὡς
2843 2051 2959 2114 υἱὸς
2977 2051 3206 2122 Πατρὸζ,
3225 2051 3468 2122 ἀνεφάνη·
3489 2049 3622 2121 (57),
3641 2049 3819 2120 πάσης

2249 2140 2415 2210 τιμῆς
2447 2141 2542 2193 καὶ
2573 2139 2793 2211 χάριτος
2827 2140 3128 2211 ἠξιωμένος
3170 2141 3306 2213 πρὸς
3332 2139 3581 2194 τοῦ-ἰδίου
3609 2141 3820 2212 Πατρὺς

2250 2232 2375 2285 ἄνευ
2416 2233 2516 2302 τῆς
2561 2233 2771 2304 ἡμέρας
2819 2235 2913 2287 καὶ
2967 2234 3116 2306 ὥρας
3152 2234 3393 2304 ἐκείνης,
3435 2233 3578 2301 λέγω
3607 2233 3672 2302 δὴ
3721 2233 3827 2303 τῆς·

2253 2325 2576 2389 συντελείας,
2606 2325 2638 2395 ἢ
2678 2325 2836 2396 μόνον
2886 2329 3086 2397 σημεῖα
3121 2324 3318 2389 λαϐὼν,
3351 2327 3437 2379 ἵνα
3479 2327 3553 2396 μὴ
3587 2324 3815 2394 ἀγνοῶν,

2249 2417 2329 2468 ὅτι
2357 2415 2522 2484 ἐγγύς
2564 2418 2680 2469 ἐστι
2719 2416 2780 2469 τὸ
2809 2416 2979 2481 τέλος,
3027 2417 3178 2489 πρὸς
3221 2417 3285 2470 τὸ
3325 2419 3398 2488 μὴ
3431 2417 3817 2487 ἀπαρασκεύα-

2254 2521 2374 2557 στον
2410 2505 2519 2576 (58)
2544 2506 2692 2573 ὄντα,
2716 2507 2993 2576 αἰφνιδίως
3013 2507 3292 2577 καταλάϐῃ
3326 2508 3357 2578 ἡ
3394 2507 3591 2577 ἡμέρα.

2317 2595 2406 2649 29.
2437 2597 2563 2664 Ἀρ.
2585 2592 2736 2651 εἶπεν
2754 2612 2769 2626 '
2809 2597 3083 2667 Ὀμολογῶ
3106 2597 3280 2668 ὀρθῶς
3304 2599 3553 2669 εἰρῆσθαι
3580 2597 3737 2652 τοῦτο
3755 2599 3822 2651 τὸ·

2250 2690 2377 2760 περὶ
2408 2689 2508 2759 τῆς
2541 2691 2781 2761 ἡμέρας·
2814 2691 2875 2743 τὸ
2923 2691 2979 2743 δὲ
3006 2693 3075 2761 τῇ
3108 2690 3264 2761 οὐσίᾳ
3297 2691 3534 2761 ἡνῶσθαι
3565 2691 3656 2744 τὸν
3690 2692 3815 2745 Υίὸν

2249 2780 2325 2850 τῷ
2355 2781 2525 2852 Πατρ“ι
2557 2782 2654 2833 οὐκ
2667 2780 2839 2851 ὀρθῶς
2865 2780 3006 2850 ἔχειν
3031 2781 3188 2850 φημί.
3228 2781 3345 2834 Ἀθ.
3381 2778 3557 2832 εἶπεν·
3598 2781 3816 2852 Ἐπειδὴ

2252 2874 2451 2943 σπουδὴ
2499 2874 2754 2942 πρόσεστί
2779 2891 2860 2926 σοι
2893 2875 2954 2927 οὐ
3011 2873 3206 2944 μικρὰ,
3241 2873 3427 2942 ψέγειν
3459 2874 3526 2926 τά
3551 2874 3690 2926 καλά
3722 2877 3817 2927 καὶ

2248 2964 2424 3026 καλῶς
2474 2964 2878 3035 ὁμολογούμενα
2911 2965 3042 3036 πρὸς
3071 2967 3177 3018 τῶν
3206 2965 3461 3030 εὐσεϐῶν,
3493 2965 3814 3033 ἀπόδος(59)

2251 3055 2428 3122 λόγον,
2447 3055 2497 3106 τί
2527 3071 2654 3106 ποτε
2700 3056 2806 3126 ἄρα
2853 3056 2998 3108 ἐστὶν
3031 3057 3062 3125 ἡ
3094 3057 3282 3122 οὐσίας
3325 3057 3443 3123 'Ap.
3475 3050 3629 3108 εἶπεν
3649 3073 3662 3086 ο
3699 3057 3816 3109 Πᾶν

2247 3146 2300 3197 εῐ
2326 3143 2378 3195 τί
2412 3145 2556 3196 ἐστιν
2587 3146 2644 3196 ὲν
2666 3145 2980 3208 ὑποστάσει,
3012 3144 3168 3199 τοῦτο
3199 3146 3354 3199 οὐσία
3385 3147 3664 3216 τυγχάνει.
3689 3147 3811 3201 Ἀθ.

572 3224 762 3282 ltecte.
793 3223 992 3279 Verum
1022 3241 1146 3280 cum
1167 3243 1311 3280 nunc
1333 3227 1492 3281 nobis
1517 3242 1696 3281 sermo
1721 3228 1788 3281 de
1807 3225 1911 3281 Deo
1936 3228 2026 3289 sit,
2051 3227 2140 3280 dic

2246 3232 2398 3288 εἶπεν
2419 3253 2432 3266 ·
2475 3236 2680 3307 Ὀρθῶς
2708 3235 2861 3306 ἔφης.
2909 3237 3060 3291 Ἐπεὶ
3085 3238 3146 3290 δὲ
3175 3239 3336 3307 ἡμεῖς
3361 3212 3570 3290 επὶ-τοῦ
3607 3237 3812 3310 παρόν-

571 3316 705 3368 mihi
737 3317 1002 3386 quidnam
1046 3318 1117 3372 sit
1171 3317 1264 3372 Dei
1311 3319 1618 3374 substantia
1654 3335 1666 3370 :
1700 3335 1769 3374 ne
1807 3319 1946 3373 forte
1987 3319 2134 3372 arbi-

571 3415 786 3460 trentur
816 3410 994 3464 idiota:
1043 3425 1142 3464 nos
1170 3410 1237 3465 de
1264 3413 1510 3481 pecuniis
1558 3412 1724 3482 loqui.
1754 3414 1849 3465 Ar.
1887 3411 1978 3466 Dei
2007 3413 2138 3467 sub-

571 3501 772 3552 stantia
821 3509 906 3554 est
951 3516 964 3551 :
992 3502 1035 3555 si
1066 3501 1198 3571 quid
1230 3509 1312 3557 est
1345 3501 1508 3566 Deus,
1547 3503 1648 3557 hoc
1694 3503 2001 3558 substantia
2032 3511 2137 3558 est.

570 3589 690 3644 ΑιΙι.
729 3588 893 3646 Recte
933 3602 990 3645 tu
1023 3593 1241 3661 quidem
1276 3609 1288 3644 :
1324 3593 1435 3662 jam
1467 3594 1710 3649 vicissim
1743 3595 1890 3649 audi.
1923 3596 2019 3648 Ar.
2047 3595 2141 3650 Dic

568 3685 714 3752 quod
765 3685 931 3739 Iubet.
964 3686 1086 3739 Alli.
1131 3685 1282 3740 Nosti
1312 3685 1480 3740 Deum
1512 3702 1634 3742 sese
1657 3687 1724 3740 ad
1768 3697 2007 3741 nostram
2038 3688 2142 3741 im-

569 3777 919 3832 becillitatem
980 3793 1075 3848 per
1139 3777 1448 3848 Scripturas
1517 3778 1780 3834 divinitus
1847 3779 2140 3848 inspiratas

568 3869 804 3939 benigne
853 3871 1287 3935 acconunodare,
1324 3887 1575 3942 saepeque
1631 3871 1698 3925 ad
1755 3886 1856 3925 nos
1901 3871 2138 3925 humano

569 3979 719 4016 more
754 3964 923 4031 loqui,
971 3975 1028 4018 ut
1069 3965 1276 4020 scilicet
1302 3964 1539 4019 humana
1579 3973 1776 4019 natura
1802 3979 1867 4020 ex
1916 3965 2000 4019 his
2020 3980 2140 4034 quae

567 4057 874 4109 consimilia
906 4058 1072 4112 rebus
1107 4059 1214 4112 illis
1247 4059 1527 4122 dicuntur,
1558 4059 1612 4112 in
1635 4060 1836 4129 quibus
1858 4074 2140 4113 versamur

567 4154 622 4200 et
667 4162 804 4216 quas
851 4149 1124 4212 novimus,
1167 4151 1411 4204 cmlestia
1442 4150 1626 4204 divina
1671 4151 1926 4221 mysteria
1955 4163 2140 4219 posset

567 4238 890 4309 intelligere.
935 4240 1028 4293 Ar.
1067 4238 1142 4294 lta
1192 4251 1297 4297 est.
1350 4242 1475 4296 Ath.
1519 4242 1652 4296 Cum
1692 4257 1822 4312 ergo
1864 4240 2005 4297 Deus
2043 4258 2140 4312 per

565 4331 886 4400 prophetam
943 4332 1053 4386 haec.
1110 4333 1177 4387 ad
1232 4337 1508 4405 proprium
1550 4332 1744 4388 Filium
1793 4333 1945 4399 dicit,
2002 4354 2020 4386 ι
2064 4334 2136 4388 Ex

568 4431 727 4477 utero
762 4431 887 4477 ante
918 4423 1200 4479 luciferum
1235 4427 1395 4496 genui
1430 4435 1481 4482 te
1503 4427 1570 4493 ",
1610 4447 1627 4477 ›
1664 4425 1784 4480 Filii
1817 4443 1881 4481 ex
1913 4437 2135 4492 paterna

2242 3345 2330 3390 τος
2351 3329 2477 3400 περὶ
2502 3329 2633 3381 Θεοῦ
2655 3329 2808 3397 λόγον
2828 3329 3043 3400 ἔχομεν,
3066 3330 3182 3382 εἰπέ
3214 3346 3298 3399 μοι
3323 3331 3354 3400 ἡ
3382 3329 3472 3382 τοῦ
3497 3329 3630 3382 Θεοῦ
3653 3330 3812 3383 οὐσία

2241 3419 2292 3472 τί
2324 3422 2458 3484 ἐστι,
2516 3423 2720 3491 μήποτε
2760 3422 3107 3493 νομισθῶμεν»
3138 3422 3273 3493 πρὸς
3320 3420 3428 3474 τῶν
3461 3420 3705 3485 ἰδιωτῶν,
3730 3422 3810 3474 ὅτι

2242 3511 2380 3581 τάχα
2433 3514 2560 3582 περὶ
2588 3513 2883 3582 χρημάτων
2913 3513 3161 3584 λέγομεν.
3201 3514 3328 3580 Ἀρ.
3368 3508 3556 3564 εἶπενο
3605 3513 3672 3566 Ἠ
3716 3512 3814 3566 τοῦ

2242 3601 2378 3655 Θεοῦ
2397 3603 2552 3655 οὐσία
2582 3605 2749 3666 ἐστὶν,
2782 3605 2834 3657 εί
2853 3605 2903 3658 τί
2928 3607 3124 3658 ἐστιν-ό
3148 3604 3298 3668 Θεὸς,
3323 3603 3476 3656 τοῦτο
3495 3603 3652 3656 οὐσία
3678 3620 3809 3671 τυγ-

2243 3695 2416 3765 χάνει.
2445 3696 2554 3752 Ἀθ.
2587 3692 2704 3748 εἷπε
2723 3714 2736 3728 ·
2784 3696 2979 3759 Καλῶς
3023 3697 3159 3768 ἔφης
3185 3715 3198 3727 ·
3228 3697 3410 3749 λοιπὸν
3435 3697 3618 3750 ἄκουε.
3678 3699 3806 3763 ’Ap.

2243 3786 2360 3841 εἷπε
2380 3806 2392 3818 ·
2424 3789 2562 3857 Λέγε
2585 3789 2611 3841 ὃ
2640 3789 2832 3858 βούλει.
2855 3789 2976 3844 Ἀθ.
3005 3785 3158 3842 εἶπεν
3182 3806 3195 3819 ·
3225 3785 3415 3851 Οἶσθα,
3443 3790 3546 3851 ὅτι,
3599 3806 3808 3860 σχημα-

2239 3881 2522 3951 τιζόμενος
2569 3883 2661 3933 καὶ
2703 3882 3146 3949 συγκαταϐαίνων
3177 3885 3242 3953 τῇ
3281 3881 3523 3953 ἡμετέρᾳ
3558 3882 3811 3953 ἀσθενείᾳ

2239 3973 2325 4027 διὰ
2351 3974 2456 4026 τῶν
2492 3972 2859 4026 θεοπνεύστων
2907 3973 3136 4045 Γραφῶν
3167 3976 3194 4026 6
3216 3974 3366 4039 Θεὸς,
3395 3973 3808 4045 ἀνθρωπινώτε-

2245 4083 2334 4137 ρον
2349 4065 2526 4135 ὁμιλεί
2544 4063 2799 4128 πολλάκις
2826 4065 2962 4136 πρὸς
2976 4067 3144 4136 ἡμᾶς,
3167 4066 3300 4136 πρὸς
3316 4066 3375 4119 τὸ
3389 4066 3649 4120 δύνασθαι
3667 4069 3808 4119 νοεῖν

2239 4156 2339 4228 τὴν
2361 4155 2704 4227 ἀνθρωπίνην
2737 4156 2896 4224 φύσιν
2925 4159 2987 4209 ἐκ
3009 4157 3117 4210 τῶν
3162 4156 3556 4228 παραπλησίως
3582 4159 3806 4229 εἰρημέ-

2239 4267 2363 4314 νων,
2404 4251 2462 4302 ὲν
2485 4245 2565 4312 οἷς
2587 4251 2745 4320 ἡμεῖς
2765 4249 3056 4320 ένεχόμεθα
3077 4249 3170 4302 καὶ
3198 4249 3352 4320 ἴσμεν
3369 4289 3384 4315 ,
3414 4249 3481 4303 τὰ
3512 4250 3808 4320 ἐπουράνια

2241 4340 2358 4394 θεῖα
2395 4343 2687 4413 μυστήρια.
2716 4343 2834 4408 Ἀρ.
2870 4337 3022 4393 εἶπεν
3040 4358 3053 4370 ·
3084 4339 3268 4402 Οὕτως
3292 4340 3425 4411 ἔχει.
3467 4342 3591 4394 Ἀθ.
3620 4337 3769 4393 εἶπεν
3788 4359 3800 4370 ·

2240 4431 2448 4483 Οὐκοῦν
2493 4433 2520 4484 6
2573 4431 2725 4493 Θεὸς,
2751 4429 2924 4497 λέγων
2971 4429 3104 4500 πρὸς
3142 4428 3231 4480 τὸν
3258 4428 3385 4481 ῐδιον
3420 4427 3548 4480 Υίδν
3579 4427 3667 4481 διὰ
3711 4426 3805 4480 τοῦ

569 4515 878 4570 substantia
909 4519 1308 4586 generationem
1337 4520 1626 4590 signiﬁcat.
1665 4521 1759 4572 A‘r.
1794 4518 1933 4572 Num
1972 4519 2136 4590 igitur

2246 4522 2538 4592 προφήτου·
2563 4540 2580 4571 ι
2615 4521 2709 4574 Ἐκ
2730 4519 2964 4590 γαστρὸς
2985 4518 3089 4590 πρὸ
3110 4518 3382 4589 ἑωσφόρον
3407 4518 3673 4589 ὲγέννησά
3688 4535 3767 4577 σε,
3781 4536 3799 4567 ι

570 4607 784 4654 uterum
836 4602 996 4658 habet
1041 4603 1220 4660 Deus?
1249 4607 1372 4661 Atla.
1404 4607 1521 4662 Jam
1559 4609 1714 4678 172
1758 4617 1808 4664 te
1838 4611 2134 4679 praemonui

2246 4613 2496 4683 σημαίνει
2539 4611 2638 4682 τὴν
2668 4614 2731 4664 ἐκ
2771 4611 2872 4680 τῆς
2903 4609 3172 4680 πατρικῆς
3215 4609 3400 4671 οὐσίας
3430 4608 3682 4678 γέννησιν
3711 4609 3802 4662 τοῦ

564 4707 709 4762 saepe
738 4693 809 4748 ob
838 4702 1078 4749 nostram
1106 4697 1529 4754 imbecillitatem
1558 4698 1723 4753 Deum
1750 4699 1954 4753 homini
1985 4699 2136 4755 simi-

567 4790 669 4839 lem
704 4799 734 4838 a
783 4786 985 4843 divinis
1032 4788 1332 4859 Scripturis
1381 4793 1560 4845 induci
1595 4807 1608 4841 :
1643 4805 1749 4844 non
1800 4790 1943 4859 quod
1990 4790 2133 4847 Deus

562 4879 688 4933 talis
719 4878 810 4939 sit,
845 4881 939 4934 sed
977 4888 1036 4934 ut
1081 4897 1186 4936 nos
1225 4882 1604 4953 corporalibus
1645 4882 1907 4951 exemplis
1946 4883 2132 4938 divina

561 4971 648 5040 pie
676 4971 1064 5043 intelligamus.
1118 4973 1334 5029 Nullam
1386 4974 1553 5044 igitur
1595 4975 1754 5028 aliam
1803 4976 1874 5029 ob
1905 4990 2128 5032 causam

559 5071 776 5117 uterum
815 5066 1071 5135 appellat,
1132 5081 1294 5136 quam
1325 5073 1384 5120 ut
1427 5065 1666 5121 declaret
1718 5066 1894 5136 ipsum
1930 5067 2126 5122 Filium

559 5170 623 5208 ex
654 5154 832 5213 Patris
888 5159 1195 5213 substantia
1242 5173 1366 5213 esse
1410 5159 1672 5229 genitum.
1711 5159 1986 5231 Alioquin,
2017 5163 2126 5217 nisi

559 5260 649 5300 res
685 5247 756 5303 ita
787 5265 846 5305 se
868 5251 1084 5315 habeat,
1117 5251 1208 5306 dic
1237 5251 1350 5321 ipse
1381 5252 1654 5321 quomodo
1679 5253 1839 5307 verba
1861 5254 1948 5308 illa
1973 5256 2124 5308 intel-

637 5450 681 5481 ⁵³
720 5450 906 5506 Matth.
943 5469 1066 5518 χχι,
1100 5453 1289 5511 28-51.
1367 5457 1411 5487 ⁸⁸
1450 5456 1594 5512 Psal.
1627 5474 1741 5522 cxx,
1776 5461 1825 5514 5.

628 5608 744 5678 (55)
785 5609 968 5680 Aug.6
991 5611 1046 5663 δὲ
1075 5612 1287 5682 μικρός.
1322 5611 1453 5684 Reg.
1481 5617 1508 5667 6
1531 5614 1588 5666 δὲ
1623 5615 1820 5684 μικρῷ.

629 5703 755 5776 (56)-
791 5703 986 5776 Aug._6
1018 5705 1145 5776 περὶ
1171 5705 1268 5775 τὴν
1296 5706 1484 5776 ἀρχὴν.
1533 5705 1672 5758 Editi
1702 5721 1829 5760 vero
1853 5713 1904 5760 et
1922 5710 2121 5768 caeteri,

558 5775 586 5824 6
622 5773 770 5836 παρὰ
801 5772 893 5840 τὴν
923 5772 1113 5841 ἀρχήν.

633 5864 744 5934 (57)
786 5863 984 5934 Anglic.
1016 5865 1205 5934 ἐφάνη.

2241 4703 2520 4770 Υίοῦ.Ἅρ.
2555 4699 2674 4755 εἷπε
2698 4719 2709 4732 ⁸
2742 4702 2987 4772 Γαστέρα
3017 4697 3107 4754 οῦν
3123 4701 3232 4772 ἔχει
3256 4703 3284 4753 6
3306 4698 3472 4764 Θεόςς
3500 4701 3623 4755 Ἀθ.
3647 4698 3766 4755 εἷπε
3787 4719 3801 4731 ·

2242 4795 2534 4866 Προλαϐὼν
2562 4791 2714 4848 εἶπον
2747 4795 2884 4864 πρὸς
2908 4794 2988 4852 σὲ.
3018 4795 3099 4846 ὅτι
3120 4794 3207 4846 διὰ
3229 4795 3325 4864 τὴν
3349 4793 3621 4864 ἡμετέραν
3645 4794 3807 4847 ἀσθέ-

2236 4905 2381 4942 νειαν
2415 4887 2671 4950 πολλάκις
2709 4887 2802 4940 καὶ
2834 4885 3190 4957 ἀνθρωπόσχη
3200 4903 3296 4957 μον
3322 4886 3382 4938 τὸ
3403 4885 3555 4938 Θεῖον
3578 4888 3633 4939 αἱ
3665 4886 3807 4939 θεῖαι

2238 4983 2450 5053 Γραφαὶ
2473 4981 2927 5049 καταγγέλλουσιν
2945 4996 2958 5008 ο
2977 4979 3072 5048 οὐχ
3088 4979 3167 5030 ὃτι
3185 4980 3212 5030 6
3225 4979 3353 5041 Θεὸς
3368 4977 3604 5042 τοιοῦτός
3631 4981 3800 5042 ἐστιν,

2235 5074 2350 5126 ἀλλ’
2384 5073 2469 5126 ἴνα
2490 5075 2646 5143 ἡμεῖς
2673 5075 2735 5126 ὲκ
2762 5071 2870 5124 τῶν
2896 5071 3216 5141 σωματικῶν
3247 5071 3706 5141 παραδειγμάτων
3735 5073 3803 5123 τὰ

2234 5165 2351 5218 θεῖα
2407 5165 2640 5227 εὐσεϐῶς
2678 5166 2903 5237 νοῶμεν.
2952 5165 3027 5218 Δι’
3051 5165 3198 5218 οὐδὲν
3223 5159 3314 5216 οῦν
3341 5163 3523 5233 ἕτερον
3557 5166 3801 5236 γαστέρα

2231 5257 2508 5327 ὀνομάζει,
2533 5257 2567 5327 ἢ
2601 5257 2686 5310 ἵνα
2710 5259 3032 5329 παραστήσῃ
3063 5257 3222 5310 αὐτὸν
3240 5257 3327 5309 τὸν
3360 5257 3485 5309 Υἱὸν
3502 5259 3566 5310 ὲκ
3595 5258 3691 5327 τῆς
3703 5257 3798 5309 τοῦ

2305 5618 2412 5686 (58)
2453 5617 2649 5688 Regius
2675 5625 2728 5672 et
2754 5617 2918 5670 Basil.
2946 5612 3431 5668 άκατασκεύαστον.

2306 5711 2415 5780 (59)
2475 5710 2563 5764 Sic.
2607 5708 3232 5780 omnesnmnuscripti_.
3283 5715 3513 5780 excepto
3561 5704 3792 5780 August.

2234 5776 2405 5902 quggr
2439 5783 2610 5836 secuti
2639 5789 2764 5836 sunt
2809 5778 3142 5832 ParisiCnSCs
3169 5816 3181 5837 ,
3211 5776 3479 5842 habetque
3534 5792 3626 5845 μοι
3676 5779 3794 5847 pust

2234 5866 2306 5901 απ
2367 5868 2442 5902 0C.

2232 5866 2442 5913 αποοος.
