4066 6388
301 339 398 397 ιῖτ

1410 349 1822 408 υιδΡυΤΑΤιθ
1853 353 2129 409 GONTRA
2166 355 2410 411 ARIUMt

3419 361 3544 416 678!

301 467 513 538 Πατρὸς
538 453 726 530 οὐσίας
751 465 1124 538 γεγεννῆσθαι.
1175 469 1324 522 Ἐπεὶ
1366 473 1416 523 εί
1451 473 1524 544 μὴ
1548 473 1703 526 τοῦτό
1725 475 1860 538 ἐστι,

1967 475 2123 545 ligas.
2174 477 2271 531 Ar.
2304 477 2684 549 Scriptura'ex
2715 491 2948 548 persona
2984 474 3165 532 Patris
3198 477 3294 541 ait,
3329 497 3348 528 ι
3385 477 3534 533 Enr-

300 559 414 627 λέγε
445 560 535 624 σὺ,
566 559 682 622 πῶς
709 558 907 627 ὀφείλει
937 559 1191 631 νοηθῆναι
1217 561 1276 614 τὸ
1298 563 1478 632 ῥητόν.
1518 565 1643 632 Ἀρ.
1677 561 1859 617 εἶπεν·

278 651 368 731 ,Ἠ
403 649 596 722 Γραφὴ
623 649 768 718 λέγει
811 651 874 701 ὲκ
901 650 1191 720 προσώπου
1232 650 1325 704 τοῦ
1359 653 1614 725 Πατρός·-
1636 674 1654 704 ι
1709 654 1863 724 Ἐξη-

305 744 525 815 ρεύξατο
573 744 607 813 ἡ
655 742 846 813 καρδία
899 759 1001 812 μου
1046 743 1216 811 Λόγον
1259 744 1476 812 ἀγαθόν.
1516 765 1540 797 ι
1573 741 1716 818 ΊΓΛνρα
1747 744 1860 810 οὖν,

302 836 464 904 Λόγον
515 832 843 904 ἐξηρεύξατό
897 849 1027 903 φησι
1059 833 1149 886 τὸν
1182 834 1309 887 Υίόν
1339 834 1483 904 (60);
1517 837 1640 891 Ἀθ.
1671 833 1822 890 εἶπεν
1844 854 1860 867 ·

313 926 370 978 Ἦ
403 925 595 996 Γραφὴ
655 922 834 986 καλῶς
885 922 988 992 ἔφη
1018 924 1115 976 σὺν
1169 927 1283 987 τοῖς
1330 924 1510 988 ἄλλοις
1540 925 1709 979 ἅπασι
1771 929 1864 980 καὶ

303 1014 480 1067 τοῦτο·
535 1015 599 1068 σὺ
647 1015 724 1078 δὲ,
771 1012 948 1067 λαϐὼν
988 1013 1049 1066 τὸ
1081 1014 1261 1085 ῥητὸν,
1297 1015 1615 1088 διέστρεψας
1657 1019 1861 1083 κακῶς.

308 1111 424 1176 Ἀρ.
459 1104 579 1161 εἷπε
604 1124 618 1137 ’
650 1107 860 1178 Φράσον
892 1109 1021 1178 ἡμῖν
1047 1109 1109 1161 σὺ
1125 1109 1222 1178 τὴν
1253 1109 1508 1180 ἀλήθειαν
1539 1110 1824 1184 τοῦκρητοῦ
1846 1129 1868 1144 ι

303 1197 482 1268 ἐπειδὴ
516 1196 626 1266 ἐγὼ
658 1198 790 1252 αὐτὸ
812 1197 1098 1269 διέστρεψα
1128 1199 1267 1252 κατὰ
1293 1200 1375 1254 σέ.

366 1295 450 1347 50.
473 1295 585 1347 Ἀθ.
617 1289 766 1346 εἶπεν
783 1311 798 1324 ·
836 1294 894 1348 ’0
914 1294 1046 1358 Θεὸς
1073 1294 1290 1366 πνεῦμά
1323 1296 1468 1348 ἐστιν
1495 1294 1702 1358 ἀπαθὲς
1727 1293 1861 1366 (6|),

304 1386 386 1438 ναὶ
417 1385 449 1454 ἢ
476 1383 568 1448 οῦς
590 1386 717 1453 Ἀρ.
763 1381 884 1438 εἷπε
909 1401 924 1416 ·
977 1386 1104 1450 Ναὶ,
1134 1385 1306 1449 οὕτως
1355 1385 1487 1456 ἔχει.
1523 1387 1642 1440 ’.4θ.
1677 1381 1861 1439 εἷπεν·

307 1477 464 1529 Ὅταν
511 1472 604 1529 οῦν
639 1478 819 1548 φάσκῃ
854 1477 888 1547 ἡ
918 1477 1106 1549 Γραῳὴ
1155 1479 1218 1530 ὲκ
1245 1478 1480 1547 γαστρὸς
1510 1475 1868 1548 γεγεννῆσθαι

305 1569 388 1622 τὸν
413 1569 562 1632 Υίὸν,
585 1571 684 1640 τὴν
717 1572 781 1622 ἐκ
805 1571 903 1641 τῆς
935 1570 1122 1640 θεῖκῆς
1160 1570 1510 1633 ὑποστάσεως
1538 1571 1865 1641 γνησιότητα

306 1659 390 1712 τοῦ
420 1658 550 1712 Υίοῦ
592 1660 864 1731 σημαίνει.
899 1661 1016 1714 Ἵνα
1047 1657 1139 1715 οὖν
1199 1661 1274 1732 μὴ
1327 1662 1389 1714 τὸ
1420 1661 1526 1714 τῶν
1560 1661 1864 1733 ἀνθρώπων

305 1749 465 1817 γένος,
493 1749 716 1813 ἀσθενὲς
748 1750 1028 1822 ὑπάρχον,
1082 1749 1426 1821 ἀνθρωπίνην
1471 1749 1568 1820 τὴν
1609 1751 1864 1822 γέννησιν

305 1815 390 1892 τοῦ
443 1840 682 1912 Χριστοῦ
738 1815 1079 1906 ὑπολάῦοιεν,
1123 1815 1243 1895 εἶπε
1267 1841 1350 1906 τὸ,
1446 1815 1857 1914 Ἐξηρεύξατοή
1893 1815 1937 1874 Β

307 1931 491 2003 καρδία
521 1950 622 2003 μου
657 1933 828 2002 Λόγον
847 1933 1071 2003 ἀγαθόν.
1105 1953 1124 1986 ι
1156 1935 1222 1987 Εἰ
1262 1934 1319 1987 δὲ
1358 1934 1518 1988 πάλιν
1568 1937 1863 2006 ἐπιχειρεῖν

305 2021 553 2092 τολμήσει
602 2039 686 2085 τις
741 2022 1073 2095 προφορικὸν
1099 2023 1272 2092 Λόγον
1323 2023 1552 2092 φάσκειν
1602 2026 1691 2079 τὸν
1715 2026 1861 2092 Υίὸν,

307 2112 658 2182 μνημονεύσει
687 2113 807 2176 τὸ,‹
845 2115 938 2168 Ἐκ
965 2117 1217 2186 γαστρὸς,
1257 2136 1275 2169 ι
1315 2119 1409 2171 καὶ
1450 2119 1715 2170 παύσεται
1750 2117 1862 2188 (62)

301 2203 392 2273 τῆς
444 2207 686 2276 πονηρᾶς
740 2206 966 2270 ἑννοίας.
1014 2208 1355 2280 Περιέγραψε
1396 2210 1503 2280 γὰρ
1537 2209 1711 2263 πάντα
1741 2208 1865 2262 νοῦν

303 2296 629 2366 ἀνθρώπινον
686 2301 722 2371 ἡ
769 2298 976 2370 Γραφὴ,
1035 2301 1170 2370 πρὸς
1197 2306 1256 2354 τὸ
1295 2301 1368 2372 μὴ
1401 2300 1544 2371 ἔχειν
1587 2301 1867 2372 αἱρετικὴν

307 2388 488 2456 μανίαν
522 2387 667 2441 κατὰ
695 2389 796 2458 τῆς
823 2390 995 2443 ἀϊδίου
1029 2391 1122 2444 καὶ
1147 2392 1533 2462 ἀκαταλήπτου
1563 2394 1865 2463 γεννήσεως

302 2479 386 2532 τοῦ
415 2479 546 2533 Υίοῦ
607 2479 704 2534 τοῦ
752 2480 907 2534 Θεοῦ.
963 2483 1027 2536 Et
1079 2481 1188 2554 γάρ
1230 2485 1294 2536 ὲκ
1320 2484 1556 2556 γαστρὸς
1587 2485 1863 2554 τυγχάνει,

302 2571 409 2634 πῶς
439 2573 505 2624 ὲκ
540 2571 766 2643 καρδίας
792 2573 1091 2645 προῆλθενς
1127 2576 1188 2627 Et
1228 2575 1284 2628 δὲ
1309 2575 1416 2629 άπὸ
1449 2575 1675 2646 καρδίας
1725 2577 1862 2642 ἐστὶ,

303 2662 408 2724 πῶς
433 2664 497 2714 ἐκ
519 2665 755 2735 γαστρὸς
785 2665 1034 2735 τυγχάνει
1064 2682 1078 2730 ;
1112 2667 1239 2734 Ἀρ.
1274 2662 1393 2720 εἷπε
1413 2684 1426 2696 ·
1453 2667 1518 2720 Τί
1540 2664 1632 2722 οὖν
1659 2668 1867 2737 ὀφείλο-

307 2768 396 2820 μεν
418 2752 600 2821 λέγειν
624 2755 718 2808 καὶ
745 2759 883 2808 νοεῖν
907 2772 922 2820 ;
957 2757 1076 2810 Ἀθ.
1105 2753 1258 2810 εἶπεν
1276 2775 1290 2788 ·
1323 2758 1486 2812 Οὐδὲν
1506 2759 1690 2830 ἕτερον
1721 2760 1754 2830 ἢ
1777 2759 1868 2812 τὸν

305 2840 420 2894 Υἰὸν
457 2844 521 2895 ὲκ
541 2844 642 2913 τῆς
670 2843 856 2907 οὐσίας
883 2845 976 2898 τοῦ
999 2845 1135 2899 Θεοῦ
1172 2847 1264 2900 καὶ
1296 2849 1508 2921 Πατρὸς
1539 2849 1866 2921 γεννηθέντα

303 2935 361 2986 ἐκ
397 2935 504 2988 τῶν
550 2936 809 2990 τοιούτων
853 2938 1306 3009 παραδειγμάτων
1335 2940 1696 3011 μανθάνομεν.
1734 2945 1860 3010 Ἀρ.

303 3022 472 3080 εἶπεν·
529 3029 594 3081 Ei
644 3029 926 3100 ὁμοούσιος
957 3027 1024 3101 ἦν
1048 3032 1077 3082 6
1112 3031 1235 3094 Υἱὸς
1268 3031 1346 3101 τῷ
1375 3033 1569 3104 Πατρὶ,
1615 3032 1731 3097 πῶς
1768 3035 1867 3087 οὐκ

303 3111 446 3170 εἶπεν
492 3116 686 3190 παρὼν
714 3121 826 3182 τοῖς
881 3119 1147 3190 μαθηταῖς
1187 3120 1350 3173 αὑτοῦ
1376 3137 1389 3185 ;
1421 3123 1540 3177 Ἀθ.
1574 3117 1694 3175 εἷπε
1714 3140 1726 3152 ·
1754 3122 1865 3176 Ποῦ
1893 3161 1935 3217 c

303 3207 440 3262 ἐστιν
467 3210 604 3262 ὅπου
629 3210 729 3279 οὐχ
752 3211 1099 3282 ὡμολόγησεν
1130 3214 1319 3267 ἑαυτὸν
1338 3214 1620 3284 ὁμοούσιον
1646 3214 1721 3284 τῷ
1752 3215 1864 3268 Πα-

301 3301 384 3370 τρὶ
403 3302 430 3354 6
457 3300 618 3367 Υίός;
641 3303 762 3369 Ἀρ.
803 3297 954 3354 εἶπεν
979 3319 992 3332 °
1019 3303 1077 3355 Ei
1110 3302 1332 3358 δύνασαι
1357 3303 1513 3358 τοῦτο
1533 3304 1737 3369 δεῖξαι;
1771 3306 1866 3357 Ἓν

299 3393 403 3446 τῶν
430 3393 752 3464 ἀμηχάνων.
793 3394 903 3448 Ἀθ.
943 3389 1093 3447 εἶπεν
1115 3409 1127 3418 ·
1150 3395 1262 3448 Οὐκ
1293 3394 1350 3460 ἐξ
1393 3395 1614 3466 ἀπόρων
1640 3395 1867 3467 πορίσα-

306 3483 419 3535 σθαι
447 3482 854 3554 ἐπιχειροῦμεν,
883 3483 996 3539 άλλ’
1031 3486 1094 3537 ὲκ
1115 3484 1221 3538 τῶν
1245 3485 1496 3555 ἐναργῶν
1527 3487 1865 3556 πραγμάτων

303 3590 396 3645 την
423 3574 684 3644 ἀλήθειαν
733 3573 896 3638 δεῖξαι
931 3574 1172 3644 θέλομεν.
1223 3575 1504 3646 Μέμνησο,
1569 3577 1647 3629 ὃτι
1707 3577 1862 3647 ἔφης,

302 3666 329 3717 ὃ
349 3669 460 3718 ἐστι
490 3666 646 3729 Θεὸς,
675 3665 834 3719 τοῦτο
858 3666 1014 3720 οὐσία
1047 3666 1322 3736 τυγχάνει,
1353 3667 1630 3720 τουτέστιν
1657 3669 1684 3720 6
1705 3667 1854 3727 Υίός.

304 3757 402 3810 Ναὶ
445 3757 479 3829 ἢ
516 3757 608 3822 ob;
635 3760 766 3827 Ἀρ.
795 3755 915 3812 εἷπε
935 3776 949 3790 ·
984 3758 1262 3829 Μηδαμῶς
1286 3758 1418 3827 (65).
1443 3759 1562 3811 Ἀθ.
1583 3758 1706 3828 ἔφη·
1742 3758 1868 3822 Πῶς

300 3845 388 3901 οὖν
418 3852 446 3901 6
468 3849 675 3920 Κύριος
715 3848 818 3919 ἔφη
839 3864 852 3878 ⁸
894 3866 912 3897 ι
962 3848 1100 3916 Ἐγὼ
1128 3849 1218 3901 καὶ
1248 3849 1276 3899 6
1305 3849 1494 3920 Πατὴρ
1525 3849 1583 3900 ἓν
1609 3849 1807 3918 ἐσμενς
1842 3869 1862 3901 ι

307 3938 362 3990 Ei
397 3938 469 4008 μὴ
507 3941 535 3991 6
576 3939 740 4001 αὐτός
787 3941 900 3991 ἐστι
926 3941 992 4009 τῇ
1031 3939 1241 4008 θεότητι
1281 3942 1346 4010 τῇ
1377 3942 1614 4010 πατρικῇ
1655 3942 1683 3996 6
1716 3939 1863 4005 Υἱὸς,

307 4031 412 4093 πῶς
459 4031 680 4100 φάσκει,
726 4050 743 4080 ι
783 4028 922 4098 Ἐγὼ
946 4031 1039 4083 καὶ
1085 4032 1111 4083 6
1141 4030 1327 4102 Πατὴρ
1351 4030 1408 4082 ἓν
1425 4032 1626 4100 έσμεν;
1665 4052 1684 4082 ι
1719 4028 1867 4101 τΛρα

303 4122 482 4190 ψευδὲς
503 4118 657 4176 εἶπεν
683 4121 716 4190 ἢ
747 4121 972 4190 άληθές;
996 4120 1086 4191 Μὴ
1111 4121 1316 4188 γένοιτο
1332 4123 1344 4174 !
1363 4123 1424 4174 Ἠ
1436 4121 1659 4192 ἀλήθεια
1683 4123 1781 4175 οὐκ
1801 4123 1866 4176 ἂν

308 4212 487 4280 ψεῦδός
521 4229 652 4267 ποτε
675 4211 916 4280 ἐγένετο.
942 4212 1104 4266 Ἀλλὰ
1122 4213 1213 4266 καὶ
1241 4213 1322 4276 τὸ,
1343 4231 1360 4263 ι
1383 4213 1439 4264 ’0
1471 4211 1729 4284 ἑωρακὼς
1765 4213 1866 4282 ἐμὲ

309 4301 507 4372 ἑώρακε
556 4305 649 4356 τὸν
694 4303 932 4375 Πατέρα,
970 4325 987 4356 ι
1021 4305 1171 4358 οὐδὲν
1204 4306 1388 4376 ἕτερον
1425 4303 1534 4374 (64)
1567 4304 1864 4375 παριστᾷῆ

304 4395 394 4466 τὴν
423 4397 580 4464 ἁγίαν
617 4395 864 4465 θεότητα.
906 4398 970 4449 Ei.
1001 4396 1109 4467 γὰρ
1136 4396 1292 4458 ἄλλος
1325 4396 1579 4465 τυγχάνει
1613 4399 1678 4465 τῇ
1712 4395 1867 4465 οὐσίᾳ.

1963 569 2130 632 ctavit
2161 585 2257 624 cor
2285 587 2464 626 meum
2493 571 2730 628 Verbum
2763 573 2966 628 bonum
2987 572 3056 625 ⁸⁸.
3083 592 3101 624 ι
3141 571 3397 643 Nunquid
3428 577 3548 645 ἱείσ-

1964 670 2055 716 tur
2081 661 2319 718 Verbum
2348 667 2494 735 quod
2523 667 2815 730 eructavit,
2851 665 3023 722 Filius
3053 667 3175 722 est?
3207 666 3332 722 ΑιΙι.
3364 664 3534 722 Recte

1964 751 2016 804 id
2043 752 2328 823 Scriptura
2357 754 2493 808 dixit
2525 765 2583 809 ut
2604 763 2669 809 et;
2690 755 2794 808 alia
2839 755 3021 808 omnia
3052 771 3066 805 ι
3100 763 3158 808 ιιι
3193 770 3320 809 vero
3349 756 3550 808 locuur

1965 841 2117 896 illum
2159 859 2325 912 prave
2351 844 2650 901 detorsisti.
2675 846 2770 900 Ar.
2806 843 2944 900 Tute
2967 861 3098 915 ergo
3124 846 3289 900 nobis
3319 860 3536 915 expone

1965 929 2130 998 hujus
2170 934 2451 987 sententia:
2473 933 2793 1000 veritatem;
2819 934 3286 1006 quandoquidem,
3322 943 3382 989 ut
3432 934 3547 989 tibi.-

1965 1021 2197 1088 videtur,
2227 1023 2374 1077 illam
2407 1039 2505 1094 ego
2532 1025 2873 1081 detorserim.

2032 1283 2123 1338 50.
2161 1283 2286 1339 ΑιΙι.
2340 1282 2484 1340 Deus
2526 1292 2681 1340 estne
2733 1286 2963 1357 spiritus
3024 1287 3403 1358 impassibilis,
3458 1303 3531 1344 an

1963 1377 2108 1431 non?
2136 1377 2232 1432 Ar.
2281 1375 2381 1430 Ita.
2415 1376 2539 1432 ΑιΙι.
2590 1376 2756 1448 lgitur
2781 1393 2906 1433 cum
2953 1378 3236 1450 Scriptura
3271 1382 3530 1452 praedicat

1963 1467 2160 1522 Filium
2195 1484 2262 1524 ex
2305 1476 2462 1524 utero
2494 1484 2618 1526 esse
2645 1470 2912 1540 genitum,
2948 1469 3147 1525 Filium
3184 1489 3310 1528 vere
3338 1489 3406 1528 ex
3445 1474 3529 1528 di-

1963 1561 2090 1615 vina
2128 1561 2410 1632 hypostasi
2458 1561 2574 1616 sive
2623 1563 2928 1618 substantia
2963 1579 3087 1620 esse
3123 1565 3414 1637 signiﬁcat.
3453 1567 3533 1622 Ne

1963 1669 2092 1724 ergo
2124 1653 2398 1710 inﬁrmum
2429 1654 2710 1710 hominum
2747 1672 2920 1727 genus
2945 1657 3239 1712 humanam
3263 1674 3386 1714 esse
3413 1673 3534 1714 cre-

1963 1743 2118 1799 deret
2156 1743 2360 1801 Christi
2406 1747 2834 1816 generationem,
2885 1749 2984 1812 ait,
3025 1767 3043 1799 ι
3096 1748 3383 1804 Eructavit
3437 1765 3536 1804 cor:

1965 1849 2143 1889 meum
2177 1833 2414 1891 Verbum
2446 1837 2670 1893 bonum.
2716 1857 2734 1890 ι
2773 1838 2928 1904 Quod
2964 1841 3010 1896 si
3047 1842 3172 1910 quis
3216 1856 3409 1896 rursus
3440 1857 3536 1896 ur-

1963 1941 2092 1996 gere
2133 1927 2263 1982 velit
2310 1935 2365 1983 et
2395 1928 2578 1984 dicere
2621 1928 2818 1984 Filium
2851 1929 3089 1986 Verbum
3136 1949 3259 1988 esse
3309 1933 3536 2004 prolati-

1964 2018 2122 2083 tium,
2157 2020 2344 2074 statim
2381 2020 2679 2076 aﬂ‘erentur
2734 2023 2900 2078 verba
2955 2024 3071 2090 illa,
3115 2043 3132 2076 ι
3180 2025 3260 2080 Ex
3304 2032 3480 2094 utero,
3511 2045 3532 2078 ι

1965 2117 2131 2178 atque
2179 2110 2249 2164 ita
2295 2112 2648 2182 conquiescet
2688 2129 2944 2184 perversa
2984 2116 3264 2186 cogitatio.
3305 2115 3536 2173 Omnem

1965 2199 2234 2271 siquidem
2303 2202 2597 2256 humanam
2662 2212 2897 2259 mentem
2953 2205 3331 2261 circumclusit
3395 2205 3543 2260 Scri-

1966 2300 2150 2361 ptura,
2190 2300 2249 2346 ut
2283 2308 2444 2348 nemo
2473 2293 2728 2352 haeretica
2775 2295 2989 2351 insania
3019 2297 3318 2368 agitaretur
3345 2306 3554 2353 contra.

1965 2392 2225 2439 aeternam
2255 2395 2308 2440 et
2340 2386 2946 2456 incomprehensibilem
2985 2387 3105 2443 Filii
3139 2405 3206 2444 ex
3233 2388 3345 2444 Deo
3374 2405 3540 2460 gene-

1966 2477 2255 2531 rationem.
2285 2476 2423 2532 Nam
2456 2479 2502 2532 si
2535 2486 2622 2533 est
2668 2495 2735 2534 ex
2766 2488 2943 2546 utero,
2977 2480 3252 2550 quomodo
3277 2496 3345 2536 ex
3373 2480 3555 2535 corde-

1973 2571 2277 2640 processit?
2310 2571 2368 2626 Si
2416 2587 2546 2626 vero
2591 2573 2663 2626 sit
2697 2590 2762 2628 ex
2805 2575 2994 2639 corde,
3035 2575 3314 2646 quomodo
3359 2584 3540 2631 estex

1969 2661 2166 2715 utero?
2192 2662 2286 2715 Ar.
2333 2660 2473 2728 Quid
2505 2663 2689 2732 itaque
2736 2664 3025 2719 dicendum
3059 2673 3143 2721 est
3183 2672 3238 2720 et
3294 2665 3540 2735 cogitan-

1968 2753 2132 2807 dum?
2176 2752 2302 2808 Ath.
2336 2751 2480 2807 Nihil
2511 2754 2659 2809 aliud
2689 2771 2754 2810 ex
2791 2756 3102 2826 hujusmodi
3133 2756 3397 2825 exemplis
3431 2755 3542 2809 dis-

1968 2842 2144 2896 cimus
2169 2858 2331 2912 quam
2362 2841 2560 2896 Filium
2582 2859 2648 2898 ex
2681 2843 2984 2899 substantia
3027 2843 3116 2898 Dei
3145 2853 3199 2898 et
3218 2841 3398 2898 Patris
3418 2859 3541 2900 esse

1971 2939 2234 3009 genitum.
2262 2939 2358 2992 At.
2393 2938 2449 2993 Si
2479 2937 2654 2994 Filius
2680 2937 2829 2991 Patri
2851 2945 3000 2992 esset
3029 2938 3538 3001 consubstantialis,

1969 3044 2068 3083 cur
2094 3029 2146 3082 id
2177 3044 2420 3100 praesens
2443 3045 2552 3084 non
2583 3030 2721 3085 dixit
2751 3029 3038 3098 discipulis
3069 3029 3220 3084 suis?
3248 3028 3370 3082 ΑιΙι.
3404 3028 3538 3084 Ubi-

1968 3134 2115 3185 nam,
2152 3135 2306 3190 rogo,
2339 3119 2513 3175 Filius
2557 3135 2668 3174 non
2699 3117 2991 3175 confessus
3019 3126 3103 3174 est
3139 3136 3199 3176 se
3235 3117 3383 3173 Patri
3416 3134 3540 3175 esse

1969 3211 2540 3267 consubstantialem?
2589 3211 2687 3266 Ar.
2729 3210 2964 3266 Potesne
3030 3211 3164 3266 illud
3213 3211 3542 3266 ostendere?

1970 3299 2148 3356 Unum
2197 3318 2330 3357 sane
2383 3303 2436 3357 id
2482 3319 2672 3358 eorum
2717 3303 2822 3358 erit
2871 3318 2992 3373 qua:
3023 3302 3136 3357 fieri
3168 3318 3278 3356 non
3310 3310 3538 3372 queunt.

1967 3390 2091 3444 Atla.
2119 3392 2261 3445 Nihil
2301 3409 2366 3448 ex
2399 3393 2580 3448 dubiis
2613 3393 2869 3462 colligere
2897 3409 3182 3458 conamur,
3213 3395 3306 3449 sed
3349 3411 3415 3450 ex
3455 3410 3541 3450 re-

1969 3483 2071 3537 bus
2106 3484 2449 3539 evidentibus
2473 3486 2758 3540 veritatem
2804 3485 3055 3542 volumus
3084 3487 3394 3542 ostendere.
3431 3485 3540 3540 Re—

1967 3577 2197 3630 cordare
2222 3584 2274 3630 te
2296 3576 2501 3632 dixisse
2533 3577 2677 3645 quod
2703 3575 2845 3631 Deus
2866 3584 2972 3640 est,
3008 3577 3111 3630 hoc
3139 3578 3260 3645 ejus
3283 3578 3542 3631 substan-

1969 3666 2096 3719 tiam
2135 3682 2280 3731 esse,
2329 3667 2380 3721 id
2417 3675 2522 3732 est,
2553 3667 2773 3723 Filium.
2821 3665 2969 3721 Itane
3001 3675 3106 3733 est,
3154 3682 3223 3720 an
3259 3668 3401 3722 non?
3440 3669 3538 3722 Ar.

1968 3756 2343 3827 Nequaquam.
2391 3758 2515 3810 Atla.
2552 3758 2664 3813 Cur
2706 3758 2871 3828 igitur
2895 3758 2972 3811 ait
3026 3756 3289 3813 Dominus
3325 3776 3339 3813 :
3378 3775 3396 3808 ι
3427 3756 3541 3828 Ego

1967 3858 2021 3904 et
2043 3848 2203 3904 Pater
2227 3865 2394 3903 unum
2427 3866 2619 3906 sumus
2647 3851 2718 3908 5"?
2754 3871 2772 3902 ι
2800 3848 2933 3903 Nam
2953 3849 3061 3904 nisi
3095 3848 3265 3904 Filius
3295 3849 3541 3917 idem'_sit

1969 3940 2114 4009 quod
2159 3948 2384 4010 paterna
2415 3941 2694 4004 divinitas,
2726 3942 2819 4011 qui
2867 3943 3038 4012 possit
3069 3942 3273 4007 dicere,
3301 3959 3320 3992 ι
3351 3940 3462 4012 Ego
3486 3950 3541 3996 et

1967 4031 2130 4086 Pater
2157 4047 2324 4085 unum
2359 4032 2584 4086 sumus?
2623 4051 2641 4083 ι
2681 4029 2822 4098 Quid
2854 4034 3018 4104 igitur
3052 4031 3260 4088 falsane
3291 4048 3360 4086 an
3411 4047 3540 4090 Vera

1970 4124 2184 4178 locutus
2215 4123 2334 4178 est?
2373 4123 2571 4178 Absit!
2603 4123 2892 4194 Nunquam
2948 4125 3093 4179 enim
3129 4124 3332 4179 veritas
3378 4131 3541 4195 queat

1968 4230 2091 4270 esse
2124 4215 2493 4269 mendacium.
2525 4213 2630 4270 Sed
2665 4222 2717 4270 et
2740 4217 2844 4270 ista
2867 4216 3052 4280 verba,
3085 4233 3104 4266 ι
3141 4213 3242 4282 Qui
3270 4230 3356 4269 me
3386 4214 3537 4277 vidit,

1967 4307 2103 4361 vidit
2136 4305 2352 4362 Patrem
2367 4307 2468 4374 ⁸³;›
2500 4308 2633 4361 nihil
2665 4307 2810 4362 aliud
2834 4307 3074 4364 indicant
3097 4322 3260 4377 quam
3292 4314 3539 4364 sanctam

1968 4400 2331 4454 divinitatem.
2379 4399 2438 4454 Si
2468 4401 2613 4456 enim
2645 4400 2814 4456 Filius
2857 4401 3162 4456 substantia
3207 4400 3349 4454 alius
3394 4408 3479 4454 est
3508 4415 3541 4451 a

306 4489 334 4538 6
363 4489 481 4552 Υἱὸς
530 4491 685 4560 παρὰ
731 4488 824 4540 τὸν
869 4488 1104 4559 Πατέρα,
1138 4487 1256 4552 πῶς
1287 4487 1504 4541 δύναται
1544 4487 1863 4559 θεωρεῖσθαι

1968 4489 2149 4559 Patre,
2181 4492 2458 4562 quomodo
2484 4491 2645 4547 Pater
2683 4493 2740 4548 in
2788 4491 2930 4547 Filio
2959 4491 3132 4547 videri
3163 4491 3373 4562 potest?
3401 4488 3538 4543 Nam

309 4581 335 4630 ὁ
388 4581 575 4654 Πατὴρ
621 4582 682 4635 ὲν
716 4579 793 4650 τῷ
845 4581 986 4650 Υἱῴ;
1034 4582 1096 4634 Εἰ
1129 4582 1226 4652 μὲν
1266 4580 1375 4650 γὰρ
1414 4581 1474 4633 οὐ
1500 4579 1720 4636 δύναται

309 4670 515 4741 ἄγαλμα
547 4670 914 4742 άνδροείκελον
937 4671 1437 4740 κατεσκευασμένον
1460 4672 1524 4726 ὲκ
1540 4669 1711 4737 ξύλων
1729 4688 1867 4739 γνω-

314 4761 547 4832 ρισθῆναι
601 4764 660 4816 έν
701 4761 904 4832 λιθίνῳ,
936 4764 992 4815 ὲν
1023 4763 1101 4832 τῷ
1121 4763 1222 4816 οὐκ
1241 4764 1306 4816 ἐκ
1349 4763 1448 4834 τῆς
1481 4762 1668 4826 οὐσίας
1703 4763 1865 4816 αὐτοῦ

311 4852 412 4904 δντι
431 4873 442 4885 ο
478 4858 526 4908 εἰ
557 4855 615 4907 δὲ
650 4853 910 4908 ἀδύνατον
936 4853 1080 4907 λίθον
1108 4856 1166 4907 ὲν
1191 4853 1330 4925 ξύλῳ
1358 4853 1740 4925 γνωρισθῆναι,
1773 4856 1866 4908 καὶ

315 4942 453 5007 ξύλον
491 4949 548 4999 ὲν
590 4947 724 5016 λίθῳ
766 4948 906 4999 κατὰ
943 4947 1034 4999 τὸν
1059 4947 1156 5017 τῆς
1189 4945 1374 5008 οὐσίας
1409 4946 1587 5014 λόγον,
1619 4945 1860 4999 λείπεται

315 5031 480 5088 λοιπὸν
535 5035 893 5107 γνωρίζεσθαι
957 5036 1048 5088 τὸν
1099 5035 1448 5107 παμϐασιλέα
1495 5037 1626 5089 Θεὸν
1678 5039 1736 5089 ὲν
1786 5036 1863 5106 τῷ

280 5127 564 5205 ’ὀμωυσίῳ
606 5128 771 5182 αὐτοῦ
818 5127 950 5199 Υίῷ.
975 5127 1057 5180 Τὰ
1096 5129 1206 5200 γάρ
1245 5123 1551 5199 ὁμοειδῆ,ᾦ
1581 5128 1690 5198 (66)
1728 5131 1865 5182 εἰσιν

378 5284 420 5314 ⁸⁸
452 5285 594 5341 Psal.
628 5300 774 5350 xuv,
807 5283 863 5336 2.
939 5284 982 5314 ⁵⁷
1021 5281 1176 5338 Joan.
1210 5299 1276 5350 κ,
1313 5282 1404 5336 50.
1482 5283 1528 5314 ⁵⁸
1562 5281 1720 5340 Joau.
1757 5299 1868 5348 xw,
1903 5283 1956 5338 9.

381 5426 483 5498 (θθ)
513 5428 652 5498 Aug.
670 5421 822 5498 Ἀρα
845 5423 936 5480 οὖν
960 5428 1040 5489 τὸ,
1075 5425 1420 5498 ὲξηρεύξατο,
1449 5424 1548 5494 ἔφη
1577 5424 1703 5477 τόν.’

381 5497 482 5568 (δι)
519 5497 656 5568 Aug.
689 5497 924 5560 άπαθᾶς.

381 5563 481 5637 (62)
514 5563 729 5637 Anglic.
768 5568 1028 5637 παύηται.
1087 5567 1206 5620 Μυι
1265 5563 1486 5634 Regius,
1538 5564 1870 5635 περιέγραψε

321 5636 430 5705 γάρ.
463 5636 512 5692 tu
541 5636 667 5695 aliis
693 5640 802 5708 γάρ
835 5636 1004 5692 deest-

1972 4583 2019 4638 si
2078 4583 2314 4639 hominis
2363 4584 2717 4639 simulacrum
2767 4600 2833 4639 ex
2878 4585 3024 4654 ligno
3071 4581 3380 4637 conlectum
3429 4596 3538 4634 non

1970 4674 2144 4744 possit
2190 4675 2448 4744 cognosci
2495 4675 2550 4728 in
2586 4674 2820 4745 lapideo,
2852 4674 2997 4745 quod
3029 4674 3272 4744 ejusdem
3306 4688 3414 4726 non
3468 4671 3540 4724 sit

1970 4767 2293 4821 substantia:
2324 4783 2336 4819 :
2375 4768 2421 4822 si
2464 4769 2591 4822 item
2630 4769 2768 4836 lapis
2826 4768 2880 4821 in
2933 4769 3098 4837 ligno,
3131 4767 3212 4821 vel
3245 4766 3446 4835 lignum
3482 4764 3537 4816 in

1970 4855 2148 4925 lapide
2199 4874 2309 4911 non
2357 4861 2532 4928 possit
2563 4861 2843 4929 cognosci,
2894 4867 3158 4930 quantum
3203 4863 3414 4926 spectat
3469 4855 3537 4908 ad

1969 4947 2292 5002 substantiae
2346 4949 2636 5012 rationem,
2689 4950 2938 5020 sequitur
2997 4957 3056 5003 ut
3093 4950 3256 5013 Deus,
3291 4962 3540 5001 summus

1970 5041 2214 5094 onmium
2265 5057 2381 5108 rex,
2418 5042 2472 5095 in
2513 5041 2652 5097 Filio
2687 5042 2790 5097 sibi
2828 5039 3280 5098 consubstantiali
3333 5053 3538 5108 cogno-

1973 5143 2178 5186 scatur.
2211 5130 2351 5186 Cum
2382 5133 2527 5188 enim
2553 5133 2810 5188 videntur
2841 5148 2929 5187 res
2959 5131 3188 5193 similes,
3214 5131 3269 5185 in
3299 5145 3365 5185 eo
3394 5129 3540 5199 quod

2049 5421 2157 5492 (64)
2196 5421 2333 5492 Aug.
2381 5423 2533 5476 οὐδὲν
2568 5421 2748 5476 ἄλλου.
2786 5420 2956 5492 Paulo
2982 5425 3104 5487 post
3126 5417 3284 5488 Angl.
3322 5417 3385 5470 Εί
3428 5416 3538 5488 γὰρ

1972 5491 2197 5562 ἄγγελος
2232 5491 2388 5562 τυγχ.
2418 5492 2550 5560 Aug.
2581 5495 2628 5544 εί
2661 5492 2768 5562 γάρ
2795 5491 3130 5562 ἄλλοςντυγχ.

2045 5558 2154 5634 (65)
2193 5565 2266 5617 Ita
2299 5558 2427 5632 Reg.
2464 5558 2634 5634 Basil.
2658 5558 2804 5624 vero,
2833 5564 2880 5614 εί
2914 5558 3284 5634 μὲν-δύναται.
3329 5558 3536 5634 Διιξλεεὶ

1975 5626 2071 5704 μὲν
2097 5626 2204 5704 γὰρ
2228 5626 2467 5686 δύναται.
2500 5632 2640 5686 Editi
2668 5642 2720 5686 ct
2757 5626 2958 5694 cantet-1,
2988 5630 3033 5682 εἰ
3069 5631 3167 5701 μὲν
3189 5630 3296 5700 γὰρ
3337 5629 3395 5682 οὐ
3446 5626 3539 5681 δύ-

385 5703 482 5776 (ϋό)
511 5710 669 5782 Augl.
706 5703 989 5777 ὀῦδκμῶς.
1029 5708 1160 5763 Ibid.
1191 5707 1349 5776 Augl.
1379 5714 1430 5759 ct
1458 5703 1595 5776 Aug.
1624 5705 1723 5774 ἔφη
1775 5721 1870 5775 pro
1971 5703 2148 5782 Vara}.

324 5769 476 5832 είπενξ

2042 5775 2148 5844 καί)
2179 5773 2310 5845 Reg.
2340 5774 2404 5828 τὰ
2431 5775 2533 5844 γὰρ
2560 5773 2815 5843 ὁμ-ιούστα
2839 5773 2947 5828 καί.
2980 5767 3220 5844 'Q'dccst
3247 5772 3299 5824 iu
3327 5769 3467 5837 Aug.
3543 5832 3550 5844 ,
