4066 6388
452 5511 460 5570 l

524 385 631 440 ιτθ

1665 381 1722 437 S.
1763 381 2225 440 ATHANASIUS.
2267 410 2341 421 ν-
2378 379 2646 437 SPURlA.

3669 376 3779 433 480

525 507 657 555 sunt
707 497 1225 562 consubstantiales,
1270 512 1458 550 eorum
1514 513 1634 567 qua:
1689 514 1796 550 non
1845 497 2092 550 videntur

2199 495 2478 566 ὁ-μοούσια,
2539 493 2832 567 ὁρώμενα,ι
2865 508 3255 563 παριστανουσι
3299 507 3638 562 την-γνωσινν
3683 495 3779 546 καὶ

525 591 893 662 cognitionem
927 590 1202 645 exhibent.

597 684 687 738 5|.
720 682 814 736 Ar.
846 681 957 736 Cur
987 697 1118 749 ergo
1166 679 1432 735 Dominus
1457 684 1554 745 ait,
1591 701 1608 732 ι
1652 680 1762 750 Ego
1807 697 1926 736 sum
1972 681 2100 734 vitis

525 793 678 838 vera,
714 785 769 830 et
808 774 972 828 Pater
1018 789 1173 828 meus
1212 774 1452 843 agricola
1476 775 1637 828 est?»
1681 773 1820 826 Num
1866 773 1992 827 vilis
2047 781 2102 826 et

527 869 767 938 agricola
801 874 1032 936 possunt
1080 866 1581 920 consubstantiales
1622 867 1781 920 esse?
1811 865 1934 918 ΑιΙι.
1978 863 2100 917 Noli

525 958 659 1010 mihi
693 957 1022 1012 detruncare
1057 955 1398 1012 Dominicam
1441 971 1634 1010 vocem
1675 957 1812 1011 :sed
1862 957 1999 1024 lege,
2041 965 2100 1010 ut

520 1049 703 1118 jacet:
738 1067 756 1099 ι
805 1048 916 1119 Ego
950 1065 1094 1111 sum,
1137 1069 1154 1100 ι
1199 1050 1376 1120 inquit
1399 1049 1686 1115 Dominus,
1729 1069 1748 1101 ι
1786 1050 1915 1105 vitis
1948 1064 2097 1115 vera,

521 1154 622 1193 vos
670 1139 941 1208 palmites,
1004 1138 1168 1194 Pater
1225 1156 1380 1195 meus
1427 1141 1666 1210 agricola
1714 1147 1798 1195 est
1846 1141 1912 1192 σθ.
1953 1158 1970 1190 ι
2007 1139 2101 1192 Dic

522 1231 656 1285 mihi
693 1233 878 1302 itaque
915 1251 928 1285 :
980 1233 1025 1288 si
1057 1249 1121 1288 ex
1161 1233 1412 1302 exemplo
1460 1233 1588 1288 vitis
1625 1241 1680 1288 et
1713 1234 1964 1304 agricola:
2011 1231 2100 1286 Fi-

522 1323 655 1376 lium
699 1340 809 1378 non
860 1325 944 1380 vis
1005 1340 1129 1380 esse
1170 1324 1319 1378 Patri
1357 1324 1917 1381 consubstantialem.
1968 1339 2097 1376 nmn

523 1415 701 1482 ipsum
765 1415 1084 1471 hominibus
1144 1416 1670 1470 consubstantialem
1747 1414 1926 1470 dicis?
2000 1415 2096 1467 Ar.

526 1505 683 1575 173
711 1505 908 1561 Absit!
977 1506 1101 1561 ΑιΙι.
1166 1505 1387 1560 Placide
1450 1506 1721 1568 ausculta,
1776 1512 1828 1559 et
1869 1503 1937 1556 ad
1986 1504 2100 1556 haec

523 1595 656 1648 mihi
691 1597 978 1666 responde.
1020 1596 1159 1652 Vitis
1209 1605 1264 1652 et
1299 1598 1549 1667 palmites
1598 1605 1727 1651 sunt
1761 1611 1829 1649 ne
1862 1595 2100 1650 consub-

521 1691 830 1757 stantiales,
867 1707 934 1746 an
958 1708 1067 1747 non
1092 1693 1115 1745 ?
1146 1693 1240 1746 Ar.
1268 1691 1503 1746 Omnino
1522 1693 1593 1745 ita
1625 1701 1730 1746 est.
1755 1691 1829 1745 Te
1847 1706 1972 1744 vero
1998 1705 2099 1745 oro

521 1782 688 1838 ﬁnem
741 1783 972 1854 hujusce
1005 1785 1230 1855 capituli
1263 1785 1612 1855 explicationi
1653 1786 1890 1840 breviter
1918 1783 2094 1852 impo-

2200 587 2308 641 τῶν
2340 588 2413 659 μὴ
2438 587 2749 658 ὁρωμένων.

2271 680 2358 733 51.
2407 681 2534 748 Ἀρ.
2583 675 2734 732 εἷπε⁹
2766 677 2889 740 Πῶς
2931 672 3074 731 οῦνὸ
3106 675 3308 746 Κύριος
3349 676 3530 744 λέγει·
3571 694 3588 727 ι
3632 674 3777 743 Ἑγὼ

2201 775 2316 842 εἰμι
2341 775 2373 843 ἠ
2401 772 2644 843 ἄμπελος
2669 774 2702 842 ἡ
2725 770 2972 842 ἀληθινὴ,
3009 770 3102 824 καὶ
3132 770 3160 821 ὁ
3189 769 3378 843 Πατήρ
3406 785 3506 840 μου
3542 769 3570 820 ὁ
3601 785 3777 838 γεωρ-

2200 862 2294 930 γός
2323 865 2474 927 eam;
2515 883 2532 914 ι
2568 863 2659 934 Μὴ
2700 861 2921 918 δύναται
2955 861 3198 930 ἄμπελος
3238 859 3334 913 καὶ
3363 858 3610 930 γεωργὸς
3635 854 3774 912 εἶναι

2200 954 2494 1026 ὁμοούσια;
2535 956 2652 1009 Ἀθ.
2683 949 2804 1008 εἷπε
2821 970 2833 982 ·
2859 952 2948 1024 Μὴ
2968 952 3346 1024 ἁκρωτηρίαζε
3375 951 3474 1022 τὴν
3492 953 3775 1023 Κυριακὴν

2202 1049 2417 1118 φωνήν·
2455 1047 2590 1111 ἀλλ’,
2621 1047 2696 1110 ὡς
2746 1050 2940 1109 κεῖται,
2997 1045 3290 1114 ἀνάγνωθι.
3323 1063 3340 1094 ι
3399 1043 3540 1113 Ἐγώ
3573 1045 3708 1114 είμι,
3749 1064 3767 1094 ι

2200 1141 2366 1210 φησὶν
2407 1141 2435 1192 ὁ
2483 1139 2706 1211 Κύριος,
2749 1158 2766 1190 ι
2807 1141 2838 1211 ή
2880 1137 3122 1210 ἄμπελος
3157 1141 3189 1209 ὴ
3226 1137 3486 1209 ἀληθινὴ,
3519 1139 3677 1208 ὑμεῖς
3707 1137 3787 1190 1&-

2201 1233 2474 1304 κλήματα,
2504 1234 2532 1284 ὁ
2560 1234 2750 1303 Πατήρ
2775 1249 2878 1302 μου
2915 1233 2944 1284 ὁ
2976 1233 3218 1304 γεωργός
3249 1234 3414 1285 ἐστιν.
3458 1252 3479 1282 ι
3512 1231 3649 1284 Εἰπέ
3685 1248 3775 1301 μοι

2198 1321 2292 1379 οῦν
2312 1343 2326 1356 ο
2363 1329 2411 1379 εἰ
2446 1328 2474 1377 ὁ
2504 1325 2632 1390 Υἱὸς
2653 1326 2936 1396 ὁμοούσιος
2970 1325 3048 1396 τῷ
3071 1327 3244 1398 Πατρὶ
3273 1327 3372 1378 οὐκ
3405 1324 3549 1378 ἐστιν
3581 1327 3646 1378 ὲκ
3679 1323 3774 1377 τοῦ

2201 1417 2643 1488 παραδείγματος
2683 1417 2784 1487 τῆς
2834 1416 3078 1488 ἀμπέλου
3121 1419 3216 1470 καὶ
3250 1417 3342 1470 τοῦ
3371 1415 3640 1488 γεωργοῦ,
3667 1413 3776 1486 ἆρα

2197 1516 2309 1576 τοῖς
2362 1512 2671 1583 ἀνθρώποις
2728 1512 3011 1582 ὁμοούσιον
3056 1513 3216 1566 αὐτὸν
3251 1512 3390 1581 φῄς
3429 1512 3559 1579 Ἀρ.
3611 1505 3772 1562 sina-

2197 1605 2288 1676 Μὴ
2317 1605 2560 1672 γένοιτοῑ
2590 1605 2711 1658 Ἀθ.
2761 1600 2909 1656 εἶπε·
2962 1604 3189 1674 Πραέως
3219 1603 3472 1665 ἄκουσον,
3515 1603 3609 1654 καὶ
3639 1601 3790 1672 πρὸς

2197 1695 2369 1749 ταῦτα
2393 1696 2588 1758 ἀπόδος
2612 1713 2700 1764 μοι
2728 1695 2885 1764 λόγον
2903 1714 2916 1726 ·
2953 1696 3016 1748 Ἦ
3042 1695 3283 1765 ἄμπελος
3313 1695 3406 1747 καὶ
3432 1695 3500 1748 τά
3523 1693 3778 1764 κλήματα

2197 1791 2456 1861 ὁμοούσια
2491 1790 2771 1860 τυγχάνει,
2793 1790 2879 1841 ναὶ
2908 1788 2940 1859 ἦ
2967 1786 3062 1853 οΰ;
3091 1790 3219 1854 Ἀρ.
3247 1783 3398 1839 εἷπεν
3416 1803 3429 1815 ·
3467 1785 3778 1856 Ἀραρότως

524 1889 646 1939 nas,
675 1853 923 1930 utetrme
958 1853 1122 1932 talem
1156 1853 1377 1938 reddas,
1428 1877 1609 1945 qualis
1630 1883 1685 1930 tu
1719 1877 1836 1944 ipse
1862 1890 1941 1928 es.
1967 1874 2091 1926 Ath.

2199 1853 2371 1936 ταῦτα
2403 1853 2740 1950 οῦτωςηέχει.
2782 1853 2942 1944 Ἀξιῶ
2975 1853 3252 1948 συντόμως
3285 1878 3378 1930 καὶ
3417 1879 3484 1948 τῇ
3516 1853 3624 1946 (bl)
3655 1876 3778 1929 τού-

522 1962 641 2018 Nisi
671 1965 801 2018 mihi
829 1966 982 2035 prius
1012 1967 1079 2020 ad
1136 1983 1198 2022 ea
1246 1983 1368 2036 quae
1413 1969 1691 2036 interrogo
1722 1966 2092 2035 responderis,

521 2057 667 2126 quod
687 2061 933 2126 postulas
967 2075 1075 2114 non
1117 2061 1493 2129 consequeris.
1526 2061 1621 2113 Ar.
1670 2059 1918 2128 Loquere
1947 2058 2093 2128 quod

521 2148 620 2203 tibi
657 2149 892 2207 videtur.
923 2159 976 2205 et
1003 2167 1123 2219 ego,
1161 2153 1207 2206 si
1240 2153 1395 2206 locus
1437 2151 1620 2214 datur,
1657 2166 1754 2220 pro
1778 2151 1986 2204 viribus
2009 2145 2100 2204 re:

521 2239 821 2307 spondebo.
872 2240 994 2294 Ath.
1028 2240 1200 2310 Cujus
1250 2256 1418 2295 causa
1471 2241 1694 2295 dextera
1722 2248 1775 2294 et
1811 2239 2094 2293 brachium

518 2328 610 2384 Dei
665 2340 1001 2387 memoratur
1028 2334 1084 2386 in
1118 2331 1460 2402 Scripturis?
1493 2333 1588 2385 Ar.
1621 2331 1753 2398 Quae
1786 2330 2096 2386 istiusmodi

517 2429 647 2476 sunt
721 2423 1080 2495 intelligimus
1151 2425 1548 2480 convenienter
1604 2423 1920 2477 notionibus
1974 2437 2097 2492 qua:

516 2515 644 2571 inde
667 2526 992 2587 sequuntur.
1026 2516 1160 2570 Nam
1191 2519 1238 2571 si
1267 2517 1366 2581 ait,
1401 2535 1418 2568 ι
1449 2516 1646 2570 Manus
1690 2526 1796 2569 tum
1847 2515 2096 2569 fecerunt

516 2623 606 2663 me
639 2616 693 2663 et
731 2609 1139 2678 plasmaverunt
1168 2625 1252 2662 me
1289 2610 1358 2675 °°,
1398 2629 1416 2660 ι
1465 2609 1553 2662 hic
1594 2607 1948 2676 agnoscimus
1999 2605 2096 2660 Dei

514 2699 626 2753 vim
648 2699 890 2754 creandi.
925 2700 1061 2754 Cum
1090 2709 1270 2755 autem
1308 2700 1462 2764 dicit,
1502 2718 1520 2750 ι
1559 2699 1848 2754 Brachium
1882 2699 2094 2754 Domini

517 2793 606 2846 cui
643 2793 942 2848 revelatum
969 2801 1054 2848 est
1085 2794 1167 2847 “1'
1207 2813 1225 2844 ι
1264 2795 1444 2863 palam
1479 2801 1564 2847 est
1597 2793 1685 2847 hic
1716 2793 1783 2846 de
1817 2791 1956 2847 Filio
1973 2809 2090 2846 ser—

517 2893 734 2934 monem
767 2880 975 2935 haberi.
1009 2879 1134 2935 llaec
1168 2883 1295 2936 item
1322 2883 1508 2944 verba,
1534 2900 1552 2932 ι
1590 2880 1823 2936 Dextera
1877 2881 2093 2936 Domini

515 2969 921 3028 fecitvirtutem
943 2976 1012 3039 “,
1040 2994 1058 3026 ι
1099 2975 1306 3045 absque
1328 2977 1494 3030 dubio
1528 2975 1723 3030 Filium
1761 2976 2092 3047 significant,

515 3079 614 3134 per
636 3080 796 3134 quem
821 3063 965 3120 facta
991 3075 1120 3120 sunt
1137 3068 1343 3120 omnia.
1375 3067 1501 3122 Ath.
1522 3067 1811 3122 Brachium
1831 3068 1902 3132 ei,
1935 3069 2094 3138 cujus

514 3165 601 3211 est
627 3159 933 3224 brachium,
969 3160 1440 3216 consubstantiale
1462 3170 1567 3223 est,
1601 3177 1668 3214 an
1703 3177 1810 3215 non
1843 3163 1963 3216 est?
1993 3164 2088 3216 Ar.

514 3249 593 3304 lta
635 3266 695 3306 se
749 3267 839 3306 res
880 3252 1064 3306 habet.
1125 3253 1250 3307 Am.
1287 3251 1464 3306 Etiam
1503 3254 1726 3308 dextera
1776 3254 1875 3317 illi,
1934 3255 2092 3324 cujus

514 3351 600 3398 est
623 3343 869 3407 dextera,
920 3343 1413 3400 consubstantialis
1457 3356 1562 3408 est,
1596 3362 1662 3399 an
1701 3361 1807 3400 non
1833 3347 1952 3400 est?
1992 3347 2090 3402 Ar.

516 3435 596 3489 lta
620 3450 838 3505 quoque
854 3434 1095 3491 est.-Sed
1126 3444 1180 3488 tu
1203 3434 1336 3505 quid
1358 3436 1438 3491 vis
1469 3452 1557 3491 tne
1582 3445 1847 3492 aeternum
1880 3435 2091 3490 Numen

515 3526 1262 3598 componere?Nunquamne
1314 3527 1647 3584 Clementem
1676 3528 1822 3584 Petri
1858 3531 2091 3599 apostoli

513 3619 844 3690 discipulum
877 3620 1100 3683 audisti,
1136 3638 1230 3691 qui
1259 3623 1479 3692 quidem
1532 3622 1850 3693 hujusmodi
1897 3624 2091 3678 evertit

512 3710 861 3768 doctrinam?
887 3713 1012 3768 ΑιΙι.
1049 3711 1382 3782 Memineris,
1428 3731 1636 3785 quazso,
1671 3716 1866 3779 amice,
1899 3730 2090 3770 eorum

513 3819 633 3874 qua:
654 3803 800 3859 dicta
835 3813 986 3869 sunt,
1020 3820 1122 3860 nec
1154 3806 1288 3860 velis
1319 3821 1527 3862 errare.
1560 3805 1673 3877 Ego
1704 3809 1850 3861 enim
1877 3805 2090 3861 Numen

514 3913 765 3963 veneror,
803 3897 951 3967 quod
996 3899 1067 3953 sit
1120 3899 1373 3968 simplex,
1420 3915 1520 3953 nec
1569 3900 1959 3970 compositum,
1996 3906 2090 3953 aut

513 3991 1012 4059 circumscriptum,
1051 3989 1214 4059 idque
1243 4005 1310 4044 ex
1331 3991 1506 4044 sacris
1532 4000 1585 4044 et
1610 3990 1814 4046 divinis
1844 3991 2092 4061 Scriptu-

513 4082 592 4137 ris
617 4081 806 4144 didici,
832 4097 930 4135 nec
962 4096 1070 4134 non
1102 4081 1279 4135 abhis
1308 4081 1401 4150 qni
1437 4083 1696 4136 continua
1737 4084 2090 4138 successione

512 4173 752 4244 episcopi
782 4172 1024 4227 fuerunt.
1075 4171 1290 4226 Nullam
1325 4173 1493 4243 igitur
1543 4175 1706 4228 aliam
1759 4175 1828 4228 ob
1865 4189 2085 4228 causam

514 4264 801 4334 Scriptura
856 4263 1080 4328 Filium,
1145 4263 1437 4318 brachium
1478 4273 1532 4319 et
1578 4265 1857 4320 dexteram
1905 4272 2085 4327 vocat,

510 4372 676 4426 quam
709 4363 768 4409 ut
801 4355 889 4425 pie
942 4355 1309 4426 intelligamus
1371 4355 1568 4412 Filium
1602 4373 1722 4413 esse
1775 4357 1920 4410 Patri
1956 4374 2090 4412 con-

513 4446 932 4500 substantialem
964 4460 975 4495 :
1005 4446 1129 4515 quia
1183 4445 1439 4499 nimirum
1501 4447 1559 4500 in
1615 4446 1831 4500 homine
1872 4447 2085 4517 concipi

2197 1993 2290 2027 του
2319 1973 2613 2044 κεφαλαίου
2635 1973 2906 2045 σαφηνείᾳ
2939 1975 2994 2025 ὲν
3025 1973 3178 2041 τάχει
3203 1971 3379 2042 πέρας
3404 1969 3669 2023 ἐπιθεῖναι
3696 1968 3780 2022 θέ-

2197 2065 2390 2134 λησον,
2434 2065 2579 2127 ὅπως
2628 2063 2773 2133 κάμὲ
2819 2063 3052 2135 ποιήσῃς
3095 2060 3362 2125 τοιοῦτον,
3416 2054 3528 2123 οἷος
3569 2060 3664 2112 καὶ
3711 2060 3776 2112 σὺ

2195 2157 2500 2227 τυγχάνεις.
2527 2159 2646 2211 Ἀθ.
2678 2151 2861 2208 εἶπεν·
2900 2155 3025 2208 Ἐὰν
3055 2153 3128 2225 μὴ
3159 2154 3420 2224 πρότερον
3450 2155 3618 2223 ὅνπερ
3679 2153 3777 2204 ἐπ-

2200 2249 2391 2320 ερωτῶ
2444 2248 2656 2318 ἀποδῷς
2699 2265 2786 2318 μοι
2829 2247 3017 2314 λόγον,
3056 2248 3114 2298 οὐ
3146 2247 3219 2316 μὴ
3249 2245 3417 2318 λάϐῃς
3460 2244 3521 2296 τὸ
3546 2246 3773 2314 αἴτημα.

2201 2342 2328 2407 Ἀρ.
2359 2336 2510 2392 εἶπεν
2537 2357 2550 2369 ·
2593 2339 2660 2393 ’Ὀ
2693 2339 2869 2401 θέλεις
2903 2337 3050 2406 λέγε,
3085 2338 3188 2395 καὶ,
3210 2337 3263 2389 εἴ
3286 2337 3394 2406 (68)
3427 2353 3480 2388 τι
3517 2337 3772 2406 ἐγχωρεῖ,

2197 2433 2337 2486 κατὰ
2378 2432 2438 2485 τὺ
2472 2432 2694 2485 δυνατὸν
2723 2431 3109 2502 ἀποκρίνομαι.
3143 2429 3266 2484 Ἀθ.
3298 2425 3418 2482 εἷπε
3440 2445 3453 2458 '
3490 2427 3651 2493 Δεξιά
3681 2429 3775 2480 καὶ

2198 2523 2434 2594 βραχίων
2478 2525 2605 2596 περὶ
2647 2521 2781 2576 Θεοῦ
2829 2522 3138 2593 γέγραπται
3191 2521 3334 2583 τίνος
3390 2520 3606 2585 ’ἐνεκεν;
3641 2521 3770 2588 Ἀρ.

2195 2609 2316 2667 εἷπε
2339 2631 2351 2644 ·
2385 2615 2464 2668 Τὰ
2491 2613 2716 2668 τοιαῦτα
2750 2615 2886 2686 πρὸς
2917 2614 3019 2675 τάς
3045 2611 3302 2675 ἐπιϐολὰς
3323 2613 3416 2664 καὶ
3438 2612 3536 2674 τὰς
3557 2612 3790 2665 ἀκολου--

2195 2705 2314 2770 θίας
2345 2707 2592 2778 νοοῦμεν.
2641 2708 2765 2762 Ἐὰν
2815 2707 2949 2779 λέγῃ
2980 2705 3123 2759 κατά
3150 2705 3229 2768 τὸ,
3284 2725 3302 2756 ‹
3342 2705 3407 2757 Al
3459 2705 3639 2776 χεῖρές
3680 2723 3788 2758 σου.

2195 2798 2456 2868 ἐποίησάν
2491 2816 2554 2868 με
2577 2838 2590 2852 .
2629 2799 2721 2851 καὶ
2753 2797 2994 2851 ἐπλασάν
3033 2813 3131 2866 με,
3171 2815 3188 2847 ι
3217 2794 3558 2865 γινώσκομεν
3591 2795 3653 2847 τὸ
3676 2795 3776 2864 δη·-

2199 2889 2513 2960 μιουργικὸν
2555 2889 2648 2942 τοῦ
2691 2887 2825 2941 Θεοῦ
2869 2885 3121 2940 ἐνταῦθα.
3175 2887 3357 2941 ὐτ-τότ’
3403 2885 3468 2938 ἂν
3517 2885 3574 2938 δὲ
3618 2885 3786 2956 λέγῃ,

2199 3000 2218 3032 ι
2271 2981 2326 3033 ὐ
2360 2981 2596 3052 βραχίων
2623 2980 2826 3051 Κυρίου
2859 2980 2964 3033 τίνι
3015 2977 3381 3048 ἀπεκαλύφθη
3409 2994 3424 3042 ;
3461 2997 3480 3029 ι
3519 2977 3782 3048 φανερὸν,

2193 3074 2274 3128 ὅτι
2314 3075 2442 3147 περί
2474 3073 2603 3126 Υἰοῦ
2639 3074 2858 3144 φάσκει.
2888 3075 3034 3148 Πρὸς
3060 3074 3118 3126 δὲ
3145 3071 3355 3136 τούτοις
3385 3073 3478 3125 καὶ
3509 3071 3590 3135 τὸ,
3625 3090 3645 3123 ι
3669 3074 3772 3124 Δε-

2195 3168 2283 3235 Eii
2311 3168 2516 3238 Κυρίου
2552 3167 2772 3238 ἐποίησε
2809 3167 3071 3239 δύναμιν,
3112 3187 3131 3220 ι
3169 3165 3614 3239 ὁμολογουμένως
3648 3165 3778 3236 περὶ

2197 3259 2327 3312 Υἱοῦ
2355 3258 2625 3329 σημαίνει,
2667 3258 2732 3310 δι’
2767 3251 2827 3311 οὗ
2861 3257 2930 3310 τὰ
2978 3257 3155 3311 πάντα
3182 3258 3420 3327 γέγονεν.
3463 3257 3580 3310 Ἀθ.
3613 3252 3734 3310 εἷπε
3757 3269 3771 3286 ⁵

2196 3351 2464 3422 Βραχίων,
2489 3345 2549 3404 οὗ
2583 3353 2698 3403 ἐστι
2738 3349 2997 3420 βραχίων,
3023 3349 3305 3422 ὁμοούσιος
3337 3348 3591 3419 τυγχάνει
3617 3388 3634 3411 ,
3687 3348 3775 3402 ναὶ

2194 3443 2227 3514 ἢ
2270 3443 2366 3508 οΰ;
2401 3445 2529 3512 Ἀρ.
2585 3438 2765 3495 εἷπεν·
2814 3441 3000 3507 Οὕτως
3052 3444 3184 3514 ἔχει.
3224 3446 3345 3498 Ἀθ.
3395 3438 3548 3495 εἶπε’
3585 3442 3696 3494 Καὶ
3738 3443 3772 3513 ἡ

2193 3535 2363 3601 δεξιὰ,
2392 3529 2454 3590 οῦ
2487 3539 2604 3590 ἐστι
2631 3535 2799 3601 δεξιὰ,
2824 3536 3110 3607 ὁμοούσιός
3137 3537 3275 3602 ἐστι,
3316 3535 3403 3589 ναὶ
3440 3535 3473 3606 ἢ
3506 3533 3604 3600 οὓς
3643 3536 3782 3603 Ἀρ..

2194 3625 2373 3683 εἶπεν·
2411 3629 2596 3693 Οὕτως
2621 3629 2750 3700 ἔχει.
2781 3632 2852 3685 Σὺ
2887 3631 2943 3683 δὲ
2991 3632 3044 3684 τί
3075 3631 3179 3701 φῄς
3216 3647 3282 3700 με
3327 3627 3496 3681 ἀΐδιον
3531 3626 3781 3680 συντίθε-

2196 3721 2317 3774 σθαι
2347 3721 2406 3774 τὺ
2435 3720 2617 3784 Θεῖον;
2655 3719 2768 3774 Ούκ
2805 3721 3139 3799 ὲπηκροάσω
3169 3720 3296 3773 ποτὲ
3331 3717 3648 3788 Κλήμεντος
3679 3717 3774 3770 τοῦ

2195 3811 2770 3883 παρακολουθήσαντος
2797 3813 2987 3883 Πέτρῳ
3013 3811 3090 3882 τῷ
3114 3811 3418 3882 ἁποστόλῳ,
3441 3811 3499 3874 ὃς
3521 3811 3777 3882 καθαιρεῖ

2191 3905 2289 3975 τὴν
2318 3903 2573 3972 τοιαύτην
2598 3903 2752 3968 δόξαν
2781 3922 2795 3969 ;
2845 3905 2963 3959 Ἀθ.
2993 3898 3114 3956 εἷπε
3135 3919 3148 3933 ο
3193 3903 3454 3972 Μέμνησο
3485 3901 3592 3954 τῶν
3618 3905 3767 3972 εἰρη-

2196 3996 2392 4064 μένων,
2411 3987 2455 4046 ὦ
2478 3993 2752 4065 ἄνθρωπε,
2786 3995 2878 4048 καὶ
2907 3994 2981 4064 μὴ
3013 3989 3218 4046 πλανῶ.
3251 3989 3388 4058 Ἐγὼ
3412 3990 3520 4060 γὰρ
3545 3989 3770 4054 ἁπλοῦν,

2192 4084 2482 4140 ἀσύνθετον
2507 4124 2520 4148 ,
2553 4086 2933 4158 ἀπερίγραφον
2971 4083 3082 4155 (69)
3121 4083 3181 4135 τὸ
3209 4081 3362 4135 Θεῖον
3389 4081 3636 4152 σέϐομαι,
3673 4099 3771 4152 με-

2195 4176 2453 4250 μαθηκὼς
2481 4178 2543 4230 ὲκ
2571 4178 2680 4230 τῶν
2728 4178 2886 4250 ἱερῶν
2930 4176 3024 4229 καὶ
3054 4174 3213 4227 θείων
3256 4175 3295 4225 Γ
3301 4173 3510 4246 ραφῶν,
3538 4174 3633 4226 καὶ
3663 4173 3772 4226 τῶν

2192 4269 2425 4340 καθεξῆς
2464 4269 2859 4340 διαδεξαμένων
2894 4269 2993 4338 τὴν
3036 4268 3358 4337 ἐπισκοπὴν.
3411 4264 3636 4328 Οὐδενὸς
3679 4262 3771 4318 οὖν

2192 4358 2380 4429 ἐτέρου
2406 4358 2591 4410 ἕνεκεν
2619 4360 2651 4427 ἠ
2674 4356 2863 4429 Γραφὴ
2893 4356 3150 4427 βραχίονα
3177 4356 3271 4409 καὶ
3299 4354 3476 4418 δεξιὰν
3502 4354 3660 4408 καλεῖ
3681 4356 3770 4408 τὸν

2192 4451 2339 4513 Υἱὸν,
2370 4451 2402 4521 ἢ
2437 4451 2524 4504 ἵνα
2553 4449 2790 4514 εὐσεϐῶς
2823 4450 3031 4520 νοῶμεν
3063 4448 3344 4520 ὁμοούσιον
3373 4447 3501 4502 ὄντα
3526 4448 3618 4501 τὸν
3645 4449 3771 4501 Υἱὸν

512 4557 622 4594 ιιυη
683 4546 885 4610 potest,
949 4537 1182 4592 diversa:
1222 4553 1344 4592 csse
1409 4539 1730 4592 substantia:
1775 4539 2084 4604 brachium,

2195 4543 2270 4612 τῷ
2304 4543 2510 4613 Πατρὶ,
2545 4542 2631 4596 διὰ
2661 4541 2722 4595 τὸ
2760 4541 3139 4612 άνεγχὼρητον
3171 4543 3258 4593 ἐπ’
3291 4539 3578 4610 ἀνθρώπου
3609 4541 3770 4593 ἐκλα-

508 4632 788 4687 dexteram
819 4640 874 4686 et
904 4630 1156 4702 digitum,
1220 4642 1383 4701 prout
1433 4633 1648 4702 singula
1683 4633 1900 4687 illorum
1933 4634 2088 4689 diﬂ'e-

506 4733 658 4780 runt.
692 4727 787 4779 Ar.
823 4724 1121 4779 Consentio
1168 4723 1362 4778 Filium
1394 4723 1541 4778 Patri
1564 4740 1686 4780 esse
1721 4727 2087 4782 oonsulistan-

507 4820 730 4875 tialem:
772 4818 885 4888 jam
906 4819 1037 4889 quid
1098 4819 1226 4873 vitis
1273 4817 1566 4887 signiticet,
1611 4818 1740 4870 mihi
1778 4819 1938 4872 velim
1998 4838 2086 4874 ex-

507 4929 703 4984 ponas.

575 5095 665 5149 52.
699 5094 824 5148 ΑιΙι.
875 5094 992 5148 Duo
1044 5096 1170 5148 vitis
1218 5076 1436 5163 genera
1471 5094 1609 5148 solet
1652 5109 2082 5149 commemorare

505 5187 689 5240 divina
723 5187 1242 5256 Scriptura.bonam
1268 5184 1484 5255 quidem
1506 5201 1688 5250 unam,
1714 5185 2075 5250 fructiferan'i,

505 5277 920 5344 exhilarantem,
986 5285 1040 5332 et
1100 5276 1465 5331 lmtiﬂcantem
1515 5293 1614 5331 cor
1653 5277 1914 5343 hominis,
1952 5294 2075 5347 qua:

573 5431 616 5463 "
655 5442 812 5486 Joan.
850 5449 942 5499 xv,
981 5431 1030 5485 1.

575 5606 1002 5684 (67)_l{egius_et
1030 5607 1368 5684 Basilﬁ‘dgtd'l
1389 5605 1480 5684 οὖν
1506 5611 1598 5684 κοιλἶ
1617 5613 1704 5680 τῇ.
1724 5610 2077 5684 Anglicanus,

501 5677 637 5747 ἀξίῶ
662 5677 756 5734 οὖν
784 5677 1060 5746 ξυντόμως
1106 5677 1274 5732 Paulo
1302 5686 1419 5748 post
1449 5677 1800 5749 Anglicanus,
1827 5677 2079 5731 κέλευσον

505 5770 604 5823 pro
637 5757 882 5810 υέὶηστν.

576 5825 630 5878 ιϐ
675 5834 686 5877 l
721 5823 932 5886 Anglic.
971 5821 1061 5871 καὶ
1087 5817 1186 5870 ἔτι.

1109 5431 1154 5461 ⁶⁰
1194 5431 1340 5486 Psa‘l.
1372 5447 1538 5487 cxvlu
1563 5471 1576 5496 ,
1610 5430 1696 5484 73.
1774 5432 1816 5463 ⁶¹
1860 5432 1965 5486 lsa.
2003 5445 2134 5498 Lm,
2170 5430 2220 5482 l.

2195 4635 2310 4688 δεῖν
2338 4652 2460 4687 τινα
2505 4634 2811 4707 ὲτερούσιον
2851 4634 2939 4686 τὸν
2972 4633 3250 4704 βραχίονα,
3285 4633 3317 4702 ἢ
3347 4633 3445 4702 τὴν
3470 4630 3650 4695 δεξιὰν
3678 4633 3770 4685 καὶ

2192 4728 2282 4781 τὸν
2321 4727 2610 4791 δάκτυλον,
2639 4727 2715 4790 ὡς
2758 4727 2984 4780 ἕκαστον
3028 4725 3206 4779 αὐτῶν
3233 4725 3343 4794 (70)
3374 4723 3650 4795 διαφέρειν
3676 4723 3769 4776 πέ-

2193 4838 2381 4889 φυκεν.
2413 4821 2538 4887 Ἀρ.
2571 4816 2691 4872 εἷπε
2715 4836 2728 4849 ⁸
2755 4819 3015 4888 Σύμφημι
3038 4816 3320 4887 ὁμοούσιον
3353 4811 3491 4869 εἶναι
3523 4815 3616 4868 τὸν
3643 4815 3768 4868 Υἱὸν

2191 4913 2266 4982 τῷ
2297 4913 2497 4984 Πατρί·
2531 4911 2726 4974 ἀπόδος
2757 4929 2846 4981 μοι
2900 4909 3082 4962 λοιπὸν
3126 4909 3282 4976 λόγον
3345 4910 3472 4979 περὶ
3515 4910 3614 4980 τῆς
3658 4911 3767 4980 άμ-

2187 5003 2349 5056 πέλου

2256 5096 2344 5147 52.
2395 5095 2511 5147 Ἀθ.
2553 5087 2672 5144 εἶπε
2700 5109 2713 5122 ·
2771 5092 2874 5144 Δύο
2907 5091 3107 5159 γενεῶν
3149 5089 3395 5160 ἀμπέλου
3429 5089 3587 5142 εἴωθε
3635 5108 3768 5161 μνη-

2190 5184 2433 5255 μονεύειν
2467 5186 2499 5253 ἡ
2545 5183 2665 5236 θεία
2698 5183 2917 5254 Γραφὴ,
2964 5183 3092 5252 μίαν
3136 5183 3230 5252 μὲν
3265 5183 3508 5252 χρηστὴν
3539 5183 3635 5234 καὶ
3679 5183 3764 5235 εύ·

2185 5275 2484 5345 φραντικήν
2524 5292 2584 5327 τε
2630 5275 2724 5327 καὶ
2757 5272 3155 5345 χαροποιοῦσαν
3188 5272 3416 5342 καρδίαν
3449 5270 3763 5344 ἀνθρώπου,

2297 5430 2342 5461 ⁸⁸
2381 5429 2524 5485 Psal.
2561 5445 2740 5490 CXVII.
2777 5429 2864 5484 16.

2260 5610 2370 5679 (69)
2405 5610 2478 5664 Ita
2515 5627 2704 5665 omnes
2746 5627 2877 5666 mss.
2913 5620 3104 5679 praater
3126 5607 3262 5676 Aug.
3294 5624 3458 5676 quem
3515 5605 3764 5677 sequitur

2189 5681 2316 5735 cdit.
2348 5681 2520 5735 Paris.
2554 5682 2822 5749 habelquc
2848 5678 3280 5750 ἀπερίγραπτον.

2260 5753 2368 5824 (70)
2400 5753 2538 5822 Aug.
2572 5753 2750 5805 αὐτόν.
