4066 6388
305 260 404 320 484

1461 260 1872 318 DISPUTATIO
1910 258 2191 319 CONTRA
2228 263 2472 321 ARIUM.

3466 269 3573 324 ιεε

306 391 397 440 τον
432 383 651 454 Κυριον
707 382 899 455 ιησοῦν
936 381 1198 452 Χριστόνν
1230 378 1465 454 θατέραν
1500 384 1557 437 δὲ
1587 384 1681 436 τὸν
1716 382 1881 436 διάϐο-

1999 391 2083 438 est
2126 383 2386 440 Dominus
2450 380 2612 441 Jesus
2661 381 2939 440 Christus.
2967 385 3086 439 Alia
3153 392 3239 441 est
3285 386 3566 451 diabolus.

306 475 412 536 λον,
445 473 659 527 λύσσαν
698 475 795 527 καὶ
835 474 912 526 ἰὸν
943 473 1341 536 ἀποστάζοντα,
1376 473 1519 527 κατά
1543 474 1604 527 τὸ
1647 490 1896 543 γεγραμ-

304 564 466 637 μένον
492 580 508 594 ·
547 582 569 615 ι
617 564 683 617 Ἦ
710 565 822 636 γὰρ
847 564 1094 635 ἄμπελος
1116 564 1293 619 αὐτῶν
1331 566 1396 619 ἐκ
1422 566 1701 635 Σοδόμων,
1736 566 1830 618 καὶ
1856 567 1890 636 ἡ

307 656 581 726 κληματὶς
627 656 814 709 αὐτῶν
854 657 919 708 ἐκ
973 652 1289 727 Γομόρρας·
1336 657 1370 726 ή
1413 656 1656 725 σταφυλὴ
1714 656 1893 708 αὐτῶν

310 747 553 820 σταφυλὴ
575 747 763 818 χολῆς,
793 748 988 819 βότρυς
1011 747 1320 826 πικρίαςοό
1349 746 1490 815 οἶνος
1512 748 1690 803 αὐτῶν
1722 749 1893 820 θυμὸς

306 841 546 894 ἀσπίδων
568 839 811 904 ἀνίατος.
836 859 853 891 ο
875 841 986 893 Καὶ
1016 843 1046 893 ό
1072 840 1200 905 λαὸς
1226 841 1284 895 δὲ
1309 841 1551 912 ἄμπελος
1573 840 1888 912 ὠνομάσθη,

300 933 398 988 καὶ
426 932 629 986 δίκαιοι
665 932 934 1002 πολλαχοῦ
970 934 1278 1005 ἐκλήθησαν
1321 933 1641 1004 ἀμπελῶνες
1660 973 1674 997 ,
1706 932 1891 997 ἁπλῶς

311 1024 487 1095 μέντοι
517 1024 612 1077 καὶ
646 1023 1099 1095 ἀπολελυμένως,
1129 1028 1297 1097 χωρὶς
1333 1024 1461 1090 τοῦ,
1490 1044 1508 1076 ι
1535 1024 1675 1094 Ἐγώ
1713 1027 1828 1095 είμι
1854 1027 1888 1097 ἡ

309 1113 548 1185 ἄμπελος
581 1114 614 1182 ή
652 1111 907 1183 ἀληθινή.
949 1133 968 1165 ι
1004 1114 1122 1168 Ἵνα
1162 1114 1235 1185 μὴ
1274 1110 1365 1168 οὖν
1400 1116 1494 1168 καὶ
1534 1115 1563 1166 ό
1602 1115 1793 1186 Σωτὴρ
1825 1116 1890 1167 ἐκ

305 1209 399 1274 τῆς
427 1205 756 1276 ἐπωνυμίας
790 1206 1151 1277 προσλογισθῇ
1176 1210 1295 1270 ταῖς
1324 1207 1749 1278 προειρημέναις
1781 1207 1890 1276 ἀμ-

306 1298 503 1362 πέλοις,
544 1300 610 1352 οὐ
658 1299 806 1369 λέγω
835 1299 913 1370 τῷ
943 1298 1172 1369 διαϐόλῳ
1195 1340 1208 1360 ,
1237 1298 1352 1353 ἀλλ’
1397 1293 1509 1351 οἷον
1559 1301 1627 1369 τῇ
1662 1314 1886 1369 μετενε-

306 1391 484 1462 χθείσῃ
523 1391 636 1464 (71)
667 1392 728 1459 ἐξ
757 1392 1031 1461 Αίγύπτου
1061 1393 1156 1444 καὶ
1182 1390 1530 1464 φυτευθείσῃ,
1566 1392 1654 1445 ἵνα
1682 1391 1887 1463 ποιήσῃ

296 1484 507 1553 καρπὸν
557 1483 875 1553 σταφυλῆς,
911 1482 1135 1555 ἐποίησε
1172 1483 1229 1537 δὲ
1278 1482 1551 1547 ἀκάνθας,
1578 1477 1699 1535 εἶπε
1749 1482 1888 1553 μετά

307 1574 617 1648 προσθήκης
639 1592 653 1606 ο
692 1595 712 1627 ι
759 1576 899 1644 Ἐγώ
925 1578 1097 1647 είμιή
1128 1575 1430 1646 ἄμπελοςή
1462 1573 1710 1646 ἀληθινὴ,
1758 1593 1777 1626 ι
1819 1568 1887 1647 ἦς

292 1672 329 1720 1b
348 1668 558 1739 καρπὸς
581 1668 723 1736 ζωὴ,
752 1667 916 1739 χαρά,
944 1669 1155 1739 εἰρήνη,
1175 1667 1364 1737 ἀγάπη
1392 1667 1530 1737 (72),
1546 1666 1883 1738 δικαιοσύνη,

305 1757 476 1820 πίστις
534 1756 1007 1829 εἰλικρινεστάτη,
1049 1757 1281 1826 γνῶσις,
1329 1758 1613 1821 εὐσέϐεια,
1658 1757 1882 1827 ἁγνεία,

303 1849 582 1919 σεμνότης,
612 1848 1019 1921 φιλανθρωπία,
1059 1850 1321 1922 πραότης,
1354 1850 1672 1922 ἐγκράτεια,
1698 1850 1793 1903 καὶ
1815 1848 1884 1902 τὰ

300 1940 656 2011 παραπλήσια
696 1940 928 2005 τούτοις.
972 1941 1187 2014 Ἐπειδὴ
1226 1941 1319 1994 καὶ
1360 1941 1742 2013 τά’κλήματα,
1782 1943 1884 2012 τῆς

297 2031 459 2102 αὐτῆς
493 2032 781 2101 εὐγενείας
819 2033 918 2104 τῆς
948 2033 1209 2105 ἀληθινῆς
1247 2032 1491 2104 ἀμπέλου
1521 2033 1879 2102 τυγχάνοντα,

296 2123 372 2178 δεῖ
405 2126 596 2197 ὅμοιον
644 2126 862 2199 καρπὸν
897 2125 1329 2197 προϐάλλεσθαι,
1356 2122 1426 2198 ἦς
1463 2127 1600 2179 εἰσιν
1632 2125 1879 2197 ἀμπέλου

289 2214 565 2286 κλήματα.
601 2217 749 2280 Τοὺς
779 2217 1107 2282 ἀποστόλους
1140 2213 1234 2271 οὖν
1267 2216 1394 2289 ἔφη,
1425 2217 1542 2289 ἀμα
1569 2233 1880 2289 παρασκευ-

296 2306 430 2372 άζων
477 2310 685 2373 αὐτοὺς
721 2310 984 2382 ἐμμένειν
1031 2310 1089 2363 ἐν
1130 2310 1241 2382 (75)
1286 2312 1353 2382 τῇ
1392 2309 1617 2377 πίστει,
1661 2311 1756 2365 καὶ
1804 2309 1879 2382 μὴ

296 2400 808 2473 ἀποσκιρτήσαντας
855 2404 919 2455 ἐκ
960 2402 1060 2472 τῆς
1108 2400 1390 2473 ἀληθείας,
1425 2400 1616 2473 ὥσπερ
1654 2401 1877 2465 Ἰούδας,

296 2494 581 2566 ἀκάρπους
599 2495 922 2565 ἀπομεῐναι.
948 2494 1155 2559 Οἴτινες
1171 2493 1277 2567 γάρ
1307 2493 1745 2567 ἐξολισθήσουσιν
1763 2495 1877 2565 (74)

294 2587 352 2638 ἐκ
376 2585 475 2657 τῆς
514 2584 613 2637 τοῦ
654 2584 860 2656 Κυρίου
894 2585 1113 2655 ἀγάπης
1144 2585 1239 2639 καὶ
1273 2584 1531 2649 πίστεως,
1564 2584 1722 2656 δίκην
1748 2584 1880 2657 κλη-

287 2678 477 2748 μάτων
505 2676 964 2748 ἀποτεμνόμενοι,
996 2677 1275 2747 ρίπτονται
1302 2675 1408 2742 ἔξω
1423 2676 1530 2730 τῶν
1556 2675 1734 2730 θείων.
1763 2677 1879 2749 Νη-

296 2770 515 2837 φαλίους
543 2765 641 2823 οὖν
672 2769 768 2822 καὶ
795 2768 1107 2839 προθύμους
1148 2768 1444 2841 προτρέπει
1485 2769 1725 2837 γίνεσθαι
1750 2770 1876 2834 τοὺς

289 2861 546 2932 μαθητὰς
578 2860 670 2914 διὰ
707 2858 804 2913 τοῦ
856 2860 1027 2931 φῆσαι
1049 2878 1063 2892 ·
1097 2880 1116 2913 ι
1138 2860 1197 2914 ὐ
1249 2862 1439 2933 Πατήρ
1488 2855 1589 2932 μου
1633 2862 1877 2933 γεωργός

293 2954 472 3019 ἐστιν,
520 2972 539 3006 ι
584 2954 793 3007 ὡσανεὶ
844 2952 1062 3023 ἔλεγεν
1118 2954 1330 3009 Είδέναι
1377 2955 1522 3025 ὑμᾶς
1578 2951 1872 3023 βούλομαι,

1996 475 2202 528 rabiem
2259 482 2315 528 et
2362 491 2631 530 venenum
2680 475 2992 535 distillans.
3028 477 3103 529 uti
3140 477 3404 548 scriptum
3446 491 3563 534 est:

2001 584 2020 615 ι
2057 565 2191 618 Nam
2222 565 2289 620 de
2312 566 2469 620 vinea
2505 564 2891 626 Sodomorum.
2922 568 3079 623 vinea
3104 584 3292 623 eorum
3323 588 3335 623 :
3370 577 3424 624 et
3446 585 3567 624 sar-

1994 665 2234 711 mentum
2294 674 2482 713 eorum
2532 675 2596 714 ex
2644 657 2970 714 Gomorrha.
3008 657 3123 714 Uva
3183 676 3397 725 eorum,
3459 676 3566 716 uva

1994 747 2156 813 fellis,
2204 747 2396 804 botrus
2447 749 2833 805 amaritudinis
2865 766 2877 800 :
2908 751 3095 804 vinum
3158 736 3374 816 eorum,
3408 750 3566 807 furor

1993 840 2241 909 aspidum
2277 840 2599 896 insanabilis
2631 842 2696 895 °'.
2732 862 2751 894 ι
2791 841 3033 912 Populus
3057 844 3183 897 item
3210 845 3338 898 vitis
3375 845 3565 915 appel-

1993 934 2253 996 latnsest,
2291 948 2542 1003 saepeque
2580 934 2718 1002 justi
2771 935 2909 989 vites
2936 944 3066 990 sunt
3090 935 3260 1000 dicti,
3296 937 3565 1006 simplici-

1991 1033 2075 1081 ter
2104 1037 2287 1083 tamen
2337 1034 2391 1081 et
2420 1027 2691 1091 absolute,
2737 1042 2838 1082 nec
2877 1026 2963 1085 de.
2998 1029 3109 1084 illis
3129 1029 3352 1092 dicitur,
3391 1047 3411 1080 ι
3449 1029 3564 1100 Ego

1991 1133 2112 1172 sum
2143 1118 2271 1173 vitis
2317 1133 2444 1173 vera
2465 1117 2572 1169 “.r
2609 1117 2879 1183 Quocirca
2935 1134 3005 1173 ne
3053 1117 3302 1174 Salvator
3336 1119 3407 1174 ob
3463 1120 3565 1175 hu-

1984 1210 2226 1279 jusmodi
2261 1224 2568 1280 cognomen
2590 1210 2712 1264 aliis
2744 1225 2910 1279 supra
2932 1208 3095 1265 dictis
3128 1211 3333 1268 vitibus
3383 1227 3563 1267 annu-

1989 1311 2234 1356 meretur
2269 1300 2401 1371 (non
2437 1301 2659 1356 diabolo
2676 1301 2909 1372 tamen).
2933 1302 3085 1357 verbi
3130 1304 3326 1372 gratia,
3363 1305 3458 1359 viti
3491 1321 3561 1360 ex

1986 1390 2223 1462 (Ἑωριο
2273 1393 2555 1447 translata:
2587 1400 2639 1446 ct
2697 1393 2974 1462 plantatae,
3026 1399 3086 1446 ut
3145 1394 3384 1449 fructum
3444 1411 3563 1450 uva:

1987 1482 2334 1552 produceret,
2390 1484 2487 1538 sed
2531 1484 2720 1552 spinas
2765 1484 3059 1554 produxit;
3093 1485 3168 1539 ait
3200 1502 3323 1542 cum
3352 1486 3561 1540 addita-

1988 1583 2194 1639 mento,
2216 1594 2245 1627 ,ι
2279 1571 2391 1645 Ego
2433 1591 2555 1630 sum
2588 1574 2716 1629 vitis
2752 1590 2903 1642 vera,
2940 1594 2959 1627 ι
2995 1576 3154 1645 cujus
3209 1576 3421 1631 fructus
3474 1586 3561 1633 est

1988 1664 2122 1729 vita,
2161 1665 2442 1736 gaudium,
2468 1680 2594 1735 pax,
2619 1665 2895 1727 charitas,
2928 1664 3165 1735 justitia,
3212 1664 3347 1721 tides
3379 1668 3562 1736 puris-

1989 1756 2148 1819 sima,
2186 1755 2449 1826 cognitio,
2474 1756 2671 1825 pietas,
2723 1756 2974 1817 castitas.
3009 1756 3272 1825 gravitas.
3305 1755 3562 1812 humani-

1992 1855 2098 1912 tas,
2124 1847 2508 1911 mansuetudo,
2537 1846 2919 1918 temperantia,
2940 1856 2994 1902 et
3020 1848 3242 1904 similia.
3275 1847 3410 1904 Nam
3434 1867 3559 1906 cum

1989 1939 2241 2009 palmites
2267 1940 2456 1994 eadem
2489 1938 2761 2009 gaudeant
2789 1940 3223 2009 nobilitate,qua
3259 1957 3386 1997 vera
3409 1943 3557 2004 vitis.

1988 2045 2090 2102 par
2104 2039 2189 2086 est
2232 2046 2327 2087 eos
2356 2031 2590 2087 similem
2638 2032 2733 2086 viti
2766 2031 3002 2086 fructum
3036 2033 3359 2102 producere,
3396 2034 3560 2104 cujus

1988 2131 2118 2177 sunt
2137 2122 2408 2193 palmites.
2441 2120 2735 2192 Apostolus
2751 2122 2920 2193 igitur
2954 2122 3238 2188 indicavit,
3265 2125 3430 2180 simul
3461 2141 3560 2181 eos

1985 2215 2319 2270 conﬁrmans
2348 2221 2403 2269 et
2435 2213 2733 2268 exhortans
2777 2219 2835 2267 ut
2866 2213 2921 2267 in
2979 2212 3081 2269 fide
3129 2221 3447 2272 constantes
3468 2232 3559 2275 es-

1989 2317 2133 2370 sent,
2184 2321 2296 2360 non
2350 2312 2531 2360 autem
2586 2305 2801 2360 steriles
2847 2314 3175 2372 manerent,
3217 2321 3248 2361 a
3300 2311 3555 2375 veritate,

1983 2395 2140 2451 Iuda:
2188 2397 2459 2466 exemplo,
2495 2396 2814 2452 resiliendo.
2870 2394 3005 2450 Nam
3051 2396 3144 2468 qui
3208 2414 3276 2454 ex
3336 2398 3555 2456 Domini

1985 2488 2255 2545 charitate
2285 2497 2338 2543 et
2370 2489 2473 2544 fide
2507 2488 2798 2556 decidunt,
2839 2488 3013 2543 instar
3070 2490 3354 2561 palmitum
3396 2493 3559 2566 174

1984 2581 2273 2653 amputati,
2318 2589 2473 2637 extra
2522 2580 2708 2636 divina
2757 2582 3143 2651 projiciuntur.
3209 2583 3307 2641 His
3371 2586 3557 2657 itaque

1982 2676 2185 2738 verbis,
2226 2694 2245 2726 ι
2277 2673 2438 2731 Pater
2467 2690 2622 2731 meus
2667 2674 2906 2745 agricola
2937 2683 3043 2741 est,
3079 2696 3098 2728 ι
3127 2694 3258 2734 suos
3288 2679 3555 2734 adhorta-

1983 2771 2074 2819 tur
2118 2764 2418 2835 discipulos
2470 2774 2531 2821 ut
2574 2765 2800 2837 vigilent
2843 2774 2898 2823 et
2932 2766 3224 2839 diligentes
3247 2770 3382 2836 sint,
3410 2779 3470 2826 ut
3504 2774 3552 2826 si

1983 2854 2189 2911 diceret
2219 2876 2232 2910 :
2267 2855 2420 2913 Scire
2447 2873 2547 2913 vos
2572 2859 2695 2914 volo
2727 2859 2873 2928 quod
2914 2858 2960 2913 si
3012 2874 3176 2929 quem
3208 2856 3370 2917 Pater
3397 2877 3555 2917 meus

1981 2947 2221 3012 excolat,
2256 2947 2347 3003 ille
2408 2947 2647 3004 fructum
2694 2966 2877 3006 meum
2926 2951 3200 3020 producit.
3238 2950 3351 3007 Nec
3405 2955 3553 3008 enim

286 3047 387 3113 ὅτι,
418 3046 476 3100 εἴ
502 3065 625 3101 τινα
648 3046 677 3097 ό
716 3046 908 3118 Πατὴρ
935 3049 963 3100 ό
989 3045 1120 3117 ἐμὸς
1170 3047 1424 3118 γεωργεῖ,
1458 3048 1487 3099 ό
1519 3044 1758 3109 τοιοῦτος
1783 3044 1875 3097 τὸν

1984 3040 2118 3095 sinit
2179 3041 2417 3095 alienum
2479 3040 2718 3097 fructum
2760 3043 2814 3097 in
2842 3043 2988 3099 veris
3041 3045 3171 3099 vitis
3229 3045 3554 3116 palmitibus

291 3139 422 3210 ἐμὴν
450 3138 671 3211 καρπὸν
696 3138 991 3193 ἀποδίδωσι
1020 3138 1093 3209 μὴ
1123 3137 1320 3201 ἐῶντος
1343 3137 1454 3208 (75)
1483 3137 1695 3208 καρπὸν
1721 3136 1877 3190 ἀλλό-

291 3248 440 3305 τριου
467 3234 529 3286 ἐν
554 3233 668 3297 τοῖς
690 3230 965 3301 ἀληθινοῖς
989 3230 1231 3300 κλήμασι
1256 3229 1356 3301 τῆς
1381 3229 1628 3300 ἀμπέλου
1656 3228 1881 3299 βλαστῆ’

293 3340 406 3380 σοι.
451 3322 885 3397 Ἐμπεριπατῶν
918 3321 1024 3392 γὰρ
1055 3325 1112 3375 ἐν
1142 3320 1220 3391 τῷ
1260 3321 1562 3392 ἀμπελῶνι,
1602 3321 1879 3375 τουτέστιν

290 3418 346 3469 ὲν
367 3419 483 3481 τοῖς
516 3416 618 3486 τῆς
649 3415 828 3486 ψυχῆς
851 3415 1118 3484 ταμείοις,
1150 3413 1328 3467 πάντα
1354 3413 1422 3466 τά
1449 3412 1625 3485 σαθρά
1650 3415 1744 3467 καὶ
1776 3430 1879 3483 μαο

290 3509 453 3581 νιώδη
478 3510 781 3581 περιαιρεῖ,
800 3507 936 3577 πρὸς
956 3507 1016 3559 τὸ
1041 3507 1115 3577 μὴ
1147 3505 1519 3578 ὑλομανοῦσαν
1544 3505 1878 3576 διαφθείρειν

290 3602 457 3670 ὅνπερ
494 3597 608 3669 (76)
654 3599 684 3650 ό
729 3595 975 3667 γεωργὸς
1030 3595 1185 3649 ποθεῖ
1236 3595 1602 3668 προϐαλέσθαι
1641 3594 1872 3666 καρπόν.

303 3691 443 3746 Ἀλλ’
474 3689 662 3761 ἐπειδὴ
692 3690 722 3743 ό
752 3688 852 3759 τῆς
878 3687 1139 3760 αἰσθητῆς
1183 3687 1431 3757 ἀμπέλου
1473 3687 1630 3755 λόγος
1653 3686 1876 3740 δύναται

292 3779 668 3852 συμϐαλέσθαι
688 3781 824 3851 ἡμῖν
849 3780 929 3841 είς
956 3778 1016 3831 τὸ
1045 3777 1399 3850 ζητούμενον,
1427 3778 1658 3850 ἀρκτέον
1692 3776 1876 3829 ἐντεῦ-

289 3868 386 3923 θεν
411 3868 668 3923 ἐκθέσθαι
700 3868 799 3921 καὶ
827 3867 955 3938 περ).
975 3867 1165 3921 τούτου
1203 3868 1301 3938 τὴν
1335 3869 1631 3939 ἀφήγησιν.

364 3963 450 4017 55.
495 3960 827 4032 Ἐπειδήτιερ
857 3958 1279 4029 καταλειφθεῖσα
1321 3958 1428 4031 πρὸ
1474 3958 1567 4012 τοῦ
1609 3958 1878 4031 χειμῶνος

296 4057 332 4126 ἠ
360 4054 605 4126 ἄμπελος
645 4050 881 4122 εὐθαλὴς
911 4069 971 4105 τε
1006 4054 1102 4106 καὶ
1131 4052 1474 4122 εὐκλήματος
1510 4053 1707 4124 ἕστηκε
1742 4071 1877 4125 καρ-

290 4147 468 4217 τερῶς
491 4147 631 4218 πρὸς
654 4144 754 4208 τάς
777 4144 999 4213 ἐφόδους
1029 4143 1125 4198 τοῦ
1152 4144 1421 4215 χειμῶνος
1440 4162 1453 4175 ·
1482 4147 1512 4199 ό
1530 4145 1608 4207 δὲ,
1632 4148 1698 4217 τῇ
1730 4147 1876 4216 ἀπη-

292 4238 528 4312 νεστάτῃ
560 4236 835 4310 προσϐολῇ
870 4236 965 4290 τοῦ
999 4234 1198 4309 κρύους
1227 4235 1393 4289 αὐτοῦ
1436 4237 1874 4309 προσεληλυθὼς,
1917 4297 1920 4300 ,

300 4331 692 4404 ἀπομαραίνειν
718 4329 945 4401 ἄρχεταί
976 4346 1099 4384 τινα
1129 4329 1239 4382 τῶν
1268 4329 1480 4398 φύλλων
1515 4331 1705 4401 αὐτῆς,
1735 4332 1876 4385 αὐτὰ

1978 3132 2310 3203 germinare.
2339 3132 2584 3204 Namque
2629 3134 2683 3188 in
2733 3135 3056 3200 vinea,‘boc
3101 3145 3185 3192 est
3234 3138 3289 3192 in
3356 3138 3554 3192 anima:

1979 3227 2377 3296 penetralibus,
2415 3227 2774 3285 deambulans
2795 3230 3047 3300 ,putrida
3078 3230 3262 3285 omnia
3300 3241 3356 3286 et
3402 3233 3556 3285 luxu-

1976 3317 2176 3371 riantia
2213 3326 2476 3387 amputat,
2509 3334 2581 3373 ne
2619 3320 2920 3375 silvescens
2945 3321 3183 3376 fructum
3212 3332 3550 3393 corrumpat,

1979 3425 2139 3479 quem
2191 3411 2430 3480 agricola
2460 3418 2612 3482 optat
2646 3412 2895 3482 produci.
2945 3411 3146 3469 Verum
3206 3414 3554 3486 quandoqui-

1976 3502 2099 3558 dem
2131 3504 2408 3559 sensibilis
2438 3504 2565 3559 vitis
2614 3505 2922 3574 exemplum
2969 3506 3127 3560 nobis
3157 3507 3367 3576 aliquid
3416 3522 3553 3562 con-

1978 3594 2120 3651 ferre
2150 3604 2330 3666 potest
2385 3597 2452 3651 ad
2479 3596 2534 3650 id
2572 3597 2638 3652 de
2677 3613 2786 3670 quo
2829 3598 3210 3669 agitur;inde,
3254 3600 3303 3654 si
3350 3601 3549 3670 placet,

1977 3704 2091 3744 rem
2122 3705 2397 3760 exponere
2418 3690 2719 3745 ordiamur.

2047 3953 2135 4008 3'5.
2157 3952 2326 4009 Vinea
2352 3960 2477 4009 ante
2497 3952 2730 4009 hiemem
2761 3951 2953 4008 viridis
2978 3960 3031 4007 et
3064 3950 3383 4022 palmitibus
3407 3952 3548 4007 bene

1977 4056 2193 4113 ornata,
2236 4055 2428 4103 contra
2473 4046 2670 4102 hiemis
2728 4047 2987 4101 incursus
3043 4043 3257 4101 fortiter
3314 4046 3542 4103 resistit.

1977 4139 2167 4195 Hieme
2201 4147 2383 4193 autem
2415 4137 2785 4193 immitissima
2823 4136 3045 4208 frigoris
3088 4138 3419 4207 impulsione
3455 4154 3549 4193 ac!-

1976 4234 2222 4299 cedente,
2251 4232 2499 4303 quaedam
2554 4231 2684 4285 vitis
2715 4229 2843 4284 folia
2882 4238 3169 4300 cmperunt
3208 4245 3548 4286 marcescere

1976 4341 2096 4396 quae
2124 4340 2248 4379 cum
2271 4332 2460 4380 essent
2504 4322 2758 4392 putrida.
2790 4336 2890 4376 nec
2922 4319 3227 4376 consistere
3279 4322 3545 4389 valerent,

294 4425 380 4487 δὲ,
403 4425 492 4479 διὰ
535 4424 637 4497 τὴν
668 4422 977 4495 σαθρότητα
1014 4421 1306 4477 ἀτονοῦντα
1328 4464 1344 4486 ,
1375 4423 1730 4478 ἐκπίπτουσιν
1768 4425 1875 4479 ἀπὸ

1984 4434 2008 4473 e
2037 4417 2268 4473 summis
2296 4416 2542 4486 partibus
2564 4415 2907 4477 deciderunt,
2932 4420 3096 4484 atque
3130 4413 3204 4467 ita
3237 4428 3267 4467 e
3300 4414 3506 4483 super-ii.
3524 4438 3547 4454 υ

300 4517 400 4573 τῶν
428 4517 763 4589 ὑψωμάτων,
799 4514 906 4570 ἀπὸ
931 4515 1038 4568 τῶν
1060 4515 1316 4587 ἀνωτέρω
1352 4515 1461 4587 (77)
1492 4517 1584 4570 ἐπὶ
1614 4517 1683 4571 τά
1709 4517 1874 4587 βαθύ-

298 4624 427 4682 τερα
461 4610 777 4682 φερόμενα,
819 4604 936 4661 εἶτα
983 4607 1130 4679 μένει
1176 4610 1209 4680 ή
1249 4608 1491 4679 ἄμπελος
1536 4608 1875 4681 εὐκλήματος

301 4697 596 4770 ἀντέχουσα
621 4700 688 4769 τῇ
715 4697 859 4768 φορᾷ
887 4695 996 4768 (78)
1032 4696 1126 4749 τοῦ
1160 4697 1445 4769 χειμῶνος.
1484 4700 1548 4752 El
1581 4699 1638 4753 δὲ
1667 4703 1732 4771 τῇ
1766 4718 1873 4755 πα-

304 4793 506 4862 ραμονῇ
533 4790 638 4860 τῆς
666 4789 907 4861 ἀκράτου
936 4787 1270 4860 ψυχρότητος
1299 4787 1605 4860 κατέϐλαψε
1627 4808 1746 4845 τινα
1765 4792 1875 4847 τῶν

303 4881 611 4954 κλημάτων,
634 4882 786 4952 ὅμως
816 4882 882 4952 τῇ
911 4882 1157 4935 ἐνστάσει
1186 4882 1220 4953 ἡ
1243 4881 1482 4953 ἄμπελος
1511 4882 1607 4936 σὺν
1633 4885 1745 4946 τοῖς
1778 4900 1875 4937 πε-

308 4974 648 5045 ριλειφθεῖσιν
682 4975 820 5045 αὐτῇ
848 4973 1105 5041 ὑγιεινοῖς
1150 4973 1421 5045 κλήμασιν
1449 4974 1750 5046 ἐπεραίωσε
1782 4973 1873 5027 τὸν

303 5065 573 5135 χειμῶνα,
604 5063 702 5119 καὶ
734 5065 799 5117 ἐκ
840 5062 934 5117 τοῦ
976 5062 1285 5135 χειμερινοῦ
1327 5063 1574 5134 καμάτου
1616 5063 1869 5133 ἐξέφυγε.

371 5219 414 5252 ⁸³
448 5219 607 5300 Deqt.
645 5234 834 5284 χχιιι,
868 5218 968 5284 52,
1001 5220 1113 5307 53..
1169 5219 1214 5251 ⁸⁸
1259 5217 1409 5276 loan.
1442 5236 1533 5286 xv,
1572 5220 1622 5275 l.

395 5392 478 5466 'll)
504 5397 648 5468 Aug.
676 5395 796 5448 οἵαν
822 5394 1326 5518 .μετενε)ἷθείσαν...
1362 5396 1455 5448 καὶ
1489 5395 1861 5467 φυτευθεῖσαν.

395 5466 479 5518 72)
510 5466 606 5518 Sic
636 5466 860 5518 lieains.
894 5476 948 5517 ut
978 5475 1031 5518 et
1077 5467 1189 5518 egit
1238 5464 1510 5518 Nannius.
1563 5468 1619 5518 In
1654 5466 1861 5518 caeteris

395 5464 479 5535 72)
510 5464 860 5533 εἰείὶεεὶιιε,
894 5476 948 5517 ut
978 5464 1189 5535 et’legit
1238 5464 1511 5521 Nannius.
1563 5468 1619 5521 In
1654 5466 1867 5522 caeteris

299 5540 351 5588 et
380 5534 433 5590 in
456 5537 649 5596 editis.
677 5534 866 5604 ἀγάπη
892 5535 1065 5589 deest.

276 5604 283 5615 '
367 5607 478 5676 (73)
512 5609 593 5662 Ita
622 5602 994 5676 Reg._lnaliis
1020 5621 1149 5661 vero
1184 5614 1237 5662 et
1273 5605 1327 5660 in
1363 5605 1491 5662 edit.
1533 5608 1589 5659 ἐν
1627 5606 1796 5661 deest.

368 5674 476 5748 (π)
505 5677 650 5747 Aug.
681 5674 1109 5748 ἐξολισθήοασιν.

362 5744 478 5821 (75)
512 5744 656 5820 Aug.
689 5744 764 5816 μὴ
788 5744 981 5798 ἐῶντα.

1975 4511 2130 4565 ribus
2163 4509 2299 4565 locis
2330 4510 2385 4563 in
2412 4507 2673 4563 inferiora
2727 4514 2857 4562 sunt
2904 4506 3163 4577 delapsa:
3208 4512 3317 4560 stat
3348 4501 3547 4559 deinde

1975 4602 2105 4657 vitis
2143 4617 2268 4656 cum
2323 4601 2665 4672 palmitibus,
2731 4600 2925 4656 hiemis
2970 4598 3197 4671 impetui
3244 4597 3542 4652 obsistens.

1976 4696 2083 4749 Aut
2116 4695 2161 4749 si
2213 4694 2413 4751 summi
2469 4693 2691 4761 frigoris
2746 4691 3155 4764 perseverantia
3204 4689 3427 4761 quidam
3476 4702 3545 4741 nx

1977 4786 2295 4859 palmitibus
2325 4784 2439 4840 laasi
2486 4784 2714 4848 fuerint,
2762 4792 2943 4839 tamen
2982 4782 3112 4838 vitis
3164 4795 3288 4835 cum
3319 4779 3545 4846 reliquis

1979 4880 2129 4934 sanis
2164 4872 2481 4946 palmitibus
2528 4883 2846 4930 constanter
2875 4889 3124 4936 manens,
3149 4872 3379 4926 hiemem
3410 4868 3546 4923 etfu-

1978 4971 2057 5042 git
2080 4978 2135 5025 et
2174 4987 2241 5026 ex
2262 4969 2512 5026 hibernis
2532 4968 2793 5024 aerumnis
2822 4967 3021 5022 evasit.
3046 4964 3183 5021 Cum
3230 4968 3412 5016 autem
3451 4976 3546 5015 ver

1979 5063 2243 5133 attigerit,
2263 5062 2358 5133 qui
2393 5076 2570 5118 novus
2608 5069 2693 5117 est
2728 5074 2927 5123 annus,
2956 5062 3139 5126 sperat
3193 5068 3252 5109 se
3304 5051 3546 5124 quietem

2048 5390 2160 5461 (76)
2187 5383 2599 5461 εἰκονῐὶρεεᾼιις.
2629 5397 2775 5461 νςτο,
2804 5375 3172 5461 θλομανοῦσαν
3221 5377 3551 5445 συμπνίγειν

1975 5452 2178 5530 ὧνπερ.
2208 5452 2789 5530 Ειίὶιίξύλομᾶνοῦσαν
2818 5452 3007 5522 ὅνπερ.

2050 5526 2164 5601 (77»
2195 5529 2354 5601 Λιιεε,
2383 5526 2689 5601 ἀνωτέ-ρων.
2810 5595 2823 5601 _

2052 5586 2163 5673 (78)
2193 5586 2442 5670 ὃίηνῐὶρε.
2466 5607 2520 5653 et
2542 5586 2770 5667 August.
2798 5591 2902 5647 Alii
2928 5605 3058 5647 vero
3095 5603 3219 5645 cum
3247 5586 3434 5655 editis,
3480 5587 3548 5657 τῇ

1984 5674 2175 5728 edoni.
