4066 6388
554 332 674 392 485
1721 331 1781 386 S.
1824 329 2136 386 ATHANAS

2234 328 2286 386 5.
2327 362 2397 371 —
2422 320 2686 387 SPURT'A
2698 372 2710 385 .
3712 327 3817 382 ιδι

558 455 878 510 habituram
910 470 1074 510 :cum
1092 454 1275 510 subito
1309 453 1549 525 agricola
1572 452 1847 523 ad'ipsam
1864 468 1989 506 cum
2021 452 2136 507 cul-

2236 450 2490 505 Φθάσασα
2512 450 2569 502 δὲ
2599 450 2692 503 ἐπὶ
2710 450 2771 501 τ’)
2800 439 3082 520 ἕαΡξθΞτερ
3104 447 3224 533 ἐστι
3248 448 3368 501 νέον
3400 446 3541 511 ἔτος,
3566 447 3717 502 δοκεί
3737 447 3817 501 δι-

458 536 480 603 ῗ
544 555 655 598 "tro
688 545 977 609 accedens,
999 544 1234 614 primum
1270 543 1564 613 diligenter
1585 552 1778 596 omnes
1809 542 2136 612 circumspi-

2240 539 2636 595 ἀναπαύεσθαιο
2668 538 2945 608 αἰφνιδὲως
2971 537 3030 590 δὲ
3059 539 3088 590 ὁ
3115 538 3363 608 γεωργὸς
3389 536 3619 601 ὲπιστάς
3655 539 3815 609 αὐτῇ,

457 632 469 695 ii
567 637 644 689 cit
670 635 942 706 palmites,
972 642 1089 687 tum
1136 648 1232 688 eos
1286 648 1428 703 quos
1472 632 1648 687 hiems
1708 631 1910 687 lasserit
1950 632 2143 701 incipit

482 732 485 737 ‘
552 737 872 798 .amputare,
894 725 1091 781 deinde
1110 741 1277 781 sanos
1308 741 1528 797 quoque
1544 725 1797 795 palmites
1832 725 1896 780 ad
1917 724 2139 780 tertium

542 827 622 873 κει
643 826 900 888 quartum
941 833 1113 887 usque
1160 820 1381 873 oculum
1411 826 1674 888 amputat.
1710 817 1833 872 Stat
1861 834 1990 873 vero
2020 818 2141 888 ipsa

444 928 485 982 έι
552 909 772 963 nudata
804 909 1039 978 laesaque
1073 908 1251 963 eultro
1271 908 1398 964 vitis
1414 909 1684 972 sublimis,
1706 909 1761 963 in
1778 909 1974 963 caelum
1994 909 2141 979 aspi-

545 997 740 1062 '-ciens,
770 998 1211 1070 lacrymaturque
1258 1000 1481 1055 tertium
1506 1014 1682 1071 usque
1719 1000 1884 1055 diem.
1930 998 2133 1055 Postea

547 1084 679 1144 "Deo
705 1090 1025 1161 providente
1055 1090 1310 1146 solatium
1335 1100 1654 1154 consecuta,
1672 1093 1980 1164 'lacrymari
2009 1092 2137 1148 des-

546 1175 687 1244 ‘init,
723 1181 1021 1252 multisque
1051 1190 1275 1252 repente
1313 1183 1598 1254 productis
1636 1184 1952 1253 palmitibus
2007 1184 2139 1239 talis

565 1280 809 1341 apparet,
849 1275 1027 1342 qualis
1054 1283 1215 1329 antea
1247 1283 1385 1342 erat,
1428 1276 1539 1331 imo
1585 1277 1758 1330 multo
1809 1276 2133 1346 speciosior.

545 1359 644 1414 Ἐκ
673 1361 757 1417 his
786 1374 965 1417 autem
992 1380 1113 1435 qum
1131 1366 1790 1435 hactenusexposnimus,
1816 1366 2018 1420 clarius
2045 1367 2132 1420 in-

542 1453 887 1510 ‘tellccturus
921 1472 982 1512 cs
1011 1473 1131 1522 qua:
1162 1458 1229 1512 de
1262 1471 1392 1512 vera
1429 1458 1541 1512 vite
1576 1457 1777 1512 dicturi
1806 1474 2017 1514 sumus.

2241 633 2395 703 ξίφος
2409 628 3057 704 έπιφερόμενος,πρῶτον
3089 630 3209 700 μὲν,
3245 628 3490 701 ἀκριϐῶς
3521 646 3816 701 κατοπτριο⁸

2204 730 2207 737 ’
2241 726 2474 795 σάμενος
2519 724 2735 778 ἅπαντα
2762 721 2831 774 τὰ
2855 721 3110 791 κλήματα
3128 763 3143 786 ,
3180 721 3408 793 ἀρχεται
3448 720 3518 773 τά
3551 721 3815 791 βλαϐέντα

2239 818 2305 870 ἐκ
2322 816 2417 871 τοῦ
2448 816 2718 888 χειμῶνος
2744 814 3045 890 ἐκτέμνειν,
3069 812 3260 867 ἔπειτα
3293 814 3387 868 καὶ
3414 812 3485 866 τὰ
3503 814 3817 882 ὑγιαίνοντα

2240 909 2348 963 ἀπὸ
2386 909 2641 981 τρίτου
2685 909 2947 978 τετάρτου
2986 906 3270 977 ὀφθαλμοῦ
3308 909 3633 979 περιαιρεῖν.
3674 908 3737 960 Ἦ
3758 908 3816 961 δὲ

2240 1000 2504 1072 ἄμπελος,
2526 1000 2869 1072 γυμνωθεῖσα
2892 999 2990 1052 καὶ
3021 998 3290 1069 πληγεῖσα
3316 1000 3396 1069 τῷ
3425 998 3814 1070 ξίφει,·ἓστηκε

2245 1093 2517 1164 μετέωρος
2553 1094 2634 1157 είς
2681 1093 2772 1145 τὸν
2820 1091 3049 1162 ούρανὸν
3096 1091 3513 1156 ἀποϐλέπουσα,
3557 1090 3674 1161 ἅμα
3723 1090 3809 1143 6a-

2239 1184 2483 1255 κρύουσα
2519 1181 2645 1254 ἄχρι
2680 1182 2781 1252 τῆς
2812 1181 3007 1253 τρίτης
3046 1182 3278 1254 ἡμέρας.
3312 1181 3721 1254 Παρακλήσεως
3754 1180 3813 1233 δὲ

2241 1275 2581 1345 τυγχάνουσα
2618 1276 2683 1328 ὲκ
2716 1275 2816 1345 τῆς
2849 1272 2943 1326 τοῦ
2981 1272 3115 1327 Θεοῦ
3157 1274 3409 1346 προνοίας
3431 1314 3446 1337 ,
3485 1274 3811 1345 παυσαμένη

2241 1368 2350 1422 τῶν
2386 1368 2636 1440 δακρύων
2658 1407 2674 1431 ,
2717 1368 2997 1437 αἰφνιδίως
3034 1367 3200 1422 πολὺν
3250 1367 3482 1439 ἀριθμὸν
3526 1367 3622 1421 καὶ
3657 1366 3813 1436 ὄχλον

2240 1460 2536 1532 κλημάτων
2586 1460 2943 1532 ,βλαστήσασα
2963 1503 2979 1527 ,
3019 1463 3053 1532 ἡ
3109 1462 3250 1532 αὐτὴ
3290 1458 3646 1530 ἀναφαίνεται
3687 1458 3804 1530 (79)

543 1545 651 1599 ὀἶα
702 1541 772 1618 ἦν
826 1549 920 1601 καὶ
977 1548 1238 1620 πρότερον
1262 1589 1279 1613 ,
1323 1540 1523 1620 μᾶλλον
1594 1550 1653 1604 δὲ
1720 1550 1841 1604 καί⁶
1888 1550 2219 1623 ἐνδοξοτέρα.
2274 1553 2370 1607 Ἐκ
2423 1553 2481 1606 δὲ
2533 1554 2642 1607 τῶν
2713 1553 3231 1625 προαποδεδομένων
3303 1553 3457 1608 ἔσται
3507 1570 3593 1606 σοι
3642 1551 3811 1622 σαφέ-

554 1650 734 1714 στερα
765 1643 860 1696 καὶ
896 1642 967 1696 τά
1001 1643 1241 1715 ἑπόμενα
1281 1645 1409 1717 περὶ
1441 1645 1545 1716 τῆς
1584 1645 1832 1717 ἀμπέλου
1869 1646 1973 1717 τῆς
2006 1645 2286 1718 ἀληθινῆς.

634 1732 936 1805 56.1ιοηιιθ
961 1734 1223 1791 Dominus
1270 1737 1368 1791 viti
1410 1738 1685 1793 umbrosa:
1716 1737 2012 1808 multisque
2041 1752 2134 1791 or-

2309 1739 2399 1793 5l.
2442 1740 2502 1792 ’Θ
2528 1735 2620 1794 οῦν
2646 1740 2850 1813 Κύριος
2874 1741 3072 1812 τρόπον
3092 1740 3336 1812 ἀμπέλου
3356 1740 3699 1811 εὐκλημάτου
3716 1740 3811 1795 καὶ

547 1832 709 1880 ‘natae
730 1827 1050 1897 palmitibus
1079 1836 1165 1884 est
1194 1828 1412 1893 similis,
1458 1837 1683 1900 propter
1729 1829 2135 1885 multitudinem

2239 1835 2461 1888 συσκίου
2476 1836 2716 1907 ἐπέχων,
2747 1836 2838 1889 διὰ
2854 1837 2917 1889 τὸ
2938 1836 3141 1908 πλῆθος
3163 1835 3271 1890 τῶν
3307 1836 3562 1907 μαθητῶν
3585 1836 3682 1889 καὶ
3700 1835 3810 1889 τῶν

547 1918 781 1975 scilicet
810 1920 1207 1991 discipulorum
1231 1963 1247 1985 ,
1299 1926 1354 1978 et
1387 1922 1895 1993 circumja’cen'tium
1943 1926 2138 1979 turba--

564 2024 686 2064 rum
720 2010 786 2065 ad
820 2011 1021 2081 ipsum,
1078 2011 1269 2066 auxilii
1316 2012 1598 2068 obtinendi
1661 2028 1793 2084 ergo
1849 2027 2139 2069 accurren-

565 2100 702 2154 tium
728 2118 744 2163 ;
773 2100 908 2157 adeo
939 2106 996 2155 ut
1022 2117 1286 2158 numerus
1334 2116 1548 2169 eorum,
1595 2105 1778 2176 qui‘in
1812 2107 1989 2176 ipsum
2018 2123 2139 2163 cre-

475 2244 481 2250 .
564 2192 721 2256 dunt,
759 2207 972 2248 omnem
997 2202 1218 2265 superet
1236 2193 1633 2266 conjecturam.
1665 2195 1746 2251 llli
1775 2212 1907 2253 vero
1949 2213 2051 2254 suo
2079 2198 2136 2254 in

564 2286 717 2341 illum
783 2286 1153 2343 indissolubili
1209 2303 1418 2351 amore,
1470 2298 1729 2359 tanquam
1794 2290 2046 2360 palmites
2085 2292 2138 2348 ei

561 2376 983 2441 adharescunt,
1044 2386 1280 2448 quorum
1340 2379 1456 2442 alii,
1511 2381 1813 2450 spirituali‘s
1862 2383 2136 2437 commodi

545 2469 896 2539 percipiendi
916 2470 1118 2539 gratia,
1140 2471 1332 2525 nolunt
1362 2479 1516 2526 extra
1543 2471 1718 2533 illum,
1747 2472 1841 2526 sed
1873 2488 1980 2527 una
2010 2489 2136 2528 cum

562 2574 630 2614 co
657 2574 783 2614 esse
815 2574 830 2611 :
864 2560 957 2613 alii
991 2575 1133 2615 vero
1166 2561 1351 2615 sanari
1404 2561 1710 2631 cupientes,
1735 2562 1828 2615 alii
1852 2562 2135 2618 Christum

548 2652 750 2705 ‘venire
771 2650 1078 2715 audientes,
1094 2640 1265 2705 rsimul
1283 2661 1677 2715 convenerunt,
1701 2667 1903 2708 novum
1927 2663 2136 2724 specta-

552 2744 747 2797 culum
783 2741 1006 2797 videndi
1036 2742 1335 2809 desiderio,
1379 2742 1551 2799 Deum
1578 2760 1774 2815 nempe
1808 2746 1863 2800 in
1905 2762 2136 2817 corpore

566 2833 706 2887 inter
734 2833 985 2888 homines
1010 2841 1339 2889 versantem.
1370 2832 1616 2905 Denique
1653 2836 1885 2891 adventu
1918 2834 2134 2891 Domini

561 2927 748 2980 omnia
791 2927 993 2997 gaudio
1028 2929 1192 2998 plena
1235 2935 1396 2983 erant
1431 2929 1566 2999 :qui
1616 2942 1947 3001 quocunque
1987 2931 2135 2988 ince-

550 3015 736 3081 vderet,
764 3019 932 3073 veluti
962 3019 1089 3075 vitis
1110 3020 1426 3090 palmitibus
1464 3022 1667 3085 densa,
1712 3024 1783 3078 ob
1832 3025 2004 3079 multa
2036 3024 2136 3080 ho-

564 3112 771 3165 minum
797 3111 987 3175 millia,
1024 3113 1116 3183 qui
1159 3123 1284 3166 eum
1320 3113 1763 3181 comitabantur,
1795 3117 2041 3172 omnium
2076 3119 2131 3172 in

564 3201 807 3271 seipsum
873 3200 1123 3273 ﬂagranti
1182 3213 1366 3260 amore
1415 3210 1534 3260 erat
1582 3209 1953 3277 conspicuus,
2005 3225 2131 3265 cum
2160 3185 2201 3242 (ἶ

563 3306 755 3346 omnes
812 3292 915 3361 ipsi
967 3292 1325 3350 adhaererent.
1384 3294 1453 3348 At
1509 3310 1635 3350 cum
1666 3297 1927 3355 hiemales
1985 3302 2132 3356 venti

553 3379 695 3436 ﬂare
721 3383 1017 3453 coepissent
1042 3384 1272 3439 summis
1289 3400 1355 3440 ex
1388 3386 1545 3451 locis,
1576 3387 1645 3442 ad
1671 3388 1793 3443 illos
1816 3391 2133 3461 probandos

560 3472 657 3542 qui
688 3471 864 3542 ipsum
899 3475 1323 3540 comitabantur,
1377 3479 1565 3533 statim
1607 3494 1717 3535 non
1753 3483 1947 3551 pauci,
1984 3500 2132 3539 mar-

555 3564 901 3618 ‘cescentium
956 3564 1133 3620 instar
1184 3565 1438 3622 foliorum
1465 3581 1534 3624 ex
1569 3569 1717 3624 vitali
1754 3572 1884 3636 vite,
1918 3577 2005 3629 cui
2036 3576 2134 3630 ad-

551 3651 960 3719 ‘haeresccbant,
1003 3654 1346 3711 deciderunt.
1378 3656 1595 3728 Aliique
1623 3660 1939 3729 pontiﬁcum
1962 3673 2130 3732 metu,

551 3759 633 3801 ne
661 3759 947 3817 synagoga:
968 3756 1217 3804 extorres
1268 3749 1481 3818 ﬁerent,
1510 3754 1675 3806 vitam
1705 3769 1860 3808 suam
1903 3771 2135 3826 negave-

552 3846 708 3904 runt,
738 3840 1197 3909 quemadmodum
1226 3850 1281 3898 et
1327 3859 1477 3898 nunc
1514 3843 1630 3899 ﬁeri
1649 3845 1919 3902 videmus.
1945 3848 2131 3919 Siqui-

546 3929 708 3994 dem,
732 3939 792 3985 ut
822 3930 901 3985 illi
924 3932 1076 3997 olim,
1119 3932 1200 3989 sic
1226 3933 1391 3989 hodie
1419 3935 1719 4006 hypocrita:
1746 3940 1995 3996 homines
2012 3943 2131 4013 glo-

562 4021 700 4075 riam
758 4032 1172 4092 persecutorum
1260 4023 1522 4081 Ecclesia:
1588 4028 1765 4099 magis
1822 4031 2133 4089 dilexerunt

550 4122 723 4181 'quam
754 4110 847 4167 Dei
865 4113 1112 4182 gloriam.
1136 4114 1242 4169 Alii
1267 4131 1396 4171 vero
1427 4133 1537 4171 non
1556 4116 1919 4191 lntelligente‘s
1948 4125 2132 4184 divina

560 4215 615 4259 et
645 4204 949 4274 spiritualia
996 4203 1154 4276 1'75
1189 4207 1399 4263 Domini
1429 4212 1614 4275 verba,
1650 4225 1956 4274 retrorsum
1983 4223 2132 4279 abie-

552 4304 720 4361 runt;
750 4310 1013 4367 reumque
1041 4306 1095 4353 et
1126 4299 1523 4370 vituperatione
1549 4305 1770 4378 dignum
1788 4326 1911 4368 esse
1942 4316 2130 4370 existi-

555 4396 774 4443 mantes
798 4389 1199 4446 benefactorem
1252 4408 1432 4459 suum,
1486 4395 1601 4453 haec
1634 4401 1753 4456 ausi
1786 4411 1919 4458 sunt
1954 4406 2126 4477 loqui,

562 4497 586 4530 ‹
623 4477 757 4546 Quis
780 4489 1100 4551 .potesteum
1130 4483 1410 4540 audire“?
1433 4507 1451 4540 ι
1482 4486 1592 4544 Hos
1616 4506 1747 4548 sane
1764 4503 1951 4551 nostra
1972 4507 2130 4552 aetate

2241 1928 2399 2000 πέριξ
2436 1926 2613 1999 δχλων
2656 1930 3132 2000 ἐπιπορευομένων
3179 1929 3316 2000 πρὸς
3361 1929 3523 1982 αὑτὸν
3558 1926 3809 1998 βοηθείας

2236 2017 2422 2073 ἕνεκεν
2445 2019 2568 2083 "tu;
2606 2014 2745 2073 εἶναι
2789 2019 2966 2091 πλήθη
3005 2021 3338 2080 ἀνείκαστα,
3383 2018 3703 2072 πιστεύοντα
3730 2020 3811 2081 είς

2239 2108 2426 2162 αὐτόν·
2468 2110 2561 2163 καὶ
2596 2110 2675 2181 τῷ
2716 2111 2814 2181 μὲν
2853 2109 3003 2179 πόθῳ
3044 2109 3123 2180 τῷ
3154 2110 3233 2172 είς
3281 2109 3441 2162 αὐτὸν
3489 2107 3811 2178 ἀχωρίστως

2238 2197 2382 2269 ἔχειν
2413 2199 2629 2263 αὐτοὺς,
2668 2201 2869 2272 τρόπον
2904 2200 3198 2270 κλημάτων
3229 2200 3495 2254 συνόντων
3530 2199 3702 2270 αὐτῷ,
3731 2216 3812 2252 τι-

2237 2291 2343 2344 νῶν
2375 2292 2434 2345 δὲ
2468 2293 2563 2345 καὶ
2593 2292 2861 2360 ὠφελείας
2901 2292 3061 2363 χάριν
3095 2292 3471 2363 πνευματικῆς
3511 2291 3586 2362 μὴ
3627 2290 3812 2361 βουλο-

2241 2382 2416 2452 μένων
2464 2383 2620 2446 ὲκτὸς
2668 2370 2834 2435 αὐτοῦ
2885 2383 3197 2453 τυγχάνειν,
3235 2381 3369 2436 ἀλλὰ
3411 2381 3523 2449 (80)
3571 2385 3809 2435 συνεῖναι

2236 2470 2419 2542 αὐτῷ,
2459 2472 2663 2543 ἐτέρων
2702 2472 2761 2525 δὲ
2791 2471 3129 2543 βουλομένων
3162 2474 3355 2537 ίάσεως
3392 2476 3595 2543 τυχεῖν,
3633 2474 3810 2527 ἄλλων

2234 2563 2291 2616 δὲ
2322 2565 2634 2636 ἀκηκοότων
2652 2606 2667 2629 ,
2707 2566 2789 2618 ὅτι
2815 2566 3050 2637 Χριστος
3074 2568 3219 2638 ῆκει,
3252 2569 3346 2621 καὶ
3374 2567 3810 2639 συνεληλυθότων

2236 2656 2377 2710 κατὰ
2401 2657 2463 2710 τὸ
2484 2657 2649 2722 αὐτὸ,
2682 2658 3019 2730 βουλομένων
3057 2659 3350 2714 θεάσασθαι
3389 2659 3452 2712 τὸ
3495 2661 3809 2731 καινότερον

2236 2745 2432 2818 θέαμα,
2460 2749 2592 2802 Θεὸν
2617 2751 2677 2802 ἐν
2712 2749 2925 2822 σώματι
2961 2749 3267 2823 ἀνθρώποις
3298 2750 3807 2822 συναναστρεφόμεά

2235 2856 2344 2892 νον.
2370 2841 2479 2893 Καὶ
2520 2840 2705 2905 ἁπλῶς
2748 2837 2815 2913 ῆν
2846 2841 3062 2896 ἅπαντα
3087 2843 3262 2913 χαρᾶς
3283 2841 3520 2911 γέμοντα
3543 2841 3643 2911 τῆς
3670 2824 3809 2914 παρα

2234 2932 2422 2996 ουσίας
2470 2916 2562 2986 τοῦ
2619 2934 2822 3006 Κυρίου
2873 2933 3206 3006 γενομένης’
3256 2929 3316 2988 οὗ
3348 2933 3390 2986 δ’
3427 2931 3806 2999 ἃνίὲὸἀδιζεν,

2234 3026 2420 3099 ῶσπερ
2469 3027 2735 3100 εὐστεφὴς
2798 3027 3043 3098 ἄμπελος
3088 3027 3176 3081 διά
3236 3027 3335 3091 τὰς
3398 3027 3665 3099 μυριάδας
3699 3026 3813 3084 τῶν

2238 3121 2730 3192 συμπορευομένων
2759 3119 2909 3191 αύτῴ
2935 3119 3110 3191 ὄχλων
3142 3116 3211 3192 ἦν
3243 3119 3519 3192 ὁρώμενος
3551 3121 3702 3191 πόθῳ

2235 3211 2371 3282 πρὸς
2400 3212 2581 3276 αὐτὸν,
2607 3212 2860 3265 ἀπάντων
2895 3212 3290 3283 συνηνωμένων
3325 3211 3494 3283 αὐτῷ.
3538 3212 3808 3284 ’Δρξαμέο

2234 3320 2342 3355 νων
2376 3303 2434 3356 δὲ
2479 3301 2802 3375 χειμερινῶν
2842 3304 3168 3374 πνευμάτων
3195 3306 3259 3357 ὲκ
3300 3303 3405 3358 τῶν
3446 3305 3809 3376 ἀκρωτηρίων

2233 3399 2553 3468 καταφοσᾷν
2587 3397 2721 3468 πρὸς
2752 3396 2977 3468 δοκιμὴν
3010 3398 3119 3451 τῶν
3148 3399 3635 3469 συμπορευομένων
3658 3396 3808 3468 αὐτῷ

2233 3487 2425 3558 δχλων,
2461 3488 2673 3559 ἀθρόως
2705 3489 2918 3559 φύλλων
2951 3471 3106 3560 διν
3135 3490 3566 3561 μαραινομέκκυν,
3596 3490 3806 3544 ἀπέπι-

2234 3595 2367 3631 πτον
2395 3580 2495 3632 οὐκ
2520 3579 2725 3648 ὀλίγοι,
2765 3576 2834 3654 ἧς
2877 3581 3087 3652 εἴχοντο
3122 3580 3368 3652 ἀμπέλου
3415 3581 3678 3652 ζωτικῆς,
3712 3583 3807 3636 καὶ

2232 3672 2340 3725 τῶν
2370 3671 2468 3742 μὲν
2501 3671 2615 3742 (8|)
2638 3672 2725 3726 διά
2758 3673 2921 3743 φόϐον
2946 3671 3056 3726 τῶν
3082 3673 3407 3745 ἀρχιερέων,
3439 3673 3528 3727 ῖνα
3567 3673 3642 3745 μὴ
3670 3675 3805 3728 ἀπο-

2234 3764 2539 3832 συνάγωγοι
2562 3763 2846 3832 γένωνται,
2867 3764 3092 3835 ὲξαρνου
3100 3765 3273 3835 μένων
3287 3763 3383 3836 τὴν
3405 3763 3614 3818 ἑαυτῶν
3637 3766 3802 3836 ζωὴν,

2232 3854 2418 3927 ὥσπερ
2440 3857 2535 3910 καὶ
2560 3855 2655 3911 νῦν
2687 3857 2899 3931 ὁρῶμεν
2925 3856 3183 3927 γινόμενα
3205 3855 3276 3909 τά
3299 3855 3437 3910 αὐτὰ
3468 3858 3799 3928 πράγματα’

2232 3949 2525 4021 ἠγάπησαν
2556 3947 2786 4024 γάρ,.ὼς
2808 3949 2858 4001 oi
2888 3948 3038 4013 τότε,
3079 3948 3173 4001 καὶ
3199 3947 3295 4000 νῦν
3323 3947 3426 4017 τῆς
3464 3949 3805 4021 ὑποκρίσεως

2232 4039 2506 4110 ἄνθρωποι
2553 4039 2655 4110 τὴν
2694 4038 2849 4105 δόξαν
2888 4038 2997 4093 τῶν
3039 4037 3279 4092 διωκτῶν
3321 4039 3419 4109 τῆς
3474 4040 3805 4111 Ἐκκλησίας

2232 4128 2373 4199 ὑπὲρ
2402 4128 2500 4200 τὴν
2524 4127 2681 4193 δόξαν
2709 4128 2803 4182 τοῦ
2837 4128 2972 4183 Θεοῦ
2998 4129 3219 4183 εἴλοντο’
3244 4129 3445 4200 ἑτέρων
3478 4130 3536 4182 δὲ
3569 4130 3644 4202 μὴ
3676 4147 3803 4184 συν-

2230 4220 2566 4291 αισθαμένων
2615 4220 2725 4274 τῶν
2788 4221 2945 4276 θείων
2984 4222 3078 4275 καὶ
3122 4220 3503 4292 πνευματικῶν
3543 4222 3805 4293 ῥημάτων

2229 4311 2324 4366 τοῦ
2351 4312 2556 4384 Κυρίου
2580 4315 2666 4377 είς
2690 4313 2760 4367 τά
2797 4314 2972 4367 ὀπίσω
3003 4312 3467 4385 ὲπιστραφέντων,
3497 4311 3681 4367 αἰτίαν
3727 4313 3804 4383 τῷ

2229 4407 2493 4481 εὐεργέτῃ
2541 4406 2636 4460 καὶ
2689 4406 2855 4477 ψόγον
2893 4403 3286 4477 προσαψάντων
3307 4444 3322 4469 ,
3369 4404 3463 4459 καὶ
3509 4403 3801 4472 λεγόντων,

2235 4517 2253 4543 ι
2288 4498 2383 4562 Τίς
2421 4497 2644 4550 δύναται
2686 4494 2851 4551 αὑτοῦ
2882 4495 3100 4548 ἀκούειν
3127 4511 3142 4559 ;
3186 4515 3206 4547 ι
3230 4495 3411 4567 Ὅπερ
3442 4496 3539 4549 καὶ
3582 4495 3679 4550 ἐπὶ
3706 4494 3801 4549 τοῦ

552 4575 902 4637 aemulantur,
930 4575 1023 4645 qui
1045 4576 1325 4632 veritatem
1355 4582 1510 4652 sequi
1537 4596 1794 4641 recusant
1819 4605 1834 4654 ;
1883 4605 1950 4644 eo
1976 4589 2123 4660 quod

2234 4587 2495 4658 ἡμετέρου
2523 4585 2721 4657 καιροῦ
2765 4585 3093 4657 πράττουσιν
3119 4586 3167 4637 οἱ
3216 4584 3288 4657 μὴ
3323 4584 3633 4656 βουλόμενοι
3676 4602 3801 4638 συν-

552 4662 939 4722 tribulatiunes
968 4676 1021 4723 et
1051 4670 1373 4727 tcntationes
1399 4673 1557 4729 ﬁdem
1600 4675 1774 4747 ipsam
1798 4690 2121 4751 sequantur.

2234 4677 2427 4731 οδεύειν
2493 4680 2560 4749 τῇ
2618 4676 2872 4749 ἀληθείᾳ,
2922 4676 3009 4730 διά
3064 4676 3128 4728 τὸ
3190 4675 3530 4746 παρέπεσθαι
3592 4675 3802 4747 θλίψεις

554 4755 727 4810 Aiunt
763 4756 908 4812 enim
938 4758 1062 4829 ipsi,
1092 4756 1225 4827 Quis
1251 4766 1424 4833 possit
1451 4766 1745 4826 observare
1770 4775 2121 4829 traditionem

2234 4769 2320 4822 καὶ
2360 4770 2691 4841 πειρατήρια
2728 4771 2794 4840 τῇ
2840 4768 3040 4822 πίστει.
3073 4768 3211 4821 Φασὶ
3254 4765 3392 4839 γάρ,
3440 4768 3537 4831 Τίς
3580 4767 3802 4822 δύναται

553 4846 938 4903 mandatorum
970 4848 1183 4907 Domini
1212 4864 1265 4909 et
1288 4854 1450 4911 ﬁdei?

2234 4857 2459 4928 φυλάξαι
2488 4858 2586 4930 τὴν
2618 4857 2913 4931 παράδοσιν
2944 4856 3051 4911 τῶν
3076 4856 3309 4911 ἐντολῶν
3331 4857 3426 4911 τοῦ
3464 4858 3673 4930 Κυρίου
3707 4859 3802 4913 καὶ

2222 4951 2324 5021 τῆς
2355 4951 2626 5016 «(meum
3824 4979 3830 4990 ·

2294 5043 2391 5098 55.
2428 5044 2549 5096 Ἔτι
2581 5044 2689 5116 μὴν
2719 5045 2817 5099 καὶ
2842 5044 2944 5115 τὴν
2970 5042 3233 5098 ἀπιστίαν
3255 5041 3355 5095 τοῦ
3397 5041 3571 5096 Ἰούδα
3598 5044 3637 5113 ἠ
3674 5059 3806 5113 σφο-

554 5116 760 5207 mentia
794 5118 986 5175 hiemis
1011 5137 1027 5174 :
1059 5122 1249 5192 quales
1277 5140 1422 5179 nunc
1450 5140 1510 5180 se
1536 5127 1795 5183 exhibent
1821 5130 1898 5184 illi
1929 5132 2125 5187 mundi

2234 5135 2425 5207 Βρότης
2446 5136 2541 5189 τοῦ
2566 5137 2830 5207 χειμῶνος
2858 5137 3109 5207 ῆλεγξεν,
3149 5134 3223 5196 ὡς
3254 5134 3352 5186 καὶ
3377 5132 3492 5197 νῦν,
3525 5133 3681 5205 φιλίᾳ
3711 5135 3804 5187 κό-

553 5205 716 5276 hujus
737 5211 923 5274 amici,
947 5213 1187 5279 quicum
1214 5223 1371 5271 antea
1392 5216 1598 5272 Christi
1624 5229 1811 5275 essent
1840 5223 2117 5292 discipuli,

2234 5205 2763 5299 σμουνκρατηθέντες
2798 5228 2853 5280 οῖ
2879 5205 3009 5280 ποτε
3048 5225 3284 5297 μαθηταὶ
3317 5225 3471 5290 ὄντες
3508 5227 3605 5281 καὶ
3657 5228 3803 5297 φίλοι

553 5299 716 5354 amici
746 5310 800 5356 et
840 5304 1089 5371 comites,
1123 5306 1386 5363 nefandas
1429 5311 1669 5381 synodos
1719 5313 1986 5372 adversus
2029 5315 2121 5373 Je-

2234 5319 2322 5372 καὶ
2349 5318 2711 5389 συνοδοιπόρον.
2739 5319 2833 5372 τοῦ
2863 5316 3122 5390 Χριστοῦ,
3152 5316 3292 5370 κατά
3327 5316 3424 5371 τοῦ
3463 5317 3640 5389 Ἰησοῦ
3672 5336 3798 5371 συν-

624 5022 712 5080 55.
748 5024 903 5082 Iudae
948 5037 1207 5099 praeterea
1244 5032 1611 5091 inﬁdelitatem
1667 5038 1918 5108 patefecit
1961 5042 2125 5098 vehe-

625 5454 670 5486 ⁸⁹
706 5452 865 5511 Joan.
899 5474 986 5524 v1,
1017 5460 1107 5518 6L

624 5610 739 5689 (.7?)
764 5613 927 5689 49-82
953 5616 1306 5689 ἀνᾳφέρεται.

624 5683 737 5754 (δυ)
763 5683 1015 5754 βὶυίὶιεε.
1040 5683 1247 5744 Iri-aliis
1272 5699 1325 5743 et
1358 5690 1519 5745 editis
1542 5692 1695 5747 deest
1725 5692 1876 5747 ἀλλά.

617 5750 735 5820 (8|)
761 5752 891 5823 Reg.
919 5750 1013 5810 κᾶὶ
1037 5759 1085 5809 οἱ
1114 5761 1234 5825 μὲν,
1262 5770 1314 5814 ct
1349 5778 1492 5826 mox,
1521 5763 1839 5830 ὲξηρνοῦντο
1878 5763 1977 5833 τὴν
2021 5765 2117 5818 αὖ·

2224 5622 2330 5682 τῶν
2364 5628 2529 5704 ζωήν,
2561 5640 2614 5686 et
2636 5632 2796 5703 paulo
2823 5638 2963 5703 post,
2999 5627 3174 5704 ἕτεροι
3327 5632 3401 5700 μὴ
3436 5630 3794 5704 συναισθόμε-

2224 5716 2323 5753 νοι.
2357 5743 2368 5754 .
2399 5699 2883 5774 ἐπἰστραξρέντεςξ..
2914 5700 3194 5772 προσῆψαν
3218 5699 3488 5768 λέγοντες,
3512 5702 3630 5769 Τίς,
3687 5699 3792 5757 etc.
