4066 6388
268 277 380 332 485

1407 272 1810 332 DISPUTATIO
1846 273 2123 330 CONTRA
2165 272 2406 329 ARIUM.

3331 247 3348 268 ’
3420 285 3523 339 ιεο

275 396 426 457 eam;
475 393 773 464 ἀθεμ.τους
825 393 1202 465 συγκροτοῦσιν
1245 399 1293 448 οἰ
1328 397 1420 448 καὶ
1449 398 1508 450 τὸ
1541 396 1845 466 γαζοφυλά-

1951 412 2071 449 sum
2100 405 2456 466 congregant,
2489 395 2689 468 quibus
2717 407 2774 455 'e‘t
2807 415 2937 456 cura
2973 404 3340 476 gazOphylacii
3372 423 3523 463 com-

275 504 391 539 κιον
420 486 825 548 πιστευθέντες.
857 485 966 538 Οὐκ
988 485 1168 554 ἠγνόει
1195 487 1372 539 αὐτῶν
1395 487 1492 559 τὴν
1521 487 1844 560 σαθρότητα,

275 579 387 632 ἀλλ’
423 579 516 631 ἵνα
548 579 942 652 παρασκευάσῃ
972 578 1169 643 αὐτοὺς
1207 579 1275 633 τά
1305 579 1606 633 Δεσποτικά
1635 581 1848 653 χρωμέ-

271 689 396 735 νους
437 672 822 743 ἐτοιμοτάτους
853 671 961 743 (82)
990 668 1128 726 εἶναι
1155 673 1293 745 ὑπὲρ
1321 670 1414 725 τοῦ
1443 674 1712 727 Δεσπότου
1751 674 1848 728 άν-

269 759 580 833 δρίζεσθαι,
614 764 646 831 ἢ
679 766 820 819 κατὰ
842 765 933 818 τοῦ
969 764 1229 836 βασιλέως
1255 765 1431 818 αὐτῶν
1463 765 1850 836 στρατεύεσθαι

261 855 556 925 προφάσει
602 856 785 925 φιλίας
827 857 1112 928 κοσμικῆς.
1163 855 1226 910 Οἱ
1266 857 1526 918 τοιοῦτοι,
1558 857 1850 928 κλημάτων

277 945 430 1018 δίκην
457 948 838 1014 ἀγενεστάτων
861 949 953 1003 καὶ
974 947 1235 1019 ἀκάρπων
1257 948 1563 1019 ἐπέχοντες,
1588 967 1645 1002 τε
1654 951 1851 1021 μνόμε-

281 1055 356 1090 νοι
387 1038 444 1090 δὲ
474 1039 614 1110 πρὸς
651 1039 746 1093 τοῦ
778 1039 1042 1113 γεωργοῦ,
1067 1041 1400 1112 κατάϐρωμα
1434 1041 1603 1112 πυρὸς
1633 1044 1850 1096 αἰωνίου

280 1129 540 1199 γίνονται.
578 1133 770 1202 Ὅμως
803 1132 909 1185 τῶν
936 1130 1217 1203 χειμώνων
1246 1134 1334 1186 ἐπὶ
1373 1133 1506 1187 πολὺ
1543 1135 1852 1206 προσπελα-

282 1223 486 1276 σάντων
511 1227 579 1294 τῇ
607 1223 835 1295 ἀληθινῇ
861 1223 1106 1296 ἀμπέλῳ,
1135 1224 1276 1294 λέγω
1301 1225 1366 1293 δὴ
1404 1225 1480 1297 τῷ
1509 1225 1700 1296 Κυρίῳ
1744 1227 1850 1298 Ἰη-

283 1311 393 1375 σοῦ,
420 1313 498 1381 πὴ
539 1314 639 1382 μὲν
667 1313 1001 1384 βουλομένων
1027 1313 1239 1369 λιθάσαι
1267 1315 1376 1388 (85)
1400 1314 1847 1387 αὖτὸνΤραμμα-

279 1408 410 1460 τέων
441 1425 502 1461 τε
551 1410 648 1462 καὶ
678 1409 985 1482 Φαρισαίων
1005 1427 1018 1439 ·
1064 1410 1386 1481 φοϐηθέντες
1434 1411 1490 1464 δέ
1526 1411 1600 1482 μή
1634 1412 1850 1483 ἀναιρε-

280 1497 408 1550 θῶσι
455 1499 596 1570 πρὸς
641 1499 752 1552 τῶν
792 1499 964 1570 ὄχλων
1004 1500 1110 1553 τῶν
1152 1501 1244 1554 τὸν
1283 1500 1484 1572 Κύριον
1520 1501 1846 1570 φιλούντων,

255 1589 619 1644 ἐπαύσαντο·
658 1591 734 1660 πή
783 1591 840 1644 δέ
886 1590 1220 1662 βουλομένων
1260 1591 1612 1647 συλλαϐέσθαι
1661 1593 1844 1659 αὐτὸν,

279 1684 367 1735 καὶ
395 1682 489 1735 τοῦ
545 1679 722 1754 Ἰησοῦ
769 1684 842 1755 μή
876 1683 1323 1753 συγχωρήσαντος
1352 1683 1545 1766 αὐτοὺς
1579 1685 1848 1754 κρατῆσαι

1951 487 2117 542 missa
2155 496 2260 542 est.
2313 487 2429 542 Non
2465 489 2650 560 utique
2685 491 2988 549 'fmditatem
3014 512 3203 551 eorum
3240 499 3329 554 ille
3367 500 3522 570 igno-

1947 577 2126 637 rabat,
2176 578 2271 633 sed
2326 579 2430 633 hoc
2473 581 2604 650 egit,
2640 589 2700 634 ut
2745 582 2892 652 ipsos
2934 584 3230 642 Dominicis
3271 592 3522 658 pecuniis

1949 678 2164 725 utentes
2212 674 2590 740 paratissimos
2647 677 2830 746 potius
2885 680 3137 737 redderet
3185 684 3250 738 ad
3307 683 3523 739 fortiter

1949 777 2049 830 pro
2079 761 2309 819 Domino
2351 764 2743 834 dimicandum,
2776 787 2938 841 quam
2978 773 3046 826 ad
3087 774 3285 829 bellum
3327 785 3520 831 contra

1949 865 2130 921 regem
2184 869 2378 919 suum,
2425 867 2644 927 propter
2682 863 2866 917 mundi
2911 879 3171 929 amorem,
3221 869 3520 938 suscipien-

1951 941 2101 997 dum.
2132 943 2225 1007 Hi,
2258 947 2575 1016 ignobilium
2612 960 2669 1006 et
2703 955 2965 1009 sterilium
3005 959 3285 1026 palmitum
3317 961 3513 1023 instar,

1952 1033 2022 1085 ab
2060 1033 2297 1102 agricola
2345 1039 2564 1098 resecti.
2620 1041 2759 1110 ignis
2811 1046 2998 1099 aeterni
3051 1047 3306 1115 pabulum
3358 1049 3514 1106 lium.

1951 1121 2219 1178 Caeterum
2275 1124 2594 1195 frequentes
2653 1131 2847 1188 hiemis
2910 1138 3159 1204 procellae
3205 1140 3267 1194 in
3331 1158 3516 1197 veram

1949 1215 2138 1281 vitem,
2181 1217 2458 1277 Christum
2499 1219 2684 1277 Jesum
2722 1224 2996 1290 videlicet,
3031 1229 3327 1295 irruerunt,
3356 1249 3518 1286 cum-

1949 1323 2058 1377 que
2113 1311 2311 1366 scriba:
2351 1321 2408 1368 et
2461 1312 2720 1370 Pharisaei
2763 1316 2951 1385 ipsum
2995 1321 3196 1375 vellent
3245 1323 3516 1393 lapidibus

1951 1400 2207 1468 obruere,
2241 1405 2401 1460 veriti
2447 1423 2516 1462 ne
2563 1423 2592 1460 a
2644 1408 2821 1463 turbis
2869 1410 3152 1466 Dominum
3198 1419 3516 1471 'amantilms

1951 1490 2408 1559 interﬁcerentur,
2454 1498 2522 1551 ab
2553 1499 2784 1569 inceptis
2830 1499 3194 1569 destiterunt;
3245 1508 3515 1560 camitem

1950 1583 2084 1640 alias
2125 1585 2304 1656 ipsum
2344 1589 2542 1643 vellent
2579 1593 3054 1659 comprehendere,
3099 1611 3204 1650 non
3232 1602 3518 1652 concessit

1947 1673 2130 1741 Jesus,
2174 1677 2346 1734 donec
2399 1680 2707 1737 advenisset
2755 1682 2885 1736 hora
2924 1694 2976 1738 et
3015 1683 3152 1749 dies,
3198 1702 3356 1756 quem
3400 1689 3516 1758 ipse

275 1773 452 1836 αὑτὸν,
477 1774 591 1836 ἕως
616 1776 648 1844 ἡ
681 1774 1064 1845 προωρισμένη
1095 1772 1186 1824 ὑπ’
1208 1763 1374 1826 αὐτού
1399 1774 1490 1826 τοῦ
1517 1776 1719 1846 Κυρίου
1748 1774 1850 1845 πρὸ

1954 1763 2218 1822 Dominus
2251 1778 2377 1824 ante
2424 1773 2622 1824 saecula
2655 1773 3005 1842 prmlinicrat,
3045 1792 3152 1846 qua
3188 1779 3362 1846 ipsum
3395 1780 3512 1848 pati

274 1864 378 1916 τῶν
409 1863 631 1917 αἰώνων
671 1864 790 1934 ὥρα
818 1864 908 1916 καὶ
936 1864 1118 1934 ήμέρα
1155 1864 1548 1935 παραγένηται,
1588 1866 1645 1917 ἐν
1741 1864 1847 1917 ἔδει

277 1955 430 2008 αὐτὸν
454 1955 680 2013 παθεῖν.
726 1955 814 2007 Ἐν
836 1953 976 2024 ἄλλῳ
997 1954 1052 2006 δέ
1075 1953 1250 2024 καιρῷ
1282 1953 1538 2008 θελόντων
1567 1954 1726 2007 τινῶν
1751 1971 1851 2007 xa-

276 2048 649 2118 τακρημνίσαι
685 2046 875 2110 αὐτὸν,
911 2045 1002 2098 καὶ
1033 2045 1196 2099 αὐτοῦ
1232 2048 1289 2098 ἐν
1321 2047 1509 2118 εἰρήνῃ
1555 2045 1642 2098 διὰ
1683 2045 1848 2116 μέσου

275 2139 448 2192 αὐτῶν
476 2137 915 2208 διεξεληλυθότος
944 2138 1076 2208 (84),
1104 2138 1199 2191 καὶ
1239 2139 1403 2210 μυρία
1427 2134 1493 2208 ἦν
1523 2138 1592 2192 τὰ
1624 2139 1850 2210 ἐπερχό-

278 2247 406 2299 μενα
448 2231 824 2300 πειρατήρια,
862 2228 917 2293 ἃ,
957 2229 1357 2300 προσϐάλλοντα
1390 2232 1482 2282 καὶ
1514 2231 1847 2301 κωλυόμενοι,

257 2323 349 2384 ἐἰς
380 2323 438 2375 τὸ
470 2321 644 2392 μηδὲν
675 2321 942 2392 ἐρχόμενα
971 2321 1228 2393 ἐχώρουν.
1277 2323 1422 2375 Ἑκεί
1443 2323 1500 2375 δὲ
1530 2325 1562 2393 ἡ
1588 2323 1728 2395 ἀρχὴ
1756 2323 1848 2377 τοῦ

276 2414 387 2466 νέου
417 2413 601 2477 ἔτους.
639 2406 684 2480 ᾦ
707 2411 884 2484 καιρῷ
916 2412 1020 2466 ἔδει
1051 2413 1113 2465 τὸ
1145 2412 1332 2483 Πάσχα
1359 2412 1580 2465 θύεσθαι
1611 2412 1753 2466 κατά
1781 2413 1849 2466 τὰ

275 2501 638 2555 θεσπισθέντα
691 2502 841 2573 παρὰ
888 2501 982 2554 τοῦ
1041 2503 1277 2573 Κυρίου,
1325 2503 1472 2556 λύειν
1526 2505 1623 2574 μὲν
1672 2505 1851 2558 πάντα

279 2595 579 2665 σύνδεσμον
617 2593 850 2658 ἀδικίας,
880 2594 1295 2666 προστάγματος
1327 2592 1469 2646 θείου
1499 2595 1852 2666 φοιτήσαντος

275 2688 403 2757 πρὶς
436 2688 668 2749 αὐτοὺς,
716 2684 1104 2755 ἐλεημοσύναις
1140 2685 1198 2739 δὲ
1241 2683 1688 2755 ἐξιλασκομένους
1722 2687 1849 2738 ἐαυ-

275 2781 392 2842 τοὺς
435 2777 823 2849 προπικειοῦν
866 2776 944 2847 τῷ
989 2775 1138 2848 Θεῷ,
1178 2775 1252 2847 μὴ
1286 2775 1586 2847 ἐχθραίνειν
1618 2775 1675 2828 δὲ
1714 2775 1850 2847 πρὸς

276 2871 356 2923 τὸν
388 2869 662 2941 πλησίονξ,
699 2869 835 2941 μήτε
867 2870 973 2940 μὴν
1014 2868 1194 2938 ζητεῖν
1225 2869 1370 2922 κακά
1405 2869 1543 2922 κατά
1571 2885 1714 2930 τινος
1752 2867 1848 2919 ἀν-

275 2963 495 3034 θρώπου
527 2961 620 3015 διὰ
646 2961 708 3014 τὸ
734 2960 908 3014 κοινὸν
933 2959 1027 3013 τοῦ
1068 2961 1256 3029 γένους
1274 3000 1288 3024 ,
1326 2961 1438 3014 ἀλλ’
1469 2962 1655 3032 εἰρήνῃ
1684 2959 1851 3014 καθα-

277 3055 554 3125 ρωτάτους
589 3051 750 3116 ὂντας
776 3052 984 3106 κελεύει
1013 3052 1309 3124 προσάγειν
1336 3052 1436 3124 τήν
1461 3053 1740 3122 λατρείαν.

1947 1859 2262 1927 oportebat.
2285 1859 2408 1914 Alio
2450 1877 2644 1918 rursus
2688 1872 2932 1935 tempore
2976 1883 3100 1921 cum
3141 1871 3356 1938 quidam
3390 1887 3515 1928 eum

1947 1947 2146 2002 vellent
2167 1951 2533 2020 praecipitare,
2574 1953 2689 2022 ipse
2720 1956 2902 2024 quiete
2936 1972 3031 2026 per
3063 1960 3300 2015 medium
3329 1979 3519 2018 eorum

1948 2041 2118 2095 exivit
2143 2042 2210 2097 “.
2236 2040 2669 2098 Innumerabiles
2697 2046 2813 2099 alite
2839 2046 2990 2101 luere
3010 2051 3363 2108 tentationes.
3400 2070 3522 2124 quae

1951 2130 2326 2200 impendentes
2355 2133 2606 2187 cohibitae
2635 2144 2781 2197 sunt,
2815 2144 2869 2189 et
2893 2136 2947 2190 in
2989 2138 3218 2193 nihilum
3246 2143 3518 2201 abierunt.

1950 2214 2087 2272 Tum
2126 2234 2256 2274 vero
2293 2221 2417 2275 novi
2449 2223 2578 2275 anni
2609 2223 2935 2293 principium
2967 2235 3105 2289 erat,
3141 2244 3249 2297 quo
3275 2237 3523 2300 tempore

1944 2307 2098 2376 juxta
2123 2308 2336 2364 Domini
2359 2321 2708 2382 praeceptum,
2735 2311 2942 2368 Pascha
2961 2315 3348 2373 immolandum
3379 2329 3517 2374 erat.

1949 2399 2109 2455 Jubet
2137 2409 2344 2468 autem,
2391 2410 2450 2456 ut
2495 2403 2630 2473 ipsis
2676 2405 2963 2474 imperavit
3012 2405 3176 2470 Deus,
3220 2417 3382 2464 Omne
3421 2427 3518 2466 eos

1951 2493 2258 2562 iniquitatis
2302 2494 2583 2548 vinculum
2622 2496 2854 2562 solvere,
2889 2497 3167 2568 Deumque
3197 2499 3302 2554 sibi
3335 2503 3519 2571 propi-

1951 2585 2086 2638 tium
2127 2592 2181 2640 et
2224 2586 2578 2655 coniunctum
2622 2587 2987 2660 eleemosyuis
3035 2590 3284 2653 reddere.
3333 2595 3518 2662 proxi-

1951 2691 2100 2729 mum
2148 2691 2258 2731 non
2306 2677 2434 2732 odio
2483 2678 2702 2743 habere,
2748 2695 2846 2735 nec
2899 2681 3030 2750 quid
3081 2682 3203 2736 mali
3255 2683 3518 2741 adversus

1951 2768 2262 2838 quempiam
2295 2769 2498 2833 moliri,
2529 2771 2600 2825 ob
2621 2774 3066 2827 communionem
3098 2775 3322 2830 humani
3347 2794 3518 2848 gene-

1953 2861 2048 2924 ris,
2083 2861 2178 2917 sed
2198 2877 2321 2916 cum
2354 2878 2488 2932 pace
2513 2870 2566 2918 et
2602 2879 2814 2919 summa
2843 2868 3035 2921 anima:
3067 2868 3334 2923 munditia
3361 2870 3518 2925 debi-

1946 2961 2065 3008 tum
2101 2953 2211 3010 Deo
2235 2955 2442 3010 cultum
2471 2955 2748 3012 exhibere.

335 3148 427 3202 56.
485 3148 575 3211 Ὠς
601 3148 660 3199 ἐν
689 3144 868 3217 καιρῷ
896 3141 986 3199 οὗν
1028 3147 1250 3218 εἰρήνης
1293 3145 1388 3199 καὶ
1431 3145 1624 3216 ἑορτῆς
1655 3145 1779 3215 ἥκει
1824 3147 1850 3198 ὁ

2021 3135 2112 3190 56.
2151 3134 2339 3208 Itaque
2394 3138 2545 3208 pacis
2596 3145 2651 3192 et
2697 3137 2823 3194 {esti
2873 3139 3041 3196 veluti
3080 3148 3326 3212 tempore
3367 3145 3518 3199 venit

285 3235 494 3307 Ἰησοῦς
534 3237 617 3299 εἰς
661 3234 1006 3306 Ἱεροσόλυμα
1044 3235 1140 3287 σὺν
1188 3236 1298 3297 τοῖς
1347 3233 1610 3304 μαθηταῖς
1659 3233 1846 3298 αὑτοῦ,

253 3329 362 3400 οὐχ
395 3330 476 3392 ὡς
510 3327 722 3396 ἀγνοῶν
756 3327 826 3380 τὰ
861 3325 1118 3398 μέλλοντα
1165 3325 1311 3397 αὐτῷ
1344 3325 1681 3397 συμϐαίνειν,
1714 3325 1848 3379 ἀλλὰ

275 3421 359 3472 καί
387 3437 454 3488 γε
481 3419 692 3488 σφόδρα
719 3417 1022 3487 γινώσκων.
1063 3417 1278 3489 Ἀμέλει
1299 3419 1352 3487 γ’
1369 3413 1468 3470 οὖν
1494 3418 1586 3471 καὶ
1611 3420 1722 3481 τοῖς
1749 3435 1849 3488 μα-

255 3509 459 3580 θηταῖς
498 3508 821 3579 προειρήκει
849 3506 916 3559 τὰ
935 3506 1180 3576 ἑπόμενα
1204 3506 1315 3577 (85)
1335 3524 1348 3536 ·
1391 3526 1410 3558 ι
1463 3506 1592 3560 Ἰδοὺ
1621 3505 1846 3560 ἀναϐαί-

273 3613 428 3666 νομεν
462 3596 548 3658 εἰς
588 3594 954 3666 Ἱεροσόλυμα,
985 3596 1078 3649 καὶ
1097 3598 1126 3650 ὁ
1156 3596 1281 3660 Υἱὸς
1304 3594 1398 3649 τοῦ
1427 3594 1712 3667 ἀνθρώπου
1746 3612 1849 3648 πα-

273 3688 626 3760 ραδοθήσεται
675 3687 757 3750 εἰς
807 3686 904 3750 τὰς
953 3690 1141 3760 χεῖρας
1178 3687 1286 3742 τῶν
1327 3687 1710 3760 πρεσϐυτέρων
1754 3687 1848 3740 καὶ

273 3779 373 3835 τῶν
392 3779 797 3853 γραμματέων,
813 3779 905 3832 καὶ
922 3779 1333 3852 παραδώσουσιν
1345 3779 1504 3833 αὐτὸν
1517 3783 1628 3843 τοῖς
1648 3779 1845 3844 ἔθνεσι,

274 3875 362 3926 καὶ
390 3871 819 3944 κατακρινοῦσιν
845 3871 1005 3926 αὑτὸν
1043 3873 1276 3944 θανάτῳ.
1321 3893 1340 3925 ι
1379 3873 1496 3925 Ἵνα
1529 3867 1620 3926 οὖν
1647 3873 1707 3925 τὸ
1737 3871 1848 3926 άδι-

263 3981 362 4017 »κον
403 3963 503 4018 τοῦ
551 3962 872 4034 παρανόμου
919 3963 1376 4035 συναθροίσματος
1420 3963 1528 4018 τῶν
1581 3963 1849 4017 Ἰουδαίων

258 4053 529 4126 εδιαφανῇ,
560 4052 906 4125 εἰσελήλυθεν
951 4054 984 4125 ή
1029 4056 1220 4127 εἰρήνη
1260 4058 1340 4119 εἰς
1381 4055 1743 4127 Ἱεροσόλυμα.
1783 4057 1846 4108 Οἰ

259 4143 327 4196 εδέ
355 4144 460 4215 τῆς
492 4145 720 4217 εἰρήνης
747 4143 1014 4216 ἀλλότριοι
1049 4147 1356 4218 ἑωρακότες
1379 4147 1810 4219 διεταράχθησαν
1828 4165 1842 4179 ο

276 4235 464 4307 ἐχθρὸν
494 4236 608 4306 γὰρ
634 4235 914 4306 πολεμίοις
952 4237 1045 4292 καὶ
1076 4239 1422 4310 ἀνδροφόνοις
1461 4241 1671 4313 εἰρήνη.
1712 4241 1847 4293 Χαί-

278 4343 387 4398 ρειν
409 4327 521 4398 γὰρ
546 4326 747 4398 μᾶλλον
777 4326 1046 4396 πεφύκασι
1065 4331 1178 4392 τοῖς
1203 4333 1390 4393 κακοῖς
1413 4330 1556 4402 ήπερ
1577 4333 1688 4394 τοῖς
1712 4332 1846 4398 ἀγα-

278 4417 386 4481 θοῖς
425 4417 611 4490 ἔργοις
637 4417 740 4471 καὶ
771 4418 837 4487 τῇ
874 4418 1218 4490 καρποφορίᾳ
1261 4419 1360 4489 τῆς
1408 4421 1647 4491 εἰρήνης.
1695 4421 1756 4473 Oi
1790 4420 1845 4473 δέ

1953 3225 2114 3284 Jesus
2133 3227 2530 3301 Jerosolymam
2559 3243 2685 3285 cum
2730 3231 2848 3288 suis
2885 3231 3187 3304 discipulis,
3216 3250 3324 3290 non
3353 3236 3515 3291 veluti

1954 3318 2213 3390 ignorans
2264 3336 2385 3391 quae
2439 3321 2543 3376 sibi
2607 3329 2834 3376 ventura
2885 3332 3080 3388 erant,
3141 3326 3237 3381 sed
3285 3329 3520 3382 maxime

1953 3425 2016 3466 ea
2035 3413 2313 3482 explorata
2333 3412 2557 3469 habens.
2578 3412 2711 3468 Hinc
2727 3425 2879 3470 certe
2901 3431 3020 3485 qua:
3034 3424 3340 3486 sequuntur
3359 3419 3519 3474 disci-

1955 3501 2094 3568 pulis
2117 3501 2362 3571 praedixit
2397 3522 2410 3556 :
2441 3521 2460 3553 ι
2497 3502 2635 3557 Ecce
2667 3504 3014 3558 ascendimus
3033 3504 3519 3576 Jerosolymam,et

1952 3589 2124 3646 Filius
2153 3591 2390 3647 hominis
2420 3592 2667 3647 tradetur
2712 3594 2773 3647 in
2823 3595 3079 3650 manibus
3127 3598 3406 3652 seniorum
3461 3608 3517 3652 et

1954 3683 2276 3746 scribarum,
2306 3691 2363 3738 et
2392 3684 2608 3738 tradent
2645 3699 2768 3738 eum
2799 3686 3072 3754 gentibus,
3103 3697 3156 3741 et
3185 3687 3518 3743 condemna-

1954 3775 2089 3830 bunt
2125 3791 2248 3830 eum
2288 3783 2465 3830 morte
2492 3776 2558 3826 ⁸⁷.
2599 3793 2618 3826 ι
2655 3773 2726 3829 Ut
2765 3791 2895 3846 ergo
2941 3777 3160 3846 iniustae
3201 3776 3513 3832 Judteorum

1953 3867 2128 3920 turbat
2172 3872 2458 3936 appareret
2491 3864 2778 3934 iniquitas,
2832 3881 2936 3936 pax
2982 3865 3380 3937 Jerosolymam
3431 3869 3517 3923 in-

1951 3958 2157 4023 troivit,
2189 3973 2351 4029 quam
2378 3958 2470 4013 ubi
2500 3973 2832 4028 conspexere
2868 3957 3040 4028 ipsius
3070 3958 3276 4023 hostes,
3308 3961 3516 4016 turbati

1953 4059 2082 4106 sunt
2116 4069 2129 4105 :
2164 4066 2269 4122 pax
2300 4050 2446 4104 enim
2480 4049 2732 4106 hostibus
2754 4059 2809 4106 et
2839 4051 3127 4108 homicidis
3157 4051 3380 4107 inimica
3405 4065 3512 4110 est.

1951 4141 2016 4196 Hi
2077 4142 2219 4198 enim
2278 4142 2436 4197 malis
2469 4143 2649 4211 potius
2707 4158 2870 4212 quam
2928 4143 3086 4198 bonis
3145 4144 3404 4213 operibus
3457 4157 3514 4200 et

1952 4234 2224 4290 fructibus
2258 4234 2409 4304 pacis
2439 4235 2618 4289 solent
2639 4233 2920 4290 delectari.
2950 4233 3032 4289 Illi
3064 4250 3190 4290 vero
3224 4247 3513 4308 postquam

1953 4329 2129 4398 ipsum
2189 4327 2612 4392 observassent,
2669 4328 2898 4385 ensibus
2961 4327 3155 4383 armati
3214 4330 3395 4385 subito
3453 4331 3510 4384 in

1951 4421 2130 4475 locum
2157 4420 2407 4487 irruuut,
2441 4421 2536 4476 ubi
2567 4429 2683 4476 erat
2717 4419 2878 4476 Jesus
2904 4434 3028 4475 cum
3063 4420 3178 4477 suis
3202 4419 3506 4491 discipulis.

266 4509 760 4580 -ὲπιτηρησάμενοι,
785 4507 936 4576 ἄφνω
957 4508 1274 4572 ἐπιστάντες
1301 4507 1546 4580 ξιφήρεις
1572 4507 1650 4578 τῷ
1672 4508 1841 4580 τόπῳ,

1950 4509 2086 4564 Tum
2124 4526 2316 4568 omnes
2355 4511 2893 4580 circumspicientes,
2940 4510 3182 4580 impuras
3226 4527 3420 4566 manus
3455 4513 3509 4565 iu

270 4599 400 4653 ἔνθα
426 4597 496 4671 ἧν
530 4600 628 4653 σὺν
659 4601 772 4662 τοῖς
813 4599 1080 4671 μαθηταῖς
1121 4603 1151 4654 ὁ
1197 4601 1403 4671 Ἰησοῦς
1423 4639 1436 4664 ,
1473 4601 1844 4672 κατοπτρισά-

285 4708 422 4761 μενοι
447 4693 686 4754 ἃπαντες
719 4689 854 4762 (86),
879 4691 936 4746 ἐν
963 4692 1198 4764 πρώτοις
1226 4693 1570 4746 ἐπιϐάλλουσι
1592 4693 1688 4756 τὰς
1721 4710 1846 4762 μια-

285 4783 376 4854 ράς
403 4786 590 4855 χεῖρας
613 4781 794 4836 αὐτῶν
822 4784 908 4836 ἐπ’
937 4783 1116 4850 αὐτὸν,
1155 4783 1234 4838 ἔτι
1255 4784 1363 4838 τῶν
1400 4783 1653 4856 μαθητῶν
1677 4784 1842 4839 αὐτοῦ

285 4879 622 4933 συνεστώτων
639 4878 810 4950 αὐτῷ.
845 4878 902 4932 '0
923 4879 980 4931 δέ
1002 4897 1165 4952 φησιν
1186 4880 1474 4950 εἰρηνικῶς
1495 4881 1606 4942 τοῖς
1635 4878 1844 4950 μιαιφό-

285 4984 416 5031 νοις·
464 4988 486 5022 ι
526 4969 591 5022 Εἰ
640 4967 744 5039 ἐμὲ
776 4968 1016 5038 ζητεῖτε,
1060 4970 1226 5039 ἄφετε
1270 4970 1489 5033 τούτους
1522 4968 1772 5037 ὑπάγειν.
1819 4987 1836 5019 ι

285 5060 395 5115 Τῶν
418 5061 474 5115 δὲ
508 5060 768 5134 μαθητῶν
797 5061 1113 5128 ἑωρακότων
1135 5059 1204 5114 τὰ
1229 5058 1468 5133 δύσφορα
1490 5061 1838 5131 πειρατήρια,

284 5152 357 5223 μὴ
381 5153 662 5227 παρούσης
695 5153 878 5216 αὐτοῖς
913 5153 1011 5222 τῆς
1042 5152 1322 5223 δυνάμεως
1348 5153 1440 5205 τοῦ
1467 5151 1623 5221 άγίου
1669 5150 1840 5205 Πνεύ-

286 5260 461 5312 ματος,
501 5245 892 5308 καταλιπόντες
919 5243 1080 5298 αὐτὸν
1116 5244 1207 5296 τὸν
1248 5243 1562 5298 διδάσκαλον
1595 5245 1688 5297 καὶ
1726 5241 1839 5294 Κύ-

1946 4601 2130 4670 «ipsum
2160 4601 2216 4656 in
2253 4601 2445 4672 primis
2480 4599 2754 4670 injiciunt,
2779 4617 2902 4655 cum
2948 4602 3124 4656 adhuc
3155 4610 3342 4656 essent
3385 4618 3512 4656 cum

1950 4710 2015 4748 eo
2051 4694 2325 4765 discipuli.
2366 4693 2434 4747 At
2467 4695 2557 4749 ille
2603 4694 2907 4750 homicidas
2951 4695 3174 4762 paciﬂce
3204 4693 3288 4749 his
3329 4694 3512 4749 verbis

1950 4787 2243 4856 alloquitur
2274 4805 2289 4842 :
2327 4805 2345 4837 ι
2387 4784 2444 4840 Si
2477 4802 2562 4841 me
2591 4787 2855 4856 quaeritis,
2883 4786 3044 4841 sinite
3075 4787 3174 4842 hos
3200 4787 3349 4840 abire
3380 4787 3443 4840 ⁸⁸.
3485 4805 3505 4835 ›

1954 4879 2210 4950 Discipuli
2271 4894 2401 4934 vero
2463 4879 2786 4950 gravissima
2863 4886 3184 4933 contuentes
3243 4877 3507 4947 pericula,

1949 4989 2072 5027 cum
2122 4972 2254 5042 ipsis
2323 4986 2434 5025 non
2496 4970 2714 5026 adesset
2761 4969 2937 5024 sancti
3017 4967 3253 5038 Spiritus
3313 4967 3510 5028 virtus.

1950 5061 2208 5132 magistro
2236 5075 2300 5114 ac
2329 5059 2560 5113 Domino
2582 5059 2794 5117 relicto.
2827 5072 2887 5110 se
2920 5058 2974 5110 in
3009 5055 3188 5124 fugam
3219 5053 3506 5108 dederunt.

1949 5149 2028 5204 llli
2074 5165 2202 5204 vero
2253 5147 2469 5203 Satanae
2515 5147 2796 5203 domestici
2853 5145 3382 5214 comprehenderunt
3423 5143 3514 5197 Je-

1948 5255 2088 5305 sum,
2134 5255 2294 5308 quem
2328 5239 2382 5293 in
2418 5238 2680 5292 Calvarite
2721 5239 2898 5290 locum
2944 5235 3239 5298 duxerunt,
3279 5243 3337 5288 ut
3389 5249 3513 5288 eum

347 5397 389 5429 ⁸⁸
425 5398 558 5456 Luc.
595 5415 673 5465 tv,
709 5397 800 5452 50.
874 5399 918 5429 ⁸⁷
960 5398 1149 5454 Matth.
1187 5415 1253 5453 xx
1278 5440 1291 5463 ,
1331 5399 1416 5454 l8.
1494 5398 1538 5429 ⁸⁸
1573 5394 1735 5454 Joan.
1772 5411 1942 5459 xvm,
1980 5395 2034 5450 8.

345 5571 451 5643 (8‘2)
494 5572 634 5642 Reg.
656 5573 778 5643 τοῖς
806 5571 1136 5637 δεσωτικοῖς
1168 5571 1466 5643 χρωμένοις
1495 5570 1837 5640 ἐτοιμότατα.

364 5640 450 5713 85)
479 5640 625 5713 Aug.
655 5640 1000 5713 ltiltiqacﬂat.

345 5571 430 5642 (8‘2
494 5572 634 5642 Reg.
665 5573 778 5633 τοίς
806 5571 1049 5626 δεσποτικ

364 5645 429 5697 85
479 5645 625 5713 Aug.
655 5640 1000 5694 λιθάσασθαι.

338 5571 451 5787 (Μέ
475 5716 620 5785 Aug.
655 5710 1049 5780 ἐξεληλυθὰτος.

2019 5568 2130 5640 (85)
2161 5565 2292 5640 lies
2323 5568 2574 5640 ἐσόμενατ

2020 5569 2106 5640 (85
2161 5569 2292 5638 Reg.
2323 5569 2574 5637 ἐσόμενα.

2020 5569 2130 5712 (86)
2162 5638 2235 5693 Ita
2263 5653 2394 5692 mss.
2440 5636 2581 5691 Editi
2611 5650 2759 5700 vero,
2790 5637 3022 5690 ἅπαντα.
