4066 6388
580 378 691 435 487

1749 372 1806 425 S.
1846 367 2307 424 ATHANASIUS.
2350 396 2419 406 —
2461 362 2729 418 SPURlA.

3741 351 3845 406 188

577 496 662 551 ibi
703 494 1105 564 cruciﬁgerent,
1144 506 1255 561 quo
1301 489 1444 545 facto
1487 490 1674 544 omnia
1719 490 2157 560 adimpleverunt

2262 501 2373 557 ριον
2403 485 2547 553 φυγῇ
2577 481 2898 552 ἐχρήσαντο.
2935 476 2999 529 Οἱ
3025 475 3083 528 δὲ
3111 475 3302 543 οἰκεῖοι
3332 466 3429 525 τοῦ
3460 468 3695 564 Σατανᾷ,
3721 466 3846 564 συλ-

571 596 709 651 qua:
736 592 895 634 antea
933 579 1003 633 de
1051 579 1145 633 illo
1173 579 1379 648 scripta
1408 587 1586 641 erant,
1620 594 2064 649 suspensumque
2111 579 2165 632 in

571 686 774 733 ‘cruce,
826 668 991 723 veluti
1041 668 1209 722 vitem
1255 668 1311 722 in
1364 668 1714 738 pedamento,
1770 666 2024 722 ﬁxerunt.
2072 666 2168 721 Ille

585 768 767 816 autent
815 760 967 815 solus
1014 759 1069 813 in
1115 775 1281 815 cruce
1329 760 1576 826 relictus,
1608 761 1747 819 duos
1773 760 1858 814 vel
1899 768 2014 813 tres
2053 759 2169 827 pal-

585 851 747 906 mites
788 851 955 905 veluti
1000 850 1207 906 habens
1229 896 1242 917 ,
1278 852 1439 923 176
1468 868 1665 906 manus
1696 853 1753 905 in
1781 859 2163 925 transversum

494 931 499 935 ’
567 943 864 1013 expandit,
912 951 1079 1012 caput
1126 959 1257 998 vero
1296 960 1420 998 cum
1472 953 1693 1015 pectore
1736 954 1791 998 et
1839 943 2073 1013 pedibus
2108 941 2164 995 in

572 1042 817 1087 rectum.
846 1032 1183 1088 Cmterorum
1214 1050 1346 1089 vero
1378 1036 1661 1105 palmitum
1681 1050 1839 1090 coma
1869 1036 2159 1105 spoliatus.

583 1122 754 1179 clavis
778 1132 834 1179 et
861 1125 1049 1179 lancea
1080 1127 1420 1189 vulneratus,
1452 1136 1645 1182 sancto
1671 1128 1956 1198 sanguine,
1983 1135 2160 1182 scate-

584 1213 699 1270 bra:
745 1218 941 1283 instar,
988 1218 1284 1288 lacrymari
1333 1220 1520 1289 cmpit.
1557 1218 1800 1291 Repente
1828 1231 2008 1276 autem
2041 1228 2163 1292 post

572 1306 829 1361 triduum
882 1308 1207 1371 resurrexit,
1268 1309 1325 1362 in
1374 1311 1547 1376 nullo,
1599 1311 1748 1381 quod
1804 1319 1967 1365 antea
2021 1322 2161 1373 erat,

581 1398 913 1464 diminutus,
938 1401 1035 1456 sed
1066 1400 1261 1470 majori
1297 1402 1479 1472 potius
1503 1417 1626 1456 cum
1657 1403 1829 1473 gloria
1872 1419 2160 1473 apparens,

568 1505 753 1561 .seque
793 1496 960 1546 vitam
1007 1509 1131 1549 esse
1162 1494 1418 1549 cordibus
1448 1493 1847 1564 discipulorum
1885 1495 2045 1551 ﬁdem
2078 1495 2161 1549 fa—

568 1581 758 1636 ciens.
810 1581 1016 1650 Majore
1066 1583 1262 1640 deinde
1313 1600 1476 1655 quam
1522 1595 1680 1641 antea
1740 1587 2008 1656 producto
2062 1605 2164 1643 nu-

569 1684 754 1731 Imero,
791 1671 1189 1742 discipulorum
1244 1673 1504 1727 nimirum
1554 1681 1758 1737 turma,
1806 1683 1929 1745 post
1976 1692 2163 1731 resur-

2268 577 2555 647 λαϐόμενοι
2580 574 2669 627 τὸν
2713 569 2942 642 Ἰησοῦν,
2977 568 3202 638 ἄγουσιν
3240 564 3334 619 ἐπὶ
3362 563 3455 617 τὸν
3484 560 3724 634 Κρανίου
3753 560 3846 614 τέ-

2268 685 2389 732 πον,
2442 668 2521 730 είς
2549 666 2611 719 τὸ
2649 661 2960 733 σταυρῶσαι
3003 659 3164 712 αὐτὸν
3211 659 3345 721 ἐκεῖ,
3382 655 3599 709 ἅπαντα
3642 651 3845 723 ἐκπλη-

2268 757 2540 831 ρώσαντες
2560 755 2628 810 τὰ
2655 755 2783 824 πρὶν
2808 754 2894 805 ἐπ’
2917 748 3067 820 αὐτῷ
3089 745 3473 819 γεγραμμένα,
3498 744 3594 797 καὶ
3616 743 3847 814 ἀναρτή-

2270 812 2481 913 σαντες,
2520 812 2834 915 κατέπηξαν
2873 840 3057 911 αὐτὸν,
3092 842 3169 904 ὡς
3208 840 3301 894 ἐπὶ
3332 838 3537 916 χάρακι
3578 812 3875 937 autem”!

2268 942 2361 997 ἐπὶ
2402 939 2495 996 τοῦ
2533 938 2785 1010 σταυροῦ.
2827 938 2887 993 Ὀ
2913 935 2971 992 δὲ
3014 937 3395 1006 καταλειφθεὶς
3434 935 3592 1007 μόνος
3624 933 3718 987 ἐπὶ
3756 933 3865 1023 τοῦέ

2271 1032 2506 1106 σταυροῦ
2561 1032 2694 1105 (87),
2753 1031 2942 1102 ῶσπερ
2994 1028 3325 1100 δικλήματος
3380 1026 3415 1097 ἢ
3476 1025 3850 1098 τρικλήματος

2267 1127 2576 1190 ἐκπετάσας
2610 1124 2755 1180 κατὰ
2795 1124 2893 1195 μὲν
2926 1122 3022 1176 τοῦ
3056 1121 3285 1191 πλαγίου
3313 1118 3413 1184 τάς
3450 1122 3674 1192 χεῖρας,
3710 1118 3849 1172 κατὰ

2270 1222 2329 1275 δὲ
2370 1219 2463 1273 τοῦ
2503 1217 2665 1290 ὀρθοῦ
2716 1215 2955 1288 κεφαλὴν
2990 1216 3087 1269 σὺν
3125 1212 3336 1286 θώρακι
3386 1212 3501 1284 ἅμα
3536 1211 3685 1265 ποσί.
3742 1210 3846 1262 Πε-

2267 1310 2634 1385 ριαιρεθείσης
2665 1308 2722 1362 δὲ
2751 1307 2853 1379 τῆς
2892 1307 3069 1380 κόμης
3098 1307 3315 1375 ἁπάσης
3344 1303 3452 1359 τῶν
3479 1302 3683 1356 λοιπῶν
3719 1299 3849 1370 κλη-

2268 1401 2474 1472 μάτων,
2525 1398 2755 1468 πληγεὶς
2804 1396 2941 1467 πρὸς
2985 1395 3094 1450 τῶν
3138 1394 3283 1466 ἥλων
3337 1393 3432 1447 καὶ
3481 1392 3581 1462 τῆς
3621 1390 3844 1460 λόγχης,

2263 1494 2493 1563 ἐδάκρυε
2541 1489 2623 1562 τῷ
2671 1490 2813 1561 ἁγίῳ
2855 1489 3050 1559 αἵματι
3093 1485 3406 1558 κρουνηδόν.
3452 1483 3746 1552 Αίφνιδίως
3788 1482 3845 1536 δὲ

2262 1584 2462 1656 ἀνέστη
2488 1584 2806 1655 τριήμερος,
2841 1581 3007 1653 μηδὲν
3037 1579 3308 1651 μειωθεὶς,
3344 1578 3479 1649 ὅπερ
3500 1572 3568 1647 ἦν
3602 1575 3665 1629 τὸ
3691 1574 3841 1650 πρὶν,

2266 1675 2465 1744 μᾶλλον
2485 1676 2541 1729 δὲ
2563 1674 2898 1744 ἐνδοξότερος
2920 1671 3195 1740 ἐκφανεὶς,
3219 1670 3397 1723 πίστει
3423 1668 3529 1738 πλη
3534 1668 3844 1739 ροφορήσας

571 1764 909 1827 rectionem,
956 1781 1064 1820 non
1106 1766 1161 1820 in
1205 1765 1392 1820 «Iudaea
1440 1774 1674 1831 tantum,
1712 1766 1807 1822 sed
1847 1786 1867 1818 ι
1916 1769 2158 1823 extendit

2263 1767 2361 1831 τὰς
2389 1767 2615 1839 καρδίας
2641 1765 2749 1819 τῶν
2786 1763 3040 1836 μαθητῶν
3068 1758 3201 1816 εἷναι
3230 1761 3389 1815 αὐτὸν
3414 1761 3513 1832 τὴν
3540 1752 3704 1830 ζωήν.
3740 1759 3847 1812 Πο-

585 1853 840 1922 palmites
875 1870 1006 1910 suos
1036 1870 1209 1925 usque
1233 1854 1299 1908 ad
1324 1871 1495 1918 mare,
1527 1857 1743 1927 operuit
1784 1865 1997 1928 montes
2040 1875 2158 1912 um-

2264 1830 2359 1915 λὺν
2391 1861 2448 1914 δὲ
2467 1830 2702 1931 ἀριθμὸν
2729 1830 3057 1930 βλαστησας,
3083 1856 3239 1927 ὄχλον
3275 1830 3532 1926 μαθητῶν
3564 1853 3703 1925 μετὰ
3744 1851 3845 1923 τὴν

584 1943 682 1997 bra
705 1943 847 2014 ejus.
896 1953 949 1999 et
992 1948 1219 2000 arbusta
1252 1946 1372 2016 ejus
1397 1948 1590 2002 cedros
1626 1947 1717 2002 Dei
1748 1948 1814 2003 ".
1864 1967 1885 2000 ι
1933 1948 2055 2004 Haec
2093 1950 2161 2005 de

570 2048 711 2089 vera
743 2036 852 2093 vite
888 2038 1294 2101 commentatio,
1344 2047 1506 2108 prout
1549 2039 1725 2109 potui,
1754 2058 1787 2094 a
1819 2057 1906 2097 me
1951 2043 2037 2112 pie
2079 2043 2164 2096 in-

573 2123 779 2178 stituta
807 2132 913 2179 est.

2264 1955 2579 2016 ἀνάστασιν,
2606 1951 2640 2023 ἢ
2665 1952 2726 2004 τὸ
2750 1950 2900 2023 πρὶν,
2930 1950 3031 2004 οὐκ
3056 1948 3137 2002 ἐτι
3168 1949 3225 2001 ὲν
3258 1946 3486 2018 Ἰουδαίᾳ
3513 1945 3699 2016 μόνον,
3726 1942 3842 1998 ἁλλ’

2271 2062 2290 2095 ι
2325 2044 2555 2110 ἐξέτεινε
2592 2042 2659 2096 τὰ
2690 2042 2943 2114 κλήματα
2980 2042 3151 2112 αὐτῆς
3174 2039 3281 2105 ἕως
3307 2038 3611 2110 θαλάσσηςο
3648 2037 3844 2091 ἐκάλυ-

2266 2135 2364 2204 ψεν
2388 2135 2488 2207 ὅρη
2515 2136 2548 2204 ἡ
2573 2134 2699 2188 σκιά
2722 2136 2909 2204 αὐτῆς,
2941 2135 3035 2187 καὶ
3059 2134 3113 2186 αἱ
3144 2131 3524 2202 άναδενδράδες
3553 2130 3722 2201 αὐτῆς
3744 2128 3840 2192 τὰς

568 2214 808 2287 γ’κέδρους
828 2214 924 2269 τοῦ
947 2215 1104 2273 Θεοῦ·
1137 2236 1157 2270 ι
1182 2212 1332 2287 Αὕτη
1356 2218 1389 2287 ἡ
1413 2220 1765 2292 πραγματεία
1784 2221 1887 2293 τῆς
1904 2222 2163 2295 ἀληθινῆς
2190 2225 2433 2297 ἀμπέλου
2470 2228 2606 2281 κατὰ
2638 2227 2700 2279 τὸ
2719 2225 2942 2279 δυνατὸν
2963 2223 3201 2289 εὐσεϐῶς
3227 2224 3493 2295 νενόηται.

648 2324 739 2382 3.7.
798 2326 895 2383 Ar.
950 2326 1121 2385 Valde
1173 2331 1312 2387 bene
1358 2332 1465 2389 ista
1515 2348 1577 2390 se
1620 2332 1823 2389 habere
1853 2335 2151 2389 assentior.

563 2416 701 2473 Jam
728 2419 865 2475 mihi
896 2420 1282 2492 inquirendum
1310 2431 1566 2495 superest
1596 2424 1665 2480 de
1697 2424 1905 2494 Spiritu
1938 2435 2152 2481 sancto.

578 2506 716 2564 Nam
756 2511 901 2582 quod
936 2512 1005 2566 ad
1032 2509 1229 2567 Filium
1261 2521 1495 2584 spectat,
1527 2515 1791 2571 conﬁteor
1817 2524 1872 2571 et
1903 2531 2003 2585 ego
2036 2532 2158 2571 eum

567 2600 639 2654 'in
678 2602 934 2656 omnibus
967 2601 1116 2657 Patri
1143 2598 1407 2673 aequalem
1439 2620 1599 2669 esse,
1632 2606 1741 2660 nisi
1780 2610 1927 2676 quod
1963 2607 2054 2661 ille
2086 2607 2160 2662 sit

579 2692 949 2763 omnipotens.
1001 2695 1126 2750 ΑιΙι.
1178 2695 1326 2751 Nihil
1376 2706 1527 2761 certe
1568 2697 1854 2755 confessus
1907 2715 1969 2755 es
2011 2700 2158 2771 quod

571 2784 771 2853 pietati
804 2786 876 2841 sit
902 2794 1355 2844 consentaneum.
1384 2790 1481 2845 Ar.
1511 2790 1729 2858 Quare?
1763 2791 1886 2846 Ath.
1934 2791 2157 2848 Scilicet

570 2874 753 2932 Filius
782 2892 884 2933 suo
904 2876 1053 2933 Patri
1083 2881 1312 2949 annalis
1338 2892 1443 2946 est,
1472 2884 1829 2954 omniumque
1856 2893 1943 2941 est
1973 2883 2158 2940 Domi-

580 2983 710 3031 nus,
746 2970 948 3039 quibus
990 2971 1166 3041 ipsius
1209 2970 1372 3027 Pater
1412 2974 1753 3028 dominatur.
1790 2974 1885 3027 Ar.
1930 2972 2042 3044 Ego
2089 2975 2159 3030 de

570 3060 976 3130 omnipotentia
1010 3062 1222 3133 loquor,
1260 3080 1369 3119 non
1408 3064 1477 3120 de
1515 3082 1582 3118 eo
1616 3066 1757 3136 quod
1789 3065 1873 3119 his
1905 3065 2157 3121 omnibus

2331 2341 2418 2394 57.
2463 2341 2582 2408 Ἀρ.
2620 2336 2741 2394 εἷπε
2762 2357 2776 2371 ο
2818 2340 3032 2412 Σφόδρα
3056 2339 3231 2414 ὀρθῶς
3256 2340 3399 2411 ἔχειν
3425 2339 3588 2412 φημί.
3638 2336 3759 2394 Ἔτι
3783 2338 3842 2394 ἃ

2262 2432 2644 2486 ὑπολέλειπται
2705 2449 2796 2503 μοι
2860 2433 2990 2505 περὶ
3039 2431 3141 2503 τῆς
3200 2432 3473 2504 ζητήσεως
3520 2430 3617 2485 τοῦ
3682 2430 3842 2501 ἁγίου

2267 2522 2608 2593 [ινεύματοςο
2646 2525 2775 2597 περὶ
2813 2523 2919 2597 γὰρ
2972 2525 3067 2579 τοῦ
3122 2524 3251 2578 Υἱοῦ
3296 2523 3639 2594 συνομολογῶ
3689 2522 3842 2593 κάγὼ

2263 2617 2324 2669 τὸ
2365 2617 2477 2669 ίσον
2502 2616 2664 2675 αὐτὸν
2698 2613 2837 2672 εἶναι
2867 2616 2943 2687 τῷ
2970 2618 3147 2689 Πατρὶ
3177 2617 3317 2671 κατὰ
3343 2617 3538 2680 πάντα,
3562 2616 3719 2680 ἐκτὸς
3748 2614 3842 2669 τοῦ

2263 2708 2677 2780 παντοκράτορα
2711 2709 2874 2763 αὐτὸν
2917 2704 3078 2763 εἶναι.
3122 2711 3232 2766 Ἀθ.
3270 2706 3452 2763 εἶπεν·
3483 2709 3649 2763 οὐδὲν
3698 2708 3845 2780 ὡμο-

2262 2799 2499 2870 λόγησας
2541 2800 2649 2855 τῶν
2697 2803 2763 2872 τῇ
2822 2800 3073 2873 εὐσεϐείᾳ
3119 2801 3444 2871 ἀνηκόντων.
3500 2802 3620 2869 Ἀρ.
3686 2795 3838 2852 εἶσι-ιε’

2264 2892 2419 2956 Τίνος
2449 2891 2665 2958 ’ἐνεκεν;
2700 2894 2896 2947 Ἀθαν.
2922 2887 3093 2946 εἶπενο
3129 2894 3271 2957 ’Ῑσος
3293 2892 3549 2963 τυγχάνει
3579 2891 3675 2945 τοῦ
3711 2890 3840 2945 ἰδίου

2262 2984 2474 3056 Πατρὸς
2513 2984 2623 3058 (88)
2660 2985 2689 3037 ό
2730 2985 2858 3047 Υἱὸς
2893 2985 3196 3056 ἀραρότως,
3238 2986 3331 3040 καὶ
3376 2984 3594 3038 πάντων
3635 2980 3842 3055 Κύριός

2264 3080 2431 3141 ἐστιν,
2467 3070 2543 3131 ὧν
2585 3077 2876 3149 κυριεύειό
2905 3077 3094 3150 Πατὴρ
3125 3078 3310 3132 αὐτοῦ.
3349 3078 3469 3147 Ἀρ.
3502 3073 3842 3146 είπεν’Ἒγὼ

570 3152 900 3207 dominatur
950 3153 1143 3222 Filius,
1183 3157 1384 3227 quibus
1433 3157 1592 3214 Pater
1647 3175 1782 3216 suus
1824 3162 2155 3218 dominatur.

2262 3170 2392 3240 περὶ
2413 3169 2875 3242 παντοκρατορίας
2896 3170 3052 3242 ἔφην,
3075 3171 3136 3225 οὐ
3159 3168 3286 3244 περὶ
3306 3170 3398 3225 τοῦ
3422 3170 3698 3245 κυριεύειν
3727 3170 3837 3242 (89)

570 3244 708 3299 .Ath.
739 3244 881 3313 Quid
924 3255 1030 3312 est,
1066 3250 1449 3321 omnipotens?
1487 3252 1583 3306 Ar.
1632 3252 1682 3309 Is
1719 3262 1804 3309 est
1846 3256 1942 3326 qni
1977 3256 2161 3311 omnia

582 3337 688 3392 sub
715 3336 988 3409 potestate
1014 3342 1198 3399 habet.
1216 3342 1343 3398 ΑιΙι.
1376 3344 1472 3416 An]
1490 3360 1597 3399 non
1626 3361 1755 3417 ergo
1780 3345 1952 3402 Filius
1974 3349 2161 3403 omnia

569 3433 886 3487 secundum
914 3444 966 3490 te
1007 3436 1112 3490 sub
1154 3445 1423 3507 potestate
1453 3437 1655 3493 habet?
1680 3440 1778 3494 Ar.
1820 3439 1984 3495 Recte
2011 3450 2068 3495 et
2104 3440 2159 3495 id

574 3537 707 3577 cum
756 3527 970 3578 caeteris
1008 3524 1196 3579 dixisti
1246 3545 1262 3580 :
1308 3529 1489 3582 omnia
1540 3529 1686 3582 enim
1734 3529 1837 3583 sub
1889 3539 2161 3601 potestate

570 3615 746 3671 habet
783 3614 980 3679 Filius,
1014 3616 1268 3687 idemque
1297 3626 1382 3674 est
1408 3620 1776 3689 omnipotens,
1802 3632 1862 3675 ιιι
1893 3631 1948 3676 et
1977 3621 2156 3678 Pater.

578 3706 716 3762 Nam
754 3723 880 3763 cum
907 3725 1017 3763 una
1046 3710 1116 3764 sit
1142 3708 1323 3765 Patris
1356 3721 1409 3766 et
1436 3710 1559 3765 Filii
1600 3712 1906 3769 divinitatis
1938 3724 2155 3781 natura,

572 3815 689 3855 una
715 3815 936 3871 quoque
979 3809 1066 3856 est
1097 3804 1514 3875 omnipotentia.
1560 3802 1680 3857 Jam
1726 3806 1891 3874 igitur
1928 3806 1996 3862 de
2033 3805 2159 3876 Spi-

570 3894 688 3946 ritu
733 3901 927 3948 saneto
967 3894 1306 3949 disseramus
1351 3914 1365 3950 :
1399 3898 1702 3966 praesertim
1731 3913 1855 3953 cum
1900 3910 1959 3954 tu
2002 3900 2158 3954 initio

570 3983 861 4040 deﬁnieris
888 3985 1067 4054 ipsum
1110 4000 1236 4041 esse
1264 3985 1415 4041 Patri
1448 3995 1502 4041 et
1542 3987 1681 4044 Filio
1710 3991 2158 4048 consubstantia-

579 4074 709 4139 lem,
740 4076 889 4146 quod
927 4078 1045 4147 ipse
1093 4093 1352 4149 pernego,
1392 4092 1703 4137 sanctarum
1751 4083 2157 4155 Scripturarum

578 4167 909 4222 auctoritate
952 4166 1194 4229 innixus,
1226 4184 1295 4225 ex
1335 4172 1535 4241 quibus
1576 4173 1751 4228 habeo
1796 4175 1975 4246 ipsum
2003 4173 2158 4232 crea-

576 4263 699 4309 tum
729 4270 855 4311 esse
887 4273 902 4312 :
933 4256 1097 4326 idque
1119 4257 1218 4311 tibi
1251 4260 1442 4328 paucis
1467 4262 1655 4330 probo.
1692 4262 1892 4335 Nempe
1917 4262 2156 4323 Joannes

576 4353 866 4402 asseverat
895 4346 1081 4401 omnia
1112 4364 1209 4418 per
1243 4347 1437 4404 Filium
1469 4353 1610 4408 facta
1636 4370 1782 4420 esse,
1805 4373 1914 4425 quo
1937 4356 2156 4427 quidem

579 4435 752 4493 verbo
780 4435 1049 4494 Spiritum
1079 4439 1306 4496 minime
1333 4444 1769 4513 comprehendit,
1801 4449 1981 4517 ipsum
2021 4449 2151 4503 item

2261 3262 2350 3314 τὸν
2378 3261 2508 3316 Υίὸν
2542 3263 2814 3326 ἁπάντων,
2849 3256 2925 3316 ὧν
2954 3264 3244 3337 κυριεύειὸ
3275 3263 3464 3336 Πατὴρ
3490 3262 3675 3318 αὐτοῦ.
3717 3264 3837 3318 Ἀθ.

2260 3349 2414 3408 εἷπε·
2458 3353 2863 3426 Παντοκράτωρ
2902 3355 2955 3407 τί
2999 3358 3182 3420 ὲστιν;
3215 3357 3340 3424 Ἀρ.
3365 3350 3555 3408 εἶπεν·
3608 3354 3705 3409 Ἐκ
3743 3353 3838 3407 τοῦ

2261 3446 2475 3499 πάντων
2506 3450 2746 3517 κρατεῖν.
2786 3449 2973 3502 Ἀθαν.
3000 3445 3152 3503 εἷπεν
3172 3466 3186 3480 ο
3242 3449 3301 3501 '0
3331 3447 3460 3510 Υἱὸς
3483 3443 3578 3501 οὖν
3607 3446 3752 3501 κατὰ
3779 3446 3838 3501 σὺ

2262 3540 2478 3593 πάντων
2532 3541 2594 3593 οὐ
2651 3545 2872 3612 κρατεῖ;
2933 3545 3060 3610 Ἀρ.
3109 3537 3229 3594 εἷπε
3251 3557 3267 3571 -
3319 3539 3513 3602 Καλῶς
3558 3539 3694 3610 ἔφης
3741 3541 3838 3593 σὺν

2258 3633 2371 3693 τοῖς
2390 3630 2593 3695 λοιποῖς
2616 3635 2711 3687 καὶ
2738 3632 2923 3687 τοῦτο·
2955 3635 3173 3688 πάντων
3203 3632 3309 3704 γὰρ
3343 3634 3537 3703 κρατεῖ
3566 3632 3662 3686 καὶ
3703 3649 3838 3686 παν-

2257 3724 2541 3795 τοκράτωρ
2578 3726 2723 3778 ἐστὶν
2758 3727 2786 3778 ὁ
2815 3725 2965 3788 Υἱὸς,
2991 3724 3179 3795 ὥσπερ
3207 3724 3301 3776 καὶ
3332 3725 3360 3775 ὁ
3390 3716 3600 3793 Πατήρ.
3644 3722 3833 3777 Ὁπότε

2262 3817 2390 3885 μιᾶς
2436 3814 2599 3887 οὔσης
2644 3817 2829 3881 οὐσίας
2868 3816 2960 3870 τοῦ
3008 3815 3220 3887 Πατρδς
3270 3814 3364 3867 καὶ
3418 3812 3513 3867 τοῦ
3563 3812 3695 3867 Υἱοῦ
3737 3813 3835 3883 τῆς

2257 3905 2509 3978 θεότητος
2531 3907 2663 3977 (90),
2695 3910 2789 3962 καὶ
2817 3909 2914 3979 μία
2941 3907 3376 3979 παντοκρατορία
3399 3904 3679 3976 τυγχάνει.
3713 3906 3835 3957 Am-

2257 3997 2359 4050 πδν
2402 3998 2530 4068 περὶ
2562 3998 2657 4052 τοῦ
2696 3998 2852 4067 ἁγίου
2896 3997 3212 4067 Πνεύματος
3257 3997 3609 4068 ζητήσωμεν·
3646 3994 3830 4064 ἐπειδὴ

2259 4089 2494 4160 μάλιστα
2517 4090 2702 4162 ὡρίσω
2728 4091 2791 4144 σὺ
2820 4093 2878 4143 ὲν
2907 4091 3048 4161 ἀρχῇ
3075 4089 3358 4161 ὁμοούσιον
3380 4088 3510 4142 αὐτὸ
3542 4083 3682 4141 εἶναι
3718 4089 3830 4141 Πα-

2254 4181 2345 4251 τρὶ
2376 4181 2470 4234 καὶ
2511 4181 2644 4251 Υίῷ,
2694 4179 2804 4250 ἐγὼ
2835 4180 2893 4234 δὲ
2924 4180 3211 4249 ἀντιλέγω,
3252 4179 3389 4250 ἔχων
3431 4177 3530 4250 τὴν
3556 4178 3833 4243 ἀπόδειξιν

2255 4273 2321 4325 ὲκ
2348 4270 2456 4324 τῶν
2484 4271 2651 4340 ἁγίων
2675 4271 2926 4343 Γραφῶν,
2949 4272 3032 4324 ὅτι
3059 4272 3274 4325 κτιστδν
3301 4271 3560 4341 τυγχάνει
3581 4287 3595 4300 ’
3626 4271 3723 4323 καὶ
3746 4270 3831 4324 διὰ

2255 4365 2519 4436 συντόμου
2549 4365 2658 4437 ἐρῶ
2685 4364 2783 4435 τὴν
2805 4364 2933 4435 περὶ
2956 4362 3146 4416 τούτου
3171 4362 3532 4435 παράστασιν,
3559 4363 3618 4415 ἐν
3639 4361 3719 4432 τῷ
3742 4362 3830 4413 τὸν

2267 4458 2520 4528 Ἰωάννην
2554 4457 2986 4528 διισχυρίσασθαι
3027 4455 3336 4525 φάσκοντα,
3384 4455 3559 4508 πάντα
3603 4455 3695 4509 διὰ
3735 4454 3828 4508 τοῦ

574 4544 615 4581 ιε
654 4528 809 4583 cortis
842 4544 873 4582 a
903 4528 1063 4585 Patre
1089 4530 1159 4585 ad
1201 4510 1478 4602 apostolos
1514 4536 1570 4590 in
1608 4510 1875 4593 auxilium
1923 4542 2152 4595 missum

2262 4510 2387 4602 Υίού
2414 4510 2756 4619 γεγενῆσθαί,
2785 4548 2857 4619 μὴ
2887 4510 3378 4619 συμπαραλαϐόντα
3405 4546 3497 4600 καὶ
3523 4547 3582 4600 τὸ
3609 4546 3830 4616 Πνεῦμα

576 4636 707 4677 esse
737 4639 753 4676 :
789 4621 940 4692 atqui
973 4622 1028 4677 id
1052 4623 1198 4693 quod
1224 4639 1255 4679 e
1281 4625 1402 4680 loco
1425 4627 1493 4683 ad
1518 4628 1697 4683 locum
1726 4631 2152 4701 transgreditur,

576 4713 922 4769 transeuntis
968 4722 1053 4770 est
1099 4723 1327 4771 naturae.
1371 4718 1529 4775 Unde
1570 4721 1795 4777 evidens
1836 4731 1919 4778 est
1959 4732 2157 4778 creata:

578 4802 763 4874 ipsum
794 4819 917 4861 esse
948 4813 1179 4870 naturae,
1218 4824 1328 4863 non
1355 4819 1535 4865 autem
1560 4812 1833 4876 increatac,
1861 4815 2037 4884 qualis
2063 4815 2155 4868 illa

574 4905 668 4951 est
693 4912 815 4968 qua:
847 4897 1020 4953 beata:
1061 4900 1209 4955 illius
1243 4909 1452 4957 naturae
1480 4901 1659 4958 Patris
1689 4913 1744 4959 et
1775 4904 1894 4960 Filii
1929 4905 2151 4972 dicitur,

576 5004 812 5061 qumque
836 4993 1019 5046 omnia
1050 4994 1319 5057 continet,
1346 5001 1401 5049 et
1440 4995 1642 5066 ubique
1670 4997 1977 5052 substantia
2014 5013 2153 5069 pra:-

576 5096 713 5138 sens
758 5091 879 5149 est;
925 5083 1381 5154 quemadmodum
1431 5101 1597 5156 supra
1652 5103 1681 5141 a
1731 5100 1781 5144 te
1828 5105 2154 5147 concessum

584 5174 668 5222 est
698 5183 713 5220 :
748 5168 804 5223 in
851 5185 961 5239 quo
994 5181 1048 5225 et
1083 5186 1169 5225 me
1213 5187 1321 5226 non
1370 5182 1574 5241 tecum,
1606 5178 1703 5233 sed
1753 5194 1877 5234 cum
1924 5182 2157 5235 veritate

652 5360 700 5393 “
739 5361 886 5418 Psal.
916 5378 1104 5431 Lxxtx,
1142 5365 1231 5421 ιι.
1281 5368 1290 5377 ’

655 5543 767 5612 (⁸7)
794 5543 888 5618 sic
915 5546 1113 5618 Regius
1137 5563 1295 5618 quem
1332 5548 1628 5618 sequimur.
1658 5547 1821 5602 Basil.
1849 5554 1903 5599 et
1928 5546 2067 5612 Aug.
2086 5543 2143 5595 ’0

579 5611 638 5665 δὲ
664 5611 1040 5689 καταλειφθείς
1059 5611 1169 5689 ⁸ὲπῐ
1190 5616 1292 5689 τοῦ
1328 5611 1584 5689 σταυροῦ.
1624 5619 1681 5671 ln
1707 5611 2032 5688 Augustano’
2064 5623 2146 5667 ta-

582 5696 705 5734 men
731 5681 883 5736 deest
902 5686 931 5735 ὁ
955 5684 1032 5740 δέ.
1059 5684 1116 5740 ln
1139 5687 1299 5740 editis
1328 5688 1438 5742 hwc
1464 5681 1679 5743 desunt.

654 5773 765 5843 (88)
797 5775 924 5844 Reg.
953 5775 1028 5845 τῷ
1058 5776 1169 5846 ἰδίῳ
1194 5776 1381 5846 lla-.95.

2255 4641 2313 4693 ὲν
2340 4639 2513 4711 τούτῳ
2539 4639 2617 4711 τῷ
2644 4640 2808 4709 λόγῳ,
2848 4639 2926 4694 ἔτι
2954 4638 3058 4711 μὴν
3090 4639 3182 4691 καὶ
3201 4638 3670 4707 ἁποστελλόμενον
3695 4637 3831 4709 πρὸς

2255 4730 2348 4783 τοῦ
2401 4732 2612 4802 Πατρὸς
2670 4733 2735 4785 ὲκ
2784 4732 2893 4784 τῶν
2946 4730 3189 4800 οὐρανῶν
3240 4729 3375 4799 πρὸς
3424 4728 3676 4801 βοήθειαν
3723 4730 3828 4783 τῶν

2258 4822 2568 4875 ἀποστόλων
2586 4838 2598 4851 ·
2631 4822 2692 4876 τὸ
2714 4821 2771 4874 δὲ
2792 4822 2900 4876 ἀπὸ
2929 4822 3095 4874 τόπου
3125 4821 3205 4883 είς
3234 4819 3418 4890 ἕτερον
3446 4820 3610 4873 τόπον
3647 4821 3829 4891 μετιὸν

2261 4913 2628 4985 μεταϐατικῆς
2657 4914 2843 4978 οὐσίας
2870 4914 3149 4983 τυγχάνει.
3184 4914 3277 4966 Ἐκ
3302 4911 3492 4966 τούτου
3525 4914 3826 4984 καταδήλου

2257 5004 2409 5067 δντος
2437 5004 2663 5073 κτιστῆς
2688 5005 2851 5057 αὐτὸν
2875 5004 3089 5072 φύσεως
3115 4999 3279 5067 εἶναι,
3310 5003 3404 5057 καὶ
3422 5004 3524 5056 οὐκ
3549 5004 3824 5066 ἁκτίστου,

2256 5097 2353 5168 τῆς
2387 5094 2659 5167 μακαρίας
2689 5096 2874 5159 οὐσίας
2898 5096 3111 5167 ἐκείνης
3137 5096 3348 5166 [ἰατρὸς
3385 5097 3480 5149 καὶ
3513 5094 3649 5150 Υίοῦ
3679 5096 3829 5165 λεγο-

2260 5187 2441 5258 μένης
2467 5186 2598 5257 (9|),
2630 5187 2724 5241 καὶ
2758 5187 3118 5259 περιεχούσης
3152 5187 3218 5239 τά
3253 5187 3370 5251 ὅλα,
3416 5189 3509 5241 καὶ
3553 5187 3825 5259 πανταχοῦ

2324 5546 2433 5605 (sm
2465 5547 2597 5621 Reg.
2629 5553 2702 5625 μὴ
2729 5552 3025 5624 κυριεύειν.

2325 5638 2434 5709 (90)
2468 5640 2599 5712 Reg.
2634 5654 2685 5697 et
2711 5645 2868 5714 Angl.
2900 5646 2931 5715 ή
2958 5645 3167 5715 θεότης.

2326 5730 2435 5800 (9|)
2470 5732 2599 5806 Reg.
2627 5746 2673 5790 ct
2703 5735 2910 5806 Anglic.
2943 5738 3084 5805 λέγω
3118 5738 3303 5821 μόνης.
