4066 6388
259 331 326 388 48
338 330 366 386 )
1394 334 1812 393 οιεΡυτΑτιο

1921 336 2132 397 iNTRA
2167 341 2411 402 ARIUM.
3419 358 3526 416 ιιιυ

258 447 546 523 παρούσης
575 449 701 504 κατ’
726 449 928 505 οὐσίαν·
959 450 1141 515 καθὼς
1167 454 1586 525 προαποδέδοται
1615 457 1719 511 ὐπὸ
1746 458 1819 512 eoi

1944 463 2372 519 consentientem
2391 464 2653 522 habuisti.
2678 465 2831 522 Adde
2862 465 3032 525 Deum
3065 470 3138 526 ita
3163 485 3263 543 per
3290 475 3545 545 prophe—‘

259 544 315 595 ὲν
339 545 457 605 τοῖς
490 541 807 615 ἔμπροσθεν
844 544 1175 617 εἰρημένοις,
1208 546 1386 619 κὰμοῦ
1423 550 1819 622 συνευδοκήσανι

1950 562 2062 609 tam
2129 556 2372 612 locutum
2428 573 2553 615 esse
2606 578 2620 615 :
2684 578 2703 612 ι
2764 559 2874 632 Ego
2934 541 3180 620 ﬁrmans-
3207 541 3414 621 tonitru
3466 580 3522 623 et

256 652 343 699 τος
374 636 436 688 οὐ
484 635 596 699 σοὶ,
627 634 768 690 ἁλλὰ
802 638 868 708 τῇ
912 637 1173 710 ἀληθείᾳο
1206 639 1287 693 ἐτι
1325 641 1385 695 δὲ
1426 643 1520 696 καὶ
1562 642 1656 697 τοῦ
1704 642 1819 697 Θεοὶ

1945 663 2140 705 creans
2194 650 2447 721 spiritum
2495 652 2565 720 ",
2625 672 2644 704 ι
2692 654 2897 724 quibus
2934 668 3045 710 non
3093 665 3222 727 puto
3259 668 3313 715 te
3358 674 3520 730 posse

258 727 507 796 λέγοντος
527 728 622 783 διὰ
649 729 746 783 τοῦ
777 730 1084 801 προφήτουσ
1114 751 1132 783 ι
1175 732 1316 802 Ἐγὼ
1346 734 1579 806 στερεῶν
1604 734 1837 808 βροντὴν

260 821 348 873 καὶ
382 820 589 885 κτίζων
621 822 859 896 πνεῦμα,
899 844 921 878 ι
956 819 1041 889 οἷς
1082 823 1192 894 ἐγὼ
1230 826 1433 898 νομίζω
1464 826 1539 900 μὴ
1577 827 1836 885 δύνασθαί

260 928 317 964 σε
358 913 659 968 ἀντειπεῖν.

324 1026 412 1081 38.
466 1028 589 1084 Ἀθ.
622 1025 772 1084 εἷπε·
822 1031 1161 1104 Γέγραπται·
1210 1050 1230 1084 ι
1276 1032 1501 1087 Γένεσθε
1547 1035 1713 1105 ἆγιοι,
1752 1038 1835 1091 ὅτι

259 1122 365 1190 ἐγὼ
411 1123 570 1192 ἅγιος
618 1123 859 1193 ἁγιάζων
910 1126 1076 1197 ὑμᾶς.
1149 1144 1167 1176 ι
1206 1125 1317 1179 Καὶ
1367 1125 1528 1181 πάλιν
1568 1130 1597 1182 ὁ
1640 1128 1833 1202 Σωτὴρ

259 1217 391 1289 πρὸς
420 1216 514 1270 τὸν
546 1217 744 1271 ἑαυτοῦ
776 1218 995 1290 Πατέρα
1032 1220 1173 1291 ὑπὲρ
1209 1219 1303 1273 τοῦ
1350 1220 1676 1293 ἁγιασθῆναι
1703 1226 1832 1287 τοὺς

260 1308 503 1380 μαθητὰς
536 1308 642 1382 ἔφη
696 1308 865 1363 οὕτω·
900 1327 918 1361 ι
956 1312 1161 1383 Πάτερ,
1191 1312 1416 1382 ἁγίασον
1445 1316 1641 1380 αὐτοὺς
1669 1317 1728 1369 ὲν
1758 1320 1825 1389 τῇ

254 1402 476 1474 ἀληθείᾳ
506 1420 600 1457 σου
621 1420 635 1433 ⁶
675 1422 694 1455 i
727 1406 819 1457 καὶ
844 1403 1005 1457 πάλιν
1034 1405 1163 1477 περὶ
1207 1406 1397 1460 ἑαυτοῦ
1440 1406 1550 1479 (9‘2)
1576 1407 1605 1459 ό
1634 1409 1825 1481 Σωτήρ

253 1511 439 1565 φησιν·
488 1513 507 1548 ι
557 1495 701 1564 Ἐγώ
726 1498 841 1567 είμι
880 1499 913 1569 ἡ
943 1495 1183 1568 ἀλήθεια.
1230 1518 1248 1550 ι
1280 1498 1438 1552 Κατὰ
1468 1498 1640 1554 ταῦτα
1667 1501 1699 1570 ἡ
1730 1499 1825 1554 τοῦ

252 1585 460 1657 Πατρός
489 1588 585 1640 καὶ¹
617 1586 711 1640 τοῦ
749 1586 876 1641 Υἱοῦ
917 1587 1106 1659 θεότης
1135 1590 1283 1643 ἐστὶν
1309 1594 1341 1662 ἡ
1377 1592 1510 1660 ἁγία
1550 1593 1643 1645 καὶ
1668 1592 1823 1661 ἅγιο-

252 1680 417 1744 ποιδς,
455 1682 490 1751 ἡ
533 1678 835 1748 ἁγιὰζουσα
865 1682 1041 1736 πάντα
1081 1684 1150 1737 τὰ
1182 1682 1394 1752 λογικὰ,
1432 1683 1499 1738 τὰ
1533 1684 1824 1750 καταξιού-

1942 741 2341 799 contradicere.

2009 1024 2099 1081 58.
2130 1024 2256 1082 Alli.
2298 1024 2575 1107 Scriptum
2607 1036 2714 1096 est,
2749 1048 2770 1083 ι
2807 1029 2997 1088 Estote
3021 1033 3222 1099 sancti,
3251 1034 3382 1105 quia
3414 1050 3516 1107 ego

1937 1124 2163 1173 sanctus
2213 1132 2311 1175 vos
2373 1106 2725 1178 sanctiﬁcans
2776 1124 2842 1177 τί.
2896 1144 2917 1177 ι
2982 1124 3221 1181 Rursum
3268 1106 3515 1183 Salvator

1935 1209 2458 1281 prodiscipulorum
2498 1213 2933 1271 sanctiﬁcatione
2984 1215 3199 1272 Patrem
3243 1219 3325 1273 sic
3379 1219 3514 1275 allo—

1935 1303 2126 1372 quitur
2162 1322 2174 1357 :
2217 1321 2236 1353 ‹
2261 1301 2448 1369 Pater,
2485 1306 2769 1361 sanctiﬁca
2797 1322 2894 1363 eos
2926 1308 2984 1362 in
3016 1309 3243 1364 veritate
3272 1318 3364 1365 tua
3394 1312 3461 1365 ⁷³.
3487 1331 3507 1365 ι

1933 1392 2134 1450 lterum
2181 1396 2249 1451 de
2302 1396 2486 1468 seipso
2528 1400 2603 1452 ait
2651 1397 2921 1466 Salvator,
2967 1419 2987 1451 ε
3036 1398 3148 1471 Ego
3191 1417 3312 1456 sum
3360 1404 3508 1458 veri-

1930 1493 2017 1543 tas
2057 1487 2124 1543 ¹¹⁸.
2171 1509 2190 1542 ι
2226 1488 2303 1545 Ex
2348 1489 2438 1545 bis
2482 1490 2649 1561 igitur
2694 1492 2901 1546 clarum
2939 1501 3025 1548 est
3053 1491 3235 1548 Patris
3272 1502 3327 1549 et
3388 1493 3511 1555 Filii

1928 1579 2267 1637 divinitatem
2300 1598 2423 1639 esse
2450 1591 2696 1639 sanctam
2730 1593 2785 1639 et
2817 1584 3126 1641 sanctitatis
3157 1585 3505 1655 effectricem,

1926 1687 2047 1741 quae
2083 1673 2342 1729 nimirum
2388 1676 2511 1732 illos
2551 1692 2745 1732 omnes
2775 1678 3008 1733 rationis
3058 1678 3353 1749 participes
3381 1695 3511 1736 san-

253 1786 384 1840 μενα
430 1769 493 1836 ἐξ
542 1770 890 1836 αὐτεξουσίου
931 1771 1154 1845 γνώμης
1201 1791 1257 1826 τε
1307 1777 1399 1829 καὶ
1443 1776 1677 1847 σπουδῆς
1723 1776 1819 1848 τὴν

1932 1762 2162 1831 ctiﬁcat,
2203 1766 2296 1837 qui
2338 1782 2405 1821 ex
2457 1767 2631 1822 libero
2672 1768 2901 1822 arbitrio
2942 1776 2997 1822 et
3038 1768 3319 1839 diligentia
3358 1769 3510 1842 digni

250 1828 404 1932 ἁγίαν
439 1828 708 1929 δέξασθαί
740 1866 834 1919 καὶ
876 1828 1151 1938 μακαρίαν
1192 1828 1395 1920 οὐσίαν
1419 1869 1499 1931 είς
1532 1828 1819 1922 Ϋκοινῐυνίαν

1929 1828 2354 1929 habentur-qui
2425 1869 2676 1914 sanctam
2729 1868 2783 1915 et
2831 1860 3044 1915 beatam
3097 1862 3392 1917 essentiam
3417 1828 3509 1917 vin

247 1952 544 2026 ἁγιασμοῦ.
584 1955 651 2008 Εἰ
683 1950 775 2008 οὖν
811 1956 911 2009 οὐκ
939 1954 1055 2010 ἐστι
1080 1958 1180 2028 τῆς
1210 1955 1302 2010 τοῦ
1338 1957 1552 2028 Πατρός
1597 1954 1692 2011 καὶ
1730 1957 1825 2012 τοῦ

248 2045 372 2099 Υἰοῦ
412 2046 604 2111 οὐσίας
642 2047 704 2101 τὸ
736 2048 888 2116 ἅγιον
914 2048 1159 2119 Πνεῦμα,
1206 2049 1351 2113 τίνος
1392 2049 1576 2102 ἕνεκεν
1607 2050 1825 2121 συνηρι-

246 2136 451 2211 θμησεν
497 2140 634 2193 αὐτὸ
672 2141 700 2194 ό
741 2140 870 2204 Υἱὸς
910 2140 1005 2194 τοῦ
1050 2140 1186 2195 Θεοῦ
1220 2143 1276 2195 ἐν
1323 2140 1399 2212 τῷ
1446 2141 1699 2213 συμϐόλῳ
1728 2143 1824 2197 τοῦ

245 2231 552 2303 ἁγιασμοῦ;
594 2233 737 2304 Φησὶ
769 2233 876 2305 γὰρ
910 2236 938 2288 ὐ
970 2234 1173 2307 Κύριος
1208 2235 1344 2306 πρὸς
1376 2236 1503 2298 τοὺς
1538 2235 1785 2307 μαθητάς
1806 2254 1820 2267 ·

249 2335 269 2367 ι
302 2316 690 2389 Πορευθέντες,
731 2318 1102 2390 μαθητεύσατε
1137 2319 1314 2374 πάντα
1345 2319 1413 2374 τὰ
1450 2319 1598 2392 ἔθνη.
1631 2321 1824 2392 βαπτί-

244 2408 422 2473 ζοντες
464 2410 668 2474 αὐτοὺς
727 2412 806 2474 είς
852 2412 912 2464 τὸ
961 2411 1131 2482 δνομα
1181 2410 1275 2465 τοῦ
1333 2411 1545 2484 Πατρὸς
1586 2412 1678 2465 καὶ
1729 2413 1822 2465 τοῦ

242 2498 371 2553 Υίοῦ
409 2499 634 2554 καὶτοῦ
680 2500 834 2567 ἁγίου
869 2499 1202 2571 Πνεῦματος.
1249 2520 1267 2553 ι
1311 2501 1373 2553 Εί
1403 2495 1497 2553 οὖν
1536 2502 1713 2555 πάντα
1754 2501 1824 2555 τὰ

243 2590 364 2663 ἔθνη
400 2590 471 2644 τὰ
512 2592 839 2645 πιστεύοντα
882 2594 978 2645 καὶ
1014 2591 1349 2661 ἁγιαζόμενα
1404 2592 1718 2662 ἁγιάζονται
1754 2596 1820 2666 τῇ

239 2676 768 2747 τρισμακαριωτὰτη
802 2676 1067 2747 ὀνομασία
1087 2718 1102 2741 ,
1136 2675 1295 2747 δῆλόν
1337 2678 1484 2731 ἐστιν
1521 2678 1601 2731 ὅτι
1630 2679 1724 2731 καὶ
1760 2679 1823 2731 τὸ

240 2764 459 2836 Πνεῦμα
480 2766 581 2837 τῆς
602 2765 701 2820 τοῦ
725 2766 939 2837 Πατρός
960 2768 1054 2819 καὶ
1088 2765 1183 2819 τοῦ
1216 2767 1345 2821 Υἱοῦ
1373 2767 1624 2840 θεότητος
1652 2769 1821 2842 ὐπὰρ-

240 2873 340 2927 χει,
369 2858 433 2910 ἑκ
459 2856 556 2911 τοῦ
594 2857 753 2927 ἅγιον
782 2858 915 2911 αὐτὸ
947 2854 1085 2912 εἶναι
1115 2860 1245 2912 κατ’·
1267 2859 1477 2926 οὐσίαν,
1507 2861 1602 2914 καὶ
1633 2861 1822 2929 ἁγίους

240 2949 407 3002 ποιεῖν
432 2948 650 3013 πάντας
685 2950 813 3013 τούς
849 2948 1285 3019 προσϐάλλοντας
1321 2949 1485 3004 αὐτοῦ
1518 2953 1583 3022 τῇ
1628 2968 1820 3005 κοινω-

237 3041 358 3109 νίᾳ,
414 3039 601 3106 καθώς
651 3056 817 3112 φησιν
859 3042 889 3094 ό
952 3040 1273 3105 Ἀπόστολος
1337 3042 1476 3113 πρὸς
1534 3042 1628 3107 οὓς
1677 3044 1813 3116 ἔφη·

1928 1949 2381 2007 sanctiﬁcationis
2408 1953 2853 2008 communionem
2886 1954 3211 2025 suscipiant.
3250 1953 3307 2008 Si
3341 1954 3509 2027 igitur

1931 2040 2173 2111 Spiritus
2202 2051 2429 2099 sanctus
2457 2059 2567 2097 non
2599 2052 2683 2099 est
2716 2045 3037 2099 substantia:
3067 2045 3247 2103 Patris
3279 2056 3332 2102 et
3358 2046 3504 2111 Filii,

1924 2148 2093 2204 quare
2148 2134 2325 2203 ipsum
2373 2132 2466 2190 Dei
2513 2133 2684 2190 Filius
2728 2137 3106 2191 annumeravit
3155 2138 3208 2191 in
3258 2139 3505 2210 symbolo

1925 2224 2417 2281 sanctiﬁcationis?
2458 2225 2549 2281 Ait
2588 2227 2735 2282 enim
2766 2228 2835 2282 ad
2870 2227 3171 2300 discipulos
3201 2230 3501 2288 Dominus:

1929 2335 1948 2367 ε
1986 2315 2213 2381 Euntes,
2240 2317 2432 2372 docete
2469 2333 2661 2374 omnes
2704 2330 2913 2388 gentes,
2936 2321 3275 2391 baptizautes
3312 2341 3407 2381 eos
3447 2325 3504 2381 in

1924 2410 2148 2464 nomine
2171 2408 2352 2465 Patris
2379 2418 2433 2466 et
2461 2408 2583 2465 Filii
2610 2419 2665 2466 et
2699 2409 2939 2481 Spiritus
2979 2416 3154 2468 sancti
3183 2416 3252 2471 ’⁸.
3293 2434 3313 2468 ι
3347 2415 3504 2483 Quod

1923 2494 1971 2548 si
2002 2509 2194 2549 omnes
2219 2499 2429 2565 gentes,
2462 2511 2583 2566 quae
2609 2496 2841 2551 credunt
2873 2505 2928 2553 et
2954 2499 3390 2564 sanctilicantur,
3420 2511 3503 2556 ter

1925 2586 2244 2642 beatissima
2290 2586 2381 2639 illa
2434 2588 2847 2642 nomenclatura
2904 2589 3338 2657 sanctiﬁcautur,
3383 2593 3497 2646 evi-

1922 2679 2058 2735 dens
2107 2688 2191 2734 est
2244 2678 2509 2749 Spiritum
2559 2679 2626 2734 ad
2664 2678 2842 2735 Patris
2884 2689 2939 2735 et
2989 2679 3112 2737 Filii
3155 2682 3499 2739 divinitatem

1922 2773 2220 2844 pertinere,
2270 2788 2396 2828 cum
2440 2773 2618 2844 ipsum
2667 2775 2977 2830 substantia
3021 2776 3093 2832 sit
3136 2786 3413 2842 sanctum,
3446 2786 3502 2834 et

1921 2880 2113 2920 omnes
2144 2872 2369 2922 sanctos
2402 2866 2617 2931 elliciat,
2654 2866 2748 2936 qui
2782 2868 2850 2922 ad
2899 2868 3021 2937 ejus
3048 2870 3497 2926 communionem

1925 2959 2082 3029 177
2120 2958 2387 3015 accedunt
2420 2978 2435 3015 :
2470 2959 2933 3030 quemadmodum
2963 2960 3261 3031 Apostolus
3293 2963 3361 3017 ad
3400 2978 3497 3020 eos

1923 3054 1999 3105 ait
2044 3067 2185 3122 quos
2236 3052 2318 3107 sic
2360 3052 2657 3124 alloquitur
2704 3073 2717 3109 :
2774 3072 2794 3104 ι
2833 3053 2940 3108 Sed
2993 3055 3163 3107 abluti
3209 3055 3365 3120 estis,
3400 3058 3493 3113 sed

244 3152 262 3184 ι
305 3133 442 3186 Ἀλλ’
470 3132 874 3193 ἀπελούσασθε.
903 3132 1017 3188 ἁλλ’
1050 3134 1347 3206 ἡγιάσθητε
1382 3137 1439 3189 ὲν
1467 3135 1546 3207 τῷ
1587 3135 1814 3207 ὀνόματι

1921 3142 2247 3198 sanctiﬁcati
2293 3144 2431 3199 estis
2499 3144 2556 3199 in
2612 3145 2835 3200 nomine
2886 3143 3099 3219 Domini
3148 3147 3320 3201 nostri
3365 3143 3495 3203 Jesu

237 3226 327 3280 τοῦ
355 3226 561 3298 Κυρίου
594 3225 755 3298 ἡμῶν
801 3226 972 3298 Ἰησοῦ
1015 3226 1275 3299 Χριστοῦ,
1308 3229 1401 3281 καὶ
1441 3231 1499 3282 ἐν
1531 3228 1610 3301 τῷ
1638 3231 1809 3285 Πνεύ-

240 3335 363 3388 ματι
387 3317 555 3372 αὐτοῦ
588 3318 672 3388 τῷ
700 3317 857 3388 ἁγίῳ.
906 3337 925 3369 ι
956 3319 1019 3372 El
1049 3318 1108 3372 δὲ
1138 3319 1239 3372 οὐκ
1276 3318 1391 3372 ἔστι
1422 3320 1521 3391 τῆς
1552 3319 1647 3373 τοῦ
1673 3320 1810 3375 Θεοῦ

237 3412 326 3464 καὶ
350 3411 565 3483 Πατρὸς
614 3411 711 3465 xui.
740 3411 868 3465 Υίοῦ
909 3412 1259 3476 ὑποστάσεως
1286 3411 1421 3484 (95),
1450 3412 1612 3467 πάλιν
1644 3415 1807 3485 φημὶ,

238 3503 348 3568 πῶς
380 3503 767 3578 συνηριθμήθη
793 3507 967 3578 Πατρὶ
992 3506 1087 3561 καὶ
1115 3505 1258 3577 Υίῷ·
1292 3506 1368 3570 ὼς
1399 3505 1476 3577 μὴ
1504 3506 1810 3578 δυναμένης

237 3595 328 3666 τῆς
354 3596 447 3649 τοῦ
489 3597 710 3669 Πατρὸς
746 3599 841 3651 καὶ
877 3598 1008 3652 Υίοῦ
1045 3598 1297 3670 θεότητος
1333 3599 1638 3671 ἐπαρκέσαι
1672 3601 1809 3672 πρὸς

238 3690 503 3761 ἀγιασμδν
529 3692 647 3754 τοῖς
690 3694 900 3755 πιστοῖς
917 3732 933 3756 ,
968 3692 1272 3765 προσέλαϐε
1301 3692 1393 3747 τὸν
1425 3692 1804 3764 Παρὰκλητον,

235 3782 296 3835 τὺ
322 3783 547 3854 Πνεῦμα
566 3783 673 3853 τῆς
696 3782 953 3854 ἀληθείας
980 3787 1061 3849 είς
1092 3783 1481 3857 συμπλήρωσιν
1510 3782 1804 3854 ἁγιασμοῦ,

234 3873 321 3927 τὸν
346 3878 445 3930 οὐκ
470 3878 537 3929 ὲκ
564 3876 665 3948 τῆς
696 3876 884 3939 οὐσίας
909 3876 1073 3931 αὐτοῦ
1099 3876 1255 3942 evre;
1283 3878 1347 3930 Εἰ
1386 3876 1443 3929 δὲ
1488 3875 1634 3930 τοῦθ’
1663 3875 1807 3929 οὕτω

234 3965 530 4038 νομισθείη,
573 3965 695 4030 πῶς
724 3983 902 4038 φαμεν
932 3967 1228 4039 ἀπροσδεὲς
1264 3969 1324 4022 τὸ
1358 3967 1545 4033 Θεῖον;
1584 3967 1804 4020 αὐτοτε-

234 4053 336 4120 λὲς,
362 4057 634 4129 μηδαμῶς
676 4058 877 4130 χρῇζον
920 4060 1049 4129 παρ’
1105 4059 1291 4131 ἑτέρου
1336 4060 1478 4124 τινός
1530 4077 1583 4113 τι
1629 4060 1736 4113 τῶν
1776 4062 1803 4112 ὁ

232 4150 620 4222 προσδεόμενος
642 4149 752 4221 (94)
780 4148 873 4204 τοῦ
903 4150 1212 4223 εὐεργετεῖν
1236 4152 1557 4223 δυναμένου.

1914 3233 2140 3301 Christi,
2192 3243 2247 3291 et
2305 3235 2361 3289 in
2422 3234 2632 3306 Spiritu
2694 3245 2889 3292 sancto
2940 3237 3062 3306 ejus
3106 3239 3175 3293 ⁷³.
3220 3256 3239 3289 ι
3289 3235 3396 3305 Qui
3445 3240 3494 3294 si

1914 3341 2024 3380 non
2066 3334 2153 3381 est
2184 3327 2505 3382 substantiae
2553 3326 2647 3384 Dei
2695 3336 2750 3385 et
2787 3328 2965 3384 Patris
2996 3346 3058 3383 ac
3089 3327 3234 3393 Filii,
3269 3345 3490 3385 rursum

1914 3417 2216 3489 interrogo,
2266 3433 2365 3473 cur
2396 3434 2523 3473 cum
2553 3418 2716 3476 Patre
2747 3429 2801 3475 et
2844 3419 2983 3475 Filio
3023 3423 3095 3477 sit
3142 3430 3488 3485 numeratus,

1912 3510 2069 3579 quasi
2112 3509 2353 3574 scilicet,
2395 3509 2577 3567 Patris
2625 3519 2679 3567 et
2719 3510 2843 3566 Filii
2878 3512 3163 3569 divinitate
3199 3529 3308 3568 non
3343 3513 3492 3571 sulli-

1910 3600 2089 3657 ciente
2164 3602 2231 3655 ad
2282 3601 2522 3657 ﬁdelium
2577 3604 3087 3671 sanctiﬁcationem,
3120 3603 3489 3669 Paracletum,

1912 3691 2175 3763 Spiritum
2208 3694 2458 3750 veritatis
2487 3695 2845 3764 assumpserit
2868 3694 3011 3750 Deus
3034 3696 3086 3749 in
3117 3697 3488 3767 complemen-

1910 3793 2026 3837 tum
2056 3785 2533 3849 sanctiﬁcationis,
2568 3787 2663 3856 qui
2695 3787 2868 3857 ipsius
2893 3788 3217 3843 substantiae
3244 3803 3355 3842 non
3381 3787 3489 3843 sit?

1907 3875 2062 3943 Quod
2093 3876 2138 3931 si
2173 3875 2511 3939 admittatur,
2534 3880 2804 3948 quomodo
2833 3893 3125 3949 possumus
3146 3878 3350 3942 dicere,
3373 3877 3485 3933 Nu-

1908 3985 2032 4025 men
2068 3970 2219 4024 nulla
2253 3984 2313 4023 re
2342 3984 2523 4040 egere,
2550 3985 2616 4025 ex
2644 3984 2703 4025 se
2731 3968 3035 4040 perlectum
3060 3983 3205 4031 esse,
3236 3968 3485 4039 nihilque

1906 4080 1937 4117 a
1964 4077 2236 4133 quoquam
2258 4062 2519 4126 mutuari,
2543 4062 2635 4132 qui
2667 4061 2841 4132 possit
2883 4060 2939 4115 id
2975 4075 3087 4132 quo
3128 4060 3337 4132 indiget
3377 4059 3483 4117 sibi

1904 4154 2365 4211 subministrare?

300 4242 385 4298 39.
429 4245 553 4313 Ἄρ.
609 4239 799 4296 εἶπεν·
841 4243 904 4296 Et
950 4242 1053 4313 τῆς
1110 4242 1279 4296 ἀϊδίου
1333 4242 1585 4315 θεότητος
1628 4239 1697 4316 ἦν
1742 4243 1804 4297 τὸ

1973 4245 2064 4302 '59.
2092 4246 2186 4301 Ar.
2213 4244 2274 4301 Si
2307 4244 2546 4317 Spiritus
2570 4245 2911 4317 sempiternae
2932 4244 3147 4301 veritati
3170 4254 3317 4302 esset
3350 4261 3481 4301 con-

234 4333 449 4407 Πνεῦμα
490 4334 781 4407 ὁμοούσιον
799 4376 814 4401 ,
857 4335 1074 4399 πάντως
1109 4330 1201 4388 οὖν
1231 4334 1342 4406 (95)
1374 4334 1648 4407 πανταχοῦ
1680 4337 1802 4389 κατ’

1921 4339 2306 4402 iubstantialis,
2341 4347 2489 4394 certe
2530 4339 2733 4409 ubique
2766 4338 3071 4395 secundum
3106 4340 3480 4395 substantiam

228 4425 406 4480 οὐσίαν
437 4427 649 4499 παρῆν,
691 4428 784 4481 καὶ
827 4427 929 4481 οὐκ
967 4428 1429 4499 ἁποστελλόμενον
1477 4430 1583 4482 ἀπὸ
1630 4431 1796 4482 τόπου

1921 4429 2139 4494 idesset,
2186 4446 2285 4484 nec
2316 4430 2521 4485 missus
2544 4430 2725 4485 eloco
2755 4430 2809 4484 iu
2844 4430 3008 4485 alium
3054 4431 3233 4484 locum
3281 4430 3478 4487 abiret.

227 4518 305 4582 είς
343 4518 531 4592 ἕτερον
570 4519 739 4573 τόπον
774 4517 1086 4591 ἐπορεύετο.
1146 4519 1262 4575 Ἀθ.
1311 4515 1461 4573 εἶπεν
1484 4536 1498 4549 ⁸
1544 4520 1609 4573 Οί
1650 4520 1795 4589 ἁγιοι

1921 4519 2027 4574 lth.
2055 4519 2241 4574 Sancti
2270 4522 2445 4591 angeli
2476 4520 2749 4576 habentne
2773 4521 3059 4592 Spiritum,
3123 4521 3351 4575 annon?
3378 4522 3476 4574 Ar.

227 4610 439 4681 ἄγγελοι
464 4613 528 4665 τὸ
561 4611 792 4683 Πνεῦμα
812 4610 1025 4681 ἔχουσις
1056 4613 1145 4665 ναὶ
1170 4612 1204 4683 ἢ
1234 4610 1327 4676 ob;
1354 4613 1475 4679 Ἀρ.
1501 4605 1621 4664 εἷπε
1643 4630 1655 4642 ·
1687 4613 1797 4666 Καὶ

1921 4612 2061 4669 Ξοηο
2084 4613 2311 4668 habent.
2340 4613 2465 4667 Atla.
2500 4611 2797 4683 Semperne
2818 4628 2941 4667 cum
2972 4613 3081 4668 illis
3106 4623 3213 4677 est,
3237 4613 3321 4667 vel
3346 4629 3478 4668 num

228 4702 380 4755 πάνυ.
421 4705 540 4759 Ἀθ.
577 4698 736 4756 εἴπεο
772 4702 1075 4767 Διαπαντδς
1107 4702 1265 4756 συνὸν
1297 4704 1479 4766 αὐτοῖς
1517 4702 1793 4773 τυγχάνει,

1921 4704 1970 4759 id
1993 4712 2209 4775 tempus
2236 4720 2361 4760 cum
2387 4706 2596 4761 sanctis
2627 4706 2923 4762 virtutibus
2948 4717 3067 4762 erat
3091 4704 3326 4775 Spiritus
3352 4721 3476 4759 san-

225 4792 260 4863 ἢ
285 4796 416 4866 πρὸς
436 4795 631 4867 καιρὸν
660 4795 825 4865 συνῆν
855 4795 948 4848 καὶ
975 4795 1034 4847 τὸ
1054 4794 1207 4863 ἅγιον
1223 4793 1450 4865 Πνεῦμα
1470 4797 1589 4858 ταῖς
1614 4794 1796 4863 ἁγίαις

1921 4795 2067 4850 :tus?
2092 4796 2177 4850 An
2212 4795 2365 4852 dices
2406 4797 2631 4867 angelos
2665 4797 2958 4866 aliquando
2998 4807 3240 4863 sanctos,
3274 4806 3329 4852 et
3372 4796 3474 4849 ali-

224 4884 543 4960 δυνὰμεσινς
578 4884 690 4960 ἆρα
707 4888 784 4959 πὴ
815 4889 911 4958 μὲν
938 4888 1112 4952 λέξεις
1145 4888 1269 4951 τοὺς
1296 4886 1560 4956 ἀγγέλους
1585 4888 1793 4956 ἁγίους,

1921 4884 2122 4956 [nando
2153 4902 2260 4941 non
2289 4889 2552 4943 sanctos?
2574 4887 2859 4959 Siquidem
2880 4889 3052 4945 sancti
3078 4887 3313 4959 Spiritus
3339 4903 3471 4956 pra:-

227 4978 302 5049 πὴ
332 4979 385 5032 δὲ
406 4980 506 5050 οὐχ
534 4978 757 5046 ἁγίους;
804 4978 883 5049 Τῇ
914 4977 1014 5050 μὲν
1045 4978 1154 5048 γὰρ
1184 4976 1456 5049 παρουσίᾳ
1506 4976 1600 5029 τοῦ
1636 4978 1793 5046 ἁγίου

1921 4980 2076 5033 lentia
2107 4980 2284 5034 sancti
2317 4981 2395 5034 illi
2441 4990 2569 5036 sunt
2601 4998 2615 5036 :
2648 4997 2714 5037 eo
2757 4992 2937 5035 autem
2976 4981 3220 5042 absente,
3264 4989 3474 5033 certum

160 5100 169 5105 -
225 5071 538 5143 Πνεύματος
600 5073 748 5141 ἅγιοι
803 5071 1193 5141 τυγχάνουσιν,
1249 5070 1307 5122 ἐν
1348 5072 1414 5141 τῇ
1455 5068 1689 5141 ἀπουσίᾳ
1736 5069 1792 5123 δὲ

1921 5078 1979 5123 :st
2006 5079 2228 5125 sanctos
2258 5071 2383 5127 illos
2413 5088 2521 5126 non
2549 5088 2692 5136 esse,
2736 5074 2893 5141 juxta
2938 5074 3079 5125 hanc
3120 5068 3214 5123 Dei
3256 5076 3464 5124 senten-

223 5162 384 5216 αὐτοῦ
419 5162 581 5233 δῆλόν
633 5164 751 5214 ἐστι
784 5160 859 5232 μὴ
906 5156 1047 5213 εἶναι
1096 5159 1283 5229 ἁγίους
1304 5160 1523 5223 αὐτοὺς,
1560 5160 1702 5212 κατὰ
1733 5160 1795 5213 τὸ

1922 5162 2025 5214 iam
2067 5179 2081 5216 :
2113 5178 2133 5211 ι
2170 5160 2289 5216 Non
2320 5164 2660 5233 permanebit
2690 5163 2924 5233 Spiritus
2951 5177 3104 5216 meus
3135 5175 3257 5216 cum
3297 5159 3460 5212 homi-

106 5264 109 5267 η
222 5249 507 5319 εἰρημένον
558 5248 699 5321 πρὸς
742 5248 838 5302 τοῦ
887 5248 1055 5301 Θεοῦ-
1095 5268 1115 5300 ι
1150 5250 1223 5301 Οὐ
1262 5247 1336 5321 μὴ
1392 5249 1695 5322 καταμείνῃ
1735 5250 1796 5302 τὸ

1921 5254 2061 5308 libus
2092 5255 2465 5323 generationis
2491 5253 2675 5323 hujus,
2708 5255 2836 5325 quia
2861 5253 2962 5307 insi
2992 5266 3188 5305 carnes
3218 5256 3348 5306 sunt
3368 5248 3470 5302 ".i

326 5410 372 5442 ”
407 5412 575 5484 Amos
610 5427 685 5484 ιν.
720 5411 807 5484 ιδ,
895 5412 939 5443 ²¹
973 5409 1140 5467 Levit.
1178 5428 1266 5484 ιι,
1297 5412 1365 5484 υ
1394 5430 1408 5476 ;
1451 5411 1648 5467 Ezech.
1704 5431 1808 5479 xx,

1921 5463 1934 5476 .
2010 5424 2056 5453 "
2094 5418 2254 5475 Joan.
2295 5436 2436 5484 xvu,
2471 5420 2558 5473 l7.
2633 5420 2681 5452 ⁷³
2716 5419 2875 5475 Joau.
2917 5435 3025 5481 xiv,
3065 5420 3118 5472 6.
3194 5416 3239 5451 "
3278 5416 3470 5473 Matth.

218 5492 421 5541 nun.
458 5483 546 5537 l9.
623 5482 672 5513 ⁷⁸
718 5480 736 5534 Ι
769 5482 894 5536 Cor.
932 5499 1018 5547 ri,
1057 5484 1143 5538 ll.
1221 5483 1267 5514 7‘
1304 5482 1502 5537 Cenes.
1542 5498 1627 5545 γι,
1658 5484 1711 5539 5.

287 5632 401 5711 (θξ)
435 5635 510 5690 Ita
556 5635 693 5707 Reg.
737 5636 900 5694 Basil.
937 5645 993 5693 et
1027 5636 1187 5708 Angl.
1216 5635 1319 5690 Alii
1363 5644 1417 5690 et
1468 5635 1627 5702 editi,
1661 5638 1788 5709 περὶ

1921 5653 2172 5711 'erorum
2209 5637 2394 5699 editis,
2426 5636 2517 5711 ita}
2545 5634 2677 5689 Υἱοῦ
2709 5636 2961 5711 θεότητος
2996 5639 3367 5707 ὑποστάσεως.

209 5703 399 5780 αὐτῇ
434 5774 453 5780 _
545 5774 579 5780 ,ξ
643 5703 674 5780 ⁷-
828 5778 835 5780 ξ
935 5778 962 5780 η
1117 5703 1140 5708 ⁷
1289 5777 1298 5780 _
1697 5703 1745 5780 _'
1775 5778 1783 5780 _
1967 5709 2079 5778 (94)
2110 5711 2247 5780 Aug.
2287 5707 2699 5780 προσδεόμενον.

282 5773 397 5846 (95)
434 5774 511 5829 Ita
545 5774 769 5846 Regius.
812 5778 1146 5849 Anglicanus
1181 5786 1236 5833 et
1272 5777 1647 5845 Augustauus.
1680 5777 1787 5833 Alii

1966 5773 2074 5850 (εδ)
2107 5773 2236 5847 liv-,7.
2283 5773 2501 5843 nemo;
2524 5773 2624 5831 αν.

655 5873 924 5931 Panos.
965 5872 1058 5933 Gn
1131 5873 1420 5935 XXl'lil.
3147 5876 3220 5936 16
