4066 6388
256 326 357 382 ιθδ

1371 321 1783 380 υιεΡυτΑτιο
1821 322 2100 379 CONTRA
2141 321 2382 378 ARIUM.

3377 318 3484 374 496

261 437 408 508 ὑμῶν
447 435 628 504 Ἰησου
659 433 915 506 Χριστοῦ,
946 432 1050 486 ὖπδ
1087 434 1310 503 κτιστῆς
1352 429 1446 488 οῦν
1473 434 1687 504 φύσεως
1715 450 1816 487 κα-

1920 442 2057 488 trem
2092 431 2304 487 Domini
2336 433 2506 488 nostri
2541 431 2669 489 Jesu
2695 431 2922 499 Christi,
2971 445 3001 485 ι
3049 439 3234 488 creata
3287 443 3480 489 natura

257 529 659 598 τιλαμσάνεται
689 527 828 580 κατὰ
849 525 941 590 ci;
978 526 1105 592 'Ap.
1133 520 1251 577 εἶπε
1271 543 1284 554 ·
1310 525 1402 597 Μὴ
1431 527 1637 594 γένοιτο
1661 525 1817 578 τοῦτο

260 620 420 690 φῆσαί
450 620 609 671 ποτεε
639 618 748 670 Καὶ
772 617 878 687 γὰρ
900 614 1168 684 ἀκούομεν
1187 615 1249 668 τὸ
1274 615 1425 688 παρὰ
1447 616 1538 668 τοῦ
1567 618 1818 686 Σωτῆρος

260 710 458 780 λεχθὲν,
487 727 507 758 ‹
531 704 1092 776 Οὐδεὶς⁹ἐπιγινώσκει
1110 705 1202 758 τὸν
1223 706 1348 758 Υἱὺν
1369 708 1416 758 ει
1448 706 1522 777 μὴ
1549 708 1578 760 ὁ
1600 708 1813 776 Πατήρο

260 801 370 855 οὐδὲ
392 799 482 853 τὸν
494 799 717 870 Πατέρα
734 815 816 860 τις
831 795 1179 864 ἐπιγινώσκει
1205 797 1252 847 εξ
1272 795 1392 866 μὴὸ
1412 797 1555 860 Υἱός.
1571 815 1590 848 ι
1612 798 1718 850 Ἀθ.
1743 793 1818 849 εἷ⁶

261 909 352 944 πεν
371 909 386 922 ο
409 892 597 944 Ἔστιν
613 889 708 943 ἄνθ
718 905 916 961 ρωπος,
935 890 1082 950 ὅστις
1104 887 1306 959 ὲκτὺςῆ
1327 889 1472 942 ἔνδον
1491 887 1817 956 γινώσκεται

259 982 387 1053 πρὸς
435 980 528 1032 τοῦ
570 979 704 1032 ἰδίου
752 977 1090 1048 πνεύματος;
1137 978 1225 1029 ναὶ
1278 978 1310 1047 ἢ
1345 977 1441 1042 οῦς
1477 980 1594 1046 Ἀρ.
1628 975 1810 1031 εἶπεν·

269 1070 584 1124 Ἀποστόλου
621 1070 771 1140 φωνή
805 1070 950 1123 ἐστιν
979 1070 1012 1139 ἡ
1044 1067 1327 1137 φάσκουσα
1351 1068 1536 1140 ἓτερον
1578 1068 1652 1140 μὴ
1695 1068 1815 1121 ἐπί-

260 1159 471 1213 στασθαι
505 1159 574 1212 τὰ
617 1158 806 1230 ἐτέρου
850 1158 948 1229 (Ι),
995 1160 1043 1210 εἰ
1088 1159 1161 1230 μὴ
1203 1159 1360 1229 μόνον
1417 1160 1816 1230 γινωσκόμενον

256 1251 474 1304 ἐκαστον
506 1249 646 1320 πρὸς
673 1249 767 1302 τοῦ
799 1249 928 1302 ἰδίου
955 1249 1282 1322 πνεύματος.
1308 1251 1417 1305 Καὶ
1445 1250 1560 1315 πῶς
1581 1252 1816 1324 ἐγχωρεῖ

256 1338 396 1403 λέξαι
429 1338 506 1409 μὴ
529 1338 703 1402 οὕτως
741 1338 916 1408 ἐχειν;

317 1451 403 1506 Η.
441 1452 550 1506 Ἀθ.
583 1447 704 1504 εἷπε
728 1471 738 1480 ·
766 1453 870 1505 Τοῦ
890 1452 1024 1506 Θεοῦ
1053 1448 1145 1508 οῦν
1172 1454 1241 1508 τὰ
1269 1453 1406 1525 βάθη
1433 1456 1517 1519 τίς
1535 1454 1814 1525 γινώσκει,

257 1543 440 1615 κτιστὴ
501 1546 686 1612 φύσις,
722 1544 752 1615 ἢ
786 1546 1039 1609 ἄκτιστος
1082 1547 1271 1612 οὐσίας
1309 1549 1381 1602 Ἦ
1409 1548 1508 1619 τὴν
1559 1547 1814 1602 ἄκτιστον

255 1635 431 1690 οὐσίαν
452 1637 590 1707 πρὸς
603 1636 702 1706 τῆς
722 1636 795 1707 (2)
815 1638 1044 1702 κτίσεως
1073 1639 1580 1710 καταλαμϐάνεσθαι
1606 1639 1778 1706 λέξεις
1797 1657 1812 1704 ;

256 1727 312 1781 El
339 1727 396 1782 δὲ
423 1727 561 1798 πρὸς
587 1727 844 1782 ἀκτῖστου
891 1727 1084 1796 λέξεις,
1119 1729 1362 1784 λείπεται
1403 1731 1590 1784 λοιπὸν
1622 1731 1816 1802 ὁμοσύ-

258 1835 358 1870 σιον
394 1817 773 1888 ὁμολογεῖσθαι
807 1819 912 1872 ὑπὸ
943 1820 1035 1873 σοῦ
1062 1821 1122 1874 τὺ
1178 1822 1330 1891 ἅγιον
1365 1823 1588 1894 Πνεῦμα
1639 1824 1814 1893 Πατρὶ
1847 1852 1886 1906 Β

257 1909 342 1961 καὶ
371 1907 506 1978 Υἱῷ.
537 1908 723 1962 Πάντα
745 1908 854 1979 γὰρ
887 1908 958 1961 τὰ
979 1909 1073 1962 τοῦ
1116 1910 1248 1962 Θεοῦ
1280 1912 1374 1964 καὶ
1414 1910 1482 1963 τὰ
1522 1910 1660 1980 βάθη
1694 1909 1812 1962 ἐπί-

259 2014 438 2052 σταται
478 1999 540 2052 τὸ
584 1997 810 2070 Πνεῦμα
855 1999 915 2053 τὸ
971 1999 1163 2069 ἅγιον,
1217 2001 1356 2054 κατὰ
1401 2003 1492 2056 τὸν
1545 2001 1811 2072 μακάριον

256 2088 457 2144 Παῦλον
494 2088 802 2158 φάσκοντα·
855 2108 874 2143 t
903 2091 1088 2154 Οὐδεὶς
1134 2091 1434 2162 ἀνθρώπων
1479 2089 1587 2146 οἶδε
1619 2092 1689 2145 τὰ
1719 2092 1810 2145 τοῦ

256 2179 533 2252 ἀνθρώπου
567 2183 617 2235 εἰ
665 2183 741 2254 μὴ
786 2182 849 2235 τὸ
881 2182 1101 2253 πνεῦμα
1151 2183 1246 2237 τοῦ
1303 2182 1588 2255 ἀνθρώπου
1612 2224 1627 2247 ,
1661 2184 1722 2236 τὸ
1753 2185 1810 2236 ἐν

253 2271 421 2342 αὐτῷ*
451 2271 599 2326 οὕτω
630 2274 726 2327 καὶ
756 2273 826 2326 τὰ
871 2274 964 2328 τοῦ
1007 2274 1140 2328 Θεοῦ
1179 2275 1354 2338 οὐδεὶς
1382 2277 1522 2343 ἔγνω
1561 2276 1609 2327 εἰ
1644 2276 1720 2347 μὴ
1750 2275 1812 2328 τὸ

251 2361 464 2433 Πνεῦμα
479 2361 575 2414 τοῦ
595 2360 751 2415 Θεοῦ.
777 2361 850 2414 Τὸ
865 2363 973 2432 γὰρ
989 2362 1207 2433 Πνεῦμα
1235 2363 1412 2415 πάντα
1429 2364 1621 2433 ἐρευνᾷ
1635 2362 1726 2414 καὶ
1745 2360 1811 2413 τὰ

253 2453 380 2524 βάθη
411 2455 508 2508 τοῦ
535 2453 694 2509 Θεοῦ.
719 2472 737 2504 ι
771 2455 892 2522 Ἀρ.
923 2451 1069 2507 sic?
1101 2454 1180 2507 Τὰ
1200 2453 1292 2510 τοῦ
1317 2454 1449 2507 Θεοῦ
1471 2454 1646 2508 πάντα
1668 2453 1809 2525 amp

249 2542 308 2596 ἂν
325 2543 450 2615 δόξῃ
491 2542 662 2614 αὐτῷ,
697 2542 868 2596 ταῦτα
918 2540 1024 2595 οἶδε
1059 2543 1119 2596 τὸ
1165 2543 1386 2613 Πνεῦμα
1421 2544 1518 2613 (5),
1565 2541 1808 2594 τουτέστι

247 2634 336 2698 τὰς
365 2633 598 2706 βουλὰς,
653 2633 833 2704 ἇσπερ
875 2633 940 2687 ἂν
991 2633 1321 2705 καταδήλους
1365 2632 1510 2704 αὑτῷ
1559 2635 1756 2704 ποιήσῃ
1781 2632 1810 2684 ὁ

248 2725 386 2789 Θεός.
441 2728 562 2780 Ἀθ.
598 2720 786 2779 εἶπεν·
826 2725 1032 2780 Οὐκοῦν
1061 2725 1212 2780 οὐδὲν
1249 2725 1506 2797 περισσὸν
1549 2725 1705 2788 δίδως
1731 2723 1809 2794 τῷ

246 2816 517 2887 Πνεῦματι
549 2817 704 2888 παρὰ
734 2817 796 2870 τὸ
820 2816 975 2884 γένος
1006 2817 1114 2871 τῶν
1141 2817 1462 2888 ἀνθρώπων.
1494 2818 1557 2870 El
1591 2817 1807 2888 ποιήσει

243 2909 305 2976 τὰ
313 2927 342 2981 ρ
361 2911 601 2980 πρᾶγμα
618 2909 647 2960 ὁ
667 2907 920 2972 Θεδς,ἐὰν
943 2908 1017 2979 μὴ
1043 2907 1363 2979 ἀποκαλύψῃ
1384 2909 1494 2971 τοῖς
1509 2906 1714 2969 δούλοις
1731 2906 1806 2975 (ὁ)

242 3001 394 3055 αὑτοῦ
422 3004 542 3064 τοῖς
573 3001 900 3072 προφήταις.
935 3002 1056 3068 Ἀρ.
1081 2995 1266 3052 εἶπεν·
1300 3001 1374 3052 Οὐ
1408 2999 1556 3052 δοκεῖ
1588 3014 1668 3051 σοι
1697 3017 1714 3049 ι
1737 2997 1809 3051 τὰ

239 3092 324 3146 τοῦ
349 3093 486 3147 Θεοῦ
515 3093 697 3147 πάντα
719 3111 738 3144 ι
769 3091 866 3156 τὰς
890 3091 1081 3162 βουλὰς
1111 3091 1276 3145 αὑτοῦ
1305 3088 1477 3156 εῐναι;
1505 3093 1622 3146 Ἀθ.
1649 3085 1768 3144 εἷπε
1788 3107 1802 3121 ·

1916 524 2336 595 comprehendi?
2363 527 2456 578 Ar.
2509 525 2666 582 Absit
2699 533 2759 578 ut
2812 525 2926 580 haec
2979 541 3220 595 unquam
3265 525 3480 582 dicam!

1915 614 2026 669 Nec
2057 614 2202 668 enim
2239 599 2552 684 ignoramus
2583 613 2729 686 quod
2759 613 3010 670 Salvator
3034 616 3234 672 dixerit
3268 635 3284 672 :
3323 633 3342 669 ι
3380 615 3485 672 Ne-

1917 721 2006 760 mo
2035 706 2318 775 cognoscit
2351 704 2570 771 Filium,
2626 709 2733 764 nisi
2784 707 2969 776 Pater;
3035 725 3214 780 neque
3266 708 3482 765 Patrem

1917 795 2043 864 quis
2071 795 2242 858 novit,
2285 795 2390 850 nisi
2438 795 2610 852 Filius
2641 798 2708 850 ⁸⁰.
2750 817 2769 850 ι
2807 797 2932 854 ΑιΙι.
2979 798 3144 853 Estne
3179 799 3361 866 homo,
3389 801 3482 870 qui

1918 885 2054 940 foris
2073 893 2127 938 et
2155 886 2306 941 intus
2332 901 2362 939 a
2387 887 2608 956 proprio
2631 898 2994 959 cognoscatur
3012 890 3238 960 spiritu,
3269 890 3485 946 annon?

1915 977 2015 1030 Ar.
2043 976 2155 1031 Vox
2188 985 2272 1032 est
2302 977 2547 1047 Apostoli
2578 980 2774 1036 aientis
2805 981 3076 1036 neminem
3106 995 3168 1036 ea
3203 997 3324 1052 quae
3343 982 3482 1036 alte.

1917 1067 2034 1122 rius
2059 1074 2186 1121 sunt
2215 1081 2564 1137 cognoscere,
2593 1069 2688 1124 sed
2719 1085 3163 1141 unumquemque
3205 1079 3418 1127 tantum
3450 1086 3480 1126 a

1917 1162 2141 1230 proprio
2200 1161 2454 1231 cognosci
2488 1161 2686 1231 spiritu
2715 1164 2784 1220 ⁸⁸.
2825 1163 2960 1230 Quis
2998 1181 3125 1220 vero
3154 1180 3353 1236 negare
3377 1180 3480 1219 au-

1917 1251 2064 1306 debit
2085 1252 2160 1306 ita
2186 1267 2244 1306 se
2277 1267 2390 1306 rem
2415 1251 2652 1308 habere?

1985 1453 2074 1508 41.
2095 1453 2133 1507 Α
2147 1453 2218 1508 th.
2237 1452 2372 1520 Quis
2392 1468 2520 1525 ergo
2536 1452 2628 1508 Dei
2647 1453 2914 1524 profunda
2932 1461 3104 1518 novnt,
3123 1461 3375 1511 creatane
3393 1470 3484 1509 na.

1915 1551 2062 1608 tura,
2083 1560 2152 1600 an
2171 1545 2412 1600 increata
2431 1545 2760 1600 substantia?
2776 1545 2856 1600 An
2887 1560 3013 1601 vero
3038 1547 3332 1602 increatam
3349 1547 3480 1601 sub-

1916 1636 2172 1690 stantiam
2191 1651 2220 1688 a
2241 1644 2422 1690 creata
2447 1634 2831 1705 comprehendi
2855 1634 3042 1691 dices?
3057 1635 3210 1702 Quod
3235 1637 3279 1691 si
3299 1637 3369 1691 ab
3395 1637 3479 1690 in-

1917 1736 2098 1782 creata
2115 1725 2499 1796 comprehendi
2513 1727 2865 1797 respondeas,
2882 1735 3051 1781 restat
3069 1727 3232 1798 igitur
3248 1735 3306 1780 ut
3319 1727 3481 1782 conii-

1914 1817 2079 1873 tearis
2106 1815 2367 1886 Spiritum
2393 1824 2643 1870 sanctum
2672 1817 2820 1871 Patri
2849 1827 2902 1872 et
2931 1816 3068 1871 Filio
3095 1833 3216 1872 esse
3243 1817 3481 1872 consub-

1914 1908 2243 1963 stantialem.
2258 1906 2449 1963 Omnia
2471 1910 2614 1964 enim
2627 1923 2749 1978 qua;
2761 1907 2855 1963 Dei
2869 1916 2997 1963 sunt
3009 1917 3063 1964 et
3078 1909 3194 1979 ipsa
3211 1909 3476 1980 profunda

1914 1997 2271 2069 scitSpiritus
2290 2007 2514 2057 sanctus
2533 2001 2688 2071 juxta
2710 2001 2926 2056 beatum
2946 1999 3174 2056 Paulum
3207 2001 3439 2056 aientem
3464 2020 3475 2054 :
3513 2065 3518 2072 ι

1919 2108 1936 2140 ι
1956 2089 2124 2146 Nemo
2137 2089 2414 2145 hominum
2428 2093 2578 2146 novit
2590 2108 2708 2161 quae
2722 2102 2848 2147 sunt
2861 2092 3117 2156 hominis,
3128 2093 3234 2148 nisi
3253 2093 3478 2162 spiritus

1914 2181 2170 2248 hominis,
2193 2182 2284 2253 qui
2315 2182 2370 2236 in
2396 2182 2514 2252 ipso
2544 2191 2628 2237 est
2649 2201 2662 2237 :
2687 2184 2767 2237 sic
2800 2183 2963 2238 etiam
2996 2198 3155 2238 nemo
3186 2185 3335 2238 novit
3355 2199 3477 2254 qua:

1912 2280 2042 2328 sunt
2059 2271 2176 2341 Dei,
2193 2274 2299 2328 nisi
2319 2271 2554 2344 Spiritus
2573 2272 2688 2328 Dei.
2714 2273 2947 2344 Spiritus
2966 2275 3110 2329 enim
3129 2275 3311 2328 omnia
3331 2289 3476 2329 scru-

1912 2372 2077 2428 tatur,
2091 2364 2252 2418 etiam
2266 2362 2632 2434 profundaDei
2647 2363 2713 2418 ⁸².
2727 2383 2744 2415 ι
2769 2368 2857 2419 Ar.
2875 2363 3066 2419 Omnia
3079 2380 3199 2433 quae
3215 2364 3307 2418 Dei
3323 2374 3473 2428 sunt,

1912 2469 2034 2523 quae
2056 2454 2158 2523 ipsi
2183 2454 2468 2525 placuerit,
2509 2455 2664 2510 novit
2694 2454 2950 2525 Spiritus,
2977 2455 3212 2519 scilicet,
3246 2457 3474 2512 consilia

1911 2561 2032 2616 quae
2046 2546 2097 2600 ei
2115 2545 2402 2601 manifesta
2419 2545 2608 2601 fecerit
2627 2545 2788 2600 Deus.
2806 2548 2931 2600 Ath.
2949 2547 3094 2601 Nihil
3113 2548 3278 2618 igitur
3294 2548 3474 2620 singu-

1912 2640 2026 2694 lare
2041 2638 2237 2694 tribuis
2251 2637 2474 2707 Spiritui
2492 2653 2658 2708 supra
2675 2655 2846 2710 genus
2862 2639 3180 2695 humanum.
3196 2638 3472 2710 Siquidem

1909 2746 2018 2786 non
2038 2731 2198 2786 faciet
2217 2730 2497 2801 quidpiam
2520 2729 2682 2794 Dens,
2705 2731 2809 2787 nisi
2827 2731 3144 2787 revelaverit
3161 2733 3335 2788 servis
3357 2733 3475 2787 suis

1911 2823 2191 2893 prophetis
2210 2823 2277 2876 ⁸³.
2329 2823 2426 2876 Ar.
2451 2822 2649 2878 Annon
2679 2823 2777 2878 tibi
2801 2823 3016 2878 videtur
3049 2843 3068 2876 ι
3089 2824 3272 2879 omnia
3302 2823 3416 2888 Dei,
3451 2843 3468 2875 ι

1909 2931 2032 2971 esse
2050 2916 2170 2984 ejus
2195 2914 2598 2970 consiliauth.
2631 2915 2897 2970 Dicuntur
2922 2934 2942 2968 ι
2965 2917 3146 2971 omnia
3163 2914 3278 2980 Dei,
3300 2934 3320 2969 ι
3345 2930 3471 2970 cum

1909 3007 2029 3076 ejus
2047 3006 2274 3062 ell‘ectus
2291 3022 2344 3062 et
2361 3021 2528 3076 opera
2549 3006 2789 3062 visibilia
2807 3015 2861 3063 et
2881 3006 3200 3073 invisibilia,
3217 3014 3333 3060 tum
3350 3006 3474 3076 ejus

1911 3101 2165 3163 consilia,
2191 3101 2473 3169 multaque
2496 3108 2625 3154 sunt
2651 3115 2771 3169 qua;
2793 3098 2886 3154 Dei
2913 3098 3274 3170 appellantur.
3316 3097 3472 3152 Nunc

246 3205 261 3236 ι
287 3185 362 3239 Τὰ
382 3185 483 3240 τοῦ
503 3185 638 3238 Θεοῦ
662 3204 681 3236 ι
709 3183 954 3253 λέγονται
986 3202 1004 3235 t
1030 3183 1228 3250 πάντα,
1254 3201 1273 3235 ι
1313 3183 1408 3236 καὶ
1431 3183 1485 3236 αἱ
1514 3182 1804 3253 ἐνέργειαι,

1911 3191 2040 3245 mihi
2067 3191 2232 3261 igitur
2254 3192 2414 3246 velim
2449 3191 2622 3256 dicas,
2649 3206 2777 3246 num
2803 3190 2997 3261 spiritu
3016 3190 3277 3254 hominis,
3312 3189 3475 3246 homo

238 3277 322 3330 ui.
351 3277 420 3330 τὰ
453 3275 742 3346 ποιήματα
785 3273 973 3339 αὑτοῦ,
1005 3273 1074 3329 τὰ
1111 3275 1280 3345 ὁρατὰ
1312 3275 1404 3327 καὶ
1441 3272 1509 3328 τὰ
1547 3275 1620 3345 μὴ
1669 3273 1808 3345 ὁρώ-

237 3388 392 3440 μενα·
436 3370 701 3439 λέγονται
743 3369 798 3422 δὲ
827 3370 922 3422 καὶ
967 3372 1022 3422 αἱ
1056 3369 1242 3439 βουλαὶ
1285 3367 1472 3430 αὐτοῦ,
1509 3369 1602 3420 καὶ
1634 3365 1806 3420 πολλά

234 3463 388 3528 ἐστιν,
413 3463 566 3534 ἅπερ
601 3460 925 3532 ὀνομάζεται
970 3458 1127 3514 Θεοῦ.
1173 3459 1310 3512 Εἰπέ
1339 3476 1428 3529 μοι
1456 3453 1548 3511 οῦν
1603 3458 1666 3511 σὺ
1712 3457 1806 3509 ἐπὶ

233 3552 316 3606 τοῦ
345 3555 622 3626 παρόντος
641 3567 656 3582 ·
681 3551 772 3619 Τῷ
809 3550 1071 3620 πνεύματι
1098 3549 1194 3606 ut}
1225 3547 1509 3620 ἀνθρώπου
1541 3550 1569 3602 ὁ
1598 3545 1804 3618 ἄνθρω-

232 3663 320 3710 πος
342 3649 410 3702 τὰ
439 3647 556 3701 ἴδια
589 3643 986 3705 ἀποκαλύπτει,
1008 3643 1041 3713 ἢ
1066 3643 1126 3696 τὸ
1147 3641 1363 3712 πνεῦμα
1395 3641 1489 3694 τοῦ
1511 3638 1800 3712 ἀνθρώπου

231 3739 285 3790 τὸ
313 3743 368 3792 ἐν
395 3738 553 3810 αὐτῷ
590 3737 769 3790 πάντα
800 3736 1082 3789 ἐπίσταται
1118 3733 1209 3802 ἀφ’
1238 3733 1431 3787 ἐαυτοῦ
1465 3732 1531 3786 τὰ
1568 3731 1802 3802 πραττό-

127 3881 130 3884 .
231 3848 357 3901 μενα
381 3831 491 3884 ὑπὸ
519 3827 623 3884 τοῦ
646 3827 954 3902 ἀνθρώπου,
980 3827 1071 3880 ὑπ’
1089 3825 1254 3880 αὐτοῦ
1281 3825 1466 3894 τοῦ(5)
1493 3825 1802 3894 πνεύματος

226 3921 410 3996 δηλαδὴ
472 3922 808 3993 κινουμένου
835 3921 930 3974 τοῦ
961 3919 1245 3991 ἀνθρώπου
1301 3919 1438 3990 πρὸς
1478 3918 1540 3971 τὸ
1586 3917 1802 3971 ἅπαντα

222 4015 370 4087 δρᾷν.
401 4019 528 4087 Ἀρ.
568 4012 757 4070 εἶπενο
807 4015 923 4084 ’Δφ’
957 4012 1150 4068 ἐαυτοῦ
1184 4013 1466 4066 ἐπίσταται
1489 4011 1551 4066 τὸ
1583 4011 1800 4081 πνεῦμα

221 4108 302 4161 τοῦ
353 4109 666 4182 ἀνθρώπου
730 4107 798 4160 τὰ
841 4108 899 4162 ἐν
951 4107 1120 4178 αὐτῷ.
1175 4107 1297 4162 Ἀθ.
1349 4101 1500 4160 εἷπε·
1556 4105 1646 4176 Τῷ
1699 4107 1798 4176 μὲν

217 4200 478 4272 πνεύματι
538 4199 646 4253 τοῦ
696 4198 981 4271 ἀνθρώπου
1041 4199 1386 4262 ἀποδέδωκας
1454 4199 1548 4268 ἀφ’
1600 4197 1798 4251 ἐαυτοῦ

217 4291 401 4345 εἰδέναι
431 4293 654 4353 πάντα,
684 4289 760 4360 τῷ
785 4289 842 4343 δὲ
872 4287 1149 4359 Πνεύματι
1175 4287 1266 4341 τοῦ
1299 4285 1436 4340 Θεοῦ
1490 4286 1612 4340 οὐδὲ
1651 4284 1796 4338 οὕτω

213 4382 626 4454 παρεχώρησας
677 4377 820 4448 ἔχειν
859 4378 957 4448 τὴν
1021 4377 1249 4445 γνῶσιν;
1293 4375 1436 4448 Πρὸς
1483 4375 1542 4429 δέ
1585 4372 1796 4436 τούτοις

213 4470 323 4541 λέγε
375 4493 493 4545 μοι,
547 4492 569 4525 σ
617 4471 760 4544 βάθη
821 4469 954 4524 Θεοῦ
983 4490 1002 4520 ι
1034 4471 1087 4523 τί
1135 4472 1308 4532 νοείςς
1355 4471 1473 4537 Ἄρ.
1518 4468 1592 4537 (6)
1636 4463 1792 4522 εἷπε·

1906 3281 2109 3337 revelet
2124 3282 2363 3352 propria,
2382 3282 2464 3335 vel
2489 3297 2616 3336 num
2639 3281 2867 3351 spiritus
2891 3279 3150 3343 hominis,
3167 3280 3258 3350 qui
3279 3281 3332 3334 in
3356 3279 3474 3352 ipso

1905 3380 2010 3436 est,
2025 3373 2207 3426 omnia
2223 3389 2286 3426 ex
2323 3371 2504 3442 seipso
2523 3371 2733 3426 noverit
2753 3386 2874 3440 qua:
2894 3371 2961 3425 ab
2978 3369 3197 3425 homine
3211 3377 3468 3437 aguntur,

1905 3464 2024 3534 ipso
2047 3463 2298 3518 videlicet
2328 3463 2523 3533 spiritu
2543 3463 2814 3517 hominem
2831 3461 2899 3516 ad
2921 3461 3102 3515 omnia
3127 3461 3332 3531 agenda
3356 3476 3472 3515 mo-

1903 3554 2100 3609 vente?
2131 3556 2222 3608 Ar.
2247 3553 2324 3608 Ex
2359 3555 2540 3623 seipso
2568 3553 2716 3608 novit
2730 3553 2958 3622 spiritus
2987 3552 3245 3616 hominis,
3273 3566 3394 3621 quae
3415 3552 3470 3605 in

1905 3646 2023 3716 ipso
2052 3653 2180 3701 sunt
2206 3645 2442 3701 homine.
2469 3645 2591 3698 Ath.
2619 3643 2803 3714 itaque
2824 3643 3080 3698 concedis
3097 3643 3347 3712 spiritum
3370 3642 3469 3696 ho-

1903 3737 2066 3792 minis
2097 3736 2278 3791 omnia
2301 3751 2365 3790 ex
2397 3735 2580 3807 seipso
2600 3749 2954 3806 cognoscere.
2988 3732 3138 3788 Hanc
3168 3741 3349 3787 autem
3377 3749 3469 3788 co-

1901 3828 2197 3898 gnitionem
2232 3825 2461 3897 Spiritui
2494 3825 2587 3880 Dei
2633 3826 2904 3896 denegas?
2924 3824 3192 3880 Praeterea
3214 3823 3303 3878 dic
3336 3824 3467 3878 mihi

1900 3918 2028 3988 quid
2047 3936 2066 3968 ι
2087 3916 2352 3988 profunda
2368 3916 2458 3972 Dei
2478 3931 2625 3993 resse
2637 3915 2940 3986 intelligas?
2951 3915 3046 3969 Ar.
3061 3913 3244 3970 Primo
3258 3914 3470 3970 sincere

1901 4008 2182 4064 fatendum
2213 4015 2322 4072 est,
2357 4007 2540 4062 omnia
2575 4021 2697 4076 qua:
2718 4005 2813 4062 Dei
2847 4013 2976 4062 sunt
3002 4005 3260 4076 Spiritum
3284 4003 3468 4060 Deiex

1901 4099 2084 4170 seipso
2103 4113 2434 4170 cognoscere
2459 4117 2474 4154 :
2499 4098 2696 4153 deinde
2711 4097 3001 4153 dicendum
3025 4105 3110 4152 est
3146 4117 3164 4148 ι
3200 4097 3468 4168 profunda

1899 4191 2018 4258 Dei,
2048 4211 2067 4244 ›
2103 4208 2226 4248 esse
2259 4199 2314 4248 et
2337 4189 2483 4262 quod
2523 4190 2769 4245 infinitus
2793 4191 2865 4244 sit
2883 4198 2938 4245 et
2960 4189 3468 4260 incomprehensus,

1896 4284 2045 4355 quod
2064 4285 2191 4340 item
2208 4291 2292 4340 est
2311 4292 2366 4338 et
2382 4281 2839 4354 quemadmodum
2867 4293 2952 4336 est
2968 4281 3110 4336 Deus
3134 4300 3146 4336 :
3175 4282 3289 4337 haec
3316 4283 3468 4336 illum

1898 4391 2063 4432 nosse
2079 4375 2227 4432 dico.
2247 4375 2373 4432 ΑιΙι.
2390 4373 2448 4428 Si
2471 4374 2638 4445 igitur
2659 4374 2776 4428 haec
2789 4373 2928 4429 dicis
2955 4387 3098 4436 esse,
3117 4373 3262 4443 quod
3289 4374 3471 4428 inlini-

1899 4477 1990 4524 tus
2015 4469 2086 4524 sit
2104 4477 2159 4524 et
2184 4467 2694 4538 incomprehensus,
2717 4465 2861 4538 quod
2891 4466 3016 4521 item
3036 4473 3120 4520 est
3142 4475 3196 4519 et
3216 4465 3450 4535 quemad

214 4533 419 4633 Πρῶτον
472 4533 803 4634 ιριλαλήθως
847 4558 1172 4630 ὁμολογῆσαι
1196 4559 1296 4623 δεῖ,
1343 4533 1429 4612 ὃτι
1465 4533 1642 4612 πάντα
1696 4558 1792 4626 ἀφ’

1907 4560 2122 4614 modum
2150 4567 2236 4615 est
2287 4578 2300 4614 :
2343 4533 2513 4615 Deum
2559 4533 2750 4627 utique
2789 4558 2940 4613 dices
2992 4573 3021 4612 a
3051 4533 3248 4613 creata
3275 4568 3457 4613 natur:

213 4653 388 4709 ἐαυτοῦ
415 4655 701 4725 γινώσκει
735 4651 805 4706 τὰ
828 4650 922 4705 τοῦ
951 4651 1086 4705 Θεοῦ
1115 4651 1175 4704 τδ
1218 4650 1467 4721 Πνεῦμα⁶
1510 4650 1700 4704 ἔπειτα
1735 4649 1792 4702 δὲ

209 4740 277 4796 δεῖ
301 4746 466 4815 φάναι
515 4765 538 4799 r
581 4743 734 4816 βάθη
767 4741 902 4797 Θεοῦ
926 4761 944 4793 ι
986 4741 1047 4794 τὺ
1088 4741 1390 4814 ἀπέραντον
1437 4742 1531 4795 καὶ
1580 4741 1790 4796 ἀκατά-

209 4835 414 4906 ληπτον,
446 4841 603 4910 ὅπερ
636 4835 780 4899 ἐστὶ,
798 4833 890 4888 καὶ
919 4833 1108 4905 ὥσπερ
1125 4835 1312 4888 ἐστὶνό
1339 4833 1592 4904 Θεός(7)’
1615 4834 1787 4888 ταῦτα

207 4925 386 4983 εὲὃέναι
419 4929 600 5000 φημί.
664 4927 775 4981 Ἀθ.
807 4920 994 4978 εἶπεν·
1033 4925 1096 4979 Et
1127 4920 1220 4978 οὖν
1250 4925 1310 4978 τὸ
1337 4925 1646 4995 ἀπέραντον
1693 4927 1786 4978 καὶ

207 5016 611 5090 ἀκατάληπτον,
639 5016 738 5069 καὶ
769 5015 906 5086 ὅπερ
939 5015 1054 5068 ἐστί
1077 5015 1168 5067 καὶ
1200 5013 1273 5076 ὡς
1303 5013 1419 5066 ἔστι
1451 5012 1621 5066 ταῦτα
1653 5014 1785 5083 φὴς,

260 5201 302 5231 ⁸⁸
341 5201 540 5255 Matth.
585 5214 645 5252 XI
671 5236 688 5260 ,
724 5195 813 5248 27.

290 5379 333 5448 Ι)
363 5375 758 5448 BasiliensisL
765 5371 1094 5448 Anglicanus
1123 5383 1173 5427 et
1189 5373 1572 5448 Augustanus.
1593 5373 1779 5443 ἐτέρου

201 5442 490 5514 ἁοθρὶῖιπου.
527 5445 686 5502 Ibid.
725 5442 920 5514 883.}
953 5443 1130 5514 μόνον.
1172 5445 1306 5514 Aug.
1337 5443 1601 5514 etpévov.

261 5465 284 5501 υ
477 5490 490 5502 .
527 5465 686 5502 ιυια.
727 5465 857 5512 Reg.
887 5465 920 5508 η
953 5465 1130 5512 μονον.
1172 5465 1306 5514 aug.
1337 5465 1388 5494 ει
1421 5465 1601 5511 μονον.

261 5465 505 5588 m.
533 5516 658 5588 προ
704 5514 825 5588 τῇς.
854 5511 1181 5588 _Paulo_po_st,
1224 5515 1276 5567 in
1312 5512 1502 5567 eodem
1544 5513 1656 5588 hac
1686 5514 1776 5588 deo

261 5535 332 5588 (2)
361 5535 507 5642 angi
533 5535 658 5588 προ
704 5535 825 5582 της.
859 5535 1023 5566 raulo
1042 5535 1181 5581 pOSI,
1224 5535 1276 5567 m
1312 5535 1502 5567 eouem
1545 5535 1656 5568 Haec
1686 5535 1776 5568 (Ie-

199 5598 330 5668 sunt,
360 5590 422 5642 El
551 5585 712 5657 πρὸς
741 5583 993 5637 ἀκτίστου
1032 5583 1238 5648 λέξεις,
1277 5591 1498 5653 propter
1534 5584 1778 5652 ὁμοιοτέ-

201 5669 498 5800 ωἷὲῗνλυε.
527 5728 708 5782 τοῦτο
739 5723 792 5776 δὲ
826 5718 929 5775 οἶδε
965 5721 1023 5775 τὸ
1044 5723 1194 5790 ἅγιον
1224 5721 1464 5793 Πνεῦμα.

1899 4648 2306 4718 comprehendi.
2319 4648 2474 4715 Quod
2490 4648 2535 4704 si
2555 4662 2744 4702 verum
2760 4657 2866 4713 est,
2887 4661 2994 4702 non
3017 4648 3252 4718 amplius
3270 4662 3466 4703 secum

1898 4739 2025 4792 dum
2043 4745 2096 4794 te
2113 4737 2255 4794 Deus
2269 4741 2375 4795 erit
2391 4740 2896 4811 incomprehensus.
2914 4737 3158 4808 Namque
3175 4740 3220 4794 si
3239 4737 3382 4792 Deus
3400 4739 3466 4792 ab

1896 4830 2080 4901 aliqua
2095 4839 2278 4888 creata
2296 4838 2512 4899 natura,
2529 4832 2785 4903 quaelibet
2802 4831 2891 4885 illa
2913 4829 3094 4895 fuerit,
3111 4845 3230 4885 com
3239 4830 3462 4900 prehen-

1896 4921 2069 4986 ditur,
2097 4931 2244 4978 certe
2258 4922 2749 4993 incomprehensus
2760 4920 2866 4977 dici
2884 4936 2991 4976 non
3006 4929 3204 4992 potest.
3221 4921 3260 4973 Α
3272 4937 3316 4973 r.
3333 4917 3460 4973 Pro-

1895 5017 1976 5066 ler
2007 5013 2138 5067 mihi
2179 5014 2553 5068 testimonium
2585 5030 2652 5068 ex
2678 5014 2884 5070 sanctis
2923 5011 3245 5082 Scriptnris,
3276 5025 3458 5080 quem-

890 5195 931 5225 ³¹
961 5194 978 5246 l
1008 5193 1134 5250 Cor.
1174 5211 1244 5262 ll,
1280 5195 1367 5250 ll.
1441 5195 1488 5226 "
1527 5194 1767 5262 ibid“,
1799 5197 1884 5249 l0.
1961 5196 2196 5251 "Amos
2234 5213 2332 5262 ιιι,
2374 5196 2425 5250 7.

1955 5375 2030 5446 (ξ)
2060 5375 2198 5446 Aug.
2229 5373 2744 5446 émxahft'tnabu'p.

2059 5427 2198 5514 λιιξ.
2242 5445 2333 5496 ὑπ’
2365 5427 2611 5514 αὐτοῦ’δέ
2637 5427 2749 5496 τοῦ.

1957 5509 2034 5580 (6)
2061 5509 2198 5583 Aug.
2235 5513 2396 5583 ἔχειν.
2428 5513 2666 5585 Ἄρειος.
2693 5509 2914 5585 omissis
2944 5515 3308 5585 inter-mediis,

1957 5585 2033 5665 (ΣΙ)
2051 5580 2200 5668 'Aug.
2229 5580 2337 5666 K0}
2365 5580 2657 5668 ὅπερ-ἐστὶ,
2677 5580 2859 5644 καὶὼς
2885 5583 3056 5668 ἔστιν,
3085 5583 3459 5668 Ἀθανὰσιρς.

1885 5654 2072 5706 ταῦτὰ
2111 5653 2239 5724 φὴσι
2280 5653 2370 5707 τὸν
2396 5653 2526 5706 Θεὲν
2565 5653 2670 5706 ὑπὸ
2724 5655 2946 5725 κτιστῆς
2983 5656 3218 5726 φύσεωςο
3272 5656 3462 5711 multis

1889 5725 2133 5780 omissis.
