3920 6496
979 251 1010 282 \

551 345 660 404 495
1683 331 1740 386 S.
1787 325 2251 384 ATHANASIUS.
2293 356 2365 368 ——
2407 322 2680 378 SPURIA.
3723 317 3838 378 496

559 458 850 517 admodum
880 455 946 509 de
982 451 1120 506 Filio
1162 448 1364 513 fecisti,
1415 462 1523 518 quo
1557 445 1818 502 ostendas
1866 445 2128 516 Spiritum

2246 441 2323 494 τὸν
2338 440 2470 493 Θεὸν
2503 437 2608 490 ὑπὸ
2633 436 2852 507 κτιστῆς
2877 437 3091 508 φύσεως
3113 437 3628 509 καταλαμϐάνεσθαι
3655 439 3836 509 ἐρεῖς.

565 555 672 606 Deo
719 565 841 605 esse
877 543 1424 602 consubstantialem.

2246 535 2302 586 Ei
2351 533 2407 586 δὲ
2451 531 2593 585 τοῦθ’
2641 529 2812 591 οὕτως
2861 528 2996 599 ἔχει,
3041 531 3224 584 οὐκέτι
3276 531 3672 600 ἁκατάληπτὸς
3717 531 3837 585 ἐστι

561 643 702 698 κατὰ
728 643 806 694 σέ.
837 641 910 692 Τὸ
930 637 1037 708 γὰρ
1071 637 1206 708 πρὸς
1247 634 1365 697 οἵας
1409 633 1595 705 δήποτ’
1635 626 1728 684 οὖν
1776 626 2293 698 καταλαμϐάνεσθαι
2325 624 2552 695 κτιστῆς
2579 621 2793 692 φύσεως
2853 620 2944 672 τὸν
2973 620 3124 686 Θεὸν,
3158 623 3219 675 οὐ
3280 622 3502 676 δύναται
3563 622 3838 690 λέγεσθαι

560 733 958 801 ἀκατάληπτος.
985 730 1103 795 Ἀρ.
1141 723 1260 780 εἶπε
1284 741 1296 754 ·
1331 725 1430 788 Δός
1463 741 1552 796 μοι
1594 721 1902 794 μαρτυρίαν
1953 721 2016 772 ἐκ
2052 717 2162 771 τῶν
2199 718 2372 786 ἁγίων
2414 713 2681 786 Γραφῶν,
2726 712 2802 776 ὡς
2830 714 3085 784 περὶτοῦ
3119 712 3249 768 Υἰοῦ
3299 714 3400 785 (8),
3432 716 3514 769 ὅτι
3538 715 3838 785 otiaOtia-tau

559 831 816 900 τυγχάνει
843 827 903 879 τὸ
931 823 1156 895 Πνεῦμα
1188 821 1282 875 τοῦ
1309 818 1466 874 Θεοῦ.

751 920 874 976 Ath.
915 918 1189 989 Scriptum
1230 923 1315 971 est
1364 917 1417 970 in
1452 917 1570 986 lege
1603 914 1698 970 Dei
1732 933 1744 968 :
1784 932 1802 966 ι
1834 911 1953 967 Non
1987 926 2140 967 assu-

2312 902 2401 957 42.
2445 903 2555 956 Ἀθ.
2592 897 2712 954 εἰπε
2736 917 2749 930 ·
2782 901 3097 973 Γέγραπται
3131 901 3191 955 ἐν
3221 900 3302 972 τῷ
3331 903 3481 973 νόμῳ
3517 901 3616 955 τοῦ
3657 902 3834 956 Θεοῦ·

561 1029 676 1069 mes
709 1028 905 1067 nomen
941 1009 1156 1065 Domini
1203 1009 1296 1063 Dei
1341 1008 1421 1062 tui
1473 1007 1528 1060 in
1573 1022 1772 1061 vanum
1818 1018 1963 1060 :nec
1992 1002 2136 1058 enim

2246 1013 2266 1046 ι
2301 995 2373 1048 Οὐ
2406 992 2551 1067 λήψῃ
2584 993 2646 1046 τὸ
2697 992 2867 1064 ὄνομα
2899 994 3105 1064 Κυρίου
3140 993 3236 1047 τοῦ
3273 992 3408 1046 Θεοῦ
3455 1011 3552 1047 σου
3584 995 3691 1047 ἐπί
3732 1014 3836 1065 μα-

560 1105 779 1162 habebit
825 1105 1096 1160 insontem
1139 1101 1404 1156 Dominus
1455 1115 1580 1155 eum
1632 1100 1724 1170 qui
1780 1095 2139 1168 assumpserit

557 1211 760 1255 nomen
789 1196 1002 1250 Domini
1031 1194 1124 1249 Dei
1160 1193 1244 1248 sui
1285 1192 1487 1246 frustra
1512 1190 1580 1244 “.
1624 1210 1641 1243 ι
1679 1189 1956 1261 Scriptum
2001 1203 2138 1258 quo-

559 1307 666 1362 que
704 1290 768 1346 de
808 1288 1013 1359 Spiritu
1060 1286 1368 1357 reperimus
1401 1282 1704 1338 Salvatoris
1739 1281 2133 1338 testimonium.

563 1383 654 1438 Sic
696 1383 841 1438 enim
885 1381 950 1434 ad
984 1380 1123 1434 filios
1171 1377 1458 1432 Beelzebul
1506 1376 1765 1446 loquitur,
1814 1374 1906 1444 qui
1959 1374 2134 1443 ipsum

561 1475 892 1532 contumelia
931 1473 1185 1527 volebant
1222 1469 1436 1525 allicere
1473 1489 1485 1522 :
1525 1487 1543 1518 ι
1574 1467 1746 1523 Omne
1796 1482 2022 1537 regnum
2082 1465 2136 1518 in

563 1587 622 1626 se
647 1569 882 1623 divisum
932 1565 1232 1626 desolatur,
1278 1570 1333 1616 et
1375 1562 1558 1616 omnis
1588 1561 1783 1614 civitas
1819 1561 1901 1613 vel
1943 1558 2139 1612 domus

569 1658 728 1729 179
759 1659 812 1710 in
865 1671 925 1711 se
954 1653 1152 1720 divisa,
1203 1653 1366 1707 cadit.
1402 1650 1467 1705 Et
1516 1650 1564 1705 si
1608 1648 1839 1704 Satanas
1876 1646 2132 1702 Satanam

561 1752 730 1818 ejicit,
765 1757 818 1803 et
839 1747 1126 1802 adversum
1149 1760 1208 1800 se
1230 1741 1531 1800 insurrexit
1560 1749 1614 1796 et
1645 1741 1854 1796 divisus
1878 1748 1986 1804 est,
2008 1754 2139 1809 quo-

563 1841 724 1894 modo
746 1854 876 1908 ergo
905 1838 1072 1892 stabit
1097 1851 1320 1907 regnum
1343 1833 1498 1906 ejus?
1523 1834 1631 1887 Aut
1658 1831 1932 1903 quomodo
1957 1837 2135 1900 potest

563 1933 851 2002 quisquam
890 1945 1020 1985 vasa
1069 1928 1227 1984 fortis
1276 1928 1535 1997 diripere,
1571 1925 1680 1980 nisi
1719 1923 1872 1995 prius
1911 1923 2132 1977 domum

563 2025 866 2093 ingressus,
905 2021 1098 2075 fortem
1142 2019 1409 2090 ligaverit,
1441 2024 1495 2072 et
1526 2023 1716 2087 postea
1755 2015 1976 2070 domum
2015 2012 2135 2082 ejus

2241 1087 2378 1158 ταίῳ
2398 1104 2413 1118 ο
2448 1087 2509 1139 οὐ
2537 1087 2646 1157 γάρ
2691 1084 2765 1156 μὴ
2794 1085 3065 1157 καταρίση
3095 1086 3299 1160 Κύριος
3344 1085 3435 1139 τὸν
3478 1086 3839 1157 λαμϐάνοντα

2241 1179 2301 1232 τὸ
2332 1178 2502 1248 ὄνομα
2532 1177 2696 1230 αὑτοῦ
2739 1177 2834 1230 ἐπὶ
2870 1178 3105 1248 ματαίῳ.
3147 1198 3166 1230 ι
3208 1179 3320 1232 Kal
3350 1180 3478 1250 περὶ
3519 1179 3619 1232 τοῦ
3659 1178 3836 1233 [Ινεύ-

2245 1287 2414 1342 ματος
2451 1270 2779 1341 εὑρίσκομεν
2806 1269 3192 1341 γεγραμμένον
3245 1271 3382 1342 πρὸς
3400 1271 3493 1324 τοῦ
3546 1272 3833 1342 Σωτῆρος.

2242 1364 2381 1434 Φησί
2413 1362 2522 1434 γὰρ
2579 1363 2718 1433 πρὸς
2767 1363 2896 1426 τοὺς
2950 1361 3044 1414 τοῦ
3080 1362 3408 1428 Βεελζεϐοὺλ
3455 1364 3647 1429 υἱοὺς,
3711 1368 3835 1428 τοὺς

2244 1454 2548 1526 ἐνυϐρίζειν
2616 1453 2870 1518 θέλοντας
2923 1453 3120 1509 αὐτόν’
3172 1473 3190 1505 ι
3234 1456 3390 1508 Πᾶσα
3438 1454 3701 1525 βασιλεία
3754 1458 3834 1526 ἐφ’

2244 1547 2445 1617 ἑαυτὴν
2481 1547 2556 1616 (9)
2594 1546 2917 1618 μερισθεῖσα
2941 1546 3266 1619 ἐρημοῦται,
3301 1547 3395 1601 καὶ
3432 1549 3584 1601 πᾶσα
3609 1548 3829 1621 πόλιςῆ

2236 1640 2382 1694 οἰκία
2423 1639 2742 1711 μερισθεῖσα
2775 1640 2896 1694 καθ’
2924 1640 3123 1712 ἑαυτὴν
3165 1641 3378 1694 πίπτει.
3417 1641 3528 1694 Καὶ
3577 1644 3631 1696 εἰ
3662 1642 3695 1692 ὁ
3730 1643 3831 1694 2a-

2236 1730 2402 1793 τανᾶς
2429 1729 2519 1782 τὸν
2549 1729 2797 1783 Σατανᾶν
2825 1729 3096 1793 ἐκϐάλλει,
3141 1731 3235 1784 καὶ
3283 1731 3369 1800 ἐφ’
3403 1731 3597 1784 ἐαυτὸν
3629 1732 3826 1803 ἀνέστη

2237 1821 2330 1872 καὶ
2363 1821 2710 1892 μεμέρισται,
2754 1821 2872 1884 πῶς
2911 1817 3004 1874 οὖν
3037 1823 3363 1894 σταθήσεται
3393 1821 3555 1877 αὐτοῦ
3594 1824 3631 1895 ἡ
3685 1823 3829 1894 βασι-

2236 1911 2354 1965 λεία
2378 1930 2392 1978 ;
2421 1912 2636 1976 Ἦ,πῶ;
2670 1913 2892 1966 δύναταί
2915 1931 3000 1977 τις
3025 1914 3094 1967 τὰ
3118 1915 3286 1986 σκεύη
3313 1913 3407 1968 τοῦ
3433 1916 3664 1986 ἰσχυροῦ
3686 1917 3826 1987 διαρ-

2239 2005 2429 2071 πάσαι,
2457 2005 2552 2058 ἐὰν
2587 2006 2660 2076 μὴ
2691 2007 2974 2077 πρότερον,
3007 2007 3263 2061 εἰσελθὼν
3297 2010 3354 2061 ἐν
3375 2011 3442 2080 τῇ
3483 2009 3662 2080 οἰκίᾳ,
3698 2009 3824 2079 δήσῃ

564 2113 886 2184 diripuerit?
918 2112 983 2166 Et
1014 2112 1062 2166 si
1097 2126 1199 2182 ego
1234 2111 1288 2164 in
1322 2111 1607 2165 Beelzehul
1653 2107 1814 2176 ejicio
1843 2105 2130 2167 daemonia,

2246 2100 2324 2152 τὸν
2349 2100 2586 2174 ἰσχυρὸν,
2621 2101 2714 2154 καὶ
2736 2099 2856 2153 τότε
2875 2100 2974 2169 τὴν
2996 2100 3173 2152 οἰκίαν
3199 2099 3362 2153 αὐτοῦ
3383 2100 3681 2170 διαρπάσει
3699 2099 3822 2170 (10);

566 2206 658 2260 lilii
694 2207 857 2261 vestri
887 2208 941 2258 in
975 2219 1085 2274 quo
1113 2202 1376 2271 ejiciunt?
1396 2221 1414 2253 ι
1446 2201 1512 2254 Et
1540 2201 1701 2271 paulo
1721 2210 1844 2269 post
1870 2197 2094 2267 subjicit
2119 2214 2132 2250 :

570 2317 588 2349 ι
629 2296 754 2352 Ideo
799 2297 922 2350 dico
972 2295 1146 2358 vobis,
1177 2309 1338 2348 omne
1377 2300 1665 2362 peccatum
1707 2297 1759 2345 et
1799 2289 2138 2360 blasphemia

565 2390 872 2443 remittetur
905 2386 1220 2440 hominibus
1256 2404 1268 2438 :
1313 2384 1553 2454 Spiritus
1589 2394 1767 2437 autem
1803 2381 2138 2452 blasphemia

567 2495 674 2534 non
712 2479 1037 2533 remittetur.
1069 2476 1134 2530 Et
1164 2477 1478 2547 quicunque
1513 2475 1713 2528 dixerit
1741 2475 1966 2527 verbum
2009 2487 2142 2526 con-

569 2582 648 2626 tra
680 2569 878 2624 Filium
909 2571 1166 2632 hominis,
1204 2569 1508 2622 remittetur
1535 2567 1585 2622 ei
1615 2584 1630 2620 :
1655 2566 1746 2636 qui
1784 2573 1964 2620 autem
1991 2565 2141 2619 dixe-

568 2663 640 2716 rit
701 2670 891 2716 contra
935 2660 1195 2730 Spiritum
1246 2670 1524 2722 sanctum,
1584 2673 1693 2712 non
1741 2657 2049 2712 remittetur
2091 2656 2139 2710 ei

569 2766 745 2821 neque
770 2752 823 2804 in
857 2751 960 2804 hoc
987 2751 1188 2805 saeculo
1213 2766 1388 2820 neque
1417 2750 1470 2804 in
1502 2749 1688 2804 futuro
1709 2749 1777 2802 ⁸⁸.
1814 2767 1832 2798 ι
1867 2747 2032 2802 Vides
2055 2749 2142 2804 hic

567 2854 623 2897 et
654 2843 709 2896 in
743 2843 928 2896 futuro
979 2843 1177 2898 saeculo
1210 2841 1477 2912 Spiritum
1521 2855 1643 2896 esse
1697 2841 1961 2911 aequalem
1994 2839 2144 2895 Deo?

569 2932 640 2987 L‘t
674 2932 818 2986 enim
847 2934 939 3003 qui
972 2932 1024 2985 in
1058 2930 1226 2986 Deum
1254 2933 1469 2986 Patrem
1504 2929 1715 3000 profert
1745 2929 2142 3000 blasphemiam

569 3039 680 3077 non
699 3024 888 3077 insons
917 3022 1226 3086 habebitur,
1253 3021 1348 3076 sed
1368 3021 1558 3076 aeterni
1582 3021 1833 3091 supplicii
1861 3035 1988 3076 reus
2003 3021 2140 3075 erit:

571 3115 651 3168 sic
683 3122 735 3168 et
763 3113 852 3166 ille
881 3113 973 3182 qui
1008 3113 1062 3167 in
1099 3111 1360 3182 Spiritum
1407 3121 1658 3167 sanctum
1708 3113 1997 3182 protulerit
2029 3113 2145 3166 bla-

573 3206 894 3274 sphemiam,
929 3206 1118 3260 aeterni
1161 3203 1370 3276 peccati
1403 3220 1531 3259 reus
1582 3205 1692 3269 fiet,
1728 3221 1828 3260 nec
1870 3221 1932 3259 ea
1983 3206 2143 3276 culpa

572 3296 674 3365 ipsi
703 3297 1124 3350 condonabitur.
1145 3295 1278 3350 Nam
1299 3298 1343 3350 si
1373 3311 1566 3351 servus
1601 3305 1767 3361 esset,
1797 3312 2143 3366 nequaquam

575 3389 641 3454 is,
673 3389 763 3457 qui
793 3403 915 3442 eum
941 3387 1259 3451 offenderet,
1296 3397 1501 3442 aeterno
1530 3388 1817 3458 puniretur
1852 3389 2141 3459 supplicio,

2250 2191 2360 2244 Kal
2406 2192 2455 2244 εἰ
2501 2191 2612 2260 ἐγὼ
2641 2193 2698 2244 ἐν
2727 2190 3053 2256 Βεελζεϐοὺλ
3084 2191 3328 2245 ἐκϐάλλω
3358 2193 3427 2244 τὰ
3461 2192 3742 2264 δαιμόνια,
3781 2191 3825 2244 οἰ

2243 2287 2350 2341 υίοὶ
2401 2286 2553 2358 ὑμῶν
2600 2288 2660 2339 ἐν
2710 2285 2817 2339 τίνι
2860 2285 3217 2350 ἐκϐάλλουσι;
3271 2305 3290 2338 ι
3352 2285 3461 2340 Kal
3511 2286 3635 2356 μετ’
3680 2285 3822 2356 ὀλίγα

2242 2380 2410 2450 φησί·
2449 2398 2467 2430 ι
2510 2379 2607 2432 Διὰ
2632 2379 2790 2432 τοῦτο
2821 2379 2963 2448 λέγω
2985 2379 3132 2450 ὑμῖν,
3159 2380 3243 2432 ὅτι
3278 2380 3428 2433 πᾶσα
3459 2379 3712 2452 ἁμαρτία
3741 2382 3825 2434 καὶ

2243 2471 2562 2542 βλασφημία
2614 2470 2942 2542 ἀφεθήσεται
2993 2473 3105 2534 τοῖς
3149 2471 3491 2543 ἀνθρὼποις’
3541 2475 3574 2544 ἡ
3635 2472 3694 2526 δὲ
3738 2473 3822 2527 τοῦ

2243 2562 2564 2632 Πνεύματος
2619 2562 2934 2634 βλασφημία
2988 2564 3088 2617 οὐκ
3121 2563 3470 2636 ἀφεθήσεται.
3524 2565 3644 2619 Kal
3683 2565 3820 2629 ὅςᾶν

2241 2652 2370 2725 εἴπῃ
2396 2652 2551 2721 λόγον
2579 2654 2658 2714 εἰς
2686 2651 2776 2704 τὸν
2812 2651 2938 2705 Υἰὸν
2961 2652 3269 2724 ἀνθρώπου,
3288 2653 3623 2725 ἀφεθήσεται
3656 2655 3816 2724 αὐτῷ’

2241 2739 2300 2803 ὃς
2343 2740 2387 2793 δ’
2427 2738 2493 2792 ἂν
2541 2741 2670 2812 εἴπῃ
2723 2741 2862 2793 κατὰ
2893 2741 2984 2794 τοῦ
3017 2741 3334 2812 Πνεῦματος
3370 2743 3464 2796 τοῦ
3510 2745 3698 2810 ἁγίου,
3733 2745 3817 2798 οὐκ

2244 2828 2574 2900 ἀφεθήσεται
2625 2829 2772 2900 αὐτῷ
2802 2828 2924 2883 οὔτε
2972 2832 3030 2884 ἐν
3052 2831 3128 2902 τῷ
3176 2832 3270 2885 νῦν
3323 2832 3476 2886 αἰῶνι
3509 2833 3637 2886 οὕτε
3673 2835 3730 2888 ὲν
3753 2835 3819 2903 τῷ

2247 2919 2511 2990 μέλλοντι.
2565 2939 2582 2971 ι
2653 2920 2849 2991 ὐρᾷς,
2901 2921 2981 2974 ὅτι
3026 2923 3118 2975 καὶ
3159 2923 3391 2977 ἐνταῦθα
3444 2925 3692 2997 ἰσότιμον
3734 2925 3814 2978 τοῦ

2242 3008 2379 3061 Θεοῦ
2403 3008 2738 3080 γνωρίζομεν
2767 3010 2826 3063 τὸ
2848 3011 3072 3082 Πνεῦμα
3098 3013 3194 3065 καὶ
3223 3016 3280 3066 ἐν
3309 3014 3387 3086 τῷ
3413 3016 3700 3085 μέλλοντι;
3741 3017 3814 3078 Ὠς

2244 3100 2352 3170 γὰρ
2379 3101 2407 3152 ὁ
2437 3103 2516 3162 εἰς
2540 3099 2630 3152 τὸ]
2653 3101 2784 3154 Θεὸν
2811 3102 3028 3172 Πατέρα
3054 3103 3388 3176 βλασφημῶν
3411 3107 3469 3159 οὐ
3493 3106 3814 3179 καθαρισθή-

2247 3207 2397 3243 σεται
2444 3191 2536 3243 τοῦ
2571 3187 2710 3244 εἶναι
2750 3193 2914 3246 αὐτὸν
2945 3195 3163 3248 αἰωνίου
3197 3196 3472 3262 κολάσεως
3502 3198 3709 3268 ἔνοχον,
3738 3199 3813 3251 οὔ·

2245 3300 2323 3335 τω
2381 3282 2473 3336 καὶ
2521 3283 2550 3334 ὁ
2605 3286 2685 3346 εἰς
2727 3282 2787 3336 τὸ
2824 3284 3048 3356 Πνεῦμα
3095 3286 3157 3339 τὸ
3207 3288 3361 3357 ἁγιον
3429 3288 3811 3362 βλασφημήσας

2248 3375 2545 3440 ὑπεύθυνος
2574 3375 2782 3446 γίνεται
2811 3378 3024 3432 αἰωνίου
3065 3379 3359 3451 ἁμαρτίας,
3404 3380 3477 3452 μὴ
3512 3398 3809 3454 συγχωρου-

574 3493 634 3532 ut
677 3481 764 3534 ille
805 3481 896 3549 qui
943 3481 995 3533 in
1031 3482 1329 3536 increatam
1373 3479 1464 3534 Dei
1512 3480 1851 3549 majestatem
1896 3482 2141 3550 blasphe-

2251 3468 2409 3538 μένου
2453 3468 2546 3521 τοῦ
2595 3469 2952 3539 πταίσματος.
2987 3471 3050 3523 Εἰ
3083 3472 3191 3543 γὰρ
3222 3467 3289 3544 ἦν
3315 3471 3519 3540 δοῦλον,
3562 3475 3668 3528 οὐκ
3704 3474 3759 3528 ἂν
3783 3473 3809 3525 ὁ

574 3573 737 3626 thiam
782 3575 1004 3641 profert.
1036 3572 1209 3638 Quem
1243 3587 1371 3626 vero
1415 3571 1502 3625 hic
1545 3570 1636 3626 Dei
1674 3569 1844 3626 Filius
1879 3570 2142 3642 Spirit-um

578 3664 667 3718 Dei
705 3665 856 3720 dicit.
887 3665 1104 3733 quidam
1147 3680 1178 3719 e
1210 3664 1412 3718 Christi
1445 3663 1730 3734 diScipulis
1762 3665 1828 3718 de
1857 3664 2046 3718 eodem
2076 3665 2150 3717 lo-

577 3772 766 3825 quens,
792 3757 1019 3826 digitum
1052 3755 1147 3810 Dei
1183 3757 1490 3826 appellavit.
1520 3755 1841 3826 ltecogitare
1869 3757 2003 3811 velis
2027 3772 2147 3826 quae

575 3848 640 3902 de
669 3847 806 3900 Filio
829 3849 882 3901 in
910 3848 1099 3902 itinere
1125 3847 1398 3916 disputata
1429 3855 1580 3913 sunt,
1607 3847 1960 3917 inveniesque
1990 3855 2149 3902 teter-

575 3953 698 3992 nam
729 3939 901 3994 sancti
937 3937 1172 4008 Spiritus
1189 3939 1445 3994 virtutem
1471 3939 1995 3994 consubstantialem
2025 3954 2147 3995 esse

573 4027 744 4094 Patri,
770 4045 834 4083 eo
858 4030 1000 4098 quod
1028 4029 1232 4099 digitus
1259 4029 1442 4084 dictus
1474 4030 1592 4099 ipse
1621 4028 1805 4084 fuerit.
1839 4029 1995 4085 Certe
2021 4046 2145 4084 cum

573 4121 717 4190 magi
756 4121 806 4173 in
847 4119 1082 4190 IEgypto
1117 4121 1224 4174 vim
1251 4121 1510 4174 invictam
1536 4121 1711 4174 sancti
1744 4119 1985 4191 Spiritus
2021 4138 2149 4174 con-

576 4212 698 4266 tuiti
754 4219 960 4273 essent,
993 4212 1439 4264 exclamaverunt
1489 4212 1543 4264 in
1593 4211 1708 4264 hzec
1742 4213 1906 4265 verba
1945 4232 2006 4266 ι(
2051 4211 2146 4266 llic

574 4303 778 4367 digitus
812 4300 901 4353 Dei
932 4309 1013 4355 est
1047 4302 1111 4354 ⁸⁸.
1151 4321 1168 4352 ι
1196 4302 1412 4366 Quibus
1451 4303 1650 4366 verbis,
1686 4323 1704 4353 ι
1738 4304 1941 4375 digitus
1973 4303 2087 4367 Dei,
2124 4325 2141 4356 ι

576 4394 709 4447 nihil
766 4393 910 4446 aliud
971 4396 1340 4463 agnoscebant
1405 4410 1568 4464 quam
1620 4396 2145 4451 consubstantialem

579 4487 686 4539 Deo
727 4483 874 4538 Patri
936 4487 1112 4538 sancti
1161 4486 1402 4554 Spiritus
1432 4487 1711 4549 virtutem,
1748 4497 1941 4541 contra
1985 4504 2147 4558 quam

577 4592 733 4630 nemo
758 4585 841 4630 est
872 4579 962 4646 qui
999 4577 1168 4646 possit
1206 4577 1445 4637 ohtueri.
1483 4576 1559 4631 Ne
1590 4594 1720 4631 vero
1747 4579 1873 4648 quis
1904 4580 2147 4648 captiose

575 4668 704 4720 velit
736 4668 1084 4730 contendere,
1113 4685 1221 4722 non
1249 4676 1392 4723 recte
1413 4668 1464 4722 id
1493 4683 1520 4720 a
1548 4669 1722 4738 magis
1755 4669 1960 4721 dictum
1985 4684 2143 4722 esse:

576 4761 828 4827 apostoli,
858 4761 965 4812 imo
1014 4762 1128 4829 ipse
1178 4760 1436 4814 Dominus
1464 4761 1556 4829 qui
1592 4764 1646 4814 in
1693 4761 1800 4814 illis
1848 4768 1986 4825 erat,
2019 4776 2142 4829 qua!

2249 3561 2472 3630 σφαλεὶς
2519 3563 2598 3626 εἰς
2645 3563 2756 3633 (Η)
2800 3563 2930 3617 αὐτὸ
2975 3564 3176 3636 αἰωνίῳ
3221 3565 3438 3620 κολάσει
3480 3568 3808 3639 ἐτιμωρεῖτο,

2247 3652 2435 3725 ὥσπερ
2480 3656 2508 3707 ὁ
2547 3655 2626 3717 εἰς
2671 3654 2768 3726 τὴν
2815 3655 3066 3709 ἁκτιστον
3106 3656 3200 3709 τοῦ
3244 3656 3378 3710 Θεοῦ
3430 3659 3807 3728 μεγαλειότητα

2249 3745 2603 3818 βλασφημῶν.
2659 3747 2837 3820 Ὅπερ
2889 3747 2946 3800 δὲ
2996 3747 3228 3802 ἐνταῦθα
3282 3752 3311 3803 ὀ
3357 3749 3452 3804 τοῦ
3503 3750 3643 3804 Θεοῦ
3701 3751 3807 3812 Υἱὸς

2247 3839 2446 3906 φάσκει
2474 3837 2698 3910 Πνεῦμα
2727 3838 2824 3892 τοῦ
2857 3838 3011 3904 Θεοῦ,
3043 3840 3171 3911 περί
3196 3840 3359 3894 αὐτοῦ
3386 3841 3494 3913 (12)
3528 3860 3611 3906 τις
3642 3843 3806 3896 διαλα·

2247 3928 2355 3983 ϐῶν
2386 3930 2492 3983 τῶν
2527 3931 2783 4001 μαθητῶν
2811 3929 2905 3983 τοῦ
2937 3930 3195 4002 Χριστοῦ,
3231 3932 3492 3986 δάκτυλον
3522 3933 3665 3988 Θεοῦ
3697 3935 3805 4004 ἔφη.

2259 4021 2702 4090 Ἀναλογίσασθαι
2734 4021 2962 4092 θέλησον
3005 4025 3104 4094 τὴν
3139 4025 3266 4094 περί
3294 4025 3386 4079 τοῦ
3423 4025 3556 4080 Υἰοῦ
3587 4028 3806 4081 συνοδοι-

2248 4115 2563 4183 πορήσασαν
2600 4115 2942 4180 συνεξέτασιν
2961 4156 2976 4180 ,
3002 4118 3095 4170 καὶ
3128 4119 3377 4190 εὑρήσεις
3408 4119 3505 4192 τὴν
3537 4122 3705 4177 ἀΐδιον
3730 4121 3805 4175 τοῦ

2248 4207 2400 4274 ἁγίου
2437 4207 2750 4278 Πνεύματος
2791 4207 3022 4280 δύναμιν
3066 4210 3348 4279 ὁμοούσιον
3394 4212 3472 4281 τῷ
3522 4213 3716 4286 Πατρί,
3755 4215 3807 4265 ὲκ

2247 4296 2341 4351 τοῦ
2371 4297 2631 4351 δάκτυλον
2671 4299 2800 4352 αὐτὸ
2832 4299 3099 4370 εἰρῆσθαι.
3151 4300 3362 4370 Ἀμέλει
3393 4301 3522 4370 γοῦν
3560 4305 3662 4376 τὴν
3688 4307 3804 4360 ﬁxa-

2247 4390 2560 4461 ταμάχητον
2587 4390 2813 4462 δύναμιν
2845 4391 2937 4444 τοῦ
2977 4392 3130 4460 ἁγίου
3163 4392 3478 4464 Πνεῦματος
3510 4395 3803 4468 θεωρήσαν-

2246 4498 2338 4543 τες
2369 4483 2415 4533 οἰ
2459 4481 2620 4552 μάγοι
2649 4483 2706 4534 ἐν
2748 4481 3025 4553 Αἰγύπτῳ,
3061 4485 3234 4537 ἐϐόων
3275 4485 3560 4553 λέγοντες-ο
3600 4506 3619 4539 ι
3662 4487 3805 4542 Τοῦτο

2247 4573 2508 4637 δάκτυλος
2529 4575 2664 4627 Θεοῦ
2701 4576 2868 4627 ἐστιν.
2913 4595 2930 4625 ι
2965 4576 3130 4630 Οὐδὲν
3150 4577 3334 4646 ἕτερον
3364 4579 3396 4649 ἢ
3425 4579 3520 4649 τὴν
3545 4582 3803 4651 ὁμοούσιον

2248 4665 2338 4718 τοῦ
2393 4665 2550 4733 ἁγίου
2591 4665 2902 4734 Πνεύματος
2939 4667 3166 4737 δύναμιν
3209 4668 3538 4739 ὡμολόγουν,
3597 4672 3663 4742 ἣν
3709 4671 3800 4740 ἔχει

2250 4758 2382 4828 πρὸς
2428 4759 2518 4810 τὸν
2557 4758 2688 4810 Θεὸν
2726 4761 2940 4828 Πατέρα
2987 4759 3075 4813 διὰ
3127 4761 3225 4830 τῆς
3256 4761 3352 4814 τοῦ
3392 4761 3655 4817 δακτύλου
3685 4762 3797 4818 Θεοῦ

574 4852 831 4905 dixerunt
881 4852 977 4910 illi.
1012 4861 1270 4922 tanquam
1310 4863 1455 4906 recte
1485 4855 1630 4906 dicta
1669 4853 2011 4905 confirmavit
2046 4853 2141 4905 hu.

2253 4849 2456 4919 φωνῆς,
2493 4846 2559 4920 ἧς
2598 4851 3036 4922 ἁντοφθαλμῆσαί
3078 4870 3197 4905 τινα
3245 4853 3524 4907 ἀδύνατον.
3580 4858 3686 4910 Kal
3729 4856 3796 4907 ἵνα

569 4941 811 5012 jusmodi
837 4943 1015 4997 verbis
1053 4963 1067 4998 :
1108 4961 1124 4993 ι
1168 4942 1225 4996 Si
1258 4959 1356 5015 ego
1391 4945 1445 5001 in
1477 4945 1650 5016 digito
1692 4944 1787 4998 Dei
1832 4944 1996 5013 ejicio
2030 4943 2146 4998 dac-

576 5032 759 5101 monia
787 5032 853 5084 ⁸⁷.
884 5051 900 5083 ι

2258 4941 2330 5011 μή
2383 4959 2466 5004 τις
2523 4943 2843 5011 σοφίσασθαι
2871 4942 3039 4997 θέλων
3074 4945 3146 5016 μὴ
3194 4944 3367 5015 ὀρθῶς
3398 4947 3650 5017 εἰρῆσθαι
3690 4947 3802 5016 πρὸς

2252 5033 2361 5085 τῶν
2395 5035 2605 5102 μάγων,
2641 5037 2689 5087 οἰ
2719 5035 3021 5096 ἀπόστολοι,
3058 5036 3255 5107 μᾶλλον
3275 5037 3331 5090 δὲ
3364 5039 3392 5091 ὁ
3420 5039 3478 5091 ἐν
3512 5041 3691 5105 αὐτοῖς
3715 5038 3802 5092 Κύ-

578 5139 712 5193 ριος,
743 5123 819 5186 ὡς
852 5123 1025 5195 ὀρθῶς
1063 5125 1364 5195 εἰρημένων
1407 5125 1498 5177 ὑπ’
1529 5125 1725 5188 αὐτῶν,
1755 5122 2049 5178 ἐϐεϐαίωσε
2080 5123 2147 5177 τὰ
2186 5123 2443 5194 λεχθέντα
2470 5129 2604 5198 πρὸς
2662 5129 2862 5191 αὐτῶν,
2891 5128 2978 5181 διὰ
3007 5129 3068 5181 τὸ
3107 5131 3198 5184 καὶ
3241 5131 3404 5186 αὐτὸν
3444 5132 3643 5200 φάναιο
3684 5153 3701 5186 ι
3751 5130 3800 5184 Εἰ

577 5219 686 5288 ἐγὼ
718 5221 774 5271 ἐν
803 5219 1052 5290 δακτύλῳ
1075 5221 1207 5274 Θεοῦ
1242 5220 1487 5274 ἐκϐάλλω
1513 5221 1579 5273 τὰ
1603 5221 1872 5292 δαιμόνια.
1913 5241 1932 5273 ι

646 5332 694 5364 ³⁸
736 5331 903 5390 Exod.
942 5352 1039 5400 xx,
1081 5337 1130 5388 7.
1206 5336 1250 5368 ⁸⁵
1291 5333 1478 5389 Matth.
1519 5351 1623 5401 xu,
1657 5335 1849 5392 25-32.
1926 5337 1972 5368 ⁸⁸
2013 5334 2141 5389 Ειιοι

2246 5354 2339 5400 ἰιι,
2389 5337 2474 5393 l9.
2551 5341 2595 5372 ⁸⁷
2638 5339 2774 5397 Luc.
2808 5359 2898 5406 ιι,
2932 5343 3020 5400 20.

651 5446 882 5522 (ξω-Βαεἶ
932 5448 1089 5522 ᾼηςί.
1137 5461 1190 5522 et
1248 5451 1382 5522 Aug.
1425 5449 1612 5522 ῶσπερ
1663 5451 1756 5504 τοῦ
1800 5451 1951 5506 Υίοῦ.
2004 5451 2150 5505 lnfra

575 5516 715 5590 Aug.
743 5517 799 5590 ἐν
827 5519 973 5588 αὐτῷ
998 5518 1074 5589 τῷ
1101 5520 1269 5590 νόμῳ.

651 5587 726 5661 (ἐξ)
753 5587 888 5661 Attg.
921 5587 1055 5661 ἁμᾷ
1089 5587 1277 5661 αὐτὴν.

633 5657 764 5725 ,(10)
803 5656 1261 5732 Αιιτέηδιαρῖτάσῂ.
1296 5661 1415 5714 Mox
1453 5661 1999 5732 ,postéx65t).)touatv.
2029 5678 2149 5716 om-

579 5728 1076 5853 nesltnsshbabcnt'
1099 5731 1202 5782 Εἰδ⁸
1218 5728 1335 5798 ’ἐγὼ
1359 5734 1415 5785 ἐν
1436 5728 1574 5789 πν...
1601 5731 1878 5801 δαιμόνια,
1901 5747 2023 5804 quae
2046 5735 2146 5788 de-

580 5811 682 5852 sun
735 5814 786 5850 ιιι
811 5815 838 5852 e
883 5809 986 5853 itis.

580 5806 709 5852 sunt
735 5804 786 5850 in
811 5804 986 5853 editis.

2475 5459 3154 5537 Augncoﬁﬂvsupatog...
3186 5464 3250 5518 ἂν
3274 5467 3478 5537 ἐσφάλη
3511 5469 3611 5532 εἰς.

2321 5528 2435 5605 (12)
2462 5528 2622 5605 Aug},
2656 5533 2782 5603 περί
2822 5528 3035 5596 αὐτούς.
3066 5533 3234 5588 Paulo
3262 5528 3405 5605 post,
3436 5528 3585 5604 illud,
3637 5535 3799 5592 ἂναὶ)-

2247 5597 2501 5664 γίσασθαι
2535 5597 2782 5670 θέλησον,
2809 5611 2940 5662 etc..
2979 5605 3055 5656 sic
3090 5597 3533 5663 vertit-Nannius
3565 5597 3585 5662 τ’
3616 5607 3721 5662 Fac
3763 5613 3796 5655 ιι

2247 5670 2426 5722 animo
2461 5682 2660 5738 repetas
2688 5674 3076 5743 inquisitionem
3098 5675 3161 5730 de
3202 5674 3344 5732 Filio
3371 5681 3424 5732 in
3454 5677 3642 5732 Exodo
3667 5674 3797 5732 Itali-

2246 5747 2376 5805 tam,
2409 5751 2457 5794 et
2484 5743 2733 5808 invenies,
2769 5751 2874 5798 etc.
