3920 6496
112 479 201 537 497

1199 478 1616 557 DlSPUTATlO
1688 483 1965 540 CONTRA
2018 488 2256 545 ARIUM.

3211 489 3315 545 498

169 592 244 646 45.
285 593 396 661 Ἀρ.
440 589 598 645 εἴπεο
634 592 765 657 Θεὸς
818 592 920 647 ποῦ
953 593 1260 667 γέγραπται
1287 596 1348 649 τὸ
1387 596 1642 669 Πνεῦμα;

1816 601 1905 657 45.
1981 604 2077 657 Ar.
2129 602 2354 658 Ubinam
2403 604 2666 674 scriptum
2720 609 2804 659 est
2881 602 3144 674 Spiritum
3193 619 3316 659 esse

120 682 218 738 Ἀθ.
248 676 360 734 εἷπε
393 697 407 711 ⁸
452 681 735 753 Πανταχοῦ
779 682 1212 754 ἀπαγγέλλουσιν
1243 687 1297 738 αἱ
1332 685 1471 738 θεῖαι
1503 686 1645 759 Γρα-

114 774 189 844 qui
216 774 287 826 ὅτι
319 772 449 836 Θεός
513 774 632 826 ἐστι
680 773 741 826 τὸ
772 774 923 843 ἆγιον
966 774 1208 845 Πνεῦμα,
1250 777 1343 829 καὶ
1377 776 1437 829 ού
1478 777 1649 848 κεχώ-

113 879 263 936 ρισται
303 862 398 932 τῆς
440 860 538 915 τοῦ
574 862 730 926 Θεοῦ,
761 863 854 916 καὶ
883 863 1114 935 Πατρὸς,
1150 865 1244 917 καὶ
1273 865 1374 935 τῆς
1402 866 1494 919 τοῦ
1533 869 1647 921 Μο-

113 951 324 1021 νογενοῦς
367 952 535 1006 αὐτοῦ
583 952 757 1024 δόξης.
802 953 962 1022 Λέγει
1016 954 1125 1027 γὰρ
1170 956 1374 1028 Πέτρος
1428 958 1486 1010 ὲν
1528 960 1649 1021 ταῖς

114 1043 310 1116 Πρὰξεσι
357 1044 495 1115 πρὸς
549 1044 826 1099 Ἀνανίαν·
869 1063 888 1097 ι
943 1045 1076 1116 Οὐχὶ
1125 1046 1282 1117 μένον
1334 1064 1415 1100 σοι
1465 1048 1645 1119 ἔμενε,

115 1137 189 1190 καὶ
215 1134 403 1207 πραθὲν
428 1136 487 1189 ὲν
508 1138 578 1206 τῇ
607 1138 672 1206 σῇ
702 1135 919 1208 ἐξουσίᾳ
957 1136 1203 1209 ύπῆρχες
1233 1138 1284 1191 τί
1319 1139 1399 1192 ὃτι
1440 1138 1560 1192 ἔθου
1589 1141 1647 1192 ὲν

114 1225 165 1291 τῇ
206 1221 386 1292 καρδία
421 1238 515 1275 σου
558 1222 619 1276 τὸ
659 1224 888 1294 πρᾶγμα
933 1222 1111 1288 τοῦτο,
1144 1224 1445 1294 ψεύσασθαί
1488 1245 1547 1281 σε
1589 1230 1648 1283 τὸ

115 1309 299 1382 Πνεῦμα
325 1311 384 1364 τὸ
427 1310 620 1381 ἆγιον;
656 1314 768 1366 Ούκ
802 1313 1017 1384 ἐψεύσω
1054 1314 1379 1387 ἀνθρώποις,
1408 1317 1542 1372 ἀλλὰ
1568 1317 1646 1389 τῷ

116 1402 223 1472 Θεῷ.
277 1420 295 1454 ι
354 1404 521 1475 Ὀρᾷς
579 1402 697 1469 πῶς
750 1407 809 1458 ὲν
852 1409 966 1470 τοῖς
1014 1407 1309 1479 ἀνωτέροις
1357 1409 1495 1483 ὅπερ
1541 1410 1643 1482 ἔφη

114 1490 298 1563 Πνεῦμα
342 1492 519 1561 ἇγιον,
556 1496 615 1547 ὲν
646 1498 759 1559 τοῖς
805 1498 1283 1570 μεταγενεστέροις
1326 1498 1429 1572 ἔφη
1480 1502 1642 1567 Θεόν;

120 1585 215 1636 Ἔτι
245 1583 341 1655 μὴν
374 1585 467 1637 καὶ
509 1585 606 1639 τοῦ
642 1587 913 1658 μακαρίου
942 1588 1152 1643 Παύλου
1189 1589 1437 1660 λέγοντος
1467 1595 1525 1646 ὲν
1575 1597 1641 1665 τῇ

117 1676 223 1747 πρὸς
242 1676 645 1743 Θεσσαλονικεῖς
665 1679 897 1753 δευτέρᾳ
913 1680 1198 1753 Ἐπιστολῇ
1222 1682 1393 1748 οὕτως
1413 1701 1427 1715 ·
1441 1702 1459 1736 ι
1507 1686 1564 1738 'U
1587 1687 1642 1739 δὲ

118 1767 281 1836 Κύριος
320 1767 648 1823 κατευθύναι
683 1769 837 1840 ὑμῶν
887 1770 1129 1842 (15)τὰς
1172 1773 1395 1843 καρδίας
1441 1777 1521 1838 εἰς
1546 1775 1643 1847 τὴν

119 1857 296 1930 ἀγάπην
351 1858 445 1913 τοῦ
510 1860 650 1914 Θεοῦ
720 1863 814 1914 καὶ
874 1865 955 1927 είς
1040 1862 1138 1935 τὴν
1204 1864 1478 1936 ὑπομονὴν
1549 1865 1641 1919 τοῦ

122 1950 327 2021 Χριστοῦ.
406 1969 427 2004 ι
498 1950 568 2004 Τί
627 1950 802 2016 θέλεις
864 1953 922 2007 ἐν
983 1956 1048 2026 τῇ
1089 1955 1371 2027 Ἐπιστολῇ
1423 1956 1650 2026 wheat;

122 2042 221 2094 τίνα
284 2041 479 2113 Κύριον
539 2043 986 2115 ὀνομαζόμενονς
1050 2045 1139 2098 τὸν
1214 2046 1323 2099 τῶν
1389 2046 1642 2100 ἁπάντων

122 2131 335 2203 δεσπότην
373 2133 504 2187 Θεὸν
564 2133 786 2206 Πατέρα
808 2174 822 2197 ,
879 2134 911 2205 ῆ
965 2134 1024 2188 τὸ
1076 2135 1299 2207 Πνεῦμα
1345 2135 1406 2189 τὸ
1455 2137 1640 2205 ἂγιον;

123 2219 200 2272 Τὸν
223 2221 308 2291 μὲν
334 2222 435 2293 γὰρ
464 2222 704 2294 Χριστὸν
733 2222 1133 2296 ύπηρίθμησεν.
1172 2226 1235 2278 Εί
1268 2225 1365 2295 μὲν
1410 2225 1517 2298 γὰρ
1553 2226 1643 2279 τὸν

126 2309 298 2382 Πατέρα
349 2311 695 2384 προτάξειας,
749 2313 882 2378 Θεός
932 2315 1046 2367 ἐστι
1090 2314 1150 2368 τὸ
1198 2315 1456 2385 Πνεῦμα·
1510 2317 1558 2368 εἰ
1587 2314 1643 2369 δὲ

123 2404 168 2455 τὸ
191 2403 384 2473 Πνεῦμα
410 2404 927 2477 προομολογήσειας,
959 2405 1159 2478 Κύριος
1196 2406 1451 2477 τυγχάνει
1470 2423 1485 2437 ο
1519 2408 1645 2461 εἰδὲ

127 2495 285 2566 Κύριός
322 2499 451 2563 ἔστι,
504 2499 602 2552 καὶ
650 2498 780 2562 Θεὸς
827 2500 1061 2570 ὑπάρχει
1087 2515 1101 2529 ·
1152 2498 1463 2571 γέγραπται
1496 2500 1638 2572 γάρ·

131 2605 144 2636 ι
183 2588 297 2656 Ἐγώ
326 2591 436 2659 είμι
466 2589 677 2661 Κύριος
712 2591 741 2643 ὁ
771 2588 904 2653 Θεός
942 2606 1057 2642 σου.
1093 2608 1112 2641 ι
1151 2590 1392 2659 Ζήτησον
1431 2589 1508 2654 δὲ,
1552 2593 1645 2645 καὶ

128 2679 328 2749 εὑρήσεις
361 2681 677 2752 ἁπανταχοῦ
699 2680 1101 2752 γεγραμμένον,
1126 2680 1206 2733 ὅτι
1231 2680 1323 2734 καὶ
1349 2681 1449 2751 τῆς
1477 2682 1645 2752 αὐτῆς

126 2770 350 2839 ἐνεργείας
376 2772 639 2842 τυγχάνει
659 2771 720 2825 τὸ
747 2771 972 2842 Πνεῦμα
1000 2770 1060 2822 τὸ
1092 2770 1265 2840 ἅγιον,
1312 2772 1406 2827 καὶ
1432 2772 1530 2843 τῆς
1552 2773 1645 2826 τοῦ

127 2860 293 2931 Πατρὸς
317 2863 403 2916 καὶ
425 2863 557 2916 Υίοῦ
591 2861 751 2935 δόξης
781 2863 882 2917 ούκ
901 2861 1251 2925 ἀπέζευκται.
1303 2864 1430 2929 Ἀρ.
1490 2859 1607 2917 εἷπε
1627 2880 1640 2893 ·

128 2952 201 3005 Διὰ
236 2953 280 3005 τί
319 2950 406 3007 οὖν
453 2955 487 3025 ῆ
545 2953 741 3026 Γραφὴ
792 2952 1027 3024 οὐδαμοῦ
1073 2952 1221 3019 λέγει
1270 2956 1529 3025 τιμᾶσθαι
1586 2956 1646 3009 τὸ

128 3043 302 3115 Πνεῦμα
335 3046 424 3099 σῦν
448 3045 628 3117 Πατρὶ
680 3045 776 3099 καὶ
808 3044 959 3114 Υἰῷ;
1006 3044 1117 3098 Ἀθ.
1170 3040 1355 3097 εἶπενο
1390 3047 1455 3098 Ai
1495 3046 1646 3115 ἆγιαι

132 3135 296 3204 Γραφαὶ
316 3138 481 3192 πάντα
513 3137 668 3207 σαφῆ
693 3135 1029 3204 διαλέγονται
1049 3152 1063 3167 ’
1096 3137 1175 3199 είς
1205 3135 1234 3189 δ
1273 3135 1330 3189 δέ
1357 3138 1522 3207 ἐσμεν
1554 3138 1645 3192 τοῦ

132 3227 201 3279 ἐπὶ
221 3229 475 3299 παρόντος,
510 3232 568 3283 αἱ
616 3228 769 3297 ἅγιαι
800 3228 1057 3298 δυνάμεις
1086 3229 1277 3292 πᾶσαι,
1325 3228 1380 3280 αἱ
1430 3228 1487 3280 έν
1534 3231 1646 3293 τοῖς

1753 688 2117 748 Deum?Aih.
2169 693 2386 766 Ubique
2418 696 2614 751 divina:
2670 693 2967 766 Scriptura:
3021 694 3318 765 praedicant

1751 782 1917 837 Deum
1949 799 2072 839 esse
2102 782 2362 855 Spiritum
2381 793 2653 848 sanctum,
2680 799 2780 839 nec
2811 792 3121 856 separatum
3138 800 3261 840 esse
3285 799 3318 839 a

1749 871 1845 928 Dei
1873 881 1927 929 et
1955 871 2131 930 Patris
2159 883 2213 930 et
2253 875 2525 945 Uuigeniti
2573 876 2765 947 gloria.
2801 876 2892 931 Sic
2921 876 3068 931 enim
3121 874 3318 932 Petrus

1749 963 1802 1017 in
1827 962 2051 1020 Actibus
2084 965 2321 1035 loquitur
2352 965 2416 1019 ad
2451 967 2756 1022 Ananiam:
2788 985 2807 1019 ι
2854 964 3047 1021 Nonne
3088 979 3317 1019 manens

1748 1052 1844 1108 tibi
1870 1055 2140 1121 manebat,
2170 1065 2224 1111 et
2246 1056 2634 1113 venumdatum
2662 1057 2721 1112 in
2751 1065 2845 1113 tua
2867 1066 2986 1114 erat
3004 1055 3317 1127 potestate?

1747 1145 1927 1211 Quare
1948 1148 2248 1216 posuistiin
2271 1149 2433 1205 corde
2456 1159 2547 1204 tuo
2569 1151 2710 1205 hanc
2733 1166 2866 1213 rem,
2891 1148 3105 1204 mentiri
3127 1155 3177 1201 te
3196 1145 3318 1216 Spi-

1746 1236 1875 1290 ritui
1898 1246 2087 1291 sancto
2099 1238 2123 1291 ?
2137 1236 2252 1293 Non
2269 1254 2329 1296 es
2353 1241 2607 1296 mentitus
2631 1239 3063 1302 hominibus,sed
3087 1239 3195 1293 Deo
3210 1239 3276 1293 ³⁸.
3291 1257 3310 1289 ι

1747 1325 1911 1383 Vides
1936 1328 2209 1398 quomodo
2223 1346 2384 1400 quem
2406 1341 2566 1386 antea
2594 1330 2860 1400 Spiritqu
2893 1338 3142 1386 sanctum
3171 1329 3320 1384 dixe-

1746 1428 1851 1483 rat,
1882 1420 2130 1476 eumdem
2153 1429 2338 1492 postea
2358 1420 2524 1477 Deum
2556 1422 2826 1493 appellet?
2854 1422 2943 1476 Sic
2971 1421 3098 1475 item
3123 1420 3317 1475 beatus

1745 1507 1965 1575 Paulus,
2000 1509 2237 1580 Epistola
2261 1513 2501 1567 secunda
2527 1513 2592 1566 ad
2635 1512 3154 1568 Thessalonicenses
3178 1511 3317 1566 scri-

1745 1600 1823 1653 bit
1851 1618 1901 1655 ει
1928 1600 2187 1658 Dominus
2208 1610 2388 1658 autem
2411 1602 2610 1673 dirigat
2625 1604 2789 1658 corda
2816 1602 3318 1657 vestrain'charita-
3380 1672 3391 1679 .

1744 1697 1850 1744 tem
1884 1689 1975 1745 Dei
2011 1699 2066 1746 et
2102 1693 2417 1763 patientiam
2474 1680 2679 1748 Christi
2706 1693 2774 1747 δ’.
2814 1712 2832 1745 ι
2872 1691 3042 1759 Quem
3104 1692 3186 1745 vis
3215 1690 3318 1746 hac

1745 1780 1799 1834 in
1831 1779 2070 1853 Epistola
2095 1783 2433 1854 intelligere?
2459 1782 2632 1850 Quem
2666 1783 2952 1838 Dominum
2988 1783 3318 1853 appellatum

1744 1880 1902 1939 putas
1927 1872 1950 1925 ?
1975 1871 2216 1928 Deumue
2258 1873 2472 1929 Patrem
2505 1889 2688 1929 rerum
2735 1875 2978 1929 omnium
3007 1872 3317 1935 Dominum,

1689 1957 1725 2010 li
1756 1975 1823 2014 an
1856 1958 2119 2032 Spiritum
2144 1975 2394 2019 sanctum
2413 1964 2437 2017 ?
2456 1962 2591 2017 Nam
2620 1963 2899 2020 Christum
2925 1963 3123 2018 ibidem
3148 1962 3323 2018 nomi-

1744 2052 1913 2107 navit.
1957 2052 2013 2106 Si
2063 2052 2210 2109 enim
2261 2054 2440 2124 priore
2473 2055 2526 2109 in
2576 2055 2699 2109 loco
2750 2053 2966 2109 Patrem
3023 2053 3320 2125 intelligas,

1744 2138 1887 2195 Deus
1934 2148 2084 2195 certe
2143 2141 2485 2212 estSpiritus
2548 2150 2773 2197 sanctus
2822 2161 2835 2196 :
2900 2142 2985 2196 sin
3054 2140 3319 2210 Spiritum

1744 2239 1993 2286 sanctum
2055 2233 2128 2288 ibi
2172 2235 2307 2289 velis
2364 2235 2682 2306 signiﬁcari,
2722 2235 2838 2306 ipse
2884 2249 3014 2305 ergo
3056 2233 3320 2288 Dominus

1743 2327 1828 2374 est
1852 2339 1866 2373 :
1889 2319 2033 2390 quod
2046 2321 2091 2376 si
2111 2319 2372 2377 Dominus
2387 2330 2490 2391 est,
2510 2322 2651 2376 Deus
2662 2320 2904 2391 profecto
2923 2328 3023 2374 est.
3045 2316 3318 2388 Scriptum

1743 2411 1886 2466 enim
1906 2419 2011 2478 est,
2052 2432 2070 2465 ι
2104 2413 2215 2484 Ego
2245 2430 2363 2470 sum
2416 2412 2677 2469 Dominus
2715 2412 2856 2467 Deus
2905 2421 3035 2466 tuus
3064 2411 3133 2464 '°.
3171 2428 3190 2462 ι
3227 2408 3318 2463 ln-

1744 2504 1900 2574 quire
1913 2514 2153 2574 porro.et
2172 2506 2369 2576 ubique
2389 2505 2653 2576 scriptum
2678 2504 2922 2559 invenies
2943 2501 3186 2558 eamdem
3211 2500 3318 2554 vim

1745 2594 1981 2666 Spiritus
2010 2597 2183 2651 sancti
2208 2613 2353 2663 esse,
2382 2613 2480 2653 nec
2515 2613 2543 2651 a
2569 2596 2747 2651 Patris
2773 2604 2830 2651 et
2856 2593 2976 2650 Filii
3000 2594 3171 2664 gloria
3196 2607 3318 2648 esse

1745 2688 2099 2759 disiunctum.
2134 2689 2235 2745 Ar.
2293 2689 2401 2745 Cur
2459 2704 2587 2760 ergo
2628 2702 2896 2758 nusquam
2927 2686 3002 2740 ait
3037 2684 3320 2754 Scriptura

1749 2779 2007 2851 Spiritum
2031 2797 2154 2836 cum
2187 2779 2346 2837 Patre
2372 2790 2425 2837 et
2457 2780 2594 2835 Filio
2621 2779 2918 2834 honorari?
2945 2777 3069 2830 ΑιΙι.
3106 2774 3323 2830 Sanctae

1749 2871 2042 2944 Scriptura:
2069 2873 2251 2928 omnia
2288 2881 2473 2943 aperte
2504 2874 2804 2943 loquuntur
2831 2890 2844 2927 :
2874 2870 3019 2942 quod
3041 2878 3220 2924 autem
3254 2866 3321 2923 ad

1747 2972 2066 3034 prasentem
2098 2972 2308 3034 speetat
2335 2965 2717 3034 quastionern,
2755 2978 2947 3018 omnes
2977 2969 3180 3017 sanetae
3211 2959 3321 3013 vir-

1747 3061 1915 3120 tutes,
1949 3069 2070 3125 qua:
2108 3054 2164 3108 in
2192 3053 2347 3110 caelis
2404 3061 2553 3118 sunt,
2607 3059 2858 3108 sanctum
2915 3049 3177 3120 Spiritum
3210 3088 3223 3110 ,
3263 3055 3323 3101 ut

1747 3143 1906 3201 docet
1936 3145 2127 3208 Isaias,
2150 3161 2275 3201 cum
2299 3145 2461 3200 Patre
2483 3153 2536 3199 et
2558 3142 2697 3200 Filio
2727 3142 3100 3199 indesinenter
3145 3138 3324 3192 hono-

1749 3244 1895 3290 rant.
1930 3238 2024 3293 Ar.
2072 3235 2349 3307 Nusquam
2384 3234 2647 3306 scriptum
2672 3242 2758 3292 est
2781 3232 3044 3306 Spiritum
3072 3237 3323 3286 sanctum

132 3318 349 3388 οὐρανοῖς,
385 3320 683 3384 ἀπαύστως
727 3319 928 3386 τιμῶσι
956 3318 1017 3372 τὸ
1065 3319 1216 3387 ἅγιον
1272 3318 1515 3390 Πνεῦμα,
1569 3321 1644 3385 ὡς

1753 3340 1871 3381 cum
1903 3325 2064 3383 Patre
2092 3337 2145 3383 et
2181 3327 2319 3382 Filio
2348 3328 2628 3383 honorari.

138 3406 318 3472 Ἡσαΐας
347 3407 509 3477 λέγει,
545 3408 648 3462 σὺν
687 3408 861 3481 Πατρὶ
900 3408 993 3461 καὶ
1023 3406 1157 3477 Υίῷ.
1191 3408 1312 3476 Ἄρ.
1344 3402 1497 3460 εἷπε·
1528 3409 1633 3462 Σὺν
1673 3412 1848 3486 Πατρὶ
1878 3418 1972 3471 καὶ
2011 3416 2120 3489 Υἱῷ
2177 3418 2238 3471 ού
2285 3418 2593 3489 γέγραπται
2631 3415 2868 3488 οὐδαμοῦ
2904 3414 3016 3487 (14)
3065 3409 3324 3484 τιμᾶσθαι

131 3498 176 3552 τὸ
198 3501 322 3569 ἅγιον
347 3502 592 3575 Πνεῦμα.

179 3590 250 3644 ﬂ.
296 3594 400 3649 Ἀθ.
437 3591 562 3649 εἷπε
583 3610 599 3627 ⁸
635 3593 1005 3665 Πεπλάνησαι.
1032 3594 1226 3650 Ἥνίκα
1254 3591 1394 3650 εἶδεν
1426 3597 1651 3661 Ἡσαΐας

132 3679 205 3751 τὴν
223 3683 358 3748 δόξαν
380 3686 609 3758 Κυρίου,
640 3686 735 3739 καὶ
762 3685 835 3740 τὰ
868 3685 1201 3759 στρατόπεδα
1228 3686 1339 3741 τῶν
1368 3687 1539 3756 ἁγίων
1557 3688 1646 3741 δυοι

131 3773 319 3844 νάμιων,
341 3777 390 3831 τί
428 3778 532 3852 ἔφη
564 3778 745 3848 λέγειν
775 3775 983 3849 βοώσας
1023 3779 1081 3832 ὲν
1104 3782 1224 3844 ταῖς
1266 3779 1438 3844 θείαις
1468 3779 1650 3851 ὑμνῳ-

136 3864 270 3933 δίαιςς
317 3870 455 3941 οὐχ,
491 3889 510 3922 ι
557 3871 788 3939 ’Δγιος,“
819 3869 994 3940 ἅγιος.
1026 3869 1213 3939 ἅγιοςς
1258 3889 1277 3923 ι
1326 3870 1424 3924 Διά
1453 3871 1507 3924 τί
1530 3871 1652 3925 οὔτε

134 3956 684 4035 ἀκιηέρωτοῦὰριθμοῦ
706 3960 894 4015 τούτου
914 3961 1207 4016 ἐπανιόντα
1229 3961 1510 4033 ὑμνοῦσιν,
1529 3960 1652 4015 οὔτε

138 4048 193 4120 μὴ
218 4052 482 4125 κατωτέρω
522 4052 882 4108 ὑποδαίνοντα
918 4052 1128 4124 μειοῦσι
1169 4052 1261 4106 τὸν
1300 4048 1475 4111 αῐνονε
1509 4052 1653 4106 Πάν-

135 4141 301 4213 τωςτῷ
336 4143 404 4215 μὴ
444 4144 606 4208 ἐκτὸς
638 4143 739 4214 τῆς
785 4142 1013 4215 Τριάδος
1059 4140 1219 4213 θέμις
1253 4142 1477 4214 τοιούτῳ
1516 4143 1655 4215 γέρα

133 4232 373 4303 τιμηθῆναι
398 4252 540 4300 τινα,
576 4236 713 4307 μήτε
746 4233 1045 4288 ἐλαττῶσαι
1078 4249 1202 4287 τινα
1230 4232 1321 4286 τὸν
1349 4232 1540 4305 ῦμνον,
1565 4233 1654 4287 διὰ

136 4319 210 4391 τὴν
245 4324 384 4392 ἁγίαν
427 4328 522 4381 καὶ
572 4326 850 4399 μακαρίαν
894 4324 1123 4395 θεότητα
1166 4326 1266 4396 τῆς
1305 4324 1553 4397 Τριάδος,
1594 4326 1652 4378 ὲν

139 4414 284 4481 μωάδι
307 4413 460 4473 οὖσαν
488 4418 737 4490 αὐτάρκη
770 4415 1110 4488 (15).Ἒτιδὲ
1146 4415 1239 4468 καὶ
1266 4416 1470 4486 Μωσῆς
1506 4414 1651 4479 τίνος

135 4501 281 4559 ἕνεκεν
310 4510 393 4563 τὸν
422 4510 551 4565 λαὸν
576 4508 803 4575 ἐδίδαξε,
830 4509 949 4581 τρὶς
981 4507 1273 4578 κάμψαντα
1297 4507 1389 4560 ἐπὶ
1419 4507 1524 4577 γῆς
1561 4507 1653 4561 τὸν

138 4594 295 4666 αὐχένα
316 4601 496 4656 καὶτὰ
519 4602 745 4672 γόνατα,
775 4598 1152 4669 προσκυνῆσαι
1172 4614 1187 4663 ;
1219 4598 1294 4651 Οὐ
1328 4597 1418 4652 διὰ
1440 4597 1538 4669 τὴν
1558 4600 1654 4668 τῆς

1834 3598 1995 3668 180
2021 3598 2108 3652 44.
2152 3598 2278 3655 Alli.
2309 3596 2491 3653 Erras.
2553 3596 2688 3652 Cum
2718 3596 2946 3651 vidisset
2998 3594 3170 3652 Isaias
3219 3594 3327 3652 Do-

1756 3688 1888 3743 mini
1915 3688 2167 3759 gloriam,
2196 3700 2245 3744 et
2263 3696 2577 3745 sanctarum
2605 3689 2866 3743 virtutum
2878 3687 3171 3751 exercitus,
3194 3686 3326 3756 quid

1759 3780 1835 3834 ait
1856 3780 1998 3843 illas,
2026 3780 2167 3835 inter
2196 3780 2413 3835 divinas
2435 3780 2647 3841 laudes,
2671 3778 2887 3834 dicere?
2913 3776 3126 3842 Nonne,
3151 3795 3171 3829 ι
3194 3776 3330 3833 San-

1759 3880 1903 3935 ctus,
1921 3881 2167 3935 sanctus,
2181 3879 2404 3927 sanctus
2417 3871 2492 3925 9'?
2510 3891 2528 3925 ι
2549 3869 2730 3937 Quare
2746 3885 2845 3925 nec
2860 3885 3143 3924 numerum
3162 3870 3326 3924 istum

1763 3961 1817 4015 in
1849 3963 2123 4017 cantando
2143 3962 2556 4025 transcendunt,
2598 3975 2699 4016 nec
2746 3959 2876 4030 quid
2932 3975 2999 4014 ex
3041 3974 3107 4014 eo
3147 3957 3329 4014 detra-

1761 4052 1934 4107 hunt?
1957 4052 2295 4109 Profectoea
2326 4053 2393 4108 de
2440 4067 2609 4108 causa
2652 4051 2798 4123 quod
2857 4057 3054 4122 praeter
3091 4049 3330 4105 Trinita-

1763 4154 1868 4201 tem
1896 4146 2049 4200 nefas
2078 4146 2149 4201 sit
2179 4159 2507 4216 quemquam
2538 4143 2851 4213 hujusmodi
2913 4143 3118 4198 honore
3153 4141 3328 4207 allici,

1761 4244 1818 4290 ut
1848 4245 1901 4292 et
1921 4237 2047 4306 quid
2064 4251 2127 4289 ex
2148 4236 2241 4290 illo
2277 4236 2477 4307 hymno
2496 4234 2729 4299 detrahi,
2754 4242 2973 4304 propter
3001 4241 3246 4288 sanctam
3273 4240 3330 4287 et

1758 4325 1969 4379 beatam
1992 4323 2275 4379 Trinitatis
2297 4324 2658 4387 divinitatem,
2681 4322 2737 4377 in
2771 4323 2976 4378 unitate
3001 4323 3180 4394 seipsa
3199 4336 3330 4377 con-

1756 4425 1972 4472 tentam.
1993 4416 2163 4483 Quam
2187 4418 2395 4473 iteniob
2405 4432 2622 4473 causam
2640 4416 2851 4489 Moyses
2869 4416 3124 4487 populum
3144 4416 3329 4470 docuit

1751 4510 2024 4565 cervicem
2053 4520 2108 4563 et
2135 4524 2306 4579 genua
2341 4520 2424 4564 ter
2446 4511 2500 4563 in
2529 4518 2673 4564 terra
2714 4509 3004 4574 ﬂectendo,
3064 4509 3330 4563 adorare?

1763 4600 1948 4656 Nonne
1987 4609 2044 4654 ut
2075 4599 2396 4656 Trinitatem
2446 4601 2503 4655 in
2539 4618 2644 4656 una
2682 4600 2968 4656 divinitate
2997 4599 3329 4655 adorarent?

139 4682 320 4755 Τριάδος
343 4692 707 4764 προσκύνησιν
733 4691 834 4762 τῆς
858 4692 917 4745 ὲν
950 4692 1050 4762 μιᾷ
1081 4689 1327 4760 θεότητι;
1376 4689 1537 4742 Ἀλλὰ
1563 4690 1648 4743 καὶ

1764 4689 1942 4745 Deifer
1995 4706 2215 4761 quoque
2248 4692 2392 4747 Elias
2429 4698 2587 4746 terno
2635 4690 2816 4746 aﬂlatu
2868 4689 3036 4745 ﬁlium
3069 4689 3245 4744 vidua:
3298 4704 3329 4741 a

138 4773 396 4852 δθωφόρος
434 4783 643 4849 Ἠλίας,
675 4783 847 4856 τρίετῳ
873 4784 1154 4854 φυσήματι
1186 4781 1387 4854 ἐγείρει
1425 4781 1517 4835 τὸν
1548 4782 1662 4835 υἱὸν

140 4862 213 4931 τῆς
236 4868 422 4941 mm;
447 4874 600 4928 οὐδὲν
622 4873 808 4946 ἕτερον
835 4874 1069 4940 δεικνὺς,
1094 4874 1127 4946 ἢ
1159 4873 1233 4945 μὴ
1264 4872 1523 4928 δύνασθαί
1540 4890 1659 4928 τινα

139 4953 216 5024 τῆς
229 4962 423 5017 αίωνίου
454 4964 601 5038 ζωῆς
623 4965 941 5037 ἀξιωθῆναι,
969 4969 1018 5021 εί
1048 4965 1122 5038 μὴ
1143 4965 1251 5038 ἄρα
1279 4965 1496 5037 πρῶτον
1532 4966 1656 5019 ἁνα-

141 5045 320 5118 λήψεται
339 5058 433 5130 τὴν
460 5061 700 5130 ἰσότιμον
727 5059 841 5130 (16)
870 5060 964 5113 καὶ
985 5059 1266 5129 ὁμοούσιον
1286 5057 1380 5110 καὶ
1400 5056 1660 5121 ζωοποιὸν

144 5135 304 5209 Τριάδα
338 5146 421 5203 διὰ
455 5151 554 5221 τῆς
600 5149 1048 5221 σεδασμιωτάτης
1103 5150 1335 5212 πίστεως
1379 5150 1436 5201 ἐν
1481 5148 1648 5219 ψυχῇ,

145 5226 237 5296 ἥτις
258 5238 406 5308 πυρὸς
432 5240 588 5312 δίκην
615 5242 893 5296 ἀναλίσκει
933 5242 1000 5296 τὰ
1044 5240 1214 5313 νεκρὰ
1254 5240 1431 5295 πάντα
1490 5240 1652 5293 πταί-

150 5333 315 5392 σματα,
340 5330 401 5383 τὰ
429 5333 726 5404 νεκροῦντα
771 5333 869 5405 τὴν
893 5334 1093 5405 ψυχὴν,
1116 5332 1210 5386 καὶ
1253 5331 1507 5395 ζωοποιεῖ
1557 5330 1655 5400 τὴν

152 5421 433 5493 ιικτημένην
478 5425 644 5496 αὐτὴν
684 5424 850 5479 ἀΐδιον
895 5425 1071 5497 ζωήν;
1116 5424 1275 5477 Ἀλλὰ
1303 5422 1409 5494 μὴν
1438 5422 1531 5475 καὶ
1567 5421 1658 5475 τὸν

1763 4782 1992 4838 mortuis
2011 4783 2350 4849 excitavit",
2375 4783 2507 4836 nihil
2534 4782 2678 4837 aliud
2700 4782 2948 4837 indicans
2977 4797 3139 4851 quam
3167 4778 3332 4836 nemi-

1762 4887 1884 4926 nem
1915 4886 2076 4942 posse
2107 4882 2308 4927 aeterna
2361 4872 2473 4925 vita
2507 4873 2733 4941 dignum
2761 4872 3043 4935 aestimari,
3068 4870 3175 4926 nisi
3205 4870 3330 4940 quis

1764 4964 1999 5034 primum
2052 4965 2337 5033 aequalem,
2374 4963 2898 5018 consubstantialem
2946 4964 3330 5031 viviticamque

1764 5053 2083 5110 Trinitatem
2130 5057 2186 5109 in
2242 5056 2421 5109 anima
2456 5071 2551 5124 per
2615 5056 2977 5111 venerandam
3036 5051 3330 5107 admodum

1758 5146 1916 5201 ﬁdem
1933 5147 2218 5217 receperit.
2241 5161 2362 5217 quae
2390 5147 2532 5216 ignis
2552 5147 2741 5213 instar,
2766 5157 2977 5202 mortua
3000 5142 3183 5198 omnia
3207 5157 3333 5214 pec»

1758 5246 1903 5302 cata,
1935 5252 2058 5307 quae
2086 5239 2322 5292 animam
2349 5238 2690 5298 interimunt.
2719 5236 3018 5297 consumit,
3047 5234 3334 5303 ipsamque

1761 5327 2019 5391 viviﬁcat,
2051 5342 2172 5397 quae
2191 5334 2449 5383 aeternam
2466 5328 2633 5381 vitam
2666 5334 2824 5380 nacta
2854 5334 2938 5380 est
2968 5326 2990 5379 ?
3020 5324 3330 5390 Quinetiam

1764 5434 1864 5475 nec
1897 5419 2055 5474 aliter
2079 5418 2315 5489 potuerit
2340 5418 2617 5473 christifer
2645 5416 2848 5471 Paulus
2889 5416 2957 5471 ad
2988 5417 3204 5472 tertium
3247 5430 3332 5471 us-

200 5567 240 5603 ⁸³
268 5574 374 5633 Act.
408 5595 457 5643 ν,
490 5579 544 5636 4.
619 5580 665 5614 ⁸³
704 5580 745 5635 ll
774 5579 966 5637 Thess.
1009 5595 1100 5645 ιιι,
1135 5579 1186 5633 5.
1263 5578 1310 5612 ’θ
1348 5576 1519 5635 Exod.
1556 5592 1648 5642 ιιι

1823 5574 1867 5606 ἰ
1910 5571 2013 5630 lsa.
2050 5587 2144 5641 τι,
2178 5573 2231 5627 5.
2308 5572 2355 5605 "
2394 5569 2464 5625 ΠΙ
2493 5570 2625 5644 Reg.
2661 5587 2804 5638 xvu,
2838 5570 2929 5627 21.

496 5799 976 5922 εέῖέεῗίῖιίἷίμᾶῗτῖἑιι
1003 5869 1114 5922 Γοα
1122 5868 1217 5922 aut
1241 5864 1473 5922 οὐδαμοῦ

255 5860 301 5931 4)
329 5864 477 5937 Aug,
522 5860 702 5923 εἶπενῖ
740 5860 976 5939 Δί’ἁγίαι
1003 5868 1217 5940 Γραφαὶ
1241 5864 1495 5934 οὐδαμοῦ.

1836 5792 1948 5935 ἕλιὸ)
1978 5794 2114 5861 Aug.
2148 5792 2499 5866 αὐτάρκειαν.
2524 5790 2644 5848 Mox
2676 5790 2840 5856 idem,
2861 5790 3186 5862 κάμψαντας

1868 5862 1952 5935 lb')
1978 5868 2116 5935 Aug.
2150 5865 2249 5935 τὴν
2284 5862 2522 5934 ἰσότητα.

1868 5862 1952 5936 lb')
1978 5868 2116 5936 Aug.
2150 5865 2249 5937 τὴν
2284 5862 2522 5934 ῑσότητα.
