4066 6388
557 463 660 522 499

1701 465 1756 520 S.
1808 465 2266 524 ATHANASIUS.
2308 494 2379 507 --
2421 461 2686 520 SPURIA.

3703 453 3806 518 500

552 598 658 654 que
674 582 872 638 ccelum
896 574 1217 647 ascendere;
1244 580 1348 637 nisi
1377 596 1477 637 suo
1497 582 1550 635 in
1574 591 1790 651 pectore
1812 581 2111 638 retinuisset

2234 580 2590 654 χριστοςρόρον
2634 578 2845 633 Παῦλον
2886 578 2962 649 μὴ
3004 575 3176 641 ἄλλως
3218 575 3533 647 δεδυνῆσθαι
3561 576 3664 640 ἕως
3694 576 3807 646 τρί-

556 673 951 730 indeﬁcieutem
983 679 1036 728 et
1059 673 1582 728 consubstantialem
1614 671 1902 729 Trinitatis
1937 673 2117 729 ﬁdem.

554 765 774 821 Scilicet
824 764 1132 834 hujusmodi
1179 766 1430 835 exemplo
1471 765 1715 821 indicare
1737 765 1909 821 voluit
1974 764 2120 821 Deus

555 856 821 910 neminem
853 855 905 909 in
936 871 1157 925 regnum
1182 857 1447 911 cmlorum
1483 871 1643 927 posse
1678 858 1984 927 pervenire,
2013 857 2120 912 nisi

550 942 643 1012 qui
673 957 790 998 eam
814 944 1093 1013 amplexus
1121 944 1285 1000 fuerit
1317 944 1498 1008 ﬁdem,
1529 962 1652 1016 qua:
1681 947 1736 1001 in
1767 947 1936 1002 Paulo
1965 947 2122 1002 habi-

551 1033 702 1090 tavit.
737 1033 876 1100 Quid
899 1051 1027 1090 vero
1058 1037 1250 1106 loquar
1293 1038 1360 1093 de
1388 1039 1602 1094 viviﬁco
1632 1047 1682 1095 et
1734 1040 2120 1096 sanctiﬁcante

549 1137 611 1177 ac
645 1130 993 1192 peccatorum
1027 1126 1405 1182 remissionem
1431 1127 1705 1197 praebente
1739 1129 1976 1193 lavacro,
2002 1129 2121 1186 sine

548 1226 655 1282 quo
685 1229 844 1269 nemo
871 1215 1070 1271 videbit
1117 1233 1341 1288 regnum
1373 1220 1679 1274 caelorum?
1723 1221 1920 1275 Annon
1954 1223 2008 1275 in
2041 1231 2122 1276 ter

545 1301 855 1359 beatissima
879 1309 1288 1362 nomenclatura
1320 1309 1570 1366 ﬁdelibus
1600 1311 1761 1365 datur
1789 1313 1813 1364 ?
1838 1311 1991 1365 Adde
2033 1310 2118 1363 bis

545 1395 800 1450 omnibus
819 1399 962 1467 quod
985 1401 1055 1453 ait
1073 1399 1312 1457 Joannes
1334 1419 1348 1455 :
1372 1402 1468 1456 (Et
1484 1403 1536 1456 hi
1553 1411 1662 1458 tres
1681 1419 1845 1457 unum
1869 1409 1996 1458 sunt
2011 1402 2078 1456 ".
2094 1420 2112 1452 ι

2229 691 2322 729 του
2361 672 2592 745 οὐρανοῦ
2643 670 3049 743 ἀνεληλυθέναι,
3078 670 3126 722 εί
3161 669 3234 740 μὴ
3278 668 3537 739 ἐκέκτητο
3567 669 3623 721 έν
3654 666 3806 739 στέρ-

2226 783 2340 828 νοις
2373 765 2538 819 αύτοῦ
2572 765 2670 838 τὴν
2703 764 2806 833 τῆς
2843 762 3071 835 Τριάδος
3100 762 3447 816 ἀνέκλειπτον
3489 761 3580 814 καὶ
3615 758 3805 831 ὀμοού-

2227 873 2343 909 σιον
2393 856 2616 909 πίστιν·
2667 859 2694 909 ὀ
2745 855 2878 918 Θεὸς
2920 853 3239 924 βουλόμενος
3282 851 3548 907 δεικνύναι
3581 852 3668 906 διά
3711 851 3802 904 τοῦ

2227 946 2471 1000 τοιούτου
2501 947 2844 1018 πράγματος,
2881 946 3080 1016 μηδένα
3123 945 3393 999 εἰσελάσαι
3425 944 3534 1014 (18)
3553 941 3802 996 δύνασθαι

2225 1041 2310 1102 είς
2342 1038 2440 1109 τὴν
2469 1038 2579 1091 τῶν
2613 1039 2856 1108 οὐρανῶν
2900 1037 3195 1108 βασιλείαν,
3228 1037 3318 1090 τὸν
3351 1038 3414 1089 ὲκ
3445 1035 3543 1105 τῆς
3571 1033 3802 1097 πίστεως

2224 1129 2327 1198 τῆς
2357 1128 2718 1200 ὲνοικησάσης
2756 1132 2814 1182 ἐν
2860 1129 3058 1201 Παύλῳ
3095 1129 3167 1200 μὴ
3197 1129 3475 1198 γεγονότα.
3519 1126 3584 1180 Τί
3625 1127 3681 1179 δὲ
3711 1125 3802 1179 καὶ

2227 1220 2289 1273 τὸ
2318 1221 2416 1290 τῆς
2446 1221 2692 1289 ἀφέσεως
2737 1219 2843 1273 τῶν
2870 1219 3150 1292 ἁμαρτιῶν
3181 1218 3528 1290 παρεκτικὸν,
3557 1219 3650 1270 καὶ
3674 1217 3804 1281 Cmo-

2225 1311 2403 1375 ποιὸν,
2441 1311 2534 1364 καὶ
2569 1311 2888 1379 άγιαστικὸν
2928 1309 3168 1382 λουτρὸν,
3203 1305 3261 1363 οὗ
3287 1309 3452 1380 χωρὶς
3483 1307 3655 1369 οὐδεὶς
3680 1305 3803 1374 ὀψε-

2223 1421 2314 1458 ται
2362 1405 2460 1475 τὴν
2492 1403 2771 1473 βασιλείαν
2812 1403 2920 1455 τῶν
2948 1401 3215 1473 οὐρανῶν,
3244 1402 3342 1454 οὐκ
3387 1402 3444 1453 ὲν
3471 1402 3537 1469 τῇ
3569 1413 3802 1468 τρισμα-

544 1485 711 1556 καρίᾳ
755 1489 1016 1562 ὀνομασίᾳ
1056 1492 1254 1547 δίδοται
1306 1491 1417 1566 (19)
1458 1499 1570 1559 τοῖς
1603 1499 1845 1561 πιστοῖς;
1890 1495 2032 1565 Πρὸς
2067 1494 2125 1547 δὲ
2161 1499 2371 1561 τούτοις
2393 1499 2557 1551 πᾶσιν
2597 1498 2847 1568 Ἰωάννης
2878 1496 3075 1566 φάσκει
3096 1513 3109 1525 ·
3179 1515 3197 1548 ι
3232 1495 3341 1548 Καὶ
3371 1496 3419 1547 oi
3447 1494 3592 1565 τρεῖς
3624 1491 3686 1544 τὸ
3744 1488 3801 1543 ἓν

543 1580 700 1632 εἰσιν.
733 1598 752 1632 ι
809 1585 812 1589 ’

615 1693 706 1748 45.
740 1694 834 1750 Ar.
870 1693 1005 1751 Vere
1030 1698 1169 1753 beati
1189 1716 1381 1756 omnes
1407 1702 1501 1771 qui
1521 1702 1677 1756 ﬁdem
1701 1703 1861 1756 istam
1891 1701 2114 1768 habent,

545 1797 777 1853 eamque
824 1787 892 1842 ad
930 1798 1158 1844 mortem
1213 1807 1386 1862 usque
1420 1795 1770 1857 conﬁtentur,
1805 1802 1860 1850 et
1887 1794 2109 1864 dignam

2296 1700 2384 1755 45.
2417 1702 2548 1770 Ἀρ.
2593 1695 2745 1754 εἶπεν
2766 1717 2778 1728 ·
2817 1699 3051 1771 ’Δληθῶς
3085 1715 3341 1770 μακαριοι
3362 1698 3560 1760 πάντες
3584 1699 3633 1750 oi
3655 1697 3802 1770 έχον-

2220 1809 2312 1855 τες
2339 1791 2543 1862 ταύτην
2575 1790 2675 1861 τὴν
2727 1792 2930 1854 πίστιν,
2967 1791 3059 1844 κα).
3088 1791 3191 1855 ἕως
3225 1790 3451 1843 θανάτου
3477 1789 3800 1860 ὁμολογοῦν-

549 1875 664 1945 ipsa
682 1878 849 1933 vitam
878 1891 1062 1950 agunt.
1093 1881 1204 1954 Ego
1223 1885 1367 1939 enim
1393 1901 1541 1940 nunc
1565 1887 1758 1951 revixi,
1779 1901 1846 1941 ex
1880 1887 2111 1942 mortuis

2217 1899 2309 1945 τες
2338 1881 2528 1952 αὐτὴν,
2563 1883 2655 1936 καὶ
2687 1881 2851 1946 ἀξίως
2894 1881 3062 1951 αὐτῆς
3100 1881 3500 1952 πολιτευόμενοι
3521 1897 3534 1910 ·
3567 1880 3662 1934 νῦν
3691 1882 3800 1954 γὰρ

544 1969 835 2027 excitatus.
894 1971 1106 2028 Mortua
1165 1975 1436 2046 siquidem
1471 1993 1562 2032 res
1601 1985 1684 2031 est
1726 1992 1904 2041 error,
1966 1991 2114 2041 eum,

542 2075 703 2129 quem
726 2074 958 2133 occupat
987 2066 1268 2130 occidens,
1307 2068 1654 2139 animamque
1695 2069 1814 2138 ejus
1850 2071 1943 2139 qui
1993 2085 2117 2124 cum

544 2153 635 2207 ilio
689 2155 952 2220 ambulat,
1007 2157 1079 2211 ita
1131 2157 1294 2214 allicit
1347 2167 1408 2214 ut
1455 2160 1810 2230 impudicitiis
1868 2163 2120 2233 inquine-

541 2252 650 2309 tur,
709 2247 978 2318 eﬁicitque
1037 2265 1105 2306 ne
1163 2251 1320 2322 signa
1361 2260 1579 2307 aeterna:
1633 2254 1775 2319 vitaz,
1823 2271 1944 2325 qua
1994 2264 2121 2312 ante

543 2339 735 2394 oculos
795 2351 1051 2407 exstant,
1111 2343 1274 2399 homo
1327 2354 1624 2416 cognoscat
1685 2365 1699 2401 :
1757 2348 1903 2402 unde
1970 2348 2120 2402 futu-

541 2448 662 2486 rum
695 2442 865 2498 esset,
890 2444 948 2488 ut
990 2451 1089 2490 nec
1107 2443 1336 2491 mortem
1364 2438 1696 2504 desererem,
1729 2456 1830 2495 nec
1853 2440 1922 2495 ad
1957 2440 2118 2497 ﬁdem

542 2523 809 2580 viviﬁcam
843 2527 1156 2582 accederem
1183 2529 1318 2598 (l7).
1335 2528 1472 2584 Cum
1494 2531 1637 2586 enim
1672 2531 1836 2586 homo
1852 2532 1923 2588 sit
1951 2549 2115 2598 unus,

542 2628 707 2667 unam
730 2613 928 2670 debere
946 2616 1104 2670 habet
1133 2615 1289 2671 ﬁdem
1311 2625 1526 2673 aeterna:
1545 2629 1598 2674 et
1622 2621 2117 2676 consubstantialis

541 2703 852 2763 Trinitatis.
886 2707 944 2761 In
977 2707 1065 2761 illa
1093 2709 1238 2762 enim
1262 2709 1600 2779 inﬁdelitate,
1635 2728 1697 2767 ex
1720 2729 1826 2782 qua
1853 2730 1939 2770 me
1973 2713 2116 2770 Deus

539 2798 766 2866 eripuit,
797 2814 905 2852 non
931 2815 1039 2853 una
1082 2800 1237 2864 ﬁdes,
1261 2801 1357 2856 sed
1391 2809 1503 2859 tres
1555 2804 1923 2874 praedicantur
1962 2825 1974 2857 ε
2008 2823 2116 2862 una

541 2903 734 2959 nempe
772 2890 841 2947 de
877 2891 1038 2949 Patre
1064 2901 1290 2958 aeterno,
1333 2895 1439 2950 alia
1462 2897 1527 2951 de
1565 2894 1702 2951 Filio
1724 2906 1928 2963 creato,
1956 2899 2115 2952 tertia

537 2980 604 3034 de
635 2980 842 3052 Spiritu
865 2982 1028 3038 facto.
1061 2985 1138 3040 Ex
1164 2985 1361 3056 quibus
1382 2987 1734 3044 manifestum
1758 3000 1864 3054 est,
1905 2991 2114 3044 nullam

540 3075 766 3130 omnino
796 3076 907 3131 illic
934 3076 1090 3133 ﬁdem
1115 3092 1238 3133 esse
1271 3094 1337 3133 ex
1369 3079 1580 3134 multis.
1611 3079 1881 3148 Quocirca
1913 3083 2116 3152 gratias

539 3180 640 3236 ago
672 3178 876 3222 sancta:
909 3167 1161 3223 Trinitati
1201 3168 1478 3234 :Patrem,
1512 3169 1708 3226 Filium
1750 3180 1805 3227 et
1851 3172 2112 3243 Spiritum

2221 1972 2332 2042 ἐγὼ
2379 1973 2618 2046 ἀνέζησα
2669 1972 2905 2037 ἀναστάς
2963 1975 3026 2026 ἐκ
3079 1972 3306 2045 νεκρῶν.
3366 1972 3552 2044 Νεκρά
3606 1973 3714 2045 γὰρ
3759 1976 3794 2044 ἡ

2219 2066 2421 2136 πλάνη,
2469 2066 2564 2118 καὶ
2613 2064 2886 2136 νεκροῦσα
2935 2065 3026 2118 τὸν
3077 2064 3411 2137 κεκτημένον
3457 2065 3647 2136 αὐτὴν,
3705 2065 3796 2119 καὶ

2220 2155 2558 2228 ῥυθμίζουσα
2597 2156 2695 2228 τὴν
2717 2156 2893 2228 ψυχὴν
2923 2155 3017 2209 τοῦ
3044 2155 3544 2228 συνοδοιποροῦντος
3574 2157 3711 2227 αὐτῇ
3741 2159 3797 2209 ὲν

2217 2246 2526 2315 ἀσελγείαις
2571 2246 2836 2318 φύρεσθαι
2869 2247 3007 2318 (20),
3054 2249 3191 2320 πρὸς
3236 2246 3296 2300 τὺ
3331 2249 3460 2319 παρ’
3505 2247 3797 2318 ὀφθαλμοῖς

2219 2337 2362 2408 ζωῆς
2391 2337 2610 2393 αἰωνίου
2644 2338 2890 2410 σύμϐολα
2921 2339 2994 2410 μὴ
3025 2339 3394 2409 γνωρισθέντα
3427 2340 3562 2410 πρὸς
3582 2339 3676 2392 τοῦ
3707 2340 3796 2393 άν-

2217 2428 2459 2502 θρὼπου,
2501 2430 2612 2501 (21)
2656 2431 2980 2501 καταλεῖψαί
3023 2449 3090 2502 με
3135 2431 3226 2485 τὸν
3271 2431 3516 2495 θάνατον,
3565 2431 3661 2484 καὶ
3695 2430 3795 2501 τὴν

2216 2521 2380 2575 αὐτοῦ
2414 2521 2692 2595 θυγατέρα
2721 2524 2946 2596 πλάνην,
2982 2523 3398 2596 προσοικειῶσαι
3429 2521 3485 2576 δὲ
3511 2523 3700 2575 ἑαυτὸν
3725 2524 3793 2593 τῇ

2217 2612 2464 2685 ζωοποιῷ
2498 2613 2698 2668 πίστει.
2731 2611 2826 2679 Εἷς
2857 2615 2966 2688 γάρ
2993 2614 3068 2669 ὢν
3096 2617 3124 2668 ὀ
3154 2615 3457 2685 ἄνθρωπος.
3495 2613 3625 2684 μίαν
3652 2611 3793 2683 ἔχειν

2215 2706 2418 2775 ὀφείλει
2447 2707 2629 2761 πίστιν
2645 2708 2744 2778 τῆς
2758 2707 2976 2762 αίωνίου
3005 2708 3100 2761 καὶ
3120 2707 3406 2778 ὀμοουσίου
3424 2705 3672 2778 Τριάδος.
3700 2704 3795 2770 ,Ἐξ

2214 2793 2282 2869 ἦς
2311 2797 2420 2871 γὰρ
2444 2798 2712 2872 ἐρρύσατό
2737 2817 2804 2870 με
2831 2802 2860 2852 ὀ
2893 2798 3025 2862 Θεὸς
3052 2800 3330 2863 ἀπιστίας,
3360 2800 3421 2853 οὐ
3454 2799 3552 2870 μία
3587 2799 3791 2865 πίστις,

2215 2889 2350 2943 ἀλλά
2380 2895 2528 2961 τρεῖς
2554 2889 2958 2961 ὁμολογοῦνται,
2999 2892 3114 2954 ἑνὸς
3157 2891 3254 2962 μὲν
3302 2890 3515 2962 Πατρὸς
3551 2889 3792 2954 αἰωνίου,

2215 2983 2402 3055 ἑτέρου
2433 2983 2490 3037 δὲ
2517 2982 2736 3036 κτιστοῦ
2760 2982 2911 3048 Υίοῦ,
2939 2985 3034 3038 καὶ
3054 2985 3193 3038 [Ινεύ
3203 3001 3371 3056 ματος
3399 2983 3788 3054 πεποιημένου.

2229 3073 2322 3126 Ἐκ
2353 3073 2410 3126 δὲ
2442 3072 2646 3127 τούτων
2679 3075 2979 3148 κατάδηλόν
3028 3077 3142 3130 ἐστι
3178 3077 3251 3149 μὴ
3285 3072 3424 3129 εῐναι
3463 3075 3648 3128 πίστιν
3679 3075 3794 3127 ἐκεῖ

2216 3163 2280 3215 ὲκ
2320 3163 2531 3218 πολλῶν
2564 3165 2698 3236 μηδὲ
2733 3166 2883 3236 μίαν.
2929 3167 3070 3236 Ἐγὼ
3095 3163 3186 3222 οὖν
3217 3167 3522 3238 εὐχαριστῶ
3561 3169 3628 3238 τῇ
3663 3166 3794 3239 ἀγίᾳ

539 3266 789 3319 sanctum
812 3261 1001 3315 adoro.
1025 3259 1144 3315 Iam
1161 3277 1311 3332 ergo.
1332 3261 1678 3329 charissime,
1693 3263 1856 3319 simul
1873 3279 2111 3320 oremus.

2219 3253 2442 3324 Τριάδι,
2499 3257 2789 3328 προσκυνῶ
2842 3256 3096 3328 Πατέρα,
3148 3260 3242 3311 καὶ
3294 3258 3442 3321 Υίὺν,
3495 3259 3590 3311 καὶ
3639 3257 3790 3326 ἅγιον

541 3348 654 3418 ligo
685 3350 832 3404 enim
869 3351 1129 3422 ,deposita
1149 3355 1333 3409 omnia
1361 3356 1570 3412 erroris
1608 3355 1951 3420 indumenta,
2015 3357 2110 3412 Dei

541 3440 940 3508 misericordia,
998 3442 1194 3514 abieci.

605 3643 695 3699 ιε.
757 3644 879 3700 ΑιΙι.
920 3645 1112 3701 Gestas
1157 3647 1338 3701 adhuc
1399 3648 1606 3702 erroris
1685 3647 2109 3713 indumentum;

535 3737 631 3792 sed
663 3738 710 3793 si
743 3739 877 3808 grati
905 3739 1072 3792 animi
1101 3754 1182 3804 es,
1208 3737 1261 3792 id
1287 3754 1414 3793 cum
1453 3740 1668 3796 caeteris
1699 3742 1988 3810 apostasia:
2021 3756 2108 3796 re-

537 3831 640 3884 bus
670 3830 956 3900 projicies,
989 3839 1230 3900 tuncque
1263 3830 1427 3886 simul
1464 3847 1624 3887 orare
1656 3833 1979 3901 poterimus.
2009 3833 2108 3887 Ar.

536 3918 652 3976 Nisi
678 3921 730 3975 id
753 3921 880 3974 mihi
907 3921 1267 3990 liquidissime
1289 3921 1674 3987 declaraveris,
1693 3938 1801 3977 non
1819 3923 1949 3978 mihi
1971 3940 2107 3980 con-

536 4006 684 4061 scius
709 4023 830 4061 sum
863 4008 1160 4078 quidquam
1188 4009 1408 4064 furiosa:
1426 4011 1572 4066 illius
1595 4011 1820 4067 haeresis
1853 4015 2104 4071 retinere.

535 4096 659 4151 ΑιΙι.
679 4099 878 4152 Annon
922 4099 1019 4153 tibi
1063 4099 1278 4155 videtur
1299 4101 1454 4166 cleri,
1501 4109 1558 4155 ut
1589 4111 1806 4166 vocant,
1847 4103 2104 4175 dignitas.

533 4201 654 4258 qua:
669 4188 769 4243 tibi
798 4189 868 4242 ab
898 4189 1090 4244 haeresi
1107 4191 1232 4246 data
1263 4199 1368 4255 est,
1389 4207 1511 4247 esse
1526 4208 1653 4264 pars
1668 4197 1874 4250 erroris
1898 4215 1912 4258 ;
1941 4197 2105 4268 idque

533 4280 771 4350 speciem
817 4280 1038 4350 quidem
1089 4281 1310 4351 pietatis
1350 4281 1486 4338 foris
1541 4299 1652 4354 pm
1673 4302 1732 4342 se
1761 4288 1925 4353 lbrre,
1957 4291 2105 4347 intus

532 4378 714 4427 autem
745 4373 966 4442 plenum
1005 4387 1128 4428 esse
1147 4373 1466 4444 impietatis,
1497 4378 1570 4431 ita
1601 4387 1660 4431 ut
1705 4379 1867 4436 homo
1918 4382 2107 4453 gigan-

531 4464 619 4519 tei
641 4465 867 4534 spiritus
896 4468 985 4520 liat
1019 4467 1465 4532 instrumentum,
1501 4473 1672 4541 parati
1696 4473 1762 4528 ad
1783 4475 1978 4529 bellum
2005 4476 2104 4530 ad-

2215 3346 2459 3417 Πνεῦμα.
2518 3348 2735 3412 Λοιπὸν,
2787 3349 3058 3422 ἀγαπητὲ,
3111 3351 3228 3421 ἅμα
3279 3349 3583 3421 εὐξώμεθα.
3652 3349 3794 3420 Ἐγὼ

2211 3437 2340 3508 γάρ,
2374 3439 2550 3492 πάντα
2575 3440 2643 3493 τά
2684 3439 2957 3511 ἐνδύματα
2987 3442 3084 3513 τῆς
3121 3441 3327 3511 πλάνης
3361 3440 3792 3513 ἀποδυσάμενος,

2210 3529 2491 3601 ἀπέρριψα
2517 3530 2606 3584 διά
2637 3530 2731 3585 τοῦ
2758 3532 3049 3603 ὲλεήμονος
3073 3532 3229 3586 Θεοῦ.

2283 3642 2369 3696 46.
2423 3645 2540 3698 Ἀθ.
2583 3640 2772 3699 εῐπενο
2815 3645 3023 3717 ’Ἀκμὴν
3065 3645 3144 3699 ἐτι
3210 3647 3410 3718 ἔνδυμα
3445 3647 3557 3714 (22)
3603 3650 3806 3720 φορεῖς,

2210 3733 2309 3803 τῆς
2340 3733 2550 3806 πλάνης
2569 3752 2581 3765 ’
2613 3739 3152 3809 συνευγνωμονήσαις
3175 3739 3349 3810 ῥίψεις
3376 3741 3468 3792 καὶ
3497 3740 3628 3794 αὐτὸ
3653 3741 3789 3811 πρὸς

2208 3828 2322 3890 τοῖς
2349 3825 2555 3890 λοιποῖς
2593 3827 2695 3898 τῆς
2727 3828 3063 3892 ἀποστασίας
3096 3830 3403 3900 πράγμασι,
3435 3832 3528 3884 καὶ
3559 3832 3786 3902 δυνησό-

2213 3918 2352 3987 μεθα
2395 3918 2489 3970 ἐπὶ
2530 3919 2592 3972 τὸ
2639 3919 2771 3973 αὐτὸ
2802 3917 3081 3985 εὔξασθαι.
3133 3922 3250 3990 Ἀρ.
3282 3915 3466 3972 εἶπεν·
3531 3919 3657 3974 Ἐὰν
3710 3924 3784 3992 μή

2213 4026 2304 4078 μοι
2379 4009 2593 4081 φράσῃς
2669 4010 3186 4080 ἀκραιφνεστάτως,
3255 4010 3314 4063 οὐ
3386 4011 3784 4083 συνεπίσταμαι

2209 4099 2432 4169 ἐμαυτῷ
2479 4098 2621 4170 ἔχειν
2671 4117 2723 4153 τι
2763 4099 2863 4170 τῆς
2911 4100 3206 4170 μανιώδους
3237 4101 3499 4171 αἱρέσεως
3547 4102 3781 4174 ἐκείνης.

2221 4191 2343 4247 Ἀθ.
2379 4186 2501 4244 εἷπε
2522 4209 2534 4222 ·
2580 4191 2691 4263 Τὴν
2737 4191 2831 4245 τοῦ
2881 4193 3215 4264 καλουμένου
3267 4193 3466 4265 κλήρου
3499 4194 3657 4260 ἀξίαν
3685 4195 3784 4268 τὴν

2209 4285 2349 4356 πρὸς
2375 4283 2476 4354 τῆς
2499 4284 2764 4354 αἱρέσεως
2791 4285 3080 4356 δεδομένην
3113 4303 3194 4340 σοι
3221 4287 3279 4339 οὐ
3314 4286 3459 4340 δοκεῖ
3489 4304 3569 4340 σοι
3597 4289 3785 4358 μόριον

2206 4373 2344 4430 εἶναι
2377 4378 2474 4447 τῆς
2506 4378 2742 4449 ἀπάτης,
2773 4376 2971 4444 ἔξωθεν
3016 4379 3114 4450 μὲν
3145 4378 3422 4433 δεικνύντα
3464 4380 3651 4451 σχῆμα
3691 4381 3783 4433 εύ-

2207 4467 2441 4532 σεϐείας,
2459 4467 2660 4523 ἔσωθεν
2676 4469 2732 4522 δὲ
2749 4472 2944 4539 μεστὸν
2965 4472 3295 4542 τυγχάνοντα
3320 4472 3629 4543 δυσφημίας
3647 4471 3780 4543 (25),

529 4571 724 4612 versus
751 4556 921 4612 Deum
969 4559 1261 4630 sacrilegio
1286 4561 1735 4631 suscipiendum?
1757 4565 1853 4619 Ar.
1885 4564 2006 4620 Tibi
2048 4569 2101 4620 in

2215 4562 2284 4625 ὼς
2329 4558 2467 4616 εἶναι
2513 4561 2605 4616 τὸν
2640 4561 2923 4632 ἄνθρωπον
2964 4563 3192 4634 ὀργανον
3235 4564 3542 4635 πνεύματος
3586 4565 3781 4633 γίγαν⁹

529 4651 816 4721 ριέδθηιίε
868 4651 1146 4722 proﬁteor,
1193 4653 1338 4723 quod
1384 4669 1494 4710 non
1527 4655 1836 4726 acquiescet
1861 4658 2100 4723 animus,

529 4747 636 4802 nisi
665 4747 826 4802 istam
857 4762 1012 4802 vanae
1057 4746 1243 4818 gloriae
1301 4749 1645 4819 tyrannidem
1694 4750 1983 4821 diligenter
2034 4767 2101 4808 ex

526 4839 709 4894 anima
759 4856 879 4896 mea
939 4841 1216 4911 ejecerim.
1279 4841 1405 4895 ΑιΙι.
1457 4842 1644 4913 Itaque
1701 4842 1748 4898 si
1807 4845 1962 4914 181
2013 4859 2102 4900 er-

522 4930 667 4986 roris
720 4941 907 5002 partes
950 4947 1075 4987 cum
1115 4933 1319 4988 virtute
1367 4935 1678 4990 consentire
1723 4951 1835 4990 non
1867 4943 2097 5006 queunt,

522 5025 695 5079 multo
722 5026 898 5096 magis
939 5024 1159 5080 virtutis
1181 5032 1236 5080 et
1265 5025 1512 5082 veritatis
1543 5034 1728 5096 partes
1769 5041 1891 5081 cum
1947 5041 2098 5082 erro-

520 5117 598 5172 ris
655 5119 903 5188 partibus
953 5119 1250 5175 convenire
1294 5134 1405 5175 non
1459 5128 1708 5189 possunt.
1759 5118 2098 5175 Mendacium

517 5210 662 5266 enim
721 5209 1046 5266 adversatur
1094 5210 1355 5274 veritati,
1419 5222 1469 5267 et
1519 5211 1722 5266 veritas
1787 5209 2092 5267 mendacio.

588 5366 636 5400 ”
673 5364 693 5419 1
732 5365 881 5423 loan.
919 5385 975 5434 ν,
1008 5369 1061 5423 7.

587 5521 705 5593 (17)
737 5522 919 5580 Locus
950 5526 1244 5582 obscurus.

583 5593 700 5667 (ξ)
733 5596 886 5667 Αυεζ
906 5597 1329 5667 εἰσεληλυθέναι.

589 5658 702 5734 (19)
732 5658 1083 5734 ιι;ι’Βθείιιεξ
1114 5665 1261 5720 Editi
1295 5680 1425 5721 vero
1464 5673 1513 5719 et
1552 5663 1668 5727 alii,
1700 5658 1903 5716 δέδοται
1956 5661 2091 5717 Ibid.

511 5729 1048 5810 Δυςευειηπιστοῖς-ίι
1076 5736 1292 5810 ἄφεσις.
1419 5806 1427 5810 _
1513 5805 1523 5810 _
1605 5803 1619 5810 _
1736 5799 1757 5810 -

589 5749 750 5856 Igust.
782 5749 994 5798 πιστοῖς
1017 5749 1048 5805 η
1076 5749 1292 5804 αφεσις.
1736 5799 1757 5810 -

589 5803 606 5906 ξ
647 5805 875 5906 ξ’)ηλῗὲλ
919 5807 1015 5860 καὶ
1042 5806 1318 5906 Υεκῐλέδῖξ
1354 5803 1896 5906 ξῗὲςεῗμξέῗὲἒῖἐίῖῗς
1926 5803 2091 5874 αὐτὴν

513 5869 610 5928 καὶ
646 5869 1109 5946 ῥυθμίξουσατὴν
1138 5869 1444 5949 ὁδοιπορίαν
1478 5869 1883 5935 ἐνάσελπέίαις.

2209 4653 2383 4708 τιαίου
2435 4654 2571 4724 πρὸς
2624 4653 2919 4725 θεομαχίαν
2965 4656 3031 4727 τῇ
3077 4655 3349 4728 ἱεροσυλίᾳ
3384 4656 3775 4726 ἕτοιμον;Ἅρ.

2209 4744 2362 4804 εἶπεν
2383 4766 2396 4780 ⁸
2445 4749 2721 4820 ὀμολογῶ
2765 4766 2846 4802 σοι
2888 4749 2980 4802 ἐπὶ
3013 4748 3106 4802 τοῦ
3138 4749 3421 4820 παρόντος,
3457 4749 3519 4802 οὐ
3565 4767 3782 4804 συνεπι-

2205 4844 2388 4899 δίδωσί
2438 4862 2539 4916 μου
2589 4847 2622 4916 ἠ
2667 4845 2834 4916 ψυχὴ,
2886 4846 2934 4898 εί
2983 4844 3056 4916 μὴ
3089 4845 3196 4917 ἄρα
3229 4845 3322 4899 καὶ
3349 4847 3397 4898 εί
3429 4846 3619 4917 σκέψει
3670 4847 3781 4918 ('24)

2204 4935 2392 5000 ὲξώσω
2423 4937 2516 4992 καὶ
2557 4936 2760 5010 ταύτην
2804 4936 2902 5008 τὴν
2933 4938 3221 5010 τυραννίδα
3251 4938 3349 5008 τῆς
3380 4938 3688 5004 κενοδοξίας
3719 4941 3781 4992 ἐκ

2206 5029 2306 5098 τῆς
2351 5028 2530 5100 ψυχῆς
2565 5047 2688 5100 μου.
2733 5031 2843 5086 Ἀθ.
2879 5027 3064 5086 εἶπεν·
3100 5032 3164 5085 Εί
3227 5026 3320 5085 οὖν
3375 5031 3436 5084 ού
3504 5047 3781 5099 συγκατά-

2206 5120 2417 5175 τίθεται
2461 5123 2530 5175 τὰ
2559 5123 2700 5195 μέρη
2729 5124 2827 5194 τῆς
2852 5123 3060 5195 πλάνης
3095 5125 3176 5188 είς
3220 5124 3319 5196 τὴν
3371 5124 3594 5196 ἀρετὴν,
3645 5122 3780 5176 πολὺ

2207 5214 2405 5282 μᾶλλον
2443 5218 2503 5270 οὐ
2549 5217 2826 5288 συντρέχει
2859 5219 2928 5273 τά
2979 5218 3118 5290 μέρη
3153 5218 3250 5288 τῆς
3295 5219 3494 5288 ἀρετῆς
3545 5217 3640 5271 καὶ
3679 5215 3779 5286 τῆς

2275 5524 2386 5595 (21)
2420 5524 2521 5582 Hic
2543 5523 2852 5595 addendum
2888 5521 3102 5577 videtur
3133 5522 3226 5593 μή.

2276 5593 2388 5668 (22)
2419 5596 2550 5668 Bes-
2579 5593 2642 5668 τὸ
2679 5593 2902 5668 Mutu-

2276 5663 2390 5739 (25)
2419 5663 2553 5739 Reg.
2576 5667 2634 5739 δέ
2662 5663 2905 5739 γέμοντα
2918 5663 3255 5739 δυσφημίας.

2269 5729 2383 5807 (24)
2411 5729 2549 5809 Aug.
2579 5737 2629 5790 εί
2664 5729 2862 5809 σκέψει.
2888 5729 3128 5809 λίοχμτην
3159 5742 3280 5809 ante
3302 5729 3591 5801 τυραννίδα
3623 5730 3774 5789 deest

2199 5811 2252 5864 in
2279 5803 2469 5876 editis,
2498 5803 2594 5866 sed
2623 5803 2904 5876 legiturin
2936 5803 3260 5876 quibusdam
3299 5816 3429 5856 mss.
