4066 6388
329 287 424 345 501
1380 295 1613 369 s'snuo
1651 313 1931 371 CONTRA
1967 315 2200 375 cum-:5
2242 318 2601 376 Hmassss.
3457 325 3562 380 sua

327 401 746 510 ἁληρῗίῖςιτοῖς
793 414 979 510 μέρεσι
1026 417 1125 491 τῆς
1170 420 1394 494 πλάνης.
1441 428 1756 484 Ἀντίκειται
1788 431 1933 506 γὰρλ

1957 473 1968 508 γ
1999 432 2133 487 Nam
2154 447 2443 506 utrumque
2467 436 2680 493 illorum
2707 452 2771 492 ex
2795 437 2975 495 fructu
2992 436 3357 509 cognoscitur,
3375 453 3563 510 quem-

326 494 654 595 ⁴ξῇξληθείῖὲ
701 503 760 556 τὸ
799 504 1008 574 ψεῦδος,
1043 513 1136 565 καὶ
1173 513 1252 585 τῷ
1291 515 1474 584 ψεύδει
1523 494 1816 576 ἀντίκειταί

1107 513 1136 565 εὶ
1173 513 1252 585 τῷ
1291 515 1474 584 ψεύδει
1523 494 1816 576 ἀντίκειταί
1924 494 1968 508 κ
1994 529 2280 586 admodum
2320 494 2453 586 dixit
2483 531 2713 588 Veritas.

325 583 584 682 ἀλήθειαο
631 591 858 650 ἕκαστον
902 599 1011 671 γὰρ
1057 583 1260 658 τούτών
1303 583 1366 661 ἐκ
1409 609 1504 662 τοῦ
1553 611 1762 682 καρποῦ
1812 583 1895 682 γιἐ

325 674 609 748 νώσκεται,
644 685 825 751 καθὼς
855 687 958 762 ἔφη
988 693 1020 763 ή
1065 693 1331 765 Ἀλήθεια.

334 789 654 870 Ἐπληρὼθη
702 801 798 856 σὺν
838 803 954 875 Θεῷ
988 807 1019 878 ή
1051 807 1145 861 τοῦ
1190 811 1344 879 ἁγίου
1404 813 1718 869 Ἀθανασίου
1753 817 1894 871 κατὰ

2073 821 2353 893 Completa
2386 830 2472 878 est
2493 837 2616 876 cum
2639 823 2747 877 Deo
2777 823 2950 878 sancti
2980 821 3262 877 Athanasii
3297 821 3557 876 adversus

823 895 1030 968 Ἀρείου
1058 900 1308 972 ἀριστεία
1337 902 1464 976 (25).

1388 904 1464 976 :5).
2469 915 2657 969 Arium
2678 916 2994 987 disputatio.

315 994 661 1121 διέῗὲἐτξξεῗὲ
686 1005 1806 1121 12.3"}.‘5nai‘12's9332utaeniae
1837 1031 1892 1079 ει
1933 1025 2278 1099 “suam.
2313 1048 2544 1102 «ιυοτυηι
2570 1033 2689 1087 loco
2719 1032 2772 1086 ίη
2803 1034 2934 1104 κεε-
2970 1033 3187 1105 legitur.
3240 1035 3400 1096 τέλο»

497 1080 655 1126 τικοῠ
692 1080 786 1130 τοῦ
811 1080 1397 1149 μεγάλοὼἈθανασίου
1430 1091 1521 1144 καὶ
1559 1080 1784 1162 ’Ᾰρεξοω

324 1221 2349 1261 .______________________

1262 1345 1328 1401 IN
1373 1349 1690 1418 SEQUENS
1741 1350 2165 1410 OPUSCULUM
2207 1353 2601 1410 ADMONITIO.

383 1488 422 1543 1.
447 1488 637 1546 Sermo
671 1503 856 1548 contra
897 1512 1074 1552 omnes
1125 1499 1346 1556 haereses
1386 1503 1611 1558 habetur
1653 1507 1708 1560 in
1737 1507 1971 1578 antiquis
1997 1508 2286 1571 codicibus,
2318 1519 2368 1563 et
2415 1513 2469 1564 in
2499 1510 2880 1565 Athanasianis
2925 1513 3337 1582 collectionibus,
3372 1520 3462 1572 sed
3502 1523 3554 1576 in

313 1582 568 1654 plerisque
623 1601 745 1638 cum
793 1594 916 1640 nota
963 1587 1256 1658 abjudicati
1288 1592 1582 1650 Athanasio
1618 1597 1878 1664 opusculi.
1913 1595 2002 1651 Sic
2046 1598 2102 1650 in
2142 1595 2463 1667 Segueriana
2501 1598 2675 1654 codice
2724 1599 2916 1669 legitur
2947 1603 3014 1656 ad
3068 1607 3376 1677 marginem,
3409 1609 3556 1675 ξένος

316 1680 402 1731 καὶ
430 1679 674 1749 χυδαῖος,
707 1682 884 1749 supple
911 1685 1156 1755 λόγος,ἰά
1189 1701 1286 1755 est,
1320 1691 1486 1769 Liber
1511 1702 1804 1751 extraneus
1835 1704 1889 1751 et

1951 1700 2131 1751 usiore
2158 1698 2298 1769 stylo
2327 1698 2656 1769 descriptus.
2693 1699 2833 1766 Quid
2865 1700 2919 1754 in
2953 1699 3384 1756 Commelinianis
3417 1704 3557 1757 codi-

314 1774 450 1828 cibus
483 1784 718 1842 notetur,
755 1792 998 1835 accurate
1040 1782 1271 1850 explicat
1305 1783 1715 1852 Felckmannus,
1741 1788 1822 1841 his
1858 1787 2028 1841 verbis
2066 1804 2084 1840 :
2117 1787 2307 1842 Exstat
2340 1788 2430 1842 hic
2461 1789 2515 1843 in
2555 1789 2840 1846 codicibus
2862 1791 3168 1856 Basiliensi,
3201 1791 3551 1870 Gobleriano‘

313 1877 363 1921 et
392 1870 443 1926 i.
481 1869 757 1926 Caeterum
791 1874 859 1927 ad
891 1875 1103 1931 initium
1139 1878 1259 1948 ejus
1289 1880 1403 1935 haec
1428 1889 1616 1935 notata
1641 1882 1696 1936 in
1726 1880 1919 1946 Basil.,

1953 1882 2109 1950 ἄφες,
2137 1882 2211 1953 μὴ
2241 1883 2477 1954 γράψῃς.
2520 1883 2671 1950 Quae,
2697 1883 2820 1954 quid
2842 1885 2944 1939 sibi
2977 1886 3163 1948 velint,
3198 1885 3388 1940 nescio
3421 1869 3550 1953 (ima

311 1965 414 2021 lues
439 1967 603 2035 plana
627 1977 680 2022 et
714 1980 895 2039 aperta
923 1981 1064 2040 sunt,
1097 1975 1535 2048 signiﬁcantque:
1566 1979 1713 2032 hunc
1746 1977 2063 2048 relinquito,
2097 1993 2200 2034 nec
2228 1978 2542 2048 describas)
2576 1999 2590 2036 :
2628 1979 2732 2034 nisi
2771 1979 2909 2034 forte
2936 1976 3078 2032 idem
3096 1977 3238 2047 quod
3271 1975 3553 2031 Romanus

311 2072 663 2132 anagnostes,
695 2066 952 2122 similiter
975 2067 1041 2122 ad
1069 2067 1190 2136 ejus
1218 2067 1457 2130 initium,
1492 2067 1546 2121 in
1587 2066 1776 2122 codice
1805 2065 1917 2120 Gob

1946 2067 2134 2121 eriano
2189 2067 2276 2121 his
2317 2066 2501 2122 verbis
2537 2087 2549 2122 :
2583 2062 2750 2130 Οὗτος
2775 2069 2803 2120 ὁ
2829 2067 3004 2136 λόγος,
3036 2067 3111 2130 ὡς
3138 2066 3259 2136 ὲμοε
3294 2083 3358 2135 γε
3383 2065 3549 2127 δοκεῖ,

311 2154 367 2210 οὐ
397 2157 488 2211 τοῦ
516 2158 758 2230 μεγάλου
788 2161 1000 2234 Πατρὸς
1037 2157 1350 2213 Ἀθανασίου
1381 2157 1548 2220 ἐστὶν,
1582 2155 1718 2209 ἀλλὰ
1739 2155 1908 2222 ξένος,

1946 2154 2013 2219 ὡς
2034 2155 2127 2209 na).
2156 2155 2371 2225 χυδαῖος
2403 2155 2477 2218 ὡς
2505 2155 2574 2208 τὰ
2605 2155 2850 2210 πλεῖστα.
2894 2155 2979 2226 (Id
3016 2166 3114 2219 est,
3142 2154 3240 2208 Hic
3266 2169 3469 2218 sermo,
3494 2162 3552 2207 ut

310 2252 437 2307 mihi
468 2253 693 2324 quidem
730 2256 966 2322 videtur,
1000 2268 1346 2327 nequaquam
1385 2259 1467 2306 est
1500 2250 1682 2321 magni
1713 2249 1895 2304 Patris
1925 2249 2234 2310 Athanasii,
2268 2250 2362 2304 sed
2395 2250 2632 2313 alienus,
2676 2257 2839 2318 atque
2884 2255 2943 2302 ut
2987 2249 3305 2318 plurimum,
3347 2246 3552 2299 l‘usiore

311 2348 446 2419 stylo
467 2349 826 2422 descriptus.)
863 2351 988 2408 Haec
1018 2353 1112 2408 ibi.
1138 2349 1350 2417 Quibus
1382 2347 1584 2403 similia
1624 2346 1691 2400 ad
1715 2345 1967 2401 eumdem
2001 2345 2056 2399 in
2092 2345 2259 2400 Basil.
2292 2346 2415 2400 cod.
2451 2347 2633 2399 statim
2666 2344 2844 2409 initio,
2883 2343 2974 2397 ubi
3017 2342 3366 2413 praemittitur
3399 2347 3552 2394 cata-

311 2444 460 2515 logus
504 2446 775 2501 librorum
821 2447 873 2502 in
915 2463 982 2505 eo
1017 2454 1422 2508 contentorum,
1467 2445 1622 2498 haec:
1663 2443 1750 2495 Ἐν
1779 2443 1843 2512 τῇ
1877 2441 1917 2510 βε

1942 2441 2040 2510 ὅλῳ
2076 2441 2175 2512 τῆς
2227 2443 2391 2514 μονῆς
2426 2441 2520 2494 τοῦ
2551 2441 2705 2510 ἁγίου
2751 2436 3067 2492 Ἀθανασίου
3101 2433 3246 2487 ἐστὶν
3273 2429 3548 2502 ἐπιγραφὴ

311 2538 508 2594 ἄνωθεν
539 2541 634 2594 τοῦ
671 2543 936 2613 παρόντος
970 2541 1148 2612 λόγου,
1181 2541 1380 2612 ἔχουσα
1411 2538 1603 2601 οὕτως·
1658 2537 1715 2590 '0
1751 2533 1940 2608 παρὼν
1972 2535 2128 2604 λόγος
2165 2535 2264 2588 οὐκ
2305 2535 2418 2588 ἔστι
2460 2533 2554 2588 τοῦ
2587 2533 2820 2606 μεγάλου
2867 2527 3203 2584 Ἀθανασίουο
3233 2523 3367 2578 ἀλλὰ
3401 2523 3548 2587 ξένος

311 2631 403 2685 καὶ
430 2633 670 2702 χυδαῖος.
712 2635 901 2705 Ἡμεῖς
945 2634 1002 2687 δὲ
1057 2634 1384 2707 πρόσταγμα
1429 2630 1761 2702 πληροῦντες
1813 2645 1913 2700 μετ

1940 2627 2235 2701 ,γράψαμεν
2266 2629 2361 2682 καὶ
2392 2627 2602 2683 τοῦτον.
2637 2626 2727 2697 (Id
2773 2635 2872 2688 est,
2919 2624 2976 2678 In
3035 2622 3176 2676 libro
3228 2619 3546 2674 monasterii

309 2723 477 2776 sancti
516 2721 828 2785 Athanasii,
875 2723 1003 2779 huic
1034 2724 1173 2778 libro
1201 2724 1314 2777 haec
1347 2720 1682 2792 praeponitur
1709 2719 2000 2789 inscriptio
2036 2737 2049 2774 :
2090 2717 2190 2773 Hic
2220 2717 2360 2774 liber
2390 2733 2500 2773 non
2523 2731 2608 2774 est
2629 2719 2810 2788 magni
2847 2715 3152 2778 Athanasii,
3176 2717 3271 2770 sed
3306 2713 3546 2782 spurius,

308 2823 363 2878 ρι
396 2816 603 2873 fusiore
635 2819 780 2890 stylo
807 2819 1177 2888 conscriptus.
1210 2818 1279 2872 At
1311 2832 1412 2872 nos
1439 2824 1496 2871 ut
1521 2815 1677 2886 jussa
1701 2813 2121 2885 compleremus,
2156 2828 2282 2868 eum
2326 2827 2544 2884 quoque
2574 2812 3074 2884 transcripsimus.)
3107 2811 3238 2878 Quae
3272 2817 3547 2882 postrema

309 2909 561 2965 Videntur
589 2927 711 2968 esse
746 2912 838 2966 τοῦ
868 2911 1216 2985 Δοξαπάτρου
1254 2911 1443 2976 verba,
1474 2909 1788 2965 excusantis
1823 2922 1882 2963 se
1911 2922 2011 2961 cur
2033 2907 2181 2961 hunc
2211 2921 2520 2963 sermonem
2554 2906 2934 2978 descripserit,
2965 2922 3086 2962 cum
3115 2906 3187 2961 sit
3217 2905 3459 2976 spurius,
3494 2911 3548 2958 et

311 2999 375 3054 ad
412 3001 532 3071 ejus
559 3001 964 3072 l'rontiSpicium
997 3001 1070 3058 sit
1097 3010 1344 3056 notatum
1384 3014 1452 3054 ne
1484 2997 1851 3054 describatur.
1887 2994 2017 3050 Htec
2052 2993 2461 3061 Felckmannus,
2497 2996 2647 3065 cujus
2705 2996 2833 3050 locis
2894 2994 3071 3052 Grazce
3100 3005 3304 3050 tantum
3342 2992 3543 3055 allatis,

309 3094 551 3149 Latinam
587 3097 1034 3168 signiﬁcationem
1069 3113 1164 3151 nos
1198 3095 1509 3166 adjecimus.

373 3187 436 3245 ll.
464 3189 636 3244 Porro
664 3206 729 3244 ea:
756 3190 897 3245 hisce
927 3192 1166 3246 codicum
1206 3190 1404 3244 notulis
1433 3189 1613 3258 palam
1641 3197 1718 3242 est
1747 3187 1959 3257 jamdiu
1989 3186 2129 3240 hunc
2163 3186 2358 3240 librum
2409 3189 2546 3242 inter
2577 3188 2948 3243 Athanasiana
2989 3201 3307 3256 comparere,
3338 3200 3456 3237 cum
3489 3183 3545 3235 in

308 3279 366 3331 iis
396 3277 688 3343 codicibus,
723 3295 789 3334 ex
819 3279 1005 3351 quibus
1028 3280 1567 3335 Commelinianorum
1596 3279 1950 3350 antiquissimi
1992 3280 2302 3346 transcripti
2329 3288 2451 3332 sunt
2481 3295 2596 3333 cum
2639 3279 2923 3334 Athanasii
2953 3278 3215 3348 operibus,
3247 3277 3420 3331 locum
3446 3275 3544 3329 ha—

310 3370 490 3428 buerit.
525 3371 798 3429 Orationis
825 3383 1000 3428 autem
1025 3391 1211 3445 genus,
1249 3382 1308 3427 ut
1341 3381 1550 3427 monent
1576 3389 1944 3438 amanuenses,
1988 3372 2212 3426 multant
2267 3373 2512 3428 abhorret
2543 3391 2574 3427 a
2603 3377 2779 3429 sancti
2830 3376 3061 3431 doctoris
3091 3375 3252 3446 stglo,
3282 3373 3419 3444 quod
3454 3389 3545 3426 ne-

307 3479 385 3515 mo
413 3480 541 3518 sane
571 3481 676 3518 non
709 3465 903 3519 videat.
929 3463 1084 3520 Patet
1112 3475 1287 3519 tamen
1327 3479 1392 3518 ea:
1420 3464 1707 3517 Athanasii
1754 3462 1996 3533 operibus
2045 3478 2347 3530 expressum
2382 3465 2690 3532 opusculum
2723 3466 2922 3536 fuisse;
2946 3469 3000 3520 in
3023 3484 3084 3520 eo
3123 3466 3309 3535 quippe
3351 3463 3544 3519 credent

307 3551 520 3609 htereses
555 3555 953 3626 impugnantur,
979 3573 1109 3626 quas
1135 3557 1189 3609 in
1219 3556 1378 3610 variis
1414 3553 1699 3608 Athanasii
1721 3567 1932 3621 operum
1962 3552 2090 3606 locis
2115 3552 2414 3622 confutatus
2449 3553 2721 3620 uidemus;
2757 3573 2981 3626 quarum
3004 3557 3286 3610 nonnullas
3313 3557 3377 3608 ἐκ
3403 3571 3544 3625 παρ·

307 3645 462 3716 ἐργου
493 3655 705 3701 tantum
739 3657 952 3701 sanctus
979 3647 1164 3701 doctor
1203 3663 1481 3718 aggressus
1506 3655 1604 3700 est.
1641 3643 1744 3698 Hic
1786 3646 1956 3714 primo
1987 3645 2100 3697 loco
2134 3647 2326 3699 Ariani
2379 3649 2743 3718 exagitantur,
2777 3665 2904 3718 quos
2935 3650 3054 3702 item
3077 3651 3277 3715 priores
3303 3649 3544 3701 Athana~

308 3738 411 3792 sius
444 3738 668 3794 adortus
713 3752 788 3794 est
810 3755 828 3802 ;
863 3748 1148 3809 postremo,
1181 3734 1604 3805 Apollinaristaz,
1640 3733 1729 3803 qui
1771 3732 2024 3793 postremi
2051 3733 2116 3785 ab
2153 3732 2447 3789 Athanasio
2496 3736 2859 3804 confutantur.
2915 3738 3018 3791 llic
3071 3736 3542 3793 Pneumatomachi

307 3841 556 3884 vocantur
587 3831 824 3900 Tropici,
852 3845 1010 3904 quam
1043 3842 1216 3882 vocem
1247 3841 1506 3896 nusquam
1544 3824 1756 3878 memini
1783 3840 1863 3876 me
1890 3823 1990 3876 hac
2021 3826 2280 3878 sententia
2303 3824 2506 3896 legisse,
2525 3828 2629 3881 nisi
2660 3828 2802 3898 apud
2827 3829 3171 3884 Athanasium
3200 3830 3252 3882 in
3288 3825 3540 3896 Epistolis

309 3917 371 3974 ad
409 3919 788 3992 Serapionem.
821 3922 1019 3978 Eadem
1049 3939 1251 3996 quoque
1288 3923 1344 3976 in
1371 3922 1468 3974 hoc
1499 3936 1650 3990 opere
1680 3918 1931 3974 adversus
1953 3920 2230 3976 luereticos
2263 3932 2593 3993 usurpantur
2615 3937 2946 3996 argumenta,
2979 3944 3092 3999 qua:
3125 3925 3190 3979 ab
3223 3925 3538 3979 Athanasio-

309 4014 560 4071 Carterum
581 4019 674 4090 qui
707 4018 790 4072 hic
814 4021 1154 4090 confutantur
1182 4018 1441 4083 haeretici,
1463 4019 1519 4072 hi
1541 4029 1666 4072 sunt
1694 4033 1712 4070 :
1744 4017 1957 4080 Ariani,
1995 4016 2230 4086 Tropici,
2271 4019 2476 4074 Paulus
2509 4019 2920 4086 Samosatensis,
2946 4019 3250 4083 Manichaei,
3274 4015 3537 4077 Marcion,

319 4105 642 4178 Valentinus,
671 4110 961 4180 Basilides,
989 4115 1272 4184 Hieracas,
1308 4115 1572 4184 Novatus,
1603 4117 1860 4186 Phryges,
1889 4114 2295 4184 Apollinaristw
2323 4159 2335 4184 ,
2360 4117 2424 4173 de
2457 4119 2643 4191 quibus
2675 4119 2914 4175 omnibus
2955 4118 3130 4190 agitur
3152 4117 3205 4171 in
3231 4115 3541 4186 praefatione

306 4208 538 4276 generali.

1383 4421 1521 4476 ΤΟΥ
1557 4421 1648 4477 ΕΝ
1679 4422 1902 4475 ΑΓΙΟΙΣ
1933 4424 2204 4481 ΠΑΤΡΟΣ
2235 4425 2431 4479 ΗΜΩΝ

1587 4571 2220 4664 ΑΘΑΝΑΣΙΟΥ

1434 4741 1624 4795 ΚΑΤΑ
1657 4743 1909 4796 ΠΑΣΩΝ
1929 4737 2080 4797 ’ΤΩΝ
2105 4743 2484 4802 ΛΙΡΕΣΕὩΝ.

1301 4987 1394 5075 S.
1471 4990 1578 5075 P.
1658 4990 1776 5077 Ν.
1853 4986 2498 5078 ATHANASII

1415 5154 1710 5213 CONTRA
1743 5157 2002 5215 OMNES
2039 5156 2425 5213 HzERESES.

362 5363 408 5420 1.
441 5366 512 5422 Τδ
541 5371 902 5442 προκείμενον
933 5376 1042 5430 ἀπὸ
1074 5376 1165 5431 τοῦ
1211 5378 1544 5447 Εὑαγγελίου
1574 5384 1670 5437 τοῦ
1711 5387 1854 5442 κατὰ

2033 5388 2085 5442 l.
2141 5385 2298 5453 Quod
2364 5384 2688 5457 proponitur
2743 5397 2810 5438 ex
2876 5379 3169 5451 Evangelio
3229 5378 3528 5435 secundum

308 5453 573 5551 :Itodwnw
608 5483 628 5516 ι
677 5464 768 5518 Ἐν
794 5465 936 5540 ἀρχῇ
963 5464 1032 5540 ἦν
1058 5469 1087 5523 ὀ
1119 5471 1291 5540 Λόγος
1327 5471 1462 5543 (26),
1489 5475 1583 5528 καὶ
1621 5478 1651 5530 ὁ
1681 5480 1854 5551 Λόγος

1958 5477 2228 5536 Joannem
2269 5453 2384 5534 tale
2404 5453 2528 5534 est:
2563 5494 2582 5528 ι
2615 5475 2673 5530 ln
2711 5475 2981 5547 principio
3033 5482 3149 5529 erat
3172 5470 3433 5538 Verbum,
3474 5481 3531 5529 et

296 5542 358 5621 ἦν
382 5553 510 5626 πρὸς
537 5558 631 5612 τὸν
657 5555 814 5625 Θεὸν,
848 5562 943 5615 καὶ
960 5562 1090 5628 Θεὸς
1109 5559 1177 5636 ἦν
1200 5567 1229 5617 ὁ
1261 5542 1450 5633 Λόγος.
1491 5561 1660 5633 Οὗτος
1800 5542 1856 5628 ἑυ

1963 5571 2202 5632 Verbum
2229 5580 2346 5632 erat
2384 5571 2524 5645 apud
2558 5542 2752 5639 Deum,
2805 5578 2859 5628 et
2891 5542 3062 5626 —Dcus
3118 5576 3235 5626 erat
3263 5566 3531 5630 Verbum.

364 5707 468 5780 (96)
497 5711 654 5772 Gobl.
685 5723 740 5773 et
766 5714 912 5776 Felc.
953 5720 1004 5786 i,
1042 5721 1128 5776 Ἐν
1167 5722 1329 5793 ἀρχῇ,
1366 5721 1548 5793 φησὶν,
1579 5718 1667 5795 ἦν.
