4066 6388
271 436 370 494 505
1237 439 1468 496 SERMO
1506 441 1786 498 CONTRA
1830 444 2064 504 OMNES
2101 449 2461 508 HASHESES.

3390 460 3495 520 506

274 577 410 634 μενοι
432 575 444 590 ο
472 558 566 613 καὶ
592 558 686 612 τοῦ
730 557 846 623 ἐνὸς
879 558 1266 630 καταρωμένου
1302 559 1434 629 (58),
1470 555 1620 614 εἶπεν
1645 563 1674 615 6
1704 561 1818 614 ἐτε-

1932 565 2058 620 alter
2081 569 2252 623 latro:
2283 590 2300 620 ι
2327 570 2467 636 Quid
2494 572 3018 642 exsecrarisjustum
3037 572 3176 629 ?nos
3197 574 3494 629 secundum

274 666 361 722 ρος
382 648 582 720 λῃστής
603 664 617 678 ο
656 666 674 698 ι
705 647 770 698 Τί
799 649 1102 718 καταρᾶσαι
1133 648 1211 718 τῷ
1237 648 1461 719 δικαίῳ;
1496 652 1656 722 ⁴ἡμεῖς
1681 652 1818 704 κατὰ

1932 660 2124 713 scelera
2151 670 2338 716 nostra
2369 664 2643 732 patimur:
2682 663 2747 718 Et
2775 664 2906 735 quid
2936 665 3034 720 tibi
3067 673 3120 720 et
3147 665 3298 735 justo
3327 667 3403 720 illi
3429 667 3494 721 ἲ»

269 739 358 804 τὰς
380 739 652 809 ἁμαρτίας
697 739 904 792 ἑαυτῶν
963 739 1341 810 πεπόνθαμεν·
1385 739 1435 793 τί
1471 741 1552 794 σοὶ
1598 742 1692 795 καὶ
1740 741 1819 813 τῷ

1932 747 2068 804 Dixit
2097 760 2277 807 autem
2310 753 2438 809 Jesu
2470 773 2484 810 :
2516 774 2534 806 ‹
2570 754 2840 810 Memento
2888 756 3014 819 mei,
3067 755 3317 821 Domine,
3373 772 3500 812 cum

269 828 475 898 δικαίῳ;
512 847 532 880 ι
564 827 655 898 Τῷ
676 827 732 881 δὲ
770 827 942 899 Ἰησοῦ
965 829 1152 898 ἔλεγες
1187 847 1205 880 ι
1240 830 1523 902 Μνήσθητί
1549 849 1672 903 μου,
1702 831 1819 886 Κύ-

1917 840 2132 895 veneris
2159 840 2213 896 in
2242 857 2464 912 regnum
2499 851 2674 898 tuum.
2700 862 2718 896 ι
2739 842 3014 900 CuiJesus
3044 863 3057 899 :
3087 864 3105 895 ι
3130 845 3321 905 Amen.
3340 861 3499 899 amen

271 936 363 990 ριε,
389 919 510 972 ὅταν
545 918 706 990 ἔλθῃς
726 920 784 973 ἐν
811 921 878 990 τῇ
925 919 1168 1006 βασιλείᾳ
1205 939 1320 975 σου.
1360 941 1379 974 ι
1407 923 1516 976 Kal
1546 925 1574 976 6
1617 923 1821 996 Ἰησοῦς

1932 929 2042 984 lico
2067 932 2186 991 tibi.
2220 931 2381 989 hodie
2405 949 2616 989 mecum
2651 935 2762 990 eris
2788 936 2841 989 in
2873 935 3125 1006 paradiso
3157 938 3198 990 '.
3228 954 3248 988 ι
3285 935 3329 990 0
3387 951 3499 990 rem

269 1012 393 1084 πρὸς
443 1011 605 1064 αὐτόν
637 1012 770 1083 (59)·
807 1032 824 1063 ι
849 1001 1040 1085 Ἀμὴν,
1073 1015 1218 1086 ἀμὴν
1267 1015 1410 1084 λέγω
1459 1034 1558 1080 σοι,
1586 1018 1822 1088 σήμερον

270 1105 376 1171 μετ’
401 1102 534 1173 ἐμοῦ
566 1101 666 1176 ἔσῃ
693 1105 750 1156 ἐν
784 1102 861 1174 τῷ
887 1105 1218 1176 παραδείσῳ.
1265 1125 1281 1155 ι
1314 1107 1379 1158 Ὢ
1415 1107 1646 1177 μεγάλου
1684 1108 1824 1180 πρά-

238 1186 490 1268 ζγματοςι
538 1194 640 1264 τῆς
689 1195 932 1267 κατάρας
989 1197 1452 1269 προσηλωθείσης,
1501 1195 1703 1268 ήνέῳξε
1733 1198 1824 1252 τὸν

267 1285 581 1356 παράδεισον
609 1287 667 1339 ἐν
691 1289 756 1357 τῇ
783 1288 1086 1359 ἐπαγγελίᾳ
1107 1287 1185 1359 τῷ
1207 1289 1397 1361 λῃστῇ.
1435 1291 1499 1342 Ὢ
1530 1289 1622 1343 τοῦ
1653 1307 1827 1361 μακα-

269 1374 373 1446 ρίου
418 1376 618 1448 λῃστοῦ
667 1376 884 1431 τούτουι
950 1379 1274 1448 ἀφήρπασεν
1300 1383 1358 1433 ἐν
1392 1380 1470 1451 τῷ
1512 1382 1700 1452 κόσμῳ
1729 1381 1826 1454 λῃ-

269 1467 480 1531 στεύων,
523 1469 635 1538 ἁφή
645 1485 819 1535 ρπασε
849 1468 944 1522 καὶ
957 1469 1053 1541 τὴν
1075 1471 1349 1540 βασιλείαν
1369 1472 1474 1524 τῶν
1501 1471 1744 1543 οὐρανῶν
1769 1475 1827 1525 ἐν

265 1560 323 1630 τῇ
337 1558 607 1630 ὁμολογίᾳ.
631 1560 764 1630 Περὶ
779 1560 965 1614 τούτου
988 1557 1139 1615 εἶπεν
1155 1563 1183 1615 6
1201 1563 1372 1633 μέγας
1395 1565 1676 1635 προφήτης
1694 1562 1826 1632 (40)·

269 1671 286 1700 ε
319 1652 420 1705 Kal
480 1651 754 1726 κάνθαρος
807 1655 869 1706 ἐκ
936 1653 1094 1718 ξύλου
1159 1653 1470 1724 φθέγξεται.
1535 1673 1554 1706 ι
1618 1653 1828 1718 Οἴδατε,

266 1741 490 1812 ἀδελφοὶ,
529 1744 611 1796 ὅτι
642 1745 672 1795 6
701 1743 967 1816 κάνθαρος
1000 1745 1128 1816 περὶ
1155 1745 1223 1798 τὰ
1253 1746 1535 1816 ἀκάθαρτα
1562 1744 1831 1814 σχολάζει,

1921 1023 2208 1089 magnam!
2243 1038 2511 1090 suspenso
2536 1025 2849 1090 maledicto,
2903 1027 3114 1095 aperuit
3149 1026 3348 1081 latroni
3401 1036 3502 1097 pa'

1923 1109 2165 1163 radisum
2207 1113 2262 1165 in
2317 1114 2704 1182 promissione.
2751 1113 2796 1169 Ο
2828 1114 3041 1170 felicem
3102 1115 3368 1171 latronem
3402 1117 3500 1170 lin

1924 1201 2129 1256 mundo
2185 1205 2368 1272 rapuit
2404 1205 2806 1271 latrocinando,
2857 1221 3082 1276 regnum
3112 1207 3378 1262 caelorum
3411 1223 3502 1260 ra-

1925 1295 2043 1363 puit
2069 1295 2402 1351 conﬁtendo.
2443 1295 2517 1351 De
2545 1297 2638 1351 illo
2679 1313 2912 1368 magnus
2934 1299 3007 1352 ait
3039 1300 3304 1368 propheta
3337 1318 3350 1353 :
3380 1317 3398 1350 ι
3435 1297 3501 1352 Ει

1927 1387 2234 1442 scarabams
2255 1403 2321 1441 ex
2344 1389 2489 1459 ligno
2523 1388 3005 1446 vociferabitur'.»
3044 1389 3248 1459 Nostis,
3281 1392 3500 1458 fratres,

1929 1479 2262 1533 scarabaeum
2293 1481 2633 1535 immundum
2662 1481 2808 1535 circa
2843 1481 3122 1536 immunda
3149 1482 3395 1547 versari;
3425 1481 3501 1537 ita

1929 1584 2147 1639 quoque
2187 1571 2324 1625 latro
2357 1569 2410 1624 in
2445 1571 2750 1626 latrociniis
2809 1580 3063 1628 versatus
3111 1580 3228 1640 est;
3255 1574 3310 1628 in
3339 1588 3502 1630 cruce

1930 1668 2111 1715 autem
2144 1661 2430 1718 confessus
2462 1670 2566 1725 est,
2598 1663 3055 1732 quemadmodum
3094 1664 3346 1734 superius
3367 1663 3500 1729 dixi,

1935 1762 2098 1824 atque
2131 1754 2184 1808 in
2216 1755 2310 1808 illo
2339 1755 2594 1824 impletur
2636 1755 2749 1811 bare
2782 1755 3068 1826 prophetia
3099 1774 3112 1809 :
3156 1775 3176 1807 ι
3213 1757 3278 1812 Ει
3311 1772 3504 1813 scara-

265 1834 558 1906 ἀκάθαρτος
590 1835 666 1888 ὧν
690 1852 705 1866 ο
756 1834 896 1889 οὕτω
942 1837 1035 1890 καὶ
1076 1838 1104 1890 6
1147 1836 1349 1908 λῃστής
1395 1853 1525 1890 ποτε
1548 1837 1830 1908 ἐσχόλαζεν

1934 1845 2086 1901 baeus
2143 1861 2210 1900 ex
2268 1845 2413 1916 ligno
2461 1847 2865 1901 vociferatur.»
2923 1846 3269 1902 Vociferatus
3319 1856 3499 1903 autem

265 1928 315 1979 ἐν
338 1930 456 1990 ταῖς
473 1927 754 2000 λῃστείαις
778 1927 906 1997 (41)·
937 1929 1025 1982 ὅτε
1053 1929 1111 1982 δέ
1145 1931 1203 1983 ἐν
1228 1929 1307 2000 τῷ
1337 1929 1552 2000 σταυρῷ
1570 1925 1659 2000 ἦν,
1686 1929 1830 2000 ὠμο-

1933 1940 2130 2011 dignus
2159 1914 2379 1995 habitus
2409 1947 2493 1996 est
2521 1940 2614 2010 qui
2666 1956 2894 2010 regnum
2950 1941 3214 1996 caelorum
3264 1941 3506 2011 proripe-

265 2013 482 2087 λόγησεν
508 2015 694 2079 αὐτὸς,
733 2015 914 2079 καθὼς
940 2019 1222 2088 προεῖπον,
1255 2018 1349 2070 καὶ
1399 2016 1702 2087 πληροῦται
1749 2018 1830 2080 είς

263 2107 378 2159 αὐτὸ
394 2105 456 2159 τὸ
473 2106 847 2180 προφητευθέν
866 2123 878 2136 ·
909 2125 928 2158 ι
956 2108 1066 2160 Kal
1086 2107 1356 2180 κάνθαρος
1401 2110 1465 2161 ἐκ
1492 2107 1649 2172 ξύλου
1674 2107 1832 2177 φθέγ-

263 2214 430 2265 γεται.
470 2216 490 2248 ι
517 2195 893 2267 Φθεγξάμενος
916 2198 1096 2250 τοίνυν
1118 2197 1324 2268 ἠξιώθη
1353 2200 1699 2270 προαρπάσαι
1733 2199 1830 2270 τὴν

260 2288 356 2340 τῶν
387 2289 635 2363 οὐρανῶν
690 2287 986 2356 βασιλείαν.
1024 2289 1134 2341 Kal.
1169 2289 1328 2343 πάλιν
1378 2290 1528 2358 λέγει
1577 2293 1605 2344 6
1655 2291 1830 2361 μέγας

261 2380 542 2451 προφήτης
584 2380 813 2443 Ἡσαΐας
854 2379 1139 2444 δεικτικῶς
1197 2380 1453 2432 δεικνύων
1480 2381 1554 2444 ὼς
1601 2380 1827 2452 παρών

264 2489 281 2522 ι
317 2472 448 2526 ’ἰδοῦ
475 2474 509 2544 ἡ
542 2471 818 2545 Παρθένος
841 2476 898 2527 ἐν
921 2474 1118 2544 γαστρὶ
1157 2471 1294 2539 ἕξει,
1320 2473 1413 2526 καὶ
1436 2472 1645 2537 τέξεται
1679 2473 1828 2538 Υίδν,

261 2568 346 2620 καὶ
372 2567 666 2621 καλέσουσι
706 2565 768 2618 τὸ
803 2567 974 2637 ὄνομα
997 2565 1163 2620 αὐτοῦ
1195 2566 1558 2637 Ἐμμανουήλ,
1597 2583 1615 2616 ι
1657 2567 1686 2619 6
1717 2568 1832 2620 ἐστι

261 2659 816 2732 μεθερμηνευόμενον,
851 2677 870 2710 ι
904 2658 1039 2713 Μεθ’
1078 2657 1233 2730 ήμῶν
1274 2659 1303 2710 6
1347 2657 1498 2720 Θεός.
1539 2677 1558 2709 ι
1595 2656 1834 2711 Μελλού-

260 2767 352 2822 σης
373 2752 554 2806 τοίνυν
593 2753 796 2824 ταύτης
834 2753 932 2824 τῆς
987 2751 1328 2824 πῳφητικῆς
1374 2750 1648 2820 σημασίας
1698 2750 1834 2822 πλη-

259 2843 500 2916 ροῦσθαι,
541 2843 982 2898 ἁποστέλλεταιό
1020 2843 1190 2912 μέγας
1233 2841 1568 2915 ἀρχάγγελος
1597 2841 1833 2913 Γαϐριὴλ

258 2939 285 2991 6
313 2939 368 2991 ἐν
389 2937 542 3008 δεξιᾷ
563 2936 664 3008 τῆς
693 2935 1059 3007 μεγαλοσύνης
1090 2933 1448 3005 παρεστηκὼς
1481 2937 1720 3004 σημᾶναι
1765 2937 1830 3005 τῇ

259 3032 509 3104 ἁχράντῳ
538 3029 787 3099 Θέοτόκῳ
806 3029 900 3082 καὶ
931 3027 1290 3099 ἀπειρογάμῳ
1327 3027 1533 3100 Μαρία,
1560 3028 1653 3080 καὶ
1685 3027 1832 3096 λέγει

1930 2042 2031 2088 ret.
2093 2031 2183 2086 Ait
2239 2047 2458 2088 rursum
2513 2033 2629 2102 ipse
2682 2032 2852 2088 Isaias
2924 2049 3153 2100 magnus
3219 2033 3504 2104 propheta,

1931 2123 2220 2193 perspicue
2249 2123 2498 2192 loquens,
2530 2139 2594 2177 ac
2643 2124 2686 2179 si
2736 2140 2978 2194 praesens
3024 2124 3218 2179 fuisset
3251 2143 3265 2182 :
3304 2144 3322 2176 ‹
3359 2125 3498 2180 Ecce

1931 2214 2098 2284 Virgo
2126 2215 2179 2268 in
2204 2222 2362 2269 utero
2422 2214 2662 2278 habebit,
2719 2223 2774 2270 ct
2823 2216 2999 2286 pariet
3035 2215 3252 2281 Filium,
3310 2227 3364 2272 et
3412 2235 3506 2273 \o-

1931 2307 2137 2361 cabunt
2195 2321 2396 2360 nomen
2445 2307 2564 2375 ejus
2611 2305 3008 2374 Emmanuel",
3049 2328 3068 2362 ι
3109 2309 3252 2378 quod
3290 2318 3373 2364 est
3424 2310 3506 2362 in-

1931 2405 2291 2468 terpretatum
2330 2437 2346 2459 ,
2404 2416 2423 2448 ι
2477 2396 2771 2453 Nobiscum
2829 2397 2994 2454 Deus.
3043 2417 3063 2452 ι
3128 2399 3261 2453 Cum
3336 2398 3500 2468 igitur

1932 2491 2165 2546 instaret
2221 2497 2458 2560 tempus,
2507 2496 2566 2543 ut
2599 2490 2876 2561 propheta.
2917 2490 3198 2560 praedictio
3249 2489 3506 2560 implere-

1932 2593 2058 2646 tur,
2114 2581 2352 2635 mittitur
2402 2596 2633 2652 magnus
2683 2580 3043 2651 archangelus
3087 2579 3303 2635 Gabriel
3332 2630 3348 2652 ,
3412 2580 3506 2651 qui

1934 2681 2042 2728 stat
2094 2672 2160 2728 ad
2205 2671 2486 2728 dexteram
2524 2672 2825 2741 majestatis
2853 2713 2868 2738 ,
2903 2673 2994 2742 qui
3042 2671 3318 2726 nuntiaret
3349 2671 3508 2744 183

1934 2763 2297 2818 immaculata:
2382 2762 2648 2835 Deiparze,
2716 2770 2772 2818 et
2837 2764 3043 2819 nullius
3119 2763 3337 2818 thorum
3415 2779 3510 2820 ex-

1935 2862 2102 2925 pertae
2134 2853 2337 2920 Marias,
2370 2853 2456 2909 his
2493 2853 2680 2908 verbis
2713 2872 2726 2907 :
2767 2871 2787 2904 ι
2820 2854 2952 2918 Ave,
2984 2855 3158 2924 gratia
3193 2855 3376 2923 plena,
3403 2853 3511 2909 Do-

1934 2947 2118 3002 minus
2139 2955 2320 3002 tecum
2350 2948 2394 3014 ';
2432 2966 2450 2999 ι
2482 2946 2771 3002 Dominum
2796 2947 3008 3011 dicens,
3040 2960 3384 3001 communem
3413 2944 3509 3001 he-

1935 3056 2056 3094 rum
2087 3039 2318 3105 indicat,
2352 3056 2411 3094 se
2447 3054 2774 3094 conservum
2813 3051 2936 3093 esse
2966 3036 3167 3093 fassus.
3203 3055 3222 3088 ι
3271 3035 3510 3106 Spiritus

260 3123 392 3196 πρὸς
416 3123 589 3193 αὐτήν
608 3139 621 3151 ·
663 3139 682 3172 ι
714 3122 905 3192 Χαῖρε,
935 3118 1368 3192 κεχαριτωμένηο
1387 3122 1415 3171 6
1453 3120 1652 3192 Κύριος
1697 3121 1830 3190 μετὰ

1937 3139 2163 3189 sanctus
2194 3133 2540 3202 superveniet
2566 3133 2620 3186 in
2648 3141 2722 3197 te,
2749 3137 2803 3186 et
2824 3129 3002 3186 virtus
3030 3129 3294 3184 Altissimi
3318 3129 3513 3184 obum-

261 3214 352 3268 σοῦ
379 3214 512 3286 (42).
556 3233 575 3265 ι
607 3212 809 3283 Κύριον
853 3212 909 3265 δὲ
961 3212 1156 3281 λέγων,
1205 3212 1293 3264 τὸν
1350 3211 1525 3264 κοινὸν
1565 3213 1829 3284 δεσπότην

1934 3225 2110 3279 brabit
2150 3225 2270 3288 tibi,
2312 3224 2542 3294 ideoque
2586 3224 2730 3294 quod
2762 3223 3008 3279 nascitur
3035 3237 3100 3277 ex
3135 3229 3210 3285 te,
3245 3220 3511 3275 Sanctum

262 3309 550 3378 ἐσήμανεν,
603 3304 880 3376 ὁμολογῶν
942 3305 1040 3376 τὴν
1110 3302 1468 3355 συνδουλείαν.
1519 3323 1538 3356 ι
1602 3305 1828 3376 Πνεῦμα

1933 3318 2275 3372 vocabitur‘.
2310 3337 2328 3370 ι
2361 3316 2574 3380 Merito,
2608 3317 2814 3385 dilecti,
2838 3323 3090 3373 sanctum
3114 3321 3344 3369 vocatur
3382 3320 3516 3368 tem-

261 3400 412 3469 ἅγιον
457 3399 816 3453 ἐπελεύσεται
863 3398 958 3451 ἐπὶ
1008 3398 1101 3460 σὲ,
1157 3398 1250 3450 καὶ
1308 3397 1532 3467 δύναμις
1578 3397 1829 3466 Ὑψίστου

1936 3408 2082 3478 plum
2140 3409 2261 3477 ejus
2305 3408 2398 3477 qui
2453 3415 2626 3462 totum
2677 3407 2867 3461 orbem
2906 3404 3353 3463 sanctiﬁcaturus
3404 3408 3508 3458 est.

263 3493 564 3547 ἐπισκιάσει
618 3509 708 3544 σε·
743 3491 824 3544 διὸ
855 3490 949 3543 xal
1000 3490 1061 3542 τὸ
1110 3488 1448 3560 γεννώμενον
1486 3490 1550 3542 ἐκ
1596 3488 1689 3542 σοῦ
1723 3489 1830 3559 (45)

1939 3494 2176 3549 Rursum
2219 3496 2296 3549 ait
2326 3496 2468 3551 idem
2497 3495 2761 3566 propheta
2792 3511 2805 3545 :
2853 3513 2873 3546 ι
2932 3493 3200 3548 Parvulus
3231 3502 3390 3548 natus
3430 3499 3514 3546 est

267 3586 446 3654 ’Δγιον
476 3585 829 3656 κληθήσεται.
844 3601 861 3632 ι
900 3581 1158 3653 Ἀληθῶς,
1175 3582 1468 3654 ἀγαπητοὶ,
1486 3582 1638 3651 ἆγιον
1659 3582 1830 3635 καλεῖ-

1941 3587 2120 3653 nobis,
2151 3598 2204 3642 et
2233 3587 2376 3642 ﬁlius
2399 3587 2559 3642 datus
2587 3594 2672 3642 est
2694 3585 2873 3651 nobis,
2905 3585 3066 3654 cujus
3096 3585 3383 3654 imperium
3409 3597 3505 3637 su-

263 3692 346 3730 ται
365 3678 394 3730 6
423 3676 550 3739 ναὸς
587 3676 681 3728 τοῦ
716 3673 997 3744 μέλλοντος
1037 3674 1280 3743 άγιάζειν
1322 3675 1499 3728 πᾶσαν
1530 3673 1626 3744 τὴν
1655 3676 1830 3727 οἰκου-

1936 3693 2032 3748 per
2062 3677 2350 3731 humerum
2375 3677 2517 3746 ejus.
2567 3674 2635 3730 Et
2672 3681 2900 3729 vocatur
2937 3689 3133 3729 nomen
3161 3673 3306 3742 ejus.
3335 3670 3512 3742 Magni

268 3765 447 3837 μένην.
487 3766 598 3819 Kal
629 3765 792 3818 πάλιν
833 3765 980 3834 λέγει
1009 3767 1037 3817 6
1066 3765 1227 3826 αὐτὸς
1274 3765 1593 3835 προφήτης·
1641 3782 1660 3814 ι
1698 3765 1830 3818 Παι-

1936 3768 2154 3824 consilii
2189 3768 2417 3838 angelus
2451 3771 2492 3820 ⁷.
2526 3785 2546 3818 ν

265 3856 368 3911 δίον
391 3857 498 3928 (44)
529 3857 795 3928 ἐγεννήθη
829 3858 982 3927 ἡμῖν,
1019 3856 1114 3908 καὶ
1150 3856 1263 3918 υίὸς
1316 3854 1470 3928 ἐδόθη
1517 3856 1670 3927 ἡμῖν,
1696 3851 1759 3911 οὗ
1798 3859 1831 3930 ή
1868 3858 2010 3931 ἀρχή
2069 3861 2164 3914 ἐπὶ
2222 3859 2318 3913 τοῦ
2381 3858 2530 3930 ὤμου
2577 3856 2761 3913 αὑτοῦ.
2806 3857 2918 3911 Kal
2960 3855 3202 3910 καλεῖται
3238 3854 3300 3907 τὸ
3341 3852 3510 3926 δνομα

267 3949 420 4005 αὐτοῦ
463 3950 724 4021 Μεγάλης
757 3948 948 4020 βουλῆς
979 3947 1224 4017 ἄγγελος.
1266 3966 1284 3997 ι

333 4105 382 4159 5.
415 4104 632 4159 Τούτων
645 4105 826 4158 τοίνυν
849 4105 1268 4177 πληρωθέντων,
1293 4104 1440 4174 λέγει
1483 4109 1511 4160 6
1555 4105 1724 4177 μέγας
1755 4107 1830 4160 εὐ-

2013 4108 2069 4162 3.
2105 4105 2200 4161 His
2232 4107 2414 4177 itaque
2462 4105 2733 4176 impletis,
2785 4104 2861 4159 ait
2911 4119 3140 4175 magnus
3179 4101 3513 4173 evangelista

273 4198 582 4269 αγγελιστὴς
644 4198 897 4269 Ἰωάννης
949 4201 976 4253 6
1029 4199 1142 4261 υἱὸς
1201 4198 1300 4268 τῆς
1365 4199 1618 4270 βροντῆςο
1675 4218 1692 4250 ι
1748 4200 1830 4252 Ἐν

1941 4198 2182 4255 Joannes
2207 4199 2349 4254 [ilius
2379 4198 2605 4253 tonitrui
2634 4218 2646 4253 :
2678 4217 2696 4249 ι
2728 4197 2787 4252 In
2819 4196 3088 4269 principio
3108 4206 3225 4251 erat
3255 4194 3510 4261 Verbum,

279 4287 400 4360 ἀρχῇ
428 4291 537 4362 (45)
567 4288 637 4364 ἦν
664 4293 693 4344 6
712 4292 904 4358 Λόγος,
932 4293 1024 4345 καὶ
1053 4293 1080 4344 6
1109 4292 1279 4360 Λόγος
1305 4287 1373 4362 ἦν
1401 4292 1533 4364 πρὸς
1562 4293 1651 4346 τὸν
1679 4288 1830 4355 Θεὸν,

1943 4297 1998 4345 et
2025 4289 2261 4346 Verbum
2290 4297 2406 4344 erat
2439 4287 2585 4360 apud
2618 4288 2810 4353 Deum,
2849 4298 2902 4344 et
2931 4285 3071 4342 Deus
3101 4299 3217 4341 erat
3249 4283 3508 4340 Verbum.

307 4381 358 4432 al
385 4381 514 4446 Θεὸς
539 4377 608 4453 ἦν
635 4383 664 4434 6
692 4381 864 4448 Λόγος
899 4379 1036 4452 (46).¹
1049 4377 1215 4444 Οὗτος
1240 4376 1306 4452 ἦν
1338 4384 1394 4436 ἐν
1418 4382 1557 4454 ἀρχῇ
1582 4381 1717 4453 πρὸς
1741 4382 1830 4436 τὸν

1942 4380 2058 4437 Iioc
2081 4389 2200 4438 erat
2229 4382 2284 4436 in
2311 4381 2579 4452 principio
2601 4381 2744 4452 apud
2776 4379 2969 4435 Deum.
2990 4376 3182 4434 Omnia
3212 4392 3309 4448 per
3331 4376 3512 4447 ipsum

338 4541 357 4571 '
390 4537 520 4593 Luc.
555 4554 728 4602 nm,
767 4538 956 4593 40-43.
1034 4537 1056 4570 ⁸
1094 4539 1298 4593 Habac.
1335 4555 1404 4605 ιι,
1436 4540 1528 4595 2i.
1603 4541 1627 4571 ⁴
1663 4539 1766 4595 lsa.
1805 4556 1876 4594 vn
1900 4579 1915 4606 ,
1952 4540 2038 4596 14.
2115 4539 2136 4570 ³
2176 4536 2311 4596 Luc.
2346 4556 2396 4604 I,
2433 4537 2523 4593 28.
2599 4539 2621 4570 ‘
2659 4538 2790 4594 ibid.
2827 4538 2916 4594 '55.
2991 4538 3012 4570 "
3050 4536 3155 4591 Isa.
3192 4551 3282 4601 ix,
3317 4535 3371 4592 6.

342 4694 446 4766 (38)
480 4694 572 4776 §ic_
595 4693 916 4776 Segnerian.
943 4692 998 4774 In
1025 4694 1186 4776 editis
1215 4694 1332 4776 ἐνός
1359 4695 1531 4776 _decs_t.
1556 4695 1830 4776 Qobleria-

1932 4696 2300 4776 ὡμολόγησεν-
2323 4695 2504 4760 αὐτός.
2539 4695 2674 4776 Μρκ⁹
2694 4694 2882 4776 idem,
2906 4693 3274 4776 φθεγξάμενος
3308 4689 3507 4776 τοέξθυν,

282 4763 371 4819 nus
393 4763 443 4819 et
483 4763 630 4818 Fe‘c.
667 4763 874 4831 primus
921 4764 999 4816 sic
1038 4766 1257 4824 habent.
1290 4766 1381 4816 καὶ
1414 4765 1506 4818 τοῦ
1539 4765 1636 4831 μὲν
1665 4783 1832 4818 κατα-

283 4833 638 4905 ρωμένουηοῦ
662 4835 718 4888 δὲ
734 4835 918 4905 ἐτέρου
932 4835 1198 4900 λέγοντος
1222 4833 1833 4905 Τίκαταρ.ὒ1‹›κίἰιίθιιι,

387 4905 659 4977 ἁμαρτίας
687 4903 866 4977 ἡμῶνΖ
891 4905 1005 4957 Mm
1024 4905 1184 4977 (lolii.
1207 4916 1252 4958 ct
1278 4903 1419 4977 Felc.
1445 4903 1494 4965 I.
1515 4916 1567 4959 ul
1593 4907 1643 4958 in
1663 4914 1832 4960 textu.

281 4971 606 5048 Editiiivéro,
669 4971 773 5048 Az‘a'l
819 4971 940 5027 εἷπε
973 4975 1108 5047 πρὸς
1133 4975 1220 5028 τὸν
1259 4975 1482 5047 Κύριον
1531 4977 1837 5048 Μνησθήτω

286 5062 392 5106 nou,
435 5045 631 5106 Ἰησοῦ.
662 5046 811 5098 ὅταν.

263 5117 266 5120 ’
343 5115 444 5186 (39)
480 5114 647 5186 Editi,
686 5117 796 5186 Kal
847 5117 874 5166 6
899 5114 1028 5186 Θεὸς
1062 5117 1090 5168 6
1128 5115 1330 5186 Κύριος
1367 5115 1500 5185 πρὸς
1533 5115 1711 5186 αὐτόν.
1741 5114 1839 5169 Se-

283 5185 432 5256 επεν.
466 5185 576 5239 Kal
625 5185 828 5248 εὐθέως
869 5187 898 5237 6
925 5185 1125 5256 Κύριος
1167 5185 1301 5256 πρὸς
1327 5186 1507 5238 αὐτόν.
1533 5185 1748 5256 GoliIer.
1785 5193 1838 5237 et

281 5253 411 5326 Ifelc.
431 5258 664 5326 primus,
696 5257 804 5308 Kal
827 5257 854 5308 6
888 5253 1112 5326 ῨΊησοῦς
1149 5253 1284 5325 πρὸς
1319 5256 1499 5326 αὐτόν.
1537 5253 1736 5326 Ibidem
1783 5260 1836 5307 in

281 5322 852 5411 goble'r..t)nt_ittltititur
887 5322 1022 5411 haec,
1045 5322 1256 5411 ΙξΑιμῆνι,
1296 5324 1509 5411 ἀμὴν...
1544 5325 1627 5411 τῷ
1666 5343 1840 5411 παρα-

280 5392 446 5466 δείσῳ.
504 5395 640 5451 Ibid.
676 5396 895 5450 Gobler.
939 5406 991 5450 et
1045 5392 1278 5458 Fel'cﬁl,
1320 5392 1365 5447 ὣ
1401 5392 1410 5396 ⁷
1425 5392 1659 5465 μεγάλου
1712 5392 1832 5448 06:6-

284 5479 438 5520 νιατος
451 5468 464 5520 !

346 5483 698 5608 fﬁ)zGObler.
731 5543 788 5590 et
830 5533 974 5592 Felc.
1016 5535 1246 5606 primus,
1275 5533 1414 5605 Περὶ
1443 5533 1630 5588 τούτου
1675 5535 1839 5606 φησὶν

279 5604 729 5754 segnem,
758 5669 1033 5754 Xﬂl_0§‘§0€
1049 5674 1098 5754 _6
1128 5673 1351 5754 λῃστής.
1385 5672 1505 5754 llos
1522 5671 1739 5754 Qobler.
1779 5680 1835 5754 et

281 5737 444 5824 1⁷91οί
450 5746 502 5826 1,
532 5737 830 5832 λῖῃστείαιςς
854 5747 910 5798 ἐν
926 5744 982 5832 δέ
1006 5743 1084 5814 τῷ
1123 5737 1341 5832 σταυρέ
1370 5743 1706 5832 ῶμλοιλόγητο,
1742 5744 1835 5795 xal

283 5811 679 5938 πληροῦταῖείς
703 5816 864 5869 αὑτὸν
903 5815 963 5867 τὸ
1004 5811 1394 5896 προφητευθέν.
1426 5811 1831 5894 Φθεγξᾷμενος.

281 5878 355 5937 Ibi
392 5899 472 5940 em
497 5885 722 5957 Seguer.
744 5885 904 5941 habet
939 5884 1284 5954 ὡμολόγησεν
1311 5883 1490 5940 αὐτόν.
1511 5882 1650 5939 Editi
1684 5897 1830 5949 vero,

1938 4759 2422 4837 καθὼςπροείπον,
2448 4759 2781 4837 κατηξιώθη.
2809 4759 3256 4837 ίυίιῖθιῐιςοοίριίὲκ
3285 4769 3338 4817 et
3361 4759 3508 4814 Felc.

1938 4839 2170 4905 primus.
2189 4834 2300 4891 Kal
2319 4839 2477 4890 πάλιν
2511 4834 2911 4903 Ἡσαΐαςλέγει
2929 4834 3092 4905 ’,Ἰδοὺ
3123 4834 3155 4902 ὴ

2012 4908 2124 4975 (ιῖ)
2153 4909 2308 4975 Gobl.
2359 4915 2414 4961 et
2455 4905 2599 4960 Felc-
2647 4898 3509 4975 1,ἀποστέλλεται-’ἀρχάγγελος

1940 4968 2178 5048 Γαϐριὴλ
2211 4977 2447 5048 σημᾶναι
2469 4980 2534 5046 τῇ
2557 4968 2969 5047 κεχαριτωμένη
2988 4973 3176 5044 Μαρίᾳ
3205 4968 3284 5032 τὸ,
3317 4971 3375 5022 ’0
3397 4968 3510 5022 Κύ-

1943 5064 2057 5100 οιοε
2091 5048 2227 5100 μετὰ
2257 5046 2370 5100 σοῦ.

1981 5064 2057 5109 ιος
2091 5064 2227 5109 μετα
2257 5064 2370 5100 σου.

1943 5065 2057 5118 ριος
2091 5065 2227 5117 μετα
2257 5065 2370 5100 σου.

2013 5118 2126 5184 (45)
2157 5116 2230 5169 Ita
2264 5116 2488 5185 Seguer.
2518 5117 2574 5170 In
2615 5118 2745 5171 edit.
2783 5117 2844 5167 ἐκ
2872 5113 2964 5166 σοῦ
2995 5111 3168 5168 deest.
3205 5108 3348 5173 Mox,
3375 5110 3512 5179 ἀγα-

1941 5187 2105 5254 πητοί
2163 5188 2316 5241 deest
2341 5190 2392 5242 in
2414 5187 2632 5243 Gobler.
2661 5194 2714 5240 et
2739 5185 2880 5238 Fclc.
2911 5185 2958 5254 I.

1945 5248 2127 5379 ,ε’(δίί)
2160 5258 2318 5313 GObl.
2359 5267 2413 5313 et
2458 5257 2604 5313 Felc.
2649 5259 2701 5324 I,
2733 5254 2844 5308 Kal
2887 5252 3048 5306 πάλιν
3081 5248 3339 5312 Ἡσαΐας·
3378 5249 3507 5302 Παι-

1945 5343 1968 5378 ο
1991 5344 2068 5379 ον.

1940 5343 2068 5380 οιον.

2014 5397 2124 5466 (45)
2159 5395 2310 5451 Gobl.
2350 5405 2404 5451 et
2441 5396 2586 5452 Felc.
2626 5397 2676 5458 Ι,
2716 5393 2919 5466 τούτων
2965 5386 3058 5466 οῦν
3098 5388 3508 5462 πληρωθέντων.

1941 5464 2092 5538 λέγει
2119 5470 2277 5538 όγτῆς
2305 5466 2531 5537 βροντῆς
2553 5467 2719 5538 υἱόςί-
2742 5465 2828 5538 Ἑν
2855 5464 3020 5538 άρχῇἐ

2015 5523 2126 5609 ξάϐ)
2160 5523 2402 5616 Ita.
2420 5523 2586 5616 recte.
2628 5523 3243 5616 ξάὶξίγεςὸξϊδιζνρρχῇ
3269 5523 3338 5616 ἦν
3363 5528 3488 5616 6A6

1943 5587 2064 5674 γοξ,
2079 5587 2474 5676 inﬂa?
2488 5587 2694 5659 -Είίοῦν
2726 5603 2790 5656 δι’
2821 5587 3019 5676 αὑτοῦ,
3051 5587 3423 5676 Μοῖὃυῂιοιτ
3461 5609 3506 5652 et

1943 5666 2289 5734 F‘elckmanni
2325 5666 2554 5748 primus,
2581 5671 2967 5748 τῶζγενητῶν.
2983 5671 3224 5748 ΔΦανερὸν
3244 5666 3350 5748 *οὖν
3375 5673 3506 5748 ἐστι.

1939 5750 2022 5820 ὅτι
2061 5751 2118 5802 ἐν
2150 5748 2227 5820 τῷ
2249 5743 2424 5820 Πατρὶ
2448 5743 2514 5820 ᾖν
2538 5747 2645 5820 ἀεί.
2665 5743 2912 5820 ⁸Τάλανες
2950 5744 3356 5820 ’ῥρειομανῖται
3391 5743 3496 5798 ’1ου

1940 5819 2098 5884 δαῖοι,
2127 5821 2174 5873 οἱ
2199 5813 2284 5892 ’μὴ
2314 5813 2432 5890 ὀρθ.
2458 5813 2577 5873 Mox
2609 5816 2793 5879 iidem,
2818 5813 3170 5887 ἐρευνῶντες.
