4066 6388
535 363 641 425 507

1637 375 1694 431 S.
1737 373 2202 430 ATHANASIUS.
2241 405 2311 417 —
2353 375 2627 433 SPURIA.

3689 376 3796 433 508

537 493 682 549 facta
705 501 854 562 sunt,
883 502 938 549 et
971 495 1092 550 sine
1133 495 1254 568 ipso
1289 494 1490 551 factum
1525 503 1610 552 est
1633 496 1771 551 nihil
1797 497 1838 550 '.
1873 517 1892 550 ι
1934 495 1992 552 Si
2019 512 2114 567 per

2215 495 2365 552 Θεόν.
2400 498 2586 553 Πάντα
2611 498 2662 552 δι
2678 499 2691 517 ⁸
2720 497 2884 552 αὐτοῦ
2909 497 3142 567 ἐγένετο,
3174 497 3266 552 καὶ
3293 495 3462 571 χωρὶς
3493 496 3665 553 αὐτοῦ
3684 498 3800 567 ἐγε-

537 583 716 656 ipsum
759 587 945 641 omnia
996 587 1141 642 facta
1189 596 1362 642 sunt:
1397 603 1529 660 ergo
1559 589 1676 660 ipse
1705 598 1792 646 est
1831 599 1988 647 extra
2032 607 2120 648 res

537 692 661 748 qua:
704 677 860 734 facta:
904 686 1054 746 sunt,
1105 679 1571 752 manifestumque
1597 691 1704 747 est,
1737 683 1916 755 ipsum
1940 685 1994 740 in
2017 684 2121 740 Pa-

536 779 618 824 tre
656 785 874 840 semper
904 769 1098 826 fuisse.
1145 770 1331 828 Miseri
1369 771 1542 829 Judai
1579 775 1707 830 novi
1740 777 2116 844 Ariomanitzc,

535 863 626 934 qui
653 879 830 933 neque
861 872 1007 920 recte
1030 865 1237 936 legunt,
1270 883 1448 938 neque
1476 876 1735 924 accurate
1765 877 2120 939 perscrutan-

535 964 648 1018 tur,
706 957 851 1027 quod
905 965 1162 1016 caecatos.
1191 959 1430 1014 habeant
1479 961 1678 1017 mentis
1727 961 1916 1018 oculos
1944 1005 1960 1029 ,
2014 962 2118 1017 rati

535 1048 781 1104 omnium
829 1059 1138 1109 creatorem
1181 1061 1237 1109 et
1284 1054 1558 1124 opiﬁcem,
1607 1071 1733 1112 esse
1781 1063 2114 1112 creaturam.

534 1141 733 1196 Audite
782 1141 918 1197 illud
952 1146 1134 1216 magni
1172 1146 1524 1218 evangelista:
1558 1163 1572 1199 :
1622 1164 1641 1198 ι
1689 1145 1748 1201 In
1778 1147 2066 1218 principio.
2093 1165 2112 1199 ι

534 1231 580 1288 0
609 1232 817 1290 Christi
851 1236 1074 1293 inimice
1103 1238 1326 1304 Ariane,
1360 1239 1408 1294 si
1450 1237 1681 1294 dixisset
1711 1255 1726 1292 :
1759 1237 1817 1294 ln
1849 1239 2118 1312 principio

537 1326 740 1382 factum
775 1337 886 1392 est,
925 1345 1051 1386 cum
1082 1331 1308 1386 obtentu
1340 1331 1580 1403 quodam
1623 1332 1836 1389 diceres
1873 1352 1888 1388 :
1938 1333 2118 1388 Evan-

537 1423 732 1492 gelista
761 1422 921 1489 dixit,
974 1423 1033 1478 ln
1058 1424 1329 1494 principio
1355 1425 1556 1481 factum
1584 1434 1688 1482 est.
1717 1425 1787 1480 At
1808 1441 1932 1480 cum
1962 1425 2117 1480 dixe-

535 1514 607 1566 rit
647 1532 662 1568 :
712 1531 732 1564 ι
793 1511 853 1568 In
905 1514 1176 1585 principio
1223 1525 1364 1582 erat,
1423 1536 1441 1569 ι
1479 1533 1661 1588 quaere
1701 1517 2012 1588 diligenter,
2061 1521 2115 1571 et

535 1605 912 1676 deprehendes
964 1608 1251 1664 veritatem
1283 1627 1298 1664 :
1335 1608 1463 1664 hinc
1493 1611 1777 1666 sciscitare
1814 1625 1880 1666 ex
1917 1625 2114 1681 magno

533 1697 870 1768 evangelista
920 1697 1008 1754 his
1041 1699 1265 1755 verbis:
1316 1698 1360 1755 Ο
1409 1701 1763 1771 evangelista,
1821 1699 1912 1756 dic
1952 1699 2113 1756 nobis

535 1790 682 1860 quod
712 1807 850 1862 opus
897 1793 1153 1864 principii
1201 1803 1256 1850 et
1303 1793 1418 1850 veri
1451 1793 1545 1849 Dei
1597 1793 1760 1850 Verbi
1793 1811 1806 1846 :
1841 1795 2110 1866 siquidem

537 1881 742 1938 Christi
799 1862 1099 1940 adversarii
1146 1887 1368 1951 Ariani,
1415 1887 1755 1943 arbitrantur
1793 1862 2108 1944 Creatorem
2142 1862 2184 1918 ³

537 1976 782 2028 omnium
826 1992 950 2032 esse
981 1985 1326 2045 creaturam;
1362 1983 1545 2035 statim
1597 1982 1948 2052 respondebit
1989 1997 2108 2036 ma-

536 2081 680 2134 gnus
706 2067 794 2122 ille
821 2069 1154 2140 evangelista
1186 2086 1200 2122 :
1231 2070 1370 2142 Lege
1395 2073 1600 2127 conditi
1625 2074 1812 2128 mundi
1843 2074 2109 2145 originem

540 2157 596 2214 in
642 2156 861 2224 Genesi,
919 2176 1041 2231 qua:
1085 2163 1168 2217 sic
1217 2163 1380 2218 habet
1438 2183 1452 2220 :
1504 2183 1524 2216 ι
1569 2163 1628 2220 In
1663 2167 1933 2238 principio
1983 2165 2113 2223 fecit

537 2248 682 2308 Deus
706 2252 904 2307 coelum
950 2263 1004 2310 et
1031 2261 1235 2310 terram
1262 2255 1305 2311 ’.
1337 2274 1356 2308 ι
1388 2255 1506 2311 Sint
1534 2257 1718 2328 itaque
1748 2274 1812 2314 ea
1843 2275 1966 2329 qua:
2001 2275 2110 2315 non

535 2349 687 2406 sunt,
717 2350 776 2396 ut
807 2343 918 2397 sint
945 2357 1145 2414 eaquae
1167 2343 1349 2400 futura
1379 2353 1527 2401 sunt.
1560 2345 1691 2400 Erat
1714 2345 1858 2402 Deus
1873 2346 2111 2404 Verbum

535 2431 680 2504 apud
707 2432 948 2499 Patrem,
983 2449 1080 2504 per
1107 2450 1268 2505 quem
1299 2436 1484 2491 omnia
1519 2435 1664 2495 facta
1694 2445 1846 2493 sunt.
1877 2436 2113 2496 Pulchre

537 2525 703 2596 igitur
724 2526 1060 2598 evangelista
1089 2527 1168 2581 ait
1203 2545 1218 2583 :
1253 2545 1272 2580 ι
1311 2525 1368 2582 1η
1393 2529 1668 2600 principio
1701 2537 1820 2586 erat
1849 2529 2109 2597 Verbum,

533 2627 590 2673 et
618 2615 856 2672 Verbum
893 2626 1010 2673 erat
1038 2619 1178 2691 apud
1212 2619 1405 2685 Deum,
1430 2630 1483 2677 et
1502 2621 1645 2679 Deus
1671 2633 1788 2679 erat
1814 2623 2105 2682 Verbum.»

535 2711 676 2768 Ecce
704 2713 889 2779 tertio,
922 2731 942 2764 ι
978 2721 1118 2778 erat,
1161 2732 1180 2767 ι
1227 2731 1520 2786 nusquam,
1553 2735 1572 2768 ι
1614 2733 1723 2772 non
1765 2728 1903 2772 erat.
1939 2737 1957 2770 ι
1994 2717 2110 2774 Ma-

535 2818 678 2872 gnus
703 2817 867 2873 porro
915 2803 1280 2876 archangelus
1297 2805 1537 2872 Gabriel,
1570 2823 1694 2863 cum
1738 2808 1806 2862 ad
1841 2807 2110 2864 immacu-

536 2897 702 2951 latam
741 2904 796 2952 et
836 2898 1099 2953 intactam
1125 2897 1412 2969 Deiparam
1455 2900 1630 2955 dixit:
1661 2919 1680 2954 ι
1718 2899 1957 2973 Spiritus
1985 2918 2112 2958 san—-

533 2999 658 3044 ctus
701 2991 1051 3061 superveniet
1083 2991 1140 3046 in
1187 2997 1261 3058 te,
1305 3002 1359 3048 et
1404 2993 1577 3048 virtus
1612 2994 1878 3051 Altissimi
1911 2995 2107 3050 obum-

536 3081 719 3136 Lrabit
753 3082 883 3148 tibi;
920 3101 939 3134 ι
973 3097 1083 3138 non
1116 3082 1293 3138 dixit:
1333 3083 1568 3156 Spiritus
1585 3094 1810 3142 sanctus
1834 3087 1923 3144 ﬂet
1945 3089 2002 3142 in
2031 3097 2106 3154 te,

537 3181 632 3228 aut
657 3175 829 3230 virtus
875 3172 1142 3230 eﬂicietur
1184 3175 1240 3230 in
1281 3183 1368 3243 te;
1398 3177 1492 3233 sed
1535 3195 1554 3228 ι
1594 3176 1834 3248 Spiritus
1884 3187 2108 3235 sanctus

538 3265 884 3335 superveniet
934 3266 989 3321 in
1038 3275 1114 3332 te,
1160 3277 1214 3324 et
1245 3241 1418 3324 virtus
1465 3241 1730 3325 Altissimi
1761 3241 2182 3326 obumbrahitc

539 3357 660 3424 tibi.
699 3375 719 3410 ο
755 3356 868 3414 Hoc
903 3359 1096 3416 beatus
1129 3360 1422 3431 Apostolus
1453 3361 1540 3418 his
1567 3363 1748 3419 verbis
1797 3362 2061 3418 indicavit
2091 3378 2108 3419 :

543 3467 564 3503 ι
594 3447 851 3507 Christus
882 3449 975 3508 Dei
1006 3453 1206 3520 virtus,
1229 3461 1284 3509 et
1315 3452 1408 3509 Dei
1439 3453 1706 3525 sapientia
1739 3455 1808 3512 '°.
1843 3473 1863 3508 ι
1901 3453 2008 3511 Sed
2043 3454 2112 3510 ad

539 3540 654 3598 haec
684 3542 828 3597 dicet
881 3543 1252 3600 Ariomanita:
1291 3543 1478 3612 Quare
1509 3546 1674 3617 igitur
1722 3543 2112 3603 Parmmiastes

538 3633 653 3690 ait:
696 3652 715 3686 ι
746 3633 1011 3691 Dominus
1033 3635 1240 3691 creavit
1271 3652 1357 3692 me
1391 3637 1603 3692 initium
1637 3637 1850 3692 viarum
1885 3653 2109 3694 suarum

536 3726 591 3780 iu
635 3739 803 3797 opera
851 3742 948 3782 sua
993 3729 1082 3782 “‘1
1128 3747 1147 3781 ι
1185 3727 1229 3783 Ο
1274 3730 1624 3801 impiissime!
1674 3745 1858 3785 annon
1911 3729 2112 3786 audisti

535 3814 790 3884 angelum
822 3814 1032 3888 Virgini
1061 3817 1334 3874 dicentem
1369 3837 1384 3873 :
1418 3837 1438 3872 ι
1475 3819 1629 3886 Quod
1660 3821 1910 3876 nascitur
1936 3836 2003 3877 ex
2033 3828 2110 3886 te,

538 3905 800 3962 Sanctum
828 3911 1152 3965 vocabitur?
1178 3932 1197 3964 ι
1228 3909 1393 3966 Vides
1414 3912 1559 3982 quod
1588 3913 1656 3968 de
1685 3913 1904 3984 negotio
1926 3914 2110 3968 incar-

535 3999 776 4056 nationis
800 4002 962 4057 verba
997 4003 1180 4059 faciat.
1208 4003 1345 4059 Cum
1371 4015 1549 4060 autem
1583 4006 1942 4061 inveteratum
1967 4011 2113 4061 esset

535 4108 633 4147 sex
661 4091 874 4149 dierum
917 4109 1080 4164 opus,
1128 4095 1185 4149 in
1220 4095 1670 4166 praevaricatione
1711 4098 1882 4168 patris
1922 4111 2113 4168 prosa-

535 4183 640 4254 piae
677 4194 879 4240 nostra:
911 4185 1127 4248 Adami.
1174 4185 1229 4242 in
1269 4195 1611 4260 mortemque
1642 4189 1924 4261 delapsum
1963 4196 2113 4246 esset

535 4283 785 4332 nostrum
819 4294 1014 4348 genus,
1063 4279 1272 4350 placuit
1331 4278 1442 4336 Deo
1475 4282 1542 4338 ad
1573 4299 1675 4339 nos
1718 4284 1938 4340 mittere
1982 4299 2114 4356 pro—

415 4363 418 4365 ’
536 4369 716 4438 prium
749 4368 945 4425 Filium
983 4370 1153 4427 Deum
1202 4370 1444 4430 Verbum
1489 4383 1653 4447 atque
1683 4392 1990 4441 assumere,
2029 4378 2110 4431 uti

536 4475 703 4533 supra
728 4461 866 4528 dixi,
898 4478 966 4520 ex
1014 4465 1220 4522 intacta
1253 4463 1480 4538 Virgine
1529 4469 1812 4540 templum,
1853 4468 1958 4525 hoc
2001 4477 2108 4536 εει,

2223 609 2344 645 νετο
2375 591 2496 646 οὐδὲ
2521 592 2598 647 ἓν.
2644 612 2661 643 ι
2688 592 2749 646 Et
2781 592 2847 645 δι’
2869 590 3036 646 αὐτοῦ
3069 591 3246 646 πάντα
3277 592 3523 661 γέγονεν,
3551 592 3662 664 ἄρα
3704 593 3798 646 ὲκ-

2219 684 2312 749 τός
2339 686 2454 738 ἐστι
2473 683 2581 738 τῶν
2605 683 2868 755 γενητῶν,
2899 684 2993 738 καὶ
3020 685 3250 756 φανερόν
3286 686 3454 749 ἐστιν,
3487 685 3570 738 ὅτι
3615 686 3673 738 ὲν
3719 682 3796 755 τῷ

2221 778 2395 850 Πατρῖ
2412 774 2481 850 ἦν
2509 777 2759 832 πάντοτε.
2780 776 3021 840 Τάλανες
3043 777 3094 829 οἱ
3127 776 3366 832 Ἰουδαῖοι
3382 777 3491 831 νέοι
3517 778 3567 830 οἱ
3600 777 3798 848 Ἀρειο-

2225 873 2462 942 μανίται,
2523 873 2571 924 ot
2627 871 2700 942 μὴ
2743 870 2917 944 ὀρθῶς
2972 870 3312 940 ἀναγνόντες,
3371 870 3495 944 μηδ’
3552 871 3793 943 ἀκριϐῶς

2221 965 2614 1037 ἐρευνήσαντες
2641 965 2874 1034 τυφλοὺς
2908 958 3121 1036 ἔχοντές
3151 966 3277 1030 τοὺς
3309 964 3409 1035 τῆς
3430 965 3666 1028 διανοίας
3695 965 3795 1034 όφ-

2220 1057 2491 1128 θαλμούς,
2537 1056 2846 1128 νομίζοντες
2895 1056 2986 1110 τὸν
3045 1056 3264 1128 κτίστην
3316 1059 3409 1111 καὶ
3468 1056 3793 1129 δημιουργὸν

2217 1148 2326 1201 τῶν
2342 1147 2479 1201 ὅλων
2510 1145 2716 1216 κτίσμα
2734 1141 2891 1198 εἶναι.
2935 1145 3225 1198 ’Λκούσατε
3275 1143 3369 1197 τοῦ
3404 1143 3516 1215 (47)
3553 1142 3791 1214 μεγάλου

2219 1238 2606 1308 εὐαγγελιστοῦ
2634 1239 2745 1303 τὸ,‹
2772 1238 2858 1292 Ἑν
2875 1239 3038 1309 ἀρχῇ.
3066 1256 3082 1288 ι
3099 1232 3167 1288 *Ω
3182 1234 3511 1308 χριστομάχε
3527 1234 3580 1286 Ἀ
3593 1231 3791 1305 ρειανὲ,

2217 1336 2264 1387 εί
2291 1329 2356 1404 ἦν
2380 1331 2571 1395 εἰπὼν,
2601 1332 2681 1384 ὅτι
2725 1332 2812 1384 Ἐν
2845 1331 2988 1401 ἀρχῇ
3021 1328 3260 1398 γέγονεν,
3297 1323 3439 1397 εἶχες
3483 1325 3548 1380 ἂν
3597 1325 3792 1396 χρῶμα

2215 1425 2415 1494 λέγειν,
2443 1425 2526 1478 ὅτι
2564 1423 2696 1478 Ἰδοὺ
2746 1425 2776 1476 6
2825 1419 3217 1492 εὐαγγελιστὴς
3265 1415 3418 1472 εἶπεν
3443 1435 3457 1449 ·
3507 1419 3595 1471 Ἐν
3648 1418 3790 1488 ἀρχῇ

2215 1521 2458 1587 γέγονεν.
2497 1518 2560 1572 Et
2589 1517 2646 1570 δὲ
2672 1511 2856 1570 εἵπενο
2899 1535 2917 1568 ι
2960 1515 3048 1568 Ἐν
3077 1515 3216 1586 ἀρχῇ
3252 1511 3363 1583 (48)
3390 1507 3479 1583 ἦν,
3517 1531 3536 1565 ι
3559 1513 3791 1584 ζήτησον

2213 1609 2477 1682 ἀκριϐῶς,
2512 1610 2607 1664 καὶ
2662 1609 2919 1680 εὑρήσεις
2967 1605 3067 1678 τὴν
3130 1605 3417 1677 ἀλήθειανο
3471 1603 3659 1658 ἔπειτα
3705 1607 3795 1660 ὲπ-

2213 1717 2239 1754 ε
2247 1699 2490 1772 ρώτησον
2507 1700 2598 1754 τὸν
2629 1699 2802 1771 μέγαν
2825 1698 3217 1770 εὐαγγελιστὴν
3236 1697 3409 1768 λέγων
3427 1697 3562 1770 πρὸς
3589 1698 3753 1752 αὐτόν
3774 1714 3787 1728 ·

2175 1794 2180 1798 ’
2211 1789 2282 1845 Ὦ
2303 1791 2684 1861 εὐαγγελιστὰ,
2707 1793 2828 1846 εἰπὲ
2858 1793 2989 1862 ἡμῖν
3014 1791 3113 1863 τὴν
3143 1789 3522 1862 πραγματείαν
3554 1793 3655 1862 τῆς
3693 1791 3791 1862 ἀρ-

2213 1883 2334 1954 χῆς,
2371 1883 2465 1936 καὶ
2487 1881 2580 1936 τοῦ
2601 1882 2753 1946 ὸντος
2779 1881 2914 1936 Θεοῦ
2945 1881 3120 1950 Λόγου
3151 1879 3282 1951 (49)⁹
3323 1881 3406 1934 ὅτι
3436 1879 3790 1952 χριστομάχοι

2227 1975 2494 2048 Ἀρειανο)⁵
2526 1973 2806 2046 νομίζουσι
2844 1973 3051 2045 κτίσμα
3090 1969 3230 2026 εἶναι
3270 1971 3361 2024 τὸν
3407 1973 3654 2052 κτίστην.
3681 1971 3790 2026 τῶν

2212 2067 2350 2122 ὅλων
2367 2085 2380 2100 ο
2407 2066 2608 2132 εὐθέως
2633 2067 2776 2132 λέξει
2803 2083 2883 2120 σοι
2906 2068 2935 2120 6
2967 2065 3140 2136 μέγας
3173 2065 3564 2137 εὐαγγελιστής
3583 2082 3597 2096 ο
3637 2064 3792 2120 ’Λνά-

2213 2160 2383 2231 γνωθι
2421 2160 2521 2231 τῆς
2549 2159 2906 2230 κοσμοποιίας
2949 2158 3049 2228 τὴν
3101 2158 3140 2210 Γ
3143 2157 3340 2222 ένεσιν,
3411 2157 3553 2211 οὕτω
3605 2156 3819 2231 λέγουέ

2215 2271 2341 2307 σαν·
2379 2271 2397 2305 ι
2445 2253 2535 2308 Ἐν
2567 2252 2708 2324 ἀρχῇ
2752 2251 3006 2322 εποίησεν
3035 2252 3064 2304 6
3111 2248 3246 2313 Θεὸς
3290 2249 3381 2302 τὸν
3421 2248 3648 2321 οὐρανὸν
3699 2249 3793 2303 καὶ

2211 2342 2312 2414 τὴν
2339 2342 2464 2412 γῆν.
2493 2361 2512 2395 ι
2544 2343 2726 2395 Ἔστω
2752 2342 2930 2396 τοίνυν
2957 2342 3025 2396 τὰ
3049 2340 3122 2413 μὴ
3137 2341 3264 2395 ὄντα
3294 2343 3374 2406 είς
3399 2341 3460 2395 τὸ
3500 2337 3640 2396 εἶναι
3665 2382 3680 2405 ,
3713 2343 3792 2406 είς

2211 2435 2282 2489 τά
2300 2435 2559 2506 μέλλοντα
2571 2435 2808 2490 ἔσεσθαι.
2830 2430 2975 2490 Ἦνό
3002 2434 3135 2498 Θεὸς
3158 2435 3328 2503 Λόγος
3358 2435 3494 2506 πρὸς
3507 2435 3598 2487 τὸν
3622 2434 3790 2489 Πατέ-

2217 2545 2306 2598 ρα,
2337 2527 2403 2582 δι’
2427 2520 2488 2581 οὗ
2517 2527 2586 2581 τά
2610 2526 2787 2582 πάντα
2809 2527 3058 2597 γέγονεν.
3097 2525 3308 2581 Οὐκοῦν
3332 2526 3512 2590 καλῶς
3559 2529 3588 2580 6
3631 2526 3793 2595 εὐαγ-

2215 2621 2468 2692 γελιστὴς
2501 2619 2649 2690 λέγει
2697 2620 2830 2690 (50)ο
2875 2639 2892 2672 ι
2931 2621 3018 2673 Ἐν
3052 2619 3194 2691 ἀρχῇ
3231 2615 3300 2690 ἦν
3344 2621 3373 2672 6
3407 2619 3602 2688 Λόγος,
3637 2618 3733 2673 καὶ
3763 2617 3792 2670 6

2212 2713 2384 2781 Λόγος
2412 2708 2480 2784 ἦν
2519 2712 2656 2785 πρὸς
2705 2712 2799 2765 τὸν
2836 2711 2991 2774 Θεὸν,
3033 2711 3128 2765 καὶ
3172 2711 3304 2776 Θεὸς
3354 2707 3423 2784 ἦν
3465 2712 3494 2764 6
3533 2711 3726 2780 Λόγος.
3767 2730 3785 2763 ι

2225 2806 2357 2860 Ἰδοὺ
2383 2806 2586 2878 τριχῶς
2615 2806 2676 2860 τὸ
2717 2823 2736 2858 ι
2768 2802 2836 2878 ἦν
2869 2805 3038 2876 (51),›
3074 2804 3311 2876 οὐδαμοῦ
3349 2804 3432 2868 τὸ,
3471 2824 3490 2856 ι
3523 2805 3623 2857 οὐκ
3645 2799 3734 2875 ἦν.
3768 2823 3786 2857 ι

2212 2899 2324 2953 Καὶ
2379 2900 2408 2953 6
2465 2899 2638 2972 μέγας
2670 2900 3009 2972 ἀρχάγγελος
3062 2897 3324 2970 Γαϐριὴλ,
3365 2898 3452 2951 ὅτε
3507 2897 3644 2970 πρὸς
3693 2897 3793 2969 τὴν

2211 2991 2476 3064 ἄχραντον
2501 2992 2594 3046 καὶ
2620 2992 2990 3064 άπειρόγαμον
3005 2990 3264 3045 Θεοτόκον
3291 2990 3443 3058 ἔλεγε
3465 3005 3479 3020 ·
3520 3009 3538 3040 ι
3567 2988 3792 3060 Πνεῦμα

2211 3085 2363 3154 ἅγιον
2393 3083 2741 3139 ἐπελεύσεται
2772 3084 2864 3137 ἐπὶ
2886 3083 2968 3150 σὲ,
3009 3083 3103 3137 καὶ
3137 3081 3364 3153 δύναμις
3392 3079 3650 3151 Ὑψίστου
3675 3082 3794 3135 ἑπι-

2216 3178 2429 3233 σκιάσει
2458 3195 2561 3243 σοι,
2597 3196 2616 3230 ι
2649 3177 2749 3231 οὐκ
2774 3172 2924 3230 εἶπεν
2962 3177 3097 3248 (52),
3118 3178 3200 3230 ὅτι
3233 3174 3459 3247 Πνεῦμα
3488 3175 3580 3227 ἐπὶ
3615 3174 3676 3227 σὲ
3701 3191 3794 3243 γε-

2214 3271 2459 3342 νήσεται,
2478 3270 2512 3341 ἢ
2532 3269 2760 3340 δύναμις
2790 3269 3254 3340 ποιηθήσεταιὲπὶ
3279 3267 3358 3330 σὲ,
3390 3266 3550 3330 ἀλλὰ,
3575 3287 3593 3317 ‹
3623 3265 3792 3320 Πνεῦ-

2220 3381 2297 3435 μα
2330 3365 2484 3432 ἅγιον
2510 3360 2859 3416 ἐπελεύσεται
2899 3361 2993 3414 ἐπὶ
3028 3362 3110 3424 σὲ,
3145 3362 3241 3414 καὶ
3267 3359 3497 3431 δύναμις
3535 3359 3793 3429 Ὑψίστου

2216 3455 2524 3510 ἐπισκιάσει
2563 3471 2666 3509 σοι.
2705 3473 2723 3506 ι
2757 3452 2928 3507 Τοῦτο
2962 3453 3058 3507 καὶ
3099 3455 3128 3506 6
3177 3451 3445 3524 μακάριος
3473 3449 3795 3514 ’Λπόστολος

2216 3546 2452 3618 ἐδήλωσε
2481 3545 2681 3615 λέγων·
2722 3561 2742 3597 ι
2773 3545 3006 3618 Χριστὸς
3037 3542 3174 3598 Θεοῦ
3211 3543 3461 3613 δύναμις,
3513 3543 3609 3596 καὶ
3657 3539 3792 3596 Θεοῦ

2217 3638 2396 3708 σοφία.
2449 3656 2468 3690 ι
2521 3637 2662 3691 Ἀλλ’
2714 3639 2830 3709 ὲρεῖ
2881 3635 3020 3709 πρὸς
3069 3635 3238 3689 ταῦτα
3288 3636 3316 3688 6
3360 3633 3792 3706 ’Λρειομανίτης,

2214 3733 2297 3787 ὅτι
2327 3731 2452 3797 Πῶς
2483 3732 2630 3800 λέγει
2687 3732 2716 3784 6
2763 3728 3179 3802 Παροιμιαστὴς
3217 3725 3360 3795 (55),
3398 3727 3477 3779 ὅτι
3512 3743 3531 3776 ι
3589 3726 3793 3798 Κύριος

2215 3825 2396 3881 έκτισέ
2431 3841 2498 3896 με
2553 3822 2727 3895 ἀρχὴν
2773 3821 2907 3875 ὁδῶν
2956 3818 3122 3874 αὐτοῦ
3156 3821 3236 3883 είς
3281 3817 3416 3890 ἔργα
3456 3817 3644 3873 αὐτοῦ.
3677 3837 3697 3870 ι
3722 3812 3794 3871 Ὦ

2213 3917 2560 3984 ἀσεϐέστατε,
2595 3917 2695 3969 οὐκ
2737 3914 2978 3986 ἤκουσας
3026 3911 3121 3966 τοῦ
3175 3911 3512 3984 ἀρχαγγέλου
3543 3911 3656 3983 (55)
3702 3909 3793 3964 λέ-

2214 4027 2401 4080 γοντος
2432 4011 2499 4080 τῇ
2539 4005 2834 4080 Παρθένῳ·
2866 4023 2885 4058 ι
2921 4005 2994 4058 Τὸ
3009 4003 3342 4075 γεννώμενον
3375 4004 3438 4056 ὲκ
3468 4001 3562 4056 σοῦ
3603 4002 3792 4072 ’Λγιον

2218 4101 2552 4174 κληθήσεται
2581 4116 2595 4166 ;
2635 4119 2653 4151 ι
2676 4097 2865 4170 Ὁρᾷς,
2900 4097 2982 4152 ὅτι
3007 4097 3254 4169 περὶτῆς
3283 4093 3663 4168 πραγματείας
3694 4095 3792 4164 τῆς

2214 4193 2678 4265 ὲνανθρωπήσεως
2715 4190 2922 4260 ἔλεγεν.
2971 4187 3190 4260 Ἐπειδὴ
3231 4187 3287 4242 δὲ
3333 4186 3711 4241 πεπαλαίωται
3757 4187 3791 4258 ἠ

2215 4284 2518 4356 ἑξαήμερος
2550 4283 2584 4353 ἡ
2622 4279 2926 4344 παλαίωσις
2969 4279 3028 4332 ἐν
3065 4281 3130 4352 τῇ
3183 4276 3493 4350 παραϐάσει
3537 4277 3651 4346 (55)
3698 4276 3790 4330 τοῦ

2215 4375 2423 4448 πατρὸς
2448 4374 2541 4428 τοῦ
2567 4375 2758 4444 γένους
2783 4371 2940 4444 ἡμῶν
2979 4369 3172 4440 Ἀδὰμ,
3194 4368 3289 4423 καὶ
3319 4369 3400 4432 είς
3427 4367 3657 4422 θάνατον
3695 4383 3793 4420 κα-

2217 4466 2569 4522 ταπεπτώκει
2595 4464 2656 4520 τὸ
2701 4464 2858 4535 γένος
2890 4461 3050 4535 ἡμῶν
3088 4460 3223 4532 (56),
3253 4459 3546 4532 εὐδόκησεν
3583 4461 3613 4513 6
3662 4459 3795 4522 Θεὸς

608 4626 632 4658 ⁸
660 4624 822 4682 Joan.
863 4641 914 4694 ι,
950 4627 1066 4685 1-5.
1139 4629 1161 4662 ⁹
1201 4628 1462 4696 Genesi,
1502 4631 1552 4688 l.
1634 4629 1735 4714 “l
1768 4631 1898 4687 Cor.
1938 4648 1989 4698 ι,
2023 4632 2096 4688 26

2221 4635 2235 4664 ¹
2281 4631 2444 4688 Prov.
2482 4649 2604 4697 vm,
2639 4630 2730 4686 22.

605 4784 971 4861 (67)_Seg_uer.
1033 4786 1366 4861 ἀκούσαντες
1412 4787 1539 4861 Δσιτοῦ,
1568 4790 1708 4861 fle.
1778 4785 2000 4861 Qobler.
2033 4794 2111 4861 Aet

2285 4790 2400 4860 (52)
2435 4789 2508 4861 lt_a
2542 4789 2768 4861 Seguer.
2817 4785 2874 4840 In
2923 4786 3085 4842 editis
3114 4783 3452 4861 vero,_h:ec,
3480 4781 3583 4861 οὐκ
3619 4775 3800 4861 εἶπεν,

531 4851 1077 4929 ῖειεζίρῇκούσατε
1096 4858 1191 4929 τοῦ
1206 4851 1617 4929 εὐαγγελιστοῦ.
1649 4857 1712 4910 Ei
1750 4851 1845 4929 οὖν
1870 4857 1997 4929 ἔφη,
2027 4859 2109 4912 ὅτι

545 4931 632 5019 ξεν
656 4928 812 5019 ,ἀθλῇ
845 4923 1690 5019 1‘?sziixsaiizetzéai
1719 4923 2110 5019 famame

532 4947 632 5052 E‘uv
669 4947 812 5052 αρέῃ
859 4947 1102 4997 γεγονεν,
1137 4947 1281 4998 ειχες
1319 4947 1495 4995 Αογον,
1535 4947 1678 5012 οτικρ
1719 4947 2107 5019 ευαγγελιστης

561 5018 634 5071 φη
655 5015 668 5028 ·
713 5069 721 5071 _
775 5017 804 5053 ν
834 5001 976 5071 ἀρχῇ
1003 4999 1247 5070 γέγονεν.
1279 4999 1344 5052 Ei
1377 4998 1433 5052 δὲ
1454 4997 1579 5069 ἔφη,
1611 5013 1694 5052 οτι
1741 4997 1815 5051 Εν
1837 4998 1978 5070 ἀρχῇ
1997 4999 2107 5068 (γε-

530 5087 654 5128 γονε
663 5109 677 5128 ο
707 5087 839 5128 ςητη
848 5087 958 5127 σον.

1013 5148 1070 5197 ε.

603 5157 716 5213 (ιδ)
745 5157 964 5196 uonler.
1013 5157 1070 5197 et
1115 5157 1261 5196 relc.
1315 5157 1367 5206 ι,
1398 5157 1670 5263 agamnam
1713 5157 1805 5192 τον
1829 5157 2108 5209 ευαγγελι-

533 5213 685 5284 στῆν,
717 5212 811 5266 καὶ
835 5210 990 5284 λέξει
1017 5227 1138 5284 σοιζ
1172 5211 1426 5284 Α’Λνάγνω
1466 5229 1482 5263 ι
1497 5210 1990 5284 τηςκοσμοποιίας
2007 5210 2111 5280 τὴν

532 5284 570 5335 Γ
575 5279 770 5346 ένεσιν,
788 5283 883 5337 καὶ
907 5281 1109 5346 εὐθέως
1125 5280 1267 5347 λέξει
1287 5279 1422 5351 πρὸς
1453 5280 1512 5335 σέ
1528 5298 1541 5312 ο
1562 5279 1658 5333 Ἔν
1678 5281 1820 5351 ἀρχῇ
1838 5279 2112 5351 εποίησεν.

605 5353 718 5425 (69)
748 5356 826 5425 lta
872 5351 1094 5425 Segnet
1116 5351 1292 5425 _Basil_.
1319 5349 1469 5425 ξ)άίιί
1501 5349 1776 5425 νενοηκαὶ
1795 5349 1905 5425 τὸν
1944 5350 2115 5413 ὅντως

532 5419 885 5495 ΘεοῦκΛόγον.
933 5419 1081 5495 fnfrg
1110 5423 1234 5495 Seg.
1270 5422 1418 5490 λέξει
1453 5421 1589 5495 πρὸς
1624 5419 1969 5495 ’σεο-μέγας,
2003 5427 2109 5474 etc.

603 5493 714 5566 (59)
747 5485 908 5566 Gobl.
953 5501 1008 5551 et
1040 5485 1213 5550 Felc.‘
1235 5485 1468 5566 primus,
1501 5485 1570 5546 δι’
1596 5485 1658 5546 οῦ
1700 5485 1877 5545 πάντα
1897 5490 2111 5559 γέγονε.

532 5562 730 5627 Καλῶς
757 5567 787 5618 6
811 5565 1009 5633 εὐαγγ.

605 5633 724 5716 (51)
744 5628 1164 5716 δέψει-..παντὶ
1185 5633 1256 5716 τὸ
1277 5629 1375 5716 ἦν.
1391 5633 1614 5716 Gobler;
1641 5637 1698 5688 et
1726 5628 1876 5716 Felc..
1906 5628 1960 5716 ξ,
1989 5646 2110 5716 τρι-

533 5699 646 5780 χῷς
675 5699 737 5758 τὸ
780 5699 874 5780 ᾖν,
912 5699 1428 5780 κσλχούδαμισῖκζτὸζ
1445 5705 1558 5780 οὐκη
1585 5699 1676 5773 ἦν,
1721 5700 1816 5780 και
1894 5699 2108 5780 ἀρχάγ-

536 5768 697 5848 ῗεχοεὶ
719 5768 976 5848 “Fac—rh?
998 5768 1515 5848 ΔΘειγιίῲὶον’[[νεῖῖιιιι
1533 5768 1705 5842 ἅγιον.
1738 5768 1948 5828 Ibidem

499 5916 503 5922 ι
533 5843 797 5900 emam
828 5843 1101 5918 Παρθένον
1122 5844 1270 5912 ἔλεγε
1295 5846 1396 5899 Πν.

2215 4852 2391 4934 usque
2423 4852 2848 4934 ad,_§1:{ox:ai<rei_.
2873 4873 2955 4910 σοι
2985 4871 3240 4934 sequens,
3261 4854 3482 4934 desunt.
3516 4852 3584 4934 6t:
3610 4852 3796 4934 ὁμοιοὲ

2210 4923 2664 4999 τέλὲυτονεΜοε,
2705 4928 2973 4999 μακάριος
3012 4923 3139 4982 ante
3180 4923 3498 4986 ’Λπόστολος
3547 4923 3704 4978 deest
3739 4924 3796 4978 in

2213 5000 2373 5056 Gobl.
2401 5008 2454 5056 et
2478 4998 2624 5052 Felc.
2657 4999 2709 5051 1.
2862 4998 2866 4999 ⁷

2284 5071 2396 5141 (55)
2435 5069 2656 5126 Gobler.
2686 5077 2740 5124 et
2765 5065 2914 5123 Felc.
2937 5067 3168 5138 primus,
3198 5067 3227 5120 6
3267 5065 3563 5138 ’Λρειανὸς,
3589 5064 3688 5118 καὶ
3721 5065 3796 5129 ὡς

2209 5144 2238 5196 6
2272 5143 2357 5194 Ιια
2427 5159 2442 5193 ι
2494 5180 2508 5193 .

2289 5158 2655 5276 (Sﬁogoblcr.
2682 5215 2736 5264 et
2769 5205 2915 5262 Felc.
2950 5206 3003 5272 l,
3028 5206 3283 5276 ἀγγέλου,

2313 5210 2377 5264 54
2435 5210 2655 5264 Gobler.
2682 5215 2736 5264 et
2769 5210 2915 5262 Felc.
2950 5210 3003 5272 1,
3028 5210 3283 5276 ἀγγέλου.

2289 5210 2403 5351 (55)
2433 5279 2651 5351 Gobler.
2685 5286 2740 5334 et
2770 5277 2914 5333 Felc.
2945 5279 2997 5351 1,
3035 5279 3186 5332 Ἐπεὶ
3221 5273 3314 5331 οὖν
3347 5275 3728 5330 πεπαλαίωται
3761 5275 3798 5346 ἡ

2219 5348 2560 5475 φύσιςήέὦν
2591 5351 2649 5402 ἐν
2683 5351 2748 5420 τῇ
2785 5348 2993 5420 παραὸ.
3362 5417 3375 5434 ι
3681 5415 3694 5434 ,

2290 5421 2402 5475 (56)
2480 5420 2650 5474 obier.
2687 5429 2740 5474 et
2783 5416 2932 5475 Felc.
2970 5420 3025 5475 1.
3060 5433 3611 5475 κατεπεπτωκειμεν,
3645 5412 3796 5468 5666-

2233 5421 2238 5422 ί
2290 5421 2402 5492 (56)
2428 5421 2650 5475 Cobler.
2687 5429 2740 5474 et
2783 5421 2932 5475 Felc.
2970 5421 3025 5480 1,
3060 5421 3611 5488 κατεπεπτώκειμεν,
3645 5421 3795 5468 εὐδό-

2217 5509 2384 5568 κησεν
2411 5490 2536 5568 6_8:
2559 5487 2685 5568 Mox
2715 5488 3654 5568 Sgguer._xararrgp¢at_7:96chch
3669 5485 3795 5568 36y.

2217 5511 2384 5575 κησεν
2411 5511 2439 5545 ο
2473 5511 2536 5543 υ.
2566 5511 2685 5544 mox
2716 5511 2940 5559 aeguer.
2964 5511 3316 5560 καταπεμψαι
3345 5511 3479 5568 πρρς
3505 5511 3653 5557 ημας
3680 5511 3795 5541 τυν.

2215 5562 2417 5618 Ibidem
2439 5560 2658 5617 Gobler.
2685 5567 2738 5614 et
2759 5559 2905 5614 Felc.
2935 5559 2986 5623 1,
3012 5558 3103 5612 τὸν
3129 5559 3258 5612 ἴδιον
3277 5559 3442 5611 αὐτου
3471 5558 3646 5624 Λόγον
3669 5554 3798 5610 Υίὸν

2215 5634 2309 5714 καὶ
2328 5631 2488 5714 Θεόνς
2518 5629 2702 5714 λαϐεῖν
2720 5630 2795 5714 se
2811 5631 2878 5714 ἐκ
2897 5629 2995 5714 τῆς
3012 5628 3172 5714 Παρθ
3181 5629 3300 5683 ένου
3325 5626 3798 5714 τὴνῇάνρρωπείαν

2259 5704 2404 5757 ὐσιν·
2449 5701 2526 5764 ὡς
2575 5701 2668 5755 καὶ
2711 5702 2740 5755 6
2782 5698 3121 5764 ’Δπόστολός
3160 5715 3353 5773 φησιν·
3380 5698 3714 5774 Εὐδόκησεν
3765 5699 3798 5752 6

2214 5721 2343 5839 Θεὸς
2373 5771 2601 5842 πέμψαι.
