3920 6508
172 485 263 542 ω,
1161 480 1394 538 SERMO
1435 483 1712 540 CONTRA
1753 484 1985 543 OMNES
2023 487 2382 548 HERESES.

3300 491 3404 550 5'l0

172 603 293 670 πρὸς
327 599 478 669 ἡμᾶς
511 595 726 669 πέμψαι
754 597 846 650 τὸν
895 598 1024 651 [διον
1057 597 1186 652 Υἱδν
1233 599 1365 654 Θεὸν
1405 601 1596 670 Λόγον,
1651 601 1729 657 λα-

1845 605 2141 661 hominem.
2178 609 2374 678 Aitque
2399 607 2588 662 beatus
2618 608 2896 677 apostolus
2925 607 3124 664 Paulus
3151 627 3165 664 :
3193 607 3406 663 Placuit

171 693 272 744 δεῖν
293 705 372 755 τε,
400 687 598 752 καθὼς
627 692 911 760 προεῖπον,
945 689 1010 742 ἐκ
1053 689 1154 760 τῆς
1184 691 1558 762 ἀπειρογάμου
1585 694 1734 766 Παρ-

172 784 306 837 om
337 779 434 832 τὸν
457 779 616 844 ναὸν,
651 779 742 832 τὸν
772 778 1206 852 ἄνθρωπον.Καὶ
1228 780 1374 850 λέγει
1402 784 1430 836 ὁ
1464 785 1733 854 μακάριος

1840 695 1950 752 Deo
1982 698 2037 753 in
2087 701 2353 755 mundum
2403 704 2618 758 mittere
2667 702 2862 757 Filium
2897 718 3056 759 suum
3099 709 3288 755 natum
3335 719 3402 759 ex

1838 789 2068 845 muliere
2104 793 2168 845 ".
2214 790 2408 858 Viden,
2434 809 2557 848 eum
2578 794 2724 865 loqui
2755 794 2822 850 de
2857 795 3270 850 incarnatione?

169 869 444 934 ἀπόστολος
475 870 693 934 Παῦλος
709 887 722 900 ·
775 870 1078 941 Εὑδόκησεν
1105 873 1134 924 ό
1183 872 1316 936 Θεὸς
1371 875 1728 946 καταπέμψαι
1763 876 1854 932 τὸν
1881 881 2006 935 Υἱὸν
2033 882 2195 937 αὐτοῦ
2221 884 2300 948 εἰς
2325 884 2415 938 τὸν
2436 885 2658 958 κόσμον,
2681 885 3016 958 γεννώμενον
3043 889 3107 940 ὲκ
3127 885 3400 956 γυναικός.

180 961 344 1037 Ὁρᾷς,
369 965 451 1019 δτι
485 967 622 1038 περὶ
652 965 751 1036 τῆς
778 965 1246 1037 ὲνανθρωπήσεὼς
1279 969 1447 1022 ἐστιν.

231 1075 279 1130 ι.
307 1077 367 1129 El
394 1075 453 1128 δὲ
485 1075 668 1140 Θέλεις
697 1077 926 1132 ἀκοῦσαι
971 1080 1102 1150 περὶ
1148 1081 1247 1151 τῆς
1298 1082 1603 1155 ἀδιαιρέτου
1636 1085 1729 1138 καὶ

175 1171 286 1238 μιᾶς
315 1167 577 1237 θεότητος
621 1169 755 1240 (57),
786 1170 950 1224 ἄκουε
998 1172 1211 1226 Παύλου
1252 1174 1533 1243 λέγοντος·
1569 1196 1586 1227 ι
1631 1179 1730 1240 Ὃς

171 1259 235 1311 ὢν
268 1258 614 1331 ἀπαύγασμα
641 1261 736 1331 τῆς
761 1259 919 1331 δόξης
943 1263 1036 1316 καὶ
1063 1266 1348 1337 χαρακτὴρ
1366 1269 1465 1337 τῆς
1497 1267 1732 1321 ὑποστά-

176 1370 295 1416 σεως
325 1349 530 1405 αὑτοῦ·
593 1371 610 1404 ι
661 1353 755 1406 καὶ
789 1353 952 1406 πάλιν
1009 1353 1186 1424 λέγει·
1221 1375 1240 1407 ι
1279 1359 1395 1421 ⁸ος,
1436 1361 1494 1411 ὲν
1547 1361 1728 1431 μορφῇ

173 1441 290 1496 Θεοῦ
318 1443 610 1513 ὑπάρχων,
643 1444 746 1514 οὐχ
772 1444 1062 1516 ἁρπαγμὸν
1086 1447 1330 1518 ἡγήσατο
1369 1447 1430 1500 τὸ
1465 1442 1605 1501 εἶναι
1643 1448 1734 1502 ἴσα

177 1532 298 1602 Θεῷ,
330 1531 443 1586 ἀλλ’
473 1533 674 1586 ἑαυτὸν
705 1533 964 1599 ὲκένωσε,
1011 1537 1226 1607 μορφὴν
1254 1537 1439 1590 δούλου
1461 1537 1660 1592 λαὸὡν.
1708 1557 1730 1592 ι

187 1623 346 1692 Ὁρᾷς,
378 1624 461 1676 ὅτι
495 1624 629 1695 περὶ
667 1624 766 1694 τῆς
816 1624 927 1696 (58)
979 1626 1439 1699 ὲνανθρωπήσεώς
1490 1631 1628 1682 εἰσιν
1676 1631 1735 1683 al.

178 1715 396 1770 τοιαῦται
425 1716 628 1785 φωναί.
654 1717 763 1770 Kal.
783 1718 945 1782 αὑτὸς
971 1721 999 1772 ό
1030 1719 1233 1791 Κύριος
1264 1721 1550 1794 αὑθεντικῇ
1583 1727 1732 1794 φωνῇ

179 1803 308 1859 εἶπεν
326 1823 340 1838 ·
372 1826 390 1858 ι
448 1805 595 1874 Ἐγὼ
621 1809 681 1860 ὲν
712 1805 789 1876 τῷ
821 1807 1016 1879 Πατρὶ,
1041 1810 1134 1864 καὶ
1162 1812 1191 1863 ό
1212 1810 1402 1882 Πατὴρ
1431 1813 1487 1864 ὲν
1513 1811 1634 1883 ἐμοί
1659 1830 1672 1844 ·
1711 1832 1730 1865 ι

1913 1082 2076 1154 184
2103 1081 2157 1137 ι.
2191 1081 2285 1138 Sin
2315 1084 2448 1140 velis
2487 1084 2675 1140 audire
2714 1084 2782 1141 de
2814 1085 3046 1141 indivisa
3074 1093 3128 1139 et
3159 1099 3266 1140 una
3295 1082 3403 1139 dei

1836 1179 1970 1236 tate,
2022 1173 2271 1228 ausculta
2313 1173 2428 1228 haec
2466 1173 2621 1229 Pauli
2677 1176 2887 1230 verba:
2929 1195 2948 1226 ι
3009 1175 3113 1241 Qui
3147 1190 3270 1228 cum
3328 1176 3402 1229 sit

1835 1263 2097 1334 splendor
2135 1265 2322 1336 gloriae
2350 1275 2404 1320 et
2439 1265 2608 1336 ﬁgura
2649 1266 2969 1331 substantia:
3007 1267 3127 1335 ejus
3171 1267 3215 1297 "
3242 1282 3256 1331 ;
3288 1284 3308 1318 ι
3346 1273 3402 1319 et

1837 1373 2060 1412 rursum
2094 1376 2109 1413 :
2140 1376 2158 1409 ι
2199 1356 2301 1425 Qui
2335 1374 2460 1414 cum
2489 1359 2544 1413 in
2576 1358 2748 1414 forma
2789 1357 2883 1416 Dei
2909 1370 3078 1423 esset,
3117 1375 3224 1415 non
3255 1361 3402 1430 rapi-

1835 1465 1963 1505 nam
1997 1450 2298 1506 arbitratus
2323 1459 2408 1507 est
2438 1468 2559 1508 esse
2604 1469 2664 1508 se
2697 1453 2962 1522 aequalem
3004 1451 3133 1516 Deo,
3177 1452 3273 1507 sed
3322 1469 3403 1506 se-

1835 1541 2126 1610 metipsum
2162 1543 2463 1597 exiuanivit
2507 1542 2736 1597 formam
2773 1542 2917 1599 servi
2949 1543 3224 1613 accipiens
3268 1543 3331 1594 “.
3371 1561 3392 1594 ι

1841 1630 2032 1695 Vides,
2088 1633 2360 1702 ejusmodi
2420 1650 2584 1691 voces
2645 1635 3074 1690 incarnationem
3126 1641 3399 1704 spectare.

1839 1721 1981 1787 Quin
2019 1731 2075 1778 et
2103 1724 2221 1795 ipse
2252 1725 2514 1784 Dominus
2545 1726 2860 1784 autbentica
2901 1741 3035 1783 voce
3066 1725 3141 1780 ait
3171 1741 3186 1778 :
3223 1741 3243 1778 ι
3279 1723 3402 1795 Ego

1841 1815 1897 1870 in
1924 1813 2107 1884 Patre,
2139 1828 2193 1872 et
2224 1816 2385 1874 Pater
2413 1818 2469 1872 in
2493 1835 2579 1874 me
2602 1819 2666 1887 ¹³;
2702 1837 2722 1871 ›
2758 1832 3084 1888 rursumque
3112 1815 3396 1886 Philippo:

181 1898 260 1951 καὶ
284 1896 436 1952 πάλιν
484 1897 643 1967 λέγει
691 1897 977 1970 Φιλίππῳ·
1017 1917 1038 1954 ι
1063 1899 1204 1970 Ἐγὼ
1243 1903 1337 1955 καὶ
1381 1904 1410 1956 ό
1447 1903 1635 1976 Πατὴρ
1676 1902 1729 1957 ἓν

1844 1924 1864 1959 ι
1906 1906 2018 1978 Ego
2051 1917 2105 1964 et
2134 1907 2296 1964 Pater
2341 1926 2510 1964 unum
2542 1927 2732 1967 sumus
2763 1911 2828 1967 “.
2863 1930 2885 1964 ›
2919 1910 2984 1964 Εῑ
3016 1926 3112 1973 per
3141 1923 3398 1979 magnum

179 1991 342 2059 ἐσμεν.
374 2007 394 2041 ι
449 1989 569 2043 Καὶ
628 1989 776 2059 λέγει
827 1990 916 2044 διὰ
975 1991 1067 2045 τοῦ
1120 1993 1358 2064 μεγάλου
1414 1996 1724 2066 προφήτου·

186 2103 200 2134 ι
226 2082 375 2137 Ἰδετέ
404 2101 496 2156 με,
533 2083 619 2137 ὅτι
654 2083 766 2152 ἐγώ
800 2087 936 2155 εἰμι,
990 2085 1084 2139 καὶ
1112 2085 1213 2138 οὑκ
1239 2085 1592 2157 ὴλλοίωμαι.»
1617 2088 1728 2142 Καὶ

185 2173 322 2227 πάλιν
362 2174 544 2244 λέγει·
586 2195 606 2228 ι
656 2173 792 2244 Ἐγὼ
830 2177 895 2229 ὲκ
933 2175 1028 2229 τοῦ
1083 2177 1295 2250 Πατρδς
1339 2178 1577 2248 ἐξῆλθον,
1635 2181 1729 2233 καὶ

179 2265 301 2336 ἥκω.
332 2284 351 2319 ι
384 2267 497 2320 Καὶ
530 2266 623 2320 διὰ
646 2266 738 2321 τοῦ
783 2268 1048 2340 Ἱερεμίου
1073 2268 1264 2338 λέγειό
1290 2270 1477 2341 Πατήρ
1497 2287 1510 2300 ·
1557 2287 1576 2321 ι
1599 2271 1728 2340 Ἐμὲ

184 2358 512 2425 έγκατέλιτοον
548 2360 666 2430 (59)
696 2360 879 2432 πηγὴν
912 2361 1104 2426 ὕδατος
1146 2361 1366 2426 ζῶντος,
1397 2363 1491 2415 καὶ
1515 2363 1728 2436 ὤρυξαν

185 2451 368 2515 ἑαυτοῖς
401 2449 647 2516 λάκκους
681 2453 1195 2525 συντετριμμένους,
1226 2446 1278 2507 οἵ
1311 2455 1372 2508 οὑ
1410 2455 1729 2527 δυνήσονται

189 2544 366 2608 ἑαυτοῖς
397 2544 545 2617 ῦδωρ
605 2548 954 2614 συναγαγεῖν.
995 2563 1014 2596 ι
1051 2546 1126 2599 Οὑ
1181 2545 1372 2617 χθὲςή
1425 2548 1596 2619 πηγὴ,
1638 2550 1728 2601 καὶ

188 2637 395 2708 σήμερον
413 2637 474 2690 τὸ
505 2636 656 2709 ὕδωρ
678 2655 692 2668 ·
731 2637 806 2708 μὴ
822 2637 1032 2705 γένοιτο
1057 2638 1070 2691 l
1115 2638 1224 2690 Ἀεὶ
1249 2638 1418 2710 πηγὴ,
1449 2640 1536 2693 ἀεὶ
1561 2639 1724 2711 ὕδωρ.

187 2723 392 2792 Τάλανες
440 2728 492 2781 οἱ
545 2728 832 2799 ἀχάριστοι
895 2727 1007 2796 (60)
1042 2729 1439 2798 Ἀρειομανῖται
1459 2745 1474 2760 ·
1525 2731 1728 2785 τούτων

185 2817 415 2890 κρείττων
440 2820 645 2892 εὑρέθη
681 2821 710 2873 ὁ
741 2818 1233 2893 Ναϐουχοδονόσορ,
1268 2820 1348 2885 ὃς,
1386 2822 1575 2875 ἑαυτὸν
1608 2821 1728 2877 θεὸν

188 2910 388 2981 νομίζων
411 2906 574 2976 εἶναι,
613 2911 707 2965 καὶ
729 2912 914 2965 εἰκόνα
941 2911 1134 2966 ἑαυτοῦ
1166 2913 1370 2984 στήσας
1391 2913 1448 2964 ἐν
1476 2912 1729 2966 Βαϐυλῶ-

187 3017 246 3064 νι,
273 3003 359 3055 καὶ
387 3001 645 3072 ἐμϐαλὼν
660 3004 740 3066 είς
757 3002 852 3074 τὴν
869 3003 1106 3073 κάμινον
1139 3002 1234 3056 τοῦ
1266 3003 1437 3075 πυρὸς
1459 3004 1726 3068 Ἀνανίαν,

190 3092 266 3144 καὶ
288 3092 554 3166 Ἀζαρίαν,
586 3093 684 3147 καὶ
713 3093 964 3166 Μισαήλ·
997 3095 1090 3148 καὶ
1118 3093 1215 3148 τοῦ
1252 3094 1566 3166 δροσοποιοῦ
1613 3095 1727 3166 (61)

188 3182 318 3252 λόγου
339 3186 393 3238 ὲν
420 3185 572 3256 μέσῳ
605 3185 786 3239 αὑτῶν
814 3185 1122 3256 γινομένου,
1162 3187 1256 3239 καὶ
1283 3185 1634 3250 ἐξελάσαντος
1666 3185 1730 3240 τὸ

1833 1997 2156 2066 prophetam
2186 1999 2263 2052 ait
2294 2015 2308 2050 :
2344 2017 2364 2050 ι
2404 1999 2596 2056 Videte
2625 2017 2731 2066 me,
2765 2001 2892 2071 quia
2921 2016 3021 2069 ego
3053 2014 3173 2054 sum
3205 2007 3260 2053 et
3289 2012 3401 2051 non

1835 2094 2019 2144 mutor
2051 2089 2117 2143 ⁸⁷.
2161 2107 2180 2140 ι
2220 2089 2568 2161 Rursumque
2598 2092 2673 2144 ait
2706 2109 2720 2144 :
2753 2111 2772 2142 ι
2821 2091 2932 2162 Ego
2955 2107 3019 2145 ex
3055 2089 3214 2145 Patre
3255 2088 3398 2143 exivi

1833 2187 1888 2234 et
1923 2180 2081 2235 venio
2113 2180 2179 2237 ¹⁸.
2224 2199 2244 2234 ›
2282 2181 2361 2235 Ac
2398 2198 2494 2252 per
2551 2182 2840 2237 Jeremiam
2885 2183 2960 2236 ait
3014 2181 3217 2237 Pater:
3255 2199 3274 2232 ι
3314 2178 3399 2235 Me

1835 2271 2240 2343 dereliquerunt
2281 2274 2483 2330 fontem
2532 2291 2684 2344 aqua:
2719 2276 2871 2338 vivae,
2917 2282 2972 2330 et
3012 2275 3266 2330 foderunt
3292 2273 3398 2328 sibi

1834 2364 2103 2418 cisternas
2157 2364 2478 2434 dissipatas,
2527 2380 2648 2434 quae
2699 2381 2894 2436 aquam
2926 2367 3030 2420 sibi
3069 2377 3403 2436 congregare

1834 2470 1942 2508 non
1987 2462 2243 2525 poterunt
2275 2457 2340 2512 ".
2381 2474 2401 2509 ›
2435 2454 2787 2527 Nequaquam
2831 2458 3084 2512 hesterna
3117 2457 3206 2511 die
3252 2455 3398 2520 fons,

1834 2543 1997 2598 hodie
2026 2560 2165 2615 aqua
2195 2564 2207 2599 :
2242 2545 2404 2600 absit.
2436 2545 2664 2615 Semper
2697 2545 2838 2609 fons,
2870 2563 3085 2616 semper
3110 2561 3272 2615 aqua.
3298 2544 3402 2598 Mi-

1834 2635 1943 2690 seri
1976 2636 2174 2706 ingrati
2207 2636 2283 2690 illi
2314 2636 2701 2703 Ariomanitae,
2745 2637 2945 2706 quibus
2983 2637 3172 2690 melior
3204 2635 3400 2705 depre-

1834 2725 2041 2781 hensus
2070 2737 2153 2782 est
2197 2727 2313 2797 ipse
2356 2725 2878 2790 Nabuchodonosor,
2910 2730 3002 2798 qui
3052 2742 3174 2782 sese
3238 2728 3401 2780 deum

1835 2818 2158 2880 arbitratus,
2195 2818 2600 2890 constitutaque
2656 2819 2760 2873 sibi
2812 2817 3086 2889 Babylone
3143 2817 3400 2888 imagine,
3510 2845 3512 2848 ν

1833 2916 1998 2980 atque
2035 2907 2295 2978 proiectis
2328 2910 2382 2963 in
2428 2909 2700 2964 caminum
2732 2908 2873 2980 ignis
2904 2906 3137 2972 Anania,
3179 2907 3399 2972 Azaria,

1833 3006 1890 3054 et
1922 2997 2142 3054 Misaele
2162 3016 2178 3066 ;
2202 3014 2325 3053 cum
2355 2998 2582 3053 verbum
2614 2999 2888 3052 rorilicum
2920 2997 2975 3051 in
3000 2997 3178 3052 medio
3208 3011 3401 3050 eorum

1835 3089 2036 3147 factum
2079 3100 2247 3159 esset,
2277 3091 2724 3160 excussissetque
2771 3090 2970 3161 ignem,
3001 3088 3131 3144 dum
3166 3088 3401 3159 hymnos

1834 3183 1912 3238 illi
1947 3190 2245 3250 canerent;
2273 3183 2515 3247 veniens,
2544 3183 2788 3253 inquam,
2818 3183 2936 3253 ipse
2967 3180 3402 3234 Nabuchodono-

191 3275 296 3347 πῦρ,
315 3277 400 3330 καὶ
426 3277 610 3331 αὑτῶν
637 3277 949 3348 ὑμνούντων
967 3293 983 3306 ·
1011 3276 1105 3331 καὶ
1131 3276 1374 3340 ἐλθόντος
1400 3275 1494 3330 τοῦ
1523 3277 1729 3332 Ναϐου-

1838 3291 1950 3338 sor,
1995 3283 2158 3346 atque
2193 3275 2387 3330 videns
2431 3275 2556 3330 illos
2585 3281 2862 3339 canentes,
2897 3274 2972 3327 ait
3017 3274 3200 3342 pueris
3231 3271 3348 3326 suis
3382 3286 3398 3324 :

191 3362 454 3436 χοδονόσορ,
488 3365 589 3419 καὶ
631 3364 938 3438 ἑωρακότος
966 3367 1166 3430 αὐτοὺς
1211 3365 1534 3438 ὑμνοῦντας,
1579 3366 1729 3436 ἔλεγε

1838 3387 1856 3422 ι
1892 3367 2084 3424 Nonne
2113 3370 2261 3425 viros
2290 3378 2403 3425 tres
2433 3369 2767 3439 conjecimus
2802 3369 2858 3422 in
2888 3365 3204 3421 caminum?
3229 3385 3248 3418 ι
3297 3363 3404 3419 Re-

189 3456 280 3518 τοῖς
303 3458 476 3511 παισὶν
506 3455 676 3510 αὑτοῦ
697 3473 710 3487 ·
768 3474 787 3508 ι
823 3457 957 3528 Οὑχὶ
992 3457 1191 3530 ἄνδρας
1225 3460 1375 3530 τρεῖς
1409 3457 1729 3530 ὲνεϐάλομεν

1838 3461 2174 3532 sponderunt
2200 3461 2278 3515 illi
2302 3478 2316 3516 :
2342 3479 2362 3514 ι
2395 3460 2471 3516 ita
2500 3473 2605 3525 est,
2634 3475 2667 3515 o
2688 3475 2806 3514 rex.
2833 3479 2852 3513 ι
2888 3456 2954 3512 Et
2980 3458 3116 3512 dixit
3136 3456 3204 3510 ad
3233 3455 3356 3510 illos
3381 3470 3398 3506 :

191 3545 256 3608 είς
273 3547 360 3618 τὴν
380 3548 609 3620 κάμινον
636 3567 650 3615 ;
683 3566 702 3600 ι
731 3549 793 3602 Οί
811 3548 867 3601 δὲ
893 3544 1046 3602 εἷπον
1064 3566 1079 3580 ·
1117 3569 1137 3600 ι
1159 3549 1418 3621 Ἀληθῶς,
1454 3548 1725 3620 βασιλεῦ.»

1838 3569 1855 3601 ι
1887 3550 2027 3606 Ecce
2055 3550 2217 3605 video
2251 3565 2350 3621 ego
2377 3551 2527 3605 viros
2556 3559 2814 3620 quatuor,
2845 3556 2900 3604 et
2946 3555 3177 3618 quartus
3205 3543 3403 3600 similis

192 3637 280 3691 Καὶ
311 3634 419 3693 εἶπε
448 3640 589 3713 πρὸς
623 3638 852 3705 αὑτούς·
899 3658 919 3693 ι
973 3640 1102 3695 ’1δοὺ
1144 3639 1336 3711 θεωρῶ
1379 3640 1488 3709 ἐγὼ
1533 3641 1729 3714 ἄνδρας

1838 3639 1970 3696 Filio
2002 3640 2093 3696 Dei
2123 3642 2220 3695 ³ο.»
2243 3640 2287 3696 0
2309 3639 2835 3703 Nabuchodonosor,
2863 3639 2956 3709 qui
2986 3639 3214 3708 teipsum
3237 3636 3401 3690 deum

193 3727 448 3800 τέσσαρας,
500 3733 600 3787 καὶ
647 3733 676 3786 ό
718 3731 979 3804 τέταρτος
1031 3732 1216 3803 ὅμοιος
1274 3731 1388 3803 Υἱῷ
1433 3731 1587 3786 Θεοῦ.
1624 3728 1729 3786 »Ὦ

1838 3731 2080 3791 ell'ecisti.
2109 3731 2254 3786 unde
2281 3732 2424 3786 nosti
2447 3747 2572 3787 esse
2601 3731 2837 3786 similem
2868 3727 3009 3784 Filio
3041 3727 3172 3784 Dei?
3201 3725 3400 3782 Statim

193 3818 644 3896 Ναϐουχοδονόσορ,
677 3825 900 3879 σεαυτὸν
930 3824 1052 3878 θεὸν
1084 3824 1368 3894 ἐποίησας,
1411 3824 1528 3888 πῶς
1560 3821 1727 3890 οἶδας,

1838 3823 1922 3877 ille
1955 3823 2299 3893 responderit
2329 3843 2343 3879 :
2382 3821 2520 3889 Quia
2553 3822 2669 3893 ipse
2695 3837 2782 3877 me
2822 3819 3125 3876 stimulavit
3173 3825 3232 3872 ut
3284 3816 3401 3874 haec

195 3910 260 3966 ὅτι
279 3913 444 3984 ὅμοιος
463 3916 580 3988 Υίῷ
603 3915 737 3970 Θεοῦ
749 3917 896 3970 ἐστιν
915 3933 930 3982 ;
946 3915 1147 3980 εὐθέως
1163 3911 1316 3970 εἷπεν
1331 3933 1346 3947 ·
1370 3917 1540 3981 Αὐτὸς
1567 3917 1729 3971 κατέ-

1838 3915 2087 3971 dicerem.
2143 3913 2334 3969 Melior
2364 3917 2546 3986 itaque
2598 3914 2969 3984 deprehensus
2999 3921 3084 3968 est
3108 3909 3401 3966 Nabucho-

195 4000 292 4066 νυξέ
335 4021 396 4073 με
443 4007 641 4060 είπεῖν.
687 4007 965 4078 Χρείττων
1001 4005 1207 4060 τούτων
1235 4005 1435 4077 εὑρέθη
1458 4007 1729 4078 Ναϐουχο-

1838 4007 2071 4062 donosor
2109 4007 2290 4077 impiis
2342 4007 2450 4061 illis
2476 4046 2492 4070 ,
2539 4006 2633 4078 qui
2682 4021 2859 4076 neque
2901 4005 3131 4061 similem
3158 4043 3174 4069 ,
3225 4016 3402 4073 neque

196 4093 376 4169 δονόσορ
394 4100 498 4154 τῶν
530 4099 767 4165 ἀσεϐῶν,
805 4101 901 4155 καὶ
938 4101 1071 4174 μηδὲ
1109 4102 1316 4172 ὅμοιον,
1363 4102 1495 4174 μηδὲ
1533 4104 1728 4174 δμοού-

1838 4098 2352 4154 consubstantialem
2388 4100 2577 4154 dicunt
2607 4097 2833 4168 .Filium.
2880 4095 3053 4151 Dicite
3087 4093 3290 4166 impiis,
3330 4109 3400 4150 ne

200 4202 290 4241 σιον
317 4189 570 4259 λεγόντων
603 4193 694 4245 τὸν
729 4190 874 4245 Υἱόν.
899 4192 1103 4246 Εἴπατε
1131 4191 1244 4264 (62)
1268 4197 1378 4258 τοῖς
1399 4194 1617 4248 ἁσεὸέσι
1653 4194 1729 4268 μὴ

1838 4191 2233 4262 blasphement,
2273 4193 2368 4248 sed
2407 4208 2531 4247 cum
2579 4191 2959 4248 benedictione
2997 4187 3232 4245 Verbum
3271 4201 3400 4242 vere

1829 4281 1998 4336 Deum
2025 4283 2255 4338 adorent
2279 4283 2334 4337 in
2369 4284 2586 4354 spiritu,
2620 4283 2666 4339 si
2689 4281 2828 4337 forte
2859 4280 3171 4336 remittatur
3203 4276 3399 4348 impie-

1828 4382 1914 4432 tas
1941 4374 2294 4447 blasphemiae
2319 4390 2531 4432 eorum.

201 4278 517 4352 βλασφημεῖν,
554 4283 670 4338 ἀλλ’
714 4283 1094 4357 εὐφημοῦντας
1126 4289 1450 4360 προσκυνεῖν
1477 4287 1568 4340 τὸν
1599 4287 1729 4341 δντα

196 4367 300 4422 θεὸν
320 4373 477 4442 Λόγον
505 4378 563 4429 ὲν
602 4374 890 4446 πνεύματι,
922 4377 970 4428 εί
999 4375 1108 4447 ἄρα
1149 4374 1489 4448 ἀφεθήσεται
1532 4377 1566 4446 ἡ
1595 4377 1728 4431 άσέ-

200 4462 294 4514 ὕεια
317 4466 404 4536 τῆς
433 4467 780 4539 βλασφημίας
816 4467 1014 4521 αὐτῶν.

259 4552 302 4606 5.
327 4555 531 4612 Τούτων
564 4559 742 4613 τοίνυν
767 4558 1288 4630 ὲξοστρακισθέντων
1325 4562 1419 4614 καὶ
1440 4560 1729 4633 ἐκϐληθέν-

1898 4553 1951 4610 5.
1978 4551 2075 4611 His
2103 4553 2268 4625 igitur
2293 4553 2548 4624 relegatis
2567 4561 2621 4608 et
2651 4552 2877 4622 abjectis
2896 4567 2963 4607 ex
2991 4549 3177 4605 divino
3204 4547 3397 4611 choro.

201 4659 285 4695 των
306 4648 362 4700 ὲκ
390 4649 477 4702 τοῦ
505 4649 652 4703 θείου
685 4649 871 4722 χοροῦ,
903 4623 1148 4722 εἴπωμεν
1166 4651 1417 4723 καὶπρὸς
1443 4651 1580 4715 Τοὺς
1595 4623 1726 4706 ’τού-

1838 4623 2218 4718 loquamur—ad
2248 4623 2466 4700 illorum
2496 4643 2695 4700 fratres
2727 4639 3273 4729 Pneumatomachos,
3300 4653 3398 4694 seu

199 4748 284 4786 των
301 4738 542 4809 ἀδελφοὺς
568 4742 694 4804 τοὺς
719 4741 1215 4812 Πνευματομάχους
1246 4743 1373 4806 τοὺς
1399 4742 1724 4814 Τροπικοὺς,

1838 4737 2116 4811 Tropicos,
2150 4739 2243 4808 qui
2277 4737 2468 4792 dicunt
2496 4735 2765 4808 Spiritum
2809 4742 3058 4790 sanctum
3089 4746 3210 4788 esse
3243 4743 3400 4784 crea-

202 4824 300 4889 τοὺς
316 4827 558 4898 λέγοντας
584 4833 694 4904 (65)
715 4832 777 4886 τὸ
801 4831 1028 4904 Πνεῦμα
1051 4829 1191 4888 εῖναι
1209 4835 1444 4888 κτιστόν.
1474 4827 1545 4886 Ὦ
1583 4831 1628 4886 Τ
1631 4851 1724 4906 ρο-

1838 4841 1964 4888 Lum.
2003 4831 2048 4888 Ο
2088 4831 2342 4903 Tropice,
2382 4845 2494 4887 non
2535 4827 2740 4885 audisti
2779 4825 3034 4884 Davidem
3074 4825 3344 4880 dicentem
3378 4835 3393 4872 :

267 4983 606 5062 .._G,,,,.i,,’
635 4992 688 5046 ι,
768 4992 811 5025 ιι
853 4989 1017 5062 Hebr.
1055 5007 1120 5062 ι,
1146 4991 1199 5046 5.
1278 4991 1325 5024 ί·
1361 4952 1600 5062 Philipp.
1639 5007 1724 5062 ιι,

1906 4991 1948 5024 ³⁸
1985 4991 2144 5048 Joan.
2179 5007 2293 5056 xrv,
2330 4990 2419 5045 lo.
2498 4989 2542 5021 “
2579 4985 2744 5044 Joan.
2793 5004 2846 5054 κ,
2880 4988 2969 5044 30.

3079 4987 3122 5017 ιτ
3161 4980 3392 5053 Malach,

205 5063 269 5115 III,
293 5055 338 5111 6.
407 5061 448 5092 ¹⁸
482 5061 640 5117 Joan.
677 5078 765 5116 xu
839 5061 933 5119 28.
1015 5062 1058 5093 "
1095 5061 1296 5118 Jerem.
1339 5077 1416 5128 tt,
1454 5055 1564 5117 151'
1618 5062 1664 5094 '°
1706 5060 1729 5115 Ι

1838 5103 1846 5118 ,
1887 5077 1945 5116 Ill
1972 5107 1986 5129 ,
2022 5063 2111 5127 9i,
2156 5061 2245 5116 92.

255 5213 586 5301 [52).Gobler.
629 5230 683 5277 et
715 5219 863 5277 Felc.
897 5221 949 5288 i,
995 5223 1124 5293 περὶ
1155 5221 1254 5292 τῆς
1290 5220 1596 5294 ἀδιαιρέτου
1627 5221 1726 5275 αὑ-

1838 5226 2054 5301 pritnus,
2086 5225 2178 5279 καὶ
2193 5223 2598 5301 μρκτινάξαντος
2626 5221 2688 5301 ab
2716 5220 2848 5301 πῦρ.
2866 5218 3147 5301 ﬁat-116v
3191 5219 3400 5301 παίδων

204 5283 550 5366 τοῨ.9.ῗ⁶Ξηῖ²9ςο
618 5360 707 5366 __
800 5363 815 5366 _
1010 5365 1015 5366 ί
1069 5283 1081 5293 ’
1163 5361 1188 5366 _
1211 5283 1248 5292 Γ
1360 5363 1370 5366 _
1554 5361 1588 5366 _
1671 5363 1685 5366 _
1823 5283 2158 5366 ὑμνούντων,
2190 5297 2342 5366 ἔλεγε
2368 5283 2480 5358 τοῖς
2517 5283 2893 5366 παισὶν-αὑτοῦ
2921 5288 3099 5366 ipim).
3123 5291 3272 5366 τρεὶς
3317 5292 3398 5344 ἐν·

261 5313 597 5438 (ὅὲἷῖἓῖῗῗ.ει
618 5360 764 5418 Felc.
794 5363 848 5426 l,
889 5363 1078 5487 Ὀριῗς,
1111 5361 1230 5426 πῶς
1256 5363 1382 5434 περὶ
1408 5363 1527 5433 τῆς.
1554 5361 1725 5418 Paulo

261 5432 320 5484 sl.
348 5429 517 5487 ttdent.
560 5433 657 5486 καὶ
701 5432 864 5487 αὑτὸς
893 5435 922 5487 ὁ
1025 5433 1174 5487 ύοιός
1206 5449 1392 5487 φησιν.
1437 5433 1519 5487 ὃτι
1585 5433 1724 5487 Ἐγὼ

1838 5313 1856 5347 δ
1905 5313 2158 5360 νουντων,
2190 5313 2342 5366 ελεγε
2368 5313 2480 5358 τοις
2517 5313 2705 5347 παισιν
2729 5313 2893 5345 αυτου
2921 5313 2932 5323 ν
2964 5313 3098 5360 υυχι
3123 5313 3272 5363 τρεις
3317 5313 3395 5344 εν-

1838 5313 2088 5437 εὲάλομεν
2121 5368 2178 5420 ὲν
2199 5369 2264 5438 τῆ
2294 5367 2462 5437 καμίν
2527 5363 2652 5430 ςκαὶ
2693 5362 2800 5416 ἰδοὺ
2825 5361 2888 5415 δ’.
2924 5359 3029 5413 Τοῦ
3055 5360 3112 5414 δὲ
3130 5361 3395 5433 τετάρτου

1838 5437 2013 5487 ὅρασις
2039 5437 2199 5487 ὁμοία
2224 5421 2363 5487 Sed).
2393 5431 2438 5487 ὦ
2463 5383 2706 5487 ῧαὸουγ.

207 5421 517 5540 ξωῌίάθω,
560 5433 657 5486 καὶ
701 5421 864 5496 αὑτὸς
893 5435 922 5487 ὁ
954 5421 1174 5506 ’Κύριός
1206 5421 1392 5503 ξρησίν,
1437 5421 1519 5487 ὅτι
1585 5433 1724 5504 Ἐγὼ
1824 5421 2013 5508 ὅρασις
2039 5439 2067 5489 ό
2112 5437 2199 5490 οία
2224 5421 2438 5508 get?th
2466 5421 2706 5515 Ναϐουχ.
3266 5421 3280 5433 ’

230 5496 348 5575 ν,ῇῖ
389 5567 418 5575 -
457 5572 471 5575 _
493 5573 505 5575 _
662 5570 705 5575 _
740 5573 750 5575 ρ
857 5573 866 5575 μ
997 5573 1004 5575 Α
1251 5572 1260 5575 _
1409 5574 1414 5575 γ
1563 5574 1567 5575 ν
1896 5506 2007 5575 (62)
2041 5455 2257 5562 (ftibler.
2293 5517 2346 5562 et
2371 5506 2512 5560 Felc.
2541 5519 2771 5575 prunus,
2802 5501 3079 5575 Κρείττων
3103 5502 3268 5575 αὑτὸν
3298 5503 3392 5558 εὑ-

262 5496 531 5659 ἓέ)-601)1.
564 5584 620 5629 et
661 5570 809 5629 Felc.
848 5573 899 5640 1,
927 5573 1020 5629 τοῦ
1061 5572 1322 5647 Ἰερεμίου
1341 5589 1356 5603 ·
1404 5574 1537 5646 Ἐμὲ
1557 5574 1722 5644 ὲγκα-
1827 5496 3086 5659 Reggilvggggzéogggggﬂualiis:
3103 5502 3391 5646 ἷῒιῖξύσειὲῦ

568 5716 577 5718 ,
622 5715 634 5718 _
698 5713 710 5718 _
884 5630 898 5640 '
957 5714 973 5718 _
1137 5630 1177 5718 ._
1201 5630 1214 5647 ι
1253 5712 1285 5718 _
1326 5713 1341 5718 _
1364 5714 1377 5718 _
1468 5630 1541 5718 ._
1576 5630 1610 5718 μ’
1672 5715 1685 5718 _
1991 5630 2253 5718 λεγόντων
2288 5648 2379 5701 τὸν
2408 5630 2556 5701 Ῠίόν.

283 5704 340 5760 60
380 5708 513 5776 Haec,
535 5716 584 5768 οἱ
612 5715 648 5768 ὰ
684 5713 914 5786 ἀριστοι,
941 5714 1140 5771 desunt
1163 5713 1218 5769 in
1245 5712 1400 5769 Gobl.
1421 5727 1476 5772 et
1499 5713 1645 5772 Felc.
1663 5715 1714 5771 1.

281 5706 358 5846 61)
384 5778 529 5839 Gobl.
568 5793 622 5841 et
647 5731 800 5840 ἕεις.
835 5787 1068 5846 primus.
1108 5788 1166 5838 ὲν
1203 5784 1500 5846 Βαὸυλῶνι,
1531 5787 1622 5839 καὶ
1660 5788 1720 5839 ἐν

1894 5719 2020 5806 (65)·
2054 5704 2311 5789 Εἴπωμεν
2355 5719 2490 5840 πρὸς
2541 5717 2666 5778 τοὺς
2715 5713 3208 5841 Πνευίματομάχους
3265 5712 3391 5778 τοὺς

1838 5790 1933 5846 ιέγ.
1966 5793 2058 5844 Sic
2081 5788 2298 5844 Gobler.
2320 5797 2374 5845 et
2441 5790 2543 5843 elc.
2573 5787 2624 5842 l.
2656 5785 2776 5841 Mox
2804 5801 2842 5839 ιι
2882 5800 2990 5846 ent,
3017 5784 3234 5838 κτιστόν
3253 5803 3266 5817 ο
3287 5782 3391 5840 οὐκ

425 5783 547 5858 qbl,
568 5793 622 5858 et
648 5782 800 5858 Felc.
835 5787 1068 5858 primus,
1108 5788 1166 5838 ὲν
1200 5784 1500 5858 Βαϐυλῶνι,
1531 5787 1622 5858 κα).
1660 5788 1720 5839 ἐν

1838 5782 1933 5858 ιέγ.
1966 5782 2058 5844 Sic
2081 5782 2298 5844 Gobler.
2320 5797 2374 5845 et
2399 5782 2543 5843 Felc.
2573 5787 2624 5842 l.
2656 5785 2776 5858 Mox
2804 5782 3234 5858 ἰίὰειιι,’κτί’στόν
3253 5803 3266 5817 ο
3287 5782 3392 5840 οὑκ

389 5853 610 5928 ινῷ-(δὶο)
641 5853 817 5926 βαλὼν
837 5853 986 5928 *τοὺς
1014 5856 1432 5928 γ’-παίδαςμκαὶ
1463 5856 1717 5928 τοῦ-δρο-

210 5853 259 5911 τη
288 5853 472 5973 “alitth
489 5854 610 5926 (sic)
641 5853 817 5926 βαλὼν
837 5853 986 5920 *τοὺς
1014 5862 1063 5926 γ’
1094 5856 1307 5938 παῖδας,
1341 5857 1432 5909 καὶ
1463 5856 1557 5910 τοῦ
1596 5857 1717 5928 δρο-

210 5924 304 5966 σοπ.
381 5934 442 5979 0x
463 5923 681 5998 Seguer.
718 5926 1028 5998 γενομένου.
1067 5925 1267 5984 Ibidem
1299 5925 1454 5983 Gobl.
1486 5934 1539 5985 et
1565 5925 1707 5984 Felc.

1838 5853 2086 5932 prodeat-ce
2115 5859 2208 5914 τοῦ
2245 5859 2314 5916 δι.
2339 5859 2474 5917 Ibid.
2509 5858 2631 5929 Seg.
2660 5857 2753 5912 τοῦ
2777 5855 3011 5931 μεγάλου
3043 5853 3226 5910 Δασίδ.
