4066 6388
497 393 594 447 511

1587 398 1644 452 S.
1687 391 2146 454 ATHANASIUS.
2185 428 2252 437 —
2295 396 2559 453 SPURIA.

3625 399 3732 454 ali

498 524 519 559 ι
555 505 735 564 Verbo
764 507 977 564 Domini
1019 509 1142 564 (ταξιί
1192 509 1386 565 llrmati
1423 521 1570 577 sunt,
1608 521 1661 567 et
1705 515 1910 584 Spiritu
1945 515 2057 568 oris

2161 515 2308 575 πικὲ,
2340 515 2438 568 οὐκ
2468 504 2705 586 ἤκουσας
2741 513 2835 567 τοῦ
2869 513 3033 566 Δαϐὶδ
3069 513 3351 581 λέγοντοςο
3396 532 3414 564 ι
3456 513 3546 584 Τῷ
3571 513 3729 584 Λόγῳ

493 600 614 670 ejus
645 603 824 658 omnis
856 603 1027 656 virtus
1064 618 1250 657 eorum
1291 607 1374 658 “1’
1406 625 1423 657 ι
1453 606 1592 662 Ecce
1621 606 1940 663 Trinitatem
1979 608 2061 662 in-

494 695 842 750 divisibilem.
880 693 944 747 Et
989 711 1203 751 rursum
1249 695 1302 749 in
1344 697 1528 751 mundi
1579 699 1798 768 opificio
1834 715 2062 770 magnus

495 787 585 842 ille
628 785 864 840 famulus
898 785 1130 857 Moyses,
1176 786 1256 841 sic
1301 787 1538 856 loquitur
1579 808 1590 842 :
1633 808 1652 841 ι
1689 788 1748 844 In
1794 791 2061 862 principio

493 877 626 933 fecit
665 876 807 931 Deus
837 877 1036 931 ctelum
1068 887 1120 932 et
1163 886 1386 941 terram,
1435 889 1581 935 terra
1614 891 1793 936 autem
1826 891 1943 937 erat
1979 884 2063 937 in-

492 969 727 1025 visibilis
747 977 799 1024 et
823 969 1203 1039 incomposita.
1231 979 1285 1024 et
1317 972 1555 1026 tenebrae
1586 989 1750 1044 super
1781 975 2060 1046 abyssum,

486 1070 548 1116 et
581 1061 818 1131 Spiritus
863 1060 1076 1116 Domini
1120 1061 1396 1116 ferebatur
1425 1080 1590 1133 super
1618 1080 1787 1134 aquas
1818 1068 1883 1120 ”.
1927 1085 1944 1117 ι
1977 1066 2064 1120 Si-

489 1152 697 1207 militer
728 1167 956 1223 magnus
984 1151 1188 1207 Paulus
1221 1155 1295 1207 ait
1329 1170 1340 1205 :
1377 1173 1395 1205 ι
1439 1155 1584 1210 Misit
1618 1157 1761 1212 Deus
1801 1155 2063 1226 Spiritum

487 1235 710 1296 Filiisui
731 1240 782 1294 in
810 1240 974 1294 corda
989 1248 1198 1301 nostra,
1222 1241 1542 1297 clamantem
1566 1260 1578 1295 :
1601 1244 1770 1307 Abba,
1799 1243 2058 1298 Pater'h

488 1328 559 1383 ‘Et
584 1331 700 1400 ipse
724 1318 896 1385 Pater,
916 1346 1008 1400 per
1039 1346 1292 1402 magnum
1322 1334 1639 1402 prophetam
1671 1334 1746 1386 ait
1777 1343 1792 1388 :'
1822 1353 1839 1384 ι
1881 1330 2065 1387 Effun—

484 1421 615 1476 dam
649 1422 716 1476 de
751 1421 957 1492 Spiritu
992 1436 1111 1476 meo
1147 1438 1311 1492 super
1337 1438 1553 1478 omnem
1579 1439 1821 1487 carnem,
1855 1432 1907 1479 et
1939 1439 2064 1494 pro-

487 1515 882 1585 phetabunt".
921 1534 940 1567 ι
967 1513 1194 1584 Ipseque
1239 1514 1502 1571 Dominus
1531 1516 1624 1584 qui
1675 1517 1822 1571 venit
1855 1520 2062 1571 salvum

487 1604 675 1660 facere
708 1621 877 1676 genus
901 1605 1216 1671 humanum,
1256 1607 1567 1660 authentica
1599 1622 1728 1662 voce
1759 1606 1868 1662 ait:
1899 1627 1916 1660 ι
1954 1605 2064 1675 Ego

491 1695 551 1751 in
571 1695 732 1751 Patre
759 1703 811 1751 et
827 1696 985 1750 Pater
1015 1697 1070 1750 in
1089 1713 1203 1760 me;
1237 1717 1254 1750 I
1283 1704 1355 1760 et,
1381 1716 1398 1747 ι
1422 1695 1534 1766 Ego
1557 1711 1675 1750 sum
1707 1698 1908 1751 veritas
1931 1698 1974 1728 ³⁸
1998 1714 2012 1759 ;
2038 1717 2056 1747 ι

486 1795 568 1849 et,
594 1805 612 1838 ι
640 1787 695 1841 Si
725 1787 910 1842 abiero
933 1787 997 1842 ad
1029 1787 1243 1841 Patrem
1277 1802 1476 1848 meum,
1501 1802 1607 1840 non
1642 1787 1941 1854 relinquam
1968 1800 2064 1842 vos

487 1879 768 1950 orpbauos
801 1896 813 1931 :
847 1879 940 1934 sed
989 1881 1198 1932 mittam
1243 1878 1398 1932 vobis
1428 1877 1766 1932 Paracletum
1799 1877 2060 1948 Spiritum

493 1973 741 2027 veritatis
765 1973 830 2024 ".
871 1991 888 2022 ι
929 1970 1067 2026 Ecce
1104 1971 1364 2042 Spiritum
1401 1970 1453 2024 in
1491 1972 1740 2032 veritate,
1775 1971 2058 2024 veritatem

498 2065 554 2119 in
603 2065 781 2118 Patre.
818 2061 955 2118 Ecce
1008 2062 1329 2118 Trinitatem
1382 2063 1786 2126 indivisibilem,
1822 2063 2062 2132 triplica-

489 2164 610 2210 tum
642 2155 938 2220 vinculum,
969 2170 1077 2225 quo
1108 2155 1413 2224 manipulos
1439 2157 1898 2225 constringentes,
1932 2153 2064 2209 offe-

2163 607 2366 678 Κυρίου
2395 608 2444 659 οί
2466 606 2684 677 οὐρανοὶ
2711 603 3140 675 ἐστερεώθησαν,
3184 605 3278 657 καὶ
3319 603 3396 674 τῷ
3445 604 3728 675 Πνεύματι

2161 699 2256 752 τοῦ
2295 699 2558 769 στόματος
2581 697 2742 751 αὑτοῦ
2783 698 2932 751 πᾶσα
2965 697 3252 768 ἠδύναμις
3288 696 3498 762 αῦτῶν;
3530 716 3548 748 ι
3595 697 3727 750 Ἰδοὺ

2160 793 2193 861 ἡ
2228 789 2397 862 Τριὰς
2427 790 2747 861 ἀδιαίρετος.
2770 789 2881 842 Καὶ
2902 788 3010 842 πάλ
3030 805 3076 841 ιν
3108 790 3166 841 ὲν
3185 791 3250 860 τῇ
3289 789 3615 859 κοσμοποιίᾳ
3645 787 3724 840 δι-

2161 881 2296 955 ηγοῦ
2307 883 2504 953 μενοςὸ
2525 881 2699 952 μέγας
2724 880 2974 951 θεράπων
3015 879 3218 949 Μωσῆς
3237 896 3250 909 ο
3293 897 3311 930 ι
3336 879 3425 931 Ἐν
3452 878 3591 950 ἀρχῇ
3609 875 3721 946 (64)

2163 975 2416 1044 ἐποίησεν
2441 975 2468 1026 6
2499 972 2630 1035 Θεὸς
2655 971 2745 1024 τὸν
2769 969 2995 1042 οὐρανὸν
3034 972 3127 1023 καὶ
3156 970 3254 1042 τὴν
3303 969 3406 1039 γῆν
3431 985 3444 998 '
3489 969 3521 1039 ἡ
3567 969 3623 1021 δὲ
3652 969 3726 1040 γῆ

2160 1061 2227 1137 ἦν
2257 1067 2483 1136 ἀόρατος
2516 1065 2606 1117 καὶ
2635 1060 3131 1126 άκατασκεύαστος,
3174 1062 3268 1114 καὶ
3319 1061 3504 1122 σκότος
3545 1048 3741 1114 ἐπάνω

2161 1159 2260 1228 τῆς
2288 1157 2546 1222 ἀϐύσσου,
2569 1157 2661 1210 καὶ
2694 1155 2913 1226 Πνεῦμα
2936 1153 3068 1207 Θεοῦ
3097 1153 3392 1225 ἐπεφέρετο
3422 1153 3606 1206 ἐπάνω
3632 1151 3725 1206 τοῦ

2164 1247 2373 1311 ῦδατος.
2421 1267 2438 1299 ι
2489 1247 2718 1318 Ὁμοίως
2754 1246 2848 1299 καὶ
2881 1247 2909 1298 6
2947 1245 3119 1315 μέγας
3152 1244 3360 1307 Παῦλος
3399 1243 3509 1312 (65)
3540 1242 3685 1309 λέγει
3713 1259 3726 1271 ·

2168 1355 2187 1388 ι
2233 1335 2643 1402 Ἐξαπέστειλεν
2682 1335 2710 1387 6
2761 1334 2891 1398 Θεὸς
2935 1334 2994 1387 τὸ
3031 1332 3254 1403 Πνεῦμα
3287 1333 3377 1385 τοῦ
3401 1331 3534 1385 Υίοῦ
3562 1330 3728 1386 αὑτοῦ

2162 1427 2241 1488 είς
2271 1426 2370 1482 τὰς
2395 1426 2620 1496 καρδίας
2640 1423 2797 1495 ἡμῶν
2820 1424 3020 1496 κράζον
3040 1441 3052 1454 ·
3085 1424 3272 1487 Ἀ66ἄ,
3301 1425 3328 1476 6
3353 1424 3596 1494 Πατήρ.»
3618 1423 3729 1477 Kal

2163 1515 2376 1578 αὑτὸςὸ
2423 1515 2611 1586 Πατὴρ
2659 1515 2806 1583 λέγει
2841 1515 2927 1568 διὰ
2981 1515 3074 1568 τοῦ
3124 1515 3356 1586 μεγάλου
3413 1515 3723 1587 προφήτου·

2167 1626 2186 1659 ι
2240 1607 2443 1677 Ἐκχεῶ
2474 1607 2578 1660 άπὸ
2609 1607 2702 1660 τοῦ
2735 1605 3047 1677 Πνεῦματός
3075 1624 3174 1678 μου
3207 1607 3298 1660 ἐπὶ
3331 1608 3506 1660 πᾶσαν
3528 1607 3727 1677 σάρκα,

2162 1699 2255 1752 καὶ
2286 1697 2736 1769 προφητεύσουσι.
2776 1719 2794 1751 ι
2836 1699 2946 1752 Καὶ
2996 1699 3163 1762 αὐτὸς
3206 1699 3235 1751 6
3284 1697 3506 1771 Κύριος,
3560 1697 3729 1751 ἐλθὼν

2166 1790 2333 1841 σῶσαι
2369 1789 2427 1842 τὸ
2458 1789 2613 1857 γένος
2638 1790 2793 1860 ἡμῶν
2819 1789 2926 1842 τῶν
2956 1789 3257 1861 ἀνθρώπων
3294 1789 3580 1860 αὑθεντικῇ
3615 1808 3730 1858 φω-

2161 1885 2225 1952 νῇ
2276 1877 2427 1934 εἶπεν
2461 1899 2474 1912 ·
2516 1903 2532 1932 ι
2575 1881 2715 1949 Ἐγὼ
2763 1883 2821 1934 ἐν
2865 1882 2940 1953 τῷ
2979 1883 3178 1954 Πατρὶ,
3211 1883 3304 1936 καὶ
3355 1883 3383 1934 6
3431 1882 3621 1952 Πατὴρ
3671 1883 3730 1935 ὲν

2160 1971 2316 2042 ἐμοί’
2361 1992 2379 2024 ι
2411 1973 2524 2034 καὶ,
2567 1993 2584 2024 ι
2635 1973 2775 2042 Ἑγὼ
2814 1975 2927 2044 εἰμι
2963 1975 2996 2045 ἡ
3031 1973 3289 2045 ἀλήθεια·
3334 1993 3352 2026 ι
3396 1974 3510 2037 καὶ,
3545 1991 3564 2024 ι
3605 1971 3729 2026 Ἐὰν

2160 2061 2378 2114 ἀπέλθω
2420 2063 2555 2134 πρὸς
2598 2063 2688 2118 τὸν
2747 2063 2967 2136 Πατέρα
3026 2081 3148 2134 μου,
3195 2065 3295 2117 οὐκ
3338 2064 3532 2134 ἀφήσω
3585 2063 3730 2134 ὑμᾶς

2159 2154 2445 2223 ὀρφανοὺς,
2481 2155 2594 2208 ἀλλ’
2636 2155 2915 2208 ἀποστελῶ
2969 2156 3099 2226 ὑμῖν
3135 2157 3226 2210 τὸν
3270 2155 3622 2227 Παράκλητον
3671 2153 3730 2208 τὸ

495 2251 666 2306 rimus
700 2247 868 2304 Patri.
908 2247 1232 2319 Dispereant
1267 2241 1450 2318 itaque
1477 2257 1532 2302 et
1565 2248 1618 2301 hi
1652 2248 1899 2302 homines
1935 2262 2058 2300 cum

2162 2245 2386 2316 Πνεῦμα
2418 2247 2514 2317 τῆς
2540 2245 2811 2317 ἀληθείας.
2852 2265 2869 2297 ›
2920 2247 3050 2300 Ἰδοὺ
3079 2247 3140 2299 τὸ
3163 2245 3385 2317 Πνεῦμα
3411 2247 3466 2298 ὲν
3498 2249 3563 2316 τῇ
3595 2244 3728 2315 άλη-

493 2337 864 2394 Ariomanitis.

2166 2337 2302 2408 θείᾳ,
2335 2339 2366 2408 ἡ
2397 2337 2620 2408 ἀλήθεια
2645 2341 2700 2392 ὲν
2732 2340 2808 2411 τῷ
2841 2339 3036 2410 Πατρί.
3083 2339 3212 2393 Ἰδοὺ
3247 2340 3278 2410 ἡ
3305 2338 3472 2409 Τριάς
3499 2336 3732 2407 ἀδιαίρε-

491 2449 604 2496 τος,
631 2432 691 2485 τὸ
715 2432 1006 2505 τρίπλοκον
1040 2431 1291 2501 σχοινίον,
1323 2433 1381 2485 ὲν
1418 2449 1462 2500 ῳ
1490 2430 1562 2484 τά
1590 2430 1878 2501 δράγματα
1949 2429 2265 2499 σφίγγοντες
2335 2431 2715 2503 προσφέρομεν
2787 2433 2865 2504 τῷ
2913 2431 3104 2503 Πατρί.
3153 2431 3262 2484 Καὶ
3294 2426 3436 2484 οῦτοι
3478 2425 3570 2483 οῦν
3634 2429 3730 2482 σὺν

490 2527 605 2588 τοῖς
635 2525 1062 2596 ’Ᾱρειομανίταις
1100 2524 1393 2580 ἀπώλοντο.

566 2638 619 2693 6.
647 2637 764 2693 Jam
805 2639 1091 2708 loquamur
1132 2639 1394 2695 adversus
1445 2639 1881 2694 infelicissimum
1914 2637 2057 2694 Pau-

497 2729 609 2783 lum
643 2728 800 2800 185
851 2727 1289 2785 Samosatensem
1317 2770 1331 2791 ,
1379 2731 1470 2800 qui
1506 2730 1603 2795 ait,
1656 2729 1944 2785 Dominum
1992 2745 2060 2786 ex

495 2837 604 2892 quo
649 2822 850 2892 prodiit
904 2838 970 2877 ex
1026 2822 1232 2877 intacta
1278 2821 1530 2893 Virgine,
1584 2838 1649 2878 ex
1716 2838 1782 2878 eo
1820 2829 2062 2892 tempore

495 2913 664 2968 fuisse
695 2911 911 2969 Filium.
944 2914 1167 2978 Amens,
1197 2929 1305 2968 non
1339 2913 1539 2988 audisti
1560 2914 1735 2984 ipsum
1767 2912 2059 2967 Dominum

492 3004 763 3059 dicentem
814 3003 881 3058 ad
933 3001 1149 3058 Judazos
1203 3021 1216 3057 :
1273 3021 1290 3054 ι
1343 3002 1504 3058 Pater
1561 3011 1741 3058 vester
1787 3004 2058 3058 Abraham

491 3093 785 3149 exsultavit
813 3101 872 3147 ut
907 3093 1114 3148 videret
1149 3093 1290 3147 diem
1321 3108 1518 3156 meum,
1553 3100 1607 3147 et
1645 3092 1778 3146 vidit
1811 3093 2061 3162 gavisus-

2233 2634 2284 2688 6.
2301 2633 2556 2704 Εἴπωμεν
2571 2635 2661 2688 καὶ
2679 2636 2811 2706 πρὸς
2822 2637 2912 2689 τὸν
2923 2637 3284 2707 ἀτυχέστατον
3298 2636 3731 2708 (66)Σαμοσατέα

2164 2726 2395 2788 Παῦλον,
2424 2727 2516 2780 τὸν
2557 2727 2799 2795 λέγοντα,
2826 2729 2905 2780 ὅτι
2954 2722 3130 2798 ἀφόῦ
3174 2729 3436 2800 προῆλθεν
3482 2731 3590 2783 άπὸ
3631 2733 3729 2803 τῆς

2161 2818 2536 2889 άπειρογάμου
2570 2819 2867 2890 Παρθένου,
2905 2821 3014 2874 ἀπὸ
3045 2822 3165 2874 τότε
3193 2821 3318 2884 Υἱὸς
3338 2822 3725 2892 ἐχρημάτισεν.

2165 2912 2390 2982 Ἀφρον,
2423 2911 2522 2962 οὐκ
2568 2912 2802 2981 ἤκουσας
2859 2911 3024 2964 αὑτοῦ
3080 2909 3173 2963 τοῦ
3223 2912 3427 2981 Κυρίου
3480 2911 3729 2980 λέγοντος

2161 3003 2298 3072 πρὸς
2344 3003 2470 3066 τοὺς
2514 3002 2828 3065 Ἰουδαίουςο
2864 3020 2882 3052 ι
2929 3003 2986 3055 ὐ
3043 3002 3224 3073 πατὴρ
3269 3002 3419 3073 ὑμῶν
3478 3004 3729 3076 Ἀϐραὰμ

2161 3093 2524 3163 ἠγαλλιάσατο
2562 3093 2686 3145 ἰδεῖν
2701 3095 2799 3164 τὴν
2833 3094 3046 3164 ἡμέραν
3067 3093 3164 3166 τὴν
3187 3095 3344 3165 ἐμὴν,
3375 3096 3467 3148 καὶ
3499 3090 3605 3149 εἶδε
3632 3098 3728 3151 καὶ

495 3201 602 3255 que
649 3194 773 3250 est;
845 3204 865 3238 ι
921 3185 1480 3256 respondentibusque
1533 3185 1763 3240 Domino
1818 3160 2058 3254 ingratis

2162 3160 2352 3256 ἐχάρη.
2388 3204 2406 3236 ›
2453 3186 2560 3238 Kal
2609 3184 2714 3236 τῶν
2757 3160 3082 3256 -ἁχανρίστων
3122 3160 3411 3238 ’Ἰουδαίων
3465 3184 3727 3255 λεγόντων

493 3275 747 3333 Judaeis:
790 3295 809 3326 ι
850 3276 1218 3348 Quadraginta
1264 3293 1437 3334 annos
1489 3276 1727 3332 nondum
1774 3277 1965 3342 habes,
2006 3284 2060 3331 et

497 3367 635 3423 dicis
668 3379 719 3423 te
747 3367 1019 3423 Abraham
1059 3369 1298 3424 vidisse?
1333 3390 1351 3422 ι
1387 3370 1687 3440 Respondit
1714 3370 1823 3424 illis
1848 3375 1898 3424 et
1937 3371 2010 3423 ait
2043 3389 2056 3426 :

502 3478 523 3510 ι
556 3462 769 3524 Amen,
819 3475 973 3515 amen
1027 3460 1150 3515 dico
1199 3461 1393 3528 vobis,
1445 3470 1736 3532 antequam
1785 3461 2058 3516 Abraham

497 3551 671 3616 ﬁeret,
690 3565 790 3621 ego
834 3566 954 3606 sum
995 3552 1062 3608 ’⁷.
1105 3571 1123 3602 ι
1159 3549 1217 3606 Si
1263 3562 1553 3622 antequam
1579 3551 1848 3606 Abraham
1884 3550 2055 3618 fieret,

495 3639 612 3711 ipse
640 3648 744 3702 est,
775 3656 881 3711 qua
921 3643 1129 3696 ratione
1161 3649 1217 3696 tu
1255 3643 1412 3705 dicis,
1450 3643 1602 3697 illum
1636 3649 1760 3713 post
1787 3643 2058 3697 carnalem

495 3747 654 3786 statim
687 3731 979 3788 adventum
1012 3732 1208 3788 Filium
1258 3733 1459 3788 factum
1497 3734 1700 3790 fuisse?
1725 3735 1920 3788 Annon
1963 3748 2060 3788 au-

496 3823 622 3878 disti
674 3822 728 3878 in
776 3822 1152 3889 Partemiaste,
1184 3825 1460 3894 quomodo
1509 3825 1627 3894 ipsa
1683 3823 1955 3894 Sapientia
1990 3827 2061 3880 lo-

495 3923 694 3985 quatur
727 3931 741 3967 :
770 3933 790 3966 (
831 3915 943 3987 Ego
988 3931 1135 3971 eram
1169 3932 1274 3986 qua
1322 3917 1612 3987 gaudebat,
1642 3917 1881 3987 quotidie
1913 3919 2060 3972 laeta-

495 4007 596 4061 bar
615 4013 737 4060 ante
765 4006 954 4061 faciem
981 4007 1103 4076 ejus
1133 4009 1200 4069 ’⁸,
1232 4027 1250 4058 ›
1278 4023 1400 4062 cum
1435 4015 1690 4063 conderet
1722 4009 1907 4063 orbem
1963 4010 2058 4062 ad-

497 4110 651 4149 eram
670 4095 806 4166 ipsi?
824 4095 1169 4165 Rursumque
1191 4098 1266 4151 ait
1290 4114 1518 4169 magnus
1539 4100 1627 4154 ille
1643 4099 2056 4154 Parmmiastes:

503 4203 522 4235 ι
559 4183 702 4240 Deus
733 4187 996 4257 sapientia
1032 4187 1277 4242 fundavit
1309 4199 1509 4244 terram
1538 4191 1604 4243 ’⁸.
1647 4209 1665 4240 ι
1706 4189 1891 4244 Viden‘
1911 4205 2056 4244 sem-

497 4291 595 4347 per
632 4276 782 4329 illum
827 4275 880 4328 in
930 4274 1093 4331 Patre
1135 4280 1297 4333 esse?
1340 4278 1402 4332 Et
1447 4294 1676 4350 magnus
1722 4281 2054 4349 Apostolus:

503 4383 522 4416 ι
555 4364 808 4420 Christus
836 4364 928 4420 Dei
963 4366 1137 4422 virtus
1167 4378 1219 4422 et
1249 4365 1340 4423 Dei
1371 4369 1638 4439 sapientia
1671 4369 1737 4423 ³ο.
1778 4387 1794 4419 ι
1822 4367 1960 4434 Quid
1991 4370 2056 4425 ad

2164 3277 2298 3348 πρὸς
2322 3277 2484 3330 αὑτὸν
2517 3277 2606 3330 τὸν
2649 3275 2873 3348 Κύριον,
2915 3295 2933 3327 ι
2984 3277 3150 3331 Οῦπω
3182 3278 3588 3350 τεσσαράκοντα
3631 3279 3726 3351 ἐτη

2162 3365 2324 3437 ἔχεις,
2361 3367 2455 3420 καὶ
2486 3367 2665 3435 λέγεις
2716 3368 3017 3438 ἑωρακέναι
3059 3369 3149 3422 τὸν
3189 3368 3476 3440 Ἀϐραάμ;
3514 3390 3531 3422 ι
3563 3372 3726 3424 Ἀπε⁹

2161 3459 2325 3530 κρίθη
2360 3459 2495 3531 πρὸς
2517 3460 2710 3523 αὐτοὺς
2744 3461 2838 3512 καὶ
2883 3459 3095 3528 ἐλεγενο
3134 3479 3152 3510 ι
3177 3459 3365 3530 Ἀμὴν,
3404 3459 3550 3532 ἀμὴν
3583 3461 3724 3530 λέγω

2161 3551 2307 3621 ὑμῖν,
2349 3551 2477 3621 πρὶν
2518 3549 2765 3621 Ἀϐραὰμ
2802 3550 3072 3619 γενέσθαι,
3101 3550 3211 3619 ἐγώ
3242 3553 3374 3621 είμι.
3415 3569 3432 3602 ι
3471 3553 3555 3617 El,
3595 3553 3724 3625 πρὶν

2172 3641 2419 3712 Ἀϐραὰμ
2442 3641 2708 3709 γενέσθαι,
2735 3641 2896 3705 αὐτός
2921 3645 3059 3705 ἐστι,
3101 3643 3216 3706 πῶς
3243 3642 3438 3711 λέγεις,
3470 3643 3552 3696 ὅτι
3585 3644 3723 3716 μετὰ

2158 3733 2255 3804 τὴν
2289 3733 2548 3804 ἔνσαρκον
2590 3733 2751 3786 αὑτοῦ
2794 3734 3096 3805 παρουσίαν
3146 3735 3272 3798 Υίὸς
3321 3735 3721 3806 ὲχρημάτισεν;

2161 3826 2274 3878 υῦκ
2300 3826 2535 3895 ἤκουσας
2570 3828 2626 3878 ὲν
2649 3825 2728 3896 τῷ
2753 3827 3148 3898 Παροιμιαστῇ,
3187 3828 3322 3898 αὐτὴ
3345 3829 3377 3898 ἡ
3407 3828 3575 3897 Σοφία
3609 3828 3725 3891 πῶς

2159 3917 2371 3984 ἔλεγεν·
2403 3937 2421 3969 ι
2472 3917 2610 3985 Ἐγὼ
2643 3919 2788 3990 ἥμην
2828 3919 2965 3986 (67),
3081 3920 3406 3991 προσέχαιρε
3430 3937 3444 3950 ·
3481 3919 3725 3991 καθημέ-

2164 4025 2260 4080 ραν
2286 4009 2656 4079 εὐφραινόμην
2691 4011 2748 4062 ὲν
2781 4009 3057 4082 προσώπῳ
3086 4010 3270 4074 αὑτοῦ,
3306 4030 3323 4062 ι
3362 4012 3450 4064 ὅτε
3498 4013 3722 4082 ἐποίησε

2158 4099 2256 4170 τὴν
2280 4100 2624 4171 οἰκουμένην,
2657 4101 3028 4172 συμπαρήμην
3061 4101 3241 4172 aii-up;
3277 4103 3388 4155 Kal
3433 4102 3594 4156 πάλιν
3640 4102 3725 4155 λέ-

2159 4207 2242 4259 γει
2271 4191 2299 4242 6
2339 4190 2512 4261 μέγας
2537 4192 2946 4262 Παροιμιαστής
2972 4191 3102 4261 (68)”
3145 4211 3162 4244 ι
3205 4193 3262 4246 '0
3298 4193 3429 4256 Θεὸς
3455 4197 3522 4264 τῇ
3562 4194 3722 4264 σοφίᾳ

2159 4281 2488 4351 ἐθεμελίωσε
2511 4280 2609 4351 τὴν
2629 4282 2750 4352 γῆν.
2788 4300 2805 4332 ι
2845 4281 2972 4335 Ἰδοὺ
3005 4281 3090 4334 άεί
3126 4283 3271 4338 ἐστιν
3304 4284 3361 4338 ὲν
3390 4283 3467 4355 τῷ
3507 4285 3719 4356 Πατρί·

2159 4374 2253 4424 καὶ
2281 4372 2308 4423 6
2337 4371 2508 4442 μέγας
2537 4371 2851 4436 Ἀπόστολος
2875 4388 2888 4401 ·
2922 4391 2940 4423 ι
2969 4373 3200 4445 Χριστὸς
3224 4373 3356 4427 Θεοῦ
3377 4374 3600 4445 δύναμις
3628 4375 3722 4431 καὶ

501 4455 616 4511 haec
663 4455 952 4524 respondet
995 4456 1220 4513 insanus
1275 4458 1708 4514 Samosatensis?
1753 4457 1874 4528 Ipse
1916 4475 2055 4529 quo-

2161 4461 2291 4513 Θεοῦ
2327 4462 2507 4530 σοφία.
2550 4482 2568 4515 ι
2591 4462 2655 4515 Τί
2683 4463 2819 4534 πρὸς
2845 4464 3017 4517 ταῦτα
3044 4463 3189 4532 λέγει
3225 4466 3253 4518 6
3287 4466 3510 4536 ἀνόητος
3543 4467 3720 4538 Σαμο-

496 4564 604 4617 que
657 4547 899 4602 divinum
944 4549 1046 4605 hoc
1089 4567 1296 4606 merum
1347 4552 1403 4606 in
1442 4566 1636 4620 aquam
1693 4559 2050 4617 convertens,

497 4653 621 4692 cum
650 4639 896 4706 bibisset,
927 4657 1064 4712 aqua
1092 4643 1359 4698 intercute
1387 4644 1660 4699 distentus
1691 4658 1814 4697 cum
1836 4642 2054 4699 Arianis

496 4728 720 4786 interiit.

563 4888 607 4918 ’ί
646 4886 794 4943 Psal.
827 4902 1009 4951 xxx",
1045 4887 1099 4944 6.
1173 4889 1219 4920 ”
1256 4888 1451 4944 Cenes.
1491 4904 1529 4948 ι.
1568 4888 1617 4948 1,
1643 4888 1698 4942 2.
1774 4888 1818 4919 "
1857 4886 2029 4941 Galat.

568 4975 607 5010 ι.
645 4957 710 5010 7:
749 4972 838 5010 xw
874 4957 977 5010 18:
1017 4974 1104 5010 xv.
1140 4957 1231 5010 26.
1306 4959 1349 4988 "
1387 4956 1543 5010 Joan.
1581 4973 1710 5010 vm.
1746 4957 1932 5010 56-58.
2008 4959 2053 4989 “

2175 4887 2228 4942 6.
2303 4886 2347 4918 "
2385 4885 2499 4940 Jocl
2535 4902 2604 4952 ιι,
2637 4886 2728 4942 28.

2161 4973 2253 5010 ον.
2291 4972 2423 5010 vm.
2459 4957 2548 5010 50.
2651 4958 2697 4988 "

2140 4973 2253 5012 rov.
2291 4973 2388 5010 vm
2408 4996 2423 5021 ,
2460 4973 2548 5013 au.

493 4973 607 5025 xvi,
645 4957 710 5024 7;
749 4972 838 5012 xw
874 4957 977 5023 18;
1017 4974 1104 5021 xv,
1140 4957 1231 5012 26.
1306 4959 1349 4988 "
1387 4956 1543 5011 Joan.
1581 4973 1710 5021 vm,
1746 4957 1932 5013 56-58.

559 5159 918 5235 (64)__Gobler.
953 5169 1007 5216 et
1034 5160 1264 5235 _Felc._
1285 5162 1401 5235 ._Kal
1421 5165 1476 5216 ὲν
1498 5166 1563 5234 τῇ
1590 5157 1918 5235 κοσμογονίᾳ
1936 5165 2056 5219 Μω-

496 5231 626 5300 σῆςο
654 5231 759 5285 Ἔν
1029 5231 1156 5299 Seg.
1194 5231 1418 5312 ibidem,
1455 5231 1658 5306 Μωσῆς
1687 5231 1852 5302 λέγει.

566 5299 676 5353 (65)
707 5303 813 5353 Του
911 5318 1038 5353 ατος
1079 5303 1174 5353 καὶ
1222 5303 1450 5353 Παυλος.
1487 5302 1704 5353 Gohler.
1734 5311 1786 5353 et
1825 5303 1852 5353 F

566 5299 676 5370 (65)
707 5301 813 5353 Τοῦ
834 5299 1038 5366 ’ὕδατος
1079 5303 1174 5355 καὶ
1222 5301 1450 5365 Παῦλος.
1487 5299 1704 5358 Gobler.
1734 5299 1786 5356 et
1825 5302 1970 5358 Felc.
2006 5305 2057 5360 1.

499 5368 827 5453 Eat‘tlo‘post,
848 5371 1030 5453 iidem,
1070 5374 1126 5453 ἐν
1159 5373 1558 5453 ταῖςΛκαρδίαιΞ
1579 5372 1825 5453 ﬁniam...
1858 5375 2058 5453 πατήρ.

500 5439 606 5490 Kal
645 5438 796 5514 ξιωὴλ
848 5442 921 5514 ei
943 5441 1233 5514 προσῴπου
1282 5438 1414 5514 Θεοῦ
1440 5459 1467 5514 '_
1503 5438 1774 5514 Exit-:6)...
1799 5444 1892 5495 καὶ
1931 5438 2063 5514 πρὸ·

501 5506 844 5581 ψητεῦσουσι.
881 5506 1001 5581 Κατ
1018 5511 1046 5563 6
1073 5510 1274 5581 Κύριος
1292 5526 1306 5541 ⁸
1351 5510 1489 5578 Ἐγὼ
1515 5513 1570 5564 ὲν
1591 5506 1642 5564 τ’.

569 5576 682 5659 (66)
724 5577 1116 5659 Ἀτυχέστατον
1163 5576 1332 5659 'd_eest_
1374 5576 1445 5659 in
1477 5581 1792 5659 G_(_)bler_._et
1826 5578 2062 5659 Felc.},

504 5643 674 5718 Paulo
701 5657 826 5716 post
855 5643 914 5702 in
942 5646 1157 5704 iisdem.
1189 5649 1271 5702 ὅτι
1301 5649 1472 5705 deest.
1506 5650 1624 5703 Mox
1649 5649 1832 5709 iidem,
1859 5649 2066 5718 Παρθέ-

505 5732 609 5787 ςου,
652 5717 880 5787 Ἔκτοτε
919 5717 1330 5787 χρηματίσαντα
1373 5719 1464 5772 τὸν
1514 5719 1648 5771 υἱόν.
1695 5717 2067 5787 Ἀφρονίοὺκ

506 5785 738 5856 ἧκουσας
785 5786 881 5840 τοῦ
930 5785 1135 5856 Κυρίου
1167 5785 1413 5854 λέγοντος
1462 5790 1572 5850 τοῖς
1626 5785 1918 5857 μαθηταῖς·
1956 5787 2066 5842 Καὶ

2162 4552 2374 4615 σατεὺς,
2401 4553 2491 4604 καὶ
2517 4546 2690 4616 οὗτος,
2727 4552 3066 4624 ἐξυδαρώσας
3094 4554 3187 4608 τὸν
3239 4554 3378 4608 θεῖον
3427 4555 3618 4609 τοῦτον
3646 4552 3722 4608 οῖ-

2158 4661 2268 4704 νον,
2292 4643 2385 4696 καὶ
2407 4641 2566 4706 πιὼν,
2618 4645 2711 4698 καὶ
2760 4645 3158 4715 τυμπανωθεὶς,
3209 4645 3452 4699 ἀπώλετο
3488 4648 3585 4701 σὺν
3609 4647 3720 4711 τοῖς

2175 4734 2624 4806 ’Λρειομανίταις.

2803 4887 2848 4919 ’⁸
2884 4885 3045 4942 Joan.
3085 4903 3193 4953 xlv,
3234 4887 3321 4952 10,
3350 4887 3403 4942 6.
3478 4890 3524 4921 ⁸⁸
3557 4887 3716 4944 Joan.

2651 4958 2697 4988 "
2736 4955 2897 5011 Prov.
2934 4973 3028 5023 Ill,
3068 4955 3152 5011 19.
3240 4957 3285 4989 ³⁸
3323 4956 3342 5010 1
3373 4958 3500 5015 Cor.
3538 4973 3593 5025 ι,
3626 4961 3714 5014 24.

2170 5162 2418 5250 ’ᾼόραάμ
2434 5161 2711 5250 lixam"...
2731 5161 2824 5250 ξαὶ
2856 5161 2978 5250 ἰδὼν
3008 5161 3198 5250 ἐχάρη.
3363 5162 3718 5250 ξὶἜουδαίων

2157 5231 2446 5304 εἰπόντων]
2465 5231 2636 5304 Οῦπω
2659 5239 2712 5304 μζ
2737 5232 2829 5304 ἐτη
2859 5233 3010 5303 ἔχη..
3037 5231 3330 5303 ή⁶Α6ραάμ;
3385 5234 3442 5286 '0
3469 5232 3526 5285 δέ
3549 5249 3713 5304 φησι·

2157 5305 2294 5373 Ilpr
2322 5300 2588 5373 nemp
2616 5300 2726 5371 ἐγώ
2751 5300 2886 5373 ειμι.

2231 5371 2338 5441 (b7)
2371 5369 2681 5442 Goblerian‘.
2716 5381 2769 5426 et
2801 5369 2944 5427 Felc.
2996 5371 3047 5442 l,
3076 5369 3377 5442 παρουσίαν
3417 5371 3716 5442 ἐχρημάτι-

2159 5438 2249 5514 σεέ
2283 5438 2376 5494 καὶ
2404 5440 2564 5495 πάλιν
2621 5442 2651 5494 6
2692 5440 3096 5514 Παροιμιαστὴς
3137 5438 3194 5493 ἔν
3235 5443 3298 5511 τῇ
3337 5438 3716 5513 Σοφ’ίᾲ·”Ἐγὼ

2375 5578 2520 5643 Haec,
2540 5580 2688 5650 λέγει
2717 5582 2745 5633 ὁ
2770 5582 2937 5650 μέγας
2965 5580 3394 5650 Παροιμγιαστής,
3426 5578 3626 5650 desunt
3658 5578 3672 5630 i

2231 5591 2342 5650 (ιῑδ)
2375 5591 2520 5643 meo,
2543 5591 2688 5649 λέγει
2717 5591 2745 5633 ο
2811 5591 2937 5649 έγας
2966 5591 3394 5650 ιιαροιμιαστής,
3427 5591 3626 5632 desunt
3658 5591 3716 5632 In

2161 5648 2377 5718 Gobler.
2429 5658 2482 5702 et
2518 5649 2660 5705 Felc.
2698 5599 2945 5703 iﬁPaulo
2991 5659 3132 5718 post,
3169 5649 3292 5718 S’eg.
3332 5656 3386 5703 et
3424 5647 3588 5718 Ba_sil.
3621 5647 3716 5718 καὶ

2162 5717 2322 5771 πάλιν
2367 5719 2513 5786 λέγει
2550 5721 2578 5771 6
2621 5720 2790 5789 μέγας
2828 5715 3163 5782 Ἀπόστολος.
3202 5715 3362 5775 αοω.
3385 5725 3440 5773 et
3477 5715 3626 5773 Felc.
3661 5716 3712 5784 1,

2165 5789 2257 5840 καὶ
2294 5790 2323 5840 6
2363 5788 2695 5851 Ἀπόστολος.
