4066 6388
324 235 423 294 5i!-

1305 225 1537 284 SEBMO
1572 227 1851 285 CONTRA
1890 223 2122 280 ORINES
2163 223 2524 280 HERESES.

3457 222 3566 278 5H

393 347 440 400 7.
486 343 743 414 Εἴπωμεν
775 342 866 396 καὶ
915 340 1050 413 πρὸς
1089 339 1214 400 τοὺς
1268 341 1666 406 ἀσεϐεστάτους
1717 343 1883 396 Μανι-

2060 340 2112 394 7.
2135 333 2255 395 lam
2281 341 2442 395 verba
2468 339 2734 394 faciamus
2759 337 3025 394 adversus
3059 335 3416 408 impiissimos
3447 335 3566 390 hla-

323 439 523 511 χαίους,
563 439 690 499 τοὺς
729 436 980 507 τρυγιοῦς
1019 433 1125 487 τῶν
1170 433 1375 488 κακῶν.
1426 432 1496 488 *Ω
1537 436 1888 490 ἀσεϐέστατοι

325 531 625 598 Μανιχαῖοι,
653 526 838 596 λέγετε
871 525 964 578 δύο
1006 525 1332 587 ὑποστάσεις
1383 522 1543 592 εἶναι,
1585 525 1789 596 ἀγαθοῦ
1828 543 1887 581 τε

325 624 410 675 καὶ
444 620 715 692 πονηροῦ;
762 618 872 672 Καὶ
918 617 1097 687 λέγεις
1121 618 1211 671 τὸν
1244 619 1480 690 πονηρὸν
1513 618 1620 689 (69)
1667 619 1888 672 Θέλοντα

326 711 585 783 μάχεσθαι
619 708 697 780 τῷ
726 701 941 778 ἀγαθῷ,
972 707 1058 761 ἵνα
1084 706 1222 780 λάϐῃ
1259 709 1424 780 μέρος
1454 725 1540 762 τι·
1573 709 1666 762 καὶ
1694 709 1724 761 6
1747 710 1887 778 ἀγα-

324 805 425 867 θὸς,
460 803 645 872 φησὶν,
689 801 887 870 ἀγαθὸς
917 800 992 854 ὢν
1031 801 1125 854 καὶ
1169 801 1244 873 μὴ
1277 801 1446 855 θέλων
1477 801 1765 871 μάχεσθαι,
1799 801 1886 855 δέο

320 895 450 948 ὃωκε
479 889 886 964 παραχωρήσας
921 893 1082 966 μέρος
1104 911 1156 946 τι
1186 893 1264 964 τῷ
1291 893 1532 965 πονηρῷ,
1577 894 1670 948 καὶ
1695 894 1885 962 γέγονε

319 985 391 1056 τῷ
431 985 656 1056 πονηρῷ
687 986 745 1038 ἓν
783 986 952 1055 ἥμισυ
1005 985 1187 1056 μέρος,
1239 987 1332 1039 καὶ
1379 986 1454 1057 τῷ
1483 985 1675 1057 ἀγαθῴ
1712 988 1884 1057 1ἡμισυ

323 1079 497 1149 μέρος.
547 1078 658 1130 Καὶ
711 1077 1105 1148 μεταμεληθὲν,
1158 1079 1348 1148 φησιν,
1394 1074 1525 1149 ἦλθε
1575 1079 1638 1132 τὸ
1683 1079 1886 1148 ἀγαθὸν

321 1168 834 1240 παρασκευάσασθαι
866 1169 945 1232 είς
975 1169 1230 1240 πόλεμον,
1253 1171 1346 1222 καὶ
1379 1170 1741 1241 ἐσχημάτισεν
1768 1172 1888 1224 ἐαυ-

319 1262 402 1314 τὸν
433 1265 488 1314 ὲν
511 1260 588 1331 τῷ
609 1261 702 1314 τοῦ
735 1258 970 1331 πονηροῦ
1003 1261 1257 1331 σχήματι.
1297 1261 1582 1333 Ἀλλ’(70),
1619 1256 1663 1314 ὦ
1697 1262 1886 1314 ἀσεϐέ-

323 1369 470 1406 στατε
493 1355 782 1422 Μανιχαῖε,
811 1353 898 1406 ὅτε
929 1351 1218 1424 ὁλόκληρον
1255 1349 1322 1425 ἦν
1347 1354 1406 1406 τὸ
1435 1355 1654 1422 ἀγαθὸν,
1683 1354 1882 1423 λέγεις,

321 1446 424 1498 Ούκ
465 1443 698 1517 ἠθέλησε
731 1444 1022 1516 μάχεσθαι,
1067 1447 1160 1498 καὶ
1199 1447 1287 1499 ὅτε
1320 1447 1492 1517 ἥμισυ
1535 1446 1777 1514 γέγονεν,
1809 1447 1884 1507 ὡς

320 1537 508 1605 λέγεις,
546 1539 627 1601 είς
661 1536 894 1609 πόλεμον
925 1533 1078 1609 ἦλθε.
1119 1537 1218 1592 Διά
1249 1537 1408 1592 τοῦτο
1437 1537 1582 1606 λέγει
1623 1541 1651 1591 6
1696 1537 1883 1592 ἀσεϐέ-

325 1645 505 1691 στατος
537 1630 857 1700 Μανιχαῖος,
901 1633 982 1685 ὅτι
1015 1651 1033 1683 ι
1065 1627 1266 1684 τΗλθον
1297 1629 1528 1701 ζητῆσαι
1569 1629 1627 1683 τὸ
1667 1633 1881 1684 ἀπολω-

1991 434 2230 489 nichceos
2269 434 2538 488 malorum
2596 433 2778 488 faeces.
2815 430 2858 486 Ο
2885 431 3198 502 impiissimi
3254 428 3563 494 Maniclnei,

1989 525 2175 579 dicitis
2197 525 2337 581 duas
2369 541 2490 580 esse
2519 524 2887 585 substantias,
2918 523 3046 578 boni
3080 521 3290 577 scilicet
3322 529 3376 576 et
3401 519 3569 575 mali?

1990 616 2203 680 Dicitis,
2225 618 2471 688 inquam,
2505 618 2708 671 malum
2749 632 2990 687 pugnare
3022 615 3265 670 voluisse
3295 629 3420 668 cum
3466 614 3566 668 bo-

1988 724 2080 770 no,
2103 717 2160 763 ut
2182 706 2388 779 partem
2423 709 2714 779 quamdam
2749 709 2852 764 sibi
2877 717 3117 763 sumeret
3147 725 3160 761 :
3187 707 3389 760 bonum
3413 721 3562 772 vero,

1988 815 2112 854 cum
2147 809 2334 870 utpote
2374 801 2600 864 bonum,
2643 817 2886 871 pugnare
2916 801 3108 861 nollet,
3143 807 3346 869 partem
3369 813 3566 868 qnam—

1987 889 2112 943 dam
2161 891 2304 944 malo
2353 899 2548 961 sponte
2599 893 2868 957 cessisse;
2897 891 2969 945 ita
2999 897 3057 944 ut
3089 905 3216 959 pars
3261 903 3368 942 una
3418 889 3566 942 malo

1987 997 2111 1036 cum
2137 983 2365 1038 dimidio
2425 983 2668 1050 cederet,
2700 984 2988 1039 dimidium
3024 990 3237 1037 tantum
3277 982 3448 1052 partis
3478 982 3562 1035 al-

1989 1073 2161 1128 terius
2216 1074 2362 1128 bono
2407 1075 2710 1128 obveniret.
2771 1073 2909 1127 Tum
2966 1072 3289 1144 poenitentia
3334 1071 3561 1127 ductum

1986 1167 2187 1221 bonum
2217 1182 2337 1222 sese
2363 1168 2428 1220 ad
2476 1168 2678 1222 bellum
2723 1167 3072 1229 instruxisse,
3093 1179 3254 1235 atque
3275 1165 3402 1218 mali
3437 1179 3569 1235 spe-

1985 1260 2122 1314 ciem
2150 1259 2416 1314 induisse.
2447 1258 2669 1321 V’erum,
2690 1274 2722 1310 o
2751 1258 3072 1328 impiissime
3100 1257 3560 1323 Manichaee,cum

1985 1352 2257 1422 integrum
2296 1359 2442 1406 esset
2500 1351 2725 1410 bonum,
2753 1351 2835 1404 ais
2890 1351 3134 1404 noluisse
3162 1363 3437 1420 pugnare;
3465 1347 3566 1402 ubi

1985 1457 2115 1497 vero
2145 1441 2210 1496 ad
2247 1441 2529 1496 dimidiam
2556 1450 2788 1511 partem,
2827 1446 2884 1494 ut
2913 1441 3014 1503 ais,
3044 1439 3322 1493 redactum
3351 1447 3456 1502 est,
3492 1437 3566 1491 ad

1984 1533 2184 1586 bellum
2211 1535 2500 1602 processit.
2531 1532 2608 1587 Eo
2637 1539 2867 1603 spectat,
2900 1531 2975 1584 ait
3005 1530 3364 1599 impiissimus
3389 1527 3562 1584 Mani-

1985 1625 2192 1690 chaeus,
2217 1625 2352 1678 illud
2389 1642 2402 1679 ε
2439 1643 2457 1676 ι
2493 1623 2630 1678 Veni
2661 1638 2906 1693 quaarere
2935 1621 3079 1692 quod
3106 1621 3340 1690 perierat
3372 1621 3438 1676 ³³.
3472 1639 3489 1672 ι
3515 1620 3560 1674 0

319 1719 418 1784 λός.
459 1739 478 1770 ι
551 1721 617 1772 Ὢ
654 1721 852 1793 πολλῆς
895 1723 1239 1795 ἀφροσύνηςῑ
1274 1722 1382 1775 Ποῦ
1425 1717 1516 1775 οὖν
1554 1721 1634 1774 ἔτι
1680 1721 1882 1790 ἀγαθοῦ

1988 1718 2260 1787 ingentem
2308 1717 2630 1772 stultitiam!
2668 1715 3021 1786 Ecquodnam
3069 1713 3183 1783 jam
3237 1713 3367 1767 boni
3417 1712 3561 1766 indi-

319 1813 630 1885 γνὼρισμα;
685 1815 932 1868 Μάλιστα
975 1815 1057 1868 ὃτι
1111 1815 1202 1868 καὶ
1260 1813 1354 1866 τοῦ
1409 1813 1645 1884 πονηροῦ
1699 1814 1882 1884 σχῆμα

318 1906 534 1960 ἀνέλαϐε
572 1908 714 1961 κατὰ
750 1909 858 1978 (71)
899 1908 977 1961 σέ.
1010 1909 1221 1978 Ὥσπερ
1254 1906 1628 1960 οἰκοδεσπότου
1653 1909 1882 1974 γυναῖκα

319 1998 406 2050 ὲάν
433 1997 724 2070 ζωγράφος
747 2000 929 2072 γράψῃ
955 2002 1011 2053 ὲν
1037 2000 1203 2053 είκόνι
1236 1999 1574 2072 παραχρῆμα
1608 2000 1878 2070 ἀσέμνως,

320 2088 404 2139 καὶ
429 2085 834 2160 παρερχόμενος
853 2091 882 2142 6
910 2089 1291 2158 οἰκοδεσπότης
1316 2089 1400 2161 ἴδῃ
1425 2089 1521 2161 τὴν
1550 2089 1683 2142 ἰδίαν
1707 2106 1881 2158 γαμε-

318 2183 409 2254 τὴν
442 2185 594 2256 παρά
634 2185 818 2256 σχῆμα
860 2181 1043 2247 οὖσαν,
1078 2185 1200 2248 ούκ,
1234 2184 1507 2256 ὀργισθεὶς
1539 2183 1632 2236 καὶ
1673 2183 1882 2254 πλήρης

318 2273 480 2345 θυμοῦ
522 2278 807 2347 γινόμενος
855 2276 963 2348 (72)
1006 2277 1288 2347 ἀναιρήσει
1332 2276 1423 2328 τὸν
1476 2275 1630 2330 τοῦτο
1683 2273 1882 2344 τολμή-

317 2383 474 2420 σαντα
523 2369 790 2438 ποιῆσαι;
827 2368 984 2438 Πόσῳ
1027 2368 1224 2438 μᾶλλον
1257 2367 1346 2420 τὸν
1388 2367 1634 2436 λέγοντα,
1677 2367 1756 2419 ὃτι
1787 2364 1880 2417 τοῦ

317 2458 544 2530 πονηροῦ
580 2460 766 2531 σχῆμα
823 2459 1118 2524 ἀνέλαϐεν;
1181 2459 1544 2530 ’ἰσχυρότερον
1592 2461 1707 2511 ἐστι
1771 2455 1880 2510 τοί-

315 2567 420 2614 νυν,
457 2546 517 2605 οὗ
575 2553 924 2622 ἀπεχρήσατο
973 2551 1036 2604 τὸ
1084 2552 1287 2622 σχῆμα.
1326 2550 1510 2605 Ταῦτα
1559 2550 1666 2603 τῶν
1709 2551 1880 2623 ἀφρό-

320 2659 413 2696 ιιων
463 2645 559 2698 καὶ
637 2643 850 2698 ἀσεϐῶν
915 2643 983 2696 τὰ
1035 2644 1377 2714 τολμήματα.
1435 2638 1504 2695 Ὦ
1553 2642 1881 2696 ἀσεϐέστατε

311 2736 493 2808 τρυγιὲ
540 2737 650 2790 τῶν
683 2723 867 2790 κακῶν
899 2738 1168 2808 Μανιχαῖε
1217 2737 1352 2807 (73),
1388 2737 1486 2789 οὐκ
1527 2737 1764 2807 ἤκουσας
1788 2737 1880 2789 τοῦ

315 2829 586 2883 Ματθαίου
615 2830 866 2898 λέγοντος
911 2831 1038 2901 περὶ
1069 2831 1167 2900 τῆς
1195 2829 1657 2900 ὲνανθρωπήσεως
1681 2845 1695 2858 σ
1740 2848 1758 2878 ι
1795 2828 1885 2880 Βί-

316 2918 432 2982 ϐλος
487 2919 754 2987 γενέσεως
815 2918 986 2990 Ἰησοῦ
1044 2917 1282 2988 Χριστοῦ
1334 2916 1458 2970 υἱοῦ
1515 2917 1698 2978 Δαϐὶδ,
1766 2917 1880 2970 υἱοῦ

326 3010 601 3082 Ἀϐραάμ;
640 3030 659 3061 ι
700 3009 836 3062 Ἀλλ’
861 3013 993 3081 ὲρεῖ,
1019 3011 1101 3063 ὅτι
1135 3010 1209 3064 υύ
1240 3010 1463 3080 δέχομαι
1495 3009 1593 3080 τὴν
1619 3008 1878 3062 Παλαιὰν.

1988 1810 2172 1864 cium?
2213 1825 2338 1863 cum
2379 1809 2613 1863 maxime
2643 1818 2696 1862 tu
2734 1809 2907 1871 dicas,
2961 1806 3140 1876 ipsum
3170 1806 3577 1861 maliinduisse

1983 1901 2243 1972 speciem.
2287 1899 2357 1955 Ut
2380 1901 2427 1956 si
2460 1902 2632 1972 pictor
2669 1900 2943 1970 quispiam
2980 1898 3396 1970 patrisfamilias
3425 1913 3563 1952 uxo-

1982 2009 2096 2048 rem
2145 1991 2469 2048 festinanter
2523 1991 2909 2056 indecentique
2959 1991 3133 2044 forma
3178 1990 3438 2060 depingat
3501 1990 3557 2043 in

1983 2085 2242 2155 imagine,
2283 2092 2398 2137 tum
2431 2083 2829 2156 paterlamilias
2853 2081 3255 2152 prsetereundo,
3281 2081 3574 2136 indecenti.

1982 2175 2157 2231 forma
2179 2192 2402 2232 uxorem
2438 2178 2636 2240 videat,
2663 2191 2847 2229 nonne
2868 2175 2948 2229 ira
2975 2175 3269 2242 furoreque
3292 2173 3557 2244 percitus,

1982 2269 2246 2338 pictorem
2269 2269 2360 2338 qui
2394 2267 2496 2322 hoc
2521 2283 2691 2324 ausus
2714 2267 2816 2321 fuit
2840 2265 2907 2320 de
2939 2265 3117 2321 medio
3139 2263 3575 2330 tollet?Quanto

1982 2362 2155 2432 magis
2187 2377 2310 2414 eum
2341 2361 2435 2430 qui
2490 2361 2566 2413 ait
2608 2360 2832 2422 bonum,
2867 2357 2996 2410 mali
3051 2357 3288 2427 speciem
3345 2371 3560 2411 assum-

1981 2451 2198 2520 psisse?
2229 2449 2283 2504 ld
2322 2450 2488 2521 igitur
2531 2448 2690 2518 cujus
2741 2449 2924 2519 specie
2957 2448 3082 2518 quis
3129 2447 3323 2511 utitur,
3372 2453 3568 2500 utente-

1981 2549 2065 2596 est
2096 2541 2468 2612 praestantius.
2503 2539 2567 2594 Hi
2599 2540 2892 2595 stultorum
2939 2538 3346 2609 impiorumque
3382 2535 3562 2590 homi-

1981 2651 2113 2688 num
2149 2645 2277 2690 sunt
2308 2651 2499 2690 ausus.
2532 2633 2576 2690 Ο
2617 2634 2946 2704 impiissime
2971 2645 3026 2706 et
3077 2633 3344 2687 malorum
3377 2630 3560 2694 faeces,

1985 2727 2299 2790 Manichaee,
2359 2743 2546 2782 annon
2595 2728 2792 2782 audisti
2842 2725 3152 2782 Matthaaum
3194 2725 3261 2780 de
3304 2726 3562 2779 incarna-

1983 2820 2131 2874 tione
2162 2820 2432 2874 dicentem
2470 2838 2483 2874 :
2524 2837 2543 2872 ι
2581 2819 2741 2874 Liber
2773 2819 3144 2890 generationis
3175 2816 3306 2873 Iesu
3356 2817 3561 2872 Christi

1985 2914 2079 2967 lilii
2115 2911 2304 2975 David,
2333 2913 2429 2967 lilii
2484 2912 2845 2968 Abraham".
2875 2929 2893 2963 ι
2927 2911 2996 2964 At
3055 2907 3349 2979 respondet
3380 2927 3392 2962 :
3439 2905 3558 2960 Non

1985 3004 2218 3059 admitto
2253 3002 2422 3060 Vetus
2474 3003 2908 3059 Testamentum.
2952 3000 3232 3071 Reponam
3269 3013 3414 3068 ego:
3457 2997 3560 3051 Ec-

312 3102 416 3154 Καὶ
453 3102 564 3172 ἐγὼ
602 3101 713 3173 ἐρῶ
740 3102 876 3173 πρὸς
907 3103 1099 3154 αὐτόν·
1139 3102 1238 3155 Διά
1273 3102 1326 3153 τί
1373 3103 1434 3154 ού
1464 3101 1591 3172 δέχῃ
1632 3101 1730 3171 τὴν
1765 3101 1878 3154 Ποι-

1985 3098 2111 3166 quid
2143 3105 2226 3152 est
2261 3099 2404 3168 quod
2459 3112 2568 3150 non
2605 3096 2851 3149 admittis
2884 3093 3056 3148 Vetus
3105 3090 3515 3146 Testamentum
3539 3088 3568 3142 7

312 3191 491 3257 λαιάν;
525 3193 638 3245 Ούκ
664 3193 903 3263 ἡκούσας
927 3191 1093 3244 αὑτοῦ
1127 3191 1222 3244 τοῦ
1261 3191 1466 3262 Κυρίου
1498 3191 1746 3260 λέγοντος
1773 3195 1883 3255 τοῖς

313 3283 689 3346 ἀσεϐεστάτους
735 3283 827 3336 καὶ
869 3282 1184 3352 ἀχαρίστοις
1237 3280 1545 3342 Ἰουδαίοις
1592 3298 1609 3329 ι
1659 3281 1719 3332 El
1765 3281 1884 3332 ἐπι-

315 3376 524 3429 στεύετε
562 3376 758 3446 Μωσῇ,
790 3374 1101 3427 ἐπιστεύετε
1130 3373 1194 3426 ἂν
1232 3373 1374 3443 ἐμοὶ,
1405 3373 1487 3424 ὅτι
1525 3371 1730 3440 Μωσῆς
1756 3373 1882 3443 περὶ

313 3468 438 3537 ἐμοῦ
472 3466 724 3536 ὲλάλησε.
763 3486 782 3518 ι
817 3465 881 3518 Τί
906 3465 1184 3534 ἐλάλησεν,
1209 3457 1253 3516 ὧ
1283 3463 1488 3534 Κύριε;
1529 3481 1546 3514 ι
1591 3464 1882 3535 Προφήτην

315 3558 436 3628 ὑμῖν
476 3557 587 3628 (74)
624 3558 914 3628 ἀναστήσει
940 3556 1142 3628 Κύριος
1180 3557 1246 3608 ἐκ
1288 3555 1394 3607 τῶν
1420 3554 1662 3623 ἀδελφῶν
1707 3555 1879 3626 ὑμῶν,

313 3649 383 3711 ὡς
410 3649 529 3720 ἐμέ.
565 3668 582 3700 ι
623 3649 824 3701 Τοῦτον
845 3648 934 3700 τὸν
962 3650 1247 3720 προφήτην
1269 3646 1534 3717 ὡμολόγει
1562 3649 1594 3716 ἡ
1640 3645 1882 3717 μακαρία

314 3741 634 3812 Σαμαρεῖτις
663 3741 774 3810 (75)
806 3739 1070 3808 λέγουσαο
1101 3757 1120 3789 ‹
1163 3739 1352 3812 Κύριε,
1398 3738 1603 3809 θεωρῶ,
1631 3739 1711 3791 ὅτι
1745 3756 1880 3808 προ-

313 3831 481 3901 φήτης
504 3827 553 3882 εἴ
581 3831 668 3883 σύ.
703 3847 722 3881 ι
762 3829 826 3882 ΕΞ
854 3829 948 3882 καὶ
973 3828 1256 3900 ἄνθρωπον
1279 3829 1372 3881 καὶ
1406 3827 1608 3898 Κύριον
1636 3828 1727 3880 καὶ
1751 3845 1884 3899 προ-

314 3922 482 3992 φήτην
515 3921 785 3992 ὡμολόγει
812 3922 844 3991 ἡ
875 3920 1120 3992 μακαρία
1164 3922 1517 3993 Σαμαρεῖτις·
1558 3919 1665 3972 ἰδοῦ
1704 3921 1878 3992 πάντη

312 4014 402 4066 καὶ
429 4015 458 4065 6
487 4014 652 4084 νόμος
677 4014 773 4066 καὶ
804 4017 850 4066 οἱ
880 4013 1174 4084 προφῆται,
1203 4015 1252 4066 οἱ
1285 4015 1508 4084 μεγάλοι
1539 4017 1632 4066 καὶ
1659 4015 1706 4066 οἱ
1737 4014 1881 4081 ἀγιοι

313 4103 794 4176 ὁμολογοῦσι.ιΠῶς
815 4105 1033 4157 δύναται
1061 4104 1257 4177 βότρυς
1281 4101 1416 4157 εἶναι
1445 4105 1570 4158 ἀνευ
1603 4105 1878 4174 ἀμπέλου;

314 4196 431 4258 Πῶς
457 4195 679 4249 δύναται
729 4195 1088 4267 βεϐαιωθῆναι
1131 4198 1280 4249 πᾶσα
1315 4195 1682 4267 πραγματεία,
1718 4197 1811 4249 καὶ
1847 4199 1880 4269 ἡ

315 4288 390 4349 είς
417 4288 506 4340 τὸν
544 4289 750 4358 κόσμον
795 4287 1058 4357 μέλλουσα
1090 4286 1304 4340 ἔσεσθαι
1345 4286 1618 4357 σωτηρίας
1665 4287 1882 4357 ὐμολοο

315 4379 564 4446 γήσουσιν
605 4380 654 4430 οἱ
687 4378 1028 4449 σημάντορες
1057 4379 1104 4430 οἱ
1154 4376 1376 4446 μεγάλοι
1410 4379 1682 4448 προφῆται
1721 4379 1815 4431 καὶ
1854 4381 1882 4431 6

1987 3189 2180 3241 Annon
2218 3188 2420 3240 audisti
2470 3185 2760 3240 Dominum
2802 3185 3074 3238 dicentem
3124 3180 3470 3252 impiissimis
3507 3186 3564 3231 et

1984 3281 2212 3349 ingratis
2264 3277 2467 3332 Judaeis
2501 3297 2514 3331 :
2558 3295 2576 3328 ι
2612 3277 2670 3330 Si
2697 3275 3003 3330 crederetis
3043 3273 3237 3343 Moysi,
3267 3268 3564 3326 crederetis

1983 3380 2036 3426 et
2069 3371 2220 3433 mihi,
2248 3372 2376 3440 quia
2417 3369 2628 3441 Moyses
2664 3370 2731 3422 de
2766 3384 2852 3422 me
2883 3369 3099 3421 locutus
3129 3373 3214 3419 est
3236 3364 3322 3426 ³³3
3357 3382 3376 3415 ι
3421 3362 3562 3428 Quid

1985 3465 2206 3518 locutus
2260 3473 2363 3524 est,
2403 3462 2670 3515 Domine?
2699 3481 2716 3512 ι
2760 3459 3088 3528 Prophetam
3120 3455 3378 3512 excitabit
3407 3453 3563 3508 vobis

1985 3555 2247 3609 Dominus
2281 3555 2348 3609 de
2397 3553 2659 3607 fratribus
2677 3552 2898 3616 vestris,
2933 3550 3078 3604 sicut
3119 3563 3207 3602 me
3250 3546 3318 3598 “.
3359 3565 3379 3597 ι
3405 3543 3563 3598 Hunc

1983 3646 2302 3717 prophetam
2338 3645 2702 3700 conlitcbatur
2735 3644 2894 3698 beata
2920 3641 3301 3699 Samaritana,
3320 3652 3445 3690 cum
3474 3635 3564 3689 di-

1983 3746 2131 3792 ceret
2161 3756 2173 3790 :
2209 3754 2226 3788 ι
2262 3737 2508 3800 Domine,
2538 3742 2597 3790 ut
2628 3735 2808 3797 video,
2835 3733 3102 3804 propheta
3135 3745 3195 3785 es
3237 3738 3292 3782 tu
3328 3729 3397 3783 ".
3427 3734 3460 3778 ἰ
3503 3726 3564 3781 Si

1982 3834 2033 3878 et
2063 3825 2334 3880 hominem
2365 3833 2418 3879 et
2455 3823 2742 3877 Dominum
2789 3834 2844 3878 et
2885 3821 3212 3893 prophetam
3261 3817 3562 3873 conﬁteba-

1983 3926 2074 3971 tur
2119 3919 2276 3973 beata
2332 3916 2675 3973 Samaritana
2712 3931 2879 3971 :ecce
2919 3915 3123 3984 ubique
3171 3914 3256 3968 lex
3311 3921 3364 3966 et
3416 3912 3565 3968 sacri

1983 4011 2277 4080 magnique
2307 4010 2586 4081 prophetae
2629 4007 2982 4063 confitentur.
3019 4005 3308 4072 Quomodo
3365 4004 3574 4060 Βοιτιιςι

1984 4113 2158 4174 potest
2198 4104 2404 4172 absque
2457 4103 2568 4156 vite
2618 4098 3088 4165 esse?Quomodo
3117 4095 3432 4152 conﬁrmari
3464 4111 3562 4164 po-

1983 4204 2090 4249 test
2123 4203 2294 4248 totum
2330 4195 2604 4265 negotium
2630 4199 2684 4248 et
2721 4191 2902 4245 futura
2949 4191 3137 4245 mundi
3178 4189 3341 4260 186
3369 4185 3572 4243 salus?

1983 4289 2398 4343 Conlitebuntnr
2437 4287 2644 4341 indices
2692 4283 2770 4339 illi
2802 4284 2982 4354 magni
3028 4284 3328 4353 prOphetaa,
3357 4289 3411 4334 et
3443 4279 3567 4343 lex;

1983 4396 2106 4433 cum
2144 4379 2378 4433 maxime
2422 4378 2684 4433 Dominus
2737 4379 2854 4449 ipse
2885 4377 3031 4430 dicat
3067 4393 3079 4429 :
3129 4392 3148 4424 ι
3190 4371 3302 4427 Lex
3341 4379 3394 4426 et
3434 4385 3561 4441 pro-

316 4467 468 4537 νόμος
495 4469 604 4540 (76)
627 4487 642 4500 ’
677 4467 906 4540 μάλιστα
934 4468 1098 4522 αὐτοῦ
1133 4469 1228 4522 τοῦ
1265 4470 1469 4540 Κυρίου
1494 4469 1760 4537 λέγοντος,
1795 4471 1877 4523 ὅτι

1984 4472 2158 4541 pheta:
2193 4487 2365 4541 usque
2399 4472 2466 4526 ad
2516 4470 2782 4528 Joannem
2816 4472 2883 4531 ³⁸.
2927 4489 2945 4522 ι
2981 4468 3047 4524 Et
3095 4481 3355 4522 rursum:
3393 4482 3412 4516 ι
3440 4463 3567 4518 Non.

383 4602 421 4632 ³¹
463 4601 599 4655 Luc.
635 4617 763 4664 ιιι,
801 4601 887 4656 10.
965 4601 1008 4632 ³⁸
1048 4599 1239 4655 Matth.
1276 4618 1332 4667 ι,
1368 4601 1420 4655 1.
1495 4600 1538 4632 ³⁸
1577 4598 1733 4656 Joan.
1769 4621 1823 4664 ν,
1858 4603 1948 4660 46.

318 4684 404 4726 ιιι
431 4711 445 4736 ,
479 4673 570 4725 16.

384 4763 491 4834 (69)
522 4763 838 4834 Goblerian.
871 4771 924 4818 et
974 4759 1120 4834 Felc.
1147 4762 1213 4834 ΑΙ.
1257 4761 1415 4834 Ἀλλά
1456 4763 1550 4834 ml.
1594 4761 1880 4834 «puerei»;

315 4829 644 4904 Μανιχαίους
670 4834 796 4904 τοῦς
822 4833 1074 4904 τρυγιοὺς
1101 4831 1209 4904 τῶν
1241 4833 1458 4904 κακῶν,
1482 4829 1551 4904 ’ρ
1581 4829 1879 4904 ἀσεϐέστα-

316 4921 411 4965 τοι,
453 4899 644 4972 λέγετε
687 4902 780 4956 δύο
807 4899 1128 4972 ὑποστάσεις
1158 4899 1295 4972 εἶναι
1332 4902 1534 4970 ἀγαθοῦ
1561 4920 1620 4956 τε
1669 4903 1762 4955 καὶ
1786 4918 1882 4954 πο-

319 4973 638 5098 νηριξέὅιίαὶ
659 4973 852 5094 ἐέγετε
884 4971 974 5025 τὸν
995 4971 1249 5044 πονηρόν.
1273 4972 1440 5028 Paulo
1465 4983 1607 5043 post,
1651 4972 1875 5042 Seguer.

323 5060 400 5096 ινα
525 5060 592 5098 τις
618 5060 656 5098 ιι.
693 5059 783 5098 ρος
813 5060 885 5096 τι.
1793 5059 1800 5072 ·

323 5060 400 5096 ινα
426 5059 592 5114 Ααοῃς
616 5059 783 5165 (iam;
813 5060 885 5096 τι.
1793 5059 1800 5072 ·

386 5113 489 5184 (70)
533 5113 674 5184 ‘AL’
706 5113 859 5167 deest
904 5114 958 5168 in
1001 5113 1150 5183 Seg.,
1176 5113 1265 5183 qui
1301 5128 1422 5184 mox
1461 5112 1644 5177 habet,
1674 5114 1782 5177 ὅτε,
1819 5119 1878 5166 ut

319 5191 369 5236 ct
397 5182 555 5238 infra.
592 5182 734 5236 Editi
770 5198 918 5248 vero,
953 5185 1053 5238 ὅτι.
1085 5182 1246 5239 Gobl.
1271 5191 1323 5251 et
1354 5182 1498 5238 Felc.
1532 5185 1760 5251 primus,
1794 5194 1877 5236 to-

319 5259 425 5306 tum
469 5256 614 5308 hunc
668 5255 844 5306 locum
885 5255 963 5308 sic
1010 5257 1229 5316 habent,
1278 5250 1346 5304 Ὦ
1380 5250 1748 5315 ἀσεϐέστατοι,
1789 5253 1876 5306 ὅτε

319 5322 600 5395 ὀλόκληρον
630 5320 698 5394 ἧν
729 5324 756 5376 δ
802 5322 978 5391 λέγεις
1008 5325 1231 5392 ἀγαθὸν,
1283 5323 1382 5377 ούκ
1438 5322 1669 5394 ἠθέλησε
1712 5323 1879 5393 μάχε-

321 5393 455 5450 σθαι.
487 5393 578 5447 καὶ
600 5393 690 5447 ὅτε
712 5395 882 5464 ἥμισυ
910 5395 1149 5463 γέγονεν.

375 5464 490 5584 (71)
531 5465 605 5519 1ιςι
641 5461 865 5532 Segner.
909 5461 1070 5522 Editi.
1110 5466 1356 5518 ἀνέλασε.
1404 5461 1650 5518 Nannius
1681 5463 1879 5533 legisse

407 5544 526 5584 etnr
570 5533 822 5584 ἀνέλαθε.
861 5536 1022 5584 vertit
1053 5537 1195 5584 enim
1231 5555 1244 5584 :
1285 5533 1378 5584 sub
1420 5533 1550 5584 mali
1584 5535 1753 5584 forma
1790 5534 1876 5584 la-

321 5532 526 5656 :‘ige‘tur
570 5533 822 5598 ἀνέλαθε,
861 5536 1022 5590 vertit
1053 5537 1195 5591 enim
1231 5555 1244 5590 :
1285 5533 1378 5589 sub
1420 5533 1550 5587 mali
1583 5532 1753 5604 [arma
1790 5534 1876 5587 la-

399 5619 430 5656 a
460 5643 470 5656 '
939 5629 942 5634 .

393 5675 496 5745 (Ἱῖ)
513 5674 740 5746 Seguer.
772 5675 1080 5744 γενόμενος.

3339 4598 3385 4630 ³³
3421 4597 3566 4654 Luc.

2059 4585 2104 4636 "
2145 4605 2300 4661 Deut.
2338 4623 2510 4662 xvm.
2551 4606 2636 4660 15.
2747 4607 2791 4639 ³⁸
2829 4605 2988 4660 Joan.
3028 4619 3103 4667 tv,
3142 4599 3233 4655 l9.

2055 4761 2167 4830 (75)
2208 4762 2364 4816 Gohl.
2398 4769 2452 4815 et
2475 4760 2657 4816 Felck.
2690 4766 2743 4822 1.
2768 4761 2961 4831 τρυγιὲ
2986 4761 3280 4831 Μανιχαῖε.

2054 4827 2165 4901 (74)
2189 4833 2355 4890 Ποιιι.
2401 4844 2452 4886 et
2492 4831 2634 4886 Felc.
2666 4835 2716 4895 1,
2759 4827 2836 4901 Ού
2880 4827 3106 4900 δέχομαι
3137 4827 3238 4900 τὴν
3275 4827 3561 4901 Παλαιάν;

1983 4897 2096 4974 οὑξ(
2128 4904 2366 4973 ﬁmum;
2407 4902 2502 4974 τοῦ
2537 4903 2740 4974 κυρίου
2794 4897 3043 4974 λέγοντος
3065 4916 3098 4974 °_
3123 4897 3562 4974 Et;_é1tt_6‘t€t'ts‘t_£

1982 4967 2192 5032 Μωσεῗ,
2235 4973 2546 5026 ἐπιστεύετε
2588 4967 2654 5025 ἂν
2697 4967 2877 5042 ἐμοί(
2914 4969 3008 5024 καὶ
3041 4967 3396 5042 γὰρ-Μῳσῆς
3427 4969 3562 5042 περὶ

1982 5042 2114 5114 ἐμοῦ
2149 5042 2374 5113 ὲλάλησε
2419 5044 2618 5112 λέγων·
2651 5037 2945 5114 Προφήτην
2974 5037 3300 5114 ύμῖνζλβύίιί
3331 5037 3414 5114 _et_
3435 5039 3561 5107 qui-

1981 5108 2104 5182 dam
2137 5108 2516 5182 rnanu'scripti'.
2550 5121 2673 5182 post
2705 5108 2838 5182 περϊ
2873 5108 3021 5180 ἐμοῦ
3055 5109 3304 5179 έλάλησε,
3331 5108 3559 5172 habent,

1975 5181 2027 5233 τί
2049 5180 2328 5253 ἐλάλησεν,
2363 5180 2640 5251 ὦ“Κύριε;
2678 5180 2784 5253 Πρέ

2049 5201 2175 5234 ειιαλ
2219 5201 2328 5246 σεν,
2363 5203 2408 5238 ω
2439 5201 2640 5251 nupta;
2678 5201 2784 5253 ιιρ.

2049 5251 2160 5322 (75)
2179 5201 2349 5306 Ἰτυυι.
2381 5263 2434 5306 et
2469 5253 2615 5307 Felc.
2655 5254 2707 5318 1,
2741 5255 2775 5322 ὴ
2807 5251 3166 5322 Σαμαρεῖτις..
3204 5247 3329 5302 Mox
3363 5247 3555 5322 iidem,

1975 5317 2024 5372 εἶ
2058 5317 2152 5375 σύ.⁷
2192 5321 2321 5375 Ἰδοὺ
2355 5325 2553 5386 πάντες
2585 5317 2697 5374 καὶ
2721 5317 2923 5391 Κύριον
2948 5317 3041 5372 καὶ
3079 5319 3366 5390 ἄνθρωπον
3392 5319 3560 5373 αὑτὸν

1974 5391 2313 5462 ὁμολογοῦσι.
2354 5396 2477 5457 Πῶς
2511 5391 2625 5446 δύν.

2048 5460 2160 5533 (76)
2190 5461 2348 5534 Gobl.
2380 5473 2432 5518 et
2460 5463 2603 5516 Felc.
2646 5462 2696 5534 1,
2744 5460 2806 5513 'H
2837 5461 2916 5534 είς
2945 5461 3036 5512 τὸν
3065 5460 3552 5534 κόσμονσωτηρία,

1987 5534 2036 5586 εί
2077 5531 2150 5605 μῆ
2181 5532 2602 5606 ὁμολογήσουσιν
2645 5533 2694 5584 οἱ
2738 5531 3076 5603 σημάντορες
3123 5531 3556 5605 προφῆταιξκίι

2044 5626 2091 5662 ν.
