4066 6388
495 253 600 310 519

1585 245 1642 302 S.
1684 246 2146 306 ATHANASIUS.
2186 281 2257 291 ——
2298 249 2566 306 SPURIA.

3638 253 3747 312 520

498 365 638 419 dixit
689 361 959 417 Domino:
1004 380 1023 414 ι
1069 359 1282 430 Sequar
1327 364 1380 412 te
1427 373 1756 430 quocunque
1817 360 1970 426 ieris,
2013 372 2056 415 et

2168 364 2433 427 τοσαύτας
2462 363 2790 432 ἐπαγγελίας
2814 362 3014 428 λαϐὼν,
3033 357 3153 417 εἷπε
3180 363 3258 435 τῷ
3284 364 3473 438 Κυρίῳ
3492 381 3505 394 ο
3545 381 3565 416 ι
3588 365 3746 418 Ἀκο-

497 457 739 510 animam
796 470 970 510 meam
1019 467 1217 523 ponam
1272 466 1374 522 pro
1424 460 1496 506 te.
1533 471 1552 504 ι
1595 450 1902 522 Statimque
1929 453 2068 507 dixit

496 549 572 602 illi
605 546 867 599 Dominus
903 561 916 596 :
959 561 978 594 ι
1032 543 1204 597 Amen
1239 540 1365 594 dico
1400 540 1522 602 libi,
1560 539 1722 594 hodie
1775 548 2066 609 antequam

493 639 674 710 gallus
709 643 915 696 cantet,
948 643 1031 689 ter
1081 648 1165 687 me
1212 631 1437 702 negabis
1465 631 1534 683 ⁸⁰.
1581 651 1599 682 ›
1637 629 1703 684 Et
1755 629 1985 685 Domino
2009 631 2065 685 in

494 731 718 786 domum
751 727 969 797 Caiphae
1007 726 1255 794 abrepto,
1301 725 1391 778 ubi
1424 730 1595 776 totum
1615 723 1908 776 concilium
1941 738 2066 777 cum

495 815 700 886 Caipha
734 816 952 877 aderat;
983 814 1180 867 Petrus
1204 813 1383 868 stabat
1415 811 1484 864 ad
1525 811 1729 866 ostium
1769 831 1782 866 :
1817 829 1976 883 quem
2008 823 2067 868 ut

498 908 636 962 vidit
679 922 833 977 puer,
861 907 937 959 ait
980 906 1055 960 illi
1094 904 1322 962 :Nonne
1354 920 1478 959 cum
1508 919 1574 960 eo
1607 906 1706 961 es?
1765 905 2067 977 Respondit

499 1001 576 1056 illi
611 999 804 1054 Petrus
843 998 1002 1052 :Non
1052 1013 1198 1052 sum.
1230 995 1470 1052 Rursum
1525 998 1846 1053 sciscitante
1878 1013 1943 1052 ex
1999 1014 2067 1054 eo

492 1091 690 1145 ancilla
727 1108 740 1143 :
774 1088 965 1144 Nonne
1009 1097 1069 1142 tu
1124 1104 1193 1143 ex
1242 1086 1483 1144 Galilaeis
1545 1087 1649 1144 es?
1689 1088 1969 1159 respondit
2011 1097 2066 1144 et

488 1185 623 1240 dixit
659 1203 672 1238 :
703 1182 820 1238 Non
845 1197 988 1238 sum.
1022 1182 1399 1251 lnterrogante
1443 1191 1621 1237 autem
1671 1183 1944 1246 ministro,
1969 1197 2063 1237 ne-

486 1275 638 1348 gavit
671 1275 782 1337 ille,
818 1283 871 1328 et
923 1274 1108 1328 statim
1153 1273 1329 1343 gallus
1363 1275 1624 1328 cantavit.
1663 1271 1727 1326 Et
1766 1289 2065 1328 conversus

489 1369 868 1422 universarum
890 1381 1072 1420 rerum
1099 1363 1382 1426 Dominus,
1410 1364 1778 1419 consideravit
1805 1364 2061 1421 Petrum:

490 1459 752 1530 ﬂevitque
805 1457 1022 1524 Petrus;
1052 1457 1416 1528 lacrymisque
1452 1457 1620 1510 abluit
1651 1457 2063 1525 abnegationem

490 1551 547 1607 in
579 1566 679 1606 sua
711 1549 1106 1621 paenitentia".
1137 1550 1374 1603 Rursum
1399 1556 1628 1603 sanctus
1662 1549 1923 1617 propheta
1949 1547 2059 1600 ait:

494 1660 514 1694 ι
557 1644 719 1698 Astra
749 1649 931 1696 autem
955 1655 1065 1694 non
1097 1649 1222 1694 sunt
1255 1653 1390 1708 pura
1422 1639 1476 1692 in
1499 1645 1793 1707 conspectu
1817 1636 1937 1706 ejus
1957 1638 2056 1692 ⁸³.»

2169 454 2420 524 λουθήσω
2451 471 2554 518 σοι,
2587 455 2722 507 ὅπου
2753 453 2846 506 ἐὰν
2869 453 3102 526 ἀπέρχῃ,
3134 454 3228 507 καὶ
3256 454 3406 525 θήσω
3436 454 3535 525 τὴν
3564 453 3748 526 ψυχήν

2170 559 2271 612 μου
2290 542 2426 613 ὑπὲρ
2447 541 2558 594 σοῦ.
2575 561 2593 592 ι
2619 541 2832 606 Εὐθέως
2851 541 2962 613 (92)
2981 538 3098 594 εἷπε
3117 543 3252 614 πρὸς
3269 543 3428 596 αὐτὸν
3443 544 3473 596 ὀ
3501 542 3706 614 Κύριος
3724 558 3745 576 ο

2170 654 2188 686 ι
2214 635 2384 706 ’Δμὴν
2407 634 2551 703 λέγω
2584 651 2697 688 σοι·
2735 636 2970 706 σήμερον
3002 635 3108 706 πρὸ
3139 633 3232 688 τοῦ
3264 636 3533 707 ἀλέκτορα
3561 635 3747 705 φωνῆ-

2167 745 2280 791 σαι,
2320 727 2441 799 τρὶς
2484 729 2774 801 ἀπαρνήσῃ
2819 745 2906 799 με.
2936 749 2953 780 ι
2986 729 3092 781 Καὶ
3119 727 3374 798 ἀρθέντος
3407 726 3500 780 τοῦ
3541 725 3744 798 Κυρίου

2167 822 2246 884 είς
2275 820 2363 873 τὸν
2397 815 2542 874 οἶκον
2579 819 2672 873 τοῦ
2707 820 2950 890 Καῖάφα,
2989 821 3084 874 καὶ
3112 820 3312 885 παντὸς
3339 819 3436 872 τοῦ
3472 819 3745 890 συνεδρίου

2169 909 2308 980 μετὰ
2335 909 2429 962 τοῦ
2460 910 2703 978 Καῖάφα,
2727 911 2820 964 καὶ
2844 909 2936 964 τοῦ
2971 911 3178 982 Πέτρου
3209 911 3440 974 ἑστῶτος
3471 909 3620 981 ἐντῷ
3643 927 3746 963 πυ-

2165 998 2314 1062 λῶνι,
2354 997 2413 1050 δν
2439 997 2533 1051 καὶ
2567 998 2689 1053 ἰδὼν
2711 1001 2739 1053 6
2764 1003 2893 1063 παῖς
2923 993 3043 1052 εἶπε
3071 1000 3205 1069 πρὸς
3232 1001 3424 1054 αὐτόν’
3456 1000 3569 1053 Οὐκ
3601 994 3650 1052 εἷ
3679 999 3744 1052 σὺ

2169 1089 2283 1158 μετ’
2310 1087 2510 1152 αὐτοῦς
2536 1087 2593 1140 ὐ
2615 1087 2672 1141 δὲ
2704 1089 2910 1162 Πέτρος
2935 1085 3055 1142 εἷπε
3084 1090 3219 1160 πρὸς
3247 1091 3408 1143 αὐτόν
3431 1107 3444 1120 ο
3471 1091 3583 1143 Ούκ
3605 1088 3743 1160 εἰμι.

2164 1183 2274 1236 Καὶ
2301 1181 2462 1235 πάλιν
2493 1183 2591 1253 τῆς
2647 1181 2891 1254 θυρωροῦ
2939 1183 3200 1254 εἰπούσης
3241 1183 3378 1255 πρὸς
3419 1183 3615 1236 αὐτόν’
3650 1179 3744 1255 Μὴ

2164 1275 2259 1328 καὶ
2289 1277 2353 1328 σὺ
2383 1277 2448 1328 ἐκ
2484 1275 2590 1328 τῶν
2622 1273 2917 1328 Γαλιλαίων
2945 1269 3029 1337 εἷς
3079 1258 3374 1346 Ἀπεκρίθη
3418 1273 3510 1326 καὶ
3553 1259 3742 1326 εἶπενέ

2165 1366 2277 1420 Ούκ
2320 1365 2458 1436 εἰμί.
2506 1367 2616 1418 Καὶ
2646 1364 2738 1418 τοῦ
2770 1365 3043 1436 ὑπηρέτου
3079 1365 3526 1436 ἐπερωτήσαντος
3557 1363 3739 1431 αὐτὸν,

2162 1458 2456 1526 ἠρνήσατο,
2488 1457 2581 1509 καὶ
2616 1455 2818 1519 εὐθέως
2853 1455 3101 1527 ἀλέκτωρ
3135 1454 3404 1526 ἐφώνησε.
3441 1457 3550 1508 Καὶ
3581 1473 3744 1527 στραο

2164 1551 2284 1617 φεὶς
2322 1551 2350 1600 6
2399 1549 2506 1601 τῶν
2543 1549 2678 1602 ὅλων
2724 1549 2927 1622 Κύριος
2976 1549 3242 1621 προσέσχε
3266 1549 3343 1619 τῷ
3378 1550 3598 1621 Πέτρῳ·
3647 1549 3743 1604 καὶ

2163 1642 2459 1713 ἐδάκρυσεν
2487 1645 2514 1696 6
2548 1641 2770 1713 Πέτρος,
2806 1641 2900 1695 καὶ
2941 1641 3028 1693 διὰ
3056 1642 3164 1693 τῶν
3186 1641 3436 1712 δακρύων
3474 1641 3740 1711 ἀπενίψα-

493 1729 552 1786 Si
581 1739 728 1787 astra
767 1747 876 1785 non
922 1739 1051 1785 sunt
1081 1744 1235 1798 pura.
1263 1727 1392 1797 quid
1431 1736 1514 1781 est
1542 1728 1685 1797 quod
1723 1736 1802 1792 tu,
1844 1743 2056 1797 purum,

2168 1749 2227 1785 το
2251 1733 2362 1806 (95)
2391 1733 2488 1805 τὴν
2511 1733 2736 1805 ἄρνησιν
2765 1734 2822 1786 ἐν
2848 1734 2984 1802 αὐτῇ
3010 1735 3076 1803 τῇ
3113 1732 3387 1803 μετανοίᾳ.
3428 1733 3537 1786 Καὶ
3582 1731 3743 1785 πάλιν

488 1824 898 1880 misericordem
935 1831 987 1877 et
1031 1823 1349 1877 clementem
1407 1820 1597 1886 Deum,
1629 1821 1825 1874 durum
1862 1829 1915 1875 et
1960 1822 2062 1875 im-

490 1917 678 1972 mitem
724 1916 905 1970 dicis?
934 1914 999 1968 Et
1039 1915 1128 1968 hic
1171 1929 1391 1984 quoque
1438 1913 1723 1982 rejiciatur
1766 1927 1891 1966 cum
1939 1913 2060 1969 aliis

490 2007 893 2064 haeresiarchis.

2169 1827 2197 1878 6
2244 1825 2396 1893 ᾶγιος
2439 1827 2722 1897 προφήτης
2768 1819 2950 1876 εἶπενο
3007 1825 3247 1894 «Ἀστρα
3297 1823 3352 1876 δὲ
3403 1823 3464 1876 οὐ
3527 1821 3743 1898 καθαρὰ

2167 1917 2395 1970 ἐνώπιον
2425 1917 2610 1971 αὐτοῦ.
2641 1937 2659 1968 ι
2694 1917 2755 1968 Ei
2799 1917 2972 1987 ἄστρα
3000 1915 3058 1968 οὺ
3104 1915 3340 1984 καθαρὰ,
3383 1914 3498 1978 πῶς
3534 1913 3598 1966 σὺ
3652 1912 3744 1966 τὸν

2166 2009 2402 2082 καθαρὸν
2462 2011 2555 2064 καὶ
2585 2008 2973 2078 εὖσπλαγχνον,
3023 2009 3116 2062 καὶ
3175 2007 3551 2080 φιλάνθρωπον
3610 2005 3744 2060 Θεὸν

485 2104 720 2176 σκληρὸν
771 2104 864 2156 καὶ
909 2101 1324 2173 ἀφιλάνθρωπον
1367 2099 1545 2170 λέγεις
1562 2099 1710 2172 (9ί);
1754 2101 1866 2154 Καὶ⁵
1906 2094 2060 2166 οὗτος
2093 2105 2535 2160 συνεκϐαλλέσθω
2573 2103 2710 2177 μετὰ
2741 2103 2850 2157 τῶν
2886 2103 3056 2158 ἄλλων
3093 2103 3478 2176 αἱρεσιαρχῶν.

562 2217 670 2272 lO'.
707 2214 826 2270 Jam
858 2216 1144 2285 loquamur
1182 2212 1445 2266 adversus
1479 2211 1740 2266 miserum
1765 2209 2053 2282 Phrygem,

478 2311 579 2384 qui
611 2311 708 2373 ait,
735 2318 856 2381 post
898 2311 1188 2362 adventum
1227 2306 1552 2368 Salvatoris,
1585 2304 1872 2359 advenisse
1904 2303 2059 2358 Mon-

476 2412 673 2458 tanum
702 2409 754 2457 et
789 2399 1114 2454 Priscillam.
1159 2397 1284 2452 Haec
1315 2404 1444 2452 sunt
1491 2397 1831 2450 anicularum
1856 2395 2059 2450 delira-

479 2505 690 2552 menta.
726 2494 831 2559 Qui
863 2492 976 2547 lieri
1009 2498 1188 2562 potest
1224 2498 1280 2544 ut
1313 2498 1435 2560 post
1471 2489 1762 2544 adventum
1795 2487 2059 2544 Salvato-

485 2589 566 2644 ris
591 2587 858 2658 propheta
893 2599 1110 2638 rursum
1149 2581 1436 2636 adveniat?
1481 2578 1601 2634 Non
1635 2579 1862 2644 audisti,
1887 2579 2058 2650 legem

481 2683 543 2734 et
571 2677 866 2747 prophetas
903 2673 1020 2730 fore
1053 2687 1226 2742 usque
1247 2674 1312 2727 ad
1345 2671 1644 2726 Joannem?
1674 2671 1813 2726 Audi
1863 2679 1943 2738 tu,
1974 2685 2068 2741 po-

487 2777 616 2846 pule
639 2772 875 2829 Domini.
909 2771 1063 2826 Sicut
1094 2786 1189 2825 rex
1218 2771 1272 2824 in
1300 2769 1592 2837 quamdam
1626 2767 1813 2822 urbem
1835 2780 2064 2821 conces-

475 2883 671 2931 surus,
696 2866 920 2920 nuntios
956 2863 1234 2936 praemittit
1260 2863 1351 2933 qui
1396 2859 1639 2915 indicent
1669 2873 1778 2928 quo
1802 2859 1875 2912 sit
1901 2857 2059 2911 cultu

477 2960 821 3016 .adventurus
867 2972 1039 3011 :cum
1084 2965 1264 3009 autem
1322 2969 1389 3009 eo
1423 2951 1731 3017 advenerit,
1777 2959 1830 3005 et
1874 2950 2060 3004 norint

2235 2217 2343 2273 iO‘.
2375 2217 2633 2288 Εἴπωμεν
2662 2215 2909 2286 καὶπρὸς
2940 2215 3030 2268 τὸν
3059 2215 3287 2268 δείλαιον
3318 2213 3507 2286 Φρύγα
3531 2214 3623 2267 τὸν
3652 2213 3741 2268 λέ-

2163 2326 2327 2378 γοντα
2365 2308 2504 2380 μετὰ
2531 2308 2628 2378 τὴν
2658 2307 2947 2378 ἐπιδημίαν
2980 2305 3073 2359 τοῦ
3122 2306 3375 2378 Σωτῆρος
3415 2305 3745 2376 ἐπιδεδημη-

2164 2400 2318 2454 κέναι
2350 2399 2623 2454 Μοντανὸν
2667 2399 2760 2451 καὶ
2791 2396 3138 2468 Πρίσκιλλαν.
3167 2396 3351 2451 Ταῦτα
3389 2395 3569 2467 γρεῶν
3611 2394 3744 2449 πτύ-

2167 2507 2348 2561 σματα
2365 2492 2494 2553 ἴσως
2514 2491 2589 2553 ὼς
2610 2489 3049 2559 κεκεπφωμένων
3066 2489 3196 2561 (95).
3215 2490 3338 2554 Πῶς
3359 2490 3579 2544 δύναται
3606 2487 3744 2561 μετὰ

2165 2582 2262 2653 τὴν
2290 2581 2581 2652 ἐπιδημίαν
2599 2579 2692 2634 τοῦ
2723 2581 2973 2652 Σωτῆρος
2998 2581 3159 2636 πάλιν
3192 2583 3475 2654 προφήτης
3495 2581 3743 2654 ἐπιδεδη-

2162 2673 2394 2745 μηκέναι
2419 2689 2434 2737 ;
2468 2673 2582 2725 Οὐκ
2614 2672 2872 2742 ἧκουσας,
2898 2674 2984 2726 ὅτι
3011 2674 3040 2726 6
3067 2673 3229 2743 νόμος
3258 2675 3352 2726 καὶ
3383 2675 3431 2727 oi
3466 2673 3740 2746 προφῆται

2157 2767 2262 2828 ἕως
2304 2765 2590 2827 Ἰωὰννου;
2628 2765 2890 2818 ’Δκουσον
2939 2764 3025 2828 σὺ,
3077 2764 3171 2818 λαὲ
3219 2763 3313 2818 τοῦ
3372 2765 3578 2837 Κυρίου
3605 2765 3738 2837 (96).
3783 2803 3794 2815 .

2157 2859 2370 2928 Ὠσπερ
2403 2856 2653 2928 βασιλεὺς
2683 2855 2868 2928 μέλλει
2901 2858 3174 2928 καταντᾷν
3208 2856 3265 2911 έν
3296 2875 3400 2910 τινι
3439 2857 3612 2922 πόλει,
3644 2858 3740 2912 καὶ

2154 2949 2470 3004 ἀποστέλλει
2524 2949 2871 3020 σημάντορας
2921 2948 3094 3018 λέγων
3117 2949 3279 3003 ’Ἰδοὺ
3323 2947 3460 3019 ποίῳ
3501 2949 3739 3019 σχήματι

485 3052 636 3108 cives
671 3051 792 3120 ejus
825 3048 1138 3116 adventum,
1171 3055 1230 3100 ut
1259 3047 1536 3100 indicatus
1593 3044 1802 3109 fuerat,
1831 3041 2056 3096 adorant

2163 3042 2341 3114 μέλλω
2373 3041 2647 3114 ἔρχεσθαι.
2689 3042 2818 3096 Ἐὰν
2857 3043 2915 3100 δε
2956 3043 3290 3115 ἐπιδημήσῃ,
3327 3041 3420 3094 καὶ
3474 3041 3740 3109 ἐπιγνῶσι

479 3143 701 3214 ipsum;
726 3141 858 3210 quin
882 3140 992 3208 jam
1024 3139 1132 3190 ulla
1155 3138 1221 3191 εἱι
1255 3137 1550 3191 indicantis
1575 3150 1761 3205 opera,
1780 3148 1901 3186 cum
1923 3147 2047 3186 eum

478 3235 723 3306 propriis
753 3233 864 3303 jam
897 3232 1070 3286 oculis
1119 3231 1481 3301 conspiciant.
1517 3228 1639 3282 Jam
1671 3228 1718 3283 si
1742 3227 1866 3297 quis
1898 3226 1952 3278 in
1984 3239 2050 3278 ea

480 3329 600 3398 ipsa
644 3325 780 3379 urbe
811 3324 1028 3386 dixerit,
1076 3322 1436 3377 adventurum
1467 3337 1649 3389 regem
1689 3333 1832 3381 esse,
1868 3330 2051 3371 nonne

482 3417 539 3471 in
561 3431 686 3471 eum
721 3421 1085 3486 conspuerent
1129 3413 1409 3483 Oppidani,
1451 3412 1614 3482 188
1643 3410 1998 3478 dicerentque
2031 3424 2046 3458 :

479 3507 592 3564 Nos
618 3507 852 3562 vidimus
885 3507 1035 3560 illum
1066 3506 1462 3573 nobiscumque
1487 3505 1770 3566 habemus,
1798 3510 1853 3555 et
1882 3515 2051 3574 quare

481 3610 538 3655 tu
567 3601 725 3662 dicis,
760 3599 1024 3654 exsistere
1059 3595 1258 3651 alium?
1285 3596 1352 3650 Et
1379 3597 1436 3650 hi
1458 3611 1678 3667 quoque
1710 3610 1835 3649 cum
1874 3593 2051 3647 haere-

478 3693 632 3748 sibus
664 3691 788 3746 aliis
816 3705 1036 3760 pessum
1065 3695 1216 3743 eant.

549 3889 636 3944 11.
666 3885 871 3942 Novam
910 3902 1058 3941 nunc
1092 3885 1324 3939 haaresin
1359 3899 1480 3954 quae
1500 3899 1564 3938 ex
1601 3881 1761 3954 Syria
1793 3881 1847 3936 in
1875 3879 2050 3952 Egy-

479 3990 632 4054 ptum
660 3979 952 4044 emanavit,
973 3978 1348 4047 alloquamur;
1378 3975 1802 4045 Apollinaristas
1820 3991 2048 4045 nempe:

481 4088 680 4128 novam
713 4073 910 4142 quippe
941 4070 1248 4124 doctrinam
1283 4069 1466 4122 attulit
1511 4067 1913 4137 Apollinarius,
1958 4069 2053 4138 qui

481 4165 594 4225 ait,
647 4177 848 4232 corpus
886 4160 1152 4215 duntaxat
1176 4159 1541 4227 assumpsisse
1583 4158 1776 4222 Deum,
1809 4175 1874 4215 ex
1916 4160 2054 4215 inte-

479 4262 686 4310 merata
726 4259 779 4308 et
816 4266 1031 4320 semper
1073 4251 1284 4318 virgine
1307 4250 1498 4314 Maria,
1541 4251 1830 4320 ipsumque
1880 4251 2052 4305 Deum

483 4349 718 4408 Verbum
751 4347 947 4402 anima:
972 4344 1147 4400 vicem
1197 4345 1470 4414 supplere.
1503 4342 1547 4400 Ο
1572 4345 2048 4416 imperfectissime

2147 3136 2246 3208 τὴν
2274 3135 2702 3206 ἐνσημανθεῖσαν
2729 3135 3042 3208 ἐπιδημίαν,
3093 3133 3523 3207 προσκυνοῦντες
3554 3133 3736 3196 αὑτὸν,

2149 3229 2248 3280 ούκ
2274 3226 2352 3280 έτι
2384 3228 2541 3299 χρεία
2575 3227 2670 3280 τοῦ
2700 3229 3058 3298 σημαίνοντος
3079 3244 3092 3258 ·
3137 3228 3330 3296 αὐτοψὶ
3369 3225 3478 3296 γὰρ
3515 3226 3738 3298 ἑώρακα

2149 3319 2311 3373 αὑτὸν
2338 3319 2428 3372 τὸν
2463 3319 2808 3390 σημανθέντα
2835 3319 2966 3389 (97).
2995 3319 3118 3373 Ἐὰν
3149 3318 3204 3371 δέ
3234 3335 3317 3381 τις
3347 3317 3475 3388 εἴπῃ
3507 3319 3564 3370 ἐν
3598 3317 3734 3388 αὐτῇ

2147 3412 2215 3480 τῇ
2243 3409 2511 3472 πόλει,ὃτι
2538 3409 2719 3479 μέλλει
2753 3409 2970 3462 ἔσεσθαι
2990 3411 3018 3461 6
3050 3409 3320 3478 βασιλεὺς,
3339 3409 3439 3460 οὐκ
3475 3407 3540 3460 ἂν
3574 3424 3739 3462 κατα-

2151 3501 2423 3555 πτύσωσιν
2439 3499 2603 3554 αὑτοῦ
2631 3501 2680 3553 οἱ
2709 3502 2766 3552 ἐν
2794 3504 2859 3571 τῇ
2885 3500 3035 3554 πόλει
3059 3499 3326 3570 λέγοντες,
3359 3501 3439 3552 ὅτι
3457 3518 3471 3532 ο
3514 3497 3612 3554 Ὃν
3633 3500 3736 3551 ἐωο

2152 3588 2398 3658 ράκαμεν
2425 3589 2516 3640 καὶ
2550 3587 2746 3658 ἔχομεν
2785 3587 2902 3658 μεθ’
2933 3588 3162 3652 ἐαυτῶν,
3196 3587 3312 3652 πῶς
3341 3587 3404 3640 σὺ
3441 3587 3641 3657 λέγεις,
3656 3589 3736 3666 ὅτι

2152 3681 2400 3751 σημαίνω
2427 3682 2690 3753 ὑπάρχειν
2716 3681 2907 3746 ᾶλλονς
2954 3683 3062 3735 Καὶ
3093 3675 3238 3734 οὗτοι
3279 3682 3457 3734 τοίνυν
3493 3683 3591 3735 σὺν
3616 3685 3735 3747 ταῖς

2151 3771 2338 3836 ἄλλαις
2362 3775 2640 3843 αἱρέσεσιν
2674 3773 2951 3828 ἀπώλοντο
2973 3775 3083 3846 (98)

2222 3884 2310 3938 11.
2332 3886 2588 3956 Εἵπωμεν
2617 3886 2703 3939 καὶ
2735 3886 2870 3958 πρὸς
2897 3886 2994 3956 τὴν
3027 3885 3154 3940 νέαν
3180 3886 3524 3958 αἰρεσιν,τὴν
3548 3891 3613 3942 ἐκ
3636 3889 3734 3942 Συ-

2156 3979 2274 4049 ρίας
2305 3977 2563 4031 ἐλθοῦσαν
2599 3980 2680 4040 είς
2721 3979 3014 4045 Αἴγυπτον,
3049 3981 3173 4041 τοὺς
3218 3978 3692 4049 Ἀπολλιναριστάς
3714 3994 3730 4011 ⁸

2153 4069 2338 4123 καινὸν
2399 4067 2572 4139 δόγμα
2633 4068 3096 4138 προσενέγκαντος
3148 4067 3258 4138 (99)
3306 4069 3731 4141 ’Λπολλιναρίιυ,

2155 4164 2315 4233 σῶμα
2344 4162 2502 4232 μόνον
2528 4162 2758 4216 λαϐόντα
2784 4163 2915 4216 Θεὸν
2944 4164 3007 4216 ἐκ
3046 4164 3145 4232 τῆς
3191 4164 3460 4235 ἀχρὰντου
3494 4165 3589 4218 καὶ
3617 4165 3732 4219 ἀει-

2154 4255 2425 4324 παρθένου
2452 4257 2669 4326 Μαρίας
2692 4255 2788 4327 (1),
2823 4258 2916 4310 καὶ
2940 4257 3102 4310 αὑτὸν
3133 4257 3224 4309 τὸν
3257 4256 3386 4309 Θεὸν
3417 4257 3586 4326 Λόγον
3611 4258 3730 4312 ἀντὶ

2153 4345 2328 4416 ψυχῆς
2350 4343 2577 4402 δντα.Ὦ
2612 4346 2935 4401 ἀτελέστατε
2964 4349 3058 4401 καὶ
3079 4347 3252 4418 ἄψυχε
3277 4348 3291 4400 ί
3318 4349 3400 4411 Εἰ,
3418 4348 3622 4401 τελείου
3651 4349 3727 4418 (‘2)

547 4526 595 4560 “
629 4523 764 4580 Luc.
797 4540 948 4589 xxn,
977 4524 1086 4591 35,
1118 4523 1207 4577 54.
1282 4521 1327 4553 ³¹
1367 4520 1503 4576 ibid.
1542 4521 1731 4578 55-62.
1806 4524 1852 4555 ⁶²
1893 4520 1995 4577 Job
2027 4538 2118 4587 xv,
2158 4521 2242 4575 l5.

571 4683 660 4753 92)
693 4682 785 4736 Sic
811 4680 939 4752 Seg.
969 4681 1112 4753 Editi
1139 4696 1294 4746 vero,
1339 4680 1476 4736 Ἀλλ’
1507 4679 1732 4746 εὐθέως.

567 4752 658 4826 9⁵)
700 4754 850 4826 ἓθεοο
878 4752 1166 4826 meum

571 4769 658 4826 9ο)
700 4769 768 4807 Se
811 4792 850 4815 .,
878 4769 913 4806 a
995 4769 1166 4823 Λειψιε.

571 4826 664 4902 94)
691 4769 850 4902 ϐοῗιι.
882 4769 1107 4902 τηειρ.
1126 4823 1195 4902 nl,
1234 4823 1467 4902 σκληρὸν
1496 4823 1592 4875 καὶ
1627 4819 2044 4902 ἀσυμπαθῇμλέ-

468 4911 532 4964 γε
545 4891 610 4960 ι’ς.
630 4891 976 4965 Ραυιοᾼροξι,
1005 4893 1101 4948 Ed.
1121 4891 1567 4965 (Βοιῐι.-εεῑ”5ιξεἘ
1575 4892 1722 4965 μεττίιΔ
1734 4891 1841 4943 τῶν
1879 4891 2053 4965 ᾇλλων

471 4960 759 5090 αἱρέσεων.
795 4960 894 5019 Ed.
918 4964 1090 5019 Paris.
1121 4979 1244 5046 cum
1263 4963 1419 5018 Gobl.
1453 4960 1507 5017 et
1528 4960 1672 5016 Felc.
1703 4961 1754 5027 l,
1781 4963 1920 5032 μετὰ
1942 4960 2051 5014 τῶν

473 5036 540 5090 ἀλ
571 5054 648 5090 ων
671 5035 1053 5090 αίοεσιαογῶν.
1088 5034 1146 5089 In
1190 5033 1382 5089 iisdem
1413 5049 1559 5090 mox.
1587 5032 1817 5085 δείλαιον
1840 5032 2013 5086 deest.

473 5032 648 5090 ἄλλων
671 5035 1053 5108 αίρεσιαρχῶν.
1088 5034 1146 5089 In
1190 5033 1382 5089 iisdem
1413 5049 1559 5096 mox,
1587 5032 1817 5085 δείλαιον
1840 5032 2013 5086 deest.

545 5108 659 5177 (95)
691 5105 883 5184 B_asil.,
911 5105 1137 5184 Raram:
1172 5104 1376 5158 Ibidem
1410 5104 1660 5184 Seguep,
1695 5102 2048 5184 ίσωςιὼςΛκε-

472 5171 865 5248 κεπφωμένων.
907 5171 1074 5239 Editi,
1109 5176 1238 5237 ῐσως
1262 5171 1706 5245 κεκεπφωμένον.
1743 5171 1880 5228 Vide
1905 5171 2042 5228 Ono-

474 5250 734 5284 mn-n‘mm
785 5248 848 5284 ml
873 5261 1061 5284 umnam
1084 5246 1289 5284 νέηγςοηρ
1337 5245 1503 5284 Pnnln
1529 5251 1649 5284 nnet
1704 5243 1865 5284 «Mm
1887 5243 2042 5284 domet

474 5243 758 5312 masiicbn,
783 5248 850 5302 ad
873 5261 1061 5302 vocem
1084 5246 1310 5312 κέπφος.
1337 5245 1503 5298 Paulo
1529 5243 1670 5314 post.
1704 5243 1865 5296 πάλιν
1887 5243 2042 5298 deest

474 5318 532 5375 in
552 5316 776 5398 μορίοις.
799 5314 1031 5398 et‘Felc.
1053 5317 1109 5398 l._
1139 5315 1344 5369 Ibidem
1367 5315 1590 5386 Sequer.
1637 5313 1801 5370 habet
1834 5315 2049 5385 προφή-

473 5394 595 5464 τηςΣ
611 5388 784 5464 Editi,
806 5387 907 5464 _'rbv
936 5388 1245 5464 προςρῄτην.
1266 5455 1278 5464 _
1464 5455 1516 5464 Α.
1779 5451 1806 5464 υ
1904 5457 1916 5464 _
2017 5453 2042 5464 ο

545 5451 660 5531 (96)
687 5451 992 5531 (ξοωει-εςί
1018 5451 1170 5531 ιῖὶξῐεἱ
1181 5451 1430 5531 primus,
1464 5455 1729 5531 ᾊκουσον
1749 5451 1861 5520 οὖν,
1895 5457 1924 5508 ό
1950 5453 2046 5531 τοῦ

475 5525 680 5599 Κυρίου
899 5527 1108 5599 Ὥσπερ
1147 5525 1410 5596 βασιλέως
1429 5527 1729 5599 μέλλοντος
1775 5525 2048 5599 καταντᾷν

475 5598 533 5650 εν
567 5593 678 5652 τινι
722 5597 906 5668 πόλει,
941 5593 1157 5668 στέλλει
1187 5593 1870 5668 προσηγμάντρραςᾲλέγειν,
1906 5593 2046 5668 ποίῳ

478 5670 716 5742 σχήματι
735 5666 920 5722 τοῦτον
950 5663 1462 5738 ἔρχεσθαι.’11ιὶἃἐω
1504 5663 1628 5738 Seg.
1658 5666 1839 5730 habet,
1866 5663 2046 5735 μέλλω

2077 4685 2122 4740 D
2152 4680 2270 4751 έρχ.
2295 4678 2458 4742 Edili,
2479 4681 2809 4752 μέλλωνέρχ.
2830 4679 2950 4737 Mox
2976 4680 3126 4752 Seg.,
3145 4678 3534 4752 σημανθεῖσαν.
3561 4678 3725 4743 Editi,

2157 4753 2284 4803 ἑνση
2296 4751 2606 4803 ωνθείσαν.

2188 4769 2285 4822 νση
2295 4751 2606 4822 paveat-xciv.

2229 4819 2343 4892 (97)
2381 4824 2471 4876 Sic
2505 4821 2627 4892 Seg.
2661 4821 2881 4876 Gobler.
2913 4831 2967 4876 et
3003 4819 3160 4892 Felc.
3193 4821 3259 4892 1ἒ
3276 4819 3416 4892 Editi
3448 4836 3601 4892 vero,
3631 4822 3725 4874 αύο

2153 4889 2727 4971 τρψίαγὰρΑέιώρακαν
2757 4892 2846 4971 τὸν
2881 4906 3023 4971 σημ..
3054 4891 3185 4971 Ibid.
3222 4889 3378 4971 Gobl.
3411 4900 3466 4944 et
3503 4891 3648 4971 Felc.
3678 4897 3723 4971 lg,

2152 4959 2243 5014 τὸν
2278 4959 2638 5032 σημανθέντα.
2665 4964 2727 5016 El
2771 4959 2865 5016 οὖν
2901 4959 3038 5033 μετὰ
3071 4961 3243 5016 ταῦτα
3269 4961 3408 5014 εἴποι
3449 4979 3531 5026 τις
3570 4965 3629 5016 ἐν
3660 4965 3722 5033 τῇ

2157 5032 2328 5086 πόλει.
2367 5035 2447 5085 ὅτι
2481 5031 2680 5086 μέλλει.
3580 5080 3587 5086 .

2181 5033 2328 5096 τόλει,
2367 5035 2447 5085 ὅτι
2480 5033 2680 5103 μέλλει.
3580 5080 3587 5087 .

2197 5103 2339 5176 ’(98)
2375 5103 2592 5176 Gobler.
2616 5101 2848 5176 etrFelc.
2881 5104 2941 5176 1,
2956 5101 3074 5176 πῶς
3101 5103 3164 5176 σὺ
3188 5102 3366 5176 λέγεις
3395 5101 3552 5156 ἄλλον
3579 5103 3726 5176 ἔρχε-

2158 5168 2280 5226 σθαι
2300 5168 2450 5237 ;’Κα“ι
2471 5168 2615 5227 οὗτοι
2644 5175 2741 5226 σὺν
2757 5177 2867 5239 τοῖς
2895 5173 3073 5236 ἄλλοις
3093 5168 3266 5227 ἀπὼλ.

2221 5244 2332 5315 (99)
2390 5244 2794 5313 Seguerianus,
2844 5244 3206 5315 Goblerianus
3257 5251 3310 5298 et
3349 5241 3720 5315 _Felekmanni

2147 5313 2377 5384 primus,
2412 5315 2890 5384 προσενέγκαντος.
2933 5313 3103 5384 Editi,
3133 5313 3626 5384 προσενέγκαντας.

2219 5385 2298 5463 (1.)
2323 5383 2490 5463 ξος,
2519 5385 2897 5463 ἀπᾳρογάμου
2924 5383 3205 5463 Παρθένου
3235 5384 3473 5463 Μαρίας.
3501 5383 3718 5440 Gobler.

2145 5462 2199 5506 et
2256 5453 2420 5509 Felcf
2468 5456 2532 5520 1,
2595 5453 2981 5527 ἁπειφγὰμοι]
3019 5453 3276 5525 Μαρίας,
3333 5453 3538 5509 emissa
3594 5470 3723 5511 voce

2144 5523 2436 5578 ἀγοάντου.

2183 5540 2474 5667 ἕῗῧνὲἓὲη
2509 5595 2618 5651 Ναὶ
2660 5594 2887 5651 τελείου.
2950 5586 3171 5652 Gobler.
3216 5601 3268 5651 et
3313 5591 3495 5652 Felck.
3531 5594 3583 5662 1,
3627 5595 3721 5652 rat

2141 5662 2374 5723 τελείου.
