3920 6518
551 439 653 496 523

1672 436 1731 492 S.
1769 435 2232 494 ATHANASIUS.
2261 469 2332 478 —
2368 436 2638 495 SPURIA.
3148 461 3152 466 ι
3687 433 3780 490 52$

549 545 831 617 templum,
860 563 955 603 seu
1003 548 1278 604 hominem
1309 550 1600 622 gestaverit
1629 550 1806 607 factus
1835 551 2020 616 homo,
2054 559 2112 606 ut

2226 553 2370 623 ὓμῶν
2403 554 2496 606 καὶ
2525 553 2593 605 τὰ
2631 549 2884 604 Σάϐϐατα
2921 551 3065 620 μισεῖ
3097 550 3131 620 ἡ
3151 548 3293 619 ψυχή
3325 563 3463 618 μους
3497 566 3515 598 s
3545 547 3780 618 Ἀφροτὲ-

549 654 710 694 omne
751 654 923 709 genus
984 649 1236 694 nostrum
1290 641 1570 694 hominum
1627 642 2006 697 redimeretur.
2050 644 2118 696 At

548 730 681 802 quid
705 729 876 797 dices,
909 747 1034 786 cum
1094 746 1189 801 per
1242 731 1437 786 lsaiam
1493 732 1691 788 dixerit
1737 733 1801 787 ad
1851 732 2116 790 Iudaeos:

554 842 574 873 ι
608 821 932 878 Neomenias
951 832 1164 878 vestras
1189 831 1240 874 et
1266 820 1504 877 Sabbata
1527 824 1641 878 odit
1666 826 1844 879 anima
1868 841 1986 880 mea
2006 825 2075 878 σοῖο
2095 847 2114 878 ι

549 912 594 969 Ο
627 913 968 971 stultissime.
1007 913 1472 980 Quemadmodum
1530 915 1692 970 etiam
1747 931 1842 986 per
1867 918 2116 972 eumdem

548 1021 807 1078 magnum
840 1007 1159 1078 prOphetam
1211 1009 1331 1060 ait:
1377 1025 1395 1058 ι
1425 1007 1566 1061 Ecce
1619 1005 1785 1078 Virgo
1842 1009 1898 1062 in
1958 1016 2118 1062 utero

548 1100 772 1155 habebit
800 1109 853 1155 et
889 1099 1065 1170 pariet
1104 1099 1295 1162 ﬁlium,
1332 1107 1385 1153 et
1419 1100 1693 1154 vocabunt
1744 1116 1939 1155 nomen
1974 1101 2116 1170 ejus,

549 1192 966 1249 Emmanuel".
1001 1210 1019 1243 ι
1082 1191 1146 1244 Et
1194 1208 1408 1246 rursum
1463 1209 1478 1245 :
1553 1209 1572 1242 ι
1625 1190 1892 1247 Parvulus
1953 1202 2117 1248 natus

546 1298 630 1342 est
650 1287 715 1341 “.
755 1309 773 1338 ι
804 1284 867 1339 Ει
894 1285 1087 1340 iterum
1123 1301 1178 1338 :i
1207 1282 1380 1337 Homo
1409 1290 1514 1348 est,
1546 1303 1564 1335 ›
1593 1292 1666 1347 et,
1696 1301 1714 1334 ι
1747 1284 1880 1350 Quis
1916 1299 2118 1355 cogno-

547 1387 666 1434 scet
698 1379 874 1448 ipsum
897 1378 920 1430 ?
943 1395 961 1427 ι
987 1376 1142 1441 Quod
1170 1390 1411 1444 praesens
1434 1375 1550 1445 ipse
1571 1374 1833 1432 Dominus
1866 1393 1962 1446 per
1993 1394 2116 1434 sese

546 1469 892 1540 signiﬁcavit,
927 1483 1050 1522 cum
1079 1474 1159 1521 tot
1186 1475 1447 1537 tantaque
1483 1468 1735 1524 edentem
1767 1471 1922 1540 signa
1955 1479 2118 1541 atque

549 1562 711 1637 189
746 1565 996 1631 portenta
1037 1558 1091 1612 in
1120 1557 1406 1624 Sabbatis;
1442 1557 1613 1612 ,ἰυόωί
1637 1575 1664 1612 a
1688 1557 1905 1613 diabolo
1938 1561 2118 1615 conci~

545 1653 666 1713 tati,
697 1666 820 1704 cum
845 1647 1099 1703 laudibus
1121 1649 1380 1703 extollere
1405 1647 1741 1734 debuissent:
1773 1651 2119 1705 contumeliis

2231 662 2413 698 στατε.
2445 645 2654 715 Ὥσπερ
2701 643 2788 696 διὰ
2835 641 3024 694 τούτου
3069 639 3161 694 τοῦ
3212 640 3446 710 μεγάλου
3486 641 3779 710 προφήτου·

2234 754 2252 786 ι
2296 735 2424 788 Ἰδοὺ
2457 737 2488 806 ὴ
2524 733 2800 805 Παρθένος
2831 736 2888 786 ὲν
2919 733 3116 803 γαστρὶ
3146 731 3256 796 ἕξει
3298 731 3392 784 καὶ
3422 730 3634 796 τέξεται
3662 731 3780 791 υἱὸν.

2225 825 2320 878 καὶ
2371 826 2661 879 καλὲσουσι
2715 825 2777 876 τὸ
2811 824 2978 893 δνομα
3013 823 3174 876 αὐτοῦ
3222 820 3591 893 Ἐμμανουήλ.
3634 839 3652 870 ι
3689 821 3783 873 Καὶ

2225 918 2418 971 πάλιν·
2455 936 2473 968 ι
2511 917 2729 971 Παιδίον
2765 916 3028 987 ἐγεννήθη
3057 931 3070 944 ’
3106 935 3124 966 ι
3174 915 3267 968 καὶ
3294 913 3477 974 πάλιν,
3514 913 3597 964 ὅτι
3633 912 3782 962 ι’Δνο

2224 1012 2438 1082 θρωπός
2466 1010 2768 1075 ὲστιρκαὶ,
2799 1028 2818 1060 ι
2849 1009 2946 1072 Τίς
2972 1007 3236 1076 γνώσεται
3266 1006 3456 1071 αὑτόνς
3499 1023 3516 1056 ι
3553 1003 3647 1056 καὶ
3674 1003 3784 1073 περὶ

2223 1103 2414 1157 τούτου
2444 1103 2684 1172 ὲσήμανε
2733 1100 2800 1154 δι’
2829 1099 3023 1153 ἑαυτοῦ
3063 1101 3091 1152 ὁ
3119 1097 3343 1170 Κύριος,
3378 1096 3459 1148 ὅτι
3499 1096 3558 1147 ὲν
3581 1097 3647 1164 τῇ
3681 1096 3783 1145 ἐπι-

2221 1194 2409 1266 δημίᾳ,
2447 1194 2730 1264 μέλλοντος
2771 1191 2935 1245 αὐτοῦ
2973 1190 3196 1244 τοιαῦτα
3229 1190 3323 1242 καὶ
3361 1186 3664 1261 τηλικαῦτα
3700 1203 3783 1254 σγ,-

2225 1289 2351 1355 μεῖα
2377 1285 2470 1338 καὶ
2497 1285 2701 1357 τέρατα.
2735 1282 3000 1336 ποιεῖσθαι
3031 1284 3088 1334 ὲν
3108 1280 3426 1342 Σαϐϐἀτοις,
3451 1279 3543 1331 καὶ
3570 1277 3783 1330 ἀντίτοῦ

2223 1376 2466 1444 εὐλογεῖν
2503 1377 2683 1440 αὐτὸν,
2745 1374 3169 1445 ὑποϐαλλόμενοι
3223 1372 3327 1426 ὑπὸ
3383 1371 3476 1424 τοῦ
3533 1371 3782 1432 διαϐόλου,

2224 1468 2442 1540 ὕϐριζον
2479 1469 2662 1521 αὐτόν.
2693 1468 2790 1521 Διά
2822 1465 3002 1531 τοῦτο,
3035 1463 3215 1526 καθὼς
3245 1467 3523 1534 προεῖπον,
3549 1463 3644 1515 καὶ
3669 1463 3784 1514 αὐτὸ

2224 1561 2674 1633 προεσημαίνετο.
2700 1559 2899 1613 Λοιπὸν
2923 1559 3057 1630 πρὸς
3090 1558 3261 1610 ταῦτα
3289 1555 3340 1608 τε
3368 1555 3571 1623 λέγεις,
3606 1548 3651 1606 ὦ
3674 1553 3786 1621 ἄψο-

2226 1671 2287 1722 χε
2309 1669 2328 1738 ξ
2349 1653 2457 1706 Καὶ
2490 1654 2552 1706 σὺ
2584 1654 2678 1706 σὺν
2703 1655 2822 1714 ταῖς
2849 1650 3036 1713 ἄλλαις
3065 1649 3336 1722 αἱρέσεσιν
3361 1647 3564 1700 ἁπόλου
3596 1645 3724 1716 (ll).

544 1741 865 1796 alliciebant.
904 1740 1263 1811 Quapropter,
1292 1741 1368 1794 uti
1418 1756 1582 1810 supra
1611 1741 1742 1807 dixi,
1787 1741 2019 1811 idipsum
2050 1745 2467 1813 praenuntiatum
2491 1743 2611 1799 fuit.
2633 1743 2771 1810 Quid
2803 1744 2869 1798 ad
2896 1743 3006 1797 hmc
3027 1742 3243 1797 demum
3269 1741 3493 1803 dixeris,
3523 1753 3557 1793 o
3580 1739 3784 1792 insane?

543 1831 609 1888 Et
652 1841 707 1886 tu
731 1847 947 1902 quoque
969 1846 1091 1885 cum
1123 1833 1244 1885 aliis
1275 1831 1572 1887 haeresibus
1601 1832 1653 1884 in
1686 1834 1978 1901 perniciem
2004 1849 2121 1891 eas.

613 1923 699 1977 l2.
740 1923 1024 1979 Catholica
1054 1939 1184 1978 vero
1216 1923 1480 1987 Ecclesia,
1521 1940 1643 1994 qua:
1676 1933 1822 1980 recte
1851 1927 2000 1997 legit,
2033 1943 2127 1982 ac-

2300 1924 2386 1979 12.
2433 1924 2496 1976 Ἦ
2534 1923 2591 1977 δὲ
2635 1921 2895 1993 καθολικὴ
2926 1920 3218 1992 Ἐκκλησία
3264 1920 3433 1992 αὕτη,
3465 1923 3639 1994 ὀρθῶς
3669 1929 3784 1984 ἀνα-

540 2027 729 2072 curate
759 2024 1042 2072 scrutatur
1073 2017 1288 2072 divinas
1339 2015 1677 2085 Scripturas,
1716 2033 1774 2072 se
1807 2019 1921 2088 ipsa
1951 2020 2120 2074 aediﬁ-

539 2109 685 2164 cavit
741 2123 906 2178 supra
968 2117 1220 2178 petram:
1266 2107 1503 2179 perfecta
1562 2110 1849 2174 columba,
1905 2112 2119 2166 clavum

541 2201 738 2256 retinet
767 2208 928 2255 recta!
959 2211 1012 2256 et
1042 2200 1142 2271 piae
1175 2198 1298 2255 ﬁdei
1329 2201 1384 2254 in
1421 2202 1623 2272 scapha
1647 2204 1968 2272 apostolica,
2001 2203 2120 2257 alli-

540 2293 853 2364 dunturque
879 2292 1164 2347 decumani
1198 2292 1395 2346 ﬂuctus
1427 2295 1480 2346 in
1515 2303 1724 2362 petram
1756 2295 1904 2348 illam
1927 2296 2121 2350 immo-

542 2385 726 2449 bilem,
763 2393 814 2438 et
864 2392 1184 2454 spumantes
1220 2393 1382 2454 atque
1410 2385 1573 2438 soluti
1606 2396 1958 2440 evanescunt.
1983 2386 2116 2442 Pro-

539 2478 707 2534 cellas
732 2493 894 2548 porro
932 2478 1242 2532 existimato
1265 2491 1455 2531 omnes
1485 2475 1738 2531 haereses.
1770 2475 1881 2532 Nos
1914 2485 2117 2541 autem,

540 2586 746 2642 quaeso,
777 2571 882 2625 hoc
922 2570 1125 2639 triplici
1163 2578 1324 2638 atque
1354 2569 1637 2624 insolubili
1665 2568 1912 2624 funiculo
1942 2571 2120 2624 mani-

539 2663 700 2733 pulos
731 2662 1207 2732 constringamus,
1245 2661 1454 2716 scilicet
1504 2669 1772 2731 praecepta
1817 2661 2116 2727 servando,

541 2764 601 2810 ut
654 2754 991 2827 appellamus
1046 2753 1113 2808 ad
1179 2753 1477 2808 salutarem
1519 2760 1734 2822 pontum
1776 2753 1830 2807 in
1891 2769 2118 2824 regnum

541 2848 804 2904 caelorum
832 2865 844 2902 :
877 2847 1132 2916 dicatque
1148 2845 1304 2901 nobis
1323 2844 1462 2900 Deus
1487 2844 1741 2911 Verbum,
1769 2844 1937 2902 Filius
1957 2856 2011 2903 et
2032 2861 2121 2903 sa-

543 2939 749 3007 pientia
781 2936 959 2992 Patris
991 2954 1004 2990 :
1060 2955 1078 2988 ι
1118 2935 1258 2990 Ecce
1290 2951 1390 3006 ego
1438 2942 1492 2990 et
1524 2936 1679 3005 pueri
1713 2937 1818 2991 mei
1849 2951 1989 3006 quos
2020 2937 2118 2992 de-

540 3029 670 3084 disti
700 3027 834 3082 mihi
858 3028 904 3060 ⁶³
938 3046 953 3082 :
997 3046 1015 3078 ι
1051 3042 1261 3095 nosque
1295 3028 1368 3080 ita
1396 3028 1595 3098 alloqui
1631 3027 1923 3097 dignetur:
1949 3030 2116 3099 Euge,

541 3121 684 3177 servi
707 3121 892 3177 ﬁdeles
915 3129 968 3176 et
991 3121 1117 3176 honi
1142 3160 1158 3186 ,
1193 3137 1357 3191 super
1391 3136 1560 3191 pauca
1594 3119 1776 3175 fuistis
1809 3120 2011 3183 fideles,
2033 3137 2121 3175 su-

540 3229 638 3282 per
665 3213 834 3267 multa
867 3229 966 3269 vos
999 3213 1348 3275 constituam,
1385 3213 1583 3269 intrate
1615 3213 1669 3267 in
1698 3228 1924 3285 regnum
1957 3213 2114 3270 vobis

540 3313 904 3374 praeparatum
935 3304 1000 3358 “.
1033 3301 1192 3358 Faxit
1219 3302 1395 3360 Deus!
1426 3305 1619 3359 Amen.

2224 2015 2426 2085 γνοῦσα
2460 2015 2554 2068 καὶ
2587 2014 2828 2086 ἀκριϐῶς
2856 2016 3194 2086 ἐρευνήσασα
3235 2013 3334 2077 τὰς
3367 2014 3518 2078 θείας
3554 2019 3593 2068 Γ
3601 2020 3778 2088 paea;

2227 2108 2642 2178 ἐπῳκοδόμησεν
2677 2103 2875 2176 ἑαυτὴν
2915 2106 3007 2158 ἐπὶ
3035 2104 3132 2176 τὴν
3160 2103 3386 2177 πέτραν,
3418 2109 3451 2177 ἡ
3495 2109 3675 2164 τελεία
3702 2131 3781 2166 πει

2229 2197 2473 2268 ριστερὰ,
2501 2199 2533 2268 ἡ
2562 2197 2866 2267 κατέχουσα
2887 2196 2979 2249 τὸν
3007 2195 3168 2248 οἴακα
3195 2195 3296 2265 τῆς
3327 2197 3492 2268 ὀρθῆς
3522 2201 3618 2252 καὶ
3647 2203 3781 2254 εὗδε-

2226 2280 2354 2354 ϐοῦς
2395 2291 2630 2352 πίστεως
2678 2290 2736 2340 ἐν
2767 2288 2842 2358 τῷ
2893 2288 3089 2356 σκάφει
3131 2286 3207 2356 τῷ
3262 2289 3630 2361 ἀποστολικῷ.
3681 2294 3782 2347 Τῶν

2227 2379 2484 2450 κυμάτων
2505 2378 2612 2447 (l2)
2641 2378 3095 2449 προσρασσόντων
3117 2380 3180 2447 τῇ
3210 2377 3452 2448 ἀκινήτῳ
3482 2381 3678 2452 πέτρᾳ,
3704 2385 3783 2436 καὶ

2226 2467 2657 2540 ὲπαφριζόντων,
2689 2471 2769 2532 εἰς
2803 2469 2968 2521 ἐαιυτὰ
2995 2469 3336 2539 ἀναλυόμενα
3363 2473 3780 2541 ἐξαφανξζονται.

2226 2563 2534 2634 Τρικυμίας
2567 2562 2624 2614 δὲ
2657 2562 2791 2632 ἡγοῦ
2833 2564 3012 2625 πάσας
3053 2563 3154 2626 τὰς
3185 2563 3448 2633 αἱρέσεις.
3496 2567 3686 2637 Ἡμεῖς
3717 2567 3780 2627 δὲ.

2225 2654 2549 2724 παρακαλῶ,
2571 2654 2744 2724 τούτῳ
2777 2653 2853 2724 τῷ
2884 2655 3158 2726 τριπλόκῳ
3195 2656 3289 2709 καὶ
3330 2655 3626 2728 ἀδιαιρέτῳ
3659 2675 3783 2728 σχοι-

2224 2744 2321 2817 νίῳ
2349 2744 2418 2797 τὰ
2450 2745 2736 2814 δράγματα
2771 2744 3105 2815 σφίγξωμεν,
3137 2744 3236 2808 τὰς
3262 2745 3480 2810 ἐντολὰς
3521 2748 3784 2806 ποιοῦντες

2223 2838 2388 2907 λέγω,
2424 2838 2510 2891 ἵνα
2557 2839 2984 2907 καταντήσωμεν
3035 2837 3298 2906 (15)ὲκεῖ
3347 2841 3426 2901 εἰς
3469 2840 3564 2892 τὸν
3611 2840 3784 2912 λιμένα

2223 2929 2313 2982 τὸν
2344 2931 2609 3000 σωτήριον
2637 2931 2694 2981 ὲν
2723 2930 2789 2998 τῇ
2827 2926 3075 2999 βασιλείᾳ
3103 2928 3210 2981 τῶν
3250 2929 3514 2999 οὐρανῶν,
3549 2934 3644 2986 καὶ
3671 2933 3782 3004 εἴπῃ

2223 3022 2251 3072 ὁ
2279 3020 2411 3083 Θεὸς
2443 3020 2646 3089 Λόγος,
2695 3021 2723 3072 ὁ
2755 3019 2882 3082 Υἱὸς
2925 3021 2959 3091 ὴ
2989 3019 3147 3088 σοφία
3187 3020 3281 3073 τοῦ
3315 3021 3562 3093 Πατρός·
3615 3043 3633 3075 ι
3669 3024 3782 3076 Ἰδοὺ

2224 3110 2335 3180 ἐγὼ
2363 3111 2456 3165 καὶ
2488 3111 2556 3165 τὰ
2601 3111 2821 3177 παιδία,
2856 3111 2893 3167 ἃ
2927 3130 3016 3184 μοι
3051 3112 3277 3177 ἔδωκας,
3307 3132 3324 3164 s
3363 3115 3458 3166 καὶ
3485 3115 3782 3186 καταξιώσῃ

2223 3204 2396 3255 εἰπεῖν
2428 3203 2522 3256 καὶ
2565 3203 2702 3274 πρὸς
2752 3205 2927 3276 ἡμᾶς·
2963 3200 3020 3258 εὖ
3045 3245 3058 3269 ,
3102 3205 3277 3259 δοῦλοι
3325 3209 3507 3260 πιστοὶ
3540 3210 3631 3261 καὶ
3661 3211 3783 3278 ἀγα-

2141 3305 2183 3362 c
2217 3294 2458 3360 bol'ﬁul
2501 3294 2658 3364 ὀλίγα
2691 3291 2788 3367 ἦτε
2838 3299 3040 3363 πιστοὶ,
3079 3299 3172 3352 ἐπὶ
3221 3299 3430 3353 πολλῶν
3471 3303 3783 3373 καταστήσω

2218 3389 2363 3457 ὑμᾶς
2411 3387 2553 3459 (14),
2607 3389 2877 3442 εἰσέλθετε
2932 3393 3011 3454 εἰς
3057 3391 3154 3462 τὴν
3206 3393 3612 3465 ἡτοιμασμένην
3668 3397 3784 3466 ὑμῖν

2217 3476 2514 3548 βασιλείαν.
2548 3479 2794 3534 Γένοιτοι
2827 3483 3022 3554 Ἀμήν.

610 3598 655 3631 ⁶⁰
691 3597 798 3654 lsa.
834 3613 884 3662 ι,
925 3596 1010 3651 15.
1086 3595 1128 3627 ⁵³
1170 3597 1276 3652 lsa.
1308 3611 1404 3660 vn,
1442 3595 1530 3650 M.
1607 3594 1650 3627 “
1690 3593 1794 3650 lsa.
1826 3611 1902 3660 ix,
1937 3595 1991 3650 6.
2065 3596 2112 3628 “

2226 3614 2258 3652 ι.
2293 3614 2406 3663 vni,
2447 3599 2534 3654 18.
2611 3600 2657 3632 ⁸⁸
2696 3600 2886 3656 Matth.
2922 3619 3051 3667 xxv,
3085 3603 3176 3670 2i,
3207 3604 3296 3659 25.

611 3717 724 3787 (Η)
757 3713 1272 3787 δρειιθιηάπολλου,
1310 3712 1473 3787 13οεὶιί
1506 3710 1925 3787 ἀπόλουί-Εάἱιί,
1958 3712 2110 3787 amb-

540 3781 654 3910 ἔον.
684 3787 804 3842 Mox
831 3781 983 3857 Seg.,
1033 3783 1206 3858 ὀρθῶς
1245 3782 1564 3853 ἀναγνοῦσα.
1613 3781 1814 3854 Ὀρθῶς
1838 3783 1931 3835 καὶ
1954 3783 2113 3854 ἀκρι-

579 3875 674 3910 ως.

579 3877 674 3910 ως.

614 3875 725 3998 δέ)
757 3924 980 3998 Seguer.
1006 3922 1319 3998 Goblerian.
1338 3931 1390 3978 et
1411 3921 1557 3977 Felc.
1583 3921 1634 3984 1,
1658 3921 1765 3976 τῶν
1785 3920 2111 3994 τρικυμιῶν.

541 3995 715 4058 Editi,
740 3995 851 4050 τῶν
877 3995 1160 4066 κυμάτων.

611 4067 724 4138 (l3)
755 4059 1002 4138 Segugrl,
1029 4063 1422 4138 καταντήσητε.
1439 4059 1655 4116 Gobler.
1683 4071 1735 4138 et
1750 4061 1895 4138 Felc.
1918 4063 1969 4138 l_,
1993 4079 2121 4138 X4}:-

542 4132 864 4208 αντήσηταῐ.
892 4135 1016 4190 Mox
1061 4135 1224 4190 iidem
1259 4132 1372 4187 duo
1441 4133 1722 4203 postremi,
1752 4132 2015 4204 οὐρανῶν,
2051 4132 2117 4185 ἵν’

2220 3714 2348 3798 εἶξε-η
2375 3715 2549 3798 Υὶὶὸς
2577 3716 2862 3798 καὶιΛόγος
2884 3719 2976 3773 τοῦ
3005 3720 3162 3785 Θεοῦ,
3183 3723 3217 3790 ἡ
3246 3723 3338 3776 τοῦ
3354 3723 3566 3794 Πατρὸς
3594 3727 3748 3796 σοφία
3769 3742 3781 3755 ·

2233 3783 2363 3837 Ἰδοὺ
2388 3783 2497 3853 ἐγὼ
2520 3787 2614 3840 καὶ
2637 3787 2706 3840 τὰ
2737 3783 2920 3842 τέκνα.

2284 3854 2394 3937 (ll)
2427 3856 2525 3937 §ic
2575 3855 2796 3937 _Seguer_.
2846 3868 2900 3913 et
2950 3859 3286 3937 Da_sili_ens_is.
3343 3860 3604 3937 lncdjtis
3651 3867 3783 3937 ὑμᾶς

2221 3923 2549 4002 deest.)qu
2580 3923 2712 3992 haEc,
2731 3930 2942 4002 γένοιτο
2963 3931 2990 4002 l_
3011 3932 3180 4002 ἀμήν,
3196 3934 3391 3987 desunt
3415 3935 3467 3987 in
3495 3923 3712 3991 Gohler'.
3738 3923 3783 3991 et

2493 3995 2717 4067 Seguer.
2743 3993 2912 4056 habet
2959 3997 3027 4074 ἧς
3053 3993 3274 4072 ’γένοιτο
3312 4006 3588 4076 ἐπιτυχεῖν
3628 4009 3781 4078 ὑμᾶς.

3349 4304 3768 4326 Ἠ

1375 4401 1444 4460 1N
1486 4400 1870 4458 HISTORIAM
1908 4397 1998 4453 DE
2040 4396 2525 4455 MELCHISEDEC
2565 4399 2973 4459 ADMONITIO.

612 4565 902 4636 Propalam
928 4558 1122 4616 esthoc
1143 4557 1451 4628 opusculum
1500 4573 1603 4610 non
1637 4571 1749 4610 esse
1779 4553 2090 4618 Athanasii,
2118 4553 2208 4609 sed
2241 4555 2585 4624 nugacissimi
2606 4549 2881 4623 cujusdam
2901 4555 3165 4624 Graeculi,
3194 4561 3284 4631 qui
3316 4574 3666 4620 commentum
3697 4568 3780 4621 hac

541 4681 695 4722 suum
714 4669 770 4717 ut
783 4661 1067 4731 evulgaret,
1086 4656 1384 4710 Athanasio
1401 4670 1561 4708 ausus
1577 4662 1654 4707 est
1673 4651 1955 4706 ascribere.
1981 4649 2128 4705 Unde
2143 4651 2405 4705 miramur
2434 4649 2704 4706 eruditum
2721 4660 2998 4722 quemdam
3018 4655 3176 4725 hujus
3194 4659 3290 4712 (cui
3311 4660 3642 4728 scriptorem,
3662 4665 3780 4718 adeo

541 4763 772 4830 ineptam
811 4757 1088 4814 historiam
1114 4751 1408 4807 Athanasio
1433 4765 1665 4804 asserere
1701 4747 1944 4801 voluisse.
1982 4747 2124 4812 Quid
2163 4747 2328 4818 magis
2361 4748 2500 4801 enim
2528 4748 2720 4802 anilem
2752 4751 2890 4818 sapit
2919 4749 3180 4819 fabulam,
3207 4769 3365 4821 quam
3385 4759 3634 4811 narratio
3669 4759 3779 4819 ilia,

539 4856 603 4911 de
636 4853 829 4908 Melchi
855 4867 971 4922 rege
1007 4847 1208 4912 Salem,
1241 4842 1332 4916 qui
1369 4856 1485 4894 cum
1521 4838 1623 4891 diis
1654 4836 1803 4890 uellet
1842 4835 2136 4901 immolare,
2165 4834 2544 4892 Melchisedeco
2589 4839 2702 4908 ﬁlio
2725 4840 2891 4908 jussit
2923 4849 2982 4893 ut
3016 4841 3224 4910 a/j‘erret
3246 4843 3454 4898 vitulos.
3481 4844 3782 4918 Repugnatr-

541 4957 643 5003 tem
676 4944 1108 5002 Melchisedecum
1133 4943 1306 5010 ipsum
1334 4931 1600 5000 sacrificio
1621 4929 1940 4993 destinavit;
1969 4946 2085 4983 cum
2110 4947 2274 4985 uxore
2298 4941 2493 4986 sortem
2521 4932 2667 4985 misit
2710 4943 2766 4986 ut
2809 4935 2962 4989 sciret
2993 4945 3110 4989 uter
3147 4951 3212 4990 ex
3239 4936 3441 4992 duobus
3472 4941 3606 5009 ﬁliis
3629 4945 3783 4997 sacri-

538 5039 660 5108 ﬁcio
687 5034 980 5107 o/ferendus
1009 5039 1181 5087 esset:
1221 5030 1276 5082 in
1317 5022 1723 5096 primogenitum
1756 5021 1896 5087 patri
1933 5021 2303 5076 charissimam
2353 5039 2470 5077 sors
2503 5024 2644 5077 cadit
2676 5040 2692 5077 :
2727 5023 2939 5078 ducitur
2967 5027 3058 5081 ille
3086 5028 3444 5084 immolandas
3482 5047 3603 5086 cum
3641 5036 3783 5104 quin-

537 5134 704 5206 gentis
735 5131 856 5187 aliis
890 5122 1308 5183 adolescentibus
1330 5160 1345 5182 ,
1391 5133 1456 5173 ex
1490 5119 1701 5187 aliaque
1727 5129 1878 5189 parte
1905 5119 2147 5172 trecentis
2173 5134 2283 5171 una
2315 5117 2635 5173 mactandis.
2676 5118 2938 5189 Beneﬁcio
2966 5122 3126 5175 sortis
3161 5134 3398 5178 servatus
3424 5123 3780 5188 Melchisedec,

537 5233 689 5294 rogat
729 5221 894 5277 Deum
923 5229 980 5273 ut
1011 5213 1394 5272 absorbeantur
1415 5209 1453 5262 ii
1481 5208 1572 5279 qui
1601 5207 1704 5262 diis
1733 5209 2103 5273 immolabant,
2137 5217 2246 5263 tum
2277 5209 2503 5264 hiscente
2528 5219 2670 5263 terra
2699 5209 3008 5265 absorbetur
3043 5222 3154 5266 tota
3182 5214 3390 5280 civitas,
3424 5233 3515 5270 nec
3543 5235 3649 5273 uno
3679 5221 3784 5288 qui.

536 5316 651 5370 dem
673 5313 971 5383 superstite.
1005 5307 1070 5363 In
1109 5306 1328 5360 densam
1358 5297 1550 5352 siluam
1589 5297 1782 5352 secedit
1811 5296 2158 5352 Melchisedec
2183 5314 2274 5366 per
2302 5299 2628 5367 septennium
2649 5340 2663 5365 ,
2696 5298 2786 5352 ubi
2819 5299 3035 5354 dorsum
3063 5301 3178 5371 ejus
3208 5304 3382 5358 instar
3403 5307 3683 5362 testudinis
3704 5325 3784 5361 oc-

536 5405 743 5468 calluit,
774 5417 972 5472 ungues
999 5398 1068 5452 ad
1097 5397 1264 5467 palmi
1302 5395 1680 5466 longitudinem
1709 5404 1982 5459 crescunt,
2024 5403 2073 5449 et
2109 5395 2311 5449 similia
2341 5395 2714 5462 deliramenta,
2741 5415 2857 5468 qua:
2885 5399 3095 5453 etiamsi
3126 5417 3230 5455 non
3259 5413 3430 5456 essent
3452 5405 3592 5458 alias
3615 5415 3784 5475 aperte

535 5497 865 5565 repudianda
882 5534 898 5561 ,
930 5494 1009 5549 vel
1029 5509 1095 5546 ea:
1123 5491 1220 5546 hoc
1240 5507 1344 5545 uno
1367 5489 1677 5546 damnanda
1713 5490 1854 5561 quod
1889 5508 1992 5547 non
2017 5492 2176 5546 semel
2206 5508 2320 5545 cum
2349 5491 2629 5563 Scriptura
2656 5493 2934 5564 manifeste
2953 5507 3198 5565 pugnent.
3218 5497 3483 5553 Prteterea
3508 5499 3605 5553 sub
3633 5502 3782 5569 ﬁnem

533 5591 775 5659 opusculi
801 5593 878 5644 ita
907 5590 970 5643 de
998 5588 1221 5643 Nicena
1250 5586 1450 5657 synodo
1482 5603 1653 5641 sermo
1686 5585 1928 5654 habetur,
1955 5588 2108 5658 quasi
2137 5587 2374 5656 jamdiu,
2391 5606 2554 5660 neque
2576 5590 2794 5661 hujusce
2825 5592 3100 5661 scriptoris
3132 5607 3260 5653 eruo,
3287 5589 3572 5654 celebrata,
3598 5602 3656 5645 ut
3688 5608 3784 5646 eos:

533 5683 675 5736 κατὰ
704 5681 926 5753 καιρούς
947 5682 1184 5736 indicare
1210 5678 1433 5735 videtur.
1467 5678 1611 5735 Satis
1639 5679 1858 5748 antiqua
1913 5688 2088 5733 tamen
2147 5690 2226 5736 est
2274 5680 2385 5735 haec
2440 5682 2697 5746 historia,
2750 5693 2928 5753 utpote
2990 5698 3105 5756 qua:
3136 5683 3192 5736 in
3226 5682 3401 5736 codice
3428 5681 3588 5753 Regio
3623 5694 3784 5738 exstet

535 5771 601 5825 ab
630 5773 782 5828 anteis
809 5771 928 5843 plus
959 5774 1296 5844 septingentis
1327 5773 1612 5845 descripto.
1653 5773 1912 5830 Cancrum
1949 5792 2140 5846 magna
2183 5786 2263 5832 est
2297 5777 2538 5836 codicum
2568 5779 2818 5847 varietas,
2850 5781 2977 5852 quia
3012 5782 3230 5853 quisque
3268 5781 3521 5838 librarius
3543 5822 3558 5846 ,
3610 5781 3783 5852 hujus-

535 5864 677 5918 madi
710 5867 996 5936 conspectis
1029 5867 1204 5936 nugis,
1237 5883 1398 5922 nouas
1428 5867 1692 5923 arbitratu
1721 5885 1816 5923 suo
1838 5883 2004 5938 nugas
2037 5867 2252 5938 adjecit.
