4066 6388
523 349 626 406 597

1679 345 1734 401 S.
1778 345 2239 404 ATHANASlUS.
2280 375 2350 386 —
2389 343 2660 401 SPURIA.

3595 350 3612 366 ο
3653 335 3756 390 528

518 472 653 526 dixit
689 492 700 526 :
741 471 856 526 lleu
888 471 1016 525 milii
1041 510 1055 534 ,
1089 469 1289 525 frustra
1323 467 1564 522 laboravi
1585 473 1639 522 et
1667 482 1940 523 aerumnas
1963 469 2085 522 tuli.

2189 466 2368 537 δῶμεν
2391 465 2580 520 θυσίαν
2605 464 2700 518 ἕνα
2723 463 2831 516 τῶν
2861 461 2991 515 υίῶν
3025 460 3200 531 ἡμῶν.
3245 460 3307 512 Ἦ
3329 458 3385 511 δὲ
3411 457 3547 528 γυνη
3572 457 3760 510 αὑτοῦ.

517 563 674 630 Quod
710 563 799 618 ubi
829 578 922 617 rex
952 561 1105 624 vidit,
1139 561 1254 614 ait:
1292 558 1370 612 Ne
1416 558 1561 622 fleto,
1601 557 1693 612 sed
1729 567 1930 613 sortem
1961 560 2086 613 mit-

517 669 728 722 tamus;
759 655 806 710 si
825 669 945 709 sors
974 653 1104 706 mihi
1133 651 1435 713 obvenerit,
1477 663 1639 719 quem
1661 649 1850 704 libebit
1871 651 2084 721 eligam,

519 750 848 818 oll‘eramque
876 746 980 800 diis
1015 745 1219 799 nostris
1254 742 1585 797 sacriﬁcium
1612 759 1626 804 ;
1661 743 1747 796 sin
1775 742 1896 806 tibi,
1925 758 2086 811 quem

520 840 756 897 volueris
788 838 944 908 elige,
980 845 1033 890 et
1082 850 1236 890 serva
1273 835 1473 905 ipsum.
1506 832 1642 888 Illud
1691 833 1812 888 ideo
1870 833 2083 900 aiebat,

517 931 659 1003 quod
674 937 913 1000 speraret
926 935 1126 984 sortem
1141 927 1366 982 arbitrio
1386 926 1687 982 sacerdotis
1708 927 2083 981 obventuram.

519 1022 735 1076 Mittunt
765 1021 947 1092 itaque
975 1029 1201 1084 sortem,
1226 1035 1348 1090 qua:
1380 1035 1504 1073 cum
1555 1018 1756 1088 regina:
1783 1017 2084 1088 obtigisset,

516 1115 679 1185 elegit
708 1113 796 1166 illa
818 1128 977 1183 quem
1001 1111 1258 1184 diligebat
1285 1110 1757 1165 Melcliisedecum.
1781 1109 1892 1164 Rex
1927 1126 2086 1180 porro

519 1201 700 1257 Salem
731 1211 1018 1271 superatus
1051 1202 1120 1254 ab
1153 1215 1340 1268 uxore,
1366 1215 1526 1270 quem
1557 1199 1997 1270 sorsjassignarat
2027 1200 2088 1253 fi-

516 1295 648 1349 lium
672 1295 954 1350 adornavit
982 1294 1048 1348 ad
1083 1293 1434 1358 sacrificium,
1463 1293 1674 1346 veritus
1729 1307 1797 1346 ne
1847 1291 1978 1348 deos
2005 1291 2086 1346 of-

517 1387 762 1442 fenderet
807 1402 957 1443 suos.
1021 1386 1085 1442 Et
1131 1401 1414 1457 regressus
1477 1383 1836 1438 Melcliisedec
1883 1392 2084 1453 septem

514 1478 718 1533 vitulos
768 1479 964 1532 attulit.
1017 1481 1309 1546 Acceptum
1362 1484 1542 1531 autem
1599 1487 1752 1546 pater
1799 1476 1970 1530 ﬁlium
2019 1491 2083 1530 ex

517 1577 665 1624 sorte
695 1571 994 1625 necandum
1023 1609 1037 1632 ,
1092 1569 1157 1623 ad
1206 1569 1390 1624 fanum
1425 1570 1694 1624 idolorum
1749 1568 1980 1622 ducebat
2029 1569 2084 1622 in

517 1661 932 1716 dodecatlieum.
979 1653 1292 1717 Convenere
1324 1664 1454 1716 item
1497 1662 1551 1716 in
1595 1663 1924 1717 sacrificium
1973 1670 2084 1716 tres

516 1761 570 1808 et
598 1754 878 1825 quingenti
916 1753 1066 1823 pueri
1109 1769 1139 1808 a
1185 1754 1432 1823 patribus
1469 1753 1586 1809 suis
1634 1753 1841 1820 oblati,
1889 1759 1942 1807 et
1992 1753 2083 1806 alii

2188 560 2488 622 ἀκούσασα,
2523 557 2750 611 ἔκλαυσε
2787 554 3015 627 πικρῶς·
3041 554 3180 621 ἐγνω
3206 552 3313 621 γὰρ
3338 551 3472 620 (9.0),
3507 551 3588 604 ὅτι
3631 565 3738 621 προ

2188 653 2346 722 φάσει
2378 649 2518 704 θέλει
2553 651 2582 702 6
2615 647 2866 719 βασιλεὺς
2891 645 3146 716 φονεῦσαι
3179 643 3268 697 τὸν
3294 642 3646 714 Μελχισεδὲκ.
3677 643 3761 696 ὅτι

2187 743 2460 795 ὠνείδισεν
2496 740 2647 810 αὐτῷ
2684 740 2774 792 ἐπὶ
2805 738 2902 808 τὴν
2941 737 3151 790 θυσίαν.
3197 736 3310 790 Kal.
3341 733 3695 798 ἀνεστέναζεν
3725 735 3759 806 ὴ

2189 834 2493 906 βασίλισσα,
2529 833 2624 884 καὶ
2649 827 2798 884 εἶπεν
2816 847 2828 860 ⁶
2864 829 3043 898 Οἴμοι,
3071 827 3339 881 ἐκοπίασα
3365 829 3458 880 καὶ
3483 827 3760 898 ἐμόχθησα

2189 931 2266 992 είς
2300 928 2472 981 κενόν.
2515 925 2657 978 Ἰδὼν
2700 925 2756 977 δὲ
2803 922 2969 994 αὐτὴν
2995 923 3022 975 6
3067 921 3339 992 βασιλεὺς,
3385 917 3537 974 εἶπεν
3582 921 3757 990 αύτῇο

2187 1019 2278 1089 Μὴ
2310 1019 2482 1080 κλαῖε,
2515 1015 2648 1069 ἀλλὰ
2679 1015 2836 1086 δεῦρο
2883 1012 3136 1084 λάχωμεν
3158 1031 3170 1044 ο
3207 1014 3298 1066 καὶ
3338 1012 3432 1065 ἐὰν
3478 1011 3620 1084 λάχῃ
3648 1027 3756 1081 μοι,

2187 1110 2508 1180 ἐπιλέγομαι
2541 1110 2600 1161 ὃν
2654 1106 2812 1169 θέλω,
2868 1108 2963 1161 καὶ
3012 1105 3166 1160 δώσω
3219 1106 3379 1159 αὑτὸν
3412 1105 3603 1159 Θυσίαν
3648 1108 3759 1168 τοῖς
3849 1119 3857 1130 ·

2187 1203 2326 1266 θεοῖς
2348 1201 2531 1273 ημῶν·
2577 1201 2624 1253 εί
2650 1201 2707 1254 δὲ
2738 1195 3026 1272 λάχησοι,
3073 1199 3315 1264 ἐπίλεξαι
3348 1198 3406 1252 ὃν
3458 1198 3523 1252 ἂν
3574 1198 3756 1272 θέλῃς,

2187 1296 2278 1348 καὶ
2302 1293 2687 1365 παραφύλαττε
2723 1294 2902 1346 αὐτόν.
2928 1293 3097 1346 Τοῦτο
3115 1292 3170 1344 δέ
3193 1292 3366 1360 ἔλεγε,
3393 1291 3561 1344 δοκῶν
3588 1307 3756 1344 καταο

2186 1387 2472 1458 λαγχάνειν
2502 1386 2578 1457 τῷ
2599 1388 2735 1457 ἱερεῖ
2756 1386 2866 1456 (21)
2885 1403 2898 1416 ο
2929 1387 3022 1438 καὶ
3047 1385 3295 1455 βαλόντες
3322 1384 3542 1454 κλῆρον,
3568 1383 3760 1454 ἔλαχεν

2187 1480 2219 1549 ἡ
2271 1476 2588 1546 βασίλισσα,
2647 1477 2740 1529 καὶ
2788 1475 3078 1542 ἐπελέξατο
3125 1475 3216 1528 τὸν
3262 1473 3634 1544 Μελχισεδὲκ,
3699 1473 3758 1525 ὃν

2187 1567 2394 1637 ἠγάπα.
2431 1569 2488 1620 '0
2527 1567 2583 1620 δὲ
2619 1566 2870 1637 βασιλεὺς
2904 1567 3112 1638 Σαλὴμ,
3158 1565 3408 1637 ἡττηθεὶς
3457 1564 3607 1636 παρὰ
3659 1565 3759 1634 τῆς

2185 1661 2440 1728 γυναικὸς
2467 1659 2630 1714 αύτοῦ
2653 1698 2666 1723 ,
2716 1659 2804 1712 τὸν
2847 1658 3076 1729 λαχόντα
3118 1657 3264 1729 αὐτῷ
3296 1658 3409 1711 υἱὸν
3431 1657 3757 1730 ηὐτρέπισεν

2187 1754 2266 1816 είς
2314 1753 2536 1806 θυσίανο
2589 1751 2834 1821 ἐφοϐεῖτο
2874 1751 2981 1821 γὰρ
3031 1750 3402 1822 προσκροῦσαι
3449 1753 3562 1814 τοῖς
3617 1750 3762 1812 θεοῖς

517 1849 744 1902 trecenti
773 1862 804 1900 a
828 1847 1114 1909 matribus,
1150 1861 1361 1901 necnon
1392 1845 1558 1900 boves
1597 1852 1650 1900 et
1678 1861 1807 1901 oves
1837 1846 2085 1900 innume-

2189 1843 2348 1898 αὐτοῦ
2371 1844 2502 1914 (‘22).
2531 1846 2640 1898 Kal.
2663 1841 2871 1896 ἐλθὼνό
2886 1842 3238 1914 Μελχισεδὲκ,
3261 1843 3459 1914 ἤνεγκε
3475 1843 3601 1906 τοὺς
3619 1842 3757 1895 ἑπτά

518 1955 610 2002 rae,
639 1939 842 2009 fuitque
863 1947 1106 2008 paratum
1134 1937 1481 1992 Sacrificium.
1541 1936 1711 1994 Porro
1745 1936 1922 1992 Salem
1952 1935 2083 1991 Mel-

505 2029 786 2084 cliisedeci
814 2038 1002 2092 mater,
1039 2028 1185 2082 dumi
1217 2028 1412 2083 sedens
1439 2029 1766 2085 exclamavit
1798 2043 1929 2083 voce
1963 2042 2080 2080 ma-

507 2137 661 2190 gna,
714 2121 896 2190 aitque
943 2119 1374 2175 Melchisedeco:
1418 2121 1612 2175 Annon
1657 2121 1822 2176 defles
1860 2120 2081 2175 fratrem

515 2218 689 2272 tuum,
719 2212 808 2278 qui
848 2216 969 2279 post
999 2217 1207 2263 tantum
1260 2209 1525 2272 laborem.
1561 2210 1626 2264 ad
1674 2226 1862 2266 necem
1893 2227 2085 2281 prope-

509 2299 638 2352 rat?
665 2298 874 2366 Quibus
922 2301 1012 2355 ille
1042 2301 1246 2356 auditis
1281 2299 1449 2364 flevit,
1477 2303 1660 2372 aitque
1702 2304 1864 2356 matri
1891 2321 1904 2357 :
1935 2301 2084 2372 Opus

514 2399 595 2446 est
625 2399 684 2446 ut
713 2393 893 2448 istliuc
928 2393 1032 2448 loci
1071 2393 1407 2460 concedam;
1449 2410 1787 2465 surgensque
1843 2396 2087 2450 ascendit

510 2484 568 2538 in
605 2491 842 2538 montem
877 2482 1114 2539 Tbabor.
1147 2483 1390 2554 Surgens
1422 2485 1548 2540 item
1581 2494 1754 2540 mater
1784 2485 1925 2554 ejus,
1951 2495 2086 2540 tem-

517 2577 662 2645 plum
693 2576 845 2644 petiit
894 2574 1181 2643 idolorum,
1213 2587 1270 2630 ut
1322 2576 1489 2630 filium
1530 2576 1759 2641 videret,
1797 2587 2086 2648 antequam

516 2666 875 2733 occideretur,
908 2675 961 2722 et
990 2683 1094 2722 una
1126 2676 1300 2722 totum
1326 2684 1500 2738 genus
1526 2684 1707 2724 suum.
1734 2667 2088 2725 Melchisedec

517 2750 720 2826 autem,
764 2775 1068 2815 conscenso
1093 2768 1273 2814 monte
1307 2759 1547 2827 Thabor,
1580 2761 1734 2816 flexis
1763 2761 1990 2831 genibus
2013 2761 2090 2814 di-

516 2853 595 2908 xit
619 2871 633 2907 :
671 2852 832 2917 Deus,
857 2851 1235 2906 universorum
1261 2851 1542 2914 Dominus,
1569 2855 1658 2922 qui
1679 2841 1860 2909 fecisti
1891 2853 2088 2907 caelum

514 2955 568 3000 et
589 2956 809 3011 terram,
846 2956 895 3002 le
925 2946 1119 2999 invoco
1143 2946 1320 2999 solum
1351 2961 1534 2999 verum
1565 2945 1753 3008 Deum,
1779 2945 1974 3001 exaudi
2006 2961 2091 3001 me

518 3035 618 3088 hac
663 3035 817 3100 hora,
857 3035 1180 3105 jnbetoque,
1208 3044 1268 3088 ut
1303 3036 1548 3090 omnium
1583 3042 1846 3106 quotquot
1893 3036 2090 3090 adsunt

515 3128 787 3182 sacrificio
841 3127 1030 3183 fratris
1074 3128 1176 3182 mei
1224 3125 1459 3192 Melclii,
1518 3129 1671 3182 locus
1727 3129 1796 3184 sit
1845 3127 2090 3184 infernus

2187 1937 2438 2008 μόσχούς.
2467 1936 2660 1990 Λαϐὼν
2690 1937 2745 1990 δέ
2774 1937 2801 1989 6
2840 1935 3021 2008 πατὴρ
3045 1937 3134 1990 τὸν
3178 1936 3410 2006 λαχόντα
3436 1936 3584 2008 αύτῷ
3617 1936 3754 2000 υἱὸν,

2184 2028 2476 2100 ἐπορεύετο
2493 2029 2584 2082 ἐπὶ
2599 2029 2688 2082 τὸν
2710 2027 2834 2082 ναὸν
2857 2027 2962 2080 τῶν
2983 2026 3214 2081 εἰδώλων
3237 2030 3293 2080 ἐν
3313 2026 3389 2099 τῷ
3415 2027 3754 2098 δωδεκαθέῳο

2187 2121 2446 2193 συνῆλθον
2462 2122 2518 2175 δὲ
2545 2122 2638 2174 ἐπὶ
2651 2124 2716 2193 τῇ
2738 2121 2897 2191 θυσία
2926 2127 3013 2188 φγ¹
3040 2121 3224 2184 παῖδες
3241 2120 3343 2173 ὑπὸ
3366 2119 3471 2174 τῶν
3491 2121 3636 2174 ἰδίων
3655 2138 3758 2174 πα-

2183 2213 2354 2286 τέρων
2370 2214 2830 2285 προσφερόμενοι·
2865 2213 2956 2266 καὶ
2978 2212 3125 2266 ἄλλοι
3147 2211 3448 2283 τριακόσιοι
3467 2213 3579 2280 (25)
3609 2212 3759 2286 παρὰ

2183 2306 2290 2358 τῶν
2314 2306 2584 2377 μητέρων,
2609 2305 2700 2358 καὶ
2733 2304 2850 2374 βόες
2872 2305 2965 2358 καὶ
2997 2303 3242 2376 πρόϐατα
3264 2303 3454 2376 ἀναρίο
3463 2321 3632 2374 μητα,
3666 2305 3759 2357 καί⁸

2187 2398 2464 2470 ἐγένετοὴ
2515 2397 2676 2452 θυσία
2719 2399 2953 2469 ἕτοιμος.
2999 2397 3187 2468 Σαλὴμ
3241 2397 3297 2451 δέ
3342 2399 3374 2468 ἡ
3431 2399 3613 2468 μήτηρ
3664 2396 3758 2448 τοῦ

2186 2490 2534 2561 Μελχισεδὲκ,
2573 2489 2854 2561 καθημένη
2905 2493 2964 2543 ἐν
2993 2489 3071 2560 τῷ
3112 2491 3244 2560 οίκῳ
3271 2489 3458 2560 αὐτῆς,
3497 2487 3758 2558 ἀνεϐόησε

2190 2585 2336 2654 φωνῇ
2371 2583 2580 2656 μεγάλῃ
2610 2583 2704 2636 καὶ
2745 2581 2892 2651 λέγει
2931 2581 3008 2652 τῷ
3035 2581 3396 2652 Μελχισεδέκ·
3429 2581 3504 2634 Ού
3554 2580 3760 2644 κλαίεις

2187 2676 2277 2727 τὸν
2307 2675 2529 2744 ἀδελφόν
2559 2692 2674 2740 σου,
2706 2674 2788 2728 ὅτι
2837 2674 2974 2744 μετὰ
3013 2674 3263 2726 τοσοῦτον
3313 2673 3556 2743 κάματον
3589 2673 3759 2744 ἀπέρ-

2188 2784 2338 2836 χεται
2393 2765 2696 2836 σφαγῆναι;
2747 2766 2858 2819 Καὶ
2913 2764 3083 2818 ταῦτα
3131 2765 3367 2828 ἀκούσας
3416 2766 3546 2837 παρ’
3593 2766 3760 2836 αὐτῆς

2191 2858 2439 2922 ἐκλαυσε,
2469 2859 2563 2912 καὶ
2592 2857 2739 2926 λέγει
2779 2861 2842 2929 τῇ
2878 2859 3044 2930 μητρὶ
3090 2856 3282 2911 αὐτοῦ·
3313 2857 3458 2920 Ἕως
3505 2856 3613 2908 τῶν
3660 2851 3759 2910 ὦδε

2191 2951 2374 3022 χρείαν
2404 2949 2512 3021 ἔχω
2529 2968 2540 2980 ·
2569 2951 2664 3004 καὶ
2685 2949 2943 3012 ἀναστὰς,
2967 2949 3197 3020 ἀνῆλθεν
3227 2951 3282 3001 ἐν
3303 2947 3380 3018 τῷ
3398 2949 3512 3020 ὄρει
3541 2948 3758 3020 Θαϐώρ.

2191 3043 2361 3114 Καῖή
2399 3043 2580 3113 μήτηρ
2615 3042 2780 3095 αὐτοῦ
2827 3043 3139 3105 ἀναστᾶσα,
3175 3041 3409 3111 ἀπῆλθεν
3445 3042 3501 3092 ἐν
3532 3039 3609 3111 τῷ
3648 3039 3763 3109 ναῷ

2192 3130 2300 3184 τῶν
2346 3128 2611 3194 είδώλων,
2668 3129 2869 3182 ἰδέσθαι
2918 3130 3008 3182 τὸν
3062 3131 3259 3200 ἑαυτῆς
3314 3129 3461 3194 υἱὸν,
3532 3131 3662 3201 πρὶν
3723 3130 3756 3202 η

516 3219 729 3289 quieos
761 3218 1042 3288 deglutiat.
1091 3219 1487 3290 Exaudivitque
1546 3219 1687 3277 Deus
1737 3219 2086 3276 Melchisede-

2193 3224 2495 3294 σφαγῆναι,
2547 3223 2639 3275 καὶ
2692 3221 2811 3274 ὅλον
2856 3223 2915 3275 τὸ
2965 3223 3119 3291 γένος
3168 3223 3356 3292 αὐτῆς.
3395 3221 3656 3275 ’Δνελθὼν
3705 3223 3763 3276 δὲ

513 3328 665 3376 cum,
695 3327 758 3365 ac
797 3312 1091 3382 derepente
1137 3320 1322 3381 aperta
1355 3321 1439 3366 est
1469 3321 1610 3368 terra
1637 3353 1651 3377 ,
1707 3321 1760 3368 et
1805 3314 2090 3384 deglutivit

515 3418 633 3469 eos,
669 3403 978 3457 universam
1016 3402 1222 3457 scilicet
1246 3401 1505 3457 familiam
1528 3403 1751 3468 Melclii,
1803 3419 1927 3458 cum
1976 3411 2087 3456 tota

517 3493 672 3558 urbe,
705 3493 776 3547 ita
811 3502 868 3548 ut
891 3509 991 3549 nec
1018 3494 1199 3560 homo,
1218 3511 1316 3549 nec
1341 3511 1455 3558 ara,
1477 3512 1576 3550 nec
1603 3496 1809 3558 fanum,
1835 3511 1935 3548 nec
1960 3496 2090 3549 bru-

518 3595 654 3651 tum,
681 3602 858 3658 neque
891 3595 1142 3641 creatura
1173 3587 1352 3656 aliqua
1387 3589 1539 3642 urbis
1586 3589 1754 3642 totius
1807 3596 2088 3658 superstes

517 3679 714 3746 fuerit;
755 3681 846 3734 sed
878 3680 1058 3733 omnia
1089 3680 1344 3750 absorpta
1395 3680 1525 3734 sint.
1580 3678 1866 3734 Descendit
1907 3688 2088 3733 autem

516 3770 875 3826 Melcliisedec
913 3771 979 3826 de
1034 3780 1218 3825 monte
1251 3769 1502 3834 Tliabor,
1538 3779 1592 3824 et
1623 3770 1713 3824 ubi
1746 3786 1869 3825 sese
1905 3771 2087 3825 vidita

515 3861 627 3917 Deo
659 3864 998 3927 exauditum,
1018 3878 1214 3932 magno
1243 3863 1438 3916 timore
1459 3870 1744 3930 correptus
1772 3863 1823 3914 in
1852 3873 2087 3914 montem

521 3955 675 4025 191
706 3956 1040 4026 remigravit,
1078 3963 1240 4025 atque
1288 3957 1343 4009 in
1394 3956 1620 4009 densam
1672 3954 1954 4022 ingressus
1987 3953 2085 4006 sil-

516 4061 663 4108 vam,
699 4053 904 4113 septem
959 4044 1068 4097 illic
1110 4058 1283 4096 annos
1325 4041 1663 4112 permansit:
1697 4040 1875 4094 nudus
1915 4047 1973 4092 ut
2021 4055 2087 4094 ex

521 4143 709 4192 ventre
734 4137 928 4190 matris
957 4151 1069 4191 suae
1103 4135 1377 4204 prodierat
1402 4153 1414 4186 :
1443 4148 1651 4203 ungues
1682 4133 1801 4200 ejus
1829 4130 1896 4185 ad
1922 4131 2086 4201 palmi

522 4227 685 4281 unius
712 4227 1110 4297 longitudinem
1151 4233 1466 4286 creverunt,
1503 4222 1685 4293 capilli
1727 4237 1856 4277 vero
1891 4222 2086 4292 capitis

521 4317 588 4373 ad
621 4319 940 4373 umbilicum
981 4331 1153 4382 usque
1175 4315 1412 4386 protensi
1452 4323 1599 4379 sunt,
1628 4314 1850 4369 dorsum
1878 4314 1996 4384 ejus
2028 4320 2088 4367 ut

521 4413 741 4467 cochlea
773 4411 1065 4466 testudinis
1090 4409 1366 4463 obduruit.
1397 4409 1564 4463 Cibus
1600 4409 1717 4478 ejus
1745 4416 1902 4463 erant
1925 4408 2087 4461 arbo-

2190 3313 2522 3384 Μελχισεδὲκ
2566 3316 2645 3377 είς
2683 3313 2743 3367 τὸ
2785 3313 2910 3387 ὅρος
2936 3313 3130 3384 Θαϐὼρ
3154 3357 3166 3379 ,
3197 3313 3382 3376 κλίνας
3431 3313 3500 3366 τά
3539 3314 3757 3383 γόνατα,

2191 3405 2372 3462 εἶπεν·
2423 3407 2481 3461 '0
2514 3407 2645 3470 Θεὸς
2690 3408 2718 3459 6
2764 3406 2872 3458 τῶν
2903 3407 3038 3460 ὅλων
3068 3407 3288 3478 Κύριος,
3326 3410 3354 3460 6
3407 3408 3639 3477 ποιήσας
3671 3407 3764 3460 τὸν

2189 3497 2414 3569 οὐρανὸν
2461 3497 2554 3552 καὶ
2605 3498 2704 3568 τὴν
2751 3499 2873 3568 γῆν,
2925 3499 2983 3550 σὲ
3040 3496 3402 3568 ἐπικαλοῦμαι
3455 3498 3548 3550 τὸν
3605 3499 3763 3568 μόνον

2189 3590 2438 3660 ἀληθινὸν
2487 3590 2638 3653 Θεὸν,
2677 3591 2980 3644 ἐπάκουσόν
3031 3608 3131 3661 μου
3179 3594 3243 3660 τῇ
3273 3589 3389 3660 ὥρᾳ
3427 3589 3620 3663 ταύτῃ,
3670 3592 3764 3645 καὶ

2191 3680 2510 3752 πρόσταξον,
2538 3682 2624 3734 ἵνα
2673 3683 2786 3736 ὅσοι
2819 3681 3182 3752 παρεγένοντο
3224 3681 3314 3732 ἐπὶ
3358 3684 3424 3752 τῇ
3471 3681 3632 3751 θυσίᾳ
3669 3681 3763 3734 τοῦ

2189 3771 2417 3840 ἀδελφοῦ
2451 3789 2550 3842 μου
2582 3771 2778 3842 Μελχὶ,
2813 3775 2841 3826 6
2888 3773 3052 3836 τόπος
3085 3772 3217 3843 ᾅδης
3249 3772 3494 3842 γένηται,
3527 3772 3621 3824 καὶ
3663 3789 3764 3827 κα-

2188 3860 2354 3933 ταπίῃ
2379 3860 2592 3923 αύτούς.
2621 3861 2731 3914 Kal.
2751 3861 3054 3932 ἐπήκουσεν
3079 3864 3106 3914 6
3131 3861 3259 3923 Θεὸς
3283 3861 3374 3913 τοῦ
3402 3861 3763 3932 Μελχισεδὲκ,

2188 3952 2282 4004 καὶ
2334 3952 2534 4015 εύθέως
2569 3953 2758 4023 ἔχανεν
2785 3955 2818 4024 ἡ
2848 3954 2917 4023 γῆ
2944 3994 2956 4017 ,
2994 3954 3087 4006 καὶ
3136 3953 3391 4005 κατέπιεν
3433 3954 3631 4018 αὐτοὺς
3675 3955 3768 4008 καὶ

2189 4044 2367 4095 πᾶσαν
2409 4042 2578 4113 φυλὴν
2624 4041 2716 4095 τοῦ
2772 4043 2978 4113 Μελχὶ,
3021 4045 3115 4097 σὺν
3149 4043 3295 4114 πάσῃ
3328 4046 3391 4115 τῇ
3448 4043 3630 4096 πόλει·
3675 4046 3766 4097 κσ)⁸

2188 4130 2308 4184 οὕτε
2339 4131 2655 4201 ἅνθρωπος,
2707 4131 2769 4184 ού
2822 4131 3024 4202 βωμὸς,
3072 4133 3132 4185 οὐ
3180 4131 3342 4195 ναὸς,
3398 4133 3498 4186 οὐκ
3535 4133 3760 4204 ἄλογον,

2186 4219 2308 4274 οῦτε
2360 4238 2442 4283 τις
2494 4222 2670 4284 κτίσις
2707 4221 2808 4291 τῆς
2851 4222 3031 4293 πάσης
3074 4221 3281 4285 πόλεως
3332 4221 3567 4292 ἔμεινεν,
3627 4225 3765 4278 ἀλλὰ

2187 4313 2363 4366 πάντα
2420 4312 2684 4385 ἐχανώθη.
2751 4315 3002 4386 Κατῆλθε
3071 4315 3127 4369 δέ
3189 4319 3217 4369 6
3265 4316 3601 4387 Μελχισεδὲκ
3657 4319 3766 4372 ἀπὸ

2186 4403 2279 4455 τοῦ
2349 4403 2507 4474 ὅρους
2574 4404 2810 4476 Θαϐὼρ,
2890 4408 2984 4460 καὶ
3061 4407 3224 4474 ίδὼν,
3305 4409 3386 4462 ὅτι
3460 4410 3763 4481 ἐπήκουσεν

521 4518 642 4557 rum
681 4503 882 4566 baccaa,
917 4509 1080 4572 potus
1105 4511 1282 4555 autem
1321 4515 1414 4555 ros
1460 4516 1619 4570 quem
1654 4501 1910 4571 lingebat.
1955 4497 2085 4552 Post

2189 4495 2352 4549 αὑτοῦ
2395 4499 2423 4549 ό
2463 4497 2628 4563 Θεὸς,
2683 4499 2740 4551 ἐν
2794 4500 2945 4572 φόϐῳ
3005 4501 3222 4572 μεγάλῳ
3282 4501 3442 4555 πάλιν
3498 4505 3764 4578 ὑπέστρε-

521 4600 727 4663 septem
758 4607 952 4655 annos,
977 4608 1078 4646 vox
1111 4591 1355 4662 quaedam
1390 4591 1760 4645 Abrahamum
1791 4591 2086 4660 compella-

518 4688 617 4750 vit,
649 4686 837 4740 dicens
865 4703 876 4738 :
908 4684 1208 4746 Abraham,
1231 4683 1525 4737 Abraham.
1571 4682 1871 4753 Respondit
1914 4680 2088 4734 Abra-

519 4779 645 4832 ham
672 4795 686 4830 :
712 4776 934 4831 Domine
958 4777 1050 4829 mi.
1075 4775 1175 4828 Cui
1200 4790 1301 4830 vox
1330 4774 1556 4830 :Sterne
1579 4775 1885 4844 jumentum
1906 4782 2087 4836 tuum,

519 4870 845 4940 imponeque
878 4878 1056 4922 vestes
1083 4867 1350 4936 pretiosas
1377 4876 1430 4922 et
1456 4867 1743 4933 novacula,
1771 4876 1823 4921 et
1849 4865 2086 4921 ascende

517 4963 573 5016 in
615 4970 856 5017 montem
888 4959 1128 5023 Thabor,
1175 4966 1366 5028 terque
1412 4959 1587 5014 clama
1617 4979 1630 5013 :
1656 4957 1830 5013 Homo
1881 4957 1999 5022 Dei,
2033 4965 2088 5012 et

516 5051 827 5122 egredietur
869 5051 1032 5106 homo
1092 5050 1262 5105 ferus.
1314 5049 1391 5104 Ne
1439 5049 1700 5104 formides
1749 5049 1936 5113 illum,
1993 5049 2089 5103 sed

517 5145 672 5208 rade,
711 5160 921 5215 ungues
967 5157 1177 5209 reseca,
1226 5141 1500 5212 indueque
1535 5142 1712 5205 illum,
1763 5156 1827 5196 ac
1865 5141 2092 5196 benedi-

519 5233 757 5287 ctionem
789 5232 909 5302 ejus
940 5233 1146 5303 accipe.
1182 5228 1443 5303 Fecitque
1481 5230 1756 5284 Abraham
1791 5231 1938 5302 quod
1968 5231 2088 5300 jus-

521 5339 641 5380 sum
681 5326 788 5380 sibi
820 5324 997 5380 fuerat
1028 5342 1058 5379 a
1102 5323 1354 5390 Domino,
1393 5331 1448 5380 et
1479 5324 1725 5380 ascendit
1757 5324 1814 5378 in
1849 5332 2090 5378 montem

521 5413 762 5480 Thabor,
797 5418 1059 5487 stetitque
1085 5418 1140 5471 in
1171 5417 1340 5473 densa
1365 5416 1502 5472 silva
1529 5435 1542 5472 :
1577 5424 1689 5471 tum
1711 5424 1796 5471 ter
1821 5417 2093 5472 exclanm-

614 5617 704 5758 ειη
741 5617 817 5670 Ita
852 5617 988 5687 Reg.
1018 5626 1072 5699 et
1092 5618 1246 5674 Colb.
1275 5619 1417 5673 Editi
1438 5634 1588 5681 vero,
1621 5618 1860 5698 ἐπέγνων
1893 5619 2020 5690 γάρ.

614 5689 676 5758 21
741 5689 898 5758 Reg.,
927 5689 1100 5758 δοκων
1134 5689 1564 5758 καταλαγχάνειν
1580 5688 1670 5741 τὸν
1695 5704 1794 5756 της
1809 5705 2020 5758 γυναικι

614 5688 704 5758 21)
741 5689 898 5758 Reg.,
927 5688 1100 5758 δοκῶν
1134 5689 1564 5758 καταλαγχάνειν
1580 5688 1670 5741 τὸν
1695 5688 1794 5756 τῆς
1809 5688 2088 5758 γυναικός.

520 5756 700 5838 Colb.,
733 5757 904 5838 δοκῶν
939 5757 1013 5838 μὴ
1042 5759 1206 5838 λάχει
1229 5759 1326 5838 τῂν
1359 5756 1587 5828 γῦναίκα
1620 5757 1782 5838 αὑτοῦ
1817 5761 1844 5811 6
1869 5757 2093 5838 κληρος.

2120 4563 2214 4618 θη

2189 4590 2288 4659 dav
2315 4592 2393 4653 είς
2441 4590 2501 4644 τὸ
2530 4590 2674 4662 ὅρος,
2731 4594 2825 4645 καὶ
2873 4596 2929 4646 ἐν
2962 4593 3041 4664 τῷ
3096 4593 3244 4647 δασεῖ
3267 4594 3366 4665 τῆς
3399 4595 3531 4668 ὕλης
3574 4597 3764 4664 ἐλθὼν,

2190 4683 2448 4752 ἐμόνασεν
2473 4684 2589 4736 ἐκεῖ
2617 4684 2710 4755 ἐτη
2738 4685 2880 4739 ἐπτά
2913 4685 3045 4756 (24)·
3079 4686 3281 4756 γυμνὸς
3305 4687 3380 4751 ὡς
3408 4689 3516 4742 ἀπὸ
3530 4691 3766 4764 γαστρὸς

2194 4773 2396 4844 μητρὸς
2425 4773 2588 4827 αὑτοῦ
2623 4773 2879 4845 ἐξῆλθεν·
2915 4776 3008 4828 καὶ
3034 4777 3280 4844 ἐγένοντο
3311 4777 3357 4830 oi
3389 4777 3579 4849 ὄνυχες
3599 4780 3764 4834 αὐτοῦ

2193 4865 2562 4938 σπιθαμήσιοι,
2599 4867 2691 4920 καὶ
2747 4869 2802 4921 αί
2835 4869 3018 4940 τρίχες
3065 4869 3162 4941 τῆς
3191 4871 3429 4942 κεφαλῆς
3457 4873 3624 4927 αὐτοῦ
3665 4876 3766 4940 ἓως

2191 4962 2287 5030 τὴς
2311 4961 2508 5030 ὀσφύος
2535 4962 2722 5025 αὐτοῦ,
2763 4965 2857 5018 καὶ
2896 4966 2924 5016 6
2963 4964 3132 5030 νῶτος
3162 4967 3325 5020 αὑτοῦ
3377 4968 3594 5036 ἐγένετο
3637 4969 3769 5023 ὡσεὶ

2191 5053 2363 5124 δέρμα
2385 5054 2647 5125 χελώνης.
2691 5057 2754 5109 Ἥ
2777 5057 2833 5109 δὲ
2862 5057 3038 5130 τροφὴ
3062 5059 3227 5112 αὑτοῦ
3252 5060 3528 5130 ἀκρόδρυα
3553 5057 3644 5134 ἦν.
3675 5061 3769 5116 καὶ

2191 5145 2219 5195 6
2243 5144 2401 5208 ποτὸς
2433 5146 2595 5199 αὐτοῦ
2622 5147 2810 5218 δρόσος
2829 5189 2845 5213 ,
2868 5149 2926 5202 ὃν
2952 5149 3144 5219 Ελειχε.
3200 5151 3311 5204 Καὶ
3346 5153 3485 5220 μετὰ
3529 5154 3598 5207 τὰ
3629 5153 3768 5208 ἑπτὰ

2193 5236 2284 5307 ἐτη
2326 5240 2474 5310 φωνὴ
2521 5235 2650 5310 ἦλθε
2705 5241 2782 5312 τῷ
2822 5242 3103 5313 Ἀϐραὰμ,
3152 5242 3384 5310 λέγουσα
3413 5284 3429 5307 ,
3494 5245 3768 5318 Ἀϐραὰμ,

2207 5331 2471 5402 Ἀϐραάμ.
2508 5334 2616 5386 Καὶ
2645 5330 2795 5388 εἶπεν
2835 5336 3117 5406 Ἀϐραάμ’
3157 5337 3216 5390 Ὀ
3247 5336 3451 5409 Κύριός
3477 5354 3623 5408 αμου.
3662 5341 3770 5392 Καὶ

2192 5418 2314 5476 εἶπε
2335 5441 2348 5453 ο
2373 5425 2620 5496 Στρῶσον
2638 5427 2699 5480 1:6
2727 5426 3016 5496 ὑποζύγιόν
3045 5445 3159 5495 σου,
3191 5430 3285 5482 καὶ
3341 5429 3610 5500 βαστάσον
3643 5433 3773 5504 ipa-

2194 5624 2379 5700 αὐτοῦ,
2404 5625 2603 5700 desunt
2620 5626 2672 5680 in
2688 5626 2870 5700 editis,
2890 5627 2982 5684 sed
3002 5628 3287 5700 habentur,
3301 5628 3354 5682 in
3381 5630 3514 5700 Reg.
3541 5640 3597 5686 et
3612 5630 3766 5687 Colb.

2405 5693 2480 5774 Ita
2511 5694 2642 5766 Reg.
2673 5705 2727 5751 et
2771 5699 2928 5755 Colb.
2969 5700 3028 5753 ln
3069 5699 3232 5774 editis
3261 5699 3413 5774 deest
3445 5693 3767 5774 τ’ριακόσιοι.

2272 5766 2502 5843 (26)__S_ie
2533 5776 2739 5843 t_ex_t_um
2785 5780 2941 5843 antea
2967 5769 3225 5843 _mi_itilu_m
3262 5785 3327 5843 ex
3361 5766 3496 5843 Reg:
3527 5772 3771 5830 restitui-

593 5826 704 5894 (ἃ)
751 5826 896 5895 Haec,
936 5826 1183 5897 ἐφοϐεῖτο
1225 5826 1332 5902 γὰρ
1374 5826 1756 5899 προσκροῦσαι
1806 5831 1918 5894 τοῖς
1956 5826 2086 5894 θεοῖς

2201 5826 2343 5894 mus.
2368 5826 2509 5894 Ibid.
2534 5835 2686 5894 Colb.
2713 5845 2765 5895 et
2797 5837 3248 5921 infra_babet_§rq
3275 5835 3335 5904 ξ’.
