3920 6538
168 410 284 473 ω

1334 413 1662 472 HISTORIA
1701 412 1791 469 DE
1819 406 2318 466 MELCHISEDEC.

3332 401 3437 459 530

166 544 265 583 τια
291 525 563 596 πολυτελῆ
594 526 689 580 καὶ
721 525 879 595 ξυρὸν
904 526 1051 600 (25),
1080 527 1174 583 ml.
1201 528 1388 584 ἀνελθε
1420 533 1477 584 ἐν
1531 530 1610 603 τῷ
1641 530 1756 603 δρει

1858 527 1933 581 vit
1966 545 1980 580 :
2014 523 2187 578 Homo
2224 522 2349 578 Dei!
2398 519 2773 592 Egressusque
2800 528 2887 578 est
2915 517 3294 583 Melchisedec,
3326 533 3438 588 quo

165 616 397 689 Θαϐὼρ,
415 616 514 671 καὶ
536 617 738 689 κράξον
752 619 903 689 τρεῖς
924 617 1105 688 φωνάς
1120 635 1136 650 ο
1171 617 1459 692 ’Ἄνθρωπε
1482 619 1573 674 τοῦ
1603 618 1758 673 Θεοῦο

171 709 275 764 καὶ
303 706 591 761 ἐλεύσεται
630 706 918 779 ἄνθρωπος
960 707 1321 779 ἠγριωμένος.
1370 708 1461 780 Μὴ
1520 707 1762 780 φοϐηθῇς

166 796 267 853 οὖν
317 799 518 853 αὐτόν’
575 798 711 852 ἀλλά
763 798 980 870 ξύρισον
1022 798 1204 863 αὑτὸν,
1237 800 1331 854 καὶ
1365 799 1641 870 ὀνύχισον,
1669 801 1764 853 κα)⁸

167 890 456 961 ἀμφίασον
508 890 674 944 αὑτὸν
708 889 842 961 (26),
903 891 998 943 καὶ
1049 889 1370 962 εὐλογήθητι
1414 893 1541 963 παρ’
1573 889 1758 946 αὑτοῦ.

169 983 288 1037 Καὶ
316 983 577 1054 ἐποίησεν
617 982 865 1055 Ἀϐραὰμ
891 982 1034 1036 καθὰ
1062 982 1347 1049 συνέταξεν
1370 982 1519 1054 αὐτῷ
1538 982 1760 1054 Κύριος,

169 1078 272 1131 καὶ
334 1074 572 1145 ἀνῆλθεν
618 1077 698 1137 είς
751 1075 815 1127 τὺ
862 1072 987 1145 ὅρος
1042 1073 1259 1147 Θαϐὼρ,
1289 1076 1383 1128 καὶ
1421 1074 1551 1145 ἔστη
1581 1076 1661 1139 εἰς
1695 1074 1764 1128 τὰ

165 1168 343 1221 δασέα
376 1167 482 1236 τῆς
514 1166 646 1237 ὕλης
666 1182 682 1197 ο
714 1166 809 1219 καὶ
838 1164 1033 1236 ἐκραξε
1056 1167 1204 1237 τρεῖς
1234 1166 1445 1235 φωνάς·
1475 1167 1762 1240 Ἄνθρωπε

166 1256 271 1310 τοῦ
324 1256 489 1310 Θεοῦ.
546 1256 656 1309 Καὶ
714 1254 938 1325 ἐξῆλθεν
991 1256 1021 1308 6
1079 1256 1440 1326 Μελχισεδὲκ,
1484 1258 1580 1311 καὶ
1624 1253 1761 1312 εἶδεν

183 1348 465 1420 Ἀϐραὰμ,
493 1348 588 1401 καὶ
618 1346 878 1419 ἐφοϐήθη.
907 1348 1016 1400 Καὶ
1052 1343 1204 1401 εἶπεν
1232 1347 1381 1419 αὐτῷ
1424 1351 1452 1402 6
1498 1348 1763 1419 Μελχισε-

168 1439 270 1493 δέκ
289 1456 307 1471 .
341 1439 437 1511 Μὴ
466 1439 656 1509 φθδοῦ,
684 1439 799 1494 ἀλλ’
827 1435 969 1493 εἴπεο
1000 1439 1097 1503 Τίς
1135 1438 1217 1505 εἶ;
1249 1441 1342 1494 καὶ
1369 1439 1492 1494 τινὰ
1543 1442 1759 1511 (utsic;

169 1525 312 1585 Εἶπε
349 1532 410 1586 δέ
459 1531 744 1603 Ἁϐραάμ·
795 1530 1106 1603 Προσέταξέ
1159 1549 1247 1602 μοι
1287 1531 1489 1604 Κύριος
1533 1533 1761 1606 ξυρῆσαί

172 1640 238 1677 σε
258 1623 357 1678 καὶ
382 1623 786 1695 ὁνυχοκοπῆσαί
820 1641 878 1676 σε
908 1623 1043 1693 ('37),
1073 1624 1166 1677 καὶ
1217 1624 1512 1694 άμιριάσαι,
1546 1626 1640 1679 καὶ
1668 1626 1761 1679 εὑ-

166 1712 476 1785 λογηθῆναι
505 1713 656 1782 παρὰ
688 1713 803 1768 σοῦ.
841 1714 899 1767 ὐ
925 1715 980 1768 δὲ
1013 1714 1347 1786 Μελχισεδὲκ
1378 1711 1530 1770 εἶπεν
1578 1716 1756 1788 αὐτῷ’

1863 619 2006 680 viso,
2034 613 2309 670 Abraham
2352 613 2554 667 timuit.
2604 613 2801 683 Aitque
2840 612 2917 667 illi
2942 609 3300 666 Melchisedec
3326 607 3439 664 :Ne

1865 711 2078 771 timeas,
2113 706 2209 764 sed
2231 705 2319 761 dic
2354 706 2486 761 mihi
2510 707 2605 776 qui
2638 705 2736 770 sis,
2763 714 2818 760 et
2848 720 3011 776 quem
3035 717 3268 774 quaeras.
3296 699 3434 755 Tum

1863 800 2140 855 Abraham
2174 817 2187 853 :
2220 796 2396 854 Iussit
2444 797 2578 852 mihi
2630 796 2913 860 Dominus,
2968 804 3028 850 ut
3061 793 3310 850 raderem
3359 801 3436 854 te,

1865 906 2075 961 ungues
2104 904 2372 954 secarem,
2405 888 2711 955 induerem,
2746 903 2809 943 ac
2831 886 3263 943 benedictionem
3286 892 3436 940 tuam

1863 985 2192 1053 acciperem.
2242 981 2344 1037 Cui
2396 980 2795 1036 Melchisedec:
2832 978 2939 1034 Fac
2988 979 3133 1050 quod
3181 976 3480 1051 praecepit.

1863 1074 2147 1130 Dominus.
2172 1071 2431 1143 Fecitque
2463 1073 2735 1127 Abraham
2765 1073 2908 1144 quod
2929 1073 3145 1142 jussum
3180 1070 3284 1124 sibi
3318 1068 3435 1124 lue-

1863 1174 2016 1220 rata
2061 1163 2311 1221 Domino.
2355 1164 2421 1218 Et
2466 1179 2589 1218 cum
2643 1164 3021 1220 descendisset
3071 1160 3434 1217 Melchisedec

1861 1259 1930 1313 de
1950 1266 2136 1314 monte
2154 1257 2396 1323 Thabor,
2416 1265 2539 1328 post
2570 1257 2832 1325 triduum,
2857 1264 3084 1326 accepto
3106 1256 3210 1310 olei
3236 1269 3430 1318 cornu,

1862 1366 1927 1405 ac
1962 1352 2189 1422 signans
2218 1351 2383 1406 verbo
2430 1349 2545 1415 Dei,
2584 1349 2860 1405 benedixit
2890 1349 3166 1403 Abraham
3199 1349 3389 1403 dicens
3417 1388 3428 1401 .

1863 1441 2195 1500 Benedictus
2224 1458 2284 1499 es
2319 1442 2549 1497 Domino
2600 1441 2710 1497 Deo
2741 1442 3032 1504 altissimo,
3054 1456 3137 1495 .ac
3173 1441 3432 1510 deinceps

1861 1538 1965 1590 erit
2005 1552 2202 1592 nomen
2238 1544 2390 1589 tuum
2432 1534 2736 1607 perfectum
2764 1554 2777 1590 :
2806 1549 2906 1590 nec
2950 1534 3093 1589 ultra
3148 1532 3433 1588 vocabitur

1861 1645 2062 1685 nomen
2098 1637 2250 1683 tuum
2286 1628 2512 1693 Abram,
2556 1627 2650 1683 sed
2690 1627 2797 1681 crit
2841 1641 3040 1682 nomen
3072 1634 3224 1680 tuum
3262 1625 3434 1696 perfe-

1862 1730 2033 1787 ctum,
2065 1720 2361 1775 Abraham.
2394 1718 2705 1789 lterumque
2739 1717 2886 1772 venit
2907 1733 3012 1773 vox
3039 1716 3106 1771 ad
3138 1717 3431 1784 Abraham,

182 1806 274 1869 Ὠς
304 1806 612 1878 προσέταξέ
652 1824 732 1860 σοι
786 1807 1011 1879 Κύριος,
1064 1808 1306 1877 ποίησον.
1354 1810 1464 1862 Καὶ
1508 1808 1756 1881 ἐποίησεν

1862 1811 1954 1881 qui
1998 1810 2074 1863 ait
2101 1829 2113 1865 :
2139 1809 2277 1876 Quid
2309 1816 2415 1873 est,
2450 1807 2680 1864 Domine
2710 1808 2821 1862 mi?
2850 1806 2989 1863 Tum
3019 1806 3282 1863 Dominus
3315 1808 3429 1862 illi:

182 1870 461 1970 ⁸Δϐραάμ,
603 1870 931 1970 προσέταξεν
959 1898 1106 1970 αὐτῷ
1139 1870 1360 1970 Κύριος.
1406 1901 1517 1954 Καὶ
1570 1870 1756 1954 κατελ-

1859 1902 2311 1973 Quandoquidem
2343 1916 2505 1958 nemo
2531 1918 2597 1956 ex
2630 1915 2828 1971 genere
2850 1899 3210 1956 Melchisedec
3233 1915 3431 1970 super-

169 1991 281 2045 θὼν
311 1993 342 2045 6
364 1990 701 2062 Μελχισεδὲκ
732 1992 838 2045 ἀπὸ
866 1992 957 2045 τοῦ
994 1992 1152 2065 ὅρους
1199 1991 1395 2063 Θαϐὼρ
1441 1994 1576 2064 μετά
1612 1997 1758 2067 τρεῖς

168 2083 431 2155 ἡμέρας,
489 2084 656 2153 κέρας
691 2083 872 2138 ἐλαίου
929 2082 1143 2148 λαϐὼν,
1192 2086 1285 2138 καὶ
1356 2087 1758 2158 ἐπισφραγίσας

168 2172 249 2244 τῷ
280 2174 498 2244 ῥήματι
522 2172 615 2226 τοῦ
650 2172 809 2236 Θεοῦ,
838 2173 1108 2246 ηὑλόγησε
1137 2175 1229 2228 τὸν
1269 2175 1517 2248 ’Δϐραάμ
1548 2176 1720 2246 λέγων
1742 2198 1755 2211 ο

166 2263 561 2336 Εὐλογημένος
586 2260 638 2318 εῐ
678 2264 758 2335 τῷ
782 2264 901 2336 Θεῷ
933 2264 1011 2335 τῷ
1062 2265 1290 2336 ὑψίστῳ,
1327 2268 1421 2319 καὶ
1471 2268 1533 2321 τὸ
1573 2267 1757 2321 λοιπὸν

170 2354 427 2408 καλεῖται
453 2354 518 2407 τὸ
541 2353 714 2425 ὄνομά
736 2372 826 2407 σου
846 2354 1278 2425 τετελειωμένων
1296 2355 1429 2425 (28),
1457 2357 1550 2410 καὶ
1572 2357 1757 2410 οὐκέτι

170 2447 367 2500 λοιπὸν
424 2446 676 2500 καλεῖται
735 2446 798 2499 τὸ
827 2445 999 2516 ὄνομά
1045 2462 1138 2500 σου
1181 2446 1411 2520 Ἃϐράμ,
1448 2447 1562 2501 ἀλλ’
1606 2448 1757 2503 ἔσται

166 2539 231 2592 τὺ
269 2537 451 2609 ὄνομά
504 2555 598 2591 σου
654 2538 880 2603 τέλειον,
923 2539 1193 2610 Ἀϐραάμ.
1249 2540 1359 2593 Καὶ
1409 2540 1569 2593 πάλιν
1605 2540 1755 2613 φωνὴ

165 2626 301 2703 ἦλθε
332 2629 415 2701 τῷ
460 2629 743 2702 Ἀϐραάμσ
778 2631 807 2683 6
830 2630 885 2683 δὲ
920 2625 1075 2694 εἶπε,
1104 2631 1191 2693 Τί,
1225 2629 1394 2701 Κύριέ
1425 2648 1557 2702 μου;
1601 2633 1657 2686 ’0
1698 2633 1757 2686 δέ

170 2721 380 2795 Κύριος
426 2722 566 2793 πρὸς
619 2721 814 2774 αὐτόν’
860 2721 1076 2793 Ἐπειδὴ
1115 2722 1289 2786 οὐδεὶς
1332 2724 1396 2775 ἐκ
1419 2721 1514 2776 τοῦ
1567 2723 1758 2793 γένους

166 2815 259 2870 τοῦ
293 2813 637 2885 Μελχισεδὲκ
669 2812 1053 2885 ἐπερίσσευσεν
1077 2812 1184 2867 ἀπὸ
1202 2812 1301 2884 τῆς
1327 2816 1450 2885 γῆς,
1481 2814 1568 2868 διά
1597 2814 1758 2868 τοῦτο

167 2905 508 2976 κληθήσεται
558 2903 806 2976 ἀπάτωρ,
838 2904 1089 2977 ἀμήτωρ,
1135 2904 1577 2976 ἀγενεαλόγητος,
1618 2907 1755 2978 μήτε

166 2998 346 3069 ἀρχὴν
386 2995 634 3067 ἡμερῶν,
663 2996 798 3066 μήτε
822 2995 979 3060 τέλος
1004 2996 1141 3067 ἔχων
1173 2994 1317 3066 ζωῆς
1341 3012 1356 3027 ο
1390 2997 1758 3069 ἀφωμοιωμέ-

167 3107 255 3153 νος
282 3089 345 3142 δὲ
378 3087 460 3158 τῷ
488 3086 603 3158 Υἱῷ
630 3087 723 3140 τοῦ
750 3086 907 3152 Θεοῦ,
941 3086 1087 3159 μένει
1117 3090 1294 3161 ἱερεὺς
1321 3089 1400 3152 είς
1431 3088 1524 3143 τὸν
1546 3089 1750 3144 αἰῶνα*

1858 2004 1970 2050 stes
2003 2002 2089 2050 est
2127 1996 2183 2049 in
2214 2005 2382 2058 terra,
2416 1994 2537 2048 ideo
2572 1992 2859 2047 vocabitur
2905 1992 3022 2048 sine
3073 2002 3247 2063 patre,
3313 1993 3430 2048 sine

1858 2097 2053 2152 matre,
2087 2088 2205 2144 sine
2234 2086 2575 2157 genealogia,
2604 2102 2781 2157 neque
2816 2086 3032 2142 initium
3062 2087 3297 2150 dierum,
3336 2103 3432 2141 nea

1856 2194 1963 2246 que
2014 2179 2175 2232 tinem
2218 2178 2341 2231 vita:
2398 2177 2643 2233 habens:
2673 2177 3010 2233 assimilatas
3058 2184 3238 2232 autem
3290 2176 3435 2236 Filio

1855 2266 1974 2332 Dei,
2015 2276 2200 2323 manet
2234 2266 2495 2324 sacerdos
2538 2267 2595 2322 in
2634 2267 2918 2332 saeculum,
2941 2268 3219 2339 dilexique
3248 2269 3426 2332 illum,

1857 2367 1918 2414 ut
1953 2359 2119 2415 dilexi
2170 2358 2367 2413 Filium
2416 2374 2596 2414 meum
2635 2360 2917 2424 dilectum,
2950 2360 3079 2429 quia
3129 2361 3429 2416 custodivit

1855 2458 2130 2522 praecepta
2162 2466 2307 2515 mea,
2331 2456 2387 2505 et
2421 2451 2692 2506 custodiet
2732 2450 2787 2505 in
2828 2452 3047 2507 saecula.
3076 2450 3153 2507 Ne
3178 2452 3430 2507 videatur

1857 2541 2041 2611 itaque
2060 2541 2274 2595 initium
2304 2540 2517 2596 dierum
2541 2556 2651 2596 non
2676 2541 2898 2605 habere,
2923 2542 3069 2612 quod
3104 2557 3265 2597 nemo
3285 2542 3425 2597 sciat

1855 2633 2076 2705 quando
2108 2640 2272 2690 natus
2312 2632 2405 2698 sit,
2440 2649 2615 2704 neque
2644 2634 2767 2704 ejus
2796 2635 3190 2707 genealogiam,
3218 2642 3428 2705 patrem

1857 2726 1941 2780 vel
1986 2735 2251 2793 matrem;
2302 2726 2425 2781 ideo
2467 2726 2670 2781 dicitur
2711 2726 2831 2783 sine
2862 2734 3035 2797 patre,
3075 2728 3193 2782 sine
3231 2734 3426 2792 matre,

1858 2817 1977 2873 sine
2004 2819 2338 2889 genealogia.
2371 2818 2436 2873 Et
2474 2821 2600 2889 quia
2629 2817 2836 2888 placuit
2866 2818 2997 2884 Deo,
3035 2827 3217 2875 manet
3247 2834 3431 2875 sacer-

1857 2911 1957 2966 dos
1985 2909 2040 2964 in
2072 2920 2415 2980 perpetuum.
2458 2909 2595 2964 Cum
2638 2910 2805 2980 igitur
2846 2910 3180 2966 occurrisset
3212 2909 3431 2965 Melchi-

1858 3001 2018 3056 sedec
2058 3000 2369 3055 Abrahamo
2404 3002 2694 3056 revertenti
2729 3017 2796 3056 ex
2830 3001 2977 3055 caede
3021 3016 3248 3071 regum;
3277 3001 3428 3056 dedit

1856 3092 1935 3145 ili
1983 3091 2208 3146 calicem
2245 3092 2358 3147 vini
2397 3092 2538 3146 clam
2581 3091 2826 3147 immisso
2873 3093 3030 3162 panis
3058 3091 3256 3159 frusto,
3291 3108 3424 3148 nec-

167 3180 260 3233 καὶ
294 3180 570 3250 indu-an
617 3178 799 3242 αὐτὸν,
852 3178 928 3242 ὡς
955 3179 1219 3251 ἠγάπησα
1262 3180 1353 3235 τὸν
1387 3180 1512 3235 Υίόν
1539 3198 1640 3253 μου
1664 3181 1756 3235 τὸν

1858 3198 1967 3237 non
2021 3182 2224 3253 populo
2267 3182 2415 3239 illius
2453 3197 2685 3239 cccxvm
2732 3184 2998 3250 virorum,
3048 3185 3195 3255 quod
3224 3183 3428 3240 dicitur

165 3271 459 3341 ἀγαπητόν
481 3289 494 3302 ·
531 3271 613 3324 ὅτι
644 3270 873 3340 ἐφύλαξε
906 3271 1004 3335 τὰς
1036 3272 1253 3336 ἐντολάς
1281 3289 1411 3344 μου,
1444 3273 1539 3327 καὶ
1581 3273 1751 3343 φυλά-

169 3361 247 3428 ξει
269 3362 357 3425 είς
374 3360 470 3414 τὸν
497 3359 689 3415 αἰῶνα.
718 3362 835 3415 Ἵνα
882 3357 973 3415 οὗν
1026 3361 1100 3434 μὴ
1141 3362 1268 3435 δόξῃ
1327 3363 1497 3435 ἀρχὴν
1527 3364 1752 3435 ἡμερῶν

171 3456 245 3526 μὴ
270 3454 446 3526 ἔχειν,
475 3454 565 3508 διὰ
588 3454 650 3508 τὸ
699 3455 773 3527 μὴ
820 3454 1016 3509 εἰδέναι
1049 3454 1172 3509 τινὰ
1209 3456 1336 3509 πότε
1381 3457 1663 3529 ἐγεννήθη,
1690 3456 1752 3510 τὸ

166 3548 263 3619 τῆς
301 3545 659 3615 γενεαλογίας
684 3544 815 3616 (29),
851 3547 987 3618 μήτε
1014 3547 1238 3619 πατρὸς,
1259 3548 1392 3619 μήτε
1420 3549 1646 3621 μητρὸς,
1663 3550 1750 3605 διὰ

166 3638 327 3693 τοῦτο
358 3639 579 3707 λέγεται
610 3638 857 3708 ἀπάτωρ,
887 3639 1137 3709 ἀμήτωρ,
1173 3639 1268 3692 καὶ
1296 3638 1750 3710 ἀγενεαλόγητοςο

167 3733 262 3786 καὶ
293 3730 390 3784 διά
419 3729 483 3783 τὸ
502 3729 863 3801 εὐαρεστῆσαι
897 3728 1057 3783 αὑτὸν
1089 3728 1166 3799 τῷ
1200 3728 1351 3798 Θεῷ,
1388 3729 1534 3800 μένει
1577 3731 1756 3802 ἱερεὺς

168 3824 245 3886 εἰς
265 3821 332 3874 τὸ
351 3818 623 3890 διηνεκές.
665 3817 754 3881 Ὠς
786 3812 879 3871 οῦν
933 3818 1246 3889 ἀπήντησεν
1274 3820 1303 3871 6
1322 3818 1654 3889 Μελχισεδὲκ
1677 3819 1753 3892 τῷ

178 3910 438 3984 Ἀϐραὰμ
466 3909 858 3981 ὑποστρέφοντι
889 3909 996 3963 ἀπὸ
1020 3909 1123 3980 τῆς
1147 3910 1325 3980 κοπῆς
1345 3909 1453 3963 τῶν
1472 3910 1752 3982 βασιλέων,

168 4003 447 4057 ἐπέδωκεν
463 4000 612 4072 αὐτῷ
638 4001 892 4071 ποτήριον
914 3999 1059 4054 οἴνου
1086 4001 1332 4072 ἀοράτως
1355 4000 1465 4072 (50)
1483 4002 1755 4058 ἐπιϐαλὼν

169 4091 319 4163 αὐτῷ
350 4091 449 4145 καὶ
476 4089 698 4161 κλάσμα
731 4090 918 4160 ἄρτου,
943 4091 1037 4145 καὶ
1065 4091 1145 4163 τῷ
1169 4091 1283 4163 λαῷ
1309 4092 1471 4146 αὐτοῦ
1499 4092 1658 4164 ¹ὄντος
1696 4097 1754 4149 ἐν

169 4183 400 4256 ἀνδράσι
430 4188 559 4254 τιηῆ
591 4182 620 4235 δ
651 4181 867 4250 λέγεται
907 4180 1279 4253 βουκάκρατον
1301 4182 1406 4247 ἕως
1436 4186 1537 4255 τῆς
1582 4188 1752 4257 σήμε-

172 4294 262 4350 ρον
316 4275 557 4347 ἡμέρας.
605 4274 762 4329 Κατά
810 4273 999 4328 τοῦτον
1023 4274 1115 4328 τὸν
1165 4274 1366 4347 τρόπον
1397 4276 1649 4348 ὡμοιώθη
1677 4277 1753 4350 τῷ

171 4368 285 4440 Υἰῷ
308 4367 406 4421 τοῦ
439 4365 611 4431 Θεοῦ,
640 4365 754 4420 ἀλλ’
816 4366 917 4420 οὐκ
959 4366 1040 4431 είς
1081 4366 1182 4438 τὴν
1236 4367 1395 4439 χάριν
1417 4386 1431 4400 ·
1468 4368 1563 4422 καὶ
1612 4368 1752 4423 οὕτω

1859 3275 2235 3340 bucacratum,
2270 3291 2443 3347 usque
2481 3277 2536 3330 in
2575 3283 2900 3347 praesentem
2932 3276 3097 3333 diem.
3143 3275 3221 3332 Eo
3260 3277 3426 3333 modo

1858 3366 2054 3423 similis
2100 3367 2277 3422 factus
2321 3375 2405 3424 est
2455 3365 2594 3423 Filio
2623 3366 2759 3436 Dei,
2811 3368 2907 3425 sed
2958 3383 3068 3423 non
3124 3369 3435 3425 secundum

1855 3459 2106 3530 gratiam.
2140 3458 2315 3529 Atque
2344 3458 2415 3514 ita
2440 3460 2651 3530 primus
2679 3460 2796 3531 ipse
2824 3467 2987 3532 typus
3019 3460 3121 3514 fuit
3149 3460 3424 3516 incruenti

1857 3550 2109 3605 sacriﬁcii
2137 3550 2455 3613 Salvatoris.
2476 3567 2600 3607 cum
2623 3552 2749 3606 tulit
2777 3561 3025 3607 sanctam
3060 3553 3418 3608 oblationem.

1844 3641 2202 3713 .Quapmpter
2229 3642 2340 3697 ait:
2372 3662 2391 3694 ι
2424 3641 2506 3696 Tu
2539 3657 2599 3697 es
2642 3642 2901 3697 sacerdos
2931 3642 2986 3697 in
3029 3650 3295 3697 mternum
3335 3656 3426 3696 se-

1856 3730 2097 3785 cundum
2157 3731 2406 3786 ordinem
2469 3728 2917 3795 Melchisedec“,
2954 3748 2974 3781 ι
3022 3729 3282 3799 quoniam
3346 3736 3427 3799 ty-

1855 3836 1960 3893 pus
1993 3821 2097 3876 fuit
2133 3836 2302 3877 sacra:
2346 3821 2661 3887 oblationis,
2694 3820 2919 3876 tradens
2955 3835 3072 3876 eam
3112 3817 3425 3875 Abrahamo

1853 3922 1908 3970 et
1938 3929 2172 3969 cccxvtu
2198 3914 2355 3970 viris.
2379 3911 2737 3984 Totidemque
2776 3927 3005 3968 numero
3041 3911 3250 3967 inventi
3292 3917 3424 3967 sunt

1854 4011 1988 4066 olim
2015 4010 2071 4066 in
2094 4008 2313 4065 Nicaena
2340 4010 2477 4066 urbe
2500 4009 2675 4065 sancti
2707 4007 2921 4072 Patres,
2949 4006 3045 4078 qui
3078 4014 3284 4062 rectam
3309 4013 3422 4062 sta-

1854 4109 2080 4158 tuerunt
2110 4100 2268 4157 ﬁdem
2300 4122 2323 4158 ε
2343 4117 2578 4173 quorum
2610 4117 2877 4159 numerus
2909 4098 2978 4154 ad
3007 4097 3423 4155 similitudinem

1854 4193 2178 4264 patriarcha:
2208 4192 2442 4249 Abrahae
2475 4199 2560 4248 est
2584 4199 2953 4247 trecentorum
2980 4189 3169 4246 decem
3202 4197 3258 4245 et
3296 4195 3423 4245 octo

1854 4292 2169 4342 sanctorum
2193 4285 2575 4356 episcoporum
2603 4284 2695 4355 qui
2724 4284 2781 4339 in
2811 4281 3021 4355 synodo
3052 4282 3220 4338 luere.
3249 4279 3423 4335 Deum

1854 4383 2031 4428 autem
2062 4380 2310 4429 nostrum
2353 4373 2511 4430 decet
2556 4372 2728 4444 gloria
2776 4386 2927 4426 nunc
2948 4378 3003 4426 et
3032 4384 3249 4441 semper
3277 4375 3332 4424 et
3365 4368 3423 4423 in

172 4463 389 4536 πρῶτος
436 4461 608 4524 τύπος
650 4460 865 4530 ἐγένετο
916 4460 1019 4531 τῆς
1067 4461 1403 4531 ἀναιμάκτου
1431 4460 1621 4529 Θυσίας
1654 4463 1747 4516 τοῦ

1858 4467 2051 4522 saecula
2088 4467 2433 4522 saeculorum.
2463 4464 2655 4521 Amen.

170 4555 423 4628 Σωτῆρος
469 4554 650 4626 φέρων
668 4555 749 4617 εἰς
776 4551 875 4624 τὴν
907 4553 1067 4621 ἁγίαν
1123 4553 1439 4625 προσφοράν
1484 4554 1617 4623 (Si).
1659 4555 1749 4608 Διὸ
1779 4556 1961 4627 λέγει’
2018 4577 2037 4611 ι
2109 4559 2182 4613 Σὺ
2242 4560 2420 4630 ἱερεὺς
2467 4559 2549 4622 είς
2595 4557 2687 4612 τὸν
2731 4556 2905 4613 αίῶνα
2963 4556 3104 4612 κατά
3127 4554 3224 4627 τὴν
3269 4550 3423 4617 τάξιν

170 4649 529 4722 Μελχισεδὲκ,
556 4668 574 4701 ι
619 4647 808 4719 ἐπειδὴ
838 4646 1007 4712 τύπος
1036 4648 1251 4718 ἐγένετο
1275 4650 1372 4720 τῆς
1398 4649 1559 4719 ἁγίας
1605 4642 1950 4725 προσφορᾶςξ
1996 4652 2337 4717 ἐπιδεδωκὼς
2386 4651 2466 4724 τῷ
2537 4650 2807 4724 Ἀϐραὰμ,
2853 4652 2947 4706 καὶ
3002 4653 3116 4715 τοῖς
3149 4655 3271 4719 τιηο,
3312 4645 3420 4701 οὖ-

168 4761 244 4799 τω
296 4761 356 4797 τε
380 4743 478 4797 καὶ
496 4744 547 4797 οἱ
573 4741 717 4810 ἅγιοι
738 4740 979 4813 Πατέρες
1011 4741 1151 4795 κατὰ
1184 4743 1407 4814 καιροὺς
1435 4741 1735 4815 εὑρέθησαν
1770 4745 1827 4797 ἐν
1856 4748 1923 4818 τῇ
1957 4744 2207 4800 Νικαέων
2236 4744 2421 4812 πόλει,
2469 4744 2519 4798 οἳ
2589 4743 2685 4797 καὶ
2734 4741 3124 4815 ὼρθοτόμησαν
3177 4742 3277 4812 τὴν
3328 4737 3420 4792 πί-

172 4853 323 4893 στιν·
359 4831 441 4892 ὧν
473 4838 507 4908 ἡ
546 4834 830 4905 ⁴ποδότης,
883 4832 1008 4887 καθ’
1056 4834 1348 4905 ὁμοιότητα
1413 4836 1507 4890 τοῦ
1561 4840 1897 4912 πατριάρχου
1959 4840 2069 4911 (52)
2110 4838 2394 4912 Ἀϐραὰμ,
2427 4837 2543 4891 ἐστὶ
2578 4836 2880 4907 τριακόσιοι
2934 4836 3066 4890 δέκα
3121 4835 3215 4889 καὶ
3276 4829 3419 4887 ὀκτὼ

172 4935 313 5003 ἅγιοι
364 4930 654 4985 ἐπίσκοποι
716 4930 773 4982 ἐν
824 4930 892 5000 τῇ
946 4927 1164 5000 συνόδῳ.
1194 4928 1284 5000 Τῷ
1321 4928 1377 4983 δὲ
1434 4929 1553 5005 Θεῷ
1584 4932 1741 5006 ἡμῶν
1779 4934 1976 5011 πρέπει
2025 4933 2151 5005 δόξα
2211 4932 2306 4989 νῦν
2356 4932 2448 4991 καὶ
2477 4931 2598 4998 ἀεὶ,
2625 4932 2719 4986 καὶ
2749 4934 2829 4998 είς
2864 4932 2990 4996 τοὺς
3047 4929 3249 4992 αἰῶνας
3307 4926 3416 4982 τῶν

171 5023 399 5078 αίώνων.
450 5020 645 5092 Ἀμήν.

238 5141 284 5174 ⁸⁸
318 5138 470 5197 Psal.
505 5153 631 5204 cu,
667 5136 724 5193 4.

238 5255 348 5327 (25)
380 5252 462 5327 Ita
492 5250 803 5327 Beg._Edit_i
823 5265 970 5327 vero,
998 5251 1094 5305 καὶ
1123 5249 1304 5307 θῦσον.
1334 5249 1513 5316 Colb.,
1537 5251 1631 5307 καὶ
1653 5250 1747 5305 θῦ-
1849 5249 2083 5327 Inferius
2104 5250 2333 5327 R_egi_um
2368 5251 2670 5327 sequimur,
2712 5250 2803 5305 ubi
2842 5249 2896 5304 in
2928 5248 3088 5304 editis
3113 5245 3412 5318 legebatur,

175 5320 262 5379 σον
289 5320 483 5394 θυσίαν
511 5320 700 5393 κυρίῳ
723 5320 803 5391 τῷ
828 5321 947 5394 Θεῷ
981 5338 1095 5375 σου.
1172 5391 1181 5394 Α
1456 5391 1468 5394 _
1514 5391 1524 5394 Α
1722 5393 1728 5394 γ
1848 5321 2066 5394 τῷᾐλαῴ
2097 5320 2262 5375 αὑτοῦ
2300 5328 2403 5394 τιη⁸
2428 5323 2539 5394 λέως
2563 5322 2683 5391 τῆς,
2712 5329 2818 5394 etc.

242 5395 350 5461 (25)
397 5389 785 5456 Colber'tin’tts,
824 5389 929 5445 καῖ
967 5391 1361 5462 τριχοκόπησον
1410 5391 1593 5457 αὑτὸν,
1648 5393 1744 5445 καὶ

242 5465 571 5515 δνοκόπτῖσον
595 5460 780 5515 αὐτὸν.
811 5462 907 5515 καὶ
944 5461 1167 5515 φίλησον
1187 5462 1366 5515 αὐτόν.

1897 5389 2149 5515 ’ριγιιε
2190 5408 2256 5447 ex
2308 5389 2479 5461 Regio
2532 5389 2707 5446 locum
2748 5390 2995 5444 vitiatum
3051 5390 3414 5446 restituimns.

1858 5460 1926 5515 Co
1953 5465 2003 5515 b.
2046 5464 2123 5515 sic
2159 5462 2336 5515 habet.
2377 5461 2517 5514 Ἀλλ’
2546 5462 2686 5515 οὕτω
2719 5459 2933 5515 πρῶτος
2969 5458 3138 5515 τύπος
3192 5461 3414 5515 γέγονεν

173 5458 780 5536 ὄνυχοκό-πησοναύτδν,
811 5462 907 5536 καὶ
944 5458 1167 5536 φίλῄσον
1187 5458 1366 5536 αὐτόν.
1573 5532 1584 5536 _
1629 5531 1640 5536 _
1848 5458 2021 5536 Col‘b.
2046 5464 2123 5516 sic
2143 5462 2336 5536 habet,
2377 5458 2517 5536 ’AXA‘
2546 5462 2686 5536 οῦτω
2719 5459 2933 5536 πρῶτος
2969 5458 3138 5536 τύπος
3192 5461 3417 5536 γέγονεν

242 5530 858 5617 (Ἦλιιοξὼιῠςιίἱιιυε.
887 5530 966 5586 Ιιι
989 5530 1149 5587 editis
1178 5546 1308 5587 vero
1332 5532 1467 5596 haac,
1503 5532 1597 5585 καὶ
1617 5531 1743 5585 6w.-

1858 5532 1876 5617 ξ
1900 5532 2232 5617 Μελχισεδὲκ
2263 5532 2363 5617 τῆς
2382 5532 2727 5617 ’ἀναιμάκτου
2740 5530 2973 5617 νθυσίιις,
3002 5531 3180 5617 ιρέρων
3209 5533 3293 5617 εἰς
3319 5531 3418 5617 τῂν

174 5596 471 5679 χοκεπῆσαί
499 5600 842 5679 ge,_des_unt.
885 5671 925 5679 _
945 5672 976 5679 __
1009 5673 1021 5679 _
1115 5670 1155 5679 _
1420 5670 1437 5679 μ
1608 5672 1619 5679 _
1846 5596 2348 5679 ἁγίαν’προσ’.ρορὰν
2375 5596 2537 5679 ἄρτον
2575 5603 2669 5653 καὶ
2713 5596 2851 5655 οἶνον
2883 5602 2977 5653 καὶ
3011 5596 3174 5673 ὕδωρ,
3204 5596 3419 5664 δεικνὺς

242 5670 464 5745 (28)Ἰια
490 5672 861 5745 Colbertinus.
885 5671 1024 5727 Editi
1041 5670 1277 5745 etReg.,
1295 5670 1734 5742 τετελειωμένον.

1858 5672 1905 5725 τὸ
1928 5744 1931 5745 ν
1940 5670 2363 5745 τρισυπόστατον
2374 5670 2493 5745 ,διρά

174 5743 282 5802 και
313 5743 473 5798 πάλιν
504 5744 676 5811 φωνή,
704 5744 923 5798 omissis
955 5743 1156 5797 multis.

245 5814 355 5883 (29)
383 5814 457 5885 |_ta
484 5811 945 5885 lieg.Editi_vero,
975 5815 1111 5885 μήτε
1134 5813 1190 5867 δὲ
1219 5811 1585 5885 γενεαλογίας.

244 5886 357 5954 (ΞΟ)
390 5883 482 5941 Sic
503 5882 724 5956 Regius.
758 5882 896 5948 Editi
924 5882 1071 5952 vero,
1105 5883 1359 5954 ποτήριον
1389 5882 1621 5953 ἄκρατον
1648 5883 1737 5938 ἐπ.

1843 5672 1905 5725 τὸ
1942 5672 2363 5741 τρισυπόστατον
2374 5672 2612 5741 μρὰτος.

1911 5692 2659 5824 ίὲἔῖσιῖῗὲἶιῗξντοδέἒῗῗῖάε
2690 5740 3009 5824 ὑπάρχουσι
3046 5739 3417 5824 musam?

1844 5814 1939 5865 τοῦ
1974 5810 2344 5940 πατρῚὲςᾶ
2357 5811 2447 5938 Et}:
2468 5811 2525 5937 δὲ
2551 5810 2689 5935 Θεῷ,
2708 5810 2841 5879 etc.,
2869 5826 2933 5867 cx
2972 5810 3139 5884 Regio
3164 5810 3419 5880 'm’u‘tuat't

1847 5898 2058 5941 sumus.
2114 5900 2151 5939 n
2253 5898 2311 5939 ll
2403 5897 2493 5939 cer
2527 5897 2565 5937 n
2595 5921 2607 5935 .
