  <div class='ocr_page' id='page_1' title='image "/cluster/home/n/w/nwhite01/storage/ocr_20150623/28/hvd.32044019207737/272.png"; bbox 0 0 3920 6504; ppageno 0'>
   <div class='ocr_carea' id='block_1_1' title="bbox 125 335 3398 417">
    <p class='ocr_par' dir='ltr' id='par_1_1' title="bbox 125 335 3398 417">
     <span class='ocr_line' id='line_1_1' title="bbox 125 335 3398 417; baseline -0.004 -11"><span class='ocrx_word' id='word_1_1' title='bbox 125 361 243 417; x_wconf 77' lang='lat'><strong>535</strong></span> <span class='ocrx_word' id='word_1_2' title='bbox 1347 345 1550 402; x_wconf 80' lang='lat' dir='ltr'><strong>LIBER</strong></span> <span class='ocrx_word' id='word_1_3' title='bbox 1589 343 1678 400; x_wconf 83' lang='lat' dir='ltr'><strong>DE</strong></span> <span class='ocrx_word' id='word_1_4' title='bbox 1717 339 2291 400; x_wconf 81' lang='lat' dir='ltr'><strong>DEFlNlTlONlBUS.</strong></span> <span class='ocrx_word' id='word_1_5' title='bbox 3289 335 3398 393; x_wconf 67' lang='lat'><strong>536</strong></span> 
     </span>
    </p>
   </div>
   <div class='ocr_carea' id='block_1_2' title="bbox 211 455 1726 546">
    <p class='ocr_par' dir='ltr' id='par_1_2' title="bbox 211 467 1726 546">
     <span class='ocr_line' id='line_1_2' title="bbox 211 467 1726 546; baseline -0.011 -11"><span class='ocrx_word' id='word_1_6' title='bbox 211 480 277 536; x_wconf 85' lang='lat' dir='ltr'><strong>In</strong></span> <span class='ocrx_word' id='word_1_7' title='bbox 305 478 664 546; x_wconf 78' lang='lat' dir='ltr'><strong>manuscripto</strong></span> <span class='ocrx_word' id='word_1_8' title='bbox 694 492 852 545; x_wconf 82' lang='lat' dir='ltr'><strong>porro</strong></span> <span class='ocrx_word' id='word_1_9' title='bbox 884 473 1114 529; x_wconf 83' lang='lat' dir='ltr'><strong>Colbert.</strong></span> <span class='ocrx_word' id='word_1_10' title='bbox 1145 471 1305 533; x_wconf 68' lang='lat'><strong>6753,</strong></span> <span class='ocrx_word' id='word_1_11' title='bbox 1332 469 1641 540; x_wconf 79' lang='lat' dir='ltr'><strong>opusculum</strong></span> <span class='ocrx_word' id='word_1_12' title='bbox 1675 467 1726 520; x_wconf 81' lang='lat' dir='ltr'><strong>lu</strong></span> 
     </span>
    </p>
   </div>
   <div class='ocr_carea' id='block_1_3' title="bbox 1835 455 3396 546">
    <p class='ocr_par' dir='ltr' id='par_1_3' title="bbox 1835 455 3396 533">
     <span class='ocr_line' id='line_1_3' title="bbox 1835 455 3396 533; baseline -0.005 -14"><span class='ocrx_word' id='word_1_13' title='bbox 1835 483 1896 519; x_wconf 86' lang='lat' dir='ltr'><strong>ur</strong></span> <span class='ocrx_word' id='word_1_14' title='bbox 1928 465 2023 519; x_wconf 85' lang='lat' dir='ltr'><strong>hoc</strong></span> <span class='ocrx_word' id='word_1_15' title='bbox 2059 464 2250 518; x_wconf 77' lang='lat' dir='ltr'><strong>titulo:</strong></span> <span class='ocrx_word' id='word_1_16' title='bbox 2280 461 2567 533; x_wconf 74' lang='grc' dir='ltr'>Κεφάλαιά</span> <span class='ocrx_word' id='word_1_17' title='bbox 2598 478 2719 515; x_wconf 90' lang='grc' dir='ltr'>τινα</span> <span class='ocrx_word' id='word_1_18' title='bbox 2765 459 3046 530; x_wconf 76' lang='grc' dir='ltr'>ὀφείλοντα</span> <span class='ocrx_word' id='word_1_19' title='bbox 3071 455 3396 514; x_wconf 83' lang='grc' dir='ltr'>ἐπίστασθαι</span> 
     </span>
    </p>
   </div>
   <div class='ocr_carea' id='block_1_4' title="bbox 125 551 3393 643">
    <p class='ocr_par' dir='ltr' id='par_1_4' title="bbox 125 551 3393 643">
     <span class='ocr_line' id='line_1_4' title="bbox 125 551 3393 643; baseline -0.007 -16"><span class='ocrx_word' id='word_1_20' title='bbox 125 579 269 642; x_wconf 58' lang='grc' dir='ltr'>τοῖς,</span> <span class='ocrx_word' id='word_1_21' title='bbox 309 575 382 638; x_wconf 84' lang='grc' dir='ltr'>ὡς</span> <span class='ocrx_word' id='word_1_22' title='bbox 415 573 535 640; x_wconf 81' lang='grc' dir='ltr'>ἐξὸν</span> <span class='ocrx_word' id='word_1_23' title='bbox 569 571 897 643; x_wconf 78' lang='grc' dir='ltr'>ἀνθρωπίνῳ</span> <span class='ocrx_word' id='word_1_24' title='bbox 939 567 1040 629; x_wconf 77' lang='grc' dir='ltr'>νοῒ,</span> <span class='ocrx_word' id='word_1_25' title='bbox 1073 566 1413 637; x_wconf 78' lang='grc' dir='ltr'><strong>βουλομένοις</strong></span> <span class='ocrx_word' id='word_1_26' title='bbox 1431 563 1634 633; x_wconf 89' lang='grc' dir='ltr'>γνῶναι</span> <span class='ocrx_word' id='word_1_27' title='bbox 1664 561 1725 614; x_wconf 76' lang='grc' dir='ltr'><strong>τδ</strong></span> <span class='ocrx_word' id='word_1_28' title='bbox 1759 561 2056 632; x_wconf 82' lang='grc' dir='ltr'>μυστήριον</span> <span class='ocrx_word' id='word_1_29' title='bbox 2084 559 2183 629; x_wconf 80' lang='grc' dir='ltr'>τῆς</span> <span class='ocrx_word' id='word_1_30' title='bbox 2204 559 2298 614; x_wconf 88' lang='grc' dir='ltr'><strong>τοῦ</strong></span> <span class='ocrx_word' id='word_1_31' title='bbox 2331 559 2504 628; x_wconf 82' lang='grc' dir='ltr'>Λόγου</span> <span class='ocrx_word' id='word_1_32' title='bbox 2538 555 2890 629; x_wconf 80' lang='grc' dir='ltr'>σαρκώσεως.</span> <span class='ocrx_word' id='word_1_33' title='bbox 2924 555 3115 627; x_wconf 88' lang='lat' dir='ltr'><strong>Capita</strong></span> <span class='ocrx_word' id='word_1_34' title='bbox 3146 551 3393 643; x_wconf 76' lang='lat' dir='ltr'><strong>quaedam</strong></span> 
     </span>
    </p>
   </div>
   <div class='ocr_carea' id='block_1_5' title="bbox 127 642 3392 738">
    <p class='ocr_par' dir='ltr' id='par_1_5' title="bbox 127 642 3392 738">
     <span class='ocr_line' id='line_1_5' title="bbox 127 642 3392 738; baseline -0.008 -16"><span class='ocrx_word' id='word_1_35' title='bbox 127 683 260 738; x_wconf 78' lang='lat' dir='ltr'><strong>qua:</strong></span> <span class='ocrx_word' id='word_1_36' title='bbox 288 665 431 719; x_wconf 87' lang='lat' dir='ltr'><strong>scire</strong></span> <span class='ocrx_word' id='word_1_37' title='bbox 453 642 683 732; x_wconf 84' lang='lat' dir='ltr'><strong>oportet</strong></span> <span class='ocrx_word' id='word_1_38' title='bbox 704 675 824 720; x_wconf 90' lang='lat' dir='ltr'><strong>eos,</strong></span> <span class='ocrx_word' id='word_1_39' title='bbox 850 658 966 728; x_wconf 89' lang='lat' dir='ltr'><strong>qui,</strong></span> <span class='ocrx_word' id='word_1_40' title='bbox 992 664 1052 712; x_wconf 92' lang='lat' dir='ltr'><strong>ut</strong></span> <span class='ocrx_word' id='word_1_41' title='bbox 1084 656 1186 711; x_wconf 80' lang='lat' dir='ltr'><strong>fert</strong></span> <span class='ocrx_word' id='word_1_42' title='bbox 1221 654 1454 708; x_wconf 75' lang='lat' dir='ltr'><strong>facultas</strong></span> <span class='ocrx_word' id='word_1_43' title='bbox 1486 653 1686 707; x_wconf 83' lang='lat' dir='ltr'><strong>mentis</strong></span> <span class='ocrx_word' id='word_1_44' title='bbox 1716 653 1992 715; x_wconf 67' lang='lat' dir='ltr'><strong>humanae,</strong></span> <span class='ocrx_word' id='word_1_45' title='bbox 2015 666 2180 706; x_wconf 90' lang='lat' dir='ltr'><strong>nosse</strong></span> <span class='ocrx_word' id='word_1_46' title='bbox 2212 651 2405 704; x_wconf 88' lang='lat' dir='ltr'><strong>volunt</strong></span> <span class='ocrx_word' id='word_1_47' title='bbox 2436 649 2753 720; x_wconf 77' lang='lat' dir='ltr'><strong>mysterium</strong></span> <span class='ocrx_word' id='word_1_48' title='bbox 2786 646 3183 702; x_wconf 86' lang='lat' dir='ltr'><strong>lncarnationis</strong></span> <span class='ocrx_word' id='word_1_49' title='bbox 3208 642 3392 700; x_wconf 76' lang='lat' dir='ltr'><strong>Verbi.</strong></span> 
     </span>
    </p>
   </div>
   <div class='ocr_carea' id='block_1_6' title="bbox 129 737 2940 821">
    <p class='ocr_par' dir='ltr' id='par_1_6' title="bbox 129 737 2940 821">
     <span class='ocr_line' id='line_1_6' title="bbox 129 737 2940 821; baseline -0.008 -7"><span class='ocrx_word' id='word_1_50' title='bbox 129 737 302 814; x_wconf 61' lang='lat' dir='ltr'><strong>isthic</strong></span> <span class='ocrx_word' id='word_1_51' title='bbox 325 756 496 811; x_wconf 83' lang='lat' dir='ltr'><strong>multa</strong></span> <span class='ocrx_word' id='word_1_52' title='bbox 525 752 808 816; x_wconf 76' lang='lat' dir='ltr'><strong>habentur,</strong></span> <span class='ocrx_word' id='word_1_53' title='bbox 829 766 946 821; x_wconf 67' lang='lat' dir='ltr'><strong>quia</strong></span> <span class='ocrx_word' id='word_1_54' title='bbox 969 749 1024 802; x_wconf 83' lang='lat' dir='ltr'><strong>in</strong></span> <span class='ocrx_word' id='word_1_55' title='bbox 1052 747 1134 802; x_wconf 80' lang='lat' dir='ltr'><strong>Itis</strong></span> <span class='ocrx_word' id='word_1_56' title='bbox 1169 761 1372 816; x_wconf 84' lang='lat' dir='ltr'><strong>quoque</strong></span> <span class='ocrx_word' id='word_1_57' title='bbox 1402 743 1813 812; x_wconf 77' lang='lat' dir='ltr'><strong>Deﬁnitionibus</strong></span> <span class='ocrx_word' id='word_1_58' title='bbox 1854 741 2116 812; x_wconf 82' lang='lat' dir='ltr'><strong>leguntur,</strong></span> <span class='ocrx_word' id='word_1_59' title='bbox 2147 740 2357 811; x_wconf 75' lang='lat' dir='ltr'><strong>suisque</strong></span> <span class='ocrx_word' id='word_1_60' title='bbox 2388 739 2516 794; x_wconf 82' lang='lat' dir='ltr'><strong>locis</strong></span> <span class='ocrx_word' id='word_1_61' title='bbox 2548 737 2940 793; x_wconf 81' lang='lat' dir='ltr'><strong>adnotavimus.</strong></span> 
     </span>
    </p>
   </div>
   <div class='ocr_carea' id='block_1_7' title="bbox 1766 908 1824 924">
    <p class='ocr_par' dir='ltr' id='par_1_7' title="bbox 1766 908 1824 924">
     <span class='ocr_line' id='line_1_7' title="bbox 1766 908 1824 924; baseline 0 -4"><span class='ocrx_word' id='word_1_62' title='bbox 1766 908 1824 924; x_wconf 63' lang='grc' dir='ltr'><strong>’.ιι</strong></span> 
     </span>
    </p>
   </div>
   <div class='ocr_carea' id='block_1_8' title="bbox 464 994 1407 1064">
    <p class='ocr_par' dir='ltr' id='par_1_8' title="bbox 464 994 1407 1064">
     <span class='ocr_line' id='line_1_8' title="bbox 464 994 1407 1064; baseline -0.014 -6"><span class='ocrx_word' id='word_1_63' title='bbox 464 1002 607 1058; x_wconf 84' lang='grc' dir='ltr'><strong>ΤΟΥ</strong></span> <span class='ocrx_word' id='word_1_64' title='bbox 638 1000 907 1064; x_wconf 82' lang='grc' dir='ltr'><strong>ΑΥΤΟΥ,</strong></span> <span class='ocrx_word' id='word_1_65' title='bbox 955 996 1152 1050; x_wconf 82' lang='grc' dir='ltr'><strong>ΠΕΡΙ</strong></span> <span class='ocrx_word' id='word_1_66' title='bbox 1184 994 1407 1047; x_wconf 88' lang='grc' dir='ltr'><strong>ΟΡΩΝ.</strong></span> 
     </span>
    </p>
   </div>
   <div class='ocr_carea' id='block_1_9' title="bbox 204 1108 1719 1195">
    <p class='ocr_par' dir='ltr' id='par_1_9' title="bbox 204 1108 1719 1195">
     <span class='ocr_line' id='line_1_9' title="bbox 204 1108 1719 1195; baseline -0.014 -15"><span class='ocrx_word' id='word_1_67' title='bbox 204 1126 260 1181; x_wconf 76' lang='grc'><strong>1.</strong></span> <span class='ocrx_word' id='word_1_68' title='bbox 289 1126 448 1195; x_wconf 86' lang='grc' dir='ltr'>Ὅροι</span> <span class='ocrx_word' id='word_1_69' title='bbox 483 1122 732 1192; x_wconf 79' lang='grc' dir='ltr'>διάφοροι</span> <span class='ocrx_word' id='word_1_70' title='bbox 783 1117 923 1173; x_wconf 84' lang='grc' dir='ltr'>κατὰ</span> <span class='ocrx_word' id='word_1_71' title='bbox 953 1115 1053 1186; x_wconf 81' lang='grc' dir='ltr'>τὴν</span> <span class='ocrx_word' id='word_1_72' title='bbox 1088 1114 1384 1186; x_wconf 81' lang='grc' dir='ltr'>παράδοσιν</span> <span class='ocrx_word' id='word_1_73' title='bbox 1412 1110 1508 1164; x_wconf 77' lang='grc' dir='ltr'>καὶ</span> <span class='ocrx_word' id='word_1_74' title='bbox 1539 1108 1719 1161; x_wconf 88' lang='grc' dir='ltr'>πίστιν</span> 
     </span>
    </p>
   </div>
   <div class='ocr_carea' id='block_1_10' title="bbox 129 1201 1719 1289">
    <p class='ocr_par' dir='ltr' id='par_1_10' title="bbox 129 1201 1719 1289">
     <span class='ocr_line' id='line_1_10' title="bbox 129 1201 1719 1289; baseline -0.013 -17"><span class='ocrx_word' id='word_1_75' title='bbox 129 1219 234 1289; x_wconf 76' lang='grc' dir='ltr'>τῆς</span> <span class='ocrx_word' id='word_1_76' title='bbox 295 1212 602 1282; x_wconf 79' lang='grc' dir='ltr'>καθολικῆς</span> <span class='ocrx_word' id='word_1_77' title='bbox 669 1208 1031 1280; x_wconf 84' lang='grc' dir='ltr'>Ἐκκλησίας,</span> <span class='ocrx_word' id='word_1_78' title='bbox 1095 1204 1442 1272; x_wconf 78' lang='grc' dir='ltr'><strong>συλλεγέντες</strong></span> <span class='ocrx_word' id='word_1_79' title='bbox 1488 1201 1609 1271; x_wconf 50' lang='grc' dir='ltr'>,ἀπό</span> <span class='ocrx_word' id='word_1_80' title='bbox 1661 1216 1719 1252; x_wconf 91' lang='grc' dir='ltr'><strong>τε</strong></span> 
     </span>
    </p>
   </div>
   <div class='ocr_carea' id='block_1_11' title="bbox 134 1292 1720 1379">
    <p class='ocr_par' dir='ltr' id='par_1_11' title="bbox 134 1292 1720 1379">
     <span class='ocr_line' id='line_1_11' title="bbox 134 1292 1720 1379; baseline -0.012 -17"><span class='ocrx_word' id='word_1_81' title='bbox 134 1310 453 1379; x_wconf 72' lang='grc' dir='ltr'><strong>Κλήμεντος</strong></span> <span class='ocrx_word' id='word_1_82' title='bbox 492 1305 585 1358; x_wconf 73' lang='grc' dir='ltr'>καὶ</span> <span class='ocrx_word' id='word_1_83' title='bbox 617 1303 819 1374; x_wconf 78' lang='grc' dir='ltr'>ἐτέρων</span> <span class='ocrx_word' id='word_1_84' title='bbox 848 1301 1011 1353; x_wconf 80' lang='grc' dir='ltr'>ὁσίων</span> <span class='ocrx_word' id='word_1_85' title='bbox 1049 1296 1258 1368; x_wconf 87' lang='grc' dir='ltr'>ἀνδρῶν</span> <span class='ocrx_word' id='word_1_86' title='bbox 1293 1294 1388 1348; x_wconf 71' lang='grc' dir='ltr'>καὶ</span> <span class='ocrx_word' id='word_1_87' title='bbox 1438 1292 1720 1364; x_wconf 83' lang='grc' dir='ltr'><strong>μακαρίων</strong></span> 
     </span>
    </p>
   </div>
   <div class='ocr_carea' id='block_1_12' title="bbox 133 1383 1722 1470">
    <p class='ocr_par' dir='ltr' id='par_1_12' title="bbox 133 1383 1722 1470">
     <span class='ocr_line' id='line_1_12' title="bbox 133 1383 1722 1470; baseline -0.013 -16"><span class='ocrx_word' id='word_1_88' title='bbox 133 1401 430 1470; x_wconf 75' lang='grc' dir='ltr'>Πατέρωνο</span> <span class='ocrx_word' id='word_1_89' title='bbox 491 1395 584 1459; x_wconf 78' lang='grc' dir='ltr'><strong>οὒς</strong></span> <span class='ocrx_word' id='word_1_90' title='bbox 637 1394 714 1447; x_wconf 86' lang='grc' dir='ltr'><strong>δεῖ</strong></span> <span class='ocrx_word' id='word_1_91' title='bbox 766 1393 872 1464; x_wconf 78' lang='grc' dir='ltr'>πρὸ</span> <span class='ocrx_word' id='word_1_92' title='bbox 914 1390 1110 1454; x_wconf 77' lang='grc' dir='ltr'>παντὸς</span> <span class='ocrx_word' id='word_1_93' title='bbox 1169 1388 1354 1458; x_wconf 82' lang='grc' dir='ltr'>ἐτέρου</span> <span class='ocrx_word' id='word_1_94' title='bbox 1403 1383 1722 1456; x_wconf 73' lang='grc' dir='ltr'>μαθήματος</span> 
     </span>
    </p>
   </div>
   <div class='ocr_carea' id='block_1_13' title="bbox 136 1472 1720 1562">
    <p class='ocr_par' dir='ltr' id='par_1_13' title="bbox 136 1472 1720 1562">
     <span class='ocr_line' id='line_1_13' title="bbox 136 1472 1720 1562; baseline -0.013 -18"><span class='ocrx_word' id='word_1_95' title='bbox 136 1491 383 1562; x_wconf 78' lang='grc' dir='ltr'><strong>μετιέναι</strong></span> <span class='ocrx_word' id='word_1_96' title='bbox 427 1489 521 1540; x_wconf 73' lang='grc' dir='ltr'><strong>καὶ</strong></span> <span class='ocrx_word' id='word_1_97' title='bbox 562 1483 919 1556; x_wconf 79' lang='grc' dir='ltr'>ἐνστηθίζειν,</span> <span class='ocrx_word' id='word_1_98' title='bbox 966 1481 1055 1535; x_wconf 70' lang='grc' dir='ltr'><strong>τὸν</strong></span> <span class='ocrx_word' id='word_1_99' title='bbox 1083 1482 1148 1551; x_wconf 80' lang='grc' dir='ltr'>τῇ</span> <span class='ocrx_word' id='word_1_100' title='bbox 1211 1477 1430 1549; x_wconf 67' lang='grc' dir='ltr'>βοηθείᾳ</span> <span class='ocrx_word' id='word_1_101' title='bbox 1459 1475 1550 1528; x_wconf 88' lang='grc' dir='ltr'><strong>τοῦ</strong></span> <span class='ocrx_word' id='word_1_102' title='bbox 1587 1472 1720 1526; x_wconf 86' lang='grc' dir='ltr'>Θεοῦ</span> 
     </span>
    </p>
   </div>
   <div class='ocr_carea' id='block_1_14' title="bbox 138 1566 1722 1655">
    <p class='ocr_par' dir='ltr' id='par_1_14' title="bbox 138 1566 1722 1655">
     <span class='ocr_line' id='line_1_14' title="bbox 138 1566 1722 1655; baseline -0.011 -19"><span class='ocrx_word' id='word_1_103' title='bbox 138 1580 500 1655; x_wconf 75' lang='grc' dir='ltr'>προΐστασθαι</span> <span class='ocrx_word' id='word_1_104' title='bbox 527 1578 622 1631; x_wconf 82' lang='grc' dir='ltr'><strong>τοῦ</strong></span> <span class='ocrx_word' id='word_1_105' title='bbox 651 1577 824 1645; x_wconf 80' lang='grc' dir='ltr'>Λόγου</span> <span class='ocrx_word' id='word_1_106' title='bbox 849 1575 948 1645; x_wconf 84' lang='grc' dir='ltr'>τῆς</span> <span class='ocrx_word' id='word_1_107' title='bbox 970 1573 1226 1646; x_wconf 78' lang='grc' dir='ltr'><strong>ἀληθείας</strong></span> <span class='ocrx_word' id='word_1_108' title='bbox 1249 1569 1567 1641; x_wconf 86' lang='grc' dir='ltr'>βουλόμενον</span> <span class='ocrx_word' id='word_1_109' title='bbox 1585 1608 1600 1632; x_wconf 83' lang='grc'><strong>,</strong></span> <span class='ocrx_word' id='word_1_110' title='bbox 1629 1566 1722 1620; x_wconf 67' lang='grc' dir='ltr'><strong>καλ⁸</strong></span> 
     </span>
    </p>
   </div>
   <div class='ocr_carea' id='block_1_15' title="bbox 135 1659 1721 1740">
    <p class='ocr_par' dir='ltr' id='par_1_15' title="bbox 135 1659 1721 1740">
     <span class='ocr_line' id='line_1_15' title="bbox 135 1659 1721 1740; baseline -0.01 -14"><span class='ocrx_word' id='word_1_111' title='bbox 135 1674 313 1727; x_wconf 78' lang='grc' dir='ltr'>πάντα</span> <span class='ocrx_word' id='word_1_112' title='bbox 371 1671 657 1740; x_wconf 80' lang='grc' dir='ltr'>ἄνθρωπον</span> <span class='ocrx_word' id='word_1_113' title='bbox 686 1667 980 1738; x_wconf 79' lang='grc' dir='ltr'>ὁρθοδόξως</span> <span class='ocrx_word' id='word_1_114' title='bbox 1024 1664 1320 1736; x_wconf 84' lang='grc' dir='ltr'>φρονοῦντα</span> <span class='ocrx_word' id='word_1_115' title='bbox 1343 1702 1358 1728; x_wconf 89' lang='grc'><strong>,</strong></span> <span class='ocrx_word' id='word_1_116' title='bbox 1395 1661 1490 1715; x_wconf 67' lang='grc' dir='ltr'>καὶ</span> <span class='ocrx_word' id='word_1_117' title='bbox 1540 1659 1721 1712; x_wconf 88' lang='grc' dir='ltr'>πίστιν</span> 
     </span>
    </p>
   </div>
   <div class='ocr_carea' id='block_1_16' title="bbox 137 1757 1180 1836">
    <p class='ocr_par' dir='ltr' id='par_1_16' title="bbox 137 1757 1180 1836">
     <span class='ocr_line' id='line_1_16' title="bbox 137 1757 1180 1836; baseline -0.011 -18"><span class='ocrx_word' id='word_1_118' title='bbox 137 1766 273 1836; x_wconf 70' lang='grc' dir='ltr'>πρὸς</span> <span class='ocrx_word' id='word_1_119' title='bbox 299 1763 436 1816; x_wconf 71' lang='grc' dir='ltr'>Θεὸν</span> <span class='ocrx_word' id='word_1_120' title='bbox 463 1760 564 1831; x_wconf 79' lang='grc' dir='ltr'>τὴν</span> <span class='ocrx_word' id='word_1_121' title='bbox 599 1759 864 1830; x_wconf 76' lang='grc' dir='ltr'>εἰλικρινῆ</span> <span class='ocrx_word' id='word_1_122' title='bbox 891 1757 1180 1827; x_wconf 82' lang='grc' dir='ltr'>ἐσχηκότα.</span> 
     </span>
    </p>
   </div>
   <div class='ocr_carea' id='block_1_17' title="bbox 206 1842 1722 1926">
    <p class='ocr_par' dir='ltr' id='par_1_17' title="bbox 206 1842 1722 1926">
     <span class='ocr_line' id='line_1_17' title="bbox 206 1842 1722 1926; baseline -0.011 -16"><span class='ocrx_word' id='word_1_123' title='bbox 206 1857 260 1910; x_wconf 71' lang='lat'><strong>‘2.</strong></span> <span class='ocrx_word' id='word_1_124' title='bbox 279 1855 428 1926; x_wconf 81' lang='grc' dir='ltr'>Πρὸς</span> <span class='ocrx_word' id='word_1_125' title='bbox 456 1853 514 1906; x_wconf 87' lang='grc' dir='ltr'><strong>δέ</strong></span> <span class='ocrx_word' id='word_1_126' title='bbox 543 1850 943 1923; x_wconf 79' lang='grc' dir='ltr'>ἀκριϐεστέραν</span> <span class='ocrx_word' id='word_1_127' title='bbox 972 1846 1270 1918; x_wconf 84' lang='grc' dir='ltr'>παράδοσιν</span> <span class='ocrx_word' id='word_1_128' title='bbox 1304 1846 1480 1898; x_wconf 82' lang='grc' dir='ltr'>ἐκεῖνο</span> <span class='ocrx_word' id='word_1_129' title='bbox 1525 1842 1722 1896; x_wconf 86' lang='grc' dir='ltr'>εἰδέναι</span> 
     </span>
    </p>
   </div>
   <div class='ocr_carea' id='block_1_18' title="bbox 140 1935 1723 2020">
    <p class='ocr_par' dir='ltr' id='par_1_18' title="bbox 140 1935 1723 2020">
     <span class='ocr_line' id='line_1_18' title="bbox 140 1935 1723 2020; baseline -0.026 -13"><span class='ocrx_word' id='word_1_130' title='bbox 140 1949 265 2020; x_wconf 80' lang='grc' dir='ltr'>χρὴ,</span> <span class='ocrx_word' id='word_1_131' title='bbox 293 1948 490 2017; x_wconf 79' lang='grc' dir='ltr'>ὅτιπερ</span> <span class='ocrx_word' id='word_1_132' title='bbox 522 1946 630 1998; x_wconf 80' lang='grc' dir='ltr'><strong>πᾶν</strong></span> <span class='ocrx_word' id='word_1_133' title='bbox 657 1943 717 1996; x_wconf 78' lang='grc' dir='ltr'><strong>τὸ</strong></span> <span class='ocrx_word' id='word_1_134' title='bbox 738 1941 946 1996; x_wconf 86' lang='grc' dir='ltr'>οίονοῦν</span> <span class='ocrx_word' id='word_1_135' title='bbox 980 1940 1197 2010; x_wconf 79' lang='grc' dir='ltr'>ζήτημα</span> <span class='ocrx_word' id='word_1_136' title='bbox 1229 1937 1261 2007; x_wconf 80' lang='grc' dir='ltr'>ἢ</span> <span class='ocrx_word' id='word_1_137' title='bbox 1299 1935 1556 2008; x_wconf 70' lang='grc' dir='ltr'>ἐρώτημα</span> <span class='ocrx_word' id='word_1_138' title='bbox 1574 1938 1723 2006; x_wconf 66' lang='grc' dir='ltr'>τρεῖς</span> 
     </span>
    </p>
   </div>
   <div class='ocr_carea' id='block_1_19' title="bbox 140 2026 1722 2110">
    <p class='ocr_par' dir='ltr' id='par_1_19' title="bbox 140 2026 1722 2110">
     <span class='ocr_line' id='line_1_19' title="bbox 140 2026 1722 2110; baseline -0.009 -16"><span class='ocrx_word' id='word_1_139' title='bbox 140 2043 236 2105; x_wconf 71' lang='grc' dir='ltr'><strong>τὰς</strong></span> <span class='ocrx_word' id='word_1_140' title='bbox 281 2040 589 2110; x_wconf 80' lang='grc' dir='ltr'>ἐρωτήσεις</span> <span class='ocrx_word' id='word_1_141' title='bbox 620 2037 715 2090; x_wconf 71' lang='grc' dir='ltr'><strong>καὶ</strong></span> <span class='ocrx_word' id='word_1_142' title='bbox 741 2034 1013 2099; x_wconf 78' lang='grc' dir='ltr'>ἐξετάσεις</span> <span class='ocrx_word' id='word_1_143' title='bbox 1044 2033 1156 2102; x_wconf 78' lang='grc' dir='ltr'>ἔχει</span> <span class='ocrx_word' id='word_1_144' title='bbox 1182 2049 1196 2060; x_wconf 87' lang='grc'><strong>·</strong></span> <span class='ocrx_word' id='word_1_145' title='bbox 1221 2026 1330 2084; x_wconf 80' lang='grc' dir='ltr'>οἷον</span> <span class='ocrx_word' id='word_1_146' title='bbox 1368 2028 1420 2082; x_wconf 87' lang='grc' dir='ltr'><strong>τί</strong></span> <span class='ocrx_word' id='word_1_147' title='bbox 1449 2030 1562 2081; x_wconf 88' lang='grc' dir='ltr'>ἐστι</span> <span class='ocrx_word' id='word_1_148' title='bbox 1604 2027 1722 2080; x_wconf 85' lang='grc' dir='ltr'>τόδε</span> 
     </span>
    </p>
   </div>
   <div class='ocr_carea' id='block_1_20' title="bbox 144 2121 1720 2206">
    <p class='ocr_par' dir='ltr' id='par_1_20' title="bbox 144 2121 1720 2206">
     <span class='ocr_line' id='line_1_20' title="bbox 144 2121 1720 2206; baseline -0.01 -18"><span class='ocrx_word' id='word_1_149' title='bbox 144 2136 396 2206; x_wconf 73' lang='grc' dir='ltr'>πρᾶγμα,</span> <span class='ocrx_word' id='word_1_150' title='bbox 466 2132 563 2185; x_wconf 70' lang='grc' dir='ltr'>καὶ</span> <span class='ocrx_word' id='word_1_151' title='bbox 619 2129 761 2184; x_wconf 77' lang='grc' dir='ltr'>κατὰ</span> <span class='ocrx_word' id='word_1_152' title='bbox 807 2127 858 2181; x_wconf 92' lang='grc' dir='ltr'><strong>τί</strong></span> <span class='ocrx_word' id='word_1_153' title='bbox 914 2127 1127 2196; x_wconf 71' lang='grc' dir='ltr'>εἴρηται</span> <span class='ocrx_word' id='word_1_154' title='bbox 1161 2124 1303 2188; x_wconf 88' lang='grc' dir='ltr'>τόδε,</span> <span class='ocrx_word' id='word_1_155' title='bbox 1346 2123 1440 2176; x_wconf 73' lang='grc' dir='ltr'><strong>καὶ</strong></span> <span class='ocrx_word' id='word_1_156' title='bbox 1468 2121 1720 2191; x_wconf 82' lang='grc' dir='ltr'>(ὁσαχῶς)</span> 
     </span>
    </p>
   </div>
   <div class='ocr_carea' id='block_1_21' title="bbox 143 2211 1722 2291">
    <p class='ocr_par' dir='ltr' id='par_1_21' title="bbox 143 2211 1722 2291">
     <span class='ocr_line' id='line_1_21' title="bbox 143 2211 1722 2291; baseline -0.009 -13"><span class='ocrx_word' id='word_1_157' title='bbox 143 2229 342 2279; x_wconf 81' lang='grc' dir='ltr'>νοεῖται</span> <span class='ocrx_word' id='word_1_158' title='bbox 379 2223 442 2276; x_wconf 79' lang='grc' dir='ltr'>τὸ</span> <span class='ocrx_word' id='word_1_159' title='bbox 499 2222 669 2291; x_wconf 80' lang='grc' dir='ltr'>ὖνομα</span> <span class='ocrx_word' id='word_1_160' title='bbox 712 2219 850 2272; x_wconf 87' lang='grc' dir='ltr'>τόδε.</span> <span class='ocrx_word' id='word_1_161' title='bbox 903 2217 1012 2270; x_wconf 76' lang='grc' dir='ltr'>Καὶ</span> <span class='ocrx_word' id='word_1_162' title='bbox 1054 2217 1140 2270; x_wconf 83' lang='grc' dir='ltr'>ὅτε</span> <span class='ocrx_word' id='word_1_163' title='bbox 1178 2215 1278 2287; x_wconf 85' lang='grc' dir='ltr'><strong>μὲν</strong></span> <span class='ocrx_word' id='word_1_164' title='bbox 1331 2213 1641 2286; x_wconf 79' lang='grc' dir='ltr'>ἐρωτῶμεν,</span> <span class='ocrx_word' id='word_1_165' title='bbox 1672 2211 1722 2264; x_wconf 85' lang='grc' dir='ltr'><strong>τί</strong></span> 
     </span>
    </p>
   </div>
   <div class='ocr_carea' id='block_1_22' title="bbox 145 2303 1721 2384">
    <p class='ocr_par' dir='ltr' id='par_1_22' title="bbox 145 2303 1721 2384">
     <span class='ocr_line' id='line_1_22' title="bbox 145 2303 1721 2384; baseline -0.008 -13"><span class='ocrx_word' id='word_1_166' title='bbox 145 2321 256 2371; x_wconf 79' lang='grc' dir='ltr'>ἐστι</span> <span class='ocrx_word' id='word_1_167' title='bbox 303 2316 467 2380; x_wconf 72' lang='grc' dir='ltr'>τόδες</span> <span class='ocrx_word' id='word_1_168' title='bbox 529 2312 830 2384; x_wconf 82' lang='grc' dir='ltr'>πρόδηλον,</span> <span class='ocrx_word' id='word_1_169' title='bbox 870 2311 948 2362; x_wconf 84' lang='grc' dir='ltr'>ὅτι</span> <span class='ocrx_word' id='word_1_170' title='bbox 1001 2309 1092 2361; x_wconf 79' lang='grc' dir='ltr'>τὸν</span> <span class='ocrx_word' id='word_1_171' title='bbox 1137 2308 1261 2379; x_wconf 82' lang='grc' dir='ltr'>ὅρον</span> <span class='ocrx_word' id='word_1_172' title='bbox 1307 2303 1576 2376; x_wconf 78' lang='grc' dir='ltr'>ζητοῦμεν</span> <span class='ocrx_word' id='word_1_173' title='bbox 1628 2304 1721 2358; x_wconf 83' lang='grc' dir='ltr'><strong>τοῦ</strong></span> 
     </span>
    </p>
   </div>
   <div class='ocr_carea' id='block_1_23' title="bbox 149 2397 1798 2482">
    <p class='ocr_par' dir='ltr' id='par_1_23' title="bbox 149 2397 1798 2482">
     <span class='ocr_line' id='line_1_23' title="bbox 149 2397 1798 2482; baseline -0.01 -19"><span class='ocrx_word' id='word_1_174' title='bbox 149 2411 504 2482; x_wconf 75' lang='grc' dir='ltr'>πράγματοςο</span> <span class='ocrx_word' id='word_1_175' title='bbox 529 2407 657 2459; x_wconf 84' lang='grc' dir='ltr'>ὅταν</span> <span class='ocrx_word' id='word_1_176' title='bbox 689 2405 746 2456; x_wconf 86' lang='grc' dir='ltr'><strong>δέ</strong></span> <span class='ocrx_word' id='word_1_177' title='bbox 767 2402 1036 2473; x_wconf 85' lang='grc' dir='ltr'>λέγωμεν,</span> <span class='ocrx_word' id='word_1_178' title='bbox 1071 2399 1212 2453; x_wconf 81' lang='grc' dir='ltr'>κατὰ</span> <span class='ocrx_word' id='word_1_179' title='bbox 1242 2399 1294 2452; x_wconf 88' lang='grc' dir='ltr'><strong>τί</strong></span> <span class='ocrx_word' id='word_1_180' title='bbox 1325 2399 1540 2470; x_wconf 82' lang='grc' dir='ltr'>εἴρηται</span> <span class='ocrx_word' id='word_1_181' title='bbox 1567 2397 1722 2460; x_wconf 87' lang='grc' dir='ltr'>τόδε;</span> <span class='ocrx_word' id='word_1_182' title='bbox 1759 2427 1798 2480; x_wconf 73' lang='grc' dir='ltr'><strong>Β</strong></span> 
     </span>
    </p>
   </div>
   <div class='ocr_carea' id='block_1_24' title="bbox 145 2488 1726 2576">
    <p class='ocr_par' dir='ltr' id='par_1_24' title="bbox 145 2488 1726 2576">
     <span class='ocr_line' id='line_1_24' title="bbox 145 2488 1726 2576; baseline -0.009 -20"><span class='ocrx_word' id='word_1_183' title='bbox 145 2505 237 2576; x_wconf 74' lang='grc' dir='ltr'>τὴν</span> <span class='ocrx_word' id='word_1_184' title='bbox 260 2499 624 2572; x_wconf 78' lang='grc' dir='ltr'>ὲτυμολογίαν</span> <span class='ocrx_word' id='word_1_185' title='bbox 647 2496 738 2550; x_wconf 84' lang='grc' dir='ltr'><strong>τοῦ</strong></span> <span class='ocrx_word' id='word_1_186' title='bbox 762 2495 1023 2566; x_wconf 77' lang='grc' dir='ltr'>ὀνόματος</span> <span class='ocrx_word' id='word_1_187' title='bbox 1057 2491 1414 2562; x_wconf 79' lang='grc' dir='ltr'>ἀπαιτοῦμεν.</span> <span class='ocrx_word' id='word_1_188' title='bbox 1457 2488 1648 2542; x_wconf 82' lang='grc' dir='ltr'>Ἡνίκα</span> <span class='ocrx_word' id='word_1_189' title='bbox 1670 2488 1726 2541; x_wconf 83' lang='grc' dir='ltr'>δὲ</span> 
     </span>
    </p>
   </div>
   <div class='ocr_carea' id='block_1_25' title="bbox 146 2580 1725 2667">
    <p class='ocr_par' dir='ltr' id='par_1_25' title="bbox 146 2580 1725 2667">
     <span class='ocr_line' id='line_1_25' title="bbox 146 2580 1725 2667; baseline -0.012 -17"><span class='ocrx_word' id='word_1_190' title='bbox 146 2598 394 2667; x_wconf 79' lang='grc' dir='ltr'>λέγομεν,</span> <span class='ocrx_word' id='word_1_191' title='bbox 435 2591 649 2663; x_wconf 82' lang='grc' dir='ltr'>ὁσαχῶς</span> <span class='ocrx_word' id='word_1_192' title='bbox 679 2592 878 2643; x_wconf 85' lang='grc' dir='ltr'>νοεῖται</span> <span class='ocrx_word' id='word_1_193' title='bbox 929 2589 990 2642; x_wconf 81' lang='grc' dir='ltr'><strong>τὸ</strong></span> <span class='ocrx_word' id='word_1_194' title='bbox 1020 2587 1191 2656; x_wconf 75' lang='grc' dir='ltr'>ὄνομα</span> <span class='ocrx_word' id='word_1_195' title='bbox 1232 2583 1390 2649; x_wconf 86' lang='grc' dir='ltr'>τόδε;</span> <span class='ocrx_word' id='word_1_196' title='bbox 1439 2580 1725 2654; x_wconf 84' lang='grc' dir='ltr'>πρόδηλον,</span> 
     </span>
    </p>
   </div>
   <div class='ocr_carea' id='block_1_26' title="bbox 147 2673 1724 2754">
    <p class='ocr_par' dir='ltr' id='par_1_26' title="bbox 147 2673 1724 2754">
     <span class='ocr_line' id='line_1_26' title="bbox 147 2673 1724 2754; baseline -0.014 -11"><span class='ocrx_word' id='word_1_197' title='bbox 147 2691 223 2743; x_wconf 73' lang='grc' dir='ltr'>ὅτι</span> <span class='ocrx_word' id='word_1_198' title='bbox 256 2688 404 2740; x_wconf 79' lang='grc' dir='ltr'>πόσα</span> <span class='ocrx_word' id='word_1_199' title='bbox 459 2683 732 2754; x_wconf 79' lang='grc' dir='ltr'>ζητοῦμεν</span> <span class='ocrx_word' id='word_1_200' title='bbox 775 2680 845 2734; x_wconf 77' lang='grc' dir='ltr'>τὰ</span> <span class='ocrx_word' id='word_1_201' title='bbox 892 2678 1265 2750; x_wconf 82' lang='grc' dir='ltr'>σημαινόμενα</span> <span class='ocrx_word' id='word_1_202' title='bbox 1315 2675 1408 2729; x_wconf 89' lang='grc' dir='ltr'><strong>τοῦ</strong></span> <span class='ocrx_word' id='word_1_203' title='bbox 1442 2673 1724 2744; x_wconf 85' lang='grc' dir='ltr'>ὀνόματος.</span> 
     </span>
    </p>
   </div>
   <div class='ocr_carea' id='block_1_27' title="bbox 157 2765 1730 2849">
    <p class='ocr_par' dir='ltr' id='par_1_27' title="bbox 157 2765 1730 2849">
     <span class='ocr_line' id='line_1_27' title="bbox 157 2765 1730 2849; baseline -0.012 -15"><span class='ocrx_word' id='word_1_204' title='bbox 157 2783 212 2834; x_wconf 91' lang='grc' dir='ltr'>Ὀ</span> <span class='ocrx_word' id='word_1_205' title='bbox 243 2778 381 2849; x_wconf 82' lang='grc' dir='ltr'>γοῦν</span> <span class='ocrx_word' id='word_1_206' title='bbox 405 2778 566 2840; x_wconf 77' lang='grc' dir='ltr'>ἐκτὸς</span> <span class='ocrx_word' id='word_1_207' title='bbox 591 2776 847 2846; x_wconf 79' lang='grc' dir='ltr'>εἰδήσεως</span> <span class='ocrx_word' id='word_1_208' title='bbox 891 2771 1000 2824; x_wconf 91' lang='grc' dir='ltr'><strong>τῶν</strong></span> <span class='ocrx_word' id='word_1_209' title='bbox 1048 2771 1188 2842; x_wconf 78' lang='grc' dir='ltr'>ὅρων</span> <span class='ocrx_word' id='word_1_210' title='bbox 1219 2767 1562 2838; x_wconf 78' lang='grc' dir='ltr'>δογματίζειν</span> <span class='ocrx_word' id='word_1_211' title='bbox 1610 2765 1730 2816; x_wconf 88' lang='grc' dir='ltr'>ἐπι-</span> 
     </span>
    </p>
   </div>
   <div class='ocr_carea' id='block_1_28' title="bbox 146 2852 1726 2946">
    <p class='ocr_par' dir='ltr' id='par_1_28' title="bbox 146 2852 1726 2946">
     <span class='ocr_line' id='line_1_28' title="bbox 146 2852 1726 2946; baseline -0.011 -19"><span class='ocrx_word' id='word_1_212' title='bbox 146 2874 345 2946; x_wconf 80' lang='grc' dir='ltr'>χειρῶν</span> <span class='ocrx_word' id='word_1_213' title='bbox 372 2870 529 2925; x_wconf 74' lang='grc' dir='ltr'>οὐδὲν</span> <span class='ocrx_word' id='word_1_214' title='bbox 558 2868 801 2939; x_wconf 68' lang='grc' dir='ltr'>διαφέρει</span> <span class='ocrx_word' id='word_1_215' title='bbox 823 2863 1021 2934; x_wconf 75' lang='grc' dir='ltr'>τυφλοῦ</span> <span class='ocrx_word' id='word_1_216' title='bbox 1052 2861 1331 2932; x_wconf 79' lang='grc' dir='ltr'>ὁδοιπόρου</span> <span class='ocrx_word' id='word_1_217' title='bbox 1375 2852 1474 2912; x_wconf 86' lang='grc' dir='ltr'>ὧδε</span> <span class='ocrx_word' id='word_1_218' title='bbox 1503 2859 1726 2912; x_wconf 85' lang='grc' dir='ltr'>κάκεῖσε</span> 
     </span>
    </p>
   </div>
   <div class='ocr_carea' id='block_1_29' title="bbox 149 2948 1728 3034">
    <p class='ocr_par' dir='ltr' id='par_1_29' title="bbox 149 2948 1728 3034">
     <span class='ocr_line' id='line_1_29' title="bbox 149 2948 1728 3034; baseline -0.011 -16"><span class='ocrx_word' id='word_1_219' title='bbox 149 2964 511 3034; x_wconf 73' lang='grc' dir='ltr'>πλαζομένου.</span> <span class='ocrx_word' id='word_1_220' title='bbox 538 2959 795 3030; x_wconf 82' lang='grc' dir='ltr'>Εἰρητέον</span> <span class='ocrx_word' id='word_1_221' title='bbox 825 2957 1000 3009; x_wconf 84' lang='grc' dir='ltr'>τοίνυν</span> <span class='ocrx_word' id='word_1_222' title='bbox 1024 2954 1133 3008; x_wconf 89' lang='grc' dir='ltr'><strong>τῶν</strong></span> <span class='ocrx_word' id='word_1_223' title='bbox 1159 2949 1570 3023; x_wconf 82' lang='grc' dir='ltr'>προειρημένων</span> <span class='ocrx_word' id='word_1_224' title='bbox 1602 2948 1728 3020; x_wconf 84' lang='grc' dir='ltr'>τρό-</span> 
     </span>
    </p>
   </div>
   <div class='ocr_carea' id='block_1_30' title="bbox 149 3043 1234 3124">
    <p class='ocr_par' dir='ltr' id='par_1_30' title="bbox 149 3043 1234 3124">
     <span class='ocr_line' id='line_1_30' title="bbox 149 3043 1234 3124; baseline -0.012 -18"><span class='ocrx_word' id='word_1_225' title='bbox 149 3071 258 3106; x_wconf 81' lang='grc' dir='ltr'><strong>πων</strong></span> <span class='ocrx_word' id='word_1_226' title='bbox 286 3051 496 3124; x_wconf 82' lang='grc' dir='ltr'>τριχῶς</span> <span class='ocrx_word' id='word_1_227' title='bbox 535 3045 804 3101; x_wconf 85' lang='grc' dir='ltr'>ποιεῖσθαι</span> <span class='ocrx_word' id='word_1_228' title='bbox 835 3044 934 3116; x_wconf 80' lang='grc' dir='ltr'><strong>τὴν</strong></span> <span class='ocrx_word' id='word_1_229' title='bbox 968 3043 1234 3109; x_wconf 75' lang='grc' dir='ltr'>ἐξέτασιν.</span> 
     </span>
    </p>
   </div>
   <div class='ocr_carea' id='block_1_31' title="bbox 219 3213 1725 3298">
    <p class='ocr_par' dir='ltr' id='par_1_31' title="bbox 219 3213 1725 3298">
     <span class='ocr_line' id='line_1_31' title="bbox 219 3213 1725 3298; baseline -0.011 -16"><span class='ocrx_word' id='word_1_230' title='bbox 219 3229 268 3283; x_wconf 80' lang='grc'><strong>5.</strong></span> <span class='ocrx_word' id='word_1_231' title='bbox 300 3229 470 3298; x_wconf 83' lang='grc' dir='ltr'>ὀρος</span> <span class='ocrx_word' id='word_1_232' title='bbox 495 3224 606 3278; x_wconf 90' lang='grc' dir='ltr'><strong>τῶν</strong></span> <span class='ocrx_word' id='word_1_233' title='bbox 637 3223 778 3293; x_wconf 81' lang='grc' dir='ltr'>ὅρων</span> <span class='ocrx_word' id='word_1_234' title='bbox 818 3220 964 3273; x_wconf 71' lang='grc' dir='ltr'>ἐστὶν</span> <span class='ocrx_word' id='word_1_235' title='bbox 991 3220 1020 3272; x_wconf 97' lang='lat'><strong>6</strong></span> <span class='ocrx_word' id='word_1_236' title='bbox 1051 3218 1227 3272; x_wconf 82' lang='grc' dir='ltr'>πάντα</span> <span class='ocrx_word' id='word_1_237' title='bbox 1259 3215 1358 3288; x_wconf 80' lang='grc' dir='ltr'><strong>μὲν</strong></span> <span class='ocrx_word' id='word_1_238' title='bbox 1391 3213 1608 3287; x_wconf 74' lang='grc' dir='ltr'>ὁρίζων,</span> <span class='ocrx_word' id='word_1_239' title='bbox 1640 3214 1725 3268; x_wconf 82' lang='grc' dir='ltr'>αὐ-</span> 
     </span>
    </p>
   </div>
   <div class='ocr_carea' id='block_1_32' title="bbox 149 3307 1730 3384">
    <p class='ocr_par' dir='ltr' id='par_1_32' title="bbox 149 3307 1730 3384">
     <span class='ocr_line' id='line_1_32' title="bbox 149 3307 1730 3384; baseline -0.01 -10"><span class='ocrx_word' id='word_1_240' title='bbox 149 3323 231 3384; x_wconf 73' lang='grc' dir='ltr'><strong>τὸς</strong></span> <span class='ocrx_word' id='word_1_241' title='bbox 257 3321 318 3373; x_wconf 80' lang='grc' dir='ltr'>δὲ</span> <span class='ocrx_word' id='word_1_242' title='bbox 353 3318 447 3370; x_wconf 82' lang='grc' dir='ltr'>ὑπ’</span> <span class='ocrx_word' id='word_1_243' title='bbox 483 3314 696 3378; x_wconf 74' lang='grc' dir='ltr'>οὐδενὸς</span> <span class='ocrx_word' id='word_1_244' title='bbox 723 3312 1038 3384; x_wconf 80' lang='grc' dir='ltr'>ὁριζόμενος</span> <span class='ocrx_word' id='word_1_245' title='bbox 1057 3327 1071 3340; x_wconf 75' lang='grc' dir='ltr'><strong><em>ο</em></strong></span> <span class='ocrx_word' id='word_1_246' title='bbox 1102 3309 1242 3362; x_wconf 84' lang='grc' dir='ltr'>ὥστε</span> <span class='ocrx_word' id='word_1_247' title='bbox 1277 3309 1435 3378; x_wconf 87' lang='grc' dir='ltr'>μόνος</span> <span class='ocrx_word' id='word_1_248' title='bbox 1474 3308 1597 3378; x_wconf 87' lang='grc' dir='ltr'>ὁρος</span> <span class='ocrx_word' id='word_1_249' title='bbox 1622 3307 1730 3360; x_wconf 86' lang='grc' dir='ltr'><strong>τῶν</strong></span> 
     </span>
    </p>
   </div>
   <div class='ocr_carea' id='block_1_33' title="bbox 148 3398 1730 3484">
    <p class='ocr_par' dir='ltr' id='par_1_33' title="bbox 148 3398 1730 3484">
     <span class='ocr_line' id='line_1_33' title="bbox 148 3398 1730 3484; baseline -0.01 -19"><span class='ocrx_word' id='word_1_250' title='bbox 148 3414 283 3484; x_wconf 85' lang='grc' dir='ltr'>ὅρων</span> <span class='ocrx_word' id='word_1_251' title='bbox 308 3410 462 3463; x_wconf 73' lang='grc' dir='ltr'>ἐστὶν</span> <span class='ocrx_word' id='word_1_252' title='bbox 493 3409 523 3459; x_wconf 89' lang='grc' dir='ltr'><strong>ὁ</strong></span> <span class='ocrx_word' id='word_1_253' title='bbox 547 3406 698 3469; x_wconf 88' lang='grc' dir='ltr'>Θεός.</span> <span class='ocrx_word' id='word_1_254' title='bbox 731 3405 897 3476; x_wconf 85' lang='grc' dir='ltr'>Ὅρος</span> <span class='ocrx_word' id='word_1_255' title='bbox 930 3403 1046 3455; x_wconf 76' lang='grc' dir='ltr'>ἐστὶ</span> <span class='ocrx_word' id='word_1_256' title='bbox 1082 3400 1240 3470; x_wconf 81' lang='grc' dir='ltr'>λόγος</span> <span class='ocrx_word' id='word_1_257' title='bbox 1269 3399 1528 3468; x_wconf 76' lang='grc' dir='ltr'>σύντομος</span> <span class='ocrx_word' id='word_1_258' title='bbox 1560 3398 1730 3468; x_wconf 83' lang='grc' dir='ltr'>δηλω-</span> 
     </span>
    </p>
   </div>
   <div class='ocr_carea' id='block_1_34' title="bbox 149 3493 1730 3572">
    <p class='ocr_par' dir='ltr' id='par_1_34' title="bbox 149 3493 1730 3572">
     <span class='ocr_line' id='line_1_34' title="bbox 149 3493 1730 3572; baseline -0.009 -14"><span class='ocrx_word' id='word_1_259' title='bbox 149 3507 296 3568; x_wconf 66' lang='lat' dir='ltr'><strong>rixo;</strong></span> <span class='ocrx_word' id='word_1_260' title='bbox 332 3503 437 3572; x_wconf 80' lang='grc' dir='ltr'>τῆς</span> <span class='ocrx_word' id='word_1_261' title='bbox 465 3501 680 3571; x_wconf 80' lang='grc' dir='ltr'>φύσεως</span> <span class='ocrx_word' id='word_1_262' title='bbox 709 3497 802 3551; x_wconf 88' lang='grc' dir='ltr'><strong>τοῦ</strong></span> <span class='ocrx_word' id='word_1_263' title='bbox 823 3494 1179 3565; x_wconf 85' lang='grc' dir='ltr'>ὑποκειμένου</span> <span class='ocrx_word' id='word_1_264' title='bbox 1211 3493 1553 3563; x_wconf 85' lang='grc' dir='ltr'>πράγματος.</span> <span class='ocrx_word' id='word_1_265' title='bbox 1575 3493 1730 3562; x_wconf 85' lang='grc' dir='ltr'>Ὅροι</span> 
     </span>
    </p>
   </div>
   <div class='ocr_carea' id='block_1_35' title="bbox 148 3582 1730 3661">
    <p class='ocr_par' dir='ltr' id='par_1_35' title="bbox 148 3582 1730 3661">
     <span class='ocr_line' id='line_1_35' title="bbox 148 3582 1730 3661; baseline -0.01 -14"><span class='ocrx_word' id='word_1_266' title='bbox 148 3595 200 3648; x_wconf 80' lang='grc' dir='ltr'><strong>δέ</strong></span> <span class='ocrx_word' id='word_1_267' title='bbox 223 3595 502 3661; x_wconf 84' lang='grc' dir='ltr'>λέγονται,</span> <span class='ocrx_word' id='word_1_268' title='bbox 524 3589 600 3652; x_wconf 85' lang='grc' dir='ltr'>ὡς</span> <span class='ocrx_word' id='word_1_269' title='bbox 629 3589 845 3658; x_wconf 81' lang='grc' dir='ltr'>ὁράσεις</span> <span class='ocrx_word' id='word_1_270' title='bbox 868 3586 961 3639; x_wconf 75' lang='grc' dir='ltr'>καὶ</span> <span class='ocrx_word' id='word_1_271' title='bbox 977 3584 1246 3655; x_wconf 63' lang='grc' dir='ltr'>ὀφθαλμοὶ</span> <span class='ocrx_word' id='word_1_272' title='bbox 1269 3583 1377 3636; x_wconf 88' lang='grc' dir='ltr'><strong>τῶν</strong></span> <span class='ocrx_word' id='word_1_273' title='bbox 1392 3582 1730 3652; x_wconf 84' lang='grc' dir='ltr'>πραγμάτων</span> 
     </span>
    </p>
   </div>
   <div class='ocr_carea' id='block_1_36' title="bbox 148 3672 1728 3756">
    <p class='ocr_par' dir='ltr' id='par_1_36' title="bbox 148 3672 1728 3756">
     <span class='ocr_line' id='line_1_36' title="bbox 148 3672 1728 3756; baseline -0.01 -17"><span class='ocrx_word' id='word_1_274' title='bbox 148 3686 528 3756; x_wconf 74' lang='grc' dir='ltr'>τυγχάνοντες,</span> <span class='ocrx_word' id='word_1_275' title='bbox 587 3681 679 3734; x_wconf 77' lang='grc' dir='ltr'>καὶ</span> <span class='ocrx_word' id='word_1_276' title='bbox 719 3679 796 3742; x_wconf 85' lang='grc' dir='ltr'>ὡς</span> <span class='ocrx_word' id='word_1_277' title='bbox 845 3678 1168 3750; x_wconf 81' lang='grc' dir='ltr'>διορίζοντες</span> <span class='ocrx_word' id='word_1_278' title='bbox 1204 3674 1479 3744; x_wconf 86' lang='grc' dir='ltr'>συντόμως</span> <span class='ocrx_word' id='word_1_279' title='bbox 1515 3674 1613 3744; x_wconf 82' lang='grc' dir='ltr'><strong>τὴν</strong></span> <span class='ocrx_word' id='word_1_280' title='bbox 1637 3672 1728 3724; x_wconf 89' lang='grc' dir='ltr'><strong>τοῦ</strong></span> 
     </span>
    </p>
   </div>
   <div class='ocr_carea' id='block_1_37' title="bbox 1999 988 3225 1055">
    <p class='ocr_par' dir='ltr' id='par_1_37' title="bbox 1999 988 3225 1055">
     <span class='ocr_line' id='line_1_37' title="bbox 1999 988 3225 1055; baseline 0.003 -11"><span class='ocrx_word' id='word_1_281' title='bbox 1999 989 2374 1055; x_wconf 71' lang='lat' dir='ltr'><strong>EIUSDEM,</strong></span> <span class='ocrx_word' id='word_1_282' title='bbox 2415 989 2515 1044; x_wconf 87' lang='lat' dir='ltr'><strong>DE</strong></span> <span class='ocrx_word' id='word_1_283' title='bbox 2552 988 3225 1048; x_wconf 78' lang='lat' dir='ltr'><strong>DEFINITIONIBUS.</strong></span> 
     </span>
    </p>
   </div>
   <div class='ocr_carea' id='block_1_38' title="bbox 1900 1105 3396 1178">
    <p class='ocr_par' dir='ltr' id='par_1_38' title="bbox 1900 1105 3396 1178">
     <span class='ocr_line' id='line_1_38' title="bbox 1900 1105 3396 1178; baseline 0.001 -17"><span class='ocrx_word' id='word_1_284' title='bbox 1900 1108 1952 1163; x_wconf 77' lang='lat' dir='ltr'><strong>l.</strong></span> <span class='ocrx_word' id='word_1_285' title='bbox 1995 1105 2171 1161; x_wconf 78' lang='lat' dir='ltr'><strong>Variae</strong></span> <span class='ocrx_word' id='word_1_286' title='bbox 2198 1105 2720 1175; x_wconf 78' lang='lat' dir='ltr'><strong>deﬁnitionesjuxta</strong></span> <span class='ocrx_word' id='word_1_287' title='bbox 2752 1107 3097 1162; x_wconf 90' lang='lat' dir='ltr'><strong>traditionem</strong></span> <span class='ocrx_word' id='word_1_288' title='bbox 3126 1107 3396 1178; x_wconf 86' lang='lat' dir='ltr'><strong>ﬁdemque</strong></span> 
     </span>
    </p>
   </div>
   <div class='ocr_carea' id='block_1_39' title="bbox 1831 1197 3391 1270">
    <p class='ocr_par' dir='ltr' id='par_1_39' title="bbox 1831 1197 3391 1270">
     <span class='ocr_line' id='line_1_39' title="bbox 1831 1197 3391 1270; baseline 0.001 -16"><span class='ocrx_word' id='word_1_289' title='bbox 1831 1199 2114 1254; x_wconf 68' lang='lat' dir='ltr'><strong>catholicae</strong></span> <span class='ocrx_word' id='word_1_290' title='bbox 2145 1197 2422 1265; x_wconf 55' lang='lat' dir='ltr'><strong>Ecclesiae,</strong></span> <span class='ocrx_word' id='word_1_291' title='bbox 2461 1197 2704 1253; x_wconf 73' lang='lat' dir='ltr'><strong>collecta:</strong></span> <span class='ocrx_word' id='word_1_292' title='bbox 2732 1214 2798 1253; x_wconf 83' lang='lat' dir='ltr'><strong>ex</strong></span> <span class='ocrx_word' id='word_1_293' title='bbox 2822 1199 3117 1264; x_wconf 83' lang='lat' dir='ltr'><strong>Clemente,</strong></span> <span class='ocrx_word' id='word_1_294' title='bbox 3152 1199 3391 1270; x_wconf 78' lang='lat' dir='ltr'><strong>aliisque</strong></span> 
     </span>
    </p>
   </div>
   <div class='ocr_carea' id='block_1_40' title="bbox 1828 1288 3396 1361">
    <p class='ocr_par' dir='ltr' id='par_1_40' title="bbox 1828 1288 3396 1361">
     <span class='ocr_line' id='line_1_40' title="bbox 1828 1288 3396 1361; baseline 0.003 -18"><span class='ocrx_word' id='word_1_295' title='bbox 1828 1290 2037 1345; x_wconf 81' lang='lat' dir='ltr'><strong>sanctis</strong></span> <span class='ocrx_word' id='word_1_296' title='bbox 2083 1290 2240 1354; x_wconf 87' lang='lat' dir='ltr'><strong>viris,</strong></span> <span class='ocrx_word' id='word_1_297' title='bbox 2287 1289 2573 1359; x_wconf 86' lang='lat' dir='ltr'><strong>beatisque</strong></span> <span class='ocrx_word' id='word_1_298' title='bbox 2615 1288 3068 1361; x_wconf 87' lang='lat' dir='ltr'><strong>Patribns:quas</strong></span> <span class='ocrx_word' id='word_1_299' title='bbox 3115 1307 3226 1361; x_wconf 66' lang='lat' dir='ltr'><strong>prae</strong></span> <span class='ocrx_word' id='word_1_300' title='bbox 3273 1293 3396 1348; x_wconf 86' lang='lat' dir='ltr'><strong>aliis</strong></span> 
     </span>
    </p>
   </div>
   <div class='ocr_carea' id='block_1_41' title="bbox 1827 1381 3396 1453">
    <p class='ocr_par' dir='ltr' id='par_1_41' title="bbox 1827 1381 3396 1453">
     <span class='ocr_line' id='line_1_41' title="bbox 1827 1381 3396 1453; baseline 0.001 -17"><span class='ocrx_word' id='word_1_301' title='bbox 1827 1381 2081 1436; x_wconf 91' lang='lat' dir='ltr'><strong>omnibus</strong></span> <span class='ocrx_word' id='word_1_302' title='bbox 2121 1381 2452 1452; x_wconf 85' lang='lat' dir='ltr'><strong>disciplinis,</strong></span> <span class='ocrx_word' id='word_1_303' title='bbox 2486 1382 2637 1436; x_wconf 86' lang='lat' dir='ltr'><strong>adire</strong></span> <span class='ocrx_word' id='word_1_304' title='bbox 2688 1389 2851 1452; x_wconf 83' lang='lat' dir='ltr'><strong>atque</strong></span> <span class='ocrx_word' id='word_1_305' title='bbox 2885 1383 3068 1437; x_wconf 88' lang='lat' dir='ltr'><strong>animo</strong></span> <span class='ocrx_word' id='word_1_306' title='bbox 3107 1383 3396 1453; x_wconf 82' lang='lat' dir='ltr'><strong>complecti</strong></span> 
     </span>
    </p>
   </div>
   <div class='ocr_carea' id='block_1_42' title="bbox 1827 1473 3396 1546">
    <p class='ocr_par' dir='ltr' id='par_1_42' title="bbox 1827 1473 3396 1546">
     <span class='ocr_line' id='line_1_42' title="bbox 1827 1473 3396 1546; baseline 0.002 -18"><span class='ocrx_word' id='word_1_307' title='bbox 1827 1481 2042 1543; x_wconf 84' lang='lat' dir='ltr'><strong>oportet</strong></span> <span class='ocrx_word' id='word_1_308' title='bbox 2073 1490 2196 1529; x_wconf 89' lang='lat' dir='ltr'><strong>eum</strong></span> <span class='ocrx_word' id='word_1_309' title='bbox 2228 1474 2344 1543; x_wconf 85' lang='lat' dir='ltr'><strong>qui,</strong></span> <span class='ocrx_word' id='word_1_310' title='bbox 2371 1473 2481 1529; x_wconf 89' lang='lat' dir='ltr'><strong>Deo</strong></span> <span class='ocrx_word' id='word_1_311' title='bbox 2499 1475 2748 1544; x_wconf 86' lang='lat' dir='ltr'><strong>juvante,</strong></span> <span class='ocrx_word' id='word_1_312' title='bbox 2785 1475 2952 1528; x_wconf 86' lang='lat' dir='ltr'><strong>verbo</strong></span> <span class='ocrx_word' id='word_1_313' title='bbox 2985 1475 3232 1531; x_wconf 82' lang='lat' dir='ltr'><strong>veritatis</strong></span> <span class='ocrx_word' id='word_1_314' title='bbox 3257 1492 3396 1546; x_wconf 77' lang='lat' dir='ltr'><strong>pra:-</strong></span> 
     </span>
    </p>
   </div>
   <div class='ocr_carea' id='block_1_43' title="bbox 1827 1566 3396 1637">
    <p class='ocr_par' dir='ltr' id='par_1_43' title="bbox 1827 1566 3396 1637">
     <span class='ocr_line' id='line_1_43' title="bbox 1827 1566 3396 1637; baseline 0.001 -16"><span class='ocrx_word' id='word_1_315' title='bbox 1827 1581 1949 1622; x_wconf 88' lang='lat' dir='ltr'><strong>esse</strong></span> <span class='ocrx_word' id='word_1_316' title='bbox 1984 1566 2253 1634; x_wconf 90' lang='lat' dir='ltr'><strong>voluerit;</strong></span> <span class='ocrx_word' id='word_1_317' title='bbox 2300 1581 2512 1621; x_wconf 91' lang='lat' dir='ltr'><strong>necnon</strong></span> <span class='ocrx_word' id='word_1_318' title='bbox 2555 1567 2806 1637; x_wconf 89' lang='lat' dir='ltr'><strong>quisquis</strong></span> <span class='ocrx_word' id='word_1_319' title='bbox 2841 1566 3200 1622; x_wconf 83' lang='lat' dir='ltr'><strong>orthodoxam</strong></span> <span class='ocrx_word' id='word_1_320' title='bbox 3249 1576 3396 1623; x_wconf 86' lang='lat' dir='ltr'><strong>tenet</strong></span> 
     </span>
    </p>
   </div>
   <div class='ocr_carea' id='block_1_44' title="bbox 1829 1659 3392 1730">
    <p class='ocr_par' dir='ltr' id='par_1_44' title="bbox 1829 1659 3392 1730">
     <span class='ocr_line' id='line_1_44' title="bbox 1829 1659 3392 1730; baseline -0.002 -14"><span class='ocrx_word' id='word_1_321' title='bbox 1829 1661 2178 1730; x_wconf 89' lang='lat' dir='ltr'><strong>sententiam,</strong></span> <span class='ocrx_word' id='word_1_322' title='bbox 2225 1661 2608 1730; x_wconf 87' lang='lat' dir='ltr'><strong>sinceramque</strong></span> <span class='ocrx_word' id='word_1_323' title='bbox 2638 1659 2795 1715; x_wconf 86' lang='lat' dir='ltr'><strong>ﬁdem</strong></span> <span class='ocrx_word' id='word_1_324' title='bbox 2839 1659 3002 1715; x_wconf 87' lang='lat' dir='ltr'><strong>habet</strong></span> <span class='ocrx_word' id='word_1_325' title='bbox 3039 1675 3169 1730; x_wconf 81' lang='lat' dir='ltr'><strong>erga</strong></span> <span class='ocrx_word' id='word_1_326' title='bbox 3203 1659 3392 1716; x_wconf 90' lang='lat' dir='ltr'><strong>Deum.</strong></span> 
     </span>
    </p>
   </div>
   <div class='ocr_carea' id='block_1_45' title="bbox 1896 1832 3398 1902">
    <p class='ocr_par' dir='ltr' id='par_1_45' title="bbox 1896 1832 3398 1902">
     <span class='ocr_line' id='line_1_45' title="bbox 1896 1832 3398 1902; baseline 0.001 -15"><span class='ocrx_word' id='word_1_327' title='bbox 1896 1833 1950 1887; x_wconf 72' lang='grc'><strong>2.</strong></span> <span class='ocrx_word' id='word_1_328' title='bbox 2007 1833 2090 1888; x_wconf 81' lang='lat' dir='ltr'><strong>Ad</strong></span> <span class='ocrx_word' id='word_1_329' title='bbox 2141 1834 2537 1888; x_wconf 80' lang='lat' dir='ltr'><strong>accuratiorem</strong></span> <span class='ocrx_word' id='word_1_330' title='bbox 2593 1848 2758 1902; x_wconf 91' lang='lat' dir='ltr'><strong>porro</strong></span> <span class='ocrx_word' id='word_1_331' title='bbox 2817 1834 3204 1898; x_wconf 89' lang='lat' dir='ltr'><strong>traditionem,</strong></span> <span class='ocrx_word' id='word_1_332' title='bbox 3255 1832 3398 1889; x_wconf 87' lang='lat' dir='ltr'><strong>scire</strong></span> 
     </span>
    </p>
   </div>
   <div class='ocr_carea' id='block_1_46' title="bbox 1829 1925 3400 1995">
    <p class='ocr_par' dir='ltr' id='par_1_46' title="bbox 1829 1925 3400 1995">
     <span class='ocr_line' id='line_1_46' title="bbox 1829 1925 3400 1995; baseline 0 -16"><span class='ocrx_word' id='word_1_333' title='bbox 1829 1925 2105 1992; x_wconf 86' lang='lat' dir='ltr'><strong>convenit,</strong></span> <span class='ocrx_word' id='word_1_334' title='bbox 2155 1926 2456 1994; x_wconf 83' lang='lat' dir='ltr'><strong>quamlibet</strong></span> <span class='ocrx_word' id='word_1_335' title='bbox 2511 1926 2866 1994; x_wconf 86' lang='lat' dir='ltr'><strong>quaestionem</strong></span> <span class='ocrx_word' id='word_1_336' title='bbox 2919 1933 2974 1981; x_wconf 86' lang='lat' dir='ltr'><strong>et</strong></span> <span class='ocrx_word' id='word_1_337' title='bbox 3017 1925 3400 1995; x_wconf 84' lang='lat' dir='ltr'><strong>interrogatio-</strong></span> 
     </span>
    </p>
   </div>
   <div class='ocr_carea' id='block_1_47' title="bbox 1829 2015 3395 2086">
    <p class='ocr_par' dir='ltr' id='par_1_47' title="bbox 1829 2015 3395 2086">
     <span class='ocr_line' id='line_1_47' title="bbox 1829 2015 3395 2086; baseline 0.001 -17"><span class='ocrx_word' id='word_1_338' title='bbox 1829 2032 1952 2070; x_wconf 86' lang='lat' dir='ltr'><strong>nem</strong></span> <span class='ocrx_word' id='word_1_339' title='bbox 1978 2027 2089 2071; x_wconf 87' lang='lat' dir='ltr'><strong>tres</strong></span> <span class='ocrx_word' id='word_1_340' title='bbox 2114 2016 2314 2071; x_wconf 89' lang='lat' dir='ltr'><strong>habere</strong></span> <span class='ocrx_word' id='word_1_341' title='bbox 2339 2015 2816 2085; x_wconf 78' lang='lat' dir='ltr'><strong>interrogationes,</strong></span> <span class='ocrx_word' id='word_1_342' title='bbox 2842 2023 2894 2070; x_wconf 89' lang='lat' dir='ltr'><strong>et</strong></span> <span class='ocrx_word' id='word_1_343' title='bbox 2923 2016 3354 2086; x_wconf 83' lang='lat' dir='ltr'><strong>perquisitiones</strong></span> <span class='ocrx_word' id='word_1_344' title='bbox 3381 2034 3395 2070; x_wconf 89' lang='lat'><strong>:</strong></span> 
     </span>
    </p>
   </div>
   <div class='ocr_carea' id='block_1_48' title="bbox 1830 2107 3398 2178">
    <p class='ocr_par' dir='ltr' id='par_1_48' title="bbox 1830 2107 3398 2178">
     <span class='ocr_line' id='line_1_48' title="bbox 1830 2107 3398 2178; baseline 0.001 -17"><span class='ocrx_word' id='word_1_345' title='bbox 1830 2123 2042 2177; x_wconf 88' lang='lat' dir='ltr'><strong>nempe,</strong></span> <span class='ocrx_word' id='word_1_346' title='bbox 2057 2107 2187 2178; x_wconf 86' lang='lat' dir='ltr'><strong>quid</strong></span> <span class='ocrx_word' id='word_1_347' title='bbox 2207 2124 2294 2163; x_wconf 89' lang='lat' dir='ltr'><strong>res</strong></span> <span class='ocrx_word' id='word_1_348' title='bbox 2310 2108 2382 2164; x_wconf 84' lang='lat' dir='ltr'><strong>sit</strong></span> <span class='ocrx_word' id='word_1_349' title='bbox 2403 2127 2415 2163; x_wconf 88' lang='lat'><strong>:</strong></span> <span class='ocrx_word' id='word_1_350' title='bbox 2433 2124 2554 2178; x_wconf 72' lang='lat' dir='ltr'><strong>quas</strong></span> <span class='ocrx_word' id='word_1_351' title='bbox 2567 2110 2636 2165; x_wconf 91' lang='lat' dir='ltr'><strong>sit</strong></span> <span class='ocrx_word' id='word_1_352' title='bbox 2649 2124 2813 2164; x_wconf 90' lang='lat' dir='ltr'><strong>causa</strong></span> <span class='ocrx_word' id='word_1_353' title='bbox 2834 2109 3072 2163; x_wconf 89' lang='lat' dir='ltr'><strong>nominis</strong></span> <span class='ocrx_word' id='word_1_354' title='bbox 3089 2109 3210 2178; x_wconf 88' lang='lat' dir='ltr'><strong>ejus</strong></span> <span class='ocrx_word' id='word_1_355' title='bbox 3233 2128 3245 2163; x_wconf 75' lang='grc' dir='ltr'><strong>ι</strong></span> <span class='ocrx_word' id='word_1_356' title='bbox 3263 2118 3398 2178; x_wconf 80' lang='lat' dir='ltr'><strong>quot</strong></span> 
     </span>
    </p>
   </div>
   <div class='ocr_carea' id='block_1_49' title="bbox 1830 2181 3400 2270">
    <p class='ocr_par' dir='ltr' id='par_1_49' title="bbox 1830 2181 3400 2270">
     <span class='ocr_line' id='line_1_49' title="bbox 1830 2181 3400 2270; baseline 0.001 -18"><span class='ocrx_word' id='word_1_357' title='bbox 1830 2200 2007 2253; x_wconf 89' lang='lat' dir='ltr'><strong>modis</strong></span> <span class='ocrx_word' id='word_1_358' title='bbox 2031 2200 2386 2270; x_wconf 80' lang='lat' dir='ltr'><strong>intelligatur.</strong></span> <span class='ocrx_word' id='word_1_359' title='bbox 2407 2199 2541 2254; x_wconf 87' lang='lat' dir='ltr'><strong>Cum</strong></span> <span class='ocrx_word' id='word_1_360' title='bbox 2566 2215 2694 2256; x_wconf 86' lang='lat' dir='ltr'><strong>vero</strong></span> <span class='ocrx_word' id='word_1_361' title='bbox 2717 2201 3154 2270; x_wconf 89' lang='lat' dir='ltr'><strong>interrogamus:</strong></span> <span class='ocrx_word' id='word_1_362' title='bbox 3180 2199 3321 2266; x_wconf 83' lang='lat' dir='ltr'><strong>Quid</strong></span> <span class='ocrx_word' id='word_1_363' title='bbox 3341 2181 3400 2254; x_wconf 73' lang='lat' dir='ltr'><strong>il-</strong></span> 
     </span>
    </p>
   </div>
   <div class='ocr_carea' id='block_1_50' title="bbox 1831 2291 3394 2362">
    <p class='ocr_par' dir='ltr' id='par_1_50' title="bbox 1831 2291 3394 2362">
     <span class='ocr_line' id='line_1_50' title="bbox 1831 2291 3394 2362; baseline 0.001 -18"><span class='ocrx_word' id='word_1_364' title='bbox 1831 2291 1923 2344; x_wconf 90' lang='lat' dir='ltr'><strong>lud</strong></span> <span class='ocrx_word' id='word_1_365' title='bbox 1957 2291 2080 2347; x_wconf 88' lang='lat' dir='ltr'><strong>est?</strong></span> <span class='ocrx_word' id='word_1_366' title='bbox 2110 2293 2286 2361; x_wconf 85' lang='lat' dir='ltr'><strong>palam</strong></span> <span class='ocrx_word' id='word_1_367' title='bbox 2334 2301 2416 2347; x_wconf 89' lang='lat' dir='ltr'><strong>est</strong></span> <span class='ocrx_word' id='word_1_368' title='bbox 2465 2307 2565 2345; x_wconf 92' lang='lat' dir='ltr'><strong>nos</strong></span> <span class='ocrx_word' id='word_1_369' title='bbox 2615 2292 2692 2346; x_wconf 91' lang='lat' dir='ltr'><strong>rei</strong></span> <span class='ocrx_word' id='word_1_370' title='bbox 2734 2291 3102 2346; x_wconf 89' lang='lat' dir='ltr'><strong>deﬁnitionem</strong></span> <span class='ocrx_word' id='word_1_371' title='bbox 3131 2307 3394 2362; x_wconf 75' lang='lat' dir='ltr'><strong>quaerere.</strong></span> 
     </span>
    </p>
   </div>
   <div class='ocr_carea' id='block_1_51' title="bbox 1831 2381 3397 2449">
    <p class='ocr_par' dir='ltr' id='par_1_51' title="bbox 1831 2381 3397 2449">
     <span class='ocr_line' id='line_1_51' title="bbox 1831 2381 3397 2449; baseline 0.001 -13"><span class='ocrx_word' id='word_1_372' title='bbox 1831 2381 1967 2436; x_wconf 86' lang='lat' dir='ltr'><strong>Cum</strong></span> <span class='ocrx_word' id='word_1_373' title='bbox 1987 2382 2224 2437; x_wconf 89' lang='lat' dir='ltr'><strong>dicimus</strong></span> <span class='ocrx_word' id='word_1_374' title='bbox 2247 2395 2426 2437; x_wconf 81' lang='lat' dir='ltr'><strong>autem</strong></span> <span class='ocrx_word' id='word_1_375' title='bbox 2456 2401 2469 2438; x_wconf 73' lang='grc' dir='ltr'><strong>ε</strong></span> <span class='ocrx_word' id='word_1_376' title='bbox 2495 2383 2612 2449; x_wconf 82' lang='lat' dir='ltr'><strong>Qua</strong></span> <span class='ocrx_word' id='word_1_377' title='bbox 2634 2383 2700 2438; x_wconf 91' lang='lat' dir='ltr'><strong>de</strong></span> <span class='ocrx_word' id='word_1_378' title='bbox 2728 2398 2890 2438; x_wconf 80' lang='lat' dir='ltr'><strong>cauSa</strong></span> <span class='ocrx_word' id='word_1_379' title='bbox 2913 2381 2992 2437; x_wconf 90' lang='lat' dir='ltr'><strong>sic</strong></span> <span class='ocrx_word' id='word_1_380' title='bbox 3010 2383 3270 2438; x_wconf 62' lang='lat' dir='ltr'><strong>vocaturo?</strong></span> <span class='ocrx_word' id='word_1_381' title='bbox 3297 2398 3397 2438; x_wconf 85' lang='lat' dir='ltr'><strong>no-</strong></span> 
     </span>
    </p>
   </div>
   <div class='ocr_carea' id='block_1_52' title="bbox 1830 2473 3402 2545">
    <p class='ocr_par' dir='ltr' id='par_1_52' title="bbox 1830 2473 3402 2545">
     <span class='ocr_line' id='line_1_52' title="bbox 1830 2473 3402 2545; baseline 0.002 -19"><span class='ocrx_word' id='word_1_382' title='bbox 1830 2474 1994 2528; x_wconf 89' lang='lat' dir='ltr'><strong>minis</strong></span> <span class='ocrx_word' id='word_1_383' title='bbox 2042 2474 2422 2545; x_wconf 79' lang='lat' dir='ltr'><strong>etymologiam</strong></span> <span class='ocrx_word' id='word_1_384' title='bbox 2466 2475 2828 2545; x_wconf 89' lang='lat' dir='ltr'><strong>postulamus.</strong></span> <span class='ocrx_word' id='word_1_385' title='bbox 2879 2473 2979 2529; x_wconf 89' lang='lat' dir='ltr'><strong>Ubi</strong></span> <span class='ocrx_word' id='word_1_386' title='bbox 3031 2490 3163 2529; x_wconf 83' lang='lat' dir='ltr'><strong>vero</strong></span> <span class='ocrx_word' id='word_1_387' title='bbox 3210 2476 3402 2530; x_wconf 88' lang='lat' dir='ltr'><strong>scisci-</strong></span> 
     </span>
    </p>
   </div>
   <div class='ocr_carea' id='block_1_53' title="bbox 1829 2564 3401 2639">
    <p class='ocr_par' dir='ltr' id='par_1_53' title="bbox 1829 2564 3401 2639">
     <span class='ocr_line' id='line_1_53' title="bbox 1829 2564 3401 2639; baseline 0.004 -22"><span class='ocrx_word' id='word_1_388' title='bbox 1829 2572 2030 2629; x_wconf 90' lang='lat' dir='ltr'><strong>tamur,</strong></span> <span class='ocrx_word' id='word_1_389' title='bbox 2080 2564 2393 2636; x_wconf 87' lang='lat' dir='ltr'><strong>Quotuplici</strong></span> <span class='ocrx_word' id='word_1_390' title='bbox 2443 2565 2604 2621; x_wconf 90' lang='lat' dir='ltr'><strong>modo</strong></span> <span class='ocrx_word' id='word_1_391' title='bbox 2650 2566 2753 2620; x_wconf 90' lang='lat' dir='ltr'><strong>hoc</strong></span> <span class='ocrx_word' id='word_1_392' title='bbox 2801 2581 2998 2620; x_wconf 87' lang='lat' dir='ltr'><strong>nomen</strong></span> <span class='ocrx_word' id='word_1_393' title='bbox 3041 2567 3401 2639; x_wconf 80' lang='lat' dir='ltr'><strong>intelligitur?</strong></span> 
     </span>
    </p>
   </div>
   <div class='ocr_carea' id='block_1_54' title="bbox 1832 2656 3402 2728">
    <p class='ocr_par' dir='ltr' id='par_1_54' title="bbox 1832 2656 3402 2728">
     <span class='ocr_line' id='line_1_54' title="bbox 1832 2656 3402 2728; baseline 0.001 -17"><span class='ocrx_word' id='word_1_394' title='bbox 1832 2656 1988 2726; x_wconf 82' lang='lat'><strong>193</strong></span> <span class='ocrx_word' id='word_1_395' title='bbox 2023 2659 2300 2727; x_wconf 89' lang='lat' dir='ltr'><strong>propalam</strong></span> <span class='ocrx_word' id='word_1_396' title='bbox 2335 2665 2419 2712; x_wconf 90' lang='lat' dir='ltr'><strong>est</strong></span> <span class='ocrx_word' id='word_1_397' title='bbox 2449 2673 2549 2712; x_wconf 85' lang='lat' dir='ltr'><strong>nos</strong></span> <span class='ocrx_word' id='word_1_398' title='bbox 2580 2673 2820 2728; x_wconf 76' lang='lat' dir='ltr'><strong>qluerere</strong></span> <span class='ocrx_word' id='word_1_399' title='bbox 2841 2700 2856 2726; x_wconf 88' lang='lat'><strong>,</strong></span> <span class='ocrx_word' id='word_1_400' title='bbox 2891 2665 3023 2728; x_wconf 91' lang='lat' dir='ltr'><strong>quot</strong></span> <span class='ocrx_word' id='word_1_401' title='bbox 3068 2657 3179 2714; x_wconf 89' lang='lat' dir='ltr'><strong>sint</strong></span> <span class='ocrx_word' id='word_1_402' title='bbox 3223 2657 3402 2714; x_wconf 89' lang='lat' dir='ltr'><strong>nomi-</strong></span> 
     </span>
    </p>
   </div>
   <div class='ocr_carea' id='block_1_55' title="bbox 1829 2747 3398 2820">
    <p class='ocr_par' dir='ltr' id='par_1_55' title="bbox 1829 2747 3398 2820">
     <span class='ocr_line' id='line_1_55' title="bbox 1829 2747 3398 2820; baseline 0.001 -19"><span class='ocrx_word' id='word_1_403' title='bbox 1829 2748 1915 2802; x_wconf 89' lang='lat' dir='ltr'><strong>nis</strong></span> <span class='ocrx_word' id='word_1_404' title='bbox 1959 2749 2281 2818; x_wconf 84' lang='lat' dir='ltr'><strong>signilicata.</strong></span> <span class='ocrx_word' id='word_1_405' title='bbox 2319 2748 2565 2818; x_wconf 85' lang='lat' dir='ltr'><strong>Quisque</strong></span> <span class='ocrx_word' id='word_1_406' title='bbox 2602 2764 2734 2820; x_wconf 85' lang='lat' dir='ltr'><strong>ergo</strong></span> <span class='ocrx_word' id='word_1_407' title='bbox 2777 2749 2983 2819; x_wconf 83' lang='lat' dir='ltr'><strong>absque</strong></span> <span class='ocrx_word' id='word_1_408' title='bbox 3021 2747 3398 2804; x_wconf 86' lang='lat' dir='ltr'><strong>deﬁnitionum</strong></span> 
     </span>
    </p>
   </div>
   <div class='ocr_carea' id='block_1_56' title="bbox 1829 2840 3400 2913">
    <p class='ocr_par' dir='ltr' id='par_1_56' title="bbox 1829 2840 3400 2913">
     <span class='ocr_line' id='line_1_56' title="bbox 1829 2840 3400 2913; baseline 0.001 -19"><span class='ocrx_word' id='word_1_409' title='bbox 1829 2841 2059 2909; x_wconf 86' lang='lat' dir='ltr'><strong>notitia,</strong></span> <span class='ocrx_word' id='word_1_410' title='bbox 2124 2841 2324 2896; x_wconf 90' lang='lat' dir='ltr'><strong>docere</strong></span> <span class='ocrx_word' id='word_1_411' title='bbox 2387 2841 2736 2913; x_wconf 84' lang='lat' dir='ltr'><strong>aggreditur,</strong></span> <span class='ocrx_word' id='word_1_412' title='bbox 2814 2842 2861 2896; x_wconf 92' lang='lat' dir='ltr'><strong>is</strong></span> <span class='ocrx_word' id='word_1_413' title='bbox 2925 2841 3064 2896; x_wconf 87' lang='lat' dir='ltr'><strong>nihil</strong></span> <span class='ocrx_word' id='word_1_414' title='bbox 3128 2840 3310 2896; x_wconf 75' lang='lat' dir='ltr'><strong>diﬂ‘ert</strong></span> <span class='ocrx_word' id='word_1_415' title='bbox 3370 2857 3400 2896; x_wconf 89' lang='lat' dir='ltr'><strong>a</strong></span> 
     </span>
    </p>
   </div>
   <div class='ocr_carea' id='block_1_57' title="bbox 1830 2932 3399 2989">
    <p class='ocr_par' dir='ltr' id='par_1_57' title="bbox 1830 2932 3399 2989">
     <span class='ocr_line' id='line_1_57' title="bbox 1830 2932 3399 2989; baseline 0 -3"><span class='ocrx_word' id='word_1_416' title='bbox 1830 2946 1976 2986; x_wconf 64' lang='lat' dir='ltr'><strong>caeco</strong></span> <span class='ocrx_word' id='word_1_417' title='bbox 2035 2933 2244 2988; x_wconf 88' lang='lat' dir='ltr'><strong>viatore</strong></span> <span class='ocrx_word' id='word_1_418' title='bbox 2309 2934 2412 2987; x_wconf 88' lang='lat' dir='ltr'><strong>hac</strong></span> <span class='ocrx_word' id='word_1_419' title='bbox 2465 2934 2592 2988; x_wconf 91' lang='lat' dir='ltr'><strong>illac</strong></span> <span class='ocrx_word' id='word_1_420' title='bbox 2644 2940 2884 2989; x_wconf 89' lang='lat' dir='ltr'><strong>errante.</strong></span> <span class='ocrx_word' id='word_1_421' title='bbox 2941 2932 3236 2988; x_wconf 87' lang='lat' dir='ltr'><strong>Dicendum</strong></span> <span class='ocrx_word' id='word_1_422' title='bbox 3293 2934 3399 2988; x_wconf 84' lang='lat' dir='ltr'><strong>ita-</strong></span> 
     </span>
    </p>
   </div>
   <div class='ocr_carea' id='block_1_58' title="bbox 1831 3023 3404 3098">
    <p class='ocr_par' dir='ltr' id='par_1_58' title="bbox 1831 3023 3404 3098">
     <span class='ocr_line' id='line_1_58' title="bbox 1831 3023 3404 3098; baseline 0.001 -22"><span class='ocrx_word' id='word_1_423' title='bbox 1831 3037 1936 3092; x_wconf 87' lang='lat' dir='ltr'><strong>que</strong></span> <span class='ocrx_word' id='word_1_424' title='bbox 1967 3023 2142 3080; x_wconf 86' lang='lat' dir='ltr'><strong>tribus</strong></span> <span class='ocrx_word' id='word_1_425' title='bbox 2179 3023 2331 3079; x_wconf 87' lang='lat' dir='ltr'><strong>hisce</strong></span> <span class='ocrx_word' id='word_1_426' title='bbox 2365 3025 2540 3080; x_wconf 90' lang='lat' dir='ltr'><strong>modis</strong></span> <span class='ocrx_word' id='word_1_427' title='bbox 2579 3024 2991 3098; x_wconf 85' lang='lat' dir='ltr'><strong>inquisitionem</strong></span> <span class='ocrx_word' id='word_1_428' title='bbox 3023 3024 3209 3080; x_wconf 86' lang='lat' dir='ltr'><strong>haberi</strong></span> <span class='ocrx_word' id='word_1_429' title='bbox 3239 3040 3404 3094; x_wconf 86' lang='lat' dir='ltr'><strong>opor-</strong></span> 
     </span>
    </p>
   </div>
   <div class='ocr_carea' id='block_1_59' title="bbox 1832 3121 1968 3170">
    <p class='ocr_par' dir='ltr' id='par_1_59' title="bbox 1832 3121 1968 3170">
     <span class='ocr_line' id='line_1_59' title="bbox 1832 3121 1968 3170; baseline 0 -2"><span class='ocrx_word' id='word_1_430' title='bbox 1832 3121 1968 3170; x_wconf 87' lang='lat' dir='ltr'><strong>tere.</strong></span> 
     </span>
    </p>
   </div>
   <div class='ocr_carea' id='block_1_60' title="bbox 1901 3203 3402 3275">
    <p class='ocr_par' dir='ltr' id='par_1_60' title="bbox 1901 3203 3402 3275">
     <span class='ocr_line' id='line_1_60' title="bbox 1901 3203 3402 3275; baseline -0.001 -15"><span class='ocrx_word' id='word_1_431' title='bbox 1901 3205 1953 3260; x_wconf 77' lang='lat'><strong>5.</strong></span> <span class='ocrx_word' id='word_1_432' title='bbox 2013 3203 2265 3261; x_wconf 86' lang='lat' dir='ltr'><strong>Deﬁnitio</strong></span> <span class='ocrx_word' id='word_1_433' title='bbox 2332 3203 2714 3261; x_wconf 89' lang='lat' dir='ltr'><strong>deﬁnitionum</strong></span> <span class='ocrx_word' id='word_1_434' title='bbox 2769 3220 2832 3260; x_wconf 87' lang='lat' dir='ltr'><strong>ea</strong></span> <span class='ocrx_word' id='word_1_435' title='bbox 2889 3213 2994 3272; x_wconf 90' lang='lat' dir='ltr'><strong>est,</strong></span> <span class='ocrx_word' id='word_1_436' title='bbox 3048 3218 3169 3275; x_wconf 67' lang='lat' dir='ltr'><strong>qua:</strong></span> <span class='ocrx_word' id='word_1_437' title='bbox 3219 3205 3402 3259; x_wconf 89' lang='lat' dir='ltr'><strong>omnia</strong></span> 
     </span>
    </p>
   </div>
   <div class='ocr_carea' id='block_1_61' title="bbox 1830 3295 3402 3368">
    <p class='ocr_par' dir='ltr' id='par_1_61' title="bbox 1830 3295 3402 3368">
     <span class='ocr_line' id='line_1_61' title="bbox 1830 3295 3402 3368; baseline 0 -16"><span class='ocrx_word' id='word_1_438' title='bbox 1830 3297 2017 3352; x_wconf 89' lang='lat' dir='ltr'><strong>delinit</strong></span> <span class='ocrx_word' id='word_1_439' title='bbox 2051 3304 2104 3351; x_wconf 89' lang='lat' dir='ltr'><strong>et</strong></span> <span class='ocrx_word' id='word_1_440' title='bbox 2138 3313 2168 3352; x_wconf 87' lang='lat' dir='ltr'><strong>a</strong></span> <span class='ocrx_word' id='word_1_441' title='bbox 2200 3298 2350 3352; x_wconf 90' lang='lat' dir='ltr'><strong>nullo</strong></span> <span class='ocrx_word' id='word_1_442' title='bbox 2387 3297 2664 3352; x_wconf 88' lang='lat' dir='ltr'><strong>deﬁnitur.</strong></span> <span class='ocrx_word' id='word_1_443' title='bbox 2700 3296 3041 3368; x_wconf 84' lang='lat' dir='ltr'><strong>Quapropter</strong></span> <span class='ocrx_word' id='word_1_444' title='bbox 3074 3298 3226 3352; x_wconf 91' lang='lat' dir='ltr'><strong>solus</strong></span> <span class='ocrx_word' id='word_1_445' title='bbox 3257 3295 3402 3352; x_wconf 83' lang='lat' dir='ltr'><strong>Deus</strong></span> 
     </span>
    </p>
   </div>
   <div class='ocr_carea' id='block_1_62' title="bbox 1829 3387 3401 3443">
    <p class='ocr_par' dir='ltr' id='par_1_62' title="bbox 1829 3387 3401 3443">
     <span class='ocr_line' id='line_1_62' title="bbox 1829 3387 3401 3443; baseline 0.001 -1"><span class='ocrx_word' id='word_1_446' title='bbox 1829 3389 2070 3443; x_wconf 89' lang='lat' dir='ltr'><strong>deﬁnitio</strong></span> <span class='ocrx_word' id='word_1_447' title='bbox 2100 3389 2474 3443; x_wconf 89' lang='lat' dir='ltr'><strong>deﬁnitionum</strong></span> <span class='ocrx_word' id='word_1_448' title='bbox 2503 3396 2605 3443; x_wconf 87' lang='lat' dir='ltr'><strong>est.</strong></span> <span class='ocrx_word' id='word_1_449' title='bbox 2637 3387 2888 3443; x_wconf 88' lang='lat' dir='ltr'><strong>Deﬁnitio</strong></span> <span class='ocrx_word' id='word_1_450' title='bbox 2930 3396 3014 3442; x_wconf 80' lang='lat' dir='ltr'><strong>est</strong></span> <span class='ocrx_word' id='word_1_451' title='bbox 3060 3389 3239 3442; x_wconf 90' lang='lat' dir='ltr'><strong>oratio</strong></span> <span class='ocrx_word' id='word_1_452' title='bbox 3277 3388 3401 3443; x_wconf 85' lang='lat' dir='ltr'><strong>bre-</strong></span> 
     </span>
    </p>
   </div>
   <div class='ocr_carea' id='block_1_63' title="bbox 1830 3478 3400 3553">
    <p class='ocr_par' dir='ltr' id='par_1_63' title="bbox 1830 3478 3400 3553">
     <span class='ocr_line' id='line_1_63' title="bbox 1830 3478 3400 3553; baseline -0.004 -15"><span class='ocrx_word' id='word_1_453' title='bbox 1830 3484 1934 3548; x_wconf 91' lang='lat' dir='ltr'><strong>vis,</strong></span> <span class='ocrx_word' id='word_1_454' title='bbox 1990 3483 2284 3553; x_wconf 84' lang='lat' dir='ltr'><strong>propositae</strong></span> <span class='ocrx_word' id='word_1_455' title='bbox 2333 3481 2411 3536; x_wconf 91' lang='lat' dir='ltr'><strong>rei</strong></span> <span class='ocrx_word' id='word_1_456' title='bbox 2467 3488 2718 3534; x_wconf 87' lang='lat' dir='ltr'><strong>naturam</strong></span> <span class='ocrx_word' id='word_1_457' title='bbox 2768 3480 3070 3550; x_wconf 79' lang='lat' dir='ltr'><strong>explicans.</strong></span> <span class='ocrx_word' id='word_1_458' title='bbox 3107 3478 3400 3533; x_wconf 87' lang='lat' dir='ltr'><strong>Dicuntur-</strong></span> 
     </span>
    </p>
   </div>
   <div class='ocr_carea' id='block_1_64' title="bbox 1830 3570 3400 3644">
    <p class='ocr_par' dir='ltr' id='par_1_64' title="bbox 1830 3570 3400 3644">
     <span class='ocr_line' id='line_1_64' title="bbox 1830 3570 3400 3644; baseline -0.003 -17"><span class='ocrx_word' id='word_1_459' title='bbox 1830 3588 1935 3642; x_wconf 90' lang='lat' dir='ltr'><strong>que</strong></span> <span class='ocrx_word' id='word_1_460' title='bbox 1971 3573 2107 3644; x_wconf 84' lang='grc' dir='ltr'>ὅροι,</span> <span class='ocrx_word' id='word_1_461' title='bbox 2157 3587 2254 3626; x_wconf 91' lang='lat' dir='ltr'><strong>seu</strong></span> <span class='ocrx_word' id='word_1_462' title='bbox 2298 3570 2663 3636; x_wconf 88' lang='lat' dir='ltr'><strong>deﬁnitiones,</strong></span> <span class='ocrx_word' id='word_1_463' title='bbox 2706 3571 2862 3640; x_wconf 82' lang='lat' dir='ltr'><strong>quasi</strong></span> <span class='ocrx_word' id='word_1_464' title='bbox 2899 3570 3136 3640; x_wconf 85' lang='grc' dir='ltr'>ὁράσεις,</span> <span class='ocrx_word' id='word_1_465' title='bbox 3172 3585 3268 3623; x_wconf 75' lang='lat' dir='ltr'><strong>seu</strong></span> <span class='ocrx_word' id='word_1_466' title='bbox 3319 3570 3400 3623; x_wconf 82' lang='lat' dir='ltr'><strong>in-</strong></span> 
     </span>
    </p>
   </div>
   <div class='ocr_carea' id='block_1_65' title="bbox 1832 3659 3402 3734">
    <p class='ocr_par' dir='ltr' id='par_1_65' title="bbox 1832 3659 3402 3734">
     <span class='ocr_line' id='line_1_65' title="bbox 1832 3659 3402 3734; baseline -0.004 -15"><span class='ocrx_word' id='word_1_467' title='bbox 1832 3665 2141 3734; x_wconf 86' lang='lat' dir='ltr'><strong>spectiones</strong></span> <span class='ocrx_word' id='word_1_468' title='bbox 2195 3672 2357 3732; x_wconf 85' lang='lat' dir='ltr'><strong>atque</strong></span> <span class='ocrx_word' id='word_1_469' title='bbox 2411 3664 2555 3717; x_wconf 88' lang='lat' dir='ltr'><strong>oculi</strong></span> <span class='ocrx_word' id='word_1_470' title='bbox 2604 3676 2827 3725; x_wconf 90' lang='lat' dir='ltr'><strong>rerum,</strong></span> <span class='ocrx_word' id='word_1_471' title='bbox 2873 3670 2926 3714; x_wconf 91' lang='lat' dir='ltr'><strong>et</strong></span> <span class='ocrx_word' id='word_1_472' title='bbox 2966 3659 3110 3730; x_wconf 88' lang='lat' dir='ltr'><strong>quod</strong></span> <span class='ocrx_word' id='word_1_473' title='bbox 3165 3660 3402 3714; x_wconf 86' lang='lat' dir='ltr'><strong>breviter</strong></span> 
     </span>
    </p>
   </div>
   <div class='ocr_carea' id='block_1_66' title="bbox 152 3749 1726 3849">
    <p class='ocr_par' dir='ltr' id='par_1_66' title="bbox 152 3749 1726 3849">
     <span class='ocr_line' id='line_1_66' title="bbox 152 3749 1726 3849; baseline -0.011 -17"><span class='ocrx_word' id='word_1_474' title='bbox 152 3749 342 3849; x_wconf 65' lang='grc' dir='ltr'>νοητοῦ</span> <span class='ocrx_word' id='word_1_475' title='bbox 375 3775 631 3845; x_wconf 84' lang='grc' dir='ltr'>δύναμιν.</span> <span class='ocrx_word' id='word_1_476' title='bbox 666 3772 777 3826; x_wconf 74' lang='grc' dir='ltr'>Καὶ</span> <span class='ocrx_word' id='word_1_477' title='bbox 807 3749 968 3842; x_wconf 14' lang='grc' dir='ltr'>γὰρίὸ</span> <span class='ocrx_word' id='word_1_478' title='bbox 997 3768 1280 3840; x_wconf 84' lang='grc' dir='ltr'>ἄνθρωπός</span> <span class='ocrx_word' id='word_1_479' title='bbox 1314 3769 1458 3820; x_wconf 83' lang='grc' dir='ltr'>ἐστιν</span> <span class='ocrx_word' id='word_1_480' title='bbox 1484 3764 1638 3818; x_wconf 85' lang='grc' dir='ltr'>οὐσία</span> <span class='ocrx_word' id='word_1_481' title='bbox 1668 3765 1726 3816; x_wconf 85' lang='grc' dir='ltr'><strong>ἐκ</strong></span> 
     </span>
    </p>
   </div>
   <div class='ocr_carea' id='block_1_67' title="bbox 1835 3749 3402 3849">
    <p class='ocr_par' dir='ltr' id='par_1_67' title="bbox 1835 3749 3402 3822">
     <span class='ocr_line' id='line_1_67' title="bbox 1835 3749 3402 3822; baseline -0.003 -14"><span class='ocrx_word' id='word_1_482' title='bbox 1835 3753 2092 3808; x_wconf 88' lang='lat' dir='ltr'><strong>deﬁniant</strong></span> <span class='ocrx_word' id='word_1_483' title='bbox 2136 3754 2492 3822; x_wconf 80' lang='lat' dir='ltr'><strong>intelligibilis</strong></span> <span class='ocrx_word' id='word_1_484' title='bbox 2535 3753 2610 3808; x_wconf 91' lang='lat' dir='ltr'><strong>rei</strong></span> <span class='ocrx_word' id='word_1_485' title='bbox 2654 3752 2932 3806; x_wconf 87' lang='lat' dir='ltr'><strong>virtutem.</strong></span> <span class='ocrx_word' id='word_1_486' title='bbox 2974 3750 3188 3805; x_wconf 86' lang='lat' dir='ltr'><strong>Etenim</strong></span> <span class='ocrx_word' id='word_1_487' title='bbox 3235 3749 3402 3804; x_wconf 84' lang='lat' dir='ltr'><strong>homo</strong></span> 
     </span>
    </p>
   </div>
   <div class='ocr_carea' id='block_1_68' title="bbox 155 3858 1726 3944">
    <p class='ocr_par' dir='ltr' id='par_1_68' title="bbox 155 3858 1726 3944">
     <span class='ocr_line' id='line_1_68' title="bbox 155 3858 1726 3944; baseline -0.011 -19"><span class='ocrx_word' id='word_1_488' title='bbox 155 3871 350 3944; x_wconf 74' lang='grc' dir='ltr'>σαρκὸς</span> <span class='ocrx_word' id='word_1_489' title='bbox 372 3869 472 3922; x_wconf 80' lang='grc' dir='ltr'><strong>καὶ</strong></span> <span class='ocrx_word' id='word_1_490' title='bbox 505 3865 706 3936; x_wconf 75' lang='grc' dir='ltr'>ψυχῆς,</span> <span class='ocrx_word' id='word_1_491' title='bbox 733 3863 827 3917; x_wconf 76' lang='grc' dir='ltr'>καὶ</span> <span class='ocrx_word' id='word_1_492' title='bbox 851 3863 1010 3931; x_wconf 86' lang='grc' dir='ltr'>λόγου</span> <span class='ocrx_word' id='word_1_493' title='bbox 1042 3862 1135 3914; x_wconf 80' lang='grc' dir='ltr'>καὶ</span> <span class='ocrx_word' id='word_1_494' title='bbox 1169 3861 1419 3931; x_wconf 78' lang='grc' dir='ltr'>αἵματος,</span> <span class='ocrx_word' id='word_1_495' title='bbox 1454 3858 1549 3911; x_wconf 74' lang='grc' dir='ltr'><strong>καὶ</strong></span> <span class='ocrx_word' id='word_1_496' title='bbox 1582 3873 1726 3909; x_wconf 89' lang='grc' dir='ltr'>στοι-</span> 
     </span>
    </p>
   </div>
   <div class='ocr_carea' id='block_1_69' title="bbox 152 3947 1728 4034">
    <p class='ocr_par' dir='ltr' id='par_1_69' title="bbox 152 3947 1728 4034">
     <span class='ocr_line' id='line_1_69' title="bbox 152 3947 1728 4034; baseline -0.01 -19"><span class='ocrx_word' id='word_1_497' title='bbox 152 3965 327 4034; x_wconf 85' lang='grc' dir='ltr'>χείων,</span> <span class='ocrx_word' id='word_1_498' title='bbox 360 3961 458 4013; x_wconf 71' lang='grc' dir='ltr'><strong>καὶ</strong></span> <span class='ocrx_word' id='word_1_499' title='bbox 484 3959 686 4030; x_wconf 83' lang='grc' dir='ltr'>ἐτέρων</span> <span class='ocrx_word' id='word_1_500' title='bbox 733 3955 991 4008; x_wconf 84' lang='grc' dir='ltr'>πλειόνων</span> <span class='ocrx_word' id='word_1_501' title='bbox 1031 3951 1414 4022; x_wconf 88' lang='grc' dir='ltr'>συνισταμένη.</span> <span class='ocrx_word' id='word_1_502' title='bbox 1458 3950 1646 4020; x_wconf 82' lang='grc' dir='ltr'>Ἡμεῖς</span> <span class='ocrx_word' id='word_1_503' title='bbox 1674 3947 1728 4000; x_wconf 83' lang='grc' dir='ltr'>δὲ</span> 
     </span>
    </p>
   </div>
   <div class='ocr_carea' id='block_1_70' title="bbox 154 4039 1728 4126">
    <p class='ocr_par' dir='ltr' id='par_1_70' title="bbox 154 4039 1728 4126">
     <span class='ocr_line' id='line_1_70' title="bbox 154 4039 1728 4126; baseline -0.01 -18"><span class='ocrx_word' id='word_1_504' title='bbox 154 4052 538 4126; x_wconf 73' lang='grc' dir='ltr'>περιορίζομεν</span> <span class='ocrx_word' id='word_1_505' title='bbox 581 4047 770 4126; x_wconf 80' lang='grc' dir='ltr'>ταῦτα,</span> <span class='ocrx_word' id='word_1_506' title='bbox 804 4047 900 4101; x_wconf 78' lang='grc' dir='ltr'>καὶ</span> <span class='ocrx_word' id='word_1_507' title='bbox 941 4045 1216 4116; x_wconf 85' lang='grc' dir='ltr'>συντόμως</span> <span class='ocrx_word' id='word_1_508' title='bbox 1249 4043 1478 4113; x_wconf 88' lang='grc' dir='ltr'>λέγομεν</span> <span class='ocrx_word' id='word_1_509' title='bbox 1506 4040 1593 4094; x_wconf 84' lang='grc' dir='ltr'>διὰ</span> <span class='ocrx_word' id='word_1_510' title='bbox 1633 4039 1728 4093; x_wconf 89' lang='grc' dir='ltr'><strong>τοῦ</strong></span> 
     </span>
    </p>
   </div>
   <div class='ocr_carea' id='block_1_71' title="bbox 152 4133 1726 4220">
    <p class='ocr_par' dir='ltr' id='par_1_71' title="bbox 152 4133 1726 4220">
     <span class='ocr_line' id='line_1_71' title="bbox 152 4133 1726 4220; baseline -0.01 -19"><span class='ocrx_word' id='word_1_511' title='bbox 152 4149 293 4220; x_wconf 76' lang='grc' dir='ltr'>ὅρου,</span> <span class='ocrx_word' id='word_1_512' title='bbox 349 4148 436 4199; x_wconf 84' lang='grc' dir='ltr'>ὃτι</span> <span class='ocrx_word' id='word_1_513' title='bbox 486 4145 546 4197; x_wconf 88' lang='lat'><strong>&#39;0</strong></span> <span class='ocrx_word' id='word_1_514' title='bbox 598 4140 885 4213; x_wconf 77' lang='grc' dir='ltr'>ἄνθρωπός</span> <span class='ocrx_word' id='word_1_515' title='bbox 931 4140 1046 4192; x_wconf 85' lang='grc' dir='ltr'>ἐστι</span> <span class='ocrx_word' id='word_1_516' title='bbox 1090 4137 1225 4202; x_wconf 79' lang='grc' dir='ltr'>ζῶον</span> <span class='ocrx_word' id='word_1_517' title='bbox 1255 4136 1488 4204; x_wconf 83' lang='grc' dir='ltr'>λογικὸν,</span> <span class='ocrx_word' id='word_1_518' title='bbox 1516 4133 1726 4205; x_wconf 84' lang='grc' dir='ltr'>θνητὸν,</span> 
     </span>
    </p>
   </div>
   <div class='ocr_carea' id='block_1_72' title="bbox 153 4227 1730 4306">
    <p class='ocr_par' dir='ltr' id='par_1_72' title="bbox 153 4227 1730 4306">
     <span class='ocr_line' id='line_1_72' title="bbox 153 4227 1730 4306; baseline -0.01 -12"><span class='ocrx_word' id='word_1_519' title='bbox 153 4240 236 4294; x_wconf 85' lang='grc' dir='ltr'><strong>νοῦ</strong></span> <span class='ocrx_word' id='word_1_520' title='bbox 283 4239 384 4293; x_wconf 75' lang='grc' dir='ltr'><strong>καὶ</strong></span> <span class='ocrx_word' id='word_1_521' title='bbox 429 4236 740 4306; x_wconf 78' lang='grc' dir='ltr'>ἐπιστήμης</span> <span class='ocrx_word' id='word_1_522' title='bbox 782 4231 1047 4286; x_wconf 85' lang='grc' dir='ltr'>δεκτικόν.</span> <span class='ocrx_word' id='word_1_523' title='bbox 1085 4229 1316 4298; x_wconf 84' lang='grc' dir='ltr'>Λέγεται</span> <span class='ocrx_word' id='word_1_524' title='bbox 1351 4229 1444 4282; x_wconf 72' lang='grc' dir='ltr'>καὶ</span> <span class='ocrx_word' id='word_1_525' title='bbox 1480 4227 1640 4280; x_wconf 83' lang='grc' dir='ltr'>πάλιν</span> <span class='ocrx_word' id='word_1_526' title='bbox 1669 4227 1730 4279; x_wconf 81' lang='grc' dir='ltr'><strong>τὸ</strong></span> 
     </span>
    </p>
   </div>
   <div class='ocr_carea' id='block_1_73' title="bbox 155 4318 1726 4399">
    <p class='ocr_par' dir='ltr' id='par_1_73' title="bbox 155 4318 1726 4399">
     <span class='ocr_line' id='line_1_73' title="bbox 155 4318 1726 4399; baseline -0.008 -14"><span class='ocrx_word' id='word_1_527' title='bbox 155 4332 361 4394; x_wconf 75' lang='grc' dir='ltr'>ἐντελὲς</span> <span class='ocrx_word' id='word_1_528' title='bbox 411 4330 584 4399; x_wconf 80' lang='grc' dir='ltr'>ὄνομα</span> <span class='ocrx_word' id='word_1_529' title='bbox 619 4326 712 4380; x_wconf 88' lang='grc' dir='ltr'><strong>τοῦ</strong></span> <span class='ocrx_word' id='word_1_530' title='bbox 757 4323 1045 4399; x_wconf 80' lang='grc' dir='ltr'>ἀνθρώπου</span> <span class='ocrx_word' id='word_1_531' title='bbox 1085 4318 1726 4391; x_wconf 86' lang='grc' dir='ltr'>ἁνορθοπεριπατητικόν.</span> 
     </span>
    </p>
   </div>
   <div class='ocr_carea' id='block_1_74' title="bbox 155 4397 1732 4493">
    <p class='ocr_par' dir='ltr' id='par_1_74' title="bbox 155 4397 1732 4493">
     <span class='ocr_line' id='line_1_74' title="bbox 155 4397 1732 4493; baseline -0.009 -18"><span class='ocrx_word' id='word_1_532' title='bbox 155 4424 462 4493; x_wconf 69' lang='grc' dir='ltr'>Συνέκοψαν</span> <span class='ocrx_word' id='word_1_533' title='bbox 512 4397 574 4474; x_wconf 82' lang='grc' dir='ltr'><strong>δὲ</strong></span> <span class='ocrx_word' id='word_1_534' title='bbox 627 4420 673 4472; x_wconf 89' lang='grc' dir='ltr'>οἱ</span> <span class='ocrx_word' id='word_1_535' title='bbox 721 4397 1105 4487; x_wconf 65' lang='grc' dir='ltr'>ὀνοματοθέται</span> <span class='ocrx_word' id='word_1_536' title='bbox 1140 4415 1240 4484; x_wconf 82' lang='grc' dir='ltr'>τὴν</span> <span class='ocrx_word' id='word_1_537' title='bbox 1283 4410 1614 4475; x_wconf 80' lang='grc' dir='ltr'>πολυλεξίαν,</span> <span class='ocrx_word' id='word_1_538' title='bbox 1639 4409 1732 4462; x_wconf 76' lang='grc' dir='ltr'><strong>καὶ</strong></span> 
     </span>
    </p>
   </div>
   <div class='ocr_carea' id='block_1_75' title="bbox 157 4504 1727 4587">
    <p class='ocr_par' dir='ltr' id='par_1_75' title="bbox 157 4504 1727 4587">
     <span class='ocr_line' id='line_1_75' title="bbox 157 4504 1727 4587; baseline -0.008 -18"><span class='ocrx_word' id='word_1_539' title='bbox 157 4515 443 4587; x_wconf 81' lang='grc' dir='ltr'>ὠνόμασαν</span> <span class='ocrx_word' id='word_1_540' title='bbox 492 4513 655 4567; x_wconf 75' lang='grc' dir='ltr'>αὑτὸν</span> <span class='ocrx_word' id='word_1_541' title='bbox 705 4510 989 4582; x_wconf 79' lang='grc' dir='ltr'>ἄνθρωπον</span> <span class='ocrx_word' id='word_1_542' title='bbox 1029 4507 1118 4560; x_wconf 86' lang='grc' dir='ltr'>διὰ</span> <span class='ocrx_word' id='word_1_543' title='bbox 1155 4507 1253 4578; x_wconf 87' lang='grc' dir='ltr'>τὴν</span> <span class='ocrx_word' id='word_1_544' title='bbox 1288 4504 1727 4574; x_wconf 89' lang='grc' dir='ltr'>συντομολογίαν.</span> 
     </span>
    </p>
   </div>
   <div class='ocr_carea' id='block_1_76' title="bbox 168 4594 1731 4680">
    <p class='ocr_par' dir='ltr' id='par_1_76' title="bbox 168 4594 1731 4680">
     <span class='ocr_line' id='line_1_76' title="bbox 168 4594 1731 4680; baseline -0.01 -18"><span class='ocrx_word' id='word_1_545' title='bbox 168 4603 822 4680; x_wconf 79' lang='grc' dir='ltr'>Ἀνορθοπεριπατητικὸν</span> <span class='ocrx_word' id='word_1_546' title='bbox 847 4602 904 4656; x_wconf 82' lang='grc' dir='ltr'>δὲ</span> <span class='ocrx_word' id='word_1_547' title='bbox 936 4601 1154 4669; x_wconf 87' lang='grc' dir='ltr'>λέγεται</span> <span class='ocrx_word' id='word_1_548' title='bbox 1175 4602 1202 4653; x_wconf 91' lang='lat'><strong>6</strong></span> <span class='ocrx_word' id='word_1_549' title='bbox 1222 4597 1317 4654; x_wconf 83' lang='grc' dir='ltr'>ἄνθ</span> <span class='ocrx_word' id='word_1_550' title='bbox 1327 4614 1524 4669; x_wconf 84' lang='grc' dir='ltr'>ρωπος,</span> <span class='ocrx_word' id='word_1_551' title='bbox 1544 4594 1731 4665; x_wconf 85' lang='grc' dir='ltr'>ἐπειδὴ</span> 
     </span>
    </p>
   </div>
   <div class='ocr_carea' id='block_1_77' title="bbox 157 4687 1731 4770">
    <p class='ocr_par' dir='ltr' id='par_1_77' title="bbox 157 4687 1731 4770">
     <span class='ocr_line' id='line_1_77' title="bbox 157 4687 1731 4770; baseline -0.01 -14"><span class='ocrx_word' id='word_1_552' title='bbox 157 4703 218 4756; x_wconf 77' lang='grc' dir='ltr'>τὰ</span> <span class='ocrx_word' id='word_1_553' title='bbox 258 4703 435 4770; x_wconf 76' lang='grc' dir='ltr'>ἄλογα</span> <span class='ocrx_word' id='word_1_554' title='bbox 466 4698 584 4764; x_wconf 82' lang='grc' dir='ltr'>ζῶα</span> <span class='ocrx_word' id='word_1_555' title='bbox 635 4693 1060 4768; x_wconf 87' lang='grc' dir='ltr'>περιπατοῦντα,</span> <span class='ocrx_word' id='word_1_556' title='bbox 1095 4692 1339 4748; x_wconf 85' lang='grc' dir='ltr'>κλίνοντσ.</span> <span class='ocrx_word' id='word_1_557' title='bbox 1368 4691 1466 4762; x_wconf 77' lang='grc' dir='ltr'><strong>τὴν</strong></span> <span class='ocrx_word' id='word_1_558' title='bbox 1493 4687 1731 4759; x_wconf 80' lang='grc' dir='ltr'>κεφαλὴν</span> 
     </span>
    </p>
   </div>
   <div class='ocr_carea' id='block_1_78' title="bbox 161 4781 1735 4862">
    <p class='ocr_par' dir='ltr' id='par_1_78' title="bbox 161 4781 1735 4862">
     <span class='ocr_line' id='line_1_78' title="bbox 161 4781 1735 4862; baseline -0.008 -18"><span class='ocrx_word' id='word_1_559' title='bbox 161 4792 411 4862; x_wconf 79' lang='grc' dir='ltr'>βλέπουσι</span> <span class='ocrx_word' id='word_1_560' title='bbox 458 4789 610 4842; x_wconf 77' lang='grc' dir='ltr'>κάτω</span> <span class='ocrx_word' id='word_1_561' title='bbox 646 4787 781 4858; x_wconf 84' lang='grc' dir='ltr'>πρὸς</span> <span class='ocrx_word' id='word_1_562' title='bbox 807 4784 906 4856; x_wconf 81' lang='grc' dir='ltr'><strong>τὴν</strong></span> <span class='ocrx_word' id='word_1_563' title='bbox 927 4784 1060 4854; x_wconf 73' lang='grc' dir='ltr'>γῆνο</span> <span class='ocrx_word' id='word_1_564' title='bbox 1095 4785 1122 4837; x_wconf 93' lang='lat'><strong>6</strong></span> <span class='ocrx_word' id='word_1_565' title='bbox 1153 4782 1207 4835; x_wconf 82' lang='grc' dir='ltr'>δὲ</span> <span class='ocrx_word' id='word_1_566' title='bbox 1250 4781 1534 4852; x_wconf 81' lang='grc' dir='ltr'>ἄνθρωπος</span> <span class='ocrx_word' id='word_1_567' title='bbox 1579 4797 1735 4851; x_wconf 84' lang='grc' dir='ltr'>περι-</span> 
     </span>
    </p>
   </div>
   <div class='ocr_carea' id='block_1_79' title="bbox 164 4875 1729 4952">
    <p class='ocr_par' dir='ltr' id='par_1_79' title="bbox 164 4875 1729 4952">
     <span class='ocr_line' id='line_1_79' title="bbox 164 4875 1729 4952; baseline -0.008 -14"><span class='ocrx_word' id='word_1_568' title='bbox 164 4883 340 4938; x_wconf 86' lang='grc' dir='ltr'>πατῶν</span> <span class='ocrx_word' id='word_1_569' title='bbox 395 4880 586 4952; x_wconf 80' lang='grc' dir='ltr'>βλέπει</span> <span class='ocrx_word' id='word_1_570' title='bbox 643 4878 738 4932; x_wconf 72' lang='grc' dir='ltr'><strong>καὶ</strong></span> <span class='ocrx_word' id='word_1_571' title='bbox 785 4876 979 4947; x_wconf 84' lang='grc' dir='ltr'>θεωρεῖ</span> <span class='ocrx_word' id='word_1_572' title='bbox 1035 4875 1103 4928; x_wconf 78' lang='grc' dir='ltr'>τὰ</span> <span class='ocrx_word' id='word_1_573' title='bbox 1159 4876 1291 4929; x_wconf 81' lang='grc' dir='ltr'>ἄνω.</span> <span class='ocrx_word' id='word_1_574' title='bbox 1341 4875 1428 4926; x_wconf 89' lang='grc' dir='ltr'>Ἐν</span> <span class='ocrx_word' id='word_1_575' title='bbox 1485 4875 1729 4943; x_wconf 84' lang='grc' dir='ltr'>συγκοπῇ</span> 
     </span>
    </p>
   </div>
   <div class='ocr_carea' id='block_1_80' title="bbox 160 4964 1731 5045">
    <p class='ocr_par' dir='ltr' id='par_1_80' title="bbox 160 4964 1731 5045">
     <span class='ocr_line' id='line_1_80' title="bbox 160 4964 1731 5045; baseline -0.009 -15"><span class='ocrx_word' id='word_1_576' title='bbox 160 4973 212 5030; x_wconf 72' lang='grc' dir='ltr'>δὲ</span> <span class='ocrx_word' id='word_1_577' title='bbox 256 4975 586 5045; x_wconf 77' lang='grc' dir='ltr'>ὀνομάζεται</span> <span class='ocrx_word' id='word_1_578' title='bbox 618 4970 920 5041; x_wconf 77' lang='grc' dir='ltr'>ἄνθρωπος.</span> <span class='ocrx_word' id='word_1_579' title='bbox 970 4967 1137 5022; x_wconf 85' lang='grc' dir='ltr'>Πάλιν</span> <span class='ocrx_word' id='word_1_580' title='bbox 1182 4966 1466 5038; x_wconf 85' lang='grc' dir='ltr'>ἄνθρωπος</span> <span class='ocrx_word' id='word_1_581' title='bbox 1496 4964 1731 5035; x_wconf 89' lang='grc' dir='ltr'>λέγεται,</span> 
     </span>
    </p>
   </div>
   <div class='ocr_carea' id='block_1_81' title="bbox 163 5055 1730 5135">
    <p class='ocr_par' dir='ltr' id='par_1_81' title="bbox 163 5055 1730 5135">
     <span class='ocr_line' id='line_1_81' title="bbox 163 5055 1730 5135; baseline -0.006 -17"><span class='ocrx_word' id='word_1_582' title='bbox 163 5066 240 5119; x_wconf 74' lang='grc' dir='ltr'>διὰ</span> <span class='ocrx_word' id='word_1_583' title='bbox 261 5069 325 5121; x_wconf 72' lang='grc' dir='ltr'>τὸ</span> <span class='ocrx_word' id='word_1_584' title='bbox 348 5069 466 5121; x_wconf 83' lang='grc' dir='ltr'>ἄνω</span> <span class='ocrx_word' id='word_1_585' title='bbox 483 5063 669 5135; x_wconf 79' lang='grc' dir='ltr'>ἀθρεῖν</span> <span class='ocrx_word' id='word_1_586' title='bbox 685 5061 774 5114; x_wconf 84' lang='grc' dir='ltr'><strong>τὸν</strong></span> <span class='ocrx_word' id='word_1_587' title='bbox 795 5055 950 5114; x_wconf 67' lang='grc' dir='ltr'>ῶπαε</span> <span class='ocrx_word' id='word_1_588' title='bbox 978 5059 1121 5113; x_wconf 88' lang='grc' dir='ltr'>τοῦτ’</span> <span class='ocrx_word' id='word_1_589' title='bbox 1145 5059 1261 5112; x_wconf 82' lang='grc' dir='ltr'>ἔστι</span> <span class='ocrx_word' id='word_1_590' title='bbox 1284 5057 1372 5112; x_wconf 85' lang='grc' dir='ltr'>διὰ</span> <span class='ocrx_word' id='word_1_591' title='bbox 1388 5059 1446 5112; x_wconf 88' lang='grc' dir='ltr'><strong>τὸ</strong></span> <span class='ocrx_word' id='word_1_592' title='bbox 1462 5058 1572 5112; x_wconf 77' lang='grc' dir='ltr'>ἄνω</span> <span class='ocrx_word' id='word_1_593' title='bbox 1601 5057 1730 5110; x_wconf 87' lang='grc' dir='ltr'>θεω-</span> 
     </span>
    </p>
   </div>
   <div class='ocr_carea' id='block_1_82' title="bbox 168 5153 1732 5229">
    <p class='ocr_par' dir='ltr' id='par_1_82' title="bbox 168 5153 1732 5229">
     <span class='ocr_line' id='line_1_82' title="bbox 168 5153 1732 5229; baseline -0.005 -17"><span class='ocrx_word' id='word_1_594' title='bbox 168 5163 269 5229; x_wconf 81' lang='grc' dir='ltr'>ρεῖν</span> <span class='ocrx_word' id='word_1_595' title='bbox 319 5158 432 5212; x_wconf 86' lang='grc' dir='ltr'><strong>τῶν</strong></span> <span class='ocrx_word' id='word_1_596' title='bbox 467 5157 764 5228; x_wconf 75' lang='grc' dir='ltr'>ὀφθαλμῶν</span> <span class='ocrx_word' id='word_1_597' title='bbox 805 5154 964 5227; x_wconf 81' lang='grc' dir='ltr'>ἡμῶν</span> <span class='ocrx_word' id='word_1_598' title='bbox 1017 5153 1118 5224; x_wconf 81' lang='grc' dir='ltr'>τὴν</span> <span class='ocrx_word' id='word_1_599' title='bbox 1169 5153 1469 5225; x_wconf 87' lang='grc' dir='ltr'>ἐνέργειαν.</span> <span class='ocrx_word' id='word_1_600' title='bbox 1516 5153 1572 5206; x_wconf 89' lang='lat'><strong>&#39;0</strong></span> <span class='ocrx_word' id='word_1_601' title='bbox 1623 5153 1732 5223; x_wconf 80' lang='grc' dir='ltr'><strong>γὰρ</strong></span> 
     </span>
    </p>
   </div>
   <div class='ocr_carea' id='block_1_83' title="bbox 166 5243 1728 5322">
    <p class='ocr_par' dir='ltr' id='par_1_83' title="bbox 166 5243 1728 5322">
     <span class='ocr_line' id='line_1_83' title="bbox 166 5243 1728 5322; baseline -0.005 -19"><span class='ocrx_word' id='word_1_602' title='bbox 166 5252 434 5322; x_wconf 61' lang='grc' dir='ltr'>ὁσθαλμδς</span> <span class='ocrx_word' id='word_1_603' title='bbox 491 5251 588 5304; x_wconf 80' lang='grc' dir='ltr'>καὶ</span> <span class='ocrx_word' id='word_1_604' title='bbox 625 5251 654 5302; x_wconf 87' lang='lat'><strong>6</strong></span> <span class='ocrx_word' id='word_1_605' title='bbox 686 5247 808 5311; x_wconf 80' lang='grc' dir='ltr'>νοῦς</span> <span class='ocrx_word' id='word_1_606' title='bbox 844 5249 1071 5302; x_wconf 84' lang='grc' dir='ltr'>πάντοτε</span> <span class='ocrx_word' id='word_1_607' title='bbox 1099 5247 1211 5302; x_wconf 81' lang='grc' dir='ltr'>ἀνω</span> <span class='ocrx_word' id='word_1_608' title='bbox 1237 5247 1353 5318; x_wconf 82' lang='grc' dir='ltr'>ὁρᾷ.</span> <span class='ocrx_word' id='word_1_609' title='bbox 1409 5244 1519 5300; x_wconf 79' lang='grc' dir='ltr'>Καὶ</span> <span class='ocrx_word' id='word_1_610' title='bbox 1541 5243 1728 5314; x_wconf 81' lang='grc' dir='ltr'>τούτου</span> 
     </span>
    </p>
   </div>
   <div class='ocr_carea' id='block_1_84' title="bbox 165 5335 1730 5413">
    <p class='ocr_par' dir='ltr' id='par_1_84' title="bbox 165 5335 1730 5413">
     <span class='ocr_line' id='line_1_84' title="bbox 165 5335 1730 5413; baseline -0.004 -19"><span class='ocrx_word' id='word_1_611' title='bbox 165 5341 314 5413; x_wconf 78' lang='grc' dir='ltr'>χάριν</span> <span class='ocrx_word' id='word_1_612' title='bbox 358 5341 576 5412; x_wconf 76' lang='grc' dir='ltr'>εἴρηται</span> <span class='ocrx_word' id='word_1_613' title='bbox 630 5340 784 5411; x_wconf 76' lang='grc' dir='ltr'><strong>ὅρος⁹</strong></span> <span class='ocrx_word' id='word_1_614' title='bbox 819 5339 901 5392; x_wconf 85' lang='grc' dir='ltr'>ὅτι</span> <span class='ocrx_word' id='word_1_615' title='bbox 955 5337 1255 5410; x_wconf 82' lang='grc' dir='ltr'>περιορίζει</span> <span class='ocrx_word' id='word_1_616' title='bbox 1301 5335 1730 5404; x_wconf 72' lang='grc' dir='ltr'>καὶσυγκόπτει</span> 
     </span>
    </p>
   </div>
   <div class='ocr_carea' id='block_1_85' title="bbox 166 5429 1730 5504">
    <p class='ocr_par' dir='ltr' id='par_1_85' title="bbox 166 5429 1730 5504">
     <span class='ocr_line' id='line_1_85' title="bbox 166 5429 1730 5504; baseline -0.003 -17"><span class='ocrx_word' id='word_1_617' title='bbox 166 5435 254 5504; x_wconf 77' lang='grc' dir='ltr'><strong>τὴν</strong></span> <span class='ocrx_word' id='word_1_618' title='bbox 301 5432 648 5500; x_wconf 74' lang='grc' dir='ltr'>πολυλεξίαν,</span> <span class='ocrx_word' id='word_1_619' title='bbox 706 5432 802 5487; x_wconf 70' lang='grc' dir='ltr'><strong>καὶ</strong></span> <span class='ocrx_word' id='word_1_620' title='bbox 847 5435 994 5486; x_wconf 88' lang='grc' dir='ltr'>ποιεῖ</span> <span class='ocrx_word' id='word_1_621' title='bbox 1062 5430 1326 5502; x_wconf 82' lang='grc' dir='ltr'>σύντομον</span> <span class='ocrx_word' id='word_1_622' title='bbox 1377 5429 1476 5500; x_wconf 78' lang='grc' dir='ltr'>τὴν</span> <span class='ocrx_word' id='word_1_623' title='bbox 1521 5445 1730 5501; x_wconf 82' lang='grc' dir='ltr'>μακρο-</span> 
     </span>
    </p>
   </div>
   <div class='ocr_carea' id='block_1_86' title="bbox 166 5523 365 5594">
    <p class='ocr_par' dir='ltr' id='par_1_86' title="bbox 166 5523 365 5594">
     <span class='ocr_line' id='line_1_86' title="bbox 166 5523 365 5594; baseline 0.005 -16"><span class='ocrx_word' id='word_1_624' title='bbox 166 5523 222 5578; x_wconf 58' lang='lat' dir='ltr'><strong>lo</strong></span> <span class='ocrx_word' id='word_1_625' title='bbox 233 5552 246 5594; x_wconf 71' lang='grc' dir='ltr'><strong><em>ι</em></strong></span> <span class='ocrx_word' id='word_1_626' title='bbox 259 5527 365 5579; x_wconf 89' lang='grc' dir='ltr'>ίαν.</span> 
     </span>
    </p>
   </div>
   <div class='ocr_carea' id='block_1_87' title="bbox 231 5679 1731 5766">
    <p class='ocr_par' dir='ltr' id='par_1_87' title="bbox 231 5679 1731 5766">
     <span class='ocr_line' id='line_1_87' title="bbox 231 5679 1731 5766; baseline -0.004 -17"><span class='ocrx_word' id='word_1_627' title='bbox 231 5695 283 5750; x_wconf 74' lang='grc' dir='ltr'>ι.</span> <span class='ocrx_word' id='word_1_628' title='bbox 318 5696 513 5751; x_wconf 75' lang='grc' dir='ltr'>Πολλοὶ</span> <span class='ocrx_word' id='word_1_629' title='bbox 545 5695 643 5766; x_wconf 83' lang='grc' dir='ltr'>μὲν</span> <span class='ocrx_word' id='word_1_630' title='bbox 675 5691 768 5749; x_wconf 81' lang='grc' dir='ltr'>οὖν</span> <span class='ocrx_word' id='word_1_631' title='bbox 796 5695 904 5748; x_wconf 88' lang='grc' dir='ltr'>είσι</span> <span class='ocrx_word' id='word_1_632' title='bbox 944 5695 1038 5748; x_wconf 75' lang='grc' dir='ltr'><strong>καὶ</strong></span> <span class='ocrx_word' id='word_1_633' title='bbox 1063 5679 1422 5763; x_wconf 76' lang='grc' dir='ltr'>ἀναρίθμητοι</span> <span class='ocrx_word' id='word_1_634' title='bbox 1455 5692 1569 5762; x_wconf 86' lang='grc' dir='ltr'>ὅροι</span> <span class='ocrx_word' id='word_1_635' title='bbox 1602 5692 1731 5765; x_wconf 73' lang='grc' dir='ltr'>περὶ</span> 
     </span>
    </p>
   </div>
   <div class='ocr_carea' id='block_1_88' title="bbox 169 5783 1730 5860">
    <p class='ocr_par' dir='ltr' id='par_1_88' title="bbox 169 5783 1730 5860">
     <span class='ocr_line' id='line_1_88' title="bbox 169 5783 1730 5860; baseline -0.005 -15"><span class='ocrx_word' id='word_1_636' title='bbox 169 5790 357 5852; x_wconf 58' lang='grc' dir='ltr'>παντὸς</span> <span class='ocrx_word' id='word_1_637' title='bbox 386 5786 730 5860; x_wconf 79' lang='grc' dir='ltr'>πράγματος.</span> <span class='ocrx_word' id='word_1_638' title='bbox 773 5787 867 5840; x_wconf 78' lang='grc' dir='ltr'><strong>Ἐκ</strong></span> <span class='ocrx_word' id='word_1_639' title='bbox 903 5785 1110 5840; x_wconf 86' lang='grc' dir='ltr'>πολλῶν</span> <span class='ocrx_word' id='word_1_640' title='bbox 1146 5783 1200 5837; x_wconf 83' lang='grc' dir='ltr'>δὲ</span> <span class='ocrx_word' id='word_1_641' title='bbox 1230 5783 1440 5852; x_wconf 80' lang='grc' dir='ltr'>ὀλίγους</span> <span class='ocrx_word' id='word_1_642' title='bbox 1471 5783 1596 5847; x_wconf 77' lang='grc' dir='ltr'>τοὺς</span> <span class='ocrx_word' id='word_1_643' title='bbox 1632 5801 1730 5837; x_wconf 82' lang='grc' dir='ltr'><strong>κυ-</strong></span> 
     </span>
    </p>
   </div>
   <div class='ocr_carea' id='block_1_89' title="bbox 1829 3839 3398 3912">
    <p class='ocr_par' dir='ltr' id='par_1_89' title="bbox 1829 3839 3398 3912">
     <span class='ocr_line' id='line_1_89' title="bbox 1829 3839 3398 3912; baseline -0.003 -13"><span class='ocrx_word' id='word_1_644' title='bbox 1829 3851 1912 3899; x_wconf 89' lang='lat' dir='ltr'><strong>est</strong></span> <span class='ocrx_word' id='word_1_645' title='bbox 1965 3844 2297 3906; x_wconf 88' lang='lat' dir='ltr'><strong>substantia,</strong></span> <span class='ocrx_word' id='word_1_646' title='bbox 2347 3858 2533 3905; x_wconf 89' lang='lat' dir='ltr'><strong>carne,</strong></span> <span class='ocrx_word' id='word_1_647' title='bbox 2579 3843 2782 3906; x_wconf 87' lang='lat' dir='ltr'><strong>anima,</strong></span> <span class='ocrx_word' id='word_1_648' title='bbox 2830 3841 3058 3906; x_wconf 89' lang='lat' dir='ltr'><strong>ratione,</strong></span> <span class='ocrx_word' id='word_1_649' title='bbox 3111 3839 3398 3912; x_wconf 83' lang='lat' dir='ltr'><strong>sanguine,</strong></span> 
     </span>
    </p>
   </div>
   <div class='ocr_carea' id='block_1_90' title="bbox 1828 3931 3397 4004">
    <p class='ocr_par' dir='ltr' id='par_1_90' title="bbox 1828 3931 3397 4004">
     <span class='ocr_line' id='line_1_90' title="bbox 1828 3931 3397 4004; baseline -0.003 -13"><span class='ocrx_word' id='word_1_650' title='bbox 1828 3936 2132 4000; x_wconf 88' lang='lat' dir='ltr'><strong>elementis,</strong></span> <span class='ocrx_word' id='word_1_651' title='bbox 2186 3935 2418 4004; x_wconf 90' lang='lat' dir='ltr'><strong>aliisque</strong></span> <span class='ocrx_word' id='word_1_652' title='bbox 2469 3935 2658 3989; x_wconf 91' lang='lat' dir='ltr'><strong>multis</strong></span> <span class='ocrx_word' id='word_1_653' title='bbox 2710 3943 2997 3990; x_wconf 89' lang='lat' dir='ltr'><strong>constans.</strong></span> <span class='ocrx_word' id='word_1_654' title='bbox 3051 3931 3160 3989; x_wconf 83' lang='lat' dir='ltr'><strong>Nos</strong></span> <span class='ocrx_word' id='word_1_655' title='bbox 3217 3939 3397 3986; x_wconf 85' lang='lat' dir='ltr'><strong>autem</strong></span> 
     </span>
    </p>
   </div>
   <div class='ocr_carea' id='block_1_91' title="bbox 1832 4023 3399 4096">
    <p class='ocr_par' dir='ltr' id='par_1_91' title="bbox 1832 4023 3399 4096">
     <span class='ocr_line' id='line_1_91' title="bbox 1832 4023 3399 4096; baseline -0.003 -15"><span class='ocrx_word' id='word_1_656' title='bbox 1832 4027 1922 4081; x_wconf 91' lang='lat' dir='ltr'><strong>illa</strong></span> <span class='ocrx_word' id='word_1_657' title='bbox 1970 4026 2505 4092; x_wconf 87' lang='lat' dir='ltr'><strong>circumscribimus,</strong></span> <span class='ocrx_word' id='word_1_658' title='bbox 2558 4034 2611 4081; x_wconf 88' lang='lat' dir='ltr'><strong>et</strong></span> <span class='ocrx_word' id='word_1_659' title='bbox 2659 4025 2848 4096; x_wconf 91' lang='lat' dir='ltr'><strong>paucis</strong></span> <span class='ocrx_word' id='word_1_660' title='bbox 2891 4041 2988 4096; x_wconf 79' lang='lat' dir='ltr'><strong>per</strong></span> <span class='ocrx_word' id='word_1_661' title='bbox 3026 4023 3399 4079; x_wconf 83' lang='lat' dir='ltr'><strong>deﬁnitionem</strong></span> 
     </span>
    </p>
   </div>
   <div class='ocr_carea' id='block_1_92' title="bbox 1829 4114 3398 4182">
    <p class='ocr_par' dir='ltr' id='par_1_92' title="bbox 1829 4114 3398 4182">
     <span class='ocr_line' id='line_1_92' title="bbox 1829 4114 3398 4182; baseline -0.003 -9"><span class='ocrx_word' id='word_1_662' title='bbox 1829 4119 2064 4175; x_wconf 87' lang='lat' dir='ltr'><strong>dicimus</strong></span> <span class='ocrx_word' id='word_1_663' title='bbox 2113 4137 2128 4177; x_wconf 88' lang='lat'><strong>:</strong></span> <span class='ocrx_word' id='word_1_664' title='bbox 2188 4119 2362 4175; x_wconf 89' lang='lat' dir='ltr'><strong>Homo</strong></span> <span class='ocrx_word' id='word_1_665' title='bbox 2414 4126 2498 4174; x_wconf 92' lang='lat' dir='ltr'><strong>est</strong></span> <span class='ocrx_word' id='word_1_666' title='bbox 2547 4117 2747 4172; x_wconf 84' lang='lat' dir='ltr'><strong>animal</strong></span> <span class='ocrx_word' id='word_1_667' title='bbox 2805 4116 3089 4182; x_wconf 87' lang='lat' dir='ltr'><strong>rationale,</strong></span> <span class='ocrx_word' id='word_1_668' title='bbox 3147 4114 3398 4180; x_wconf 89' lang='lat' dir='ltr'><strong>mortale,</strong></span> 
     </span>
    </p>
   </div>
   <div class='ocr_carea' id='block_1_93' title="bbox 1830 4205 3399 4280">
    <p class='ocr_par' dir='ltr' id='par_1_93' title="bbox 1830 4205 3399 4280">
     <span class='ocr_line' id='line_1_93' title="bbox 1830 4205 3399 4280; baseline -0.002 -16"><span class='ocrx_word' id='word_1_669' title='bbox 1830 4212 2028 4267; x_wconf 85' lang='lat' dir='ltr'><strong>mentis</strong></span> <span class='ocrx_word' id='word_1_670' title='bbox 2082 4218 2136 4267; x_wconf 89' lang='lat' dir='ltr'><strong>et</strong></span> <span class='ocrx_word' id='word_1_671' title='bbox 2184 4205 2444 4267; x_wconf 50' lang='lat' dir='ltr'><strong>scientia</strong></span> <span class='ocrx_word' id='word_1_672' title='bbox 2477 4225 2672 4280; x_wconf 83' lang='lat' dir='ltr'><strong>capax.</strong></span> <span class='ocrx_word' id='word_1_673' title='bbox 2733 4209 2943 4264; x_wconf 88' lang='lat' dir='ltr'><strong>Dicitur</strong></span> <span class='ocrx_word' id='word_1_674' title='bbox 2994 4215 3177 4263; x_wconf 89' lang='lat' dir='ltr'><strong>autem</strong></span> <span class='ocrx_word' id='word_1_675' title='bbox 3219 4209 3399 4278; x_wconf 82' lang='lat' dir='ltr'><strong>ipsum</strong></span> 
     </span>
    </p>
   </div>
   <div class='ocr_carea' id='block_1_94' title="bbox 1831 4298 3399 4374">
    <p class='ocr_par' dir='ltr' id='par_1_94' title="bbox 1831 4298 3399 4374">
     <span class='ocr_line' id='line_1_94' title="bbox 1831 4298 3399 4374; baseline -0.003 -18"><span class='ocrx_word' id='word_1_676' title='bbox 1831 4304 2099 4374; x_wconf 82' lang='lat' dir='ltr'><strong>integrum</strong></span> <span class='ocrx_word' id='word_1_677' title='bbox 2145 4305 2383 4360; x_wconf 87' lang='lat' dir='ltr'><strong>hominis</strong></span> <span class='ocrx_word' id='word_1_678' title='bbox 2442 4298 2675 4367; x_wconf 89' lang='lat' dir='ltr'><strong>nomen,</strong></span> <span class='ocrx_word' id='word_1_679' title='bbox 2737 4299 3399 4374; x_wconf 86' lang='grc' dir='ltr'>ἀνορθοπεριπατητικόν,</span> 
     </span>
    </p>
   </div>
   <div class='ocr_carea' id='block_1_95' title="bbox 1831 4393 3402 4466">
    <p class='ocr_par' dir='ltr' id='par_1_95' title="bbox 1831 4393 3402 4466">
     <span class='ocr_line' id='line_1_95' title="bbox 1831 4393 3402 4466; baseline -0.003 -16"><span class='ocrx_word' id='word_1_680' title='bbox 1831 4396 1885 4450; x_wconf 92' lang='lat' dir='ltr'><strong>id</strong></span> <span class='ocrx_word' id='word_1_681' title='bbox 1917 4405 2023 4461; x_wconf 91' lang='lat' dir='ltr'><strong>est,</strong></span> <span class='ocrx_word' id='word_1_682' title='bbox 2064 4407 2250 4452; x_wconf 86' lang='lat' dir='ltr'><strong>erecto</strong></span> <span class='ocrx_word' id='word_1_683' title='bbox 2296 4411 2524 4466; x_wconf 89' lang='lat' dir='ltr'><strong>corpore</strong></span> <span class='ocrx_word' id='word_1_684' title='bbox 2559 4395 2835 4450; x_wconf 89' lang='lat' dir='ltr'><strong>incedens.</strong></span> <span class='ocrx_word' id='word_1_685' title='bbox 2875 4393 3276 4448; x_wconf 86' lang='lat' dir='ltr'><strong>Abbreviarunt</strong></span> <span class='ocrx_word' id='word_1_686' title='bbox 3305 4406 3402 4445; x_wconf 89' lang='lat' dir='ltr'><strong>au-</strong></span> 
     </span>
    </p>
   </div>
   <div class='ocr_carea' id='block_1_96' title="bbox 1831 4485 3398 4560">
    <p class='ocr_par' dir='ltr' id='par_1_96' title="bbox 1831 4485 3398 4560">
     <span class='ocr_line' id='line_1_96' title="bbox 1831 4485 3398 4560; baseline -0.005 -18"><span class='ocrx_word' id='word_1_687' title='bbox 1831 4496 1938 4544; x_wconf 90' lang='lat' dir='ltr'><strong>tem</strong></span> <span class='ocrx_word' id='word_1_688' title='bbox 1971 4490 2064 4560; x_wconf 90' lang='lat' dir='ltr'><strong>qui</strong></span> <span class='ocrx_word' id='word_1_689' title='bbox 2097 4490 2262 4544; x_wconf 85' lang='lat' dir='ltr'><strong>rebus</strong></span> <span class='ocrx_word' id='word_1_690' title='bbox 2294 4489 2540 4543; x_wconf 82' lang='lat' dir='ltr'><strong>indidere</strong></span> <span class='ocrx_word' id='word_1_691' title='bbox 2560 4488 2804 4551; x_wconf 87' lang='lat' dir='ltr'><strong>nomina,</strong></span> <span class='ocrx_word' id='word_1_692' title='bbox 2832 4488 2984 4542; x_wconf 88' lang='lat' dir='ltr'><strong>vocis</strong></span> <span class='ocrx_word' id='word_1_693' title='bbox 3009 4485 3398 4557; x_wconf 83' lang='lat' dir='ltr'><strong>prolixitatem,</strong></span> 
     </span>
    </p>
   </div>
   <div class='ocr_carea' id='block_1_97' title="bbox 1831 4574 3399 4649">
    <p class='ocr_par' dir='ltr' id='par_1_97' title="bbox 1831 4574 3399 4649">
     <span class='ocr_line' id='line_1_97' title="bbox 1831 4574 3399 4649; baseline -0.004 -15"><span class='ocrx_word' id='word_1_694' title='bbox 1831 4589 1884 4634; x_wconf 90' lang='lat' dir='ltr'><strong>et</strong></span> <span class='ocrx_word' id='word_1_695' title='bbox 1929 4587 2196 4634; x_wconf 88' lang='lat' dir='ltr'><strong>vocarunt</strong></span> <span class='ocrx_word' id='word_1_696' title='bbox 2245 4594 2403 4643; x_wconf 86' lang='lat' dir='ltr'><strong>eum,</strong></span> <span class='ocrx_word' id='word_1_697' title='bbox 2458 4577 2764 4649; x_wconf 80' lang='grc' dir='ltr'>ἄνθρωπον,</span> <span class='ocrx_word' id='word_1_698' title='bbox 2813 4577 2865 4632; x_wconf 91' lang='lat' dir='ltr'><strong>id</strong></span> <span class='ocrx_word' id='word_1_699' title='bbox 2916 4585 3033 4640; x_wconf 90' lang='lat' dir='ltr'><strong>est,</strong></span> <span class='ocrx_word' id='word_1_700' title='bbox 3088 4574 3399 4637; x_wconf 85' lang='lat' dir='ltr'><strong>hominem,</strong></span> 
     </span>
    </p>
   </div>
   <div class='ocr_carea' id='block_1_98' title="bbox 1832 4667 3405 4736">
    <p class='ocr_par' dir='ltr' id='par_1_98' title="bbox 1832 4667 3405 4736">
     <span class='ocr_line' id='line_1_98' title="bbox 1832 4667 3405 4736; baseline -0.004 -10"><span class='ocrx_word' id='word_1_701' title='bbox 1832 4672 2116 4726; x_wconf 78' lang='lat' dir='ltr'><strong>brevitatis</strong></span> <span class='ocrx_word' id='word_1_702' title='bbox 2149 4686 2336 4725; x_wconf 88' lang='lat' dir='ltr'><strong>causa.</strong></span> <span class='ocrx_word' id='word_1_703' title='bbox 2363 4669 2572 4724; x_wconf 88' lang='lat' dir='ltr'><strong>Dicitur</strong></span> <span class='ocrx_word' id='word_1_704' title='bbox 2595 4679 2773 4724; x_wconf 87' lang='lat' dir='ltr'><strong>autem</strong></span> <span class='ocrx_word' id='word_1_705' title='bbox 2803 4677 2988 4723; x_wconf 84' lang='lat' dir='ltr'><strong>erecto</strong></span> <span class='ocrx_word' id='word_1_706' title='bbox 3008 4681 3235 4736; x_wconf 84' lang='lat' dir='ltr'><strong>corpore</strong></span> <span class='ocrx_word' id='word_1_707' title='bbox 3262 4667 3405 4720; x_wconf 88' lang='lat' dir='ltr'><strong>ince-</strong></span> 
     </span>
    </p>
   </div>
   <div class='ocr_carea' id='block_1_99' title="bbox 1832 4759 3404 4833">
    <p class='ocr_par' dir='ltr' id='par_1_99' title="bbox 1832 4759 3404 4833">
     <span class='ocr_line' id='line_1_99' title="bbox 1832 4759 3404 4833; baseline -0.003 -17"><span class='ocrx_word' id='word_1_708' title='bbox 1832 4764 1989 4827; x_wconf 89' lang='lat' dir='ltr'><strong>dens,</strong></span> <span class='ocrx_word' id='word_1_709' title='bbox 2031 4763 2217 4829; x_wconf 79' lang='lat' dir='ltr'><strong>liomo,</strong></span> <span class='ocrx_word' id='word_1_710' title='bbox 2251 4764 2507 4833; x_wconf 90' lang='lat' dir='ltr'><strong>quoniam</strong></span> <span class='ocrx_word' id='word_1_711' title='bbox 2544 4763 2704 4816; x_wconf 85' lang='lat' dir='ltr'><strong>bruta</strong></span> <span class='ocrx_word' id='word_1_712' title='bbox 2750 4761 3047 4814; x_wconf 70' lang='lat' dir='ltr'><strong>anin‘nantia</strong></span> <span class='ocrx_word' id='word_1_713' title='bbox 3081 4776 3206 4815; x_wconf 90' lang='lat' dir='ltr'><strong>cum</strong></span> <span class='ocrx_word' id='word_1_714' title='bbox 3253 4759 3404 4813; x_wconf 90' lang='lat' dir='ltr'><strong>ince-</strong></span> 
     </span>
    </p>
   </div>
   <div class='ocr_carea' id='block_1_100' title="bbox 1831 4852 3399 4927">
    <p class='ocr_par' dir='ltr' id='par_1_100' title="bbox 1831 4852 3399 4927">
     <span class='ocr_line' id='line_1_100' title="bbox 1831 4852 3399 4927; baseline -0.005 -15"><span class='ocrx_word' id='word_1_715' title='bbox 1831 4857 1992 4921; x_wconf 88' lang='lat' dir='ltr'><strong>dunt,</strong></span> <span class='ocrx_word' id='word_1_716' title='bbox 2029 4871 2205 4927; x_wconf 88' lang='lat' dir='ltr'><strong>prono</strong></span> <span class='ocrx_word' id='word_1_717' title='bbox 2230 4856 2428 4926; x_wconf 88' lang='lat' dir='ltr'><strong>capite,</strong></span> <span class='ocrx_word' id='word_1_718' title='bbox 2465 4855 2696 4909; x_wconf 80' lang='lat' dir='ltr'><strong>inferius</strong></span> <span class='ocrx_word' id='word_1_719' title='bbox 2737 4852 2792 4906; x_wconf 91' lang='lat' dir='ltr'><strong>in</strong></span> <span class='ocrx_word' id='word_1_720' title='bbox 2823 4858 3026 4907; x_wconf 89' lang='lat' dir='ltr'><strong>terram</strong></span> <span class='ocrx_word' id='word_1_721' title='bbox 3061 4852 3399 4922; x_wconf 88' lang='lat' dir='ltr'><strong>respiciunt;</strong></span> 
     </span>
    </p>
   </div>
   <div class='ocr_carea' id='block_1_101' title="bbox 1834 4943 3403 5016">
    <p class='ocr_par' dir='ltr' id='par_1_101' title="bbox 1834 4943 3403 5016">
     <span class='ocr_line' id='line_1_101' title="bbox 1834 4943 3403 5016; baseline -0.004 -13"><span class='ocrx_word' id='word_1_722' title='bbox 1834 4948 1997 5004; x_wconf 81' lang='lat' dir='ltr'><strong>homo</strong></span> <span class='ocrx_word' id='word_1_723' title='bbox 2062 4963 2228 5012; x_wconf 86' lang='lat' dir='ltr'><strong>vero,</strong></span> <span class='ocrx_word' id='word_1_724' title='bbox 2301 4947 2428 5001; x_wconf 92' lang='lat' dir='ltr'><strong>dum</strong></span> <span class='ocrx_word' id='word_1_725' title='bbox 2492 4946 2759 5016; x_wconf 85' lang='lat' dir='ltr'><strong>graditur,</strong></span> <span class='ocrx_word' id='word_1_726' title='bbox 2836 4959 3070 5014; x_wconf 87' lang='lat' dir='ltr'><strong>superna</strong></span> <span class='ocrx_word' id='word_1_727' title='bbox 3140 4943 3286 4999; x_wconf 84' lang='lat' dir='ltr'><strong>videt</strong></span> <span class='ocrx_word' id='word_1_728' title='bbox 3348 4951 3403 4997; x_wconf 89' lang='lat' dir='ltr'><strong>et</strong></span> 
     </span>
    </p>
   </div>
   <div class='ocr_carea' id='block_1_102' title="bbox 1834 5036 3399 5111">
    <p class='ocr_par' dir='ltr' id='par_1_102' title="bbox 1834 5036 3399 5111">
     <span class='ocr_line' id='line_1_102' title="bbox 1834 5036 3399 5111; baseline -0.006 -13"><span class='ocrx_word' id='word_1_729' title='bbox 1834 5041 2248 5111; x_wconf 87' lang='lat' dir='ltr'><strong>contemplatur.</strong></span> <span class='ocrx_word' id='word_1_730' title='bbox 2283 5038 2386 5094; x_wconf 89' lang='lat' dir='ltr'><strong>Per</strong></span> <span class='ocrx_word' id='word_1_731' title='bbox 2415 5053 2689 5110; x_wconf 88' lang='lat' dir='ltr'><strong>syncopen</strong></span> <span class='ocrx_word' id='word_1_732' title='bbox 2724 5045 2904 5091; x_wconf 86' lang='lat' dir='ltr'><strong>autem</strong></span> <span class='ocrx_word' id='word_1_733' title='bbox 2934 5036 3217 5108; x_wconf 82' lang='grc' dir='ltr'>ἄνθρωπος</span> <span class='ocrx_word' id='word_1_734' title='bbox 3243 5051 3399 5091; x_wconf 87' lang='lat' dir='ltr'><strong>voca-</strong></span> 
     </span>
    </p>
   </div>
   <div class='ocr_carea' id='block_1_103' title="bbox 1839 5127 3405 5200">
    <p class='ocr_par' dir='ltr' id='par_1_103' title="bbox 1839 5127 3405 5200">
     <span class='ocr_line' id='line_1_103' title="bbox 1839 5127 3405 5200; baseline -0.005 -10"><span class='ocrx_word' id='word_1_735' title='bbox 1839 5146 1947 5193; x_wconf 88' lang='lat' dir='ltr'><strong>tur.</strong></span> <span class='ocrx_word' id='word_1_736' title='bbox 1982 5136 2155 5189; x_wconf 92' lang='lat' dir='ltr'><strong>llomo</strong></span> <span class='ocrx_word' id='word_1_737' title='bbox 2190 5149 2408 5188; x_wconf 89' lang='lat' dir='ltr'><strong>rursum</strong></span> <span class='ocrx_word' id='word_1_738' title='bbox 2451 5132 2672 5193; x_wconf 89' lang='lat' dir='ltr'><strong>dicitur,</strong></span> <span class='ocrx_word' id='word_1_739' title='bbox 2734 5129 2878 5200; x_wconf 87' lang='lat' dir='ltr'><strong>quod</strong></span> <span class='ocrx_word' id='word_1_740' title='bbox 2909 5129 3090 5184; x_wconf 89' lang='lat' dir='ltr'><strong>vultus</strong></span> <span class='ocrx_word' id='word_1_741' title='bbox 3127 5127 3246 5198; x_wconf 86' lang='lat' dir='ltr'><strong>ejus</strong></span> <span class='ocrx_word' id='word_1_742' title='bbox 3282 5144 3405 5182; x_wconf 60' lang='lat' dir='ltr'><strong>sure</strong></span> 
     </span>
    </p>
   </div>
   <div class='ocr_carea' id='block_1_104' title="bbox 1788 5221 3402 5296">
    <p class='ocr_par' dir='ltr' id='par_1_104' title="bbox 1788 5221 3402 5296">
     <span class='ocr_line' id='line_1_104' title="bbox 1788 5221 3402 5296; baseline -0.004 -13"><span class='ocrx_word' id='word_1_743' title='bbox 1788 5237 1790 5240; x_wconf 82' lang='lat'>&#39;</span> <span class='ocrx_word' id='word_1_744' title='bbox 1839 5244 1958 5285; x_wconf 92' lang='lat' dir='ltr'><strong>sum</strong></span> <span class='ocrx_word' id='word_1_745' title='bbox 2031 5226 2278 5296; x_wconf 87' lang='lat' dir='ltr'><strong>aspiciat,</strong></span> <span class='ocrx_word' id='word_1_746' title='bbox 2326 5225 2379 5280; x_wconf 91' lang='lat' dir='ltr'><strong>id</strong></span> <span class='ocrx_word' id='word_1_747' title='bbox 2425 5232 2508 5280; x_wconf 82' lang='lat' dir='ltr'><strong>est</strong></span> <span class='ocrx_word' id='word_1_748' title='bbox 2571 5222 2716 5294; x_wconf 89' lang='lat' dir='ltr'><strong>quod</strong></span> <span class='ocrx_word' id='word_1_749' title='bbox 2767 5221 3049 5276; x_wconf 89' lang='lat' dir='ltr'><strong>oculorum</strong></span> <span class='ocrx_word' id='word_1_750' title='bbox 3089 5229 3402 5276; x_wconf 82' lang='lat' dir='ltr'><strong>nostrorum</strong></span> 
     </span>
    </p>
   </div>
   <div class='ocr_carea' id='block_1_105' title="bbox 1835 5315 3404 5396">
    <p class='ocr_par' dir='ltr' id='par_1_105' title="bbox 1835 5315 3404 5396">
     <span class='ocr_line' id='line_1_105' title="bbox 1835 5315 3404 5396; baseline -0.004 -19"><span class='ocrx_word' id='word_1_751' title='bbox 1835 5323 1975 5396; x_wconf 70' lang='lat' dir='ltr'><strong>acie,</strong></span> <span class='ocrx_word' id='word_1_752' title='bbox 2004 5335 2222 5376; x_wconf 88' lang='lat' dir='ltr'><strong>sursum</strong></span> <span class='ocrx_word' id='word_1_753' title='bbox 2252 5318 2604 5389; x_wconf 87' lang='lat' dir='ltr'><strong>aspiciamus.</strong></span> <span class='ocrx_word' id='word_1_754' title='bbox 2637 5315 2843 5370; x_wconf 90' lang='lat' dir='ltr'><strong>Oculus</strong></span> <span class='ocrx_word' id='word_1_755' title='bbox 2875 5315 3020 5369; x_wconf 90' lang='lat' dir='ltr'><strong>enim</strong></span> <span class='ocrx_word' id='word_1_756' title='bbox 3060 5321 3223 5383; x_wconf 89' lang='lat' dir='ltr'><strong>atque</strong></span> <span class='ocrx_word' id='word_1_757' title='bbox 3249 5329 3404 5370; x_wconf 89' lang='lat' dir='ltr'><strong>mens</strong></span> 
     </span>
    </p>
   </div>
   <div class='ocr_carea' id='block_1_106' title="bbox 1836 5405 3402 5482">
    <p class='ocr_par' dir='ltr' id='par_1_106' title="bbox 1836 5405 3402 5482">
     <span class='ocr_line' id='line_1_106' title="bbox 1836 5405 3402 5482; baseline -0.004 -14"><span class='ocrx_word' id='word_1_758' title='bbox 1836 5428 2056 5468; x_wconf 86' lang='lat' dir='ltr'><strong>sursum</strong></span> <span class='ocrx_word' id='word_1_759' title='bbox 2081 5427 2295 5482; x_wconf 79' lang='lat' dir='ltr'><strong>semper</strong></span> <span class='ocrx_word' id='word_1_760' title='bbox 2314 5411 2556 5480; x_wconf 88' lang='lat' dir='ltr'><strong>respicit.</strong></span> <span class='ocrx_word' id='word_1_761' title='bbox 2585 5410 2757 5478; x_wconf 81' lang='lat' dir='ltr'><strong>Atque</strong></span> <span class='ocrx_word' id='word_1_762' title='bbox 2781 5407 2899 5461; x_wconf 88' lang='lat' dir='ltr'><strong>ideo</strong></span> <span class='ocrx_word' id='word_1_763' title='bbox 2923 5407 3118 5461; x_wconf 89' lang='lat' dir='ltr'><strong>dicitur</strong></span> <span class='ocrx_word' id='word_1_764' title='bbox 3139 5405 3402 5467; x_wconf 82' lang='lat' dir='ltr'><strong>deﬁnitio.</strong></span> 
     </span>
    </p>
   </div>
   <div class='ocr_carea' id='block_1_107' title="bbox 1838 5499 3405 5576">
    <p class='ocr_par' dir='ltr' id='par_1_107' title="bbox 1838 5499 3405 5576">
     <span class='ocr_line' id='line_1_107' title="bbox 1838 5499 3405 5576; baseline -0.006 -16"><span class='ocrx_word' id='word_1_765' title='bbox 1838 5506 1964 5576; x_wconf 89' lang='lat' dir='ltr'><strong>quia</strong></span> <span class='ocrx_word' id='word_1_766' title='bbox 2002 5503 2193 5558; x_wconf 88' lang='lat' dir='ltr'><strong>deﬁnit</strong></span> <span class='ocrx_word' id='word_1_767' title='bbox 2239 5513 2292 5557; x_wconf 87' lang='lat' dir='ltr'><strong>et</strong></span> <span class='ocrx_word' id='word_1_768' title='bbox 2337 5501 2621 5557; x_wconf 86' lang='lat' dir='ltr'><strong>abbreviat</strong></span> <span class='ocrx_word' id='word_1_769' title='bbox 2659 5499 3064 5554; x_wconf 88' lang='lat' dir='ltr'><strong>multitudinem</strong></span> <span class='ocrx_word' id='word_1_770' title='bbox 3099 5513 3318 5564; x_wconf 88' lang='lat' dir='ltr'><strong>vocum,</strong></span> <span class='ocrx_word' id='word_1_771' title='bbox 3352 5507 3405 5552; x_wconf 87' lang='lat' dir='ltr'><strong>et</strong></span> 
     </span>
    </p>
   </div>
   <div class='ocr_carea' id='block_1_108' title="bbox 1836 5593 2806 5669">
    <p class='ocr_par' dir='ltr' id='par_1_108' title="bbox 1836 5593 2806 5669">
     <span class='ocr_line' id='line_1_108' title="bbox 1836 5593 2806 5669; baseline -0.002 -19"><span class='ocrx_word' id='word_1_772' title='bbox 1836 5597 2207 5669; x_wconf 77' lang='lat' dir='ltr'><strong>prolixitatem</strong></span> <span class='ocrx_word' id='word_1_773' title='bbox 2237 5594 2506 5649; x_wconf 90' lang='lat' dir='ltr'><strong>orationis</strong></span> <span class='ocrx_word' id='word_1_774' title='bbox 2536 5593 2806 5648; x_wconf 88' lang='lat' dir='ltr'><strong>decurtat.</strong></span> 
     </span>
    </p>
   </div>
   <div class='ocr_carea' id='block_1_109' title="bbox 1904 5683 3408 5757">
    <p class='ocr_par' dir='ltr' id='par_1_109' title="bbox 1904 5683 3408 5757">
     <span class='ocr_line' id='line_1_109' title="bbox 1904 5683 3408 5757; baseline -0.003 -15"><span class='ocrx_word' id='word_1_775' title='bbox 1904 5688 1959 5744; x_wconf 74' lang='grc'><strong>4.</strong></span> <span class='ocrx_word' id='word_1_776' title='bbox 2002 5687 2183 5742; x_wconf 69' lang='lat' dir='ltr'><strong>Multae</strong></span> <span class='ocrx_word' id='word_1_777' title='bbox 2216 5687 2382 5757; x_wconf 84' lang='lat' dir='ltr'><strong>igitur</strong></span> <span class='ocrx_word' id='word_1_778' title='bbox 2420 5693 2584 5756; x_wconf 88' lang='lat' dir='ltr'><strong>atque</strong></span> <span class='ocrx_word' id='word_1_779' title='bbox 2616 5686 3077 5740; x_wconf 56' lang='lat' dir='ltr'><strong>innumera-{sunt</strong></span> <span class='ocrx_word' id='word_1_780' title='bbox 3108 5683 3408 5754; x_wconf 87' lang='lat' dir='ltr'><strong>cujuscun-</strong></span> 
     </span>
    </p>
   </div>
   <div class='ocr_carea' id='block_1_110' title="bbox 1835 5777 3408 5854">
    <p class='ocr_par' dir='ltr' id='par_1_110' title="bbox 1835 5777 3408 5854">
     <span class='ocr_line' id='line_1_110' title="bbox 1835 5777 3408 5854; baseline -0.003 -18"><span class='ocrx_word' id='word_1_781' title='bbox 1835 5797 1943 5854; x_wconf 87' lang='lat' dir='ltr'><strong>que</strong></span> <span class='ocrx_word' id='word_1_782' title='bbox 1974 5780 2050 5837; x_wconf 88' lang='lat' dir='ltr'><strong>rei</strong></span> <span class='ocrx_word' id='word_1_783' title='bbox 2083 5779 2446 5837; x_wconf 84' lang='lat' dir='ltr'><strong>deﬁnitiones.</strong></span> <span class='ocrx_word' id='word_1_784' title='bbox 2475 5778 2555 5834; x_wconf 77' lang='lat' dir='ltr'><strong>Ex</strong></span> <span class='ocrx_word' id='word_1_785' title='bbox 2576 5777 2766 5835; x_wconf 79' lang='lat' dir='ltr'><strong>multis</strong></span> <span class='ocrx_word' id='word_1_786' title='bbox 2798 5787 2976 5834; x_wconf 81' lang='lat' dir='ltr'><strong>autem</strong></span> <span class='ocrx_word' id='word_1_787' title='bbox 3007 5793 3213 5849; x_wconf 84' lang='lat' dir='ltr'><strong>paucas</strong></span> <span class='ocrx_word' id='word_1_788' title='bbox 3247 5785 3408 5846; x_wconf 81' lang='lat' dir='ltr'><strong>atque</strong></span> 
     </span>
    </p>
   </div>
  </div>
