4066 6388
507 336 612 392 535
646 304 649 307 ’

1666 326 1724 381 S.
1765 321 2223 383 ATHANASIUS.
2266 349 2334 360 ——
2375 313 2645 374 SPUBIA.

3645 290 3752 350 536

504 460 878 511 accuratiores
903 461 1120 524 propter
1143 450 1429 505 hominum
1456 444 2070 514 lnertiamcolligemus.

2188 438 2472 509 σιωτέρους
2525 433 2847 502 ὲντάττομεν
2885 425 2973 480 διὰ
3115 419 3357 524 ῥᾴθυμον
3384 412 3493 520 τῶν
3538 407 3751 524 allapsi-

504 500 878 511 "'—'—"v"'
904 500 1111 524 I'"I'"'
1145 500 1428 505 """"""“
1457 500 1492 502 “
1526 500 1557 502 "
1585 500 1592 503 ’
1778 500 1814 504 ν’
1862 500 1892 514 υ

504 544 777 601 Craterum
825 541 956 597 illud
996 539 1276 597 sciendum
1326 553 1390 593 ac
1436 551 1536 607 pro
1583 541 1735 591 certo
1770 531 2080 587 habendum

2188 502 2324 584 πων.
2347 500 2499 598 ’Πλὴν
2530 523 2688 579 τοῦτο
2706 500 2974 591 γνωστέον
2989 515 3082 569 καὶ
3103 507 3440 573 πιστευτέον,
3465 505 3546 558 ὅτι
3572 500 3755 606 όφιλο-

398 611 417 633 .
505 643 612 698 est,
649 640 773 689 eum
801 632 892 703 qui
929 630 1119 687 sedulo
1160 644 1344 684 rerum
1374 627 1722 682 deﬁnitiones
1749 623 1896 686 edat,
1921 621 2083 678 facile

505 740 670 795 posse
703 725 976 785 rhetores,
1009 729 1175 793 atque
1209 721 1474 774 facundos
1500 727 1770 781 oratores,
1802 715 1857 769 in
1896 714 2085 783 dispu-

509 818 810 872 tationibus
857 814 1179 884 reprimere.
1227 812 1364 866 Nam
1421 811 1466 866 si
1516 810 1906 878 interrogatus,
1952 802 2084 875 quid

507 909 581 963 sit
617 908 896 973 deﬁnitio,
942 921 1114 976 quare
1151 905 1368 961 dicatur
1408 902 1687 968 deﬁnitio,
1726 909 1860 971 quot
1908 898 2084 953 modis

509 999 844 1069 intelligatur
871 996 1148 1060 deﬁnitio,
1181 997 1385 1052 haereat
1434 992 1783 1049 adversarius
1812 1009 1827 1059 ;
1877 989 2086 1060 pudore

507 1088 664 1162 quasi
694 1089 826 1144 nihil
857 1090 994 1145 sciat
1023 1088 1303 1144 aﬁicietur.

577 1181 632 1238 5.
664 1180 791 1236 Tria
843 1188 973 1236 sunt
1019 1180 1322 1236 secundum
1372 1177 1732 1234 substantiam
1770 1172 2085 1230 hominibus

511 1273 697 1349 ignota
746 1281 800 1328 et
831 1271 1136 1336 indeﬁnite,
1170 1270 1337 1335 Deus,
1377 1270 1603 1339 angelus
1639 1275 1692 1323 et
1732 1268 1932 1330 anima,
1965 1277 2087 1335 quae

508 1371 640 1435 sunt
673 1364 976 1419 secundum
1012 1362 1378 1419 substantiam
1416 1361 1519 1416 soli
1550 1359 1660 1414 Deo
1687 1368 1837 1415 nota.

579 1452 721 1519 Quid
768 1464 855 1509 est
906 1453 1140 1519 ﬁnitum,
1181 1453 1312 1523 quid
1355 1452 1647 1513 inﬁnitum,
1678 1450 1808 1521 quid
1848 1447 2083 1513 diﬁicile,

507 1545 640 1616 quid
682 1544 841 1601 facile
884 1544 1410 1601 deﬁnitu?Finitum
1454 1554 1560 1610 est,
1609 1545 1752 1615 quod
1794 1557 1924 1599 suos
1969 1547 2110 1611 ια’-η

509 1636 690 1690 minos
736 1650 844 1720 non
888 1636 1121 1703 excedit,
1158 1643 1217 1689 ut
1245 1637 1483 1700 cmlnm,
1550 1646 1715 1697 terra,
1760 1647 1931 1695 mare,
1967 1645 2088 1701 qua:

511 1743 645 1789 suos
696 1728 962 1783 terminos
1010 1744 1118 1782 non
1176 1727 1594 1785 transcendunt.
1659 1727 1932 1782 Inﬁnitum
1979 1730 2083 1788 est,

2184 622 2361 684 πόνως
2378 593 2631 690 πράττων
2655 614 2779 676 τοὺς
2806 612 2964 683 ὅρους
2994 607 3227 680 ῥήτορας
3240 600 3336 656 καὶ
3366 598 3571 658 δεινοὺς
3591 593 3755 646 πολυ-

2182 713 2375 783 λὸγους
2396 711 2681 780 δυνήσεται
2712 701 2950 774 εὐχερῶς
2989 703 3048 754 ὲν
3069 699 3189 760 ταῖς
3213 693 3508 760 διαλέξεσιν
3533 691 3752 783 ἐπιστοῖ-

2188 777 2384 876 μίζειν.
2416 777 2583 854 Ὅταν
2599 797 2707 870 γὰρ
2724 792 3037 865 ἐρωτηθεὶς,
3066 789 3118 842 τί
3150 790 3296 841 ἐστιν
3315 785 3466 856 ὅρος;
3500 782 3593 876 παὶ
3615 777 3756 876 κατὰ

2182 871 2236 949 τί
2268 895 2482 967 εἴρηται
2511 892 2669 963 ὃροςς
2696 888 2789 940 καὶ
2817 882 3026 954 ὁσαχῶς
3071 882 3264 935 νοεῖται
3294 877 3419 948 ὄρος
3443 890 3458 939 ;
3491 871 3756 967 ἀπρρὴσει

2183 989 2213 1040 ὁ
2244 985 2305 1052 ἐξ
2324 960 2581 1045 ’ἐναντίας
2617 979 2752 1051 πρὸς
2783 976 2974 1040 ταῦτα,
3003 973 3097 1028 καὶ¹
3133 967 3548 1036 καταισχύνεται
3571 960 3756 1016 λοιπὸν

2185 1079 2262 1142 ὡς
2299 1077 2461 1149 μηδὲν
2488 1073 2867 1143 ἐπιστάμενος.

2257 1142 2310 1223 5.
2345 1142 2485 1236 Τρία
2516 1165 2622 1218 εἰσὶ
2645 1164 2764 1217 κατ’
2791 1160 2978 1215 οὐσίαν
2992 1155 3299 1229 ἀνθρώποις
3330 1149 3639 1221 ἀγνώριστα
3661 1142 3760 1200 καὶ

2185 1259 2432 1331 ἀόριστα,
2489 1255 2639 1318 Θεὸς,
2666 1252 2912 1321 ἄγγελος,
2940 1250 3035 1304 καὶ
3084 1245 3253 1318 ψυχὴ,
3304 1243 3447 1316 μόνῳ
3484 1238 3604 1310 Θεῷ
3636 1236 3756 1291 κατ’

2185 1351 2372 1404 οὐσίαν
2399 1346 2789 1417 γνωριζόμενα.

2256 1442 2322 1495 Τί
2358 1443 2505 1492 ἐστιν
2557 1436 2803 1508 όριστόν;
2860 1434 2954 1489 καὶ
2995 1433 3048 1486 τί
3086 1430 3373 1502 ἁὸριστονς
3413 1425 3507 1480 καὶ
3525 1424 3576 1477 τί
3606 1422 3760 1476 δυσό-

2189 1548 2406 1605 ριστον;
2439 1530 2534 1582 καὶ
2577 1528 2629 1581 τί
2661 1527 2971 1598 εὐόριστονς
3011 1522 3255 1595 Ὀριστόν
3282 1520 3428 1571 ἐστιν
3459 1511 3761 1584 ἀνυπέρϐα-

2186 1642 2277 1688 τος
2297 1622 2516 1684 στάσις·
2545 1613 2655 1673 οἷον
2687 1620 2716 1671 ὁ
2752 1617 2979 1688 οὐρανὸς
3009 1613 3105 1668 καὶ
3126 1615 3160 1684 ἡ
3187 1612 3281 1682 γῆ,
3313 1608 3407 1663 καὶ
3429 1610 3463 1679 ὴ
3492 1605 3757 1670 θάλασσα,

2187 1722 2220 1790 ἡ
2254 1718 2379 1779 τοὺς
2402 1716 2559 1787 ὄρους
2586 1712 2753 1782 αὐτῆς
2788 1710 2862 1780 μὴ
2894 1705 3311 1779 ὑπερϐαίνουσα.
3349 1697 3621 1771 Ἀόριστόν
3644 1698 3761 1750 ἐστι

514 1821 695 1885 solum
768 1820 900 1879 illud
948 1820 1091 1890 quod
1142 1820 1441 1875 increalum
1496 1826 1602 1882 est,
1657 1818 1864 1872 scilicet
1917 1813 2080 1868 Deus.

2188 1806 2245 1858 τὸ
2282 1807 2439 1876 μόνον
2498 1805 2771 1868 ἄκτιστον,
2807 1803 2836 1855 ὁ
2863 1800 3015 1863 Θεός.
3063 1794 3384 1867 Δυσόριστόν
3415 1795 3530 1845 ἐστι
3560 1790 3622 1890 τὸ
3645 1804 3761 1841 κτι-

513 1908 740 1969 υ.ίῐὶοί1ε
770 1908 996 1964 deﬁnitu
1040 1918 1145 1972 est,
1190 1910 1335 1979 quod
1376 1918 1620 1965 creatum
1660 1918 1712 1963 et
1747 1905 2084 1961 indeﬁnitum

510 2009 613 2065 est,
644 2001 950 2071 cujnsmodi
984 2010 1068 2057 est
1095 2002 1343 2072 angelus.
1368 2003 1570 2066 anima,
1590 2001 1800 2055 daemon
1823 2018 1836 2053 :
1862 2006 1955 2052 aut
1977 1994 2087 2050 dif-

514 2091 653 2145 ﬁcile
678 2090 906 2145 deﬁnitu
942 2098 1046 2156 est,
1076 2089 1224 2161 quod
1272 2105 1386 2144 non
1423 2089 1672 2154 omnino,
1709 2089 1804 2144 sed
1836 2103 1904 2142 ex
1934 2091 2089 2157 parte

512 2194 722 2241 tantum
751 2185 1116 2256 cognoscitur,
1178 2185 1341 2255 quale
1371 2192 1454 2239 est
1485 2185 1692 2255 lignum
1727 2166 1872 2238 vitae.
1908 2178 2090 2234 Facile

510 2276 741 2332 deﬁnitu
783 2283 889 2339 est,
926 2275 1074 2345 quod
1122 2282 1499 2330 contrectatur
1534 2282 1590 2329 et
1627 2270 1991 2342 conspicitur,
2029 2272 2090 2320 ut

511 2365 668 2440 panis
693 2372 748 2420 et
775 2363 995 2420 similia.

579 2454 634 2511 6.
702 2455 843 2522 Quid
889 2466 975 2511 est
1036 2452 1214 2509 Deus?
1263 2460 1317 2508 et
1362 2451 1662 2506 secundum
1703 2451 1836 2523 quid
1890 2452 2091 2508 dicitur

513 2546 693 2602 Deus?
727 2556 783 2601 et
823 2555 957 2616 quot
1005 2545 1184 2600 modis
1229 2542 1551 2612 intelligitur
1603 2542 1785 2598 Deus?
1826 2541 1970 2598 Dens
2004 2550 2091 2603 est

513 2637 819 2695 substantia
871 2639 991 2693 sine
1043 2652 1246 2699 causa,
1327 2635 1507 2690 omnis
1564 2634 1882 2690 substantia:
1923 2649 2090 2690 causa

512 2729 1077 2800 supersubstantialis.
1105 2727 1314 2782 Dicitur
1334 2734 1515 2781 autem
1537 2725 1667 2789 Θεὸς
1687 2726 1795 2779 ἀπὸ
1809 2724 1902 2779 τοῦ
1925 2725 2087 2791 θέειν,

517 2820 573 2874 id
599 2828 705 2885 est,
738 2835 768 2874 a
797 2819 1092 2878 currendo.
1135 2819 1346 2874 Cursus
1372 2827 1555 2873 autem
1591 2817 1683 2873 ille
1728 2832 1841 2872 non
1882 2817 2090 2872 intelli-

514 2912 721 2987 gendus
746 2911 813 2967 de
840 2912 1075 2971 transitu
1100 2927 1166 2966 ex
1189 2909 1429 2983 quodam
1459 2911 1579 2964 loco
1607 2910 1662 2963 in
1686 2909 1851 2964 alium
1873 2909 2087 2977 locum;

514 3002 610 3059 sed
662 3003 729 3058 de
773 3001 869 3057 Dei
920 3002 1262 3073 providentia
1310 3008 1366 3056 et
1413 3001 1731 3070 operatione
1785 3015 1907 3070 qua:
1965 3015 2089 3066 per-

515 3094 666 3155 vadit
686 3095 892 3151 omnia.
919 3093 1037 3159 γει,
1069 3094 1178 3148 ἀπὸ
1205 3092 1298 3147 τοῦ
1330 3090 1523 3155 αἴθειν,
1555 3092 1610 3147 id
1632 3100 1736 3158 est,
1762 3092 1832 3147 ab
1857 3092 2085 3156 urendo,

2190 1897 2313 1951 στὸν
2347 1899 2442 1951 καὶ
2471 1898 2719 1968 ἀόριστον
2738 1912 2752 1926 ·
2785 1888 2894 1947 οἷον
2928 1890 3178 1960 ἄγγελος,
3207 1886 3376 1957 ψυχὴ,
3405 1884 3499 1937 καὶ
3526 1880 3754 1951 δαίμων·

2188 1986 2221 2058 ἦ
2282 1985 2592 2058 δυσόριστόν
2626 1986 2742 2038 ἐστι
2772 1982 2835 2035 τὸ
2872 1982 2945 2052 μὴ
2994 1978 3245 2041 καθόλου,
3284 1974 3396 2029 ἀλλ’
3443 1974 3508 2025 ὲκ
3557 1970 3760 2041 μέρους

2188 2080 2618 2148 γινωσκόμενον·
2676 2071 2787 2131 οἷον
2835 2075 2896 2128 τὸ
2938 2074 3091 2139 ξύλον
3116 2071 3215 2143 τῆς
3260 2067 3429 2138 ζωῆς.
3469 2062 3759 2136 Εὐόριστόν

2190 2172 2306 2223 ἐστι
2335 2169 2397 2222 τὸ
2436 2167 2833 2240 ψηλαφώμενον
2861 2165 2956 2220 καὶ
3004 2159 3405 2234 θεωρούμενον·
3441 2148 3551 2208 οἷον
3598 2154 3762 2223 ἄρτος

2189 2263 2280 2321 καὶ
2311 2261 2379 2316 τὰ
2410 2261 2593 2332 ὅμοια.

2261 2461 2314 2515 6.
2347 2461 2412 2514 Τί
2445 2462 2560 2514 ἐστι
2618 2459 2789 2524 Θεός;
2840 2459 2935 2513 καὶ
2966 2457 3108 2511 κατὰ
3141 2454 3194 2509 τί
3229 2454 3439 2525 εἴρηται
3471 2449 3639 2515 Θεός;
3668 2447 3765 2503 καὶ

2187 2552 2398 2622 ὁσαχῶς
2418 2555 2621 2606 νοεῖται
2653 2552 2818 2615 Θεός’;
2852 2551 2984 2614 Θεὸς
3015 2548 3113 2621 μέν
3164 2548 3310 2600 ἐστιν
3334 2544 3493 2598 οὐσία
3522 2542 3763 2607 ἀναίτιος

2191 2645 2285 2697 καὶ
2322 2644 2504 2714 πάσης
2522 2643 2711 2708 οὐσίας
2738 2644 2886 2697 αιτία
2902 2639 3225 2712 ὑπερούσιος
3248 2655 3260 2668 ·
3297 2635 3392 2690 καὶ
3411 2635 3631 2704 λέγεται
3655 2631 3764 2687 ἀπὸ

2189 2733 2284 2789 τοῦ
2346 2734 2513 2799 θέειν,
2537 2735 2653 2805 ἦτοι
2708 2734 2941 2806 τρέχειν.
2972 2731 3046 2784 Τὸ
3087 2729 3299 2800 τρέχειν
3324 2726 3380 2779 δὲ
3413 2724 3487 2797 μὴ
3520 2723 3619 2795 τὴν
3657 2722 3764 2776 ἀπὸ

2189 2827 2354 2881 τόπου
2405 2826 2623 2898 νοητέον
2685 2826 2766 2887 είς
2823 2824 2987 2877 τόπον
3022 2819 3336 2892 μετάϐασιν,
3387 2816 3525 2870 ἀλλὰ
3566 2816 3627 2868 τὸ
3666 2812 3764 2884 τὴν

2191 2918 2446 2991 προνοίαν
2471 2916 2564 2970 τοῦ
2604 2915 2738 2968 Θεοῦ
2765 2916 2859 2969 καὶ
2883 2912 2981 2985 τὴν
3016 2913 3296 2983 ἐνέργειαν
3325 2909 3417 2963 ἐπὶ
3442 2907 3621 2961 πάντα
3651 2905 3766 2976 διή-

2190 3027 2306 3064 κειν
2328 3027 2341 3039 ·
2371 3010 2405 3079 ἢ
2436 3008 2543 3061 ἀπὸ
2567 3009 2658 3062 τοῦ
2691 3006 2862 3060 αἴθειν
2890 3006 3007 3076 ἦτοι
3053 3003 3227 3058 καίειν
3247 3020 3260 3034 ·
3296 3002 3330 3072 ἢ
3364 3000 3472 3055 ἀπὸ
3502 2998 3597 3053 τοῦ
3631 2999 3766 3052 θεω-

2194 3105 2306 3173 ρεῖν
2338 3101 2406 3155 τὰ
2438 3100 2645 3154 πάντα·
2684 3098 2833 3152 οὐδὲν
2858 3097 2968 3169 γὰρ
2998 3095 3105 3149 τῶν
3133 3095 3300 3148 ὄντων
3328 3093 3427 3164 τὴν
3464 3090 3766 3161 ἐποπτικὴν

513 3187 601 3243 vel
628 3188 736 3253 ἀπὸ
769 3186 862 3241 τοῦ
892 3186 1136 3265 θεωρεῖν,
1169 3186 1224 3245 id
1249 3197 1334 3243 est
1363 3186 1509 3258 quod
1535 3186 1845 3256 speculetur
1875 3186 2083 3241 omnia.

2191 3160 2356 3246 αὑτοῦ
2409 3191 2687 3261 διαφεύγει
2713 3160 2961 3260 δύναμιν..
2993 3186 3203 3251 Δισσῶς
3227 3185 3285 3239 δὲ
3324 3160 3541 3252 λέγεται
3566 3185 3600 3251 ἠ
3634 3160 3765 3245 Θεὸς

519 3278 668 3339 niihil
707 3278 908 3349 quippe
945 3292 1151 3341 rerum,
1203 3275 1325 3347 ejus
1369 3276 1686 3347 speculandi
1714 3276 1819 3330 vim
1853 3274 2091 3345 eﬁ'ugere

515 3368 678 3428 valet.
710 3367 931 3425 Duobus
974 3377 1155 3424 autem
1200 3368 1375 3424 modis
1435 3384 1541 3423 vox
1589 3368 1684 3423 illa
1725 3366 1869 3423 Deus
1929 3383 2091 3423 usur-

517 3471 676 3531 patur
703 3461 760 3515 in
790 3462 973 3516 divina
1007 3460 1290 3531 Scriptura
1323 3477 1340 3527 ;
1371 3459 1631 3514 nimirum
1662 3467 1858 3513 natura
1885 3466 1938 3514 et
1969 3475 2092 3529 gra-

516 3556 592 3609 tia
628 3572 642 3608 :
675 3551 819 3610 Deus
858 3552 1076 3623 quidem
1106 3559 1304 3607 natura
1332 3559 1387 3607 et
1420 3552 1727 3607 substantia
1774 3560 1859 3607 est
1900 3550 2088 3619 Deus;

513 3646 689 3716 gratia
720 3653 903 3700 autem
947 3653 1003 3701 et
1036 3638 1328 3715 adoptione
1352 3644 1489 3716 justi
1520 3660 1738 3716 quoque
1779 3644 1857 3700 dii
1896 3646 2091 3700 dicun-

514 3744 622 3791 tur.
651 3732 744 3789 Ait
766 3735 910 3789 enim
954 3734 1236 3803 Scriptura
1278 3749 1291 3785 :
1330 3751 1350 3784 ι
1396 3731 1509 3803 Ego
1536 3733 1647 3787 dixi
1679 3751 1693 3787 :
1727 3732 1809 3787 Dii
1836 3734 1970 3798 est-is
1991 3773 2006 3797 ,
2036 3741 2090 3788 et

513 3827 609 3881 ﬁlii
651 3826 921 3893 Altissimi
945 3826 1007 3880 ε’.
1050 3824 1311 3891 iDicitur
1367 3833 1547 3881 autem
1582 3812 1763 3888 Pater,
1791 3824 1895 3899 vel,
1933 3826 2089 3895 quasi

511 3919 580 3971 τὰ
618 3918 795 3983 πάντα
849 3917 1056 3992 τηρῶν,
1106 3915 1162 3971 id
1207 3925 1314 3983 est,
1364 3916 1547 3970 omnia
1599 3929 1954 3980 conservans,
2006 3915 2089 3970 vel

512 4007 667 4077 quasi
701 4008 895 4073 παῖδας
926 4005 1130 4080 τηρῶν,
1160 4006 1215 4061 id
1248 4014 1353 4074 est,
1388 4005 1640 4076 preprios
1681 4003 1821 4066 ﬁlios
1868 4020 2093 4060 conser-

511 4114 646 4155 vans
675 4105 728 4152 et
756 4097 1091 4152 conﬁrmans
1116 4097 1274 4167 quasi
1317 4107 1475 4166 pater
1509 4112 1523 4151 :
1556 4095 1729 4153 Filius
1763 4111 1927 4179 porro
1954 4097 2092 4152 dici-

512 4197 622 4252 tur,
657 4186 812 4258 quasi
842 4187 995 4241 dicas
1028 4205 1042 4240 :
1083 4185 1271 4253 Qualis
1313 4183 1475 4240 Pater
1506 4184 1807 4249 secundum
1836 4185 2090 4241 substan-

513 4283 670 4343 tiam,
707 4280 836 4335 talis
879 4287 964 4335 est
992 4278 1166 4335 Filius
1197 4297 1218 4352 ;~
1253 4278 1367 4335 sive
1396 4293 1461 4333 ex
1498 4277 1743 4343 increato
1786 4276 2086 4340 increatus,

510 4374 626 4430 sive
647 4389 714 4428 ex
735 4372 950 4426 mortali
979 4372 1246 4427 mortalis.
1270 4370 1495 4442 Πνεῦμα
1525 4377 1704 4423 autem
1736 4383 1833 4424 seu
1865 4369 2092 4439 spiritus

508 4465 731 4532 dicitur,
772 4464 951 4535 quasi,
998 4465 1179 4519 omnis
1229 4470 1419 4531 nutus,
1463 4462 1727 4519 velociter
1777 4460 1921 4516 enim
1977 4462 2090 4515 cir-

2192 3282 2533 3354 προσηγορία
2564 3281 2717 3351 παρὰ
2756 3283 2822 3351 τῇ
2845 3279 2968 3350 θείᾳ
2997 3268 3209 3349 Γραφῇ,
3244 3277 3402 3346 φύσει
3435 3275 3529 3328 καὶ
3558 3274 3761 3345 χάριτι.

2200 3374 2260 3428 'U
2309 3376 2406 3445 μὲν
2448 3374 2579 3437 Θεὸς
2627 3373 2787 3443 φύσει
2833 3373 2925 3426 καὶ⁸
2950 3371 3107 3442 οὐσίᾳ
3144 3370 3263 3423 sati.
3294 3368 3459 3430 Θεός·
3495 3367 3678 3439 χάριτι
3708 3364 3765 3418 δὲ

2190 3466 2283 3519 καὶ
2338 3466 2480 3519 θέσει
2537 3465 2786 3534 λέγονται
2837 3464 2948 3518 θεοὶ
2975 3464 3068 3517 καὶ
3109 3465 3157 3515 οἱ
3184 3462 3399 3515 δίκαιοι.
3434 3460 3544 3512 Καὶ
3568 3458 3678 3530 γὰρ
3728 3459 3763 3529 ἡ

2189 3555 2380 3628 Γραφὴ
2407 3555 2586 3624 λέγει·
2624 3573 2643 3606 ι
2699 3552 2840 3623 Ἐγὼ
2868 3549 3027 3608 εἶπα·
3062 3551 3184 3605 Θεοί
3205 3553 3326 3603 ἐστε
3355 3550 3450 3601 καὶ
3477 3548 3584 3601 υἱοὶ
3616 3545 3767 3615 Ὑψί-

2190 3664 2338 3702 στου.
2378 3667 2397 3700 ›
2430 3648 2662 3720 Εἴρηται
2706 3648 2764 3701 δὲ
2807 3647 3016 3718 Πατὴρ,
3056 3647 3090 3718 ἢ
3133 3644 3210 3708 ῶς
3238 3644 3309 3697 τὰ
3341 3642 3517 3696 πάντα
3558 3639 3765 3715 τηρῶν,

2189 3740 2222 3812 ἢ
2250 3741 2324 3802 ὡς
2376 3742 2503 3805 τοὺς
2544 3742 2781 3804 οίκείους
2822 3740 3017 3803 παῖδας
3057 3738 3239 3811 τηρῶν
3262 3739 3355 3791 καὶ
3384 3736 3654 3807 στηρίζων
3680 3728 3766 3788 οἷα

2190 3832 2393 3903 πατήρ.
2428 3833 2556 3897 Υἱὸς
2587 3832 2642 3885 δὲ
2664 3833 2901 3900 λέγεται,
2930 3831 3004 3895 ὡς
3031 3830 3096 3885 ἂν
3128 3832 3330 3894 εἴποις·
3360 3823 3484 3892 Οἴος
3504 3828 3533 3880 ὁ
3573 3824 3765 3898 Πατὴρ

2188 3922 2289 3994 τὴν
2334 3924 2540 3989 οὐσίαν,
2595 3922 2835 3987 τοιοῦτος
2876 3923 2970 3977 καὶ
3018 3924 3046 3975 ὸ
3078 3923 3242 3986 Υἱός·
3273 3923 3379 3975 εἴτε
3427 3919 3485 3986 ἐξ
3509 3919 3764 3973 ἀκτίστου

2190 4011 2462 4081 ἄκτιστος,
2489 4013 2598 4067 εἴτε
2626 4017 2689 4068 ὲκ
2715 4013 2908 4085 θνητοῦ
2940 4012 3151 4082 θνητός.
3180 4008 3404 4080 Πνεῦμα
3434 4009 3492 4062 δὲ
3526 4008 3760 4080 εἴρηται,

2171 4102 2388 4179 ,ὡσανεὶ
2422 4106 2530 4157 πᾶν
2563 4105 2758 4176 νεῦμα,
2786 4105 2950 4172 ὀξέως
2983 4104 3158 4174 πάντη
3187 4100 3340 4156 νεῦον
3381 4100 3477 4154 καὶ
3507 4098 3762 4169 κινούμε-

2189 4210 2299 4247 νον.
2324 4185 2554 4265 Εἴρηται
2585 4194 2642 4249 δὲ
2682 4196 2900 4267 πνεῦμα
2930 4198 2988 4248 ὲν
3017 4197 3082 4266 τῇ
3101 4193 3222 4264 θείᾳ
3246 4190 3433 4264 Γραφῇ
3463 4188 3761 4260 τετραχῶς,

2190 4284 2416 4355 Πνεῦμα
2467 4284 2528 4339 τὸ
2572 4285 2745 4354 ἅγιον,
2807 4286 3025 4358 πνεῦμα
3075 4288 3103 4340 ὁ
3151 4283 3399 4354 ἅγγελος,
3465 4280 3684 4352 πνεῦμα
3723 4278 3759 4350 ὴ

2188 4374 2355 4446 ψυχὴ,
2390 4377 2606 4448 πνεῦμα
2643 4377 2842 4449 ἄνεμος
2864 4395 2877 4409 ·
2901 4377 3016 4431 ἐστι
3037 4378 3081 4431 δ’
3104 4378 3193 4430 ὅτε
3218 4374 3369 4466 κα).σὸ
3395 4372 3520 4435 νοῦς
3551 4372 3762 4443 εἴρηται

2192 4486 2429 4539 πνευμα.

509 4573 855 4630 cumquaque
903 4565 1170 4613 ωονειυτο
1234 4554 1472 4628 Spiritus
1517 4570 1682 4625 porro
1738 4553 2088 4625 quadruplici
2131 4557 2292 4631 194
2317 4561 2524 4616 ratione
2559 4562 2614 4617 in
2648 4562 2833 4618 divina
2865 4560 3147 4632 Scriptura
3201 4565 3522 4630 usurpatur,
3592 4550 3764 4624 Spiri-

510 4659 600 4714 lus
664 4662 926 4718 sanans.
984 4651 1212 4723 ερὶτίιυε
1269 4651 1517 4722 8.1188103.
1587 4648 1817 4722 ερίτὶιιιε
1901 4649 2121 4715 allima.
2198 4654 2426 4723 spiritus
2474 4665 2719 4726 ventus;
2776 4658 2888 4712 imo
2941 4655 3269 4728 quandoque
3328 4666 3485 4707 mens
3536 4648 3762 4719 spiritus

512 4750 755 4802 vocatur.

578 4834 633 4895 7.
691 4834 1095 4905 Sempiternum
1143 4844 1248 4899 est,
1290 4835 1435 4905 quod
1491 4848 1709 4903 semper
1756 4841 1958 4887 manet.
2024 4831 2088 4886 Et

2265 4837 2316 4890 7.
2378 4838 2569 4892 ’Λῖδιόν
2630 4842 2746 4893 ἐστι
2777 4841 2839 4893 τὸ
2883 4839 2971 4893 ἀεὶ
2992 4839 3195 4907 διάγον.
3227 4835 3337 4889 Καὶ
3372 4833 3435 4887 τὸ
3469 4833 3568 4905 μὲν
3593 4833 3761 4887 ἀΐδιον

508 4927 651 5003 quod
678 4936 944 4983 (eternium
979 4934 1085 4990 est,
1123 4942 1234 4982 non
1272 4926 1456 4981 statim
1493 4926 1613 4981 sine
1650 4923 1919 4994 principio
1962 4939 2085 4980 esse

2191 4930 2250 4982 οὐ
2283 4929 2500 4998 λέγεται
2554 4932 2648 4985 καὶ
2676 4932 2939 5003 ἄναρχον·
2968 4931 3029 4984 τὸ
3059 4930 3123 4984 δὲ.
3146 4929 3381 4999 ἄναρχον
3416 4926 3638 4994 λέγεται
3671 4924 3764 4978 καὶ

507 5019 757 5081 dicitur;
812 5019 911 5075 sed
966 5019 1112 5089 quod
1169 5018 1289 5074 sine
1350 5016 1621 5088 principio
1680 5021 1763 5069 cst
1820 5022 2083 5069 mternum

2188 5024 2375 5078 ἀΐδιον.
2405 5026 2670 5097 Ἀναρχον
2693 5025 2749 5079 δὲ
2773 5024 2986 5093 λέγεται
3015 5024 3075 5077 τὸ
3107 5022 3180 5094 μὴ
3212 5021 3332 5092 ἔχον
3369 5021 3543 5093 ἀρχήν
3561 5036 3577 5051 ·
3611 5019 3765 5074 τοῦτο

506 5110 725 5171 dicilur.
754 5108 821 5171 Ει
861 5109 980 5166 Sine
1021 5108 1291 5181 Ρτίηοίρίο
1325 5106 1531 5161 diem"
1561 5104 1706 5175 (μιοά
1751 5104 2082 5175 Ρτίηθίρίυιη
2186 5116 2244 5170 δέ
2270 5118 2416 5170 ἐστιν
2441 5117 2469 5168 ό
2505 5117 2655 5180 Θεός.
2685 5118 2776 5170 Διὸ
2801 5118 2895 5171 καὶ
2931 5117 3164 5188 ἄναρχος
3198 5100 3414 5183 λέγεται
3446 5114 3542 5165 καὶ
3572 5113 3761 5175 ἀΐδιος,

502 5220 612 5258 non
642 5203 827 5267 habet,
862 5201 978 5258 Hoc
1020 5208 1201 5256 autem
1239 5198 1385 5255 Deus
1425 5209 1531 5255 est.
1564 5198 1744 5265 Quare
1782 5197 1900 5252 sine
1931 5197 2082 5266 prin-

2188 5208 2462 5262 τουτέστιν
2501 5209 2871 5280 ἀτελεύτητος.
2916 5210 2978 5262 0i
3001 5208 3058 5261 δὲ
3104 5207 3325 5277 ἄγγελοι
3363 5204 3456 5259 καὶ
3496 5204 3555 5258 αἱ
3595 5200 3762 5273 ψυχαὶ

503 5294 648 5365 cipio
672 5301 728 5350 et
761 5295 1131 5366 sempiternus
1162 5292 1253 5347 ille
1291 5290 1516 5355 dicitur,
1546 5291 1652 5345 hoc
1681 5298 1765 5345 est
1803 5289 1922 5343 sine
1955 5286 2079 5342 ﬁne.

2188 5297 2244 5349 οὐ
2306 5297 2562 5365 λέγονται
2593 5299 2852 5370 ἄναρχοι·
2898 5298 3070 5371 ἀρχὴν
3116 5297 3225 5366 γὰρ
3254 5293 3445 5370 ἔλαϐον
3482 5292 3579 5346 καὶ
3620 5290 3763 5346 ἐκτί-

504 5385 691 5455 Angeli
730 5401 861 5442 vero
892 5395 947 5441 et
972 5386 1168 5443 animae
1199 5399 1308 5437 non
1337 5381 1597 5436 dicuntur
1621 5382 1740 5437 sine
1767 5379 2037 5449 principio
2062 5392 2077 5429 :

2188 5387 2390 5457 σθησαν
2420 5390 2572 5460 παρὰ
2619 5389 2776 5443 Θεοῦ.
2812 5388 3071 5458 Λέγονται
3111 5387 3167 5444 δὲ
3203 5386 3368 5451 ἀΐδια,
3407 5383 3597 5455 ἐπειδὴ
3627 5381 3760 5455 μὲλ-

506 5470 829 5548 [ὶινίιιοίρίιιηι
884 5492 1120 5548 namque
1172 5482 1502 5545 acceperunt
1566 5481 1622 5528 et
1672 5471 1842 5527 creati
1889 5477 2018 5524 sunt
2053 5482 2085 5523 a

2188 5479 2365 5534 λουσιν
2396 5480 2638 5537 ἀθάνατα
2667 5481 2783 5551 ζῇν.

507 5568 635 5623 Deo.
692 5566 965 5622 Dicuntur
1014 5573 1199 5621 autem
1254 5572 1477 5630 aeterna,
1525 5564 1651 5643 quia
1693 5570 1956 5619 aeternum
2012 5559 2079 5612 vi.
2341 5574 2351 5583 τ

502 5668 646 5717 vent.

574 5775 619 5810 ιι
659 5771 806 5832 Psal.
846 5786 1044 5837 um,
1082 5767 1134 5825 ﬂ.
