4066 6388
294 297 401 351 537
416 325 423 331 ~

1503 307 1702 362 LIBER
1736 304 1826 359 οε
1862 298 2438 371 DEFINlTlONIBUS.

3445 326 3552 385 558

377 412 601 484 ’ἰδίωμα
633 415 851 483 λέγεται
883 417 944 470 τὸ
988 419 1130 482 ἰδίως
1171 421 1416 494 ὑπάρχον
1441 423 1500 476 ὲν
1530 425 1596 494 τῇ
1624 423 1802 493 φύσει,
1824 426 1871 477 ὲκ

2055 419 2374 495 Proprietas
2410 429 2636 495 dicitur,
2669 433 2814 501 quod
2853 437 3073 507 proprie
3113 440 3329 496 exsistit
3365 443 3421 498 in
3452 460 3553 501 na-

296 502 461 575 ἑτέρα
487 504 547 556 δὲ
582 505 744 577 οὐσία
776 506 1039 578 μηδαμῶς
1061 508 1336 582 ὐπάρχον’
1363 511 1553 584 ὥσπερ
1595 514 1654 565 ἐν
1680 511 1874 583 τῷ“ἀν-

299 594 502 667 θρώπῳ
528 595 590 650 τὸ
629 598 968 666 γελαστικόν.
1011 601 1144 656 Οὐδὲ
1177 604 1285 675 γάρ
1307 606 1423 658 ἐστι
1446 604 1620 674 γέλοξ
1653 606 1713 657 ὲν
1740 604 1876 680 ἄλλῃ

298 687 384 759 οἵᾳ
410 687 617 758 δήποτε
649 689 829 759 φύσει.

370 778 423 832 8.
450 778 516 831 Τί
553 780 773 851 λέγεται
804 784 1001 852 φύσις;
1035 782 1200 848 Φύσις
1231 784 1463 858 εἴρηται,
1493 786 1581 841 διὰ
1613 787 1675 840 τὺ
1699 804 1874 856 πεφυ-

306 875 453 927 κέναι
476 876 574 928 καὶ
601 871 765 939 εἶναι,
782 875 970 949 ὥσπερ
992 880 1085 931 καὶ
1106 878 1280 942 οὐσία,
1297 875 1520 943 ὡς.οὗσα
1551 881 1644 934 καὶ
1671 883 1729 933 ὲν
1744 881 1878 951 ἀλη-

306 966 421 1038 θεία
448 966 850 1039 γνωριξομένη.
871 968 1033 1033 Φύσις
1063 970 1223 1023 πάλιν
1245 970 1477 1042 εἴρηται,
1494 971 1582 1025 διὰ
1606 972 1700 1025 τοῦ
1720 972 1875 1043 φύειν

305 1059 396 1112 καὶ
423 1059 763 1129 βλαστάνειν.
798 1061 963 1125 Φύσις
986 1064 1079 1116 καὶ
1101 1063 1257 1118 οὐσία
1281 1064 1372 1117 καὶ
1395 1065 1549 1133 γένος
1573 1066 1665 1119 καὶ
1690 1068 1875 1139 μορφὴ

305 1151 361 1203 ἓν
391 1152 525 1204 ὲστι.
580 1152 879 1224 Πρόσωπον
914 1155 973 1208 δὲ
1012 1158 1104 1210 καὶ
1132 1159 1413 1231 χαρακτὴρ
1463 1160 1555 1212 καὶ
1580 1159 1875 1223 ὑπόστασις

302 1245 393 1297 καὶ
420 1244 585 1298 ίδικδν
625 1246 723 1299 καὶ
765 1246 964 1318 ἄτομον
1010 1250 1068 1302 ἒν
1120 1251 1212 1304 καὶ
1251 1251 1381 1305 αὐτὸ
1426 1252 1679 1323 ὑπάρχει.
1714 1252 1874 1305 Ἀλλο

301 1336 406 1410 γὰρ
462 1337 625 1406 φύσις
660 1339 770 1401 ,καὶ
812 1341 938 1395 ἄλλο
978 1341 1288 1407 ὑπόστασις.
1342 1344 1466 1397 Ἐὰν
1508 1341 1600 1398 οὖν
1632 1345 1761 1419 εἴπῃ
1792 1346 1873 1399 σοί

300 1446 382 1492 τις
425 1429 507 1481 ὅτι
541 1428 668 1483 Ἐπὶ
701 1431 802 1501 τῆς
838 1430 1090 1503 θεότητος
1117 1433 1288 1499 πόσας
1332 1436 1521 1505 φύσεις
1556 1438 1870 1509 ὁμολογεῖς;

300 1517 417 1572 είπὲ
444 1518 595 1589 μίαν,
618 1516 946 1586 ὑποστάσεις
976 1523 1033 1576 δὲ
1064 1527 1230 1597 τρεῖς.
1270 1525 1393 1580 Ἐὰν
1416 1527 1475 1580 δὲ
1513 1527 1639 1601 εἴπῃ
1672 1545 1753 1581 σοι
1779 1528 1874 1581 ἐπὶ

299 1610 396 1679 τῆς
432 1612 701 1676 ἐνσάρκου
749 1613 1077 1683 οἰκονομίας,
1123 1614 1295 1677 πόσας
1335 1615 1522 1685 φύσεις
1549 1618 1869 1688 όμολογεῖςς

302 1699 416 1752 εἰπὲ
438 1698 533 1752 δύο
555 1718 568 1731 ο
601 1701 732 1770 μίαν
752 1700 809 1754 δὲ
832 1703 932 1772 τὴν
970 1703 1282 1759 ὑπόστασιν.
1318 1707 1427 1760 Καὶ
1454 1706 1564 1778 γὰρ
1596 1709 1624 1760 ὁ
1642 1707 1872 1779 Χριστὸς

300 1792 393 1855 τὰς
406 1791 498 1846 δύο
527 1793 718 1857 οὐσίας
742 1794 838 1848 καὶ
874 1795 1062 1865 φύσεις
1087 1796 1242 1867 ἔσχεν
1272 1799 1577 1870 ἀτρέπτους
1612 1801 1707 1853 καὶ
1738 1801 1869 1853 ἁκε-

302 1884 501 1954 ραίους,
553 1885 657 1957 τὴν
714 1885 942 1958 θεότητα
991 1889 1085 1942 καὶ
1116 1888 1213 1959 τὴν
1245 1889 1632 1962 ἀνθρωπότητα
1676 1892 1734 1943 ὲν
1772 1893 1872 1962 μιᾷ

299 1976 615 2041 ὑποστάσει,
648 1977 783 2043 Θεὸς
813 1980 1017 2042 τέλειος
1038 1981 1133 2034 κα)⁵
1149 1981 1244 2036 ἄνθ
1254 1999 1431 2053 ρωπος
1446 1983 1649 2048 τέλειος
1672 2000 1871 2055 γνωρι-

299 2067 540 2139 ζόμενος.
587 2071 700 2124 Καὶ
731 2070 818 2124 διὰ
845 2072 1002 2125 τοῦτο
1029 2072 1120 2126 δύο
1140 2072 1330 2143 φύσεις
1371 2075 1426 2127 ὲν
1451 2076 1548 2145 μιᾷ
1577 2076 1869 2128 ὑποστάσει

294 2160 665 2231 ὁμολογοῦμεν
697 2162 797 2232 τὴν
831 2162 1102 2235 σάρκωσιν
1131 2164 1226 2217 τοῦ
1264 2164 1469 2235 Κυρίου
1502 2168 1533 2235 ἡ
1544 2164 1660 2236 μῶν
1693 2165 1865 2238 Ἰησοῦ

295 2253 525 2325 Χριστοῦ
560 2253 657 2306 καὶ
698 2252 856 2307 Θεοῦ.

374 2345 495 2399 Ἐπὶ
552 2344 612 2399 δὲ
675 2345 778 2414 τῆς
826 2344 1102 2413 θεολογίας
1153 2345 1278 2417 μίαν
1311 2346 1470 2415 φύσιν
1502 2346 1867 2418 ὁμολογοῦμεν

295 2436 389 2508 τῆς
439 2437 606 2507 ἁγίας
654 2436 906 2507 Τριάδος,
931 2440 1079 2508 τρεῖς
1130 2437 1187 2492 δὲ
1233 2438 1573 2502 ὑποστάσεις.
1617 2439 1725 2492 Kai
1758 2439 1866 2509 γὰρ

300 2529 505 2600 Πατρδς
539 2531 633 2583 καὶ
673 2527 803 2593 Υἱοῦ
845 2530 937 2583 καὶ
999 2531 1154 2598 ἁγίου
1202 2530 1518 2602 Πνεύματος
1565 2531 1661 2601 μία
1707 2532 1866 2601 φύσις

297 2619 429 2682 ἐστὶ,
457 2619 554 2674 καὶ
581 2620 681 2689 μία
717 2620 894 2684 οὐσία,
930 2622 1024 2674 καὶ
1061 2621 1159 2692 μία
1205 2621 1443 2688 ἐξουσία,
1477 2624 1570 2676 καὶ
1599 2622 1863 2693 βασιλεία,

296 2712 387 2764 κὶὶ
435 2711 705 2782 δύναμιςο
745 2714 897 2783 τρεῖς
938 2712 994 2765 δὲ
1053 2712 1413 2777 ὑποστάσεις,
1461 2714 1554 2767 καὶ
1596 2716 1743 2784 τρεῖς
1768 2731 1868 2783 χα-

302 2804 591 2876 ρακτῆρες,
619 2805 715 2858 καὶ
756 2804 884 2876 τρία
926 2804 1225 2875 πρόσωπαο
1265 2805 1510 2858 τουτέστι
1554 2805 1743 2876 Πατὴρ
1773 2806 1865 2858 καὶ

298 2895 419 2959 Υἱὸς
446 2898 543 2949 καὶ
575 2895 803 2967 Πνεῦμα
849 2895 1019 2964 ἅγιον.
1061 2896 1175 2950 Μία
1220 2895 1409 2968 θεότης
1454 2897 1601 2951 ἐστὶν
1635 2898 1692 2950 ἐν
1718 2899 1864 2969 τρισὶ

298 2988 608 3057 προσώποις
630 2987 1029 3060 γνωριζομένη.

362 3081 489 3133 Δέον
517 3076 612 3133 οὖν
634 3078 1060 3151 καθολικώτερον
1098 3081 1271 3133 εἰπεῖν
1303 3080 1356 3133 τί
1398 3081 1548 3133 ἐστιν
1571 3079 1746 3142 οὐσία,
1774 3081 1866 3132 καὶ
1893 3113 1939 3175 C

294 3174 346 3224 τί
376 3173 524 3226 ἐστιν
576 3173 895 3236 ὑπόστασις.
943 3173 1005 3224 Ἡ
1035 3172 1133 3242 μὲν
1159 3172 1336 3235 οὐσία,
1366 3172 1463 3225 καὶ⁵
1492 3172 1551 3225 τὸ
1573 3172 1748 3241 γένος,
1773 3173 1867 3226 καὶ

294 3265 324 3334 ἠ
360 3262 544 3332 φύσις,
587 3263 684 3316 καὶ
734 3265 768 3333 ἡ
806 3261 1008 3335 μορφὴ,
1043 3262 1119 3326 ὡς
1156 3263 1391 3334 εἴρηται,
1429 3261 1526 3330 μία
1556 3262 1701 3315 ἐστί·
1725 3261 1785 3313 τὸ
1810 3260 1867 3313 δὲ

297 3355 585 3426 πρόσωπον
629 3356 723 3409 καὶ
742 3357 770 3408 ό
799 3356 1083 3426 χαρακτὴρ
1125 3355 1220 3408 καὶ
1252 3356 1285 3424 ἡ
1315 3354 1628 3418 ὑπόστασις,
1682 3353 1775 3408 καὶ
1809 3353 1868 3406 τὸ

296 3448 513 3519 ἄτομον,
547 3448 643 3501 καὶ
657 3446 720 3499 τὸ
767 3446 949 3510 ἰδικδν,
997 3446 1055 3499 ἓν
1083 3448 1221 3499 ἐστι.
1255 3447 1366 3499 Kai.
1392 3445 1501 3516 γὰρ
1532 3448 1565 3514 ἡ
1596 3445 1753 3513 φύσις
1786 3443 1870 3498 δύ-

295 3557 441 3592 ναται
494 3538 643 3611 ἔχειν
693 3539 753 3590 ὲν
806 3538 972 3609 ἑαυτῇ
1008 3537 1226 3601 πλείους
1259 3536 1356 3601 τὰς
1386 3537 1732 3600 ὑποστάσεις.
1758 3538 1869 3590 Kai.

296 3636 397 3703 γὰρ
424 3632 476 3685 oi
531 3628 834 3700 ἄνθρωποι,
868 3627 928 3693 ἐξ
978 3629 1094 3692 ἐνὸς
1138 3627 1389 3699 σώματος
1430 3627 1580 3691 ὅντες
1618 3628 1712 3680 καὶ
1742 3629 1869 3696 μιᾶς

295 3724 459 3793 πνοῆς
492 3723 716 3785 πάντες,
754 3721 882 3792 μιᾶς
911 3722 1076 3791 ἐσμεν
1105 3719 1320 3788 φύσεως
1338 3720 1433 3773 καὶ
1452 3718 1661 3783 οὐσίας.
1707 3718 1869 3771 Ύπο-

296 3815 509 3876 στάσεις
531 3812 589 3865 δὲ
612 3810 824 3865 πολλαί.
870 3811 980 3864 Καὶ
1010 3811 1119 3883 γὰρ
1153 3811 1448 3872 ὑπόστασις
1483 3809 1571 3863 διὰ.
1599 3809 1758 3863 τοῦτο
1785 3808 1870 3863 λέ-

309 3921 463 3973 (stat,
501 3902 615 3959 ἀπὸ
643 3901 737 3956 τοῦ
771 3902 993 3973 στήκειν
1026 3905 1091 3974 τῇ
1121 3902 1297 3974 οὐσίᾳ.

360 3999 466 4052 Ka‘t
507 3999 542 4069 ὴ
599 3997 700 4068 μὲν
761 3994 921 4065 φύσις
954 3994 1048 4046 καὶ
1073 3996 1106 4064 ἡ
1142 3995 1298 4047 οὐσία
1343 3994 1560 4062 λέγεται
1588 3991 1866 4064 καθολικὴ,

295 4091 329 4162 ἡ
352 4092 406 4145 δὲ
425 4092 730 4153 ὑπόστασις
765 4090 985 4159 μερικίιμ
1002 4087 1301 4141 Καθολικὺν
1328 4087 1385 4140 δὲ
1413 4086 1628 4155 λέγεται
1646 4085 1706 4138 τὺ
1735 4083 1869 4139 καθ-

296 4183 410 4236 όλου
460 4183 645 4236 πάντα
698 4180 1103 4252 περιλαμϐάνον
1167 4180 1261 4233 καὶ
1317 4181 1566 4252 περιέχον
1588 4195 1602 4209 ⁸
1648 4178 1870 4249 μερικὸν

295 4274 349 4327 δὲ
376 4276 434 4328 τὸ
458 4274 583 4346 ἕχον
617 4273 784 4345 μέρος
828 4290 881 4325 τι
906 4273 1110 4336 οὐσίας.
1140 4267 1298 4338 Οἴον,
1329 4273 1425 4325 ἐὰν
1459 4270 1641 4342 εἴπῃς,
1690 4271 1748 4324 '0
1778 4268 1871 4323 ἄν·

299 4364 526 4437 Θρωπος,
552 4366 663 4419 ἰδοὺ
697 4361 860 4426 εῐπας
897 4364 1074 4417 πάντα
1114 4363 1424 4435 ἄνθρωπον’
1460 4362 1743 4416 καθολικὸν
1764 4362 1871 4433 γάρ

1977 520 2123 576 tura,
2165 515 2222 570 in
2255 517 2472 589 aliaque
2515 522 2664 576 nulla
2711 523 3021 582 substantia
3072 532 3375 600 reperitur;
3409 537 3555 591 velut

1975 603 2033 658 in
2065 604 2288 662 homine
2314 610 2524 666 ridendi
2546 611 2799 671 facultas.
2826 616 2888 670 In
2912 618 3061 672 nulla
3090 610 3292 692 quippe
3319 624 3425 679 alia
3455 642 3554 680 na-
3647 622 3657 635 ’

1975 700 2098 750 tura
2128 697 2276 754 risus
2308 702 2597 770 reperitur.

2045 789 2099 845 8.
2137 789 2276 856 Quid
2329 794 2534 849 dicitur
2584 799 2828 852 natura?
2873 798 3080 855 Natura
3127 803 3350 870 dicitur,
3405 809 3550 877 quod

1972 891 2100 936 nata
2136 884 2207 938 sit
2247 892 2302 938 et
2326 886 2591 952 exsistat,
2629 891 2789 959 quasi
2817 894 3092 950 exsistens
3125 904 3189 950 et
3223 899 3278 952 in
3321 903 3551 958 veritate

1973 974 2211 1041 cognita.
2246 973 2449 1031 Natura
2476 978 2602 1033 item
2639 981 2865 1048 dicitur,
2891 1000 2918 1037 a
2950 991 3229 1044 nascendo
3266 998 3321 1047 et
3348 998 3550 1064 germi-

1972 1063 2175 1119 nando.
2219 1063 2446 1133 Natura,
2488 1070 2817 1135 substantia,
2863 1091 3056 1145 genus,
3107 1080 3322 1146 forma,
3378 1101 3546 1143 unum

1974 1165 2123 1213 sunt.
2171 1157 2410 1216 Persona
2451 1174 2653 1230 autem,
2701 1168 3007 1237 character,
3044 1174 3378 1247 hypostasis,
3427 1200 3554 1254 pro-

1973 1250 2175 1319 prium,
2212 1252 2507 1311 indivisum
2534 1297 2549 1316 ,
2583 1274 2749 1313 unum
2781 1263 2944 1317 etiam
2978 1275 3125 1321 sunt.
3153 1268 3314 1325 Aliud
3348 1250 3551 1347 quippe

1972 1352 2188 1405 natura,
2218 1345 2363 1400 aliud
2394 1346 2726 1419 hypostasis.
2756 1350 2812 1406 Si
2852 1355 2974 1423 quis
3002 1371 3130 1427 ergo
3169 1360 3366 1418 dixerit
3398 1345 3498 1421 tibi
3527 1387 3543 1423 :

1973 1434 2032 1489 In
2087 1433 2287 1492 deitate
2331 1448 2465 1509 quot
2514 1450 2741 1498 naturas
2790 1445 3112 1504 conﬁteris?
3152 1450 3279 1516 Dic,
3331 1471 3545 1527 unam;

1975 1526 2297 1599 hypostascs
2353 1547 2482 1586 vero
2530 1544 2663 1590 tres.
2717 1535 2873 1602 Quod
2921 1538 2968 1593 si
3018 1540 3216 1596 dixerit
3265 1546 3362 1601 tibi
3418 1565 3433 1602 :
3486 1526 3548 1604 In

1972 1621 2276 1675 mconomia
2312 1633 2606 1695 assumptis
2626 1628 2811 1683 carnis
2835 1637 2968 1697 quot
2991 1640 3218 1687 naturas
3237 1638 3550 1698 conﬁteris?

1973 1708 2070 1765 Dic
2103 1729 2118 1767 :
2153 1710 2319 1777 Duas,
2352 1731 2624 1787 unamque
2663 1719 3002 1791 hypostasin.
3045 1712 3547 1791 Etenim‘Christus

1976 1802 2109 1857 duas
2153 1804 2483 1863 substantias
2521 1818 2573 1862 et
2605 1819 2831 1867 naturas
2872 1815 3057 1871 habuit
3100 1818 3466 1880 immutabiles
3493 1832 3550 1880 et

1975 1891 2330 1959 inconfusas,
2410 1896 2668 1954 deitatem
2730 1911 2785 1956 et
2843 1903 3237 1964 humanitatem
3312 1913 3368 1966 in
3434 1930 3544 1970 una

1974 1986 2276 2059 hypostasi,
2308 1990 2451 2047 Deus
2480 1994 2755 2062 perfectus
2784 2008 2837 2052 et
2869 1999 3142 2068 perfectus
3168 2002 3333 2058 homo
3360 2007 3551 2075 cogni-

1972 2086 2083 2134 tus.
2122 2080 2202 2134 Ac
2247 2091 2535 2153 proyterea
2587 2086 2724 2142 duas
2773 2097 2999 2146 naturas
3033 2093 3088 2147 in
3119 2081 3227 2148 una
3261 2095 3548 2166 hypostasi

1972 2169 2296 2227 conﬁtemur
2363 2174 2799 2235 incarnationem
2879 2180 3099 2237 Domini
3169 2187 3347 2240 nostri
3417 2184 3549 2243 Jesu

1970 2250 2174 2309 Christi
2206 2266 2258 2310 et
2285 2256 2401 2315 Dei.

2043 2344 2101 2399 In
2138 2347 2408 2420 theOIOgia
2441 2367 2572 2408 vero
2611 2369 2776 2409 unam
2817 2358 3142 2413 conﬁtemur
3183 2369 3386 2417 sancta:
3427 2361 3551 2418 Tri-

1970 2438 2160 2495 nitatis
2207 2449 2482 2510 naturam,
2537 2452 2649 2500 tres
2699 2458 2877 2502 autem
2938 2449 3280 2520 hypostases.
3335 2452 3548 2510 Etenim

1970 2525 2172 2592 Patris,
2221 2527 2341 2585 Filii
2390 2540 2446 2587 et
2503 2530 2741 2604 Spiritus
2792 2540 2993 2603 sancti,
3044 2554 3152 2593 una
3199 2549 3397 2596 natura
3438 2549 3544 2610 est,

1972 2636 2080 2675 una
2109 2623 2439 2689 substantia,
2481 2642 2590 2680 una
2626 2636 2887 2698 potestas,
2924 2646 3152 2702 regnum
3186 2641 3240 2689 et
3278 2636 3543 2704 potentia.

1972 2712 2107 2770 Tres
2137 2724 2316 2771 autem
2348 2716 2699 2789 hypostases,
2729 2731 2839 2777 tres
2868 2724 3241 2789 characteres,
3278 2736 3388 2783 tres
3422 2743 3550 2798 per-

1971 2820 2139 2867 sonae,
2181 2805 2284 2859 hoc
2307 2817 2413 2873 est,
2444 2805 2625 2872 Pater,
2656 2818 2710 2864 et
2738 2810 2910 2867 Filius
2942 2821 2995 2868 et
3025 2812 3264 2883 Spiritus
3297 2824 3545 2873 sanctus.

1973 2896 2092 2951 Una
2116 2897 2378 2954 divinitas
2405 2900 2462 2954 in
2489 2901 2665 2956 tribus
2688 2904 2939 2972 personis
2966 2908 3184 2977 cognita
3210 2916 3314 2963 est.

2042 3071 2361 3130 Generalius
2413 3075 2595 3132 dicere
2648 3087 2863 3149 oportet
2910 3082 3043 3152 quid
3094 3084 3167 3138 sit
3214 3084 3543 3153 substantia,

1969 3166 2099 3236 quid
2139 3168 2474 3239 hypostasis.
2510 3168 2849 3240 Substantia,
2874 3190 3067 3244 genus,
3099 3186 3317 3243 natura,
3345 3177 3542 3247 forma,

1970 3269 2028 3315 ut
2077 3261 2281 3316 dictum
2332 3270 2437 3324 est,
2490 3277 2658 3317 unum
2709 3272 2837 3319 sunt
2882 3281 2895 3318 :
2945 3283 3181 3336 persona
3218 3269 3368 3334 item,
3414 3268 3549 3324 cha-

1968 3358 2166 3416 racter,
2214 3350 2546 3421 hypostasis,
2599 3351 2964 3420 indiiriduum,
3000 3358 3279 3426 proprium
3312 3397 3330 3421 ,
3374 3373 3547 3417 unum

1968 3450 2115 3496 sunt.
2184 3440 2390 3496 Natura
2464 3441 2667 3513 quippe
2732 3448 3045 3515 complures
3104 3449 3161 3503 in
3222 3465 3284 3505 se
3344 3450 3547 3508 habere

1970 3540 2149 3602 potest
2199 3533 2541 3603 hypostases.
2608 3535 2869 3593 Homines
2925 3539 3072 3592 enim
3120 3555 3231 3595 uno
3284 3556 3543 3611 corpore,

1970 3639 2080 3677 uno
2131 3624 2324 3693 spiritu
2372 3635 2688 3680 constantes
2732 3642 2945 3689 omnes,
2995 3629 3162 3683 unius
3208 3645 3402 3686 sumus
3445 3647 3546 3686 na-

1969 3725 2102 3770 tura:
2129 3722 2291 3785 atque
2322 3716 2660 3771 substantia.
2699 3715 3030 3789 Hypostases
3063 3727 3243 3775 autem
3273 3722 3538 3791 plurima.

1968 3806 2178 3862 Etenim
2232 3806 2355 3863 ideo
2397 3808 2598 3863 dicitur
2644 3808 2979 3880 hypostasis,
3017 3811 3262 3881 quodin
3302 3815 3544 3871 essentia

1966 3900 2249 3956 subsistat.

2038 3990 2242 4045 Natura
2282 4006 2448 4061 porro
2496 4005 2561 4046 ac
2605 3992 2847 4047 essentia
2886 3992 3146 4048 dicuntur
3183 3996 3540 4061 universales.

1968 4085 2283 4155 hypostasis
2345 4101 2475 4140 vero
2540 4087 2911 4156 particularis.
2975 4087 3297 4146 Universale
3358 4100 3542 4147 autem

1968 4177 2188 4240 dicitur,
2233 4177 2376 4246 quod
2424 4180 2605 4231 omnia
2655 4180 2879 4234 omnino
2924 4182 3327 4251 complectitur,
3379 4194 3544 4256 atque

1971 4268 2256 4336 continet;
2293 4269 2625 4339 particulare
2654 4282 2857 4333 autem,
2888 4271 3031 4341 quod
3065 4283 3272 4343 partem
3305 4275 3540 4347 aliquam

1973 4361 2131 4415 habet
2172 4362 2443 4416 essentia.
2473 4360 2718 4432 Exempli
2757 4378 2945 4425 causa,
2983 4365 3030 4419 si
3062 4366 3268 4421 dixeris
3299 4386 3311 4421 :
3344 4364 3539 4433 Homo,

299 4459 407 4511 ἐστι
427 4459 587 4512 τοῦτο
619 4457 719 4511 καὶ
749 4457 1027 4522 οὐσιῶδες,
1057 4459 1151 4510 καὶ
1168 4457 1366 4519 πάντες
1392 4455 1666 4527 ἄνθρωποι
1689 4454 1871 4522 λέγον-

1971 4466 2184 4506 omnem
2215 4450 2401 4505 dixisti
2433 4450 2709 4506 hominem
2744 4471 2758 4507 :
2790 4452 2923 4507 illud
2961 4470 3198 4524 namque
3233 4457 3543 4513 universale

295 4564 400 4612 ται,
437 4551 535 4602 καὶ
565 4549 668 4618 τῆς
691 4547 863 4613 αὐτῆς
878 4546 1063 4610 οὐσίας
1095 4547 1335 4600 είσίν.Εἰ
1361 4545 1417 4598 δὲ
1450 4546 1630 4617 εἴπης,
1663 4546 1723 4597 '0
1756 4543 1865 4597 Πέ-

296 4655 416 4709 τρος
440 4640 538 4692 καὶ
584 4641 615 4693 ὁ
664 4637 879 4702 Παῦλος
903 4638 935 4709 ἢ
959 4640 987 4691 ὁ
1022 4637 1293 4708 Ἰωάννης,
1313 4637 1435 4690 τότε
1462 4636 1557 4689 ’ἐνα
1587 4634 1867 4707 ἄνθρωπον

297 4730 592 4800 ἑσήμανας,
634 4728 718 4781 ὅτι
776 4727 999 4798 μερικόν
1038 4728 1154 4781 ἐστι
1189 4726 1370 4781 τοῦτο.
1419 4726 1494 4779 Τὸ
1544 4725 1654 4796 γὰρ
1693 4725 1869 4778 κοινόν

302 4822 430 4884 ἐστι,
464 4822 560 4874 ἐὰν
590 4821 777 4891 εἴπῃς,
817 4819 876 4873 '0
904 4819 1208 4891 ἄνθρωπος,
1238 4819 1424 4891 ἐπειδὴ
1457 4820 1657 4882 πάντες
1693 4818 1740 4871 oi
1777 4817 1870 4872 άν-

301 4910 497 4983 θρωποι
532 4912 913 4984 ὀνομάζονται.
935 4912 1009 4965 Ἰῖδ
1039 4912 1096 4966 δὲ
1131 4913 1352 4983 μερικόν
1386 4914 1502 4966 ἐστι
1542 4911 1770 4966 ἑκάστου
1809 4910 1871 4963 τὸ

298 5004 480 5073 ὃνομα.
530 5002 796 5076 ’Δρμόζει
838 5002 1106 5057 καὶτοῦτο
1145 5003 1235 5056 τὸν
1279 5003 1498 5057 θέλοντα
1534 5000 1736 5069 γνῶναι
1764 4997 1870 5053 τῶν

299 5105 634 5174 πραγμάτων
683 5098 788 5168 τὴν
827 5096 1007 5167 φύσιν,
1068 5097 1156 5152 ἴνα
1186 5095 1448 5169 γινώσκῃ,
1488 5099 1639 5152 ποῖόν
1667 5100 1781 5152 ἐστι
1810 5099 1873 5152 τὸ

303 5190 538 5257 μερικὺν,
569 5188 667 5241 καὶ
693 5188 846 5239 ποῖον
873 5185 1124 5240 καθόλου.
1145 5186 1219 5239 Οὐ
1247 5186 1355 5257 γὰρ
1375 5187 1532 5256 μόνον
1562 5189 1646 5242 ἐπ’
1666 5188 1874 5260 ἀνθρώ-

297 5294 430 5333 πων.
466 5280 604 5334 ἀλλὰ
630 5279 729 5332 καὶ
761 5278 854 5331 ἐπὶ
894 5278 1093 5342 παντὸς
1120 5279 1464 5350 πράγματος,
1494 5280 1758 5351 οὐρανίων
1781 5282 1873 5335 καὶ

299 5370 570 5438 ἐπιγείων,
600 5370 762 5425 τοῦτό
805 5371 953 5422 ἐστιν
982 5371 1183 5438 εὑρεῖν.
1223 5371 1333 5422 Καὶ
1367 5370 1609 5442 εἴπωμεν
1631 5372 1876 5444 φανερώ-

295 5476 483 5533 τερον⁸
516 5465 799 5531 ἀναγκαῖα
844 5461 952 5533 γάρ
983 5463 1089 5515 είσι
1115 5460 1289 5514 ταῦτα
1318 5463 1429 5523 τοῖς
1472 5452 1752 5532 μέλλουσιν
1784 5466 1876 5519 ὲκ-

300 5549 494 5623 ζητεῖν.
528 5555 781 5625 Δέγομεν
818 5553 877 5607 δὲ
908 5552 1099 5618 οὑτως.
1166 5552 1290 5606 Ἐὰν
1316 5552 1495 5625 εἴπῃς,
1539 5554 1597 5607 ’0
1628 5555 1872 5624 ἄγγελος,

298 5642 424 5715 ὅλην
446 5648 546 5720 τὴν
572 5647 770 5703 οὐσίαν
793 5644 904 5701 τῶν
942 5645 1188 5717 ἀγγέλων
1227 5645 1536 5717 ὲσήμαναςο
1566 5646 1740 5700 κοινὸν
1769 5648 1875 5720 γάρ

298 5734 414 5790 ἐστι
456 5740 615 5795 τοῦτο
670 5738 732 5795 τὸ
778 5738 947 5809 ὄνομα
995 5741 1106 5802 τ-τς
1141 5738 1391 5808 ἀγγέλοις
1451 5738 1544 5793 καὶ
1601 5736 1872 5804 οὐσιῶδες,

1966 4550 2051 4599 est
2095 4558 2158 4597 ac
2203 4541 2496 4598 essehtiale
2546 4562 2559 4598 :
2614 4558 2912 4613 omnesque
2969 4545 3226 4600 dicuntur
3274 4548 3541 4614 homines,

1967 4644 2127 4705 atque
2154 4634 2395 4704 ejusdem
2453 4644 2581 4691 sunt
2630 4637 2900 4690 essentiae.
2956 4636 3111 4701 Quod
3159 4638 3206 4691 si
3265 4637 3471 4692 dixeris
3513 4653 3526 4688 :

1965 4722 2178 4787 Petrus,
2210 4723 2430 4790 Paulus,
2463 4731 2556 4777 aut
2595 4721 2854 4789 Joannes,
2888 4740 3054 4777 unum
3095 4732 3226 4779 tunc
3269 4727 3540 4781 hominem

1967 4817 2309 4889 signiﬁcasti,
2349 4817 2475 4887 quia
2524 4816 2658 4870 illud
2709 4818 3037 4887 particulare
3088 4824 3193 4874 est.
3240 4818 3541 4874 Cmnmune

1968 4911 2235 4982 siquidem
2260 4920 2362 4975 est,
2394 4910 2440 4964 si
2469 4908 2692 4973 dixeris,
2717 4908 2909 4973 Homo,
2934 4911 3059 4980 quia
3082 4925 3270 4964 omnes
3296 4910 3542 4966 homines

1968 5003 2341 5059 nominantur.
2390 5000 2729 5056 Particulare
2776 5009 2957 5056 autem
3003 5008 3089 5056 est
3127 5002 3396 5070 cujusque
3445 5017 3543 5055 no-

1970 5111 2115 5150 men.
2148 5093 2290 5150 Sane
2324 5111 2421 5163 par
2448 5103 2533 5151 est
2563 5110 2688 5149 eum
2720 5094 2811 5164 qui
2840 5108 3022 5148 rerum
3057 5101 3307 5147 naturam
3339 5109 3542 5163 cogno-

1971 5203 2124 5243 scere
2147 5188 2294 5253 velit,
2325 5189 2487 5255 scire,
2518 5188 2647 5258 quid
2672 5186 3002 5258 particulare
3035 5185 3127 5247 sit,
3160 5184 3293 5253 quid
3322 5185 3543 5239 univer-

1971 5279 2103 5334 sale.
2151 5277 2335 5348 Neque
2379 5280 2556 5335 solum
2610 5284 2756 5335 enim
2807 5280 2862 5333 in
2913 5278 3276 5343 hominibus;
3333 5276 3428 5332 sed
3482 5278 3538 5333 in

1971 5385 2295 5443 quacunque
2331 5386 2410 5435 re,
2450 5372 2775 5437 caelestium,
2816 5370 3180 5434 terrestrium,
3216 5369 3540 5439 illud'repe-

1973 5461 2081 5516 rire
2120 5468 2205 5515 est
2252 5477 2267 5514 :
2318 5460 2462 5529 quod
2519 5460 2779 5530 liquidius
2821 5460 3177 5530 explicemus,
3226 5461 3536 5516 necessaria

1973 5552 2172 5623 quippe
2224 5561 2353 5608 sunt
2396 5552 2501 5608 ista
2552 5552 2622 5608 iis
2667 5551 2761 5622 qui
2818 5552 3196 5622 investigaturi
3253 5561 3401 5609 sunt.
3445 5552 3537 5609 Sic

1975 5645 2157 5718 itaque
2207 5645 2462 5701 dicimus.
2546 5645 2603 5701 Si
2663 5644 2838 5711 dicas,
2900 5646 3159 5718 Angelus,
3215 5647 3531 5720 angelorum

1979 5735 2273 5795 essentiam
2323 5750 2536 5794 omnem
2591 5734 2932 5808 signiﬁcasti,
2990 5751 3279 5797 commune
3334 5738 3532 5810 quippe
