4066 6388
466 308 610 371 “5δο

1667 305 1727 362 S.
1765 301 2210 361 ATHANASIUS
2265 336 2334 347 —
2373 304 2644 360 SPURIA.

3615 341 3619 345 -
3650 296 3755 356 541)

503 435 637 492 illud
682 449 878 491 nomen
927 440 1012 488 est
1040 430 1258 501 'angclis
1298 433 1352 482 et
1392 423 1689 482 essentiale
1725 442 1739 479 :
1779 437 2081 494 omnesque

2195 425 2274 477 cal.
2304 424 2506 488 πάντες·
2529 422 2751 492 ἄγγελοι
2787 422 3054 492 λέγονται·
3096 422 3222 475 Ἐὰν
3243 420 3300 474 δὲ
3338 421 3520 492 είπῃς,
3568 418 3626 474 '0
3654 421 3758 474 Mt-

503 528 765 583 dicuntur
821 525 1045 596 angeli;
1106 522 1192 577 sin
1256 518 1465 575 dixeris
1526 515 1778 581 Michael,
1835 512 2078 579 Gabriel,

504 619 825 693 hypostasin
860 631 1024 672 unam
1062 612 1270 677 dixisti,
1303 611 1406 666 hoc
1442 616 1527 666 est
1587 622 1757 663 unum
1805 606 2079 678 angelum.

504 712 712 766 Natura
750 710 949 781 quippe
994 706 1196 761 dicitur
1230 704 1406 775 angeli
1443 701 1686 759 essentia
1717 719 1731 754 :
1768 697 2081 771 hypostasis

501 815 633 857 vero
671 798 1106 867 uniuscujusque
1157 794 1335 865 angeli
1379 792 1693 863 appellatio.
1734 788 1892 861 195
1923 788 2082 843 Item-

502 908 610 964 que
636 907 744 947 una
767 899 961 946 natura
989 887 1299 944 communis
1329 896 1411 942 est
1442 884 1791 950 humanitas;
1823 883 2084 954 hyposta-

503 1001 594 1042 ses
636 998 799 1047 vero,
852 983 1073 1045 Petrus,
1119 980 1364 1043 Paulus,
1414 976 1696 1042 Thomas,
1741 990 1806 1030 ac
1858 974 2083 1043 reliqua:

500 1092 749 1151 personae
786 1082 840 1131 et
880 1075 1250 1129 characteres.
1279 1069 1484 1126 Natura
1528 1068 1694 1139 igitur
1734 1074 1819 1122 est
1860 1064 2081 1121 domina

500 1166 847 1241 genitrixque
891 1162 1293 1236 hypostasium.
1336 1159 1631 1230 Propterea
1677 1172 1893 1213 rursum
1940 1156 2083 1211 dice-

504 1275 628 1316 mus
671 1275 685 1311 :
735 1258 781 1314 si
823 1257 979 1312 dicas
1011 1275 1024 1311 :
1059 1254 1207 1309 Bona
1246 1261 1331 1307 est
1377 1260 1577 1307 natura
1619 1251 1869 1321 angelus,
1910 1256 2081 1303 totam

503 1365 699 1408 eorum
754 1348 1049 1404 essentiam
1091 1343 1433 1418 signiﬁcasti.
1484 1340 1581 1396 Sin
1628 1341 1819 1396 dicas:
1856 1339 2083 1410 Magnus

503 1447 588 1496 est
628 1438 869 1502 Gabriel,
910 1451 1075 1491 unam
1123 1451 1190 1490 ex
1236 1434 1493 1490 omnibus
1536 1431 1855 1504 bypostasin
1900 1430 2082 1484 nomi-

505 1534 672 1587 nasti.
700 1531 770 1585 Et
800 1529 847 1586 si
878 1531 1053 1593 dicas,
1085 1527 1342 1592 Volatile,
1377 1524 1651 1581 denotasti
1694 1532 1863 1577 totam
1887 1522 2085 1577 volati-

504 1623 639 1678 lium
667 1622 1003 1690 essentiam;
1035 1621 1119 1676 sin
1152 1621 1327 1685 dicas,
1357 1618 1644 1679 Columba.
1680 1623 1885 1678 turtur,
1913 1615 2085 1669 lusci-

2180 517 2338 587 χαὴλ,
2367 519 2396 570 6
2423 515 2695 587 Γαϐριὴλ,
2724 515 3022 570 ὑπόστασιν
3071 513 3202 586 μίαν
3245 509 3423 577 εἴπας,
3481 512 3756 566 τουτέστιν

2179 611 2274 665 ἕνα
2297 609 2545 679 ἄγγελον.
2561 608 2726 672 Φύσις
2741 607 2848 681 γὰρ
2867 606 3085 676 λέγεται
3111 608 3145 678 η
3174 604 3477 674 ἀγγελότης
3494 620 3508 634 ο
3531 602 3759 657 ὑπόστα-

2183 719 2265 766 σις
2294 703 2350 756 δέ
2380 704 2526 755 ἐστιν
2546 701 2663 766 ἐνὸς
2699 699 2928 754 ἑκάστου
2959 698 3190 769 ἀγγέλου
3244 696 3606 769 προσηγορία.
3648 696 3759 750 Kal.

2180 789 2289 861 γάρ
2314 787 2473 858 φύσις
2501 788 2615 841 ἐστὶ
2652 788 2750 859 μία
2776 787 2926 858 κοινὴ
2960 789 2993 858 ἡ
3025 786 3398 858 ἀνθρωπότης,
3428 785 3758 849 ὑποστάσεις

2179 880 2237 933 δὲ
2270 880 2494 953 Πέτρος,
2530 878 2738 942 Παῦλος
2772 879 2867 932 καὶ
2905 878 3128 948 Θωμᾶς,
3163 877 3259 930 καὶ
3310 875 3378 929 τά
3404 875 3566 930 λοιπά
3598 875 3760 948 πρόσ-

2180 992 2305 1027 ωπα
2328 974 2424 1027 καὶ
2450 974 2499 1026 oi
2532 972 2901 1044 χαρακτῆρες.
2941 970 3004 1023 Ἠ
3039 965 3132 1023 οὖν
3160 969 3322 1038 φύσις
3349 969 3496 1023 ἐστὶν
3521 969 3555 1040 ἡ
3592 968 3761 1040 κυρία

2182 1065 2275 1120 καὶ
2300 1065 2591 1136 γεννητικὴ
2618 1063 2726 1116 τῶν
2753 1061 3124 1116 ὑποστάσεων.
3159 1061 3268 1114 Καὶ
3291 1058 3383 1113 διὰ
3408 1058 3564 1113 τοῦτο
3596 1058 3759 1113 πάλιν

2182 1158 2414 1229 ἐροῦμεν
2438 1173 2453 1189 ο
2495 1156 2589 1209 ἐὰν
2629 1155 2822 1227 εἴπῃς·
2859 1153 3013 1223 Καλὴ
3054 1151 3216 1222 φύσις
3255 1153 3283 1205 6
3321 1151 3587 1219 ἄγγελος,
3629 1150 3759 1220 ὃλην

2182 1246 2281 1316 τὴν
2308 1244 2494 1298 οὑσίαν
2532 1243 2710 1297 αὑτῶν
2754 1243 3056 1314 ἐσήμανας.
3101 1241 3223 1294 Ἐὰν
3251 1240 3308 1294 δέ
3352 1239 3543 1311 εἴπῃς·
3572 1240 3761 1309 Μέγας

2185 1336 2332 1390 ἐστὶν
2373 1338 2401 1389 6
2425 1334 2683 1406 Γαόριὴλ,
2725 1334 3021 1388 ὑπόστασιν
3054 1333 3185 1404 μίαν
3214 1333 3278 1385 ἐκ
3317 1332 3535 1386 πάντων
3576 1326 3757 1394 εἶπας.

2183 1430 2296 1482 Kal.
2338 1428 2431 1483 ἐὰν
2465 1428 2644 1497 εἴπῃς,
2681 1426 2755 1479 Τὸ
2782 1425 3049 1490 πετεινδν,
3094 1425 3201 1479 ἰδοὺ
3230 1424 3327 1495 τὴν
3367 1424 3555 1479 οὑσίαν
3585 1426 3762 1478 πᾶσαν

2183 1520 2456 1592 ἐδήλωσας
2476 1519 2583 1573 τῶν
2614 1517 2874 1572 πετεινῶν
2900 1535 2913 1548 ι
2939 1518 3033 1571 ἐὰν
3055 1518 3113 1571 δέ
3140 1517 3320 1589 εἴπῃς,
3345 1517 3410 1570 Ἦ
3440 1516 3762 1589 περιστερά,

2184 1616 2217 1685 ἡ
2246 1612 2481 1685 τρυγὼν,
2501 1615 2535 1683 ή
2564 1609 2766 1683 ἀηδὼν,
2791 1612 2819 1665 6
2844 1608 3006 1674 ταὼς,
3035 1610 3129 1663 καὶ
3154 1611 3182 1664 6
3208 1609 3428 1675 κύκνος,
3456 1610 3565 1665 ἰδοὺ
3589 1610 3763 1663 ταῦτα

506 1719 620 1782 nia,
670 1732 831 1787 pavo,
884 1731 1093 1788 cygnus
1152 1730 1165 1767 :
1216 1715 1332 1768 haec
1374 1718 1504 1768 sunt
1566 1710 1906 1781 hypostases.
1962 1705 2084 1760 Non

2195 1706 2511 1769 ὑποστάσεις
2554 1705 2713 1758 εἰσιν.
2775 1703 2848 1757 Οὑ
2887 1701 3047 1773 μόνον
3090 1702 3147 1756 δὲ
3188 1701 3413 1755 ἐπὶτῶν
3439 1700 3641 1773 νοερῶν
3669 1701 3765 1755 καὶ

508 1781 689 1867 solum
737 1781 1031 1864 autemnin
1082 1805 1535 1877 intelligibilibus,
1588 1800 1972 1862 rationalibus,
2028 1805 2083 1854 et

2195 1796 2420 1866 λογικῶν
2443 1795 2538 1848 καὶ
2565 1794 2825 1865 ἐμψύχων
2857 1794 3085 1866 ἁρμόζει
3114 1794 3143 1847 6
3171 1793 3330 1857 αὑτὸς
3364 1792 3473 1846 τῶν
3496 1793 3639 1864 ὅρων
3664 1810 3764 1846 κα-

510 1901 890 1973 spiritualibus
937 1901 1076 1955 valet
1121 1900 1235 1954 hac
1281 1896 1654 1953 deﬁnitionum
1700 1896 1934 1966 regula;
1988 1892 2082 1949 sed

508 1994 671 2050 etiam
715 1993 770 2048 in
814 1994 961 2047 omni
1014 1992 1332 2053 inanimata,
1364 1987 1674 2044 insensibili
1722 1995 1777 2042 et
1817 1984 2082 2041 immobili

510 2094 729 2142 natura.
796 2082 960 2139 Verbi
1025 2083 1221 2153 gratia,
1288 2082 1337 2137 si
1397 2081 1602 2136 dixeris
1664 2097 1681 2136 :
1741 2078 1895 2135 Fecit
1941 2077 2084 2134 Deus

512 2179 712 2241 lucem,
764 2191 894 2232 ecce
937 2176 1249 2230 universam
1321 2173 1739 2228 luminariorum
1788 2173 2082 2226 essentiam

511 2268 851 2342 signiﬁcasti.
892 2268 1014 2337 Ipsa
1057 2281 1220 2336 porro
1255 2266 1493 2320 essentia
1525 2264 1782 2334 deinceps
1825 2263 2085 2317 dividitur

511 2365 568 2419 in
598 2377 729 2418 suas
758 2361 1122 2433 hypostases;
1154 2358 1211 2412 in
1242 2357 1413 2413 solem
1452 2357 1683 2418 sclicet,
1718 2357 1923 2419 lunam,
1956 2355 2086 2411 stel-

512 2455 619 2518 las,
651 2453 926 2516 lucernas,
948 2464 1159 2512 cereos,
1191 2447 1453 2517 variaque
1483 2462 1609 2502 ana.
1654 2445 1834 2501 Simili
1867 2460 2087 2517 quoque

512 2545 678 2601 modo
705 2545 773 2600 de
816 2544 1033 2606 ventis;
1066 2541 1113 2596 si
1155 2540 1382 2606 dixeris,
1413 2540 1677 2609 Spiritum
1712 2554 1811 2594 seu
1837 2547 2085 2604 ventum,

515 2654 735 2697 omnem
759 2646 1049 2693 ventorum
1081 2643 1334 2691 naturam
1370 2633 1713 2705 signiﬁcasti.
1746 2630 1841 2687 Sin
1858 2632 2083 2697 dixeris,

513 2725 1087 2795 Austrum,'boream,
1139 2733 1234 2780 aut
1266 2726 1689 2797 euroclydonem
1736 2741 1752 2779 :
1803 2723 1919 2779 haec
1961 2730 2089 2778 sunt

516 2823 859 2894 hypustases.
906 2824 1040 2876 ltem
1087 2820 1133 2874 si
1184 2819 1408 2881 dixeris,
1434 2817 1720 2880 Arborem,
1775 2816 2089 2871 universam

517 2914 777 2967 arborum
805 2911 1100 2967 essentiam
1121 2909 1473 2979 signiﬁcasti;
1507 2908 1593 2963 sin
1621 2905 1849 2971 dixeris,
1877 2905 2088 2971 Ficum,

517 3022 734 3065 nucem.
787 3012 1122 3065 castaneam.
1167 3002 1531 3074 amygdalum,
1569 3017 1731 3056 unam
1773 3000 2091 3072 hypostasin

2187 1889 2314 1953 νὼν,
2341 1886 2476 1941 ἀλλά
2508 1887 2601 1940 καὶ
2628 1885 2716 1940 διά
2743 1886 2923 1956 πάσης
2948 1885 3155 1956 ἀψύχου
3186 1886 3280 1938 καὶ
3317 1882 3644 1953 άναισθήτου
3669 1881 3766 1935 καὶ

2188 1981 2443 2051 ἀκινήτου
2499 1977 2743 2047 φύσεωςο
2802 1974 2915 2030 οἷόν
2964 1995 3018 2030 τι
3075 1976 3239 2046 λέγω,
3298 1975 3392 2029 ἐὰν
3448 1975 3631 2046 εἴπῃς,
3683 1975 3766 2027 ὅτι

2201 2076 2484 2145 Ἐποίησεν
2507 2076 2535 2127 6
2563 2072 2694 2136 Θεδς
2714 2072 2776 2126 τὸ
2807 2071 2942 2141 φῶς,
2975 2072 3083 2126 ἰδοῦ
3116 2073 3291 2126 πᾶσαν
3325 2071 3422 2142 τὴν
3445 2069 3635 2123 οὐσίαν
3661 2068 3769 2121 τῶν

2189 2167 2491 2237 φωστήρων
2520 2164 2817 2234 ἐσήμανας.
2854 2161 3002 2232 Αὕτη
3039 2162 3224 2216 λοιπὸν
3256 2164 3290 2234 ἡ
3321 2161 3477 2215 οὑσία
3507 2159 3767 2230 τέμνεται

2190 2259 2269 2321 είς
2300 2256 2399 2320 τὰς
2434 2255 2759 2321 ὑποστάσεις
2789 2255 2988 2327 αὑτῆς·
3022 2254 3299 2328 μερίζεται
3331 2252 3441 2325 γὰρ
3478 2254 3558 2315 είς
3590 2250 3764 2322 ἥλιον.

2189 2352 2269 2413 είς
2294 2348 2523 2419 σελήνην
2552 2348 2644 2401 καὶ
2672 2350 2752 2409 είς
2779 2347 3034 2420 ἀστέρας,
3062 2348 3143 2409 είς
3161 2344 3407 2416 λύχνους,
3429 2344 3511 2406 είς
3542 2342 3767 2413 κηρρὺς,

2192 2444 2287 2497 καὶ
2312 2445 2392 2506 είς
2431 2442 2565 2496 ἄλλα
2594 2442 2845 2513 διάφορα.
2887 2438 3120 2511 Ὁμοίως
3151 2438 3244 2493 καὶ
3269 2437 3359 2491 ἐπὶ
3398 2436 3648 2507 ἀνέμων·
3670 2434 3767 2488 ἐὰν

2191 2538 2373 2612 εἴπῃς,
2401 2536 2644 2607 Πνεῦμα,
2696 2536 2874 2589 πᾶσαν
2922 2532 3019 2605 τὴν
3052 2532 3212 2603 φύσιν
3240 2529 3348 2585 τῶν
3393 2529 3612 2599 ἀνέμων
3642 2529 3769 2599 ἐσή-

2197 2647 2391 2703 μανας.
2425 2631 2489 2684 Εἰ
2518 2629 2575 2682 δὲ
2609 2630 2789 2703 εἴπῃς,
2820 2627 3011 2691 Νότος,
3043 2626 3076 2697 ἢ
3104 2623 3379 2697 βορῤἇς,ἢ
3406 2620 3766 2696 εὑροκλύδων,

2194 2718 2353 2779 αὗται
2386 2721 2713 2785 ὑποστάσεις
2742 2721 2867 2775 εἰσί.
2907 2718 3073 2774 Πάλιν
3100 2719 3192 2772 ἐὰν
3223 2718 3401 2787 εἴπῃς,
3432 2714 3505 2768 Τὸ
3532 2714 3769 2783 δένδρον,

2196 2820 2377 2872 πᾶσαν
2405 2818 2504 2888 τὴν
2543 2816 2732 2870 οὑσίαν
2762 2813 2871 2868 τῶν
2911 2812 3142 2885 δένδρων
3176 2811 3488 2881 ἐσήμανας·
3520 2809 3569 2861 εί
3597 2806 3658 2859 δὲ
3690 2805 3767 2859 εί-

2196 2929 2324 2985 πῃς,
2359 2913 2424 2965 Ἥ
2454 2911 2613 2982 συκῆ,
2646 2910 2679 2980 ἡ
2723 2905 2924 2980 καρύα,
2953 2907 2986 2976 ή
3037 2902 3357 2966 κασταναία,
3390 2900 3424 2971 ή
3466 2896 3770 2969 ἀμυγδαλῆ,

2202 3002 2328 3072 μίαν
2352 3000 2643 3055 ὑπόστασιν
2667 2992 2829 3060 εἶπας
2849 2992 2956 3047 τῶν
2985 2992 3236 3063 δένδρων.
3267 2988 3435 3072 Πάλιν
3468 2987 3562 3040 ἐάν
3591 2987 3770 3056 εἴπῃς,

519 3100 778 3155 arborum
823 3096 1166 3169 signiﬁcasti.
1220 3071 1458 3150 Rursum
1504 3094 1550 3149 si
1599 3071 1825 3158 dixeris,
1858 3095 2089 3164 Aquam,

2199 3071 2274 3146 Τὸ
2306 3091 2470 3160 ὓδωρ,
2498 3089 2625 3158 ὃλην
2656 3086 2755 3156 τὴν
2799 3083 2960 3154 φύσιν
2989 3081 3096 3135 τῶν
3128 3080 3335 3134 ὑδάτων
3363 3071 3524 3138 εἶπας
3544 3090 3559 3104 ·
3595 3074 3691 3128 ἐὰν
3718 3073 3774 3127 δέ

2230 3184 2252 3194 ..
2420 3182 2484 3194 ..ν
2516 3180 2601 3194 ιλιι
2819 3179 2829 3194 ο
2864 3175 2914 3194 \I
3072 3174 3122 3194 _\
3163 3172 3330 3194 “-1..-
3383 3170 3413 3194 ,ι
3445 3168 3590 3194 .....Δ.
3649 3166 3774 3194 ..ι-η

519 3191 835 3246 universam
880 3203 1146 3259 aquarum
1192 3196 1443 3242 naturam
1485 3186 1709 3255 dixisti;
1738 3188 1825 3242 sin
1867 3187 2094 3248 dixeris.

523 3283 695 3351 Mare,
757 3280 1033 3352 paludem,
1079 3288 1328 3350 puteum,
1388 3280 1616 3345 fontem,
1675 3296 1841 3335 unam
1889 3288 2101 3334 tantum

521 3392 790 3448 aquarum
850 3374 1035 3430 dixisti
1093 3375 1435 3446 hypostasin.
1500 3373 1701 3430 lterum
1753 3375 1800 3430 si
1850 3375 2097 3429 Fluvium

521 3470 794 3531 nomines,
821 3467 1019 3523 ﬂuvios
1040 3483 1231 3523 omnes
1260 3468 1481 3535 dixisti;
1513 3469 1599 3523 sin
1633 3468 1859 3533 dixeris,
1900 3467 2099 3523 Maean-

522 3560 705 3623 drum,
766 3559 1104 3630 Euphraten,
1161 3558 1368 3623 Nilum,
1420 3566 1535 3613 tum
1595 3558 1881 3614 ﬂuviorum
1935 3576 2096 3614 unam

522 3653 845 3726 bypostasin
906 3652 1115 3708 dixisti.
1174 3652 1233 3707 In
1288 3652 1517 3723 reliquis
1577 3653 1829 3707 similiter
1885 3660 2096 3723 oportet

520 3749 701 3806 omnia
732 3747 1079 3817 investigare,
1112 3755 1277 3816 atque
1304 3747 1571 3814 cogitare,
1603 3746 2000 3811 internoscere,
2038 3762 2100 3801 ac

519 3837 863 3904 discernere,
937 3838 1067 3909 quid
1129 3838 1202 3894 sit
1264 3844 1499 3903 natura,
1567 3838 1698 3910 quid
1769 3839 2099 3910 hypostasis.

520 3926 726 3983 Natura
755 3929 955 3999 quippe
980 3928 1133 3983 radix
1159 3936 1245 3984 est
1274 3927 1506 3999 fonsque
1525 3944 1709 3984 rerum
1743 3947 1758 3983 :
1789 3928 2101 3998 hypostasis

523 4029 706 4076 autem
730 4035 859 4091 pars
881 4027 965 4077 est
989 4028 1220 4077 naturae.
1258 4020 1384 4077 llaec
1407 4021 1609 4092 quippe
1634 4029 1763 4076 sunt
1793 4021 2102 4077 necessaria

522 4112 596 4168 iis
623 4111 715 4181 qui
744 4110 1053 4167 mundanas
1088 4125 1177 4167 res
1213 4120 1471 4166 accurate
1508 4125 1842 4181 cognoscere
1864 4104 2103 4167 ac'scru-

524 4203 633 4257 tari
662 4202 873 4258 volunt.

526 4313 594 4369 Π.
632 4313 712 4368 De
755 4314 1058 4377 voluntate,
1102 4315 1422 4384 proprietate
1470 4324 1522 4368 et
1571 4315 1897 4383 operatione,
1951 4324 2002 4370 et
2040 4315 2105 4370 de

914 4387 1106 4440 unione
1152 4397 1202 4440 et
1244 4384 1707 4441 consubstantiali.

2200 3184 2378 3256 εἴπῃς,
2420 3182 2486 3235 Ἠ
2515 3180 2778 3239 θάλασσα,
2808 3179 2841 3246 ἡ
2864 3175 3049 3246 λίμνη,
3068 3174 3129 3227 τὸ
3159 3172 3352 3244 φρέαρ,
3383 3170 3416 3240 ἡ
3444 3168 3614 3240 πηγὴ,
3648 3166 3775 3238 μίαν

2200 3273 2358 3339 εἶπας
2389 3272 2498 3327 τῶν
2539 3272 2745 3326 ὑδάτων
2787 3269 3104 3322 ὑπόστασιν.
3149 3263 3315 3317 Πάλιν
3354 3261 3450 3314 ἐὰν
3489 3261 3672 3333 εἴπῃς,
3719 3259 3774 3311 ὐ

2199 3367 2463 3438 ποταμὸς,
2505 3365 2631 3428 τοὺς
2661 3363 2935 3434 ποταμοὺς
2985 3360 3192 3436 πάντας
3224 3357 3448 3427 εἴρηκας
3470 3370 3484 3385 ο
3520 3355 3569 3406 εἰ
3611 3352 3669 3405 δὲ
3699 3349 3775 3403 εί-

2201 3479 2329 3533 πῃς,
2359 3461 2387 3513 6
2426 3456 2756 3530 Μαίανδρος,
2800 3458 2828 3509 6
2855 3452 3167 3526 Εὐφράτης,
3196 3451 3224 3502 6
3263 3447 3472 3512 Νεῖλος,
3507 3445 3630 3498 τότε
3665 3443 3774 3497 τῶν

2202 3551 2462 3625 ποταμῶν
2485 3548 2644 3614 εἶπας
2673 3550 2802 3619 μίαν
2846 3546 3160 3601 ὑπόστασιν.
3194 3543 3304 3598 Kal.
3344 3543 3401 3595 ἐν
3430 3544 3543 3600 τοῖς
3572 3540 3777 3600 λοιποῖς

2199 3646 2398 3717 ὁμοίως
2428 3642 2570 3698 οὑτω
2600 3641 2706 3713 χρὴ
2762 3639 2940 3694 πάντα
2970 3636 3269 3709 διερευνᾷν,
3304 3633 3398 3687 καὶ
3424 3630 3546 3685 καθ’
3569 3630 3630 3684 ὃν
3655 3627 3777 3700 τρό-

2201 3755 2301 3793 πον
2344 3737 2661 3808 ἐγράφησαν
2710 3728 3034 3786 διανοεῖσθαι
3077 3727 3171 3782 καὶ
3219 3721 3624 3793 ἐπιγινώσκειν,
3680 3721 3774 3776 καὶ

2199 3830 2493 3902 διακρίνειν
2524 3827 2578 3880 τί
2611 3826 2725 3879 ἐστι
2760 3822 2944 3893 φύσις,
2976 3820 3071 3874 καὶ
3098 3819 3150 3872 τί
3181 3818 3328 3872 ἐστιν
3360 3815 3675 3877 ὑπόστασις.
3712 3812 3777 3867 Ἡ

2205 3924 2303 3995 μὲν
2329 3920 2437 3992 γάρ
2462 3919 2622 3991 φύσις
2645 3917 2845 3986 ἐστὶνὴ
2875 3913 2999 3987 ῥίζα
3031 3913 3126 3967 καὶ
3150 3912 3184 3983 ἡ
3211 3908 3361 3980 πηγὴ
3389 3907 3496 3962 τῶν
3524 3904 3779 3979 πραγμά-

2201 4036 2344 4074 των’
2377 4019 2410 4088 ἡ
2454 4017 2510 4069 δὲ
2543 4014 2839 4075 ὑπόστασις
2901 4009 3066 4081 μέρος
3098 4005 3214 4059 ἐστὶ
3251 4003 3351 4075 τῆς
3391 4002 3622 4071 φύσεως.
3663 4000 3780 4052 Ἀν-

2202 4113 2403 4182 αγκαῖα
2436 4107 2545 4180 γὰρ
2590 4104 2763 4160 ταῦτα
2793 4106 2904 4166 τοῖς
2935 4100 3180 4155 θέλουσιν
3199 4094 3441 4169 ἀκριϐῶς
3480 4093 3552 4149 τὰ
3602 4094 3660 4147 ἐν
3702 4090 3780 4163 τῷ

2204 4208 2395 4278 κόσμῳ
2424 4199 2810 4271 ἐπιγινώσκειν
2845 4196 2939 4251 καὶ
2971 4193 3219 4266 ἐρευνᾷν.

2204 4324 2272 4377 Π.
2304 4319 2443 4390 Περί
2474 4310 2957 4390 θελήματος-..καὶ
2980 4307 3304 4390 ἰδιώματος,
3334 4301 3435 4390 καί
3453 4299 3777 4390 ένεργε.ἀς,

2450 4388 2550 4443 καί
2582 4374 2715 4455 ,τῖερί
2742 4374 3015 4446 emam
3043 4374 3142 4432 καί
3184 4374 3533 4445 όμοουσίου.

598 4476 739 4545 Quid
781 4484 866 4533 est
896 4477 1186 4533 voluntas?
1213 4475 1478 4534 Voluntas
1518 4486 1603 4535 est
1647 4478 2000 4551 intelligentis
2047 4488 2093 4535 el

2273 4483 2339 4538 Τί
2376 4485 2493 4536 ἐστι
2527 4479 2773 4551 θέλημα;
2806 4471 3034 4543 Θέλημά
3064 4472 3213 4523 ἐστιν
3245 4464 3430 4529 οὐσίας
3458 4464 3654 4534 νοερᾶς
3690 4459 3782 4516 καὶ

527 4569 813 4626 rationalis
845 4570 1163 4627 substantiae
1186 4571 1480 4640 appetitus,
1515 4572 1582 4627 ad
1624 4572 1677 4627 id
1692 4557 1854 4643 .quod
1894 4588 2101 4628 concu-

526 4662 777 4733 piscitur.
822 4660 1100 4733 Quidquid
1130 4662 1274 4717 enim
1310 4661 1587 4736 intelligit,
1621 4666 1799 4736 palam
1825 4672 1909 4722 est
1955 4667 2101 4737 quod

525 4756 692 4810 etiam
724 4754 1022 4812 voluntatis
1055 4756 1129 4810 sit
1157 4770 1331 4826 capax
1358 4774 1370 4810 :
1404 4756 1619 4831 θέλημα
1647 4759 1824 4825 enim,
1874 4776 1972 4816 seu
2003 4775 2103 4813 vo-

525 4847 731 4913 luntas,
762 4847 906 4903 κατὰ
931 4850 994 4903 τὸ
1023 4850 1163 4905 θέειν
1185 4850 1326 4917 λίαν,
1360 4852 1569 4907 scilicet
1598 4866 1628 4905 a
1656 4850 1814 4906 valde
1833 4853 2104 4907 currendo

525 4942 765 4998 dicitur:
800 4942 919 5007 vel,
950 4945 1122 5014 optati
1160 4945 1468 5015 assumptio
1503 4960 1597 5001 seu
1635 4944 1946 5013 occupatio.
1989 4943 2105 4998 Tri-

525 5035 740 5103 pliciter
777 5042 957 5092 autem
988 5037 1245 5093 voluntas
1289 5036 1673 5092 consideratur
1701 5055 1715 5091 :
1749 5037 1970 5102 divina,
2006 5050 2105 5090 an-

523 5126 696 5195 gelica
738 5136 796 5183 et
842 5130 1069 5196 animae;
1109 5128 1550 5200 quandoquidem
1610 5129 1693 5183 hae
1734 5138 1847 5185 tres
1895 5136 2106 5184 natura:

523 5230 763 5286 tantum,
785 5223 1084 5279 voluntatis
1121 5230 1249 5278 sunt
1279 5237 1525 5291 capaces.
1578 5220 1889 5292 Tripliciter
1922 5230 2103 5278 autem

524 5321 579 5369 et
603 5314 658 5368 in
692 5314 972 5385 Scriptura
1001 5314 1333 5368 voluntatem
1361 5313 1670 5370 invenimus
1701 5313 1955 5383 usurpari
1984 5333 1997 5368 :
2029 5312 2108 5367 di-

527 5406 732 5469 vinam,
758 5407 1061 5461 naturalem
1093 5405 1177 5460 vel
1213 5404 1467 5467 mediam,
1493 5405 1655 5460 tertio
1670 5406 1965 5471 carnalem,
1986 5421 2108 5475 quae

529 5496 856 5551 diabolicam
889 5497 1183 5568 signiﬁcat.
1233 5494 1501 5549 Voluntas
1533 5495 1712 5550 divina
1734 5535 1750 5562 ,
1785 5500 1915 5550 sunt
1944 5508 2099 5546 man-

533 5587 659 5641 data
693 5585 807 5640 Dei.
854 5585 1121 5642 Voluntas
1167 5585 1468 5648 naturalis,
1521 5593 1607 5641 est
1636 5585 1883 5653 operatio
1910 5581 2108 5637 divinae

536 5679 853 5734 voluntatis.
879 5678 1129 5734 Carnalis
1165 5694 1298 5735 vero
1328 5678 1599 5744 voluntas,
1626 5686 1713 5733 est
1747 5677 1884 5749 legis
1911 5676 2109 5732 divinae

536 5769 924 5840 transgressio.
955 5768 1174 5842 Triplex
1206 5770 1312 5828 ista
1343 5770 1597 5827 voluntas
1637 5775 1720 5827 est
1767 5770 1822 5825 in
1866 5768 2103 5827 homine.

2202 4576 2424 4646 λογικῆς
2456 4573 2639 4643 ἔφεσις
2666 4568 2802 4641 πρὸς
2826 4566 2886 4620 τὺ
2910 4562 3269 4633 καταθύμιον.
3299 4559 3414 4613 Πᾶν
3438 4556 3549 4627 γὰρ
3576 4554 3780 4627 νοερὸν,

2204 4666 2491 4742 πρόδηλον,
2534 4665 2616 4718 ὅτι
2665 4661 2760 4715 καὶ
2806 4656 3085 4729 θελητικὸν
3122 4655 3391 4726 ὑπάρχει·
3434 4650 3648 4742 θέλημα
3674 4647 3782 4719 γάρ

2202 4740 2441 4830 λέγεται,
2477 4753 2621 4811 κατὰ
2650 4752 2710 4806 τὸ
2751 4749 2894 4805 θέειν
2927 4749 3071 4813 λίαν,
3101 4747 3135 4818 ἢ
3164 4744 3257 4798 τοῦ
3293 4740 3518 4814 θελητοῦ
3564 4741 3781 4813 λῆμμα,

2203 4854 2235 4924 ἦ
2270 4852 2346 4914 ὡς
2376 4849 2652 4921 κράτημα.
2680 4842 2896 4914 Τριχῶς
2920 4840 2975 4894 δέ
3007 4838 3290 4909 θεωρεῖται
3322 4833 3643 4924 τδῇθέλημα,
3677 4830 3784 4886 θεῖ-

2205 4917 2320 5007 κὸν,
2362 4917 2676 5010 ἀγγελικὴν,
2706 4935 2803 4990 καὶ
2833 4929 3093 5003 ψυχικόν·
3138 4925 3326 4996 ἐπειδὴ
3356 4917 3517 4979 αὗται
3549 4924 3606 4976 al
3638 4921 3785 4995 τρεῖς

2205 5033 2395 5104 φύσεις
2427 5030 2585 5101 μόναι
2625 5025 2733 5080 εἰσὶ
2781 5019 3083 5092 θελητικαί.
3132 5015 3349 5090 Τριχῶς
3386 5014 3443 5068 δὲ
3483 5012 3579 5066 καί
3623 5012 3684 5104 ἐν

2204 5101 2394 5197 Ῠραφῇ
2435 5119 2761 5191 εὑρίσκομεν
2799 5114 2862 5168 τὸ
2893 5112 3107 5183 θέλημα
3143 5108 3458 5178 λεγόμενον,
3494 5103 3698 5167 θεῖκὺν,
3724 5101 3785 5154 τὸ

2206 5196 2489 5288 φυσικὸνῆ
2534 5210 2594 5265 τὸ
2645 5208 2828 5280 μέσον,
2876 5206 2971 5261 καὶ
2998 5204 3181 5276 τρίτον
3212 5200 3275 5253 τὸ
3321 5197 3602 5288 σαρκικὸν,
3651 5196 3784 5264 ὅπερ

2208 5284 2459 5379 σημαίνει
2483 5302 2542 5356 τὸ
2574 5296 2894 5355 διαόολικόν.
2931 5294 3153 5364 Θέλημα
3187 5289 3327 5343 θεῖόν
3356 5288 3473 5341 ἐστι
3505 5284 3576 5339 τὰ
3604 5300 3784 5379 apes:

2204 5373 2461 5467 τάγματα
2481 5393 2576 5448 τοῦ
2596 5391 2752 5446 Θεοῦ.
2779 5389 2917 5458 ϐέλη
2928 5404 3004 5458 μα
3029 5384 3084 5438 δέ
3107 5382 3332 5454 φυσικὸν
3359 5381 3393 5450 ἡ
3420 5376 3653 5450 ἐργασία
3694 5373 3785 5467 τοῦ

2206 5463 2341 5541 Θεοῦ
2366 5466 2686 5556 θελήματος.
2713 5481 2853 5552 Θέλη
2863 5496 2936 5551 μα
2961 5478 3018 5530 δὲ
3049 5472 3308 5546 σαρκικὸν
3334 5474 3367 5542 ἡ
3404 5468 3660 5541 παρακοὴ
3690 5463 3784 5521 τοῦ

2207 5581 2351 5635 θείου
2381 5582 2568 5652 νόμου.
2615 5576 2803 5633 Ταῦτα
2841 5573 2910 5627 τὰ
2943 5572 3068 5642 τρία
3101 5564 3381 5639 θελήματά
3421 5564 3560 5616 είσιν
3604 5562 3673 5614 ἐν-
3709 5556 3788 5629 τῷ

2207 5672 2494 5746 ἀνθρώπῳ.
2530 5668 2763 5725 Ἐστιδέ
2793 5667 2888 5721 καί
2921 5665 3106 5735 ἓτερον
3133 5659 3341 5730 θέλημα
3372 5655 3623 5727 φυσικὸν,
3651 5654 3787 5724 ὅπερ

2207 5765 2425 5836 λέγεται
2470 5763 2647 5818 κοινὸν
2690 5761 2858 5815 πᾶσιν
2903 5756 3233 5828 ἀνθρώποις.
3273 5750 3442 5807 Τοῦτο
3479 5748 3538 5805 δέ
3583 5752 3703 5805 ἐστι
3728 5748 3786 5802 τὺ
