3920 6570
176 417 310 475 5H

1390 418 1596 475 LIBER
1638 420 1729 478 DE
1766 421 2340 483 DEFINITIONIBUS.

3342 425 3449 484 εις

170 532 476 600 φιλόζωον.
528 531 739 596 Πάντες
790 531 902 604 γὰρ
952 534 1001 587 οἱ
1056 532 1329 606 ἄνθρωποι
1412 536 1623 605 φιλοῦσι
1680 538 1740 607 τὴ

1845 587 1851 601 ι
1878 539 1976 597 Est
1999 543 2160 597 etiam
2189 543 2295 596 alia
2327 542 2590 598 naturalis
2623 541 2897 602 voluntas,
2921 555 3043 610 quae
3071 539 3272 597 dicitur
3298 555 3448 599 com-

170 623 363 695 ζωὴν,
395 623 489 676 καὶ
525 623 588 675 τὸ
633 623 767 695 ὁρᾷν
809 624 869 677 τὸ
912 624 1046 693 φῶς.
1086 624 1218 678 Ἰδοὺ
1257 625 1353 678 καὶ
1383 625 1445 679 τὸ
1485 627 1661 681 κοινὸν
1695 627 1777 681 θέ-

166 715 253 788 In;
266 734 364 787 μα.
395 716 515 770 Εἰσὶ
539 716 598 769 δὲ
628 716 724 770 καὶ
753 716 915 786 ἕτερα
953 715 1230 787 θελήματα
1254 718 1312 771 ὲν
1337 718 1488 787 ἡμῖν,
1513 718 1653 788 ειπερ
1675 736 1774 771 κα-

168 805 411 859 λοῦνται
453 805 731 875 γνωμικά.
762 804 954 869 Ἀλλος
1001 805 1098 876 μὲν
1143 805 1251 878 γὰρ
1302 806 1583 877 ἄνθρωπος
1629 807 1770 861 θέλει

170 896 435 961 ἰδιάζειν,
471 896 632 959 ἄλλος
662 898 958 968 γεωργεῖν·
986 896 1083 950 καὶ
1113 896 1269 961 ἄλλος
1307 896 1406 967 μὲν
1443 897 1645 959 πλέειν,
1674 897 1770 951 ἄλ-

166 989 280 1052 λος
304 990 358 1042 δὲ
386 988 785 1052 ἀναπαύεσθαι,
810 989 906 1041 καὶ
939 987 1096 1052 ἄλλος
1133 988 1355 1053 ὁδεύειν,
1380 988 1537 1052 ἄλλος
1562 1005 1769 1059 γρηγο-

167 1084 325 1151 ρείν,
357 1081 452 1134 καὶ
482 1079 645 1145 ἄλλος
676 1079 898 1141 ὑπνοῧν,
924 1079 1020 1133 καὶ
1046 1080 1096 1133 οἱ
1133 1079 1307 1134 λοιποὶ
1333 1078 1531 1150 ὁμοίως
1549 1095 1564 1108 ·
1594 1077 1765 1132 πολλὰ

167 1172 438 1243 γνωμικὰ
502 1171 786 1243 θελήματα
841 1171 1038 1243 ἔχομεν
1098 1172 1148 1223 οἱ
1211 1168 1503 1240 ἄνθρωποι.
1562 1169 1656 1220 ’Ἑν
1704 1168 1763 1221 δὲ

164 1266 413 1333 φυσικὸν
464 1263 676 1336 θέλημα
728 1264 925 1334 ἔχομεν
989 1264 1209 1327 πάντες,
1265 1261 1327 1315 τὸ
1385 1263 1604 1333 ἀγαπᾷν
1661 1261 1759 1333 τὴν

168 1355 349 1428 ζωὴν,
383 1358 501 1428 ἦτοι
543 1357 642 1427 τὴν
667 1355 982 1421 ἀθανασίαν,
1013 1356 1079 1427 ἦν
1105 1354 1367 1426 ἐλάϐομεν
1403 1355 1463 1422 ἐξ
1489 1354 1684 1427 ἀρχῆς.

1876 633 2059 688 munis
2077 633 2331 689 omnibus
2357 634 2689 698 hominibus,
2708 649 2829 704 quae
2854 640 2938 689 est
2959 648 3115 687 amor
3141 634 3283 689 vitae.
3307 632 3444 688 Nam

1873 736 2062 779 omnes
2099 724 2348 780 homines
2379 724 2545 779 vitam
2589 732 2774 779 amant
2800 764 2816 789 ,
2871 724 3206 793 cupiuntque
3260 723 3445 780 videre

1870 814 2069 869 lucem.
2106 813 2172 868 Et
2203 816 2317 871 haec
2345 824 2429 871 est
2457 817 2768 873 communis
2801 817 3077 873 voluntas.
3111 816 3249 870 Sunt
3276 818 3440 872 etiam

1868 907 1924 959 in
1956 904 2117 960 nobis
2148 905 2256 959 alia
2280 906 2577 961 voluntatis
2605 922 2831 977 genera.
2858 921 2981 977 qua?
3007 906 3267 961 dicuntur
3295 907 3442 959 arbi-

1867 995 1980 1050 trii.
2020 994 2156 1049 Nam
2186 996 2328 1052 alius
2363 997 2477 1051 vult
2500 998 2982 1069 vivere.privatus,
3011 998 3154 1052 alius
3176 999 3437 1059 rusticus.

1866 1092 1921 1140 et
1953 1086 2092 1141 alius
2117 1087 2376 1157 navigare
2399 1126 2415 1152 ,
2452 1088 2593 1143 alius
2631 1105 2760 1144 vero
2809 1088 2915 1144 frui
2949 1088 3161 1159 quiete.
3212 1099 3265 1144 et
3299 1089 3438 1144 alius

1865 1178 2226 1248 peregrinari,
2261 1180 2401 1235 alius
2432 1180 2653 1251 vigilare
2678 1189 2734 1236 et
2768 1181 2908 1236 alius
2938 1180 3176 1236 dormire
3204 1201 3217 1235 :
3249 1188 3303 1235 et
3336 1197 3441 1236 ca:-

1865 1269 1965 1323 teri
2003 1269 2274 1336 similiter,
2305 1271 2446 1325 alius
2478 1271 2593 1326 vult
2624 1272 2807 1325 aliud:
2846 1287 2973 1325 nam
3015 1273 3215 1327 multas
3243 1272 3407 1326 volun

1860 1362 2001 1410 tates
2034 1356 2246 1410 arbitrii
2281 1358 2565 1414 habemus.
2621 1357 2791 1414 Unam
2825 1376 2954 1416 vero
2979 1362 3307 1417 voluntatem
3338 1377 3433 1416 na-

163 1452 411 1506 turalem
471 1466 665 1505 omnes
713 1449 1059 1520 accepimus,
1136 1464 1332 1522 nempe
1384 1464 1568 1504 amare
1633 1450 1836 1514 vitam,
1901 1463 1999 1504 seu
2061 1452 2555 1521 immortalitatem,
2605 1470 2769 1526 quam
2830 1457 3141 1527 accepimus
3202 1473 3235 1513 a
3286 1459 3437 1530 prin-

161 1552 343 1623 cipio.

598 1689 685 1746 Ill.
746 1692 808 1745 Tt
829 1690 1065 1762 λέγεται
1093 1691 1318 1762 ἰδίωμα.

252 1847 475 1918 Ἴδίωμα
501 1846 719 1916 λέγεται
753 1846 841 1900 διὰ
864 1846 924 1900 τὸ
970 1845 1076 1900 ἴδια
1104 1841 1239 1899 εἶναι
1279 1845 1394 1917 ἅμα
1411 1860 1425 1874 “
1452 1844 1742 1916 ἀχώριστοι

2132 1685 2290 1757 196
2322 1683 2411 1740 111.
2451 1684 2592 1752 Quid
2620 1685 2816 1739 dicitur
2848 1687 3162 1756 proprietas.

1919 1842 2146 1908 ldioma,
2186 1858 2282 1898 seu
2312 1843 2617 1913 proprietas
2649 1842 2882 1900 dicitur.
2942 1844 3030 1898 διὰ
3062 1843 3124 1897 τὸ
3155 1844 3261 1897 tota
3291 1838 3431 1898 εἶναι

162 1940 283 2011 γάρ
306 1939 416 1992 εἱσι
444 1939 556 1991 τῶν
586 1938 801 2008 φύσεων
840 1938 935 1991 κα)⁹
961 1936 1071 1991 τῶν
1106 1937 1458 1991 ὑποστάσεων
1491 1939 1547 1990 al
1582 1935 1740 1989 abst?»

1858 1934 1997 2005 ἃμα,
2026 1936 2149 1990 ideo
2182 1936 2327 2006 quod
2384 1937 2547 1990 simul
2598 1936 2706 1991 sint
2759 1939 2997 2008 propria.
3033 1937 3432 2008 lnseparabiles

167 2028 453 2099 ἰδιότητες.
490 2025 710 2097 Ἰδίωμά
746 2028 860 2080 ἐστι
896 2026 959 2080 τὸ
986 2025 1043 2078 ἐν
1079 2043 1183 2080 τινι
1219 2025 1377 2096 φύσει
1409 2025 1588 2089 ῑδικῶς
1610 2043 1740 2095 γνω-

1850 2025 2000 2081 enim
2037 2035 2167 2082 sunt
2199 2042 2230 2081 a
2264 2029 2381 2083 suis
2421 2028 2634 2083 naturis
2663 2036 2719 2082 et
2749 2028 3138 2100 hypostasibus
3182 2030 3430 2100 proprie-

166 2118 456 2190 μζὸμενον
492 2119 588 2173 καὶ
626 2120 682 2171 ὲν
733 2118 897 2190 ἑτέρᾳ
945 2118 1018 2189 μὴ
1069 2119 1475 2190 εὑρισκόμενον.
1527 2112 1651 2171 Οἷόν
1696 2135 1740 2171 τι

1847 2121 1995 2170 tates
2028 2116 2291 2186 ipsarum.
2329 2116 2641 2188 Proprietas
2671 2128 2776 2186 est,
2808 2120 2950 2189 quod
3004 2121 3059 2175 in
3111 2120 3290 2190 aliqua
3338 2135 3432 2174 na-

160 2211 310 2279 λέγω
331 2229 345 2240 ·
364 2212 455 2264 Ἐν
485 2208 565 2282 τῷ
589 2209 708 2280 Θεῷ
723 2211 841 2263 ἐστι
856 2210 916 2262 τὸ
938 2208 1281 2280 προαιώνιον,
1314 2209 1375 2263 τὸ
1388 2210 1657 2272 ἀκτιστον,
1687 2208 1740 2261 τὸ

1848 2213 1973 2261 tura
2001 2209 2221 2278 proprie
2250 2209 2620 2279 cognoscitur,
2650 2219 2704 2265 et
2728 2210 2779 2264 in
2817 2211 2921 2265 alia
2950 2212 3099 2266 nulla
3131 2213 3425 2281 reperitur.

158 2303 270 2357 ἀπε
278 2303 603 2375 ρίγραπτον,
620 2300 775 2356 ἅτινα
785 2301 880 2372 οὐχ
897 2302 1229 2372 ὑπάρχουσιν
1242 2303 1299 2355 ὲν
1309 2300 1441 2372 ἄλλῃ
1453 2300 1539 2371 οἵᾳ
1550 2300 1745 2371 δήποτε

157 2397 339 2468 οὐσίᾳ.
360 2395 586 2467 Ἱδίωμά
602 2397 717 2447 ἐστι
735 2397 847 2458 τοῖς
863 2393 1116 2463 ἀγγέλοις
1133 2394 1195 2446 τὸ
1209 2393 1418 2456 ἀπαθὲς
1434 2394 1526 2446 καὶ
1541 2392 1744 2447 ἀθάνα-

158 2503 273 2553 τον,
290 2485 745 2556 τὺύμνολογικδν,
762 2482 823 2538 τὸ
838 2484 1117 2555 ἀσίγητον.
1150 2484 1364 2554 ’ἰδίωμα
1380 2484 1437 2537 δὲ
1456 2482 1743 2554 ἀνθρώπου

158 2578 371 2649 κυρίως
385 2577 448 2631 τὸ
474 2576 727 2630 σύνθετον
755 2577 819 2629 ὲκ
848 2574 1051 2645 θνητῆς
1084 2575 1179 2629 καὶ⁸
1216 2576 1481 2630 ἀθανάτου
1509 2575 1740 2645 φύσεως.

157 2672 217 2723 ὲν
243 2669 383 2742 ἄλλῃ
393 2669 487 2742 οἷα
502 2669 701 2740 δήποτε
719 2668 877 2738 οὐσία
895 2666 967 2738 μὴ
999 2666 1417 2739 γνωριζόμενον.
1433 2667 1543 2719 Καὶ
1573 2665 1743 2720 ταῦτα

162 2761 264 2830 μέν
284 2761 396 2814 εἰσι
412 2759 621 2830 φυσικὰ
644 2758 929 2830 ἰδιώματα·
955 2758 1041 2811 ἓτε
1050 2775 1117 2830 ρα
1136 2759 1229 2810 καὶ
1246 2758 1604 2823 ὑποτακτικὰ,
1631 2752 1741 2810 οἷον

157 2852 448 2923 λευκότης,
502 2851 752 2924 μελανία,
799 2850 1096 2923 μακρότης,
1150 2850 1457 2920 κολοϐότης,
1505 2849 1739 2918 γλαυκὸ-

157 2961 276 3015 της,
308 2943 605 3015 γοργὸτης,
638 2942 932 3013 νωθρότης,
963 2944 1057 2996 καὶ
1087 2942 1154 2995 τὰ
1183 2943 1342 3013 ὅμοια
1371 2942 1511 3013 ἆπερ
1547 2941 1646 2993 οὐκ
1683 2941 1740 2993 ἐν

158 3038 326 3087 πᾶσιν
367 3032 678 3105 ἀνθρώποις
708 3032 1067 3104 εὑρίσκονται.
1101 3033 1174 3084 Οὐ
1201 3031 1308 3101 γὰρ
1338 3032 1535 3095 πάντες
1568 3031 1616 3084 οε
1646 3032 1739 3086 ἆν-

158 3126 370 3198 θρωποι
402 3126 619 3197 γοργοὶ,
661 3125 780 3180 οὐδὲ
821 3126 1022 3187 πάντες
1066 3124 1271 3192 ξανθοί.
1316 3124 1397 3177 Τὰ
1437 3124 1493 3178 δὲ
1537 3124 1740 3194 φυσικὰ

160 3218 432 3289 ἰδιώματα
461 3216 519 3283 ἐξ
551 3216 667 3270 ίσου
703 3216 796 3270 καὶ
825 3216 881 3268 ὲν
907 3215 1069 3269 ’παντὶ⁸
1091 3214 1169 3286 τῷ
1203 3214 1328 3268 εἴδει
1363 3215 1733 3286 εὑρίσκονται·-

1845 2298 2092 2370 Exempli
2133 2314 2323 2363 causa,
2349 2300 2403 2353 in
2430 2299 2539 2355 Deo
2564 2310 2667 2367 est,
2696 2302 2838 2371 quod
2870 2304 2941 2357 sit
2987 2309 3112 2357 ante
3161 2304 3430 2358 aeternita-

1843 2399 1949 2444 tem
1979 2399 2309 2461 temporum,
2341 2391 2620 2447 increatus
2647 2401 2702 2447 et
2729 2393 3048 2457 immensus,
3082 2409 3203 2464 quae
3235 2394 3289 2448 in
3315 2394 3423 2448 alia

1841 2483 1991 2536 nulla
2016 2497 2245 2551 usquam
2271 2492 2400 2539 sunt
2439 2484 2769 2539 substantia.
2806 2484 3136 2555 Angelorum
3176 2486 3423 2555 proprie-

1840 2582 1924 2628 tas
1957 2580 2060 2640 est,
2091 2573 2237 2643 quod
2276 2574 2561 2630 all'ectibus
2593 2576 2910 2645 passionum
2942 2584 3168 2632 careant
3204 2584 3260 2632 et
3306 2577 3421 2633 sint

1840 2665 2364 2737 immortales,quod
2393 2665 2559 2722 Deum
2590 2666 2842 2723 laudibus
2875 2668 3173 2735 celebrent,
3205 2676 3260 2723 et
3284 2685 3423 2724 nun-

1841 2774 2001 2828 quam
2028 2760 2244 2815 sileant.
2276 2759 2585 2829 Proprietas
2610 2776 2741 2815 vero
2770 2761 3010 2815 hominis
3040 2770 3146 2825 est,
3172 2763 3322 2831 quod
3347 2778 3416 2817 ex

1838 2852 2055 2905 mortali
2100 2859 2155 2907 et
2208 2852 2503 2906 immortali
2534 2861 2729 2906 natura
2763 2854 3102 2922 compositus
3145 2854 3238 2917 sit,
3271 2855 3418 2922 quod

1839 2943 1893 2997 in
1920 2943 2024 2998 alia
2055 2943 2202 2997 nulla
2233 2959 2461 3013 usquam
2488 2944 2793 2999 substantia
2821 2945 3109 3014 reperitur.
3137 2943 3313 3014 Atque
3337 2945 3420 3000 ba)

1838 3035 2058 3105 quidem
2095 3043 2222 3089 sunt
2246 3036 2610 3105 proprietates
2642 3036 2938 3090 naturales.
2974 3037 3107 3091 Aliae
3135 3046 3266 3091 sunt
3293 3038 3421 3092 sub-

1839 3128 2122 3190 ordinatae.
2160 3135 2220 3182 ut
2254 3128 2469 3192 albedo,
2500 3129 2761 3198 nigredo,
2804 3130 3108 3200 longitudo,
3135 3130 3375 3186 brevitas
3399 3172 3415 3196 ,

1839 3219 1985 3272 ca-sii
2014 3224 2108 3273 aut
2140 3218 2276 3273 torvi
2308 3219 2452 3272 oculi
2473 3258 2490 3282 ,
2532 3219 2783 3279 tarditas.
2815 3226 2870 3273 et
2897 3219 3122 3282 similia,
3155 3235 3277 3290 quae
3307 3236 3417 3275 non

157 3311 363 3374 πάντες
387 3310 501 3381 γὰρ
525 3312 574 3363 οἱ
596 3309 869 3381 ἄνθρωποι
901 3309 1078 3382 βροτοὶ
1107 3310 1305 3380 ὁμοίως
1331 3310 1455 3372 εἰσὶ,
1489 3310 1583 3363 καὶ
1611 3309 1737 3381 θνη-

1845 3311 1892 3364 ἱη
1924 3311 2181 3366 omnibus
2204 3309 2519 3365 hominibus
2549 3311 2922 3382 reperiuntur.
2953 3310 3070 3366 Non
3119 3313 3265 3367 enim
3303 3328 3419 3365 om-

154 3405 256 3467 τοὶ,
299 3403 536 3472 λογικοὶ,
584 3400 962 3473 πλατυόνυχοι,
1009 3399 1574 3473 ὀρθοπεριπατητικοί.
1617 3401 1737 3454 Εἰσὶ

153 3496 209 3548 δὲ
256 3496 359 3549 καὶ
400 3493 588 3566 ἕτερα,
630 3494 772 3565 ἅπερ
821 3494 883 3547 οὐ
929 3493 1175 3560 λέγονται
1209 3491 1411 3563 κυρίως
1454 3490 1734 3564 ἰδιώματα,

154 3586 287 3639 ἀλλὰ
321 3586 732 3658 συμϐεϐηκότα.
768 3584 950 3639 Ταῦτα
979 3584 1034 3637 δὲ
1060 3583 1298 3653 γίνονται
1333 3585 1427 3637 καὶ
1459 3583 1739 3653 ἀπογίνον-

153 3694 270 3729 ται·
304 3670 423 3729 οἷον
458 3677 491 3747 ἡ
519 3676 803 3746 νηπιότης,
830 3676 863 3747 ἡ
888 3674 1068 3743 ὑγεία,
1107 3674 1338 3746 ἠνόσος,
1369 3676 1401 3744 ἡ
1443 3673 1735 3745 θερμότης.

152 3771 184 3838 ἡ
212 3768 524 3839 ψυχρότης·
556 3766 649 3819 καὶ
690 3764 875 3829 ἁπλῶς
908 3766 1015 3819 πᾶν
1044 3765 1105 3818 τὸ
1138 3763 1548 3836 παραλλαγῆναι
1588 3763 1741 3817 δυνά-

156 3876 315 3929 μενον
348 3858 696 3929 συμϐεόηκὸς
725 3857 962 3925 λέγεται.

1834 3418 1932 3457 nes
1965 3402 2216 3458 homines
2265 3410 2394 3457 sunt
2438 3404 2610 3459 torvis
2662 3404 2874 3466 oculis,
2912 3418 3014 3458 nec
3047 3418 3236 3460 omnes
3289 3413 3418 3460 sunt

1833 3493 1979 3548 ﬂavi.
2009 3493 2292 3550 Naturales
2325 3501 2506 3549 autem
2553 3495 2913 3565 praprietates
2943 3496 3146 3564 pariter
3176 3496 3229 3550 in
3264 3499 3416 3552 omni

1835 3585 2017 3654 specie
2073 3586 2459 3654 reperiuntur:
2499 3600 2624 3640 nam
2683 3601 2875 3641 omnes
2911 3587 3162 3641 homines
3211 3588 3420 3658 pariter

1833 3676 2244 3746 corruptibiles,
2272 3684 2401 3732 sunt
2415 3676 2691 3735 mortales.
2713 3676 3027 3741 rationales,
3052 3678 3193 3732 latos
3210 3693 3418 3747 ungues

1842 3766 2105 3823 habentes
2138 3775 2192 3823 et
2221 3766 2533 3823 incedentes
2556 3774 2739 3823 erecto
2759 3783 3009 3838 corpore.
3043 3767 3184 3822 Sunt
3234 3777 3416 3824 autem

1840 3866 1894 3913 et
1924 3858 2049 3923 alia,
2078 3873 2198 3928 qua;
2217 3874 2327 3913 non
2349 3857 2570 3928 proprie
2596 3856 2855 3911 dicuntur
2888 3857 3169 3921 idiomata,
3197 3858 3294 3913 sed
3318 3854 3415 3913 ac-

153 3953 414 4017 cidentia,
450 3966 574 4021 quae
622 3950 823 4005 adsunt
869 3949 1191 4005 substantia:
1241 3956 1296 4004 et
1341 3947 1645 4015 recedunt;
1680 3955 1740 4002 ut
1781 3949 2036 4016 infantia,
2069 3950 2298 4017 sanitas,
2350 3951 2597 4014 morbus,
2650 3949 2924 4008 callditas.
2970 3948 3282 4022 frigidius:
3315 3949 3414 4005 de.

152 4045 316 4115 nique
343 4042 614 4116 quidquid
646 4042 847 4097 mutari
884 4050 1084 4115 potest,
1111 4042 1435 4112 contingens
1472 4040 1555 4096 vel
1579 4040 1835 4097 accidens
1866 4042 2088 4098 dicitur.

632 4194 723 4251 lV.
760 4196 901 4265 Περὶ
927 4197 1250 4267 ἐνεργείας.

226 4352 519 4426 Ἐνέργειά
558 4355 697 4415 ἐστι,
740 4355 881 4410 καθά
919 4372 1083 4426 φησιν
1127 4356 1156 4409 ὁ
1190 4353 1342 4425 ἅγιος
1378 4355 1673 4429 Γρηγόριος
1704 4358 1733 4411 ὁ

151 4441 389 4514 Νῦσα-ης,
426 4445 460 4513 ἡ
496 4446 705 4518 φυσικὴ
735 4445 967 4500 ἑκάστου
1000 4446 1229 4516 δύναμίς
1260 4464 1319 4500 τε
1364 4448 1459 4500 καὶ
1497 4449 1727 4520 κίνησις.

2356 4194 2444 4250 lV.
2487 4194 2562 4250 De
2602 4196 2652 4250 vi
2690 4195 2900 4266 agendi.

1903 4350 2000 4407 Vis
2037 4352 2268 4423 agendi,
2321 4352 2781 4423 quemadmodum
2838 4360 3067 4408 sanctus
3116 4349 3417 4422 Gregorius

1831 4441 2110 4515 Nysseuus
2155 4443 2351 4513 inquit,
2384 4452 2469 4499 est
2507 4443 2775 4500 naturalis
2809 4442 3077 4513 cujusque
3109 4442 3186 4496 rei
3217 4450 3415 4511 poten-

152 4534 252 4588 Kal.
307 4536 420 4605 γὰρ
462 4535 693 4589 ἕκαστον
742 4536 999 4601 οὐσιῶδες
1037 4536 1148 4607 ἔχει
1190 4536 1287 4608 τὴν
1332 4538 1525 4592 ἑαυτοῦ
1576 4541 1728 4613 ἐνέρ-

1845 4536 1910 4588 Lia
1938 4542 1993 4589 et
2019 4542 2225 4591 motus.
2253 4535 2387 4589 Nam
2412 4535 2645 4606 quodvis
2677 4535 2973 4591 essentiale
3003 4577 3018 4601 ,
3064 4549 3219 4590 suam
3251 4533 3413 4588 habet

150 4641 330 4692 γειαν·
364 4620 480 4680 οἷον
508 4626 578 4680 τὰ
616 4626 778 4699 νοερὰ
806 4629 906 4701 τὴν
950 4629 1155 4700 νόησιν,
1198 4630 1266 4684 τὰ
1310 4632 1600 4704 αἰσθητικὰ
1628 4636 1728 4706 τὴν

151 4717 422 4789 αἴσθησιν,
470 4717 538 4771 τὰ
582 4719 777 4789 κινητά
820 4720 920 4790 τὴν
968 4720 1200 4792 κίνησιν,
1241 4721 1310 4774 τὰ
1362 4724 1580 4778 πετεινὰ
1630 4725 1729 4795 τὴν

151 4809 364 4880 πτῆσιν,
395 4809 468 4864 τὰ
508 4810 681 4880 νηκτὰ
708 4810 806 4882 τὴν
842 4811 1014 4882 νῆξιν,
1051 4811 1118 4865 τὰ
1160 4812 1425 4882 βλαστικὰ
1459 4814 1558 4887 τὴν
1604 4815 1729 4887 βλά-

152 4916 357 4974 στησιν,
398 4901 468 4954 τὰ
517 4901 823 4973 ἑρπυστικὰ
867 4902 967 4972 τὴν
1012 4902 1266 4974 ἓρπυσιν,
1312 4905 1382 4958 τὰ
1429 4907 1730 4976 φωτιστικὰ

148 4992 232 5065 τὴν
264 4993 559 5065 Ελλαμψιν,
590 4995 656 5048 τὰ
688 4995 979 5066 γεννητικὰ
1003 4996 1098 5067 τὴν
1129 4997 1380 5069 γέννησιν
1404 5016 1417 5029 ·
1454 4999 1596 5071 ἅπερ
1627 4999 1731 5052 πά-

146 5082 247 5149 λιν,
307 5085 714 5157 ἀναιρουμένης
767 5088 867 5158 τῆς
923 5087 1224 5160 ἐνεργείας,
1281 5091 1579 5162 ἀναιρεῖται
1637 5093 1731 5145 καὶ

148 5175 442 5230 ἀπέλλυται
465 5179 560 5230 καὶ
585 5180 617 5250 ή
647 5178 810 5232 αὑτοῦ
834 5179 1015 5249 φύσις.
1056 5182 1479 5254 Ἀναιρουμένης
1505 5185 1611 5257 γὰρ
1634 5186 1731 5255 τῆς

148 5267 415 5331 καύσεως,
453 5266 740 5321 σϐέννυται
763 5268 822 5321 τὸ
852 5269 961 5342 πῦρ
984 5287 997 5301 ο
1023 5270 1423 5345 ἀναιρουμένης
1454 5275 1550 5346 τῆς
1575 5276 1730 5346 κινή-

150 5372 277 5421 σεως
318 5356 417 5410 τοῦ
453 5357 617 5422 ζῴου,
665 5359 961 5413 ἀπόλλυται
995 5358 1166 5424 ζῶον·
1211 5364 1606 5437 ἀναιρουμένης
1634 5367 1733 5438 τῆς

148 5452 404 5519 νοήσεως,
450 5449 753 5504 ἀπόλλυται
787 5452 847 5504 τὸ
874 5452 1058 5523 νοερὸν
1088 5455 1188 5525 τῆς
1220 5455 1399 5526 ψυχῆς
1433 5457 1526 5510 καὶ
1556 5457 1614 5511 τὺ
1643 5457 1732 5510 λο-

149 5539 297 5603 γικὸν
331 5537 528 5610 αὐτῆς.
552 5540 627 5593 Τὸ
652 5540 709 5593 δὲ
737 5541 1058 5612 παράδοξον,
1084 5543 1166 5596 ὅτι
1203 5544 1296 5597 καί
1323 5562 1467 5608 τινες
1491 5545 1734 5617 διάφοροι

147 5632 334 5699 φύσεις
375 5632 742 5705 στερούμεναιν
767 5635 875 5689 τῶν
909 5636 1153 5705 φυσικῶν
1198 5637 1486 5706 ἐνεργειῶν
1527 5638 1728 5707 αὐτῶν,

151 5724 335 5801 ἑτέρας
371 5726 657 5798 ἐνεργείας
687 5726 979 5783 τίκτουσιν.
1013 5722 1137 5781 Οἷον
1176 5731 1204 5782 ὁ
1231 5729 1377 5793 λίθος
1411 5730 1720 5801 καιόμενος,

154 5819 235 5872 καὶ
293 5819 562 5874 ἀπόλλυσι
607 5819 706 5892 τὴν
749 5822 982 5894 φυσικὴν
1030 5817 1328 5895 ἐνεργείαν.
1382 5823 1476 5877 καὶ
1522 5823 1733 5893 γίνεται

1829 4624 2122 4681 eliicaciam
2152 4646 2166 4682 :
2202 4629 2410 4683 scilicet
2452 4627 2840 4683 intellectualia
2871 4624 3240 4697 intelligendi,
3290 4641 3419 4681 sen-

1829 4719 2011 4773 sibilia
2041 4718 2333 4780 sentiendi,
2357 4720 2577 4774 mobilia
2606 4718 2879 4785 movendi,
2902 4719 3147 4773 volatilia
3168 4716 3416 4785 volandi,

1830 4812 2074 4865 natatilia
2116 4812 2361 4873 natandi,
2395 4812 2638 4881 germina
2672 4811 3036 4882 germinandi,
3065 4810 3276 4879 reptilia
3326 4824 3418 4864 re-

1830 4905 2038 4973 ptandi,
2077 4904 2311 4959 lucentia
2344 4904 2603 4970 lueendi,
2649 4910 2704 4958 et
2753 4903 3066 4975 generativa
3116 4898 3411 4972 generandi

1829 4997 1939 5051 vim
1972 4998 2197 5052 habent.
2223 4995 2280 5051 In
2311 4997 2514 5067 quibus
2550 4997 2727 5050 ablata
2751 4997 2804 5049 vi
2833 4996 2923 5049 illa
2952 4994 3169 5064 agendi,
3199 4993 3413 5047 tollitur

1830 5098 1883 5143 et
1912 5089 2097 5144 interit
2150 5090 2266 5160 ipsa
2302 5090 2379 5144 rei
2414 5098 2633 5143 natura.
2677 5088 2907 5143 Sublato
2941 5102 3175 5156 namque
3208 5084 3412 5164 calore,

1831 5182 1991 5238 etiam
2034 5182 2174 5253 ignis
2224 5183 2625 5251 exstinguitur;
2671 5182 2886 5237 sublato
2935 5179 3186 5233 animalis
3222 5186 3410 5241 motu,

1834 5274 2030 5328 animal
2061 5274 2282 5338 interit;
2320 5275 2529 5329 sublata
2574 5274 2625 5328 vi
2661 5273 3016 5344 intelligendi,
3082 5272 3278 5324 animae
3329 5270 3413 5325 in-

1833 5368 1959 5420 terit
1978 5366 2281 5420 intellectus
2299 5375 2352 5421 et
2378 5367 2539 5420 ratio.
2562 5365 2675 5421 Hoc
2691 5373 2881 5421 autem
2909 5363 3293 5418 admirandum
3328 5371 3414 5417 est

1834 5454 1979 5526 quod
2008 5455 2317 5511 dill'erentes
2354 5456 2599 5525 quaedam
2641 5465 2849 5510 naturze
2900 5455 3014 5510 suis
3067 5454 3410 5510 naturalibus

1836 5547 2143 5602 actionibus
2194 5547 2439 5618 privatzr,
2472 5547 2631 5600 aliam
2677 5545 2945 5601 eﬂiciendi
2982 5546 3087 5600 vim
3122 5550 3403 5616 generant.

1835 5638 2012 5694 Veluti
2046 5639 2183 5710 lapis
2218 5639 2445 5696 adustus
2467 5639 2766 5694 naturalem
2790 5654 2945 5694 suam
2968 5640 3075 5694 vim
3113 5637 3332 5697 amittit,
3352 5645 3407 5689 ut

1836 5733 1953 5787 calx
1973 5731 2218 5799 ellicitur,
2236 5740 2399 5805 atque
2414 5733 2520 5788 vim
2545 5731 2807 5788 adurendi
2833 5731 3050 5789 retinet.
3068 5730 3266 5798 Eodem
3284 5743 3407 5782 mo-

1837 5825 1906 5880 do
1936 5824 2150 5893 cedrus,
2170 5825 2369 5881 amissa
2397 5825 2445 5879 vi
2478 5824 3083 5897 germinandi,~sanandi
3109 5822 3403 5880 eﬂicaoiam
