3920 6494
548 340 660 404 313

1721 349 1781 407 S.
1796 352 2290 413 'ATHANASIUS.
2327 388 2397 400 —
2422 351 2725 414 ,sruma.‘

3688 364 3782 421 ευ

552 462 773 534 accipit,
806 469 861 519 et
892 479 1107 521 vermes
1145 465 1331 522 baccis
1383 467 1500 523 suis
1554 467 1847 526 interfecit.
1911 469 2132 543 Oportet

2238 474 2518 541 ἄσϐεστος,
2553 478 2648 531 καὶ
2683 475 2979 549 καυστικὴν
3020 476 3300 550 ἐνέργειαν
3326 476 3603 549 κέκτηται.
3632 481 3784 553 Keil;

553 553 739 626 igitur,
775 564 835 611 ut
864 557 967 612 viri
1007 558 1327 627 prudentes,
1363 560 1757 631 appellationes
1791 577 1976 618 rerum
2006 580 2136 619 con-

552 646 820 710 siderent,
848 654 904 702 et
933 647 1259 717 dijudicent,
1290 664 1400 719 quo
1440 650 1849 721 deprehendere
1889 656 2130 724 pns~int,

549 740 827 810 quomodo
867 740 1055 811 plures
1087 742 1267 798 omnis
1312 744 1530 812 generis
1562 745 1879 801 substantia:
1906 763 2131 803 suarum

550 833 829 888 actionum
872 833 1115 899 nomina,
1149 834 1245 889 sed
1271 852 1381 891 non
1427 838 1707 893 naturales
1739 840 2132 909 appellationes

549 924 804 990 habeant,
829 941 969 995 quas
988 942 1054 980 ex
1090 928 1326 997 propriis
1353 929 1664 985 actionibus
1694 932 2129 1001 acquisiverunt,

548 1016 860 1086 habentque
888 1024 942 1073 et
966 1017 1095 1074 inde
1131 1019 1410 1074 dicuntur.
1439 1019 1674 1085 Etenim,
1708 1030 1768 1077 ut
1797 1030 1958 1078 antea
1991 1024 2133 1079 dixi-

546 1107 871 1183 mus,sicut
913 1109 1115 1164 dicitur
1143 1110 1285 1167 Deus
1317 1112 1426 1165 ἀπὸ
1450 1111 1544 1166 τοῦ
1576 1111 1800 1185 θεωρεῖν
1829 1113 1900 1167 τὰ
1933 1117 2130 1183 πάντα,

546 1205 604 1262 id
635 1213 742 1271 est,
775 1208 845 1261 ab
872 1223 941 1262 eo
982 1209 1127 1279 quod
1155 1209 1557 1276 contemplatur
1589 1211 1794 1274 omnia,
1822 1218 1878 1266 et
1908 1213 2134 1281 angelus

548 1296 618 1350 ab
643 1297 887 1367 angelica
920 1298 1238 1367 operatione
1279 1304 1334 1353 et
1383 1297 1824 1362 ministratione,
1871 1305 1927 1353 et
1970 1299 2135 1355 homo

546 1387 657 1443 ἀπὸ
706 1388 800 1444 τοῦ
831 1389 943 1444 ἄνω
975 1389 1200 1460 θεωρεῖν
1220 1389 1313 1443 τὸν
1343 1383 1469 1443 ὦπα
1490 1430 1505 1455 ,
1538 1389 1591 1443 id
1624 1398 1730 1453 est,
1769 1391 1838 1444 ab
1875 1406 1941 1446 eo
1989 1391 2135 1461 quod

546 1482 701 1537 vultu
738 1498 975 1552 superna
1025 1483 1291 1554 suspicit,
1351 1482 1427 1536 ita
1484 1490 1538 1538 et
1579 1482 1635 1537 in
1689 1483 1948 1553 reliquis:
1982 1484 2135 1555 virgo

546 1588 806 1643 namque,
840 1564 1128 1646 παρθένος,
1156 1588 1186 1626 a
1213 1572 1593 1629 mortiﬁcanda
1622 1575 1807 1631 carnis
1830 1574 2134 1629 inﬂamma-

546 1664 699 1720 tione
745 1665 991 1720 dicitur:
1030 1666 1364 1738 περιστερά,
1417 1667 1469 1721 id
1508 1675 1594 1722 est
1642 1666 1891 1721 columba
1915 1707 1929 1731 ,
1965 1665 2037 1722 ob
2080 1666 2133 1722 id

547 1766 796 1823 vocatur,
820 1758 902 1812 ὅτι
949 1759 1169 1812 πέτεται
1213 1759 1478 1831 στερρῶς,
1523 1759 1575 1815 id
1600 1767 1705 1826 est,
1739 1758 1886 1829 quod
1917 1760 2131 1813 lirmum

552 1846 753 1903 habeat
779 1849 1019 1903 volatum
1048 1869 1060 1904 :
1092 1858 1146 1905 et
1175 1850 1391 1922 ἔλαφος,
1426 1852 1480 1906 id
1516 1860 1603 1907 est
1640 1866 1857 1916 cervus,
1882 1850 1990 1905 ἀπὸ
2039 1851 2132 1906 τοῦ

549 1937 694 1991 ἐλεῖν
738 1941 866 2003 τοὺς
892 1939 1067 2009 ὄφεις,
1101 1941 1151 1996 id
1207 1952 1290 1997 est
1322 1940 1391 1996 ah
1434 1958 1499 1997 eo
1536 1943 1681 2013 quod
1727 1950 2008 2011 serpentes
2038 1943 2136 1997 tol-

548 2030 614 2086 lit
637 2047 655 2086 :
680 2030 924 2102 χελιδών,
967 2033 1019 2087 id
1046 2040 1130 2088 est
1180 2033 1437 2099 hirundo,
1465 2033 1556 2088 διὰ
1583 2035 1644 2089 τὸ
1672 2034 1742 2088 τὰ
1756 2035 1910 2106 χείλη
1939 2035 2132 2102 δονεῖν,

548 2122 605 2178 id
637 2131 723 2179 est
772 2131 1058 2194 propterea
1090 2126 1235 2194 quod
1261 2126 1551 2195 garriendo
1576 2126 1716 2181 labia
1745 2133 1962 2181 movet:
1987 2124 2131 2194 ὄφις,

548 2229 794 2285 serpens,
821 2215 1095 2269 »τουτέστιν
1123 2218 1151 2269 ό
1188 2217 1313 2285 φάς,
1349 2216 1403 2271 id
1428 2225 1512 2273 est
1559 2217 1649 2287 qui
1678 2217 1943 2288 loquitur,
1988 2216 2134 2271 vide-

546 2306 695 2373 licet,
724 2305 870 2375 quod
904 2307 1033 2360 olim
1067 2305 1189 2361 Eva;
1213 2307 1430 2363 locutus
1463 2308 1533 2363 sit
1560 2326 1574 2362 :
1604 2307 1822 2379 δορκάς,
1861 2307 1915 2361 id
1938 2315 2023 2362 est
2044 2321 2137 2361 ca-

545 2410 719 2466 prea,
767 2398 832 2450 ἐκ
878 2392 972 2450 τοῦ
1028 2395 1195 2464 ὀξέως
1235 2396 1485 2469 δέρκειν,
1534 2394 1588 2450 id
1637 2403 1745 2461 est,
1785 2396 1854 2451 ab
1886 2396 2136 2452 acumine

546 2486 699 2541 visus
724 2503 739 2540 :
778 2485 1019 2558 τρυγών,
1048 2485 1104 2541 id
1129 2496 1213 2541 est
1260 2493 1464 2549 turtur,
1497 2486 1529 2557 ἡ
1556 2485 1798 2557 τηροῦσα
1828 2485 1926 2557 τὴν
1950 2485 2132 2557 γονὴν,

547 2575 667 2645 ἦτοι
699 2575 760 2628 τὸ
789 2578 988 2629 οἰκεῖον
1006 2577 1161 2646 γένος
1180 2616 1195 2640 ,
1226 2575 1280 2630 id
1323 2583 1408 2630 est
1455 2588 1677 2630 servans
1716 2574 1962 2643 stirpem,
1995 2574 2139 2629 vide-

551 2665 678 2719 licet
714 2665 872 2736 197
905 2666 1184 2736 proprium
1238 2682 1412 2737 genus
1442 2686 1456 2722 :
1489 2664 1702 2736 ἀηδών,
1758 2665 1813 2720 id
1844 2674 1928 2723 est
1967 2666 2136 2721 lusci-

547 2758 663 2822 nia,
694 2757 780 2813 διὰ
803 2757 863 2811 τὸ
894 2759 981 2812 ἀεὶ
1014 2759 1180 2831 ᾄδειν,
1212 2759 1340 2829 quia
1373 2773 1587 2828 semper
1614 2758 1784 2822 canit,
1819 2774 1944 2812 cum
1975 2766 2136 2813 κεισ-

547 2857 626 2915 ιε,
656 2858 771 2905 tum
805 2851 983 2907 hieme
1011 2870 1024 2906 :
1052 2850 1184 2921 γύψ,
1231 2851 1282 2905 id
1316 2858 1400 2905 est
1429 2853 1635 2916 vultur,
1662 2850 1749 2904 διὰ
1780 2851 1841 2905 τὸ
1884 2850 2136 2923 γυρεύειν

550 2941 682 3014 ὕψη,
715 2951 937 3013 prOpter
975 2943 1267 2997 sublimem
1302 2942 1357 2995 in
1387 2957 1584 3012 gyrum
1614 2942 1853 2998 volatum
1892 2962 1904 2997 :
1960 2959 2135 3013 equus

2234 568 2423 637 κέδρος
2471 566 2674 639 ὁμοίως
2712 570 2981 641 στερεῖται
3031 568 3130 639 μὲν
3172 570 3271 640 τῆς
3322 569 3610 640 βλαστικῆς
3651 574 3786 645 ἐνερ-

2232 658 2406 726 γείας,
2437 660 2529 712 καὶ
2562 658 2856 730 ίαματικὴν
2890 658 3167 729 κέκτηται,
3197 660 3545 731 ἀναιρετικὴν
3577 662 3784 717 ποιοῦσα

2231 746 2340 800 τῶν
2380 745 2674 817 σκωλήκων
2712 746 2809 818 τὴν
2832 747 3066 820 κεδρίαν.
3109 749 3200 801 Δεῖ
3225 744 3316 801 οὖν
3357 749 3482 812 τοὺς
3511 750 3787 821 ἐχέφρονες

2233 839 2332 903 τὰς
2363 839 2470 892 τῶν
2494 838 2661 893 ὄντων
2689 840 3058 912 προσηγορίας
3083 844 3323 907 σκοπεῖν,
3354 842 3450 895 καὶ
3474 843 3784 914 ἀνακρίνειν,

2233 923 2310 987 ὼς
2337 922 2403 977 ἂν
2433 923 2679 978 δύναιντο
2708 927 2904 998 εὑρεῖν,
2934 927 3103 991 πόσας
3141 928 3360 993 πλείους
3388 931 3604 1001 ἁπάσης
3632 932 3788 1005 ὑπάρ-

2236 1013 2370 1081 ξεως
2398 1018 2768 1090 προσηγορίας
2799 1019 3175 1091 ἐνεργητικὰς,
3209 1020 3323 1074 ἀλλ’
3352 1022 3413 1074 οὑ
3437 1024 3668 1092 φυσικὰ-ς
3693 1024 3788 1078 ὀνο-

2238 1109 2436 1179 μασίας
2461 1110 2694 1181 ἔχουσιν,
2729 1114 2795 1166 ἐκ
2832 1112 2938 1167 τῶν
2974 1113 3118 1168 ἰδίων
3149 1115 3440 1187 ἐνεργειῶν
3475 1117 3672 1180 ταύτας
3701 1117 3789 1172 λα-

2236 1198 2425 1254 ϐοῦσαι
2450 1203 2544 1255 καὶ
2565 1202 2783 1272 ἔχουσαι
2811 1204 2905 1257 καὶ
2938 1204 3244 1276 λεγόμεναι.
3279 1209 3391 1262 Καὶ
3412 1206 3541 1279 γὰρ,
3574 1209 3647 1273 ὡς
3672 1227 3789 1281 προ-

2233 1293 2559 1364 ειρήκαμεν,
2593 1293 2776 1359 καθὼς
2801 1295 3123 1367 ὀνομάζεται
3151 1298 3284 1362 Θεὸς
3312 1299 3418 1353 ἀπὸ
3453 1299 3549 1353 τοῦ
3583 1300 3788 1375 θεωρεῖν

2232 1382 2304 1437 τὰ
2341 1385 2537 1450 πάντα,
2581 1386 2677 1439 καὶ
2703 1386 2927 1455 ἅγγελος
2966 1390 3030 1441 ἐκ
3059 1389 3158 1460 τῆς
3192 1389 3488 1462 ἀγγελικῆς
3520 1393 3681 1446 αὑτοῦ
3715 1398 3789 1448 ἐν.

2235 1476 2455 1547 εργείας
2497 1477 2593 1530 καὶ
2622 1477 2912 1544 διακονίας,
2952 1479 3042 1533 καὶ
3077 1479 3363 1552 ἄνθρωπος
3408 1483 3516 1536 ἀπὸ
3555 1483 3648 1538 τοῦ
3690 1486 3788 1539 ἄνω

2236 1567 2459 1641 θεωρεῖν
2489 1570 2579 1623 τὸν
2610 1563 2764 1624 ὦπα·
2800 1569 2940 1623 οὑτω
2986 1572 3089 1624 κάν
3121 1575 3232 1635 τοῖς
3268 1573 3477 1639 λοιποῖς
3501 1592 3516 1607 ⁸
3569 1578 3661 1630 καὶ
3693 1579 3786 1649 γὰρ

2237 1660 2504 1732 παρθένος
2530 1661 2764 1730 λέγεται,
2795 1661 2882 1716 διὰ
2916 1662 2977 1716 τδ
3016 1662 3279 1718 θανατοῦν
3301 1663 3397 1736 τὴν
3431 1668 3672 1737 πύρωσιν
3701 1669 3788 1740 τῆς

2239 1753 2439 1824 σαρκός
2459 1771 2472 1785 ·
2514 1754 2609 1808 καὶ
2640 1752 2937 1827 περιστερὰ
2964 1753 3054 1809 διὰ
3084 1754 3242 1809 τοῦτο
3270 1756 3501 1825 λέγεται,
3535 1759 3617 1812 ὅτι
3646 1761 3787 1813 πέτε-

2167 1813 2209 1867 B
2233 1813 2324 1900 ται
2355 1813 2597 1919 στερρῶς
2620 1863 2634 1877 ο
2682 1813 2777 1900 καὶ
2819 1813 3013 1917 ἔλαφος
3060 1847 3147 1900 διὰ
3182 1813 3411 1902 τὸ¹ἐλεῖν
3450 1813 3579 1914 τοὺς
3620 1850 3784 1919 5w;-

2234 1935 2478 2006 χελιδὼν,
2519 1937 2605 1990 διὰ
2638 1937 2699 1990 τὸ
2727 1936 2796 1990 τὰ
2824 1937 2973 2009 χείλη
3000 1937 3168 1992 δονεῖν
3191 1941 3248 1992 ἐν
3292 1939 3368 2009 τῷ
3397 1940 3579 1995 λαλεῖν
3598 1957 3613 1969 ·
3660 1942 3784 2011 ὄφις,

2233 2028 2507 2082 τουτέστιν
2527 2030 2555 2081 ὁ
2581 2029 2686 2098 φὰς
2713 2029 2830 2100 ἤτοι
2852 2031 2880 2082 ὁ
2916 2028 3155 2101 λαλήσας
3188 2031 3323 2103 πρὸς
3347 2032 3445 2104 τὴν
3473 2030 3620 2087 Εῦαν
3645 2035 3784 2088 ποτέ’

2233 2119 2450 2192 δορκάς,
2483 2121 2548 2174 ἐκ
2593 2120 2687 2174 τοῦ
2723 2121 2887 2186 ὀξέως
2928 2121 3161 2192 δέρκειν,
3197 2121 3230 2192 ἢ
3273 2122 3347 2186 ὡς
3384 2125 3515 2195 όρᾷν
3539 2140 3555 2154 ·
3591 2123 3787 2197 τρυγὼν

2232 2215 2267 2285 ἡ
2302 2212 2541 2284 τηροῦσα
2566 2213 2665 2284 τὴν
2691 2213 2871 2282 γονὴν,
2908 2212 3025 2283 ἦτοι
3056 2210 3118 2265 τὸ
3144 2215 3342 2266 οἰκεῖον
3381 2214 3539 2282 γένος
3558 2232 3572 2245 ⁸
3608 2215 3788 2286 ἀηδὼν,

2234 2304 2322 2358 διὰ
2351 2304 2412 2357 τὸ
2437 2304 2523 2359 ἀεὶ
2551 2303 2717 2375 ᾄδειν,
2752 2304 2845 2357 καὶ
2878 2303 2936 2356 ἐν
2972 2302 3138 2374 θέρει,
3168 2304 3262 2356 καὶ
3291 2306 3347 2355 ἐν
3386 2304 3616 2376 χειμῶνι
3634 2322 3647 2336 ·
3675 2306 3788 2376 γὺψ,

2234 2395 2324 2448 διὰ
2363 2394 2423 2448 τὸ
2462 2397 2712 2466 γυρεύειν
2759 2392 2903 2464 ὑψηο
2945 2393 3131 2459 ἵππος,
3163 2394 3227 2448 ἐκ
3267 2394 3360 2447 τοῦ
3399 2396 3666 2450 ίππᾶσθαι
3695 2400 3789 2460 toi;

2236 2483 2393 2537 ποσίν
2415 2500 2428 2514 ο
2455 2484 2613 2543 ἀετὸς
2641 2484 2868 2547 ἀείετος,
2888 2481 2977 2536 διὰ
2994 2482 3055 2535 τὸ
3081 2482 3338 2549 πολλάκις
3370 2486 3790 2551 ἁνακαινῐζεσθαι

2237 2576 2331 2631 καὶ
2365 2574 2532 2629 πολλὰ
2565 2575 2702 2647 (ἔτη)
2735 2575 2834 2646 ζῇν
2854 2592 2868 2605 ·
2905 2575 3170 2640 πετεινὸν,
3204 2577 3264 2630 τὸ
3290 2577 3387 2649 τὴν
3415 2579 3659 2649 πτέρυγα
3694 2582 3790 2635 τεί-

2235 2685 2354 2722 νον⁶
2394 2666 2653 2744 ποταμὸς,
2683 2667 2757 2731 ὡς
2791 2665 3018 2738 πότιμον
3055 2667 3193 2738 ἔχων
3231 2668 3542 2742 ἐνέργειαν·
3579 2673 3792 2746 χείρ,αρ-

2238 2762 2348 2831 ρος,
2396 2760 2476 2813 ὅτι
2522 2761 2578 2812 ἐν
2622 2757 2849 2830 χειμῶνι
2898 2761 3012 2829 ῥεῖ’
3050 2759 3227 2829 φύσις,
3271 2763 3335 2816 ἐκ
3377 2761 3470 2816 τοῦ
3514 2763 3670 2835 φύειν
3708 2765 3790 2830 τὰς

2237 2852 2590 2914 ὑποστάσεις·
2646 2851 2862 2923 βοτάνη,
2909 2850 2998 2905 διὰ
3039 2852 3098 2906 τὸ
3148 2852 3381 2924 βαδίζειν
3425 2856 3596 2909 ἅνωθ⁸
3622 2856 3791 2929 ὥσπερ

2236 2943 2330 2998 καὶ
2358 2944 2385 2995 ὁ
2427 2942 2728 3013 ἄνθρωπος,
2757 2944 2820 2996 ἐκ
2860 2943 2953 2995 τοῦ
2983 2943 3095 2999 ἄνω
3120 2943 3362 3016 θεωρεῖν,
3387 2945 3426 3019 ᾗ
3461 2946 3537 3010 ὡς
3568 2947 3789 3017 βλέπειν.

548 3034 696 3102 quod
731 3033 963 3103 pedibus
993 3034 1242 3102 equitet:
1297 3033 1474 3097 ἀετός,
1506 3032 1559 3086 id
1595 3042 1679 3089 est
1706 3034 1913 3104 aquila,
1963 3033 2050 3086 διὰ
2076 3033 2132 3087 τὸ

2237 3035 2331 3090 καὶ
2365 3035 2398 3105 ἡ
2427 3034 2573 3105 ψυχὴ
2602 3034 2658 3086 δὲ
2691 3035 2755 3087 ἐκ
2782 3034 2881 3104 τῆς
2909 3036 3111 3099 οἰκείας
3143 3036 3419 3110 ἐνεργείας
3447 3037 3557 3109 ἔχει
3589 3038 3687 3110 τὴν
3706 3037 3791 3108 τῆς

547 3123 809 3188 πολλάκις
837 3124 1299 3191 ἀνακαινίζεσθαι,
1320 3126 1415 3178 καὶ
1440 3124 1610 3179 πολλὰ
1648 3124 1744 3197 ἔτη
1777 3126 1897 3198 ζῇν,
1934 3124 1987 3180 id
2017 3133 2132 3190 εει,
2162 3155 2204 3209 c
2235 3122 2411 3195 ψυχῆς
2444 3122 2811 3196 προσηγορίαν
2830 3141 2844 3155 ·
2873 3123 3064 3195 ψύχειν
3093 3116 3203 3197 γὰρ
3240 3127 3301 3180 τὸ
3337 3126 3620 3192 ζωοποιεῖν
3655 3128 3791 3197 λέγε-

550 3223 840 3286 propterea
868 3216 1012 3286 quod
1055 3232 1427 3287 saepenumero
1474 3225 1804 3282 renovatur,
1834 3232 1899 3273 ac
1933 3218 2132 3275 multos

2237 3233 2360 3269 ται·
2396 3214 2484 3268 διὰ
2519 3215 2677 3269 τοῦτο
2711 3218 2775 3270 ἐκ
2806 3219 2907 3289 τῆς
2938 3215 3198 3281 ζωοποιοῦ
3233 3218 3512 3292 ἐνεργείας
3540 3220 3688 3294 ψυχὴ
3719 3221 3790 3274 λέ-

550 3318 728 3358 annos
766 3304 936 3359 vivit:
966 3306 1230 3371 πετεινόν,
1282 3306 1338 3361 id
1377 3315 1462 3363 est
1495 3308 1756 3373 volucris,
1786 3309 1847 3362 τὸ
1878 3309 1976 3381 τὴν
2007 3310 2132 3363 πτέ-

2237 3323 2411 3377 γεται,
2442 3306 2530 3360 διὰ
2567 3305 2628 3359 τὸ
2657 3306 2817 3379 σῶμα
2858 3307 3167 3372 ζωοποιεῖν·
3207 3309 3302 3363 καὶ
3339 3310 3500 3382 ἕτερα
3542 3311 3600 3365 δὲ
3640 3312 3792 3385 μυρία

554 3410 694 3467 ρυγα
725 3398 917 3460 τεῖνον,
943 3396 1090 3467 quod
1125 3398 1264 3452 alam
1298 3399 1556 3454 extendat
1588 3418 1602 3455 :
1634 3400 1899 3472 ποταμός,
1941 3401 1995 3456 id
2048 3408 2132 3458 est

2235 3400 2400 3465 ἐστὶν,
2425 3398 2461 3453 ἃ.
2487 3397 2776 3471 παρίεμεν,
2832 3398 2918 3452 ἵνα
2960 3398 3034 3472 μὴ
3067 3397 3311 3470 λέγωμεν
3335 3400 3509 3455 πάντα
3542 3402 3687 3456 κατὰ
3708 3401 3793 3466 τὰς

550 3485 772 3547 ﬂuvius,
798 3487 875 3552 ὡς
903 3489 1132 3560 πότιμον
1159 3488 1297 3560 ἔχων
1324 3491 1622 3563 ἐνέργειαν,
1650 3491 1703 3547 id
1732 3500 1836 3559 est,
1868 3500 2129 3564 tanquam

2235 3492 2440 3556 οἰκείας
2470 3491 2861 3563 προσηγορίας.

551 3583 844 3652 potabilcm
881 3584 1091 3641 habens
1149 3585 1480 3655 energiam:
1537 3587 1878 3660 χείμαρρος,
1933 3588 1990 3643 id
2043 3595 2128 3643 est

2233 3603 2436 3655 irrens,
2482 3589 2566 3641 ὅτι
2618 3590 2677 3641 ἐν
2737 3587 2965 3659 χειμῶνι
3025 3591 3141 3661 ρεῖ,
3191 3589 3337 3660 quod
3388 3590 3569 3646 hieme
3634 3591 3786 3646 ﬂuat:

553 3676 737 3746 φύσις,
769 3679 820 3733 id
852 3688 936 3735 est
976 3689 1204 3746 natura,
1260 3682 1325 3735 ἐκ
1353 3682 1445 3736 τοῦ
1471 3682 1625 3753 φύειν
1655 3682 1755 3747 τὰς
1803 3684 2129 3748 ὑποστάσεις

2233 3683 2345 3751 uod
2386 3682 2708 3755 bypostases
2749 3685 3053 3754 producat:
3089 3684 3320 3758 βοτάνη,
3372 3686 3426 3741 id
3459 3698 3543 3743 est
3607 3688 3788 3751 herba,

548 3764 642 3827 διᾶ
665 3772 726 3826 τὸ
756 3772 990 3843 βαδίζειν
1017 3774 1149 3839 ἄνω,
1185 3790 1250 3831 εο
1279 3774 1426 3846 quod
1455 3792 1673 3833 sursum
1702 3779 1910 3842 tendat,
1949 3794 2132 3850 quema

2233 3777 2407 3834 ludum
2459 3787 2513 3833 et
2578 3776 2890 3850 ἄνθρωπος,
2932 3778 2985 3833 id
3038 3788 3123 3835 est
3171 3782 3371 3846 homo,
3441 3782 3507 3835 ἐκ
3536 3782 3636 3837 τοῦ
3697 3782 3789 3837 ἀνω

552 3863 796 3939 θεωρεῖν,
825 3882 891 3922 eo
920 3866 1066 3938 quod
1103 3885 1321 3926 sursum
1358 3872 1618 3942 respiciat
1657 3890 1672 3930 :
1723 3874 1911 3946 ψυχή,
1954 3872 2009 3928 id
2047 3880 2132 3928 est

2233 3872 2370 3936 lima,
2389 3886 2456 3926 ex
2480 3872 2697 3943 pr0pria
2720 3872 2772 3925 vi
2789 3871 2891 3927 hoc
2916 3872 3154 3929 nominis
3197 3873 3378 3929 habet.
3426 3870 3564 3928 Nam
3594 3873 3787 3946 ψύχειν,

555 3955 698 4011 idem
727 3966 812 4013 est
837 3959 980 4028 quod
1022 3960 1342 4019 viviﬁcare:
1376 3962 1501 4018 ideo
1531 3964 1732 4032 anima,
1801 3981 1870 4020 ex
1934 3964 2246 4021 viviﬁcandi
2315 3962 2613 4027 facultate,
2668 3962 2815 4035 ψυχὴ
2846 3962 3080 4029 dicitur,
3120 3979 3321 4036 corpus
3355 3965 3501 4021 enim
3548 3967 3786 4024 viviﬁcat.

556 4045 698 4103 Sunt
725 4058 780 4107 et
808 4053 911 4105 alia
944 4063 1203 4109 sexcenta
1225 4095 1238 4120 ,
1293 4072 1416 4126 quae
1449 4058 1594 4112 ultro
1629 4058 2134 4128 praetermittimus,
2175 4073 2246 4113 ne
2277 4058 2461 4112 omnia
2488 4056 2603 4113 suis
2636 4055 2949 4111 nominibus
2982 4071 3495 4113 commemoremus.

1116 4146 1183 4202 ν.
1233 4148 1309 4203 De
1350 4151 1562 4206 unione.

627 4234 768 4301 Quid
802 4244 887 4298 est
927 4238 1079 4304 unio,
1113 4248 1166 4295 et
1197 4249 1331 4311 quot
1370 4242 1547 4299 modis
1594 4243 1952 4316 intelligitur?
1989 4242 2132 4299 Unio

556 4338 643 4383 est
669 4328 989 4386 distantium
1048 4348 1232 4389 rerum
1270 4335 1579 4393 communis
1613 4351 1938 4394 concursus.
1976 4336 2131 4393 Dicta

557 4428 740 4473 autem
762 4430 846 4475 est
871 4422 1023 4485 unio,
1046 4423 1192 4493 quod
1227 4441 1317 4481 res
1342 4442 1507 4480 unum
1535 4427 1685 4491 (iant,
1716 4428 1820 4482 hoc
1847 4437 1952 4495 est,
1977 4427 2126 4499 quod

2740 4147 2804 4202 V.
2842 4150 2979 4219 Περὶ
3009 4149 3298 4216 ἐνώσεως.

2309 4243 2374 4297 Τί
2410 4244 2556 4296 ἐστιν
2586 4241 2810 4306 ἐνωσις;
2836 4242 2930 4295 καὶ
2973 4242 3226 4313 ποσαχῶς
3254 4244 3453 4295 νοεῖται
3495 4243 3529 4310 ἠ
3579 4242 3787 4305 ἐνωσιςς

2241 4335 2475 4398 Ἕνωσις
2497 4335 2594 4406 μὲν
2627 4333 2743 4386 ἐστι
2786 4331 3087 4386 διεστώτων
3129 4334 3467 4405 πραγμάτων
3519 4332 3788 4401 κοινωιηκὴ

2233 4425 2521 4497 συνδρομή’
2550 4424 2742 4485 ἐνωσις
2768 4423 2824 4476 δὲ
2842 4423 3054 4496 εἴρηται
3083 4422 3169 4477 διὰ
3199 4425 3259 4477 τὸ
3290 4424 3509 4484 ἐνῶσαι,
3561 4422 3787 4477 τουτέστι

555 4519 750 4565 coeant
790 4519 844 4566 ει
886 4514 1368 4572 commisceantur.
1419 4517 1592 4575 Porro
1660 4519 1905 4590 quinque
1951 4520 2130 4574 modis

2236 4516 2543 4588 ωνωθῆσαι
2573 4516 2666 4570 καὶ
2697 4515 2847 4587 μίξαι
2871 4516 2939 4569 τὰ
2969 4516 3289 4587 πράγματα.
3320 4516 3610 4586 Πενταχῶς
3640 4516 3694 4569 δὲ
3719 4513 3789 4568 )1-

558 4601 691 4656 unio
720 4601 942 4670 dicitur,
971 4609 1609 4678 commistiva,divisiva,
1641 4611 1960 4675 habitualis,
1988 4610 2136 4681 posi-

555 4695 689 4761 tiva,
724 4704 778 4749 et
805 4698 934 4752 unio
963 4707 1152 4755 sancta
1176 4698 1404 4765 Christi,
1426 4719 1549 4772 qua:
1578 4719 1745 4774 supra
1772 4704 1909 4758 istas
1937 4719 2136 4759 secun-

554 4787 685 4843 dum
717 4787 1037 4859 hyposlasin
1069 4792 1215 4847 dicta
1237 4801 1341 4849 est.
1369 4794 1546 4865 Atque
1574 4796 1705 4851 unio
1733 4796 1953 4867 quidem
1983 4812 2134 4852 com-

554 4881 773 4937 mistiva
801 4882 1019 4948 dicitur,
1052 4885 1233 4955 qualis
1268 4894 1353 4941 est
1386 4887 1494 4941 vini
1537 4897 1591 4942 ct
1630 4903 1818 4958 aqua;
1868 4888 2125 4954 divisiva,

554 4975 731 5044 qualis
759 4982 844 5029 est
874 4975 1111 5032 hominis
1153 4977 1219 5031 ad
1256 4978 1570 5046 hominem;
1610 4980 1927 5048 habitualis,
1954 4984 2133 5053 qualis

552 5072 637 5119 est
671 5066 792 5119 auri
824 5065 894 5120 ad
935 5079 1150 5121 aurum.
1186 5063 1331 5120 Unio
1362 5074 1543 5121 autem
1572 5066 1777 5124 Christi
1811 5084 1978 5140 supra
2010 5070 2133 5126 illas

553 5157 854 5212 secundum
879 5158 1197 5230 bypostasin
1221 5160 1441 5214 dicitur.
1477 5157 1787 5215 Secundum
1812 5160 2131 5233 hypostasin

554 5263 683 5303 vero
718 5250 847 5305 unio
890 5257 974 5306 est
1020 5265 1118 5320 per
1146 5266 1206 5306 se
1257 5251 1564 5307 subsistens
1594 5266 1868 5309 concursu
1899 5254 2130 5308 duarum

555 5347 877 5394 naturarum
913 5341 969 5395 in
1003 5353 1157 5397 utero
1186 5350 1390 5399 sanctae
1435 5341 1677 5412 Deipara:
1710 5341 1974 5415 Virginis.
2005 5344 2127 5400 Non

554 5430 701 5483 enim
735 5438 861 5486 ante
890 5430 1127 5487 Verbum
1181 5433 1349 5489 Deum
1408 5433 1480 5488 ibi
1530 5434 1744 5489 exsistit
1792 5451 2014 5506 corpus.
2048 5437 2131 5491 vel

557 5519 779 5588 anima;
817 5522 908 5577 sed
969 5524 1136 5578 simul
1186 5540 1341 5589 caro,
1370 5532 1426 5581 et
1471 5525 1635 5580 simul
1678 5525 1823 5581 Deus
1870 5525 2126 5582 Verbum.

556 5610 698 5669 Caro
726 5614 966 5670 animata
991 5617 1278 5673 rationalis
1316 5618 1370 5672 in
1398 5634 1465 5673 eo
1498 5618 1638 5687 fuit;
1669 5619 2127 5690 quemadmodum

557 5707 615 5763 in
670 5717 858 5767 nostra
907 5726 1125 5784 quoque
1184 5714 1560 5783 conceptione,
1618 5721 1677 5767 ut
1717 5713 1849 5769 mihi
1887 5711 2124 5776 videtur,

558 5801 738 5862 anima
774 5819 869 5875 per
904 5820 961 5861 se
994 5804 1304 5863 subsistens
1337 5807 1499 5861 simul
1539 5805 1818 5863 concurrit
1850 5819 1972 5863 cum
2002 5819 2127 5861 cor-

2235 4626 2390 4679 γεται
2437 4613 2470 4683 ἡ
2496 4610 2708 4674 ἐνωσις,
2740 4610 3062 4680 συγχυτικὴ,
3089 4608 3411 4680 διαιρετικὴ.
3439 4612 3684 4681 σχετικὴ,
3712 4607 3786 4661 θε-

2232 4702 2383 4774 τικὴ,
2423 4704 2576 4773 καὶὴ
2612 4702 2745 4771 ἁγία
2810 4701 3005 4766 ἓνωσις
3056 4701 3150 4754 τοῦ
3196 4700 3456 4773 Χριστοῦ,
3490 4703 3614 4773 ἥτις
3665 4700 3786 4771 ὑπὲρ

2232 4793 2402 4846 ταῦτα
2433 4792 2552 4846 καθ’
2582 4792 2877 4847 ὑπόστασιν
2900 4793 3133 4864 εἴρηται.
3157 4793 3266 4846 Καὶ
3282 4793 3472 4855 ἓνωσις
3496 4791 3597 4862 μὲν
3618 4808 3789 4861 cum

2231 4885 2359 4957 τικὴ
2389 4884 2627 4953 λέγεται,
2653 4884 2729 4948 ὡς
2758 4887 2791 4955 ἡ
2821 4883 2915 4937 τοῦ
2950 4883 3096 4937 οἴνου
3131 4884 3224 4937 καὶ
3255 4883 3349 4937 τοῦ
3401 4883 3612 4947 ὓδατος.
3666 4886 3787 4936 Διαι-

2236 4976 2422 5051 ρετικὴ
2452 4977 2528 5042 δὲ,
2561 4979 2636 5042 ὡς
2665 4976 2950 5049 ἀνθρώπου
2971 4978 3108 5049 πρὸς
3140 4977 3440 5048 ἄνθρωπον.
3474 4975 3784 5048 Σχετικὴδὲ,

2231 5070 2308 5134 ὼς
2338 5069 2539 5142 χρυσοῦ
2577 5069 2711 5139 πρὸς
2733 5070 2949 5140 χρυσόν.
2996 5070 3059 5123 Ἠ
3088 5069 3146 5121 δὲ
3188 5064 3284 5122 τοῦ
3328 5068 3562 5140 Χριστοῦ
3615 5069 3787 5130 ἐνωσις

2232 5159 2371 5229 ὑπὲρ
2396 5158 2565 5211 ταῦτα
2593 5158 2715 5211 καθ’
2737 5159 3033 5212 ὑπόστασιν
3061 5160 3293 5231 εἴρηται.
3329 5158 3468 5212 Καθ’
3507 5159 3786 5212 ὑπόστασιν

2231 5249 2290 5303 δέ
2324 5250 2517 5313 ἐνωσίς
2578 5251 2726 5303 ἐστιν
2775 5252 2810 5322 ή
2867 5250 3249 5322 αὑθύπαρκτος
3294 5252 3350 5304 ἐν
3391 5255 3457 5322 τῇ
3491 5252 3673 5323 μήτρᾳ
3700 5250 3786 5317 τῆς

2230 5341 2392 5409 ἁγίας
2421 5340 2684 5394 Θεοτόκου
2708 5340 2819 5394 τῶν
2850 5339 2941 5393 δύο
2964 5341 3176 5408 φύσεων
3210 5341 3477 5413 συνδρομή
3502 5358 3516 5406 ;
3543 5339 3666 5393 οὑτε
3693 5337 3786 5408 γὰρ

2228 5431 2291 5484 τὺ
2343 5431 2500 5502 σῶμα
2528 5432 2632 5505 πρὸ
2656 5431 2751 5485 τοῦ
2780 5432 2915 5485 Θεοῦ
2948 5432 3121 5500 Λόγου
3146 5432 3353 5503 ὑπέστη
3401 5435 3534 5498 ἐκεῖ,
3592 5429 3710 5485 οὔτε
3755 5430 3784 5499 ἠ

2227 5522 2371 5596 ψυχή
2400 5541 2413 5554 ·
2451 5523 2587 5577 ἀλλὰ
2634 5523 2771 5596 σὰρξ
2805 5523 2939 5595 ἅμα,
2970 5525 3064 5576 καὶ
3109 5523 3241 5587 Θεὸς
3289 5523 3459 5593 Λόγος
3492 5522 3627 5593 ἅμα.
3659 5517 3788 5589 Σὰρξ

2229 5617 2470 5690 ἔμψυχος
2494 5618 2684 5690 λογικὴ
2720 5622 2777 5672 ὲν
2805 5618 2952 5689 αὑτῷ
2986 5619 3213 5688 ὑπέστη.
3240 5616 3509 5688 καθάπερ,
3545 5618 3621 5681 ὡς
3676 5612 3786 5685 ἐμοὶ

2228 5711 2394 5770 δοκεῖ,
2417 5711 2511 5765 καὶ
2530 5710 2622 5764 ἐπὶ
2644 5710 2743 5781 τῆς
2766 5710 3042 5782 ἡμετέρας
3070 5709 3399 5781 συλλήψεως,
3421 5708 3786 5778 αὑθύπαρκτος

2228 5807 2260 5875 ἡ
2290 5804 2436 5875 ψυχὴ
2464 5804 2742 5877 συντρέχει
2772 5802 2848 5876 τῷ
2875 5803 3103 5879 σώματι,
3142 5800 3273 5857 υῡτ,
3307 5801 3427 5874 ιγὰρ
3476 5801 3631 5874 σῶμα
3677 5794 3787 5855 καθ.
