3920 6530
189 383 317 444 545

1288 425 1295 433 -
1390 393 1589 448 LIBER
1631 395 1718 450 DE
1759 395 2329 455 DEFINITIONIBUS.

3351 400 3456 462 546

187 507 368 560 ἑαυτὸ
394 508 728 570 συνίσταται,
765 509 890 564 οὔτε
922 513 956 582 ὴ
986 511 1130 583 ψυχὴ
1160 515 1501 586 προῦπάρχει
1528 516 1623 568 τοῦ
1671 515 1769 568 σώ-

1881 533 2031 588 pore.
2089 519 2224 573 Nam
2270 535 2471 591 corpus
2513 537 2611 592 per
2645 537 2704 578 se
2740 522 3046 579 consistere
3092 538 3199 578 non
3233 531 3452 594 potest;

193 615 407 668 ματος,
471 601 822 670 προτύπωσις
879 599 1012 656 οὖσα
1077 606 1178 676 τῆς
1238 604 1482 670 ἑνώσεως
1535 607 1627 660 τοῦ
1670 609 1780 661 Κυ-

191 686 344 756 ρίου.
893 748 899 752 _

681 802 766 856 VI.
791 806 929 873 Περὶ
957 809 1300 876 ὀμοουσίου.

266 891 337 942 τί
361 893 513 944 ἐστιν
539 894 840 964 ὁμοοῦσιον,
871 899 961 952 καὶ
988 900 1128 954 κατὰ
1159 901 1210 953 τί
1240 900 1452 972 εἴρηται
1477 903 1778 972 ὁμοούσιονς

188 982 292 1034 καὶ
345 985 566 1053 ὁσαχῶς
597 985 658 1039 τὸ
688 989 999 1059 ὁμοούσιον;
1040 991 1348 1062 ὐμοούσιὸν
1401 994 1535 1055 ἐστι,
1573 995 1634 1047 τὸ
1681 995 1781 1066 τῆς

187 1074 372 1144 αὐτῆς
397 1077 588 1140 οὐσῖας
625 1079 720 1132 καὶ
779 1081 1056 1151 ἐνεργείας
1119 1083 1550 1155 ἀπαραλλάκτως
1610 1088 1782 1158 ὑπάρ-

188 1185 314 1236 χον.
341 1169 455 1222 Καὶ
476 1171 585 1242 γάρ
613 1172 697 1227 διὰ
732 1173 891 1227 τοῦτο
932 1175 1145 1243 λέγεται
1199 1176 1499 1247 ὁμοούσιον,
1557 1179 1638 1231 ὅτι
1683 1178 1780 1249 τὴν

188 1260 373 1330 αὐτὴν
424 1261 615 1317 οὐσίαν
665 1266 756 1318 καὶ
811 1265 1036 1335 δύναμιν
1084 1267 1362 1339 κέκτηται.
1400 1269 1688 1341 Πενταχῶς
1723 1271 1780 1323 δὲ

189 1353 419 1423 εἴρηται
472 1355 758 1424 ὁμοούσιον
782 1357 877 1410 καὶ
900 1359 1177 1429 ὁμογενὲς,
1206 1360 1300 1414 καὶ
1352 1364 1630 1431 συγγενὲς,
1685 1364 1780 1416 καὶ

186 1444 465 1513 ὁμοφυὲς,
503 1446 596 1498 καὶ
629 1448 917 1517 ὁμόφυλον.
959 1451 1270 1520 Ὀμοούσιον
1289 1451 1345 1505 δέ
1371 1455 1507 1517 ἐστι,
1540 1454 1601 1507 τὺ
1631 1454 1691 1508 ’ὀν
1717 1455 1776 1507 ὲν

188 1537 258 1605 τῇ
315 1536 460 1607 αὐτῇ
517 1539 692 1610 οὐσίᾳ,
732 1539 852 1608 ἔχον
901 1540 958 1594 δέ
1007 1559 1129 1595 τινα
1178 1542 1470 1616 διαφορὰν,
1499 1541 1608 1599 οἷον
1633 1545 1778 1611 λίθος

189 1627 424 1698 σαθρὸς,
465 1630 562 1682 καὶ
595 1631 739 1696 λίθος
774 1633 1034 1704 σκληρός·
1075 1637 1180 1688 εἰσὶ
1204 1636 1259 1690 δὲ
1291 1637 1590 1708 ὁμοούσιοι,
1623 1655 1778 1691 τουτ-

190 1721 310 1772 έστι
379 1724 514 1791 μιᾶς
551 1723 760 1787 οὐσίας.
792 1726 945 1779 Ἔστι
979 1728 1034 1780 δὲ
1068 1728 1160 1780 καὶ
1192 1728 1344 1793 ξύλον
1390 1731 1655 1800 φοίνικος,
1683 1732 1776 1785 καὶ

189 1812 354 1878 ξύλον
386 1814 574 1868 ἐϐένου
600 1833 615 1846 ·
645 1817 846 1887 ὁμοίως
875 1818 968 1871 καὶ
1017 1819 1152 1891 σὰρξ
1183 1822 1452 1892 καμήλου,
1497 1823 1592 1875 καὶ
1640 1823 1773 1893 σὰρξ

191 1905 402 1974 ἰχθύος.
449 1906 632 1960 Ταῦτα
656 1908 712 1962 δὲ
761 1909 1002 1978 λέγονται
1033 1911 1313 1982 ὁμοούσια,
1348 1914 1430 1966 ὃτι
1469 1913 1568 1984 τῆς
1607 1915 1777 1984 αὐτῆς

188 1994 387 2059 οὐσίας
421 1997 591 2052 ἐστίν.
627 1999 834 2072 Ὥσπερ
861 1999 1060 2064 πάντες
1095 2003 1143 2054 oi
1185 2001 1458 2075 ἄνθρωποι
1506 2004 1602 2074 τῆς
1649 2005 1775 2074 μιᾶς

187 2086 388 2151 οὐσίας
441 2089 616 2143 εἰσίν·
651 2090 832 2161 ἔχουσι
882 2092 938 2145 δὲ
985 2092 1242 2163 διαφορὰν
1290 2093 1350 2148 τὸ
1389 2091 1547 2157 εἶναι,
1588 2094 1775 2165 ἕτερος

193 2177 434 2248 μακρὸς,
455 2179 548 2231 καὶ
575 2179 758 2246 ἕτερος
785 2181 1026 2244 κολοϐόςο
1051 2181 1204 2246 ἄλλος
1239 2182 1479 2248 δυνατὸς,
1503 2184 1596 2236 καὶ
1619 2185 1775 2248 ἄλλος

185 2269 568 2340 ταλαίπωρος.
631 2272 769 2324 Ἀλλ’
801 2273 948 2342 ὅμως
1011 2276 1142 2344 μιᾶς
1196 2275 1383 2338 οὐσίας
1444 2274 1774 2345 εἰσὶ,ψυχῆς

187 2361 336 2427 λέγω
372 2361 470 2413 καὶ
507 2360 775 2432 σώματος..
817 2365 1176 2437 Ἑτεροούσιον
1209 2366 1262 2420 δὲ
1299 2364 1532 2433 λέγεται,
1563 2366 1624 2418 τὸ
1655 2366 1771 2419 ἐτέ-

191 2472 292 2526 ρας
326 2455 522 2518 οὐσίας
544 2455 806 2526 ὑπάρχον,
833 2460 925 2510 καὶ
957 2459 1196 2531 μηδόλως
1233 2457 1312 2530 τῷ
1345 2457 1515 2529 ἑτέρῳ
1557 2463 1774 2531 προσοῖ-

190 2563 308 2607 κον,
339 2546 485 2599 ἀλλὰ
509 2547 783 2612 παντελῶς
808 2550 1083 2622 ἀλλότριον
1111 2553 1204 2606 καὶ
1253 2550 1392 2603 κατὰ
1414 2552 1592 2605 πάντα
1647 2551 1772 2624 τρό-

190 2658 291 2693 πον
321 2643 540 2696 ἐκείνου
576 2641 849 2712 ἀνόμοιον,
880 2640 990 2697 οἷον
1021 2644 1163 2716 ὓδωρ
1187 2645 1279 2698 καὶ
1308 2645 1418 2716 πῦρ
1439 2661 1452 2675 ·
1483 2644 1613 2716 ἄλλη
1665 2645 1771 2719 γάρ

188 2735 352 2788 οὐσία
379 2736 478 2788 τοῦ
507 2737 697 2807 πυρὸς,
731 2737 825 2788 καὶ
846 2735 978 2806 άλλη
1006 2736 1099 2790 τοῦ
1131 2737 1342 2800 ὓδατος.
1367 2739 1476 2791 Καὶ
1503 2736 1590 2788 διὰ
1617 2739 1773 2793 τοῦτο

189 2828 539 2898 ἑτεροούσιον
594 2829 826 2897 λέγεται,
874 2829 956 2883 ὅτι
1021 2831 1306 2900 ἐτεροφυὲς
1355 2833 1447 2886 καὶ
1493 2833 1773 2901 ἀλλογενὲς

191 2921 435 2993 ὑπάρχει
462 2939 476 2952 ·
533 2921 720 2992 ὥσπερ
753 2922 1035 2992 ἄνθρωπος
1080 2923 1174 2975 καὶ
1198 2921 1348 2987 Θεὸς,
1391 2925 1483 2977 καὶ
1523 2925 1768 2994 ἄγγελος,

191 3015 283 3065 καὶ
338 3014 538 3084 πηλὸς.
572 3015 664 3067 καὶ
714 3013 884 3084 ἥλιος,
913 3014 1006 3066 καὶ
1055 3013 1206 3083 χλόη.
1239 3014 1422 3068 Ταῦτα
1475 3017 1583 3087 γάρ
1633 3015 1774 3070 κατὰ

191 3105 375 3158 πάντα
401 3107 604 3176 τρόπον
636 3105 860 3174 ἀνόμοιά
884 3108 987 3158 εἰσι
1030 3105 1162 3177 πρὸς
1211 3105 1444 3177 ἄλληλα,
1479 3107 1566 3160 διὰ
1615 3108 1771 3161 τοῦτο

1881 621 1984 661 nec
2016 609 2195 662 anima
2242 611 2457 664 exsistit
2485 620 2612 666 ante
2651 627 2873 684 corpus,
2905 629 3026 685 qua
3083 615 3302 672 unionis
3350 615 3456 670 Do-

1883 701 2014 754 mini
2049 708 2133 755 est
2167 701 2348 771 imago
2371 702 2644 771 quadam.

2303 813 2390 870 Vl.
2443 814 2522 869 De
2565 816 3029 872 consubstantiali.

1950 903 2090 967 Quid
2125 912 2210 960 est
2253 907 2746 971 consubstantiale,
2777 918 2830 963 et
2862 909 3164 964 secundum
3200 909 3330 980 quid
3362 908 3450 962 di-

1881 1001 2027 1046 ctum
2055 1003 2138 1048 est
2193 996 2682 1057 eonsubstantiale,
2715 1006 2769 1053 et
2800 1000 3186 1069 quotupliciter
3216 999 3452 1054 consub-

1881 1088 2134 1141 stantiale
2163 1087 2406 1141 dicitur?
2435 1089 2916 1146 Consubstantiale
2941 1092 3162 1157 dicitur,
3193 1093 3336 1161 quod
3367 1100 3454 1146 est.

1879 1176 2122 1245 ejusdem
2155 1180 2475 1234 substantia
2503 1189 2556 1234 et
2588 1182 2837 1236 ellicaeia
2875 1182 3081 1251 absque
3110 1183 3447 1238 discrimine.

1878 1267 2014 1323 Nam
2069 1270 2190 1324 ideo
2223 1273 2692 1327 consubstantiale
2743 1274 2967 1337 dicitur,
3009 1275 3155 1344 quod
3207 1277 3452 1328 eamdem

1881 1361 2078 1416 habeat
2115 1364 2477 1417 substantiam
2505 1373 2559 1419 et
2585 1365 2716 1419 vim.
2761 1364 2969 1419 Dicitur
3002 1373 3181 1420 autem
3211 1367 3452 1434 quinque

1877 1456 2055 1512 modis
2088 1456 2622 1519 :consubstantiale,
2670 1457 2834 1510 simul
2875 1457 3137 1526 genitum,
3184 1459 3448 1526 congeni-

1878 1558 2016 1610 tum,
2079 1548 2244 1602 simul
2295 1556 2506 1612 natum,
2547 1549 2775 1617 etquod
2807 1556 2890 1602 est
2924 1549 3167 1618 ejusdem
3211 1551 3448 1618 generis.

1876 1639 2356 1695 Consubstantiale
2385 1649 2565 1694 autem
2598 1649 2702 1702 est,
2735 1642 2880 1710 quod
2920 1642 2973 1694 in
3014 1641 3200 1696 eadem
3232 1627 3449 1711 quidem

1876 1736 1961 1784 est
1989 1730 2316 1796 substantia,
2350 1731 2442 1785 sed
2477 1731 2714 1800 aliquam
2749 1740 2926 1784 tamen
2970 1730 3327 1785 dilferentiam
3352 1731 3450 1786 ha-

1879 1819 2002 1886 bet;
2036 1821 2184 1876 verbi
2217 1821 2410 1892 gratia,
2444 1822 2582 1890 lapis
2606 1823 2878 1886 cariosus,
2903 1829 2956 1876 et
2987 1822 3216 1884 solidus,
3244 1823 3324 1876 vel
3347 1822 3448 1876 du-

1878 1925 1973 1965 rus
2007 1929 2021 1964 :
2056 1913 2578 1975 consultstantiales,
2619 1913 2724 1966 hoc
2774 1920 2878 1976 est,
2925 1912 3088 1966 unius
3115 1922 3168 1966 et
3203 1913 3445 1980 ejusdem

1875 2011 2004 2057 sunt
2025 2004 2364 2058 substantia.
2390 2003 2467 2058 Ita
2493 2004 2698 2074 lignum
2720 2007 2933 2074 palma,
2959 2013 3012 2060 et
3035 2005 3192 2059 ebeni
3217 2005 3444 2076 lignum,

1875 2105 1928 2151 et
1949 2111 2079 2150 caro
2103 2099 2315 2160 cameli,
2341 2112 2405 2151 ac
2433 2113 2562 2152 caro
2586 2097 2774 2168 piscis.
2807 2096 2931 2151 Hae
2959 2097 3446 2152 consubstantialia

1875 2185 2154 2250 dicuntur,
2191 2202 2256 2241 eo
2281 2186 2422 2256 quod
2453 2187 2700 2256 ejusdem
2736 2187 2846 2240 sint
2877 2188 3215 2242 substantia.
3248 2185 3448 2254 Quem-

1876 2279 2166 2334 admodum
2200 2295 2392 2334 omnes
2434 2279 2687 2333 homines
2721 2279 2884 2332 unius
2929 2277 3251 2332 substantia
3293 2288 3446 2345 sunt,

1875 2387 2004 2427 suas
2060 2381 2241 2427 tamen
2300 2371 2637 2427 differentias
2685 2371 2910 2436 habent,
2955 2380 3246 2442 propterea
3298 2373 3446 2442 quod

1875 2465 2013 2519 alius
2041 2464 2256 2535 quidem
2289 2479 2572 2534 procerus,
2602 2463 2742 2518 alius
2783 2463 2988 2527 brevis,
3039 2465 3182 2518 alius
3225 2473 3444 2534 potens,

1874 2556 2016 2610 alius
2043 2555 2228 2610 miser.
2263 2553 2655 2610 Verumtamen
2689 2555 2894 2625 pariter
2924 2555 3086 2609 unius
3115 2563 3170 2610 et
3199 2555 3444 2624 ejusdem

1874 2657 2004 2706 sunt
2045 2648 2386 2714 substantia,
2433 2648 2629 2702 anima
2690 2647 2901 2702 scilicet
2955 2655 3117 2717 atque
3176 2648 3444 2718 corporis.

1871 2742 2111 2796 Alterius
2143 2739 2464 2796 substantia
2495 2739 2718 2802 dicitur,
2758 2739 2904 2809 quod
2937 2737 3167 2794 diversa
3199 2747 3282 2794 est
3309 2739 3445 2794 sub—

1872 2832 2106 2893 stantia,
2157 2845 2259 2886 nec
2307 2831 2580 2885 ullatenus
2627 2828 2719 2882 alii
2754 2836 2838 2882 est
2864 2827 3046 2889 afﬁne,
3084 2827 3179 2883 sed
3227 2828 3447 2897 penitus

1872 2919 2108 2973 alienum
2133 2929 2187 2972 et
2229 2919 2376 2973 onmi
2424 2917 2588 2972 modo
2636 2917 2920 2982 absimile;
2960 2917 3267 2986 eujusmodi
3318 2927 3447 2973 sunt

1872 3012 2015 3083 ignis
2045 3019 2099 3066 et
2129 3025 2266 3082 aqua
2303 3029 2316 3065 :
2347 3010 2453 3063 alia
2496 3010 2699 3080 quippe
2732 3017 2816 3064 est
2857 3009 3164 3064 substantia
3210 3009 3355 3079 ignis
3389 3017 3443 3064 et

1872 3121 2025 3176 aqua
2083 3107 2212 3166 alia.
2277 3103 2514 3174 Ideoque
2568 3102 2795 3156 alterius
2851 3102 3171 3157 substantia
3220 3102 3445 3167 dicitur,

191 3197 287 3249 καὶ
345 3195 664 3267 ὲτεροοὺσια
713 3195 988 3264 λέγονται·
1018 3197 1150 3250 ὡσεὶ
1173 3197 1261 3250 διὰ
1294 3198 1355 3250 τὸ
1403 3199 1476 3268 μὴ
1526 3199 1769 3269 μετέχειν

1874 3197 2000 3267 quia
2021 3197 2242 3252 alterius
2263 3203 2471 3250 natura
2501 3202 2664 3265 atque
2685 3194 2898 3264 generis
2924 3210 2936 3246 :
2961 3192 3442 3264 quemadmodum,

188 3287 382 3357 ἕτερον
403 3286 506 3355 τῆς
533 3286 718 3349 οὐσίας
739 3285 833 3339 τοῦ
862 3285 1046 3358 ἑτέρου
1067 3303 1081 3316 ·
1105 3286 1240 3339 ἀλλὰ
1259 3286 1391 3356 ἄλλη
1418 3286 1516 3358 μὲν
1539 3288 1768 3354 ἐκείνου,

189 3376 384 3448 ἐτέρου
416 3376 475 3428 δὲ
509 3376 665 3447 ἄλλη,
695 3375 876 3440 καθὼς
904 3377 1136 3449 εἴρηται.

1868 3287 2052 3355 Deus,
2089 3288 2334 3357 angelus,
2381 3287 2578 3350 lutum,
2629 3287 2712 3341 sol
2763 3295 2819 3340 et
2871 3285 3074 3341 fenum.
3127 3284 3252 3341 Hac
3298 3285 3444 3340 enim

1867 3380 2122 3436 omnibus
2158 3379 2335 3434 modis
2363 3379 2636 3433 absimilia
2664 3387 2792 3434 sunt
2827 3378 2968 3432 inter
3001 3394 3080 3439 se.
3107 3384 3447 3448 quapropter

189 3473 425 3526 alterius
454 3473 777 3527 substantia
805 3473 1062 3526 dicuntur
1094 3491 1106 3526 :
1146 3479 1332 3542 utpote
1388 3474 1532 3543 quod
1561 3473 1790 3529 alterum
1825 3489 1950 3530 cum
2027 3476 2254 3531 alterius
2303 3475 2613 3531 substantia
2658 3475 2880 3529 minime
2918 3475 3308 3541 communicet,
3345 3473 3443 3528 sed

189 3565 292 3618 alia
334 3569 408 3618 sit
453 3564 620 3622 illius.
646 3565 750 3617 alia
778 3565 1022 3626 alterius,
1061 3571 1123 3619 ut
1155 3565 1356 3618 dictum
1385 3572 1487 3619 est.

566 3657 676 3711 VII.
710 3659 849 3725 Περὶ
882 3658 1086 3728 ψυχῆς
1117 3660 1211 3712 καὶ
1237 3660 1398 3725 νοός.

255 3753 480 3817 Δισσῶς
511 3753 728 3821 λέγεται
775 3754 808 3824 ἡ
856 3752 1021 3824 ψυχὴ,
1062 3753 1154 3824 μία
1193 3754 1345 3824 μὲνὴ
1377 3753 1589 3821 ἄλογος,
1646 3754 1766 3824 ἣτις

186 3848 310 3901 ἐστὶ
350 3847 412 3898 τὸ
478 3845 588 3898 τῶν
621 3845 831 3914 κτηνῶν
850 3861 862 3874 °
911 3845 1070 3916 ἑτέρα
1095 3845 1151 3897 δὲ
1179 3846 1212 3915 ή
1242 3845 1452 3914 λογικὴ,
1477 3845 1597 3914 ἥτις
1649 3846 1766 3897 ἐστὶ

185 3939 296 3990 τῶν
369 3935 697 4004 ἀνθρώπων.
742 3937 851 3988 Καὶ
903 3936 936 4006 ή
994 3935 1090 4004 μὲν
1134 3935 1240 3988 τῶν
1293 3935 1527 4004 κτηνῶν,
1562 3935 1626 3986 ἐκ
1662 3935 1765 4003 γῆς

185 4030 387 4082 ἔλαϐεν
411 4029 509 4099 τὴν
543 4027 899 4100 δημιουργίαν
946 4028 1086 4080 κατὰ
1113 4026 1246 4078 Θεοῦ
1283 4026 1591 4097 πρόσταξιν,
1624 4026 1698 4088 ώς
1729 4028 1762 4097 ὴ

186 4121 314 4174 θεία.
371 4119 526 4185 λέγει
558 4117 746 4188 Γραφή
775 4133 788 4146 ·
835 4135 852 4166 ι
878 4117 983 4168 Καὶ
1010 4111 1158 4168 εἶπεν
1195 4118 1223 4169 ὁ
1253 4115 1402 4179 Θεός’
1423 4116 1766 4184 Ἐξαγαγέτω

186 4215 220 4283 ἡ
247 4213 326 4281 γῆ
357 4209 568 4281 ἑρπετὰ
587 4209 772 4278 ψυχῶν
801 4207 1212 4272 ζωσῶν.›”Ωστε
1245 4207 1311 4260 τά
1329 4188 1440 4272 ζῶα
1465 4209 1527 4261 ἐκ
1551 4209 1647 4279 τῆς
1664 4209 1766 4279 γῆς

187 4303 386 4356 ελαὸον
441 4302 541 4372 τὴν
571 4301 767 4372 ψυχήν.
803 4301 900 4352 Διὰ
936 4299 1094 4352 τοῦτο
1134 4300 1270 4370 πρὸς
1296 4301 1365 4352 τὰ
1404 4302 1564 4370 γήϊνα
1608 4301 1766 4370 μόνον

188 4397 376 4465 ἔχουσι
405 4393 504 4463 τὴν
532 4391 706 4462 ὁρμὴν
738 4392 832 4444 καὶ
870 4393 1044 4444 πᾶσαν
1077 4390 1174 4462 τὴν
1205 4391 1400 4462 ὄρεξιν,
1433 4392 1525 4444 καὶ
1545 4393 1602 4443 οὐ
1631 4409 1762 4463 φρο-

188 4487 343 4540 νοῦσι
374 4484 448 4537 τά
474 4484 607 4538 ἄνω.
647 4483 770 4546 Πῶς
795 4482 850 4535 δὲ
883 4482 1098 4551 ἐγένετο
1123 4485 1156 4552 ὴ
1183 4482 1327 4554 ψυχὴ
1351 4482 1527 4535 αὐτῶν
1561 4485 1624 4534 ὲκ
1666 4483 1765 4551 τῆς

2194 3657 2355 3727 198
2391 3655 2504 3710 VII.
2547 3655 2624 3709 De
2658 3657 2835 3708 anima
2857 3665 2904 3708 et
2935 3664 3120 3708 mente.

1943 3749 2239 3819 Dupliciter
2264 3749 2466 3802 dicitur
2488 3749 2689 3800 anima.
2715 3748 2896 3799 Altera
2932 3747 3149 3816 quidem
3179 3753 3264 3801 est
3299 3747 3441 3802 irra-

1872 3842 2115 3902 tionalis,
2153 3855 2273 3910 qua
2302 3839 2586 3893 brutorum
2630 3846 2732 3903 est,
2769 3837 2939 3891 altera
2973 3852 3102 3891 vero
3131 3837 3438 3902 rationalis,

1869 3949 1989 4004 qua
2011 3943 2095 3988 est
2128 3933 2426 3986 ltmninum.
2452 3930 2630 4000 Atque
2655 3946 2714 3984 ea
2736 3929 2976 3999 quidem,
3007 3945 3126 3998 qua
3153 3929 3438 3983 brutorum

1873 4036 1980 4090 est,
2011 4025 2344 4079 creationem
2379 4039 2531 4078 suam
2563 4038 2626 4076 ex
2659 4030 2804 4074 terra
2852 4021 3070 4089 accipit,
3100 4019 3253 4088 juxta
3286 4035 3440 4075 man-

1870 4117 2055 4171 datum
2089 4115 2204 4179 Dei,
2235 4113 2693 4184 quemadmodum
2724 4113 2907 4165 divina
2942 4112 3074 4165 dicit
3106 4108 3390 4181 Scriptura
3422 4132 3434 4166 :

1875 4230 1893 4261 ι
1928 4209 1992 4263 Et
2029 4209 2164 4263 dixit
2196 4208 2359 4270 Deus,
2396 4205 2659 4276 producat
2695 4213 2840 4257 terra
2887 4203 3096 4272 reptilia
3130 4203 3436 4258 animarum

1867 4301 2162 4354 viventium
2189 4301 2252 4350 ε’.
2281 4319 2300 4350 ι
2350 4297 2492 4367 Ergo
2520 4295 2780 4349 animalia
2812 4295 2972 4349 bruta
3009 4311 3075 4349 ex
3105 4302 3247 4348 terra
3280 4309 3439 4349 acce-

1868 4401 2064 4460 perunt
2091 4392 2325 4444 animam
2371 4404 2546 4444 suam.
2601 4384 2837 4455 Ideoque
2879 4386 2947 4441 ad
2983 4394 3197 4441 terrena
3230 4386 3434 4440 solum-

1867 4484 2028 4538 modo
2062 4484 2262 4538 habent
2294 4482 2630 4537 alI‘ectionem
2661 4489 2714 4537 et
2745 4495 2959 4534 omnem
2983 4480 3302 4549 appetitum,
3338 4491 3436 4532 nec

186 4577 295 4646 γῆς
322 4575 588 4643 εἴπωμεν.
632 4573 866 4626 Ἔδωκεν
915 4574 946 4643 ἡ
981 4573 1050 4641 γῆ
1099 4573 1242 4624 κατὰ
1282 4571 1575 4643 πρόσταξιν
1625 4572 1758 4624 Θεοῦ

1874 4585 1948 4630 est
1982 4576 2088 4630 illis
2118 4591 2296 4630 rerum
2321 4575 2623 4629 cmlestium
2655 4588 2806 4627 cura.
2843 4571 3126 4637 Quomodo
3156 4586 3286 4626 vero
3317 4571 3429 4624 ani-

191 4666 374 4736 σάρκα
396 4667 513 4726 τοῖς
540 4663 826 4734 κτήνεσιν·
853 4666 886 4732 ἡ
918 4663 974 4716 δὲ
1002 4663 1136 4734 σάρξ
1168 4665 1464 4734 πεποίηκεν
1498 4657 1634 4733 αἷμα
1691 4664 1763 4715 Τὸ

1865 4683 1950 4719 ma
1991 4683 2178 4722 eorum
2211 4681 2279 4719 ex
2302 4675 2446 4719 terra
2482 4665 2621 4741 facta
2657 4665 2751 4727 sit,
2784 4663 3051 4718 dicamus.
3084 4660 3240 4716 Dedit
3265 4672 3428 4726 terra,

185 4759 244 4812 δὲ
273 4755 420 4828 αἷμα
451 4756 644 4825 γέγονε
671 4755 818 4826 ψυχὴ
843 4752 1121 4826 κτηνώδης
1149 4753 1227 4823 τῷ
1259 4753 1402 4824 ζώῳ,
1429 4752 1567 4806 ὥστε
1603 4753 1761 4806 πάλιν

1874 4759 2010 4819 iuxta
2041 4765 2366 4828 praceptum
2404 4756 2518 4820 Dei,
2551 4757 2726 4810 brutis
2754 4769 2972 4808 carnem
3004 4771 3016 4806 :
3043 4767 3172 4807 caro
3209 4752 3430 4822 sangui-

187 4848 488 4917 θνήξαντος
535 4844 629 4898 τοῦ
684 4843 841 4909 ζώου,
881 4844 942 4897 τὸ
982 4839 1118 4913 αἷμα
1175 4843 1420 4913 πεπηγὸς
1456 4845 1534 4906 είς
1588 4844 1761 4914 σάρκα

192 4939 615 5012 μεταϐάλλεται.
664 4937 810 4990 Ἡδὲ
849 4935 986 5007 σὰρξ
1011 4936 1295 5008 φθαρεῖσα,
1329 4936 1489 4989 πάλιν
1545 4935 1764 4988 ἀναλυο-

192 5035 353 5105 μένη,
390 5033 604 5100 γίνεται
633 5029 727 5099 γῆ.
764 5030 873 5082 Καὶ
922 5028 1010 5082 διὰ
1065 5029 1222 5081 τοῦτο
1253 5027 1526 5096 ἀγνοοῦσι,
1557 5028 1654 5080 καὶ·
1698 5027 1759 5078 οὐ

189 5125 452 5198 φρονοῦσι
503 5123 571 5175 τά
619 5123 749 5176 ἄνω.
795 5121 851 5172 ὐ
901 5120 957 5172 δὲ
1011 5120 1292 5191 ἄνθρωπος
1334 5121 1398 5174 ὲκ
1453 5121 1551 5191 τῆς
1612 5119 1761 5181 Θείας

188 5215 548 5286 ὲμπνεύσεως
596 5214 795 5285 ἔσχηκε
847 5213 943 5285 τὴν
997 5213 1193 5284 ψυχὴν,
1228 5211 1313 5264 διὰ
1368 5210 1526 5264 τοῦτο
1571 5211 1664 5262 καὶ
1691 5210 1760 5262 τά

188 5311 308 5363 θεῖα
342 5306 717 5377 ἐπιγινώσκει,
749 5308 840 5359 καὶ
865 5307 931 5358 τὰ
958 5306 1068 5359 ἄνω
1095 5304 1295 5367 διώκει,
1320 5303 1412 5356 καὶ
1441 5304 1508 5356 τά
1537 5302 1759 5372 οὐράνια

186 5405 317 5467 νοεῖ,
351 5402 449 5456 καὶ
472 5401 688 5470 λογικὸς
721 5400 954 5470 ὑπάρχει
1003 5398 1092 5450 καὶ
1125 5397 1326 5461 ἔννους.
1372 5397 1528 5449 Ἀλλὰ
1574 5395 1760 5467 μηδεὶς

189 5495 508 5556 ὑπονοείτω,
537 5495 620 5547 ὅτι
651 5493 710 5546 τὸ
743 5492 974 5562 πνεῦμα,
1010 5493 1145 5562 ὅπερ
1178 5490 1506 5560 ἐνεφύσησεν
1553 5490 1582 5542 ὁ
1627 5489 1758 5552 Θεὸς

190 5591 248 5640 ὲν
301 5588 381 5659 τῷ
412 5585 703 5658 ἀνθρώπῳ,
737 5585 913 5638 ἐκεῖνο
943 5583 1156 5652 ἐγένετο
1182 5583 1324 5654 ψυχή
1347 5599 1360 5613 ’
1401 5582 1473 5653 μὴ
1506 5582 1711 5650 γένοιτο
1737 5597 1753 5612 ⁸

189 5678 327 5732 ἀλλὰ
351 5679 412 5732 τὸ
447 5677 660 5747 πνεῦμα
687 5678 862 5730 ἐκεῖνο
884 5674 1060 5746 ψυχὴν
1087 5673 1532 5744 ἐδημιούργησεν.
1558 5675 1618 5727 Ei
1649 5674 1756 5746 γάρ

261 5841 306 5873 ⁶⁹
344 5839 546 5896 Cenes.
586 5853 636 5904 ι,
669 5837 755 5892 20.

1863 4869 1983 4908 nem
2022 4861 2104 4906 est
2133 4859 2354 4921 operata
2407 4869 2421 4904 :
2460 4849 2686 4918 sanguis
2713 4858 2915 4912 autem,
2946 4847 3108 4901 bruta
3139 4846 3319 4898 anima
3352 4845 3431 4898 fa-

1861 4952 1980 4995 ctus
2007 4949 2091 4996 est
2116 4941 2336 4994 animali
2368 4941 2690 4994 irrationali.
2728 4937 2908 5004 Quare
2935 4943 3151 4989 mortuo
3184 4935 3426 4996 animali,

1861 5035 2144 5103 sanguinis
2186 5043 2476 5087 concretus
2511 5032 2564 5085 in
2597 5046 2817 5086 carnem
2846 5025 3428 5082 transmutatur.-Caro

1861 5134 2039 5179 autem
2067 5134 2324 5194 corrupta
2354 5133 2408 5178 et
2440 5128 2700 5186 resoluta,
2734 5131 2877 5176 terra
2911 5121 2969 5173 ﬁt
3006 5134 3218 5172 rursus.
3252 5117 3429 5188 Atque

1861 5233 1977 5272 eam
2007 5217 2076 5271 ob
2105 5232 2322 5272 causam
2349 5216 2602 5286 ignorant
2631 5215 2741 5277 illa,
2767 5227 2942 5282 neque
2971 5216 3165 5264 curant
3200 5225 3285 5263 res
3317 5224 3422 5263 ca-

1862 5309 2045 5365 Iestes.
2078 5308 2184 5363 Sed
2222 5311 2384 5363 homo
2419 5325 2484 5364 ex
2516 5309 2876 5376 inspiratione
2913 5303 3096 5359 divina
3127 5317 3282 5357 suam
3309 5303 3427 5356 ani-

1860 5415 2004 5454 mam
2067 5401 2295 5471 accepit,
2354 5401 2474 5455 ideo
2515 5415 2604 5453 res
2648 5399 2860 5452 divinas
2891 5393 3155 5466 agnoscit,
3189 5407 3424 5462 superna

1859 5491 2225 5566 persequitur.
2248 5499 2301 5547 et
2324 5507 2412 5546 res
2437 5491 2688 5546 calestes
2710 5488 2964 5558 intelligit
2994 5506 3006 5542 :
3041 5493 3233 5556 estque
3259 5486 3423 5539 ratio-

1860 5583 2020 5650 nalis,
2048 5591 2100 5638 et
2123 5591 2302 5639 mente
2327 5582 2604 5653 praditus.
2634 5581 2900 5637 Caterum
2935 5593 3094 5634 nemo
3123 5577 3419 5638 existimet,

1859 5676 2002 5748 quod
2058 5677 2148 5733 ille
2196 5675 2446 5748 spiritus,
2487 5690 2647 5746 quem
2705 5675 2760 5728 in
2812 5672 3084 5728 hominem
3131 5667 3422 5725 insumat-it
