3920 6502
542 393 645 451 ω

1695 386 1755 441 S.
1781 384 2241 440 ATHANASIUS.
2271 416 2338 426 —
2377 382 2653 439 SPCRIA.

3667 377 3765 434 548

543 510 710 575 Deus,
767 510 946 565 factus
983 507 1056 563 sit
1109 505 1310 561 anima.
1360 503 1552 558 Absit!
1605 501 1712 556 Sed
1745 503 1975 572 spiritus
2025 502 2113 556 ille

2229 504 2388 554 ἐκεῖνο
2404 500 2465 553 τὸ
2487 498 2705 569 πνεῦμα
2728 495 2873 567 ψυχὴ
2905 498 2962 549 ὲν
2993 494 3073 567 τῷ
3096 491 3390 565 ἀνθρώπῳ,
3422 492 3563 561 τάχα
3593 492 3653 544 ἐκ
3675 493 3768 563 τῆς

540 604 747 661 creavit
783 604 1037 659 animam.
1071 598 1207 653 Nam
1238 598 1285 654 si
1310 598 1366 651 in
1396 595 1617 650 homine
1651 595 1877 665 spiritus
1908 596 1998 650 ille
2025 609 2112 649 es-

544 703 629 750 set
660 696 860 755 anima,
902 698 1048 746 esset
1092 689 1349 743 nimirum
1393 688 1575 741 anima
1619 701 1686 741 ex
1723 685 1818 740 Dei
1848 684 2108 741 essentia.

548 788 606 842 Si
638 802 767 857 ergo
792 801 856 841 ex
880 784 972 837 Dei
993 780 1235 838 essentia
1263 785 1406 834 esset
1429 778 1631 839 anima,
1660 791 1831 847 quare
1856 792 1963 830 non
1986 776 2115 830 inal-

546 880 789 936 terabilis
843 889 1059 946 semper
1106 880 1253 929 esset
1297 880 1353 928 et
1386 870 1764 932 immutabilis,
1808 868 1988 939 qualis
2030 877 2115 922 est

548 971 728 1026 Deus?
777 967 954 1038 inquit
991 966 1136 1021 enim
1171 966 1288 1034 ipse
1320 979 1337 1017 :
1370 982 1389 1010 ι
1426 961 1541 1033 Ego
1580 962 1697 1032 ipse
1742 975 1889 1024 sum,
1919 967 1975 1013 et
2001 973 2112 1012 non

545 1070 729 1118 mutor
750 1061 818 1113 ⁷⁸.
851 1082 872 1112 δ
901 1059 1098 1114 Anima
1152 1066 1332 1111 autem
1386 1053 1662 1109 interdum
1693 1052 1912 1122 quidem
1948 1050 2115 1105 stulta

544 1162 651 1219 est,
690 1152 962 1206 interdum
992 1148 1230 1219 sapiens,
1280 1146 1554 1201 interdum
1599 1143 1897 1215 peccatrix,
1945 1142 2117 1197 inter-

545 1247 676 1302 dum
726 1247 915 1315 justa:
954 1252 1009 1298 et
1067 1242 1173 1296 alio
1221 1239 1442 1309 quidem
1477 1245 1722 1305 tempore
1777 1233 1976 1299 ﬁdelis,
2011 1234 2117 1289 alio

545 1353 676 1393 vero
703 1344 947 1406 tempore
987 1331 1267 1387 incredula
1301 1348 1319 1385 :
1355 1328 1648 1399 aliquando
1678 1342 1862 1382 rerum
1905 1326 2115 1396 ignara,

547 1428 842 1498 aliquando
870 1440 1063 1497 gnara,
1090 1436 1485 1491 nonnunquam
1517 1419 1715 1475 alacris
1743 1427 1799 1474 et
1826 1416 2119 1488 aliquando

548 1520 752 1590 segnis.
774 1518 911 1573 Cum
934 1518 1048 1571 hmo
1075 1517 1130 1570 in
1163 1530 1284 1571 sese
1307 1514 1504 1567 haheat
1528 1510 1732 1574 anima,
1766 1524 2002 1579 quonam
2024 1524 2120 1578 pa-

547 1619 640 1666 cto
662 1610 772 1665 dici
799 1617 997 1679 potest,
1021 1608 1167 1677 quod
1190 1622 1255 1662 ex
1278 1605 1371 1659 Dei
1395 1604 1466 1659 sit
1492 1599 1921 1657 essentia‘illlud
1948 1599 2121 1654 baud-

551 1716 824 1772 quaquam
853 1715 974 1755 esse
1009 1704 1208 1769 potest.
1254 1694 1360 1750 Sed
1410 1696 1524 1750 haec
1564 1692 1851 1763 inspiratio
1881 1691 2119 1745 animam

552 1798 609 1851 in
638 1796 855 1850 homine
883 1793 1148 1848 fabricata
1169 1800 1255 1848 est
1277 1791 1596 1847 rationalem
1625 1796 1680 1842 et
1705 1786 2116 1856 intelligentem.

2214 590 2399 654 οὐσίας
2425 588 2520 643 τοῦ
2550 588 2686 642 Θεοῦ
2716 590 2751 658 ἡ
2782 588 2927 658 ψυχὴ
2978 586 3200 657 ἔμελλεν
3229 581 3390 638 εἶναι.
3455 583 3578 636 Ἐὰν
3607 584 3768 654 ύπῆρ-

2217 697 2309 749 χεν
2338 682 2371 749 ἡ
2398 677 2543 748 ψυχὴ
2572 678 2636 730 ὲκ
2666 677 2766 746 τῆς
2820 676 3005 739 οὐσίας
3028 674 3123 729 τοῦ
3148 674 3305 736 Θεοῦ,
3333 672 3423 726 διὰ
3452 672 3507 724 τί
3548 673 3642 725 οὐκ
3664 673 3770 726 ἐστι

2217 772 2444 823 πάντοτε
2508 768 2883 831 ἀναλλοίωτος,
2947 770 3234 839 ἄτρεπτος,
3289 765 3479 838 ὥσπερ
3534 765 3564 816 ὁ
3618 764 3768 828 Θεός;

2218 865 2423 923 ἐκεῖνος
2465 860 2574 932 γάρ
2625 861 2772 928 λέγει
2828 861 2943 913 ὅτι·
2971 879 2989 910 ι
3014 860 3183 921 Αὐτὸς
3226 857 3336 926 ἐγώ
3392 859 3532 928 εἰμι,
3570 856 3659 909 καὶ
3679 858 3771 909 οὐκ

2218 953 2536 1022 ὴλλοίωμαι.
2578 973 2596 1003 ι
2642 953 2706 1004 Ἠ
2729 952 2786 1005 δὲ
2810 950 2953 1022 ψυχή
2981 967 3109 1004 ποτε
3143 951 3239 1021 μὲν
3266 945 3401 1003 οὖσα
3440 948 3619 1020 μωρὰ,
3646 948 3764 1001 ποτε

2217 1044 2274 1097 δὲ
2330 1043 2621 1115 φρόνιμοςο
2661 1043 2753 1096 καί
2800 1060 2930 1097 ποτε
2960 1043 3059 1114 μὲν
3098 1040 3438 1112 ἁμαρτωλὸς,
3483 1039 3771 1093 nostris?»

2219 1135 2350 1189 καία
2372 1152 2387 1165 ·
2418 1134 2510 1188 καὶ
2548 1133 2734 1187 ἄλλοτε
2777 1132 2963 1203 πιστὴ,
2998 1133 3094 1186 καὶ
3139 1131 3328 1185 ἄλλοτε
3394 1131 3648 1191 ἄπιστος·
3687 1128 3771 1181 καί

2221 1244 2351 1281 ποτε
2387 1228 2485 1298 μὲν
2515 1224 2803 1293 ἀγνοοῦσα,
2841 1225 2968 1277 ποτὲ
3000 1223 3057 1277 δὲ
3097 1220 3472 1291 γινώσκουσαο
3518 1220 3612 1273 καί
3655 1237 3771 1272 ποτε

2224 1320 2321 1390 μὲν
2351 1317 2627 1390 πρόθυμος
2647 1313 2801 1380 οὖσα,
2831 1316 2962 1369 ποτὲ
2987 1315 3044 1369 δὲ
3087 1313 3317 1384 ὀκνηρά.
3353 1311 3538 1366 Ταῦτα
3570 1311 3768 1381 ἔχουσα,

2222 1412 2338 1474 πῶς
2364 1411 2583 1465 δύναται
2606 1407 2855 1477 λέγεσθαι
2883 1408 2945 1459 ἐκ
2983 1405 3082 1476 τῆς
3105 1404 3289 1466 ούσίας
3316 1400 3453 1457 εἶναι
3493 1401 3586 1455 τοῦ
3617 1400 3769 1464 Θεοῦ;

2221 1506 2321 1558 οὐκ
2351 1503 2465 1557 ἔστι
2494 1503 2668 1564 τοῦτο,
2702 1502 2803 1553 ούκ
2859 1499 2994 1553 ἔστι.
3027 1498 3099 1551 Τὸ
3160 1497 3218 1549 δὲ
3266 1494 3566 1567 ἐμφύσημα
3593 1495 3768 1555 ἐκεῖνο,

2221 1596 2397 1667 ψυχὴν
2423 1593 2851 1665 ἐδημιούργησεν
2879 1593 2937 1644 ὲν
2978 1589 3055 1660 τῷ
3078 1586 3350 1660 ἀνθρώπῳ
3377 1626 3392 1651 ,
3425 1585 3647 1656 λογικὴν
3691 1586 3771 1637 καὶ

2224 1690 2434 1760 νοεράν.
2467 1686 2565 1740 Διά
2593 1684 2752 1739 τοῦτο
2775 1683 2868 1736 καὶ
2895 1684 2927 1752 ἡ
2954 1680 3099 1751 ψυχὴ
3123 1678 3323 1750 νοερῶς
3352 1678 3421 1733 τὰ
3454 1679 3566 1732 ἀνω
3590 1677 3772 1745 φαντά-

2226 1779 2394 1845 ζεται,
2422 1776 2600 1830 καὶτὰ
2636 1773 2844 1827 ἐκεῖθεν
2878 1772 3028 1841 ξητεί
3078 1772 3171 1825 καὶ
3195 1769 3444 1841 ὀρέγεται
3470 1768 3568 1820 καὶ
3617 1767 3770 1829 ποθεῖ,

549 1887 895 1955 Quapropter
914 1886 1094 1937 anima
1124 1898 1343 1955 quoque
1364 1882 1717 1951 intelligendo
1739 1893 1977 1949 superna
1999 1892 2123 1947 spe-

2229 1868 2303 1921 ὗτι
2339 1865 2543 1919 ἐκεῖθεν
2566 1864 2680 1933 ἔχει
2711 1864 2810 1931 τὴν
2835 1858 3215 1931 δημιουργίαν.
3253 1859 3315 1910 Ἠ
3337 1857 3394 1910 δὲ
3421 1857 3531 1910 τῶν
3559 1857 3769 1925 ἀλόγων,

549 1977 787 2040 culatur,
821 1982 876 2029 et
912 1989 1032 2044 quae
1068 1974 1183 2029 illic
1204 1981 1352 2036 sunt,
1386 1971 1601 2042 quaerit,
1634 1969 1839 2039 appetit
1890 1978 1942 2024 et
1980 1967 2125 2024 desi-

549 2065 729 2126 derat.
764 2063 1186 2134 quoniamillinc
1209 2061 1371 2116 habet
1394 2058 1723 2115 creationem
1759 2072 1938 2113 suam.
1980 2058 2127 2111 lrra-

551 2150 775 2205 tionalis
806 2158 987 2205 autem
1033 2150 1215 2203 anima
1253 2164 1361 2204 non
1397 2148 1513 2213 sic;
1549 2146 1646 2202 sed
1686 2147 1815 2216 quia
1851 2146 2126 2202 terrestris

549 2248 659 2304 est,
683 2239 1025 2295 solummodo
1049 2239 1330 2295 terrestria
1361 2240 1577 2307 quaerit,
1611 2236 1843 2305 ideoque
1873 2250 1981 2289 una
2002 2250 2126 2290 cum

2225 1961 2321 2029 ούχ
2357 1958 2547 2021 οὕτως,
2582 1957 2694 2010 ἀλλ’
2724 1956 2962 2022 ἐπίγειος
2994 1948 3150 2013 οὖσα,
3175 1952 3244 2004 τά
3280 1952 3500 2020 ἐπίγεια
3534 1949 3667 2019 μόνα
3690 1950 3771 2019 ζη-

2223 2055 2306 2105 τεῖ
2327 2069 2340 2082 ·
2387 2050 2467 2105 διὸ
2510 2049 2604 2104 καὶ
2633 2045 3068 2115 συναποθνήσκει
3095 2044 3172 2114 τῷ
3212 2042 3443 2113 σώματι.
3470 2041 3579 2094 Τοῦ
3608 2042 3661 2095 δὲ
3692 2044 3773 2094 ἀν-

2227 2143 2443 2215 θρώπου
2476 2144 2510 2212 η
2540 2140 2705 2211 ψυχὴ,
2730 2137 2955 2202 ἀείζωος
2984 2137 3216 2208 ὑπάρχει
3268 2137 3361 2189 καὶ
3415 2134 3768 2204 ἀτελεύτητος.

2229 2238 2380 2306 Ἔχει
2405 2234 2459 2288 δὲ
2502 2236 2535 2304 ἡ
2583 2232 2727 2303 ψυχὴ
2785 2231 2911 2300 τρία
2950 2230 3113 2301 μέρη,
3170 2228 3406 2296 λογικὸν,
3445 2226 3668 2297 θυμικὸν
3693 2228 3773 2280 καὶ

2226 2325 2634 2397 ἑπ.θυμητικόν.
2658 2325 2766 2378 Καὶ
2789 2322 2878 2376 διὰ
2909 2323 3004 2392 μὲν
3037 2319 3130 2373 τοῦ
3163 2317 3380 2387 λογικοῦ
3430 2318 3627 2389 μέρους
3653 2318 3773 2383 ἀγα-

2229 2422 2305 2490 πᾷ
2332 2420 2422 2471 τὸν
2452 2418 2582 2470 Θεόν
2600 2432 2613 2446 ·
2648 2414 2734 2469 διὰ
2763 2413 2856 2469 τοῦ
2881 2411 3112 2484 θυμικοῦ
3144 2412 3341 2482 μέρους
3369 2410 3643 2481 ὀργίζεται
3678 2413 3774 2471 τοῖς

2227 2514 2474 2583 δαίμοσιν
2497 2550 2512 2574 ,
2551 2508 2907 2582 ἀνδριζομένη
2927 2510 3047 2562 κατ’
3078 2505 3254 2560 αὐτῶν
3273 2522 3286 2534 ⁸
3319 2504 3405 2557 διά
3428 2504 3485 2557 δὲ
3530 2503 3625 2556 τοῦ
3670 2503 3770 2554 Em-

2229 2604 2527 2677 θυμητικοῦ
2564 2603 2763 2674 μέρους
2785 2600 3039 2670 ἐπιθυμεῖ
3069 2598 3135 2651 τὰ
3176 2595 3370 2650 αἰώνια
3404 2594 3605 2664 ἀγαθά.
3639 2595 3773 2664 Ἔχει

2228 2699 2283 2752 δὲ
2301 2700 2330 2751 ὁ
2353 2696 2448 2751 evo
2457 2712 2635 2768 ρωπος
2665 2692 2943 2763 αἰσθήσεις
2975 2691 3135 2743 πέντε
3159 2687 3494 2759 σωματικάς,
3514 2688 3611 2741 καὶ
3634 2687 3771 2740 πέντε

2228 2790 2488 2861 ψυχικάς·
2524 2788 2578 2840 αἱ
2603 2783 2911 2856 σωματικαὶ
2942 2782 3038 2854 μέν
3070 2784 3208 2835 εἰσιν
3235 2798 3249 2811 ο
3282 2781 3489 2851 ὅρασις,
3525 2778 3776 2849 dammas.

551 2347 783 2403 corpore
815 2332 1067 2387 moritur.
1098 2331 1292 2386 Anima
1327 2346 1455 2385 vero
1488 2328 1727 2383 hominis
1756 2335 2019 2382 aeternum
2046 2326 2128 2381 vi-

552 2430 649 2487 vt,
685 2432 739 2476 et
767 2437 876 2476 non
924 2422 1085 2476 habet
1132 2421 1316 2476 linem.
1350 2419 1524 2475 Habet
1556 2427 1735 2474 autem
1790 2417 1972 2471 anima
2015 2425 2128 2473 tres

550 2522 734 2585 partes
762 2532 775 2568 :
801 2512 1201 2575 rationabilem,
1229 2510 1581 2573 irascibilem,
1615 2509 2121 2578 concupiscibilem.

553 2615 732 2675 Atque
762 2620 857 2674 per
884 2612 1094 2673 partem
1116 2604 1332 2673 quidem
1356 2602 1678 2657 rationalem
1714 2601 1883 2657 Deum
1913 2600 2087 2669 diligit
2111 2618 2124 2654 :

557 2710 654 2764 per
688 2694 1018 2748 irascibilem
1052 2685 1181 2748 vero
1216 2693 1558 2747 daemonibus
1589 2692 1869 2755 irascitur,
1912 2700 1967 2747 et
2010 2706 2131 2747 sese

555 2794 780 2842 strenue
825 2785 1090 2841 adversus
1117 2800 1213 2841 eos
1241 2785 1380 2855 gerit
1407 2802 1425 2851 ;
1474 2792 1529 2839 et
1564 2801 1659 2855 per
1690 2794 1898 2855 partem
1929 2799 2131 2839 concu-

556 2875 882 2946 piscihilem,
924 2874 1068 2928 bona
1109 2873 1316 2944 appetit
1343 2882 1567 2927 aeterna.
1605 2871 1779 2927 liabet
1809 2880 1991 2928 autem
2031 2872 2132 2928 ho-

558 2981 649 3021 mo
683 2982 879 3023 sensus
907 2967 1150 3036 quinque
1180 2965 1512 3035 corporales,
1529 2966 1845 3036 ctquinque
1873 2965 2124 3035 spiritua-

558 3060 639 3126 les
690 3078 703 3114 :
744 3060 1058 3131 corporales
1100 3060 1319 3129 quidem
1350 3066 1479 3114 sunt
1509 3058 1595 3113 isti
1631 3074 1646 3112 :
1683 3057 1857 3119 visus,
1888 3057 2128 3119 auditus,

555 3150 812 3214 olfactus,
858 3163 1049 3222 gustus
1080 3159 1135 3205 et
1167 3158 1367 3205 tactus.
1419 3148 1855 3205 Considerantur
1898 3162 2030 3202 vero
2075 3148 2128 3201 in

557 3242 678 3296 visu
704 3242 944 3310 quidem,
980 3242 1161 3295 album
1194 3248 1250 3295 et
1279 3224 1607 3310 nigrumfln
1651 3239 1861 3302 auditu,
1906 3246 2123 3293 acutum
2157 3222 2199 3279 ε

557 3338 614 3385 et
636 3345 823 3400 grave.
850 3328 910 3384 in
939 3330 1166 3395 olfactu,
1201 3343 1391 3400 gratus
1418 3330 1553 3386 odor
1581 3338 1636 3385 et
1665 3345 1829 3401 grave
1858 3331 2034 3387 olens.
2070 3329 2131 3385 In

560 3431 745 3494 gustu,
770 3423 929 3479 dulce
954 3432 1007 3478 et
1036 3438 1304 3477 amarum.
1340 3422 1399 3477 In
1432 3430 1604 3485 tactu,
1636 3422 1832 3476 durum
1862 3431 1917 3476 et
1944 3422 2127 3485 molle,

560 3515 799 3569 calidum
849 3526 903 3568 et
960 3514 1237 3584 frigidum.
1291 3512 1498 3570 Sensus
1527 3523 1708 3568 autem
1764 3514 1960 3568 animae
2002 3523 2130 3569 sunt

561 3606 652 3661 isti
684 3623 698 3658 :
736 3604 907 3667 Mens,
945 3603 1317 3674 intelligentia,
1345 3604 1553 3673 Opinio,
1580 3603 1889 3674 phantasia,
1920 3612 1975 3658 et
2005 3618 2129 3658 sen«

559 3712 676 3752 sus.
724 3694 1040 3766 Diciturque
1100 3695 1531 3766 uniuscujusque
1605 3709 1800 3750 sensus
1864 3709 2131 3762 organum

560 3786 888 3848 sensorium,
918 3801 985 3842 eo
1018 3785 1166 3857 quod
1195 3800 1414 3841 sensum
1447 3792 1732 3842 conservet
1771 3787 1971 3839 animal
2003 3801 2130 3841 sen-

561 3877 805 3932 sitivum.
834 3875 1024 3946 Opera:
1056 3886 1236 3932 autem
1276 3876 1508 3946 pretium
1555 3883 1640 3932 est
1678 3882 1732 3930 et
1780 3875 1885 3929 hoe
1928 3888 2131 3944 cogno-

561 3983 741 4033 scere,
783 3968 930 4039 quod
976 3968 1183 4036 quaevis
1225 3982 1354 4022 caro
1399 3984 1597 4039 corpus
1626 3982 1843 4038 quoque
1891 3966 2127 4029 dicatur,

562 4076 673 4115 non
699 4072 880 4114 autem
911 4059 1142 4130 quodvis
1188 4075 1389 4129 corpus
1416 4060 1630 4114 dicatur
1678 4060 1841 4114 etiam
1872 4074 2021 4113 caro.
2068 4059 2131 4112 Et

564 4166 696 4204 sane
737 4150 905 4206 stella:
948 4149 1194 4204 cwlestia
1225 4164 1456 4218 corpora
1493 4150 1766 4212 dicuntur,
1804 4164 1913 4203 non
1950 4159 2129 4202 tamen

562 4246 829 4293 vocantur
847 4239 1101 4293 cmlestes
1117 4252 1331 4293 carnes.
1350 4239 1525 4307 Atque
1543 4253 1743 4309 corpus
1763 4238 1981 4309 quidem
2002 4238 2135 4293 dici-

564 4340 657 4386 tur
684 4331 973 4400 dupliciter
997 4349 1010 4385 :
1034 4345 1235 4401 corpus
1258 4332 1561 4397 materiale,
1597 4340 1651 4388 et
1681 4347 1882 4402 corpus
1910 4332 2129 4387 subtile.

565 4422 644 4476 Ac
668 4436 866 4493 corpus
892 4420 1112 4491 quidem
1149 4423 1425 4479 materiale
1461 4432 1567 4482 est.
1612 4422 1759 4494 quod
1799 4422 2131 4493 deprehendi

565 4526 729 4567 manu
761 4519 957 4582 potest,
995 4520 1049 4567 et
1079 4512 1223 4582 quod
1253 4515 1593 4584 corruptioni
1632 4514 1903 4584 mortique
1922 4523 2006 4569 est
2036 4515 2135 4569 ob-

564 4604 786 4658 noxium
807 4621 821 4669 ;
841 4618 1039 4672 corpus
1059 4620 1185 4659 vero
1199 4610 1481 4670 teuue‘est,
1500 4608 1643 4677 quod
1664 4622 1770 4661 non
1785 4607 2136 4677 comprehen-

563 4696 643 4761 di,
663 4698 744 4753 vel
761 4697 906 4768 tangi
926 4706 1125 4766 potest,
1145 4707 1205 4752 ut
1221 4707 1305 4752 est
1324 4699 1427 4762 sol,
1454 4700 1600 4761 luna,
1623 4707 1678 4754 et
1700 4699 1886 4753 stellae.
1917 4697 2132 4768 Corpus

564 4798 747 4844 autem
779 4804 1024 4844 crassum
1050 4798 1104 4844 ct
1147 4791 1450 4856 materiale,
1490 4790 1635 4861 quod
1665 4805 1794 4845 caro
1820 4790 2040 4854 dicitur,
2064 4805 2129 4845 ex

566 4880 730 4953 199
750 4890 986 4953 quatuor
1024 4882 1307 4938 elementis
1358 4890 1595 4949 constat,
1645 4883 1934 4953 sanguine,
1973 4882 2126 4951 phle-

563 4982 762 5042 gmate,
810 4970 1061 5035 humore,
1108 4979 1163 5026 et
1190 4971 1337 5027 bile:
1369 4971 1638 5037 videlicet,
1687 4987 1752 5027 ex
1783 4987 1927 5036 aere,
1957 4980 2123 5035 terra,

564 5067 687 5135 igne
708 5072 762 5118 et
792 5077 934 5133 aqua
962 5081 977 5117 :
1009 5062 1113 5117 hoc
1139 5070 1224 5117 est
1252 5078 1318 5117 ex
1351 5063 1552 5123 calido.
1580 5063 1795 5133 frigido,
1826 5062 2051 5117 humido
2071 5071 2126 5118 et

562 5157 733 5213 sicco.
757 5153 873 5218 Sol,
901 5153 1137 5210 calidum
1168 5162 1222 5208 et
1256 5153 1421 5209 vitale
1448 5154 1812 5221 elementum;
1838 5168 1950 5216 aer,
1988 5156 2121 5210 cali-

561 5246 691 5302 dum
715 5255 770 5302 et
804 5244 1086 5300 humidum
1117 5252 1319 5311 ;terra,
1373 5245 1578 5299 siccum
1606 5262 1621 5311 ;
1654 5259 1807 5315 aqua:
1840 5244 2121 5302 humidum

2231 2898 2451 2953 φρησις,
2510 2877 2717 2947 γεῦσις,
2767 2876 2863 2929 καί
2894 2874 3028 2945 ἁφή.
3064 2873 3360 2945 Θεωρεῖται
3401 2872 3459 2925 δὲ
3515 2873 3572 2923 ἐν
3601 2871 3694 2941 μὲν
3718 2872 3774 2939 τῇ

2229 2971 2414 3042 ὁράσει
2438 2970 2498 3021 τὸ
2526 2967 2717 3020 λευκὸν
2750 2966 2845 3019 καὶ
2881 2965 3067 3036 μέλαν,
3101 2964 3159 3016 ἐν
3192 2962 3248 3016 δὲ
3274 2965 3338 3031 τῇ
3382 2962 3540 3031 ἀκοῇ,
3591 2960 3651 3012 τὸ
3698 2959 3775 3023 ὀξυ

2231 3060 2323 3114 καὶ
2350 3060 2411 3112 τὸ
2434 3057 2568 3129 βαρύ
2589 3075 2602 3087 ·
2640 3061 2698 3111 ἐν
2722 3058 2778 3110 δὲ
2814 3058 2878 3127 τῇ
2909 3056 3171 3126 ὀσφρήσει
3189 3054 3251 3106 τὺ
3293 3050 3519 3121 εύοσμον
3550 3050 3643 3105 καὶ
3671 3051 3776 3104 δυσ-

2230 3153 2365 3215 ῶδες
2386 3168 2399 3181 ·
2438 3128 2513 3202 θεν
2539 3150 2597 3203 δὲ
2621 3152 2689 3219 τῇ
2718 3148 2905 3216 γεύσει
2936 3147 2998 3200 τὸ
3037 3128 3210 3215 γλυκὺ
3247 3145 3340 3198 καὶ
3379 3143 3603 3215 πικρόν·
3650 3144 3706 3195 ὲν
3732 3141 3777 3194 δὲ

2231 3247 2296 3315 τῇ
2353 3245 2484 3314 ἀφῇ,
2515 3241 2577 3295 τὸ
2632 3241 2864 3312 σκληρὸν
2918 3240 3009 3293 καὶ
3057 3237 3294 3309 μαλακὸν
3327 3237 3422 3290 καὶ
3468 3235 3666 3307 θερμὸν
3699 3235 3777 3287 καὶ

2233 3335 2471 3405 ψυχρόν·
2517 3334 2614 3404 τῆς
2639 3334 2695 3387 δὲ
2727 3331 2904 3401 ψυχῆς
2933 3330 3001 3384 τὰ
3060 3328 3384 3400 αἰσθητήριά
3435 3328 3540 3380 είσι
3596 3326 3776 3379 ταῦτα’

2233 3427 2376 3492 νοῦς,
2410 3426 2640 3490 διάνοια,
2659 3425 2803 3490 δόξα,
2832 3424 3117 3494 φαντασία,
3149 3423 3244 3475 καὶ
3271 3421 3540 3491 αἴσθησις.
3566 3420 3778 3487 Λέγεται

2232 3519 2288 3572 δὲ
2315 3520 2441 3590 μιᾶς
2457 3518 2691 3589 ἑκάστης
2716 3515 3013 3586 αἰσθήσεως
3040 3511 3779 3587 ὖργανον,αἰσθητήριον,ἀπδ

2234 3611 2325 3665 τοῦ
2352 3613 2536 3683 τηρεῖν
2567 3611 2665 3682 τὴν
2701 3607 2949 3681 αἴσθησιν
2982 3606 3293 3677 αἰσθητικὸν
3329 3606 3391 3659 τὸ
3419 3604 3574 3669 ζῶον.
3611 3605 3700 3656 Δεῖ
3734 3601 3779 3654 δὲ

2234 3698 2515 3752 καὶτοῦτο
2559 3697 2864 3768 γινώσκειν,
2900 3698 2982 3750 ὃτι
3028 3698 3176 3751 πᾶσα
3215 3694 3351 3766 σάρξ
3393 3696 3485 3748 καὶ
3520 3692 3677 3763 σῶμα
3707 3692 3780 3744 λέ-

2233 3808 2417 3860 γεται·
2447 3792 2508 3844 ού
2542 3793 2649 3845 πᾶν
2675 3790 2730 3843 δὲ
2773 3789 2951 3861 σῶμα,
2987 3789 3080 3842 καὶ
3113 3786 3249 3857 σὰρξ
3292 3784 3629 3857 ὀνομάζεται.
3685 3784 3778 3836 Καὶ

2234 3885 2284 3937 οἱ
2311 3883 2555 3955 ἀστέρες,
2591 3881 2811 3952 σώματα
2834 3881 3126 3951 ἐπουράνια
3156 3879 3425 3947 λέγονται,
3460 3877 3521 3931 ού
3569 3877 3674 3947 μὴν
3701 3876 3780 3928 καὶ

2236 3976 2435 4045 σάρκες
2468 3974 2798 4045 ἐπουράνιοι.
2833 3973 3013 4026 Καὶτὸ
3042 3973 3140 4043 μὲν
3166 3972 3324 4042 σῶμα
3350 3971 3541 4033 διττῶς
3564 3973 3777 4042 εἴρηται,

2237 4066 2394 4136 σῶμα
2428 4046 2631 4128 ὑλικὸν,
2667 4064 2761 4118 και
2812 4063 2971 4134 σῶμα
3019 4062 3230 4115 λεπτόν.
3267 4063 3373 4114 Καὶ
3395 4063 3455 4113 τὸ
3486 4062 3586 4130 μὲν
3617 4060 3779 4113 ὑλικὸν

2426 4159 2538 4209 ἐστι
2559 4155 2619 4208 τὸ
2643 4154 3008 4226 κρατούμενον
3034 4153 3122 4206 διὰ
3154 4153 3353 4223 χειρὸς,
3390 4152 3482 4204 καὶ
3500 4152 3672 4222 φθορᾷ
3702 4150 3778 4203 καὶ

2236 4248 2447 4318 θανάτῳ
2480 4248 2829 4318 ὑποκείμενον
2847 4263 2860 4276 °
2894 4246 3052 4315 σῶμα
3075 4245 3131 4298 δὲ
3156 4243 3347 4296 λεπτόν
3378 4244 3496 4295 ἐστι
3536 4241 3598 4295 τὸ
3626 4241 3779 4313 ἀκρά-

2234 4357 2394 4411 τητον
2419 4340 2512 4393 καὶ
2538 4339 2907 4410 ἀψηλάφητον,
2929 4331 3038 4389 οἷον
3064 4334 3157 4389 τοῦ
3192 4335 3362 4406 ἡλίου,
3389 4334 3486 4403 τῆς
3545 4336 3776 4403 σεληνης,

2237 4430 2331 4483 καὶ
2357 4430 2464 4482 τῶν
2494 4430 2754 4499 ἀστέρων·
2783 4427 2843 4479 τὸ
2864 4426 2919 4479 δὲ
2969 4426 3126 4496 σῶμα
3180 4425 3241 4478 τὸ
3267 4423 3411 4493 παχὺ
3464 4426 3557 4477 καὶ
3593 4422 3777 4485 ὑλικὸν,

2235 4524 2370 4593 ὅπερ
2391 4522 2606 4590 λέγεται
2626 4519 2779 4591 σάρξ,
2798 4521 3105 4571 συνίσταται
3126 4521 3189 4571 ἐκ
3203 4515 3480 4587 τεσσαρῶν
3497 4517 3774 4587 στοιχείων,

2237 4612 2295 4679 ἐξ
2319 4613 2565 4684 αἵματος,
2594 4614 2658 4664 ὲκ
2679 4610 3003 4679 φλέγματος,
3026 4611 3089 4661 ἐκ
3118 4608 3313 4679 χυμοῦ,
3341 4608 3434 4660 καὶ
3455 4606 3688 4677 χολῆς,ῆ
3715 4605 3778 4666 ὡς

2237 4704 2295 4771 ἐξ
2348 4705 2526 4775 ἀέρος,
2574 4702 2698 4772 γῆς,
2751 4702 2940 4770 πυρὸς,
2970 4701 3064 4753 καὶ
3114 4698 3343 4762 ὓδατοςο
3386 4697 3681 4757 τουτέστιν,
3725 4697 3776 4746 ἐκ

2237 4794 2461 4867 θερμοῦ,
2496 4796 2589 4850 καὶ
2618 4792 2843 4864 ψυχροῦ,
2872 4792 2967 4846 καὶ
2999 4791 3187 4864 ὑγροῦ,
3213 4791 3306 4844 καὶ
3332 4788 3517 4861 ξηροῦ.
3558 4790 3615 4841 '0
3647 4787 3778 4858 ἥλιος

2232 4889 2291 4942 τὸ
2318 4887 2515 4959 θερμὸν
2544 4887 2637 4939 καὶ
2662 4885 2885 4949 ζωτικὸν
2937 4887 3197 4954 στοιχεῖον
3222 4900 3233 4914 ’
3279 4885 3307 4935 ὀ
3342 4883 3450 4953 ἀὴρ
3499 4882 3561 4934 τὸ
3596 4878 3776 4950 θερμὸν

2232 4981 2326 5033 καὶ
2351 4978 2513 5048 ύγρόν
2534 4995 2548 5008 ·
2577 4981 2609 5050 η
2643 4979 2712 5047 γῆ
2737 4977 2799 5030 τὸ
2825 4975 2985 5047 ξηρόν
3009 4994 3023 5007 ·
3054 4976 3124 5029 τά
3156 4976 3321 5028 ὕδατα
3349 4975 3410 5027 τὺ
3444 4972 3608 5044 ὑγρόν
3656 4987 3777 5024 στοι-

2230 5072 2374 5140 χεῖον
2402 5069 2593 5122 τίκτει.
2628 5066 2812 5121 Ταῦτά
2843 5068 2998 5128 εἰσιν,
3034 5064 3091 5131 ἐξ
3141 5058 3215 5117 ὧν
3258 5064 3586 5133 συνέστηκεν
3624 5063 3652 5115 ὁ
3698 5059 3777 5112 ἀν-

2226 5158 2457 5230 θρωπος,
2516 5155 2712 5227 μᾶλλον
2754 5156 2811 5210 δὲ
2864 5157 2898 5226 ἡ
2962 5153 3097 5224 σὰρξ
3123 5153 3216 5206 τοῦ
3252 5145 3775 5224 ἀνθρώπου-’διὸκαὶ

2229 5250 2370 5320 μετά
2401 5248 2628 5301 θάνατον
2659 5246 2820 5301 πάλιν
2851 5248 2930 5310 εἰς
2951 5245 3092 5299 αύτά
3118 5244 3426 5299 ἀναλύεται.

559 5341 887 5396 elementum
932 5338 1171 5409 pariunt.
1227 5336 1408 5409 Atque
1452 5338 1566 5394 haec
1599 5348 1750 5406 sunt,
1802 5356 1868 5397 ex
1915 5343 2115 5413 quibus
2156 5351 2372 5399 constat
2394 5342 2587 5409 homo,
2622 5343 2730 5399 imo
2759 5341 2942 5413 potius
2972 5341 3209 5396 hominis
3247 5354 3414 5407 caro;
3481 5338 3603 5397 ideo
3665 5338 3774 5408 ροβε

560 5440 789 5488 mortem
820 5431 875 5486 in
906 5445 970 5486 ea
1002 5445 1197 5485 rursus
1227 5431 1539 5487 resolvitur.

1021 5520 1153 5578 Vlll.
1200 5522 1273 5578 De
1302 5526 1649 5597 corruptibili.

635 5614 773 5685 Quid
796 5623 881 5672 est
909 5616 1284 5687 corruptib'de,
1316 5617 1461 5676 unde
1487 5618 1720 5685 dictum,
1748 5625 1803 5678 et
1823 5626 1970 5691 {quot
2004 5632 2123 5677 mo-

560 5710 647 5767 dis
680 5710 910 5765 dicitur?

632 5835 677 5867 ⁷⁶
715 5834 945 5893 Malacb.
979 5849 1053 5902 ιι,
1088 5832 1143 5890 6.

2694 5521 2829 5576 Ylll.
2871 5520 3009 5589 Περὶ
3037 5518 3317 5590 φθαρτοῦ.

2296 5618 2361 5672 Τί
2416 5618 2531 5671 ἐστι
2579 5614 2855 5688 φθαρτόνς
2883 5614 2977 5667 καὶ
3014 5613 3155 5669 κατά
3185 5614 3238 5667 τί
3270 5614 3489 5686 εἴρηται
3509 5611 3769 5686 φθαρτόνῖ

2225 5711 2318 5765 καὶ
2348 5708 2558 5781 ὁσαχῶς
2582 5707 2793 5779 εἴρηται
2826 5704 3088 5776 φθαρτόν
