3920 6538
185 439 299 498 519

1361 433 1564 489 LIBER
1601 433 1691 490 DE
1725 432 2289 489 DEFINITIONIBUS.

3343 435 3451 495 550

262 552 378 605 Καὶ
403 551 620 622 εἴρηται
653 549 753 621 μὲν
786 550 1026 622 φθαρτὸν
1052 548 1268 613 δισσῶς,
1304 549 1630 621 σωματικῶς
1685 551 1776 604 καὶ

1951 548 2251 619 Dupliciter
2306 548 2664 619 corruptibile
2720 548 2946 616 dicitur,
2995 550 3355 622 corporaliter
3393 561 3450 609 et

180 642 461 714 ψυχικῶς.
505 642 613 694 Καὶ
643 641 889 713 ψυχικῶς
916 642 1034 711 μὲν,
1064 642 1191 695 ὃταν
1233 657 1318 704 τις
1356 641 1663 715 ἁμαρτάνῃ,
1689 641 1775 694 λέ-

184 750 351 803 γεται
397 728 538 786 εἶναι
595 731 1008 804 διεφθαρμένος,
1054 730 1235 794 καθὼς
1286 730 1437 800 λέγει
1474 732 1508 802 ἡ
1538 732 1726 803 Γραφή
1755 749 1770 762 .

188 845 208 877 ι
258 824 650 896 Διεφθάρησαν
701 824 796 877 καὶ
860 822 1258 895 ὲϐδελύχθησαν
1305 826 1361 876 ὲν
1424 824 1703 894 άνομίαις·
1751 842 1769 875 ι

182 916 529 988 σωματικῶς
582 915 639 970 δὲ
688 916 908 985 λέγεται
964 916 1236 987 τρισσῶςο
1278 914 1473 985 φθορὰ,
1511 914 1775 987 διαφθορὰ

183 1008 282 1061 καὶ
336 1008 685 1078 καθαφθορά.
716 1009 826 1061 Καὶ
881 1005 1058 1079 φθορὰ
1125 1006 1222 1075 μὲν
1273 1006 1489 1074 λέγεται
1520 1005 1579 1058 τὸ
1611 1022 1776 1075 χωρι-

182 1100 394 1169 σθῆναι
420 1100 584 1170 μόνον
607 1101 706 1171 τὴν
738 1100 916 1170 ψυχὴν
945 1101 1010 1152 ὲκ
1033 1097 1126 1151 τοῦ
1154 1096 1405 1168 σώματος
1433 1097 1526 1152 καὶ
1573 1096 1776 1150 ἀποθα-

183 1193 336 1243 νεῖν’
378 1189 649 1263 διαφθορὰ
691 1190 746 1244 δέ
779 1194 946 1252 ἐστιν,
980 1192 1108 1244 ὅταν
1140 1190 1200 1242 τὸ
1228 1188 1386 1259 σῶμα
1422 1187 1601 1260 βρωθῇ
1671 1188 1775 1242 ὑπὸ

182 1281 299 1334 τῶν
325 1281 651 1352 σκωλήκων,
686 1281 781 1333 καὶ
819 1281 953 1351 μόνα
973 1281 1376 1349 καταλειφθῶσι
1395 1279 1464 1331 τὰ
1481 1281 1634 1333 ὀστᾶ.
1670 1280 1777 1332 Κα-

183 1369 445 1441 ταφθορὰ
471 1369 712 1438 λέγεται,
734 1370 861 1423 ὅταν
887 1368 1102 1422 σαπῶσι
1126 1370 1220 1422 καὶ
1237 1367 1377 1423 αὐτὰ
1405 1369 1475 1423 τά
1504 1369 1661 1432 ὀστᾶ,
1682 1367 1776 1421 κα)⁵

183 1462 581 1531 δαπανηθῶσι,
628 1461 723 1514 καὶ⁸
782 1463 863 1524 εἰς
919 1460 994 1533 μὴ
1033 1459 1091 1513 ὃν
1140 1462 1429 1531 χωρήσωσι
1475 1459 1773 1523 παντελῶς.

185 1553 368 1608 Τοῦτο
396 1555 509 1626 γὰρ
531 1553 761 1625 λέγομεν
792 1555 886 1608 καὶ
937 1555 1068 1626 περὶ
1096 1554 1189 1608 τοῦ
1222 1554 1422 1625 Κυρίου
1474 1553 1633 1625 ἡμῶν
1671 1554 1778 1624 Ἰη-

188 1645 285 1699 σοῦ
318 1646 599 1717 Χριστοῦ,
631 1647 713 1700 ὅτι
752 1645 957 1717 φθορὰν
1018 1646 1185 1717 μόνην
1224 1645 1470 1712 ἐδέξατο·
1531 1644 1776 1699 τουτέστι

188 1736 448 1790 θάνατον.
485 1736 791 1809 Διαφθορὰν
821 1736 876 1790 δὲ
921 1736 955 1808 ἢ
997 1737 1347 1811 καταφθορὰν
1396 1738 1458 1790 τὸ
1511 1738 1776 1805 πανάγιον

188 1829 362 1883 αὑτοῦ
386 1829 561 1900 ,σῶμα
593 1829 730 1893 ὅλως
762 1829 859 1882 οὐκ
887 1828 1133 1894 ἐδέξατο,
1172 1830 1369 1900 ἀνέστη
1392 1828 1449 1882 δὲ
1481 1830 1775 1900 τριήμερος

189 1918 544 1989 πρωτότοκος
572 1919 862 1990 γενόμενος
880 1921 945 1972 ὲκ
976 1918 1083 1972 τῶν
1105 1918 1335 1992 νεκρῶν.

481 2155 572 2211 IX.
615 2155 718 2210 Διά
753 2156 806 2210 τί
831 2155 1065 2225 λέγεται
1094 2156 1462 2223 πρωτότοκος
1480 2172 1498 2218 ;

257 2285 410 2342 Διότι
442 2288 644 2358 ἀνέστη
668 2287 882 2359 πρῶτος
915 2289 978 2341 ὲκ
998 2287 1090 2341 τοῦ
1112 2288 1260 2359 ᾅδου,
1286 2287 1469 2351 καθὼς
1501 2289 1593 2343 καὶ
1616 2291 1776 2359 ἡμεῖς

193 2378 471 2450 μέλλομεν
512 2380 833 2434 ἀνίστασθαι
877 2383 935 2433 ὲν
970 2383 1036 2451 τῇ
1079 2380 1307 2452 δευτέρᾳ
1341 2381 1631 2455 παρουσίᾳ.
1668 2383 1776 2436 Καὶ

190 2474 313 2525 ἐπεὶ
341 2472 548 2542 ἀνέστη
578 2472 682 2543 πρὸ
716 2472 923 2526 ἐκείνου
950 2475 979 2527 6
1003 2474 1251 2545 Λάζαρος
1276 2474 1374 2528 καὶ
1412 2473 1505 2528 τοῦ
1550 2475 1775 2546 Ἰαείρου

193 2563 465 2636 θυγάτηρ,
495 2565 590 2618 καὶ
622 2563 767 2618 ἄλλοι
799 2564 1003 2629 πολλοὶ,
1036 2564 1195 2619 διὰτί
1231 2566 1330 2619 οὐκ
1361 2564 1559 2637 ἐκλήθη
1585 2583 1670 2629 τις
1719 2564 1778 2632 ἐξ

192 2659 372 2713 αὐτῶν
402 2658 788 2729 πρωτότοκος;
819 2658 963 2712 Διότι
988 2661 1184 2713 ἐκεῖνοι
1216 2659 1545 2722 ἀναστάντες
1578 2659 1642 2712 ἑκ
1669 2658 1777 2711 τῶν

193 2747 408 2819 νεκρῶν
433 2747 598 2801 πάλιν
632 2747 921 2802 ἀπέθανον.
959 2749 1016 2802 '0
1046 2749 1103 2802 δὲ
1125 2747 1376 2820 Χριστὸς,
1395 2750 1652 2811 ἀναστὰς,
1678 2750 1778 2802 οὐκ
1818 2810 1829 2819 ο

192 2838 274 2894 ἔτι
294 2840 563 2899 ἀπέθανε.
605 2841 715 2894 Καὶ
741 2841 878 2913 ὅπερ
936 2842 1022 2910 ἐφ’
1051 2841 1208 2913 ἡμῶν
1255 2842 1545 2911 γενήσεται
1601 2842 1659 2893 ἐν
1708 2841 1775 2910 τῇ

193 2930 514 2995 ἀναστάσει,
547 2930 705 2984 τοῦτο
734 2931 925 3000 γέγονε
964 2931 1059 2984 καὶ
1087 2932 1172 2984 ἐπ’
1202 2931 1388 2985 αὑτοῦ.
1415 2930 1637 3003 Πρῶτος
1669 2930 1778 3003 γὰρ

195 3022 258 3074 ὲκ
288 3020 399 3074 τῶν
428 3019 641 3092 νεκρῶν
674 3020 875 3092 ἀνέστη
907 3022 1004 3092 τὴν
1045 3022 1102 3076 ὲν
1130 3020 1406 3093 ἀφθαρσίᾳ
1461 3020 1775 3085 ἀνάστασιν,

194 3109 260 3186 ἧς
291 3115 389 3168 καὶ
410 3114 574 3185 ἡμεῖς
600 3113 744 3167 κατὰ
778 3114 841 3167 τὸ
892 3113 1084 3186 μέλλον
1139 3115 1427 3187 ἐλπίζομεν
1472 3112 1780 3167 ἀπολαύσα-

201 3205 342 3269 σθαι,
380 3205 451 3277 ῆν
483 3203 561 3276 μὴ
591 3204 891 3275 διαδέχεται
923 3203 1169 3268 Θάνατος.

334 3471 409 3528 Χ.
456 3472 527 3526 Τί
552 3472 684 3526 ἐστι
711 3472 925 3543 λόγος,
955 3472 1054 3526 καὶ
1085 3471 1326 3540 ὁσαχῶς
1353 3475 1386 3526 ὁ
1423 3474 1640 3542 λόγος;

264 3562 503 3635 Εἴρηται
554 3563 655 3634 μὲν
699 3565 729 3616 6
778 3562 934 3632 λόγος
982 3563 1185 3636 τριχῶς
1206 3579 1221 3593 ο
1270 3563 1425 3633 λόγος
1462 3563 1719 3628 ἐνούσιος,
1752 3566 1781 3617 6

199 3654 328 3718 Θεὸς
350 3654 547 3722 Λόγος.
584 3652 741 3722 λόγος
774 3651 1099 3717 ἐνδιάθετος,
1129 3652 1158 3704 6
1184 3650 1292 3705 τῶν
1324 3651 1590 3720 ἀγγέλων,
1632 3651 1727 3705 καὶ
1752 3653 1782 3705 6

199 3750 255 3800 ἐν
278 3750 346 3818 τῇ
377 3745 630 3817 ἡμετέρᾳ
650 3744 858 3817 διανοίᾳ
877 3743 1039 3798 λαλού
1047 3760 1206 3814 μενος
1229 3742 1384 3812 λόγος
1407 3759 1422 3773 ο
1474 3744 1569 3797 καὶ¹
1593 3744 1622 3796 6
1646 3758 1781 3815 προ-

199 3838 444 3911 φορικὸς,
502 3839 534 3892 6
564 3837 654 3891 διὰ
695 3837 798 3908 τῆς
844 3837 1112 3908 γλώττης,
1168 3835 1228 3900 ὃς
1273 3824 1489 3905 λέγεται
1553 3835 1781 3905 ἄγγελος

198 3931 490 4004 νοήματος.
527 3930 698 3999 Λόγος
741 3930 800 3984 δὲ
829 3928 1045 4002 εἴρηται
1072 3931 1136 3982 ὲκ
1163 3928 1257 3982 τοῦ
1285 3928 1483 3998 λέγειν.

606 4145 696 4201 XI.
734 4148 797 4202 Τί
822 4148 957 4202 ἐστι
988 4145 1376 4216 Χριστιανόςῖ

267 4288 598 4361 Χριστιανός
623 4291 769 4341 ἐστιν
791 4283 1045 4357 ἀληθινὸς
1068 4277 1215 4347 οἶκος
1250 4281 1487 4352 Χριστοῦ
1542 4281 1780 4351 λογικὸς,

203 4377 266 4434 (ι’
295 4379 481 4451 ἔργων
533 4377 755 4448 ἀγαθῶν
800 4375 898 4430 καὶ⁵
923 4373 1210 4447 δογμάτων
1238 4371 1414 4444 ὀρθῶν
1456 4372 1783 4443 συνιστάμε-

204 4489 557 4635 νᾅῗίρετιιιιδς
609 4558 666 4612 δέ
727 4560 843 4611 ἐστι
915 4557 1258 4629 συκοφάντης
1325 4557 1418 4612 καὶ
1478 4558 1782 4630 κατήγορος

1879 642 2254 712 spiritualiter.
2271 641 2347 696 Ac
2364 640 2720 713 Spiritualiter
2741 641 2980 710 quidem,
3000 657 3120 697 cum
3141 644 3450 712 peccaverit

1874 734 2018 804 quis.
2050 733 2251 787 dicitur
2290 748 2412 789 esse
2455 741 2770 802 corruptus,
2812 732 3269 804 quemadmodum
3313 735 3451 791 dicit

1877 825 2161 895 Scriptura
2201 844 2216 880 :
2253 844 2271 876 ι
2304 824 2559 895 Cor-rupti
2584 833 2713 879 sunt
2768 834 2822 880 et
2870 825 3266 882 abominabiles
3319 826 3451 884 iacti

1875 924 2003 973 sunt
2033 919 2090 974 in
2118 917 2588 989 iniquitatibus“.
2628 934 2646 967 ι
2686 914 3061 985 Corporaliter
3093 931 3220 970 vero
3256 932 3451 971 corru-

1877 1012 2065 1082 ptibile
2095 1011 2272 1065 tribus
2305 1008 2484 1063 modis
2513 1008 2711 1063 dicitur
2738 1026 2752 1062 :
2776 1008 3053 1069 interitus,
3085 1010 3367 1079 corruptio
3394 1019 3451 1065 et

1876 1100 2244 1169 consumptio.
2280 1098 2541 1153 lnteritus
2586 1097 2808 1161 dicitur,
2849 1097 2965 1151 sola
2996 1098 3193 1152 animae
3227 1113 3451 1167 separa-

1875 1196 1953 1247 tio
1979 1209 2009 1247 a
2038 1207 2269 1263 corpore
2291 1201 2344 1244 et
2381 1204 2553 1244 mors.
2600 1189 2897 1258 Correptio
2932 1202 3065 1243 vero
3086 1195 3191 1246 est.
3229 1189 3451 1258 quando

1876 1300 2077 1355 corpus
2111 1299 2140 1337 a
2184 1281 2464 1337 vermibus
2515 1280 2845 1345 corroditur,
2893 1288 2948 1336 et
2994 1280 3340 1335 solummodo
3368 1297 3453 1335 re-

1876 1378 2201 1448 linquuntur
2217 1389 2364 1430 ossa.
2385 1372 2747 1444 Consumptio
2762 1382 2943 1428 autem
2961 1382 3208 1439 vocatur,
3230 1373 3451 1444 quando

1876 1475 2199 1543 putrescunt
2268 1467 2388 1538 ipsa
2446 1482 2664 1537 quoque
2727 1481 2855 1521 ossa
2924 1471 2979 1520 et
3043 1465 3450 1533 absumuntur,

1877 1564 2209 1632 abeuntque,
2240 1575 2344 1615 nec
2376 1558 2613 1628 amplius
2643 1565 2883 1614 exstant.
2918 1557 3032 1613 Hoc
3069 1559 3215 1613 enim
3250 1559 3318 1613 de
3346 1556 3451 1612 Do-

1877 1652 2029 1706 mino
2076 1657 2268 1705 nostro
2287 1647 2419 1703 Jesu
2469 1649 2690 1703 Christo
2733 1663 2952 1718 quoque
2997 1649 3256 1714 dicimus,
3303 1648 3450 1718 quod

1877 1743 2158 1800 interitum
2204 1749 2417 1796 tantum
2460 1742 2712 1806 subierit,
2745 1742 2800 1795 id
2839 1750 2923 1797 est
2969 1749 3221 1797 mortem.
3248 1741 3450 1796 Corru-

1879 1837 2117 1905 ptionem
2168 1848 2299 1889 vero
2358 1842 2452 1888 aut
2505 1834 2979 1904 consumptionem
3036 1842 3451 1889 sacrosanctum

1802 1926 1993 1996 Bejus
2034 1941 2237 1997 corpus
2292 1925 2616 1995 neutiquam
2664 1926 3096 1990 sustinuit,-sed
3143 1925 3453 1982 resurrexit

1877 2019 1965 2075 die
1994 2019 2154 2074 tertia
2187 2017 2583 2088 primogenitus
2619 2015 2799 2072 factus
2824 2032 2889 2072 ex
2917 2018 3170 2073 mortuis.

2169 2149 2264 2209 IX.
2307 2149 2484 2216 Quare
2508 2150 2706 2204 dicitur
2734 2151 3159 2222 primogenitus?

1948 2289 2027 2344 Eo
2057 2287 2205 2359 quod
2240 2286 2453 2358 primus
2487 2286 2556 2342 ab
2607 2284 2799 2341 inferis
2842 2289 3227 2354 resurrexerit,
3261 2302 3452 2358 quem-

1877 2381 2168 2436 admodum
2222 2383 2387 2436 etiam
2427 2396 2529 2437 nos
2570 2394 2923 2449 resurgemus
2973 2380 3028 2433 in
3078 2380 3318 2434 secundo
3360 2379 3454 2434 ad-

1879 2480 2061 2527 ventu.
2089 2469 2226 2537 Quia
2258 2479 2440 2526 autem
2467 2479 2593 2525 ante
2625 2471 2777 2523 illum
2806 2469 3046 2525 Lazarus
3072 2479 3451 2524 resurrexerat

1877 2570 1931 2617 et
1956 2559 2090 2617 Jairi
2121 2561 2253 2624 filia,
2296 2561 2566 2633 multique
2598 2560 2714 2622 alii,
2748 2574 2920 2630 quare
2966 2575 3072 2613 non
3110 2559 3325 2613 illorum
3353 2559 3455 2613 ali-

1878 2652 2002 2724 quis
2035 2653 2434 2724 primogenitus
2475 2659 2704 2707 vocatus
2732 2659 2817 2706 est
2849 2650 2999 2721 (55)?
3028 2649 3167 2716 Quia
3211 2650 3290 2704 illi
3327 2656 3454 2722 post

1878 2745 2333 2800 resurrectionem
2381 2758 2537 2801 suam
2591 2758 2622 2798 e
2678 2742 2932 2804 mortuis,
2991 2756 3188 2797 rursus
3248 2742 3453 2798 mortui

1880 2844 2030 2892 sunt.
2057 2835 2311 2893 Christus
2334 2843 2516 2891 autem
2548 2841 2837 2905 postquam
2872 2834 3168 2888 resurrexit
3192 2849 3302 2889 non
3334 2849 3454 2889 am-

1879 2929 2022 3000 plius
2047 2938 2132 2985 est
2155 2937 2428 2992 mortuus,
2459 2928 2555 2983 sed
2585 2926 2733 2997 quod
2767 2927 2821 2981 in
2848 2926 3253 2981 resurrectione
3292 2926 3453 2982 nobis

1878 3021 2112 3084 eveniet,
2148 3020 2204 3075 id
2245 3020 2348 3092 ipsi
2379 3020 2492 3088 jam
2521 3018 2768 3089 conligit.
2802 3016 2938 3071 Nam
2968 3017 3177 3087 primus
3202 3031 3270 3072 ex
3302 3031 3454 3071 mor-

1880 3113 1990 3167 tuis
2023 3127 2085 3167 ea
2122 3114 2526 3168 resurrectione
2559 3111 2885 3174 resurrexit,
2918 3124 3039 3179 qua:
3067 3117 3148 3163 est
3181 3109 3236 3163 iu
3270 3108 3454 3163 incor-

1879 3203 2263 3272 ruptibilitate,
2289 3205 2449 3271 cujus
2478 3217 2580 3257 nos
2605 3214 2823 3270 quoque
2849 3214 3133 3268 speramus
3175 3199 3229 3253 in
3264 3198 3452 3252 futuro

1802 3284 1845 3342 C
1877 3294 2173 3364 participes
2220 3293 2357 3359 fore,
2392 3308 2556 3364 quam
2602 3291 3058 3347 resurrectionem
3106 3291 3255 3345 nulla
3301 3304 3452 3346 mors

1879 3385 2115 3455 amplius
2146 3392 2426 3456 sequetur.

2000 3474 2066 3532 Χ.
2109 3475 2248 3543 Quid
2280 3483 2361 3530 est
2407 3474 2639 3540 verbum,
2664 3482 2713 3528 et
2743 3481 2869 3545 quot
2892 3471 3061 3526 modis
3091 3472 3292 3525 dicitur

1950 3565 2189 3622 Verbum
2220 3567 2425 3622 dicitur
2451 3567 2741 3638 tripliciter
2766 3582 2782 3618 :
2818 3565 3045 3620 verbum
3068 3563 3450 3629 substantiale,

1879 3659 2025 3729 quod
2054 3658 2333 3714 est'Deus
2361 3657 2643 3724 Verbum;
2681 3656 2909 3711 verbum
2952 3655 3250 3719 internum,
3304 3653 3452 3726 quod

1880 3758 1965 3805 est
2004 3751 2346 3821 angelorum,
2372 3757 2426 3805 et
2454 3749 2599 3819 quod
2631 3749 2687 3802 in
2715 3757 2899 3802 mente
2924 3753 3112 3801 nostra
3138 3745 3451 3813 loquimur;

1879 3843 2107 3899 verbum
2163 3842 2584 3905 enuntiativum,
2639 3839 2788 3911 quod
2842 3840 3161 3895 enuntiatur
3211 3853 3310 3909 per
3348 3839 3454 3893 lin-

1881 3951 2063 4006 guam,
2104 3935 2251 4006 quod
2294 3934 2498 3989 mentis
2547 3934 2781 3988 nuntius
2833 3946 3052 4003 quoque
3099 3932 3322 3986 dicitur.
3361 3930 3454 3985 Di-

1880 4037 2029 4086 ctum
2062 4036 2148 4085 est
2187 4037 2368 4083 autem
2396 4024 2662 4088 Verbum,
2716 4040 2813 4079 seu
2861 4023 3094 4089 dictum,
3126 4039 3158 4077 a
3191 4022 3450 4081 dicendo.

2267 4140 2360 4196 XI.
2398 4140 2538 4208 Quid
2579 4147 2656 4196 est
2687 4137 3065 4195 Christianus?

1953 4280 2304 4337 Christianus
2355 4286 2440 4334 est
2477 4291 2604 4332 vera
2654 4274 2852 4330 domus
2893 4273 3100 4330 Christi
3138 4273 3448 4340 rationalis,

1882 4387 1979 4444 per
2005 4373 2151 4429 bona
2185 4385 2350 4442 opera
2377 4375 2435 4425 et
2468 4374 2621 4424 recta
2651 4365 2908 4438 dogmata
2933 4373 3272 4421 constructa.

1951 4549 2066 4622 (δι)
2110 4547 2408 4603 Ηωτοιὶουε
2443 4552 2624 4601 autem
2666 4551 2774 4608 est,
2816 4543 3152 4615 sycophanta
3192 4550 3247 4598 et
3290 4557 3451 4599 accu-

204 4632 484 4727 ἀληθείας.
537 4651 760 4721 Αἵρεσις
808 4650 844 4720 ή
893 4647 1095 4720 ψευδὴς
1122 4647 1388 4721 ὑπόληψις
1427 4646 1522 4702 τοῦ
1575 4648 1650 4718 μὴ
1694 4648 1776 4701 6v-

1892 4650 2034 4697 sator
2081 4639 2350 4697 veritatis.
2406 4636 2662 4703 llaeresis,
2723 4634 2863 4691 falsa
2914 4635 3100 4707 Opinio
3135 4633 3256 4704 ejus
3306 4632 3451 4706 quod

206 4763 581 4909 ωἶλτρεπτόν
608 4835 725 4887 ἐστι
754 4832 817 4886 τὸ
851 4830 939 4885 ἀεὶ
960 4828 1221 4896 ὡσαύτως
1248 4831 1389 4902 ἔχον.

265 4932 504 4987 Φυσικόν
524 4932 640 4983 ἐστι
662 4928 725 4981 τδ
743 4928 802 4982 ὲν
823 4929 892 5001 τῇ
923 4925 1082 4997 φύσει
1111 4927 1384 4998 κείμενον,
1412 4923 1446 4995 ἢ
1477 4922 1537 4976 τὸ
1564 4923 1778 4995 άληθῶς

204 5024 397 5097 ἀληθὲς
423 5020 847 5092 γνωριζόμενον.

266 5114 437 5186 Παρὰ
462 5111 626 5183 φύσιν
650 5110 819 5172 ἐστὶν,
845 5108 874 5163 ὃ
898 5110 927 5163 6
952 5109 1085 5173 Θεὸς
1115 5108 1213 5179 οὐχ
1270 5105 1413 5160 οὕτω
1455 5104 1778 5174 πεποίηκεν,

204 5206 237 5277 ἦ
263 5208 405 5276 ὅπερ
432 5204 574 5267 ὅλως
596 5201 656 5255 οὐ
698 5199 1016 5271 πεποίηκεν,
1045 5193 1155 5252 οἷόν
1179 5199 1325 5251 ἐστιν
1349 5198 1382 5268 ἡ
1413 5194 1655 5267 ἁμαρτία
1680 5193 1776 5248 καὶ

206 5300 233 5353 6
262 5299 515 5359 θάνατος.

270 5390 409 5462 Τρία
453 5386 592 5459 φησὶ
635 5384 705 5440 τὰ
729 5383 1031 5456 λαλούμενα
1066 5384 1125 5436 ὲν
1148 5379 1455 5454 ἀνθρώποις
1478 5396 1491 5411 ·
1516 5379 1579 5432 τὸ
1635 5378 1776 5432 κατὰ

208 5479 384 5549 φύσιν,
414 5478 479 5533 τὸ
505 5475 659 5550 παρὰ
689 5475 868 5546 φύσιν,
904 5475 998 5528 καὶ
1026 5473 1087 5526 τὸ
1115 5473 1254 5545 ὑπὲρ
1282 5470 1463 5542 φύσιν.
1487 5472 1598 5525 Καὶ
1636 5471 1774 5524 κατὰ

210 5570 361 5639 φύσιν
393 5569 495 5641 μὲν
527 5567 677 5621 ἔστιν
709 5567 739 5620 6
771 5566 971 5639 γάμος·
1003 5563 1154 5637 παρὰ
1201 5562 1360 5632 φύσιν
1412 5563 1447 5633 η
1500 5561 1724 5635 πορνεία
1757 5577 1771 5591 ·

273 5728 317 5760 ⁷¹
354 5726 502 5785 Psal.
535 5740 662 5791 xm,
683 5724 737 5779 1.

1884 4748 1991 4789 ιιοιι
2020 4741 2125 4788 est.

1957 4822 2298 4879 lmmutabile
2325 4829 2429 4885 est,
2460 4820 2609 4891 quod
2641 4834 2700 4876 se
2736 4832 2951 4888 semper
2989 4816 3239 4873 similiter
3266 4816 3448 4871 habet.

1947 4912 2204 4970 Naturale
2229 4921 2334 4975 est,
2366 4913 2509 4983 quod
2544 4912 2599 4966 in
2626 4919 2827 4965 natura
2856 4910 3023 4963 situm
3053 4915 3156 4973 est,
3193 4909 3277 4963 vel
3305 4908 3451 4978 quod

1766 5057 1781 5074 ,
1882 5023 2009 5064 vere
2036 5022 2227 5064 verum
2265 5008 2638 5077 cognoscitur.

1954 5097 2158 5155 Praeter
2182 5108 2433 5154 naturam
2462 5106 2567 5163 est,
2598 5098 2745 5170 quod
2770 5097 2912 5153 Deus
2941 5111 3052 5152 non
3084 5095 3158 5149 ita
3190 5092 3341 5158 fecit,
3367 5093 3451 5150 vel

1879 5190 2027 5262 quod
2059 5191 2281 5246 omnino
2322 5205 2436 5246 non
2472 5189 2621 5255 fecit,
2667 5190 2852 5261 qualia
2891 5195 3021 5246 sunt
3059 5194 3348 5258 peccatum
3397 5194 3450 5242 et

1883 5298 2031 5339 lliOl‘S
2038 5324 2054 5340 ο

1954 5374 2084 5428 Tria
2113 5381 2262 5438 sunt,
2292 5389 2414 5446 quae
2441 5374 2509 5429 de
2535 5373 2849 5428 hominibus
2886 5370 3449 5443 praedicantur:un

1880 5466 2042 5537 200
2067 5466 2367 5523 secundum
2410 5474 2688 5530 naturam,
2736 5463 2883 5534 quod
2941 5472 3136 5534 praeter
3172 5469 3448 5526 naturam,

1879 5568 1947 5615 et-
1977 5558 2124 5630 quod
2162 5573 2330 5630 supra
2369 5564 2647 5614 naturam.
2692 5556 3010 5613 Secundum
3058 5565 3309 5611 naturam
3362 5558 3449 5610 cst

282 5881 390 5947 ’ἔτι
414 5878 512 5940 His
552 5879 751 5937 similia
774 5877 1022 5952 quaedam
1043 5874 1328 5951 habentur
1367 5872 1422 5928 in
1460 5867 1584 5927 cod.
1621 5868 1776 5926 Colb.
1812 5866 1971 5925 £753.
2049 5865 2161 5939 (5-5)
2200 5862 2324 5923 Haec
2351 5872 2405 5922 et
2438 5863 2638 5923 similia
2671 5864 2723 5921 in
2754 5862 2876 5921 eod.
2900 5865 3024 5922 cod.
