4066 6388
474 323 577 383 ΒΜ

1604 322 1661 379 8.
1699 322 2163 383 ATHANASIUS.
2204 356 2276 368 —
2309 323 2579 381 SPURIA.

3610 332 3720 392 552

475 439 884 497 matrimonium
918 457 934 497 :
964 447 1160 511 praeter
1209 448 1483 503 naturam,
1524 441 1788 496 scortatio
1830 460 1846 497 :
1878 457 2044 513 supra

2161 444 2285 516 ὂπὲρ
2316 444 2477 515 φύσιν
2526 446 2561 515 ἡ
2609 443 2891 515 παρθενία.
2935 446 3045 500 Καὶ
3103 446 3263 500 πάλιν
3303 446 3447 501 κατά
3474 447 3638 519 φύσιν
3688 451 3720 504 ὁ

477 543 756 594 naturam,
786 533 1091 603 virginitas.
1126 530 1192 584 Et
1223 547 1420 586 rursus
1452 532 1756 586 secundum
1794 541 2045 587 naturam

478 634 608 681 sunt
635 641 767 696 opes
795 625 942 695 jusle
986 625 1303 694 acquisitae:
1336 635 1531 695 praeter
1560 634 1834 688 naturam,
1871 626 2050 679 avari-

478 716 556 769 tia
598 734 611 770 :
646 729 811 784 supra
867 724 1162 777 naturam,
1216 716 1625 785 possessionum
1676 724 2045 786 contemptus.

478 807 610 862 Item
645 805 944 862 secundum
979 814 1232 861 naturam
1268 816 1374 873 est,
1403 807 1762 876 temperantia
1793 808 1848 861 in
1881 807 2045 862 cibo:

476 910 674 968 praeter
722 908 1007 960 naturam,
1071 898 1532 967 crapula:supra
1571 907 1856 961 naturam,
1907 896 2051 967 jeju-

475 991 650 1045 nium.
684 990 948 1044 Similiter
981 989 1282 1046 secundum
1309 999 1562 1045 naturam
1598 997 1703 1054 est,
1740 1005 1845 1061 pax
1873 1008 1886 1044 :
1912 1004 2051 1059 prm-

474 1089 559 1137 ter
587 1091 863 1147 naturam,
913 1082 1226 1138 tumultus:
1258 1096 1425 1151 supra
1468 1090 1746 1148 naturam,
1788 1096 1917 1151 erga
1946 1080 2051 1134 ini-

476 1175 649 1230 micos
677 1173 918 1229 dilectio.
958 1172 1024 1227 Et
1055 1174 1112 1227 in
1141 1175 1357 1229 caeteris
1387 1175 1658 1230 similiter.

543 1286 886 1358 Etymologia
927 1294 1033 1349 est,
1066 1301 1190 1355 qua:
1215 1286 1323 1340 vim
1368 1287 1611 1341 nominis
1643 1284 1878 1355 alicujus
1907 1290 2053 1337 recte

474 1377 746 1447 designat,
793 1384 849 1431 et
893 1393 958 1431 ex
995 1377 1115 1445 ipso
1151 1390 1319 1430 sensu
1362 1376 1654 1445 explicata,
1701 1375 1907 1430 veluti:
1941 1372 2050 1428 Pax

476 1468 622 1523 unde
648 1469 730 1523 sic
756 1468 903 1522 dicta
938 1465 1063 1522 est?
1096 1465 1252 1532 Quod
1283 1472 1518 1520 mentem
1542 1466 1893 1536 tranquillam
1925 1465 2052 1518 red.

476 1557 589 1614 dat.
630 1558 942 1621 Tumultus,
971 1573 1003 1612 a
1046 1556 1305 1611 facilitate
1335 1557 1730 1612 confundendi.
1761 1550 1948 1619 Error,
1985 1557 2053 1611 ab

476 1666 545 1708 eo
574 1650 722 1720 quod
758 1650 979 1719 oblique
1021 1659 1260 1702 mentem
1300 1648 1498 1701 trahat.
1540 1647 1941 1717 Temperantia,
1970 1646 2053 1702 vel

479 1742 629 1814 quod
660 1742 926 1796 salutaria
958 1738 1260 1810 provideat,
1290 1738 1377 1792 vel
1410 1737 1557 1808 quod
1583 1754 1787 1809 corpus
1810 1753 1843 1793 a
1871 1737 2051 1794 sordi-

479 1836 586 1893 bus
624 1843 927 1889 conservet.
977 1829 1249 1886 Scortatio
1277 1832 1363 1886 vel
1393 1832 1463 1885 ab
1496 1846 1582 1895 eo,
1628 1831 1774 1900 quod
1799 1830 2057 1899 juventus

480 1937 590 1983 tem
624 1926 943 1988 inﬂammet,
977 1923 1061 1979 vel
1083 1922 1230 1993 quod
1263 1931 1500 1978 mentem
1530 1924 1708 1979 oculis
1736 1924 1937 1992 privet,
1971 1922 2054 1976 vel

481 2020 630 2092 quod
659 2034 689 2073 a
731 2018 1028 2089 longinquo
1061 2024 1289 2074 annuat.
1329 2015 1591 2071 Similiter
1620 2023 1676 2071 et
1708 2015 1763 2069 in
1806 2013 2051 2083 reliquis.

554 2133 770 2203 Corpus
800 2132 928 2203 quia
976 2147 1044 2186 ex
1075 2130 1356 2186 elementis
1403 2129 1767 2200 compositum
1811 2136 1916 2192 est,
1968 2127 2057 2181 ad-

484 2225 651 2281 mittit
676 2224 1115 2287 dissolutiOnem,
1154 2231 1210 2277 et
1240 2221 1562 2277 destruitur.
1607 2220 1905 2290 Propterea
1934 2234 2057 2273 cor-

484 2334 616 2388 pora
639 2325 747 2370 tam
778 2316 1059 2370 hominum
1085 2330 1246 2385 quam
1272 2315 1571 2370 bestiarum
1600 2312 1759 2367 facile
1780 2311 2055 2380 corrumpi

485 2425 552 2466 ac
586 2410 723 2464 mori
749 2416 1003 2479 possunt,
1029 2424 1093 2463 ex
1118 2415 1357 2479 quatuor
1383 2422 1510 2461 cum
1539 2412 1794 2460 constent
1817 2405 2058 2459 elemen-

484 2501 598 2559 tis:
625 2509 791 2564 terra,
833 2499 1079 2570 inquam,
1114 2514 1275 2569 aqua,
1315 2499 1463 2569 igne,
1511 2505 1565 2553 et
1606 2512 1752 2551 aere.
1794 2495 1931 2550 Nam
1969 2511 2054 2560 ea,

487 2608 610 2664 quae
638 2608 705 2647 cx
732 2592 852 2646 istis
871 2598 1148 2655 constant,
1188 2605 1403 2660 semper
1430 2598 1785 2659 generantur,
1816 2602 2058 2657 semper-

492 2700 601 2754 que
642 2690 1108 2752 corrumpuntur;
1156 2681 1547 2736 elementorum
1591 2679 1842 2734 videlicet
1880 2679 2057 2733 disso-

488 2776 602 2831 luta
645 2773 1062 2844 compositione,
1107 2780 1161 2828 et
1189 2772 1433 2842 quolibet
1464 2771 1519 2826 in
1569 2786 1730 2826 suum
1759 2770 1938 2825 locum
1974 2784 2057 2824 re-

488 2874 666 2938 cepto.
700 2865 819 2938 lpsa
859 2881 989 2920 vero
1035 2865 1323 2926 elementa,
1355 2863 1626 2934 simplicia
1665 2879 1789 2918 cum
1833 2863 1964 2925 sint,
2004 2870 2059 2917 et

485 2957 877 3029 incomposita,
911 2971 1067 3010 suam
1090 2971 1309 3025 quoque
1339 2955 1691 3010 stabilitatem
1718 2954 1977 3021 retinent,
2004 2962 2057 3008 et

490 3067 665 3123 usque
688 3051 755 3105 ad
789 3050 1318 3105 consummationem
1347 3049 1675 3104 indissoluta
1702 3058 1854 3104 sunt.

1041 3185 1156 3241 XII.
1197 3185 1274 3239 De
1306 3184 1507 3238 anima.

559 3300 638 3357 De
671 3301 854 3355 anima
880 3309 1063 3355 autem
1097 3299 1356 3359 dicimus,
1406 3297 1551 3368 quod
1579 3298 1821 3368 quinque
1850 3299 1959 3353 sint
1988 3296 2064 3351 af.

494 3393 669 3448 fectus
697 3392 754 3446 in
786 3407 871 3458 ea,
900 3391 994 3461 qui
1035 3389 1299 3443 animales
1334 3387 1560 3444 affectus
1598 3395 1887 3441 vocantur.
1924 3386 2064 3440 Sunt

494 3493 678 3539 autem
714 3484 843 3538 isti:
871 3484 972 3548 ira,
1031 3482 1207 3548 dolor,
1257 3488 1459 3545 metus,
1493 3479 1806 3535 sollicitudo
1833 3488 1887 3533 et
1929 3478 2065 3533 invi-

492 3579 603 3634 dia.
640 3577 743 3644 Qui
782 3592 913 3647 ergo
949 3573 1238 3646 prudentia
1292 3571 1492 3625 mentis
1535 3570 1794 3640 praeditus
1838 3577 1923 3624 est
1966 3584 2065 3640 po-

492 3672 621 3727 terit
648 3670 758 3725 illis
779 3669 1072 3738 imperare.
1106 3665 1201 3720 Est
1224 3672 1403 3717 autem
1437 3664 1619 3716 anima
1655 3678 1748 3732 per
1781 3677 1840 3716 se
1864 3662 2061 3725 calida,

492 3769 752 3832 tanquam
791 3760 990 3813 ardens
1036 3757 1200 3827 ignis.
1244 3756 1399 3809 Sicut
1450 3754 1615 3823 igitur
1645 3753 1808 3823 ignis,
1843 3766 1905 3805 ea
1944 3766 2066 3821 quae

493 3861 626 3909 sunt
671 3853 726 3906 in
779 3852 942 3905 ollam
988 3849 1236 3917 conjecta
1291 3849 1512 3917 coquit;
1562 3848 1643 3900 sic
1686 3847 1889 3909 anima,
1944 3861 2066 3915 qua:

495 3944 710 4014 igneam
744 3950 993 3996 naturam
1030 3942 1214 4004 habet,
1242 3940 1396 3994 cibos
1436 3940 1493 3993 in
1522 3939 1882 3993 ventriculum
1915 3953 2067 3993 rece-

495 4043 622 4107 ptos
655 4033 977 4087 comminuit
1002 4038 1054 4085 et
1085 4030 1382 4085 consumit.
1410 4027 1547 4082 Nam
1587 4029 1769 4082 anima
1800 4044 1908 4081 non
1938 4043 2068 4098 pro-

495 4133 682 4195 pterea
708 4125 853 4194 ψυχή
888 4130 1130 4185 vocatur,
1163 4120 1309 4190 quod
1336 4119 1573 4174 essentia
1598 4133 1697 4173 sua
1741 4118 1814 4172 sit
1840 4118 2064 4188 ψυχρός,

497 4216 715 4285 frigida,
738 4216 884 4270 sicut
906 4213 1158 4268 rudiores
1176 4211 1396 4282 quidam
1422 4212 1773 4276 existimant;
1804 4212 1898 4266 sed
1920 4211 2062 4280 quod

497 4321 695 4378 magno
723 4321 823 4362 suo
854 4305 1039 4360 calore
1062 4304 1320 4358 humores
1349 4310 1632 4372 extergat;
1665 4303 1812 4357 sicut
1857 4317 1922 4357 ex
1953 4304 2066 4356 vir-

497 4404 616 4452 tute
653 4396 789 4451 solis
822 4394 1116 4449 manifeste
1141 4393 1412 4448 declarari
1445 4401 1644 4462 potest.
1683 4392 1820 4447 Nam
1852 4394 2064 4449 calidus

2147 536 2369 600 δικαίως
2402 536 2763 607 συναγόμενος
2789 537 3015 601 πλοῦτος
3042 555 3056 568 ·
3083 538 3235 610 παρὰ
3254 538 3414 608 φύσιν
3446 542 3481 612 ἡ
3508 540 3724 597 πλεονε-

2147 625 2265 692 ξία’
2290 627 2428 698 ὑπὲρ
2455 626 2617 694 φύσιν
2647 628 2679 696 ἡ
2712 628 3082 699 ἀκτημοσύνη.
3123 629 3353 700 Ὁμοίως
3385 631 3546 686 πάλιν
3580 633 3724 687 κατά

2149 700 2311 780 φύσιν
2347 714 2713 786 ἠσύμμετρος
2751 718 2965 788 τροφή·
3001 717 3153 788 παρά
3201 718 3363 788 φύσιν
3409 722 3441 791 ὴ
3498 738 3723 793 γαστρι-

2153 801 2389 873 μαργίαο
2429 804 2568 875 ὑπὲρ
2627 803 2785 872 φύσιν
2844 806 2876 876 ἡ
2936 806 3179 876 νηστεία.
3232 807 3506 871 Ὡσαύτως
3559 808 3722 862 πάλιν

2150 895 2289 947 κατά
2324 894 2483 964 φύσιν
2512 898 2546 967 ἡ
2587 898 2774 967 εἰρήνη
2801 913 2814 926 ⁸
2841 898 2993 969 παρά
3024 897 3184 966 φύσιν
3234 900 3266 969 ἡ
3294 901 3504 971 ταραχή
3529 918 3542 931 α
3584 901 3725 971 ὑπὲρ

2150 985 2311 1055 φύσιν
2341 989 2373 1057 η
2410 987 2541 1058 πρὸς
2568 990 2690 1051 τοὺς
2712 987 3088 1061 ὲχθραίνοντας
3119 991 3326 1062 ἀγάπη.
3355 993 3464 1046 Καὶ
3509 993 3568 1047 ἐν
3609 995 3721 1057 τοῖς

2150 1078 2355 1144 λοιποῖς
2374 1080 2590 1151 ὁμοίως.

2229 1278 2581 1351 Ἐτυμολογία
2609 1282 2756 1335 ἐστὶν
2807 1284 2840 1354 ή
2893 1283 2992 1353 τῆς
3012 1282 3294 1353 δυνάμεως
3326 1282 3420 1337 τοῦ
3462 1284 3724 1353 ὀνόματος

2151 1372 2396 1443 ὀρθότης,
2432 1373 2489 1439 ὲξ
2509 1373 2671 1427 αὑτοῦ
2691 1374 2783 1428 τοῦ
2804 1375 2921 1438 νοὸς
2943 1375 3350 1447 έρμηνευομένη
3369 1392 3383 1406 ο
3405 1370 3534 1441 οἷον,
3567 1376 3728 1430 Κατά

2152 1464 2203 1516 τί
2225 1466 2451 1536 εἰρήνης
2483 1466 2639 1519 Κατὰ
2667 1467 2728 1520 τὸ
2754 1468 2981 1537 ἠρεμεῖν
3010 1466 3099 1519 τὸν
3121 1467 3265 1520 νοῦν.
3298 1468 3506 1539 Ὠσπερ
3562 1466 3727 1520 πάλιν

2152 1562 2386 1634 ταραχὴ,
2412 1562 2499 1616 διὰ
2525 1562 2588 1616 τὸ
2619 1563 2746 1635 ῥᾷον
2770 1564 3015 1633 χεῖσθαι·
3041 1564 3133 1618 καὶ
3153 1562 3327 1635 πλάνη
3353 1563 3492 1617 κατά
3510 1563 3572 1617 τὸ
3590 1562 3729 1617 πλαδ

2152 1653 2363 1723 γιιάζειν
2390 1655 2480 1708 τὸν
2521 1655 2660 1709 νοῦν.
2693 1655 3042 1728 Σωφροσύνη,
3097 1656 3130 1727 ἢ
3160 1656 3270 1709 ἀπὸ
3310 1656 3404 1710 τοῦ
3446 1656 3558 1710 σῶα
3590 1673 3725 1728 φροδ

2154 1750 2283 1811 νεῖν,
2314 1747 2346 1818 ἢ
2383 1748 2489 1801 ἀπὸ
2522 1749 2615 1801 τοῦ
2642 1748 2703 1802 τὸ
2727 1748 2885 1820 σῶμα
2913 1750 3167 1821 φρουρεῖν
3195 1751 3302 1803 ἀπο
3332 1749 3527 1820 ῥύπου.
3581 1750 3724 1821 Πορ-

2162 1837 2278 1890 νεία
2364 1836 2451 1890 διὰ
2480 1837 2541 1889 τὸ
2574 1837 2779 1907 πυροῦν
2803 1837 2900 1909 τὴν
2926 1839 3174 1907 νεότητα,
3204 1838 3237 1909 ἢ
3265 1837 3355 1892 διὰ
3396 1838 3458 1891 τὸ
3493 1838 3724 1909 πηροῦν,

2160 1926 2194 1998 ἢ
2238 1924 2313 1990 ὡς
2335 1926 2631 1996 ἐκτυφλοῦν
2658 1926 2749 1979 τὸν
2780 1926 2983 1999 νοῦν,ἦ
3014 1928 3101 1981 διὰ
3134 1928 3193 1981 τὺ
3223 1927 3505 2002 πόρρωθεν
3530 1927 3725 1981 νεύειν.

2162 2019 2272 2073 Καὶ
2300 2021 2356 2073 ὲν
2384 2022 2497 2082 τοῖς
2524 2019 2728 2083 λοιποῖς
2748 2018 2968 2089 ὁμοίως.

2232 2130 2303 2184 Τὸ
2333 2130 2513 2200 σῶμα,
2545 2130 2664 2199 ἔχον
2690 2129 2789 2199 τὴν
2819 2128 3061 2182 σύνθεσιν
3094 2131 3158 2182 ὲκ
3182 2129 3289 2183 τῶν
3319 2129 3615 2200 στοιχείων,
3641 2122 3728 2183 δέ-

2162 2238 2314 2293 χεται
2340 2222 2433 2275 καὶ
2457 2221 2719 2288 διάλυσιν,
2748 2221 2841 2274 καὶ
2864 2220 3203 2292 ἀφανίζεται.
3239 2223 3338 2277 Διά
3358 2222 3513 2276 τοῦτο
3539 2222 3609 2276 τά
3626 2222 3731 2277 σώ-

2165 2330 2309 2384 ματα
2343 2314 2435 2368 καὶ
2455 2312 2757 2384 ἀνθρώπων
2796 2314 2889 2369 κα)⁵
2932 2313 3084 2378 ζώων
3118 2312 3394 2386 εὔφθαρτα
3420 2314 3514 2368 καὶ
3544 2312 3734 2386 εθθνη-

2161 2422 2229 2458 τα
2264 2406 2540 2477 τυγχάνει,
2570 2408 2635 2460 ἐκ
2665 2408 2944 2479 τεσσάρων
2992 2406 3358 2476 συνεστηκότα
3412 2406 3724 2476 στοιχείων·

2163 2498 2303 2567 λέγω
2330 2499 2393 2571 δὴ
2421 2500 2521 2571 γῆς
2560 2501 2655 2554 καὶ
2688 2499 2897 2566 ῦδατος,
2922 2501 3016 2554 καὶ
3048 2499 3218 2571 πυρὸς
3241 2541 3253 2558 .
3281 2500 3373 2553 καὶ
3416 2485 3595 2571 ἀέρος.
3621 2500 3732 2552 Καὶ

2163 2591 2302 2645 αὑτά
2322 2593 2392 2646 τά
2414 2594 2478 2645 ὲκ
2520 2591 2722 2646 τούτων
2749 2592 3113 2663 συνεστηκότα
3143 2593 3229 2645 ἀεὶ
3251 2592 3488 2660 γίνονται
3522 2591 3617 2645 καὶ
3642 2590 3732 2644 ἀεὶ

2164 2682 2504 2756 φθείρονται,
2546 2685 2643 2755 τῆς
2688 2683 2799 2737 τῶν
2840 2684 3113 2754 στοιχείων
3152 2683 3507 2754 διαλυομένης
3549 2680 3732 2738 συνθέ-

2165 2788 2321 2837 σεως,
2352 2774 2446 2826 καὶ
2475 2773 2705 2827 ἑκάστου
2735 2773 2870 2844 πρὸς
2891 2774 2981 2826 τὸν
3013 2773 3141 2827 ῐδιον
3192 2772 3514 2836 ἀναλύοντος
3542 2772 3727 2826 τόπον.

2162 2865 2311 2918 Δύτά
2336 2865 2392 2918 δὲ
2418 2864 2487 2918 τά
2514 2868 2769 2936 στοιχεῖα,
2792 2865 2940 2919 ἁπλᾶ
2967 2866 3296 2937 τυγχάνοντα
3320 2866 3415 2919 καὶ
3439 2863 3727 2928 ἀσύνθετα.

2161 2953 2223 3007 τὸ
2250 2954 2472 3025 μόνιμον
2499 2954 2631 3028 ἔχει,
2668 2956 2763 3011 καὶ
2794 2956 2956 3027 μέχρι
3000 2958 3100 3024 τῆς
3149 2957 3457 3020 συντελείας
3507 2956 3730 3011 ἀδιάλυυ

2162 3061 2273 3099 τον.

2675 3183 2716 3238 Χ
2730 3184 2787 3239 ll.
2817 3184 2957 3253 Περὶ
2982 3182 3207 3255 ψυχῆς.

2232 3297 2368 3367 Περὶ
2401 3296 2458 3350 δὲ
2503 3296 2683 3367 ψυχῆς
2722 3298 2972 3369 λέγομεν,
3009 3299 3092 3352 ὅτι
3146 3300 3253 3353 είσὶ
3284 3299 3445 3353 πέντε
3482 3299 3630 3370 πάθη
3674 3299 3733 3353 ὲν

2163 3386 2320 3456 αὐτῇ,
2354 3386 2511 3440 ἅτινα
2537 3387 2742 3457 ψυχικά
2770 3388 2915 3460 πάθη
2940 3388 3247 3443 καλοῦνται.
3272 3389 3392 3443 Εἰσὶ
3432 3389 3491 3443 δὲ
3534 3389 3732 3452 ταῦτα.

2161 3477 2251 3548 ὀργ
2263 3476 2319 3548 ὴ,
2347 3476 2723 3550 λύπη,υφόϐος,
2748 3481 2992 3551 φροντὶς,
3011 3480 3105 3534 καὶ
3134 3480 3343 3550 φθόνος.
3387 3482 3443 3534 '0
3469 3477 3563 3534 οὖν
3597 3483 3733 3554 φρό-

2162 3587 2318 3640 νιμον
2344 3570 2480 3641 ἔχων
2500 3570 2589 3623 τὸν
2613 3571 2865 3640 λογισμὸν
2894 3572 3114 3626 δύναται
3145 3571 3346 3626 τούτων
3375 3577 3618 3644 κρατεῖν.
3671 3573 3733 3629 Ἥ

2161 3661 2308 3734 ψυχὴ
2334 3662 2391 3714 δὲ
2417 3663 2648 3734 ὑπάρχει
2672 3663 2791 3716 καθ’
2821 3663 3018 3733 ἑαυτὴν
3049 3664 3223 3735 θερμὴ
3242 3704 3255 3725 ,
3278 3664 3353 3728 ὼς
3374 3664 3485 3736 πῦρ
3513 3666 3737 3736 καιόμε-

2163 3771 2273 3807 νον.
2315 3756 2403 3816 Ὠς
2440 3750 2532 3808 οὖν
2568 3756 2629 3807 τὸ
2678 3752 2788 3823 πῦρ
2810 3754 2876 3808 τά
2920 3754 3217 3825 βαλλόμενα
3241 3759 3320 3819 εις
3362 3756 3567 3827 λέϐητα
3591 3758 3730 3827 ἐψεῖ,

2164 3846 2304 3899 οῦτω
2326 3846 2421 3898 καὶ⁵
2455 3848 2486 3916 ἡ
2520 3845 2771 3916 πυρώδης
2801 3845 2945 3915 ψυχὴ
2973 3847 3041 3900 τά
3081 3848 3559 3919 παραπεμπόμενα
3590 3849 3736 3901 σιτία

2165 3938 2223 3991 ὲν
2246 3940 2313 4007 τῇ
2340 3937 2515 4008 κοιλία
2545 3938 2796 3991 λεπτύνει
2823 3940 2917 3991 καὶ
2940 3937 3169 4009 δαπανᾷ.
3196 3940 3355 4010 Ψυχὴ
3387 3940 3497 4011 γὰρ
3516 3980 3531 4005 ,
3559 3942 3619 3994 οὐ
3649 3940 3738 3993 διά

2163 4031 2226 4083 τὸ
2252 4030 2458 4102 ψυχρὸν
2481 4031 2577 4102 τὴν
2612 4032 2799 4085 οὐσίαν
2850 4029 3007 4096 εἶναι,
3042 4032 3306 4094 καλεῖται,
3370 4031 3552 4097 καθώς
3591 4049 3735 4095 τινες

2165 4124 2273 4176 τῶν
2296 4124 2678 4195 ἁπλουστέρων
2701 4124 2956 4194 ἐνόμισαν
2983 4141 2997 4154 ·
3023 4123 3158 4176 ἀλλὰ
3189 4123 3275 4177 διά
3317 4124 3376 4178 τὸ
3423 4125 3488 4177 ἐκ
3538 4124 3738 4195 πολλῆς

2167 4214 2500 4286 θερμότητος
2534 4215 2915 4286 ἀναξηραίνειν
2940 4215 3109 4285 αὐτὴν
3156 4213 3224 4267 τά
3273 4214 3449 4283 ὑγρά·
3507 4214 3580 4277 ὼς
3622 4214 3737 4267 ἔστι

2169 4306 2648 4379 πληροφορηθῆναι
2686 4308 2780 4360 καὶ
2823 4306 2889 4359 ὲκ
2943 4305 3041 4376 τῆς
3082 4306 3360 4376 ἐνεργείας
3409 4304 3503 4357 τοῦ
3558 4303 3732 4375 ἡλίου.

2167 4400 2379 4472 Θερμὸς
2422 4399 2532 4470 γὰρ
2568 4397 2644 4452 ὢν
2677 4399 2770 4451 καὶ
2804 4397 3091 4471 πυρώδης,
3128 4396 3297 4467 πηλὸν
3349 4395 3592 4467 ξηραίνει
3649 4396 3738 4450 καλ⁸

497 4503 623 4542 cum
654 4488 723 4543 sit
750 4495 805 4542 et
844 4486 1069 4556 ignitus,
1103 4484 1272 4541 siccat
1316 4485 1489 4539 lutum
1529 4493 1583 4540 et
1622 4499 1838 4539 omnem
1868 4485 2059 4540 humo-

2169 4495 2275 4547 πᾶν
2302 4492 2464 4563 ὑγρὸν
2486 4493 2745 4561 ἀνιμᾶται
2776 4491 2907 4561 (55).
2955 4490 3073 4544 Ὅτι
3091 4489 3147 4543 δὲ
3178 4491 3210 4561 ὴ
3249 4488 3394 4559 ψυχὴ
3421 4488 3596 4560 θερμή
3623 4490 3737 4541 ἐστι

497 4594 614 4635 rem
652 4592 875 4632 sursum
910 4576 1098 4631 trahit.
1130 4576 1285 4641 Quod
1316 4585 1496 4631 autem
1532 4576 1712 4630 anima
1742 4577 2068 4631 naturaliter

498 4676 574 4733 sit
598 4675 794 4739 calida,
821 4688 851 4727 a
874 4673 1234 4728 morientibus
1254 4688 1470 4743 quoque
1493 4673 1901 4742 comprobatur.
1928 4670 2064 4726 Cum

497 4764 643 4823 enim
684 4765 920 4836 primum
962 4763 1143 4818 anima
1196 4764 1477 4830 recedens,
1523 4779 1723 4835 corpus
1761 4763 2064 4833 reliquerit,

496 4860 681 4917 omnia
708 4858 895 4916 statim
923 4859 1166 4913 membra
1187 4865 1314 4912 sunt
1341 4858 1559 4929 frigida,
1590 4859 1898 4929 frigoreque
1921 4856 2067 4912 haud

499 4954 705 5018 minus,
739 4966 902 5022 quam
930 4951 1133 5022 glacies
1154 4951 1404 5006 hiemalis
1432 4952 1716 5022 congelata
1746 4953 2070 5021 relinquun-

499 5053 613 5102 tur.
639 5044 891 5111 Quandiu
919 5043 1065 5098 enim
1097 5042 1393 5097 abundanti
1436 5043 1560 5098 cibo
1591 5044 1771 5098 anima
1802 5043 2065 5109 reficitur,

502 5136 644 5208 viget
676 5150 895 5207 corpus,
934 5134 999 5205 let
1030 5133 1175 5188 valet
1209 5135 1461 5188 viribus:
1499 5133 1719 5202 quando
1761 5149 1890 5189 vero
1930 5134 2070 5189 cibis

498 5229 840 5292 destituitur,
895 5229 1135 5284 absumit
1172 5239 1227 5281 et
1270 5226 1577 5296 corrumpit
1621 5226 1799 5295 ipsum
1845 5241 2064 5296 corpus.

499 5323 619 5379 Non
653 5325 797 5379 enim
826 5331 1007 5394 potest
1033 5338 1235 5392 corpus
1256 5322 1459 5390 absque
1487 5320 1612 5376 cibo
1645 5320 1842 5375 animae
1871 5320 2069 5374 calidi-

502 5417 602 5471 tati
640 5417 901 5472 resistere
926 5436 939 5470 :
963 5413 1421 5486 quemadmodum
1464 5429 1567 5469 nec
1608 5428 1818 5468 aeneum
1856 5430 1953 5470 vas
2003 5411 2073 5466 ad

505 5508 783 5563 fornacem
808 5510 1069 5580 positum,
1098 5507 1240 5579 ignis
1271 5506 1666 5563 vehementiam
1696 5507 1902 5577 absque
1930 5518 2071 5575 aqua

506 5600 649 5658 ferre
686 5610 902 5673 potest:
926 5600 1094 5656 nimio
1131 5600 1277 5656 enim
1321 5598 1514 5655 ardore
1565 5599 1826 5665 siccatur,
1868 5604 1923 5653 et
1951 5605 2074 5652 tan-

580 5753 694 5824 (55)
728 5753 867 5811 Edit.
902 5770 1123 5819 conum,
1154 5752 1435 5826 ἀνηλᾶται.

2165 4585 2307 4639 κατά
2340 4587 2516 4653 φύσιν,
2545 4584 2797 4656 παράθου¹
2820 4584 2909 4637 καὶ
2929 4582 2992 4636 ἐκ
3021 4582 3130 4636 τῶν
3163 4581 3632 4652 ἀποθνησκόντων.
3662 4574 3738 4653 ’ᾟ

2168 4676 2273 4747 γὰρ
2314 4676 2489 4748 ὦρᾳη
2528 4675 2673 4747 ψυχὴ
2705 4675 2943 4747 χωρισθῇ
2976 4677 3041 4728 ἐκ
3092 4672 3188 4727 τοῦ
3241 4672 3526 4743 σώματος,
3562 4671 3737 4725 πάντα

2166 4770 2235 4823 τὰ
2264 4769 2398 4840 μέλη
2430 4768 2612 4840 ψυχρὰ
2642 4769 2737 4822 καὶ
2766 4765 3149 4839 κρυσταλλώδη
3179 4764 3545 4837 εὑρίσκονται,
3586 4763 3737 4818 οὐδὲν

2166 4853 2326 4933 ἦττον
2350 4859 2525 4929 πάγου
2564 4856 2895 4932 χειμερινοῦ.
2932 4858 3075 4920 Ἕως
3119 4855 3227 4928 γάρ
3252 4856 3366 4927 ἔχει
3401 4858 3429 4925 ἡ
3467 4854 3612 4926 ψυχὴ
3641 4852 3738 4923 τὴν

2140 4953 2374 5023 στροφὴν
2395 4954 2475 5016 είς
2508 4951 2788 5020 ἀφθονίαν,
2811 4949 2989 5005 θάλλει
3020 4950 3080 5002 τὸ
3110 4948 3268 5018 σῶμα
3303 4948 3398 5001 καὶ
3431 4947 3733 5018 ἀδρύνεται.

2182 5044 2443 5115 Ὀπηνίκα
2474 5044 2531 5097 δὲ
2580 5045 2845 5115 ἀπορήσει
2876 5044 3083 5105 σιτίων,
3118 5041 3250 5094 αὐτὸ
3294 5040 3355 5093 τὸ
3393 5039 3551 5108 σῶμα
3602 5053 3736 5090 κατ-

2170 5135 2450 5189 εσθίεικαὶ
2492 5135 2718 5207 φθείρει.
2755 5136 2828 5188 Ού
2890 5136 3000 5207 γὰρ
3036 5134 3256 5189 δύναται
3300 5132 3362 5185 τὸ
3414 5132 3570 5202 σῶμα
3610 5130 3738 5184 ἄνευ

2169 5228 2372 5299 τροφῆς
2402 5228 2645 5297 ἀντέχειν
2699 5227 2836 5300 πρὸς
2892 5227 2993 5299 τὴν
3045 5226 3352 5306 θερμότητα
3410 5224 3506 5294 τῆς
3541 5222 3734 5292 ψυχῆς.

2171 5315 2358 5389 ὥσπερ
2384 5315 2505 5370 οὔτε
2540 5318 2755 5385 ἀγγεῖον
2776 5315 3029 5386 χαλκοῦν,
3082 5315 3254 5379 ἑστὼς
3307 5313 3401 5367 ἐπὶ
3462 5312 3734 5376 κλιϐάνου,

2171 5407 2387 5462 δύναται
2412 5408 2595 5482 φέρειν
2627 5410 2752 5465 ἄνευ
2781 5408 2970 5472 ὓδατος
2998 5408 3097 5479 τὴν
3132 5407 3467 5478 σφοδρότητα
3490 5404 3585 5458 τοῦ
3635 5420 3737 5458 πυ-

2172 5500 2298 5576 ρός’
2335 5503 2667 5576 ὲκφρύγεται
2696 5505 2805 5577 γὰρ
2840 5503 2934 5558 καὶ
2988 5501 3263 5557 διαλύεται
3293 5500 3493 5555 τέλεον.
3554 5497 3741 5565 Οὕτως

2171 5592 2263 5651 οὖν
2299 5596 2392 5651 καὶ
2428 5597 2458 5651 δ
2489 5597 2651 5670 λέϐης
2673 5596 2776 5651 τοῦ
2808 5596 3090 5669 σώματος,
3122 5596 3197 5669 μὴ
3220 5595 3358 5667 ἔχων
3380 5591 3478 5664 τὴν
3511 5589 3740 5664 τροφὴν.
