3920 6536
159 402 278 458 553

1189 398 1536 455 DOCTRINA
1577 400 1667 454 AD
1717 398 2118 455 ANTIOCHUM
2157 401 2408 458 DUCEM.

3281 413 3387 468 554

154 512 325 584 παρὰ
359 511 450 580 τῆς
487 509 768 580 πυρώδους
793 509 969 581 ψυχῆς
998 510 1399 581 ὲκπυρούμενος
1421 552 1436 575 ,
1495 511 1718 564 ἀπόλλυ-

1833 509 1955 564 dem
1984 511 2318 566 dissolvitur.
2347 511 2426 566 Ad
2457 513 2705 568 eumdem
2741 516 2959 571 modum
2991 519 3097 573 olla
3137 528 3386 594 corporis

154 622 252 659 ται
284 601 644 657 παντάπασιν.

229 774 303 828 Εἴ
323 789 446 827 ποτε
467 773 524 826 δέ
551 790 634 826 σοι
675 775 802 843 περὶ
845 774 943 844 τῆς
983 773 1160 844 ψυχῆς
1216 791 1301 835 τις
1335 773 1726 844 ἀμφισὸητοίη,

157 862 436 934 ἐρώτησον
466 863 626 916 αὐτόν
647 879 660 894 ·
688 859 821 915 Εἷπέ
855 880 965 933 μοι,
991 865 1048 916 ὲν
1080 863 1185 932 ὅλῳ
1209 863 1286 932 τῷ
1313 862 1521 931 σώματι
1556 868 1728 917 κεῖται

154 956 185 1023 ἡ
221 952 373 1023 ψυχὴ
398 952 487 1005 τοῦ
516 951 826 1023 ἀνθρώπου,
858 953 891 1024 ἢ
922 954 979 1006 ἐν
1019 955 1101 1006 ἑνὶ
1128 953 1310 1022 τόπῳς
1354 953 1463 1005 Καὶ
1522 955 1569 1006 εί
1631 955 1729 1023 μὲν

153 1042 286 1112 εἴπῃ
319 1057 420 1104 σοι,
468 1040 550 1092 ὅτι
586 1041 645 1091 ἐν
699 1039 808 1110 ὅλῳ
851 1039 929 1109 τῷ
956 1039 1190 1110 σώματι,
1225 1040 1345 1093 εἰπὲ
1377 1040 1553 1110 αὐτῷ·
1619 1041 1729 1094 Καὶ

153 1133 275 1198 πῶς
307 1136 565 1205 τέμνουσι
592 1133 692 1205 τὴν
714 1138 869 1205 χεῖρα
901 1132 994 1186 τοῦ
1019 1132 1384 1204 ἀνθρώπου,ἢ
1417 1133 1508 1186 τὸν
1567 1133 1724 1198 πόδα,

153 1230 245 1284 καί
272 1228 336 1280 οὐ
366 1228 623 1281 κόπτεται
648 1227 739 1279 καὶ
774 1228 806 1296 ὴ
843 1225 1017 1297 ψυχὴ,
1067 1225 1202 1279 ἀλλὰ
1237 1225 1395 1279 πάλιν
1438 1225 1504 1297 ζῇ
1553 1229 1580 1279 ὁ
1633 1226 1728 1279 ἄν-

152 1322 390 1394 θρωπος,
424 1321 520 1374 καὶ
552 1322 651 1374 οὐκ
682 1319 1046 1392 ἀποθνήσκει;
1081 1320 1146 1371 Ei
1192 1319 1251 1372 δὲ
1310 1320 1438 1390 εἴπῃ
1492 1335 1594 1384 σοι,
1637 1319 1725 1372 Ἐν

153 1415 229 1466 ἑνὶ
265 1413 419 1483 μέρει
443 1415 641 1474 κεῖται,
669 1411 827 1465 πάλιν
865 1410 984 1464 εἰπέ
1010 1429 1022 1440 ·
1053 1410 1162 1464 Καὶ
1189 1408 1306 1474 πῶς
1337 1412 1440 1463 aiat
1490 1411 1559 1463 τὰ
1591 1411 1724 1466 ἄλλα

156 1502 293 1575 μέρη
321 1503 411 1557 τοῦ
443 1502 728 1574 ἀνθρώπου
756 1504 922 1572 χωρὶς
957 1501 1156 1574 ψυχῆς,
1187 1504 1280 1556 καὶ
1333 1503 1449 1566 πῶς
1498 1504 1724 1558 δύναται

153 1595 350 1664 ἂᾲδχον
381 1593 543 1663 μέλος
574 1593 717 1664 ἔχειν
736 1596 762 1646 ὁ
792 1593 1104 1665 ἄνθρωπος;
1139 1595 1249 1648 Καὶ
1277 1594 1543 1657 πῶςὲστι
1567 1596 1724 1648 δυνα-

150 1685 237 1735 τὸν
265 1668 364 1754 ζῇν
387 1684 558 1754 χωρὶς
582 1683 790 1754 ψυχῆςς
835 1685 948 1736 Πᾶν
981 1685 1089 1754 γὰρ
1119 1685 1179 1736 τὸ
1241 1683 1317 1755 μὴ
1379 1683 1499 1755 ἔχον
1547 1684 1720 1756 ψυχὴν

155 1777 337 1847 νεκρόν
362 1778 480 1828 ἐστι
499 1792 513 1805 °
544 1777 638 1829 καὶ
664 1777 762 1829 οὐκ
805 1773 950 1839 οἶδας
978 1778 1030 1829 τί
1061 1776 1256 1845 λέγεις.
1294 1777 1433 1846 Ἐγὼ
1482 1779 1536 1830 δὲ
1581 1780 1718 1832 εἴπω

1831 600 1876 654 si
1907 615 2013 654 non
2045 601 2240 656 habeat
2264 604 2468 668 cibum,
2500 605 2568 660 ab
2599 607 2760 677 ignita
2791 609 2971 664 anima
3001 627 3252 680 accensa,
3294 633 3386 688 pe-

1831 691 1977 746 nitus
2003 692 2207 746 interit.
2394 696 2418 722 '

1900 781 2054 848 Quod
2090 784 2137 839 si
2169 785 2462 855 aliquando
2505 788 2572 844 de
2601 791 2781 845 anima
2811 793 3021 852 dubitet
3053 800 3271 870 aliquis,
3317 805 3386 860 ab

1829 872 1950 941 ipso
1981 889 2162 944 quzere
2189 894 2202 930 :
2229 875 2366 930 Num
2416 879 2597 934 anima
2633 881 2869 940 hominis
2913 887 2970 941 in
3008 897 3120 944 toto
3157 907 3386 964 corpore

1827 972 1930 1026 est,
1961 964 2046 1018 vel
2075 963 2133 1018 in
2165 980 2274 1020 uno
2311 967 2497 1038 aliquo
2526 969 2685 1025 loco?
2725 972 2791 1028 Et
2824 977 2870 1031 si
2921 979 2976 1032 in
3009 987 3124 1036 toto
3157 963 3386 1056 corpore

1827 1056 2152 1124 respondeat
2184 1058 2420 1112 animam
2449 1076 2593 1126 esse,
2636 1064 2905 1140 interroga
2935 1090 2947 1123 :
2975 1071 3257 1137 Quomodo
3287 1080 3385 1134 ab.

1833 1146 2010 1200 scissa
2038 1161 2224 1211 manu,
2260 1149 2345 1203 vel
2372 1151 2524 1218 pede,
2569 1169 2675 1208 non
2727 1157 3066 1217 abscinditur
3096 1168 3295 1236 anima,
3329 1177 3384 1225 et

1825 1235 2002 1289 adhuc
2029 1237 2162 1290 vivit
2204 1238 2387 1308 homo,
2437 1258 2500 1297 ac
2545 1248 2783 1301 nondum
2829 1253 3094 1310 moritur?
3127 1257 3280 1324 Quod
3336 1263 3383 1319 si

1824 1326 1988 1392 dicat,
2023 1327 2078 1381 in
2108 1337 2261 1397 parte
2291 1331 2469 1401 aliqua
2495 1336 2729 1392 animam
2750 1354 2893 1409 esse,
2933 1359 3126 1403 rursus
3156 1366 3337 1420 quaere
3364 1373 3380 1410 :

1824 1416 2070 1484 Quonam
2097 1428 2259 1490 pacto
2280 1422 2517 1480 hominis
2547 1428 2664 1482 aliae
2685 1440 2864 1498 partes
2889 1449 3011 1490 esse
3031 1416 3236 1508 queunt
3257 1446 3384 1501 abs-

1823 1526 1929 1580 que
1953 1510 2154 1578 anima,
2188 1521 2241 1568 et
2270 1517 2541 1584 quomodo
2576 1522 2876 1577 membrum
2905 1524 3259 1588 inanimatum
3287 1537 3383 1591 ha-

1822 1602 1949 1657 bere
1982 1605 2157 1672 possit
2185 1604 2391 1660 homo?
2422 1609 2552 1663 ltem
2599 1616 2871 1680 quomodo
2899 1622 3156 1688 possibile
3193 1627 3263 1680 sit
3299 1630 3382 1683 vi-

1822 1707 1948 1745 vere
1989 1692 2110 1747 sine
2143 1694 2363 1748 anima?
2395 1695 2528 1750 Nam
2567 1701 2833 1770 quidquid
2875 1706 3109 1761 animam
3149 1726 3258 1766 non
3287 1713 3383 1767 ha-

1823 1781 1932 1844 bet,
1961 1795 2233 1837 mortuum
2261 1794 2364 1841 est.
2392 1785 2536 1842 Sane
2565 1791 2745 1846 nescis
2775 1793 2907 1862 quid
2926 1796 3096 1853 dicas.
3120 1798 3232 1870 Ego
3252 1817 3382 1858 vero

155 1887 249 1931 σοι,
273 1872 330 1922 ἐν
357 1869 497 1939 ποίῳ
517 1869 690 1939 τόπῳ,
717 1869 808 1922 καὶ
838 1870 976 1939 ποίῳ
994 1871 1200 1940 τρόπῳ,
1228 1872 1320 1923 καὶ
1352 1871 1454 1924 ποῦ
1479 1871 1718 1925 ἀναπαύ-

1825 1871 1919 1925 tibi
1940 1873 2138 1940 dicam,
2163 1889 2270 1944 qua
2299 1876 2352 1930 iu
2380 1887 2552 1947 parte,
2579 1883 2850 1949 quomodo
2877 1892 2930 1940 et
2951 1887 3044 1941 ubi
3074 1869 3384 1959 requiescat

152 1963 318 2031 εταιὴ
354 1960 526 2031 ψυχή.
574 1962 664 2014 Ἐν
689 1963 834 2032 τρισὶ
879 1961 1065 2024 τόποις
1114 1960 1209 2014 τοῦ
1267 1961 1515 2033 σώματος
1571 1963 1716 2016 ἐστιν

152 2054 488 2124 ἑνιδρυμένη,
527 2053 622 2106 καὶ
647 2053 834 2125 ὥσπερ
867 2055 900 2124 ἡ
955 2054 1110 2117 ἀκτὶς
1153 2053 1246 2108 τοῦ
1300 2055 1453 2126 ἡλίου
1505 2059 1585 2120 είς
1622 2057 1716 2109 Eva.

151 2147 301 2198 ώπον
338 2148 528 2217 χωρεῖ,
562 2145 658 2199 καὶ
707 2147 1010 2218 εἰσέρχεται
1046 2146 1140 2199 τοῦ
1194 2147 1367 2209 οἴκου,
1404 2147 1627 2216 φωτίζει
1659 2149 1717 2202 δὲ

153 2239 317 2290 πάντα
345 2237 440 2289 τὸν
464 2232 642 2290 οἶκον·
683 2238 776 2290 καὶ
813 2239 845 2307 ἡ
876 2237 1055 2308 ψυχὴ,
1088 2239 1145 2290 ἐν
1182 2241 1292 2302 τοῖς
1324 2238 1472 2309 τρισὶ
1527 2240 1714 2310 μέρεσι

150 2325 234 2378 τοῦ
265 2326 516 2396 σώματος
540 2327 879 2398 ὲνιδρυμένη,
915 2327 1006 2381 τὸν
1026 2324 1171 2380 οἷκον
1194 2328 1312 2382 ὅλον
1339 2327 1592 2397 ζωογονεί
1621 2328 1714 2382 τοῦ

154 2418 412 2487 σώματος.
461 2421 722 2472 Κατοικεῖ
751 2419 807 2471 δὲ
844 2422 876 2490 ή
905 2419 1048 2490 ψυχὴ
1079 2421 1134 2472 ἐν
1156 2423 1221 2490 τῇ
1253 2419 1467 2490 καρδίᾳ,
1518 2420 1611 2473 καλ⁸
1657 2422 1714 2474 ἐν

151 2507 219 2576 τῷ
242 2508 465 2562 ὄπισθεν
491 2509 647 2579 μέρει
678 2508 778 2578 τῆς
809 2510 1048 2578 κεφαλῆς
1067 2551 1078 2569 ,
1108 2510 1243 2579 ὅπερ
1272 2509 1490 2562 κότυλον
1519 2511 1715 2582 ὀνομά-

154 2601 308 2662 ζεται,
337 2601 436 2652 καὶ
465 2602 523 2652 ἐν
550 2603 667 2663 ταῖς
688 2599 989 2670 βασιλικαῖς
1017 2600 1226 2670 φλεψίν.
1282 2602 1368 2653 Ἐν
1389 2600 1596 2665 τούτοις
1620 2597 1713 2656 οὖν

151 2691 414 2762 τοῖςτρισὶ
450 2692 642 2762 μέρεσι
671 2694 912 2745 κατοικεῖ
940 2694 972 2762 ἡ
1001 2691 1168 2762 ψυχή.
1197 2690 1297 2743 Διὰ
1334 2690 1490 2744 τοῦτο
1528 2693 1595 2762 ἢν
1647 2693 1712 2746 ἂν

151 2780 286 2853 ὤραν
318 2783 507 2854 τρωθῇ
543 2785 576 2853 ἡ
613 2783 826 2854 καρδία,
857 2784 890 2855 ἢ
935 2784 999 2837 ὲκ
1041 2783 1141 2852 τῆς
1189 2783 1469 2854 βασιλικῆς
1520 2783 1711 2852 φλεϐὸς

150 2872 274 2944 αἷμα
311 2876 484 2948 patior;
515 2876 685 2941 πολὺ,
723 2877 755 2948 ἢ
795 2878 830 2948 ἡ
872 2875 1083 2946 κεφαλὴ
1118 2874 1353 2947 κρουσθῇ
1398 2875 1490 2928 καὶ
1527 2875 1709 2947 τμηθῇ

152 2962 244 3014 ὑπὸ
289 2961 501 3032 ξίφους,
563 2965 839 3035 παρευθὺς
887 2963 1179 3036 χωρίζεται
1247 2963 1340 3016 τοῦ
1387 2963 1633 3034 σώματος
1673 2967 1706 3036 ἡ

151 3051 299 3124 ψυχὴ,
333 3054 431 3107 καὶ
458 3055 652 3126 νεκρὸν
674 3056 734 3108 τὸ
782 3054 940 3126 σῶμα
990 3053 1323 3126 εὑρίσκεται.
1369 3053 1711 3107 Κατοικοῦσα

151 3145 199 3197 δὲ
224 3149 253 3217 ἡ
283 3147 431 3220 ψυχὴ
457 3151 515 3202 ὲν
541 3153 653 3213 τοῖς
676 3149 823 3220 τρισὶ
849 3148 1058 3211 τούτοις
1082 3148 1324 3218 μέρεσιν,
1355 3147 1460 3218 ὅλῳ
1492 3147 1569 3218 τῷ
1606 3146 1710 3200 σώε-

154 3254 268 3304 ματι
297 3240 625 3308 μεταδίδωσι
654 3239 753 3310 τῆς
784 3239 986 3303 οἰκείας
1014 3237 1248 3308 ζωτικῆς
1276 3237 1571 3308 δυνάμεως.

1821 1964 1976 2033 201
2014 1967 2215 2022 anima.
2259 1967 2318 2023 ln
2361 1971 2537 2026 tribus
2577 1973 2712 2028 locis
2749 1979 2995 2047 corporis
3029 1996 3180 2036 suam
3220 1983 3383 2040 habet

1823 2053 2028 2108 sedem.
2063 2055 2129 2109 Et
2159 2057 2321 2112 sicuti
2352 2060 2484 2114 solis
2513 2060 2702 2118 radius
2729 2080 2898 2120 unum
2937 2069 3168 2139 aliquant
3200 2073 3380 2130 locum

1824 2153 2077 2215 occupat,
2121 2156 2175 2202 et
2204 2149 2262 2203 in
2288 2150 2509 2206 domum
2541 2161 2806 2222 penetrat,
2840 2157 3109 2216 illuminat
3139 2181 3267 2220 vero
3298 2175 3381 2222 to-

1819 2242 1929 2290 tam
1954 2238 2174 2293 domum
2201 2258 2216 2294 :
2255 2241 2334 2296 sic
2361 2243 2540 2297 anima
2567 2260 2784 2316 quoque
2817 2249 2872 2303 in
2901 2242 3074 2308 tribus
3108 2255 3228 2312 istis
3255 2274 3381 2328 par-

1822 2328 1965 2384 tibus
1987 2332 2233 2399 corporis
2262 2334 2528 2400 residens,
2560 2347 2728 2393 totam
2763 2339 2982 2397 domum
3002 2387 3018 2412 ,
3049 2361 3268 2418 corpus,
3297 2353 3381 2405 vi-

1819 2421 2019 2476 viﬁcat.
2064 2421 2236 2479 Habet
2267 2437 2444 2482 autem
2483 2429 2660 2484 anima
2689 2433 2870 2488 sedem
2901 2450 3056 2490 suam
3097 2439 3151 2492 in
3190 2441 3373 2506 corde,

1819 2511 1874 2565 in
1907 2517 2199 2583 posteriori
2229 2528 2383 2586 parte
2413 2523 2628 2591 capitis,
2656 2541 2776 2594 quae
2799 2541 2931 2581 cava
2963 2540 3208 2598 vocatur,
3243 2544 3296 2589 et
3320 2537 3376 2590 in

1817 2601 2061 2661 basilicis
2096 2608 2267 2664 venis.
2300 2608 2358 2663 In
2388 2612 2509 2668 istis
2540 2613 2704 2684 igitur
2736 2617 2910 2674 tribus
2939 2621 3185 2689 partibus
3224 2625 3378 2679 habi-

1818 2701 1897 2748 tat
1921 2697 2122 2753 anima.
2153 2700 2353 2766 Quare,
2387 2703 2432 2758 si
2461 2719 2556 2758 cor
2577 2707 2908 2775 vulneretur,
2939 2720 3032 2766 aut
3058 2729 3123 2769 ex
3154 2715 3376 2772 basilica

1823 2801 1961 2840 vena
1994 2789 2222 2844 multum
2257 2793 2540 2862 sanguinis
2568 2795 2768 2863 cllluat,
2799 2807 2892 2854 aut
2932 2801 2975 2856 si
3012 2812 3173 2873 caput
3208 2807 3376 2860 caeda-

1819 2883 1928 2941 tur,
1976 2881 2059 2936 vel
2105 2881 2285 2952 gladio
2318 2893 2557 2952 secetur,
2599 2890 2783 2944 statim
2827 2907 2858 2946 a
2904 2907 3132 2964 corpore
3173 2898 3376 2951 recedit

1821 2971 2026 3038 anima,
2075 2981 2130 3028 et
2182 2983 2458 3032 mortuum
2505 2994 2705 3050 corpus
2753 2984 3097 3055 relinquitur.
3147 2988 3207 3040 ln
3256 2988 3373 3043 istis

1815 3076 1980 3132 porro
2011 3064 2188 3120 tribus
2229 3067 2477 3135 partibus
2511 3069 2689 3123 anima
2722 3071 2904 3127 sedem
2944 3073 3172 3138 habens,
3211 3074 3264 3128 in
3292 3083 3375 3130 to-

1815 3160 1932 3208 tum
1961 3169 2159 3224 corpus
2189 3157 2408 3212 vitalem
2458 3174 2612 3214 suam
2646 3162 2939 3230 potentiam
2970 3163 3267 3218 distribuit.

154 3393 3367 3424 mm

1493 3548 2070 3641 MONITUM

934 3747 1001 3802 ΙΝ
1040 3747 1428 3815 SEQUENTIA
1466 3746 1560 3800 AD
1599 3745 2006 3804 ANTIOCllUM
2047 3748 2280 3805 DUCEM
2322 3749 2571 3806 OPEBA.

211 3977 248 4031 1.
286 3975 605 4031 Antiochum
637 3972 912 4043 quemdam
963 3973 1245 4026 Athanasii
1275 3990 1402 4037 (evo,
1433 3974 1629 4043 ipsique
1665 3973 1958 4026 Athanasio
2007 3969 2342 4039 familiarem,
2374 3971 2635 4024 exstitisse
2655 3975 2832 4040 palam
2863 3988 2938 4030 est
2964 3994 3028 4031 ex
3055 3982 3275 4050 epistola
3301 3987 3368 4040 ad

153 4070 391 4128 Joannem
433 4080 485 4125 et
513 4067 825 4124 Antiochum
861 4081 987 4119 cusa
1024 4073 1148 4118 tom.
1178 4061 1206 4116 Ι
1237 4063 1403 4135 [nunc
1452 4072 1492 4118 t.
1529 4062 1618 4134 ll],
1651 4079 1702 4130 p.
1735 4063 1854 4117 763.
1885 4061 1988 4127 Qui
2015 4059 2281 4128 presbyter
2308 4059 2429 4113 item
2460 4059 2580 4126 fuit,
2612 4071 2669 4114 ut
2696 4066 2981 4122 Antiochus
3007 4070 3089 4123 hic
3108 4074 3374 4145 presbyter

153 4168 408 4222 ordinatus
430 4166 595 4234 fuisse
629 4171 946 4215 memoratur
973 4160 1215 4229 inferius.
1247 4157 1422 4222 Quare
1448 4159 1538 4212 ille
1569 4159 1811 4227 fortassis
1844 4157 2131 4210 Antiochus
2156 4152 2442 4222 presbyter,
2475 4156 2679 4208 occasio
2707 4155 2806 4224 fuit
2851 4168 2906 4210 ut
2955 4165 3158 4217 nomine
3204 4167 3373 4221 Atha-

155 4265 274 4318 nasii
302 4263 452 4316 varia
481 4257 758 4313 ederentur
802 4270 978 4323 opera,
1025 4251 1090 4304 ad
1141 4250 1468 4304 Antiochum
1517 4259 1836 4318 nuncupata.
1881 4247 1984 4302 Sed
2012 4249 2116 4300 sive
2144 4247 2247 4298 ista
2275 4247 2380 4299 sive
2410 4246 2520 4298 alia
2547 4250 2817 4301 occasione
2846 4254 3140 4321 conscripta
3176 4255 3372 4324 fuerint

153 4357 387 4424 ejusmodi
415 4371 594 4421 opera,
625 4353 803 4419 palam
832 4356 909 4401 est
937 4360 1261 4416 nequaquam
1293 4343 1572 4396 Athanasii
1607 4341 1704 4394 illa
1736 4357 1879 4400 esse;
1911 4340 1998 4392 sed
2035 4339 2252 4392 alterius
2287 4339 2556 4406 scriptoris
2584 4339 2874 4395 Athanasio
2897 4331 3066 4398 .wtate
3105 4347 3372 4415 inferiori;

154 4449 334 4519 ingenio
364 4449 520 4517 longe
546 4445 785 4513 imparis.

213 4543 271 4599 ll.
307 4544 390 4598 Ea:
421 4541 588 4596 tribus
621 4539 761 4592 hisce
793 4535 1128 4596 tractatibus,
1163 4531 1228 4585 ad
1264 4531 1591 4584 Antiochum
1621 4530 1908 4597 inscriptis,
1941 4530 2044 4580 duo
2074 4529 2296 4594 priores,
2329 4527 2524 4579 scilicet
2554 4525 2809 4581 Doctrina
2842 4529 2908 4583 ad
2944 4530 3288 4597 Antiochum,
3324 4547 3374 4591 et

153 4641 267 4693 illud
289 4641 353 4694 ad
386 4636 704 4693 Antiochum
728 4631 1056 4702 opusculum,
1090 4625 1320 4680 nondum
1357 4624 1486 4677 editi
1516 4623 1745 4692 fuerant.
1767 4623 1850 4675 An
1871 4638 1987 4674 vero
2029 4622 2130 4674 tria
2159 4620 2257 4674 illa
2287 4621 2536 4688 opuscula
2565 4620 2794 4688 ejusdem
2823 4624 3093 4690 scriptoris
3117 4629 3243 4692 sint,
3278 4635 3377 4684 mi-

155 4739 272 4790 nime
316 4744 559 4798 constat;
598 4747 703 4786 non
750 4728 972 4781 multant
1022 4733 1193 4775 tamen
1222 4719 1459 4773 absimile
1485 4726 1562 4770 est
1585 4718 1841 4771 orationis
1887 4732 2066 4785 genus.
2103 4715 2361 4769 Casterum
2401 4715 2617 4783 antiqua
2647 4727 2769 4768 sunt
2795 4734 2855 4771 ea
2887 4721 3086 4787 omnia,
3124 4741 3244 4801 nam
3272 4727 3376 4780 duo

154 4832 333 4896 quidem
351 4830 636 4897 priora,e:c
670 4823 898 4891 antiquis
924 4816 1293 4885 manuscriptis
1329 4813 1559 4866 mutuati
1589 4826 1808 4873 sumus;
1840 4811 2150 4880 qutestiones
2173 4825 2289 4862 vero
2325 4807 2390 4860 ad
2426 4807 2762 4874 Antiochum,
2800 4811 2864 4867 ub
2890 4812 3159 4884 Anonymo
3183 4815 3380 4872 Rape"-

156 4934 257 4977 nate
284 4922 512 4992 septimi,
561 4918 639 4974 vel
684 4927 742 4970 ut
789 4916 882 4969 alii
921 4921 1130 4982 putant,
1167 4909 1421 4979 sequioris
1471 4907 1830 4967 swculi,edizo
1873 4921 1964 4972 per
1996 4904 2062 4958 Β.
2107 4903 2388 4956 Placidum
2417 4900 2716 4992 Porcheron
2754 4903 3061 4969 laudantur,
3099 4908 3212 4962 loco
3233 4910 3378 4978 infra

156 5015 384 5067 notando.
438 5009 762 5074 Quaestiones
815 5019 970 5073 porro
1011 5000 1134 5053 illas
1190 4999 1257 5050 ad
1305 4995 1616 5050 Antiochum
1645 5003 1904 5062 postremo
1940 4993 2052 5046 loco
2090 4993 2351 5061 ponimus,
2383 5008 2445 5044 ne
2471 4991 2804 5061 sejungamus
2836 5011 2869 5046 a
2900 4997 3100 5049 ueteris
3130 4998 3378 5066 quazstiov

157 5106 287 5160 nibus
315 5122 435 5176 qua:
467 5102 535 5156 ad
561 5100 875 5156 Antiochum
908 5095 1114 5148 minime
1141 5092 1517 5146 inscribuntur.
1557 5089 1634 5142 De
1677 5089 1896 5157 singulis
1927 5088 2167 5157 qutedam
2197 5087 2570 5156 pertractanda
2603 5086 2750 5140 nobis
2784 5098 2924 5141 sunt.

211 5198 291 5255 Ill.
333 5199 617 5254 Decuma
661 5211 729 5249 tu)
781 5193 1098 5247 Anrtocnun
1151 5203 1356 5247 nucem,
1410 5186 1565 5239 otiosi
1607 5183 1831 5235 hominis
1875 5191 2243 5246 commentum,
2277 5189 2334 5233 ut
2384 5198 2530 5235 nemo
2566 5197 2665 5234 non
2700 5180 2856 5241 videt,
2879 5197 2938 5233 eo
2972 5190 3141 5233 tamen
3171 5180 3379 5234 nomine

156 5296 360 5360 pretiosa
394 5303 443 5348 et
471 5289 883 5346 commendanda
937 5297 1034 5353 est,
1083 5284 1218 5356 quod
1267 5298 1512 5351 magnam
1569 5278 1691 5332 libri
1736 5276 1981 5330 Pastoris
2018 5287 2240 5343 partem,
2275 5276 2425 5340 cuius
2461 5274 2647 5329 Crwca
2669 5271 2881 5342 jamdiu
2910 5273 3168 5330 interiere.
3199 5270 3380 5327 Greece

157 5385 284 5447 nobis
319 5385 558 5440 exhibeat
587 5391 676 5438 :et
700 5380 906 5453 quidem
953 5381 1029 5433 ita
1077 5394 1286 5448 puram,
1314 5377 1391 5430 ita
1419 5373 1624 5426 Latinis
1656 5370 1864 5424 Hermae
1893 5369 2134 5424 Pastoris
2163 5385 2465 5448 consonam,
2508 5376 2565 5420 ut
2594 5365 2661 5419 ad
2695 5366 2900 5420 verbum
2929 5381 2991 5417 ea:
3035 5382 3094 5418 eo
3123 5373 3178 5444 ut
3211 5365 3380 5432 pluri-

160 5495 280 5534 mum
305 5481 620 5548 descriptam
650 5494 784 5538 esse,
827 5475 1164 5544 conspicuum
1201 5473 1290 5525 sit.
1337 5469 1522 5523 Primo
1573 5483 1796 5537 namque
1827 5467 2050 5532 scriptor
2091 5466 2191 5518 iste
2220 5464 2532 5516 Antiochum
2569 5461 2717 5515 nobis
2739 5466 3075 5527 reprwsentat
3104 5455 3379 5511 adeuntem

161 5567 211 5624 S.
233 5547 572 5624 Athanasium
631 5567 960 5636 inﬁrmitatis
1003 5580 1264 5634 corporcte
1312 5578 1474 5616 causa
1493 5576 1511 5613 :
1542 5570 1598 5613 ut
1623 5578 1730 5613 una
1756 5559 1992 5628 precibus
2023 5558 2132 5611 suis
2174 5556 2298 5608 levet
2325 5553 2709 5623 aegritudinem.
2741 5558 2790 5604 et
2821 5547 3030 5602 monitis
3067 5548 3204 5600 viam
3231 5558 3380 5615 paret

163 5661 220 5712 ad
243 5662 607 5727 paenitentiam.
650 5658 785 5711 Huic
828 5657 1154 5710 Athanasius
1181 5655 1407 5711 sanitate
1427 5653 1689 5716 restituto,
1715 5649 1989 5703 duodecim
2030 5648 2285 5701 mandata
2320 5643 2523 5697 tradit:
2551 5659 2667 5713 qua:
2708 5641 2838 5696 nihil
2862 5649 2985 5696 sunt
3024 5639 3194 5704 aliud,
3221 5655 3379 5708 quam

161 5753 411 5809 duodecim
443 5755 541 5809 illa
590 5753 804 5808 Herma:
850 5751 1094 5806 Pastoris
1139 5745 1414 5809 mandata,
1441 5742 1627 5814 quibus
1660 5751 1868 5796 constat
1898 5741 2030 5795 liber
2059 5738 2340 5794 secundus.
2380 5734 2469 5790 Ita
2503 5743 2676 5788 tamen
2722 5744 2779 5787 ut
2807 5750 2910 5787 non
2941 5733 3147 5801 integra
3180 5744 3382 5799 semper

163 5851 240 5904 sed
260 5852 562 5922 quibusdam
591 5849 844 5916 ademptis
878 5847 1089 5915 afferat.
1135 5843 1334 5897 Deinde
1365 5839 1533 5896 multa
1563 5838 1673 5894 alia
1705 5854 1770 5892 ea:
1800 5836 1976 5892 eodem
2017 5836 2152 5893 libro
2183 5834 2301 5890 hinc
2336 5831 2457 5887 inde
2490 5838 2813 5885 consuuntur
2843 5843 2860 5880 :
2889 5843 2950 5880 ac
2979 5833 3235 5922 postremo
3265 5839 3381 5878 ma-

458 5949 718 6009 Ps'rnoa.
769 5946 888 6005 Gn.
924 5941 1220 6003 XXVIII.
2976 5921 3050 5980 18
