4066 6388
543 327 648 384 555
1586 359 1594 367 .
1641 320 1696 373 8.
1738 315 2120 376 ΑΤΗΑΝΑειι

2240 346 2311 356 -
2353 315 2623 371 SPURIA.
3688 309 3790 366 5,36

539 457 696 513 gnam
727 454 774 497 et
805 443 1066 512 prolixam
1088 434 1561 494 enarratAntiochi
1588 433 1857 494 visionem,
1883 447 2039 502 quam
2069 431 2193 484 item
2224 444 2288 482 ea:
2317 429 2471 483 tertio
2492 428 2732 482 Pastoris
2765 425 2895 479 libro
2927 423 2995 477 ad
3022 423 3228 477 verbum
3254 433 3525 478 mutuatus
3553 433 3652 480 est.
3683 424 3796 479 Hoc

541 550 716 612 itaque
739 535 1208 609 opusculum,-licet
1229 533 1401 602 printa
1429 530 1602 600 fronte
1631 546 1694 584 ne
1718 529 1872 598 ﬂocci
1898 528 2107 598 quidem
2133 525 2433 596 faciendum
2458 525 2718 590 videatur,
2753 521 2987 576 maximi
3006 528 3180 572 tamen
3207 524 3284 570 est
3318 518 3585 578 momenti,
3610 520 3796 588 quippe

541 649 660 686 cum
703 632 824 686 libri
866 630 1011 685 illius
1062 625 1419 696 apostolorum
1467 629 1575 677 tcto
1625 619 1775 682 editi,
1804 629 1854 675 et
1888 637 1919 672 a
1951 629 2024 672 tot
2058 617 2309 672 Patribus
2347 633 2438 672 nec
2473 617 2582 670 sine
2616 615 2773 668 laude
2799 609 3094 670 memorati,
3128 608 3296 660 multa
3321 616 3371 660 et
3395 607 3607 675 prolixa
3643 608 3793 662 nobis

542 727 837 793 fragmenta
863 718 1173 790 suppeditet.
1205 713 1380 769 Probo
1411 713 1574 784 igitur
1597 710 1819 766 consilio
1850 723 2170 779 quaecunque
2195 705 2475 760 Athanasii
2512 703 2718 757 nomine
2745 703 2798 753 in
2828 700 3200 768 ntanuscriptis
3229 700 3677 768 circumferuntur
3708 701 3792 754 edi

537 813 875 875 curavimus;
907 827 1030 865 nam
1060 810 1128 874 si,
1158 808 1238 862 uti
1266 803 1560 859 suadebant
1594 801 1856 868 nonnulli,
1888 817 1951 853 ea
1975 798 2152 853 omnia
2180 797 2574 866 abjecissemus,
2608 808 2725 864 quae
2756 791 2818 846 ab
2851 793 3107 861 imperitis
3147 793 3631 863 inelegantibusque
3654 797 3792 848 scri-

537 903 773 970 ptoribus
813 900 1098 956 Athanasii
1138 905 1346 960 nomine
1391 903 1680 972 composita
1712 907 1908 963 essent,
1943 897 2039 952 hoc
2069 894 2379 964 opusculum
2419 893 2591 960 prima
2622 890 2794 960 fronte
2833 889 3165 958 repudiaturi
3184 906 3418 954 eramus,
3462 905 3580 942 cum
3611 889 3790 945 multis

538 994 661 1048 aliis
690 1009 910 1064 quorum
949 994 1156 1047 nullum
1195 1011 1293 1049 sua
1321 1004 1467 1050 caret
1505 993 1758 1047 utilitate.
1798 988 1865 1043 In
1890 1004 2017 1042 mss.
2062 985 2277 1054 antiquo
2321 982 2575 1036 Ecclesia:
2601 979 3060 1043 Carcassonensis,
3083 980 3167 1034 hic
3196 991 3456 1035 tractatus
3493 983 3572 1036 sic
3598 983 3790 1037 inscri-

533 1096 655 1154 ptus
684 1095 762 1141 est
792 1102 813 1140 :
841 1085 1039 1158 Incipit
1082 1087 1331 1142 doctrina
1361 1095 1416 1142 et
1445 1085 1712 1157 expositio
1748 1078 2032 1136 Athanasii
2067 1076 2263 1141 sancti,
2294 1072 2678 1128 Alexandrinae
2706 1069 2944 1125 civitatis
2983 1069 3246 1142 episc0pi.
3290 1069 3390 1126 Sed
3417 1073 3612 1127 codici;
3644 1076 3790 1129 ίιιίυε

536 1176 683 1232 nobis
722 1178 874 1246 copia
907 1195 1013 1232 non
1037 1188 1137 1236 est.

603 1275 694 1331 IV.
732 1273 1054 1346 Opusculum
1101 1273 1249 1329 aliud
1283 1271 1639 1342 subsequitur,
1670 1284 1739 1323 an
1782 1267 2104 1322 Au'rtocnmt
2161 1269 2546 1330 nuncupatum,
2592 1257 2732 1328 stglo
2763 1256 2967 1327 χυδαίῳ
2999 1265 3049 1309 et
3085 1271 3273 1326 parum
3308 1255 3534 1325 eleganti
3558 1255 3796 1307 conscri-

531 1373 700 1433 ptum,
735 1365 791 1418 in
821 1380 924 1435 quo
948 1373 1269 1435 postremum
1299 1362 1397 1416 Dei
1415 1361 1702 1431 judicium,
1732 1367 1782 1412 et
1816 1357 1966 1411 varia
1996 1355 2192 1424 inferni
2229 1351 2487 1420 supplicia
2521 1349 2700 1401 multis
2750 1361 3088 1402 enarrantur.
3112 1346 3277 1412 Quem
3301 1345 3590 1399 Athanasio
3625 1347 3795 1400 ascri-

536 1463 653 1516 bere
675 1479 738 1517 ne
766 1462 1078 1533 cogitaverit
1099 1461 1309 1532 quidem
1334 1459 1619 1529 quispiam,
1643 1464 1851 1509 tantum
1889 1452 2088 1508 scilicet
2138 1449 2202 1502 ab
2233 1449 2333 1502 illa
2361 1445 2641 1500 Athanasii
2670 1443 2916 1516 ἐνεργείᾳ
2942 1453 2990 1497 et
3013 1442 3271 1510 elegantia
3298 1441 3563 1498 abhorret.

609 1547 671 1602 V.
725 1548 907 1604 [Ter-tio
946 1558 1243 1604 occurrunt
1299 1545 1660 1612 Qutnsrtouns
1709 1558 1776 1597 sn
1810 1541 2130 1596 Au'rtocuuu
2163 1553 2279 1609 qua:
2302 1535 2514 1606 jamdiu
2557 1535 2694 1587 inter
2727 1534 3008 1587 Athanasii
3034 1535 3175 1589 edita
3205 1546 3528 1606 comparent,
3563 1555 3654 1591 nec
3682 1536 3800 1606 pri-

533 1658 698 1740 nium,
723 1651 782 1695 ut
820 1642 940 1711 jam
966 1648 1188 1696 exstant
1230 1637 1531 1706 composita:
1559 1644 1682 1690 sunt
1711 1649 1730 1687 :
1759 1631 1848 1688 sed
1877 1648 1995 1686 cum
2018 1631 2292 1698 pauciores
2324 1642 2538 1681 numero
2597 1626 2723 1679 olim
2760 1625 2955 1694 fuerint
2984 1640 3001 1677 :
3031 1643 3122 1679 nec
3151 1628 3326 1696 plures
3365 1628 3434 1682 55
3462 1629 3515 1682 in
3540 1629 3794 1684 veteribus

627 1738 635 1740 μ
703 1731 714 1740 ι
818 1728 896 1740 ..7.
1020 1739 1026 1740 ,
1068 1729 1080 1740 ο
1225 1728 1256 1740 ιι
1360 1727 1371 1740 ι
1763 1724 1773 1735 ο
1818 1723 1871 1740 -0,
1929 1722 1973 1740 3,,
2019 1721 2129 1740 μιξεκ
2159 1736 2268 1740 -.Α.--
2317 1719 2365 1740 ιι
2457 1716 2567 1740 Ϊ----
2613 1726 2818 1740 --.-ι..,-.ι
2846 1733 2966 1740 -.-.---
3020 1717 3118 1740 Ιτίὶ
3180 1718 3410 1740 ΙΣι.......93Δ
3454 1737 3609 1740 -.-_.__
3666 1737 3765 1740 ,,_.,,

533 1729 742 1828 Latinis
767 1728 944 1794 editis,
978 1739 1028 1784 et
1061 1729 1115 1783 in
1146 1727 1459 1799 quibusdam
1503 1723 1899 1793 manuscriptis,
1924 1722 1980 1774 in
2006 1721 2131 1774 aliis
2158 1736 2272 1773 vero
2307 1719 2394 1772 41.
2441 1716 2570 1770 Iam
2605 1726 2818 1770 exstant
2845 1733 2989 1772 num.
3017 1717 3140 1782 156,
3176 1718 3412 1772 librariis
3451 1737 3611 1774 novas
3652 1737 3798 1790 quat-

535 1818 730 1920 ³ξξ⁰η⁶³
758 1833 959 1886 semper
984 1817 1294 1920 addentibus
1318 1837 1338 1875 :
1363 1819 1502 1875 unde
1537 1821 1599 1889 ﬁt
1631 1828 1689 1873 ut
1713 1817 1920 1872 codices
1944 1815 2169 1870 multum
2193 1815 2328 1868 inter
2352 1830 2406 1866 se
2428 1814 2651 1866 varient.
2687 1812 2856 1866 Porro
2886 1815 3220 1882 conspicuum
3251 1815 3404 1883 pla-ne
3426 1825 3502 1869 est
3526 1815 3622 1870 has
3652 1834 3798 1888 qua:-

535 1910 731 1964 stiones
766 1924 869 1963 non
899 1926 1012 1964 esse
1041 1911 1346 1976 Athanasii,
1382 1909 1472 1966 sed
1501 1909 1784 1963 nonnullas
1808 1922 1873 1962 ea:
1895 1905 2060 1960 vari-is
2099 1903 2404 1957 auctoribus
2430 1902 2550 1956 hinc
2576 1901 2694 1956 inde
2717 1911 2988 1971 excerptas
3011 1901 3199 1970 fuisse,
3231 1906 3368 1960 alias
3401 1925 3434 1960 a
3475 1909 3634 1961 variis
3660 1911 3795 1963 scri-

535 1999 772 2067 ptoribus
821 2003 1172 2070 compositas;
1209 2001 1328 2056 inde
1355 2001 1580 2072 factum,
1609 2010 1665 2053 ut
1694 1999 1888 2069 aliqua:
1915 2005 2117 2051 exstent
2151 1995 2273 2048 aliis
2314 1996 2734 2063 prazstantiores,
2761 1995 3224 2066 elegantioresque,
3271 2014 3360 2052 nec
3405 1998 3636 2068 indignae
3679 2016 3794 2069 qua;

538 2094 802 2197 (edantur.
857 2091 974 2197 luto
1013 2109 1080 2148 ea:
1109 2096 1243 2197 .ipso
1290 2095 1584 2151 Athanasio
1636 2092 1876 2165 quasdam
1908 2092 2008 2145 huc
2046 2091 2308 2144 translata
2342 2089 2820 2158 deprehenduntur.
2855 2089 2966 2144 Pro
2995 2091 3251 2160 facultate
3289 2107 3382 2144 nos
3411 2093 3690 2163 scriptores
3725 2091 3793 2144 ad

535 2185 822 2255 marginem
874 2185 1240 2242 adnotavimus
1291 2186 1429 2241 unde
1476 2186 1587 2241 illae
1623 2195 1883 2254 excerpta:
1912 2193 2054 2237 sunt.
2087 2181 2226 2234 Hinc
2259 2181 2416 2252 liquet
2446 2181 2582 2235 alias
2605 2197 2718 2236 esse
2747 2182 2871 2236 aliis
2897 2183 3243 2252 antiquiores,
3281 2184 3358 2237 uti
3388 2184 3507 2254 jam
3537 2185 3791 2237 diximus.

537 2275 690 2339 Quod
715 2291 833 2330 vero
862 2276 1103 2331 nonnulli
1128 2276 1342 2341 νοθείας
1393 2287 1759 2348 argumentum
1787 2291 1850 2329 ex
1870 2292 1928 2329 eo
1957 2283 2266 2327 mutuantur
2295 2272 2432 2340 quod
2468 2272 2635 2343 aliqui
2663 2271 2870 2335 Patres,
2903 2274 3200 2330 Athanasio
3221 2286 3374 2330 rotate
3401 2276 3678 2344 inferiores
3713 2275 3794 2328 hic

536 2375 906 2474 memorentur,
938 2384 1042 2421 non
1094 2369 1230 2422 tanti
1259 2379 1338 2424 est
1369 2371 1655 2434 momenti;
1696 2385 1814 2422 cum
1862 2365 2098 2422 videlicet
2141 2381 2204 2418 ea
2252 2364 2370 2418 loca
2397 2363 2583 2434 quibus
2616 2364 2914 2433 afferuntur
2938 2365 3022 2418 illi
3047 2364 3262 2433 Patres,
3295 2369 3351 2422 i-n
3402 2367 3792 2436 antiquissimis

534 2462 800 2517 codicibus
849 2480 954 2518 non
991 2472 1220 2519 exstent.
1265 2464 1458 2520 Verum
1486 2465 1700 2520 aliunde
1729 2465 1848 2518 luce
1876 2462 2072 2516 clarius
2099 2468 2546 2514 commonstratur
2581 2477 2685 2514 non
2717 2477 2829 2515 esse
2866 2461 2992 2515 illas
3023 2460 3322 2524 Athanasii,
3353 2460 3412 2513 1ο
3441 2474 3508 2512 ea:
3535 2457 3793 2512 orationis

535 2570 740 2624 genere,
780 2555 1018 2625 impolito
1062 2565 1112 2609 et
1145 2557 1454 2628 ineleganti,
1498 2567 1557 2611 ut
1594 2555 1881 2625 plurimum
1910 2553 2130 2607 saltem:
2165 2568 2290 2605 nam
2323 2551 2422 2627 sibi
2466 2553 2637 2621 stylus
2665 2553 2876 2607 minime
2913 2561 3143 2615 constat,
3172 2555 3296 2623 quia
3337 2553 3507 2606 multa
3531 2567 3600 2606 ex
3632 2551 3793 2606 variis

539 2652 886 2722 scriptoribus
922 2653 1080 2707 tacito
1117 2654 1324 2710 nomine
1354 2665 1600 2726 excerpta
1632 2661 1787 2716 sunt;
1818 2651 1876 2704 2°
1898 2664 1963 2704 ex
2007 2650 2160 2719 nugis
2202 2647 2560 2716 compluribus
2593 2664 2724 2718 quas
2770 2649 2986 2719 quisque
3009 2647 3166 2718 facile
3195 2645 3656 2700 animadversurus
3686 2652 3795 2704 est;

540 2750 598 2805 5⁸
624 2767 690 2807 ea:
715 2754 780 2807 iis
801 2769 917 2824 qua:
937 2754 1000 2807 de
1022 2750 1338 2823 imaginibus
1361 2757 1640 2812 eorumque
1669 2738 1816 2794 cultu
1839 2737 2086 2790 dicuntur
2117 2752 2260 2790 num.
2286 2735 2376 2790 59.
2402 2734 2566 2800 Nam,
2597 2736 2717 2790 licet
2745 2737 2974 2792 Eusebio
3001 2747 3128 2792 teste
3155 2736 3387 2806 plurimi,
3419 2751 3514 2788 suo
3547 2741 3794 2802 tempore,

541 2850 902 2918 apostolorum
929 2849 1181 2922 imagines
1212 2847 1442 2915 depictas
1465 2838 1605 2909 apud
1629 2853 1683 2892 se
1711 2851 1830 2890 cum
1849 2833 2040 2888 honore
2068 2832 2369 2897 retinerent,
2411 2848 2514 2886 non
2535 2833 2614 2884 ita
2645 2831 2886 2903 frequens
2911 2841 3032 2885 tunc
3057 2830 3345 2900 imaginum
3375 2834 3488 2879 erat
3531 2839 3675 2877 usus.
3714 2821 3799 2874 Ea:

542 2944 722 3000 multis
766 2944 984 3016 denique
1037 2945 1158 2997 aliis
1214 2954 1330 3013 qua:
1386 2933 1619 3005 proferre
1651 2946 1754 2985 non
1770 2927 1945 2997 juvat,
1980 2940 2042 2978 ne
2075 2924 2419 2992 apertissima:
2449 2923 2526 2976 rei
2555 2921 2957 2991 comprobanda:
3008 2923 3206 2975 diutius
3251 2933 3395 2988 atquo
3435 2916 3792 2968 immorentur.

530 3033 824 3098 Cancrum,
849 3013 998 3104 quod.
1017 3040 1213 3101 spectat
1240 3026 1552 3099 quwstiones
1578 3022 1646 3077 50
1670 3029 1719 3075 et
1750 3018 1840 3083 5i,
1863 3015 1927 3070 de
1954 3015 2174 3086 angelis,
2199 3029 2316 3084 qua:
2336 3014 2392 3066 in
2413 3015 2723 3068 testimoniis
2743 3030 2807 3068 ea:
2832 3013 3110 3082 Scriptura
3137 3031 3295 3068 sacra
3323 3014 3560 3081 superius
3587 3017 3797 3064 exstant

541 3143 661 3199 pag.
707 3127 801 3190 21,
833 3099 1061 3181 arbitror
1086 3123 1208 3178 illas
1239 3133 1303 3176 ea:
1327 3115 1422 3170 hoc
1456 3121 1687 3167 tractatu
1731 3113 2000 3171 excerptas
2027 3121 2088 3160 eo
2117 3102 2412 3158 transl-atas
2444 3103 2640 3172 fuisse;
2670 3120 2786 3174 qute
2819 3113 3104 3174 sequuntur
3127 3105 3285 3168 enim,
3310 3119 3427 3156 cum
3462 3099 3572 3154 illis
3616 3099 3797 3168 afﬁni-

545 3234 708 3278 tatem
765 3221 973 3278 habent.
1014 3221 1271 3276 Similiter
1320 3212 1538 3285 qutestio
1583 3210 1648 3264 71
1688 3207 1755 3263 ad
1808 3206 1943 3260 hunc
1973 3203 2147 3274 potius
2172 3210 2459 3256 tractatum
2496 3201 2704 3256 videtur
2733 3201 3013 3271 pertinere,
3042 3215 3199 3269 quam
3236 3195 3304 3250 ad
3343 3192 3643 3248 testimonia
3669 3191 3796 3255 illa;

546 3315 636 3369 ubi
678 3331 794 3384 qute
840 3321 1244 3386 consequuntur,
1267 3311 1398 3368 nihil
1443 3309 1511 3364 ad
1546 3307 1699 3362 illam
1739 3305 2102 3376 quaestionem.
2139 3298 2243 3354 Hic
2275 3315 2394 3354 vero
2427 3309 2614 3354 contra
2659 3300 2880 3370 quwstio
2915 3296 3229 3366 subsequens
3271 3290 3504 3364 ejusdem
3531 3297 3609 3344 est
3638 3303 3793 3356 argu-

548 3417 730 3470 menti.

1626 3631 1775 3692 ,ΤΟΥ
1809 3627 1902 3682 ΕΝ
1938 3623 2160 3680 ΑΓΙΟΙΣ
2185 3620 2469 3678 ἨΑΤΡΟΣ
2507 3617 2705 3673 ΗΜΩΝ

1851 3770 2484 3866 ΑΘΑΝΑΣΙΟΥ

1493 3949 1910 4006 ΔΙΔΑΣΚΑΛΙΑ
1945 3944 2142 3999 ΠΡΟΣ
2168 3935 2532 3994 ΑΝΤΙΟΧΟΝ
2560 3929 2869 3986 ΛΟΥΚΑΝ.

1592 4215 1687 4305 S.
1757 4212 1863 4299 P.
1943 4210 2062 4296 N.
2138 4198 2786 4294 ATHANASII

1445 4399 1825 4462 DOCTRINA
1857 4399 1954 4455 AD
1992 4391 2447 4451 ANTIOCHUM
2487 4386 2747 4448 DUCEM
2784 4383 2918 4458 (56).

625 4669 786 4741 202
839 4667 892 4721 1.
930 4660 1349 4718 Sanctissimum
1392 4656 1710 4726 episcopum
1768 4647 2120 4704 Athanasium

2301 4644 2352 4696 1.
2395 4638 2593 4694 Ἐλθὼν
2618 4635 2754 4707 πρὸς
2787 4633 2877 4686 τὸν
2926 4627 3222 4698 ἁγιώτατον
3252 4623 3549 4676 ἐπίσκοπον
3583 4620 3797 4673 Ἀθανά-

2375 4733 2398 4741 -
2434 4730 2495 4741 --
2535 4731 2547 4741 -
2598 4729 2609 4741 -
2777 4726 2820 4741 η
2907 4723 2938 4741 t,
3092 4719 3310 4741 1..b-_-_3
3349 4713 3620 4741 HL.--“
3674 4728 3796 4741 Μ,-

555 4766 690 4823 adiit
720 4765 831 4820 dux
873 4758 1115 4832 quidam,
1138 4754 1356 4810 nomine
1387 4747 1713 4812 Antiochus,
1747 4742 1898 4814 gravi
1927 4741 2118 4796 morbo

553 4861 832 4920 laborans,
874 4850 1190 4923 rogavitque
1237 4853 1298 4901 ut
1347 4843 1433 4899 sui
1465 4853 1633 4895 causa
1685 4841 1903 4901 oraret;
1933 4847 2038 4902 quo
2070 4832 2118 4887 si

556 4964 723 5004 sanus
754 4946 904 5002 ﬁeret
933 4943 1343 4998 converteretur
1389 4930 1456 4986 ad
1487 4927 1796 4989 Dominum,
1819 4939 1882 4978 ac
1925 4937 2121 4991 pecca-

558 5056 736 5099 torum
803 5032 1178 5110 pmnitentiam
1240 5032 1442 5099 ageret.
1501 5020 1749 5089 Cumque
1797 5016 2117 5071 clementem

556 5136 725 5190 Deum
765 5137 976 5184 orasset
1002 5122 1316 5193 episcopus,
1347 5113 1671 5182 insequente
1701 5105 1790 5162 die
1834 5119 2002 5160 sanus
2032 5102 2120 5156 ille

555 5228 677 5282 fuit.
710 5223 849 5277 Tum
878 5215 1132 5279 accessit,
1166 5213 1308 5266 bona
1338 5220 1437 5262 sua
1480 5217 1664 5259 secum
1705 5198 1958 5259 aﬂ'ercns,
2003 5209 2122 5265 quae

558 5314 742 5387 posuit
790 5311 859 5366 ad
923 5307 1086 5379 pedes
1142 5299 1406 5373 episcopi,
1440 5310 1642 5368 rogans
1688 5301 1748 5348 ut
1790 5290 2121 5362 pauperibus

556 5411 914 5478 erogarentur
949 5407 1004 5456 et
1029 5397 1252 5468 egenis;
1283 5392 1496 5462 sibique
1524 5389 1734 5451 liceret,
1775 5390 2000 5452 accepto
2027 5395 2124 5450 per

559 5505 806 5554 sanctum
833 5495 1012 5548 virum
1048 5483 1358 5544 venerando
1391 5481 1603 5545 habitu,
1633 5473 1992 5532 monasticam
2014 5471 2127 5524 vir-

559 5590 693 5644 tutis
717 5588 884 5642 vitam
916 5595 1095 5653 agere.
1128 5575 1284 5643 Quod
1305 5573 1400 5629 Dei
1437 5571 1609 5643 gratia
1645 5568 1774 5623 fecit
1811 5563 2120 5633 episcopus.

628 5742 740 5814 (56)
773 5739 928 5795 Nunc
962 5735 1197 5808 primum
1233 5730 1374 5786 edita
1422 5741 1488 5784 ex
1512 5740 1641 5782 mss.
1676 5722 1915 5777 Colbert.
1949 5713 2111 5770 4249.

2227 4750 2340 4789 σιον
2371 4730 2496 4795 δοὺξ
2525 4729 2750 4799 ὀνόματι
2777 4723 3065 4791 Ἀντίοχος,
3089 4722 3146 4772 ὲν
3168 4719 3314 4789 δεινῇ
3344 4713 3625 4785 ἀρρωστίᾳ
3674 4728 3797 4764 κατ-

2224 4826 2499 4898 εχόμενος,
2529 4818 2827 4891 παρεκάλει
2861 4813 3110 4884 εὔχεσθαι
3138 4811 3274 4881 ὑπὲρ
3293 4806 3477 4869 αὑτοῦ,
3505 4806 3672 4868 ὅπως,
3705 4803 3795 4856 ἐὰν

2226 4917 2441 4988 ὑγιάνῃ,
2492 4909 2806 4982 ἐπιστρέψει
2847 4905 3028 4959 λοιπὸν
3082 4903 3218 4974 πρὸς
3252 4901 3344 4954 τὸν
3377 4899 3602 4970 Κύριον,
3634 4911 3796 4966 μετα·-

2225 5010 2359 5063 νοῶν
2389 5008 2480 5060 ἐπὶ
2523 5008 2634 5068 τοῖς
2663 5002 3050 5074 ἁμαρτήμασιν
3102 4994 3286 5048 αὐτοῦ.
3326 4993 3437 5046 Καὶ
3485 4987 3795 5061 παρακαλέ-

2231 5117 2416 5163 σαντος
2439 5097 2532 5151 τοῦ
2559 5094 2855 5150 ἐπισκόπου
2889 5092 2977 5144 τὸν
3031 5087 3407 5158 φιλάνθρωπον
3441 5082 3595 5145 Θεὸν,
3642 5077 3794 5149 ὑγιὴς

2228 5196 2293 5263 τῇ
2324 5191 2452 5261 ἑξῆς
2476 5190 2686 5258 γέγονε.
2721 5186 2829 5240 Καὶ
2870 5185 2934 5254 δὴ
2985 5182 3194 5253 εἴρχετο
3229 5178 3408 5248 φέρων
3447 5174 3564 5245 μεθ’
3605 5170 3792 5225 ἑαυτοῦ

2228 5289 2296 5341 τὰ
2323 5287 2638 5356 ὑπάρχοντα
2678 5279 2864 5342 αὑτοῦ,
2911 5279 3002 5330 κα)⁹
3028 5275 3209 5344 τίθησι
3258 5269 3408 5340 παρὰ
3452 5269 3584 5330 τοὺς
3635 5265 3797 5324 πόδας

2227 5378 2322 5432 τοῦ
2355 5376 2672 5438 ἐπισκόπου,
2709 5368 3037 5442 παρακαλῶν
3059 5365 3277 5434 δοθῆναι
3298 5366 3409 5423 τοῖς
3441 5359 3678 5428 πτωχοῖς
3707 5355 3797 5408 καὶ

2229 5472 2340 5533 τοῖς
2371 5467 2557 5539 χρείαν
2589 5465 2832 5535 ἔχουσιν·
2884 5459 3045 5514 αὑτὸν
3091 5458 3168 5520 δὲ,
3213 5453 3442 5508 λαϐόντα
3490 5450 3553 5502 τὸ
3605 5446 3795 5518 σεμνὸν

2232 5559 2416 5630 σχῆμα
2441 5557 2590 5629 παρὰ
2619 5555 2710 5609 τοῦ
2739 5553 2893 5623 ἁγίου
2919 5550 3130 5618 ἀνδρὸς,
3164 5548 3255 5601 τὸν
3288 5543 3541 5616 ἐνάρετον
3581 5541 3677 5594 καὶ
3709 5554 3800 5610 μο-
