4066 6388
261 365 360 422 557
1330 335 1683 432 bOCTRlNA
1713 380 1804 434 Αι)
1842 378 2247 435 AN‘IIOCHUM
2286 380 2544 438 nucem.
3444 385 3552 444 εδδ

258 487 399 559 νήρη
434 487 564 559 βίον
623 489 1052 547 πολιτεύεσθαι·
1106 495 1243 567 ὅπερ
1269 497 1335 567 τῇ
1380 496 1474 549 τοῦ
1525 498 1661 551 Θεοῦ
1703 500 1855 571 χάριτ

1987 498 2142 555 Tunc
2184 502 2261 555 ait
2302 502 2562 573 episcopo
2611 501 2721 557 dux
2764 501 3069 559 Antiochus
3099 520 3113 559 :
3141 502 3225 560 Me
3265 507 3552 576 oportebat

262 578 527 651 ἐποίησεν
566 582 599 634 ό
639 584 970 649 ἐπίσκοπος.
1004 585 1140 639 Τότε
1186 586 1334 657 λέγει
1380 587 1459 659 τῷ
1515 590 1803 660 ἐπισκόπῳ
1852 616 1855 635 ι

1980 593 2289 664 baptizatus
2348 609 2475 649 cum
2527 593 2777 661 fuissem,
2810 595 2968 650 fidem
3015 611 3380 663 scrvare,uee
3404 599 3550 653 ultra

262 668 388 734 δοῦξ
432 672 769 744 Ἀντίοχος·
809 677 957 730 Ἔδει
1010 694 1098 747 με,
1129 679 1225 747 ἀφ’
1267 673 1328 734 οὗ
1370 679 1729 751 ἐδαπτίσθην,
1776 699 1878 749 φυ-

264 760 418 828 λάξαι
452 762 562 836 τὴν
598 764 821 831 πίστιν,
862 769 957 822 καὶ
986 771 1060 842 μὴ
1097 770 1321 841 μολῦναι
1357 771 1418 824 τὸ
1452 772 1732 843 βάπτισμα
1761 771 1839 825 ἔτι
1864 790 1877 804 ’

266 852 377 906 ἀλλ’
413 854 616 927 ἐπειδὴ
650 858 687 928 ἡ
718 859 1001 933 ἀφροσύνη
1037 879 1139 932 μου
1172 862 1417 934 μεγάλην
1439 865 1496 917 ἐν
1523 865 1646 935 ἐμοὶ
1686 867 1875 938 εἰργά-

1980 683 2311 756 baptismum
2351 685 2589 754 violare;
2622 684 2717 741 sed
2763 699 2887 740 cum
2934 688 3170 742 amentia
3208 704 3325 743 mea
3358 689 3550 761 ingen-

1978 782 2088 829 tem
2116 776 2170 831 in
2194 775 2578 849 negligentiam
2604 790 2691 831 me
2709 776 3028 846 conjccerit,
3075 785 3223 832 tuam
3257 794 3391 851 rogo
3420 796 3550 835 san-

1977 870 2244 936 ctitatem,
2280 875 2338 921 ut
2367 883 2453 923 me
2482 868 2704 929 doceas.
2758 869 3033 934 instituas,
3073 886 3317 934 moneas,
3352 874 3550 943 quibus

272 961 400 998 σατο
430 946 738 1017 ἀμέλειαν,
771 951 1079 1024 παρακαλῶ
1102 951 1200 1025 τὴν
1218 954 1318 1026 σὴν
1347 954 1640 1026 ἀγιοσύνην
1664 956 1850 1024 διδάξα

1973 956 2088 1030 jam
2142 958 2417 1015 abstinere
2461 960 2685 1015 debeam
2738 960 2919 1025 factis,
2948 962 3228 1032 operibus,
3265 966 3552 1034 cogitatio-

275 1051 341 1105 με
372 1036 469 1089 καὶ
500 1041 834 1111 κατηχῆσαι
867 1044 963 1097 καὶ
985 1044 1325 1116 νουθετῆσαι,
1355 1045 1512 1099 τίνων
1537 1047 1645 1099 ἀπὸ
1669 1047 1761 1100 τοῦ
1778 1048 1855 1101 νῦι

1980 1049 2173 1116 nibus;
2204 1048 2405 1119 quibus
2429 1056 2621 1105 contra
2652 1049 2948 1106 virtutibus
2972 1066 3191 1121 operam
3220 1052 3372 1108 dare.

274 1129 619 1199 πραγμάτων
640 1132 743 1185 καὶ
777 1132 958 1206 ἔργων
991 1136 1082 1189 καὶ
1103 1136 1380 1209 λογισμῶν
1407 1138 1847 1210 ὲγκρατεύσομαι
1869 1140 1965 1195 καὶ
1995 1141 2155 1195 τίνων
2184 1140 2358 1196 ἄλλων
2383 1141 2789 1213 ἐπιμελήσομαι
2820 1142 3050 1214 ἀρετῶν.

342 1242 476 1296 Τότε
504 1245 536 1297 ό
560 1244 898 1314 ἐπίσκοπος,
930 1253 1161 1323 ποιήσας
1195 1252 1361 1324 εὐχὴν
1391 1252 1484 1307 καὶ
1527 1252 1755 1317 καθίσας
1774 1253 1874 1308 ἐδί-

276 1333 471 1388 δασκεν
494 1336 667 1391 αὑτὸν
704 1339 764 1391 ἐν
800 1341 1079 1412 Πνεύματι
1121 1343 1261 1414 ἁγίῳ
1292 1343 1423 1414 μίαν
1453 1345 1689 1417 ἑκάστην
1720 1347 1869 1399 ἐντο-

278 1423 374 1494 λὴν
395 1426 503 1479 τῶν
529 1427 894 1501 διδαγμάτων
922 1433 1015 1486 τοῦ
1060 1434 1303 1505 Χριστοῦ
1341 1435 1645 1510 πληρῶσαι.
1676 1438 1871 1509 ’Λρχε-

277 1529 366 1565 ται
401 1509 495 1567 οῦν
520 1515 708 1586 λέγειν
748 1520 927 1591 αὐτῷ’

2047 1254 2208 1322 Tum,
2240 1255 2486 1311 oratione
2535 1254 2701 1320 facta,
2736 1256 3049 1328 episcopus,
3110 1258 3305 1316 sedens
3363 1259 3550 1316 docuit

1976 1350 2128 1404 illum
2175 1349 2230 1403 in
2289 1346 2494 1419 Spiritu
2548 1358 2763 1411 sancto,
2795 1349 3012 1425 singula
3056 1349 3258 1406 Christi
3289 1351 3549 1409 doctrina:

1975 1438 2232 1495 mandata
2261 1439 2554 1508 complere.
2588 1437 2678 1494 Sic
2710 1438 2895 1510 itaque
2924 1454 3085 1496 orsus
3109 1448 3193 1497 est
3231 1460 3245 1496 :

1506 1686 1761 1755 'Primum
1802 1685 2111 1773 mandatum
2133 1682 2199 1737 de
2227 1681 2351 1753 ﬁde.

348 1828 466 1902 Χρὴ
502 1829 600 1886 τὸν
645 1832 742 1887 ἐπὶ
794 1835 897 1907 τὴν
938 1837 1268 1909 ἀκηλίδωτον
1326 1843 1528 1915 ἀρετὴν
1570 1846 1855 1918 ἐρχόμενοι

2038 1842 2176 1897 Eum
2201 1841 2297 1913 qui
2325 1839 2395 1895 ad
2428 1839 2833 1895 immaculatam
2881 1840 3410 1906 virtutem-accedit,
3451 1855 3550 1895 νεα

277 1925 371 1977 καὶ
393 1926 592 1996 σεμνὸν
630 1926 745 1998 βίον
779 1928 1194 2003 πολιτεύομενον
1214 1935 1307 1988 καὶ
1329 1936 1421 1990 ἐπὶ
1447 1940 1562 2001 τοῖς
1583 1939 1867 2011 προτέροις

279 2012 645 2088 ἁμαρτήμασι
678 2020 1046 2089 μετανοοῦντα
1074 2024 1188 2096 (57)
1207 2026 1314 2098 πρὸ
1350 2028 1568 2083 πάντων
1591 2032 1866 2086 πιστεύειν

278 2108 357 2170 είς
383 2107 482 2160 ἕνα
527 2107 665 2163 Θεὸν
717 2114 1160 2186 παντοκράτορα,
1208 2117 1439 2191 ποιητὴν
1487 2119 1716 2193 οὐρανοῦ
1771 2122 1864 2175 καὶ

276 2200 397 2270 γῆς,
431 2199 649 2270 ὁρατῶν
681 2219 742 2255 τε
780 2203 1002 2258 πάντων
1050 2207 1146 2260 καὶ
1192 2207 1473 2281 ἀοράτωνσ
1505 2213 1599 2266 καὶ
1640 2216 1722 2277 εἰς
1767 2214 1863 2268 ἕνα

273 2289 477 2361 Κύριον
513 2289 729 2365 Ἰησοῦν
758 2293 994 2366 Χριστὸν
1016 2298 1108 2351 τὸν
1136 2298 1264 2352 Υίὸν
1288 2300 1383 2354 τοῦ
1416 2301 1550 2355 Θεοῦ
1577 2303 1667 2358 τὸν
1703 2323 1862 2376 μονο-

271 2382 423 2453 γενῆ,
453 2381 524 2435 δι’
554 2376 618 2435 οὗ
646 2383 717 2437 τὰ
747 2384 931 2439 πάντα
962 2387 1199 2457 ἐγένετο,
1228 2390 1297 2446 τὰ
1330 2393 1389 2447 ἐν
1420 2395 1498 2467 τῷ
1520 2396 1734 2467 οὐρανῷ
1768 2399 1863 2452 καὶ

271 2472 328 2524 ἐν
354 2476 421 2544 τῇ
444 2476 544 2545 γῇ,
572 2474 708 2528 Θεὸν
753 2477 986 2550 Σωτῆρα
1029 2482 1187 2552 ἡμῶν
1217 2483 1553 2557 ὑπάρχοντα,
1578 2488 1862 2559 όμοούσιον

271 2562 346 2633 τῷ
376 2564 592 2637 Πατρί’
625 2566 722 2619 καὶ
744 2567 829 2631 είς
849 2568 913 2621 τὸ
945 2570 1099 2639 ἆγιον
1132 2573 1379 2646 Πνεῦμα,
1413 2576 1475 2630 τὸ
1520 2579 1724 2651 Κύριον
1767 2581 1862 2633 καὶ

270 2653 557 2721 ζωοποιὸν,
590 2656 655 2709 τὸ
695 2659 761 2711 ἐκ
786 2659 883 2713 τοῦ
920 2661 1135 2734 Πατρὸς
1177 2664 1628 2739 ἐκπορευόμενον,
1673 2672 1733 2724 τὸ
1764 2673 1861 2725 σὺν

270 2746 444 2819 Πατρὶ
478 2749 579 2801 καὶ
603 2747 719 2819 Υἱῷ
755 2754 1347 2826 συμπροσκυνούμενον
1392 2759 1486 2812 καὶ
1538 2760 1860 2828 συνδοξαζό-

271 2855 448 2907 μενον.
472 2833 577 2903 Εἷς
606 2838 739 2903 Θεὸς
764 2841 926 2911 μόνος
946 2844 975 2895 ό
997 2843 1175 2900 πάντα
1203 2847 1416 2920 χωρῶν,
1446 2851 1606 2921 μόνος
1633 2849 1691 2905 δὲ
1722 2854 1862 2924 ἀχώ-

268 2947 425 3000 ρητος
450 2930 554 2990 ῶν.
583 2933 680 2985 καὶ
700 2933 782 2986 ὅτι
807 2933 987 2989 πάντα
1014 2934 1259 3003 δύναται,
1308 2939 1568 2996 ἀδύνατον
1610 2943 1667 2997 δέ
1700 2944 1852 3016 αὐτῷ

265 3020 433 3075 οὐδέν.
498 3020 629 3075 Ἐὰν
668 3021 812 3076 οὕτω
864 3024 1161 3100 πιστεύσῃς
1214 3027 1274 3095 ἐξ
1310 3030 1437 3101 ὅλης
1494 3032 1719 3104 καρδίας
1763 3052 1857 3090 σου

268 3113 356 3166 καὶ
383 3114 444 3179 ἐξ
475 3114 611 3184 ὅλης
643 3115 822 3187 ψυχῆς
849 3117 944 3170 καὶ
973 3116 1032 3183 ἐξ
1066 3119 1196 3190 ὅλης
1252 3121 1436 3192 ἰσχύος
1472 3142 1589 3193 σου,
1624 3127 1717 3180 καὶ
1764 3145 1859 3196 φο-

1968 1931 2264 1988 nerandam
2284 1929 2399 2003 (42)
2425 1929 2576 1986 ducit
2598 1930 2785 1993 vitam,
2811 1929 3323 2000 praeteritorumque
3354 1944 3549 2000 pecca-

1965 2031 2146 2077 torum
2188 2019 2565 2092 paenitentiam
2613 2018 2744 2088 agit,
2776 2025 2993 2087 oportet
3044 2026 3171 2072 ante
3205 2020 3388 2073 omnia
3425 2033 3547 2074 cre-

1964 2113 2096 2171 dere
2131 2113 2188 2169 in
2233 2127 2404 2168 unum
2437 2109 2608 2166 Deum
2639 2112 3088 2181 omnipotentem,
3124 2109 3387 2165 factorem
3420 2111 3546 2166 cmli

1962 2216 2018 2264 et
2060 2217 2238 2272 terrae,
2265 2203 2567 2260 visibilium
2602 2203 2848 2257 omnium
2876 2209 2930 2256 et
2960 2202 3341 2257 invisibilium.
3378 2201 3441 2256 Et
3485 2204 3544 2257 in

1964 2313 2133 2352 unum
2166 2289 2459 2350 Dominum
2487 2291 2674 2349 Jesum
2698 2291 2980 2347 Christum
3031 2288 3231 2345 Filium
3287 2290 3380 2347 Dei
3418 2292 3544 2346 uni-

1963 2390 2226 2461 genitum,
2264 2403 2362 2458 per
2395 2401 2556 2457 quem
2590 2386 2777 2441 omnia
2805 2384 2947 2441 facta
2982 2392 3133 2450 sunt,
3161 2399 3282 2455 quae
3312 2384 3368 2438 in
3402 2387 3544 2441 caalo

1961 2490 2015 2539 et
2046 2496 2167 2552 quae
2195 2480 2249 2534 in
2268 2488 2425 2534 terra
2461 2498 2474 2532 :
2508 2477 2676 2533 Deum
2716 2476 3056 2531 Salvatorem
3100 2484 3370 2534 nostrum.
3412 2493 3543 2533 con-

1962 2573 2381 2631 substantialem
2423 2568 2596 2624 Patri.
2640 2566 2706 2622 Et
2745 2569 2799 2623 in
2844 2567 3110 2639 Spiritum
3142 2577 3391 2623 sanctum
3436 2567 3543 2621 Do-

1960 2668 2171 2722 minum
2198 2672 2253 2721 et
2277 2664 2665 2725 viviﬁcantem,
2699 2661 2793 2732 qui
2827 2677 2892 2717 ex
2930 2659 3093 2716 Patre
3135 2661 3403 2731 procedit,
3446 2663 3542 2731 qui

1959 2774 2084 2813 cum
2120 2753 2283 2812 Patre
2313 2762 2367 2811 et
2394 2750 2535 2808 Filio
2583 2752 2749 2807 simul
2793 2752 3056 2807 adoratur
3079 2760 3134 2805 ct
3160 2753 3541 2822 congloriﬁca-

1959 2861 2068 2906 tur.
2094 2849 2249 2905 Unus
2269 2848 2412 2904 Deus
2443 2846 2594 2903 solus
2612 2846 2706 2917 qui
2732 2846 2916 2901 omnia
2948 2846 3212 2913 continet,
3239 2862 3365 2902 cum
3389 2848 3540 2900 solus

1958 2942 2077 3013 ipse
2105 2941 2373 2997 contineri
2405 2943 2641 3008 nequeat
2668 2955 2682 2992 :
2714 2937 2809 3008 qui
2843 2937 3026 2992 omnia
3060 2945 3263 3009 potest,
3293 2937 3541 3009 nihilque

1959 3034 2064 3105 ipsi
2094 3031 2433 3103 impossibile
2485 3039 2589 3086 est.
2634 3026 2691 3085 Si
2734 3045 2801 3085 eo
2851 3030 3014 3085 modo
3059 3031 3255 3087 credas
3297 3048 3363 3088 ex
3423 3042 3540 3087 toto

1959 3124 2126 3183 corde
2161 3132 2276 3191 tuo,
2306 3140 2371 3178 ex
2408 3130 2521 3176 tota
2553 3121 2734 3176 anima
2764 3130 2883 3187 tua,
2919 3130 2975 3175 et
3025 3137 3092 3177 ex
3152 3131 3266 3177 tota
3320 3121 3540 3179 fortitu-

269 3203 434 3276 δηθῇς
454 3206 650 3268 αὐτὸν,
680 3208 776 3261 καὶ
797 3207 1191 3281 ἐγκρατεύσῃς,
1216 3211 1291 3276 ὠς
1318 3214 1458 3285 λέγω
1489 3234 1590 3281 σοι,
1608 3193 1854 3275 εἰσακου-

1959 3218 2106 3283 dine,
2134 3231 2368 3287 eumque
2389 3218 2605 3282 timeas,
2629 3221 2685 3270 et
2718 3221 3088 3283 temperanter
3129 3230 3282 3286 agas,
3334 3223 3396 3269 ut
3438 3215 3537 3270 tibi

270 3298 529 3368 σθήσεταί
560 3301 716 3372 σουὴ
761 3300 1025 3369 ἔντευξις,
1059 3304 1153 3357 καὶ
1196 3307 1494 3373 πιστεύσας
1542 3309 1687 3384 λήψῃ
1724 3316 1852 3386 παρ’

270 3389 425 3446 αὐτοῦ
460 3393 564 3466 τὴν
592 3393 851 3467 βοήθειαν
877 3396 970 3450 καὶ
1003 3397 1159 3467 νίκην
1188 3401 1284 3453 xal.
1316 3403 1591 3474 σωτηρίαν
1621 3406 1701 3469 είς
1725 3408 1854 3472 τοὺς

269 3485 481 3551 αἰῶνας.
522 3489 584 3541 ’Δ
591 3489 722 3560 μήν.

1956 3311 2102 3374 dico,
2152 3307 2476 3364 exaudiatur
2523 3304 2763 3376 precatio
2787 3312 2879 3358 tua
2914 3323 2927 3359 :
2968 3313 3176 3360 etcum
3216 3306 3536 3372 credideris,

1957 3409 2285 3473 accepturus
2316 3400 2386 3454 ab
2412 3413 2479 3454 eo
2500 3412 2560 3453 es
2588 3397 2873 3462 auxilium,
2895 3396 3182 3453 victoriam
3218 3407 3275 3454 et
3306 3401 3535 3457 salutem

1956 3496 2015 3550 in
2050 3493 2271 3550 saecula.
2307 3491 2501 3546 Amen.

670 3600 974 3657 Secundum
1008 3606 1339 3674 mandatum,
1371 3611 1688 3679 simpucttas
1733 3615 1993 3670 seruanda
2020 3630 2039 3667 :
2066 3628 2171 3667 non
2200 3605 2515 3679 loquendum
2552 3605 2802 3659 adversus
2829 3604 3151 3673 proximum.

328 3716 380 3770 2.
402 3717 519 3772 Kal.
549 3718 794 3784 ἀναστὰς
818 3720 1043 3791 ηὔξατο,
1079 3725 1171 3778 καὶ
1200 3727 1338 3797 μετὰ
1370 3728 1467 3799 τὴν
1500 3730 1664 3801 εὐχὴν
1696 3732 1845 3799 λέγει

2016 3731 2072 3785 2.
2118 3728 2469 3799 Surgensque
2502 3723 2701 3786 oravit,
2742 3730 2797 3778 et
2846 3721 3100 3777 absoluta
3158 3725 3425 3791 oratione,
3457 3726 3537 3780 ait

272 3809 404 3880 αὐτῷ
424 3826 440 3840 ⁸
478 3808 601 3881 (58)
629 3810 939 3883 Ἀπλότητα
965 3813 1076 3883 ἔχε,
1096 3817 1191 3869 καὶ
1207 3817 1414 3881 ἄκακος
1436 3818 1593 3887 γενοῦ
1628 3822 1721 3876 καὶ
1753 3821 1843 3876 ἔσο

1959 3825 2069 3880 illi:
2107 3817 2529 3890 Simplicitatem
2575 3815 2736 3880 habe,
2772 3820 2827 3869 et
2876 3813 2998 3871 sine
3040 3815 3249 3869 malitia
3291 3825 3432 3881 esto,
3469 3832 3534 3871 ac

272 3900 417 3964 ὡςτὰ
453 3902 632 3973 νήπια
664 3902 731 3955 τὰ
784 3903 862 3973 μὴ
904 3904 1240 3971 γινώσκοντα
1288 3909 1552 3980 πονηρίαν
1581 3911 1678 3982 τὴν
1711 3915 1845 3966 ἀπο-

1959 3916 2096 3972 velut
2125 3912 2385 3973 infantes.
2418 3909 2511 3980 qui
2544 3908 2799 3979 ignorant
2827 3907 3089 3963 malitiam
3136 3908 3301 3963 saluti
3349 3910 3533 3964 homi-

274 3992 451 4049 λοῦσαν
472 3995 578 4066 τὴν
611 3996 893 4067 σωτηρίαν
945 3998 1053 4051 τῶν
1092 3999 1412 4072 ἀνθρώπων.
1464 4001 1576 4073 (59)
1623 4004 1846 4075 Πρῶτον

1959 4021 2078 4060 num
2107 4002 2405 4058 exitialem.
2452 3998 2696 4053 Primum
2737 3996 2960 4069 quidem
3025 4013 3094 4052 ne
3150 3999 3385 4069 cuipiam
3438 4003 3535 4053 oh-

277 4087 361 4156 μὲν
388 4088 618 4158 μηδενὸς
657 4088 976 4154 καταλάλει,
1003 4091 1137 4161 μηδὲ
1168 4092 1339 4163 ἡδέως
1358 4092 1523 4146 ἄκουε
1550 4096 1645 4147 τοῦ
1679 4114 1846 4149 καταα

1959 4100 2173 4158 Lrectes,
2220 4107 2397 4162 neque
2427 4091 2853 4145 obtrectatorem
2885 4088 3117 4144 libenter
3146 4089 3360 4146 audias.
3387 4090 3535 4145 Alio-

276 4179 576 4245 λαλοῦντος
627 4182 677 4234 εί
704 4182 762 4235 δὲ
793 4181 895 4253 μὴ,
928 4183 1024 4237 καὶ
1053 4185 1117 4237 σὺ
1146 4184 1359 4238 ἁκούων
1384 4186 1565 4256 ἔνοχος
1606 4186 1704 4260 ἔσῃ
1746 4186 1845 4258 τῆς

1959 4186 2082 4257 quin
2107 4193 2164 4239 tu
2207 4184 2345 4253 ipse,
2378 4182 2471 4253 qui
2507 4179 2685 4244 audis,
2713 4194 2841 4235 reus
2873 4180 2985 4235 eris
3015 4181 3222 4251 peccati
3260 4182 3536 4236 obtrecta-

276 4273 529 4346 ἁμαρτίας
552 4274 648 4328 τοῦ
698 4274 1148 4340 καταλαλοῦντος,
1200 4275 1293 4329 ἐὰν
1326 4278 1618 4349 πιστεύσῃς
1656 4282 1718 4350 τῇ
1755 4297 1851 4333 κα-

1959 4280 2108 4343 Loris,
2143 4278 2188 4334 si
2219 4275 2606 4331 obtrectationi
2661 4273 2821 4327 ﬁdem
2854 4272 3079 4336 habeas,
3109 4272 3199 4328 cui
3239 4279 3296 4326 tu
3342 4288 3531 4327 aurem

275 4364 500 4437 ταλαλιᾷ,
605 4366 703 4419 ἐὰν
729 4367 974 4439 ἀκούσῃς
991 4384 1005 4397 ο
1033 4368 1327 4433 πιστεύσας
1350 4370 1458 4441 γὰρ
1484 4368 1575 4423 καὶ
1601 4372 1662 4425 σὺ
1691 4372 1852 4435 αὐτὸς

1959 4370 2282 4442 praebuisti;
2336 4383 2493 4431 nam,
2556 4364 2603 4420 si
2650 4363 2970 4427 credideris,
3028 4364 3142 4434 ipse
3195 4373 3419 4435 peccato
3477 4366 3530 4418 in

274 4454 367 4519 ἕξει
391 4457 531 4510 κατὰ
554 4455 651 4510 τοῦ
680 4456 915 4526 ἀδελφοῦ
943 4474 1057 4518 σου,
1085 4456 1259 4523 οῦτως
1297 4454 1391 4513 οῦν
1425 4458 1607 4531 ἔνοχος
1630 4460 1726 4532 ἔσῃ
1753 4459 1847 4514 τοῦ

1959 4461 2180 4517 fratrem
2227 4467 2379 4513 tuum
2435 4451 2726 4520 obdoxius,
2787 4464 2949 4526 atque
2991 4454 3065 4509 ita
3094 4471 3220 4511 cum
3260 4457 3535 4512 obtrecta-

273 4546 704 4613 καταλαλοῦντος.
747 4548 996 4621 Πονηρὸν
1042 4550 1149 4622 γὰρ
1196 4551 1414 4624 πνεῦμά
1466 4552 1581 4625 (40)
1643 4555 1847 4627 ἐστινὴ

1959 4561 2072 4608 tore
2112 4567 2239 4607 reus
2266 4551 2398 4606 eris.
2435 4547 2674 4619 Spiritus
2703 4547 2904 4617 quippe
2934 4547 3205 4617 malignus
3233 4556 3318 4601 est
3345 4548 3531 4603 obtre-

274 4640 581 4703 γαταλαλιά,
635 4640 731 4694 καὶ
784 4639 1161 4694 ἁκατάστατον
1217 4641 1512 4713 δαιμόνιον,
1576 4644 1842 4716 μηδέποτε

275 4733 559 4803 εἰρηνεῦον,
594 4731 735 4796 ἀλλὰ
772 4730 1009 4785 πάντοτε
1044 4732 1101 4784 ἐν
1124 4731 1492 4801 διχοστασίαις
1536 4733 1841 4787 κατοικοῦν.

277 4825 461 4896 Ἀπεχε
489 4820 589 4877 οὖν
636 4825 735 4878 ἀπ’
761 4821 932 4876 αὐτοῦ
964 4822 1059 4875 καὶ
1091 4825 1315 4895 εἰρήνην
1361 4823 1504 4888 ἕξεις
1552 4824 1664 4893 (41)
1709 4824 1844 4895 μετὰ

276 4919 491 4972 πάντων.
531 4918 797 4971 Ἕνδυσαι
823 4916 883 4970 δὲ
926 4915 1028 4985 τὴν
1074 4915 1348 4986 ἁπλότητα
1390 4918 1489 4970 παὶ
1518 4918 1615 4988 τὴν
1650 4917 1844 4987 σεμνὸ-

276 5019 413 5072 τητα,
442 5008 501 5058 ἐν
546 4998 633 5069 οἷς
680 5003 839 5058 οὐδὲν
886 5003 1219 5075 πρόσκομμα
1258 5007 1375 5058 ἐστι
1422 5006 1679 5077 πονηρὸν,
1709 5005 1844 5059 ἀλλὰ

335 5182 438 5256 (57)
464 5183 583 5241 Hoc
632 5184 877 5257 primum
919 5183 1239 5257 mandatum
1282 5198 1349 5239 ex
1400 5184 1842 5257 primoillermae

278 5250 556 5311 ruamus
588 5250 878 5319 mandato,
918 5254 954 5308 l.
988 5268 1051 5321 ιι,
1091 5269 1145 5324 p.
1171 5255 1264 5320 44,
1299 5262 1355 5310 et
1374 5250 1438 5309 e'x
1465 5255 1724 5326 Symbolo
1743 5254 1840 5310 Ni-

281 5337 410 5378 ceno
438 5326 757 5382 confectum
786 5332 896 5381 est.

336 5396 434 5467 (38)
463 5396 598 5452 Vide
632 5398 767 5467 hoc,
796 5393 1099 5467 secundum
1143 5399 1460 5467 mandatum
1508 5395 1651 5464 apud
1704 5392 1841 5450 Her-

278 5464 425 5537 mam,
448 5484 498 5537 p.
546 5468 618 5523 μ
647 5487 661 5499 ·
706 5464 1298 5537 δίηιριίείιαιεηιίιαρε,
1332 5473 1383 5519 et
1431 5465 1677 5537 ίιιιιρςεηε
1706 5474 1840 5537 esto.

332 5533 588 5607 (359me
620 5536 933 5607 Antiochus
973 5535 1194 5607 homilia
1219 5535 1321 5607 29,
1352 5550 1407 5607 p.
1450 5533 1610 5599 1077,
1632 5533 1734 5607 sed
1763 5536 1835 5588 ita

272 5602 473 5677 incipit:
530 5609 715 5664 Καλὸν
763 5602 859 5659 οὖν
898 5606 1213 5677 ἐστινᾼὲπὶᾼ
1225 5602 1450 5676 μηδενὸς
1489 5602 1831 5677 καταλαλεῖν,

269 5674 387 5757 μηδὲ
427 5682 597 5757 ἡδέως
636 5677 865 5757 ἀκούειν
915 5674 1362 5757 καταλαλοῦντρς,
1411 5675 1833 5757 accommodatis

264 5743 457 5807 Scilicet
477 5753 545 5807 ad
571 5743 821 5807 homiliae
855 5762 986 5825 su_a_:_
1001 5748 1217 5807 seriem,
1250 5743 1461 5825 Her-ma).
1483 5743 1686 5825 verbis.
1712 5760 1834 5825 qtae

258 5828 529 5879 contextus
594 5827 798 5877 noster
843 5817 1060 5873 exhibet
1125 5815 1457 5872 accuratius.
1529 5814 1832 5870 Antiochus

1952 4643 2138 4705 ctatio,
2165 4647 2219 4695 et
2270 4638 2648 4693 turbulentum
2680 4635 3031 4699 daemonium,
3063 4636 3207 4705 quod
3248 4652 3527 4709 nunquam

1952 4729 2007 4783 in
2050 4743 2185 4798 pace
2223 4727 2391 4797 degit,
2425 4725 2519 4780 sed
2558 4739 2778 4795 semper
2805 4723 2858 4777 in
2887 4724 3378 4795 disceptationibus
3407 4743 3529 4782 ver-

1950 4827 2124 4875 satur.
2156 4819 2239 4872 Ab
2272 4832 2337 4872 ea
2365 4816 2531 4887 igitur
2567 4830 2628 4869 re
2668 4814 2962 4874 abstineto.
3002 4822 3057 4869 et
3095 4813 3319 4884 paciﬁce
3364 4816 3528 4886 degcs

1951 4927 2075 4967 cum
2122 4910 2398 4966 omnibus.
2446 4907 2614 4963 Indue
2642 4907 3047 4977 simplicitatem
3076 4914 3131 4963 et
3157 4907 3523 4973 honestatem,

1950 5006 2151 5076 quibus
2215 5003 2425 5058 nullum
2482 5004 2625 5057 inest
2688 5001 3075 5058 oﬂ'endiculum
3133 5002 3370 5069 malum;
3429 5004 3525 5057 sed

1947 5186 2110 5241 etiam
2138 5184 2304 5239 multa
2332 5198 2441 5252 suo_
2456 5194 2629 5239 marte
2657 5182 2863 5252 adjicit,
2903 5190 2962 5236 ut
2982 5183 3180 5252 cuique
3210 5182 3395 5238 videre
3415 5196 3519 5239 est.

1944 5254 2379 5327 -—_M_oxﬁ_vul_go,
2465 5253 2587 5327 Δἐᾴν.
2621 5248 2831 5327 Νριξτε.

2016 5324 2127 5397 (40)
2161 5322 2383 5397 Πνεῦμα
2414 5322 2641 5397 videtur
2669 5322 3090 5397 irrepsisse,_sic
3126 5322 3274 5377 enim
3322 5323 3523 5397 legitur

1944 5396 2000 5450 in
2026 5393 2261 5449 Panare
2281 5393 2635 5447 {Perniciosa
2670 5404 2754 5447 est
2778 5393 3059 5447 detractio.
3379 5393 3397 5397 '
3524 5453 3530 5459 ο

2015 5466 2128 5535 (41)
2164 5463 2293 5536 Haec
2326 5463 2689 5536 sicleguntur
2719 5462 3028 5536 in_Pastore
3057 5479 3075 5516 :
3098 5461 3168 5517 Et
3200 5480 3404 5534 semper
3423 5482 3525 5536 pa-

1943 5531 2050 5591 cem
2083 5531 2214 5590 habe
2239 5550 2360 5588 cum
2401 5533 2569 5605 fratre
2608 5541 2715 5587 tuo.
2768 5531 2934 5587 Indue
2982 5531 3335 5605 constantiam
3386 5531 3516 5591 sim-

1942 5616 2103 5666 ctam.
2151 5606 2206 5660 in
2255 5621 2359 5676 qua
2408 5603 2558 5657 nulla
2604 5612 2727 5657 sunt
2771 5613 3003 5672 peccata,
3035 5604 3125 5659 sed
3166 5603 3343 5662 omnia
3390 5608 3519 5663 laeta

1940 5688 2083 5743 sunt,
2113 5687 2221 5733 etc.

2013 5748 2127 5818 (42)
2157 5746 2214 5803 ld
2238 5753 2342 5813 est,
2372 5743 2752 5801 monasticam.
