4066 6388
227 337 316 396 561

1220 396 1226 402 .
1290 350 1642 408 DOCTRINA
1678 352 1770 409 AD
1799 353 2211 416 ANTIOCHI”!
2249 358 2508 417 DUCEM.

3404 351 3509 407 562

227 455 316 550 καὶ
340 458 756 550 καταστρέφει
787 464 852 533 τῇ
879 464 1082 535 ἑαυτῆς
1118 468 1400 539 ἐνεργείᾳ·
1429 470 1529 524 ούκ
1557 471 1843 545 ἀποπλανᾷ

1950 475 2099 532 ducit
2128 493 2225 536 eos
2244 479 2338 550 qui
2371 478 2518 550 pleni
2550 484 2681 535 sunt
2702 475 2851 541 ﬁdei,
2875 491 2976 532 nec
3005 473 3285 546 quidpiam
3311 473 3510 528 virium

228 544 283 599 δὲ
309 547 443 611 τοὺς
478 548 667 614 ὄντας
699 550 927 623 πλήρεις
957 555 1017 608 ὲν
1055 558 1123 627 τῇ
1158 558 1337 613 πίστει
1376 560 1498 615 οὐδὲ
1545 544 1835 635 ἐνεργῆσαι

232 635 456 694 δύναται
485 642 577 706 είς
611 644 840 713 αὐτοὺς,
879 648 961 702 ὅτι
991 651 1024 720 ἠ
1060 649 1289 721 δύναμις
1318 651 1411 705 τοῦ
1459 654 1667 725 Κυρίου
1719 655 1834 726 μετ’

238 730 411 786 αὐτῶν
445 734 613 789 ἐστιν
636 752 655 766 ⁸
699 738 841 793 ἀλλά
880 741 1168 813 ἀποπλανᾷ
1196 745 1324 808 τοὺς
1360 744 1634 816 διψύχους.
1669 747 1836 801 Ὅταν

240 823 344 897 γὰρ
395 825 490 900 ἴδῃ
537 830 685 894 τοὺς
730 832 1007 898 τοιούτους
1050 834 1368 908 ἀνθρώπους
1420 837 1841 905 εύσταθοῦντας,

243 918 634 989 παρεμβάλλει
671 923 874 995 ἑαυτὴν
902 928 977 990 είς
1010 926 1108 999 τὴν
1141 928 1368 999 καρδίαν
1390 927 1485 982 τοῦ
1514 929 1831 1001 ἀνθρώπου·

246 1011 336 1065 καὶ
374 1011 526 1066 οὕτω
586 1016 945 1086 πικραίνεται
993 1019 1277 1089 ἄνθρωπος
1334 1021 1518 1075 ἕνεκεν
1571 1022 1853 1092 βιωτικῶν

248 1105 619 1174 πραγμάτων,
637 1107 673 1179 ἢ
701 1109 862 1178 φίλου
886 1111 1051 1176 τινὸς,
1067 1113 1101 1183 ἦ
1124 1130 1191 1165 πε
1200 1113 1252 1185 pl.
1272 1114 1471 1178 δόσεως
1497 1118 1590 1170 καὶ
1605 1116 1838 1188 λήψεως,

252 1194 284 1264 ἢ
323 1196 454 1267 περὶ
502 1197 781 1255 τοιούτων
831 1203 1044 1276 μικρῶν
1090 1204 1202 1275 (50)
1253 1208 1609 1279 πραγμάτων.
1661 1208 1843 1263 Ταῦτα

255 1289 425 1343 πάντα
455 1292 626 1362 μωρά
658 1293 779 1346 ἐστι
820 1295 916 1349 καὶ
955 1295 1088 1349 κενά
1116 1298 1208 1350 καὶ
1247 1298 1540 1370 ἀσύμφορα
1567 1302 1681 1364 τοῖς
1714 1300 1863 1354 δού-“

256 1379 363 1444 λοις
391 1382 487 1436 τοῦ
535 1383 709 1439 Θεοῦ-
741 1386 811 1439 Ἠ
860 1387 918 1439 δὲ
948 1387 1299 1460 μακροθυμία
1333 1390 1545 1462 μεγάλη
1592 1392 1711 1445 ἐστὶ
1743 1392 1838 1446 καὶ

256 1470 443 1545 ὀχυρὰ,
486 1474 695 1544 ἔχουσα
734 1477 836 1549 τὴν
866 1477 1091 1551 δύναμιν
1123 1480 1349 1553 ίσχυράν
1388 1481 1483 1535 καὶ
1525 1482 1838 1555 καθημένην

257 1564 314 1617 ὲν
339 1565 642 1639 πλατυσμῷ
673 1571 934 1641 μεγάλῳ·
969 1571 1146 1644 ἱλαρὰ,
1175 1571 1555 1645 ἀγαλλιωμένη
1585 1573 1680 1626 καὶ
1705 1573 1839 1644 aps-

260 1673 445 1729 ριμνος
470 1655 611 1713 οὖσα
642 1660 861 1727 δοξάζει
890 1664 984 1716 τὸν
1015 1665 1219 1735 Κύριον
1253 1665 1312 1717 ὲν
1336 1665 1502 1718 παντὶ
1529 1664 1707 1736 καιρῷ
1732 1683 1839 1737 μη-

1943 569 2107 626 babet
2149 572 2205 627 in
2246 572 2389 638 illos,
2415 573 2741 643 quibuscum
2789 570 2963 625 virtus
3017 568 3229 625 Domini
3262 574 3382 632 est;
3414 565 3510 621 sed

1944 664 2211 719 subornat
2234 679 2331 721 eos
2351 665 2446 735 qui
2475 664 2660 720 animo
2686 661 2933 732 duplices
2966 672 3112 716 sunt.
3143 661 3281 716 Cum
3316 658 3512 713 viderit

1941 755 2086 810 enim
2120 736 2448 825 huiusmodi.
2467 754 2719 810 homines
2747 753 3043 823 tranquille
3067 750 3285 822 degere,
3315 765 3434 805 sese
3455 750 3510 804 in

1943 861 2039 901 cor
2074 862 2265 903 eorum
2296 847 2540 903 immittit
2575 863 2590 899 :
2625 855 2790 917 atque
2834 845 2910 901 ita
2944 845 3193 899 irritatur
3230 844 3393 898 homo
3424 859 3513 897 re-

1942 954 2065 994 rum
2109 955 2278 996 causa
2308 940 2712 1010 temporalium,
2737 947 2833 994 aut
2882 938 3068 1002 amici,
3100 944 3194 992 aut
3235 936 3386 999 doni,
3418 941 3513 990 aut

1944 1031 2151 1101 accepti
2170 1031 2503 1102 cuiuspiam,
2523 1039 2619 1085 aut
2635 1030 2872 1100 denique
2900 1029 3169 1084 [edorum
3197 1026 3512 1098 huiusmodi

1945 1122 2289 1192 negotiorum
2330 1123 2525 1190 gratia.
2553 1120 2679 1176 "me
2706 1132 2886 1176 autem
2914 1120 3119 1186 omnia,
3153 1120 3341 1186 stulta,
3371 1134 3511 1173 vana

1946 1222 2001 1269 et
2036 1214 2255 1269 inutilia
2308 1222 2431 1270 sunt
2498 1212 2593 1269 Dei
2650 1214 2847 1268 servis.
2912 1209 3319 1282 Equanimitas
3382 1225 3515 1267 vero

1942 1318 2137 1375 magna
2160 1303 2421 1374 ﬁrmaque
2439 1312 2541 1368 est,
2560 1305 2669 1358 vim
2687 1304 2896 1358 habens
2912 1303 3189 1358 robustam
3212 1302 3266 1356 in
3290 1317 3512 1372 magna-

1943 1411 2049 1466 que
2084 1394 2376 1451 latitudine
2397 1395 2698 1452 sedentem.
2729 1393 2898 1459 Laeta,
2917 1392 3342 1456 exsultabunda,
3368 1400 3515 1446 tran-

1944 1488 2135 1558 quilla,
2163 1486 2397 1543 Domino
2423 1487 2653 1558 gloriam
2689 1486 2884 1540 tribuit
2914 1485 3064 1539 omni
3092 1492 3357 1554 tempore,
3377 1483 3516 1538 nihil

1945 1578 2002 1632 in
2047 1593 2107 1634 se
2148 1578 2359 1635 habens
2395 1578 2800 1641 amaritudinis,
2848 1585 3267 1649 perseveratque
3302 1590 3519 1647 semper

1947 1666 2002 1721 in
2032 1668 2451 1724 mansuetudine
2475 1676 2530 1724 et
2552 1668 2608 1724 in
2637 1669 2841 1740 quiete.

257 1747 340 1802 δὲν
363 1748 566 1819 ἔχουσα
591 1751 651 1805 ἐν
674 1752 846 1823 ἑαυτῇ
872 1753 1084 1825 πικρὸν,
1118 1753 1507 1826 παραμένουσα
1526 1754 1615 1809 διὰ
1636 1756 1835 1819 παντὸς
1867 1757 1925 1809 ἐν
1963 1758 2229 1829 πραότητι
2256 1760 2351 1812 καὶ
2378 1760 2598 1832 ἠσυχίᾳ.

323 1869 473 1941 Αὕτη
503 1866 600 1925 οῦν
626 1873 661 1943 ἡ
701 1872 1053 1944 μακροθυμία
1080 1875 1329 1927 κατοικεῖ
1353 1872 1492 1944 μετά
1520 1872 1631 1927 τῶν
1663 1872 1843 1927 πίστιν

2014 1870 2141 1926 llaec
2161 1888 2293 1943 ergo
2320 1874 2705 1944 aequanimitas
2730 1882 2843 1929 tota
2866 1874 3133 1934 inhabitat
3163 1874 3219 1928 in
3250 1873 3319 1928 iis
3340 1869 3435 1940 qui
3466 1869 3522 1923 ii-

260 1959 486 2032 ἑχόντων
524 1961 844 2032 ὁλόκληρος.
881 1962 945 2015 Ἢ
978 1962 1034 2016 δὲ
1063 1962 1309 2033 ὀξυχολία
1342 1963 1558 2033 πρῶτον
1596 1964 1696 2035 μὲν
1732 1983 1843 2035 μω-

262 2050 350 2121 ρία
387 2053 512 2106 ἐστὶ
565 2054 662 2107 καὶ
714 2053 950 2125 ὲλαφρία
994 2054 1237 2127 φρενῶν·
1274 2051 1393 2109 εἶτα
1430 2058 1495 2109 ὲκ
1538 2056 1636 2128 τῆς
1677 2058 1845 2129 ἀφρο-

260 2143 420 2216 σύνης
445 2145 657 2214 γίνεται
691 2147 917 2218 πικρία·
957 2147 1065 2217 (5i)
1096 2148 1160 2200 ὲκ
1191 2147 1248 2201 δὲ
1277 2147 1377 2218 τῆς
1404 2147 1628 2219 πικρίας
1654 2146 1841 2217 θυμὸς,

258 2235 397 2289 ἐκδὲ
424 2234 522 2290 τοῦ
555 2235 730 2307 θυμοῦ
758 2235 926 2307 ὀργὴ,
969 2238 1036 2291 ὲκ
1077 2237 1133 2291 δὲ
1172 2240 1271 2309 τῆς
1297 2237 1466 2309 ὀργῆς
1509 2236 1688 2308 μῆνις.
1714 2232 1847 2289 Εἶτα

257 2323 291 2393 ii
339 2323 506 2393 μῆνις
550 2325 617 2379 ικ
662 2325 936 2380 τοσούτων
988 2326 1178 2380 κακῶν
1224 2326 1588 2398 συνισταμένη
1638 2325 1846 2396 γίνεται

262 2418 514 2489 ἁμαρτία
548 2419 764 2492 μεγάλη
813 2420 907 2474 καὶ
938 2420 1174 2485 ἀνίατος.
1211 2422 1378 2476 Ὅταν
1406 2422 1533 2493 ξγάρ
1564 2421 1744 2476 πάντα
1776 2420 1848 2487 τά

259 2506 581 2577 ἀνθρώπινα
627 2507 804 2563 ταῦτα
832 2510 891 2563 ὲν
933 2509 1013 2564 ἑνὶ
1051 2509 1260 2581 ἀγγείῳ
1302 2512 1561 2575 κατοικεῖ,
1588 2511 1720 2564 ὅπου
1754 2512 1848 2564 καὶ

258 2598 316 2654 τὸ
350 2599 584 2672 Πνεῦμα
607 2600 669 2653 τὸ
697 2598 886 2669 ἅγιον·
911 2602 972 2655 οὐ
999 2604 1169 2674 χωρεῖ
1196 2603 1372 2656 ἐκεῖνο
1410 2602 1473 2655 τὸ
1506 2603 1694 2671 ἄγγος,
1730 2602 1846 2657 ἀλλ’

259 2692 692 2764 ύπερπλεονάζει
739 2692 803 2745 τὸ
841 2693 1110 2765 τρυφερὸν
1167 2693 1391 2765 Πνεῦμα
1436 2693 1510 2765 μὴ
1550 2693 1675 2764 ἔχον
1724 2710 1849 2747 συν-

259 2784 444 2855 ήθειαν
471 2784 617 2856 μετὰ
630 2783 870 2857 πονηροῦ
887 2785 1194 2856 πνεύματος
1215 2786 1309 2840 καὶ
1332 2785 1696 2857 σκληρότητος
1719 2803 1847 2840 κατ-

262 2880 425 2931 οικεῖν
447 2893 465 2909 ·
504 2878 785 2949 ὑποχωρεῖ
824 2872 919 2931 οὖν
945 2877 1053 2931 ἀπὺ
1086 2876 1178 2931 τοῦ
1208 2877 1497 2949 ἀνθρώπου
1527 2877 1716 2931 τούτου
1753 2879 1847 2932 καὶ

263 2967 412 3038 ζητεῖ
449 2968 732 3021 κατοικεῖν
780 2966 919 3038 μετά
958 2967 1262 3038 πραότητος
1292 2968 1389 3021 καὶ
1428 2968 1681 3039 ἡσυχίας.
1714 2963 1848 3021 Εἶτα

262 3059 385 3113 ὅταν
417 3061 638 3130 ἀποστῇ
674 3059 785 3112 ἀπὸ
824 3057 920 3112 τοῦ
962 3057 1273 3131 ἀνθρώπου,
1305 3053 1367 3114 οὗ
1397 3060 1660 3121 κατοικεῖ,
1703 3058 1850 3128 γίνε-

261 3164 347 3202 ται
384 3149 415 3200 6
460 3146 755 3219 ἄνθρωπος
795 3148 1003 3211 ἐκεῖνος
1045 3147 1199 3211 κενὸς
1245 3144 1355 3201 ἀπὸ
1396 3146 1492 3201 τοῦ
1532 3146 1848 3217 Πνεύματος

262 3240 351 3294 τοῦ
379 3239 567 3309 ἁγίου,
590 3239 686 3293 καὶ
705 3238 913 3303 λοιπὸν,
936 3240 1364 3312 πεπληρωμένος
1383 3241 1493 3297 τῶν
1518 3242 1847 3313 πνευμάτων

262 3330 365 3387 τῶν
391 3329 652 3402 πονηρῶν
674 3370 690 3396 ,
735 3333 1107 3386 ἀκαταστατεῖ
1149 3334 1206 3385 ὲν
1238 3332 1385 3404 πάσῃ
1417 3332 1615 3405 πράξει
1658 3333 1844 3397 αὐτοῦ,

265 3418 683 3493 περισπώμενος
719 3414 825 3473 ὧδε
873 3420 1033 3474 κάκεῖ
1081 3421 1189 3474 ἀπὸ
1231 3421 1342 3476 τῶν
1390 3422 1696 3494 ἀνθρώπων
1738 3425 1846 3478 τῶν

268 3511 535 3583 τωνηρῶν,
580 3512 675 3565 καὶ
703 3511 828 3575 ὅλος
865 3511 1263 3582 ἀποτυφλοῦται
1312 3512 1420 3566 ἀπὸ
1470 3514 1570 3585 τῆς
1612 3514 1847 3580 διανοίας

182 3651 197 3660 .
265 3604 357 3675 τῆς
387 3604 626 3675 ἀγαθῆς.
670 3601 860 3667 Οὕτως
899 3597 991 3658 οὖν
1032 3603 1319 3672 συμϐαίνει
1351 3606 1489 3658 πᾶσι
1522 3607 1633 3669 τοῖς
1661 3606 1850 3677 65:216-

266 3695 387 3758 λοις.
434 3694 672 3764 ’Δπέχου
702 3690 799 3747 οῦν
848 3693 956 3747 ἀπὸ
997 3694 1098 3764 τῆς
1141 3694 1423 3766 ὀξυχολίας
1466 3695 1561 3749 τοῦ
1611 3698 1848 3767 πονηροῦ

267 3786 516 3857 δαίμονος
532 3803 549 3820 ο
576 3786 798 3840 ἔνδυσαι
823 3785 880 3840 δὲ
900 3786 997 3857 τὴν
1026 3787 1424 3860 μακροθυμίαν,
1450 3787 1544 3841 καὶ
1571 3787 1848 3859 ἀντίστηθι

268 3881 328 3949 τῇ
357 3877 639 3948 ὀξυχολία,
666 3878 765 3931 καὶ
790 3875 891 3949 ἔσῃ
932 3877 1323 3949 ἐπαινούμενος
1354 3876 1493 3948 μετά
1526 3878 1851 3948 σεμνότητος

268 3974 371 4035 τοῖς
397 3970 790 4042 ἠγαπημένοις
830 3969 934 4023 ὑπὸ
964 3970 1191 4043 Κυρίου.
1227 3969 1401 4023 Βλέπε
1430 3964 1522 4022 οῦν
1553 3968 1627 4040 μὴ
1670 3986 1850 4041 παρα-

269 4063 461 4136 λογήσῃ
493 4062 595 4134 τὴν
620 4060 845 4134 ἐντολὴν
868 4062 1088 4132 ταύτην·
1114 4061 1208 4116 ἐὰν
1236 4062 1344 4133 γάρ
1361 4060 1565 4131 ταύτην
1588 4060 1847 4132 φυλάξῃς,

269 4156 463 4230 δυνήσῃ
493 4157 590 4210 καὶ
620 4157 719 4221 τὰς
754 4155 948 4219 λοιπὰς
975 4158 1242 4227 τηρῆσαι·
1278 4153 1429 4225 ἴσχυε
1456 4148 1549 4207 οὖν
1578 4155 1636 4207 ἐν
1660 4154 1849 4219 αύταῖς

271 4248 358 4300 καὶ
388 4248 716 4318 ἐνδυναμοῦ,
742 4246 840 4301 καὶ⁵
867 4248 1107 4318 νικήσεις
1133 4246 1227 4300 καὶ
1257 4244 1442 4317 ζήσεις
1468 4246 1549 4308 είς
1574 4246 1701 4309 τοὺς
1726 4244 1851 4298 αἰῶο

269 4355 380 4404 νας.
424 4340 624 4411 Ἀμήν.

1943 1961 2066 2016 dem
2098 1972 2341 2017 servant.
2388 1963 2679 2019 Iracundia
2706 1978 2837 2018 vero
2884 1964 3123 2033 primum
3171 1960 3387 2015 insania
3409 1967 3516 2018 est,

1943 2056 2256 2124 mentisque
2281 2054 2497 2111 levitas.
2527 2053 2669 2109 Hinc
2694 2070 2762 2110 ex
2794 2054 3028 2109 stultitia
3050 2054 3294 2124 gignitur
3316 2050 3519 2104 amari-

1943 2147 2107 2216 tudo;
2128 2163 2196 2201 ex
2228 2145 2616 2212 amaritudine,
2639 2145 3181 2202 vehemensanimus
3202 2157 3303 2208 ;ex
3333 2140 3520 2195 animo

1943 2237 2276 2302 vehementi,
2301 2236 2415 2305 ira;
2452 2248 2521 2293 ex
2566 2237 2683 2303 ira,
2724 2235 2901 2291 furor.
2950 2235 3090 2291 Hinc
3134 2234 3289 2289 furor
3316 2232 3410 2303 qui
3439 2238 3522 2286 tot

1944 2331 2223 2401 tantisque
2270 2345 2338 2386 ex
2388 2330 2551 2387 malis
2583 2338 2823 2395 constat,
2855 2338 3145 2401 peccatum
3182 2325 3367 2380 evadit
3401 2338 3522 2378 ma-

1945 2437 2111 2493 gnum
2146 2430 2201 2478 et
2234 2422 2558 2478 incurabile.
2603 2420 2836 2487 Quando
2866 2420 3016 2477 enim
3045 2418 3229 2474 omnia
3264 2416 3381 2471 haec
3414 2415 3521 2469 hu-

1947 2530 2108 2571 mana
2132 2514 2187 2570 in
2212 2530 2344 2570 vase
2371 2529 2482 2571 uno
2503 2514 2876 2577 continentur,
2917 2512 3010 2568 ubi
3051 2519 3136 2567 est
3179 2516 3234 2565 et
3278 2506 3520 2579 Spiritus

1948 2619 2203 2674 sanctus,
2235 2622 2345 2662 non
2378 2615 2557 2678 potest
2584 2622 2682 2664 vas
2712 2604 3027 2676 huiusmodi
3049 2617 3277 2674 capere;
3305 2599 3402 2656 sed
3426 2614 3521 2655 su-

1947 2699 2215 2771 peremuit
2243 2700 2431 2756 suavis
2460 2699 2552 2756 ille
2581 2697 2843 2769 Spiritus,
2877 2697 2966 2752 cui
3018 2710 3129 2751 non
3167 2704 3253 2750 est
3287 2706 3524 2749 consue-

1952 2787 2086 2843 tudo
2116 2787 2397 2843 habitandi
2433 2802 2558 2842 cum
2591 2788 2834 2858 maligno
2864 2786 3060 2857 spiritu
3095 2783 3260 2856 204
3301 2792 3353 2839 et
3394 2796 3539 2837 cum

1949 2880 2219 2951 eiusmodi
2249 2881 2454 2937 duritie
2498 2880 2690 2936 animi.
2745 2878 2966 2936 Secedit
3011 2878 3196 2948 itaque
3231 2876 3300 2931 ab
3323 2875 3522 2945 huius-

1950 2973 2096 3028 modi
2139 2973 2381 3037 homine,
2414 2973 2719 3043 Quaaritque
2763 2972 3016 3027 habitare
3054 2985 3178 3024 cum
3206 2975 3524 3022 mansuetu-

1950 3066 2079 3121 dine
2104 3074 2159 3121 et
2187 3065 2394 3135 quiete.
2443 3065 2583 3119 Hinc
2609 3070 2903 3134 postquam
2950 3059 3281 3117 abscesserit
3314 3058 3383 3113 ab
3417 3057 3522 3110 ho-

1952 3157 2101 3212 mine
2129 3156 2224 3210 illo
2255 3156 2312 3210 in
2341 3169 2452 3226 quo
2474 3154 2772 3217 habitabat,
2799 3152 3031 3209 edicitur
3074 3151 3237 3206 homo
3281 3149 3373 3204 ille
3405 3146 3525 3219 Spio

1953 3247 2063 3302 ritu
2114 3256 2306 3303 sancto
2357 3262 2588 3311 vacuus,
2621 3260 2687 3300 ac
2723 3245 2942 3301 demum
2989 3243 3184 3314 plenus
3239 3240 3526 3311 spiritibus

1952 3333 2232 3404 malignis,
2266 3331 2773 3403 incompositusque
2812 3337 2897 3401 est
2948 3328 3315 3387 inomnibus
3355 3326 3526 3397 gestis

1954 3424 2091 3487 suis,
2123 3423 2267 3477 ultro
2287 3424 2539 3492 citroque
2575 3421 2646 3476 ab
2671 3420 2938 3492 improbis
2978 3419 3295 3475 hominibus
3330 3418 3529 3473 distra-

1953 3525 2098 3576 ctus.
2129 3530 2193 3569 ac
2213 3515 2355 3568 bona
2378 3521 2561 3568 mente
2581 3527 2789 3568 vacuus
2815 3511 3033 3582 penitus
3065 3517 3387 3565 excaecatum
3412 3507 3528 3563 lioc

1953 3608 2182 3678 contigit
2216 3606 2472 3661 omnibus
2518 3602 2819 3658 iracundis.
2882 3602 3091 3656 Cohibe
3135 3610 3186 3655 te
3238 3598 3407 3670 igitur
3456 3599 3529 3654 ab

1955 3699 2241 3756 iracundia
2273 3698 2491 3768 maligni
2527 3696 2810 3751 daemonis.
2841 3694 3014 3750 indue
3041 3693 3523 3764 :equanimitatem,

1955 3800 2010 3847 et
2052 3789 2348 3846 iracundiae
2389 3787 2637 3855 absiste;
2674 3786 3041 3855 laudibusque
3076 3785 3245 3854 probe
3278 3785 3528 3837 celebra-

1956 3882 2103 3937 beris
2136 3880 2206 3936 ab
2235 3878 2548 3934 hominibus
2563 3876 2795 3931 Domino
2825 3864 3060 3929 dilectis.
3082 3872 3221 3928 Vide
3254 3875 3437 3943 itaque
3459 3888 3527 3927 ne

1956 3971 2229 4041 despicias
2269 3969 2371 4023 hoc
2409 3966 2749 4022 mandatum.
2788 3963 2846 4019 Si
2871 3964 2975 4019 hoc
3005 3963 3213 4034 quippe
3248 3961 3529 4018 custodin

1956 4064 2059 4128 ris,
2085 4070 2140 4119 et
2168 4061 2379 4133 reliqua
2408 4074 2630 4117 servare
2660 4057 2891 4129 poteris.
2923 4056 2982 4111 in
3028 4056 3181 4112 hisce
3203 4055 3371 4125 igitur
3395 4070 3531 4110 cuu-

1956 4155 2183 4220 l‘ortare,
2205 4161 2258 4211 et
2300 4153 2684 4218 corroborarc,
2717 4162 2772 4209 ct
2807 4152 3015 4214 vinces,
3044 4150 3313 4220 vivesque
3344 4149 3541 4205 insae-

1958 4248 2104 4303 cula.
2137 4245 2330 4302 Amen.

1332 4445 1556 4502 Sextum
1587 4446 1921 4513 mandatum,
1957 4446 2116 4514 primi
2139 4442 2439 4512 explicatio.

332 4589 387 4642 6.
421 4586 541 4659 (52)
592 4587 708 4641 Καὶ
735 4588 1070 4650 ἁνασταντες
1106 4586 1361 4659 ηὔξαντο,
1398 4589 1493 4640 καὶ
1538 4586 1847 4641 καθίσατοὸ

2027 4587 2083 4639 6.
2116 4583 2416 4651 Surgentes
2439 4590 2619 4637 autem
2644 4580 2846 4651 precati
2872 4586 3022 4643 sunt,
3054 4577 3303 4646 seditque
3322 4575 3535 4647 cpisco-

266 4680 588 4744 ὶπίσκοπος,
618 4682 712 4734 καὶ
748 4672 903 4732 εἶπεν
940 4678 1118 4748 αὐτῷ·
1168 4680 1366 4732 Ἀκουε
1404 4678 1501 4733 καὶ
1542 4677 1642 4748 τῆς
1687 4679 1852 4748 ἕκτης

265 4772 506 4844 ἐντολῆς.
541 4772 655 4843 (53)
690 4771 1078 4843 Ἐνετειλάμην
1106 4788 1187 4824 σοι
1215 4772 1274 4824 ὲν
1303 4774 1369 4842 τῇ
1411 4771 1603 4844 πρώτῃ
1635 4771 1847 4841 ἐντολῇ,

267 4864 349 4919 ἵνα
379 4864 630 4938 φυλάξῃς
668 4865 770 4937 τὴν
814 4864 995 4918 πίστιν
1033 4865 1127 4918 καὶ
1173 4864 1266 4918 τὸν
1312 4862 1475 4934 φόϐον
1519 4865 1613 4918 καὶ
1648 4866 1854 4935 ἐγκρα-

266 4956 451 5031 τεύσῃ.
505 4956 811 5029 Ἀπεκρίθη
853 4956 883 5009 6
926 4956 1227 5026 Ἀντίοχος·
1271 4956 1402 5023 Ναὶ,
1448 4955 1624 5027 κύριε,
1681 4953 1855 5018 οὔτως

269 5048 402 5102 ἐστί.
438 5048 608 5118 Λέγει
649 5046 807 5119 αὐτῷ
834 5049 864 5102 6
892 5046 1220 5110 ἐπίσκοπος·
1265 5046 1427 5101 Ἀλλὰ
1462 5046 1560 5101 νῦν
1599 5045 1739 5099 θέλω
1773 5061 1858 5098 σοι

269 5135 504 5208 δηλῶσαι
550 5140 650 5196 καὶ
698 5139 802 5202 τὰς
841 5138 1098 5211 δυνάμεις
1141 5138 1340 5204 αὐτῶν,
1376 5138 1464 5193 ῖνα
1512 5138 1710 5210 νοήσῃς
1756 5137 1857 5208 τὴν

270 5228 495 5304 δύναμιν
536 5233 608 5305 ἣν
650 5232 841 5304 ἔχουσι
882 5230 979 5286 καὶ
1019 5231 1323 5303 ἐνέργειαν·
1366 5229 1550 5284 διπλαῖ
1590 5229 1700 5302 γάρ
1722 5230 1869 5283 εἱσι·-

341 5436 453 5510 (50)
477 5435 661 5505 Vulgo
706 5429 957 5510 μιαρῶνς
984 5438 1040 5510 a_t
1070 5427 1377 5510 vetus_Lat.
1410 5428 1608 5509 interp.
1644 5426 1807 5510 habet
1834 5445 1861 5482 τ

271 5497 417 5561 κίίιε
433 5497 835 5574 ἐκρεῖυαέιιξξξ
874 5500 1052 5574 possis
1068 5499 1305 5574 ἀμωρῶν
1326 5497 1855 5574 coniiccrc._lVous.

338 5577 449 5649 (5i)
482 5566 637 5649 Hanc,
662 5571 820 5649 éxﬁk
972 5566 1225 5649 πικρίας,
1240 5566 1441 5649 desunt
1462 5567 1519 5649 in
1541 5566 1731 5649 codice
1757 5582 1858 5621 no-

268 5638 406 5714 διε-ο,
425 5638 521 5705 sed
549 5638 710 5703 ea'ex
735 5638 963 5714 homilia
985 5638 1090 5714 1410'
1102 5638 1355 5694 Antiochi
1384 5638 1614 5692 mutuati
1643 5653 1857 5693 sumus.

332 5711 447 5785 (52)
474 5719 698 5773 Hermae
730 5711 974 5785 mandat.
1000 5711 1060 5785 6.Δ
1235 5780 1244 5785 _
1330 5775 1337 5781 ,

330 5777 449 5861 (55)
480 5790 612 5846 Hac
655 5784 855 5845 verba,
902 5784 982 5844 εἰς
1017 5781 1109 5849 τὴν
1138 5777 1359 5851 πρώτην
1397 5777 1616 5849 ἐντολὴν
1662 5778 1863 5829 averet-

1962 4692 2066 4747 pus
2121 4685 2175 4732 et
2227 4677 2303 4729 ait
2350 4675 2426 4729 illi
2461 4693 2474 4728 :
2511 4673 2650 4728 Audi
2687 4680 2901 4728 sextum
2939 4684 3159 4742 quoque
3192 4668 3530 4723 mandatum.

1959 4766 2106 4823 Jussi
2134 4774 2187 4822 te
2220 4770 2273 4820 in
2302 4767 2478 4836 primo
2510 4773 2801 4834 prmcepto,
2838 4776 3058 4818 servare
3096 4757 3252 4813 [idem
3286 4766 3343 4812 et
3361 4757 3526 4810 timo-

1960 4872 2099 4922 rem,
2132 4863 2612 4925 tempcrantcrque
2636 4870 2816 4925 agere.
2848 4851 3153 4923 Respondit
3173 4849 3478 4903 Antiochus
3511 4864 3528 4898 :

1962 4947 2162 5011 Etiam,
2184 4946 2428 5010 domine,
2457 4947 2532 4999 ita
2556 4961 2615 5001 se
2644 4961 2734 5001 res
2762 4944 2949 4999 habet.
2978 4942 3069 4996 Ait
3090 4940 3167 4995 illi
3188 4942 3483 5009 episcopus
3513 4957 3530 4993 :

1963 5038 2069 5096 Sed
2091 5040 2204 5110 iam
2243 5036 2488 5094 indicare
2516 5039 2645 5093 volo
2677 5038 2775 5093 tibi
2796 5050 3044 5107 quaenam
3071 5023 3182 5089 sint
3204 5046 3395 5087 eorum
3424 5030 3536 5085 vir-

1964 5139 2131 5198 tutes,
2154 5135 2215 5183 ut
2248 5128 2587 5199 exploratam
2613 5128 2817 5183 habeas
2842 5139 3030 5181 eorum
3069 5123 3180 5176 vim
3215 5127 3270 5175 et
3300 5119 3538 5175 efﬁcien-

1962 5225 2115 5281 tiam.
2150 5222 2398 5294 Duplicis
2453 5235 2692 5290 namque
2737 5215 2956 5289 generis
3003 5220 3155 5277 sunt,
3201 5212 3431 5281 sitaaque
3479 5212 3537 5267 in

1958 5426 2147 5496 16pm
2167 5439 2249 5476 σοι
2265 5420 2393 5491 περὶ
2415 5420 2668 5496 πίστεως,
2683 5426 2812 5482 etc.,
2831 5412 3212 5496 exprimuntur
3232 5410 3378 5494 apud
3407 5408 3543 5496 Here

1962 5480 2108 5549 mam.
2135 5493 2238 5547 hoc
2269 5480 2465 5562 pacto:
2501 5480 2883 5562 Prwcepe-ram,
2903 5480 3112 5562 inquit,
3151 5482 3243 5535 tibi
3271 5480 3342 5562 'in
3372 5480 3543 5562 primo

1965 5563 2218 5619 mandato
2249 5549 2306 5615 u't
2351 5559 2645 5614 custodire;
2677 5549 2911 5628 ﬁdentet
2964 5549 3236 5628 timorem,
3267 5549 3547 5628 et_c_._Suh—

1968 5633 2323 5705 sequentibus
2365 5638 2545 5705 autem
2579 5621 2704 5683 moi
2736 5626 2918 5705 verbis
2970 5622 3141 5675 Φοὸοῦ
3170 5623 3282 5705 ’τὸν
3316 5621 3540 5703 Κύριον,

1930 5692 2064 5759 ’καῖ
2095 5704 2356 5772 φύλασσε,
2386 5700 2641 5770 incipitur
2687 5697 2975 5766 septimum
3024 5692 3341 5748 mandatum
3380 5693 3557 5746 etiam,

1970 5775 2111 5845 apud
2145 5774 2416 5830 llcrmam.
