4066 6388
536 352 644 412 εδδ

1670 354 1731 412 S.
1769 352 2237 412 ATHANASIUS.
2278 385 2347 396 --
2388 352 2662 410 SPURIA.

3693 358 3801 416 564

535 473 747 529 ’ustitia
769 483 823 530 et
855 473 1147 543 injustitia.
1178 473 1259 529 Tu
1293 490 1424 546 ergo
1450 475 1684 545 iustitiae
1706 477 1941 541 credito,
1967 477 2092 547 inju-

2207 475 2415 528 κεῖνται
2459 472 2568 543 γὰρ
2597 471 2691 524 ἐπὶ
2726 469 2922 543 δικαίῳ
2962 472 3057 526 καὶ
3098 472 3288 545 ἀδίκῳ.
3332 475 3405 529 Σὺ
3447 470 3541 531 οὖν
3573 478 3799 533 πίστευε

535 567 701 622 stitiae
730 568 1066 622 nullatenus.
1084 564 1306 623 Iustitia
1339 575 1548 622 rectam
1573 568 1739 624 habet
1769 568 1940 632 viam,
1963 567 2111 638 inju-

535 657 686 712 stitia
723 664 1048 711 tortuosum.
1096 654 1214 711 Duo
1272 667 1402 712 sunt
1455 659 1630 729 angeli
1690 672 1814 712 cum
1865 657 2107 724 homine,

534 746 944 817 :ilterjustitize,
990 746 1130 802 alter
1181 749 1561 819 malignitatis.
1601 748 1838 806 Iustitia:
1880 751 2110 822 angelus

533 840 719 893 suavis
747 848 853 901 est,
884 838 1251 901 verecundus,
1280 840 1428 895 mitis
1455 849 1508 896 et
1531 842 1812 897 robustus.
1837 843 1971 897 Cum
2005 844 2109 897 ita-

530 946 637 1001 que
659 931 745 987 his
766 930 944 986 modis
968 931 1023 985 in
1050 946 1147 987 cor
1168 939 1322 986 tuum
1361 934 1692 998 ascenderit,
1723 934 1904 991 statim
1925 943 2106 990 tecum

531 1022 778 1092 loquitur
806 1022 874 1077 de
903 1022 1141 1093 justitia,
1178 1023 1246 1079 de
1274 1024 1549 1088 castitate,
1586 1025 1653 1080 de
1694 1041 1910 1081 morum
1937 1026 2109 1083 hone-

531 1121 692 1177 state,
715 1113 783 1170 de
810 1114 1147 1186 frugalitate,
1178 1117 1246 1171 de
1282 1117 1434 1171 omni
1463 1117 1702 1188 denique
1722 1119 1896 1188 probo
1918 1133 2103 1189 opere,

529 1209 585 1259 et
611 1202 680 1259 de
712 1218 1042 1275 quacunque
1064 1206 1327 1275 praeclara
1353 1210 1579 1263 virtute.
1615 1206 1744 1263 Haec
1765 1208 1949 1262 omnia
1980 1223 2104 1263 cum

528 1296 587 1350 in
616 1311 715 1351 cor
739 1304 893 1351 tuum
923 1296 1302 1363 ascenderint,
1330 1297 1471 1353 scito
1492 1299 1746 1369 angelum
1767 1298 1996 1368 justitia:
2029 1305 2106 1353 te-

525 1402 653 1441 cum
692 1404 837 1444 esse.
890 1386 1031 1442 Huic
1079 1389 1265 1459 itaque
1310 1388 1507 1444 credas
1548 1397 1603 1445 et
1641 1390 1901 1460 operibus
1961 1390 2103 1460 ejus,

523 1478 674 1533 hunc
703 1487 831 1536 tene.
851 1490 905 1536 et
935 1480 1180 1551 posside.
1212 1479 1353 1537 Vide
1392 1481 1505 1551 jam
1551 1481 1688 1537 mihi
1727 1481 1907 1553 angeli
1955 1482 2107 1535 mali-

524 1572 753 1641 gnitatis
794 1586 979 1642 opera.
1019 1570 1205 1627 Primo
1242 1571 1544 1628 iracundus
1592 1580 1698 1639 est,
1734 1573 1987 1637 acerbus,
2018 1572 2105 1625 in-

525 1678 697 1719 sanus
732 1682 744 1718 :
775 1678 1052 1734 operaque
1081 1663 1230 1718 illius
1272 1673 1403 1719 sunt
1448 1664 1612 1727 mala,
1637 1679 1760 1735 qua:
1786 1678 1977 1720 servos
2005 1662 2102 1718 Dei

523 1762 880 1825 prosternant
923 1764 979 1810 et
1034 1755 1316 1825 dejiciant.
1366 1756 1502 1811 Cum
1546 1757 1637 1810 ille
1680 1756 1737 1811 in
1790 1771 1888 1811 cor
1946 1764 2100 1811 tuum

2210 565 2289 636 τῷ
2317 565 2529 636 δικαίῳ,
2553 563 2633 635 τῷ
2660 563 2716 617 δέ
2744 563 2914 635 ἀδίκῳ
2936 565 3103 637 μηδὲν
3130 566 3446 639 πιστεύσῃς.
3472 570 3546 623 Τὸ
3578 570 3687 645 γὰρ
3719 572 3799 626 δί-

2210 674 2361 710 καιον
2378 655 2544 728 ὀρθὴν
2562 654 2682 708 ὁδὸν
2708 653 2841 725 ἔχει,
2874 655 2932 709 τὸ
2954 656 3011 710 δὲ
3033 657 3216 712 ἄδικον
3248 659 3517 733 στρεϐλήν
3533 661 3668 734 (54).
3691 663 3798 716 Δύο

2208 746 2344 799 εισὶν
2370 745 2587 814 ἄγγελοι
2618 744 2761 815 μετὰ
2790 743 2884 797 τοῦ
2918 744 3229 820 ἀνθρώπου,
3262 741 3345 811 εἷς
3383 747 3485 819 τῆς
3521 748 3796 804 δικαιοσύ-

2208 853 2323 906 νης,
2359 835 2455 889 καὶ
2483 829 2565 899 εἷς
2594 834 2693 906 τῆς
2726 833 3012 905 πονηρίας.
3042 835 3155 890 Καὶ
3187 837 3216 890 6
3252 836 3349 907 μὲν
3379 837 3481 909 τῆς
3515 837 3794 894 δικαιοσύ-

2206 942 2303 997 νης
2329 926 2559 995 ἄγγελος
2583 923 2850 996 τρυφερός
2869 924 3099 979 ἐστικαὶ
3121 926 3482 999 αίσχυντηρὸς
3504 929 3599 982 καὶ
3621 932 3795 1001 πρᾶος

2207 1017 2303 1071 καὶ
2337 1016 2573 1088 ἰσχυρός,
2611 1016 2778 1067 Ὅταν
2818 1010 2912 1068 οὖν
2946 1014 3122 1080 οὕτως
3165 1017 3261 1069 ἐπὶ
3290 1017 3391 1089 τὴν
3428 1020 3660 1092 καρδίαν
3700 1038 3793 1075 σου

2207 1108 2402 1180 ἀναϐῇ,
2456 1106 2658 1170 εὐθέως
2705 1105 2858 1161 λαλεῖ
2909 1106 3046 1178 μετὰ
3099 1107 3194 1161 σοῦ
3246 1108 3377 1181 περὶ
3424 1109 3791 1182 δικαιοσύνης,

2208 1200 2335 1270 περὶ
2366 1199 2608 1267 ἁγνείας,
2642 1198 2775 1270 περὶ
2810 1198 3139 1270 σεμνότητος
3171 1199 3413 1272 καὶπερὶ
3437 1201 3788 1273 αὐταρκείας,

2206 1290 2300 1342 καὶ
2328 1289 2457 1361 περὶ
2489 1289 2691 1352 παντὸς
2717 1288 2879 1361 ἔργου
2917 1289 3125 1344 δικαίου
3155 1291 3250 1345 καὶ
3288 1292 3416 1363 περὶ
3450 1292 3630 1365 πάσης
3664 1295 3794 1366 ἀρε-

2204 1381 2304 1451 τῆς
2341 1380 2573 1446 ἐνδόξου.
2603 1379 2789 1443 Ταῦτα
2814 1380 2991 1435 πάντα
3024 1382 3154 1436 ὅταν
3187 1384 3270 1446 εἰς
3309 1383 3408 1456 τὴν
3439 1384 3666 1457 καρδίαν
3696 1403 3789 1441 σου

2205 1472 2401 1544 ἀναϐῇ,
2436 1471 2669 1541 γίνωσκε
2691 1474 2774 1527 ὅτι
2806 1474 2835 1527 6
2884 1472 3113 1543 ἄγγελος
3145 1474 3246 1545 τῆς
3275 1475 3620 1550 δικαιοσύνης
3651 1478 3790 1549 μετὰ

2206 1563 2299 1617 σοῦ
2330 1567 2467 1618 ἐστι.
2500 1565 2687 1637 Τούτῳ
2712 1562 2805 1619 οὖν
2849 1567 3071 1620 πίστευε
3112 1566 3204 1621 καὶ
3236 1570 3350 1632 τοῖς
3386 1567 3569 1640 ἔργοις
3597 1572 3785 1639 αὐτοῦ,

2204 1658 2299 1711 καὶ
2326 1657 2602 1730 ἐγκρατὴς
2629 1657 2794 1712 αὐτοῦ
2820 1657 3001 1727 γενοῦ.
3027 1659 3171 1730 Ὅρα
3191 1654 3285 1713 οὖν
3311 1660 3407 1731 καὶ
3431 1660 3523 1714 τοῦ
3551 1663 3788 1732 ἀγγέλου

2202 1749 2302 1817 τῆς
2333 1748 2597 1820 πονηρίας
2619 1746 2688 1802 τὰ
2716 1747 2876 1821 ἔργα.
2907 1750 3129 1822 Πρῶτον
3162 1751 3377 1806 πάντων
3400 1753 3650 1824 δξύχολός
3666 1756 3786 1812 ἐστι

523 1848 857 1914 ascenderit,
890 1864 958 1903 ex
986 1848 1246 1918 operibus
1275 1848 1395 1917 ejus
1443 1850 1763 1919 cognoscito
1798 1850 1973 1904 illum.
2011 1850 2092 1904 Ait

2204 1841 2296 1894 καὶ
2324 1839 2521 1913 πικρὸς
2549 1841 2643 1894 καὶ
2673 1841 2885 1913 ἄφρων,
2918 1841 3017 1896 καὶ
3053 1841 3122 1895 τὰ
3163 1841 3303 1915 ἔργα
3341 1843 3510 1898 αὐτοῦ
3548 1848 3783 1919 πονηρὰ,

523 1938 607 1992 illi
634 1939 744 1994 dux
770 1939 1077 1995 Antiochus
1107 1958 1121 1994 :
1158 1939 1278 2005 Quo
1312 1951 1491 2009 pacto,
1522 1942 1764 2005 domine,
1798 1957 2095 2012 agnoscam

523 2031 705 2100 ipsum
732 2032 947 2102 ignoro,
974 2033 1076 2087 nisi
1106 2034 1216 2089 tuis
1241 2033 1485 2089 ediscam
1512 2034 1716 2089 verbis.
1753 2032 1987 2104 Reponit
2017 2035 2096 2088 illi

518 2122 850 2192 episc0pus:
881 2122 1025 2177 Audi
1057 2124 1372 2194 singulatim
1400 2133 1455 2180 et
1485 2130 1728 2181 attentus
1781 2135 1923 2181 esto.
1956 2125 2096 2181 Cum

517 2223 571 2268 te
591 2215 845 2285 quaedam
877 2215 1168 2270 iracundia
1197 2217 1430 2281 invadit,
1470 2225 1565 2272 aut
1601 2218 1931 2284 amaritudo,
1980 2218 2096 2289 jam

516 2306 657 2362 scito
683 2307 740 2361 in
769 2314 824 2364 te
869 2308 1024 2363 illum
1059 2324 1202 2365 esse.
1229 2307 1370 2364 Hinc
1402 2318 1708 2365 nascuntur
1734 2310 2094 2381 plurimorum

520 2411 744 2467 :tperum
793 2396 1099 2462 desideria,
1153 2400 1617 2470 concupiscentiae
1652 2400 1807 2466 .varii
1855 2407 1911 2455 et
1958 2400 2094 2455 lauti

514 2489 645 2554 cibi,
665 2490 904 2560 crapulae
926 2492 1133 2555 multae,
1159 2492 1387 2547 minime
1406 2493 1832 2562 congruentium
1866 2492 2097 2549 alimen-

512 2586 733 2645 torum;
770 2580 1061 2635 mulierum
1089 2582 1310 2652 cupido,
1339 2582 1591 2645 avaritia,
1623 2581 1912 2652 superbia,
1938 2597 2095 2637 arro-

511 2671 718 2741 gantia,
753 2679 807 2726 et
827 2687 1169 2742 quaecunque
1191 2672 1277 2728 his
1308 2673 1529 2728 similia.
1579 2672 1706 2729 llaec
1746 2673 1933 2744 itaque
1958 2674 2006 2730 si
2036 2675 2093 2730 in

512 2777 609 2817 cor
636 2770 791 2818 tuum
826 2763 1201 2827 ascenderint,
1257 2764 1399 2820 scito
1441 2764 1801 2834 malignitatis
1841 2765 2093 2836 angelum

511 2856 568 2909 in
602 2864 657 2911 te
707 2870 854 2912 esse.
887 2854 1108 2913 Gnarus
1144 2870 1277 2927 ergo
1326 2855 1447 2926 ejus
1475 2871 1726 2927 Operum,
1759 2856 1993 2913 abscede
2024 2856 2093 2912 ab

508 2947 628 3011 illo,
659 2963 762 3003 nec
795 2948 1075 3005 ullatenus
1117 2950 1198 3004 illi
1248 2949 1483 3004 credito.
1525 2948 1607 3004 En
1648 2949 1747 3006 tibi
1801 2950 2093 3021 utriusque

509 3041 689 3111 angeli
710 3056 879 3111 opera
914 3058 1022 3098 :ea
1063 3042 1377 3114 intelligito.
1414 3042 1531 3098 Hoc
1557 3045 1781 3115 quidem
1823 3051 1908 3099 est
1954 3058 2093 3112 pra:-

508 3144 726 3202 ceptum
758 3135 826 3190 de
856 3136 1119 3206 operibus
1145 3135 1292 3204 ﬁdei,
1328 3144 1389 3193 ut
1428 3137 1604 3207 angeli
1639 3136 1869 3207 iustitia)
1905 3134 2090 3206 operi-

2199 1932 2642 2005 καταστρέφοντα
2674 1936 2800 1997 τοὺς
2834 1934 3053 1998 δούλους
3087 1935 3185 1990 τοῦ
3236 1935 3392 1992 Θεοῦ.
3432 1939 3600 1994 Ὅταν
3621 1940 3787 2006 αὐτὸς

2198 2024 2291 2076 ἐπὶ
2338 2024 2436 2095 τὴν
2477 2026 2705 2095 καρδίαν
2738 2044 2832 2080 σου
2874 2027 3071 2100 ἀναϐῇ,
3116 2027 3286 2098 γνῶθι
3325 2030 3491 2087 αὑτὸν
3535 2032 3633 2086 ἐπὶ
3675 2032 3784 2087 τῶν

2198 2116 2373 2187 ἔργων
2414 2116 2599 2172 αὐτοῦ.
2649 2118 2811 2187 Λέγει
2861 2119 3009 2190 αύτῷ
3049 2122 3078 2173 ό
3120 2120 3246 2186 δοὺξ
3286 2122 3590 2195 Ἀντίοχος·
3634 2125 3782 2192 Πῶς,

2196 2208 2373 2280 κύριε,
2401 2210 2578 2281 νοήσω
2614 2211 2810 2277 αύτόν;
2841 2212 2955 2265 Οὐκ
2977 2213 3299 2285 ἐπίσταμαι,
3325 2215 3419 2268 ἐὰν
3448 2216 3523 2288 μὴ
3548 2216 3787 2288 διδαχθῶ

2195 2302 2336 2356 κατὰ
2362 2301 2540 2371 λόγον.
2571 2304 2733 2373 Λέγει
2755 2304 2904 2375 αύτῷ
2931 2306 2960 2358 6
2991 2305 3287 2372 ἐπίσκοπος
3305 2323 3322 2339 ·
3358 2308 3558 2362 Ἀκουε
3589 2308 3785 2365 λεπτο-

2198 2395 2378 2467 μερῶς
2409 2396 2501 2449 καὶ
2535 2394 2857 2470 [προσεχὴς]
2888 2398 3061 2467 γίνου.
3090 2399 3258 2453 Ὅταν
3303 2399 3555 2472 όξυχολία
3587 2401 3672 2455 σοί
3698 2418 3785 2467 τις

2193 2487 2485 2559 προσέλθῃ.
2515 2488 2548 2558 ἦ
2576 2490 2788 2561 πικρία,
2824 2490 3063 2559 γίνωσκε
3090 2492 3173 2545 ὅτι
3210 2492 3373 2556 αὐτός
3405 2494 3554 2548 ἐστιν
3581 2495 3640 2549 ἐν
3670 2494 3779 2549 σοί·

2193 2574 2313 2632 εἷτα
2341 2579 2524 2633 λοιπὸν
2553 2581 2840 2652 ἐπιθυμίαι
2883 2583 3137 2656 πράξεων
3184 2584 3393 2640 πολλῶν
3421 2587 3515 2641 καὶ
3550 2587 3783 2642 πολυτέ-

2192 2669 2309 2725 λεια
2337 2672 2647 2744 ἐδεσμάτων
2672 2677 2765 2729 καὶ
2805 2677 3126 2748 κραιπαλῶν
3160 2677 3369 2732 πολλῶν
3402 2678 3498 2733 καὶ
3521 2680 3785 2736 ποικίλων

2190 2763 2409 2833 τροφῶν
2440 2764 2534 2817 καὶ
2558 2765 2618 2818 ού
2652 2765 2906 2832 δεόντων,
2934 2769 3029 2825 καὶ
3061 2769 3348 2841 ἐπιθυμίαι
3376 2772 3655 2840 γυναικῶν
3683 2775 3782 2828 καὶ

2192 2853 2513 2920 πλεονεξίαι,
2561 2857 2909 2930 ὑπερηφανία
2956 2879 3015 2914 τε
3057 2863 3151 2915 καὶ
3193 2861 3501 2930 ἀλαζονεία,
3541 2867 3639 2920 καὶ¹
3678 2868 3783 2922 ὅσα

2188 2946 2400 3012 τούτοις
2430 2950 2808 3022 παραπλήσια.
2851 2952 3039 3008 Ταῦτα
3073 2952 3164 3009 οὖν
3196 2956 3323 3010 ὅταν
3362 2958 3457 3011 ἐπ)⁸
3494 2958 3594 3029 τὴν
3637 2976 3777 3032 καρ-

2189 3040 2310 3095 δίαν
2344 3059 2437 3095 σου
2480 3042 2654 3114 ἀναϐῇ
2681 3082 2696 3109 ,
2739 3044 2974 3113 γίνωσκε
3002 3048 3083 3100 ὅτι
3116 3049 3146 3101 6
3196 3048 3424 3117 ἄγγελος
3465 3050 3565 3121 τῆς
3608 3066 3778 3122 πονη-

2192 3132 2316 3204 ρίας
2354 3133 2502 3187 ἐστὶν
2535 3135 2593 3189 ἐν
2643 3135 2747 3190 σοί.
2786 3138 2861 3190 Σὺ
2905 3135 3020 3202 οὖν,
3052 3142 3309 3209 ἐπιγνοὺς
3344 3141 3412 3194 τὰ
3443 3140 3582 3213 ἔργα
3610 3143 3779 3197 αὐτοῦ

508 3225 612 3279 bus
642 3227 863 3291 credas,
903 3241 1079 3298 eaque
1111 3244 1237 3283 cum
1283 3229 1582 3300 perfeceris
1612 3229 1724 3286 Deo
1755 3230 1927 3295 vivas,
1956 3228 2086 3300 quia

2195 3225 2401 3279 ἁπόστα
2439 3226 2535 3280 ἀπ’
2579 3227 2765 3293 αὐτοῦ,
2793 3229 2887 3282 καὶ
2925 3231 3092 3302 μηδὲν
3131 3233 3279 3303 αὐτῷ
3315 3234 3558 3289 πίστευε.
3590 3234 3777 3307 Ἔχεις

508 3314 587 3369 illi
619 3316 793 3385 gloria
828 3317 885 3371 in
916 3318 1138 3373 saecula.
1162 3318 1354 3374 Amen.

2187 3311 2280 3369 οὖν
2307 3317 2635 3390 ἀμφοτέρων
2669 3319 2780 3373 τῶν
2826 3322 3076 3391 ἀγγέλων
3116 3324 3217 3389 τὰς
3261 3327 3575 3398 ἐνεργείας·
3619 3328 3779 3394 σύνες

505 3409 695 3474 αὑτάς.
724 3411 862 3483 Περὶ
894 3413 992 3484 μὲν
1028 3412 1137 3467 τῶν
1169 3413 1345 3485 ἔργων
1367 3415 1467 3487 τῆς
1490 3416 1726 3479 πίστεως
1761 3414 1900 3487 αὕτη
1933 3413 2081 3467 ἐστὶν
2116 3412 2152 3482 ἡ
2178 3408 2387 3481 ἐντολὴ,
2415 3409 2501 3464 ἵνα
2523 3413 2635 3476 τοῖς
2663 3411 2846 3484 ἔργοις
2866 3415 2962 3468 τοῦ
2985 3416 3219 3485 ἀγγέλου
3280 3418 3379 3490 τῆς
3431 3417 3776 3492 δικαιοσύνης

505 3503 825 3576 πιστεύσῃς,
865 3506 961 3559 καὶ
1007 3508 1381 3580 ἐργασάμενος
1429 3509 1569 3563 αὐτὰ
1610 3510 1782 3582 ζήσῃς
1818 3509 1897 3581 τῷ
1943 3507 2089 3579 Θεῷ·
2132 3507 2214 3561 ὅτι
2242 3504 2392 3576 αύτῷ
2421 3507 2454 3577 ἡ
2488 3505 2617 3572 δόξα
2644 3508 2725 3572 εἰς
2746 3508 2875 3573 τοὺς
2910 3510 3132 3577 αἰῶνας.
3174 3513 3366 3585 Ἀμήν.

1599 3623 1890 3693 Septimum
1922 3621 2258 3686 mandatum,
2297 3621 2458 3675 timor
2488 3620 2608 3677 Dei.

574 3738 626 3792 7.
656 3738 958 3812 Postquam
986 3750 1171 3800 autem
1195 3744 1404 3815 precati
1438 3751 1568 3802 sunt
1600 3764 1613 3799 :
1651 3741 1986 3809 Memineris,
2006 3744 2083 3799 ait

496 3830 815 3905 episcopus,
847 3850 934 3892 me
965 3837 1027 3892 in
1052 3837 1233 3908 primo
1277 3838 1538 3894 mandato
1580 3838 1910 3911 praecepisse
1958 3837 2076 3902 tibi,

497 3924 566 3979 de
600 3924 725 3990 lide,
759 3927 827 3982 de
856 3928 1074 3996 timore,
1104 3929 1172 3986 de
1194 3932 1580 4001 temperantia.
1608 3932 1810 3999 Etiam,
1834 3930 2075 3995 domine,

498 4017 781 4084 respondit
834 4018 946 4075 ille.
993 4019 1115 4075 1am
1156 4037 1307 4085 vero,
1362 4022 1561 4093 inquit,
1602 4022 1731 4078 audi
1788 4022 2078 4092 septimum

2259 3740 2310 3794 7.
2342 3741 2452 3795 Καὶ
2480 3738 2792 3813 εὐξαμένων
2819 3743 3021 3809 αὐτῶν,
3047 3743 3194 3814 λέγει
3218 3742 3367 3816 αύτῷ
3395 3745 3424 3798 6
3450 3745 3771 3814 ἐπίσκοπος·

2184 3834 2501 3906 Μέμνησαι,
2534 3835 2615 3887 ὅτι
2652 3836 2733 3899 είς
2768 3835 2867 3908 τὴν
2900 3836 3123 3909 πρώτην
3166 3835 3386 3908 ἐντολὴν
3413 3838 3770 3911 ἐνετειλάμην

2188 3942 2268 3978 σοι
2307 3926 2435 3996 περὶ
2486 3926 2720 3990 πίστεως
2765 3926 2877 3998 (55)
2926 3930 3021 3982 καὶ
3072 3928 3236 3997 φόϐου
3285 3928 3380 3982 καὶ
3416 3930 3765 4003 ἐγκρατείας.

2203 4018 2500 4089 Ἀπεκρίθη
2522 4036 2534 4048 ·
2577 4020 2705 4081 Ναὶ,
2750 4019 2929 4093 κύριε.
2964 4022 3125 4090 Λέγει
3160 4020 3317 4098 ,αὐτῷ
3341 4038 3355 4051 ·
3391 4022 3505 4080 Νῦν
3536 4023 3768 4079 ἄκουσον

497 4109 820 4163 mandatum
852 4110 921 4166 de
954 4112 1174 4166 timore.
1210 4111 1367 4169 Time
1399 4112 1692 4170 Dominum
1736 4122 1789 4169 et
1821 4112 2079 4167 mandata

2195 4110 2285 4180 τῆς
2309 4110 2543 4181 ἑϐδόμης
2573 4111 2810 4184 ἐντολῆς,
2841 4115 2971 4184 περὶ
2998 4113 3093 4166 τοῦ
3121 4114 3307 4183 φόϐου.
3341 4114 3512 4167 Φοϐοῦ
3542 4115 3636 4169 τὸν
3662 4115 3770 4170 Κύ-

495 4199 619 4266 ejus
651 4200 908 4264 observa,
941 4212 995 4258 et
1042 4205 1154 4260 eris
1179 4213 1375 4274 potens
1423 4223 1610 4277 opere,
1641 4221 1891 4279 Opusque
1922 4213 2075 4259 tuum

2195 4218 2322 4270 ριον,
2351 4201 2444 4254 καὶ
2478 4204 2719 4273 φύλασσε
2758 4204 2857 4269 τὰς
2890 4204 3111 4268 ἐντολὰς
3143 4204 3328 4271 αὐτοῦ,
3359 4206 3454 4259 καὶ
3481 4204 3579 4278 ἔσῃ
3610 4207 3767 4262 δυνα-

495 4291 944 4363 incomparabile.
979 4296 1267 4352 Dominum
1303 4301 1348 4354 si
1400 4288 1618 4364 timeas,
1652 4302 1834 4355 omnia
1876 4298 2075 4355 eﬂicies

2195 4295 2273 4358 τὸς
2306 4295 2362 4347 ἐν
2392 4296 2607 4368 πράξει,
2646 4299 2738 4352 καὶ
2778 4299 2810 4368 ἡ
2844 4295 3043 4370 πρᾶξίς
3088 4316 3182 4351 σου
3219 4297 3549 4370 ἀσύγκριτος
3587 4297 3760 4354 ἔσται.

496 4386 663 4440 bona.
690 4386 790 4443 llic
816 4389 905 4445 ille
928 4390 1095 4447 timor
1131 4401 1215 4448 est
1245 4410 1354 4463 quo
1378 4396 1552 4451 teneri
1594 4404 1648 4452 te
1677 4401 1914 4465 oportet.
1948 4394 2072 4448 Dia-

2180 4387 2516 4460 Φοϐούμενος
2550 4391 2640 4443 τὸν
2677 4390 2903 4461 Κύριον,
2938 4394 3117 4444 πάντα
3149 4389 3289 4443 καλὰ
3327 4390 3557 4461 ἐργάσῃ.
3594 4382 3764 4454 Οὗτός

494 4480 682 4536 bolum
719 4499 788 4538 ne
823 4485 956 4540 time
975 4484 1109 4556 quia
1142 4486 1227 4542 vis
1257 4488 1309 4541 in
1342 4503 1408 4543 eo
1431 4488 1605 4552 nulla,
1637 4503 1742 4544 nec
1769 4486 2070 4541 formidan-

2195 4498 2324 4533 ιστιν
2365 4484 2392 4535 ὁ
2418 4482 2581 4550 φόϐος
2615 4482 2673 4535 ὃν
2711 4482 2794 4535 δεῖ
2819 4499 2879 4535 σε
2925 4480 3258 4551 φοϐηθῆναι·
3290 4480 3381 4533 τὸν
3407 4480 3656 4534 διάϐολον
3687 4481 3760 4551 μὴ

491 4568 596 4623 dus
616 4577 718 4626 est.
745 4570 844 4626 Cui
881 4573 965 4629 vis
987 4574 1132 4629 inest
1160 4575 1444 4644 praaclara.
1470 4577 1560 4631 ille
1583 4576 1878 4631 timendus.
1907 4575 2071 4641 Quis-

489 4659 614 4726 quis
643 4660 789 4715 enim
824 4665 933 4717 vim
959 4672 1015 4719 et
1041 4671 1366 4735 potestatem
1398 4666 1584 4730 habet,
1617 4667 1707 4722 ille
1753 4665 2071 4743 formidabi-

488 4746 556 4801 lis
590 4767 603 4803 :
640 4750 734 4818 qui
773 4752 979 4807 nullam
1013 4754 1123 4809 vim
1167 4763 1341 4820 tenet,
1377 4756 1465 4811 hic
1503 4759 1840 4827 contemptui
1886 4757 2066 4811 omni-

488 4840 592 4896 lius
626 4850 728 4897 est.
766 4842 972 4901 Servus
1020 4846 1239 4903 Domini
1289 4850 1447 4904 fortis
1490 4858 1575 4904 est
1616 4858 1671 4903 et
1707 4848 1844 4903 nihil
1890 4848 2067 4905 timet.

485 4929 643 4987 Time
671 4950 803 5005 ergo
835 4936 1128 4995 Dominum
1161 4950 1213 4995 et
1247 4942 1323 4994 illi
1355 4941 1526 5004 vives,
1561 4955 1788 4996 servans
1812 4941 2066 4995 mandata

484 5023 605 5091 ejus
631 5026 685 5080 in
719 5028 940 5083 saecula.

2181 4570 2443 4642 φοϐηθῇς,
2477 4573 2557 4627 ὅτι
2584 4572 2814 4642 δύναμις
2846 4573 2903 4623 ἐν
2931 4569 3080 4640 αὐτῷ
3110 4571 3209 4624 ούκ
3237 4570 3403 4633 ἐστιν,
3430 4569 3550 4623 οὐδὲ
3575 4569 3758 4640 φόϐος.

2192 4663 2279 4714 Ἐν
2315 4656 2358 4731 ᾧ
2390 4665 2448 4718 δέ
2488 4665 2522 4734 ἡ
2554 4662 2783 4734 δύναμις
2906 4661 3132 4726 ἔνδοξος,
3171 4662 3264 4715 καὶ
3297 4660 3459 4729 φόϐος
3491 4662 3549 4714 ἐν
3590 4660 3757 4732 αὐτῷ.

2179 4754 2295 4818 Πᾶς
2326 4755 2435 4826 γὰρ
2481 4756 2510 4807 ὁ
2545 4754 2773 4825 δύναμιν
2816 4753 2955 4823 ἔχων
2996 4753 3089 4805 καὶ
3134 4752 3297 4821 φόϐον
3335 4751 3483 4822 ἔχει·
3526 4753 3555 4804 6
3589 4752 3647 4805 δὲ
3685 4751 3759 4823 μὴ

2177 4845 2317 4916 ἔχων
2348 4847 2576 4918 δύναμιν
2604 4846 2710 4900 ὑπὸ
2739 4845 2958 4899 πάντων
2996 4846 3437 4915 καταφρονεῖται.
3482 4844 3540 4896 ὐ
3574 4842 3758 4907 δοῦλος

2174 4933 2267 4991 οὖν
2304 4937 2399 4990 τοῦ
2425 4937 2632 5009 Κυρίου
2661 4936 2881 5008 ἰσχυρός
2914 4935 3148 4989 ἐστικαὶ
3181 4932 3458 5005 [ἐνδοξος].
3484 4933 3757 5006 Φοϐήθητι

2172 5025 2264 5081 οὖν
2285 5028 2375 5083 τὸν
2390 5027 2614 5098 Κύριον,
2632 5027 2725 5081 καὶ
2746 5028 2884 5099 ζήσῃ
2907 5026 3075 5098 αύτῷ,
3107 5024 3394 5095 φυλάσσων
3421 5023 3521 5089 τὰς
3540 5024 3759 5090 ἐντολὰς

2163 5117 2330 5172 αὐτοῦ
2368 5120 2448 5182 εἰς
2480 5119 2609 5181 τοὺς
2634 5116 2860 5180 αἰῶνας.
2886 5138 2893 5141 ·

1445 5228 1606 5300 205
1648 5229 1906 5285 Octavum
1935 5230 2269 5298 mandatum,
2301 5232 2366 5285 de
2388 5230 2725 5284 abstinentia.

552 5337 606 5391 8.
640 5336 705 5391 Et
736 5347 1024 5410 postquam
1060 5342 1220 5396 ambo
1266 5342 1469 5412 precati
1517 5350 1665 5409 sunt,
1709 5343 1787 5399 ait
1825 5343 1903 5397 illi
1943 5346 2059 5414 epi-

2235 5347 2286 5399 8.
2321 5344 2427 5414 (56)
2456 5344 2566 5396 Καὶ
2585 5343 2894 5413 εὐξαμένων
2914 5339 3113 5398 αὐτῶν,
3140 5339 3287 5407 λέγει
3306 5336 3455 5408 αὐτῷ
3481 5338 3511 5390 ό
3535 5340 3755 5394 ἐπίσκο-

482 5442 685 5497 scopus
743 5450 755 5484 :
803 5430 945 5485 Audi
1013 5447 1230 5502 quoque
1275 5441 1527 5488 octavum
1568 5440 1929 5505 praeceptum,
1988 5435 2056 5490 de

2195 5453 2266 5500 ιος
2285 5453 2299 5467 ·
2321 5437 2518 5489 Ἀκουε
2545 5435 2639 5487 καὶ
2664 5434 2765 5503 τῆς
2783 5432 2973 5502 ὀγδόης
2998 5430 3218 5502 ἐντολῆς
3240 5432 3368 5502 περὶ
3399 5432 3748 5502 ἐγκρατείας.

479 5521 835 5578 abstinentia.
875 5524 1066 5596 Cogita
1107 5526 1345 5596 duplicis
1374 5542 1497 5583 esse
1529 5527 1744 5598 generis
1773 5526 2053 5583 abstinen-

2195 5528 2371 5599 ίόησον
2409 5528 2490 5580 ὅτι
2539 5529 2572 5596 η
2603 5526 2900 5598 ἐγκράτεια
2928 5524 3090 5595 διπλῆ
3127 5525 3263 5578 ἐστι.
3296 5522 3417 5576 Ἐπί
3451 5540 3615 5578 τινων
3644 5523 3753 5596 γὰρ

2238 5683 2348 5751 (55)
2377 5680 2589 5737 Henna:
2617 5680 2935 5736 mandatum
2955 5678 3279 5750 septimum;
3303 5678 3561 5734 Antioch.
3603 5680 3749 5735 hom.

2168 5750 2356 5892 12ἷεξιῖ)
2389 5820 2598 5878 llcrmm
2633 5821 2874 5877 mandat.
2912 5822 2968 5877 8.
3004 5820 3261 5876 Antioch.
3294 5819 3442 5874 hom.
3484 5818 3568 5874 19.

550 5675 661 5743 (54)
694 5674 794 5731 Hic
821 5677 992 5731 multa
1028 5678 1354 5734 omittuntur
1381 5696 1501 5749 qua:
1530 5680 1782 5747 leguntur
1810 5680 1866 5749 in
1890 5679 1928 5734 l.
1960 5679 2061 5733 Pa-
2081 5686 2108 5707 ‘

477 5750 658 5817 storis,
683 5756 736 5800 et
762 5763 882 5812 quae
913 5763 1036 5800 mox
1061 5748 1656 5817 εειιιιιιιιιιιτίδύοεξσὶν
1697 5748 1934 5817 ἄγγελοι,
1973 5750 2061 5806 ha-

479 5813 677 5871 bentur
704 5818 843 5887 apud
881 5813 1229 5873 Antiochtitn.
