4066 6388
253 355 360 414 565

1285 360 1629 420 DOCTRINA
1671 366 1762 421 AD
1801 365 2208 424 ANTIOCHUM
2243 367 2497 426 DUCEM.

3406 368 3508 426 566

258 479 335 532 δεῖ
365 495 426 532 σε
457 480 914 552 ἐγκρατεύεσθαι,
949 481 1040 535 ἐπί
1071 498 1233 538 τινων
1269 483 1327 537 δὲ
1357 485 1418 537 οὑ
1447 485 1542 545 δεῖ.
1575 487 1842 560 “=qu-

1969 489 2096 544 iam.
2137 489 2184 544 Λ
2211 489 2536 562 quibusdam
2580 489 2724 546 enim
2771 489 3064 554 abstinere,
3115 503 3146 544 a
3181 485 3510 560 quibusdam

268 572 358 643 ρδν
411 572 854 645 ἐγκρατεύεσθαι
900 573 994 626 καὶ
1027 574 1102 645 μὴ
1140 577 1312 627 ποιεῖν
1343 575 1458 647 (57)
1501 577 1658 631 αὑτό’
1698 578 1846 633 τὸ·δέ

268 663 469 731 ἀγαθὸν
505 664 586 735 μὴ
640 663 996 735 ἐγκρατεύου,
1027 665 1162 720 ἀλλὰ
1199 667 1338 724 ποίει
1371 668 1518 722 αὑτό.
1549 669 1744 722 ¹Ἀκουε
1790 669 1847 723 δὲ

267 756 645 826 λεπομερῶς.
663 758 825 826 Λέγει
847 757 992 830 αὑτῷ
1010 759 1039 810 6
1055 759 1321 830 Ἀντίοχος
1341 776 1354 790 ’
1381 760 1507 825 Ναὶ,
1523 761 1713 832 δέομαί
1731 779 1844 826 σου,

270 849 443 902 πάντα
471 848 823 920 μοινλεπτομε
833 849 940 921 ρῶς
964 849 1202 920 δήλωσον
1217 867 1232 880 ⁸
1258 851 1339 903 ὅτι
1363 850 1617 911 οὐδέποτε
1641 853 1848 924 ἥκουσα

267 939 506 993 τοιοῦτον
541 939 701 1008 λόγον
736 941 1008 1012 σωτηρίας
1040 941 1435 1005 καθοπλίζοντα
1459 942 1550 996 τὸν
1565 943 1848 1017 ἄνθρωπον

271 1030 407 1084 κατά
437 1030 624 1101 πάσης
647 1030 898 1101 μηχανῆς
920 1030 1012 1084 τοῦ
1029 1031 1296 1087 διαϐόλου.
1314 1032 1412 1090 Διὰ
1438 1032 1850 1104 τοῦτο-ἐποίησα

273 1125 362 1177 καὶ
384 1122 476 1176 τὸν
509 1123 760 1195 νοτάριόν
786 1139 884 1194 μου
915 1124 1092 1177 πᾶσαν
1121 1126 1219 1197 τὴν
1251 1125 1455 1190 ἔνδοξον
1477 1126 1572 1178 καὶ
1598 1126 1850 1197 ἐνάρετον

273 1215 468 1287 ταύτην
496 1215 724 1286 διδαχὴν
753 1214 980 1286 γράψαι.
1013 1217 1174 1285 Λέγει
1198 1219 1226 1270 6
1249 1217 1576 1280 ἐπίσκοποςο
1617 1217 1852 1288 Ἐγκρα-

275 1307 424 1361 τεύου
451 1307 562 1360 ἀπὸ
603 1308 788 1378 πάσης
839 1307 1121 1380 πονηρίας,
1171 1307 1278 1362 ἀπὸ
1318 1307 1684 1379 μεθύσματος,
1731 1311 1853 1362 ἀνο-

280 1398 426 1468 μίας,
454 1398 563 1450 ἀπὸ
600 1399 814 1469 τρυφῆς
848 1399 1109 1469 πονηρᾶς,
1160 1398 1268 1451 ἀπὺ
1305 1398 1612 1468 ἐδεσμάτων
1643 1399 1852 1452 πολλῶν

278 1489 370 1542 καὶ
399 1486 734 1551 πολυτελῶν,
763 1486 1016 1551 πλούτου,
1041 1487 1378 1559 καυχήσεως,
1409 1487 1854 1561 ὑψηλοφροσύνης

278 1582 374 1634 καὶ
414 1579 798 1651 ὑπερηφανίας
835 1581 930 1633 καὶ
964 1579 1188 1650 ψεύδους
1228 1580 1339 1634 καὶο
1371 1581 1703 1645 καταλαλιᾶς
1759 1583 1854 1636 καὶ

281 1673 617 1743 ὑποκρίσεως
667 1672 765 1726 καὶ
813 1672 1176 1744 μνησικακίας
1233 1674 1332 1727 καὶ
1367 1677 1548 1746 πάσης
1612 1675 1852 1746 βλασφη-

284 1767 408 1836 μίας
432 1766 565 1836 (58).
602 1765 796 1819 Ταῦτα
825 1764 894 1818 τὰ
920 1765 1055 1837 ἔργα
1101 1764 1316 1837 πονηρά
1355 1767 1472 1818 ἐστι
1509 1769 1574 1838 τῇ
1601 1765 1712 1838 ζωῇ
1744 1767 1854 1822 τῶν

282 1857 604 1930 ἀνθρώπων.
628 1856 852 1911 Τούτων
876 1852 966 1910 οὖν
994 1856 1104 1910 τῶν
1129 1857 1302 1928 ἔργων
1329 1858 1409 1910 δεῖ
1428 1837 1853 1930 ἐγκρατεύεσθαι
1885 1837 1930 1891 Β

280 1952 366 2004 τὸν
401 1950 584 2003 δοῦλον
600 1949 696 2002 τοῦ
726 1948 884 2004 Θεοῦ.
915 1949 972 2002 '0
997 1948 1103 2020 γὰρ
1135 1948 1210 2020 μὴ
1235 1949 1696 2019 ἐγκρατευόμενος
1727 1950 1853 2002 τού-

281 2060 383 2096 των
407 2043 468 2096 οὑ
490 2041 710 2094 δύναται
745 2039 906 2111 ζῆσαι
937 2040 1015 2112 τῷ
1034 2040 1173 2111 Θεῷ.
1203 2042 1398 2093 ’Ἄκουε
1433 2041 1490 2094 δὲ
1520 2042 1614 2093 καὶ
1635 2041 1704 2094 τὰ
1723 2042 1853 2094 ἀκό-

281 2131 444 2188 λουθα
466 2131 692 2184 τούτων.
714 2130 876 2199 Λέγει
901 2130 930 2181 6
953 2129 1075 2196 δοὺξ
1108 2130 1374 2200 Ἀντίοχος
1393 2146 1408 2160 ⁸
1442 2131 1562 2184 Ἔτι
1585 2130 1693 2202 γάρ
1713 2168 1728 2194 ,
1759 2131 1856 2184 κύ-

285 2242 382 2296 ριε,
408 2224 618 2295 πονηρά
644 2225 786 2276 εἰσιν
811 2222 946 2293 ἔργα
964 2239 979 2288 ;
1000 2222 1161 2290 Λέγει
1180 2221 1327 2293 αὑτῷ
1350 2224 1378 2276 6
1405 2221 1725 2286 ἐπίσκοποςο
1747 2225 1858 2278 Καὶ

284 2316 450 2370 πολλά
495 2318 631 2368 εἰσιν
661 2315 759 2384 ἀφ’
797 2307 871 2367 ὧν
903 2313 984 2366 δεῖ
1024 2314 1114 2366 τὸν
1139 2313 1322 2367 δοῦλον
1358 2313 1452 2367 τοῦ
1489 2313 1622 2368 Θεοῦ
1653 2317 1857 2388 ἐγκρα-

284 2405 550 2468 τεύεσθαι,
592 2405 792 2475 κλοπὴ,
824 2404 1032 2474 ψεῦδος,
1062 2404 1445 2476 ἀποστίρησις,
1477 2404 1856 2480 ψευδομαρτυ-

290 2498 394 2567 ρία,
429 2496 734 2562 πλεονεξία,
767 2495 1052 2560 ἀλαζονεία
1095 2498 1190 2550 κα)⁹
1220 2498 1320 2552 ὅσα
1349 2498 1560 2563 τούτοις
1583 2500 1764 2570 ὅμοια.
1795 2502 1859 2554 Et

287 2591 342 2642 οὐ
361 2591 507 2644 δοκεῖ
525 2608 605 2643 σοι
627 2588 843 2660 πονηρὰ
864 2584 1004 2642 εἶναι
1027 2589 1198 2642 ταῦτα
1219 2606 1234 2656 ;
1253 2591 1552 2663 Ἀπεκρίθη
1568 2608 1583 2622 ο
1607 2593 1717 2646 Καὶ
1740 2592 1859 2646 λίαν

289 2682 497 2755 πονηρά
524 2685 640 2745 τοῖς
676 2681 885 2744 δούλοις
915 2680 1009 2733 τοῦ
1038 2679 1192 2733 Θεοῦ.
1221 2681 1382 2749 Λέγει
1411 2681 1564 2752 αὑτῷ
1587 2684 1616 2736 6
1643 2682 1863 2736 ἐπίσκο-

289 2790 410 2836 πος·
457 2771 853 2844 Ἐγκρατεῦσαι
881 2767 974 2825 οὖν
1002 2771 1108 2825 ἀπὺ
1133 2772 1345 2827 πάντων
1383 2772 1610 2840 τούτων,
1651 2775 1738 2828 ἵνα
1763 2773 1862 2846 ζή-

289 2881 383 2940 σῃς
411 2865 490 2937 τῷ
520 2866 640 2936 Θεῷ
673 2867 773 2918 καὶ
797 2867 1118 2939 ἐγγραφήσῃ
1147 2865 1284 2935 μετά
1311 2863 1420 2918 τῶν
1460 2867 1864 2938 ἐγκρατευομέ-

287 2973 408 3008 νων.
437 2960 502 3008 Ἀ
527 2957 624 3026 μὲν
645 2952 742 3009 οὖν
773 2957 855 3009 δεῖ
883 2955 1330 3029 ἐγκρατεύεσθαι,
1353 2955 1525 3009 ταῦτά
1547 2957 1693 3011 ἐστιν
1713 2973 1726 2988 ’
1750 2956 1787 3011 ἃ
1807 2955 1864 3008 δὲ

287 3048 363 3100 δεῖ
390 3065 448 3100 σε
473 3048 546 3120 μὴ
572 3047 1024 3120 ἐγκρατεύεσθαι,
1041 3047 1175 3102 ἀλλὰ
1195 3051 1389 3113 ποιεῖν,
1415 3046 1577 3101 ἄκουε
1597 3064 1612 3078 ·
1639 3047 1864 3102 Πάντων

289 3141 498 3212 πρῶτον
540 3143 749 3204 πίστις,
787 3141 948 3210 φόϐος
979 3142 1204 3213 Κυρίου,
1244 3141 1485 3212 ὁμόνοια,
1526 3141 1735 3212 ἀγάπη,
1771 3142 1866 3213 ρή-
1891 3180 1933 3238 c

292 3249 434 3301 ματα
455 3232 831 3300 δικαιοσύνης,
855 3232 1100 3303 ἀλήθεια,
1119 3232 1385 3302 ὑπομονή.
1404 3231 1621 3285 Τούτων
1649 3229 1864 3300 ἀγαθώ-

290 3339 438 3392 τερον
467 3323 620 3376 οὐδέν
650 3325 803 3376 ἐστιν
833 3325 890 3376 ἐν
922 3325 987 3394 τῇ
1021 3322 1133 3394 ζωῇ
1178 3323 1284 3377 τῶν
1316 3322 1636 3396 ἀνθρώπων.
1681 3321 1865 3375 Ταῦτα

291 3415 378 3468 ἐὰν
395 3433 480 3478 τις
502 3416 757 3486 φυλάσσῃ
785 3416 877 3468 καὶ
891 3415 966 3486 μὴ
994 3414 1392 3486 ἐγκρατεύηται
1416 3414 1525 3485 (59)
1547 3416 1642 3468 ἀπ’
1667 3414 1864 3478 αὑτῶν,

297 3507 561 3578 μακάριός
595 3511 747 3561 ἐστιν
779 3510 838 3561 ἐν
869 3510 936 3578 τῇ
979 3505 1089 3579 ζωῇ
1130 3507 1315 3562 αὑτοῦ.
1368 3503 1504 3562 Εἶτα
1543 3509 1748 3561 τούτων
1798 3507 1868 3560 τὰ

294 3599 555 3653 ἀκόλουθα
577 3599 745 3652 ἄκουε
765 3615 779 3628 ⁸
804 3600 976 3670 χήρας
996 3599 1286 3670 ὑπηρετεῖν
1306 3601 1399 3652 καὶ
1420 3600 1686 3671 ὀρφανοὺς
1715 3601 1870 3652 ὑστε-

297 3693 586 3762 ρουμένους
632 3689 1081 3754 ἐπισκέπτεσθαι,
1111 3691 1170 3757 ἐξ
1205 3691 1451 3761 ἀνάγκης
1492 3688 1868 3761 λυτρώσασθαι

293 3784 410 3845 τοὺς
441 3782 666 3845 δούλους
687 3781 784 3834 τοῦ
812 3780 968 3843 Θεοῦ,
1001 3780 1270 3850 φιλόξενον
1293 3778 1430 3834 εἶναι
1458 3782 1536 3851 (ὲν
1558 3781 1664 3850 γὰρ
1687 3783 1751 3851 τῇ
1784 3799 1871 3850 φι-

292 3873 498 3945 λοξενίᾳ.
531 3875 852 3946 εὑρίσκεται
886 3872 1319 3944 ἀγαθοποίησις),
1349 3873 1570 3944 ἡσύχιον
1595 3869 1754 3939 εἶναι,
1785 3873 1871 3924 ὲν-

289 3965 571 4036 δεέστερον
613 3965 892 4034 γενέσθαι,
924 3964 1100 4018 πάντα
1125 3965 1408 4036 ἄνθρωπον
1440 3963 1752 4036 πρεσϐύτην
1780 3963 1871 4016 σέ-

291 4056 501 4121 ϐεσθαι,
542 4059 734 4110 ἀσκεῖν
777 4056 1140 4128 δικαιοσύνην,
1185 4057 1520 4127 ἀδελφότητα
1569 4058 1871 4126 συντηρεῖν,

291 4148 447 4220 ὕϐριν
481 4150 802 4221 ὑποφέρειν,
869 4149 1218 4220 μακρόθυμον
1258 4145 1427 4214 εἶναι,
1479 4148 1871 4219 ἀμνησίκακον,

290 4241 605 4311 κάμνοντας
653 4244 721 4312 τῇ
757 4241 901 4312 ψυχῇ
957 4241 1312 4311 παρακαλεῖν,
1359 4239 1874 4310 ἐσκανδαλισμένους

288 4333 403 4385 ἀπὸ
430 4335 531 4404 τῆς
564 4333 806 4394 πίστεως
845 4331 917 4403 μὴ
967 4332 1355 4396 ἁποϐαλέσθαι,
1389 4332 1502 4386 ἀλλ’
1528 4331 1875 4402 ἐπιστρέφειν

287 4425 391 4478 καὶ
413 4425 688 4496 εὑθύμους
722 4426 917 4487 ποιεῖν,
952 4425 1362 4495 ἁμαρτάνοντας
1385 4423 1671 4485 νουθετεῖν,
1699 4421 1871 4494 χρεὼ-

1947 597 2058 637 non
2105 582 2379 638 abstinere
2415 582 2687 641 convenit.
2723 581 2768 636 A
2807 581 2951 636 malo
2981 579 3361 638 abstinendum
3406 592 3510 634 nec

1947 673 2216 744 agendum
2260 673 2393 728 illud
2439 683 2543 739 est,
2591 689 2620 727 a
2664 673 2807 728 bono
2841 672 3064 728 minime
3104 669 3509 726 abstinendum.

1945 765 2092 820 Audi
2110 780 2272 836 porro
2296 765 2628 839 singulatim.
2652 763 2752 820 Cui
2782 763 3084 819 Antiochus
3117 779 3132 816 :
3161 760 3294 829 l'mo,
3315 775 3517 832 quaeso.

1946 866 2003 914 te
2041 858 2222 913 omnia
2267 857 2580 926 singulatim
2634 855 2910 927 expendas
2966 869 2980 907 :
3035 868 3315 925 nunquam
3363 853 3515 907 enim

1948 959 2057 1003 tam
2103 949 2405 1004 salutarem
2464 946 2647 1001 audivi
2707 961 3038 1010 sermonem,
3093 943 3185 1014 qui
3238 942 3516 999 hominem

1949 1039 2118 1094 armis
2159 1038 2384 1093 instruit
2424 1037 2686 1092 adversus
2719 1037 2972 1107 quazlibet
3008 1035 3208 1091 diaboli
3233 1034 3496 1090 machina-

1948 1139 2151 1186 menta.
2190 1128 2532 1200 Quapropter
2566 1129 2705 1198 iussi
2746 1127 3018 1183 notarium
3059 1143 3239 1182 meum
3285 1126 3514 1197 przeclao

1950 1237 2065 1276 ram
2091 1230 2146 1277 et
2173 1222 2390 1277 virtutis
2423 1222 2736 1292 magistram
2763 1221 2905 1275 hanc
2931 1221 3237 1276 doctrinam
3263 1217 3514 1275 conscri-

1949 1316 2098 1371 bere.
2151 1315 2241 1368 Ait
2289 1314 2576 1384 episcopus
2632 1332 2645 1367 :
2691 1312 2918 1368 Abstine
2970 1312 3040 1368 ab
3081 1312 3226 1368 omni
3273 1310 3512 1375 malitia,

1950 1407 2250 1470 ebrietate,
2293 1406 2612 1476 iniquitate,
2670 1420 2838 1474 prava
2888 1405 3196 1475 voluptate,
3253 1418 3285 1458 a
3331 1403 3518 1459 multis

1952 1497 2228 1568 lautiaque
2275 1497 2436 1561 cibis,
2494 1511 2526 1549 a
2563 1496 2790 1560 divitiis,
2835 1511 2867 1550 a
2910 1495 3200 1566 iactantia,
3242 1495 3520 1566 superbia,

1953 1589 2298 1664 arrogantia,
2362 1586 2688 1651 mendacio,
2736 1587 3171 1653 obtrectatione,
3220 1585 3521 1657 hypocrisi,

1953 1681 2277 1751 iniuriarum
2320 1679 2729 1741 recordatione,
2774 1678 2930 1736 etab
2967 1679 3116 1735 omni
3161 1676 3522 1747 blasphemia.

1954 1771 2079 1827 Haec
2121 1771 2261 1826 facta
2313 1771 2434 1825 vita:
2477 1770 2758 1824 hominum
2799 1768 3153 1835 malasunt;
3191 1767 3259 1822 ab
3299 1765 3391 1822 his.
3432 1764 3526 1820 Dei

1958 1877 2173 1918 servum
2221 1861 2494 1916 abstinere
2532 1868 2748 1931 oportet
2776 1879 2796 1916 :-
2820 1875 2948 1914 nam
2983 1859 3078 1930 qui
3117 1859 3185 1914 ab
3216 1855 3531 1917 istiusmodi

1957 1967 2066 2006 non
2112 1952 2516 2022 temperaverit,
2567 1965 2677 2004 non
2727 1959 2908 2020 potest
2955 1951 3138 2006 vivere
3195 1949 3356 2010 Deo,
3390 1948 3532 2003 Audi

1957 2044 2119 2099 etiam
2164 2057 2286 2112 quae
2347 2051 2778 2111 consequuntur.
2835 2040 3072 2096 Plurane
3127 2048 3260 2096 sunt
3317 2038 3529 2104 adhuc,

1957 2135 2199 2199 domine,
2222 2135 2304 2188 ait
2326 2133 2436 2189 dux
2461 2133 2786 2197 Antiochus,
2812 2133 2956 2187 mala
2977 2147 3142 2204 opera
3157 2134 3184 2186 ’ἶ
3201 2132 3316 2186 Imo
3339 2132 3552 2196 multa,.

1957 2225 2173 2296 reponit
2211 2225 2526 2296 episcopus,
2562 2237 2592 2276 a
2619 2223 2818 2293 quibus
2851 2221 2946 2278 Dei
2991 2237 3208 2277 servum
3256 2219 3540 2277 abstinere.

1957 2325 2219 2386 oportet;
2285 2315 2514 2380 furtum,
2560 2314 2929 2378 mendacium,
2981 2311 3274 2378 fraudatio,
3333 2311 3539 2366 falsum.

1958 2409 2362 2473 testimonium,
2413 2406 2673 2470 avaritia,
2717 2405 3060 2476 arrogantia,
3103 2413 3157 2460 et
3193 2419 3535 2476 quaecunque

1959 2501 2047 2555 his
2085 2499 2304 2555 similia.
2340 2499 2424 2553 An
2462 2514 2573 2553 non
2615 2497 2710 2553 tibi
2752 2498 2866 2552 haec
2901 2497 3043 2551 mala
3074 2497 3330 2552 videntur
3371 2496 3536 2551 esse?

1958 2590 2072 2646 lmo
2130 2589 2419 2644 admodum
2477 2588 2661 2652 mala,
2717 2588 2965 2657 reponit,
3016 2585 3112 2641 Dei
3181 2587 3376 2642 servis.
3442 2587 3534 2639 Ait

1963 2683 2041 2738 illi
2090 2682 2379 2752 episc0pus
2423 2699 2437 2735 :
2469 2679 2697 2736 Abstine
2741 2679 2910 2752 igitur
2940 2678 3008 2733 ab
3048 2678 3133 2733 his
3168 2679 3444 2741 omnibus,
3474 2685 3536 2730 ut

1961 2773 2112 2828 vivas
2136 2771 2267 2836 Deo,
2293 2781 2348 2826 et
2377 2772 2430 2826 in
2455 2771 2638 2825 album
2661 2768 2905 2826 eﬂ'eraris
2931 2783 3054 2823 cum
3083 2768 3532 2838 temperantibus.

1963 2863 2090 2919 Haec
2131 2864 2314 2934 itaque
2353 2873 2481 2918 sunt
2525 2877 2558 2916 a
2603 2861 2803 2932 quibus
2840 2868 3146 2929 temperare
3185 2865 3421 2928 oportet.
3459 2857 3536 2912 Ea

1965 2967 2147 3012 autem
2195 2971 2228 3010 a
2277 2955 2474 3026 quibus
2527 2969 2639 3009 non
2683 2960 3008 3023 temperare,
3066 2951 3160 3007 sed
3208 2965 3329 3021 quae
3358 2949 3538 3005 facere

1964 3057 2200 3120 oportet,
2235 3063 2355 3120 qua:
2396 3050 2509 3104 sint
2553 3046 2682 3102 audi
2723 3065 2737 3101 :
2776 3045 3018 3104 Primum
3060 3045 3335 3108 omnium,
3379 3041 3534 3110 ﬁdes;

1963 3141 2093 3196 hinc
2120 3144 2284 3196 timor
2316 3139 2553 3206 Domini,
2583 3139 2898 3204 concordia,
2941 3123 3216 3201 charitas,
3246 3134 3410 3191 verba
3445 3135 3539 3204 ju-

1966 3233 2149 3300 stitiae,
2179 3233 2404 3298 veritas,
2440 3232 2727 3304 patientia.
2769 3230 2869 3288 His
2896 3230 3033 3286 nihil
3074 3228 3440 3300 praestabilius
3480 3228 3538 3282 in

1966 3327 2253 3383 hominum
2286 3327 2421 3382 vita.
2463 3325 2589 3382 Haec
2625 3327 2674 3383 si
2702 3324 2828 3397 quis
2863 3322 3180 3389 servaverit,
3210 3336 3312 3377 nec
3345 3321 3416 3375 ab
3451 3320 3540 3376 his

1966 3417 2308 3487 temperarit,
2343 3417 2538 3472 beatus
2575 3423 2660 3472 est
2703 3415 2760 3469 in
2799 3413 2912 3469 vita
2952 3427 3074 3468 sua.
3103 3411 3241 3466 Hinc
3285 3425 3405 3482 qua:
3449 3425 3539 3465 se-

1969 3517 2212 3580 quuntur
2241 3507 2452 3563 audias.
2474 3506 2667 3563 Viduis
2697 3505 2870 3562 ofﬁcia
2899 3503 3234 3576 impendere,
3265 3502 3540 3573 orphanos

1969 3609 2190 3674 egentes
2221 3616 2436 3667 curare,
2482 3614 2670 3656 servos
2719 3597 2816 3653 Dei
2855 3612 2922 3653 ex
2949 3595 3220 3667 angustiis
3249 3594 3537 3655 redimere,

1969 3692 2298 3763 hospitalem
2322 3705 2466 3755 esse,
2495 3691 2552 3744 in
2584 3688 2952 3760 hospitalitate
2987 3686 3186 3757 quippe
3217 3682 3540 3740 beneﬁcium

1970 3785 2243 3856 reperitur
2282 3803 2297 3839 :
2344 3782 2632 3853 pacificum
2676 3794 2821 3843 esse,
2866 3778 3131 3849 t‘rugalem
3180 3792 3322 3840 esse,
3355 3788 3539 3830 senem

1973 3876 2268 3948 quemlibet
2310 3873 2588 3930 hominem
2628 3870 2900 3936 venerari,
2945 3868 3216 3940 justitiam
3262 3880 3541 3928 exercere,

1972 3968 2367 4024 fraternitatem
2391 3979 2738 4030 conservare,
2761 3961 3144 4019 contumeliam
3170 3959 3332 4025 ferre,
3363 3972 3546 4028 aequa-

1971 4063 2185 4118 nimum
2243 4075 2407 4127 esse,
2459 4058 2784 4129 iniuriarum
2852 4057 3252 4116 immemorem,
3317 4049 3545 4105 aﬂlictos

1973 4151 2268 4220 consolari,
2310 4167 2406 4208 eos
2451 4150 2546 4221 qui
2596 4151 2742 4204 circa
2793 4148 2949 4203 ﬁdem
2994 4143 3346 4202 offensionem
3396 4141 3547 4212 passi

1975 4251 2104 4301 sunt
2130 4258 2240 4299 non
2272 4242 2594 4315 repudiare,
2627 4240 2722 4296 sed
2755 4240 3037 4304 reducere,
3075 4245 3130 4294 et
3179 4237 3325 4292 bono
3363 4233 3548 4289 animo

1975 4353 2100 4394 esse
2142 4353 2373 4400 curare,
2414 4342 2711 4407 peccantes
2749 4332 3062 4396 admonere,
3109 4330 3385 4386 debitores
3435 4342 3548 4383 non

1977 4434 2244 4491 atterere,
2295 4441 2496 4497 egenos
2549 4439 2659 4479 non
2701 4423 3060 4486 contristare,
3120 4427 3174 4475 et
3215 4420 3263 4476 si
3308 4433 3416 4489 qua
3463 4417 3550 4474 his

287 4535 430 4580 στας
459 4519 534 4590 μὴ
572 4516 798 4581 θλίϐειν,
846 4515 1042 4579 ἐνδεεῖς
1071 4517 1144 4587 μὴ
1177 4517 1364 4569 λυπεῖν
1415 4517 1508 4570 καὶ
1549 4518 1648 4570 ὅσα
1671 4516 1865 4578 τούτοις

1981 4518 2199 4572 similia.
2239 4516 2324 4570 An
2371 4516 2467 4572 tibi
2500 4515 2755 4570 videntur
2789 4513 2906 4569 ha'c
2932 4527 3054 4568 esse
3098 4509 3280 4567 bona?
3318 4507 3551 4578 Reponit

283 4611 455 4680 ὅμοιά
485 4614 625 4664 ἐστι.
653 4611 816 4662 Δοκεῖ
847 4626 927 4662 σοι
957 4609 1130 4662 ταῦτα
1154 4609 1336 4676 ἀγαθὰ
1373 4605 1544 4676 εἴναις
1585 4609 1879 4682 ’Δπεκρίοη

280 4703 312 4752 ὀ
345 4703 651 4774 Ἀντίοχοςο
687 4702 753 4754 Τί
786 4702 916 4772 γὰρ,
955 4701 1132 4772 κύριε,
1168 4701 1388 4760 δύναται
1431 4701 1632 4758 τούτων
1662 4700 1880 4769 ἀγαθώ-

280 4812 452 4866 τερον
484 4793 654 4862 εἷναι;
684 4794 850 4862 Λέγει
879 4792 1069 4864 αὑτῷὸ
1097 4794 1418 4856 ἐπίσκοποςο
1451 4791 1697 4861 Γύμναζε
1727 4809 1884 4844 σεαυσ-

278 4886 378 4939 τὸν
405 4887 470 4939 ἐν
503 4886 740 4950 τούτοις,
785 4886 880 4938 καὶ
927 4884 1001 4956 μὴ
1033 4883 1364 4955 ἐγκρατεύου
1393 4884 1630 4946 πάντων,
1667 4883 1764 4936 καὶ
1790 4883 1884 4953 ζή-

280 4995 408 5043 σεις
436 4978 517 5049 τῷ
543 4978 664 5049 Θεῷ
684 4980 768 5042 είς
801 4976 927 5042 τοὺς
949 4976 1169 5040 αἰῶνας.
1202 4977 1390 5048 Ἀμήν.

1983 4607 2286 4662 Antiochus
2320 4625 2333 4661 :
2370 4605 2534 4672 Quid,
2564 4619 2772 4675 quaeso,
2803 4602 3039 4668 domine,
3075 4600 3162 4656 his
3203 4599 3554 4671 praestantius

1984 4717 2108 4756 esse
2161 4699 2374 4767 possit?
2416 4697 2506 4752 Ait
2552 4697 2631 4751 illi
2681 4695 2974 4766 episcopus
3028 4712 3041 4747 :
3094 4690 3154 4746 In
3203 4691 3304 4746 his‘
3333 4697 3387 4744 te
3436 4689 3551 4757 ipse

1984 4806 2264 4856 exerceas,
2310 4803 2487 4857 neque
2534 4787 2602 4842 ab
2643 4785 2898 4841 omnibus
2942 4791 3261 4853 temperato,
3308 4788 3362 4835 et
3403 4779 3554 4834 vives

1984 4881 2094 4937 Deo
2119 4880 2174 4936 in
2202 4880 2421 4936 saecula.
2455 4879 2648 4933 Amen.

1225 5111 1442 5166 Nonum
1476 5112 1810 5173 mandatum,
1843 5107 2084 5164 dubietas
2111 5108 2278 5162 animi
2300 5104 2534 5160 vitanda.

349 5235 409 5288 9.
455 5232 569 5305 (60)
602 5231 713 5285 Καὶ
755 5230 1064 5300 εὐξαμένων
1099 5228 1273 5298 αὑτῶν
1294 5229 1529 5293 ἀναστὰς
1551 5230 1695 5298 λέγει
1723 5231 1749 5282 ὁ
1771 5227 1881 5280 ἐπί-

279 5342 532 5389 σκοπος·
575 5326 780 5376 Ἀκουε
842 5323 936 5374 καὶ
973 5321 1174 5390 ταύτην
1223 5318 1302 5372 ἔτι
1357 5319 1456 5390 τὴν
1497 5317 1875 5373 διδασκαλίαν·

284 5420 431 5474 πάνυ
469 5418 582 5488 γὰρ
617 5413 900 5485 ὠφέλιμός
926 5415 1092 5468 ἐστιν.
1123 5408 1293 5485 *Αρον
1324 5411 1431 5465 ἀπὸ
1458 5411 1550 5464 σοῦ
1593 5411 1692 5481 τὴν
1724 5409 1879 5480 διψυ-

352 5598 485 5670 (57)
532 5596 798 5670 Infinitivi
829 5599 986 5670 ἐγκρ.
1016 5604 1069 5650 et
1113 5597 1285 5648 ποιεῖν
1330 5590 1534 5647 nemini
1579 5590 1868 5646 oﬂ‘ensioni

276 5666 470 5729 erunt
482 5669 798 5722 conferenti
810 5710 820 5719 .
832 5666 1034 5721 Νυιτε.

350 5743 480 5810 (58)
523 5740 714 5806 [idem
734 5738 1083 5808 βλασφημίας
1097 5736 1420 5805 exprimitur
1437 5731 1577 5801 apud
1606 5730 1876 5791 Hermam,

272 5816 433 5883 {unm
460 5811 724 5877 pessima.

2054 5225 2108 5281 9.
2139 5225 2430 5294 Postquam
2455 5230 2634 5277 autem
2656 5228 2962 5285 oraverant,
2993 5230 3220 5287 surgens
3250 5213 3324 5268 ait
3340 5215 3553 5285 episco-
3604 5225 3627 5248 ί

1990 5330 2092 5387 pus
2135 5329 2149 5364 :
2206 5311 2358 5365 Hanc
2412 5312 2542 5365 item
2589 5308 2890 5363 doctrinam
2943 5305 3213 5368 ausculta,
3263 5304 3556 5360 admodum

1991 5407 2134 5463 enim
2193 5412 2277 5460 est
2331 5403 2500 5459 utilis.
2560 5400 2897 5456 Dubietatem
2947 5397 3113 5454 animi
3152 5396 3398 5463 climina,
3457 5412 3558 5456 seu

2019 5589 2163 5672 '(59)
2193 5588 2385 5660 Vulgo,
2419 5585 2673 5657 pessime,
2707 5580 2964 5653 φυλάσσει
3007 5593 3060 5637 et
3109 5577 3586 5652 éyxpatstiscOat.._

1989 5662 2418 5800 1“()(Ltiro'ii'Hermae
2447 5727 2686 5782 mandat.
2722 5724 2774 5781 9.
2811 5724 3061 5781 Antioch.
3089 5723 3232 5779 hom.
3261 5722 3347 5778 83.
