  <div class='ocr_page' id='page_1' title='image "/cluster/home/n/w/nwhite01/storage/ocr_20150623/28/hvd.32044019207737/289.png"; bbox 0 0 4088 6382; ppageno 0'>
   <div class='ocr_carea' id='block_1_1' title="bbox 522 310 631 373">
    <p class='ocr_par' dir='ltr' id='par_1_1' title="bbox 522 310 631 373">
     <span class='ocr_line' id='line_1_1' title="bbox 522 310 631 373; baseline -0.037 0"><span class='ocrx_word' id='word_1_1' title='bbox 522 310 631 373; x_wconf 72' lang='lat'><strong>567</strong></span> 
     </span>
    </p>
   </div>
   <div class='ocr_carea' id='block_1_2' title="bbox 1646 322 2616 386">
    <p class='ocr_par' dir='ltr' id='par_1_2' title="bbox 1646 322 2616 386">
     <span class='ocr_line' id='line_1_2' title="bbox 1646 322 2616 386; baseline 0.008 -9"><span class='ocrx_word' id='word_1_2' title='bbox 1646 323 1706 380; x_wconf 88' lang='lat' dir='ltr'><strong>S.</strong></span> <span class='ocrx_word' id='word_1_3' title='bbox 1744 322 2204 384; x_wconf 74' lang='lat' dir='ltr'><strong>ATHANASIUS.</strong></span> <span class='ocrx_word' id='word_1_4' title='bbox 2243 358 2315 369; x_wconf 88' lang='lat'>—</span> <span class='ocrx_word' id='word_1_5' title='bbox 2344 328 2616 386; x_wconf 80' lang='lat' dir='ltr'><strong>SPURIA.</strong></span> 
     </span>
    </p>
   </div>
   <div class='ocr_carea' id='block_1_3' title="bbox 3648 334 3757 393">
    <p class='ocr_par' dir='ltr' id='par_1_3' title="bbox 3648 334 3757 393">
     <span class='ocr_line' id='line_1_3' title="bbox 3648 334 3757 393; baseline 0 -2"><span class='ocrx_word' id='word_1_6' title='bbox 3648 334 3757 393; x_wconf 82' lang='lat'><strong>568</strong></span> 
     </span>
    </p>
   </div>
   <div class='ocr_carea' id='block_1_4' title="bbox 525 435 2121 529">
    <p class='ocr_par' dir='ltr' id='par_1_4' title="bbox 525 435 2121 512">
     <span class='ocr_line' id='line_1_4' title="bbox 525 435 2121 512; baseline 0.009 -23"><span class='ocrx_word' id='word_1_7' title='bbox 525 449 805 506; x_wconf 82' lang='lat' dir='ltr'><strong>nunquam</strong></span> <span class='ocrx_word' id='word_1_8' title='bbox 838 435 1054 494; x_wconf 69' lang='lat' dir='ltr'><strong>limsites</strong></span> <span class='ocrx_word' id='word_1_9' title='bbox 1082 438 1353 509; x_wconf 86' lang='lat' dir='ltr'><strong>quidpiam</strong></span> <span class='ocrx_word' id='word_1_10' title='bbox 1381 453 1412 493; x_wconf 89' lang='lat' dir='ltr'><strong>a</strong></span> <span class='ocrx_word' id='word_1_11' title='bbox 1442 437 1551 497; x_wconf 85' lang='lat' dir='ltr'><strong>Deo</strong></span> <span class='ocrx_word' id='word_1_12' title='bbox 1580 443 1876 512; x_wconf 90' lang='lat' dir='ltr'><strong>postulare,</strong></span> <span class='ocrx_word' id='word_1_13' title='bbox 1907 445 2095 503; x_wconf 86' lang='lat' dir='ltr'><strong>dicens</strong></span> <span class='ocrx_word' id='word_1_14' title='bbox 2120 504 2121 509; x_wconf 36' lang='grc' dir='ltr'><strong>η</strong></span> 
     </span>
    </p>
   </div>
   <div class='ocr_carea' id='block_1_5' title="bbox 2207 435 3756 529">
    <p class='ocr_par' dir='ltr' id='par_1_5' title="bbox 2207 447 3756 529">
     <span class='ocr_line' id='line_1_5' title="bbox 2207 447 3756 529; baseline 0.004 -24"><span class='ocrx_word' id='word_1_15' title='bbox 2207 447 2336 520; x_wconf 64' lang='grc' dir='ltr'>[ίαν,</span> <span class='ocrx_word' id='word_1_16' title='bbox 2361 451 2465 503; x_wconf 70' lang='grc' dir='ltr'><strong>καί</strong></span> <span class='ocrx_word' id='word_1_17' title='bbox 2494 451 2717 522; x_wconf 80' lang='grc' dir='ltr'>μηδενὸς</span> <span class='ocrx_word' id='word_1_18' title='bbox 2738 450 2875 514; x_wconf 80' lang='grc' dir='ltr'>ὅλως</span> <span class='ocrx_word' id='word_1_19' title='bbox 2915 450 3215 524; x_wconf 77' lang='grc' dir='ltr'>διψυχήσῃς</span> <span class='ocrx_word' id='word_1_20' title='bbox 3246 453 3570 526; x_wconf 85' lang='grc' dir='ltr'>αἰτήσασθαι</span> <span class='ocrx_word' id='word_1_21' title='bbox 3604 455 3756 529; x_wconf 81' lang='grc' dir='ltr'><strong>παρά</strong></span> 
     </span>
    </p>
   </div>
   <div class='ocr_carea' id='block_1_6' title="bbox 525 528 2090 611">
    <p class='ocr_par' dir='ltr' id='par_1_6' title="bbox 525 528 2090 611">
     <span class='ocr_line' id='line_1_6' title="bbox 525 528 2090 611; baseline 0.008 -27"><span class='ocrx_word' id='word_1_22' title='bbox 525 528 584 584; x_wconf 84' lang='lat' dir='ltr'><strong>in</strong></span> <span class='ocrx_word' id='word_1_23' title='bbox 629 531 916 602; x_wconf 83' lang='lat' dir='ltr'><strong>temetipso</strong></span> <span class='ocrx_word' id='word_1_24' title='bbox 963 551 976 588; x_wconf 90' lang='lat'><strong>:</strong></span> <span class='ocrx_word' id='word_1_25' title='bbox 1023 532 1163 600; x_wconf 80' lang='lat' dir='ltr'><strong>Quid</strong></span> <span class='ocrx_word' id='word_1_26' title='bbox 1210 548 1240 587; x_wconf 87' lang='lat' dir='ltr'><strong>a</strong></span> <span class='ocrx_word' id='word_1_27' title='bbox 1274 532 1504 590; x_wconf 89' lang='lat' dir='ltr'><strong>Domino</strong></span> <span class='ocrx_word' id='word_1_28' title='bbox 1545 538 1821 607; x_wconf 90' lang='lat' dir='ltr'><strong>postulare</strong></span> <span class='ocrx_word' id='word_1_29' title='bbox 1859 541 2090 611; x_wconf 88' lang='lat' dir='ltr'><strong>possim,</strong></span> 
     </span>
    </p>
   </div>
   <div class='ocr_carea' id='block_1_7' title="bbox 527 623 2095 696">
    <p class='ocr_par' dir='ltr' id='par_1_7' title="bbox 527 623 2095 696">
     <span class='ocr_line' id='line_1_7' title="bbox 527 623 2095 696; baseline 0.008 -20"><span class='ocrx_word' id='word_1_30' title='bbox 527 636 655 676; x_wconf 90' lang='lat' dir='ltr'><strong>cum</strong></span> <span class='ocrx_word' id='word_1_31' title='bbox 700 629 849 677; x_wconf 88' lang='lat' dir='ltr'><strong>tanta</strong></span> <span class='ocrx_word' id='word_1_32' title='bbox 887 623 1147 680; x_wconf 83' lang='lat' dir='ltr'><strong>adversus</strong></span> <span class='ocrx_word' id='word_1_33' title='bbox 1190 640 1315 680; x_wconf 89' lang='lat' dir='ltr'><strong>eum</strong></span> <span class='ocrx_word' id='word_1_34' title='bbox 1357 636 1578 696; x_wconf 87' lang='lat' dir='ltr'><strong>peccata</strong></span> <span class='ocrx_word' id='word_1_35' title='bbox 1624 630 1980 687; x_wconf 85' lang='lat' dir='ltr'><strong>admiserim?</strong></span> <span class='ocrx_word' id='word_1_36' title='bbox 2012 633 2095 690; x_wconf 88' lang='lat' dir='ltr'><strong>Ne</strong></span> 
     </span>
    </p>
   </div>
   <div class='ocr_carea' id='block_1_8' title="bbox 526 711 2092 781">
    <p class='ocr_par' dir='ltr' id='par_1_8' title="bbox 526 711 2092 781">
     <span class='ocr_line' id='line_1_8' title="bbox 526 711 2092 781; baseline 0.008 -15"><span class='ocrx_word' id='word_1_37' title='bbox 526 711 644 767; x_wconf 59' lang='lat' dir='ltr'><strong>haec</strong></span> <span class='ocrx_word' id='word_1_38' title='bbox 688 713 870 767; x_wconf 87' lang='lat' dir='ltr'><strong>animo</strong></span> <span class='ocrx_word' id='word_1_39' title='bbox 897 728 1084 770; x_wconf 84' lang='lat' dir='ltr'><strong>verses</strong></span> <span class='ocrx_word' id='word_1_40' title='bbox 1115 732 1130 781; x_wconf 90' lang='lat'><strong>;</strong></span> <span class='ocrx_word' id='word_1_41' title='bbox 1163 715 1259 771; x_wconf 90' lang='lat' dir='ltr'><strong>sed</strong></span> <span class='ocrx_word' id='word_1_42' title='bbox 1298 731 1363 771; x_wconf 83' lang='lat' dir='ltr'><strong>ex</strong></span> <span class='ocrx_word' id='word_1_43' title='bbox 1395 726 1506 773; x_wconf 87' lang='lat' dir='ltr'><strong>toto</strong></span> <span class='ocrx_word' id='word_1_44' title='bbox 1546 718 1713 774; x_wconf 90' lang='lat' dir='ltr'><strong>corde</strong></span> <span class='ocrx_word' id='word_1_45' title='bbox 1739 728 1833 776; x_wconf 81' lang='lat' dir='ltr'><strong>tuo</strong></span> <span class='ocrx_word' id='word_1_46' title='bbox 1862 737 2092 780; x_wconf 87' lang='lat' dir='ltr'><strong>conver-</strong></span> 
     </span>
    </p>
   </div>
   <div class='ocr_carea' id='block_1_9' title="bbox 527 803 2094 885">
    <p class='ocr_par' dir='ltr' id='par_1_9' title="bbox 527 803 2094 885">
     <span class='ocr_line' id='line_1_9' title="bbox 527 803 2094 885; baseline 0.009 -27"><span class='ocrx_word' id='word_1_47' title='bbox 527 809 643 858; x_wconf 87' lang='lat' dir='ltr'><strong>tere</strong></span> <span class='ocrx_word' id='word_1_48' title='bbox 671 804 736 858; x_wconf 88' lang='lat' dir='ltr'><strong>ad</strong></span> <span class='ocrx_word' id='word_1_49' title='bbox 774 803 1056 860; x_wconf 85' lang='lat' dir='ltr'><strong>Dominum</strong></span> <span class='ocrx_word' id='word_1_50' title='bbox 1083 846 1098 871; x_wconf 97' lang='lat'><strong>,</strong></span> <span class='ocrx_word' id='word_1_51' title='bbox 1141 814 1196 863; x_wconf 94' lang='lat' dir='ltr'><strong>et</strong></span> <span class='ocrx_word' id='word_1_52' title='bbox 1228 808 1437 881; x_wconf 87' lang='lat' dir='ltr'><strong>absque</strong></span> <span class='ocrx_word' id='word_1_53' title='bbox 1474 811 1584 865; x_wconf 90' lang='lat' dir='ltr'><strong>ulla</strong></span> <span class='ocrx_word' id='word_1_54' title='bbox 1619 811 1959 871; x_wconf 72' lang='lat' dir='ltr'><strong>haesitatione</strong></span> <span class='ocrx_word' id='word_1_55' title='bbox 1999 831 2094 885; x_wconf 92' lang='lat' dir='ltr'><strong>po-</strong></span> 
     </span>
    </p>
   </div>
   <div class='ocr_carea' id='block_1_10' title="bbox 528 894 2096 972">
    <p class='ocr_par' dir='ltr' id='par_1_10' title="bbox 528 894 2096 972">
     <span class='ocr_line' id='line_1_10' title="bbox 528 894 2096 972; baseline 0.007 -23"><span class='ocrx_word' id='word_1_56' title='bbox 528 894 669 949; x_wconf 88' lang='lat' dir='ltr'><strong>stula</strong></span> <span class='ocrx_word' id='word_1_57' title='bbox 700 894 768 949; x_wconf 85' lang='lat' dir='ltr'><strong>ab</strong></span> <span class='ocrx_word' id='word_1_58' title='bbox 820 896 934 961; x_wconf 92' lang='lat' dir='ltr'><strong>illo,</strong></span> <span class='ocrx_word' id='word_1_59' title='bbox 984 912 1356 969; x_wconf 76' lang='lat' dir='ltr'><strong>agnoscesque</strong></span> <span class='ocrx_word' id='word_1_60' title='bbox 1401 916 1668 957; x_wconf 79' lang='lat' dir='ltr'><strong>summam</strong></span> <span class='ocrx_word' id='word_1_61' title='bbox 1716 903 1837 972; x_wconf 82' lang='lat' dir='ltr'><strong>ejus</strong></span> <span class='ocrx_word' id='word_1_62' title='bbox 1884 905 2096 960; x_wconf 76' lang='lat' dir='ltr'><strong>miseri~</strong></span> 
     </span>
    </p>
   </div>
   <div class='ocr_carea' id='block_1_11' title="bbox 526 982 2095 1061">
    <p class='ocr_par' dir='ltr' id='par_1_11' title="bbox 526 982 2095 1061">
     <span class='ocr_line' id='line_1_11' title="bbox 526 982 2095 1061; baseline 0.01 -27"><span class='ocrx_word' id='word_1_63' title='bbox 526 982 767 1035; x_wconf 91' lang='lat' dir='ltr'><strong>cordiam</strong></span> <span class='ocrx_word' id='word_1_64' title='bbox 792 1000 807 1050; x_wconf 92' lang='lat'>;</span> <span class='ocrx_word' id='word_1_65' title='bbox 829 985 952 1053; x_wconf 86' lang='lat' dir='ltr'><strong>quia</strong></span> <span class='ocrx_word' id='word_1_66' title='bbox 978 992 1031 1040; x_wconf 93' lang='lat' dir='ltr'><strong>te</strong></span> <span class='ocrx_word' id='word_1_67' title='bbox 1055 1001 1162 1040; x_wconf 92' lang='lat' dir='ltr'><strong>non</strong></span> <span class='ocrx_word' id='word_1_68' title='bbox 1185 986 1419 1046; x_wconf 82' lang='lat' dir='ltr'><strong>deseret.</strong></span> <span class='ocrx_word' id='word_1_69' title='bbox 1444 989 1540 1045; x_wconf 89' lang='lat' dir='ltr'><strong>sed</strong></span> <span class='ocrx_word' id='word_1_70' title='bbox 1562 991 1877 1061; x_wconf 74' lang='lat' dir='ltr'><strong>petitionem</strong></span> <span class='ocrx_word' id='word_1_71' title='bbox 1900 994 2095 1050; x_wconf 78' lang='lat' dir='ltr'><strong>anima:</strong></span> 
     </span>
    </p>
   </div>
   <div class='ocr_carea' id='block_1_12' title="bbox 523 1075 2094 1151">
    <p class='ocr_par' dir='ltr' id='par_1_12' title="bbox 523 1075 2094 1151">
     <span class='ocr_line' id='line_1_12' title="bbox 523 1075 2094 1151; baseline 0.01 -25"><span class='ocrx_word' id='word_1_72' title='bbox 523 1081 633 1127; x_wconf 72' lang='lat' dir='ltr'><strong>tua:</strong></span> <span class='ocrx_word' id='word_1_73' title='bbox 664 1075 973 1145; x_wconf 81' lang='lat' dir='ltr'><strong>complebit.</strong></span> <span class='ocrx_word' id='word_1_74' title='bbox 1005 1075 1190 1147; x_wconf 88' lang='lat' dir='ltr'><strong>Neque</strong></span> <span class='ocrx_word' id='word_1_75' title='bbox 1227 1078 1373 1134; x_wconf 91' lang='lat' dir='ltr'><strong>enim</strong></span> <span class='ocrx_word' id='word_1_76' title='bbox 1408 1080 1552 1137; x_wconf 88' lang='lat' dir='ltr'><strong>Deus</strong></span> <span class='ocrx_word' id='word_1_77' title='bbox 1579 1090 1686 1149; x_wconf 91' lang='lat' dir='ltr'><strong>est,</strong></span> <span class='ocrx_word' id='word_1_78' title='bbox 1730 1090 1791 1139; x_wconf 90' lang='lat' dir='ltr'><strong>ut</strong></span> <span class='ocrx_word' id='word_1_79' title='bbox 1823 1084 2094 1151; x_wconf 86' lang='lat' dir='ltr'><strong>homines,</strong></span> 
     </span>
    </p>
   </div>
   <div class='ocr_carea' id='block_1_13' title="bbox 526 1164 2093 1246">
    <p class='ocr_par' dir='ltr' id='par_1_13' title="bbox 526 1164 2093 1246">
     <span class='ocr_line' id='line_1_13' title="bbox 526 1164 2093 1246; baseline 0.008 -27"><span class='ocrx_word' id='word_1_80' title='bbox 526 1164 853 1234; x_wconf 90' lang='lat' dir='ltr'><strong>injuriarum</strong></span> <span class='ocrx_word' id='word_1_81' title='bbox 904 1182 1197 1234; x_wconf 81' lang='lat' dir='ltr'><strong>memores,</strong></span> <span class='ocrx_word' id='word_1_82' title='bbox 1261 1170 1358 1226; x_wconf 90' lang='lat' dir='ltr'><strong>sed</strong></span> <span class='ocrx_word' id='word_1_83' title='bbox 1414 1171 1699 1230; x_wconf 91' lang='lat' dir='ltr'><strong>immemor</strong></span> <span class='ocrx_word' id='word_1_84' title='bbox 1751 1175 2093 1246; x_wconf 83' lang='lat' dir='ltr'><strong>delictorum,</strong></span> 
     </span>
    </p>
   </div>
   <div class='ocr_carea' id='block_1_14' title="bbox 524 1254 2095 1337">
    <p class='ocr_par' dir='ltr' id='par_1_14' title="bbox 524 1254 2095 1337">
     <span class='ocr_line' id='line_1_14' title="bbox 524 1254 2095 1337; baseline 0.01 -27"><span class='ocrx_word' id='word_1_85' title='bbox 524 1254 799 1326; x_wconf 82' lang='lat' dir='ltr'><strong>Opiﬁcium</strong></span> <span class='ocrx_word' id='word_1_86' title='bbox 844 1258 1133 1313; x_wconf 83' lang='lat' dir='ltr'><strong>miseratur</strong></span> <span class='ocrx_word' id='word_1_87' title='bbox 1173 1276 1357 1315; x_wconf 90' lang='lat' dir='ltr'><strong>suum.</strong></span> <span class='ocrx_word' id='word_1_88' title='bbox 1392 1262 1572 1336; x_wconf 80' lang='lat' dir='ltr'><strong>Purga</strong></span> <span class='ocrx_word' id='word_1_89' title='bbox 1607 1266 1793 1337; x_wconf 89' lang='lat' dir='ltr'><strong>itaque</strong></span> <span class='ocrx_word' id='word_1_90' title='bbox 1815 1284 1913 1324; x_wconf 90' lang='lat' dir='ltr'><strong>cor</strong></span> <span class='ocrx_word' id='word_1_91' title='bbox 1940 1276 2095 1326; x_wconf 90' lang='lat' dir='ltr'><strong>tuum</strong></span> 
     </span>
    </p>
   </div>
   <div class='ocr_carea' id='block_1_15' title="bbox 525 1348 2097 1433">
    <p class='ocr_par' dir='ltr' id='par_1_15' title="bbox 525 1348 2097 1433">
     <span class='ocr_line' id='line_1_15' title="bbox 525 1348 2097 1433; baseline 0.01 -33"><span class='ocrx_word' id='word_1_92' title='bbox 525 1362 555 1400; x_wconf 91' lang='lat' dir='ltr'><strong>a</strong></span> <span class='ocrx_word' id='word_1_93' title='bbox 585 1348 743 1402; x_wconf 87' lang='lat' dir='ltr'><strong>vanis</strong></span> <span class='ocrx_word' id='word_1_94' title='bbox 763 1359 767 1363; x_wconf 77' lang='lat'>‘</span> <span class='ocrx_word' id='word_1_95' title='bbox 790 1350 1045 1406; x_wconf 88' lang='lat' dir='ltr'><strong>omnibus</strong></span> <span class='ocrx_word' id='word_1_96' title='bbox 1066 1352 1332 1423; x_wconf 87' lang='lat' dir='ltr'><strong>ejusmodi</strong></span> <span class='ocrx_word' id='word_1_97' title='bbox 1357 1355 1573 1421; x_wconf 85' lang='lat' dir='ltr'><strong>verbis,</strong></span> <span class='ocrx_word' id='word_1_98' title='bbox 1604 1373 1815 1414; x_wconf 88' lang='lat' dir='ltr'><strong>necnon</strong></span> <span class='ocrx_word' id='word_1_99' title='bbox 1845 1376 1875 1415; x_wconf 90' lang='lat' dir='ltr'><strong>a</strong></span> <span class='ocrx_word' id='word_1_100' title='bbox 1904 1377 2097 1433; x_wconf 86' lang='lat' dir='ltr'><strong>supra-</strong></span> 
     </span>
    </p>
   </div>
   <div class='ocr_carea' id='block_1_16' title="bbox 525 1441 2098 1521">
    <p class='ocr_par' dir='ltr' id='par_1_16' title="bbox 525 1441 2098 1521">
     <span class='ocr_line' id='line_1_16' title="bbox 525 1441 2098 1521; baseline 0.01 -27"><span class='ocrx_word' id='word_1_101' title='bbox 525 1441 690 1496; x_wconf 86' lang='lat' dir='ltr'><strong>dictis</strong></span> <span class='ocrx_word' id='word_1_102' title='bbox 727 1461 742 1498; x_wconf 88' lang='lat'>:</span> <span class='ocrx_word' id='word_1_103' title='bbox 779 1448 834 1497; x_wconf 88' lang='lat' dir='ltr'><strong>et</strong></span> <span class='ocrx_word' id='word_1_104' title='bbox 880 1445 1097 1514; x_wconf 88' lang='lat' dir='ltr'><strong>postula</strong></span> <span class='ocrx_word' id='word_1_105' title='bbox 1136 1460 1168 1499; x_wconf 94' lang='lat' dir='ltr'><strong>a</strong></span> <span class='ocrx_word' id='word_1_106' title='bbox 1197 1443 1449 1514; x_wconf 88' lang='lat' dir='ltr'><strong>Domino,</strong></span> <span class='ocrx_word' id='word_1_107' title='bbox 1481 1449 1826 1521; x_wconf 87' lang='lat' dir='ltr'><strong>accipiesque</strong></span> <span class='ocrx_word' id='word_1_108' title='bbox 1857 1470 1872 1518; x_wconf 92' lang='lat'><strong>;</strong></span> <span class='ocrx_word' id='word_1_109' title='bbox 1913 1454 2098 1509; x_wconf 88' lang='lat' dir='ltr'><strong>omnia</strong></span> 
     </span>
    </p>
   </div>
   <div class='ocr_carea' id='block_1_17' title="bbox 526 1533 2098 1606">
    <p class='ocr_par' dir='ltr' id='par_1_17' title="bbox 526 1533 2098 1606">
     <span class='ocr_line' id='line_1_17' title="bbox 526 1533 2098 1606; baseline 0.009 -19"><span class='ocrx_word' id='word_1_110' title='bbox 526 1534 801 1605; x_wconf 88' lang='lat' dir='ltr'><strong>postulata</strong></span> <span class='ocrx_word' id='word_1_111' title='bbox 861 1533 1199 1606; x_wconf 90' lang='lat' dir='ltr'><strong>impetrabis,</strong></span> <span class='ocrx_word' id='word_1_112' title='bbox 1259 1539 1388 1593; x_wconf 91' lang='lat' dir='ltr'><strong>dum</strong></span> <span class='ocrx_word' id='word_1_113' title='bbox 1429 1540 1548 1595; x_wconf 87' lang='lat' dir='ltr'><strong>sine</strong></span> <span class='ocrx_word' id='word_1_114' title='bbox 1599 1542 1709 1596; x_wconf 90' lang='lat' dir='ltr'><strong>ulla</strong></span> <span class='ocrx_word' id='word_1_115' title='bbox 1760 1544 2098 1602; x_wconf 86' lang='lat' dir='ltr'><strong>dubitatione</strong></span> 
     </span>
    </p>
   </div>
   <div class='ocr_carea' id='block_1_18' title="bbox 527 1624 2099 1699">
    <p class='ocr_par' dir='ltr' id='par_1_18' title="bbox 527 1624 2099 1699">
     <span class='ocr_line' id='line_1_18' title="bbox 527 1624 2099 1699; baseline 0.009 -21"><span class='ocrx_word' id='word_1_116' title='bbox 527 1624 915 1694; x_wconf 81' lang='lat' dir='ltr'><strong>postulaveris.</strong></span> <span class='ocrx_word' id='word_1_117' title='bbox 954 1624 1049 1681; x_wconf 89' lang='lat' dir='ltr'><strong>Sin</strong></span> <span class='ocrx_word' id='word_1_118' title='bbox 1080 1627 1135 1682; x_wconf 90' lang='lat' dir='ltr'><strong>in</strong></span> <span class='ocrx_word' id='word_1_119' title='bbox 1166 1629 1330 1684; x_wconf 82' lang='lat' dir='ltr'><strong>corde</strong></span> <span class='ocrx_word' id='word_1_120' title='bbox 1358 1636 1454 1685; x_wconf 90' lang='lat' dir='ltr'><strong>tuo</strong></span> <span class='ocrx_word' id='word_1_121' title='bbox 1478 1631 1839 1699; x_wconf 87' lang='lat' dir='ltr'><strong>dubitaveris,</strong></span> <span class='ocrx_word' id='word_1_122' title='bbox 1875 1637 2007 1690; x_wconf 84' lang='lat' dir='ltr'><strong>nihil</strong></span> <span class='ocrx_word' id='word_1_123' title='bbox 2031 1653 2099 1693; x_wconf 83' lang='lat' dir='ltr'><strong>ex</strong></span> 
     </span>
    </p>
   </div>
   <div class='ocr_carea' id='block_1_19' title="bbox 527 1716 2095 1793">
    <p class='ocr_par' dir='ltr' id='par_1_19' title="bbox 527 1716 2095 1793">
     <span class='ocr_line' id='line_1_19' title="bbox 527 1716 2095 1793; baseline 0.009 -24"><span class='ocrx_word' id='word_1_124' title='bbox 527 1716 820 1785; x_wconf 85' lang='lat' dir='ltr'><strong>postulatis</strong></span> <span class='ocrx_word' id='word_1_125' title='bbox 859 1733 1170 1789; x_wconf 89' lang='lat' dir='ltr'><strong>assequere.</strong></span> <span class='ocrx_word' id='word_1_126' title='bbox 1215 1720 1347 1776; x_wconf 89' lang='lat' dir='ltr'><strong>Nam</strong></span> <span class='ocrx_word' id='word_1_127' title='bbox 1389 1724 1480 1793; x_wconf 90' lang='lat' dir='ltr'><strong>qui</strong></span> <span class='ocrx_word' id='word_1_128' title='bbox 1524 1739 1648 1780; x_wconf 91' lang='lat' dir='ltr'><strong>cum</strong></span> <span class='ocrx_word' id='word_1_129' title='bbox 1686 1725 1795 1782; x_wconf 88' lang='lat' dir='ltr'><strong>Deo</strong></span> <span class='ocrx_word' id='word_1_130' title='bbox 1823 1728 2095 1793; x_wconf 82' lang='lat' dir='ltr'><strong>haesitant,</strong></span> 
     </span>
    </p>
   </div>
   <div class='ocr_carea' id='block_1_20' title="bbox 2189 541 3755 621">
    <p class='ocr_par' dir='ltr' id='par_1_20' title="bbox 2189 541 3755 621">
     <span class='ocr_line' id='line_1_20' title="bbox 2189 541 3755 621; baseline 0.006 -27"><span class='ocrx_word' id='word_1_131' title='bbox 2189 541 2283 595; x_wconf 87' lang='grc' dir='ltr'>τοῦ</span> <span class='ocrx_word' id='word_1_132' title='bbox 2307 542 2443 596; x_wconf 86' lang='grc' dir='ltr'>Θεοῦ</span> <span class='ocrx_word' id='word_1_133' title='bbox 2472 542 2643 611; x_wconf 76' lang='grc' dir='ltr'>λέγων</span> <span class='ocrx_word' id='word_1_134' title='bbox 2672 545 2732 613; x_wconf 33' lang='grc' dir='ltr'><strong>ἐν,</strong></span> <span class='ocrx_word' id='word_1_135' title='bbox 2755 544 2950 615; x_wconf 81' lang='grc' dir='ltr'>ἐαυτῷ,</span> <span class='ocrx_word' id='word_1_136' title='bbox 2993 545 3073 598; x_wconf 81' lang='grc' dir='ltr'>ὅτι</span> <span class='ocrx_word' id='word_1_137' title='bbox 3105 546 3229 610; x_wconf 82' lang='grc' dir='ltr'>Πῶς</span> <span class='ocrx_word' id='word_1_138' title='bbox 3266 546 3563 619; x_wconf 85' lang='grc' dir='ltr'>δυνήσομαι</span> <span class='ocrx_word' id='word_1_139' title='bbox 3597 553 3755 621; x_wconf 83' lang='grc' dir='ltr'>αἰτή-</span> 
     </span>
    </p>
   </div>
   <div class='ocr_carea' id='block_1_21' title="bbox 2193 631 3758 707">
    <p class='ocr_par' dir='ltr' id='par_1_21' title="bbox 2193 631 3758 707">
     <span class='ocr_line' id='line_1_21' title="bbox 2193 631 3758 707; baseline 0.006 -22"><span class='ocrx_word' id='word_1_140' title='bbox 2193 631 2387 686; x_wconf 88' lang='grc' dir='ltr'>σασθαι</span> <span class='ocrx_word' id='word_1_141' title='bbox 2419 632 2571 705; x_wconf 85' lang='grc' dir='ltr'><strong>παρά</strong></span> <span class='ocrx_word' id='word_1_142' title='bbox 2598 632 2692 688; x_wconf 87' lang='grc' dir='ltr'>τοῦ</span> <span class='ocrx_word' id='word_1_143' title='bbox 2726 635 2930 706; x_wconf 80' lang='grc' dir='ltr'><strong>Κυρίου</strong></span> <span class='ocrx_word' id='word_1_144' title='bbox 2950 634 3134 688; x_wconf 78' lang='grc' dir='ltr'>λαϐεῖν</span> <span class='ocrx_word' id='word_1_145' title='bbox 3157 636 3493 707; x_wconf 74' lang='grc' dir='ltr'><strong>ἡμαρτηκὼς</strong></span> <span class='ocrx_word' id='word_1_146' title='bbox 3520 639 3758 695; x_wconf 77' lang='grc' dir='ltr'>τοσαῦτα</span> 
     </span>
    </p>
   </div>
   <div class='ocr_carea' id='block_1_22' title="bbox 2191 724 3758 803">
    <p class='ocr_par' dir='ltr' id='par_1_22' title="bbox 2191 724 3758 803">
     <span class='ocr_line' id='line_1_22' title="bbox 2191 724 3758 803; baseline 0.006 -27"><span class='ocrx_word' id='word_1_147' title='bbox 2191 725 2272 788; x_wconf 87' lang='grc' dir='ltr'>εἰς</span> <span class='ocrx_word' id='word_1_148' title='bbox 2300 724 2462 778; x_wconf 84' lang='grc' dir='ltr'>αὐτόν</span> <span class='ocrx_word' id='word_1_149' title='bbox 2489 741 2505 790; x_wconf 88' lang='grc'>;</span> <span class='ocrx_word' id='word_1_150' title='bbox 2558 724 2648 797; x_wconf 84' lang='grc' dir='ltr'><strong>Μὴ</strong></span> <span class='ocrx_word' id='word_1_151' title='bbox 2676 725 2975 795; x_wconf 76' lang='grc' dir='ltr'>διαλογίζου</span> <span class='ocrx_word' id='word_1_152' title='bbox 3017 725 3209 792; x_wconf 88' lang='grc' dir='ltr'>ταῦτα,</span> <span class='ocrx_word' id='word_1_153' title='bbox 3242 727 3357 780; x_wconf 77' lang='grc' dir='ltr'>ἀλλ’</span> <span class='ocrx_word' id='word_1_154' title='bbox 3378 726 3438 793; x_wconf 83' lang='grc' dir='ltr'>ἐξ</span> <span class='ocrx_word' id='word_1_155' title='bbox 3461 728 3589 801; x_wconf 80' lang='grc' dir='ltr'>ὅλης</span> <span class='ocrx_word' id='word_1_156' title='bbox 3621 748 3758 803; x_wconf 75' lang='grc' dir='ltr'>καρ-</span> 
     </span>
    </p>
   </div>
   <div class='ocr_carea' id='block_1_23' title="bbox 2190 816 3757 891">
    <p class='ocr_par' dir='ltr' id='par_1_23' title="bbox 2190 816 3757 891">
     <span class='ocr_line' id='line_1_23' title="bbox 2190 816 3757 891; baseline 0.003 -21"><span class='ocrx_word' id='word_1_157' title='bbox 2190 816 2307 880; x_wconf 86' lang='grc' dir='ltr'>δίας</span> <span class='ocrx_word' id='word_1_158' title='bbox 2329 834 2422 871; x_wconf 90' lang='grc' dir='ltr'><strong>σου</strong></span> <span class='ocrx_word' id='word_1_159' title='bbox 2443 817 2766 888; x_wconf 78' lang='grc' dir='ltr'>ἐπίστρεψον</span> <span class='ocrx_word' id='word_1_160' title='bbox 2797 817 2932 888; x_wconf 80' lang='grc' dir='ltr'>πρὸς</span> <span class='ocrx_word' id='word_1_161' title='bbox 2956 816 3179 889; x_wconf 83' lang='grc' dir='ltr'><strong>Κύριον,</strong></span> <span class='ocrx_word' id='word_1_162' title='bbox 3211 819 3305 872; x_wconf 77' lang='grc' dir='ltr'>καὶ</span> <span class='ocrx_word' id='word_1_163' title='bbox 3332 817 3482 874; x_wconf 91' lang='grc' dir='ltr'><strong>αἰτοῦ</strong></span> <span class='ocrx_word' id='word_1_164' title='bbox 3511 822 3639 891; x_wconf 83' lang='grc' dir='ltr'>παρ’</span> <span class='ocrx_word' id='word_1_165' title='bbox 3656 821 3757 875; x_wconf 82' lang='grc' dir='ltr'><strong>αὑ-</strong></span> 
     </span>
    </p>
   </div>
   <div class='ocr_carea' id='block_1_24' title="bbox 2191 905 3758 983">
    <p class='ocr_par' dir='ltr' id='par_1_24' title="bbox 2191 905 3758 983">
     <span class='ocr_line' id='line_1_24' title="bbox 2191 905 3758 983; baseline 0.006 -24"><span class='ocrx_word' id='word_1_166' title='bbox 2191 906 2288 960; x_wconf 89' lang='grc' dir='ltr'>τοῦ</span> <span class='ocrx_word' id='word_1_167' title='bbox 2334 907 2690 971; x_wconf 82' lang='grc' dir='ltr'>ἀδιστάκτως,</span> <span class='ocrx_word' id='word_1_168' title='bbox 2720 908 2806 960; x_wconf 69' lang='grc' dir='ltr'>καὶ</span> <span class='ocrx_word' id='word_1_169' title='bbox 2841 905 3024 978; x_wconf 84' lang='grc' dir='ltr'><strong>γνώσῃ</strong></span> <span class='ocrx_word' id='word_1_170' title='bbox 3075 907 3173 980; x_wconf 76' lang='grc' dir='ltr'><strong>τὴν</strong></span> <span class='ocrx_word' id='word_1_171' title='bbox 3222 909 3758 983; x_wconf 83' lang='grc' dir='ltr'>πολυευσπλαγχνίαν</span> 
     </span>
    </p>
   </div>
   <div class='ocr_carea' id='block_1_25' title="bbox 2194 998 3759 1075">
    <p class='ocr_par' dir='ltr' id='par_1_25' title="bbox 2194 998 3759 1075">
     <span class='ocr_line' id='line_1_25' title="bbox 2194 998 3759 1075; baseline 0.001 -22"><span class='ocrx_word' id='word_1_172' title='bbox 2194 998 2380 1065; x_wconf 82' lang='grc' dir='ltr'>αὐτοῦ,</span> <span class='ocrx_word' id='word_1_173' title='bbox 2398 1001 2480 1054; x_wconf 88' lang='grc' dir='ltr'><strong>δτι</strong></span> <span class='ocrx_word' id='word_1_174' title='bbox 2498 999 2559 1053; x_wconf 84' lang='grc' dir='ltr'>οὐ</span> <span class='ocrx_word' id='word_1_175' title='bbox 2585 1000 2658 1070; x_wconf 88' lang='grc' dir='ltr'><strong>μή</strong></span> <span class='ocrx_word' id='word_1_176' title='bbox 2693 1015 2751 1051; x_wconf 88' lang='grc' dir='ltr'><strong>σε</strong></span> <span class='ocrx_word' id='word_1_177' title='bbox 2780 1000 3148 1072; x_wconf 77' lang='grc' dir='ltr'><strong>ἐγκαταλείπῃ</strong></span> <span class='ocrx_word' id='word_1_178' title='bbox 3167 1000 3450 1072; x_wconf 73' lang='grc' dir='ltr'>(61),ἀλλά</span> <span class='ocrx_word' id='word_1_179' title='bbox 3473 1003 3534 1057; x_wconf 77' lang='grc' dir='ltr'>τὸ</span> <span class='ocrx_word' id='word_1_180' title='bbox 3551 1004 3759 1075; x_wconf 75' lang='grc' dir='ltr'>αἴτημα</span> 
     </span>
    </p>
   </div>
   <div class='ocr_carea' id='block_1_26' title="bbox 2192 1091 3761 1168">
    <p class='ocr_par' dir='ltr' id='par_1_26' title="bbox 2192 1091 3761 1168">
     <span class='ocr_line' id='line_1_26' title="bbox 2192 1091 3761 1168; baseline 0.004 -25"><span class='ocrx_word' id='word_1_181' title='bbox 2192 1092 2292 1161; x_wconf 79' lang='grc' dir='ltr'>τῆς</span> <span class='ocrx_word' id='word_1_182' title='bbox 2315 1091 2492 1163; x_wconf 76' lang='grc' dir='ltr'>ψυχῆς</span> <span class='ocrx_word' id='word_1_183' title='bbox 2513 1108 2608 1145; x_wconf 89' lang='grc' dir='ltr'><strong>σου</strong></span> <span class='ocrx_word' id='word_1_184' title='bbox 2639 1091 3061 1165; x_wconf 81' lang='grc' dir='ltr'>πληροφορήσει.</span> <span class='ocrx_word' id='word_1_185' title='bbox 3082 1096 3196 1147; x_wconf 87' lang='grc' dir='ltr'>Οὐκ</span> <span class='ocrx_word' id='word_1_186' title='bbox 3224 1093 3338 1149; x_wconf 77' lang='grc' dir='ltr'>ἐστι</span> <span class='ocrx_word' id='word_1_187' title='bbox 3358 1095 3467 1168; x_wconf 81' lang='grc' dir='ltr'><strong>γὰρ</strong></span> <span class='ocrx_word' id='word_1_188' title='bbox 3485 1099 3514 1149; x_wconf 86' lang='grc' dir='ltr'>ὁ</span> <span class='ocrx_word' id='word_1_189' title='bbox 3531 1096 3662 1161; x_wconf 76' lang='grc' dir='ltr'>Θεὸς</span> <span class='ocrx_word' id='word_1_190' title='bbox 3684 1098 3761 1161; x_wconf 83' lang='grc' dir='ltr'>ὡς</span> 
     </span>
    </p>
   </div>
   <div class='ocr_carea' id='block_1_27' title="bbox 2192 1181 3763 1257">
    <p class='ocr_par' dir='ltr' id='par_1_27' title="bbox 2192 1181 3763 1257">
     <span class='ocr_line' id='line_1_27' title="bbox 2192 1181 3763 1257; baseline 0.004 -21"><span class='ocrx_word' id='word_1_191' title='bbox 2192 1182 2242 1236; x_wconf 85' lang='grc' dir='ltr'>οἱ</span> <span class='ocrx_word' id='word_1_192' title='bbox 2274 1181 2545 1253; x_wconf 78' lang='grc' dir='ltr'>ἄνθρωποι</span> <span class='ocrx_word' id='word_1_193' title='bbox 2574 1182 3051 1253; x_wconf 86' lang='grc' dir='ltr'>μνησικακοῦντες,</span> <span class='ocrx_word' id='word_1_194' title='bbox 3065 1183 3177 1238; x_wconf 87' lang='grc' dir='ltr'>ἀλλ’</span> <span class='ocrx_word' id='word_1_195' title='bbox 3200 1186 3362 1250; x_wconf 82' lang='grc' dir='ltr'>αὐτὸς</span> <span class='ocrx_word' id='word_1_196' title='bbox 3385 1187 3763 1257; x_wconf 83' lang='grc' dir='ltr'>ἀμνησίκακός</span> 
     </span>
    </p>
   </div>
   <div class='ocr_carea' id='block_1_28' title="bbox 2194 1273 3762 1349">
    <p class='ocr_par' dir='ltr' id='par_1_28' title="bbox 2194 1273 3762 1349">
     <span class='ocr_line' id='line_1_28' title="bbox 2194 1273 3762 1349; baseline 0.003 -23"><span class='ocrx_word' id='word_1_197' title='bbox 2194 1275 2312 1326; x_wconf 85' lang='grc' dir='ltr'>ἐστι</span> <span class='ocrx_word' id='word_1_198' title='bbox 2359 1274 2455 1328; x_wconf 74' lang='grc' dir='ltr'>καὶ</span> <span class='ocrx_word' id='word_1_199' title='bbox 2499 1273 2916 1345; x_wconf 76' lang='grc' dir='ltr'>σπλαγχνίζεται</span> <span class='ocrx_word' id='word_1_200' title='bbox 2955 1276 3049 1329; x_wconf 77' lang='grc' dir='ltr'>ἐπὶ</span> <span class='ocrx_word' id='word_1_201' title='bbox 3086 1277 3186 1348; x_wconf 82' lang='grc' dir='ltr'><strong>τὴν</strong></span> <span class='ocrx_word' id='word_1_202' title='bbox 3224 1277 3440 1349; x_wconf 84' lang='grc' dir='ltr'>ποίησιν</span> <span class='ocrx_word' id='word_1_203' title='bbox 3480 1278 3664 1331; x_wconf 81' lang='grc' dir='ltr'><strong>αὑτοῦ.</strong></span> <span class='ocrx_word' id='word_1_204' title='bbox 3688 1278 3762 1330; x_wconf 80' lang='grc' dir='ltr'><strong>Σὺ</strong></span> 
     </span>
    </p>
   </div>
   <div class='ocr_carea' id='block_1_29' title="bbox 2194 1354 3765 1437">
    <p class='ocr_par' dir='ltr' id='par_1_29' title="bbox 2194 1354 3765 1437">
     <span class='ocr_line' id='line_1_29' title="bbox 2194 1354 3765 1437; baseline 0.005 -25"><span class='ocrx_word' id='word_1_205' title='bbox 2194 1354 2287 1413; x_wconf 80' lang='grc' dir='ltr'>οὖν</span> <span class='ocrx_word' id='word_1_206' title='bbox 2319 1358 2613 1432; x_wconf 79' lang='grc' dir='ltr'><strong>καθάρισον</strong></span> <span class='ocrx_word' id='word_1_207' title='bbox 2644 1362 2743 1434; x_wconf 83' lang='grc' dir='ltr'><strong>τὴν</strong></span> <span class='ocrx_word' id='word_1_208' title='bbox 2778 1362 3003 1433; x_wconf 83' lang='grc' dir='ltr'><strong>καρδίαν</strong></span> <span class='ocrx_word' id='word_1_209' title='bbox 3028 1380 3121 1417; x_wconf 93' lang='grc' dir='ltr'><strong>σου</strong></span> <span class='ocrx_word' id='word_1_210' title='bbox 3154 1364 3262 1418; x_wconf 79' lang='grc' dir='ltr'>ἀπὸ</span> <span class='ocrx_word' id='word_1_211' title='bbox 3284 1366 3497 1419; x_wconf 86' lang='grc' dir='ltr'>πάντων</span> <span class='ocrx_word' id='word_1_212' title='bbox 3525 1366 3634 1419; x_wconf 85' lang='grc' dir='ltr'><strong>τῶν</strong></span> <span class='ocrx_word' id='word_1_213' title='bbox 3657 1384 3765 1437; x_wconf 84' lang='grc' dir='ltr'>μα-</span> 
     </span>
    </p>
   </div>
   <div class='ocr_carea' id='block_1_30' title="bbox 2192 1450 3762 1528">
    <p class='ocr_par' dir='ltr' id='par_1_30' title="bbox 2192 1450 3762 1528">
     <span class='ocr_line' id='line_1_30' title="bbox 2192 1450 3762 1528; baseline 0.004 -25"><span class='ocrx_word' id='word_1_214' title='bbox 2192 1450 2358 1505; x_wconf 88' lang='grc' dir='ltr'>ταίων</span> <span class='ocrx_word' id='word_1_215' title='bbox 2387 1450 2612 1516; x_wconf 91' lang='grc' dir='ltr'>τούτων,</span> <span class='ocrx_word' id='word_1_216' title='bbox 2647 1452 2741 1506; x_wconf 80' lang='grc' dir='ltr'><strong>καὶ</strong></span> <span class='ocrx_word' id='word_1_217' title='bbox 2779 1453 2888 1507; x_wconf 87' lang='grc' dir='ltr'>τῶν</span> <span class='ocrx_word' id='word_1_218' title='bbox 2916 1455 3323 1527; x_wconf 80' lang='grc' dir='ltr'><strong>προειρημένων</strong></span> <span class='ocrx_word' id='word_1_219' title='bbox 3365 1473 3448 1510; x_wconf 90' lang='grc' dir='ltr'><strong>σοι</strong></span> <span class='ocrx_word' id='word_1_220' title='bbox 3483 1458 3762 1528; x_wconf 76' lang='grc' dir='ltr'>ῥημάτων,</span> 
     </span>
    </p>
   </div>
   <div class='ocr_carea' id='block_1_31' title="bbox 2194 1543 3767 1619">
    <p class='ocr_par' dir='ltr' id='par_1_31' title="bbox 2194 1543 3767 1619">
     <span class='ocr_line' id='line_1_31' title="bbox 2194 1543 3767 1619; baseline 0.004 -25"><span class='ocrx_word' id='word_1_221' title='bbox 2194 1543 2290 1595; x_wconf 81' lang='grc' dir='ltr'>καὶ</span> <span class='ocrx_word' id='word_1_222' title='bbox 2314 1543 2464 1597; x_wconf 89' lang='grc' dir='ltr'><strong>αἰτοῦ</strong></span> <span class='ocrx_word' id='word_1_223' title='bbox 2499 1543 2650 1616; x_wconf 87' lang='grc' dir='ltr'><strong>παρά</strong></span> <span class='ocrx_word' id='word_1_224' title='bbox 2673 1543 2768 1597; x_wconf 88' lang='grc' dir='ltr'>τοῦ</span> <span class='ocrx_word' id='word_1_225' title='bbox 2801 1545 3028 1617; x_wconf 83' lang='grc' dir='ltr'><strong>Κυρίου,</strong></span> <span class='ocrx_word' id='word_1_226' title='bbox 3057 1547 3151 1600; x_wconf 81' lang='grc' dir='ltr'>καὶ</span> <span class='ocrx_word' id='word_1_227' title='bbox 3175 1546 3343 1619; x_wconf 77' lang='grc' dir='ltr'>λήψῃ,</span> <span class='ocrx_word' id='word_1_228' title='bbox 3372 1547 3466 1601; x_wconf 71' lang='grc' dir='ltr'>καὶ</span> <span class='ocrx_word' id='word_1_229' title='bbox 3494 1547 3602 1601; x_wconf 81' lang='grc' dir='ltr'><strong>ἀπὸ</strong></span> <span class='ocrx_word' id='word_1_230' title='bbox 3629 1547 3767 1601; x_wconf 87' lang='grc' dir='ltr'>πάν-</span> 
     </span>
    </p>
   </div>
   <div class='ocr_carea' id='block_1_32' title="bbox 2195 1635 3769 1712">
    <p class='ocr_par' dir='ltr' id='par_1_32' title="bbox 2195 1635 3769 1712">
     <span class='ocr_line' id='line_1_32' title="bbox 2195 1635 3769 1712; baseline 0.004 -26"><span class='ocrx_word' id='word_1_231' title='bbox 2195 1651 2302 1687; x_wconf 92' lang='grc' dir='ltr'>των</span> <span class='ocrx_word' id='word_1_232' title='bbox 2332 1635 2441 1689; x_wconf 83' lang='grc' dir='ltr'><strong>τῶν</strong></span> <span class='ocrx_word' id='word_1_233' title='bbox 2479 1636 2796 1708; x_wconf 78' lang='grc' dir='ltr'><strong>αἰτημάτων</strong></span> <span class='ocrx_word' id='word_1_234' title='bbox 2823 1655 2917 1691; x_wconf 91' lang='grc' dir='ltr'><strong>σου</strong></span> <span class='ocrx_word' id='word_1_235' title='bbox 2947 1637 3247 1710; x_wconf 82' lang='grc' dir='ltr'>ἀστέρητος</span> <span class='ocrx_word' id='word_1_236' title='bbox 3273 1639 3389 1712; x_wconf 77' lang='grc' dir='ltr'>ἔσῃ,</span> <span class='ocrx_word' id='word_1_237' title='bbox 3418 1639 3513 1693; x_wconf 79' lang='grc' dir='ltr'>ἐὰν</span> <span class='ocrx_word' id='word_1_238' title='bbox 3547 1639 3769 1693; x_wconf 85' lang='grc' dir='ltr'>ὰδιστά-</span> 
     </span>
    </p>
   </div>
   <div class='ocr_carea' id='block_1_33' title="bbox 2198 1729 3765 1805">
    <p class='ocr_par' dir='ltr' id='par_1_33' title="bbox 2198 1729 3765 1805">
     <span class='ocr_line' id='line_1_33' title="bbox 2198 1729 3765 1805; baseline 0.005 -26"><span class='ocrx_word' id='word_1_239' title='bbox 2198 1744 2340 1791; x_wconf 88' lang='grc' dir='ltr'>κτως</span> <span class='ocrx_word' id='word_1_240' title='bbox 2357 1729 2607 1802; x_wconf 78' lang='grc' dir='ltr'>αἰτήσῃς.</span> <span class='ocrx_word' id='word_1_241' title='bbox 2637 1730 2762 1785; x_wconf 82' lang='grc' dir='ltr'><strong>Ἐὰν</strong></span> <span class='ocrx_word' id='word_1_242' title='bbox 2782 1731 2840 1785; x_wconf 84' lang='grc' dir='ltr'>δὲ</span> <span class='ocrx_word' id='word_1_243' title='bbox 2858 1731 3112 1803; x_wconf 80' lang='grc' dir='ltr'>διστάσῃς</span> <span class='ocrx_word' id='word_1_244' title='bbox 3131 1731 3237 1803; x_wconf 74' lang='grc'><strong>(62)</strong></span> <span class='ocrx_word' id='word_1_245' title='bbox 3256 1732 3314 1785; x_wconf 85' lang='grc' dir='ltr'><strong>ἐν</strong></span> <span class='ocrx_word' id='word_1_246' title='bbox 3341 1734 3406 1803; x_wconf 83' lang='grc' dir='ltr'><strong>τῇ</strong></span> <span class='ocrx_word' id='word_1_247' title='bbox 3432 1732 3627 1805; x_wconf 75' lang='grc' dir='ltr'>καρδίᾳ</span> <span class='ocrx_word' id='word_1_248' title='bbox 3649 1750 3765 1798; x_wconf 90' lang='grc' dir='ltr'>σου,</span> 
     </span>
    </p>
   </div>
   <div class='ocr_carea' id='block_1_34' title="bbox 530 1807 2121 1893">
    <p class='ocr_par' dir='ltr' id='par_1_34' title="bbox 530 1807 2100 1889">
     <span class='ocr_line' id='line_1_34' title="bbox 530 1807 2100 1889; baseline 0.007 -27"><span class='ocrx_word' id='word_1_249' title='bbox 530 1807 569 1863; x_wconf 83' lang='lat' dir='ltr'><strong>ii</strong></span> <span class='ocrx_word' id='word_1_250' title='bbox 604 1817 733 1864; x_wconf 85' lang='lat' dir='ltr'><strong>sunt</strong></span> <span class='ocrx_word' id='word_1_251' title='bbox 779 1811 961 1867; x_wconf 90' lang='lat' dir='ltr'><strong>animo</strong></span> <span class='ocrx_word' id='word_1_252' title='bbox 1006 1811 1196 1877; x_wconf 90' lang='lat' dir='ltr'><strong>dubio,</strong></span> <span class='ocrx_word' id='word_1_253' title='bbox 1238 1814 1329 1884; x_wconf 92' lang='lat' dir='ltr'><strong>qui</strong></span> <span class='ocrx_word' id='word_1_254' title='bbox 1371 1815 1506 1870; x_wconf 90' lang='lat' dir='ltr'><strong>nihil</strong></span> <span class='ocrx_word' id='word_1_255' title='bbox 1544 1832 1770 1886; x_wconf 89' lang='lat' dir='ltr'><strong>prorsus</strong></span> <span class='ocrx_word' id='word_1_256' title='bbox 1808 1819 2100 1889; x_wconf 89' lang='lat' dir='ltr'><strong>impetrant</strong></span> 
     </span>
    </p>
   </div>
   <div class='ocr_carea' id='block_1_35' title="bbox 2207 1807 3769 1893">
    <p class='ocr_par' dir='ltr' id='par_1_35' title="bbox 2207 1818 3769 1893">
     <span class='ocr_line' id='line_1_35' title="bbox 2207 1818 3769 1893; baseline 0.003 -22"><span class='ocrx_word' id='word_1_257' title='bbox 2207 1818 2349 1872; x_wconf 64' lang='lat' dir='ltr'><strong>adﬁév</strong></span> <span class='ocrx_word' id='word_1_258' title='bbox 2376 1820 2438 1872; x_wconf 87' lang='grc' dir='ltr'>οὐ</span> <span class='ocrx_word' id='word_1_259' title='bbox 2467 1819 2542 1891; x_wconf 83' lang='grc' dir='ltr'>μὴ</span> <span class='ocrx_word' id='word_1_260' title='bbox 2569 1820 2713 1891; x_wconf 78' lang='grc' dir='ltr'>λήψῃ</span> <span class='ocrx_word' id='word_1_261' title='bbox 2741 1820 2848 1874; x_wconf 83' lang='grc' dir='ltr'><strong>τῶν</strong></span> <span class='ocrx_word' id='word_1_262' title='bbox 2877 1822 3192 1891; x_wconf 85' lang='grc' dir='ltr'><strong>αἰτημάτων</strong></span> <span class='ocrx_word' id='word_1_263' title='bbox 3221 1838 3336 1875; x_wconf 87' lang='grc' dir='ltr'>σου.</span> <span class='ocrx_word' id='word_1_264' title='bbox 3370 1822 3434 1875; x_wconf 90' lang='grc' dir='ltr'><strong>Οἰ</strong></span> <span class='ocrx_word' id='word_1_265' title='bbox 3460 1821 3569 1893; x_wconf 83' lang='grc' dir='ltr'>γὰρ</span> <span class='ocrx_word' id='word_1_266' title='bbox 3590 1821 3769 1875; x_wconf 83' lang='grc' dir='ltr'>διστά-</span> 
     </span>
    </p>
   </div>
   <div class='ocr_carea' id='block_1_36' title="bbox 528 1901 2097 1981">
    <p class='ocr_par' dir='ltr' id='par_1_36' title="bbox 528 1901 2097 1981">
     <span class='ocr_line' id='line_1_36' title="bbox 528 1901 2097 1981; baseline 0.008 -28"><span class='ocrx_word' id='word_1_267' title='bbox 528 1901 948 1970; x_wconf 88' lang='lat' dir='ltr'><strong>postulatorum.</strong></span> <span class='ocrx_word' id='word_1_268' title='bbox 980 1902 1083 1970; x_wconf 86' lang='lat' dir='ltr'><strong>Qui</strong></span> <span class='ocrx_word' id='word_1_269' title='bbox 1109 1913 1287 1959; x_wconf 90' lang='lat' dir='ltr'><strong>autem</strong></span> <span class='ocrx_word' id='word_1_270' title='bbox 1312 1906 1507 1976; x_wconf 76' lang='lat' dir='ltr'><strong>integri</strong></span> <span class='ocrx_word' id='word_1_271' title='bbox 1534 1916 1659 1981; x_wconf 88' lang='lat' dir='ltr'><strong>sunt</strong></span> <span class='ocrx_word' id='word_1_272' title='bbox 1680 1909 1733 1962; x_wconf 89' lang='lat' dir='ltr'><strong>in</strong></span> <span class='ocrx_word' id='word_1_273' title='bbox 1765 1908 1885 1975; x_wconf 89' lang='lat' dir='ltr'><strong>ﬁde,</strong></span> <span class='ocrx_word' id='word_1_274' title='bbox 1918 1911 1950 1964; x_wconf 92' lang='lat' dir='ltr'><strong>ii</strong></span> <span class='ocrx_word' id='word_1_275' title='bbox 1972 1926 2097 1966; x_wconf 90' lang='lat' dir='ltr'><strong>cum</strong></span> 
     </span>
    </p>
   </div>
   <div class='ocr_carea' id='block_1_37' title="bbox 532 1991 2101 2072">
    <p class='ocr_par' dir='ltr' id='par_1_37' title="bbox 532 1991 2101 2072">
     <span class='ocr_line' id='line_1_37' title="bbox 532 1991 2101 2072; baseline 0.007 -26"><span class='ocrx_word' id='word_1_276' title='bbox 532 1991 732 2048; x_wconf 84' lang='lat' dir='ltr'><strong>ﬁducia</strong></span> <span class='ocrx_word' id='word_1_277' title='bbox 757 1994 940 2048; x_wconf 87' lang='lat' dir='ltr'><strong>omnia</strong></span> <span class='ocrx_word' id='word_1_278' title='bbox 963 2002 1153 2065; x_wconf 92' lang='lat' dir='ltr'><strong>petunt</strong></span> <span class='ocrx_word' id='word_1_279' title='bbox 1182 2012 1213 2050; x_wconf 90' lang='lat' dir='ltr'><strong>a</strong></span> <span class='ocrx_word' id='word_1_280' title='bbox 1240 1995 1371 2055; x_wconf 86' lang='lat' dir='ltr'><strong>Deo.</strong></span> <span class='ocrx_word' id='word_1_281' title='bbox 1403 1999 1803 2071; x_wconf 84' lang='lat' dir='ltr'><strong>accipiuntque,</strong></span> <span class='ocrx_word' id='word_1_282' title='bbox 1831 2003 1958 2072; x_wconf 88' lang='lat' dir='ltr'><strong>quia</strong></span> <span class='ocrx_word' id='word_1_283' title='bbox 1981 2004 2101 2058; x_wconf 90' lang='lat' dir='ltr'><strong>sine</strong></span> 
     </span>
    </p>
   </div>
   <div class='ocr_carea' id='block_1_38' title="bbox 529 2083 2099 2161">
    <p class='ocr_par' dir='ltr' id='par_1_38' title="bbox 529 2083 2099 2161">
     <span class='ocr_line' id='line_1_38' title="bbox 529 2083 2099 2161; baseline 0.007 -23"><span class='ocrx_word' id='word_1_284' title='bbox 529 2083 892 2149; x_wconf 88' lang='lat' dir='ltr'><strong>dubitatione,</strong></span> <span class='ocrx_word' id='word_1_285' title='bbox 927 2102 1028 2142; x_wconf 91' lang='lat' dir='ltr'><strong>nec</strong></span> <span class='ocrx_word' id='word_1_286' title='bbox 1054 2086 1338 2144; x_wconf 65' lang='lat' dir='ltr'><strong>haesitante</strong></span> <span class='ocrx_word' id='word_1_287' title='bbox 1368 2091 1551 2146; x_wconf 91' lang='lat' dir='ltr'><strong>animo</strong></span> <span class='ocrx_word' id='word_1_288' title='bbox 1572 2093 1867 2161; x_wconf 89' lang='lat' dir='ltr'><strong>postulant.</strong></span> <span class='ocrx_word' id='word_1_289' title='bbox 1909 2092 2099 2159; x_wconf 86' lang='lat' dir='ltr'><strong>Quivis</strong></span> 
     </span>
    </p>
   </div>
   <div class='ocr_carea' id='block_1_39' title="bbox 528 2174 2101 2255">
    <p class='ocr_par' dir='ltr' id='par_1_39' title="bbox 528 2174 2101 2255">
     <span class='ocr_line' id='line_1_39' title="bbox 528 2174 2101 2255; baseline 0.008 -26"><span class='ocrx_word' id='word_1_290' title='bbox 528 2174 674 2230; x_wconf 89' lang='lat' dir='ltr'><strong>enim</strong></span> <span class='ocrx_word' id='word_1_291' title='bbox 716 2176 881 2232; x_wconf 88' lang='lat' dir='ltr'><strong>homo</strong></span> <span class='ocrx_word' id='word_1_292' title='bbox 922 2177 1202 2245; x_wconf 71' lang='lat' dir='ltr'><strong>haesitans,</strong></span> <span class='ocrx_word' id='word_1_293' title='bbox 1229 2181 1392 2253; x_wconf 74' lang='lat'><strong>206</strong></span> <span class='ocrx_word' id='word_1_294' title='bbox 1420 2182 1522 2238; x_wconf 89' lang='lat' dir='ltr'><strong>nisi</strong></span> <span class='ocrx_word' id='word_1_295' title='bbox 1554 2184 1861 2255; x_wconf 86' lang='lat' dir='ltr'><strong>resipiscat,</strong></span> <span class='ocrx_word' id='word_1_296' title='bbox 1886 2185 2101 2243; x_wconf 80' lang='lat' dir='ltr'><strong>dilﬁcile</strong></span> 
     </span>
    </p>
   </div>
   <div class='ocr_carea' id='block_1_40' title="bbox 528 2266 2102 2349">
    <p class='ocr_par' dir='ltr' id='par_1_40' title="bbox 528 2266 2102 2349">
     <span class='ocr_line' id='line_1_40' title="bbox 528 2266 2102 2349; baseline 0.006 -25"><span class='ocrx_word' id='word_1_297' title='bbox 528 2266 762 2324; x_wconf 77' lang='lat' dir='ltr'><strong>salutem</strong></span> <span class='ocrx_word' id='word_1_298' title='bbox 807 2279 1195 2343; x_wconf 87' lang='lat' dir='ltr'><strong>consequetur.</strong></span> <span class='ocrx_word' id='word_1_299' title='bbox 1241 2270 1352 2327; x_wconf 86' lang='lat' dir='ltr'><strong>Cor</strong></span> <span class='ocrx_word' id='word_1_300' title='bbox 1410 2272 1593 2343; x_wconf 87' lang='lat' dir='ltr'><strong>itaque</strong></span> <span class='ocrx_word' id='word_1_301' title='bbox 1646 2283 1800 2330; x_wconf 92' lang='lat' dir='ltr'><strong>tuum</strong></span> <span class='ocrx_word' id='word_1_302' title='bbox 1849 2292 2020 2349; x_wconf 79' lang='lat' dir='ltr'><strong>purga</strong></span> <span class='ocrx_word' id='word_1_303' title='bbox 2069 2293 2102 2333; x_wconf 88' lang='lat' dir='ltr'><strong>a</strong></span> 
     </span>
    </p>
   </div>
   <div class='ocr_carea' id='block_1_41' title="bbox 527 2362 2102 2438">
    <p class='ocr_par' dir='ltr' id='par_1_41' title="bbox 527 2362 2102 2438">
     <span class='ocr_line' id='line_1_41' title="bbox 527 2362 2102 2438; baseline 0.006 -21"><span class='ocrx_word' id='word_1_304' title='bbox 527 2363 890 2429; x_wconf 89' lang='lat' dir='ltr'><strong>dubitatione,</strong></span> <span class='ocrx_word' id='word_1_305' title='bbox 937 2362 1035 2422; x_wconf 80' lang='lat' dir='ltr'><strong>sed</strong></span> <span class='ocrx_word' id='word_1_306' title='bbox 1086 2362 1260 2423; x_wconf 78' lang='lat' dir='ltr'><strong>indue.</strong></span> <span class='ocrx_word' id='word_1_307' title='bbox 1303 2364 1488 2429; x_wconf 82' lang='lat' dir='ltr'><strong>ﬁdem,</strong></span> <span class='ocrx_word' id='word_1_308' title='bbox 1528 2383 1651 2438; x_wconf 74' lang='lat' dir='ltr'><strong>qua:</strong></span> <span class='ocrx_word' id='word_1_309' title='bbox 1691 2370 1847 2425; x_wconf 92' lang='lat' dir='ltr'><strong>ﬁrma</strong></span> <span class='ocrx_word' id='word_1_310' title='bbox 1888 2380 1994 2436; x_wconf 86' lang='lat' dir='ltr'><strong>est,</strong></span> <span class='ocrx_word' id='word_1_311' title='bbox 2046 2379 2102 2427; x_wconf 90' lang='lat' dir='ltr'><strong>et</strong></span> 
     </span>
    </p>
   </div>
   <div class='ocr_carea' id='block_1_42' title="bbox 529 2454 2101 2535">
    <p class='ocr_par' dir='ltr' id='par_1_42' title="bbox 529 2454 2101 2535">
     <span class='ocr_line' id='line_1_42' title="bbox 529 2454 2101 2535; baseline 0.007 -27"><span class='ocrx_word' id='word_1_312' title='bbox 529 2454 641 2510; x_wconf 86' lang='lat' dir='ltr'><strong>Deo</strong></span> <span class='ocrx_word' id='word_1_313' title='bbox 670 2455 905 2523; x_wconf 86' lang='lat' dir='ltr'><strong>conﬁde,</strong></span> <span class='ocrx_word' id='word_1_314' title='bbox 938 2457 1086 2528; x_wconf 86' lang='lat' dir='ltr'><strong>quod</strong></span> <span class='ocrx_word' id='word_1_315' title='bbox 1126 2460 1310 2514; x_wconf 90' lang='lat' dir='ltr'><strong>omnia</strong></span> <span class='ocrx_word' id='word_1_316' title='bbox 1354 2459 1626 2531; x_wconf 79' lang='lat' dir='ltr'><strong>postulata</strong></span> <span class='ocrx_word' id='word_1_317' title='bbox 1672 2468 1764 2516; x_wconf 89' lang='lat' dir='ltr'><strong>tua</strong></span> <span class='ocrx_word' id='word_1_318' title='bbox 1805 2461 1885 2519; x_wconf 87' lang='lat' dir='ltr'><strong>sis</strong></span> <span class='ocrx_word' id='word_1_319' title='bbox 1928 2464 2101 2535; x_wconf 87' lang='lat' dir='ltr'><strong>impe-</strong></span> 
     </span>
    </p>
   </div>
   <div class='ocr_carea' id='block_1_43' title="bbox 530 2547 2106 2625">
    <p class='ocr_par' dir='ltr' id='par_1_43' title="bbox 530 2547 2106 2625">
     <span class='ocr_line' id='line_1_43' title="bbox 530 2547 2106 2625; baseline 0.006 -24"><span class='ocrx_word' id='word_1_320' title='bbox 530 2554 794 2603; x_wconf 88' lang='lat' dir='ltr'><strong>traturus.</strong></span> <span class='ocrx_word' id='word_1_321' title='bbox 828 2547 983 2615; x_wconf 86' lang='lat' dir='ltr'><strong>Quod</strong></span> <span class='ocrx_word' id='word_1_322' title='bbox 1013 2550 1064 2604; x_wconf 89' lang='lat' dir='ltr'><strong>si</strong></span> <span class='ocrx_word' id='word_1_323' title='bbox 1098 2549 1374 2620; x_wconf 89' lang='lat' dir='ltr'><strong>quidpiam</strong></span> <span class='ocrx_word' id='word_1_324' title='bbox 1405 2566 1436 2606; x_wconf 89' lang='lat' dir='ltr'><strong>a</strong></span> <span class='ocrx_word' id='word_1_325' title='bbox 1466 2551 1695 2609; x_wconf 89' lang='lat' dir='ltr'><strong>Domino</strong></span> <span class='ocrx_word' id='word_1_326' title='bbox 1718 2568 1842 2609; x_wconf 85' lang='lat' dir='ltr'><strong>cum</strong></span> <span class='ocrx_word' id='word_1_327' title='bbox 1870 2555 2106 2625; x_wconf 88' lang='lat' dir='ltr'><strong>postula-</strong></span> 
     </span>
    </p>
   </div>
   <div class='ocr_carea' id='block_1_44' title="bbox 529 2638 2102 2712">
    <p class='ocr_par' dir='ltr' id='par_1_44' title="bbox 529 2638 2102 2712">
     <span class='ocr_line' id='line_1_44' title="bbox 529 2638 2102 2712; baseline 0.004 -17"><span class='ocrx_word' id='word_1_328' title='bbox 529 2638 698 2703; x_wconf 84' lang='lat' dir='ltr'><strong>veris,</strong></span> <span class='ocrx_word' id='word_1_329' title='bbox 738 2654 850 2694; x_wconf 92' lang='lat' dir='ltr'><strong>non</strong></span> <span class='ocrx_word' id='word_1_330' title='bbox 888 2639 1180 2712; x_wconf 90' lang='lat' dir='ltr'><strong>impetres,</strong></span> <span class='ocrx_word' id='word_1_331' title='bbox 1221 2657 1291 2697; x_wconf 90' lang='lat' dir='ltr'><strong>ne</strong></span> <span class='ocrx_word' id='word_1_332' title='bbox 1326 2642 1532 2700; x_wconf 89' lang='lat' dir='ltr'><strong>idcirco</strong></span> <span class='ocrx_word' id='word_1_333' title='bbox 1573 2645 1755 2700; x_wconf 89' lang='lat' dir='ltr'><strong>animo</strong></span> <span class='ocrx_word' id='word_1_334' title='bbox 1792 2644 1872 2702; x_wconf 90' lang='lat' dir='ltr'><strong>sls</strong></span> <span class='ocrx_word' id='word_1_335' title='bbox 1902 2645 2102 2712; x_wconf 75' lang='lat' dir='ltr'><strong>dubio,</strong></span> 
     </span>
    </p>
   </div>
   <div class='ocr_carea' id='block_1_45' title="bbox 530 2731 2102 2808">
    <p class='ocr_par' dir='ltr' id='par_1_45' title="bbox 530 2731 2102 2808">
     <span class='ocr_line' id='line_1_45' title="bbox 530 2731 2102 2808; baseline 0.005 -24"><span class='ocrx_word' id='word_1_336' title='bbox 530 2731 677 2802; x_wconf 86' lang='lat' dir='ltr'><strong>quod</strong></span> <span class='ocrx_word' id='word_1_337' title='bbox 739 2732 936 2788; x_wconf 77' lang='lat' dir='ltr'><strong>animae</strong></span> <span class='ocrx_word' id='word_1_338' title='bbox 997 2742 1106 2790; x_wconf 77' lang='lat' dir='ltr'><strong>tua:</strong></span> <span class='ocrx_word' id='word_1_339' title='bbox 1165 2735 1482 2806; x_wconf 87' lang='lat' dir='ltr'><strong>petitionem</strong></span> <span class='ocrx_word' id='word_1_340' title='bbox 1533 2738 1933 2808; x_wconf 89' lang='lat' dir='ltr'><strong>quamprimum</strong></span> <span class='ocrx_word' id='word_1_341' title='bbox 1994 2752 2102 2793; x_wconf 90' lang='lat' dir='ltr'><strong>non</strong></span> 
     </span>
    </p>
   </div>
   <div class='ocr_carea' id='block_1_46' title="bbox 534 2824 2102 2900">
    <p class='ocr_par' dir='ltr' id='par_1_46' title="bbox 534 2824 2102 2900">
     <span class='ocr_line' id='line_1_46' title="bbox 534 2824 2102 2900; baseline 0.003 -19"><span class='ocrx_word' id='word_1_342' title='bbox 534 2824 815 2896; x_wconf 85' lang='lat' dir='ltr'><strong>acceperis</strong></span> <span class='ocrx_word' id='word_1_343' title='bbox 864 2842 879 2878; x_wconf 90' lang='lat'>:</span> <span class='ocrx_word' id='word_1_344' title='bbox 931 2842 1059 2882; x_wconf 82' lang='lat' dir='ltr'><strong>nam</strong></span> <span class='ocrx_word' id='word_1_345' title='bbox 1103 2827 1191 2884; x_wconf 83' lang='lat' dir='ltr'><strong>vel</strong></span> <span class='ocrx_word' id='word_1_346' title='bbox 1220 2829 1543 2887; x_wconf 90' lang='lat' dir='ltr'><strong>tentationis</strong></span> <span class='ocrx_word' id='word_1_347' title='bbox 1583 2830 1870 2900; x_wconf 86' lang='lat' dir='ltr'><strong>cujusdam</strong></span> <span class='ocrx_word' id='word_1_348' title='bbox 1910 2844 2102 2897; x_wconf 85' lang='lat' dir='ltr'><strong>causa,</strong></span> 
     </span>
    </p>
   </div>
   <div class='ocr_carea' id='block_1_47' title="bbox 529 2915 2099 2993">
    <p class='ocr_par' dir='ltr' id='par_1_47' title="bbox 529 2915 2099 2993">
     <span class='ocr_line' id='line_1_47' title="bbox 529 2915 2099 2993; baseline 0.007 -25"><span class='ocrx_word' id='word_1_349' title='bbox 529 2915 616 2970; x_wconf 85' lang='lat' dir='ltr'><strong>vel</strong></span> <span class='ocrx_word' id='word_1_350' title='bbox 646 2915 717 2972; x_wconf 86' lang='lat' dir='ltr'><strong>ob</strong></span> <span class='ocrx_word' id='word_1_351' title='bbox 740 2930 928 2972; x_wconf 89' lang='lat' dir='ltr'><strong>casum</strong></span> <span class='ocrx_word' id='word_1_352' title='bbox 955 2919 1242 2987; x_wconf 85' lang='lat' dir='ltr'><strong>quemdam</strong></span> <span class='ocrx_word' id='word_1_353' title='bbox 1272 2920 1368 2974; x_wconf 89' lang='lat' dir='ltr'><strong>tibi</strong></span> <span class='ocrx_word' id='word_1_354' title='bbox 1398 2919 1662 2992; x_wconf 75' lang='lat' dir='ltr'><strong>ignotum,</strong></span> <span class='ocrx_word' id='word_1_355' title='bbox 1684 2936 1791 2976; x_wconf 91' lang='lat' dir='ltr'><strong>non</strong></span> <span class='ocrx_word' id='word_1_356' title='bbox 1820 2922 2099 2993; x_wconf 88' lang='lat' dir='ltr'><strong>accepisti.</strong></span> 
     </span>
    </p>
   </div>
   <div class='ocr_carea' id='block_1_48' title="bbox 530 3006 2103 3086">
    <p class='ocr_par' dir='ltr' id='par_1_48' title="bbox 530 3006 2103 3086">
     <span class='ocr_line' id='line_1_48' title="bbox 530 3006 2103 3086; baseline 0.006 -24"><span class='ocrx_word' id='word_1_357' title='bbox 530 3006 612 3063; x_wconf 87' lang='lat' dir='ltr'><strong>Ne</strong></span> <span class='ocrx_word' id='word_1_358' title='bbox 631 3023 763 3079; x_wconf 74' lang='lat' dir='ltr'><strong>ergo</strong></span> <span class='ocrx_word' id='word_1_359' title='bbox 795 3009 1023 3066; x_wconf 84' lang='lat' dir='ltr'><strong>delicias</strong></span> <span class='ocrx_word' id='word_1_360' title='bbox 1056 3011 1286 3077; x_wconf 84' lang='lat' dir='ltr'><strong>orando,</strong></span> <span class='ocrx_word' id='word_1_361' title='bbox 1315 3012 1490 3069; x_wconf 90' lang='lat' dir='ltr'><strong>donec</strong></span> <span class='ocrx_word' id='word_1_362' title='bbox 1529 3014 1724 3070; x_wconf 77' lang='lat' dir='ltr'><strong>animae</strong></span> <span class='ocrx_word' id='word_1_363' title='bbox 1752 3021 1859 3070; x_wconf 87' lang='lat' dir='ltr'><strong>tuae</strong></span> <span class='ocrx_word' id='word_1_364' title='bbox 1886 3017 2103 3086; x_wconf 86' lang='lat' dir='ltr'><strong>petitio-</strong></span> 
     </span>
    </p>
   </div>
   <div class='ocr_carea' id='block_1_49' title="bbox 533 3102 2102 3177">
    <p class='ocr_par' dir='ltr' id='par_1_49' title="bbox 533 3102 2102 3177">
     <span class='ocr_line' id='line_1_49' title="bbox 533 3102 2102 3177; baseline 0.006 -24"><span class='ocrx_word' id='word_1_365' title='bbox 533 3115 655 3155; x_wconf 90' lang='lat' dir='ltr'><strong>nem</strong></span> <span class='ocrx_word' id='word_1_366' title='bbox 714 3102 1231 3173; x_wconf 79' lang='lat' dir='ltr'><strong>assequare.&#39;Quod</strong></span> <span class='ocrx_word' id='word_1_367' title='bbox 1278 3104 1323 3159; x_wconf 91' lang='lat' dir='ltr'><strong>si</strong></span> <span class='ocrx_word' id='word_1_368' title='bbox 1370 3105 1511 3161; x_wconf 90' lang='lat' dir='ltr'><strong>inter</strong></span> <span class='ocrx_word' id='word_1_369' title='bbox 1543 3108 1830 3177; x_wconf 88' lang='lat' dir='ltr'><strong>petendum</strong></span> <span class='ocrx_word' id='word_1_370' title='bbox 1864 3108 2102 3162; x_wconf 88' lang='lat' dir='ltr'><strong>animum</strong></span> 
     </span>
    </p>
   </div>
   <div class='ocr_carea' id='block_1_50' title="bbox 2205 1906 3770 1983">
    <p class='ocr_par' dir='ltr' id='par_1_50' title="bbox 2205 1906 3770 1983">
     <span class='ocr_line' id='line_1_50' title="bbox 2205 1906 3770 1983; baseline 0.003 -21"><span class='ocrx_word' id='word_1_371' title='bbox 2205 1909 2387 1974; x_wconf 73' lang='grc' dir='ltr'>ζοντες</span> <span class='ocrx_word' id='word_1_372' title='bbox 2412 1913 2490 1975; x_wconf 88' lang='grc' dir='ltr'><strong>είς</strong></span> <span class='ocrx_word' id='word_1_373' title='bbox 2511 1911 2602 1964; x_wconf 78' lang='grc' dir='ltr'><strong>τὸν</strong></span> <span class='ocrx_word' id='word_1_374' title='bbox 2630 1910 2784 1973; x_wconf 86' lang='grc' dir='ltr'>Θεὸν,</span> <span class='ocrx_word' id='word_1_375' title='bbox 2806 1906 2951 1966; x_wconf 76' lang='grc' dir='ltr'>οὗτοί</span> <span class='ocrx_word' id='word_1_376' title='bbox 2986 1914 3124 1967; x_wconf 87' lang='grc' dir='ltr'>εἰσιν</span> <span class='ocrx_word' id='word_1_377' title='bbox 3148 1912 3223 1976; x_wconf 85' lang='grc' dir='ltr'>ὡς</span> <span class='ocrx_word' id='word_1_378' title='bbox 3246 1912 3478 1983; x_wconf 82' lang='grc' dir='ltr'>δίψυχοι,</span> <span class='ocrx_word' id='word_1_379' title='bbox 3498 1912 3593 1967; x_wconf 60' lang='grc' dir='ltr'><strong>καὶ⁴</strong></span> <span class='ocrx_word' id='word_1_380' title='bbox 3619 1913 3770 1966; x_wconf 81' lang='grc' dir='ltr'>οὐδὲν</span> 
     </span>
    </p>
   </div>
   <div class='ocr_carea' id='block_1_51' title="bbox 2204 1994 3772 2067">
    <p class='ocr_par' dir='ltr' id='par_1_51' title="bbox 2204 1994 3772 2067">
     <span class='ocr_line' id='line_1_51' title="bbox 2204 1994 3772 2067; baseline 0.002 -21"><span class='ocrx_word' id='word_1_381' title='bbox 2204 1995 2341 2060; x_wconf 84' lang='grc' dir='ltr'>ὅλως</span> <span class='ocrx_word' id='word_1_382' title='bbox 2364 1994 2695 2066; x_wconf 81' lang='grc' dir='ltr'>λαμϐάνουσι</span> <span class='ocrx_word' id='word_1_383' title='bbox 2723 1996 2830 2050; x_wconf 84' lang='grc' dir='ltr'>τῶν</span> <span class='ocrx_word' id='word_1_384' title='bbox 2854 1997 3170 2067; x_wconf 82' lang='grc' dir='ltr'><strong>αἰτημάτων</strong></span> <span class='ocrx_word' id='word_1_385' title='bbox 3191 1995 3390 2051; x_wconf 83' lang='grc' dir='ltr'><strong>αὐτῶν.</strong></span> <span class='ocrx_word' id='word_1_386' title='bbox 3415 1998 3480 2050; x_wconf 78' lang='lat' dir='ltr'><strong>Ut</strong></span> <span class='ocrx_word' id='word_1_387' title='bbox 3504 1997 3561 2050; x_wconf 79' lang='grc' dir='ltr'><strong>δέ</strong></span> <span class='ocrx_word' id='word_1_388' title='bbox 3591 1996 3772 2050; x_wconf 81' lang='grc' dir='ltr'>ὁλοτε-</span> 
     </span>
    </p>
   </div>
   <div class='ocr_carea' id='block_1_52' title="bbox 2205 2087 3772 2160">
    <p class='ocr_par' dir='ltr' id='par_1_52' title="bbox 2205 2087 3772 2160">
     <span class='ocr_line' id='line_1_52' title="bbox 2205 2087 3772 2160; baseline 0.003 -20"><span class='ocrx_word' id='word_1_389' title='bbox 2205 2087 2317 2152; x_wconf 84' lang='grc' dir='ltr'>λεῖς</span> <span class='ocrx_word' id='word_1_390' title='bbox 2342 2088 2493 2152; x_wconf 77' lang='grc' dir='ltr'>ὄντες</span> <span class='ocrx_word' id='word_1_391' title='bbox 2515 2090 2574 2142; x_wconf 88' lang='grc' dir='ltr'><strong>ἐν</strong></span> <span class='ocrx_word' id='word_1_392' title='bbox 2604 2090 2670 2160; x_wconf 80' lang='grc' dir='ltr'><strong>τῇ</strong></span> <span class='ocrx_word' id='word_1_393' title='bbox 2699 2089 2879 2143; x_wconf 89' lang='grc' dir='ltr'>πίστει</span> <span class='ocrx_word' id='word_1_394' title='bbox 2915 2090 3094 2144; x_wconf 88' lang='grc' dir='ltr'>πάντα</span> <span class='ocrx_word' id='word_1_395' title='bbox 3136 2089 3408 2144; x_wconf 81' lang='grc' dir='ltr'><strong>αἰτοῦνται</strong></span> <span class='ocrx_word' id='word_1_396' title='bbox 3452 2088 3772 2154; x_wconf 65' lang='grc' dir='ltr'>πεποιθότες</span> 
     </span>
    </p>
   </div>
   <div class='ocr_carea' id='block_1_53' title="bbox 2207 2180 3776 2252">
    <p class='ocr_par' dir='ltr' id='par_1_53' title="bbox 2207 2180 3776 2252">
     <span class='ocr_line' id='line_1_53' title="bbox 2207 2180 3776 2252; baseline -0.001 -16"><span class='ocrx_word' id='word_1_397' title='bbox 2207 2182 2300 2236; x_wconf 71' lang='grc' dir='ltr'><strong>ἐπὶ</strong></span> <span class='ocrx_word' id='word_1_398' title='bbox 2348 2182 2438 2236; x_wconf 84' lang='grc' dir='ltr'>τὸν</span> <span class='ocrx_word' id='word_1_399' title='bbox 2484 2181 2615 2235; x_wconf 82' lang='grc' dir='ltr'><strong>Θεὸν</strong></span> <span class='ocrx_word' id='word_1_400' title='bbox 2654 2182 2747 2236; x_wconf 72' lang='grc' dir='ltr'><strong>καί⁸</strong></span> <span class='ocrx_word' id='word_1_401' title='bbox 2799 2180 3182 2252; x_wconf 78' lang='grc' dir='ltr'>λαμὸἀνουσιν,</span> <span class='ocrx_word' id='word_1_402' title='bbox 3217 2182 3300 2235; x_wconf 86' lang='grc' dir='ltr'><strong>δτι</strong></span> <span class='ocrx_word' id='word_1_403' title='bbox 3327 2181 3661 2246; x_wconf 75' lang='grc' dir='ltr'>ἀδιστάκτως</span> <span class='ocrx_word' id='word_1_404' title='bbox 3689 2182 3776 2235; x_wconf 80' lang='lat' dir='ltr'><strong>at-</strong></span> 
     </span>
    </p>
   </div>
   <div class='ocr_carea' id='block_1_54' title="bbox 2205 2273 3773 2346">
    <p class='ocr_par' dir='ltr' id='par_1_54' title="bbox 2205 2273 3773 2346">
     <span class='ocr_line' id='line_1_54' title="bbox 2205 2273 3773 2346; baseline -0.001 -18"><span class='ocrx_word' id='word_1_405' title='bbox 2205 2274 2423 2328; x_wconf 90' lang='grc' dir='ltr'>τοῦνται</span> <span class='ocrx_word' id='word_1_406' title='bbox 2457 2274 2622 2346; x_wconf 87' lang='grc' dir='ltr'>μηδὲν</span> <span class='ocrx_word' id='word_1_407' title='bbox 2667 2273 3033 2345; x_wconf 78' lang='grc' dir='ltr'>διψυχοῦντες.</span> <span class='ocrx_word' id='word_1_408' title='bbox 3074 2276 3188 2338; x_wconf 69' lang='grc' dir='ltr'><strong>Πᾶς</strong></span> <span class='ocrx_word' id='word_1_409' title='bbox 3214 2273 3321 2344; x_wconf 86' lang='grc' dir='ltr'><strong>γὰρ</strong></span> <span class='ocrx_word' id='word_1_410' title='bbox 3362 2273 3580 2345; x_wconf 80' lang='grc' dir='ltr'>δίψυχος</span> <span class='ocrx_word' id='word_1_411' title='bbox 3610 2273 3773 2346; x_wconf 80' lang='grc' dir='ltr'>ἀνὴρ,</span> 
     </span>
    </p>
   </div>
   <div class='ocr_carea' id='block_1_55' title="bbox 2207 2364 3775 2439">
    <p class='ocr_par' dir='ltr' id='par_1_55' title="bbox 2207 2364 3775 2439">
     <span class='ocr_line' id='line_1_55' title="bbox 2207 2364 3775 2439; baseline -0.003 -19"><span class='ocrx_word' id='word_1_412' title='bbox 2207 2364 2303 2420; x_wconf 85' lang='grc' dir='ltr'><strong>ἐὰν</strong></span> <span class='ocrx_word' id='word_1_413' title='bbox 2336 2365 2411 2437; x_wconf 84' lang='grc' dir='ltr'><strong>μὴ</strong></span> <span class='ocrx_word' id='word_1_414' title='bbox 2450 2367 2775 2439; x_wconf 80' lang='grc' dir='ltr'><strong>μετανοήσῃ,</strong></span> <span class='ocrx_word' id='word_1_415' title='bbox 2803 2365 3076 2429; x_wconf 85' lang='grc' dir='ltr'><strong>δυσκόλως</strong></span> <span class='ocrx_word' id='word_1_416' title='bbox 3103 2365 3422 2438; x_wconf 84' lang='grc' dir='ltr'>σωθήσεται.</span> <span class='ocrx_word' id='word_1_417' title='bbox 3463 2364 3775 2439; x_wconf 83' lang='grc' dir='ltr'>Καθάρισον</span> 
     </span>
    </p>
   </div>
   <div class='ocr_carea' id='block_1_56' title="bbox 2206 2451 3776 2528">
    <p class='ocr_par' dir='ltr' id='par_1_56' title="bbox 2206 2451 3776 2528">
     <span class='ocr_line' id='line_1_56' title="bbox 2206 2451 3776 2528; baseline 0 -19"><span class='ocrx_word' id='word_1_418' title='bbox 2206 2451 2298 2509; x_wconf 79' lang='grc' dir='ltr'><strong>οῦν</strong></span> <span class='ocrx_word' id='word_1_419' title='bbox 2330 2455 2429 2528; x_wconf 84' lang='grc' dir='ltr'><strong>τὴν</strong></span> <span class='ocrx_word' id='word_1_420' title='bbox 2468 2455 2690 2528; x_wconf 86' lang='grc' dir='ltr'>καρδίαν</span> <span class='ocrx_word' id='word_1_421' title='bbox 2724 2472 2816 2509; x_wconf 92' lang='grc' dir='ltr'><strong>σου</strong></span> <span class='ocrx_word' id='word_1_422' title='bbox 2858 2455 2966 2510; x_wconf 81' lang='grc' dir='ltr'>ἀπὸ</span> <span class='ocrx_word' id='word_1_423' title='bbox 3016 2458 3113 2526; x_wconf 79' lang='grc' dir='ltr'>τῆς</span> <span class='ocrx_word' id='word_1_424' title='bbox 3144 2455 3427 2526; x_wconf 77' lang='grc' dir='ltr'>διψυχίαςο</span> <span class='ocrx_word' id='word_1_425' title='bbox 3461 2455 3677 2510; x_wconf 71' lang='grc' dir='ltr'>ἔνδυσαι</span> <span class='ocrx_word' id='word_1_426' title='bbox 3718 2455 3776 2509; x_wconf 71' lang='grc' dir='ltr'><strong>δέ</strong></span> 
     </span>
    </p>
   </div>
   <div class='ocr_carea' id='block_1_57' title="bbox 2206 2546 3775 2619">
    <p class='ocr_par' dir='ltr' id='par_1_57' title="bbox 2206 2546 3775 2619">
     <span class='ocr_line' id='line_1_57' title="bbox 2206 2546 3775 2619; baseline 0.001 -19"><span class='ocrx_word' id='word_1_427' title='bbox 2206 2547 2305 2619; x_wconf 83' lang='grc' dir='ltr'><strong>τὴν</strong></span> <span class='ocrx_word' id='word_1_428' title='bbox 2330 2548 2530 2611; x_wconf 83' lang='grc' dir='ltr'>πίστιν,</span> <span class='ocrx_word' id='word_1_429' title='bbox 2563 2549 2645 2601; x_wconf 85' lang='grc' dir='ltr'>ὅτι</span> <span class='ocrx_word' id='word_1_430' title='bbox 2671 2548 2865 2619; x_wconf 86' lang='grc' dir='ltr'>ἰσχυρά</span> <span class='ocrx_word' id='word_1_431' title='bbox 2891 2548 3027 2612; x_wconf 78' lang='grc' dir='ltr'>ἐστι,</span> <span class='ocrx_word' id='word_1_432' title='bbox 3056 2547 3150 2601; x_wconf 66' lang='grc' dir='ltr'>καὶ</span> <span class='ocrx_word' id='word_1_433' title='bbox 3181 2547 3397 2601; x_wconf 86' lang='grc' dir='ltr'>πίστευε</span> <span class='ocrx_word' id='word_1_434' title='bbox 3426 2546 3505 2618; x_wconf 85' lang='grc' dir='ltr'><strong>τῷ</strong></span> <span class='ocrx_word' id='word_1_435' title='bbox 3531 2547 3673 2618; x_wconf 74' lang='grc' dir='ltr'>Θεῷ,</span> <span class='ocrx_word' id='word_1_436' title='bbox 3693 2548 3775 2601; x_wconf 81' lang='grc' dir='ltr'><strong>ὅτι</strong></span> 
     </span>
    </p>
   </div>
   <div class='ocr_carea' id='block_1_58' title="bbox 2209 2637 3775 2712">
    <p class='ocr_par' dir='ltr' id='par_1_58' title="bbox 2209 2637 3775 2712">
     <span class='ocr_line' id='line_1_58' title="bbox 2209 2637 3775 2712; baseline -0.001 -19"><span class='ocrx_word' id='word_1_437' title='bbox 2209 2640 2386 2694; x_wconf 89' lang='grc' dir='ltr'>πάντα</span> <span class='ocrx_word' id='word_1_438' title='bbox 2407 2639 2475 2693; x_wconf 82' lang='grc' dir='ltr'>τὰ</span> <span class='ocrx_word' id='word_1_439' title='bbox 2494 2640 2771 2712; x_wconf 88' lang='grc' dir='ltr'>αἰτήματά</span> <span class='ocrx_word' id='word_1_440' title='bbox 2805 2656 2917 2705; x_wconf 85' lang='grc' dir='ltr'>σου,</span> <span class='ocrx_word' id='word_1_441' title='bbox 2938 2638 2976 2694; x_wconf 82' lang='grc' dir='ltr'><strong>ἀ</strong></span> <span class='ocrx_word' id='word_1_442' title='bbox 2999 2639 3144 2710; x_wconf 80' lang='grc' dir='ltr'>αἰτῇ,</span> <span class='ocrx_word' id='word_1_443' title='bbox 3170 2637 3336 2710; x_wconf 77' lang='grc' dir='ltr'>λήψῃ.</span> <span class='ocrx_word' id='word_1_444' title='bbox 3364 2638 3475 2692; x_wconf 77' lang='grc' dir='ltr'><strong>Καὶ</strong></span> <span class='ocrx_word' id='word_1_445' title='bbox 3503 2637 3596 2693; x_wconf 86' lang='grc' dir='ltr'>ἐὰν</span> <span class='ocrx_word' id='word_1_446' title='bbox 3616 2639 3775 2709; x_wconf 86' lang='grc' dir='ltr'><strong>αἰτη-</strong></span> 
     </span>
    </p>
   </div>
   <div class='ocr_carea' id='block_1_59' title="bbox 2211 2727 3777 2804">
    <p class='ocr_par' dir='ltr' id='par_1_59' title="bbox 2211 2727 3777 2804">
     <span class='ocr_line' id='line_1_59' title="bbox 2211 2727 3777 2804; baseline -0.002 -19"><span class='ocrx_word' id='word_1_447' title='bbox 2211 2730 2443 2802; x_wconf 84' lang='grc' dir='ltr'>σάμενός</span> <span class='ocrx_word' id='word_1_448' title='bbox 2477 2749 2610 2785; x_wconf 86' lang='grc' dir='ltr'>ποτε</span> <span class='ocrx_word' id='word_1_449' title='bbox 2644 2729 2795 2804; x_wconf 81' lang='grc' dir='ltr'>παρὰ</span> <span class='ocrx_word' id='word_1_450' title='bbox 2842 2729 2937 2784; x_wconf 87' lang='grc' dir='ltr'><strong>τοῦ</strong></span> <span class='ocrx_word' id='word_1_451' title='bbox 2964 2729 3168 2802; x_wconf 83' lang='grc' dir='ltr'>Κυρίου</span> <span class='ocrx_word' id='word_1_452' title='bbox 3197 2729 3406 2802; x_wconf 73' lang='grc' dir='ltr'>αἴτημά</span> <span class='ocrx_word' id='word_1_453' title='bbox 3433 2747 3488 2784; x_wconf 88' lang='grc' dir='ltr'><strong>τι</strong></span> <span class='ocrx_word' id='word_1_454' title='bbox 3527 2730 3621 2783; x_wconf 77' lang='grc' dir='ltr'><strong>καὶ</strong></span> <span class='ocrx_word' id='word_1_455' title='bbox 3674 2727 3777 2801; x_wconf 78' lang='grc' dir='ltr'><strong>[μὴ</strong></span> 
     </span>
    </p>
   </div>
   <div class='ocr_carea' id='block_1_60' title="bbox 2208 2820 3779 2898">
    <p class='ocr_par' dir='ltr' id='par_1_60' title="bbox 2208 2820 3779 2898">
     <span class='ocr_line' id='line_1_60' title="bbox 2208 2820 3779 2898; baseline -0.003 -21"><span class='ocrx_word' id='word_1_456' title='bbox 2208 2821 2508 2895; x_wconf 77' lang='grc' dir='ltr'>ἀπολήψῃ],</span> <span class='ocrx_word' id='word_1_457' title='bbox 2562 2821 2636 2894; x_wconf 79' lang='grc' dir='ltr'><strong>μὴ</strong></span> <span class='ocrx_word' id='word_1_458' title='bbox 2668 2821 2990 2898; x_wconf 75' lang='grc' dir='ltr'>διψυχήσῃς,</span> <span class='ocrx_word' id='word_1_459' title='bbox 3026 2823 3108 2877; x_wconf 86' lang='grc' dir='ltr'><strong>ὅτι</strong></span> <span class='ocrx_word' id='word_1_460' title='bbox 3139 2821 3321 2892; x_wconf 84' lang='grc' dir='ltr'>τάχιον</span> <span class='ocrx_word' id='word_1_461' title='bbox 3353 2823 3454 2875; x_wconf 87' lang='grc' dir='ltr'>οὐκ</span> <span class='ocrx_word' id='word_1_462' title='bbox 3493 2820 3685 2885; x_wconf 77' lang='grc' dir='ltr'>ἐλαδες</span> <span class='ocrx_word' id='word_1_463' title='bbox 3717 2820 3779 2873; x_wconf 71' lang='grc' dir='ltr'>τὸ</span> 
     </span>
    </p>
   </div>
   <div class='ocr_carea' id='block_1_61' title="bbox 2208 2914 3779 2989">
    <p class='ocr_par' dir='ltr' id='par_1_61' title="bbox 2208 2914 3779 2989">
     <span class='ocr_line' id='line_1_61' title="bbox 2208 2914 3779 2989; baseline -0.003 -19"><span class='ocrx_word' id='word_1_464' title='bbox 2208 2916 2416 2986; x_wconf 85' lang='grc' dir='ltr'>αἴτημα</span> <span class='ocrx_word' id='word_1_465' title='bbox 2443 2915 2545 2986; x_wconf 82' lang='grc' dir='ltr'><strong>τῆς</strong></span> <span class='ocrx_word' id='word_1_466' title='bbox 2575 2914 2751 2987; x_wconf 76' lang='grc' dir='ltr'>ψυχῆς</span> <span class='ocrx_word' id='word_1_467' title='bbox 2787 2932 2880 2970; x_wconf 91' lang='grc' dir='ltr'><strong>σου</strong></span> <span class='ocrx_word' id='word_1_468' title='bbox 2903 2932 2916 2945; x_wconf 88' lang='grc'><strong>·</strong></span> <span class='ocrx_word' id='word_1_469' title='bbox 2951 2915 3166 2979; x_wconf 87' lang='grc' dir='ltr'>πάντως</span> <span class='ocrx_word' id='word_1_470' title='bbox 3217 2914 3324 2989; x_wconf 80' lang='grc' dir='ltr'><strong>γὰρ</strong></span> <span class='ocrx_word' id='word_1_471' title='bbox 3351 2914 3438 2968; x_wconf 85' lang='grc' dir='ltr'><strong>διὰ</strong></span> <span class='ocrx_word' id='word_1_472' title='bbox 3470 2914 3779 2986; x_wconf 83' lang='grc' dir='ltr'>πειρασμόν</span> 
     </span>
    </p>
   </div>
   <div class='ocr_carea' id='block_1_62' title="bbox 2209 3005 3778 3077">
    <p class='ocr_par' dir='ltr' id='par_1_62' title="bbox 2209 3005 3778 3077">
     <span class='ocr_line' id='line_1_62' title="bbox 2209 3005 3778 3077; baseline 0 -18"><span class='ocrx_word' id='word_1_473' title='bbox 2209 3024 2330 3059; x_wconf 90' lang='grc' dir='ltr'>τινα</span> <span class='ocrx_word' id='word_1_474' title='bbox 2359 3007 2392 3077; x_wconf 81' lang='grc' dir='ltr'>ἦ</span> <span class='ocrx_word' id='word_1_475' title='bbox 2423 3006 2778 3077; x_wconf 84' lang='grc' dir='ltr'>παράπτωμά</span> <span class='ocrx_word' id='word_1_476' title='bbox 2807 3024 2861 3059; x_wconf 91' lang='grc' dir='ltr'>τι</span> <span class='ocrx_word' id='word_1_477' title='bbox 2901 3006 2929 3060; x_wconf 84' lang='grc' dir='ltr'><strong>δ</strong></span> <span class='ocrx_word' id='word_1_478' title='bbox 2975 3008 3038 3060; x_wconf 84' lang='grc' dir='ltr'>σὺ</span> <span class='ocrx_word' id='word_1_479' title='bbox 3065 3008 3298 3075; x_wconf 82' lang='grc' dir='ltr'>ἀγνοεῖς,</span> <span class='ocrx_word' id='word_1_480' title='bbox 3329 3007 3429 3060; x_wconf 82' lang='grc' dir='ltr'>οὐκ</span> <span class='ocrx_word' id='word_1_481' title='bbox 3458 3005 3668 3069; x_wconf 77' lang='grc' dir='ltr'>ἔλαϐες.</span> <span class='ocrx_word' id='word_1_482' title='bbox 3706 3007 3778 3059; x_wconf 79' lang='grc' dir='ltr'><strong>Σὺ</strong></span> 
     </span>
    </p>
   </div>
   <div class='ocr_carea' id='block_1_63' title="bbox 2207 3094 3777 3171">
    <p class='ocr_par' dir='ltr' id='par_1_63' title="bbox 2207 3094 3777 3171">
     <span class='ocr_line' id='line_1_63' title="bbox 2207 3094 3777 3171; baseline -0.002 -19"><span class='ocrx_word' id='word_1_483' title='bbox 2207 3094 2301 3152; x_wconf 74' lang='grc' dir='ltr'>οὖν</span> <span class='ocrx_word' id='word_1_484' title='bbox 2331 3097 2404 3168; x_wconf 83' lang='grc' dir='ltr'>μὴ</span> <span class='ocrx_word' id='word_1_485' title='bbox 2433 3097 2685 3171; x_wconf 80' lang='grc' dir='ltr'>διαλίπῃς</span> <span class='ocrx_word' id='word_1_486' title='bbox 2707 3097 2995 3168; x_wconf 82' lang='grc' dir='ltr'>εὐχόμενος</span> <span class='ocrx_word' id='word_1_487' title='bbox 3015 3098 3077 3151; x_wconf 86' lang='grc' dir='ltr'><strong>τὸ</strong></span> <span class='ocrx_word' id='word_1_488' title='bbox 3107 3097 3311 3169; x_wconf 84' lang='grc' dir='ltr'><strong>αἴτημα</strong></span> <span class='ocrx_word' id='word_1_489' title='bbox 3334 3098 3429 3168; x_wconf 79' lang='grc' dir='ltr'>τῆς</span> <span class='ocrx_word' id='word_1_490' title='bbox 3449 3097 3628 3168; x_wconf 75' lang='grc' dir='ltr'>ψυχῆς</span> <span class='ocrx_word' id='word_1_491' title='bbox 3662 3114 3777 3161; x_wconf 93' lang='grc' dir='ltr'>σου,</span> 
     </span>
    </p>
   </div>
   <div class='ocr_carea' id='block_1_64' title="bbox 535 3172 2121 3267">
    <p class='ocr_par' dir='ltr' id='par_1_64' title="bbox 535 3172 2102 3267">
     <span class='ocr_line' id='line_1_64' title="bbox 535 3172 2102 3267; baseline 0.007 -24"><span class='ocrx_word' id='word_1_492' title='bbox 535 3189 879 3260; x_wconf 88' lang='lat' dir='ltr'><strong>despondeas</strong></span> <span class='ocrx_word' id='word_1_493' title='bbox 905 3199 960 3249; x_wconf 86' lang='lat' dir='ltr'><strong>et</strong></span> <span class='ocrx_word' id='word_1_494' title='bbox 987 3172 1203 3250; x_wconf 86' lang='lat' dir='ltr'><strong>dubites</strong></span> <span class='ocrx_word' id='word_1_495' title='bbox 1222 3236 1236 3260; x_wconf 91' lang='lat'><strong>,</strong></span> <span class='ocrx_word' id='word_1_496' title='bbox 1266 3195 1500 3267; x_wconf 86' lang='lat' dir='ltr'><strong>teipsum</strong></span> <span class='ocrx_word' id='word_1_497' title='bbox 1533 3172 1803 3260; x_wconf 74' lang='lat' dir='ltr'><strong>incusato,</strong></span> <span class='ocrx_word' id='word_1_498' title='bbox 1840 3215 1947 3253; x_wconf 89' lang='lat' dir='ltr'><strong>non</strong></span> <span class='ocrx_word' id='word_1_499' title='bbox 1977 3215 2102 3254; x_wconf 86' lang='lat' dir='ltr'><strong>eum</strong></span> 
     </span>
    </p>
   </div>
   <div class='ocr_carea' id='block_1_65' title="bbox 2207 3172 3783 3267">
    <p class='ocr_par' dir='ltr' id='par_1_65' title="bbox 2207 3185 3783 3264">
     <span class='ocr_line' id='line_1_65' title="bbox 2207 3185 3783 3264; baseline -0.005 -15"><span class='ocrx_word' id='word_1_500' title='bbox 2207 3191 2313 3255; x_wconf 73' lang='grc' dir='ltr'>ἓως</span> <span class='ocrx_word' id='word_1_501' title='bbox 2332 3185 2393 3243; x_wconf 67' lang='grc' dir='ltr'>οὗ</span> <span class='ocrx_word' id='word_1_502' title='bbox 2420 3191 2673 3264; x_wconf 76' lang='grc' dir='ltr'><strong>ἀπολήψῃ</strong></span> <span class='ocrx_word' id='word_1_503' title='bbox 2699 3190 2847 3245; x_wconf 79' lang='grc' dir='ltr'>αὑτό.</span> <span class='ocrx_word' id='word_1_504' title='bbox 2880 3190 3003 3244; x_wconf 86' lang='grc' dir='ltr'><strong>Ἐὰν</strong></span> <span class='ocrx_word' id='word_1_505' title='bbox 3029 3189 3085 3242; x_wconf 88' lang='grc' dir='ltr'>δὲ</span> <span class='ocrx_word' id='word_1_506' title='bbox 3114 3192 3425 3263; x_wconf 79' lang='grc' dir='ltr'>ἐκκακήσῃς</span> <span class='ocrx_word' id='word_1_507' title='bbox 3448 3192 3542 3243; x_wconf 76' lang='grc' dir='ltr'>καὶ</span> <span class='ocrx_word' id='word_1_508' title='bbox 3563 3190 3783 3261; x_wconf 78' lang='grc' dir='ltr'>διψυχήο</span> 
     </span>
    </p>
   </div>
   <div class='ocr_carea' id='block_1_66' title="bbox 534 3282 2104 3363">
    <p class='ocr_par' dir='ltr' id='par_1_66' title="bbox 534 3282 2104 3363">
     <span class='ocr_line' id='line_1_66' title="bbox 534 3282 2104 3363; baseline 0.008 -27"><span class='ocrx_word' id='word_1_509' title='bbox 534 3282 629 3352; x_wconf 88' lang='lat' dir='ltr'><strong>qui</strong></span> <span class='ocrx_word' id='word_1_510' title='bbox 683 3300 793 3340; x_wconf 91' lang='lat' dir='ltr'><strong>non</strong></span> <span class='ocrx_word' id='word_1_511' title='bbox 851 3285 1000 3341; x_wconf 90' lang='lat' dir='ltr'><strong>dedit</strong></span> <span class='ocrx_word' id='word_1_512' title='bbox 1068 3288 1424 3359; x_wconf 86' lang='lat' dir='ltr'><strong>postulatum.</strong></span> <span class='ocrx_word' id='word_1_513' title='bbox 1498 3290 1643 3346; x_wconf 84' lang='lat' dir='ltr'><strong>Cave</strong></span> <span class='ocrx_word' id='word_1_514' title='bbox 1709 3293 1891 3363; x_wconf 88' lang='lat' dir='ltr'><strong>itaque</strong></span> <span class='ocrx_word' id='word_1_515' title='bbox 1964 3294 2104 3349; x_wconf 91' lang='lat' dir='ltr'><strong>hanc</strong></span> 
     </span>
    </p>
   </div>
   <div class='ocr_carea' id='block_1_67' title="bbox 537 3375 2105 3449">
    <p class='ocr_par' dir='ltr' id='par_1_67' title="bbox 537 3375 2105 3449">
     <span class='ocr_line' id='line_1_67' title="bbox 537 3375 2105 3449; baseline 0.006 -22"><span class='ocrx_word' id='word_1_516' title='bbox 537 3375 706 3430; x_wconf 89' lang='lat' dir='ltr'><strong>animi</strong></span> <span class='ocrx_word' id='word_1_517' title='bbox 749 3376 1170 3445; x_wconf 88' lang='lat' dir='ltr'><strong>dubitationem,</strong></span> <span class='ocrx_word' id='word_1_518' title='bbox 1217 3395 1337 3449; x_wconf 72' lang='lat' dir='ltr'><strong>quae</strong></span> <span class='ocrx_word' id='word_1_519' title='bbox 1386 3381 1531 3436; x_wconf 90' lang='lat' dir='ltr'><strong>mala</strong></span> <span class='ocrx_word' id='word_1_520' title='bbox 1576 3382 1786 3437; x_wconf 86' lang='lat' dir='ltr'><strong>scilicet</strong></span> <span class='ocrx_word' id='word_1_521' title='bbox 1822 3389 1927 3447; x_wconf 90' lang='lat' dir='ltr'><strong>est,</strong></span> <span class='ocrx_word' id='word_1_522' title='bbox 1964 3384 2105 3437; x_wconf 86' lang='lat' dir='ltr'><strong>mul-</strong></span> 
     </span>
    </p>
   </div>
   <div class='ocr_carea' id='block_1_68' title="bbox 537 3468 2106 3539">
    <p class='ocr_par' dir='ltr' id='par_1_68' title="bbox 537 3468 2106 3539">
     <span class='ocr_line' id='line_1_68' title="bbox 537 3468 2106 3539; baseline 0.005 -18"><span class='ocrx_word' id='word_1_523' title='bbox 537 3474 733 3539; x_wconf 91' lang='lat' dir='ltr'><strong>tosque</strong></span> <span class='ocrx_word' id='word_1_524' title='bbox 779 3484 846 3524; x_wconf 82' lang='lat' dir='ltr'><strong>ex</strong></span> <span class='ocrx_word' id='word_1_525' title='bbox 884 3468 988 3526; x_wconf 87' lang='lat' dir='ltr'><strong>ﬁde</strong></span> <span class='ocrx_word' id='word_1_526' title='bbox 1035 3469 1298 3528; x_wconf 85' lang='lat' dir='ltr'><strong>radicitus</strong></span> <span class='ocrx_word' id='word_1_527' title='bbox 1344 3472 1549 3538; x_wconf 85' lang='lat' dir='ltr'><strong>avellit,</strong></span> <span class='ocrx_word' id='word_1_528' title='bbox 1592 3474 1718 3530; x_wconf 89' lang='lat' dir='ltr'><strong>licet</strong></span> <span class='ocrx_word' id='word_1_529' title='bbox 1764 3482 1889 3530; x_wconf 88' lang='lat' dir='ltr'><strong>ante</strong></span> <span class='ocrx_word' id='word_1_530' title='bbox 1915 3474 2106 3529; x_wconf 87' lang='lat' dir='ltr'><strong>admo-</strong></span> 
     </span>
    </p>
   </div>
   <div class='ocr_carea' id='block_1_69' title="bbox 536 3559 2107 3634">
    <p class='ocr_par' dir='ltr' id='par_1_69' title="bbox 536 3559 2107 3634">
     <span class='ocr_line' id='line_1_69' title="bbox 536 3559 2107 3634; baseline 0.005 -20"><span class='ocrx_word' id='word_1_531' title='bbox 536 3560 667 3615; x_wconf 87' lang='lat' dir='ltr'><strong>dum</strong></span> <span class='ocrx_word' id='word_1_532' title='bbox 716 3559 902 3618; x_wconf 89' lang='lat' dir='ltr'><strong>ﬁdeles</strong></span> <span class='ocrx_word' id='word_1_533' title='bbox 954 3562 1231 3634; x_wconf 81' lang='lat' dir='ltr'><strong>fortesque</strong></span> <span class='ocrx_word' id='word_1_534' title='bbox 1281 3564 1502 3620; x_wconf 76' lang='lat' dir='ltr'><strong>fuerint.</strong></span> <span class='ocrx_word' id='word_1_535' title='bbox 1539 3564 1671 3620; x_wconf 88' lang='lat' dir='ltr'><strong>Eam</strong></span> <span class='ocrx_word' id='word_1_536' title='bbox 1719 3565 2107 3622; x_wconf 85' lang='lat' dir='ltr'><strong>dubitationem</strong></span> 
     </span>
    </p>
   </div>
   <div class='ocr_carea' id='block_1_70' title="bbox 537 3652 2111 3729">
    <p class='ocr_par' dir='ltr' id='par_1_70' title="bbox 537 3652 2111 3729">
     <span class='ocr_line' id='line_1_70' title="bbox 537 3652 2111 3729; baseline 0.004 -22"><span class='ocrx_word' id='word_1_537' title='bbox 537 3652 592 3707; x_wconf 93' lang='lat' dir='ltr'><strong>in</strong></span> <span class='ocrx_word' id='word_1_538' title='bbox 636 3654 879 3725; x_wconf 90' lang='lat' dir='ltr'><strong>qualibet</strong></span> <span class='ocrx_word' id='word_1_539' title='bbox 922 3670 985 3711; x_wconf 88' lang='lat' dir='ltr'><strong>re</strong></span> <span class='ocrx_word' id='word_1_540' title='bbox 1036 3658 1393 3723; x_wconf 87' lang='lat' dir='ltr'><strong>contemnito,</strong></span> <span class='ocrx_word' id='word_1_541' title='bbox 1440 3657 1666 3714; x_wconf 89' lang='lat' dir='ltr'><strong>indutus</strong></span> <span class='ocrx_word' id='word_1_542' title='bbox 1715 3659 2006 3729; x_wconf 68' lang='lat' dir='ltr'><strong>praevalida</strong></span> <span class='ocrx_word' id='word_1_543' title='bbox 2054 3666 2111 3715; x_wconf 88' lang='lat' dir='ltr'><strong>et</strong></span> 
     </span>
    </p>
   </div>
   <div class='ocr_carea' id='block_1_71' title="bbox 538 3745 2111 3821">
    <p class='ocr_par' dir='ltr' id='par_1_71' title="bbox 538 3745 2111 3821">
     <span class='ocr_line' id='line_1_71' title="bbox 538 3745 2111 3821; baseline 0.001 -20"><span class='ocrx_word' id='word_1_544' title='bbox 538 3745 695 3802; x_wconf 88' lang='lat' dir='ltr'><strong>ﬁrma</strong></span> <span class='ocrx_word' id='word_1_545' title='bbox 726 3746 848 3804; x_wconf 90' lang='lat' dir='ltr'><strong>ﬁde.</strong></span> <span class='ocrx_word' id='word_1_546' title='bbox 881 3746 1016 3802; x_wconf 90' lang='lat' dir='ltr'><strong>Nam</strong></span> <span class='ocrx_word' id='word_1_547' title='bbox 1059 3748 1191 3806; x_wconf 88' lang='lat' dir='ltr'><strong>ﬁdes</strong></span> <span class='ocrx_word' id='word_1_548' title='bbox 1225 3748 1410 3804; x_wconf 88' lang='lat' dir='ltr'><strong>omnia</strong></span> <span class='ocrx_word' id='word_1_549' title='bbox 1438 3750 1743 3821; x_wconf 86' lang='lat' dir='ltr'><strong>promittit,</strong></span> <span class='ocrx_word' id='word_1_550' title='bbox 1774 3749 1957 3804; x_wconf 88' lang='lat' dir='ltr'><strong>omnia</strong></span> <span class='ocrx_word' id='word_1_551' title='bbox 1984 3764 2111 3820; x_wconf 84' lang='lat' dir='ltr'><strong>per-</strong></span> 
     </span>
    </p>
   </div>
   <div class='ocr_carea' id='block_1_72' title="bbox 539 3837 2111 3910">
    <p class='ocr_par' dir='ltr' id='par_1_72' title="bbox 539 3837 2111 3910">
     <span class='ocr_line' id='line_1_72' title="bbox 539 3837 2111 3910; baseline 0.002 -16"><span class='ocrx_word' id='word_1_552' title='bbox 539 3838 673 3909; x_wconf 80' lang='lat' dir='ltr'><strong>ﬁcit.</strong></span> <span class='ocrx_word' id='word_1_553' title='bbox 720 3837 998 3895; x_wconf 88' lang='lat' dir='ltr'><strong>Dubitatio</strong></span> <span class='ocrx_word' id='word_1_554' title='bbox 1047 3855 1202 3905; x_wconf 88' lang='lat' dir='ltr'><strong>vero,</strong></span> <span class='ocrx_word' id='word_1_555' title='bbox 1261 3855 1382 3910; x_wconf 69' lang='lat' dir='ltr'><strong>quae</strong></span> <span class='ocrx_word' id='word_1_556' title='bbox 1419 3840 1558 3895; x_wconf 87' lang='lat' dir='ltr'><strong>nihil</strong></span> <span class='ocrx_word' id='word_1_557' title='bbox 1607 3840 1801 3905; x_wconf 89' lang='lat' dir='ltr'><strong>credit,</strong></span> <span class='ocrx_word' id='word_1_558' title='bbox 1856 3841 2111 3897; x_wconf 84' lang='lat' dir='ltr'><strong>omnibus</strong></span> 
     </span>
    </p>
   </div>
   <div class='ocr_carea' id='block_1_73' title="bbox 539 3929 2109 4002">
    <p class='ocr_par' dir='ltr' id='par_1_73' title="bbox 539 3929 2109 4002">
     <span class='ocr_line' id='line_1_73' title="bbox 539 3929 2109 4002; baseline 0 -16"><span class='ocrx_word' id='word_1_559' title='bbox 539 3931 655 3986; x_wconf 87' lang='lat' dir='ltr'><strong>suis</strong></span> <span class='ocrx_word' id='word_1_560' title='bbox 704 3929 909 3986; x_wconf 78' lang='lat' dir='ltr'><strong>excidit</strong></span> <span class='ocrx_word' id='word_1_561' title='bbox 952 3931 1231 4002; x_wconf 86' lang='lat' dir='ltr'><strong>operibus.</strong></span> <span class='ocrx_word' id='word_1_562' title='bbox 1270 3930 1351 3985; x_wconf 83' lang='lat' dir='ltr'><strong>Tu</strong></span> <span class='ocrx_word' id='word_1_563' title='bbox 1397 3932 1582 4002; x_wconf 88' lang='lat' dir='ltr'><strong>itaque</strong></span> <span class='ocrx_word' id='word_1_564' title='bbox 1621 3932 1856 3987; x_wconf 86' lang='lat' dir='ltr'><strong>orationi</strong></span> <span class='ocrx_word' id='word_1_565' title='bbox 1887 3947 2109 4002; x_wconf 88' lang='lat' dir='ltr'><strong>operam</strong></span> 
     </span>
    </p>
   </div>
   <div class='ocr_carea' id='block_1_74' title="bbox 538 4019 2110 4091">
    <p class='ocr_par' dir='ltr' id='par_1_74' title="bbox 538 4019 2110 4091">
     <span class='ocr_line' id='line_1_74' title="bbox 538 4019 2110 4091; baseline 0.003 -18"><span class='ocrx_word' id='word_1_566' title='bbox 538 4019 686 4084; x_wconf 86' lang='lat' dir='ltr'><strong>dato,</strong></span> <span class='ocrx_word' id='word_1_567' title='bbox 713 4035 811 4090; x_wconf 92' lang='lat' dir='ltr'><strong>per</strong></span> <span class='ocrx_word' id='word_1_568' title='bbox 842 4020 1098 4076; x_wconf 77' lang='lat' dir='ltr'><strong>virtutem</strong></span> <span class='ocrx_word' id='word_1_569' title='bbox 1130 4020 1273 4086; x_wconf 89' lang='lat' dir='ltr'><strong>ﬁdei,</strong></span> <span class='ocrx_word' id='word_1_570' title='bbox 1303 4028 1358 4076; x_wconf 92' lang='lat' dir='ltr'><strong>et</strong></span> <span class='ocrx_word' id='word_1_571' title='bbox 1391 4020 1501 4079; x_wconf 91' lang='lat' dir='ltr'><strong>Deo</strong></span> <span class='ocrx_word' id='word_1_572' title='bbox 1524 4022 1696 4086; x_wconf 82' lang='lat' dir='ltr'><strong>vives,</strong></span> <span class='ocrx_word' id='word_1_573' title='bbox 1726 4029 1889 4091; x_wconf 90' lang='lat' dir='ltr'><strong>atque</strong></span> <span class='ocrx_word' id='word_1_574' title='bbox 1919 4035 2110 4077; x_wconf 87' lang='lat' dir='ltr'><strong>omnes</strong></span> 
     </span>
    </p>
   </div>
   <div class='ocr_carea' id='block_1_75' title="bbox 541 4107 2108 4180">
    <p class='ocr_par' dir='ltr' id='par_1_75' title="bbox 541 4107 2108 4180">
     <span class='ocr_line' id='line_1_75' title="bbox 541 4107 2108 4180; baseline 0.004 -20"><span class='ocrx_word' id='word_1_575' title='bbox 541 4108 634 4178; x_wconf 91' lang='lat' dir='ltr'><strong>qui</strong></span> <span class='ocrx_word' id='word_1_576' title='bbox 712 4107 1188 4180; x_wconf 88' lang='lat' dir='ltr'><strong>(dubitationem)</strong></span> <span class='ocrx_word' id='word_1_577' title='bbox 1255 4110 1684 4180; x_wconf 88' lang='lat' dir='ltr'><strong>contempserint</strong></span> <span class='ocrx_word' id='word_1_578' title='bbox 1760 4110 1814 4164; x_wconf 93' lang='lat' dir='ltr'><strong>in</strong></span> <span class='ocrx_word' id='word_1_579' title='bbox 1886 4110 2108 4166; x_wconf 63' lang='lat' dir='ltr'><strong>saecula.</strong></span> 
     </span>
    </p>
   </div>
   <div class='ocr_carea' id='block_1_76' title="bbox 541 4198 736 4255">
    <p class='ocr_par' dir='ltr' id='par_1_76' title="bbox 541 4198 736 4255">
     <span class='ocr_line' id='line_1_76' title="bbox 541 4198 736 4255; baseline -0.005 -2"><span class='ocrx_word' id='word_1_580' title='bbox 541 4198 736 4255; x_wconf 81' lang='lat' dir='ltr'><strong>Amen.</strong></span> 
     </span>
    </p>
   </div>
   <div class='ocr_carea' id='block_1_77' title="bbox 2211 3282 3781 3359">
    <p class='ocr_par' dir='ltr' id='par_1_77' title="bbox 2211 3282 3781 3359">
     <span class='ocr_line' id='line_1_77' title="bbox 2211 3282 3781 3359; baseline -0.001 -21"><span class='ocrx_word' id='word_1_581' title='bbox 2211 3300 2311 3359; x_wconf 74' lang='grc' dir='ltr'>σῃς</span> <span class='ocrx_word' id='word_1_582' title='bbox 2337 3282 2487 3337; x_wconf 87' lang='grc' dir='ltr'>αἱτού</span> <span class='ocrx_word' id='word_1_583' title='bbox 2495 3300 2674 3355; x_wconf 88' lang='grc' dir='ltr'>μενος,</span> <span class='ocrx_word' id='word_1_584' title='bbox 2702 3282 2891 3336; x_wconf 84' lang='grc' dir='ltr'>ἐαυτὸν</span> <span class='ocrx_word' id='word_1_585' title='bbox 2921 3282 3096 3346; x_wconf 84' lang='grc' dir='ltr'>αἰτιῶ,</span> <span class='ocrx_word' id='word_1_586' title='bbox 3132 3285 3226 3336; x_wconf 73' lang='grc' dir='ltr'><strong>καὶ</strong></span> <span class='ocrx_word' id='word_1_587' title='bbox 3251 3282 3324 3355; x_wconf 84' lang='grc' dir='ltr'>μὴ</span> <span class='ocrx_word' id='word_1_588' title='bbox 3347 3284 3436 3336; x_wconf 84' lang='grc' dir='ltr'><strong>τὸν</strong></span> <span class='ocrx_word' id='word_1_589' title='bbox 3473 3282 3548 3354; x_wconf 78' lang='grc' dir='ltr'><strong>μὴ</strong></span> <span class='ocrx_word' id='word_1_590' title='bbox 3573 3283 3781 3337; x_wconf 85' lang='grc' dir='ltr'>διδόντα</span> 
     </span>
    </p>
   </div>
   <div class='ocr_carea' id='block_1_78' title="bbox 2209 3364 3782 3443">
    <p class='ocr_par' dir='ltr' id='par_1_78' title="bbox 2209 3364 3782 3443">
     <span class='ocr_line' id='line_1_78' title="bbox 2209 3364 3782 3443; baseline -0.002 -16"><span class='ocrx_word' id='word_1_591' title='bbox 2209 3364 2312 3427; x_wconf 85' lang='grc' dir='ltr'>σοὶ.</span> <span class='ocrx_word' id='word_1_592' title='bbox 2339 3372 2509 3426; x_wconf 78' lang='grc' dir='ltr'>Βλέπε</span> <span class='ocrx_word' id='word_1_593' title='bbox 2531 3367 2623 3427; x_wconf 82' lang='grc' dir='ltr'><strong>οὗν</strong></span> <span class='ocrx_word' id='word_1_594' title='bbox 2640 3371 2737 3443; x_wconf 84' lang='grc' dir='ltr'><strong>τὴν</strong></span> <span class='ocrx_word' id='word_1_595' title='bbox 2765 3370 3015 3441; x_wconf 75' lang='grc' dir='ltr'>διψυχίαν</span> <span class='ocrx_word' id='word_1_596' title='bbox 3034 3371 3237 3443; x_wconf 79' lang='grc' dir='ltr'>ταύτην</span> <span class='ocrx_word' id='word_1_597' title='bbox 3256 3388 3269 3401; x_wconf 92' lang='grc'><strong>·</strong></span> <span class='ocrx_word' id='word_1_598' title='bbox 3291 3370 3500 3441; x_wconf 82' lang='grc' dir='ltr'>πονηρά</span> <span class='ocrx_word' id='word_1_599' title='bbox 3531 3371 3640 3442; x_wconf 88' lang='grc' dir='ltr'><strong>γάρ</strong></span> <span class='ocrx_word' id='word_1_600' title='bbox 3668 3373 3782 3424; x_wconf 86' lang='grc' dir='ltr'>ἐστι</span> 
     </span>
    </p>
   </div>
   <div class='ocr_carea' id='block_1_79' title="bbox 2208 3460 3788 3533">
    <p class='ocr_par' dir='ltr' id='par_1_79' title="bbox 2208 3460 3788 3533">
     <span class='ocr_line' id='line_1_79' title="bbox 2208 3460 3788 3533; baseline -0.003 -15"><span class='ocrx_word' id='word_1_601' title='bbox 2208 3465 2303 3519; x_wconf 80' lang='grc' dir='ltr'>καὶ</span> <span class='ocrx_word' id='word_1_602' title='bbox 2334 3463 2588 3527; x_wconf 85' lang='grc' dir='ltr'>ἀσύνετος</span> <span class='ocrx_word' id='word_1_603' title='bbox 2620 3464 2711 3517; x_wconf 81' lang='grc' dir='ltr'>καὶ</span> <span class='ocrx_word' id='word_1_604' title='bbox 2759 3460 2983 3525; x_wconf 76' lang='grc' dir='ltr'>πολλοὺς</span> <span class='ocrx_word' id='word_1_605' title='bbox 3021 3462 3228 3533; x_wconf 82' lang='grc' dir='ltr'>ἐκριζοῖ</span> <span class='ocrx_word' id='word_1_606' title='bbox 3269 3462 3376 3533; x_wconf 81' lang='grc'><strong>(65)</strong></span> <span class='ocrx_word' id='word_1_607' title='bbox 3412 3461 3519 3516; x_wconf 88' lang='grc' dir='ltr'>ἀπὸ</span> <span class='ocrx_word' id='word_1_608' title='bbox 3555 3462 3657 3532; x_wconf 77' lang='grc' dir='ltr'><strong>τῆς</strong></span> <span class='ocrx_word' id='word_1_609' title='bbox 3704 3462 3788 3514; x_wconf 87' lang='grc' dir='ltr'>πί-</span> 
     </span>
    </p>
   </div>
   <div class='ocr_carea' id='block_1_80' title="bbox 2215 3554 3788 3628">
    <p class='ocr_par' dir='ltr' id='par_1_80' title="bbox 2215 3554 3788 3628">
     <span class='ocr_line' id='line_1_80' title="bbox 2215 3554 3788 3628; baseline -0.002 -17"><span class='ocrx_word' id='word_1_610' title='bbox 2215 3574 2405 3622; x_wconf 84' lang='grc' dir='ltr'>στεως,</span> <span class='ocrx_word' id='word_1_611' title='bbox 2435 3557 2529 3611; x_wconf 91' lang='grc' dir='ltr'><strong>καί</strong></span> <span class='ocrx_word' id='word_1_612' title='bbox 2561 3573 2623 3626; x_wconf 89' lang='grc' dir='ltr'><strong>γε</strong></span> <span class='ocrx_word' id='word_1_613' title='bbox 2650 3556 2767 3610; x_wconf 86' lang='grc' dir='ltr'>λίαν</span> <span class='ocrx_word' id='word_1_614' title='bbox 2809 3557 3033 3616; x_wconf 83' lang='grc' dir='ltr'>πιστοὺς</span> <span class='ocrx_word' id='word_1_615' title='bbox 3063 3555 3159 3609; x_wconf 73' lang='grc' dir='ltr'>καὶ</span> <span class='ocrx_word' id='word_1_616' title='bbox 3196 3554 3468 3628; x_wconf 87' lang='grc' dir='ltr'>ἰσχυρούς.</span> <span class='ocrx_word' id='word_1_617' title='bbox 3495 3556 3788 3627; x_wconf 77' lang='grc' dir='ltr'><strong>Καταφρό-</strong></span> 
     </span>
    </p>
   </div>
   <div class='ocr_carea' id='block_1_81' title="bbox 2211 3643 3786 3721">
    <p class='ocr_par' dir='ltr' id='par_1_81' title="bbox 2211 3643 3786 3721">
     <span class='ocr_line' id='line_1_81' title="bbox 2211 3643 3786 3721; baseline 0 -20"><span class='ocrx_word' id='word_1_618' title='bbox 2211 3665 2376 3721; x_wconf 88' lang='grc' dir='ltr'>νησον</span> <span class='ocrx_word' id='word_1_619' title='bbox 2404 3643 2497 3700; x_wconf 78' lang='grc' dir='ltr'>οὖν</span> <span class='ocrx_word' id='word_1_620' title='bbox 2520 3647 2687 3717; x_wconf 78' lang='grc' dir='ltr'>αὐτῆς</span> <span class='ocrx_word' id='word_1_621' title='bbox 2708 3647 2766 3700; x_wconf 87' lang='grc' dir='ltr'><strong>ἐν</strong></span> <span class='ocrx_word' id='word_1_622' title='bbox 2791 3646 2953 3700; x_wconf 76' lang='grc' dir='ltr'>παντὶ</span> <span class='ocrx_word' id='word_1_623' title='bbox 2983 3646 3285 3717; x_wconf 80' lang='grc' dir='ltr'>πράγματι,</span> <span class='ocrx_word' id='word_1_624' title='bbox 3306 3646 3666 3717; x_wconf 82' lang='grc' dir='ltr'>ἐνδυσάμενος</span> <span class='ocrx_word' id='word_1_625' title='bbox 3689 3646 3786 3718; x_wconf 76' lang='grc' dir='ltr'><strong>τὴν</strong></span> 
     </span>
    </p>
   </div>
   <div class='ocr_carea' id='block_1_82' title="bbox 2213 3737 3787 3811">
    <p class='ocr_par' dir='ltr' id='par_1_82' title="bbox 2213 3737 3787 3811">
     <span class='ocr_line' id='line_1_82' title="bbox 2213 3737 3787 3811; baseline -0.001 -17"><span class='ocrx_word' id='word_1_626' title='bbox 2213 3740 2396 3794; x_wconf 88' lang='grc' dir='ltr'>πίστιν</span> <span class='ocrx_word' id='word_1_627' title='bbox 2426 3737 2523 3810; x_wconf 80' lang='grc' dir='ltr'><strong>τὴν</strong></span> <span class='ocrx_word' id='word_1_628' title='bbox 2554 3737 2781 3811; x_wconf 82' lang='grc' dir='ltr'>ἰσχυρὰν</span> <span class='ocrx_word' id='word_1_629' title='bbox 2813 3739 2907 3792; x_wconf 77' lang='grc' dir='ltr'><strong>καὶ</strong></span> <span class='ocrx_word' id='word_1_630' title='bbox 2925 3738 3183 3810; x_wconf 79' lang='grc' dir='ltr'>δυνατήνο</span> <span class='ocrx_word' id='word_1_631' title='bbox 3215 3741 3248 3811; x_wconf 84' lang='grc' dir='ltr'><strong>ή</strong></span> <span class='ocrx_word' id='word_1_632' title='bbox 3277 3738 3385 3809; x_wconf 82' lang='grc' dir='ltr'><strong>γὰρ</strong></span> <span class='ocrx_word' id='word_1_633' title='bbox 3405 3738 3587 3803; x_wconf 87' lang='grc' dir='ltr'>πίστις</span> <span class='ocrx_word' id='word_1_634' title='bbox 3610 3741 3787 3794; x_wconf 83' lang='grc' dir='ltr'>πάντα</span> 
     </span>
    </p>
   </div>
   <div class='ocr_carea' id='block_1_83' title="bbox 2215 3830 3790 3904">
    <p class='ocr_par' dir='ltr' id='par_1_83' title="bbox 2215 3830 3790 3904">
     <span class='ocr_line' id='line_1_83' title="bbox 2215 3830 3790 3904; baseline -0.001 -17"><span class='ocrx_word' id='word_1_635' title='bbox 2215 3832 2632 3901; x_wconf 81' lang='grc' dir='ltr'>ἐπαγγέλλεται,</span> <span class='ocrx_word' id='word_1_636' title='bbox 2653 3832 2830 3886; x_wconf 85' lang='grc' dir='ltr'>πάντα</span> <span class='ocrx_word' id='word_1_637' title='bbox 2856 3830 3052 3885; x_wconf 87' lang='grc' dir='ltr'>τελειοῖ</span> <span class='ocrx_word' id='word_1_638' title='bbox 3071 3849 3084 3863; x_wconf 93' lang='grc'><strong>·</strong></span> <span class='ocrx_word' id='word_1_639' title='bbox 3114 3833 3148 3903; x_wconf 83' lang='grc' dir='ltr'><strong>ἡ</strong></span> <span class='ocrx_word' id='word_1_640' title='bbox 3174 3832 3230 3886; x_wconf 85' lang='grc' dir='ltr'>δὲ</span> <span class='ocrx_word' id='word_1_641' title='bbox 3255 3831 3497 3902; x_wconf 77' lang='grc' dir='ltr'>διψυχία,</span> <span class='ocrx_word' id='word_1_642' title='bbox 3523 3830 3598 3904; x_wconf 77' lang='grc' dir='ltr'>μὴ</span> <span class='ocrx_word' id='word_1_643' title='bbox 3620 3849 3790 3886; x_wconf 86' lang='grc' dir='ltr'>κατα-</span> 
     </span>
    </p>
   </div>
   <div class='ocr_carea' id='block_1_84' title="bbox 2217 3924 3789 3997">
    <p class='ocr_par' dir='ltr' id='par_1_84' title="bbox 2217 3924 3789 3997">
     <span class='ocr_line' id='line_1_84' title="bbox 2217 3924 3789 3997; baseline 0.001 -19"><span class='ocrx_word' id='word_1_644' title='bbox 2217 3924 2548 3978; x_wconf 86' lang='grc' dir='ltr'>πιστεύουσα</span> <span class='ocrx_word' id='word_1_645' title='bbox 2581 3924 2796 3996; x_wconf 78' lang='grc' dir='ltr'>ἑαυτὴν,</span> <span class='ocrx_word' id='word_1_646' title='bbox 2832 3926 3048 3979; x_wconf 85' lang='grc' dir='ltr'>πάντων</span> <span class='ocrx_word' id='word_1_647' title='bbox 3081 3925 3446 3995; x_wconf 82' lang='grc' dir='ltr'>ἀποτυγχάνει</span> <span class='ocrx_word' id='word_1_648' title='bbox 3477 3925 3587 3978; x_wconf 84' lang='grc' dir='ltr'>τῶν</span> <span class='ocrx_word' id='word_1_649' title='bbox 3614 3924 3789 3997; x_wconf 78' lang='grc' dir='ltr'>ἔργων</span> 
     </span>
    </p>
   </div>
   <div class='ocr_carea' id='block_1_85' title="bbox 2218 4008 3788 4090">
    <p class='ocr_par' dir='ltr' id='par_1_85' title="bbox 2218 4008 3788 4090">
     <span class='ocr_line' id='line_1_85' title="bbox 2218 4008 3788 4090; baseline 0.001 -20"><span class='ocrx_word' id='word_1_650' title='bbox 2218 4017 2408 4086; x_wconf 78' lang='grc' dir='ltr'>αὐτῆς,</span> <span class='ocrx_word' id='word_1_651' title='bbox 2433 4008 2506 4068; x_wconf 81' lang='grc' dir='ltr'><strong>ὧν</strong></span> <span class='ocrx_word' id='word_1_652' title='bbox 2536 4017 2789 4087; x_wconf 78' lang='grc' dir='ltr'>πράσσει.</span> <span class='ocrx_word' id='word_1_653' title='bbox 2824 4018 2897 4070; x_wconf 75' lang='grc' dir='ltr'><strong>Σὺ</strong></span> <span class='ocrx_word' id='word_1_654' title='bbox 2934 4014 3028 4071; x_wconf 76' lang='grc' dir='ltr'><strong>οὖν</strong></span> <span class='ocrx_word' id='word_1_655' title='bbox 3053 4017 3269 4071; x_wconf 81' lang='grc' dir='ltr'>δούλευε</span> <span class='ocrx_word' id='word_1_656' title='bbox 3301 4021 3365 4089; x_wconf 81' lang='grc' dir='ltr'><strong>τῇ</strong></span> <span class='ocrx_word' id='word_1_657' title='bbox 3396 4018 3527 4088; x_wconf 79' lang='grc' dir='ltr'>εὐχῇ</span> <span class='ocrx_word' id='word_1_658' title='bbox 3556 4034 3674 4081; x_wconf 87' lang='grc' dir='ltr'>σου,</span> <span class='ocrx_word' id='word_1_659' title='bbox 3722 4021 3788 4090; x_wconf 82' lang='grc' dir='ltr'>τῇ</span> 
     </span>
    </p>
   </div>
   <div class='ocr_carea' id='block_1_86' title="bbox 2217 4106 3791 4181">
    <p class='ocr_par' dir='ltr' id='par_1_86' title="bbox 2217 4106 3791 4181">
     <span class='ocr_line' id='line_1_86' title="bbox 2217 4106 3791 4181; baseline 0.003 -22"><span class='ocrx_word' id='word_1_660' title='bbox 2217 4106 2442 4177; x_wconf 84' lang='grc' dir='ltr'>δυνάμει</span> <span class='ocrx_word' id='word_1_661' title='bbox 2488 4107 2586 4178; x_wconf 81' lang='grc' dir='ltr'><strong>τῆς</strong></span> <span class='ocrx_word' id='word_1_662' title='bbox 2616 4108 2872 4172; x_wconf 79' lang='grc' dir='ltr'>πίστεως,</span> <span class='ocrx_word' id='word_1_663' title='bbox 2912 4109 3005 4162; x_wconf 74' lang='grc' dir='ltr'>καὶ</span> <span class='ocrx_word' id='word_1_664' title='bbox 3040 4106 3180 4181; x_wconf 77' lang='grc' dir='ltr'>ζήσῃ</span> <span class='ocrx_word' id='word_1_665' title='bbox 3207 4109 3284 4180; x_wconf 82' lang='grc' dir='ltr'><strong>τῷ</strong></span> <span class='ocrx_word' id='word_1_666' title='bbox 3309 4110 3428 4181; x_wconf 85' lang='grc' dir='ltr'><strong>Θεῷ</strong></span> <span class='ocrx_word' id='word_1_667' title='bbox 3457 4111 3554 4164; x_wconf 79' lang='grc' dir='ltr'><strong>καὶ</strong></span> <span class='ocrx_word' id='word_1_668' title='bbox 3591 4112 3791 4174; x_wconf 88' lang='grc' dir='ltr'>πάντες</span> 
     </span>
    </p>
   </div>
   <div class='ocr_carea' id='block_1_87' title="bbox 2218 4200 3543 4274">
    <p class='ocr_par' dir='ltr' id='par_1_87' title="bbox 2218 4200 3543 4274">
     <span class='ocr_line' id='line_1_87' title="bbox 2218 4200 3543 4274; baseline 0.005 -23"><span class='ocrx_word' id='word_1_669' title='bbox 2218 4200 2267 4251; x_wconf 87' lang='grc' dir='ltr'>οἰ</span> <span class='ocrx_word' id='word_1_670' title='bbox 2298 4201 2804 4271; x_wconf 78' lang='grc' dir='ltr'>καταφρονήσαντες</span> <span class='ocrx_word' id='word_1_671' title='bbox 2829 4202 2906 4264; x_wconf 87' lang='grc' dir='ltr'>εἰς</span> <span class='ocrx_word' id='word_1_672' title='bbox 2940 4202 3067 4266; x_wconf 80' lang='grc' dir='ltr'>τοὺς</span> <span class='ocrx_word' id='word_1_673' title='bbox 3093 4200 3308 4265; x_wconf 84' lang='grc' dir='ltr'>αἰῶνας.</span> <span class='ocrx_word' id='word_1_674' title='bbox 3349 4202 3543 4274; x_wconf 81' lang='grc' dir='ltr'>Ἀμήν.</span> 
     </span>
    </p>
   </div>
   <div class='ocr_carea' id='block_1_88' title="bbox 1315 4317 2943 4386">
    <p class='ocr_par' dir='ltr' id='par_1_88' title="bbox 1315 4317 2943 4386">
     <span class='ocr_line' id='line_1_88' title="bbox 1315 4317 2943 4386; baseline 0 -13"><span class='ocrx_word' id='word_1_675' title='bbox 1315 4320 1589 4375; x_wconf 80' lang='lat' dir='ltr'><strong>Decimum</strong></span> <span class='ocrx_word' id='word_1_676' title='bbox 1608 4321 1942 4383; x_wconf 83' lang='lat' dir='ltr'><strong>mandatum,</strong></span> <span class='ocrx_word' id='word_1_677' title='bbox 1973 4320 2117 4373; x_wconf 84' lang='lat' dir='ltr'><strong>mala</strong></span> <span class='ocrx_word' id='word_1_678' title='bbox 2153 4319 2573 4386; x_wconf 76' lang='lat' dir='ltr'><strong>concupiscentia</strong></span> <span class='ocrx_word' id='word_1_679' title='bbox 2595 4317 2943 4373; x_wconf 81' lang='lat' dir='ltr'><strong>eliminanda.</strong></span> 
     </span>
    </p>
   </div>
   <div class='ocr_carea' id='block_1_89' title="bbox 614 4431 2121 4510">
    <p class='ocr_par' dir='ltr' id='par_1_89' title="bbox 614 4434 2103 4510">
     <span class='ocr_line' id='line_1_89' title="bbox 614 4434 2103 4510; baseline 0.003 -21"><span class='ocrx_word' id='word_1_680' title='bbox 614 4434 707 4490; x_wconf 80' lang='grc' dir='ltr'>ιο.</span> <span class='ocrx_word' id='word_1_681' title='bbox 753 4435 889 4491; x_wconf 89' lang='lat' dir='ltr'><strong>Cum</strong></span> <span class='ocrx_word' id='word_1_682' title='bbox 942 4434 1138 4491; x_wconf 89' lang='lat' dir='ltr'><strong>iterum</strong></span> <span class='ocrx_word' id='word_1_683' title='bbox 1188 4446 1458 4504; x_wconf 86' lang='lat' dir='ltr'><strong>orassent,</strong></span> <span class='ocrx_word' id='word_1_684' title='bbox 1510 4438 1586 4493; x_wconf 91' lang='lat' dir='ltr'><strong>ait</strong></span> <span class='ocrx_word' id='word_1_685' title='bbox 1634 4439 1711 4494; x_wconf 90' lang='lat' dir='ltr'><strong>illi</strong></span> <span class='ocrx_word' id='word_1_686' title='bbox 1753 4439 2043 4510; x_wconf 81' lang='lat' dir='ltr'><strong>episcOpus</strong></span> <span class='ocrx_word' id='word_1_687' title='bbox 2088 4455 2103 4493; x_wconf 89' lang='lat'><strong>:</strong></span> 
     </span>
    </p>
   </div>
   <div class='ocr_carea' id='block_1_90' title="bbox 2207 4431 3792 4510">
    <p class='ocr_par' dir='ltr' id='par_1_90' title="bbox 2284 4431 3792 4506">
     <span class='ocr_line' id='line_1_90' title="bbox 2284 4431 3792 4506; baseline -0.005 -14"><span class='ocrx_word' id='word_1_688' title='bbox 2284 4436 2368 4492; x_wconf 79' lang='grc'><strong>10.</strong></span> <span class='ocrx_word' id='word_1_689' title='bbox 2387 4435 2496 4506; x_wconf 67' lang='grc'>(64)</span> <span class='ocrx_word' id='word_1_690' title='bbox 2514 4437 2623 4489; x_wconf 73' lang='grc' dir='ltr'><strong>Καὶ</strong></span> <span class='ocrx_word' id='word_1_691' title='bbox 2647 4435 2959 4506; x_wconf 78' lang='grc' dir='ltr'>εὐξαμένων</span> <span class='ocrx_word' id='word_1_692' title='bbox 2972 4435 3175 4496; x_wconf 81' lang='grc' dir='ltr'>αὐτῶν,</span> <span class='ocrx_word' id='word_1_693' title='bbox 3196 4434 3342 4502; x_wconf 82' lang='grc' dir='ltr'>λέγει</span> <span class='ocrx_word' id='word_1_694' title='bbox 3361 4431 3509 4503; x_wconf 80' lang='grc' dir='ltr'><strong>αὐτῷ</strong></span> <span class='ocrx_word' id='word_1_695' title='bbox 3531 4432 3560 4484; x_wconf 89' lang='grc' dir='ltr'><strong>ὀ</strong></span> <span class='ocrx_word' id='word_1_696' title='bbox 3574 4432 3792 4485; x_wconf 84' lang='grc' dir='ltr'>ἐπίσκο-</span> 
     </span>
    </p>
   </div>
   <div class='ocr_carea' id='block_1_91' title="bbox 545 4525 2116 4599">
    <p class='ocr_par' dir='ltr' id='par_1_91' title="bbox 545 4525 2116 4599">
     <span class='ocr_line' id='line_1_91' title="bbox 545 4525 2116 4599; baseline 0.001 -17"><span class='ocrx_word' id='word_1_697' title='bbox 545 4525 685 4582; x_wconf 84' lang='lat' dir='ltr'><strong>Audi</strong></span> <span class='ocrx_word' id='word_1_698' title='bbox 725 4527 995 4583; x_wconf 88' lang='lat' dir='ltr'><strong>decimum</strong></span> <span class='ocrx_word' id='word_1_699' title='bbox 1024 4535 1351 4599; x_wconf 70' lang='lat' dir='ltr'><strong>praeceptum</strong></span> <span class='ocrx_word' id='word_1_700' title='bbox 1383 4548 1396 4584; x_wconf 91' lang='lat'><strong>:</strong></span> <span class='ocrx_word' id='word_1_701' title='bbox 1421 4529 1590 4586; x_wconf 83' lang='lat' dir='ltr'><strong>Aufer</strong></span> <span class='ocrx_word' id='word_1_702' title='bbox 1620 4546 1651 4586; x_wconf 91' lang='lat' dir='ltr'><strong>a</strong></span> <span class='ocrx_word' id='word_1_703' title='bbox 1683 4538 1737 4585; x_wconf 93' lang='lat' dir='ltr'><strong>te</strong></span> <span class='ocrx_word' id='word_1_704' title='bbox 1757 4545 1971 4586; x_wconf 91' lang='lat' dir='ltr'><strong>omnem</strong></span> <span class='ocrx_word' id='word_1_705' title='bbox 1999 4545 2116 4584; x_wconf 90' lang='lat' dir='ltr'><strong>ma-</strong></span> 
     </span>
    </p>
   </div>
   <div class='ocr_carea' id='block_1_92' title="bbox 545 4617 2116 4690">
    <p class='ocr_par' dir='ltr' id='par_1_92' title="bbox 545 4617 2116 4690">
     <span class='ocr_line' id='line_1_92' title="bbox 545 4617 2116 4690; baseline -0.003 -18"><span class='ocrx_word' id='word_1_706' title='bbox 545 4619 653 4672; x_wconf 91' lang='lat' dir='ltr'><strong>lam</strong></span> <span class='ocrx_word' id='word_1_707' title='bbox 705 4618 1079 4690; x_wconf 85' lang='lat' dir='ltr'><strong>cupiditatem,</strong></span> <span class='ocrx_word' id='word_1_708' title='bbox 1132 4617 1404 4689; x_wconf 88' lang='lat' dir='ltr'><strong>induequc</strong></span> <span class='ocrx_word' id='word_1_709' title='bbox 1458 4620 1658 4675; x_wconf 89' lang='lat' dir='ltr'><strong>bonam</strong></span> <span class='ocrx_word' id='word_1_710' title='bbox 1719 4627 1773 4673; x_wconf 93' lang='lat' dir='ltr'><strong>et</strong></span> <span class='ocrx_word' id='word_1_711' title='bbox 1834 4618 2116 4672; x_wconf 83' lang='lat' dir='ltr'><strong>honestam</strong></span> 
     </span>
    </p>
   </div>
   <div class='ocr_carea' id='block_1_93' title="bbox 546 4707 2119 4780">
    <p class='ocr_par' dir='ltr' id='par_1_93' title="bbox 546 4707 2119 4780">
     <span class='ocr_line' id='line_1_93' title="bbox 546 4707 2119 4780; baseline -0.002 -16"><span class='ocrx_word' id='word_1_712' title='bbox 546 4708 899 4779; x_wconf 91' lang='lat' dir='ltr'><strong>cupiditatem</strong></span> <span class='ocrx_word' id='word_1_713' title='bbox 949 4725 965 4762; x_wconf 89' lang='lat'><strong>:</strong></span> <span class='ocrx_word' id='word_1_714' title='bbox 1010 4724 1131 4765; x_wconf 92' lang='lat' dir='ltr'><strong>eam</strong></span> <span class='ocrx_word' id='word_1_715' title='bbox 1179 4726 1412 4780; x_wconf 90' lang='lat' dir='ltr'><strong>namque</strong></span> <span class='ocrx_word' id='word_1_716' title='bbox 1460 4710 1708 4776; x_wconf 90' lang='lat' dir='ltr'><strong>indutus,</strong></span> <span class='ocrx_word' id='word_1_717' title='bbox 1758 4709 1955 4763; x_wconf 89' lang='lat' dir='ltr'><strong>malam</strong></span> <span class='ocrx_word' id='word_1_718' title='bbox 1992 4707 2119 4762; x_wconf 88' lang='lat' dir='ltr'><strong>odio</strong></span> 
     </span>
    </p>
   </div>
   <div class='ocr_carea' id='block_1_94' title="bbox 546 4800 2116 4876">
    <p class='ocr_par' dir='ltr' id='par_1_94' title="bbox 546 4800 2116 4876">
     <span class='ocr_line' id='line_1_94' title="bbox 546 4800 2116 4876; baseline -0.004 -16"><span class='ocrx_word' id='word_1_719' title='bbox 546 4804 799 4861; x_wconf 88' lang='lat' dir='ltr'><strong>habebis.</strong></span> <span class='ocrx_word' id='word_1_720' title='bbox 825 4804 963 4861; x_wconf 86' lang='lat' dir='ltr'><strong>Fera</strong></span> <span class='ocrx_word' id='word_1_721' title='bbox 987 4805 1133 4861; x_wconf 90' lang='lat' dir='ltr'><strong>enim</strong></span> <span class='ocrx_word' id='word_1_722' title='bbox 1161 4805 1433 4876; x_wconf 90' lang='lat' dir='ltr'><strong>cupiditas</strong></span> <span class='ocrx_word' id='word_1_723' title='bbox 1474 4807 1528 4859; x_wconf 91' lang='lat' dir='ltr'><strong>in</strong></span> <span class='ocrx_word' id='word_1_724' title='bbox 1565 4806 1680 4859; x_wconf 76' lang='lat' dir='ltr'><strong>haec</strong></span> <span class='ocrx_word' id='word_1_725' title='bbox 1710 4801 1900 4857; x_wconf 87' lang='lat' dir='ltr'><strong>incidit</strong></span> <span class='ocrx_word' id='word_1_726' title='bbox 1936 4800 2116 4867; x_wconf 87' lang='lat' dir='ltr'><strong>mala;</strong></span> 
     </span>
    </p>
   </div>
   <div class='ocr_carea' id='block_1_95' title="bbox 549 4892 2119 4968">
    <p class='ocr_par' dir='ltr' id='par_1_95' title="bbox 549 4892 2119 4968">
     <span class='ocr_line' id='line_1_95' title="bbox 549 4892 2119 4968; baseline -0.004 -17"><span class='ocrx_word' id='word_1_727' title='bbox 549 4898 603 4952; x_wconf 90' lang='lat' dir='ltr'><strong>in</strong></span> <span class='ocrx_word' id='word_1_728' title='bbox 638 4897 881 4953; x_wconf 88' lang='lat' dir='ltr'><strong>dolorem</strong></span> <span class='ocrx_word' id='word_1_729' title='bbox 912 4912 1022 4968; x_wconf 92' lang='lat' dir='ltr'><strong>quo</strong></span> <span class='ocrx_word' id='word_1_730' title='bbox 1052 4898 1136 4953; x_wconf 91' lang='lat' dir='ltr'><strong>vir</strong></span> <span class='ocrx_word' id='word_1_731' title='bbox 1182 4897 1498 4967; x_wconf 90' lang='lat' dir='ltr'><strong>imprudens</strong></span> <span class='ocrx_word' id='word_1_732' title='bbox 1528 4892 1915 4950; x_wconf 88' lang='lat' dir='ltr'><strong>miserabiliter</strong></span> <span class='ocrx_word' id='word_1_733' title='bbox 1951 4892 2119 4947; x_wconf 60' lang='lat' dir='ltr'><strong>absuv</strong></span> 
     </span>
    </p>
   </div>
   <div class='ocr_carea' id='block_1_96' title="bbox 547 4980 2117 5058">
    <p class='ocr_par' dir='ltr' id='par_1_96' title="bbox 547 4980 2117 5058">
     <span class='ocr_line' id='line_1_96' title="bbox 547 4980 2117 5058; baseline -0.005 -16"><span class='ocrx_word' id='word_1_734' title='bbox 547 4989 735 5044; x_wconf 89' lang='lat' dir='ltr'><strong>mitur.</strong></span> <span class='ocrx_word' id='word_1_735' title='bbox 790 4987 1116 5058; x_wconf 83' lang='lat' dir='ltr'><strong>Hujusmodi</strong></span> <span class='ocrx_word' id='word_1_736' title='bbox 1168 4996 1349 5043; x_wconf 92' lang='lat' dir='ltr'><strong>autem</strong></span> <span class='ocrx_word' id='word_1_737' title='bbox 1396 4986 1644 5040; x_wconf 86' lang='lat' dir='ltr'><strong>homines</strong></span> <span class='ocrx_word' id='word_1_738' title='bbox 1672 4982 1911 5038; x_wconf 88' lang='lat' dir='ltr'><strong>absumit</strong></span> <span class='ocrx_word' id='word_1_739' title='bbox 1939 4980 2117 5049; x_wconf 88' lang='lat' dir='ltr'><strong>dolor,</strong></span> 
     </span>
    </p>
   </div>
   <div class='ocr_carea' id='block_1_97' title="bbox 548 5072 2120 5153">
    <p class='ocr_par' dir='ltr' id='par_1_97' title="bbox 548 5072 2120 5153">
     <span class='ocr_line' id='line_1_97' title="bbox 548 5072 2120 5153; baseline -0.005 -17"><span class='ocrx_word' id='word_1_740' title='bbox 548 5083 676 5153; x_wconf 85' lang='lat' dir='ltr'><strong>quia</strong></span> <span class='ocrx_word' id='word_1_741' title='bbox 720 5081 1039 5137; x_wconf 90' lang='lat' dir='ltr'><strong>indumento</strong></span> <span class='ocrx_word' id='word_1_742' title='bbox 1087 5087 1277 5137; x_wconf 89' lang='lat' dir='ltr'><strong>carent</strong></span> <span class='ocrx_word' id='word_1_743' title='bbox 1320 5079 1478 5133; x_wconf 57' lang='lat' dir='ltr'><strong>bonas</strong></span> <span class='ocrx_word' id='word_1_744' title='bbox 1519 5074 1856 5144; x_wconf 88' lang='lat' dir='ltr'><strong>cupiditatis,</strong></span> <span class='ocrx_word' id='word_1_745' title='bbox 1890 5072 1985 5128; x_wconf 88' lang='lat' dir='ltr'><strong>sed</strong></span> <span class='ocrx_word' id='word_1_746' title='bbox 2018 5072 2120 5128; x_wconf 90' lang='lat' dir='ltr'><strong>hoc</strong></span> 
     </span>
    </p>
   </div>
   <div class='ocr_carea' id='block_1_98' title="bbox 549 5163 2119 5235">
    <p class='ocr_par' dir='ltr' id='par_1_98' title="bbox 549 5163 2119 5235">
     <span class='ocr_line' id='line_1_98' title="bbox 549 5163 2119 5235; baseline -0.009 -7"><span class='ocrx_word' id='word_1_747' title='bbox 549 5172 750 5228; x_wconf 69' lang='lat' dir='ltr'><strong>saeculo</strong></span> <span class='ocrx_word' id='word_1_748' title='bbox 817 5170 1092 5227; x_wconf 90' lang='lat' dir='ltr'><strong>commisti</strong></span> <span class='ocrx_word' id='word_1_749' title='bbox 1146 5176 1294 5225; x_wconf 91' lang='lat' dir='ltr'><strong>sunt.</strong></span> <span class='ocrx_word' id='word_1_750' title='bbox 1365 5166 1475 5221; x_wconf 90' lang='lat' dir='ltr'><strong>llos</strong></span> <span class='ocrx_word' id='word_1_751' title='bbox 1528 5167 1713 5235; x_wconf 90' lang='lat' dir='ltr'><strong>itaque</strong></span> <span class='ocrx_word' id='word_1_752' title='bbox 1769 5163 1838 5217; x_wconf 89' lang='lat' dir='ltr'><strong>ad</strong></span> <span class='ocrx_word' id='word_1_753' title='bbox 1890 5170 2119 5217; x_wconf 86' lang='lat' dir='ltr'><strong>mortem</strong></span> 
     </span>
    </p>
   </div>
   <div class='ocr_carea' id='block_1_99' title="bbox 550 5254 2125 5335">
    <p class='ocr_par' dir='ltr' id='par_1_99' title="bbox 550 5254 2125 5335">
     <span class='ocr_line' id='line_1_99' title="bbox 550 5254 2125 5335; baseline -0.008 -16"><span class='ocrx_word' id='word_1_754' title='bbox 550 5265 735 5320; x_wconf 83' lang='lat' dir='ltr'><strong>tradit.</strong></span> <span class='ocrx_word' id='word_1_755' title='bbox 769 5263 1094 5335; x_wconf 69' lang='lat' dir='ltr'><strong>Ecqumnam</strong></span> <span class='ocrx_word' id='word_1_756' title='bbox 1129 5261 1223 5316; x_wconf 85' lang='lat' dir='ltr'><strong>illa</strong></span> <span class='ocrx_word' id='word_1_757' title='bbox 1255 5269 1404 5323; x_wconf 90' lang='lat' dir='ltr'><strong>sunt,</strong></span> <span class='ocrx_word' id='word_1_758' title='bbox 1435 5259 1510 5312; x_wconf 88' lang='lat' dir='ltr'><strong>ait</strong></span> <span class='ocrx_word' id='word_1_759' title='bbox 1544 5257 1868 5320; x_wconf 81' lang='lat' dir='ltr'><strong>Antiochus,</strong></span> <span class='ocrx_word' id='word_1_760' title='bbox 1899 5256 1952 5309; x_wconf 91' lang='lat' dir='ltr'><strong>in</strong></span> <span class='ocrx_word' id='word_1_761' title='bbox 1979 5254 2125 5309; x_wconf 82' lang='lat' dir='ltr'><strong>mala</strong></span> 
     </span>
    </p>
   </div>
   <div class='ocr_carea' id='block_1_100' title="bbox 550 5344 2120 5425">
    <p class='ocr_par' dir='ltr' id='par_1_100' title="bbox 550 5344 2120 5425">
     <span class='ocr_line' id='line_1_100' title="bbox 550 5344 2120 5425; baseline -0.008 -16"><span class='ocrx_word' id='word_1_762' title='bbox 550 5356 869 5425; x_wconf 78' lang='lat' dir='ltr'><strong>cupiditate,</strong></span> <span class='ocrx_word' id='word_1_763' title='bbox 892 5370 1013 5425; x_wconf 70' lang='lat' dir='ltr'><strong>qua:</strong></span> <span class='ocrx_word' id='word_1_764' title='bbox 1039 5353 1262 5409; x_wconf 87' lang='lat' dir='ltr'><strong>tradunt</strong></span> <span class='ocrx_word' id='word_1_765' title='bbox 1296 5351 1544 5405; x_wconf 88' lang='lat' dir='ltr'><strong>homines</strong></span> <span class='ocrx_word' id='word_1_766' title='bbox 1572 5348 1639 5401; x_wconf 87' lang='lat' dir='ltr'><strong>ad</strong></span> <span class='ocrx_word' id='word_1_767' title='bbox 1672 5356 1903 5401; x_wconf 86' lang='lat' dir='ltr'><strong>mortem</strong></span> <span class='ocrx_word' id='word_1_768' title='bbox 1924 5346 1949 5398; x_wconf 91' lang='lat'><strong>?</strong></span> <span class='ocrx_word' id='word_1_769' title='bbox 1974 5344 2120 5399; x_wconf 89' lang='lat' dir='ltr'><strong>indi-</strong></span> 
     </span>
    </p>
   </div>
   <div class='ocr_carea' id='block_1_101' title="bbox 551 5440 2119 5513">
    <p class='ocr_par' dir='ltr' id='par_1_101' title="bbox 551 5440 2119 5513">
     <span class='ocr_line' id='line_1_101' title="bbox 551 5440 2119 5513; baseline -0.005 -13"><span class='ocrx_word' id='word_1_770' title='bbox 551 5458 672 5501; x_wconf 85' lang='lat' dir='ltr'><strong>cato</strong></span> <span class='ocrx_word' id='word_1_771' title='bbox 714 5447 846 5501; x_wconf 89' lang='lat' dir='ltr'><strong>mihi</strong></span> <span class='ocrx_word' id='word_1_772' title='bbox 889 5454 947 5501; x_wconf 90' lang='lat' dir='ltr'><strong>ut</strong></span> <span class='ocrx_word' id='word_1_773' title='bbox 985 5446 1054 5501; x_wconf 87' lang='lat' dir='ltr'><strong>ab</strong></span> <span class='ocrx_word' id='word_1_774' title='bbox 1103 5446 1171 5499; x_wconf 90' lang='lat' dir='ltr'><strong>iis</strong></span> <span class='ocrx_word' id='word_1_775' title='bbox 1212 5443 1508 5513; x_wconf 79' lang='lat' dir='ltr'><strong>aufugiam.</strong></span> <span class='ocrx_word' id='word_1_776' title='bbox 1543 5440 1632 5494; x_wconf 86' lang='lat' dir='ltr'><strong>Ait</strong></span> <span class='ocrx_word' id='word_1_777' title='bbox 1678 5440 1756 5494; x_wconf 92' lang='lat' dir='ltr'><strong>illi</strong></span> <span class='ocrx_word' id='word_1_778' title='bbox 1787 5441 2119 5510; x_wconf 85' lang='lat' dir='ltr'><strong>episcopus:</strong></span> 
     </span>
    </p>
   </div>
   <div class='ocr_carea' id='block_1_102' title="bbox 552 5533 2121 5604">
    <p class='ocr_par' dir='ltr' id='par_1_102' title="bbox 552 5533 2121 5604">
     <span class='ocr_line' id='line_1_102' title="bbox 552 5533 2121 5604; baseline -0.008 -9"><span class='ocrx_word' id='word_1_779' title='bbox 552 5539 714 5596; x_wconf 75' lang='lat' dir='ltr'><strong>Audi.</strong></span> <span class='ocrx_word' id='word_1_780' title='bbox 763 5538 1008 5594; x_wconf 83' lang='lat' dir='ltr'><strong>Primum</strong></span> <span class='ocrx_word' id='word_1_781' title='bbox 1070 5537 1314 5593; x_wconf 86' lang='lat' dir='ltr'><strong>omnium</strong></span> <span class='ocrx_word' id='word_1_782' title='bbox 1372 5533 1645 5604; x_wconf 85' lang='lat' dir='ltr'><strong>cupiditas</strong></span> <span class='ocrx_word' id='word_1_783' title='bbox 1689 5533 1955 5598; x_wconf 83' lang='lat' dir='ltr'><strong>mulieris,</strong></span> <span class='ocrx_word' id='word_1_784' title='bbox 2007 5539 2121 5585; x_wconf 91' lang='lat' dir='ltr'><strong>tum</strong></span> 
     </span>
    </p>
   </div>
   <div class='ocr_carea' id='block_1_103' title="bbox 622 5670 1592 5749">
    <p class='ocr_par' dir='ltr' id='par_1_103' title="bbox 622 5670 1592 5749">
     <span class='ocr_line' id='line_1_103' title="bbox 622 5670 1592 5749; baseline -0.006 -17"><span class='ocrx_word' id='word_1_785' title='bbox 622 5678 735 5747; x_wconf 88' lang='lat'><strong>(6|)</strong></span> <span class='ocrx_word' id='word_1_786' title='bbox 765 5676 962 5749; x_wconf 50' lang='lat' dir='ltr'><strong>fulgo,</strong></span> <span class='ocrx_word' id='word_1_787' title='bbox 989 5672 1359 5749; x_wconf 76' lang='grc' dir='ltr'>ἐγκαταλίπῃ.</span> <span class='ocrx_word' id='word_1_788' title='bbox 1380 5670 1592 5728; x_wconf 69' lang='lat' dir='ltr'><strong>Noua.</strong></span> 
     </span>
    </p>
   </div>
   <div class='ocr_carea' id='block_1_104' title="bbox 627 5744 1353 5820">
    <p class='ocr_par' dir='ltr' id='par_1_104' title="bbox 627 5744 1353 5820">
     <span class='ocr_line' id='line_1_104' title="bbox 627 5744 1353 5820; baseline -0.011 -16"><span class='ocrx_word' id='word_1_789' title='bbox 627 5744 739 5819; x_wconf 73' lang='lat'><strong>(6‘2)</strong></span> <span class='ocrx_word' id='word_1_790' title='bbox 764 5744 957 5820; x_wconf 63' lang='lat' dir='ltr'><strong>Vuléo,</strong></span> <span class='ocrx_word' id='word_1_791' title='bbox 983 5744 1229 5815; x_wconf 78' lang='grc' dir='ltr'>διστάσῃ.</span> <span class='ocrx_word' id='word_1_792' title='bbox 1274 5744 1353 5796; x_wconf 88' lang='lat' dir='ltr'><strong>lo.</strong></span> 
     </span>
    </p>
   </div>
   <div class='ocr_carea' id='block_1_105' title="bbox 2219 4516 3789 4594">
    <p class='ocr_par' dir='ltr' id='par_1_105' title="bbox 2219 4516 3789 4594">
     <span class='ocr_line' id='line_1_105' title="bbox 2219 4516 3789 4594; baseline -0.006 -15"><span class='ocrx_word' id='word_1_793' title='bbox 2219 4543 2338 4590; x_wconf 81' lang='grc' dir='ltr'>πος’</span> <span class='ocrx_word' id='word_1_794' title='bbox 2379 4527 2575 4578; x_wconf 77' lang='grc' dir='ltr'>’Ἄκουε</span> <span class='ocrx_word' id='word_1_795' title='bbox 2616 4525 2709 4577; x_wconf 80' lang='grc' dir='ltr'>καὶ</span> <span class='ocrx_word' id='word_1_796' title='bbox 2735 4525 2832 4593; x_wconf 80' lang='grc' dir='ltr'><strong>τῆς</strong></span> <span class='ocrx_word' id='word_1_797' title='bbox 2854 4523 3082 4594; x_wconf 79' lang='grc' dir='ltr'>δεκάτης</span> <span class='ocrx_word' id='word_1_798' title='bbox 3111 4522 3344 4591; x_wconf 79' lang='grc' dir='ltr'>ἐντολῆς·</span> <span class='ocrx_word' id='word_1_799' title='bbox 3364 4516 3532 4592; x_wconf 73' lang='grc' dir='ltr'><strong>τΑρον</strong></span> <span class='ocrx_word' id='word_1_800' title='bbox 3562 4519 3671 4572; x_wconf 84' lang='grc' dir='ltr'>ἀπὸ</span> <span class='ocrx_word' id='word_1_801' title='bbox 3698 4517 3789 4571; x_wconf 92' lang='grc' dir='ltr'>σοῦ</span> 
     </span>
    </p>
   </div>
   <div class='ocr_carea' id='block_1_106' title="bbox 2220 4610 3792 4687">
    <p class='ocr_par' dir='ltr' id='par_1_106' title="bbox 2220 4610 3792 4687">
     <span class='ocr_line' id='line_1_106' title="bbox 2220 4610 3792 4687; baseline -0.009 -14"><span class='ocrx_word' id='word_1_802' title='bbox 2220 4621 2399 4673; x_wconf 81' lang='grc' dir='ltr'>πᾶσαν</span> <span class='ocrx_word' id='word_1_803' title='bbox 2426 4616 2719 4687; x_wconf 75' lang='grc' dir='ltr'>ἐπιθυμίαν</span> <span class='ocrx_word' id='word_1_804' title='bbox 2746 4616 3007 4686; x_wconf 83' lang='grc' dir='ltr'>πονηρὰν,</span> <span class='ocrx_word' id='word_1_805' title='bbox 3037 4615 3246 4667; x_wconf 78' lang='grc' dir='ltr'>ἔνδυσαι</span> <span class='ocrx_word' id='word_1_806' title='bbox 3265 4613 3361 4683; x_wconf 75' lang='grc' dir='ltr'><strong>τὴν</strong></span> <span class='ocrx_word' id='word_1_807' title='bbox 3382 4610 3677 4681; x_wconf 78' lang='grc' dir='ltr'>ἐπιθυμίαν</span> <span class='ocrx_word' id='word_1_808' title='bbox 3695 4610 3792 4679; x_wconf 83' lang='grc' dir='ltr'><strong>τὴν</strong></span> 
     </span>
    </p>
   </div>
   <div class='ocr_carea' id='block_1_107' title="bbox 2220 4702 3792 4780">
    <p class='ocr_par' dir='ltr' id='par_1_107' title="bbox 2220 4702 3792 4780">
     <span class='ocr_line' id='line_1_107' title="bbox 2220 4702 3792 4780; baseline -0.008 -16"><span class='ocrx_word' id='word_1_809' title='bbox 2220 4708 2453 4780; x_wconf 82' lang='grc' dir='ltr'>ἀγαθὴν,</span> <span class='ocrx_word' id='word_1_810' title='bbox 2488 4708 2582 4762; x_wconf 75' lang='grc' dir='ltr'>καὶ</span> <span class='ocrx_word' id='word_1_811' title='bbox 2605 4709 2807 4778; x_wconf 83' lang='grc' dir='ltr'>σεμνήν</span> <span class='ocrx_word' id='word_1_812' title='bbox 2826 4723 2841 4738; x_wconf 77' lang='grc' dir='ltr'><strong><em>ο</em></strong></span> <span class='ocrx_word' id='word_1_813' title='bbox 2866 4706 3212 4776; x_wconf 78' lang='grc' dir='ltr'>ἐνδεδυμένος</span> <span class='ocrx_word' id='word_1_814' title='bbox 3238 4705 3343 4776; x_wconf 86' lang='grc' dir='ltr'>γὰρ</span> <span class='ocrx_word' id='word_1_815' title='bbox 3372 4704 3471 4773; x_wconf 79' lang='grc' dir='ltr'>τὴν</span> <span class='ocrx_word' id='word_1_816' title='bbox 3495 4702 3792 4772; x_wconf 79' lang='grc' dir='ltr'>ἐπιθυμίαν</span> 
     </span>
    </p>
   </div>
   <div class='ocr_carea' id='block_1_108' title="bbox 2217 4792 3793 4873">
    <p class='ocr_par' dir='ltr' id='par_1_108' title="bbox 2217 4792 3793 4873">
     <span class='ocr_line' id='line_1_108' title="bbox 2217 4792 3793 4873; baseline -0.008 -17"><span class='ocrx_word' id='word_1_817' title='bbox 2217 4801 2445 4873; x_wconf 87' lang='grc' dir='ltr'>ταύτην,</span> <span class='ocrx_word' id='word_1_818' title='bbox 2475 4800 2725 4871; x_wconf 82' lang='grc' dir='ltr'>μισήσεις</span> <span class='ocrx_word' id='word_1_819' title='bbox 2750 4799 2848 4867; x_wconf 79' lang='grc' dir='ltr'>τὴν</span> <span class='ocrx_word' id='word_1_820' title='bbox 2876 4795 3117 4869; x_wconf 79' lang='grc' dir='ltr'>πονηράν</span> <span class='ocrx_word' id='word_1_821' title='bbox 3144 4794 3455 4865; x_wconf 81' lang='grc' dir='ltr'>ἐπιθυμίαν.</span> <span class='ocrx_word' id='word_1_822' title='bbox 3474 4792 3668 4864; x_wconf 82' lang='grc' dir='ltr'>Ἀγρία</span> <span class='ocrx_word' id='word_1_823' title='bbox 3686 4792 3793 4862; x_wconf 79' lang='grc' dir='ltr'><strong>γὰρ</strong></span> 
     </span>
    </p>
   </div>
   <div class='ocr_carea' id='block_1_109' title="bbox 2220 4883 3794 4963">
    <p class='ocr_par' dir='ltr' id='par_1_109' title="bbox 2220 4883 3794 4963">
     <span class='ocr_line' id='line_1_109' title="bbox 2220 4883 3794 4963; baseline -0.008 -16"><span class='ocrx_word' id='word_1_824' title='bbox 2220 4892 2487 4963; x_wconf 87' lang='grc' dir='ltr'>ἐπιθυμία</span> <span class='ocrx_word' id='word_1_825' title='bbox 2515 4892 2596 4954; x_wconf 82' lang='grc' dir='ltr'>εἰς</span> <span class='ocrx_word' id='word_1_826' title='bbox 2622 4889 2750 4943; x_wconf 87' lang='grc' dir='ltr'>τάδε</span> <span class='ocrx_word' id='word_1_827' title='bbox 2778 4890 3095 4960; x_wconf 85' lang='grc' dir='ltr'>ἀνεμπεσεῖ.</span> <span class='ocrx_word' id='word_1_828' title='bbox 3123 4888 3203 4950; x_wconf 86' lang='grc' dir='ltr'>εἰς</span> <span class='ocrx_word' id='word_1_829' title='bbox 3234 4884 3409 4954; x_wconf 81' lang='grc' dir='ltr'>λύπην</span> <span class='ocrx_word' id='word_1_830' title='bbox 3433 4884 3485 4953; x_wconf 92' lang='grc'><strong>(.</strong></span> <span class='ocrx_word' id='word_1_831' title='bbox 3520 4924 3533 4937; x_wconf 94' lang='grc'><strong>.</strong></span> <span class='ocrx_word' id='word_1_832' title='bbox 3568 4922 3582 4935; x_wconf 95' lang='grc'><strong>.</strong></span> <span class='ocrx_word' id='word_1_833' title='bbox 3611 4925 3625 4938; x_wconf 95' lang='grc'><em>.</em></span> <span class='ocrx_word' id='word_1_834' title='bbox 3665 4923 3678 4935; x_wconf 93' lang='grc'>.</span> <span class='ocrx_word' id='word_1_835' title='bbox 3703 4883 3794 4935; x_wconf 77' lang='grc' dir='ltr'>ἐὰν</span> 
     </span>
    </p>
   </div>
   <div class='ocr_carea' id='block_1_110' title="bbox 2224 4974 3797 5059">
    <p class='ocr_par' dir='ltr' id='par_1_110' title="bbox 2224 4974 3797 5059">
     <span class='ocr_line' id='line_1_110' title="bbox 2224 4974 3797 5059; baseline -0.01 -18"><span class='ocrx_word' id='word_1_836' title='bbox 2224 4987 2297 5057; x_wconf 83' lang='grc' dir='ltr'><strong>μὴ</strong></span> <span class='ocrx_word' id='word_1_837' title='bbox 2423 4984 2640 5048; x_wconf 76' lang='grc' dir='ltr'>συνετὸς</span> <span class='ocrx_word' id='word_1_838' title='bbox 2670 4983 2970 5038; x_wconf 81' lang='grc' dir='ltr'>δαπανᾶται</span> <span class='ocrx_word' id='word_1_839' title='bbox 3003 4981 3094 5033; x_wconf 80' lang='grc' dir='ltr'><strong>ὑπ’</strong></span> <span class='ocrx_word' id='word_1_840' title='bbox 3129 4978 3297 5046; x_wconf 79' lang='grc' dir='ltr'>αὐτῆς</span> <span class='ocrx_word' id='word_1_841' title='bbox 3333 4975 3542 5038; x_wconf 82' lang='grc' dir='ltr'>δεινῶς.</span> <span class='ocrx_word' id='word_1_842' title='bbox 3572 4974 3797 5044; x_wconf 78' lang='grc' dir='ltr'>Δαπανᾷ</span> 
     </span>
    </p>
   </div>
   <div class='ocr_carea' id='block_1_111' title="bbox 2220 5064 3793 5146">
    <p class='ocr_par' dir='ltr' id='par_1_111' title="bbox 2220 5064 3793 5146">
     <span class='ocr_line' id='line_1_111' title="bbox 2220 5064 3793 5146; baseline -0.008 -17"><span class='ocrx_word' id='word_1_843' title='bbox 2220 5076 2278 5129; x_wconf 89' lang='grc' dir='ltr'><strong>δέ</strong></span> <span class='ocrx_word' id='word_1_844' title='bbox 2316 5075 2538 5137; x_wconf 87' lang='grc' dir='ltr'>τούτους</span> <span class='ocrx_word' id='word_1_845' title='bbox 2586 5074 2659 5146; x_wconf 76' lang='grc' dir='ltr'><strong>μὴ</strong></span> <span class='ocrx_word' id='word_1_846' title='bbox 2701 5074 2921 5143; x_wconf 75' lang='grc' dir='ltr'>ἔχοντας</span> <span class='ocrx_word' id='word_1_847' title='bbox 2967 5070 3167 5139; x_wconf 76' lang='grc' dir='ltr'>ἔνδυμα</span> <span class='ocrx_word' id='word_1_848' title='bbox 3216 5066 3511 5136; x_wconf 80' lang='grc' dir='ltr'>ἐπιθυμίας</span> <span class='ocrx_word' id='word_1_849' title='bbox 3564 5064 3793 5134; x_wconf 76' lang='grc' dir='ltr'>ἀγαθῆς,</span> 
     </span>
    </p>
   </div>
   <div class='ocr_carea' id='block_1_112' title="bbox 2222 5153 3797 5237">
    <p class='ocr_par' dir='ltr' id='par_1_112' title="bbox 2222 5153 3797 5237">
     <span class='ocr_line' id='line_1_112' title="bbox 2222 5153 3797 5237; baseline -0.008 -16"><span class='ocrx_word' id='word_1_850' title='bbox 2222 5168 2334 5222; x_wconf 86' lang='grc' dir='ltr'>ἀλλ’</span> <span class='ocrx_word' id='word_1_851' title='bbox 2372 5166 2826 5237; x_wconf 72' lang='grc' dir='ltr'>ἐμπεφυρμένους</span> <span class='ocrx_word' id='word_1_852' title='bbox 2872 5162 2948 5232; x_wconf 81' lang='grc' dir='ltr'>τῷ</span> <span class='ocrx_word' id='word_1_853' title='bbox 2981 5161 3156 5215; x_wconf 70' lang='grc' dir='ltr'><strong>αἰῶνι</strong></span> <span class='ocrx_word' id='word_1_854' title='bbox 3184 5158 3388 5228; x_wconf 82' lang='grc' dir='ltr'>τούτῳ’</span> <span class='ocrx_word' id='word_1_855' title='bbox 3436 5157 3663 5221; x_wconf 85' lang='grc' dir='ltr'>τούτους</span> <span class='ocrx_word' id='word_1_856' title='bbox 3706 5153 3797 5210; x_wconf 74' lang='grc' dir='ltr'>οὖν</span> 
     </span>
    </p>
   </div>
   <div class='ocr_carea' id='block_1_113' title="bbox 2222 5250 3795 5330">
    <p class='ocr_par' dir='ltr' id='par_1_113' title="bbox 2222 5250 3795 5330">
     <span class='ocr_line' id='line_1_113' title="bbox 2222 5250 3795 5330; baseline -0.006 -16"><span class='ocrx_word' id='word_1_857' title='bbox 2222 5259 2582 5330; x_wconf 81' lang='grc' dir='ltr'>παραδίδωσιν</span> <span class='ocrx_word' id='word_1_858' title='bbox 2602 5260 2679 5321; x_wconf 87' lang='grc' dir='ltr'>εἰς</span> <span class='ocrx_word' id='word_1_859' title='bbox 2701 5258 2945 5313; x_wconf 87' lang='grc' dir='ltr'>θάνατον.</span> <span class='ocrx_word' id='word_1_860' title='bbox 2968 5256 3075 5308; x_wconf 80' lang='lat' dir='ltr'><strong>Kal.</strong></span> <span class='ocrx_word' id='word_1_861' title='bbox 3098 5255 3244 5321; x_wconf 78' lang='grc' dir='ltr'>λέγει</span> <span class='ocrx_word' id='word_1_862' title='bbox 3264 5256 3292 5306; x_wconf 81' lang='grc' dir='ltr'><strong>ὁ</strong></span> <span class='ocrx_word' id='word_1_863' title='bbox 3320 5250 3586 5320; x_wconf 83' lang='grc' dir='ltr'>Ἀντίοχος</span> <span class='ocrx_word' id='word_1_864' title='bbox 3607 5268 3620 5282; x_wconf 68' lang='grc'><strong><em>³</em></strong></span> <span class='ocrx_word' id='word_1_865' title='bbox 3638 5252 3795 5315; x_wconf 88' lang='grc' dir='ltr'>Ποῖα,</span> 
     </span>
    </p>
   </div>
   <div class='ocr_carea' id='block_1_114' title="bbox 2222 5335 3801 5420">
    <p class='ocr_par' dir='ltr' id='par_1_114' title="bbox 2222 5335 3801 5420">
     <span class='ocr_line' id='line_1_114' title="bbox 2222 5335 3801 5420; baseline -0.01 -17"><span class='ocrx_word' id='word_1_866' title='bbox 2222 5350 2399 5420; x_wconf 86' lang='grc' dir='ltr'>κύριε,</span> <span class='ocrx_word' id='word_1_867' title='bbox 2436 5349 2541 5401; x_wconf 74' lang='grc' dir='ltr'>εἰσὶ</span> <span class='ocrx_word' id='word_1_868' title='bbox 2592 5349 2690 5415; x_wconf 78' lang='grc' dir='ltr'><strong>τῆς</strong></span> <span class='ocrx_word' id='word_1_869' title='bbox 2722 5343 3016 5415; x_wconf 82' lang='grc' dir='ltr'>ἐπιθυμίας</span> <span class='ocrx_word' id='word_1_870' title='bbox 3061 5345 3159 5413; x_wconf 78' lang='grc' dir='ltr'>τῆς</span> <span class='ocrx_word' id='word_1_871' title='bbox 3197 5341 3440 5411; x_wconf 78' lang='grc' dir='ltr'>πονηρᾶς</span> <span class='ocrx_word' id='word_1_872' title='bbox 3472 5337 3543 5403; x_wconf 79' lang='grc' dir='ltr'><strong>τά</strong></span> <span class='ocrx_word' id='word_1_873' title='bbox 3569 5335 3801 5408; x_wconf 85' lang='grc' dir='ltr'>παραδι-</span> 
     </span>
    </p>
   </div>
   <div class='ocr_carea' id='block_1_115' title="bbox 2222 5429 3797 5510">
    <p class='ocr_par' dir='ltr' id='par_1_115' title="bbox 2222 5429 3797 5510">
     <span class='ocr_line' id='line_1_115' title="bbox 2222 5429 3797 5510; baseline -0.011 -14"><span class='ocrx_word' id='word_1_874' title='bbox 2222 5442 2381 5496; x_wconf 73' lang='grc' dir='ltr'>δόντα</span> <span class='ocrx_word' id='word_1_875' title='bbox 2406 5441 2533 5502; x_wconf 75' lang='grc' dir='ltr'>τοὺς</span> <span class='ocrx_word' id='word_1_876' title='bbox 2566 5438 2883 5510; x_wconf 80' lang='grc' dir='ltr'>ἀνθρώπους</span> <span class='ocrx_word' id='word_1_877' title='bbox 2925 5436 3004 5497; x_wconf 85' lang='grc' dir='ltr'>εἰς</span> <span class='ocrx_word' id='word_1_878' title='bbox 3055 5434 3321 5495; x_wconf 75' lang='grc' dir='ltr'>θάνατονς</span> <span class='ocrx_word' id='word_1_879' title='bbox 3373 5429 3649 5501; x_wconf 82' lang='grc' dir='ltr'>Γνὼρισόν</span> <span class='ocrx_word' id='word_1_880' title='bbox 3687 5445 3797 5499; x_wconf 84' lang='grc' dir='ltr'>μοι,</span> 
     </span>
    </p>
   </div>
   <div class='ocr_carea' id='block_1_116' title="bbox 2222 5522 3804 5604">
    <p class='ocr_par' dir='ltr' id='par_1_116' title="bbox 2222 5522 3804 5604">
     <span class='ocr_line' id='line_1_116' title="bbox 2222 5522 3804 5604; baseline -0.009 -17"><span class='ocrx_word' id='word_1_881' title='bbox 2222 5536 2311 5589; x_wconf 77' lang='grc' dir='ltr'><strong>ἵνα</strong></span> <span class='ocrx_word' id='word_1_882' title='bbox 2339 5535 2491 5604; x_wconf 59' lang='grc' dir='ltr'>φύγω</span> <span class='ocrx_word' id='word_1_883' title='bbox 2507 5532 2811 5587; x_wconf 80' lang='grc' dir='ltr'>ἀπἀὐτῶν.</span> <span class='ocrx_word' id='word_1_884' title='bbox 2839 5527 3000 5597; x_wconf 77' lang='grc' dir='ltr'>Λέγει</span> <span class='ocrx_word' id='word_1_885' title='bbox 3022 5525 3168 5597; x_wconf 79' lang='grc' dir='ltr'>αὐτῷ</span> <span class='ocrx_word' id='word_1_886' title='bbox 3196 5527 3225 5578; x_wconf 83' lang='grc' dir='ltr'>ὁ</span> <span class='ocrx_word' id='word_1_887' title='bbox 3249 5525 3546 5586; x_wconf 81' lang='grc' dir='ltr'>ἐπίσκοπος</span> <span class='ocrx_word' id='word_1_888' title='bbox 3564 5538 3580 5551; x_wconf 60' lang='grc' dir='ltr'>θ</span> <span class='ocrx_word' id='word_1_889' title='bbox 3609 5522 3804 5574; x_wconf 77' lang='grc' dir='ltr'>Ἀκου-</span> 
     </span>
    </p>
   </div>
   <div class='ocr_carea' id='block_1_117' title="bbox 2295 5654 3362 5781">
    <p class='ocr_par' dir='ltr' id='par_1_117' title="bbox 2295 5654 3362 5781">
     <span class='ocr_line' id='line_1_117' title="bbox 2295 5654 3362 5781; baseline -0.001 -64"><span class='ocrx_word' id='word_1_890' title='bbox 2295 5665 2405 5730; x_wconf 74' lang='lat'><strong>(65)</strong></span> <span class='ocrx_word' id='word_1_891' title='bbox 2440 5663 2633 5734; x_wconf 78' lang='lat' dir='ltr'><strong>Vulgo.</strong></span> <span class='ocrx_word' id='word_1_892' title='bbox 2655 5658 3157 5781; x_wconf 62' lang='grc' dir='ltr'>ρεςεῑπιρ.ἐκὲιζεῖ.</span> <span class='ocrx_word' id='word_1_893' title='bbox 3192 5654 3272 5711; x_wconf 72' lang='lat' dir='ltr'><strong>ID.</strong></span> <span class='ocrx_word' id='word_1_894' title='bbox 3350 5725 3362 5737; x_wconf 42' lang='grc' dir='ltr'><strong>ο</strong></span> 
     </span>
     <span class='ocr_line' id='line_1_118' title="bbox 2299 5727 3362 5781; baseline -0.002 0"><span class='ocrx_word' id='word_1_895' title='bbox 2299 5735 2407 5781; x_wconf 69' lang='lat' dir='ltr'><strong>(6M</strong></span> <span class='ocrx_word' id='word_1_896' title='bbox 2448 5734 2657 5781; x_wconf 72' lang='lat' dir='ltr'><strong>llermm</strong></span> <span class='ocrx_word' id='word_1_897' title='bbox 2701 5730 2942 5781; x_wconf 79' lang='lat' dir='ltr'><strong>mandat.</strong></span> <span class='ocrx_word' id='word_1_898' title='bbox 3028 5767 3040 5779; x_wconf 90' lang='lat'><strong>.</strong></span> <span class='ocrx_word' id='word_1_899' title='bbox 3101 5727 3188 5781; x_wconf 82' lang='grc'><strong>10.</strong></span> <span class='ocrx_word' id='word_1_900' title='bbox 3238 5728 3362 5780; x_wconf 84' lang='lat' dir='ltr'><strong>Antt</strong></span> 
     </span>
    </p>
   </div>
   <div class='ocr_carea' id='block_1_118' title="bbox 2299 5721 3799 5804">
    <p class='ocr_par' dir='ltr' id='par_1_118' title="bbox 2299 5721 3799 5804">
     <span class='ocr_line' id='line_1_119' title="bbox 2299 5721 3799 5804; baseline -0.009 -18"><span class='ocrx_word' id='word_1_901' title='bbox 2299 5721 2407 5804; x_wconf 61' lang='lat' dir='ltr'><strong>(ﬁt)</strong></span> <span class='ocrx_word' id='word_1_902' title='bbox 2448 5721 2669 5789; x_wconf 53' lang='lat' dir='ltr'><strong>&quot;erant;</strong></span> <span class='ocrx_word' id='word_1_903' title='bbox 2701 5730 2942 5786; x_wconf 85' lang='lat' dir='ltr'><strong>mandat.</strong></span> <span class='ocrx_word' id='word_1_904' title='bbox 2988 5721 3040 5781; x_wconf 84' lang='lat'><strong>8.</strong></span> <span class='ocrx_word' id='word_1_905' title='bbox 3101 5727 3188 5781; x_wconf 83' lang='grc'><strong>10.</strong></span> <span class='ocrx_word' id='word_1_906' title='bbox 3238 5724 3492 5780; x_wconf 86' lang='lat' dir='ltr'><strong>Antioch.</strong></span> <span class='ocrx_word' id='word_1_907' title='bbox 3529 5723 3681 5780; x_wconf 86' lang='lat' dir='ltr'><strong>hom.</strong></span> <span class='ocrx_word' id='word_1_908' title='bbox 3713 5721 3799 5777; x_wconf 72' lang='grc' dir='ltr'><strong>Ἠ.</strong></span> 
     </span>
    </p>
   </div>
  </div>
