4088 6382
274 374 381 435 569

1312 373 1662 430 DOCTRlNA
1695 370 2236 430 sannosum
2274 357 2532 432 nucum;

3432 378 3543 441 570

279 515 390 552 σον.
428 497 549 569 (65)
573 497 804 570 Πρῶτον
826 497 1042 553 πάντων
1073 498 1338 571 ἐπιθυμία
1361 497 1623 568 γυναικὸς
1653 497 1748 550 καὶ
1773 512 1867 550 πο-

1987 497 2282 554 Iivitiarum
2323 500 2621 554 multarum
2662 498 2885 570 cupido,
2909 515 3031 571 quas
3056 508 3141 556 est
3166 498 3414 565 avaritia,
3438 517 3541 559 nec

280 587 527 642 λυτέλεια
562 588 871 658 πλούτου,ῆ
894 590 1011 642 ἐστι
1040 589 1399 661 φιλαργυρία,
1433 589 1529 643 καὶ
1553 587 1865 657 ἐδεσμάτων

283 677 492 733 πολλῶν
522 679 622 732 καὶ
653 678 917 750 ματαίων,
947 680 1042 733 καὶ
1074 679 1416 750 μεθύσματος
1435 676 1653 742 πολλοῦ,
1678 676 1865 747 διαφό-

288 788 393 843 ρων
419 768 693 838 γεύσεων,
714 770 806 823 καὶ
826 770 1027 841 ἐτέρων
1042 768 1263 841 τρυφῶν
1288 767 1497 823 πολλῶν
1520 770 1614 822 καὶ
1641 768 1863 841 μωρῶν,

288 861 378 915 καὶ
406 861 568 933 δόξης
596 861 944 933 ἀνθρωπίνης
963 862 1057 914 καὶ
1086 861 1339 932 ματαίας.
1372 861 1529 915 Πᾶσα
1559 860 1737 931 τρυφὴ
1765 877 1869 929 μω-

294 953 361 1024 ρά
390 955 507 1005 ἐστι
536 952 635 1006 καὶ
675 952 809 1023 κενὴ
854 955 967 1016 τοῖς
994 951 1201 1016 δούλοις
1230 950 1326 1005 τοῦ
1358 950 1515 1004 Θεοῦ.
1542 951 1870 1020 Ἀπέχεσθαι

294 1042 382 1099 οὖν
409 1046 489 1098 δεῖ
527 1045 639 1098 τῶν
672 1044 979 1117 ἐπιθυμιῶν
1006 1045 1230 1112 τούτων,
1266 1046 1355 1101 ἵνα
1396 1044 1723 1116 ἀπεχόμενοι
1775 1043 1872 1115 ζὴ-

296 1155 419 1210 σητε
464 1137 547 1210 τῷ
596 1137 742 1208 Θεῷ.
793 1138 923 1191 Ἐάν
961 1138 1018 1190 δὲ
1068 1137 1358 1211 δουλεύσῃς
1405 1139 1471 1208 τῇ
1507 1134 1771 1207 ἐπιθυμίᾳ
1803 1137 1901 1207 τῇ.

298 1228 470 1302 ἀγαθῇ
515 1230 613 1282 καὶ
645 1231 928 1300 ὑποταγῆς
978 1230 1137 1301 αὐτῇ,
1172 1230 1393 1283 δύνασαι
1446 1227 1873 1299 κατακυριεῦσαι

297 1322 392 1392 τῆς
415 1319 716 1392 ἐπιθυμίας
738 1320 836 1391 τῆς
860 1324 1102 1393 πονηρᾶς
1128 1321 1219 1376 καὶ
1245 1320 1512 1387 ὑποτάξαι
1532 1321 1721 1391 αὐτὴν,
1743 1318 1876 1373 καθ-

299 1411 370 1475 ὼς
388 1411 585 1483 βούλει.
614 1412 674 1466 Ὀ
707 1412 977 1483 Ἀντίοχος
998 1412 1173 1481 λέγει*
1228 1412 1453 1466 Ἧθελον
1471 1413 1676 1481 γνῶναι
1703 1412 1875 1475 ποίοις

299 1504 513 1576 τρόποις
547 1502 629 1556 δεῖ
673 1519 742 1574 με
799 1503 1079 1558 δουλεῦσαι
1130 1507 1196 1576 τῇ
1237 1504 1499 1576 ἐπιθυμίᾳ
1549 1507 1616 1576 τῇ
1670 1502 1869 1575 ἀγαθῇ.

301 1593 410 1664 (66)
452 1593 510 1646 Ὀ
558 1593 860 1659 ἐπίσκοπος
901 1594 1332 1663 λέγειοἊκουε·
1357 1596 1630 1666 Ἔργασαι
1673 1594 1878 1647 δικαιο-

300 1686 463 1758 σύνην
490 1685 586 1739 καὶ
614 1686 819 1758 ἀρετὴν
851 1685 1109 1756 ἀληθείας
1138 1688 1230 1740 καὶ
1265 1685 1426 1756 φόϐον
1454 1688 1658 1759 Κυρίου
1685 1686 1778 1740 καὶ
1798 1684 1881 1739 πί-

298 1794 412 1830 στιν
456 1777 552 1831 καὶ
596 1777 821 1847 ἀγάπην
871 1776 967 1829 καὶ
1016 1776 1516 1848 ταπεινοφροσύνην
1571 1777 1666 1830 καὶ
1712 1777 1880 1847 ἀκτη-

301 1870 537 1941 μοσύνην
566 1909 582 1923 .
619 1907 637 1924 .
672 1910 686 1924 .
725 1910 740 1925 .
773 1909 787 1922 .
823 1868 944 1940 ιθην
1004 1870 1225 1940 ποιῆσαι
1294 1869 1395 1939 τῆς
1452 1869 1721 1939 κοσμικῆς
1762 1907 1777 1921 .
1811 1909 1825 1922 .
1861 1907 1875 1921 .

299 2000 315 2017 .
347 2000 363 2016 .
398 2002 412 2015 .
425 1962 639 2033 ότητος,
659 1962 757 2015 καὶ
774 1962 877 2015 ὅσα
895 1959 1104 2025 τούτοις
1118 1961 1279 2032 ὅμοια
1302 1963 1418 2025 τοῖς
1440 1961 1878 2032 προειρημένοις,

297 2052 465 2106 ταῦτα
508 2052 902 2124 ἐργαζόμενος,
954 2052 1247 2124 εὐάρεστος
1279 2050 1381 2125 ἔσῃ
1411 2050 1595 2116 δοῦλος
1637 2050 1771 2103 Θεοῦ
1801 2052 1884 2114 είς

296 2145 420 2210 τούς
446 2144 673 2208 αἰῶνας.
712 2144 905 2216 Ἀμήν.

367 2238 538 2292 Πάλιν
569 2237 719 2307 λέγει
763 2239 911 2310 αὐτῷ
954 2239 982 2292 ό
1015 2237 1345 2302 ἐπίσκοποςο
1377 2237 1439 2291 '0
1460 2236 1722 2302 διάϐολος,
1756 2238 1885 2291 ὅταν

299 2331 378 2401 ῐδῃ
426 2331 512 2383 ὅτι
542 2329 609 2383 δι’
639 2328 858 2394 ἐαυτοῦ,
888 2327 1133 2383 τουτέστι
1167 2327 1257 2383 διὰ
1289 2327 1380 2382 τοῦ
1422 2329 1553 2383 ίδίου
1597 2328 1885 2400 λογισμοῦ,

298 2421 446 2474 οὐδὲν
479 2419 708 2474 δύναταί
743 2437 801 2473 σε
850 2418 1074 2490 βλάψαι,
1106 2419 1227 2473 τότε
1262 2418 1419 2491 φέρει
1468 2418 1604 2491 πρὸς
1634 2418 1694 2472 σὲ
1727 2418 1886 2472 ἀσθε-

298 2514 586 2586 νεστέρους
607 2514 895 2586 μοναχούς,
926 2512 1021 2567 καὶ
1046 2513 1114 2567 δι’
1131 2512 1307 2567 αὐτῶν
1335 2511 1603 2585 πρόφασίν
1631 2529 1753 2566 τινα
1773 2512 1888 2566 δια-

299 2606 533 2679 λόγων-ἢ
567 2605 769 2678 ἔργων,
798 2606 832 2678 ἢ
863 2605 1241 2669 ἀναπαύσεως,
1273 2604 1307 2676 ἢ
1335 2604 1497 2677 ζήλου
1524 2603 1783 2677 σαρκικοῦ
1810 2604 1889 2657 δί-

300 2698 429 2753 δωσί
464 2717 572 2765 σοι,
598 2702 680 2764 είς
719 2699 782 2753 τὸ
804 2697 1151 2752 σκανδαλίσω.
1179 2697 1272 2751 καὶ
1295 2696 1548 2766 ταράξαι.
1567 2697 1640 2749 Σύ
1666 2696 1723 2749 δὲ
1751 2696 1889 2750 νοῶν

301 2791 391 2844 τοῦ
413 2789 614 2862 ἐχθροῦ
645 2785 786 2843 εἶναι
832 2788 1177 2859 κατασκευὴν
1218 2788 1395 2852 τοῦτο,
1415 2788 1489 2860 μὴ
1512 2787 1649 2859 ἄρξῃ
1680 2788 1779 2858 τὴν
1809 2788 1889 2851 εἰς

302 2882 540 2936 διάνοιάν
569 2899 663 2935 σου
704 2880 883 2949 λέγειν
902 2898 915 2911 °
954 2879 1098 2951 Ἐγὼ
1137 2881 1245 2935 ἀπδ
1280 2878 1375 2934 τοῦ
1412 2878 1653 2932 τοιούτου
1699 2879 1889 2948 γένους

306 2977 417 3046 εἰμὶ
447 2975 711 3047 μεγάλου,
746 2975 845 3028 καὶ
886 2968 1040 3039 οὗτος
1083 2972 1296 3045 ἰδιώτης
1322 2973 1418 3027 καὶ
1456 2972 1697 3043 εὐτελὴς,
1732 2971 1888 3040 κάγὼ

308 3069 383 3133 εἰς
404 3069 533 3131 τοὺς
553 3066 721 3129 πόδας
750 3065 913 3119 αὐτοῦ
942 3065 1050 3137 ἔχω
1079 3067 1298 3131 πεσεῖν;
1330 3064 1529 3134 μᾶλλον
1556 3064 1611 3118 δὲ
1626 3065 1713 3120 διὰ
1732 3065 1890 3119 τοῦτο

1969 603 2079 644 non
2141 591 2443 645 multorum
2492 604 2868 660 vanorumque
2919 592 3203 655 ciborum,
3257 591 3543 649 ebrietatis

1969 682 2173 747 nimiae,
2204 686 2487 737 variorum
2522 683 2661 753 gula:
2709 683 3194 749 irritamentorum,
3224 690 3279 737 et
3311 684 3543 738 aliarum

1968 772 2325 844 plurimarum
2371 773 2772 843 stultarumque
2818 774 3159 843 voluptatum
3223 793 3239 829 :
3290 774 3545 831 humana:

1970 865 2100 919 item
2150 879 2415 935 variaeque
2468 866 2675 935 gloriae.
2746 862 3009 937 Voluptas
3069 867 3323 938 quaelibet
3378 869 3544 923 stulta

1969 962 2055 1010 est
2080 956 2370 1026 inanisque
2398 958 2571 1013 servis
2609 955 2727 1012 Dei.
2762 956 3050 1015 Abstinere
3079 960 3262 1030 itaque
3289 962 3546 1016 convenit

1972 1060 2004 1099 a
2036 1046 2408 1116 voluptatibus
2441 1047 2842 1118 hujuscemodi,
2864 1058 2924 1103 ut
2953 1050 3019 1105 iis
3049 1051 3404 1117 abstinentes,
3432 1051 3547 1106 Deo

1972 1138 2188 1193 vivatis.
2235 1137 2389 1204 Quod
2419 1138 2465 1195 si
2496 1140 2653 1195 bona:
2682 1141 2968 1211 cupiditati
3002 1142 3354 1204 inservieris,
3388 1143 3548 1213 eique

1973 1232 2268 1287 obsecutus
2319 1230 2528 1298 fueris,
2596 1230 2951 1287 dominabere
2995 1248 3176 1302 pravae
3233 1233 3548 1303 cupiditati,

1974 1337 2206 1393 eamque
2244 1322 2512 1377 arbitratu
2557 1330 2652 1377 tuo
2707 1324 2809 1378 tibi
2860 1323 3141 1393 subjicies.
3175 1325 3315 1379 Tum
3359 1325 3554 1379 Antio—

1976 1415 2114 1470 chus
2176 1433 2190 1468 :
2244 1413 2397 1469 Scire
2449 1416 2666 1483 vellem,
2716 1416 2813 1480 ait,
2863 1414 3193 1485 quibusnam
3234 1416 3411 1471 modis
3463 1429 3552 1470 me

1977 1511 2225 1575 Oporteat
2253 1504 2411 1559 bona:
2440 1504 2727 1576 cupiditati
2754 1506 3038 1560 inservire.
3067 1504 3169 1559 Cui
3206 1504 3497 1575 episcopus
3532 1520 3548 1557 :

1977 1596 2140 1660 Audi,
2202 1595 2471 1665 justitiam
2525 1610 2774 1666 operare,
2818 1596 3080 1650 virtutem
3118 1602 3242 1650 tene
3278 1595 3550 1661 veritatis,

1979 1703 2193 1744 necnon
2229 1690 2479 1743 timorem
2524 1686 2762 1753 Domini,
2793 1688 2974 1752 ﬁdem,
3001 1687 3339 1751 charitatem,
3374 1686 3556 1741 humi-

1980 1783 2189 1837 litatem
2242 1788 2297 1837 et
2351 1789 2726 1853 paupertatem
2783 1781 2958 1853 pluris
3003 1781 3174 1836 facias
3230 1780 3343 1851 (70)
3386 1794 3553 1852 quam

1983 1873 2315 1928 mundanam
2347 1875 2661 1937 vanitatem,
2708 1881 2763 1929 et
2808 1873 2896 1928 his
2922 1873 3121 1929 similia
3150 1892 3165 1927 :
3197 1887 3319 1944 quae
3351 1872 3397 1929 si
3426 1888 3557 1945 ope-

1982 1972 2134 2019 ratus
2173 1963 2376 2030 fueris,
2409 1978 2602 2020 servus
2644 1962 2756 2018 Deo
2794 1971 3055 2034 acceptus
3088 1962 3202 2020 eris
3245 1963 3302 2017 in
3336 1963 3558 2020 saecula.

1980 2056 2173 2113 Amen.

2052 2235 2253 2292 lterum
2293 2235 2371 2290 ait
2408 2234 2487 2291 illi
2530 2234 2824 2304 episcopus
2867 2252 2881 2289 :
2916 2232 3054 2289 Cum
3084 2233 3266 2289 videat
3313 2234 3564 2293 diabolus

1982 2344 2094 2385 non
2132 2342 2295 2398 posse
2337 2342 2396 2382 se
2427 2341 2528 2381 suo
2572 2337 2767 2391 marte,
2807 2326 2861 2380 id
2892 2333 2976 2380 est
3022 2341 3120 2396 per
3155 2341 3311 2381 suam
3352 2329 3563 2397 cogita~

1983 2421 2213 2483 tionem,
2251 2419 2355 2474 tibi
2404 2433 2638 2483 nocere,
2684 2416 3016 2472 inﬁrmiores
3052 2418 3120 2471 ad
3170 2424 3223 2472 te
3262 2419 3564 2475 monachos

1985 2512 2210 2570 adducit
2237 2530 2253 2578 ;
2281 2526 2514 2583 quorum
2543 2525 2730 2581 opera,
2757 2508 3053 2579 quamdam
3085 2507 3188 2563 tibi
3238 2509 3443 2579 praebet
3468 2524 3565 2565 oc-

1986 2607 2260 2663 casionem
2301 2604 2671 2675 dialogorum,
2718 2616 2968 2671 Operam,
3011 2601 3130 2664 otii,
3185 2607 3280 2655 aut
3324 2601 3564 2658 carnalis

1987 2692 2258 2770 cupidinis
2277 2736 2291 2761 ,
2323 2703 2381 2750 ut
2412 2697 2467 2750 in
2499 2695 2819 2751 scandalum
2852 2700 2908 2748 te
2933 2699 2988 2749 et
3015 2693 3069 2747 in
3096 2692 3566 2763 perturbationem

1987 2790 2264 2861 conjiciat.
2285 2791 2353 2843 At
2372 2796 2452 2853 tu,
2478 2803 2602 2843 cum
2636 2786 2791 2843 noris
2814 2786 2913 2841 has
2935 2800 3058 2841 esse
3082 2785 3289 2840 inimici
3311 2785 3564 2852 insidias,

1987 2898 2057 2938 ne
2094 2881 2330 2953 caperis
2361 2881 2417 2935 in
2445 2889 2628 2935 mente
2661 2890 2753 2935 tua
2803 2879 2987 2933 dicere
3019 2896 3033 2933 :
3067 2876 3251 2948 Egone
3287 2886 3397 2933 tam
3424 2893 3565 2947 pra:-

1989 2975 2140 3030 claro
2176 2988 2374 3046 genere
2400 2971 2688 3036 oriundus,
2724 2971 2790 3025 ad
2817 2970 2982 3042 pedes
3003 2970 3233 3038 hujusce
3261 2969 3354 3039 qui
3383 2970 3566 3040 priva-

1991 3076 2082 3123 tus
2134 3073 2190 3122 et
2236 3064 2380 3135 vulgi
2433 3064 2595 3118 homo
2639 3069 2744 3126 est,
2789 3077 2876 3116 me
2911 3060 3289 3130 prosternam?
3338 3060 3452 3115 lmo
3500 3075 3566 3116 ea

309 3162 585 3236 πρόσπεσε
611 3157 783 3230 αὐτῷ,
824 3158 1171 3230 μεμνημένος
1194 3158 1291 3229 τῆς
1318 3157 1414 3211 τοῦ
1450 3158 1699 3229 Σωτῆρος
1732 3159 1887 3230 ἡμῶν

1991 3156 2225 3214 maxime
2256 3155 2322 3209 de
2352 3169 2516 3209 causa
2561 3152 2784 3223 procide
2820 3166 3003 3206 coram
3046 3151 3165 3214 illo,
3212 3165 3421 3206 memor
3448 3150 3568 3219 jus-

321 3252 494 3325 Ἰησοῦ
545 3250 785 3324 Χριστοῦ
839 3250 1078 3322 ἐντολῆς,
1127 3250 1250 3322 ἥτις
1302 3267 1384 3303 σοι
1423 3250 1887 3322 παρακελεύεται·

1998 3248 2172 3303 sionis
2193 3244 2494 3301 Salvatoris
2524 3243 2699 3299 nostri
2728 3240 2857 3298 Iesu
2878 3241 3102 3304 Christi,
3126 3255 3233 3311 qua
3255 3241 3570 3310 praecipitur

315 3367 333 3399 ι
354 3346 481 3400 Ἐάν
507 3345 593 3409 τίς
624 3361 684 3398 σε
712 3341 917 3416 ραπίσῃ
946 3342 1022 3408 είς
1046 3343 1144 3414 τὴν
1171 3341 1349 3410 δεξιάν
1383 3343 1625 3412 σιαγόνα,
1662 3343 1887 3414 στρέψον

1995 3338 2097 3393 tibi
2130 3353 2143 3390 :
2186 3356 2205 3388 ι
2242 3335 2300 3392 Si
2340 3337 2465 3407 quis
2503 3333 2839 3406 percusserit
2880 3343 2934 3388 te
2978 3333 3033 3386 in
3081 3331 3354 3386 maxillam
3383 3330 3571 3385 dexte-

310 3436 455 3509 αύτῷ
478 3438 575 3491 καὶ
592 3436 690 3508 τὴν
702 3434 889 3507 ἀλλην,
911 3454 929 3487 ι
957 3435 1051 3489 καλ¹
1077 3433 1151 3507 μὴ
1175 3434 1436 3507 πρότερον
1459 3433 1622 3487 αὐτοῦ
1650 3434 1887 3505 ἀποστῇς

1998 3446 2139 3492 ram.
2174 3429 2355 3501 praebe
2385 3428 2459 3483 illi
2490 3436 2544 3483 et
2571 3427 2731 3481 aliam
2759 3426 2806 3458 ⁷³
2832 3444 2847 3481 :
2891 3444 2910 3478 ι
2938 3438 3117 3494 neque
3136 3422 3206 3477 ab
3232 3422 3377 3477 illius
3414 3419 3571 3491 pedi-

312 3526 415 3579 τῶν
454 3524 656 3590 ποδῶν,
683 3524 789 3589 ἕως
824 3516 884 3576 οὐ
916 3522 1261 3595 συγχώρησιν
1298 3524 1413 3595 μετ’
1436 3523 1602 3593 εὐχῆς
1640 3524 1773 3595 παρ’
1799 3525 1887 3577 αὐ-

1998 3523 2101 3578 bus
2150 3531 2277 3577 ante
2325 3518 2701 3584 abscesseris,
2748 3517 2922 3572 donec
2968 3516 3182 3571 veniam
3224 3514 3294 3569 ah
3332 3529 3397 3569 eo
3444 3529 3568 3569 cum

311 3616 403 3670 τοῦ
432 3617 582 3692 δέξῃ,
616 3616 767 3681 ὅπως
805 3614 1004 3679 τέλειός
1038 3632 1123 3669 σοι
1152 3613 1389 3686 ἀποδοθῇ
1412 3614 1520 3686 τῆς
1538 3632 1887 3688 ταπεινοφρο·

1998 3614 2246 3669 oratione
2277 3612 2613 3682 impetraris,
2649 3617 2710 3665 ut
2740 3608 2980 3680 perfecta
3009 3605 3337 3662 humilitatis
3369 3618 3572 3660 corona

316 3709 479 3781 σύνης
502 3710 532 3762 ὁ
560 3708 823 3779 στέφανος
848 3707 927 3771 εἰς
952 3707 1078 3770 τούς
1108 3705 1330 3770 αἰῶνας.
1357 3707 1551 3777 Ἀμήν.

1999 3703 2221 3760 donet-is
2247 3702 2303 3757 in
2332 3702 2553 3757 saecula.
2587 3699 2783 3754 Amen.

1359 3796 1703 3851 Undecimum
1734 3797 2067 3860 mandatum,
2095 3796 2318 3850 tristitia
2344 3792 2584 3849 vitanda.

390 3897 472 3950 ll.
497 3894 609 3967 (67)
637 3893 754 3948 Kal.
786 3892 1096 3965 εὐξαμένων
1132 3890 1332 3958 αὐτῶν,
1355 3892 1503 3961 λέγει
1535 3892 1684 3963 αὐτῷ
1725 3895 1753 3945 ό
1780 3891 1887 3944 ἐπί-

2076 3891 2164 3945 ll.
2204 3889 2267 3944 Et
2293 3897 2582 3960 postquam
2617 3885 2778 3941 ambo
2816 3882 3023 3956 precati
3057 3889 3208 3945 sunt,
3242 3881 3317 3937 ait
3344 3881 3420 3936 illi
3452 3881 3573 3953 epi-

320 4003 521 4051 σκοπός
535 4002 550 4015 ·
574 3988 771 4039 ’Ἄκουε
789 3987 884 4039 καὶ
906 3985 1004 4055 τῆς
1025 3985 1315 4055 ἑνδεκάτης
1343 3984 1583 4055 ἐντολῆς·
1601 3979 1670 4036 *Α
1679 4001 1769 4055 ρον
1791 3984 1887 4038 ἀπὶ

2004 3998 2203 4054 scapus
2222 4000 2236 4037 ε
2255 3980 2396 4035 Audi
2418 3977 2764 4034 undecimum
2785 3989 3002 4047 quoque
3028 3980 3376 4046 praeceptum.
3409 3972 3576 4044 Exige

323 4077 414 4131 σοῦ
436 4079 536 4149 τὴν
569 4076 746 4148 λύπην
765 4093 779 4108 ’
810 4075 906 4130 καὶ
936 4076 1045 4149 γάρ
1073 4076 1210 4146 αὐτη
1232 4075 1434 4147 ἀδελφή
1470 4077 1585 4128 ἐστι
1615 4075 1716 4146 τῆς
1745 4075 1887 4146 διψυ-

2001 4091 2032 4129 a
2074 4083 2129 4131 te
2164 4088 2378 4129 omnem
2415 4070 2719 4132 tristitiam,
2749 4082 2876 4123 nam
2919 4081 3080 4122 soror
3124 4065 3215 4119 illa
3266 4070 3352 4120 est
3406 4063 3577 4120 animi

324 4166 441 4238 χίας
458 4184 473 4198 ⁹
498 4167 596 4221 καὶ
620 4167 720 4237 τῆς
743 4165 1042 4236 ὁξυχολίας.
1072 4165 1280 4239 Δέγειό
1310 4165 1602 4235 ’Δντίοχος’
1632 4165 1777 4229 Πῶς,
1804 4165 1887 4220 κύ.

2003 4167 2155 4223 dubii
2199 4173 2254 4221 et
2291 4162 2618 4227 hasitantis,
2654 4174 2757 4215 nec
2797 4173 2907 4213 non
2941 4155 3252 4212 iracundiae.
3290 4154 3428 4209 Tum
3461 4154 3579 4209 An-

329 4276 429 4330 ριε,
462 4258 666 4328 ἀδελφή
689 4259 837 4311 ἐστιν
863 4258 1065 4329 αὐτῆς;
1094 4258 1257 4312 Ἀλλο
1287 4258 1396 4330 γάρ
1425 4276 1514 4329 μοι
1543 4259 1689 4313 δοκεῖ
1718 4260 1887 4332 όξυχο

2005 4258 2223 4313 tiochus
2251 4271 2264 4306 :
2292 4253 2420 4321 Qui,
2447 4266 2654 4323 quaeso,
2689 4250 2788 4315 ait,
2825 4248 3073 4313 Domine,
3105 4261 3262 4303 soror
3286 4247 3436 4302 illius
3461 4247 3580 4302 est?

326 4352 431 4416 λία,
472 4351 571 4404 καὶ
614 4349 746 4404 ἀλλο
781 4348 1023 4421 διψυχία,
1058 4350 1155 4404 καὶ
1198 4349 1326 4405 ἄλλο
1356 4349 1521 4421 λύπη.
1565 4351 1727 4420 Λέγει
1758 4351 1887 4422 αὐτιξ

2008 4346 2169 4402 Aliud
2202 4346 2347 4401 enim
2381 4344 2598 4399 videtur
2632 4342 2766 4397 mihi
2791 4338 3096 4403 iracundia,
3130 4339 3274 4395 aliud
3315 4338 3580 4395 dubitatio

327 4448 357 4498 δ
380 4446 708 4507 ἐπίσκοποςο
741 4442 841 4497 Διά
864 4443 917 4495 τί
956 4444 1017 4496 οὐ
1048 4445 1188 4508 νοεῖς
1225 4442 1297 4497 τά
1323 4442 1592 4515 λεγόμενά
1624 4460 1707 4496 σοι
1734 4460 1748 4507 ;
1794 4444 1887 4495 Κα¹

2009 4437 2199 4503 animi,
2246 4436 2404 4506 207
2450 4434 2599 4489 aliud
2632 4433 2878 4488 tristitia.
2925 4430 3027 4487 Cui
3066 4430 3355 4501 episcopus
3389 4449 3404 4485 :
3439 4430 3582 4497 Quid

327 4537 433 4611 γὰρ
451 4539 653 4592 ἐκεῖνοι
684 4536 746 4590 οὐ
787 4536 1019 4603 νοοῦσιν,
1058 4537 1109 4590 οἱ
1138 4537 1418 4608 βάλλοντες
1466 4538 1691 4601 ἑαυτοὺς
1724 4538 1804 4601 εἰς
1834 4537 1887 4591 τέ

2008 4526 2155 4597 quod
2182 4541 2293 4581 non
2327 4526 2589 4596 intelligis
2616 4539 2738 4595 quae
2762 4524 2910 4579 dicta
2944 4523 3111 4579 sunt?
3136 4522 3178 4578 li
3212 4539 3447 4594 namque
3470 4539 3582 4579 non

334 4632 568 4706 σαρκικὰ
619 4632 717 4686 καὶ
770 4629 1013 4701 κοσμικά
1060 4631 1384 4703 πράγματα.
1440 4632 1514 4684 Οὐ
1552 4633 1693 4694 νοεῖς
1736 4632 1817 4684 δτι
1870 4632 1887 4682 i

2010 4618 2335 4689 intelligunt,
2378 4617 2473 4688 qui
2517 4632 2641 4673 sese
2681 4618 2736 4671 in
2779 4616 3022 4671 carnalia
3056 4621 3112 4671 et
3144 4614 3582 4671 mundana-faci—

331 4724 473 4795 λύπη
526 4722 748 4777 πάντων
813 4720 922 4775 τῶν
976 4721 1163 4776 παθῶν
1234 4722 1574 4795 πονηροτέρα
1640 4722 1757 4776 ἐστὶ
1815 4722 1909 4776 καὶ

334 4812 608 4884 δεινοτάτη
639 4814 755 4874 τοῖς
806 4810 1016 4875 δούλοις
1058 4810 1152 4867 τοῦ
1198 4809 1355 4876 Θεοῦ,
1405 4813 1499 4866 καὶ
1537 4811 1689 4885 παρά
1731 4813 1908 4867 πάντα

336 4903 399 4957 τὰ
427 4903 714 4974 πνεύματα
747 4902 858 4975 (68)
910 4901 1266 4975 καταφθείρει
1299 4905 1390 4958 τὸν
1433 4902 1717 4975 ἄνθρωπον
1752 4902 1907 4975 (69);

341 4998 398 5049 υἱ
423 4994 478 5049 δὲ
510 4995 675 5065 φόϐον
709 4994 925 5065 ἔχοντες
959 4993 1095 5048 Θεοῦ
1126 4995 1221 5049 καὶ
1257 4994 1586 5067 ἐρευνῶντες
1612 4996 1739 5065 περὶ
1771 4993 1909 5050 Θεοῦ

344 5087 509 5157 ἔργων
544 5088 641 5141 καὶ
683 5086 940 5156 ἀληθείας
972 5085 1067 5141 καὶ
1103 5085 1202 5158 τὴν
1248 5086 1476 5156 καρδίαν
1516 5086 1727 5158 ἔχοντες
1774 5084 1910 5157 πρὸς

346 5179 560 5250 Κύριον,
582 5178 765 5232 πάντα
793 5177 863 5232 τά
891 5177 1161 5249 λεγόμενα
1185 5178 1369 5241 αὐτοῖς
1396 5178 1580 5249 τάχιον
1612 5177 1788 5231 νοοῦσι
1818 5177 1914 5230 καὶ

348 5267 650 5336 συνιοῦσιν,
710 5269 793 5321 ὅτι
855 5266 1087 5340 καθαροί
1141 5269 1247 5320 εἰσι
1306 5268 1401 5321 καὶ
1460 5268 1757 5340 ἀμέριμνοι
1804 5266 1914 5319 ἀπὸ

350 5359 520 5430 πάσης
553 5358 836 5432 φροντίδος
881 5358 975 5411 καὶ
1008 5357 1278 5431 μερίμνης
1309 5358 1600 5429 κοσμικῆς,
1627 5360 1723 5414 καὶ
1760 5357 1913 5411 οὐδὲν

347 5447 468 5502 ἄλλο
500 5451 549 5503 εί
586 5450 663 5522 μὴ
706 5448 800 5503 τὸν
839 5448 1003 5519 φόϐον
1031 5450 1123 5503 τοῦ
1154 5449 1288 5503 Θεοῦ
1320 5448 1533 5520 ἔχουσιν
1566 5453 1623 5505 ἐν
1680 5450 1913 5511 ἐαυτοῖς.

414 5563 459 5596 ’³
483 5562 677 5618 Matth.
709 5581 762 5624 ι’,
790 5562 882 5618 '59.

435 5653 525 5724 65)
559 5653 660 5711 llic
681 5654 856 5709 multa
879 5653 1226 5709 omittuntur.

440 5720 528 5787 66')
561 5724 688 5781 Haec
717 5741 828 5780 non
858 5726 1080 5779 omnino
1103 5722 1301 5780 similia
1335 5720 1551 5778 Hermae
1581 5722 1854 5778 mandato.

421 5793 530 5862 (6'7)
565 5795 782 5850 Hermae
806 5795 1048 5848 mandat.
1080 5796 1164 5848 Η.

416 5861 523 5933 (δὸὶ
556 5864 842 5935 Καὶπαρά
870 5863 1064 5919 πάντα
1087 5867 1158 5919 τὰ
1185 5864 1512 5934 πνεύματα.
1545 5861 1669 5919 Haec
1704 5863 1782 5920 sic
1812 5861 1917 5918 La-

2010 4726 2144 4767 nora
2166 4711 2452 4780 dejiciunt.
2478 4709 2675 4763 Annon
2717 4708 2978 4779 intelligis
3017 4707 3259 4763 omnium
3291 4707 3582 4762 affectuum
3677 4695 3689 4705 ’

2008 4806 2306 4877 pessimum
2352 4818 2475 4859 esse
2518 4801 2820 4865 tristitiam,
2875 4798 3079 4869 Deique
3126 4799 3302 4854 servis
3349 4798 3584 4853 durissi-

2008 4912 2153 4953 mam
2186 4915 2202 4954 :
2232 4910 2353 4968 quae
2382 4895 2506 4966 plus
2534 4909 2699 4964 quam
2732 4895 2821 4948 alii
2862 4908 3055 4949 omnes
3087 4891 3385 4962 (nequitiae)
3416 4890 3583 4960 spiri-

2010 4996 2100 5043 tus
2150 4987 2425 5043 hominem
2468 4984 2816 5056 corrumpit?
2848 4984 2990 5040 Sane
3021 4984 3115 5054 qui
3159 4982 3325 5037 Deum
3369 4982 3581 5044 timent,

2010 5081 2300 5150 divinaque
2341 5093 2506 5148 opera
2548 5092 2613 5131 ac
2650 5078 2935 5131 veritatem
2968 5081 3304 5135 scrutantur,
3336 5079 3390 5126 et
3419 5071 3584 5126 corde

2012 5171 2241 5226 Domino
2272 5172 2569 5233 adhaerent,
2602 5171 2637 5224 ii
2679 5170 2862 5224 omnia
2908 5168 3011 5223 sibi
3052 5166 3196 5221 dicta
3237 5166 3348 5219 cito
3384 5164 3585 5217 intelli-

2011 5269 2145 5334 gunt
2175 5269 2231 5317 et
2260 5262 2603 5331 percipiunt,
2651 5261 2781 5331 quia
2832 5259 2956 5329 puri
3002 5265 3132 5311 sunt
3172 5264 3225 5309 et
3252 5253 3407 5309 vacui
3434 5253 3584 5307 omni

2012 5368 2145 5409 cura
2167 5360 2222 5407 et
2245 5353 2612 5408 sollicitudine
2642 5351 2890 5407 saeculari
2925 5364 2939 5401 :
2978 5349 3235 5417 nulloque
3262 5345 3368 5400 alio
3396 5351 3588 5399 tenen»

2012 5451 2103 5498 tur
2137 5442 2375 5513 (affectu)
2408 5458 2569 5512 quam
2615 5442 2808 5496 timore
2852 5438 2970 5495 Dei.
3014 5435 3149 5491 Nam
3188 5435 3280 5491 ubi
3325 5433 3586 5491 Dominus

2016 5650 2129 5704 tine
2155 5649 2532 5719 exprimuntur
2561 5645 2702 5719 apud
2737 5644 3025 5719 Hennam:
3061 5641 3127 5696 Et
3157 5642 3389 5696 omnium
3430 5639 3589 5704 spiri-

2021 5730 2102 5773 tus
2128 5715 2441 5773 exterminat
2468 5727 2518 5772 et
2546 5715 2748 5770 cruciat
2779 5715 3039 5786 Spiritum
3057 5723 3299 5769 sanctum

2094 5791 2208 5857 (69)
2249 5789 2349 5843 Hic
2376 5790 2511 5843 bene
2548 5788 2715 5840 multa
2756 5788 2976 5841 desunt.

2091 5861 2204 5932 (70)
2238 5859 2329 5916 Sic
2350 5858 2708 5930 conjectando
2728 5859 3011 5913 vertimus.
