4088 6382
516 327 615 384 571

1679 330 1740 387 S.
1774 330 2239 391 ATHANASIUS.
2277 364 2348 376 -
2387 333 2661 391 SPUBlA.

3669 334 3780 391 572

515 444 751 511 habitat,
803 443 917 501 illic
962 444 1321 517 intelligentia
1379 447 1572 504 multa.
1630 447 1862 505 Adbaere
1917 452 2100 521 itaque

2208 454 2380 507 Ὅπου
2437 453 2548 525 γὰρ
2593 454 2631 504 ό
2686 451 2891 524 Κύριος
2923 453 3185 515 κατοικεῖ,
3240 453 3358 506 ἐκεῖ
3411 451 3507 506 καὶ
3564 451 3779 519 σύνεσις

514 534 771 602 Domino,
807 542 863 591 ct
908 536 1060 591 nulla
1105 551 1218 591 non
1264 536 1559 610 intelliges.
1597 538 1742 595 Audi
1780 541 1948 612 igitur
1990 558 2101 614 quo

513 635 680 700 pacto
710 628 932 683 tristitia
964 627 1217 698 spiritum
1248 634 1468 694 atterat,
1504 638 1694 702 etquo
1723 640 1887 703 pacto
1909 645 2102 689 contra

516 719 730 776 salvum
776 718 960 773 faciat.
1000 717 1137 775 Cum
1172 719 1337 774 homo
1382 721 1584 779 dubius
1622 724 1792 779 animi
1822 726 2101 796 quidpiam

514 808 855 880 aggreditur,
884 809 1033 880 quod
1062 810 1422 870 dubitationis
1444 831 1612 872 causa
1654 824 1851 887 pratter
1880 827 2103 875 senten-

516 902 651 954 tiam
712 900 819 973 ipsi
879 903 1047 970 cadit,
1102 910 1219 958 tum
1270 905 1492 961 tristitia
1543 908 1753 964 invadit
1803 909 2099 978 hominem,

515 991 895 1063 Spiritumque
951 1002 1204 1050 sanctum
1263 998 1555 1054 contristat
1605 1009 1767 1071 atque
1823 1008 2098 1071 angustat.

510 1082 654 1139 Hinc
696 1100 922 1142 rursum
962 1087 1056 1143 ubi
1106 1087 1392 1143 iracundia
1420 1098 1653 1161 occupat
1687 1092 1996 1158 hominem,
2031 1091 2103 1147 ob

508 1192 626 1232 rem
657 1178 960 1249 quamlibet
1000 1186 1166 1249 atque
1206 1182 1440 1236 multum
1486 1183 1815 1249 exacerbat,
1840 1184 1916 1238 ita
1952 1193 2015 1238 ut
2046 1184 2103 1238 in

507 1270 717 1326 malum
762 1269 1040 1341 quidpiam
1091 1270 1309 1329 facinus
1348 1283 1869 1346 prorumpat;tnne
1903 1276 2101 1331 iterum

515 1361 745 1417 tristitia
775 1361 1086 1432 ingreditur
1127 1363 1184 1417 in
1223 1378 1318 1419 cor
1357 1365 1598 1421 hominis
1628 1366 1902 1435 iracundi,
1940 1375 2105 1437 atque

509 1452 578 1509 de
634 1450 784 1507 facto
817 1467 919 1509 suo
960 1453 1106 1510 dolet
1132 1455 1473 1527 paenitetque
1500 1458 1652 1511 illum
1696 1457 1922 1513 admissi
1968 1458 2105 1513 faci-

510 1544 688 1601 noris.
732 1541 862 1599 Haec
914 1544 1102 1614 itaque
1141 1545 1371 1601 tristitia
1405 1546 1622 1602 videtur
1661 1548 1940 1614 salutaris,
1974 1549 2104 1618 quia

510 1648 647 1688 eum
687 1633 972 1689 commissi
1019 1633 1281 1691 facinoris
1318 1637 1569 1706 paenitet.
1613 1636 1815 1693 Verum
1858 1646 2103 1710 utraeque

509 1739 602 1780 res
640 1725 918 1780 hominem
942 1726 1292 1790 contristant,
1315 1743 1513 1798 nempe
1550 1728 1800 1793 tristitia,
1844 1730 1974 1801 quia
2014 1746 2103 1786 res

2204 545 2396 618 πολλή.
2454 544 2764 616 Κολλήθητι
2813 540 2907 598 οὖν
2962 543 3057 597 τοῦ
3116 544 3324 617 Κυρίου
3344 582 3361 609 ,
3412 545 3507 600 καὶ
3555 546 3778 601 πάντων

2202 636 2432 707 νοήσεις.
2471 636 2670 688 Ἀκουε
2710 630 2803 688 οὖν
2839 633 2956 699 πῶς
2988 635 3023 706 η
3065 634 3209 706 λύπη
3249 634 3489 708 ἐκτρίϐει
3519 636 3580 691 τὸ
3609 626 3787 729 πνεῦῆ

2206 745 2315 799 μα,
2363 726 2459 783 καὶ
2484 725 2649 781 πάλιν
2683 724 2871 791 σώζει.
2903 726 3072 780 Ὅταν
3116 728 3147 781 ὁ
3189 726 3411 799 δίψυχος
3450 728 3777 801 ἐπιϐάληται

2202 816 2407 891 πρᾶξαί
2432 836 2505 883 τι,
2542 817 2639 871 καὶ⁹
2669 818 2914 890 ἀποτύχῃ
2968 818 3056 873 διὰ
3088 816 3195 891 τὴν
3218 818 3470 891 διψυχίαν
3516 820 3701 888 αὐτοῦ,
3741 823 3775 894 ἡ

2201 909 2345 982 λύπη
2390 909 2751 981 ἐκπορεύεται
2784 911 2865 974 είς
2896 909 2988 964 τὸν
3038 910 3322 982 ἄνθρωπον
3376 911 3475 966 καὶ
3508 912 3669 968 λυπεῖ
3716 914 3776 968 τὸ

2201 999 2427 1072 Πνεῦμα
2453 1000 2515 1053 τὸ
2555 1000 2708 1070 ἅγιον
2739 1001 2833 1055 καὶ
2863 1005 3185 1073 στενοχωρεῖ
3227 1001 3379 1056 αὑτό.
3430 999 3567 1058 Εἶτα
3614 1004 3776 1060 πάλιν

2200 1092 2451 1164 ὀξυχολία
2477 1092 2858 1164 ὄτανκολληθῇ
2887 1092 2965 1163 τῷ
2995 1091 3270 1165 ἀνθρώπῳ
3293 1095 3424 1167 περὶ
3452 1086 3787 1167 πράγματόςῖ

2200 1158 2367 1250 τινος,
2397 1185 2493 1239 καὶ⁸
2521 1184 2641 1237 λίαν
2662 1158 2959 1258 πικρανθῇ,
2982 1186 3077 1238 καὶ⁵
3101 1158 3303 1259 ποιήσῃ
3329 1158 3383 1239 τί
3399 1158 3591 1253 κακὸν,

2202 1274 2237 1344 ἡ
2271 1271 2415 1345 λύπη
2442 1271 2821 1343 εἰσπορεύεται
2849 1275 2928 1337 είς
2948 1274 3047 1345 τὴν
3085 1273 3314 1345 καρδίαν
3357 1274 3451 1328 τοῦ
3485 1275 3790 1357 ἀνθρώπου,

2200 1362 2295 1416 τοῦ
2348 1363 2769 1436 ὀξύχολήσαντος
2792 1405 2809 1433 ,
2863 1368 2958 1419 καὶ
3008 1366 3257 1420 λυπεῖται
3310 1366 3405 1420 ἐπὶ
3460 1369 3527 1439 τῇ
3581 1368 3789 1441 πράξει·

2202 1453 2391 1518 αὐτοῦ,
2497 1453 2725 1525 ἔπραξε,
2759 1455 2856 1509 καὶ
2892 1460 3159 1527 μετανοεῖ,
3203 1456 3286 1509 ὃτι
3324 1456 3558 1527 πονηρὸν
3586 1458 3791 1530 είργά-ῐ

2204 1542 2532 1616 σατο.Λῦτη
2558 1540 2651 1599 οὖν
2679 1547 2713 1617 ἡ
2753 1544 2902 1615 λύπη
2936 1546 3082 1599 δοκεί
3109 1544 3383 1617 σωτηρίαν
3412 1545 3576 1617 ἔχειν,
3606 1548 3688 1602 ὅτι
3717 1534 3792 1612 τό

2202 1634 2439 1706 πονηρὸν
2486 1634 2701 1705 πράξας
2750 1635 3090 1706 μετενόησεν.
3139 1633 3508 1706 [Ἄμφότεραι
3545 1635 3603 1689 δέ
3634 1631 3792 1708 τῶν]’

2204 1724 2455 1798 πράξεων
2492 1724 2721 1779 λυποῦσι
2751 1725 2841 1779 τὸν
2869 1726 3153 1798 ἄνθρωπον
3172 1743 3185 1756 ⁸
3228 1724 3296 1799 [ἡ
3340 1726 3437 1797 μὲν
3462 1726 3627 1798 λύπη,
3655 1729 3783 1801 ὅτι]

512 1830 631 1872 non
662 1831 694 1871 e
738 1816 1010 1871 sententia
1041 1816 1209 1881 cadit,
1243 1827 1297 1873 et
1328 1819 1634 1885 iracundia,
1679 1821 1807 1891 quia
1840 1821 2100 1893 ﬂagitium

2205 1815 2444 1886 ἀπέτυχε
2473 1816 2574 1885 τῆς
2613 1814 2885 1887 πράξεως,
2918 1816 2952 1885 η
2990 1815 3046 1870 δέ
3072 1814 3342 1885 ὀξυχολία,
3370 1817 3453 1869 ὅτι
3482 1816 3683 1888 ἔπραξε
3716 1816 3790 1897 rb:

511 1907 845 1977 perpetravit
878 1926 893 1963 :
924 1922 1044 1977 qua:
1080 1909 1253 1963 ambae
1295 1907 1559 1980 Spiritum
1596 1922 1847 1968 sanctum
1888 1914 2098 1969 contri-

509 2004 680 2052 stant.
742 1996 977 2051 Elimina
1033 2013 1163 2069 ergo
1207 2000 1507 2066 tristitiam,
1573 2017 1750 2073 neque
1800 2005 2098 2061 contristes

512 2086 779 2155 Spiritum
802 2094 1051 2142 sanctum
1086 2088 1214 2144 inte
1247 2090 1583 2146 habitantem
1611 2112 1623 2147 :
1656 2108 1726 2149 ne
1757 2093 1896 2150 forte
1926 2094 2095 2150 Deum

509 2177 855 2242 obsecretur,
894 2186 949 2232 et
977 2192 1007 2231 a
1040 2186 1093 2234 te
1128 2179 1414 2235 abscedat.
1455 2178 1695 2250 Spiritus
1734 2199 1972 2255 namque
1999 2185 2098 2241 Dei

509 2267 603 2338 qui
646 2268 798 2322 carni
842 2276 1046 2324 nostra:
1097 2268 1434 2340 impertitur,
1488 2274 1761 2328 carnalem
1815 2277 2115 2332 tristitiam.

508 2376 622 2416 non
678 2360 944 2428 sustinet,
1007 2376 1186 2432 neque
1251 2365 1705 2421 coarctationem.
1770 2365 1897 2421 Sola
1951 2369 2096 2423 enim

508 2450 739 2504 tristitia
796 2452 1198 2520 praeteritorum
1262 2462 1615 2522 peccatorum
1686 2455 1841 2511 ali‘ert
1897 2456 2104 2510 utilita-

506 2547 666 2607 tem;
710 2539 843 2595 dum
888 2540 1121 2596 ulterius
1171 2556 1281 2597 non
1340 2544 1675 2613 peccaveris.
1738 2545 1906 2599 lndue
1958 2545 2101 2601 hila-

506 2631 748 2697 ritatem,
793 2646 916 2702 quae
966 2632 1116 2686 omni
1168 2631 1325 2688 floret
1366 2637 1542 2705 gratia
1584 2635 1727 2706 apud
1770 2635 1963 2702 Deum,
2011 2637 2100 2690 cui

506 2728 594 2777 est
635 2722 1046 2793 acceptissima,
1092 2724 1149 2777 in
1187 2739 1363 2795 eaque
1412 2726 1617 2781 laetare.
1671 2728 1859 2783 Omnis
1903 2728 2103 2799 quippe

508 2813 704 2870 hilaris
727 2814 897 2870 homo
945 2816 1089 2871 bona
1120 2826 1402 2887 operatur,
1434 2819 1578 2874 bona
1602 2820 1770 2875 sentit
1790 2827 1846 2875 et
1875 2820 2099 2892 cogitat,

509 2905 830 2978 spernitque
874 2922 1070 2961 vanam
1118 2908 1404 2964 tristitiam
1440 2928 1455 2964 :
1490 2919 1681 2965 contra
1720 2911 1884 2966 homo
1932 2912 2105 2968 tristis

494 2996 739 3079 'assidue
784 2998 1044 3053 irascitur
1076 3005 1131 3054 et
1159 2999 1505 3071 iniquitatem
1551 3011 1831 3074 operatur,
1862 3021 1962 3060 nec
1993 3005 2102 3060 Do-

494 3088 723 3151 minum
765 3096 1048 3159 precatur,
1091 3106 1273 3160 neque
1308 3093 1453 3147 mala
1504 3093 1607 3164 ipsi
1647 3095 1939 3152 conﬁtetur
1980 3112 2098 3153 sua.

2200 1908 2457 1980 πονηρόν.
2510 1908 2822 1979 Ἀμφότερα
2871 1902 2962 1959 οῦν
2988 1907 3209 1978 λυπηρά
3237 1908 3353 1961 ἐστι
3392 1906 3470 1978 τῷ
3500 1908 3780 1980 Πνεύματι

2197 1999 2275 2071 τῷ
2302 1999 2465 2069 ἀγίῳ.
2487 1993 2660 2070 *Αρον
2690 1993 2784 2051 οῦν
2815 1997 2924 2053 ἀπὸ
2961 1996 3053 2051 σοῦ
3078 1996 3176 2067 τὴν
3206 1996 3383 2068 λύπην
3407 1998 3501 2055 καὶ
3534 1998 3609 2071 μὴ
3630 1998 3779 2053 θλίϐε

2196 2088 2257 2142 τὸ
2289 2088 2517 2159 Πνεῦμα
2548 2088 2613 2141 τὸ
2665 2087 2821 2157 ἆγιον
2872 2086 2933 2141 τὸ
2965 2089 3023 2141 ἐν
3077 2087 3161 2140 σοὶ
3204 2087 3495 2143 κατοικοῦν
3517 2128 3534 2154 ,
3567 2089 3781 2160 μήποτε

2199 2179 2513 2251 ἐντεύξηται
2549 2178 2627 2250 τῷ
2666 2178 2817 2249 Θεῷ,
2843 2177 2938 2233 καὶ
2982 2179 3193 2249 ἀποστῇ
3243 2179 3350 2232 ἀπὸ
3384 2178 3501 2233 σοῦ.
3549 2180 3623 2233 Τὸ
3669 2180 3782 2253 γάρ

2198 2268 2420 2339 Πνεῦμα
2462 2266 2557 2321 τοῦ
2604 2266 2759 2333 Θεοῦ,
2786 2267 2848 2319 τὸ
2887 2264 3038 2319 δοθὲν
3080 2268 3159 2331 είς
3205 2265 3303 2337 τὴν
3347 2266 3525 2337 σάρκα
3551 2267 3790 2340 ταύτην,Δ

2198 2359 2373 2430 λύπην
2409 2358 2678 2430 σαρκικὴν
2728 2358 2827 2427 οὺχ
2874 2355 3174 2428 ὑποφέρει,
3228 2355 3349 2409 ούδέ
3391 2357 3789 2429 στενοχωρίαν.

2199 2449 2357 2522 Λύπη
2405 2449 2514 2521 γάρ
2554 2451 2588 2520 ἡ
2650 2448 2742 2501 ἐπὶ
2785 2450 2898 2512 τοῖς
2944 2445 3182 2519 πρώτοις
3230 2448 3591 2519 ἁμαρτήμασι
3643 2448 3779 2521 μόνη

2198 2541 2313 2612 ἔχει
2359 2541 2646 2610 ὠφέλειαν,
2676 2539 2773 2594 ἐὰν
2811 2539 2886 2611 μὴ
2932 2537 3093 2593 πάλιν
3132 2539 3483 2611 ἀμαρτήσῃς.
3521 2538 3781 2592 Ἐνδυσαι

2200 2629 2291 2687 οῦν
2323 2632 2423 2703 τὴν
2454 2631 2769 2703 ἱλαρότητα,
2791 2629 2890 2701 τὴν
2918 2628 3151 2683 πάντοτε
3185 2629 3410 2701 ἔχουσαν
3445 2628 3606 2703 χάριν
3631 2629 3783 2701 παρά

2200 2724 2279 2795 τῷ
2308 2724 2428 2795 Θεῷ
2462 2725 2557 2777 καὶ
2586 2722 2981 2793 εὐπρόσδεκτον
3010 2716 3176 2775 οὖσαν
3209 2720 3359 2793 αύτῷ
3387 2721 3483 2775 καὶ
3512 2720 3784 2792 ἐντρύφη-

2203 2832 2294 2868 σον
2334 2817 2391 2868 ἐν
2422 2815 2579 2886 αὐτῇ.
2602 2814 2717 2877 Πᾶς
2744 2810 2853 2883 γὰρ
2882 2810 3066 2882 ἱλαρὸς
3090 2811 3230 2884 ἀνὴρ
3271 2811 3456 2880 ἀγαθὰ
3488 2810 3783 2883 ἐργάζεται

2202 2907 2296 2959 καὶ
2323 2904 2507 2974 ἀγαθά
2528 2906 2716 2976 φρονεῖ
2738 2904 2832 2957 καὶ
2854 2906 3189 2974 καταφρονεῖ
3201 2903 3299 2975 τῆς
3322 2904 3559 2975 ματαίας
3579 2903 3780 2977 λύπης.

2215 3000 2273 3051 '0
2294 2998 2349 3050 δὲ
2381 2995 2624 3067 λυπηρὸς
2649 2994 2788 3066 ἀνὴρ
2822 2995 3053 3049 πάντοτε
3091 2994 3369 3066 ὀργίζεται
3421 2995 3515 3050 καὶ
3549 2995 3782 3069 ἀνομίαν

2203 3088 2497 3161 ἐργάζεται
2531 3087 2605 3158 μὴ
2632 3087 2973 3157 ἐντυγχάνων
3010 3086 3147 3161 μηδὲ
3185 3085 3674 3162 ἐξομολογούμενος
3703 3086 3783 3160 τῷ

508 3177 701 3235 Oratio
732 3181 934 3251 quippe
963 3182 1065 3237 viri
1097 3184 1323 3239 tristitia
1349 3188 1633 3256 occupati,
1657 3188 1958 3245 ascendere
1988 3206 2098 3245 non

2202 3179 2339 3251 Θεῷ.
2387 3180 2625 3237 Πάντοτε
2670 3178 2779 3250 γὰρ
2812 3176 3059 3249 λυπηροῦ
3107 3178 3302 3250 ἀνδρὸς
3343 3182 3377 3249 ἡ
3412 3177 3651 3245 ἔντευξις
3681 3180 3784 3233 οὐκ

506 3272 653 3326 valet
692 3271 761 3326 ad
804 3274 979 3327 altare
1013 3272 1131 3339 Dei,
1172 3277 1301 3345 quia
1353 3276 1577 3332 tristitia
1618 3278 1819 3335 insidet
1854 3280 2100 3335 incorde

507 3364 705 3434 ipsius.
764 3362 1018 3420 Tristitia
1073 3381 1207 3439 ergo
1255 3368 1533 3423 mundana
1584 3371 1888 3440 precationi
1943 3386 2097 3427 com-

506 3453 696 3518 mista,
732 3468 844 3509 non
871 3455 1005 3511 sinit
1035 3457 1410 3527 precationem
1458 3460 1757 3516 ascendere
1801 3476 1999 3532 puram
2027 3462 2097 3517 ad

507 3546 707 3602 altare.
775 3545 1250 3613 Quemadmodum
1314 3550 1462 3605 enim
1530 3560 1745 3607 acetum
1796 3560 1850 3608 et
1907 3554 2096 3609 vinum

507 3637 773 3708 permista
812 3654 925 3694 non
967 3641 1217 3696 eamdem
1266 3640 1452 3697 ferunt
1496 3647 1656 3700 ambo
1708 3647 2041 3718 voluptatem
2076 3689 2093 3716 ,

508 3729 592 3785 sic
612 3729 841 3786 tristitia
871 3748 1000 3786 cum
1027 3731 1238 3803 Spiritu
1270 3742 1462 3791 sancto
1492 3738 1676 3803 mista,
1709 3754 1818 3794 non
1848 3740 2097 3795 eamdem

507 3820 709 3877 emittit
738 3824 1065 3880 orationem.
1095 3825 1282 3896 Purga
1317 3826 1487 3897 igitur
1521 3834 1575 3883 te
1610 3829 1726 3899 ipse
1751 3844 1781 3884 a
1806 3845 1972 3901 prava
2007 3830 2100 3884 illa
2127 3828 2131 3832 ’

509 3912 753 3979 tristitia,
783 3922 838 3969 et
867 3914 1018 3969 vives
1050 3912 1161 3969 Deo
1195 3917 1253 3970 in
1279 3918 1502 3972 saecula.
1527 3920 1719 3974 Amen.

2205 3274 2317 3344 ἔχει
2343 3272 2571 3344 δύναμιν
2603 3270 2698 3325 τοῦ
2728 3272 2996 3342 ἀναϐῆναι
3038 3271 3133 3324 ἐπὶ
3162 3271 3224 3324 τὸ
3265 3269 3653 3344 θυσιαστήριον
3684 3271 3780 3325 τοῦ

2204 3364 2367 3418 Θεοῦ·
2403 3365 2484 3417 ὃτι
2515 3365 2549 3435 ἡ
2584 3363 2730 3434 λύπη
2765 3361 3066 3434 ἐγκάθηται
3100 3363 3180 3425 είς
3202 3361 3298 3434 τὴν
3334 3361 3564 3434 καρδίαν
3587 3362 3778 3418 αὐτοῦ.

2202 3457 2532 3530 Μεμιγμένη
2564 3450 2658 3510 οῦν
2680 3456 2717 3526 ἡ
2741 3454 2917 3525 λύπηο
2954 3455 2989 3525 ἡ
3018 3454 3257 3526 κοσμικὴ
3297 3452 3437 3526 μετά
3457 3454 3557 3525 τῆς
3592 3454 3780 3509 ἐντεύ-

2204 3549 2339 3618 ξεως
2362 3551 2464 3603 οὐκ
2501 3548 2696 3619 ἀφίησι
2722 3548 2821 3619 τὴν
2844 3545 3085 3612 ἔντευξιν
3111 3544 3379 3616 ἀναϐῆναι
3423 3545 3676 3618 καθαρὰν
3703 3549 3785 3613 είς

2200 3642 2263 3695 τὸ
2306 3640 2711 3712 θυσιαστήριον.
2746 3639 2955 3709 Ὠσπερ
2994 3636 3104 3709 γὰρ
3144 3636 3264 3702 ὅξος
3297 3636 3394 3690 καὶ
3427 3632 3569 3701 οἶνος
3614 3654 3782 3709 μεμι-

2202 3734 2379 3805 γμένα
2400 3732 2512 3805 (71)
2542 3731 2641 3803 τὴν
2686 3730 2859 3802 αὐτὴν
2884 3727 3077 3801 ἡδονὴν
3102 3728 3203 3782 οὐκ
3240 3727 3475 3798 ἔχουσιν,
3513 3727 3658 3782 οὓτω
3686 3729 3783 3783 καὶ

2197 3827 2341 3900 λύπη
2401 3824 2713 3899 μεμιγμένη
2779 3822 2919 3895 μετὰ
2960 3822 3055 3876 τοῦ
3108 3820 3265 3890 ἁγίου
3315 3820 3634 3893 Πνεύματος
3682 3822 3782 3894 τὴν

2205 3919 2374 3990 αὐτὴν
2417 3915 2655 3980 ἔντευξιν
2704 3912 2845 3986 [οὐκ
2874 3912 2988 3985 ἔχει
3093 3912 3405 3985 Καοάρισον
3450 3907 3543 3967 οῦν
3589 3913 3781 3968 ἐαυτὸν

509 4004 619 4059 ἀπὸ
669 4005 768 4076 τῆς
799 4004 977 4075 λύπης
1026 4009 1269 4079 πονηρᾶς
1306 4008 1542 4082 ταύτης,
1591 4011 1687 4065 καὶ
1736 4011 1877 4086 ζήσῃ
1919 4012 1998 4084 τῷ
2050 4011 2170 4083 Θεῷ
2196 4012 2276 4075 εἰς
2304 4012 2431 4075 τοὺς
2473 4009 2692 4071 αἰῶνας.
2732 4006 2927 4077 Ἀμήν.

1112 4167 1495 4224 Duodecimum
1518 4180 1856 4241 prwceptum,
1886 4170 2051 4225 Deum
2080 4170 2282 4233 timere,
2314 4167 2585 4222 diabolum
2614 4183 2717 4221 non
2744 4165 2926 4219 timere
2958 4173 3177 4233 oportet.

590 4298 672 4353 12.
699 4298 996 4369 Postquam
1042 4309 1229 4357 autem
1279 4313 1593 4371 oraverant,
1628 4307 1707 4360 ait
1752 4306 1833 4361 illi
1879 4306 2099 4376 episco-

2275 4303 2363 4358 13.
2410 4302 2519 4357 Καὶ
2550 4302 2863 4373 εὐξαμένων
2897 4298 3097 4363 αὐτῶν,
3129 4297 3278 4367 λέγει
3305 4294 3455 4367 αύτῷ
3486 4294 3514 4348 ὁ
3550 4296 3779 4351 ἐπίσκο-

512 4405 658 4462 pus:
703 4393 922 4448 Attente
971 4393 1265 4464 perpende,
1300 4403 1356 4451 et
1395 4412 1462 4453 ex
1498 4407 1611 4454 toto
1638 4398 1805 4455 corde
1842 4408 1938 4455 tuo
1965 4414 2099 4456 con-

2203 4413 2332 4461 ποςο
2374 4394 2549 4449 Βλέπε
2595 4393 2853 4467 στερεῶς,
2889 4392 2984 4445 καὶ
3011 4389 3073 4455 ἐξ
3118 4390 3247 4459 ὅλης
3278 4388 3379 4459 τῆς
3421 4388 3650 4461 καρδίας
3686 4406 3777 4442 σου

512 4489 729 4539 vertere
751 4482 819 4538 ad
846 4483 1162 4550 Dominum,
1189 4501 1292 4542 nec
1317 4488 1597 4546 diabolum
1630 4490 1975 4557 reformides,
2015 4492 2100 4549 vis

511 4576 715 4660 quippe
752 4578 903 4632 nulla
934 4578 991 4633 in
1022 4594 1090 4635 eo
1132 4587 1218 4636 est
1263 4582 1527 4640 adversus
1574 4600 1763 4642 servos
1794 4586 1892 4641 Dei
1920 4606 1934 4642 :
1969 4602 2098 4641 nam

514 4666 660 4724 Deus
676 4676 763 4724 est
790 4669 885 4740 qui
906 4670 1323 4729 datvictoriam.
1349 4674 1609 4734 Diabolus
1632 4686 1897 4734 terrorem
1915 4693 2100 4749 quem-

515 4756 641 4811 dam
677 4758 856 4814 solum
909 4759 1195 4831 imprimit,
1244 4763 1341 4819 sed
1385 4771 1564 4820 terror
1603 4765 1693 4822 ille
1728 4766 1866 4822 nihil
1898 4765 2096 4822 virium

513 4848 695 4905 liabet.
728 4846 807 4905 Ne
839 4848 1100 4910 formides
1135 4854 1321 4925 itaque
1344 4855 1522 4921 illum,
1544 4864 1599 4912 et
1631 4865 1737 4914 ate
1762 4858 1954 4929 fugiet.
1985 4856 2097 4912 Nec

512 4939 691 4995 minas
725 4941 874 4998 illius
912 4945 1291 5013 pertimescas.
1326 4947 1560 5004 Perinde
1605 4950 1750 5005 enim
1790 4950 2099 5005 imbecillus

511 5036 597 5084 est
637 5037 697 5085 ut
744 5033 900 5087 nervi
951 5030 1258 5092 cadaveris.
1309 5036 1420 5092 Nec
1453 5047 1634 5108 potest
1681 5040 1955 5095 dominari
2002 5039 2097 5094 Dei

513 5120 710 5188 servis,
733 5123 827 5192 qui
859 5139 923 5182 ex
955 5132 1073 5180 toto
1101 5126 1269 5184 corde
1295 5144 1395 5183 suo
1433 5138 1657 5199 sperant
1685 5132 1740 5186 in
1785 5130 1960 5185 illum.
1988 5129 2097 5184 Pu-

512 5227 680 5281 gnare
710 5212 960 5273 diabolus
986 5218 1153 5284 valet,
1202 5234 1518 5293 oppugnare
1551 5237 1662 5276 non
1691 5222 1855 5278 valet.
1903 5221 1961 5276 Si
2000 5224 2099 5276 ob-

515 5305 723 5360 stiteris
750 5307 854 5372 illi,
881 5319 1176 5380 superatus
1203 5311 1374 5383 fugiet
1407 5322 1511 5369 ate
1539 5330 1662 5370 cum
1694 5315 1924 5386 pudore.
1946 5314 2099 5369 Time

516 5394 703 5463 potius
735 5395 1051 5466 Dominum,
1088 5402 1183 5472 qui
1215 5410 1396 5473 potest
1430 5405 1639 5459 salvum
1665 5404 1846 5460 facere
1875 5412 1930 5459 et
1969 5420 2097 5473 per-

517 5484 665 5542 dere.
697 5485 775 5544 Ne
816 5489 1140 5550 reformides
1169 5495 1256 5550 vel
1301 5496 1495 5553 timeas
1542 5506 1770 5553 mortem
1800 5512 1922 5567 quae
1953 5495 2099 5550 ﬂuxa

736 5669 929 5749 _V_ulgo,
962 5674 1084 5741 ὅξος
1112 5676 1241 5749 οϊνῳ
1272 5679 1625 5749 μεμιγμένον.
1654 5678 1862 5734 Noua.

2203 4491 2507 4562 ἐπίστρεφε
2548 4487 2685 4558 πρὸς
2748 4485 2955 4557 Κύριον
3009 4482 3145 4553 (72)
3177 4497 3192 4512 °
3256 4481 3351 4535 καὶ
3407 4479 3482 4551 μὴ
3534 4478 3780 4551 φοϐηθῇς

2197 4582 2291 4637 τὸν
2319 4579 2564 4635 διάϐολον
2596 4596 2611 4609 ·
2655 4577 2886 4649 δύναμις
2928 4574 3039 4646 γὰρ
3083 4575 3142 4627 ἐν
3174 4570 3323 4642 αὐτῷ
3347 4570 3444 4624 οὐκ
3490 4569 3605 4623 ἔστι
3638 4569 3781 4625 κατά

2198 4675 2306 4728 τῶν
2337 4674 2539 4727 δούλων
2567 4671 2661 4725 τοῦ
2695 4668 2852 4725 Θεοῦ.
2907 4669 2965 4723 '0
2994 4667 3125 4730 Θεὸς
3150 4664 3258 4737 γάρ
3285 4665 3430 4716 ἐστιν
3463 4664 3492 4716 ὁ
3522 4662 3779 4735 παρέχων

2198 4767 2297 4840 τὴν
2327 4770 2504 4838 νίκην.
2546 4767 2603 4819 '0
2627 4762 2873 4825 διάϐολος
2910 4760 3069 4832 μόνον
3099 4756 3263 4828 φόϐον
3296 4754 3437 4827 ἔχει·
3471 4756 3500 4808 ὁ
3528 4753 3586 4806 δέ
3615 4753 3779 4822 φόϐος

2197 4856 2360 4911 αὐτοῦ
2393 4856 2582 4920 τόνους
2622 4855 2722 4908 οὐκ
2769 4852 2903 4924 ἔχει.
2954 4852 3046 4923 Μὴ
3073 4848 3316 4920 φοϐηθῇς
3341 4842 3433 4901 οὖν
3459 4847 3642 4911 αὑτὸν,
3684 4846 3779 4900 καὶ

2199 4946 2452 5015 φεύξεται
2477 4945 2584 4999 ἀπὸ
2603 4943 2720 5010 σοῦ,
2742 4942 2876 5015 μηδὲ
2901 4942 2999 5014 τὴν
3029 4940 3259 5012 ἀπειλὴν
3287 4938 3451 4994 αὑτοῦ
3480 4939 3775 5011 δειλιάσῇς.

2204 5040 2423 5100 Ἀτονος
2456 5036 2565 5109 γὰρ
2597 5035 2673 5099 ὡς
2702 5033 2900 5106 νεκροῦ
2941 5031 3127 5104 νεῦρα.
3157 5032 3232 5085 Ού
3276 5031 3497 5086 δύναται
3529 5029 3642 5103 γὰρ
3670 5048 3780 5107 ⁸κα·-

2198 5127 2613 5182 ταδυναστεύειν
2647 5127 2755 5179 τῶν
2808 5124 3011 5178 δούλων
3055 5123 3151 5177 τοῦ
3195 5122 3332 5177 Θεοῦ
3379 5121 3488 5176 τῶν
3540 5122 3602 5187 ἐξ
3651 5122 3779 5189 ὅλης

2200 5221 2424 5292 καρδίας
2467 5220 2796 5285 ἐλπιζόντων
2835 5219 2923 5270 ἐπ’
2962 5215 3144 5270 αὐτόν.
3191 5215 3426 5270 Δύναται
3460 5209 3552 5268 οῦν
3586 5217 3615 5268 ό
3656 5214 3776 5268 διά-

2199 5312 2352 5377 ϐολος
2397 5313 2677 5375 παλαῖσαι,
2730 5307 3131 5364 καταπαλαῖσαι
3176 5306 3234 5359 δέ
3276 5306 3336 5359 ού
3368 5304 3613 5360 δύναται.
3653 5305 3776 5358 Ἐἀν

2198 5402 2290 5459 οῦν
2319 5406 2572 5476 ἁντιστῇς
2610 5404 2793 5469 αὑτὸν,
2825 5399 3069 5471 νικηθεὶς
3097 5396 3351 5477 φεύξεται
3380 5398 3488 5452 ἀπὸ
3515 5398 3611 5451 σοῦ
3645 5414 3778 5451 κατ-

2198 5497 2563 5570 ῃσχυμμένος.
2589 5496 2807 5550 Μᾶλλον
2844 5491 3115 5563 φοϐήθητι
3140 5490 3234 5545 τὸν
3260 5489 3465 5564 Κύριον
3497 5488 3591 5548 τὸν
3618 5488 3778 5546 δυνά-

592 5738 704 5809 (7'2)
741 5738 870 5797 Haec
904 5738 1121 5801 exstant
1162 5738 1284 5803 sub'
1318 5738 1475 5804 ﬂ'ne'm
1527 5750 1830 5806 duodecitui
1880 5748 2089 5806 Hermae
2111 5750 2371 5814 mandati,
2399 5749 2490 5805 scd
2532 5749 2871 5816 aliquantum
2898 5742 3132 5797 diversa.
