4088 6382
342 353 445 408 575

1340 351 1693 412 DOCTRINA
1729 356 1822 412 AD
1859 358 2267 419 ANTIOCHUM
2296 363 2552 422 DUCEM.

3468 352 3579 422 57l-

328 480 487 537 μενον
543 466 719 520 σῶσαι
778 466 872 521 καὶ
929 468 1213 527 ἀπολέσαι.
1265 471 1357 544 Μὴ
1402 472 1717 547 δειλιάσῃς,
1766 476 1903 547 μηδὲ

2009 489 2113 537 est.
2154 482 2262 539 Sed
2290 483 2423 540 time
2450 491 2756 556 peccatum,
2790 484 2937 555 quod
2968 499 3037 541 ex
3061 478 3343 541 voluntate
3382 490 3436 540 et
3464 484 3576 539 ele-

328 556 571 627 φοὸηθῇς
616 558 710 611 τὸν
758 557 985 613 θάνατον
1007 600 1022 626 ,
1078 560 1319 632 φθαρτὸς
1377 563 1488 637 γάρ
1535 566 1717 620 ἐστιν’
1763 568 1902 623 ἀλλά

331 645 498 716 φοὸοῦ
524 647 626 720 τὴν
654 649 948 720 ἁμαρτίαν,
980 653 1338 725 προαιρετική
1373 654 1482 726 γάρ
1501 657 1635 709 ἐστι.
1657 656 1900 712 Φύλασσε

331 738 556 793 σεαυτὸν
589 739 698 792 ἀπὸ
728 740 836 795 τῶν
887 741 1092 812 τρίτων
1135 744 1313 814 μελῶν
1343 744 1438 799 τοῦ
1493 746 1743 817 σώματός
1783 766 1899 816 σου,

331 828 639 900 ὀφθαλμοῦ,
696 831 965 902 στόματος
1007 834 1102 887 καὶ
1150 836 1353 907 ἀκοῆς”
1404 838 1616 909 μήποτε
1662 838 1753 893 διά
1791 840 1903 895 τῶν

331 917 624 988 ὀφθαλμῶν
664 936 759 973 σου
821 919 1097 994 φθονερῶς
1127 923 1220 975 καὶ¹
1267 924 1583 991 ἀκολάστως
1626 929 1903 1002 προσέχῃς

331 1008 456 1071 τινὶ,
481 1008 578 1060 καὶ
604 1005 698 1060 διά
731 1008 997 1078 πόματος
1016 1008 1110 1063 τοῦ
1150 1011 1224 1081 μὴ
1240 1010 1417 1066 λαλεῖν
1436 1029 1566 1066 ποτε
1585 1015 1900 1089 ἀσύμφορα,

332 1098 425 1151 καὶ
469 1098 641 1169 ἀκοὴν
688 1101 758 1171 τῇ
802 1099 1118 1172 ὑγιαινούσῃ
1171 1100 1514 1175 [διδασκαλίᾳ
1554 1105 1900 1180 ἐπίστρεφε],

336 1190 544 1262 μήποτε
603 1190 873 1263 καταδέξῃ
940 1190 1157 1263 λόγ[ους
1208 1192 1454 1266 ἀσεὸεῖς]
1492 1196 1626 1266 (75),
1694 1199 1904 1269 μήποτε

333 1280 571 1354 ήττηθῇς
611 1283 895 1346 ἀσυνέτοις
931 1282 1214 1353 λογισμοῖς
1238 1324 1255 1351 ,
1301 1286 1440 1358 ἀκοῇ
1491 1287 1764 1361 βλαϐερᾷ,
1809 1289 1906 1343 καὶ

335 1374 671 1446 ἐπιστρέψῃς
724 1375 801 1438 ὡς
842 1374 988 1427 κύων
1046 1372 1139 1428 ἐπὶ
1185 1377 1277 1430 τὸν
1307 1378 1443 1434 ἴδιον
1494 1381 1707 1451 ἐμετόν.
1748 1382 1907 1437 Ἀλλά

334 1465 465 1519 λάϐε
491 1466 723 1537 ’μᾶλλον
786 1468 868 1529 είς
919 1465 1016 1537 τὴν
1078 1466 1191 1538 σὴν.
1231 1468 1441 1525 ἔννοιαν
1501 1471 1600 1543 τὴν
1670 1470 1907 1547 ἐσχάτην

334 1558 566 1629 ἡμέραν.
598 1558 676 1611 Οὐ
701 1559 812 1632 γάρ
838 1559 999 1630 μόνος
1037 1561 1130 1615 τὸν
1163 1561 1338 1615 αἰῶνα
1367 1560 1611 1632 βιώσεις,
1640 1564 1780 1619 ἀλλά
1804 1565 1906 1637 τὴν

333 1648 453 1702 τότε
490 1649 762 1723 μνήσθητι
828 1651 1058 1723 συνοχὴν
1108 1652 1204 1706 καὶ
1235 1653 1475 1724 πνιγμὸν
1526 1656 1621 1709 καὶ
1674 1656 1906 1711 θανάτου

334 1740 479 1811 ὥραν
513 1742 612 1795 καὶ
643 1743 917 1812 ἀπόφασιν
959 1743 1094 1797 Θεοῦ
1129 1745 1561 1814 κατεπείγουσαν
1601 1748 1695 1801 καὶ
1744 1749 1909 1818 ἀγγέ-

2001 574 2181 629 ctione
2206 576 2471 644 procedit.
2495 577 2639 632 Cave
2663 578 2761 632 tibi
2790 594 2821 631 a
2842 578 3016 633 tribus
3035 577 3283 646 corporis
3302 575 3381 631 tui
3404 589 3586 629 mem-

2000 666 2139 733 bris,
2170 669 2350 735 oculo,
2379 684 2497 735 ore,
2530 670 2741 724 auditu.
2777 669 2857 725 Ne
2887 668 3028 725 forte
3053 670 3290 739 aliquem
3322 666 3496 722 torvis
3522 672 3578 720 et

2001 757 2203 817 invidis
2229 762 2405 818 oculis
2440 763 2738 833 respicias,
2771 771 2828 817 et
2854 776 2949 816 ore
2980 760 3227 831 quaedam
3257 760 3419 814 noxia
3450 772 3579 828 pro-

2002 850 2149 908 feras
2178 869 2194 919 ;
2236 854 2481 909 auditum
2514 870 2643 910 vero
2686 870 2834 911 sanae
2863 853 2986 910 tidei
3019 853 3278 908 adhibeto
3324 857 3583 918 tantum;

2003 958 2073 999 ne
2129 944 2268 1000 forte
2318 960 2636 1016 perversum
2685 961 2989 1001 sermonem
3050 944 3331 1007 admittas,
3377 942 3465 998 vel
3513 956 3580 997 ex

2004 1037 2171 1092 noxio
2213 1037 2403 1092 auditu
2428 1038 2497 1093 ab
2539 1038 2978 1110 imprudentibus
3022 1036 3446 1109 cogitationibus
3486 1050 3583 1090 su-

2004 1129 2216 1201 pereris
2241 1128 2379 1201 (74),
2405 1136 2462 1186 et
2508 1140 2786 1185 revertare
2830 1129 2983 1185 velut
3033 1129 3188 1183 canis
3226 1125 3295 1181 ad
3318 1126 3581 1181 vomitum

2004 1227 2185 1278 tuum.
2229 1219 2337 1276 Sed
2389 1221 2574 1293 potius
2619 1221 2975 1278 novissimam
3019 1221 3162 1277 diem
3191 1220 3355 1291 208
3397 1226 3581 1275 tecum

2004 1322 2220 1385 reputa.
2240 1312 2428 1384 Neque
2454 1314 2600 1370 enim
2627 1319 2688 1368 tu
2714 1313 2865 1370 solus
2891 1313 2945 1367 in
2976 1313 3234 1369 saeculum
3264 1313 3415 1367 vives
3442 1329 3457 1367 :
3481 1308 3581 1366 sed

2008 1413 2282 1462 memento
2332 1406 2530 1462 futurae
2578 1407 2725 1463 illius
2772 1405 3159 1461 coarctationis
3186 1401 3586 1459 suﬂ‘ocatiouis-

2008 1514 2136 1570 que,
2178 1499 2328 1554 horae
2361 1499 2565 1566 obitus,
2598 1498 2842 1569 urgentis
2883 1498 3167 1552 sententia:
3209 1494 3326 1560 Dei,
3358 1493 3583 1565 angelo-

2008 1606 2132 1646 rum
2164 1590 2564 1655 festinantium,
2611 1575 3106 1644 animaa'harumce
3137 1602 3322 1643 rerum
3371 1592 3588 1663 specta-

2009 1683 2134 1739 culo
2159 1682 2414 1748 turbatae,
2439 1681 2778 1737 conscientia
2808 1695 2907 1736 sua
2943 1678 3185 1750 graviter
3209 1676 3499 1748 perculsas,
3530 1681 3587 1730 et

2008 1790 2098 1829 res
2120 1773 2286 1843 huius
2302 1772 2487 1829 saeculi
2508 1770 2891 1826 miserabiliter
2911 1766 3255 1838 respicientis
3281 1783 3294 1819 :
3317 1772 3482 1834 atque
3503 1762 3589 1817 in-

332 1833 453 1897 λους
482 1834 909 1898 ἐπισπεύδοντας
954 1835 1051 1889 καὶ
1097 1835 1274 1908 ψυχὴν
1307 1838 1366 1890 ἐν
1412 1837 1623 1901 τούτοις
1651 1838 1908 1911 θορυϐου-

2013 1831 2411 1936 deprecabilem
2438 1865 2587 1918 illius
2618 1831 3078 1933 peregrinationis
3118 1831 3499 1913 necessitatem
3530 1853 3591 1909 in

330 1926 499 1997 μένην
520 1928 614 1979 καὶ
648 1926 769 1997 ἅμα
805 1926 884 1998 τῷ
915 1929 1176 1982 συνειδότι
1212 1929 1425 2003 πικρῶς
1466 1933 1907 2005 μαστιγουμένην

329 2018 422 2071 καὶ
474 2020 613 2091 πρὸς
664 2019 734 2073 τά
764 2013 868 2072 ὧδε
903 2019 1152 2084 ἐλεεινῶς
1181 2022 1632 2094 ἐπιστρέφουσαν.
1661 2025 1771 2078 Καὶ
1808 2025 1907 2095 τὴν

332 2107 707 2179 ἀπαραίτητον
732 2109 832 2179 τῆς
854 2110 1070 2179 μακρᾶς
1099 2108 1316 2181 ἐκείνης
1336 2110 1647 2183 ἀποδημίας
1662 2113 1905 2184 ἀνάγκην

328 2198 626 2270 διάγραψόν
660 2217 751 2270 μοι
777 2205 841 2272 τῇ
870 2201 1099 2273 διανοίᾳ,
1130 2202 1230 2274 τὴν
1258 2201 1575 2256 τελευταίαν
1602 2202 1696 2257 τοῦ
1725 2203 1905 2257 κοινοῦ

330 2291 442 2362 βξου
476 2294 886 2365 καταστροφὴν,
909 2296 1039 2347 ὅταν
1061 2293 1192 2367 ἔλθῃ
1220 2296 1249 2348 ὁ
1272 2294 1402 2359 Υἱὸς
1432 2294 1528 2348 τοῦ
1565 2295 1700 2349 Θεοῦ
1744 2298 1801 2350 ἐν
1832 2299 1904 2369 τῇ

328 2383 448 2456 δέξῃ
478 2383 646 2439 αὐτοῦ
702 2385 841 2456 μετά
886 2385 997 2439 τῶν
1044 2387 1292 2456 ἀγγέλων
1337 2385 1503 2440 αὐτοῦ
1554 2386 1664 2440 τῶν
1710 2388 1902 2455 ἁγίων.

330 2475 489 2539 Ἥξει
525 2475 634 2546 γὰρ
684 2475 781 2529 καὶ
832 2476 894 2528 οὐ
954 2476 1439 2547 παρασιωπήσεται
1467 2512 1483 2539 ,
1535 2474 1663 2528 ὅταν
1709 2474 1835 2548 ἔλθῃ
1877 2475 1906 2527 ό

328 2564 531 2635 Κύριος
581 2569 767 2636 κρῖναι
800 2564 1010 2629 ζῶντας
1058 2565 1152 2619 καὶ
1200 2567 1429 2637 νεκροὺς
1470 2565 1565 2619 καὶ
1615 2564 1905 2619 ἀποδοῦναι

328 2658 542 2728 ἐκάστῳ
570 2658 714 2712 κατά
758 2657 828 2711 τά
860 2657 996 2730 ἔργα
1026 2656 1215 2710 αὑτοῦ.
1238 2656 1522 2729 Μνήσθητι
1557 2656 1648 2711 τὸν
1683 2656 1905 2729 πύρινον

328 2751 571 2822 ποταμὸν
595 2790 610 2814 ,
643 2752 736 2804 τὸν
785 2749 1044 2821 σκώληκα
1089 2749 1184 2804 τὸν
1238 2748 1535 2820 ἀκοίμητον
1552 2789 1568 2813 ,
1608 2748 1701 2802 τὸν
1734 2749 1905 2804 δεινὸν

327 2842 482 2915 ᾅδην,
514 2843 577 2896 τὸ
602 2843 798 2906 σκότος
829 2843 890 2896 τὸ
922 2840 1205 2913 ἐξώτερον,
1238 2841 1331 2895 τὸν
1360 2840 1559 2911 πικρὸν
1604 2840 1902 2911 κλαυθμὸν,

328 2937 418 2989 τὸν
470 2936 720 3008 βρυγμὸν
758 2935 869 2989 τῶν
906 2935 1133 2990 ὀδόντων
1152 2974 1167 2999 ,
1213 2933 1311 3006 τὴν
1357 2932 1620 2987 ἄσϐεστον
1651 2933 1901 3004 κάμινον.

330 3030 516 3083 Πάντα
567 3033 680 3101 γάρ
730 3026 914 3099 γυμνά
962 3027 1058 3081 καὶ
1097 3024 1577 3097 τετραχηλισμένα
1615 3026 1903 3097 παραστή-

330 3137 510 3174 satur
547 3096 676 3174 ὅταν
710 3096 752 3191 η
791 3096 1023 3189 σάλπιγξ
1052 3096 1235 3189 ἐκείνη
1271 3117 1413 3189 μέγα
1446 3135 1500 3172 τι
1538 3118 1631 3172 καὶ
1678 3096 1933 3191 φοὸερδν⁶

327 3215 580 3284 ἠχήσασα
620 3213 752 3276 τοὺς
806 3212 901 3265 ἀπ’
952 3210 1149 3274 αἰῶνος
1197 3210 1279 3277 ἐξ.
1304 3246 1321 3262 .
1347 3249 1362 3262 .
1385 3247 1402 3264 .
1430 3249 1445 3263 .
1466 3249 1479 3263 .
1508 3202 1899 3275 καθεύδοντας,
1929 3192 1972 3249 c

333 3325 351 3355 ι
400 3307 493 3358 καὶ
538 3304 968 3378 ἐκπορεύσονται
1013 3304 1063 3357 οῖ
1118 3301 1187 3356 τά
1243 3300 1428 3370 ἀγαθά
1476 3301 1783 3373 πράξαντες
1824 3301 1904 3365 είς

328 3397 625 3451 ἀνάστασιν
680 3397 862 3468 ζωῆςο
905 3398 955 3449 οἱ
999 3395 1059 3448 δὲ
1106 3394 1178 3448 τά
1233 3393 1413 3465 φαῦλα
1468 3393 1774 3466 πράξαντες
1827 3395 1907 3457 είς

329 3490 627 3543 ἀνάστασιν
672 3489 932 3559 κρίσεως.
979 3505 999 3538 ι
1047 3474 1357 3557 Μνήσθητι⁸
1391 3483 1493 3554 τῆς
1554 3482 1651 3537 τοῦ
1711 3483 1908 3554 Δανιὴλ

329 3584 611 3647 ὀπτασίας,
629 3581 751 3645 πῶς
776 3581 867 3634 ὑπ’
893 3579 1078 3649 ὄψεσιν
1096 3577 1222 3647 άγει
1243 3577 1342 3650 τὴν
1364 3576 1565 3647 κρίσιν,
1587 3575 1691 3640 ὅτι,
1719 3575 1904 3646 φησὶν,

337 3697 352 3728 ι
385 3678 535 3741 Ἕως
586 3672 651 3729 οὗ
702 3673 883 3745 θρόνοι
917 3670 1204 3741 ἐτέθησαν,
1256 3669 1354 3724 καὶ
1402 3667 1639 3731 Παλαιὸς
1685 3665 1908 3738 ἡμερῶν

332 3769 570 3833 ἐκάθισε,
608 3765 708 3820 καὶ
739 3764 801 3818 τδ
845 3763 1046 3834 ἔνδυμα
1076 3760 1242 3815 αὐτοῦ
1286 3760 1479 3813 λευκὸν
1516 3759 1591 3822 ὡς
1627 3757 1780 3828 χιὼν,
1816 3758 1909 3811 καὶ

333 3862 511 3936 ἠθρὶξ
557 3863 662 3933 τῆς
712 3859 957 3929 κεφαλῆς
1013 3856 1177 3911 αὐτοῦ
1225 3856 1301 3918 ὡς
1339 3854 1484 3927 ἔριον
1530 3853 1790 3923 καθαρόν.
1851 3853 1909 3906 Ὀ

334 3955 517 4027 θρόνος
551 3953 719 4007 αὑτοῦ
754 3951 831 4015 ώς
864 3949 996 4021 φλὸξ
1045 3948 1241 4021 πυρός·
1285 3949 1336 4001 oi
1368 3946 1551 4019 τροχοὶ
1603 3945 1767 4000 αὑτοῦ
1799 3944 1910 4018 πῦρ

336 4047 561 4115 φλέγονο
612 4044 862 4115 ποταμὸς
914 4042 1087 4113 πυρὸς
1143 4036 1324 4094 εἷλκεν
1370 4038 1678 4111 ἔμπροσθεν
1720 4037 1907 4092 αὐτοῦ.

334 4140 509 4192 Χίλιαι
549 4137 791 4209 χιλιάδες
834 4132 1207 4204 ἐλειτούργουν
1250 4132 1398 4204 αύτῷ
1433 4133 1526 4185 καὶ
1582 4130 1771 4203 μύριαι
1811 4118 1911 4201 μυ-

339 4232 509 4300 ριάδες
538 4230 1004 4303 παρειστήκεισαν
1030 4225 1196 4296 αὐτῷ.
1239 4226 1537 4299 Κριτήριον
1566 4225 1787 4279 ἐκάθισε
1817 4225 1912 4277 καὶ

338 4320 1015 4394 βίϐλοιὴνεῲχθησανδτά
1044 4317 1330 4388 ἀγαθά,τά
1358 4318 1560 4388 φαῦλα,
1578 4317 1645 4370 τά
1674 4315 1907 4388 φανερά,

335 4419 398 4471 τέι
422 4415 804 4489 κεκρυμμένα,
838 4411 907 4465 τά
934 4411 1255 4483 πράγματα,
1283 4410 1351 4464 τά
1385 4411 1628 4482 ῥήματα,
1661 4409 1730 4460 τά
1759 4406 1913 4459 ἐνθυ-

2014 1968 2107 2013 tua
2137 1968 2319 2014 mente
2351 1958 2671 2021 describito,
2709 1971 2811 2011 nec
2839 1970 2950 2010 non
2976 1961 3314 2025 postremum
3340 1964 3588 2006 commu-

2015 2049 2099 2105 nis
2132 2049 2412 2103 hominum
2447 2050 2571 2103 vitae
2599 2048 2829 2111 exitum,
2862 2061 2972 2116 quo
3002 2053 3248 2115 tempore
3277 2042 3457 2098 veniet
3489 2039 3588 2096 Εἰς

2012 2140 2118 2195 lius
2157 2139 2253 2195 Dei
2300 2140 2355 2194 in
2407 2138 2579 2210 gloria
2631 2151 2731 2192 sua
2765 2150 2890 2190 cum
2944 2136 3153 2205 angelis
3196 2133 3405 2189 sanctis
3444 2132 3587 2187 suis.

2012 2229 2207 2285 Veniet
2249 2245 2487 2300 namque
2534 2237 2588 2284 et
2618 2244 2728 2283 non
2764 2227 2966 2291 silebit,
3003 2243 3127 2281 cum
3164 2225 3374 2282 venerit
3406 2224 3591 2278 Domi-

2010 2336 2117 2376 nus
2154 2320 2408 2389 judicare
2441 2320 2593 2375 vivos
2631 2326 2685 2373 et
2726 2327 2996 2381 mortuos,
3036 2325 3089 2372 et
3120 2316 3252 2369 dare
3290 2316 3594 2385 unicuique

2011 2411 2312 2469 secundum
2343 2426 2510 2484 opera
2542 2427 2664 2468 sua.
2700 2410 2970 2467 Memento
2999 2411 3141 2481 ignei
3181 2407 3443 2472 ﬂuminis,
3470 2423 3597 2463 vers

2010 2506 2117 2561 mis
2145 2504 2239 2576 qui
2276 2519 2557 2576 nunquam
2604 2503 2856 2569 moritur,
2905 2501 3183 2557 horribilis
3242 2500 3464 2565 inferni,
3506 2507 3590 2555 te-

2010 2596 2303 2651 nebrarum
2334 2597 2692 2672 exteriorum,
2724 2593 2907 2649 acerbi
2930 2594 3134 2658 luctus,
3173 2591 3428 2648 strirloris
3453 2591 3591 2647 den-

2010 2685 2168 2751 tium,
2187 2684 2502 2741 inexstincti
2528 2684 2752 2739 camini.
2777 2681 2967 2739 Omnia
2988 2682 3131 2737 enim
3159 2680 3304 2735 nuda
3326 2689 3379 2735 et
3400 2686 3591 2749 aperta

2008 2778 2429 2843 exhibebuntur,
2463 2792 2588 2833 cum
2620 2776 2745 2833 tuba
2794 2776 2888 2830 illa
2929 2789 3186 2846 magnum
3218 2772 3348 2843 quid
3388 2780 3443 2827 et
3480 2779 3593 2826 ter-

2009 2864 2169 2921 ribile
2205 2880 2510 2937 personans
2559 2864 2818 2921 excitabit
2869 2878 2965 2918 eos
3008 2863 3101 2933 qui
3139 2877 3169 2916 a
3216 2862 3416 2917 saeculo
3460 2859 3592 2915 dor.—

2008 2957 2184 3012 miunt
2211 2974 2229 3013 :
2262 2975 2282 3009 ι
2313 2963 2369 3013 et
2400 2956 2698 3028 procedent
2726 2956 2821 3026 qui
2855 2956 2999 3011 bona
3032 2954 3282 3010 fecerunt
3314 2953 3372 3008 in
3400 2968 3589 3009 resur-

2008 3050 2308 3104 rectionem
2334 3048 2492 3116 vitae;
2543 3049 2637 3117 qui
2664 3061 2795 3103 vero
2835 3047 2979 3101 mala
3011 3052 3260 3117 egerunt,
3298 3044 3355 3099 in
3393 3060 3589 3100 resur-

2008 3139 2303 3196 rectionem
2336 3139 2529 3209 judicii
2558 3140 2625 3195 “¹³.
2667 3156 2687 3191 ι
2724 3136 2996 3194 Memento
3036 3135 3267 3192 visionis
3303 3134 3583 3191 Danielis:

2006 3248 2117 3304 quo
2157 3242 2319 3303 pacto
2359 3232 2430 3287 ob
2479 3231 2670 3287 oculos
2721 3239 2889 3302 ponat
2928 3228 3197 3300 judicium
3240 3248 3254 3282 :
3307 3245 3327 3279 ι
3379 3226 3584 3290 Donec,

2007 3323 2115 3390 ait,
2161 3322 2344 3378 throni
2383 3321 2548 3392 positi
2589 3329 2750 3385 sunt,
2787 3326 2842 3375 et
2870 3319 3145 3391 Antiquus
3184 3318 3394 3373 dierum
3422 3315 3588 3382 sedit,

2006 3424 2060 3473 et
2107 3415 2490 3472 vestimentum
2522 3414 2644 3485 ejus
2687 3413 2871 3469 album
2917 3413 3060 3468 sicut
3106 3411 3222 3476 nix,
3256 3417 3312 3466 et
3355 3409 3587 3480 capillus

2007 3506 2204 3576 capitis
2253 3506 2373 3575 ejus
2414 3505 2570 3576 quasi
2616 3505 2742 3558 lana
2792 3502 3015 3557 munda.
3058 3501 3314 3556 Thronus
3354 3500 3478 3569 ejus
3527 3507 3590 3554 ut

2007 3590 2224 3645 ﬂamma
2270 3593 2432 3663 ignis,
2483 3599 2620 3646 rotae
2666 3591 2788 3660 ejus
2834 3590 2976 3662 ignis
3024 3604 3291 3648 accensus
3325 3607 3359 3644 εΔ
3387 3588 3589 3644 ﬂuvius

2009 3684 2201 3753 igneus
2246 3680 2449 3738 ﬂuebat
2503 3682 2560 3736 in
2602 3687 2895 3751 conspectu
2947 3679 3089 3749 ejus.
3142 3677 3311 3732 Millia
3352 3676 3589 3731 millium

2009 3774 2391 3829 ministrabant
2427 3773 2499 3840 ei,
2532 3779 2588 3828 et
2614 3772 2798 3828 decies
2827 3770 3026 3826 millies
3067 3766 3415 3825 dena.millia
3447 3767 3591 3822 assi-

2010 3869 2227 3923 stebant
2251 3866 2322 3930 ei,
2360 3866 2628 3937 judicium
2669 3864 2811 3920 sedit
2841 3863 3058 3919 etiibri
3098 3861 3273 3933 aperti
3304 3866 3434 3916 sunt
3456 3858 3525 3914 ".
3560 3876 3583 3912 ι

2011 3959 2147 4015 Tum
2182 3960 2348 4026 bona,
2375 3959 2537 4022 mala,
2570 3955 2881 4023 manifesta,
2929 3954 3273 4017 abscondita,
3307 3952 3469 4015 facta,
3504 3951 3591 4006 di-

2010 4062 2119 4116 cta,
2156 4051 2411 4122 cogitata,
2449 4050 2739 4119 derepente
2781 4047 3036 4102 omnibus
3070 4045 3422 4101 audientibus
3459 4058 3587 4098 cum

2011 4142 2217 4212 angelis
2268 4147 2383 4194 tum
2443 4138 2758 4193 hominibus
2807 4136 2988 4206 palam
3055 4135 3337 4191 revelabit.
3390 4132 3586 4189 Omnia

2010 4233 2177 4298 enim,
2216 4230 2295 4285 uti
2325 4244 2491 4300 supra
2522 4228 2655 4292 dixi,
2692 4227 2838 4282 nuda
2870 4235 2926 4283 et
2966 4224 3259 4282 manifesta
3285 4223 3582 4289 exhibebit,

2013 4338 2197 4380 coram
2229 4322 2460 4378 terribili
2508 4319 2788 4376 tribunali.
2816 4318 2954 4374 Vide
3000 4319 3167 4389 igitur
3203 4332 3275 4373 ne
3303 4314 3587 4373 residuum

2015 4417 2297 4488 temporis,
2336 4432 2445 4487 quo
2477 4424 2530 4470 te
2550 4420 2766 4484 oportet
2789 4414 3110 4466 immensam
3136 4408 3257 4480 ejus
3283 4408 3592 4464 misericor-

340 4512 580 4582 μήματα,
610 4506 817 4568 εὐθέως
842 4499 932 4558 οὖν
962 4505 1041 4567 εἰς
1080 4500 1403 4567 ἐξάκουστον
1435 4504 1549 4565 τοῖς
1601 4501 1758 4563 πᾶσι,
1816 4499 1908 4551 καὶ

2014 4510 2161 4565 diam
2208 4508 2425 4565 ﬂectere
2464 4515 2517 4562 et
2566 4505 2856 4569 demereri,
2897 4504 2957 4558 in
3004 4503 3245 4558 vanitate
3292 4501 3588 4568 absumas;

339 4605 581 4675 ἀγγέλοις
608 4603 707 4657 καὶ
750 4598 1057 4672 ἀνθρώποις
1096 4598 1282 4668 σαφῶς
1330 4596 1686 4666 ἀνακαλύψει.
1723 4594 1909 4647 Πάντα

339 4699 459 4770 γάρ,
491 4699 567 4762 ὡς
594 4697 882 4769 προεῖπον,
907 4690 1091 4764 γυμνά
1116 4691 1210 4745 καὶ
1230 4688 1701 4762 τετραχηλισμένα
1736 4703 1913 4757 παρα-

340 4792 518 4863 στήσει
573 4789 652 4861 τῷ
715 4787 921 4857 βήματι
953 4783 1029 4855 τῷ
1082 4781 1317 4854 φοϐερῷ.
1368 4782 1543 4836 Βλέπε
1594 4779 1779 4834 λοιπὸν
1820 4778 1912 4831 τὸν

338 4883 519 4956 χρόνον
553 4883 613 4935 ἐν
636 4874 682 4949 ᾧ
707 4880 789 4932 δεῖ
822 4895 880 4931 σε
904 4874 1297 4949 καρπώσασθαι
1320 4875 1382 4928 τὸ
1412 4874 1722 4945 ἀμέτρητον
1746 4868 1912 4925 αὐτοῦ

338 4975 496 5042 ἔλεος,
533 4975 610 5047 μὴ
655 4977 716 5027 ἐν
763 4970 1085 5042 ματαιότητι
1129 4965 1434 5040 ἀναλώσῃς,
1465 4966 1580 5019 ’καὶ
1610 4965 1668 5017 ἐν
1718 4961 1914 5025 πύλαις

338 5068 453 5139 ᾅδου
478 5069 742 5140 ζητήσεις
773 5062 931 5117 τοῦτο
973 5061 1068 5114 καὶ
1114 5060 1212 5130 οὐχ
1237 5060 1491 5130 εὑρήσεις
1518 5057 1547 5110 δ
1579 5059 1636 5110 ἐν
1672 5054 1752 5126 τῷ
1784 5054 1909 5123 ὕψει

334 5160 435 5212 τῶν
468 5158 697 5232 ἡμερῶν
738 5174 834 5209 σου
896 5153 1257 5224 προκείμενον
1296 5152 1398 5204 οὐκ
1440 5150 1729 5221 ἠθέλησας.
1759 5148 1911 5219 Μνή-

336 5253 482 5324 σθητι
524 5249 622 5307 οὖν
671 5251 768 5305 καὶ
805 5247 1007 5318 ταύτην
1040 5248 1139 5319 τὴν
1186 5244 1418 5316 φρικτὴν
1465 5244 1564 5314 τῆς
1613 5240 1908 5308 ἀπολογίας

336 5345 538 5416 ἡμέραν
584 5346 687 5416 τῆς
738 5342 996 5412 κρίσεως,
1049 5340 1144 5394 καὶ
1183 5338 1261 5392 ἴδε
1297 5336 1417 5400 πῶς
1465 5335 1677 5405 μέλλεις
1716 5333 1911 5388 ἀπολο-

334 5440 542 5505 γείσθαι
580 5437 664 5509 τῷ
690 5435 958 5491 πλάσαντί
1004 5452 1062 5488 σε
1107 5433 1246 5504 Θεῷ,
1269 5434 1351 5487 ὅτι
1382 5431 1543 5495 αὐτός
1594 5435 1709 5484 ἐστι
1748 5429 1942 5502 aegri};

397 5555 443 5587 ⁷³
477 5554 643 5610 Joan.
679 5570 738 5619 v,
768 5552 865 5607 29.
942 5550 988 5583 ⁷⁸
1028 5550 1167 5605 Dan.
1201 5565 1325 5616 vm,
1358 5547 1414 5615 9,
1452 5546 1539 5601 10.

400 5670 512 5743 (75)
554 5668 967 5743 δυᾉβρξρῖίῖῐιιιξ,
1005 5664 1324 5743 διδασκαλία
1357 5663 1669 5737 ἐπίστρεφε.
1699 5663 1835 5719 Coll.
1877 5662 1921 5717 ll

338 5736 453 5797 Tim
491 5736 581 5807 ἰν,
616 5736 898 5810 δίνιιιεο,
932 5737 1108 5807 λογίον
1134 5736 1367 5799 ἀσεϐεῖς.

2013 4601 2158 4672 quod
2182 4608 2373 4672 postea
2416 4599 2485 4653 ad
2518 4606 2706 4670 portas
2744 4596 2908 4653 inferi
2942 4595 3316 4666 exquisiturus
3351 4600 3405 4648 et
3433 4598 3592 4661 opta-

2012 4702 2170 4750 turus
2191 4709 2252 4750 es
2279 4713 2292 4748 :
2323 4708 2423 4749 nec
2452 4692 2697 4747 invenies
2725 4688 2880 4756 illud,
2909 4687 3053 4759 quod
3084 4688 3139 4741 in
3170 4685 3349 4741 medio
3378 4683 3590 4739 dierum

2013 4795 2234 4842 tuorum
2283 4801 2406 4841 cum
2450 4785 2666 4840 adesset
2705 4782 2987 4853 respuisti.
3042 4778 3354 4834 Recordare
3402 4774 3591 4844 itaque

2014 4877 2349 4935 horrendum
2382 4876 2536 4932 illum
2579 4877 2722 4932 diem
2748 4874 2964 4944 judicii,
3001 4888 3110 4943 quo
3151 4884 3372 4926 causam
3412 4866 3589 4921 dictu-

2013 4986 2109 5025 rus
2133 4986 2215 5035 es,
2248 4984 2356 5040 quo
2386 4976 2547 5039 pacto
2572 4968 2822 5022 dicturus
2860 4965 3008 5019 illam
3034 4978 3094 5018 es
3118 4958 3261 5031 apud
3294 4957 3462 5012 Deum
3493 4955 3588 5026 qui

2016 5062 2069 5110 te
2100 5055 2369 5117 condidit,
2395 5055 2521 5126 quia
2546 5056 2662 5125 ipse
2683 5054 2849 5124 judex
2882 5058 2967 5108 est
2996 5051 3241 5105 vivorum
3267 5054 3322 5101 et
3349 5052 3589 5100 mortuo-

2017 5162 2160 5201 rum.
2189 5145 2456 5214 Quoniam
2489 5147 2852 5218 glorilicatum
2881 5151 2966 5199 est
2991 5155 3190 5195 nomen
3224 5137 3401 5192 Patris
3421 5146 3477 5192 et
3504 5135 3589 5189 Fi-

2018 5239 2074 5292 lii
2109 5244 2163 5293 et
2206 5236 2440 5307 Spiritus
2482 5237 2677 5299 sancti,
2708 5236 2850 5292 sicut
2883 5250 2911 5287 a
2956 5232 3225 5303 principio
3256 5230 3330 5285 ita
3365 5237 3421 5286 et
3441 5245 3589 5285 nunc

2017 5338 2069 5384 et
2108 5343 2324 5398 semper
2346 5336 2403 5383 et
2429 5328 2484 5382 in
2510 5328 2707 5383 saecula
2746 5326 3093 5381 saeculorum.
3125 5323 3321 5379 Amen.

2011 5424 2227 5491 ζώντων
2276 5425 2373 5479 καὶ
2418 5424 2646 5495 νεκρῶν,
2705 5424 2785 5476 ὅτι
2824 5419 3134 5486 δεδόξασται
3173 5420 3238 5476 τὸ
3274 5420 3446 5494 ὄνομα
3489 5436 3584 5495 τοῦ

2099 5664 2209 5739 (7-4)
2242 5662 2613 5733 Conjcctando
2634 5660 2710 5716 sic
2740 5658 3021 5715 vertimus.
