4088 6382
337 364 438 420 577

1354 361 1828 421 DOCTRINAAD
1861 358 2272 418 ANTIOCIIUM
2311 360 2570 418 DUCEM.

3472 358 3581 416 578

406 480 491 535 l5.
525 480 787 553 Θυγάτηρ
826 477 894 553 ἦν
942 483 1233 555 μονογενὴς
1284 482 1362 555 τῷ
1401 484 1662 555 διακόνῳ·
1705 482 1911 552 ταύτην

2088 482 2177 539 15.
2207 480 2344 538 Filia
2370 481 2604 538 diacono
2634 487 2751 536 erat
2780 480 2961 545 unica,
2981 493 3147 551 quam
3168 493 3294 534 cum
3318 477 3583 548 frequens

340 572 598 636 πολλάκις
613 574 1014 646 προσεδρεύσας
1033 593 1117 639 τις
1139 575 1486 647 άναγνώστης
1501 574 1917 648 ὀνόματιᾌλέξ-

339 661 529 733 ανδρος
572 661 824 734 ἐφθειρεο
869 664 962 717 καὶ
999 665 1100 736 τῆς
1142 666 1312 737 κόρης
1346 666 1543 735 ἐγκύου
1585 666 1913 737 γενομένης,

341 753 596 826 φοϐηθεὶς
624 757 654 808 6
672 753 1025 825 άναγνὼστης
1043 754 1136 808 τὸν
1157 756 1473 820 ἐπίσκοπον,
1491 755 1584 809 καὶ
1608 755 1707 825 τὴν
1735 755 1917 825 αἰσχύ-

338 863 436 917 νην
468 847 544 918 μὴ
574 848 778 917 φέρων,
808 845 1037 901 ὑπέθετο
1062 849 1127 919 τῇ
1160 847 1295 919 κόρῃ
1325 846 1421 919 τὴν
1444 848 1624 901 αἰτίαν
1644 847 1722 919 τῷ
1745 847 1915 919 δούλῳ

337 937 430 990 τοῦ
453 937 589 991 Θεοῦ
617 939 875 1010 Ἀντιόχῳ
894 938 1216 1011 ἐπιγράψαι,
1240 933 1285 1007 ᾧ
1309 939 1404 992 καὶ
1432 939 1682 993 συνέθετο
1709 942 1742 1010 ἡ
1779 940 1913 1011 κόρη

337 1033 461 1094 τοὺς
497 1032 707 1095 πάντας
737 1030 880 1085 οὕτω
928 1032 1362 1105 πληροφορῆσαι.
1403 1031 1514 1085 Καὶ
1546 1031 1662 1103 μεθ’
1703 1032 1915 1103 ἡμέρας

336 1126 743 1196 τεσσαράκοντα
765 1126 864 1197 τῆς
885 1125 976 1179 τοῦ
1002 1125 1214 1179 παιδίου
1237 1126 1539 1195 γεννήσεως
1567 1124 1799 1196 φανερὸν
1825 1124 1917 1193 γέ-

336 1232 459 1284 γονε
491 1214 568 1286 τῷ
597 1215 882 1287 ὲπισκόπῳ
908 1214 977 1268 τὰ
1010 1215 1149 1269 κατά
1179 1215 1278 1287 τὴν
1310 1214 1499 1285 κόρην,
1536 1214 1629 1267 καὶ
1675 1231 1916 1285 προσκα-

336 1308 634 1379 λεσάμενος
659 1308 831 1379 αὐτὴν
865 1310 893 1360 ό
930 1308 1225 1370 ἐπίσκοπος
1269 1305 1597 1360 ἐπυνθάνετο
1632 1306 1770 1377 μετὰ
1796 1305 1917 1360 πολ-

335 1399 434 1471 λῆς
459 1399 695 1470 ἀπειλῆς
715 1399 800 1463 τίς
823 1398 887 1453 ἂν
925 1399 1010 1471 εἴη
1032 1400 1062 1451 ό
1082 1398 1238 1452 τοῦτο
1275 1399 1610 1471 πεποιηκώς.
1641 1400 1706 1452 ἸΙ
1727 1400 1784 1453 δέ
1809 1401 1917 1453 άπ-

335 1492 530 1565 εκρίθη
558 1492 666 1547 άπὸ
693 1492 788 1546 τοῦ
822 1492 1140 1564 μονάζοντος
1154 1493 1444 1564 Ἀντιόχου,
1468 1492 1633 1557 καθὰ,
1651 1494 1833 1563 φησὶν,
1858 1496 1916 1547 ἐν

338 1583 595 1656 συνηθείᾳ
620 1583 739 1636 ἐστὶ
765 1582 859 1636 τοῦ
888 1582 1140 1654 ἔρχεσθαι
1171 1584 1308 1654 πρὸς
1336 1585 1503 1655 ἡμᾶς.
1534 1583 1643 1636 Καὶ
1672 1582 1918 1637 ἐπίστευ-

339 1693 429 1729 σεν
480 1678 509 1729 6
547 1675 845 1739 ἐπίσκοπος
894 1676 988 1729 καὶ
1034 1676 1232 1740 πάντες
1278 1676 1329 1729 οἱ
1390 1674 1759 1747 παρεστῶτες.
1805 1677 1916 1730 Καὶ

337 1769 561 1839 πέμψας
597 1768 732 1840 μετὰ
767 1767 961 1823 πολλοῦ
996 1767 1166 1839 θυμοῦ
1202 1770 1280 1832 είς
1310 1768 1373 1822 τὸ
1405 1770 1799 1840 μοναστήριον.
1829 1809 1841 1823 .
1862 1809 1876 1823 .
1899 1810 1912 1823 .

335 1830 425 1912 τὸν
468 1830 655 1913 δοῦλον
696 1856 792 1912 τοῦ
836 1858 992 1914 Θεοῦ.
1024 1830 1162 1914 Μεθ’
1206 1830 1417 1932 56—9500;-
1456 1856 1535 1929 [δὲ
1560 1830 1912 1931 εῐᾶἐλθόντες]
1947 1830 1988 1884 Β

339 1951 458 2020 μετ’
490 1951 657 2005 αὐτοῦ
700 1954 781 2016 είς
805 1952 902 2022 τὴν
941 1951 1124 2016 πόλιν,
1166 1950 1321 2013 ἄλλος
1360 1949 1459 2021 μὲν
1489 1948 1706 2021 ὕϐριζεν
1729 1951 1912 2015 αὐτὸν,

335 2041 494 2106 ἄλλος
521 2042 802 2108 ἐνέπτυεν,
840 2044 1024 2113 ἕτερος
1055 2040 1347 2106 ὠνείδιζεν.
1393 2042 1563 2106 Αὐτὸς
1582 2041 1640 2095 δὲ
1667 2041 1913 2113 παρέστη

335 2132 414 2203 τῷ
460 2134 763 2205 ἐπισκόπῳ.
804 2134 915 2188 Καὶ
954 2133 1250 2205 ἐρωτηθεὶς
1300 2133 1431 2204 περὶ
1476 2134 1574 2205 τῆς
1608 2133 1778 2204 κόρης
1820 2133 1916 2186 καλ⁸

337 2227 470 2298 περὶ
520 2226 614 2279 τοῦ
650 2228 935 2295 γεγονότος
981 2221 1133 2281 εἶπεν
1180 2229 1208 2280 6
1250 2226 1553 2297 Ἀντίοχοςο
1606 2226 1732 2280 Ἐὰν
1777 2227 1917 2280 είπω

338 2316 438 2387 τὴν
466 2316 748 2387 ἀληθειαν,
783 2319 816 2389 ἡ
847 2315 1074 2388 ἀλήθειά
1120 2335 1219 2389 μου
1251 2318 1310 2370 ἐν
1347 2316 1424 2389 τῷ
1452 2316 1703 2388 ὑμετέρῳ
1733 2316 1916 2387 ψεύδει

337 2406 401 2459 ού
452 2407 529 2478 μὴ
577 2406 862 2478 πιστευθῇ.
902 2408 1013 2461 Καὶ
1048 2406 1396 2479 παρεστῶτος
1430 2406 1551 2461 ὅλου
1591 2405 1686 2459 τοῦ
1735 2406 1913 2478 ὄχλου,

342 2491 494 2549 εἶπεν
523 2498 557 2567 ἡ
583 2496 720 2568 κόρη
750 2494 1027 2568 κράζουσα
1046 2514 1061 2528 ·
1089 2498 1153 2549 Τί
1175 2497 1317 2568 ἔχεις
1345 2499 1519 2550 εἰπεῖν
1547 2513 1561 2562 ;
1587 2498 1661 2550 Ού
1691 2496 1917 2551 δύνασαι

342 2585 713 2657 ἀρνήσασθαι⁸
736 2587 844 2640 ἀπὸ
872 2586 963 2640 σοῦ
991 2587 1100 2659 γάρ
1123 2588 1443 2658 γεγέννηται
1467 2587 1527 2641 τὸ
1553 2588 1795 2641 παιδίον·
1822 2588 1918 2642 καὶ

339 2673 393 2725 τί
421 2673 688 2745 αίσχύνη;
734 2674 1066 2746 ὁμολόγησον
1091 2676 1120 2729 δ
1162 2677 1445 2749 ἐποίησας.
1489 2678 1624 2731 Τότε
1661 2678 1919 2744 στενάξας

341 2768 368 2818 6
393 2764 580 2829 δοῦλος
613 2767 707 2819 τοῦ
736 2766 872 2820 Θεοῦ
917 2768 1186 2839 Ἀντίοχος
1211 2768 1356 2837 λέγει
1375 2787 1391 2802 ·
1426 2770 1554 2823 Δότε
1583 2787 1673 2840 μοι
1707 2771 1769 2823 τὸ
1793 2787 1919 2824 παι-

341 2856 484 2919 δίον,
511 2858 605 2911 καὶ
633 2856 761 2921 ίδω,
797 2859 845 2910 εί
880 2858 939 2923 ἐξ
974 2860 1106 2931 ἐμοῦ
1141 2860 1481 2930 γεγέννηται.
1513 2862 1625 2914 Καὶ
1649 2861 1828 2916 λαὸὼν
1857 2863 1918 2916 τὸ

345 2948 555 3001 παιδίον
592 2950 1000 3021 τεσσαράκοντα
1038 2952 1257 3023 ἡμερῶν
1300 2951 1361 3006 δν
1407 2953 1502 3006 καὶ
1540 2955 1821 3025 κρατήσας
1861 2955 1919 3009 ἐν

343 3044 462 3104 ταῖς
500 3044 688 3113 χερσὶν
730 3043 894 3095 αὑτοῦ
916 3082 930 3106 ,
959 3044 1209 3108 ἀτενίσας
1245 3044 1326 3107 είς
1365 3044 1457 3097 τὸν
1496 3045 1760 3117 οὐρανὸν,
1799 3040 1917 3098 εἷπε

2014 574 2275 630 inviseret
2305 575 2479 631 lector
2511 574 2756 646 quidam,
2789 573 3009 629 nomine
3032 571 3364 637 Alexander,
3385 571 3581 626 vitium

2013 667 2064 721 ei
2086 667 2287 722 obtulit
2321 687 2333 722 :
2367 666 2495 722 hinc
2549 681 2675 721 cum
2708 666 2889 736 puella
2924 673 3140 720 uterum
3183 671 3443 732 gestaret,
3468 677 3583 717 me-

2013 766 2172 814 tuens
2204 758 2375 814 lector
2411 758 2653 829 episcopi
2689 757 3143 827 indignationem,
3173 771 3275 813 nec
3316 757 3581 828 pudorem

2014 848 2196 905 ferens
2219 850 2460 919 ,-puel|a:
2493 858 2688 905 auctor
2726 849 2851 913 fuit,
2886 856 2948 905 ut
3002 850 3107 905 hoc
3161 848 3371 904 crimen
3420 859 3583 902 servo

2014 941 2108 995 Dei
2138 941 2409 995 Antiocho
2460 941 2785 1005 ascriberet,
2817 941 2905 996 cui
2957 940 3246 1011 pollicetur
3298 937 3478 1009 puella
3520 951 3583 993 se

2014 1046 2129 1085 rem
2160 1032 2418 1087 omnibus
2446 1033 2523 1087 ita
2560 1039 2926 1087 narraturam.
2958 1032 3173 1101 Elapsis
3219 1029 3584 1102 quadraginta

2014 1136 2045 1175 a
2073 1124 2226 1192 pueri
2257 1131 2381 1178 ortu
2408 1123 2623 1191 diebus,
2651 1123 2911 1194 episcopo
2936 1123 3222 1179 innotuere
3258 1137 3380 1192 qua:
3425 1119 3583 1186 puel-

2016 1213 2121 1266 lam
2156 1216 2496 1284 spectabant.
2543 1216 2790 1271 Accitam
2841 1230 2961 1269 eam
3019 1216 3311 1286 episcopus
3349 1228 3583 1285 percon-

2015 1312 2164 1357 tatur
2205 1305 2520 1377 ingentibus
2554 1306 2814 1362 adhibitis
2865 1306 3052 1369 minis,
3089 1308 3215 1377 quis
3251 1315 3401 1362 esset
3443 1305 3583 1360 faci-

2014 1394 2168 1450 noris
2203 1405 2415 1452 auctor.
2449 1394 2755 1469 Respondit
2793 1397 2884 1452 illa
2930 1398 3257 1453 Antiochum
3297 1413 3422 1455 esse
3464 1413 3585 1453 mo-

2014 1487 2274 1550 nachum,
2300 1489 2416 1559 qui,
2449 1489 2645 1560 inquit,
2680 1490 2938 1560 frequens
2951 1489 3105 1561 apud
3133 1506 3234 1546 nos
3253 1491 3582 1546 diversatur.

2013 1577 2258 1633 Credidit
2317 1580 2630 1650 episcopus,
2654 1588 2708 1635 et
2755 1581 2848 1651 qui
2885 1582 3111 1636 aderant
3165 1583 3428 1645 universi,
3470 1597 3589 1636 ma-

2016 1686 2232 1742 gnaque
2260 1673 2633 1744 indignatione
2673 1685 2974 1744 permotus,
2998 1675 3165 1729 mittit
3222 1678 3279 1729 in
3309 1684 3591 1730 monaste-

2020 1762 2160 1817 rium
2190 1763 2282 1833 qui
2317 1778 2537 1819 servum
2560 1761 2653 1819 Dei
2678 1762 2971 1818 adducant.
3022 1763 3294 1833 Ingressis
3321 1762 3431 1818 illis
3461 1777 3589 1816 cum

2016 1869 2083 1909 eo
2111 1855 2167 1910 in
2197 1856 2496 1920 civitatem,
2521 1853 2665 1909 alius
2682 1869 2805 1909 eum
2829 1854 3159 1909 contumelia
3188 1853 3422 1917 allicere,
3447 1854 3591 1908 alius

2016 1948 2073 2003 in
2102 1948 2254 2003 illum
2284 1961 2501 2017 spuere,
2528 1946 2745 2016 probris
2778 1948 2919 2002 alius
2968 1960 3221 2001 onerare.
3273 1945 3464 2001 Ast-itit
3489 1958 3590 1998 au-

2017 2049 2124 2094 tem
2157 2038 2248 2094 ille
2277 2052 2465 2092 coram
2498 2036 2777 2106 episcopo,
2809 2044 2863 2091 et
2892 2037 3260 2106 interrogatus
3288 2037 3356 2090 de
3382 2035 3587 2105 puella,

2015 2138 2069 2186 et
2100 2132 2166 2186 de
2186 2145 2322 2186 casu
2343 2130 2472 2194 isto,
2495 2131 2571 2185 ait
2596 2130 2900 2186 Antiochus
2929 2147 2942 2184 :
2967 2124 3025 2183 Si
3056 2131 3340 2185 veritatem
3372 2127 3587 2192 dixero,

2015 2225 2231 2281 veritati
2264 2238 2396 2280 mea:
2422 2239 2453 2279 a
2484 2225 2767 2281 mendacio
2804 2235 2987 2280 vestro
3014 2224 3238 2279 minime
3272 2224 3407 2279 fides
3428 2224 3591 2280 babe-

2015 2318 2189 2373 bitur.
2217 2317 2307 2382 At,
2342 2325 2610 2388 praesente
2666 2324 2783 2371 tota
2828 2317 3009 2382 turba,
3058 2316 3133 2369 ait
3169 2329 3293 2369 cum
3348 2316 3592 2371 clamore

2016 2404 2197 2475 puella
2228 2422 2245 2459 :
2281 2403 2424 2471 Quid
2467 2405 2572 2459 tibi
2610 2403 2903 2460 dicendum
2963 2405 3241 2475 superest?
3274 2420 3383 2460 non
3430 2412 3589 2476 potes

2019 2511 2134 2550 rem
2164 2512 2362 2566 negare
2393 2513 2406 2548 :
2440 2511 2473 2550 a
2504 2504 2558 2552 te
2586 2512 2824 2568 namque
2845 2498 3061 2568 genitus
3096 2512 3231 2567 puer
3248 2505 3331 2553 est
3360 2517 3374 2551 :
3399 2497 3591 2569 ecqui-

2017 2603 2144 2641 nam
2177 2589 2269 2643 ille
2290 2589 2503 2658 pudor?
2534 2590 2704 2647 fatere
2725 2590 3007 2647 delictum.
3038 2588 3195 2644 Tunc
3218 2581 3596 2660 ingemiscens

2018 2693 2213 2734 servus
2244 2677 2339 2734 Dei
2372 2680 2675 2736 Antiochus
2708 2698 2721 2733 :
2758 2678 2890 2735 Date
2925 2678 3080 2743 mihi,
3108 2678 3304 2748 inquit,
3336 2694 3588 2748 puerum,

2018 2777 2080 2824 ut
2106 2770 2320 2825 videam
2355 2786 2485 2825 num
2518 2786 2548 2825 a
2576 2787 2661 2827 me
2691 2774 2764 2828 sit
2805 2771 3041 2842 genitus.
3076 2769 3407 2843 Accepitque
3459 2788 3592 2843 pue-

2017 2877 2142 2915 rum
2165 2862 2259 2931 qui
2286 2861 2648 2933 quadraginta
2677 2861 2892 2918 dierum
2931 2871 3070 2928 erat,
3099 2871 3152 2918 et
3181 2878 3304 2917 cum
3337 2880 3447 2935 prze
3473 2881 3591 2919 ma-

2020 2954 2183 3009 nibus
2213 2961 2422 3009 teneret
2450 2968 2597 3021 eum,
2637 2969 2763 3009 cum
2795 2953 2863 3008 ad
2892 2954 3090 3009 cmlum
3117 2955 3305 3009 oculos
3334 2956 3591 3021 levasset,

2020 3048 2097 3101 ait
2117 3062 2287 3119 puero
2326 3046 2426 3102 :ln
2473 3048 2697 3103 nomine
2740 3045 2953 3102 Domini
3001 3046 3169 3102 dicito
3212 3062 3369 3117 puer,
3398 3064 3527 3103 num
3561 3064 3593 3105 a

343 3134 420 3204 τῷ
450 3134 678 3206 παιδίῳο
722 3136 810 3187 Ἐν
833 3136 1054 3206 ὀνόματι
1083 3135 1176 3189 τοῦ
1203 3136 1410 3207 Κυρίου
1428 3176 1444 3200 ,
1474 3137 1599 3190 εἰπὲ
1617 3177 1633 3202 ,
1669 3137 1912 3192 παιδίον³

2020 3156 2107 3196 me
2135 3140 2351 3211 genitus
2397 3139 2496 3195 sis.
2534 3137 2697 3207 Tum,
2727 3154 2825 3209 per
2876 3137 2972 3196 Dei
3013 3140 3269 3211 gratiam,
3320 3142 3595 3196 exclamat

355 3226 445 3290 Ἐξ
476 3226 612 3297 ἐμοῦ
640 3227 932 3298 γεγένησαι
969 3228 1034 3281 σύ
1060 3244 1074 3293 ;
1104 3229 1236 3281 Τότε
1266 3230 1366 3301 βοᾷ
1398 3229 1459 3283 τὸ
1486 3229 1695 3284 παιδίον
1734 3230 1917 3302 χάριτι

343 3318 435 3370 τοῦ
465 3318 602 3372 Θεοῦ
648 3320 862 3392 μεγάλῃ
907 3324 972 3391 τῇ
1019 3323 1201 3393 φωνῇ·
1240 3322 1405 3393 Ούχὶ,
1434 3322 1587 3376 δοῦλε
1632 3322 1726 3377 τοῦ
1757 3322 1915 3388 Θεοῦ,

343 3408 583 3479 καθαρὸς
612 3410 676 3463 σὺ
710 3409 941 3464 ἐνώπιον
970 3412 1064 3464 τοῦ
1092 3410 1247 3465 Θεοῦ.
1291 3412 1349 3465 '0
1380 3411 1437 3465 δὲ
1469 3410 1629 3465 τοῦτο
1659 3412 1721 3467 τὸ
1755 3413 1919 3467 σκάν-

342 3500 498 3552 δαλον
524 3501 755 3572 ποιήσας
789 3500 1135 3581 Ἀλέξανδρός
1158 3502 1306 3555 ἐστιν
1328 3502 1356 3555 6
1382 3502 1755 3573 άναγνώστης.
1782 3503 1916 3557 Τότε

340 3594 375 3661 ή
414 3593 512 3660 μὲν
544 3593 702 3664 κόρη,
734 3594 1118 3663 κατανοήσασα
1146 3594 1245 3665 τὴν
1270 3593 1365 3647 τοῦ
1397 3594 1533 3649 Θεοῦ
1560 3594 1792 3664 ἔλεγξιν,
1820 3614 1919 3651 πα-

347 3685 602 3755 ραχρῆμα
633 3684 883 3760 πεσοῦσα.
907 3685 1059 3755 παρὰ
1089 3686 1217 3749 τοὺς
1245 3686 1409 3750 πόδας
1432 3687 1621 3752 αὑτοῦ,
1640 3688 1913 3757 ἐξέψυξεν.

354 3776 411 3827 '0
425 3775 481 3827 δὲ
498 3776 796 3839 ἐπίσκοπος
812 3775 1215 3846 άμνησικακίας
1226 3776 1385 3848 χάριν
1404 3777 1517 3848 (77)
1534 3780 1775 3850 ᾐτήσατο
1792 3781 1920 3850 παρ’

344 3865 526 3920 αὐτοῦ.
570 3866 628 3919 '0
660 3865 716 3918 δὲ
745 3865 1127 3935 άναγνώστης,
1171 3866 1342 3919 πολλὰ
1381 3866 1592 3931 ἐπιθεὶς
1629 3869 1807 3938 ἐαυτῷ
1836 3868 1922 3921 σί-

341 3956 479 4027 δηρα
508 3959 602 4011 καὶ
632 3956 820 4029 μακρά
845 3958 953 4011 άπὸ
980 3958 1079 4029 τῆς
1106 3957 1309 4021 πόλεως
1336 3940 1606 4024 ἀπελθὼν,
1635 3960 1921 4029 ἐγκλείσας

344 4047 530 4102 ἐαυτὸν
559 4050 618 4101 ἐν
654 4048 852 4118 κελλίῳ
892 4048 1071 4119 μικρῷ
1108 4049 1213 4114 ἓως
1236 4051 1335 4121 τῆς
1362 4050 1620 4123 τελευτῆς
1653 4049 1818 4105 αὐτοῦ
1856 4052 1915 4106 ἐν

344 4140 406 4208 τῇ
433 4138 711 4209 μετανοίᾳ,
749 4138 952 4191 τέλειον
987 4138 1064 4209 τῷ
1090 4137 1208 4210 Θεῷ
1247 4139 1500 4194 ἀπεδίδου
1535 4140 1630 4213 τὴν
1661 4140 1914 4212 ἐξομολό-

2022 3248 2158 3305 puer
2189 3248 2321 3289 voce
2361 3246 2556 3305 magna
2586 3251 2599 3286 :
2636 3229 3013 3304 Nequaquam,
3056 3231 3149 3288 Dei
3202 3247 3381 3296 serve,
3414 3248 3588 3303 purus

2022 3332 2081 3378 tu
2108 3339 2167 3381 es
2190 3338 2375 3379 coram
2406 3322 2538 3380 Deo.
2562 3321 2668 3389 Qui
2694 3338 2826 3378 vero
2848 3322 2953 3378 hoc
2975 3322 3294 3378 scandalum
3323 3321 3471 3386 fecit,
3503 3333 3590 3378 est

2022 3416 2333 3472 Alexander
2353 3417 2547 3473 lector.
2582 3413 2738 3471 Tunc
2765 3415 2965 3485 puella,
3003 3423 3060 3485 ut
3097 3429 3156 3470 se
3191 3429 3223 3468 a
3269 3412 3379 3469 Deo
3406 3414 3596 3468 convi-

2023 3515 2167 3563 ctam
2189 3508 2595 3573 animadvertit,
2629 3513 2852 3576 repente
2884 3508 3139 3577 prolapsa
3169 3506 3237 3560 ad
3279 3507 3445 3576 pedes
3473 3505 3598 3575 ejus

2023 3598 2344 3670 exspiravit.
2380 3597 2720 3669 Rogavitque
2750 3598 2903 3652 illum
2956 3597 3247 3667 episcopus
3279 3605 3341 3650 ut
3378 3598 3594 3664 injuria:

2023 3691 2347 3747 memoriam
2372 3692 2690 3760 deponeret.
2729 3688 2926 3745 Lector
2965 3697 3147 3744 autem
3194 3690 3384 3745 multis
3414 3692 3596 3760 gravi-

2022 3778 2236 3849 busque
2274 3778 2379 3833 sibi
2404 3777 2678 3848 impositis
2718 3777 3088 3844 ferramentis,
3121 3793 3185 3833 ex
3240 3779 3377 3835 urbe
3413 3792 3595 3851 egres-

2022 3885 2140 3935 sus,
2169 3868 2223 3922 in
2258 3880 2427 3939 parva
2460 3881 2581 3922 sese
2611 3868 2807 3922 cellula
2847 3867 3089 3931 inclusit,
3123 3868 3214 3923 ubi
3247 3868 3315 3923 ad
3359 3878 3595 3924 mortem

2025 3975 2200 4030 usque
2237 3959 2619 4029 paenitentiam
2652 3975 2840 4032 agens,
2874 3957 3173 4030 perfectam
3206 3958 3319 4016 Deo
3358 3961 3596 4017 reddidit

2022 4050 2459 4116 confessionem,
2511 4051 2687 4122 gratia
2720 4049 2936 4106 Domini
2973 4053 3149 4108 nostri
3188 4051 3320 4109 Jesu
3360 4052 3592 4124 Christi,

2023 4144 2111 4198 cui
2141 4143 2313 4215 gloria
2341 4142 2395 4197 in
2428 4142 2648 4198 saecula.
2675 4142 2868 4198 Amen.

342 4245 497 4301 γησιν
526 4232 712 4303 χάριτι
742 4231 834 4284 τοῦ
861 4234 1067 4305 Κυρίου
1092 4234 1246 4305 ἡμῶν
1286 4235 1462 4308 Ἰησοῦ
1495 4237 1754 4309 Χριστοῦ,
1787 4229 1831 4305 ᾧ
1857 4240 1889 4310 ἡ
1913 4238 2038 4305 δόξα
2068 4242 2147 4304 εἰς
2179 4240 2306 4303 τοὺς
2337 4240 2555 4305 αἰῶνας.
2590 4241 2786 4313 Ἀμήν.

411 4371 495 4425 16.
528 4374 642 4426 Καὶ
679 4372 1113 4442 ἐπανερχομένου
1144 4372 1309 4427 αὐτοῦ
1344 4378 1425 4440 είς
1447 4375 1508 4428 τὸ
1535 4375 1917 4446 μοναστήριον,

2093 4374 2183 4432 f6.
2224 4374 2293 4429 Et
2349 4390 2476 4430 cum
2526 4375 2853 4445 remigraret
2908 4373 3001 4431 ille
3056 4375 3124 4430 ad
3174 4375 3593 4440 monasterium,

346 4464 507 4532 ἐγγὺς
546 4466 650 4535 τῆς
693 4464 869 4533 πύλης
900 4463 1001 4535 τῆς
1030 4463 1237 4528 πόλεως
1281 4443 1618 4537 προσπίπτει
1661 4443 1810 4536 αὺτῷ
1834 4480 1918 4529 τις

2024 4482 2194 4539 prope
2220 4468 2376 4522 urbis
2398 4478 2632 4537 portam,
2659 4443 2981 4524 adolescens
3013 4466 3234 4535 quidam
3262 4467 3494 4537 procidit
3526 4466 3595 4520 ad

352 4556 603 4627 oscinem;
654 4555 968 4626 γονυπετῶν
1014 4558 1109 4610 καὶ
1154 4555 1328 4625 λέγων
1347 4574 1361 4589 ⁸
1407 4559 1571 4613 Δοῦλε
1626 4559 1720 4612 τοῦ
1762 4555 1921 4623 Θεοῦ,

346 4649 698 4721 συγχώρησόν
724 4665 846 4719 μοι,
876 4648 957 4700 ὅτι
989 4647 1256 4702 ἐνέπτυσα
1282 4651 1362 4714 είς
1395 4650 1457 4703 τὸ
1481 4650 1771 4721 πρόσωπόν
1804 4664 1921 4712 σου,

345 4740 641 4805 πιστεύσας
666 4743 733 4812 τῇ
760 4740 946 4811 ἀνόμῳ
976 4740 1110 4812 κόρῃ
1146 4740 1330 4813 ἐκείνῃ
1357 4743 1486 4814 περὶ
1518 4742 1627 4797 τῶν
1657 4740 1799 4796 κατά
1827 4756 1921 4793 σου

346 4830 671 4901 λεχθέντων,
711 4832 806 4885 καὶ
838 4831 1082 4901 νηστεύω
1107 4831 1289 4885 ἐνεκεν
1321 4834 1421 4905 τῆς
1452 4832 1657 4904 τόλμης
1692 4831 1919 4901 ταύτης,

346 4925 437 4976 καὶ
479 4921 790 4996 παρακαλῶ
836 4922 927 4975 τὸν
952 4921 1177 4993 Κύριον.
1227 4921 1285 4975 '0
1326 4924 1384 4977 δὲ
1423 4922 1609 4985 δοῦλος
1634 4921 1728 4976 τοῦ
1780 4919 1916 4973 Θεοῦ

359 5014 624 5086 ’Δντίοχος
670 5014 822 5081 λέγει
864 5014 1043 5085 αὐτῷ·
1091 5013 1183 5088 Μὴ
1226 5013 1379 5069 κλαῖε
1426 5016 1556 5086 περ)⁵
1599 5014 1734 5085 ἐμοῦ
1785 5015 1923 5085 μηδὲ

2024 4573 2201 4629 genua
2225 4558 2347 4627 ejus
2379 4558 2495 4612 haec
2522 4557 2754 4612 dicendo
2791 4576 2804 4611 :
2841 4555 3008 4619 Serve
3066 4556 3185 4624 Dei,
3216 4558 3431 4612 veniam
3460 4554 3593 4610 mihi

2024 4649 2334 4713 concedito,
2353 4648 2499 4719 quod
2527 4648 2580 4701 in
2610 4647 2799 4704 faciem
2831 4654 2981 4702 tuam
3011 4647 3384 4716 conspuerim,
3403 4646 3599 4715 puella:

2023 4741 2228 4813 iniqua:
2254 4749 2309 4796 te
2343 4740 2628 4795 accusanti
2660 4738 2827 4794 dictis
2850 4738 3011 4794 ﬁdem
3055 4738 3299 4804 habens;
3333 4736 3493 4804 cujus
3516 4736 3593 4790 fa-

2023 4833 2233 4888 cinoris
2262 4846 2430 4887 causa
2453 4831 2646 4901 jejuno
2665 4838 2720 4886 et
2751 4830 3039 4885 Dominum
3073 4831 3359 4899 deprecor.
3385 4825 3454 4880 At
3477 4843 3596 4882 ser-

2024 4942 2127 4982 vus
2167 4925 2262 4980 Dei
2283 4924 2590 4980 Antiochus
2621 4924 2698 4978 ait
2728 4923 2804 4977 illi
2834 4943 2847 4978 :
2878 4923 2982 4979 Mei
3030 4938 3200 4977 causa
3242 4936 3311 4976 ne
3344 4920 3476 4976 ﬂeas
3511 4920 3597 4975 vel

2017 5018 2269 5087 jejunes;
2303 5017 2400 5071 sed
2420 5016 2547 5071 fleto
2569 5025 2623 5070 et
2648 5016 2916 5085 jejunato,
2946 5015 3017 5069 ob
3039 5014 3422 5069 vestimentum
3448 5012 3594 5080 quod

349 5109 601 5178 νήστευεν
641 5106 781 5162 ἀλλὰ
826 5106 978 5160 κλαῖε
1025 5109 1122 5162 καὶ
1161 5108 1390 5178 νήστευε
1423 5108 1513 5162 διὰ
1557 5108 1619 5162 τὸ
1659 5108 1918 5179 ἱμάτιονό

2022 5116 2150 5163 ante
2195 5114 2323 5162 tres
2375 5107 2495 5162 dies
2547 5106 2760 5162 furatus
2803 5121 2865 5161 es
2912 5104 3130 5160 mulieri
3188 5102 3367 5158 vidua-'2
3428 5111 3595 5172 atque

348 5198 575 5268 ἔκλεψας
609 5198 713 5268 τῆς
750 5196 1009 5267 γυναικὸς
1050 5196 1152 5267 τῆς
1195 5198 1371 5269 χήρας
1407 5199 1503 5253 καὶ
1549 5199 1773 5269 πτωχῆς
1819 5199 1918 5271 πρὸ

2020 5213 2228 5268 egena.
2264 5197 2513 5267 Cumque
2561 5197 2660 5252 tibi
2708 5196 2953 5266 quinque
3008 5199 3194 5249 essent
3248 5191 3593 5258 vestimenta,

349 5285 507 5354 τριῶν
540 5284 767 5357 ἡμερῶν
789 5300 805 5315 ⁸
833 5286 929 5340 καὶ
958 5287 1023 5341 σὺ
1061 5286 1200 5357 ἔχων
1226 5287 1387 5340 πέντε
1434 5288 1625 5358 ἱμάτια
1651 5288 1713 5342 τὸ
1745 5287 1804 5343 ἓν
1828 5289 1918 5358 τῆς

2024 5304 2194 5343 unum
2231 5289 2361 5343 illud
2416 5290 2593 5344 vidua:
2632 5287 2976 5357 subripuisti.
3023 5285 3186 5354 210
3214 5283 3369 5339 Tunc
3406 5283 3596 5338 adole-

351 5380 519 5451 χήρας
539 5378 798 5449 ἔκλεψας.
833 5380 968 5433 Τότε
991 5380 1021 5432 ὁ
1059 5377 1339 5451 νεώτερος,
1365 5379 1641 5450 ἐλεγχθεὶς
1666 5381 1762 5434 καὶ
1795 5380 1918 5452 φρί-

2028 5396 2191 5438 scens
2211 5381 2522 5446 convictus,
2545 5396 2612 5435 ac
2646 5389 2856 5435 terrore
2894 5388 3204 5449 correptus,
3231 5368 3596 5448 miratusque,

352 5468 441 5535 ξας
465 5471 562 5526 καὶ
585 5469 899 5541 θαυμάσας,
932 5469 1049 5533 πῶς
1078 5470 1309 5540 φανερὸν
1338 5470 1559 5538 γέγονεν
1591 5470 1621 5525 ὃ
1651 5473 1710 5525 ἐν
1736 5472 1917 5541 κρυφῇ

2028 5488 2137 5544 quo
2166 5479 2328 5543 pacto
2350 5473 2528 5543 palam
2563 5470 2617 5525 id
2648 5477 2815 5537 esset,
2842 5468 2993 5540 quod
3018 5469 3159 5526 clam
3182 5470 3273 5525 ille
3294 5474 3347 5524 et
3376 5483 3598 5540 vespere

350 5562 439 5616 καὶ
463 5564 672 5635 ἑσπέρᾳ
699 5562 901 5635 ἔπραξε
933 5563 1113 5632 μόνος,
1138 5563 1439 5634 ἀπέρχεται
1471 5562 1689 5633 τρέμων
1713 5564 1808 5617 καὶ
1829 5564 1918 5632 φέ-

2028 5566 2181 5622 solus
2210 5562 2833 5630 admisisset;abscedit
2880 5570 3139 5626 tremens,
3188 5562 3455 5632 affertque
3496 5575 3598 5616 sua

358 5670 431 5723 ρει
455 5655 522 5709 τά
552 5655 660 5709 ῐδια
688 5655 850 5708 πέντε
887 5656 1077 5725 ἱμάτια
1107 5655 1203 5710 καὶ
1239 5655 1300 5708 τὸ
1345 5653 1403 5707 ἓν
1441 5654 1541 5725 τῆς
1584 5656 1792 5725 χήρας,
1828 5657 1918 5708 καὶ

2029 5659 2271 5729 quinque
2285 5656 2627 5723 vestimenta,
2646 5670 2769 5711 cum
2793 5655 2886 5711 illo
2909 5655 2976 5710 ad
2999 5656 3217 5712 viduam
3248 5655 3596 5726 pertinente;

419 5835 527 5907 (77')
554 5833 870 5907 Vulgatum,
895 5835 1098 5906 ᾐτήτω,
1117 5835 1231 5906 jam
1263 5835 1320 5891 in
1343 5836 1588 5907 margine
1618 5845 1918 5893 correctum

2018 5849 2099 5892 'at.
2131 5834 2337 5890 Νυιτε.
