4088 6382
469 308 575 365 579

1630 298 1689 353 S.
1728 293 2191 352 ATHANASI‘US.
2234 294 2614 355 —,SPURlA.

3615 301 3722 355 580

468 423 794 494 mulierique
823 423 916 478 dat
959 419 1160 483 omnia,
1197 430 1396 487 rogans
1427 419 1489 470 ut
1529 430 1716 470 secum
1762 415 1829 468 ad
1861 428 2037 485 genua

2153 411 2238 464 Ξλα
2265 411 2478 466 δίδωσιν
2520 416 2584 484 τῇ
2623 417 2840 483 γυναικὶ
2882 415 3214 488 παρακαλῶν
3253 417 3390 486 αὐτῇ
3435 417 3530 471 σὺν
3573 417 3724 489 αὐτῷ

472 516 618 574 servi
645 515 740 571 Dei
768 515 1032 586 procidat.
1063 510 1132 566 Ut
1154 510 1344 565 ambos
1373 507 1509 562 vidit
1542 508 1633 561 ille
1658 507 1964 577 prolapsos,
1993 512 2047 560 et

474 624 629 665 reum
682 624 755 664 ex
821 606 988 662 corde
1051 603 1453 676 pmnitentem;
1491 598 1714 653 admisit
1765 598 1915 651 illum
1980 597 2047 651 ad

473 702 724 757 osculum
757 707 1030 756 sanctum.
1085 697 1284 767 Aitque
1341 694 1665 749 adolescens
1708 712 1722 748 :
1761 691 1922 754 Volo,
1951 690 2050 744 do-

475 792 624 845 mine
652 791 748 856 mi,
784 788 970 843 multis
1003 785 1200 840 diebus
1226 782 1502 853 jejunare,
1537 781 1664 851 quia
1693 779 1864 836 multa
1913 782 2048 832 sunt

471 892 700 954 peccata
732 896 871 936 mea.
901 879 1000 935 Cui
1020 893 1220 955 ‘servus
1256 876 1353 932 Dei
1385 895 1397 930 :
1436 874 1556 941 Quo
1576 881 1745 944 pacto
1790 871 1873 926 vis
1908 870 2048 940 jeju-

474 975 638 1030 nare?
669 973 808 1028 Tum
837 973 927 1027 ille
958 971 1041 1026 :A
1069 985 1230 1024 mane
1256 982 1431 1038 usque
1466 965 1534 1021 ad
1588 978 1898 1034 vesperum.
1932 961 2048 1014 Ait-

469 1081 579 1138 que
624 1065 702 1120 illi
761 1062 1069 1117 Antiochus
1109 1078 1122 1113 :
1161 1060 1280 1126 Quo
1319 1059 1372 1112 in
1420 1059 1541 1112 loco
1599 1057 1753 1126 degis
1800 1054 1928 1108 dum
1972 1053 2046 1104 ita

468 1155 717 1211 abstines
748 1170 779 1209 a
807 1153 971 1208 cibo?
1005 1151 1106 1206 Cui
1144 1152 1270 1206 ille:
1304 1148 1528 1202 Amicos
1555 1155 1608 1201 et
1664 1145 1880 1215 negotia
1927 1157 2046 1198 mea

471 1247 670 1312 inviso,
700 1245 826 1299 hinc
855 1243 1137 1314 paululum
1167 1239 1406 1304 dormio,
1439 1246 1646 1292 etcum
1693 1247 1916 1303 vespera
1952 1247 2045 1285 ac-

470 1339 701 1394 cesserit
727 1339 910 1392 cibum
944 1351 1121 1392 sumo.
1154 1333 1245 1387 Ait
1275 1332 1354 1386 illi
1377 1345 1571 1386 servus
1592 1327 1686 1383 Dei
1710 1324 2040 1380 Antiochus:

470 1430 586 1486 lloc
607 1431 874 1501 jejunium
905 1445 1014 1484 non
1057 1435 1160 1484 est.
1198 1427 1334 1481 Nam
1373 1427 1419 1481 si
1457 1441 1488 1477 a
1511 1424 1648 1478 cibis
1671 1421 1966 1484 abstineas,
1994 1426 2046 1474 et

466 1525 527 1577 in
560 1523 796 1592 aliquem
841 1521 1138 1583 obtrectes,
1163 1520 1248 1573 vel
1283 1517 1595 1587 quempiam
1615 1513 1922 1568 "contristes
1962 1509 2046 1565 vel

469 1615 862 1670 calumnieris:
897 1622 992 1667 aut
1038 1613 1086 1668 si
1136 1618 1263 1682 post
1313 1610 1549 1680 priorem
1597 1604 2045 1676 disceptationem

470 1706 686 1775 injuriae
715 1704 1032 1759 memoriam
1061 1705 1332 1767 retineas;
1372 1700 1417 1755 si
1443 1701 1572 1754 item
1589 1712 1817 1770 vespere
1838 1697 2042 1750 lautam

468 1812 632 1868 pares
659 1812 895 1863 ccenam,
925 1805 1084 1866 teque
1143 1793 1384 1849 inebries
1424 1807 1488 1846 ac
1531 1790 1713 1860 turpia
1739 1794 2040 1859 perpe-tres,

469 1897 566 1944 aut
602 1890 650 1944 si
703 1890 896 1943 horum
929 1887 1210 1959 quidpiam
1253 1885 1649 1955 concupiscas;
1692 1882 1863 1936 multo
1903 1895 2044 1949 prae-

469 1978 727 2032 stabilius
750 1977 848 2030 tibi
871 1983 974 2042 est,
1009 1985 1066 2029 ut
1092 1975 1388 2046 quinquies
1413 1973 1655 2044 quotidie
1685 1970 1961 2035 comedas,
1992 1975 2048 2024 et

471 2068 623 2122 hisce
649 2067 812 2121 rebus
838 2065 1136 2130 abstineas,
1169 2079 1333 2134 quam
1366 2069 1424 2116 ut
1450 2062 1586 2115 nihil
1611 2067 1797 2131 gustes
1819 2070 1872 2114 et
1895 2059 2046 2114 hisce

471 2159 635 2213 rebus
659 2167 710 2212 te
739 2157 1114 2212 commisceas.
1143 2155 1412 2220 Quidnam
1448 2152 1702 2207 utilitatis
1734 2150 1890 2205 affert
1920 2150 2046 2205 abs-

468 2248 698 2303 tiuentia
729 2263 759 2302 a
802 2247 974 2312 cibis,
1021 2246 1068 2301 si
1121 2245 1270 2300 omni
1304 2244 1412 2298 alia
1462 2242 1911 2313 concupiscentia
1943 2241 2047 2294 im-

468 2339 688 2409 pleare?
710 2338 791 2392 An
820 2337 1039 2408 ignoras
1064 2352 1191 2391 eum
1226 2335 1320 2407 qui
1358 2350 1517 2389 suam
1567 2333 1756 2404 implet
1786 2332 2047 2401 concupi-

469 2431 756 2493 scentiam.
790 2430 875 2485 vel
908 2430 1084 2484 solum
1120 2437 1322 2492 mente,
1350 2427 1477 2482 licet
1528 2427 1772 2482 externis
1803 2441 1914 2479 non
1963 2440 2046 2479 sa-

468 2523 636 2577 tietur
671 2521 831 2585 cibis,
853 2521 964 2591 jam
990 2528 1239 2577 saturum
1291 2529 1346 2575 et
1392 2519 1607 2574 ebrium
1657 2517 1814 2572 esse?
1859 2516 1964 2570 Sed
1996 2515 2044 2570 si

468 2608 606 2663 velis
637 2618 1003 2677 temperanter
1054 2623 1216 2678 agere
1263 2615 1317 2663 et
1359 2607 1632 2677 jejunare,
1671 2613 1732 2660 ut
1775 2599 2046 2677 jejunium

469 2708 623 2754 tuum
647 2700 757 2756 Deo
787 2701 858 2756 sit
895 2709 1205 2771 acceptum,
1242 2701 1478 2770 primum
1521 2700 1766 2755 omnium
1811 2700 2046 2755 observa

471 2799 531 2845 ut
567 2790 784 2861 jejunes
817 2792 886 2847 ab
938 2793 1088 2846 omni
1119 2807 1288 2862 pravo
1337 2807 1590 2847 sermone
1639 2789 1967 2861 proferendo
1992 2797 2048 2845 et

470 2882 748 2938 audiendo
781 2900 794 2935 :
831 2891 884 2938 et
939 2898 1113 2955 purga
1151 2899 1249 2938 cor
1301 2892 1455 2938 tuum
1504 2883 1574 2936 ab
1613 2884 1762 2937 omni
1793 2883 2046 2953 inquina-

469 2982 678 3040 mento,
722 2975 1048 3046 injuriarum
1103 2975 1391 3051 memoria,
1440 2975 1614 3045 turpis
1652 2974 1794 3029 lucri
1838 2989 2044 3029 amore.

470 3065 537 3119 Et
567 3082 675 3137 qua
700 3067 788 3122 die
810 3069 1171 3139 jejunaveris,
1205 3083 1367 3138 pane,
1405 3067 1650 3122 oleribus
1680 3076 1893 3136 etaqua
1912 3081 2047 3120 con-
2071 3097 2116 3156 α

469 3170 656 3219 tentus
679 3171 817 3231 esto,
849 3164 1167 3235 gratiasque
1190 3163 1301 3220 Deo
1334 3179 1485 3234 agas.
1509 3163 1836 3235 Computato
1864 3172 2043 3219 autem

472 3255 687 3326 prandii
720 3256 867 3326 quod
893 3272 959 3312 eo
992 3256 1082 3312 die
1109 3264 1434 3327 sumpturus
1477 3271 1601 3312 eras
1637 3257 1838 3326 pretio,
1884 3271 2046 3326 eroga

472 3346 668 3413 viduae,
717 3347 984 3417 orphano,
1028 3363 1223 3417 egeno,
1273 3349 1368 3418 qui
1421 3347 1641 3417 impleta
1693 3348 1875 3402 anima
1921 3362 2043 3413 sua,

471 3439 652 3494 orabit
677 3455 776 3510 pro
808 3423 1194 3495 teDominum.
1229 3438 1287 3494 Si
1321 3455 1450 3511 ergo
1492 3439 1796 3510 jejunium,
1825 3447 1887 3495 ut
1917 3455 2049 3509 prae-

472 3530 672 3598 scripsi
704 3530 822 3595 tibi,
847 3530 1196 3600 persolveris,
1242 3530 1574 3586 sacriﬁcium
1630 3539 1783 3585 tuum
1815 3531 1918 3585 erit
1949 3545 2046 3585 ac-

470 3627 688 3688 ceptum
709 3619 760 3673 in
780 3627 1080 3689 conspectu
1104 3619 1339 3686 Domini,
1361 3629 1416 3676 et
1434 3620 1773 3690 descriptum
1803 3621 1860 3676 in
1890 3622 2046 3678 coelis

473 3713 529 3767 iu
558 3711 647 3765 die
670 3710 1044 3766 retributionis
1072 3711 1342 3767 bonorum
1383 3712 1555 3782 justis
1584 3721 2043 3784 praeparatorum.

2074 1755 2118 1810 Β

2150 505 2478 573 προσπεσεῖν
2507 503 2585 574 τῷ
2610 503 2779 576 δούλῳ
2806 506 2900 559 τοῦ
2931 505 3085 559 Θεοῦ.
3122 503 3266 557 Ἰδὼν
3292 505 3350 556 δὲ
3380 506 3725 578 ἀμφοτέρους

2149 593 2590 662 προσπίπτοντας
2619 595 2711 648 καὶ
2747 595 2856 649 ἀπὸ
2891 596 3115 667 καρδίας
3154 595 3245 648 τὸν
3289 595 3461 649 αἴτιον
3500 615 3727 666 μετανο-

2147 685 2329 748 οῦντα,
2364 685 2612 753 ἐδέξαντο
2637 687 2798 740 αὑτὸν
2830 688 2888 740 έν
2937 689 3203 759 φιλήματι
3238 688 3398 759 ἁγίῳ.
3435 689 3546 742 Καὶ
3577 690 3726 759 λέγει

2147 777 2176 830 6
2208 775 2468 849 νεώτερος
2487 794 2500 807 ·
2530 778 2698 843 Θέλω,
2722 779 2878 850 κύριέ
2909 796 3032 850 μου,
3050 778 3341 850 νηστεῦσαι
3371 779 3572 844 πολλάς
3593 782 3728 852 ἡμέ-

2150 887 2269 940 ρας.
2299 871 2381 923 ὅτι
2413 871 2603 924 πολλαί
2629 873 2767 924 εἰσιν
2794 874 2850 926 αἱ
2877 872 3141 943 ἁμαρτίαι
3171 890 3294 943 μου.
3333 873 3496 942 Λέγει
3522 874 3671 945 αὑτῷ
3697 875 3728 926 ὁ

2146 955 2329 1022 δοῦλος
2357 959 2450 1012 τοῦ
2486 959 2620 1013 Θεοῦ
2649 978 2660 988 ·
2699 960 2870 1033 [Πῶς]
2903 960 3076 1024 θέλεις
3101 961 3389 1032 νηστεῦσαι
3422 979 3437 1028 ;
3480 963 3541 1016 '0
3567 964 3625 1017 δὲ
3653 960 3733 1018 εἷ-

2148 1070 2248 1107 πεν
2273 1052 2420 1122 αὐτῷ
2438 1070 2450 1082 ·
2489 1051 2692 1121 (78-79)
2735 1051 2866 1104 Ἀπὸ
2898 1051 2993 1105 τοῦ
3035 1051 3180 1122 πρωῒ
3208 1053 3312 1116 ἕως
3332 1054 3590 1126 ἑσπέρας.
3617 1056 3730 1109 Καὶ

2147 1143 2295 1212 λέγει
2351 1142 2500 1211 αύτῷ
2545 1142 2573 1193 ὀ
2612 1141 2878 1212 Ἀντίοχος
2903 1159 2915 1172 ·
2949 1142 3059 1194 Καὶ
3091 1143 3166 1212 μὴ
3219 1141 3446 1213 τρώγων
3483 1143 3585 1196 ποῦ
3615 1144 3732 1197 διά-

2145 1253 2264 1305 γεις
2289 1253 2303 1301 ;
2342 1236 2398 1288 '0
2424 1235 2479 1288 δὲ
2509 1230 2627 1287 εἶπε
2651 1253 2666 1264 ·
2701 1235 2838 1297 Τοὺς
2860 1235 3046 1302 φίλους
3076 1234 3169 1287 καὶ
3193 1235 3262 1287 τά
3297 1235 3595 1306 πράγματά
3627 1253 3728 1306 μου

2149 1332 2351 1402 βλέπω,
2388 1329 2483 1382 καὶ
2518 1327 2680 1381 πάλιν
2713 1327 2890 1396 ὀλίγον
2919 1327 3183 1392 καθεύδω,
3216 1328 3310 1380 καὶ
3340 1329 3468 1381 ὅταν
3501 1329 3727 1400 γένηται

2147 1420 2374 1493 ἑσπέρα,
2396 1416 2815 1490 μεταλαμϐάνω.
2843 1417 3005 1484 Λέγει
3036 1416 3183 1488 αὐτῷ
3212 1418 3240 1468 ὁ
3267 1416 3452 1480 δοῦλος
3476 1417 3569 1471 τοῦ
3593 1417 3728 1470 Θεοῦ

2159 1512 2427 1581 Ἀντίοχος
2453 1525 2466 1538 ·
2515 1507 2685 1560 Τοῦτο
2731 1507 2829 1560 οὐκ
2872 1505 2987 1559 ἔστι
3033 1507 3275 1578 νηστεία.
3325 1506 3448 1561 Ἐὰν
3486 1507 3594 1580 γὰρ
3631 1527 3728 1580 νη-

2147 1601 2379 1674 στεύσῃς
2417 1600 2524 1655 ἀπὸ
2555 1598 2857 1669 βρωμάτων
2887 1599 2980 1653 καί
3009 1616 3130 1653 τινα
3166 1599 3542 1670 κακολογήσῃς
3571 1601 3603 1670 ἣ
3641 1601 3733 1652 λυ-

2148 1693 2330 1765 πήσῃς
2379 1691 2412 1762 ἢ
2464 1691 2758 1761 διαϐάλῃς,
2787 1689 2820 1760 ἢ
2872 1691 3290 1762 μνησικακήσῃς
3321 1691 3426 1744 ἀπὸ
3458 1693 3730 1763 προτέρας

2149 1782 2414 1854 μάχης,ἢ
2466 1782 2705 1854 ἑσπέρας
2751 1783 2984 1855 ποιήσῃς
3036 1782 3332 1852 πολύτιμον
3375 1783 3604 1848 δεῖπνον,
3636 1786 3731 1836 καὶ

2144 1873 2284 1946 ἄρξῃ
2321 1872 2709 1943 μεθύσκεσθαι,
2736 1873 2769 1944 ἦ
2804 1873 3006 1945 αἰσχρά
3035 1873 3386 1946 ἐργάζεσθαι,
3419 1875 3451 1944 ἢ
3488 1878 3606 1928 κατ’
3638 1876 3727 1927 ἕν-

2143 1980 2294 2016 νοιαν
2335 1962 2624 2034 ἐπιθυμεῖν
2685 1981 2738 2016 τι
2787 1961 3066 2016 τοιοῦτον·
3118 1966 3252 2017 πολὺ
3320 1965 3584 2035 συμφέρει
3646 1981 3728 2016 σοι

2144 2058 2396 2128 πέμπτον
2422 2058 2522 2127 τῆς
2561 2057 2777 2128 ἡμέρας
2815 2056 3014 2110 ἐσθίειν
3047 2057 3140 2109 καὶ
3180 2055 3386 2109 τούτων
3415 2056 3728 2126 φείσασθαι,

2143 2149 2177 2220 ἢ
2227 2150 2302 2222 μὴ
2349 2149 2682 2220 γευσάμενον
2730 2147 2960 2210 ἐκείνοις
3013 2147 3412 2218 συμφύρεσθαι.
3477 2148 3572 2212 Τίς
3621 2148 3730 2218 γὰρ

2144 2241 2381 2312 ὡφέλειά
2419 2240 2724 2312 βρωμάτων
2755 2239 3090 2312 ἀπέχεσθαι,
3122 2240 3303 2310 πάσης
3337 2241 3394 2294 δέ
3428 2240 3592 2313 ἄλλης
3620 2243 3734 2293 ἐπι-

2145 2332 2346 2404 θυμίας
2393 2332 2788 2404 ἐμφορεῖσθαι;
2826 2335 2896 2386 Ἢ
2949 2333 3049 2387 οὐκ
3087 2329 3237 2396 οἶδας
3276 2334 3357 2386 ὅτι
3404 2335 3512 2395 πᾶς
3558 2334 3586 2384 6
3631 2333 3731 2401 τὴν

2145 2425 2438 2496 ἐπιθυμίαν
2469 2424 2633 2478 αὑτοῦ
2676 2424 2900 2496 πληρῶν
2925 2424 3044 2478 κατ’
3075 2424 3281 2478 ἔννοιαν
3319 2425 3410 2478 καὶ
3442 2424 3597 2488 ἐκτὸς
3619 2424 3731 2477 τῶν

2145 2516 2345 2583 ἔξωθεν
2380 2516 2683 2588 βρωμάτων
2713 2516 2815 2587 ήδη
2847 2515 3167 2587 κεκόρεσται
3201 2516 3294 2569 καὶ
3324 2514 3552 2586 μεθύει;
3589 2514 3731 2568 Ἀλλ’

2147 2611 2196 2662 εί
2228 2609 2401 2672 θέλεις
2445 2606 2915 2679 ἐγκρατεύσασθαι
2957 2607 3052 2660 καὶ
3076 2607 3403 2678 νηστεῦσαι,
3449 2608 3535 2660 ἵνα
3573 2608 3607 2677 ή
3641 2624 3735 2676 νη-

2148 2698 2298 2750 στεία
2334 2714 2424 2750 σου
2455 2696 2617 2768 δεκτὴ
2707 2696 2786 2768 τῷ
2829 2695 2948 2767 Θεῷ
2966 2737 2983 2764 ,
3013 2696 3228 2769 πρῶτον
3257 2697 3473 2750 πάντων
3503 2695 3731 2765 φύλαξαι

2146 2789 2427 2856 νηστεύειν
2473 2788 2580 2842 ἀπὸ
2633 2789 2834 2853 παντὸς
2871 2791 3116 2860 ῥήματος
3161 2789 3396 2860 πονηροῦ
3436 2790 3529 2842 καὶ
3563 2791 3735 2860 ἀκοῆς

2148 2884 2414 2953 πονηρᾶς,
2439 2883 2534 2936 καὶ
2563 2881 2860 2953 καθάρισόν
2885 2898 2980 2934 σου
3013 2880 3112 2953 τὴν
3141 2882 3367 2953 καρδίαν
3395 2882 3502 2936 ἀπὸ
3530 2884 3733 2947 παντὸς

2151 2973 2426 3047 μολυσμοῦ
2462 2975 2556 3028 καὶ
2595 2974 2959 3045 μνησικακίας
2983 2975 3097 3027 ’καὶ
3129 2975 3592 3046 αἰσχροκερδείας.
3624 2975 3736 3029 Καὶ

2149 3070 2207 3122 ἐν
2235 3068 2416 3139 ἡμέρᾳ
2517 3067 2799 3139 νηστεύεις
2830 3067 3132 3139 ἀρκέσθητι
3165 3069 3315 3140 ἄρτῳ
3353 3069 3447 3122 καὶ
3479 3070 3735 3138 λαχάνοις

2149 3161 2244 3214 καὶ
2278 3159 2452 3224 ὕδατι,
2485 3159 2824 3230 εὐχαριστῶν
2864 3159 2942 3231 τῷ
2975 3160 3113 3232 Θεῷ.
3157 3160 3520 3232 Συμψηφίσας
3549 3162 3606 3216 δὲ
3635 3163 3737 3234 τὴν

2152 3252 2425 3322 ποσότητα
2476 3252 2574 3322 τῆς
2642 3251 2885 3324 δαπάνης
2937 3251 3029 3305 τοῦ
3101 3253 3327 3325 ἀρίστου
3389 3245 3452 3306 οῦ
3514 3253 3737 3324 ἔμελλες

2151 3345 2352 3399 ἐσθίειν
2381 3345 2498 3398 κατ’
2526 3343 2740 3415 ἐκείνην
2771 3344 2872 3416 τὴν
2901 3344 3136 3416 ἡμέραν,
3171 3345 3261 3408 δὸς
3285 3346 3429 3417 χήρᾳ
3455 3346 3486 3416 ἦ
3515 3345 3737 3417 ὀρφανῷ

2152 3436 2186 3507 ἢ
2239 3432 2610 3505 στερουμένῳο
2647 3431 2829 3504 (πρὸς)
2878 3431 2937 3484 ὃν
2987 3431 3051 3504 δὴ
3103 3432 3285 3502 σαφῶς
3317 3433 3602 3504 ἐμπλήσας
3637 3432 3737 3503 τὴν

2153 3527 2347 3580 ἐαυτοῦ
2374 3525 2576 3596 ψυχὴν,
2605 3523 2820 3590 εὔξεται
2868 3523 3010 3596 ὑπὲρ
3045 3522 3137 3576 σοῦ
3173 3511 3308 3595 πρὸς
3339 3523 3563 3594 Κύριον.
3613 3524 3737 3577 Ἐὰν

2152 3616 2244 3674 οῦν
2273 3618 2495 3690 τελέσῃς
2521 3615 2617 3688 τὴν
2641 3615 2916 3687 νηστείαν,
2940 3615 3016 3679 ὡς
3053 3615 3407 3686 ἐνετειλάμην
3449 3633 3552 3681 σοι,
3583 3615 3737 3668 ἔσται

2152 3714 2186 3783 ὴ
2222 3709 2382 3763 θυσία
2431 3724 2525 3760 σου
2559 3707 2722 3779 δεκτὴ
2768 3705 2998 3761 ἐνώπιον
3029 3707 3238 3778 Κυρίου
3275 3709 3371 3761 καὶ
3421 3709 3740 3780 ἐγγεγραμ-

477 3808 613 3880 μένη
650 3809 708 3862 ἐν
750 3810 865 3872 τοῖς
906 3808 1154 3880 οὐρανοῖς
1185 3808 1243 3861 ἐν
1287 3806 1472 3879 ἡμέρᾳ
1519 3808 1928 3872 ἀνταποδόσεως
1974 3809 2084 3864 τῶν
2124 3805 2542 3879 ἡτοιμασμένων
2580 3801 2800 3872 ἀγαθῶν
2847 3803 2958 3865 τοῖς
2997 3801 3242 3866 δικαίοις.

541 3973 640 4030 His
671 3972 872 4029 auditis
895 3972 1236 4036 adolescens,
1268 3971 1632 4040 omnibusque
1671 3971 1878 4028 relictis
1926 3987 2043 4028 ser-

473 4081 603 4119 vum
634 4063 728 4118 Dei
751 4063 803 4118 vi
837 4063 1104 4133 compulit
1140 4072 1199 4118 ut
1253 4077 1314 4116 se
1358 4061 1623 4130 reciperet
1669 4062 1725 4116 in
1775 4072 2052 4119 monaste—

475 4159 639 4212 rium.
665 4155 743 4208 Ac
774 4163 995 4210 secutus
1019 4155 1195 4219 illum,
1234 4153 1582 4224 servatisque
1638 4154 1893 4209 omnibus
1929 4171 2051 4226 qua:

475 4251 546 4304 ab
567 4264 633 4304 eo
655 4247 945 4313 didicerat,
977 4254 1142 4317 atque
1171 4261 1316 4301 anno
1364 4262 1474 4301 uno
1517 4245 1575 4300 in
1616 4260 1810 4318 magna
1838 4255 2050 4318 tempe-

475 4343 674 4406 rantia,
729 4339 988 4411 lacrymis
1022 4347 1078 4394 et
1138 4337 1430 4408 gemitibus
1486 4351 1772 4408 percurso,
1807 4337 1865 4392 in
1917 4351 2052 4408 pace

475 4433 827 4501 obdormivit,
853 4431 1188 4502 tradiditque
1222 4429 1454 4485 Domino
1494 4430 1769 4502 spiritum.

547 4526 635 4581 l7.
678 4525 892 4595 Elapsis
929 4524 1112 4580 tribus
1145 4523 1326 4589 annis,
1357 4537 1484 4577 mox
1519 4523 1846 4577 moriturum
1865 4537 2054 4577 mona-

475 4617 632 4675 sterii
660 4615 977 4689 praefectum
1031 4614 1256 4685 quidam
1288 4613 1466 4668 sancti
1488 4613 1730 4684 episcopi
1759 4612 1940 4668 visum
1966 4628 2055 4668 ve-

474 4717 722 4767 nerunt:
758 4709 1079 4779 rogavitque
1138 4705 1260 4761 illos
1328 4703 1645 4777 praefectus,
1696 4711 1758 4759 ut
1815 4703 2046 4758 fratrum

476 4813 770 4867 amantem,
799 4800 1127 4871 injuriarum
1157 4797 1529 4853 immemorem
1567 4803 1624 4852 et
1657 4796 1918 4852 humilem
1939 4797 2049 4849 An-

474 4898 716 4952 tiochum
778 4895 864 4950 sui
893 4894 1016 4948 loco
1057 4891 1456 4947 constituerent
1500 4909 1514 4944 :
1547 4903 1671 4960 quae
1718 4886 1911 4944 eadem
1938 4894 2054 4942 erat

479 4990 706 5044 fratrum
755 4987 1003 5043 omnium
1044 4985 1367 5058 postulatio.
1435 4981 1804 5052 Repugnante
1850 4979 1944 5032 illo
1989 4991 2053 5031 ac

479 5084 925 5153 collaerymante,
951 5094 1148 5149 magna
1177 5079 1231 5133 vi
1265 5075 1537 5153 :episcopi
1593 5073 1828 5129 invitum
1853 5071 2050 5134 ‘illum,

479 5189 603 5227 cum
633 5150 784 5243 prius
809 5171 1160 5227 ordinassent
1197 5150 1604 5238 presbyterum,
1643 5165 2055 5219 constituerunt

481 5272 535 5319 et
563 5265 926 5336 hegumenum
967 5278 1063 5319 seu
1097 5259 1436 5332 praefectum.
1460 5262 1540 5312 Ac
1581 5271 1708 5311 cum
1759 5252 2054 5326 praefectus

483 5365 657 5411 totum
700 5357 804 5426 ipsi
843 5358 899 5410 in
924 5355 1146 5411 Christo
1180 5353 1414 5408 fratrum
1443 5356 1652 5406 coetum
1675 5345 2058 5402 commendas-

484 5457 590 5516 set,
643 5448 973 5503 obdormivit
1021 5448 1078 5502 in
1114 5462 1271 5516 pace.
1327 5444 1601 5514 Suscepta
1644 5441 1816 5512 igitur
1867 5437 2059 5506 hujus-

485 5543 632 5598 modi
663 5556 793 5597 cura
817 5541 1116 5596 Antiochus
1144 5539 1200 5594 in
1232 5538 1406 5593 multo
1436 5536 1640 5603 studio,
1670 5529 2058 5603 temperantia,

2231 3967 2419 4022 Ταῦτα
2437 3965 2675 4029 ἀκούσας
2697 3965 2724 4018 ὀ
2748 3962 3031 4034 νεώτερος,
3053 3962 3147 4016 καὶ
3177 3961 3507 4030 καταλείψας
3537 3961 3734 4024 πάντα,

2157 4062 2412 4116 ἐϐιάσατο
2448 4061 2540 4114 τὸν
2572 4057 2757 4113 δοῦλον
2790 4056 2884 4111 τοῦ
2920 4055 3053 4108 Θεοῦ
3096 4053 3279 4108 λαϐεῖν
3313 4053 3475 4107 αὐτὸν
3518 4055 3598 4117 εἰς
3638 4055 3738 4126 τὴν

2160 4154 2348 4226 μονήν.
2385 4153 2496 4206 Καὶ
2524 4150 2898 4220 ἀκολουθήσας
2935 4146 3103 4218 αὐτῷ,
3145 4146 3324 4200 πάντα
3355 4146 3454 4200 ὅσα
3488 4146 3735 4218 ἐδιδάχθη

2156 4245 2289 4316 παρ’
2313 4243 2477 4298 αὐτοῦ
2502 4243 2763 4314 φυλάξας,
2785 4241 2843 4292 ἐν
2879 4238 3046 4311 πολλῇ
3073 4238 3366 4313 ἐγκρατείᾳ
3389 4239 3484 4291 καὶ
3505 4238 3738 4308 δάκρυσι

2157 4337 2252 4390 καὶ
2277 4337 2598 4406 στεναγμοῖς
2618 4330 2911 4404 πληρώσας
2932 4329 3201 4383 ἐνιαύσιον
3229 4330 3439 4401 χρόνον,
3460 4331 3516 4381 ἐν
3546 4331 3739 4402 εἰρήνῃ

2084 4424 2128 4480 D
2157 4429 2444 4502 ἐκοιμήθη,
2487 4425 2761 4494 παραδοὺς
2789 4422 2850 4475 τὸ
2877 4422 3092 4493 πνεῦμα
3119 4421 3198 4491 τῷ
3225 4420 3436 4491 Κυρίῳ.

2231 4523 2318 4576 17.
2353 4520 2464 4573 Καὶ
2501 4516 2640 4590 μετὰ
2673 4514 2801 4587 τρία
2844 4514 2961 4583 ἔτη,
2997 4511 3405 4584 μέλλοντος-τοῦ
3433 4509 3735 4580 ἡγουμένου
3760 4545 3779 4580 ς

2159 4614 2256 4684 τῆς
2287 4611 2454 4682 μονῆς
2492 4608 2771 4677 τελευτᾷν,
2797 4600 2960 4676 ἦλθον
2986 4604 3065 4666 εἰς
3087 4601 3374 4670 ἐπίσκεψιν
3403 4599 3569 4653 αὑτοῦ
3597 4617 3739 4661 τινες

2166 4705 2310 4773 ἆγιοι
2339 4703 2626 4756 ἐπίσκοποι
2645 4718 2658 4730 ·
2682 4699 2776 4753 καὶ
2804 4695 3104 4768 παρεκάλει
3139 4694 3334 4757 αὐτοὺς
3362 4694 3389 4744 6
3415 4691 3735 4770 ἡγούμενος,

2165 4799 2314 4858 ὅπως
2357 4795 2468 4848 ἀντ’
2518 4791 2684 4845 αὑτοῦ
2717 4790 2808 4842 τὸν
2861 4785 3180 4858 φιλάδελφον
3227 4785 3322 4838 καὶ
3362 4785 3739 4854 ἀμνησίκακον

2160 4889 2255 4942 καὶ
2288 4885 2686 4954 ταπεινόφρονα
2705 4879 2979 4949 Ἀντίοχον
3009 4877 3388 4946 καταστήσωσι
3417 4893 3428 4904 ·
3462 4876 3740 4927 καὶ·πᾶσα

2159 4977 2217 5030 δέ
2243 4978 2277 5047 ή
2307 4974 2603 5043 ἀδελφότης
2644 4967 3077 5041 συμπαρεκάλει.
3126 4963 3231 5016 Τοῦ
3283 4963 3340 5016 δὲ
3369 4963 3740 5031 ἀντιλέγοντος

2161 5070 2254 5122 καὶ
2281 5065 2624 5138 ὀδυρομένου,
2669 5061 2806 5133 μετά
2841 5057 3041 5128 πολλῆς
3069 5057 3189 5127 βίας
3217 5057 3312 5110 κα)⁸
3339 5057 3586 5126 ἀνάγκης
3627 5073 3742 5126 χει-

2165 5159 2547 5231 ροτονήσαντες
2577 5155 2764 5208 τοῦτον
2791 5155 2840 5206 οἱ
2880 5152 3163 5205 ἐπίσκοποι
3201 5147 3566 5220 πρεσϐύτερον
3602 5166 3737 5202 κατ-

2163 5252 2396 5321 έστησαν
2440 5249 2535 5302 καὶ
2578 5246 2899 5318 ἡγούμενον.
2952 5244 3063 5297 Καὶ
3111 5240 3487 5311 παραθέμενος
3536 5241 3685 5311 αὐτῷ
3713 5244 3741 5293 ὁ

2163 5343 2461 5416 ήγούμενος
2504 5342 2686 5394 πᾶσαν
2718 5339 2816 5408 τὴν
2859 5337 2917 5390 ἐν
2958 5333 3179 5406 Χριστῷ
3211 5333 3568 5404 ἀδελφότητα,
3607 5335 3744 5386 ἐκοι-

2169 5435 2312 5507 μήθη
2351 5434 2406 5484 ἐν
2434 5432 2644 5502 εἰρήνῃ.
2695 5426 2888 5481 Λαϐὼν
2923 5419 3014 5478 οὖν
3043 5423 3140 5494 τὴν
3181 5423 3433 5493 φροντίδα
3469 5424 3497 5475 6
3537 5423 3743 5475 Ἀντίου

2169 5543 2279 5597 χος,
2311 5526 2368 5579 ἐν
2395 5521 2563 5594 πολλῇ
2601 5519 2803 5590 σπουδῇ
2855 5517 2948 5571 καὶ
2982 5515 3280 5587 ἐγκρατείᾳ
3325 5515 3416 5567 καὶ
3465 5514 3744 5586 ἀγρυπνίᾳ

561 5743 766 5818 (78-79)
810 5741 932 5797 Hazc
970 5757 1032 5796 ex
1069 5740 1208 5794 libro
1261 5755 1297 5793 ll
1342 5737 1554 5793 Hermae
1605 5736 1734 5791 hinc
1769 5733 1895 5789 inde
1935 5735 2202 5799 excerpta.
