4088 6382
282 343 381 399 581

1317 333 1664 392 DOCTRINA
1707 333 1796 387 AD
1837 330 2242 387 ANTlOCllUM
2283 333 2540 391 DUCEM.

3429 335 3536 392 582

286 458 376 511 καὶ
404 454 595 528 εὐχαῖς
617 453 869 508 διετέλει·
906 451 1073 506 πολλά
1102 469 1161 504 τε
1197 449 1426 523 [ἔνδοξα]
1456 451 1551 504 καὶ
1587 445 1855 520 κατορθώ-

1964 448 2164 518 vigiliis
2183 458 2236 503 et
2255 450 2598 506 orationibus
2629 451 3011 520 perseverabat
3037 467 3050 504 :
3082 451 3364 522 multaque
3394 468 3534 524 prae-

290 566 428 620 ματα
455 546 754 600 διεπετέλει
789 547 816 598 6
847 543 1102 614 Χριστός.

355 641 442 694 18.
476 639 591 691 Καὶ
648 638 784 709 μετά
824 636 916 690 δύο
958 636 1049 706 ἔτη
1079 635 1173 688 τοῦ
1217 633 1525 706 ἡγήσασθαι
1558 631 1718 684 αὑτὸν
1763 631 1862 700 τῆς

291 732 450 803 μονῆς
486 729 582 782 δύο
629 728 850 797 ἀδελφοὶ
882 727 1187 796 ὀλιγόψυχοι
1229 726 1380 794 κοινῇ
1422 721 1615 793 γνώμῃ
1641 719 1860 790 ἐξῆλθον

286 821 374 874 τοῦ
409 819 809 891 μοναστηρίου,
841 819 933 870 καὶ
978 814 1317 886 ἐπέστρεψαν
1348 814 1423 874 ώς
1470 811 1614 864 κύων
1645 811 1738 862 ἐπὶ
1768 810 1860 862 τὸν

291 912 415 964 ἴδιον
449 912 471 961 ὲ
481 909 646 980 μετὸν
676 907 1058 970 σπαταλῶντες
1086 906 1180 959 καὶ
1215 903 1585 976 ἐντρυφῶντες
1613 901 1704 954 ἐπὶ
1743 902 1862 964 ταῖς

290 1003 562 1072 βιωτικαῖς
593 1000 920 1069 ἀσελγείαις.
950 998 1057 1052 Καὶ
1074 997 1245 1050 ταῦτα
1284 994 1466 1066 μαθὼν
1496 996 1524 1046 ό
1551 992 1734 1056 δοῦλος
1765 991 1858 1044 τοῦ

287 1094 416 1147 Θεοῦ
464 1091 736 1162 Ἀντίοχος
789 1091 929 1144 πάνυ
971 1089 1186 1159 ἔθλιῲεν
1237 1085 1429 1140 ἑαυτὸν
1478 1083 1688 1155 θρηνῶν
1737 1085 1860 1147 τοὺς

283 1184 374 1237 δύο
414 1183 715 1251 ἀδελφοὺς,
758 1182 852 1235 κα)⁸
899 1180 1082 1233 ἐδέετο
1132 1177 1258 1250 περὶ
1296 1175 1474 1229 αὐτῶν
1505 1173 1599 1226 τοῦ
1629 1173 1855 1242 Κυρίου.

286 1275 604 1330 Ψαλλόντων
633 1274 693 1326 δὲ
743 1273 920 1327 αὐτῶν
951 1272 1050 1343 τὴν
1091 1271 1308 1340 ἐνάτην,
1334 1268 1408 1330 ὡς
1446 1267 1623 1320 ἔκλινε
1661 1265 1728 1318 τά
1769 1264 1860 1332 γό-

285 1385 414 1422 νατα
458 1369 556 1420 σὺν
596 1368 714 1429 τοῖς
757 1364 1024 1433 ἀδελφοῖς,
1066 1363 1286 1431 γέγονεν
1331 1362 1388 1414 ἐν
1431 1359 1718 1421 ἐκστάσει,
1766 1357 1860 1409 καὶ

285 1460 768 1532 παραλαμϐάνεται
818 1459 852 1529 ἡ
896 1455 1040 1528 ψυχὴ
1085 1454 1249 1509 αὑτοῦ
1289 1452 1395 1506 ύπδ
1436 1451 1691 1520 ἀγγέλου.
1748 1449 1859 1502 Καὶ

286 1551 483 1621 πολλῆς
531 1550 685 1621 ὥρας
748 1548 1155 1619 παρελθούσης,
1215 1546 1308 1600 καὶ
1375 1543 1449 1615 μὴ
1508 1542 1856 1613 ἐγειρομένου

282 1641 486 1708 αὑτοῦ,
543 1642 821 1711 ἐγείρεται
879 1642 907 1693 ό
956 1639 1300 1710 δευτεράριος
1330 1635 1531 1697 αὑτοῦ,
1593 1635 1689 1687 καὶ
1739 1633 1856 1704 μετ’

285 1731 577 1797 ἐπιεικείας
618 1731 916 1805 παρεκάλει
955 1730 1294 1799 ἀναστῆναι,
1349 1728 1441 1780 καὶ
1496 1722 1707 1780 τελέσαι
1759 1725 1856 1796 τὴν

285 1826 618 1898 λειτουργίαν
683 1825 786 1894 τῆς
858 1824 1066 1894 εὐχῆςη
1099 1823 1186 1885 Ὠς
1253 1821 1310 1874 δὲ
1377 1815 1556 1884 εἶδον,
1616 1819 1696 1870 ὅτι
1757 1818 1857 1870 ούκ

282 1916 344 1990 ἦν
391 1918 546 1988 φωνὴ
588 1917 685 1970 καὶ
731 1917 832 1969 ούκ
874 1911 942 1987 ἦν
988 1913 1292 1984 ἀκρόασις,
1346 1910 1647 1981 ἐγνώρισαν
1692 1910 1858 1962 ὀπτα-

285 2009 397 2061 σίαν
449 2007 614 2060 αὑτὸν
686 2005 901 2075 βλέπειν
971 2005 1066 2058 καὶ
1125 2001 1508 2074 ,ὑπεχώρησαν
1588 2002 1680 2054 ἀπ’
1749 1999 1858 2053 αύ-

282 2099 367 2152 τοῦ
421 2097 813 2169 πληρώσαντες
854 2096 942 2148 τὸν
982 2095 1201 2150 κανόνα.
1247 2095 1548 2157 Μέλλοντος
1579 2093 1635 2144 δὲ
1685 2091 1857 2145 δύνειν

281 2191 368 2243 τοῦ
401 2191 556 2261 ἡλίου
590 2189 798 2262 κράξας
827 2184 979 2240 εἶπεν
1003 2205 1016 2218 ·
1051 2187 1188 2253 Δόξα
1222 2203 1324 2251 σοι,
1359 2187 1387 2238 6
1417 2185 1570 2250 Θεὸς,
1598 2184 1725 2250 δόξα
1754 2201 1854 2236 σοι.

282 2283 406 2336 Τότε
453 2279 766 2353 προσῆλθον
803 2279 951 2350 αὐτῷ
995 2281 1146 2332 πᾶσα
1189 2280 1222 2349 ἡ
1270 2277 1505 2342 συνοδία,
1543 2276 1858 2330 ἱκετεύουσα

285 2374 443 2444 μηδὲν
470 2373 568 2426 ἀπ’
597 2371 782 2425 αὐτῶν
811 2370 1038 2442 κρύψαι,
1074 2363 1148 2424 ὧν
1190 2370 1218 2421 6
1246 2369 1378 2432 Θεὸς
1407 2367 1554 2438 αὐτῷ
1587 2367 1859 2422 ἀπεκάλυ-

279 2465 390 2535 ψεν.
422 2466 536 2519 Καὶ
562 2464 638 2536 μὴ
666 2464 916 2534 δυνηθεὶς
942 2463 1145 2534 κρύψαι
1176 2461 1263 2515 διὰ
1292 2463 1390 2533 τὴν
1418 2461 1614 2532 πολλὴν
1641 2461 1858 2532 ὄχλησιν

279 2556 378 2610 τῶν
404 2556 673 2624 ἀδελφῶν,
714 2556 948 2626 ποιήσας
979 2555 1143 2625 εὐχὴν
1163 2593 1178 2618 ,
1210 2553 1409 2625 ἤρξατο
1439 2552 1644 2620 λέγειν’
1683 2554 1862 2623 Παρα-

281 2647 499 2718 ληφθεὶς
535 2647 722 2718 χάριτι
754 2643 990 2717 Χριστοῦ
1037 2645 1142 2698 ὑπὸ
1187 2643 1419 2712 ἀγγέλου
1455 2643 1563 2714 (80)
1588 2639 1749 2715 ἦλθον
1781 2646 1859 2707 είς

281 2740 475 2802 πεδίον,
504 2740 598 2791 καὶ
622 2738 896 2810 [δείκνυσί
925 2736 1050 2808 μοι]
1083 2736 1248 2790 παῖδα
1271 2735 1549 2789 νεανίσκον
1579 2735 1861 2806 ἐνδεδυμέ-

279 2846 367 2882 νον
399 2829 646 2882 σύνθεσιν
675 2829 989 2899 ἐνδυμάτων
1017 2827 1280 2898 κροκέων,
1315 2826 1578 2896 βόσκοντα
1609 2825 1858 2898 πρόϐατα

282 2920 447 2973 πολλά
493 2919 648 2973 λίαν’
701 2919 796 2972 καὶ
837 2919 904 2972 τά
958 2918 1207 2990 πρόϐατα
1256 2918 1430 2971 ταῦτα
1462 2913 1530 2988 ἦν
1563 2917 1694 2969 ὡσεὶ
1727 2934 1858 2988 τρυ-

281 3011 470 3079 φῶντα
511 3014 606 3064 καὶ
649 3011 771 3064 λίαν
808 3009 1164 3063 σπαταλῶντα
1198 3011 1292 3063 καὶ¹
1341 3009 1520 3080 ίλαρά,
1557 3008 1858 3080 σκιρτῶντα

277 3095 373 3154 ὧδε
400 3103 584 3157 κάκεῖ.
615 3101 728 3155 Καὶ
760 3100 919 3162 αὐτὸς
947 3102 976 3152 6
1016 3099 1219 3171 ποιμὴν
1252 3097 1392 3152 πάνυ
1437 3098 1619 3168 ἱλαρὸς
1656 3099 1748 3150 ἐπὶ
1780 3096 1856 3167 τῷ

279 3195 514 3265 ποιμνίῳ
556 3191 704 3263 αὐτῷ
742 3187 810 3262 ἦν
844 3192 936 3244 καλ⁵
975 3191 1292 3263 περιέτρεχε
1331 3189 1399 3243 τά
1431 3189 1698 3260 πρόϐατα.
1745 3190 1854 3242 Καὶ

279 3287 407 3339 ἀλλα
458 3285 708 3357 πρόϐατα
749 3280 886 3336 εἶδον
921 3283 1277 3336 σπαταλῶντα
1326 3282 1419 3334 καὶ
1460 3281 1750 3353 τρυφῶντα
1799 3283 1856 3334 ὲν

277 3378 422 3447 τόπῳ
448 3377 559 3439 ἐνὶ,
585 3375 648 3428 οὐ
683 3374 867 3446 μέντοι
897 3374 1222 3446 σκιρτῶντα.
1254 3373 1363 3427 Καὶ
1389 3373 1536 3441 λέγει
1571 3389 1690 3443 μοι·
1727 3373 1856 3425 Βλέ-

274 3486 397 3531 mn;
424 3467 519 3521 τὸν
547 3467 786 3536 ποιμένα
812 3467 1032 3531 τοῦτον;
1072 3466 1260 3518 Βλέπω
1281 3505 1295 3530 ,
1329 3465 1480 3535 φησι,
1516 3463 1710 3535 Κύριε.
1754 3458 1858 3517 Οὗ-

271 3579 380 3625 τος,
409 3561 599 3632 φησὶν.
628 3558 1091 3630 ἀγγελοττρυφῆς
1123 3558 1217 3611 καὶ
1248 3558 1465 3627 ἀπάτης
1497 3557 1642 3609 ἐστίν
1662 3573 1674 3586 ·
1704 3549 1856 3620 οὗτος

271 3652 516 3724 ἐκτρίϐει
560 3651 658 3715 τὰς
687 3651 865 3722 ψυχὰς
906 3651 1012 3703 τῶν
1037 3650 1238 3702 δούλων
1268 3648 1361 3701 τοῦ
1391 3647 1528 3700 Θεοῦ
1571 3647 1664 3702 καὶ
1693 3665 1858 3701 κατα-

276 3745 496 3816 στρέφει
525 3742 634 3796 ἀπδ
662 3741 764 3810 τῆς
790 3741 1046 3810 ἀληθείας
1073 3739 1296 3792 ἀπατῶν
1326 3737 1493 3800 αύτάς
1523 3741 1642 3802 ταῖς
1672 3739 1857 3791 ἐπιθυ-

277 3836 425 3904 μίαις
451 3837 572 3898 ταῖς
602 3835 888 3902 πονηραῖς,
922 3833 978 3884 ἐν
1012 3827 1100 3894 αἷς
1136 3829 1464 3884 ἀπόλλυνται
1501 3831 1855 3885 ἐπιλανθανό-

276 3946 422 3996 μενοι
457 3926 568 3980 τῶν
603 3922 834 3978 ἐντολῶν
856 3921 950 3975 τοῦ
977 3921 1173 3986 ζῶντος
1204 3921 1298 3974 τοῦ
1332 3921 1468 3975 Θεοῦ
1499 3922 1594 3974 καὶ
1631 3923 1858 3992 πορευό-

277 4037 420 4088 μενοι
452 4019 576 4080 ταῖς
612 4015 872 4086 ματαίαις
917 4015 1146 4082 τρυφαῖς
1194 4013 1289 4066 καὶ
1328 4014 1567 4078 ἀπάταις
1599 4013 1692 4068 τοῦ
1739 4014 1854 4085 βίου

273 4113 483 4164 τούτου.
516 4108 608 4160 Διὸ
639 4107 735 4160 καὶ
763 4105 1089 4158 ἀπόλλυνται
1121 4104 1225 4157 ὑπὸ
1262 4106 1357 4159 τοῦ
1397 4106 1631 4175 ἀγγέλου
1665 4107 1853 4160 τούτου

271 4206 346 4264 εἰς
378 4204 615 4258 θάνατον
657 4198 769 4268 (81)
811 4198 902 4250 καὶ
944 4195 1314 4267 καταφθοράν.
1354 4199 1512 4266 Λέγω
1548 4198 1727 4270 αὐτῷ·
1777 4202 1853 4252 Οὐ

271 4293 548 4358 γινώσκω,
574 4288 772 4359 Κύριε,
799 4285 850 4338 τί
886 4286 1054 4347 ἐστιν,
1091 4287 1171 4348 εἰς
1215 4285 1444 4340 θάνατον
1470 4287 1561 4340 καί
1588 4287 1857 4358 καταφθο-

273 4385 389 4456 ράν.
437 4383 553 4437 Καὶ
593 4380 749 4447 λέγει
786 4393 908 4447 μοι’
958 4378 1176 4438 Ἀκουε,
1213 4380 1397 4445 φησιν,
1437 4378 1473 4432 ἀ
1511 4374 1665 4440 εἶδες.
1713 4380 1854 4449 Πρό-

1962 541 2109 594 clara
2139 553 2291 612 gesta
2327 558 2423 612 per
2447 557 2572 596 eum
2601 541 2855 597 Christus
2883 541 3235 611 operabatur.

2033 630 2122 685 18.
2161 629 2292 684 Post
2323 630 2463 684 duos
2501 645 2634 685 vero
2678 646 2790 685 suae
2840 633 2896 686 in
2952 631 3292 687 monasterio
3335 630 3534 700 praefe-

1961 729 2131 776 cturae
2170 736 2364 789 annos,
2407 722 2935 793 duo'pusillanimes
2990 723 3208 790 fratres,
3253 725 3533 778 communi

1962 813 2233 867 sententia
2278 827 2346 865 ex
2396 813 2734 867 monasterio
2787 814 3016 883 egressi,
3058 815 3262 869 reversi
3312 823 3438 870 sunt
3475 823 3535 868 ut

1961 916 2125 957 canes
2153 901 2219 954 ad
2251 901 2515 956 vomitum
2542 919 2725 969 suum,
2751 919 2874 958 sese
2896 903 3090 960 dantes
3137 905 3531 974 voluptatibus,

1959 994 2169 1048 deliciis
2195 1003 2249 1048 et
2278 994 2521 1049 lasciviis
2548 995 2711 1064 hujus
2735 995 2944 1052 sasculi.
2967 996 3065 1049 llis
3096 997 3393 1066 compertis
3426 1014 3536 1053 ser—

1959 1100 2061 1138 vus
2110 1084 2206 1140 Dei
2247 1085 2579 1151 Antiochus,
2634 1089 2866 1141 multum
2911 1104 3033 1144 sese
3066 1091 3385 1153 maceravit,
3419 1106 3534 1144 am-

1961 1177 2060 1233 bos
2109 1177 2235 1233 illos
2269 1178 2568 1248 deplorans
2607 1178 2827 1244 fratres,
2871 1196 2934 1234 ac
2967 1182 3258 1236 Dominum
3311 1185 3535 1239 illorum

1959 1283 2128 1324 causa
2165 1276 2422 1338 precatus
2440 1276 2544 1324 est.
2570 1269 2937 1326 Psallentibus
2967 1285 3145 1326 autem
3172 1275 3282 1328 illis
3312 1290 3533 1338 nonam,

1959 1359 2052 1414 ubi
2084 1375 2192 1413 una
2216 1375 2341 1414 cum
2371 1360 2634 1417 fratribus
2658 1378 2832 1432 genua
2853 1362 3123 1429 flectebat,
3161 1373 3350 1434 raptus
3371 1367 3534 1420 estin

1958 1451 2224 1514 exstasin,
2260 1453 2554 1522 animaque
2587 1454 2708 1524 ejus
2741 1455 3004 1524 arripitur
3035 1456 3102 1510 ab
3120 1458 3333 1525 angelo.
3366 1457 3536 1512 Multo

1958 1543 2144 1612 elapso
2173 1545 2436 1613 temporis
2459 1545 2657 1616 spatio,
2680 1561 2804 1599 cum
2837 1549 3076 1600 nondum
3109 1549 3532 1618 expergisceret,

1959 1637 2133 1706 surgit
2183 1637 2545 1694 secundarius
2603 1639 2745 1708 ejus,
2801 1640 3107 1710 leniterque
3166 1643 3419 1696 hortatur
3475 1651 3536 1695 ut

1959 1741 2236 1801 exsurgat,
2263 1733 2641 1803 orationisque
2673 1734 3040 1790 ministerium
3072 1738 3365 1805 persolvat.
3398 1736 3537 1791 Con-

1958 1822 2154 1890 spicati
2191 1830 2372 1878 autem
2415 1839 2518 1877 nec
2552 1838 2742 1878 vocem
2788 1841 2887 1880 nec
2927 1825 3170 1880 auditum
3203 1842 3345 1892 esse,
3374 1828 3537 1882 intel-

1958 1911 2136 1965 lexere
2159 1912 2422 1966 visionem
2448 1913 2600 1967 illum
2621 1914 3071 1983 contemplari,ac
3088 1917 3360 1986 completo
3377 1931 3538 1971 cano-

1959 2018 2028 2055 ne
2053 2003 2210 2071 211
2243 2003 2563 2059 abscessere
2593 2005 2660 2059 ab
2688 2006 2798 2059 illo.
2831 2005 2969 2060 Cum
3001 2016 3179 2061 autem
3229 2009 3539 2066 immineret

1959 2093 2091 2149 solis
2133 2109 2389 2158 occasus,
2432 2111 2558 2150 cum
2584 2098 2823 2151 clamore
2853 2101 2967 2155 ait:
2999 2101 3182 2155 Gloria
3214 2103 3334 2166 tibi,
3367 2103 3534 2168 Deus,

1958 2184 2130 2255 gloria
2151 2186 2268 2239 tibi.
2289 2185 2445 2242 Tunc
2479 2191 2713 2244 accessit
2745 2191 2926 2246 omnis
2961 2201 3138 2247 coetus
3171 2233 3184 2254 .
3217 2196 3540 2265 rogavitque

1960 2276 2095 2330 nihil
2122 2285 2180 2330 ut
2201 2278 2612 2334 celareteorum
2646 2297 2766 2350 quae
2787 2281 3047 2337 Dominus
3078 2285 3182 2338 sibi
3214 2287 3532 2342 revelassct.

1960 2365 2162 2422 Etcum
2183 2384 2293 2438 pra:
2312 2371 2724 2441 importunitate
2749 2373 2978 2427 fratrum
3000 2376 3176 2430 celare
3195 2392 3303 2430 non
3325 2388 3533 2450 posset,

1962 2458 2104 2512 facta
2122 2461 2273 2529 prius
2289 2463 2558 2525 oratione,
2580 2465 2652 2517 ita
2673 2480 2835 2520 orsus
2853 2474 2935 2520 est
2953 2486 2965 2521 :
2984 2465 3192 2537 Raptus
3210 2485 3304 2538 per
3319 2469 3535 2524 Domini

1959 2550 2190 2618 gratiam
2225 2551 2293 2605 ab
2312 2553 2504 2622 angelo
2541 2556 2664 2609 veni
2691 2555 2747 2608 in
2779 2572 2970 2626 agrum
2991 2561 3304 2627 quemdam.
3337 2559 3536 2616 Osten-

1959 2641 2147 2712 ditque
2180 2642 2272 2699 ille
2321 2645 2453 2698 mihi
2488 2646 2888 2702 adolescentem
2929 2649 3225 2718 quemdam
3279 2651 3532 2706 indutum

1960 2733 2201 2803 synthesi
2225 2748 2542 2789 croceorum
2567 2737 3036 2801 vestimentorum,
3065 2737 3158 2807 qui
3177 2739 3533 2808 quampluri-

1961 2837 2079 2876 mas
2110 2824 2366 2893 pascehat
2393 2841 2556 2880 oves:
2590 2836 2856 2895 erantque
2878 2840 3009 2880 oves
3037 2826 3142 2880 illa)
3185 2827 3530 2892 deliciantes,

1961 2915 2360 2985 admodumque
2382 2917 2720 2972 luxuriantes
2743 2925 2797 2972 et
2819 2917 3042 2983 hilares,
3063 2917 3189 2971 hinc
3214 2927 3376 2988 atque
3403 2918 3534 2973 hinc

1961 3007 2319 3062 exsultantes.
2345 3008 2575 3078 Ipseque
2611 3017 2796 3078 pastor
2831 3009 3060 3062 multum
3107 3008 3301 3062 hilaris
3325 3009 3376 3061 in
3401 3009 3532 3063 ovili

1962 3099 2189 3168 degebat
2211 3115 2333 3166 suo,
2384 3108 2436 3154 et
2468 3115 2597 3154 oves
2646 3099 2932 3154 circuibat.
2977 3097 3236 3168 Aliasque
3259 3099 3367 3152 vidi
3395 3114 3528 3154 oves

1961 3194 2300 3248 luxuriantes
2323 3200 2378 3247 et
2408 3191 2726 3247 deliciantes
2769 3207 2878 3246 uno
2932 3191 2987 3245 in
3038 3191 3178 3254 loco,
3223 3205 3323 3245 nec
3347 3202 3528 3246 tamen

1956 3284 2312 3339 exsultantes.
2344 3282 2544 3351 Aitque
2589 3282 2725 3335 mihi
2753 3300 2767 3336 :
2800 3281 2992 3338 Viden‘
3034 3282 3180 3336 hunc
3214 3285 3532 3352 pastorem?

1958 3373 2146 3439 Video,
2167 3375 2410 3445 inquam,
2440 3373 2688 3428 Domine.
2715 3372 2813 3428 Hic
2835 3382 2938 3440 est,
2958 3375 3055 3440 ait,
3079 3375 3304 3444 angelus
3345 3377 3532 3448 volup-

1955 3469 2084 3522 tatis
2103 3475 2157 3522 et
2185 3467 2434 3522 fallaciae.
2466 3466 2565 3521 llic
2593 3468 2779 3522 atterit
2813 3469 3022 3522 animas
3041 3483 3323 3523 servorum
3345 3469 3460 3532 Dei,
3478 3477 3534 3524 et

1967 3559 2168 3613 avertit
2186 3574 2215 3612 a
2231 3559 2476 3622 veritate,
2511 3559 2668 3613 malis
2690 3558 2967 3629 decipiens
2990 3560 3112 3613 illas
3133 3561 3532 3632 concupiscen-

1957 3649 2069 3714 tiis,
2088 3650 2142 3703 in
2159 3651 2357 3718 quibus
2376 3649 2482 3703 illa:
2503 3656 2732 3717 pereunt
2776 3650 3124 3705 immemores
3151 3651 3532 3706 mandatorum

1957 3742 2050 3796 Dei
2103 3741 2360 3805 viventis,
2398 3741 2821 3810 incedentesque
2864 3739 2920 3793 in
2964 3741 3120 3794 vanis
3157 3741 3530 3810 voluptatibus

1957 3841 2009 3885 et
2034 3830 2265 3886 fallaciis
2316 3831 2480 3900 hujus
2529 3831 2670 3884 vim.
2705 3829 3049 3900 QuaprOpter
3085 3831 3420 3900 dispereunt,
3461 3833 3531 3888 ab

1957 3923 2062 3978 hoc
2118 3924 2310 3994 angelo
2340 3924 2394 3978 in
2426 3932 2656 3980 mortem
2699 3933 2754 3980 et
2795 3924 3207 3994 corruptionem
3258 3925 3528 3981 deductae.

1958 4015 2095 4070 Tum
2127 4031 2227 4086 ego
2259 4035 2271 4070 :
2305 4015 2520 4086 Ignoro,
2556 4015 2802 4078 Domine,
2846 4015 2973 4084 quid
3007 4015 3080 4070 sit
3121 4015 3176 4069 in
3224 4027 3452 4071 mortem
3475 4024 3530 4071 et

1956 4107 2384 4176 corruptionem.
2423 4105 2675 4174 Dixitque
2706 4103 2877 4158 mihi:
2915 4104 3055 4159 Audi
3088 4113 3141 4160 et
3171 4105 3388 4176 percipe
3409 4123 3530 4176 quae

1957 4199 2107 4254 vides
2140 4217 2152 4251 :
2180 4196 2321 4252 Oves
2346 4196 2547 4251 hilares
2585 4196 2690 4250 illa:
2715 4202 2768 4250 et
2789 4195 3130 4251 exsultantes
3151 4234 3167 4259 ,
3196 4195 3250 4249 hi
3281 4207 3408 4251 sunt
3433 4197 3528 4266 qui

1957 4306 1986 4344 a
2017 4289 2126 4345 Deo
2156 4289 2221 4343 ad
2272 4288 2433 4344 finem
2477 4303 2652 4358 usque
2696 4287 2877 4342 avulsi
2909 4295 3058 4349 sunt.
3095 4296 3149 4343 et
3181 4303 3304 4343 sese
3324 4303 3530 4343 concu-

1957 4382 2240 4454 piscentiis
2289 4381 2455 4450 hujus
2501 4380 2686 4436 cumuli
2721 4379 3106 4436 (tradiderunt.
3136 4378 3194 4434 In
3226 4381 3309 4435 his
3345 4379 3530 4450 itaque

270 4473 405 4528 ϐατα
437 4472 603 4546 ἱλαρά
630 4471 729 4524 καὶ
759 4467 1063 4538 σκιρτῶντα
1088 4459 1232 4542 οὗτοί
1261 4471 1396 4522 εἰσιν
1422 4472 1471 4523 οἱ
1502 4471 1855 4540 ἀπεσπασμέ-

1960 4477 2109 4532 nulla
2125 4483 2210 4532 est
2226 4475 2550 4546 paenitentia
2572 4473 2665 4544 {de
2702 4472 2814 4528 vita
2840 4488 2962 4538 sua,
2997 4473 3124 4542 quia
3141 4475 3303 4528 etiam
3329 4488 3529 4527 nomen

270 4586 346 4622 νοι
368 4567 480 4622 ἀπὸ
495 4565 592 4618 τοῦ
616 4561 756 4616 Θεοῦ
773 4561 853 4624 είς
875 4559 1024 4622 τέλος
1048 4559 1140 4611 καὶ
1166 4561 1607 4630 παραδεδωκότες
1630 4564 1853 4624 ἑαυτοὺς

271 4664 386 4723 ταῖς
421 4656 748 4727 ἐπιθυμίαις
777 4651 872 4705 τοῦ
909 4651 1098 4712 αἰῶνος
1128 4650 1338 4706 τούτου.
1400 4654 1488 4706 Ἐν
1515 4655 1724 4717 τούτοις
1761 4649 1853 4707 οὖν

275 4753 534 4820 μετάνοια
560 4748 711 4817 ζωῆς
739 4745 840 4797 οὐκ
875 4743 1039 4805 ἐστιν,
1075 4745 1155 4796 ὅτι
1193 4744 1287 4795 καὶ
1311 4745 1372 4797 τὸ
1398 4744 1569 4816 ὄνομα
1590 4745 1684 4799 τοῦ
1717 4744 1851 4798 Θεοῦ

269 4843 331 4896 δι’
359 4845 564 4902 αὐτοὺς
595 4837 1018 4910 βλασφημεῖται.
1049 4835 1169 4886 Τῶν
1197 4835 1452 4888 τοιούτων
1480 4839 1512 4907 ή
1540 4836 1653 4907 ζωὴ
1687 4836 1850 4890 θάνα-

271 4936 354 5000 τός
387 4937 565 4988 ἐστιν.
605 4932 673 4982 Ἀ
709 4929 768 4980 δὲ
807 4923 944 4989 εἶδες
985 4926 1058 4997 μὴ
1101 4927 1424 4998 σκιρτῶντα,
1473 4929 1608 4982 ἀλλά
1657 4929 1751 4982 καὶ
1795 4931 1851 4981 ἐν

270 5027 414 5096 τόπῐρ
447 5022 765 5097 βοσκόμενα
785 5057 800 5082 ,
834 5014 978 5071 οῦτοί
1019 5021 1156 5071 εἰσιν
1196 5021 1244 5072 οἱ
1278 5022 1724 5092 παραδεδωκότες
1755 5025 1854 5092 μὲν

270 5120 331 5188 τῇ
358 5119 546 5188 τρυφῇ
581 5115 681 5167 καὶ
709 5109 895 5180 ἀπάτῃ
925 5111 1170 5174 ἑαυτοὺς,
1208 5112 1288 5174 εἰς
1319 5113 1376 5165 δὲ
1404 5113 1496 5166 τὸν
1539 5113 1741 5185 Κύριον
1776 5115 1850 5186 μὴ

269 5207 792 5278 βλασφημήσαντες.
817 5193 976 5254 Οὗτοι
995 5196 1087 5254 οῦν
1115 5202 1551 5274 κατεφθαρμένοι
1580 5205 1715 5256 εἰσὶν
1745 5206 1852 5258 ἀπὸ

265 5301 364 5371 τῆς
387 5298 689 5369 ἀληθείας·
730 5295 788 5346 ὲν
813 5293 1021 5356 τούτοις
1051 5293 1205 5357 ἐλπίς
1237 5295 1350 5346 ἐστι
1388 5296 1694 5364 μετανοίας,
1730 5299 1788 5348 ὲν

1957 4569 2174 4625 Domini
2228 4576 2454 4638 propter
2506 4566 2630 4621 illos
2676 4565 3110 4635 blasphematur.
3172 4565 3374 4618 Harum
3416 4564 3528 4619 vita

1957 4675 2106 4714 mors
2129 4665 2235 4716 est.
2262 4656 2413 4723 Quas
2441 4664 2622 4710 autem
2657 4655 2843 4710 vidisti
2864 4671 2975 4709 non
2999 4655 3359 4717 exsultantes,
3387 4661 3440 4709 et
3470 4653 3526 4707 in

1957 4752 2079 4807 loco
2109 4765 2211 4806 suo
2240 4755 2550 4819 pascentes,
2599 4746 2656 4799 hi
2682 4753 2810 4802 sunt
2839 4747 2930 4816 qui
2953 4761 3075 4802 sese
3107 4746 3322 4814 quidem
3369 4745 3524 4798 volu-

1958 4843 2094 4914 ptati
2122 4850 2176 4898 et
2209 4841 2436 4896 fallaciae
2486 4837 2762 4902 dedidere,
2822 4839 2916 4894 sed
2963 4839 3018 4891 in
3077 4837 3361 4891 Dominum
3411 4851 3522 4890 non

1957 4934 2422 5004 blasphemavere.
2452 4929 2518 4982 lli
2539 4929 2758 4999 quidem
2789 4928 3032 4996 corrupti
3059 4935 3113 4981 et
3139 4942 3169 4980 a
3189 4927 3414 4979 veritate
3436 4940 3524 4979 se-

1959 5025 2110 5080 ducti
2145 5031 2294 5087 sunt,
2328 5023 2382 5075 in
2408 5021 2495 5075 his
2539 5030 2716 5074 tamen
2775 5035 2899 5088 spes
2945 5029 3028 5074 est
3065 5017 3414 5088 pmnitentiaa,
3466 5017 3522 5070 in

1957 5133 2065 5187 qua
2092 5116 2274 5171 vivere
2329 5097 2574 5183 possunt.
2614 5110 2816 5164 Earum
2871 5111 3054 5178 itaque
3099 5108 3382 5176 corruptio
3414 5122 3524 5160 non

1957 5217 2043 5264 est
2081 5207 2198 5263 sine
2218 5221 2314 5275 spe
2350 5205 2774 5259 resurrectionis
2803 5245 2818 5268 ,
2853 5218 3026 5274 usque
3062 5201 3130 5256 ad
3154 5208 3365 5254 certum
3388 5206 3526 5252 tem-

1958 5299 2108 5371 poris
2133 5298 2388 5366 spatium.
2412 5295 2556 5351 Mors
2591 5305 2768 5350 autem
2799 5303 3060 5349 aeternum
3099 5299 3182 5347 est
3202 5291 3449 5346 exitium.

269 5393 519 5446 δύνανται
553 5390 746 5461 ζῆσαι.
781 5387 847 5438 Ἦ
876 5385 1190 5457 καταφθορά
1213 5381 1303 5439 οὖν
1333 5387 1522 5438 ἐλπίδα
1559 5388 1670 5458 ἔχει
1712 5391 2060 5455 ἀναστάσεως
2092 5390 2195 5452 ἕως
2220 5389 2364 5451 τινός
2389 5405 2400 5416 ·
2431 5388 2460 5438 6
2488 5387 2544 5440 δὲ
2606 5387 2832 5448 θάνατος
2889 5385 3162 5440 ἀπώλειαν
3216 5384 3329 5455 ἔχει
3387 5381 3520 5434 αἰώ-

270 5501 394 5538 νιον.

338 5579 452 5648 (80)
487 5578 589 5632 Hic
636 5578 798 5648 locus
823 5573 1015 5648 Latine
1048 5581 1258 5648 tantum
1306 5574 1683 5648 legiturrapud
1713 5577 1848 5632 Her-

271 5644 412 5701 mam
449 5650 736 5702 Pastorem
771 5646 808 5699 l.
837 5662 920 5705 In,
958 5645 1121 5698 simil.
1157 5646 1210 5706 6,
1240 5660 1294 5713 p.
1327 5644 1414 5706 65,
1445 5645 1532 5699 ubi
1573 5644 1652 5700 sic
1692 5648 1850 5702 habe-

272 5730 354 5770 tur
379 5738 390 5771 :
425 5718 497 5771 Et
530 5720 770 5773 venimus
799 5717 851 5768 in
872 5713 1148 5778 quemdam
1178 5731 1440 5782 campum,
1463 5725 1512 5768 et
1539 5717 1648 5768 illic
1676 5727 1848 5770 osten-

271 5790 344 5841 dit
384 5791 519 5842 mihi
565 5790 817 5860 juvenem
860 5795 1120 5854 pastorem
1162 5787 1397 5838 vestitum
1445 5787 1728 5854 synthesim
1768 5805 1848 5841 re-

1952 5577 2318 5631 stimentorum
2348 5571 2520 5624 colore
2554 5571 2810 5622 coccineo.
2853 5569 2916 5623 Et
2952 5583 3143 5624 caetera
3181 5569 3316 5624 bene
3351 5571 3523 5626 multa

1953 5661 2074 5716 quae
2112 5648 2345 5712 scriptor
2379 5643 2477 5695 iste
2517 5639 2712 5716 δι’δι’.
2737 5639 2971 5716 _Hermae
3006 5649 3176 5700 textu,
3207 5640 3298 5707 qui
3343 5641 3522 5697 adhuc

1955 5710 2237 5786 supererat
2261 5728 2358 5766 suo
2385 5727 2516 5786 aevo,
2548 5710 2618 5786 ad
2642 5710 2862 5786 verbum
2895 5718 3172 5765 mutuatus
3202 5717 3300 5764 est.

2025 5780 2134 5855 (8|)
2165 5783 2405 5851 llerinas,
2429 5781 2497 5836 ad
2527 5780 2884 5851 defectionem.
