3920 6504
572 369 676 424 585

1691 365 1750 420 S.
1785 361 2247 420 ATHANASIUS.
2287 395 2358 404 -—
2395 363 2669 422 SPURIA.
3716 373 3795 428 εει

649 478 970 536 19.Βιιιέιιε
1018 479 1296 550 paululum
1346 479 1741 550 processimus,
1785 491 1840 536 et
1894 482 2126 537 ostendiI

2314 482 2400 538 l9.
2449 481 2618 536 Πάλιν
2667 479 2982 553 προέϐημεν
3038 481 3266 554 μικρὸν,
3301 483 3397 536 καὶ
3440 481 3682 536 δείκνυσί
3727 503 3796 555 μοι

574 573 708 628 mihi
737 574 901 627 alium
943 580 1219 641 pastorem
1253 578 1465 626 statura
1517 572 1830 642 praealtum,
1866 571 2141 644 elleraque

574 665 774 735 specie,
810 663 1057 718 indutum
1093 661 1318 732 caprina
1348 662 1498 733 pelle
1526 663 1672 728 alba,
1700 664 1795 734 qui
1831 679 2018 734 peram
2039 664 2143 718 ba-

572 752 734 812 hebat
759 756 986 810 humero
999 755 1331 824 impositam,
1356 768 1419 808 ac
1430 756 1737 824 pra-duram
1770 756 2143 827 nodosamque

571 847 802 918 virgam,
839 855 1102 915 torvoque
1124 854 1240 900 erat
1261 853 1508 916 aspectu,
1539 847 1614 900 ita
1639 855 1700 901 ut
1728 847 2139 904 reformidarem

573 939 744 995 illum.
767 937 865 992 Hic
886 937 1066 1009 itaque
1086 945 1274 1008 pastor
1300 953 1430 994 oves
1448 939 1658 1010 accepit
1680 956 1708 993 a
1728 942 1904 1010 primo
1919 948 2142 1012 pastore

569 1028 666 1083 illo
724 1028 1090 1092 adolescente,
1143 1029 1265 1084 illas
1307 1028 1537 1094 scilicet,
1586 1030 1927 1095 deliciautes,
1981 1031 2141 1085 luxu-

570 1117 798 1184 riantes,
827 1133 928 1173 nec
942 1119 1304 1183 exsultantes,
1339 1133 1403 1172 ac
1436 1118 1674 1189 conjecit
1711 1120 1833 1176 illas
1866 1121 1918 1175 in
1951 1137 2140 1191 quem-

570 1207 695 1262 dam
723 1217 1058 1279 praeruptum
1079 1209 1285 1272 locum,
1303 1210 1480 1280 spinis
1493 1218 1546 1265 et
1559 1211 1783 1266 tribulis
1801 1213 2137 1282 perplexum,

571 1299 646 1354 ita
697 1307 756 1354 ut
813 1316 921 1355 non
957 1312 1181 1372 possent
1233 1318 1363 1357 oves
1408 1317 1439 1356 a
1474 1303 1694 1359 tribulis
1729 1302 1837 1358 illis
1865 1314 1918 1359 et
1965 1305 2139 1374 spinis

568 1405 692 1446 sese
713 1392 1005 1457 extricare,
1042 1392 1137 1446 sed
1177 1392 1232 1446 in
1278 1393 1411 1462 ipsis
1437 1394 1919 1464 complicarentur,
1950 1409 2014 1450 ac
2045 1396 2141 1450 mi-

569 1483 798 1538 serrime
839 1494 1080 1553 agerent,
1147 1484 1344 1538 abillo
1402 1485 1565 1538 etiam
1614 1485 1918 1551 lancinata,
1977 1493 2139 1555 atque

568 1577 716 1631 ultro
757 1577 1006 1646 citroque
1054 1576 1368 1647 compulsaa.
1405 1575 1620 1630 Nullam
1677 1577 1915 1647 denique
1941 1591 2138 1632 conce-

568 1667 730 1724 debat
760 1670 1023 1738 requiem,
1055 1684 1158 1723 nec
1213 1676 1273 1723 ut
1310 1669 1548 1744 quodam
1593 1669 1716 1724 loco
1751 1671 2132 1726 consisterent.

566 1759 704 1815 Cum
733 1760 853 1815 illas
875 1762 950 1814 ita
987 1761 1297 1816 verberatas
1325 1769 1379 1816 et
1431 1761 1629 1817 misere
1659 1760 1888 1816 aﬂlictas
1921 1763 2136 1832 conspi-

2240 573 2426 643 ἕτερον
2455 571 2686 642 ποιμένα
2720 570 2914 641 μέγαν,
2948 571 3025 636 ώς
3055 573 3244 645 ἄγριον
3284 575 3352 643 τῇ
3404 573 3548 644 ἰδέα,
3583 577 3793 644 περικεξ-

2244 679 2403 734 μενον
2424 661 2596 733 δέρμα
2616 660 2822 729 αίγειον
2849 660 3063 724 λευκὸν,
3079 663 3176 715 καὶ
3193 663 3375 733 πήραν
3403 662 3528 715 τινά
3552 658 3699 733 εἶχεν
3724 665 3793 716 ἐπὶ

2239 753 2331 806 τὸν
2355 747 2504 823 ὦμον
2523 752 2617 805 καὶ
2643 751 2836 822 ῥάϐδον
2865 750 3107 822 σκληρὰν
3132 751 3251 805 λίαν
3270 753 3366 804 καὶ
3387 749 3548 815 ὄζους
3569 752 3793 821 ἔχουσαν-

2240 845 2336 898 καὶ¹
2363 845 2425 897 τὸ
2473 843 2690 914 βλέμμα
2719 839 2832 914 εἶχε
2881 843 3096 916 πικρὸν,
3121 843 3261 896 ὥστε
3292 842 3594 916 φοϐηθῆναι
3631 861 3698 913 με
3723 846 3794 897 αύ-

2238 939 2350 991 τόν.
2386 930 2554 1000 οὗτος
2591 933 2685 990 οὖν
2715 939 2745 990 6
2793 936 2996 1007 ποιμὴν
3030 936 3422 1007 παρελάμϐανε
3454 935 3524 990 τά
3570 937 3793 1007 πρόϐατε

2239 1029 2346 1082 ἀπὸ
2387 1027 2480 1080 τοῦ
2516 1028 2774 1098 ποιμένος
2805 1027 2900 1080 τοῦ
2928 1026 3147 1099 πρώτου
3176 1027 3270 1082 τοῦ
3296 1028 3607 1091 νεανίσκου,
3640 1030 3795 1083 tum

2236 1117 2307 1170 τὰ
2353 1115 2709 1170 σπαταλῶντα
2755 1117 2852 1170 καὶ
2895 1116 3206 1186 τρυφῶντα,
3245 1115 3322 1187 μὴ
3378 1115 3690 1188 σκιρτῶντα
3733 1118 3792 1182 δὲ,

2237 1208 2333 1261 καὶ
2355 1207 2572 1260 ἔϐαλλεν
2601 1207 2739 1262 αύτά
2768 1206 2848 1270 εἷς
2873 1224 2994 1260 τινα
3018 1207 3183 1260 τόπον
3213 1207 3511 1278 κρημνώδη
3541 1208 3639 1262 καὶ
3662 1209 3795 1262 ἀκαν-

2239 1297 2379 1371 θώδη
2403 1301 2502 1356 καὶ,
2521 1298 2820 1369 τριϐολώδη
2840 1315 2854 1328 ⁸
2883 1297 3025 1352 ὥστε
3046 1298 3155 1353 ἀπὸ
3174 1299 3283 1352 τῶν
3305 1299 3557 1352 ἀκανθῶν
3585 1301 3682 1352 καὶ⁸
3703 1318 3793 1370 τρι-

2237 1391 2407 1445 ϐόλων
2443 1391 2516 1463 μὴ
2547 1390 2806 1445 δύνασθαι
2838 1390 3101 1454 ὲκπλέξαι
3144 1391 3214 1444 τά
3248 1390 3516 1462 πρόϐατα,
3567 1392 3792 1460 ἀλλ’.ὲμ-

2236 1483 2529 1536 πλέκεσθαι
2557 1485 2676 1546 ταῖς
2710 1481 2973 1545 ἀκάνθαις
3001 1481 3097 1534 καὶ
3122 1481 3394 1551 τριϐόλοις
3423 1482 3518 1535 καὶ
3544 1482 3665 1535 λίαν
3692 1483 3790 1534 ἑταο

2235 1572 2544 1645 λαιπώρουν
2575 1574 2870 1644 δαιρόμενα
2915 1574 3006 1626 ὑπ’
3038 1573 3203 1626 αὐτοῦ
3250 1574 3346 1627 καὶ
3386 1567 3488 1628 ὦδε
3521 1575 3681 1626 κάκεῖ
3709 1590 3786 1626 πε-

2237 1664 2535 1743 ριέλαυνεν,
2581 1663 2723 1717 αὐτὰ
2780 1665 2873 1717 καὶ
2916 1663 3053 1728 ὅλως
3107 1664 3413 1718 ἀνάπαυσιν
3473 1664 3657 1727 αὐτοῖς
3711 1667 3788 1717 οὐκ

2235 1756 2437 1823 ἐδίδου,
2491 1757 2610 1809 οὐδὲ
2655 1757 2888 1809 ἵσταντο.
2942 1756 3168 1808 Βλέπων
3208 1752 3302 1810 οὖν
3339 1754 3480 1809 αύτά
3520 1756 3631 1824 ἐγὼ
3669 1757 3786 1808 οῦτιυ

567 1867 747 1908 cerem
770 1891 786 1917 ,
815 1852 1064 1908 dolebam
1089 1868 1189 1922 pro
1216 1853 1323 1907 illis
1366 1853 1494 1922 quia
1539 1852 1695 1908 valde
1718 1853 2126 1918 cruciabantur,

2235 1849 2604 1920 μαστιζόμενα
2635 1849 2730 1903 καὶ
2761 1849 3236 1920 ταλαιπωροῦντα,
3255 1849 3568 1919 ἐλυπούμην
3600 1851 3683 1901 ἐπ’
3714 1851 3786 1900 αύ-

567 1961 668 2001 nec
740 1944 1201 2000 intermissionem
1265 1945 1431 1998 ullam
1515 1945 1806 2000 habebant.
1865 1945 2126 2015 Angelum

2233 1946 2364 2008 τοῖς,
2391 1945 2473 1997 ὅτι
2495 1940 3079 2008 οὕτως-ἐϐασανίζοντο
3105 1944 3200 1997 καὶ
3228 1942 3424 2014 ἀνοχὴν
3448 1941 3584 2004 ὅλως
3615 1942 3707 1993 οὐκ
3728 1937 3784 1993 εἷ-

566 2053 745 2092 meum
794 2038 1101 2106 loquentem
1139 2047 1510 2108 percunctor:
1541 2037 1769 2091 Domine
1797 2078 1812 2103 ,
1872 2039 1996 2108 quis
2045 2037 2126 2092 hic

2233 2053 2348 2106 χον.
2392 2037 2504 2089 Καὶ
2533 2035 2678 2104 λέγω
2709 2035 2787 2106 τῷ
2819 2035 3037 2106 ἀγγέλῳ
3064 2035 3140 2106 τῷ
3190 2037 3306 2106 μετ’
3346 2032 3482 2105 ἐμοῦ
3526 2032 3781 2086 λαλοῦντι·

566 2136 753 2198 pastor
797 2137 902 2198 est,
947 2130 1022 2184 ita
1076 2129 1301 2184 immitis
1329 2138 1383 2184 et
1405 2129 1681 2186 acerbus?
1710 2129 1906 2201 Aitque
1952 2129 2084 2183 mihi
2113 2149 2128 2186 :

564 2217 664 2272 llic
692 2227 774 2273 est
795 2219 1020 2289 angelus
1051 2221 1298 2284 ultionis,
1333 2220 1427 2290 qui
1455 2236 1486 2276 e
1531 2235 1762 2275 numero
1791 2229 1876 2276 est
1914 2222 2134 2292 angelo-

562 2327 682 2365 rum
709 2313 1006 2380 justorum,
1041 2313 1372 2368 constitutus
1404 2313 1468 2366 ad
1494 2313 1779 2368 ultionem.
1800 2313 1900 2368 llic
1931 2313 2132 2384 excipit

557 2415 655 2454 eos
684 2401 774 2470 qui
809 2415 839 2453 a
873 2399 983 2454 Deo
1009 2400 1358 2464 aberrarunt,
1396 2409 1446 2454 et
1471 2401 1814 2454 incesserunt
1841 2401 1894 2452 in
1921 2414 2130 2454 concu-

559 2491 846 2562 piscentiis
875 2491 1009 2546 suis.
1043 2492 1220 2561 Atque
1249 2491 1374 2546 illos
1401 2505 1499 2559 pro
1556 2493 1750 2546 merito
1781 2505 1880 2546 suo
1909 2489 2131 2544 ulcisci-

559 2589 667 2648 tur,
707 2581 982 2634 atrocibus
1039 2591 1093 2636 et
1140 2580 1310 2635 variis
1363 2581 1604 2650 allligens
1638 2581 1935 2650 suppliciis.
1990 2579 2128 2634 Tum

557 2688 658 2741 ego
690 2688 704 2724 :
742 2671 896 2727 Scire
915 2672 1097 2743 cupio,
1129 2672 1375 2739 Domine,
1415 2688 1537 2744 quae
1553 2680 1607 2727 et
1639 2673 1819 2742 qualia
1847 2673 1957 2726 sint
1979 2673 2130 2728 varia

559 2765 652 2818 illa
686 2765 973 2834 supplicia.
999 2763 1174 2831 Audi,
1206 2763 1386 2834 inquit
1443 2765 1554 2830 ille,
1587 2764 1739 2818 varia
1781 2764 2048 2834 supplicia
2075 2771 2128 2819 et

557 2866 848 2922 tormenta,
882 2857 1169 2911 saecularia
1195 2863 1325 2912 sunt
1350 2854 1796 2910 tormenta.Cum
1829 2855 1972 2910 enim
2008 2870 2128 2910 sese

2233 2128 2426 2200 Κύριε,
2459 2127 2543 2192 τίς
2580 2131 2726 2181 ἐστιν
2767 2121 2921 2191 οὗτος
2962 2129 2991 2180 6
3028 2126 3254 2198 ποιμὴν,
3285 2128 3313 2180 ό
3340 2125 3682 2194 ἄσπλαγχνος
3712 2124 3784 2176 καὶ

2230 2221 2460 2292 πικρός;
2507 2219 2617 2272 Καὶ
2641 2219 2789 2287 λέγει
2826 2234 2950 2290 μοι·
2985 2210 3158 2281 Οὗτός
3190 2218 3337 2270 ἐστιν
3450 2215 3679 2285 ἄγγελος
3705 2217 3784 2283 τῆς

2229 2310 2496 2382 τιμωρίας
2514 2325 2528 2338 ο
2567 2311 2631 2361 ὲκ
2662 2309 2718 2361 δὲ
2745 2307 2856 2363 τῶν
2886 2307 3131 2376 ἀγγέλων
3163 2308 3270 2360 τῶν
3303 2306 3526 2360 δικαίων
3551 2305 3688 2368 ἐστὶ,
3713 2321 3782 2356 τε·

2228 2400 2500 2471 ταγμένος
2545 2400 2602 2453 δὲ
2643 2400 2736 2453 ἐπὶ
2768 2401 2865 2471 τῆς
2903 2398 3192 2470 τιμωρίας.
3248 2399 3673 2471 Παραλαμϐάνει
3710 2393 3783 2450 οὖν

2228 2492 2355 2554 τοὺς
2387 2490 2866 2562 ἀποπλανηθέντας
2895 2491 3005 2545 ἀπὸ
3031 2491 3126 2544 τοῦ
3155 2489 3290 2544 Θεοῦ
3321 2491 3415 2543 καὶ⁹
3448 2489 3782 2560 πορευθέντας

2227 2586 2349 2648 ταῖς
2383 2583 2699 2653 ἐπιθυμίαις
2730 2582 2928 2647 αὐτῶν,
2959 2584 3053 2634 καὶ
3078 2585 3397 2653 τιμωρεῖται
3432 2583 3649 2644 αὐτοὺς,
3672 2580 3780 2634 καθ-

2229 2674 2306 2738 ὼς
2329 2673 2466 2739 ἄξιοί
2489 2676 2645 2738 εἰσιν,
2672 2676 2872 2737 δειναῖς
2893 2673 2988 2726 καὶ⁸
3010 2672 3280 2735 ποικίλαις
3304 2671 3619 2742 τιμωρίαις.
3649 2670 3780 2736 Λέγω

2228 2765 2404 2836 αὐτῷ·
2445 2764 2671 2828 Ἤθελον
2712 2765 2936 2834 γνῶναι,
2968 2763 3162 2835 Κύριε,
3191 2763 3289 2825 τὰς
3322 2762 3577 2824 ποικίλας
3608 2759 3780 2821 ταύτας

2224 2857 2516 2928 τιμωρίας,
2540 2857 2781 2911 ποταπαί
2808 2859 2965 2910 εἰσιν.
2997 2857 3216 2921 Ἀκουε,
3248 2856 3412 2927 φησίν
3432 2871 3447 2883 ⁸
3476 2856 3543 2906 At
3568 2852 3779 2906 ποικίλαι

556 2945 806 3003 homines
832 2962 864 3001 a
885 2945 994 3003 Deo
1024 2946 1422 3018 scparaverint,
1455 2948 1560 3001 rati
1583 2962 1644 3002 se
1676 2947 1732 3001 in
1753 2947 1935 3017 quiete
1957 2955 2011 3002 et
2040 2945 2126 3000 di-

2226 2948 2484 3018 τιμωρίαι
2530 2949 2625 3002 καὶ
2663 2948 2886 3019 βάσανοι
2921 2947 3169 3018 βιωτικαί
3197 2948 3304 3000 είσι
3343 2946 3591 3017 βάσανοι.
3634 2943 3778 2997 Ἐπὰν

555 3037 703 3093 vitiis
727 3046 1064 3102 versaturos,
1115 3045 1247 3092 tunc
1273 3051 1462 3108 pinnas
1490 3037 1668 3102 luunt,
1693 3044 1748 3092 et
1781 3037 1873 3091 alii
1907 3037 2126 3107 quidem

2226 3040 2333 3112 γάρ
2385 3039 2661 3094 ἀποστῶσι
2709 3039 2806 3093 τοῦ
2856 3039 2989 3093 Θεοῦ
3037 3040 3348 3111 νομίζοντες
3397 3040 3458 3091 ὲν
3502 3036 3778 3091 ἀναπαύσει

555 3131 879 3197 multantur,
925 3132 1017 3185 alii
1049 3131 1204 3202 egeni
1250 3131 1509 3198 evadunt,
1541 3131 1636 3185 alii
1684 3132 1741 3184 in
1781 3131 2123 3186 inﬁrmitates

2226 3129 2363 3186 εἶναι
2413 3133 2508 3187 καὶ
2555 3131 2790 3202 πλούτῳ,
2824 3132 2944 3186 τότε
2973 3131 3340 3202 τιμωροῦνται
3365 3131 3416 3183 οί
3453 3129 3553 3201 μὲν
3580 3127 3778 3200 ζημιού-

553 3220 817 3290 plurimas
869 3219 1073 3274 cadunt
1110 3226 1163 3274 et
1215 3219 1272 3273 in
1307 3219 1630 3287 seditiones,
1681 3221 1774 3274 alii
1803 3221 1872 3275 ab
1906 3219 2124 3277 inferio-

2231 3243 2400 3296 μενοι,
2425 3226 2474 3278 οί
2505 3225 2562 3278 δὲ
2594 3222 2999 3296 ὑστερούμενοι,
3028 3225 3080 3277 οἱ
3109 3224 3166 3277 δὲ
3197 3223 3504 3286 ἀσθενείαις
3537 3221 3778 3280 ποικίλαις

554 3311 708 3367 ribus
740 3311 1072 3367 contumelia
1105 3309 1434 3376 adiciuntur,
1468 3320 1522 3366 et
1555 3311 1663 3365 alia
1685 3312 1752 3366 iis
1775 3310 1975 3367 similia
1989 3327 2123 3368 con—

2226 3317 2664 3389 περιπίπτοντες,
2697 3317 2844 3372 ἄλλοι
2870 3319 2928 3371 ὲν
2955 3316 3402 3378 ἀκαταστασίαις,
3435 3314 3613 3385 ἕτεροι
3644 3312 3775 3381 ὕϐριν

555 3403 791 3473 tingunt.
820 3400 1046 3456 Plurimi
1082 3417 1318 3473 namque
1363 3403 1457 3472 qui
1519 3403 1850 3458 tumultuose
1891 3405 2122 3459 consilia

2226 3406 2442 3476 ζόμενοι
2485 3406 2590 3459 ὑπὸ
2623 3407 2942 3471 ἐλαττόνων,
2979 3407 3074 3459 καὶ
3105 3405 3318 3477 ἑτέραις
3358 3404 3631 3466 ποικίλαις
3660 3403 3776 3474 πρά-

555 3495 856 3565 agitant,in
886 3495 1058 3548 multa
1083 3496 1300 3565 negotia
1320 3495 1712 3565 conjiciuntur,
1743 3495 1990 3566 nihilque
2012 3497 2121 3554 illis

2226 3496 2357 3563 ξεσι.
2392 3496 2586 3549 Πολλοὶ
2612 3496 2722 3568 γὰρ
2755 3497 3160 3559 ἀκαταστάντες
3203 3497 3260 3549 ὲν
3303 3499 3424 3559 ταῖς
3452 3496 3662 3566 βουλαῖς
3689 3495 3773 3546 αξ.-

552 3601 812 3656 prospere
835 3585 1003 3650 cadit,
1030 3585 1177 3656 quod
1202 3587 1422 3658 indigne
1455 3586 1636 3643 ferunt
1676 3589 1810 3658 ipsi:
1843 3589 2124 3658 ignorant-

549 3693 657 3747 que
690 3679 811 3732 ideo
845 3678 1103 3733 seminus
1136 3694 1398 3748 prospere
1430 3695 1546 3734 rem
1581 3696 1759 3750 agere,
1794 3681 1942 3752 quod
1977 3683 2121 3736 mala

549 3771 710 3841 212
737 3771 1104 3840 perpetrarint
1131 3789 1144 3823 :
1176 3785 1240 3825 ac
1270 3771 1490 3826 demum
1521 3771 1811 3828 Dominum
1841 3775 2117 3839 incusant,

547 3877 649 3915 nec
667 3862 939 3916 sustinent
992 3861 1218 3932 reliquis
1261 3863 1388 3918 vitae
1437 3880 1550 3919 sua:
1600 3865 1793 3921 diebus
1847 3866 1913 3920 ad
1950 3863 2130 3922 Deum'

548 3957 798 4010 converti
819 3963 985 4025 atque
1021 3955 1099 4009 illi
1132 3971 1268 4025 puro
1321 3955 1487 4012 cci-de
1519 3959 1743 4013 servire.
1771 3957 1926 4024 Quod
1956 3959 2001 4013 si
2031 3975 2120 4013 re-

549 4047 809 4116 sipiscant
849 4044 1334 4115 pmnitcntiamque
1384 4053 1565 4114 agant,
1627 4053 1758 4099 tunc
1809 4047 2119 4115 intelligunt

549 4139 691 4191 mala
721 4151 819 4192 sua
849 4151 1015 4205 opera
1046 4135 1100 4188 in
1126 4151 1292 4190 causa
1328 4135 1499 4191 fuisse
1539 4136 1684 4206 quod
1719 4151 1830 4190 non
1858 4151 2119 4207 prospere

551 4244 661 4282 rem
695 4229 987 4297 gesserint,
1023 4235 1186 4296 atque
1225 4227 1299 4280 ita
1330 4225 1562 4282 Domino
1591 4229 1822 4298 gloriam
1847 4227 2114 4291 referunt,

550 4326 610 4373 ut
631 4320 780 4388 justo
806 4319 998 4389 judici,
1037 4333 1066 4371 a
1099 4334 1207 4388 quo
1260 4317 1385 4386 jure
1426 4317 1630 4385 adlicti,
1657 4327 1712 4373 et
1750 4319 1907 4386 juxta
1951 4332 2117 4386 opera

552 4423 649 4461 sua
681 4407 932 4477 castigati
962 4414 1110 4462 sunt.
1140 4407 1280 4461 Audi
1335 4407 1516 4477 itaque
1550 4409 1660 4462 vim
1678 4410 1987 4478 utriusque,
2020 4425 2117 4462 vo-

551 4499 776 4569 luptatis
799 4499 1010 4554 scilicet
1040 4507 1093 4553 et
1124 4499 1400 4568 supplicii.
1433 4499 1743 4568 Voluptatis
1779 4498 2116 4568 fallaciasque

549 4605 658 4642 una
687 4599 770 4644 est
795 4588 963 4655 hora;
1021 4587 1277 4658 supplicii
1329 4597 1509 4642 autem
1540 4589 1686 4643 hora:
1711 4588 1934 4658 triginta
1956 4630 1970 4652 ,
1995 4603 2116 4657 qua:

549 4681 760 4736 dierum
798 4681 904 4735 vim
938 4682 1156 4735 habent.
1185 4679 1388 4750 Siquis
1410 4696 1540 4751 ergo
1575 4681 1664 4735 die
1700 4696 1807 4734 una
1848 4681 2113 4751 voluptati

547 4786 702 4830 vacet
739 4782 796 4829 et
826 4790 923 4844 pro
962 4789 1023 4830 ea
1048 4790 1106 4829 re
1134 4788 1259 4828 cum
1287 4788 1354 4827 eo
1383 4774 1780 4843 expostuletur,
1814 4781 1976 4844 atque
2007 4789 2116 4828 uno

547 4866 636 4921 die
673 4865 970 4931 crucietur,
1001 4865 1116 4920 dies
1174 4868 1265 4920 illa
1304 4866 1583 4921 cruciatus
1621 4866 1751 4920 anni
1780 4865 1978 4937 integri
2004 4869 2112 4921 vim

547 4958 730 5012 habet.
754 4956 898 5023 Quot
927 4957 1092 5026 igitur
1109 4958 1342 5028 quisque
1375 4956 1494 5011 dies
1517 4957 1784 5027 voluptati
1827 4973 1947 5012 sese
1969 4957 2116 5013 dedi-

547 5048 706 5108 derit,
737 5054 818 5100 tot
849 5046 1007 5100 annis
1037 5047 1394 5101 cruciabitur.
1437 5045 1596 5102 Vides
1633 5062 1764 5117 ergo
1815 5049 2110 5118 voluptatis

545 5147 599 5192 οι
628 5135 853 5191 fallaciae
875 5143 1090 5205 tempus
1121 5136 1255 5189 nihil
1285 5151 1427 5196 esse.
1457 5137 1710 5205 supplicii
1748 5152 1878 5192 vero
1905 5145 1960 5192 et
1986 5153 2112 5191 cru-
2166 5193 2172 5199 _

547 5227 723 5281 cintus
753 5226 1151 5296 longissimum.
1185 5223 1289 5290 Qui
1325 5225 1587 5294 voluptati
1614 5233 1772 5280 vacat
1795 5232 1850 5281 et
1884 5225 2111 5279 fallaciae

547 5315 882 5386 hujusmodi,
916 5329 978 5368 ac
1009 5329 1106 5384 pro
1138 5313 1361 5369 libidine
1393 5315 1544 5384 agit,
1575 5315 1622 5370 is
1646 5329 1839 5385 magna
1885 5315 2110 5370 indutus

545 5414 630 5460 est
653 5404 910 5460 amentia.
955 5405 1058 5459 Pro
1090 5405 1366 5474 voluptate
1403 5421 1641 5474 namque
1683 5416 1739 5463 et
1769 5407 1985 5463 fallacia
2014 5423 2112 5462 cu-

543 5493 742 5565 jusque
774 5495 1174 5569 diei,magnum
1200 5499 1310 5552 luet
1337 5498 1687 5568 supplicium,
1721 5514 1927 5553 annum
1955 5501 2109 5554 scili-

547 5594 634 5642 cet
679 5602 779 5656 pro
817 5591 1060 5660 qualibet
1107 5591 1214 5646 die.
1245 5591 1474 5663 Dixique
1527 5593 1717 5664 angelo
1747 5612 1759 5646 :
1788 5593 1993 5658 Quales
2016 5609 2111 5647 vo-

617 5741 728 5815 (82)
754 5742 946 5815 Vulgo,
975 5747 1134 5798 ύποϐ.
1173 5745 1378 5800 None.

2219 3589 2329 3642 τῶν
2364 3589 2742 3644 ἐπιϐάλλονται
2772 3590 2855 3653 είς
2884 3589 3054 3643 πολλά
3085 3589 3382 3660 πράγματα
3407 3590 3502 3642 καὶ
3530 3589 3672 3642 οὐδὲν
3696 3588 3772 3640 αύ-

2221 3683 2331 3743 τοίς
2361 3679 2496 3743 ὅλως
2527 3680 2808 3734 ἀποϐαίνει
2835 3680 2967 3751 (82),
3016 3681 3110 3735 καὶ
3155 3681 3582 3751 δυσχεραίνουσι,
3615 3682 3697 3733 καὶ
3718 3680 3770 3731 οὗ

2221 3770 2596 3840 γινώσκουσιν,
2640 3773 2722 3825 ὅτι
2757 3770 2845 3824 διὰ
2876 3774 2944 3826 τά
2975 3773 3186 3844 πονηρά
3213 3773 3249 3826 ἀ
3284 3772 3523 3844 ἔπραξαν
3561 3775 3652 3826 οὐκ
3694 3775 3768 3825 εὖ·

2220 3863 2462 3917 οδοῦνται
2509 3864 2604 3918 καὶ
2647 3863 2831 3917 λοιπὸν
2873 3864 3154 3919 αἰτιῶνται
3198 3865 3289 3918 τὸν
3333 3865 3536 3934 Κύριον
3568 3865 3654 3918 καὶ
3684 3865 3768 3917 0'33

2219 3955 2501 4026 ἀνέχονται
2539 3955 2636 4020 τάς
2678 3955 2871 4019 λοιπὰς
2901 3955 3112 4026 ἡμέρας
3151 3955 3330 4008 αὐτῶν
3367 3955 3766 4026 ἐπιστρέψαντες

2217 4047 2498 4100 δουλεῦσαι
2529 4046 2607 4118 τῷ
2650 4046 2769 4117 Θεῷ
2796 4049 2854 4101 ἐν
2885 4047 3098 4118 καθαρᾷ
3129 4046 3341 4118 καρδίᾳ.
3388 4049 3485 4100 Ἂν
3525 4047 3580 4100 δὲ
3624 4063 3764 4116 μετα-

2219 4138 2451 4206 νοήσωσι
2491 4135 2583 4188 καὶ
2627 4136 2940 4207 ἀνανήψωσι
2961 4175 2976 4199 ,
3008 4138 3127 4189 τότε
3160 4137 3410 4191 συνιῶσιν
3431 4175 3446 4199 ,
3472 4137 3555 4189 ὅτι
3591 4136 3668 4189 διὰ
3708 4136 3764 4187 τὲ

2219 4225 2354 4298 ἔργα
2383 4226 2560 4280 αὐτῶν
2595 4227 2662 4278 τὰ
2698 4227 2908 4298 πονηρὰ
2940 4228 3040 4279 ούκ
3072 4227 3366 4281 εὐωδοῦντο
3409 4230 3505 4280 καὶ⁵
3538 4227 3670 4280 οὕτω
3694 4226 3762 4277 ὁο-

2220 4315 2437 4381 ξάξουσι
2470 4318 2558 4371 τὸν
2595 4318 2819 4389 Κύριον,
2851 4319 2932 4371 ὅτι
2971 4317 3174 4383 δίκαιος
3201 4320 3392 4390 κριτής
3423 4321 3562 4386 ἐστι,
3595 4320 3678 4373 καὶ
3702 4318 3764 4370 δι-

2219 4407 2386 4473 καίως
2426 4408 2645 4473 ἔπαθον,
2692 4410 2787 4463 καὶ
2823 4410 3220 4480 ὲπαιδεύθησαν
3267 4410 3407 4464 κατά
3440 4411 3538 4474 τάς
3569 4409 3763 4482 πράξεις

2217 4499 2395 4553 αὐτῶν
2431 4501 2563 4571 (85).
2602 4501 2797 4552 Ἀκουε
2827 4497 2918 4554 οὖν
2949 4503 3272 4573 ἀμφοτέρων
3295 4503 3394 4574 τὴν
3420 4503 3663 4573 δύναμιν,
3684 4499 3759 4568 τῆς

2221 4593 2431 4662 τρυφῆς
2458 4594 2552 4645 καὶ
2590 4592 2688 4662 τῆς
2718 4592 2972 4662 βασάνου.
3009 4595 3118 4664 Τῆς
3148 4594 3360 4665 τρυφῆς
3396 4597 3490 4647 καὶ
3530 4595 3624 4665 τῆς
3651 4594 3760 4645 Emi-
3785 4605 3802 4634 ι

2221 4699 2318 4752 της
2347 4685 2375 4735 6
2418 4684 2606 4754 χρόνος
2654 4683 2772 4753 ὥρα
2803 4684 2919 4736 ἐστὶ
2968 4685 3085 4754 μία,
3129 4687 3226 4754 τῆς
3275 4684 3330 4736 δὲ
3383 4685 3613 4754 βασάνου
3650 4686 3758 4754 ὧραι

2219 4774 2510 4846 τριάκοντα
2547 4773 2769 4843 ἡμερῶν
2805 4773 3031 4844 δύναμιν
3069 4775 3301 4844 ἔχουσαι.
3358 4777 3484 4829 Ἐὰν
3527 4773 3616 4830 οὖν
3661 4775 3757 4845 μίαν

2221 4865 2434 4936 ἡμέραν
2466 4881 2551 4926 τις
2588 4865 2837 4934 τρυτήσῃ
2866 4866 2958 4916 καὶ
2991 4865 3288 4935 ἀπαιτηθῇ,
3330 4866 3457 4935 μίαν
3486 4866 3541 4918 δὲ
3582 4867 3756 4936 ἡμέραν

2223 4956 2538 5028 βασανισθῇ,
2574 4956 2820 5009 ἐνιαυτοῦ
2864 4958 3158 5028 ὁλοκλήρου
3209 4959 3360 5027 ἰσχὺν
3394 4957 3507 5026 ἔχει
3543 4960 3574 5028 ἡ
3609 4955 3754 5028 ἡμέρας

2219 5049 2398 5120 ἐκείνη
2425 5050 2522 5120 τῆς
2557 5049 2804 5119 βασάνου.
2838 5050 3008 5112 Ὅσας
3037 5046 3128 5102 οὖν
3157 5050 3368 5119 ἡμέρας
3397 5051 3643 5120 τρυφήση
3673 5064 3752 5106 τις.

2217 5139 2498 5203 τοσούτους
2550 5143 2824 5206 ἐνιαυτοὺς
2870 5141 3341 5211 βασανισθήσεται.
3397 5140 3621 5202 Βλέπεις
3665 5133 3751 5193 οὖν.

2217 5229 2297 5282 ὅτι
2323 5230 2424 5298 τῆς
2450 5232 2660 5302 τρυφῆς
2686 5233 2777 5284 καὶ
2819 5233 3032 5301 ἀπάτης
3058 5234 3086 5284 6
3120 5232 3306 5300 χρόνος
3335 5229 3487 5284 οὐδὲν
3515 5233 3650 5291 ἐστι,
3677 5227 3752 5294 τῆς

2217 5321 2271 5373 δὲ
2293 5324 2556 5392 τιμωρίας
2583 5326 2675 5377 καὶ
2709 5324 2940 5393 βασάνου
2973 5324 3156 5386 πολύς.
3205 5323 3260 5375 '0
3285 5322 3506 5392 τρυφῶν
3529 5324 3617 5378 καὶ
3641 5324 3749 5374 άπα-

2217 5412 2457 5482 τώμενος
2488 5417 2578 5468 καὶ
2612 5419 2870 5487 πράσσων
2899 5417 2934 5473 ἃ
2969 5417 3215 5486 βούλεται
3250 5415 3452 5486 πολλὴν
3476 5414 3750 5486 ἀφροσύνην

2218 5503 2486 5558 ὲνδέδυται
2503 5523 2514 5535 ·
2547 5507 2666 5558 ἀντὶ
2693 5507 2802 5577 γὰρ
2825 5508 2923 5577 τῆς
2947 5508 3160 5579 τρυφῆς
3193 5509 3285 5561 καὶ
3309 5509 3525 5577 ἀπάτης
3548 5508 3750 5573 ἑκάστης

2219 5595 2428 5666 ἡμέρας
2489 5598 2734 5652 ἀποτίσει
2796 5599 3024 5668 βάσανον
3088 5599 3363 5670 μεγάλην,
3414 5597 3650 5653 ἐνιαυτὸν
3696 5594 3746 5663 τῇ

619 5813 730 5886 (85)
759 5813 1175 5887 Βίεόοιιψιιπο
1205 5817 1549 5886 omittuntur,
1579 5833 1697 5889 quae
1731 5820 1982 5890 leguntur
2012 5819 2155 5889 apud
2171 5821 2455 5896 .l-lermam.
