3920 6518
192 450 301 507 585

1211 441 1557 499 DOCTRINA
1597 439 1688 495 AD
1725 438 2128 498 ANTIOCIIUM
2169 445 2424 504 DUCEM.

3333 465 3436 519 586

190 571 398 647 ἡμέρᾳ.
446 573 557 628 Καὶ
593 571 736 638 λέγω
782 570 859 642 τῷ
911 570 1160 642 ἀγγέλῳ’
1208 571 1365 624 Ποῖαι
1413 568 1614 642 τρυφαί
1662 569 1743 620 είσ

1872 564 2106 638 luptates
2147 572 2322 626 noxia:
2370 581 2520 638 sunt,
2568 574 2737 630 dicito
2787 577 2937 633 mihi.
2987 577 3158 635 Omne
3213 584 3436 640 carnale

191 667 489 739 βλαϐεραὶ,
534 667 659 737 λέγε
705 683 816 737 μοι.
866 667 1021 719 Πᾶσα
1047 663 1240 736 πρᾶξις
1284 663 1540 735 σαρκικὴ,
1587 662 1767 733 τρυφή

187 762 306 813 ἐστι
327 759 463 831 (84).
497 758 612 812 Νῦν
651 759 821 830 ἡδέως
851 761 995 811 ποιεῖ
1024 758 1211 828 αὐτήν.
1245 755 1336 828 ['0
1363 753 1495 826 γὰρ]
1521 753 1770 824 ὀξύχολος

182 853 263 924 τῷ
290 851 494 909 ἐαυτοῦ
523 853 686 906 πάθει
711 852 772 905 τὸ
805 851 984 904 ἱκανὸν
1013 850 1181 903 ποιῶν
1211 849 1411 920 τρυφᾷ,
1446 847 1646 918 ὁμοίως
1675 846 1768 899 καὶ

181 947 211 998 6
247 945 445 1016 μοιχὸς
473 946 567 998 καὶ
606 945 635 996 6
676 943 905 1016 μέθυσος
935 946 1028 997 καὶ
1065 945 1094 996 6
1131 940 1428 1003 κατάλαλος
1457 940 1550 992 καὶ
1578 941 1606 992 6
1633 938 1766 1008 ψεύ-

183 1053 323 1106 στης
370 1041 467 1089 καὶ
497 1038 525 1089 6
553 1035 879 1106 πλεονέκτης
921 1035 1014 1088 καὶ
1055 1037 1084 1088 6
1125 1031 1500 1105 ἀποστερητὴς
1539 1030 1633 1084 καὶ
1665 1031 1764 1084 ὅσα

177 1127 434 1181 τοιαῦτα.
466 1126 726 1198 Τρυφῶσι
767 1127 876 1197 γάρ
915 1129 974 1179 ἐν
1015 1129 1080 1198 τῇ
1116 1124 1294 1178 αὐτῶν
1339 1123 1552 1195 πράξει.
1578 1115 1764 1176 ιΑὖται

177 1218 233 1270 δέ
266 1220 331 1270 αἱ
367 1219 599 1288 πράξεις
645 1217 903 1288 βλαϐεραί
935 1219 1042 1270 είσι
1084 1219 1194 1279 τοῖς
1236 1215 1442 1277 δούλοις
1479 1213 1571 1267 τοῦ
1603 1213 1760 1266 Θεοῦ.

178 1313 305 1365 Εἰσὶ
335 1312 394 1364 δὲ
419 1313 516 1364 καί
540 1312 738 1382 τρυφαὶ
767 1309 1034 1374 σώζουσαι
1057 1309 1180 1372 τοὺς
1208 1308 1543 1380 ἀνθρώπους.
1570 1305 1762 1359 Πολλοὶ⁵

175 1406 290 1478 γὰρ
316 1404 500 1473 ἀγαθά
538 1402 892 1476 ἐργαζόμενοι
918 1401 1215 1474 τρυφῶσιν.
1239 1399 1386 1472 Αὕτη
1411 1397 1501 1454 οῦν
1523 1401 1555 1472 ἡ
1576 1399 1757 1471 τρυφὴ

174 1501 292 1558 τοῖς
319 1496 532 1559 δούλοις
553 1495 644 1548 τοῦ
672 1493 806 1546 Θεοῦ
827 1496 1193 1564 περιποιεῖται
1219 1491 1382 1562 ζωὴν,
1415 1493 1470 1545 αἱ
1496 1491 1553 1544 δέ
1582 1507 1761 1561 προει-

176 1591 420 1661 ρημέναι
459 1588 664 1660 τρυφαὶ
707 1586 959 1656 βάσανον.
1010 1583 1194 1637 Ταῦτά
1239 1599 1327 1654 μοι
1374 1580 1690 1653 φανερώσας
1728 1581 1757 1634 6

173 1683 413 1750 ἄγγελος
463 1678 771 1750 ἀπέστρεψέ
817 1694 882 1748 με
913 1678 993 1739 είς
1026 1675 1115 1728 τὸν
1147 1675 1308 1728 τόπον
1345 1692 1466 1745 μου.
1506 1673 1755 1738 Δοξάσω-

176 1793 278 1845 μεν
315 1771 435 1837 οῦν,
465 1772 704 1840 ἀδελφοὶ,
742 1771 837 1842 τὴν
866 1769 959 1823 τοῦ
988 1768 1121 1822 Θεοῦ
1161 1766 1598 1838 φιλανθρωπίαν·
1639 1765 1757 1830 πῶς

175 1866 537 1939 μακρόθυμος
568 1865 660 1916 καὶ
697 1861 1069 1931 εὐσπλαγχνός
1103 1862 1250 1912 ἐστιν
1271 1860 1364 1912 ἐπὶ
1401 1863 1467 1931 τῇ
1514 1859 1752 1931 τοσαύτῃ

170 1955 345 2024 κακίᾳ.
377 1954 489 2006 τῶν
521 1951 841 2018 ἀνθρώπων.
878 1949 1036 2021 Αὐτῷ
1065 1952 1098 2020 ἡ
1126 1949 1251 2014 δόξα
1292 1951 1372 2013 εἰς
1397 1952 1524 2013 τοὺς
1552 1949 1754 2012 αἰῶνας

168 2046 279 2098 τῶν
310 2044 552 2099 αἰώνων.
570 2044 764 2116 Ἀμήν.

237 2138 333 2192 20.
375 2137 489 2191 Καὶ
529 2137 643 2208 μετ’
675 2136 850 2206 ὀλίγον
874 2137 1064 2209 χρόνον
1087 2133 1136 2190 οἱ
1167 2135 1260 2189 δύο
1285 2134 1505 2204 ἀδελφοὶ
1538 2135 1586 2188 οἱ
1615 2133 1755 2199 ἐξελο

169 2228 355 2290 θόντες
390 2227 487 2281 τοῦ
533 2227 892 2299 μοναστηρίου
919 2227 1180 2281 ἐνέπεσαν
1218 2229 1299 2292 είς
1327 2225 1630 2299 πειρασμὸν
1661 2227 1753 2279 καὶ

168 2321 400 2390 θλίψις.
433 2319 526 2390 Τῷ
558 2320 666 2388 γάρ
689 2321 771 2372 ἐνί
797 2318 954 2383 ἐλκος
987 2319 1226 2391 ἀνεφάνη
1264 2321 1344 2384 είς
1371 2318 1468 2390 τὴν
1490 2317 1749 2390 πλευρὰν,

168 2413 262 2467 καὶ
307 2411 572 2465 εἰσελθὼν
611 2414 692 2475 εἰς
734 2414 1078 2482 νοσοκομεῖον
1116 2413 1197 2474 είς
1241 2410 1333 2464 δύο
1367 2411 1542 2481 μῆνας
1569 2411 1750 2482 τρίτον

167 2503 569 2576 ἐχειρουργήθη
612 2502 716 2556 ὑπὸ
756 2503 849 2557 τοῦ
888 2503 1104 2576 ίατροῦ,
1151 2503 1245 2557 καὶ
1274 2503 1394 2556 οὐδὲ
1426 2503 1597 2566 οὕτως
1633 2502 1752 2556 ἐθε-

169 2595 442 2669 ραπεύθη.
475 2594 567 2665 Τῷ
599 2594 655 2647 δὲ
693 2594 861 2666 ἑτέρῳ
890 2593 1183 2665 ἐμπεσόντι
1216 2594 1352 2665 μετά
1383 2593 1492 2646 τῶν
1528 2610 1748 2646 στασια-

166 2688 304 2743 στῶν
337 2687 546 2757 συνέϐη
577 2685 732 2758 νώτῳ
762 2688 856 2740 καὶ
887 2687 1064 2758 κοιλίᾳ
1099 2685 1496 2756 μαστιγωθέντι
1536 2685 1749 2757 σιδηρο-

160 2784 385 2854 δέσμιον
423 2780 760 2853 ἐμϐληθῆναι
803 2783 862 2834 ἐν
908 2782 973 2851 τῇ
1027 2778 1276 2850 φυλακῇ,
1321 2779 1416 2831 καὶ¹
1463 2780 1521 2832 ἐν
1567 2779 1745 2832 σκότει

159 2875 371 2942 διάγειν
410 2873 505 2925 ἐπὶ
534 2873 734 2935 πολλὰς
767 2870 1001 2943 ἡμέρας.
1042 2870 1180 2922 Ἀλλ’
1210 2869 1393 2940 ἐπειδὴ
1422 2871 1455 2942 ή
1485 2868 1618 2941 εὐχὴ
1649 2869 1744 2923 τοῦ

159 2968 305 3021 ὁσίου
337 2965 559 3038 Πατρὸς
591 2964 862 3034 Ἀντιόχου
892 2962 1160 3016 ἐδυσώπει
1184 2962 1273 3016 τὸν
1297 2963 1562 3034 ἐλεήμονα
1590 2963 1742 3027 Θεὸν,

163 3059 280 3131 μεθ’
315 3057 542 3130 ἡμέρας
571 3056 767 3110 ἔδωκεν
807 3058 836 3109 6
871 3056 1124 3126 Χριστὸς,
1153 3055 1246 3108 καὶ
1275 3055 1536 3127 ἐξεϐλήθη
1576 3057 1634 3108 ἐν
1675 3057 1741 3128 τῇ

159 3153 406 3223 φυλακῇ.
447 3150 558 3204 Καὶ
585 3149 746 3202 πάλιν
785 3151 1009 3213 ἐκεῖνος,
1045 3146 1292 3201 ἀπελθὼν
1322 3150 1380 3201 ἐν
1409 3147 1488 3219 τῷ
1528 3164 1745 3201 νοσοκο-

1871 675 2008 730 opus
2037 663 2286 733 voluptas
2317 674 2400 720 est
2428 682 2441 717 :
2466 681 2590 720 nam
2614 667 2928 732 iracundus,
2957 685 3080 724 cum
3099 689 3197 728 suo
3218 673 3433 730 atl‘ectui

1869 752 2001 808 facit
2049 755 2207 821 satis,
2239 757 2570 827 voluptatem
2601 759 2830 830 percipit
2860 776 2873 814 :
2907 762 3268 834 similiterque
3297 782 3432 822 mm-

1867 846 2025 910 chus,
2078 849 2431 916 temulentus,
2485 851 2857 917 obtrectator,
2904 855 3158 921 mendax,
3211 865 3429 922 avarus,

1866 939 2235 1007 defraudatur,
2270 951 2324 997 et
2368 944 2412 1000 si
2453 944 2546 1014 qui
2581 945 2693 999 alii.
2735 945 3072 1018 Voluptatem
3107 963 3340 1020 namque
3374 949 3430 1003 in

1865 1047 1966 1086 suo
1994 1047 2156 1102 opere
2180 1034 2505 1104 percipiunt.
2545 1035 2670 1091 llaec
2703 1047 2881 1093 autem
2935 1057 3100 1110 opera
3127 1041 3287 1095 noxia
3313 1055 3431 1097 ser-

1864 1128 1947 1182 vis
1969 1126 2062 1181 Dei
2110 1134 2256 1183 sunt.
2296 1129 2435 1182 Sunt
2469 1137 2646 1184 autem
2677 1138 2730 1186 et
2755 1132 3059 1202 voluptates
3091 1132 3290 1202 quibus
3330 1131 3428 1187 ho-

1863 1221 2039 1276 mines
2069 1221 2302 1276 salutem
2329 1231 2762 1292 consequuntur.
2818 1223 2972 1277 Multi
3020 1239 3255 1293 namque
3283 1223 3425 1278 bona

1861 1313 2138 1382 operando
2158 1315 2490 1384 voluptatem
2522 1315 2745 1372 habent.
2787 1315 2919 1381 Quae
2962 1317 3214 1386 voluptas
3249 1314 3426 1371 servis

1861 1404 1956 1460 Dei
1986 1405 2149 1460 vitam
2175 1407 2497 1477 adipiscitur
2525 1425 2539 1474 ;
2571 1408 2846 1477 prmdictzn
2879 1417 3058 1463 autem
3094 1408 3424 1477 voluptates,

1859 1500 2182 1554 cruciatum.
2209 1498 2333 1554 Haec
2361 1515 2484 1554 cum
2532 1500 2662 1554 mihi
2714 1499 3048 1554 declarasset
3089 1501 3337 1568 angelus,
3367 1500 3424 1552 in

1857 1608 2038 1648 meum
2072 1608 2157 1648 me
2201 1593 2380 1646 locum
2418 1593 2655 1649 reduxit.
2702 1591 2943 1648 Gloriam
2983 1592 3165 1662 itaque
3219 1590 3424 1646 refera-

1857 1702 2001 1749 mus,
2027 1685 2244 1751 fratres,
2273 1686 2576 1742 clementia:
2599 1685 2714 1751 Dei,
2744 1687 2840 1758 qui
2873 1687 2943 1740 ita
2967 1686 3292 1757 longanimis
3314 1693 3420 1750 est,

1856 1781 1930 1834 ita
1962 1780 2276 1836 misericors
2299 1795 2428 1852 erga
2447 1789 2650 1835 tantam
2682 1781 2965 1836 hominum
2996 1780 3276 1836 malitiam.
3309 1780 3422 1850 Ipsi

1855 1877 2025 1949 gloria
2055 1877 2108 1931 in
2140 1876 2338 1932 saecula
2375 1877 2715 1931 saeculorum.
2755 1875 2946 1930 Amen.

1921 2143 2012 2199 20.
2047 2141 2258 2199 Modico
2288 2148 2467 2196 autem
2519 2141 2706 2212 elapso
2761 2148 3022 2210 tempore,
3051 2139 3161 2194 duo
3194 2139 3274 2194 illi
3305 2138 3417 2192 fra-

1851 2245 1965 2295 tres
1986 2239 2080 2308 qui
2103 2253 2171 2292 ex
2201 2234 2534 2290 monasterio
2580 2235 2786 2305 egressi
2834 2233 3073 2301 fuerant,
3102 2233 3418 2288 inciderunt

1853 2332 1908 2386 in
1969 2329 2326 2384 tentationem
2370 2334 2424 2383 et
2461 2327 2517 2381 in
2558 2327 2918 2381 calamitates.
2949 2323 3122 2380 Alteri
3147 2323 3293 2379 enim
3319 2332 3416 2378 "ex-

1850 2421 2020 2477 crevit
2080 2420 2238 2474 ulcus
2269 2419 2336 2472 ad
2368 2418 2533 2482 latus,
2577 2425 2740 2487 atque
2787 2416 3068 2487 ingressus
3091 2418 3147 2469 in
3181 2429 3416 2470 nosoco-

1849 2514 2018 2567 mium
2063 2525 2158 2567 seu
2211 2508 2550 2563 infirmorum
2586 2508 2882 2577 hospitium
2917 2507 3058 2561 intra
3091 2505 3229 2560 duos
3259 2517 3414 2558 men-

1849 2621 1936 2661 ses
1958 2613 2040 2660 ter
2065 2603 2260 2660 medici
2289 2619 2452 2658 manu
2479 2605 2725 2665 curatus,
2752 2613 2928 2668 neque
2951 2598 3025 2651 ita
3047 2604 3272 2651 sanatus
3305 2603 3410 2649 est.

1847 2692 1998 2746 Alter
2031 2707 2158 2748 vero
2180 2708 2303 2747 cum
2335 2692 2390 2746 in
2417 2690 2708 2746 seditiosos
2751 2688 3054 2748 incidisset,
3086 2685 3331 2749 adorso,
3356 2691 3413 2740 et

1847 2798 1878 2837 a
1907 2792 2099 2839 ventre
2143 2785 2482 2846 verberatus.
2547 2782 2690 2838 ferro
2750 2788 2983 2836 onustus
3031 2779 3086 2834 in
3133 2793 3409 2842 carcerem

1846 2875 2125 2944 conjectus
2154 2882 2257 2940 est,
2282 2882 2445 2944 atque
2474 2875 2528 2928 in
2552 2872 2792 2929 tenebris
2817 2871 2962 2942 degit
2987 2869 3170 2924 multis
3192 2869 3406 2924 diebus.

1845 2964 1984 3020 Cum
2018 2974 2196 3020 autem
2215 2966 2392 3021 oratio
2455 2965 2628 3019 sancti
2676 2963 2855 3018 Patris
2895 2961 3153 3017 Antiochi
3185 2961 3412 3015 misera-

1845 3067 2016 3115 torem
2065 3059 2233 3116 Deum
2269 3060 2559 3130 placasset,
2608 3056 2814 3111 Christi
2866 3055 3125 3110 beneficio
3175 3053 3409 3109 eductus

1843 3147 1934 3202 ille
1951 3164 2016 3202 ex
2040 3162 2279 3214 carcere,
2316 3163 2440 3202 cum
2471 3146 2538 3200 ad
2583 3145 2958 3202 nosocomium
2993 3145 3253 3208 venisset,
3289 3142 3404 3196 fra-

161 3247 321 3315 μείῳ,
351 3243 436 3296 ἔτι
465 3243 524 3294 ἐν
557 3243 623 3313 τῇ
649 3239 898 3311 ἀλγηδόνι
929 3240 1055 3293 ὅντα
1085 3239 1176 3293 τὸν
1204 3239 1425 3309 ἀδελφὸν
1450 3238 1742 3294 διαϐαστά-

1847 3244 1982 3293 trem
2013 3238 2177 3293 alium
2225 3239 2402 3292 adhuc
2423 3236 2613 3294 dolore
2645 3236 3000 3296 laborantem,
3025 3236 3244 3306 paulum
3285 3250 3406 3291 sus-

157 3337 264 3402 ζων
315 3335 503 3402 ὀλίγον
544 3337 612 3404 τῇ
662 3334 805 3404 χειρὶ
848 3333 1261 3404 ἀναπαυόμενον
1305 3335 1510 3405 ήγαγεν
1554 3336 1636 3398 εἰς
1682 3335 1742 3389 τὸ

159 3429 526 3499 μοναιιτήριον
545 3443 558 3456 ο
585 3427 679 3480 καὶ
702 3425 778 3488 ώς
808 3426 1077 3496 ἐσήμανεν
1109 3427 1134 3478 6
1161 3425 1426 3498 θυρωρὸς,
1455 3419 1582 3498 εὗρε
1616 3427 1741 3491 τοὺς

155 3520 426 3590 ἀδελφοὺς
469 3519 576 3590 πρὸ
618 3517 712 3570 τοῦ
760 3517 1050 3582 πυλεῶνος,
1092 3518 1185 3571 καὶ
1213 3519 1614 3590 εὐχαριστήσας
1661 3522 1740 3590 τῷ

156 3609 530 3684 φιλανθρώπῳ
561 3608 680 3680 Θεῷ
707 3608 920 3675 ἐδέξατο
943 3607 1158 3673 αὐτούς.
1188 3609 1297 3662 Καὶ
1333 3610 1498 3680 εὐχὴν
1527 3611 1611 3662 ἐπ’
1646 3610 1742 3663 αὐο

151 3705 280 3767 τοὺς
309 3703 551 3774 ποιήσας
573 3700 915 3772 παραχρῆμα
949 3700 1118 3772 ὑγιεῖς
1151 3698 1230 3770 τῷ
1258 3697 1467 3770 σώματι
1495 3699 1737 3753 ἀποκατ-

156 3795 376 3866 ἔστησε.
422 3794 534 3846 Καὶ
588 3791 770 3845 λοιπὸν
813 3790 1196 3862 μετανοοῦντες
1232 3790 1316 3858 ἐφ’
1357 3785 1438 3854 οἷς
1496 3789 1735 3861 ἔπραξαν

156 3887 213 3938 ἐν
258 3878 433 3955 πολλῇ
475 3883 710 3952 ἀσκήσει
750 3880 1074 3954 δακρύοντές
1113 3899 1172 3934 τε
1207 3881 1300 3934 καὶ
1333 3880 1737 3952 ἀγρυπνοῦντες

153 3977 428 4032 διετέλουν
453 3978 516 4028 ἐν
543 3974 713 4044 πολλῇ
741 3973 1226 4046 ταπεινοφροσύνῃ.
1259 3974 1367 4026 Καὶ
1419 3971 1561 4026 οὕτω
1597 3972 1734 4043 μετά

151 4071 301 4140 τρεῖς
325 4067 610 4130 ἐνιαυτοὺς
647 4065 761 4136 μετ’
793 4066 1012 4136 εἰρήνης
1049 4065 1143 4117 καὶ
1173 4064 1385 4134 ἀγαθῆς
1409 4062 1733 4134 ἐξομολογή-

153 4178 292 4226 σεως
328 4157 710 4230 ἐκοιμήθησαν
739 4159 797 4210 ἐν
839 4157 1059 4228 Χριστῷ
1101 4156 1310 4228 Ἰησοῦ,
1339 4151 1383 4225 ᾧ
1423 4158 1456 4228 ἡ
1487 4157 1614 4222 δόξα
1654 4159 1734 4220 είς

152 4255 282 4316 τοὺς
315 4250 542 4313 αἰῶνας.
583 4249 774 4321 Ἀμήν.

218 4343 311 4398 21.
357 4343 583 4396 Ἀλλοτε
613 4341 922 4414 καθημένου
956 4341 1050 4394 καὶ
1077 4340 1538 4410 ἀναγινώσκοντος
1566 4341 1728 4396 αὐτοῦ

151 4435 249 4506 τὴν
277 4434 464 4506 βίϐλον
484 4431 596 4487 τῶν
621 4431 848 4486 ἐντολῶν
872 4431 964 4485 τοῦ
985 4433 1133 4486 όσίου
1164 4432 1376 4504 Πατρὸς
1398 4435 1492 4487 καὶ⁴
1520 4433 1734 4486 ἐπισκό-

155 4543 254 4578 που
300 4522 624 4578 Ἀθανασίου
667 4521 805 4594 μετά
835 4522 1017 4592 φωνῆς
1046 4521 1138 4574 καὶ
1167 4521 1359 4592 ἡδονῆς
1393 4522 1613 4594 πολλῆς,
1650 4520 1729 4587 εἷς

152 4615 260 4669 τῶν
308 4613 589 4683 ἀδελφῶν,
632 4612 1043 4685 ἀκροασάμενος
1094 4613 1334 4683 ἀκριϐῶς
1381 4613 1529 4678 ὅλας,
1577 4614 1723 4684 λέγει
1756 4600 1800 4655 Ῑ)

153 4707 299 4778 αὐτῷ
333 4707 448 4778 (85)
472 4723 486 4736 ⁸
534 4724 553 4757 ι
581 4705 752 4776 Κύριε
774 4746 789 4772 ,
813 4706 869 4758 αί
903 4703 1113 4758 ἐντολαὶ
1156 4695 1314 4758 αὗται
1358 4705 1589 4775 μεγάλαι
1633 4709 1726 4761 καὶ

153 4800 310 4856 καλαὶ
361 4800 458 4852 καὶ
509 4797 730 4852 δυναταί
778 4798 902 4859 εἰσι,
935 4795 1230 4868 δυνάμεναι
1280 4797 1547 4868 εὐφρᾶναι
1626 4799 1725 4871 τὴν

153 4895 377 4967 καρδίαν
391 4891 487 4946 τοῦ
512 4891 806 4963 δυναμένου
837 4891 1074 4962 τηρῆσαι
1105 4891 1291 4953 αὐτάς.
1321 4892 1432 4946 Οὐκ
1457 4888 1592 4958 οῖδα,
1629 4893 1726 4947 κύ-

157 5002 258 5057 ριε,
299 4987 349 5039 εί
387 4984 640 5038 δύνανται
682 4985 736 5036 αἱ
781 4982 990 5035 ἐντολαὶ
1028 4975 1187 5036 αὗται
1227 4983 1332 5036 ὑπὸ
1365 4983 1574 5037 πολλῶν
1625 5002 1726 5053 φυ-

156 5077 439 5148 λαχθῆναι,
481 5076 615 5130 διότι
639 5074 870 5147 σκληραί
905 5076 1060 5128 εἰσιν.
1093 5093 1113 5127 ι
1145 5073 1449 5146 Ἐμϐλέψας
1471 5074 1526 5128 δὲ
1563 5076 1724 5130 αὐτὸν

155 5175 182 5226 6
221 5173 405 5237 δοῦλος
449 5171 543 5225 τοῦ
585 5170 717 5224 Θεοῦ
771 5170 907 5241 μετά
949 5169 1147 5241 πολλῆς
1188 5170 1487 5241 αὐστηρίας
1531 5167 1717 5226 εἶπεν·

160 5264 454 5335 (Ἀνανδρε
475 5304 492 5330 ,
525 5260 850 5334 ἀκηδιαστά,
887 5259 1096 5332 ρᾴθυμε
1143 5260 1236 5314 καὶ
1279 5261 1595 5333 όλιγόψυχε,
1622 5263 1722 5317 οὐκ

154 5347 320 5419 οἶδας,
367 5354 474 5418 ὅτι,
519 5353 616 5407 ἐὰν
657 5355 714 5406 ἐν
755 5353 837 5406 σοὶ
883 5351 1060 5424 ἐαυτῷ
1115 5354 1309 5426 προθῇ,
1357 5356 1438 5408 ὃτι
1474 5355 1724 5410 δύνανται

155 5444 491 5516 φυλαχθῆναι
513 5484 528 5510 ,
557 5443 792 5508 εὐκόλως
817 5444 986 5509 αὐτάς
1023 5444 1294 5514 φυλάξεις,
1332 5447 1425 5500 καὶ
1452 5448 1552 5500 οὐκ
1576 5447 1725 5502 ἔσον-

155 5554 241 5591 ται
283 5537 547 5610 σκληραίς
591 5538 654 5590 El
689 5537 747 5591 δὲ
785 5537 958 5608 ἀναϐῇ
998 5538 1088 5590 ἐπὶ
1118 5538 1214 5610 τὴν
1243 5539 1469 5612 καρδίαν
1507 5558 1599 5595 σου
1646 5543 1721 5616 μὴ

154 5629 413 5686 δύνασθαι
473 5631 647 5697 αὐτὰς
710 5632 816 5685 ὐπὸ
877 5632 1164 5704 ἀνθρώπου
1228 5634 1598 5709 φυλαχθῆναι,
1660 5639 1721 5694 οὐ

228 5808 342 5878 (ει)
373 5807 477 5878 Hic
510 5808 789 5878 paululum
822 5809 998 5862 variat
1032 5815 1239 5866 textus.

1843 3338 2082 3398 tentans,
2113 3347 2387 3402 manuque
2419 3331 2522 3388 sibi
2544 3332 2812 3396 innixum,
2841 3328 3068 3384 deduxit
3113 3327 3180 3382 ad
3214 3343 3402 3382 mona-

1841 3422 2102 3497 sterium:
2143 3438 2206 3477 ac
2231 3438 2355 3477 cum
2387 3424 2464 3478 illi
2509 3438 2624 3477 rem
2666 3422 2963 3477 indicasset
3012 3422 3296 3485 ostiarius,
3321 3420 3405 3474 in-

1839 3519 1988 3576 venit
2012 3524 2139 3572 ante
2168 3517 2369 3571 ostium
2397 3517 2592 3572 fratres
2615 3516 2758 3582 illos,
2791 3515 3103 3586 gratiasque
3121 3514 3403 3569 hominum

1840 3613 2043 3668 amanti
2079 3611 2189 3666 Deo
2213 3625 2400 3680 agens,
2460 3607 2710 3663 homines
2759 3606 3018 3676 suscepit.
3053 3609 3228 3675 Atque
3262 3604 3403 3658 facta

1839 3719 2004 3774 super
2023 3703 2131 3757 illis
2161 3700 2429 3761 oratione,
2465 3699 2648 3754 statim
2681 3698 2900 3753 sanitati
2935 3712 3212 3766 corporeae
3239 3697 3398 3752 resti-

1837 3799 1960 3852 tuit.
2017 3795 2097 3850 Ac
2141 3793 2356 3848 demum
2381 3791 2757 3862 penitentiam
2810 3800 3030 3860 agentes
3073 3788 3140 3842 de
3184 3789 3401 3844 delictis

1836 3891 1972 3955 suis,
1996 3888 2052 3942 in
2091 3886 2261 3940 multa
2285 3883 2698 3948 exercitatione,
2726 3882 3005 3952 lacrymis,
3031 3882 3252 3952 vigiliis,
3283 3895 3402 3934 ma-

1836 3993 2047 4050 gnaque
2069 3975 2377 4030 humilitate
2400 3979 2840 4043 perseverarunt.
2878 3970 3200 4042 Elapsisque
3223 3970 3401 4027 tribus

1835 4069 2016 4133 annis,
2052 4081 2175 4122 cum
2192 4081 2325 4136 pace
2341 4074 2395 4120 et
2424 4065 2564 4119 bona
2581 4063 2950 4126 confessione,
2986 4061 3398 4118 obdormicrunt

1833 4164 1889 4218 in
1916 4162 2134 4219 Christo
2155 4160 2311 4224 Jesu,
2343 4159 2430 4214 cui
2467 4157 2637 4228 gloria
2685 4157 2743 4212 in
2776 4158 2996 4213 saecula.
3028 4157 3220 4213 Amen.

1901 4342 1992 4397 21.
2036 4339 2158 4394 Alio
2192 4348 2432 4410 tempore
2485 4337 2707 4393 sedente
2737 4333 2830 4388 illo
2861 4348 2925 4388 ac
2956 4334 3165 4402 legente
3197 4332 3396 4388 librum

1834 4441 2228 4505 praeceptorum
2280 4430 2456 4486 sancti
2487 4429 2665 4484 Patris
2718 4435 2772 4483 et
2809 4426 3054 4498 episcopi
3110 4424 3396 4480 Athanasii

1833 4530 1941 4584 alta
1969 4542 2100 4583 voce
2127 4535 2181 4582 et
2212 4543 2335 4582 cum
2361 4524 2554 4598 grandi
2601 4524 2902 4594 voluptate,
2947 4521 3167 4593 quidam
3191 4536 3256 4576 ex
3283 4520 3395 4576 fra-

1833 4622 2010 4678 tribus
2041 4637 2164 4676 cum
2193 4621 2409 4692 singula
2437 4627 2642 4674 attente
2663 4616 2981 4680 audivisset,
3005 4616 3080 4669 ait
3101 4615 3178 4670 illi
3203 4633 3217 4668 :
3241 4633 3261 4666 ι
3286 4613 3393 4667 Do-

1833 4716 1998 4780 mine,
2062 4714 2176 4768 haec
2207 4721 2495 4784 praecepta,
2553 4723 2769 4781 magna,
2822 4709 3069 4780 pulchra,
3112 4715 3168 4763 et
3214 4707 3393 4761 valida

1831 4815 1978 4869 sunt,
2019 4813 2357 4876 possuntque
2409 4801 2681 4856 delectare
2714 4815 2812 4854 cor
2831 4799 2950 4868 ejus
2992 4796 3085 4868 qui
3128 4810 3192 4850 ea
3243 4808 3394 4848 com-

1829 4898 1977 4967 plere
2012 4897 2185 4962 valet;
2237 4894 2332 4950 sed
2391 4893 2597 4956 nescio,
2657 4891 2899 4954 domine,
2929 4904 2996 4942 an
3029 4887 3243 4960 possint
3270 4885 3391 4954 plu-

1828 4992 1952 5046 rimi
1977 5006 2038 5046 ea
2062 5005 2300 5052 servare,
2323 4989 2460 5044 dura
2486 5002 2720 5058 namque
2741 4992 2888 5041 sunt.
2919 5004 2938 5038 ι
2959 4983 3127 5039 Istum
3161 4980 3392 5036 intuitus

1829 5100 2020 5141 servus
2051 5083 2165 5149 Dei,
2198 5100 2391 5154 magna
2444 5099 2569 5138 eum
2625 5082 2910 5138 severitate
2957 5080 3080 5133 ait:
3125 5078 3390 5147 «Ignave,

1826 5178 2000 5248 piger,
2051 5175 2328 5232 desidiose
2367 5184 2422 5230 et
2468 5173 2853 5246 pusillanimis,
2917 5183 3100 5224 nonne
3129 5166 3284 5222 vides
3313 5173 3388 5228 te,

1829 5270 1875 5326 si
1895 5270 1989 5323 tibi
2021 5275 2146 5322 ante
2168 5269 2518 5338 proposueris
2571 5281 2734 5335 posse
2756 5265 2847 5319 illa
2877 5261 3196 5324 observari,
3231 5257 3391 5313 facile

1828 5363 1920 5417 illa
1951 5362 2388 5419 observaturum,
2422 5373 2521 5412 nec
2541 5357 2639 5410 tibi
2684 5355 2798 5411 fore
2829 5353 2921 5408 illa
2951 5352 3088 5406 dura
3115 5356 3170 5404 et
3191 5347 3387 5404 didici-

1826 5453 1941 5508 lia?
1973 5451 2126 5518 Quod
2155 5451 2200 5506 si
2221 5466 2343 5506 cum
2393 5448 2557 5504 corde
2585 5456 2676 5502 tuo
2708 5443 3068 5514 reputaveris,
3091 5457 3200 5498 non
3229 5455 3388 5512 posse

1827 5549 1918 5603 illa
1976 5547 2046 5602 ab
2098 5545 2317 5599 homine
2387 5541 2691 5605 observari,
2743 5551 3023 5611 nunquam
3071 5535 3391 5592 observatu-

1825 5652 1922 5695 rus
1954 5653 2035 5694 es.
2066 5637 2261 5691 Annon
2282 5633 2424 5690 nosti
2461 5632 2551 5687 Dei
2578 5631 2828 5705 gloriam,
2859 5635 3087 5701 quanta,
3112 5640 3277 5698 quam
3298 5639 3392 5678 va-

230 5878 346 5950 (85)
379 5877 591 5934 Haece:
630 5879 768 5934 libro
797 5895 836 5934 ιι
868 5879 1099 5944 Hermae,
1142 5880 1395 5940 mandato
1432 5881 1518 5948 ιε,
1561 5883 1689 5940 hinc
1725 5883 1850 5942 inde
1869 5885 2252 5942 consarcinata
2285 5895 2431 5942 sunt.

434 5974 704 6035 ΡΑτιιοι..
738 5974 856 6037 Gn.
897 5975 1195 6036 XXVIII.

3005 5983 3078 6044 19
