4088 6382
512 439 605 496 ὗδἹ

1622 419 1680 472 s.
1721 409 2182 469 A'l‘llANASlUS.
2227 440 2293 450 -
2334 376 2605 465 spuma.

3632 400 3737 456 588

508 557 639 619 lida,
670 565 831 625 quam
853 544 1117 602 mirabilis
1146 542 1236 594 illa
1268 540 1373 604 sit;
1408 536 1550 607 quod
1576 536 1783 589 scilicet
1801 532 2063 587 mundum

2180 525 2420 597 φυλάξεις
2448 524 2636 587 αὑτάς.
2665 522 2738 576 Ού
2784 525 2919 584 νοεῖς
2957 521 3058 592 τὴν
3101 517 3257 582 δόξαν
3291 515 3384 570 τοῦ
3427 513 3586 582 Θεοῦ,
3622 514 3740 576 πῶς

509 646 669 718 213
698 639 961 697 creaverit
996 641 1217 706 propter
1264 631 1574 692 hominem,
1629 632 2061 697 potestatemque

509 741 585 796 illi
616 734 826 791 dederit
866 739 925 784 ut
953 727 1325 782 dominaretur
1358 721 1613 777 omnibus
1640 734 1760 789 quae
1793 725 1921 772 sunt
1970 730 2066 770 su-

510 844 606 903 per
628 820 867 881 terram?
892 819 1033 887 Quid
1075 818 1241 889 igitur
1271 816 1466 869 horum
1503 811 1747 867 omnium
1787 809 1950 862 homo
1976 804 2066 860 do-

508 921 692 974 minus
728 923 830 978 est,
868 909 1231 978 omnibusque
1250 906 1528 976 imperare
1558 903 1732 966 valet;
1774 912 1944 968 ecqua
1977 910 2068 950 ra-

511 1011 657 1065 tione
698 1022 809 1061 nou
839 1003 1038 1074 poterit
1067 1001 1220 1056 hisce
1260 996 1547 1068 praeceptis
1589 989 1895 1047 dominari?
1931 987 2072 1053 Quo-

510 1099 797 1153 modonam
821 1092 986 1146 David
1007 1089 1278 1161 gigantem
1296 1086 1675 1154 alienigenam,
1693 1080 2071 1146 hominemque

511 1191 847 1249 bellatorem,
884 1186 1031 1241 omni
1068 1195 1345 1238 armorum
1377 1192 1575 1249 genere
1608 1176 1934 1230 instructum
1976 1185 2071 1223 su-

510 1281 753 1354 peravit?
801 1294 980 1334 nonne
1028 1277 1145 1333 solo
1189 1272 1489 1344 proposito,
1536 1282 1599 1321 ac
1647 1265 1752 1320 ﬁde
1792 1279 1862 1319 ex
1909 1260 2072 1316 corde

511 1373 879 1446 procedente?
910 1370 1029 1442 Ipse
1073 1369 1222 1425 solus
1252 1366 1366 1420 haec
1398 1363 1505 1418 Deo
1539 1359 1753 1416 obtulit.
1793 1356 1936 1409 Dens
1976 1371 2074 1408 au-

511 1476 617 1521 tem
639 1463 918 1533 'visa’ejus
958 1461 1264 1524 alacritate,
1296 1472 1359 1512 ac
1384 1454 1488 1510 ﬁde
1521 1454 1578 1508 in
1615 1450 1782 1507 corde
1826 1449 1947 1519 ejus
1984 1447 2071 1500 in-

512 1556 635 1621 sita,
671 1568 886 1610 necnon
915 1567 1031 1622 spe,
1073 1553 1191 1621 ipse
1231 1547 1450 1601 tandem
1480 1542 1763 1598 victoriam
1796 1537 2070 1609 praestitit,

512 1647 785 1715 uniusque
817 1640 1193 1697 adolescentis
1236 1650 1402 1691 manu
1439 1632 1722 1688 inimicum
1752 1629 2071 1699 prostravit.

510 1733 579 1788 Et
608 1733 808 1789 discito
835 1746 945 1785 non
982 1727 1261 1791 Davidem,
1306 1722 1406 1780 sed
1440 1720 1610 1775 Deum
1650 1719 1702 1773 id
1743 1716 1921 1787 operis
1953 1729 2076 1784 per-

513 1824 727 1880 fecisse.
751 1820 942 1892 Cogita
974 1817 1307 1888 Stephanum
1335 1812 1570 1884 primum
1605 1818 1918 1878 martyrem,
1942 1810 2074 1874 quot

2171 618 2379 688 μεγάλη
2409 616 2526 669 ἐστὶ
2569 615 2663 669 καὶ
2688 612 2886 685 ἰσχυρὰ
2921 614 3015 668 καὶ
3051 609 3338 680 θαυμαστὴ
3359 648 3374 674 ,
3436 609 3519 661 ὅτι
3552 607 3738 660 ἔκτισε

2167 710 2257 762 τὸν
2302 707 2505 778 κόσμον
2562 704 2649 759 διὰ
2694 705 2785 757 τὸν
2834 703 3141 776 ἄνθρωπον,
3207 701 3302 755 καὶ
3332 699 3432 771 τὴν
3492 697 3740 763 ἐξουσίαν

2170 800 2382 854 ἃπασαν
2423 797 2620 850 ἔδωκεν
2649 794 2797 866 αὑτῷ
2828 793 3100 865 κυριεύειν
3147 792 3363 847 πάντων
3397 790 3503 845 τῶν
3528 790 3623 844 ἐπὶ
3642 790 3742 860 τῆς

2169 891 2289 962 γῆς.
2311 889 2375 942 Τί
2391 885 2482 942 οὖν
2500 888 2717 943 πάντων
2728 886 2932 940 τούτων
2951 888 2980 938 6
3003 885 3098 939 ἄνο
3107 901 3286 957 ρωπος
3306 882 3492 956 κύριός
3511 884 3629 936 ἐστι
3647 882 3742 936 καὶ⁵

2171 982 2388 1037 πάντων
2415 979 2634 1033 δύναται
2680 976 3139 1048 κατακυριεύσαι;
3188 975 3305 1040 πῶς
3348 977 3408 1029 οὑ
3456 976 3741 1047 δυνήσεται

2171 1072 2263 1127 καὶ
2302 1071 2503 1126 τούτων
2528 1070 2638 1122 τῶν
2670 1067 2895 1122 ἐντολῶν
2925 1068 3387 1141 κατακυριεῦσαι;
3422 1067 3546 1131 Πῶς
3578 1065 3741 1120 Δαϐὶδ

2170 1161 2517 1235 ἐτροπώσατο
2557 1160 2648 1214 τὸν
2686 1159 2979 1229 ἀλλόφυλον
3013 1161 3241 1231 γίγαντα
3280 1162 3372 1215 καὶ
3412 1160 3741 1232 πολεμιστὴν

2173 1253 2454 1327 ἄνθρωπον
2486 1250 2748 1305 πάντοθεν
2779 1250 3261 1323 καθωπλισμένον;
3305 1252 3438 1323 υὺχὶ
3478 1252 3633 1323 μόνον
3674 1255 3740 1325 τῇ

2174 1344 2489 1418 προαιρέσει
2526 1344 2621 1397 καὶ
2647 1345 2715 1414 τῇ
2748 1342 2854 1397 ἀπὸ
2886 1342 3111 1415 καρδίας
3144 1342 3358 1410 πίστεις
3406 1346 3609 1408 ἐκεῖνος
3642 1342 3741 1412 μό·-

2174 1453 2260 1490 νον
2287 1435 2457 1489 ταῦτα
2487 1435 2825 1507 προσήνεγκε
2844 1434 2920 1505 τῷ
2952 1434 3089 1506 Θεῷ.
3136 1435 3193 1489 ὐ
3225 1435 3282 1489 δὲ
3309 1435 3461 1499 Θεὸς,
3495 1434 3616 1490 ἰδὼν
3643 1435 3745 1489 αύ-

2172 1527 2267 1580 τοῦ
2294 1526 2394 1597 τὴν
2427 1526 2732 1598 προθυμίαν
2763 1527 2857 1579 καὶ
2887 1525 2987 1598 τὴν
3026 1524 3137 1580 ἀπὸ
3171 1527 3396 1599 καρδίας
3421 1526 3602 1581 πίστιν
3650 1528 3745 1582 καὶ

2174 1618 2383 1683 ἐλπίδα,
2428 1617 2614 1671 λοιπὸν
2657 1618 2818 1681 αὐτὸς
2840 1618 3132 1689 εἰργάσατο
3181 1618 3280 1689 τὴν
3324 1619 3504 1689 νίκην,
3549 1620 3644 1672 καὶ
3674 1618 3742 1672 δι’

2174 1710 2291 1773 ἐνὸς
2326 1710 2606 1782 μειρακίου
2640 1710 2907 1763 κατέδαλε
2929 1709 3020 1764 τὸν
3040 1709 3387 1764 ὑπεναντίον.
3407 1710 3516 1764 Καὶ
3546 1710 3743 1784 μάθῃς,

2174 1801 2256 1854 ὅτι
2285 1801 2406 1871 οὐχὶ
2431 1800 2616 1868 Δαὸὶδ,
2654 1801 2767 1854 ἀλλ’
2795 1803 2824 1854 6
2851 1799 2982 1864 Θεὸς
3009 1801 3070 1854 τὸ
3096 1801 3255 1873 ἔργον
3286 1802 3597 1874 εἰργάσατο.
3631 1804 3747 1856 Κα-

515 1914 720 1985 lapides
769 1928 800 1966 a
844 1891 982 1981 quot
1035 1906 1344 1964 horninibus
1384 1902 1616 1973 injectos
1668 1898 1960 1969 exceperit,
2009 1911 2073 1951 ac

2180 1891 2433 1963 τανόησον
2477 1892 2747 1961 Στέφανον
2791 1892 2881 1945 τὸν
2933 1894 3394 1965 πρωτομάρτυρα,
3427 1894 3621 1957 πόσους
3660 1894 3743 1947 λί-

512 2006 618 2061 nisi
653 2004 771 2074 ipse
791 2001 1078 2057 Dominum
1098 1997 1377 2053 Christum
1401 1999 1652 2064 precatus
1674 1998 1838 2053 esset,
1867 2003 2071 2058 nequa-

493 2110 674 2167 quam
712 2094 812 2164 ipsi
846 2090 1159 2147 tradidisset
1198 2087 1472 2158 spiritum.
1500 2082 1613 2138 Cur
1637 2081 1704 2137 de
1737 2081 1870 2137 viris
1898 2080 2071 2150 loqui-

511 2186 671 2242 mur?
705 2183 983 2240 Juditham
1028 2180 1158 2235 mihi
1206 2177 1516 2243 considera,
1570 2174 1858 2231 adeuntem
1906 2172 2075 2250 Holo-

514 2283 790 2347 phernem,
823 2290 925 2330 nec
956 2272 1024 2327 de
1058 2287 1160 2329 sua
1207 2269 1536 2341 cogitantem
1581 2265 1916 2332 inﬁrmitate,
1959 2281 2073 2319 non

511 2370 577 2424 de
603 2367 825 2433 decoro,
868 2366 955 2421 vel
991 2364 1058 2421 de
1087 2363 1331 2435 periculo
1377 2376 1500 2418 suo.
1546 2356 1897 2430 Nequaquam
1939 2357 2076 2414 dixit

513 2464 566 2514 in
595 2460 886 2529 semetipsa
911 2477 924 2512 :
956 2455 1060 2511 Tot
1086 2455 1188 2510 viri
1218 2455 1274 2509 in
1302 2454 1437 2508 urbe
1465 2459 1596 2507 sunt
1617 2450 1849 2510 robusti,
1876 2463 2077 2518 praeva-

507 2551 626 2615 lidi,
656 2550 978 2621 prudentes,
1004 2546 1321 2613 artiﬁciosi;
1363 2558 1598 2615 quorum
1628 2557 1789 2598 nemo
1821 2541 1924 2596 hoc
1949 2540 2077 2595 faci-

511 2648 874 2697 nus'tentare
924 2639 1089 2693 audet
1124 2656 1138 2691 :
1168 2645 1222 2691 et
1270 2651 1371 2705 ego
1418 2634 1663 2689 omnium
1707 2632 2074 2699 imbecillima,

511 2732 641 2787 illud
679 2730 1001 2802 aggrediar?
1033 2728 1179 2783 Nihil
1202 2726 1472 2797 ejusmodi
1500 2724 1778 2795 cogitavit.
1815 2721 1920 2779 Sed
1952 2738 2077 2778 eum

510 2824 659 2880 omni
709 2823 992 2877 alacritate
1035 2828 1090 2875 et
1136 2817 1260 2884 ﬁde,
1313 2816 1381 2870 ad
1427 2817 1852 2884 omnipotentem
1909 2812 2078 2869 Deum

511 2933 637 2974 cum
686 2917 883 2971 ﬁducia
920 2912 1194 2979 accessit;
1227 2926 1291 2965 ac
1326 2909 1470 2964 Deus
1518 2908 1611 2978 qui
1655 2906 1838 2962 omnia
1877 2912 2076 2976 potest,

514 3015 787 3078 acceptam
851 3006 970 3075 ejus
1015 3005 1223 3059 habens
1262 3000 1552 3066 ﬁduciam,
1611 3000 1756 3070 quod
1813 2999 2079 3068 reliquum

512 3110 631 3160 erat
661 3102 777 3172 ipse
807 3098 1054 3169 perfecit.
1096 3094 1231 3150 Nam
1267 3094 1558 3150 miserator
1583 3091 1725 3148 Deus
1747 3106 1856 3147 non
1884 3105 2079 3160 corpo-

514 3197 593 3249 ris
622 3194 808 3254 rohur,
848 3188 944 3245 sed
977 3186 1340 3257 propositum,
1388 3184 1634 3239 studium
1681 3190 1735 3238 et
1766 3182 2080 3253 patientiam

2170 1982 2296 2048 θους
2322 1984 2427 2038 ὑπὸ
2454 1984 2724 2038 τοσούτων
2749 1983 3050 2058 ἀνθρώπων
3079 1985 3312 2051 ἐδέξατο,
3347 1987 3439 2040 καὶ
3459 1989 3511 2040 ἐἰ
3542 1985 3616 2058 μὴ
3650 1987 3749 2041 ait-

2170 2077 2263 2141 τὸς
2294 2076 2635 2148 παρεκάλεσε
2662 2077 2752 2132 τὸν
2782 2076 3058 2148 Δεσπότην
3090 2076 3342 2147 Χριστὸν,
3374 2079 3474 2132 οὐκ
3511 2078 3575 2132 ἂν
3605 2095 3747 2149 παρ-

2174 2167 2343 2221 έδωκε
2396 2166 2456 2220 τὸ
2503 2166 2741 2239 πνεῦμα.
2800 2166 2865 2233 Τί
2925 2166 2983 2220 δὲ
3044 2167 3274 2239 λέγομεν
3323 2169 3453 2241 περὶ
3501 2167 3750 2240 ἁνδρῶν;

2177 2258 2442 2314 Κατανόει
2479 2277 2570 2332 μοι
2615 2261 2714 2332 τὴν
2759 2260 2945 2315 Ἰουδὶθ
2990 2261 3127 2333 πρὸς
3164 2264 3256 2315 τὸν
3297 2262 3618 2333 Ὀλοφέρνην
3647 2279 3748 2315 πο-

2177 2352 2470 2423 ρευομένην
2487 2353 2581 2406 καὶ
2604 2351 2676 2425 μὴ
2693 2354 3104 2425 κατανοήσασαν
3117 2353 3215 2425 τὴν
3232 2353 3428 2423 ἑαυτῆς
3443 2352 3747 2418 ἀσθένειαν,

2172 2441 2233 2494 τὸ
2260 2443 2551 2514 εὐπρεπὲς,
2582 2443 2643 2496 τὸ
2669 2442 2959 2499 εὐάλωτον,
3002 2444 3125 2507 Πῶς
3150 2444 3249 2497 οὑκ
3272 2440 3423 2497 εἶπεν
3451 2446 3509 2497 ἐν
3535 2445 3703 2515 ἑαυτῇ
3729 2461 3741 2473 ·

2175 2533 2428 2586 Τοσοῦτοι
2471 2533 2743 2606 ἄνθρωποι
2776 2536 2834 2589 ἐν
2874 2523 2943 2607 τῇ
2983 2534 3131 2589 πόλει
3161 2536 3369 2608 ἰσχυροὶ
3400 2536 3493 2589 καὶ
3533 2535 3751 2589 δυνατοὶ⁹

2177 2625 2269 2677 καὶ
2316 2625 2565 2697 φρόνιμοι
2615 2626 2709 2680 καὶ
2752 2628 3081 2698 εὐμήχανοι,
3128 2629 3223 2682 καὶ
3268 2628 3442 2691 οὐδεὶς
3482 2628 3751 2701 ἐπιχειρεῖ

2175 2715 2334 2770 τοῦτο
2379 2718 2635 2789 ποιῆσαι·
2669 2716 2826 2786 κάγὼ
2872 2720 2935 2772 τὸ
2968 2718 3347 2793 ἀσθενέστερον
3392 2720 3556 2791 μέρος
3588 2717 3752 2773 τοῦτο

2178 2811 2398 2882 ποιῆσαι
2429 2812 2720 2882 τολμήσω;
2773 2811 2940 2866 Οὐδὲν
2986 2813 3225 2866 τοιοῦτον
3268 2813 3579 2881 ἐλογίσατο·
3612 2811 3751 2866 ἀλλὰ

2179 2902 2329 2976 πάσῃ
2370 2901 2647 2974 προθυμίᾳ
2683 2902 2777 2956 καὶ
2811 2902 2993 2956 πίστει
3032 2903 3303 2976 προσῆλθε
3334 2904 3412 2975 τῷ
3442 2904 3752 2977 παντοκρά-

2178 3010 2295 3065 τορι
2341 2993 2459 3066 Θεῷ
2507 2994 2802 3066 θαρροῦσα,
2854 2996 2951 3049 καὶ
3002 2998 3031 3050 ὁ
3079 2996 3210 3060 Θεὸς
3248 2998 3279 3050 6
3322 2996 3749 3071 παντοδύναμος,

2180 3084 2468 3157 δεξάμενος
2487 3085 2616 3157 παρ’
2640 3086 2808 3157 αὐτῆς
2829 3086 3032 3158 ταύτην
3064 3089 3162 3159 τὴν
3182 3088 3519 3161 πεποίθησιν,
3547 3091 3609 3144 τὸ
3644 3094 3752 3147 πᾶν

2181 3176 2364 3230 λοιπὸν
2402 3177 2562 3241 αὐτὸς
2598 3177 2936 3233 ἐπετέλεσεν.
2982 3180 3039 3232 '0
3080 3178 3189 3251 γὰρ
3219 3180 3466 3251 ἐλεήμων
3507 3181 3642 3246 Θεὸς
3688 3185 3751 3237 οὑ

516 3286 767 3358 requirit.
814 3282 1086 3339 Abscedat
1130 3278 1312 3348 itaque
1362 3277 1597 3330 humana
1646 3275 1824 3331 omnis
1864 3273 2078 3328 occasio

2182 3268 2334 3342 ζητεῖ
2380 3268 2629 3340 σώματος
2663 3270 2913 3341 δύναμιν,
2948 3270 3083 3325 ἀλλὰ
3114 3271 3427 3343 προαίρεσιν
3458 3273 3555 3326 καὶ
3586 3291 3756 3328 σπου-

514 3388 571 3434 et
605 3385 836 3432 conatus
864 3394 877 3428 :
906 3388 1014 3428 non
1046 3372 1335 3426 dicendum
1375 3369 1574 3439 quippe
1612 3367 1722 3423 Deo
1765 3374 1849 3423 est
1888 3364 2079 3420 :lnlir-

514 3483 639 3525 mus
680 3481 822 3522 sum.
857 3465 1001 3520 Deus
1030 3478 1265 3532 namque
1304 3479 1415 3518 non
1466 3463 1634 3518 robur
1678 3478 1708 3516 a
1743 3474 1796 3517 te
1825 3460 2074 3533 requirit,

518 3559 614 3615 sed
645 3557 829 3614 cordis
853 3558 1216 3627 propositum.
1246 3553 1342 3609 Dic
1368 3554 1523 3622 mihi,
1553 3569 1715 3626 quam
1747 3555 1937 3610 habuit
1969 3553 2078 3607 vim

518 3652 659 3706 latro
696 3649 786 3705 ille
835 3648 983 3719 ligno
1030 3646 1279 3702 conﬁxus
1310 3660 1340 3700 a
1374 3644 1581 3701 dextris
1624 3645 1869 3701 ChriSti?
1892 3644 2083 3700 Nonne

521 3741 578 3796 in
614 3740 888 3796 infernum
932 3744 1284 3809 perrecturus
1305 3736 1461 3792 erat?
1498 3735 1565 3790 Et
1603 3737 1796 3791 mulier
1827 3750 1948 3806 que
1977 3733 2083 3788 Do-

516 3831 724 3887 minum
765 3838 1041 3902 unguento
1076 3829 1251 3893 unxit,
1298 3839 1352 3884 et
1393 3827 1649 3899 lacrymis
1681 3828 1875 3898 rigavit
1919 3826 2082 3898 pedes

516 3921 656 3993 ejus,
688 3937 869 3977 nonne
907 3922 1188 3992 proposito
1220 3928 1275 3976 et
1300 3918 1404 3973 ﬁde
1428 3934 1527 3974 sua
1552 3920 1726 3974 solum
1760 3920 1907 3975 salva
1943 3919 2085 3974 facta

516 4013 644 4070 est?
672 4013 807 4068 Nolo
836 4011 903 4069 de
924 4024 925 4027 ‘
946 4012 1150 4067 Thecla
1190 4011 1339 4080 loqui
1369 4012 1451 4065 vel
1489 4010 1556 4065 de
1585 4010 1810 4079 reliquis
1844 4010 2087 4064 mulieri-

519 4108 644 4168 bus,
690 4119 811 4173 qua:
856 4103 913 4157 in
959 4104 1147 4157 futuro
1189 4101 1389 4155 saeculo
1437 4115 1561 4154 cum
1602 4101 1773 4171 gloria
1814 4112 2086 4156 coronam

522 4209 689 4268 prope
717 4192 996 4248 Christum
1026 4191 1468 4246 collocabuntur.
1498 4188 1882 4247 Pusillanimes
1905 4202 2083 4248 autem

518 4292 574 4338 et
606 4284 744 4355 pigri
780 4297 903 4337 cum
934 4280 1143 4353 pudore
1201 4290 1429 4352 pergent
1472 4281 1539 4334 ad
1571 4282 1892 4352 supplicium
1922 4292 2083 4340 aster-

521 4391 672 4431 num.
708 4375 891 4446 Itaque
930 4374 1188 4430 omnibus
1221 4374 1371 4429 hisce
1400 4375 1682 4445 prwccptis
1725 4375 2085 4447 adimplendis

521 4468 774 4538 superior
803 4475 887 4523 est
927 4467 1112 4531 homo,
1160 4466 1256 4537 qui
1289 4464 1575 4521 Dominum
1618 4467 1780 4522 habet
1810 4468 1865 4522 in
1898 4468 2082 4523 corde.

521 4558 626 4625 Qui
662 4567 842 4612 autem
890 4557 947 4611 in
976 4556 1137 4611 labiis
1182 4563 1393 4610 tantum
1450 4557 1652 4611 habent
1678 4557 1853 4622 illum,
1889 4558 2086 4612 corde-

520 4664 628 4721 que
667 4656 959 4713 excecato,
1011 4648 1081 4702 ob
1126 4648 1377 4718 inertiam
1417 4664 1572 4703 suam
1624 4649 1814 4719 procul
1858 4648 2087 4706 Domino

523 4749 682 4801 sunt,
717 4739 804 4794 his
834 4746 1102 4809 praecepta
1133 4739 1239 4793 ista
1277 4738 1413 4792 dura
1443 4745 1572 4794 sunt
1610 4746 1666 4793 et
1693 4735 1949 4793 diﬁicilia.
1981 4736 2085 4793 Po-

520 4834 635 4887 nite
672 4833 838 4902 igitur
867 4831 1264 4897 indesinenter,
1303 4845 1336 4884 o
1365 4830 1742 4901 pusillanimes
1790 4839 1844 4885 et
1875 4830 1980 4885 lide
2007 4831 2086 4887 le~

521 4923 754 4988 vissimi,
791 4921 1080 4976 Dominum
1115 4923 1169 4976 in
1198 4922 1459 4977 cordibus
1490 4922 1709 4988 vestris,
1742 4921 2082 4992 agnoscetis-

518 5031 628 5088 que
657 5015 794 5070 nihil
822 5030 945 5071 esse
985 5014 1203 5070 facilius
1236 5014 1387 5070 hisce
1431 5015 1739 5085 praeceptis.
1786 5014 1922 5068 nihil
1965 5012 2086 5069 dul-

519 5109 661 5173 cius,
714 5107 847 5163 nihil
896 5106 1207 5179 placidius:
1236 5108 1601 5164 violentorum
1645 5108 1845 5178 quippe
1890 5115 1974 5163 est
2007 5123 2089 5163 re-

520 5215 686 5270 gnum
715 5198 831 5255 Dei.
857 5197 993 5254 Nam
1017 5199 1221 5269 petenti
1246 5198 1443 5266 datur;
1468 5200 1560 5267 qui
1583 5199 1852 5254 laboriose
1870 5199 2085 5270 quaerit,

521 5290 782 5352 inveniet,
811 5297 865 5346 et
886 5291 1125 5360 pulsanti
1153 5305 1221 5345 ex
1239 5288 1405 5345 corde
1432 5295 1486 5344 et
1501 5305 1625 5344 cum
1647 5290 1929 5360 patientia,
1955 5307 2088 5360 ape-

524 5382 694 5436 rietur
719 5399 732 5436 :
758 5391 920 5451 atque
960 5380 1117 5451 plura
1161 5380 1436 5434 dabuntur
1464 5393 1626 5450 quam
1679 5387 1947 5450 petamus.
1978 5379 2085 5434 Va-

523 5486 629 5528 nus
660 5473 863 5543 quippe
907 5479 991 5528 est
1023 5472 1276 5542 quisquis
1316 5472 1506 5539 homo,
1542 5481 1596 5527 et
1638 5472 1725 5527 hic
1755 5472 1861 5529 frui
1889 5473 2006 5529 vult
2033 5481 2088 5527 et

522 5564 825 5632 quiescere,
861 5570 915 5618 et
947 5564 1058 5617 illic
1081 5578 1206 5618 cum
1233 5563 1453 5619 Christo
1485 5580 1732 5635 regnare.
1770 5563 1886 5619 Vim
1923 5565 2089 5636 igitur

523 5654 623 5709 tibi
669 5653 895 5717 inferas,
945 5660 1110 5724 atque
1148 5670 1298 5726 spem
1330 5656 1529 5711 habeto
1561 5657 1616 5711 in
1660 5658 2086 5726 omnipotentem

524 5744 731 5811 Deum;
777 5745 906 5815 quia
941 5745 1086 5815 apud
1133 5746 1286 5800 illum
1319 5747 1477 5800 radix
1526 5756 1611 5803 est
1654 5749 1936 5812 bonitatis,
1973 5749 2093 5803 fons

525 5833 916 5896 miserationis,
988 5834 1213 5907 pelagus
1254 5836 1772 5889 misericordiarum.
1834 5833 1939 5906 Ipsi
1975 5837 2091 5908 glo-

2178 3362 2273 3434 δὴν
2307 3362 2399 3416 xal.
2432 3363 2727 3434 ὑπομονήν.
2764 3364 2921 3416 Πᾶσα
2962 3359 3054 3417 οὖν
3079 3363 3300 3436 ἀφορμὴ
3328 3363 3619 3436 ἀνθρώπου
3661 3367 3755 3420 ἐκ-

2180 3454 2356 3508 ποδὼν
2373 3454 2631 3524 γενέσθω.
2655 3456 2729 3508 Οὐ
2757 3455 2867 3528 γὰρ
2895 3456 3012 3510 ἐστι
3031 3457 3210 3525 λέγειν
3238 3456 3355 3527 Θεῷ
3372 3473 3385 3487 ·
3430 3456 3555 3527 Εγὼ
3592 3458 3757 3514 ἀσθε-

2179 3549 2277 3619 νής
2308 3549 2443 3618 είμι.
2485 3547 2541 3601 '0
2573 3547 2702 3612 Θεὸς
2735 3548 2844 3621 γὰρ
2881 3551 2988 3603 ἀπὸ
3019 3549 3114 3603 σοῦ
3149 3551 3297 3620 ἰσχὺν
3324 3550 3383 3602 οὑ
3415 3549 3588 3623 ζητεῖ,
3616 3551 3757 3605 ἀλλὰ

2182 3639 2498 3711 προαίρεσιν
2540 3640 2647 3693 ἀπὸ
2696 3640 2942 3711 καρδίας.
2984 3642 3120 3695 Είπέ
3169 3658 3276 3712 μοι,
3309 3642 3467 3696 ποίαν
3525 3642 3757 3716 δύναμιν

2180 3727 2325 3801 εἶχεν
2374 3732 2403 3783 6
2450 3731 2650 3804 λῃστὴς
2691 3734 2961 3803 ἐμπαγεὶς
2994 3734 3051 3786 ἐν
3101 3733 3180 3804 τῷ
3227 3733 3369 3805 ξύλῳ
3418 3736 3482 3788 ἐκ
3529 3733 3756 3800 δεξιῶνς

2183 3824 2316 3893 Οὐχὶ
2345 3823 2465 3886 ὅλος
2495 3824 2553 3876 ἐν
2581 3822 2661 3891 τῷ
2688 3823 2790 3896 ᾄδῃ
2817 3820 2887 3895 ἦν
2920 3826 3312 3898 πορευόμενος;
3339 3826 3447 3879 Καὶ
3479 3828 3513 3897 ὴ
3555 3826 3694 3898 γυνὴ
3721 3830 3754 3898 ἡ

2182 3912 2445 3982 ἀλείψασα
2490 3913 2580 3966 τὸν
2626 3913 2830 3985 Κύριον
2880 3915 3060 3987 μύρῳ,
3113 3915 3205 3970 καί
3249 3915 3480 3987 δάκρυσι
3520 3915 3758 3989 βρέξασα

2182 4006 2309 4068 τοὺς
2338 4004 2523 4068 πόδας,
2554 4005 2674 4076 οὐχὶ
2704 4008 2769 4077 τῇ
2811 4008 3124 4078 προαιρέσει
3156 4009 3247 4062 καὶ
3272 4011 3338 4080 τῇ
3371 4009 3551 4063 πίστει
3598 4012 3758 4082 μόνον

2183 4095 2359 4168 ἐσώθη
2385 4113 2399 4162 ;
2439 4099 2513 4151 Οὑ
2547 4097 2685 4152 θέλω
2713 4098 2891 4168 λέγειν
2916 4101 2985 4153 τὰ
3011 4100 3140 4172 περὶ
3168 4099 3376 4172 Θέκλης
3404 4103 3501 4156 καὶ
3526 4103 3625 4173 τὰς
3649 4104 3761 4158 λοι-

2185 4189 2293 4254 πὰς
2341 4194 2622 4260 γυναῖκας,
2651 4192 2852 4256 αἵτινες
2901 4194 2960 4247 ἐν
3013 4192 3092 4264 τῷ
3124 4192 3364 4265 μέλλοντι
3415 4194 3571 4248 αίῶνι
3620 4197 3759 4266 μετὰ

2183 4280 2342 4353 δόξης
2366 4283 2861 4356 στεφανοφοροῦσαι
2891 4283 3398 4356 παρασταθήσονται
3417 4285 3495 4356 τῷ
3514 4287 3754 4358 Χριστῷ.

2186 4375 2251 4427 Οἱ
2274 4374 2330 4427 δὲ
2356 4374 2663 4446 ὸλιγόψυχοι
2690 4376 2784 4430 καὶ
2811 4376 3043 4448 ῥᾴθυμοι
3082 4378 3528 4449 κατῃσχυμμένοι
3561 4379 3762 4451 πορεύ-

2189 4485 2369 4523 σονται
2394 4470 2474 4533 είς
2497 4471 2596 4540 τὴν
2621 4468 2835 4523 αἰώνιον
2857 4469 3098 4525 κόλασιν.
3132 4470 3294 4523 Ὥστε
3317 4469 3504 4523 πασῶν
3528 4469 3639 4522 τῶν
3669 4473 3758 4525 ἐν-

2185 4560 2353 4615 τολῶν
2378 4560 2580 4615 τούτων
2605 4560 3030 4633 κατακυριεῦσαι
3056 4564 3086 4615 6
3121 4560 3404 4633 ἄνθρωπος
3433 4563 3461 4613 6
3504 4561 3644 4631 ἔχων
3671 4561 3761 4615 τὸν

2193 4654 2396 4726 Κύριον
2425 4656 2483 4707 ἐν
2502 4656 2567 4725 τῇ
2602 4653 2797 4725 καρδίᾳ
2816 4653 3001 4707 αὐτοῦ.
3042 4655 3106 4706 Oi
3138 4653 3194 4706 δὲ
3225 4654 3317 4706 ἐπὶ
3343 4654 3411 4706 τὰ
3434 4654 3585 4727 χείλη
3613 4655 3762 4726 ἕχον-

2192 4762 2282 4809 τες
2322 4746 2412 4799 τὸν
2457 4745 2679 4817 Κύριον,
2710 4744 2812 4815 ⁶τὴν
2855 4743 2912 4796 δὲ
2944 4744 3173 4817 καρδίαν
3205 4745 3622 4816 πεπωρωμένην
3670 4746 3763 4799 καὶ

2195 4836 2410 4908 μακρὰν
2446 4836 2595 4899 ὄντες
2621 4836 2728 4890 ἀπὸ
2754 4834 2848 4889 τοῦ
2879 4837 3084 4908 Κυρίου
3110 4834 3197 4890 διὰ
3228 4838 3324 4908 τὴν
3352 4837 3561 4891 ἑαυτῶν
3596 4838 3759 4910 ρᾳθυ-
3852 4856 3859 4862 ·

2194 4928 2352 4997 μίαν,
2396 4926 2622 4989 ἐκείνοις
2669 4926 2725 4978 αἱ
2775 4924 2988 4978 ἐντολαὶ
3031 4915 3192 4978 αὗται
3240 4924 3473 4996 σκληραί
3511 4926 3619 4977 εἱσι
3671 4926 3764 4979 καὶ

2185 5018 2636 5090 δυσκατόρθωτοι.
2670 5017 2840 5071 Θὲσθε
2885 5014 2979 5073 οὖν
3014 5019 3190 5089 ὑμεῖς,
3235 5019 3283 5070 οἱ
3329 5017 3640 5088 ὁλιγόψυχοι
3672 5018 3764 5070 κα)⁸

2188 5111 2415 5183 ἐλαφροὶ
2460 5113 2526 5182 τῇ
2568 5110 2768 5177 πίστει,
2801 5111 2892 5165 τὸν
2924 5109 3126 5182 Κύριον
3158 5109 3512 5173 ἀδιαλείπτως
3554 5110 3636 5174 εἰς
3668 5108 3766 5172 τὰς

2188 5204 2415 5276 καρδίας
2444 5202 2618 5274 ὑμῶν,
2654 5204 2749 5259 καί⁹
2794 5201 3087 5273 γνώσεσθε,
3127 5203 3207 5255 ὅτι
3247 5201 3398 5256 οὐδέν
3430 5203 3578 5254 ἐστιν
3611 5202 3766 5254 εὐκοο

2187 5292 2420 5365 λὼτερον
2445 5292 2554 5348 τῶν
2584 5292 2814 5348 ἐντολῶν
2841 5293 3066 5356 τούτων,
3098 5289 3220 5345 οὔτε
3252 5290 3604 5362 γλυκύτερον,
3643 5289 3766 5344 οὔτε

2193 5384 2573 5458 ἡμερώτερον·
2627 5385 2858 5457 βιαστῶν
2907 5387 3015 5457 γάρ
3079 5387 3225 5441 ἐστιν
3276 5386 3309 5455 ἡ
3376 5380 3625 5454 βασιλεία
3673 5382 3767 5436 τοῦ

2192 5476 2361 5530 Θεοῦ·
2401 5477 2480 5549 τῷ
2523 5477 2631 5551 γὰρ
2670 5477 2909 5533 αἰτοῦντι
2945 5479 3168 5542 δίδοται,
3200 5476 3293 5530 καὶ
3329 5478 3357 5529 6
3388 5474 3642 5545 ὲμπόνως
3670 5473 3768 5544 ζη-

2192 5565 2302 5620 τῶν
2353 5568 2593 5640 εὑρήσει,
2641 5569 2736 5623 καὶ
2787 5568 2866 5640 τῷ
2905 5567 3014 5625 ἀπὸ
3069 5566 3296 5638 καρδίας
3349 5566 3444 5619 καὶ
3491 5564 3770 5636 ὑπομονῆς

2194 5657 2441 5727 κρούοντι
2469 5660 2844 5732 ἀνοιγήσεται’
2877 5660 2971 5713 καὶ
3008 5658 3226 5712 πλείονα
3270 5654 3557 5729 χαρίζεται
3584 5649 3659 5710 ὧν
3685 5655 3770 5708 ai-

2194 5746 2414 5820 τοῦμεν.
2445 5752 2687 5814 Μάταιος
2713 5752 2822 5822 γάρ
2857 5752 3005 5804 ἐστιν
3047 5749 3331 5820 ἅνθρωπος
3355 5748 3504 5810 ὅστις
3529 5745 3627 5799 καὶ
3668 5738 3771 5799 ὧδε

2200 5838 2343 5893 θέλει
2378 5840 2680 5896 ἀπολαῦσαι
2713 5843 2805 5897 καὶ
2829 5840 3222 5906 ἀναπαύεσθαι,
3244 5841 3405 5894 κάκεῖ
3436 5839 3534 5892 σὺν
3552 5836 3775 5912 Χριστῷ
