4088 6382
350 390 445 453 ὗθθ

1485 379 1718 436 SERMO
1753 379 1845 432 AD
1880 375 2284 434 ANTIOCHUM
2318 375 2575 432 DL'CEM.

3497 376 3602 435 590

350 498 789 575 συμσασιλεῦσαι.
822 497 1016 551 Βίασαι
1051 489 1144 549 οῦν
1190 493 1433 559 σεαυτὸν,
1461 492 1556 545 καὶ
1600 489 1791 544 ἐλπίδα
1828 489 1917 560 ἔχε

2034 490 2101 545 ria
2164 500 2219 547 et
2267 491 2586 562 magnitudo
2637 490 2692 545 in
2739 491 2937 547 saecula
2989 492 3336 547 saeculorum.
3402 494 3597 552 Amen.

346 597 420 658 εἰς
442 592 532 648 τὸν
563 587 981 660 παντοκράτορα
1021 584 1174 639 Θεόνο
1231 585 1313 638 δτι
1357 582 1485 654 παρ’
1518 580 1665 651 αὐτῷ
1709 582 1742 650 ἡ
1790 578 1915 651 ῥίζα
1950 580 2050 651 τῆς
2097 580 2428 652 ἀγαθότητος
2473 584 2568 635 καὶ
2605 582 2638 651 ἡ
2670 580 2823 652 πηγὴ
2851 580 2945 635 τοῦ
2965 579 3150 646 ἐλέους
3210 583 3304 637 καὶ
3338 582 3403 637 τὸ
3433 583 3602 642 πέλα-

347 703 435 758 γος
469 684 579 740 τῶν
617 681 937 754 οἰκτιρμῶν.
969 678 1128 750 Αὐτῷ
1152 681 1187 751 ἡ
1233 677 1360 743 δόξα
1389 676 1482 730 καὶ
1506 678 1540 747 ἡ
1576 675 1912 747 μεγαλοσύνη
1952 678 2033 741 εἰς
2055 678 2181 741 τοὺς
2206 677 2407 742 αιῶνας
2431 677 2539 731 τῶν
2564 676 2795 732 αίώνων.
2838 677 3031 750 Ἀμήν.

354 865 489 922 ΤΟΥ
522 862 625 916 EN
661 861 904 915 ΑΓΙΟΙΣ
929 860 1211 914 ΠΑτροΣ
1256 857 1466 911 ΗΜΩΝ
1506 858 1928 913 ΑΘΑΝΑΣΙΟΥ

411 931 996 991 ΛΡΧΙΕΠΙΣΚΟΠΟΥ
1075 926 1603 983 ΑΛΕΞΑΝΔΡΕΙΔΣ
1627 966 1641 990 ,
1732 928 1925 983 ΠΡΟΣ

413 1002 777 1059 ΑΝποΧοΝ
804 1001 1137 1055 ΑρΧοΝΤΑ
1183 996 1317 1069 (86).

414 1118 805 1189 Σκοπὴσωμεν,
852 1112 1188 1185 ηὐλογημένε
1227 1109 1321 1167 τοῦ
1361 1110 1497 1165 Θεοῦ
1528 1108 1804 1184 ἄνθρωπε,
1831 1112 1926 1166 ἐπὶ

351 1210 500 1274 πᾶσι,
538 1206 627 1261 διὰ
650 1209 785 1262 πᾶσι
815 1207 910 1261 καὶ
933 1207 1040 1278 πρὸ
1063 1206 1300 1267 πάντων,
1343 1204 1459 1268 πῶς
1492 1204 1923 1276 περιπατοῦμεν,

350 1301 439 1354 καὶ
458 1300 513 1353 τί
545 1299 672 1371 περὶ
700 1294 911 1352 ἑαυτῶν
941 1294 1336 1367 βουλευόμεθα’
1370 1292 1597 1358 πολλοὺς
1631 1294 1926 1363 γινώσκον-

349 1405 435 1451 τες
460 1386 567 1441 τῶν
581 1386 708 1458 παρ’
739 1385 894 1458 ἡμῶν
919 1384 1212 1455 γινομένων
1240 1401 1299 1438 τε
1322 1383 1414 1436 καὶ
1440 1384 1741 1454 νοουμένων
1760 1384 1925 1453 ἀορά-

347 1496 470 1541 τους
500 1475 866 1549 παρίστασθαι
900 1475 1202 1547 μάρτυρας,
1244 1474 1345 1526 οὐκ
1387 1474 1466 1536 είς
1497 1473 1559 1525 τὸ
1600 1474 1925 1545 φαινόμενον

351 1568 642 1639 βλέποντας
674 1566 854 1637 μόνον,
881 1564 995 1618 ἀλλ’
1030 1566 1113 1618 ἐπ’
1142 1563 1311 1627 αὐτάς
1345 1563 1801 1634 παρακύπτοντας
1829 1565 1925 1628 τὰς

347 1659 523 1731 ψυχὰς
560 1660 653 1712 καὶ
704 1658 766 1711 τὸ
815 1657 1054 1729 κρυπτὸν
1105 1656 1477 1727 διελέγχοντας
1523 1655 1624 1724 τῆς
1674 1657 1917 1728 καρδίας.

348 1750 539 1806 Πολλοί⁹
567 1750 676 1823 γὰρ
701 1748 777 1813 ὡς
810 1746 1024 1819 ἀληθῶς
1062 1747 1392 1817 πανταχόθεν
1433 1746 1739 1815 ἀγγελικῶν
1765 1750 1924 1802 δυνα-

354 1859 497 1914 μεων
524 1843 670 1914 ἡμᾶς
708 1841 1190 1913 παρειστήκεισαν,
1222 1839 1291 1892 τὰ
1328 1839 1598 1911 λεγόμενά
1625 1858 1684 1893 τε
1716 1841 1809 1893 καὶ
1842 1859 1925 1909 γι-

349 1932 547 2002 νόμενα
588 1933 718 2002 παρ’
746 1929 925 2001 ἡμῶν,
961 1929 1053 1982 καὶ
1087 1928 1351 1997 νοούμενα
1380 1928 1541 1999 μέχρι
1583 1928 1745 2000 ψιλῆς
1774 1929 1928 1982 ἐνθυ-

353 2025 587 2096 μήσεως,
635 2021 701 2075 δι’
747 2020 1031 2093 ἀκριϐείας
1077 2021 1255 2091 πάσης
1286 2020 1343 2072 ὲν
1394 2018 1609 2089 οὐρανῷ
1653 2020 1928 2091 καταγρά-

2026 857 2302 915 8ᾺΝΕΤΙ
2357 857 2626 915 PATRIS
2682 850 2958 914 Αιδτιιι
3016 858 3441 917 ΑτιιΑΝΑδιι
3478 857 3601 915 AR-

2096 927 2590 998 CHIEPISCOPI
2666 928 3224 998 ALEXANDRl/E,
3301 930 3402 986 AD
3461 929 3598 986 AN-

2100 997 2446 1054 TIOCHUH
2485 998 2769 1057 DUCEH.

2099 1115 2152 1167 Ι.
2192 1113 2644 1186 Perpendamus,
2696 1116 2981 1172 benedicte
3035 1117 3200 1173 homo
3257 1114 3387 1181 Dei,
3434 1130 3602 1186 super

2025 1206 2230 1268 omnia,
2260 1221 2357 1276 per
2398 1208 2605 1273 omnia,
2649 1215 2777 1262 ante
2802 1207 3008 1274 omnia,
3039 1208 3317 1279 quomodo
3356 1205 3603 1263 ambule-

2027 1312 2171 1355 mus.
2200 1296 2400 1366 quidve
2436 1298 2585 1352 circa
2624 1298 2993 1368 nosmetipsos
3024 1298 3240 1353 consilii
3282 1298 3598 1366 capiamus;

2025 1389 2181 1459 gnari
2213 1390 2637 1446 multosadesse
2664 1399 2942 1461 gestorum
2971 1392 3475 1461 cogitationumque
3501 1403 3604 1443 no-

2027 1489 2266 1535 strarum
2323 1490 2490 1539 testes
2537 1483 2841 1538 invisibiles
2872 1502 2885 1537 :
2913 1483 3005 1553 qui
3044 1498 3151 1536 non
3200 1496 3263 1536 ea
3312 1481 3489 1536 solum
3517 1481 3605 1537 vi-

2027 1571 2156 1625 dent
2190 1588 2311 1641 quae
2337 1573 2442 1628 sub
2476 1581 2756 1644 aspectum
2798 1572 3039 1639 cadunt;
3067 1572 3163 1627 sed
3195 1573 3356 1626 etiam
3389 1572 3604 1641 animas

2029 1662 2350 1729 respiciunt,
2397 1670 2451 1718 et
2480 1664 2623 1732 quod
2660 1665 2713 1717 in
2747 1662 2913 1735 214
2932 1662 3098 1717 corde
3135 1662 3266 1718 latet
3300 1658 3604 1733 deprehen-

2028 1749 2186 1805 dunt.
2222 1747 2371 1805 Multi
2411 1768 2599 1808 revera
2643 1754 3072 1823 circumquaque
3113 1754 3271 1808 nobis
3305 1752 3506 1807 adsunt
3536 1767 3605 1808 ex

2028 1844 2395 1912 angelicarum
2442 1846 2705 1899 virtutum
2758 1862 3014 1907 numero,
3068 1844 3160 1916 qui
3217 1845 3385 1910 dicta,
3437 1845 3604 1911 facta,

2030 1949 2190 1988 sensa
2222 1943 2410 1990 nostra
2453 1936 2519 1991 ad
2556 1938 2835 1991 minimam
2866 1953 3042 2008 usque
3094 1938 3480 2008 cogitationem
3512 1952 3607 1993 ac-

2028 2026 2378 2082 curatissime
2427 2027 2480 2081 in
2514 2029 2656 2081 cmlo
2685 2028 3025 2094 describunt,
3065 2035 3123 2083 ιιι
3169 2030 3299 2084 hinc
3344 2044 3609 2101 coargua-

349 2131 558 2185 φοντες,
589 2113 727 2185 πρὸς
756 2112 975 2182 ἔλεγχον
998 2112 1156 2183 ἡμῶν
1178 2113 1235 2166 ὲν
1261 2115 1326 2183 τῇ
1355 2110 1562 2182 φοϐερᾷ
1597 2113 1781 2183 ἡμέρα
1825 2113 1925 2184 τῆς

2034 2132 2155 2170 mur
2184 2116 2238 2170 in
2269 2117 2549 2172 temenda
2572 2115 2765 2187 judicii
2796 2117 2905 2184 die,
2930 2118 3151 2188 quando
3173 2120 3426 2174 universa
3448 2134 3610 2191 aspe-

350 2205 582 2278 κρίσεως
600 2222 615 2234 ’
639 2204 729 2264 ὅτε
758 2206 908 2257 πᾶσα
936 2204 1043 2257 τῶν
1074 2203 1281 2275 ὁρατῶν
1310 2204 1343 2274 ἡ
1372 2204 1566 2266 κτίσις,
1594 2203 1928 2275 κλονουμένη

349 2297 465 2347 κατ’
499 2292 706 2358 ἔπειξιν
748 2294 972 2363 ἄφατον,
1008 2294 1144 2365 πρὸς
1184 2293 1281 2365 τὴν
1317 2293 1524 2347 οἰκείαν
1550 2293 1769 2346 ὠθεῖται
1809 2311 1931 2347 συν-

348 2385 585 2439 τέλειανο
616 2385 712 2438 καὶ
735 2386 764 2437 ό
789 2385 1015 2454 οὐρανὸς
1045 2385 1140 2439 καὶ
1173 2386 1206 2456 ἡ
1240 2384 1310 2456 γῆ
1348 2383 1563 2455 ριζηδδν
1597 2384 1930 2456 παρελεύσε-

352 2493 462 2540 ται,
489 2476 589 2529 καὶ
630 2475 701 2529 τὰ
745 2474 834 2530 διὰ
888 2476 1053 2547 μέσου
1101 2478 1339 2547 στοιχεῖα
1377 2474 1725 2547 καυσούμενα
1768 2476 1931 2548 λυθή-

354 2582 561 2623 σονται·
610 2569 708 2622 καὶ
749 2568 985 2633 Παλαιὸς
1033 2569 1253 2640 ἡμερῶν
1281 2566 1589 2634 καθέξεται,
1626 2571 1720 2623 καὶ
1762 2569 1931 2641 βίϐλοι

351 2662 678 2731 ἀνοίγονται,
713 2661 823 2715 τῶν
854 2662 1138 2734 ἡμετέρων
1180 2662 1355 2734 ἔργων
1388 2680 1449 2715 τε
1483 2663 1579 2717 καὶ
1621 2662 1795 2732 λόγων
1838 2664 1932 2718 καὶ

350 2755 639 2826 νοημάτων
686 2753 756 2808 τὰ
806 2754 1097 2826 έγγραφα,
1146 2754 1351 2818 πιστῶς
1396 2771 1454 2808 τε
1497 2755 1590 2808 καὶ
1632 2754 1933 2819 ἀνοθεύτως

351 2846 551 2919 έχουσι.
594 2846 779 2900 Χίλιαί
796 2864 854 2900 τε
875 2847 1109 2917 χιλιάδες
1123 2846 1527 2919 λειτουργοῦσιν
1542 2848 1711 2919 αύτῷ,
1726 2849 1820 2902 καὶ⁵
1840 2847 1933 2918 μύ·

355 2957 465 3011 ριαι
481 2939 742 3011 μυριάδες
765 2941 1223 3010 παρειστήκεισαν
1246 2936 1413 3010 αὐτῷ,
1433 2939 1526 2993 καὶ
1542 2939 1737 3011 ἀπειλὴ
1758 2938 1928 3011 πυρὸς

353 3031 632 3103 πανταχοῦ
656 3031 1011 3104 διατρέχουσα
1035 3033 1128 3085 καὶ
1153 3032 1221 3086 τὰ
1253 3031 1435 3102 κύκλῳ
1464 3032 1643 3087 πάντα
1668 3032 1933 3104 περιλαμ-

353 3125 611 3189 ϐάνουσα,
647 3125 742 3178 καὶ
776 3124 879 3197 ὅρη
921 3125 1052 3177 ὡσεὶ
1095 3124 1263 3197 κηρὸν
1308 3126 1614 3196 ἐκτήκουσα
1638 3141 1651 3156 ·
1689 3123 1933 3196 ποταμὸς

352 3217 460 3288 γὰρ
495 3216 669 3288 πυρὸς
702 3208 882 3268 εἷλκεν
920 3214 1225 3286 ἔμπροσθεν
1252 3212 1414 3267 αὐτοῦ
1435 3229 1448 3244 ·
1471 3213 1631 3283 ἡνίκα
1664 3215 1934 3287 τάρταρος

353 3310 446 3363 καὶ
472 3307 665 3381 βόθρος
695 3307 900 3379 ἀχανὴς
934 3307 1025 3360 καὶ
1066 3307 1402 3371 ἀνείκαστος,
1439 3307 1531 3358 καὶ
1567 3305 1756 3370 σκότος
1797 3304 1931 3370 ἐξώ-

353 3417 530 3471 τερον,
559 3397 654 3453 καὶ
687 3396 903 3461 σκώληξ
930 3396 1244 3467 ἀκοίμητος,
1283 3395 1637 3466 ἀναδειχθῶσι
1667 3396 1929 3467 παρόντα.

2030 2209 2311 2263 ctabilium
2365 2225 2551 2265 rerum
2608 2222 2896 2276 creatura,
2953 2211 3309 2266 inenarrabili
3364 2212 3606 2283 impulsu

2029 2315 2324 2365 concussa,
2374 2300 2430 2355 in
2483 2302 2759 2373 propriam
2800 2304 3032 2374 pelletur
3056 2305 3604 2360 consummationem.

2029 2393 2240 2447 Caelum
2290 2401 2346 2448 et
2398 2402 2544 2448 terra
2588 2394 2858 2450 radicitus
2904 2396 3242 2459 transibunt,
3284 2404 3339 2453 et
3382 2411 3502 2467 quae
3551 2395 3607 2451 in

2030 2483 2210 2538 medio
2244 2494 2377 2540 sunt
2424 2484 2718 2550 elementa,
2754 2484 3010 2540 incendio
3062 2485 3353 2556 absumpta
3400 2486 3611 2541 solven-

2030 2581 2141 2628 tur.
2176 2572 2315 2628 Tum
2366 2574 2641 2646 Antiquus
2672 2574 2883 2630 dierum
2924 2574 3157 2640 sedebit,
3203 2575 3324 2630 libri
3369 2574 3612 2645 aperien-

2031 2673 2141 2729 tur,
2178 2665 2235 2720 in
2267 2665 2470 2736 quibus
2507 2674 2699 2722 nostra
2727 2681 2915 2737 opera,
2942 2670 3129 2729 verba,
3165 2667 3403 2735 cogitata
3430 2666 3575 2723 ﬁdeli
3595 2696 3610 2708 -

2033 2764 2116 2813 ter
2143 2768 2306 2828 atque
2345 2758 2664 2829 incorrupte
2703 2757 2977 2829 descripta
3022 2759 3399 2813 continentur.
3442 2758 3610 2813 Millia

2031 2849 2263 2903 millium
2299 2849 2613 2905 ministrant
2646 2848 2745 2913 illi,
2776 2854 2829 2903 et
2861 2849 3043 2904 decies
3075 2848 3272 2904 millies
3310 2850 3449 2904 dena
3488 2849 3611 2903 mil-

2030 2937 2103 2993 lia
2149 2938 2419 2994 assistunt
2460 2938 2559 2991 illi.
2606 2936 2751 3007 Ignis
2796 2937 2908 2991 illic
2952 2937 3309 2991 comminatio
3362 2946 3470 3002 est,
3516 2923 3610 3007 qui

2032 3033 2233 3103 ubique
2272 3031 2554 3098 discurrit,
2589 3031 2773 3085 omnia
2815 3031 3249 3101 circumquaque
3291 3030 3613 3099 complecti-

2032 3131 2144 3187 tur,
2186 3131 2400 3180 montes
2439 3121 2720 3193 liquel‘acit
2761 3122 2905 3176 sicut
2953 3137 3161 3177 ceram.
3196 3120 3423 3179 Fluvios
3463 3124 3609 3178 enim

2034 3216 2226 3287 igneus
2274 3214 2393 3269 lluit
2438 3216 2493 3269 in
2546 3224 2845 3283 conSpectu
2895 3211 3038 3284 ejus.
3092 3212 3320 3279 Quando
3369 3221 3613 3271 tartarus

2032 3307 2382 3363 vastissimus
2408 3321 2732 3376 omnemque
2763 3305 3061 3375 cogitatum
3106 3320 3375 3376 superans
3408 3307 3609 3370 hiatus,

2034 3399 2273 3454 tenebrae
2299 3399 2624 3464 exteriores,
2654 3398 2858 3452 vermis
2897 3414 3178 3467 nunquam
3224 3399 3465 3456 moriens
3503 3415 3612 3454 una

353 3493 462 3547 Καὶ
490 3493 520 3545 ὁ
566 3490 655 3544 ἐπ’
693 3489 863 3553 αὐτὰς
896 3489 1056 3559 φόϐος
1105 3490 1350 3559 εἱστήκει
1396 3490 1687 3560 μετέωρος,
1720 3489 1933 3558 ὲκδεχο-

2035 3491 2333 3561 conspicue
2362 3490 2614 3546 aderunt.
2648 3490 2785 3545 Hinc
2814 3504 3063 3546 summus
3090 3500 3268 3546 terror
3290 3500 3613 3562 exspectan-

357 3585 534 3655 μένων
575 3582 673 3654 τὴν
704 3581 959 3635 ἑκϐασιν·
995 3582 1088 3635 καὶ
1119 3581 1286 3652 ὀργῆς
1334 3580 1553 3649 ἄγγελοι
1599 3580 1930 3643 κολαστικοὶ,

354 3675 464 3745 πῦρ
520 3673 971 3738 ἀποστίλϐοντες,
1027 3673 1139 3743 πῦρ
1188 3689 1246 3725 τε
1300 3672 1622 3741 βλέποντες,
1679 3672 1773 3725 καὶ
1823 3670 1934 3741 πῦρ

354 3768 731 3832 ἀναπνέοντες,
760 3768 970 3837 ἕτοιμοι
994 3768 1073 3828 είς
1096 3767 1273 3818 πᾶσαν
1307 3765 1585 3836 ἐκδίκησιν
1615 3764 1795 3834 πάσης
1832 3776 1936 3815 πα-

357 3862 619 3936 ρανομίας
643 3862 926 3932 ἑστήκασι.
954 3859 1110 3913 Πᾶσά
1129 3875 1189 3911 τε
1222 3859 1358 3929 πρὸς
1380 3857 1588 3920 τούτοις
1619 3856 1792 3919 κτίσις
1818 3853 1936 3908 ὲπί-

355 3955 498 4023 γειός
523 3971 587 4006 τε
614 3956 707 4007 καὶ
736 3952 1076 4023 ἐπουράνιος,
1102 3951 1200 4022 ὅση
1225 3967 1281 4003 τε
1315 3952 1373 4004 ὲν
1407 3950 1658 4019 ἀγγέλοις
1691 3948 1786 4002 καὶ
1815 3951 1936 4011 ταῖς

356 4046 491 4119 ὑπὲρ
535 4044 789 4113 ἀγγέλοις
836 4043 1116 4113 δυνάμεσι,
1156 4043 1247 4096 καὶ
1289 4044 1390 4114 ὅση
1420 4044 1478 4095 ὲν
1502 4043 1751 4114 οὐρανοῖς
1800 4058 1939 4112 παρ-

361 4141 602 4196 ίστανται
638 4139 776 4211 μετά
819 4137 1022 4211 τρόμου
1060 4136 1157 4208 τὴν
1191 4136 1427 4208 φοϐερὰν
1491 4136 1591 4206 τῆς
1629 4135 1777 4198 θείας
1818 4135 1938 4205 βου-

356 4231 451 4302 λῆς
494 4230 844 4301 ἐκδεχόμενοι
902 4227 1229 4299 φανέρωσιν.
1296 4226 1411 4296 Ἐφ’
1461 4221 1535 4280 ὧν
1563 4230 1579 4245 ⁸
1616 4223 1937 4279 κατειόντων

360 4322 533 4392 ἡμῶν,
565 4318 1076 4389 ἀναγνωσθήσονται
1119 4316 1370 4387 πράξεις,
1413 4317 1507 4369 καὶ
1538 4315 1645 4367 τῶν
1680 4315 1937 4385 κρυπτῶν

360 4413 636 4484 ς’ύμνωσις
673 4412 966 4482 γενήσεται
988 4426 1002 4439 ·
1034 4407 1172 4461 ὥστε
1203 4408 1408 4471 πάντας
1452 4407 1623 4472 οὕτως
1652 4405 1940 4477 γινώσκειν

360 4505 607 4577 ἀλλήλων
634 4505 733 4568 τὰς
761 4501 1037 4573 ἁμαρτίας
1056 4514 1072 4529 ⁸
1099 4499 1174 4563 ώς
1216 4499 1444 4563 ἕκαστος
1465 4500 1560 4563 τὰς
1595 4497 1808 4562 ἑαυτοῦ,
1841 4497 1941 4568 τὴν

364 4596 542 4666 βίϐλον
563 4592 959 4663 ἀναγινώσκειν
976 4588 1077 4662 τῆς
1098 4589 1290 4644 ἑαυτοῦ
1314 4591 1688 4663 συνειδήσεως.
1708 4609 1727 4640 ι
1761 4589 1944 4658 Ἐλέγ-

364 4688 437 4753 ξω
469 4705 529 4741 σε
575 4706 596 4739 ι
634 4686 766 4757 γάρ,
802 4685 973 4756 φησὶ,
1012 4702 1030 4735 ι
1086 4685 1179 4737 καὶ
1236 4686 1573 4756 παραστήσω
1613 4682 1751 4737 κατά
1784 4683 1946 4754 πρόσ-

2032 3582 2169 3635 tium
2214 3581 2443 3638 exitum.
2498 3581 2732 3637 Stabunt
2792 3583 2970 3654 angeli
3030 3584 3122 3637 ira:
3173 3583 3432 3647 ministri,
3489 3584 3612 3655 igne

2034 3681 2324 3740 micantes,
2372 3674 2543 3744 ignito
2594 3675 2796 3729 intuitu
2828 3681 3223 3745 respectantes,
3274 3674 3450 3745 ignem
3497 3675 3611 3745 spi-

2034 3774 2241 3828 rantes,
2280 3766 2453 3835 parati
2486 3765 2552 3819 ad
2596 3780 2814 3819 omnem
2865 3766 3124 3821 ultionem
3156 3764 3450 3835 cujuslibet
3487 3781 3613 3836 pec—

2036 3857 2165 3911 cati.
2202 3855 2283 3909 Ad
2314 3857 2427 3911 hac
2458 3871 2581 3911 cum
2618 3866 2856 3913 tremore
2899 3857 3076 3912 aderit
3123 3859 3304 3915 omnis
3336 3866 3612 3926 creatura,

2038 3957 2252 4003 terrena
2286 3949 2673 4018 caalestisque;
2711 3948 2889 4019 angeli
2912 3948 3143 4014 scilicet,
3164 3952 3483 4022 angelisque
3513 3968 3612 4009 su-

2036 4040 2281 4109 periores
2326 4048 2645 4110 potestates,
2705 4056 2897 4097 omnes
2940 4042 3157 4098 demum
3205 4047 3299 4114 qui
3357 4046 3412 4102 in
3457 4048 3613 4105 cmlis

2039 4140 2189 4196 sunt,
2225 4141 2612 4202 exspectantes
2639 4134 2897 4189 horrendi
2929 4136 3146 4191 consilii
3174 4137 3343 4193 divini
3370 4137 3618 4196 declara-

2038 4223 2263 4279 tionem.
2303 4221 2474 4279 Nobis
2520 4224 2726 4280 interea
2777 4226 3116 4290 sedentibus,
3162 4229 3412 4299 legentur
3449 4247 3614 4303 opera

2039 4315 2329 4385 cujusque,
2367 4314 2565 4387 lietque
2598 4318 2938 4373 occultorum
2970 4321 3269 4390 revelatio;
3304 4323 3379 4377 ita
3412 4333 3471 4379 ut
3495 4340 3614 4380 om-

2039 4421 2138 4461 nes
2186 4405 2420 4461 aliorum
2456 4413 2678 4477 pecata
2729 4418 2920 4463 mutuo
2964 4419 3319 4482 cognoscant,
3355 4413 3617 4483 quemad-

2041 4498 2263 4553 modum
2298 4499 2498 4570 singuli
2527 4516 2649 4566 sua,
2678 4510 2733 4556 et
2760 4502 2958 4558 librum
2990 4503 3169 4575 legant
3196 4521 3310 4561 suae
3330 4508 3619 4562 conscien-

2040 4590 2151 4647 tiae.
2183 4588 2342 4654 Nam,
2384 4610 2402 4643 ι
2432 4590 2670 4663 Arguam
2715 4601 2789 4661 te,
2823 4613 2840 4647 ι
2878 4596 2975 4658 ait,
3007 4614 3026 4646 ι
3057 4603 3111 4651 et
3158 4603 3395 4652 statuam
3424 4606 3614 4653 contra

2044 4678 2238 4735 faciem
2287 4690 2434 4736 tuam
2473 4700 2492 4734 ι
2546 4691 2771 4753 peccata
2820 4691 2914 4739 tua
2935 4686 3002 4741 ⁷⁸.
3055 4686 3121 4740 Et
3156 4703 3397 4753 rursum,
3447 4707 3466 4741 ι
3495 4687 3616 4744 Cir-

361 4779 510 4836 ωπόν
545 4795 641 4831 σου
676 4795 700 4831 ι
735 4777 837 4840 τὰς
879 4774 1154 4846 ἁμαρτίας
1180 4791 1274 4828 σου
1296 4793 1309 4806 ·
1342 4776 1434 4829 καὶ
1462 4775 1645 4839 πάλιν,
1669 4794 1687 4826 ι
1715 4768 1933 4827 Κυκλώ-

2043 4771 2378 4826 cumdabunt
2407 4787 2502 4828 eos
2542 4775 2773 4830 consilia
2815 4791 3006 4831 eorum
3031 4778 3100 4833 ".
3134 4797 3153 4828 ι
3180 4778 3248 4832 Et
3282 4795 3411 4834 ecce
3453 4780 3617 4834 homo

373 4887 447 4923 aet
472 4871 671 4934 αὐτοὺς
698 4868 768 4922 τά
795 4865 1074 4921 διαδούλια
1100 4866 1298 4921 αὐτῶν.
1319 4887 1363 4939 ,ι
1399 4867 1508 4923 Καὶ
1531 4866 1638 4921 ἰδοὺ
1658 4866 1941 4939 ἄνθρωπος

370 4963 458 5017 καὶ
491 4962 553 5015 τὸ
597 4960 760 5033 ἔργον
806 4957 1002 5022 αὐτοῦ,
1052 4958 1147 5011 καὶ
1184 4957 1440 5029 δικαστὴς
1488 4956 1939 5027 ἀπαραλόγιστος,

369 5050 777 5122 παρισταμένην
809 5047 947 5119 ἔχων
986 5046 1084 5119 τὴν
1116 5046 1504 5120 μεγαλοπρεπῆ
1540 5047 1648 5100 τῶν
1680 5044 1943 5119 οὐρανίων

368 5144 658 5215 ταγμάτων
725 5141 989 5211 δύναμιν,
1048 5139 1268 5213 ὑψηλῶς
1315 5140 1705 5212 προκαθέζεται
1764 5140 1943 5192 πᾶσαν

365 5236 773 5308 ἄπαστράπτων
797 5231 1161 5302 δικαιοσύνην,
1188 5232 1280 5286 καὶ
1307 5233 1521 5304 ἑκάστῳ
1540 5232 1607 5285 δι’
1634 5231 1942 5295 ἀποδόσεως

364 5326 594 5402 ἀληθοῦς
614 5327 714 5380 καὶ
745 5324 969 5386 δικαίας
997 5323 1176 5394 νέμων
1198 5324 1267 5377 τὰ
1313 5323 1452 5397 πρὸς
1476 5322 1634 5390 ἀξίαν
1654 5362 1670 5386 ,
1699 5326 1810 5388 τοῖς
1843 5322 1943 5395 μὲν

363 5423 425 5477 ἑκ
450 5420 640 5486 δεξιῶν
660 5418 754 5473 διὰ
785 5416 890 5480 τάς
909 5414 1080 5480 καλάς
1107 5413 1332 5488 πράξεις
1354 5415 1488 5485 (86⁸)
1504 5415 1757 5488 σταθήσιν
1778 5428 1945 5488 προσ-

440 5572 480 5605 η
515 5571 663 5628 Psal.
701 5584 870 5630 nix.
903 5566 992 5621 2|.
1066 5567 1113 5598 "
1149 5566 1296 5622 Psal.
1334 5581 1444 5630 vn,
1480 5565 1532 5620 8.

1969 4823 2020 4883 D

2046 4870 2099 4916 et
2131 4875 2268 4931 opus
2290 4860 2432 4930 ejus,
2454 4875 2518 4916 ac
2546 4862 2710 4931 iudex
2738 4866 2832 4934 qui
2863 4864 3040 4936 decipi
3101 4869 3313 4937 nequit,
3342 4869 3431 4923 cui
3460 4870 3616 4926 adest

2047 4952 2337 5023 magniﬁca
2368 4954 2672 5010 caelestium
2713 4956 2963 5011 ordinum
2996 4967 3262 5028 potestas,
3309 4960 3364 5014 in
3399 4961 3617 5016 excelso

2049 5047 2188 5101 solio
2218 5048 2473 5103 omnibus
2500 5050 2749 5119 superior
2774 5051 3003 5117 sedebit,
3034 5053 3180 5106 omni
3212 5052 3426 5124 fulgens
3451 5055 3619 5123 justi-

2048 5140 2149 5205 tia,
2182 5141 2276 5212 qui
2309 5140 2543 5211 singulis
2569 5149 2824 5198 accurate
2848 5152 2901 5197 et
2928 5141 3076 5212 juste
3106 5159 3205 5213 pro
3233 5145 3427 5199 merito
3458 5146 3617 5198 retri-

2046 5230 2209 5287 buet:
2237 5231 2307 5286 iis
2341 5232 2559 5303 quidem
2584 5233 2676 5302 qui
2707 5247 2737 5286 a
2770 5232 2979 5287 dextris
3010 5242 3159 5297 sunt,
3195 5249 3316 5304 quae
3344 5234 3510 5290 statio
3533 5245 3617 5289 est

2048 5325 2256 5380 scilicet
2278 5325 2472 5380 animae
2499 5324 2647 5381 mitis
2676 5332 2731 5380 et
2755 5334 3074 5391 mansuetae,
3104 5341 3329 5398 regnum
3366 5327 3615 5383 tribuens

2049 5429 2079 5469 a
2126 5415 2518 5473 constitutione
2561 5413 2749 5470 mundi
2800 5423 3079 5486 paratum;
3127 5431 3223 5473 eos
3275 5423 3478 5484 autem,
3520 5420 3618 5493 qui

433 5747 541 5821 (86)
579 5748 744 5821 Eone
797 5744 1035 5821 primum
1077 5744 1222 5799 edita
1257 5759 1323 5798 ex
1364 5739 1554 5798 codice
1597 5741 1730 5814 Reg.
1774 5741 1918 5801 2570
1957 5757 2226 5800 annorum
2264 5742 2388 5814 plus
2414 5740 2542 5799 600.

426 5813 554 5893 (86‘)
589 5813 812 5880 Locus,
839 5822 902 5868 ut
927 5813 1160 5878 videtur,
1194 5821 1506 5884 corruptus.
