4088 6382
502 408 597 464 501

1626 404 1680 456 S.
1722 401 2188 458 ATHANASIUS.
2229 432 2299 443 -—
2339 402 2612 461 SPURIA.

3645 408 3751 464 592

497 524 644 594 quod
684 523 841 578 bonis
869 521 1122 592 operibus
1160 526 1383 575 careant
1425 535 1453 572 a
1503 519 1745 573 sinistris
1787 523 2048 574 constitut

2169 519 2303 590 ηνὴς
2347 523 2536 592 πράως
2579 523 2851 593 ἐπιεικὴς,
2911 521 3010 594 τὴν
3055 523 3463 594 ἡτοιμασμένην
3505 523 3614 578 ἀπὸ
3649 542 3749 578 κα-

501 623 650 678 sunt,
689 629 811 668 cum
864 614 1046 666 furore
1089 611 1312 664 mittens
1348 610 1402 662 in
1438 608 1616 678 ignem
1646 617 1932 675 aeternum,
1968 625 2067 681 pa-

501 715 675 760 ratum
715 705 930 758 diabolo
957 713 1010 756 et
1038 701 1244 772 angelis
1273 700 1414 768 ejus.

2172 611 2401 682 ταϐολῆς
2430 613 2632 684 κόσμου
2664 613 2942 684 βασιλείαν
2969 615 3176 677 διδούς·
3212 618 3326 678 τοῖς
3359 616 3418 668 δέ
3455 613 3516 680 ἐξ
3548 614 3750 668 εὐωνύ-

2176 721 2290 774 μων
2307 703 2395 756 διὰ
2420 706 2517 776 τὴν
2545 706 2780 777 ἐρημίαν
2809 707 2914 760 τῶν
2944 707 3164 776 ἀγαθῶν
3190 699 3366 779 ἔργων
3391 708 3526 779 ((87)
3561 708 3746 761 στάσει

497 801 772 873 λαχόντας,
801 802 878 862 εἰς
897 799 957 851 τὸ
981 797 1194 851 αἰώνιον
1222 797 1352 868 πῦρ,
1372 795 1431 849 τὸ
1463 798 1860 868 ἡτοιμασμένον
1889 796 1966 867 τῷ
2001 797 2232 869 διαϐόλῳ
2251 800 2472 863 καὶτοῖς
2494 801 2745 870 ἀγγέλοις
2773 801 2959 866 αὑτοῦ,
2995 803 3110 872 μετ’
3127 802 3297 873 ὀργῆς
3336 801 3744 872 ἀπωθούμενος.

564 897 616 947 2.
657 892 789 958 Quis
835 894 1010 962 ignem
1055 892 1208 946 illum
1253 902 1689 961 perseverantem
1732 893 2063 947 sustinebit?

496 986 618 1054 quis
647 1001 754 1038 non
784 985 1029 1039 horrebit
1069 985 1389 1038 incredibile
1432 984 1566 1038 illud
1615 984 1816 1038 vermis
1851 996 2065 1054 specta-

496 1076 712 1132 culum?
734 1075 867 1142 Quis
893 1077 1238 1131 tenebrarum
1269 1075 1537 1145 ejusmodi
1571 1078 1900 1130 exteriorum
1924 1077 2061 1130 den-

493 1175 706 1226 sitatem
746 1161 1178 1240 gravitatemque
1209 1169 1349 1223 ferre
1380 1169 1616 1238 poterit?
1638 1169 1773 1234 Quis
1822 1170 2064 1239 mugien-

491 1273 598 1317 tem
634 1270 922 1324 tartarum,
961 1269 1014 1315 et
1037 1278 1099 1316 ex
1136 1261 1406 1331 profundo
1434 1262 1579 1317 illius
1613 1278 1718 1315 una
1746 1263 2060 1316 reboantem

490 1354 745 1424 abyssum
783 1351 1113 1406 sustinebit?
1164 1352 1296 1416 Quis
1345 1353 1660 1422 angelorum
1701 1348 1765 1405 ad
1798 1367 1916 1405 eam
1949 1367 2063 1406 rem

489 1445 872 1512 deputatorum
922 1442 1289 1497 truculentum
1351 1456 1414 1496 ac
1461 1451 1677 1496 torvum
1738 1451 2061 1512 aspectum,

492 1537 812 1604 tristemque
852 1535 1060 1587 vultum
1091 1540 1229 1587 tetra
1262 1543 1573 1589 versantem
1627 1549 1736 1591 non
1775 1535 2059 1589 horrebit?

489 1626 645 1692 Quis,
707 1625 850 1695 quod
897 1625 1139 1678 onmium
1191 1625 1454 1680 malorum
1505 1625 1892 1696 gravissimum
1954 1634 2058 1690 est,

2238 895 2290 949 2.
2334 895 2426 959 Τίς
2471 897 2646 949 ἐκεῖνο
2687 896 2746 948 τὸ
2779 895 2890 967 πῦρ
2932 895 3146 965 ἐνέγκοι
3179 896 3509 966 μενόμενον;
3552 895 3636 958 τίς
3683 895 3743 947 ού

2169 989 2540 1058 καταπτήσσει
2587 988 2645 1041 τὸ
2677 986 2825 1054 ξένον
2864 988 3040 1041 ἐκεῖνο
3079 987 3173 1041 τοῦ
3221 987 3498 1059 σκώληκος
3527 987 3742 1058 θέαμα;

2170 1080 2263 1143 Τίς
2322 1080 2415 1133 τοῦ
2464 1080 2688 1143 σκότους
2733 1079 2939 1134 ἐκείνου
2999 1079 3093 1133 τοῦ
3139 1079 3404 1152 ἐξωτέρου
3454 1079 3514 1132 τὸ
3567 1072 3743 1150 παχύν

2166 1188 2224 1224 τε
2282 1169 2416 1243 ὁμοῦ
2464 1172 2556 1225 καὶ
2617 1171 2787 1244 βαρὺν
2848 1171 3033 1244 φέρειν
3095 1172 3415 1244 δυνήσεται;
3486 1171 3583 1234 Τίς
3643 1189 3743 1242 μυ-

2169 1261 2412 1332 κώμενον
2471 1263 2561 1316 τὸν
2627 1263 2926 1336 τάρταρον,
2988 1264 3084 1318 καὶ
3142 1266 3206 1317 ἐκ
3269 1262 3544 1335 πυθμένος
3599 1261 3746 1332 αὐτῷ

2173 1355 2624 1426 συμϐραζομένην
2665 1356 2760 1428 τὴν
2796 1355 3028 1410 ἄϐυσσον
3065 1358 3460 1428 ύποστήσεταις
3503 1356 3599 1418 Τίς
3639 1354 3744 1407 τῶν

2170 1446 2264 1498 ἐπὶ
2302 1446 2458 1500 τοῦτο
2496 1448 2841 1519 τεταγμένων
2873 1449 3120 1518 ἀγγέλων
3152 1449 3212 1501 τὸ
3258 1448 3516 1518 βλοσυρόν
3558 1465 3618 1500 τε
3650 1448 3745 1500 καὶ

2167 1537 2330 1609 δριμὺ
2360 1537 2452 1591 τοῦ
2484 1539 2814 1610 βλέμματος,
2849 1541 3058 1596 καὶτοῦ
3097 1541 3387 1612 προσώπου
3423 1539 3480 1592 τὸ
3504 1539 3744 1610 κατηφὲς

2169 1631 2267 1699 ούχ
2298 1631 2594 1702 ὑποτρέμει
2625 1631 2976 1701 δονούμενον;
3020 1631 3115 1696 Τίς
3159 1631 3219 1685 τὸ
3267 1632 3482 1686 πάντων
3522 1630 3746 1684 δεινότε-

489 1720 831 1774 aversionent
861 1719 1045 1772 vultus
1070 1717 1160 1772 Dei
1202 1723 1399 1770 natura
1421 1717 1568 1777 boni,
1596 1717 1837 1788 benigni,
1865 1724 1919 1772 et
1961 1719 2055 1771 mi-

2170 1741 2260 1794 ρον
2292 1723 2400 1776 τῶν
2431 1724 2634 1786 κακῶν,
2679 1724 2773 1794 τὴν
2805 1725 3151 1794 ἀποστροφὴν
3178 1723 3272 1776 τοῦ
3321 1723 3614 1793 προσώπου
3648 1722 3741 1775 τοῦ

491 1811 810 1874 sericordis,
866 1824 975 1864 non
1026 1808 1438 1863 reformidabit?
1493 1806 1757 1862 Universa
1812 1816 2062 1863 creatura

491 1922 599 1959 una
634 1903 978 1959 aversabitur
1005 1911 1058 1956 et
1087 1902 1463 1956 exsecrabitur
1492 1916 1586 1956 eos
1615 1903 1706 1970 qui
1730 1917 1795 1956 ex
1833 1902 2059 1956 adversa

489 2008 543 2052 et
575 1999 811 2067 maligna
844 2005 1024 2049 mente
1065 2010 1185 2049 sese
1220 1995 1383 2048 tantis
1431 1995 1826 2063 complicavere
1865 1995 2060 2062 malis;

485 2092 632 2160 juste
667 2089 947 2158 indignata
993 2087 1256 2140 adversus
1289 2086 1430 2147 illos,
1464 2084 1609 2154 quod
1653 2101 1785 2160 sese
1812 2086 1948 2141 tales
1976 2102 2064 2156 ap-

490 2198 679 2254 parere
727 2181 1092 2250 conspiciant,
1145 2193 1330 2233 coratn
1384 2193 1449 2231 co
1505 2178 1596 2247 qui
1657 2156 1851 2232 nattira
1911 2181 2061 2234 solus

489 2277 631 2331 Deus
672 2283 726 2330 et
764 2273 1045 2328 hominum
1084 2269 1500 2324 amantissimus
1532 2278 1636 2324 est.
1679 2270 1814 2335 Quis
1870 2271 2059 2341 ingen-

489 2378 592 2421 tem
639 2365 990 2421 conscientiae
1029 2363 1291 2432 pudorem
1345 2359 1589 2413 futurum
1639 2361 1692 2414 in
1742 2361 2060 2415 manifesta-

488 2453 636 2514 tione
682 2465 1044 2518 secretorum,
1100 2453 1430 2509 sustinebit?
1477 2451 1613 2518 Quis
1666 2451 1849 2506 fletum
1907 2452 2060 2505 illum

487 2569 598 2607 non
639 2551 954 2612 tacendum,
1011 2549 1279 2618 lacrymas
1333 2545 1561 2600 acerbas
1617 2545 1762 2607 illas,
1813 2543 2058 2599 dentium

488 2643 784 2706 fremitum,
830 2640 1351 2708 lamentationesque
1399 2652 1589 2692 eorum
1643 2638 1738 2707 qui
1775 2637 2061 2692 tormentis

486 2735 901 2794 cruciabuntur,
943 2730 1067 2801 quis
1100 2744 1291 2799 paznas
1329 2745 1404 2784 ex
1436 2730 1766 2800 negligentia
1805 2738 1955 2784 ortas
2004 2729 2060 2783 in

487 2828 667 2885 medio
721 2827 887 2882 corde
921 2827 1088 2888 sitas,
1137 2839 1257 2893 quae
1288 2823 1412 2892 jure
1477 2831 1531 2877 et
1584 2825 1778 2876 merito
1835 2822 2060 2876 combu-

487 2927 649 2985 rent,
718 2919 954 2973 tolerare
1013 2917 1254 2988 poterit?
1320 2895 1454 2981 Qtiis
1495 2915 1828 2969 anxietatem
1866 2915 2056 2979 animi,

485 3029 551 3068 eo
605 3012 752 3082 quod
809 3013 957 3064 nulla
1025 3011 1096 3064 sit
1136 3009 1331 3063 futura:
1388 3024 1514 3078 spes
1557 3008 1914 3072 mutationis,
1965 3017 2058 3062 aut

2166 1816 2324 1883 φύσει
2357 1815 2531 1888 πράου
2560 1817 2652 1868 καὶ
2698 1815 3078 1888 φιλανθρώπου
3114 1815 3248 1868 Θεοῦ
3281 1817 3373 1868 καὶ
3401 1814 3741 1885 οίκτίρμονος

2162 1908 2222 1959 οὐ
2271 1907 2672 1978 φοϐηθήσεταις
2737 1909 2958 1961 ’Ἀπασα
3006 1907 3184 1970 κτίσις
3243 1907 3739 1977 συναποστρέφεται

2163 1998 2256 2050 καὶ
2307 1997 2647 2067 βδελύττεται
2706 2000 2831 2061 τοὺς
2882 1997 2970 2051 διὰ
3022 1996 3470 2068 φιλαπεχθήμονα
3515 1996 3741 2066 γνώμην

2163 2089 2388 2154 ἑαυτοὺς
2405 2090 2678 2154 τοσούτοις
2695 2093 2882 2152 κακοῖς
2899 2105 2965 2140 πε
2973 2090 3122 2160 ριπεί
3128 2105 3346 2160 ραντας,
3361 2087 3739 2156 ἀγανακτοῦσα

2162 2184 2280 2235 κατ’
2299 2183 2474 2236 αὐτῶν
2498 2183 2742 2247 ἐνδίκως,
2761 2183 2836 2246 ὡς
2859 2181 3131 2246 τοιούτους
3151 2183 3374 2244 ἐαυτοὺς
3397 2183 3628 2251 φανῆναι
3649 2181 3739 2232 τὸν

2161 2275 2321 2342 φύσει
2361 2292 2419 2328 τε
2459 2275 2553 2327 καὶ
2586 2275 2743 2345 μόνον
2784 2273 3161 2346 φιλάνθρωπον
3194 2273 3324 2326 Θεὸν
3354 2272 3741 2343 θεασαμένων;

2160 2367 2254 2428 Τίς
2284 2365 2381 2437 τὴν
2409 2366 2551 2420 κατὰ
2579 2367 2882 2438 συνείδησιν
2908 2367 3209 2436 ἀπέραντον
3235 2364 3490 2436 αἰσχύνην
3519 2364 3739 2436 μέλλου-

2162 2475 2258 2510 σαν
2293 2458 2509 2512 ἔσεσθαι
2545 2460 2636 2512 ἐπὶ
2663 2462 2728 2530 τῇ
2763 2458 3066 2531 φανερώσει
3094 2459 3201 2512 τῶν
3227 2457 3484 2530 κρυπτῶν
3504 2458 3740 2526 ὑποστή-

2162 2567 2350 2616 σεται;
2400 2551 2495 2616 Τίς
2543 2553 2633 2605 τὸν
2677 2552 2937 2622 άσίγητον
2978 2551 3252 2622 κλαυθμὸν
3303 2550 3398 2602 καὶ
3444 2550 3504 2602 τὸ
3544 2550 3736 2621 πικρὸν

2160 2645 2336 2696 ἐκεῖνο
2369 2643 2623 2716 δάκρυον,
2673 2645 2766 2697 καὶ
2805 2643 2897 2696 τὸν
2939 2641 3181 2714 βρυγμὸν
3211 2641 3318 2695 τῶν
3351 2641 3597 2705 ὀδόντων,
3644 2642 3739 2694 καὶ

2159 2737 2285 2798 τοὺς
2315 2738 2593 2799 κωκυτοὺς
2624 2736 2732 2789 τῶν
2762 2739 2820 2790 ἐν
2846 2738 2966 2799 ταῖς
2996 2735 3248 2806 βασάνοις
3291 2732 3650 2804 πιεζομένων,
3701 2730 3736 2800 ἢ

2159 2829 2264 2882 τῶν
2314 2830 2378 2881 ἐκ
2427 2827 2526 2897 τῆς
2569 2827 2826 2897 ἀμελείας
2879 2829 3084 2892 πόνων,
3142 2825 3281 2880 κατὰ
3329 2825 3500 2896 μέσης
3558 2823 3739 2878 αὐτῶν

2159 2920 2519 2991 ἐπικειμένων
2544 2921 2641 2990 τῆς
2681 2920 2928 2988 καρδίας,
2963 2922 3056 2974 καὶ
3087 2918 3484 2988 διασμύχοντας
3513 2915 3739 2979 δικαίως

2162 3012 2359 3077 αὐτῶν,
2404 3011 2489 3075 τίς
2535 3011 2851 3083 δυνήσεται,
2889 3012 2930 3063 Τ
2938 3012 2985 3076 ίς
3024 3012 3122 3082 τὴν
3171 3008 3524 3079 ἐγγινομένην
3559 3007 3738 3068 αὐτοῖς

488 3107 612 3161 linis
663 3106 922 3160 instantis
970 3103 1263 3173 supplicii,
1322 3115 1499 3171 neque
1557 3102 1664 3154 ulla
1713 3109 2055 3170 exspectetur

2165 3105 2524 3176 στενοχωρίαν
2558 3107 2622 3158 ἐκ
2663 3105 2757 3158 τοῦ
2799 3105 2872 3176 μὴ
2902 3103 3140 3167 ἐλπίζειν
3185 3101 3522 3174 προθεσμίαν
3568 3117 3736 3170 μετα-

486 3199 743 3267 deinceps
805 3197 874 3250 ad
934 3198 1132 3250 bonam
1196 3196 1364 3249 vitam
1429 3193 1746 3255 conversio,
1805 3207 2061 3248 enarrare

487 3290 686 3361 queat?
712 3288 1056 3344 Postremum
1101 3302 1338 3356 namque
1393 3292 1447 3339 et
1488 3285 1662 3339 solum
1709 3292 1793 3339 est
1831 3285 2060 3339 horren-

485 3384 617 3438 dum
649 3380 779 3436 illud
817 3380 1052 3434 tribunal
1080 3388 1133 3434 et
1159 3378 1365 3448 justius
1395 3391 1559 3447 quam
1593 3375 1894 3430 terribilius
1921 3393 1934 3442 ;
1979 3385 2060 3430 at-

487 3492 594 3547 que
636 3476 758 3530 ideo
786 3473 1030 3528 terribile
1071 3473 1199 3541 quia
1237 3471 1471 3542 justum,
1506 3478 1558 3523 et
1601 3470 1727 3538 quia
1755 3469 1908 3537 justo
1957 3484 2058 3524 suo

486 3565 700 3619 calculo
721 3563 903 3617 omnia
935 3563 989 3616 in
1023 3578 1080 3617 se
1105 3561 1489 3630 complectitur
1515 3559 1732 3614 saecula.
1766 3556 1901 3624 Quis
1936 3559 2056 3628 eju-

487 3661 630 3715 latus
659 3666 714 3713 et
733 3658 964 3727 gemitus
987 3673 1050 3710 ex
1087 3655 1246 3726 215
1271 3655 1448 3709 medio
1475 3653 1657 3708 cordis
1687 3653 1903 3706 illorum
1932 3667 2057 3721 pro-

485 3752 645 3814 latos,
693 3750 936 3821 ipsisque
981 3748 1234 3802 medullis
1277 3747 1544 3801 luet-entes
1573 3786 1588 3809 ,
1648 3753 1810 3814 atque
1860 3744 2058 3798 acriter

484 3845 698 3901 viscera
726 3842 1006 3906 rodentes,
1033 3842 1079 3897 si
1103 3840 1436 3906 consideret,
1467 3839 1722 3908 lacrymis
1753 3846 2056 3906 temperare

485 3937 723 4007 poterit?
775 3935 909 4002 Quis
961 3937 1198 3990 lamenta
1252 3941 1306 3987 et
1348 3931 1508 3986 ﬂetus
1557 3929 1824 4000 ejusmodi
1883 3929 2052 3993 ferat,

485 4031 616 4100 quin
642 4030 694 4083 in
729 4029 1006 4084 tristitiam
1033 4026 1296 4094 cadat,(si
1314 4023 1630 4094 perpendat)
1657 4037 1904 4092 quamam
1928 4035 2056 4090 pro-

486 4117 664 4172 ferant
706 4117 782 4170 illi
815 4116 1146 4186 ptnnitentiae
1192 4118 1378 4177 verba,
1433 4123 1545 4168 tum
1597 4129 1660 4168 ea
1701 4113 1900 4182 quibus
1934 4126 2055 4166 sese

483 4209 718 4279 quisque
745 4209 1021 4263 cruciatus
1049 4207 1367 4276 alloquitur,
1415 4214 1528 4259 tum
1571 4205 1812 4258 omnium
1848 4203 1915 4258 ad
1944 4218 2056 4256 om-

484 4300 617 4354 nes?
646 4298 800 4354 'l‘unc
829 4299 974 4353 enim
1009 4313 1196 4352 revera
1225 4296 1455 4365 quisque
1483 4311 1704 4350 suorum
1734 4308 1937 4364 gnarus
1969 4301 2053 4348 est

2165 3199 2454 3269 ποιήσεως,
2484 3197 2576 3249 καὶ
2603 3197 2756 3260 τέλος
2784 3197 2881 3267 τῆς
2901 3195 3254 3265 ἐπικειμένης
3281 3192 3573 3255 κολάσεως,
3603 3191 3737 3262 μηδέ

2163 3289 2296 3359 πρὸς
2325 3288 2386 3340 τὸ
2426 3288 2588 3359 eam;
2623 3288 2780 3341 πάλιν
2811 3287 3108 3358 μεταϐολὴν
3148 3284 3482 3355 ἐκδέχεσθαι,
3509 3284 3542 3355 ἢ
3567 3299 3737 3354 προσ-

2157 3381 2339 3452 δοκᾷν,
2371 3381 2602 3446 ἐξειπεῖν
2638 3382 2784 3434 ἐστιν
2824 3379 3037 3444 ἰκανὸς;
3066 3379 3380 3432 Τελευταῖον
3413 3376 3523 3447 γὰρ
3561 3378 3740 3429 ἐκεῖνο

2160 3474 2252 3526 καὶ
2290 3472 2446 3543 μόνον
2484 3473 2712 3544 φοϐερὸν
2757 3472 3132 3543 δικαστήριον,
3183 3471 3276 3524 καὶ
3321 3469 3529 3523 δίκαιον
3575 3467 3737 3520 πλέον

2159 3561 2190 3631 ἢ
2223 3563 2344 3614 ὅσον
2379 3562 2668 3629 ἐπίφοϐον·
2720 3562 2815 3614 καὶ
2855 3559 2943 3613 διὰ
2973 3561 3034 3612 τὸ
3064 3560 3225 3630 τυχὸν
3265 3558 3514 3629 φοϐερὸν,
3543 3557 3625 3610 ὅτι
3652 3556 3736 3609 δίο

2159 3672 2332 3716 καιον,
2357 3654 2452 3708 καὶ
2487 3654 2548 3706 τὸ
2573 3654 2781 3717 πάντας
2815 3653 2992 3724 ἐαυτῷ
3022 3653 3164 3706 κατὰ
3187 3651 3282 3722 τὴν
3306 3649 3520 3703 δικαίαν
3553 3650 3736 3720 ψῆφον

2161 3745 2506 3798 ἐναποκλεῖον
2535 3747 2662 3810 τοὺς
2693 3746 2914 3810 αἰῶνας.
2945 3746 3040 3809 Τίς
3070 3745 3168 3809 τὰς
3198 3743 3441 3815 οἰμωγὰς
3473 3743 3567 3796 καὶ
3608 3745 3735 3806 τοὺς

2162 3838 2499 3907 στεναγμοὺς
2543 3840 2668 3903 τοὺς
2698 3839 2762 3891 ἐκ
2807 3839 2980 3908 μέσης
3027 3836 3206 3890 αὐτῶν
3259 3834 3736 3906 προσφερομένους

2156 3929 2254 3998 τῆς
2281 3929 2527 4000 καρδίας,
2554 3930 2649 3983 καὶ
2676 3929 2855 3983 αὐτῶν
2885 3928 3311 3999 καθαπτομένων
3349 3927 3456 3979 τῶν
3499 3924 3730 3996 μυελῶν,

2157 4023 2251 4073 καλ¹
2291 4022 2501 4093 πικρῶς
2544 4021 2611 4075 τὰ
2644 4021 2927 4092 σπλάγχνα
2974 4019 3438 4081 καταδακνόντων,
3484 4017 3577 4070 ἐπὶ
3611 4015 3734 4069 νοῦν

2155 4111 2448 4182 λαμϐάνων
2480 4113 2729 4184 δακρύων
2771 4114 3053 4186 ἐλεύθερος
3096 4107 3232 4166 εἶναι
3260 4111 3583 4181 δυνήσεταις
3635 4109 3732 4172 Τίς

2156 4204 2245 4256 τὸν
2273 4204 2468 4278 θρῆνον
2499 4207 2592 4260 καὶ
2626 4207 2718 4260 τὸν
2740 4206 3043 4278 ὀλοφυρμὸν
3070 4205 3284 4272 ἐνέγκοι
3309 4202 3477 4273 χωρὶς
3511 4200 3607 4254 καὶ
3631 4201 3732 4270 τῆς

2155 4297 2240 4347 ἐπ’
2268 4297 2439 4366 αὐτῆς
2471 4297 2792 4369 κατηφείας,
2831 4298 2922 4350 καὶ
2955 4296 3072 4368 μεθ’
3101 4296 3225 4348 οἵων
3256 4290 3731 4364 προσφερομένους

482 4391 829 4453 delictorum,
862 4405 986 4444 cum
1018 4404 1105 4443 res
1142 4397 1302 4458 prout
1328 4387 1381 4440 in
1415 4402 1473 4442 se
1523 4395 1649 4441 sunt
1681 4383 1858 4448 nudat,
1892 4391 2053 4454 atque

2160 4387 2264 4441 τῶν
2297 4390 2657 4460 μεταμελείας
2680 4391 2850 4458 λόγων
2879 4389 2988 4443 τῶν
3014 4407 3072 4442 τε
3101 4386 3236 4458 πρὸς
3266 4384 3456 4438 ἑαυτὸν
3497 4383 3731 4436 ἑκάστου

480 4481 628 4535 omni
669 4481 963 4551 cujuslibet
1007 4479 1214 4534 fraudis
1249 4477 1637 4548 impedimento
1662 4491 1846 4529 vacuae
1887 4490 2054 4545 appa-

481 4572 710 4627 ruerint.

2158 4479 2265 4531 τῶν
2294 4480 2688 4552 κολαζομένων,
2737 4481 2831 4534 καλ⁸
2884 4481 3098 4534 πάντων
3136 4478 3272 4550 πρὸς
3325 4475 3569 4539 πάντας;
3595 4473 3728 4526 Τότε

2157 4571 2264 4642 γὰρ
2309 4572 2524 4642 ἀληθῶς
2582 4573 2908 4644 ἐπιγνώμων
2951 4572 3059 4625 τῶν
3114 4569 3308 4624 ἐαυτοῦ
3371 4565 3731 4636 πταισμάτων

477 4668 811 4740 καθέστηκεν
857 4667 1118 4733 ἕκαστος,
1167 4667 1243 4718 ὅτ’
1287 4664 1351 4718 ἂν
1401 4664 1481 4732 ἐφ’
1536 4661 1741 4715 ἑαυτῶν
1795 4661 1975 4732 γυμνά
2027 4665 2236 4733 φανῶσι
2292 4667 2359 4720 τά
2397 4669 2716 4740 πράγματα,
2761 4667 2853 4721 καὶ
2899 4667 3097 4728 παντὸς
3146 4661 3468 4733 κωλύματος
3512 4656 3730 4726 ἀπάτης

476 4761 755 4835 ἐλεύθερα.

545 4860 597 4914 3.
633 4858 844 4913 Justum
876 4852 1236 4923 estjudicium
1270 4859 1443 4911 tuum,
1473 4846 1732 4913 Domine;
1763 4861 1861 4901 nos
1883 4847 2042 4916 quip-

475 4968 541 5021 pe
564 4954 793 5012 vocasti,
836 4965 936 5002 nec
966 4943 1460 5014 obtemperavimus
1487 4940 1582 4995 tibi
1617 4959 1629 4993 :
1665 4939 1829 4993 verba
1868 4937 2044 4994 fecisti

477 5043 668 5104 nobis,
723 5057 824 5095 nec
895 5037 1262 5102 attendimus;
1305 5035 1413 5087 imo
1467 5031 1620 5085 irrita
1667 5030 1895 5084 fecimus
1949 5037 2043 5082 tua

473 5135 726 5191 consilia.
783 5133 914 5187 Jure
955 5130 1174 5185 advenit
1232 5127 1390 5180 nobis
1443 5125 1690 5186 exitium,
1750 5122 2040 5193 pernicies,

473 5237 788 5300 tempestas,
818 5240 1094 5282 aerumnae.
1126 5229 1179 5276 et
1217 5218 1482 5276 obsessio.
1517 5215 1745 5285 Jamque
1791 5223 1846 5269 te
1890 5216 2044 5269 invo-

473 5335 680 5383 camus,
728 5333 828 5373 nec
866 5315 1121 5378 exaudis;
1179 5309 1607 5367 misericordiam
1654 5324 1718 5363 ex
1755 5316 1806 5364 te
1849 5306 2046 5377 quaeri-

475 5426 616 5475 mus,
651 5423 750 5464 nec
782 5408 1109 5463 invenimus.
1158 5403 1268 5457 Nos
1307 5402 1451 5456 enim
1483 5399 1578 5470 qui
1621 5398 1942 5468 sapientiam
1992 5405 2046 5451 et

474 5503 695 5558 verbum
729 5501 941 5556 Domini
973 5500 1098 5552 odio
1127 5495 1438 5559 habuimus,
1467 5505 1645 5561 neque
1679 5488 1772 5543 Dei
1798 5486 2044 5541 consiliis

473 5595 712 5648 animum
755 5592 1026 5647 voluimus
1067 5587 1345 5652 adhibere,
1394 5580 1708 5652 huiusmodi
1745 5595 1808 5634 ex
1853 5584 2043 5632 nostro

473 5685 680 5741 semine
712 5683 921 5737 fructus
949 5677 1312 5747 decerpimus,
1339 5690 1402 5728 ac
1445 5681 1631 5728 nostra
1662 5670 1934 5739 replemur
1960 5667 2043 5721 in-

474 5776 645 5830 sania.
690 5772 800 5828 Nos
834 5773 1031 5841 quippe
1073 5766 1362 5823 excaecavit
1415 5763 1628 5818 fallacia
1665 5763 1808 5824 vitae,
1865 5773 2040 5828 neque

543 5893 654 5961 (87)
692 5893 901 5946 Στάσιν.

2220 4845 2272 4899 '5.
2305 4843 2499 4897 Δικαία
2528 4843 2756 4914 ἠκρίσις
2782 4859 2896 4907 σου,
2913 4842 2942 4893 ὸ
2965 4841 3124 4906 Θεός·
3149 4841 3410 4903 ἐκάλεσας
3430 4838 3539 4912 γὰρ
3559 4841 3726 4912 ἡμᾶς,

2151 4937 2244 4992 καὶ
2263 4937 2360 5008 οὐχ
2398 4934 2788 5006 ὑπηκούσαμέν
2823 4951 2914 4987 σου
2934 4951 2947 4964 ·
2983 4934 3175 5002 λόγους
3202 4934 3258 4986 δὲ
3289 4934 3546 5004 παρεῖχες
3571 4935 3726 5004 ἡμῖν,

2150 5033 2244 5085 καὶ
2271 5033 2332 5086 ού
2360 5030 2729 5102 προσέσχομεν
2745 5045 2757 5057 ·
2782 5025 3068 5098 τοιγαροῦν
3097 5024 3232 5078 ἀλλὰ
3251 5023 3486 5095 ἀκύρους
3511 5023 3727 5078 ἐποιοῦ-

2155 5141 2254 5195 μεν
2304 5123 2401 5186 τὰς
2440 5123 2538 5185 σὰς
2583 5121 2795 5192 βουλάς.
2831 5117 3062 5180 Δικαίως
3106 5112 3267 5187 ἦλθεν
3310 5117 3388 5178 εἰς
3421 5117 3570 5186 ἡμᾶς
3623 5117 3729 5169 άπ-

2149 5213 2317 5266 ώλεια
2337 5213 2430 5266 καὶ
2453 5212 2670 5283 ὄλεθρος
2693 5212 2785 5265 καὶ
2807 5208 3056 5275 καταιγὶς
3080 5208 3172 5259 καὶ
3199 5206 3375 5276 θλίψις
3400 5207 3492 5259 καὶ
3512 5206 3728 5279 πολιορ-

2149 5305 2260 5361 κία.
2297 5306 2406 5360 Καὶ
2452 5306 2546 5358 νῦν
2578 5307 2742 5376 ἡμεῖς
2776 5299 3185 5369 ἐπικαλούμεθά
3218 5316 3276 5352 σε
3301 5337 3316 5362 ,
3345 5299 3436 5351 καὶ
3467 5299 3570 5351 ούκ
3617 5300 3728 5351 εἰσ-

2150 5395 2390 5460 ακούεις,
2415 5397 2508 5450 καὶ
2537 5395 2807 5467 ζητοῦμεν
2837 5391 2990 5463 παρὰ
3015 5390 3133 5453 σοῦ,
3158 5392 3252 5445 καὶ
3281 5391 3376 5460 ούχ
3402 5388 3726 5461 εὑρίσκομεν

2150 5486 2316 5550 ἔλεος.
2349 5491 2410 5541 Οἱ
2469 5489 2576 5559 γὰρ
2625 5489 2952 5559 μισήσαντες
2985 5483 3178 5552 σοφίαν
3217 5483 3309 5536 καὶ
3337 5481 3492 5548 λόγον
3521 5479 3724 5552 Κυρίου

2155 5579 2228 5649 μὴ
2292 5581 2697 5652 προσελόμενοι,
2751 5577 2886 5648 μηδέ
2911 5575 3237 5645 θελήσαντες
3265 5571 3397 5626 Θεοῦ
3439 5570 3724 5642 προσέχειν

2150 5666 2362 5736 βουλὰς,
2411 5669 2682 5732 τοιούτους
2721 5663 3044 5737 ’δρεπόμεθα
3082 5665 3209 5728 τοὺς
3240 5661 3482 5734 καρποὺς
3511 5658 3622 5713 τῶν
3650 5659 3726 5711 οἰ-

2146 5758 2306 5815 κείων
2331 5763 2678 5836 σπερμάτων,
2708 5760 2800 5814 καὶ
2829 5759 2924 5827 τῆς
2950 5753 3161 5809 ἑαυτῶν
3188 5755 3371 5818 ἀνοίας
3406 5749 3725 5823 ἐμπιμπλά·
