3920 6528
237 359 347 413 593

1316 355 1551 412 SERMO
1585 355 1675 410 AD
1711 351 2117 409 ANTIOCHUM
2166 348 2421 409 DUCEM.
3364 350 3481 404 {LCL

236 470 402 543 μεθα-
445 469 824 539 Ἀπετύφλωσε
855 474 963 540 γαρ
984 472 1131 542 ἡμᾶς
1159 473 1192 540 ή
1227 470 1411 540 ἀπάτη
1433 468 1527 523 τοῦ
1560 468 1694 539 βίου,
1718 467 1811 520 καὶ

1918 466 2163 522 novimus
2192 466 2448 537 mysteria
2472 466 2585 530 Dei,
2623 482 2719 519 uec
2740 465 3074 535 speravimus
3108 480 3329 534 prorsus
3349 482 3468 519 esse

233 561 616 632 οὕκέγνωμεν
672 564 944 632 μυστήρια
993 560 1147 626 Θεοῦ,
1200 561 1319 614 οὐδὲ
1363 560 1550 632 μισθὸν
1591 554 1813 613 εἶναιτὸ

235 653 461 708 σύνολον
484 652 794 723 ἠλπίσαμεν
839 652 1113 724 ὁσιότητος
1135 669 1149 682 ·
1176 653 1270 705 καὶ
1299 652 1387 705 διά
1422 651 1579 706 τοῦτο
1609 651 1811 724 τρίϐοις

234 741 467 812 ἀνομίας
498 736 924 813 ὲνεταήσθημεν.
951 740 1326 812 Διωδεύσαμεν
1356 742 1413 796 δὲ
1439 742 1655 813 τρίϐους
1680 742 1813 796 ἀϐά-

232 850 382 896 τους,
405 832 608 905 δηλαδὴ
630 834 727 904 τῆς
749 831 901 897 θείας
919 834 1221 903 ἐπισκοπῆς
1240 850 1253 863 ’
1285 833 1382 906 τὴν
1400 833 1458 887 δὲ
1471 833 1586 886 ὁδὸν
1606 834 1810 905 Κυρίου

233 926 338 979 οὐκ
366 924 634 995 ἔγνωμεν.
662 924 770 978 Καὶ
801 924 886 988 τίς
919 927 948 978 ὁ
978 924 1201 987 πλοῦτος
1234 924 1292 988 ὃς
1335 924 1471 995 μετά
1500 921 1813 988 ἀλαζονείας

235 1016 614 1087 συμϐέϐληται
668 1018 830 1087 ἡμῖνς
862 1008 1133 1088 παρῆλθεν
1154 1017 1336 1069 ἐκεῖνα
1363 1017 1533 1070 πάντα
1579 1016 1655 1080 ὡς
1688 1018 1815 1071 σκιὰ

233 1109 334 1163 καὶ
364 1108 444 1172 ὼς
468 1108 698 1177 ἀγγελία
736 1108 1173 1181 παρατρέχουσα,
1212 1108 1306 1161 καὶ
1337 1107 1411 1171 ὡς
1446 1107 1576 1172 ναῦς
1612 1108 1815 1181 διερχο-

237 1200 377 1271 μένη
439 1200 834 1270 κυμαινόμενον
874 1199 1037 1272 ὕδωρ,
1087 1194 1153 1270 ἦς
1206 1199 1489 1270 διαϐἀσης,
1519 1201 1618 1254 οὐκ
1669 1202 1814 1257 ἔστιν

234 1294 386 1361 ἴχνος
418 1294 621 1365 εὑρεῖν,
645 1274 765 1345 οὐδέ
795 1291 1039 1363 ἀτραπὸν
1060 1292 1331 1363 τροπαίως
1366 1292 1535 1363 αὐτῆς
1560 1295 1617 1346 ὲν
1639 1293 1703 1347 κύ
1713 1313 1816 1366 μα-

236 1401 344 1438 σιν.
386 1386 457 1436 Ἦ
488 1385 565 1448 ὡς
588 1384 775 1457 ὀρνέου
800 1384 1119 1447 διαπτάντος
1148 1383 1305 1457 ἀέρα,
1327 1384 1480 1438 οὐδὲν
1504 1385 1815 1456 εὑρίσκεται

233 1477 416 1547 τεκμή
428 1493 540 1547 ριον
557 1476 803 1547 πορείας.
831 1476 1116 1548 Παρῆλθεν
1134 1477 1318 1529 ἐκεῖνα
1350 1478 1546 1541 πάντα,
1569 1478 1728 1532 τοῦτο
1755 1480 1816 1534 τὸ

236 1566 350 1638 πῦρ
380 1569 515 1637 ἡμῖν
543 1567 767 1636 ἀφέντα,
800 1565 1160 1637 κληρονομίαν
1191 1567 1272 1631 είς
1299 1567 1505 1632 πάντας
1534 1569 1815 1640 διαμένου-

237 1676 340 1712 σαν
369 1658 596 1724 αἰῶνας.
620 1658 815 1713 Δικαία
843 1661 877 1730 ἡ
904 1659 1084 1730 κρίσις
1114 1674 1230 1722 σου,
1257 1660 1286 1712 ό
1310 1658 1438 1722 Θεός
1462 1677 1475 1689 ·
1498 1659 1672 1714 ταῦτα
1707 1660 1818 1732 γὰρ

238 1745 493 1817 λέγοντες
542 1749 794 1803 οὐδέποτε
849 1747 1167 1827 παυσόμεθα
1198 1750 1413 1803 λοιπόν·
1454 1750 1812 1822 έκαλούμεθα,

241 1842 332 1892 ml.
382 1841 484 1910 οὐχ
531 1821 911 1912 ύπηκούομενί
946 1840 1391 1913 ὲνουθετούμεθα,
1425 1843 1518 1895 καὶ
1538 1842 1599 1895 οὐ
1648 1821 1816 1913 προσ-
1848 1821 1887 1876 Β

237 1933 460 2002 ἔχομεν.
494 1933 630 2003 Περὶ
653 1933 857 1985 τούτων
886 1933 1008 1986 καθ’
1039 1934 1274 2003 ἑκάστην
1306 1932 1517 2005 ἡμέραν
1542 1934 1816 1988 ἐδιδασκό-

237 2021 383 2091 μεθα
407 2020 519 2074 τῶν
544 2013 751 2086 δεινῶν,
775 2021 870 2075 καὶ
894 2024 1328 2095 κατεφρονοῦμεν
1354 2023 1461 2078 τῶν
1475 2023 1778 2095 λεγομένων
1798 2042 1812 2056 '

233 2113 338 2165 οὐκ
369 2112 564 2165 ἐλύπει
602 2115 751 2184 ἡμᾶς
791 2114 912 2167 τότε
960 2112 1062 2168 κᾶν
1097 2116 1290 2187 μικρὸν
1336 2116 1406 2169 τὰ
1450 2119 1577 2188 περὶ
1613 2117 1816 2172 τούτων

236 2205 491 2275 ῥήματα·
522 2205 757 2257 ὲπεὶούκ
786 2204 852 2258 ἂν
888 2205 1129 2278 σφοδρῶς
1162 2206 1333 2271 οὕτως
1359 2207 1545 2261 ἐλύπει
1577 2208 1643 2263 τά
1673 2211 1817 2280 πρά-

232 2312 429 2367 γματα
449 2314 461 2327 ·
484 2296 651 2369 λῆρος
686 2299 815 2367 ἡμῖν
832 2298 1110 2368 ἐνομίζετο
1137 2299 1203 2353 τὰ
1224 2299 1317 2353 νῦν
1339 2301 1493 2397 ῄμῶν
1528 2302 1818 2373 συνέχοντα

229 2388 336 2459 τὴν
371 2388 542 2459 ζωήν.
601 2388 771 2442 Τοῦτο
830 2390 1066 2461 συνεχῶς
1103 2388 1373 2463 ὲπᾲδομεν
1394 2410 1408 2422 ·
1429 2394 1492 2445 Ὤ
1522 2394 1619 2464 τῆς
1647 2394 1815 2465 ρᾳθυ-

234 2478 371 2549 μίας
398 2479 412 2530 !
437 2477 483 2530 ὦ
518 2477 619 2548 τῆς
654 2479 901 2551 ἀπάτηςί
945 2478 990 2532 ὦ
1018 2478 1123 2534 τῶν
1171 2480 1357 2534 κακῶν
1396 2479 1811 2552 βουλευμάτωνῐ

228 2568 280 2621 ὦ
326 2569 440 2622 τῶν
478 2570 733 2640 πονηρῶν
784 2570 1272 2642 συναλλαγμάτωνί
1309 2568 1354 2624 ὣ
1405 2571 1497 2626 τοῦ
1542 2571 1815 2643 θαύματος

228 2659 335 2729 τῆς
385 2658 481 2712 ἐπὶ
512 2659 721 2723 τούτοις
763 2660 857 2714 τοῦ
896 2660 1028 2714 Θεοῦ
1058 2661 1268 2726 δικαίας
1300 2663 1530 2735 κρίσεως
1561 2663 1654 2717 καὶ
1677 2665 1813 2716 ἀπο-

229 2752 497 2821 φάσεωςί
536 2752 661 2816 Πῶς
692 2753 919 2807 ἑκάστου
944 2753 1051 2807 τῶν
1080 2755 1359 2826 ἡμετέρων
1406 2755 1815 2826 ἁμαρτημάτων

228 2843 417 2907 εἴδους
441 2844 751 2915 πρόσφορον
772 2846 901 2916 ἡμῖν
933 2846 1196 2899 ἀντέδωκε
1223 2845 1478 2916 βάσανονί
1507 2847 1573 2900 δι’
1591 2846 1814 2917 οἰκτράν

228 2936 345 3007 γάρ
380 2937 481 2989 καὶ
496 2936 843 2991 ἀπόπτυστον
867 2937 1065 3009 σαρκὸς
1086 2937 1298 3009 ἡδονὴν,
1326 2938 1529 3008 ταύτην
1554 2937 1695 3008 ἔχειν
1716 2938 1814 3007 τὴν

235 3027 484 3098 φοϐερὰν
500 3027 724 3092 δικαίως
738 3029 1032 3101 κατεκρίθη
1042 3047 1139 3100 μεν
1162 3026 1384 3099 γέενναν
1402 3048 1415 3060 ο
1439 3032 1528 3083 τὸν
1544 3030 1703 3100 ζόφον
1722 3032 1814 3084 καὶ

233 3119 301 3172 τὸ
329 3118 702 3182 σκότοςτοῦτο
720 3122 884 3173 οἰκεῖν
907 3121 1326 3193 κατεκρίθημεν.
1358 3121 1570 3192 Ἐπειδὴ
1598 3123 1814 3193 ἠγαπή-
1844 3146 1890 3209 c

232 3227 411 3281 σαμεν
437 3210 619 3263 πάντα
642 3210 711 3264 τὰ
739 3210 960 3283 αἰσχρὰ,
990 3212 1085 3266 καὶ
1118 3212 1334 3266 πάντων
1364 3212 1497 3282 ὁμοῦ
1525 3212 1632 3264 τῶν
1661 3211 1819 3267 θείων

229 3299 461 3370 ἀγαθῶν
483 3302 1018 3373 καταφρονήσαντες,
1046 3301 1116 3355 τά
1154 3302 1351 3356 ίππικά
1399 3303 1492 3355 κοιλ⁸
1521 3301 1590 3356 τά
1620 3300 1822 3373 θέατρα

231 3394 327 3447 καὶ
346 3393 420 3447 τά
444 3393 746 3464 κυνηγέσια
773 3395 1238 3465 προετιμήσαμεν,
1255 3395 1311 3447 ὲν
1334 3388 1413 3457 οἷς
1424 3393 1689 3464 δαιμόνων
1703 3393 1824 3464 ἐχό-

232 3502 396 3558 ρευον
424 3486 610 3555 δῆμοι,
642 3485 735 3538 καὶ
752 3486 901 3539 πᾶσα
918 3484 1038 3539 θεία
1085 3485 1328 3556 ἀγγέλων
1351 3486 1495 3555 ἀπῆν
1520 3487 1717 3540 σκοπιὰ
1729 3487 1823 3541 καὶ

231 3577 560 3646 ἐπίγνωσις.
600 3576 765 3630 Ἔνθα
792 3577 853 3630 τὸ
888 3578 985 3649 μὲν
1011 3579 1204 3648 σεμνὸν
1233 3579 1330 3649 τῆς
1352 3580 1683 3650 εὐφροσύνης
1700 3579 1822 3632 πολ-

228 3672 344 3735 λοῖς
380 3668 752 3740 καθυϐρίζετο
771 3669 992 3741 τρόποις
1011 3687 1024 3701 ·
1052 3670 1110 3723 τὸ
1140 3669 1196 3722 δὲ
1215 3670 1313 3741 τῆς
1341 3670 1631 3735 ἀκολασίας
1659 3671 1823 3725 κακόν

230 3782 287 3817 τε
306 3764 407 3817 καί
428 3760 688 3832 βδελυρὸν
718 3760 1056 3831 ἐσεμνύνετο.
1077 3761 1311 3824 Δικαίως
1340 3758 1433 3815 τοῦ
1481 3762 1655 3830 φωτὸς
1671 3763 1823 3814 ἐστε-

234 3853 457 3926 ρήμεθα
473 3852 595 3916 νῦν,
612 3854 693 3905 ὅτι
723 3852 860 3923 πρὸς
887 3851 1044 3919 δόξαν
1056 3850 1151 3905 τοῦ
1176 3850 1537 3923 πεποιηκότος
1560 3851 1693 3905 Θεοῦ
1725 3852 1827 3921 τὴν

233 3945 419 3999 κτίσιν
443 3942 589 3997 κατά
629 3941 725 4012 τὴν
771 3941 1273 4013 πρόσκαιρονήμῶν
1289 3941 1433 4012 ζωὴν
1459 3942 1557 3994 οὐκ
1594 3941 1816 3995 ἐθεασά-

235 4034 398 4106 μεθα·
417 4033 537 4088 ἀλλ’
551 4031 890 4102 ὲμολύναμεν
900 4032 1025 4095 τοὺς
1040 4031 1344 4101 ὀφθαλμοὺς
1362 4030 1514 4101 ήμῶν
1532 4030 1623 4088 καὶ
1633 4029 1700 4083 τά
1714 4023 1827 4083 ὦτα

234 4128 326 4180 καὶ
354 4126 637 4194 γλῶσσαν,
677 4124 874 4195 μᾶλλον
906 4124 963 4176 δὲ
995 4124 1093 4194 τὴν
1121 4124 1241 4178 κατ’
1281 4124 1464 4177 εἰκόνα
1496 4122 1632 4176 Θεοῦ
1670 4139 1826 4192 γεγε·

234 4235 296 4286 νη
304 4217 488 4287 μένην
514 4213 690 4285 ψυχὴν
713 4215 845 4267 πᾶσι
869 4216 982 4275 τοῖς
995 4213 1072 4284 τῷ
1089 4212 1208 4284 Θεῷ
1227 4231 1385 4284 μισου
1394 4214 1572 4284 μένοις
1594 4213 1827 4284 θεάμασι

233 4325 290 4361 τε
332 4308 432 4361 καὶ
463 4308 780 4377 ἀκροάμασι
814 4307 908 4358 καὶ
938 4307 1165 4378 ῥήμασι,
1182 4306 1276 4359 καὶ
1301 4307 1420 4367 ταῖς
1440 4305 1557 4358 κατ’
1586 4304 1827 4375 ἀλλήλων

238 4398 571 4469 βασκανίαις
628 4396 981 4467 ἐφθείραμεν,
1014 4397 1093 4459 εἰς
1130 4395 1187 4448 δὲ
1212 4394 1302 4449 τὸν
1346 4394 1613 4466 τάρταρον
1638 4394 1826 4448 τοῦτον

1911 559 2200 630 quamdam
2235 558 2539 613 sanctitatis
2570 559 2871 613 mercedem
2904 578 2915 612 :
2953 565 3278 628 quapropter
3308 560 3467 611 semi-

1912 651 1983 705 tis
2015 650 2316 720 iniquitatis
2344 650 2534 720 repleti
2567 665 2773 704 sumus.
2798 649 3206 705 Ambulavimus
3235 664 3329 719 per
3354 647 3469 703 vias

1911 745 2244 810 inaccessas,
2276 744 2472 798 divina:
2524 742 2735 798 scilicet
2762 742 3076 810 visitationi,
3105 743 3246 797 viam
3285 753 3469 796 autem

1912 833 2124 890 Domini
2160 834 2547 904 ignoravimus.
2590 833 2786 902 Ecquae
2819 832 2922 886 illae
2955 832 3152 886 divitiae
3180 848 3316 901 quas
3346 846 3471 885 cum

1912 926 2222 997 arrogantia
2251 925 2758 980 accumulavimus?
2794 923 2916 979 Haec
2944 923 3126 978 omnia
3154 923 3311 993 quasi
3353 939 3472 976 um-

1911 1017 2008 1071 bra
2036 1016 2300 1072 transiere
2328 1024 2382 1071 et
2408 1015 2562 1085 quasi
2610 1015 2857 1069 nuntium
2891 1016 3218 1086 praeteriere,
3262 1029 3485 1069 necnon.

1913 1108 2071 1178 quasi
2102 1110 2257 1163 navis
2305 1108 2501 1163 undam
2549 1122 2741 1163 secans
2785 1108 3064 1177 agitatam,
3095 1123 3200 1176 qua
3249 1113 3469 1177 praeter-

1912 1214 2122 1271 gressa,
2174 1200 2381 1253 nullum
2421 1209 2698 1269 comparet
2743 1199 3050 1267 vestigium,
3094 1198 3241 1251 nulla
3282 1196 3475 1252 semita

1914 1291 1969 1344 in
2000 1288 2252 1344 ﬂuctibus
2286 1289 2641 1359 conspicitur.
2692 1287 2787 1344 Vel
2830 1290 2971 1343 sicut
3004 1288 3119 1342 avis
3168 1303 3263 1358 per
3295 1302 3479 1343 aerem

1914 1380 2148 1437 volantis
2175 1382 2380 1434 nullum
2409 1382 2623 1436 volatus
2650 1382 2919 1450 reperitur
2945 1381 3180 1450 signum.
3207 1378 3329 1433 liam
3356 1395 3478 1433 om-

1914 1473 2004 1535 nia
2046 1472 2343 1535 transiere,
2389 1473 2653 1541 nobisque
2700 1486 2800 1540 pro
2847 1471 3161 1526 haereditate
3210 1471 3479 1541 reliquere

1915 1564 2060 1619 hunc
2080 1563 2258 1635 ignem
2280 1578 2375 1632 per
2396 1564 2578 1617 omnia
2605 1564 2801 1618 saecula
2826 1564 3229 1633 perdurautem.
3260 1560 3287 1616 J
3296 1570 3479 1619 ustum

1914 1665 1998 1711 est
2021 1654 2284 1725 judicium
2332 1665 2503 1720 tuum,
2534 1654 2717 1723 Deus;
2752 1655 2866 1710 haec
2899 1656 3044 1710 enim
3083 1654 3298 1710 dicendi
3332 1671 3474 1709 nun-

1914 1761 2076 1815 quam
2102 1745 2357 1815 deinceps
2392 1744 2551 1801 ﬁnem
2582 1744 2843 1800 faciemus
2880 1763 2894 1799 :
2933 1747 3109 1800 vocati
3135 1761 3346 1809 sumus,
3378 1762 3479 1799 nec

1915 1837 2430 1906 obtemperavimus,
2483 1838 2671 1892 momti
2729 1837 2931 1893 fuimus
2982 1851 3083 1893 nec
3130 1837 3479 1894 attendimus.

1916 1926 2255 1983 Docehamur
2301 1928 2540 1998 quotidie
2588 1930 2896 1997 hujusmodi
2946 1928 3060 1985 fore
3106 1944 3396 1995 aerumnas,
3426 1937 3483 1984 ct

1916 2020 2060 2075 dicta
2111 2019 2422 2089 hujusmodi
2466 2020 2925 2091 despiciebamus,
2962 2021 3341 2091 neque-nobis
3388 2021 3478 2077 isti

1915 2126 2197 2167 sermones
2225 2114 2309 2165 vel
2343 2113 2626 2166 minimum
2656 2114 2922 2168 molestia:
2969 2112 3301 2180 alferebant;
3352 2114 3480 2184 quia

1915 2218 2017 2257 nec
2045 2203 2177 2273 ipsae
2200 2218 2289 2257 res
2319 2202 2477 2257 nobis
2512 2202 2800 2258 admodum
2842 2203 3083 2257 molestae
3108 2211 3264 2258 erant
3288 2222 3302 2259 :
3325 2220 3481 2275 nugae

1913 2290 2239 2347 videbantur
2266 2293 2424 2348 nobis
2467 2308 2588 2348 esse
2627 2308 2748 2362 quae
2779 2293 2893 2362 jam
2928 2302 3168 2349 nostram
3213 2307 3497 2364 occupant

1914 2382 2102 2438 vitam.
2131 2380 2244 2437 Hoc
2272 2383 2523 2438 canimus
2548 2382 2796 2439 assidue:
2827 2382 2871 2437 Ο
2893 2384 3269 2455 negligentiam
3288 2386 3303 2440 !
3321 2399 3354 2439 ο
3382 2384 3482 2439 fal-

1914 2473 2137 2555 laciam!
2172 2489 2205 2529 o
2236 2477 2401 2544 prava
2425 2476 2652 2530 consilia
2677 2477 2689 2528 l
2714 2491 2748 2531 ο
2770 2490 2964 2545 pravas
2995 2476 3477 2533 commutationes!

1915 2582 1948 2624 ο
1985 2562 2305 2623 miraculum
2341 2570 2445 2623 hac
2475 2570 2529 2623 in
2574 2585 2631 2623 re
2657 2569 2788 2638 justi
2828 2568 2920 2623 Dei
2949 2569 3142 2638 judicii
3168 2585 3232 2624 ac
3263 2582 3484 2627 senten-

1915 2663 2036 2717 tim!
2064 2662 2183 2728 Quo
2210 2672 2370 2734 pacto
2396 2678 2495 2733 pro
2531 2663 2762 2733 singulis
2812 2670 3160 2733 peccatorum
3192 2664 3493 2736 generibus.

1914 2770 2213 2826 congruum
2256 2756 2416 2812 nobis
2460 2755 2694 2811 reddidit
2736 2757 3037 2811 cruciatum
3069 2756 3082 2811 ἰ
3119 2756 3190 2812 ob
3228 2756 3482 2812 miseram

1912 2856 1969 2903 et
1989 2848 2349 2917 respuendam
2370 2847 2719 2918 voluptatem,
2740 2848 2795 2902 in
2814 2848 2956 2903 hanc
2974 2848 3269 2903 terribilem
3284 2848 3497 2918 gehen-

1914 2954 2040 2994 nam
2073 2940 2268 2994 merito
2294 2939 2535 2993 damnati
2575 2955 2766 2995 sumus
2797 2956 2812 2996 :
2842 2940 2956 2994 haec
3009 2940 3205 3011 caligo,
3231 2940 3312 2995 hae
3337 2951 3484 2996 ter"-

1912 3031 2024 3086 braz
2069 3031 2123 3086 in
2153 3031 2490 3087 domicilium
2512 3031 2692 3086 nobis
2725 3031 2997 3101 deputata:
3024 3040 3173 3087 sunt.
3206 3029 3479 3099 Quoniam

1920 3123 2128 3178 scilicet
2148 3122 2386 3178 obscena
2403 3122 2583 3177 omnia
2600 3122 2910 3203 dileaimus,
2930 3121 3113 3176 divina
3130 3122 3273 3177 bona
3298 3124 3489 3202 omnia.

1920 3214 2122 3285 pariter
2168 3212 2544 3283 despeximus,
2587 3213 2803 3284 illisque
2861 3213 3271 3282 anteposuimus
3319 3205 3486 3283 eque-

1922 3306 2077 3370 stria,
2111 3305 2344 3370 theatra,
2367 3306 2715 3370 venationes,
2755 3306 2955 3377 quibus
2994 3307 3050 3361 in
3075 3306 3240 3362 rebus
3279 3305 3485 3361 daemr-

1922 3413 2052 3453 num
2077 3398 2287 3454 choreae
2305 3397 2686 3462 versabantur,
2704 3398 2998 3469 aberatque
3030 3398 3279 3454 universa
3304 3397 3486 3452 divina

1922 3490 2236 3562 angelorum
2269 3489 2568 3559 speculatio
2592 3496 2647 3543 et
2684 3490 2943 3559 cognitio.
2978 3487 3090 3544 l-llic
3124 3490 3308 3560 probae
3350 3489 3459 3544 latti

1923 3581 2012 3635 tia:
2032 3579 2268 3651 gravitas
2297 3578 2483 3634 multis
2515 3579 2965 3633 contumeliarum
3011 3578 3186 3633 modis
3214 3577 3486 3633 allicieba—

1924 3680 2044 3738 tur;
2092 3670 2523 3741 intemperantiae
2573 3684 2701 3725 vero
2742 3670 3133 3724 exsecrandum
3181 3670 3383 3723 malum
3429 3670 3484 3724 in

1923 3761 2131 3817 honore
2151 3769 2288 3816 erat.
2310 3759 2440 3816 Jure
2460 3774 2523 3816 ac
2546 3762 2741 3815 merito
2761 3760 2875 3829 jam
2902 3761 3020 3815 luce
3040 3760 3334 3828 privamur,
3359 3760 3485 3830 quia

1925 3860 2202 3909 creaturas
2222 3852 2288 3913 ad
2306 3852 2532 3923 gloriam
2562 3851 2862 3907 conditoris
2886 3849 2981 3906 Dei
2996 3852 3347 3920 contemplati
3375 3867 3483 3907 nou

1926 3960 2116 4001 sumus
2142 3944 2198 3999 in
2232 3944 2336 3999 vita
2369 3954 2596 4008 nostra;
2624 3942 2717 3998 sed
2747 3942 3037 4013 polluimus
3060 3942 3268 4005 oculos,
3304 3956 3484 4007 aures,

1925 4045 1980 4090 et
2008 4037 2247 4106 linguam
2284 4040 2551 4094 nostram,
2584 4033 2926 4101 maximeque
2963 4030 3205 4086 omnium
3250 4030 3486 4091 animam

1927 4128 1995 4183 ad
2027 4126 2433 4184 similitudinem
2463 4123 2557 4179 Dei
2590 4122 2786 4178 factam
2810 4122 2975 4177 nullis
3007 4137 3113 4175 non
3141 4120 3252 4176 Deo
3280 4123 3489 4192 perosis

1928 4217 2277 4289 spectaculis,
2296 4213 2627 4280 rumoribus,
2655 4211 3227 4275 sermocinationibus,
3248 4213 3485 4276 invidiis,

1926 4311 2416 4370 obtrectationibus
2447 4308 2713 4363 adversus
2741 4307 3018 4378 proximos
3037 4346 3052 4370 ,
3088 4322 3197 4360 non
3226 4308 3489 4367 contami-

1928 4404 2202 4467 navimus,
2243 4410 2404 4473 atque
2450 4401 2508 4455 in
2538 4400 2684 4455 hunc
2720 4406 2983 4453 tartarum
3008 4397 3237 4466 conjecti
3265 4410 3485 4462 sumus;

236 4489 667 4561 ἀπερρίφημεν,
705 4485 863 4556 πήξει
888 4485 981 4538 καὶ
1028 4483 1174 4555 βυθῷ
1206 4485 1325 4537 κατ’
1358 4483 1534 4537 αὐτῶν
1562 4483 1817 4555 τρυχόμε-

1931 4496 2022 4551 ubi
2055 4497 2160 4550 loci
2185 4492 2454 4564 angustiis
2482 4500 2535 4547 et
2558 4491 2659 4545 hac
2688 4488 3057 4561 profunditate
3081 4486 3353 4558 voraginis
3373 4501 3489 4556 gra-

237 4599 314 4634 νοι
348 4579 565 4643 δεινῶς.
604 4578 818 4648 Ἐπειδὴ
846 4578 944 4648 τῆς
978 4576 1078 4648 μὲν
1107 4576 1315 4648 ὑψηλῆς
1339 4578 1434 4630 καὶ
1466 4574 1571 4628 τῶν
1603 4573 1820 4646 ὑψηλῶν

214 4673 330 4733 ,καὶ
354 4670 522 4723 θείων
553 4666 846 4739 προξενοῦν
893 4665 1384 4738 ταπεινοφροσύνης
1424 4665 1820 4737 προεκρίναμεν

242 4764 341 4834 τὴν
372 4758 775 4832 ὑπερηφανίαν,
802 4758 897 4813 καὶ
943 4756 1005 4811 τὸ
1055 4755 1388 4831 τῆς-ἀρετῆς
1421 4754 1602 4808 στενόν
1640 4770 1696 4807 τε
1727 4753 1821 4806 καὶ

248 4855 506 4907 σύντονον
557 4851 645 4905 διά
677 4850 775 4921 τὴν
802 4850 900 4921 τῆς
941 4848 1142 4921 σαρκὸς
1164 4846 1599 4919 ὑπερϐάλλουσαν
1624 4844 1820 4917 θρύψιν

238 4965 292 5000 τε
320 4946 421 5001 καὶ
451 4942 692 4998 διάθεσιν
719 4939 1106 5010 ἀπεωσάμεθα.

307 5039 363 5093 ι.
402 5035 519 5091 Ποῦ
549 5033 643 5087 νῦν
704 5032 858 5104 ήμῶν
902 5035 1049 5085 ἐστιν
1075 5033 1109 5101 ή
1136 5029 1503 5102 ὑπερηφανία,
1536 5030 1632 5084 καὶ
1664 5031 1697 5099 ή
1728 5027 1819 5081 διὰ

240 5132 336 5202 τὴν
369 5126 589 5193 ἀλαζὼν
613 5125 750 5198 πρὸς
766 5125 973 5189 πάντας
996 5123 1253 5188 διάθεσις,
1296 5122 1391 5176 καὶ
1421 5123 1453 5193 ἠ
1483 5121 1583 5191 τῆς
1616 5121 1819 5193 σαρκὸς

244 5220 531 5293 βλακώδης
562 5219 656 5274 καὶ
683 5217 993 5288 εύδιάχυτος
1018 5214 1249 5288 θρύψις;
1289 5215 1352 5267 Ὢ
1380 5213 1480 5283 τῆς
1527 5212 1813 5275 ἀϐουλίαςί

244 5316 362 5369 ἀντὶ
386 5313 625 5383 γέλωτος
650 5309 919 5382 ἀκρατοῦς
947 5309 1042 5362 καὶ
1072 5306 1164 5361 τοῦ
1186 5305 1479 5360 ἀκολάστου
1507 5304 1677 5374 ψόφου
1709 5304 1818 5357 τῶν

246 5405 489 5481 παρειῶν
532 5407 561 5458 ό
618 5403 787 5474 βαρὺς
829 5396 983 5464 οὗτος
1010 5397 1255 5471 βρυγμός
1283 5400 1401 5450 ἐστι
1438 5396 1546 5449 τῶν
1567 5396 1814 5451 ὀδόντων.

248 5503 357 5573 Τὴν
382 5497 493 5553 τῶν
524 5496 683 5549 θείων
708 5494 799 5548 καὶ
827 5492 1106 5562 σωτηρίων
1128 5491 1297 5559 λόγων
1330 5489 1562 5558 ἀσκῆσαι
1585 5486 1818 5557 μάθησιν

252 5592 326 5664 μὴ
355 5588 728 5662 βουληθέντες,
756 5583 891 5639 ἀλλὰ
926 5582 1093 5654 μέθης
1125 5580 1388 5652 ἀμετρίαν
1419 5580 1516 5649 τῆς
1544 5577 1630 5631 διὰ
1660 5577 1816 5645 λόγου

253 5684 401 5747 θείας
455 5681 887 5754 προτιμήσαντες
914 5676 1189 5736 αἰνέσεως,
1241 5671 1428 5735 δεινῶς
1480 5669 1817 5740 κολαζόμεθά

252 5774 348 5828 νῦν
375 5774 479 5844 τῆς
507 5768 920 5841 γλώσσηςιδίψει
963 5766 1167 5836 φοϐερᾷ
1195 5768 1215 5787 ⁹
1238 5764 1507 5833 διακενῆς.
1543 5760 1724 5825 ’Λξιον
1761 5761 1817 5813 δὲ

1922 4590 2065 4645 viter
2088 4585 2375 4656 amigimur
2402 4602 2417 4639 :
2448 4583 2711 4654 quoniam
2745 4581 2866 4636 altae
2897 4580 3213 4643 humilitati,
3242 4594 3364 4649 quae
3392 4592 3489 4633 cx-

1921 4682 2069 4737 celsa
2097 4689 2145 4734 et
2185 4677 2367 4733 divina
2411 4675 2693 4738 conciliat,
2744 4673 3086 4743 praetulimus
3140 4668 3485 4741 superbiam;

1920 4771 2246 4839 virtutisque
2276 4767 2557 4837 angustias
2586 4772 2641 4822 et
2668 4764 3090 4827 contentionem,
3115 4762 3186 4818 oh
3217 4774 3500 4817 summam.

1920 4861 2109 4918 carnis
2128 4859 2407 4914 mollitiem
2438 4858 2879 4928 voluptatemque
2904 4852 3345 4924 repudiavimus-

1989 5018 2044 5074 4.
2077 5015 2180 5072 Ubi
2225 5015 2339 5084 jam
2382 5021 2465 5069 est
2500 5020 2687 5069 nostra
2730 5010 3008 5081 superbia,
3054 5009 3146 5065 ubi
3183 5007 3271 5061 ille
3305 5013 3487 5060 noster

1921 5107 2245 5180 arrogantiae
2273 5120 2397 5176 erga
2421 5119 2612 5159 omnes
2638 5101 2887 5164 allectus,
2913 5101 3006 5154 ubi
3027 5101 3209 5154 carnis
3237 5098 3328 5151 illa
3352 5100 3488 5151 mol-

1920 5203 2062 5258 lities
2102 5197 2323 5255 sordida
2361 5205 2415 5251 et
2446 5194 2662 5251 eﬂ‘usa?
2709 5195 2753 5249 Ο
2806 5191 3351 5249 inconsiderantiam!
3387 5205 3490 5260 pro

1919 5297 2274 5365 intemperata
2302 5290 2417 5344 risu
2438 5296 2493 5344 et
2526 5286 2731 5341 lascivo
2757 5301 3017 5355 genarum
3041 5284 3206 5355 216
3235 5283 3487 5354 strepitu,

1918 5388 2099 5460 gravis
2145 5385 2259 5457 jam
2312 5390 2396 5438 est
2447 5381 2651 5438 stridor
2684 5381 2951 5436 dentium.
2997 5379 3135 5446 Quia
3177 5379 3489 5434 divinorum

1918 5479 2348 5548 salutariumque
2390 5490 2703 5530 sermonum
2746 5472 3090 5542 disciplinam
3154 5471 3486 5540 respuimus,

1918 5574 2015 5631 sed
2045 5570 2455 5627 immoderatam
2492 5568 2809 5623 ebrietatem
2841 5565 3041 5621 divinis
3078 5563 3328 5619 laudibus
3356 5578 3491 5632 prte-

1918 5667 2223 5740 posuimus,
2258 5663 2370 5733 jam
2403 5660 2641 5731 graviter
2680 5659 3013 5721 cruciamur,
3049 5657 3177 5711 dum
3217 5655 3507 5711 horrenda»

1920 5761 2010 5817 siti
2042 5760 2222 5828 lingua
2252 5761 2438 5810 nostra
2468 5752 2756 5808 exarescit.
2792 5748 3025 5823 Dignum
3050 5763 3181 5806 sane
3212 5747 3337 5803 odio
3380 5744 3490 5801 (τας
