4088 6382
442 309 546 367 595

1552 280 1617 355 s.
1653 297 2111 355 ATHANASIUS.
2151 329 2219 339 -
2258 295 2524 353 ερυιιιιι.

3576 291 3682 348 596

445 434 622 487 terno,
658 425 879 485 invidia,
923 422 1047 477 dulo
1097 420 1225 473 item
1280 424 1335 472 et
1368 416 1643 488 hypocrisi
1687 417 1930 488 (quibus
1962 425 2014 472 et

2116 416 2210 468 καὶ
2247 414 2340 468 τοῦ
2401 413 2537 484 πρὸς
2586 412 2713 475 τοὺς
2756 410 3017 481 ἀδελφοὺς
3061 409 3215 481 ἡμῶν
3249 409 3457 479 μίσους,
3485 408 3684 480 φθόνου

447 533 544 589 per
588 532 710 587 qua:
742 514 943 571 invidia
971 510 1263 582 exoritur).
1304 510 1655 572 contumelia,
1698 509 2007 576 calumniis,

446 608 775 680 injuriarum
818 605 1097 666 memoria,
1129 604 1435 669 mendacio,
1469 600 1733 671 parjurio,
1773 599 2008 655 fructum

447 701 816 770 decerpimus,
863 698 1010 751 hunc
1059 696 1269 751 scilicet
1302 709 1544 749 vermem
1592 693 1683 763 qui
1729 707 2010 763 nunquam

447 790 702 852 moritur,
744 788 1091 856 animamque
1139 791 1384 840 nostram
1433 783 1681 838 corrodit
1723 784 1913 838 intime
1958 791 2013 838 et

445 879 848 938 insatiabiliter.
874 877 1141 944 Quoniam
1169 877 1514 947 corrupimus
1536 875 1821 930 charitatis
1847 875 2013 930 recti-

444 972 710 1037 tudinem,
750 977 1054 1026 tortuosam
1084 976 1139 1024 et
1171 968 1444 1038 obliquam
1489 967 1718 1023 fecimus
1751 966 1921 1030 illam,
1949 978 2014 1018 ac

446 1079 541 1133 per
560 1062 743 1116 odium
764 1060 921 1116 nobis
948 1067 1143 1131 sponte
1167 1068 1353 1116 nostra
1379 1060 1581 1113 malum
1602 1058 1752 1112 illum
1776 1070 2013 1112 vermem

445 1151 810 1216 condidimus,
844 1165 908 1204 ac
946 1149 1186 1220 pejorem
1227 1149 1627 1204 tortuositatem
1668 1162 1762 1217 per
1799 1145 2018 1201 menda-

445 1243 587 1298 cium
629 1242 787 1297 nobis
826 1239 1139 1306 eﬂodimus,
1172 1241 1243 1295 ob
1271 1255 1433 1309 quam
1469 1240 1576 1294 Deo
1611 1239 1703 1309 qui
1744 1245 1927 1291 rectus
1962 1243 2017 1289 et

446 1334 649 1404 probus
679 1341 765 1389 cst
793 1333 1073 1402 conjuncti
1098 1349 1207 1387 non
1254 1347 1464 1386 sumus.
1504 1330 1624 1400 Ipse
1674 1343 1906 1399 namque
1941 1328 2017 1381 ait

445 1440 542 1495 per
569 1432 821 1478 sanctum
850 1423 1170 1493 prophetam
1194 1420 1362 1476 David
1388 1440 1400 1474 :
1436 1438 1454 1470 ι
1487 1419 1605 1474 Νοη
1627 1418 1855 1473 adhaesit
1884 1417 2015 1471 mihi

444 1525 542 1564 cor
573 1517 883 1565 tortuosum
914 1510 982 1563 '".
1013 1529 1031 1559 ι
1068 1508 1239 1580 Digna
1270 1510 1454 1579 itaque
1502 1507 1661 1563 factis
1699 1508 2012 1577 recipimus,

446 1603 739 1673 potiusque
775 1602 940 1673 digna
967 1602 1183 1658 consilii
1229 1609 1283 1656 et
1329 1599 1558 1655 affectus
1588 1600 1762 1653 nostri
1799 1597 2017 1668 praemia

449 1691 761 1748 referimus.
807 1690 915 1747 Pro
955 1692 1250 1761 voluptatis
1293 1690 1444 1759 igne,
1485 1690 1675 1776 ignem
1719 1689 2012 1758 gehennae;

2111 523 2169 559 τε
2242 505 2337 559 καὶ
2386 504 2558 568 δόλου,
2593 501 2688 556 καὶ
2732 501 3071 573 ὑποκρίσεως
3113 501 3194 572 (ἐξ
3236 495 3309 555 ὧν
3340 502 3433 554 καὶ
3458 501 3526 554 δι’
3549 493 3627 555 ὧν
3653 503 3684 554 ὀ

2110 594 2344 665 φθόνος),
2373 593 2639 664 λοιδορίας
2667 608 2727 645 τε
2752 593 2846 645 καὶ
2886 590 3265 659 συκοφαντίας,
3286 591 3389 665 Δκαὶ
3418 605 3686 660 μνησικα-

2111 658 2257 752 κίας,
2290 658 2385 740 καὶ
2409 658 2658 755 ψεύδους,
2684 684 2778 738 καὶ
2813 683 3097 755 ἐπιορκίας
3126 658 3433 753 δρεπᾷιεθα
3449 658 3681 753 καρπὸν,

2110 779 2300 832 τοῦτον
2331 779 2422 832 τὸν
2459 777 2759 849 ἀκοίμητον
2792 775 3049 848 σκώληκα
3095 775 3154 828 τὸ
3197 774 3359 846 βάθος
3387 774 3543 846 ἡμῶν
3580 774 3685 845 τῆς

2109 869 2287 942 ψυχῆς
2331 870 2638 941 ἀκορέστως
2679 868 2944 924 ἐσθίοντα.
2990 866 3207 938 Ἐπειδὴ
3249 868 3348 938 τῆς
3379 867 3599 937 ἀγάπης
3623 866 3686 921 τὸ

2112 962 2286 1028 εὑθὲς,
2321 962 2729 1033 διαφθείραντες
2777 961 2967 1031 αὐτὴν,
3004 958 3474 1031 ἐσκαμϐώσαμεν,
3517 959 3684 1012 κακὸν

2110 1054 2199 1108 διά
2262 1038 2450 1125 μίσους
2501 1055 2684 1117 αὐτοῖς
2717 1052 2960 1107 ἑκούσιον
2991 1052 3493 1129 δημιουργήσαντες
3539 1050 3683 1107 σκώ-

2111 1147 2273 1221 ληκα,
2296 1149 2391 1202 καὶ
2418 1148 2784 1219 πονηροτέραν
2819 1146 3169 1217 σκαμϐότητα
3198 1146 3286 1199 διὰ
3311 1136 3535 1215 ψεύδους
3553 1145 3682 1217 ὀρύ-

2115 1240 2323 1306 ξαντες,
2359 1238 2423 1291 δι’
2454 1238 2519 1308 ἣν
2552 1238 2628 1308 τῷ
2677 1237 2795 1308 Θεῷ
2829 1237 2905 1309 τῷ
2942 1236 3093 1290 εὐθεῖ
3122 1238 3215 1290 καὶ
3248 1236 3393 1307 ὀρθῷ
3421 1238 3518 1308 οὐχ
3539 1235 3675 1307 ἠνώ-

2114 1330 2305 1402 θημεν.
2338 1329 2509 1392 Αὐτὸς
2540 1329 2648 1399 γάρ
2676 1324 2796 1381 εἷπε
2827 1328 2914 1382 διὰ
2928 1327 3020 1381 τοῦ
3045 1328 3200 1395 ἁγίου
3232 1327 3393 1380 Δαϐὶδ
3424 1325 3517 1379 τοῦ
3549 1343 3677 1398 προ-

2115 1423 2282 1492 φήτου
2302 1437 2315 1450 ·
2359 1439 2378 1470 ι
2418 1421 2530 1472 Οὐκ
2562 1418 2825 1489 ἐκολλήθη
2863 1436 2952 1490 μοι
2985 1417 3180 1488 καρδία
3210 1417 3448 1488 σκαμϐή.
3484 1435 3502 1467 ι
3522 1416 3687 1480 Ἀξια

2112 1510 2397 1583 τοιγαροῦν
2422 1505 2496 1563 ὧν
2533 1509 2850 1581 ἐπράξαμεν
2888 1508 3371 1580 ἀπολαμϐάνομεν·
3412 1507 3686 1578 μᾶλλονδὲ

2113 1607 2211 1675 τῆς
2237 1602 2442 1667 οἰκείας
2463 1603 2603 1657 κατά
2621 1602 2873 1675 πρόθεσιν
2901 1601 3189 1663 διαθέσεως
3203 1599 3325 1663 ἀξια
3354 1597 3686 1670 κομιζόμεθα

2114 1694 2182 1748 τὰ
2214 1694 2466 1766 ἐπίχειρα
2488 1711 2502 1723 ·
2530 1694 2701 1765 πυρὸς
2728 1693 2919 1765 ἡδονῆς
2944 1690 3054 1764 πῦρ
3068 1691 3313 1762 γεέννης,
3340 1690 3434 1744 καὶ
3466 1690 3685 1752 σκότους

447 1799 547 1854 pro
577 1785 815 1841 tenebris
869 1785 1190 1855 ignorantiae
1234 1791 1289 1839 et
1350 1782 1578 1837 fallaciae
1630 1789 2008 1851 temporaneae,

2113 1786 2332 1855 ἀγνοίας
2368 1787 2460 1840 καί¹
2493 1786 2707 1857 ἀπάτης
2746 1783 3080 1856 προσκαίρου
3117 1782 3305 1846 σκότος
3345 1782 3559 1836 αἰώνιον
3590 1782 3685 1834 καὶ

446 1876 701 1931 tenebras
722 1884 974 1941 aeternas,
1002 1885 1056 1931 et
1088 1890 1325 1931 vermem
1349 1875 1581 1929 ultorem
1613 1874 1706 1943 qui
1732 1886 2009 1942 nunquam

446 1967 716 2035 moritur;
750 1982 851 2038 pro
872 1983 1058 2024 verme
1092 1968 1185 2022 illo
1215 1968 1307 2038 qui
1343 1956 1437 2037 per
1470 1966 1655 2020 oJium
1702 1971 1757 2017 et
1792 1963 2015 2017 menda-

445 2059 613 2125 cium,
656 2075 753 2116 cor
782 2059 1061 2131 obliquum
1096 2069 1149 2114 et
1187 2067 1490 2115 tortuosum
1522 2056 1775 2122 reddidit,
1818 2063 1872 2110 et
1914 2070 2015 2125 pro

445 2163 709 2220 genarum
750 2151 956 2206 lascivo
993 2150 1259 2221 strepitu,’
1286 2149 1502 2204 ardoris
1538 2148 1689 2202 illius
1726 2147 2012 2217 strepitum

445 2242 845 2314 stridoremque
875 2243 1121 2299 dentium
1152 2263 1165 2298 :
1198 2258 1298 2314 pro
1328 2240 1563 2297 elatione
1598 2241 1777 2295 inanis
1823 2254 2014 2309 super-

446 2331 564 2396 biae,
599 2338 655 2386 et
686 2347 785 2403 pro
813 2333 1080 2390 effusione
1100 2333 1211 2399 illa,
1238 2331 1663 2402 absorptionem,
1692 2330 2013 2386 immensam

444 2423 758 2495 voraginem
787 2433 843 2481 et
866 2427 971 2481 loci
1003 2426 1304 2497 angustias.
1334 2424 1594 2495 Denique,
1620 2429 1680 2477 ut
1711 2437 1821 2477 uno
1850 2422 2015 2477 verbo

444 2513 643 2579 dicam,
665 2530 764 2585 pro
780 2515 1011 2587 singulis
1031 2523 1225 2586 sponte
1242 2514 1499 2570 admissis
1521 2513 2015 2582 malis,congruum

445 2605 569 2660 licet
592 2606 757 2662 invite
782 2608 1110 2678 supplicium
1137 2608 1334 2662 merito
1365 2606 1589 2659 luimus.

514 2695 567 2750 5.
598 2693 645 2751 Ο
674 2697 950 2753 miseriam
973 2698 1250 2753 nostram!
1280 2698 1383 2751 heu
1415 2696 1603 2752 miseri
1633 2709 1755 2762 nos,
1781 2696 1873 2767 qui
1895 2710 2019 2751 car-

444 2784 532 2841 nis
576 2785 757 2857 ignem
798 2804 907 2843 non
944 2787 1343 2858 exstinguimus
1373 2786 1601 2856 jejunio,
1625 2786 1839 2857 vigiliis,
1879 2787 2018 2842 divi-

444 2892 640 2935 norum
678 2879 1020 2949 eloquiorum
1063 2879 1418 2936 meditatione
1458 2897 1470 2932 :
1517 2879 1717 2949 quibus
1764 2878 1933 2949 probe
1963 2887 2018 2934 et

445 2969 703 3027 facillime
732 2972 1092 3043 restinguitur
1121 2971 1284 3043 ignis,
1315 2978 1375 3026 ut
1400 2985 1468 3025 ne
1498 2970 1601 3025 hoc
1627 2971 1739 3040 jam
1763 2971 1887 3042 igne
1909 2977 2019 3025 tor-

445 3078 712 3120 reremus.
738 3063 880 3131 Quid
898 3064 1041 3134 quod
1067 3078 1175 3119 non
1204 3064 1546 3136 assuevimus
1571 3064 1772 3130 videre,
1802 3063 2010 3131 audire,

2115 1878 2369 1951 σκώληκα
2388 1877 2703 1932 κολαστικόν
2728 1894 2788 1930 τε
2809 1876 2903 1931 καλ¹
2920 1876 3216 1947 ἀκοίμητον
3235 1891 3249 1905 ·
3283 1873 3557 1944 σκώληκος
3585 1870 3680 1925 τοῦ

2110 1971 2197 2025 διὰ
2228 1973 2415 2043 μίσους
2440 1972 2536 2025 καί⁵
2558 1970 2784 2041 ψεύδους
2814 1970 2914 2041 τὴν
2934 1968 3158 2040 καρδίαν
3188 1966 3573 2028 σκολιώσαντος
3587 1964 3684 2018 καὶ

2114 2062 2562 2134 σκαμϐώσαντος,
2584 2061 2678 2115 καὶ
2717 2061 2923 2131 ψόφους
2960 2058 3097 2131 (87‘)
3125 2057 3364 2130 παρειῶν
3402 2053 3682 2123 ἀσελγοῦς,

2113 2154 2424 2227 βράσματος
2464 2153 2636 2224 ψόφον
2685 2151 2778 2205 καὶ
2808 2150 3035 2204 ὀδόντων
3078 2149 3320 2221 βρυγμόν
3340 2165 3354 2180 ο
3392 2149 3488 2202 καὶ
3519 2146 3687 2215 ὕψους

2112 2243 2486 2315 ὑπερηφανίας
2519 2239 2753 2313 ματαίας
2773 2240 2867 2293 καὶ
2891 2238 3189 2310 διαχύσεως
3221 2238 3377 2291 πόσιν
3403 2237 3497 2290 καὶ
3524 2235 3690 2306 βάθος

2114 2336 2312 2407 ἀχανὲς
2331 2337 2426 2389 καὶ⁹
2449 2334 2738 2403 στενότητα
2771 2332 3003 2405 πήξεως,
3022 2331 3116 2385 καὶ
3130 2329 3314 2393 ἁπλῶς
3343 2329 3537 2390 εἰπεῖν,
3557 2326 3687 2379 ἐκά-

2114 2440 2238 2478 στου
2266 2423 2373 2476 τῶν
2398 2423 2657 2477 ἑκουσίων
2682 2422 2837 2495 ἡμῶν
2877 2422 3061 2477 κακῶν
3081 2421 3179 2493 τὴν
3192 2419 3421 2475 ἑκάστου
3451 2433 3690 2489 προσφοο

2115 2517 2215 2590 ράν
2235 2516 2328 2571 καὶ
2359 2515 2611 2570 ἀκούσιον
2638 2513 2908 2586 τιμωρίαν
2935 2512 3161 2577 δικαίως
3190 2511 3687 2581 ἀντιλαμϐάνομεν.

2183 2695 2236 2750 5.
2273 2695 2336 2748 ’Ὼ
2361 2693 2462 2764 τῆς
2489 2693 2850 2765 ἐλεεινότητος
2886 2692 3067 2765 ἡμῶνί
3106 2694 3255 2764 ἡμᾶς
3281 2694 3409 2756 τοὺς
3450 2691 3687 2755 ἀθλίους,

2116 2787 2189 2859 μὴ
2225 2787 2562 2842 κατασϐέσαι
2592 2786 2654 2839 τὸ
2684 2784 2796 2857 πῦρ
2821 2785 2923 2855 τῆς
2957 2785 3158 2855 σαρκὸς
3194 2784 3284 2838 διὰ
3315 2784 3568 2854 νηστείας
3595 2784 3690 2838 καὶ

2112 2878 2418 2949 ἀγρυπνίας
2438 2878 2535 2931 καὶ
2560 2877 2660 2948 τῆς
2687 2876 2797 2929 τῶν
2829 2876 2987 2929 θείων
3017 2875 3210 2944 λογίων
3228 2875 3475 2947 μελέτης,
3509 2875 3691 2930 καλῶν

2111 2968 2280 3025 ὄντων
2311 2970 2404 3023 καὶ
2449 2968 2707 3041 εὐμαρῶν
2736 2967 2830 3021 τοῦ
2881 2968 3051 3038 πυρὸς
3088 2966 3443 3039 σϐεστηρίων.
3471 2968 3567 3022 καὶ
3615 2967 3690 3039 μὴ

2112 3060 2286 3132 τούτῳ
2314 3060 2409 3114 νῦν
2432 3059 2510 3131 τῷ
2540 3059 2674 3131 πυρὶ
2705 3058 3111 3131 τηγανίζεσθαι.
3151 3059 3217 3112 Τί
3243 3061 3317 3130 μὴ
3360 3059 3500 3112 κατά
3530 3059 3692 3128 φύσιν

444 3156 594 3227 loqui
632 3156 931 3211 secundum
975 3162 1266 3221 naturam;
1308 3169 1377 3209 ne
1406 3154 1519 3224 jam
1567 3154 1624 3209 in
1652 3153 1755 3208 hac
1787 3154 2014 3225 caligine

2115 3154 2245 3223 ὁρᾷν
2268 3169 2326 3205 τε
2358 3151 2453 3205 καὶ
2482 3150 2701 3205 ἀκούειν
2736 3151 2830 3204 καὶ
2851 3150 3029 3204 λαλεῖν
3070 3151 3170 3221 τὴν
3207 3149 3454 3220 γλῶτταν
3483 3149 3690 3203 είθίσα-

444 3246 823 3317 altissimoque
847 3245 1066 3303 silentio
1095 3245 1452 3316 degeremus;
1507 3246 1602 3301 sed
1651 3246 1794 3310 luce,
1848 3246 2014 3301 verbo

443 3345 501 3394 et
526 3337 795 3408 sapientia
821 3336 937 3401 Dei.
969 3352 1093 3391 cum
1118 3339 1328 3394 sanctis
1357 3352 1459 3393 nos
1484 3337 1647 3392 etiam
1688 3338 2011 3405 frueremur,

445 3429 691 3483 divinam
725 3427 955 3499 gloriam
991 3430 1445 3500 contemplantes,
1474 3428 1777 3495 audientes,
1814 3444 2017 3484 canen-

445 3518 565 3575 tes?
597 3523 704 3574 Aut
726 3518 856 3589 quid
885 3525 969 3575 est
991 3519 1137 3589 quod
1170 3521 1282 3575 odii
1310 3521 1597 3593 spontanei
1624 3536 1861 3577 vermem
1884 3522 2016 3576 cha-

444 3611 608 3665 ritate
634 3625 745 3664 non
773 3613 1144 3677 enecavimus,
1196 3613 1328 3683 quid
1374 3628 1483 3668 non
1507 3614 1740 3669 veritate
1790 3612 2017 3667 menda-

443 3703 588 3758 cium
611 3703 945 3759 delevimus?
964 3704 1077 3773 jam
1103 3714 1253 3761 certe
1276 3706 1378 3762 huc
1414 3706 1621 3761 ardenti
1649 3720 1832 3760 verme
1861 3705 2016 3760 liberi

442 3810 725 3859 essemus,
782 3811 995 3853 necnon
1037 3798 1261 3868 reliquis
1295 3814 1415 3868 quae
1453 3798 1730 3853 miseriam
1771 3805 2015 3853 nostram

444 3885 708 3941 distinent
739 3889 921 3946 vitam.
965 3888 1182 3944 Justum
1220 3896 1305 3943 est
1337 3889 1429 3944 Dei
1469 3888 1760 3959 judicium.
1796 3887 2016 3958 Nequa-

443 3992 608 4047 quam
650 3979 961 4035 invenimus
1008 3981 1154 4050 quod
1208 3981 1576 4050 quaesivimus,
1625 3995 1729 4035 nec
1777 3981 2018 4050 aperitur

444 4068 607 4125 nobis
630 4070 795 4138 janua
841 4073 991 4142 regni
1045 4073 1332 4127 caelorum.
1368 4071 1505 4138 Quia
1549 4072 1694 4125 enim
1748 4072 2015 4127 bonorum

439 4158 666 4226 januam
724 4159 881 4214 factis
930 4164 1131 4217 nostris
1186 4176 1295 4215 non
1342 4160 1696 4231 pulsavimus,
1749 4161 2016 4216 bonorum

445 4258 777 4309 atternorum
837 4269 944 4309 non
1011 4254 1311 4323 accipimus
1390 4255 1818 4323 possessionem.
1878 4254 2018 4320 Quia

446 4342 689 4398 scientiae
713 4348 940 4414 gratiam
971 4346 1222 4414 precibus
1258 4358 1363 4399 non
1395 4346 1791 4415 postulavimus
1849 4346 1867 4416 (
1894 4345 2019 4399 nul-

446 4433 534 4489 lus
565 4434 765 4505 quippe
797 4437 955 4491 nobis
990 4435 1090 4489 fuit
1123 4435 1429 4490 divinorum
1479 4451 1659 4505 amor;
1706 4435 1801 4492 sed
1838 4442 2018 4492 mente

445 4531 632 4579 nostra
672 4526 905 4582 terrenis
937 4526 1169 4592 irretita,
1213 4535 1379 4581 totam
1413 4528 1576 4583 vitam
1619 4535 1862 4583 nostram
1890 4543 2017 4582 cor-

444 4619 762 4688 rupimus),
800 4618 892 4673 illa
920 4619 1141 4690 quidem
1178 4622 1360 4675 omnia
1391 4622 1750 4687 transierunt,
1784 4621 2012 4675 verbum

445 4717 625 4766 autem
661 4710 888 4767 ultionis
936 4711 1199 4767 horumce
1227 4714 1493 4771 scelerum
1537 4720 1722 4770 manet
1760 4714 1814 4768 in
1865 4722 2017 4768 teter-

446 4816 598 4866 num,
625 4818 727 4857 nec
760 4817 1001 4873 unquam
1032 4804 1344 4874 praeteribit.

2117 3263 2235 3317 μεν,
2288 3245 2377 3298 ἵνα
2430 3245 2505 3317 μὴ
2559 3243 2747 3298 τοῦτον
2785 3243 2998 3315 ἔχωμεν
3035 3243 3130 3298 νῦν
3160 3245 3248 3298 τὸν
3277 3242 3437 3313 ζόφον
3467 3243 3560 3296 καὶ
3592 3242 3693 3314 τὴν

2115 3333 2421 3406 βαρυτάτην
2460 3334 2642 3408 σιγὴν,
2666 3334 2800 3388 ἀλλά
2837 3334 2930 3386 καὶ
2960 3335 3124 3404 ἡμεῖς
3149 3332 3242 3386 τοῦ
3274 3333 3450 3402 φωτὸς
3481 3333 3576 3385 καὶ⁵
3595 3331 3690 3384 τοῦ

2112 3433 2268 3503 λόγου
2321 3433 2416 3487 καὶ
2476 3433 2577 3503 τῆς
2627 3432 2818 3501 σοφίας
2874 3429 2969 3484 τοῦ
3004 3428 3138 3482 Θεοῦ
3172 3428 3308 3501 μετά
3353 3428 3461 3482 τῶν
3519 3426 3693 3494 ἁγίων

2113 3526 2499 3598 ἀπολαύωμεν,
2532 3526 2608 3591 ὠς
2644 3525 2743 3595 τῆς
2785 3524 2935 3586 θείας
2984 3523 3262 3594 γενόμενοι
3308 3520 3467 3591 δόξης
3501 3519 3693 3574 θεαταῖ¹

2114 3619 2207 3671 καὶ
2230 3618 2492 3672 ἀκουστα)⁸
2508 3616 2602 3671 καὶ
2627 3616 2860 3687 ὑμνῳδοί
2879 3615 2972 3681 ;Ἦ
2994 3616 3062 3669 δι’
3090 3614 3312 3684 ἀγάπης
3336 3612 3426 3666 τὸν
3443 3610 3693 3665 ἑκούσιον

2113 3708 2208 3762 τοῦ
2240 3709 2427 3780 μίσους
2447 3704 2831 3779 ἐνεκρώσαμεν
2886 3705 3161 3775 σκώληκα,
3193 3703 3289 3757 καὶ
3333 3702 3401 3757 δι’
3436 3701 3692 3773 ἀληθείας

2114 3801 2175 3853 τὸ
2202 3800 2396 3870 ψεῦδος
2426 3800 2805 3871 ἡφανίσαμεν;
2844 3796 2937 3851 νῦν
2968 3797 3033 3851 ἂν
3065 3796 3252 3849 τούτου
3270 3794 3365 3849 τοῦ
3393 3793 3689 3847 καυστικοῦ

2115 3891 2537 3962 καθεστήκαμεν
2571 3888 2843 3960 ἐλεύθεροι
2880 3886 3178 3956 σκώληκος,
3214 3885 3307 3938 καὶ
3337 3883 3445 3937 τῶν
3490 3883 3692 3937 λοιπῶν

2116 3981 2210 4035 νῦν
2241 3981 2342 4034 ὅσα
2373 3982 2469 4050 τὴν
2505 3980 2660 4051 ήμῶν
2696 3979 2908 4050 συνέχει
2956 3976 3266 4047 δεινοτάτην
3297 3975 3460 4047 ζωήν.
3497 3975 3690 4029 Δικαία

2116 4075 2150 4143 ή
2185 4072 2366 4145 κρίσις
2386 4071 2478 4124 τοῦ
2495 4071 2651 4127 Θεοῦ.
2679 4071 2789 4140 Οὐχ
2817 4069 3140 4142 εὑρίσκομεν
3155 4070 3292 4139 ὅπερ
3325 4065 3687 4137 ἐζητήσαμεν,

2117 4162 2217 4216 οὐκ
2241 4161 2516 4230 ἀνοίγεται
2541 4162 2672 4231 ἡμῖν
2701 4158 2841 4231 θύρα
2871 4160 2968 4230 τῆς
2992 4158 3265 4229 βασιλείας
3289 4156 3397 4210 τῶν
3424 4155 3687 4227 οὐρανῶν.

2129 4252 2347 4324 Ἐπειδὴ
2380 4252 2488 4322 γὰρ
2508 4252 2605 4324 τὴν
2629 4251 2801 4323 θύραν
2822 4250 2929 4304 τῶν
2950 4249 3169 4319 ἀγαθῶν
3193 4247 3280 4302 διὰ
3314 4246 3562 4319 πράξεως
3590 4247 3690 4300 οὐκ

2118 4345 2477 4416 ἐκρούσαμεν,
2534 4345 2597 4397 οὐ
2652 4343 3001 4413 λαμϐάνομεν
3050 4341 3158 4394 τῶν
3193 4339 3424 4394 αἰωνίων
3470 4338 3690 4408 ἀγαθῶν

2047 4482 2095 4541 D
2117 4436 2216 4521 την
2247 4436 2545 4490 ἀπόλαυσιν
2570 4452 2584 4465 ·
2617 4434 2803 4506 ἐπειδὴ
2833 4434 2899 4487 δι’
2915 4433 3083 4504 εὐχῆς
3112 4433 3212 4504 τὴν
3238 4432 3397 4512 χάριν
3427 4431 3527 4502 τῆς
3545 4429 3689 4500 γνώ-

2123 4518 2261 4592 σεως
2290 4528 2388 4581 οὐκ
2412 4528 2724 4598 ῂτήσαμενο
2767 4526 2976 4594 (οὐδένα
3012 4525 3122 4597 γὰρ
3153 4524 3260 4577 τῶν
3294 4523 3451 4577 θείων
3473 4521 3690 4593 εἴχομεν

2122 4619 2322 4690 ἔρωτα,
2368 4616 2523 4681 ἀλλά,
2570 4618 2687 4679 τοῖς
2727 4617 2936 4686 γηῒνοις
2965 4616 3056 4669 τὸν
3084 4615 3207 4669 νοῦν
3267 4615 3687 4686 καταδήσαντες,

2120 4712 2301 4764 πᾶσαν
2360 4709 2543 4772 αὐτοῖς
2585 4709 2717 4779 ἡμῖν
2759 4707 2858 4779 τὴν
2890 4707 3033 4779 ζωὴν
3064 4708 3492 4780 συνεφθείραμεν
3512 4707 3553 4777 ν)
3585 4706 3689 4761 κά-

2120 4802 2273 4853 κεῖνα
2293 4799 2389 4869 μὲν
2405 4798 2582 4851 πάντα
2598 4796 2806 4850 καπνοῦ
2827 4796 2982 4867 δίκην
3010 4794 3375 4864 ἀφανισθέντα
3392 4794 3686 4873 παρῆλθεν

441 4900 472 4950 ὁ
531 4898 587 4951 δὲ
626 4897 729 4968 τῆς
777 4898 862 4965 ἐπ’
895 4899 1077 4967 αὐτοῖς
1111 4900 1266 4973 δίκης
1304 4900 1461 4979 λόγος
1497 4900 1645 4984 μένει
1690 4898 1778 4953 διὰ
1811 4900 2011 4962 παντὸς
2044 4895 2426 4969 ἀπαρόδευτος.

444 5060 449 5065 η
513 4989 566 5045 6.
599 4989 723 5055 Ηωο
760 4990 836 5045 illi
868 5007 993 5046 cum
1026 5009 1093 5048 ex
1132 4994 1291 5048 malis
1329 4993 1445 5048 suis
1511 4994 1669 5063 quasi
1719 4991 2011 5061 exemplari

441 5082 678 5151 quodam
733 5083 1076 5147 edidicerint,
1129 5099 1250 5153 qua:
1296 5085 1369 5141 sit
1412 5083 1608 5139 divinae
1649 5083 1876 5152 justitia:
1909 5082 2010 5146 vis,

444 5172 773 5240 paenitentes
801 5183 991 5235 mutuo
1028 5175 1428 5244 colloqueutur.
1463 5173 1573 5242 Ego
1602 5189 1731 5229 vero
1756 5173 1847 5244 qui
1891 5188 2012 5226 sum

443 5264 629 5329 miser,
660 5265 860 5334 quibus
889 5266 1056 5321 fultus
1090 5266 1350 5337 operibus
1388 5265 1620 5336 sperabo
1649 5264 1717 5317 ab
1745 5263 2015 5326 horrenda

442 5352 579 5422 eripi
617 5354 1005 5409 damnatione?
1043 5353 1181 5408 Cum
1211 5368 1420 5407 vacuus
1457 5354 1557 5408 sim
1605 5352 1753 5406 omni
1791 5354 2010 5415 virtute,

444 5444 592 5501 omni
627 5445 875 5509 scientia,
902 5447 1068 5502 timeo
1100 5463 1165 5501 ne
1187 5447 1369 5519 ligatis
1404 5447 1656 5500 manibus
1680 5445 2015 5516 pedibusque

446 5535 705 5616 projiciar
738 5536 791 5589 in
825 5545 1022 5592 terram
1056 5538 1399 5601 tenebrosam
1430 5545 1484 5591 et
1519 5536 1894 5606 caliginosum,
1958 5535 2012 5587 in

517 5647 561 5676 ""
601 5644 746 5701 Psal.
778 5662 807 5698 (ι
828 5687 841 5707 ,
873 5647 923 5702 4.

516 5728 651 5818 (87°)
684 5737 887 5815 Ψῦφου.

2190 4988 2243 5043 6.
2274 4988 2384 5040 Καὶ
2414 4985 2583 5041 ταῦτα
2606 4987 2909 5057 μὲνέκεῖνοι
2932 4985 3031 5057 τῆς
3053 4984 3202 5048 θείας
3219 4983 3564 5055 δικαιοσύνης
3594 5002 3692 5054 με-

2119 5080 2572 5152 ταμανθάνοντες,
2644 5079 2703 5144 ἐξ
2752 5074 2826 5133 ὧν
2872 5079 3136 5149 πάσχουσι
3172 5078 3269 5151 τὴν
3306 5073 3569 5149 δύναμιν,
3614 5078 3692 5143 ὡς

2119 5173 2277 5243 τύπῳ
2336 5172 2665 5244 περιλαϐεῖν,
2729 5171 2976 5243 ἀλλήλοις
3028 5170 3489 5240 διαλεχθήσονται.
3550 5168 3692 5238 Ἐγὼ

2120 5264 2177 5317 δέ
2203 5264 2285 5327 τίς
2316 5263 2603 5333 γενόμενος
2634 5262 2819 5325 τάλας,
2863 5263 3005 5315 τίσιν
3042 5261 3379 5331 ἐρειδόμενος
3428 5258 3692 5331 πράξεσιν

2120 5356 2324 5408 ἐλπίσω
2355 5354 2455 5424 τῆς
2484 5354 2720 5426 φοϐερᾶς
2751 5353 3092 5424 ἐξαιρεθῆναι
3137 5353 3513 5424 κατακρίσεως
3538 5370 3552 5413 ς
3581 5353 3695 5407 Πά-

2124 5465 2222 5519 σης
2262 5448 2460 5519 ἀρετῆς
2515 5449 2609 5501 καὶ
2664 5446 2835 5517 πάσης
2885 5446 3132 5514 γνώσεως
3176 5445 3435 5516 ὑπάρχων
3465 5443 3690 5517 ἔρημος,

2125 5540 2330 5606 δέδοικα
2356 5541 2427 5611 μὴ
2454 5539 2625 5602 δεθεὶς
2655 5541 2842 5620 χεῖρας
2875 5538 2968 5590 καὶ
2986 5537 3149 5600 πόδας
3175 5537 3314 5608 ριφῶ
3341 5539 3418 5600 είς
3437 5535 3542 5606 γῆν
3569 5553 3698 5590 σκον
