3920 6566
245 342 352 401 591

1237 347 1696 415 QUAESTIONES
1735 350 1824 404 AD
1866 347 2273 407 ANTIOCHUM
2313 348 2568 406 DUCEM.

3386 353 3490 409 598

242 462 427 532 τεινὴν
477 461 571 516 καὶ
604 462 893 534 γνοφεράν,
927 466 1006 527 είς
1045 466 1147 535 γῆν
1179 465 1401 529 σκότους
1431 466 1670 529 αἰωνίου,
1698 465 1824 519 ἔνθα

1937 474 2120 521 Lerram
2153 466 2500 522 tenebrarum
2549 472 2895 528 aeternamm,
2931 466 3021 520 ubi
3078 482 3255 536 neque
3315 468 3487 524 lucem

238 560 347 610 οὐκ
376 554 495 608 ἔστι
524 554 724 624 φέγγος
757 555 877 609 οὐδὲ
922 558 1053 629 ὁρᾷν
1099 557 1242 629 ζωὴν
1281 556 1506 628 βροτῶν,
1541 557 1615 623 ὡς
1659 558 1824 630 δήσας

242 652 358 712 τοῖς
404 645 637 700 πάθεσιν
682 647 943 711 ἑκουσίως
998 647 1096 712 τὰς
1146 647 1455 719 πρακτικὰς
1505 650 1601 719 τῆς
1649 647 1825 719 ψυχῆς

243 738 471 811 ἀρετὰς,
529 741 623 793 καὶ
672 740 781 793 ἀπὸ
817 741 910 794 τοῦ
957 741 1101 794 θείου
1149 722 1350 812 δρόμου
1384 740 1482 811 τῆς
1529 739 1825 811 ἀγγελικῆς

243 830 548 894 πολιτείας.
577 829 828 895 κωλύσας
848 829 1051 902 ταύτης
1065 831 1133 885 τὰ
1165 830 1323 901 διαϐή
1333 847 1497 901 ματα.
1533 829 1821 901 Ἰλόισθητι,

240 922 475 994 Χριστὲ,
537 923 634 974 καὶ
685 922 858 975 σῶσον
901 923 1047 992 ἡμᾶς
1090 921 1293 993 ταύτης
1345 924 1443 993 τῆς
1492 920 1702 992 όδύνης.
1730 917 1823 986 Οἷς

241 1011 357 1084 γὰρ
389 1010 534 1064 κατὰ
567 1010 657 1064 τὸν
678 1012 848 1064 αἰῶνα
894 1011 1078 1064 τοῦτον
1124 1010 1212 1065 διὰ
1244 1010 1349 1065 τῶν
1385 1010 1824 1082 ἐπιτηδευμάτων

241 1102 405 1173 ἡμῶν
424 1102 538 1157 τῶν
569 1102 823 1173 πονηρῶν
855 1105 1094 1156 συνεῖναι
1118 1104 1259 1157 κατά
1286 1102 1502 1172 θέλησιν
1532 1100 1824 1173 γνωμικῶς

240 1192 644 1265 ἐπελεξάμεθα,
681 1194 778 1247 σὺν
803 1195 1010 1257 τούτοις
1041 1193 1262 1256 εἰκότως
1300 1191 1359 1259 ἐξ
1403 1192 1645 1264 ἀνάγκης
1686 1187 1823 1244 εἶναι

241 1285 389 1339 κατά
417 1286 510 1339 τὸν
536 1285 707 1339 αἰῶνα
736 1285 827 1338 τὸν
872 1285 1131 1356 μέλλοντα
1175 1285 1248 1356 μὴ
1296 1284 1536 1347 θέλοντες
1565 1300 1825 1354 κατακρι-

241 1378 550 1450 θησόμεθα.
586 1372 778 1431 Ἔσται
803 1376 911 1449 γὰρ
935 1377 1011 1441 ὡς
1038 1376 1270 1447 ἀληθῶς,
1296 1376 1446 1431 ἔσται
1489 1375 1699 1447 καιρὸς,
1735 1376 1821 1428 ὅτε

242 1470 459 1542 φοϐερὰ
485 1486 571 1532 τις
600 1469 786 1541 βοήσει
811 1467 1045 1537 σάλπιγξ
1076 1468 1228 1537 ξένην
1267 1466 1463 1539 ἔχουσα
1494 1467 1695 1538 φωνὴν,
1733 1468 1824 1519 καὶ

239 1562 306 1615 τὸ
337 1563 452 1615 πᾶν
472 1560 632 1615 τοῦτο
655 1560 945 1631 λυθήσεται
972 1558 1259 1638 διαπίπτον
1294 1558 1395 1629 τῆς
1419 1561 1476 1612 ὲν
1506 1557 1653 1629 αύτῷ
1683 1560 1822 1630 ὁρω-

246 1650 421 1723 μένης
447 1652 889 1723 διακοσμήσεως
914 1654 941 1705 ό
972 1650 1070 1721 μὲν
1117 1650 1437 1721 φαινόμενος
1469 1650 1670 1721 κόσμος
1704 1650 1823 1714 ὅλος

242 1741 647 1813 παρελεύσεται
669 1741 765 1812 τὴν
784 1741 988 1795 οἰκείαν
1010 1740 1301 1812 λαμϐάνων
1334 1741 1639 1795 συντέλειαν
1659 1758 1672 1771 ο
1706 1742 1735 1793 ὁ
1765 1741 1821 1794 δὲ

1927 573 2101 627 neque
2130 558 2436 613 mortalium
2471 559 2633 612 vitam
2666 559 2981 628 conspicere
3012 568 3113 626 est,
3147 562 3274 629 quia
3297 571 3490 631 sponte

1924 663 2044 703 mea
2074 648 2260 719 pravis
2295 648 2600 713 affectibus,
2636 649 2831 703 anima:
2871 649 3100 706 virtutes
3153 652 3220 707 ad
3258 668 3489 723 operan-

1924 739 2076 803 dum,
2128 739 2357 805 irretivi,
2408 748 2569 809 atque
2622 739 2724 808 ipsi
2772 740 3015 794 divinum
3066 743 3321 813 angelicae
3366 744 3489 801 vita:

1925 846 2147 885 cursum
2191 831 2494 886 interclusi.
2546 829 2821 901 Propitius
2872 843 3011 898 esto,
3045 832 3281 900 Christe,
3332 838 3488 893 etab

1925 917 2240 987 bujusmodi
2270 919 2458 973 dolore
2489 935 2589 974 nos
2612 922 2760 991 eripe
2787 940 2799 976 :
2828 937 3052 978 necesse
3082 925 3279 995 quippe
3317 935 3402 981 est
3431 936 3491 983 ut

1924 1010 2250 1082 quibuscum
2279 1011 2334 1064 in
2369 1010 2473 1065 hoc
2495 1012 2694 1066 saeculo
2723 1028 2843 1067 esse
2866 1028 2962 1083 per
2988 1029 3155 1084 prava
3187 1017 3366 1071 studia
3392 1034 3489 1073 no-

1924 1109 2059 1169 stra,
2088 1104 2257 1158 libere
2292 1111 2346 1158 et
2371 1112 2562 1173 sponte
2598 1113 2785 1159 nostra
2820 1106 3104 1177 elegimus,
3139 1123 3262 1162 cum
3294 1109 3486 1166 iisdem

1925 1191 1978 1245 in
2008 1190 2193 1247 futuro
2218 1192 2412 1263 degere
2447 1194 2531 1248 vel
2564 1194 2714 1249 inviti
2747 1211 3005 1267 cogamur
3031 1214 3128 1267 per
3164 1197 3256 1254 Dei
3294 1202 3491 1257 calide-

1924 1282 2277 1338 mnationem.
2313 1284 2429 1338 Erit
2468 1284 2646 1355 plane,
2672 1285 2777 1341 erit
2821 1292 3065 1357 tempus,
3086 1304 3195 1358 quo
3222 1291 3493 1346 terribilis

1924 1373 2139 1444 clanget
2196 1374 2325 1429 tuba
2371 1374 2644 1429 horrendo
2694 1390 2850 1442 sono,
2900 1385 2955 1431 et
3010 1377 3112 1430 hoc
3175 1380 3487 1434 universum

1925 1466 2128 1520 amisso
2158 1480 2259 1520 suo
2285 1465 2602 1535 aspectabili
2631 1475 2827 1520 ornatu
2854 1468 3116 1523 solvetur.
3148 1467 3489 1541 Conspicuus

1923 1556 2012 1610 bic
2040 1557 2275 1613 mundus
2301 1564 2448 1613 totus
2477 1558 2831 1628 pertransibit
2863 1558 2930 1613 ad
2967 1563 3489 1617 consummationem
3516 1618 3517 1621 η

1923 1664 2077 1705 suam
2117 1648 2421 1716 deductus;
2449 1647 2555 1719 'qui
2599 1666 2728 1706 vero
2760 1651 2918 1721 217
2971 1651 3084 1721 jam
3145 1661 3513 1724 exspectatur;

1922 1741 2160 1796 mundus
2190 1748 2320 1795 tunc
2346 1742 2645 1812 apparebit,
2679 1743 2771 1813 qui
2818 1743 3010 1809 oculis,
3058 1743 3297 1810 auribus,
3337 1760 3488 1799 men-

242 1832 341 1885 νῦν
393 1831 843 1904 προσδοκώμενος
889 1833 994 1887 τῶν
1039 1833 1205 1887 όντων
1242 1834 1538 1904 φανήσεται
1582 1832 1818 1903 κόσμος,

1937 1834 2068 1890 .ibus
2092 1848 2230 1888 nova
2263 1833 2442 1888 omnia
2471 1832 2656 1888 all‘eret
2678 1833 2957 1904 mysteria.
2990 1833 3133 1889 Deus
3157 1843 3336 1890 autem
3372 1837 3487 1896 sin:

242 1922 550 1994 ὀφθαλμοῖς
573 1925 668 1976 καὶ
686 1926 876 1988 ἀκοαῖς
901 1925 994 1978 καὶ
1019 1922 1277 1987 διανοίαις
1315 1923 1440 1990 ξένα
1465 1923 1639 1977 πάντα
1669 1923 1824 1995 κομί-

242 2016 355 2080 ζων
408 2018 706 2088 μυστήρια.
740 2017 799 2071 ’0
831 2016 889 2071 δὲ
935 2016 1066 2079 Θεὸς
1115 2016 1330 2087 ἑκάστῳ
1370 2015 1506 2087 πρὸς
1543 2013 1579 2069 ἃ
1611 2013 1698 2068 διὰ
1729 2013 1821 2067 τοῦ

245 2104 503 2177 σώματος
523 2104 779 2177 ἔπραξεν,
807 2105 917 2158 εἴτε
940 2105 1105 2159 καλὸν
1149 2105 1258 2158 εἴτε
1282 2103 1504 2174 φαῦλον,
1530 2106 1648 2157 κατ’
1668 2103 1823 2170 ἀξίαν

243 2198 544 2252 ἀποδίδωσι
565 2215 579 2228 ·
614 2198 758 2269 μέγα
786 2199 882 2253 καὶ
916 2198 1144 2271 φοϐερὸν
1174 2198 1269 2251 καὶ
1300 2199 1379 2261 είς
1410 2196 1632 2267 ἔσχατον
1659 2197 1823 2249 πᾶσιν

240 2289 533 2354 ἀποδιδοὺς
566 2290 950 2363 συγκλεισμόν.
998 2290 1157 2344 Ἀλλά
1200 2290 1405 2359 γένοιτο
1437 2288 1642 2351 πάντας
1678 2288 1824 2359 ἡμᾶς

241 2383 334 2435 τόν
386 2399 451 2435 τε
498 2384 766 2455 σωτήριον
794 2382 894 2453 τῆς
926 2384 1147 2453 γεέννης
1190 2381 1373 2452 φόϐον,
1414 2382 1507 2436 καὶ
1534 2381 1624 2435 τὸν
1647 2380 1824 2451 τίμιον

243 2473 412 2528 πόθον
442 2474 547 2545 τῆς
592 2474 702 2529 τῶν
747 2473 988 2547 οὐρανῶν
1036 2472 1311 2545 βασιλείας
1372 2471 1687 2526 ἀναλαϐεῖνί
1736 2470 1824 2524 τὸν

246 2567 347 2637 μὲν
371 2565 540 2635 φόϐον
578 2564 814 2636 παντελῆ
840 2565 949 2620 τῶν
990 2564 1172 2618 κακῶν
1206 2565 1337 2636 ἡμῖν
1374 2564 1583 2634 ἀποχὴν
1608 2562 1699 2616 καὶ
1727 2563 1825 2633 ἀρ-

242 2658 369 2727 γίαν
403 2656 664 2712 ποιοῦντα
681 2675 695 2688 ·
726 2658 815 2710 τὸν
837 2657 894 2711 δὲ
926 2658 1088 2712 πόθον
1116 2657 1210 2711 καὶ
1233 2658 1311 2720 εἰς
1335 2655 1432 2720 τὰς
1458 2654 1567 2711 τῶν
1602 2654 1824 2724 ἀγαθῶν

243 2752 478 2824 πράξεις
531 2751 975 2823 προτρεπόμενον
1019 2749 1239 2824 ἱλαρῶς,
1304 2750 1392 2805 ἵνα
1438 2749 1687 2821 τύχωμεν
1717 2749 1824 2804 τῶν

243 2842 679 2916 ἐπηγγελμένων
731 2841 952 2910 ἀγαθῶν
993 2842 1093 2914 τὴν
1149 2841 1447 2896 ἀπόλαυσιν
1498 2842 1554 2895 ὲν
1604 2840 1825 2913 Χριστῷ

256 2933 436 3005 Ἰησοῦ
466 2932 548 3004 τῷ
573 2932 765 3005 Κυρίῳ
798 2932 975 3004 ἡμῶν,
1001 2926 1044 3001 ᾧ
1078 2935 1110 3003 ή
1137 2930 1262 2995 δόξα
1297 2931 1392 2986 καὶ
1412 2929 1472 2983 τὸ
1502 2930 1700 3003 κράτος
1732 2930 1827 2984 σὺν

243 3024 324 3096 τῷ
346 3024 573 3096 ἀνάρχῳ
600 3026 817 3094 (Πατρὶ)
847 3023 941 3078 καὶ
971 3022 1221 3093 παναγίῳ
1242 3022 1335 3075 καὶ
1369 3020 1555 3093 ἀγαθῷ
1585 3020 1678 3074 καὶ
1695 3020 1828 3084 ζωο-

245 3114 387 3185 ποιῷ
411 3114 583 3168 αὑτοῦ
609 3113 887 3185 Πνεύματι
910 3113 1004 3170 νῦν
1027 3113 1121 3167 καί⁸
1159 3112 1357 3168 ἀεὶκαὶ
1379 3113 1459 3176 εἰς
1480 3112 1607 3176 τοὺς
1627 3111 1826 3174 αἰῶνας

244 3205 354 3259 τῶν
376 3203 621 3261 αἰώνων.
653 3205 847 3278 Ἀμήν.

318 3382 455 3441 ΤΟΥ
478 3383 572 3438 ΕΝ
591 3383 810 3440 ΔΓΙΟΙΣ
837 3385 1106 3441 ΠΑΤΡΟΣ
1133 3386 1331 3441 ΗΜΩΝ
1366 3386 1755 3445 ΑΘΛΝΑΣΙΟΥ
1849 3407 1907 3467 α

578 3520 1032 3594 Ἀρχιεπισκόπου
1088 3524 1513 3597 Ἀλεξανδρείας,

250 3659 409 3730 Πρὸς
439 3660 743 3729 Ἀντίοχον
773 3657 1032 3728 ἄρχοντα
1067 3659 1199 3730 (88),
1227 3660 1359 3729 περὶ
1395 3660 1698 3715 πλείστων
1732 3657 1830 3714 καὶ

323 3730 674 3785 ἀναγκαίων
694 3727 1055 3785 ζητημάτων.
1083 3729 1201 3784 τῶν
1221 3730 1290 3782 ἐν
1315 3728 1445 3785 ταῖς
1469 3731 1653 3785 θείαις
1679 3729 1830 3785 Γοα-

323 3728 674 3800 ἀναγκαίων
694 3728 1055 3799 ζητημάτων,
1080 3728 1201 3784 τῶν
1221 3730 1290 3782 ἐν
1315 3728 1445 3794 ταῖς
1469 3731 1653 3794 θείαις
1679 3729 1833 3796 Γρα-

321 3799 465 3871 φαῐς
496 3799 939 3871 ἀπορουμένων,
969 3800 1068 3854 καὶ
1093 3800 1252 3868 παρὰ
1276 3797 1425 3855 πᾶσι
1460 3798 1832 3868 Χριστιανιιῐς

324 3869 729 3942 γινώσκεσθαι
756 3870 1178 3941 ὀφειλομένων.

337 4051 642 4126 Ἐρώτησις
672 4050 743 4106 α’.
776 4050 1167 4116 Πιστεύσαντες
1209 4053 1304 4106 καὶ
1350 4050 1733 4123 βαπτισθέντες
1755 4055 1834 4115 εἰς

257 4145 465 4217 mssa
490 4143 770 4217 όμοούσιον
786 4184 803 4208 ,
835 4146 933 4198 καὶ
960 4144 1205 4214 λέγοντες
1226 4143 1356 4198 Θεὸν
1377 4141 1518 4198 εἶναι
1544 4144 1633 4198 τὸν
1664 4144 1834 4197 Πατέ-

256 4239 569 4311 ςα,ὁμοίως
596 4236 728 4309 (88⁶)
756 4238 848 4291 καὶ
876 4236 1007 4290 Θεὸν
1051 4232 1188 4289 εἶναι
1218 4236 1309 4290 τὸν
1325 4235 1470 4299 Υἰὸν,
1488 4235 1744 4301 ὡσαύτως
1778 4235 1837 4289 δὲ

257 4331 355 4385 καὶ
403 4330 537 4384 Θεὸν
580 4325 717 4383 εἶναι
754 4328 816 4382 τὸ
851 4328 1004 4398 ἅγιον
1051 4328 1294 4399 Πνεῦμα,
1332 4329 1450 4394 πῶς
1493 4329 1555 4382 ού
1604 4329 1835 4400 λέγομεν

256 4425 407 4493 τρεῖς
445 4420 627 4493 θεοὺς,
673 4419 793 4475 ἀλλ’
816 4421 913 4475 ενα
954 4421 1050 4474 καὶ
1092 4419 1250 4491 μόνον
1293 4419 1461 4486 Θεόν;
1493 4421 1604 4475 Καὶ
1642 4422 1691 4474 εἰ
1738 4419 1835 4491 μὲν

257 4514 356 4569 ἕνα
377 4510 791 4585 προσκυνοῦμεν
820 4512 971 4574 Θεὸν,
992 4509 1214 4583 εὔδηλον
1241 4512 1325 4566 ὅτι
1367 4511 1503 4585 (89),
1536 4514 1616 4576 εἰς
1638 4528 1837 4582 μοναρ-

259 4606 383 4676 χίαν
431 4603 800 4669 πιστεύοντες,
844 4603 1199 4674 Ἰουδαϊξομεν
1225 4620 1239 4633 °
1271 4604 1319 4657 εἰ
1378 4604 1435 4657 δὲ
1492 4603 1652 4659 πάλιν
1689 4604 1837 4675 τρεῖς

262 4696 435 4760 θεοὺς,
490 4694 753 4767 πρόδηλον
814 4695 896 4748 δτι
947 4693 1344 4765 ἘλληνΚομεν,
1387 4694 1675 4749 πολυθεῖαν
1719 4695 1833 4748 είσ-

263 4789 509 4857 ἀγοντες,
540 4787 633 4839 καὶ
678 4785 777 4857 οὐχ
809 4786 902 4840 ἕνα
946 4785 1102 4857 μόνον
1132 4785 1262 4841 Θεὸν
1311 4784 1550 4849 εὐσεϐῶς
1594 4801 1833 4859 προσκυ-

263 4896 498 4943 -ιουντες

344 5058 680 5129 Ἀπόκρισις.
734 5055 1085 5128 Ἀπερίεργος
1132 5056 1162 5107 ὁ
1209 5054 1362 5123 λόγος
1402 5054 1495 5107 καὶ
1551 5054 1587 5105 ό.
1636 5052 1834 5123 τρόπος

264 5150 360 5220 τῆς
385 5147 719 5213 ἐύσεϐείας,
784 5147 965 5201 πίστει
1022 5148 1178 5218 μόνῃ,
1213 5145 1326 5201 ἀλλ’
1354 5147 1454 5199 οὐκ
1492 5144 1834 5222 ὲξερευνήσει

265 5242 663 5315 γνωριζόμενος
697 5243 790 5296 καὶ
821 5239 1148 5313 τιμώμενος.
1179 5238 1311 5304 Θεὸς
1341 5240 1450 5312 γὰρ
1485 5237 1837 5308 καταλαμϐα-

265 5334 505 5404 νόμενος,
527 5331 631 5386 οὐκ
659 5331 775 5385 ἐστι
796 5332 947 5397 Θεός.
979 5332 1042 5384 El
1062 5331 1173 5403 γὰρ
1199 5332 1326 5394 τοὺς
1358 5330 1639 5400 ἀγγέλους,
1678 5328 1711 5399 ἦ
1737 5327 1835 5391 τὰς

270 5426 539 5496 ἡμετέρας
560 5424 737 5495 ψυχὰς
767 5424 1041 5495 κτίσματα
1065 5423 1192 5477 ὄντα
1223 5421 1545 5477 καταλαϐεῖν
1586 5421 1647 5475 οὐ
1676 5420 1834 5475 δυνά-

335 5582 446 5656 (83)
477 5581 692 5656 Διῖεξεὶυξ
716 5581 936 5656 λίπερίΔ
950 5580 1216 5656 πλείστων
1225 5578 1559 5656 ⁸ἀναγκαίων
1579 5575 1836 5656 γςητημάι

335 5598 446 5656 ςδο)
487 5598 567 5637 ne
609 5598 692 5637 Ius
717 5598 775 5644 Ζ,
794 5598 922 5653 περι
950 5598 1216 5635 πλειστων
1249 5598 1559 5645 αναγκαιων
1590 5598 1835 5653 εηςεημαι

275 5668 372 5705 των
398 5652 534 5723 πρὸς
551 5598 641 5706 τίν
659 5650 883 5723 βασιλέα
896 5651 1182 5723 Ἀντίοχον.
1225 5647 1397 5723 P_orro
1419 5647 1751 5723 quwstiones
1785 5646 1835 5705 l,

276 5722 325 5784 2,
360 5724 412 5786 3,
442 5716 673 5778 absunt'
696 5738 726 5775 a
758 5720 945 5779 codice
969 5716 1217 5777 Palatino
1249 5719 1304 5781 2,
1343 5726 1400 5771 nt
1425 5725 1479 5771 et
1508 5733 1537 5769 a
1562 5716 1836 5770 veteribus

277 5793 428 5849 editis
450 5792 685 5858 Latinis,
710 5792 801 5869 qui
833 5791 1093 5863 incipiunt
1134 5806 1161 5842 a
1190 5799 1381 5859 quarta
1407 5788 1727 5859 qumstionz'.

1921 1927 2062 1998 gulis
2085 1924 2382 1982 secundum
2406 1941 2470 1981 ea
2504 1942 2623 1997 quae
2661 1942 2758 1997 per
2802 1942 3003 1998 corpus
3043 1944 3203 1982 suum
3259 1930 3489 1999 egerint,

1923 2019 2037 2074 sive
2084 2016 2248 2081 bona,
2299 2016 2415 2073 sive
2446 2016 2586 2070 mala
2617 2018 2748 2082 sint,
2796 2032 2892 2086 pro
2939 2022 3132 2072 merito
3182 2019 3488 2077 retribuet:

1923 2125 2173 2180 magnam
2210 2108 2659 2180 tremendamque
2718 2109 2973 2164 omnibus
3029 2121 3304 2178 postremo
3355 2112 3494 2168 dans

1923 2201 2351 2256 conclusionem.
2387 2200 2496 2255 Sed
2528 2199 2660 2254 faxit
2691 2198 2834 2255 Deus
2860 2209 2917 2254 ut
2942 2217 3042 2255 nos
3066 2216 3256 2258 omnes
3283 2202 3492 2260 saluta:

1924 2309 2036 2349 rem
2086 2294 2344 2364 gehenna:
2388 2293 2662 2356 timorem,
2696 2292 3104 2363 pretiosumque
3140 2294 3290 2364 regni
3324 2295 3493 2348 caelo-

1925 2402 2045 2445 rum
2079 2401 2318 2441 amorem
2373 2385 2767 2456 concipiamus!
2822 2386 3070 2443 timorem
3120 2387 3358 2457 quidem,
3397 2389 3490 2457 qnl

1925 2494 2025 2533 nos
2054 2478 2213 2534 malis
2245 2478 2468 2533 omnino
2498 2477 2772 2534 abstinere
2797 2477 3023 2537 suadeat
3048 2496 3062 2545 ;
3096 2493 3336 2532 amorem
3362 2494 3491 2534 vero

1924 2567 2017 2638 qui
2045 2567 2111 2622 ad
2139 2567 2280 2622 bona
2317 2567 2561 2622 hilariter
2589 2567 2795 2639 agenda
2821 2568 3078 2634 concitet,
3107 2576 3165 2622 ut
3195 2568 3497 2638 promisso-

1925 2672 2044 2711 rum
2078 2657 2344 2711 bonorum
2399 2660 2800 2726 possessionem
2833 2671 3192 2728 assequamur
3246 2658 3302 2712 in
3334 2658 3495 2713 Chri-

1926 2756 2012 2805 sto
2037 2747 2163 2803 Jesu
2189 2747 2420 2805 Domino
2439 2757 2651 2813 nostro,
2669 2749 2763 2811 cui
2788 2749 2960 2822 gloria
2986 2757 3040 2804 et
3061 2750 3347 2821 imperium
3371 2768 3494 2812 cum

1926 2840 2455 2913 (Patre)principio
2493 2848 2736 2906 carente,
2786 2857 2895 2896 una
2941 2857 3067 2897 cum
3121 2843 3496 2905 sanctissimo.

1924 2935 2070 2991 bono
2098 2943 2153 2989 et
2183 2934 2401 2990 viviﬁco
2430 2934 2552 3004 ejus
2579 2932 2805 3004 Spiritu,
2837 2949 2982 2988 nunc
3009 2941 3063 2990 et
3102 2950 3313 3005 semper
3345 2942 3400 2989 et
3434 2934 3494 2995 in

1928 3027 2127 3087 saecula
2158 3028 2508 3089 saeculorum.
2542 3026 2733 3087 Amen.

2068 3380 2312 3438 SANCTI
2361 3380 2605 3436 PATRIS
2652 3378 2904 3436 NOSTRI
2950 3375 3322 3432 ATHANASII

2309 3515 2717 3588 Archiepiscopi
2742 3515 3103 3578 Alexandriae,

1933 3657 2015 3710 Λα
2066 3654 2385 3709 Antiochum
2419 3653 2724 3722 principem,
2767 3652 2830 3722 de
2884 3651 3066 3704 multis
3108 3660 3157 3705 et
3193 3652 3503 3705 necessariis

2002 3723 2384 3795 quaestionibus
2422 3727 2478 3795 in
2519 3722 2698 3777 divina
2725 3792 2735 3795 _
2763 3721 3067 3795 Scriptura
3092 3723 3449 3775 controversis
3484 3760 3500 3783 ,

2003 3790 2133 3864 quas
2165 3811 2316 3849 nemo
2344 3792 2681 3848 Christianus
2716 3792 2960 3863 ignorare
2984 3790 3149 3845 debet.

2005 4042 2326 4112 QUESTIOI.
2357 4038 2805 4110 Quandoquidem
2859 4038 2914 4092 in
2975 4035 3501 4092 consubstantialem

1936 4137 2255 4192 Trinitatem
2289 4132 2564 4189 credimus
2583 4139 2636 4185 et
2654 4129 2908 4201 baptizati
2931 4143 3143 4194 sumus,
3166 4126 3506 4197 dicimusque

1935 4225 2105 4282 Deum
2121 4240 2241 4280 esse
2268 4222 2504 4287 Patrem,
2520 4219 2714 4276 Filium
2733 4219 2984 4276 similiter
3006 4218 3173 4273 Deum
3195 4234 3336 4283 esse,
3354 4218 3507 4273 item-

1935 4334 2041 4390 que
2071 4313 2331 4389 Spiritum
2368 4324 2617 4372 sanctum
2645 4328 2769 4372 esse
2798 4312 2990 4377 Deum,
3020 4326 3127 4383 qua
3157 4311 3366 4366 ratione
3394 4324 3503 4367 non

1938 4419 2050 4466 tres
2074 4408 2207 4465 deos
2241 4405 2338 4464 sed
2369 4421 2539 4461 unum
2595 4415 2649 4462 et
2706 4404 2884 4462 solum
2916 4403 3084 4459 Deum
3133 4402 3411 4458 dicimus?
3440 4400 3506 4455 Et

1937 4499 2157 4571 quidem
2188 4499 2233 4553 si
2269 4513 2441 4553 unum
2473 4496 2770 4553 adoramus
2803 4494 2994 4562 Deum,
3025 4495 3234 4549 clarum
3263 4502 3348 4550 est
3378 4510 3504 4557 nos,

1938 4591 2106 4646 veluti
2137 4591 2194 4645 in
2238 4589 2613 4645 monarchiam
2663 4587 2956 4652 credendo,
3010 4585 3229 4642 Judaaos
3279 4584 3507 4639 imitari.

1939 4684 2093 4750 Quod
2116 4683 2163 4740 si
2184 4697 2377 4738 rursus
2409 4688 2524 4739 tres
2536 4680 2668 4736 deos
2698 4680 3012 4739 adoramus.
3041 4680 3385 4750 perspicuum
3425 4686 3510 4732 est

1940 4775 2171 4850 gentiles
2203 4790 2305 4831 nos
2342 4773 2563 4840 sectari,
2586 4772 2789 4844 quippe
2815 4773 2909 4844 qui
2941 4772 3166 4827 deorum
3197 4769 3508 4825 multitudi-

1942 4881 2066 4923 nem
2084 4864 2428 4931 inducamus,
2455 4879 2558 4921 nec
2590 4879 2760 4918 unum
2785 4865 2962 4920 solum
2987 4862 3154 4918 Deum
3190 4862 3277 4931 pie
3311 4859 3511 4915 adore-

1942 4973 2084 5014 mus.

2012 5049 2332 5106 Bssronsro.
2357 5048 2588 5104 Curiose
2620 5045 2919 5103 scrutanda
2958 5049 3187 5099 nonest
3218 5050 3379 5096 rectae
3424 5056 3508 5094 re-

1939 5142 2157 5213 ligionis
2198 5143 2361 5205 ratio,
2382 5157 2484 5197 nec
2506 5138 2928 5200 investigatione
2950 5135 3044 5191 sed
3064 5135 3178 5188 sola
3200 5133 3303 5188 [ide
3344 5147 3509 5202 agno-

1940 5234 2137 5290 scenda
2164 5226 2246 5290 est
2272 5241 2325 5289 et
2356 5233 2657 5288 adoranda.
2694 5230 2972 5301 Siquidem
3010 5227 3152 5282 Deus
3187 5228 3231 5280 si
3262 5240 3527 5294 compre-.

1937 5326 2227 5391 bendatur,
2260 5341 2368 5381 non
2392 5333 2476 5380 est
2490 5323 2652 5380 Deus.
2681 5320 2925 5391 Namque
2955 5320 3000 5375 si
3024 5334 3124 5373 nec
3153 5317 3378 5388 angelos
3401 5329 3508 5378 nec

1941 5420 2149 5474 animas
2201 5424 2444 5480 nostras,
2507 5429 2626 5485 quae
2697 5421 2825 5468 sunt
2856 5426 2947 5466 res
2994 5416 3210 5471 creatae,
3266 5406 3511 5462 valemus

2015 5572 2148 5643 (88')
2182 5572 2411 5643 Ὁμοίως
2437 5569 2588 5643 deest
2613 5567 2673 5643 in
2697 5566 2829 5637 Reg.
2866 5566 2916 5618 l.
2944 5562 3063 5618 Mox
3094 5563 3302 5633 δέηίροει
3327 5560 3511 5617 ὡσαύ-

1944 5638 2049 5706 τως
2088 5638 2317 5698 όοθειῖιι
2350 5639 2480 5710 Reg.
2522 5640 2573 5703 l,
2607 5638 2661 5694 2.

2015 5702 2127 5783 (⁷89)
2159 5711 2233 5783 Ita
2263 5702 2458 5783 omnes.
2479 5726 2612 5783 pene
2644 5704 3338 5783 manuscriptiqfiditinvi-ro
3365 5702 3515 5777 εὕδητ

1943 5776 2029 5837 λον
2054 5776 2149 5847 ὡς.
2184 5782 2334 5837 Palat
2386 5782 2435 5846 l,
2466 5776 2629 5845 infra,
2660 5781 2807 5855 τρεῖς
2842 5779 2996 5840 θεοὺς
3016 5776 3173 5848 δῆλον
3198 5777 3300 5829 ὅτι.
