4088 6382
1245 242 1708 336 QUESTIONES
1742 277 1835 334 AD
1868 281 2275 345 ANTIOCHUM
2312 289 2570 352 nucem.

3423 315 3528 373 602

279 375 414 447 ρίας.
453 392 474 425 υ
509 374 721 449 Ὠσπερ
749 373 843 433 οὖν
873 380 989 451 ἠὲν
1017 385 1217 456 γαστρὶ
1231 385 1470 444 λαδοῦσα
1500 394 1637 466 γυνὴ
1661 395 1725 448 ἐκ
1746 396 1817 450 τῶ

279 467 665 502 meme-$-54“
696 469 790 502 ρλπ
817 471 1048 502 Ωλλκμηρ
1103 476 1191 502 --π
1239 481 1294 502 ι-.
1335 484 1393 502 -ει
1444 501 1448 502 ν
1493 485 1505 502 ο
1700 488 1713 502 ο
1759 487 1785 499 α

1920 446 1926 461 .
1955 406 2175 502 modum
2204 424 2331 502 ergo
2355 428 2643 486 praegnans
2699 419 2915 489 mulier,
2950 441 3017 479 ex
3055 425 3217 495 fetus,
3264 447 3425 502 quem
3465 437 3520 493 in

276 467 665 560 σκιρτημάτων
696 469 791 524 τοῦ
814 471 1068 544 βρέφους,
1102 476 1193 560 τοῦ
1236 481 1294 533 ὲν
1330 484 1397 554 τῇ
1438 485 1621 557 μήτρᾳ
1653 487 1846 559 αὐτῆς,

274 557 556 615 ἐπίσταται
587 559 834 630 ἀψευδῶς
859 565 942 619 ὅτι
970 557 1182 641 καρπὸν
1234 571 1454 628 ἐλαϐεν·
1489 575 1632 631 οὕτω
1688 557 1846 655 καὶ-ἠ

273 650 410 723 ψυχὴ
438 652 534 706 τοῦ
587 653 804 725 ἀληθῶς
834 658 1180 730 Χριπιανοῦ,
1227 665 1288 718 οὐ
1331 666 1417 720 διὰ
1450 669 1709 741 ῥημάτων
1738 672 1815 726 τῶ

271 745 488 813 γονέων,
524 745 662 801 ἀλλὰ
693 747 783 802 διά
824 753 1164 824 πραγμάτων
1209 755 1304 811 καὶ
1337 765 1723 833 σκιρτημάτων
1749 766 1847 838 τῆς

271 837 493 908 καρδίας
523 839 714 905 αὑτοῦ,
745 843 840 896 κα)⁸
872 844 1104 915 μάλιστα
1132 848 1212 921 τῷ
1231 850 1406 923 καιρῷ
1434 852 1542 906 τῶν
1562 837 1843 929 φωτισμάρ

268 944 391 993 των,
442 930 537 983 καὶ
586 930 691 1002 τῆς
744 935 1095 1007 μεταλήψεως
1124 940 1218 993 τοῦ
1270 942 1428 1010 ἁγίου
1476 944 1726 1018 σώματος
1748 951 1843 1004 καὶ

271 1022 494 1091 αἵματος
542 1024 639 1077 τοῦ
702 1027 961 1098 Χριστοῦ,
995 1031 1253 1102 μανθάνει
1293 1036 1358 1089 ὲκ
1392 1036 1491 1107 τῆς
1530 1041 1707 1110 χαρᾶς
1733 1041 1840 1114 (96)

268 1113 365 1183 τῆς
424 1115 590 1168 αὐτοῦ
646 1116 846 1189 ψυχῆς,
894 1119 977 1175 ότι
1022 1123 1082 1177 τὺ
1127 1125 1352 1199 Πνεῦμα
1397 1128 1458 1182 τὸ
1490 1129 1644 1200 ἅγιον
1680 1133 1839 1188 ἔλασε

269 1204 603 1275 βαπτισθείς.
1587 1240 1593 1247 ·

312 1376 317 1381 ι
344 1299 534 1371 Ἐρώτ.
563 1308 634 1371 γ’.
663 1305 825 1370 Πότε,
863 1307 958 1361 καὶ⁵
990 1308 1171 1376 πόθεν,
1206 1310 1301 1366 καὶ
1329 1313 1447 1378 πῶς
1474 1315 1762 1385 γεγόνασιν
1788 1319 1836 1372 οἱ

267 1389 479 1461 ἄγγελοι
503 1408 518 1460 ;

344 1485 529 1539 ’Δπόκ.
565 1487 705 1542 Οὔτε
728 1491 913 1556 πόθεν,
941 1491 1066 1547 οὗτε
1124 1493 1243 1558 πῶς
1272 1496 1558 1565 γεγόνασιν
1590 1501 1638 1553 oi
1672 1500 1837 1572 ἀγγε·

262 1573 360 1638 λοι,
390 1575 613 1631 δυνατὸν
675 1579 835 1648 φύσει
868 1583 1182 1656 ἀνθρωπίνῃ
1225 1588 1396 1640 εἰπεῖν
1419 1605 1434 1619 ο
1480 1590 1528 1642 εί
1565 1589 1638 1662 μὴ
1678 1591 1834 1647 τοῦτο

265 1667 616 1736 μόνον,ὃτιέκ
645 1670 741 1725 τοῦ
772 1674 848 1746 μὴ
876 1674 1029 1739 ὄντος
1053 1679 1133 1741 είς
1147 1678 1208 1731 τὸ
1234 1673 1374 1732 εἷναι
1401 1678 1544 1752 λόγῳ
1563 1681 1697 1735 Θεοῦ
1717 1682 1829 1756 (97)

1951 504 2107 553 utero
2141 499 2323 567 habet,
2379 506 2709 577 agitatione,
2773 522 2923 570 certo
2966 533 3026 573 se
3076 522 3228 576 novit
3280 499 3519 583 l‘ructum

1949 592 2262 662 suscepisse
2291 614 2305 650 :
2337 596 2420 653 sic
2442 608 2496 654 et
2543 602 2725 658 anima
2772 608 2887 663 veri
2913 607 3235 681 Christiani,
3296 634 3408 674 non
3451 637 3521 677 ex

1947 683 2127 740 verbis
2172 696 2480 758 parentum,
2523 695 2618 750 sed
2675 712 2744 752 ex
2800 699 2966 756 rebus
2998 703 3132 773 ipsis
3175 714 3230 763 et
3277 711 3518 768 motibus

1945 774 2252 844 cordissui,
2286 784 2522 841 maxime
2567 803 2699 844 vero
2743 790 2935 850 diebus
2967 795 3122 854 festis
3159 808 3213 855 et
3242 802 3517 859 illumina-

1946 865 2157 923 tionum
2223 886 2320 927 seu
2386 874 2820 947 haptismatum,
2881 900 2945 940 ac
2997 891 3513 950 communicationis

1942 962 2121 1016 sancti
2178 968 2427 1036 corporis
2473 979 2527 1024 et
2575 975 2861 1042 sanguinis
2917 977 3143 1045 Christi,
3189 998 3256 1037 ex
3315 986 3512 1055 gaudio

1943 1050 2142 1107 animae
2170 1070 2284 1110 sua:
2316 1056 2479 1115 discit
2508 1075 2569 1118 se
2592 1062 2926 1134 baptizatum
2944 1073 3224 1143 accepisse
3248 1050 3511 1147 Spiritum

1938 1153 2211 1201 sanctum.

2009 1304 2229 1372 Qussr.
2258 1310 2347 1368 Ill.
2371 1312 2752 1384 Quandonam,
2804 1323 2949 1379 unde
2977 1333 3032 1380 et
3062 1329 3336 1397 quomodo
3378 1330 3508 1387 iacti

1935 1405 2067 1453 sunt
2087 1403 2262 1472 angeli
2284 1402 2309 1458 τ

2005 1489 2169 1548 ﬁsse.
2195 1492 2313 1550 Non
2329 1505 2510 1566 potest
2538 1509 2736 1559 natura
2776 1504 3014 1562 humana
3044 1510 3229 1568 dicere
3260 1516 3405 1572 unde
3420 1518 3509 1572 vel

1930 1588 2209 1653 quomodo
2244 1588 2372 1645 facti
2403 1593 2515 1647 sint
2546 1597 2724 1667 angeli
2758 1617 2772 1653 :
2802 1601 2896 1655 sed
2954 1603 3056 1659 hoc
3106 1606 3283 1661 solum
3331 1612 3504 1675 novit,

1930 1675 2057 1732 illos
2076 1680 2243 1735 verbo
2276 1680 2453 1739 Deiex
2480 1685 2654 1743 nihilo
2698 1689 2877 1747 factos
2929 1709 3072 1751 esse.
3108 1696 3339 1763 Quando
3376 1718 3510 1757 vero

260 1758 531 1836 γεγόνασι.
556 1762 630 1816 T6
652 1762 709 1817 δὲ
740 1766 896 1831 πότε,
931 1767 981 1820 οἱ
1017 1768 1118 1839 μέν
1154 1786 1287 1839 φασι
1319 1772 1386 1841 τῇ
1410 1770 1599 1843 πρώτῃ
1625 1774 1817 1845 ἡμέρᾳ,

1933 1766 2061 1823 facti
2098 1770 2325 1840 fuerint,
2363 1777 2455 1831 alii
2489 1779 2665 1849 prima
2720 1783 2831 1849 die,
2858 1786 2950 1840 alii
2982 1797 3107 1843 ante
3130 1758 3377 1861 primam
3406 1809 3508 1864 pu-

259 1853 303 1903 oi
332 1850 387 1905 δὲ
408 1853 512 1924 πρὸ
542 1854 646 1926 τῆς
675 1855 904 1929 πρώτης
926 1859 1161 1931 ἡμέρας.

334 1943 390 1996 '0
418 1943 475 1998 δὲ
516 1946 577 2007 ἐν
631 1948 811 2016 ἁγίοις
867 1951 1054 2023 Πατὴρ
1084 1952 1241 2024 ἡμῶν
1276 1956 1371 2009 καὶ
1420 1954 1829 2029 ωυματουργὺς

267 2035 576 2106 Ἐπιφὰνιος
597 2040 627 2093 6
658 2040 1085 2111 ἀρχιεπίσκοπος
1130 2043 1379 2117 Κύπρου,
1429 2050 1508 2111 είς
1540 2052 1632 2102 τὸν
1670 2049 1827 2117 λόγον

253 2128 411 2182 αὑτοῦ
426 2129 517 2184 τὸν
545 2133 688 2186 κατά
716 2132 929 2188 Παύλου
959 2136 1052 2189 τοῦ
1100 2138 1480 2208 Σαμοσατέως,
1516 2141 1597 2202 είς
1618 2140 1684 2195 τὰ
1710 2144 1828 2195 Πα-

251 2216 449 2288 νάρεια
472 2220 583 2294 (98)
614 2224 965 2298 πλατυτέρως
990 2228 1223 2294 ἐξέθετο,
1252 2231 1369 2300 ἁμα
1391 2232 1602 2304 οὐρανῷ
1635 2235 1727 2287 καὶ
1752 2237 1821 2307 γῇ

249 2312 463 2376 τούτους
491 2312 986 2388 δημιουργηθῆναι,
1015 2319 1107 2371 καὶ
1139 2320 1260 2391 οὐχὶ
1283 2321 1564 2395 πρότερον,
1593 2324 1821 2398 ἀνατρέ-

250 2418 359 2456 πων
394 2403 486 2458 διὰ
540 2406 917 2479 συλλογισμῶν
943 2412 1069 2475 τοὺς
1093 2412 1251 2467 τοῦτο
1286 2413 1558 2483 λέγοντας.
1606 2418 1717 2472 Καὶ
1762 2420 1823 2473 ἑν

250 2493 412 2565 ἑτέρῳ
442 2495 501 2549 δὲ
527 2497 688 2551 αὑτοῦ
716 2498 863 2571 λόγῳ
889 2502 1048 2555 τοῦτό
1071 2520 1255 2574 φησιν.

322 2586 515 2659 Ἐρώτ.
542 2589 604 2643 δ’.
632 2590 807 2645 Πόθεν
855 2591 1015 2662 δῆλον
1050 2595 1130 2647 ὅτι
1162 2594 1370 2649 κτιστοί
1391 2597 1527 2649 είσιν
1573 2599 1621 2650 οί
1662 2597 1821 2667 ἀγγε-

246 2673 351 2743 λοις
379 2678 504 2733 οὐδὲ
527 2679 636 2753 γὰρ
668 2682 971 2753 ὲμφέρεταί
998 2701 1051 2737 τι
1076 2685 1318 2739 τοιοῦτον
1347 2689 1404 2741 ὲν
1428 2690 1492 2759 τῇ
1518 2686 1682 2761 βίϐλῳ
1715 2689 1817 2760 τῆς

244 2767 529 2836 Γενὲσεως.
1374 2851 1381 2860 θ

318 2862 507 2917 Ἀπόκ.
543 2863 835 2920 Γινώσκων
860 2868 888 2921 6
913 2866 1044 2932 Θεὸς
1084 2869 1146 2924 τὸ
1178 2870 1485 2939 φιλείδωλον
1527 2873 1620 2927 καὶ⁵
1654 2871 1814 2927 πολύ-

240 2953 357 3008 θεον
413 2956 527 3027 (99)
552 2958 659 3013 τῶν
719 2959 1022 3032 ἀνθρώπιον
1051 3002 1066 3026 ,
1125 2964 1220 3017 κα)⁵
1264 2966 1503 3036 μάλιστα
1538 2966 1644 3020 τῶν
1683 2968 1815 3021 Ἰου-

237 3044 416 3112 δαίων,
466 3047 658 3102 τούτου
703 3050 865 3122 χάριν
912 3052 1227 3125 ἀπέκρυψεν
1277 3055 1336 3109 ὲν
1366 3058 1430 3127 τῇ
1482 3056 1696 3110 Γενέσει
1720 3057 1811 3112 τὸν

1930 1868 2071 1916 tant.

2001 1956 2235 2015 Sanctus
2287 1968 2467 2017 autem
2502 1960 2666 2019 Pater
2693 1974 2885 2025 noster
2903 1979 2956 2024 et
2990 1971 3256 2029 miriﬁcus
3275 1973 3509 2045 Epipha-

1927 2048 2054 2104 nius
2090 2049 2200 2121 (98)
2235 2053 2683 2126 archiepiscopus
2705 2058 2895 2129 Cypri,
2934 2061 2988 2114 in
3011 2063 3152 2118 libro
3183 2080 3286 2120 suo
3309 2075 3505 2121 contra

1924 2137 2152 2195 Paulum
2218 2141 2675 2213 Samosatenum,
2714 2150 2770 2204 in
2826 2150 3082 2208 Panariis
3123 2157 3276 2223 suis,
3340 2160 3508 2217 latius
3560 2228 3564 2233 ο

1923 2234 2167 2303 exponit,
2202 2250 2311 2290 una
2350 2252 2475 2291 cum
2499 2239 2640 2294 ccelo
2672 2249 2726 2296 et
2765 2249 2909 2298 terra
2941 2262 3064 2301 esse
3098 2247 3298 2314 factos,
3335 2261 3388 2305 et
3408 2268 3507 2306 ue-
3548 2244 3557 2253 ’

1921 2339 2196 2395 quaquam
2232 2328 2408 2398 prius.
2453 2330 2704 2390 refutans
2736 2339 3178 2395 contradicentes
3209 2358 3306 2412 per
3332 2344 3502 2415 syllo-

1920 2410 2146 2480 gismos.
2167 2411 2309 2469 Etin
2335 2416 2442 2473 alio
2470 2419 2707 2489 quodam
2730 2423 2872 2480 libro
2906 2424 3048 2481 idem
3072 2410 3292 2486 asserit.

1982 2581 2204 2647 Qussr.
2239 2582 2327 2637 IV.
2360 2583 2645 2640 Undenam
2663 2586 3016 2643 manifestum
3033 2597 3119 2645 est
3140 2592 3358 2647 creatos
3374 2607 3499 2648 esse

1917 2674 2176 2744 angelos?
2209 2690 2446 2747 namque
2477 2678 2610 2731 nihil
2642 2678 2955 2749 huiusmodi
3011 2681 3245 2737 habetur
3264 2684 3321 2738 in
3351 2684 3499 2741 libro

1916 2763 2211 2821 Geneseos.

1933 2888 1936 2892 λ
1982 2855 2148 2912 Resp.
2188 2855 2339 2913 Cum
2372 2868 2564 2916 nosset
2618 2859 2761 2917 Deus
2806 2862 3093 2929 homines,
3144 2868 3494 2939 maximeque

1913 2944 2131 3004 Judaeos
2171 2964 2473 3020 propensos
2514 2966 2639 3007 esse
2697 2951 2765 3006 ad
2806 2952 3076 3008 idolorum
3111 2961 3165 3009 et
3189 2956 3488 3011 multorum

1914 3039 2142 3094 deorum
2172 3043 2401 3108 cultum,
2425 3043 2631 3100 idcirco
2672 3044 2727 3098 in
2757 3044 2955 3101 Genesi
2988 3047 3209 3102 reticuit
3242 3049 3388 3117 quod
3420 3048 3488 3102 ad

234 3138 358 3208 περὶ
388 3137 499 3193 τῶν
555 3120 808 3211 ἀγγέλων
850 3141 1040 3213 λόγον·
1061 3120 1072 3125 ὴ
1105 3120 1189 3199 ἵνα
1222 3147 1301 3219 μὴ
1339 3120 1432 3202 καί
1469 3150 1665 3215 αὐτοὺς
1693 3150 1811 3205 θεοο

1920 3132 2138 3201 angelos
2171 3140 2463 3202 spectaret,
2484 3150 2553 3190 ne
2573 3134 2648 3188 illi
2670 3136 2761 3206 qui
2787 3138 3014 3190 vitulum
3034 3146 3089 3192 et
3108 3138 3212 3192 alia
3236 3138 3486 3209 quaedam

232 3232 528 3302 ποιήσωσιν
589 3235 640 3287 οἱ
684 3236 777 3288 τὸν
831 3237 1030 3308 μόσχον
1091 3239 1183 3292 καὶ
1241 3240 1374 3295 ἄλλα
1418 3241 1537 3296 τινὰ
1570 3243 1815 3317 θεοποιή-

233 3337 422 3389 σαντες
444 3325 522 3389 ὡς
556 3325 709 3390 θεούς
744 3327 840 3397 (1).
869 3328 993 3382 Ὅτι
1018 3328 1076 3383 δὲ
1106 3333 1199 3385 καὶ
1234 3335 1442 3388 κτιστοί
1467 3336 1605 3389 είσιν
1636 3336 1686 3389 οἱ
1715 3338 1813 3407 ἇγ-

227 3413 367 3481 γελοι
399 3456 417 3482 ,
450 3417 683 3471 ἄκουσον
737 3418 829 3472 τοῦ
890 3421 1047 3489 ἁγίου
1089 3422 1403 3494 Πνεύματος
1430 3426 1517 3479 διὰ
1545 3427 1637 3480 τοῦ
1672 3429 1812 3500 Προ-

225 3506 387 3575 φήτου
439 3506 727 3576 λέγοντος·
776 3526 795 3561 ι
826 3510 1035 3564 Αἰνεῖτε
1087 3511 1180 3566 τὸν
1240 3513 1464 3586 Κύριον,
1516 3516 1716 3580 πάντες
1756 3519 1806 3571 οί

221 3596 440 3666 ἄγγελοι
502 3599 706 3654 αὐτοῦ’
745 3604 942 3656 αἱνεῖτε
993 3605 1175 3670 αὑτὸν,
1228 3607 1399 3660 πᾶσαι
1450 3608 1504 3660 αί
1551 3608 1807 3680 δυνάμεις

221 3688 407 3755 αὐτοῦ,
446 3691 529 3744 ὅτι
574 3692 738 3758 αὐτὸς
799 3687 941 3757 εἷπε,
989 3696 1081 3749 καὶ
1118 3696 1474 3769 ἐγενήθησαν,
1525 3698 1687 3763 αὐτὸς
1726 3700 1811 3751 ὲν-

218 3782 480 3847 ετείλατο,
514 3784 610 3837 καὶ
631 3783 978 3857 ἐκτίσθησαν.
1022 3811 1039 3839 ι

292 3876 495 3948 Ἐρώτ.
524 3882 586 3930 ε’.
638 3877 731 3930 Ἐκ
782 3877 884 3948 τῆς
939 3877 1127 3944 οὐσίας
1165 3879 1223 3933 δὲ
1254 3880 1348 3934 τοῦ
1383 3880 1559 3950 φωτὸς
1608 3880 1803 3935 τούτου

215 3964 365 4031 εἰσὶν,
399 3967 437 4039 ἢ
472 3966 645 4039 ἄλλης
676 3967 825 4031 τινὸς
861 3966 1110 4037 φύσεως

291 4081 485 4135 Ἀπόκ.
521 4080 689 4133 Ὅσον
715 4079 962 4153 διαφέρει
986 4082 1078 4136 τοῦ
1102 4084 1330 4156 ἀστέρος
1352 4085 1381 4138 6
1415 4084 1586 4156 ἥλιος,
1609 4083 1801 4138 τοσοῦ-

212 4185 294 4220 τον
320 4170 583 4243 διαφέρει
618 4172 651 4242 ἡ
685 4170 845 4225 οὐσία
875 4172 985 4228 τῶν
1034 4174 1281 4244 ἀγγέλων
1315 4175 1495 4248 πάσης
1533 4175 1639 4246 τῆς
1666 4176 1803 4248 ὀρω-

212 4261 374 4335 μένης
406 4266 675 4327 κτίσεως.

285 4356 483 4428 Ἐρὼτ.
528 4362 605 4421 ς’.
643 4355 819 4420 Πόσος
851 4356 909 4410 δὲ
955 4356 1062 4429 ἄρα
1095 4355 1201 4411 τῶν
1240 4357 1486 4426 ἀγγέλων
1507 4360 1537 4411 6
1569 4357 1800 4432 ἀριθμὸς

207 4443 434 4521 ὑπάρχει
460 4448 614 4519 ὑπὲρ
642 4449 734 4502 τὸν
761 4447 992 4519 ἀριθμὸν
1019 4449 1119 4519 τῆς
1138 4448 1588 4521 ἀνθρωπότητος;

281 4560 519 4634 Ἀπόκρ,
552 4561 616 4615 Οἱ
639 4560 740 4632 μέν
766 4578 932 4631 φασιν
956 4564 1281 4634 ἐνενήκοντα
1308 4562 1464 4617 ἐννέα
1483 4562 1626 4635 μέρη
1658 4557 1799 4616 εἶναι

204 4653 319 4718 τοὺς
349 4655 639 4725 ἀγγέλους
664 4652 740 4723 (2)
764 4652 903 4725 πρὸς
939 4653 1029 4707 τὸν
1062 4653 1293 4726 ἀριθμὸν
1316 4654 1416 4725 τῆς
1444 4652 1796 4725 ἀνθρωπότη-

202 4760 304 4811 τος,
320 4751 470 4804 κατὰ
492 4749 602 4821 τὴν
630 4747 951 4820 παραδολὴν
971 4747 1065 4801 τοῦ
1087 4747 1292 4819 Κυρίου
1317 4748 1425 4802 τῶν
1448 4747 1642 4802 ἑκατὸν
1664 4765 1800 4819 προ-

204 4836 371 4895 ϐάτων
389 4859 404 4872 ο
438 4841 601 4913 ἄλλοι
628 4840 686 4893 δὲ
709 4839 870 4895 ἐννέα
898 4840 1040 4895 κατά
1069 4841 1167 4913 τὴν
1187 4840 1502 4912 παραϐολὴν
1527 4839 1636 4894 τῶν
1662 4840 1796 4895 δέκα

200 4929 478 5006 δραχμῶν.
522 4934 752 5005 Ἕτεροι
806 4932 863 4986 δὲ
906 4933 1222 5007 ἰσαρίθμους
1266 4932 1484 5002 λέγουσι
1536 4932 1665 4997 τοὺς
1702 4933 1796 4987 ἁν-

201 5019 446 5094 θρώπους
471 5028 577 5081 καὶ
603 5027 737 5089 τοὺς
761 5024 1049 5093 ἀγγέλους,
1078 5028 1333 5099 φέροντες
1378 5030 1458 5094 είς
1490 5030 1794 5104 μαρτυρίαν

259 5183 304 5215 τ’
339 5182 496 5239 Psal.
531 5197 784 5248 cnvm,
820 5179 884 5248 2,
920 5181 972 5236 5.

261 5366 370 5447 (ἓξ)
403 5367 552 5447 Tres
588 5362 864 5447 Ius-ﬁs
890 5362 1127 5447 κέξρξτοξ-
1181 5437 1193 5447 .

261 5436 372 5509 (97)
407 5437 582 5505 Λόγῳ
619 5434 759 5509 Θεοῦ
800 5434 974 5509 Δάεεξδι
995 5436 1049 5488 in
1075 5435 1238 5509 Desii.
1280 5435 1593 5509 Mox._Beg.
1637 5437 1694 5509 2,
1721 5437 1784 5491 Οἱ

200 5508 298 5590 μέν.
320 5501 454 5590 φασι
483 5501 767 5590 τρίτῃ.
784 5501 972 5590 Ᾱημέρὲι
992 5542 1021 5590 ,.
1043 5506 1091 5558 οἱ
1107 5505 1258 5590 δὲρῇ
1296 5505 1532 5590 τετράδι,
1545 5501 1602 5562 οἱ
1630 5501 1688 5563 δέ
1717 5510 1782 5580 τῇ

197 5573 377 5705 πρώτῃ
396 5581 503 5651 ήμ.
528 5573 679 5631 Ibid.
715 5573 856 5656 haec,
880 5573 983 5627 ὅδὲ
1005 5576 1064 5628 ὲν
1097 5573 1293 5658 ἁγίοις,
1317 5586 1371 5633 et
1394 5573 1586 5633 caetera
1612 5573 1786 5650 usque

200 5661 226 5704 θ
294 5649 454 5706 linem
486 5658 889 5717 responsionis
916 5643 1115 5700 desunt
1146 5663 1203 5703 in
1226 5647 1403 5704 tribus
1437 5662 1571 5703 mss.

263 5720 373 5793 (98)
404 5715 625 5792 Epiph'.
656 5715 860 5771 haeres.
892 5729 1015 5771 uv.

1912 3222 1967 3278 in
2002 3224 2227 3279 deorum
2266 3241 2561 3282 numerum
2607 3229 2937 3294 retulerunt,
2998 3231 3147 3301 ipsos
3195 3232 3358 3286 etiam
3390 3247 3490 3287 an-

1911 3316 2061 3385 gelos
2082 3324 2140 3369 ut
2160 3316 2293 3372 deos
2323 3318 2585 3374 colerent.
2612 3318 2767 3385 Quod
2799 3328 2979 3374 autem
3014 3322 3183 3376 creati
3233 3322 3345 3377 sint
3386 3337 3488 3376 an-

1910 3406 2036 3477 geli,
2066 3406 2266 3463 discea
2291 3407 2497 3480 Spiritu
2527 3418 2720 3464 sancto
2753 3426 2849 3480 per
2876 3409 3206 3482 Prophetam
3248 3413 3432 3469 aiente
3465 3431 3483 3469 :

1915 3516 1933 3550 ι
1962 3497 2204 3554 Laudate
2260 3498 2571 3568 Dominum,
2623 3517 2813 3557 omnes
2862 3504 3040 3574 angeli
3071 3502 3190 3574 ejus
3222 3522 3235 3554 :
3266 3504 3486 3560 laudate

1907 3605 2055 3655 eum,
2087 3608 2280 3647 omnes
2319 3594 2550 3648 virtutes
2583 3593 2726 3663 ejus,
2781 3595 2909 3664 quia
2953 3596 3069 3665 ipse
3090 3596 3226 3649 dixit
3254 3606 3308 3653 et
3336 3596 3479 3652 facta

1906 3691 2057 3749 sunt,
2093 3683 2209 3756 ipse
2226 3685 2502 3739 mandavit
2529 3692 2582 3741 et
2603 3696 2787 3741 creata
2822 3696 2950 3741 sunt
2981 3687 3046 3739 τ’.
3077 3704 3096 3738 ι

1975 3864 2198 3930 ρυλεετ.
2227 3861 2293 3919 ν.
2326 3863 2405 3918 Ex
2452 3874 2764 3920 essentrane
2798 3870 2926 3919 sunt
2963 3865 3129 3935 hujus
3152 3867 3376 3925 luminis
3405 3884 3476 3925 an

1903 3973 1969 4013 ex
2001 3959 2184 4028 aliqua
2214 3957 2317 4012 alia
2358 3958 2592 4012 natura?

1976 4067 2137 4124 Resp.
2170 4068 2445 4135 Quantqu
2483 4069 2562 4124 sol
2595 4082 2625 4122 a
2650 4068 2803 4125 stella
2832 4068 3035 4134 dill‘ert,
3062 4078 3274 4126 tantum
3297 4072 3479 4130 differt

1904 4172 2100 4217 natura
2130 4163 2447 4234 angelorum
2478 4163 2546 4218 ab
2572 4164 2718 4219 omni
2756 4164 2961 4220 visibili
2993 4174 3265 4221 creatura.

1975 4351 2197 4409 Qums'r.
2232 4339 2320 4396 Vl.
2353 4340 2626 4409 Quantum
2662 4342 2825 4414 igitur
2853 4345 3169 4417 angelorum
3191 4363 3473 4416 numerus,

1829 4469 1875 4524 ο
1906 4436 2186 4491 hominum
2220 4433 2623 4489 multitudinem
2646 4436 2902 4506 superat?

1970 4568 2138 4626 Rssr.
2167 4569 2275 4624 Alii
2303 4570 2522 4640 quidem
2565 4571 2721 4624 aiunt
2750 4569 3049 4641 nonaginta
3072 4585 3269 4627 novem
3289 4579 3473 4640 partes

1903 4676 2028 4718 esse
2059 4664 2284 4733 angelos
2325 4664 2372 4717 si
2418 4678 2542 4717 cum
2570 4677 2801 4717 numero
2827 4662 3106 4717 hominum
3142 4678 3469 4733 comparen-

1901 4760 2033 4822 tur;
2072 4764 2293 4824 propter
2323 4755 2536 4809 scilicet
2567 4756 2884 4825 parabolam
2912 4755 3125 4810 Domini
3146 4754 3214 4810 de
3246 4761 3469 4809 centum

1900 4845 2065 4917 219
2082 4847 2276 4902 ovibus
2300 4866 2315 4900 :
2347 4849 2438 4902 alii
2472 4864 2624 4913 vero,
2647 4864 2843 4904 novem
2868 4889 2883 4913 ,
2914 4857 3134 4920 propter
3152 4848 3467 4941 parabolam

1898 4939 1966 4994 de
1992 4940 2179 4996 decem
2214 4941 2511 4998 drachmis.
2543 4943 2737 4999 Cmteri
2770 4950 2951 4998 autem
2983 4950 3175 5013 putant
3202 4939 3465 5012 aqualem

1901 5045 2023 5087 esse
2080 5033 2396 5101 angelorum
2456 5044 2511 5089 et
2561 5034 2842 5090 hominum
2880 5048 3167 5088 numerum
3193 5072 3208 5097 ,
3266 5032 3467 5086 horum

1965 5363 2077 5435 (99)
2106 5361 2242 5420 Tres
2271 5380 2401 5419 mss.
2428 5366 2521 5418 καὶ
2542 5364 2819 5428 πολύθεον,
2849 5366 3071 5421 omissis
3101 5366 3465 5423 intermediis.

1963 5436 2040 5507 (1)
2059 5435 2221 5509 _Htec,
2253 5435 2300 5509 οἱ
2328 5435 2419 5509 τον
2449 5435 2646 5509 μόσχον
2668 5436 2761 5489 καὶ
2792 5435 3083 5509 ἀλλαμτινὰ
3124 5436 3468 5509 θεοποιήσαν-

1890 5505 2238 5570 cegdesunt
2276 5507 2329 5559 in
2366 5506 2580 5560 duobus
2614 5521 2747 5560 mss.
2790 5506 2907 5560 Mox
2933 5505 3104 5562 Palat.
3145 5507 3200 5572 2,
3234 5505 3464 5564 ἄκουσον

1890 5577 1983 5631 τοῦ
2023 5576 2185 5631 Δαϐὶδ
2210 5576 2305 5630 τοῦ
2341 5576 2614 5648 προφήτου
2654 5576 2917 5645 λέγοντος.
2974 5577 3212 5645 Quaestio
3244 5579 3280 5636 5
3308 5579 3470 5636 abest

1891 5648 1960 5703 ab
1984 5649 2195 5719 eodem.
2403 5715 2441 5719 _
2463 5717 2495 5719 υ
2532 5716 2542 5719 _
3191 5716 3193 5719 1

1966 5718 2041 5789 ('2)
2068 5717 2142 5774 Ita
2172 5719 2204 5773 ι
2228 5732 2358 5774 mss.
2402 5715 2545 5774 Editi
2568 5731 2717 5783 vero,
2748 5718 2854 5772 τῶν
2888 5718 3156 5789 ἀγγέλων.
