3920 6500
1679 330 1734 385 S.
1773 326 2238 386 ATﬂANASlUS.
2280 359 2349 369 —
2397 325 2668 385 SPURIA.

3695 332 3795 386 σοι

551 450 846 509 verborum
878 447 1191 505 testimonio
1219 447 1414 510 innixi,
1450 463 1468 497 ι
1502 441 1805 501 Constituit
1862 443 2125 501 terminos

2251 442 2316 494 ’όο
2359 459 2379 493 ι
2413 443 2680 514 Ἔστησεν
2727 440 2849 511 ὅρια
2899 438 3066 497 ἐθνῶν
3089 439 3231 493 κατὰ
3278 439 3514 512 ἀριθμὸν
3564 444 3801 513 ἀγγέλων

552 543 796 615 gentium
824 541 979 611 juxta
1010 554 1297 594 numerum
1332 538 1649 608 angelorum
1679 536 1773 591 Dei
1798 536 1864 589 ⁸ο.
1888 555 1907 588 ι

623 634 844 702 ngsr.
886 630 997 686 Vll.
1040 629 1158 697 Qua
1188 629 1242 684 in
1275 645 1333 686 re
1360 629 1540 686 dill‘ert
1582 630 1889 685 daemonum
1928 634 2127 682 natura

555 743 584 780 a
626 736 825 781 natura
868 723 1225 792 angelorum?

625 815 789 878 Resp.
832 813 990 869 Nulla
1018 821 1103 868 est
1143 822 1351 868 naturae
1390 813 1635 884 ipsorum
1670 808 1998 876 differentia,
2030 811 2126 867 sed

556 907 881 973 voluntatis,
909 907 1367 979 quemadmodum
1402 906 1507 961 alia
1541 915 1626 962 est
1649 904 1784 976 justi
1814 920 1991 969 mens,
2021 904 2127 958 alia

555 1001 885 1074 peccatoris.
1689 1036 1692 1039 -
2037 1011 2040 1015 ’

627 1094 849 1162 ρυῶετ.
882 1092 1016 1148 Vlll.
1059 1093 1204 1161 Quot
1232 1101 1364 1149 sunt
1395 1092 1618 1148 ordines
1643 1098 1698 1147 et
1720 1099 1852 1161 quot
1879 1096 2005 1145 sunt
2030 1104 2129 1143 an-

557 1186 801 1257 gelorum
835 1184 1077 1240 naturae?

630 1272 791 1330 Resp.
835 1272 956 1329 Una
996 1283 1080 1330 est
1121 1282 1341 1336 natura,
1373 1270 1828 1343 quemadmodum
1862 1275 1917 1323 et
1953 1267 2130 1321 homi-

556 1381 711 1422 num.
753 1368 821 1421 At
851 1382 1044 1421 novem
1076 1373 1204 1420 sunt
1233 1366 1475 1431 ordines,
1505 1370 1565 1418 ut
1600 1361 1886 1432 theologia;
1913 1358 2129 1430 peritis-

558 1456 733 1512 simus
780 1455 941 1511 docet
992 1455 1305 1527 Dionysius,
1345 1454 1438 1525 qui
1481 1453 1794 1523 hujusmodi
1838 1460 2128 1509 suntzan-

558 1548 687 1618 geli,
730 1547 1065 1617 archangeli,
1110 1546 1472 1617 principatus,
1507 1550 1830 1614 potestates,
1873 1542 2126 1605 virtutes,

548 1637 983 1699 dominationes,
1018 1652 1113 1692 sex
1144 1637 1245 1691 alis
1280 1636 1550 1691 instructa
1581 1634 1880 1702 seraphim,
1910 1632 2129 1687 multis-

559 1743 666 1799 que
696 1730 872 1784 oculis
903 1738 1091 1783 ornata
1121 1728 1425 1793 cherubim,
1470 1735 1524 1782 et
1556 1727 1758 1780 throni.
1789 1725 1864 1779 De
1893 1740 2002 1780 una
2036 1739 2128 1779 an-

2228 531 2386 586 Θεοῦ.
2428 552 2446 582 ι

2312 624 2505 695 Ἐρώτ.
2542 624 2606 688 ζ’.
2644 624 2708 676 Τί
2749 622 3129 694 παρήλλακται
3158 625 3192 693 ἡ
3223 622 3381 677 οὐσία
3408 622 3519 677 τῶν
3542 624 3800 694 δαιμόνων

2229 716 2328 785 τῆς
2359 715 2547 779 οὐσίας
2572 714 2678 768 τῶν
2701 715 2976 784 ἀγγέλων;

2312 807 2499 861 Ἀπόκ.
2553 807 2617 859 ’Π
2660 807 2815 860 οὐσία
2863 807 2923 860 οὐ
2957 806 3359 878 παρήλλακται,
3405 806 3523 861 ἀλλ’
3555 810 3590 879 ἡ
3620 812 3798 881 προαί·

2230 913 2396 967 ρεσις,
2430 898 2616 969 ὥσπερ
2648 899 2681 969 ἡ
2708 896 2898 969 γνώμη
2925 898 3136 952 δικαίου
3166 900 3261 952 καὶ
3302 900 3653 972 ἀμαρτωλοῦ.

2316 1074 2507 1146 Ἐρὼτ.
2532 1081 2600 1146 η’.
2636 1075 2786 1129 Πόσα
2834 1076 3087 1146 τάγματα
3119 1077 3212 1130 καὶ
3240 1077 3404 1131 πόσαι
3435 1078 3617 1133 οὐσίαι
3644 1082 3796 1149 ἀγγέ-

2231 1164 2338 1218 λων
2368 1166 2539 1232 είσίν;

2308 1257 2496 1310 Ἀπόκ.
2525 1258 2695 1311 Οὑσία
2715 1257 2831 1328 μία,
2860 1256 3047 1329 ῶσπερ
3072 1258 3165 1310 καὶ
3186 1257 3490 1330 ἀνθρώπων
3532 1261 3634 1330 μία
3702 1262 3793 1315 Τά·

2226 1363 2411 1415 γματα
2457 1348 2537 1411 δὲ,
2566 1349 2641 1412 ὡς
2662 1350 2691 1401 6
2720 1348 2885 1411 πολὺς
2931 1350 2989 1401 ἐν
3033 1347 3279 1421 θεολογία
3316 1350 3590 1416 Διονύσιός
3623 1370 3793 1424 φησιν,

2228 1437 2404 1501 ἐννέα,
2458 1438 2600 1511 ἆπερ
2654 1441 2759 1493 είσὶ
2790 1438 2992 1493 ταῦτα’
3029 1441 3271 1509 ἄγγελοι,
3312 1442 3668 1515 ἀρχάγγελοι,
3715 1449 3795 1516 cip-

2227 1528 2338 1598 χαὶ,
2373 1529 2632 1594 ἐξουσίαι,
2660 1530 2938 1602 δυνάμεις,
2974 1533 3315 1603 κυριότητες,
3348 1533 3418 1586 τὰ
3455 1533 3790 1607 ἐξαπτέρυγα

2229 1619 2489 1690 σεραφὶμ,
2513 1620 2583 1673 τὰ
2606 1619 2963 1692 πολυόμματα
2981 1622 3265 1693 χερουίῖῳ,
3296 1624 3392 1676 καὶ
3411 1626 3457 1677 οί
3492 1624 3675 1696 θρόνοι
3706 1626 3790 1695 (3).

2226 1710 2364 1781 Περὶ
2401 1712 2529 1781 μιᾶς
2565 1712 2752 1776 οὐσίας
2800 1713 3045 1782 ἀγγέλων
3089 1714 3184 1768 καὶ
3234 1716 3263 1767 6
3306 1715 3458 1784 ἅγιος
3508 1717 3794 1790 Γρηγόριος

559 1792 803 1887 gelorum
837 1816 1144 1874 substantia
1174 1792 1421 1886 loquitur
1458 1817 1621 1871 etiam
1653 1815 1951 1885 Gregorius
1981 1813 2125 1886 Nys-

2251 1828 2254 1847 ›
2286 1802 2507 1872 Νύσσης
2533 1802 2679 1872 λέγει
2706 1805 2787 1868 εἰς
2820 1804 2880 1857 τὸ
2906 1804 3362 1861 ἑπτακαιδέκατον
3391 1808 3689 1877 κεφάλαιον
3710 1810 3793 1867 τοῦ

563 1916 732 1961 senus
780 1908 836 1961 in
884 1906 1097 1962 decimo
1144 1907 1374 1977 septimo
1404 1907 1601 1977 {capite
1630 1906 1752 1961 libri
1796 1906 1882 1961 sui
1917 1904 1991 1961 De
2029 1905 2128 1960 ho-

559 1996 726 2050 mine.

629 2086 850 2153 Ουιεετ.
886 2087 977 2143 ΙΧ.
1020 2086 1164 2154 Quot
1195 2094 1322 2142 sunt
1353 2087 1478 2141 cmli
1499 2086 1617 2159 (ψ

628 2176 789 2232 Βεερ.
831 2178 986 2233 Multi
1014 2182 1115 2233 hac
1135 2179 1201 2233 de
1223 2179 1526 2249 quaestione
1552 2179 1852 2233 decertant.
1884 2176 2129 2248 Namque

558 2268 697 2324 liber
739 2268 966 2326 Genesis
1013 2270 1151 2326 duos
1183 2272 1355 2327 ccelos
1404 2278 1816 2326 commemorat.
1866 2270 1935 2324 At
1970 2268 2127 2324 divus

557 2358 762 2414 Paulus
836 2361 1059 2417 tertium
1136 2362 1335 2417 cmlum
1386 2361 1558 2417 novit.
1598 2360 1907 2428 Quinetiam
1961 2359 2129 2414 David

557 2452 820 2521 propheta
872 2461 1129 2523 quartum
1178 2460 1450 2518 numerat,
1499 2469 1624 2507 cum
1683 2453 1780 2516 ait,
1840 2472 1858 2504 ι
1887 2450 2129 2508 Laudatc

556 2557 704 2605 eum,
736 2543 861 2596 οωιί
901 2545 1185 2598 οωΙοι-υιη.
1219 2564 1238 2597 ι
1279 2543 1575 2599 Sciendum
1614 2552 1794 2598 autem
1833 2552 1916 2599 est
1947 2543 2131 2600 existi-

557 2647 710 2687 mare
741 2647 838 2688 eos
858 2636 952 2704 qui
981 2634 1194 2699 dicunt,
1228 2643 1444 2705 raptum
1487 2634 1658 2691 fuisse
1678 2634 1907 2689 Paulum
1942 2636 1997 2689 in
2019 2643 2131 2691 ter-

557 2724 694 2779 tium
732 2726 954 2792 cmlum,
991 2742 1099 2782 non
1133 2728 1190 2783 in
1225 2736 1338 2783 tres
1364 2727 1556 2792 ccelos,
1590 2727 1735 2797 quod
1771 2727 2130 2798 quemadmo-

558 2816 689 2872 dum
735 2818 1019 2873 hominum
1078 2827 1274 2874 natura
1327 2828 1383 2874 et
1432 2835 1576 2876 unus
1631 2820 1796 2875 homo
1837 2820 2039 2875 dicitur
2076 2830 2130 2875 et

557 2910 715 2966 multi
758 2911 1005 2967 homines
1034 2931 1047 2967 :
1075 2911 1149 2966 ita
1196 2918 1393 2966 natura
1425 2913 1691 2967 caelorum
1729 2920 1784 2967 et
1813 2927 1981 2966 unum
2017 2925 2132 2967 cm-

556 3000 669 3055 lum
694 3001 838 3072 apud
857 3001 1098 3057 divinam
1121 3001 1460 3073 Scripturam
1484 3002 1706 3069 dicitur,
1728 3010 1784 3059 et
1799 3003 1958 3058 multi
1979 3003 2125 3058 caeli.

630 3155 852 3222 Quasr.
891 3157 960 3212 X.
1001 3158 1361 3225 Quandonam
1412 3166 1466 3215 et
1498 3175 1672 3231 quare
1709 3160 1905 3216 cecidit
1941 3159 2131 3221 diabo-

560 3246 686 3301 lus?
712 3245 972 3303 Nonnulli
1012 3249 1156 3305 enim
1204 3250 1698 3307 comminiscuntur
1739 3252 1891 3306 illum
1923 3251 2130 3308 idcirco

563 3338 853 3405 cecidisse,
888 3340 1033 3411 quod
1063 3342 1331 3396 Adamum
1364 3342 1538 3398 nollet
1565 3344 1816 3399 adorare.

633 3429 800 3487 Resp.
879 3432 1183 3489 Stultorum
1256 3434 1540 3493 hominum
1615 3443 1745 3491 sunt
1820 3436 2133 3506 bujusmodi

561 3520 748 3577 verba.
793 3521 1073 3594 Siquidem
1122 3524 1319 3579 cecidit
1353 3524 1629 3591 diabolus,
1671 3534 1963 3599 antequam
1995 3528 2135 3584 Ada-

563 3626 688 3667 mus
723 3621 889 3670 esset.
940 3614 1170 3670 Constat
1212 3632 1343 3672 vero
1391 3617 1597 3688 ipsum,
1624 3627 1685 3673 ut
1732 3628 1922 3674 narrat
1962 3617 2133 3677 Isaias

561 3702 852 3773 propheta,
888 3719 1044 3760 suam
1082 3714 1305 3778 propter
1349 3710 1662 3779 superbiam
1701 3710 1986 3776 cecidisse,
2025 3727 2134 3782 qua

564 3808 759 3864 nempe
793 3793 910 3850 haac
967 3810 1153 3850 secum
1212 3798 1528 3870 cogitabat,
1564 3818 1582 3851 ι
1612 3799 1819 3855 Ponam
1876 3801 2133 3856 thronum

564 3901 743 3942 meum
779 3901 943 3957 supra
968 3887 1166 3953 nubes,
1191 3895 1244 3944 et
1269 3905 1365 3944 ero
1396 3890 1596 3947 similis
1636 3890 1919 3947 Altissimo
1940 3892 2007 3948 ⁸¹.
2039 3911 2057 3942 ι

636 3976 855 4042 Qums'r.
892 3977 986 4036 XI.
1024 3979 1196 4049 Cujus
1244 3982 1417 4052 gratia
1457 3982 1536 4037 illi
1570 3983 1847 4039 concessit
1889 3982 2031 4039 Deus
2076 3990 2135 4038 ut

562 4067 765 4122 bellum
806 4068 1034 4125 inferret
1066 4073 1250 4143 generi
1280 4073 1601 4128 hominum?

639 4157 802 4213 Rssr.
843 4157 1047 4229 Nempe
1087 4160 1267 4231 utqui
1301 4160 1471 4216 Deum
1509 4160 1820 4232 diligerent,
1852 4163 2135 4234 conspicui

566 4246 767 4314 forent,
797 4258 853 4304 et
881 4251 974 4320 qui
1005 4252 1378 4321 voluptatibus
1412 4263 1598 4307 essent
1625 4253 1815 4319 dediti,
1845 4253 2137 4325 deprehen-

565 4341 843 4398 derentur.
893 4341 1056 4397 Nullo
1093 4345 1239 4399 enim
1283 4343 1586 4401 obsistente
1632 4345 1968 4412 adversario,
2021 4347 2136 4403 veri

2226 1894 2323 1958 Εἰς
2358 1894 2448 1948 τὸν
2485 1895 2776 1949 ἄνθπωπον
2796 1895 2954 1964 λόγου
2976 1894 3162 1949 αὐτοῦ.

2308 2064 2496 2138 Ἑρώτ-
2535 2064 2599 2120 θ’.
2630 2065 2792 2120 Πόσοι
2812 2065 3048 2138 ,οὐρανοί
3075 2068 3213 2121 εἰσιν
3242 2067 3351 2139 (4);

2308 2158 2497 2211 Ἀπόκ.
2553 2157 2971 2228 Ἀμφιόάλλεται
3028 2159 3242 2224 πολλοῖς
3297 2161 3359 2215 τὸ
3397 2162 3665 2235 ἐρώτημα
3704 2165 3789 2234 (5).

2238 2250 2303 2303 Ἠ
2333 2250 2430 2320 μὲν
2457 2249 2566 2321 γὰρ
2596 2249 2773 2320 βίὸλος
2801 2253 2900 2322 τῆς
2926 2251 3196 2317 Γενέσεως
3226 2252 3319 2307 δύο
3344 2255 3608 2325 οὐρανοὺς
3634 2256 3788 2325 λέγει·

2226 2343 2254 2395 6
2276 2341 2333 2395 δὲ
2366 2341 2519 2410 ἅγιος
2544 2340 2755 2404 Παῦλος
2786 2343 2881 2395 καὶ
2939 2344 3121 2414 τρίτον
3160 2345 3387 2415 οὐρανὸν
3436 2342 3599 2403 εἶδεν.
3637 2349 3694 2401 '0
3739 2348 3789 2401 δὲ

2227 2435 2509 2505 προφήτης
2532 2433 2716 2498 Δασὶδ,
2746 2434 2841 2487 καὶ
2888 2434 3147 2508 τέταρτον
3180 2435 3347 2504 λέγει,
3375 2437 3558 2502 καθώς
3602 2456 3781 2511 φησιν·

2232 2543 2251 2576 ι
2286 2526 2497 2578 Αἰνεῖτε
2522 2524 2710 2590 αὑτὸν,
2740 2526 2790 2578 οἱ
2813 2526 3030 2597 οὐρανοὶ
3058 2527 3164 2581 τῶν
3191 2529 3452 2600 οὐρανῶν.
3490 2549 3509 2583 ι
3543 2533 3790 2586 Ἰστέονδὲ

2226 2618 2535 2687 λογίζεσθαι
2567 2618 2642 2691 (6)
2675 2618 2802 2682 τοὺς
2838 2618 3093 2686 λέγοντας
3124 2621 3203 2684 είς
3235 2621 3296 2673 τὸ
3323 2622 3501 2693 τρίτον
3530 2609 3628 2675 τοῦ
3647 2626 3789 2695 οὐρα-

2226 2707 2339 2773 νοῦ,
2369 2710 2461 2761 καὶ
2492 2709 2591 2762 οὐκ
2618 2712 2696 2773 είς
2722 2711 2869 2780 τρεῖς
2897 2709 3157 2781 οὐρανοὺς
3191 2712 3509 2782 ἁρπαγῆναι
3530 2713 3621 2766 τὸν
3654 2714 3789 2782 ἅγιον

2228 2800 2462 2867 Παῦλον,
2510 2801 2614 2867 ὅτι,
2654 2800 2903 2872 καθάπερ
2947 2803 2980 2873 ἡ
3025 2800 3184 2870 φύσις
3233 2803 3341 2855 τῶν
3372 2804 3670 2874 ἀνθρώπων
3708 2808 3789 2859 καὶ

2227 2885 2307 2955 εἷς
2339 2891 2553 2961 λέγεται
2599 2892 2903 2963 ἄνθρωπος,
2952 2893 3045 2945 καὶ
3068 2893 3226 2947 πάλιν
3264 2894 3449 2948 πολλοὶ
3490 2896 3755 2968 ἂνθρωποι
3773 2914 3784 2926 ·

2227 2988 2367 3043 οὕτω
2400 2990 2550 3061 καὶὴ
2593 2989 2702 3044 τῶν
2728 2989 2974 3061 οὐρανῶν
3009 2988 3190 3057 φύσις,
3223 2990 3320 3042 καὶ
3352 2987 3433 3054 εἷς
3452 2992 3677 3063 οὐρανὸς
3707 3005 3787 3045 καὶ

2231 3081 2415 3135 πολλοὶ
2442 3081 2661 3154 οὐρανοὶ
2693 3083 2751 3137 ἐν
2771 3085 2841 3155 τῇ
2868 3082 2989 3155 θείᾳ
3021 3084 3210 3156 Γραφῇ
3244 3084 3513 3152 λέγονται.

2312 3172 2503 3243 Ἐρώτ.
2540 3180 2590 3228 ι’.
2622 3174 2781 3239 Πότε,
2837 3174 2934 3228 καὶ
2955 3174 3041 3229 διὰ
3091 3176 3145 3229 τί
3187 3174 3439 3242 ἐξέπεσεν
3470 3177 3500 3228 6
3532 3174 3787 3239 διάὸολος,

2230 3259 2568 3316 Μυθεύονται
2590 3261 2698 3333 γάρ
2731 3278 2894 3327 τινες,
2922 3263 3026 3325 ὅτι,
3048 3263 3477 3334 καταδεξάμενος
3503 3263 3789 3335 προσκυνῆ-

2238 3367 2329 3403 σαι
2353 3350 2444 3404 τὸν
2484 3350 2675 3422 Ἀδὰμ,
2705 3351 2793 3405 διὰ
2828 3351 2985 3407 τοῦτο
3006 3353 3282 3419 ἐξέπεσεν.

2316 3441 2502 3495 Ἀπόκ.
2550 3443 2823 3514 Ἀφρόνων
2855 3444 2930 3516 (7)
2976 3445 3187 3518 ἀνδρῶν
3238 3444 3307 3498 τὰ
3356 3444 3581 3500 τοιαῦτα
3608 3446 3790 3516 τυγχᾶ-

2234 3550 2382 3586 νουσι
2433 3533 2671 3604 ῥήματα.
2727 3534 2784 3588 Ὀ
2825 3535 2934 3605 γὰρ
2971 3536 3233 3601 διάϐολος,
3259 3538 3387 3608 πρὶν
3424 3538 3673 3606 γενέσθαι
3708 3539 3788 3591 τὸν

2246 3624 2416 3695 Ἀδὰμ
2446 3622 2543 3696 (8),
2571 3624 2815 3689 ἐξέπεσε.
2847 3628 3121 3700 Πρόδηλον
3148 3628 3225 3693 δὲ,
3261 3629 3341 3682 ὅτι
3362 3629 3450 3683 διὰ
3482 3631 3582 3702 τὴν
3638 3632 3787 3701 ὑπερ-

2234 3714 2467 3787 ηφανίαν
2493 3714 2679 3781 αὑτοῦ,
2708 3716 2783 3781 ῶς
2799 3734 2964 3788 φησιν
3003 3718 3229 3782 Ἡσαΐας
3268 3721 3297 3773 ὁ
3322 3722 3629 3791 προφήτης,
3661 3722 3784 3790 λογι-

2234 3807 2488 3877 σάμενος,
2516 3808 2597 3861 ὅτι
2622 3826 2640 3859 ι
2664 3799 2825 3880 Θήσώ
2848 3809 2936 3862 τὸν
2969 3809 3157 3882 Θρόνον
3186 3828 3286 3882 μου
3321 3812 3412 3865 ἐπὶ
3430 3811 3541 3867 τῶν
3566 3812 3641 3883 (9)
3662 3831 3789 3882 νεᾳο

2234 3897 2341 3953 λῶν
2390 3900 2485 3953 καὶ¹
2514 3898 2708 3971 ἔσομαι
2732 3901 2916 3971 ὅμοιος
2940 3901 3018 3972 τῷ
3062 3902 3320 3972 Ὑψίστῳ.
3359 3921 3378 3954 ι

2320 3991 2374 4044 Ἐ
2383 3990 2512 4062 ρώτ.
2536 3998 2626 4046 ια’.
2648 3993 2803 4056 Τίνος
2819 3993 2875 4046 δὲ
2886 3993 3045 4065 χάριν
3068 3992 3439 4066 συνεχώρησεν
3454 3996 3605 4068 αὐτῷ
3630 3998 3659 4049 6
3677 3996 3787 4058 Θεὸς

2236 4082 2493 4153 πολεμεῖν
2519 4084 2580 4136 τὸ
2608 4083 2765 4153 γένος
2794 4084 2902 4155 (10)
2934 4084 3043 4138 τῶν
3077 4084 3379 4157 ἀνθρώπων
3405 4103 3420 4150 ;

2319 4175 2506 4230 ’Δπόκη
2541 4177 2731 4240 Ὅπως
2758 4178 2853 4231 καὶ
2870 4179 2918 4231 οἱ
2941 4178 3260 4247 ἀγαπῶντες
3283 4179 3374 4233 τὸν
3401 4176 3534 4232 Θεὸν
3569 4196 3787 4251 φανερω-

2238 4265 2404 4331 θῶσι,
2468 4266 2563 4321 καὶ
2601 4268 2988 4339 προσκείμενοι
3039 4271 3159 4332 ταῖς
3204 4268 3416 4342 ⁴ἡδοναῖς
3459 4267 3785 4338 ἐλεγχθῶσιν.

2251 4356 2548 4411 Ἀντιδίκου
2576 4357 2685 4431 γὰρ
2710 4358 2785 4430 μὴ
2819 4359 3213 4431 προσκειμένου
3245 4360 3293 4412 οἱ
3313 4359 3521 4431 γνήσιοι
3553 4356 3787 4429 στρατιῶ-

567 4432 770 4489 milites
799 4432 1144 4503 imperatoris
1166 4449 1276 4489 non
1300 4434 1771 4492 internascuntur.
1802 4437 1991 4508 Itaque
2016 4437 2128 4493 dia-

2251 4463 2324 4500 ται
2387 4447 2480 4502 τοῦ
2533 4448 2797 4520 βασιλέως
2828 4450 2890 4504 οὗ
2925 4450 3298 4524 φανεροῦνται.
3341 4450 3399 4505 '0
3440 4444 3534 4504 οὖν
3571 4449 3786 4511 διάϐολος

566 4521 726 4577 holus
756 4535 924 4578 causa
952 4525 1211 4589 victoriae,
1260 4539 1589 4581 coronarum
1632 4535 1687 4582 et
1751 4528 2022 4585 honorum
2067 4530 2128 4588 iis

2251 4539 2412 4602 αἴτιος
2454 4538 2610 4610 νίκης
2662 4541 2756 4595 καὶ
2805 4521 3084 4612 στεφάνων
3132 4543 3336 4612 γίνεται
3366 4542 3460 4597 καὶ
3483 4541 3658 4614 τιμῶν
3692 4544 3785 4603 τοῖς

566 4621 650 4671 est
681 4614 773 4684 qui
804 4613 1040 4685 diligunt
1069 4614 1261 4672 Deum.

635 4704 857 4772 Qusr.
902 4704 1014 4761 Xll.
1074 4708 1210 4763 Cum
1254 4709 1506 4766 diabolus
1559 4726 1590 4766 e
1640 4710 1796 4768 cmlis
1847 4712 2135 4780 ceciderit,

566 4796 842 4866 quomodo
868 4798 925 4852 in
958 4799 1098 4855 libro
1125 4798 1228 4857 Job
1261 4802 1528 4872 scriptum
1553 4811 1638 4858 est
1665 4803 1882 4860 venisse
1911 4805 2137 4876 angelos

568 4889 664 4946 Dei
692 4900 751 4945 ut
802 4893 1130 4948 assisterent
1176 4908 1362 4949 coram
1396 4894 1648 4962 Domino,
1695 4905 1749 4953 et
1778 4898 2053 4954 diabolum
2080 4899 2136 4955 in

568 4983 751 5038 medio
784 4983 1029 5054 ipsorum
1046 4985 1129 5038 ιη

641 5157 690 5192 ⁸ο
729 5155 884 5214 Deut.
921 5119 1110 5225 siml,
1140 5158 1194 5216 8.
1269 5160 1314 5193 ⁸¹
1354 5159 1459 5217 lsa.
1497 5176 1611 5223 xw.
1648 5164 1735 5219 lt.
1812 5166 1858 5197 ⁸⁸
1896 5163 1997 5220 Job
2028 5182 2077 5230 ι,
2114 5165 2166 5221 6.

640 5310 717 5381 (ὅ)
757 5309 892 5367 Post
920 5327 1106 5368 vocem
1140 5315 1235 5367 καὶ
1276 5315 1324 5367 οἱ
1365 5314 1565 5381 θρόνοι,
1614 5317 1669 5371 in
1700 5317 1863 5373 editis
1893 5318 2007 5373 haec
2037 5318 2135 5372 ha-

569 5380 790 5460 bentur,
825 5381 961 5460 Περὶ
991 5382 1046 5437 δέ
1074 5382 1173 5460 τῇς
1204 5386 1332 5455 μιᾶς
1365 5380 1571 5460 οὐσίας,
1613 5396 1744 5460 elc.,
1783 5404 1903 5460 quin
1936 5389 2135 5444 desunt

573 5451 629 5505 in
651 5466 800 5525 mss:
827 5451 937 5507 fere
961 5451 1237 5525 omnibus,
1269 5464 1322 5509 et
1350 5456 1604 5510 videntur
1628 5451 1924 5525 adject'itia.

643 5521 717 5595 (ᾇ)
757 5520 881 5576 Haec
910 5522 1243 5595 quaestioest
1265 5525 1407 5595 apud
1431 5520 1831 5582 Theodoretum
1850 5569 1865 5595 ,
1895 5542 1931 5581 ιι
1960 5529 2012 5581 in
2034 5528 2135 5583 Ge-

574 5589 763 5654 nesim,
793 5606 901 5644 non
919 5589 1085 5713 glane
1112 5589 1314 5650 similis
1332 5595 1385 5650 in
1415 5597 1692 5654 omnibus.

596 5676 599 5681 ‘
644 5659 723 5713 (Si
763 5659 891 5713 Reiz.
963 5701 978 5713 .
1006 5662 1359 5713 ὲπεοὼττίιια.

596 5676 599 5681 ·
644 5659 723 5736 (ξι)
759 5659 891 5736 Bes-
919 5659 978 5736 ε.
1006 5662 1359 5736 ﬁnemﬁnem

643 5729 718 5801 (ϐ)
758 5728 903 5790 Haec.
929 5728 1300 5796 λογίζεσθαιξξ.
1336 5736 1562 5807 Παῦλον,
1587 5738 1779 5795 desunt
1812 5740 1864 5793 in
1913 5740 2139 5809 quihus-

2242 4629 2498 4698 ἀγαπῶσι
2519 4631 2612 4685 τὸν
2640 4632 2792 4687 Θεόν.

2325 4721 2514 4793 Ἐρώτ.
2552 4722 2638 4793 ιβ’.
2690 4724 2955 4790 Πεσόντος
3008 4723 3103 4778 τοῦ
3156 4724 3401 4779 διαϐόλου
3447 4726 3513 4778 ἐκ
3568 4724 3674 4778 τῶν
3711 4724 3787 4777 οὐ·

2246 4812 2443 4886 ρανῶν,
2475 4814 2594 4879 πῶς
2623 4815 2929 4887 γέγραπται
2960 4818 3020 4871 ὲν
3057 4817 3134 4889 τῷ
3173 4815 3292 4871 Ἰὼϐ
3319 4816 3452 4890 (Η),
3475 4816 3556 4870 ὅτι
3575 4812 3723 4888 ἦλθον
3744 4816 3785 4867 οἱ

2243 4903 2461 4972 ἄγγελοι
2480 4904 2574 4958 τοῦ
2596 4905 2730 4958 Θεοῦ
2766 4906 3112 4979 παραστῆναι
3147 4906 3375 4962 ἐνώπιον
3401 4904 3630 4976 Κυρίου,
3664 4902 3744 4957 καὶ
3761 4903 3791 4954 δ

2246 4993 2489 5059 διάϐολος
2509 4997 2567 5049 ἐν
2596 4995 2744 5067 μέσῳ
2770 4995 2948 5051 αὐτῶν
2970 5014 2987 5064 ;

2240 5319 2367 5373 dam
2403 5334 2537 5375 mss.

2339 5389 2390 5463 ἶ)
2427 5390 2642 5463 Mcova
2673 5389 3427 5463 dv69r1’w,duomanuscripti.

2339 5458 2395 5534 δ)
2431 5458 2549 5534 Duo
2580 5458 2961 5534 manuscripti,
2990 5462 3080 5534 τδν
3110 5458 3417 5534 ἄνθρωπον.

2339 5528 2662 5604 ξὶὶΡριειιῖη.
2694 5532 2746 5597 1,
2770 5528 2958 5604 ἐπᾶνιο
2984 5530 3112 5604 τῶν.
3148 5528 3280 5604 Reg.
3311 5533 3365 5596 5,
3395 5532 3525 5590 ἄνω.

2342 5597 2426 5671 10)
2462 5597 2691 5671 Quidam
2717 5617 2875 5666 mss.,
2894 5602 2969 5671 τῷ
2995 5602 3158 5669 γένει.

2320 5668 2431 5740 (Η)
2471 5668 2765 5741 Palatinus
2794 5674 2845 5736 1,
2897 5668 2953 5735 2,
3002 5668 3081 5735 εἰς
3129 5674 3219 5726 τὸν
3276 5673 3414 5727 Ἰώε.
3468 5672 3635 5728 Paulo
3680 5676 3784 5741 post

2251 5741 2455 5813 Regius
2496 5741 2546 5808 Τ,
2588 5740 2827 5795 ἐναντίον
2853 5742 3079 5813 Κυρίου.
3113 5741 3245 5816 Reg.
3280 5744 3334 5809 Ξ,
3370 5745 3547 5799 ἔναντι
3582 5741 3785 5814 Κυρίου.
