3920 6500
101 354 207 410 005

1021 354 1494 424 QUESTIONES
1530 357 1625 411 AD
1660 357 2067 416 ANTIOCHI!!!
2106 357 2363 414 DUCEM.

3236 350 3340 405 606

176 464 373 521 ’Arcdx.
417 466 532 520 Οὐκ
564 460 718 522 εἶπεν
749 469 783 540 ἡ
831 468 1045 542 Γραφὴ,
1078 471 1161 523 ὅτι
1198 465 1359 541 ἦλθεν
1383 473 1412 525 6
1440 471 1676 535 διάϐολος

1852 472 2020 530 Resp.
2058 474 2177 529 Non
2210 475 2288 529 ait
2316 472 2597 542 Scriptura
2626 468 2901 523 diabolum
2930 465 3251 521 convenisse
3278 468 3337 518 in

101 558 157 609 ὲν
203 556 609 629 αωίςιούρανοίς
651 559 712 611 ὲν
759 558 910 631 μέσῳ
946 560 1056 614 τῶν
1097 559 1344 629 ἀγγέλων
1370 577 1384 591 ·
1419 562 1684 634 πρόδηλον

102 644 210 712 οὖν,
239 648 326 700 ότι
355 647 454 701 ἐπὶ
472 647 574 719 τῆς
588 650 713 720 γῆς.
740 650 852 703 Καὶ
873 651 983 722 γὰρ
1008 652 1141 705 ὄπου
1162 650 1258 706 ἑάν
1283 653 1422 705 είσιν
1454 653 1503 706 οἱ
1535 648 1681 722 ἅγιοι

104 737 338 807 ἄγγελοι,
365 738 452 811 τῷ
474 739 593 811 Θεῷ
637 740 1016 813 παρίστανται.
1047 743 1193 815 Πλὴν
1233 744 1314 797 δεῖ
1340 744 1559 809 εἰδέναι,
1599 747 1681 801 ὅτι

104 832 131 883 6
154 830 285 893 Θεὸς
319 829 420 885 διά
469 848 619 897 τινος
657 833 814 902 ἁγίου
849 833 1079 903 ἀγγέλου
1118 835 1256 907 πρὸς
1295 834 1387 889 τὸν
1440 836 1681 892 διάϐολον

105 917 392 988 διελέγετο,
416 921 671 993 καθάπερ
698 922 792 977 καὶ
812 921 1086 993 βασιλεὺς,
1107 923 1198 978 διά
1210 941 1353 979 τινος
1381 925 1545 979 ιιέσου
1567 925 1678 998 (12)

104 1008 415 1083 ἀνθρώπου,
442 1013 583 1085 πρὸς
610 1012 703 1069 τὸν
733 1013 1044 1070 κατάδικον.

177 1182 372 1254 Έρώτ.
438 1191 529 1255 ιγ’.
588 1181 735 1259 Ἆρα
798 1186 970 1259 ίσχύει
1029 1187 1316 1261 φάρμακον
1366 1192 1678 1247 ἀποκτεῖναι

104 1272 384 1343 ἄνθρωπον
412 1291 429 1341 ;
1620 1347 1623 1350 ι

177 1364 369 1419 Ἀπόκ.
394 1365 614 1423 Δίκαιον
642 1370 740 1441 μὲν
776 1370 1030 1442 οὐδαμῶς
1053 1388 1067 1402 ο
1104 1371 1220 1427 ἀλλ’
1249 1374 1370 1427 οὐδὲ
1392 1377 1681 1447 προσεγγί-

106 1470 188 1509 σαι
207 1457 359 1529 αὐτῷ
384 1475 402 1490 ο
427 1460 748 1532 ἁμαρτωλὸν
768 1461 825 1515 δὲ
842 1464 954 1526 καὶ,
984 1461 1079 1531 τοῦ
1095 1463 1229 1517 Θεοῦ
1252 1467 1671 1539 συγχωροῦντος.

116 1546 259 1600 Ἐπεὶ
311 1549 443 1602 οὐδὲ
490 1552 636 1606 κατὰ
688 1555 888 1626 χοίρων
922 1555 1032 1626 ἔχει
1071 1556 1339 1624 ἐξουσίαν,
1375 1559 1450 1624 ὡς
1486 1562 1543 1613 ὲν
1570 1563 1680 1625 τοῖς

107 1639 458 1709 Εύαγγελίοις
469 1643 806 1716 ἠκούσαμεν.

431 1734 512 1787 ιδ’.
567 1736 732 1790 Ποίαν
786 1738 952 1809 εὐχὴν
998 1739 1091 1793 καὶ
1119 1740 1271 1812 ῥῆμα
1303 1741 1456 1815 παρὰ
1501 1744 1679 1796 πᾶσαν

110 1822 262 1893 εὐχὴν
292 1822 410 1897 (15)
440 1827 536 1881 καὶ
580 1827 733 1899 ῥῆμα
786 1829 1075 1899 φοϐοῦνται
1108 1833 1158 1885 οἱ
1201 1831 1456 1904 δαίμονες
1499 1834 1593 1887 καὶ
1642 1834 1670 1886 6
1706 1826 1747 1880 Β

110 1909 344 1976 διάϐολος
370 1930 388 1979 ;

185 2002 375 2059 Ἀπόκ.
404 2006 744 2078 Διηγήσαντό
769 2026 914 2074 τινες
958 2011 1387 2083 πνευματοφόροι
1414 2012 1552 2079 ἄξιοι
1583 2011 1675 2067 τοῦ

115 2096 476 2162 πιστεύεσθαι,
497 2099 687 2172 ὅτιπερ
707 2101 898 2167 αὐταῖς
942 2102 1097 2174 ὄψεσι
1125 2121 1252 2157 ποτε
1281 2106 1467 2174 φανεὶς
1496 2106 1677 2170 αὐτοῖς

112 2193 137 2244 6
159 2190 424 2258 διάϐολος,
454 2188 741 2249 καὶτοῦτο
762 2196 822 2249 τὸ
855 2195 1114 2268 ἐρώτημα
1146 2195 1439 2268 ἐρωτηθεὶς
1463 2198 1553 2250 ὑπ’
1584 2199 1679 2251 αὐ-

112 2281 206 2335 τῶν
235 2283 597 2356 ἀπεκρίνατο,
633 2287 717 2339 ὅτι
763 2286 865 2340 οὐκ
902 2285 1047 2340 ἐστιν
1077 2288 1135 2340 ὲν
1167 2286 1317 2360 πάσῃ
1346 2287 1559 2359 Παλαιᾷ
1584 2290 1679 2342 καὶ

114 2375 271 2445 Καινῇ
305 2376 551 2448 Διαθήκῃ
579 2378 730 2449 ῥῆμα
756 2377 1021 2448 ὲκφοϐοῦν
1047 2379 1139 2432 καὶ
1167 2379 1548 2451 διασκορπίζον
1574 2384 1680 2436 πᾶ-

114 2479 201 2515 σαν
225 2464 385 2535 ἡμῶν
404 2466 763 2537 τὴνδύναμιν,
794 2468 869 2532 ὡς
896 2470 929 2540 ἡ
958 2469 1098 2541 ἀρχὴ
1115 2468 1210 2522 τοῦ
1228 2467 1305 2536 EC’
1319 2470 1559 2541 ψαλμοῦ.
1590 2473 1680 2537 Ὠς

114 2551 194 2608 οὖν
219 2558 247 2609 6
265 2556 513 2622 διάϐολος
539 2558 700 2612 τοῦτο
742 2559 989 2632 είρηκεν,
1030 2560 1348 2632 ἀρξαμένων
1378 2562 1556 2617 αὐτῶν
1582 2562 1676 2617 τοῦ

112 2645 333 2715 ψαλμοῦ,
365 2648 465 2703 καὶ
514 2649 817 2721 εἰρηκότων
858 2652 1020 2722 μόνον
1051 2652 1111 2706 τὸ
1144 2652 1358 2724 πρῶτον
1388 2655 1556 2726 ῥῆμα,
1582 2656 1676 2719 τὸ,

120 2757 137 2790 ι
180 2741 483 2812 ’Δνασ-τήτω
528 2742 558 2795 6
602 2742 756 2808 Θεὸς,
815 2762 834 2795 ι
873 2744 1075 2808 εὐθέως
1132 2743 1396 2809 όλολύζων
1444 2746 1679 2814 ἄφαντος

115 2829 314 2896 ὲγένετο
358 2834 390 2886 6
444 2831 712 2899 διάϐολος,
771 2831 954 2905 ἔργοις
1008 2833 1187 2899 δείξας
1244 2836 1343 2906 τῆς
1384 2835 1549 2906 εὐχῆς
1579 2836 1677 2907 τὴν
1712 2832 1715 2835 ’

115 2920 401 2991 ἐνέργειαν.

188 3010 374 3082 Ἐρώτ.
413 3018 496 3067 ιε’.
527 3012 700 3068 Πόθεν
737 3013 1013 3070 κινοῦνται
1044 3018 1103 3069 ἐν
1142 3018 1208 3087 τῇ
1234 3016 1430 3088 καρδίᾳ
1455 3014 1549 3069 τοῦ
1584 3015 1679 3070 άν-

116 3098 315 3171 θρὼπου
333 3103 677 3174 διαλογισμοὶ
711 3104 807 3158 καὶ¹
836 3104 983 3175 λόγοι
1018 3107 1327 3180 βλάσφημοι
1355 3109 1449 3162 καὶ
1483 3107 1675 3178 ἀθέμι-

114 3210 206 3257 τοι,
228 3196 320 3248 καὶ
341 3196 511 3251 αὐτὸν
547 3197 639 3251 τὸν
671 3198 803 3254 Θεὸν
832 3200 1140 3271 ὑϐρίζοντες
1185 3201 1461 3266 πολλάκις,
1497 3201 1589 3264 οὓς
1615 3201 1677 3255 οὐ

1781 562 1941 618 (εωιὶε
1964 562 2017 616 in
2053 563 2229 618 medio
2253 561 2567 631 angelorum
2593 577 2606 613 :
2629 566 2960 628 quapropter
2991 555 3339 626 perspicuum

1780 659 1863 708 est
1904 668 2031 708 eum
2073 653 2128 707 in
2177 662 2321 707 terra
2369 650 2715 705 convenisse.
2762 646 2975 701 Etenim
3028 646 3339 714 ubicunque

1781 751 1909 800 sunt
1962 745 2134 799 sancti
2187 743 2385 813 angeli,
2447 740 2557 797 Deo
2612 741 2898 797 assistunt.
2952 735 3340 793 Verumtamen

1780 834 2061 890 sciendum
2083 841 2188 900 est,
2219 832 2387 889 Deum
2417 849 2513 903 per
2546 842 2794 887 sanctum
2818 832 3051 900 aliquem
3088 829 3337 899 angelum

1781 942 1903 982 eum
1931 926 2149 981 diabolo
2180 941 2303 981 esse
2339 925 2602 987 locutum,
2633 922 3087 995 quemadmodum
3120 937 3214 975 rex
3244 935 3339 990 per

1780 1015 2160 1071 intermedium
2186 1016 2419 1085 aliquem
2448 1014 2722 1069 hominem
2754 1029 2879 1068 cum
2913 1012 3167 1067 damnato
3200 1011 3339 1066 solet

1778 1106 1948 1175 loqui.
2063 1143 2098 1179 ο

1850 1198 2072 1265 Qumsr.
2108 1197 2248 1254 Xlll.
2290 1197 2428 1251 Num
2458 1205 2637 1267 potest
2663 1197 2984 1253 veneﬁcium
3010 1210 3206 1252 necare
3237 1195 3337 1248 ho-

1778 1293 1981 1348 minem
1999 1293 2022 1346 ?

1848 1383 2012 1438 Rssr.
2051 1381 2266 1437 Justum
2300 1382 2517 1453 quidem
2547 1396 2911 1451 nequaquam,
2941 1380 3049 1434 imo
3083 1395 3149 1434 ne
3174 1392 3339 1447 prope

1778 1475 1996 1548 quidem
2040 1475 2318 1529 accedere.
2350 1475 2421 1528 At
2463 1482 2802 1544 peccatorem
2847 1479 3024 1543 potest
3066 1470 3337 1530 occidere,

1780 1568 1824 1622 si
1857 1565 1999 1619 Deus
2030 1565 2359 1636 permiserit.
2408 1563 2654 1635 Namque
2691 1581 2761 1619 ne
2795 1565 2850 1618 in
2888 1576 3085 1633 porcos
3118 1559 3339 1630 quidem

1778 1656 1937 1710 habet
1965 1663 2306 1725 potestatem,
2349 1664 2409 1708 ut
2440 1655 2495 1709 in
2530 1655 2834 1725 Evangeliis
2869 1650 3196 1705 audivimus.

1851 1746 2071 1812 Qumsr.
2110 1745 2251 1816 XIV,
2292 1746 2518 1813 Qualem
2542 1746 2840 1801 orationem
2866 1752 2920 1797 et
2948 1742 3169 1797 verbum
3198 1741 3343 1810 plus-

1776 1852 1937 1908 quam
1979 1851 2192 1890 omnem
2238 1838 2398 1890 aliam
2438 1835 2739 1890 orationem
2794 1832 3126 1901 verbumque
3167 1827 3342 1883 refor-

1777 1929 1984 1983 midant
2017 1929 2292 1983 daemones
2324 1936 2378 1983 et
2406 1928 2697 1982 diabolus?

1847 2021 2009 2090 220
2035 2018 2196 2075 lisse.
2239 2020 2469 2086 Quidam
2502 2020 2696 2090 spiritu
2741 2017 2907 2087 pleni,
2955 2029 3017 2068 ac
3060 2012 3163 2067 tide
3192 2008 3341 2080 digni

1776 2114 2025 2168 homines
2047 2126 2340 2167 narravere
2370 2113 2550 2176 nobis,
2593 2110 2761 2181 quod,
2794 2124 2915 2162 cum
2949 2104 3245 2176 aliquando
3274 2103 3344 2156 il—

1777 2205 1844 2261 lis
1869 2205 2119 2260 diabolus
2151 2206 2369 2275 propria
2413 2206 2466 2259 in
2503 2205 2681 2274 specie
2705 2203 3061 2273 apparuisset.
3091 2214 3152 2252 ea
3188 2196 3253 2250 de
3282 2210 3342 2249 re

1777 2296 1845 2350 ab
1873 2295 2006 2367 ipsis
2030 2298 2397 2366 interrogatus
2431 2296 2545 2349 haec
2576 2291 2917 2363 responderit
2951 2310 2963 2345 :
3002 2289 3217 2342 Nullum
3256 2295 3341 2340 est

1776 2386 2001 2444 Verbum
2038 2390 2093 2442 in
2135 2388 2394 2443 universo
2434 2395 2546 2440 tum
2586 2385 2767 2439 Veteri
2803 2392 2916 2436 tum
2961 2380 3112 2434 Novo
3151 2379 3343 2432 Testa-

1776 2486 1962 2533 mento
1996 2479 2104 2532 vim
2135 2493 2352 2533 omnem
2387 2487 2629 2532 nostram
2671 2475 2751 2530 sic
2777 2472 3118 2542 disperdens,
3147 2476 3206 2522 ut
3239 2468 3343 2534 inj-

1774 2569 1911 2623 tium
1945 2569 2273 2640 sexageSimi
2303 2568 2519 2637 septimi
2546 2566 2763 2636 psalmi.
2805 2563 2877 2618 Ut
2918 2563 3083 2632 igitur
3115 2560 3167 2615 id
3206 2558 3344 2613 dixit

1775 2659 2049 2721 diabolus.
2094 2661 2362 2730 psalmum
2398 2660 2563 2714 istum
2599 2658 2676 2711 illi
2716 2657 3112 2711 iuchoaverunt
3144 2670 3157 2706 :
3184 2651 3343 2720 cujus

1776 2768 1900 2808 cum
1949 2754 2185 2823 primum
2238 2751 2619 2806 tantummodo
2669 2750 2895 2805 verbum
2950 2744 3341 2817 protulissent,

1781 2862 1801 2896 ι
1824 2843 2092 2913 Exsurgat
2113 2843 2256 2898 Deus
2275 2844 2342 2907 ⁸³,
2367 2863 2385 2895 ι
2413 2859 2536 2897 mox
2566 2843 2784 2895 ululans
2816 2839 3068 2894 diabolus
3097 2835 3340 2895 evanuit,

1774 2937 1956 3006 reipsa
1985 2936 2094 2989 vim
2119 2935 2349 3004 hujusce
2378 2934 2645 2988 orationis
2678 2931 2992 2986 ostendens.

1850 3027 2073 3094 Qunsr.
2111 3025 2229 3082 XV.
2285 3025 2569 3081 Undenam
2615 3026 2667 3079 in
2728 3023 2894 3079 corde
2944 3019 3181 3074 hominis
3227 3031 3344 3069 mo-

1777 3127 1972 3174 ventur
1994 3119 2347 3189 cogitationes
2369 3125 2423 3172 et
2454 3116 2804 3187 blasphemia:
2828 3114 2989 3168 verba
3017 3127 3080 3164 ac
3110 3108 3341 3171 nefaria,

1778 3226 2027 3281 saepeque
2072 3211 2128 3263 in
2166 3208 2335 3264 Deum
2376 3209 2555 3279 ipsum
2606 3205 2998 3261 contumeliosa
3023 3242 3036 3267 ,
3079 3215 3200 3271 quae
3242 3213 3344 3253 nec

119 3282 449 3352 βεϐούλευται
473 3285 700 3359 λαλῆσαι
723 3291 756 3362 ἡ
778 3289 949 3362 ψυχὴ,
973 3292 1006 3363 ἢ
1030 3290 1250 3360 γλῶσσα
1273 3292 1364 3348 τοῦ
1390 3292 1676 3365 ἀνθρώπου

1792 3304 1958 3357 mima
1981 3300 2162 3372 eloqui
2195 3301 2377 3367 vellet,
2407 3315 2507 3356 nec
2533 3300 2718 3370 lingua
2753 3297 2991 3353 hominis
3020 3290 3344 3349 nominare?

118 3374 363 3446 ὀνομάσαι
384 3394 401 3444 ;
2117 3441 2120 3445 .

189 3468 371 3525 ’Δπόκ.
418 3471 591 3526 Τοῦτο
625 3474 655 3526 6
702 3472 945 3539 διάϐολός
979 3477 1125 3529 ἐστιν
1174 3476 1557 3548 ἐργαζόμενος,
1584 3480 1676 3532 καὶ

1847 3483 2015 3540 Resp.
2057 3482 2132 3537 Ea
2163 3489 2292 3538 sunt
2322 3480 2524 3536 diaboli
2559 3493 2746 3550 opera,
2788 3491 2909 3548 quae
2955 3473 3189 3530 nefanda
3230 3473 3345 3542 ipse

120 3553 255 3624 οὗτος
280 3562 347 3616 τὰ
372 3562 601 3617 τοιαῦτα
639 3565 873 3637 ἀθέμιτα
919 3568 978 3619 ὲν
1001 3570 1066 3639 τῇ
1094 3568 1236 3639 ψυχῇ
1262 3569 1357 3622 τοῦ
1390 3570 1675 3642 ἀνθρώπου

1792 3578 1973 3631 mimae
2025 3574 2265 3629 hominis
2321 3572 2581 3643 suggerit,
2621 3571 2784 3625 verba
2822 3576 3013 3622 contra
3054 3566 3219 3621 Deum
3258 3565 3345 3618 lo-

121 3651 409 3715 ὑποϐάλλει,
443 3653 621 3709 λαλῶν
678 3654 821 3710 κατὰ
872 3656 964 3710 τοῦ
998 3658 1130 3711 Θεοῦ
1172 3660 1410 3731 ῥήματα,
1437 3662 1517 3725 είς
1545 3664 1676 3716 άπό-

1792 3681 1972 3737 ιιιθηε.
2020 3665 2295 3719 hominem
2338 3664 2394 3717 in
2431 3661 2865 3732 desperationem
2903 3658 3132 3726 cupiens
3171 3656 3344 3710 addu-

121 3757 299 3808 γνωσιν
325 3744 417 3797 τὸν
454 3744 988 3817 άνθρωπονρνέγκαι
1023 3749 1364 3819 βουλόμενος.
1408 3751 1543 3805 Ἀλλ’
1577 3754 1676 3808 οὑκ

1792 3773 1919 3813 :ere.
1956 3756 2157 3811 Verum
2190 3768 2533 3825 nequaquam
2569 3749 2694 3804 inde
2721 3750 2883 3802 homo
2911 3745 3341 3801 condemnatur:

120 3832 175 3884 ὲκ
204 3833 385 3888 τούτου
412 3835 474 3889 τὸ
507 3835 724 3890 σύνολον
766 3840 1153 3911 κατακρίνεται
1184 3841 1214 3892 6
1244 3841 1527 3913 ἄνθρωπος
1548 3861 1561 3873 ·
1601 3844 1675 3916 μὴ

1792 3849 1954 3904 ibsit!
1989 3848 2143 3917 Saepe
2180 3847 2345 3901 etiam
2393 3861 2459 3900 ex
2490 3842 2805 3913 Opinatione
2851 3837 3058 3892 homini
3098 3834 3345 3890 oboritur

120 3922 342 3988 γένοιτοῐ
367 3924 637 3991 Πολλάκις
681 3927 739 3981 δὲ
785 3930 878 3983 καὶ
911 3928 972 3994 ἐξ
1002 3931 1232 4003 οἰήσεως
1257 3935 1285 3985 ὁ
1318 3933 1556 3997 τοιοῦτος
1586 3934 1674 3988 λο-

1792 3939 2087 4011 iujusmodi
2145 3937 2573 4009 cogitatio:qua
2621 3932 2841 4003 quidem
2889 3930 3169 3991 liberatur,
3218 3940 3341 3978 cum

119 4015 294 4085 γισμὺς
310 4019 642 4086 ἐπανάγεται
658 4019 736 4091 τῷ
750 4019 1018 4092 ἀνθρώπῳ
1032 4038 1046 4052 ο
1078 4023 1477 4079 ἀπαλλάττεται
1500 4024 1556 4078 δὲ
1579 4026 1676 4078 αύ-

1792 4048 1838 4088 ιε
1877 4036 2080 4086 terram
2116 4038 2172 4085 et
2204 4031 2446 4084 cinerem
2484 4041 2606 4081 esse
2646 4030 2885 4097 reputat,
2922 4037 3021 4077 nec
3050 4036 3166 4075 eam
3197 4018 3347 4088 cogi-

120 4105 199 4158 τοῦ
250 4108 351 4180 γῆν
406 4110 504 4164 καὶ
564 4110 757 4163 σποδὸν
807 4112 1000 4165 ἑαυτὸν
1031 4111 1396 4186 λογιζόμενος,
1429 4115 1521 4169 καὶ
1551 4115 1674 4188 μηδ’

1792 4124 2037 4178 .ationem
2056 4121 2347 4176 admodum
2370 4118 2588 4181 retinet,
2609 4116 2703 4170 sed
2729 4114 2944 4169 diabolo
2966 4111 3128 4166 dicit?
3150 4128 3168 4160 ι
3192 4108 3344 4164 Blas-

120 4194 237 4261 ὅλως
261 4201 339 4264 εἰς
368 4200 565 4272 μέτρον
609 4202 702 4255 τὸν
748 4201 990 4257 τοιοῦτον
1023 4204 1281 4277 λογισμὸν
1324 4206 1498 4277 ἔχων,
1540 4206 1676 4261 ἀλλὰ

1792 4213 1995 4270 Jhemia
2040 4222 2130 4267 tua
2176 4213 2249 4266 sit
2295 4211 2351 4264 in
2386 4218 2549 4279 caput
2577 4216 2754 4269 tuum,
2787 4203 3020 4258 diabolc.
3053 4203 3165 4271 Ego
3197 4201 3343 4255 enim

119 4286 271 4357 λέγων
290 4290 368 4362 τῷ
397 4292 630 4364 διαϐόλῳ
645 4311 659 4325 ⁸
680 4311 699 4346 ι
721 4293 784 4348 Ἦ
808 4294 1124 4369 βλασφημία
1154 4314 1246 4351 σου
1274 4297 1368 4351 ἐπὶ
1389 4297 1486 4370 τὴν
1509 4314 1675 4369 κεφα⁶

1792 4305 2064 4361 )ominum
2102 4303 2270 4359 Deum
2295 4317 2477 4357 meum
2506 4299 2767 4361 adorabo,
2804 4311 2905 4351 nec
2929 4308 3167 4364 unquam
3194 4291 3341 4346 blaso

115 4378 205 4450 λήν
251 4399 362 4449 σου,
422 4385 657 4442 διάϐολε.
697 4388 838 4458 Ἐγὼ
885 4390 995 4462 γὰρ
1040 4388 1245 4462 Κύριον
1284 4389 1377 4443 τὸν
1407 4392 1540 4445 Θεόν
1570 4410 1671 4463 μου

1792 4398 2024 4465 )Ιιεηιίιιε
2053 4396 2109 4451 in
2135 4410 2260 4450 eum
2289 4394 2614 4464 proferam.»
2640 4390 2812 4444 Caute
2841 4388 3004 4459 igitur
3024 4386 3090 4441 ad
3112 4400 3198 4450 ea,
3222 4397 3344 4454 quae

119 4480 489 4584 προσκυνήσωέ
560 4480 655 4534 καὶ
708 4482 871 4535 αὐτὸν
917 4469 1171 4536 ούδέποτε
1220 4482 1615 4556 βλασφημήσω.
1649 4504 1668 4537 ι

1792 4490 1928 4545 licta
1955 4497 2106 4553 sunt,
2147 4497 2232 4545 est
2260 4487 2672 4542 attendendum.
2703 4483 3028 4553 Complures
3056 4480 3202 4535 enim
3244 4476 3343 4530 ho-

127 4563 385 4635 ’Δσφαλῶς
421 4564 517 4623 οὖν
574 4573 905 4643 προσεκτέον
946 4576 1060 4639 τοῖς
1106 4576 1432 4646 είρημένοις.
1479 4577 1671 4632 Πολλοὶ

1792 4583 1954 4638 nines
1986 4582 2117 4636 victi
2160 4578 2543 4651 hujuscemodi
2573 4576 2924 4649 cogitatione,
2957 4574 3049 4628 alii
3084 4586 3204 4628 sese
3238 4570 3342 4639 ipsi

118 4652 211 4743 γὰρ
231 4656 329 4711 τῶν
348 4657 656 4731 ἀνθρώπων
690 4663 794 4715 ὑπὸ
828 4662 1017 4717 τούτου
1044 4663 1141 4717 τοῦ
1174 4664 1434 4736 λογισμοῦ
1467 4683 1672 4739 κρατη-

1792 4672 2271 4743 πιεοίρίιονειύηι,
2304 4672 2395 4727 alii
2422 4671 2477 4726 in
2502 4669 2939 4741 desperationem
2972 4664 3191 4720 adducti
3219 4677 3344 4732 per-

118 4742 294 4813 θὲντες,
317 4751 368 4802 ot
398 4751 502 4822 μὲν
534 4752 760 4817 ἑαυτοὺς
810 4744 1268 4827 ὲκρήμνισαν,.οί
1299 4756 1377 4821 δὲ,
1419 4759 1499 4821 είς
1543 4758 1671 4812 ἁπό-
1773 4742 1971 4819 ierunt.

116 4848 289 4900 τνωσιν
309 4839 577 4905 ἐλθόντες,
604 4842 903 4898 ἀπώλοντο.

186 4927 362 4999 Ἐρώτ.
418 4939 518 4997 ις’.
574 4934 890 4988 Ἀκόλουθον
942 4935 1221 5007 ἡγούμεθα
1265 4935 1375 5007 (14)
1414 4935 1550 5008 μετὰ
1576 4937 1668 4991 τὸν

118 5018 224 5088 περὶ
243 5020 368 5077 Θεοῦ
401 5023 499 5076 καὶ
526 5024 773 5092 ἀγγέλων
804 5024 984 5093 λόγον,
1015 5027 1196 5097 τριτον
1212 5028 1305 5081 τὸν
1338 5029 1466 5099 περὶ
1480 5028 1667 5100 ψυχῶν

119 5106 283 5165 λοιπὸν
304 5114 464 5183 λόγον
488 5117 571 5180 είς
588 5116 751 5187 μέσον
775 5118 1221 5190 προσενεχθῆναι.
1254 5120 1428 5192 Πολλὴ
1455 5122 1564 5193 γὰρ
1592 5122 1668 5186 ὡς

116 5199 301 5272 ἀληθῶς
331 5206 428 5265 καὶ
449 5208 484 5279 ἡ
519 5208 646 5280 περὶ
667 5207 856 5263 τούτου
887 5211 1040 5283 παρὰ
1085 5211 1390 5284 ἀνθρώποις
1436 5214 1668 5285 ὑπάρχει

1848 4940 2068 5016 ρῠεετ.
2130 4938 2274 4997 XVI.
2313 4939 2670 5009 Consequens
2712 4951 2834 4991 esse
2879 4932 3239 4993 arbitramur,
3283 4936 3340 4981 ut

1772 5042 2062 5103 postquam
2112 5032 2180 5088 de
2218 5030 2327 5087 Deo
2359 5041 2415 5086 et
2462 5030 2529 5086 de
2574 5029 2782 5099 angelis
2812 5023 3193 5082 disseruimus,
3231 5027 3342 5073 ter-

1774 5123 1853 5178 tio
1877 5123 1991 5193 jam
2028 5124 2150 5178 loco
2179 5124 2536 5193 qumstionem
2557 5121 2626 5178 de
2658 5118 2946 5175 animabus
2972 5128 3338 5186 proponamus

1774 5216 1833 5272 in
1866 5216 2128 5271 medium.
2168 5214 2307 5271 Vere
2334 5212 2481 5271 enim
2514 5214 2683 5269 multa
2720 5212 2824 5267 hac
2858 5209 2925 5264 de
2967 5224 3028 5264 re
3055 5206 3337 5277 disputant

173 5379 215 5413 ⁸³
247 5382 384 5443 Psal.
419 5403 590 5452 cxvn,
622 5388 678 5443 Ξ.

144 5559 274 5685 ,μη
308 5564 442 5636 lieg.
481 5565 538 5630 2,
593 5566 836 5635 μεσίτου.
880 5567 1127 5633 Quatuor
1167 5578 1418 5638 sequent.
1459 5578 1650 5641 qmest.

120 5626 238 5685 5.1.1
281 5636 410 5685 ,15.
446 5636 534 5685 I6.
583 5638 786 5685 absunt
826 5653 856 5685 a
904 5639 1073 5685 Palat-
1109 5642 1164 5685 9-
1206 5650 1259 5685 ut
1306 5657 1333 5685 τι
1382 5643 1655 5685 vnlnrihns

1802 5586 2125 5685 pflcplrivi‘ros
2156 5654 2287 5685 mss.
2331 5635 2592 5685 ἠγοῦμαι.
2626 5633 2796 5685 Paulo
2830 5638 2972 5685 nost.
3010 5630 3098 5683 alii

145 5630 301 5711 3",”,
328 5630 416 5711 15;
446 5636 534 5711 μϐ.
583 5630 786 5691 absunt
826 5653 856 5691 a
902 5630 1073 5693 Palat.
1109 5642 1165 5704 2,
1206 5630 1259 5695 et
1306 5657 1334 5694 a
1382 5630 1655 5696 veteribus

1802 5630 1947 5711 '(I'tj
1989 5639 2125 5711 Tres
2156 5635 2592 5711 πιθα-ἡγοῦμαι.
2626 5633 2796 5711 Paulo
2830 5638 2972 5701 post,
3010 5630 3111 5711 alii
3132 5630 3212 5694 εἰς
3234 5630 3335 5711 μὲ-

116 5699 257 5757 cditis
285 5703 514 5762 Latinis.
1153 5699 1162 5704 ⁷
1481 5764 1484 5767 λ

177 5772 277 5831 (13)
312 5774 540 5831 Ouidam
591 5777 859 5831 mss..xal
908 5781 1125 5831 όῆαατα
1170 5779 1317 5831 παοᾶ
1356 5782 1532 5831 7:5.51‘2
1560 5779 1654 5831 titv

1792 5699 1855 5764 ὀν
1882 5699 2240 5780 προαχθαῑκναι,
2267 5699 2391 5771 alii,
2415 5699 2660 5787 ἀχθῆναι,
2691 5704 2800 5763 alii,
2822 5699 3207 5823 προενεχθῆιαι
3234 5699 3335 5758 ha.

1792 5792 1915 5831 .eut.
1952 5782 2065 5831 Mm
2109 5745 2256 5831 i‘ulat
2308 5777 2432 5831 περὶ
2463 5793 2644 5831 ιουτου
2675 5773 2765 5824 τοῦ
2792 5776 2855 5827 ἀν
2896 5771 3101 5831 ρώπου.
3158 5814 3159 5817 η

177 5772 277 5843 (l3)
312 5774 540 5841 Quidam
591 5777 859 5843 ωειλ,κώ
908 5781 1125 5851 ῥήματα
1170 5779 1317 5851 παρᾶ
1356 5764 1532 5840 τῖῑισαν
1560 5779 1654 5848 τὴν

1792 5764 2065 5837 mundior;
2109 5764 2256 5832 i‘ulat
2308 5764 2765 5850 napi'foﬁltqu—toi
2792 5764 3116 5844 ἀνθρώπου(
3158 5814 3159 5817 η
