4088 6382
573 302 682 361 607

1698 296 1755 350 S.
1797 293 2259 351 ATIIANASIUS.
2289 323 2358 334 --
2396 293 2658 350 SPURIA.

3711 306 3820 362 603

571 427 630 477 et
675 419 958 490 inquirunt
1007 405 1277 482 homines,
1329 430 1542 484 nempe,
1595 429 1718 484 quae
1752 429 1842 471 res
1891 415 1964 470 sit
2023 415 2143 485 ipsa

2250 414 2466 487 ζήτησίς
2498 430 2557 466 τε
2592 415 2685 466 καὶ
2726 414 3019 485 ἀμφιϐολία
3038 433 3052 446 ·
3087 413 3230 485 λέγω
3258 416 3346 488 δὴ,
3375 418 3428 471 τί
3458 420 3589 473 αὑτὺ
3626 423 3819 494 χρῆμά

575 513 761 569 anima
783 510 1042 574 hominis,
1076 509 1221 563 unde
1249 508 1368 579 ipsa
1404 507 1458 561 in
1495 521 1727 577 corpore
1746 507 2142 581 constituatur,

575 602 919 676 quandonam
946 608 1002 656 et
1026 599 1300 670 quomodo
1325 605 1615 667 separatur
1636 597 1705 653 ab
1720 597 1968 663 homine,
1991 597 2146 668 quid-

574 712 683 769 que
707 704 832 766 agat
865 709 1040 764 usque
1069 693 1138 746 ad
1176 690 1663 747 resurrectionem.
1687 690 1858 746 Nemo
1901 692 2045 746 enim
2076 707 2145 747 ex

575 788 809 843 mortuis
835 787 890 839 in
918 783 1183 839 mundum
1214 784 1443 839 veniens
1470 783 1587 839 haec
1624 784 1780 839 nobis
1808 786 2147 839 renuntiavit

574 882 669 931 aut
699 874 1062 930 conﬁrmavit.
1096 872 1444 943 Quapropter
1472 888 1503 927 a
1548 881 1639 927 tua
1672 874 1964 930 sanctitate
1999 873 2147 946 ﬂagi-

573 975 756 1022 tamus
797 975 857 1021 ut
884 967 1240 1037 quaestionem
1292 966 1436 1021 hanc
1469 966 1538 1021 de
1585 967 1789 1032 anima,
1842 969 2032 1025 multis
2062 968 2149 1024 in-

572 1059 1044 1130 compreliensam,
1084 1073 1186 1114 nos
1217 1058 1352 1113 velis
1379 1059 1630 1115 edocere.
1821 1076 1855 1111 ι

644 1168 808 1228 Rnsr.
867 1170 1118 1227 Hominis
1171 1171 1391 1242 quidem
1454 1174 1636 1227 anima
1700 1181 1785 1230 est
1842 1174 2148 1229 substantia

573 1264 886 1334 intelligens
907 1303 921 1328 ,
962 1265 1285 1335 incorporea
1305 1303 1320 1326 ,
1384 1264 1676 1320 invisibilis
1696 1305 1711 1329 ,
1753 1265 2143 1335 impassibilis,

576 1356 925 1424 immortalis,
964 1356 1185 1427 fereque
1230 1358 1548 1428 angelorum
1598 1357 1887 1412 subtilitati
1930 1357 2146 1413 similis.

577 1447 865 1517 Nunquam
906 1456 1086 1504 tamen
1137 1448 1320 1503 anima
1366 1448 1468 1502 fuit
1514 1450 1762 1519 angelus,
1808 1456 1866 1503 ut
1900 1447 2149 1503 fabulan-

578 1549 668 1593 tur
704 1537 1059 1611 Origenistaa;
1104 1556 1204 1594 nec
1253 1547 1380 1593 ante
1429 1554 1659 1609 corpora
1714 1539 1986 1594 exsistunt
2029 1538 2149 1591 ani-

578 1648 700 1694 mat,
755 1642 815 1686 ut
859 1631 1172 1687 Manichmis
1231 1632 1445 1686 videtur
1484 1650 1499 1686 :
1547 1631 1642 1687 sed
1693 1629 2145 1701 quemadmodum

580 1723 759 1794 lapide
810 1734 865 1779 et
910 1724 1056 1778 ferro
1114 1723 1356 1786 collisis,
1416 1739 1484 1777 ex
1532 1730 1762 1792 utroque
1788 1721 1929 1792 ignis
1967 1722 2149 1777 nasci-

579 1823 700 1880 tur,
751 1817 832 1870 sic
880 1816 936 1870 in
989 1817 1091 1869 viri
1157 1824 1212 1869 et
1255 1814 1500 1870 mulieris
1564 1829 1896 1885 congressu,
1949 1828 2149 1883 corpus

581 1913 633 1961 et
657 1907 838 1961 anima
863 1906 1213 1977 Deojubente
1242 1907 1677 1961 constituuntur.
1709 1905 1876 1975 quue
1907 1904 2005 1959 tibi
2032 1920 2152 1974 per-

581 1999 810 2054 suadeat
853 1997 1057 2054 Paulus
1106 1998 1426 2069 apostolus,
1477 1997 1572 2068 qui
1627 1997 1703 2050 ait
1741 1995 2151 2051 :i-Seminatur

578 2103 777 2158 corpus
800 2088 1054 2151 animale,
1086 2088 1262 2159 surgit
1288 2100 1501 2157 corpus,
1524 2084 1771 2156 spiritale
1797 2084 1876 2150 “,
1908 2103 1925 2136 ι
1959 2082 2152 2138 videli-

578 2188 665 2235 cet
695 2179 750 2234 in
778 2180 1201 2235 resurrectione.

645 2289 863 2356 ngsr.
902 2287 1066 2343 XVII.
1108 2287 1393 2343 Undenam
1441 2299 1648 2344 certum
1693 2288 1926 2342 hanetur
1956 2287 2152 2342 mortis

575 2388 823 2450 tempore
856 2381 1095 2435 animam
1119 2396 1230 2435 non
1260 2381 1425 2436 simul
1447 2380 1586 2437 mori
1619 2396 1743 2435 cum
1776 2378 2034 2450 corpore?
2061 2365 2153 2434 Sic

576 2472 722 2526 enim
753 2471 979 2542 quidam
1008 2472 1328 2542 opinantur.

648 2585 811 2640 Rasr.
854 2585 949 2640 Dei
976 2584 1152 2639 Filius
1178 2594 1234 2639 et
1254 2583 1496 2639 Verbum
1529 2583 1691 2639 Jesus
1718 2583 1973 2640 Christus
1993 2599 2149 2654 aper-

576 2677 650 2732 tis
682 2678 863 2732 verbis
898 2693 1001 2732 nos
1029 2677 1189 2731 docet
1211 2684 1266 2731 et
1294 2678 1523 2731 mortale
1555 2690 1756 2745 corpus
1779 2691 1922 2740 esse,
1946 2683 2000 2731 et
2030 2676 2151 2730 ani-

578 2785 723 2824 mam
757 2769 1146 2823 immortalem.
1180 2786 1200 2820 ι
1230 2767 1434 2830 Nolite,
1469 2787 1488 2819 ι
1536 2767 1736 2836 inquit,
1779 2784 1798 2818 ι
1832 2765 2025 2820 timere
2054 2779 2150 2820 eos

577 2865 671 2933 qui
714 2861 975 2916 occidunt
1013 2876 1238 2931 corpus,
1286 2861 1523 2914 animam
1558 2866 1737 2915 autem
1779 2873 1887 2913 non
1924 2869 2152 2928 possunt

577 2951 830 3006 occidere
851 2951 919 3005 ⁸⁵.
955 2970 974 3003 ι
1006 2949 1166 3006 Certe
1192 2948 1544 3005 manifestum
1576 2948 1701 3004 inde
1738 2956 1824 3006 est
1867 2948 2149 3004 immortao

578 3042 684 3097 lem
717 3058 837 3097 eam
865 3057 988 3097 esse
1016 3051 1071 3097 et
1102 3057 1130 3095 a
1167 3041 1277 3096 Deo
1301 3043 1587 3097 exsistere.

2245 508 2448 577 ἐστινὴ
2475 504 2620 576 ψυχὴ
2671 504 2766 559 τοῦ
2815 506 3135 579 ἀνθρώπου;
3173 508 3269 561 καὶ
3305 509 3467 565 πόθεν
3506 511 3645 583 αὕτη
3697 532 3817 570 συν-

2247 597 2457 652 ίσταται
2477 599 2534 650 ὲν
2547 596 2624 669 τῷ
2646 594 2856 669 σώματι
2877 614 2890 664 ;
2921 600 3014 652 καὶ
3032 599 3161 652 πότε
3183 600 3419 666 καὶπῶς
3445 602 3539 657 τοῦ
3570 603 3819 677 σώματος

2246 690 2535 762 χωρίζεται
2560 706 2574 755 ;
2602 690 2695 744 καὶ
2741 689 2795 744 τί
2826 690 2987 762 μέχρι
3033 692 3132 763 τῆς
3164 692 3518 759 ἀναστάσεως
3552 696 3817 769 διαπράτ-

2244 800 2425 850 τεται;
2451 783 2626 847 οὐδεὶς
2655 782 2763 856 γάρ
2816 785 2881 837 ὲκ
2910 784 3118 856 νεκρῶν
3148 787 3206 838 ὲν
3230 787 3310 858 τῷ
3344 786 3444 859 βίῳ
3479 788 3821 861 ἐπιδημήσας

2244 874 2416 929 ταῦτα
2443 878 2574 947 ἡμῖν
2603 875 2957 947 ἀπήγγειλεν,
2988 877 3021 948 ἢ
3067 877 3408 932 ἐπιστώσατο
3428 898 3441 911 ·
3492 881 3583 934 Διδ
3605 881 3678 946 ὠς
3707 888 3822 948 τοῖς

2248 967 2460 1032 πολλοῖς
2511 967 2894 1040 ἀκατάληπτον
2930 970 3022 1022 τὸν
3066 972 3194 1042 περὶ
3222 971 3322 1040 τῆς
3360 971 3537 1044 ψυχῆς
3561 973 3717 1042 λόγον
3744 974 3824 1028 δι·-

2246 1060 2502 1132 δαχθῆναι
2534 1063 2898 1135 ἠρωτήσαμεν
2927 1062 3024 1134 τὴν
3060 1064 3158 1136 σὴν
3181 1064 3461 1135 ἀγιότητα.

2329 1172 2518 1226 Ἀπὸκ.
2558 1172 2623 1225 Ἦ
2674 1171 2772 1243 μὲν
2825 1173 2919 1226 τοῦ
2971 1174 3259 1247 ἀνθρώπου
3316 1175 3459 1248 ψυχή
3489 1179 3638 1234 ἐστιν
3664 1181 3825 1235 οὑσία

2248 1262 2425 1334 νοερὰ,
2457 1262 2762 1334 ἀσώματος,
2796 1263 3033 1337 ἀπαθὴς,
3072 1266 3339 1332 ἀθάνατος
3368 1269 3511 1340 (15)·
3537 1271 3598 1323 οὑ
3631 1271 3737 1343 μὴν
3766 1270 3823 1325 δὲ

2248 1354 2475 1423 ἄγγελός
2530 1373 2659 1408 ποτε
2708 1351 2775 1427 ἦν
2816 1359 2849 1428 ή
2899 1357 3066 1428 ψυχὴ,
3113 1358 3191 1423 ὡς
3208 1361 3256 1413 οἱ
3301 1361 3696 1434 Ὠριγενιασταὶ
3727 1381 3825 1434 μυ-

2249 1445 2493 1499 θεύονται
2517 1462 2530 1476 ο
2588 1446 2708 1500 οὑδὲ
2757 1448 3198 1520 προῦπάρχουσιν
3222 1454 3277 1505 αἱ
3314 1451 3484 1524 ψυχαὶ
3503 1453 3613 1508 τῶν
3638 1456 3827 1526 σωμά-

2247 1555 2376 1603 των,
2411 1539 2486 1602 ὼς
2536 1541 2584 1591 οἱ
2636 1540 2926 1611 Μανιχαῖοι
2974 1540 3425 1613 δογματίζουσινο
3488 1546 3602 1600 ἀλλ’
3638 1547 3829 1619 ὥσπερ

2247 1630 2342 1683 τοῦ
2380 1629 2526 1683 λίθου
2568 1629 2665 1684 καὶ
2704 1630 2797 1683 τοῦ
2841 1630 3060 1703 σιδήρου
3089 1634 3561 1707 συγκρουομένων,
3604 1639 3670 1690 ὲκ
3718 1637 3826 1691 τῶν

2250 1721 2573 1793 ἀμφοτέρων
2622 1721 2866 1775 τίκτεται
2914 1722 2976 1775 τὸ
3023 1722 3168 1796 πῦρο
3233 1723 3376 1779 οὑτω
3456 1726 3549 1781 καὶ
3593 1727 3687 1781 ἐπὶ
3727 1728 3831 1798 τῆς

2246 1811 2341 1867 τοῦ
2387 1814 2577 1884 ἀνδρὸς
2611 1814 2705 1867 καὶ
2736 1813 2989 1883 γυναικὸς
3016 1815 3337 1886 συμπλοκῆς
3370 1817 3683 1872 συνίσταται
3713 1817 3827 1889 (16)

2248 1902 2380 1957 Θεοῦ
2426 1902 2671 1957 κελεύσει
2727 1903 2885 1975 σῶμα
2942 1904 3037 1958 καὶ
3086 1905 3256 1977 ψυχή.
3290 1907 3400 1961 Καὶ
3441 1907 3673 1961 πειθέτω
3703 1925 3764 1961 σε
3798 1910 3832 1960 ὁ

2250 1995 2406 2063 ἅγιος
2435 1992 2755 2058 Ἀπόστολος
2785 1993 3021 2063 λέγων’(
3051 1996 3338 2069 Σπείρεται
3369 1995 3525 2068 σῶμα
3555 1996 3786 2068 ψυχικόν
3809 2014 3823 2028 ·

2248 2086 2516 2157 ἐγείρεται
2554 2084 2713 2157 σῶμα
2760 2087 3148 2158 πνευματικὸν,
3175 2106 3194 2140 ι
3233 2087 3475 2159 δηλονότι
3504 2092 3560 2144 ὲν
3595 2092 3663 2160 τῇ
3696 2089 3829 2142 ἀνα-

2251 2196 2456 2234 στασει.

2331 2291 2523 2364 Ἐρὼτ.
2556 2291 2641 2357 ιζ’.
2669 2291 2839 2346 Πόθεν
2873 2293 2931 2346 δὲ
2979 2290 3137 2364 δῆλον
3184 2295 3266 2348 ὅτι
3311 2295 3370 2350 ἐν
3398 2294 3478 2365 τῷ
3519 2294 3701 2367 καιρῷ
3731 2295 3827 2351 τοῦ

2250 2383 2482 2438 θανάτου
2498 2384 2558 2437 οὑ
2584 2382 3018 2454 συναποθνήσκει
3053 2385 3190 2456 μετά
3214 2385 3306 2440 τοῦ
3333 2384 3633 2458 σώματοςη
3654 2386 3830 2460 tivum;

2250 2473 2406 2537 Τινὲς
2438 2473 2546 2544 γὰρ
2563 2473 2705 2528 οὑτω
2736 2473 3068 2544 νομίζουσιν.

2330 2584 2520 2637 Ἀπόκ.
2567 2585 2625 2637 'O
2654 2584 2748 2638 τοῦ
2796 2585 2931 2639 Θεοῦ
2970 2585 3099 2648 Υἱὸς
3131 2587 3225 2639 καὶ
3254 2587 3426 2654 Λόγος
3456 2586 3566 2658 (I7)
3620 2587 3831 2660 Ἰησοῦς

2248 2676 2277 2727 ὁ
2328 2674 2564 2744 Χριστὸς
2617 2674 2908 2746 προφανῶς
2959 2678 3108 2746 ἡμᾶς
3140 2676 3378 2730 διδάσκει
3404 2678 3465 2731 τὸ
3501 2678 3696 2750 θνητὸν
3730 2679 3825 2732 τοῦ

2250 2762 2522 2834 σώματος.
2555 2764 2649 2817 καὶ⁵
2695 2764 2757 2818 τὸ
2786 2765 3052 2819 ἀθάνατον
3081 2765 3181 2837 τῆς
3211 2767 3487 2838 ἡμετέρας
3506 2768 3707 2842 ψυχῆς,
3739 2769 3827 2823 λέ-

2248 2870 2360 2922 γων
2382 2871 2424 2905 ⁸(
2449 2856 2539 2926 Μὴ
2562 2855 2835 2927 φοϐηθῆτε
2857 2856 2963 2910 ἀπὸ
2983 2857 3090 2910 τῶν
3109 2858 3534 2912 ἀποκτεινόντων
3554 2859 3618 2912 τὸ
3642 2858 3822 2929 σῶμα,

2248 2946 2346 3017 τὴν
2373 2946 2430 2999 δὲ
2452 2946 2629 3018 ψυχὴν
2659 2947 2734 3018 μὴ
2766 2948 3081 3019 δυναμένων
3127 2950 3462 3003 ἀποκτεῖναι.
3504 2968 3523 3000 ι
3555 2949 3827 3022 Πρόδηλον

2250 3035 2326 3100 ὡς
2347 3036 2609 3104 ἀθάνατος
2641 3039 2756 3110 (18)
2789 3041 2886 3093 καὶ
2912 3041 3020 3095 ἀπὸ
3046 3040 3182 3094 Θεοῦ
3216 3040 3470 3113 ὑπάρχει.

577 3128 871 3244 .l'chs'r.
920 3152 1109 3208 XVIII.
1157 3173 1177 3206 ι
1205 3152 1406 3209 Fidelis
1457 3169 1637 3209 sermo
1692 3163 1748 3209 et
1796 3153 1944 3208 omni
1991 3167 2147 3208 acce-

2333 3151 2524 3224 Ἔρώτ.
2552 3160 2642 3224 ιη’.
2679 3173 2696 3205 ‹
2729 3154 2926 3217 Πιστὸς
2953 3156 2981 3207 ὀ
3013 3154 3170 3222 λόγος
3212 3154 3306 3207 καὶ
3338 3152 3519 3222 πάσης
3556 3151 3829 3222 ἀποδοχῆς

581 3248 766 3318 ptione
794 3247 993 3318 dignus
1016 3247 1082 3303 ⁸⁸.
1113 3266 1131 3298 ι
1172 3245 1373 3301 Verum
1420 3261 1682 3316 quonam,
1729 3262 1937 3316 quaeso,
1988 3246 2150 3301 modo

581 3340 764 3393 anima
798 3346 1085 3409 separatur
1109 3353 1140 3391 a
1171 3337 1436 3407 corpore?

649 3430 815 3487 Rssr.
852 3430 1102 3486 Hominis
1125 3445 1325 3500 corpus
1345 3438 1599 3485 constare
1626 3430 1902 3484 credimus
1922 3445 1991 3484 ex
2020 3446 2154 3499 qua-

578 3533 707 3580 tuor
755 3525 1059 3589 elementis,
1115 3538 1311 3594 nempe
1362 3539 1427 3578 ex
1479 3523 1767 3594 sanguine,
1820 3523 2147 3593 phlegmate,

578 3616 811 3671 humore
856 3623 911 3671 et
956 3615 1051 3669 bili
1081 3633 1095 3671 :
1124 3614 1261 3681 sive,
1296 3629 1360 3669 ex
1408 3613 1607 3676 calido,
1653 3612 1869 3684 frigido,
1907 3613 2054 3667 sicco
2097 3621 2152 3668 et

577 3708 828 3774 humido,
875 3706 931 3760 id
980 3713 1084 3770 est,
1139 3721 1207 3761 ex
1254 3706 1399 3777 igne,
1453 3720 1615 3775 aqua,
1673 3719 1819 3769 aere,
1878 3712 1933 3759 et
1985 3713 2148 3759 terra.

577 3797 827 3869 Namque
860 3798 1109 3869 sanguis,
1160 3797 1329 3852 veluti
1371 3796 1607 3850 calidum
1641 3804 1695 3850 et
1725 3797 1889 3851 vitale
1917 3797 2152 3851 elemen~

577 3897 718 3955 tum,
755 3906 820 3945 ex
849 3890 971 3961 igne
1011 3890 1200 3959 utique
1222 3896 1345 3943 est:
1371 3888 1570 3943 humor
1597 3903 1751 3954 vero,
1784 3897 1844 3942 ut
1867 3889 2024 3958 221
2055 3890 2152 3943 hu-

579 3982 782 4047 midus,
830 3989 917 4037 est
947 3983 1014 4037 ab
1067 3997 1233 4037 aere:
1264 3983 1388 4037 bilis
1429 3997 1580 4047 vero,
1617 3988 1677 4036 ut
1721 3981 1890 4045 sicca,
1938 3998 1968 4036 a
2007 3989 2152 4035 terra

578 4081 702 4128 est:
742 4073 993 4143 phlegma
1043 4073 1280 4142 denique
1326 4080 1385 4126 ut
1413 4072 1693 4142 frigidum,
1747 4079 1832 4127 est
1877 4072 1945 4126 ab
1986 4085 2150 4142 aqua.

581 4159 679 4216 His
705 4169 961 4231 quatuor,
998 4176 1108 4216 non
1145 4176 1306 4216 secus
1348 4175 1413 4214 ac
1457 4170 1692 4231 quatuor
1720 4161 1913 4225 muris,
1948 4163 2150 4227 anima,

579 4254 757 4310 instar
800 4254 1086 4319 columbis,
1137 4255 1195 4308 in
1238 4253 1400 4309 domo
1435 4255 1685 4325 corporis
1738 4255 1999 4310 conclusa
2045 4263 2150 4311 est.

580 4347 753 4419 Igitur
778 4348 969 4403 mortis
1010 4355 1277 4417 tempore,
1310 4345 1403 4403 Dei
1423 4348 1604 4418 jussu,
1632 4355 1872 4419 quatuor
1913 4348 2151 4403 elemen-

578 4443 652 4497 tis
678 4443 747 4497 ab
768 4442 999 4497 invicem
1027 4440 1460 4507 discedentibus,
1495 4451 1731 4514 quatuor
1756 4443 1897 4498 muri
1928 4441 2146 4506 domus,

578 4542 640 4590 ut
668 4536 742 4589 ita
776 4535 1006 4600 dixeris,
1034 4535 1433 4602 dissolvuntur,
1481 4538 1798 4609 receditque
1832 4538 1981 4593 intus
2022 4551 2149 4591 con-

579 4627 731 4684 clusa
757 4627 1011 4683 columba
1057 4626 1172 4684 sive
1213 4629 1415 4696 anima,
1462 4644 1525 4686 ac
1552 4630 1732 4701 primo
1768 4630 1973 4686 recedit
2023 4644 2152 4684 san-

578 4722 700 4792 guis
735 4721 851 4777 sive
880 4720 1118 4776 calidum
1150 4728 1205 4777 et
1230 4722 1393 4777 vitale
1439 4723 1786 4779 elementum.
1820 4722 1959 4777 Hinc
2004 4737 2151 4775 mor-

579 4825 671 4869 tua
712 4829 940 4886 corpora
982 4814 1148 4869 bilem
1195 4823 1248 4869 et
1289 4814 1542 4886 phlegma
1588 4830 1650 4868 ac
1698 4814 1981 4869 humorem
2030 4821 2153 4884 post

578 4914 807 4963 mortem
839 4915 1082 4974 servant,
1110 4914 1165 4961 at
1199 4908 1518 4973 sanguinem
1550 4908 1760 4961 nullum
1788 4907 2006 4962 habent.

2250 3242 2418 3309 ἄξιος.
2449 3263 2467 3294 ι
2499 3246 2641 3316 Ποίῳ
2693 3245 2750 3298 δὲ
2778 3244 2884 3317 ἄρα
2908 3246 3095 3316 τρόπῳ
3140 3246 3173 3315 ή
3207 3243 3350 3315 ψυχὴ
3395 3240 3689 3313 χωρίζεται
3721 3244 3829 3297 ἀπὸ

2250 3331 2341 3384 τοῦ
2377 3332 2629 3403 σώματος
2647 3351 2662 3399 ;

2328 3426 2516 3479 Ἀπόκ.
2568 3427 2665 3480 Ἐκ
2719 3426 3000 3496 τεσσάρων
3048 3424 3324 3496 στοιχείων
3383 3422 3713 3494 πιστεύομεν
3770 3423 3832 3476 τὸ

2252 3523 2409 3594 σῶμα
2440 3518 2531 3573 τοῦ
2562 3516 2846 3590 ἀνθρώπου
2871 3516 3252 3569 συνίστασθαι·
3282 3514 3426 3584 λέγω
3466 3513 3532 3585 δὴ
3564 3512 3625 3578 ἐξ
3663 3514 3832 3585 αἴμα-
3898 3503 3906 3511 ’

2249 3630 2358 3676 τος,
2385 3610 2481 3664 καὶ
2515 3607 2839 3679 φλέγματος,
2862 3606 2954 3659 καὶ
2979 3605 3177 3678 χυμοῦ,
3206 3604 3301 3659 καὶ
3331 3604 3494 3676 χολῆς
3512 3621 3526 3634 ο
3560 3605 3732 3675 ῆγουν
3770 3605 3833 3656 ἐκ

2251 3703 2476 3776 θερμοῦ,
2495 3702 2589 3756 καὶ
2620 3700 2852 3772 ψυχροῦ,
2884 3701 2977 3754 καὶ
3007 3698 3191 3769 ξηροῦ,
3213 3699 3307 3752 καὶ
3336 3697 3524 3769 ὑγροῦ,
3557 3697 3832 3751 τουτέστιν

2253 3796 2318 3847 ὲκ
2351 3792 2539 3864 πυρὸς,
2594 3792 2688 3844 καὶ
2740 3790 2951 3854 ὓδατος,
2996 3789 3091 3842 καὶ
3134 3789 3313 3861 ἀέρος,
3349 3789 3440 3842 καὶ
3471 3789 3597 3859 γῆς.
3633 3789 3709 3842 Τὸ
3736 3789 3833 3860 μὲν

2252 3884 2360 3956 γὰρ
2384 3879 2522 3954 αἷμα
2546 3882 2734 3955 ὥσπερ
2768 3880 2969 3953 θερμὸν
2998 3880 3091 3934 καὶ
3119 3878 3345 3945 ζωτικὸν
3371 3882 3653 3951 στοιχεῖον,
3674 3880 3835 3952 δῆλον

2251 3979 2333 4032 ὅτι
2374 3978 2440 4030 ὲκ
2478 3974 2571 4029 τοῦ
2620 3975 2821 4049 πυρός’
2852 3976 2881 4028 ὁ
2923 3973 2980 4026 δὲ
3014 3973 3204 4044 χυμὸς,
3231 3971 3307 4036 ὡς
3350 3972 3538 4043 ὑγρὸς,
3570 3974 3835 4045 πρόδηλον

2254 4069 2337 4121 ὅτι
2365 4067 2423 4135 ἐξ
2446 4067 2606 4139 ἀέρος
2627 4084 2640 4097 ·
2672 4070 2704 4137 ὴ
2739 4066 2796 4119 δὲ
2824 4066 2955 4137 χολὴ
2988 4066 3064 4130 ὡς
3093 4063 3235 4136 ξηρά
3266 4064 3530 4135 πρόδηλον
3558 4065 3669 4118 ἀπὸ
3692 4066 3793 4136 γῆς
3816 4082 3830 4097 ο

2250 4161 2313 4214 τὸ
2343 4160 2398 4213 δὲ
2432 4159 2650 4231 φλέγμα
2681 4159 2758 4223 ὡς
2780 4158 3008 4231 ψυχρὸν,
3032 4157 3248 4231 suanm
3274 4158 3330 4224 ἐξ
3348 4158 3559 4221 ὑδατος.
3575 4160 3689 4212 Καὶ
3711 4157 3833 4213 τού-

2252 4269 2367 4317 τοις
2394 4254 2508 4315 τοῖς
2544 4250 2835 4323 τέσσαρσιν
2876 4251 3065 4324 ὥσπερ
3098 4250 3192 4305 καὶ
3223 4250 3481 4323 τέσσαρσι
3531 4251 3738 4322 τοίχοις
3778 4254 3836 4305 ὲν

2251 4343 2386 4412 οἴκῳ
2417 4342 2510 4396 τοῦ
2542 4341 2791 4414 σώματος
2821 4342 2976 4415 δίκην
2992 4342 3136 4406 τινὸς
3169 4343 3497 4414 περιστερᾶς
3513 4342 3835 4423 ἀποκέκλει-

2255 4453 2375 4489 σται
2404 4436 2437 4507 η
2465 4434 2631 4507 ψυχή.
2683 4434 2774 4505 Τῷ
2816 4434 2946 4504 γοῦν
2974 4434 3150 4506 καιρῷ
3173 4434 3267 4488 τοῦ
3300 4434 3529 4488 θανάτου
3563 4436 3831 4508 ἐπιτροπῇ

2248 4528 2343 4582 τοῦ
2374 4527 2532 4591 Θεοῦ,
2570 4528 2998 4599 ὑποχωρούντων
3040 4526 3098 4593 ἐξ
3144 4526 3388 4598 ἀλλήλων
3414 4526 3525 4580 τῶν
3553 4527 3833 4600 τεσσάρων

2253 4620 2553 4691 στοιχείων,
2588 4618 2664 4682 ὡς
2693 4617 2759 4671 ἂν
2805 4619 3000 4682 εἴποις,
3040 4618 3344 4672 διαλύονται
3377 4619 3426 4671 οἱ
3455 4617 3724 4691 τέσσαρες
3741 4617 3832 4673 τοῦ

2251 4710 2401 4763 οἴκου
2430 4713 2623 4780 τοῖχοι,
2663 4709 2758 4762 καὶ
2789 4708 3065 4781 ἀναχωρεῖ
3098 4711 3130 4781 ἡ
3168 4709 3313 4763 ἔνδον
3362 4709 3831 4783 ἀποκεκλεισμένη

2249 4802 2570 4874 περιστερὰ,
2595 4803 2762 4874 ἡγουν
2794 4803 2827 4873 ἡ
2853 4801 3029 4873 ψυχή’
3061 4801 3154 4855 καὶ
3188 4801 3400 4874 πρῶτον
3433 4801 3533 4873 μὲν
3555 4803 3834 4874 ἀποχωρεῖ

2250 4895 2312 4950 τὸ
2335 4890 2493 4968 αἷμα,
2527 4896 2695 4966 ἤγουν
2727 4894 2788 4947 τὸ
2816 4893 3016 4967 θερμὸν
3045 4895 3137 4948 κα)⁵
3180 4893 3424 4958 ζωτικόν.
3460 4895 3623 4949 Ὅθεν
3648 4896 3719 4950 τά
3749 4913 3832 4948 νε·-

2257 4987 2369 5059 κρά
2399 4987 2626 5057 σώματα
2668 4985 2830 5058 χολὴν
2892 4986 2992 5057 μὲν
3036 4986 3215 5057 έχουσι
3270 4985 3407 5057 μετά
3458 4986 3692 5042 θάνατον
3743 4988 3834 5042 καὶ

2261 5079 2479 5151 φλέγμα
2502 5080 2596 5133 καὶ
2616 5079 2812 5151 χυμὸν,
2846 5076 2985 5151 αἷμα
3013 5079 3070 5133 δὲ
3094 5079 3193 5133 οὐκ
3219 5077 3449 5150 ἔχουσιν.

648 5241 695 5278 ³⁵
733 5240 755 5295 Ι
786 5240 912 5295 Cor.
947 5254 1037 5307 xv,
1067 5238 1156 5293 Η.
1234 5238 1280 5271 ⁸⁸
1320 5236 1510 5292 Matth.
1546 5252 1603 5300 ι,
1634 5236 1725 5292 28.
1798 5237 1879 5291 “l
1914 5235 2054 5291 Tim.
2091 5252 2130 5300 I,
2170 5235 2255 5289 I5.

653 5391 764 5462 (l5)
801 5390 964 5462 Post,
1037 5391 1303 5462 ἀθάνατος
1329 5430 1349 5462 ,γ
1408 5365 1637 5460 quidam
1701 5389 1944 5462 habent_
1964 5388 2150 5462 σχεδδν

582 5458 863 5551 agnata;
892 5463 1000 5551 τῷν
1043 5461 1289 5531 ἀγγέλων
1340 5458 1687 5531 λεπτότητος.
1746 5459 1869 5515 Mox
1914 5458 2050 5530 Reg.
2093 5458 2149 5522 2,

612 5531 654 5583 0
694 5533 970 5598 ιγενισταί.

653 5547 884 5672 {milia
905 5603 1126 5671 quidam
1162 5600 1520 5672 manuscripti
1562 5602 1968 5672 rectius’quam
1998 5596 2151 5660 editi,

586 5670 680 5742 qui
707 5670 931 5742 habent,
955 5671 1302 5725 συνίστασθαι
1331 5670 1563 5742 κελεύει.

660 5740 771 5814 (I7)
811 5742 1055 5807 Quatuor
1086 5758 1244 5806 mss.,
1275 5743 1301 5794 ὁ
1321 5740 1413 5809 τοῦ
1444 5741 1677 5812 Χριστοῦ
1711 5742 1803 5795 καὶ
1834 5741 1967 5794 Θεοῦ
2001 5736 2154 5810 ἡμῶν

2256 5387 2448 5442 Λόγος.

2330 5403 2448 5527 ἆοὲἔῑ
2480 5454 2595 5527 Duo
2624 5469 2803 5527 Amss.,
2830 5450 3098 5527 ἀθάνατον
3153 5448 3262 5527 καὶ-
3312 5447 3500 5527 ἀπαθῇ
3561 5448 3833 5527 qualn,”

2261 5517 2379 5597 σαν.
2416 5517 2559 5580 Edit.
2606 5521 3275 5597 Comm.,_&9&va§oc_3cai
3317 5517 3536 5597 ἀπαθὴς
3574 5517 3832 5597 ὑπᾷρχειέ

2262 5596 2403 5651 Edit.
2446 5596 2618 5650 Paris.
2661 5609 2785 5648 cum
2827 5592 3003 5646 Palat.
3044 5591 3099 5656 2,
3138 5590 3405 5652 ἀθάνατος
3445 5587 3541 5641 καὶ
3573 5587 3834 5642 ἀπδΘὲοῦ

2262 5667 2517 5739 ιὀπέιρχει2
2552 5664 2724 5739 Porro
2761 5673 2955 5732 quaest.
2989 5662 3091 5739 I9,
3107 5660 3199 5725 20,
3232 5661 3341 5739 2.l_,_
3366 5659 3458 5739 22,
3490 5656 3585 5739 25,
3620 5658 3714 5728 24,
3744 5659 3835 5714 ab.

2263 5728 2394 5794 sunt
2416 5728 2454 5792 '5
2483 5734 2654 5790 Palat.
2683 5733 2738 5801 2,
2764 5728 2812 5788 et
2842 5750 2873 5788 a
2904 5733 3180 5789 veteribus
3213 5730 3376 5787 editis
3406 5728 3644 5786 Latinis.
