4088 6382
257 368 358 426 639

1199 362 1663 433 QUAESTIONES
1698 364 1789 419 AD
1823 363 2230 420 ANTIOCHUM
2265 364 2519 422 DUCEM.

3403 366 3509 419 610

336 484 535 558 Ἔρὼτ.
571 484 662 539 ιϐ’.
698 484 810 539 Ποῦ
844 485 900 539 δὲ
940 485 1049 559 ἄρα
1084 484 1309 557 θέλομεν
1336 485 1546 554 λέγειν,
1589 486 1670 539 ὅτι
1702 487 1830 538 εἰσὶν

2006 482 2226 550 ροιετ.
2258 481 2399 537 XIX.
2427 481 2659 538 Ubinam
2695 494 2858 551 porro
2876 494 3000 536 esse
3021 480 3267 535 dicemus
3292 479 3507 534 animas

264 580 316 632 αἱ
348 576 730 649 προλαϐοῦσαι
760 576 865 631 τῶν
893 575 1196 647 ἀνθρώπων
1216 577 1416 647 ψυχαξς

343 670 533 736 ’Λπὸκ.
570 670 739 723 Ξένον
781 669 879 739 μὲν
914 668 1009 722 καὶ
1053 667 1282 739 φοϐερὸν
1312 668 1375 720 τὸ
1410 666 1670 738 ἐρώτημα
1702 667 1835 738 (19),

269 761 356 815 καὶ
386 760 538 831 παρά
564 758 877 831 ἀνθρώποις
909 759 1418 830 ἀποκεκρυμμένον.
1448 759 1523 812 Οὑ
1566 758 1675 830 γὰρ
1715 776 1839 811 συν-

269 851 540 924 εχώρησεν
564 853 594 905 6
620 849 758 915 Θεὸς
784 849 1114 905 ἐπαναλῦσαί
1131 867 1252 903 τινα
1280 850 1417 920 πρὸς
1436 851 1583 921 ἡμᾶς
1607 850 1836 915 ἐκεῖθεν,

269 947 357 998 καὶ
385 942 754 1015 διηγήσασθαι
781 941 883 996 ποῦ
909 942 942 1014 ἢ
971 943 1087 1006 πῶς
1109 944 1248 995 είσιν
1290 942 1346 995 αἱ
1374 942 1466 1011 ἀφ’
1492 943 1646 1013 ἡμῶν
1671 941 1836 995 ἀπελ-

268 1036 449 1091 θοὺσαι
491 1035 683 1105 ψυχαί.
721 1036 911 1107 Ὅμως
944 1037 1007 1089 ἐκ
1052 1034 1161 1088 τῶν
1194 1034 1427 1106 Γραφῶν
1472 1034 1834 1106 μανθάνομεν,

266 1126 342 1178 ὅτι
366 1129 420 1179 αἱ
446 1126 546 1196 μὲν
572 1125 684 1179 τῶν
709 1124 1050 1198 ἁμαρτωλῶν
1073 1124 1241 1195 ψυχαὶ
1263 1126 1320 1177 ἐν
1346 1123 1423 1196 τῷ
1436 1124 1536 1197 ᾄδῃ
1563 1125 1837 1197 ὑπάρχου-

268 1236 345 1271 σιν
370 1218 628 1271 ὑποκάτω
657 1216 842 1289 πάσης
871 1218 969 1289 τῆς
998 1218 1102 1288 γῆς
1133 1218 1227 1272 καὶ
1253 1217 1354 1287 τῆς
1376 1218 1647 1290 Θαλάττης
1674 1219 1833 1286 είσὶν,

265 1308 336 1373 ὦς
362 1325 524 1380 φησιν
556 1310 585 1362 6
613 1307 849 1380 ψαλμὸς,
886 1329 905 1362 ι
955 1311 1040 1364 Ἐν
1068 1312 1359 1373 σκοτεινοῖς
1390 1310 1484 1363 καὶ
1511 1311 1569 1365 ὲν
1592 1312 1720 1382 σκιᾷ
1741 1310 1838 1364 θα-

264 1399 419 1452 νάτου
453 1399 548 1451 καὶ
579 1400 637 1451 ὲν
667 1399 858 1471 λάκκῳ
889 1399 1206 1470 κατωτὰτῳ,
1242 1418 1260 1451 ι
1299 1400 1393 1453 καὶ
1418 1400 1494 1465 ὡς
1525 1401 1835 1473 γέγραπται

263 1495 317 1545 ἐν
333 1492 410 1563 τῷ
444 1492 581 1545 Ἰὼϐ⁹
608 1512 627 1543 ι
663 1493 780 1557 Ἐἰς
795 1495 895 1564 γῆν
914 1492 1191 1565 σκοτεινὴν
1212 1494 1305 1547 καὶ
1333 1496 1621 1564 γνοφεράν,
1643 1497 1721 1561 εἰς
1733 1497 1836 1567 γῆν

264 1586 483 1649 σκότους
505 1584 748 1650 αἰωνίου,
778 1578 840 1639 οὑ
869 1587 966 1639 οὑκ
994 1585 1110 1639 ἐστι
1140 1586 1362 1654 φέγγος,
1385 1587 1507 1640 οὑδὲ
1534 1589 1665 1659 ὁρᾷν
1691 1586 1836 1660 ζωὴν

266 1675 468 1747 βροτοῖς
496 1675 630 1747 (20),
689 1695 710 1730 ι
753 1678 812 1730 αἱ
839 1677 896 1732 δὲ
947 1677 1056 1731 τῶν
1093 1678 1315 1731 δικαίων
1354 1678 1523 1750 ψυχαὶ
1562 1679 1699 1751 μετά
1735 1680 1834 1751 τὴν

263 1769 486 1840 Χριστοῦ
530 1770 873 1841 παρουσίαν,
908 1768 983 1832 ὡς
1038 1770 1102 1821 ἐκ
1133 1768 1229 1822 τοῦ
1280 1768 1476 1841 λῃστοῦ
1527 1770 1620 1824 τοῦ
1654 1772 1711 1823 ὲν
1754 1770 1833 1842 τῷ

1940 576 2218 631 hominum
2259 591 2381 647 qua:
2400 575 2511 644 jam
2540 572 2955 630 discesserunt?

2007 664 2173 721 Resp.
2200 665 2336 719 Mira
2385 679 2519 721 sane
2565 672 2620 719 et
2657 663 2949 719 metuenda
2988 664 3239 734 quaestio,
3266 663 3506 719 homini-

1938 757 2149 827 busque
2179 758 2413 812 occulta.
2446 757 2557 813 Nec
2583 756 2727 812 enim
2762 756 2906 812 Deus
2932 771 3258 826 quemquam
3293 757 3363 811 ad
3402 772 3505 813 nos

1938 849 2064 902 inde
2113 849 2291 903 redire
2353 847 2625 918 permisit,
2657 861 3027 916 enarrareque
3069 847 3292 901 ubinam
3322 863 3502 918 quovo

1936 942 2099 995 modo
2127 942 2238 997 sint
2278 942 2476 995 animae
2508 955 2539 993 a
2577 939 2737 994 nobis
2798 937 3074 1009 profectae.
3110 937 3500 995 Verumtamen

1934 1032 2201 1089 discimus
2259 1049 2326 1089 ex
2371 1032 2572 1087 divinis
2645 1031 2843 1086 litteris
2889 1039 3237 1101 peccatorum
3287 1032 3500 1087 animas

1937 1125 1993 1180 in
2022 1125 2216 1182 inferis
2236 1142 2358 1183 esse
2388 1127 2532 1182 infra
2553 1144 2767 1186 omnem
2792 1139 2992 1187 terram
3022 1140 3075 1184 et
3112 1141 3281 1190 mare,
3312 1140 3503 1196 quem-

1936 1215 2227 1270 admodum
2300 1219 2375 1271 ait
2446 1217 2737 1276 Psalmista
2788 1240 2802 1276 :
2870 1240 2889 1273 ι
2945 1218 3003 1275 1η
3077 1220 3385 1277 tenebrosis
3446 1226 3504 1275 et

1937 1307 1991 1361 in
2054 1308 2249 1363 umbra
2317 1311 2510 1366 mortis
2561 1321 2614 1367 et
2666 1311 2721 1365 in
2771 1313 2893 1367 lacu
2943 1312 3209 1377 intimo",
3278 1331 3298 1364 ι
3340 1318 3396 1367 et
3440 1318 3503 1365 ut

1934 1400 2075 1471 apud
2105 1399 2208 1455 Job
2238 1401 2502 1471 scriptum
2534 1412 2619 1459 est
2654 1423 2668 1458 :
2707 1424 2725 1456 ι
2752 1403 2810 1458 ιιι
2835 1412 3036 1459 terram
3061 1405 3403 1459 tenebrosam
3449 1414 3505 1458 et

1935 1493 2315 1563 caliginosam,
2343 1494 2399 1548 in
2424 1501 2628 1548 terram
2655 1496 3001 1550 tenebrarum
3032 1504 3381 1560 antemarum,
3410 1494 3504 1549 ubi

1934 1583 2118 1638 nullus
2150 1583 2430 1653 splendor,
2458 1598 2557 1639 nec
2580 1584 2687 1639 vita
2717 1592 2803 1639 est
2840 1585 3154 1641 hominibus
3168 1585 3235 1640 ⁸⁸.
3263 1603 3283 1636 ι
3319 1583 3504 1640 Iusto-

1934 1690 2053 1729 rnm
2087 1685 2266 1731 autem
2298 1676 2514 1741 animae,
2540 1686 2600 1731 ut
2639 1692 2707 1732 ex
2754 1678 2965 1733 latrone
3012 1677 3069 1732 in
3128 1693 3293 1733 cruce
3342 1676 3503 1734 disci-

1935 1783 2055 1823 mus
2078 1768 2146 1835 ",
2177 1778 2306 1823 sunt
2336 1771 2389 1824 in
2428 1769 2705 1840 paradiso.
2750 1769 2860 1825 Nec
2893 1771 3037 1826 enim
3087 1778 3306 1841 propter
3333 1771 3503 1826 solam

264 1860 469 1931 σταυρῷ
506 1860 875 1931 μανθάνομεν,
909 1862 992 1915 ὅτι
1020 1863 1078 1913 ὲν
1104 1861 1182 1932 τῷ
1215 1861 1526 1933 παραδείσῳ
1558 1862 1830 1934 ὑπάρχου-

1932 1860 2108 1915 sancti
2158 1860 2388 1917 latronis
2436 1861 2675 1915 animam
2707 1861 2965 1918 Christus
3004 1862 3318 1932 paradisum
3370 1877 3499 1931 ape-

260 1968 362 2004 σιν.
392 1953 465 2004 Οὑ
499 1952 609 2023 γὰρ
640 1950 734 2005 διά
778 1951 948 2023 μόνην
978 1950 1077 2022 τὴν
1111 1951 1289 2023 ψυχὴν
1317 1952 1411 2005 τοῦ
1446 1952 1602 2022 ἁγίου
1630 1952 1830 2025 λῃστοῦ

258 2041 486 2112 Χριστὸς
518 2042 547 2093 6
584 2041 720 2102 Θεὸς
762 2040 917 2111 ἡμῶν
945 2039 1120 2111 ἤνοιξε
1174 2040 1265 2094 τὸν
1313 2042 1666 2113 παράδεισον,
1698 2042 1834 2097 ἁλλά

258 2134 347 2184 καὶ
374 2132 465 2185 διὰ
501 2135 682 2195 πάσας
714 2131 900 2185 λοιπὸν
930 2131 1028 2196 τὰς
1060 2132 1171 2185 τῶν
1201 2132 1371 2201 ἁγίων
1402 2134 1602 2205 ψυχάς.

336 2220 529 2294 Ἐρὼτ.
570 2230 639 2276 κ’.
677 2222 743 2275 Τί
774 2218 887 2288 οὖν,
913 2222 1184 2277 ἀπέλαϐον
1223 2225 1272 2277 οί
1299 2224 1495 2280 δίκαιοι
1526 2228 1594 2280 τὰ
1629 2226 1829 2296 ἀγαθὰ,

256 2312 348 2365 καὶ
377 2314 429 2364 οἱ
463 2313 785 2384 ἁμαρτωλοὶ
810 2313 909 2384 τὴν
952 2312 1201 2378 κὸλασιν;

334 2402 520 2456 ’Λπόκ.
579 2401 869 2474 Οὐδαμῶς.
928 2404 1117 2476 Ὅμως
1162 2405 1219 2459 δὲ
1269 2405 1368 2476 τὴν
1417 2406 1590 2478 χαρὰν
1627 2406 1833 2479 ταύτην

255 2494 465 2565 ἔχουσιν
505 2496 562 2547 ai
611 2495 721 2548 τῶν
769 2496 938 2565 ἁγίων
979 2497 1147 2569 ψυχαί
1195 2497 1337 2567 (21)·
1373 2498 1467 2551 καὶ
1514 2498 1660 2551 ἔστιν
1691 2499 1828 2571 αὕτη

257 2583 453 2655 μερικὴ
487 2584 809 2647 ἀπόλαυσις,
843 2583 1032 2655 ῶσπερ
1069 2583 1164 2638 καὶ
1193 2586 1225 2655 ἡ
1265 2584 1410 2655 λύπη
1429 2625 1443 2647 ,
1473 2585 1539 2656 ἢν
1568 2586 1618 2638 οἱ
1648 2586 1830 2658 ἁμαρ-

253 2674 408 2727 τωλοὶ
439 2675 641 2746 ἔχουσι,
675 2675 879 2747 μερικὴ
905 2676 1146 2739 κόλασις,
1169 2676 1263 2729 καὶ
1282 2676 1472 2747 ὥσπερ
1502 2675 1611 2748 (22)
1632 2693 1832 2747 μετασ-
1866 2684 1869 2687 ’

252 2765 491 2818 τέλλεται
535 2765 793 2836 βασιλεὺς
832 2767 1021 2837 φίλους
1050 2767 1214 2821 αὑτοῦ
1256 2769 1349 2821 ἐπὶ
1376 2768 1453 2839 τῷ
1499 2769 1830 2840 συναριστῆ-

254 2875 338 2911 σαι
372 2858 523 2929 αὐτῷ
557 2858 822 2922 ὡσαύτως
867 2860 962 2914 καὶ
1003 2860 1329 2925 καταδίκους
1369 2861 1462 2914 ἐπὶ
1507 2862 1570 2915 τὸ
1607 2863 1831 2918 κολάσαι

251 2950 465 3013 αὐτούς.
492 2951 603 3003 Καὶ
625 2952 675 3003 οί
712 2950 815 3021 μὲν
842 2952 925 3014 είς
948 2951 1009 3004 τὸ
1033 2952 1252 3023 ἄριστον
1290 2951 1577 3023 κληθέντες
1604 2954 1663 3007 ὲν
1687 2955 1832 3025 χαρᾷ

252 3044 384 3093 εἰσιν
430 3041 745 3114 ἔμπροσθεν
795 3043 891 3096 τοὺ
940 3044 1089 3097 οἴκου
1138 3045 1231 3099 τοῦ
1284 3044 1546 3116 βασιλέως
1589 3047 1696 3112 ἓως
1729 3048 1831 3118 τῆς

1931 1952 2061 2014 ruit,
2088 1950 2182 2006 sed
2212 1952 2376 2006 etiam
2410 1959 2631 2021 propter
2663 1962 2853 2007 omnes
2887 1960 3206 2007 sanctorum
3231 1954 3463 2010 animas.

2000 2219 2219 2287 Quts'r.
2258 2218 2375 2274 XX.
2417 2217 2560 2286 Quid
2603 2220 2802 2291 igitur?
2842 2218 3065 2273 Bonane
3112 2217 3249 2289 Justi
3278 2232 3503 2289 recepe-

1929 2322 2079 2374 runt,
2115 2323 2169 2369 et
2196 2323 2512 2383 peccatores
2542 2311 2911 2383 supplicium?

2000 2402 2163 2459 lisse.
2189 2403 2565 2475 Nequaquam.
2614 2402 2729 2456 Hoc
2768 2409 2952 2457 tamen
2996 2401 3253 2455 fruuntur
3300 2398 3504 2470 gaudio

1932 2504 2250 2550 sanctorum
2281 2495 2495 2555 anima.
2521 2509 2643 2566 qua!
2672 2508 2800 2561 pars
2827 2499 2915 2547 est
2947 2492 3163 2547 illorum
3196 2490 3497 2556 felicitatis,

1937 2594 1997 2639 ut
2042 2586 2289 2651 tristitia,
2324 2602 2488 2657 quam
2515 2585 2718 2639 habent
2750 2593 3087 2655 peccatores,
3106 2599 3234 2654 pars
3263 2591 3348 2639 est
3372 2584 3499 2638 illo-

1930 2689 2051 2728 rum
2086 2676 2364 2746 supplicii.
2394 2674 2865 2741 Quemadmodum
2897 2675 3083 2745 itaque
3116 2688 3248 2730 suos
3292 2674 3501 2730 amicos

1930 2768 2165 2822 accersit
2221 2768 2538 2839 imperat'or,
2576 2774 2636 2822 ut
2686 2782 2874 2823 secum
2940 2767 3266 2837 prandeant,
3310 2767 3393 2821 sic
3446 2775 3502 2821 et.

1930 2858 2216 2913 damnatos
2265 2868 2324 2913 ut
2371 2858 2692 2929 puniantur.
2726 2858 2807 2911 Illi
2863 2866 3044 2911 autem
3084 2856 3152 2911 ad
3207 2855 3498 2927 prandium

1929 2951 2108 3005 vocati
2146 2950 2400 3004 laztantur
2459 2956 2587 3004 ante
2640 2948 2862 3003 domum
2922 2946 3289 3017 imperatoris,
3320 2945 3499 3000 donec

1930 3043 2141 3109 venerit
2167 3043 2301 3097 hora
2338 3042 2575 3113 prandii.
2608 3040 2857 3095 Damnati
2894 3040 2950 3094 in
2981 3041 3235 3096 custodia
3267 3041 3494 3102 inclusi,

249 3131 396 3202 ῶρας
419 3132 517 3185 τοῦ
552 3132 810 3205 ἀρίστου·
847 3136 895 3186 οἱ
923 3133 979 3187 δὲ
1016 3136 1298 3190 κατάδικοι
1334 3138 1394 3190 ἐν
1442 3138 1653 3209 φυλακῇ
1697 3139 1830 3192 ἁπο-

1933 3133 1988 3189 in
2014 3148 2248 3189 moerore
2286 3133 2511 3204 degunt,
2566 3148 2739 3203 usque
2785 3133 2914 3188 dum
2947 3131 3131 3187 veniat
3174 3131 3365 3202 judcx.
3404 3129 3498 3186 Sic

1855 3181 1903 3245 ο

250 3223 661 3294 κεκλεισμένοι,
699 3226 759 3278 ὲν
802 3223 947 3296 λύπῃ
990 3226 1357 3298 ὑπάρχουσιν,
1393 3228 1498 3291 ἕως
1528 3222 1588 3281 οὖ
1624 3229 1752 3302 ἔλθῃ
1800 3231 1829 3283 6

1931 3224 2273 3280 sentiendum
2302 3232 2387 3279 est
2417 3224 2485 3280 de
2520 3225 2809 3280 animabus
2838 3224 3116 3293 iustorum
3145 3230 3201 3279 et
3232 3230 3491 3294 peccato-

251 3317 460 3387 κριτής.
505 3315 666 3369 Οὑτω
709 3316 794 3369 δεῖ
823 3315 1005 3371 λοιπὸν
1038 3322 1177 3373 νοεῖν
1223 3319 1317 3373 καὶ
1363 3320 1455 3374 ἐπὶ
1503 3320 1610 3374 τῶν
1650 3323 1828 3374 ἐκεῖσε

250 3405 340 3460 νῦν
362 3407 459 3477 ἀφ’
485 3408 641 3479 ἡμῶν
675 3408 1066 3478 προλαϐουσῶν
1096 3408 1304 3480 ψυχῶν,
1330 3410 1474 3479 λέγω
1504 3410 1569 3483 δὴ
1606 3411 1829 3465 δικαίων

251 3501 338 3553 καί
366 3499 731 3572 ἁμαρτωλῶν.

326 3594 523 3666 Ἔρώτ.
561 3578 675 3648 καθ’.
704 3594 768 3647 Ei
793 3589 885 3648 οὖν
920 3594 1095 3660 οὐδεὶς
1126 3595 1248 3650 καθ’
1277 3597 1313 3651 ἀ
1343 3597 1588 3669 εἴρηκας,
1617 3596 1739 3652 οὔτε
1770 3598 1829 3652 ἐν

252 3684 517 3758 βασιλεία,
557 3688 683 3740 οὑτε
716 3688 776 3740 ὲν
801 3688 995 3763 γεέννῃ
1027 3689 1341 3761 είσελήλυθε
1361 3705 1377 3720 ⁶
1413 3690 1530 3754 πῶς
1574 3691 1702 3762 περὶ
1732 3689 1827 3745 τοὺ

250 3775 504 3830 πλουσίου
533 3777 630 3832 τοὺ
660 3779 804 3834 κατὰ
834 3780 926 3833 τὸν
949 3779 1198 3854 Λάζαρον
1225 3781 1515 3853 ἀκούομεν,
1538 3782 1643 3847 ὅτι,
1671 3785 1728 3837 ὲν
1750 3783 1829 3855 τῷ

250 3870 379 3940 πυρὶ
417 3870 516 3923 καὶ
544 3868 805 3939 βασάνοις
838 3870 1117 3944 ὑπάρχων,
1163 3874 1300 3937 πρὸς
1339 3874 1429 3929 τὸν
1468 3873 1718 3946 ’Λϐραὰμ
1747 3874 1828 3929 δι-

250 3953 470 4023 ελέγετο
492 3973 507 4021 ;

326 4046 520 4100 Ἀπόκ.
570 4047 629 4101 '0
670 4047 878 4118 Κύριος
920 4049 1301 4120 παραϐολικῶς
1337 4053 1434 4108 ὅλα
1457 4054 1527 4109 τά
1560 4054 1702 4109 κατά
1734 4056 1825 4109 τὸν

248 4135 495 4209 Λάζαρον
532 4140 627 4192 καὶ
662 4139 755 4193 τὸν
787 4139 1039 4195 πλούσιον
1067 4143 1317 4215 εἴρηκεν,
1346 4145 1533 4220 ὥσπερ
1566 4148 1661 4201 καὶ
1698 4148 1826 4219 περὶ

247 4226 349 4281 τῶν
379 4229 515 4283 δέκα
550 4229 852 4301 παρθένων,
883 4232 977 4286 καὶ
1006 4233 1113 4287 τῶν
1145 4233 1345 4292 λοιπῶν
1375 4238 1715 4312 παραϐολῶν.
1750 4239 1823 4292 Οὑ

248 4317 350 4390 γὰρ
383 4322 444 4375 ὲν
473 4322 765 4393 πράγματι
792 4323 1014 4392 γέγονεν
1046 4327 1079 4396 ή
1109 4326 1202 4380 τοὺ
1233 4329 1486 4403 Λαζάρου
1517 4329 1821 4403 παραϐολή.

247 4410 385 4465 Διότι
416 4413 519 4484 οὐχ
562 4414 766 4485 ὁρῶσιν
798 4416 847 4468 οἱ
887 4417 1196 4489 ἁμαρτωλοὶ
1238 4421 1296 4474 ἐν
1337 4422 1527 4494 γεέννῃ
1577 4423 1703 4485 τοὺς
1744 4421 1824 4475 δι-

1931 3331 2051 3370 rum
2074 3330 2194 3385 qua
2230 3321 2357 3369 ante
2385 3330 2488 3371 nos
2522 3315 2653 3369 illuc
2686 3313 3067 3371 discesserint.

1997 3586 2217 3646 ρυωτ.
2249 3577 2392 3632 XXI.
2420 3577 2481 3631 Si
2528 3577 2696 3648 igitur
2746 3592 2929 3643 nemo,
2956 3584 3118 3648 prout
3168 3577 3377 3641 dixisti,
3398 3591 3498 3632 ne-

1928 3684 2034 3739 quc
2057 3669 2113 3722 in
2146 3683 2373 3738 regnum
2401 3682 2578 3737 neque
2607 3667 2663 3721 in
2696 3667 2999 3737 gehennam
3035 3666 3283 3722 introivit
3311 3681 3325 3718 :
3359 3666 3493 3737 quid

1929 3761 2061 3816 illud
2084 3775 2213 3831 ergo
2237 3768 2324 3815 est
2349 3759 2494 3830 quod
2524 3759 2591 3813 de
2626 3758 2798 3815 divite
2834 3768 2888 3815 et
2912 3760 2981 3815 de
3024 3758 3234 3814 Lazaro
3275 3759 3494 3816 audivi-

1928 3866 2070 3918 mus,
2104 3852 2256 3906 illum
2304 3865 2499 3920 nempe
2541 3851 2766 3905 divitem
2818 3850 2873 3904 in
2921 3851 3044 3921 igne
3093 3858 3149 3905 ct
3200 3851 3494 3907 tormentis

1926 3944 2279 4000 exsistentem
2313 3943 2464 4013 loqui
2498 3944 2565 3998 ad
2601 3942 3011 3997 Abrahamum?

1996 4036 2159 4092 Resp.
2197 4035 2547 4107 Quaecunque
2574 4037 2796 4092 divitem
2829 4046 2884 4093 et
2917 4037 3189 4094 Lazarum
3218 4047 3492 4110 spectant,

1926 4130 2238 4201 parabolice
2288 4131 2505 4186 locutus
2537 4139 2621 4186 est
2656 4131 2941 4197 Dominus,
2973 4141 3035 4187 ut
3067 4139 3264 4204 etquae
3296 4133 3364 4189 de
3393 4133 3494 4188 de-

1926 4238 2044 4279 cem
2091 4222 2399 4294 virginibus
2455 4230 2510 4278 ct
2565 4224 2780 4280 caeteris
2829 4226 3110 4297 parabolis
3163 4226 3324 4281 dixit.
3379 4223 3496 4282 Nec

1926 4315 2069 4370 enim
2115 4315 2297 4384 reipsa
2345 4314 2574 4386 contigit
2632 4314 2825 4369 Lazari
2866 4317 3148 4387 parabola.
3193 4316 3408 4389 Quippe
3436 4319 3495 4372 in

1925 4410 2169 4478 gebenna
2208 4419 2524 4478 peccatores
2571 4424 2684 4465 non
2741 4410 2928 4465 vident
2956 4410 3159 4480 justos,
3212 4419 3307 4481 qui
3366 4427 3492 4467 cum

248 4501 433 4565 καίους
475 4505 608 4567 τοὺς
649 4503 791 4576 μετὰ
836 4505 1086 4577 ’Δϐραάμ
1130 4508 1288 4574 ὄντας
1334 4514 1392 4565 ὲν
1433 4514 1497 4583 τῇ
1552 4511 1819 4581 βασιλείᾳ.

1931 4501 2236 4557 Abrahamo
2269 4503 2323 4556 in
2356 4517 2523 4573 regno
2549 4503 2843 4559 etsistunt.
2879 4501 2990 4559 lmo
3034 4519 3139 4559 nec
3200 4505 3495 4576 quisquam

258 4592 390 4648 Ἀλλ’
419 4594 547 4649 οὔτε
576 4596 635 4649 δὲ
664 4596 828 4652 πάλιν
855 4597 1206 4666 ἐπιγινώσκει
1238 4617 1322 4665 τις
1345 4602 1434 4657 τὸν
1466 4602 1691 4673 πλησίον
1722 4601 1820 4654 αὑ-

245 4684 352 4749 τοῦ,
384 4688 570 4741 ἐκεῖσε
599 4689 660 4741 ὲν
692 4688 873 4743 σκότει
900 4691 1178 4764 ὑπάρχων.

322 4774 516 4847 Ἐρώτ.
556 4777 662 4831 κδ’.
694 4779 822 4843 Πῶς
845 4780 1035 4847 τοῦτος
1067 4782 1176 4835 Καὶ
1213 4783 1321 4857 γάρ
1358 4783 1587 4857 φοϐερὸς
1613 4787 1641 4839 6
1667 4784 1824 4852 λόγος

248 4862 334 4916 καὶ
351 4863 529 4930 ξένος,
551 4868 636 4920 ὅτι
657 4868 759 4921 οὑκ
781 4868 1211 4940 ὲπιγινώσκομεν
1239 4872 1504 4944 ἀλλήλους
1527 4873 1662 4936 ἐκεῖ,
1690 4870 1825 4925 ἁλλά

245 4958 571 5029 ἀγνώριστοι
603 4959 827 5029 ἀδελφοὶ
860 4961 1128 5032 ἀδελφοῖς,
1157 4963 1252 5017 καὶ
1279 4966 1517 5037 πατέρες
1546 4967 1701 5029 υίοῖς,
1731 4966 1823 5018 καὶ

246 5049 381 5114 φίλοι
416 5051 599 5120 φίλοις
633 5051 750 5123 (25)
789 5051 1221 5126 καθεστήκαμεν.

1924 4593 2037 4649 illic
2075 4593 2129 4647 in
2166 4594 2409 4649 tenebris
2441 4594 2737 4662 exsistens,
2762 4596 3072 4665 proximum
3118 4610 3277 4651 suum
3323 4612 3494 4667 agno-

1832 4702 1837 4713 '
1925 4685 2051 4741 scit.

1995 4777 2215 4843 Quasr.
2246 4777 2413 4833 XXII.
2446 4778 2550 4845 Qui
2600 4779 2654 4834 id
2717 4779 2847 4834 fiat?
2892 4781 3158 4836 Terribile
3213 4782 3360 4836 enim
3395 4781 3494 4835 ad-

1926 4871 2146 4925 modum
2206 4878 2263 4926 et
2299 4873 2499 4926 mirum
2541 4879 2626 4927 est
2664 4871 2810 4943 quod
2850 4873 2952 4939 ais,
2985 4872 3197 4928 scilicet
3249 4872 3361 4926 illic
3389 4887 3495 4927 nos

1926 4979 2036 5019 non
2069 4963 2305 5019 invicem
2344 4979 2698 5036 cognoscere,
2735 4965 2828 5020 sed
2866 4964 3062 5021 fratres
3110 4964 3396 5029 fratribus,
3426 4963 3492 5017 II-

1928 5057 2017 5111 liis
2047 5065 2248 5127 patres,
2277 5065 2333 5112 et
2354 5057 2562 5112 amicos
2597 5058 2792 5112 amicis
2821 5073 2943 5114 esse
2971 5058 3207 5128 ignotos.

310 5228 353 5259 ⁸⁷
393 5227 548 5284 Psal.
585 5242 845 5295 Lxuvu,
880 5227 931 5281 7.
1010 5228 1054 5260 ’⁸
1089 5226 1195 5285 Job
1225 5246 1280 5295 κ,
1320 5230 1411 5285 22.
1486 5232 1534 5265 ⁸⁸
1571 5230 1706 5287 Luc.
1742 5247 1911 5299 χχιιι,
1942 5231 2034 5288 45.

332 5382 423 5456 19)
449 5381 603 5456 _Reg.
638 5385 696 5456 ξ,
738 5381 1090 5456 ξπερὼτημα.
1124 5382 1294 5456 Paulo
1318 5393 1444 5456 post
1472 5385 1607 5456 Reg.
1634 5387 1661 5441 1
1690 5397 1743 5443 et
1767 5387 1820 5453 5,

243 5454 577 5508 επαναλῦσαι
605 5453 720 5506 τῶν
745 5453 928 5506 ἐκεῖσὲ
961 5470 1081 5508 τινα
1110 5454 1246 5559 πρὸς
1274 5453 1441 5527 ἡμᾶς,
1472 5453 1585 5511 καί

309 5522 423 5559 (om
467 5522 581 5559 ιιι...
637 5523 673 5559 ο
733 5521 938 5559 ριηνιητιυ
995 5531 1115 5559 nnc!
1145 5542 1157 5559 .
1177 5525 1322 5559 ...νιιρ
1379 5525 1489 5559 ιιι...
1547 5527 1581 5559 ο

309 5522 601 5597 (20)]ἰθε.
637 5523 699 5586 2,
727 5521 1118 5597 βροτῶνηροει
1144 5521 1341 5597 ψυχάς.
1378 5525 1512 5597 Reg.
1547 5527 1601 5592 2,
1628 5528 1820 5596 adjicit

243 5590 373 5655 hac,
405 5590 488 5648 ’⁸0
529 5590 712 5665 ἂῖγιος-
727 5590 915 5665 Πατὴρ
954 5590 1116 5665 ῂμῶν
1142 5590 1421 5660 Βασίλειος
1450 5590 1530 5662 EI;
1556 5590 1647 5651 τὸν
1676 5590 1817 5665 Περὶ

242 5660 1035 5753 νησξείαςὶαὺξοῦελόηονζιοξινῆ
1053 5666 1215 5736 ἁρχήο
1238 5685 1263 5747 1
1283 5660 1607 5753 Σαλπίσατε,
1635 5688 1653 5718 ι
1675 5660 1817 5753 οὕτω

244 5733 424 5801 φησίν·
456 5751 476 5783 ι
501 5735 613 5802 Οὐχ
629 5733 765 5804 ὁρᾷς
786 5733 875 5785 τὸν
890 5733 1158 5806 Λάζαρον,
1183 5733 1304 5799 πῶς
1319 5736 1407 5789 διά
1492 5740 1673 5802 στείας
1703 5741 1815 5792 εἰσ-

244 5801 399 5855 εῖλθεν
426 5805 509 5866 είς
540 5805 634 5857 τὸν
662 5803 1017 5875 παράδεισον;
1055 5824 1073 5857 ι
1094 5803 1266 5860 Porro
1297 5754 1568 5862 locuznhic
1587 5809 1818 5865 habetur

1930 5386 2073 5459 apud
2111 5385 2492 5443 Basiliensem.

1999 5457 2111 5517 (21)
2150 5455 2284 5517 Rea.
2320 5460 2370 5517 1.
2402 5459 2457 5517 3.
2495 5461 2684 5517 Ὅμως
2712 5462 2770 5517 δὲ
2802 5460 2940 5517 αὕτη
2978 5465 3011 5517 ἡ
3048 5463 3191 5517 γαοά
3222 5467 3287 5517 ἣν
3309 5482 3433 5517 ενοιι

1961 5457 2111 5540 ..(³⁸)
2150 5457 2284 5540 ’3“!-
2320 5460 2370 5545 ¹,ς
2402 5459 2457 5522 δ’
2495 5461 2684 5532 Ὅμως
2712 5462 2770 5517 δὲ
2802 5460 2941 5534 αὕτη
2978 5465 3015 5588 3
3048 5463 3191 5537 χαρά
3222 5467 3287 5537 ἣν
3309 5482 3496 5538 εχουσι

1926 5531 2104 5618 νυἈέ
2126 5529 2434 5618 meum?
2459 5530 2648 5618 ιίυκαῖο
2682 5534 2879 5618 esea:
2908 5536 2986 5618 δεπ
3002 5535 3204 5618 ,λαυρίς
3230 5538 3396 5618 ἐσπαν-

1997 5599 2106 5671 (22)
2149 5598 2313 5665 Editi,
2341 5602 2436 5654 καὶ
2465 5598 2654 5674 ὥσπερ
2683 5598 2796 5659 οὖν.
2834 5598 2940 5660 Sed
2968 5602 3063 5660 οὖν
3094 5598 3249 5664 deest
3288 5612 3343 5663 in
3370 5624 3494 5664 ma-

1924 5672 2257 5744 ximaparte
2288 5672 2793 5744 manuscriptorum

1995 5740 2115 5812 (25)
2145 5740 2429 5820 ﬁalatinus
2452 5740 2682 5820 primus,
2718 5745 2936 5818 ἀδελφοὶ
2971 5748 3234 5820 ἀδελφῶν,
3260 5751 3355 5805 καὶ
3383 5766 3498 5819 παι,

1920 5813 2080 5884 τέρες
2107 5812 2259 5878 υίῶν,
2290 5813 2386 5868 καὶ
2412 5815 2553 5885 φίλοι
2578 5815 2767 5885 φίλων.
