4088 6382
567 360 666 415 ιιι

632 472 799 530 Raso.
829 473 1048 546 Agnitio
1068 489 1132 528 ex
1169 474 1448 542 corporeis
1504 473 1675 543 signis
1716 472 1856 527 solet
1891 472 2025 527 ﬁeri.
2056 473 2128 525 At
2159 482 2203 537 Α

566 568 763 622 animae
802 567 1134 635 incorporea:
1172 564 1403 619 invicem
1433 572 1562 617 sunt
1616 563 1839 617 omnino
1896 563 2125 630 similes,

566 675 677 715 non
709 672 870 715 secus
898 672 962 711 ac
1005 655 1295 711 multitudo
1334 656 1516 725 aliqua
1574 654 2027 710 nitidissimarum
2074 664 2131 709 et

566 750 826 805 similium
883 748 1259 804 columbarum
1313 754 1407 801 ant
1458 762 1646 817 apum,
1700 761 1932 816 quarum
1980 746 2128 800 nulla

564 841 777 895 diti‘erat
803 839 886 894 vel
915 839 1182 908 gravitate
1220 838 1305 892 vel
1356 837 1751 908 magnitudine,
1778 836 1872 891 scd
1914 851 2033 907 qua:
2072 836 2128 891 in

563 931 818 986 omnibus
846 931 1085 1001 aequales
1128 931 1239 987 sint
1292 931 1549 985 invicem.
1599 928 1770 984 Porro
1826 929 2018 999 loquor
2060 928 2127 984 de

562 1024 836 1079 damnatis
863 1031 1210 1094 peccatorum
1241 1022 1530 1077 animabus
1560 1022 1704 1092 apud
1726 1021 1955 1087 inferos,
1979 1022 2127 1091 ipsas

562 1130 757 1186 nempe
782 1115 994 1185 seipsas
1027 1130 1137 1170 non
1171 1129 1522 1185 cognoscere.
1566 1112 1702 1167 Nam
1747 1113 1907 1183 222
1945 1113 2127 1182 justo-

560 1223 684 1263 rum
719 1208 1009 1264 animabus
1037 1206 1094 1262 id
1125 1207 1328 1262 bonum
1368 1206 1646 1261 concessit
1701 1205 1865 1270 Deus,
1900 1212 1961 1258 ut
1992 1205 2131 1259 invi-

561 1314 680 1355 cem
709 1314 768 1354 se
793 1292 1113 1370 agnoscant.

632 1478 856 1545 Quas'r.
901 1474 1093 1531 XXIII.
1144 1473 1344 1529 Demus
1404 1474 1589 1544 igitur,
1629 1472 1786 1543 juxta
1828 1472 1975 1543 quod
2024 1472 2127 1539 ais,

563 1567 777 1623 animas
804 1583 952 1622 nunc
970 1568 1201 1623 invicem
1220 1582 1277 1621 se
1295 1582 1403 1620 non
1430 1582 1791 1637 cognoscere:
1810 1576 1864 1621 at
1884 1563 2130 1637 nunquid

562 1673 665 1715 nec
684 1659 739 1712 in
771 1659 1171 1714 resurrectione
1205 1666 1393 1712 mutuo
1420 1674 1475 1714 se
1514 1666 1847 1730 cognoscent
1878 1666 2130 1728 peccato-

563 1763 675 1811 res,
704 1749 798 1817 qui
859 1763 1053 1818 nempe
1103 1764 1166 1803 cx
1199 1764 1307 1801 una
1355 1748 1596 1819 regione,
1632 1747 1794 1803 domo
1840 1758 1895 1804 et
1933 1765 2129 1821 genere

564 1840 910 1895 exstiterint?

634 1928 798 1984 Resp.
838 1930 1023 2000 Neque
1046 1930 1101 1984 in
1132 1931 1556 1987 resurrectione.

634 2020 851 2086 Qumsr.
892 2020 1082 2076 XXIV.
1124 2022 1348 2089 Quare?

632 2112 794 2168 Resp.
837 2112 974 2178 Quia
1002 2114 1205 2185 figurae,
1231 2114 1408 2184 signa,
1434 2120 1489 2168 ct
1527 2111 1843 2171 affectiones
1871 2131 1993 2186 quae
2029 2131 2130 2172 no-

564 2205 695 2260 stris
719 2205 1045 2274 corporibus
1073 2222 1139 2260 ex
1162 2206 1514 2275 corruptione
1533 2216 1587 2261 et
1610 2207 1821 2263 satione
1851 2208 2128 2277 accidunt,

563 2312 660 2367 per
684 2312 822 2367 quas
851 2313 954 2351 nos
998 2297 1232 2352 invicem
1261 2298 1349 2352 hic
1381 2300 1790 2368 cognoscimus,
1825 2301 1880 2354 in
1936 2316 2128 2357 resur~

562 2389 807 2443 rectione
847 2396 1189 2443 mortuorum
1238 2403 1359 2442 cum
1420 2390 1634 2444 satione
1674 2398 1731 2445 et
1780 2392 2130 2461 corruptione

563 2478 942 2534 destruuntur.
1002 2478 1067 2531 Et
1122 2479 1580 2547 quemadmodum
1637 2478 1779 2534 Deus
1846 2480 1915 2534 ab
1973 2481 2130 2534 initio

564 2586 731 2625 unum
800 2569 928 2624 fecit
971 2569 1282 2634 hominem;
1336 2570 1418 2625 sic
1481 2578 1536 2624 et
1610 2569 1667 2623 in
1720 2572 2131 2642 regeneratione

564 2676 775 2724 omnes,
825 2661 971 2716 velut
1022 2676 1165 2716 unus
1218 2661 1401 2728 homo,
1456 2677 1803 2733 resurgemus
1848 2680 1861 2714 :
1918 2664 1973 2718 id
2024 2671 2127 2727 est,

563 2756 743 2810 omnis
770 2755 948 2824 imago
978 2754 1216 2809 hominis
1259 2755 1456 2810 similis
1490 2756 1594 2810 erit
1634 2756 1878 2826 imagini,
1918 2756 2125 2820 formze,

563 2846 959 2917 magnitudinis
1010 2855 1064 2901 et
1115 2845 1302 2917 ﬁgurae
1344 2847 1558 2901 Adami.
1585 2846 1740 2902 Unde
1776 2848 1832 2902 in
1883 2863 2129 2903 resurre-

562 2937 745 2992 ctione
778 2953 885 2990 non
916 2944 1000 2992 est
1028 2953 1228 3006 parvus
1265 2946 1358 2991 aut
1383 2952 1629 3009 magnus,
1663 2938 1817 3009 niger
1840 2939 1923 2994 vel
1950 2939 2127 3003 albus,

564 3027 737 3083 ﬂavus
768 3030 851 3083 vel
881 3028 1059 3094 rufus,
1081 3029 1255 3083 simus
1277 3038 1371 3083 aut
1399 3029 1613 3084 adunco
1643 3044 1799 3094 naso,
1833 3044 1936 3084 nec
1966 3032 2130 3084 varia:

564 3120 773 3189 ﬁgurae,
805 3117 995 3173 formae
1039 3129 1095 3174 et
1136 3120 1369 3176 colores.
1407 3119 1533 3176 Haec
1585 3122 1729 3176 enim
1785 3122 1967 3176 omnia
2010 3138 2130 3192 quae

565 3295 731 3350 simul
761 3312 885 3350 cum
916 3299 1286 3367 corruptione.
1329 3298 1617 3355 Enimvero
1647 3302 1919 3370 quomodo
1947 3309 2131 3372 posset

567 3401 867 3457 agnoscere
910 3398 1063 3458 pater
1112 3390 1392 3460 proprium
1421 3393 1611 3457 lilium,
1643 3394 1734 3463 qui
1768 3392 1945 3449 infans
1987 3408 2130 3447 mor-

566 3484 695 3531 tuus
736 3477 917 3542 fuerit,
961 3480 1183 3550 triginta
1229 3480 1343 3550 jam
1393 3497 1660 3537 annorum
1705 3485 1978 3538 hominem
2016 3500 2132 3557 per-

565 3570 767 3627 fectum
815 3579 1209 3642 resurgentem,
1261 3574 1720 3642 quemadmodum
1775 3584 1828 3631 et
1876 3576 2130 3634 Christus

563 3661 785 3731 triginta
840 3676 1013 3717 annos
1049 3671 1212 3719 natus
1254 3663 1561 3734 baptizatus
1593 3667 1716 3721 est?
1744 3665 2029 3733 Quomodo
2055 3669 2131 3723 di-

563 3753 751 3822 gnosci
783 3753 954 3822 possit
982 3751 1256 3825 Ethiops,
1282 3757 1376 3825 qui
1411 3756 1570 3812 albus
1599 3765 1847 3829 resurget
1881 3778 1894 3814 :
1927 3761 2011 3815 vel
2036 3760 2129 3830 qui

564 3843 787 3897 saucius
815 3844 1032 3912 obierit,
1064 3861 1231 3901 sanus
1252 3849 1584 3917 resurgens?
1618 3848 1770 3915 Quod
1796 3852 1842 3905 si
1890 3851 2007 3906 haec
2034 3852 2131 3906 tibi

562 3933 819 3988 videntur
839 3935 924 3988 vix
946 3936 1244 4001 credibilia,
1276 3937 1398 3991 audi
1419 3937 1702 3993 Dominum
1720 3939 1787 3994 ad
1805 3939 2131 3998 Sadducaaos

565 4023 799 4078 aientcm
824 4043 875 4079 τι
912 4024 970 4079 In
1002 4028 1406 4082 resurrectione
1440 4038 1784 4083 mortuorum
1814 4047 1990 4100 neque
2022 4048 2129 4086 nu-

566 4115 696 4169 bent
726 4131 903 4185 neque
952 4119 1229 4173 nubentur
1260 4135 1272 4168 :
1299 4121 1393 4174 sed
1440 4130 1601 4175 erunt
1636 4123 1777 4178 sicut
1807 4126 1981 4195 angeli
2003 4126 2071 4181 ’°.
2107 4145 2125 4178 ι

565 4208 738 4277 Igitur
788 4210 1245 4277 quemadmodum
1300 4227 1407 4265 una
1454 4220 1537 4268 est
1589 4216 1800 4284 species
1848 4225 1902 4269 et
1959 4216 2130 4287 ﬁgura

566 4299 929 4368 angelorum:
962 4302 1037 4354 ita
1096 4302 1236 4356 idem
1294 4312 1493 4359 nostra:
1537 4317 1744 4362 naturae
1770 4308 1824 4361 in
1884 4325 2133 4365 resurre-

566 4390 749 4442 ctione
777 4405 871 4458 per
911 4391 1374 4448 immortalitatem
1433 4395 1679 4453 futurum
1737 4398 2032 4455 credimus.
2066 4397 2131 4452 Et

1681 354 1737 408 S.
1784 353 2240 409 ATHANASIUS.
2275 383 2346 394 —
2383 353 2645 411 SPURIA.

3698 360 3804 418 612

2310 473 2501 527 Ἀπόκ.
2547 473 2606 525 ’0
2644 470 3046 544 ὲπιγνωρισμὸς
3084 473 3149 525 ὲκ
3189 472 3518 542 σωματικῶν
3558 472 3807 544 σημείων

2231 565 2472 633 γίνεσθαι
2496 563 2726 633 πέφυκε.
2748 565 2814 616 Αἱ
2844 563 2900 616 δὲ
2924 561 3207 634 ἀσώματοι
3258 562 3430 634 ψυχαὶ
3463 565 3648 636 ὅμοιαι
3703 564 3801 620 ἀλ-

2229 655 2422 727 λήλαις
2447 655 2589 709 κατά
2633 654 2809 709 πάντα
2850 655 3052 726 τρόπον
3090 654 3201 727 (24)
3235 655 3590 728 ὑπάρχουσιν,
3615 656 3806 732 ῶσπερ

2229 747 2322 800 ἐπὶ
2358 745 2592 817 πλήθους
2629 743 2789 799 τινῶν
2820 743 3062 798 ἀσπίλων
3097 743 3193 798 καὶ
3222 744 3425 815 ὁμοίων
3463 747 3804 819 περιστερῶν

2228 838 2261 910 ἢ
2293 837 2579 909 μελισσῶν,
2602 837 2664 889 οὐ
2705 836 3074 908 διαφερουσῶν
3109 837 3206 908 μία
3240 838 3339 909 τῆς
3375 838 3524 908 μιᾶς,
3550 836 3675 892 οὔτε
3716 856 3806 892 σε-

2231 932 2473 1004 μνὸτητι,
2503 928 2627 983 οὕτε
2654 928 3056 1001 μεγαλειότητι,
3078 928 3215 983 ἀλλά
3235 929 3377 983 κατά
3401 930 3578 985 πάντα
3608 932 3667 983 ὲν
3689 931 3803 984 ἰσόο

2227 1038 2349 1093 τητι
2382 1020 2639 1091 ἀλλήλαις
2667 1018 2873 1084 οὔσαις.
2902 1019 3070 1074 Τοῦτο
3096 1019 3154 1073 δὲ
3191 1019 3335 1089 λέγω
3364 1021 3457 1074 ἐπὶ
3484 1020 3591 1075 τῶν
3625 1023 3684 1076 ὲν
3723 1020 3805 1091 τῷ

2228 1112 2331 1187 ᾅδῃ
2375 1112 2875 1168 καταδικασθεισῶν
2927 1111 3114 1183 ψυχῶν
3160 1110 3269 1166 τῶν
3305 1112 3664 1183 ἁμαρτωλῶν,
3718 1114 3804 1168 ὅτι

2228 1204 2427 1269 ἑαυτάς
2465 1206 2565 1259 οὐκ
2611 1203 3050 1274 ἐπιγινώσκωσι.
3094 1204 3225 1267 Ταῖς
3274 1201 3384 1274 γὰρ
3424 1203 3532 1257 τῶν
3578 1204 3803 1259 δικαίων

2226 1294 2421 1366 ψυχαῖς
2449 1296 2542 1349 καὶ
2571 1293 2730 1348 τοῦτο
2753 1296 2781 1348 6
2805 1293 2938 1358 Θεὸς
2967 1292 3029 1347 τὸ
3053 1293 3274 1364 ἀγαθὸν,
3308 1294 3450 1364 λέγω
3476 1294 3541 1365 δὴ
3566 1296 3657 1349 τὸν
3688 1296 3804 1350 ὲπιο

2226 1387 2559 1458 γνωρισμὸν,
2584 1388 2917 1459 ἐδωρήσατο.

2311 1477 2501 1550 Ἐρὼτ.
2532 1485 2638 1546 κγ’.
2673 1476 2914 1532 Δεδόσθω
2942 1476 3119 1531 τοίνυν
3153 1477 3266 1548 (25)
3290 1475 3432 1531 κατὰ
3460 1477 3553 1531 τὸν
3586 1477 3678 1531 σὸν
3708 1476 3800 1532 λό-

2227 1585 2340 1637 γον,
2374 1571 2431 1622 αἱ
2463 1568 2632 1641 ψυχαὶ
2659 1568 2893 1641 ἀλλήλας
2935 1569 3036 1621 οὐκ
3072 1566 3491 1637 ὲπιγινώσκουσι
3523 1568 3643 1622 νῦν·
3680 1564 3803 1622 εἶτα

2228 1658 2338 1733 ἆρα
2368 1661 2492 1715 οὔτε
2526 1664 2583 1715 ὲν
2614 1664 2680 1733 τῇ
2710 1662 3003 1717 ἀναστάσει
3034 1658 3425 1729 ὲπιγνώσονται
3452 1659 3715 1732 ἀλλήλους
3747 1661 3801 1713 οἰ

2230 1752 2559 1824 ἁμαρτωλοὶ,
2588 1752 2732 1821 λέγω
2758 1753 2815 1806 δὲ
2840 1754 2889 1805 οἰ
2921 1753 2986 1806 ὲκ
3014 1752 3141 1824 μιᾶς
3179 1749 3362 1821 χώρας
3404 1751 3499 1803 καὶ
3524 1750 3672 1804 οίοιου
3704 1751 3804 1802 καὶ

2155 1826 2203 1887 Β
2230 1845 2418 1907 γένους
2452 1844 2787 1915 ὑπάρχοντες
2801 1860 2816 1909 ;

2312 1939 2499 1991 ’Δπὼα
2538 1937 2675 1990 Οὔτε
2715 1938 2770 1990 ὲν
2803 1939 2867 2007 τῇ
2893 1935 3205 1990 ἀναστάσει.

2312 2029 2503 2101 Ἐρώτ.
2538 2028 2637 2082 κδ’.
2668 2028 2824 2091 Τίνος
2855 2026 3044 2099 χάριν;

2311 2123 2500 2177 ’Δπόκ.
2540 2123 2770 2193 Ὅτιπερ
2794 2120 3010 2175 ἅπαντα
3041 2118 3108 2173 τά
3142 2121 3208 2173 ὲκ
3237 2117 3439 2190 φθορᾶς
3466 2134 3561 2171 και
3589 2133 3798 2188 σπορας

2230 2216 2608 2287 ὲπισυμόάντα
2646 2217 2759 2278 τοῖς
2812 2212 3100 2285 ἡμετέροις
3144 2211 3356 2282 σώμασι
3399 2211 3655 2281 σχήματα
3706 2208 3801 2262 καὶ

2232 2310 2452 2377 σημεῖα,
2484 2305 2577 2358 καὶ
2604 2303 2927 2374 παθήματα,
2953 2301 3018 2355 δι’
3051 2296 3124 2354 ὧν
3152 2299 3413 2370 ἀλλήλους
3444 2295 3801 2367 ἐπιγινώσκο-

2234 2416 2331 2471 μεν
2357 2398 2468 2468 (26)
2499 2392 2625 2462 ὧδε,
2686 2397 2742 2450 ὲν
2786 2397 2853 2466 τῇ
2892 2395 3181 2449 ἀναστάσει
3211 2392 3316 2445 τῶν
3349 2390 3557 2463 νεκρῶν
3599 2390 3699 2443 σὺν
3732 2393 3799 2462 τῇ

2233 2491 2409 2560 σπορᾷ
2437 2488 2530 2542 καὶ
2558 2488 2731 2558 φθορᾷ
2761 2485 3175 2558 καταργοῦνται.
3211 2484 3321 2538 Καὶ
3362 2482 3548 2555 ὥσπερ
3580 2484 3674 2537 ἀπ’
3698 2485 3798 2554 ἀρ-

2230 2583 2331 2650 χῆς
2357 2580 2385 2631 ὁ
2418 2578 2548 2641 Θεὸς
2573 2578 2667 2631 ἕνα
2699 2577 2978 2650 ἄνθρωπον
3013 2575 3285 2645 ἐποίησεν,
3319 2574 3462 2629 οὓτω
3523 2576 3619 2629 καὶ
3648 2577 3707 2629 ὲν
3732 2579 3801 2648 τῇ

2230 2669 2616 2740 παλιγγενεσία
2673 2668 2871 2733 πάντες
2915 2667 2992 2731 ὡς
3044 2662 3124 2731 εἷς
3174 2666 3457 2738 ἄνθρωπος
3507 2666 3804 2719 ἐπανιστά-

2232 2761 2399 2832 μεθαο
2429 2760 2670 2814 τουτέστι
2697 2762 2847 2813 πᾶσα
2872 2758 3156 2832 ἀνθρώπου
3186 2757 3347 2812 εἰκὼν
3378 2757 3540 2829 ὁμοία
3571 2756 3675 2828 τῆς
3707 2757 3801 2812 τοῦ

2242 2849 2411 2921 Ἀδὰμ
2441 2850 2647 2913 εἰκόνος
2671 2851 2765 2903 καὶ
2788 2850 3037 2913 πλάσεως
3055 2891 3070 2915 ,
3108 2851 3202 2903 καὶ
3248 2848 3508 2920 μεγέθους
3543 2848 3637 2901 καὶ
3666 2849 3799 2920 σχή-

2233 2957 2419 3010 ματος.
2448 2940 2537 2992 Διὸ
2561 2940 2660 2993 οὐκ
2686 2939 2829 2992 ἔστιν
2867 2940 2925 2993 ὲν
2952 2942 3018 3011 τῇ
3053 2940 3340 2993 ἀναστάσει
3374 2939 3537 3010 ἄρσεν
3562 2939 3656 2994 καὶ
3689 2940 3802 3011 (27)

2230 3031 2386 3102 θῆλυ,
2420 3032 2541 3085 οὐδὲ
2575 3032 2768 3103 μικρὸς
2804 3032 2899 3085 καὶ
2934 3032 3133 3102 μέγας,
3168 3030 3287 3084 οὐδὲ
3329 3031 3496 3102 μέλας
3558 3032 3654 3085 καὶ
3683 3030 3806 3085 λευ-

2413 3124 2493 3174 ὺδὲ
2522 3124 2779 3174 ἓανθότης
2804 3123 2898 3174 καὶ
2926 3124 3223 3174 tto/:66an.
3253 3122 3284 3174 ἦ
3320 3122 3546 3174 σιιιόττις
3587 3122 3621 3174 ἦ
3668 3140 3803 3174 γου-

564 3122 773 3189 ﬁgurae,
805 3122 995 3173 formae
1039 3129 1095 3174 et
1136 3122 1369 3176 colores.
1407 3122 1533 3176 Haec
1585 3122 1729 3176 enim
1785 3122 1967 3176 omnia
2010 3138 2129 3192 quae

564 3220 631 3260 ex
657 3208 870 3261 satione
899 3214 954 3261 et
987 3208 1338 3278 corruptione
1387 3210 1735 3279 proveniunt,
1773 3210 2129 3265 dcstruentur

2230 3125 2341 3188 κὸς.
2374 3124 2493 3178 οὐδὲ
2522 3124 2779 3194 ξανθότης
2804 3123 2898 3177 καὶ
2926 3124 3223 3196 πυρρότης,
3253 3122 3285 3192 ἢ
3320 3122 3546 3193 σιμότης
3587 3122 3621 3194 ἦ
3668 3140 3771 3195 γρυ

2231 3218 2420 3279 πότης,
2463 3216 2582 3269 οὐδὲ
2627 3216 2857 3279 διάφορα
2891 3217 3165 3279 σχήματα,
3211 3215 3305 3268 καὶ
3361 3214 3653 3279 πρόσωπα,
3707 3233 3771 3270 κα

2231 3218 2420 3286 πότης,
2463 3216 2582 3269 οὐδὲ
2627 3216 2857 3287 διάφορα
2891 3217 3165 3286 σχήματα,
3211 3215 3305 3268 καὶ
3361 3214 3653 3286 πρόσωπα,
3707 3216 3804 3270 καὶ

2229 3303 2513 3375 χρώματα,
2548 3305 2642 3357 καὶ
2691 3304 3020 3375 παθήματα,
3066 3304 3160 3357 καὶ
3212 3303 3562 3374 σκηνώματα.
3614 3306 3804 3362 Ταῦτα

2230 3396 2339 3467 γὰρ
2372 3396 2545 3448 πάντα
2579 3396 2684 3449 ἀπὸ
2720 3396 2925 3467 σπορᾶς
2960 3396 3051 3449 καὶ
3081 3394 3284 3467 φθορᾶς
3313 3396 3573 3466 γινόμενα
3608 3397 3707 3451 σὺν
3736 3402 3801 3468 τῇ
3873 3433 3887 3443 ο

2231 3486 2404 3557 φθορᾷ
2436 3485 2828 3557 καταργοῦνται
2866 3485 2999 3555 (28).
3036 3486 3145 3538 Καὶ
3190 3485 3304 3548 πῶς
3348 3486 3532 3540 λοιπὸν
3566 3487 3803 3556 ἐπιγνώ-

2232 3592 2402 3639 σεται,
2433 3576 2553 3629 εἰπέ
2580 3592 2690 3645 μοι,
2727 3575 2906 3646 πατὴρ
2930 3575 2990 3627 τὸ
3022 3576 3149 3628 ἴδιον
3178 3575 3364 3630 τέκνον
3396 3577 3586 3647 νήπιον
3618 3577 3806 3631 τελευ-

2230 3668 2421 3738 τῆσαν,
2461 3668 2556 3721 καὶ
2589 3669 2973 3739 τριακονταετῆ
3005 3668 3208 3722 τέλειον
3238 3668 3523 3740 ἄνθρωπον
3570 3670 3680 3741 (29)
3717 3672 3808 3723 ἀν-

2235 3759 2540 3828 ιστάμενον,
2570 3758 2750 3823 καθὼς
2793 3761 2887 3812 καὶ
2915 3762 2943 3814 6
2972 3760 3205 3832 Χριστὸς
3232 3762 3651 3834 τριακονταετὴς
3676 3764 3805 3818 ἐϐα-

2232 3850 2463 3920 πτίσθη;
2511 3853 2580 3903 ’ἹΙ
2618 3851 2732 3914 πῶς
2776 3853 3153 3924 γνωσθήσεται
3185 3856 3213 3906 6
3247 3853 3572 3924 τελευτήσας
3613 3856 3805 3926 Αἰθίοψ

2231 3941 2419 4005 λευκὸς
2469 3942 2855 4013 ἀνιστάμενος”
2894 3946 2926 4015 ἢ
2983 3947 3012 3997 6
3060 3944 3343 3998 ἀποθανὼν
3394 3946 3805 4017 λελωϐημένος,

2232 4030 2389 4102 ὑγιής
2425 4033 2809 4103 ἀνιστάμενοςς
2850 4035 2913 4088 Εἰ
2952 4035 3008 4088 δὲ
3040 4036 3303 4090 δύσπιστά
3346 4053 3424 4090 σοι
3453 4036 3627 4091 ταῦτα
3680 4040 3806 4109 φαί-

2231 4139 2439 4188 νονται,
2476 4124 2701 4178 ἄκουσον
2734 4124 2827 4178 τοῦ
2859 4127 3062 4198 Κυρίου
3098 4128 3232 4199 πρὸς
3262 4129 3389 4190 τοὺς
3417 4127 3808 4193 Σαδδουκαίους

2231 4212 2496 4281 λέγοντος,
2542 4215 2623 4267 ὅτι
2671 4236 2689 4267 ι
2753 4217 2840 4269 Ἐν
2872 4221 2939 4288 τῇ
2976 4219 3267 4271 ἀναστάσει
3300 4218 3408 4270 τῶν
3440 4219 3653 4289 νεκρῶν
3682 4219 3807 4273 οὔτε

2231 4305 2517 4375 γαμοῦσιν,
2536 4304 2659 4358 οὔτε
2686 4309 3010 4378 γαμίζονται
3042 4309 3184 4380 (50)’
3219 4309 3330 4362 ἀλλ’
3363 4309 3677 4378 ἔσονταιοὼς
3708 4312 3789 4382 ἄγ-

2231 4396 2397 4467 γελοι.
2420 4417 2438 4450 ι
2460 4398 2667 4452 Οὐκοῦν
2695 4400 2882 4472 ὥσπερ
2898 4403 2947 4453 οἱ
2968 4401 3187 4471 ἄγγελοι
3225 4404 3354 4471 μιᾶς
3384 4402 3527 4465 ἰδέας
3554 4404 3648 4457 καὶ
3677 4406 3812 4476 σχή-

564 4482 1022 4548 quemadmodum
1078 4485 1133 4539 in
1179 4484 1452 4542 frumento
1483 4490 1691 4559 spicam
1724 4490 1851 4546 fecit
1884 4490 2027 4545 Deus
2062 4491 2129 4544 ab

2236 4506 2403 4559 ματος
2451 4489 2816 4561 ὑπάρχουσιν·
2863 4491 3004 4544 οὕτω
3056 4492 3380 4562 πιστεύομεν
3441 4495 3535 4547 καὶ
3581 4495 3677 4549 ἐπὶ
3710 4496 3809 4567 τῆς

564 4570 743 4640 initio,
778 4583 831 4629 et
870 4590 937 4630 ex
991 4577 1141 4647 spica
1182 4594 1410 4648 granum
1449 4582 1691 4650 prodiit,
1742 4582 1888 4651 quod
1932 4582 2126 4637 deinde

2232 4579 2505 4650 ἡμετέρας
2534 4580 2747 4649 φύσεως
2772 4582 2829 4635 ὲν
2855 4585 2920 4652 τῇ
2951 4583 3243 4637 ἀναστάσει
3266 4583 3355 4638 διά
3382 4584 3479 4655 τῆς
3501 4585 3807 4658 ἀφθαρσίας

564 4671 743 4718 satum
787 4682 982 4723 rursus
1009 4669 1277 4739 germinat
1319 4671 1467 4740 spica
1499 4688 1513 4725 :
1551 4672 1630 4727 sic
1659 4680 1714 4727 et
1758 4674 1921 4727 homo
1950 4673 2127 4729 {actus

561 4764 649 4811 est
681 4771 712 4810 a
744 4755 853 4813 Deo
886 4759 1234 4830 incorruptus
1272 4770 1489 4832 propter
1519 4773 1847 4834 praeceptum
1884 4781 1896 4816 :
1932 4766 2128 4822 deinde

446 4894 449 4897 γ
561 4850 997 4919 transgressione
1022 4852 1290 4905 contritus
1320 4862 1402 4907 est
1433 4867 1496 4907 ac
1527 4861 1823 4924 corruptus
1850 4853 2123 4909 redditus:

632 5004 680 5035 ⁸ο
720 5001 907 5058 Matth.
944 5018 1093 5067 xm,
1122 5003 1214 5059 50.

564 5225 578 5238 .
634 5155 996 5238 (SQJTpdnog
1019 5160 1174 5238 deest
1203 5160 1260 5238 in
1289 5159 1420 5229 Reg.
1464 5160 1516 5238 i_,
1548 5158 1617 5238 2._
1643 5156 1786 5214 Infra
1827 5161 1924 5232 μία
1967 5161 2120 5216 deest

565 5228 621 5280 in
649 5228 839 5300 editis,
860 5229 955 5300 sed
984 5229 1217 5284 habetur
1246 5230 1299 5283 in
1331 5228 1705 5300 compluribus
1732 5228 1867 5286 mss.

632 5295 742 5368 (25)
780 5296 857 5352 Ita
892 5297 1004 5368 Reg
1059 5300 1113 5357 5,
1159 5310 1319 5353 recte.
1358 5295 1496 5353 Εόὶἰὶ
1526 5315 1656 5354 vcro
1687 5302 1861 5360 male.
1891 5303 1973 5355 ὅτι
2001 5301 2113 5357 νῦν.

562 5362 1112 5438 Ιῐιίιξοίόίάμαριέωλοί
1139 5369 1300 5438 deest
1322 5369 1373 5421 in
1399 5370 1720 5437 quihusdam
1748 5387 1882 5426 mss.

633 5435 744 5507 (26)
785 5435 1083 5507 Trcs'mss.
1117 5435 1469 5507 γνωρίζομεν.

632 5505 745 5575 (27)
787 5506 1015 5579 ΙμιιιΑιτθεί
1039 5522 1173 5560 mss.
1193 5505 1248 5579 In
1276 5505 1437 5579 editis
1468 5523 1616 5571 vero,
1637 5508 1802 5579 ἄρσεν
1836 5509 1928 5561 καὶ
1958 5509 2115 5577 θῆλυ,

561 5569 961 5648 desuntlnfra,
991 5578 1024 5647 ἦ
1054 5577 1533 5648 γρυπότηςᾲᾱρεει,
1556 5569 1610 5631 in
1636 5569 1961 5632 quibusdam
1984 5569 2118 5632 mss.

637 5644 748 5705 (28)
788 5645 922 5701 Tres
962 5644 1117 5704 mss.)
1148 5644 1519 5699 καταλύονται.

662 5680 726 5697 ..υ
799 5680 849 5698 ..
962 5680 1092 5700 mss.
1150 5680 1519 5699 “unouno...

789 5680 1317 5788 Βυῗηίεξηπέλειον
1351 5715 1651 5788 ἀνθρωπον.
1675 5716 1873 5788 ᾼΛιίιιε,
1916 5716 2119 5788 τέλειον

558 5783 621 5837 τὸ
654 5783 865 5855 βρέφος.
908 5784 1073 5836 Paulo
1116 5794 1236 5852 post
1274 5786 1423 5836 multi
1457 5783 1688 5848 inss.,"H
1726 5786 1837 5847 πῶς
1870 5786 2116 5857 γνωσθήσ-

2230 4671 2414 4724 λοιπὸν
2458 4672 2720 4741 γίνεσθαι.
2764 4675 2873 4726 Καὶ
2917 4674 3105 4747 ὥσπερ
3151 4676 3242 4728 ἐπὶ
3283 4675 3376 4729 τοῦ
3413 4676 3561 4730 σίτου
3603 4679 3807 4749 στάχυν

2231 4762 2483 4833 ἐποίησεν
2515 4766 2544 4817 6
2589 4764 2718 4828 Θεὸς
2750 4766 2843 4818 ἀπ’
2878 4768 3075 4839 ἀρχῆς,
3111 4768 3205 4821 καὶ
3238 4771 3303 4823 ὲκ
3328 4769 3421 4823 τοῦ
3457 4769 3688 4841 στάχυος
3719 4773 3810 4840 γέ-

2231 4872 2387 4924 γονεν
2415 4857 2444 4908 6
2468 4856 2685 4922 κόκκος,
2721 4859 2815 4911 καὶ
2842 4857 3002 4913 πάλιν
3028 4860 3383 4931 σπειρόμενος
3413 4861 3807 4916 ἀναϐλαστάνει

2227 5177 2430 5236 σεταιε,
2458 5159 2620 5225 Editi,
2665 5160 2698 5231 ἢ
2751 5161 3303 5234 ὲπιγνωρισθήσεται.
3348 5163 3504 5220 Unus
3534 5164 3735 5230 codex,
3766 5165 3795 5236 ἦ

2224 5232 2618 5302 ννωσθήσεται.

2321 5300 2645 5371 50)‘Basil.,
2678 5300 3086 5372 ὲκγαμίζονται.
3144 5301 3225 5355 Ad
3280 5303 3580 5372 marginem
3638 5304 3792 5372 hujus

2225 5371 2428 5425 codicis
2469 5378 2690 5425 notatur
2720 5371 2851 5426 ibid.
2880 5371 3114 5441 Σχόλιον.
3138 5372 3249 5441 Τῆς
3269 5373 3391 5425 τότε
3409 5371 3686 5437 ἀπαθείας
3711 5371 3795 5429 καὶ

2224 5441 2509 5513 ἁγιότητος
2556 5441 2783 5513 λέγειό
2831 5439 3094 5513 Χριστὸς,Δ
3125 5439 3215 5513 ὅτι
3251 5443 3310 5513 οὐ
3351 5442 3644 5513 γαμοῦσιν,
3679 5444 3797 5498 οὔτε

2226 5510 2627 5581 εγγαμίζονται.
2664 5512 2797 5581 υὺχί
2834 5510 2915 5563 ὅτι
2938 5510 3008 5581 δὲ
3034 5510 3143 5581 Δοὐκ
3174 5510 3503 5575 ἀνίστανται,
3545 5512 3671 5566 οὔτε
3713 5516 3804 5569 ἇν-

2224 5579 2517 5654 δρεςουτε
2548 5579 2815 5654 γυνκῖκεής.
2850 5580 2959 5654 {Cat
2984 5579 3091 5649 γὰρ
3192 5584 3263 5654 τῇ
3294 5582 3590 5635 ἀναστάσει
3621 5584 3671 5635 οἰ
3705 5585 3802 5654 μὲν

2225 5648 2413 5719 ἄνδρες
2434 5650 2668 5719 ἀναστήσ
2705 5648 3131 5719 νται-ἀνδρες,⁷αἰ
3160 5650 3214 5704 δὲ
3238 5648 3497 5719 ’γυναῖκες
3520 5648 3800 5719 γυναῖκες,

2225 5717 2298 5781 ὡς
2320 5718 2685 5799 ή-ἀγίαιθεοςό
2727 5737 2800 5781 ος.
2830 5717 3033 5773 Horum
3057 5734 3183 5788 pars
3208 5717 3486 5777 intextum
3514 5717 3687 5777 relata
3718 5731 3800 5778 est

2228 5803 2257 5841 a
2294 5796 2458 5842 veteri
2502 5796 2697 5852 inlcrp-
2714 5800 2816 5844 κιο.
