3920 6504
2246 178 2283 185 “
3397 170 3421 211 9

129 417 244 472 613
1104 421 1562 489 QUESTIONES
1601 424 1689 476 an

1841 425 2078 481 I‘IOCHU
2090 426 2136 480 Μ
2179 426 2432 482 DUCEM.
3294 429 3352 483 61
3366 429 3397 481 4

129 531 347 602 στάχυς
367 551 383 563 ο
412 534 562 588 οὕτω
586 536 681 590 καὶ
710 539 739 590 ό
768 535 1055 607 ἄνθρωπος
1088 538 1309 606 γέγονεν
1337 540 1445 592 ὑπὸ
1471 540 1567 593 τοῦ
1597 541 1720 594 Θεοῐ

1841 551 1988 598 satus
2020 560 2146 598 vero
2172 561 2266 614 per
2285 553 2514 600 mortem
2546 554 2598 600 et
2620 554 2764 600 terra
2797 548 3050 615 obrutus,
3090 531 3284 603 iterum
3315 548 3400 602 in-

131 625 431 692 φνλάττων
461 626 563 698 τὴν
596 626 815 699 ἐντολὴν
848 628 1154 699 ἄφθαρτος
1186 624 1305 683 εἶτα
1339 630 1430 684 διὰ
1460 631 1558 701 τῆς
1591 648 1720 703 παρ-

1843 645 2136 705 corruptus
2162 636 2471 705 repullulat,
2501 637 2679 706 qualis
2710 638 2779 692 ab
2806 638 2961 694 initio
2988 650 3125 693 erat.

133 722 309 793 ακοῆς
353 722 671 794 συνετρίϐη,
714 724 810 777 καὶ
856 724 1044 793 γέγονε
1092 724 1327 796 φθαρτός,
1360 743 1376 758 ο
1439 728 1791 799 σπειρόμενος
1824 730 1881 783 δὲ
1923 731 2011 785 διὰ
2047 730 2139 785 τοῦ
2174 730 2401 785 θανάτου
2435 734 2528 786 καὶ
2561 734 2898 804 χωννύμενος
2940 735 2997 785 ὲν
3033 737 3099 806 τῇ
3137 737 3230 805 γῇ,
3265 736 3398 788 ἀνα-

135 816 438 870 ϐλαστάνει
463 817 655 890 ὥσπερ
684 814 753 890 ἦν
785 818 879 873 ἀπ’
908 820 1082 890 ἀρχῆς
1114 819 1407 891 ἄφθαρτος.

216 910 423 982 Ἕρὼτ.
466 918 565 968 κε’.
595 907 742 984 Ἀρα
780 913 1203 968 ὲπισκέπτονται
1243 914 1334 970 τὸν
1366 916 1479 988 βίον
1510 920 1567 972 αἱ
1601 935 1735 991 προ-

135 1001 409 1057 λαϐοῦσαι
455 1004 569 1076 (51)
602 1004 711 1059 τῶν
752 1004 1053 1077 ἀνθρώπων
1078 1006 1268 1077 ψυχαὶ,
1298 1007 1331 1079 ἢ
1358 1007 1456 1075 οὓς

223 1092 424 1147 Ἀπόκ.
476 1094 758 1166 Οὐδαμῶς.
821 1095 1084 1149 Ἄκουσον
1141 1097 1253 1168 γὰρ
1305 1098 1399 1153 τοῦ
1452 1101 1732 1172 προφήτου

142 1182 310 1237 Δαδὶδ
360 1201 434 1238 πε
441 1184 497 1254 pl.
543 1182 651 1238 τῶν
686 1184 1062 1241 τελευτώντων
1107 1187 1407 1260 ἀνθρώπων
1445 1190 1694 1259 λέγοντος
1713 1209 1728 1229 ν

149 1294 169 1327 ι
206 1275 561 1347 Ἄνθρωπος,
613 1277 747 1330 ὡσεὶ
794 1277 984 1349 χόρτος
1031 1279 1087 1331 αἱ
1136 1279 1340 1352 ἡμέραι
1377 1280 1562 1347 αὑτοῦ,
1598 1282 1731 1337 ὡσεὶ

142 1366 309 1431 ἄνθος
367 1368 469 1421 τοῦ
528 1367 699 1439 ἀγροῦ
759 1368 932 1434 οὕτως
978 1370 1279 1443 ἑξανθήσει.
1340 1374 1460 1428 Ὅτι
1513 1375 1730 1447 πνεῦμα

142 1459 362 1530 διῆλθεν
394 1461 457 1511 ἐν
489 1459 659 1531 αὐτῷ,
690 1462 783 1514 καὶ
813 1463 911 1533 οὐχ
940 1462 1191 1535 ὑπάρξει,
1227 1463 1322 1518 καὶ
1358 1467 1457 1518 οὐκ
1494 1466 1729 1535 ἐπιγνώ-

146 1567 300 1604 σεται
333 1550 419 1604 ἔτι
444 1551 538 1605 τὸν
564 1551 727 1605 τόπον
754 1553 937 1609 αὑτοῦ.
973 1574 992 1607 ι
1022 1555 1156 1627 Περὶ
1183 1555 1241 1609 δὲ
1265 1555 1374 1609 τῶν
1402 1555 1589 1628 ψυχῶν
1620 1557 1728 1612 τῶν

146 1644 316 1711 ἁγίων
355 1644 423 1696 οὐ
456 1643 564 1715 χρὴ
591 1643 950 1714 ἁμφιϐάλλειν
980 1645 1114 1717 (52).

222 1735 427 1806 Ἐρώτ.
449 1743 563 1801 κζ’.
593 1738 704 1790 Καὶ
729 1739 777 1790 εί
804 1736 977 1791 ταῦτα
999 1738 1159 1804 οὕτω,
1191 1738 1308 1803 πῶς
1354 1740 1725 1809 ἐπιφαίνονται

146 1828 193 1879 οἱ
227 1828 376 1895 ἅγιοι
409 1827 672 1890 πολλάκις
710 1830 767 1881 ὲν
796 1833 908 1892 τοῖς
948 1829 1156 1884 ἑαυτῶν
1180 1834 1327 1896 ναοῖς
1364 1834 1458 1886 καὶ
1497 1837 1724 1906 σωροῖς;
1761 1855 1803 1915 Β

224 1918 423 1971 Ἀπόκ.
458 1919 616 1972 Ξένον
645 1920 737 1972 καὶ
780 1920 1079 1991 παράδοξον
1113 1921 1174 1974 τὸ
1219 1923 1551 1996 ἐπερώτημα
1571 1965 1586 1990 ,
1634 1926 1730 1980 καὶ

152 2011 481 2080 πιστοτάτης
518 2010 696 2081 ψυχῆς
727 2011 977 2081 δεόμενον
1003 2013 1082 2073 είς
1110 2012 1435 2085 ἁπόκρισινε
1465 2015 1655 2085 Ὅμως
1681 2017 1730 2069 εἰ

149 2104 361 2172 χωρεῖς,
393 2101 627 2155 ἄκουσον
656 2101 731 2173 μὴ
762 2102 1006 2168 ὀκλάζων
1036 2103 1113 2175 τῷ
1143 2104 1406 2176 λογισμῷ.
1438 2107 1505 2159 Al
1534 2107 1593 2161 ὲν
1616 2109 1730 2171 τοῖς

149 2195 286 2255 ναοῖς
329 2193 433 2244 καὶ
478 2195 674 2262 σωροῖς
715 2192 824 2246 τῶν
863 2194 1031 2262 ἁγίων
1065 2195 1345 2266 γινόμεναι
1388 2197 1729 2261 ὲπισκιάσεις

151 2284 237 2336 καὶ
263 2284 533 2337 ὁπτασίαι
574 2286 634 2337 οὐ
667 2284 755 2338 διὰ
782 2286 891 2339 τῶν
920 2285 1105 2356 ψυχῶν
1132 2286 1241 2339 τῶν
1271 2286 1437 2355 ἁγίων
1465 2278 1725 2355 γίνονται,

152 2374 275 2427 ἀλλὰ
320 2374 439 2444 (55)
484 2375 552 2428 δι’
592 2375 842 2444 ἀγγέλων
885 2376 1056 2445 ἁγίων
1102 2376 1726 2449 μετασχηματιζομένων

151 2467 223 2528 είς
259 2466 321 2518 τὸ
362 2461 509 2529 εἶδος
549 2466 657 2519 τῶν
698 2467 891 2536 ἁγίων.
938 2467 1061 2531 Πῶς
1108 2467 1235 2539 γὰρ,
1287 2468 1406 2521 εἰπέ
1459 2486 1571 2540 μοι,
1630 2470 1726 2541 μία

146 2552 273 2609 οὖσα
306 2556 460 2628 ψυχὴ
489 2557 584 2610 τοῦ
615 2559 894 2631 μακαρίου
932 2560 1142 2632 Πέτρου
1177 2560 1208 2629 ἢ
1259 2561 1471 2614 Παύλου
1505 2562 1725 2617 δύναται

147 2649 255 2699 κατ’
285 2648 461 2719 αὐτὴν
486 2647 584 2719 τὴν
611 2650 786 2720 ῥοπὴν
811 2650 871 2703 ὲν
894 2652 958 2721 τῇ
990 2651 1177 2722 μνήμῃ
1210 2650 1370 2703 αὐτοῦ
1398 2653 1723 2724 ἐπιφανῆναι

147 2738 199 2788 ὲν
227 2736 424 2807 χιλίοις
455 2741 604 2802 ναοῖς
638 2737 825 2803 αὐτοῦ,
850 2742 908 2792 ὲν
939 2740 1043 2811 ὅλῳ
1071 2740 1148 2811 τῷ
1180 2741 1402 2813 κόσμῳ;
1436 2743 1592 2796 τοῦτο
1616 2742 1724 2813 γὰρ

144 2827 262 2881 οὔτε
300 2829 533 2897 ἄγγελος
567 2824 649 2892 εἷς
689 2829 913 2884 δύναται
954 2830 1177 2903 ποιῆσαί
1216 2849 1365 2886 ποτε.
1402 2833 1577 2887 Μόνου
1615 2833 1723 2905 γάρ

142 2919 232 2973 τοῦ
257 2920 398 2975 Θεοῦ
426 2922 575 2974 ἐστιν
610 2923 669 2974 ἐν
700 2922 820 2975 δυσὶ
861 2923 1045 2987 τόποις
1076 2924 1170 2977 καὶ
1197 2926 1254 2976 ὲν
1286 2924 1391 2995 ὅλῳ
1422 2924 1500 2996 τῷ
1530 2925 1721 2997 κόσμῳ

143 3011 199 3064 ὲν
230 3011 369 3082 αὐτῇ
406 3015 476 3083 τῇ
530 3015 672 3083 ῥοπῇ
720 3013 1087 3085 εὑρίσκεσθαι.
1136 3015 1288 3067 Ἐπεὶ
1331 3016 1423 3069 καὶ
1452 3017 1613 3070 αὑταὶ
1662 3018 1720 3070 αἱ

143 3103 324 3172 νοεραὶ
349 3102 614 3173 δυνάμεις
644 3103 1110 3174 ἁπολιμπάνονται
1142 3104 1254 3174 (54)
1287 3105 1502 3169 πάντως
1530 3107 1629 3177 τῆς
1663 3111 1721 3162 ὲν

1905 912 2128 980 ngsr.
2166 911 2333 968 XXV.
2382 911 2521 967 Num
2578 912 2858 967 hominum
2906 913 3122 980 animae,
3153 916 3245 985 qui
3273 926 3400 973 ante

1835 1019 1936 1060 nos
1968 1004 2263 1069 decedunt,
2290 1004 2460 1058 vitam
2490 1002 2689 1057 iterum
2723 1002 2986 1067 invisunt,
3027 1005 3243 1059 necne?

1906 1093 2063 1148 Res».
2098 1093 2471 1164 Nequaquam.
2502 1092 2645 1146 Audi
2672 1092 2816 1147 enim
2861 1094 3177 1164 prophetam
3235 1094 3398 1151 Davi-

1832 1185 1955 1241 dem
1987 1187 2053 1241 de
2084 1186 2398 1241 hominibus
2432 1184 2796 1241 morientibus
2842 1185 3117 1241 aientem:
3148 1204 3169 1237 ι
3200 1184 3396 1254 Homo,

1835 1278 1979 1333 sicut
2021 1275 2206 1333 fenum
2235 1278 2353 1333 dies
2383 1277 2526 1348 ejus,
2564 1284 2822 1346 tanquam
2854 1275 2956 1333 ﬁos
2986 1277 3101 1348 agri
3147 1278 3230 1334 sic
3249 1277 3399 1333 eﬁlo-

1834 1371 1994 1425 rebit.
2018 1369 2289 1436 Quoniam
2315 1368 2543 1440 spiritus
2578 1366 2932 1440 pertransivit
2965 1367 3022 1422 in
3056 1368 3171 1434 illo,
3204 1376 3258 1424 et
3286 1384 3400 1424 non

1834 1461 2084 1525 exsistet,
2110 1468 2166 1516 et
2192 1475 2302 1515 non
2325 1466 2618 1531 cognoscet
2648 1459 2881 1529 amplius
2903 1458 3080 1514 locum
3114 1461 3396 1515 suum“.r

1835 1554 1910 1607 De
1938 1552 2224 1608 animabus
2269 1560 2447 1607 autem
2481 1551 2756 1622 justorum
2801 1550 2941 1606 nihil
2983 1558 3068 1606 est
3117 1551 3397 1622 ambigen-

1833 1646 1983 1700 dum.

1902 1734 2120 1801 Quasr.
2161 1733 2350 1791 XXVI.
2385 1732 2443 1788 Si
2500 1733 2616 1789 haec
2665 1733 2740 1787 ita
2768 1748 2828 1789 se
2869 1732 3092 1798 habent,
3125 1732 3403 1803 quomodo

1833 1844 1978 1898 saépe
2011 1828 2187 1883 sancti
2212 1832 2332 1883 suis
2358 1827 2413 1881 in
2439 1826 2656 1897 templis
2679 1834 2733 1882 et
2764 1826 2992 1881 tumulis
3023 1824 3327 1896 apparent?

1904 1917 2065 1972 ltesr.
2101 1916 2404 1986 Singularis
2426 1923 2479 1970 et
2518 1915 2793 1985 paradoxa
2822 1931 2954 1971 sane
2986 1916 3236 1986 quaestio,
3267 1913 3400 1968 ﬁde-

1829 2011 2149 2079 lissimaque
2181 2008 2433 2078 indigens
2476 2008 2658 2062 anima
2692 2006 2761 2061 ad
2790 2005 3256 2076 respondendum.
3292 2003 3401 2059 Ta-

1828 2118 1951 2159 men
1985 2102 2032 2157 si
2068 2102 2242 2172 capis,
2271 2102 2400 2156 audi
2469 2116 2571 2155 nec
2624 2101 2838 2155 ratione
2883 2100 3127 2154 vacilles.
3177 2098 3311 2165 Quae
3338 2100 3393 2153 in

1828 2194 2046 2264 templis
2075 2201 2131 2249 et
2176 2194 2407 2249 tumulis
2470 2200 2791 2248 sanctorum
2845 2191 3289 2246 adumbrationes
3340 2198 3399 2244 et

1825 2286 2068 2342 visiones
2094 2285 2251 2350 ﬁunt,
2283 2301 2394 2340 non
2443 2300 2543 2355 per
2589 2286 2802 2340 animas
2863 2290 3181 2339 sanctorum
3235 2282 3391 2347 ﬁunt,

1826 2377 1920 2433 sed
1951 2394 2048 2448 per
2080 2379 2304 2448 angelos
2323 2378 2416 2448 qui
2457 2376 2688 2431 formam
2720 2383 3038 2431 sanctorum
3080 2382 3398 2431 assumunt.

1825 2467 2107 2535 Quomodo
2149 2469 2318 2531 enim,
2360 2467 2448 2522 dic
2497 2467 2655 2531 mihi,
2697 2468 2841 2522 beati
2890 2465 3038 2521 Petri
3092 2466 3176 2520 vel
3239 2464 3392 2519 Pauli

1824 2561 2003 2615 anima
2036 2574 2145 2614 una
2176 2561 2348 2631 possit
2375 2560 2563 2615 eodem
2597 2566 2872 2613 momento
2899 2561 2952 2612 in
2984 2558 3246 2613 memoria
3280 2559 3399 2615 sive

1824 2658 2178 2706 monumento
2210 2652 2332 2721 ejus
2389 2665 2653 2721 apparere
2714 2651 2770 2705 in
2822 2650 2972 2706 mille
3002 2650 3123 2721 ejus
3176 2651 3394 2721 templis

1822 2756 1920 2811 per
1947 2748 2122 2795 totum
2148 2740 2379 2796 orbem?
2407 2740 2461 2795 id
2491 2742 2636 2796 enim
2667 2756 2769 2797 nec
2790 2756 2935 2795 unus
2968 2740 3195 2811 angelus
3227 2747 3395 2810 queat

1824 2850 2063 2906 unquam
2097 2844 2379 2908 praestare.
2416 2835 2597 2892 Solius
2627 2836 2895 2907 siquidem
2927 2835 3021 2892 Dei
3050 2844 3139 2891 est
3176 2836 3394 2892 duobus

1822 2926 1875 2980 in
1904 2926 2041 2981 locis
2070 2934 2125 2980 et
2146 2934 2259 2980 toto
2283 2926 2338 2979 in
2362 2924 2568 2979 mundo
2588 2924 2777 2980 eodem
2806 2932 3084 2980 momento
3116 2925 3386 2995 reperiri:

1823 3014 2265 3085 quandoquidem
2316 3023 2370 3070 et
2422 3016 2553 3085 ipsa:
2582 3013 2949 3084 intelligentes
2984 3015 3212 3071 virtutes
3257 3016 3391 3069 deﬁc

1822 3106 1974 3159 ciunt
2008 3105 2233 3159 omnino
2281 3118 2310 3158 a
2363 3104 2652 3175 doxologia
2686 3120 2808 3175 quae
2842 3104 2897 3158 in
2952 3105 3109 3159 cmlis
3138 3112 3244 3171 est,
3265 3120 3390 3159 cum

142 3194 388 3264 οὐρανοῖς
419 3193 750 3263 δοξολογίας,
785 3196 947 3266 ἡνίκα
983 3196 1028 3250 δ’
1062 3195 1130 3249 ἂν
1177 3195 1614 3251 ἀποστέλλωνται
1640 3202 1719 3264 εἰς

1842 3212 1875 3251 n
1907 3198 2272 3253 ministerium
2306 3198 2359 3252 in
2395 3205 2596 3252 terram
2627 3197 2943 3251 mittuntur.

139 3283 413 3339 διακονίαν
444 3286 541 3338 ἐπὶ
570 3286 669 3356 τῆς
701 3286 827 3356 γῆς.

220 3372 414 3443 Ἐρώτ.
456 3375 559 3438 κζ’.
589 3374 653 3426 Τί
696 3374 938 3446 διαφέρει
972 3376 1005 3447 ἡ
1042 3376 1196 3429 οὐσία
1228 3377 1322 3432 τοῦ
1354 3380 1587 3448 ἀγγέλου
1619 3381 1719 3451 τῆς

52 3472 67 3488 ⁹
142 3463 327 3528 οὐσίας
359 3465 460 3534 τῆς
484 3466 663 3535 ψυχῆς
692 3464 787 3518 τοῦ
815 3465 1101 3537 ἀνθρώπου
1126 3485 1139 3534 ;

218 3554 410 3609 Ἀπύκ.
444 3555 608 3627 Τρεῖς
649 3556 838 3617 οὐσίας
873 3557 1290 3628 ἁκαταλήπτους
1321 3559 1470 3632 παρὰ
1510 3560 1720 3632 ἀνθρὼ-

141 3665 260 3712 ποις
285 3648 639 3719 εὑρίσκομεν,
679 3647 743 3711 ἃς
769 3648 942 3712 οὐδεὶς
970 3649 1217 3719 οὐδαμῶς
1248 3648 1369 3703 οὔτε
1402 3647 1560 3717 εἶδεν,
1596 3651 1718 3707 οὔτε

144 3741 347 3795 ἰδέσθαι
380 3742 475 3794 ἐπὶ
508 3741 611 3811 γῆς
641 3740 894 3805 δύναται,
931 3741 1008 3805 ὡς
1037 3743 1164 3805 εἰσὶ,
1197 3741 1339 3811 λέγω
1367 3742 1430 3814 δὴ
1461 3743 1594 3797 Θεοῦ
1627 3747 1719 3799 καὶ

141 3832 387 3900 ἀγγέλων
410 3830 507 3883 καὶ
535 3830 752 3901 ψυχῶν·
782 3832 929 3902 ὅμως
954 3831 1343 3902 στοχαζόμεθα,
1373 3833 1563 3905 ὅτιπερ
1595 3835 1717 3888 ὅσον

141 3922 385 3993 διαφέρει
438 3922 534 3992 τῆς
594 3921 821 3993 σελήνης
865 3925 894 3976 ὁ
938 3924 1117 3994 ἥλιος,
1160 3923 1410 3977 τοσοῦτον
1463 3926 1717 3997 ὑπερέχει

141 4013 235 4065 καὶ
270 4013 656 4084 λαμπροφορεϊ
684 4015 796 4084 (55)
836 4016 869 4086 ἡ
905 4014 1013 4067 τῶν
1041 4014 1283 4083 ἀγγέλων
1320 4015 1475 4070 οὐσία
1507 4017 1604 4088 τῆς
1632 4017 1716 4070 οὐ·

141 4102 260 4166 σίας
292 4102 406 4155 τῶν
431 4103 620 4173 ψυχῶν
648 4103 969 4176 ἀνθρώπων.

446 4203 552 4267 κη’.
587 4196 699 4248 Καὶ
736 4195 853 4259 πῶς
897 4198 946 4249 οἱ
980 4196 1250 4268 προφῆται
1283 4197 1559 4266 φαίνονται
1591 4200 1719 4253 πολ-

141 4287 296 4352 λάκις
330 4288 532 4350 ἰδόντες
560 4288 648 4341 τὸν
685 4289 889 4360 Κύριον
914 4288 1063 4361 (56);
1205 4293 1211 4300 ’

222 4379 415 4433 Ἀπόκ.
455 4378 611 4431 Μετὰ
642 4378 848 4441 πάντας
874 4380 999 4443 τοὺς
1031 4380 1313 4449 προφήτας
1345 4380 1440 4433 καὶ
1476 4380 1593 4451 μετ’
1621 4381 1718 4434 αὐ-

141 4471 236 4542 τὴν
262 4470 366 4540 τὴν
399 4469 719 4537 ἐπιφάνειαν
751 4468 843 4521 τοῦ
877 4469 1111 4540 Χριστοῦ
1146 4466 1297 4522 εἶπεν
1321 4470 1350 4522 ό
1384 4468 1536 4537 ἅγιος
1590 4469 1717 4522 ἁπό-

1887 3374 2046 3444 223
2085 3373 2306 3440 Ουιεετ.
2338 3372 2548 3430 XXVII.
2569 3374 2711 3441 Quid
2740 3374 2921 3431 diﬁ'ert
2961 3374 3267 3430 substantia
3298 3390 3390 3431 an-

1817 3466 1920 3535 geli
1950 3466 2018 3520 ab
2043 3466 2279 3521 hominis
2310 3467 2651 3522 substantia?

1889 3555 2051 3611 Resr.
2078 3556 2212 3613 Tres
2237 3559 2544 3614 invenimus
2577 3558 2912 3614 substantias
2941 3574 3077 3629 quas
3107 3557 3270 3612 homo
3301 3573 3390 3613 ne-

1818 3648 1936 3719 quit
1962 3649 2448 3717 comprehendere,
2493 3665 2762 3719 nernoque
2802 3665 3037 3718 unquam
3080 3649 3234 3713 vidit,
3267 3665 3391 3719 qua:

1823 3756 1926 3795 nec
1989 3740 2043 3794 in
2089 3749 2233 3795 terra
2265 3749 2498 3810 possunt
2552 3740 2746 3804 videri,
2782 3749 2841 3794 ut
2887 3748 3015 3795 sunt
3043 3756 3237 3811 nempe
3266 3739 3387 3805 Dei,

1818 3830 2138 3900 angelorum
2170 3838 2225 3885 et
2257 3830 2852 3886 animarum.Attamen
2886 3830 3211 3899 conjicimus
3241 3832 3386 3902 quod

1817 3926 2079 3987 quantum
2123 3919 2304 3973 diﬁ‘ert
2355 3920 2437 3973 sol
2490 3935 2521 3973 a
2576 3920 2727 3986 luna,
2773 3927 2983 3973 tantum
3024 3922 3301 3975 antecellit
3331 3929 3386 3976 et

1818 4010 1988 4081 magis
2017 4009 2265 4079 splendet
2314 4010 2628 4081 angelorum
2672 4010 2932 4076 essentia,
2968 4025 3131 4080 quam
3176 4012 3387 4066 anima-

1816 4116 1935 4154 rum
1958 4103 2239 4155 hominum
2264 4101 2523 4157 essentia.

1898 4192 2119 4257 Quaasr.
2153 4191 2386 4247 XXVIII.
2422 4192 2704 4259 Quomodo
2734 4193 3008 4265 prophetae
3047 4208 3189 4263 saepe
3215 4192 3383 4250 Deum

1816 4283 2064 4339 videntes
2091 4285 2397 4355 apparent?

1886 4372 2047 4430 Raso.
2085 4375 2217 4430 Post
2260 4375 2555 4447 prophetas
2604 4391 2795 4432 omnes
2846 4376 3133 4448 ipsumque
3180 4376 3387 4435 Christi

1816 4466 2108 4522 adventum
2136 4466 2276 4521 dixit
2317 4468 2619 4538 apostolus,
2649 4468 3092 4539 evangelistaque
3131 4476 3186 4524 et
3231 4470 3387 4525 theo-

142 4559 325 4621 στολος
358 4559 454 4611 καὶ
492 4558 879 4629 εὐαγγελιστὴς
913 4559 1007 4612 καὶ
1033 4559 1278 4627 θεολόγος
1319 4559 1589 4630 Ἰωάννης,
1632 4560 1713 4613 ὅτι

1841 4572 1974 4628 ogus
1999 4557 2258 4621 Joannes,
2318 4558 2512 4629 quod:
2563 4577 2583 4610 ι
2636 4557 2805 4612 Deum
2877 4574 3038 4614 nemo
3094 4558 3229 4615 vidit
3282 4576 3385 4613 un~

147 4667 164 4701 ι
203 4650 340 4703 Θεδν
377 4648 556 4711 οὐδεὶς
587 4648 796 4719 ἑώρακε
824 4648 1062 4701 πώποτε.
1108 4667 1126 4699 ι
1174 4650 1284 4702 Καὶ
1317 4648 1404 4701 ἵνα
1435 4647 1715 4718 πιστώση-

141 4759 225 4795 ται
253 4742 336 4805 ὠς
382 4741 613 4812 φοϐερὸν
664 4742 754 4794 καὶ
786 4740 934 4807 ξένον
960 4742 1021 4794 τὸ
1053 4742 1236 4812 ῥῆμα,
1279 4742 1558 4810 ἐπήγαγεν
1578 4780 1592 4804 ,
1633 4740 1713 4793 ὄτι

148 4833 245 4885 ιὈ
288 4832 604 4903 Μονογενὴς
648 4834 675 4885 ό
723 4830 798 4885 ὣν
842 4834 900 4884 ὲν
924 4834 1039 4896 τοῖς
1068 4833 1291 4895 κόλποις
1342 4830 1427 4883 τοῦ
1479 4831 1710 4902 Πατρὸς,

142 4920 344 4985 ἐκεῖνος
363 4919 689 4993 ἐξηγήσατο.
704 4940 722 4972 ι
753 4922 912 4976 Ὅθεν
928 4924 1020 4975 καὶ
1041 4925 1068 4976 ὁ
1084 4923 1236 4992 am;
1255 4922 1548 4985 ἀπόστολος
1569 4922 1710 4975 Παῦ-

142 5010 225 5076 λός
249 5030 441 5084 φησιν·
463 5032 482 5064 ι
501 5018 597 5066 ὀν
623 5011 760 5067 εἶδεν
784 5014 955 5077 οὐδεὶς
983 5014 1077 5067 ἀνθ
1087 5014 1302 5082 ρώπων,
1318 5012 1438 5065 οὔτε
1459 5013 1585 5066 ἰδεῖν
1616 5013 1709 5066 δύ-

143 5121 313 5159 ναται.
347 5125 365 5158 ι
398 5106 561 5158 ’Ὥστε
588 5105 760 5169 οὐδεὶς
792 5105 1091 5177 ἀνθρώπων
1119 5106 1337 5159 δύναται
1363 5104 1496 5158 Θεοῦ
1529 5105 1711 5158 οὐσίαν

147 5200 355 5269 γυμνὴν
400 5197 531 5250 ίδείν
566 5197 800 5269 οὐδαμοῦ
826 5216 840 5229 ο
874 5198 1008 5252 ἁλλὰ
1027 5238 1042 5261 ,
1080 5199 1217 5270 πρὸς
1246 5199 1343 5271 τὴν
1372 5198 1480 5251 τῶν
1505 5197 1714 5268 ἀνθρὼ-

1822 4652 2071 4720 quam”.
2108 4670 2128 4702 ι
2163 4650 2318 4717 Quod
2372 4658 2433 4705 ut
2489 4650 2747 4705 credibile
2798 4651 3072 4718 redderet,
3124 4660 3385 4721 tanquam

1821 4742 2025 4812 aliquid
2054 4743 2393 4797 tremendum
2423 4749 2477 4796 et
2520 4742 2817 4811 singulare,
2855 4742 3139 4796 addiditu
3180 4744 3386 4813 Unige-

1818 4833 1967 4887 nitus
1996 4833 2088 4903 qui
2135 4840 2219 4887 est
2276 4832 2334 4885 in
2383 4831 2506 4885 sinu
2549 4828 2749 4897 Patris,
2786 4833 2901 4900 ipse
2954 4832 3316 4886 enarravit”.
3362 4853 3379 4884 ι

1820 4922 1973 4980 Unde
2007 4933 2061 4979 et
2109 4934 2332 4979 sanctus
2400 4924 2682 4993 apostolus
2751 4920 2954 4976 Paulus
2994 4923 3070 4975 ait
3106 4937 3117 4970 :
3157 4942 3175 4973 ι
3212 4922 3383 4987 Quem

1817 5030 1978 5070 nemo
2009 5016 2290 5069 hominum
2320 5014 2455 5070 vidit
2478 5016 2561 5070 vel
2588 5014 2770 5069 videre
2796 5020 2976 5084 potest
2990 5013 3059 5045 ”‘
3091 5032 3105 5067 :
3145 5032 3164 5064 ι
3200 5013 3386 5083 Itaque

1818 5109 2004 5163 nullus
2054 5106 2217 5160 homo
2263 5106 2466 5160 nudam
2498 5105 2592 5161 Dei
2621 5106 2917 5161 essentiam
2946 5105 3122 5174 potuit
3154 5118 3382 5173 usquam

1821 5200 2029 5264 videre,
2063 5199 2161 5254 sed
2206 5214 2327 5254 sese
2362 5198 2506 5254 Deus
2563 5197 2632 5252 ad
2680 5196 3049 5251 inﬁrmitatem
3104 5195 3384 5249 hominum

211 5352 256 5383 "
296 5350 445 5405 Psal.
478 5365 589 5415 Cit,
629 5350 728 5415 15,
764 5350 849 5405 16.
924 5353 968 5384 ”
1001 5350 1158 5406 Joan.
1195 5368 1245 5416 ι,
1282 5352 1368 5406 18.
1444 5354 1490 5385 ⁸³
1514 5355 1645 5409 ibid.

1841 5352 1847 5405 Ι
1879 5350 2020 5406 Tim.
2053 5368 2103 5407 vl
2131 5392 2145 5417 ,
2178 5351 2264 5405 16.

206 5505 321 5572 (51)
361 5505 594 5570 Quidam
619 5521 751 5561 mss.
781 5507 838 5558 αί
865 5508 981 5561 ἐκεῖ
1012 5506 1401 5572 προλαϐοῦσαι.

208 5575 458 5651 (52))1ιε
491 5574 679 5651 adjicit
723 5574 893 5651 Palat.
934 5574 1300 5651 _2.‘l‘vwei;'5t
1344 5578 1452 5651 γὰρ
1497 5578 1707 5651 ἅπαντα

151 5644 281 5720 μετὰ
326 5644 687 5720 θανάτουκαὶ
732 5649 794 5720 ἐν
808 5649 890 5720 -τῇ
919 5648 1102 5720 ᾑμέρᾳ
1137 5644 1235 5720 τῇς
1255 5644 1516 5720 κρίσεως.
1552 5649 1709 5715 Quae-

148 5716 349 5769 stiones
381 5730 547 5782 porro
578 5715 650 5769 26
687 5724 741 5771 et
767 5715 836 5769 27
866 5715 1087 5772 ausum
1113 5733 1143 5770 a
1170 5715 1345 5771 Palat.
1387 5718 1439 5781 2,
1475 5726 1527 5773 et
1556 5736 1584 5771 ει
1614 5736 1705 5773 ve-

150 5784 352 5838 teribus
382 5785 545 5839 editis
574 5784 801 5840 Latinis.

218 5854 329 5925 (55)
371 5851 461 5909 Sic
484 5853 618 5925 Reg.
654 5856 706 5921 1,
731 5856 783 5910 5.
817 5854 875 5911 In
905 5857 1085 5923 editis,
1114 5857 1249 5913 ἀλλά
1286 5856 1459 5914 deest.

1892 5508 2003 5578 (54)
2041 5508 2116 5562 Ita
2147 5507 2183 5561 2
2210 5522 2344 5563 mss.
2398 5506 2539 5561 Editi
2572 5548 2586 5569 ,
2636 5506 3135 5578 ἀπολαμϐάνονται.
3180 5503 3384 5562 Ibidem

1816 5576 1950 5647 Reg.
1982 5576 2056 5651 1,-
2069 5581 2189 5651 ταῖς
2217 5578 2275 5651 ὲν
2302 5578 2547 5651 οὐρανοῖς
2566 5577 2914 5646 δοξολογίαις.

1885 5650 1997 5720 (55)
2031 5648 2199 5720 Palat.
2236 5649 2287 5720 1,
2312 5647 2696 5720 λαμπροτερεί.

1908 5717 1998 5785 56)
2031 5717 2199 5771 Palat.
2230 5717 2284 5780 2,
2321 5717 2410 5770 τὸν
2436 5717 2587 5771 Θεόν.

1908 5722 1998 5785 56)
2031 5722 2199 5771 Palat.
2230 5722 2284 5780 2,
2321 5722 2410 5770 τὸν
2436 5722 2587 5771 Θεόν.

1881 5722 2220 5854 ὃιιιέειὶοιιθε
2242 5795 2421 5843 autem
2445 5788 2536 5851 29,
2561 5788 2649 5853 50,
2674 5789 2763 5851 51,
2790 5787 2877 5851 52,
2902 5787 2973 5843 55
2990 5795 3043 5843 et
3063 5787 3152 5853 54,
3184 5786 3385 5843 absunt

1810 5874 1841 5913 a
1868 5858 2038 5913 Palat.
2078 5859 2133 5925 2,
2156 5869 2208 5914 et
2239 5874 2269 5914 a
2301 5859 2576 5916 veteribus
2604 5859 2761 5915 editis
2793 5858 3022 5914 Latinis.
