  <div class='ocr_page' id='page_1' title='image "/cluster/home/n/w/nwhite01/storage/ocr_20150623/28/hvd.32044019207737/314.png"; bbox 0 0 4088 6382; ppageno 0'>
   <div class='ocr_carea' id='block_1_1' title="bbox 319 310 416 366">
    <p class='ocr_par' dir='ltr' id='par_1_1' title="bbox 319 310 416 366">
     <span class='ocr_line' id='line_1_1' title="bbox 319 310 416 366; baseline -0.021 0"><span class='ocrx_word' id='word_1_1' title='bbox 319 310 416 366; x_wconf 80' lang='grc'><strong>617</strong></span> 
     </span>
    </p>
   </div>
   <div class='ocr_carea' id='block_1_2' title="bbox 1245 301 2541 377">
    <p class='ocr_par' dir='ltr' id='par_1_2' title="bbox 1245 301 2541 377">
     <span class='ocr_line' id='line_1_2' title="bbox 1245 301 2541 377; baseline 0.004 -14"><span class='ocrx_word' id='word_1_2' title='bbox 1245 308 1701 376; x_wconf 67' lang='lat' dir='ltr'><strong>QUESTIONES</strong></span> <span class='ocrx_word' id='word_1_3' title='bbox 1736 301 2253 377; x_wconf 52' lang='lat' dir='ltr'><strong>ADANTIOCHUM</strong></span> <span class='ocrx_word' id='word_1_4' title='bbox 2293 312 2541 368; x_wconf 75' lang='lat' dir='ltr'><strong>DUCEM.</strong></span> 
     </span>
    </p>
   </div>
   <div class='ocr_carea' id='block_1_3' title="bbox 3409 317 3516 374">
    <p class='ocr_par' dir='ltr' id='par_1_3' title="bbox 3409 317 3516 374">
     <span class='ocr_line' id='line_1_3' title="bbox 3409 317 3516 374; baseline 0.009 -1"><span class='ocrx_word' id='word_1_5' title='bbox 3409 317 3516 374; x_wconf 78' lang='grc'><strong>618</strong></span> 
     </span>
    </p>
   </div>
   <div class='ocr_carea' id='block_1_4' title="bbox 391 426 1858 502">
    <p class='ocr_par' dir='ltr' id='par_1_4' title="bbox 391 426 1858 502">
     <span class='ocr_line' id='line_1_4' title="bbox 391 426 1858 502; baseline -0.005 -19"><span class='ocrx_word' id='word_1_6' title='bbox 391 427 579 500; x_wconf 82' lang='grc' dir='ltr'>Ἑρώτ.</span> <span class='ocrx_word' id='word_1_7' title='bbox 609 428 710 496; x_wconf 88' lang='grc' dir='ltr'>λγ’.</span> <span class='ocrx_word' id='word_1_8' title='bbox 731 428 792 480; x_wconf 82' lang='grc' dir='ltr'>τί</span> <span class='ocrx_word' id='word_1_9' title='bbox 813 428 868 480; x_wconf 81' lang='grc' dir='ltr'>δὲ</span> <span class='ocrx_word' id='word_1_10' title='bbox 920 427 1012 481; x_wconf 79' lang='grc' dir='ltr'>νῦν</span> <span class='ocrx_word' id='word_1_11' title='bbox 1043 427 1148 498; x_wconf 78' lang='grc' dir='ltr'><strong>ἀρα</strong></span> <span class='ocrx_word' id='word_1_12' title='bbox 1176 428 1235 480; x_wconf 92' lang='grc' dir='ltr'><strong>τὸ</strong></span> <span class='ocrx_word' id='word_1_13' title='bbox 1263 427 1422 498; x_wconf 72' lang='grc' dir='ltr'>ἔργον</span> <span class='ocrx_word' id='word_1_14' title='bbox 1449 431 1565 482; x_wconf 77' lang='grc' dir='ltr'>ἐκεῖ</span> <span class='ocrx_word' id='word_1_15' title='bbox 1597 426 1706 480; x_wconf 90' lang='grc' dir='ltr'><strong>τῶν</strong></span> <span class='ocrx_word' id='word_1_16' title='bbox 1733 441 1858 502; x_wconf 75' lang='grc' dir='ltr'>προ-</span> 
     </span>
    </p>
   </div>
   <div class='ocr_carea' id='block_1_5' title="bbox 1959 426 3514 502">
    <p class='ocr_par' dir='ltr' id='par_1_5' title="bbox 2031 427 3514 502">
     <span class='ocr_line' id='line_1_5' title="bbox 2031 427 3514 502; baseline -0.006 -6"><span class='ocrx_word' id='word_1_17' title='bbox 2031 427 2192 500; x_wconf 62' lang='grc' dir='ltr'><strong>22δ</strong></span> <span class='ocrx_word' id='word_1_18' title='bbox 2243 429 2462 495; x_wconf 65' lang='grc' dir='ltr'>Ουιετ.</span> <span class='ocrx_word' id='word_1_19' title='bbox 2511 427 2746 484; x_wconf 76' lang='lat' dir='ltr'><strong>XXXIII.</strong></span> <span class='ocrx_word' id='word_1_20' title='bbox 2806 429 2946 497; x_wconf 83' lang='lat' dir='ltr'><strong>Quid</strong></span> <span class='ocrx_word' id='word_1_21' title='bbox 2993 447 3136 488; x_wconf 91' lang='lat' dir='ltr'><strong>nunc</strong></span> <span class='ocrx_word' id='word_1_22' title='bbox 3188 431 3354 502; x_wconf 67' lang='lat' dir='ltr'><strong>igitur</strong></span> <span class='ocrx_word' id='word_1_23' title='bbox 3402 432 3514 487; x_wconf 90' lang='lat' dir='ltr'><strong>illic</strong></span> 
     </span>
    </p>
   </div>
   <div class='ocr_carea' id='block_1_6' title="bbox 319 519 1399 591">
    <p class='ocr_par' dir='ltr' id='par_1_6' title="bbox 319 519 1399 591">
     <span class='ocr_line' id='line_1_6' title="bbox 319 519 1399 591; baseline -0.008 -17"><span class='ocrx_word' id='word_1_24' title='bbox 319 519 661 576; x_wconf 84' lang='grc' dir='ltr'>απελθουσῶν</span> <span class='ocrx_word' id='word_1_25' title='bbox 685 519 871 591; x_wconf 82' lang='grc' dir='ltr'>ψυχῶν</span> <span class='ocrx_word' id='word_1_26' title='bbox 895 537 909 585; x_wconf 85' lang='lat'><strong>;</strong></span> <span class='ocrx_word' id='word_1_27' title='bbox 1396 561 1399 565; x_wconf 89' lang='lat'><strong>.</strong></span> 
     </span>
    </p>
   </div>
   <div class='ocr_carea' id='block_1_7' title="bbox 397 611 1868 685">
    <p class='ocr_par' dir='ltr' id='par_1_7' title="bbox 397 611 1868 685">
     <span class='ocr_line' id='line_1_7' title="bbox 397 611 1868 685; baseline 0.001 -21"><span class='ocrx_word' id='word_1_28' title='bbox 397 611 580 665; x_wconf 79' lang='grc' dir='ltr'>’Δπόκ.</span> <span class='ocrx_word' id='word_1_29' title='bbox 612 611 772 683; x_wconf 74' lang='grc' dir='ltr'>Ψυχὴ</span> <span class='ocrx_word' id='word_1_30' title='bbox 811 611 1060 682; x_wconf 80' lang='grc' dir='ltr'>σώματος</span> <span class='ocrx_word' id='word_1_31' title='bbox 1090 613 1478 685; x_wconf 85' lang='grc' dir='ltr'>ἀπηλλαγμένη</span> <span class='ocrx_word' id='word_1_32' title='bbox 1507 613 1630 668; x_wconf 84' lang='grc' dir='ltr'>οὐτε</span> <span class='ocrx_word' id='word_1_33' title='bbox 1668 613 1868 682; x_wconf 87' lang='grc' dir='ltr'>ἀγαθόν</span> 
     </span>
    </p>
   </div>
   <div class='ocr_carea' id='block_1_8' title="bbox 321 703 1870 783">
    <p class='ocr_par' dir='ltr' id='par_1_8' title="bbox 321 703 1870 783">
     <span class='ocr_line' id='line_1_8' title="bbox 321 703 1870 783; baseline 0 -24"><span class='ocrx_word' id='word_1_34' title='bbox 321 722 366 760; x_wconf 88' lang='grc' dir='ltr'><strong>τι</strong></span> <span class='ocrx_word' id='word_1_35' title='bbox 385 703 505 759; x_wconf 68' lang='grc' dir='ltr'>οὔτε</span> <span class='ocrx_word' id='word_1_36' title='bbox 534 705 767 776; x_wconf 85' lang='grc' dir='ltr'>πονηρὸν</span> <span class='ocrx_word' id='word_1_37' title='bbox 793 704 1193 776; x_wconf 80' lang='grc' dir='ltr'>διαπράξασθαι</span> <span class='ocrx_word' id='word_1_38' title='bbox 1224 706 1551 783; x_wconf 13' lang='grc' dir='ltr'>δύναται.ἱΑί</span> <span class='ocrx_word' id='word_1_39' title='bbox 1576 706 1683 779; x_wconf 88' lang='grc' dir='ltr'><strong>γάρ</strong></span> <span class='ocrx_word' id='word_1_40' title='bbox 1703 708 1870 759; x_wconf 89' lang='grc' dir='ltr'>ὀπτα-</span> 
     </span>
    </p>
   </div>
   <div class='ocr_carea' id='block_1_9' title="bbox 322 794 1867 868">
    <p class='ocr_par' dir='ltr' id='par_1_9' title="bbox 322 794 1867 868">
     <span class='ocr_line' id='line_1_9' title="bbox 322 794 1867 868; baseline 0.002 -19"><span class='ocrx_word' id='word_1_41' title='bbox 322 796 424 850; x_wconf 86' lang='grc' dir='ltr'>σίαι</span> <span class='ocrx_word' id='word_1_42' title='bbox 445 835 461 860; x_wconf 89' lang='grc'><strong>,</strong></span> <span class='ocrx_word' id='word_1_43' title='bbox 490 795 556 859; x_wconf 70' lang='grc' dir='ltr'>ἃς</span> <span class='ocrx_word' id='word_1_44' title='bbox 591 794 841 864; x_wconf 82' lang='grc' dir='ltr'>βλέπουσι</span> <span class='ocrx_word' id='word_1_45' title='bbox 872 795 982 867; x_wconf 71' lang='grc'><strong>(45)</strong></span> <span class='ocrx_word' id='word_1_46' title='bbox 1014 813 1158 860; x_wconf 87' lang='grc' dir='ltr'>τινες</span> <span class='ocrx_word' id='word_1_47' title='bbox 1181 797 1310 868; x_wconf 78' lang='grc' dir='ltr'>περὶ</span> <span class='ocrx_word' id='word_1_48' title='bbox 1331 797 1440 850; x_wconf 90' lang='grc' dir='ltr'><strong>τῶν</strong></span> <span class='ocrx_word' id='word_1_49' title='bbox 1472 800 1648 850; x_wconf 76' lang='grc' dir='ltr'>ἐκεῖσε</span> <span class='ocrx_word' id='word_1_50' title='bbox 1667 837 1681 862; x_wconf 90' lang='grc'><strong>,</strong></span> <span class='ocrx_word' id='word_1_51' title='bbox 1724 800 1867 852; x_wconf 79' lang='grc' dir='ltr'>οἰκο-</span> 
     </span>
    </p>
   </div>
   <div class='ocr_carea' id='block_1_10' title="bbox 321 885 1860 960">
    <p class='ocr_par' dir='ltr' id='par_1_10' title="bbox 321 885 1860 960">
     <span class='ocr_line' id='line_1_10' title="bbox 321 885 1860 960; baseline 0.003 -20"><span class='ocrx_word' id='word_1_52' title='bbox 321 885 546 958; x_wconf 82' lang='grc' dir='ltr'><strong>νομικῶς</strong></span> <span class='ocrx_word' id='word_1_53' title='bbox 603 888 632 940; x_wconf 93' lang='lat'><strong>6</strong></span> <span class='ocrx_word' id='word_1_54' title='bbox 667 885 799 950; x_wconf 84' lang='grc' dir='ltr'><strong>Θεὸς</strong></span> <span class='ocrx_word' id='word_1_55' title='bbox 854 887 1054 950; x_wconf 76' lang='grc' dir='ltr'>ταύτας</span> <span class='ocrx_word' id='word_1_56' title='bbox 1105 887 1338 942; x_wconf 89' lang='grc' dir='ltr'>δείκνυσι</span> <span class='ocrx_word' id='word_1_57' title='bbox 1393 889 1529 960; x_wconf 91' lang='grc' dir='ltr'>πρὸς</span> <span class='ocrx_word' id='word_1_58' title='bbox 1576 889 1860 960; x_wconf 85' lang='grc' dir='ltr'>ώφέλειαν.</span> 
     </span>
    </p>
   </div>
   <div class='ocr_carea' id='block_1_11' title="bbox 321 975 1864 1052">
    <p class='ocr_par' dir='ltr' id='par_1_11' title="bbox 321 975 1864 1052">
     <span class='ocr_line' id='line_1_11' title="bbox 321 975 1864 1052; baseline 0.005 -23"><span class='ocrx_word' id='word_1_59' title='bbox 321 977 519 1049; x_wconf 86' lang='grc' dir='ltr'>Ὠσπερ</span> <span class='ocrx_word' id='word_1_60' title='bbox 547 975 658 1046; x_wconf 83' lang='grc' dir='ltr'><strong>γὰρ</strong></span> <span class='ocrx_word' id='word_1_61' title='bbox 689 978 721 1048; x_wconf 87' lang='grc' dir='ltr'>ή</span> <span class='ocrx_word' id='word_1_62' title='bbox 753 976 911 1049; x_wconf 85' lang='grc' dir='ltr'>λύρα,</span> <span class='ocrx_word' id='word_1_63' title='bbox 943 977 1037 1030; x_wconf 75' lang='grc' dir='ltr'>ἐὰν</span> <span class='ocrx_word' id='word_1_64' title='bbox 1071 977 1144 1049; x_wconf 79' lang='grc' dir='ltr'>μὴ</span> <span class='ocrx_word' id='word_1_65' title='bbox 1169 977 1265 1049; x_wconf 77' lang='grc' dir='ltr'><strong>ἔχῃ</strong></span> <span class='ocrx_word' id='word_1_66' title='bbox 1292 978 1381 1030; x_wconf 89' lang='grc' dir='ltr'><strong>τὸν</strong></span> <span class='ocrx_word' id='word_1_67' title='bbox 1409 979 1691 1050; x_wconf 78' lang='grc' dir='ltr'><strong>κρούοντα,</strong></span> <span class='ocrx_word' id='word_1_68' title='bbox 1721 981 1864 1052; x_wconf 77' lang='grc' dir='ltr'>ἀργὴ</span> 
     </span>
    </p>
   </div>
   <div class='ocr_carea' id='block_1_12' title="bbox 317 1066 1862 1142">
    <p class='ocr_par' dir='ltr' id='par_1_12' title="bbox 317 1066 1862 1142">
     <span class='ocr_line' id='line_1_12' title="bbox 317 1066 1862 1142; baseline 0.003 -22"><span class='ocrx_word' id='word_1_69' title='bbox 317 1068 498 1137; x_wconf 74' lang='grc' dir='ltr'>ὁρᾶται</span> <span class='ocrx_word' id='word_1_70' title='bbox 520 1066 616 1120; x_wconf 80' lang='grc' dir='ltr'>καὶ</span> <span class='ocrx_word' id='word_1_71' title='bbox 638 1067 914 1138; x_wconf 80' lang='grc' dir='ltr'><strong>ἄπρακτος</strong></span> <span class='ocrx_word' id='word_1_72' title='bbox 933 1085 947 1098; x_wconf 87' lang='grc'><strong>·</strong></span> <span class='ocrx_word' id='word_1_73' title='bbox 973 1067 1114 1122; x_wconf 75' lang='grc' dir='ltr'>οὕτω</span> <span class='ocrx_word' id='word_1_74' title='bbox 1131 1069 1224 1122; x_wconf 75' lang='grc' dir='ltr'>καὶ</span> <span class='ocrx_word' id='word_1_75' title='bbox 1251 1070 1284 1141; x_wconf 80' lang='grc' dir='ltr'>ὴ</span> <span class='ocrx_word' id='word_1_76' title='bbox 1307 1069 1451 1142; x_wconf 78' lang='grc' dir='ltr'>ψυχὴ</span> <span class='ocrx_word' id='word_1_77' title='bbox 1481 1071 1573 1124; x_wconf 76' lang='grc' dir='ltr'>καὶ</span> <span class='ocrx_word' id='word_1_78' title='bbox 1599 1071 1660 1124; x_wconf 92' lang='grc' dir='ltr'><strong>τὸ</strong></span> <span class='ocrx_word' id='word_1_79' title='bbox 1685 1071 1862 1142; x_wconf 88' lang='grc' dir='ltr'>σῶμα,</span> 
     </span>
    </p>
   </div>
   <div class='ocr_carea' id='block_1_13' title="bbox 318 1157 1860 1232">
    <p class='ocr_par' dir='ltr' id='par_1_13' title="bbox 318 1157 1860 1232">
     <span class='ocr_line' id='line_1_13' title="bbox 318 1157 1860 1232; baseline 0.005 -23"><span class='ocrx_word' id='word_1_80' title='bbox 318 1157 368 1224; x_wconf 74' lang='grc' dir='ltr'><strong>ἐξ</strong></span> <span class='ocrx_word' id='word_1_81' title='bbox 398 1158 639 1228; x_wconf 81' lang='grc' dir='ltr'>ἀλλήλων</span> <span class='ocrx_word' id='word_1_82' title='bbox 673 1157 1004 1229; x_wconf 84' lang='grc' dir='ltr'><strong>χωρισθέντα</strong></span> <span class='ocrx_word' id='word_1_83' title='bbox 1027 1199 1041 1223; x_wconf 92' lang='grc'><strong>,</strong></span> <span class='ocrx_word' id='word_1_84' title='bbox 1084 1159 1232 1213; x_wconf 81' lang='grc' dir='ltr'>οὐδὲν</span> <span class='ocrx_word' id='word_1_85' title='bbox 1261 1161 1550 1232; x_wconf 76' lang='grc' dir='ltr'>ἐνεργῆσαι</span> <span class='ocrx_word' id='word_1_86' title='bbox 1591 1161 1860 1217; x_wconf 85' lang='grc' dir='ltr'>δύνανται.</span> 
     </span>
    </p>
   </div>
   <div class='ocr_carea' id='block_1_14' title="bbox 316 1248 1863 1325">
    <p class='ocr_par' dir='ltr' id='par_1_14' title="bbox 316 1248 1863 1325">
     <span class='ocr_line' id='line_1_14' title="bbox 316 1248 1863 1325; baseline 0.003 -24"><span class='ocrx_word' id='word_1_87' title='bbox 316 1250 374 1301; x_wconf 84' lang='grc' dir='ltr'>Δί</span> <span class='ocrx_word' id='word_1_88' title='bbox 400 1248 528 1318; x_wconf 80' lang='grc' dir='ltr'>γοῦν</span> <span class='ocrx_word' id='word_1_89' title='bbox 552 1250 660 1303; x_wconf 87' lang='grc' dir='ltr'><strong>τῶν</strong></span> <span class='ocrx_word' id='word_1_90' title='bbox 693 1251 859 1318; x_wconf 80' lang='grc' dir='ltr'><strong>ἁγίων</strong></span> <span class='ocrx_word' id='word_1_91' title='bbox 883 1250 1084 1321; x_wconf 75' lang='grc' dir='ltr'>ψυχαὶ,</span> <span class='ocrx_word' id='word_1_92' title='bbox 1112 1253 1213 1304; x_wconf 85' lang='grc' dir='ltr'>ὑπὸ</span> <span class='ocrx_word' id='word_1_93' title='bbox 1239 1251 1330 1305; x_wconf 77' lang='grc' dir='ltr'><strong>τοῦ</strong></span> <span class='ocrx_word' id='word_1_94' title='bbox 1371 1254 1522 1322; x_wconf 89' lang='grc' dir='ltr'>άγίου</span> <span class='ocrx_word' id='word_1_95' title='bbox 1553 1254 1863 1325; x_wconf 83' lang='grc' dir='ltr'>Πνεύματος</span> 
     </span>
    </p>
   </div>
   <div class='ocr_carea' id='block_1_15' title="bbox 316 1340 1861 1416">
    <p class='ocr_par' dir='ltr' id='par_1_15' title="bbox 316 1340 1861 1416">
     <span class='ocr_line' id='line_1_15' title="bbox 316 1340 1861 1416; baseline 0.005 -24"><span class='ocrx_word' id='word_1_96' title='bbox 316 1340 713 1413; x_wconf 85' lang='grc' dir='ltr'>ὲνεργούμεναι,</span> <span class='ocrx_word' id='word_1_97' title='bbox 751 1342 886 1414; x_wconf 84' lang='grc' dir='ltr'>μετὰ</span> <span class='ocrx_word' id='word_1_98' title='bbox 914 1341 1156 1412; x_wconf 87' lang='grc' dir='ltr'>ἀγγέλων</span> <span class='ocrx_word' id='word_1_99' title='bbox 1200 1344 1257 1396; x_wconf 84' lang='grc' dir='ltr'>ὲν</span> <span class='ocrx_word' id='word_1_100' title='bbox 1298 1343 1450 1416; x_wconf 72' lang='grc' dir='ltr'>χώρα</span> <span class='ocrx_word' id='word_1_101' title='bbox 1495 1344 1708 1409; x_wconf 81' lang='grc' dir='ltr'>ζώντων</span> <span class='ocrx_word' id='word_1_102' title='bbox 1731 1346 1861 1400; x_wconf 84' lang='grc' dir='ltr'><strong>Θεὸν</strong></span> 
     </span>
    </p>
   </div>
   <div class='ocr_carea' id='block_1_16' title="bbox 317 1433 1024 1504">
    <p class='ocr_par' dir='ltr' id='par_1_16' title="bbox 317 1433 1024 1504">
     <span class='ocr_line' id='line_1_16' title="bbox 317 1433 1024 1504; baseline 0.004 -18"><span class='ocrx_word' id='word_1_103' title='bbox 317 1433 534 1504; x_wconf 79' lang='grc' dir='ltr'><strong>ὑμνοῦσι</strong></span> <span class='ocrx_word' id='word_1_104' title='bbox 562 1435 658 1488; x_wconf 75' lang='grc' dir='ltr'>καὶ</span> <span class='ocrx_word' id='word_1_105' title='bbox 682 1435 1024 1503; x_wconf 88' lang='grc' dir='ltr'>ἀγάλλονται.</span> 
     </span>
    </p>
   </div>
   <div class='ocr_carea' id='block_1_17' title="bbox 388 1522 1862 1601">
    <p class='ocr_par' dir='ltr' id='par_1_17' title="bbox 388 1522 1862 1601">
     <span class='ocr_line' id='line_1_17' title="bbox 388 1522 1862 1601; baseline 0.003 -23"><span class='ocrx_word' id='word_1_106' title='bbox 388 1525 574 1597; x_wconf 87' lang='grc' dir='ltr'>Ἐρώτ.</span> <span class='ocrx_word' id='word_1_107' title='bbox 605 1525 701 1579; x_wconf 88' lang='grc' dir='ltr'>λδ¹.</span> <span class='ocrx_word' id='word_1_108' title='bbox 734 1525 798 1578; x_wconf 87' lang='grc' dir='ltr'>Τί</span> <span class='ocrx_word' id='word_1_109' title='bbox 823 1522 914 1579; x_wconf 78' lang='grc' dir='ltr'>οὖν</span> <span class='ocrx_word' id='word_1_110' title='bbox 938 1542 953 1590; x_wconf 90' lang='grc'>;</span> <span class='ocrx_word' id='word_1_111' title='bbox 980 1526 1078 1579; x_wconf 88' lang='grc' dir='ltr'><strong>οὐκ</strong></span> <span class='ocrx_word' id='word_1_112' title='bbox 1106 1526 1448 1581; x_wconf 78' lang='grc' dir='ltr'>αίσθάνονταί</span> <span class='ocrx_word' id='word_1_113' title='bbox 1476 1546 1619 1593; x_wconf 90' lang='grc' dir='ltr'>τινος</span> <span class='ocrx_word' id='word_1_114' title='bbox 1650 1531 1862 1601; x_wconf 88' lang='grc' dir='ltr'>εὐεργε-</span> 
     </span>
    </p>
   </div>
   <div class='ocr_carea' id='block_1_18' title="bbox 317 1608 1861 1694">
    <p class='ocr_par' dir='ltr' id='par_1_18' title="bbox 317 1608 1861 1694">
     <span class='ocr_line' id='line_1_18' title="bbox 317 1608 1861 1694; baseline 0.006 -29"><span class='ocrx_word' id='word_1_115' title='bbox 317 1613 425 1676; x_wconf 88' lang='grc' dir='ltr'>σίας</span> <span class='ocrx_word' id='word_1_116' title='bbox 452 1617 545 1668; x_wconf 78' lang='grc' dir='ltr'>καὶ</span> <span class='ocrx_word' id='word_1_117' title='bbox 573 1617 631 1669; x_wconf 77' lang='lat' dir='ltr'><strong>ai</strong></span> <span class='ocrx_word' id='word_1_118' title='bbox 659 1608 768 1668; x_wconf 83' lang='grc' dir='ltr'><strong>τῶν</strong></span> <span class='ocrx_word' id='word_1_119' title='bbox 794 1616 1128 1688; x_wconf 83' lang='grc' dir='ltr'>ἁμαρτωλῶν</span> <span class='ocrx_word' id='word_1_120' title='bbox 1159 1617 1327 1690; x_wconf 72' lang='grc' dir='ltr'>ψυχαὶ</span> <span class='ocrx_word' id='word_1_121' title='bbox 1344 1659 1359 1684; x_wconf 91' lang='grc'><strong>,</strong></span> <span class='ocrx_word' id='word_1_122' title='bbox 1398 1622 1693 1692; x_wconf 76' lang='grc' dir='ltr'>γινομένων</span> <span class='ocrx_word' id='word_1_123' title='bbox 1723 1623 1861 1694; x_wconf 82' lang='grc' dir='ltr'>ὑπὲρ</span> 
     </span>
    </p>
   </div>
   <div class='ocr_carea' id='block_1_19' title="bbox 315 1705 1659 1784">
    <p class='ocr_par' dir='ltr' id='par_1_19' title="bbox 315 1705 1659 1784">
     <span class='ocr_line' id='line_1_19' title="bbox 315 1705 1659 1784; baseline 0.007 -27"><span class='ocrx_word' id='word_1_124' title='bbox 315 1705 480 1758; x_wconf 84' lang='grc' dir='ltr'>αὐτῶν</span> <span class='ocrx_word' id='word_1_125' title='bbox 504 1706 775 1773; x_wconf 83' lang='grc' dir='ltr'>συνάξεων</span> <span class='ocrx_word' id='word_1_126' title='bbox 805 1709 896 1760; x_wconf 72' lang='grc' dir='ltr'>καὶ</span> <span class='ocrx_word' id='word_1_127' title='bbox 925 1707 1154 1762; x_wconf 84' lang='grc' dir='ltr'>εὐποιῶν</span> <span class='ocrx_word' id='word_1_128' title='bbox 1186 1711 1278 1763; x_wconf 74' lang='grc' dir='ltr'>καὶ</span> <span class='ocrx_word' id='word_1_129' title='bbox 1303 1713 1659 1784; x_wconf 81' lang='grc' dir='ltr'>προσφορῶν;</span> 
     </span>
    </p>
   </div>
   <div class='ocr_carea' id='block_1_20' title="bbox 388 1798 1855 1873">
    <p class='ocr_par' dir='ltr' id='par_1_20' title="bbox 388 1798 1855 1873">
     <span class='ocr_line' id='line_1_20' title="bbox 388 1798 1855 1873; baseline 0.006 -23"><span class='ocrx_word' id='word_1_130' title='bbox 388 1798 567 1850; x_wconf 79' lang='grc' dir='ltr'>’Δπόκ.</span> <span class='ocrx_word' id='word_1_131' title='bbox 589 1799 652 1850; x_wconf 82' lang='grc' dir='ltr'>Εἰ</span> <span class='ocrx_word' id='word_1_132' title='bbox 678 1800 750 1870; x_wconf 85' lang='grc' dir='ltr'>μή</span> <span class='ocrx_word' id='word_1_133' title='bbox 771 1815 913 1864; x_wconf 88' lang='grc' dir='ltr'>τινες</span> <span class='ocrx_word' id='word_1_134' title='bbox 942 1801 1255 1873; x_wconf 75' lang='grc' dir='ltr'><strong>εὐεργεσίας</strong></span> <span class='ocrx_word' id='word_1_135' title='bbox 1285 1807 1525 1873; x_wconf 84' lang='grc' dir='ltr'>μετεῖχον</span> <span class='ocrx_word' id='word_1_136' title='bbox 1557 1807 1620 1858; x_wconf 81' lang='grc' dir='ltr'>ὲκ</span> <span class='ocrx_word' id='word_1_137' title='bbox 1646 1805 1855 1871; x_wconf 82' lang='grc' dir='ltr'>τούτου,</span> 
     </span>
    </p>
   </div>
   <div class='ocr_carea' id='block_1_21' title="bbox 312 1889 1861 1968">
    <p class='ocr_par' dir='ltr' id='par_1_21' title="bbox 312 1889 1861 1968">
     <span class='ocr_line' id='line_1_21' title="bbox 312 1889 1861 1968; baseline 0.005 -27"><span class='ocrx_word' id='word_1_138' title='bbox 312 1889 402 1942; x_wconf 78' lang='grc' dir='ltr'><strong>οὐκ</strong></span> <span class='ocrx_word' id='word_1_139' title='bbox 426 1889 489 1942; x_wconf 81' lang='grc' dir='ltr'>ἂν</span> <span class='ocrx_word' id='word_1_140' title='bbox 515 1891 573 1941; x_wconf 81' lang='grc' dir='ltr'>ὲν</span> <span class='ocrx_word' id='word_1_141' title='bbox 600 1893 665 1961; x_wconf 83' lang='grc' dir='ltr'><strong>τῇ</strong></span> <span class='ocrx_word' id='word_1_142' title='bbox 691 1893 1022 1964; x_wconf 79' lang='grc' dir='ltr'>προσκομιδῇ</span> <span class='ocrx_word' id='word_1_143' title='bbox 1043 1894 1486 1964; x_wconf 80' lang='grc' dir='ltr'>ὲμνημονεύοντο.</span> <span class='ocrx_word' id='word_1_144' title='bbox 1519 1895 1656 1948; x_wconf 80' lang='grc' dir='ltr'>Ἀλλ’</span> <span class='ocrx_word' id='word_1_145' title='bbox 1676 1896 1861 1968; x_wconf 85' lang='grc' dir='ltr'>ὥσπερ</span> 
     </span>
    </p>
   </div>
   <div class='ocr_carea' id='block_1_22' title="bbox 312 1981 1860 2056">
    <p class='ocr_par' dir='ltr' id='par_1_22' title="bbox 312 1981 1860 2056">
     <span class='ocr_line' id='line_1_22' title="bbox 312 1981 1860 2056; baseline 0.006 -23"><span class='ocrx_word' id='word_1_146' title='bbox 312 1982 426 2034; x_wconf 79' lang='grc' dir='ltr'>ὅταν</span> <span class='ocrx_word' id='word_1_147' title='bbox 450 1986 482 2053; x_wconf 79' lang='grc' dir='ltr'>ἡ</span> <span class='ocrx_word' id='word_1_148' title='bbox 524 1981 766 2053; x_wconf 77' lang='grc' dir='ltr'>ἄμπελος</span> <span class='ocrx_word' id='word_1_149' title='bbox 812 1984 962 2038; x_wconf 85' lang='grc' dir='ltr'>ἀνθεῖ</span> <span class='ocrx_word' id='word_1_150' title='bbox 992 1986 1094 2052; x_wconf 71' lang='grc' dir='ltr'><strong>ἔξω</strong></span> <span class='ocrx_word' id='word_1_151' title='bbox 1122 1989 1178 2039; x_wconf 84' lang='grc' dir='ltr'>ὲν</span> <span class='ocrx_word' id='word_1_152' title='bbox 1206 1985 1284 2056; x_wconf 80' lang='grc' dir='ltr'>τῷ</span> <span class='ocrx_word' id='word_1_153' title='bbox 1326 1986 1479 2056; x_wconf 83' lang='grc' dir='ltr'>ἀγρῷ</span> <span class='ocrx_word' id='word_1_154' title='bbox 1503 2026 1518 2051; x_wconf 91' lang='grc'><strong>,</strong></span> <span class='ocrx_word' id='word_1_155' title='bbox 1553 1987 1860 2042; x_wconf 75' lang='grc' dir='ltr'>αἰσθάνεται</span> 
     </span>
    </p>
   </div>
   <div class='ocr_carea' id='block_1_23' title="bbox 311 2072 1860 2147">
    <p class='ocr_par' dir='ltr' id='par_1_23' title="bbox 311 2072 1860 2147">
     <span class='ocr_line' id='line_1_23' title="bbox 311 2072 1860 2147; baseline 0.004 -23"><span class='ocrx_word' id='word_1_156' title='bbox 311 2072 361 2124; x_wconf 77' lang='grc' dir='ltr'>δὲ</span> <span class='ocrx_word' id='word_1_157' title='bbox 391 2075 484 2144; x_wconf 88' lang='grc' dir='ltr'><strong>τῆς</strong></span> <span class='ocrx_word' id='word_1_158' title='bbox 529 2076 704 2146; x_wconf 79' lang='grc' dir='ltr'>ὀσμῆς</span> <span class='ocrx_word' id='word_1_159' title='bbox 743 2076 911 2146; x_wconf 85' lang='grc' dir='ltr'>αὐτῆς</span> <span class='ocrx_word' id='word_1_160' title='bbox 959 2078 988 2130; x_wconf 92' lang='grc' dir='ltr'><strong>ό</strong></span> <span class='ocrx_word' id='word_1_161' title='bbox 1034 2077 1520 2147; x_wconf 70' lang='grc' dir='ltr'>ἀποκεκλασμένος</span> <span class='ocrx_word' id='word_1_162' title='bbox 1565 2074 1741 2144; x_wconf 81' lang='grc' dir='ltr'>οἶνος,</span> <span class='ocrx_word' id='word_1_163' title='bbox 1769 2079 1860 2132; x_wconf 77' lang='grc' dir='ltr'>καὶ</span> 
     </span>
    </p>
   </div>
   <div class='ocr_carea' id='block_1_24' title="bbox 314 2165 1860 2243">
    <p class='ocr_par' dir='ltr' id='par_1_24' title="bbox 314 2165 1860 2243">
     <span class='ocr_line' id='line_1_24' title="bbox 314 2165 1860 2243; baseline 0.005 -27"><span class='ocrx_word' id='word_1_164' title='bbox 314 2165 553 2219; x_wconf 82' lang='grc' dir='ltr'>συνανθεῖ</span> <span class='ocrx_word' id='word_1_165' title='bbox 592 2168 689 2219; x_wconf 80' lang='grc' dir='ltr'>καὶ</span> <span class='ocrx_word' id='word_1_166' title='bbox 729 2167 923 2231; x_wconf 89' lang='grc' dir='ltr'>αὐτός·</span> <span class='ocrx_word' id='word_1_167' title='bbox 955 2167 1096 2221; x_wconf 73' lang='grc' dir='ltr'>οὕτω</span> <span class='ocrx_word' id='word_1_168' title='bbox 1119 2168 1226 2222; x_wconf 91' lang='grc' dir='ltr'>νόει</span> <span class='ocrx_word' id='word_1_169' title='bbox 1257 2171 1350 2222; x_wconf 78' lang='grc' dir='ltr'>καὶ</span> <span class='ocrx_word' id='word_1_170' title='bbox 1390 2170 1488 2233; x_wconf 79' lang='grc' dir='ltr'><strong>τὰς</strong></span> <span class='ocrx_word' id='word_1_171' title='bbox 1518 2169 1624 2222; x_wconf 86' lang='grc' dir='ltr'><strong>τῶν</strong></span> <span class='ocrx_word' id='word_1_172' title='bbox 1677 2171 1860 2243; x_wconf 85' lang='grc' dir='ltr'>ἁμαρ-</span> 
     </span>
    </p>
   </div>
   <div class='ocr_carea' id='block_1_25' title="bbox 310 2255 1858 2334">
    <p class='ocr_par' dir='ltr' id='par_1_25' title="bbox 310 2255 1858 2334">
     <span class='ocr_line' id='line_1_25' title="bbox 310 2255 1858 2334; baseline 0.005 -27"><span class='ocrx_word' id='word_1_173' title='bbox 310 2255 482 2309; x_wconf 88' lang='grc' dir='ltr'>τωλῶν</span> <span class='ocrx_word' id='word_1_174' title='bbox 512 2256 689 2327; x_wconf 76' lang='grc' dir='ltr'>ψυχὰς</span> <span class='ocrx_word' id='word_1_175' title='bbox 726 2257 966 2328; x_wconf 83' lang='grc' dir='ltr'>μετέχειν</span> <span class='ocrx_word' id='word_1_176' title='bbox 995 2261 1310 2331; x_wconf 82' lang='grc' dir='ltr'>εὐεργεσίας</span> <span class='ocrx_word' id='word_1_177' title='bbox 1332 2263 1475 2324; x_wconf 90' lang='grc' dir='ltr'>τινὸς</span> <span class='ocrx_word' id='word_1_178' title='bbox 1501 2262 1564 2314; x_wconf 82' lang='grc' dir='ltr'>ἐκ</span> <span class='ocrx_word' id='word_1_179' title='bbox 1594 2262 1692 2333; x_wconf 89' lang='grc' dir='ltr'><strong>τῆς</strong></span> <span class='ocrx_word' id='word_1_180' title='bbox 1719 2263 1858 2334; x_wconf 84' lang='grc' dir='ltr'>ὑπὲρ</span> 
     </span>
    </p>
   </div>
   <div class='ocr_carea' id='block_1_26' title="bbox 311 2347 1854 2421">
    <p class='ocr_par' dir='ltr' id='par_1_26' title="bbox 311 2347 1854 2421">
     <span class='ocr_line' id='line_1_26' title="bbox 311 2347 1854 2421; baseline 0.006 -23"><span class='ocrx_word' id='word_1_181' title='bbox 311 2347 476 2400; x_wconf 88' lang='grc' dir='ltr'>αὐτῶν</span> <span class='ocrx_word' id='word_1_182' title='bbox 519 2349 816 2420; x_wconf 79' lang='grc' dir='ltr'>γενομένης</span> <span class='ocrx_word' id='word_1_183' title='bbox 856 2353 1192 2421; x_wconf 89' lang='grc' dir='ltr'>ἀναιμάκτου</span> <span class='ocrx_word' id='word_1_184' title='bbox 1235 2353 1424 2418; x_wconf 83' lang='grc' dir='ltr'>Θυσίας</span> <span class='ocrx_word' id='word_1_185' title='bbox 1462 2355 1555 2406; x_wconf 77' lang='grc' dir='ltr'>καὶ</span> <span class='ocrx_word' id='word_1_186' title='bbox 1591 2355 1854 2420; x_wconf 84' lang='grc' dir='ltr'>εὐποιίας,</span> 
     </span>
    </p>
   </div>
   <div class='ocr_carea' id='block_1_27' title="bbox 311 2438 1857 2520">
    <p class='ocr_par' dir='ltr' id='par_1_27' title="bbox 311 2438 1857 2520">
     <span class='ocr_line' id='line_1_27' title="bbox 311 2438 1857 2520; baseline 0.007 -30"><span class='ocrx_word' id='word_1_187' title='bbox 311 2438 377 2501; x_wconf 85' lang='grc' dir='ltr'><strong>ὡς</strong></span> <span class='ocrx_word' id='word_1_188' title='bbox 404 2441 561 2510; x_wconf 82' lang='grc' dir='ltr'>μόνος</span> <span class='ocrx_word' id='word_1_189' title='bbox 587 2443 868 2497; x_wconf 75' lang='grc' dir='ltr'>ἐπίσταται</span> <span class='ocrx_word' id='word_1_190' title='bbox 900 2445 992 2497; x_wconf 74' lang='grc' dir='ltr'>καὶ</span> <span class='ocrx_word' id='word_1_191' title='bbox 1012 2445 1221 2498; x_wconf 79' lang='grc' dir='ltr'>κελεύει</span> <span class='ocrx_word' id='word_1_192' title='bbox 1247 2448 1275 2499; x_wconf 93' lang='lat'><strong>6</strong></span> <span class='ocrx_word' id='word_1_193' title='bbox 1305 2443 1516 2520; x_wconf 79' lang='grc' dir='ltr'>ζώντων</span> <span class='ocrx_word' id='word_1_194' title='bbox 1537 2447 1631 2500; x_wconf 76' lang='grc' dir='ltr'>καὶ</span> <span class='ocrx_word' id='word_1_195' title='bbox 1650 2448 1857 2520; x_wconf 82' lang='grc' dir='ltr'>νεκρῶν</span> 
     </span>
    </p>
   </div>
   <div class='ocr_carea' id='block_1_28' title="bbox 310 2529 1133 2609">
    <p class='ocr_par' dir='ltr' id='par_1_28' title="bbox 310 2529 1133 2609">
     <span class='ocr_line' id='line_1_28' title="bbox 310 2529 1133 2609; baseline 0.011 -27"><span class='ocrx_word' id='word_1_196' title='bbox 310 2529 649 2604; x_wconf 72' lang='grc' dir='ltr'>ἐξουσιαστῆς</span> <span class='ocrx_word' id='word_1_197' title='bbox 679 2535 772 2587; x_wconf 77' lang='grc' dir='ltr'>καὶ</span> <span class='ocrx_word' id='word_1_198' title='bbox 801 2535 930 2599; x_wconf 88' lang='grc' dir='ltr'>Θεὸς</span> <span class='ocrx_word' id='word_1_199' title='bbox 957 2537 1133 2609; x_wconf 76' lang='grc' dir='ltr'>ἡμῶν.</span> 
     </span>
    </p>
   </div>
   <div class='ocr_carea' id='block_1_29' title="bbox 380 2622 1855 2702">
    <p class='ocr_par' dir='ltr' id='par_1_29' title="bbox 380 2622 1855 2702">
     <span class='ocr_line' id='line_1_29' title="bbox 380 2622 1855 2702; baseline 0.007 -25"><span class='ocrx_word' id='word_1_200' title='bbox 380 2624 570 2694; x_wconf 85' lang='grc' dir='ltr'>Ἐρώτ.</span> <span class='ocrx_word' id='word_1_201' title='bbox 605 2625 698 2679; x_wconf 81' lang='grc' dir='ltr'>λε’.</span> <span class='ocrx_word' id='word_1_202' title='bbox 723 2622 868 2698; x_wconf 74' lang='grc' dir='ltr'><strong>τΑρα</strong></span> <span class='ocrx_word' id='word_1_203' title='bbox 906 2627 1126 2684; x_wconf 89' lang='grc' dir='ltr'>δυνατὸν</span> <span class='ocrx_word' id='word_1_204' title='bbox 1168 2628 1403 2698; x_wconf 76' lang='grc' dir='ltr'>γνῶναι,</span> <span class='ocrx_word' id='word_1_205' title='bbox 1435 2629 1576 2695; x_wconf 82' lang='grc' dir='ltr'>τίνος</span> <span class='ocrx_word' id='word_1_206' title='bbox 1606 2633 1763 2702; x_wconf 84' lang='grc' dir='ltr'>χάριν</span> <span class='ocrx_word' id='word_1_207' title='bbox 1797 2635 1855 2687; x_wconf 91' lang='grc' dir='ltr'><strong>οὐ</strong></span> 
     </span>
    </p>
   </div>
   <div class='ocr_carea' id='block_1_30' title="bbox 310 2713 1859 2788">
    <p class='ocr_par' dir='ltr' id='par_1_30' title="bbox 310 2713 1859 2788">
     <span class='ocr_line' id='line_1_30' title="bbox 310 2713 1859 2788; baseline 0.008 -23"><span class='ocrx_word' id='word_1_208' title='bbox 310 2713 674 2786; x_wconf 81' lang='grc' dir='ltr'>συνεχώρησεν</span> <span class='ocrx_word' id='word_1_209' title='bbox 704 2717 733 2769; x_wconf 92' lang='lat'><strong>6</strong></span> <span class='ocrx_word' id='word_1_210' title='bbox 763 2715 894 2780; x_wconf 87' lang='grc' dir='ltr'>Θεὸς</span> <span class='ocrx_word' id='word_1_211' title='bbox 926 2717 1101 2788; x_wconf 79' lang='grc' dir='ltr'>ψυχήν</span> <span class='ocrx_word' id='word_1_212' title='bbox 1123 2736 1264 2782; x_wconf 90' lang='grc' dir='ltr'>τινος</span> <span class='ocrx_word' id='word_1_213' title='bbox 1308 2719 1417 2773; x_wconf 88' lang='grc' dir='ltr'><strong>τῶν</strong></span> <span class='ocrx_word' id='word_1_214' title='bbox 1459 2721 1575 2775; x_wconf 74' lang='grc' dir='ltr'>ἐκεῖ</span> <span class='ocrx_word' id='word_1_215' title='bbox 1601 2721 1859 2778; x_wconf 84' lang='grc' dir='ltr'>ἀπελθόν-</span> 
     </span>
    </p>
   </div>
   <div class='ocr_carea' id='block_1_31' title="bbox 307 2807 1858 2887">
    <p class='ocr_par' dir='ltr' id='par_1_31' title="bbox 307 2807 1858 2887">
     <span class='ocr_line' id='line_1_31' title="bbox 307 2807 1858 2887; baseline 0.008 -29"><span class='ocrx_word' id='word_1_216' title='bbox 307 2823 407 2859; x_wconf 89' lang='grc' dir='ltr'><strong>των</strong></span> <span class='ocrx_word' id='word_1_217' title='bbox 447 2807 761 2862; x_wconf 75' lang='grc' dir='ltr'>ἐπανελθεῖν</span> <span class='ocrx_word' id='word_1_218' title='bbox 802 2810 938 2881; x_wconf 87' lang='grc' dir='ltr'>πρὸς</span> <span class='ocrx_word' id='word_1_219' title='bbox 977 2813 1123 2882; x_wconf 78' lang='grc' dir='ltr'>ἡμᾶς</span> <span class='ocrx_word' id='word_1_220' title='bbox 1146 2851 1160 2876; x_wconf 92' lang='grc'><strong>,</strong></span> <span class='ocrx_word' id='word_1_221' title='bbox 1192 2814 1284 2867; x_wconf 80' lang='grc' dir='ltr'><strong>καὶ</strong></span> <span class='ocrx_word' id='word_1_222' title='bbox 1317 2813 1712 2887; x_wconf 79' lang='grc' dir='ltr'>διηγήσασθαι,</span> <span class='ocrx_word' id='word_1_223' title='bbox 1743 2817 1858 2882; x_wconf 88' lang='grc' dir='ltr'><strong>πῶς</strong></span> 
     </span>
    </p>
   </div>
   <div class='ocr_carea' id='block_1_32' title="bbox 311 2889 1854 2982">
    <p class='ocr_par' dir='ltr' id='par_1_32' title="bbox 311 2889 1854 2982">
     <span class='ocr_line' id='line_1_32' title="bbox 311 2889 1854 2982; baseline 0.011 -35"><span class='ocrx_word' id='word_1_224' title='bbox 311 2889 406 2950; x_wconf 77' lang='grc' dir='ltr'>εἰσι</span> <span class='ocrx_word' id='word_1_225' title='bbox 435 2898 502 2951; x_wconf 75' lang='grc' dir='ltr'>τὰ</span> <span class='ocrx_word' id='word_1_226' title='bbox 531 2900 834 2971; x_wconf 80' lang='grc' dir='ltr'>πράγματα</span> <span class='ocrx_word' id='word_1_227' title='bbox 861 2904 919 2957; x_wconf 82' lang='grc' dir='ltr'>ὲν</span> <span class='ocrx_word' id='word_1_228' title='bbox 944 2901 1022 2973; x_wconf 78' lang='grc' dir='ltr'>τῷ</span> <span class='ocrx_word' id='word_1_229' title='bbox 1047 2902 1150 2977; x_wconf 71' lang='grc' dir='ltr'><strong>ᾅδῃ</strong></span> <span class='ocrx_word' id='word_1_230' title='bbox 1179 2904 1314 2978; x_wconf 71' lang='grc'>(44),</span> <span class='ocrx_word' id='word_1_231' title='bbox 1355 2907 1450 2960; x_wconf 75' lang='grc' dir='ltr'>καὶ</span> <span class='ocrx_word' id='word_1_232' title='bbox 1475 2907 1560 2982; x_wconf 81' lang='grc' dir='ltr'><strong>τίς</strong></span> <span class='ocrx_word' id='word_1_233' title='bbox 1585 2909 1618 2978; x_wconf 83' lang='grc' dir='ltr'><strong>ή</strong></span> <span class='ocrx_word' id='word_1_234' title='bbox 1643 2909 1854 2981; x_wconf 82' lang='grc' dir='ltr'>ἀνάγκη</span> 
     </span>
    </p>
   </div>
   <div class='ocr_carea' id='block_1_33' title="bbox 311 2986 882 3060">
    <p class='ocr_par' dir='ltr' id='par_1_33' title="bbox 311 2986 882 3060">
     <span class='ocr_line' id='line_1_33' title="bbox 311 2986 882 3060; baseline 0.012 -22"><span class='ocrx_word' id='word_1_235' title='bbox 311 2986 341 3056; x_wconf 75' lang='grc' dir='ltr'><strong>ἡ</strong></span> <span class='ocrx_word' id='word_1_236' title='bbox 367 2989 480 3040; x_wconf 81' lang='grc' dir='ltr'>ἐκεῖ</span> <span class='ocrx_word' id='word_1_237' title='bbox 527 2989 848 3060; x_wconf 82' lang='grc' dir='ltr'>ὑπάρχουσα</span> <span class='ocrx_word' id='word_1_238' title='bbox 867 3009 882 3058; x_wconf 89' lang='grc'><strong>;</strong></span> 
     </span>
    </p>
   </div>
   <div class='ocr_carea' id='block_1_34' title="bbox 1967 521 3065 592">
    <p class='ocr_par' dir='ltr' id='par_1_34' title="bbox 1967 521 3065 592">
     <span class='ocr_line' id='line_1_34' title="bbox 1967 521 3065 592; baseline 0.006 -21"><span class='ocrx_word' id='word_1_239' title='bbox 1967 528 2131 588; x_wconf 86' lang='lat' dir='ltr'><strong>agunt</strong></span> <span class='ocrx_word' id='word_1_240' title='bbox 2170 521 2362 575; x_wconf 63' lang='lat' dir='ltr'><strong>animae</strong></span> <span class='ocrx_word' id='word_1_241' title='bbox 2386 538 2505 592; x_wconf 72' lang='lat' dir='ltr'><strong>qua:</strong></span> <span class='ocrx_word' id='word_1_242' title='bbox 2530 523 2640 591; x_wconf 88' lang='lat' dir='ltr'><strong>jam</strong></span> <span class='ocrx_word' id='word_1_243' title='bbox 2679 523 3065 580; x_wconf 83' lang='lat' dir='ltr'><strong>decesserunt?</strong></span> 
     </span>
    </p>
   </div>
   <div class='ocr_carea' id='block_1_35' title="bbox 2034 608 3513 684">
    <p class='ocr_par' dir='ltr' id='par_1_35' title="bbox 2034 608 3513 684">
     <span class='ocr_line' id='line_1_35' title="bbox 2034 608 3513 684; baseline 0.006 -22"><span class='ocrx_word' id='word_1_244' title='bbox 2034 608 2193 668; x_wconf 71' lang='lat' dir='ltr'><strong>Resp.</strong></span> <span class='ocrx_word' id='word_1_245' title='bbox 2220 612 2410 668; x_wconf 84' lang='lat' dir='ltr'><strong>Anima</strong></span> <span class='ocrx_word' id='word_1_246' title='bbox 2451 629 2679 684; x_wconf 91' lang='lat' dir='ltr'><strong>corpore</strong></span> <span class='ocrx_word' id='word_1_247' title='bbox 2731 613 2958 670; x_wconf 86' lang='lat' dir='ltr'><strong>liberata</strong></span> <span class='ocrx_word' id='word_1_248' title='bbox 3001 631 3102 670; x_wconf 83' lang='lat' dir='ltr'><strong>nec.</strong></span> <span class='ocrx_word' id='word_1_249' title='bbox 3157 616 3358 671; x_wconf 90' lang='lat' dir='ltr'><strong>bonum</strong></span> <span class='ocrx_word' id='word_1_250' title='bbox 3413 630 3513 671; x_wconf 87' lang='lat' dir='ltr'><strong>nec</strong></span> 
     </span>
    </p>
   </div>
   <div class='ocr_carea' id='block_1_36' title="bbox 1964 705 3512 779">
    <p class='ocr_par' dir='ltr' id='par_1_36' title="bbox 1964 705 3512 779">
     <span class='ocr_line' id='line_1_36' title="bbox 1964 705 3512 779; baseline 0.005 -23"><span class='ocrx_word' id='word_1_251' title='bbox 1964 705 2165 757; x_wconf 89' lang='lat' dir='ltr'><strong>malum</strong></span> <span class='ocrx_word' id='word_1_252' title='bbox 2195 712 2376 775; x_wconf 91' lang='lat' dir='ltr'><strong>potest</strong></span> <span class='ocrx_word' id='word_1_253' title='bbox 2401 705 2636 762; x_wconf 79' lang='lat' dir='ltr'><strong>efﬁcere.</strong></span> <span class='ocrx_word' id='word_1_254' title='bbox 2692 705 2826 762; x_wconf 85' lang='lat' dir='ltr'><strong>Nam</strong></span> <span class='ocrx_word' id='word_1_255' title='bbox 2878 708 3117 764; x_wconf 89' lang='lat' dir='ltr'><strong>visiones</strong></span> <span class='ocrx_word' id='word_1_256' title='bbox 3137 723 3273 779; x_wconf 88' lang='lat' dir='ltr'><strong>quas</strong></span> <span class='ocrx_word' id='word_1_257' title='bbox 3300 709 3367 764; x_wconf 92' lang='lat' dir='ltr'><strong>de</strong></span> <span class='ocrx_word' id='word_1_258' title='bbox 3404 709 3512 764; x_wconf 88' lang='lat' dir='ltr'><strong>illis</strong></span> 
     </span>
    </p>
   </div>
   <div class='ocr_carea' id='block_1_37' title="bbox 1963 795 3511 865">
    <p class='ocr_par' dir='ltr' id='par_1_37' title="bbox 1963 795 3511 865">
     <span class='ocr_line' id='line_1_37' title="bbox 1963 795 3511 865; baseline 0.004 -17"><span class='ocrx_word' id='word_1_259' title='bbox 1963 795 2182 865; x_wconf 85' lang='lat' dir='ltr'><strong>quidam</strong></span> <span class='ocrx_word' id='word_1_260' title='bbox 2204 804 2453 860; x_wconf 86' lang='lat' dir='ltr'><strong>cernunt,</strong></span> <span class='ocrx_word' id='word_1_261' title='bbox 2483 796 2626 853; x_wconf 85' lang='lat' dir='ltr'><strong>Deus</strong></span> <span class='ocrx_word' id='word_1_262' title='bbox 2654 797 2721 852; x_wconf 83' lang='lat' dir='ltr'><strong>ad</strong></span> <span class='ocrx_word' id='word_1_263' title='bbox 2749 806 2994 853; x_wconf 87' lang='lat' dir='ltr'><strong>nostrum</strong></span> <span class='ocrx_word' id='word_1_264' title='bbox 3025 799 3366 854; x_wconf 90' lang='lat' dir='ltr'><strong>commodum</strong></span> <span class='ocrx_word' id='word_1_265' title='bbox 3397 800 3511 854; x_wconf 87' lang='lat' dir='ltr'><strong>dis-</strong></span> 
     </span>
    </p>
   </div>
   <div class='ocr_carea' id='block_1_38' title="bbox 1962 885 3510 961">
    <p class='ocr_par' dir='ltr' id='par_1_38' title="bbox 1962 885 3510 961">
     <span class='ocr_line' id='line_1_38' title="bbox 1962 885 3510 961; baseline 0.004 -21"><span class='ocrx_word' id='word_1_266' title='bbox 1962 894 2170 955; x_wconf 90' lang='lat' dir='ltr'><strong>pensat.</strong></span> <span class='ocrx_word' id='word_1_267' title='bbox 2205 885 2665 952; x_wconf 84' lang='lat' dir='ltr'><strong>Quemadmodum</strong></span> <span class='ocrx_word' id='word_1_268' title='bbox 2697 889 2840 944; x_wconf 89' lang='lat' dir='ltr'><strong>enim</strong></span> <span class='ocrx_word' id='word_1_269' title='bbox 2881 890 3020 960; x_wconf 84' lang='lat' dir='ltr'><strong>lyra,</strong></span> <span class='ocrx_word' id='word_1_270' title='bbox 3061 891 3168 946; x_wconf 87' lang='lat' dir='ltr'><strong>nisi</strong></span> <span class='ocrx_word' id='word_1_271' title='bbox 3205 892 3510 961; x_wconf 79' lang='lat' dir='ltr'><strong>pulsantem</strong></span> 
     </span>
    </p>
   </div>
   <div class='ocr_carea' id='block_1_39' title="bbox 1962 978 3508 1047">
    <p class='ocr_par' dir='ltr' id='par_1_39' title="bbox 1962 978 3508 1047">
     <span class='ocr_line' id='line_1_39' title="bbox 1962 978 3508 1047; baseline 0.003 -17"><span class='ocrx_word' id='word_1_272' title='bbox 1962 979 2195 1047; x_wconf 84' lang='lat' dir='ltr'><strong>aliquem</strong></span> <span class='ocrx_word' id='word_1_273' title='bbox 2255 987 2416 1033; x_wconf 87' lang='lat' dir='ltr'><strong>nacta</strong></span> <span class='ocrx_word' id='word_1_274' title='bbox 2479 978 2662 1042; x_wconf 80' lang='lat' dir='ltr'><strong>fuerit,</strong></span> <span class='ocrx_word' id='word_1_275' title='bbox 2718 995 2858 1035; x_wconf 82' lang='lat' dir='ltr'><strong>vana</strong></span> <span class='ocrx_word' id='word_1_276' title='bbox 2909 989 2962 1037; x_wconf 89' lang='lat' dir='ltr'><strong>et</strong></span> <span class='ocrx_word' id='word_1_277' title='bbox 3001 983 3208 1038; x_wconf 89' lang='lat' dir='ltr'><strong>inutilis</strong></span> <span class='ocrx_word' id='word_1_278' title='bbox 3250 984 3508 1039; x_wconf 85' lang='lat' dir='ltr'><strong>videtur:</strong></span> 
     </span>
    </p>
   </div>
   <div class='ocr_carea' id='block_1_40' title="bbox 1961 1071 3508 1146">
    <p class='ocr_par' dir='ltr' id='par_1_40' title="bbox 1961 1071 3508 1146">
     <span class='ocr_line' id='line_1_40' title="bbox 1961 1071 3508 1146; baseline 0.003 -22"><span class='ocrx_word' id='word_1_279' title='bbox 1961 1071 2041 1125; x_wconf 90' lang='lat' dir='ltr'><strong>sic</strong></span> <span class='ocrx_word' id='word_1_280' title='bbox 2065 1072 2244 1124; x_wconf 89' lang='lat' dir='ltr'><strong>anima</strong></span> <span class='ocrx_word' id='word_1_281' title='bbox 2301 1081 2353 1126; x_wconf 87' lang='lat' dir='ltr'><strong>et</strong></span> <span class='ocrx_word' id='word_1_282' title='bbox 2390 1085 2590 1140; x_wconf 89' lang='lat' dir='ltr'><strong>corpus</strong></span> <span class='ocrx_word' id='word_1_283' title='bbox 2644 1081 2768 1142; x_wconf 87' lang='lat' dir='ltr'><strong>post</strong></span> <span class='ocrx_word' id='word_1_284' title='bbox 2820 1081 3073 1130; x_wconf 86' lang='lat' dir='ltr'><strong>mutuam</strong></span> <span class='ocrx_word' id='word_1_285' title='bbox 3113 1076 3508 1146; x_wconf 80' lang='lat' dir='ltr'><strong>separationem</strong></span> 
     </span>
    </p>
   </div>
   <div class='ocr_carea' id='block_1_41' title="bbox 1962 1162 3510 1234">
    <p class='ocr_par' dir='ltr' id='par_1_41' title="bbox 1962 1162 3510 1234">
     <span class='ocr_line' id='line_1_41' title="bbox 1962 1162 3510 1234; baseline 0.004 -19"><span class='ocrx_word' id='word_1_286' title='bbox 1962 1162 2094 1215; x_wconf 91' lang='lat' dir='ltr'><strong>nihil</strong></span> <span class='ocrx_word' id='word_1_287' title='bbox 2130 1170 2357 1232; x_wconf 77' lang='lat' dir='ltr'><strong>possunt</strong></span> <span class='ocrx_word' id='word_1_288' title='bbox 2408 1178 2587 1233; x_wconf 86' lang='lat' dir='ltr'><strong>agere.</strong></span> <span class='ocrx_word' id='word_1_289' title='bbox 2643 1163 2828 1234; x_wconf 90' lang='lat' dir='ltr'><strong>Itaque</strong></span> <span class='ocrx_word' id='word_1_290' title='bbox 2875 1177 3188 1220; x_wconf 90' lang='lat' dir='ltr'><strong>sanctorum</strong></span> <span class='ocrx_word' id='word_1_291' title='bbox 3251 1167 3444 1221; x_wconf 72' lang='lat' dir='ltr'><strong>anima:</strong></span> <span class='ocrx_word' id='word_1_292' title='bbox 3478 1183 3510 1221; x_wconf 86' lang='lat' dir='ltr'><strong>a</strong></span> 
     </span>
    </p>
   </div>
   <div class='ocr_carea' id='block_1_42' title="bbox 1964 1252 3509 1331">
    <p class='ocr_par' dir='ltr' id='par_1_42' title="bbox 1964 1252 3509 1331">
     <span class='ocr_line' id='line_1_42' title="bbox 1964 1252 3509 1331; baseline 0.003 -24"><span class='ocrx_word' id='word_1_293' title='bbox 1964 1262 2154 1307; x_wconf 88' lang='lat' dir='ltr'><strong>sancto</strong></span> <span class='ocrx_word' id='word_1_294' title='bbox 2184 1252 2390 1323; x_wconf 90' lang='lat' dir='ltr'><strong>Spiritu</strong></span> <span class='ocrx_word' id='word_1_295' title='bbox 2424 1255 2658 1325; x_wconf 69' lang='lat' dir='ltr'><strong>agitatae,</strong></span> <span class='ocrx_word' id='word_1_296' title='bbox 2690 1271 2813 1310; x_wconf 89' lang='lat' dir='ltr'><strong>cum</strong></span> <span class='ocrx_word' id='word_1_297' title='bbox 2853 1257 3057 1326; x_wconf 82' lang='lat' dir='ltr'><strong>angelis</strong></span> <span class='ocrx_word' id='word_1_298' title='bbox 3098 1259 3152 1312; x_wconf 91' lang='lat' dir='ltr'><strong>in</strong></span> <span class='ocrx_word' id='word_1_299' title='bbox 3183 1259 3400 1331; x_wconf 85' lang='lat' dir='ltr'><strong>regione</strong></span> <span class='ocrx_word' id='word_1_300' title='bbox 3427 1259 3509 1313; x_wconf 82' lang='lat' dir='ltr'><strong>vi-</strong></span> 
     </span>
    </p>
   </div>
   <div class='ocr_carea' id='block_1_43' title="bbox 1963 1342 3288 1414">
    <p class='ocr_par' dir='ltr' id='par_1_43' title="bbox 1963 1342 3288 1414">
     <span class='ocr_line' id='line_1_43' title="bbox 1963 1342 3288 1414; baseline 0.003 -16"><span class='ocrx_word' id='word_1_301' title='bbox 1963 1342 2200 1398; x_wconf 86' lang='lat' dir='ltr'><strong>ventium</strong></span> <span class='ocrx_word' id='word_1_302' title='bbox 2228 1343 2396 1397; x_wconf 90' lang='lat' dir='ltr'><strong>Deum</strong></span> <span class='ocrx_word' id='word_1_303' title='bbox 2425 1344 2642 1414; x_wconf 87' lang='lat' dir='ltr'><strong>hymnis</strong></span> <span class='ocrx_word' id='word_1_304' title='bbox 2672 1345 2895 1399; x_wconf 88' lang='lat' dir='ltr'><strong>laudant</strong></span> <span class='ocrx_word' id='word_1_305' title='bbox 2921 1353 2974 1400; x_wconf 89' lang='lat' dir='ltr'><strong>et</strong></span> <span class='ocrx_word' id='word_1_306' title='bbox 2997 1347 3288 1402; x_wconf 70' lang='lat' dir='ltr'><strong>exsultant.</strong></span> 
     </span>
    </p>
   </div>
   <div class='ocr_carea' id='block_1_44' title="bbox 2027 1514 3506 1591">
    <p class='ocr_par' dir='ltr' id='par_1_44' title="bbox 2027 1514 3506 1591">
     <span class='ocr_line' id='line_1_44' title="bbox 2027 1514 3506 1591; baseline 0.005 -22"><span class='ocrx_word' id='word_1_307' title='bbox 2027 1515 2245 1581; x_wconf 60' lang='lat' dir='ltr'><strong>Quss&#39;r.</strong></span> <span class='ocrx_word' id='word_1_308' title='bbox 2278 1514 2511 1572; x_wconf 73' lang='lat' dir='ltr'><strong>XXXIV.</strong></span> <span class='ocrx_word' id='word_1_309' title='bbox 2539 1515 2678 1583; x_wconf 87' lang='lat' dir='ltr'><strong>Quid</strong></span> <span class='ocrx_word' id='word_1_310' title='bbox 2707 1517 3170 1591; x_wconf 82' lang='lat' dir='ltr'><strong>ergo?Nullumne</strong></span> <span class='ocrx_word' id='word_1_311' title='bbox 3189 1520 3506 1576; x_wconf 87' lang='lat' dir='ltr'><strong>beneﬁcium</strong></span> 
     </span>
    </p>
   </div>
   <div class='ocr_carea' id='block_1_45' title="bbox 1959 1607 3508 1682">
    <p class='ocr_par' dir='ltr' id='par_1_45' title="bbox 1959 1607 3508 1682">
     <span class='ocr_line' id='line_1_45' title="bbox 1959 1607 3508 1682; baseline 0.003 -21"><span class='ocrx_word' id='word_1_312' title='bbox 1959 1607 2264 1676; x_wconf 88' lang='lat' dir='ltr'><strong>percipiunt</strong></span> <span class='ocrx_word' id='word_1_313' title='bbox 2285 1617 2631 1678; x_wconf 77' lang='lat' dir='ltr'><strong>peccatorum</strong></span> <span class='ocrx_word' id='word_1_314' title='bbox 2676 1611 2886 1674; x_wconf 63' lang='lat' dir='ltr'><strong>animae,</strong></span> <span class='ocrx_word' id='word_1_315' title='bbox 2919 1626 3042 1664; x_wconf 89' lang='lat' dir='ltr'><strong>cum</strong></span> <span class='ocrx_word' id='word_1_316' title='bbox 3085 1627 3185 1682; x_wconf 91' lang='lat' dir='ltr'><strong>pro</strong></span> <span class='ocrx_word' id='word_1_317' title='bbox 3216 1612 3350 1682; x_wconf 86' lang='lat' dir='ltr'><strong>ipsis</strong></span> <span class='ocrx_word' id='word_1_318' title='bbox 3374 1612 3508 1666; x_wconf 89' lang='lat' dir='ltr'><strong>ﬁunt</strong></span> 
     </span>
    </p>
   </div>
   <div class='ocr_carea' id='block_1_46' title="bbox 1959 1701 3084 1772">
    <p class='ocr_par' dir='ltr' id='par_1_46' title="bbox 1959 1701 3084 1772">
     <span class='ocr_line' id='line_1_46' title="bbox 1959 1701 3084 1772; baseline 0.003 -18"><span class='ocrx_word' id='word_1_319' title='bbox 1959 1715 2211 1772; x_wconf 80' lang='lat' dir='ltr'><strong>synaxes,</strong></span> <span class='ocrx_word' id='word_1_320' title='bbox 2241 1701 2606 1757; x_wconf 71' lang='lat' dir='ltr'><strong>beneﬁcentiae</strong></span> <span class='ocrx_word' id='word_1_321' title='bbox 2642 1711 2696 1756; x_wconf 90' lang='lat' dir='ltr'><strong>et</strong></span> <span class='ocrx_word' id='word_1_322' title='bbox 2721 1702 3084 1758; x_wconf 84' lang='lat' dir='ltr'><strong>oblationes?-</strong></span> 
     </span>
    </p>
   </div>
   <div class='ocr_carea' id='block_1_47' title="bbox 2003 1790 3509 1868">
    <p class='ocr_par' dir='ltr' id='par_1_47' title="bbox 2003 1790 3509 1868">
     <span class='ocr_line' id='line_1_47' title="bbox 2003 1790 3509 1868; baseline 0.005 -24"><span class='ocrx_word' id='word_1_323' title='bbox 2003 1790 2192 1868; x_wconf 29' lang='lat' dir='ltr'><strong>.Rssr.</strong></span> <span class='ocrx_word' id='word_1_324' title='bbox 2224 1791 2339 1848; x_wconf 87' lang='lat' dir='ltr'><strong>Nisi</strong></span> <span class='ocrx_word' id='word_1_325' title='bbox 2358 1793 2483 1849; x_wconf 89' lang='lat' dir='ltr'><strong>inde</strong></span> <span class='ocrx_word' id='word_1_326' title='bbox 2526 1794 2759 1864; x_wconf 86' lang='lat' dir='ltr'><strong>alicujus</strong></span> <span class='ocrx_word' id='word_1_327' title='bbox 2793 1795 3084 1865; x_wconf 84' lang='lat' dir='ltr'><strong>participes</strong></span> <span class='ocrx_word' id='word_1_328' title='bbox 3111 1805 3295 1852; x_wconf 87' lang='lat' dir='ltr'><strong>essent</strong></span> <span class='ocrx_word' id='word_1_329' title='bbox 3347 1799 3509 1853; x_wconf 87' lang='lat' dir='ltr'><strong>bene-</strong></span> 
     </span>
    </p>
   </div>
   <div class='ocr_carea' id='block_1_48' title="bbox 1962 1885 3506 1950">
    <p class='ocr_par' dir='ltr' id='par_1_48' title="bbox 1962 1885 3506 1950">
     <span class='ocr_line' id='line_1_48' title="bbox 1962 1885 3506 1950; baseline 0.003 -11"><span class='ocrx_word' id='word_1_330' title='bbox 1962 1885 2090 1950; x_wconf 81' lang='lat' dir='ltr'><strong>ﬁcii,</strong></span> <span class='ocrx_word' id='word_1_331' title='bbox 2121 1900 2226 1940; x_wconf 90' lang='lat' dir='ltr'><strong>non</strong></span> <span class='ocrx_word' id='word_1_332' title='bbox 2257 1901 2444 1940; x_wconf 90' lang='lat' dir='ltr'><strong>eorum</strong></span> <span class='ocrx_word' id='word_1_333' title='bbox 2467 1889 2670 1942; x_wconf 88' lang='lat' dir='ltr'><strong>mentio</strong></span> <span class='ocrx_word' id='word_1_334' title='bbox 2707 1887 2856 1944; x_wconf 86' lang='lat' dir='ltr'><strong>ﬁeret</strong></span> <span class='ocrx_word' id='word_1_335' title='bbox 2885 1889 2938 1942; x_wconf 91' lang='lat' dir='ltr'><strong>in</strong></span> <span class='ocrx_word' id='word_1_336' title='bbox 2981 1889 3273 1944; x_wconf 89' lang='lat' dir='ltr'><strong>oblatione.</strong></span> <span class='ocrx_word' id='word_1_337' title='bbox 3306 1889 3506 1945; x_wconf 83' lang='lat' dir='ltr'><strong>Verum</strong></span> 
     </span>
    </p>
   </div>
   <div class='ocr_carea' id='block_1_49' title="bbox 1959 1976 3509 2053">
    <p class='ocr_par' dir='ltr' id='par_1_49' title="bbox 1959 1976 3509 2053">
     <span class='ocr_line' id='line_1_49' title="bbox 1959 1976 3509 2053; baseline 0.005 -23"><span class='ocrx_word' id='word_1_338' title='bbox 1959 1976 2411 2047; x_wconf 86' lang='lat' dir='ltr'><strong>quemadmodum</strong></span> <span class='ocrx_word' id='word_1_339' title='bbox 2438 1979 2547 2034; x_wconf 85' lang='lat' dir='ltr'><strong>vite</strong></span> <span class='ocrx_word' id='word_1_340' title='bbox 2586 1977 2720 2036; x_wconf 80' lang='lat' dir='ltr'><strong>foris</strong></span> <span class='ocrx_word' id='word_1_341' title='bbox 2761 1981 2815 2034; x_wconf 92' lang='lat' dir='ltr'><strong>in</strong></span> <span class='ocrx_word' id='word_1_342' title='bbox 2859 1997 2988 2053; x_wconf 66' lang='lat' dir='ltr'><strong>agro</strong></span> <span class='ocrx_word' id='word_1_343' title='bbox 3015 1983 3355 2047; x_wconf 83' lang='lat' dir='ltr'><strong>ﬂorescente,</strong></span> <span class='ocrx_word' id='word_1_344' title='bbox 3389 1984 3509 2051; x_wconf 89' lang='lat' dir='ltr'><strong>ejus</strong></span> 
     </span>
    </p>
   </div>
   <div class='ocr_carea' id='block_1_50' title="bbox 1961 2067 3506 2144">
    <p class='ocr_par' dir='ltr' id='par_1_50' title="bbox 1961 2067 3506 2144">
     <span class='ocr_line' id='line_1_50' title="bbox 1961 2067 3506 2144; baseline 0.006 -25"><span class='ocrx_word' id='word_1_345' title='bbox 1961 2067 2189 2136; x_wconf 88' lang='lat' dir='ltr'><strong>percipit</strong></span> <span class='ocrx_word' id='word_1_346' title='bbox 2218 2067 2439 2123; x_wconf 87' lang='lat' dir='ltr'><strong>odorem</strong></span> <span class='ocrx_word' id='word_1_347' title='bbox 2466 2069 2653 2124; x_wconf 90' lang='lat' dir='ltr'><strong>vinum</strong></span> <span class='ocrx_word' id='word_1_348' title='bbox 2698 2072 3041 2136; x_wconf 87' lang='lat' dir='ltr'><strong>conclusum,</strong></span> <span class='ocrx_word' id='word_1_349' title='bbox 3066 2075 3336 2144; x_wconf 88' lang='lat' dir='ltr'><strong>simulque</strong></span> <span class='ocrx_word' id='word_1_350' title='bbox 3355 2075 3506 2130; x_wconf 78' lang='lat' dir='ltr'><strong>emo-</strong></span> 
     </span>
    </p>
   </div>
   <div class='ocr_carea' id='block_1_51' title="bbox 1959 2160 3508 2236">
    <p class='ocr_par' dir='ltr' id='par_1_51' title="bbox 1959 2160 3508 2236">
     <span class='ocr_line' id='line_1_51' title="bbox 1959 2160 3508 2236; baseline 0.006 -24"><span class='ocrx_word' id='word_1_351' title='bbox 1959 2160 2124 2213; x_wconf 90' lang='lat' dir='ltr'><strong>rescit</strong></span> <span class='ocrx_word' id='word_1_352' title='bbox 2158 2175 2171 2210; x_wconf 92' lang='lat'>:</span> <span class='ocrx_word' id='word_1_353' title='bbox 2202 2161 2283 2215; x_wconf 89' lang='lat' dir='ltr'><strong>sic</strong></span> <span class='ocrx_word' id='word_1_354' title='bbox 2335 2160 2576 2231; x_wconf 88' lang='lat' dir='ltr'><strong>intellige</strong></span> <span class='ocrx_word' id='word_1_355' title='bbox 2620 2172 2967 2232; x_wconf 84' lang='lat' dir='ltr'><strong>peccatorum</strong></span> <span class='ocrx_word' id='word_1_356' title='bbox 3019 2166 3228 2221; x_wconf 85' lang='lat' dir='ltr'><strong>animas</strong></span> <span class='ocrx_word' id='word_1_357' title='bbox 3275 2168 3508 2236; x_wconf 86' lang='lat' dir='ltr'><strong>alicujus</strong></span> 
     </span>
    </p>
   </div>
   <div class='ocr_carea' id='block_1_52' title="bbox 1958 2251 3506 2320">
    <p class='ocr_par' dir='ltr' id='par_1_52' title="bbox 1958 2251 3506 2320">
     <span class='ocr_line' id='line_1_52' title="bbox 1958 2251 3506 2320; baseline 0.005 -17"><span class='ocrx_word' id='word_1_358' title='bbox 1958 2251 2248 2320; x_wconf 83' lang='lat' dir='ltr'><strong>participes</strong></span> <span class='ocrx_word' id='word_1_359' title='bbox 2302 2265 2424 2307; x_wconf 88' lang='lat' dir='ltr'><strong>esse</strong></span> <span class='ocrx_word' id='word_1_360' title='bbox 2486 2253 2757 2319; x_wconf 90' lang='lat' dir='ltr'><strong>beneﬁcii,</strong></span> <span class='ocrx_word' id='word_1_361' title='bbox 2789 2271 2853 2310; x_wconf 79' lang='lat' dir='ltr'><strong>ex</strong></span> <span class='ocrx_word' id='word_1_362' title='bbox 2906 2257 3192 2313; x_wconf 90' lang='lat' dir='ltr'><strong>incruento</strong></span> <span class='ocrx_word' id='word_1_363' title='bbox 3237 2259 3506 2313; x_wconf 85' lang='lat' dir='ltr'><strong>sacriﬁcio</strong></span> 
     </span>
    </p>
   </div>
   <div class='ocr_carea' id='block_1_53' title="bbox 1957 2345 3508 2420">
    <p class='ocr_par' dir='ltr' id='par_1_53' title="bbox 1957 2345 3508 2420">
     <span class='ocr_line' id='line_1_53' title="bbox 1957 2345 3508 2420; baseline 0.002 -20"><span class='ocrx_word' id='word_1_364' title='bbox 1957 2353 2012 2400; x_wconf 89' lang='lat' dir='ltr'><strong>et</strong></span> <span class='ocrx_word' id='word_1_365' title='bbox 2042 2345 2388 2401; x_wconf 87' lang='lat' dir='ltr'><strong>beneﬁcentia</strong></span> <span class='ocrx_word' id='word_1_366' title='bbox 2423 2362 2520 2416; x_wconf 90' lang='lat' dir='ltr'><strong>pro</strong></span> <span class='ocrx_word' id='word_1_367' title='bbox 2551 2347 2683 2417; x_wconf 89' lang='lat' dir='ltr'><strong>ipsis</strong></span> <span class='ocrx_word' id='word_1_368' title='bbox 2711 2347 2873 2412; x_wconf 81' lang='lat' dir='ltr'><strong>facta,</strong></span> <span class='ocrx_word' id='word_1_369' title='bbox 2910 2357 2966 2401; x_wconf 94' lang='lat' dir='ltr'><strong>ut</strong></span> <span class='ocrx_word' id='word_1_370' title='bbox 2986 2350 3135 2405; x_wconf 75' lang='lat' dir='ltr'><strong>solus</strong></span> <span class='ocrx_word' id='word_1_371' title='bbox 3163 2351 3312 2404; x_wconf 86' lang='lat' dir='ltr'><strong>novit</strong></span> <span class='ocrx_word' id='word_1_372' title='bbox 3344 2358 3396 2406; x_wconf 88' lang='lat' dir='ltr'><strong>et</strong></span> <span class='ocrx_word' id='word_1_373' title='bbox 3413 2350 3508 2420; x_wconf 79' lang='lat' dir='ltr'><strong>ju-</strong></span> 
     </span>
    </p>
   </div>
   <div class='ocr_carea' id='block_1_54' title="bbox 1956 2437 3506 2509">
    <p class='ocr_par' dir='ltr' id='par_1_54' title="bbox 1956 2437 3506 2509">
     <span class='ocr_line' id='line_1_54' title="bbox 1956 2437 3506 2509; baseline 0.005 -20"><span class='ocrx_word' id='word_1_374' title='bbox 1956 2437 2048 2490; x_wconf 89' lang='lat' dir='ltr'><strong>bet</strong></span> <span class='ocrx_word' id='word_1_375' title='bbox 2093 2437 2340 2490; x_wconf 88' lang='lat' dir='ltr'><strong>vivornm</strong></span> <span class='ocrx_word' id='word_1_376' title='bbox 2381 2446 2436 2492; x_wconf 87' lang='lat' dir='ltr'><strong>et</strong></span> <span class='ocrx_word' id='word_1_377' title='bbox 2481 2447 2816 2495; x_wconf 86' lang='lat' dir='ltr'><strong>mortuorum</strong></span> <span class='ocrx_word' id='word_1_378' title='bbox 2857 2439 3182 2509; x_wconf 81' lang='lat' dir='ltr'><strong>dominator,</strong></span> <span class='ocrx_word' id='word_1_379' title='bbox 3218 2441 3359 2498; x_wconf 86' lang='lat' dir='ltr'><strong>Deus</strong></span> <span class='ocrx_word' id='word_1_380' title='bbox 3409 2458 3506 2496; x_wconf 92' lang='lat' dir='ltr'><strong>no-</strong></span> 
     </span>
    </p>
   </div>
   <div class='ocr_carea' id='block_1_55' title="bbox 1959 2535 2090 2583">
    <p class='ocr_par' dir='ltr' id='par_1_55' title="bbox 1959 2535 2090 2583">
     <span class='ocr_line' id='line_1_55' title="bbox 1959 2535 2090 2583; baseline 0.008 -1"><span class='ocrx_word' id='word_1_381' title='bbox 1959 2535 2090 2583; x_wconf 72' lang='grc' dir='ltr'>ειετ.</span> 
     </span>
    </p>
   </div>
   <div class='ocr_carea' id='block_1_56' title="bbox 2027 2619 3508 2696">
    <p class='ocr_par' dir='ltr' id='par_1_56' title="bbox 2027 2619 3508 2696">
     <span class='ocr_line' id='line_1_56' title="bbox 2027 2619 3508 2696; baseline 0.003 -22"><span class='ocrx_word' id='word_1_382' title='bbox 2027 2619 2244 2687; x_wconf 60' lang='grc' dir='ltr'>ρυεετ.</span> <span class='ocrx_word' id='word_1_383' title='bbox 2276 2619 2490 2677; x_wconf 76' lang='lat' dir='ltr'><strong>XXXV.</strong></span> <span class='ocrx_word' id='word_1_384' title='bbox 2528 2621 2668 2677; x_wconf 87' lang='lat' dir='ltr'><strong>Num</strong></span> <span class='ocrx_word' id='word_1_385' title='bbox 2699 2624 2862 2694; x_wconf 89' lang='lat' dir='ltr'><strong>igitur</strong></span> <span class='ocrx_word' id='word_1_386' title='bbox 2884 2625 3058 2696; x_wconf 83' lang='lat' dir='ltr'><strong>possit</strong></span> <span class='ocrx_word' id='word_1_387' title='bbox 3090 2625 3220 2681; x_wconf 90' lang='lat' dir='ltr'><strong>sciri</strong></span> <span class='ocrx_word' id='word_1_388' title='bbox 3249 2640 3411 2696; x_wconf 88' lang='lat' dir='ltr'><strong>quam</strong></span> <span class='ocrx_word' id='word_1_389' title='bbox 3438 2626 3508 2679; x_wconf 91' lang='lat' dir='ltr'><strong>ob</strong></span> 
     </span>
    </p>
   </div>
   <div class='ocr_carea' id='block_1_57' title="bbox 1957 2714 3503 2786">
    <p class='ocr_par' dir='ltr' id='par_1_57' title="bbox 1957 2714 3503 2786">
     <span class='ocr_line' id='line_1_57' title="bbox 1957 2714 3503 2786; baseline 0.002 -20"><span class='ocrx_word' id='word_1_390' title='bbox 1957 2726 2176 2768; x_wconf 85' lang='lat' dir='ltr'><strong>causam</strong></span> <span class='ocrx_word' id='word_1_391' title='bbox 2201 2727 2311 2769; x_wconf 90' lang='lat' dir='ltr'><strong>non</strong></span> <span class='ocrx_word' id='word_1_392' title='bbox 2339 2714 2586 2784; x_wconf 87' lang='lat' dir='ltr'><strong>permisit</strong></span> <span class='ocrx_word' id='word_1_393' title='bbox 2611 2715 2750 2772; x_wconf 90' lang='lat' dir='ltr'><strong>Deus</strong></span> <span class='ocrx_word' id='word_1_394' title='bbox 2773 2716 3006 2771; x_wconf 89' lang='lat' dir='ltr'><strong>animam</strong></span> <span class='ocrx_word' id='word_1_395' title='bbox 3032 2717 3264 2786; x_wconf 89' lang='lat' dir='ltr'><strong>alicujus</strong></span> <span class='ocrx_word' id='word_1_396' title='bbox 3294 2731 3503 2779; x_wconf 88' lang='lat' dir='ltr'><strong>eorum,</strong></span> 
     </span>
    </p>
   </div>
   <div class='ocr_carea' id='block_1_58' title="bbox 1957 2806 3506 2881">
    <p class='ocr_par' dir='ltr' id='par_1_58' title="bbox 1957 2806 3506 2881">
     <span class='ocr_line' id='line_1_58' title="bbox 1957 2806 3506 2881; baseline 0.003 -21"><span class='ocrx_word' id='word_1_397' title='bbox 1957 2808 2050 2876; x_wconf 88' lang='lat' dir='ltr'><strong>qui</strong></span> <span class='ocrx_word' id='word_1_398' title='bbox 2093 2806 2222 2862; x_wconf 89' lang='lat' dir='ltr'><strong>illuc</strong></span> <span class='ocrx_word' id='word_1_399' title='bbox 2269 2808 2665 2875; x_wconf 87' lang='lat' dir='ltr'><strong>discesserunt,</strong></span> <span class='ocrx_word' id='word_1_400' title='bbox 2721 2808 2897 2865; x_wconf 87' lang='lat' dir='ltr'><strong>redire</strong></span> <span class='ocrx_word' id='word_1_401' title='bbox 2951 2809 3019 2864; x_wconf 91' lang='lat' dir='ltr'><strong>ad</strong></span> <span class='ocrx_word' id='word_1_402' title='bbox 3083 2825 3202 2874; x_wconf 91' lang='lat' dir='ltr'><strong>nos,</strong></span> <span class='ocrx_word' id='word_1_403' title='bbox 3240 2810 3506 2881; x_wconf 87' lang='lat' dir='ltr'><strong>nobisque</strong></span> 
     </span>
    </p>
   </div>
   <div class='ocr_carea' id='block_1_59' title="bbox 1957 2901 3501 2975">
    <p class='ocr_par' dir='ltr' id='par_1_59' title="bbox 1957 2901 3501 2975">
     <span class='ocr_line' id='line_1_59' title="bbox 1957 2901 3501 2975; baseline 0.002 -19"><span class='ocrx_word' id='word_1_404' title='bbox 1957 2915 2211 2956; x_wconf 85' lang='lat' dir='ltr'><strong>enarrare</strong></span> <span class='ocrx_word' id='word_1_405' title='bbox 2237 2901 2509 2972; x_wconf 90' lang='lat' dir='ltr'><strong>quomodo</strong></span> <span class='ocrx_word' id='word_1_406' title='bbox 2568 2918 2628 2958; x_wconf 90' lang='lat' dir='ltr'><strong>se</strong></span> <span class='ocrx_word' id='word_1_407' title='bbox 2681 2917 2769 2959; x_wconf 90' lang='lat' dir='ltr'><strong>res</strong></span> <span class='ocrx_word' id='word_1_408' title='bbox 2820 2903 3052 2959; x_wconf 88' lang='lat' dir='ltr'><strong>habeant</strong></span> <span class='ocrx_word' id='word_1_409' title='bbox 3095 2903 3236 2975; x_wconf 89' lang='lat' dir='ltr'><strong>apud</strong></span> <span class='ocrx_word' id='word_1_410' title='bbox 3277 2902 3501 2967; x_wconf 79' lang='lat' dir='ltr'><strong>inferos,</strong></span> 
     </span>
    </p>
   </div>
   <div class='ocr_carea' id='block_1_60' title="bbox 1957 2993 2655 3065">
    <p class='ocr_par' dir='ltr' id='par_1_60' title="bbox 1957 2993 2655 3065">
     <span class='ocr_line' id='line_1_60' title="bbox 1957 2993 2655 3065; baseline 0.001 -17"><span class='ocrx_word' id='word_1_411' title='bbox 1957 3009 2142 3064; x_wconf 68' lang='lat' dir='ltr'><strong>quaeve</strong></span> <span class='ocrx_word' id='word_1_412' title='bbox 2169 2993 2239 3050; x_wconf 89' lang='lat' dir='ltr'><strong>sit</strong></span> <span class='ocrx_word' id='word_1_413' title='bbox 2261 2994 2334 3048; x_wconf 88' lang='lat' dir='ltr'><strong>ibi</strong></span> <span class='ocrx_word' id='word_1_414' title='bbox 2361 2995 2611 3065; x_wconf 85' lang='lat' dir='ltr'><strong>angustia</strong></span> <span class='ocrx_word' id='word_1_415' title='bbox 2631 2995 2655 3049; x_wconf 69' lang='grc' dir='ltr'><em>ἲ</em></span> 
     </span>
    </p>
   </div>
   <div class='ocr_carea' id='block_1_61' title="bbox 383 3082 1858 3162">
    <p class='ocr_par' dir='ltr' id='par_1_61' title="bbox 383 3082 1854 3162">
     <span class='ocr_line' id='line_1_61' title="bbox 383 3082 1854 3162; baseline 0.008 -28"><span class='ocrx_word' id='word_1_416' title='bbox 383 3082 568 3135; x_wconf 78' lang='grc' dir='ltr'>’Δπόκ.</span> <span class='ocrx_word' id='word_1_417' title='bbox 591 3083 768 3156; x_wconf 82' lang='grc' dir='ltr'>Πολλὴ</span> <span class='ocrx_word' id='word_1_418' title='bbox 792 3084 1034 3140; x_wconf 76' lang='grc' dir='ltr'>ἐντεῦθεν</span> <span class='ocrx_word' id='word_1_419' title='bbox 1053 3087 1226 3159; x_wconf 83' lang='grc' dir='ltr'>πλάνη</span> <span class='ocrx_word' id='word_1_420' title='bbox 1260 3089 1318 3141; x_wconf 90' lang='grc' dir='ltr'>ὲν</span> <span class='ocrx_word' id='word_1_421' title='bbox 1348 3089 1425 3160; x_wconf 82' lang='grc' dir='ltr'>τῷ</span> <span class='ocrx_word' id='word_1_422' title='bbox 1458 3089 1557 3162; x_wconf 83' lang='grc' dir='ltr'>βίῳ</span> <span class='ocrx_word' id='word_1_423' title='bbox 1577 3092 1854 3149; x_wconf 83' lang='grc' dir='ltr'>τίκτεσθαι</span> 
     </span>
    </p>
   </div>
   <div class='ocr_carea' id='block_1_62' title="bbox 1959 3082 3503 3162">
    <p class='ocr_par' dir='ltr' id='par_1_62' title="bbox 2028 3082 3503 3141">
     <span class='ocr_line' id='line_1_62' title="bbox 2028 3082 3503 3141; baseline 0.001 -4"><span class='ocrx_word' id='word_1_424' title='bbox 2028 3082 2191 3140; x_wconf 68' lang='lat' dir='ltr'><strong>Resp.</strong></span> <span class='ocrx_word' id='word_1_425' title='bbox 2224 3083 2425 3140; x_wconf 89' lang='lat' dir='ltr'><strong>Multus</strong></span> <span class='ocrx_word' id='word_1_426' title='bbox 2467 3085 2593 3141; x_wconf 90' lang='lat' dir='ltr'><strong>inde</strong></span> <span class='ocrx_word' id='word_1_427' title='bbox 2617 3101 2770 3140; x_wconf 90' lang='lat' dir='ltr'><strong>error</strong></span> <span class='ocrx_word' id='word_1_428' title='bbox 2808 3085 2863 3139; x_wconf 92' lang='lat' dir='ltr'><strong>in</strong></span> <span class='ocrx_word' id='word_1_429' title='bbox 2906 3087 3013 3139; x_wconf 89' lang='lat' dir='ltr'><strong>vita</strong></span> <span class='ocrx_word' id='word_1_430' title='bbox 3048 3086 3304 3140; x_wconf 87' lang='lat' dir='ltr'><strong>oriretur.</strong></span> <span class='ocrx_word' id='word_1_431' title='bbox 3340 3083 3503 3139; x_wconf 83' lang='lat' dir='ltr'><strong>Nam-</strong></span> 
     </span>
    </p>
   </div>
   <div class='ocr_carea' id='block_1_63' title="bbox 310 3167 1860 3253">
    <p class='ocr_par' dir='ltr' id='par_1_63' title="bbox 310 3167 1860 3253">
     <span class='ocr_line' id='line_1_63' title="bbox 310 3167 1860 3253; baseline 0.014 -35"><span class='ocrx_word' id='word_1_432' title='bbox 310 3167 509 3239; x_wconf 79' lang='grc' dir='ltr'>ἔμελλε.</span> <span class='ocrx_word' id='word_1_433' title='bbox 561 3171 752 3224; x_wconf 72' lang='grc' dir='ltr'>Πολλοὶ</span> <span class='ocrx_word' id='word_1_434' title='bbox 797 3173 905 3244; x_wconf 81' lang='grc' dir='ltr'><strong>γὰρ</strong></span> <span class='ocrx_word' id='word_1_435' title='bbox 935 3175 1040 3227; x_wconf 90' lang='grc' dir='ltr'><strong>τῶν</strong></span> <span class='ocrx_word' id='word_1_436' title='bbox 1078 3175 1340 3247; x_wconf 82' lang='grc' dir='ltr'>δαιμόνων</span> <span class='ocrx_word' id='word_1_437' title='bbox 1384 3181 1442 3231; x_wconf 85' lang='grc' dir='ltr'>ὲν</span> <span class='ocrx_word' id='word_1_438' title='bbox 1471 3183 1737 3253; x_wconf 79' lang='grc' dir='ltr'>σχήμασιν</span> <span class='ocrx_word' id='word_1_439' title='bbox 1769 3185 1860 3238; x_wconf 86' lang='grc' dir='ltr'>ἀν-</span> 
     </span>
    </p>
   </div>
   <div class='ocr_carea' id='block_1_64' title="bbox 309 3259 1870 3342">
    <p class='ocr_par' dir='ltr' id='par_1_64' title="bbox 309 3259 1870 3342">
     <span class='ocr_line' id='line_1_64' title="bbox 309 3259 1870 3342; baseline 0.01 -30"><span class='ocrx_word' id='word_1_440' title='bbox 309 3259 533 3331; x_wconf 83' lang='grc' dir='ltr'>θρώπων</span> <span class='ocrx_word' id='word_1_441' title='bbox 565 3262 671 3316; x_wconf 89' lang='grc' dir='ltr'><strong>τῶν</strong></span> <span class='ocrx_word' id='word_1_442' title='bbox 702 3265 1067 3336; x_wconf 84' lang='grc' dir='ltr'>κοιμηθέντων</span> <span class='ocrx_word' id='word_1_443' title='bbox 1100 3262 1243 3338; x_wconf 74' lang='grc' dir='ltr'>εἶχον</span> <span class='ocrx_word' id='word_1_444' title='bbox 1275 3273 1870 3342; x_wconf 78' lang='grc' dir='ltr'>μετασχηματίζεσθαι,</span> 
     </span>
    </p>
   </div>
   <div class='ocr_carea' id='block_1_65' title="bbox 309 3353 1856 3432">
    <p class='ocr_par' dir='ltr' id='par_1_65' title="bbox 309 3353 1856 3432">
     <span class='ocr_line' id='line_1_65' title="bbox 309 3353 1856 3432; baseline 0.009 -28"><span class='ocrx_word' id='word_1_445' title='bbox 309 3353 396 3405; x_wconf 66' lang='grc' dir='ltr'><strong>καὶ¹</strong></span> <span class='ocrx_word' id='word_1_446' title='bbox 439 3353 660 3424; x_wconf 79' lang='grc' dir='ltr'>ἔμελλον</span> <span class='ocrx_word' id='word_1_447' title='bbox 715 3356 779 3407; x_wconf 83' lang='grc' dir='ltr'>ὲκ</span> <span class='ocrx_word' id='word_1_448' title='bbox 820 3357 1025 3428; x_wconf 83' lang='grc' dir='ltr'>νεκρῶν</span> <span class='ocrx_word' id='word_1_449' title='bbox 1073 3359 1364 3430; x_wconf 81' lang='grc' dir='ltr'>ὲγηγέρθαι</span> <span class='ocrx_word' id='word_1_450' title='bbox 1420 3364 1612 3426; x_wconf 84' lang='grc' dir='ltr'>αὐτοὺς</span> <span class='ocrx_word' id='word_1_451' title='bbox 1658 3363 1856 3432; x_wconf 86' lang='grc' dir='ltr'>λέγειν,</span> 
     </span>
    </p>
   </div>
   <div class='ocr_carea' id='block_1_66' title="bbox 310 3445 1859 3526">
    <p class='ocr_par' dir='ltr' id='par_1_66' title="bbox 310 3445 1859 3526">
     <span class='ocr_line' id='line_1_66' title="bbox 310 3445 1859 3526; baseline 0.006 -30"><span class='ocrx_word' id='word_1_452' title='bbox 310 3445 395 3497; x_wconf 74' lang='grc' dir='ltr'>καὶ</span> <span class='ocrx_word' id='word_1_453' title='bbox 437 3445 610 3499; x_wconf 79' lang='grc' dir='ltr'>πολλὰ</span> <span class='ocrx_word' id='word_1_454' title='bbox 651 3445 821 3516; x_wconf 77' lang='grc' dir='ltr'>ψευδῆ</span> <span class='ocrx_word' id='word_1_455' title='bbox 863 3447 1161 3518; x_wconf 86' lang='grc' dir='ltr'>πράγματα</span> <span class='ocrx_word' id='word_1_456' title='bbox 1195 3451 1287 3526; x_wconf 73' lang='grc' dir='ltr'>καὶ</span> <span class='ocrx_word' id='word_1_457' title='bbox 1316 3449 1557 3521; x_wconf 86' lang='grc' dir='ltr'>δόγματα</span> <span class='ocrx_word' id='word_1_458' title='bbox 1591 3453 1719 3521; x_wconf 75' lang='grc' dir='ltr'>περὶ</span> <span class='ocrx_word' id='word_1_459' title='bbox 1750 3453 1859 3507; x_wconf 86' lang='grc' dir='ltr'><strong>τῶν</strong></span> 
     </span>
    </p>
   </div>
   <div class='ocr_carea' id='block_1_67' title="bbox 309 3531 1859 3612">
    <p class='ocr_par' dir='ltr' id='par_1_67' title="bbox 309 3531 1859 3612">
     <span class='ocr_line' id='line_1_67' title="bbox 309 3531 1859 3612; baseline 0.006 -26"><span class='ocrx_word' id='word_1_460' title='bbox 309 3535 416 3588; x_wconf 73' lang='grc' dir='ltr'>ἐκεῖ</span> <span class='ocrx_word' id='word_1_461' title='bbox 438 3531 583 3606; x_wconf 70' lang='grc' dir='ltr'>εἶχον</span> <span class='ocrx_word' id='word_1_462' title='bbox 629 3537 760 3606; x_wconf 66' lang='grc' dir='ltr'><strong>¹ἡμῖν</strong></span> <span class='ocrx_word' id='word_1_463' title='bbox 797 3537 1219 3610; x_wconf 73' lang='grc' dir='ltr'>ἐγκατασπεῖραι</span> <span class='ocrx_word' id='word_1_464' title='bbox 1252 3539 1388 3612; x_wconf 86' lang='grc' dir='ltr'>πρὸς</span> <span class='ocrx_word' id='word_1_465' title='bbox 1414 3539 1510 3610; x_wconf 83' lang='grc' dir='ltr'>τὴν</span> <span class='ocrx_word' id='word_1_466' title='bbox 1538 3541 1695 3612; x_wconf 87' lang='grc' dir='ltr'>ὴμῶν</span> <span class='ocrx_word' id='word_1_467' title='bbox 1725 3541 1859 3596; x_wconf 84' lang='grc' dir='ltr'>πλά-</span> 
     </span>
    </p>
   </div>
   <div class='ocr_carea' id='block_1_68' title="bbox 307 3625 838 3698">
    <p class='ocr_par' dir='ltr' id='par_1_68' title="bbox 307 3625 838 3698">
     <span class='ocr_line' id='line_1_68' title="bbox 307 3625 838 3698; baseline 0.004 -21"><span class='ocrx_word' id='word_1_468' title='bbox 307 3644 397 3698; x_wconf 81' lang='grc' dir='ltr'><strong>νην</strong></span> <span class='ocrx_word' id='word_1_469' title='bbox 423 3629 516 3681; x_wconf 76' lang='grc' dir='ltr'>καὶ</span> <span class='ocrx_word' id='word_1_470' title='bbox 543 3625 838 3681; x_wconf 88' lang='grc' dir='ltr'>ἀπώλειαν.</span> 
     </span>
    </p>
   </div>
   <div class='ocr_carea' id='block_1_69' title="bbox 373 3718 1852 3796">
    <p class='ocr_par' dir='ltr' id='par_1_69' title="bbox 373 3718 1852 3796">
     <span class='ocr_line' id='line_1_69' title="bbox 373 3718 1852 3796; baseline 0.005 -25"><span class='ocrx_word' id='word_1_471' title='bbox 373 3719 480 3787; x_wconf 65' lang='grc'><strong>(45)</strong></span> <span class='ocrx_word' id='word_1_472' title='bbox 511 3718 705 3790; x_wconf 86' lang='grc' dir='ltr'>Ἐρώτ.</span> <span class='ocrx_word' id='word_1_473' title='bbox 757 3719 868 3785; x_wconf 82' lang='grc' dir='ltr'>λς’.</span> <span class='ocrx_word' id='word_1_474' title='bbox 921 3719 1110 3774; x_wconf 80' lang='grc' dir='ltr'>Πολλοὶ</span> <span class='ocrx_word' id='word_1_475' title='bbox 1163 3720 1411 3790; x_wconf 89' lang='grc' dir='ltr'>λέγουσιν</span> <span class='ocrx_word' id='word_1_476' title='bbox 1469 3723 1548 3775; x_wconf 83' lang='grc' dir='ltr'><strong>ότι</strong></span> <span class='ocrx_word' id='word_1_477' title='bbox 1593 3725 1852 3796; x_wconf 73' lang='grc' dir='ltr'>συνέφερε</span> 
     </span>
    </p>
   </div>
   <div class='ocr_carea' id='block_1_70' title="bbox 307 3808 1856 3886">
    <p class='ocr_par' dir='ltr' id='par_1_70' title="bbox 307 3808 1856 3886">
     <span class='ocr_line' id='line_1_70' title="bbox 307 3808 1856 3886; baseline 0.005 -25"><span class='ocrx_word' id='word_1_478' title='bbox 307 3808 376 3879; x_wconf 84' lang='grc' dir='ltr'>τῷ</span> <span class='ocrx_word' id='word_1_479' title='bbox 417 3810 689 3882; x_wconf 79' lang='grc' dir='ltr'>ἀνθρώπῳ</span> <span class='ocrx_word' id='word_1_480' title='bbox 737 3811 1128 3882; x_wconf 87' lang='grc' dir='ltr'>προγινώσκειν</span> <span class='ocrx_word' id='word_1_481' title='bbox 1173 3812 1268 3884; x_wconf 80' lang='grc' dir='ltr'>τὴν</span> <span class='ocrx_word' id='word_1_482' title='bbox 1310 3813 1523 3886; x_wconf 79' lang='grc' dir='ltr'>ἡμέραν</span> <span class='ocrx_word' id='word_1_483' title='bbox 1559 3815 1655 3886; x_wconf 87' lang='grc' dir='ltr'><strong>τῆς</strong></span> <span class='ocrx_word' id='word_1_484' title='bbox 1695 3817 1856 3870; x_wconf 75' lang='grc' dir='ltr'>αὐτοῦ</span> 
     </span>
    </p>
   </div>
   <div class='ocr_carea' id='block_1_71' title="bbox 307 3900 612 3970">
    <p class='ocr_par' dir='ltr' id='par_1_71' title="bbox 307 3900 612 3970">
     <span class='ocr_line' id='line_1_71' title="bbox 307 3900 612 3970; baseline 0.007 -20"><span class='ocrx_word' id='word_1_485' title='bbox 307 3900 571 3970; x_wconf 82' lang='grc' dir='ltr'>τελευτῆς.</span> <span class='ocrx_word' id='word_1_486' title='bbox 609 3953 612 3957; x_wconf 91' lang='lat'><strong>_</strong></span> 
     </span>
    </p>
   </div>
   <div class='ocr_carea' id='block_1_72' title="bbox 383 3990 1858 4064">
    <p class='ocr_par' dir='ltr' id='par_1_72' title="bbox 383 3990 1858 4064">
     <span class='ocr_line' id='line_1_72' title="bbox 383 3990 1858 4064; baseline 0.003 -20"><span class='ocrx_word' id='word_1_487' title='bbox 383 3993 570 4046; x_wconf 86' lang='grc' dir='ltr'>Ἀπόκ.</span> <span class='ocrx_word' id='word_1_488' title='bbox 599 3992 727 4046; x_wconf 82' lang='grc' dir='ltr'>Ἐὰν</span> <span class='ocrx_word' id='word_1_489' title='bbox 770 3990 945 4046; x_wconf 84' lang='grc' dir='ltr'>πάντα</span> <span class='ocrx_word' id='word_1_490' title='bbox 980 3993 1113 4062; x_wconf 87' lang='grc' dir='ltr'>πρὸς</span> <span class='ocrx_word' id='word_1_491' title='bbox 1151 3993 1212 4046; x_wconf 93' lang='grc' dir='ltr'><strong>τὸ</strong></span> <span class='ocrx_word' id='word_1_492' title='bbox 1250 3993 1520 4064; x_wconf 81' lang='grc' dir='ltr'>συμφέρον</span> <span class='ocrx_word' id='word_1_493' title='bbox 1560 3997 1589 4047; x_wconf 89' lang='lat'><strong>6</strong></span> <span class='ocrx_word' id='word_1_494' title='bbox 1626 3993 1756 4060; x_wconf 88' lang='grc' dir='ltr'>Θεὸς</span> <span class='ocrx_word' id='word_1_495' title='bbox 1799 3997 1858 4049; x_wconf 82' lang='grc' dir='ltr'>ὲν</span> 
     </span>
    </p>
   </div>
   <div class='ocr_carea' id='block_1_73' title="bbox 309 4083 1852 4158">
    <p class='ocr_par' dir='ltr' id='par_1_73' title="bbox 309 4083 1852 4158">
     <span class='ocr_line' id='line_1_73' title="bbox 309 4083 1852 4158; baseline 0.005 -24"><span class='ocrx_word' id='word_1_496' title='bbox 309 4083 459 4155; x_wconf 79' lang='grc' dir='ltr'>σοφίᾳ</span> <span class='ocrx_word' id='word_1_497' title='bbox 481 4084 755 4154; x_wconf 74' lang='grc' dir='ltr'>ἐποίησεν,</span> <span class='ocrx_word' id='word_1_498' title='bbox 779 4083 898 4136; x_wconf 81' lang='grc' dir='ltr'>οὐδὲ</span> <span class='ocrx_word' id='word_1_499' title='bbox 923 4084 1078 4138; x_wconf 77' lang='grc' dir='ltr'>τοῦτο</span> <span class='ocrx_word' id='word_1_500' title='bbox 1092 4085 1343 4149; x_wconf 85' lang='grc' dir='ltr'>ἀσκόπως</span> <span class='ocrx_word' id='word_1_501' title='bbox 1361 4088 1492 4157; x_wconf 80' lang='grc' dir='ltr'>ἡμῖν</span> <span class='ocrx_word' id='word_1_502' title='bbox 1522 4087 1852 4158; x_wconf 75' lang='grc' dir='ltr'>ἀπέκρυψεν.</span> 
     </span>
    </p>
   </div>
   <div class='ocr_carea' id='block_1_74' title="bbox 309 4174 1860 4250">
    <p class='ocr_par' dir='ltr' id='par_1_74' title="bbox 309 4174 1860 4250">
     <span class='ocr_line' id='line_1_74' title="bbox 309 4174 1860 4250; baseline 0.004 -25"><span class='ocrx_word' id='word_1_503' title='bbox 309 4174 364 4225; x_wconf 85' lang='lat' dir='ltr'><strong>El</strong></span> <span class='ocrx_word' id='word_1_504' title='bbox 392 4175 497 4244; x_wconf 81' lang='grc' dir='ltr'><strong>γὰρ</strong></span> <span class='ocrx_word' id='word_1_505' title='bbox 532 4174 934 4246; x_wconf 87' lang='grc' dir='ltr'>προεγίνωσκεν</span> <span class='ocrx_word' id='word_1_506' title='bbox 973 4176 1002 4227; x_wconf 89' lang='lat'><strong>6</strong></span> <span class='ocrx_word' id='word_1_507' title='bbox 1050 4174 1332 4247; x_wconf 79' lang='grc' dir='ltr'>ἄνθρωπος</span> <span class='ocrx_word' id='word_1_508' title='bbox 1371 4176 1468 4247; x_wconf 80' lang='grc' dir='ltr'>τὴν</span> <span class='ocrx_word' id='word_1_509' title='bbox 1506 4178 1716 4250; x_wconf 79' lang='grc' dir='ltr'>ἡμέραν</span> <span class='ocrx_word' id='word_1_510' title='bbox 1760 4180 1860 4250; x_wconf 86' lang='grc' dir='ltr'><strong>τῆς</strong></span> 
     </span>
    </p>
   </div>
   <div class='ocr_carea' id='block_1_75' title="bbox 309 4265 1858 4340">
    <p class='ocr_par' dir='ltr' id='par_1_75' title="bbox 309 4265 1858 4340">
     <span class='ocr_line' id='line_1_75' title="bbox 309 4265 1858 4340; baseline 0.005 -24"><span class='ocrx_word' id='word_1_511' title='bbox 309 4265 488 4318; x_wconf 74' lang='grc' dir='ltr'>ἑαυτοῦ</span> <span class='ocrx_word' id='word_1_512' title='bbox 517 4266 797 4336; x_wconf 83' lang='grc' dir='ltr'>τελευτῆς,</span> <span class='ocrx_word' id='word_1_513' title='bbox 821 4265 940 4320; x_wconf 79' lang='grc' dir='ltr'>ὅλον</span> <span class='ocrx_word' id='word_1_514' title='bbox 970 4266 1059 4318; x_wconf 90' lang='grc' dir='ltr'><strong>τὸν</strong></span> <span class='ocrx_word' id='word_1_515' title='bbox 1087 4265 1198 4336; x_wconf 83' lang='grc' dir='ltr'>βίον</span> <span class='ocrx_word' id='word_1_516' title='bbox 1232 4267 1392 4320; x_wconf 87' lang='grc' dir='ltr'>αὐτοῦ</span> <span class='ocrx_word' id='word_1_517' title='bbox 1437 4267 1656 4340; x_wconf 78' lang='grc' dir='ltr'>ἔμελλεν</span> <span class='ocrx_word' id='word_1_518' title='bbox 1687 4269 1858 4334; x_wconf 86' lang='grc' dir='ltr'>ἀδεῶς</span> 
     </span>
    </p>
   </div>
   <div class='ocr_carea' id='block_1_76' title="bbox 308 4354 1857 4434">
    <p class='ocr_par' dir='ltr' id='par_1_76' title="bbox 308 4354 1857 4434">
     <span class='ocr_line' id='line_1_76' title="bbox 308 4354 1857 4434; baseline 0.005 -28"><span class='ocrx_word' id='word_1_519' title='bbox 308 4354 710 4426; x_wconf 81' lang='grc' dir='ltr'>ἐξαμαρτάνειν,</span> <span class='ocrx_word' id='word_1_520' title='bbox 739 4356 831 4409; x_wconf 73' lang='grc' dir='ltr'>καὶ</span> <span class='ocrx_word' id='word_1_521' title='bbox 857 4356 962 4426; x_wconf 87' lang='grc' dir='ltr'><strong>πρὸ</strong></span> <span class='ocrx_word' id='word_1_522' title='bbox 985 4356 1075 4409; x_wconf 85' lang='grc' dir='ltr'>δύο</span> <span class='ocrx_word' id='word_1_523' title='bbox 1101 4356 1354 4421; x_wconf 82' lang='grc' dir='ltr'>πολλάκις</span> <span class='ocrx_word' id='word_1_524' title='bbox 1383 4358 1417 4430; x_wconf 82' lang='grc' dir='ltr'>ἢ</span> <span class='ocrx_word' id='word_1_525' title='bbox 1441 4359 1606 4430; x_wconf 88' lang='grc' dir='ltr'>τριῶν</span> <span class='ocrx_word' id='word_1_526' title='bbox 1636 4361 1857 4434; x_wconf 79' lang='grc' dir='ltr'>ἡμερῶν</span> 
     </span>
    </p>
   </div>
   <div class='ocr_carea' id='block_1_77' title="bbox 1957 3177 3500 3252">
    <p class='ocr_par' dir='ltr' id='par_1_77' title="bbox 1957 3177 3500 3252">
     <span class='ocr_line' id='line_1_77' title="bbox 1957 3177 3500 3252; baseline 0 -21"><span class='ocrx_word' id='word_1_527' title='bbox 1957 3192 2061 3248; x_wconf 90' lang='lat' dir='ltr'><strong>que</strong></span> <span class='ocrx_word' id='word_1_528' title='bbox 2089 3177 2244 3231; x_wconf 89' lang='lat' dir='ltr'><strong>multi</strong></span> <span class='ocrx_word' id='word_1_529' title='bbox 2271 3178 2543 3232; x_wconf 60' lang='lat' dir='ltr'><strong>daemones</strong></span> <span class='ocrx_word' id='word_1_530' title='bbox 2590 3186 2812 3249; x_wconf 86' lang='lat' dir='ltr'><strong>possent</strong></span> <span class='ocrx_word' id='word_1_531' title='bbox 2845 3189 3182 3252; x_wconf 86' lang='lat' dir='ltr'><strong>mortuorum</strong></span> <span class='ocrx_word' id='word_1_532' title='bbox 3225 3178 3500 3232; x_wconf 90' lang='lat' dir='ltr'><strong>hominum</strong></span> 
     </span>
    </p>
   </div>
   <div class='ocr_carea' id='block_1_78' title="bbox 1959 3269 3504 3339">
    <p class='ocr_par' dir='ltr' id='par_1_78' title="bbox 1959 3269 3504 3339">
     <span class='ocr_line' id='line_1_78' title="bbox 1959 3269 3504 3339; baseline 0.001 -17"><span class='ocrx_word' id='word_1_533' title='bbox 1959 3269 2159 3322; x_wconf 81' lang='lat' dir='ltr'><strong>formas</strong></span> <span class='ocrx_word' id='word_1_534' title='bbox 2193 3282 2489 3331; x_wconf 88' lang='lat' dir='ltr'><strong>assumere,</strong></span> <span class='ocrx_word' id='word_1_535' title='bbox 2515 3285 2679 3339; x_wconf 88' lang='lat' dir='ltr'><strong>seque</strong></span> <span class='ocrx_word' id='word_1_536' title='bbox 2709 3285 2775 3325; x_wconf 82' lang='lat' dir='ltr'><strong>ex</strong></span> <span class='ocrx_word' id='word_1_537' title='bbox 2804 3270 3034 3326; x_wconf 89' lang='lat' dir='ltr'><strong>mortuis</strong></span> <span class='ocrx_word' id='word_1_538' title='bbox 3063 3270 3328 3326; x_wconf 81' lang='lat' dir='ltr'><strong>excitatos</strong></span> <span class='ocrx_word' id='word_1_539' title='bbox 3352 3285 3504 3326; x_wconf 86' lang='lat' dir='ltr'><strong>asse-</strong></span> 
     </span>
    </p>
   </div>
   <div class='ocr_carea' id='block_1_79' title="bbox 1956 3361 3506 3433">
    <p class='ocr_par' dir='ltr' id='par_1_79' title="bbox 1956 3361 3506 3433">
     <span class='ocr_line' id='line_1_79' title="bbox 1956 3361 3506 3433; baseline 0.001 -17"><span class='ocrx_word' id='word_1_540' title='bbox 1956 3377 2165 3428; x_wconf 89' lang='lat' dir='ltr'><strong>verare,</strong></span> <span class='ocrx_word' id='word_1_541' title='bbox 2192 3361 2437 3432; x_wconf 77' lang='lat' dir='ltr'><strong>falsaque</strong></span> <span class='ocrx_word' id='word_1_542' title='bbox 2469 3363 2640 3417; x_wconf 89' lang='lat' dir='ltr'><strong>multa</strong></span> <span class='ocrx_word' id='word_1_543' title='bbox 2673 3363 2923 3432; x_wconf 80' lang='lat' dir='ltr'><strong>dogmata</strong></span> <span class='ocrx_word' id='word_1_544' title='bbox 2951 3372 3005 3418; x_wconf 89' lang='lat' dir='ltr'><strong>et</strong></span> <span class='ocrx_word' id='word_1_545' title='bbox 3035 3379 3122 3419; x_wconf 88' lang='lat' dir='ltr'><strong>res</strong></span> <span class='ocrx_word' id='word_1_546' title='bbox 3174 3364 3240 3418; x_wconf 91' lang='lat' dir='ltr'><strong>de</strong></span> <span class='ocrx_word' id='word_1_547' title='bbox 3273 3364 3357 3417; x_wconf 91' lang='lat' dir='ltr'><strong>his</strong></span> <span class='ocrx_word' id='word_1_548' title='bbox 3384 3378 3506 3433; x_wconf 63' lang='lat' dir='ltr'><strong>qua</strong></span> 
     </span>
    </p>
   </div>
   <div class='ocr_carea' id='block_1_80' title="bbox 1958 3451 3500 3523">
    <p class='ocr_par' dir='ltr' id='par_1_80' title="bbox 1958 3451 3500 3523">
     <span class='ocr_line' id='line_1_80' title="bbox 1958 3451 3500 3523; baseline 0 -18"><span class='ocrx_word' id='word_1_549' title='bbox 1958 3452 2027 3505; x_wconf 88' lang='lat' dir='ltr'><strong>ibi</strong></span> <span class='ocrx_word' id='word_1_550' title='bbox 2064 3451 2217 3513; x_wconf 85' lang='lat' dir='ltr'><strong>ﬁunt,</strong></span> <span class='ocrx_word' id='word_1_551' title='bbox 2248 3452 2406 3506; x_wconf 89' lang='lat' dir='ltr'><strong>nobis</strong></span> <span class='ocrx_word' id='word_1_552' title='bbox 2439 3466 2712 3522; x_wconf 85' lang='lat' dir='ltr'><strong>spargere,</strong></span> <span class='ocrx_word' id='word_1_553' title='bbox 2739 3467 2858 3521; x_wconf 73' lang='lat' dir='ltr'><strong>qua:</strong></span> <span class='ocrx_word' id='word_1_554' title='bbox 2900 3454 3118 3508; x_wconf 89' lang='lat' dir='ltr'><strong>errandi</strong></span> <span class='ocrx_word' id='word_1_555' title='bbox 3156 3461 3209 3508; x_wconf 87' lang='lat' dir='ltr'><strong>et</strong></span> <span class='ocrx_word' id='word_1_556' title='bbox 3242 3453 3500 3523; x_wconf 85' lang='lat' dir='ltr'><strong>pereundi</strong></span> 
     </span>
    </p>
   </div>
   <div class='ocr_carea' id='block_1_81' title="bbox 1957 3543 2514 3600">
    <p class='ocr_par' dir='ltr' id='par_1_81' title="bbox 1957 3543 2514 3600">
     <span class='ocr_line' id='line_1_81' title="bbox 1957 3543 2514 3600; baseline -0.002 0"><span class='ocrx_word' id='word_1_557' title='bbox 1957 3543 2114 3600; x_wconf 89' lang='lat' dir='ltr'><strong>nobis</strong></span> <span class='ocrx_word' id='word_1_558' title='bbox 2136 3560 2299 3600; x_wconf 89' lang='lat' dir='ltr'><strong>causa</strong></span> <span class='ocrx_word' id='word_1_559' title='bbox 2338 3543 2514 3599; x_wconf 82' lang='lat' dir='ltr'><strong>forent</strong></span> 
     </span>
    </p>
   </div>
   <div class='ocr_carea' id='block_1_82' title="bbox 2028 3722 3505 3790">
    <p class='ocr_par' dir='ltr' id='par_1_82' title="bbox 2028 3722 3505 3790">
     <span class='ocr_line' id='line_1_82' title="bbox 2028 3722 3505 3790; baseline 0 -11"><span class='ocrx_word' id='word_1_560' title='bbox 2028 3723 2248 3790; x_wconf 65' lang='lat' dir='ltr'><strong>Qua-:s&#39;r.</strong></span> <span class='ocrx_word' id='word_1_561' title='bbox 2283 3722 2520 3778; x_wconf 75' lang='lat' dir='ltr'><strong>XXXVI.</strong></span> <span class='ocrx_word' id='word_1_562' title='bbox 2552 3723 2704 3778; x_wconf 76' lang='lat' dir='ltr'><strong>Multi</strong></span> <span class='ocrx_word' id='word_1_563' title='bbox 2733 3723 2922 3778; x_wconf 90' lang='lat' dir='ltr'><strong>dicunt</strong></span> <span class='ocrx_word' id='word_1_564' title='bbox 2953 3724 3083 3779; x_wconf 90' lang='lat' dir='ltr'><strong>utile</strong></span> <span class='ocrx_word' id='word_1_565' title='bbox 3135 3724 3339 3778; x_wconf 89' lang='lat' dir='ltr'><strong>homini</strong></span> <span class='ocrx_word' id='word_1_566' title='bbox 3381 3737 3505 3779; x_wconf 85' lang='lat' dir='ltr'><strong>esse</strong></span> 
     </span>
    </p>
   </div>
   <div class='ocr_carea' id='block_1_83' title="bbox 1959 3814 2740 3886">
    <p class='ocr_par' dir='ltr' id='par_1_83' title="bbox 1959 3814 2740 3886">
     <span class='ocr_line' id='line_1_83' title="bbox 1959 3814 2740 3886; baseline 0.003 -18"><span class='ocrx_word' id='word_1_567' title='bbox 1959 3830 2228 3886; x_wconf 77' lang='lat' dir='ltr'><strong>pramosse</strong></span> <span class='ocrx_word' id='word_1_568' title='bbox 2255 3815 2395 3870; x_wconf 89' lang='lat' dir='ltr'><strong>diem</strong></span> <span class='ocrx_word' id='word_1_569' title='bbox 2424 3816 2508 3870; x_wconf 90' lang='lat' dir='ltr'><strong>sui</strong></span> <span class='ocrx_word' id='word_1_570' title='bbox 2543 3814 2740 3870; x_wconf 88' lang='lat' dir='ltr'><strong>obitus.</strong></span> 
     </span>
    </p>
   </div>
   <div class='ocr_carea' id='block_1_84' title="bbox 2027 3989 3500 4061">
    <p class='ocr_par' dir='ltr' id='par_1_84' title="bbox 2027 3989 3500 4061">
     <span class='ocr_line' id='line_1_84' title="bbox 2027 3989 3500 4061; baseline -0.003 -15"><span class='ocrx_word' id='word_1_571' title='bbox 2027 3992 2187 4048; x_wconf 74' lang='lat' dir='ltr'><strong>Rssr.</strong></span> <span class='ocrx_word' id='word_1_572' title='bbox 2226 3991 2284 4047; x_wconf 91' lang='lat' dir='ltr'><strong>Si</strong></span> <span class='ocrx_word' id='word_1_573' title='bbox 2330 3992 2472 4048; x_wconf 91' lang='lat' dir='ltr'><strong>Deus</strong></span> <span class='ocrx_word' id='word_1_574' title='bbox 2504 3991 2684 4046; x_wconf 90' lang='lat' dir='ltr'><strong>omnia</strong></span> <span class='ocrx_word' id='word_1_575' title='bbox 2729 3993 2784 4046; x_wconf 92' lang='lat' dir='ltr'><strong>in</strong></span> <span class='ocrx_word' id='word_1_576' title='bbox 2822 3990 3106 4061; x_wconf 80' lang='lat' dir='ltr'><strong>sapientia.</strong></span> <span class='ocrx_word' id='word_1_577' title='bbox 3142 3989 3209 4044; x_wconf 90' lang='lat' dir='ltr'><strong>ad</strong></span> <span class='ocrx_word' id='word_1_578' title='bbox 3252 3997 3500 4044; x_wconf 87' lang='lat' dir='ltr'><strong>nostrum</strong></span> 
     </span>
    </p>
   </div>
   <div class='ocr_carea' id='block_1_85' title="bbox 1956 4082 3504 4153">
    <p class='ocr_par' dir='ltr' id='par_1_85' title="bbox 1956 4082 3504 4153">
     <span class='ocr_line' id='line_1_85' title="bbox 1956 4082 3504 4153; baseline -0.003 -13"><span class='ocrx_word' id='word_1_579' title='bbox 1956 4085 2298 4140; x_wconf 91' lang='lat' dir='ltr'><strong>commodum</strong></span> <span class='ocrx_word' id='word_1_580' title='bbox 2348 4085 2497 4147; x_wconf 79' lang='lat' dir='ltr'><strong>fecit,</strong></span> <span class='ocrx_word' id='word_1_581' title='bbox 2534 4091 2682 4139; x_wconf 91' lang='lat' dir='ltr'><strong>certe</strong></span> <span class='ocrx_word' id='word_1_582' title='bbox 2735 4099 2909 4153; x_wconf 88' lang='lat' dir='ltr'><strong>neque</strong></span> <span class='ocrx_word' id='word_1_583' title='bbox 2962 4082 3165 4152; x_wconf 88' lang='lat' dir='ltr'><strong>absque</strong></span> <span class='ocrx_word' id='word_1_584' title='bbox 3203 4082 3410 4136; x_wconf 85' lang='lat' dir='ltr'><strong>ratione</strong></span> <span class='ocrx_word' id='word_1_585' title='bbox 3450 4082 3504 4135; x_wconf 87' lang='lat' dir='ltr'><strong>id</strong></span> 
     </span>
    </p>
   </div>
   <div class='ocr_carea' id='block_1_86' title="bbox 1961 4173 3504 4230">
    <p class='ocr_par' dir='ltr' id='par_1_86' title="bbox 1961 4173 3504 4230">
     <span class='ocr_line' id='line_1_86' title="bbox 1961 4173 3504 4230; baseline -0.001 -1"><span class='ocrx_word' id='word_1_586' title='bbox 1961 4175 2116 4230; x_wconf 89' lang='lat' dir='ltr'><strong>nobis</strong></span> <span class='ocrx_word' id='word_1_587' title='bbox 2143 4176 2452 4230; x_wconf 87' lang='lat' dir='ltr'><strong>occultavit.</strong></span> <span class='ocrx_word' id='word_1_588' title='bbox 2476 4173 2611 4229; x_wconf 80' lang='lat' dir='ltr'><strong>Nam</strong></span> <span class='ocrx_word' id='word_1_589' title='bbox 2651 4174 2696 4229; x_wconf 92' lang='lat' dir='ltr'><strong>si</strong></span> <span class='ocrx_word' id='word_1_590' title='bbox 2753 4175 2915 4229; x_wconf 90' lang='lat' dir='ltr'><strong>homo</strong></span> <span class='ocrx_word' id='word_1_591' title='bbox 2964 4174 3107 4228; x_wconf 89' lang='lat' dir='ltr'><strong>diem</strong></span> <span class='ocrx_word' id='word_1_592' title='bbox 3161 4187 3274 4228; x_wconf 66' lang='lat' dir='ltr'><strong>sua:</strong></span> <span class='ocrx_word' id='word_1_593' title='bbox 3314 4175 3504 4228; x_wconf 87' lang='lat' dir='ltr'><strong>mortis</strong></span> 
     </span>
    </p>
   </div>
   <div class='ocr_carea' id='block_1_87' title="bbox 1959 4263 3500 4335">
    <p class='ocr_par' dir='ltr' id='par_1_87' title="bbox 1959 4263 3500 4335">
     <span class='ocr_line' id='line_1_87' title="bbox 1959 4263 3500 4335; baseline 0 -17"><span class='ocrx_word' id='word_1_594' title='bbox 1959 4272 2275 4332; x_wconf 70' lang='grc' dir='ltr'>ρτεεηοεεει,</span> <span class='ocrx_word' id='word_1_595' title='bbox 2317 4280 2510 4321; x_wconf 88' lang='lat' dir='ltr'><strong>secure</strong></span> <span class='ocrx_word' id='word_1_596' title='bbox 2563 4279 2660 4335; x_wconf 87' lang='lat' dir='ltr'><strong>per</strong></span> <span class='ocrx_word' id='word_1_597' title='bbox 2693 4271 2862 4318; x_wconf 87' lang='lat' dir='ltr'><strong>totam</strong></span> <span class='ocrx_word' id='word_1_598' title='bbox 2902 4263 3066 4318; x_wconf 85' lang='lat' dir='ltr'><strong>vitam</strong></span> <span class='ocrx_word' id='word_1_599' title='bbox 3106 4271 3373 4334; x_wconf 88' lang='lat' dir='ltr'><strong>peccaret,</strong></span> <span class='ocrx_word' id='word_1_600' title='bbox 3398 4280 3500 4318; x_wconf 68' lang='grc' dir='ltr'>εω-</span> 
     </span>
    </p>
   </div>
   <div class='ocr_carea' id='block_1_88' title="bbox 1959 4353 3506 4425">
    <p class='ocr_par' dir='ltr' id='par_1_88' title="bbox 1959 4353 3506 4425">
     <span class='ocr_line' id='line_1_88' title="bbox 1959 4353 3506 4425; baseline 0 -17"><span class='ocrx_word' id='word_1_601' title='bbox 1959 4355 2186 4425; x_wconf 91' lang='lat' dir='ltr'><strong>piusque</strong></span> <span class='ocrx_word' id='word_1_602' title='bbox 2218 4355 2428 4410; x_wconf 90' lang='lat' dir='ltr'><strong>duobus</strong></span> <span class='ocrx_word' id='word_1_603' title='bbox 2449 4355 2532 4410; x_wconf 87' lang='lat' dir='ltr'><strong>vel</strong></span> <span class='ocrx_word' id='word_1_604' title='bbox 2559 4354 2734 4409; x_wconf 89' lang='lat' dir='ltr'><strong>tribus</strong></span> <span class='ocrx_word' id='word_1_605' title='bbox 2765 4361 2889 4409; x_wconf 89' lang='lat' dir='ltr'><strong>ante</strong></span> <span class='ocrx_word' id='word_1_606' title='bbox 2917 4362 3146 4409; x_wconf 90' lang='lat' dir='ltr'><strong>mortem</strong></span> <span class='ocrx_word' id='word_1_607' title='bbox 3176 4353 3368 4408; x_wconf 90' lang='lat' dir='ltr'><strong>diebus</strong></span> <span class='ocrx_word' id='word_1_608' title='bbox 3392 4366 3506 4422; x_wconf 74' lang='lat' dir='ltr'><strong>p03-</strong></span> 
     </span>
    </p>
   </div>
   <div class='ocr_carea' id='block_1_89' title="bbox 307 4444 1858 4522">
    <p class='ocr_par' dir='ltr' id='par_1_89' title="bbox 307 4447 1852 4522">
     <span class='ocr_line' id='line_1_89' title="bbox 307 4447 1852 4522; baseline 0.005 -25"><span class='ocrx_word' id='word_1_609' title='bbox 307 4449 397 4516; x_wconf 80' lang='grc' dir='ltr'><strong>τῆς</strong></span> <span class='ocrx_word' id='word_1_610' title='bbox 421 4447 614 4500; x_wconf 78' lang='grc' dir='ltr'>ἑαυτοῦ</span> <span class='ocrx_word' id='word_1_611' title='bbox 647 4447 900 4519; x_wconf 81' lang='grc' dir='ltr'>τελευτῆς</span> <span class='ocrx_word' id='word_1_612' title='bbox 939 4447 1210 4502; x_wconf 75' lang='grc' dir='ltr'>ἐπιδοῦναι</span> <span class='ocrx_word' id='word_1_613' title='bbox 1241 4451 1402 4503; x_wconf 90' lang='grc' dir='ltr'>αὐτὸν</span> <span class='ocrx_word' id='word_1_614' title='bbox 1437 4453 1516 4515; x_wconf 86' lang='grc' dir='ltr'><strong>είς</strong></span> <span class='ocrx_word' id='word_1_615' title='bbox 1549 4452 1852 4522; x_wconf 88' lang='grc' dir='ltr'>μετάνοιαν,</span> 
     </span>
    </p>
   </div>
   <div class='ocr_carea' id='block_1_90' title="bbox 1959 4444 3506 4522">
    <p class='ocr_par' dir='ltr' id='par_1_90' title="bbox 1961 4444 3506 4517">
     <span class='ocr_line' id='line_1_90' title="bbox 1961 4444 3506 4517; baseline -0.002 -17"><span class='ocrx_word' id='word_1_616' title='bbox 1961 4447 2237 4501; x_wconf 79' lang='lat' dir='ltr'><strong>nitentium</strong></span> <span class='ocrx_word' id='word_1_617' title='bbox 2261 4447 2693 4516; x_wconf 87' lang='lat' dir='ltr'><strong>amplecteretur,</strong></span> <span class='ocrx_word' id='word_1_618' title='bbox 2722 4453 2942 4517; x_wconf 84' lang='lat' dir='ltr'><strong>propter</strong></span> <span class='ocrx_word' id='word_1_619' title='bbox 2971 4444 3085 4500; x_wconf 64' lang='lat' dir='ltr'><strong>haec</strong></span> <span class='ocrx_word' id='word_1_620' title='bbox 3111 4444 3204 4500; x_wconf 88' lang='lat' dir='ltr'><strong>Dei</strong></span> <span class='ocrx_word' id='word_1_621' title='bbox 3234 4446 3392 4501; x_wconf 78' lang='lat' dir='ltr'><strong>verba</strong></span> <span class='ocrx_word' id='word_1_622' title='bbox 3412 4461 3506 4514; x_wconf 90' lang='lat' dir='ltr'><strong>per</strong></span> 
     </span>
    </p>
   </div>
   <div class='ocr_carea' id='block_1_91' title="bbox 307 4539 1856 4616">
    <p class='ocr_par' dir='ltr' id='par_1_91' title="bbox 307 4539 1856 4616">
     <span class='ocr_line' id='line_1_91' title="bbox 307 4539 1856 4616; baseline 0.006 -26"><span class='ocrx_word' id='word_1_623' title='bbox 307 4539 530 4604; x_wconf 76' lang='grc' dir='ltr'>ἀκούσας</span> <span class='ocrx_word' id='word_1_624' title='bbox 571 4541 667 4594; x_wconf 78' lang='grc' dir='ltr'><strong>τοῦ</strong></span> <span class='ocrx_word' id='word_1_625' title='bbox 707 4539 843 4594; x_wconf 78' lang='grc' dir='ltr'>Θεοῦ</span> <span class='ocrx_word' id='word_1_626' title='bbox 887 4541 972 4594; x_wconf 81' lang='grc' dir='ltr'><strong>διὰ</strong></span> <span class='ocrx_word' id='word_1_627' title='bbox 1020 4543 1110 4596; x_wconf 84' lang='grc' dir='ltr'>τοῦ</span> <span class='ocrx_word' id='word_1_628' title='bbox 1150 4546 1422 4616; x_wconf 78' lang='grc' dir='ltr'>προφήτου</span> <span class='ocrx_word' id='word_1_629' title='bbox 1471 4545 1747 4611; x_wconf 80' lang='grc' dir='ltr'>εἰπόντος,</span> <span class='ocrx_word' id='word_1_630' title='bbox 1777 4547 1856 4601; x_wconf 83' lang='grc' dir='ltr'>ὄτι</span> 
     </span>
    </p>
   </div>
   <div class='ocr_carea' id='block_1_92' title="bbox 313 4625 1857 4706">
    <p class='ocr_par' dir='ltr' id='par_1_92' title="bbox 313 4625 1857 4706">
     <span class='ocr_line' id='line_1_92' title="bbox 313 4625 1857 4706; baseline 0.008 -27"><span class='ocrx_word' id='word_1_631' title='bbox 313 4645 330 4678; x_wconf 78' lang='grc' dir='ltr'><strong>ι</strong></span> <span class='ocrx_word' id='word_1_632' title='bbox 362 4630 447 4683; x_wconf 81' lang='grc' dir='ltr'>Ἐν</span> <span class='ocrx_word' id='word_1_633' title='bbox 488 4625 532 4698; x_wconf 85' lang='grc' dir='ltr'>ᾧ</span> <span class='ocrx_word' id='word_1_634' title='bbox 577 4632 726 4703; x_wconf 80' lang='grc' dir='ltr'>εὖρω</span> <span class='ocrx_word' id='word_1_635' title='bbox 772 4649 867 4696; x_wconf 84' lang='grc' dir='ltr'><strong>σε,</strong></span> <span class='ocrx_word' id='word_1_636' title='bbox 902 4635 958 4684; x_wconf 85' lang='grc' dir='ltr'>ὲν</span> <span class='ocrx_word' id='word_1_637' title='bbox 1003 4633 1194 4704; x_wconf 78' lang='grc' dir='ltr'>ἐκείνῳ</span> <span class='ocrx_word' id='word_1_638' title='bbox 1230 4634 1324 4686; x_wconf 73' lang='grc' dir='ltr'><strong>καὶ</strong></span> <span class='ocrx_word' id='word_1_639' title='bbox 1370 4635 1538 4706; x_wconf 87' lang='grc' dir='ltr'>κρινῶ</span> <span class='ocrx_word' id='word_1_640' title='bbox 1587 4653 1667 4692; x_wconf 91' lang='grc' dir='ltr'><strong>σε.</strong></span> <span class='ocrx_word' id='word_1_641' title='bbox 1700 4657 1718 4689; x_wconf 73' lang='grc' dir='ltr'><strong>ι</strong></span> <span class='ocrx_word' id='word_1_642' title='bbox 1750 4639 1857 4691; x_wconf 76' lang='grc' dir='ltr'><strong>Καὶ</strong></span> 
     </span>
    </p>
   </div>
   <div class='ocr_carea' id='block_1_93' title="bbox 307 4722 1858 4798">
    <p class='ocr_par' dir='ltr' id='par_1_93' title="bbox 307 4722 1858 4798">
     <span class='ocr_line' id='line_1_93' title="bbox 307 4722 1858 4798; baseline 0.006 -23"><span class='ocrx_word' id='word_1_643' title='bbox 307 4722 424 4775; x_wconf 83' lang='grc' dir='ltr'>ποία</span> <span class='ocrx_word' id='word_1_644' title='bbox 444 4723 650 4788; x_wconf 89' lang='grc' dir='ltr'>λοιπὸν,</span> <span class='ocrx_word' id='word_1_645' title='bbox 685 4724 806 4777; x_wconf 83' lang='grc' dir='ltr'>εἰπέ</span> <span class='ocrx_word' id='word_1_646' title='bbox 840 4742 947 4796; x_wconf 88' lang='grc' dir='ltr'>μοι,</span> <span class='ocrx_word' id='word_1_647' title='bbox 969 4725 1145 4798; x_wconf 82' lang='grc' dir='ltr'>χάρις,</span> <span class='ocrx_word' id='word_1_648' title='bbox 1169 4727 1253 4779; x_wconf 82' lang='grc' dir='ltr'>ἵνα</span> <span class='ocrx_word' id='word_1_649' title='bbox 1283 4729 1472 4781; x_wconf 78' lang='grc' dir='ltr'>ἑκατὸν</span> <span class='ocrx_word' id='word_1_650' title='bbox 1515 4729 1706 4797; x_wconf 83' lang='grc' dir='ltr'>φόνους</span> <span class='ocrx_word' id='word_1_651' title='bbox 1739 4748 1858 4783; x_wconf 88' lang='grc' dir='ltr'>ποι-</span> 
     </span>
    </p>
   </div>
   <div class='ocr_carea' id='block_1_94' title="bbox 308 4813 1858 4891">
    <p class='ocr_par' dir='ltr' id='par_1_94' title="bbox 308 4813 1858 4891">
     <span class='ocr_line' id='line_1_94' title="bbox 308 4813 1858 4891; baseline 0.006 -26"><span class='ocrx_word' id='word_1_652' title='bbox 308 4813 432 4884; x_wconf 79' lang='grc' dir='ltr'>ήσῃς</span> <span class='ocrx_word' id='word_1_653' title='bbox 472 4815 831 4885; x_wconf 83' lang='grc' dir='ltr'>καταφρονῶν</span> <span class='ocrx_word' id='word_1_654' title='bbox 867 4815 962 4868; x_wconf 82' lang='grc' dir='ltr'>τοῦ</span> <span class='ocrx_word' id='word_1_655' title='bbox 999 4817 1165 4882; x_wconf 79' lang='grc' dir='ltr'>Θεοῦ,</span> <span class='ocrx_word' id='word_1_656' title='bbox 1208 4819 1301 4872; x_wconf 75' lang='grc' dir='ltr'><strong>καὶ</strong></span> <span class='ocrx_word' id='word_1_657' title='bbox 1333 4819 1424 4872; x_wconf 80' lang='grc' dir='ltr'>δύο</span> <span class='ocrx_word' id='word_1_658' title='bbox 1458 4820 1671 4891; x_wconf 78' lang='grc' dir='ltr'>ἡμέρας</span> <span class='ocrx_word' id='word_1_659' title='bbox 1702 4821 1858 4891; x_wconf 89' lang='grc' dir='ltr'>μόνον</span> 
     </span>
    </p>
   </div>
   <div class='ocr_carea' id='block_1_95' title="bbox 306 4902 960 4978">
    <p class='ocr_par' dir='ltr' id='par_1_95' title="bbox 306 4902 960 4978">
     <span class='ocr_line' id='line_1_95' title="bbox 306 4902 960 4978; baseline 0.011 -26"><span class='ocrx_word' id='word_1_660' title='bbox 306 4902 404 4956; x_wconf 84' lang='grc' dir='ltr'><strong>τῶν</strong></span> <span class='ocrx_word' id='word_1_661' title='bbox 432 4905 615 4958; x_wconf 87' lang='grc' dir='ltr'>κακῶν</span> <span class='ocrx_word' id='word_1_662' title='bbox 646 4905 923 4978; x_wconf 81' lang='grc' dir='ltr'>ἡσυχάσῃς</span> <span class='ocrx_word' id='word_1_663' title='bbox 946 4922 960 4971; x_wconf 93' lang='grc'><strong>;</strong></span> 
     </span>
    </p>
   </div>
   <div class='ocr_carea' id='block_1_96' title="bbox 381 4997 1853 5075">
    <p class='ocr_par' dir='ltr' id='par_1_96' title="bbox 381 4997 1853 5075">
     <span class='ocr_line' id='line_1_96' title="bbox 381 4997 1853 5075; baseline 0.006 -25"><span class='ocrx_word' id='word_1_664' title='bbox 381 4997 568 5070; x_wconf 88' lang='grc' dir='ltr'>Ἐρώτ.</span> <span class='ocrx_word' id='word_1_665' title='bbox 614 4997 713 5060; x_wconf 73' lang='grc' dir='ltr'>λς’.</span> <span class='ocrx_word' id='word_1_666' title='bbox 776 4998 931 5062; x_wconf 90' lang='grc' dir='ltr'>Τίνος</span> <span class='ocrx_word' id='word_1_667' title='bbox 977 5000 1134 5070; x_wconf 87' lang='grc' dir='ltr'>χάριν</span> <span class='ocrx_word' id='word_1_668' title='bbox 1169 5001 1220 5054; x_wconf 81' lang='grc' dir='ltr'>οἱ</span> <span class='ocrx_word' id='word_1_669' title='bbox 1269 5001 1580 5072; x_wconf 78' lang='grc' dir='ltr'>Χριστιανοὶ</span> <span class='ocrx_word' id='word_1_670' title='bbox 1614 5021 1853 5075; x_wconf 88' lang='grc' dir='ltr'>προσκυ-</span> 
     </span>
    </p>
   </div>
   <div class='ocr_carea' id='block_1_97' title="bbox 306 5086 1849 5164">
    <p class='ocr_par' dir='ltr' id='par_1_97' title="bbox 306 5086 1849 5164">
     <span class='ocr_line' id='line_1_97' title="bbox 306 5086 1849 5164; baseline 0.006 -25"><span class='ocrx_word' id='word_1_671' title='bbox 306 5086 488 5158; x_wconf 78' lang='grc' dir='ltr'>νοῦμεν</span> <span class='ocrx_word' id='word_1_672' title='bbox 520 5089 666 5141; x_wconf 86' lang='grc' dir='ltr'><strong>κατά</strong></span> <span class='ocrx_word' id='word_1_673' title='bbox 708 5088 991 5154; x_wconf 86' lang='grc' dir='ltr'>ἀνατολὰς,</span> <span class='ocrx_word' id='word_1_674' title='bbox 1024 5091 1117 5143; x_wconf 62' lang='grc' dir='ltr'><strong>καὶ⁵</strong></span> <span class='ocrx_word' id='word_1_675' title='bbox 1156 5091 1209 5143; x_wconf 87' lang='grc' dir='ltr'><strong>τί</strong></span> <span class='ocrx_word' id='word_1_676' title='bbox 1240 5091 1436 5161; x_wconf 81' lang='grc' dir='ltr'>δήποτε</span> <span class='ocrx_word' id='word_1_677' title='bbox 1473 5093 1582 5164; x_wconf 73' lang='grc'><strong>(46)</strong></span> <span class='ocrx_word' id='word_1_678' title='bbox 1628 5096 1678 5147; x_wconf 78' lang='lat' dir='ltr'><strong>oi</strong></span> <span class='ocrx_word' id='word_1_679' title='bbox 1720 5096 1849 5148; x_wconf 81' lang='grc' dir='ltr'>’1ου-</span> 
     </span>
    </p>
   </div>
   <div class='ocr_carea' id='block_1_98' title="bbox 305 5177 821 5247">
    <p class='ocr_par' dir='ltr' id='par_1_98' title="bbox 305 5177 821 5247">
     <span class='ocr_line' id='line_1_98' title="bbox 305 5177 821 5247; baseline 0.01 -17"><span class='ocrx_word' id='word_1_680' title='bbox 305 5177 428 5231; x_wconf 82' lang='grc' dir='ltr'>δαῖοι</span> <span class='ocrx_word' id='word_1_681' title='bbox 459 5181 602 5235; x_wconf 87' lang='grc' dir='ltr'><strong>κατά</strong></span> <span class='ocrx_word' id='word_1_682' title='bbox 631 5181 784 5234; x_wconf 86' lang='grc' dir='ltr'>νότον</span> <span class='ocrx_word' id='word_1_683' title='bbox 806 5198 821 5247; x_wconf 88' lang='grc'><strong>;</strong></span> 
     </span>
    </p>
   </div>
   <div class='ocr_carea' id='block_1_99' title="bbox 369 5270 1848 5346">
    <p class='ocr_par' dir='ltr' id='par_1_99' title="bbox 369 5270 1848 5346">
     <span class='ocr_line' id='line_1_99' title="bbox 369 5270 1848 5346; baseline 0.005 -22"><span class='ocrx_word' id='word_1_684' title='bbox 369 5270 550 5328; x_wconf 81' lang='grc' dir='ltr'>Ἀπόκ.</span> <span class='ocrx_word' id='word_1_685' title='bbox 580 5274 655 5327; x_wconf 81' lang='grc' dir='ltr'>Οὐ</span> <span class='ocrx_word' id='word_1_686' title='bbox 697 5272 796 5342; x_wconf 85' lang='grc' dir='ltr'><strong>μία</strong></span> <span class='ocrx_word' id='word_1_687' title='bbox 823 5274 981 5344; x_wconf 87' lang='grc' dir='ltr'>ὁμοία</span> <span class='ocrx_word' id='word_1_688' title='bbox 1010 5276 1044 5345; x_wconf 82' lang='grc' dir='ltr'>ἡ</span> <span class='ocrx_word' id='word_1_689' title='bbox 1075 5276 1200 5346; x_wconf 80' lang='grc' dir='ltr'>περὶ</span> <span class='ocrx_word' id='word_1_690' title='bbox 1227 5277 1416 5331; x_wconf 78' lang='grc' dir='ltr'>τούτου</span> <span class='ocrx_word' id='word_1_691' title='bbox 1451 5278 1720 5344; x_wconf 83' lang='grc' dir='ltr'>ἀπόδειξις</span> <span class='ocrx_word' id='word_1_692' title='bbox 1754 5281 1848 5332; x_wconf 80' lang='grc' dir='ltr'>καὶ</span> 
     </span>
    </p>
   </div>
   <div class='ocr_carea' id='block_1_100' title="bbox 304 5358 1850 5438">
    <p class='ocr_par' dir='ltr' id='par_1_100' title="bbox 304 5358 1850 5438">
     <span class='ocr_line' id='line_1_100' title="bbox 304 5358 1850 5438; baseline 0.009 -29"><span class='ocrx_word' id='word_1_693' title='bbox 304 5358 599 5434; x_wconf 76' lang='grc' dir='ltr'>ἀπόκρισις.</span> <span class='ocrx_word' id='word_1_694' title='bbox 647 5362 882 5433; x_wconf 88' lang='grc' dir='ltr'>Ἑτέρως</span> <span class='ocrx_word' id='word_1_695' title='bbox 910 5363 1016 5434; x_wconf 91' lang='grc' dir='ltr'><strong>γάρ</strong></span> <span class='ocrx_word' id='word_1_696' title='bbox 1036 5364 1310 5428; x_wconf 84' lang='grc' dir='ltr'>Ἰουδαίοις</span> <span class='ocrx_word' id='word_1_697' title='bbox 1341 5367 1723 5438; x_wconf 83' lang='grc' dir='ltr'>ἀπολογητέον,</span> <span class='ocrx_word' id='word_1_698' title='bbox 1758 5371 1850 5424; x_wconf 80' lang='grc' dir='ltr'>καὶ</span> 
     </span>
    </p>
   </div>
   <div class='ocr_carea' id='block_1_101' title="bbox 369 5519 1888 5600">
    <p class='ocr_par' dir='ltr' id='par_1_101' title="bbox 369 5519 1888 5600">
     <span class='ocr_line' id='line_1_101' title="bbox 369 5519 1888 5600; baseline 0.002 -26"><span class='ocrx_word' id='word_1_699' title='bbox 503 5520 584 5600; x_wconf 61' lang='lat' dir='ltr'><strong>Ita</strong></span> <span class='ocrx_word' id='word_1_700' title='bbox 613 5519 838 5590; x_wconf 80' lang='lat' dir='ltr'><strong>quidam</strong></span> <span class='ocrx_word' id='word_1_701' title='bbox 875 5534 1003 5600; x_wconf 57' lang='lat' dir='ltr'><strong>mss:</strong></span> <span class='ocrx_word' id='word_1_702' title='bbox 1044 5519 1185 5600; x_wconf 66' lang='grc' dir='ltr'><strong>ξ]όίιί</strong></span> <span class='ocrx_word' id='word_1_703' title='bbox 1213 5536 1363 5600; x_wconf 69' lang='lat' dir='ltr'><strong>vero,</strong></span> <span class='ocrx_word' id='word_1_704' title='bbox 1394 5521 1776 5600; x_wconf 48' lang='lat' dir='ltr'><strong>aemempsv.</strong></span> <span class='ocrx_word' id='word_1_705' title='bbox 1829 5593 1840 5600; x_wconf 81' lang='lat'>_</span> <span class='ocrx_word' id='word_1_706' title='bbox 1876 5550 1888 5557; x_wconf 66' lang='grc' dir='ltr'><em>ν</em></span> 
     </span>
    </p>
   </div>
   <div class='ocr_carea' id='block_1_102' title="bbox 370 5588 1852 5675">
    <p class='ocr_par' dir='ltr' id='par_1_102' title="bbox 370 5588 1852 5675">
     <span class='ocr_line' id='line_1_102' title="bbox 370 5588 1852 5675; baseline 0.004 -35"><span class='ocrx_word' id='word_1_707' title='bbox 370 5588 473 5675; x_wconf 56' lang='lat' dir='ltr'><strong>(4f)</strong></span> <span class='ocrx_word' id='word_1_708' title='bbox 503 5588 1024 5675; x_wconf 50' lang='lat' dir='ltr'><strong>Duo&#39;manuscripti,</strong></span> <span class='ocrx_word' id='word_1_709' title='bbox 1046 5590 1375 5675; x_wconf 61' lang='grc' dir='ltr'>ἐπαναλῦσαι</span> <span class='ocrx_word' id='word_1_710' title='bbox 1396 5588 1531 5664; x_wconf 74' lang='grc' dir='ltr'>πρὸς</span> <span class='ocrx_word' id='word_1_711' title='bbox 1563 5588 1729 5664; x_wconf 68' lang='grc' dir='ltr'>ἡμᾶς,</span> <span class='ocrx_word' id='word_1_712' title='bbox 1760 5593 1852 5646; x_wconf 72' lang='grc' dir='ltr'>καὶ</span> 
     </span>
    </p>
   </div>
   <div class='ocr_carea' id='block_1_103' title="bbox 303 5653 1413 5799">
    <p class='ocr_par' dir='ltr' id='par_1_103' title="bbox 303 5653 1413 5799">
     <span class='ocr_line' id='line_1_103' title="bbox 303 5653 1293 5780; baseline 0.005 -72"><span class='ocrx_word' id='word_1_713' title='bbox 303 5653 646 5780; x_wconf 57' lang='grc' dir='ltr'>ὰηγὲσασθαι</span> <span class='ocrx_word' id='word_1_714' title='bbox 677 5657 814 5729; x_wconf 89' lang='grc' dir='ltr'>πρὸς</span> <span class='ocrx_word' id='word_1_715' title='bbox 833 5653 1098 5740; x_wconf 67' lang='grc' dir='ltr'>ώφέλειαν</span> <span class='ocrx_word' id='word_1_716' title='bbox 1118 5660 1293 5730; x_wconf 79' lang='grc' dir='ltr'>ἡμῶν.</span> 
     </span>
     <span class='ocr_line' id='line_1_104' title="bbox 367 5726 1413 5799; baseline 0.005 -19"><span class='ocrx_word' id='word_1_717' title='bbox 367 5726 418 5798; x_wconf 71' lang='grc'>(4</span> <span class='ocrx_word' id='word_1_718' title='bbox 451 5732 470 5799; x_wconf 90' lang='grc'>)</span> <span class='ocrx_word' id='word_1_719' title='bbox 500 5728 626 5784; x_wconf 82' lang='lat' dir='ltr'><strong>Haec</strong></span> <span class='ocrx_word' id='word_1_720' title='bbox 659 5737 892 5797; x_wconf 81' lang='lat' dir='ltr'><strong>quaestio</strong></span> <span class='ocrx_word' id='word_1_721' title='bbox 917 5730 1065 5784; x_wconf 89' lang='lat' dir='ltr'><strong>deest</strong></span> <span class='ocrx_word' id='word_1_722' title='bbox 1087 5746 1143 5783; x_wconf 85' lang='lat' dir='ltr'><strong>In</strong></span> <span class='ocrx_word' id='word_1_723' title='bbox 1172 5728 1344 5785; x_wconf 85' lang='lat' dir='ltr'><strong>Palat.</strong></span> <span class='ocrx_word' id='word_1_724' title='bbox 1378 5731 1413 5784; x_wconf 76' lang='grc'>2</span> 
     </span>
    </p>
   </div>
   <div class='ocr_carea' id='block_1_104' title="bbox 602 5820 1347 5887">
    <p class='ocr_par' dir='ltr' id='par_1_104' title="bbox 602 5820 1347 5887">
     <span class='ocr_line' id='line_1_105' title="bbox 602 5820 1347 5887; baseline 0.005 -9"><span class='ocrx_word' id='word_1_725' title='bbox 602 5823 878 5881; x_wconf 71' lang='grc' dir='ltr'>ΡΛτιιοι..</span> <span class='ocrx_word' id='word_1_726' title='bbox 906 5820 1020 5882; x_wconf 79' lang='lat' dir='ltr'><strong>Gn.</strong></span> <span class='ocrx_word' id='word_1_727' title='bbox 1054 5821 1347 5887; x_wconf 64' lang='lat' dir='ltr'><strong>XXVIIII</strong></span> 
     </span>
    </p>
   </div>
   <div class='ocr_carea' id='block_1_105' title="bbox 1958 4537 3506 4610">
    <p class='ocr_par' dir='ltr' id='par_1_105' title="bbox 1958 4537 3506 4610">
     <span class='ocr_line' id='line_1_106' title="bbox 1958 4537 3506 4610; baseline -0.003 -18"><span class='ocrx_word' id='word_1_728' title='bbox 1958 4540 2271 4610; x_wconf 87' lang='lat' dir='ltr'><strong>prophetam</strong></span> <span class='ocrx_word' id='word_1_729' title='bbox 2294 4540 2487 4595; x_wconf 88' lang='lat' dir='ltr'><strong>aientis</strong></span> <span class='ocrx_word' id='word_1_730' title='bbox 2523 4557 2536 4593; x_wconf 90' lang='lat'>:</span> <span class='ocrx_word' id='word_1_731' title='bbox 2582 4558 2600 4590; x_wconf 77' lang='grc' dir='ltr'><strong>ι</strong></span> <span class='ocrx_word' id='word_1_732' title='bbox 2628 4538 2685 4594; x_wconf 90' lang='lat' dir='ltr'><strong>In</strong></span> <span class='ocrx_word' id='word_1_733' title='bbox 2711 4554 2820 4610; x_wconf 92' lang='lat' dir='ltr'><strong>quo</strong></span> <span class='ocrx_word' id='word_1_734' title='bbox 2838 4546 2892 4594; x_wconf 90' lang='lat' dir='ltr'><strong>te</strong></span> <span class='ocrx_word' id='word_1_735' title='bbox 2925 4541 3199 4602; x_wconf 89' lang='lat' dir='ltr'><strong>invenero,</strong></span> <span class='ocrx_word' id='word_1_736' title='bbox 3232 4539 3288 4593; x_wconf 93' lang='lat' dir='ltr'><strong>in</strong></span> <span class='ocrx_word' id='word_1_737' title='bbox 3321 4537 3422 4591; x_wconf 90' lang='lat' dir='ltr'><strong>hoc</strong></span> <span class='ocrx_word' id='word_1_738' title='bbox 3453 4544 3506 4589; x_wconf 89' lang='lat' dir='ltr'><strong>te</strong></span> 
     </span>
    </p>
   </div>
   <div class='ocr_carea' id='block_1_106' title="bbox 1953 4632 3506 4704">
    <p class='ocr_par' dir='ltr' id='par_1_106' title="bbox 1953 4632 3506 4704">
     <span class='ocr_line' id='line_1_107' title="bbox 1953 4632 3506 4704; baseline -0.003 -16"><span class='ocrx_word' id='word_1_739' title='bbox 1953 4635 2228 4704; x_wconf 88' lang='lat' dir='ltr'><strong>judicabo.</strong></span> <span class='ocrx_word' id='word_1_740' title='bbox 2266 4654 2285 4687; x_wconf 76' lang='grc' dir='ltr'><strong>ι</strong></span> <span class='ocrx_word' id='word_1_741' title='bbox 2326 4634 2392 4688; x_wconf 86' lang='lat' dir='ltr'><strong>Et</strong></span> <span class='ocrx_word' id='word_1_742' title='bbox 2413 4650 2543 4690; x_wconf 89' lang='lat' dir='ltr'><strong>vero</strong></span> <span class='ocrx_word' id='word_1_743' title='bbox 2585 4650 2704 4704; x_wconf 69' lang='lat' dir='ltr'><strong>quae</strong></span> <span class='ocrx_word' id='word_1_744' title='bbox 2739 4635 2873 4704; x_wconf 86' lang='lat' dir='ltr'><strong>jam,</strong></span> <span class='ocrx_word' id='word_1_745' title='bbox 2923 4649 3127 4704; x_wconf 85' lang='lat' dir='ltr'><strong>quaeso,</strong></span> <span class='ocrx_word' id='word_1_746' title='bbox 3163 4632 3365 4686; x_wconf 93' lang='lat' dir='ltr'><strong>homini</strong></span> <span class='ocrx_word' id='word_1_747' title='bbox 3412 4646 3506 4686; x_wconf 81' lang='lat' dir='ltr'><strong>su-</strong></span> 
     </span>
    </p>
   </div>
   <div class='ocr_carea' id='block_1_107' title="bbox 1959 4723 3504 4796">
    <p class='ocr_par' dir='ltr' id='par_1_107' title="bbox 1959 4723 3504 4796">
     <span class='ocr_line' id='line_1_108' title="bbox 1959 4723 3504 4796; baseline -0.005 -15"><span class='ocrx_word' id='word_1_748' title='bbox 1959 4733 2202 4794; x_wconf 88' lang='lat' dir='ltr'><strong>peresset</strong></span> <span class='ocrx_word' id='word_1_749' title='bbox 2243 4727 2438 4796; x_wconf 85' lang='lat' dir='ltr'><strong>gratia,</strong></span> <span class='ocrx_word' id='word_1_750' title='bbox 2469 4729 2514 4781; x_wconf 90' lang='lat' dir='ltr'><strong>si</strong></span> <span class='ocrx_word' id='word_1_751' title='bbox 2557 4733 2862 4794; x_wconf 82' lang='lat' dir='ltr'><strong>contempto</strong></span> <span class='ocrx_word' id='word_1_752' title='bbox 2919 4723 3028 4778; x_wconf 88' lang='lat' dir='ltr'><strong>Deo</strong></span> <span class='ocrx_word' id='word_1_753' title='bbox 3062 4732 3279 4779; x_wconf 90' lang='lat' dir='ltr'><strong>centum</strong></span> <span class='ocrx_word' id='word_1_754' title='bbox 3316 4735 3504 4792; x_wconf 87' lang='lat' dir='ltr'><strong>perpe-</strong></span> 
     </span>
    </p>
   </div>
   <div class='ocr_carea' id='block_1_108' title="bbox 1957 4809 3505 4885">
    <p class='ocr_par' dir='ltr' id='par_1_108' title="bbox 1957 4809 3505 4885">
     <span class='ocr_line' id='line_1_109' title="bbox 1957 4809 3505 4885; baseline -0.003 -16"><span class='ocrx_word' id='word_1_755' title='bbox 1957 4823 2134 4870; x_wconf 87' lang='lat' dir='ltr'><strong>trares</strong></span> <span class='ocrx_word' id='word_1_756' title='bbox 2163 4815 2474 4879; x_wconf 89' lang='lat' dir='ltr'><strong>homicidia,</strong></span> <span class='ocrx_word' id='word_1_757' title='bbox 2503 4815 2747 4885; x_wconf 89' lang='lat' dir='ltr'><strong>duosque</strong></span> <span class='ocrx_word' id='word_1_758' title='bbox 2770 4822 2980 4868; x_wconf 87' lang='lat' dir='ltr'><strong>tantum</strong></span> <span class='ocrx_word' id='word_1_759' title='bbox 3021 4829 3116 4872; x_wconf 82' lang='lat' dir='ltr'><strong>per</strong></span> <span class='ocrx_word' id='word_1_760' title='bbox 3143 4813 3258 4866; x_wconf 89' lang='lat' dir='ltr'><strong>dies</strong></span> <span class='ocrx_word' id='word_1_761' title='bbox 3289 4827 3318 4863; x_wconf 91' lang='lat' dir='ltr'><strong>a</strong></span> <span class='ocrx_word' id='word_1_762' title='bbox 3345 4809 3505 4864; x_wconf 86' lang='lat' dir='ltr'><strong>malis</strong></span> 
     </span>
    </p>
   </div>
   <div class='ocr_carea' id='block_1_109' title="bbox 1961 4909 2238 4964">
    <p class='ocr_par' dir='ltr' id='par_1_109' title="bbox 1961 4909 2238 4964">
     <span class='ocr_line' id='line_1_110' title="bbox 1961 4909 2238 4964; baseline 0.007 -4"><span class='ocrx_word' id='word_1_763' title='bbox 1961 4909 2238 4964; x_wconf 88' lang='lat' dir='ltr'><strong>cessares?</strong></span> 
     </span>
    </p>
   </div>
   <div class='ocr_carea' id='block_1_110' title="bbox 2031 4993 3502 5070">
    <p class='ocr_par' dir='ltr' id='par_1_110' title="bbox 2031 4993 3502 5070">
     <span class='ocr_line' id='line_1_111' title="bbox 2031 4993 3502 5070; baseline -0.011 -12"><span class='ocrx_word' id='word_1_764' title='bbox 2031 5001 2250 5069; x_wconf 59' lang='lat' dir='ltr'><strong>Qumsr.</strong></span> <span class='ocrx_word' id='word_1_765' title='bbox 2279 5001 2540 5056; x_wconf 73' lang='lat' dir='ltr'><strong>XXXVII.</strong></span> <span class='ocrx_word' id='word_1_766' title='bbox 2561 5000 2729 5070; x_wconf 72' lang='lat' dir='ltr'><strong>Cujus</strong></span> <span class='ocrx_word' id='word_1_767' title='bbox 2753 4999 2924 5069; x_wconf 83' lang='lat' dir='ltr'><strong>gratia</strong></span> <span class='ocrx_word' id='word_1_768' title='bbox 2950 5013 3048 5050; x_wconf 91' lang='lat' dir='ltr'><strong>nos</strong></span> <span class='ocrx_word' id='word_1_769' title='bbox 3065 4993 3355 5051; x_wconf 86' lang='lat' dir='ltr'><strong>Christiani</strong></span> <span class='ocrx_word' id='word_1_770' title='bbox 3387 5006 3502 5045; x_wconf 83' lang='lat' dir='ltr'><strong>ver-</strong></span> 
     </span>
    </p>
   </div>
   <div class='ocr_carea' id='block_1_111' title="bbox 1960 5072 3505 5153">
    <p class='ocr_par' dir='ltr' id='par_1_111' title="bbox 1960 5072 3505 5153">
     <span class='ocr_line' id='line_1_112' title="bbox 1960 5072 3505 5153; baseline -0.009 -6"><span class='ocrx_word' id='word_1_771' title='bbox 1960 5108 2054 5148; x_wconf 90' lang='lat' dir='ltr'><strong>sus</strong></span> <span class='ocrx_word' id='word_1_772' title='bbox 2114 5093 2377 5146; x_wconf 71' lang='lat' dir='ltr'><strong>orientem</strong></span> <span class='ocrx_word' id='word_1_773' title='bbox 2436 5091 2746 5153; x_wconf 85' lang='lat' dir='ltr'><strong>adoramus,</strong></span> <span class='ocrx_word' id='word_1_774' title='bbox 2794 5095 2847 5142; x_wconf 91' lang='lat' dir='ltr'><strong>et</strong></span> <span class='ocrx_word' id='word_1_775' title='bbox 2919 5072 3089 5140; x_wconf 74' lang='lat' dir='ltr'><strong>Judzei</strong></span> <span class='ocrx_word' id='word_1_776' title='bbox 3150 5097 3505 5138; x_wconf 86' lang='lat' dir='ltr'><strong>versus.au-</strong></span> 
     </span>
    </p>
   </div>
   <div class='ocr_carea' id='block_1_112' title="bbox 1991 5185 2176 5240">
    <p class='ocr_par' dir='ltr' id='par_1_112' title="bbox 1991 5185 2176 5240">
     <span class='ocr_line' id='line_1_113' title="bbox 1991 5185 2176 5240; baseline -0.022 0"><span class='ocrx_word' id='word_1_777' title='bbox 1991 5195 2130 5240; x_wconf 89' lang='lat' dir='ltr'><strong>trum</strong></span> <span class='ocrx_word' id='word_1_778' title='bbox 2152 5185 2176 5237; x_wconf 67' lang='grc' dir='ltr'>ἵ</span> 
     </span>
    </p>
   </div>
   <div class='ocr_carea' id='block_1_113' title="bbox 1961 5202 3509 5335">
    <p class='ocr_par' dir='ltr' id='par_1_113' title="bbox 1961 5202 3509 5335">
     <span class='ocr_line' id='line_1_114' title="bbox 1961 5202 2174 5242; baseline -0.028 0"><span class='ocrx_word' id='word_1_779' title='bbox 1961 5202 2130 5242; x_wconf 83' lang='lat' dir='ltr'><strong>strnm</strong></span> <span class='ocrx_word' id='word_1_780' title='bbox 2156 5202 2174 5237; x_wconf 78' lang='grc' dir='ltr'><strong>ι</strong></span> 
     </span>
     <span class='ocr_line' id='line_1_115' title="bbox 2031 5267 3509 5335; baseline -0.011 0"><span class='ocrx_word' id='word_1_781' title='bbox 2031 5281 2191 5335; x_wconf 72' lang='lat' dir='ltr'><strong>Resp.</strong></span> <span class='ocrx_word' id='word_1_782' title='bbox 2228 5277 2347 5331; x_wconf 88' lang='lat' dir='ltr'><strong>Non</strong></span> <span class='ocrx_word' id='word_1_783' title='bbox 2375 5274 2561 5330; x_wconf 86' lang='lat' dir='ltr'><strong>eadem</strong></span> <span class='ocrx_word' id='word_1_784' title='bbox 2585 5272 2846 5329; x_wconf 86' lang='lat' dir='ltr'><strong>similisve</strong></span> <span class='ocrx_word' id='word_1_785' title='bbox 2884 5270 2985 5323; x_wconf 90' lang='lat' dir='ltr'><strong>hac</strong></span> <span class='ocrx_word' id='word_1_786' title='bbox 3013 5269 3080 5325; x_wconf 90' lang='lat' dir='ltr'><strong>de</strong></span> <span class='ocrx_word' id='word_1_787' title='bbox 3120 5283 3178 5322; x_wconf 91' lang='lat' dir='ltr'><strong>re</strong></span> <span class='ocrx_word' id='word_1_788' title='bbox 3209 5267 3388 5322; x_wconf 87' lang='lat' dir='ltr'><strong>danda</strong></span> <span class='ocrx_word' id='word_1_789' title='bbox 3425 5272 3509 5320; x_wconf 91' lang='lat' dir='ltr'><strong>est</strong></span> 
     </span>
    </p>
   </div>
   <div class='ocr_carea' id='block_1_114' title="bbox 1959 5359 3510 5440">
    <p class='ocr_par' dir='ltr' id='par_1_114' title="bbox 1959 5359 3510 5440">
     <span class='ocr_line' id='line_1_116' title="bbox 1959 5359 3510 5440; baseline -0.009 -15"><span class='ocrx_word' id='word_1_790' title='bbox 1959 5369 2205 5440; x_wconf 90' lang='lat' dir='ltr'><strong>probatio</strong></span> <span class='ocrx_word' id='word_1_791' title='bbox 2236 5377 2290 5422; x_wconf 89' lang='lat' dir='ltr'><strong>et</strong></span> <span class='ocrx_word' id='word_1_792' title='bbox 2321 5365 2623 5434; x_wconf 84' lang='lat' dir='ltr'><strong>responsio.</strong></span> <span class='ocrx_word' id='word_1_793' title='bbox 2677 5361 2845 5415; x_wconf 84' lang='lat' dir='ltr'><strong>Aliter</strong></span> <span class='ocrx_word' id='word_1_794' title='bbox 2877 5360 3019 5413; x_wconf 89' lang='lat' dir='ltr'><strong>enim</strong></span> <span class='ocrx_word' id='word_1_795' title='bbox 3053 5370 3138 5414; x_wconf 84' lang='lat' dir='ltr'><strong>est</strong></span> <span class='ocrx_word' id='word_1_796' title='bbox 3169 5359 3510 5414; x_wconf 82' lang='lat' dir='ltr'><strong>satisfacien-</strong></span> 
     </span>
    </p>
   </div>
   <div class='ocr_carea' id='block_1_115' title="bbox 2030 5522 3505 5595">
    <p class='ocr_par' dir='ltr' id='par_1_115' title="bbox 2030 5522 3505 5595">
     <span class='ocr_line' id='line_1_117' title="bbox 2030 5522 3505 5595; baseline -0.003 -18"><span class='ocrx_word' id='word_1_797' title='bbox 2030 5523 2142 5594; x_wconf 73' lang='grc'><strong>(46)</strong></span> <span class='ocrx_word' id='word_1_798' title='bbox 2176 5522 2266 5595; x_wconf 86' lang='lat' dir='ltr'><strong>Sic</strong></span> <span class='ocrx_word' id='word_1_799' title='bbox 2317 5535 2350 5595; x_wconf 59' lang='grc' dir='ltr'><strong>ι</strong></span> <span class='ocrx_word' id='word_1_800' title='bbox 2383 5538 2496 5595; x_wconf 86' lang='lat' dir='ltr'><strong>mss</strong></span> <span class='ocrx_word' id='word_1_801' title='bbox 2524 5523 2614 5595; x_wconf 86' lang='lat' dir='ltr'><strong>__In</strong></span> <span class='ocrx_word' id='word_1_802' title='bbox 2649 5522 2808 5595; x_wconf 80' lang='lat' dir='ltr'><strong>editis</strong></span> <span class='ocrx_word' id='word_1_803' title='bbox 2839 5537 2985 5595; x_wconf 77' lang='lat' dir='ltr'><strong>vero,</strong></span> <span class='ocrx_word' id='word_1_804' title='bbox 3013 5523 3074 5595; x_wconf 54' lang='lat' dir='ltr'><strong>et</strong></span> <span class='ocrx_word' id='word_1_805' title='bbox 3100 5524 3297 5595; x_wconf 77' lang='grc' dir='ltr'>δήποτε</span> <span class='ocrx_word' id='word_1_806' title='bbox 3333 5527 3505 5576; x_wconf 75' lang='lat' dir='ltr'><strong>deest.</strong></span> 
     </span>
    </p>
   </div>
   <div class='ocr_carea' id='block_1_116' title="bbox 1959 5591 3508 5664">
    <p class='ocr_par' dir='ltr' id='par_1_116' title="bbox 1959 5591 3508 5664">
     <span class='ocr_line' id='line_1_118' title="bbox 1959 5591 3508 5664; baseline -0.003 -16"><span class='ocrx_word' id='word_1_807' title='bbox 1959 5591 2081 5648; x_wconf 74' lang='lat' dir='ltr'><strong>de</strong></span> <span class='ocrx_word' id='word_1_808' title='bbox 2103 5591 2256 5659; x_wconf 83' lang='lat' dir='ltr'><strong>editi,</strong></span> <span class='ocrx_word' id='word_1_809' title='bbox 2286 5593 2359 5648; x_wconf 85' lang='grc' dir='ltr'><strong>Οὐ</strong></span> <span class='ocrx_word' id='word_1_810' title='bbox 2395 5594 2491 5664; x_wconf 88' lang='grc' dir='ltr'><strong>μία</strong></span> <span class='ocrx_word' id='word_1_811' title='bbox 2518 5591 2596 5660; x_wconf 83' lang='grc' dir='ltr'><strong>δέ,</strong></span> <span class='ocrx_word' id='word_1_812' title='bbox 2630 5593 2724 5649; x_wconf 89' lang='lat' dir='ltr'><strong>sed</strong></span> <span class='ocrx_word' id='word_1_813' title='bbox 2745 5593 2798 5645; x_wconf 88' lang='grc' dir='ltr'><strong>δέ</strong></span> <span class='ocrx_word' id='word_1_814' title='bbox 2826 5592 2977 5649; x_wconf 84' lang='lat' dir='ltr'><strong>deest</strong></span> <span class='ocrx_word' id='word_1_815' title='bbox 3009 5594 3063 5647; x_wconf 90' lang='lat' dir='ltr'><strong>in</strong></span> <span class='ocrx_word' id='word_1_816' title='bbox 3092 5591 3325 5648; x_wconf 81' lang='lat' dir='ltr'><strong>maxima</strong></span> <span class='ocrx_word' id='word_1_817' title='bbox 3355 5602 3508 5662; x_wconf 86' lang='lat' dir='ltr'><strong>parte</strong></span> 
     </span>
    </p>
   </div>
   <div class='ocr_carea' id='block_1_117' title="bbox 1958 5679 2090 5720">
    <p class='ocr_par' dir='ltr' id='par_1_117' title="bbox 1958 5679 2090 5720">
     <span class='ocr_line' id='line_1_119' title="bbox 1958 5679 2090 5720; baseline -0.008 -2"><span class='ocrx_word' id='word_1_818' title='bbox 1958 5679 2090 5720; x_wconf 87' lang='lat' dir='ltr'><strong>mss.</strong></span> 
     </span>
    </p>
   </div>
   <div class='ocr_carea' id='block_1_118' title="bbox 3163 5825 3239 5885">
    <p class='ocr_par' dir='ltr' id='par_1_118' title="bbox 3163 5825 3239 5885">
     <span class='ocr_line' id='line_1_120' title="bbox 3163 5825 3239 5885; baseline 0.026 -2"><span class='ocrx_word' id='word_1_819' title='bbox 3163 5825 3239 5885; x_wconf 65' lang='lat'><strong>90</strong></span> 
     </span>
    </p>
   </div>
  </div>
