4088 6382
543 311 646 364 619

1659 312 1714 368 S.
1755 310 2212 370 ATl-IANASIUS.
2253 342 2321 355 —-
2374 312 2642 369 SPURIA.

3650 314 3761 370 620

540 423 667 475 dum
721 421 921 478 Iudaeis
958 444 969 477 :
1002 424 1154 478 aliter
1184 439 1271 478 res
1297 434 1380 478 est
1408 425 1724 495 explicanda
1751 426 2038 496 gentilibus
2068 442 2076 477 :

2188 427 2386 499 ἑτέρως
2403 427 2656 496 Ἕλλησιν
2685 426 3044 497 ἑρμηνευτέον
3064 443 3076 456 ο
3108 426 3202 478 καὶ
3231 426 3406 490 ἄλλως
3433 427 3594 483 πάλιν
3631 443 3761 501 περὶ

541 515 697 567 aliter
721 515 954 585 denique
994 515 1046 568 id
1078 523 1162 569 est
1203 514 1530 570 Christianis
1574 517 1970 586 explicandum.
1995 515 2102 570 Ju-

539 602 670 656 dans
704 603 869 672 igitur
932 603 1165 657 dicimus
1201 602 1387 658 lideles
1422 604 1628 661 idcirco
1682 621 1872 661 versus
1912 607 2090 661 orien-

540 699 646 746 tem
677 690 925 754 adorare,
951 692 1093 760 quod
1126 691 1199 744 ita
1240 691 1402 746 nobis
1439 693 1667 761 jusserit
1703 692 1937 764 Spiritus
1965 710 2092 750 san-

537 791 662 837 ctus
694 799 789 853 per
816 783 1070 838 Davidem
1102 783 1422 853 prophetam
1444 785 1555 840 haec
1587 786 1815 856 loquens
1844 802 1856 836 :
1897 804 1915 838 ι
1947 786 2092 840 Ado-

537 889 719 928 remus
769 874 824 927 in
883 875 1024 937 loco,
1061 875 1151 929 ubi
1211 883 1476 931 steterunt
1531 877 1694 948 pedes
1745 877 2084 932 Domini".i

509 950 690 1032 ,Ου’οά
741 968 788 1020 si
846 967 992 1021 dicat
1033 967 1275 1034 Iudaeus,
1329 970 1420 1024 ubi
1472 977 1736 1026 steterunt
1789 970 1954 1040 pedes
1986 969 2091 1024 Do-

534 1058 706 1112 mini?
735 1058 879 1128 ipsos
912 1061 996 1114 his
1027 1062 1206 1116 verbis
1253 1061 1410 1116 docet
1434 1063 1699 1132 propheta
1757 1061 2084 1117 Zacharias:

538 1167 555 1198 ι
588 1148 650 1203 Et
706 1150 926 1203 stabunt
976 1151 1140 1221 pedes
1193 1150 1407 1205 Domini
1472 1152 1527 1206 in
1588 1160 1769 1206 monte
1813 1151 2088 1206 Olivarum

533 1241 601 1295 ad
632 1242 894 1296 orientem
928 1252 1116 1297 contra
1143 1242 1517 1298 Jerusalem".
1555 1243 1744 1298 iUnde
1765 1251 1818 1300 et
1856 1243 1958 1314 ipsi
1995 1241 2088 1297 Ju-

529 1333 628 1386 daei
655 1331 1007 1404 Jerosolymis
1029 1342 1248 1389 orantes
1279 1350 1472 1390 versus
1494 1336 1777 1401 orientem,
1803 1343 1961 1389 orant
2013 1333 2081 1388 ad

535 1431 770 1478 montem
799 1423 1097 1480 Olivarum.
1129 1425 1195 1478 Et
1240 1425 1296 1480 id
1341 1426 1557 1495 quidem
1605 1426 1842 1481 breviter
1881 1425 2086 1481 Iudaeis

536 1531 854 1584 responsum
885 1525 1022 1572 esto.
1053 1516 1134 1572 Ad
1159 1517 1384 1588 gentiles
1414 1525 1593 1572 autem
1624 1518 1752 1573 illud
1781 1526 1866 1574 est
1899 1518 2090 1574 dicen-

530 1603 682 1668 dum,
716 1621 818 1660 nos
868 1606 1075 1662 scilicet
1107 1622 1301 1663 versus
1349 1607 1612 1663 orientem
1666 1608 1913 1671 adorare,
1973 1624 2084 1663 non

529 1696 683 1764 quasi
713 1697 872 1766 plaga
919 1697 1172 1753 orientali
1224 1697 1709 1753 circumscribatur
1760 1697 1933 1765 Deus;
1989 1699 2084 1754 sed

2196 517 2381 570 τούτου
2423 518 2762 587 Χριπιανοῖς
2811 515 3186 587 σαφηνιστέον.
3217 517 3492 583 Ἰουδαίοις
3527 518 3626 590 μὲν
3666 517 3760 574 οὖν

2197 607 2454 678 εἴπομεν.
2500 608 2582 660 ὅτι
2609 606 2797 659 τούτου
2841 607 3000 678 χάριν
3043 608 3092 659 οἱ
3136 607 3318 662 πιστοὶ
3346 609 3759 680 προσκυνοῦμεν

2195 694 2333 748 κατὰ
2358 694 2635 759 ἀνατολὰς,
2661 693 2754 746 τοῦ
2782 695 2938 762 ἁγίου
2966 694 3104 747 Πνεύ
3113 712 3279 765 ματος
3302 696 3758 766 νομοθετήσαντος

2195 787 2322 857 ἡμῖν
2353 785 2441 839 διὰ
2479 784 2573 838 τοῦ
2619 786 2895 857 προφήτου
2929 785 3092 838 Δαϐὶδ
3133 787 3378 850 εἰπόντος
3402 804 3415 818 ·
3457 806 3476 838 ι
3512 788 3758 858 Προσκυ-

2194 879 2442 950 νήσωμεν
2489 880 2568 942 εἰς
2615 879 2705 932 τὸν
2757 879 2918 933 τόπον
2967 871 3027 932 οῦ
3081 879 3313 950 ἔστησαν
3353 879 3403 933 οἱ
3451 881 3609 943 πόδες
3642 882 3755 934 Ku-

2197 969 2311 1039 ρίου
2346 969 2478 1038 (47).
2519 989 2538 1021 ι
2571 971 2680 1024 Καὶ
2708 969 2801 1023 ἐὰν
2831 969 2962 1042 λέγῃ
3001 971 3030 1023 6
3062 971 3346 1036 Ἰουδαῖος,
3381 970 3482 1024 ποῦ
3525 971 3756 1043 ἔστησαν

2191 1061 2241 1113 οἱ
2273 1061 2428 1124 πόδες
2455 1061 2547 1114 τοῦ
2573 1062 2776 1133 Κυρίου
2803 1079 2817 1126 ;
2856 1064 2884 1116 6
2908 1063 3189 1135 προφήτης
3219 1063 3490 1134 Ζαχαρίας
3514 1063 3757 1118 διδάσκει

2191 1154 2385 1217 αὐτοὺς
2410 1154 2582 1222 λέγων
2608 1171 2621 1185 ’
2661 1172 2681 1207 ι
2716 1156 2824 1208 Καὶ
2861 1158 3143 1228 στήσονται
3175 1159 3222 1210 οἱ
3257 1157 3415 1222 πόδες
3441 1158 3646 1229 Κυρίου
3675 1161 3756 1223 είς

2191 1242 2251 1294 τὸ
2282 1243 2405 1312 ὅρος
2428 1243 2535 1296 τῶν
2561 1243 2786 1298 Ἐλαιῶν
2817 1246 2935 1298 κατ’
2961 1245 3226 1309 ἀνατολὰς
3249 1245 3532 1299 κατέναντι
3566 1246 3756 1319 Ἰερου-

2194 1334 2391 1406 σαλήμ.
2428 1353 2446 1386 ι
2485 1335 2643 1390 Ὅθεν
2690 1337 2782 1389 καὶ
2821 1325 2973 1390 οῖύτοὶ
3021 1338 3071 1390 οί
3099 1337 3338 1390 Ἰουδαῖοι
3383 1337 3442 1390 ἐν
3484 1336 3754 1409 Ἰερουσα-

2191 1425 2302 1498 λὴμ
2326 1429 2744 1499 προσευχόμενοι
2773 1429 2912 1482 κατὰ
2940 1427 3219 1494 ἀνατολὰς,
3256 1428 3646 1500 προσεύχονται
3673 1431 3755 1493 είς

2189 1517 2249 1570 τὸ
2281 1518 2403 1590 ὅρος
2449 1518 2554 1572 τῶν
2580 1519 2824 1573 Ἐλαιῶν.
2863 1521 2972 1573 Καὶ
3019 1520 3154 1590 αῦτη
3199 1521 3297 1590 μὲν
3324 1523 3357 1592 ή
3385 1521 3472 1575 διὰ
3506 1520 3753 1594 βραχέων

2189 1608 2325 1680 πρὸς
2351 1609 2633 1673 Ἰουδαίους
2673 1610 2938 1678 ἀπολογία
2959 1627 2971 1639 ·
3005 1610 3140 1681 πρὸς
3181 1609 3237 1662 δὲ
3272 1609 3538 1680 ’Έλληνας
3577 1609 3754 1663 ἐκεῖνό

2189 1717 2393 1770 φαμεν,
2424 1702 2504 1754 ὅτι
2535 1703 2633 1772 οὐχ
2659 1701 2734 1766 ὡς
2759 1703 2817 1756 έν
2845 1701 3128 1764 ἀνατολαῖς
3161 1701 3631 1773 περιγραφομένου
3655 1699 3750 1754 τοῦ

532 1789 662 1856 quia
686 1786 830 1844 Deus
862 1799 965 1854 est,
989 1796 1043 1844 et
1074 1789 1276 1844 dicitur
1309 1789 1401 1843 lux
1419 1803 1566 1843 vera.
1599 1789 1806 1844 Idcirco
1822 1789 1889 1843 ad
1914 1789 2076 1844 lucerr

2190 1789 2323 1842 Θεοῦ
2359 1791 2498 1845 κατά
2537 1791 2798 1856 ἀνατολὰς
2835 1792 3275 1864 προσκυνοῦμεν’
3321 1791 3440 1845 ἀλλ’
3494 1790 3677 1862 ἐπειδὴ
3721 1792 3750 1843 ὁ

523 1887 764 1932 creatam
817 1880 1190 1949 respicientes,
1235 1895 1344 1936 non
1375 1880 1570 1949 ipsam.
1620 1879 1714 1934 sed
1771 1880 2084 1935 Creatorem

523 1969 644 2038 ejus
681 1970 993 2036 adoramus,
1036 1986 1104 2026 ex
1133 1973 1572 2041 splendidissimo
1597 1974 1886 2036 elemento,
1922 1971 2081 2041 225

525 2059 692 2114 Deum
730 2061 973 2116 omnium
1001 2063 1392 2118 elementorum
1426 2071 1477 2118 et
1523 2063 1848 2119 saeculorum
1899 2063 2082 2132 splen-

521 2151 871 2208 didissimum
896 2164 1238 2210 venerantes.
1266 2154 1507 2225 Denique
1537 2153 1756 2208 audiant
1787 2161 1842 2207 et
1871 2153 2084 2208 discant

523 2243 706 2299 ﬁdeles
736 2244 855 2314 ejus
885 2245 964 2300 rei
991 2260 1158 2301 causa
1186 2247 1530 2302 beatissimos
1556 2246 1831 2316 apostolos
1850 2245 2082 2314 jussisse

521 2341 580 2387 ut
603 2333 859 2390 Ecclesia:
886 2334 1320 2392 Christianorum
1347 2336 1608 2392 orientem
1643 2343 1985 2404 spectarent;
2022 2345 2081 2389 ut

521 2428 588 2478 ad
620 2425 961 2494 paradisum,
999 2427 1142 2481 unde
1177 2426 1499 2490 excidimus,
1542 2427 1821 2496 antiquam
1848 2428 2077 2495 patriam

520 2515 800 2583 regionem
831 2523 1075 2570 nostram
1120 2515 1476 2584 respiciamus
1510 2531 1523 2565 :
1552 2529 1876 2583 oremusque
1909 2511 2078 2566 Deum

522 2615 576 2659 et
597 2605 910 2670 Dominum,
935 2613 995 2659 ut
1031 2607 1100 2661 ad
1129 2607 1332 2670 locum,
1357 2606 1500 2661 unde
1549 2606 1767 2660 exsules
1813 2603 1969 2673 ejecti
1995 2618 2081 2658 su-

523 2712 670 2760 mus,
703 2711 804 2751 nos
849 2697 980 2751 velit
1023 2698 1331 2752 restituere.
1375 2695 1657 2766 Prophetaa
1697 2711 1824 2750 vero
1865 2693 2078 2750 Judzeos

518 2787 586 2842 ad
613 2788 888 2842 meridiem
915 2787 1192 2842 attendere
1219 2793 1611 2856 praeceperunt.
1636 2785 1760 2855 quia
1791 2783 2077 2838 Dominum

517 2895 583 2935 ex
618 2880 842 2935 meridie
875 2878 1178 2935 Jerusalem
1205 2880 1318 2934 sive
1338 2893 1404 2932 ex
1451 2877 1764 2931 Bethlehem
1808 2875 1958 2929 nasci
1983 2875 2079 2930 de-

518 2972 669 3026 beret
704 2991 715 3023 :
746 2973 873 3026 hinc
933 2971 1112 3027 aiebat
1131 2970 1390 3041 pr0pheta
1411 2970 1478 3034 9°,
1512 2986 1531 3019 ι
1572 2967 1716 3023 Deus
1763 2980 1793 3020 a
1817 2964 2074 3020 Themam

515 3064 711 3129 veniet,
743 3082 761 3114 ι
785 3063 840 3117 id
864 3072 966 3128 est,
999 3081 1017 3113 ι
1046 3063 1114 3117 ab
1135 3070 1346 3118 austro.
1384 3079 1402 3112 ι

2181 1880 2312 1943 Θεὸς
2338 1881 2451 1950 φῶς
2492 1881 2740 1953 ἀληθινόν
2784 1884 2900 1936 έστί
2932 1901 2992 1937 τε
3033 1885 3127 1937 καὶ
3169 1883 3522 1956 ὀνομάζεταιο
3555 1884 3749 1936 τούτου

2180 1971 2338 2042 χάριν
2367 1971 2503 2042 πρὸς
2531 1973 2592 2025 τὸ
2624 1973 2739 2042 φῶς
2767 1974 2829 2027 τὸ
2872 1974 3087 2028 κτιστὸν
3115 1975 3441 2046 ἀφορῶντες,
3467 1975 3562 2028 οὐκ
3591 1975 3745 2039 αὐτὸ,

2179 2059 2313 2112 ἀλλά
2340 2058 2429 2112 τὸν
2459 2061 2686 2132 ποιητὴν
2724 2062 2888 2115 αὐτοῦ
2922 2062 3330 2133 προσκυνοῦμεν
3349 2102 3363 2125 ,
3392 2061 3459 2115 ἐκ
3487 2059 3580 2113 τοῦ
3609 2060 3748 2131 λαμ-

2179 2150 2441 2222 προτέρου
2475 2151 2736 2220 στοιχείου
2767 2152 2900 2220 (48),
2936 2151 3026 2204 τὸν
3069 2151 3174 2220 πρὸ
3207 2152 3424 2204 πάντων
3465 2150 3748 2220 στοιχείων

2177 2241 2271 2294 καὶ
2305 2240 2412 2294 τῶν
2451 2240 2660 2295 αίώνων
2688 2241 3080 2312 ὑπέρλαμπρον
3111 2240 3242 2293 Θεὸν
3285 2239 3650 2311 γεραίροντες.
3685 2240 3748 2292 Οἱ

2177 2330 2235 2384 δὲ
2263 2332 2442 2384 πιστοὶ
2466 2332 2808 2386 ἀκουέτωσαν
2829 2333 2920 2386 καὶ
2954 2331 3597 2404 μανθανέτωσωςὸτιπερ
3619 2331 3749 2385 τού-

2177 2441 2268 2477 του
2298 2424 2457 2497 χάριν
2481 2426 2532 2477 οἱ
2568 2424 2969 2496 μακαριώτατοι
2994 2425 3279 2479 ἀπόστολοι
3307 2423 3420 2493 (49)
3449 2424 3590 2478 κατά
3617 2426 3748 2478 ἀνα-

2177 2515 2334 2579 τολὰς
2389 2517 2484 2576 τάς
2534 2516 2642 2569 τῶν
2702 2517 3042 2588 Χριστιανῶν
3100 2516 3393 2587 ἐκκλησίας
3457 2516 3747 2586 προσέχειν

2178 2607 2456 2678 ἐποίησαν,
2493 2607 2580 2661 ἵνα
2613 2608 2746 2679 πρὸς
2776 2609 2864 2664 τὸν
2894 2609 3217 2680 παράδεισον
3241 2606 3532 2678 ἀφορῶμεν
3557 2623 3570 2636 ·
3617 2606 3743 2659 ὅθεν

2176 2699 2269 2752 καὶ
2299 2699 2631 2770 ἐξεπέσαμεν
2658 2701 2790 2772 πρὸς
2814 2701 2910 2771 τήν
2946 2699 3174 2772 ἀρχαίαν
3206 2699 3361 2770 ήμῶν
3388 2697 3619 2769 πατρίδα
3647 2696 3742 2751 καὶ

2175 2790 2378 2862 χώραν,
2406 2791 2710 2861 αἰτούμενοι
2738 2793 2830 2844 τὸν
2857 2791 2986 2845 Θεὸν
3020 2791 3110 2844 καὶ
3153 2791 3430 2859 Δεσπότην
3459 2791 3741 2843 ἀποκατα-

2177 2883 2369 2953 στῆσαι
2397 2884 2562 2952 ήμᾶς,
2591 2883 2709 2936 ὅθεν
2736 2881 3123 2953 ἐξωρίσθημεν.
3170 2882 3265 2944 Ei";
3291 2881 3440 2935 νότον
3469 2881 3526 2932 δὲ
3568 2896 3738 2950 προσ-

2176 2971 2322 3043 έχειν
2355 2973 2629 3038 Ἰουδαίοις
2659 2975 2706 3026 οἱ
2740 2974 3005 3045 προφῆται
3026 2971 3414 3043 ἐνομοθέτησαν
3440 2970 3526 3022 διά
3551 2970 3640 3022 τὸν
3674 2971 3740 3021 ἐκ

2175 3064 2327 3118 νότου
2357 3064 2461 3136 τῆς
2499 3065 2868 3138 Ἰερουσαλὴμ,
2904 3065 3067 3134 ήγουν
3089 3065 3152 3116 ὲκ
3184 3062 3446 3132 Βηθλεὲμ,
3479 3059 3738 3131 μέλλοντα

514 3159 791 3212 τίκτεσθαι
833 3157 1061 3230 Κύριον·
1109 3160 1188 3213 διὸ
1237 3159 1329 3214 καὶ
1365 3157 1516 3226 ἔλεγε
1562 3157 1878 3230 προφήτηςο
1937 3174 1956 3208 ‹
2023 3160 2064 3212 0
2101 3158 2232 3225 Θεὸς
2266 3162 2374 3222 ἀπὸ
2430 3163 2644 3236 Θαιμᾶν
2682 3161 2792 3234 (50)
2835 3159 2984 3232 ἥξει,
3022 3179 3040 3212 ι
3091 3158 3398 3224 τουτέστιν,
3452 3173 3471 3207 ι
3544 3156 3609 3208 ὲκ
3652 3152 3739 3205 νό-

514 3267 632 3305 του.
675 3269 692 3301 υ

582 3340 800 3408 Qumsr.
843 3341 1132 3397 XXXVIII.
1175 3343 1378 3409 Quare,
1419 3357 1544 3398 cum
1573 3343 1823 3400 Christus
1861 3345 1931 3402 sit
1974 3346 2080 3400 cir-
2105 3350 2148 3409 C

515 3436 819 3501 cumcisus,
849 3452 950 3503 nos
981 3435 1234 3490 similiter
1263 3450 1369 3490 non
1401 3436 1884 3491 circumcidimur?

582 3525 747 3583 Resp.
789 3527 1040 3583 Christus
1071 3526 1242 3582 Filius
1281 3526 1374 3581 Dei
1399 3528 1548 3581 venit
1581 3538 1642 3581 ut
1682 3527 1850 3598 legem
1884 3528 2073 3597 imple-

512 3626 615 3682 ret,
651 3635 719 3673 ne
758 3618 869 3674 Deo
899 3619 1181 3689 oppositus
1204 3634 1325 3674 esse
1354 3626 1656 3688 putaretur,
1696 3619 2072 3674 adversarius-

508 3724 614 3779 que
659 3709 754 3765 Dei
797 3711 889 3780 qui
937 3711 1107 3780 legem
1139 3708 1382 3764 dederat.
1417 3709 1473 3764 Id
1521 3709 1662 3764 enim
1705 3710 1807 3779 ipsi
1855 3723 2070 3764 sursum

509 3803 874 3872 deorsumque
899 3803 1323 3871 exprobrabant.
1351 3801 1488 3856 Cum
1515 3807 1692 3855 autem
1719 3802 1832 3870 ipse
1855 3817 1952 3870 pro
1974 3817 2074 3856 no-

507 3895 590 3949 bis
633 3909 694 3949 ea
739 3909 858 3964 quae
885 3894 973 3948 lex
1023 3894 1264 3948 continet
1309 3893 1636 3962 impleverit,
1666 3891 1776 3960 jam
1825 3907 1924 3947 nos
1963 3892 2066 3947 sub

506 3985 622 4055 lege
649 4001 756 4038 non
792 3999 984 4039 sumus
1016 3984 1110 4040 sed
1159 3983 1260 4038 sub
1289 3983 1485 4054 gratia.
1529 3982 1668 4036 Hinc
1698 3983 1948 4038 Christus
1974 3998 2071 4052 per

507 4075 735 4129 Paulum
768 4076 882 4130 hac
921 4077 986 4130 ad
1013 4091 1114 4130 nos
1141 4075 1276 4129 dicit
1307 4094 1320 4129 :
1357 4095 1375 4126 ι
1407 4074 1672 4141 Quoniam
1706 4075 1749 4130 si
1774 4075 2068 4129 circumci-

505 4163 732 4224 damini,
789 4162 1041 4218 Christus
1080 4161 1235 4217 vobis
1286 4162 1424 4215 nihil
1466 4163 1711 4232 proderit
1733 4164 1798 4214 ’7.
1837 4182 1854 4213 ι
1915 4161 2069 4218 Unde

506 4252 794 4307 manifesto
821 4252 1200 4322 cognoscimus
1230 4251 1339 4308 Deo
1379 4252 1584 4309 alienos
1609 4268 1732 4309 esse
1760 4269 1948 4308 omnes
1972 4253 2065 4322 qui

506 4343 991 4406 circumciduntur,
1030 4343 1143 4399 sive
1189 4343 1375 4400 ﬁdeles
1410 4343 1488 4398 illi
1530 4344 1658 4406 sint,
1709 4345 1824 4399 sive
1869 4343 2064 4398 inlide-

507 4435 620 4498 Ies,
677 4434 790 4488 sive
841 4431 1052 4497 Judaei,
1118 4434 1231 4489 sive
1281 4436 1547 4506 gentiles,
1600 4434 1801 4505 quippe
1863 4435 1956 4504 qui
2007 4434 2065 4489 in

503 4525 618 4594 lege
661 4523 896 4578 Mosaica
936 4525 1260 4595 glorientur,
1306 4541 1405 4581 nec
1427 4526 1706 4583 Christum
1739 4533 2058 4597 sequantur.

501 4614 962 4680 Quemadmodum
1003 4616 1146 4672 enim
1187 4617 1423 4673 universi
1454 4619 1546 4690 qui
1588 4633 1683 4688 per
1730 4618 2056 4690 sanguinem

2261 3344 2449 3416 Ἐρώτ.
2484 3342 2586 3414 λη’.
2614 3343 2769 3405 Τίνος
2790 3341 2954 3412 χάριν
2989 3338 3080 3392 τοῦ
3115 3335 3348 3409 Χριστοῦ
3377 3333 3735 3406 περιτμηθέν-

2175 3453 2286 3499 τος,
2317 3437 2378 3488 οὐ
2403 3433 2835 3508 περιτεμνόμεθα
2863 3432 2953 3485 καὶ
2976 3433 3152 3501 ἡμεῖς.
3182 3429 3255 3492 ώς
3286 3428 3485 3493 αὑτός;

2258 3527 2444 3582 Ἀπόκ.
2482 3529 2539 3580 '0
2581 3527 2676 3598 μὲν
2715 3527 2966 3597 Χριστὸς,
3001 3523 3133 3576 Θεοῦ
3160 3522 3286 3585 Υίὸς
3318 3519 3412 3582 ὢν,
3449 3519 3734 3591 πληρῶσαι

2170 3614 2302 3690 ἦλθε
2330 3618 2421 3671 τὸν
2452 3619 2636 3688 νόμον,
2674 3617 2762 3670 ἵνα
2791 3616 2863 3687 μὴ
2905 3613 3134 3684 νομισθῇ
3188 3609 3428 3674 ἀντίθεος
3459 3606 3597 3663 εἶναι
3639 3612 3734 3663 καὶ
3829 3660 3831 3662 .

2172 3709 2436 3773 ἀντίδικος
2467 3709 2560 3763 τοῦ
2594 3706 2724 3761 Θεοῦ
2755 3706 2848 3759 τοῦ
2881 3704 3166 3766 δεδωκότος
3208 3702 3296 3756 τὸν
3343 3703 3524 3773 νόμον.
3561 3702 3733 3756 Τοῦτο

2170 3801 2277 3870 γὰρ
2304 3801 2413 3853 ἄνω
2435 3800 2527 3853 καὶ
2558 3799 2708 3853 κάτω
2741 3795 3026 3850 ἐνεκάλουν
3063 3793 3208 3864 αὑτῷ
3238 3793 3286 3846 οἶ
3326 3793 3589 3848 Ἰουδαῖοι.
3631 3792 3734 3845 Λύ-

2167 3891 2260 3942 τοῦ
2289 3891 2345 3944 δὲ.
2375 3892 2512 3960 ὑπὲρ
2547 3889 2701 3960 ἡμῶν
2743 3886 3124 3957 πληρώσαντος
3149 3883 3215 3935 τὰ
3246 3885 3300 3935 έν
3329 3883 3497 3953 νόμῳ,
3541 3881 3728 3936 οὐκέτι

2170 3982 2350 4034 λοιπὸν
2381 3982 2542 4051 ἡμεῖς
2576 3983 2740 4050 ἐσμεν
2769 3979 2872 4031 ὑπὸ
2903 3978 3084 4048 νόμον,
3127 3973 3239 4028 ἀλλ’
3285 3974 3390 4026 ὑπὸ
3421 3973 3600 4044 χάριν.
3638 3977 3731 4030 Διὸ

2169 4089 2298 4142 φησι
2327 4071 2462 4141 πρὸς
2493 4071 2638 4141 ήμᾶς
2671 4068 2758 4122 διά
2785 4067 2993 4120 Παύλου
3028 4069 3056 4119 6
3105 4065 3366 4136 Χριστός’
3396 4083 3415 4114 ι
3461 4065 3605 4128 Ὅτι,
3634 4066 3729 4119 ὲὰν

2169 4158 2833 4232 περιτέμνησθε,Χριστὸς
2867 4158 3006 4228 ὑμᾶς
3030 4157 3178 4210 οὐδὲν
3211 4154 3498 4225 ὠφελήσει.
3534 4157 3727 4209 »Ὥστε

2166 4253 2411 4307 ἐντεῦθεν
2437 4251 2621 4320 σαφῶς
2643 4250 2997 4319 γινώσκομεν,
3029 4250 3108 4301 ὅτι
3152 4247 3416 4318 ἀλλότριοι
3457 4246 3548 4300 τοῦ
3588 4248 3725 4317 Χρι-

2168 4345 2293 4399 στοῦ
2326 4343 2434 4415 (51)
2467 4345 2572 4395 είσι
2602 4343 2799 4404 πάντες
2816 4341 2864 4393 οἱ
2895 4339 3360 4410 περιτεμνόμενοι,
3389 4338 3495 4391 εἴτε
3523 4338 3726 4402 πιστοὶ,

2164 4435 2272 4490 εἴτε
2296 4435 2532 4498 ἄπιστοι,
2573 4434 2681 4485 εἴτε
2719 4431 2976 4494 Ἰουδαῖοι,
3008 4432 3115 4482 εἴτε
3145 4431 3423 4500 Ἕλληνες,
3449 4429 3523 4492 ὼς
3556 4430 3613 4480 έν
3640 4430 3726 4481 νό-

2167 4543 2250 4596 μῳ
2273 4521 2549 4591 Μωσαῖκῷ
2578 4517 2936 4588 καυχώμενοι,
2964 4518 3058 4569 καὶ
3080 4517 3139 4568 οὐ
3167 4516 3242 4586 τῷ
3267 4513 3486 4586 Χριστῷ
3526 4514 3726 4584 ἑπόμε-

2164 4633 2264 4668 νοι.
2287 4615 2499 4683 ’σπερ
2531 4611 2640 4683 γὰρ
2665 4612 2900 4673 ἅπαντες
2923 4610 2973 4661 οἱ
2994 4609 3091 4678 τὴν
3125 4608 3190 4660 δι’
3226 4609 3452 4679 αἵματος
3475 4605 3587 4678 (52)..)
3629 4604 3723 4658 καὶ

565 4769 610 4799 ’⁸
647 4766 792 4822 Psal.
827 4783 1023 4831 cxxxi,
1059 4768 1110 4822 7.
1185 4769 1228 4799 ’⁵
1269 4767 1496 4824 Zachar.
1527 4785 1639 4834 xiv,
1671 4770 1725 4822 4.
1802 4769 1847 4800 ⁸⁸
1883 4765 2076 4824 Habac.

2177 4783 2208 4822 ι.
2291 4765 2337 4797 ³⁷
2377 4764 2552 4820 Galat.
2586 4781 2640 4829 v,
2669 4763 2724 4816 2.

564 4951 674 5020 (47)
699 4950 832 5006 Tres
858 4966 986 5007 mss.
1021 4952 1098 5006 sic
1135 4951 1352 5013 habent,
1399 4947 1640 5020 ἔστησαν
1661 4951 1709 5002 ot
1739 4949 1894 5013 πόδες
1942 4951 2052 5002 Κυ-

2177 4949 2290 5004 Isic
2338 4949 2500 5004 habet
2528 4967 2540 5001 :
2574 4943 2836 5020 ῌροέχειν
2869 4942 3179 5020 ἐκέλευσαν,
3209 4940 3314 5005 ἵνα,
3340 4938 3473 5010 πρὸς
3499 4938 3594 5020 τὸν
3615 4954 3716 5020 πα-

533 5018 628 5072 ίου.
656 5021 764 5090 Καὶ
797 5021 891 5073 ἐὰν
918 5023 1064 5090 λέγει
1089 5022 1117 5075 6
1157 5020 1431 5082 Ἰουδαῖος⁴
1468 5018 1578 5090 Ποῦ
1607 5018 1923 5090 ᾗέστησανοί
1953 5020 2052 5072 πό-

492 5088 687 5192 iacio}
711 5092 934 5163 Κυρίου,
965 5088 1294 5161 όπροφήτης
1309 5088 1581 5161 Ζαχαρίας
1600 5088 1837 5142 διδάσκει
1859 5089 2048 5157 λέγων·

491 5177 594 5212 ἔτη
605 5177 804 5212 σονται.

562 5161 928 5299 ᾐόσδῖνόιιίίάεπι
977 5225 1356 5297 manuscripti,
1392 5226 1456 5280 ἐκ
1499 5224 1592 5278 τοῦ
1636 5225 1866 5299 πρώτου.
1912 5245 2052 5299 στοιτ

489 5296 653 5372 χείου,
687 5299 887 5354 Ibidem
918 5299 1204 5372 iReg._2_e_t
1227 5296 1296 5372 5,.
1319 5312 1456 5372 quos
1498 5296 1795 5372 sequimur,
1824 5297 1914 5350 τὸν
1946 5297 2051 5366 πρὸ

489 5365 1213 5440 πάντωνᾲστοιχείωνΪΕάίιί,
1251 5365 1341 5440 τὸν
1365 5366 1472 5440 τῶν
1495 5366 1710 5440 πάντων
1739 5383 1822 5440 στ.

561 5437 667 5505 (49)
713 5437 787 5492 Ita
819 5434 1009 5495 omnes
1042 5437 1419 5505 manuscripti.
1455 5437 1512 5489 In
1542 5437 1724 5494 editis.
1760 5434 2046 5490 ἀπόστολοι

485 5508 657 5561 deest.
700 5507 820 5561 Mox
860 5508 1136 5562 Palatinus
1175 5507 1402 5576 primus,
1451 5505 1740 5576 Ἐποίησαν
1779 5505 1917 5576 κατά
1955 5505 2046 5576 τὸν

489 5577 806 5650 παράδεισον
839 5581 984 5650 ἡμᾶς
1016 5573 1319 5650 προσέχειν,
1352 5575 1494 5650 ὅθεν*
1506 5573 1837 5650 ἐξεπέσαᾲμεν
1865 5573 2048 5650 βουλό-

490 5642 658 5715 μενοι,
689 5646 794 5706 ἵνα,
828 5642 965 5718 πρὸς
997 5642 1092 5718 τὴν
1125 5642 1356 5716 ἀρχαίαν
1379 5644 1534 5766 ⁴ἓμῶν
1559 5642 1786 5713 πατρίδα
1821 5642 1913 5695 καὶ
1937 5642 2044 5713 χώ-

492 5734 588 5766 οαν
618 5716 944 5766 ἀφορῶντες.
986 5717 1243 5766 αἰτοῦμεν
1274 5715 1364 5766 τὸν
1421 5714 1672 5766 εσπότην.
1704 5713 1876 5766 Palat.
1918 5727 2044 5766 vero

491 5713 588 5773 bav
618 5713 944 5783 ἀφορῶντες,
986 5713 1243 5786 αἰτοῦμεν
1274 5715 1364 5767 τὸν
1388 5713 1672 5783 δεσπότην.
1704 5713 1876 5767 Palat.
1918 5727 2045 5767 vero

2155 5020 2398 5092 ράδεισον
2438 5007 2754 5092 ἀφορῶντεξ
2781 5013 2902 5092 δθεν
2937 5007 3393 5092 ἐκπεπτώκαμεν,
3430 5007 3590 5092 ⁹πρὸς
3618 5007 3716 5092 τῂν

2153 5077 2401 5160 ἀρχαίαν
2430 5077 2587 5160 ήμῶν
2608 5084 2860 5160 ’πατρίδα
2909 5083 3002 5134 καὶ
3043 5080 3247 5160 χώραν,
3273 5077 3595 5160 ἀἰτεύμεοα
3626 5077 3716 5160 τὸν

2153 5147 2282 5212 Θεὸν
2325 5159 2416 5211 καὶ
2453 5147 2719 5226 δεσπότην
2743 5147 3268 5226 ἀποκατασταθῆναι.
3293 5147 3600 5226 ήμᾶςίδθειν
3633 5147 3714 5226 ἐξ·

2153 5229 2446 5298 επέσαμεν.
2493 5226 2594 5282 Hic
2637 5217 3046 5298 responsionem
3093 5217 3514 5274 claudit'Palat.
3560 5217 3616 5282 2,
3662 5219 3712 5270 in

2152 5313 2262 5368 quo
2291 5292 2482 5368 quaest.
2514 5298 2582 5368 '58
2615 5305 2667 5368 et
2696 5292 3031 5368 59,-desunt.

2247 5362 2334 5434 50-)
2373 5365 2504 5436 Reg.
2533 5367 2588 5427 2,
2626 5362 2861 5436 Eata-{55w
3160 5427 3186 5436 _
3220 5425 3253 5436 Α
3322 5425 3348 5435 -

2247 5369 2334 5434 50)
2373 5369 2504 5436 Reg.
2533 5369 2588 5427 2,
2626 5369 2861 5434 Θαιμάν.
3160 5427 3186 5436 _
3322 5425 3348 5435 _

2224 5369 2336 5506 (51)
2375 5436 2466 5491 Sic
2494 5436 2529 5488 2
2557 5451 2686 5506 mss.
2722 5431 2862 5485 Editi
2883 5443 3064 5506 _vero_._
3093 5444 3188 5506 του
3216 5425 3372 5478 Θεου.
3394 5423 3563 5478 Paulo
3589 5431 3709 5494 post

2151 5506 2187 5560 2
2217 5496 2376 5568 mss,”
2413 5506 2523 5558 εἴτε
2561 5505 2822 5562 Ἰουδαῖοι,
2851 5502 2956 5553 εἴτε
2985 5496 3314 5568 ἀλλόπιστοι.

2223 5577 2333 5648 (52)
2352 5564 2503 5648 ι’Βεε.
2529 5574 2596 5648 2,
2614 5577 2661 5627 oi.
2688 5573 2782 5648 τήν
2804 5571 3059 5639 διαίρεσιν
3079 5568 3174 5620 καὶ
3198 5565 3262 5619 δι’
3289 5565 3540 5635 αἵματος.
3575 5564 3708 5618 Pau-

2154 5647 2205 5701 10
2229 5638 2534 5718 ροέίίόεῖη,
2575 5638 2985 5713 ἀνατρέπονται.
