3940 6508
195 303 290 357 52!

1176 300 1638 368 QUESTIONES
1678 299 1766 352 AD
1800 298 2203 356 ANTIOCHUM
2240 301 2511 358 DUCEM.‘

3323 313 3428 367 629.

191 420 400 488 ῒλόγων
424 419 615 473 θυσίαν
637 419 754 490 Θεῷ
767 424 1130 493 προσαγαγεῖν
1147 422 1476 490 νομίζοντες,
1501 422 1597 493 τὴν
1617 423 1738 475 ἀναί

1867 428 1920 475 et
1961 421 2298 477 irrationalia
2336 425 2594 479 animalia
2635 425 2744 481 Deo
2774 443 2833 482 se
2864 428 3192 484 sacriﬁcium
3232 433 3426 490 oﬁ'erre

188 529 401 580 μακτον
437 511 626 565 θυσίαν
656 511 889 583 Χριστοῦ
919 511 1279 583 ἀνατρέπουσι
1311 515 1405 566 καὶ
1456 514 1766 584 βδελύσσον-

189 618 311 654 ται·
355 600 503 654 οὕτω
532 604 731 668 πάντες
769 605 817 656 οἱ
857 603 957 675 τὴν
984 603 1164 672 σάρκα
1192 605 1635 676 περιτεμνόμενοι
1670 605 1767 677 τὴν

186 692 567 764 πνευματικὴν
606 691 926 765 περιτομὴν,
959 691 1125 764 ἥγουν
1160 691 1220 744 τὸ
1262 693 1414 761 ἅγιον
1467 694 1763 764 βάπτισμα,

188 784 498 855 λοιδοροῦσι
562 783 657 837 καὶ
719 783 1186 855 ἀποστρέφονταιο

180 876 390 944 ὅμοιον.
427 875 541 928 Οὐκ
567 876 626 928 ἐν
658 872 914 946 τῷ·νόμῳ
939 878 966 928 ό
985 875 1218 948 Χριστὸς
1248 877 1340 930 τὸν
1366 877 1608 933 διάϐολον
1631 897 1764 933 κατ-

179 969 398 1038 ήργησε
438 967 533 1020 καὶ
575 968 700 1030 τοὺς
729 967 1007 1038 δαίμονας,
1039 969 1159 1023 οὐδὲ
1200 969 1258 1022 ὲν
1289 969 1436 1040 αύτῷ
1460 969 1559 1042 τὴν
1598 987 1764 1040 σωτη-

178 1059 310 1130 ρίαν
332 1058 652 1129 εἰργάσατο·
684 1058 799 1111 ἀλλ’
829 1060 886 1112 ὲν
911 1059 988 1131 τῷ
1017 1059 1254 1130 σταυρῷ.
1282 1059 1442 1124 Ὅθεν
1474 1061 1634 1132 νόμον
1663 1062 1762 1132 μὲν

175 1150 420 1221 δρῶντες
455 1150 505 1202 οξ
537 1150 789 1220 δαίμονες
837 1151 897 1203 ού
936 1151 1228 1222 τρέμουσιν
1259 1151 1378 1204 οὐδὲ
1429 1152 1717 1221 φοϐοῦνται
1741 1170 1754 1183 ·

180 1240 425 1311 σταυρὸν
453 1241 511 1294 δὲ
535 1241 793 1305 πολλάκις
815 1241 1047 1313 ὁρῶντες
1088 1243 1348 1314 τρέμουσι
1377 1244 1471 1297 καὶ
1500 1243 1758 1314 φεύγουσι

177 1333 276 1387 καὶ
307 1331 713 1403 καταργοῶται
744 1333 838 1386 καὶ
867 1333 1173 1388 διώκονται.

262 1422 460 1494 Ἐρώτ.
489 1424 588 1482 λθ’.
624 1425 730 1478 Τοῦ
756 1426 890 1480 Θεοῦ
934 1426 1020 1480 διά
1067 1426 1175 1481 τῶν
1203 1427 1495 1500 προφητῶν
1535 1430 1754 1502 ἐπιτρέ-

177 1533 402 1580 ποντος,
442 1518 520 1588 μὴ
566 1521 890 1589 προσκυνεῖν
921 1519 1295 1590 χειροποίητα,
1318 1521 1406 1574 διὰ
1435 1521 1489 1574 τί
1519 1538 1754 1592 προσκυ-

176 1608 380 1678 νοῦμεν
409 1609 625 1673 εἰκόνας
676 1611 771 1664 καὶ
819 1611 1070 1683 σταυρὸν,
1115 1610 1253 1683 ἔργα
1278 1613 1545 1667 τεκτόνων
1577 1614 1752 1685 ὑπάρ-

174 1717 361 1770 χοντα,
391 1700 577 1765 καθὼς
600 1701 693 1755 καὶ
716 1702 783 1754 τά
815 1701 1008 1756 εἴδωλα
1032 1702 1391 1773 τυγχάνουσιν
1419 1703 1527 1775 (55)
1562 1721 1577 1769 ;

1870 512 2240 577 arbitrantur,
2272 516 2620 570 incruentum
2653 518 2854 572 Christi
2903 520 3232 575 sacriﬁcium
3256 520 3424 578 'ever-

1868 611 1988 657 tunt
2024 611 2078 659 et
2127 605 2514 662 abominantur
2553 627 2566 662 :
2601 609 2672 663 ita
2720 625 2908 666 omnes
2961 613 3050 682 qui
3104 627 3271 668 carne
3309 616 3420 669 cir-

1866 693 2270 760 cumciduntur,
2302 697 2640 766 spiritualcm
2667 699 3145 757 circumcisionem
3168 704 3282 759 sive
3308 720 3422 760 san-

1262 784 1357 837 καὶ
1423 785 1582 838 πάλιν
1640 786 1736 840 ἄλλ

1864 793 2011 840 ctum
2045 785 2318 856 baptisma
2352 789 2682 844 contumelia
2713 791 2953 846 aﬁiciunt
2985 802 3039 847 et
3079 807 3420 854 aversantur.

1861 873 2022 930 Aliud
2051 892 2243 932 rursus
2265 878 2462 933 simile.
2492 877 2609 932 Non
2639 879 2689 933 in
2720 884 2835 951 lege
2865 882 3115 940 Christus
3144 885 3420 942 diabolum
3459 896 3466 902 ‘

1861 973 1916 1020 et
1960 967 2235 1023 damones
2285 970 2601 1038 prostravit,
2645 987 2822 1041 neque
2859 973 2914 1027 in
2959 990 3023 1030 ea
3069 977 3299 1032 salutem
3337 989 3420 1034 est

1859 1069 2145 1128 operatus;
2180 1061 2276 1117 sed
2322 1063 2379 1116 in
2423 1078 2606 1120 cruce.
2640 1063 2792 1121 Unde
2826 1068 2996 1139 legem
3037 1072 3309 1129 daemones
3338 1076 3418 1128 vi-

1859 1152 2068 1216 dentes,
2113 1170 2224 1210 non
2274 1165 2511 1211 tremunt
2553 1173 2669 1214 nec'
2698 1160 2920 1229 timent;
2974 1179 3188 1221 crucem
3237 1177 3416 1222 autem

1859 1260 2000 1318 saepe
2037 1257 2321 1305 cernentes
2347 1257 2588 1306 tremunt
2627 1253 2956 1326 abeuntque,
2993 1267 3417 1327 prosternuntur

1855 1347 1912 1391 et
1944 1338 2218 1408 fugantur.

1924 1428 2145 1495 Qums'r.
2174 1429 2416 1488 XXXIX.
2457 1434 2592 1490 Cum
2629 1436 2769 1492 Deus
2813 1454 2910 1508 per
2949 1443 3243 1512 pr0phetas
3277 1462 3414 1516 prae-

1851 1517 2019 1586 cipiat
2046 1531 2116 1573 ne
2165 1533 2332 1589 opera
2370 1537 2534 1577 manu
2563 1522 2703 1578 facta
2737 1525 3025 1583 adoremus
3044 1569 3060 1594 ,
3090 1546 3191 1585 cur
3221 1533 3412 1604 imagi-

1851 1624 1949 1664 nes
1982 1617 2037 1664 et
2082 1625 2300 1667 crucem
2338 1613 2653 1679 adoramus,
2700 1633 2821 1687 quae
2851 1631 2980 1675 sunt
3027 1637 3191 1691 opera
3239 1627 3413 1680 artiﬁ-

1852 1713 2000 1763 cum,
2035 1716 2142 1756 non
2169 1717 2327 1760 secus
2351 1719 2417 1760 ac
2443 1706 2558 1776 ipsa
2591 1708 2768 1763 idola?

256 1791 452 1844 Ἀπόκ.
482 1791 594 1861 Οὐχ
619 1793 694 1855 ὼς
719 1790 873 1855 θεοὺς
897 1793 1308 1865 προσκυνοῦμεν
1340 1797 1441 1858 τάς
1472 1797 1684 1860 εἰκόνας
1703 1800 1738 1850 oi

1923 1789 2087 1846 Rasr.
2125 1790 2236 1850 Nos
2284 1791 2469 1851 ﬁdeles
2513 1799 2736 1855 minime
2768 1800 3060 1860 adoramus
3106 1807 3409 1879 imagines,

186 1881 408 1934 πιστοί·
454 1881 530 1952 μὴ
583 1881 822 1950 γένοιτοί
857 1883 933 1945 ὡς
989 1884 1038 1935 οἱ
1067 1883 1352 1954 ’Έλληνεςο
1406 1883 1543 1938 ἀλλὰ
1591 1885 1750 1956 μόνον

174 1973 273 2042 τὴν
308 1972 501 2043 σχέσιν
551 1973 646 2026 καὶ
691 1971 790 2044 τὴν
827 1972 1045 2044 ἀγάπην
1073 1973 1172 2044 τῆς
1225 1974 1403 2045 ψυχῆς
1450 1974 1604 2046 ἡμῶν
1650 1975 1751 2045 τῆς

176 2063 311 2133 πρὸς
354 2063 450 2115 τὸν
475 2063 802 2134 χαρακτῆρα
833 2064 933 2134 τῆς
971 2064 1176 2128 εἰκόνος
1202 2064 1578 2136 ἐμφανίξομεν

174 2155 294 2208 ὅθεν
321 2154 586 2220 πολλάκις
615 2155 708 2208 τοῦ
739 2157 1083 2228 χαρακτῆρος
1121 2155 1472 2222 λειανθέντος,
1501 2157 1575 2220 ὡς
1599 2156 1751 2222 ξύλον

172 2247 340 2317 ἀργὸν
377 2245 565 2299 λοιπὸν
603 2248 701 2318 τήν
728 2264 857 2300 ποτε
897 2247 1079 2302 εἰκόνα
1124 2248 1370 2318 καίομεν.
1417 2248 1526 2301 Καὶ
1557 2247 1745 2320 ὥσπερ

184 2336 379 2390 Ἰακὼϐ
408 2335 618 2407 μέλλων
639 2337 891 2407 τελευτᾷν
917 2337 1007 2389 ἐπὶ
1033 2337 1094 2390 τὸ
1116 2338 1283 2409 ἄκρον
1310 2338 1410 2408 τῆς
1439 2338 1654 2410 ῥάϐδου,
1670 2338 1749 2410 τῷ

183 2430 385 2499 Ἰωσὴφ
429 2427 858 2499 προσεκύνησεν,
908 2427 968 2478 οὐ
1004 2427 1104 2498 τὴν
1154 2428 1347 2498 ῥάϐδον
1384 2429 1582 2499 τιμῶν,
1614 2429 1749 2483 ἀλλὰ

174 2521 260 2572 τὸν
292 2518 504 2589 ταύτην
553 2519 854 2590 κατέχοντα
876 2537 889 2550 ·
950 2520 1090 2574 οὕτω
1139 2521 1232 2572 καὶ
1272 2521 1319 2571 οἰ
1353 2520 1531 2572 πιστοὶ
1573 2521 1632 2573 ού
1680 2522 1746 2574 δι’

172 2611 358 2682 ’ἐτερόν
375 2627 502 2663 τινα
530 2610 729 2681 τρόπον
752 2611 851 2674 τὰς
870 2608 1476 2681 εἰκόναςτάσπαζόμεθα,
1493 2613 1541 2663 εἰ
1569 2611 1643 2681 μὴ
1658 2611 1746 2666 διά

173 2704 331 2756 πόθον
355 2697 433 2756 ὧν
463 2702 833 2773 ὲμφανίζομεν
856 2718 870 2733 ·
896 2702 1053 2756 τοῦτο
1082 2703 1357 2767 ποιοῦντες
1389 2703 1521 2774 (55),
1551 2704 1625 2766 ὡς
1652 2705 1746 2757 καὶ

173 2796 414 2866 πατέρας
437 2794 533 2848 καὶ
562 2794 748 2863 φίλους
777 2794 1135 2865 ἀσπαζόμεθα
1153 2812 1166 2825 ·
1202 2793 1381 2858 καθὼς
1413 2795 1506 2848 καὶ
1533 2795 1582 2847 οἱ
1615 2796 1745 2848 Ἰου-

166 2887 300 2940 δαῖοί
327 2904 463 2940 ποτε
492 2885 592 2949 τὰς
622 2885 716 2940 τού
754 2885 918 2956 νόμου
946 2885 1177 2948 πλάκας,
1211 2886 1303 2938 καὶ
1331 2885 1400 2938 τὰ
1426 2884 1521 2938 δύο
1547 2903 1739 2958 χερου-

170 2977 265 3049 ϐὶμ
286 2979 358 3031 τά
375 2979 557 3049 χρυσᾶ
584 2978 676 3030 καὶ
705 2978 774 3031 τά
800 2977 1013 3046 γλυπτά
1039 2976 1422 3049 προσεκύνουν,
1453 2979 1514 3031 ού
1547 2978 1742 3049 τιμῶν-

167 3087 254 3133 τες
275 3071 376 3141 τὴν
407 3069 505 3122 τοῦ
535 3069 684 3122 λίθου
710 3070 804 3122 καὶ
841 3069 1064 3140 χρυσίου
1089 3071 1268 3139 φύσιν,
1296 3069 1430 3122 ἀλλά
1452 3071 1544 3123 τὸν
1567 3068 1734 3123 ταῦτα

169 3153 541 3234 ὲπίτρέψαντα
592 3162 844 3230 γενέσθαι
875 3161 1101 3234 Κύριον.
1140 3165 1201 3216 Oi.
1241 3163 1297 3216 δὲ
1327 3163 1384 3230 ἐξ
1424 3163 1737 3227 ἀλαζονείας

167 3253 635 3324 ἀποστρεφόμενοι
699 3255 1021 3324 προσκυνεῖν
1069 3253 1160 3308 τὸν
1210 3255 1442 3324 σταυρὸν
1489 3255 1583 3308 καὶ
1635 3255 1735 3317 τὰς

166 3346 380 3407 εἰκόνας
407 3344 554 3415 (56),
580 3343 886 3412 λεγέτωσαν
909 3346 956 3396 οἰ
1009 3344 1226 3414 ἀνόητοι
1263 3345 1378 3409 πῶς
1419 3346 1566 3417 μύρα
1609 3346 1732 3399 πολ·

163 3436 313 3500 λάκις
328 3436 563 3489 ἕϐλυσαν
596 3438 649 3489 αἱ
672 3435 824 3504 ἅγιαι
849 3435 1071 3500 εἰκόνες,
1100 3436 1324 3507 δυνάμει
1352 3437 1555 3507 Κυρίου
1577 3453 1591 3502 ;
1617 3437 1734 3501 πῶς

166 3528 312 3597 $5120;
357 3526 629 3598 δεξαμένη
673 3527 878 3596 ἄψυχος
916 3526 1104 3598 στήλη,
1149 3526 1226 3590 ὡς
1280 3527 1591 3597 ἐνσώματος
1632 3528 1734 3597 φύ-

165 3636 244 3682 σις
266 3620 359 3690 (57
392 3614 536 3689 αἷμα
563 3617 880 3690 παραδόξως
924 3617 1223 3690 ὲξήγαγεν;
1270 3618 1388 3682 πῶς
1421 3621 1485 3672 ὲκ
1537 3619 1732 3689 σωρῶν

164 3713 251 3764 καὶ
269 3711 542 3780 λειψάνων
566 3712 662 3763 καὶ
687 3710 908 3764 εἰκόνων
939 3711 1196 3774 πολλάκις
1220 3711 1469 3781 δαίμονες
1503 3710 1731 3781 βοῶντες

163 3803 554 3857 ἀπελαύνονται
583 3819 597 3866 ;
624 3802 713 3855 ἵνα
742 3801 798 3854 δὲ
825 3804 950 3866 τοὺς
972 3802 1211 3873 ἄφρονας
1243 3803 1590 3873 ὲντρέψωμεν
1637 3803 1729 3856 ἐπὶ

165 3893 360 3961 πλεῖον,
383 3894 618 3948 ἄκουσον
642 3893 798 3962 λόγον
825 3895 889 3947 ὲκ
911 3895 1160 3964 πατέρων
1209 3894 1368 3964 ἡμῶν
1402 3893 1728 3965 διηγηθέντα

164 3987 284 4056 περὶ
312 3986 542 4048 εἰκόνος.
568 3986 691 4038 Ὅτι
713 3986 770 4036 ἐν
801 3985 1188 4057 Ἱεροσολύμοις
1212 3987 1317 4038 τινὶ
1341 3985 1448 4038 τῶν
1477 3984 1729 4056 ἀσκητῶν

164 4074 437 4126 ἐπετίθετο
472 4075 567 4126 καὶ
599 4072 881 4144 διηνώχλει
909 4075 938 4127 ό
961 4075 1193 4145 πονηρὸς
1222 4074 1429 4145 δαίμων
1455 4075 1588 4146 (58).
1641 4076 1727 4127 Ἐν

167 4166 256 4232 μιᾷ
278 4159 373 4216 οὖν
407 4162 655 4231 φαίνεται
684 4162 834 4232 αύτῷ
873 4163 1059 4227 αὑταῖς
1090 4164 1242 4232 ὄψεσι
1268 4163 1330 4216 τὸ
1355 4165 1591 4236 πνεῦμα,
1641 4165 1728 4218 λέ-

163 4271 287 4321 γων,
314 4256 418 4316 ὅτι,
443 4253 539 4306 ἐὰν
562 4253 721 4326 θέλῃς
747 4255 832 4308 ἵνα
862 4257 932 4327 μή
959 4273 1016 4308 σε
1042 4256 1283 4327 πολεμῶ,
1319 4259 1393 4330 μὴ
1414 4263 1722 4331 προσκυνή-

164 4362 254 4417 σῃς
272 4346 371 4416 τὴν
397 4347 582 4399 εἰκόνα
615 4346 837 4418 ταύτην,
875 4349 967 4400 καὶ
992 4347 1295 4419 ἀφίσταμαι
1326 4351 1434 4404 ἀπὸ
1479 4352 1592 4404 σοῦ.
1615 4348 1724 4406 Ἦν

160 4436 210 4488 δὲ
247 4441 278 4508 ή
313 4438 475 4491 εἰκὼν
519 4438 620 4509 τῆς
665 4441 823 4507 ἁγίας
859 4439 1119 4492 Θεοτόκου
1155 4440 1285 4510 (59).
1327 4438 1459 4496 Εἶτα
1503 4443 1557 4496 τί
1588 4461 1718 4512 φασι

162 4531 288 4601 πρὸς
315 4530 490 4584 ταῦτα
511 4533 559 4584 οἱ
586 4531 971 4601 ἐπιτρέποντες
1005 4530 1078 4601 μὴ
1117 4534 1440 4602 προσκυνεῖν
1469 4534 1595 4596 τοὺς
1625 4551 1720 4604 χα-

166 4623 436 4692 ρακτῆρας
479 4622 589 4675 τῶν
651 4621 840 4689 ἁγίων,
893 4620 1101 4692 οὕσπερ
1154 4621 1221 4674 δι’
1275 4621 1576 4694 ὑπόμνησιν
1631 4626 1725 4678 καὶ

165 4714 310 4780 μόνον
342 4712 708 4784 ὲκτυποῦμεν,
741 4713 835 4766 καὶ
867 4713 928 4765 ού
960 4712 1028 4766 δι’
1056 4713 1240 4784 ἕτερον
1257 4714 1486 4785 τρόπον;
1514 4717 1605 4768 καὶ
1629 4715 1721 4769 οὓς

161 4819 231 4857 τω
281 4805 378 4874 μὲν
422 4804 551 4874 περ).
597 4803 821 4856 εἰκόνων
866 4803 953 4857 διά
995 4803 1241 4874 βραχέων
1291 4803 1463 4873 λόγος.
1524 4805 1627 4859 Τὸν
1668 4807 1723 4860 δὲ

164 4897 377 4967 σταυρὸν
397 4895 686 4966 πρόδηλον,
718 4897 800 4948 ὅτι
825 4894 913 4948 διὰ
937 4895 1028 4948 τὸν
1071 4895 1449 4966 σταυρωθέντα
1482 4898 1541 4948 ἐν
1569 4876 1721 4968 αὐτῷ

159 4987 377 5058 Χριστὸν
407 4987 821 5059 προσκυνοῦμεν
844 4988 894 5040 οἱ
920 4987 1102 5040 πιστοὶ
1132 4987 1226 5040 καὶ
1255 4987 1631 5059 ἀσπαζόμεθα.

241 5165 415 5221 Ἐοώτ.
453 5174 527 5240 μ’.
551 5165 778 5232 Οὐκοῦν,
807 5166 993 5240 ἐπειδὴ
1022 5167 1118 5221 καὶ
1143 5167 1226 5231 είς
1256 5165 1375 5220 ὄνον
1415 5168 1444 5221 ό
1483 5168 1717 5239 Χριστὸς

365 5323 504 5398 Beg.
529 5325 585 5391 2,
611 5327 666 5388 3,
696 5327 976 5398 τυγχάνει.

220 5393 328 5464 (54)
368 5393 836 5468 Ita'manuscripti
873 5397 1112 5468 quidam.
1140 5394 1282 5451 Editi
1303 5411 1453 5459 vero,
1484 5397 1711 5467 ἐμφανί-

159 5457 327 5537 ζομενῖ
360 5465 456 5537 καὶ
478 5465 686 5537 ὥσπερ,
718 5457 938 5523 omissis
964 5467 1212 5531 reliquis.

221 5533 324 5654 855)
365 5535 457 5615 §ic
487 5533 736 5617 man-tisc.
777 5540 1018 5594 quidam.
1050 5537 1191 5593 Editi
1226 5554 1379 5604 vero,
1415 5537 1709 5609 ἐμφανιζό-

253 5621 286 5654 α
302 5622 457 5654 “teuto
479 5623 771 5654 ποιουντεε-

162 5618 286 5669 μευα
302 5622 457 5670 τθρτο
479 5623 772 5670 ποιουντες.

222 5673 327 5746 (56)
365 5659 492 5744 Reg.
521 5659 648 5746 ﬁet
678 5659 992 5741 irsixévag
1038 5678 1147 5729 τῶν
1190 5678 1384 5746 ἁγίων.
1425 5677 1492 5731 Et
1539 5680 1702 5745 infra,

157 5742 208 5793 αἰ
234 5743 395 5811 ἁγίων
417 5742 622 5809 εἰκόνες

1852 1889 2106 1952 tanquam
2159 1885 2324 1951 deos,
2390 1897 2449 1943 ut
2501 1891 2728 1959 gentiles
2762 1895 2971 1952 :absit!
3025 1899 3122 1954 sed
3171 1910 3411 1958 tantum-

1850 1973 2010 2026 modo
2031 1971 2281 2029 aﬁ'ectum
2309 1984 2363 2032 et
2395 1993 2632 2056 amorem
2666 1969 2860 2040 animae
2879 1996 3084 2054 nostra:
3111 2006 3237 2061 erga
3268 1992 3408 2046 ima-

1850 2061 1991 2130 ginis
2042 2062 2271 2121 formam
2321 2069 2710 2138 signiﬁcamus.
2759 2074 3121 2141 Quamobrem
3168 2086 3408 2153 plerum-

1849 2168 1974 2247 que,
2003 2154 2182 2247 ablat‘a
2229 2165 2282 2211 et
2323 2159 2496 2216 deleta
2545 2163 2735 2234 ﬁgura,
2788 2167 2842 2222 id
2878 2170 3024 2239 quod
3054 2174 3182 2227 olim
3227 2176 3406 2247 imago

1848 2242 1972 2308 fuit,
2006 2255 2068 2299 ut
2111 2246 2301 2304 inutile
2342 2251 2546 2321 lignum
2595 2257 2985 2316 comburimus.
3037 2265 3114 2318 Ac
3147 2242 3406 2334 quemad-

1847 2334 2068 2390 modum
2109 2335 2278 2393 Jacob
2317 2342 2633 2427 moriturus,
2674 2346 2729 2401 in
2775 2358 3016 2406 extrema
3055 2355 3204 2424 virga
3247 2356 3403 2412 Jose-

1846 2423 2011 2493 phum
2059 2426 2325 2495 adoravit,
2374 2448 2480 2487 non
2521 2423 2732 2506 'virgam
2781 2439 3079 2508 honorans,
3137 2423 3230 2502 sed
3276 2466 3402 2504 eum

1846 2517 1939 2586 qui
1975 2518 2179 2589 virgam
2223 2523 2440 2578 tenebat
2469 2545 2482 2580 :
2509 2527 2583 2582 ita
2623 2538 2676 2584 et
2717 2530 2902 2588 ﬁdeles
2940 2551 3048 2590 non
3098 2538 3204 2594 alio
3240 2543 3403 2596 modo

1845 2609 2108 2681 imagines
2136 2630 2479 2682 veneramur,
2512 2621 2616 2675 nisi
2647 2622 2716 2677 ob
2743 2633 2992 2681 nostrum
3023 2645 3151 2700 erga
3178 2648 3272 2689 eos
3307 2635 3401 2688 de-

1843 2704 2121 2770 siderium,
2165 2724 2397 2777 quorum
2431 2711 2655 2783 eﬁigiem
2685 2716 3156 2786 exprimimuszid
3201 2739 3263 2778 ea
3311 2741 3401 2778 ra-

1842 2795 1988 2852 tione
2018 2809 2258 2868 agentes,
2284 2817 2390 2872 qua
2417 2805 2749 2890 vel‘liberos,
2781 2812 2866 2866 vel
2895 2823 3147 2880 parentes
3170 2823 3222 2869 et
3262 2819 3399 2872 ami-

1841 2899 1935 2938 cos
1991 2888 2328 2945 salutamus:
2365 2888 2816 2961 quemadmodum
2863 2898 3034 2956 Judaei
3082 2904 3208 2958 olim
3260 2907 3398 2962 duas

1841 2975 1976 3046 legis
2003 2979 2237 3048 tabulas,
2264 2983 2510 3055 duosque
2535 2986 3046 3050 cherubimaureos
3073 3004 3128 3050 et
3152 3000 3395 3068 scalptos

1841 3069 2163 3137 adorabant,
2212 3069 2784 3156 non_ips_amvlapidis
2837 3087 2921 3140 vel
2975 3090 3092 3142 auri
3143 3100 3394 3146 naturam

1839 3165 2190 3235 honorantes,
2224 3173 2317 3227 sed
2342 3150 2761 3250 'Dominumiqui
2801 3181 2904 3236 ista
2929 3183 3094 3252 jussit
3121 3183 3255 3239 ﬁeri.
3292 3187 3392 3252 Qui

1835 3273 1965 3312 vero
2002 3276 2110 3329 pra:
2153 3265 2401 3332 superbia
2431 3279 2738 3347 crucemet
2777 3281 3090 3329 sanctorum
3131 3276 3394 3348 imagines

1835 3349 2064 3405 adorare
2094 3352 2388 3423 refugiunt,
2423 3357 2606 3412 dicant
2656 3342 2805 3415 stulti
2837 3364 3106 3432 quomodo
3136 3382 3243 3421 non
3268 3383 3392 3420 raro

1833 3455 1865 3496 e
1917 3443 2089 3497 sacris
2142 3444 2499 3516 imaginibus,
2552 3447 2646 3504 Dei
2695 3452 2917 3518 virtute,
2966 3457 3238 3512 manarint
3289 3475 3390 3512 un-

1832 3531 2068 3599 guenta?
2103 3536 2373 3602 quomodo
2420 3536 2936 3608 inanimatagstatua
2981 3547 3090 3599 telo
3136 3548 3390 3602 confossa

1834 3622 2175 3691 sanguinem,
2201 3627 2348 3680 velut
2381 3642 2639 3698 corporea
2671 3641 2885 3694 natura,
2919 3637 3242 3692 mirabiliter
3270 3654 3391 3707 pro-

1833 3714 2071 3770 fuderit?
2107 3720 2378 3786 quomodo
2406 3722 2662 3788 tumulis‘,
2703 3727 2944 3796 reliquiis
2977 3734 3032 3782 et
3060 3731 3388 3800 imaginibus

1831 3823 1974 3876 saepe
2016 3809 2289 3865 daemones
2337 3813 2639 3870 clamantes
2681 3819 3059 3887 expellantur?
3092 3819 3162 3876 Ut
3203 3835 3385 3878 autem

1831 3897 2056 3955 insanos
2087 3902 2257 3970 magis
2285 3901 2704 3971 confundamus,
2735 3908 2861 3962 audi
2896 3925 3202 3968 sermonem
3223 3930 3385 3983 quem

1830 3996 2014 4058 patres
2045 3991 2216 4044 nostri
2263 3991 2330 4047 de
2359 3994 2594 4063 quadam
2627 3997 2860 4067 imagine
2890 4013 3269 4057 narraverunt.
3302 4002 3387 4058 Je-

1829 4081 2120 4152 rosolymis
2150 4082 2364 4137 cuidam
2404 4094 2600 4140 ascetae
2642 4089 3002 4146 insidiabatur
3038 4101 3092 4148 et
3121 4096 3384 4150 molestus

1827 4183 1943 4226 erat
1964 4175 2139 4228 malus
2170 4174 2399 4229 daemon.
2431 4175 2672 4242 Quodam
2695 4181 2856 4252 226
2879 4183 3040 4253 igitur
3062 4186 3148 4241 die
3173 4188 3223 4241 ei
3249 4189 3383 4257 ipsis

1826 4264 2000 4319 oculis
2032 4265 2295 4321 videndus
2338 4276 2561 4338 apparet
2602 4271 2825 4340 spiritus
2849 4277 3000 4330 aiens
3028 4294 3042 4330 :
3069 4277 3125 4331 Si
3165 4279 3296 4333 velis
3324 4288 3382 4332 ut

1827 4363 1880 4411 te
1911 4372 2020 4411 non
2074 4359 2418 4430 impugnem,
2467 4364 2578 4418 noli
2611 4364 2753 4420 hanc
2799 4367 3028 4424 adorare
3068 4371 3380 4441 imaginem.

1825 4454 1878 4498 et
1903 4460 1932 4497 a
1957 4452 2008 4500 te
2027 4446 2324 4505 discedam.
2343 4451 2473 4504 Erat
2491 4460 2671 4508 autem
2695 4465 2895 4512 sanctae
2920 4457 3160 4528 Deipara:
3180 4461 3380 4532 imago.

1828 4535 1969 4603 Quid
2012 4539 2078 4592 ad
2114 4540 2227 4594 haec
2277 4542 2566 4598 dicendum
2613 4547 2811 4601 habent
2856 4548 2892 4602 ii
2931 4549 3022 4619 qui
3065 4560 3379 4607 sanctorum

1825 4629 2027 4699 eﬁigies
2083 4639 2269 4686 vetant
2331 4635 2580 4700 adorare,
2629 4653 2766 4708 quas
2805 4642 3078 4696 memoriae
3119 4643 3379 4697 duntaxat

1825 4734 2012 4782 causa,
2037 4736 2143 4775 non
2167 4723 2328 4776 aliam
2356 4725 2428 4778 ob
2447 4725 2713 4780 rationem
2735 4726 3037 4782 eﬂicimus?
3061 4730 3238 4799 Atque
3266 4731 3377 4783 haec

1824 4811 2041 4880 quidem
2091 4812 2330 4868 breviter
2365 4814 2802 4886 de'imaginihus
2846 4817 2991 4874 dicta
3036 4821 3164 4874 sint.
3223 4820 3375 4886 Quod

1823 4912 2002 4956 autem
2038 4919 2139 4958 nos
2171 4906 2358 4960 ﬁdeles
2391 4920 2609 4961 crucem
2637 4907 2930 4964 adoramus
2969 4918 3023 4964 et
3052 4911 3374 4972 salutamus.

1821 4994 2168 5049 manifestum
2200 5003 2286 5050 cst
2325 4995 2378 5049 id
2413 5011 2515 5050 nos
2549 5012 2710 5068 agere
2738 5007 2959 5069 propter
2977 4998 3250 5055 Christum
3282 5003 3375 5071 qui

1820 5083 1875 5137 in
1905 5099 1968 5138 ea
1998 5083 2188 5139 ailixus
2214 5095 2315 5140 est.

1888 5175 2108 5241 Qumsr.
2161 5173 2274 5231 XL.
2316 5173 2485 5246 Igitur
2516 5191 2638 5231 cum
2674 5176 2928 5233 Christus
2965 5192 3181 5248 quoque
3222 5180 3378 5232 asino

1868 5330 1999 5416 '(57)
2039 5329 2115 5384 lta
2176 5329 2395 5401 quidam
2459 5348 2596 5389 mss.
2649 5333 2792 5388 Editi
2840 5347 3001 5397 vero,
3055 5335 3114 5385 ὲν
3165 5333 3376 5404 σώματι

1814 5419 1993 5470 φύσει.

1905 5470 1994 5558 §§l
2037 5470 2167 5558 Ξθε-
2199 5472 2253 5558 Ξο
2289 5474 2594 5558 ὶεωριεκδς
2619 5475 2847 5558 ﬁdem":
3136 5545 3162 5556 ..
3310 5544 3334 5554 -

1905 5534 2167 5618 59)AReg_.
2204 5542 2258 5594 2.
2282 5534 2512 5618 ⁸ΕἶχέΑδὲ
2615 5534 2891 5618 εἰκὼντὺν
2922 5545 3242 5618 χαρακτῆρα
3275 5544 3371 5618 τῇς

1810 5612 1967 5734 graia;
1983 5612 2249 5735 ῗεοτόκου
2279 5612 2606 5677 Βαστάζοντα
2637 5615 2723 5667 τὸν
2747 5612 2954 5688 Κύριον
2977 5612 3134 5688 ἡμῶν
3159 5612 3370 5688 ’Ἰησοῦν

1863 5701 1980 5735 me”:
2012 5702 2041 5735 ν

1861 5701 2041 5747 ριστον
