4088 6382
522 307 618 364 5‘23

1634 298 1692 351 s.
1736 280 2196 350 ATIIANAsws.
2237 321 2305 330 —
2347 288 2618 344 SPURIA.

3644 284 3749 340 69.4

517 425 800 491 insederit,
835 423 1097 480 debemus
1126 419 1290 474 etiam
1337 415 1522 470 asinos
1557 412 1796 466 salutare
1839 426 1902 465 ac
1931 424 2082 464 vene

2183 404 2528 467 ἐπεκάθισεν,
2558 402 2842 474 ὀφείλομεν
2869 401 3051 455 λοιπὸν
3076 401 3313 463 καὶτοὺς
3333 398 3488 462 ὅνους
3516 399 3752 464 ἀσπάζε-

517 517 664 572 rari?
694 515 820 571 Haec
858 513 1004 570 enim
1051 509 1207 565 nobis
1254 506 1520 577 objiciunt
1544 503 1717 558 Judaei
1743 510 1797 557 et
1825 500 2072 571 gentiles.

585 692 750 749 Rssr.
790 691 909 747 Non
937 695 993 745 in
1033 689 1188 745 asino
1215 685 1468 742 Christus
1488 683 1764 738 diabolum
1794 687 1850 736 et
1873 680 2075 735 daemo-

518 801 616 842 nes
643 785 860 843 devicit.
893 796 1068 852 neque
1096 781 1151 834 in
1190 793 1256 835 eo
1286 778 1515 833 salutem
1535 781 1628 832 est
1666 780 1943 846 operatus,
1980 771 2076 826 sed

518 881 573 934 in
615 892 797 931 cruce.
832 873 983 929 Unde
1021 887 1142 927 cum
1193 869 1378 926 asinos
1402 868 1586 924 vident
1631 865 1922 929 daamones,
1968 878 2077 918 non

517 976 752 1025 tremunt
805 981 906 1020 nec
947 963 1242 1019 formidant
1282 971 1382 1016 :at
1432 976 1558 1015 cum
1606 972 1821 1013 crucem
1868 955 2074 1021 vident,

516 1076 656 1130 saepe
683 1066 942 1122 tremunt,
979 1057 1222 1122 horrent,
1255 1061 1576 1112 sternuntur
1599 1066 1665 1107 ac
1695 1049 1970 1122 fugantur.

585 1226 802 1294 Qumsr.
833 1225 968 1280 XLI.
1009 1223 1126 1292 Qua
1173 1225 1240 1280 de
1286 1239 1451 1280 causa
1495 1237 1597 1278 nos
1639 1221 1825 1277 ﬁdeles
1864 1233 2073 1282 omnes,

515 1333 729 1384 cruces,
774 1315 977 1370 Christi
1024 1315 1202 1370 crucis
1248 1313 1531 1384 imagines,
1568 1311 1871 1382 efﬁngimus
1909 1323 2079 1363 :san-

515 1415 616 1461 cla:
645 1414 825 1461 autem
859 1406 979 1476 ejus
1015 1406 1237 1470 lancem,
1270 1404 1558 1459 arundinis
1587 1410 1640 1458 et
1669 1401 1907 1473 spongia:
1931 1399 2078 1453 "ima-

515 1499 669 1569 gines
716 1513 823 1552 non
857 1496 1154 1551 edicimus?
1191 1495 1315 1551 Haec
1350 1495 1496 1550 enim
1533 1509 1686 1564 teque
1725 1503 1853 1550 sunt
1887 1499 2079 1548 sancta

517 1606 580 1644 ac
610 1604 744 1643 crux
773 1589 910 1658 ipsa.

588 1677 749 1734 lisse.
790 1678 983 1734 Crucis
1014 1677 1237 1748 ﬁguram
1270 1691 1339 1732 ex
1373 1677 1585 1733 duobus
1629 1676 1792 1748 lignis
1825 1674 2073 1745 compin-

2181 496 2304 549 σθαι
2335 496 2468 566 (60);
2519 495 2690 549 Τοῦτο
2723 494 2833 567 γὰρ
2879 495 3014 568 πρὸς
3067 496 3215 566 ἡμᾶς
3255 493 3508 563 λέγουσιν
3537 495 3586 546 οί
3625 495 3754 548 Ἰου-

2177 588 2339 642 δαίων
2361 589 2455 641 κα).
2487 587 2751 660 Ἐλλήνων
2781 587 2990 650 παῖδες.

2260 680 2442 735 Ἀπόκ.
2473 680 2585 734 Οὐκ
2601 681 2658 733 ὲν
2685 679 2764 750 τῷ
2787 680 2893 751 ὄνῳ
2917 679 3008 732 τὸν
3032 678 3274 733 διάϐολον
3297 681 3324 732 ὁ
3353 678 3590 750 Χριστὸς
3623 695 3754 732 κατ-

2177 769 2385 840 ήργησε
2419 768 2660 832 καὶτοὺς
2711 767 2989 840 δαίμονας,
3020 768 3141 821 οὐδὲ
3186 769 3244 844 έν
3275 767 3422 838 αὐτῷ
3449 767 3548 839 τὴν
3579 785 3752 841 σωτη-

2181 859 2301 931 ρίαν
2321 859 2630 931 εἰργάσατο,
2661 855 2864 912 ἀλλ”ὲν
2900 858 2978 930 τῷ
3007 857 3242 930 σταυρῷ.
3276 858 3438 911 Ὅθεν
3471 857 3626 922 ὅνους
3655 860 3752 930 μὲν

2177 950 2410 1020 ὁρῶντες
2440 953 2490 1004 οί
2538 950 2788 1022 δαίμονες
2833 949 2894 1002 οὐ
2922 950 3241 1020 τρέμουσιν,
3263 948 3385 1001 οὐδὲ
3425 949 3750 1018 φοϐοῦνται*

2181 1041 2415 1112 σταυρὸν
2439 1041 2496 1094 δὲ
2525 1040 2783 1104 πολλάκις
2818 1039 3052 1111 ὁρῶντες
3077 1040 3340 1111 τρέμουσι
3368 1040 3464 1093 καὶ
3495 1040 3747 1112 φρίττουσ

2182 1145 2235 1183 σι
2261 1129 2392 1201 (61),
2409 1131 2504 1184 καὶ
2527 1129 2929 1202 καταργοῦνται
2949 1131 3044 1183 καὶ
3075 1129 3383 1184 διώκονται.

2260 1219 2451 1292 Ἐρώτ.
2487 1218 2595 1291 μα’.
2616 1222 2771 1284 Τίνος
2793 1220 2849 1274 δὲ
2871 1220 3030 1292 χάριν
3060 1221 3111 1274 oi
3142 1221 3322 1274 πιστοὶ
3337 1219 3574 1285 ἅπαντες
3599 1239 3750 1286 σταυ-

2181 1313 2306 1383 ροὺς
2337 1313 2434 1382 μὲν
2458 1311 2778 1375 ἀντιτύπους
2795 1311 2890 1364 τοῦ
2922 1311 3153 1385 σταυροῦ
3174 1312 3267 1365 τοῦ
3293 1313 3530 1384 Χριστοῦ
3566 1314 3749 1366 ποιοῦ-

2182 1420 2300 1473 μεν,
2332 1402 2432 1473 τῆς
2462 1402 2518 1456 δὲ
2548 1403 2708 1472 ἁγίας
2743 1402 2905 1456 αὐτοῦ
2930 1402 3152 1475 λόγχης,
3187 1403 3222 1474 ἢ
3269 1404 3362 1457 τοῦ
3402 1404 3670 1475 καλάμου,
3713 1407 3746 1477 ἢ

2175 1492 2270 1546 τοῦ
2309 1492 2567 1562 σπόγγου,
2617 1493 2884 1547 ἀντίτυπα
2931 1493 2992 1546 οὐ
3037 1495 3540 1565 κατασκευάζομεν;
3584 1496 3749 1562 "Arta.

2178 1584 2286 1656 γάρ
2324 1587 2429 1638 εἰσι
2463 1583 2747 1638 καὶταῦτα
2777 1584 2918 1639 καθά
2952 1585 3044 1639 καὶ
3087 1586 3116 1637 ὁ
3148 1585 3396 1656 σταυρός.

2262 1673 2448 1729 Ἀπόκ.
2481 1675 2585 1728 Τὸν
2619 1674 2717 1746 μὲν
2748 1675 2840 1729 τοῦ
2879 1674 3112 1747 σταυροῦ
3142 1676 3311 1728 τύπον
3343 1679 3406 1728 ὲκ
3436 1676 3530 1729 δύο
3577 1675 3750 1742 ξύλων

517 1773 719 1842 gimus,
749 1785 911 1842 quam
945 1769 1256 1825 adoramus.
1294 1768 1431 1823 Cum
1462 1784 1596 1823 vero
1625 1768 1746 1838 quis
1779 1765 2078 1821 inﬁdelium

2183 1768 2540 1832 συνάπτοντες
2565 1767 2998 1841 προσκυνοῦμεν.
3031 1767 3222 1822 Ἠνίκα
3260 1769 3316 1823 δέ
3351 1787 3434 1832 τις
3468 1771 3598 1840 ἡμῖν
3638 1771 3749 1825 τῶν

516 1863 676 1918 nobis
693 1863 1022 1934 exprobrare
1043 1861 1190 1926 velit,
1214 1859 1364 1931 quod
1388 1860 1592 1930 lignum
1613 1858 1924 1920 adoremus,
1948 1871 2078 1926 pos—

519 1973 710 2013 sumus
753 1956 862 2010 duo
921 1956 1063 2026 ligna
1109 1953 1444 2023 disjungere,
1506 1952 1797 2020 crucisque
1848 1949 2077 2020 figuram

519 2050 834 2113 dissolvere,
864 2056 1025 2118 atque
1059 2053 1117 2100 ut
1159 2061 1311 2101 mera
1340 2045 1493 2116 ligna
1523 2052 1778 2115 reputare
1803 2061 1818 2098 ι
1846 2043 2080 2112 indeque

518 2141 721 2196 infideli
765 2141 1092 2212 persuadere
1134 2153 1235 2194 nos
1269 2153 1380 2193 non
1430 2138 1632 2208 lignum
1662 2129 1935 2200 venerari,
1985 2133 2080 2190 sed

518 2234 700 2289 crucis
728 2234 972 2304 figuram.
1005 2230 1149 2285 Idem
1177 2236 1358 2284 autem
1391 2243 1550 2300 agere
1577 2242 1680 2284 non
1709 2243 2001 2299 possumus
2025 2227 2082 2281 in

518 2329 728 2391 lancea,
767 2325 1032 2382 arundine
1063 2331 1155 2379 aut
1190 2323 1438 2396 spongia.

587 2504 810 2570 Qvazsr.
843 2499 1004 2556 XLII.
1048 2500 1330 2556 Undenam
1374 2506 1582 2554 certum
1630 2507 1714 2552 est
1742 2497 2083 2554 Christiano-

519 2611 641 2650 rum
684 2595 840 2650 fidem
878 2603 1139 2663 prazstare
1191 2593 1311 2647 aliis
1347 2591 1600 2647 omnibus
1633 2607 1752 2661 quae
1800 2592 1904 2647 sub
1944 2593 2083 2648 cmlo

520 2687 688 2741 sunt?
718 2685 995 2756 Siquidem
1029 2684 1164 2740 ﬁdes
1198 2683 1375 2738 omnis
1411 2697 1470 2738 se
1491 2683 1706 2738 caeteris
1735 2684 1906 2755 magis
1938 2685 2080 2755 piam

519 2795 644 2835 esse
677 2778 967 2833 existimat.

593 2868 754 2924 Rssr.
796 2865 960 2920 Multa
993 2865 1096 2920 hac
1127 2866 1194 2921 de
1227 2881 1285 2920 re
1320 2865 1509 2921 liceret
1532 2866 1736 2929 dicere,
1764 2867 2082 2936 prolixaque

520 2968 604 3015 est
659 2959 1097 3014 Christianorum
1145 2955 1267 3011 ﬁdei
1329 2956 1601 3026 probatio.
1662 2956 1917 3010 Attamen
1973 2957 2082 3010 duo

521 3053 766 3124 quaedam
821 3051 976 3121 signa
1017 3047 1159 3119 apud
1199 3063 1302 3103 nos
1346 3047 1620 3116 videntur,
1673 3064 1792 3118 qua:
1837 3057 2080 3104 nostram

518 3143 836 3212 religionem
873 3140 1075 3211 Deique
1110 3153 1237 3210 erga
1268 3153 1369 3194 nos
1406 3153 1645 3194 amorem
1688 3147 1740 3195 et
1769 3140 2079 3210 praesidium
2109 3169 2150 3227 ε

519 3229 821 3284 declarant.
858 3228 1096 3283 Primum
1137 3235 1241 3292 est,
1272 3227 1418 3298 quod
1446 3227 1516 3282 ab
1554 3229 1710 3283 initio
1736 3230 1919 3284 smculi
1963 3231 2080 3284 nul-

520 3321 628 3375 lam
664 3330 873 3390 gentem
922 3320 1172 3374 novimus
1200 3319 1268 3374 ab
1296 3318 1551 3374 omnibus
1592 3320 1715 3376 aliis
1744 3321 1930 3375 tandiu
1980 3321 2084 3393 im-

524 3421 815 3484 pugnatam
867 3412 1117 3482 gentibus
1172 3426 1274 3466 nec
1331 3411 1604 3477 deletam,
1663 3421 1858 3484 praeter
1913 3413 2081 3468 solam

524 3507 730 3561 Christi
767 3505 945 3570 fidem,
977 3520 1098 3574 quae
1131 3520 1262 3560 sane
1289 3521 1397 3561 non
1429 3507 1602 3562 deleri
1648 3523 1755 3562 non
1793 3507 2078 3577 potuisset,

524 3597 595 3654 ab
623 3597 876 3652 omnibus
914 3596 1048 3651 adeo
1077 3595 1392 3668 impugnata
1424 3599 1697 3670 gentibus,
1741 3599 1844 3654 nisi
1887 3613 2082 3652 manus

521 3689 734 3744 Domini
765 3703 883 3744 eam
925 3697 1196 3745 servasset
1243 3700 1298 3746 et
1341 3697 1584 3746 servaret
1607 3689 1899 3760 qu‘ominus
1938 3690 2084 3745 dele-

522 3789 692 3835 retur.
739 3779 982 3835 Alterum
1032 3788 1136 3842 est,
1169 3779 1314 3849 quod
1359 3780 1544 3836 nullus
1587 3780 1883 3851 imperator
1924 3779 2084 3835 Chri-

524 3873 826 3927 stianorum
854 3871 1106 3927 barbaris
1129 3885 1364 3941 unquam
1388 3871 1444 3925 in
1466 3880 1695 3926 mortem
1719 3870 1952 3927 traditus
1974 3882 2078 3934 est,

521 3963 770 4034 quamvis
811 3969 893 4016 tot
937 3971 1126 4034 gentes
1172 3962 1461 4033 imperium
1521 3969 1922 4034 oppugnarent.
1971 3964 2083 4016 [mo

523 4073 633 4111 non
665 4056 841 4111 solum
869 4055 1253 4126 imperatorem
1283 4053 1589 4124 opprimere
1625 4069 1735 4108 non
1770 4055 2080 4119 valuerunt,

525 4146 621 4202 sed
647 4161 750 4202 nec
777 4145 898 4216 ejus
928 4145 1216 4216 imaginem
1251 4159 1316 4199 ex
1350 4145 1608 4208 nummis,
1640 4159 1763 4200 cum
1790 4161 1953 4202 cruce
1989 4147 2085 4201 de-

525 4237 672 4302 lere,
725 4237 852 4292 licet
911 4235 1160 4290 nonnulli
1209 4235 1427 4306 tyranni
1473 4235 1528 4290 id
1571 4237 1918 4293 tentaverint.
1973 4237 2084 4295 Nec

523 4327 668 4381 enim
712 4327 992 4382 existimes
1035 4334 1256 4381 tenuem
1295 4333 1348 4380 et
1371 4326 1532 4382 vilem
1581 4342 1695 4382 rem
1746 4328 1908 4384 istam
1938 4346 2080 4388 esse.

523 4413 636 4471 Nisi
665 4417 808 4472 enim
845 4415 1003 4471 ﬁdem
1033 4423 1274 4469 nostram
1301 4430 1412 4485 pne
1457 4415 1578 4471 aliis
1604 4419 1860 4476 omnibus
1887 4420 2086 4493 elegis-

2183 1859 2424 1913 ἀπίστων
2454 1861 2823 1929 ἐγκαλέσειεν,
2854 1862 2929 1926 ὡς
2958 1861 3110 1925 ξύλον
3162 1861 3618 1934 προσκυνοῦντας,
3652 1863 3745 1916 δυ-

2181 1952 2390 2023 νάμεθα
2430 1953 2498 2006 τὰ
2533 1953 2626 2006 δύο
2646 1953 2778 2019 ξύλα
2805 1954 3156 2024 χωρίσαντες,
3183 1953 3277 2007 καὶ
3312 1953 3401 2007 τὸν
3434 1955 3598 2008 τύπον
3650 1956 3746 2009 τοῦ

2183 2042 2415 2115 σταυροῦ
2437 2043 2806 2109 διαλύσαντες,
2829 2044 2904 2108 ὡς
2936 2045 3081 2115 ἀργὰ
3105 2044 3277 2098 ταῦτα
3309 2045 3558 2116 ἡγεῖσθαι
3595 2045 3748 2113 ξύλα,

2182 2134 2276 2188 καὶ
2317 2134 2407 2188 τὸν
2451 2134 2678 2188 ἄπιστον
2705 2133 2816 2207 (62)
2867 2137 3069 2203 πεῖσαι,
3103 2135 3186 2188 ὅτι
3228 2134 3288 2188 οὐ
3321 2135 3379 2188 τὸ
3417 2134 3567 2200 ξύλον
3600 2137 3752 2190 σεϐό-

2186 2221 2344 2294 μεθα,
2374 2222 2510 2276 ἀλλὰ
2538 2223 2631 2278 τὸν
2663 2223 2757 2276 τοῦ
2791 2223 3026 2296 σταυροῦ
3059 2223 3247 2280 τύπον.
3267 2225 3387 2278 Ἐπὶ
3414 2226 3471 2279 δὲ
3499 2225 3697 2299 λόγχης
3715 2227 3750 2297 ἢ

2182 2313 2450 2384 καλάμου,
2495 2313 2528 2384 ἢ
2588 2314 2850 2383 σπόγγου,
2903 2315 3060 2368 τοῦτο
3108 2315 3331 2387 ποιῆσαι
3359 2315 3409 2387 ,ἢ
3459 2317 3631 2384 δεῖξαι
3687 2320 3750 2372 οὐ

2181 2403 2477 2474 δυνάμεθα.

2255 2495 2367 2565 (65)
2406 2493 2602 2566 Ἐρώτ.
2643 2496 2751 2568 μβ’.
2786 2496 2958 2550 Πόθεν
2980 2496 3160 2567 δῆλον,
3187 2499 3266 2552 ὅτι
3298 2501 3542 2570 κρεῖττον
3573 2500 3751 2572 πάσης

2183 2585 2284 2656 τῆς
2311 2587 2402 2640 ὐπ’
2424 2588 2650 2656 οὐρανὸν
2682 2589 2916 2654 πίστεως
2949 2593 2998 2643 οἱ
3029 2591 3345 2662 Χριστιανοὶ
3388 2592 3749 2664 πιστεύομεν;

2184 2678 2340 2731 Πᾶσα
2371 2680 2480 2752 γὰρ
2505 2681 2690 2744 πίστις
2715 2681 3107 2754 εὐσεϐεστέραν
3134 2683 3330 2755 ἑαυτὴν
3361 2679 3501 2738 εἶναι
3542 2687 3752 2758 νομίζει

2182 2769 2290 2821 τῶν
2317 2769 2516 2823 λοιπῶν
2549 2771 2802 2828 πίστεων.
3708 2822 3714 2827 .

2267 2861 2454 2915 Ἀπόκ.
2494 2863 2665 2927 Πολὺς
2694 2865 2722 2916 ό
2754 2866 2882 2936 περῖ⁹
2917 2865 3107 2918 τούτου
3143 2865 3318 2936 λόγος,
3362 2867 3456 2921 καὶ
3497 2869 3686 2942 μακρά
3715 2873 3749 2941 ἠ

2183 2953 2527 3024 Χριστιανῶν
2555 2954 2664 3025 (64)
2684 2956 2916 3020 πίστεως
2943 2957 3212 3021 ἀπόδοσις.
3239 2959 3427 3029 Ὅμως
3449 2959 3504 3013 δὲ
3525 2960 3616 3013 δύο
3631 2964 3752 3014 τινα

2183 3045 2414 3116 ὁρῶντες
2444 3049 2644 3117 σημεῖα
2681 3049 2808 3119 παρ’
2844 3049 2992 3118 ἡμῖν,
3031 3049 3127 3119 τὴν
3155 3049 3307 3119 ἡμῶν
3333 3049 3616 3103 εὐσέϐειαν
3659 3053 3754 3105 καὶ

2183 3140 2282 3211 τὴν
2314 3139 2406 3192 τοῦ
2433 3139 2566 3192 Θεοῦ
2600 3139 2734 3210 πρὸς
2756 3141 2901 3211 ἡμᾶς
2921 3142 3138 3212 ἀγάπην
3167 3142 3261 3196 καὶ
3290 3143 3498 3214 σκέπην
3525 3147 3754 3216 ἐμφανί-

2186 3228 2344 3294 ζοντα
2369 3246 2381 3260 ’
2427 3229 2642 3301 πρῶτον
2689 3232 2805 3301 μὲν,
2835 3232 2915 3284 ὃτι
2965 3233 3062 3304 οὐχ
3102 3235 3422 3306 εὑρίσκομεν
3452 3235 3545 3287 ἀπ’
3579 3237 3752 3308 ἀρχῆς

2184 3320 2375 3384 αἰῶνος
2404 3320 2551 3384 ἔθνος
2581 3321 2688 3375 ὐπὸ
2720 3323 2934 3376 πάντων
2961 3323 3126 3376 ἐθνῶν
3155 3323 3457 3395 πολεμηθὲν
3496 3327 3589 3379 ἐπὶ
3628 3328 3754 3397 χρό-

2184 3429 2304 3475 νους
2333 3413 2616 3477 τοσούτους
2638 3413 2749 3483 (65)
2781 3414 2874 3466 καὶ
2907 3414 2982 3485 μὴ
3027 3415 3354 3485 ὲξαλειφθὲν,
3388 3419 3436 3470 εί
3476 3419 3552 3490 μὴ
3594 3421 3753 3489 μόνον

2181 3503 2280 3575 τὴν
2308 3503 2400 3556 τοῦ
2423 3505 2659 3575 Χριστοῦ
2701 3505 2905 3570 πίστιν,
2933 3507 3056 3576 ἥτις
3091 3508 3190 3560 οὐκ
3220 3508 3284 3562 ἂν
3313 3507 3528 3579 ἔμεινεν
3570 3510 3753 3577 ἀνεξά-

2182 3594 2417 3658 λειπτος,
2440 3594 2610 3659 οῦτως
2643 3595 2748 3648 ὐπὸ
2786 3595 3002 3649 πάντων
3025 3597 3130 3650 τῶν
3165 3597 3332 3651 ὲθνῶν
3359 3599 3748 3671 πολεμηθεῖσα,

2183 3688 2232 3740 εἰ
2269 3686 2341 3758 μὴ
2367 3689 2485 3759 χεὶρ
2527 3687 2728 3759 Κυρίου
2786 3688 3103 3758 διεφύλαττε
3150 3691 3242 3743 καὶ
3289 3690 3548 3759 φυλάττει
3581 3693 3752 3768 αὐτὴν

2184 3779 2594 3846 ἀνεξάλειπτον·
2632 3781 2878 3853 δεύτερον
2923 3782 3000 3844 δὲ,
3049 3784 3237 3854 ὅτιπερ
3289 3785 3462 3848 οὐδεὶς
3503 3785 3753 3855 βασιλεὺς

2183 3870 2522 3944 Χριστιανῶν
2563 3873 2858 3946 βαρϐάροις
2885 3876 3015 3929 ποτὲ
3053 3875 3320 3947 παρεδόθη
3363 3877 3443 3940 είς
3501 3876 3750 3943 θάνατον,

2183 3963 2360 4015 καίτοι
2395 3963 2666 4018 τοσούτων
2697 3965 2864 4018 ὲθνῶν
2891 3966 2950 4018 τὸ
3005 3965 3269 4029 βασίλειον
3296 3965 3745 4038 πολεμησάντων.

2185 4053 2258 4106 Οὐ
2291 4053 2448 4124 μόνον
2471 4054 2529 4106 δὲ
2551 4055 2643 4109 τὸν
2663 4055 2906 4126 βασιλέα,
2927 4055 3060 4109 ἀλλὰ
3089 4057 3207 4109 οὐδὲ
3227 4055 3323 4128 τὴν
3350 4055 3543 4110 ἑαυτοῦ
3568 4058 3750 4110 είκόνα

2185 4145 2250 4198 ὲκ
2269 4140 2360 4198 τοῦ
2391 4145 2722 4216 νομίσματος
2743 4147 3085 4218 καταργῆσαι
3117 4149 3214 4201 σὺν
3251 4147 3328 4218 τῷ
3354 4149 3572 4220 σταυρῷ
3601 4150 3751 4220 ἴσχυ-

2187 4251 2305 4299 σαν,
2353 4235 2554 4306 καίπερ
2611 4235 2768 4289 τινῶν
2811 4238 3088 4308 τυράννων
3119 4235 3274 4290 τοῦτο
3324 4235 3746 4307 δοκιμασάντων.

2185 4325 2277 4396 Μὴ
2306 4325 2414 4396 γὰρ
2441 4325 2593 4395 ψιλόν
2614 4344 2674 4379 τε
2703 4327 2796 4380 καὶ
2822 4328 3034 4392 εὐτελές
3061 4345 3142 4381 σοι
3168 4330 3400 4401 πρᾶγμα
3426 4330 3582 4383 τοῦτο
3613 4327 3751 4388 εἶναι

2188 4413 2436 4485 νομισθῇ.
2474 4417 2538 4468 Εἰ
2576 4417 2650 4488 μὴ
2697 4416 2805 4488 γὰρ
2845 4418 2983 4490 ὑπὲρ
3027 4419 3205 4484 πάσας
3258 4421 3357 4484 τὰς
3403 4421 3613 4486 πίστεις
3655 4427 3750 4496 τὴν

525 4520 606 4566 set
640 4509 780 4565 Deus
807 4515 860 4565 et
881 4507 1183 4574 dilexisset,
1211 4509 1380 4578 ipsam
1405 4508 1631 4565 minime
1656 4512 1862 4584 absque
1884 4513 2082 4570 damno

2187 4507 2463 4578 ἡμετέραν
2514 4509 2542 4560 ὁ
2583 4509 2714 4572 Θεὸς
2740 4507 3019 4574 ἐξελέξατο
3069 4513 3162 4566 καὶ
3191 4513 3498 4584 ἠγάπησεν,
3542 4519 3644 4570 οὐκ
3687 4518 3752 4571 ἂν

521 4613 574 4656 et
604 4602 844 4664 vulnere,
884 4600 1094 4656 medias
1141 4601 1284 4656 inter
1312 4608 1499 4672 gentes
1554 4603 1805 4673 luporum
1851 4607 2080 4671 similes,

524 4699 813 4748 servasset.
858 4690 1125 4747 Prmterea
1183 4707 1291 4746 non
1345 4693 1530 4748 debuit
1570 4698 1882 4765 permittere
1941 4698 2084 4756 Deus

523 4778 714 4835 falsam
758 4781 938 4847 fidem,
973 4788 1098 4850 post
1142 4779 1572 4837 incarnationem
1616 4785 1740 4840 Filii
1779 4791 1862 4842 sui
1896 4799 1947 4842 et
1987 4787 2083 4842 Dei

522 4873 694 4926 nostri
739 4871 947 4926 Domini
971 4870 1099 4926 Jesu
1123 4871 1351 4938 Christi,
1397 4889 1492 4943 per
1525 4890 1716 4931 omnes
1750 4885 1906 4932 terra:
1948 4879 2082 4935 fines

523 4962 811 5018 dominari.
839 4963 993 5021 Unde
1017 4966 1117 5020 hoc
1147 4967 1324 5036 ipsum
1345 4967 1493 5036 quod
1520 4968 1576 5022 in
1621 4970 1874 5027 omnibus
1902 4975 2049 5044 genti
2068 5003 2085 5013 -

524 5054 626 5109 bus
669 5057 934 5111 creditum
959 5059 1030 5113 sit
1077 5058 1282 5112 Christi
1317 5059 1691 5130 Evangelium,
1741 5073 1948 5118 certum
1999 5075 2083 5121 est

526 5156 902 5217 argumentum
931 5165 1038 5204 non
1071 5150 1229 5204 aliam
1263 5152 1408 5220 piam
1446 5166 1569 5206 esse
1603 5151 1760 5208 fidem
1789 5157 1892 5211 sub
1917 5158 2077 5213 cielo.

600 5431 709 5507 (60)
750 5433 870 5488 Haec
898 5438 1124 5504 qumstio
1156 5438 1308 5493 deest
1341 5440 1393 5492 in
1439 5439 1602 5493 Basil.
1647 5440 1782 5495 lhid.
1824 5439 1997 5497 Palat.
2029 5443 2084 5507 2,

529 5503 726 5582 Λοιπὸν
751 5507 869 5582 ἐπεὶ
899 5503 1176 5582 είξς-ὃνονιὸ
1216 5510 1444 5582 Χριστὸς
1489 5509 1759 5582 ἐκάθισεν,
1805 5503 2088 5582 ὀφείλομεν

530 5572 624 5624 καὶ
653 5575 774 5634 τοὺς
799 5574 949 5636 ὅνους
977 5572 1334 5641 ἀσπάζεσθαι.
1377 5580 1565 5631 Ἀπόκ.

600 5643 708 5721 (6-1)
739 5642 969 5721 .Quidam
1006 5663 1162 5721 inss.,
1211 5649 1438 5718 σταυρὸν
1475 5650 1530 5701 δὲ
1565 5649 1798 5720 ὁρῶντες
1829 5652 2086 5721 τρέμουσι

530 5714 621 5766 καὶ
656 5712 910 5778 φεύγουσι
945 5717 1036 5766 καὶ
1069 5733 1190 5768 κατ.
1349 5712 1358 5718 ’
1597 5712 1606 5720 ’
1780 5712 1789 5714 ἡ
1864 5712 1874 5721 ’
1931 5712 1948 5744 ’-

599 5783 710 5855 (62)
753 5781 922 5837 Palat.
954 5786 1003 5849 1,
1031 5785 1372 5850 διαλύσαντες
1398 5788 1561 5841 ταῦτα
1591 5789 1761 5858 ρίθέιαιο
1799 5793 1889 5846 καὶ
1923 5809 2086 5846 κατα-

2171 5706 2177 5712 .
2415 5658 2505 5730 Sic
2527 5661 2745 5729 quidam
2780 5677 2911 5719 mss.
2949 5664 3110 5730 Editi,

2187 4598 2353 4670 αὐτὴν
2377 4598 2480 4653 ἀνὰ
2505 4600 2666 4671 μέσον
2697 4601 2806 4654 τῶν
2834 4603 2999 4657 ἐθνῶν
3025 4603 3099 4668 ῶς
3113 4605 3290 4658 λύκων
3321 4606 3488 4661 ὄντων
3518 4609 3750 4678 ἐφύλατ-

2185 4709 2275 4745 τεν
2304 4691 2515 4763 ἀϐλαϐῆ
2548 4711 2608 4746 τε
2643 4693 2737 4746 καὶ
2768 4695 3032 4765 ἄτρωτον.
3067 4697 3215 4768 Πλὴν
3234 4697 3352 4752 οὐδὲ
3394 4698 3587 4770 ἔμελλε
3620 4720 3750 4770 συγ-

2186 4789 2379 4858 χωρεῖν
2412 4787 2441 4838 ό
2491 4785 2622 4850 Θεὸς
2669 4787 3083 4860 πεπλανημένην
3133 4789 3312 4845 πίστιν
3337 4796 3752 4866 κατακυριεύειν

2191 4877 2326 4948 μετά
2348 4879 2446 4949 τὴν
2479 4878 2753 4948 σάρκωσιν
2779 4879 2870 4932 τοῦ
2910 4880 3040 4932 Υίοῦ
3071 4881 3234 4935 αὐτοῦ
3267 4885 3358 4937 καὶ
3404 4884 3536 4939 Θεοῦ
3572 4887 3751 4959 ἡμῶν,

2186 4969 2279 5021 τοῦ
2315 4969 2520 5039 Κυρίου
2569 4969 2741 5039 Ἰησοῦ
2794 4969 3030 5040 Χριστοῦ
3083 4971 3176 5025 ἐπὶ
3225 4973 3400 5028 πάντα
3437 4975 3507 5029 τὰ
3541 4979 3754 5050 πέρατα

2188 5060 2284 5130 τῆς
2299 5060 2419 5131 γῆς.
2453 5060 2612 5114 Ὅθεν
2641 5062 2735 5115 καὶ
2756 5061 2887 5114 αὐτὸ
2911 5062 3089 5127 τοῦτο,
3105 5064 3165 5118 τὸ
3191 5067 3248 5119 ὲν
3282 5069 3415 5120 πᾶσι
3445 5071 3558 5133 τοῖς
3576 5069 3754 5125 ἔθνεσι

2188 5151 2541 5222 πιστευθῆναι
2585 5153 2646 5206 τὸ
2689 5153 3018 5222 Εὐαγγέλιον
3054 5154 3147 5208 τοῦ
3185 5156 3443 5230 Χριστοῦ,
3482 5165 3752 5237 μαρτυρία

2189 5243 2334 5295 ἐστὶν
2365 5243 2621 5316 ἀψευδὴς,
2644 5245 2726 5298 ὅτι
2755 5245 2855 5299 οὐκ
2881 5245 3027 5300 ἔστιν
3055 5248 3186 5320 άλλη
3215 5249 3396 5316 πίστις
3426 5253 3658 5326 εὐσεϐὴς
3696 5257 3753 5309 ἐν

2187 5335 2254 5403 τῇ
2286 5333 2378 5386 ὐπ’
2415 5333 2662 5404 οὐρανόν.

2189 5447 2449 5516 πατῆσαι,
2485 5451 2578 5503 καὶ
2605 5451 2694 5504 τὸν
2724 5453 2818 5510 ἀπ.

2261 5517 2370 5586 (65)
2413 5520 2653 5585 Quaastio
2680 5523 2793 5578 haec
2823 5525 2978 5580 abest
3004 5541 3034 5580 a
3063 5525 3236 5580 Palat.
3283 5523 3319 5576 2
3349 5534 3404 5580 et
3424 5542 3454 5580 a
3476 5531 3754 5585 veteribus

2188 5586 2351 5641 editis
2381 5589 2609 5645 Latinis.

2412 5667 2745 5741 quidam
2780 5677 2911 5719 mss.
2949 5667 3330 5741 Editi,_:ij_j:rspi
3355 5667 3719 5741 Χριστιανῶν.

2194 5726 2370 5849 σὶςθῦ)
2412 5728 2502 5786 Sic
2534 5726 2770 5786 maxima
2799 5749 2924 5803 pars
2955 5726 3287 5804 mss.'Editi,'
3315 5726 3643 5809 ἐπὶ-χρόνοις
3665 5726 3752 5796 τὸν

2233 5815 2420 5862 αὐτοις.
