4088 6382
341 453 442 508 625

1329 447 1791 516 QUESTIONES
1828 445 1919 500 AD
1957 443 2360 501 ANTIOCHUM
2400 441 2658 499 DUCEM.

3487 436 3597 493 626

411 571 522 641 (66)
557 570 752 641 Ἐρώτ.
792 577 902 642 μγ’.
928 572 1038 624 Καὶ
1063 572 1113 624 εί
1151 571 1323 626 ταῦτα
1352 570 1524 636 οὕτως
1563 572 1694 643 ἔχει,
1723 569 1836 633 πῶς
1887 571 1910 621 ὁ

2091 567 2310 633 ρυεετ.
2342 563 2522 619 XLIII.
2567 562 2624 618 Si
2657 561 2729 616 ita
2761 576 2848 617 res
2877 559 3062 624 habet,
3090 574 3190 614 cur
3220 555 3449 624 Satanas
3478 569 3590 609 non

346 663 584 726 Σατανᾶς
615 663 678 715 οὑ
718 663 908 717 διεῖλεν
948 663 1112 735 ἄλλην
1143 665 1324 717 πίστιν
1356 665 1447 717 ὲπ¹ι
1471 666 1570 734 γῆς
1607 665 1686 727 είς
1717 663 1911 716 τοσαύ-

345 773 437 818 τας
467 755 725 826 αἱρέσεις,
753 757 800 809 εξ
837 759 911 828 μὴ
933 757 1030 827 τὴν
1060 756 1167 810 τῶν
1194 755 1561 828 Χριστιανῶνς

428 846 614 901 Ἀπόκ.
648 847 737 910 Ὠς
768 847 1146 919 ἀντικειμένην
1164 847 1311 918 αὐτῷ
1334 846 1574 917 δηλονότι
1604 847 1696 899 καὶ
1716 861 1914 914 καταρ-

345 937 539 1007 γοῦσαν
571 938 756 992 αὐτόν.
785 938 919 992 Ποία
951 937 1080 1010 γάρ,
1105 938 1225 990 εἰπέ
1271 955 1382 1008 μοι,
1422 936 1641 1008 φροντὶς
1682 936 1714 1006 ἢ
1761 935 1906 1006 μέρι-

347 1046 448 1100 μνα
473 1029 550 1100 τῷ
578 1029 810 1101 Σατανᾷ,
858 1030 1162 1094 Ἰουδαίους,
1190 1029 1224 1100 ἢ
1247 1027 1610 1099 Σαμαρείτας,
1639 1012 1676 1097 ’ἢ
1713 1027 1910 1097 Ἕλλη-

344 1138 435 1185 νας
465 1120 852 1193 πολεμῆσαι,ἢ
887 1122 1105 1192 μερίσαι
1152 1122 1232 1184 είς
1279 1120 1523 1192 αἱρέσεις
1563 1119 1657 1173 καὶ
1697 1117 1912 1182 πίστεις

343 1212 669 1283 διαφόρους;
710 1213 890 1266 Πᾶσαι
928 1214 1036 1283 γὰρ
1066 1206 1224 1266 αὗται
1254 1211 1418 1264 αὐτοῦ
1445 1213 1572 1275 εισι,
1618 1211 1714 1263 καὶ
1758 1209 1913 1262 οὐδα-

345 1303 459 1374 μῶς
493 1305 522 1356 6
551 1303 794 1367 Σατανᾶς
816 1304 875 1356 τὸ
900 1302 1090 1357 ἑαυτοῦ
1119 1302 1364 1372 πολεμεῖ,
1392 1301 1528 1354 ἀλλὰ
1543 1300 1610 1354 τὰ
1631 1300 1725 1353 τοῦ
1752 1298 1907 1352 Θεοῦ.

343 1394 500 1445 Ὥστε
524 1392 601 1464 τῷ
626 1393 933 1464 βουλομένῳ
958 1393 1053 1447 καὶ
1101 1391 1346 1447 ἐντεῦθέν
1393 1392 1511 1443 ἐστι
1571 1390 1794 1460 μαθεῖν,
1829 1391 1910 1443 ὅτι

341 1484 436 1536 οὐκ
465 1482 609 1536 ἐστιν
637 1485 800 1556 ἑτέρα
831 1484 1012 1546 πίστις
1048 1482 1276 1554 εὐσεϐὴς
1298 1482 1390 1536 ἐπὶ
1422 1481 1522 1552 τῆς
1545 1483 1648 1552 γῆς
1676 1480 1834 1551 άλλη,
1861 1481 1909 1532 εί

345 1572 416 1643 μὴ
453 1572 587 1642 μόνη
619 1574 651 1643 ἡ
674 1574 754 1636 είς
774 1572 1028 1645 Χριστόν.

413 1664 517 1735 (67)
568 1662 762 1735 Ἐρώτ.
816 1663 916 1734 μδ’.
972 1662 1116 1734 Ποίῳ
1162 1662 1218 1716 δὲ
1267 1663 1452 1734 τρόπῳ
1504 1660 1764 1732 πείσομεν
1818 1662 1908 1714 τὸν

345 1753 553 1826 ἰδιώτην
583 1756 675 1808 καὶ
707 1755 1003 1827 βάρϐαρον,
1032 1756 1114 1808 ὅτι
1155 1755 1294 1825 ὑπὲρ
1336 1754 1514 1815 πάσας
1546 1753 1642 1816 τὰς
1673 1753 1909 1823 αἱρέσεις

341 1848 373 1916 ή
400 1845 659 1917 καθολικὴ
700 1846 991 1918 Ἐκκλησία
1012 1845 1108 1917 τὴν
1143 1844 1306 1918 ὀρθὴν
1339 1844 1520 1897 πίστιν
1541 1844 1674 1916 ἔχει,
1717 1845 1811 1900 καὶ
1847 1844 1906 1898 οὐ

345 1935 631 2005 σφάλλεται
652 1952 666 2000 ;

424 2029 613 2081 Ἀπόκ.
641 2029 704 2082 Οἱ
737 2027 811 2099 μὴ
831 2028 1114 2098 δυνάμενοι
1140 2027 1372 2100 Γραφῶν
1399 2045 1459 2081 τε
1490 2027 1584 2081 καὶ
1625 2025 1908 2098 δογμάτων

343 2118 624 2190 ἀκρίϐειαν
649 2119 742 2172 κα.)⁸
774 2119 934 2188 βάθος
961 2118 1188 2173 ἀκοῦσαι
1221 2118 1468 2173 ἐντεῦθεν
1498 2119 1559 2172 τὸ
1599 2119 1757 2190 μόνον
1819 2119 1913 2171 καὶ

343 2211 558 2275 εὐσεϐὲς
601 2211 712 2282 (68)
774 2213 871 2282 τῆς
928 2212 1221 2284 καθολικῆς
1282 2212 1516 2285 Χριστοῦ
1589 2212 1913 2284 Ἐκκλησίας

340 2303 669 2375 πιστωθῆναι
697 2303 966 2371 ὀφείλουσι
986 2320 1000 2333 ο
1053 2303 1195 2373 λέγω
1227 2303 1291 2375 δὴ
1313 2305 1376 2357 ὲκ
1410 2302 1502 2356 τοῦ
1552 2303 1726 2357 πάντα
1787 2303 1913 2368 τοὺς

343 2396 639 2466 σωτηρίους
673 2396 768 2450 καὶ
798 2396 1011 2467 τιμίους
1042 2395 1148 2448 τῶν
1176 2395 1411 2466 Χριστοῦ
1457 2392 1795 2466 παθημάτων
1821 2396 1911 2450 τό-

343 2507 470 2552 πους
501 2491 568 2560 τῇ
615 2488 877 2559 καθολικῇ
921 2489 1015 2541 καὶ
1061 2486 1323 2560 όρθοδόξῳ
1369 2487 1524 2558 ἡμῶν
1578 2489 1756 2540 πίστει
1818 2488 1913 2541 καὶ

354 2581 648 2651 Ἐκκλησία
701 2580 807 2633 ὑπὸ
861 2578 995 2633 Θεοῦ
1025 2578 1328 2651 δωρηθῆναι
1370 2579 1464 2632 καὶ
1519 2579 1910 2650 πιστευθῆναι·

341 2671 480 2739 λέγω
506 2671 570 2742 δὴ
600 2672 699 2743 τὴν
725 2669 1001 2742 Ναζαρὲθ,
1036 2670 1162 2723 ἔνθα
1185 2672 1213 2724 6
1244 2669 1475 2742 Χριστὸς
1507 2671 1563 2722 ὲν
1592 2672 1720 2742 ἡμῖν
1754 2670 1914 2742 ἐσκή-

343 2780 475 2816 νωσε
497 2780 510 2793 ⁸
550 2763 647 2834 τὴν
671 2763 937 2834 Βηθλεὲμ,
969 2762 1094 2815 ἔνθα
1139 2763 1280 2817 κατὰ
1326 2763 1502 2834 σάρκα
1554 2763 1778 2835 ἐτέχθηο
1813 2766 1913 2836 τὴν

343 2855 499 2918 Σιὼν,
524 2855 651 2908 ἔνθα
685 2853 782 2926 τὴν
814 2856 1088 2927 σωτηρίαν
1126 2854 1205 2926 τῷ
1233 2854 1419 2927 κόσμῳ
1444 2855 1737 2926 εἰργάσατο
1757 2873 1771 2887 ⁸
1819 2857 1910 2911 τὸν

355 2947 639 3018 Ἰορδάνην,
673 2946 802 3001 ἔνθα
843 2947 934 3000 τὸν
984 2947 1153 3019 Ἀδάμ
1196 2948 1532 3003 ἀνεκαίνισε·
1583 2947 1644 3001 τὸ
1689 2947 1909 3020 Θαϐὼρ,

344 3039 467 3094 ἔνθα
517 3040 616 3113 τὴν
657 3039 764 3093 τῶν
797 3041 1040 3113 οὐρανῶν
1097 3040 1370 3111 βασιλείαν
1414 3039 1800 3112 προετὺπωσεο
1849 3042 1921 3096 τὸ·

342 3132 446 3185 τῶν
495 3131 720 3185 Ἐλαιῶν
760 3131 918 3203 ὅρος,
945 3132 1064 3186 ὅθεν
1091 3133 1226 3204 πρὸς
1252 3133 1341 3185 τὸν
1397 3133 1617 3203 Πατέρα
1661 3134 1717 3186 ὲν
1749 3133 1910 3205 οὐρα-

343 3222 450 3283 νοῖς
493 3221 584 3290 ἀφ’
625 3220 780 3291 ἡμῶν
833 3221 1175 3292 ἀνελήλυθεν.
1227 3221 1448 3295 Οῦσπερ
1489 3221 1733 3288 ἅπαντας
1783 3226 1908 3288 τοὺς

2015 661 2178 714 aliam
2217 659 2374 714 [idem
2419 659 2474 713 in
2507 665 2659 712 terra
2690 653 2876 709 divisit
2909 653 2964 706 in
2996 659 3076 706 tot
3107 651 3362 713 lmreses,
3395 654 3592 718 prater

2014 753 2184 806 solam
2221 751 2664 806 Chaistianorum
2694 745 2892 800 ﬁdem?

2084 844 2242 901 Res».
2283 844 2420 910 Quia
2451 844 2664 899 scilicet
2696 841 2798 910 ipsi
2839 841 3184 904 adversatur,
3215 839 3434 906 vimque
3468 835 3592 904 ejus

2015 936 2224 990 irritam
2281 937 2442 1004 plane
2497 933 2695 988 reddit.
2745 931 2929 1002 Ecqua
2978 933 3126 987 enim
3170 945 3326 993 cura,
3371 929 3588 996 amabo,

2013 1025 2174 1094 227
2203 1023 2418 1079 Satanae
2447 1030 2595 1078 esset
2635 1020 2871 1086 Iudaeos,
2901 1019 3202 1076 Samaritas
3238 1027 3335 1075 aut
3361 1019 3590 1090 gentiles

2013 1114 2298 1170 adoriendi
2347 1123 2442 1170 aut
2487 1117 2545 1170 in
2594 1115 2829 1169 hazreses
2874 1123 2927 1169 et
2979 1115 3156 1169 varias
3210 1113 3344 1167 ﬁdes
3393 1111 3590 1166 discin-

2011 1206 2215 1263 dendi?
2244 1206 2336 1262 Hae
2381 1208 2526 1263 enim
2553 1208 2619 1262 ad
2651 1208 2828 1277 ipsum
2863 1207 3161 1278 pertinent,
3196 1221 3299 1260 nec
3339 1219 3586 1274 unquam

2013 1299 2247 1356 Satanas
2277 1316 2342 1355 ea
2381 1316 2502 1372 qua
2550 1309 2678 1356 sunt
2706 1300 2828 1368 ejus
2869 1300 3170 1370 impugnat,
3215 1298 3309 1352 sed
3340 1313 3462 1368 quae
3490 1295 3586 1350 Dei

2011 1401 2158 1448 sunt.
2190 1391 2467 1458 Quocirca
2510 1392 2637 1447 inde
2665 1391 2900 1462 quisque
2930 1391 3106 1460 possit
3147 1389 3380 1450 discere,
3425 1386 3584 1440 aliam

2012 1491 2154 1558 piam
2178 1487 2335 1544 tidem
2374 1488 2430 1542 in
2471 1487 2634 1542 terris
2665 1487 2870 1539 nullam
2912 1500 3056 1550 esse,
3093 1492 3288 1553 praeter
3317 1497 3434 1536 eam
3478 1495 3584 1550 qua

2010 1580 2065 1634 in
2095 1578 2374 1634 Christum
2405 1579 2704 1634 credimus.

2079 1671 2302 1738 Quies'r.
2365 1669 2546 1726 XLiV.
2594 1669 2841 1737 Quanam
2916 1669 3130 1724 ratione
3194 1666 3314 1722 rudi
3373 1666 3584 1719 homini

2009 1771 2064 1820 et
2109 1765 2345 1819 barbaro
2403 1764 2855 1834 persuadebimus
2907 1762 3230 1815 catholicam
3285 1758 3582 1814 Ecclesium

2008 1867 2120 1920 prae
2188 1853 2442 1908 omnibus
2501 1852 2800 1908 haeresibus
2859 1859 3065 1906 rectam
3122 1851 3280 1907 [idem
3347 1849 3581 1910 habere,

2010 1957 2109 1997 nec
2152 1958 2338 1998 errare
2370 1942 2392 1996 ?

2085 2031 2248 2088 Res».
2305 2033 2408 2100 Qui
2469 2031 2882 2102 Scripturarum
2937 2040 2990 2087 et
3046 2032 3357 2104 dogmatum
3418 2044 3582 2084 accu-

2012 2131 2186 2178 ratam
2251 2131 2304 2180 et
2353 2123 2678 2194 profundam
2737 2123 3171 2194 explanationem
3234 2122 3421 2176 audire
3471 2136 3583 2175 non

2012 2223 2274 2287 possunt,
2323 2215 2449 2270 inde
2510 2215 2757 2286 persuasi
2819 2213 3017 2268 debent
3068 2229 3190 2268 esse
3245 2211 3314 2268 de
3358 2213 3580 2284 integri-

2017 2316 2126 2364 tate
2185 2314 2240 2362 et
2269 2307 2499 2362 veritate
2531 2305 2814 2361 catholicae
2845 2305 3050 2360 Christi
3088 2304 3366 2370 Ecclesiae,
3386 2319 3583 2374 nempe

2013 2400 2117 2454 hoc
2191 2415 2258 2456 ex
2325 2399 2541 2468 capite,
2603 2397 2748 2468 quod
2821 2398 3079 2452 salutaria
3149 2404 3203 2450 et
3275 2395 3578 2451 veneranda

2011 2493 2217 2549 Christi
2264 2493 2583 2563 passionum
2631 2491 2790 2556 loca,
2823 2487 3104 2545 catholica:
3158 2497 3211 2545 et
3265 2489 3580 2544 orthodoxze

2012 2592 2218 2640 nostra:
2267 2582 2392 2638 ﬁdei
2452 2590 2505 2638 et
2562 2580 2821 2636 Ecclesiae
2877 2597 2908 2636 a
2961 2581 3072 2636 Deo
3119 2581 3318 2636 donata
3369 2582 3478 2635 sint
3525 2589 3580 2635 et

2013 2674 2220 2730 credita
2264 2693 2278 2728 :
2321 2688 2515 2744 nempe
2558 2672 2826 2728 Nazaretb
2876 2673 2968 2728 ubi
3020 2671 3273 2728 Christus
3310 2691 3329 2723 ι
3368 2672 3588 2744 habitas

2009 2767 2088 2821 v-it
2132 2765 2189 2820 in
2239 2765 2394 2821 nobis
2422 2766 2534 2832 “i;
2579 2764 2927 2828 Bethlehem,
2979 2764 3070 2818 ubi
3105 2763 3404 2819 secundum
3447 2755 3588 2818 car?

2013 2873 2137 2915 nem
2191 2866 2352 2913 natus
2393 2864 2510 2924 est;
2547 2855 2718 2922 Sion,
2768 2858 2858 2912 ubi
2905 2857 3134 2913 salutem
3195 2855 3397 2908 mundo
3445 2869 3576 2924 ope-

2010 2957 2164 3004 ratus
2232 2957 2348 3013 est;
2407 2945 2694 3015 Jordanis,
2752 2947 2842 3003 ubi
2919 2946 3186 3000 Adamum
3263 2945 3572 3010 renovavit;

2011 3039 2258 3106 Thabor,
2285 3038 2376 3094 ubi
2410 3039 2670 3094 cmlorum
2705 3054 2926 3108 regnum
2953 3037 3351 3108 praeﬁguravit;
3419 3051 3577 3092 mons

2012 3130 2324 3196 Olivarum,
2377 3131 2523 3186 unde
2579 3131 2634 3184 in
2694 3131 2862 3186 caelos
2912 3129 2978 3184 ad
3025 3128 3278 3193 Patrem,
3327 3143 3357 3181 a
3417 3128 3576 3184 nobis

2013 3221 2275 3278 ascendit.
2317 3221 2446 3288 Quae
2520 3221 2701 3276 omnia
2759 3228 2947 3276 sancta
2996 3228 3049 3276 ct
3096 3219 3399 3276 veneranda
3457 3220 3575 3289 ejus

345 3312 504 3366 αὑτοῦ
536 3312 724 3381 ἁγίους
767 3313 860 3367 καὶ
887 3313 1213 3384 σεϐασμίους
1259 3314 1453 3377 τόπους
1493 3315 1592 3368 οὐκ
1624 3315 1747 3385 εἰκῆ
1786 3316 1906 3369 οὐδὲ

2011 3315 2125 3368 loca
2172 3329 2278 3368 non
2322 3321 2525 3370 temere
2580 3329 2680 3369 nec
2738 3313 2940 3369 frustra
2989 3314 3271 3368 catholicae
3317 3311 3576 3367 Ecclesiae

349 3403 522 3474 μάτην
567 3405 631 3474 τῇ
687 3402 944 3474 καθολικῇ
992 3402 1285 3476 Ἐκκλησία
1329 3403 1702 3459 ένεπίστευσεν
1751 3406 1858 3478 (69)
1889 3424 1903 3438 ο

347 3497 454 3548 ἀλλ’
477 3495 552 3560 ὡς
581 3494 940 3565 εὐσεϐεστέρᾳ
969 3494 1210 3566 δηλονότι
1241 3497 1334 3549 κα)⁵
1363 3496 1659 3568 τιμιωτέρᾳ
1697 3497 1911 3554 πάντων

346 3589 433 3641 ἐπὶ
454 3587 563 3641 τῶν
606 3586 776 3656 ἁγίων
803 3587 952 3660 παρὰ
986 3588 1328 3658 Χριστιανοῖς
1361 3587 1773 3660 ὀνομαζομένων
1823 3591 1913 3644 πί-

349 3694 515 3731 στεων
548 3678 641 3730 καὶ
675 3676 1002 3748 ἐκκλησιῶν.
1027 3677 1138 3730 Καὶ
1159 3676 1346 3747 ῶσπερ
1395 3677 1642 3748 βασιλεὺς
1678 3679 1802 3744 τοὺς
1826 3698 1910 3734 τι-

350 3769 499 3837 μίους
531 3765 694 3820 αὑτοῦ
741 3767 835 3820 τοῦ
870 3767 1127 3821 παλατίου
1161 3764 1421 3830 κοιτῶνας
1468 3769 1561 3823 καὶ
1610 3769 1912 3842 θησαυροὺς

347 3862 453 3922 τοῖς
481 3857 822 3929 πιστοτέροις
844 3857 1059 3911 πάντων
1090 3856 1198 3911 τῶν
1225 3858 1512 3930 ὑπουργῶν
1541 3860 1702 3913 αὑτοῦ
1738 3863 1914 3932 ἐγχει-

351 3941 484 4014 ρίξει
513 3959 571 3996 τε
601 3945 697 3997 καὶ
734 3943 979 3997 πιστεύει
999 3961 1012 3975 ο
1045 3944 1184 3998 οῦτω
1229 3946 1323 3998 καὶ
1355 3948 1382 3998 6
1414 3948 1645 4017 Χριστὸς
1676 3951 1768 4003 ἀπ’
1807 3952 1908 4023 άρ-

349 4035 444 4105 χῆς
494 4035 595 4104 τῆς
641 4035 945 4108 παρουσίας
999 4035 1161 4088 αὑτοῦ
1198 4038 1264 4106 τῇ
1313 4035 1572 4110 καθολικῇ
1621 4039 1912 4115 Ἐκκλησία

347 4127 465 4190 τοὺς
499 4126 828 4198 σεϐασμίους
851 4125 1013 4180 αὑτοῦ
1044 4127 1239 4191 τόπους
1267 4129 1597 4184 ἐπίστευσεν.
1625 4133 1686 4184 Εἰ
1735 4133 1789 4186 δὲ
1831 4133 1912 4188 λέ-

347 4235 427 4287 γει
453 4221 482 4271 6
529 4220 596 4272 δι’
629 4219 878 4283 ἐναντίας
907 4219 1043 4289 (70),
1072 4221 1152 4272 ὅτι
1203 4219 1452 4293 βασιλικῇ
1487 4225 1756 4293 τυραννίδι
1789 4227 1910 4280 τοῦ-

347 4327 462 4374 τους
492 4311 818 4382 κατέχομεν,
861 4310 1172 4382 μανθανέτω
1198 4313 1225 4364 ό
1259 4311 1495 4378 τοιοῦτος
1515 4354 1528 4377 ,
1551 4315 1759 4388 ὅτιπερ,
1817 4319 1912 4374 καὶ

349 4402 628 4473 βαρϐάρων
661 4403 921 4466 πολλάκις
955 4403 1051 4473 τὴν
1076 4403 1431 4474 Παλαιστίνην
1465 4407 1907 4478 παραλαϐόντων,

347 4494 402 4545 οὐ
445 4493 790 4566 συνεχώρησε
821 4495 1051 4566 Χριστὸς
1077 4494 1201 4557 τοὺς
1233 4495 1423 4550 ἑαυτοῦ
1457 4497 1654 4563 τόπους
1707 4500 1909 4572 αἱρετι-

347 4587 454 4649 κοῖς
477 4585 585 4656 (71)
617 4586 1006 4658 παραδοθῆναι.
1055 4586 1232 4651 Ἀλλὰ,
1263 4589 1365 4644 κᾶν
1400 4591 1536 4663 πρὸς
1564 4591 1735 4664 βραχὺ
1752 4593 1908 4648 τοῦτο

2012 3402 2504 3470 concredidit,sed
2548 3415 2629 3472 ut,
2676 3406 2823 3460 omni
2884 3405 2987 3459 alia
3038 3405 3140 3459 lide
3184 3412 3237 3459 et
3295 3403 3571 3468 Ecclesia,

2011 3497 2151 3553 inter
2197 3497 2542 3553 Christianos
2570 3505 2914 3567 nuncupata,
2951 3496 3052 3567 pia;
3083 3497 3255 3568 magis
3301 3506 3355 3552 et
3403 3498 3575 3552 bono-

2009 3588 2218 3643 ratiori.
2249 3588 2325 3642 Ac
2352 3589 2806 3659 quemadmodum
2867 3590 3161 3658 imperator
3190 3591 3430 3659 pretiosa
3479 3606 3578 3660 pa—

2009 3679 2125 3734 latii
2153 3680 2237 3736 sui
2264 3680 2513 3735 cubicula
2547 3681 2939 3751 thesaurosque
2971 3682 3263 3736 committit
3297 3691 3350 3738 et
3395 3683 3572 3738 credit

2009 3773 2253 3828 ominium
2292 3789 2512 3829 suorum
2559 3774 2934 3829 ministrorum
2982 3773 3322 3829 ﬁdelioribus
3357 3795 3369 3830 :
3407 3775 3478 3830 ita
3519 3783 3574 3830 et

2008 3867 2261 3923 Christus
2316 3868 2385 3923 ab
2427 3867 2582 3922 initio
2630 3868 2715 3922 sui
2763 3866 3048 3931 adventus,
3101 3867 3410 3921 veneranda
3450 3866 3572 3936 ejus

2009 3959 2217 4014 scilicet
2248 3959 2386 4025 loca,
2415 3958 2696 4014 catholicae
2725 3957 2995 4014 Ecclesiae
3013 3959 3367 4014 concredidit.
3411 3957 3572 4023 Quod

2009 4053 2056 4108 si
2088 4052 2438 4109 adversarius
2481 4052 2811 4122 respondeat
2840 4067 2940 4107 nos
2983 4059 3249 4124 potestate
3281 4051 3568 4122 tyrannica

2010 4144 2101 4199 illa
2133 4144 2434 4216 possidere,
2469 4144 2646 4201 discat
2675 4144 2764 4199 ille
2796 4144 2962 4214 quod,
2986 4143 3200 4199 etiamsi
3228 4141 3571 4198 Palaestinam

2007 4251 2148 4307 saepe
2176 4237 2394 4293 barbari
2420 4237 2828 4308 occupaverint,
2871 4251 2979 4291 non
3025 4236 3274 4306 permisit
3319 4234 3572 4290 Christus

2011 4344 2106 4384 sua
2153 4329 2271 4383 loca
2305 4327 2445 4383 tradi
2503 4328 2793 4384 hatreticis.
2833 4325 2989 4393 Quod
3033 4329 3134 4383 etsi
3193 4327 3246 4382 id
3295 4326 3360 4380 ad
3411 4326 3572 4380 breve

2007 4427 2220 4489 tempus
2254 4410 2621 4482 tentaverunt,
2661 4420 2770 4474 cito
2799 4434 2992 4474 rursus
3020 4419 3285 4474 catholica
3317 4415 3566 4471 Ecclesia

2007 4509 2155 4578 ipsos
2190 4509 2391 4581 abegit,
2421 4526 2530 4564 non
2561 4526 2719 4566 secus
2743 4525 2806 4566 ac
2837 4525 3034 4580 porcos
3077 4525 3107 4563 a
3142 4509 3345 4565 sanctis
3371 4507 3569 4563 Christi

2012 4597 2108 4652 Dei
2137 4601 2309 4654 nostri
2339 4599 2546 4654 aedibus
2578 4607 2632 4654 et
2661 4600 2816 4655 locis.

345 4681 716 4753 ἐπεχείρησαν,
762 4683 1037 4753 συντόμως
1083 4684 1241 4738 πάλιν
1297 4689 1328 4758 ὴ
1379 4687 1640 4760 καθολικὴ
1681 4669 1988 4762 Ἐκκλησία-
2005 4694 2227 4763 τούτους
2255 4695 2570 4761 άτκδίωξεν,
2596 4696 2671 4758 ὡς
2721 4694 2934 4766 χοίρους
2962 4695 3071 4748 τῶν
3125 4694 3294 4762 ἁγίων
3337 4688 3568 4762 Χριστοῦ

345 4774 430 4825 τοῦ
461 4771 593 4826 Θεοῦ
625 4776 657 4844 ἡ
667 4773 784 4844 μῶν
809 4773 986 4828 αὐλῶν
1019 4776 1110 4828 καὶ
1130 4776 1328 4832 τόπων.

423 4866 609 4938 Ἐρώτ.
654 4865 756 4938 με’.
790 4866 900 4920 Ποῦ
934 4869 1226 4940 ἐπέτρεψεν
1253 4874 1280 4925 6
1333 4873 1466 4939 Θεὸς
1518 4877 1630 4939 τοῖς
1677 4875 1906 4930 άποστό-
1938 4888 1988 4942 D
2079 4880 2298 4948 QUEST.

344 4959 448 5023 λοις
501 4960 859 5030 Χριστιανοὺς
918 4961 1196 5033 ὀνομάζειν
1244 4967 1366 5031 τοὺς
1427 4967 1778 5032 πιστεύοντας
1830 4968 1907 5040 τῷ

345 5052 556 5123 Χριστῷ
578 5070 592 5118 ;

421 5145 607 5197 Ἀπόκ.
644 5144 734 5196 Ἐν
793 5145 913 5207 ταῖς
945 5145 1181 5214 Πράξεσι
1221 5147 1324 5201 τῶν
1358 5149 1668 5204 ἀποστόλων
1717 5151 1906 5204 ἀκούο-

350 5251 462 5304 μεν,
525 5236 608 5288 ὃτι
665 5237 724 5289 ὲν
773 5235 1072 5308 Ἀντιοχείᾳ
1131 5238 1318 5312 γέγονε
1377 5241 1588 5312 πρῶτος
1640 5259 1908 5314 χρηματι-

408 5393 451 5425 ¹⁸
483 5391 640 5448 Joan.
676 5409 729 5457 ι,
768 5391 855 5446 14.
931 5392 976 5424 ’⁸
1016 5391 1132 5447 Act.
1167 5408 1257 5457 ιι,
1293 5393 1384 5448 26.

413 5549 516 5619 (66)
558 5549 904 5615 Qumstiones
931 5549 1020 5600 45.
1056 5549 1143 5610 44,
1177 5549 1266 5610 45,
1309 5549 1401 5609 46,
1442 5549 1532 5605 47,
1568 5549 1659 5607 49,
1692 5549 1780 5608 49,
1822 5549 1910 5606 50,

351 5616 510 5701 ξῶίηθι¹
546 5620 637 5685 52,
685 5619 890 5673 absunt
933 5631 964 5670 a
995 5615 1165 5671 Palat.
1199 5617 1254 5682 2,
1294 5625 1349 5672 et
1382 5632 1412 5670 a
1443 5618 1716 5672 veteribus
1753 5617 1914 5672 editis

351 5685 812 5830 ldﬂigi;Quaestio_
831 5756 946 5830 bac
981 5757 1133 5830 abest
1166 5772 1194 5812 a
1227 5755 1396 5830 Palat.
1429 5756 1492 5830 _l;
1532 5763 1584 5809 at
1623 5757 1914 5830 responsio

349 5825 593 5884 minime.
617 5831 747 5884 Post
791 5827 1058 5897 βάρϐαρον
1103 5829 1233 5899 Reg.
1266 5827 1319 5894 2,
1358 5826 1536 5888 habet,
1567 5825 1661 5881 καὶ
1695 5828 1910 5897 ἀγράμ-

350 5912 524 5960 μαῖον.

558 5548 904 5615 Qumstiones
931 5546 1020 5600 45.
1056 5547 1143 5610 44,
1177 5546 1266 5610 45,
1309 5546 1401 5609 46,
1442 5547 1532 5605 47,
1568 5546 1659 5607 49,
1692 5547 1780 5608 49,
1822 5546 1910 5606 50,

2362 4878 2522 4936 XLV.
2567 4879 2796 4936 Ubinam
2846 4876 3100 4949 praecepit
3137 4874 3278 4930 Deus
3311 4874 3569 4942 apostolis

2013 4975 2350 5031 Christianos
2383 4975 2650 5046 appellare
2676 4989 2769 5029 eos
2794 4972 2888 5043 qui
2918 4970 3137 5027 Christo
3167 4968 3434 5025 credunt?

2084 5149 2247 5204 Resp.
2289 5149 2545 5219 Legimus
2589 5149 2644 5203 in
2687 5146 2914 5202 Actibus
2960 5141 3404 5212 apostolorum",
3451 5155 3568 5193 ora.

2014 5241 2196 5296 culum
2230 5239 2408 5310 primo
2437 5239 2639 5295 editum
2667 5253 2788 5294 esse
2818 5233 3138 5298 Antiochiae,
3163 5231 3278 5288 sive
3303 5228 3396 5286 Dei
3425 5245 3565 5286 reve-

2083 5543 2195 5616 (68)
2233 5542 2364 5618 Reg.
2407 5546 2462 5608 2,
2501 5544 2561 5618 τί)
2597 5545 2824 5618 ἄμωμον
2849 5546 2940 5598 καὶ
2967 5546 3208 5618 ἀκριϐές.
3253 5544 3566 5618 Ιηίνογίᾶθιυ

2015 5615 2182 5686 quem
2209 5615 2504 5684 sequimur,
2536 5617 2599 5668 ὲκ
2621 5615 2715 5667 τοῦ
2749 5617 2972 5679 πάντας.
3005 5615 3165 5682 Editi,
3188 5621 3311 5680 τοὺς
3343 5617 3553 5680 πάντας

2085 5685 2194 5754 (69)
2236 5685 2368 5740 Tres
2398 5701 2513 5741 mss
2541 5727 2554 5750 ,
2584 5687 2920 5742 ἐπίστευσεν.

2087 5757 2198 5827 (-70)
2238 5755 2409 5827 Palat.
2445 5758 2494 5820 l,
2523 5757 2551 5808 6
2585 5757 2838 5827 ἐναντίος.

2087 5815 2197 5896 (71)
2238 5826 2313 5880 lta
2350 5815 2492 5897 Reg:
2525 5827 2580 5886 2.
2613 5828 2666 5888 ’5,
2704 5835 2755 5880 et
2795 5815 2957 5879 Basil.
2990 5827 3081 5894 qui
3119 5828 3170 5880 in
3203 5830 3306 5881 hac
3339 5837 3567 5895 respon-

2017 5898 2166 5954 sione
2201 5898 2358 5968 plane
2391 5899 2606 5954 desimt.
2636 5897 2803 5960 Edit.,
2828 5898 2919 5950 καί
2949 5900 3118 5970 αἱρετ.
