4088 6382
513 479 618 535 627

1658 476 1714 530 S.
1755 470 2218 530 ATHANASIUS.
2262 499 2327 512 —
2366 470 2634 526 SPURIA.

3643 475 3747 532 69.8

514 593 768 648 lationem
799 591 1058 661 apostolis
1085 591 1509 660 praecipientem,
1539 598 1598 643 ut
1629 605 1730 644 nos
1777 587 2071 644 Christiani

2181 584 2315 654 σμὸς
2345 583 2481 655 (72),
2511 584 2676 654 ἦγουν
2705 583 3040 654 ἀποκάλυψις
3073 585 3230 650 Θεοῦ,
3277 588 3389 649 τοῖς
3431 587 3747 654 ἀποστόλοις

513 685 939 739 uominaremur.
993 682 1261 749 Quocirca
1318 681 1607 751 diligenter
1651 681 1897 736 advertat
1939 679 2066 748 qui-

511 791 725 845 cunque
761 773 828 828 ad
865 773 1137 829 Christum
1176 775 1293 828 vult
1335 775 1614 838 accedere,
1648 788 1863 828 omnem
1910 771 2065 826 fidem

511 868 566 921 in
600 865 762 920 terris
790 864 1009 919 nomine
1025 864 1256 933 alicujus
1272 864 1510 918 hominis
1540 862 1820 934 appellari.
1849 861 2070 916 Scilicet

509 971 539 1010 a
573 955 794 1010 Simone
818 954 1122 1010 Simoniaui
1152 955 1431 1019 dicuntur,
1463 971 1494 1008 a
1528 954 1805 1010 Marcione
1834 952 2071 1008 Marcio-

507 1049 653 1110 nitaz.
696 1049 764 1103 ab
793 1048 922 1103 Ario
985 1049 1196 1114 Ariani,
1243 1058 1295 1103 et
1339 1047 1660 1102 Eunomiani
1703 1056 1922 1118 prapter
1962 1044 2071 1098 Eu-

508 1140 770 1193 uomium.
796 1138 889 1194 Ha:
919 1155 1110 1194 omnes
1141 1148 1453 1209 caeteratque
1488 1137 1765 1207 fides,qu:e
1792 1137 2069 1192 hominum

506 1231 728 1284 nomina
758 1230 961 1295 ferunt,
1003 1237 1166 1301 atque
1196 1230 1271 1284 ita
1300 1235 1521 1299 propter
1547 1229 1668 1283 illos
1708 1228 2069 1298 appellantur,

405 1357 410 1366 ι
505 1337 615 1376 non
643 1332 773 1377 sunt
802 1321 922 1387 Dei,
947 1338 1124 1392 neque
1157 1321 1300 1376 Deus
1339 1321 1396 1374 in
1438 1321 1546 1375 illis
1585 1327 1687 1376 est.
1720 1319 1855 1374 Nam
1887 1319 1933 1374 si
1977 1318 2070 1374 Dei

505 1421 654 1480 sunt,
698 1430 795 1470 cur
834 1416 1114 1469 hominum
1160 1413 1470 1468 nominibus
1517 1414 1856 1482 appellantur
1889 1419 1943 1466 et
1991 1411 2073 1464 in-

505 1504 854 1574 signiuntur?
877 1504 1137 1558 Gloriatio
1162 1504 1327 1574 igitur
1365 1504 1741 1574 gloriationum
1767 1502 1870 1556 erit
1916 1501 2072 1556 nobis

505 1598 777 1652 catholica
825 1596 1092 1658 Ecclesia,
1139 1605 1198 1651 ut
1244 1596 1469 1666 etquod
1517 1595 1810 1650 Christiani
1843 1593 2074 1647 dicimur

506 1702 560 1747 et
596 1685 962 1756 nofninamur,
1001 1700 1060 1746 ut
1088 1693 1181 1761 qui
1223 1706 1330 1744 non
1367 1692 1440 1745 ab
1472 1690 1778 1744 l'0minibus
1823 1688 2072 1741 nomine-

506 1800 651 1850 mur,
676 1785 769 1842 sed
798 1801 830 1838 a
855 1784 967 1840 Deo
993 1785 1376 1841 illuminemur.

2169 675 2533 746 ἐπιτρέπουσα
2559 674 2837 728 καλεῖσθαι
2866 676 3017 746 ἡμᾶς
3048 677 3424 748 Χριστιανούς.
3471 679 3564 732 Διὸ
3591 682 3746 753 άκρι-

2169 765 2280 830 ϐὦς
2308 766 2621 834 γινωσκέτω
2645 769 2673 821 6
2699 767 2778 838 τῷ
2807 768 3026 841 Χριστῷ
3050 769 3365 842 προσελθεῖν
3404 770 3744 844 βουλόμενος,

2169 861 2254 913 ὅτι
2278 861 2429 913 πᾶσα
2460 860 2642 924 πίστις
2671 862 2764 914 ἐπὶ
2785 863 2890 932 γῆς
2915 864 2994 925 είς
3022 863 3193 933 ὄνομα
3215 863 3503 935 ἀνθρώπου
3559 866 3749 937 ὀνομα-

2171 949 2372 1023 ζομένη
2399 967 2412 980 °
2439 951 2581 1020 λέγω
2613 951 2676 1022 δὴ
2706 953 2813 1005 άπὸ
2838 952 3082 1023 Σίμωνος
3110 955 3468 1026 Σιμωνιανοὶ,
3499 958 3596 1010 καὶ
3641 959 3748 1011 άπὸ

2170 1043 2494 1114 Μαρκίωνος
2533 1044 2930 1113 Μαρκιωνιταὶ,
2976 1046 3070 1098 καὶ
3113 1046 3220 1100 άπὸ
3268 1047 3473 1117 Ἀρείου
3536 1049 3748 1119 ’Δρεια-

2170 1133 2273 1197 vol,
2307 1133 2400 1186 καὶ
2423 1133 2488 1186 δι’
2514 1133 2774 1203 Εὐνόμιον
2802 1135 3122 1206 Εὐνομιανοί
3146 1154 3160 1168 ο
3187 1129 3346 1191 αὗται
3369 1139 3542 1192 πᾶσαι
3574 1141 3669 1192 καὶ
3691 1143 3745 1194 αἱ

2171 1223 2376 1288 λοιπαὶ,
2410 1225 2471 1277 αἴ
2495 1226 2631 1278 είσιν
2664 1225 2966 1296 ἀνθρώπων
3013 1228 3281 1298 ὀνόματα,
3308 1229 3404 1282 καὶ
3436 1229 3503 1282 δι’
3552 1232 3746 1295 αὐτοὺς

2170 1315 2342 1380 οὕτως
2365 1316 2757 1388 ὀνομαζόμεναι
2791 1317 3022 1382 πίστεις,
3053 1321 3151 1372 οὐκ
3177 1321 3284 1373 είσὶ
3319 1319 3413 1374 τοῦ
3447 1320 3604 1386 Θεοῦ,
3628 1323 3745 1375 οὐδὲ

2170 1411 2200 1463 ὁ
2228 1407 2360 1472 Θεὸς
2381 1411 2439 1461 ὲν
2461 1409 2669 1471 αὐταῖς.
2704 1409 2768 1462 Εί
2797 1407 2906 1481 γάρ
2941 1409 3036 1463 τοῦ
3061 1410 3195 1464 Θεοῦ
3230 1415 3358 1475 εἰσι,
3407 1414 3554 1475 τίνος
3586 1414 3744 1484 χάριν

2171 1498 2476 1570 ἀνθρώπων
2505 1498 2764 1570 ὀνόμασιν
2791 1501 3143 1571 ὀνομάζονταί
3175 1520 3234 1555 τε
3259 1503 3356 1555 καὶ
3373 1503 3740 1574 σεμνύνοντας

2172 1587 2446 1658 Καύχημα
2483 1587 2657 1642 τοίνυν
2690 1590 2822 1660 ἡμῖν
2862 1590 2978 1643 ὲστι
3001 1591 3375 1662 καυχημάτων
3406 1594 3438 1662 ἠ
3481 1591 3741 1662 καθολικὴ

2186 1679 2500 1751 Ἐκκλησία,
2540 1681 2636 1734 καὶ
2687 1681 2749 1734 τὸ
2813 1681 3176 1752 κηρύττεσθαι
3236 1682 3330 1735 καὶ
3385 1683 3742 1753 ὀνομάζεσθαι

2173 1772 2509 1843 Χριστιανοὶ,
2561 1772 2638 1836 ὼς
2691 1771 2767 1843 μὴ
2814 1773 2968 1842 παρὰ
2997 1772 3282 1844 ἀνθρώπου
3332 1774 3737 1846 ὀνομασθέντες,

2173 1866 2286 1933 ἀλλ’
2330 1866 2435 1920 ὐπὸ
2473 1866 2566 1922 τοῦ
2600 1866 2736 1920 Θεοῦ
2770 1866 3147 1936 φωτισθέντες.

578 1980 800 2046 ρυεετ.
840 1979 1023 2039 XLVI.
1065 1980 1199 2048 Quis
1232 1989 1357 2035 ante
1387 1996 1574 2036 omnes
1607 1979 1772 2034 Deum
1817 1982 1871 2034 In
1913 1980 2071 2037 terris

2244 1975 2356 2047 (75)
2399 1975 2589 2048 Ἐρὼτ.
2613 1983 2727 2048 pg“.
2774 1976 2872 2041 Τίς
2919 1977 3025 2048 πρὸ
3055 1977 3268 2031 πάντων
3315 1977 3558 2049 ὠνόμασε
3605 1978 3738 2032 Θεὸν

511 2074 810 2128 nominavit
838 2072 1044 2128 Deum?

579 2164 741 2220 Rssr.
789 2165 1071 2220 Diabolum
1111 2181 1234 2220 esse
1274 2165 1620 2220 manifestum
1659 2173 1764 2227 est,
1795 2179 1920 2218 cum
1962 2162 2072 2218 sci-

505 2258 633 2310 licet
658 2257 725 2310 ad
758 2256 924 2310 Evam
957 2256 1094 2311 dixit
1125 2276 1138 2311 :
1177 2256 1348 2323 «Quid
1378 2257 1516 2310 dixit
1541 2256 1696 2312 vobis
1726 2255 1870 2310 Deus
1911 2262 1969 2309 ut
2005 2271 2073 2310 ex

503 2347 650 2402 omni
681 2348 1004 2419 ligno.quod
1035 2355 1118 2402 est
1151 2349 1207 2401 in
1236 2349 1510 2416 paradiso,
1535 2345 1934 2400 comedatis‘h
1963 2343 2074 2398 Nec

505 2456 632 2495 vero
661 2441 714 2496 id
745 2441 962 2495 mireris
992 2460 1004 2494 :
1045 2456 1282 2510 namque
1310 2455 1433 2494 cum
1464 2439 1713 2493 diabolus
1743 2437 1906 2492 fuerit
1945 2436 2071 2490 olim

503 2533 751 2602 angelus,
804 2541 936 2588 tunc
965 2547 1129 2602 supra
1166 2531 1443 2586 hominem
1475 2530 1754 2588 scientiam
1781 2529 1988 2583 habuit.

574 2623 792 2690 Qumsr.
842 2623 1049 2686 XLVII.
1079 2624 1310 2680 Ubinam
1343 2638 1469 2678 vero
1491 2623 1802 2692 paradisum
1829 2621 2071 2676 dicemus

504 2719 667 2771 esse?
688 2717 794 2772 Alii
828 2718 973 2771 enim
1005 2713 1381 2788 JerOSUlymis,
1412 2715 1504 2768 alii
1540 2714 1594 2768 in
1623 2714 1778 2770 cmlis
1801 2727 1924 2767 eum
1949 2726 2072 2767 esse

505 2809 678 2863 aiunt.

573 2899 739 2955 ﬁsse.
766 2899 936 2955 Nemo
968 2901 1161 2954 borum
1194 2914 1318 2954 vere
1356 2898 1539 2954 sentit.
1578 2895 1712 2951 Nam
1738 2896 1880 2967 quod
1916 2895 2072 2951 ,ἰριο-

504 2993 732 3064 solymis
775 2991 1064 3062 paradisus
1106 3006 1214 3045 non
1262 2991 1354 3056 sit,
1400 2997 1632 3044 testatur
1670 2989 1839 3042 Adam
1885 2989 1978 3058 qui
2015 2988 2071 3042 in

504 3085 670 3158 228
713 3083 964 3140 Calvario
1003 3084 1169 3154 jacet.
1207 3082 1433 3137 Certum
1482 3091 1659 3136 autem
1703 3088 1787 3138 est
1842 3097 1964 3138 eum
2016 3081 2071 3136 in

512 3175 770 3245 paradiso
813 3177 1083 3245 sepultum
1132 3190 1241 3229 non
1278 3173 1469 3240 fuisse,
1500 3174 1594 3230 sed
1625 3184 1777 3228 extra
1804 3189 1926 3228 eum
1956 3171 2071 3242 eje-

505 3278 652 3324 otum
680 3283 823 3323 esse.
849 3267 1000 3334 Quod
1039 3277 1216 3322 autem
1245 3268 1527 3337 paradisus
1571 3283 1678 3321 non
1709 3268 1777 3322 sit
1807 3268 1859 3320 in
1893 3267 2068 3332 caelis,
2096 3293 2139 3350 ο

506 3368 738 3416 testatur
768 3357 1048 3430 Scriptura
1077 3375 1197 3430 qua:
1225 3360 1318 3424 ait,
1343 3359 1438 3412 «Et
1467 3359 1729 3430 plantavit
1755 3356 1897 3412 Deus
1921 3372 2074 3428 para-

504 3454 685 3510 disum
715 3453 768 3507 in
801 3451 950 3509 Eden
996 3453 1061 3507 ad
1097 3453 1453 3507 orientem’.»
1497 3451 1764 3506 Docemur
1797 3451 1978 3520 itaque
2004 3449 2072 3504 ab

504 3543 717 3599 oriente
744 3545 1010 3599 universa:
1036 3550 1198 3598 terra:
1240 3559 1364 3598 esse
1393 3543 1723 3614 paradisum.
1755 3541 1894 3596 Hinc
1934 3539 2072 3596 scri-

505 3635 642 3689 bunt
670 3635 909 3691 accurati
943 3634 1189 3689 historici
1222 3634 1384 3703 hujus
1425 3633 1504 3688 rei
1543 3647 1709 3688 causa
1775 3631 2070 3702 fragrantia

504 3732 748 3778 aromata
779 3740 972 3780 versus
1001 3724 1293 3780 orientales
1323 3725 1436 3780 sive
1475 3722 1687 3778 Indicas
1727 3733 1906 3793 partes
1926 3722 2072 3777 exsi-

504 3815 670 3870 stere,
700 3813 887 3878 utpote
924 3823 1044 3878 qua:
1074 3806 1327 3876 paradiso
1381 3807 1491 3862 sint
1535 3807 1847 3863 viciniores.
1899 3808 2070 3876 Atque

508 3903 568 3951 ut
593 3898 784 3968 palmae
825 3912 1003 3952 mares
1047 3898 1258 3968 palmas
1297 3895 1528 3952 feminas
1553 3897 1852 3967 proximas,
1884 3905 2071 3951 vento-

505 4004 628 4042 rum
677 3989 1027 4058 aspiratione,
1074 3990 1475 4059 contingentes,
1516 4003 1610 4044 eas
1640 3987 1902 4043 fecundas
1944 3987 2068 4040 red-

505 4077 642 4131 dunt
677 4095 691 4131 :
732 4077 811 4132 sic
852 4077 1150 4148 fragrantia
1199 4093 1320 4146 quae
1363 4093 1431 4132 ex
1462 4077 1736 4148 paradiso,
1785 4085 2070 4131 ventorum

506 4168 714 4230 afflatu,
763 4169 895 4228 exit.
948 4169 1173 4224 arbores
1225 4169 1469 4222 locorum
1518 4169 1733 4226 illorum
1777 4169 2069 4224 viciniores

506 4259 812 4329 fragrantes
834 4259 892 4314 ef
893 4259 1017 4313 ficit.

575 4527 794 4593 (ξιτεδ-ι’.
853 4528 1082 4584 XLVIII.
1133 4529 1441 4586 Dicimusne
1481 4531 1789 4602 paradisum
1843 4545 2070 4600 corrup-

507 4619 639 4672 tioni
670 4620 962 4674 obnoxium
995 4637 1138 4687 esse,
1171 4636 1240 4675 an
1273 4622 1692 4692 incorruptum?

571 4705 732 4764 Rssv.
771 4709 958 4779 Neque
984 4711 1317 4780 corruptioni
1345 4712 1636 4766 obnoxium
1674 4711 1927 4772 dicimus,
1959 4725 2069 4780 quo

503 4801 664 4856 modo
689 4810 888 4858 nostra;
919 4803 1142 4860 arbores
1171 4811 1225 4858 et
1253 4803 1466 4857 fructus
1491 4803 1776 4873 putredine
1795 4811 1850 4858 et
1872 4801 2068 4857 vermi-

504 4891 606 4946 bus
646 4901 1092 4964 cor-rumpuntur.
1143 4893 1253 4950 Nec
1299 4896 1427 4952 item
1477 4913 1669 4954 rursus
1717 4898 2067 4966 incorruptus

504 4981 662 5048 plane
687 4993 789 5042 est.
819 4981 988 5037 futuri
1034 4983 1221 5038 szeculi
1251 4999 1358 5038 non
1401 4985 1632 5054 amplius
1674 4983 2064 5040 veterascentis

503 5070 930 5140 incorruptione.
968 5071 1167 5128 Verum
1201 5073 1248 5128 si
1290 5089 1414 5128 cum
1458 5075 1662 5129 nostris
1698 5074 1967 5132 fructibus
2009 5081 2063 5128 et

506 5157 680 5214 hortis
707 5171 1081 5232 comparatur.
1105 5165 1251 5218 omni
1282 5165 1632 5234 corruptione
1662 5168 1913 5236 superior
1936 5179 2018 5223 est
2042 5185 2061 5223 :

504 5257 559 5302 at
588 5251 634 5304 si
683 5267 808 5306 cum
848 5255 1019 5324 gloria
1073 5257 1378 5312 futurorum
1417 5259 1678 5311 bonorum
1729 5259 2060 5326 conferatur,

584 5430 600 5458 ¹
634 5430 769 5486 Cen.
805 5449 905 5499 ιιι,
938 5436 991 5489 1.
1067 5439 1088 5467 ³
1126 5434 1261 5492 Gen.
1299 5452 1374 5503 ιι,
1409 5438 1462 5491 8.

724 5609 796 5685 I_t_a
830 5613 1048 5680 quidam
1084 5629 1215 5669 mss.
1249 5615 1392 5668 Editi
1424 5631 1589 5678 vero,
1623 5616 2065 5685 Χριστιανισμός.

575 5675 686 5747 (75)
728 5675 861 5734 Ifaac
879 5685 1108 5750 quaestio
1140 5685 1365 5738 inferius
1386 5675 1615 5738 habetur
1642 5675 1784 5738 inter
1812 5675 2070 5750 quaestio-

506 5765 602 5802 nes
639 5750 990 5824 posteriores.
1022 5751 1154 5824 Ibid.
1189 5769 1319 5824 'nss.
1359 5755 1602 5824 quidam,
1643 5753 1775 5807 Θεὸν
1800 5753 1889 5807 τὸν
1913 5754 2066 5818 Θεόν,

506 5817 670 5876 recte.
713 5817 766 5872 In
797 5821 980 5886 editis,
1006 5822 1096 5876 τὸν
1129 5817 1494 5880 926v.'seinel.

594 5889 697 5959 :76)
740 5888 863 5946 Ilaec
893 5893 1023 5949 aﬂ'et'
1047 5901 1188 5945 tntur
1213 5893 1280 5945 ab
1319 5897 1601 5962 Anonymu
1632 5893 1942 5948 Ravennate
1976 5910 2068 5964 per

2171 2067 2263 2120 τὸν
2290 2065 2422 2119 Θεὸν
2459 2067 2552 2124 ἐπὶ
2573 2067 2676 2138 γῆς
2699 2085 2714 2134 ;

2253 2157 2441 2211 ’Δπόκ.
2474 2157 2765 2230 Πρόδηλον,
2807 2160 2888 2213 ὅτι
2941 2161 2970 2212 6
3010 2159 3272 2222 διάϐολος,
3317 2161 3407 2214 ὅτε
3460 2161 3595 2232 πρὸς
3641 2161 3739 2232 τὴν

2171 2244 2313 2299 Εὕαν
2341 2245 2491 2315 ἔλεγε
2519 2264 2533 2278 ·
2569 2266 2589 2300 ι
2629 2248 2694 2302 Τί
2723 2249 2805 2302 ὅτι
2865 2244 3016 2303 εἶπεν
3054 2251 3179 2321 ὑμῖν
3209 2251 3404 2316 ὁΘεὸς,
3438 2251 3545 2304 άπὸ
3601 2269 3739 2305 παν-

2170 2337 2262 2401 τὸς
2294 2336 2452 2404 ξύλου
2507 2338 2602 2392 τοῦ
2639 2342 2696 2394 ὲν
2728 2339 2807 2410 τῷ
2865 2341 3178 2414 παραδείσῳ
3209 2346 3433 2413 φαγεῖν,
3461 2362 3480 2394 ι
3511 2343 3603 2396 καὶ
3628 2361 3637 2380 ν
3667 2343 3739 2414 μὴ

2172 2428 2459 2500 θαυμάσῃς
2482 2430 2668 2484 τοῦτο’
2693 2431 2922 2500 ἄγγελος
2954 2433 3062 2506 γὰρ
3113 2433 3187 2487 ὢν
3239 2452 3367 2488 ποτε
3401 2437 3428 2489 6
3475 2436 3737 2499 διάϐολος,

2171 2517 2284 2592 εἶχε
2310 2523 2510 2590 γνῶσιν
2544 2525 2682 2594 ὑπὲρ
2710 2525 2803 2576 τὸν
2830 2525 3111 2597 ἄνθρωπον
3145 2525 3264 2578 τότε

2253 2612 2444 2684 Ἐρώτ.
2478 2613 2584 2684 μζ’.
2614 2613 2724 2667 Ποῦ
2750 2613 2976 2685 θέλομεν
2999 2615 3198 2683 λέγειν,
3229 2616 3310 2668 ὅτι
3332 2614 3480 2668 ἔστιν
3501 2617 3530 2667 6
3568 2616 3740 2685 παρά-

2169 2704 2374 2769 δεισος;
2405 2704 2467 2756 Οί
2497 2705 2592 2774 μὲν
2625 2704 2732 2775 γάρ
2764 2719 2928 2773 φασιν
2947 2744 2962 2770 ,
2991 2705 3070 2758 δτι
3100 2705 3156 2757 ὲν
3195 2703 3579 2775 Ἰερουσαλὴμ,
3605 2705 3654 2756 οί
3683 2703 3738 2755 δὲ

2171 2798 2228 2850 ἐν
2250 2798 2518 2867 οὐρανοῖς.

2253 2887 2440 2942 Ἀπόκ.
2477 2887 2594 2958 (74)
2643 2888 2779 2942 Οὐδὲ
2827 2881 2908 2951 εἷς
2939 2886 3046 2940 τῶν
3083 2886 3176 2940 δύο
3208 2885 3435 2957 ἀληθής.
3487 2885 3597 2938 Καὶ
3652 2886 3734 2938 ὅτι

2174 2981 2271 3053 μὲν
2295 2980 2396 3034 οὐκ
2433 2981 2489 3032 ὲν
2536 2978 2889 3050 Ἰερουσαλήμ
2922 2981 3068 3033 ἐστιν
3095 2981 3123 3032 6
3153 2979 3478 3050 παράδεισος
3529 2995 3733 3049 μαρτυ-

2173 3077 2255 3142 ρεῖ
2285 3073 2314 3125 6
2347 3071 2516 3141 Ἀδάμ
2541 3073 2570 3124 6
2603 3074 2660 3123 ὲν
2687 3069 2766 3140 τῷ
2797 3068 3018 3142 Κρανίῳ
3052 3070 3322 3137 κείμενος.
3379 3068 3614 3139 Εὔδηλον
3657 3069 3733 3130 δὲ,

2171 3165 2251 3219 δτι
2283 3165 2382 3217 οὐκ
2408 3165 2464 3218 ὲν
2487 3163 2565 3233 τῷ
2597 3163 2908 3235 παραδείσῳ
2941 3162 3263 3233 ὲτάφη,άλλ’
3302 3162 3582 3232 ὲξεόλήθη.
3617 3163 3734 3214 Ὀτι

2172 3256 2229 3309 δὲ
2251 3257 2350 3308 οὐκ
2389 3254 2490 3326 (ὲν)
2544 3255 2788 3325 οὐρανοῖς
2819 3256 2964 3306 ἐστιν
2997 3255 3025 3306 6
3049 3253 3373 3324 παράδεισος
3418 3256 3735 3324 μαρτυρεῖη

2171 3349 2211 3401 Γ
2216 3346 2362 3419 ραφὴ
2389 3345 2620 3414 λέγουσα
2638 3363 2652 3376 ·
2685 3365 2702 3398 ι
2736 3347 2846 3400 Καὶ
2879 3345 3172 3415 ἐφύτευσεν
3197 3347 3226 3398 6
3255 3344 3386 3405 Θεὸς
3415 3345 3735 3415 παράδεισον

2178 3443 2236 3494 ὲν
2280 3440 2392 3494 Ἐδὲ
2401 3457 2439 3510 μ
2461 3439 2604 3492 κατὰ
2627 3438 2902 3502 ἀνατολάς.
2917 3458 2935 3491 ι
2956 3438 3202 3491 Διδάσκει
3224 3433 3314 3492 οὖν
3338 3439 3502 3508 ἡμᾶς,
3547 3438 3627 3491 ὅτι
3679 3437 3737 3502 ἐξ

2169 3531 2440 3587 άνατολῶν
2473 3531 2653 3599 πάσης
2676 3530 2774 3600 τῆς
2819 3531 2921 3601 γῆς
2954 3533 3100 3583 ἐστιν
3127 3532 3155 3583 6
3201 3530 3544 3601 παράδεισος.
3575 3529 3736 3582 Ὅθεν

2170 3626 2333 3695 φασὶν
2357 3624 2614 3696 ἱστορικοί
2643 3640 2786 3688 τινες
2817 3623 3062 3695 ἀκριϐεῖς
3095 3623 3282 3685 παῖδες
3309 3621 3420 3692 (75)
3448 3661 3462 3686 ,
3491 3623 3576 3675 ὅτι
3619 3621 3737 3675 τού-

2167 3733 2258 3770 του
2279 3715 2438 3786 χάριν
2466 3715 2642 3768 πάντα
2665 3714 2734 3768 τὰ
2766 3712 2937 3784 εὐώδη
2977 3714 3085 3766 τῶν
3137 3714 3443 3786 ἀρωμάτων
3491 3716 3620 3787 περὶ
3668 3715 3736 3768 τά

2169 3805 2814 3877 άνατολικιίγτερα,ἧγουν
2840 3805 2910 3859 τὰ
2957 3806 3151 3859 Ἰνδικὰ
3211 3807 3370 3877 μέρη,
3406 3807 3735 3878 ὑπάρχουσιν

2168 3898 2244 3961 ὡς
2294 3897 2645 3969 πλησιόχωρα
2699 3897 3032 3968 τυγχάνοντα
3073 3897 3168 3950 τοῦ
3220 3898 3570 3969 παραδείσου.
3627 3899 3734 3952 Καὶ

2169 3989 2356 4060 ὥσπερ
2383 3989 2624 4057 φοίνικες
2651 3989 2878 4060 ἄρσενες
2905 3989 3031 4053 τοὺς
3055 3988 3450 4060 πλησιάζοντας
3486 3991 3730 4058 φοίνικας

2169 4080 2433 4152 θηλυκοὺς
2465 4083 2529 4150 τῇ
2561 4083 2696 4150 πνοῇ
2723 4080 2830 4134 τῶν
2860 4079 3075 4151 ἀνέμων
3131 4080 3577 4152 συμΰιὸάξοντες,
3599 4098 3731 4153 καρ-

2169 4172 2440 4244 ποφόρους
2465 4171 2575 4242 (76)
2610 4171 2855 4226 ποιοῦσιν
2878 4190 2892 4202 ·
2928 4171 3070 4226 οὕτω
3101 4173 3163 4244 δὴ
3198 4175 3292 4228 καὶ
3321 4175 3384 4226 ὲκ
3415 4173 3508 4226 τοῦ
3557 4191 3734 4243 παρα-

2167 4261 2342 4314 δείσου
2369 4263 2436 4332 τῇ
2467 4261 2574 4315 τῶν
2613 4261 2828 4332 ἀνέμων
2860 4266 2996 4334 πνοῇ
3030 4263 3225 4316 εὐωδία
3285 4263 3614 4334 ὲξερχομένη
3668 4263 3733 4316 τά

2169 4351 2517 4425 πλησιώτερα
2548 4351 2656 4407 τῶν
2683 4355 2861 4407 ἐκεῖσε
2906 4354 3085 4408 τόπων
3116 4353 3305 4425 δένδρα
3367 4353 3732 4425 ἀρωματίζειν

2169 4445 2331 4495 ποιεῖ.

2251 4533 2440 4603 Ἐρώτ.
2470 4541 2582 4606 μην.
2616 4534 2854 4607 Φθαρτὸν
2889 4534 2988 4606 μέν
3033 4551 3211 4608 φαμεν
3242 4534 3336 4589 τὸν
3387 4535 3728 4608 παράδεισον,

2099 4629 2142 4683 D
2170 4623 2204 4693 ἢ
2232 4622 2504 4695 ἄφθαρτον
2522 4640 2537 4688 ;

2251 4715 2441 4768 ’Δπόκ,
2469 4713 2604 4768 Οὐτε
2636 4713 2874 4784 φθαρτὸν
2898 4715 3059 4769 αὐτὸν
3091 4715 3321 4785 λέγομεν
3346 4714 3488 4768 κατὰ
3510 4714 3608 4785 τὴν
3626 4713 3732 4766 τῶν

2168 4805 2469 4876 παρ’ήμῶν
2489 4805 2672 4875 φυτῶν
2696 4822 2758 4858 τε
2789 4807 2884 4859 καὶ
2920 4805 3148 4879 καρπῶν
3181 4806 3346 4876 σῆψιν
3404 4806 3495 4859 καὶ
3530 4804 3726 4874 σκωλή-

2168 4913 2278 4950 κων
2308 4897 2596 4969 ποιότητα’
2655 4895 2778 4950 οὐτε
2841 4899 2947 4970 μὴν
3011 4898 3185 4969 πάντη
3233 4897 3396 4952 πάλιν
3459 4897 3730 4968 ἄφθαρτον

2169 4987 2309 5042 κατά
2339 4987 2438 5060 τὴν
2460 4988 2552 5042 τοῦ
2594 4989 2873 5061 μέλλοντος
2902 4991 3095 5054 αἰῶνος
3147 4989 3454 5063 ἀφθαρσίαν
3477 5029 3492 5050 .
3537 4990 3628 5042 καὶ
3671 4988 3728 5041 οὐ

2168 5080 2458 5152 γινομένην
2502 5081 2822 5136 παλαίωσιν.
2871 5082 3032 5136 Ἀλλά
3087 5083 3225 5154 πρὸς
3265 5083 3362 5156 μὲν
3419 5082 3545 5144 τοὺς
3600 5078 3728 5150 παρ’

2167 5174 2297 5243 ἡμῖν
2341 5173 2586 5244 καρπούς
2623 5191 2686 5229 τε
2732 5175 2826 5228 καὶ
2885 5173 3241 5246 παραδείσους
3273 5157 3483 5244 ’πάσης
3528 5171 3726 5243 φθορᾶς

2167 5265 2314 5317 ἐστιν
2346 5263 2704 5336 ὐψηλάτεροςο
2735 5266 2870 5338 πρὸς
2901 5267 2955 5320 δὲ
2987 5266 3084 5337 τὴν
3111 5265 3266 5331 δόξαν
3291 5264 3398 5321 τῶν
3434 5264 3726 5336 μελλόντων

2174 5616 2237 5672 D.
2265 5616 2538 5674 Placidum
2578 5617 2888 5674 Porcheron
2923 5617 3092 5674 edito.
3121 5633 3175 5686 p.
3210 5617 3298 5673 M.

2242 5689 2351 5758 (75)
2391 5687 2466 5759 Ita
2503 5689 2722 5759 quidam
2752 5703 2885 5742 mss.
2924 5687 3066 5741 Editi
3094 5685 3240 5752 vero,
3270 5685 3551 5757 ἱστορικῶν
3572 5685 3718 5754 ἀκρι-

2175 5757 2283 5811 ϐῶν
2314 5757 2463 5811 παῖδε
2471 5776 2513 5822 ς.

2252 5829 2360 5899 (76)
2403 5827 2533 5900 Reg.
2566 5829 2619 5893 2,
2647 5825 3103 5898 καρποφοροῦσιν.
