4088 6382
409 340 508 399 629

1381 343 1840 412 QUESTIONES
1872 346 1963 400 AD
1999 346 2399 405 ANTIOCIIUM
2431 348 2684 405 DUCEM.

3512 345 3615 404 630

407 459 636 528 ἀγαθῶν,
664 453 740 514 ὧν
763 461 1034 531 ὀφθαλμὸς
1064 463 1162 515 οὐκ
1189 457 1315 527 εἶδε,
1343 465 1437 516 καὶ
1478 458 1571 527 οὖς
1599 466 1698 518 οὑκ
1734 467 1952 537 ἢκουσε,

2059 469 2375 536 quaeoculus
2388 483 2493 522 non
2519 467 2671 533 vidit,
2687 481 2785 522 nec
2804 467 2950 521 auris
2980 465 3202 528 audivit,
3227 465 3393 520 necin
3415 461 3617 516 corho-

407 551 540 605 πάνυ
563 551 758 622 ἐλαχύς
782 553 898 604 ἐστι
923 552 1016 604 κα)⁹
1046 551 1375 608 πιστεύεται,

481 640 669 713 Ἐρώτε
698 641 806 712 μθ’.
835 642 944 713 (77)
968 643 1136 695 Πόσον
1155 643 1342 715 χρόνον
1363 643 1420 696 ἐν
1440 643 1749 716 παραδείσῳ
1774 642 1958 714 ἐποίη-

407 748 490 784 σεν
521 732 548 782 6
582 731 781 801 Ἀδάμ;

481 821 664 874 Ἀπόκ.
704 822 1190 894 Ἀμφιϐαλλόμενον
1219 824 1331 888 τοῖς
1363 823 1631 895 πατράσιν
1672 823 1958 896 ἠρώτησας

403 911 706 984 πρόϐλημα.
750 914 815 966 Οἱ
867 914 964 984 μὲν
995 914 1103 985 γάρ
1151 931 1310 984 φασιν
1363 914 1706 986 ἑξαμηνιαῖον
1748 914 1954 986 χρόνον,

401 1005 448 1056 οἱ
471 1004 526 1056 δὲ
557 1004 779 1058 πλείονα
799 1021 813 1035 ·
850 1005 999 1060 ἄλλοι
1041 1005 1098 1058 δέ
1125 1005 1390 1069 τοσαύτας
1420 1006 1566 1076 ὧρας
1631 1007 1722 1059 καὶ
1777 1007 1954 1076 μόνον,

402 1096 525 1158 ὅσας
552 1097 580 1147 6
616 1097 818 1168 Κύριος
839 1100 897 1150 ἐν
954 1097 1030 1168 τῷ
1062 1097 1206 1168 ξύλῳ
1233 1096 1328 1150 τού
1376 1097 1604 1170 σταυροῦ
1639 1098 1954 1169 πεποίηκεν,

401 1189 529 1260 ὅπερ
557 1185 707 1259 οἶμαι
741 1191 1098 1264 ἀληθέστερον
1136 1187 1304 1246 εἶναι’
1339 1192 1513 1263 ἕτεροι
1560 1191 1616 1244 δὲ
1659 1191 1812 1245 ἐννέα
1862 1193 1958 1245 καὶ

405 1280 554 1350 μόνον
577 1281 725 1352 ὥρας
760 1283 884 1354 ποιῆ
893 1301 1001 1336 σαι.

478 1372 666 1443 Ἑρώτ.
697 1380 758 1426 ν’.
793 1373 900 1444 (78)
933 1375 996 1427 Τί
1030 1375 1085 1427 δὲ
1113 1368 1182 1445 ἦν
1212 1375 1320 1446 ἄρα
1351 1376 1411 1428 16
1441 1374 1615 1440 ξύλον,
1663 1374 1720 1441 ἐξ
1749 1369 1810 1429 οὗ
1865 1375 1956 1429 τὸν

401 1462 603 1532 καρπὸν
632 1463 831 1532 ἔφαγεν
856 1467 883 1516 6
927 1465 1129 1535 Ἀδάμ;

477 1554 662 1608 Ἀπόκ.
704 1557 838 1609 Οὑδέ
892 1558 949 1608 ἐν
999 1557 1170 1628 τούτῳ
1233 1557 1538 1629 συμφώνως
1591 1560 1873 1631 εἰρήκασιν
1909 1561 1956 1612 ol

402 1646 662 1716 Πατέρεςο
735 1647 829 1699 καὶ
875 1647 1113 1712 δικαίως.
1147 1650 1320 1719 Ὅπερ
1368 1647 1476 1720 γὰρ
1521 1653 1552 1720 ἡ
1596 1651 1712 1704 Θεία
1767 1652 1808 1703 Γ
1812 1650 1956 1722 ραφὴ

402 1739 654 1802 ἑκουσίως
675 1740 1008 1810 ἀπέκρυψεν,
1042 1740 1212 1805 οὐδεὶς
1246 1743 1385 1796 κατὰ
1441 1743 1725 1812 ἀκρίϐειαν
1786 1744 1956 1796 εἰπεῖν

2057 561 2218 617 minis
2249 562 2626 626 ascenderunt,
2659 560 2812 615 valde
2849 559 3070 614 inferior
3099 564 3152 612 et
3171 566 3254 611 est
3280 563 3333 610 et
3355 554 3612 609 creditur.

2126 656 2347 723 (ξοβετ.
2409 656 2595 711 XLIX.
2646 656 2917 723 Quantum
2971 655 3229 725 temporis
3266 652 3322 706 in
3364 648 3616 721 paradiso

2056 751 2255 806 mansit
2284 750 2488 804 Adam?

2125 839 2287 894 Rssr.
2331 839 2460 894 Rem
2490 839 2556 894 de
2583 853 2688 908 qua
2731 852 2840 892 non
2873 837 3219 893 consentiunt
3242 839 3244 841 ’
3267 834 3458 900 Patres
3486 845 3618 902 pro-

2055 933 2232 1001 ponis.
2268 931 2372 986 Alii
2397 931 2542 987 enim
2577 946 2670 986 sex
2699 944 2938 993 menses,
2981 929 3071 983 alii
3099 927 3305 982 diutius
3349 924 3616 978 mansisse

2055 1024 2386 1089 existimant,
2423 1023 2512 1076 alii
2536 1031 2614 1076 tot
2643 1023 2804 1078 horas
2831 1022 2954 1094 (nec
2990 1020 3245 1090 amplius)
3274 1024 3402 1088 quot
3433 1014 3615 1069 Domi-

2055 1133 2159 1172 nus
2205 1117 2260 1171 in
2306 1117 2453 1187 ligno
2495 1115 2676 1170 crucis
2714 1115 2932 1176 mansit,
2977 1111 3120 1182 quod
3160 1110 3394 1164 arbitror
3434 1107 3614 1162 verius

2057 1223 2200 1264 esse.
2228 1208 2296 1262 At
2329 1208 2420 1262 alii
2448 1222 2576 1262 vero
2609 1221 2798 1262 novem
2826 1212 3035 1258 tantum
3068 1203 3250 1258 horas.

2125 1358 2344 1426 Qumr.
2416 1359 2478 1415 L.
2537 1357 2704 1424 Quale
2761 1356 2966 1426 lignum
3029 1355 3153 1421 fuit,
3209 1355 3365 1425 cujus
3408 1352 3617 1408 fructus

2056 1451 2297 1507 Adamus
2329 1451 2599 1506 comedit?

2125 1540 2285 1597 Rsse.
2317 1541 2427 1596 Nec
2456 1541 2556 1595 hac
2600 1542 2653 1595 in
2681 1543 2747 1596 're
2785 1539 3130 1596 consentiunt
3171 1536 3378 1600 Patres,
3423 1542 3477 1590 et
3505 1548 3619 1588 me-

2054 1633 2179 1689 rito.
2211 1631 2366 1698 Quod
2393 1634 2534 1686 enim
2565 1631 2744 1686 divina
2777 1631 3058 1702 Scriptura
3092 1637 3281 1699 sponte
3308 1624 3617 1687 occultavit,

2055 1739 2213 1780 nemo
2243 1725 2509 1794 exquisite
2535 1725 2707 1795 potuit
2740 1725 2936 1779 dicere.
2974 1721 3122 1777 Unde
3139 1721 3228 1775 alii
3261 1721 3419 1773 ticum
3453 1716 3621 1770 fuisse

403 1831 631 1900 ίσχυσεν.
663 1807 1021 1903 Ὅθενήοίῖμέν
1057 1835 1218 1889 σῦκον
1246 1829 1382 1889 εἶναι
1415 1807 1545 1904 φασι
1588 1837 1680 1890 τὸν
1726 1835 1952 1906 καρπὸν,

2059 1817 2207 1871 illum
2243 1817 2476 1870 fructum
2518 1823 2706 1886 putant
2738 1817 2864 1870 :alii
2889 1814 3123 1870 fructum
3137 1811 3431 1884 spiritalem
3462 1807 3617 1877 (78‘),

401 1923 542 1976 ἄλλοι
565 1923 622 1976 δὲ
654 1923 753 1993 τὴν
777 1925 873 1994 τῆς
907 1925 1050 1990 Εὔας
1079 1927 1334 1998 θεωρίαν.
1362 1930 1516 1980 Δοκεῖ
1543 1927 1598 1980 δέ
1637 1945 1745 1980 τισι
1787 1927 1958 1997 μηδα-

405 2011 515 2080 μῶς
546 2011 879 2082 βεϐρωκέναι
908 2015 1000 2068 τὸν
1037 2016 1206 2086 Ἀδὰμ
1237 2018 1294 2069 ἐν
1321 2016 1398 2086 τῷ
1434 2017 1764 2087 παραδείσῳ,
1803 2018 1959 2080 Ἴσως

399 2103 452 2154 δέ
482 2106 509 2156 6
532 2104 746 2174 πρῶτος
773 2105 1127 2176 ἀληθέστερος
1155 2107 1410 2177 ὑπάρχει,
1451 2109 1479 2160 6
1506 2108 1598 2161 106
1636 2108 1821 2172 σύκου,
1848 2106 1958 2177 (79)

400 2195 481 2245 διὰ
509 2195 567 2246 16
598 2199 711 2258 τοῖς
734 2196 950 2265 φύλλοις
975 2196 1135 2250 αὑτοῦ
1161 2201 1241 2261 εἰς
1275 2199 1480 2269 σκέπην
1505 2199 1807 2270 χρήσασθαι
1835 2200 1959 2262 τοὺς

403 2284 765 2357 προπάτορας,
793 2288 885 2340 καὶ
908 2287 994 2341 διὰ
1020 2288 1080 2340 16
1099 2288 1196 2359 τὴν
1226 2290 1394 2358 συκῆν
1424 2289 1642 2362 ὕστερον
1673 2291 1776 2344 ὑπὸ
1823 2292 1958 2362 Χρι-

404 2374 523 2426 στοῦ
579 2376 993 2446 καταραθεῖσαν.
1041 2380 1131 2447 (Ὀ
1175 2379 1231 2432 δέ
1279 2381 1336 2432 ἐν
1385 2381 1557 2448 ἁγίοις
1614 2382 1876 2450 Ἰσίδωρος
1930 2383 1959 2433 6

402 2464 777 2536 Πηλουσιώτης
799 2469 854 2520 ἐν
881 2470 947 2538 τῇ
972 2471 1304 2538 πεντηκοστῇ
1329 2467 1488 2521 αὑτοῦ
1518 2467 1704 2539 πρώτῃ
1741 2471 1957 2521 ἐπιστο-

401 2555 461 2626 λῇ
493 2575 674 2626 φησιν,
707 2559 787 2610 ὅτι
811 2557 970 2611 σῦκον
992 2554 1079 2628 ἦν,
1115 2559 1173 2624 ἐξ
1197 2551 1256 2610 οὗ
1290 2561 1336 2612 οἱ
1367 2560 1706 2631 προπάτορες
1758 2559 1958 2629 ἔφαγον

401 2648 634 2716 καρπόν·
686 2648 781 2700 καὶ
824 2649 904 2700 ὅτι
941 2649 1046 2702 ἀπὸ
1101 2651 1341 2722 ἀρχαίων
1389 2651 1660 2723 γερόντων
1713 2650 1954 2722 ἐγνώσθη

400 2736 540 2807 αύτῷ
561 2737 763 2807 τοῦτο.)

479 2827 668 2898 Ἑρώτ.
715 2837 814 2884 να’.
869 2831 978 2884 Καὶ
1029 2835 1076 2884 εἰ
1117 2834 1190 2905 μὴ
1245 2835 1452 2910 παρέϐη
1505 2838 1533 2890 6
1582 2836 1780 2906 Ἀδὰμ,
1840 2834 1958 2899 πῶς

403 2918 615 2989 ἔμελλεν
646 2919 893 2988 γενέσθαι
919 2923 946 2975 6
995 2921 1106 2992 βίος
1147 2922 1254 2977 τῶν
1277 2923 1573 2999 ἀνθρώπων
1609 2925 1698 2979 καὶ
1727 2925 1788 2978 16
1821 2924 1957 2994 πλῆ-

400 3008 488 3073 θος
505 3026 520 3076 ;
907 3059 910 3061 .

491 3103 663 3156 Απόκ.
705 3103 961 3157 Ἢδύνατο
987 3106 1015 3158 6
1043 3104 1186 3176 λόγῳ
1216 3107 1620 3194 συστησάμενος
1656 3108 1718 3162 16
1755 3108 1956 3180 πλῆθος

2059 1906 2149 1960 alii
2181 1906 2304 1961 Eva:
2332 1907 2866 1976 contemplationem.
2899 1905 3186 1960 Nonnullis
3215 1905 3378 1958 etiam
3407 1899 3621 1953 videtur

2059 1997 2194 2053 nihil
2225 1998 2280 2052 in
2316 1998 2572 2068 paradiso
2594 1998 2896 2053 comedisse
2927 1996 3192 2051 Adamus.
3245 1993 3407 2047 Forte
3439 1998 3621 2044 tamen

2057 2091 2238 2146 verior
2262 2098 2345 2145 est
2376 2092 2551 2161 prima
2581 2091 2848 2146 sententia
2877 2104 2996 2158 quae
3026 2088 3184 2142 [lcum
3218 2087 3386 2146 fuisse
3431 2082 3622 2137 delen-

2058 2181 2158 2247 dit,
2198 2180 2324 2250 quia
2353 2179 2564 2234 scilicet
2589 2179 2752 2249 hujus
2783 2177 2928 2233 foliis
2963 2176 3046 2231 usi
3078 2183 3202 2232 sunt
3233 2175 3392 2244 primi
3427 2187 3620 2242 paren-

2059 2280 2141 2328 tes
2172 2273 2238 2326 ad
2269 2287 2327 2328 se
2357 2270 2665 2342 tegendum,
2701 2280 2753 2324 et
2783 2268 2925 2339 quod
2954 2275 3140 2338 postea
3179 2265 3312 2319 ﬁcus
3341 2279 3371 2316 a
3403 2261 3622 2316 Christo

2058 2363 2341 2419 maledicta
2374 2362 2551 2418 fuerit.
2585 2361 2840 2434 (Sanctus
2871 2368 3047 2414 autem
3081 2357 3321 2413 Isidorus
3349 2352 3621 2408 Pelusiota

2058 2458 2115 2512 in
2144 2455 2594 2526 quinquagesima
2624 2454 2798 2524 prima
2847 2451 3017 2522 ipsius
3054 2448 3304 2520 cpistola,
3335 2447 3409 2499 ait
3459 2444 3620 2496 ﬁcum

2059 2550 2244 2613 fuisse,
2273 2549 2430 2618 cujus
2475 2547 2708 2602 fructum
2740 2545 2897 2616 primi
2943 2549 3192 2613 parentes
3247 2538 3618 2597 comederunt,

2059 2641 2313 2714 quodque
2341 2639 2394 2694 id
2425 2639 2492 2694 ab
2521 2637 2757 2708 antiquis
2787 2635 3005 2693 senibus
3031 2631 3340 2700 audiverit.)

2129 2848 2348 2915 Quzsr.
2369 2846 2450 2901 LI.
2481 2845 2651 2901 Porro
2679 2843 2724 2898 si
2745 2841 2911 2896 Adam
2929 2853 3035 2893 non
3052 2832 3431 2906 prmvaricatus
3453 2831 3622 2889 esset,

2059 2944 2245 3013 quales
2284 2939 2512 2996 debebat
2553 2952 2675 2994 esse
2723 2936 3002 2992 hominum
3051 2931 3159 2985 vita
3193 2935 3247 2983 et
3288 2919 3626 2978 multitudo?

2127 3117 2287 3174 Resr.
2339 3115 2564 3172 Poterat
2637 3114 2804 3178 Deus,
2852 3109 2945 3182 qui
3007 3107 3173 3162 verbo
3222 3100 3622 3157 multitudinem

399 3193 502 3246 τῶν
529 3194 792 3261 ἀγγέλων,
832 3195 994 3266 τιμίῳ
1020 3198 1124 3250 τινὶ
1157 3199 1250 3250 καὶ
1281 3176 1517 3270 ’καθαρῷ
1547 3201 1733 3272 τρόπῳ
1760 3176 1956 3272 συστή-

2065 3211 2379 3280 angelorum
2431 3217 2732 3269 creaverat,
2784 3200 3094 3259 venerando
3126 3197 3358 3270 quodam
3403 3202 3456 3248 et
3485 3209 3624 3264 puro

401 3283 592 3336 σασθαι
630 3283 833 3353 πλῆθος
865 3286 1054 3354 γένους
1109 3287 1430 3360 ἀνθρώπων.
1481 3291 1636 3354 Τινὲς
1683 3292 1738 3344 δέ
1773 3309 1953 3360 φασιν,

399 3376 498 3438 ὅτι,
527 3376 620 3430 106
654 3376 784 3430 Θεοῦ
812 3378 975 3449 ἄρσεν
1001 3380 1093 3432 καὶ
1149 3379 1279 3450 θῆλυ
1323 3382 1667 3451 ποιήσαντος,
1718 3382 1955 3454 εὔδηλον,

399 3465 474 3518 ὅτι
495 3467 578 3520 διὰ
607 3468 1000 3539 σπερμογονίας
1028 3469 1289 3542 ἐϐουλήθη
1321 3474 1350 3524 6
1383 3471 1513 3533 Θεὸς
1547 3471 1608 3524 16
1657 3471 1809 3540 γένος
1849 3473 1958 3525 τῶν

399 3556 690 3626 ἀνθρώπων
723 3558 1110 3627 συστήσασθαι.
1136 3559 1323 3629 Ὅμως
1353 3559 1408 3611 δὲ
1436 3559 1536 3612 οὐκ
1588 3559 1846 3629 ἠϐούλετο
1872 3560 1958 3614 διὰ

400 3647 694 3718 παρακοῆς,
721 3645 853 3700 ἀλλὰ
886 3647 1019 3717 μετὰ
1046 3649 1210 3718 τιμῆς
1245 3647 1493 3716 γενέσθαι
1518 3648 1696 3703 10610.

481 3737 669 3808 Ἐρώτ.
701 3738 799 3800 νβ’.
829 3738 926 3790 Διὰ
952 3739 1005 3791 τί
1030 3739 1084 3792 δὲ
1112 3743 1178 3810 τῇ
1209 3740 1413 3813 ἐϐδόμῃ
1438 3740 1622 3812 ἡμέρᾳ
1645 3743 1673 3795 6
1703 3740 1834 3804 Θεὸς
1859 3740 1957 3812 τὴν

401 3829 569 3882 κτίσιν
603 3829 847 3882 ἐτέλεσεν
866 3846 881 3895 ;

479 3919 664 3971 Ἀπόκ.
730 3918 818 3971 Ἐν
859 3917 936 3988 τῷ
983 3917 1200 3990 ἀριθμῷ
1247 3918 1358 3990 τὴν·
1393 3918 1589 3972 δεκάδα
1633 3919 1955 3990 εὑρίσκομεν

406 4010 666 4080 πλήρωμα
695 4007 894 4070 παντὸς
917 4009 1168 4079 ἀριθμοῦ.
1214 4008 1338 4062 Ἐὰν
1379 4009 1485 4080 γὰρ
1512 4009 1588 4072 είς
1627 4009 1724 4079 τὴν
1760 4008 1955 4063 δεκάδα

405 4103 725 4174 καταλάϐῃς,
752 4101 910 4154 πάλιν
947 4101 1146 4164 εὐθέως
1175 4104 1252 4165 είς
1290 4102 1389 4173 τὴν
1444 4101 1642 4171 μονάδα
1700 4101 1957 4172 ὑποστρέ-

405 4211 568 4261 (pug.-
608 4194 778 4246 Ἑπτὰ
826 4187 918 4246 οὖν
979 4193 1072 4244 καὶ
1125 4195 1272 4263 τρεῖς
1324 4194 1468 4244 ἐστιν
1520 4194 1548 4245 6
1589 4192 1952 4263 πληρέστατος

404 4285 640 4355 ἀριθμός.
668 4284 779 4337 Καὶ
801 4282 986 4336 τούτου
1017 4283 1176 4355 χάριν
1205 4284 1260 4338 αἱ
1283 4283 1423 4336 ἑπτά
1447 4283 1550 4335 εἱσι
1572 4287 1670 4354 τῆς
1697 4284 1950 4346 κτίσεως·

406 4375 504 4443 ἠδὲ
531 4376 660 4443 ἁγία
696 4374 865 4445 Τριάς
895 4375 1164 4438 ἄκτιστος.

2063 3302 2224 3356 modo
2254 3299 2652 3355 multitudinem
2680 3295 2901 3351 humani
2924 3291 3135 3364 generis
3158 3303 3363 3344 creare.
3395 3285 3621 3353 Quidam

2067 3409 2196 3449 vero
2227 3394 2400 3456 aiunt,
2428 3407 2549 3447 cum
2588 3391 2727 3444 Deus
2753 3387 3024 3442 hominem
3055 3381 3354 3437 masculum
3386 3387 3438 3431 et
3467 3375 3620 3429 femi-

2062 3501 2187 3541 nam
2211 3484 2417 3548 fecerit,
2444 3482 2568 3536 inde
2598 3482 2805 3535 clarum
2827 3493 2950 3533 esse
2970 3476 3140 3529 Deum
3171 3473 3409 3526 voluisse
3449 3467 3625 3522 homi-

2061 3589 2190 3628 num
2215 3588 2383 3642 genus
2400 3570 2747 3642 generatione
2772 3581 3079 3638 procreare.
3103 3565 3352 3616 Attamen
3375 3558 3428 3613 id
3451 3559 3626 3614 noluit

2063 3680 2158 3735 per
2191 3663 2613 3718 inobedientiam
2645 3660 2779 3723 ﬁeri,
2807 3657 2902 3713 sed
2930 3671 3053 3710 cum
3083 3655 3306 3708 honore.

2136 3755 2356 3822 Qumsr.
2398 3752 2508 3807 LII.
2553 3751 2733 3817 Quare
2756 3750 2842 3804 die
2870 3749 3096 3818 septima
3123 3745 3265 3800 Deus
3295 3741 3620 3798 creationem

2062 3850 2290 3923 perfecit
2313 3851 2346 3903 ?‘
3373 3847 3376 3850 ’

2127 3941 2288 3997 ﬁsse.
2321 3939 2464 3994 Inter
2485 3951 2742 3994 numeros
2787 3935 3068 3992 denarium
3100 3945 3386 3986 numerqu
3413 3929 3623 4000 reperi-

2061 4049 2182 4089 mus
2212 4047 2334 4088 esse
2389 4031 2568 4085 omnis
2601 4028 2813 4084 numeri
2855 4025 3330 4095 complementum.
3379 4020 3436 4074 Si
3476 4021 3619 4076 enim

2062 4124 2128 4179 ad
2158 4124 2441 4180 denarium
2465 4136 2748 4176 numerum
2783 4116 3087 4180 deveneris,
3123 4113 3308 4170 statim
3339 4127 3532 4167 rursus
3569 4111 3622 4164 in

2061 4217 2319 4272 unitatem
2351 4214 2516 4269 redis.
2568 4213 2753 4284 Itaque
2779 4211 3117 4282 septenarius
3145 4216 3198 4263 et
3219 4214 3407 4261 ternus
3437 4221 3624 4260 nume-

2061 4324 2176 4376 rus,
2241 4305 2814 4376 perlectissimusjest.
2876 4300 3082 4355 Idcirco
3149 4297 3488 4369 septenarius
3542 4305 3624 4351 est

2059 4401 2370 4458 creationis.
2404 4398 2472 4452 At
2506 4406 2692 4452 sancta
2717 4395 2955 4450 Trinitas
2979 4403 3062 4448 est
3097 4393 3352 4446 incrcata.

477 4465 662 4537 Ἐρώτ.
679 4464 778 4533 νγ¹.
796 4465 968 4536 Πολλή
993 4483 1074 4528 τις
1100 4464 1250 4536 παρὰ
1283 4465 1394 4519 τῶν
1418 4442 1624 4521 πολλῶν
1652 4465 1953 4536 καθέστηκε

477 4573 617 4582 -.._.-
667 4556 785 4582 -f..-
817 4557 894 4582 §-?
917 4557 1302 4582 _--_.'.__--D...
1357 4557 1494 4582 \1-...
1529 4557 1587 4582 ἓ).
1620 4559 1718 4582 _.‘_-.
1747 4557 1956 4582 ,1.--ι-....

3217 4442 3442 4550 quaestio
3459 4478 3599 4549 agita
3617 4509 3627 4515 -

406 4573 636 4626 εητησις.
666 4556 787 4609 τίνα
815 4557 894 4608 δεῖ
916 4557 1328 4626 προτάττεσθαι,
1357 4557 1498 4625 λέγω
1526 4557 1589 4629 δὴ
1620 4559 1718 4630 τὴν
1747 4557 1956 4629 ἡμέραν

2063 4592 2174 4649 tur,
2197 4597 2486 4654 quemnam
2516 4580 2696 4649 priore
2720 4578 2840 4631 loco
2860 4576 3127 4630 collocare
3144 4579 3411 4642 Oportcat,
3437 4585 3628 4638 nempe

405 4646 501 4716 πρὸ
530 4648 629 4716 τῆς
651 4648 860 4711 νυκτὸς,
897 4647 1048 4718 ἢτὴν
1077 4647 1243 4700 νύκτα
1284 4649 1386 4720 πρὸ
1416 4650 1515 4720 τῆς
1553 4648 1794 4719 ἡμέρας
1838 4649 1961 4702 Ἐὰν

407 4738 503 4808 γὰρ
535 4740 772 4809 εἴπωμεν
805 4739 901 4808 τὴν
945 4739 1154 4816 ἡμέραν
1206 4739 1556 4812 προτερεύειν
1584 4781 1600 4806 ,
1653 4740 1962 4809 εὑρίσκεται

405 4825 575 4880 λοιπὸν
613 4829 641 4880 6
684 4827 917 4899 Χριστὸς
938 4828 995 4880 ὲν
1029 4828 1282 4898 σαϐϐάτῳ
1314 4828 1566 4892 ἀναστάς.
1616 4829 1678 4882 Ἦ
1710 4829 1819 4900 γὰρ
1866 4831 1960 4896 νὺξ

407 4918 574 4988 ἐκείνη
606 4917 700 4972 106
727 4917 994 4971 σαϐϐάτου
1020 4914 1107 4989 ἦν,
1132 4919 1272 4972 κατὰ
1288 4919 1378 4973 τὸν
1397 4919 1553 4989 λόγον
1580 4921 1826 4986 Μωσέως
1865 4921 1959 4976 τοῦ

409 5009 750 5081 συγγραφέως
779 5009 878 5079 τῆς
908 5008 1283 5078 κοσμοποιίας.

483 5098 661 5154 Ἀπὸκ.
699 5101 858 5153 Κατὰ
890 5100 988 5169 μὲν
1014 5099 1102 5152 τὸν
1135 5101 1332 5154 σκοπὸν
1357 5102 1449 5154 καὶ
1481 5100 1636 5170 λόγον
1666 5099 1756 5156 τὸν
1781 5099 1962 5168 λέγον-

408 5193 584 5254 τα,,ὃτι
618 5190 767 5246 εἶπεν
793 5193 820 5244 6
845 5191 976 5254 Θεὸς
1006 5191 1110 5262 πρὸ
1139 5193 1371 5256 πάντων,
1418 5209 1436 5242 ‹
1460 5192 1746 5262 Γενηθήτω
1776 5189 1908 5259 φῶς,
1937 5209 1955 5240 ι

412 5283 681 5354 πρόδηλον,
719 5285 800 5337 ὅτι
837 5284 871 5353 ἡ
897 5283 1078 5354 ἡμέρα
1121 5282 1438 5354 προτερεύει
1472 5282 1579 5353 (80)
1606 5283 1706 5352 τῆς
1746 5283 1957 5345 νυκτός.

475 5451 580 5532 (7.7)
620 5451 746 5532 Huic
781 5452 1012 5532 quastio
1042 5453 1193 5508 deest
1220 5453 1273 5507 in
1312 5453 1467 5523 prius
1495 5452 1683 5521 editis;
1708 5453 1802 5509 sed
1832 5453 1963 5524 legi-

645 5522 933 5578 uibusdam
966 5537 1098 5576 mss.

671 5593 762 5648 uie
811 5591 1009 5649 similis
1040 5599 1124 5647 est
1163 5593 1393 5662 quaestio
1434 5590 1504 5644 26
1549 5590 1872 5648 Theodoreti
1907 5594 1960 5646 in

412 5525 494 5572 tur
522 5525 574 5574 in

479 5589 584 5664 (78)

416 5656 591 5714 Cenes.

478 5727 606 5800 (78.⁸)
640 5732 916 5799 Interpres
950 5730 1163 5784 videtur
1197 5731 1392 5799 legisse
1429 5747 1442 5784 :
1479 5730 1626 5783 ἄλλοι
1657 5731 1713 5783 δέ
1747 5733 1959 5800 καρπὸν

416 5800 792 5866 πνευματικόν,
828 5814 948 5867 quae
996 5800 1190 5855 desunt
1233 5802 1290 5855 in
1343 5807 1491 5856 textu
1538 5801 1742 5856 Graeco.
1799 5803 1960 5861 Lotz'.

2061 4675 2204 4728 diem
2230 4681 2353 4727 ante
2379 4678 2617 4734 noctem,
2665 4676 2757 4722 aut
2790 4673 3002 4722 noctem
3024 4673 3148 4720 ante
3179 4665 3362 4720 diem?
3406 4663 3541 4716 Nam
3581 4664 3625 4717 si

2063 4763 2294 4818 dicimus
2322 4761 2463 4816 diem
2488 4760 2693 4830 primas
2718 4773 3007 4828 occupare,
3045 4757 3343 4827 reperietur
3374 4755 3626 4809 Christus

2062 4853 2288 4910 sabbato
2334 4851 2717 4908 resurrexisse.
2771 4848 2888 4904 Nox
2931 4849 3074 4903 enim
3118 4849 3207 4901 illa
3256 4845 3466 4902 sabbati
3512 4857 3616 4911 cst,

2057 4947 2211 5016 juxta
2232 4947 2395 5002 verba
2419 4943 2616 5014 Moysis
2639 4941 2928 4998 creationis
2955 4939 3140 4994 mundi
3167 4937 3467 5006 scriptoris.

2133 5102 2292 5156 Bas».
2323 5099 2399 5154 Ex
2426 5113 2590 5169 scopo
2621 5105 2675 5152 et
2711 5096 2891 5151 verbis
2923 5095 3122 5164 quibus
3166 5099 3422 5147 narratur
3456 5091 3621 5146 Deum

2063 5201 2186 5247 ante
2219 5193 2399 5246 omnia
2429 5190 2655 5254 dixisse,
2686 5206 2703 5238 ι
2742 5185 2859 5241 Fiat
2887 5187 3002 5248 lux,
3049 5205 3066 5236 ι
3110 5183 3459 5254 perspicuum
3504 5193 3620 5244 est,

2061 5287 2204 5343 diem
2235 5292 2361 5340 ante
2392 5289 2607 5338 noctem
2639 5296 2778 5335 esse.
2804 5276 2939 5332 Nam
2961 5279 3196 5332 tenebrae
3226 5275 3350 5339 illae,
3381 5291 3502 5345 qua:
3528 5293 3621 5330 su-

2130 5456 2242 5528 (79)
2283 5455 2407 5510 Haec
2434 5455 2498 5509 ad
2531 5456 2688 5528 linem
2708 5469 2878 5523 usque
2902 5466 3277 5528 responsionis
3305 5451 3528 5528 egﬂeg.
3557 5464 3618 5512 ιι,

2063 5520 2347 5596 desumpta
2399 5532 2545 5581 sunt.
2587 5524 2716 5596 Quae
2763 5520 2927 5596 p'orro
2973 5520 3039 5577 de
3075 5522 3282 5596 Isidoro
3339 5520 3618 5583 dicuntur,

2062 5593 2337 5652 noluimus
2383 5611 2413 5648 a
2457 5595 2668 5648 creteris
2716 5595 3000 5662 sejungere
3046 5602 3101 5647 et
3138 5594 3201 5646 ad
3244 5593 3408 5646 imum
3464 5606 3622 5658 repo-

2063 5683 2210 5726 nere,
2249 5665 2343 5719 sed
2378 5665 2591 5719 uncinis
2625 5662 2966 5728 inclusimus,
2998 5679 3118 5716 nam
3153 5663 3431 5733 adjectitia
3471 5670 3617 5714 sunt.

2135 5735 2242 5810 (80)
2272 5734 2413 5803 tum.
2451 5735 2506 5801 2,
2539 5733 2825 5804 πρωτεύει,
2861 5735 2957 5790 hic.
2977 5744 3025 5790 et
3061 5734 3220 5786 infra.
