3940 6574
448 453 540 507 631

1603 455 1657 511 S.
1698 455 2154 513 ATHANASIUS.
2195 487 2264 501 --
2303 454 2570 512 SPURIA.

3563 454 3656 510 639.

449 584 544 638 pra
574 569 828 638 abyssum
862 576 1037 632 erant,
1072 583 1175 624 nox
1225 569 1465 624 nondum
1504 573 1783 642 appellata
1823 580 2000 634 erant,

2125 572 2176 624 [‘6
2202 571 2308 642 γὰρ
2333 570 2520 633 σκότος
2551 569 2724 622 ἐκεῖνο
2751 567 2812 622 τὺ
2826 565 3010 620 ἐπάνω
3031 565 3132 637 τῆς
3163 566 3401 620 ἀϐύσσου
3423 565 3575 621 οῦπω
3597 565 3657 638 ἦν

446 674 548 713 nec
577 674 606 712 a
637 660 762 714 luna
785 668 839 716 et
869 659 1138 715 sideribus
1169 659 1522 717 duodecimve
1546 663 1694 718 horis
1723 663 1999 720 dimensze.

448 748 598 803 llaurl
638 751 798 804 dubie
836 747 965 820 ergo
996 751 1085 804 lux
1113 751 1368 806 tenebras
1393 753 1683 808 antecedit.
1717 751 2006 807 Verumta-

447 856 569 896 men
600 856 667 894 ne
698 840 908 910 possint
945 839 1112 895 Judaei
1153 842 1311 896 nobis
1344 841 1525 897 dicere
1554 842 1828 898 Christum
1864 843 2002 899 Sab-

447 933 576 986 hato
605 934 971 988 resurrexisse
1012 951 1024 986 :
1062 933 1267 987 idcirco
1308 947 1493 988 eorum
1533 949 1628 988 ora
1658 936 1810 1005 prius
1841 935 2003 990 obtu-

447 1022 607 1087 ravit,
638 1022 755 1093 lege
783 1025 892 1079 illis
923 1024 1049 1079 data
1071 1033 1131 1079 ut
1167 1039 1197 1078 a
1226 1039 1454 1096 vespera
1490 1025 1632 1080 diem
1671 1024 1890 1081 Sabbati
1919 1026 2004 1082 in-

448 1115 707 1171 choarent

522 1290 745 1358 qusr.
771 1291 902 1346 LlV.
934 1293 1046 1348 Cur
1084 1309 1214 1364 ergo
1244 1309 1362 1349 eam
1407 1294 1476 1349 ob
1516 1309 1629 1350 rem
1671 1294 1830 1349 nobis
1859 1294 2002 1352 Deus

444 1385 609 1452 jussit
639 1384 972 1440 Dominicam
999 1402 1027 1440 a
1051 1400 1274 1455 vespera
1306 1385 1518 1440 sabbati
1563 1386 1763 1442 ordiri?

515 1563 674 1619 lisse.
709 1562 826 1618 Non
851 1580 968 1618 eam
999 1565 1070 1622 ob
1095 1580 1207 1621 rem
1239 1581 1255 1620 :
1285 1565 1379 1620 sed
1403 1567 1530 1636 quia
1558 1564 1700 1620 Deus
1729 1572 1915 1635 gentes
1936 1581 2003 1622 ex

446 1655 766 1723 ignorantiae
799 1653 1039 1710 tenebris
1068 1665 1122 1710 et
1147 1671 1209 1710 ex
1242 1655 1432 1710 umbra
1464 1654 1596 1725 legis
1626 1656 1677 1710 in
1713 1655 1887 1711 lucem
1911 1671 2004 1711 co-

447 1744 708 1811 gnitionis
738 1743 835 1800 Dei
859 1752 912 1800 et
933 1744 1207 1816 Evangelii
1235 1746 1470 1800 vocavit.
1505 1744 1808 1800 Admodum
1841 1744 2004 1816 igitur

445 1843 815 1904 congruenter
862 1849 974 1890 suae
1023 1834 1444 1892 resurrectionis
1490 1834 1632 1890 diem
1700 1848 1730 1888 a
1777 1849 2003 1905 vespera

2099 660 2397 731 ὀνομασθὲν
2430 658 2547 725 νὺξ,
2586 657 2709 712 οὕτε
2742 657 2846 712 ὑπὸ
2879 656 3105 729 σελήνης
3136 657 3229 710 καὶ
3274 655 3541 727 ἀστέρων,
3574 659 3658 712 καὶ

2097 751 2305 806 δώδεκα
2329 751 2484 822 ὡρῶν
2518 749 2900 822 μετρούμενον.
2927 748 3328 819 Ἀναμφιϐόλως
3353 745 3448 802 οῦν
3470 748 3531 801 τὺ
3553 749 3659 818 φῶς

2099 831 2415 916 προτερεύει
2444 843 2540 896 τοῦ
2576 843 2816 906 σκότους.
2849 842 3038 913 Ὅμως
3073 841 3162 894 ἵνα
3189 840 3264 912 μὴ
3303 841 3508 912 εῦρωσι
3534 841 3659 912 πρὸς

2097 936 2246 1005 ἡμᾶς
2268 933 2449 1002 λέγειν
2474 932 2742 986 Ἰουδαίων
2766 931 2972 996 παῖδες,
2993 933 3073 985 ὅτι
3105 931 3162 985 ὲν
3184 931 3438 1002 σαϐϐάτῳ
3470 932 3658 1005 ἀνέστη

2097 1026 2126 1078 6
2179 1024 2432 1096 Χριστὸς,
2463 1023 2650 1077 τούτου
2701 1023 2858 1095 χάριν
2893 1023 3352 1095 προαπεφίμωσεν
3405 1023 3601 1085 αὐτοὺς
3631 1023 3660 1076 6

2098 1113 2246 1178 Θεὸς,
2278 1112 2638 1184 νομοθετήσας
2668 1113 2762 1166 καὶ
2796 1113 2978 1177 αὐτοῖς
3009 1113 3102 1182 ἀφ’
3137 1113 3373 1184 ἑσπέρας
3407 1113 3659 1184 ἄρχεσθαι

2102 1207 2199 1278 τῆς
2231 1207 2442 1278 ἡμέρας
2465 1207 2560 1259 τοῦ
2589 1204 2855 1259 σαϐϐάτου
2883 1204 2989 1277 (81)

2181 1293 2372 1366 Ἐρώτ.
2401 1294 2492 1348 νδν.
2522 1295 2585 1348 Τί
2623 1289 2714 1348 οὖν
2747 1293 2933 1348 τούτου
2974 1295 3131 1366 χάριν
3179 1293 3274 1347 καὶ
3318 1295 3450 1363 ἡμῖν
3479 1293 3508 1345 6
3537 1293 3659 1357 Θεὸς

2101 1383 2430 1454 προσέταξεν
2474 1384 2566 1452 ἀφ’
2584 1382 2821 1454 ἑσπέρας
2868 1382 2962 1436 τοῦ
3013 1383 3279 1436 σαϐϐάτου
3324 1381 3660 1453 ἀπάρχεσθαι

2098 1475 2197 1545 τῆς
2224 1476 2505 1546 Κυριακῆς

2182 1563 2372 1616 Ἀπόκ.
2406 1563 2514 1635 (82)
2543 1564 2616 1617 Οὐ
2645 1563 2832 1617 τούτου
2872 1563 3063 1636 χάρινο
3111 1560 3225 1616 ἀλλ’
3261 1559 3448 1630 ἐπειδὴ
3472 1563 3502 1613 6
3537 1558 3660 1624 Θεὸς

2099 1654 2166 1707 τὰ
2198 1654 2324 1724 ἔθνη
2352 1655 2415 1708 ὲκ
2436 1653 2526 1708 τοῦ
2559 1655 2780 1721 σκότους
2811 1656 2910 1726 τῆς
2936 1653 3226 1724 ἀγνωσίας,
3254 1652 3348 1706 καὶ
3375 1651 3475 1720 τῆς
3511 1652 3662 1714 σκιᾶς

2100 1744 2190 1798 τοῦ
2219 1744 2381 1814 νόμου
2411 1746 2490 1808 είς
2520 1745 2580 1799 τὸ
2605 1745 2717 1815 φῶς
2735 1747 2833 1818 τῆς
2856 1745 3177 1815 θεογνωσίας
3196 1745 3292 1796 καὶ
3316 1741 3406 1796 τοῦ
3430 1742 3662 1810 Εὐάγγε-

2100 1834 2212 1888 λίου
2243 1835 2486 1890 ἐκάλεσε.
2541 1837 2864 1907 Πρεπόντως
2885 1837 2995 1907 ἄρα
3031 1838 3160 1906 ἡμῖν
3178 1835 3276 1906 τὴν
3297 1833 3661 1903 ἀναστάσιμον

446 1925 702 1996 praecepit
724 1925 966 1997 incipere
994 1933 1048 1981 et
1076 1926 1144 1981 ad
1166 1925 1341 1982 lucem
1369 1926 1639 1983 desinere.
1670 1924 1840 1982 Valde
1859 1927 2002 1983 enim

2125 1926 2266 1980 ιῦτοῦ
2293 1927 2500 1998 ἡμέραν
2529 1928 2620 1997 ἀφ’
2645 1928 2879 1999 ἑσπέρας
2903 1926 3163 1999 ἄρχεσθαι
3206 1926 3299 1979 καὶ
3329 1928 3408 1990 είς
3441 1925 3558 1996 φῶς
3585 1943 3662 1979 τε-

445 2015 741 2072 dedecebat
768 2017 1096 2088 minimeque
1123 2018 1452 2073 conveniens
1481 2025 1620 2081 erat,
1650 2017 1767 2074 dies
1797 2016 1998 2074 Christi

445 2105 559 2158 veri
589 2105 810 2162 luminis
836 2121 866 2160 a
899 2110 1019 2164 luce
1049 2095 1377 2181 incipere'et
1431 2107 1487 2165 in
1517 2117 1731 2164 noctem
1761 2123 1825 2164 ac
1845 2116 1996 2164 tene-

445 2197 574 2252 bras
606 2195 876 2252 desinere.

485 2437 488 2441 η
516 2375 734 2442 Οωιεετ.
768 2375 880 2432 LV.
914 2376 1093 2444 Quare
1127 2379 1380 2435 vicesima
1404 2381 1590 2450 quinta
1620 2381 1825 2437 mensis
1855 2380 1997 2438 Mar-

444 2466 525 2529 tii,
559 2475 618 2521 ut
637 2474 832 2521 vocant
865 2464 1117 2530 Romani,
1143 2467 1396 2525 Christus
1423 2468 1476 2521 in
1512 2476 1665 2523 utero
1682 2466 1918 2540 Virginis
1943 2469 1998 2523 in

444 2559 604 2614 terris
639 2558 934 2614 habitavit?

514 2651 673 2708 Rssr.
707 2652 843 2719 Quia
883 2653 1096 2708 scilicet
1120 2653 1224 2709 hac
1266 2654 1384 2726 ipsa
1422 2653 1510 2710 die
1559 2653 1700 2711 Deus
1744 2654 1812 2709 ab
1845 2655 1999 2710 initio

445 2744 708 2800 Adamum
738 2745 1014 2801 formavit.
1040 2744 1194 2802 Unde
1237 2753 1289 2800 et
1323 2760 1510 2802 mense
1539 2747 1630 2800 illo
1675 2746 1899 2801 arbores
1946 2753 2000 2802 et

445 2841 640 2911 planta:
684 2851 873 2893 omnes
913 2853 1014 2894 nec
1043 2853 1149 2893 non
1180 2838 1434 2891 animalia
1460 2880 1474 2903 ,
1520 2838 1586 2891 ad
1638 2837 1909 2893 fructuum
1946 2843 2002 2892 et

444 2927 609 2997 prolis
637 2928 1070 2999 procreationem
1103 2940 1506 2999 permoventur,
1531 2937 1787 3000 tanquam
1819 2946 1938 3002 quae
1969 2947 1999 2986 a

447 3020 552 3076 Deo
578 3027 709 3076 tunc
733 3022 992 3091 temporis
1021 3021 1172 3077 fuere
1195 3030 1396 3078 creata.

512 3111 731 3178 Quasr.
776 3111 911 3166 LVI.
945 3111 1264 3182 Cujusmodi
1305 3121 1458 3170 erant
1511 3114 1749 3186 pellicem
1779 3116 1998 3180 tunicae,

445 3218 578 3273 quas
610 3202 752 3258 Deus
784 3202 991 3258 Adamo
1028 3211 1082 3257 et
1105 3202 1228 3258 Eva:
1267 3202 1429 3260 fecit?

516 3293 676 3351 Rssr.
728 3295 837 3351 Alii
877 3295 1068 3352 volunt
1102 3310 1169 3352 ex
1216 3294 1363 3351 foliis
1413 3297 1672 3354 arborum
1722 3282 2073 3356 contextaeC

446 3387 617 3445 fuisse
645 3406 659 3442 :
692 3386 785 3441 alii
815 3401 1035 3443 carnem
1071 3393 1313 3444 nostram
1338 3387 1437 3445 has
1458 3406 1581 3448 esse
1610 3392 1826 3446 tunicas
1850 3391 2004 3446 dixe-

446 3493 504 3533 re
535 3496 549 3534 :
575 3477 698 3534 aliis
721 3485 901 3534 autem
927 3481 1102 3534 visum
1137 3487 1240 3544 est,
1286 3482 1379 3551 qui
1419 3491 1474 3537 et
1512 3483 1696 3539 verius
1735 3483 2002 3549 sentiunt,

446 3585 631 3628 revera
652 3571 907 3641 pelliceas
925 3571 1097 3628 fuisse
1118 3573 1332 3628 illorum
1366 3574 1601 3632 tunicas.

516 3749 734 3817 Quss'r.
760 3749 920 3806 LVll.
955 3753 1089 3806 Cum
1117 3751 1300 3808 nullus
1337 3752 1617 3809 hominum
1641 3762 1886 3811 mortuus
1915 3769 2004 3811 es-

447 3852 552 3904 set,
577 3842 848 3899 undenam
882 3843 1086 3900 Cainus
1119 3843 1303 3899 didicit
1331 3845 1550 3902 Abelem
1580 3847 1825 3902 occidere
1845 3848 1870 3900 ἲ

517 3933 678 3991 Res».
715 3936 975 3991 Diabolus
1003 3937 1107 4007 ipsi
1133 3940 1186 3993 in
1211 3939 1419 3996 somnis
1448 3939 1708 4004 ostendit,
1735 3937 2008 4010 quomodo

450 4025 670 4084 fratrem
696 4035 872 4082 morte
899 4028 1148 4085 alliceret.

514 4115 732 4182 Qua-:51.
754 4116 934 4172 LVlll.
958 4117 1187 4196 Quinam
1209 4130 1364 4175 erant
1389 4119 1483 4174 ﬁlii
1506 4119 1620 4187 Dei,
1642 4121 1735 4192 qui
1761 4121 2009 4176 viderunt

450 4225 512 4266 ac
538 4218 886 4281 sumpserunt
922 4209 1058 4266 ﬁlias
1085 4212 1404 4266 hominum?

516 4297 677 4359 Resp.
711 4298 834 4354 Filii
867 4297 1018 4354 Seth.
1047 4298 1183 4358 Nam
1207 4300 1524 4369 incorporea
1543 4305 1738 4353 natura
1763 4314 1865 4353 nec
1889 4313 2010 4354 cor-

451 4404 580 4460 pora
613 4396 778 4453 amat,
811 4403 912 4443 nec
944 4403 1065 4443 cum
1096 4388 1414 4444 mulieribus
1434 4389 1832 4443 commiscetur.

523 4479 744 4546 ansr.
779 4478 915 4534 LIX.
949 4478 1062 4534 Cur
1089 4478 1234 4536 Deus
1269 4479 1442 4552 Moysi
1475 4481 1528 4534 in
1561 4480 1697 4535 rubo
1739 4482 2008 4552 apparuit,

452 4591 559 4629 non
590 4574 698 4628 alio
725 4573 778 4628 in
804 4571 1063 4628 arbusto?

524 4663 682 4719 ηεξ».
709 4663 939 4730 Quidam
956 4664 1288 4734 respondent
1310 4679 1529 4720 causam
1555 4679 1696 4728 esse,
1721 4674 1780 4720 ut
1802 4682 1869 4721 ex
1889 4666 2006 4735 ejus
2040 4638 2083 4697 θ

453 4758 599 4828 ligno
627 4755 978 4812 simulacrum
1007 4771 1115 4810 non
1138 4765 1361 4826 possent
1387 4756 1596 4811 Hebraei
1620 4756 1848 4812 ellicere.
1873 4757 2008 4814 Aliis

452 4856 633 4903 autem
663 4847 881 4902 videtur
911 4843 1081 4902 Deum
1109 4847 1214 4902 hoc
1240 4847 1383 4903 facto
1404 4849 1851 4920 przesignilicasse
1875 4866 1933 4906 se
1953 4851 2006 4904 in

454 4941 675 5013 spinosa
707 4955 872 4996 carne
893 4948 1082 4996 nostra
1102 4955 1224 4996 esse
1252 4941 1666 5006 incarnandum,
1688 4957 1915 5013 eamque
1938 4943 2007 4998 ob

455 5050 569 5090 rem
594 5033 650 5089 in
677 5033 988 5108 bujusmodi
1028 5033 1252 5096 arbusto
1284 5031 1455 5094 Movsi
1484 5034 1818 5095 apparuisse.

529 5273 663 5356 (81)⁵
678 5273 813 5346 Reg.
846 5275 899 5341 5,
935 5274 1028 5345 ἀφ’
1061 5269 1300 5346 ἑσπέρας
1325 5275 1425 5345 τῆς
1463 5275 1813 5345 παρασκευῆς
1850 5274 2012 5346 ἆρχε-

460 5343 803 5484 σοῗὲὶῖηῆιιίο
831 5413 1116 5484 quaestioni
1141 5411 1341 5484 similia
1371 5411 1623 5484 quaedam
1646 5410 1913 5468 habentur
1933 5415 2016 5469 in-

459 5479 547 5539 fra'
573 5479 631 5537 in
667 5479 1206 5550 interpretationibus
1234 5480 1484 5536 Parabol.
1510 5479 1803 5550 Scriptura:
1824 5499 2012 5546 sacrm,

458 5555 760 5636 quaestione
810 5551 899 5636 ξ’)Ί.
946 5553 1131 5636 Paulo
1154 5560 1275 5622 post
1323 5551 1543 5636 quida‘m
1590 5555 1872 5636 "ES-.161"-
1919 5555 2017 5636 τῆς

460 5622 616 5686 σκιᾶς
641 5624 734 5676 τοῦ
769 5624 955 5695 νόμου.
993 5623 1134 5681 Editi
1164 5638 1313 5690 vero,
1355 5623 1448 5678 καὶ
1480 5623 1544 5676 ὲκ
1572 5622 1664 5674 τοῦ
1703 5622 1889 5693 νόμου,
1914 5622 2020 5678 mi-

460 5703 909 5831 ῃυῗέῖὲῗιξεειῑο
941 5764 1030 5829 55,
1059 5765 1169 5833 jam
1203 5765 1290 5829 56,
1319 5765 1470 5819 abest
1499 5777 1528 5816 a
1552 5759 1669 5818 Pal.
1698 5761 1754 5830 2,
1778 5768 1830 5818 et
1865 5777 1893 5816 a
1925 5779 2015 5819 ve-

464 5834 668 5889 tcrihus
699 5834 904 5889 Latinis
935 5835 1114 5889 editis.

536 5903 645 5974 (84)
685 5903 804 5961 llaec
847 5903 959 5960 fere
988 5904 1148 5958 habet
1181 5902 1572 5968 Theodoretns,
1607 5912 1797 5973 qliacst.
1832 5903 1920 5968 59,
1957 5903 2005 5959 in

2101 2017 2371 2071 λειοῦσθαι
2399 2017 2745 2090 προσέταξεν.
2783 2019 3050 2090 Ἀπρεπὲς
3073 2017 3176 2089 γάρ
3208 2012 3275 2087 ἦν
3306 2017 3399 2070 καὶ
3431 2016 3663 2087 ἀνάρμο-

2105 2125 2227 2162 στον
2252 2109 2360 2162 ἀπὸ
2385 2108 2560 2177 φωτὸς
2585 2108 2864 2181 ἄρχεσθαι,
2881 2109 2975 2162 καὶ
3002 2110 3081 2172 είς
3107 2107 3294 2169 νύκτα,
3327 2106 3421 2160 καὶ
3445 2107 3525 2170 είς
3549 2107 3664 2159 σκό-

2100 2218 2194 2265 τος
2253 2200 2583 2274 καταλήγειν
2625 2201 2725 2266 τὰς
2781 2200 3016 2274 Χριστοῦ
3055 2199 3147 2254 τοῦ
3197 2198 3451 2270 ἀληθινοῦ
3491 2199 3664 2270 φωτὸς

2102 2292 2336 2364 ἡμέρας.

2188 2375 2380 2455 Ἔρώτ.
2412 2392 2504 2442 νε¹.
2541 2386 2696 2450 Τίνος
2734 2385 2894 2458 χάριν
2919 2388 2986 2458 τῇ
3008 2385 3181 2438 είκάδι
3213 2383 3435 2454 πέμπτῃ
3460 2381 3556 2436 τοῦ
3581 2383 3666 2436 λεν

2103 2475 2335 2546 γομένου
2363 2475 2516 2547 παρά
2542 2477 2822 2547 Ῥωμαίων
2843 2478 3085 2548 Μαρτίου
3116 2477 3282 2548 μηνὸς
3305 2479 3334 2530 6
3356 2476 3590 2546 Χριστὸς
3613 2477 3665 2530 ὲν

2103 2569 2168 2638 τῇ
2203 2567 2384 2638 μήτρᾳ
2406 2571 2506 2639 τῆς
2529 2567 2804 2640 Παρθένου
2834 2568 2926 2621 ἐπὶ
2949 2568 3052 2639 γῆς
3079 2569 3382 2638 ἐσκήνωσεν
3405 2583 3422 2632 ;

2186 2659 2372 2712 Ἀπόκ.
2402 2659 2616 2731 Ἐπειδὴ
2643 2661 2701 2714 ἐν
2728 2661 2865 2731 αὐτῇ
2889 2663 2955 2732 τῇ
2979 2659 3159 2730 ἡμέρᾳ
3179 2661 3271 2712 ἀπ’
3287 2659 3462 2730 ἀρχῆς
3487 2660 3516 2711 6
3542 2656 3666 2721 Θεὸς

2105 2747 2194 2802 τὸν
2227 2749 2398 2820 Ἀδὰμ
2425 2749 2678 2804 ἔπλασεν.
2712 2749 2870 2804 Ὅθεν
2905 2750 2998 2804 καὶ
3017 2748 3094 2820 τῷ
3117 2749 3244 2820 μηνὶ
3271 2748 3465 2818 ἐκείνῳ
3496 2747 3666 2801 πάντα

2104 2839 2174 2893 τὰ
2197 2840 2409 2912 δένδρα,
2437 2841 2531 2895 καὶ
2559 2842 2615 2894 αί
2649 2840 2883 2912 βοτάναι,
2914 2841 3006 2894 καὶ
3046 2840 3114 2894 τὰ
3140 2840 3252 2904 ζῶα
3283 2841 3361 2902 είς
3389 2856 3664 2910 καρποφο-

2110 2933 2230 3004 ρίαν
2258 2934 2355 2987 καὶ
2377 2934 2722 3004 τεκνογονίαν
2763 2933 3054 2999 κινοῦνται,
3089 2933 3164 2998 ὡς
3191 2932 3268 3003 τῷ
3287 2931 3464 3002 καιρῷ
3481 2931 3666 3004 ἐκείνῳ

2109 3023 2212 3077 ὑπὸ
2245 3024 2377 3077 Θεοῦ
2402 3024 2683 3096 γενόμενα.

2195 3113 2386 3186 Ἐρὼτ.
2422 3107 2530 3181 ἦς’.
2561 3114 2671 3187 (85)
2704 3115 2905 3170 Ὀποῖοι
2924 3109 3064 3187 ἦσαν
3096 3116 3144 3168 οἱ
3177 3114 3490 3186 δερμάτινοι
3516 3115 3666 3185 χιτῶ-

2108 3223 2217 3269 νες,
2237 3205 2330 3269 οὒς
2353 3207 2386 3262 6
2416 3206 2548 3270 Θεὸς
2575 3206 2654 3278 τῷ
2694 3206 2862 3277 ’Δδάμ
2886 3207 2980 3260 καὶ
3008 3209 3073 3278 τῇ
3093 3205 3207 3277 Εὕα
3236 3207 3572 3277 πεποίηκεν;
3763 3249 3778 3264 .

2188 3288 2377 3352 Ἀπόκ.
2415 3296 2524 3369 (84)
2547 3299 2609 3352 Οἱ
2657 3297 2753 3368 μέν
2786 3313 2949 3368 φασιν
2976 3299 3040 3352 ἐκ
3075 3297 3284 3368 φύλλων
3323 3296 3588 3368 δένδρωνς
3619 3296 3667 3350 o!

2103 3387 2162 3445 δὲ
2189 3387 2351 3442 πάλιν
2376 3387 2476 3460 τὴν
2495 3387 2673 3460 σάρκα
2700 3388 2854 3459 ἡμῶν
2875 3389 3095 3453 τούτους
3122 3383 3247 3453 τοὺς
3276 3384 3512 3460 χιτῶνας
3536 3383 3668 3445 εἶναι

2105 3477 2423 3552 εἰρήκασιν·
2478 3479 2624 3547 ἔδοξε
2656 3479 2712 3532 δὲ
2744 3479 2972 3553 ἑτέροις,
3006 3483 3117 3544 τοῖς
3148 3481 3242 3534 καὶ
3271 3480 3667 3552 άληθεστέροις,

2107 3574 2165 3628 ὲν
2195 3569 2424 3642 ἀληθείᾳ
2452 3569 2685 3641 χιτῶνας
2709 3570 3059 3642 δερματίνους
3089 3568 3226 3639 εἶναι
3253 3570 3378 3634 τοὺς
3405 3568 3515 3624 τῶν
3541 3585 3672 3642 προτ

2107 3661 2361 3733 πατόρων
2389 3661 2620 3733 χιτῶνας

2189 3750 2380 3823 Ἐρώτ.
2410 3749 2508 3816 νζ’.
2542 3750 2649 3822 (85)
2671 3751 2825 3816 Τινδς
2848 3751 2999 3806 οῦπω
3027 3752 3144 3806 τότε
3167 3751 3546 3815 ἀποθανόντος,
3575 3749 3672 3804 πό-

2104 3841 2194 3897 θεν
2225 3841 2426 3914 ἐμαθεν
2458 3845 2486 3896 6
2515 3843 2654 3896 Κάῐν
2683 3841 2939 3911 φονεῦσαι
2973 3843 3062 3896 τὸν
3088 3842 3282 3908 Ἀϐελ;

2190 3933 2378 3988 Ἀπόκ.
2421 3933 2479 3987 ’0
2505 3932 2746 3997 διάϐολος
2780 3932 2926 4004 αὐτῷ
2957 3935 3076 3988 κατ’
3099 3933 3232 4006 ὄναρ
3256 3933 3516 4001 ὑπέδειξε,
3537 3934 3673 4006 ποίῳ

2106 4023 2294 4096 τρόπῳ
2322 4023 2632 4078 θανατῶσαι
2671 4023 2762 4076 τὸν
2791 4023 3016 4094 ἀδελφόν
3044 4023 3175 4095 (86).

2190 4113 2380 4186 Ἐρώτ.
2415 4112 2835 4183 νη¹.“(87),Τὶνες
2861 4109 3001 4186 ἦσαν
3027 4115 3076 4167 ot
3110 4113 3213 4167 υἱοὶ
3238 4113 3348 4185 (88)
3387 4115 3478 4168 τοῦ
3515 4113 3668 4177 Θεοῦ,

2106 4206 2155 4262 οἱ
2184 4205 2379 4270 ἰδόντες
2399 4205 2493 4259 καὶ
2511 4204 2762 4269 λαϐόντες
2783 4206 2881 4268 τὰς
2908 4205 3207 4277 θυγατέρας
3220 4206 3327 4260 τῶν
3347 4205 3668 4276 ἀνθρώπωνς

2191 4297 2382 4352 Ἀπόκ.
2420 4298 2482 4351 Οί
2531 4298 2636 4351 υἱοὶ
2663 4296 2756 4350 τοῦ
2788 4296 2916 4368 Σήθ.
2961 4297 3110 4350 Ἐπεὶ
3141 4299 3175 4369 ἡ
3202 4297 3484 4369 ἀσώματος
3515 4298 3670 4368 φύσις

2109 4389 2234 4443 οὔτε
2263 4388 2530 4460 σωμάτων
2558 4390 2677 4460 ἐρᾷ,
2706 4387 2828 4442 οὔτε
2848 4389 3059 4458 γυναιξὶ
3087 4389 3471 4459 συμπλέκεται.

2193 4478 2379 4552 Ἐρὼτ.
2414 4479 2510 4534 νθθ.
2536 4481 2634 4534 Διά
2663 4481 2717 4534 τί
2742 4481 2800 4534 ὲν
2820 4479 2967 4551 βάτω
3003 4479 3156 4553 ὤφθη
3183 4480 3314 4545 Θεὸς
3355 4481 3434 4552 τῷ
3477 4481 3666 4550 Μωάῇο

2111 4573 2203 4627 καὶ
2231 4572 2331 4626 οὐκ
2368 4571 2426 4624 ὲν
2457 4571 2627 4644 ἑτέρῳ
2659 4571 2840 4642 φυτῷ;

2193 4663 2380 4717 Ἀπόκ.
2411 4664 2474 4718 οι
2499 4663 2596 4735 μέν
2630 4681 2812 4734 φασιν,
2848 4665 2935 4717 ἵνα
2970 4664 3044 4735 μὴ
3075 4661 3373 4734 δυνηθῶσιν
3407 4661 3666 4733 Ἑϐραίων

2112 4753 2296 4818 παῖδες
2327 4752 2540 4806 εἴδωλον
2577 4754 2800 4824 ποιῆσαι
2855 4757 2920 4808 ὲκ
2974 4752 3068 4806 τοῦ
3115 4752 3272 4820 ξύλου
3313 4752 3484 4823 αὐτῆς
3524 4751 3662 4823 (89)·

2110 4846 2286 4910 ἄλλοις
2338 4845 2394 4898 δὲ
2425 4845 2589 4910 δοκεῖ,
2615 4847 2698 4900 ὄτι
2741 4845 3160 4918 προδιαγράφων
3201 4847 3232 4899 6
3261 4844 3410 4908 Θεὸς,
3437 4846 3519 4898 ὅτι
3551 4843 3667 4914 μέλ-

2110 4935 2191 4990 λει
2237 4938 2296 4990 ὲν
2337 4939 2404 5008 τῇ
2453 4935 2866 5008 ὲξακανθησάσῃ
2916 4934 3073 5006 ἡμῶν
3121 4934 3447 5005 σαρκοῦσθαι
3496 4935 3663 5004 φύσει,

2109 5029 2299 5088 τούτου
2344 5027 2503 5101 χάριν
2528 5029 2585 5081 ὲν
2620 5027 2698 5099 τῷ
2745 5026 2969 5100 τοιούτῳ
3003 5026 3154 5097 φυτῷ
3175 5025 3330 5098 ὤφθη
3363 5027 3440 5097 τῷ
3477 5029 3662 5097 Μωῇσ.

2120 5273 2305 5332 Cenes.
2339 5276 2514 5346 iisque
2544 5277 2712 5331 multa
2743 5277 2946 5347 adjicit.

2189 5347 2300 5417 (85)
2338 5344 2498 5417 μιήιο
2528 5347 2705 5417 locum
2739 5344 2872 5400 citat
2901 5347 3123 5401 Michael
3151 5344 3370 5417 Glycas,
3403 5359 3457 5417 p_.
3491 5346 3610 5400 H9.

2185 5413 2299 5489 (⁷86)
2337 5415 2598 5489 Balat._2,
2626 5417 2763 5489 ποίῳ
2795 5418 2980 5489 τρόπῳ
3006 5413 3252 5489 φονεύσει
3274 5415 3364 5489 τόν
3393 5413 3477 5467 άδ.

2191 5481 2302 5556 (87)
2344 5485 2478 5542 Vide
2508 5481 2840 5542 Theodoreti
2872 5481 3064 5556 quaest.
3097 5485 3167 5538 47
3199 5486 3252 5538 in
3287 5481 3471 5536 Genet.

2191 5555 2306 5626 (88⁷)
2345 5556 2573 5622 Quidam
2602 5572 2758 5619 mss.,
2792 5558 2840 5610 οἱ
2867 5555 3105 5626 ἄγγελοι,
3253 5625 3259 5626 7
3310 5623 3333 5626 ψ
3415 5575 3418 5582 .

2191 5619 2305 5696 (89)
2346 5619 2517 5681 βαιοὶ.
2546 5627 2603 5690 2,
2642 5627 2862 5696 ποιῆσαι
2895 5619 2963 5679 ἐκ
3003 5625 3172 5690 ξύλων
3205 5623 3394 5696 αύτῆς.
3431 5621 3594 5696 Ἄλλη
3623 5619 3663 5672 δὲ

2119 5690 2452 5769 ὃτι’έμελλεν
2480 5699 2508 5752 ὀ
2538 5690 2770 5769 Χριστὸς
2799 5696 3094 5769 βλαστῆσαι
3123 5697 3186 5769 εκ
3211 5695 3312 5769 τῆς
3332 5690 3662 5769 ’ἀκανθώδους

2119 5762 2277 5838 illi”;
2324 5768 2555 5839 φύσεως,
2573 5762 2809 5839 ζτούτρν
2839 5762 3000 5839 χάριν
3037 5765 3189 5839 ὤφθη
3229 5762 3286 5816 ὲν
3323 5766 3386 5834 τῇ
3434 5762 3580 5833 βάτῳ
3605 5762 3662 5830 τῇ

2118 5835 2310 5910 Μωσῇ.
2339 5835 2547 5896 Ibidem
2573 5835 2704 5907 Reg.
2741 5837 2792 5900 3,
2825 5835 3195 5909 άκάνθησάσῃ.
