4088 6382
599 437 710 498 635

1722 441 1779 499 S.
1819 441 2277 499 ATHANASIUS.
2314 473 2386 486 —
2418 442 2665 500 SPURIA

3713 442 3814 500 636

599 570 702 630 per
728 558 1012 616 Ieremiam
1040 573 1231 614 rursus
1263 556 1398 613 dixit
1426 573 1536 612 non
1556 557 1631 612 ita
1660 559 1892 630 amplius
1922 561 2160 616 futurum

2265 562 2320 616 δὲ
2359 563 2617 636 Ἱερεμίου
2666 560 2755 615 τοῦ
2799 562 3071 634 προφήτου
3121 548 3292 614 πάλιν
3315 549 3562 631 εἴρηκεν,
3591 561 3674 613 ὃτι
3714 561 3814 615 οὐκ

606 665 763 718 esse;
795 650 888 706 sed
925 650 1018 720 qui
1045 637 1342 704 comederit
1369 663 1503 706 uvas
1535 650 1780 717 acerbas,
1809 652 2002 710 dentes
2036 655 2157 725 ejus

604 738 826 810 Stupore
844 725 1149 796 alliciendos
1175 741 1216 792 δ.
1248 739 1373 797 Haec
1418 757 1608 798 rursus
1637 743 1914 800 Christum
1950 745 2019 801 ad
2057 745 2158 801 Ju»

605 832 749 886 daeos
781 833 1047 886 dicentem
1071 831 1320 889 audimus
1352 852 1365 888 :
1396 852 1417 886 ι
1465 835 1636 891 Amen
1672 836 1797 892 dico
1827 837 1983 894 vobis
2005 878 2021 902 ,
2067 853 2158 894 ve-

606 923 759 978 nient
788 923 1103 993 iniquitates
1146 932 1362 995 patrum
1397 936 1699 982 vestrorum
1751 945 1914 999 super
1955 945 2074 996 vos,
2126 946 2158 985 a

604 1015 867 1084 sanguine
895 1016 1028 1071 Abel
1051 1017 1208 1086 justi,
1239 1033 1413 1089 usque
1441 1019 1508 1073 ad
1537 1021 1854 1092 sanguinem
1885 1021 2159 1078 Zachariae

604 1102 698 1158 ﬁlii
732 1104 1024 1170 Barachiaa,
1054 1124 1212 1178 quem
1239 1110 1516 1167 occidistis
1543 1111 1685 1167 inter
1717 1114 1974 1183 templum
2004 1123 2056 1169 et
2080 1114 2159 1168 al-

603 1203 717 1250 tare
750 1196 790 1248 ⁸.
830 1215 850 1248 ι
899 1195 1054 1253 Unde
1083 1199 1212 1254 licet
1249 1199 1521 1271 conjicere
1545 1244 1559 1269 ,
1595 1204 1736 1272 apud
1770 1203 2010 1260 inﬁdeles
2039 1220 2160 1274 pec-

601 1293 723 1340 cata
748 1296 1030 1358 parentum
1068 1289 1357 1362 impiorum
1382 1293 1438 1348 in
1467 1294 1604 1350 filios
1626 1311 1909 1366 perversos
1951 1297 2154 1360 induci,

601 1390 711 1430 non
759 1377 815 1432 in
855 1378 1028 1435 bonos
1066 1398 1081 1435 :
1137 1388 1193 1434 at
1232 1381 1375 1451 apud
1427 1383 1642 1449 fideles,
1695 1393 1938 1440 sanctum
1984 1386 2157 1456 bapti-

603 1481 720 1520 sma
767 1484 934 1538 puros
975 1487 1077 1528 nos
1123 1473 1302 1529 reddit
1349 1474 1418 1530 ab
1457 1476 1604 1532 omni
1633 1476 1930 1548 ,iniquitate
1966 1493 2157 1548 paren-

603 1564 737 1611 tum.

673 1718 893 1787 Quasr.
928 1722 1156 1780 LXVIII.
1188 1725 1416 1792 Quidam
1447 1728 1752 1798 ainntsape
1773 1729 2007 1787 infantes
2039 1748 2157 1802 pro-

603 1821 724 1879 pter
762 1823 1044 1882 parentum
1076 1824 1293 1886 peccata
1326 1819 1464 1872 mori
1491 1837 1508 1874 :
1540 1834 1669 1873 num
1700 1822 1754 1876 id
1777 1839 1960 1878 verum
1985 1825 2106 1894 est_?

673 1902 837 1958 Βεει».
868 1907 1022 1959 Absit
1054 1907 1105 1960 id
1135 1909 1210 1961 ita
1233 1910 1391 1963 esse!

673 1990 893 2057 Qussr.
946 1993 1129 2047 LXIX.
1173 1995 1281 2049 Cur
1324 1997 1490 2066 igitur
1523 1998 1755 2054 infantes
1802 2001 2149 2058 moriuntur:

603 2083 696 2136 alii
715 2099 843 2138 vero
866 2087 1292 2140 consenescunt?
1311 2088 1418 2143 Cur
1444 2091 1570 2145 item
1593 2093 1808 2162 quidam
1827 2095 1974 2161 juste
1993 2112 2156 2167 agen-

602 2183 702 2236 tes,
737 2173 898 2229 breve
920 2183 1131 2246 tempus
1165 2179 1397 2233 vivunt:
1446 2181 1535 2236 alii
1569 2198 1696 2237 vero
1726 2185 1865 2240 male
1908 2197 2150 2257 agentes,

600 2263 827 2332 longaevi
859 2267 1204 2320 moriuntur?
1235 2270 1345 2324 Cur
1378 2271 1504 2325 item
1546 2273 1636 2327 alii
1665 2275 1792 2329 boni
1849 2277 2054 2348 absque
2091 2280 2154 2334 Ii-

598 2356 746 2410 beris
779 2366 833 2410 et
865 2356 1053 2427 inapes
1093 2367 1220 2414 sunt
1257 2380 1268 2414 :
1312 2362 1400 2416 alii
1432 2371 1608 2417 autem
1634 2365 1781 2434 impii
1817 2367 2016 2423 multos
2058 2369 2157 2423 ha-

600 2443 729 2498 bent
754 2443 976 2510 liberos,
1012 2455 1066 2500 et
1098 2445 1328 2504 feliciter
1355 2451 1599 2521 degunt?

670 2532 832 2589 Resp.
863 2535 1031 2590 Multa
1061 2536 1128 2593 de
1161 2539 1244 2594 his
1268 2540 1360 2594 Dei
1383 2542 1603 2610 judiciis
1624 2554 1845 2613 possent
1869 2546 2152 2616 disputari,

600 2639 829 2693 quorum
849 2628 1032 2698 utique
1053 2631 1192 2684 ratio
1211 2632 1396 2700 nequit
1415 2634 1816 2702 comprehendi.
1836 2635 2059 2704 Tamen,
2094 2648 2152 2694 ut

600 2731 667 2770 ex
712 2721 917 2773 sanctis
959 2719 1259 2790 Scripturis
1285 2723 1634 2792 percipimus,
1663 2728 2055 2797 respondemus
2097 2730 2158 2784 fi-

599 2808 799 2863 delium
822 2809 1058 2866 infantes
1090 2826 1198 2864 non
1230 2812 1300 2867 ob
1336 2821 1621 2882 parentum
1651 2827 1906 2886 peccata,
1957 2820 2050 2875 sed
2089 2820 2158 2876 ad

597 2915 786 2954 eorum
829 2900 1263 2956 emendationem
1316 2918 1456 2973 sape
1496 2905 1675 2961 mori:
1708 2923 1813 2978 qua
1847 2908 1902 2963 in
1946 2925 2004 2965 re
2050 2911 2158 2966 duo

599 2992 741 3048 Deus
764 3004 1019 3062 procurat
1047 2994 1187 3049 bona
1207 3035 1222 3059 ,
1253 3011 1421 3049 unum
1454 2997 1704 3067 quidem,
1749 3010 1805 3054 ut
1837 3001 1958 3070 puri
1997 3001 2158 3058 dece-

599 3085 822 3153 dentes,
875 3088 1105 3142 salutem
1145 3087 1258 3140 illic
1304 3097 1708 3157 consequantur
1753 3109 1767 3144 ε
1821 3091 1960 3148 forte
2013 3094 2156 3148 enim

599 3179 725 3247 quia
768 3179 1070 3247 improbam
1119 3178 1341 3232 omnino
1384 3179 1552 3234 vitam
1605 3184 1781 3237 acturi
1823 3193 2012 3250 erant,
2065 3202 2158 3242 eos

602 3269 742 3324 Deus
767 3266 1170 3339 dispensatione
1193 3269 1425 3339 quadam
1456 3279 1614 3350 antea
1640 3273 1864 3344 eripuit;
1899 3275 2042 3330 aliud
2072 3292 2160 3330 au-
2187 3253 2227 3310 ί)

601 3367 708 3412 tem
740 3358 939 3413 bonum
962 3366 1062 3421 es't,
1087 3365 1144 3412 ut
1176 3359 1278 3428 ipsi
1297 3367 1548 3429 parentes
1609 3363 1965 3432 sapientiores
1991 3365 2120 3419 fiant
2144 3384 2157 3420 :

601 3449 739 3505 forte
770 3465 897 3504 vero
937 3460 995 3504 ut
1021 3450 1304 3520 pecuniam
1331 3493 1346 3516 ,
1401 3466 1564 3520 quam
1609 3460 1933 3510 testamento
1977 3457 2160 3512 liberis

601 3542 778 3596 daturi
809 3549 984 3606 erant,
1018 3543 1073 3595 in
1123 3557 1390 3612 pauperes
1424 3543 1682 3613 deinceps
1724 3546 2021 3602 insumant.
2059 3547 2162 3604 De-

601 3635 763 3703 nique
779 3635 880 3687 alia
899 3633 1054 3702 plane
1076 3634 1142 3688 de
1173 3650 1335 3690 causa
1357 3635 1514 3692 nobis
1542 3637 1773 3691 occulta.
1801 3637 1866 3690 Et
1894 3638 2006 3692 haec
2039 3639 2160 3709 qui-

599 3727 718 3780 dem
736 3728 877 3795 quod
896 3725 964 3778 ad
981 3725 1215 3779 fidelium
1235 3726 1470 3782 infantes
1487 3736 1710 3797 spectat.
1730 3729 1961 3798 Improbi
1983 3739 2160 3785 autem

599 3817 844 3872 homines
877 3817 1236 3872 forteidcirco
1258 3818 1691 3885 fortunati-sunt,
1722 3821 1949 3876 feliciter
1974 3831 2158 3893 agunt,

597 3921 652 3967 et
679 3912 881 3966 liberos
909 3911 1144 3978 habent;
1190 3912 1336 3981 quod
1373 3913 1620 3982 quaedam
1657 3929 1821 3983 parva
1869 3915 2008 3970 Isona
2032 3931 2159 3985 ege-

2262 653 2412 710 ἐσται
2439 655 2531 709 τοῦ
2565 653 2749 708 λοιποῦ
2778 653 2974 716 οὕτως’
3011 651 3123 706 ἀλλ’
3151 652 3298 715 ὅστις
3330 650 3476 721 φάγῃ
3497 651 3622 714 τοὺς
3639 651 3814 722 ὄμφα-

2260 766 2381 814 κας,
2428 748 2589 802 αὑτοῦ
2633 750 2682 801 οἰ
2725 747 2930 810 ὀδόντες
2969 745 3374 816 ὡμοδιάσουσιν.
3419 744 3712 815 ’Δκούομεν
3758 747 3813 800 δὲ

2261 841 2421 895 πάλιν
2463 840 2556 894 τοῦ
2610 839 2841 911 Χριστοῦ
2903 837 3036 910 πρὸς
3077 838 3354 902 Ἰουδαίους
3405 837 3671 906 λέγοντος,
3706 839 3808 902 ὅτι,

2273 929 2450 999 Ἀμὴν
2491 930 2644 999 λέγω
2688 927 2846 996 ὑμῖν,
2876 926 3302 981 ἐπελεύσονται
3344 927 3402 978 αἱ
3438 925 3674 993 ἀνομίαι
3700 922 3810 994 (98)

2257 1020 2379 1073 τῶν
2414 1018 2676 1088 πατέρων
2719 1015 2882 1087 ὑμῶν
2914 1016 3005 1085 ἐφ’
3036 1015 3211 1086 ὑμᾶς,
3260 1016 3374 1070 ἀπὸ
3401 1014 3532 1083 ετοῦ
3570 1015 3812 1083 αἵματος

2265 1112 2443 1164 ’Ἅϐελ
2472 1109 2576 1162 τοῦ
2600 1108 2827 1162 δικαίου
2859 1106 2969 1174 ἕως
2991 1106 3096 1160 τοῦ
3117 1108 3360 1176 αἵματος
3384 1105 3682 1174 Ζαχαρίου
3707 1104 3812 1158 τοῦ

2259 1197 2393 1253 υἱοῦ
2424 1197 2742 1265 Βαραχίου,
2773 1195 2843 1249 ὃν
2879 1196 3243 1264 ἐφονεύσατε
3275 1193 3498 1263 μεταξὺ
3529 1191 3635 1246 τοῦ
3664 1191 3811 1246 ναοῦ

2260 1288 2356 1342 καί
2383 1287 2489 1341 τοῦ
2517 1286 2962 1353 θυσιαστηρίου.
2989 1284 3146 1338 Ὅθεν
3180 1280 3530 1352 στοχάζεσθαι
3568 1280 3696 1352 χρὴ,
3731 1280 3812 1332 ὅτι

2260 1379 2352 1431 ἐπὶ
2386 1380 2485 1447 μὲν
2515 1376 2623 1430 τῶν
2665 1377 2904 1430 ἀπίστων
2934 1374 3044 1447 (99)
3084 1375 3373 1442 ἐπάγονται
3422 1373 3685 1444 ἁμαρτίαι
3710 1389 3812 1424 πα-

2259 1470 2431 1541 τέρων
2459 1469 2667 1523 ἀσεϐῶν
2693 1469 2785 1521 ἐπὶ
2810 1469 2957 1532 υἱοὺς
2975 1467 3240 1539 πονηρούς
3261 1485 3274 1499 ο
3309 1467 3368 1521 οὺ
3402 1466 3510 1537 γὰρ
3539 1464 3771 1535 ἀγαθούς
3795 1482 3807 1494 ·

2260 1563 2353 1614 ἐπὶ
2373 1561 2428 1615 δὲ
2455 1561 2560 1615 τῶν
2583 1561 2787 1615 πιστῶν
2814 1561 2874 1615 τὸ
2902 1561 3052 1631 ἆγιον
3076 1561 3348 1633 βάπτισμα
3362 1558 3641 1628 καθαρίζει
3667 1557 3812 1628 ἡμᾶς

2259 1651 2366 1704 ἀπὸ
2402 1653 2581 1724 πάσης
2611 1654 3018 1725 προπατορικῆς
3049 1652 3334 1724 ἁμαρτίας.

2343 1739 2530 1811 Ἐρώτ.
2553 1740 2652 1813 ξη’.
2672 1741 2827 1805 Τινές
2845 1759 2974 1810 φασι
3000 1741 3256 1804 πολλάκις
3275 1740 3527 1810 τάευτᾷν
3550 1739 3716 1808 νήπια
3735 1736 3810 1808 (l)

2259 1833 2343 1886 διὰ
2376 1833 2576 1904 γονέων
2603 1835 2869 1906 ἁμαρτίας
2886 1850 2899 1863 ·
2937 1829 3045 1903 ἄρα
3069 1831 3237 1894 οὕτως
3259 1831 3434 1896 ὲστίν;

2336 1926 2523 1980 Ἀπόκ.
2553 1925 2639 1996 Μὴ
2667 1925 2871 1993 γένοιτο
2902 1919 3037 1978 εἶναι
3068 1922 3225 1976 τοῦτο
3253 1921 3447 1985 οὕτωςί

2339 2017 2527 2087 Ἐρώτ.
2564 2016 2656 2080 ξθ’.
2687 2017 2840 2081 Τίνος
2867 2016 3023 2089 χάριν
3057 2018 3225 2087 νήπια
3258 2013 3568 2068 τελευτῶσιν
3588 2029 3602 2043 ο
3634 2012 3813 2081 ἕτεροι

2255 2109 2310 2162 δὲ
2341 2109 2724 2180 ὑπεργηρῶσι;
2771 2109 2865 2162 καί
2893 2108 3051 2163 πόθεν
3083 2108 3227 2170 τινὲς
3254 2107 3348 2179 μὲν
3369 2102 3815 2176 δικαιοπραγοῦν-

2256 2217 2344 2264 τες
2377 2199 2612 2267 γίνονται
2641 2199 2894 2269 ὀλιγόϐιοι
2925 2199 3028 2272 (Ξν.)⁶
3060 2198 3204 2262 τινὲς
3241 2197 3296 2250 δὲ
3337 2193 3814 2267 κακοπραγοῦντες

2259 2289 2593 2360 πολυχρόνιοι
2621 2289 2963 2343 τελευτῶσιΨ
2987 2288 3131 2342 ἄλλοι
3147 2289 3201 2341 δὲ
3226 2287 3416 2357 ἀγαθοί
3433 2287 3668 2354 γίνονται
3689 2284 3814 2338 ἄτε-

2259 2398 2374 2434 κνοι
2391 2381 2484 2433 καὶ
2505 2382 2764 2452 πένητες·
2798 2381 2972 2452 ἕτεροι
2993 2381 3049 2435 δὲ
3077 2379 3290 2443 ἀσεϐεῖς
3313 2376 3624 2433 εὐτεκνοῦσί
3642 2393 3702 2429 τε
3722 2373 3816 2428 καὶ

2258 2472 2652 2544 εῦπραγοῦσινς

2341 2564 2527 2618 Ἀπόκ.
2548 2565 2720 2627 Πολὺς
2753 2566 2781 2617 6
2817 2565 2943 2636 περὶ
2969 2563 3169 2618 τούτων
3199 2562 3306 2616 τῶν
3336 2560 3430 2615 τοῦ
3453 2560 3586 2614 Θεοῦ
3622 2560 3816 2632 χριμά-

2257 2671 2364 2708 των
2389 2653 2542 2723 λόγος
2576 2655 2668 2720 κᾳὶ
2696 2654 3089 2722 άκατάληπτος.
3115 2655 3302 2724 Ὅμως
3320 2652 3394 2716 ὡς
3427 2653 3490 2704 ὲκ
3517 2651 3624 2704 τῶν
3650 2653 3814 2720 ἁγίων

2258 2745 2489 2816 Γραφῶν
2528 2745 3076 2815 καταλαμϐανόμεθα,
3115 2745 3362 2814 λέγομεν,
3401 2744 3590 2813 ὅτιπερ
3613 2742 3680 2794 τὰ
3710 2741 3814 2827 τῶν

2260 2838 2464 2891 πιστῶν
2484 2839 2652 2909 νήπια
2683 2838 2779 2890 οὐκ
2809 2836 2867 2900 ἐξ
2897 2837 3196 2908 ἁμαρτιῶν,
3226 2835 3359 2890 ἀλλὰ
3393 2835 3650 2898 πολλάκις
3685 2835 3815 2904 πρὸς

2263 2929 2630 3000 σωφρονισμὸν
2655 2927 2762 2980 τῶν
2793 2926 2992 2996 γονέων
3036 2925 3354 2978 τελευτῶσι·
3384 2925 3477 2978 δύο
3509 2925 3692 2993 ἀγαθά
3724 2923 3814 2976 τοῦ

2255 3018 2392 3072 Θεοῦ
2426 3020 2482 3071 ἐν
2508 3018 2681 3089 τούτῳ
2714 3017 3254 3090 πραγματευομένου,
3289 3015 3345 3068 ἓν
3368 3018 3486 3086 μὲν,
3515 3017 3681 3080 ὅπως,
3717 3033 3814 3068 κα-

2259 3109 2397 3181 θαρά
2416 3108 2732 3172 ἀπελθόντα,
2761 3108 3034 3180 σωτηρίας
3063 3110 3176 3161 ἐκεῖ
3201 3107 3521 3178 ἐντύχωσιν’
3555 3107 3683 3170 ἴσως
3714 3106 3817 3176 γάρ

2260 3199 2342 3251 ὅτι
2378 3199 2516 3253 πάνυ
2546 3199 2778 3271 πονηρὸν
2803 3198 2913 3269 βίον
2953 3197 3114 3268 ζῆσαι
3161 3197 3442 3268 μέλλοντα,
3468 3197 3820 3268 οἰκονομικῶς

2259 3293 2287 3343 6
2306 3289 2436 3354 Θεὸς
2454 3291 2800 3362 προήρπασεν
2814 3291 2950 3345 αὐτά
2969 3307 2981 3320 ·
3009 3289 3254 3360 δεύτερον
3271 3289 3347 3353 δὲ,
3365 3291 3512 3352 ὅπως
3527 3290 3618 3342 καὶ
3635 3289 3684 3341 οἰ
3703 3288 3822 3341 τού-

2257 3400 2362 3435 των
2413 3385 2586 3451 γονεῖς
2635 3382 3054 3453 σωφρονέστεροι
3109 3381 3393 3452 γίνωνταιο
3445 3382 3573 3445 ἴσως
3629 3380 3687 3433 δὲ
3737 3383 3821 3433 ἵνα

2257 3473 2325 3527 τὰ
2357 3474 2430 3544 (ὅ)
2469 3477 2581 3537 τοῖς
2604 3473 2811 3536 τέκνοις
2843 3473 3102 3544 μέλλοντα
3135 3475 3276 3530 κατὰ
3318 3473 3579 3544 διαθήκας
3606 3471 3820 3542 δοθῆναι

2260 3568 2512 3638 χρήματα
2545 3569 2624 3629 εἰς
2674 3569 2919 3637 πτωχοὺς
2949 3567 3130 3622 λοιπὸν
3161 3565 3526 3636 δαπανηθῶσι.
3595 3565 3821 3625 Πάντως

2259 3655 2314 3708 δὲ
2351 3657 2444 3710 καὶ
2473 3654 2613 3708 κατά
2653 3655 2778 3708 ἄλλο
2814 3657 2988 3726 κρῖμα
3026 3657 3157 3725 ἡμῖν
3189 3654 3428 3723 ὑπάρχον
3458 3651 3674 3722 ἄδηλον.
3717 3650 3824 3702 Καὶ

2259 3742 2398 3797 οὕτω
2426 3743 2523 3814 μὲν
2547 3743 2674 3815 περὶ
2713 3741 2916 3796 πιστῶν
2946 3744 3152 3814 νηπίων
3176 3743 3346 3812 λόγος.
3375 3739 3730 3810 Εὐπραγοῦσι
3762 3739 3818 3792 δὲ

2260 3834 2352 3888 καὶ
2378 3833 2655 3887 εὐθυνοῦσι
2695 3835 2788 3887 καὶ
2817 3833 3157 3888 εὐτεκνοῦσιν
3196 3833 3381 3904 ἄνδρες
3413 3832 3661 3902 πονηροὶ,
3699 3830 3825 3892 ἴσως

2261 3926 2376 3981 τινὰ
2398 3927 2565 3999 μικρά
2585 3927 2762 3996 ἀγαθά
2776 3926 2909 3998 ἔργα
2929 3927 3003 3997 (4)
3024 3927 3360 3998 ποιήσαντες,
3384 3925 3477 3976 καὶ
3489 3921 3722 3975 ἐνταῦθα
3739 3921 3825 3972 τὸν

602 4003 727 4067 rint,
764 4016 993 4071 quorum
1030 4002 1334 4056 mercedem
1368 4003 1457 4057 hic
1479 4003 1634 4073 231
1663 4006 1957 4074 recipiant,
1992 4013 2049 4059 ut
2075 4006 2160 4060 di—

2265 4019 2449 4088 μισθὸν
2477 4019 2660 4089 ξαύτῶν
2682 4018 3174 4089 ἀπολαμϐάνοντες,
3210 4016 3283 4078 ὡς
3311 4017 3338 4067 6
3355 4013 3601 4075 πλούσιος
3624 4012 3826 4072 ἐκεῖνος

602 4107 695 4147 ves
724 4092 813 4146 ille
835 4091 902 4144 ad
939 4107 1098 4160 quem
1122 4092 1236 4146 haec
1261 4093 1404 4148 dicta
1435 4103 1564 4149 sunt
1589 4115 1603 4148 :
1637 4114 1656 4146 ι
1689 4095 1993 4152 Recordare
2017 4098 2160 4167 quod

2261 4111 2289 4162 6
2317 4109 2584 4174 ἀκούσας·
2632 4129 2649 4162 ι
2679 4110 2959 4182 Μνήσθητι
2993 4111 3072 4163 ὅτι
3106 4107 3373 4170 ἀπέλαϐες
3403 4105 3472 4158 τὰ
3519 4104 3700 4174 ἀγαθά
3733 4121 3825 4156 σου

603 4183 875 4252 receperis
908 4183 1050 4236 bona
1079 4191 1170 4236 tua
1196 4183 1251 4236 in
1282 4183 1392 4238 vita
1437 4191 1531 4236 tua
1555 4185 1594 4239 ⁸.
1625 4202 1645 4236 ι
1677 4184 1790 4239 IIoc
1817 4195 1919 4250 est,
1950 4188 2160 4256 plenam

2262 4205 2321 4255 ὲν
2347 4205 2412 4273 τῇ
2443 4205 2554 4274 ζωῇ
2591 4220 2715 4255 σοῦ’
2753 4222 2770 4255 ι
2809 4203 3106 4265 τουτέστιν,
3154 4198 3473 4270 ὲπληρὼθης
3512 4199 3604 4250 τὸν
3641 4196 3826 4267 μισθὸν

602 4273 902 4329 mercedem
925 4275 1187 4328 bonorum
1235 4289 1356 4346 qua
1390 4277 1571 4345 egisti,
1603 4278 1906 4347 percepisti.
1944 4279 2160 4334 Erum-

2261 4293 2368 4347 τῶν
2388 4273 2606 4361 ἀγαθῶν
2644 4292 2839 4362 ἔργων,
2861 4286 2933 4345 ὧν
2963 4291 3223 4363 ἔπραξας.
3247 4287 3628 4359 Δυσπραγοῦσι
3653 4288 3709 4340 δὲ
3739 4288 3826 4340 εὐ-

602 4364 723 4419 nosi
753 4369 934 4417 autem
969 4363 1055 4417 hic
1100 4369 1228 4418 sunt
1258 4363 1329 4434 pii
1359 4372 1413 4418 et
1449 4366 1621 4420 sancti
1651 4367 1771 4430 viri,
1809 4374 1887 4433 ut,
1910 4384 2004 4438 per
2036 4370 2160 4424 afIli-

2263 4386 2443 4448 λαϐεῖς
2477 4387 2568 4438 καί
2604 4386 2738 4439 ὅσιοι
2765 4383 3016 4446 ἐνταῦθα,
3045 4385 3211 4448 ὅπως,
3244 4381 3330 4434 διὰ
3357 4383 3454 4450 τῆς
3482 4379 3713 4448 θλίψεως
3735 4395 3828 4430 κα-

600 4457 834 4512 ctionem
857 4457 1117 4526 peccatis,
1156 4466 1214 4510 ut
1240 4456 1501 4523 Lazarus,
1539 4461 1771 4529 purgati,
1797 4461 1907 4516 illic
1947 4462 2160 4516 demum

2264 4475 2624 4548 θαρισθέντες,
2651 4476 2725 4540 ὠς
2757 4476 2784 4528 6
2812 4475 3057 4546 Λάζαρος
3087 4473 3194 4525 τῶν
3231 4473 3372 4525 ἰδίων
3396 4469 3828 4542 άμαρτιῶν,ὲκεῖ

600 4563 724 4602 cum
749 4550 867 4617 ipso
889 4549 1264 4605 consolatione
1290 4552 1660 4621 perfruantur.
1696 4552 1751 4606 Si
1780 4557 1923 4608 enim
1957 4575 1973 4606 ι
2001 4571 2160 4624 quem

2262 4568 2444 4622 λοιπὸν
2470 4567 2688 4631 τελείως
2725 4568 2820 4620 σὺν
2868 4566 3015 4637 αὐτῷ
3054 4563 3493 4637 παρακληθῶσιν.
3545 4563 3608 4614 ΕΞ
3639 4562 3746 4630 γὰρ
3772 4558 3828 4611 ὃν

600 4640 777 4711 diligit
810 4638 1090 4707 Dominus,
1127 4644 1434 4714 corripit':
1469 4663 1487 4696 ι
1521 4643 1649 4714 quid
1691 4645 1855 4715 igitur
1877 4648 2162 4716 perturba-

601 4733 700 4795 ris,
737 4732 831 4801 qui
864 4741 1084 4789 sanctos
1113 4735 1267 4790 vides
1302 4738 1499 4790 misere
1535 4736 1814 4806 degentes,
1861 4739 2035 4793 malos
2067 4755 2163 4794 au-

601 4832 709 4878 tem
745 4822 976 4879 feliciter
1004 4834 1246 4895 agentes,
1279 4843 1344 4882 ac
1371 4829 1516 4884 velut
1545 4846 1740 4900 porcos
1774 4830 1840 4884 ad
1879 4831 2163 4886 mactatio-

599 4931 725 4970 nem
777 4916 888 4986 igni
927 4923 1130 4972 aeterno
1178 4919 1456 4989 saginatos
1505 4929 1560 4976 et
1607 4924 1976 4993 praeparatos?
2019 4922 2164 4978 Nihil

599 5022 728 5078 ergo
768 5014 821 5062 te
861 5007 1094 5078 amplius
1141 5011 1446 5067 conturbet.
1481 5012 1592 5069 Nec
1635 5015 1777 5069 enim
1820 5014 1907 5070 hic
1951 5023 2160 5070 tantum

602 5100 906 5156 consistunt
921 5116 1043 5172 qua:
1066 5101 1134 5156 ad
1156 5118 1254 5158 nos
1281 5112 1552 5175 spectant,
1572 5105 1666 5162 sed
1687 5109 1909 5163 omnino
1940 5124 2160 5165 necesse

599 5200 685 5247 est
713 5208 808 5248 eos
861 5195 955 5264 qui
995 5195 1293 5263 salvantur,
1324 5213 1421 5267 per
1449 5198 1647 5254 multas
1677 5200 2052 5257 tribulationes
2080 5203 2164 5256 in-

604 5283 754 5354 gredi
780 5284 838 5338 in
861 5301 1087 5357 regnum
1110 5288 1393 5344 ccelorum.
1417 5287 1519 5343 Hic
1540 5290 1683 5345 enim
1709 5291 1817 5348 Deo
1838 5299 1920 5348 est
1942 5308 2161 5364 scopus,

2271 4662 2456 4732 ἀγαπᾷ
2488 4661 2688 4731 Κύριος
2736 4657 2996 4723 παιδεύει,
3048 4657 3100 4710 τί
3158 4656 3341 4709 λοιπὸν
3375 4652 3644 4724 θορυϐεῖς,
3691 4649 3829 4722 ὁρῶν

2271 4755 2458 4823 ἁγίους
2491 4755 2547 4806 ὲν
2576 4751 2903 4823 δυσπραγίᾳ,
2931 4750 3145 4812 ἀσεϐεῖς
3175 4749 3230 4802 δὲ
3273 4749 3329 4800 ὲν
3361 4743 3633 4814 εὐπραγία
3661 4742 3828 4812 ὑπάρ-

2269 4863 2482 4918 χοντας,
2523 4846 2616 4900 καὶ
2637 4844 2710 4907 ὼς
2737 4844 2949 4914 χοίρους
2992 4845 3071 4906 εἰς
3100 4841 3314 4911 σφαγὴν
3348 4837 3425 4908 τῷ
3463 4837 3667 4906 αἰωνίῳ
3703 4832 3830 4905 πυρί

2271 4935 2634 5005 σιτιζομένους
2666 4934 2758 4988 καὶ
2789 4931 3274 5002 ἑτοιμαζομένους;
3309 4927 3494 4981 λοιπὸν
3523 4921 3615 4980 οῦν
3648 4924 3722 4996 μὴ
3750 4924 3828 4977 θο-

2271 5027 2472 5098 ρυϐοῦ·
2623 5027 2683 5079 οὐ
2717 5025 2824 5097 γὰρ
2871 5025 3028 5096 μέχρι
3081 5023 3189 5077 τῶν
3241 5020 3470 5075 ἐνταῦθα
3521 5020 3735 5072 ἵσταται
3767 5015 3830 5068 τὰ

2270 5113 2532 5184 ἡμέτερα,
2556 5112 2690 5166 ἀλλά
2715 5113 2794 5165 δεῖ
2822 5113 3038 5176 πάντως
3067 5114 3191 5175 τοὺς
3218 5110 3554 5180 σωζομένους
3587 5108 3678 5161 διὰ
3708 5107 3828 5160 πολ-

2268 5203 2377 5258 λῶν
2413 5203 2642 5274 θλίψεων
2676 5203 2936 5258 εἰσελθεῖν
2976 5206 3056 5267 εἰς
3087 5203 3184 5274 τὴν
3223 5201 3499 5272 βασιλείαν
3536 5200 3646 5253 τῶν
3679 5199 3823 5270 obpa-

2271 5293 2396 5348 νῶν.
2429 5293 2635 5357 Σκοπὸς
2663 5293 2771 5364 γὰρ
2815 5285 2966 5357 οὗτός
2997 5293 3111 5346 ἐστι
3139 5291 3215 5362 τῷ
3242 5289 3380 5360 Θεῷ,
3413 5290 3474 5342 τὸ
3502 5289 3712 5350 πάντας
3743 5289 3822 5340 άν-

673 5445 695 5471 ⁶
727 5437 925 5495 Jerem.
961 5455 1127 5508 χιιι,
1162 5443 1250 5498 50.
1326 5443 1348 5474 ⁸
1389 5442 1578 5499 Matth.
1611 5461 1766 5511 χχιιι,
1797 5446 1884 5500 35.
1962 5447 1982 5478 ⁸
2015 5445 2147 5500 Luc.

2261 5463 2303 5511 I,
2333 5445 2424 5502 25.
2499 5448 2518 5478 ⁷
2558 5445 2719 5502 Prov.
2770 5462 2866 5510 ιιι,
2902 5445 2988 5499 12.

826 5553 944 5632 Plio
972 5569 1130 5632 11158:,
1171 5559 1463 5632 ἀμαρτίαι.

699 5622 956 5696 θθῌῖεε.
989 5623 1045 5688 2,
1080 5622 1347 5696 ἀπίστων,
1373 5631 1486 5695 alii,
1517 5631 1880 5687 ἀϐαπτίστων.

706 5691 883 5769 θ’ξῇο
914 5691 1046 5762 Reg.
1073 5691 1344 5769 2_._Eﬁditi,'
1364 5691 1531 5752 πιστὰ
1559 5703 1743 5769 νήπια,
1781 5703 1961 5757 minus
1997 5711 2160 5759 recte.

699 5761 755 5840 2)
790 5761 1057 5840 Sic‘mss:
1085 5765 1223 5820 Editi
1264 5761 1414 5840 vero,
1457 5761 1968 5840 thiatonpdyoﬁwag
2007 5773 2165 5827 ττολυ⁴

609 5831 809 5911 χρόνιοι
836 5831 1172 5903 τελευτῶσιν,
1199 5831 1414 5894 omissis
1443 5831 1784 5909 quibusdam.

2338 5562 2547 5635 (3).Sic
2590 5579 2734 5635 mss.
2774 5564 2834 5617 In
2858 5561 3036 5635 editis
3065 5573 3162 5630 pro
3192 5560 3296 5625 ἵνα,
3344 5556 3455 5623 καί,
3492 5563 3546 5611 et
3573 5553 3822 5611 inferius.

2269 5631 2368 5706 pro
2397 5631 2650 5706 δοθῆναι,
2675 5634 2832 5706 θῆναι
2858 5631 3074 5706 legitur.
3169 5699 3184 5706 _
3323 5699 3334 5706 _

2342 5703 2417 5774 (4)
2460 5694 2535 5774 Ita
2564 5694 2782 5774 quidam
2808 5694 3120 5774 ιιιεεζέργα
3153 5699 3302 5774 deest
3322 5699 3374 5752 in
3409 5694 3594 5774 editis.
3640 5764 3672 5774 Α.

2343 5760 2419 5844 (5)
2446 5760 2602 5833 Ιοαηῖ
2639 5772 2832 5843 Chrys.
2856 5760 3127 5837 honiil'fl,‘
3163 5769 3229 5824 ad
3263 5767 3521 5840 populum
3545 5760 3822 5819 Antioche-

2274 5860 2424 5901 num.
