4088 6382
279 423 374 479 $37

1236 427 1703 496 QUESTIONES
1739 429 1832 484 AD
1868 427 2275 488 ANTIOCHUM
2315 430 2572 488 DUCEM.

3414 436 3520 494 658

247 593 250 596 ,
288 537 526 610 ίρὼπους
550 537 816 610 σωθῆναι,
840 539 934 592 καὶ
958 541 1039 604 είς
1067 541 1362 610 ὲπίγνωσιν
1389 545 1640 616 ἀληθείας
1660 545 1852 601 ἐλθεῖν.

1960 559 2154 602 omnes
2199 547 2452 602 homines
2485 545 2667 602 salvos
2697 545 2812 601 fieri
2838 551 2894 600 et
2923 545 2978 600 in
3015 546 3347 618 agnitionem
3381 551 3523 605 veri—

289 629 470 699 ὶιόπερ
507 628 605 682 καὶ
650 631 767 693 τοῖς
803 630 903 701 μὲν
951 631 1297 707 ἁμαρτωλοῖς
1337 635 1597 701 πολλάκις
1648 652 1853 708 μακρο-
1899 654 1906 661 ·

288 720 493 792 φονίαν
524 721 811 793 χαρίζεται
857 722 956 794 (6),
1007 726 1264 798 ἀφορμὴν
1298 728 1481 792 αὐτοῖς
1517 728 1689 791 διδοὺς
1719 727 1854 799 πρὸς

289 811 603 877 μετάνοιαν⁸
640 812 791 879 ὅπως
819 814 923 868 κᾶν
969 814 1122 880 ὡςοί
1162 817 1293 888 περὶ
1325 818 1427 888 τὴν
1467 818 1756 888 ἑνδεκάτην
1794 820 1856 873 ὲν

288 903 425 956 ὲάθει
449 904 642 975 γήρως
666 904 1063 978 ἑπιστρέψωσν
1091 909 1218 972 τοὺς
1254 908 1311 962 δὲ
1331 909 1572 974 δικαίους
1594 910 1855 975 πολλάκις

287 994 676 1066 ῑλιγοχρονίους
698 996 932 1068 ἁρπάζει
951 1015 966 1028 ·
1003 997 1090 1052 ῖνα
1122 997 1216 1070 μὴ,
1240 998 1317 1062 ῶς
1342 1016 1506 1070 φησιν
1537 998 1853 1069 όΣολομὼν,

287 1089 310 1159 ἡ
339 1087 511 1141 κακία
539 1086 749 1159 ἀλλάξῃ
780 1088 856 1160 (7)
888 1089 1104 1144 σύνεσιν
1134 1089 1333 1156 αὐτῶν,
1357 1091 1390 1162 ἢ
1418 1091 1568 1154 δόλος
1597 1093 1853 1163 ἀπατήσῃ

288 1179 450 1249 ψυχὴν
480 1177 685 1242 αὐτῶν,
707 1178 1082 1244 τελειωθέντες
1103 1180 1162 1232 ὲν
1191 1179 1356 1250 ὀλίγῳ
1386 1178 1713 1251 ἐπλήρωσαν
1730 1180 1855 1251 χρό-

288 1287 397 1335 θους
427 1271 698 1341 μακρούς.
717 1273 944 1344 ’Δρεστὴ
977 1273 1084 1346 γὰρ
1113 1270 1181 1346 ἦν
1206 1272 1396 1346 Κυρίῳ
1419 1274 1454 1345 ὴ
1481 1272 1625 1346 ψυχὴ
1654 1272 1850 1328 αὐτῶν.

356 1447 548 1519 Ἐρὼτ.
596 1446 659 1503 0'.
708 1449 775 1503 Τί
803 1447 931 1516 οὗνς
983 1451 1170 1516 Οὐδεὶς
1219 1451 1329 1506 τῶν
1369 1453 1428 1506 ὲν
1470 1451 1603 1525 τῷδε
1635 1453 1715 1524 τῷ
1755 1453 1855 1527 βίῳ
1945 1457 1950 1460 ’

288 1538 813 1612 σαλαιπωρησάντων
855 1543 1164 1614 εἰσέρχεται
1197 1545 1316 1598 ἐκεῖ
1357 1544 1439 1606 είς
1467 1543 1568 1616 τὴν
1607 1545 1852 1613 γέενναν,

288 1631 394 1684 »ὐτε
431 1633 538 1703 μὴν
571 1633 736 1688 πάλιν
781 1652 866 1698 τις
895 1636 1004 1688 τῶν
1032 1634 1490 1708 εὐημερησάντων
1530 1629 1633 1690 ὧδε
1671 1635 1852 1708 εἰσέρ-

287 1741 426 1793 (εται
461 1727 580 1779 ἐκεῖ
606 1727 687 1790 είς
715 1726 812 1798 τὴν
842 1727 1115 1797 βασιλείαν
1146 1727 1255 1783 τῶν
1290 1728 1533 1798 οὐρανῶν
1561 1730 1676 1800 (8);

358 1817 544 1870 Ἀπόκ.
577 1818 710 1872 Ναί.
751 1819 813 1872 Oi
851 1820 946 1890 μὲν
972 1819 1080 1891 γὰρ
1116 1819 1225 1875 τῶν
1272 1820 1573 1892 ἀνθρώπων
1604 1823 1852 1894 ἥμαρτον

1957 641 2088 693 tatis
2120 641 2324 697 venire.
2364 638 2506 696 Hinc
2553 654 2697 712 saepe
2732 640 3114 710 peccatoribus
3139 641 3356 715 longum
3390 659 3525 698 con-

1955 730 2105 786 cedit
2127 739 2366 804 tempus,
2402 732 2750 789 occasionem
2781 733 2891 790 illis
2921 733 2988 788 ad
3011 734 3385 804 paenitentiam
3426 735 3526 789 tri-

1956 821 2151 888 buens,
2186 831 2246 878 ut
2280 824 2500 891 saltem,
2534 825 2684 881 velut
2711 826 2804 896 qui
2850 826 2918 881 ad
2956 827 3524 884 horam-undecimam

1954 926 2247 983 venerunt,
2296 918 2352 972 in
2386 927 2630 974 extrema
2667 930 2947 976 senectute
2995 931 3400 977 convertantur.
3429 920 3524 976 Ju-

1955 1014 2072 1062 stos
2097 1023 2262 1077 porro
2291 1024 2433 1080 saepe
2455 1016 2579 1079 post
2598 1012 2762 1067 breve
2789 1012 2913 1066 vitae
2943 1020 3154 1082 tempus
3181 1013 3401 1083 abripit,
3433 1029 3521 1077 ne,

1957 1104 2018 1151 ut
2047 1098 2123 1151 ait
2160 1097 2440 1166 Salomon,
2466 1101 2672 1155 malitia
2695 1108 2866 1156 mutet
2891 1101 3224 1157 intellectum
3255 1104 3523 1173 ipsorum,

1959 1197 2054 1243 aut
2075 1189 2236 1245 dolus
2264 1189 2499 1262 decipiat
2517 1207 2703 1247 eorum
2734 1194 2993 1248 animam.
3019 1211 3037 1244 ι
3063 1194 3436 1249 Consummati
3469 1194 3524 1249 in

1956 1280 2134 1346 brevi,
2178 1282 2530 1350 expleverunt
2559 1290 2803 1353 tempora
2842 1284 3002 1357 longa
3018 1285 3061 1339 ⁸.
3093 1304 3111 1336 ι
3151 1284 3354 1340 Placita
3379 1286 3525 1341 enim

1955 1383 2075 1430 erat
2103 1372 2334 1429 Domino
2375 1376 2559 1429 anima
2590 1376 2850 1446 ipsorum.

2027 1464 2248 1531 Quaasr.
2288 1465 2450 1520 LXX.
2501 1465 2640 1532 Quid
2691 1467 3056 1538 ergo?Nemo
3106 1465 3293 1523 eorum
3344 1468 3437 1538 qui
3471 1466 3529 1522 in

1955 1557 2060 1611 bac
2093 1557 2204 1610 vita
2232 1557 2609 1612 calamitosam
2639 1558 2851 1613 ducunt
2882 1559 3051 1613 vitam
3091 1560 3222 1614 illuc
3251 1560 3305 1613 in
3332 1560 3532 1631 gehen-

1953 1663 2081 1704 nam
2109 1649 2450 1720 ingreditur?
2472 1649 2714 1706 Nemone
2756 1653 2884 1706 item
2924 1653 3142 1707 illorum
3175 1654 3267 1724 qui
3303 1654 3390 1708 hic
3422 1653 3534 1710 for-

1955 1745 2145 1794 tunate
2172 1740 2386 1804 vivunt,
2415 1741 2722 1811 ingreditur
2758 1742 2813 1796 in
2851 1759 3080 1814 regnum
3112 1744 3414 1798 caelorum?

2024 1829 2180 1886 Busa.
2232 1831 2328 1887 Est
2359 1847 2490 1888 sane
2517 1834 2613 1887 ita.
2650 1834 2758 1887 Alii
2791 1835 2935 1888 enim
2968 1835 3207 1906 graviter
3242 1836 3534 1890 admodum

286 1909 509 1977 μεγάλα,
539 1911 635 1963 καὶ
680 1911 1078 1984 ὲπαιδεύθησαν
1112 1906 1215 1967 ὧδε
1248 1914 1438 1985 μικρὰ,
1474 1918 1568 1968 καὶ
1607 1915 1857 1970 ὑπόκειν-

1956 1932 2341 1994 peccaverunt,
2373 1932 2426 1979 et
2461 1941 2652 1995 parum
2688 1926 2778 1980 hic
2825 1935 2956 1980 sunt
2980 1905 3275 1998 castigati,
3307 1927 3534 1982 debent-

286 2017 360 2053 ιαι
393 2001 614 2066 πάντως
642 2004 761 2056 ἐκεῖ
790 2005 1187 2076 τιμωρηθῆναι,
1215 2006 1292 2070 ὡς
1323 2007 1415 2060 ἐπὶ
1450 2007 1556 2061 τῶν
1596 2010 1654 2063 ἐν
1694 2009 1850 2062 Σοδό-

285 2112 395 2163 ,ιοις
428 2094 762 2167 εὑρίσκομεν
786 2115 800 2128 ο
834 2099 884 2150 οί
930 2098 988 2151 δὲ
1037 2098 1200 2152 πάλιν
1239 2101 1589 2171 προσήγαγον
1617 2101 1696 2173 τῷ
1733 2101 1853 2174 Θεῷ

283 2188 554 2260 ιαμάτους
588 2189 838 2254 πολλοὺς,
880 2189 1142 2262 μετέσχον
1173 2191 1230 2245 δὲ
1276 2192 1512 2246 ἐνταῦθα
1554 2195 1853 2266 εὐημερίας

282 2283 476 2353 μικρᾶς
507 2281 608 2352 (9),
642 2283 738 2336 καὶ
771 2283 1057 2337 ἀπόκειται
1094 2285 1276 2348 αὐτοῖς
1308 2285 1492 2340 λοιπὸν
1533 2289 1566 2359 ἡ
1609 2287 1854 2357 βασιλεία

283 2374 378 2429 τῶν
423 2375 694 2445 οὐρανῶν,
741 2375 818 2439 ὡς
867 2378 917 2430 οἱ
965 2377 1094 2448 περὶ
1134 2376 1386 2448 Ἀὔραάμ
1438 2381 1533 2434 καὶ
1579 2380 1724 2446 Νῶε,
1759 2381 1854 2434 καὶ

280 2465 608 2536 Μελχισεδέκ
627 2482 640 2496 ·
677 2465 826 2520 ἄλλοι
855 2467 1100 2540 ἥμαρτον
1131 2467 1321 2534 πολλὰ,
1349 2469 1442 2522 καὶ
1478 2469 1676 2524 ἔπαθον
1703 2471 1855 2527 οὐδὲν

280 2556 454 2612 ἐνθάδε
482 2558 740 2630 πονηρὸν,
772 2559 849 2623 ὡς
883 2561 913 2612 ὁ
942 2559 1192 2626 πλούσιος
1235 2562 1265 2614 ὁ
1292 2561 1434 2616 κατὰ
1465 2563 1558 2616 τὸν
1584 2564 1850 2635 Λάζαρον,

277 2651 360 2702 καὶ
391 2650 711 2704 ὑπόκεινται
738 2652 856 2704 ἐκεῖ
881 2655 946 2724 τῇ
980 2654 1196 2708 πάντων
1218 2654 1572 2728 χαλεπωτέρᾳ
1599 2657 1818 2711 κολάσει
1835 2674 1849 2688 ο

276 2741 444 2813 ἕτεροι
476 2741 536 2794 δὲ
573 2741 797 2813 ἐξῆλθον
829 2742 916 2796 διὰ
943 2743 1074 2796 Θεὸν
1103 2746 1158 2798 ὲν
1189 2745 1296 2817 ὅλῳ
1324 2745 1401 2817 τῷ
1431 2747 1605 2818 χρόνῳ
1649 2749 1708 2802 ἐν
1753 2765 1856 2821 μη-

275 2836 472 2897 λωταῖς
523 2834 620 2887 καὶ
675 2834 904 2903 αἰγείοις
958 2834 1222 2906 δέρμασι,
1276 2838 1458 2908 πάσης
1507 2835 1856 2905 ἀπολαύσεως

275 2928 516 2996 επιγείου
561 2926 985 2998 ἀποταξάμενοι,
1031 2929 1081 2981 οἳ
1128 2930 1222 2982 καὶ
1256 2929 1515 3001 μειζόνων
1543 2933 1694 3005 παρά
1722 2933 1855 2989 Θεοῦ

274 3017 487 3088 δωρεῶν
532 3019 671 3089 ὑπὲρ
722 3018 930 3083 πάντας
964 3017 1275 3082 ἀξιοῦνται·
1315 3021 1462 3076 ἄλλοι
1514 3023 1570 3077 δὲ
1613 3025 1858 3098 ἥμαρτον

273 3110 351 3182 τῷ
383 3110 506 3182 Θεῷ
545 3110 788 3182 μερικῶς
817 3111 949 3183 (10),
986 3113 1079 3165 καὶ
1109 3113 1502 3185 ὲπαιδεύθησαν
1530 3115 1698 3182 ἀξίως
1719 3117 1858 3189 ὑπὲρ

274 3197 343 3258 ὧν
374 3204 650 3276 ἥμαρτον,
677 3205 772 3258 καὶ
805 3204 1186 3277 ὲλυτρώθησαν
1219 3208 1336 3259 ἐκεῖ
1366 3207 1468 3278 τῆς
1510 3209 1728 3262 αἰωνίου
1760 3227 1854 3262 κο-

277 3295 502 3361 λάσεως,
535 3295 612 3359 ὡς
641 3297 670 3349 ὁ
705 3295 920 3367 πτωχὸς
951 3295 1221 3368 Λάζαρος.
1253 3299 1414 3351 Ὥστε
1455 3298 1544 3352 διά
1573 3299 1680 3353 τῶν
1707 3303 1858 3372 εἰρη-

277 3387 447 3458 μένων
503 3387 804 3459 ὲμάθομεν,
853 3389 935 3442 ὃτι
963 3389 1014 3441 οί
1063 3389 1162 3460 μὲν
1208 3389 1318 3442 τῶν
1351 3389 1654 3462 ἀνθρώπων
1701 3394 1860 3446 κάκεῖ

277 3482 362 3534 καὶ
401 3473 510 3536 ὧδε
541 3480 894 3545 κολάζονται·
931 3484 979 3536 οἱ
1010 3481 1068 3534 δὲ
1113 3475 1213 3536 ὦδε
1247 3483 1341 3536 καὶ
1377 3482 1535 3553 μόνον
1555 3500 1569 3514 ο
1624 3483 1772 3538 ἄλλοι
1800 3485 1858 3538 δὲ

275 3565 374 3626 ὧδε
397 3573 502 3644 μὲν
533 3573 807 3644 οὐδαμῶς,
841 3573 958 3626 ἐκεῖ
986 3573 1043 3627 δὲ
1086 3574 1380 3646 ὀδυνηρῶς.
1427 3575 1636 3646 ’Ὠσπερ
1673 3576 1766 3629 καὶ
1797 3575 1859 3628 τὸ

276 3664 513 3718 ἐναντίον
546 3662 660 3734 (11)
680 3679 695 3693 ·
726 3664 810 3717 ὅτι
853 3664 903 3716 οί
942 3664 1040 3734 μὲν
1067 3663 1160 3717 καὶ
1182 3663 1412 3718 ἐνταῦθα
1446 3664 1540 3718 καὶ
1579 3665 1696 3717 ἐκεῖ
1725 3665 1861 3717 ἀπο·

276 3756 560 3810 λαύουσιν·
616 3757 666 3809 oi
715 3756 776 3810 δὲ
823 3755 1056 3810 ἐνταῦθα
1095 3756 1194 3828 μὲν
1235 3756 1506 3828 οὐδαμῶς,
1557 3756 1674 3810 ἀλλ’
1719 3758 1854 3811 ἐκεῖ.

275 3849 434 3913 Ἴσως
466 3847 529 3904 δέ
556 3865 703 3911 τινες
748 3847 844 3902 καὶ
871 3846 980 3901 τῶν
1026 3847 1259 3902 ἐνταῦθα
1306 3848 1400 3901 καὶ
1428 3847 1536 3900 τῶν
1569 3847 1687 3899 ἐκεῖ
1712 3847 1854 3900 ἀπο-

275 3942 564 3996 πίπτουσιν
587 3958 602 3971 ·
651 3932 756 3994 ὦδε
793 3939 890 4011 μὲν
936 3939 1004 3993 δι’
1050 3940 1568 4012 ἀνθρωπαρὲσκειαν
1609 3955 1858 3991 κακοπα-

275 4032 560 4104 θήσαντες,
589 4031 689 4086 καὶ
733 4029 825 4085 διά
858 4031 1016 4085 τοῦτο
1053 4031 1164 4085 τῶν
1207 4033 1324 4086 ἐκεῖ
1356 4030 1573 4101 ἀγαθῶν
1600 4029 1860 4084 ἐκπεσόν-

275 4141 377 4188 τες.
433 4128 532 4178 Δεῖ
588 4123 769 4178 τοίνυν
824 4122 1032 4186 πάντας
1083 4123 1208 4187 τοὺς
1257 4123 1500 4187 εὐσεϐεῖς
1556 4122 1859 4194 συμπαθεῖς

277 4217 601 4273 ἐπίστασθαι
677 4216 942 4289 ἀκριϐῶς,
1001 4217 1194 4286 ὅτιπερ
1253 4216 1314 4270 οὐ
1374 4217 1533 4287 μόνον
1595 4215 1734 4286 ὑπὲρ
1783 4207 1858 4270 ὧν

276 4307 514 4380 ἔπραξαν
546 4307 865 4362 ὑπόκεινται
896 4307 1239 4378 συμπάθειαν
1283 4308 1364 4370 είς
1406 4308 1532 4370 τοὺς
1575 4306 1859 4377 δεομένους

277 4398 667 4467 ἐπιδείξασθαι,
717 4397 853 4452 ἀλλά
903 4398 998 4451 καὶ
1047 4397 1188 4469 ὑπὲρ
1229 4395 1448 4450 πάντων
1489 4389 1566 4451 ὧν
1597 4397 1780 4460 αὐτοῖς
1829 4395 1860 4448 ὁ

277 4491 402 4556 Θεὸς
426 4492 746 4562 ἐδωρήσατο
774 4489 1014 4558 ἀγαθῶν.
1051 4491 1126 4544 Οὐ
1162 4488 1271 4563 γάρ
1302 4489 1382 4542 δεῖ
1413 4492 1630 4561 μετρεῖν
1677 4487 1747 4542 τὰ
1777 4487 1858 4541 δι-

1954 2030 2061 2084 que
2091 2015 2314 2070 omnino
2354 2016 2468 2069 illic
2497 2017 2676 2086 puniri
2713 2027 2770 2071 ut
2795 2018 2850 2071 in
2884 2017 3184 2073 Sodomitis
3215 2019 3400 2072 videre
3425 2028 3532 2074 est.

1952 2103 2059 2160 Alii
2089 2121 2283 2161 rursus
2315 2108 2516 2161 multos
2561 2108 2776 2161 labores
2820 2106 2932 2162 Deo
2961 2109 3295 2175 obtulerunt,
3325 2125 3536 2178 parm-

1954 2210 2059 2266 que
2089 2194 2366 2250 felicitatis
2408 2195 2497 2250 hic
2540 2194 2692 2251 fuere
2731 2196 3050 2267 participes,
3099 2197 3300 2266 quibus
3344 2197 3533 2267 utique

1954 2302 2180 2359 regnum
2229 2288 2494 2344 cmlorum
2545 2297 2887 2343 reservatum
2939 2295 3061 2355 est,
3102 2296 3162 2342 ut
3207 2289 3526 2354 Abraham,

1953 2378 2069 2436 Noe
2099 2389 2152 2436 et
2188 2379 2568 2436 Melchisedec.
2607 2380 2714 2434 Alii
2749 2380 2978 2433 multum
3009 2387 3397 2450 peccaverunt,
3443 2381 3531 2434 ni-

1954 2471 2141 2542 hilque
2169 2472 2260 2528 hic
2293 2471 2696 2528 incommodum
2727 2472 2972 2542 perpessi
3003 2480 3131 2527 sunt
3170 2481 3229 2525 ut
3262 2471 3413 2526 dives
3439 2471 3531 2526 ille

1957 2565 2050 2634 qui
2081 2565 2137 2620 in
2184 2565 2416 2621 historia
2455 2563 2648 2618 Lazari
2683 2565 3079 2628 memoratur’,
3117 2563 3337 2634 illicque
3379 2563 3532 2619 subi-

1955 2658 2065 2711 turi
2089 2666 2216 2712 sunt
2245 2656 2607 2726 asperrimum
2636 2655 2877 2710 omnium
2915 2653 3262 2724 supplicium.
3294 2653 3400 2707 Alii
3427 2668 3530 2707 au-

1955 2758 2065 2805 tem
2103 2765 2198 2820 per
2232 2757 2405 2803 totam
2441 2749 2606 2803 vitam
2639 2755 2861 2819 propter
2898 2745 3067 2800 Deum
3102 2746 3440 2801 circuierunt
3474 2747 3532 2800 in

1957 2843 2176 2897 melotis
2222 2848 2276 2897 et
2309 2841 2545 2912 pellibus
2572 2840 2812 2910 caprinis
2837 2838 2901 2906 ¹⁰,
2931 2837 3080 2892 omni
3130 2846 3347 2892 terrena
3381 2838 3534 2892 volu-

1957 2941 2106 3006 ptate
2135 2935 2360 3004 rejecta,
2389 2948 2529 3004 quos
2552 2931 2908 3002 amplioribus
2930 2929 3091 2984 donis
3120 2929 3230 2983 illic
3260 2927 3401 2983 Deus
3422 2944 3533 2998 prae

1959 3029 2176 3083 caeteris
2220 3026 2476 3082 omnibus
2509 3024 2847 3096 dignabitur.
2880 3023 2984 3078 Alii
3020 3039 3148 3078 vero
3178 3023 3235 3077 in
3263 3020 3434 3077 Deum
3463 3037 3533 3076 ex

1959 3128 2114 3190 parte
2141 3125 2530 3189 peccaverunt,
2561 3124 2634 3179 et,
2663 3124 2725 3169 ut
2756 3115 3131 3180 merebantur,
3166 3129 3263 3184 pro
3293 3113 3532 3182 peccatis

1959 3212 2232 3267 emendati
2263 3222 2412 3277 sunt,
2454 3219 2617 3280 atque
2649 3209 2870 3265 aeternis
2900 3207 3192 3263 tormentis
3241 3213 3368 3260 sunt
3397 3206 3535 3262 libe-

1957 3307 2088 3370 rati,
2119 3305 2196 3358 uti
2238 3319 2444 3374 pauper
2473 3302 2733 3357 Lazarus.
2770 3300 2925 3356 Unde
2966 3317 3032 3355 οι
3061 3298 3338 3369 ρτιῑιόὶριίε
3365 3297 3533 3350 ᾱὶεοὶο

1956 3411 2078 3451 mus
2136 3395 2272 3451 alios
2318 3402 2371 3450 et
2418 3395 2528 3450 illic
2569 3405 2621 3449 et
2665 3394 2754 3448 hic
2815 3392 2998 3463 puniri
3051 3410 3064 3445 :
3115 3391 3251 3446 alios
3284 3404 3413 3443 vero
3443 3387 3534 3443 hic

1956 3488 2260 3542 duntaxat:
2288 3488 2424 3541 alios
2455 3496 2633 3540 autem
2666 3486 2755 3540 hic
2787 3485 3011 3538 minime
3045 3482 3250 3554 puniri,
3297 3479 3390 3535 sed
3421 3479 3535 3533 illic

1955 3581 2215 3652 graviter.
2257 3577 2328 3634 Ut
2373 3587 2426 3633 et
2455 3595 2486 3634 e
2533 3577 2831 3641 contrario,
2879 3576 2972 3628 alii
3004 3575 3092 3628 hic
3131 3581 3185 3627 et
3230 3573 3341 3626 illic
3372 3571 3533 3626 bonis

1957 3667 2332 3739 perfruuntur,
2367 3668 2457 3722 alii
2491 3668 2579 3722 hic
2614 3667 2856 3732 minime,
2883 3665 2976 3720 sed
3009 3664 3142 3721 illic.
3170 3660 3334 3716 Forte
3365 3661 3531 3714 etiam

1955 3760 2204 3816 nonnulli
2242 3771 2296 3816 et
2336 3760 2426 3814 hic
2470 3767 2524 3815 et
2560 3759 2672 3813 illic
2707 3758 2856 3812 omni
2901 3756 3177 3824 voluptate
3223 3753 3528 3824 privamur,

1956 3852 2050 3922 qui
2081 3867 2276 3922 nempe
2316 3851 2404 3906 hic
2453 3857 2513 3905 ut
2544 3851 2822 3921 placerent
2846 3847 3180 3909 hominibus,
3217 3845 3358 3898 mala
3399 3853 3529 3897 sunt

1956 3942 2223 4014 perpessi,
2276 3950 2332 3998 et
2381 3943 2452 3997 ob
2500 3941 2642 3996 hanc
2685 3956 2910 3996 causam
2951 3940 3062 3994 illic
3113 3952 3329 4008 quoque
3371 3936 3531 3991 bonis

1956 4033 2298 4111 exciderunt.
2353 4033 2542 4103 Itaque
2586 4046 2777 4086 omnes
2816 4031 2937 4100 pios
2983 4028 3338 4083 condolentes
3391 4025 3533 4080 scire

1956 4145 2183 4186 necesse
2213 4137 2318 4194 est,
2360 4144 2470 4183 non
2515 4128 2692 4183 solum
2733 4126 2931 4182 debere
2983 4139 3083 4196 pro
3116 4124 3204 4177 his
3248 4137 3368 4192 qum
3399 4136 3527 4192 ege-

1957 4227 2087 4276 runt
2123 4234 2183 4274 se
2220 4219 2573 4275 condolentes
2614 4231 2740 4288 erga
2771 4215 3077 4286 indigentes
3112 4212 3392 4276 exhibere,
3437 4212 3531 4264 sed

1957 4319 2013 4366 et
2041 4325 2140 4381 pro
2183 4309 2442 4365 omnibus
2472 4308 2631 4364 bonis
2667 4322 2788 4378 qua:
2829 4307 2939 4362 illis
2972 4305 3194 4359 donavit
3225 4302 3390 4358 Deus.
3422 4299 3531 4354 Nec

1956 4401 2101 4458 enim
2144 4401 2326 4456 metiri
2370 4406 2586 4471 oportet
2626 4414 2746 4470 qua:
2800 4398 2853 4452 in
2901 4411 3168 4468 pauperes
3216 4402 3528 4463 erogantur,

1958 4492 2055 4550 sed
2087 4493 2370 4548 attendere
2400 4507 2464 4547 ea
2503 4507 2534 4545 a
2564 4489 2673 4545 Deo
2714 4489 2872 4544 nobis
2906 4489 3122 4551 donari,
3166 4501 3234 4540 ne
3263 4485 3403 4539 forte
3433 4498 3531 4553 pro

277 4583 494 4656 δόμενα,
531 4583 670 4638 ἀλλά
721 4581 792 4637 τά
843 4583 948 4636 ὐπὸ
981 4580 1076 4635 τοῦ
1129 4580 1264 4635 Θεοῦ
1300 4583 1431 4653 ἡμῖν
1483 4581 1849 4654 χαριζόμεναο

1958 4581 2095 4653 ipsis
2153 4581 2249 4637 Dei
2306 4581 2466 4636 donis
2525 4578 2858 4636 horrendum
2901 4579 3195 4634 subeamus
3240 4575 3526 4644 judicium.

281 4677 470 4748 μήπως
507 4675 606 4729 καὶ
646 4674 789 4746 ὑπὲρ
822 4672 1003 4728 αὐτῶν
1044 4672 1152 4727 τῶν
1179 4672 1274 4726 τοῦ
1307 4672 1441 4725 Θεοῦ
1471 4671 1687 4744 δωρεῶν
1730 4671 1855 4743 κρί-

283 4787 404 4839 ματι
485 4765 711 4839 φοόερῷ
739 4811 758 4828 .,
783 4765 1163 4838 ὐποπέσωμεν.
1239 4763 1508 4828 Πολλάκις
1582 4763 1693 4834 γὰρ
1760 4763 1857 4817 καὶ

279 4860 512 4924 ἀναξίοις
559 4857 658 4912 καὶ
685 4857 1030 4930 ἁμαρτωλοῖς
1059 4859 1088 4911 ὁ
1130 4856 1263 4920 Θεὸς
1295 4854 1522 4909 πλοῦτον
1554 4853 1856 4926 χαρίζεται,

281 4952 360 5004 ἵνα
385 4952 452 5004 δι’
481 4949 654 5005 αὐτοῦ⁹
689 4952 748 5003 ὲν
781 4947 1172 5020 ὲλεημοσύναις
1200 4947 1298 5012 τὰς
1337 4946 1544 5001 ἑαυτῶν
1581 4945 1858 5019 ἁμαρτίας

284 5045 650 5107 ἀποπλύνωσι,
697 5043 793 5095 καὶ
825 5040 1200 5112 ἐξαλείψωσιν.
1258 5038 1678 5113 Ἐλεημοσύναις
1725 5039 1853 5113 γάρ,

285 5138 436 5205 φησιν
461 5139 496 5208 ἡ
531 5134 654 5190 θεία
684 5133 899 5205 Γραφὴ,
931 5133 1395 5204 ἀποκαθαίρονται
1428 5132 1713 5204 ἁμαρτίαι.

360 5230 553 5302 Ἐρὼτ.
587 5235 692 5283 οα’.
728 5227 796 5283 Τί
831 5227 1057 5299 θέλομεν
1087 5226 1265 5297 λέγειν
1297 5227 1428 5300 περὶ
1461 5226 1570 5280 τῶν
1601 5226 1861 5298 ἐξαίφνης

1959 4675 2112 4749 Saepe
2145 4677 2292 4733 enim
2335 4683 2391 4732 et
2419 4674 2656 4745 indignis
2698 4679 2750 4728 et
2781 4671 3162 4744 peccatoribus
3207 4667 3350 4722 Deus
3387 4665 3528 4718 divi-

1959 4770 2066 4825 tias
2099 4768 2364 4839 impertit,
2410 4773 2472 4820 ut
2510 4766 2726 4820 illarum
2776 4779 2876 4833 ope
2906 4773 3125 4834 peccata
3172 4775 3267 4814 sua
3300 4758 3530 4812 eleemo-

1957 4864 2108 4935 synis
2139 4863 2385 4918 abluant.
2430 4858 2803 4930 Eleemosynis
2837 4857 3004 4925 enim,
3042 4853 3218 4926 inquit
3248 4851 3527 4920 Scriptura

1957 4953 2174 5022 divina},
2219 4958 2440 5025 peccata
2474 4955 2775 5022 purgantur
2798 4947 2814 4977 ¹

2036 5225 2257 5292 ρυεετ.
2283 5217 2470 5276 LXXI.
2512 5217 2655 5286 Quid
2680 5214 2968 5272 dicendum
3005 5217 3090 5267 est
3117 5209 3183 5263 de
3215 5207 3282 5261 iis
3313 5207 3406 5277 qui
3435 5221 3530 5260 su-

287 5299 674 5387 τελευτώντων,
699 5320 732 5392 ἢ
769 5318 1242 5391 κρημνιζομένων,
1273 5319 1306 5391 ἢ
1485 5318 1658 5373 ἀλλων
1685 5317 1858 5372 τοιού-

1963 5319 2079 5375 bito
2113 5314 2441 5378 moriuntur,
2465 5319 2558 5366 aut
2590 5307 3021 5381 praecipitantur,
3057 5303 3142 5357 vel
3169 5299 3331 5356 simili
3359 5306 3534 5353 morte

289 5430 386 5468 των
409 5414 658 5469 θανάτων
687 5413 834 5466 τέλει
861 5411 957 5466 τοῦ
992 5411 1106 5483 βίου
1140 5413 1434 5485 χρωμένων
1457 5429 1472 5481 ;

1963 5410 2245 5466 intereunt
2259 5405 2280 5460 ξ

353 5571 374 5602 ⁸
411 5569 540 5643 Sap.
574 5587 650 5640 iv,
685 5569 775 5625 11.
853 5569 876 5601 ³
913 5567 1048 5623 Luc.
1081 5583 1206 5634 xvi,
1236 5567 1329 5627 20.
1406 5568 1450 5600 ¹⁰
1489 5565 1656 5624 Hebr.
1689 5582 1742 5622 ιι
1763 5607 1779 5637 ,
1809 5566 1858 5624 ’ὅτ

1977 5565 2020 5599 ³⁸
2078 5561 2229 5620 Eccl.
2260 5574 2323 5618 ιιι
2345 5600 2360 5629 ,
2391 5557 2472 5615 33.

382 5728 432 5800 6)
459 5730 592 5800 Res.
623 5727 682 5794 2.
716 5726 1053 5800 διμρικροὺς
1085 5724 1329 5800 meiere

384 5799 432 5868 7)
462 5795 568 5863 Sic'
587 5814 726 5854 mss.
758 5795 905 5868 Editi
926 5795 1332 5868 νεῐοέάλλὰζῃ.

362 5865 435 5941 (8)
461 5869 539 5928 Ita
567 5884 733 5936 mss;
764 5865 876 5924 τῶν
903 5865 1145 5940 οὐρανῶν
1169 5865 1322 5924 deest
1349 5865 1406 5922 in
1426 5865 1604 5923 editis.

2062 5719 2117 5789 9)
2149 5721 2281 5789 Reg.
2313 5716 2369 5785 2,
2410 5713 2646 5789 μακρᾶς.
2677 5708 2820 5764 Editi
2849 5721 2978 5762 vero
3007 5705 3229 5788 μικρᾶς.

2069 5785 2152 5850 ιο)
2187 5785 2263 5843 Ita
2296 5785 2429 5843 mss.
2465 5785 2604 5840 Editi
2636 5797 2784 5844 vero,
2819 5785 3110 5850 μετρικως.

2041 5790 2129 5862 (l0
2187 5791 2263 5843 Ita
2296 5802 2429 5843 mss.
2465 5790 2604 5840 Editi
2636 5797 2784 5844 vero,
2819 5793 3110 5861 μετρεκως.
3230 5842 3242 5860 ν

2041 5790 2154 5933 (ﬂ;
2193 5859 2284 5916 Sic
2312 5857 2444 5930 Reg.
2483 5855 2535 5912 5.
2571 5851 2711 5908 Editi
2742 5865 2889 5916 vero,
2922 5867 3030 5904 των
3063 5858 3349 5901 εναντιων.
