4088 6382
547 387 652 444 639

551 607 661 646 non
701 599 782 646 est
827 589 1228 661 ambigendum.
1277 587 1527 643 Attamen
1573 603 1697 643 cum
1746 588 1893 644 dicat
1925 587 2108 643 Domi-

554 695 657 734 nus
689 697 703 734 :
735 698 754 729 ι
784 677 924 744 Quid
971 677 1158 732 enim?
1203 681 1286 732 An
1330 676 1516 733 decem
1556 677 1634 731 illi
1689 685 1743 732 et
1773 687 1896 733 octo
1945 692 2111 749 supra

555 784 690 839 quos
727 767 922 823 cecidit
958 767 1124 824 turris
1153 765 1379 831 Siloam,
1414 767 1587 837 magis
1615 774 1930 838 peccatores
1958 774 2113 822 erant

553 869 748 932 praeter
770 875 960 916 omnes
1006 859 1313 915 habitantes
1342 860 1396 913 in
1425 857 1724 915 Jerusalem
1750 859 1774 912 ?
1802 858 1942 924 Non,
1990 859 2112 914 dico

553 953 708 1008 vobis
734 953 775 984 ¹²
801 971 814 1007 :
845 972 863 1006 ι
904 951 1028 1007 inde
1053 951 1316 1006 discimus
1341 965 1449 1004 non
1473 964 1664 1004 omnes
1687 949 1784 1020 qui
1811 948 1963 1019 impii
1988 955 2115 1003 sunt

553 1051 607 1098 et
657 1043 868 1114 iniqui,
922 1042 1174 1097 acerbam
1208 1047 1437 1095 mortem
1469 1039 1628 1110 232
1681 1039 1853 1094 obire.
1902 1036 2115 1091 Etenim

552 1135 676 1191 Jobi
709 1136 964 1200 ﬁliorum,
994 1135 1086 1206 qui
1113 1133 1248 1205 justi
1271 1140 1449 1196 erant,
1474 1133 1669 1187 acerba
1694 1146 1843 1187 mors
1877 1130 1996 1184 fuit.
2019 1129 2119 1201 lgi-

555 1237 643 1283 tur
681 1229 798 1284 haec
839 1228 949 1284 duo
987 1228 1247 1282 debemus
1285 1225 1630 1291 concludere,
1680 1224 1801 1296 pios
1845 1223 2113 1288 homines,

555 1318 647 1387 qui
685 1319 877 1373 acerba
924 1323 1099 1372 morte
1135 1315 1476 1383 interierunt,
1523 1315 1640 1370 leve
1681 1314 1900 1384 aliquod
1925 1313 2115 1366 vitium

557 1407 836 1474 habuisse,
861 1422 1034 1476 eoque
1059 1407 1317 1462 liberatos
1346 1421 1488 1472 esse,
1517 1405 1661 1459 malo
1693 1403 2005 1473 hujusmodi
2035 1403 2118 1456 in-

557 1498 742 1563 teritu,
775 1506 836 1552 ut
881 1498 1177 1568 majoribus
1211 1513 1337 1552 vere
1383 1496 1682 1551 honoribus
1711 1494 1863 1566 digni
1905 1500 2106 1550 essent.

557 1589 613 1643 ld
647 1591 810 1645 etiam
838 1591 1036 1659 evenit,
1073 1598 1132 1645 ut
1156 1605 1276 1655 nos,
1305 1590 1423 1644 haec
1453 1589 1720 1655 videntes,
1763 1588 2013 1643 meliores
2039 1585 2120 1640 ef-

559 1681 828 1745 ﬁciamur,
859 1680 1014 1751 juxta
1058 1683 1173 1737 haec
1214 1683 1422 1737 verba:
1453 1700 1471 1732 ι
1503 1679 1561 1735 Si
1596 1681 1780 1750 justus
1813 1679 1903 1733 vix
1940 1678 2119 1734 salva-

558 1781 668 1835 tur,
692 1772 893 1842 impius
916 1779 969 1828 et
997 1781 1253 1843 peccator
1282 1773 1374 1828 ubi
1408 1771 1677 1844 parebunt
1703 1770 1775 1822 ίδῖ
1800 1788 1819 1822 ι
1859 1767 2121 1822 Similiter

1703 380 1762 436 s.
1805 374 2263 434 ATllANASEUS.
2303 407 2372 416 -
2411 358 2702 430 spuma:

622 501 782 555 Rssr.
823 497 977 566 Quod
1019 497 1134 552 haec
1166 496 1374 552 incerta
1419 494 1530 551 sint
1570 504 1624 550 et
1661 496 1764 551 soli
1808 495 1916 551 Deo
1953 503 2101 558 nota,
2133 501 2180 556 Α

3674 374 3776 431 ϐιθ

2289 493 2475 546 Ἀπόκ.
2515 493 2636 546 Ὀτι
2679 491 2776 562 μὲν
2805 491 2974 561 ἄδηλα
3014 491 3081 546 τὰ
3109 491 3332 546 τοιαῦτα
3360 509 3454 546 και
3480 492 3601 565 Θεῴ
3635 496 3778 568 μόνῳ

2208 584 2444 655 γνωστὰ,
2482 584 2543 636 ού
2584 584 2664 636 δεῖ
2687 582 3062 654 ἀμφιϐάλλειν.
3106 583 3296 654 Ὅμως
3327 583 3422 637 τοῦ
3455 584 3660 656 Κυρίου
3689 585 3779 639 λέ-

2207 693 2394 745 γοντος
2413 691 2426 706 ο
2470 693 2489 726 ι
2529 674 2594 728 Τί
2636 675 2743 746 γὰρ
2769 677 2817 728 οί
2862 674 2993 729 δέκα
3024 675 3120 729 καὶ
3150 674 3313 741 ὀκτὼ,
3347 677 3432 745 ἐφ’
3465 675 3559 740 οὓς
3589 679 3619 730 ό
3644 677 3782 747 πύρ-

2209 784 2306 837 γος
2332 767 2424 820 τοῦ
2457 766 2678 838 Σιλωὰμ
2709 766 2921 830 ἔπεσεν,
2955 767 3395 839 ἁμαρτωλότεροι
3445 762 3584 838 ἦσαν
3630 769 3781 837 ποιρά

2211 861 2418 926 πάντας
2470 862 2594 926 τοὺς
2637 861 3016 924 κατοικοῦντας
3065 861 3125 913 ἐν
3186 859 3574 930 Ἰερουσαλήμς
3626 859 3778 930 Ούχὶ,

2212 953 2354 1022 λέγω
2397 955 2555 1024 ύμῖν·
2597 972 2617 1006 ι
2658 951 3019 1024 μανθάνομεν,
3063 952 3144 1006 ὅτι
3189 953 3251 1006 οὐ
3286 952 3486 1016 πάντες
3515 953 3630 1006 ὅσοι
3657 955 3783 1007 ἀσε-

2215 1047 2387 1117 ϐεῖςῆ
2421 1047 2592 1102 ἄδικοι
2635 1046 2980 1116 τυγχάνουσι,
3024 1044 3207 1117 πικρῷ
3248 1045 3462 1115 θανάτῳ
3494 1045 3786 1099 τελευτῶν-

2214 1157 2304 1204 τες
2335 1137 2757 1209 ἀποθνήσκουσι.
2798 1139 2908 1192 Καὶ
2949 1135 3058 1210 γὰρ
3087 1138 3136 1191 οἱ
3179 1137 3365 1200 παῖδες
3393 1136 3487 1190 τοῦ
3531 1135 3670 1202 Ἰὼϐ,
3705 1136 3784 1189 δί-

2217 1249 2361 1286 καιοι
2385 1230 2558 1294 ὄντες,
2595 1229 2822 1284 ἐλεεινὸν
2856 1229 3153 1300 ὑπέμειναν
3180 1229 3428 1284 θάνατον.
3462 1229 3670 1283 Οὐκοῦν
3692 1228 3786 1282 δύο

2215 1318 2389 1373 ταῦτα
2422 1319 2534 1387 (12)
2569 1319 2724 1389 ἡμᾶς.
2751 1319 2842 1370 ἐπὶ
2890 1317 3090 1371 τούτων
3127 1317 3232 1390 χρὴ
3271 1319 3656 1388 στοχάζεσθαι’
3703 1318 3782 1370 ὅτι

2214 1412 2265 1464 οί
2301 1411 2398 1481 μὲν
2420 1407 2687 1473 εὐλαϐεῖς,
2718 1409 2913 1479 πικρὸν
2943 1408 3372 1480 ἀποθνήσκοντες
3403 1408 3651 1472 θάνατον,
3697 1425 3786 1479 μι-

2219 1504 2347 1574 κρόν
2374 1522 2426 1558 τι
2447 1502 2732 1571 ἐλάττωμα
2755 1501 3066 1572 ἐκέκτηντο,
3090 1503 3185 1556 καὶ
3211 1501 3382 1572 τούτῳ
3405 1501 3787 1572 ἐλυτρώοησαν

2219 1599 2282 1650 ἐκ
2326 1597 2424 1666 τῆς
2463 1594 2720 1667 τοιαύτης
2769 1595 3012 1666 πονηρᾶς
3058 1594 3347 1664 τελευτῆς,
3403 1595 3487 1648 ἵνα
3528 1595 3787 1665 μειζόνων

2221 1685 2434 1758 ἀληθῶς
2460 1684 2633 1757 τιμῶν
2671 1683 2962 1749 ἀξιωθῶσι.
2993 1685 3192 1739 Λοιπὸν
3221 1686 3278 1739 δὲ
3318 1686 3463 1750 ὅπως
3491 1688 3584 1741 καὶ
3627 1689 3788 1758 ἡμεῖς

2222 1778 2455 1850 ὁρῶντες
2484 1775 2939 1850 σωφρονισθῶμεν
2985 1776 3126 1831 κατὰ
3151 1776 3240 1830 τὸν
3283 1777 3568 1849 εἰρημένον
3594 1777 3786 1846 λόγον’

558 1877 688 1918 vero
717 1871 770 1918 et
810 1872 1124 1933 peccatores
1171 1879 1294 1917 cum
1343 1862 1608 1934 ejusmodi
1642 1869 1868 1916 mortem
1904 1859 2121 1930 patiun-

2237 1889 2245 1923 l
2283 1871 2345 1923 Et
2381 1872 2408 1923 6
2436 1870 2642 1934 δίκαιος
2688 1869 2841 1940 μόλις
2877 1867 3126 1932 σώζεται,
3151 1869 3180 1920 6
3211 1868 3430 1940 ἀσεϐὴς,
3474 1869 3568 1922 καὶ
3607 1871 3792 1941 ἁμαρ-

562 1963 670 2017 tur,
721 1954 944 2008 omnino
992 1954 1117 2009 inde
1165 1955 1400 2024 aliquam
1448 1952 1876 2008 misericordiam
1923 1966 2121 2006 conse-

562 2052 822 2114 quuntur.
864 2043 965 2112 Qui
999 2046 1125 2101 item
1157 2047 1271 2102 haec
1295 2046 1498 2111 vident,
1531 2045 1768 2115 aliquam
1798 2044 1925 2100 inde
1946 2043 2123 2114 perci-

563 2135 719 2204 piunt
770 2137 1059 2191 utilitatem
1086 2177 1101 2203 ,
1149 2145 1361 2207 raptum
1407 2144 1630 2208 repente
1676 2144 1962 2192 cernentes
2021 2149 2124 2191 nec

563 2225 872 2294 opinantem
904 2226 1198 2282 hominem.
1245 2226 1398 2292 Quod
1445 2229 1491 2282 si
1538 2226 1775 2283 infantes
1812 2240 1878 2282 eo
1909 2240 2126 2297 quoque

561 2318 725 2373 modo
774 2318 1102 2384 moriuntur,
1160 2335 1228 2374 ne
1277 2319 1630 2390 obstupescas
1659 2337 1672 2374 :
1703 2333 1938 2388 namque
1991 2317 2126 2371 nihil

563 2411 642 2465 illi
671 2411 928 2465 damnum
973 2411 1098 2465 inde
1127 2411 1524 2481 perpetiuntur,
1554 2426 1660 2465 nec
1691 2409 1744 2464 id
1776 2410 1884 2466 illis
1928 2409 2128 2464 accidit

563 2501 844 2572 proprium
898 2501 968 2555 ob
1008 2511 1310 2571 peccatum,
1356 2500 1451 2556 sed
1491 2509 1552 2555 ut
1586 2501 1831 2571 ipsorum
1872 2506 2129 2571 parentes

567 2593 823 2648 meliores
873 2600 928 2648 et
978 2593 1347 2664 religiosiores
1389 2592 1640 2658 evadant,
1688 2607 1886 2663 nempe
1932 2592 2132 2648 intelli-

567 2689 755 2750 gentes
792 2699 892 2739 sua
921 2691 1142 2754 prOpter
1168 2690 1390 2753 peccata
1432 2685 1571 2739 mori
1602 2679 1843 2754 ipsorum
1871 2685 2128 2741 infantes.

567 2770 837 2826 Carterum
880 2773 936 2827 in
971 2773 1057 2829 his
1090 2773 1343 2829 omnibus
1382 2775 1694 2831 meminisse
1725 2784 1938 2845 oportet
1969 2775 2132 2844 hujus

567 2862 782 2918 Domini
827 2865 980 2920 vocis
1016 2881 1031 2919 :
1063 2884 1082 2916 ‹
1110 2865 1226 2919 Duo
1278 2880 1528 2935 passeres
1585 2855 1708 2922 asse
1759 2874 2025 2931 veneunt,
2081 2874 2134 2923 et

571 2972 714 3011 unus
753 2972 821 3011 ex
867 2957 976 3012 illis
1022 2972 1132 3011 non
1175 2955 1331 3011 cadet
1375 2973 1540 3028 super
1578 2965 1778 3012 terram
1828 2959 1946 3014 sine
1975 2957 2135 3014 Patre

571 3063 692 3102 meo
731 3049 824 3118 qui
859 3050 914 3103 in
950 3049 1105 3105 caelis
1133 3056 1217 3104 est
1240 3049 1323 3116 u*;
1358 3069 1377 3102 ι
1407 3059 1462 3103 et
1484 3050 1628 3118 quod
1657 3050 1852 3116 nostri,
1893 3050 1986 3121 qui
2016 3049 2137 3106 ﬁde-

571 3139 653 3192 les
685 3155 896 3204 sumus,
923 3155 1114 3195 omnes
1152 3141 1333 3210 capilli
1364 3141 1558 3212 capitis
1586 3142 1858 3196 numerati
1881 3149 2028 3197 sunt.

2219 1960 2389 2024 τωλὺς
2423 1960 2525 2014 ποῦ
2572 1963 2846 2029 φανεῖται;
2897 1978 2916 2010 ι
2975 1959 3244 2022 Ὡσαύτως
3281 1959 3336 2012 δὲ
3382 1959 3476 2013 καὶ
3519 1963 3568 2013 oi
3608 1961 3796 2033 ἁμαρ-

2221 2054 2401 2119 τωλοὶ,
2428 2051 2688 2117 τοιούτοις
2731 2051 2978 2117 θανάτοις
3007 2052 3457 2123 ἀποθνήσκοντες,
3490 2052 3707 2116 πὰντως
3735 2054 3793 2105 ἐν

2222 2146 2397 2217 τούτῳ
2455 2143 2680 2218 μερικοῦ
2732 2144 2842 2216 (15)
2898 2144 3082 2207 ἐλέους
3121 2142 3497 2214 τυγχάνουσιν.
3540 2143 3692 2214 Ἀμα
3738 2141 3794 2195 δέ

2226 2237 2386 2292 πάλιν
2411 2239 2503 2292 καὶ
2529 2238 2578 2290 ot
2603 2235 2836 2309 ὁρῶντες
2865 2235 3134 2306 ὠφέλειάν
3155 2253 3275 2289 τινα
3307 2233 3644 2304 κομίζονται,
3677 2231 3798 2303 βλέ-

2227 2345 2416 2391 ποντες
2447 2327 2600 2396 ἄφνω
2629 2325 3026 2397 ἁρπαζόμενον,
3055 2324 3130 2388 ὡς
3167 2325 3267 2377 οὐκ
3295 2318 3423 2387 οἶδε,
3462 2322 3553 2376 τὸν
3587 2319 3795 2392 ἄνθρω-

2227 2438 2348 2475 πον.
2389 2421 2452 2473 Et
2483 2419 2540 2473 δέ
2570 2419 2665 2472 καὶ
2699 2419 2870 2490 νήπια
2916 2417 3058 2472 οὕτω
3111 2415 3451 2480 θανατοῦται,
3486 2414 3560 2485 μὴ
3588 2411 3799 2482 θαμϐη-

2229 2512 2346 2582 θῇς.
2382 2510 2529 2564 Αύτά
2562 2510 2660 2581 μὲν
2685 2509 2791 2579 γὰρ
2817 2511 2880 2562 ἐκ
2907 2509 3096 2563 τούτου
3125 2507 3274 2562 οὐδὲν
3310 2505 3637 2577 ἐϐλάϐησαν,
3676 2503 3796 2557 οὔτε

2229 2603 2294 2655 δι’
2325 2603 2530 2656 οἰκείαν
2576 2603 2848 2673 ἁμαρτίαν
2899 2601 3058 2655 τοῦτο
3101 2597 3463 2654 πεπόνθασιν·
3511 2597 3624 2650 ἀλλ’
3654 2596 3801 2657 ὅπως

2232 2691 2324 2746 καὶ
2369 2693 2418 2745 οἱ
2467 2690 2646 2744 αὐτῶν
2692 2693 2870 2758 γονεῖς
2926 2687 3371 2760 σωφρονέστεροι,
3417 2685 3452 2756 ἢ
3509 2681 3604 2737 καὶ
3650 2681 3801 2733 εύσε-

2233 2782 2475 2854 ϐἐστεροι
2501 2782 2787 2850 γίνωνταιο
2820 2780 3178 2860 ἐννοούμενοι,
3213 2778 3400 2847 ὅτιπερ
3440 2772 3528 2827 διά
3565 2770 3665 2834 τὰς
3707 2770 3803 2824 αύ-
3864 2841 3867 2844 τ

2233 2874 2337 2928 τῶν
2373 2874 2602 2946 ἀνομίας
2645 2873 2755 2944 (Η)
2802 2871 2946 2926 οὕτω
2991 2870 3059 2926 τά
3118 2869 3294 2925 αὐτῶν
3334 2867 3562 2938 τέθνηκε
3609 2865 3800 2934 νήπια.

2237 2964 2426 3035 Ὅμως
2467 2964 2558 3016 ἐπὶ
2595 2964 2726 3018 πᾶσι
2749 2960 2960 3025 τούτοις
2996 2961 3077 3014 δεῖ
3101 2962 3296 3014 ἐννοεῖν
3327 2957 3426 3027 τὴν
3455 2953 3551 3010 τοῦ
3596 2952 3804 3024 Κυρίου

2237 3053 2416 3125 φωνὴν
2453 3054 2548 3125 τὴν
2589 3053 2880 3122 λέγουσανο
2915 3054 2997 3107 ὅτι
3042 3072 3061 3106 ι
3108 3051 3212 3106 Δύο
3249 3050 3500 3122 στρουθία
3544 3047 3804 3119 ἀσσαρίου

2238 3143 2519 3208 πωλεῖται,
2553 3144 2644 3197 καὶ
2674 3143 2731 3198 ἒν
2759 3141 2818 3208 ἐξ
2855 3145 3034 3198 αύτῶν
3069 3145 3130 3198 ού
3175 3147 3416 3216 πεσεῖται
3450 3141 3542 3194 ἐπί
3567 3141 3667 3212 τῆς
3705 3138 3808 3208 γῆς

575 3227 703 3281 ἀνευ
744 3229 838 3282 τοῦ
886 3231 1096 3303 Πατρός
1131 3249 1230 3303 μου
1276 3231 1370 3286 τοῦ
1423 3234 1480 3287 ἐν
1523 3235 1796 3307 οὐρανοῖς·
1848 3252 1868 3286 ι
1905 3233 2001 3288 καὶ
2050 3233 2131 3287 ὅτι
2168 3234 2324 3305 ἡμῶν
2375 3236 2482 3291 τῶν
2515 3236 2718 3290 πιστῶν
2748 3236 2862 3290 ,καὶ
2896 3237 2955 3290 αἱ
2995 3236 3179 3308 τρίχες
3227 3235 3324 3307 τῆς
3368 3233 3607 3304 κεφαλῆς
3637 3234 3816 3286 πᾶσαι

577 3322 948 3396 ἠριθμημέναι
977 3325 1327 3398 ὑπάρχουσιν.

654 3413 874 3482 Ωωεετ.
908 3415 1116 3474 LXXII.
1157 3417 1430 3491 Multis‘in
1479 3426 1624 3475 terra
1669 3419 1989 3491 degentibus
2031 3425 2135 3474 tre-

2243 3417 2272 3487 l
2313 3414 2506 3487 Ἐρὼτ.
2555 3413 2651 3486 οβ’.
2699 3415 2921 3478 Πολλοῖς
2968 3413 3080 3486 (15)
3121 3412 3229 3467 τῶν
3257 3412 3348 3466 ἐπὶ
3383 3414 3486 3483 γῆς
3526 3411 3755 3485 φοϐερὸς
3781 3414 3820 3468 6

580 3508 775 3563 menda
812 3509 928 3565 visa
975 3517 1103 3565 sunt
1143 3510 1258 3565 haec
1288 3482 1501 3567 Domini
1532 3513 1696 3567 verba
1721 3530 1732 3565 :
1763 3529 1782 3563 ι
1811 3510 1985 3566 Omne
2013 3525 2141 3580 pec-

581 3607 766 3654 catum
791 3607 845 3656 et
874 3599 1209 3672 blasphemia
1231 3602 1539 3659 remittetur
1566 3603 1897 3659 hominibus.
1927 3602 1995 3655 Et
2019 3600 2141 3672 qui-

584 3707 802 3762 cunque
843 3692 1041 3748 dixerit
1087 3693 1309 3749 verbum
1357 3703 1547 3750 contra
1577 3695 1801 3760 Filium,
1839 3694 2145 3749 remittetur

585 3785 638 3841 ei
670 3805 682 3840 :
711 3786 802 3857 qui
829 3792 1007 3841 autem
1027 3786 1228 3842 dixerit
1258 3787 1484 3843 verbum
1514 3795 1704 3842 contra
1735 3786 1997 3858 Spiritum
2021 3800 2148 3841 san-

589 3883 759 3941 ctum,
785 3892 891 3931 non
924 3877 1234 3933 remittetur
1258 3878 1307 3934 ei
1333 3893 1509 3950 neque
1537 3880 1593 3933 in
1618 3879 1722 3934 hoc
1749 3877 1947 3935 sazculo
1974 3891 2149 3947 neque

590 3969 645 4022 in
672 3969 853 4023 futuro
876 3972 939 4025 ¹⁸.
966 3989 985 4022 ι

662 4058 825 4116 RESP.
869 4061 1186 4133 Eapropter,
1226 4078 1416 4118 omnes
1463 4063 1678 4118 divinus
1717 4061 2008 4133 Apostolus
2066 4064 2150 4120 his

597 4153 852 4208 admonet
892 4155 1111 4210 verbis:
1147 4173 1167 4207 ί
1202 4154 1404 4211 Littera
1437 4155 1656 4220 occidit,
1697 4154 1934 4226 Spiritus
1970 4164 2150 4211 autem

599 4243 950 4298 vivilicat‘h
985 4243 1149 4298 Multa
1191 4245 1458 4316 siquidem
1489 4247 1794 4302 divinarum
1839 4246 2152 4318 Scriptura-

598 4349 719 4387 rum
749 4335 867 4388 loca
901 4335 954 4391 si
979 4336 1275 4391 secundum
1307 4352 1521 4393 carnem
1553 4340 1936 4410 intelligamus,
1971 4340 2025 4393 in
2062 4354 2156 4394 ne—

599 4422 793 4479 fandas
815 4424 1176 4495 blasphemias
1201 4426 1512 4493 incidimus,
1548 4428 1856 4499 cuiusmodi
1887 4435 2015 4484 sunt
2036 4441 2156 4496 quze

602 4522 764 4577 nobis
795 4535 942 4576 nunc
976 4530 1354 4593 proponuntur
1382 4521 1596 4578 Domini
1624 4524 1811 4588 verba,
1843 4536 1964 4593 quae
1993 4521 2038 4577 si
2073 4535 2159 4577 se—

603 4614 842 4670 cundum
871 4616 1046 4670 nudas
1073 4616 1341 4676 dictiones
1369 4617 1722 4687 excipiamus,
1758 4632 1866 4671 non
1897 4615 2072 4670 solum
2103 4614 2158 4668 in

603 4706 868 4762 nefandas
898 4707 1200 4763 dilabemur
1235 4708 1612 4778 cogitationes,
1666 4707 1761 4763 sed
1790 4707 1953 4763 etiam
1983 4705 2163 4775 ipsum

607 4798 893 4853 Dominum
929 4799 1263 4868 reperiemus
1303 4800 1409 4855 sibi
1444 4800 1549 4870 ipsi
1591 4797 1887 4854 adversari.
1919 4794 2163 4865 Namque

605 4889 650 4942 si
686 4908 704 4941 r
733 4889 1047 4960 quicunque
1068 4889 1264 4944 dixerit
1291 4890 1517 4945 verbum
1545 4896 1737 4944 contra
1765 4885 1962 4940 Filium
1986 4885 2164 4940 homi-

606 4981 713 5044 nis,
764 4981 1077 5037 remittetur
1120 4981 1192 5046 ei,
1225 5000 1243 5033 ι
1289 4981 1561 5051 quomodo
1612 4979 1755 5034 idem
1797 4977 1969 5032 Filius
2001 4975 2157 5042 dixit,

613 5089 632 5122 ι
665 5072 768 5138 Qui
799 5088 884 5128 me
912 5073 1188 5144 negaverit
1218 5085 1400 5126 coram
1431 5070 1761 5134 hominibus,
1792 5069 2001 5140 negabo
2035 5081 2161 5122 eum

609 5179 794 5219 coram
826 5165 1031 5236 angelis
1060 5163 1257 5247 Deif"?
1287 5182 1305 5214 ι
1342 5164 1409 5218 Et
1438 5178 1650 5225 rursus,
1685 5162 1730 5216 si
1768 5175 1929 5216 omne
1972 5172 2166 5230 pecca-

685 5256 725 5286 "
762 5254 894 5311 Luc.
927 5272 1061 5321 xm,
1091 5257 1146 5312 4.
1260 5257 1303 5287 ⁸³
1344 5253 1537 5310 IPetr.
1572 5271 1646 5321 Iv,
1685 5255 1772 5310 18.

616 5326 658 5357 ’⁷
694 5325 826 5380 Luc.
862 5341 959 5393 xu,
991 5327 1045 5381 9.
1435 5339 1438 5342 ‘

1878 5253 1923 5286 ιι
1963 5251 2152 5306 Matth.
2189 5265 2253 5317 x,
2287 5247 2377 5301 29.

2243 3509 2337 3563 τοῦ
2389 3508 2592 3580 Κυρίου
2637 3508 2794 3576 λόγος
2837 3507 3206 3577 καθέστηκεν,
3248 3506 3306 3558 δν
3356 3521 3519 3576 φησι·
3578 3523 3598 3556 ι
3656 3506 3816 3560 Πᾶσα

2247 3602 2490 3676 ἁμαρτία
2539 3602 2632 3656 καὶ
2691 3599 3006 3673 βλασφημία
3054 3599 3382 3670 ἀφεθήσεται
3430 3601 3543 3661 τοῖς
3605 3597 3814 3670 ἀνθρὼ-

2249 3715 2369 3761 ποις
2392 3714 2405 3727 ο
2447 3716 2466 3748 ι
2503 3694 2617 3758 καὶ,
2657 3712 2675 3746 ι
2721 3694 2816 3756 Ὃς
2853 3692 2898 3744 δ’
2929 3691 2995 3746 ἂν
3020 3690 3150 3764 εἴπῃ
3181 3690 3334 3760 λόγον
3377 3688 3518 3743 κατά
3544 3687 3640 3742 τοῦ
3683 3685 3821 3741 Υἱοῦ

2250 3791 2580 3862 ἀφεθήσεται
2624 3785 2804 3856 αὐτῷ·
2856 3784 2916 3849 δς
2954 3783 2998 3837 δ’
3042 3784 3107 3839 ἂν
3153 3773 3292 3854 εἴπῃ
3330 3781 3484 3850 λόγον
3531 3779 3674 3835 κατὰ
3720 3779 3820 3832 τοῦ·

2250 3879 2568 3951 Πνεύματος
2595 3874 2688 3929 τοῦ
2728 3874 2902 3944 ἁγίου,
2938 3874 3038 3927 οὐκ
3063 3871 3391 3944 ἀφεθήσεται
3421 3869 3568 3942 αὐτῷ
3599 3870 3722 3923 οὐδὲ
3758 3871 3817 3922 ἐν

2251 3973 2328 4044 τῷ
2352 3971 2445 4026 νῦν
2478 3969 2651 4034 αἰῶνι,
2683 3967 2804 4020 ούδέ
2836 3967 2894 4019 ἐν
2921 3965 2998 4036 τῷ
3019 3964 3281 4035 μέλλοντι.
3308 3979 3328 4015 ι

2337 4058 2524 4112 Ἀπόκ.
2558 4055 2656 4109 Διά
2681 4055 2836 4107 τοῦτο
2865 4056 3116 4125 παραινεῖ
3140 4054 3304 4106 πᾶσιν
3328 4053 3355 4104 6
3386 4050 3524 4114 θεῖος
3567 4048 3820 4102 Ἀπόστο-

2253 4150 2341 4212 λος
2387 4147 2579 4216 λέγων,
2627 4146 2707 4198 ὅτι
2759 4161 2779 4196 ι
2837 4143 2913 4197 Τὸ
2957 4143 3190 4215 γράμμα
3241 4139 3588 4204 ἀποκτείνει,
3649 4140 3711 4193 τὸ
3761 4138 3817 4192 δὲ

2255 4237 2478 4309 Πνεῦμα
2509 4237 2774 4302 ζωοποιεῖ.
2827 4251 2846 4286 ι
2891 4233 3068 4286 Πολλὰ
3100 4232 3208 4301 γὰρ
3245 4230 3350 4284 τῶν
3383 4230 3540 4284 θείων
3587 4227 3820 4301 Γραφῶν

2257 4331 2352 4386 ἐὰν
2382 4328 2522 4384 κατὰ
2547 4327 2609 4380 τὸ
2642 4326 2875 4398 γράμμα
2904 4325 3206 4395 νοήσωμεν,
3241 4323 3320 4384 είς
3357 4320 3626 4390 ἀθέσμους
3665 4319 3820 4388 βλασ-

2260 4421 2470 4494 φημίας
2515 4419 2856 4492 ἐμπίπτομεν
2885 4415 3027 4488 (16)’
3065 4408 3174 4468 οἷόν
3224 4415 3337 4466 ἐστι
3382 4413 3474 4466 καὶ
3513 4412 3574 4464 τὸ
3604 4409 3824 4483 προκεί-

2263 4532 2421 4588 μενον
2453 4515 2586 4584 ἡμῖν
2616 4510 2710 4566 νῦν
2743 4509 2836 4564 τοῦ
2869 4508 3072 4580 Κυρίου
3117 4507 3315 4575 λόγιον,
3361 4504 3515 4574 ὅπερ,
3560 4501 3656 4556 ἐὰν
3688 4500 3824 4555 κατὰ

2264 4605 2427 4679 ξηροῦ
2463 4603 2573 4675 (17)
2607 4601 2705 4666 τὰς
2742 4599 2915 4666 λέξεις
2947 4597 3284 4668 ἐκλάϐωμεν,
3313 4595 3373 4648 ού
3408 4594 3566 4665 μόνον
3598 4594 3677 4656 είς
3700 4591 3823 4645 ἀθε-

2267 4696 2454 4768 μίτους
2495 4694 2700 4756 ἐννοίας
2745 4689 3160 4761 περιπίπτομεν,
3211 4686 3346 4739 ἀλλὰ
3386 4683 3482 4738 καὶ
3531 4682 3693 4737 αὑτὸν
3741 4680 3825 4732 τὸν

2266 4785 2466 4858 Κύριον
2519 4780 2923 4850 ἐναντιούμενον
2956 4775 3131 4848 ἐαυτῷ
3171 4776 3514 4846 εὑρίσκομεν.
3576 4771 3702 4824 Ἐὰν
3722 4769 3827 4842 γὰρ

2274 4897 2293 4929 ι
2338 4878 2432 4940 Ὃς
2477 4875 2520 4928 δ’
2551 4873 2616 4928 ἂν
2661 4873 2787 4946 εἴπῃ
2814 4872 2970 4941 λόγον
3012 4869 3152 4924 κατά
3193 4866 3287 4921 τοῦ
3327 4865 3458 4919 Υἰού
3499 4863 3826 4934 ἀφεθήσεται

2267 4968 2433 5039 αὐτῷ,
2466 4986 2484 5019 ι
2519 4964 2634 5028 πῶς
2665 4963 2824 5026 αὐτὸς
2851 4964 2878 5016 6
2904 4961 3030 5024 Υἱὸς
3054 4956 3234 5013 εἶπενο
3269 4977 3288 5009 ι
3337 4958 3394 5008 Ὁ
3421 4951 3829 5026 ἀπαρνούμενός

2273 5079 2338 5133 με
2387 5055 2690 5130 ἔμπροσθεν
2736 5051 3056 5124 ἀνθρώπων,
3100 5047 3483 5120 ἀπαρνήσομαι
3528 5043 3688 5096 αὑτὸν
3735 5041 3831 5133 ἐμ-

2270 5131 2500 5224 προσθεν
2538 5147 2646 5199 τῶν
2682 5143 2927 5215 ἀγγέλων
2973 5142 3065 5196 τοῦ
3094 5139 3265 5206 Θεοῦ;
3321 5158 3339 5190 ι
3389 5136 3485 5191 καὶ
3526 5134 3713 5202 πάλιν,
3743 5131 3832 5186 ἐὰν

2513 5243 2555 5274 ⁸⁸
2595 5239 2786 5293 Matth.
2818 5254 2934 5305 xu,
2969 5237 3066 5301 31,
3101 5235 3191 5290 32.
3323 5233 3366 5264 ¹⁶
3405 5229 3449 5284 ll
3482 5229 3590 5285 Cor
3647 5243 3745 5290 Ill,
3778 5226 3830 5279 6.

689 5434 798 5503 (1‘2)
831 5434 923 5490 Sic
975 5451 1107 5490 mss.
1157 5433 1300 5488 Editi
1345 5448 1493 5498 vero,
1531 5434 1630 5488 Διὰ
1666 5432 1853 5487 ταῦτα.
1891 5430 2036 5485 Infra
2066 5430 2175 5484 duo
2278 5423 2486 5503 Script.‘
2513 5419 3010 5503 speraram-imum,
3038 5418 3106 5503 de
3135 5431 3242 5488 qua
3270 5431 3330 5470 re
3359 5411 3836 5503 videgdmonitio-

616 5521 790 5577 mss.,_
810 5505 1002 5577 πικρδν
1029 5505 1383 5577 ὑπομένοντες
1407 5503 1654 5577 θάνατον.

693 5573 802 5646 (13)
835 5569 1047 5646 Ita-duo
1085 5569 1218 5644 Reg.
1263 5574 1332 5646 ﬁt
1359 5574 1617 5646 editi,tx
1641 5571 1843 5646 Δτούτου
1895 5569 2171 5641 μετρικοῦ.

619 5638 982 5709 1η1⁵τει’ἰίᾱοῐῐι,
1014 5645 1088 5707 ὼς
1125 5638 1222 5696 ούκ
1246 5640 1403 5697 οῖδεν.
1441 5644 1604 5708 Editi,
1625 5643 1701 5706 ὼς
1737 5638 1894 5694 οἶδεν.

694 5714 804 5786 (η)
833 5714 966 5786 βεδε.
995 5714 1049 5779 2,
1089 5714 1378 5786 ἁμαρτίας.

691 5778 809 5857 (15)
832 5778 953 5840 Ηπέ
977 5778 1452 5854 (Ῑιιεεεϋοᾘοῖιοιυτ
1479 5783 1728 5854 superius
1753 5782 1806 5836 in
1834 5778 2178 5837 Testimoniis

2277 5481 2420 5549 nem:
2467 5490 2613 5546 Infra
2669 5481 2819 5563 editi,
2868 5481 3193 5563 εῑπῃίλόγόν
3243 5484 3382 5541 κατὰ
3399 5481 3550 5563 ἢτοῐρ.
3592 5482 3838 5563 Πνεύμα-

2277 5581 2386 5626 τος,
2435 5570 2562 5626 etc.,
2596 5552 2815 5616 omissis
2863 5552 3070 5625 multis,
3114 5552 3239 5629 qua:
3284 5571 3350 5611 ex
3399 5553 3585 5625 Regiis
3631 5552 3838 5607 duobus

2281 5632 2667 5702 supplevimus.

2352 5699 2462 5769 (l6)
2501 5699 2686 5772 Beg.i
2725 5708 2779 5772 e_l
2805 5701 2860 5765 2,
2894 5699 3310 5772 περιπίπτομεν.

2353 5765 2462 5843 (l7)
2503 5765 2720 5826 lta'duo
2747 5770 2877 5842 Reg.
2910 5765 3049 5827 Editi
3086 5765 3231 5834 vero,
3269 5767 3408 5821 κατά
3443 5765 3616 5830 ἀξίαν.
