4088 6382
576 289 680 344 6όῖ

1731 282 1790 337 s.
1830 243 2292 337 A'rnaivasms.
2335 310 2405 320 —
2443 279 2718 336 SPURIA.

3711 281 3818 335 6H

576 401 742 457 bilem
778 401 1058 467 unionem,
1089 399 1356 470 duplicem
1386 413 1528 462 esse.
1556 413 1749 468 nempe
1769 413 1837 454 ex
1858 397 2135 454 divinitate

2240 414 2333 461 τος
2360 395 2456 450 τοῦ
2494 397 2673 466 ἁγίου,
2696 397 2796 450 οὐκ
2822 395 3158 468 ἀφεθήσεται
3191 394 3341 466 αὐτῷ
3362 394 3485 450 οὔτε
3519 397 3578 450 ἐν
3607 396 3687 467 τῷ
3720 396 3816 451 νῦν

575 503 629 548 et
673 493 1011 549 humanitate
1042 503 1314 555 constare,
1331 507 1502 548 sacrae
1523 491 1682 546 nobis
1707 492 1950 546 clamant
1991 491 2140 546 Scri-

577 592 752 654 pturae
786 601 799 636 :
839 601 963 639 nam
1001 603 1020 636 c
1071 583 1306 638 Verbum
1361 597 1492 638 caro
1535 582 1738 638 factum
1765 584 1932 639 est".
1972 604 1992 637 ι
2032 581 2139 637 Ita-

584 693 692 746 que
719 676 882 732 Verbi
911 677 1250 732 divinitatem
1282 675 1533 732 Christus
1566 676 1682 746 ipse
1712 675 1977 748 Spiritum
2009 691 2138 732 san-

575 777 722 823 ctum
755 769 1007 839 appellat,
1027 768 1485 840 quemadmodum
1507 769 1574 824 ad
1603 767 2001 822 Samaritanam
2025 768 2134 822 ait:

581 879 600 911 ι
638 861 778 917 Deus
806 861 1044 930 Spiritus
1068 871 1153 918 est
1176 876 1189 914 :
1215 862 1260 893 ’⁸
1294 881 1313 913 ι
1337 876 1492 916 suam
1509 867 1688 916 autem
1717 860 2134 922 humanitatem,

459 957 470 964 “
574 953 770 1008 Filium
828 954 1069 1010 hominis
1133 969 1328 1009 rursus
1387 953 1641 1023 appellat,
1677 951 2138 1024 quemadmodum

573 1044 701 1098 alihi
728 1044 796 1098 de
823 1045 1044 1114 propria
1064 1060 1251 1100 .carne
1281 1045 1358 1098 ait
1395 1063 1408 1098 :
1449 1062 1467 1095 ι
1506 1042 1665 1099 Νυηο
1693 1043 2028 1114 gloriﬁcatus
2055 1051 2139 1099 est

571 1134 741 1192 Filius
763 1137 1004 1193 hominis
1031 1139 1098 1192 ⁸⁸.
1139 1156 1158 1189 ι
1192 1136 1362 1209 Igitur
1380 1135 1576 1201 Judaei,
1602 1137 1694 1207 qui
1720 1135 1888 1192 Deum
1923 1151 2140 1206 semper

571 1226 916 1283 oﬂ'endebant
944 1239 998 1286 et
1021 1228 1374 1300 blasphemiis
1410 1229 1840 1292 insectabantur,
1866 1228 2136 1299 duplicem

571 1318 836 1376 adversus
863 1320 1140 1378 Christum
1164 1322 1561 1376 commiserunt
1583 1321 1976 1391 blasphemiam
2007 1335 2021 1371 :
2046 1319 2137 1373 alii

569 1411 716 1465 enim
742 1426 965 1467 carnem
994 1413 1115 1483 ejus
1137 1414 1251 1470 sive
1274 1413 1467 1468 Filium
1502 1413 1743 1470 hominis
1771 1411 2134 1476 offendebant,

571 1500 677 1554 rati
713 1500 1036 1571 prophetam
1066 1503 1246 1572 ipsum
1273 1518 1396 1558 esse
1419 1517 1529 1558 non
1557 1511 1743 1558 autem
1778 1501 1950 1558 Deum
1982 1520 1995 1555 :
2022 1501 2138 1571 qui-

572 1589 676 1646 bus
713 1591 930 1646 veniam
965 1593 1137 1648 dedit.
1179 1591 1459 1664 Siquidem
1500 1595 1714 1649 initium
1739 1594 2136 1664 praedicationis

571 1689 718 1746 erat,
761 1683 1110 1755 nondumque
1140 1693 1351 1756 poterat
1376 1685 1612 1740 mundus
1641 1685 1807 1740 Deum
1841 1685 1992 1740 illum
2019 1700 2138 1740 cre-

2244 489 2399 542 αίῶνι
2424 487 2546 542 οὔτε
2576 491 2634 543 ἐν
2661 488 2739 560 τῷ
2789 489 3068 560 μέλλοντι;
3126 489 3416 560 Νουνεχῶς
3469 489 3814 561 ἀκούσωμεν,

2244 578 2431 652 καὶμὴ
2463 579 2844 650 πλανηθῶμεν.
2873 580 3058 634 Διττὸν
3097 576 3238 634 εἶναι
3280 581 3370 634 τὸν
3409 581 3644 652 Χριστὸν
3678 582 3818 654 μετὰ

2243 673 2342 744 τὴν
2372 673 2648 745 ἄφραστον
2698 673 2910 738 ἕνωσιν,
2935 675 3078 744 φημὶ
3122 675 3186 748 δὴ
3240 677 3304 729 ἐκ
3350 675 3602 748 θεότητος
3630 680 3727 732 καὶ
3757 679 3818 745 ἐξ

2243 765 2676 838 ἁνθρωπότητος,
2703 765 2760 818 αἱ
2793 765 2934 838 ἱερα)¹
2959 766 3090 836 ἡμῖν
3110 764 3366 819 διαϐοῶσι
3398 765 3613 838 Γραφαί
3630 785 3676 820 ἰ
3701 768 3759 821 Ὀ
3790 789 3810 822 ι

2243 857 2350 931 γὰρ
2386 877 2405 909 ι
2443 857 2614 927 Λόγος
2664 857 2800 929 σὰρξ
2851 857 3085 926 ἐγένετο.
3118 876 3137 909 ι
3175 859 3288 928 Τὴν
3317 857 3449 927 γοῦν
3495 858 3589 913 τοῦ
3640 861 3812 930 Λόγου

2245 951 2472 1022 θεότητα
2503 953 2532 1004 6
2578 951 2740 1014 αὐτὸς
2782 949 3015 1022 Χριστὸς
3072 951 3296 1022 Πνεῦμα
3330 951 3486 1020 ἅγιον
3537 952 3810 1023 ὀνομάζει,

2244 1041 2389 1095 καθὰ
2415 1041 2507 1095 καὶ
2536 1041 2672 1113 πρὸς
2696 1040 2794 1112 τὴν
2823 1042 3152 1112 Σαμαρεῖτιν
3190 1041 3393 1111 ἔλεγεν,
3419 1043 3502 1096 ὅτι
3525 1043 3754 1114 Πνεῦμα
3785 1046 3813 1097 6

2243 1132 2410 1196 Θεός·
2468 1132 2568 1204 τὴν
2607 1131 2664 1184 δέ
2708 1130 3105 1203 ἀνθρωπότητα
3159 1129 3324 1184 αὐτοῦ
3356 1131 3486 1186 Υιὸν
3525 1131 3811 1204 ἀνθρώπου

2243 1224 2404 1278 πάλιν
2424 1242 2438 1255 ο
2471 1224 2653 1288 καθὼς
2684 1224 2777 1278 καὶ
2802 1223 3033 1294 ἀλλαχοῦ
3057 1225 3186 1296 περὶ
3212 1224 3312 1296 τῆς
3340 1225 3477 1289 ἰδίας
3495 1224 3662 1278 αὐτοῦ
3692 1243 3813 1296 σαρ-

2243 1318 2337 1381 κός
2370 1334 2536 1388 φησιο
2577 1336 2594 1368 ι
2623 1316 2737 1371 Νῦν
2784 1316 3042 1388 ἐδοξάσθη
3079 1319 3107 1371 6
3133 1317 3262 1382 Υἱὸς
3303 1316 3397 1372 τοῦ
3434 1317 3743 1389 ἀνθρώπου.
3786 1337 3804 1370 ι

2243 1412 2305 1463 Οἱ
2329 1406 2422 1464 οῦν
2442 1409 2530 1463 ἀεὶ
2565 1410 2642 1480 τῷ
2669 1407 2788 1480 Θεῷ
2808 1407 3237 1481 προσκρούοντες
3252 1409 3346 1463 καὶ
3368 1409 3811 1481 βλασφημοῦντες

2255 1501 2494 1554 Ἰουδαῖοι
2531 1500 2710 1572 διττὴν
2737 1500 2874 1573 πρὸς
2920 1501 3011 1556 τὸν
3050 1501 3287 1573 Χριστὸν
3331 1501 3429 1573 τὴν
3463 1501 3811 1574 βλασφημίαν

2241 1593 2567 1664 ἐκέκτηντο·
2601 1593 2650 1646 οἱ
2683 1593 2781 1664 μὲν
2819 1595 2886 1664 τῇ
2936 1593 3099 1666 σαρκὶ
3132 1592 3319 1658 αὑτοῦ,
3353 1593 3522 1664 ἤγουν
3571 1592 3650 1664 τῷ
3696 1592 3810 1663 Υἱῷ

2240 1684 2334 1738 τοῦ
2364 1683 2672 1756 ἀνθρώπου,
2709 1684 3146 1755 προσκόπτοντες
3177 1684 3286 1754 (‘25)
3318 1685 3600 1756 προφήτην
3624 1683 3808 1748 αὑτὸν,

571 1773 702 1828 dere
733 1773 826 1844 qui
855 1774 1018 1830 homo
1059 1776 1376 1846 apparebat.
1411 1775 1550 1829 Hinc
1583 1775 1837 1830 Christus
1886 1776 1984 1839 ait,
2013 1773 2135 1841 Qui-

2239 1776 2352 1830 ἀλλ’
2389 1777 2450 1830 οὑ
2482 1776 2614 1829 Θεὸν
2643 1771 2782 1829 εἶναι
2830 1776 3162 1848 νομίζοντες,
3217 1772 3300 1842 οἷς
3332 1777 3424 1831 καὶ
3481 1775 3809 1847 συγγνώμην

570 1879 788 1935 cunque
818 1865 1015 1921 dixerit
1049 1868 1276 1922 verbum
1300 1876 1490 1922 contra
1512 1866 1709 1922 Filium
1740 1868 1998 1931 hominis,
2026 1870 2140 1924 sive

569 1965 762 2012 contra
799 1973 1020 2029 corpus,
1063 1961 1372 2015 remittetur
1415 1961 1487 2015 ei.
1519 1959 1707 2016 Audeo
1761 1962 1905 2016 enim
1955 1960 2140 2016 dicere

569 2064 744 2119 neque
768 2050 917 2120 ipsos
940 2051 1130 2106 beatos
1159 2052 1279 2121 ejus
1309 2052 1608 2121 discipulos
1641 2051 1936 2122 perfectam
1965 2052 2137 2123 ipsius

567 2141 871 2197 divinitatis
932 2142 1190 2198 habuisse
1235 2148 1626 2215 cognitionem.
1672 2146 1845 2201 donec
1898 2144 2138 2215 Spiritus

567 2241 791 2288 sanctus
820 2232 908 2288 die
933 2233 1284 2291 Pentecostcs
1308 2237 1362 2290 in
1393 2252 1488 2292 eos
1528 2238 1758 2306 illapsus
1784 2245 1952 2292 esset.
1981 2237 2138 2291 Nam-

577 2340 684 2394 que
713 2325 875 2380 etiam
921 2334 1046 2397 post
1084 2329 1546 2386 resurrectionem
1581 2331 1672 2384 alii
1703 2331 1854 2384 illum
1879 2330 2138 2386 viderunt

564 2423 617 2469 et
639 2417 969 2485 adorarunt;
1002 2419 1223 2490 quidam
1271 2429 1452 2476 autem
1488 2422 1896 2488 dubitaverunt,
1922 2431 1978 2478 at
2027 2440 2135 2480 non

566 2507 773 2562 idcirco
835 2509 989 2564 fuere
1051 2512 1422 2569 condemnati.
1473 2512 1575 2578 Qui
1638 2523 1819 2570 autem
1872 2515 2136 2571 adversus

568 2596 832 2669 Spiritum
880 2607 1132 2654 sanctum
1185 2601 1534 2670 proferebant
1581 2604 1977 2675 blasphemiam
2022 2607 2136 2662 sive

567 2693 826 2746 adversus
859 2691 1068 2746 Christi
1113 2691 1477 2757 divinitatem,
1502 2710 1628 2750 cum
1673 2711 1870 2767 nempe
1907 2697 2022 2753 haec
2049 2699 2138 2753 di-

566 2792 754 2839 cerent
796 2803 859 2839 ι(
907 2783 966 2839 In
999 2784 1283 2841 Beelzebul
1331 2787 1576 2858 principe
1629 2789 1935 2846 daemonum
1983 2794 2135 2862 ejicit

572 2878 903 2933 daemonia"
929 2894 942 2930 :
971 2899 989 2930 ›
1035 2879 1122 2936 his
1152 2880 1262 2934 ait:
1293 2899 1313 2932 ι
1357 2880 1474 2936 Non
1507 2884 1815 2938 remittetur
1852 2901 2028 2958 neque
2077 2888 2132 2943 in

569 2969 834 3040 praesenti
878 2971 1078 3025 saeculo
1110 2987 1286 3041 neque
1333 2972 1389 3026 in
1446 2971 1651 3028 futuro.
1693 2993 1711 3025 ι
1746 2973 2133 3034 Verumtamen

566 3060 969 3116 observandum
1000 3069 1084 3118 est
1115 3063 1393 3119 Christum
1426 3080 1538 3120 non
1587 3065 1816 3134 dixisse,
1849 3071 1943 3140 qui
1986 3072 2130 3127 blas-

2241 1867 2460 1921 ἔδωκεν.
2505 1868 2671 1940 Ἀρχὴ
2704 1866 2813 1940 γὰρ
2855 1863 2923 1939 ἦν
2950 1867 3044 1922 τοῦ
3100 1868 3477 1941 κηρύγματος,
3520 1870 3613 1923 καὶ
3656 1868 3809 1922 οὔπω

2243 1954 2440 2026 ἐχώρει
2471 1957 2500 2008 6
2547 1956 2749 2027 κόσμος
2781 1954 2912 2009 Θεὸν
2945 1957 3220 2011 πιστεύειν
3253 1959 3572 2028 φαινόμενον
3597 1957 3810 2030 ἄνθρω-

2239 2063 2358 2100 πον.
2391 2047 2482 2100 Διὸ
2513 2047 2603 2100 καί
2631 2064 2793 2117 φησιν
2821 2049 2850 2100 6
2875 2041 3130 2119 Χριστὸςζ
3162 2049 3244 2102 ὅτι
3274 2051 3369 2113 Ὃς
3390 2049 3434 2102 δ’
3464 2050 3529 2103 ἂν
3554 2049 3684 2120 εἴπῃ
3720 2049 3809 2103 λό-

2236 2157 2332 2208 γον
2355 2139 2495 2193 κατὰ
2525 2139 2619 2193 τοῦ
2644 2139 2771 2193 Υίοῦ
2788 2140 2881 2193 τοῦ
2897 2141 2995 2194 ἀνθ
3004 2141 3210 2212 ρώπου,
3228 2143 3392 2212 ἤγουν
3413 2140 3507 2195 τοῦ
3533 2142 3806 2213 σώματος,

2236 2231 2567 2302 ἀφεθήσεται
2597 2230 2744 2302 αὐτῷ
2777 2231 2910 2302 (24).
2941 2231 3136 2302 Τολμῶ
3176 2233 3284 2304 γὰρ
3331 2233 3529 2301 λέγειν,
3569 2233 3650 2286 ὅτι
3689 2235 3808 2288 οὐδὲ

2237 2325 2390 2379 αὐτοὶ
2410 2326 2458 2377 οἱ
2489 2325 2746 2398 μακάριοι
2777 2325 2940 2378 αὑτοῦ
2971 2325 3208 2396 μαθηταὶ
3231 2326 3292 2378 τὸ
3313 2326 3517 2382 τέλειον
3543 2327 3673 2398 περὶ
3709 2327 3807 2396 τῆς

2235 2417 2398 2471 αὑτοῦ
2428 2417 2675 2488 θεότητος
2705 2418 2848 2489 εἶχον
2892 2419 3166 2491 φρόνημα,
3217 2420 3322 2480 ἕως
3368 2421 3427 2473 τὸ
3477 2422 3702 2491 Πνεῦμα
3747 2437 3807 2474 το

2237 2507 2388 2576 ἆγιον
2418 2508 2599 2571 αὐτοῖς
2630 2511 2697 2578 τῇ
2733 2509 3080 2581 Πεντηκοστῇ
3112 2509 3491 2580 ἐπεφοίτησεν.
3530 2510 3684 2563 Ἐπεὶ
3716 2513 3807 2564 καὶ

2237 2597 2374 2668 μετὰ
2397 2598 2494 2670 τὴν
2521 2599 2813 2654 ἀνάστασιν
2840 2601 2886 2653 οί
2921 2601 3018 2670 μὲν
3048 2601 3243 2666 [δόντες
3273 2603 3435 2656 αὐτὸν
3471 2603 3805 2674 προσεκύνη-

2236 2704 2355 2754 σαν,
2383 2690 2431 2741 οἱ
2455 2689 2510 2742 δὲ
2535 2690 2836 2754 ἐδίστασαν,
2872 2691 2986 2744 ἀλλ’
3015 2693 3117 2746 οὐκ
3147 2695 3209 2747 ἐκ
3242 2691 3432 2747 τούτου
3477 2695 3806 2765 κατεκρίθη-

2236 2797 2335 2833 σαν
2356 2796 2368 2808 ο
2404 2781 2452 2833 οἱ
2480 2781 2535 2834 δὲ
2567 2781 2648 2846 εἰς
2670 2781 2730 2834 τὸ
2748 2779 2976 2853 Πνεῦμα
3000 2783 3060 2836 τὸ
3087 2782 3260 2852 ἅγιον,
3286 2785 3453 2854 ἤγουν
3478 2786 3558 2848 εἰς
3586 2785 3687 2856 τὴν
3708 2783 3802 2838 τοῦ

2233 2871 2470 2942 Χριστοῦ
2521 2872 2770 2944 θεότητα,
2809 2872 3256 2946 βλασφημοῦντες
3288 2875 3382 2929 καὶ
3424 2875 3692 2944 λέγοντες,
3723 2878 3803 2929 ὅτι

2239 2981 2257 3013 ί
2304 2965 2389 3016 Ἐν
2409 2964 2731 3028 Βεελζεϐοὺλ
2763 2965 2841 3036 τῷ
2862 2967 3083 3039 ἄρχοντι
3107 2968 3216 3020 τῶν
3251 2967 3517 3038 δαιμόνων
3556 2968 3803 3021 ἐκϐάλλει

2232 3052 2302 3106 τὰ
2342 3055 2611 3126 δαιμόνια,
2649 3075 2668 3107 ι
2713 3056 2946 3124 τούτοις,
3009 3059 3196 3129 φησὶν,
3237 3075 3257 3110 ι
3303 3060 3418 3112 Οὐκ
3473 3059 3802 3129 ἀφεθήσεται

461 4209 476 4220 .
557 4145 779 4212 expiare
805 4145 1038 4212 possint,
1069 4145 1210 4200 Deus
1246 4157 1452 4202 naturze
1483 4150 1761 4204 hominum
1795 4153 2073 4206 concessit
2102 4169 2116 4204 :

567 3151 811 3219 phemias
846 3155 1153 3222 protulerit,
1205 3164 1259 3212 et
1285 3158 1455 3228 egerit
1479 3159 1880 3228 pmnitentiam,
1911 3163 1987 3217 illi
2017 3179 2128 3218 non

2238 3146 2352 3200 οὐδὲ
2383 3150 2440 3201 ἐν
2472 3148 2550 3219 τῷ
2577 3147 2673 3202 νῦν
2703 3149 2860 3203 αἰῶνι
2910 3150 3031 3204 οὐδὲ
3069 3152 3127 3203 ἐν
3155 3150 3233 3222 τῷ
3270 3150 3532 3222 μέλλοντι.
3591 3169 3610 3202 ι
3659 3150 3802 3220 Πλὴν

577 3244 908 3308 remittetur,
949 3245 1044 3300 sed
1077 3247 1171 3317 qui
1197 3247 1565 3319 hlasphemias
1619 3253 1849 3323 profert,
1889 3256 2002 3311 sive
2036 3257 2129 3327 qui

2238 3239 2642 3310 σημειώσασθαι
2673 3240 2800 3313 χρὴ,
2829 3243 2912 3294 ὅτι
2943 3243 3042 3296 οὐκ
3071 3237 3224 3296 εἶπεν
3261 3245 3289 3296 6
3311 3243 3547 3314 Χριστὸς
3583 3242 3697 3311 (25)
3725 3241 3802 3312 τῷ

573 3333 630 3387 in
661 3333 1019 3406 blasphemiis
1049 3351 1378 3408 perseverat.
1412 3341 1632 3398 Nullum
1687 3345 1835 3400 enim
1882 3357 1967 3402 est
2005 3364 2131 3419 pec-

2238 3331 2679 3403 βλασφημήσαντι
2718 3335 2812 3388 καὶ
2839 3336 3265 3407 μετανοήσαντι,
3293 3335 3392 3388 οὐκ
3431 3335 3783 3407 ἀφεθήσεται.

564 3431 747 3478 catum
775 3426 919 3495 quod
950 3442 1056 3482 non
1087 3429 1359 3484 condonet
1385 3429 1529 3489 Deus
1559 3433 1630 3489 iis
1664 3436 1760 3504 qui
1782 3436 2052 3492 sinceram
2073 3447 2128 3494 et

2238 3422 2364 3476 ἁλλὰ
2391 3424 2470 3494 τῷ
2503 3424 2934 3496 βλασφημοῦντι,
2969 3429 3134 3498 ἤγουν
3166 3427 3243 3498 τῷ
3275 3429 3332 3480 ἐν
3367 3431 3434 3498 τῆ
3483 3425 3799 3499 βλασφημίᾳ

564 3514 781 3588 dignam
817 3527 984 3589 agunt
1009 3521 1406 3591 paenitentiam,
2228 3516 2557 3586 ἐπιμένοντι.
2607 3518 2932 3590 Ἐπειδήπερ
2961 3519 3060 3573 οὐκ
3111 3520 3256 3574 ἔστιν
3287 3519 3528 3591 ἁμαρτία
3553 3519 3799 3588 ἀσυγχώ-

2231 3624 2390 3678 ρητος
2429 3609 2581 3680 παρὰ
2613 3608 2730 3663 Θεῶ
2755 3609 2814 3662 ἐν
2844 3613 2956 3674 τοῖς
2987 3611 3148 3676 όσίως
3173 3612 3262 3665 καὶ
3301 3613 3418 3664 κατ’
3449 3609 3606 3677 ἀξίαν
3638 3628 3799 3682 μετα-

2226 3701 2457 3756 νοοῦσιν.

2307 3794 2604 3866 Ἐρώτησις
2639 3796 2733 3866 of.
2762 3796 2827 3850 Τί
2867 3791 2992 3861 οῦνς
3028 3796 3138 3866 ἔχει
3159 3796 3350 3865 ἄφεσιν
3372 3794 3461 3848 διὰ
3493 3795 3786 3865 μετανοίας

560 3871 634 3927 tia
667 3873 713 3928 is
741 3877 1094 3945 consequitur
1118 3879 1210 3947 qui
1243 3879 1522 3934 Christum
1567 3893 1748 3951 negat,
1780 3891 1834 3938 et
1871 3883 2124 3954 blasphe-

2238 3885 2369 3939 5τὸν
2396 3888 2632 3958 Χριστὸν
2686 3888 3038 3961 ἀρνούμενος,
3083 3890 3175 3942 καὶ
3234 3885 3570 3959 βλασφημῶν
3617 3888 3696 3950 είς
3737 3886 3797 3938 τὸ

559 3964 724 4018 miam
753 3966 807 4020 in
834 3965 1094 4036 Spiritum
1133 3977 1380 4023 sanctum
1415 3970 1666 4040 profert?

2238 3977 2451 4049 Πνεῦμα
2472 3979 2533 4032 τὸ
2573 3980 2727 4048 ἅγιον
2746 3997 2760 4046 ;

633 4053 794 4108 Resp.
831 4053 956 4108 Tria
999 4057 1349 4125 haptismata,
1384 4075 1502 4128 quae
1547 4060 1780 4130 quodvis
1834 4068 2119 4131 peccatum

2307 4069 2642 4141 Ἀπόκρισις.
2675 4071 2814 4143 Τρία
2862 4071 3214 4143 βαπτίσματα
3259 4067 3570 4140 καθαρτικὰ
3617 4068 3796 4137 πάσης

2221 4159 2339 4222 οἵας
2365 4160 2564 4230 δήποτε
2589 4163 2863 4233 ἁμαρτίας
2882 4163 3054 4227 όΘεὸς
3078 4166 3143 4233 τῇ
3178 4161 3334 4230 φύσει
3365 4160 3474 4213 τῶν
3496 4160 3592 4214 ἀνθ
3603 4160 3794 4230 ρώπων

559 4249 752 4302 nempe
783 4250 954 4305 aqum,
989 4239 1192 4307 proprii
1219 4241 1502 4310 sanguinis
1537 4258 1632 4312 per
1683 4244 2027 4313 martyrium,
2063 4251 2120 4298 et

2238 4252 2530 4323 ἐδωρήσατο
2547 4270 2558 4282 ·
2588 4254 2800 4323 λέγωδὲ
2827 4257 2886 4309 τὸ
2913 4255 3125 4320 ὓδατος,
3155 4257 3247 4310 καὶ
3267 4255 3427 4308 πάλιν
3462 4257 3521 4308 τὸ
3545 4255 3634 4308 διὰ
3661 4273 3796 4326 μαρ-

559 4328 779 4382 tertium
830 4345 924 4399 per
962 4331 1250 4402 Iacrymas,
1294 4348 1391 4401 per
1425 4333 1572 4402 quod
1625 4346 1851 4405 purgata
1883 4343 1968 4390 est
2004 4350 2121 4390 mc-

2238 4344 2408 4415 :upiou
2445 4344 2554 4416 (26)
2588 4346 2682 4398 τοῦ
2719 4347 2846 4400 ίδίου
2874 4349 3124 4418 αἵματος,
3159 4347 3251 4401 καὶ
3280 4346 3464 4417 τρίτον
3495 4346 3558 4399 τὸ
3593 4347 3681 4400 διὰ
3705 4347 3795 4399 δα-

558 4419 814 4472 retrix".
861 4418 979 4489 Ipse
1023 4422 1148 4474 item
1187 4432 1503 4477 sanctorum
1543 4427 1915 4494 apostolorum
1966 4441 2120 4496 cory-

2238 4434 2426 4506 ιρύων,
2456 4438 2535 4500 εἰς
2562 4437 2695 4511 ὅπερ
2727 4440 2817 4492 καὶ
2847 4441 2880 4510 ἡ
2916 4439 3087 4510 πόρνη
3134 4438 3490 4510 ἐκαθαρίσθη.
3543 4438 3688 4509 Πλὴν
3739 4437 3796 4490 δὲ

557 4506 741 4577 phams
773 4507 970 4565 Petrus
1031 4510 1169 4567 fusis
1201 4523 1324 4583 post
1355 4515 1699 4585 negationem
1735 4516 1990 4586 lacrymis
2017 4531 2115 4570 ac-

2238 4528 2317 4580 ια).
2341 4528 2499 4591 αὐτὸς
2533 4506 2878 4600 όκορυφαῖος
2899 4506 3008 4583 τῶν
3037 4506 3206 4599 ἁγίων
3239 4506 3551 4583 ἀποστόλων
3590 4506 3792 4600 Πέτρος

553 4608 744 4669 ceptus
775 4609 858 4669 est,
891 4610 946 4657 et
976 4613 1243 4660 servatus.
1277 4606 1437 4672 Quod
1470 4607 1516 4662 si
1550 4607 1751 4662 Christi
1784 4609 1999 4678 negatio
2029 4624 2117 4664 re-

2238 4618 2362 4687 αετὰ
2383 4620 2479 4689 τὴν
2501 4620 2751 4692 ἄρνησιν,
2792 4621 3032 4685 κλαύσας
3071 4621 3405 4693 προσεδὲχθη
3445 4622 3539 4674 καὶ
3590 4619 3788 4692 ἐσώθη.

549 4693 804 4760 mittitur,
835 4710 943 4750 non
977 4706 1156 4752 autem
1190 4699 1430 4769 Spiritus
1460 4702 1634 4754 sancti
1672 4701 1908 4772 negatio,
1932 4705 2114 4771 sequi-

2238 4709 2358 4763 Ἐἁν
2380 4711 2436 4764 δέ
2475 4713 2507 4782 ἡ
2555 4711 2648 4763 τοῦ
2696 4713 2931 4782 Χριστοῦ
2967 4713 3198 4784 ἄρνησις
3221 4713 3334 4784 ἔχει
3361 4713 3728 4784 συγχώρησιν,
3759 4714 3791 4782 ἡ

552 4793 640 4839 tur
669 4795 728 4840 ut
759 4786 928 4843 Filius
952 4789 1178 4846 inferior
1199 4793 1270 4848 sit
1296 4791 1505 4864 Spiritu
1537 4801 1749 4850 sancto.
1776 4795 1916 4850 Audi
1948 4811 2112 4867 porro

2238 4800 2276 4852 se
2300 4799 2392 4853 τοῦ
2421 4802 2575 4870 ἁγίου
2600 4801 2914 4874 Πνεύματος
2943 4804 3041 4857 οὐκ
3071 4805 3183 4875 ἔχει
3201 4822 3214 4835 °
3261 4804 3571 4876 εὑρίσκεται
3609 4805 3792 4858 λοιπὸν

549 4876 843 4950 Scripturae
864 4883 1262 4950 testimonium,
1297 4901 1398 4940 nec
1451 4887 1673 4942 credere
1725 4887 1943 4944 dubites
1987 4890 2113 4944 nul-

2238 4895 2246 4942 ὸ
2291 4891 2416 4956 Υἱὸς
2447 4893 2683 4948 ἐλάττων
2726 4894 2819 4948 τοῦ
2868 4896 3023 4965 ἁγίου
3073 4895 3405 4968 Πνεύματος.
3437 4897 3707 4950 Ἀκουσον
3735 4896 3791 4950 δέ

547 4969 657 5024 lum
690 4973 925 5042 quodvis
957 4984 1240 5043 peccatum
1275 4991 1418 5038 esse,
1445 4976 1590 5045 quod
1630 4976 1722 5033 Dei
1763 4979 2110 5035 clementiam

2238 4985 2311 5038 ια).
2336 4986 2612 5057 γραφικῆς
2643 4987 2969 5060 μαρτυρίας,
3004 4989 3096 5042 καὶ
3137 4988 3389 5058 πείσθητι
3424 4989 3499 5060 μὴ
3526 4983 3668 5042 εἶναι
3693 4988 3790 5059 τὴν

545 5059 742 5116 vincat.
766 5061 930 5135 234
969 5063 1060 5119 Sic
1091 5065 1254 5135 igitur
1286 5065 1429 5122 Deus
1464 5069 1709 5138 loquitur
1741 5085 1838 5139 per
1860 5067 2113 5126 Ezechie-

2238 5078 2562 5151 ιῖανδήποτε
2599 5080 2877 5152 ἁμαρτίαν
2909 5080 3147 5134 νικῶσαν
3179 5079 3279 5152 τὴν
3299 5079 3396 5133 τοῦ
3434 5079 3570 5133 Θεοῦ
3605 5079 3790 5150 φιλαν-

545 5153 647 5207 lem
689 5157 1008 5224 prophetam
1052 5176 1065 5212 :
1108 5176 1128 5208 ι
1180 5156 1315 5213 Vivo
1370 5174 1494 5230 ego,
1546 5161 1677 5216 dicit
1728 5163 2013 5228 Dominus,
2063 5165 2111 5221 si

2238 5167 2482 5238 ἱρωπίαν.
2506 5167 2666 5239 Λέγει
2696 5166 2789 5224 οὖν
2821 5171 2850 5222 ὁ
2899 5169 3030 5232 Θεὸς
3072 5169 3160 5222 διὰ
3188 5170 3282 5223 τοῦ
3313 5171 3595 5242 προφήτου
3631 5170 3787 5236 Ἰεζεο

543 5245 668 5314 quis
695 5245 858 5300 homo
880 5249 1063 5303 omnia
1084 5247 1274 5304 fecerit
1315 5258 1560 5319 peccata,
1595 5251 1884 5324 ipsumque
1931 5255 1985 5309 in
2011 5256 2108 5325 ju-

631 3778 849 3846 ngsr.
888 3779 1118 3837 LXXIII.
1149 3782 1288 3850 Quid
1341 3786 1505 3858 ergo?
1525 3785 1823 3843 Veniamne
1853 3789 2124 3858 paeniten-

2150 4485 2194 4540 D

2217 5258 2343 5329 κιὴλ
2361 5258 2570 5322 οὕτως’
2611 5279 2630 5310 ι
2663 5261 2750 5314 Ζῶ
2778 5261 2908 5330 ἐγὼ,
2956 5261 3103 5329 λέγει
3157 5260 3382 5332 Κύριος,
3425 5261 3531 5326 ὅτι,
3577 5262 3673 5316 ἐάν
3708 5274 3790 5322 τις

614 5400 660 5431 ’⁸
695 5399 851 5456 Joan.
883 5418 937 5469 ι,
972 5404 1059 5458 14.
1134 5404 1182 5436 ’⁵
1217 5403 1375 5462 Joan.
1407 5423 1482 5473 tv,
1512 5407 1604 5464 24.
1681 5410 1727 5442 ⁸⁸
1763 5407 1920 5466 Joan.
1952 5426 2052 5465 xm
2074 5451 2088 5477 ,
2121 5412 2135 5468 ε

2291 5415 2336 5446 ⁸⁷
2375 5413 2567 5470 Matth.
2599 5433 2716 5476 xu.
2745 5415 2837 5471 24.
2915 5415 2962 5445 ’³
3000 5413 3134 5472 Luc.
3170 5432 3279 5482 vn,
3311 5416 3401 5472 '57.

617 5553 729 5638 (ἓᾷ)
753 5555 836 5638 _Ita
884 5559 1005 5638 duo_
1033 5559 1393 5638 Regii._Edi_ti
1451 5580 1601 5638 vero,
1651 5568 2097 5638 προσπίπτοντες.

544 5624 662 5701 uti}
681 5624 1186 5701 _i_i4em,_e_vdpt§6v.
1219 5631 1383 5697 Editi,
1422 5624 1748 5701 νομίξὸντεξ.

611 5693 722 5766 (24)
754 5697 828 5751 Ita
871 5693 1032 5754 iidem
1075 5693 1226 5772 Regii
1250 5702 1286 5755 2
1321 5693 1451 5758 ειδ.
1485 5693 1731 5762 Ῐιίθιίὶιὶὲ
1761 5711 1896 5777 haec,
1935 5712 2104 5782 ἤγουν

2207 5568 2298 5623 τοῦ
2329 5571 2580 5642 σώματος
2610 5572 2773 5626 αὐτοῦ
2802 5571 3020 5642 desunt.

2281 5643 2392 5710 (25)
2417 5641 2507 5696 Ita
2538 5645 2649 5698 duo
2685 5643 2858 5710 Regii.
2904 5641 3044 5694 Editi
3077 5657 3232 5707 vero,
3258 5645 3287 5696 6
3317 5643 3468 5706 Θεός.

2281 5711 2390 5784 (26)
2420 5713 2553 5784 Reg.
2588 5716 2642 5779 '5,
2677 5713 3002 5786 μαρτυρίου.
3031 5712 3195 5777 Editi,
3228 5715 3554 5786 μαρτυρίας.
