4088 6382
276 242 374 300 διδ

1247 259 1702 326 ΟΙΙᾸΞΞΤΙΟΝΕΒ
1732 266 1823 320 AD
1861 267 2257 326 ANTIOCIIUM
2294 270 2544 326 DUCEM.

3384 279 3481 336 646

275 364 468 437 ποιήσῃ
503 363 790 437 ἄνθρωπος
814 370 993 436 πάσας
1019 371 1115 438 τὰς
1139 375 1429 448 ἁμαρτίας,
1472 382 1564 436 καὶ
1591 382 1734 455 εὖρω
1780 384 1801 437 6

1892 395 1908 443 ι
1938 386 2087 440 stitia
2141 387 2464 452 invenerim,
2505 403 2613 443 non
2663 375 2994 446 recordabor
3019 388 3258 446 omnium
3289 391 3479 464 iniqui-

272 455 426 511 αὑτὸν
462 459 521 511 ὲν
553 459 887 535 δικαιοσύνῃ,
911 463 970 516 ού
995 466 1068 537 μὴ
1101 468 1323 539 μνησθῶ
1350 472 1536 526 πασῶν
1566 474 1673 527 τῶν
1713 475 1801 528 ἀνο

1932 482 2101 528 talum
2159 477 2359 545 ejus".
2404 498 2422 530 ι
2472 478 2644 534 Porro
2689 481 2834 551 quod
2896 483 2992 548 ait,
3033 501 3053 536 ι
3099 455 3418 549 invenerim,
3461 503 3478 538 ι

273 547 404 614 μιῶν
437 548 627 606 αὐτοῦ.
662 570 680 601 ›
717 571 737 603 ‹
763 553 924 624 Εὓρω
956 574 975 606 ι
1017 557 1073 609 δὲ
1102 559 1284 625 αὐτὸν,
1318 561 1472 632 δῆλον
1497 562 1579 615 ὅτι
1617 567 1680 635 τῇ
1711 564 1801 636 ῶρι

1929 567 2132 620 clarum
2154 576 2240 623 est
2263 569 2328 624 de
2356 571 2490 624 hora
2530 547 2724 627 mortis
2749 574 2868 643 ejus
2912 547 2984 630 id
3010 574 3257 645 intelligi.
3294 547 3470 630 Scien-

270 636 354 690 τοῦ
384 638 615 694 θανάτου
639 643 821 696 αὐτοῦ.
857 645 946 697 Δέῖ
970 647 1080 718 γὰρ
1129 649 1344 715 εἰδέναι,
1387 652 1466 705 ὅτι
1503 654 1702 724 ὁμοίως
1732 657 1801 708 τοι

1926 656 2052 710 dum
2082 657 2225 712 enim
2277 670 2361 715 est
2408 661 2555 718 fonte
2614 665 3001 734 lacrymarum,
3032 665 3256 736 perinde
3296 681 3360 720 ac
3387 666 3469 721 ba-

271 726 634 800 βαπτίσματος
667 732 830 802 ἡτῶν
853 733 1102 805 δακρύων
1135 736 1284 808 πηγὴ
1313 737 1589 810 καθαρίζει
1619 741 1709 794 τὸν
1735 740 1828 794 ἇν-

1924 749 2142 817 ptismo,
2173 756 2488 826 perpurgari
2522 755 2814 811 hominem.
2857 755 2994 811 Hinc
3037 759 3192 811 multi
3228 759 3320 828 qui
3351 773 3477 828 pec-

269 819 476 891 θρωπον
500 837 514 850 ο
544 821 732 895 διόπερ
765 823 965 890 πολλοὶ,
995 825 1083 878 διὰ
1113 827 1465 897 πταισμάτων
1500 829 1801 900 μολύναντει

1923 841 2059 898 catis
2107 833 2222 898 suis
2267 855 2513 899 sanctum
2567 845 2835 916 baptisma
2892 847 3325 916 inquinaverant,
3375 863 3474 918 per

265 910 318 962 τὸ
342 911 497 978 ἆγιον
523 913 638 983 (27)
672 913 972 986 βάπτισμα,
1009 917 1096 972 διά
1114 919 1360 990 δακρύων
1390 922 1801 997 ὲκαθαρίσθησατ

1924 929 2192 1003 lacrymas
2217 935 2434 1006 purgati
2466 944 2593 990 sunt
2620 910 2673 993 et
2695 938 2828 1007 justi
2863 910 3058 994 effecti.

266 1007 348 1060 καὶ
378 1006 575 1060 δίκαιοι
605 1008 1020 1080 ἀπεδείχθησαν.

339 1098 530 1170 Ἐρώτ.
567 1099 659 1153 06'.
689 1101 823 1154 Ποία
849 1102 1093 1173 ἁμαρτία
1114 1106 1256 1157 ποιεῖ
1277 1105 1374 1178 τὴν
1394 1108 1701 1181 προσευχὴν
1725 1111 1818 1165 τοῦ

261 1190 537 1263 ἀνθρώπου
561 1193 927 1264 ἁπρόσδεκτον
961 1195 1111 1267 παρά
1139 1195 1293 1267 Θεῷ;

333 1284 522 1338 Ἀπόκ.
563 1284 628 1337 Ἦ
683 1284 1033 1357 μνησικακία,
1086 1287 1226 1342 κατὰ
1267 1288 1357 1342 τὸν
1396 1289 1551 1360 λόγον
1585 1293 1680 1348 τοῦ
1712 1295 1819 1348 Κυ-

1989 1107 2208 1173 ρωεετ.
2241 1107 2476 1164 LXXIV.
2508 1109 2677 1176 Quale
2727 1123 3006 1182 peccatum
3053 1113 3183 1169 facit
3211 1123 3273 1170 ut
3299 1095 3477 1171 oratio

1919 1195 2158 1253 hominis
2192 1198 2304 1254 Deo
2327 1217 2435 1254 non
2466 1201 2539 1256 sit
2562 1203 2829 1273 accepta?

1986 1289 2152 1347 Itssp.
2185 1290 2529 1348 Offensarum
2577 1294 2880 1350 recordatio
2903 1293 3058 1364 juxta
3103 1295 3218 1351 haec
3259 1296 3469 1352 Domini

263 1374 368 1446 ρίου
395 1376 489 1428 τὸν
520 1376 779 1445 λέγονταο
816 1395 834 1429 ι
875 1378 994 1432 ’Ὁτι
1033 1378 1128 1432 ὲάν
1182 1382 1494 1457 προσφέρῃς
1541 1385 1602 1438 τὸ
1644 1386 1801 1457 δῶρόι

1914 1381 2081 1436 verba
2115 1401 2129 1437 :
2171 1400 2191 1434 ι
2229 1381 2285 1436 Si
2317 1383 2478 1440 oﬂ‘ers
2505 1401 2705 1442 munus
2731 1394 2881 1441 tuum
2906 1388 2972 1443 ad
2997 1388 3185 1454 altare,
3203 1396 3257 1444 et
3287 1391 3358 1444 ibi
3387 1407 3469 1446 re-

261 1485 345 1520 σου
373 1467 466 1520 ἐπὶ
491 1467 552 1521 τὸ
581 1469 978 1542 θυσιαστήριον,
1010 1471 1169 1524 κάκεῖ
1203 1472 1446 1546 μνησθῇς
1496 1477 1578 1529 ὅτι
1603 1479 1632 1530 6
1660 1477 1813 1532 ἀδελ-

259 1560 346 1629 φός
371 1578 463 1613 σου
489 1559 600 1631 ἔχει
662 1579 714 1614 τι
752 1562 892 1616 κατὰ
925 1563 1041 1627 σοῦ,
1075 1564 1210 1634 ἄφες
1248 1567 1364 1620 ἐκεῖ
1406 1567 1467 1622 τὸ
1505 1568 1675 1641 δῶρόν
1719 1589 1811 1625 σου

257 1650 551 1722 ἔμπροσθεν
581 1650 677 1705 τοῦ
725 1652 1129 1726 θυσιαστηρίου,
1190 1659 1283 1712 καὶ
1334 1658 1545 1729 ὕπαγε·
1597 1662 1809 1735 πρῶτον

254 1743 560 1814 διαλλάγηθι
593 1744 672 1815 τῷ
700 1745 913 1818 ἀδελφῷ
943 1765 1055 1813 σου,
1093 1751 1185 1802 καὶ
1209 1751 1327 1804 τότε
1350 1750 1519 1804 ἐλθὼν
1536 1754 1808 1826 πρόσφερε

255 1833 306 1884 τὸ
333 1833 503 1906 δῶρόν
533 1853 626 1888 σου
651 1853 666 1866 ο
714 1856 732 1888 ›
759 1838 833 1901 ώς
863 1839 963 1907 τῆς
996 1842 1360 1910 μνησικακίας
1384 1843 1541 1914 δῆλον
1567 1845 1652 1898 ὅτι
1684 1863 1807 1900 ποι-

252 1925 405 1996 ούσης
426 1929 791 2000 ἀπρόσδεκτον
811 1931 871 1984 τὸ
889 1932 1057 2005 δῶρον
1078 1935 1178 2004 τῆς
1202 1935 1526 2007 προσευχῆς.

325 2019 514 2092 Ἐρώτ.
543 2028 637 2076 οεν.
671 2023 807 2076 Ποία
852 2024 1090 2078 ἀιιαοτία
1118 2027 1178 2078 οὑ
1207 2025 1427 2079 δύναται
1480 2029 1806 2101 μετανοῆσαι

249 2108 319 2179 τῷ
339 2109 455 2182 Θεῷ
479 2128 494 2176 ;

323 2202 510 2256 Ἀπόκ.
540 2203 730 2274 Δῆλον,
753 2205 835 2258 ὅτι
872 2207 905 2276 ἡ
941 2207 1265 2276 ἀπόγνωσις,
1301 2210 1390 2278 ὑφ’
1421 2204 1494 2283 ἧς
1516 2213 1806 2285 κρατηθεὶς

257 2293 449 2357 Ἰούδας
482 2296 790 2365 ἀπήγξατο.

320 2386 512 2458 Ἔρώτ.
553 2387 658 2453 οςῖ
691 2389 826 2442 Ποία
849 2390 1093 2463 ἁμαρτία
1133 2393 1250 2446 ἐστὶ
1277 2392 1552 2467 βαρυτέρα
1589 2397 1804 2452 πάντων

246 2477 345 2532 τῶν
375 2481 738 2549 πταισμάτων
757 2498 772 2545 ;

322 2572 507 2626 ’Δπόκ.
545 2575 692 2636 Ἐὰν,
723 2573 800 2638 ὥς
828 2592 990 2646 φησιν
1009 2577 1037 2629 6
1079 2577 1420 2643 Ἀπὸστολος,
1457 2581 1639 2651 μεῖζον
1669 2583 1804 2636 πάν-

245 2680 342 2716 των
359 2664 466 2717 τῶν
496 2665 716 2734 ἀγαθῶν
811 2667 1021 2738 ἀγάπη,
1051 2669 1332 2740 πρόδηλον,
1355 2673 1437 2725 ὅτι
1463 2675 1643 2744 μεῖζον
1667 2675 1802 2728 πάν-

243 2771 340 2806 των
367 2756 474 2807 τῶν
497 2757 684 2810 κακῶν
713 2759 747 2829 ἡ
773 2758 1113 2829 μισαδελφία,
1141 2761 1234 2814 καὶ
1258 2763 1292 2834 ἡ
1314 2763 1675 2836 ἀσπλαγχνία,
1705 2766 1800 2819 καὶ

242 2844 270 2910 ἡ
297 2844 484 2915 ἀνελεη
495 2847 720 2917 μοσύνη.

315 2935 507 3005 Ἐρώτ.
531 2937 626 3002 οζν.
654 2939 791 2994 Ποία
821 2941 928 2994 τῶν
947 2942 1173 2997 ἐντολῶν
1206 2949 1476 3017 συγχωρεῖ
1493 2947 1570 3019 τῷ
1595 2949 1799 3022 ἀνθρώ-

239 3042 319 3096 πῳ
349 3027 530 3092 πάσας
561 3029 661 3094 τὰς
690 3033 992 3104 άμαρτίας;

313 3119 500 3176 Ἀπόκ.
534 3121 640 3175 Τοῦ
670 3125 875 3195 Κυρίου
906 3125 1151 3194 λέγοντος
1175 3145 1188 3157 ο
1230 3147 1248 3179 ι
1294 3128 1384 3202 Μὴ
1430 3131 1660 3202 κρίνετε,
1706 3133 1798 3187 καὶ

233 3205 288 3257 ού
324 3208 396 3278 μὴ
419 3209 676 3281 κριθῆτε·
719 3231 738 3264 ι
768 3213 861 3266 καὶ
900 3215 1091 3269 πάλιν·
1128 3235 1147 3267 ι
1181 3218 1352 3286 Ἄφες
1400 3220 1550 3290 ἡμῖν,
1587 3223 1662 3285 ώς
1703 3223 1797 3276 καὶ

233 3298 386 3367 ἡμεῖς
434 3301 670 3373 ἀφίεμεν
713 3307 823 3368 τοῖς
861 3306 1164 3376 ὀφειλέταις
1199 3310 1385 3380 ἡμῶν·
1436 3331 1453 3363 ι
1511 3313 1793 3383 πρόδηλον,

233 3389 307 3441 ὃτι
347 3392 443 3444 καὶ
489 3395 550 3444 τὸ
607 3394 681 3465 μὴ
725 3397 930 3467 κρίνειν
965 3399 1057 3452 τὸν
1104 3399 1328 3471 πλησίον
1376 3408 1650 3476 συγχωρεῖ
1695 3405 1794 3469 τὰς

233 3484 534 3557 ἁμαρτίας·
597 3487 856 3554 ὡσαύτως
903 3493 997 3544 καὶ
1042 3491 1102 3544 τὸ
1146 3493 1219 3564 μὴ
1261 3497 1664 3568 μνησικακῆσαι
1698 3500 1792 3552 άν-

233 3572 442 3646 θρώπῳ.
485 3594 504 3627 ι
535 3577 734 3646 Ἄφετε
788 3599 806 3630 ι
859 3580 990 3651 γάρ,
1038 3583 1192 3652 φησὶ,
1239 3601 1258 3634 ι
1317 3586 1411 3637 καὶ
1459 3585 1790 3658 ἀφεθήσεται

234 3683 260 3715 υ
269 3684 374 3735 μιν.
420 3685 440 3718 ι

302 3865 490 3936 Ἐρώτ.
531 3867 632 3939 οη’.
677 3869 802 3922 Ἐάν
815 3888 898 3936 τις
921 3873 1116 3946 ποιήσῃ
1144 3875 1440 3949 βαρύτατον
1465 3878 1784 3952 ἁμάρτημα,

228 3949 313 4008 καὶ
338 3960 668 4030 μετανοήσῃ,
706 3963 866 4016 πόθεν
905 3965 1108 4037 ὀφείλει
1135 3970 1328 4039 μαθεῖν
1357 3973 1406 4023 εί
1431 3949 1785 4046 συνεχωρῆοη

227 4051 365 4122 αὐτῷ
396 4053 505 4105 ἀπὸ
537 4053 631 4106 τοῦ
668 4053 822 4122 Θεοῦ,
853 4057 884 4128 ἢ
912 4059 1008 4120 ob;
1104 4073 1106 4076 '

301 4144 488 4197 ’Δπόκ.
532 4145 704 4198 Τοῦτο
738 4149 835 4218 μὲν
867 4150 1067 4217 ὀλίγοις
1091 4153 1199 4206 τῶν
1231 4155 1531 4228 ἀνθρώπων
1559 4159 1651 4212 ἐπὶ
1683 4160 1786 4231 γῆς

226 4237 514 4307 κατάδηλον
537 4237 769 4305 γίνεται.
789 4241 976 4311 Ὅμως
1013 4243 1200 4316 ὥσπερ
1235 4247 1502 4320 δεσπότης
1531 4251 1623 4302 καὶ
1669 4251 1786 4305 δοῦ-

225 4327 323 4392 λος,
350 4329 522 4392 οὓτως
553 4330 787 4405 ὑπάρχει
811 4334 870 4386 τὸ
900 4336 1134 4409 συνειδὸς
1166 4338 1258 4392 τοῦ
1295 4341 1580 4413 ἀνθρώπου
1614 4345 1707 4397 καὶ
1755 4346 1783 4396 6

223 4421 362 4487 Θεός.
400 4425 614 4496 Ὠσπερ
642 4422 733 4478 οὖν
756 4427 784 4477 6
815 4425 998 4490 δοῦλος
1021 4429 1049 4480 6
1082 4430 1313 4495 πταίσας
1342 4409 1688 4501 ἐπιγινώσκει
1721 4438 1784 4489 ἐκ
1817 4409 1860 4464 D

221 4514 320 4567 τῶν
344 4517 641 4589 σχημάτων
674 4518 769 4571 καὶ
816 4518 924 4571 τῶν
951 4521 1210 4592 ῥημάτων
1249 4524 1341 4577 τοῦ
1381 4524 1635 4579 δεσπότου
1687 4529 1783 4580 αύ-

221 4608 326 4672 τοῦ,
346 4611 425 4662 ὅτι
459 4611 561 4663 οὐκ
589 4609 706 4663 ἔστι
737 4611 872 4682 πρὸς
896 4612 1056 4665 αὐτὸν
1085 4614 1336 4686 εὐμενὴς,
1372 4617 1447 4680 ὡς
1469 4614 1538 4689 ἦν
1565 4618 1668 4688 πρὸ
1688 4618 1780 4672 τοῦ

223 4704 553 4775 πταίσματος
571 4721 585 4733 ·
619 4701 763 4756 οὕτω
786 4705 878 4758 καὶ
895 4707 922 4758 6
954 4704 1236 4778 ἄνθρωπος
1265 4697 1588 4780 ἁμαρτάνων
1617 4711 1781 4764 ἀπολ-

221 4793 322 4848 λύει
350 4797 449 4866 τὴν
480 4796 818 4867 παρρησίαν,
860 4797 926 4868 ἢν
955 4794 1067 4870 εἶχε
1094 4800 1156 4854 τὸ
1183 4803 1418 4866 συνειδὸς
1445 4803 1607 4858 αὐτοῦ
1645 4805 1782 4876 πρὸς

220 4887 302 4940 τὸν
325 4890 457 4943 Θεὸν
493 4892 553 4942 ἐν
599 4892 664 4961 τῇ
701 4890 834 4962 εὐχῇ
873 4891 1057 4946 αὐτοῦ.
1101 4895 1503 4959 Βίετανοοῦντος
1557 4892 1649 4950 οὖν
1685 4897 1781 4951 τοῦ

220 4979 492 5053 ἀνθρώπου
520 4984 642 5035 κατ’
670 4980 846 5048 ἀξίαν,
890 4985 1050 5038 πάλιν
1075 4987 1352 5056 χαρίζεται
1395 4987 1541 5059 αὐτῷ
1581 4991 1610 5042 6
1651 4989 1784 5054 Θεὸς

220 5071 306 5141 τὴν
332 5075 671 5148 παρρησίαν,
707 5075 774 5145 ἣν
823 5071 934 5146 εἷχε
973 5077 1108 5148 πρὸς
1140 5078 1301 5133 αὐτὸν
1344 5080 1448 5153 πρὸ
1490 5080 1586 5134 τοῦ
1621 5081 1783 5134 πταί-

223 5177 442 5231 σματος·
489 5169 588 5220 καὶ
619 5167 869 5220 ἐντεῦθεν
909 5169 966 5222 δὲ
1000 5169 1259 5238 γινώσκει
1297 5173 1326 5226 6
1359 5172 1666 5239 ἄνθοωπος,
1696 5177 1781 5229 ὅτι

226 5258 586 5330 συνεχώρησεν
618 5258 769 5331 αύτῷ
791 5262 819 5313 6
840 5260 971 5324 Θεὸς
997 5261 1058 5316 τὸ
1079 5263 1296 5337 ἀμάρτη
1306 5281 1403 5335 μα.

1913 1473 2175 1531 cordatus
2209 1477 2380 1532 fueris
2407 1479 2532 1549 quia
2574 1479 2746 1535 frater
2775 1488 2902 1536 tuus
2954 1480 3117 1537 habet
3144 1483 3347 1553 aliquid
3371 1484 3469 1539 ad-

1910 1580 2130 1622 versum
2158 1575 2235 1633 te,
2264 1570 2512 1641 relinque
2534 1571 2608 1626 ibi
2638 1588 2838 1630 munus
2873 1583 3024 1629 tuum
3051 1583 3176 1630 ante
3197 1577 3390 1643 altare,
3415 1586 3469 1634 et

1912 1658 2080 1726 vade;
2115 1660 2270 1730 prius
2296 1663 2649 1720 reconciliare
2694 1660 2850 1720 fratri
2872 1676 2986 1733 tuo,
3008 1675 3063 1723 et
3086 1674 3220 1723 tunc
3243 1670 3470 1726 veniens

1839 1732 1881 1786 Β
1909 1750 2042 1808 oﬂ'er
2083 1769 2284 1809 munus
2327 1762 2480 1810 tuum
2503 1756 2572 1811 '°.
2614 1775 2632 1809 ι
2661 1743 2801 1824 Quia
2873 1759 3084 1814 scilicet
3135 1759 3466 1816 offensarum

1906 1845 2214 1900 recordatio
2243 1845 2375 1902 facit
2399 1856 2460 1902 ut
2505 1848 2776 1904 orationis
2803 1864 3004 1905 munus
3047 1858 3327 1922 acceptum
3355 1851 3469 1907 Deo

1905 1951 2016 1992 non
2043 1938 2134 1993 sit.

1975 2029 2194 2097 Qazsr.
2220 2030 2429 2089 LXXV.
2461 2033 2759 2105 Cujusnam
2787 2035 2994 2106 peccati
3038 2037 3241 2093 nullam
3271 2037 3465 2093 admit—

1914 2122 1980 2178 tit
2007 2122 2150 2180 Deus
2190 2126 2560 2195 pwnitentiam
2582 2127 2606 2181 ?

1975 2213 2140 2269 RssP.
2167 2213 2514 2272 Manifestum
2561 2223 2646 2272 est
2700 2231 2824 2272 esse
2871 2216 3323 2289 desperationem,
3354 2236 3462 2293 qua

1904 2314 2202 2375 occupatus
2232 2305 2401 2364 Judas
2444 2323 2503 2364 se
2532 2308 2647 2378 ipse
2685 2311 3063 2381 strangulavit.

1969 2396 2191 2464 Ουεετ.
2246 2397 2479 2455 LXXVI.
2539 2399 2821 2466 Quodnam
2878 2414 3160 2472 peccatum
3206 2405 3460 2460 omnibus

1903 2489 2024 2545 aliis
2047 2499 2131 2548 est
2152 2493 2409 2563 gravius?

1971 2583 2138 2640 Res».
2175 2584 2257 2649 Si,
2305 2591 2366 2639 ut
2410 2586 2484 2639 ait
2529 2585 2845 2656 Apostolus,
2893 2589 3136 2644 omnium
3190 2589 3458 2644 bonorum

1899 2675 2354 2743 praestantissima
2384 2684 2469 2730 est
2500 2677 2743 2732 charitas
2765 2677 2831 2741 ⁸¹,
2864 2678 3071 2732 clarum
3101 2686 3184 2734 est
3212 2679 3456 2734 omnium

1900 2765 2170 2821 malorum
2199 2765 2584 2835 gravissimum
2626 2783 2748 2822 esse
2795 2768 2993 2824 fratres
3023 2768 3148 2823 odio
3181 2769 3455 2839 prosequi,

1899 2855 2382 2910 immisericordem
2411 2872 2554 2920 esse,
2583 2873 2682 2912 nec
2699 2860 3098 2930 eleemosynam
3120 2873 3323 2914 amare.

1967 2944 2184 3012 Qnmsr.
2218 2945 2477 3001 LXXVII.
2509 2948 2666 3015 Quod
2697 2950 3010 3004 mandatum
3043 2951 3317 3007 condonat
3357 2952 3456 3007 ho-

1823 3072 1866 3132 ῦ
1897 3039 2029 3093 mini
2057 3039 2238 3094 omnia
2265 3041 2528 3109 peccata?

1968 3131 2129 3189 Rssr.
2190 3131 2640 3202 Quandoquidem
2682 3133 2814 3187 dicit
2873 3132 3134 3190 Dominus
3169 3154 3181 3188 :
3227 3153 3246 3184 ι
3279 3132 3454 3191 Nolite

1902 3222 2169 3291 judicare,
2199 3231 2254 3278 et
2280 3239 2388 3278 non
2411 3223 2788 3292 judicabimini
2814 3224 2879 3288 ”,
2916 3244 2934 3276 ι
2963 3232 3016 3278 et
3045 3241 3238 3280 rursus
3261 3240 3275 3252 ο
3312 3244 3332 3279 ι
3370 3223 3453 3278 Di-

1895 3315 2048 3370 mitte
2083 3316 2258 3378 nobis,
2291 3315 2500 3370 sicutet
2529 3331 2627 3371 nos
2646 3316 2969 3372 dimittimus
2986 3317 3326 3372 debitoribus
3355 3331 3448 3370 no-

1895 3406 2119 3473 stris“;
2161 3426 2180 3460 ι
2213 3407 2559 3478 perspicuum
2593 3416 2696 3470 est,
2729 3422 2794 3462 eo
2821 3407 2962 3476 quod
2992 3409 3116 3477 quis
3144 3409 3450 3478 proximum

1892 3512 2001 3551 non
2030 3496 2257 3565 judicet,
2285 3498 2499 3552 veniam
2559 3506 2908 3566 peccatorum
2959 3499 3233 3564 obtinere;
3259 3498 3451 3552 simili-

1898 3597 1984 3644 ter
2012 3603 2076 3643 eo
2099 3588 2244 3659 quod
2285 3589 2407 3657 quis
2441 3587 2762 3656 injuriarum
2808 3588 2912 3642 sibi
2935 3589 3205 3643 illatarum
3257 3588 3448 3643 oblivi-

1893 3689 2099 3735 scatur.
2126 3680 2260 3734 Nam
2308 3699 2328 3732 ι
2369 3679 2648 3746 Dimittite,
2702 3699 2722 3732 ι
2753 3680 2948 3750 inquit,
2992 3699 3011 3732 ι
3047 3688 3101 3736 et
3149 3681 3450 3736 dimittetur

1889 3774 2043 3829 vobis
2060 3773 2123 3828 ³⁸.
2157 3793 2176 3825 ι

1957 3910 2180 3977 Ουιεετ.
2210 3906 2493 3964 LXXVIII.
2537 3907 2595 3962 Si
2622 3908 2745 3980 quis
2781 3916 2904 3980 post
2932 3907 3281 3963 commissum
3321 3921 3443 3976 gra-

1887 4004 2172 4058 vissimum
2205 4013 2489 4074 peccatum
2532 4003 2907 4074 pmnitcntiam
2955 4000 3145 4070 egerit,
3179 3997 3446 4053 undenam

1885 4096 2058 4166 possit
2082 4098 2305 4162 rescire,
2334 4112 2400 4151 an
2427 4097 2560 4152 illud
2589 4097 2689 4150 sibi
2713 4095 2855 4149 Deus
2873 4094 3218 4156 condonarit,
3244 4085 3448 4146 necne?

1957 4186 2120 4242 Rssr.
2161 4187 2219 4242 Id
2251 4187 2466 4257 quidem
2501 4187 2689 4258 paucis
2741 4185 3051 4241 hominibus
3087 4186 3142 4239 in
3183 4185 3346 4240 terris
3389 4184 3447 4238 fit

1885 4277 2254 4332 manifestum.
2296 4277 2679 4332 Verumtamen
2745 4276 3076 4330 conscientia
3117 4274 3350 4329 hominis
3393 4283 3447 4330 et

1888 4368 2032 4424 Deus
2054 4370 2278 4440 perinde
2309 4385 2367 4425 se
2402 4369 2604 4424 habent
2631 4383 2694 4422 ac
2727 4368 2889 4422 herus
2919 4375 2972 4422 et
3002 4381 3212 4422 servus.
3249 4365 3448 4432 Quem—

1891 4461 2180 4516 admodum
2237 4462 2400 4533 igitur
2457 4476 2648 4517 servus
2716 4460 2807 4530 qui
2863 4460 3052 4514 herum
3098 4457 3339 4522 offendit,
3391 4465 3446 4511 et

1891 4561 2048 4624 gestu
2096 4562 2151 4608 et
2177 4554 2358 4609 verbis
2393 4553 2508 4607 heri
2551 4551 2803 4622 intelligit
2837 4552 3016 4621 ipsum
3044 4565 3153 4604 non
3189 4563 3311 4605 esse
3339 4547 3445 4603 sibi

1888 4644 2230 4710 benevolum,
2264 4653 2322 4698 ut
2356 4652 2474 4699 erat
2510 4651 2636 4699 ante
2691 4643 2952 4698 oﬂensam
2992 4658 3006 4693 :
3039 4643 3114 4696 ita
3163 4640 3325 4695 homo
3352 4639 3447 4708 qui

1889 4743 2102 4806 peccat,
2134 4735 2388 4790 ﬁduciam
2430 4735 2652 4797 amittit,
2689 4749 2795 4804 qua
2823 4743 2982 4788 antea
3011 4732 3130 4801 ejus
3156 4729 3447 4784 conscien-

1889 4825 1964 4878 tia
2000 4825 2303 4890 fruebatur,
2336 4840 2461 4880 cum
2502 4823 2671 4880 Deum
2707 4830 2909 4878 oraret.
2952 4821 3090 4876 Cum
3136 4828 3315 4874 autem
3362 4818 3446 4872 di-

1881 4931 2046 4986 gnam
2094 4916 2237 4971 idem
2284 4915 2457 4986 egerit
2490 4915 2888 4985 paenitentiam,
2919 4912 2997 4965 illi
3039 4925 3262 4965 rursum
3303 4907 3446 4963 Deus

1879 5006 2135 5062 fiduciam
2167 5006 2367 5070 reddit,
2411 5022 2520 5077 qua
2557 5013 2683 5061 ante
2714 5010 3000 5075 peccatum
3034 4999 3334 5072 gaudebat;
3359 4999 3444 5052 in-

1883 5098 2060 5169 deque
2092 5098 2244 5153 novit
2263 5097 2428 5153 homo
2448 5097 2617 5155 Deum
2641 5097 2747 5153 sibi
2775 5106 3060 5168 peccatum
3080 5092 3442 5149 condonasse.

287 5427 328 5459 "
363 5429 565 5520 Illae'ch.
597 5450 807 5520 χχχιιι,
839 5435 940 5502 14,
976 5437 1063 5492 I6.
1137 5439 1182 5471 ³⁰
1222 5439 1411 5496 Matth.
1441 5457 1509 5508 v,
1543 5442 1651 5510 25,
1682 5444 1772 5498 24.
1857 5447 1900 5480 ³⁸
1940 5450 1961 5504 I
1994 5448 2123 5506 Cor.
2158 5466 2289 5520 xm,
2328 5451 2413 5509 I5.
2491 5453 2537 5488 "
2576 5451 2768 5509 Matth.
2800 5467 2897 5518 vn,
2933 5452 2984 5506 I.
3053 5451 3110 5512 ,³⁸
3148 5448 3338 5506 Matth.
3370 5459 3455 5518 κη,

226 5491 307 5552 IS.
377 5501 420 5532 ³⁵
459 5502 593 5558 Luc.
632 5520 723 5568 γι,
765 5491 815 5560 7’.

291 5673 395 5748 (27)
451 5679 568 5736 Duo
617 5698 778 5752 mss,
811 5687 1132 5757 μολύναντες
1191 5692 1414 5756 ἑαυτοὺς
1450 5692 1586 5763 μετά
1623 5694 1682 5748 τὸ
1745 5694 1914 5763 ἅγιον.
