4088 6382
577 264 682 320 647

1731 271 1787 323 8.
1831 268 2290 326 ATHANASIUS.
2325 298 2393 308 —
2431 269 2700 326 SPURIA.

3687 278 3795 336 658

645 383 866 450 Quzs'r.
903 382 1218 440 LXXIX..Si
1247 383 1372 454 quis
1427 392 1551 453 post
1605 399 1768 454 grave
1827 393 2130 454 peccatum,

2317 384 2505 458 Ἐρὼτ.
2533 384 2625 440 οθ’.
2672 385 2796 439 Ἐάν
2828 403 2932 450 τις,
2972 387 3198 457 ποιήσας
3226 387 3500 458 ἁμαρτίαν
3532 389 3796 463 μεγάλην,

579 476 819 546 seipsnm
841 477 1182 538 condemnet,
1206 475 1536 544 incipiatque
1557 489 1716 546 agere
1738 476 2132 545 paenitentiam,

577 582 641 622 ac
673 575 798 638 post
821 577 932 622 tres
982 566 1099 622 dies
1146 567 1428 632 moriatur,
1460 565 1590 638 quid
1641 566 1709 621 de
1741 567 1836 621 illo
1886 567 2132 639 cogitan-

579 659 706 714 dum
741 667 825 714 est
848 659 871 713 ?

645 768 808 826 Resp.
852 768 930 833 Si,
976 769 1186 840 incepta
1221 769 1559 840 paenitentia,
1603 772 1839 826 animam
1890 787 2045 828 suam
2105 786 2137 826 a

2233 475 2354 534 εἷτα
2384 478 2638 550 καταγνῷ
2685 480 2897 543 ἑαυτοῦ,
2943 481 3036 534 καὶ
3081 479 3312 552 ἄρξηται
3362 485 3661 552 μετανοεῖν,
3706 484 3798 538 καὶ

2236 570 2375 642 μετὰ
2423 574 2570 643 τρεῖς
2613 570 2824 643 ἡμέρας
2864 572 3130 644 ἀποθάνῃ,
3169 573 3221 626 τί
3267 573 3373 646 χρὴ
3422 574 3663 646 νομίζειν
3709 580 3796 631 ἐπ’

2233 663 2397 719 αὐτοῦ
2425 681 2440 729 ;

2319 778 2504 833 Ἀπόκ.
2535 779 2680 846 Ἐὰν,
2711 779 3010 852 ἀρξάμενος
3041 783 3139 854 τῆς
3171 784 3474 854 μετανοίας,
3495 785 3795 840 συνέστειλε
3895 850 3898 854 _

575 863 734 919 malis
764 864 1105 933 compescuit
1165 863 1609 934 cogitationibus,
1651 872 1953 936 pactusque
2009 880 2135 919 cum

2245 871 2330 944 τὴν
2366 872 2558 926 ἑαυτοῦ
2601 872 2774 945 ψυχὴν
2812 874 2920 927 ἀπὸ
2945 873 3052 927 τῶν
3095 875 3346 946 πονηρῶν
3392 875 3790 949 βουλευμάτων,

576 953 686 1010 Deo
715 962 799 1011 est
854 972 913 1011 se
951 971 1060 1010 non
1109 957 1340 1027 amplius
1374 957 1562 1011 eadem
1619 973 1739 1028 qua:
1784 967 1939 1012 antea
1986 972 2136 1012 com-

574 1047 868 1103 missurum
898 1058 1137 1119 peccata,
1176 1063 1238 1102 ac
1278 1056 1495 1118 postero
1535 1049 1622 1104 die
1662 1050 1962 1115 moriatur;
1995 1048 2136 1104 Deus

573 1147 782 1212 gratam
836 1141 1027 1196 habuit
1070 1141 1189 1211 ejus
1243 1141 1637 1212 pmnitentiam,
1667 1149 1727 1196 ut
1783 1142 1911 1196 olim
1972 1142 2138 1196 latro-

573 1232 692 1298 nis,
723 1233 991 1304 siquidem
1031 1233 1268 1304 incipere
1310 1234 1686 1304 paenitentiam
1739 1249 1921 1304 agere,
1971 1250 2136 1304 penes

573 1327 845 1382 hominem
877 1335 960 1382 est
992 1342 1004 1378 :
1037 1339 1091 1380 at
1132 1329 1312 1382 vivere
1345 1327 1427 1382 vel
1463 1327 1623 1391 mori,
1645 1342 1812 1398 penes
1834 1325 2002 1382 Deum
2031 1337 2136 1382 est.

573 1414 820 1488 Namque
849 1417 1070 1480 multos,
1103 1433 1224 1472 cum
1256 1417 1632 1488 paenitentiam
1682 1432 1841 1489 agere
1887 1417 2140 1487 incepis-

581 1520 722 1576 sent,
754 1512 937 1567 statim
970 1510 1132 1580 eripit
1162 1509 1336 1578 Deus;
1368 1510 1569 1582 quippe
1588 1511 1703 1581 qui,
1729 1519 1789 1566 ut
1819 1512 2014 1578 bonus,
2039 1500 2140 1566 eo-

579 1619 700 1657 rum
728 1603 1019 1658 commodo
1045 1603 1402 1674 prospiciens,
1428 1610 1735 1672 praenoscat
1764 1603 1907 1668 illos,
1936 1604 1981 1657 si
2020 1603 2141 1657 diu-

574 1692 682 1747 tius
711 1692 976 1758 viverent,
1013 1692 1262 1764 lapsuros
1284 1691 1478 1746 iterum
1513 1678 1636 1748 esse
1666 1707 1730 1747 ac
1773 1694 2066 1763 perituros.

648 1869 868 1937 Qumsr.
901 1869 1110 1925 LXXX.
1143 1869 1322 1938 Quare
1378 1885 1598 1942 quroam
1647 1885 1711 1926 ex
1775 1871 1878 1925 nevi
1927 1877 2139 1925 tantum

576 1976 762 2028 causa,
793 1963 986 2019 fluvios
1012 1979 1177 2034 prape
1221 1963 1583 2034 lacrymarum
1640 1962 1978 2032 profundunt
2007 1980 2020 2018 :
2047 1961 2139 2015 alii

577 2069 725 2120 vero,
754 2055 966 2110 etiamsi
995 2057 1048 2110 in
1083 2056 1229 2110 mille
1257 2054 1499 2110 incidant
1527 2055 1868 2110 calamitates
1889 2063 1944 2110 et
1977 2055 2141 2110 mise-

577 2146 709 2212 rias,
739 2155 832 2201 aut
862 2149 998 2203 alios
1029 2147 1288 2204 incidisse
1331 2145 1570 2211 videant,
1597 2161 1878 2216 nunquam
1908 2151 2140 2216 possunt

575 2237 864 2308 lacrymari

643 2352 804 2424 235
837 2351 998 2408 RESP.
1040 2351 1194 2408 Talia
1231 2360 1359 2410 sunt
1416 2353 1721 2408 animarum
1750 2361 1806 2409 et
1852 2367 2140 2424 corporum

576 2453 1027 2515 temperamenta,
1059 2461 1180 2516 quae
1219 2461 1286 2500 ex
1313 2452 1509 2500 natura
1549 2443 1710 2500 facile
1743 2445 1827 2500 vel
1872 2460 2015 2514 aegre
2065 2445 2143 2498 la-

577 2546 912 2608 crymantur.
959 2537 1061 2603 Qui
1091 2537 1236 2592 enim
1261 2536 1451 2592 calidae
1480 2543 1535 2592 et
1573 2543 1773 2593 tenera:
1814 2545 1941 2592 sunt
1988 2536 2144 2592 babi-

579 2629 806 2691 tudinis,
853 2630 1036 2686 statim
1077 2629 1554 2685 commiseratione
1593 2629 1967 2701 lacrymantur
1997 2631 2142 2702 quod

579 2718 636 2774 in
694 2720 946 2775 omnibus
1009 2718 1178 2774 ferme
1252 2720 1572 2776 mulieribus
1635 2718 2138 2778 animadvertimus.

579 2811 684 2868 Alii
705 2822 886 2867 autem
917 2819 1136 2884 propter
1179 2823 1447 2884 agrestem
1498 2819 1757 2876 mentem,
1802 2820 1856 2867 et
1903 2813 2144 2868 siccissi—

579 2916 724 2956 mam
780 2911 1054 2966 naturam,
1113 2913 1166 2959 et
1221 2904 1402 2959 cordis
1454 2904 1823 2974 arrogantiam
1863 2903 1992 2960 ﬂere
2035 2921 2143 2958 non

582 3003 833 3066 possunt.
878 2996 1002 3050 Hec
1039 3011 1202 3066 porro
1234 2997 1508 3067 loquimur
1550 2998 1616 3052 de
1655 2997 1724 3052 iis
1749 2997 1841 3067 qui
1877 2999 1931 3052 in
1966 2998 2143 3053 medio

581 3087 787 3143 mundo
839 3096 1143 3143 versantur.
1205 3087 1343 3142 Nam
1395 3090 1489 3161 qui
1554 3091 1914 3145 monasticam
1973 3090 2141 3144 vitam

585 3187 772 3249 agunt,
811 3179 1013 3234 donum
1057 3181 1418 3252 lacrymarum
1461 3198 1527 3237 ex
1557 3181 1741 3238 divina
1786 3183 1959 3252 gratia
2004 3195 2144 3252 saepe
2169 3220 2211 3275 ω

585 3279 1014 3340 consequuntur.
1059 3271 1224 3327 Multa
1269 3280 1447 3328 autem
1483 3277 1537 3329 in
1572 3275 1826 3345 lacrymis
1875 3274 2144 3344 reperitur

585 3362 909 3422 differentia.
966 3363 1197 3431 Quidam
1247 3365 1392 3420 enim
1443 3381 1586 3436 saape
1632 3382 1697 3421 cx
1752 3366 2015 3422 ebrietate
2064 3366 2144 3419 la-

584 3466 934 3527 crymantur:
999 3457 1222 3527 quidam
1280 3472 1429 3522 vero,
1480 3465 1539 3514 ut
1589 3457 1815 3528 gloriam
1864 3458 2143 3512 hominum

586 3557 947 3618 aucupentur.
1003 3547 1273 3614 Quocirca
1330 3549 1507 3604 bonus
1560 3549 1651 3604 ille
1692 3556 1776 3605 est
1818 3547 1994 3613 ﬂetus,
2049 3549 2144 3619 qui

585 3641 799 3696 occulte
830 3640 938 3696 Deo
967 3641 1193 3697 oll‘ertur
1222 3641 1678 3712 quemadmodum
1718 3641 1877 3697 nobis
1906 3642 1972 3697 de
2004 3643 2145 3698 elee-

586 3749 814 3806 mosyna
851 3749 1068 3806 quoque
1103 3735 1436 3806 praecipitur.

651 3844 872 3911 Quarsr.
903 3846 1138 3905 LXXXI.
1173 3847 1232 3904 Si
1265 3849 1388 3920 quis
1413 3865 1442 3903 a
1465 3847 1730 3905 mendicis
1783 3863 1941 3906 secus
1978 3849 2142 3911 viam,

589 3938 776 3993 multis
808 3940 1195 4008 praesentibus,
1241 3949 1482 4011 rogetur,
1515 3939 1646 4011 quid
1702 3941 1967 4012 agendum
2022 3940 2148 3996 est?

589 4027 785 4082 Annon
815 4037 992 4098 potest
1027 4031 1422 4102 eleemosynam
1455 4030 1733 4100 prmbere?

661 4139 825 4195 Busa.
857 4139 1256 4212 Cogitationem
1285 4149 1338 4198 et
1367 4151 1602 4198 mentem
1652 4143 1890 4200 hominis
1937 4142 2147 4212 judicat

593 4231 768 4287 Deus:
812 4233 858 4286 si
904 4233 1027 4302 quis
1080 4233 1243 4303 igitur
1286 4249 1469 4290 coram
1523 4237 1794 4292 sexcentis
1834 4235 2148 4291 hominibus

591 4329 812 4391 propter
841 4321 1031 4390 Deum,
1076 4338 1186 4378 non
1242 4332 1420 4379 autem
1451 4333 1511 4379 ut
1559 4325 1870 4381 hominibus
1915 4326 2146 4397 placeat,

593 4411 795 4466 bonum
824 4414 1012 4484 egerit,
1043 4415 1132 4470 ille
1163 4431 1503 4488 nequaquam
1525 4418 2000 4474 condemnabitur.

657 4523 875 4592 Quzsr;
906 4527 1163 4586 LXXXII.
1196 4527 1479 4585 Undenam
1515 4530 1574 4584 fit
1601 4539 1660 4586 ut
1690 4529 1874 4584 anima
1901 4531 2148 4601 aliquan-

2237 964 2328 1016 καὶ
2348 963 2548 1017 διέθετο
2573 965 2708 1036 πρὸς
2728 963 2817 1019 τὸν
2843 964 2974 1020 Θεὸν
3010 966 3297 1036 συνταγὰς,
3324 967 3406 1022 ὅτι
3422 969 3522 1022 οὐκ
3543 962 3624 1022 ἔτι
3655 987 3795 1040 παρ⁶

2237 1055 2448 1127 έρχεται
2513 1056 2602 1111 διὰ
2650 1056 2757 1112 τῶν
2809 1059 3088 1131 προτέρων
3147 1059 3311 1114 αὐτοῦ
3363 1061 3676 1134 ἁμαρτιῶν,
3723 1056 3796 1114 ῶν

2237 1147 2460 1218 ἔπραξε,
2510 1151 2604 1204 καὶ
2656 1149 2749 1203 ἐπὶ
2785 1149 2882 1221 τὴν
2935 1149 3122 1223 αὕριον
3163 1153 3488 1225 τελευτήσῃ·
3521 1154 3736 1220 ἐδέξατο
3764 1157 3792 1206 6

2237 1241 2366 1305 Θεὸς
2406 1243 2506 1311 τὴν
2541 1241 2824 1312 μετάνοιαν
2869 1242 3054 1305 αὐτοῦ,
3093 1243 3169 1306 ώς
3213 1243 3430 1296 καὶτοῦ
3469 1243 3687 1315 λῃστοῦ.
3722 1243 3793 1296 Τὸ

2240 1333 2338 1405 μὲν
2365 1333 2474 1405 γάρ
2520 1332 2781 1404 ἄρξασθαι
2817 1337 2916 1405 τῆς
2967 1333 3250 1404 μετανοίας
3297 1337 3355 1388 ὲν
3402 1335 3478 1406 τῷ
3524 1335 3794 1407 ἀνθρώπῳ

2237 1426 2383 1479 ἐστί·
2424 1425 2485 1479 τὺ
2539 1426 2594 1479 δὲ
2624 1425 2785 1496 ζῆσαι
2830 1425 2862 1497 ἢ
2911 1425 3229 1498 τελευτῆσαι
3271 1429 3329 1480 ὲν
3374 1425 3453 1498 τῷ
3497 1426 3616 1498 Θεῷ
3662 1429 3794 1481 ἐστι.

2237 1517 2469 1582 Πολλοὺς
2499 1518 2606 1589 γάρ
2633 1516 2970 1590 ἀρξαμένους
2994 1522 3268 1589 μετανοεῖν
3289 1519 3487 1583 εὐθέως
3519 1517 3751 1588 ἁρπάζει
3770 1517 3799 1572 6

2237 1609 2368 1674 Θεὸς
2407 1609 2483 1674 ώς
2528 1610 2731 1678 ἀγαθὸς
2762 1609 2897 1680 πρός
2947 1627 3000 1663 τι
3044 1611 3337 1682 συμφέρον,
3385 1611 3792 1683 προγινώσκων,

2237 1703 2339 1766 ὅτι,
2368 1704 2432 1758 ἂν
2471 1704 2933 1778 πολυχρονήσωσι,
2961 1703 3119 1760 πάλιν
3159 1708 3346 1759 πεσεῖν
3375 1705 3466 1758 καὶ
3505 1704 3795 1759 ἀπολέσθαι

2167 1821 2215 1880 Β
2241 1795 2480 1866 ἔμελλον.

2322 1888 2510 1960 Ἐρώτ.
2549 1896 2622 1944 π’.
2651 1889 2777 1955 Πῶς
2801 1909 2946 1956 τινες
2973 1891 3040 1945 ὲκ
3084 1891 3246 1962 ψιλῆς
3272 1893 3366 1946 καὶ
3395 1891 3560 1963 μόνης
3587 1893 3801 1965 προφά-

2243 1994 2380 2040 σεως
2414 1980 2690 2049 ποταμοὺς
2723 1979 2908 2050 σχεδὸν
2937 1979 3184 2051 δακρύων
3215 1981 3605 2054 καταφέρουσιν
3629 1999 3644 2013 °
3685 1983 3804 2036 ’ἐτε-

2242 2086 2324 2140 ροι
2345 2068 2424 2135 δὲ,
2459 2068 2552 2123 ἐὰν
2577 2071 2798 2142 μυρίαις
2818 2071 3122 2144 συμφοραῖς
3140 2073 3233 2126 καὶ
3259 2071 3466 2142 θλίψεσι
3499 2075 3804 2144 περιπέσω-

2241 2177 2347 2226 σιν,
2386 2161 2418 2232 ἢ
2442 2162 2534 2215 καὶ
2557 2161 2750 2227 ἄλλους
2779 2164 3172 2235 περιπεσόντας
3200 2165 3517 2232 θεάσωνται,
3553 2167 3804 2238 οὐδαμῶς

2239 2254 2504 2328 δακρῦσαι
2530 2254 2814 2322 δύνανται;

2323 2349 2513 2403 Ἀπόκ.
2552 2348 2674 2403 Εἰσὶ
2715 2349 2811 2420 μὲν
2837 2349 2932 2402 καὶ
2961 2348 3184 2421 κράσεις
3217 2347 3460 2403 τοιαῦται
3503 2349 3688 2421 ψυχῶν
3711 2350 3804 2404 καὶ

2243 2442 2528 2514 σωμάτων,
2579 2443 2644 2494 έκ
2686 2441 2900 2511 φύσεως
2940 2441 3001 2494 τὸ
3045 2425 3274 2512 δάκρυον
3325 2439 3546 2511 ἔχουσαι
3588 2442 3682 2496 καὶ
3731 2443 3804 2514 μὴ

2241 2535 2477 2606 ἔχουσαι.
2505 2533 2569 2587 υἱ
2605 2533 2702 2605 μὲν
2741 2533 2869 2605 γὰρ,
2905 2532 3114 2605 θερμῆς
3153 2533 3245 2586 καὶ
3281 2532 3494 2604 ἁπαλῆς
3519 2534 3686 2601 ἕξεως
3713 2535 3800 2587 δν-

2239 2644 2348 2692 τες,
2389 2625 2589 2690 εὐθέως
2625 2623 2916 2697 δακρύουσι
2960 2625 3278 2697 συμπαθῶς,
3317 2620 3427 2679 οἷόν
3468 2643 3522 2680 τι
3569 2627 3664 2680 καὶ
3712 2628 3804 2680 ἐπὶ

2240 2719 2429 2774 πασῶν
2457 2717 2566 2772 τῶν
2597 2717 2874 2786 γυναικῶν
2897 2716 3110 2789 ὁρῶμεν
3138 2718 3424 2786 γενόμενον
3443 2736 3456 2749 ο
3493 2720 3542 2772 οἱ
3563 2719 3618 2772 δὲ
3647 2720 3804 2774 πάλιν

2241 2811 2334 2864 καὶ
2379 2809 2438 2876 ἐξ
2477 2809 2677 2881 ἀγρίας
2707 2808 2929 2880 γνώμης
2971 2811 3062 2862 καὶ
3097 2809 3398 2883 ξηροτάτης
3443 2810 3678 2882 φύσεως,
3713 2811 3806 2866 καὶ

2241 2904 2586 2974 ὑπερηφάνου
2631 2902 2880 2974 καρδίας,
2916 2901 3184 2974 δακρῦσαι
3215 2904 3276 2956 οὐ
3321 2903 3594 2958 δύνανται.
3624 2905 3805 2958 Ταῦτα

2244 2995 2344 3066 μέν
2382 3012 2560 3066 φαμεν
2591 2995 2685 3048 ἐπὶ
2721 2993 2830 3047 τῶν
2858 2995 2915 3046 έν
2943 2995 3091 3066 μέσῳ
3120 2994 3212 3048 τοῦ
3256 2996 3462 3068 κόσμου
3495 2996 3803 3065 διαγόντων.

2242 3089 2304 3142 Ol.
2338 3088 2446 3160 γὰρ
2485 3088 2573 3142 τὸν
2609 3088 2822 3158 μονήρη
2866 3085 2978 3156 βίον
3007 3087 3391 3160 μετερχόμενοι
3425 3087 3684 3152 πολλάκις
3716 3089 3806 3140 καὶ

2245 3183 2308 3235 ὲκ
2342 3181 2490 3246 θείας
2522 3179 2743 3253 χάριτος
2769 3179 2830 3234 τὸ
2856 3178 3025 3251 δῶρον
3051 3179 3158 3233 τῶν
3194 3179 3439 3252 δακρύων
3469 3181 3803 3251 κομίζονται.

2247 3274 2390 3346 Πλὴν
2419 3274 2585 3346 πολλή
2615 3292 2697 3338 τις
2727 3275 2786 3326 ὲν
2807 3274 2918 3335 τοῖς
2939 3271 3192 3343 δακρύοις
3223 3271 3452 3343 διαφορά
3483 3273 3804 3342 καθέστηκε.

2246 3367 2400 3431 Τινὲς
2425 3367 2534 3439 γάρ
2573 3365 2831 3429 πολλάκις
2867 3365 2961 3418 καὶ
2985 3365 3091 3418 ἀπὸ
3121 3365 3292 3436 μέθης
3317 3366 3456 3418 οἴνου
3481 3364 3806 3434 δακρύουσι·

2245 3461 2388 3526 τινὲς
2446 3461 2504 3514 δὲ
2542 3461 2635 3514 καὶ
2677 3459 2832 3526 δόξαν
2875 3457 3175 3529 ἀνθρώπων
3223 3457 3546 3529 θηρώμενοι.
3609 3457 3809 3526 Διόπερ

2247 3554 2422 3606 έκεῖνο
2449 3551 2649 3620 ἀγαθὸν
2683 3549 2990 3620 καθέστηκε
3021 3548 3272 3621 δάκρυον,
3302 3547 3364 3600 τὸ
3403 3546 3664 3618 κρυπτῶς
3695 3546 3811 3616 Θεῴ

2246 3645 2676 3718 προσαγόμενον,
2707 3643 2893 3714 ῶσπερ
2920 3642 3011 3696 καὶ
3037 3642 3130 3695 ἐπὶ
3158 3641 3256 3711 τῆς
3284 3639 3652 3712 ἐλεημοσύνης
3675 3658 3811 3712 παρ·

2247 3737 2638 3809 αγγελλόμεθα.

2329 3830 2519 3902 Ἐρώτ.
2569 3837 2682 3885 παν.
2719 3830 2842 3884 Ἐάν
2879 3847 2965 3894 τις
2997 3830 3101 3883 ὑπὸ
3138 3828 3365 3899 πτωχῶν
3398 3826 3716 3897 αἰτούμενος
3755 3827 3810 3877 έν

2245 3921 2370 3992 ὁδῷ,
2409 3921 2502 3976 καὶ
2535 3921 2735 3991 ἑτέρων
2783 3918 2993 3973 πολλῶν
3025 3918 3231 3990 ἀνδρῶν
3279 3916 3578 3988 παρόντων,
3613 3914 3666 3968 τί
3707 3915 3810 3984 χρὴ

2248 4016 2452 4078 ποιεῖν;
2486 4013 2557 4065 Ἦ
2594 4012 2654 4065 οὐ
2684 4011 2904 4066 δυνατὸν
2935 4011 3030 4067 καὶ
3058 4011 3156 4082 τὴν
3195 4007 3558 4080 ἐλεημοσύνην
3597 4010 3808 4071 ποιεῖνς

2331 4127 2516 4181 ’Δπόκ.
2547 4126 2650 4179 Τὸν
2673 4125 2928 4197 λογισμὸν
2962 4123 3055 4178 τοῦ
3085 4120 3368 4193 ἀνθρώπου
3395 4121 3569 4192 κρίνει
3597 4121 3627 4172 6
3657 4119 3809 4180 Θεός.

2261 4218 2387 4274 Ἐὰν
2435 4214 2526 4273 οὖν
2577 4217 2804 4271 ἐνώπιον
2849 4216 3120 4288 μυριάδων
3165 4213 3252 4266 διὰ
3295 4212 3445 4277 Θεὸν,
3495 4213 3591 4266 καὶ
3637 4212 3698 4264 οὑ
3747 4211 3812 4264 δι’

2251 4307 2764 4380 ἀνθρωπαρέσκειαν
2791 4307 3004 4359 ποιίεσει
3035 4305 3096 4358 τὸ
3135 4301 3355 4372 ἀγαθὸν,
3387 4301 3448 4355 οὐ
3484 4302 3811 4370 κατακέκρι-

2251 4416 2357 4452 ται.

2334 4508 2628 4582 Ἐρώτησις
2663 4507 2777 4578 πβ’.
2819 4506 2987 4560 Πόθεν
3009 4506 3154 4559 -ποτὲ
3191 4504 3289 4576 μὲν
3331 4502 3508 4574 ἀγαθὴ
3546 4503 3754 4571 γίνεται
3785 4505 3815 4572 ἠ

665 4572 874 4592 νη-..
907 4572 1163 4586 ---.-..-..
1202 4572 1479 4585 ν....ν.......
1603 4572 1660 4586 ...
1690 4572 1874 4584 ..........
1901 4572 2119 4601 ...ηπ-η...

591 4617 662 4673 do
688 4635 856 4689 prona
903 4623 973 4676 sit
1019 4623 1087 4677 ad
1125 4625 1644 4692 commiserandum,
1681 4624 1976 4696 aliquando
2019 4641 2147 4682 vero

2253 4572 2410 4672 ψυχὴ.
2443 4572 2581 4671 πρδς
2622 4572 2982 4671 συμπάθειαν,
3015 4599 3146 4651 ποτὲ
3184 4572 3240 4649 δὲ
3280 4595 3441 4650 πάλιν
3472 4572 3687 4668 σκληρά
3729 4595 3817 4650 καὶ

595 4711 730 4766 dura
758 4721 811 4768 ot
843 4715 1100 4772 immitis?

651 4803 814 4862 Resp.
857 4804 1039 4862 Solam
1069 4808 1306 4864 divinam
1329 4819 1578 4865 naturam
1611 4810 1866 4866 novimus
1894 4825 2018 4866 esse
2043 4809 2149 4864 im-

592 4899 904 4955 mutabilem
953 4916 1018 4956 ac
1079 4917 1294 4973 semper
1342 4904 1533 4959 eodem
1597 4904 1760 4958 modo
1807 4919 1867 4960 se
1923 4905 2144 4960 habere.

591 4988 726 5046 Nam
757 5001 811 5048 et
838 5008 904 5049 ex
954 4994 1161 5064 angelis
1213 4995 1436 5064 quidam
1488 4997 1764 5052 immutati
1817 5008 1966 5053 sunt.
2001 4998 2154 5064 Quo-

593 5085 739 5140 circa
769 5087 844 5140 ita
868 5087 937 5143 de
967 5088 1216 5143 mutabili
1261 5089 1540 5144 hominum
1581 5099 1777 5145 natura
1816 5093 2149 5150 censendum

593 5183 708 5241 est;
739 5175 1032 5246 aliquando
1078 5192 1271 5247 nempe
1329 5177 1542 5232 facilem
1572 5187 1626 5232 et
1673 5181 1856 5234 mitem
1888 5196 2034 5240 esse.
2067 5189 2154 5236 ut-

592 5271 718 5332 pote
764 5282 885 5335 qua:
931 5267 1228 5321 secundum
1266 5266 1556 5337 imaginem
1606 5267 1700 5322 Dei
1750 5269 1821 5324 sit
1855 5269 2020 5333 facta,
2050 5270 2152 5323 ali-

2254 4693 2623 4763 ἇσπλαγχνος;
2706 4697 2715 4706 '

2335 4804 2521 4857 Ἀπόκ.
2561 4802 2745 4872 Μόνην
2787 4801 3051 4872 ἄτρεπτον
3083 4800 3179 4854 καὶ
3215 4800 3302 4854 ἀεὶ
3331 4797 3592 4861 ὡσαύτως
3633 4797 3819 4868 μένου-

2256 4915 2353 4952 σαν
2378 4897 2476 4968 τὴν
2506 4895 2655 4949 θείαν
2684 4894 2844 4964 φύσιν
2865 4894 3224 4965 γινώσκομεν.
3264 4891 3418 4946 Ἐπεὶ
3453 4891 3547 4944 καὶ
3569 4891 3628 4958 ἐξ
3653 4891 3818 4958 ἀγγέ-

2252 4991 2359 5045 λων
2384 4991 2526 5054 τινὲς
2557 4991 2892 5063 ἐτράπησαν.
2921 4989 3013 5042 Διὸ
3049 4989 3191 5040 οὕτω
3227 4985 3331 5058 χρὴ
3369 4984 3552 5039 λοιπὸν
3587 4984 3698 5056 (28)
3732 4985 3821 5037 ἐπὶ

2250 5087 2349 5156 τῆς
2377 5085 2614 5157 τρεπτῆς
2647 5085 2862 5154 φύσεως
2897 5082 3008 5136 τῶν
3040 5077 3340 5151 ἀνθρώπων
3375 5080 3550 5132 νοεῖνο
3577 5079 3660 5131 ὅτι
3694 5075 3819 5130 ποτὶ

2256 5179 2356 5249 μὲν
2394 5179 2740 5247 ἀγαθύνεται,
2782 5179 2857 5242 ὼς
2900 5179 3021 5232 κατ’
3071 5175 3254 5229 είκόνα
3287 5173 3422 5228 Θεοῦ
3466 5173 3816 5245 ὑπάρχουσα·

2254 5272 2384 5325 ποτὲ
2439 5271 2495 5325 δὲ
2548 5272 2926 5344 σκληρύνεται,
2988 5269 3064 5332 ὡς
3130 5265 3508 5337 πολεμουμένη
3544 5264 3682 5332 ,ὑπὸ
3732 5259 3818 5315 τοῦ

593 5353 812 5420 quando
841 5364 1021 5409 autem
1059 5355 1250 5410 duram
1281 5363 1336 5410 et
1379 5355 1643 5411 immitem
1678 5372 1822 5422 esse,
1865 5366 2054 5428 utpote
2083 5359 2147 5414 ab

2256 5363 2472 5436 ἐχθροῦ,
2507 5365 2600 5418 καὶ
2629 5361 3000 5435 προσκειμένη
3024 5363 3136 5421 τοῖς
3169 5358 3265 5414 τοῦ
3294 5358 3410 5428 βίου
3438 5355 3653 5411 πάθεσι.
3680 5350 3821 5420 Πλὴν

590 5440 751 5498 hoste
783 5455 1171 5515 Oppugnatam,
1206 5456 1261 5501 et
1295 5449 1419 5501 vitae
1455 5445 1836 5504 aﬂectionibus
1866 5449 2151 5504 adhaeren-

596 5539 726 5588 tem.
777 5534 1162 5594 Verumtamen
1196 5540 1242 5593 si
1279 5540 1440 5594 homo
1469 5540 1574 5596 sibi
1613 5541 1729 5611 ipse
1759 5542 1868 5596 vim
1901 5542 2060 5596 faciat
2094 5549 2151 5594 ut

2256 5458 2350 5509 ἐὰν
2380 5459 2409 5510 6
2441 5455 2724 5527 ἄνθρωπος
2757 5455 2946 5510 ἑαυτὸν
2971 5453 3108 5524 πρὸς
3145 5453 3244 5525 τὴν
3271 5446 3612 5520 συμπάθειαν
3645 5442 3819 5516 βιάζε-

2253 5563 2361 5610 ται,
2396 5548 2489 5602 τοῦ
2525 5548 2742 5612 πάντως
2775 5547 2994 5618 ποιῆσαι
3027 5546 3087 5599 τὸ
3127 5544 3352 5609 ἀγαθὸν,
3393 5541 3694 5595 προκόπτει
3719 5535 3821 5590 λοι-

693 5709 802 5782 (28)
855 5712 928 5767 Ita
966 5713 1182 5785 quidam
1231 5733 1386 5784 ωδε..
1442 5719 1602 5787 Editi,
1646 5719 1801 5774 οὕτω
1838 5719 1900 5791 δὴ
1931 5716 2021 5774 οὖν
2053 5720 2254 5775 λοιπόν.
