4088 6382
304 353 402 410 6ίῦ

1246 350 1707 419 ρυΑΕδΤΣΟΝΕΒ
1744 354 1837 409 AD
1872 353 2281 415 ANTIOCIIUM
2322 346 2592 415 DUCEM:

3428 361 3536 418 650

304 468 397 525 πδν
440 472 505 543 τῇ
551 470 732 544 ἀγαθῇ
770 469 1051 544 συνηθείᾳ,
1095 470 1178 536 εἰς
1215 471 1277 524 τὸ
1311 472 1541 527 πάντοτε
1581 474 1840 546 προθύμω

1943 477 2355 534 .misericordia
2393 486 2797 550 permoveatur,
2828 479 3072 550 beneque
3112 475 3338 535 omnino
3384 486 3533 550 agat,

298 563 512 618 διδόναι.

371 743 562 816 Ἐρώτ.
593 750 705 815 ἰι-γ’.
732 742 840 798 Τοῦ
855 743 1176 798 ’Δποστόλου
1201 743 1447 813 λέγοντος
1464 763 1478 775 ·
1513 764 1535 799 ι
1562 744 1654 818 Μὴ
1683 745 1748 799 ἐκ
1775 744 1868 799 λύ-

292 848 418 907 πης,
471 836 506 909 ἢ
557 835 619 903 ἐξ
675 835 955 908 ἀνάγκης·
1016 835 1198 907 ἱλαρὸν
1244 836 1352 909 γὰρ
1394 836 1550 907 δότην
1602 838 1791 908 ἀγαπᾷ
1836 837 1866 890 6

294 929 419 993 Θεός
438 945 453 958 ·
501 947 522 982 ι
566 929 628 982 ού
658 931 766 1002 χρὴ
803 928 989 983 λοιπὸν
1018 928 1300 999 βιάζεσθαι
1328 929 1420 1004 τδν
1452 928 1711 1000 λογισμὸν
1737 931 1868 984 ἐαυ-

290 1022 380 1075 τοῦ
408 1020 500 1074 τὸν
531 1020 838 1094 ἄνθρωπον,
866 1020 968 1075 καὶ
999 1019 1223 1090 ποιῆσαι
1258 1020 1669 1093 ὲλεημοσύνην;

368 1112 557 1169 Ἀπόκ.
584 1112 705 1166 Τῶν
727 1112 945 1167 τελείων
974 1113 1092 1166 ἐστὶ
1118 1111 1180 1164 τὸ
1203 1112 1431 1166 πάντοτε
1464 1111 1664 1183 ἱλαρῶς
1692 1116 1863 1168 ποιεῖν

290 1202 347 1256 τὺ
372 1203 613 1273 ἀγαθόν’
664 1206 761 1258 καὶ
804 1207 853 1258 οί
908 1203 1218 1275 βιαζόμενοι
1270 1203 1329 1257 δέ
1375 1204 1607 1268 ’ἑαυτοὺς
1644 1206 1726 1269 εἰς
1763 1205 1862 1276 τὴν

287 1294 377 1350 τοῦ
418 1296 638 1367 πτωχοῦ
690 1297 909 1369 ἐντολὴν
958 1296 1340 1369 εὐπρόσδεκτοί
1386 1300 1490 1352 εἰσι
1540 1298 1695 1370 παρὰ
1741 1298 1861 1370 Θεῷ

285 1387 362 1459 τῷ
395 1388 637 1442 εἰπόντι·
676 1408 697 1441 ι
730 1388 961 1444 Βιασταὶ
983 1388 1288 1463 ἁρπάζουσι
1315 1389 1414 1462 τὴν
1448 1389 1726 1461 βασιλείαν
1750 1392 1858 1446 τῶν

280 1478 545 1553 οὐρανῶν.
582 1500 603 1533 ι

363 1568 557 1640 Ἐρώτ.
592 1569 699 1624 τπδ’.
737 1568 867 1625 Ἐάν
894 1586 981 1634 τις
1016 1569 1144 1642 περὶ
1178 1568 1288 1623 τῶν
1332 1569 1526 1625 ἐαυτοῦ
1570 1572 1857 1645 ἁμαρτιῶν

284 1661 626 1734 μετανοήσῃ,
682 1660 948 1733 πρόδηλον
1000 1660 1083 1714 ὅτι
1124 1659 1395 1730 ἐξαλείφει
1433 1661 1533 1726 τὰς
1577 1662 1855 1735 ἁμαρτίας

284 1748 443 1802 αὐτοῦ
461 1767 475 1780 ·
503 1746 617 1823 ἆρα
649 1751 834 1805 λοιπὸν
858 1752 954 1805 καὶ
975 1751 1071 1805 ἐάν
1104 1768 1189 1815 τις
1222 1752 1451 1823 ποιήσας
1478 1753 1727 1808 εὐποιίαν
1753 1771 1852 1824 με-

1972 576 2086 623 tum
2138 570 2283 625 bona
2312 572 2712 627 consuetudine
2753 571 2894 627 adeo
2927 571 3193 642 proﬁciet,
3227 581 3287 626 ιιι
3321 585 3536 642 semper

1968 658 2041 715 sit
2086 675 2293 729 pronus
2325 660 2394 714 ad
2422 660 2684 714 dandum.

2024 750 2246 819 Q0531.
2274 750 2558 806 LXXXIII.
2588 752 2725 805 Cum
2754 749 2901 806 dicat
2933 749 3249 822 Apostolus,
3280 767 3299 800 ι
3317 746 3436 804 Non
3464 763 3534 804 ex

1965 846 2187 901 tristitia
2214 855 2307 901 aut
2333 863 2401 901 ex
2429 847 2787 904 necessitate:
2822 843 3050 900 hilarem
3099 844 3242 898 enim
3285 841 3532 897 datorem

1962 934 2142 1005 diligit
2171 934 2396 1002 Deus",
2423 953 2446 987 ι
2473 952 2816 1008 nequaquam
2855 935 2962 990 vim
3014 918 3117 992 sibi
3150 934 3325 989 facere
3368 931 3530 987 debet

1965 1024 2151 1089 homo,
2180 1034 2241 1079 ut
2270 1025 2669 1098 eleemosynam
2700 1023 2947 1081 tribuat?

2030 1114 2192 1171 Resp.
2218 1114 2591 1172 Perfectorum
2613 1124 2699 1173 est
2729 1117 2931 1172 bonum
2959 1116 3132 1171 hilare
3157 1130 3369 1186 semper
3394 1128 3526 1186 age~

1961 1222 2051 1263 re:
2081 1217 2322 1265 attamen
2353 1210 2447 1279 qui
2473 1210 2581 1264 vim
2626 1210 2732 1266 sibi
2779 1208 3009 1274 faciunt,
3040 1215 3099 1262 ut
3130 1217 3398 1278 praecepto
3424 1208 3525 1262 ob-

1960 1305 2348 1370 temperantes,
2390 1314 2682 1371 pauperem
2714 1299 2973 1370 adjuvent
3004 1298 3113 1354 Deo
3153 1302 3341 1370 utique
3371 1314 3526 1353 acce-

1958 1390 2036 1460 pti
2066 1398 2196 1446 sunt
2247 1391 2483 1448 dicenti:
2544 1390 2816 1447 «Violenti
2862 1391 3082 1461 rapiunt
3126 1406 3353 1462 regnum
3407 1405 3522 1445 cm-

1957 1482 2133 1537 lorum
2148 1482 2213 1535 ³⁶.
2240 1501 2259 1534 ι
2888 1500 2893 1506 ’

2022 1572 2246 1640 ροεετ.
2282 1572 2569 1629 LXXXIV.
2604 1572 2661 1629 Si
2689 1574 2815 1646 quis
2853 1588 2954 1645 pro
2980 1575 3217 1645 peccatis
3254 1582 3377 1644 agat
3406 1587 3524 1642 pm-

1954 1666 2263 1732 nitentiam,
2315 1667 2484 1737 liquet
2529 1666 2708 1737 ipsum
2754 1682 2855 1723 sua
2906 1666 3088 1722 delere
3137 1672 3397 1736 peccata:
3451 1679 3522 1717 an

1956 1757 2124 1829 igitur
2179 1759 2453 1824 similiter,
2501 1761 2548 1816 si
2583 1776 2743 1830 quem
2776 1761 3037 1830 paeniteat
3089 1756 3520 1822 benefacturum,

282 1819 578 1914 ταμληθῇ,
610 1842 880 1913 ἐξαλείφει
922 1843 1014 1897 τὸν
1056 1843 1248 1916 μισθὸν
1275 1819 1346 1896 ὃν*
1365 1844 1590 1917 ἐποίησε
1633 1845 1722 1900 διὰ
1754 1819 1840 1920 τῆς

1956 1819 2268 1918 hujusmodi
2313 1819 2633 1921 pmnitentia
2682 1819 2989 1906 mercedem
3021 1850 3164 1906 delet
3209 1863 3372 1920 quam
3403 1819 3527 1918 pro-

282 1938 645 2008 μεταμελείας
663 1955 679 2003 ;

358 2030 546 2083 Ἀπόκ.
587 2030 683 2102 Μὴ
722 2030 963 2101 ¹γένοιτοί
1011 2031 1203 2105 ὥσπερ
1252 2032 1362 2105 γὰρ
1405 2034 1498 2087 ἐπὶ
1542 2035 1641 2106 τῆς
1687 2052 1852 2105 μετα-

278 2118 418 2182 νοίας
444 2118 555 2174 τῶν
580 2118 862 2193 ἁμαρτιῶν
889 2125 919 2176 6
945 2122 1077 2186 Θεός
1102 2125 1249 2177 ἐστιν
1277 2126 1306 2178 ὁ
1339 2123 1540 2196 ταύτης
1568 2127 1846 2197 πρόξενος,

278 2206 444 2275 οὕτως
465 2210 561 2265 ἐπὶ
594 2211 693 2283 τῆς
730 2213 1017 2284 μετανοίας
1052 2214 1154 2286 τῆς
1186 2216 1314 2288 περὶ
1339 2216 1440 2290 τὴν
1480 2217 1850 2293 ἐλεημοσύνην

276 2303 304 2355 6
335 2302 582 2369 διάϐολός
609 2305 727 2359 ἐστι
760 2309 990 2380 ποιητὴς
1029 2311 1219 2383 αὐτῆς,
1246 2309 1341 2363 καὶ
1371 2312 1470 2383 οὐχ
1508 2318 1541 2383 ἡ
1576 2310 1720 2385 ψυχὴ
1750 2313 1846 2369 τοῦ

621 2395 713 2449 Διὸ
758 2397 877 2451 οὐδὲ
917 2399 1206 2456 ἀναλύεται
1247 2403 1278 2455 6
1318 2402 1598 2472 γινόμενος
1634 2404 1842 2475 μισθός.

274 2484 461 2556 Ὅμως
493 2488 556 2540 οὐ
594 2488 756 2542 καλὸν
783 2490 845 2544 τὸ
875 2493 1304 2562 μεταγινώσκειν
1352 2494 1438 2547 ἐπ’
1481 2495 1672 2568 ἁγαθῷ
1701 2513 1847 2566 γινο-

277 2573 435 2646 μένῳ.
476 2575 536 2630 '0
573 2578 681 2648 γὰρ
711 2579 951 2650 συνεχῶς
988 2582 1459 2654 μεταυελούμενος
1486 2585 1845 2660 ὀκνηρότερος

273 2666 351 2728 εἰς
377 2666 440 2719 τὸ
472 2668 678 2737 ἀγαθὸν
708 2670 939 2738 γίνεται.

349 2757 543 2830 Ἐρώτ.
597 2758 701 2814 πε’.
736 2761 894 2826 Τινές
926 2778 1110 2834 φασιν,
1141 2765 1225 2818 ὅτι
1268 2764 1331 2818 ού
1377 2764 1459 2819 δεῖ
1486 2768 1844 2833 ἀνεξέταστον

270 2849 531 2921 παρέχειν
562 2850 955 2927 ἐλεημοσύνην,
982 2856 1095 2909 ἀλλ’
1130 2858 1340 2928 ἐρωτᾷν
1370 2857 1839 2931 μτὰηάκριόεἰας,

268 2943 318 2994 εἰ
363 2943 424 2996 ἐν
468 2943 700 3016 ἀληθείᾳ
739 2946 925 3017 ἐνδεής
962 2946 1111 3001 ἐστιν
1146 2950 1175 3002 6
1212 2952 1342 3021 ἡμῖν
1381 2956 1838 3027 προσερχόμενος.

267 3031 428 3103 Λέγει
460 3034 593 3110 γὰρ,
630 3039 793 3108 φησὶν
818 3037 1139 3111 όΣολομὼν,
1184 3041 1286 3105 ὅτι,
1319 3061 1339 3095 ι
1379 3045 1504 3100 Ἐὰν
1532 3050 1691 3119 ποιῇς
1715 3049 1843 3118 ἀγα-

266 3122 376 3189 θδν,
411 3125 583 3197 βλέπε
618 3127 726 3182 τίνι
763 3132 954 3194 ποιεῖς.
1005 3149 1025 3182 ι

345 3221 575 3295 Ἀπόκρ.
614 3222 772 3277 Οὕτω
808 3226 902 3279 καί
966 3227 1065 3290 τὰς
1094 3226 1287 3292 λοιπὰς
1316 3228 1538 3300 Γραφὰς
1568 3232 1617 3285 οἰ
1654 3233 1841 3298 κακῶς

263 3310 510 3376 νοοῦντες
545 3314 990 3387 διαστρέφουσιν
1019 3321 1080 3374 ού
1116 3321 1225 3393 γὰρ
1252 3322 1381 3393 περὶ
1421 3324 1518 3378 τοῦ
1549 3325 1838 3399 ἀνθρώπου

262 3401 353 3457 τοῦ
393 3407 618 3477 πτωχοῦ
650 3408 810 3462 τοῦτο
854 3407 1005 3465 εἶπεν
1030 3413 1059 3466 6
1087 3413 1368 3486 Σολομῶν·
1412 3417 1549 3472 ἀλλὰ
1585 3438 1605 3470 ι
1648 3419 1835 3490 βλέπε,

261 3495 362 3550 τίνι
399 3502 607 3564 ποιεῖς,
647 3518 667 3551 ι
707 3504 1003 3569 τουτέστιν,
1035 3506 1119 3559 ὅτι
1145 3507 1222 3577 τῷ
1253 3508 1373 3580 Θεῷ
1408 3513 1597 3574 ποιεῖς.
1623 3512 1688 3565 Εἰ
1728 3513 1839 3583 γὰρ

259 3587 362 3659 πρὸ
391 3591 490 3644 τοῦ
520 3592 832 3665 ἀνακρίνειν
871 3598 998 3661 τοὺς
1024 3599 1318 3665 αἰτοῦντας
1350 3600 1509 3655 τοῦτό
1537 3620 1694 3675 φησι,
1722 3604 1837 3668 πῶς

258 3680 287 3730 6
313 3679 519 3753 Κύριος
547 3683 696 3751 λέγει
714 3700 729 3715 ο
769 3703 788 3737 ι
827 3687 995 3740 Παντὶ
1021 3688 1099 3760 τῷ
1123 3692 1361 3745 αἰτοῦντί
1402 3710 1463 3745 σε
1490 3693 1669 3760 δίδως
1706 3713 1726 3746 ι

354 3772 530 3843 Ερὼτ.
576 3773 694 3840 πς’.
724 3771 869 3849 Ἀρα
898 3778 954 3832 δὲ
984 3781 1046 3834 τὸ
1067 3783 1123 3834 ἐν
1156 3782 1473 3855 ἐκκλησίαις
1503 3785 1835 3857 προσφέρειν

257 3858 491 3933 ὑπάρχει
525 3865 679 3936 παρὰ
707 3865 826 3938 Θεῷ
856 3870 1196 3941 τιμιώτερον,
1244 3875 1278 3945 ἢ
1318 3876 1380 3928 τὸ
1415 3877 1530 3940 τοῖς
1557 3875 1834 3947 δεομένοις

255 3950 531 4025 διανέμειν
546 3974 563 4022 ;

335 4045 529 4101 Ἀπόκ.
576 4048 652 4101 Τὸ
697 4050 874 4105 εἰπεῖν
915 4052 1008 4105 τὸν
1038 4052 1242 4128 Κύριον
1276 4060 1389 4123 τοῖς
1425 4059 1490 4113 ἐκ
1517 4057 1708 4126 δεξιῶν
1751 4060 1832 4114 ὅτι

259 4150 279 4223 ι
320 4136 638 4204 Ἐπείνασα,
669 4143 766 4196 καὶ
798 4143 1033 4199 ἐδώκατέ
1070 4164 1159 4218 μοι
1195 4154 1416 4219 φαγεῖν*
1463 4151 1713 4223 ἐδίψησα,
1739 4154 1834 4207 καὶ

259 4219 544 4285 ὲἰνθιτίοτιειεέ
595 4250 682 4303 με,
719 4252 740 4285 ι
787 4235 954 4303 ἔδειξε
1002 4242 1397 4313 προτιμοτέραν
1438 4219 1577 4296 εἶναι
1607 4219 1721 4313 *τὴν
1754 4245 1833 4307 εἰς

260 4314 379 4376 τοὺς
399 4326 518 4368 κατ’
539 4327 726 4380 εἰκόνα
747 4329 842 4381 καὶ
868 4330 1124 4400 ὁμοίωσιν
1148 4335 1311 4388 αὐτοῦ
1337 4334 1651 4398 κτισθέντας
1673 4336 1833 4399 ναοὺς

260 4406 623 4497 φμπάοειανο
656 4418 801 4481 Πλὴν
837 4419 1112 4486 πολλάκις,
1145 4425 1202 4475 ἐν
1224 4424 1400 4497 καιρῷ
1434 4425 1673 4497 διωγμοῦ
1701 4426 1833 4496 μέλ-

1955 1949 2231 1996 meruerat
2250 1942 2273 1996 τ

2026 2027 2188 2086 Resp.
2218 2031 2406 2087 Absit!
2439 2047 2565 2087 nam
2611 2031 3066 2102 quemadmodum
3099 2030 3156 2086 in
3199 2027 3520 2099 paenitentia

1953 2134 2325 2194 peccatorum,
2361 2126 2505 2183 Deus
2526 2128 2646 2197 ejus
2675 2135 2868 2183 auctor
2892 2135 3015 2183 cst:
3052 2128 3129 2181 ita
3171 2128 3227 2181 in
3256 2126 3522 2197 pmniten-

1952 2217 2029 2271 tia
2051 2233 2159 2288 qua
2191 2234 2355 2289 quem
2397 2219 2538 2274 datm
2567 2220 2921 2291 eleemosynaa
2974 2218 3222 2290 poenitet,
3268 2218 3520 2279 diabolus

1949 2307 2171 2365 effector
2197 2311 2316 2380 ejus
2343 2320 2450 2375 est,
2484 2326 2594 2366 non
2631 2320 2811 2366 autem
2842 2311 3080 2366 hominis
3139 2310 3340 2365 anima.
3374 2308 3522 2377 Quo-

1949 2401 2096 2459 circa
2126 2417 2235 2461 non
2264 2403 2404 2474 perit
2449 2416 2659 2460 merces
2685 2403 3008 2474 promerita.
3061 2401 3267 2456 Tamen
3315 2402 3520 2457 bonum

1947 2509 2061 2549 non
2103 2503 2189 2550 est
2236 2496 2502 2565 poenitere
2540 2494 2686 2565 quod
2732 2495 2871 2550 bene
2921 2493 3120 2565 egeris.
3172 2491 3309 2548 Nam
3358 2509 3518 2564 quem

1948 2584 2262 2657 frequenter
2304 2587 2553 2656 poenitet,
2608 2585 2972 2657 negligentior
3002 2583 3236 2640 edicitur
3269 2584 3337 2641 ad
3380 2588 3518 2641 bene

1948 2678 2239 2751 agendum.

2011 2770 2233 2837 Qua-:51.
2290 2767 2550 2824 LXXXV.
2607 2768 2839 2836 Quidam
2891 2767 3045 2823 aiunt
3095 2778 3203 2823 non
3262 2775 3519 2839 oporter:

1945 2863 2347 2934 eleemosynam
2382 2863 2587 2933 absque
2613 2863 2866 2919 examine
2894 2862 3180 2932 impertiri,
3206 2864 3301 2918 sed
3331 2862 3515 2932 inqui-

1946 2953 2178 3010 rendum
2220 2955 2506 3025 diligenter
2541 2970 2671 3008 num
2719 2970 2849 3010 vere
2896 2936 3145 3024 indigens
3193 2955 3284 3015 sit.
3319 2955 3414 3025 qui
3444 2955 3514 3009 ad

1945 3060 2048 3102 nos
2081 3046 2313 3100 accedit.
2345 3043 2609 3116 Namque,
2644 3045 2919 3114 inquiunt,
2957 3045 3032 3100 ait
3080 3043 3358 3111 Salomon,
3408 3062 3427 3096 ι
3452 3044 3514 3099 Si

1869 3161 1912 3217 α
1945 3138 2084 3193 bene
2116 3136 2334 3205 feceris,
2362 3136 2488 3192 vide
2514 3137 2605 3193 cui
2634 3137 2831 3193 feceris
2854 3137 2953 3192 ⁸⁷.»

2011 3228 2177 3284 Rssr.
2209 3227 2287 3282 Ita
2310 3228 2521 3284 scilicet
2549 3238 2603 3283 et
2630 3237 2826 3284 caetera
2861 3227 3158 3301 Scriptura:
3196 3228 3513 3285 testimonia

1940 3331 2258 3393 pervertunt
2285 3322 2380 3393 qui
2420 3337 2603 3391 prave,
2638 3322 2900 3377 sentiunt.
2951 3321 3064 3378 Nec
3101 3321 3248 3377 enim
3277 3322 3346 3378 de
3375 3337 3512 3392 pau-

1940 3429 2069 3484 pere
2120 3412 2339 3467 homine
2388 3412 2504 3467 haec
2534 3410 2673 3466 dixit
2701 3411 2984 3475 Salomon,
3039 3415 3157 3476 sed,
3198 3430 3218 3464 ι
3247 3410 3383 3468 Vide
3419 3412 3509 3467 cui

1939 3504 2158 3569 feceris,
2190 3525 2209 3557 ι
2241 3505 2296 3560 id
2324 3512 2429 3570 est,
2465 3503 2578 3559 Deo
2602 3503 2758 3559 facis.
2790 3500 2848 3557 Si
2877 3504 3023 3558 enim
3052 3503 3333 3559 mendicos
3368 3503 3510 3557 indi-

1937 3600 2027 3646 cat
2069 3608 2192 3648 esse
2248 3591 2663 3656 discernendos,
2712 3608 2811 3646 cur
2860 3592 3033 3663 igitur
3062 3594 3170 3669 ait
3222 3592 3507 3656 Dominus,

1944 3703 1963 3733 ι
1991 3682 2178 3738 Cuivis
2210 3683 2412 3754 petenti
2444 3682 2637 3736 da”?r
3120 3682 3127 3687 “

1995 3771 2215 3839 qusr.
2248 3771 2532 3826 LXXXVI.
2558 3770 2820 3844 Nunquid
2837 3770 2945 3828 Deo
2969 3770 3288 3842 gratills’est
3311 3770 3508 3827 otl'erre

1938 3864 1995 3919 in
2051 3865 2322 3927 ecclesiis,
2363 3880 2525 3935 quam
2557 3863 2926 3934 indigentibus
2956 3861 3328 3919 distribuere?

1995 4040 2159 4098 Rssr.
2218 4040 2289 4099 lis
2318 4057 2440 4113 qua:
2469 4039 2733 4097 Dominus
2773 4040 2843 4096 ad
2887 4041 3011 4097 illos
3035 4040 3286 4097 dicturus
3304 4050 3390 4097 est
3410 4041 3507 4111 qui

1936 4152 1968 4192 a
1999 4138 2209 4193 dextris
2231 4146 2413 4201 erunt,
2463 4154 2482 4187 ι
2512 4135 2728 4190 Esurivi
2774 4142 2829 4190 et
2857 4135 3086 4190 dedistis
3114 4135 3246 4187 mihi
3276 4134 3509 4188 mandu-

1934 4246 2093 4286 care:
2143 4229 2313 4291 sitivi,
2350 4236 2404 4283 et
2442 4228 2669 4283 dedistis
2697 4227 2828 4280 mihi
2853 4227 3035 4281 bibere
3052 4226 3119 4292 ³⁹,
3159 4224 3506 4280 »οειειιᾱίιιιι-
3576 4216 3587 4227 ’

1933 4323 2225 4393 gratiorem
2280 4319 2392 4376 Deo
2442 4335 2564 4376 esse
2611 4319 3165 4381 commiserationem,
3218 4333 3338 4389 quae
3376 4333 3503 4389 erga

1936 4413 2134 4483 templa
2163 4410 2233 4467 ad
2263 4411 2386 4480 ejus
2432 4411 2723 4482 imaginem
2762 4418 2819 4465 et
2869 4409 3284 4465 similitudinem
3335 4408 3499 4468 facta,

487 4499 621 4553 ναοῦ
683 4502 817 4556 Θεοῦ
880 4508 1244 4577 ἀπόλλυσθαι,
1303 4491 1585 4585 ἀναγκαία⁷
1640 4491 1735 4572 καὶ
1793 4520 1827 4589 ή
1861 4493 1905 4548 D
1934 4506 2238 4560 θκῗιίδθῐυτο
2283 4501 2672 4558 ven'mmme“
2704 4502 2982 4557 πηιηοῑίθε
3030 4499 3193 4571 236
3218 4514 3339 4552 (Ἱππ
3378 4515 3503 4569 Pe"

258 4585 314 4681 ἐν
333 4587 513 4661 τούτῳ
549 4593 893 4663 συμπάθεια.
926 4600 1036 4655 Καὶ
1079 4604 1259 4667 πάλιν,
1286 4609 1448 4661 τινῶν
1474 4609 1563 4663 διὰ
1589 4585 1825 4681 Χριστοῦ

255 4677 432 4771 πίστιν
457 4681 922 4757 βασανιζομένων.
964 4696 1262 4767 τιμιωτέρα
1297 4700 1515 4754 πάντων
1556 4701 1591 4771 ή
1620 4702 1827 4756 τούτων

251 4768 563 4843 ἀνάῤῥυσις.
1048 4796 1053 4801 -

550 5037 660 5102 κζ’.
696 5042 821 5096 Ἐάν
844 5062 926 5110 τις
950 5050 1138 5114 πιστὸς
1161 5056 1313 5128 παρὰ
1330 5058 1544 5130 ἀπίστῳ
1566 5062 1825 5131 χρήματα

251 5128 552 5194 πιστευθεὶς
605 5132 810 5187 τούτων
875 5141 1211 5211 παράψηται,
1276 5145 1386 5221 ἄρα
1448 5128 1824 5222 εύσύξνωστον

250 5218 393 5288 παρὰ
418 5219 539 5293 Θεῷ
583 5222 742 5276 τοῦτο
774 5226 1139 5301 καθέστηκεν;

322 5310 509 5368 ’Δπόκ.
547 5314 657 5368 Τοῦ
692 5317 900 5388 Κυρίου
931 5320 1196 5390 λέγοντος,
1229 5347 1250 5380 ι
1273 5332 1528 5387 ’Δπόδοτε
1574 5336 1645 5390 τὰ
1678 5336 1818 5389 Καί⁹

248 5413 404 5472 σαρος
421 5404 688 5479 Καίσαρι,
720 5426 739 5459 ι
764 5408 923 5479 δῆλον
966 5415 1069 5477 ὅτι,
1100 5418 1361 5493 Ἕλληνος
1388 5424 1484 5477 τοῦ
1513 5426 1635 5480 τότε
1678 5428 1820 5481 Καί-

246 5504 402 5588 σαρος
431 5496 605 5565 ὄντος,
630 5498 994 5573 μανθάνομεν,
1027 5506 1109 5560 ὅτι
1140 5511 1240 5565 οὐκ
1269 5515 1552 5570 ἐπαινετὸν
1582 5519 1644 5572 τὸ
1678 5536 1819 5588 παρ-

243 5581 490 5652 ἀψασοαι.
526 5591 741 5662 Ὅμως,
784 5593 882 5647 ἐὰν
926 5598 1007 5661 εἰς
1040 5601 1282 5674 πένητας
1321 5609 1391 5662 τὰ
1422 5610 1645 5664 τοιαῦτα
1685 5581 1817 5664 ἀνα-

1937 4598 2238 4653 secutionis
2277 4607 2521 4668 tempore
2577 4597 2837 4666 templum
2892 4595 2987 4650 Dei
3041 4597 3343 4664 periturum
3391 4599 3499 4654 est,

1935 4692 2247 4747 necessaria
2275 4699 2407 4745 tunc
2441 4697 2525 4746 est
2552 4704 2678 4761 erga
2710 4689 2842 4743 illud
2881 4689 3308 4743 commiseratio.
3342 4686 3503 4740 Deni-

1933 4798 2039 4853 que
2081 4797 2205 4837 cum
2237 4781 2460 4851 quidam
2493 4789 2716 4849 propter
2765 4777 2967 4832 Christi
3004 4777 3161 4831 ﬁdem
3214 4774 3501 4830 tormentis

1933 4876 2325 4941 subjiciuntur,
2366 4887 2558 4926 eorum
2600 4871 2846 4924 liberatio
2887 4868 3143 4923 omnibus
3170 4875 3258 4921 est
3291 4866 3499 4936 pretio-

1931 4983 2216 5123 s'gumsr.
2245 5051 2551 5108 LXXXVII.
2585 5051 2644 5106 Si
2667 5051 2791 5122 quis
2812 5049 3047 5105 inﬁdelis
3069 5048 3355 5119 pecuniam
3383 5059 3501 5100 cre~

1931 5148 2136 5204 diderit
2164 5144 2332 5207 ﬁdeli,
2381 5145 2539 5214 isque
2583 5144 2735 5197 illum
2771 5140 3074 5201 defraudet,
3121 5152 3251 5191 num
3283 5137 3338 5190 id
3380 5137 3500 5190 sine

1931 5243 2095 5312 culpa
2126 5247 2211 5293 est
2238 5237 2380 5306 apud
2416 5236 2580 5290 Deum
2605 5237 2627 5287 ?

1991 5335 2156 5387 Itssr.
2191 5330 2326 5385 Cum
2355 5328 2621 5382 Dominus
2677 5326 2843 5386 dicat,
2893 5343 2911 5374 ι
2938 5321 3170 5377 Reddite
3210 5335 3331 5391 qua:
3371 5326 3503 5375 sunt

1925 5425 2183 5486 Caesaris,
2239 5421 2444 5477 Caesari
2467 5420 2546 5473 “z
2594 5439 2612 5471 ι
2643 5415 3080 5488 quandoquidem
3108 5423 3241 5467 tunc
3280 5412 3503 5483 gentilis

1925 5520 2110 5574 thsar
2154 5525 2293 5578 erat,
2351 5514 2476 5567 inde
2528 5513 2789 5567 discimus
2840 5508 3166 5562 laudabilem
3220 5522 3331 5561 non
3380 5518 3504 5561 esse

1926 5608 2174 5664 fraudem
2203 5603 2601 5676 hujuscemodi.
2634 5601 2841 5655 Tamen
2873 5602 2921 5654 si
2960 5601 3065 5654 illa:
3094 5600 3339 5668 pecuniae
3372 5612 3505 5666 pau-

386 5708 590 5799 ILtJor.
626 5715 775 5784 tx,7.
852 5717 898 5749 ⁸⁸
934 5718 1124 5778 Matth.
1159 5742 1246 5793 ιι,
1287 5731 1373 5788 I2.
1452 5732 1496 5765 ³⁷
1539 5734 1704 5789 Eccli.
1740 5750 1840 5799 xu,

2025 5734 2070 5767 ⁸⁸
2111 5732 2241 5791 Luc.
2277 5730 2463 5795 VI,30.
2541 5728 2583 5759 ”
2628 5724 2814 5780 Matth.
2851 5741 2977 5788 xxv,
3012 5723 3103 5779 Ω.
3175 5717 3220 5748 ⁸⁰
3306 5718 3498 5774 Matth.

248 5781 353 5827 nu
373 5814 387 5841 ,
415 5782 501 5837 2L

555 5877 832 5943 Ριτιιοι..
877 5882 996 5946 Gn.
1038 5885 1338 5951 XXVIII.

3105 5889 3175 5946 21
