4088 6382
471 374 571 434 651

1644 357 1698 410 S.
1743 343 2207 409 ATHANASIUS.
2239 370 2309 382 ——
2350 334 2622 392 SPURIA.

3605 312 3712 368 653

474 492 695 564 peribus
747 490 1055 556 erogantur,
1098 483 1352 551 poterunt
1407 474 1682 529 orationes
1731 479 2069 539 pauperum,

2171 453 2355 508 ωθῶσι
2378 450 2481 521 χρή
2491 464 2653 519 ματα,
2682 442 2932 496 δύνανται
2959 439 3017 492 αἱ
3044 436 3150 491 τῶν
3176 433 3424 504 πενήτων
3451 427 3607 499 εὐχαὶ
3633 424 3712 493 τῷ

2171 552 2179 564 ι
2223 546 2247 558 ι·-
2303 544 2402 564 νν-.
2435 536 2749 564 __-..r_...n...
2794 534 2884 564 ,λυ
2930 526 3184 564 ein-Amm.
3220 544 3239 564 ι
3278 525 3546 564 Πηνίπσηντε
3584 520 3712 564 ὑμῖν

476 558 647 638 beum
699 580 914 651 placare
965 572 1055 641 qui
1119 569 1214 631 ait,
1272 565 1501 619 «Facite
1526 561 1684 616 vobis
1723 558 1929 611 amicos
1970 568 2038 607 ex

477 686 788 730 mammona
841 661 1252 736 iniquitatis“.t
1287 655 1442 724 Quod
1486 655 1531 711 si
1574 650 1819 725 pecuniae
1847 647 1950 701 illa:
1981 645 2038 698 in

480 771 729 835 sumptus
761 759 1048 817 saeculares
1082 749 1488 822 impendantur,
1532 745 1738 800 clarum
1775 748 1859 795 est
1904 738 2042 791 duo-

478 860 582 914 bus
602 852 823 927 judiciis
874 851 950 905 ita
993 853 1213 918 agentes
1246 841 1513 897 obnoxios
1554 852 1695 902 esse,
1748 830 2041 902 voluptatis

481 948 690 1005 scilicet
724 951 777 1000 et
809 942 960 997 furti.

547 1041 766 1107 Qumsr.
820 1020 1152 1089 LXXXVI“.
1201 1028 1459 1083 Potestne
1506 1025 1854 1091 eleemosyna
1883 1030 2045 1072 omne

480 1133 761 1188 hominum
796 1136 1078 1199 peccatum
1111 1123 1312 1185 delere,
1348 1117 1567 1174 necne?

542 1223 701 1279 fisse.
737 1222 832 1279 Est
858 1227 1137 1292 peccatum
1170 1224 1223 1270 et
1248 1219 1531 1285 peccatum
1572 1227 1588 1263 :
1622 1214 1705 1262 est
1736 1205 1865 1261 item
1909 1202 2050 1256 elec-

482 1331 711 1390 mosyna
747 1323 801 1372 et
848 1315 1212 1381 eleemosyna.
1259 1305 1425 1361 Verbi
1478 1302 1677 1372 gratia,
1716 1298 1764 1353 si
1813 1293 2049 1367 proximi

485 1409 810 1479 injuriarum
841 1406 1159 1461 memoriam
1200 1399 1524 1457 retinemus,
1572 1389 1923 1447 manifestum
1967 1391 2051 1440 est

487 1509 772 1559 sescentas
801 1500 1175 1568 eleemosynas
1201 1491 1417 1548 veniam
1439 1486 1601 1542 nobis
1632 1499 1742 1538 non
1769 1495 1932 1552 posse
1961 1477 2053 1532 ob-

487 1595 683 1657 tinere,
720 1590 828 1646 nisi
878 1604 977 1643 nos
1007 1600 1227 1657 quoque
1258 1580 1416 1636 fratri
1457 1583 1650 1631 nostro
1680 1571 2053 1630 remiserimus

489 1682 693 1747 debita,
773 1673 1229 1750 quemadmodum
1290 1671 1364 1723 ait
1418 1666 1699 1722 Dominus.
1785 1661 2054 1715 Prmterea

492 1773 641 1829 aliud
665 1781 748 1828 est
792 1773 838 1826 si
867 1770 990 1841 quis
1032 1783 1063 1821 a
1100 1762 1461 1819 fornicatione
1492 1758 1783 1818 desistens,
1818 1754 2055 1808 eleemo-

2138 546 2258 617 Θεῷ
2300 520 2753 614 ὲξευγμενίσασθαι
2794 534 2884 587 τὸν
2928 526 3184 585 εἰπόνταο
3220 544 3240 578 ι
3278 525 3547 594 Ποιήσατε
3584 520 3713 591 ὑμῖν

2141 611 2324 708 φίλους
2354 611 2538 688 ὲκντοῦ
2576 625 2854 701 μαμμωνᾶ
2887 623 2984 693 τῆς
3016 619 3246 682 ἀδικίας.
3276 636 3296 669 υ
3330 617 3394 668 Ei
3414 614 3471 667 δὲ
3498 615 3578 676 εἰς
3595 611 3718 682 ἡδο-

2147 705 2245 794 νάς
2276 727 2387 800 (29)
2419 741 2570 787 τινας
2596 717 2854 792 βιωτικάς
2891 712 3275 784 δαπανηθῶσιν
3296 750 3311 775 ,
3362 707 3580 778 εὔδηλον
3631 705 3715 758 ὅτι

2140 823 2262 877 δυσὶ
2287 795 2563 892 νκρίμασιν
2589 817 2639 867 οἱ
2663 812 2820 866 τοῦτο
2842 806 3121 869 ποιοῦντες
3152 802 3542 875 ὑποπίπτουσι,
3571 795 3716 865 λέγω

2142 915 2207 986 δὴ
2243 912 2437 985 ἡδονῆς
2463 909 2559 964 καὶ
2590 904 2818 974 κλοπῆς.

2227 981 2417 1078 Ἐρώτ.
2454 1010 2565 1074 πη’.
2605 998 2796 1070 Ἰσχύει
2840 990 3177 1064 ἐλεημοσύνη
3229 988 3412 1042 πᾶσαν
3444 981 3716 1056 ἁμαρτίαν

2146 1097 2432 1172 ἀνθρώπου
2462 1091 2758 1161 ἐξαλεῖψαι,
2787 1088 2821 1156 ἢ
2854 1084 2947 1149 ob;

2230 1168 2453 1261 Ἀπόκρ.
2491 1187 2678 1239 Ἔστιν
2708 1179 2950 1252 ἁμαρτία
2990 1178 3084 1233 καὶ
3127 1174 3401 1247 ἁμαρτίαο
3443 1173 3538 1225 καὶ
3571 1168 3720 1223 ἐστιν

2150 1280 2487 1353 ἐλεημοσύνη
2515 1278 2609 1331 καὶ
2634 1272 2989 1344 ἐλεημοσύνη.
3016 1268 3138 1324 Οἷόν
3171 1286 3224 1320 τι
3267 1266 3429 1334 λέγω
3462 1263 3556 1316 ὲάν
3588 1277 3722 1333 μνη-

2153 1374 2403 1428 σικακίαν
2451 1371 2660 1442 ἔχωμεν
2713 1365 2847 1437 πρὸς
2890 1363 2978 1418 τὸν
3018 1361 3261 1434 πλησίον,
3313 1356 3573 1430 πρόδηλον
3639 1354 3722 1406 ὅτι

2156 1466 2349 1539 μυρίαι
2396 1459 2752 1533 ἐλεημοσύναι
2797 1458 2857 1511 ού
2912 1453 3277 1528 συγχωροῦσιν
3315 1452 3466 1521 ἡμῖν,
3502 1447 3596 1501 ὲάν
3645 1446 3722 1517 μὴ

2152 1557 2400 1629 ἀφίωμεν
2428 1555 2520 1609 καὶ
2552 1554 2711 1623 ἡμεῖς
2741 1548 2817 1620 τῷ
2855 1546 3065 1618 ἀδελφῷ
3085 1544 3243 1617 ἡμῶν
3275 1542 3342 1596 τά
3383 1539 3725 1610 ὀφειλήματα

2155 1627 2339 1712 αύτοῦ,
2370 1645 2510 1701 κατά
2545 1645 2637 1698 τὸν
2683 1641 2777 1696 τοῦ
2823 1638 3028 1710 Κυρίου
3071 1637 3246 1705 λόγον.
3290 1632 3458 1687 Πάλιν
3494 1646 3557 1683 τε
3597 1627 3726 1682 ἄλλο

2156 1742 2293 1805 ἐστὶ,
2325 1737 2669 1809 παυσάμενόν
2692 1752 2813 1788 τινα
2839 1731 3115 1803 πορνείας,
3141 1729 3312 1782 ποιεῖν
3334 1720 3722 1796 ἐλεημοσύνην,

494 1811 641 1829 ...ιαμ
665 1811 748 1828 υ...
793 1811 838 1826 ο.
868 1811 990 1841 ηπ...
1032 1811 1063 1821 ..
1771 1811 1782 1818 ,

494 1880 683 1937 synam
714 1861 908 1927 faciat;
939 1857 1105 1924 aliud,
1134 1856 1180 1911 si
1210 1855 1332 1924 quis
1356 1852 1410 1905 in
1441 1858 1664 1922 peccato
1700 1857 2057 1917 perseverans

2171 1834 2251 1887 ιαὶ
2294 1831 2479 1903 ἕτερόν
2518 1831 2634 1882 ἐστι
2675 1827 2753 1897 τῷ
2800 1824 3075 1894 ἱσταμένῳ
3109 1823 3167 1873 ὲν
3208 1821 3274 1890 τῇ
3314 1814 3555 1888 ἁμαρτίᾳ
3583 1811 3727 1865 οὕτω

2285 1920 2296 1934 ν
2344 1932 2353 1937 -
2412 1936 2415 1937 ν
2456 1920 2559 1937 μς-
2596 1915 2777 1937 _1-.__-
2836 1912 2940 1937 v.4
2980 1910 3133 1937 ιη--
3162 1907 3372 1937 -,ι“ι...λ
3419 1903 3603 1937 ...παλι-
3629 1899 3725 1937 ,φοῦ

494 1958 547 2008 in
579 1968 843 2026 pauperes
868 1952 939 2007 sit
972 1947 1231 2003 liberalis.
1285 1944 1407 1997 Alia
1438 1940 1690 1997 similiter
1733 1951 1942 1992 merces
1971 1941 2055 1990 est

493 2047 765 2116 agricolae,
815 2043 909 2114 qui
980 2056 1046 2097 ex
1094 2036 1319 2109 proprio
1371 2035 1572 2091 sudore
1624 2027 2054 2086 misericordiam

495 2150 745 2195 exerceat
771 2156 786 2205 ;
814 2137 920 2191 alia
943 2132 1228 2206 principis,
1260 2129 1366 2199 'qui
1403 2142 1471 2183 ex
1505 2125 1663 2180 donis
1695 2133 1748 2179 et
1782 2119 2059 2194 proventi-

494 2232 598 2286 bus
621 2231 1018 2299 eleemosynam
1059 2223 1315 2296 praebeat.
1364 2219 1590 2287 Insuper
1638 2214 1743 2268 alia
1791 2220 1875 2269 est
1917 2212 2060 2267 ratio

495 2324 617 2392 ejus
645 2322 740 2393 qui
780 2336 845 2375 ex
892 2316 1116 2390 propria
1161 2311 1459 2383 indigentia
1488 2306 1757 2378 largitur;
1808 2302 1915 2358 alia
1940 2300 2061 2371 eius

498 2413 591 2483 qui
616 2429 684 2468 ex
713 2409 1083 2473 abundantia;
1124 2407 1231 2461 alia
1263 2405 1383 2476 ejus
1427 2400 1517 2455 cui
1560 2413 1650 2454 res
1690 2397 1879 2451 alienae
1906 2408 2060 2449 com-

499 2510 682 2563 missae
705 2513 853 2569 sunt,
881 2513 943 2558 ut
966 2519 1059 2558 eas
1087 2499 1422 2573 pauperibus
1450 2493 1763 2550 distribuat.
1794 2488 1905 2544 Nec
1929 2499 2064 2542 vero

500 2600 557 2653 id
580 2599 781 2661 solum,
814 2596 909 2652 sed
957 2595 1123 2651 etiam
1168 2593 1217 2646 is
1246 2592 1340 2661 qui
1380 2590 1433 2644 in
1478 2585 1656 2642 medio
1711 2582 1913 2639 saeculo
1942 2594 2066 2634 ver-

504 2698 681 2754 satur,
712 2688 958 2757 nihilque
987 2682 1135 2738 aliud
1172 2681 1284 2737 Deo
1313 2675 1427 2750 pro'
1458 2677 1572 2733 suis
1602 2672 1841 2746 peccatis
1887 2676 2067 2741 potest

504 2781 717 2850 offerre,
750 2781 1091 2849 elecmosyna
1121 2779 1403 2845 purgatur.
1460 2773 1527 2824 At
1574 2768 1667 2838 qui
1705 2763 2068 2820 monasticam

502 2874 670 2932 vitam
701 2872 1007 2945 profitetur,
1042 2875 1260 2924 tenetur
1281 2864 1657 2937 perfectiorem
1698 2855 1915 2913 vivendi
1954 2868 2070 2908 mo-

506 2968 638 3023 dum
673 2967 830 3020 inire.
873 2962 1262 3018 Verumtamen
1313 2959 1360 3015 si
1395 2957 1740 3025 elecmosyna
1782 2946 2072 3005 Nabucho—

507 3060 858 3118 donosorem,
923 3055 1034 3125 qui.
1068 3053 1203 3107 adeo
1251 3049 1450 3120 impius
1481 3054 1617 3112 erat,
1658 3044 1831 3115 potuit
1871 3039 2074 3112 justifi-

509 3162 678 3202 care:
735 3144 980 3217 profecto
1009 3156 1202 3212 magna
1229 3145 1283 3195 et
1323 3137 1642 3210 gravissima
1676 3140 1901 3204 peccata
1930 3130 2076 3187 delet

507 3237 872 3307 eieemosyna.
929 3232 1229 3287 Audiamus
1302 3228 1444 3284 enim
1501 3232 1749 3304 sanctum
1798 3220 2075 3277 Danielem

509 3328 579 3383 ad
627 3328 805 3398 ipsum
848 3325 1152 3379 dicentem:
1209 3339 1227 3372 ι
1253 3320 1385 3384 Rex,
1410 3318 1698 3374 consilium
1739 3329 1920 3370 meum
1945 3311 2078 3383 {pla-

511 3429 633 3474 ceat
681 3419 818 3473 tibi:
852 3424 1073 3487 peccata
1116 3421 1208 3467 tua
1246 3408 1602 3481 eleemosynis
1626 3405 1852 3467 redime,
1898 3412 1954 3459 et
1982 3402 2080 3456 ini-

511 3510 745 3580 quitates
776 3516 896 3562 tuas
925 3503 1314 3561 misericordiis
1339 3514 1637 3572 pauperum
1659 3497 1759 3552 δ’.»
1789 3494 1856 3549 Ει
1886 3508 2077 3550 rursus

511 3600 695 3655 divina
745 3598 1059 3668 Scriptura:
1096 3614 1116 3648 ι
1151 3594 1505 3663 Eleemosyna
1546 3587 1829 3645 abscondit
1855 3591 2077 3657 peccata

510 3705 706 3761 magna
723 3690 822 3745 δ’.»
863 3688 928 3743 Ει
952 3689 1148 3743 iterum
1174 3704 1189 3742 :
1221 3683 1359 3751 ιριιὶ
1387 3681 1635 3753 intelligit
1659 3693 1821 3750 super
1849 3690 2079 3747 egenum

513 3791 567 3836 et
617 3796 929 3852 pauperem,
983 3779 1039 3833 in
1090 3777 1178 3832 dic
1227 3776 1369 3830 mala
1422 3772 1675 3828 liberabit
1728 3784 1853 3825 eum
1901 3765 2081 3822 Domi-

514 3890 619 3929 nus
637 3874 702 3938 ⁸⁵,
728 3892 748 3925 ι
781 3872 835 3928 id
863 3878 946 3927 est
977 3871 1065 3926 die
1088 3869 1300 3940 iudicii,
1330 3880 1450 3938 qum
1483 3879 1677 3935 nempe
1699 3858 2080 3932 peccatoribus

515 3966 659 4018 mala
709 3972 814 4031 est,
869 3962 1112 4032 intelligo
1184 3960 1414 4024 scilicet,
1480 3956 1623 4011 diem
1687 3952 1878 4008 αξιοι-ιιὶ
1950 3962 2081 4018 sup-

518 4056 690 4126 plicii.

572 4147 792 4213 Qum.
829 4143 1113 4199 LXXXIX.
1161 4142 1393 4210 Quidam
1448 4140 1569 4194 ausi
1623 4145 1754 4193 sunt
1805 4132 2082 4205 perfectos

518 4236 908 4293 misericordes
946 4237 1137 4290 beatos
1191 4233 1365 4305 magis
1414 4231 1736 4303 praedicare,
1789 4240 1955 4296 quam
1987 4237 2082 4279 eos

520 4330 618 4399 qui
655 4329 821 4383 edunt
856 4326 1139 4381 miracula.
1748 4332 1754 4337 ·

588 4419 748 4475 Βεερ.
773 4419 893 4474 Non
923 4434 952 4472 a
982 4419 1178 4487 seipsis
1217 4417 1377 4470 talem
1410 4416 1684 4485 protulere
1729 4411 2082 4472 sententiam,

2158 1899 2417 1992 παρέχειν
2450 1920 2560 1980 τοῖς
2591 1915 2803 1985 πένησι.
2836 1912 2945 1966 Καὶ
2977 1910 3133 1973 ἄλλος
3162 1907 3320 1962 πάλιν
3344 1908 3373 1959 6
3418 1903 3603 1976 μισθὸς
3629 1899 3725 1955 τοῦ

2155 2012 2450 2084 γεωπόνου,
2485 2008 2543 2074 ἐξ
2592 2008 2720 2062 ἰδίου
2773 2005 2992 2078 ἱδρῶτος
3036 2001 3309 2065 ποιοῦντος
3365 1995 3727 2069 συμπάθειαν,

2159 2105 2251 2159 καὶ
2278 2104 2463 2175 ἔτερος
2493 2105 2520 2155 6
2543 2100 2636 2154 τοῦ
2668 2099 2925 2172 ἄρχοντος
2955 2096 3048 2150 τοῦ
3088 2095 3196 2149 ἀπὸ
3228 2093 3413 2165 δώρων
3442 2091 3535 2144 καὶ
3562 2103 3732 2160 προσ-

2160 2196 2294 2280 68am
2318 2195 2669 2268 παρέχοντος.
2701 2190 2844 2263 Πρὸς
2878 2188 3086 2251 τούτοις
3111 2186 3267 2249 ἄλλος
3304 2187 3333 2238 6
3364 2185 3429 2236 ἐκ
3454 2181 3549 2235 τοῦ
3578 2181 3734 2233 ὑστε-

2166 2270 2405 2360 ῥήματος
2433 2284 2631 2347 διδοὺς,
2662 2280 2757 2336 καὶ
2784 2279 2940 2343 ἄλλος
2967 2281 2995 2332 6
3025 2278 3090 2331 ἐκ
3127 2274 3222 2329 τοῦ
3264 2270 3730 2346 περισσεύματος·

2162 2380 2257 2435 καὶ
2291 2378 2475 2450 ἕτερος
2505 2378 2534 2430 6
2568 2374 2985 2447 χειροχρήστης,
3017 2371 3045 2423 6
3087 2369 3154 2423 τά
3188 2366 3439 2437 ἀλλότρια
3486 2360 3738 2415 πιστευὸ-

2168 2489 2327 2543 μενος
2360 2470 2453 2523 ἐπὶ
2487 2469 2549 2522 τὸ
2591 2466 2861 2522 διαδοῦναι
2905 2466 3017 2526 τοῖς
3064 2461 3308 2530 πένησιν.
3352 2457 3426 2510 Ού
3476 2453 3634 2526 μόνον
3680 2450 3739 2504 δὲ

2163 2566 2341 2633 τοῦτο,
2378 2564 2492 2620 ἀλλ’
2524 2564 2606 2617 ὅτι
2644 2564 2673 2616 6
2702 2561 2800 2633 μὲν
2827 2561 2884 2613 ὲν
2930 2557 3078 2629 μέσῳ
3120 2553 3214 2608 τοῦ
3243 2549 3446 2621 κόσμου
3476 2544 3739 2616 ὑπάρχων
3768 2582 3771 2585 ‹

2172 2659 2339 2732 μηδὲν
2372 2657 2501 2712 ἄλλο
2534 2655 2829 2726 δυνάμενος
2867 2647 2987 2720 Θεῷ
3018 2646 3159 2716 ὑπὲρ
3204 2641 3312 2697 τῶν
3343 2636 3536 2693 ἑαυτοῦ
3576 2652 3738 2689 πται-

2182 2728 2405 2826 σμάτων
2452 2749 2839 2822 προσαγαγεῖν,
2889 2741 3210 2812 καθαίρεται
3250 2736 3316 2789 δι’
3354 2728 3738 2803 ὲλεημοσύνης.

2180 2849 2241 2901 '0
2273 2846 2330 2899 δὲ
2366 2845 2457 2898 τὸν
2490 2844 2695 2914 μονήρη
2726 2839 2837 2910 βίον
2871 2836 3259 2909 μετερχόμενος
3287 2828 3593 2882 ἀπαιτεῖται
3627 2837 3746 2893 μει-

2171 2940 2396 3012 ζοτέραν
2438 2912 2560 2991 τινὰ
2599 2912 2874 2989 πολιτείαν
2924 2926 3279 2993 ἐνδείξασθαι.
3314 2923 3503 2992 Ὅμως
3553 2918 3603 2970 εἰ
3651 2912 3745 2965 τδν

2172 3007 2640 3101 Ναϐουχοδονόσορ
2670 3026 2760 3079 τὸν
2802 3021 3039 3077 τοιοῦτον
3072 3017 3244 3087 ἁσεῦἦ
3271 3017 3489 3084 ἴσχυσεν
3512 3011 3549 3080 ἡ
3586 3007 3743 3075 ἐλεη-

2180 3098 2394 3196 μοσύνη
2427 3098 2730 3183 δικαιῶσαι,
2769 3115 2976 3188 μεγάλα
3016 3113 3090 3176 ὡς
3133 3106 3343 3180 ἀληθῶς
3379 3102 3474 3158 καὶ
3522 3098 3750 3154 δυσίατα

2100 3185 2144 3244 c
2177 3185 2552 3288 ἀμαρτίῳατα
2595 3211 2661 3266 δι’
2709 3185 3074 3280 ἐλεημοσύνης
3122 3198 3510 3269 ὲξαλείφονται.
3560 3188 3750 3246 ’Δκούο

2179 3325 2361 3381 σωμεν
2391 3306 2500 3378 γὰρ
2534 3302 2628 3359 τοῦ
2667 3302 2824 3371 ἁγίου
2856 3297 3056 3369 Δανιὴλ
3082 3295 3216 3367 πρὸς
3257 3289 3418 3344 αὐτὸν
3459 3288 3707 3354 λέγοντος
3729 3298 3744 3313 ·

2184 3418 2202 3452 ι
2235 3373 2489 3463 έασιλεῦ,
2521 3398 2555 3467 ή
2591 3392 2751 3465 βουλή
2787 3408 2886 3463 μου
2924 3386 3175 3459 ἀρεσάτω
3204 3397 3315 3435 σοι’
3345 3377 3445 3439 τὰς
3476 3373 3752 3447 ἁμαρτίας

2180 3508 2274 3547 σου
2310 3492 2373 3545 ὲν
2398 3486 2789 3560 ἐλεημοσύναις
2817 3482 3109 3553 λύτρωσαι,
3140 3475 3234 3529 καὶ
3274 3473 3374 3535 τὰς
3405 3468 3617 3530 ἀδικίας
3658 3480 3750 3517 σου

2178 3584 2237 3638 ὲν
2266 3558 2569 3654 οίκτιρμοῖς
2601 3579 2864 3648 πενήτων.
2909 3593 2927 3626 ι
2959 3573 3067 3625 Καὶ
3108 3567 3266 3622 πάλιν
3311 3565 3345 3634 ἡ
3379 3562 3500 3616 θεία
3526 3558 3750 3630 Γραφή·

2184 3692 2205 3727 ι
2245 3648 2610 3743 Ἐλεημοσύνη
2660 3665 2889 3735 καλύψει
2942 3660 3214 3733 ἁμαρτίας
3265 3654 3526 3727 μεγάλας.
3571 3670 3590 3702 ι
3646 3648 3758 3703 Καὶ

2181 3762 2341 3817 πάλιν
2360 3775 2374 3790 ⁸
2389 3737 2434 3814 ’.ι
2465 3760 2522 3815 '0
2556 3737 2749 3813 σύνιὼν
2774 3755 2866 3809 ἐπὶ
2892 3751 3101 3821 πτωχὸν
3131 3747 3222 3801 καὶ
3246 3744 3471 3815 πένητα,
3495 3742 3552 3793 ὲν
3574 3737 3757 3811 ἡμέρᾳ.

2184 3854 2397 3926 πονηρᾷ
2451 3850 2674 3924 ῥύσεται
2719 3846 2879 3901 αὐτὸν
2929 3846 2957 3897 6
3008 3841 3241 3912 Κύριος
3278 3855 3296 3887 ι
3352 3832 3599 3887 τουτέστι
3656 3830 3756 3900 τῆς

2182 3920 2418 4018 κρίσεως
2439 3920 2671 4015 (πονηρά
2687 3941 2795 4010 γὰρ
2817 3936 3050 4008 ὑπάρχει
3078 3934 3188 3995 τοῖς
3206 3924 3593 3999 ἁμαρτωλοῖς),
3615 3920 3759 3989 λέγω

2182 4039 2245 4110 δὴ
2279 4037 2378 4108 τῆς
2406 4035 2624 4090 αἰωνίου
2653 4031 2945 4092 κολάσεως.

2268 4107 2459 4201 Ἐρώτ.
2498 4123 2605 4179 πθ’.
2647 4120 2980 4192 Ἐτόλμησάν
3007 4133 3153 4179 τινες
3186 4111 3490 4186 μακαρίσαι
3516 4107 3644 4171 τοὺς
3671 4120 3762 4158 τεο

2184 4222 2360 4284 λείους
2385 4220 2683 4290 ἐλεήμονας
2712 4213 2852 4284 ὑπὲρ
2883 4212 3011 4275 τοὺς
3042 4206 3328 4269 ποιοῦντας
3360 4204 3582 4274 σημεῖα.

2272 4397 2461 4451 Ἀπόκ.
2492 4394 2605 4448 Ούκ
2633 4389 2726 4459 ἀφ’
2761 4386 2969 4442 ἑαυτῶν
2999 4384 3098 4456 τὴν
3124 4380 3379 4443 τοιαύτην
3403 4375 3578 4459 ψῆφον
3609 4362 3760 4459 εἰρή-

588 4452 748 4475 ιιιῦθτο
774 4452 893 4474 ιῖυιι
923 4452 952 4472 a
983 4452 1178 4487 δῠιγοιδ
1219 4452 1377 4470 ιυιιυιιι
1412 4452 1462 4485 ..ιι
1477 4452 1684 4470 υιιιινιυ
1729 4452 2069 4468 ῡνιιυνιιυικ-ιιι

524 4512 620 4567 sed
664 4510 909 4582 profecto
951 4509 1237 4563 audierunt
1291 4506 1578 4560 Dominum
1621 4504 1926 4559 dicentem:
1980 4518 1999 4550 ι
2025 4497 2069 4553 lr

2191 4503 2369 4551 κασιν,
2409 4483 2545 4539 ἀλλά
2571 4481 2788 4543 πάντως
2810 4476 2904 4530 τοῦ
2938 4474 3189 4542 Σωτῆρος
3226 4461 3466 4521 εἰπόντος
3490 4452 3759 4508 ἀκούσαν-

2358 4578 2379 4582 “
2558 4575 2613 4582 ’““
2762 4569 2774 4582 ’
2986 4563 2997 4580 '
3025 4576 3192 4582 τίη-α·
3248 4555 3445 4582 -έη-θι·
3508 4548 3586 4582 7w-
3641 4543 3759 4582 ὶνιῆὶ

525 4543 620 4567 πυ
664 4543 909 4582 μιυιυιιιυ
951 4543 1237 4563 αυυιιιιυιιιν
1293 4543 1578 4560 υυιιιυιιιιιι
1621 4543 1926 4559 υιυνιιινω.
1983 4543 1997 4550 ν
2025 4543 2066 4553 --

525 4600 629 4655 hoc
656 4610 984 4671 cognoscent
1032 4612 1221 4652 omnes
1256 4597 1400 4666 quod
1442 4595 1695 4665 discipuli
1745 4593 1851 4647 mei
1894 4590 2069 4653 CSliS,i

2193 4597 2306 4644 τες,
2354 4578 2436 4631 ὅτι
2490 4593 2509 4628 ι
2558 4575 2646 4627 Ἐν
2687 4569 2858 4640 τούτῳ
2900 4563 3197 4636 γνώσονται
3247 4555 3464 4613 πάντες,
3508 4548 3591 4601 ὅτι
3640 4543 3764 4614 ἐμοὶ

2427 4669 2435 4671 ‘
2482 4670 2485 4671 '
2744 4664 2755 4671 ·
2843 4660 2865 4671 ··
3110 4656 3163 4671 οη
3219 4648 3414 4671 ----τ--
3481 4639 3594 4671 1A1”
3625 4656 3643 4671 ι
3678 4637 3760 4671 funi

525 4708 634 4747 non
663 4692 710 4748 si
739 4694 892 4763 signa
911 4690 1209 4753 edideritis,
1240 4690 1333 4745 sed
1368 4705 1387 4739 ι
1407 4688 1454 4743 si
1480 4686 1716 4757 diligatis
1744 4681 2088 4737 invicem‘h

525 4786 752 4842 Constat
796 4794 975 4839 autem
1012 4784 1228 4853 signum
1269 4795 1412 4835 vera:
1459 4778 1741 4833 charitatis
1778 4791 1902 4831 esse
1953 4774 2096 4829 elee-

448 4933 450 4935 ,
527 4890 831 4947 mosynam.
892 4873 1172 4943 Siquidem
1213 4870 1467 4926 Christus
1492 4869 1659 4937 justis
1689 4883 1720 4921 a
1744 4866 1949 4922 dextris
1976 4863 2093 4919 col-

526 4967 720 5022 locatis
749 4981 858 5021 non
885 4966 980 5030 ait,
1014 4982 1032 5014 ‹
1065 4961 1273 5025 Venite,
1313 4959 1585 5016 benedicti
1618 4958 1793 5012 Patris
1817 4956 2096 5024 mei,pos—

531 5056 701 5112 sidete
729 5065 977 5126 paratum
1003 5054 1155 5108 vobis
1184 5066 1464 5122 regnum,»
1500 5049 1626 5118 quia
1655 5048 1808 5117 signa
1834 5054 1888 5102 et
1910 5045 2097 5115 prodi-

532 5148 619 5216 gia
648 5146 873 5210 fecistis,
896 5146 979 5200 vel
1000 5143 1145 5213 quod
1179 5141 1384 5210 aliquid
1415 5139 1561 5192 aliud
1590 5139 1790 5192 bonum
1822 5134 2097 5200 feceritis;

534 5241 629 5296 sed
657 5240 822 5310 «lquia
845 5238 1068 5301 csurivi,
1109 5245 1164 5291 et
1200 5233 1431 5288 dedistis
1459 5232 1591 5285 mihi
1636 5229 1971 5283 manducare
1989 5226 2057 5291 “,
2075 5244 2093 5276 ι

2200 4637 2437 4744 μαύηταί
2474 4670 2620 4729 ὲστε,
2654 4684 2673 4715 ›
2706 4664 2805 4733 ούχ
2832 4637 2932 4714 ⁷ἵνα
2967 4656 3168 4728 σημεῖα
3214 4648 3439 4705 ποιεῖτε,
3480 4639 3594 4744 ἀλλ’
3625 4656 3643 4689 ι
3678 4637 3764 4689 ἵνα

2194 4730 2443 4832 ἀγαπᾶτε
2476 4730 2810 4828 ἀλλήλουςίι
2862 4749 3098 4819 Εὔδηλον
3132 4744 3190 4796 δὲ
3245 4741 3326 4793 ὅτι
3374 4734 3439 4832 το
3479 4730 3768 4832 γνώρισμα

2197 4820 2296 4925 τ’ίις
2334 4851 2568 4923 ἀληθοῦς
2598 4820 2830 4917 ’ἀγάπης
2867 4845 2902 4915 ἡ
2951 4833 3286 4925 ἐλεημοσύνη
3325 4826 3459 4925 εστί.
3505 4823 3618 4925 Kal.
3637 4820 3769 4925 γγᾶιρ

2203 4905 2406 5015 στησας
2425 4905 2501 4995 ’ἐκ
2522 4905 2710 5002 δεξιῶν
2733 4937 2762 4987 ὁ
2785 4905 3024 5005 irit-6:6;
3044 4905 3168 4987 τοὺς
3195 4918 3456 4978 δικαίους,
3483 4912 3584 4966 οὐκ
3610 4905 3732 4962 εἷπε
3752 4921 3769 4937 ο

2210 5056 2229 5088 ι
2270 5002 2454 5099 Ᾰεῦτε,
2500 5033 2550 5084 οἱ
2593 5002 2944 5097 εὐλογημένοι
2975 5019 3071 5073 τοῦ
3117 5011 3331 5083 Πατρός
3368 5022 3490 5078 μου,
3517 5002 3775 5099 κληρονο-

2208 5130 2417 5200 μήσατε
2442 5095 2547 5194 ’τὴν
2573 5095 2981 5191 ἡτοιμασμένην
3027 5110 3157 5180 ὑμῖν
3191 5099 3485 5200 βασιλείαν,
3518 5114 3537 5148 ι
3568 5095 3652 5148 ὅτι
3682 5108 3779 5200 ση-

2207 5184 2335 5291 μεῖα
2388 5184 2741 5284 καίτέρατα
2796 5184 3110 5275 ἐποιήσατε,
3155 5196 3277 5250 οὐδὲ
3306 5190 3432 5248 ἄλλο
3477 5205 3531 5241 τι
3579 5184 3779 5255 ἀγαθὸν

535 5280 629 5296 σν..
658 5280 822 5310 ηιμ...
846 5280 1068 5301 ν........,
1111 5280 1163 5291 ν-
1202 5280 1429 5288 “ww---
2045 5280 2056 5291 ,

534 5337 640 5383 etc.
700 5329 960 5384 Similiter
1001 5342 1126 5382 cum
1178 5325 1322 5390 illos,
1348 5324 1441 5392 qui
1500 5328 1645 5376 stant
1676 5335 1707 5374 a
1752 5317 2015 5381 sinistris,
2044 5315 2069 5368 ἰ]

2204 5280 2493 5380 ἐποιήσατε
2517 5324 2531 5338 ·
2556 5280 2669 5358 ἀλλ’
2700 5303 2782 5356 ὅτι
2809 5319 2828 5351 ι
2858 5297 3138 5357 ὲπείνασα,
3173 5289 3267 5343 καὶ
3294 5280 3527 5339 ἐδώκατέ
3559 5296 3650 5350 μοι
3675 5293 3780 5383 φα-

540 5422 789 5479 tenebras
820 5429 1054 5477 aeternas
1092 5416 1278 5481 mittit,
1329 5411 1839 5468 immisericordiam
1886 5416 1943 5462 et
1981 5405 2102 5459 ani-

2204 5366 2359 5471 yei'v;
2387 5419 2406 5452 ι
2443 5398 2539 5453 καὶ
2560 5394 2631 5449 τὰ
2658 5393 2805 5465 ἑξῆς.
2842 5387 3113 5449 Ὡσαύτως
3134 5382 3192 5436 δὲ
3217 5379 3311 5435 καὶ
3334 5376 3459 5439 τοὺς
3495 5372 3557 5438 ἐξ
3580 5366 3784 5425 εὐωνύ-

605 5581 648 5611 δί
687 5576 821 5632 Luc.
852 5592 980 5640 xvi,
1019 5576 1072 5628 9.
1169 5576 1213 5606 ι’
1254 5574 1384 5626 Dan.
1431 5586 1505 5632 IV,
1539 5568 1653 5638 24.]
1723 5567 1769 5597 ⁸³
1808 5562 1979 5618 Eccli.
2022 5576 2125 5626 ιιι,
2172 5558 2265 5618 55.
2343 5556 2389 5589 ιι
2425 5554 2576 5612 Psal.
2611 5566 2713 5616 xu,
2747 5548 2803 5604 2.
2882 5547 2926 5580 ⁸⁵
2963 5542 3125 5600 Joan.
3166 5553 3298 5603 xm,
3339 5533 3428 5590 35.
3507 5530 3553 5563 “
3593 5522 3784 5583 Matth.

538 5661 663 5713 Iw,
698 5650 766 5703 54
786 5688 800 5712 ,
835 5646 921 5701 '55.

613 5801 722 5871 (29)
767 5798 1008 5863 Ἢδονάς,
1036 5797 1257 5869 Βεε.ξ2.
1293 5794 1455 5862 Editi,
1491 5792 1645 5854 ἰδίας.
