4088 6382
271 425 355 482 6'03
1195 428 1659 497 QUESTIONES
1694 431 1787 485 AD

1923 428 2234 489 noenum
2274 421 2544 491 nUCEM.‘

3252 440 3277 473 ί
3389 438 3496 494 85‘

272 562 370 617 μων
399 544 703 616 ἐκπέμπων
722 546 803 610 ε’ίς
826 545 886 598 τ’)
910 508 1099 610 σκότος
1126 548 1187 599 τδ
1214 548 1450 615 αἰώνιον,
1485 550 1585 620 τὴν
1614 549 1818 620 άνελεη·

1931 550 2004 603 ιιιὶ
2034 550 2291 605 duritiem
2339 551 2648 621 exprobrat.
2698 548 2831 603 Nam
2881 551 3035 621 signa
3081 550 3261 617 edere,
3324 552 3494 606 solius

271 635 490 708 μοσύνην
519 639 618 692 καὶ
637 636 735 709 τὴν
764 637 1138 709 ἄσπλαγχνίαν
1161 639 1342 693 αὐτῶν
1371 641 1677 693 ἐνεκάλεσε.
1711 642 1824 694 Καὶ

268 725 358 798 γὰρ
389 727 450 780 τὸ
476 727 703 797 ποιῆσαι
731 728 942 797 σημεῖα
973 727 1074 795 τῆς
1096 726 1190 779 τοῦ
1216 726 1351 780 Θεοῦ
1383 729 1474 781 καὶ
1510 728 1676 799 μόνης
1706 730 1823 781 ἐστὶ

266 818 529 889 δυνάμεως
547 835 564 850 ο
582 818 644 871 τὸ
663 818 719 872 δὲ
740 818 960 889 ἀγάπην
982 818 1078 871 καὶ
1103 818 1442 889 συμπάθειαν
1471 820 1550 883 εἰς
1572 818 1662 872 τὸν
1687 820 1826 891 πλη-

269 912 366 965 σίον
397 911 756 978 ἐνδείξασθαι,
796 910 1062 982 πρόδηλον
1110 910 1191 963 ὅτι
1232 911 1324 964 καὶ
1365 912 1465 981 τῆς
1492 910 1584 963 τοῦ
1616 910 1824 983 ἀνθρώ-

268 1021 355 1057 που
382 1004 501 1057 ἐστὶ
531 1002 922 1075 προαιρέσεως.
958 1003 1222 1055 ’Ἄκουσον
1260 1001 1316 1054 δὲ
1350 1003 1444 1055 καί
1477 1002 1822 1074 τρανωτέρας

265 1095 509 1168 περὶτῶν
534 1094 603 1148 τά
633 1098 833 1165 σημεῖα
863 1092 1155 1148 ποιούντων
1175 1093 1268 1147 καὶ
1300 1092 1665 1163 ἐλεημοσύνας
1693 1112 1827 1166 μαρ-

262 1187 437 1259 τυρίας
479 1187 575 1241 καὶ
599 1186 805 1258 ψήφου⁶
841 1207 861 1239 ι
900 1185 1047 1251 Ἐάν,
1084 1206 1102 1237 ι
1141 1186 1305 1255 φησὶν
1336 1188 1364 1239 6
1390 1185 1619 1249 Παῦλος,
1655 1205 1673 1237 ι
1705 1190 1824 1251 ταῖς

264 1276 519 1347 γλώσσαις
544 1276 653 1329 τῶν
673 1277 770 1330 ἀνθ
779 1275 975 1348 ρώπων
1001 1276 1146 1329 λαλῶ
1173 1277 1268 1329 καὶ⁵
1295 1275 1402 1330 τῶν
1427 1276 1696 1345 ἀγγέλων,
1727 1279 1820 1332 καὶ

264 1370 346 1443 ἐὰν
386 1369 494 1440 ἔχω
528 1371 709 1423 πᾶσαν
740 1369 837 1441 τὴν
877 1370 1081 1432 πίστιν,
1111 1366 1253 1421 ὥστε
1297 1368 1398 1441 δρη
1444 1368 1782 1439 μεθιστάνειν
1804 1388 1816 1398 θ

262 1456 351 1513 κᾶν
376 1458 605 1531 παραδῶ
635 1459 696 1512 τὸ
726 1458 884 1530 σῶμά
909 1474 1031 1529 μου,
1065 1459 1153 1512 ἴνα
1184 1458 1566 1529 καυθὴσωμαι,
1600 1459 1819 1529 ἀγάπην

259 1551 311 1605 δὲ
337 1551 409 1623 μὴ
450 1550 580 1622 ἔχω,
614 1550 766 1605 οὐδὲν
812 1550 1147 1622 ὠφελοῦμαι.
1188 1571 1208 1603 ι
1256 1551 1368 1604 Καὶ
1411 1550 1573 1604 πάλιν
1617 1551 1820 1624 Κύριός

1927 642 2125 697 divinae
2149 652 2234 698 est
2265 642 2585 713 potestatis;
2622 653 2677 697 at
2728 645 3048 699 charitatem
3094 653 3149 699 et
3201 646 3495 699 commise-

1929 735 2192 788 rationem
2222 750 2349 805 erga
2374 736 2683 805 proximum
2709 735 2988 802 exhibere,
3017 736 3265 805 profecto
3302 736 3498 789 huma-

1931 838 2012 878 nae
2040 833 2123 879 est
2150 826 2468 881 voluntatis.
2527 828 2668 881 Audi
2695 842 2859 898 porro
2888 827 3222 883 luculentius
3259 818 3531 882 testimo-Y

1931 915 2082 969 nium
2111 916 2178 972 de
2202 918 2270 974 iis
2302 919 2394 989 qui
2424 920 2688 974 miracula
2740 926 2795 974 et
2834 920 3208 991 eleemosynas
3250 919 3457 974 faciunt
3480 916 3529 974 τ’

1934 1028 1953 1058 ι
1978 1006 2057 1071 Si,
2091 1028 2109 1059 ι
2152 1009 2328 1079 inquit
2355 1008 2579 1076 Paulus,
2619 1012 2857 1082 «linguis
2886 1012 3167 1067 hominum
3208 1012 3403 1082 loquar
3441 1019 3497 1066 et

1930 1101 2283 1171 angelorum:
2341 1110 2396 1158 et
2446 1104 2493 1157 si
2546 1104 2786 1158 habuero
2829 1118 3043 1157 omnem
3092 1104 3277 1165 tidem,
3332 1105 3406 1156 ita
3435 1112 3498 1155 ut

1931 1202 2145 1249 montes
2172 1194 2534 1250 transferam:
2579 1204 2636 1250 et
2669 1197 2714 1251 si
2756 1195 3035 1250 tradidero
3078 1210 3278 1265 corpus
3315 1210 3497 1249 meum

1927 1282 2003 1335 ita
2030 1291 2090 1337 ιιι
2112 1283 2354 1348 ardeam,
2383 1284 2704 1339 charitatem
2736 1295 2913 1339 autem
2940 1286 3325 1350 nonhabuero,
3359 1286 3497 1340 nilnl

1926 1371 2060 1426 mihi
2082 1372 2304 1443 prodest
2320 1372 2418 1427 ".o
2450 1371 2713 1429 Dominus
2728 1375 2888 1444 237
2910 1377 3038 1430 item
3073 1376 3179 1429 ait:
3208 1394 3226 1425 ι
3250 1374 3492 1437 Εεῑοιε.»

1926 1478 2036 1518 non
2066 1465 2222 1535 signa
2273 1464 2560 1526 facientes.
2607 1467 2703 1521 sed
2739 1463 3213 1528 «misericordes.»
3263 1477 3318 1522 et
3345 1467 3498 1534 boni,

1932 1574 1950 1605 ι
1972 1556 2119 1610 sicut
2144 1556 2309 1613 Pater
2330 1566 2531 1622 vester,
2567 1559 2660 1626 qui
2686 1560 2741 1613 in
2766 1559 2920 1614 curiis
2942 1559 3103 1613 est“.
3119 1578 3138 1610 ι

261 1662 405 1718 φηςι·
449 1664 470 1698 ι
510 1645 731 1700 Γίνεσθε
760 1664 781 1698 ι
821 1646 943 1716 οὐχὶ
983 1645 1355 1717 σημειοφόροι,
1391 1644 1504 1699 ἀλλ’
1544 1664 1563 1696 ι
1590 1646 1955 1719 οίκτίρμονες,
1990 1669 2009 1701 ι
2045 1651 2142 1705 καὶ
2166 1651 2382 1721 ἀγαθοὶ,
2424 1673 2442 1703 ι
2488 1653 2564 1716 ὡς
2591 1655 2619 1706 6
2649 1653 2838 1725 Πατὴρ
2875 1652 3030 1724 ὑμῶν
3077 1653 3106 1705 6
3164 1655 3222 1706 ὲν
3251 1654 3364 1715 τοῖς
3407 1649 3501 1705 σὺ-

261 1744 448 1814 ρανοῖς.
484 1760 505 1795 ι

329 1830 516 1905 Ἐρώτ.
561 1838 632 1903 ιζ.
686 1835 860 1889 Πόσον
913 1836 1077 1907 μέρος
1127 1835 1238 1889 τῶν
1287 1838 1479 1890 ἑαυτοῦ
1525 1838 1818 1910 χρημάτων

1993 1838 2210 1906 ρυλεετ.
2277 1838 2390 1897 XC.
2450 1837 2680 1906 Quotam
2743 1849 2949 1911 partem
3006 1839 3277 1894 bonorum
3344 1839 3502 1910 jubet

259 1925 554 1980 ἀπαιτεῖται
583 1927 693 1991 πᾶς
731 1927 1015 2000 ἄνθρωπος
1048 1928 1200 2000 παρὰ
1230 1928 1364 1982 Θεοῦ
1406 1928 1589 1984 δοῦναι
1622 1932 1701 1993 είς
1726 1930 1817 1982 εύ-

258 2015 457 2082 statim;

330 2108 518 2162 Ἀπόκ.
553 2110 629 2164 Οὐ
671 2112 864 2165 σκοπεῖ
896 2111 924 2163 6
955 2110 1087 2174 Θεὸς
1122 2110 1192 2164 τά
1237 2111 1523 2183 διδόμενα,
1575 2113 1710 2167 ἀλλὰ
1750 2112 1820 2166 τά

256 2200 579 2272 ἀποκείμενα
618 2203 727 2257 τῶν
760 2202 1059 2275 ἀνθρώπων
1093 2204 1225 2274 (50).
1278 2205 1542 2273 Λέγοντος
1592 2201 1685 2259 οῦν
1719 2204 1815 2259 τοῦ

266 2292 608 2357 Ἀποστόλου,
643 2295 726 2347 ὅτι
755 2293 828 2347 T6
857 2294 1009 2366 ὑμῶν
1042 2296 1382 2366 περίσσευμα
1409 2296 1617 2367 δοθήτω
1650 2300 1728 2361 είς
1758 2298 1819 2351 τὺ

254 2384 352 2438 τῶν
397 2387 632 2459 πτωχῶν
700 2387 1019 2459 ὑστέρημα·
1069 2387 1291 2459 εὔδηλον
1340 2388 1422 2441 ὅτι
1479 2391 1579 2443 ὅσα
1634 2390 1819 2444 ἐνθάδε

253 2475 606 2549 ἀποθήσωμεν
652 2479 795 2550 ὑπὲρ
830 2479 930 2548 τὴν
961 2478 1240 2550 ἡμετέραν
1269 2476 1474 2549 βρῶσιν
1512 2482 1607 2536 καὶ
1639 2483 1817 2546 πόσιν,

252 2568 339 2622 καὶ
376 2568 614 2634 ἔνδυσιν,
645 2574 827 2641 κρῖμα
859 2571 998 2643 ὑπὲρ
1030 2571 1212 2625 αὐτῶν
1259 2571 1486 2644 δύσομεν
1533 2574 1590 2625 ὲν
1638 2574 1819 2647 ἡμέρᾳ

253 2660 511 2730 κρίσεως,
552 2662 796 2715 τοιοῦτον
834 2663 1030 2733 κρῖμα,
1088 2659 1199 2716 οἷον
1229 2665 1279 2717 ot
1324 2664 1634 2736 ἀνδροφόνοι
1682 2682 1822 2738 παρ-

250 2753 445 2824 έχουσιο
464 2755 599 2809 διότι
628 2756 815 2810 ἐνθάδε
842 2756 1066 2820 πολλοὺς
1092 2757 1157 2810 ὲκ
1180 2756 1407 2811 θανάτου
1436 2757 1523 2811 διὰ
1544 2757 1649 2810 τῶν
1686 2762 1822 2829 ἡμε-

250 2845 413 2917 τέρων
448 2849 751 2919 χρημάτων
792 2847 1076 2919 δυνάμενοι
1125 2846 1318 2912 σῶσαι,
1367 2849 1468 2901 οὑκ
1513 2848 1817 2919 ὲσώσαμεν,

249 2932 376 2991 ἀλλὰ
408 2939 762 3010 παρείδομεν.

324 3029 516 3101 Ἐρώτ.
562 3034 670 3097 ῑιακ
720 3031 786 3083 At
835 3031 915 3093 είς
980 3032 1227 3102 πτωχοὺς
1278 3031 1818 3104 καταλ.μπσνὸμεναι

247 3119 345 3173 ὑπὸ
368 3121 478 3174 τῶν
502 3120 945 3191 τελευτησάντων
977 3120 1336 3192 ἐλεημοσύναι
1366 3122 1418 3175 τί
1445 3122 1721 3190 λέγονται;

1922 1929 2066 1986 Deus
2096 1932 2371 1988 hominem
2403 1933 2457 1985 in
2481 1932 2890 1987 beneﬁcentiam
2919 1930 3232 1986 insumere?

1987 2112 2152 2170 Rssr.
2180 2111 2299 2168 Non
2341 2121 2551 2184 spectat
2586 2112 2727 2168 Deus
2770 2126 2891 2181 qua:
2936 2111 3169 2175 dantur,
3230 2111 3326 2168 sed
3377 2126 3501 2183 qua

1916 2206 2164 2261 homines
2194 2206 2392 2260 habent
2437 2206 2735 2261 recondita.
2765 2203 2901 2258 Cum
2940 2204 3123 2274 itaque
3148 2204 3225 2258 ait
3252 2203 3497 2275 Aposto-

1918 2298 2024 2362 lus,‘
2063 2296 2257 2354 Vestra
2293 2297 2622 2351 abundantia
2657 2297 2816 2351 detur
2864 2295 2931 2350 ad
2961 2295 3326 2366 supplendum
3377 2295 3499 2350 ino-

1918 2390 2062 2458 piam
2094 2401 2391 2459 pauperum
2414 2385 2500 2453 δ’,
2539 2385 2887 2455 perspicuum
2919 2394 3002 2439 est
3035 2400 3137 2440 nos
3158 2425 3173 2448 ,
3226 2384 3497 2455 quidquid

1916 2481 2375 2537 reservaverimus
2411 2478 2552 2534 ultra
2600 2478 2804 2531 victum
2826 2515 2841 2539 ,
2877 2488 3063 2545 potum
3106 2484 3162 2530 et
3200 2477 3494 2540 vestitum,

1914 2574 2180 2643 judicium
2213 2573 2298 2627 his
2318 2572 2385 2627 de
2414 2570 2577 2625 rebus
2606 2570 2664 2623 in
2694 2569 2782 2623 die
2811 2568 3005 2639 judicii
3033 2566 3335 2630 subituros,
3367 2567 3495 2629 tale,

1918 2667 2078 2736 quale
2104 2663 2390 2719 homicida:
2422 2672 2551 2718 sunt
2594 2661 2867 2728 subituri;
2899 2660 3099 2730 quippe
3128 2657 3224 2729 qui
3249 2672 3376 2713 cum
3407 2658 3498 2712 hic

1919 2758 2120 2812 multos
2141 2773 2202 2811 ex
2246 2763 2420 2810 morte
2450 2754 2653 2809 nostris
2683 2754 2842 2808 bonis
2879 2753 3215 2822 potuerimus
3247 2764 3493 2814 servare,

1919 2865 2029 2904 non
2060 2860 2238 2904 tamen
2266 2849 2683 2911 servaverimus,
2716 2847 2811 2901 sed
2844 2846 3275 2916 despexerimus.

1990 3022 2211 3091 Quasr.
2239 3021 2376 3078 XCI.
2406 3022 2546 3089 Quid
2575 3021 2865 3078 dicendum
2896 3029 2981 3077 est
3031 3021 3100 3077 de
3125 3023 3492 3095 eleemosynis

1920 3132 2059 3187 quas
2087 3116 2330 3171 defuncti
2360 3117 2693 3186 pauperibus
2729 3115 3075 3185 relinquunt?

321 3211 511 3265 ’Δπόκ.
545 3210 757 3285 Νεκραὶ
791 3212 992 3268 θυσίαι.
1040 3214 1230 3283 Ὅμως
1257 3212 1351 3267 ἐὰν
1377 3215 1470 3266 καὶ
1498 3216 1554 3266 ἐν
1583 3217 1649 3285 τῇ
1695 3214 1805 3284 ζωῇ

1983 3207 2145 3264 Rssr.
2179 3207 2387 3262 Mortua
2414 3208 2846 3263 suntsacrillcia.
2877 3206 3132 3263 Attamen
3166 3208 3214 3264 si
3248 3208 3338 3264 ille
3364 3209 3494 3264 dum

246 3302 403 3358 αὐτοῦ
432 3306 683 3377 ἐλεήμων
706 3301 773 3376 ἦν
802 3308 830 3358 6
849 3305 1108 3369 τοιοῦτος,
1136 3304 1321 3359 δεκταί
1350 3305 1460 3375 (Si)
1490 3308 1593 3359 εἰσι
1627 3324 1698 3359 γα
1753 3306 1810 3359 ὲν

247 3396 317 3469 τῷ
345 3397 563 3468 θανάτῳ
595 3397 761 3451 αὐτοῦ
790 3397 1026 3451 εὐποιίαι
1061 3396 1208 3469 παρὰ
1229 3397 1307 3469 τῷ
1336 3389 1474 3469 Θεῷ.

321 3489 517 3562 νεράη.
557 3488 664 3560 asa
704 3489 828 3543 Ἐάν
861 3506 965 3554 τις.
994 3490 1053 3543 έν
1078 3490 1375 3561 ἁμαρτίαις
1402 3489 1813 3560 καταγηράσαςν

248 3580 379 3651 μήτε
405 3579 703 3650 νηστεῦσαι
730 3579 973 3642 δύναται,
1013 3580 1150 3650 μήτε
1188 3579 1550 3649 χαμευνῆσαι,
1586 3576 1619 3648 ἢ
1650 3578 1818 3648 ἀγρυ-

247 3674 464 3743 πνῆσαι,
495 3672 529 3741 ἦ
559 3670 727 3740 ἄλλην
751 3669 872 3724 τινὰ
905 3670 1134 3742 ἄσκησιν
1165 3669 1405 3740 ποιῆσαι,
1440 3670 1573 3739 μήτε
1604 3668 1819 3739 χρημά-

244 3775 344 3812 των
394 3760 622 3831 εὐπορεῖ
657 3760 795 3831 πρὸς
838 3760 1092 3823 διάδοσιν,
1138 3760 1276 3831 μήτε
1316 3758 1412 3811 τοῦ
1468 3758 1585 3828 βίου
1642 3760 1815 3829 ἰσχύει

245 3850 648 3917 ἀποτάξασθαι,
697 3853 837 3923 ποίῳ
888 3852 997 3924 ἄρα
1047 3853 1232 3925 τρόπῳ
1279 3850 1462 3904 λοιπὸν
1501 3853 1528 3904 6
1578 3852 1815 3914 τοιοῦτος

247 3940 482 4011 σωθῆναι
519 3942 811 4013 δυνήσεται
830 3959 847 4005 ;

323 4031 514 4085 ’Δπόκ.
542 4031 655 4102 οἴῳ
682 4031 868 4101 τρόπῳ
898 4029 1075 4100 ἐσώθη
1102 4032 1131 4084 6
1154 4028 1411 4102 τελώνης,
1446 4030 1585 4084 κατὰ
1613 4031 1704 4085 τὸν
1742 4032 1818 4083 εί-

246 4122 412 4177 πόντα
454 4123 746 4194 προφήτην
792 4121 899 4192 (32)
925 4138 938 4150 ο
987 4140 1005 4171 ι
1068 4121 1480 4194 Ἐταπεινώθην,
1519 4123 1613 4176 καὶ
1645 4122 1815 4175 ἐσωσὲ

250 4229 309 4277 με
339 4215 367 4266 6
400 4214 627 4283 Κύριος.
663 4231 684 4264 ι
720 4214 931 4281 ’Ὥσπερ
961 4211 1069 4283 γὰρ
1095 4214 1127 4279 ὴ
1161 4212 1493 4283 ἀναίμακτος
1520 4214 1699 4276 θυσία,
1726 4214 1819 4266 καὶ

247 4301 281 4369 ἡ
328 4306 663 4378 ὲὶεημοσύνη
719 4307 800 4369 είς
846 4306 1036 4373 ἄφεσιν
1079 4306 1360 4376 ἁμαρτιῶν
1392 4307 1549 4377 ἡμῶν
1581 4306 1818 4379 προσφέ-

250 4407 428 4462 ρονται
476 4397 551 4463 τῷ
606 4396 744 4467 Θεῷο
803 4395 944 4449 οὕτω
985 4397 1078 4449 καὶ
1126 4397 1158 4466 ἡ
1207 4396 1670 4469 ταπεινοφροσύνῃ
1721 4396 1821 4465 τῆς

243 4485 487 4556 καρδίας.
521 4504 538 4535 ι
572 4484 744 4537 Θυσία
763 4488 892 4554 γὰρ,
923 4507 939 4538 ι
973 4489 1127 4558 φησὶ,
1155 4507 1171 4537 ι
1201 4488 1277 4558 τῷ
1306 4490 1422 4560 Θεῴ
1448 4490 1661 4559 πνεῦμα
1695 4504 1820 4540 συν-

1916 3302 2143 3367 viveret,
2174 3303 2535 3372 eleemosynae
2571 3302 2789 3357 deditus
2818 3310 2959 3368 erat,
2986 3302 3100 3356 base
3143 3302 3264 3372 ejus
3296 3303 3498 3357 libera-

1917 3392 2043 3447 litas
2066 3392 2120 3445 in
2149 3399 2326 3445 morte
2352 3400 2574 3460 accepta
2615 3389 2726 3444 Deo
2753 3396 2859 3445 est.

1987 3482 2208 3548 Quem.
2240 3479 2399 3535 XCII.
2430 3479 2491 3533 Si
2520 3481 2644 3549 quis
2673 3481 2727 3534 in
2762 3479 3001 3549 peccatis
3028 3481 3350 3545 consenuit,
3392 3493 3497 3536 nec

1918 3583 2099 3645 potest
2141 3573 2411 3643 jejunare,
2443 3588 2540 3625 nec
2571 3570 2721 3625 humi
2747 3570 2970 3635 cubare,
3000 3580 3094 3624 aut
3134 3573 3383 3641 vigilare,
3410 3574 3496 3626 vel

1918 3668 2153 3736 aliquem
2187 3665 2499 3734 hujusmodi
2532 3665 2771 3718 laborem
2798 3679 3071 3729 exercere,
3101 3679 3201 3718 nec
3242 3665 3494 3733 pecuniis

1918 3775 2055 3829 quas
2084 3758 2373 3812 distribuat
2403 3756 2663 3819 abundet,
2691 3770 2792 3810 nec
2822 3755 3023 3809 saeuio
3042 3763 3209 3824 queat
3236 3755 3493 3807 nuntium

1920 3850 2214 3913 remittere,
2242 3861 2500 3916 quonam,
2522 3861 2743 3916 quaaso,
2782 3846 2945 3900 modo
2967 3885 2983 3910 ,
3032 3844 3123 3899 ille
3152 3850 3336 3914 potest
3378 3845 3492 3899 sal-

1920 3941 2074 3994 vari?

1990 4033 2152 4087 Rssr.
2215 4031 2293 4086 Eo
2348 4032 2512 4086 modo
2539 4044 2648 4101 quo
2687 4028 3010 4100 publicanus
3041 4027 3286 4082 salvatus
3316 4032 3400 4082 est
3436 4033 3490 4080 et

1915 4125 2070 4194 juxta
2120 4124 2437 4194 pr0phetam
2494 4122 2768 4176 aientem:
2816 4138 2835 4170 ι
2874 4118 3202 4172 Humiliatus
3257 4131 3378 4171 sum
3428 4126 3485 4170 et

1922 4219 2150 4271 salvavit
2200 4233 2285 4271 me
2348 4215 2610 4270 Dominus
2643 4214 2710 4267 '°.
2750 4232 2768 4264 ι
2823 4208 3291 4278 Quemadmodum
3344 4208 3492 4262 enim

1922 4312 2267 4365 incruentum
2299 4308 2627 4365 sacriﬁcium
2661 4309 3003 4376 eleemosyna
3036 4302 3147 4357 Deo
3178 4300 3403 4378 oﬁ‘ertur
3434 4301 3493 4352 in

1922 4403 2298 4457 remissionem
2332 4410 2677 4471 peccatorum
2699 4403 3011 4452 nostrorum
3037 4414 3051 4448 :
3085 4395 3157 4447 ita
3187 4401 3241 4448 et
3269 4391 3493 4446 humili-

1924 4502 2009 4551 tas
2038 4494 2220 4548 cordis
2251 4514 2263 4548 :
2302 4512 2320 4543 ι
2361 4490 2700 4545 Sacr-ilicium
2745 4489 2913 4552 enim,
2946 4487 3142 4557 inquit,
3173 4484 3281 4539 Deo
3331 4482 3494 4552 spiri-

242 4578 605 4649 τετριμμένον
626 4594 640 4607 ·
679 4578 906 4649 καρδίαν
950 4582 1410 4653 συντετριμμένην
1443 4584 1534 4635 καὶ
1567 4597 1817 4634 τεταπει-

1924 4598 2011 4642 tus
2067 4584 2503 4642 contribulatus:
2558 4597 2654 4635 cor
2705 4581 2998 4635 contritum
3046 4586 3101 4631 et
3149 4576 3491 4628 humiliatum

241 4669 488 4738 νωμένην
538 4670 567 4720 6
613 4668 746 4731 Θεὸς
784 4671 886 4722 οὐκ
944 4672 1303 4738 ὲξουδενώσει.
1370 4695 1388 4726 ι
1446 4673 1555 4728 Καὶ
1619 4673 1812 4726 πάλιν·

248 4775 268 4809 ι
311 4761 512 4829 Ἐγγύς
545 4760 751 4831 Κύριος
806 4765 917 4824 τοῖς
957 4768 1433 4836 συντετριμμένοις
1479 4768 1546 4836 τῇ
1595 4765 1813 4835 καρδίᾳ,

247 4851 484 4916 καὶτοὺς
513 4853 803 4914 ταπεινοὺς
827 4853 905 4923 τῷ
934 4855 1203 4926 πνεύματι
1232 4856 1415 4910 σώσει.
1453 4876 1472 4908 ι
1498 4858 1607 4909 Καὶ
1633 4855 1815 4920 πάλιν,

247 4939 429 5013 ὥσπερ
459 4941 857 5014 μακαρίζονται
880 4943 929 4994 οἱ
954 4943 1258 5015 ἐλεήμονες,
1292 4947 1388 5000 καὶ
1408 4948 1457 4999 οἱ
1488 4946 1719 5017 καθαροὶ
1750 4947 1818 5015 τῇ

206 5074 211 5079 .
244 5035 465 5105 καρδίᾳ’
511 5035 654 5088 οὕτω
688 5034 1082 5105 μακαρίζονται
1109 5024 1218 5106 πρὸ
1260 5038 1474 5091 πάντων
1513 5039 1562 5089 οἱ
1612 5036 1819 5105 πτωχοὶ

246 5127 320 5196 τῷ
353 5129 649 5199 πνεύματι,
680 5147 699 5179 ι
744 5129 829 5181 ὅτι
882 5128 1061 5181 αὐτῶν
1124 5132 1270 5183 ἐστιν
1330 5134 1363 5202 ἡ
1432 5131 1676 5201 βασιλεία
1709 5128 1818 5182 τῶν

241 5220 502 5292 οὐρανῶν.
527 5241 545 5271 ι
563 5219 786 5289 Ταύτην
812 5215 905 5271 οὖν
931 5220 1028 5289 τὴν
1053 5220 1172 5273 ὁδὸν
1194 5221 1294 5290 τῆς
1328 5222 1597 5293 σωτηρίας
1627 5221 1815 5290 πένης,

245 5311 337 5363 καὶ
382 5311 638 5382 ἀσθενὴς,
692 5308 792 5363 καὶ
836 5308 1034 5380 γέρων,
1078 5311 1171 5364 καὶ
1208 5310 1421 5383 ἰδιώτης
1468 5311 1682 5365 ὁδεῦσαι
1723 5312 1819 5363 καὶ

244 5402 582 5475 κατορθῶσαι
609 5400 861 5454 δύναται.

1926 4678 2069 4732 Deus
2118 4692 2228 4731 non
2278 4675 2542 4743 despiciet
2584 4673 2651 4725 ⁸¹.
2696 4670 2727 4722 ἰ
2772 4670 2837 4723 Et
2870 4684 3065 4724 rursus
3098 4687 3111 4722 :
3148 4685 3167 4717 ι
3200 4665 3363 4720 Juxta
3409 4670 3496 4718 est

1925 4770 2189 4825 Dominus
2218 4769 2283 4823 iis
2316 4768 2409 4837 qui
2457 4765 2715 4820 tribulato
2743 4770 2874 4818 sunt
2902 4761 3066 4815 corde
3090 4800 3105 4824 ,
3167 4766 3223 4812 et
3255 4755 3495 4811 humiles

1926 4862 2122 4930 spiritu
2145 4858 2462 4913 salvabit”.
2495 4876 2514 4907 ι
2549 4855 2614 4909 Ει
2639 4857 2834 4908 iterum
2862 4848 3321 4921 quemadmodum
3350 4847 3493 4900 beati

1928 4953 2298 5023 praedicantur
2328 4947 2713 5002 misericordes
2738 4951 2793 4997 et
2824 4942 3015 4997 mundi
3065 4939 3251 5025 corde,
3280 4939 3354 4992 ita
3382 4950 3495 5005 pne

1926 5044 2137 5099 caeteris
2158 5042 2299 5095 beati
2339 5042 2705 5108 praedicantur
2740 5050 3007 5105 pauperes
3057 5032 3271 5100 spiritu,
3310 5048 3328 5079 ι
3364 5027 3495 5097 quia

1928 5137 2171 5203 ipsorum
2204 5139 2290 5185 est
2333 5145 2555 5198 regnum
2590 5128 2854 5181 caalorum
2883 5125 2949 5177 ⁵³.
2984 5142 3003 5174 ι
3038 5120 3189 5175 Hanc
3212 5119 3378 5187 igitur
3408 5130 3496 5169 sa-

1928 5224 2057 5277 Lutis
2083 5221 2227 5273 viam
2264 5219 2401 5272 inire
2428 5227 2481 5273 et
2507 5216 2755 5286 persequi
2780 5219 3011 5284 possunt
3055 5223 3297 5279 pauper,
3339 5203 3496 5257 inﬁr-

1928 5332 2071 5381 mus,
2102 5328 2266 5369 senex
2314 5320 2369 5366 et.
2400 5311 2585 5364 idiota.

310 5555 355 5589 "
391 5557 567 5615 lCor.
604 5571 735 5622 xm,
768 5555 886 5608 1—5.
960 5555 1006 5588 ⁸⁵⁸
1044 5554 1178 5612 an.
1221 5573 1298 5622 vt,
1334 5558 1421 5613 56.
1498 5558 1542 5590 ’δ’
1582 5554 1623 5611 Il
1657 5558 1784 5613 Cor.

1923 5571 1957 5623 ι,
2004 5554 2093 5609 14.
2167 5550 2215 5583 ⁸⁵
2253 5549 2397 5605 Psal.
2431 5562 2575 5611 cxtv,
2612 5548 2664 5601 6.
2740 5542 2783 5577 ³¹
2824 5539 2969 5595 Psal.
3004 5553 3066 5599 L,
3103 5536 3191 5591 19.
3268 5535 3313 5567 ι’
3349 5530 3500 5590 P531.

239 5639 442 5692 xxxm,
479 5630 567 5685 19.
659 5627 710 5660 ⁸³
745 5624 940 5678 Matth.
977 5643 1029 5692 v,

304 5783 419 5924 ξω)
449 5786 587 5859 Reg.
610 5786 670 5849 ‘2,
700 5781 783 5853 τῷ
814 5780 1105 5853 ἀνθρώπῳ.

331 5856 425 5924 51)
454 5859 585 5924 Reg.
620 5858 680 5924 2,
712 5851 918 5908 δεκτοί.

331 5856 425 5927 51)
454 5851 585 5929 “ei.
620 5858 680 5925 2,
712 5851 918 5908 δεκτοί.

2004 5769 2115 5843 (⁸52)
2154 5771 2229 5825 Ita
2259 5772 2371 5841 Reg
2418 5769 2470 5821 2.
2505 5767 2667 5832 Edili,
2699 5767 2745 5818 ci
2772 5765 2865 5819 καὶ
2892 5762 3027 5834 μετὰ
3065 5762 3158 5815 τὸν
3190 5759 3433 5814 είπὸντα.
