4088 6382
543 448 648 504 655

614 561 833 626 Ques'r.
862 550 1038 609 XCIII.
1082 549 1220 618 Quid
1245 558 1329 606 est
1351 549 1666 604 humilitas?

618 653 780 706 Βεεῐι.
818 648 1105 702 Huniilitas
1151 645 1334 698 anima
1396 650 1480 697 est
1541 658 1661 712 qua:
1690 641 1814 697 'nec
1865 643 2118 697 observat

544 757 647 798 nec
693 740 906 809 judicat
951 735 1180 789 aliorum
1217 733 1497 789 hominum
1553 740 1774 802 peccata
1804 773 1818 798 ,
1874 731 1968 787 sed
2019 746 2119 786 sua

545 834 809 887 duntaxat
835 827 1112 899 perspicit,
1132 839 1298 896 seque
1319 826 1504 879 aeterni
1527 825 1780 894 supplicii
1799 840 1946 879 ream
1971 823 2120 878 aesti-

543 931 678 990 mat,
701 931 756 978 et
780 921 894 976 hac
929 919 996 974 ad
1029 918 1197 974 Deum
1231 917 1362 971 dicit
1389 935 1401 970 :
1451 914 1610 970 Salva
1647 931 1734 971 me
1755 919 1988 989 'prOpter
2018 913 2121 968 mi-

543 1013 899 1074 sericordiam
944 1019 1117 1077 tuam,
1148 1025 1258 1065 non
1309 1018 1532 1079 propter
1586 1009 1781 1064 merita
1831 1022 1970 1062 mea.
2013 1004 2119 1072 Qui

543 1121 707 1178 porro
736 1121 796 1161 se
825 1106 898 1158 ita
927 1120 1082 1160 reum
1115 1118 1238 1160 esse
1281 1101 1490 1167 credit,
1544 1101 1592 1157 is
1639 1100 1860 1154 minime
1891 1097 2122 1153 otTensa-

543 1214 689 1263 rum,
722 1212 859 1268 quas
893 1196 962 1251 ab
994 1195 1216 1250 homine
1251 1194 1553 1262 acceperit,
1585 1191 1980 1255 recordabitnr,
2017 1204 2118 1244 nec

543 1294 827 1349 damnabit
879 1299 1196 1362 peccantem
1240 1289 1553 1354 hominem,
1608 1288 1892 1358 tribusque
1941 1285 2119 1342 modis

465 1393 470 1398 ’
542 1385 923 1442 remissionem
973 1390 1322 1453 peccatorum
1365 1383 1739 1449 consequitur.
1799 1378 1930 1434 Nam
1989 1378 2120 1450 quia

544 1479 682 1534 alios
713 1493 822 1532 non
861 1476 1088 1545 judicat,
1122 1489 1222 1530 nec
1250 1476 1366 1545 ipse
1390 1473 1708 1544 judicatur;
1744 1475 1871 1544 quia
1899 1472 2120 1526 humilis

503 1573 507 1576 ’
542 1581 647 1636 est,
677 1570 1047 1640 justiﬁcatur;
1079 1577 1133 1623 et
1163 1567 1291 1637 quia
1314 1565 1588 1622 condonat
1615 1567 1737 1622 aliis
1762 1605 1777 1631 ,
1821 1565 1963 1620 Deus
1989 1580 2122 1636 quo-

543 1680 650 1734 que
674 1663 775 1732 ipsi
814 1668 1039 1732 peccata
1065 1660 1359 1715 condonat.

615 1751 837 1818 Qumsr.
876 1748 1060 1805 XCIV:
1084 1749 1282 1820 Siquis
1312 1764 1455 1819 saepe
1480 1748 1808 1820 peccaverit,
1839 1762 1901 1802 ac
1923 1746 2120 1803 deinde

543 1860 687 1916 smpe
714 1843 1090 1916 pcenitentiam
1117 1857 1278 1912 agere
1309 1857 1601 1912 aggressus
1649 1841 1846 1907 fuerit,
1889 1855 2113 1894 rursus-

543 1951 649 2006 que
674 1935 925 1989 mciderit
956 1936 1010 1987 in
1043 1939 1365 2002 peccatum:
1399 1931 1468 1985 ad
1497 1941 1632 2000 quot
1665 1947 1840 2002 usque
1865 1938 2112 2000 peccata,

540 2029 894 2100 pmnitentem
930 2029 1069 2082 Dens
1093 2041 1287 2081 rursus
1317 2025 1602 2080 admittet?

612 2119 775 2175 Resp.
808 2117 959 2174 Licet
987 2119 1168 2174 decies
1219 2117 1417 2173 millies
1447 2117 1612 2172 homo
1637 2115 1936 2181 ceciderit,
1987 2115 2117 2170 licet

539 2213 721 2269 decies
767 2211 964 2268 millies
995 2210 1372 2280 pmnitentiam
1411 2209 1627 2280 egerit:
1658 2223 2004 2279 nequaquam
2038 2216 2118 2262 ta-

537 2322 662 2361 men
695 2305 875 2375 ipsum
925 2301 1178 2373 projiciet
1212 2301 1498 2365 Dominus,
1529 2300 1732 2372 quippe
1761 2300 1852 2354 cui
1880 2299 2118 2354 maxime

537 2406 668 2453 nota
695 2397 766 2452 sit
797 2397 1049 2449 humanae
1079 2401 1288 2449 natura:
1321 2393 1680 2447 mutabilitas.
1724 2389 1858 2445 Nam
1889 2392 1982 2462 qui
2010 2388 2114 2444 Pe—

537 2499 624 2544 tro
662 2489 918 2559 praecepit
946 2495 1004 2541 ut
1026 2485 1334 2557 septuagies
1363 2484 1566 2554 septies
1603 2483 1758 2538 fratri
1787 2484 2113 2555 ignosceret,

538 2582 712 2636 multo
777 2580 952 2651 magis
1005 2579 1121 2648 ipse
1163 2579 1346 2636 decies
1398 2578 1596 2634 millies
1647 2577 1850 2648 septies
1909 2575 2116 2631 homini

538 2675 808 2745 ignoscet,
840 2674 886 2727 si
918 2673 1080 2726 modo
1101 2672 1476 2742 paenitentiam
1497 2669 1686 2741 egerit.
1719 2669 1776 2725 Id
1811 2680 1991 2726 autem
2023 2684 2115 2723 ac-

540 2770 730 2817 curate
763 2761 1048 2818 sciendum
1079 2769 1186 2826 est,
1209 2762 1447 2816 animam
1481 2777 1601 2832 quae
1622 2760 1822 2830 szepius
1853 2758 2116 2830 peccandi

541 2855 851 2925 saepiusque
899 2853 1199 2924 paenitendi
1248 2854 1585 2910 contraxerit
1619 2849 2112 2912 consuetudinem,

541 2962 668 3002 cum
716 2946 888 3000 Deum
928 2952 1242 3000 contemnat
1298 2946 1596 3015 redeatque
1659 2942 1728 2997 ad
1790 2949 2112 3013 peccatum,

541 3044 690 3094 certe
713 3037 998 3090 dilliculter
1025 3035 1340 3104 huiusmodi
1373 3036 1558 3089 anima
1600 3048 1630 3087 a
1664 3043 1888 3104 peccato
1935 3031 2116 3086 disce-

542 3132 644 3196 dit,
678 3131 846 3185 veluti
885 3129 1040 3184 canis
1069 3129 1415 3184 macellarius
1469 3128 1627 3182 fetori
1682 3137 1956 3182 assuetus.
2010 3124 2113 3181 De-

1697 439 1753 490 S.
1795 433 1874 487 A'l
1891 433 2253 486 ιιΑΜδιυδ.
2293 461 2362 473 ——-
2400 431 2669 490 SPURIA.

3694 443 3799 498 656

2305 548 2494 618 Ἐρὼτ,
2528 553 2636 617 ια’.
2665 549 2731 602 Τί
2756 549 2871 603 ἐστι
2895 524 3400 626 ταπεινοφροσύνης

2301 640 2488 694 Ἀπόκ.
2515 640 2992 712 Ταπεινοφροσύνη
3019 643 3136 696 ἐστὶ
3160 643 3306 717 ψυχὴ
3355 643 3430 716 μὴ
3457 646 3798 718 προσέχουσα

2223 732 2360 803 μηδὲ
2410 731 2670 803 κρίνουσα
2719 731 2892 784 ἄλλων
2936 730 3239 804 ἀνθρώπων
3274 735 3625 806 πταίσματαο
3663 736 3800 789 ἀλλὰ

2223 825 2381 896 μόνον
2423 823 2492 877 τά
2519 823 2714 894 ἑαυτῆς
2759 823 3029 894 βλέπουσα
3068 825 3160 877 καὶ
3194 824 3493 878 ὑπεύθυνον
3526 827 3625 897 τῆς
3663 829 3798 880 αἰω-

2218 917 2333 970 νίου
2368 917 2642 981 κολάσεως
2674 917 2871 988 ἑαυτὴν
2904 917 3101 988 ἔχουσα
3121 958 3136 982 ,
3170 919 3264 972 καὶ
3299 919 3459 973 τοῦτο
3493 919 3631 992 πρὸς
3664 921 3798 974 Θεὸν

2219 1007 2482 1077 λέγουσαο
2517 1008 2696 1062 Σῶσόν
2731 1026 2799 1079 με
2831 1009 3017 1062 ἕνεκεν
3054 1009 3149 1062 τοῦ
3183 1010 3365 1074 ἐλέους
3401 1028 3493 1064 σου
3526 1012 3659 1082 (55),
3702 1013 3798 1064 καὶ

2217 1101 2318 1170 οὐχ
2367 1100 2552 1154 ἕνεκεν
2601 1099 2708 1154 τῶν
2754 1101 3196 1173 κατορθωμάτων
3233 1120 3353 1173 μου.
3419 1103 3477 1156 ὐ
3519 1104 3574 1156 δὲ
3622 1103 3797 1169 οὕτως

2220 1189 2410 1244 ἑαυτὸν
2469 1190 2768 1245 ὑπεύθυνον
2819 1189 3164 1263 λογιζόμενος
3212 1194 3334 1247 οὐδὲ
3395 1198 3796 1268 μνησικακήσει

2220 1281 2490 1356 ἀνθρώπῳ
2529 1285 2682 1348 ποτὲ,
2723 1286 2844 1340 οὐδὲ
2879 1293 3198 1361 κατακρινεῖ
3231 1289 3516 1361 ἄνθρωπον
3546 1293 3796 1364 ἁμαρτά-

2219 1392 2396 1457 νονται,
2440 1377 2534 1431 καὶ
2564 1377 2748 1432 λοιπὸν
2779 1380 2842 1432 ὲκ
2878 1381 3042 1452 τριῶν
3074 1381 3310 1450 τρόπων,
3347 1384 3444 1454 τὴν
3477 1384 3585 1436 τῶν
3617 1387 3796 1457 ἁμαρ-

2218 1469 2350 1523 τιῶν
2368 1446 2568 1539 Ἀφεσιν
2597 1473 2899 1544 κομίζεται.
2948 1475 3036 1538 Ὠς
3067 1475 3174 1547 γὰρ
3211 1479 3284 1546 μὴ
3326 1477 3546 1547 κρίνων,
3580 1477 3640 1531 ού
3671 1479 3795 1550 κρί-

2219 1577 2402 1614 vatur
2447 1563 2542 1616 καὶ
2579 1562 2655 1627 ὡς
2701 1565 3161 1636 ταπεινοφρονῶν,
3195 1565 3535 1619 δικαιοῦται·
3581 1568 3676 1620 καὶ
3720 1569 3796 1631 ὠς

2219 1655 2540 1724 συγχωρῶν,
2583 1659 2964 1728 συγχωρεῖται.

2301 1749 2490 1821 Ἐρώτ.
2524 1749 2624 1816 ιιδν.
2665 1751 2790 1803 Ἐάν
2821 1768 2905 1816 τις
2935 1750 3192 1816 πολλάκις
3218 1752 3560 1825 ἁμαρτήσας,
3599 1753 3796 1807 πολλά-

2219 1858 2306 1906 κις
2349 1846 2627 1912 μετανοεῖν
2664 1842 3021 1915 ἐπεχείρησε,
3055 1845 3149 1897 καὶ
3187 1844 3346 1898 πάλιν
3394 1847 3473 1910 είς
3523 1845 3797 1916 ἁμαρτίαν

2215 1933 2377 1986 ἔπεσε
2399 1949 2413 1963 ⁸
2459 1933 2618 2004 μέχρι
2655 1933 2836 1987 πόσων
2857 1935 3215 2006 πταισμάτων
3245 1935 3403 1989 πάλιν
3432 1935 3796 2007 μετανοοῦντα

2214 2025 2245 2078 6
2281 2025 2414 2089 Θεὸς
2453 2026 2809 2097 προσδέχεται
2845 2026 3070 2092 τοῦτον;

2299 2117 2491 2172 Ἀπόκ.
2543 2116 2600 2170 '0
2633 2116 2692 2170 τὸ
2721 2116 3013 2189 εύτρεπτον
3056 2118 3157 2189 τῆς
3195 2119 3541 2192 ἀνθρωπίνης
3579 2119 3797 2189 φύσεως

2215 2210 2576 2282 ἐπιστάμενος
2599 2210 2823 2282 Κύριος,
2849 2211 2952 2266 κᾶν
2985 2214 3243 2284 μυριάκις
3267 2215 3295 2266 6
3318 2213 3414 2268 ἄνθ
3425 2231 3604 2285 ρωπος
3630 2213 3794 2283 πέσῃ,

2216 2299 2318 2357 κᾶν
2351 2303 2612 2374 μυριάκις
2653 2303 2958 2376 μετανοήσῃ
2979 2345 2995 2366 ,
3025 2304 3275 2375 οὐδαμῶς
3303 2304 3465 2358 αὐτὸν
3490 2303 3796 2358 ἀποϐάλλει·

2215 2413 2324 2448 ται.
2366 2395 2424 2449 '0
2460 2395 2568 2467 γὰρ
2596 2395 2970 2466 ἐντειλάμενος
2998 2395 3110 2468 (54)
3141 2395 3218 2467 τῷ
3246 2395 3438 2468 Πέτρῳ
3464 2397 3796 2468 ἑϐδομηκον-

2216 2488 2375 2551 τάκις
2401 2487 2540 2542 ἑπτὰ
2574 2487 2650 2558 τῷ
2678 2487 2892 2558 ἀδελφῷ
2926 2492 3246 2561 συγχωρεῖν,
3279 2489 3458 2559 πολλῷ
3488 2491 3669 2543 πλεῖον
3701 2491 3798 2543 αύ-

2215 2578 2307 2644 τὸς
2368 2581 2712 2650 συγχωρήσει
2759 2581 3110 2652 μυριοντάκις
3159 2581 3298 2635 ἑπτὰ
3354 2582 3430 2654 τῷ
3483 2583 3792 2654 ἀνθρώπῳ,

2219 2671 2569 2744 μετανοοῦντι
2599 2672 2866 2742 μέντοιγε.
2894 2673 3002 2726 Kal
3023 2673 3182 2726 τοῦτο
3206 2675 3288 2728 δεῖ
3314 2675 3560 2746 ἀκριϐῶς
3576 2675 3797 2727 ἐπίστα-

2217 2764 2373 2820 σθαι·
2402 2765 2483 2818 ὅτι
2519 2764 2663 2837 ψυχὴ
2694 2766 2774 2829 είς
2814 2766 3100 2836 συνήθειαν
3144 2765 3370 2820 ἐλθοῦσα
3399 2767 3493 2819 τοῦ
3539 2766 3798 2829 πολλάκις

2218 2855 2572 2936 ἁμαρτάνειν,
2601 2858 2695 2910 καὶ
2727 2857 2988 2921 πολλάκις
3034 2860 3312 2928 μετανοεῖν
3334 2897 3348 2918 ,
3377 2857 3795 2928 καταφρονοῦσα

2215 2947 2308 3003 τοῦ
2342 2947 2477 3002 Θεοῦ
2508 2948 2643 3020 πρὸς
2674 2949 2774 3020 τὴν
2805 2949 3077 3020 ἁμαρτίαν
3118 2949 3556 3018 ὑποστρέφουσα,
3601 2947 3794 3017 δυσχε-

2221 3039 2328 3112 ρῶς
2355 3041 2579 3112 ὄντωςὴ
2608 3040 2829 3112 τοιαύτη
2863 3039 3009 3112 ψυχὴ
3041 3041 3140 3111 τῆς
3174 3041 3444 3112 ἁμαρτίας
3475 3041 3794 3108 ἀφίσταται,

2218 3133 2404 3205 ὥσπερ
2448 3132 2594 3186 κύων
2649 3131 2972 3204 μακελλικὸς
3022 3135 3080 3187 ὲν
3125 3132 3202 3203 τῷ
3245 3131 3432 3202 βρόμῳ
3484 3132 3793 3194 συνεθίσας.

542 3225 710 3294 niqne
759 3238 885 3278 cum
920 3224 1163 3278 incertus
1197 3223 1268 3277 sit
1305 3222 1429 3276 vitae
1458 3231 1660 3277 nostra:
1689 3219 1834 3284 ﬁnis,
1869 3234 1968 3274 nos
1995 3234 2114 3273 mu-

2218 3229 2418 3284 Λοιπὺν
2443 3228 2520 3290 δὲ,
2549 3227 2631 3280 ὅτι
2657 3226 2716 3279 τὸ
2741 3225 2892 3290 τέλος
2928 3226 3028 3297 τῆς
3059 3225 3200 3296 ζωῆς
3227 3224 3385 3295 ἡμῶν
3409 3223 3645 3296 ὑπάρχει
3675 3224 3798 3294 ἄδη-

542 3316 651 3371 niri
675 3322 908 3385 oportet,
941 3330 1008 3369 ne
1042 3313 1182 3369 forte
1211 3314 1266 3367 in
1298 3319 1521 3383 peccato
1569 3324 2030 3382 praeoccupemur,
2063 3316 2116 3364 ct

543 3413 751 3484 absque
801 3411 1121 3482 pmnitentia
1177 3409 1561 3475 inveniamur,
1615 3409 2004 3478 tradamurque
2059 3409 2116 3462 in

541 3503 872 3576 supplicium
902 3503 1310 3572 sempiternum.
1351 3517 1359 3562 ε
1855 3535 1859 3550 .

611 3595 778 3667 238
809 3594 1030 3662 Ωῠεετ.
1064 3591 1226 3647 XCV.
1253 3593 1561 3663 Quotuplex
1591 3597 1677 3647 est
1712 3589 2083 3646 adulterium?

610 3685 770 3743 Resp.
802 3672 1032 3757 Duplex.
1065 3684 1202 3740 Nam
1234 3685 1281 3739 si
1307 3685 1503 3740 mulier
1544 3683 1662 3738 viro
1703 3691 1872 3755 nupta
1904 3691 2115 3740 scorte-

539 3787 651 3846 tur,
675 3780 1002 3836 adulterium
1032 3786 1136 3834 est.
1176 3778 1500 3848 Rursusque
1539 3778 1586 3832 si
1625 3777 1730 3839 vir,
1757 3777 1848 3847 qni
1885 3793 2113 3833 uxorem

539 3873 772 3938 habeat,
809 3881 1116 3938 scortetur,
1162 3871 1493 3927 adulterium
1537 3879 1620 3927 est
1647 3886 1774 3942 erga
1831 3872 2112 3943 propriam

539 3979 789 4020 uxorem.

611 4057 833 4124 Quas'r.
869 4054 1052 4111 XCVI.
1083 4053 1249 4108 Aiunt
1283 4053 1447 4123 aliqui
1479 4060 1765 4124 peccatum
1787 4068 2115 4124 corporeum

538 4163 654 4217 prae
699 4149 954 4203 omnibus
1013 4147 1138 4201 aliis
1198 4147 1437 4216 peccatis
1493 4145 1709 4202 facilius
1774 4146 2112 4212 condonari,

536 4240 740 4310 quippe
777 4254 903 4294 cum
934 4239 1201 4293 naturalis
1228 4245 1407 4292 motus
1441 4238 1511 4293 sit
1538 4239 1592 4292 in
1624 4239 1864 4294 homine.

611 4330 774 4387 Resr.
800 4330 1149 4386 Contrarium
1175 4329 1333 4385 docet
1361 4328 1678 4400 Apostolus,
1711 4329 1806 4400 qui
1839 4329 1944 4385 hoc
1983 4343 2113 4400 pec-

539 4431 720 4478 catum
749 4423 970 4494 gravius
1007 4423 1260 4477 omnibus
1299 4421 1422 4476 aliis
1447 4425 1689 4492 peccatis
1719 4430 1912 4485 vocat,
1961 4422 2114 4479 hisce

2219 3321 2330 3387 λον,
2369 3321 2476 3392 χρὴ
2507 3320 2654 3391 ἡμᾶς
2678 3319 3087 3388 ἀσφαλίζεσθαι,
3112 3319 3182 3390 μή
3213 3334 3328 3380 πως
3355 3319 3411 3370 ἐν
3443 3320 3510 3388 τῇ
3550 3317 3798 3389 ἁμαρτίᾳ

2219 3411 2514 3482 φθάσωμεν
2545 3408 2640 3464 καὶ
2667 3408 2978 3480 εὑρεθῶμεν
3016 3409 3396 3480 ἀμετανόητοι,
3427 3409 3525 3461 καὶ
3557 3409 3797 3480 παραδο-

2220 3503 2400 3575 θῶμεν
2437 3503 2518 3566 είς
2555 3501 2775 3555 κόλασιν
2810 3500 3185 3571 ἀτελεύτητον.

2300 3595 2494 3668 Ἐρὼτ.
2527 3593 2630 3663 ιε’.
2668 3595 2842 3648 Πόσαι
2873 3593 3114 3666 μοιχεῖαι
3141 3595 3312 3658 εἰσιν;

2299 3689 2491 3743 ’Δπὸκ.
2533 3689 2656 3740 Δύο.
2699 3686 2808 3741 Καὶ
2845 3687 2953 3758 γὰρ
2997 3688 3030 3757 ἡ
3080 3685 3215 3756 γυνὴ
3259 3687 3292 3755 ἡ
3346 3683 3618 3754 ὕπανδρος
3661 3683 3795 3736 ὅπου

2217 3783 2319 3838 κᾶν
2367 3781 2660 3856 πορνεύσῃ,
2699 3783 2913 3852 μοιχεία
2955 3781 3092 3834 ἐστί.
3125 3778 3234 3831 Kal
3287 3777 3469 3839 πάλιν,
3519 3779 3548 3829 6
3597 3775 3735 3847 ἀνὴρ
3768 3776 3797 3828 ὁ

2216 3876 2355 3947 ἔχων
2395 3877 2629 3945 γυναῖκα
2655 3875 2790 3928 ὃπου
2823 3873 2928 3926 κᾶν
2955 3871 3250 3944 πορνεύσῃ,
3292 3869 3510 3941 μοιχεία
3541 3869 3660 3921 ἐστὶ
3697 3867 3796 3938 τῆς

2222 3969 2358 4034 ιδίας
2392 3968 2670 4038 γυναικός.

2299 4060 2496 4133 Ἐρὼτ.
2525 4064 2642 4125 ις’.
2676 4057 2908 4126 Λέγουσι
2938 4072 3101 4118 τινες,
3142 4055 3224 4107 ὅτι
3255 4051 3584 4122 συγγνώμην
3619 4049 3784 4120 ἔχειή

2216 4153 2505 4226 σωματικὴ
2549 4150 2794 4223 ἁμαρτία
2826 4151 2966 4221 ὑπὲρ
3014 4149 3192 4210 πάσας
3236 4146 3336 4203 τὰς
3373 4144 3672 4214 ἁμαρτίας.
3721 4141 3796 4204 ὡς

2214 4249 2451 4320 φυσικῆς
2482 4244 2833 4316 ὑπαρχούσης
2863 4245 2960 4315 τῆς
2991 4244 3258 4313 κινήσεως
3289 4241 3347 4292 ὲν
3378 4238 3455 4308 τῷ
3495 4236 3786 4308 ἀνθρώπῳ.

2298 4342 2486 4396 Ἀπύκ.
2527 4337 2847 4393 Τούναντίον
2888 4339 2916 4389 6
2971 4333 3293 4396 Ἀπόστολος
3333 4329 3640 4401 βαρυτέραν
3687 4339 3791 4374 πα·-

2216 4435 2325 4490 σῶν
2351 4434 2460 4488 τῶν
2485 4428 2766 4503 ἁμαρτιῶν
2794 4428 2962 4499 αὐτὴν
2991 4425 3275 4496 ὀνομάζει,
3306 4423 3475 4484 λέγων
3499 4432 3512 4445 ·
3561 4434 3578 4467 ι
3635 4415 3790 4466 Πᾶσα

537 4516 752 4571 verbis:
791 4536 810 4569 ‹
846 4516 1020 4572 Omne
1050 4522 1329 4584 peccatum
1361 4515 1732 4586 quodcunque
1775 4515 1964 4572 fecerit
2011 4517 2111 4571 hoc

2217 4527 2482 4598 ἁμαρτία.
2521 4525 2585 4596 ἢν
2621 4522 2687 4576 ἂν
2715 4524 2916 4592 ποιήσῃ
2944 4518 3248 4588 ἄνθρωπος,
3276 4510 3432 4612 ἐκτὸς
3469 4507 3576 4620 τοῦ
3605 4505 3793 4610 σῶμα-

536 4625 663 4672 mo.
701 4619 856 4667 extra
882 4627 1082 4682 corpus
1129 4621 1250 4667 est:
1282 4611 1375 4682 qui
1430 4619 1611 4665 autem
1669 4609 2004 4673 fornicatur,
2056 4610 2110 4666 in

535 4721 736 4778 corpus
775 4723 937 4764 suum
978 4713 1165 4777 peccat
1195 4706 1282 4762 ’δε
1321 4725 1340 4758 ι
1387 4704 1834 4776 quandoquidem
1891 4719 1958 4758 ex
1991 4705 2112 4775 ipsa

533 4814 633 4854 sua
657 4814 845 4863 carne,
870 4799 1033 4856 veluti
1065 4797 1339 4870 quoddam
1363 4797 1720 4862 sacriﬁcium,
1738 4811 1921 4852 semen
1945 4813 2107 4852 suum

536 4891 753 4946 Satanae
795 4890 971 4947 odert.
1021 4891 1294 4946 Praeterea
1342 4889 1593 4944 naturale
1639 4889 1770 4942 item
1821 4896 1905 4943 est
1957 4903 2110 4943 com-

530 4985 715 5051 edere,
743 4994 979 5042 attamen
1003 4985 1454 5056 praevaricantem
1477 4981 1744 5036 Adamnm
1774 4981 2108 5036 condemna-

568 5077 610 5131 it
640 5075 804 5131 Deus.

568 5087 583 5131 i
644 5087 683 5128 U
790 5115 804 5130 .

530 5091 565 5132 ν
590 5087 825 5233 huius:
857 5166 1066 5223 XCVII.
1103 5166 1248 5232 Quot
1273 5162 1630 5234 suntjudicia
1659 5172 1714 5218 et
1744 5170 1969 5233 peccata
1996 5161 2110 5232 for;

531 5261 862 5317 nicationis?

604 5353 768 5411 Resr.
800 5355 969 5410 Multa
1001 5362 1057 5410 et
1095 5353 1270 5408 varia.
1305 5351 1556 5407 Graviori
1589 5351 1734 5407 enim
1762 5350 1974 5421 judicio
2016 5349 2111 5404 ob-

529 5449 729 5504 noxius
759 5457 841 5504 est
863 5449 956 5519 qni
983 5462 1208 5503 uxorem
1245 5448 1454 5502 habens
1485 5453 1776 5509 scortntur,
1809 5459 1970 5514 quam
2013 5443 2106 5512 qui

531 5557 755 5598 uxorem
791 5558 900 5596 non
943 5543 1129 5597 habet.
1167 5541 1415 5596 Graviori
1443 5541 1570 5594 item
1604 5540 1877 5594 obnoxius
1903 5552 1987 5596 est
2011 5541 2105 5610 ju-

604 5696 648 5729 "
689 5698 706 5751 I
736 5697 865 5752 Cor.
898 5713 949 5750 vr
973 5739 988 5761 ,
1024 5697 1109 5751 18.

602 5854 712 5922 (33)
753 5852 886 5922 Reg.
939 5854 995 5913 ‘2,
1051 5853 1233 5906 ἕνεκεν
1283 5851 1376 5904 τοῦ
1418 5851 1598 5914 ἐλέους
1642 5867 1754 5902 σου.
1792 5848 1956 5922 Editi,
2011 5848 2098 5922 διά

531 5919 620 5978 τοῦ
656 5919 914 5994 ὀνόματός
944 5941 1058 5980 σου.
1091 5923 1210 5978 Mox
1257 5924 1506 5978 mutilum
1543 5928 1858 5976 contextum
1908 5921 1962 5974 in
2011 5919 2096 5973 ed.

2219 4595 2309 4683 1:6;
2338 4595 2516 4671 ἔστιν’
2547 4595 2658 4669 ὅδὲ
2689 4611 2965 4683 πορνεύων
3003 4609 3082 4670 εἰς
3113 4605 3172 4658 τὸ
3198 4603 3325 4655 ἴδιον
3355 4599 3512 4669 σῶμα
3545 4595 3792 4668 ἁμαρτά-

2218 4730 2330 4768 νει-
2375 4731 2394 4763 ι
2427 4709 2612 4778 ἐπειδὴ
2641 4704 2702 4771 ὲξ
2733 4705 2901 4775 αὐτῆς
2927 4703 3027 4772 τῆς
3061 4698 3194 4762 ἰδίας
3224 4693 3452 4765 Σαρκδς,
3481 4691 3673 4762 ὥσπερ
3703 4689 3794 4740 Ou-

2221 4800 2342 4854 σίαν
2380 4798 2520 4859 τινὰ,
2557 4794 2782 4867 παρέχει
2811 4793 2890 4864 τῷ
2932 4789 3152 4857 Σατανᾷ
3194 4786 3292 4856 τὴν
3330 4779 3523 4835 ἑαυτοῦ
3562 4779 3788 4850 σποράν.

2219 4894 2330 4947 Καὶ
2361 4893 2524 4945 πάλιν
2553 4889 2614 4941 τὸ
2649 4889 2842 4956 φαγεῖν
2877 4881 3101 4954 φυσικόν
3137 4882 3275 4939 ἐστι,
3317 4874 3411 4929 καὶ
3457 4871 3565 4925 ἰδοὺ
3600 4873 3630 4924 6
3663 4868 3792 4930 Θεὸς

2217 4984 2309 5039 τὸν
2347 4983 2518 5052 Ἀδὰμ
2558 4979 2882 5050 παραϐάντα
2907 4971 3283 5029 κατεδίκασεν.

2295 5164 2491 5239 Ἐρὼτ.
2525 5164 2632 5230 ιιζν.
2676 5162 2828 5215 Πόσα
2861 5157 3105 5231 κρίματα
3132 5153 3228 5206 καὶ
3255 5150 3631 5222 ἁμαρτήματα
3660 5160 3791 5214 πορο

2215 5261 2340 5315 νικά
2361 5262 2528 5323 είσιν;

2297 5354 2484 5406 Ἀπόκ.
2524 5347 2702 5404 Πολλὰ
2733 5345 2826 5400 καὶ
2865 5342 3118 5412 διάφορα.
3152 5332 3379 5398 Μείζονι
3410 5329 3522 5400 γὰρ
3564 5325 3793 5398 κρίματι

2217 5447 2498 5500 ὑπόκειται
2524 5445 2552 5496 6
2577 5441 2807 5510 γυναῖκα
2833 5436 2970 5506 ἔχων
2991 5431 3086 5485 καὶ
3113 5423 3388 5498 πορνεύων
3421 5417 3573 5489 παρὰ
3597 5416 3690 5510 τὸν
3722 5413 3794 5510 μὴ

2215 5540 2405 5610 ἔχοντα
2424 5555 2436 5568 ·
2463 5537 2556 5590 καὶ
2584 5504 2789 5605 μείζονι
2816 5531 2844 5581 6
2862 5504 3074 5595 VdTaOhv
3101 5519 3339 5589 γυναῖκα
3371 5512 3510 5582 ἔχων
3539 5507 3682 5577 ὑπὲρ
3706 5504 3793 5556 τὸν

2207 5863 2270 5902 ex
2303 5860 2438 5898 mss.
2470 5839 2804 5912 quibusdam
2833 5826 3228 5912 restituimus.‘

2281 5892 2679 5985 (Siﬁi‘oﬁss’.
2711 5905 2854 5961 Editi
2892 5917 3041 5967 vero,
3068 5892 3561 5966 ἐπαγγειλάμενος.
