4088 6382
548 322 653 383 ϐὕθ

1713 325 1771 380 S.
1812 325 2270 382 ATHANASlL'S.
2312 356 2382 366 ——
2421 323 2693 380 SPURIA.

3697 319 3802 379 660

546 440 769 498 deserta
808 442 949 506 loca,
982 441 1118 496 alios
1153 440 1208 494 in
1240 447 1417 496 terras
1458 439 1842 497 inhabitabiles
1881 450 1936 497 et
1976 443 2161 505 inac-,

2244 443 2350 504 tab;
2377 439 2485 494 τῶν
2507 439 2777 510 δαιμόνων
2798 439 2861 490 ἐκ
2885 436 3050 507 μέσου
3075 436 3347 508 ὲξορίσαςο
3374 435 3500 499 τούς
3529 435 3627 507 μὲν
3650 436 3707 489 ἐν
3735 439 3800 508 τῇ

544 549 754 592 σοεεοε.

619 712 781 782 239
805 709 1023 777 Qussr.
1049 707 1237 763 XCIX.
1272 706 1376 774 Qui
1410 711 1468 765 ﬁt
1498 723 1557 767 ut
1587 728 1729 783 saepe
1755 713 1972 769 somnia
2003 728 2131 768 vera

546 803 702 858 sint?

614 892 774 949 Resp.
806 893 864 949 ld
911 912 1054 967 saepe
1082 915 1149 954 ex
1194 900 1302 955 Deo
1344 899 1533 953 venit:
1561 912 1706 966 saepe
1745 895 1908 950 etiam
1944 910 2079 950 casu
2112 915 2125 950 :

551 1002 947 1056 nonnunquam
996 991 1201 1052 anima,
1249 998 1441 1059 utpote
1466 986 1828 1057 intelligentia
1879 985 2128 1056 praedita,

548 1078 729 1132 futura
756 1082 1046 1150 praenoscit
1083 1100 1097 1136 :
1138 1082 1391 1153 quaedam
1413 1080 1578 1136 etiam
1605 1080 1882 1134 daemones
1906 1078 1960 1131 in
1982 1092 2133 1132 som-

551 1173 638 1226 nis
672 1176 995 1243 praedicunt.

618 1269 843 1335 Qumsr.
877 1270 939 1325 (Σ.
974 1268 1113 1335 Quid
1146 1266 1356 1339 igitur?
1380 1281 1511 1320 imm
1552 1264 1829 1318 daemones
1859 1271 1913 1318 et
1936 1262 2133 1317 diabo‘

550 1363 637 1417 lus
674 1362 892 1432 praescii
947 1376 1131 1414 rerum
1186 1368 1341 1425 sunt,
1390 1367 1445 1413 et
1494 1357 1747 1411 cordium
1797 1356 2132 1426 cognitores,

550 1471 722 1525 caque
753 1470 873 1525 quae
906 1453 1087 1507 futura
1113 1455 1224 1509 sint
1253 1461 1483 1524 possunt
1515 1450 1811 1520 prmdicere
1831 1449 1857 1502 ?

623 1545 786 1602 Resp.
815 1546 976 1602 Solus
1002 1546 1144 1602 Deus
1176 1563 1267 1602 res
1298 1546 1538 1615 praescit,
1568 1550 1624 1597 et
1654 1543 1902 1596 cordium
1942 1540 2133 1609 cogni-

549 1644 640 1692 tor
676 1649 781 1695 est.
812 1639 997 1709 Neque
1022 1640 1165 1693 enim
1198 1638 1300 1707 ipsi
1330 1638 1506 1707 angeli
1536 1643 1737 1691 norunt
1774 1648 1837 1688 ea
1862 1648 1981 1701 qua:
2010 1637 2137 1685 sunt

553 1731 608 1783 in
638 1730 823 1791 corde,
873 1746 972 1783 nec
998 1744 1118 1798 quae
1164 1727 1344 1781 futura
1398 1735 1545 1783 sunt.
1596 1726 1663 1778 At
1704 1724 1977 1777 daemones
2015 1734 2137 1788 quae

2231 532 2470 602 ἀϐύσσῳ,
2497 532 2625 594 τοὺς
2652 530 2709 582 δέ
2737 531 2794 582 ἐν
2834 529 3081 600 ἐρήμοις,
3119 528 3215 581 καὶ
3243 528 3522 598 ἀοικήτοις
3550 528 3643 581 καὶ
3667 526 3803 581 ἀϐά-

2229 641 2343 688 τοις
2373 624 2577 686 τόποις.

2313 713 2506 788 Ἐρώτ.
2541 712 2646 782 [ιϐ’.
2694 712 2820 777 Πῶς
2853 711 3109 775 πολλάκις
3135 710 3205 763 τά
3250 710 3353 782 μὲν
3384 709 3493 765 τῶν
3538 709 3802 764 ἐνυπνίων

2232 806 2590 877 ἀληθεύουσιν
2610 823 2625 872 ;

2315 899 2503 953 ’Δπόκ.
2538 898 2708 952 Τοῦτο
2729 894 2987 959 πολλάκις
3018 895 3227 963 γίνεται
3259 894 3355 949 καί
3384 895 3449 948 ἐκ
3479 893 3614 948 Θεοῦ
3633 911 3648 925 ·
3681 894 3806 947 πολ-

2232 990 2391 1054 λάκις
2423 992 2480 1043 δὲ
2510 991 2603 1044 καὶ
2630 990 2694 1042 ἐκ
2719 987 2811 1041 τοῦ
2853 986 3281 1057 συμϐεϐηκότος.
3312 987 3469 1039 Ἔστι
3497 986 3542 1040 δ’
3566 987 3655 1041 ὅτε
3712 987 3807 1040 καὶ

2234 1082 2308 1145 ὡς
2343 1082 2506 1153 νοερὰ
2534 1078 2670 1134 οὖσα
2700 1081 2733 1151 ή
2766 1078 2912 1150 ψυχὴ
2941 1077 3308 1150 προγινώσκει
3327 1096 3342 1109 ·
3382 1078 3502 1131 τινὰ
3535 1078 3594 1133 δέ
3630 1079 3725 1132 καὶ
3755 1079 3805 1132 οἱ

2237 1175 2490 1245 δαίμονες
2516 1171 2924 1245 προδεικνύουσι
2957 1171 3023 1225 δι’
3054 1171 3337 1225 ἐνυπνίων.

2316 1264 2506 1337 Ἐρώτ.
2548 1271 2610 1336 ρ’.
2642 1264 2707 1316 Τί
2734 1259 2863 1329 οῦν;
2904 1261 3259 1334 προγνώστης
3293 1259 3402 1332 ('59)
3437 1262 3584 1315 ἐστὶν
3616 1264 3645 1315 ὁ
3689 1262 3808 1317 διά-

2236 1357 2390 1422 ϐολος
2418 1358 2513 1410 καὶ
2538 1359 2589 1410 οί
2626 1356 2909 1427 δαίμονες,
2941 1355 3034 1410 καὶ
3073 1355 3327 1412 δύνανται
3366 1354 3541 1407 εἰπεῖν
3578 1354 3648 1408 τά
3681 1356 3808 1426 μὲλ-

2235 1448 2396 1503 λοντα
2423 1447 2675 1517 γενέσθαι
2697 1465 2712 1514 ;

2320 1539 2510 1593 Ἀπόκ.
2547 1537 2909 1611 Προγνῶστης
2953 1537 3046 1590 καὶ
3094 1539 3529 1611 καρδιογνώστης
3580 1539 3741 1610 μόνος
3780 1541 3811 1593 ό

2236 1627 2369 1692 Θεὸς
2400 1629 2670 1701 ὑπάρχειο
2723 1630 2846 1681 ἐπεὶ
2896 1627 3017 1680 οὐδὲ
3070 1629 3224 1681 αὐτοὶ
3255 1630 3303 1682 οί
3348 1629 3567 1699 ἄγγελοι
3625 1628 3695 1682 τά
3752 1631 3811 1682 ἐν

2238 1721 2453 1793 καρδίᾳ,
2490 1720 2619 1791 ῆτά
2650 1720 2909 1791 μέλλοντα
2950 1720 3291 1775 ἐπίστανται.
3332 1722 3395 1775 Οἱ
3441 1722 3498 1775 δὲ
3536 1720 3809 1791 δαίμονες,

553 1823 851 1892 praedicere
903 1822 1266 1885 arbitrantur,
1310 1836 1373 1874 ea
1427 1835 1493 1873 ex
1547 1817 1751 1871 astutia
1813 1814 2136 1881 conjiciunt.

2244 1811 2339 1863 ὅσα
2372 1810 2744 1881 προδεικνύειν
2771 1809 3104 1881 νομίζουσιν,
3142 1812 3207 1864 ἐκ
3246 1812 3581 1883 πανουργίας
3619 1828 3814 1881 στοχα-

552 1911 715 1967 Verbi
746 1913 920 1982 gratia
940 1952 954 1973 ,
986 1927 1133 1973 cum.
1163 1920 1221 1963 ut
1248 1908 1495 1979 spiritus,
1534 1906 1737 1961 multos
1780 1903 1924 1974 apud
1973 1901 2135 1957 Indos

553 2006 755 2059 imbres
814 2004 1030 2067 vident,
1078 2002 1154 2056 illi
1185 2003 1238 2055 in
1276 2000 1513 2070 Egypto
1558 1997 1914 2068 praeveniunt,
1949 2010 2013 2049 ac
2045 2010 2137 2063 per

552 2095 949 2148 incantationes
978 2102 1032 2146 et
1065 2092 1337 2146 insomnia
1370 2104 1618 2160 magnam
1642 2089 1756 2143 fore
1774 2086 1876 2140 Nili
1900 2084 2135 2139 inunda-

552 2187 754 2240 tionem
816 2185 1191 2238 vaticinantur
1244 2201 1257 2235 :
1321 2183 1539 2251 aliaque
1595 2182 1680 2237 his
1744 2179 1949 2235 similia
2012 2192 2137 2246 per-

551 2289 741 2348 agunt.
785 2278 939 2348 Saepe
964 2287 1144 2332 autem
1173 2278 1338 2332 etiam
1373 2276 1731 2330 mentiuntur.
1769 2272 1907 2327 Hinc
1936 2272 1981 2327 si
2012 2270 2138 2340 quis

552 2372 677 2425 illos
696 2372 824 2426 velit
856 2372 1207 2430 convincere,
1237 2384 1423 2424 secum
1451 2368 1800 2430 determinet,
1837 2380 1901 2418 ac
1935 2378 2140 2432 suppo-

552 2470 648 2515 nat
678 2473 812 2532 quot
847 2474 1103 2515 nummos
1133 2460 1375 2516 crastina
1405 2457 1496 2511 die
1542 2456 1878 2511 distribuere
1925 2456 2135 2524 cupiat.

552 2555 675 2620 Quo
707 2553 851 2607 facto
886 2552 1123 2605 accitum
1150 2566 1363 2621 magum
1404 2553 1487 2605 vel
1517 2559 1694 2603 vatem
1728 2549 2031 2616 interroget
2067 2561 2133 2601 ea

555 2645 625 2700 de
671 2661 730 2699 re
759 2644 826 2699 de
871 2659 979 2713 qua
1013 2642 1421 2709 determinavit,
1468 2641 1713 2711 nihilque
1744 2640 1968 2694 omnino
2015 2637 2138 2693 illos

556 2750 720 2807 posse
751 2737 959 2791 rescire
988 2734 1313 2805 comperiet.

627 2913 854 2979 Quas'r.
884 2912 971 2967 Cl.
999 2911 1136 2987 cum
1176 2913 1397 2982 quidam
1425 2918 1480 2967 et
1506 2910 1678 2965 Judaei
1698 2918 1754 2964 et
1784 2908 2012 2980 gentiles
2045 2906 2141 2960 he-

557 3005 754 3059 nelicia
785 3018 928 3072 saepe
968 3002 1237 3065 tribuant,
1286 2998 1535 3070 nunquid
1574 2999 1783 3053 ideirco
1825 2998 1878 3049 in
1909 3010 2139 3065 regnum

558 3096 824 3151 caelorum
851 3092 1266 3164 ingrediuntur?
1290 3100 1385 3147 aut
1412 3091 1542 3163 quid
1581 3092 1739 3147 nobis
1762 3089 1830 3144 de
1859 3088 1968 3143 illis
1993 3088 2141 3157 judi-

557 3186 795 3241 candum
822 3186 947 3241 est?

625 3278 793 3335 Resr.
813 3281 950 3335 Cum
978 3278 1241 3333 Dominus
1259 3276 1329 3331 ad
1354 3274 1709 3332 Nicoclemum
1732 3273 1880 3329 dicat
1903 3292 1919 3329 :
1942 3274 2143 3328 «Amen

557 3372 684 3427 dico
709 3374 828 3434 tibi,
860 3371 969 3427 nisi
1011 3371 1136 3442 quis
1166 3378 1330 3425 natus
1364 3368 1532 3423 fuerit
1567 3383 1662 3437 per
1703 3383 1902 3437 aquam
1936 3377 1991 3421 et
2023 3364 2147 3435 Spi-

561 3463 752 3525 ritum,
786 3476 895 3517 non
924 3461 1149 3519 intrabit
1185 3462 1242 3515 in
1266 3475 1494 3530 regnum
1525 3457 1879 3513 caelorum”:
1912 3475 1931 3508 ι
1969 3456 2147 3511 mani-

562 3557 762 3612 festum
807 3562 893 3611 est
928 3554 1205 3613 neminem
1259 3567 1369 3607 non
1415 3552 1751 3621 baptizatum
1801 3550 1856 3604 in
1892 3549 2025 3604 illud
2062 3549 2149 3602 in-

557 3663 901 3721 gressurum.
934 3647 989 3700 Id
1020 3654 1204 3700 autem
1233 3644 1302 3699 de
1340 3643 1500 3699 bonis
1548 3642 1850 3698 inﬁdelium
1887 3640 2147 3711 operibus

556 3747 645 3794 est
679 3739 1051 3804 sentiendum,
1084 3739 1167 3793 vel
1212 3752 1474 3808 prospera
1509 3751 1616 3806 qua
1654 3736 1742 3789 hic
1770 3742 1999 3788 utuntur
2038 3732 2149 3786 For-

556 3838 713 3889 tuna,
748 3828 1024 3897 propriam
1057 3827 1336 3897 percipere
1368 3824 1700 3881 mercedem.
1750 3823 1837 3878 vel
1868 3823 1925 3876 in
1960 3820 2149 3875 futuro

559 3920 764 3974 saeculo
806 3920 981 3974 levius
1027 3933 1151 3973 esse
1198 3913 1507 3986 puniendos
1539 3929 1702 3983 quam
1738 3920 1965 3968 casteros
2012 3911 2153 3965 inli—

559 4011 730 4067 deles.
759 4010 851 4080 qui
881 4010 1017 4063 nihil
1052 4008 1181 4063 boni
1204 4017 1450 4076 egerunt.
1474 4005 1631 4070 Quod
1672 4004 1721 4059 si
1753 4003 2021 4073 scriptum
2058 4002 2149 4067 sit,

567 4104 783 4156 «Gloria
815 4111 870 4157 et
900 4102 1077 4156 honor
1102 4110 1156 4153 et
1188 4114 1287 4168 pax
1329 4098 1480 4152 omni
1511 4097 1762 4167 aperanti
1798 4095 2024 4160 bonum,
2058 4090 2154 4146 Ju-

560 4196 680 4249 ἀπο
719 4194 956 4263 primum
1001 4200 1053 4245 et
1078 4189 1268 4244 Graeco
1290 4190 1360 4253 ³⁸,
1393 4208 1412 4239 ι
1440 4205 1511 4243 ne
1555 4188 1791 4242 mireris.
1850 4184 1975 4239 llaec
2007 4182 2154 4238 enim

561 4285 701 4339 dixit
726 4283 1015 4353 Apostolus
1030 4282 1097 4336 de
1128 4281 1194 4335 iis
1221 4281 1313 4350 qui
1337 4288 1463 4336 ante
1486 4279 1690 4335 Christi
1734 4278 2019 4334 adventum
2061 4291 2156 4330 ex-

562 4377 836 4430 stilerunt.

628 4466 850 4533 ρυιεετ.
899 4465 1009 4519 Cll.
1062 4464 1310 4520 llabetne
1359 4469 1521 4519 linem
1583 4472 1929 4533 peccatorum
1990 4481 2151 4537 paena
2174 4506 2228 4566 Β

558 4574 731 4614 necne
749 4559 773 4612 ?

628 4649 791 4704 ltcsr.
825 4647 961 4702 Cum
993 4647 1255 4703 Dominus
1276 4651 1426 4703 dicat
1447 4649 1516 4704 de
1547 4649 1635 4715 iis,
1681 4648 1776 4719 qui
1812 4657 1943 4703 sunt
1966 4651 2022 4703 in
2064 4666 2152 4720 ge-

561 4742 739 4795 lienna
769 4758 783 4795 :
817 4739 1066 4795 «Verulis
1099 4756 1288 4796 eorum
1326 4756 1437 4795 non
1468 4742 1754 4803 morietur,
1788 4749 1843 4794 et
1874 4741 2014 4812 ignis
2055 4755 2151 4795 eo-

559 4849 679 4887 rum
699 4849 807 4886 non
838 4833 1290 4902 exstinguetur“;
1311 4841 1392 4887 iet
1416 4848 1643 4888 rursus:
1669 4831 2022 4888 «Peccatores
2051 4847 2151 4885 au-

560 4932 667 4978 tem
700 4926 856 4979 ibunt
879 4925 933 4977 in
966 4939 1156 4993 pcenas
1185 4934 1455 4988 aeternas;
1492 4946 1511 4977 ι
1543 4941 1668 4979 cum
1696 4927 1824 4980 item
1853 4925 2148 4994 Apostolus

558 5015 706 5069 dicat
735 5034 750 5071 :
788 5014 996 5070 «Nolite
1024 5031 1234 5079 errare,
1274 5033 1453 5086 neque
1485 5017 1739 5081 adulteri,
1779 5032 1958 5087 neque
1986 5032 2143 5071 scor-

560 5115 787 5170 tatores,
814 5123 992 5177 neque
1015 5109 1227 5172 molles,
1261 5124 1440 5178 neque
1481 5110 1849 5163 masculorum
1883 5109 2145 5163 concubi-

565 5202 734 5258 tores.
769 5214 945 5266 neque
968 5198 1196 5257 ebriosi.
1245 5214 1420 5266 neque
1461 5199 1732 5262 maledici,
1773 5214 1950 5269 neque
1980 5216 2142 5268 rapa-

563 5302 655 5339 ces
684 5304 906 5357 regnum
939 5288 1033 5343 Dei
1057 5290 1412 5357 possidebunt
1432 5289 1473 5319 ⁶¹
1497 5308 1511 5343 :
1539 5309 1555 5339 ι
1575 5306 1642 5344 ex
1669 5291 1756 5345 his
1781 5291 2143 5361 liquetjusto-

566 5390 687 5428 rum
738 5386 996 5431 azternam
1042 5394 1166 5432 esse
1224 5379 1639 5443 beatitudinem,
1684 5387 1738 5435 et
1791 5390 2139 5450 peccatorum

637 5527 684 5559 ⁸⁸
720 5527 879 5584 Joan.
918 5548 998 5597 ιιι,
1030 5534 1084 5586 5.

784 5685 1140 5762 ῌρογνῶστης
1166 5687 1721 5762 καὶῄκαρδιογνώστης
1744 5690 1969 5762 quidam
2008 5706 2143 5748 mss.

640 5750 753 5822 μυ)
785 5750 918 5825 ὶὶοεζ
942 5757 997 5824 2,
1029 5750 1333 5828 φαρμακῶν
1358 5750 1451 5811 καὶ
1477 5750 1759 5815 ἐνυπνίῶν.

2239 1900 2456 1971 ζόμενοι
2492 1899 2667 1954 ταῦτα
2697 1900 2967 1970 λέγουσιν.
3007 1896 3133 1955 Οἷόν
3165 1919 3220 1955 τι
3257 1902 3514 1966 πολλάκις
3541 1902 3615 1965 ὡς
3646 1899 3814 1954 πνεύο

2242 2010 2386 2063 ματα
2435 1993 2602 2064 όρῶσι
2662 1994 2788 2056 τοὺς
2830 1991 3070 2065 ὄμϐρους
3126 1995 3254 2057 τοὺς
3297 1994 3546 2057 Ἰνδικοὺς
3585 1992 3815 2059 πολλοὺς

2237 2083 2575 2154 γινομένους,
2600 2084 2693 2137 καὶ
2718 2082 3196 2155 προλαμϐάνουσιν
3221 2086 3279 2138 ἐν
3306 2085 3587 2155 Αἰγύπτῳ,
3608 2085 3703 2138 καὶ
3727 2083 3817 2138 διὰ

2239 2176 2595 2247 φαρμακειῶν
2615 2176 2724 2245 (40)
2757 2177 2790 2248 ἢ
2816 2177 3132 2249 ὀνειράτων,
3162 2178 3404 2249 μεγάλην
3432 2178 3697 2232 ἀνάϐασιν
3720 2174 3816 2230 τοῦ

2238 2268 2435 2322 Νείλου
2464 2267 2713 2338 ποταμοῦ
2758 2268 3113 2339 μαντεύονται
3142 2269 3252 2340 (Μ)
3271 2286 3285 2299 ο
3329 2269 3423 2322 καὶ
3447 2268 3583 2322 ἄλλα
3608 2269 3666 2322 δέ
3696 2286 3819 2322 τινα

2240 2364 2403 2432 ὃμοια
2431 2362 2643 2426 τούτοις
2674 2362 3115 2434 διαπράττονται.
3151 2361 3421 2426 Πολλάκις
3460 2361 3515 2415 δὲ
3552 2364 3648 2415 καὶ
3689 2360 3816 2431 ψεύ-

2239 2454 2439 2509 δονται.
2461 2455 2571 2507 Καὶ
2598 2457 2626 2509 ό
2646 2453 2968 2525 βουλόμενος
2986 2453 3210 2518 τούτους
3243 2452 3457 2522 ἐλέγξαι
3490 2453 3731 2524 ὀρισάτω
3760 2453 3816 2505 ἐν

2238 2548 2306 2617 τῇ
2341 2544 2531 2598 ἐαυτοῦ
2561 2544 2729 2617 ψυχῇ,
2770 2545 2969 2599 ὑπόθου
2990 2547 3008 2566 ¹
3032 2545 3175 2624 πόσα
3222 2546 3529 2618 νομίσματα
3548 2545 3817 2598 διαδοῦναι

2240 2641 2320 2702 είς
2344 2639 2445 2709 τήν
2480 2637 2696 2711 αὔριον·
2745 2640 2838 2692 καὶ
2863 2636 3376 2711 προσκαλεσάμενος
3406 2638 3497 2692 τὸν
3526 2637 3819 2710 φαρμακὸν

2240 2731 2273 2799 ἢ
2302 2730 2392 2784 τὸν
2427 2730 2643 2801 μάντιν,
2678 2730 3010 2803 ἐρωτησάτω
3034 2731 3218 2794 αὐτὸν,
3242 2730 3382 2801 περὶ⁹
3402 2721 3463 2782 οῦ
3490 2728 3661 2800 ὥρισε
3680 2744 3694 2758 ·
3726 2729 3819 2784 καὶ

2243 2822 2462 2885 πάντως
2490 2823 2749 2895 εὑρήσεις
2777 2822 2940 2877 αὐτὸν
2978 2822 3141 2894 μηδὲν
3176 2822 3535 2893 ἐπιστάμενον
3561 2823 3736 2875 εἰπεῖν

2325 2912 2516 2985 Ἐρώτ.
2552 2920 2653 2985 ραν.
2692 2912 2908 2984 Ἐπειδή
2931 2930 3077 2977 τινες
3105 2915 3197 2967 καὶ
3226 2913 3490 2977 Ἰουδαῖοι,
3513 2913 3608 2966 καὶ
3627 2910 3820 2983 Ἐλλη-

2241 3022 2352 3071 νες,
2376 3004 2638 3069 πολλάκις
2662 3005 2912 3068 εὐποιίας
2937 3004 3280 3077 ἐργάζονται,
3302 2999 3412 3075 ἄρα
3442 3003 3531 3057 διά
3558 3003 3718 3057 τοῦτο
3741 3004 3820 3067 είς

2242 3097 2339 3170 τήν
2369 3096 2644 3169 βασιλείαν
2693 3097 2803 3151 τῶν
2843 3096 3088 3167 οὐρανῶν
3133 3096 3500 3169 είσέρχονταις
3542 3095 3577 3167 ἢ
3608 3095 3664 3150 τί
3716 3094 3821 3167 χρὴ

2244 3189 2373 3261 περὶ
2396 3188 2577 3243 αὐτῶν
2605 3186 2953 3257 λογίζεσθαις

2324 3282 2513 3335 Ἀπόκ.
2566 3280 2673 3334 Τοῦ
2733 3280 2940 3353 Κυρίου
2987 3280 3236 3350 λέγοντος
3290 3280 3429 3352 πρὸς
3475 3282 3525 3334 Ν
3531 3281 3819 3353 ικόδημον⁶

2251 3392 2269 3423 ι
2305 3371 2475 3445 Ἀμὴν
2499 3372 2644 3442 λέγω
2668 3389 2772 3438 σοι,
2800 3372 2895 3426 ἐάν
2933 3372 3007 3444 μή
3037 3390 3120 3436 τις
3149 3372 3383 3444 γεννηθῇ
3410 3372 3478 3425 δι’
3503 3371 3698 3437 ὓδατος
3723 3373 3819 3426 καὶ

2248 3462 2586 3534 Πνεύματος,
2625 3465 2685 3517 οὐ
2739 3465 2813 3536 μὴ
2871 3463 3087 3536 εἰσέλθῃ
3129 3466 3210 3527 εἰς
3240 3464 3340 3535 τὴν
3392 3462 3679 3534 βασιλείαν
3712 3463 3821 3517 τῶν

2246 3557 2488 3628 οὐρανῶν
2508 3574 2520 3586 ·
2564 3576 2583 3609 ι
2603 3557 2824 3629 εὔδηλον
2867 3556 2949 3609 δτι
2987 3555 3161 3619 οὐδεὶς
3192 3554 3524 3619 ἀϐάπτιστος
3547 3555 3631 3615 είς
3655 3555 3825 3625 αὐτὴν

2248 3646 2631 3703 εἰσελεύσεται.
2649 3648 2819 3701 Τοῦτο
2837 3645 2896 3699 δὲ
2922 3647 3027 3718 χρὴ
3051 3647 3179 3720 περὶ
3202 3645 3445 3700 ἀπίστων
3473 3645 3823 3716 ἀγαθοποιῶν

2249 3739 2592 3809 λογίζεσθαι·
2632 3740 2664 3812 ἡ
2696 3741 2779 3794 ὅτι
2808 3737 2900 3793 διὰ
2916 3738 3015 3809 τῆς
3041 3737 3276 3793 ἐνταῦθα
3316 3738 3497 3792 αὐτῶν
3524 3738 3824 3810 εὐημερίας

2249 3831 2340 3885 τὸν
2366 3831 2497 3884 ίδιον
2526 3831 2714 3903 μισθὸν
2750 3829 3151 3902 λαμϐάνουσιν
3182 3830 3217 3903 ἢ
3246 3831 3328 3884 ὅτι
3359 3832 3416 3884 ἐν
3465 3829 3543 3902 τῷ
3578 3829 3825 3902 μέλλοντι

2252 3922 2408 3976 αἰῶνι
2439 3922 2820 3995 ἐλαφροτέρως
2863 3919 3180 3985 κολάζονται
3225 3920 3376 3991 παρά
3426 3921 3554 3985 τοὺς
3608 3919 3826 3982 λοιποὺς

2253 4014 2539 4077 ἀπίστους,
2569 4014 2697 4075 τοὺς
2732 4010 2901 4083 μηδὲν
2922 4010 3124 4079 ἀγαθὸν
3154 4013 3509 4083 ποιήσαντας.
3544 4012 3611 4065 Εί
3639 4011 3699 4064 δέ
3734 4010 3827 4063 καὶ

2253 4105 2566 4177 γέγραπται
2585 4121 2599 4134 ·
2652 4124 2670 4155 ι
2695 4103 2833 4169 Δόξα
2875 4104 2969 4158 καὶ
2998 4104 3153 4174 τιμὴ,
3182 4103 3279 4158 καὶ
3306 4104 3495 4176 εἰρήνη
3540 4103 3709 4157 παντὶ
3751 4100 3827 4171 τῷ

2254 4194 2606 4265 ἐργαζομένῳ
2656 4195 2718 4248 τὸ
2765 4193 2966 4263 ἀγαθὸν
2993 4235 3008 4260 ,
3061 4193 3298 4264 Ἰουδαίῳ
3351 4210 3413 4246 τε
3461 4192 3681 4264 πρῶτον
3736 4191 3827 4246 καὶ

2258 4286 2498 4356 Ἕλληνι,
2529 4305 2548 4337 ι
2604 4286 2678 4357 μὴ
2725 4285 3027 4356 θαυμάσῃς.
3079 4286 3216 4356 Περὶ
3257 4284 3366 4356 γὰρ
3409 4283 3519 4337 τῶν
3570 4283 3681 4355 πρὸ
3728 4280 3824 4351 τῆς

2256 4377 2491 4450 Χριστοῦ
2522 4379 2820 4449 παρουσίας
2844 4377 3014 4431 ταῦτα
3044 4372 3196 4433 εἶπεν
3227 4377 3610 4439 ὁἈπόστολος.

2570 4472 2672 4543 (ιβ’.
2698 4467 2843 4542 *Αρα
2872 4469 2929 4523 δὲ
2957 4470 3069 4540 ἔχει
3094 4469 3247 4532 τέλος
3274 4469 3382 4522 τῶν
3415 4468 3758 4540 ἁμαρτωλῶν
3790 4471 3823 4540 ή

2255 4564 2495 4627 κόλασις,
2534 4564 2567 4633 ἢ
2599 4563 2661 4616 οὐ
2682 4580 2697 4627 ;

2336 4656 2525 4708 ’Δπόκ.
2551 4654 2657 4708 Τοῦ
2680 4657 2882 4726 Κυρίου
2901 4655 3148 4726 λέγοντος
3169 4656 3298 4726 περὶ
3324 4652 3435 4708 τῶν
3455 4655 3514 4709 ἐν
3541 4658 3607 4726 τῇ
3632 4654 3820 4725 γεέννῃ

2251 4749 2332 4800 ὃτι
2361 4764 2381 4797 ι
2413 4747 2474 4799 '0
2520 4746 2732 4817 σκώληξ
2763 4747 2940 4801 αὐτῶν
2971 4749 3032 4801 οὐ
3070 4747 3417 4816 τελευτήσει,
3469 4747 3564 4799 καὶ⁵
3607 4745 3672 4798 τὸ
3712 4744 3821 4816 πῦρ

2251 4836 2430 4891 αὐτῶν
2456 4838 2515 4889 οὐ
2548 4836 2936 4908 σϐεσθήσεται’
2965 4857 2983 4890 ι
3019 4840 3112 4893 καὶ
3151 4838 3311 4891 πάλιν
3332 4855 3346 4867 -
3386 4854 3405 4885 ι
3432 4838 3494 4889 Οί
3546 4836 3605 4889 δέ
3644 4837 3821 4907 ἀμαρ-

2249 4931 2411 4983 τωλοὶ
2452 4932 2532 4994 είς
2559 4932 2777 4984 κόλασιν
2804 4931 3022 4986 αἰώνιον
3042 4932 3429 4987 ἀπελεύσονται
3450 4945 3465 4961 ⁸
3495 4947 3515 4980 ι
3539 4930 3638 4983 καὶ
3665 4929 3821 4983 πάλιν

2248 5020 2343 5073 τοῦ
2360 5022 2682 5075 Ἀποστόλου
2719 5021 2997 5089 λέγοντος·
3036 5040 3055 5072 ι
3085 5023 3175 5093 Μὴ
3208 5020 3483 5076 πλανᾶσθε
3504 5060 3521 5085 ,
3550 5019 3678 5074 οὐτε
3705 5037 3821 5091 μοι-

2248 5110 2354 5181 χοὶ,
2392 5110 2517 5165 οὐτε
2543 5112 2767 5182 πόρνοι,
2802 5111 2925 5165 οὐτε
2955 5111 3211 5182 μαλακοὶ,
3250 5111 3373 5165 οὔτε
3420 5112 3817 5183 ἀρσενοκοῖται,

2247 5201 2371 5255 οὐτε
2403 5203 2646 5273 μέθυσοι,
2679 5204 2741 5257 οὐ
2775 5202 3023 5276 λοίδοροι,
3065 5205 3165 5273 οὐχ
3214 5204 3483 5275 ἅρπαγες,
3543 5202 3818 5273 βασιλείαν

2248 5294 2383 5348 Θεοῦ
2428 5295 2491 5347 οὐ
2548 5296 3081 5366 κληρονομήσουσιν
3118 5315 3138 5348 ι
3191 5290 3411 5365 εὔδηλον
3470 5296 3556 5349 ὅτι
3605 5293 3820 5355 αἰώνιος

2248 5385 2343 5438 καὶ
2365 5386 2398 5457 ἠ
2424 5383 2531 5437 τῶν
2560 5385 2784 5438 δικαίων
2810 5384 3128 5451 ἀπόλαυσις,
3159 5384 3255 5440 καὶ
3283 5385 3317 5457 ή
3346 5383 3453 5440 τῶν
3478 5382 3821 5460 ἁμαρτωλῶν

1160 5535 1205 5564 ⁸³
1245 5532 1404 5587 Rom.
1446 5550 1507 5598 ιι,
1546 5534 1632 5589 10.
1706 5536 1751 5565 ⁶⁰
1788 5533 1955 5589 Marc.
1996 5551 2075 5600 IX,
2110 5535 2199 5590 47.
2277 5538 2318 5567 ⁶¹
2361 5538 2525 5594 lCor.
2560 5555 2636 5601 vn,
2674 5540 2761 5594 10.

2253 5692 2446 5817 δεξῌ)
2503 5690 2626 5747 Haec
2669 5695 2788 5750 vide
2812 5696 2866 5749 in
2920 5695 3038 5751 l'ita
3086 5696 3328 5765 Antonii,
3381 5706 3516 5754 tom.
3558 5694 3583 5753 l
3628 5694 3824 5772 [ll],p.‘
