4088 6382
317 309 410 364 661

1263 309 1725 377 QUA‘JSTIONES
1762 311 1852 365 AD
1890 307 2297 365 ANTIOCHUM
2332 304 2591 363 DUCEM.
2623 304 2631 313 ’

3452 297 3560 353 66?.

319 429 552 501 ὑπάρχει
579 429 824 493 κόλασις.
855 429 966 482 Καὶ
999 428 1161 483 πάλιν
1186 428 1245 481 δέ
1278 447 1442 500 φησιν
1468 432 1496 482 6
1531 430 1735 502 Κύριος
1765 432 1895 502 περὶ

2002 445 2235 501 poenam.
2286 426 2501 482 Rursus
2542 424 2610 480 de
2654 421 2793 478 Juda
2848 419 2924 475 ait
2977 417 3283 473 Dominus:
3320 415 3558 470 «Bonum

317 522 411 576 τοῦ
447 521 641 587 Ἰούδα,
670 522 759 575 ὅτι
798 541 818 572 ι
858 520 1039 574 Καλὸν
1064 516 1133 593 ἦν
1163 521 1332 592 αὐτῷ,
1361 525 1410 576 εί
1432 524 1531 577 οὐκ
1560 524 1821 595 ἐγεννήθη
1859 526 1887 577 6

322 614 605 687 ἄνθρωπος
626 616 854 677 ἐκεῖνος.
883 633 902 665 ι
930 613 993 666 Et
1020 612 1078 666 δὲ
1101 612 1254 678 τέλος
1284 613 1394 683 έχει
1423 616 1456 685 ή
1485 614 1723 678 κόλασις,
1747 632 1887 684 συμ-

323 708 496 781 φέρει,
530 707 614 760 ὃτι
650 704 911 777 ἐγεννήθη
946 705 1042 760 καὶ
1067 707 1096 758 6
1133 705 1366 770 Ἰούδας,
1396 706 1491 759 ὲάν
1521 705 1617 776 ὀψέ
1648 722 1777 758 ποτε
1809 708 1890 769 εἰς

319 800 416 872 τὴν
448 798 722 871 βασιλειαν
746 798 856 852 τῶν
882 796 1128 868 οὐρανῶν
1159 796 1340 868 μέλλει
1377 797 1888 868 ἀποκατασταθῆναι

324 892 459 964 μετά
496 892 594 963 τὴν
632 890 874 956 κόλασιν,
919 889 1107 960 «homo
1143 890 1194 943 οι
1240 889 1505 960 αίρετικοὶ
1548 888 1888 960 πλανώμενοι

319 983 474 1039 τοῦτο
497 982 843 1056 μυθεύονται.

402 1074 596 1148 Ἐρώτ.
633 1082 734 1146 ργ’.
762 1075 933 1130 Πόθεν
960 1074 1200 1142 γίνονται
1229 1074 1526 1141 θανατικά;
1568 1074 1679 1127 Καὶ
1714 1072 1802 1126 διὰ
1836 1072 1889 1125 τί

320 1166 380 1222 ἐν
408 1184 518 1222 τισι
556 1165 764 1239 χώραις
793 1167 1088 1237 ὲρημικαῖς
1118 1162 1285 1217 ὲθνῶν
1318 1162 1576 1225 πολλάκις
1611 1162 1672 1214 οὐ
1710 1162 1887 1230 γίνον-

320 1276 428 1323 ται,
452 1256 565 1311 ἀλλ’
596 1257 672 1319 ὡς
696 1255 791 1308 ἐπὶ
818 1254 879 1307 τὸ
913 1254 1158 1307 πλεῖστον
1190 1254 1247 1306 ὲν
1275 1254 1393 1315 ταῖς
1421 1249 1765 1320 οἰκουμέναις
1797 1249 1891 1302 καὶ

322 1349 637 1420 πολυόχλοις
669 1348 859 1401 πόλεσι
885 1347 980 1401 καὶ
1010 1344 1374 1416 πολυκόπροις
1400 1342 1547 1414 (42);

400 1441 592 1495 ’Δπόκ.
631 1439 831 1493 Βαθεῖα
860 1438 1030 1502 ὅντως
1053 1440 1087 1509 ή
1130 1434 1223 1490 τοῦ
1264 1436 1619 1507 ἐρωτήματος
1659 1434 1889 1503 ἀπόκρι-

323 1551 424 1599 σις,
447 1533 540 1586 καὶ
567 1531 769 1600 ὀλίγοις
792 1530 900 1584 τῶν
946 1530 1039 1583 ἐπὶ
1063 1528 1167 1598 γῆς
1214 1528 1433 1599 χωρητή
1454 1544 1466 1557 ·
1499 1528 1669 1597 ὅμως,
1708 1524 1890 1588 καθώς

322 1641 483 1696 φησιν
527 1624 557 1676 6
588 1622 830 1693 Κύριος,
882 1638 902 1671 ι
940 1620 998 1673 '0
1032 1619 1221 1691 χωρῶν
1251 1616 1519 1689 χωρείτω.
1542 1636 1561 1669 ι
1610 1615 1738 1669 Ἐὰν
1780 1614 1890 1685 γὰρ

319 1716 580 1784 εἴπωμεν,
604 1714 687 1765 ὅτι
709 1710 964 1774 πολλάκις
987 1709 1080 1763 καὶ
1101 1709 1160 1775 ἐξ
1184 1708 1361 1782 ἀέρων
1379 1706 1514 1777 (42⁸)
1529 1705 1887 1777 φθοροποιῶν,

1989 533 2104 575 erat
2133 520 2205 586 ei,
2231 520 2278 573 si
2308 525 2468 572 natus
2505 531 2615 570 non
2637 512 2831 567 fuisset
2879 510 3042 563 homo
3081 509 3170 562 ille
3187 508 3283 561 ⁸³.)
3327 504 3482 573 Quod
3514 507 3559 563 si

1990 612 2149 667 linem
2183 611 2345 665 habet
2395 622 2579 678 pcena,
2609 613 2754 659 certe
2787 601 3008 672 prodest
3031 597 3185 653 Iuda:
3218 598 3364 669 quod
3396 606 3561 651 natus

1990 705 2081 769 sit,
2109 702 2157 757 si
2195 715 2318 756 sero
2361 698 2576 752 tandem
2619 704 2741 766 post
2774 690 3101 763 supplicium
3138 703 3362 759 regnum
3395 687 3564 741 caelo-

1989 811 2109 850 rum
2138 801 2221 849 est
2248 794 2620 863 ingressurus,
2651 784 3105 860 quemadmodum
3127 788 3376 838 errantes
3405 779 3564 833 fabu-

1989 888 2171 941 lantur
2199 883 2459 939 haeretici.

2026 1112 2027 1115 η
2060 1063 2279 1131 Qumsr.
2314 1059 2448 1117 Clli.
2482 1057 2638 1115 Unde
2670 1056 2921 1112 oriuntur
2964 1051 3265 1116 mortifera,
3299 1056 3353 1103 ct
3390 1061 3559 1118 quare

1992 1155 2047 1210 in
2074 1154 2401 1225 quihusdam
2428 1150 2660 1207 desertis
2689 1147 2927 1218 gentium
2951 1143 3264 1214 regionibus
3294 1155 3435 1210 saepe
3451 1153 3558 1192 non

1991 1246 2270 1309 eveniunt,
2305 1244 2401 1299 sed
2433 1251 2491 1296 ut
2525 1241 2818 1314 plurimum
2851 1240 2905 1293 in
2938 1234 3216 1309 populosis
3246 1241 3300 1289 et
3348 1231 3561 1301 magnis

1992 1338 2245 1403 urbibus,
2274 1337 2509 1405 limoque
2531 1331 2779 1402 repletis?

2062 1435 2229 1490 Rssr.
2267 1430 2519 1485 Difﬁcilis
2548 1435 2698 1483 certe
2736 1433 2821 1480 est
2856 1423 3020 1493 hujus
3059 1419 3377 1492 quazstionis
3410 1416 3559 1470 solu-

1993 1531 2091 1591 tio,
2126 1522 2396 1594 paucique
2424 1534 2543 1575 eam
2588 1522 2816 1586 possunt
2859 1501 3336 1583 capereftamen,
3380 1514 3441 1561 ut
3487 1504 3563 1558 ait

1994 1611 2275 1674 Dominus,
2298 1628 2316 1662 ι
2342 1609 2434 1680 qui
2458 1612 2635 1678 potest
2666 1618 2861 1674 capere
2886 1600 3151 1672 capiat”.
3177 1620 3195 1651 ›
3220 1599 3278 1653 Si
3307 1597 3451 1652 enim
3484 1595 3567 1649 di—

1991 1717 2180 1757 camus
2208 1715 2349 1770 szepe
2376 1713 2443 1753 ex
2473 1711 2597 1752 aere
2618 1701 2897 1763 corrupto,
2940 1700 2994 1746 et
3026 1689 3357 1761 pulveribus,
3384 1694 3439 1741 et
3484 1684 3567 1738 fe-

320 1807 410 1859 καὶ
434 1778 750 1876 κονιορτῶν,
768 1803 863 1857 καὶ
883 1801 1146 1864 δυσωδίας
1166 1778 1526 1877 θνησιμαίων,
1552 1798 1646 1852 καὶ
1670 1797 1891 1869 ὖμϐρων

2002 1802 2112 1849 lore
2143 1791 2494 1853 cadaverum,
2522 1786 2898 1855 imbribusque
2922 1782 3128 1838 aestivis
3165 1796 3231 1835 ac
3264 1778 3566 1835 exhalatio-

321 1894 579 1968 θερινῶν,
615 1897 712 1951 καὶ
745 1895 1177 1966 ἀναθυμιάσεων,
1210 1893 1303 1945 καὶ
1333 1889 1622 1962 ἀποφορῶν
1664 1890 1767 1960 γῆς
1798 1889 1892 1943 καὶ

319 1986 610 2059 θαλάσσης,
645 1987 791 2040 νόσοι
841 1983 1106 2055 σωμάτων
1143 1983 1237 2036 καὶ
1288 1980 1485 2052 φθοραὶ
1548 1980 1642 2034 καὶ
1674 1979 1892 2033 θάνατοι

316 2077 577 2145 γίνονται,
606 2075 809 2139 εὐθέως
834 2073 1068 2146 ἀμύητοι
1088 2089 1231 2136 τινες
1261 2069 1720 2141 ἐπιλαμϐάνονται
1745 2069 1892 2140 ἡμᾶς

316 2167 393 2231 ὡς
418 2166 737 2239 ἀπρονόητα
766 2165 836 2219 τά
869 2164 989 2219 καθ’
1012 2165 1161 2234 ἡμᾶς
1192 2162 1471 2230 λέγοντας.
1504 2159 1771 2224 Οῦστινας
1799 2160 1894 2213 καὶ⁸

319 2260 587 2331 ἐρωτῆσαι
617 2255 950 2329 βουλόμεθα·
988 2253 1192 2308 Εἴπατε
1225 2255 1376 2325 ἡμῖν,
1412 2247 1456 2306 ὦ
1491 2246 1657 2317 οὗτοι,
1686 2250 1804 2317 πῶς
1834 2251 1894 2305 ὲν

320 2350 469 2404 πόλει
489 2351 599 2403 τινὶ
629 2347 916 2404 θανατικὸν
948 2347 1154 2416 γίνεται
1176 2362 1191 2412 ;
1218 2347 1283 2399 ὲκ
1312 2343 1489 2415 δὲτῆς
1512 2344 1718 2407 πόλεως
1748 2343 1893 2397 ὲκεί-

319 2460 413 2513 νης
445 2442 788 2514 ὑπάρχουσιν
819 2442 877 2496 ὲν
918 2439 1132 2511 ἑτέραις
1177 2436 1379 2510 χώραις
1408 2434 1504 2490 δύο
1552 2435 1586 2508 ἢ
1629 2438 1776 2507 τρεῖς
1813 2453 1896 2507 χι-

319 2533 497 2598 λιάδες
549 2530 1093 2606 πραγματευομένων
1148 2528 1357 2601 ἀνδρῶν
1378 2569 1393 2595 ,
1449 2528 1545 2583 καὶ
1604 2527 1778 2591 οὐδεὶς
1836 2527 1895 2595 ἐξ

316 2625 497 2679 αὐτῶν
535 2623 929 2696 ὲτελεύτησενς
971 2623 1036 2676 Et
1083 2621 1195 2694 γάρ
1227 2620 1382 2693 θεῖκὴ
1420 2619 1558 2692 ὀργὴ
1606 2617 1749 2674 κατά
1794 2618 1894 2690 τῆς

320 2716 524 2779 πόλεως
569 2715 786 2785 ἐκείνης
835 2713 1101 2782 ἔφθασεν,
1152 2712 1321 2783 ἐχρῆν
1368 2712 1584 2775 πάντως
1639 2710 1731 2766 καὶ
1771 2709 1898 2773 τοὺς

318 2806 601 2880 πόρρωθεν
624 2805 784 2868 όντας
812 2805 910 2875 τῆς
946 2805 1115 2876 ὀργῆς
1143 2801 1470 2871 γεύσασθαιο
1507 2803 1555 2855 εἰ
1594 2801 1652 2855 δὲ
1691 2801 1785 2855 καὶ
1822 2799 1899 2871 μὴ

318 2899 547 2961 πάντας,
596 2895 734 2950 ἀλλά
781 2897 882 2951 κᾶν
929 2912 1082 2958 τινας
1131 2893 1191 2961 ἐξ
1237 2893 1436 2947 αὐτῶν.
1487 2892 1634 2965 Πλὴν
1683 2892 1769 2945 ἵνα
1822 2890 1898 2962 μὴ

316 2987 581 3059 δώσωμεν
625 2986 883 3059 ἀφορμὴν
929 2988 1043 3049 τοῖς
1083 2984 1259 3039 ταῦτα
1293 2983 1548 3056 ζητοῦσι,
1601 2983 1779 3053 φαμὲν
1818 2982 1900 3035 ὃτι

309 3078 585 3143 πολλάκις
634 3077 706 3131 τά
763 3076 865 3148 μὲν
910 3074 1020 3129 τῶν
1059 3072 1361 3128 θανατικῶν
1423 3072 1518 3127 καὶ
1572 3072 1715 3127 κατά
1762 3071 1897 3126 Θεοῦ

1993 1886 2158 1941 uibus
2185 1892 2241 1940 et
2275 1881 2575 1953 vaporibus
2607 1887 2765 1932 terra:
2795 1887 2850 1931 et
2878 1874 3070 1941 maris,
3111 1870 3334 1927 morbos
3370 1884 3570 1939 corpo—

2008 1992 2154 2043 rum,
2184 1973 2699 2045 corruptionemque
2741 1974 2796 2023 et
2838 1976 3065 2021 mortem
3114 1962 3341 2026 exoriri,
3378 1961 3567 2016 statim

1993 2065 2323 2137 inauspicati
2366 2062 2590 2135 quidam
2620 2059 2873 2115 homines
2913 2072 3014 2111 nos
3043 2055 3370 2111 adoriuntur
3410 2050 3569 2122 quasi

1992 2175 2252 2231 negemus
2275 2152 2616 2229 providentia
2644 2151 2758 2221 regi
2787 2164 2908 2221 quae
2938 2162 3039 2203 nos
3066 2151 3336 2217 spectant.
3364 2143 3433 2196 At
3468 2157 3571 2216 ego

1994 2252 2099 2308 hos
2118 2250 2280 2307 velim
2330 2249 2407 2303 ita
2456 2246 2795 2315 interrogare
2834 2239 3078 2305 :Dicite,
3126 2251 3337 2308 quaeso,
3381 2235 3567 2299 nobis,

1993 2358 2230 2417 quonam
2250 2339 2411 2396 modo
2440 2338 2497 2393 in
2524 2336 2704 2407 aliqua
2738 2333 2958 2389 civitate
2976 2330 3256 2400 corruptio
3288 2326 3569 2383 mortifera

2006 2433 2329 2494 orituriEx
2371 2434 2462 2488 illa
2510 2439 2690 2486 autem
2737 2428 2955 2483 civitate
3002 2424 3109 2480 duo
3134 2423 3219 2478 vel
3242 2422 3349 2477 tria
3394 2420 3568 2474 millia

1996 2529 2399 2600 negotiatorum
2443 2522 2605 2595 2M)
2652 2520 2933 2576 hominum
2975 2517 3029 2571 in
3075 2515 3198 2570 aliis
3255 2512 3573 2581 regionibus

1997 2606 2218 2692 degunt,
2249 2631 2520 2687 nemoque
2547 2614 2763 2669 illorum
2793 2607 3102 2665 moriatur?
3132 2605 3268 2661 Nam
3298 2605 3345 2661 si
3389 2604 3573 2659 divina

1997 2712 2079 2767 ira
2100 2711 2377 2765 civitatem
2409 2707 2560 2763 illam
2587 2701 2946 2774 impugnavit,
2977 2697 3223 2770 profecto
3256 2696 3379 2751 illos
3408 2694 3574 2751 etiam

1997 2803 2094 2873 qui
2144 2800 2333 2872 procul
2373 2803 2680 2863 morantur,
2765 2794 2902 2847 iram
2964 2787 3279 2860 bujusmodi
3335 2786 3576 2856 experiri

1997 2910 2213 2967 aequum
2258 2900 2398 2957 erat,
2440 2891 2527 2947 vel
2576 2890 2623 2947 si
2662 2904 2776 2943 non
2823 2899 3036 2949 omnes,
3086 2882 3277 2938 saltem
3321 2894 3387 2934 ex
3440 2876 3579 2947 ipsis

2000 2986 2315 3042 nonnullos.
2336 2982 2535 3039 Verum
2566 2997 2637 3037 ne
2669 2980 2738 3035 iis
2759 2977 2853 3049 qui
2890 2978 2993 3032 ista
3014 2980 3286 3045 quaerunt,
3327 2967 3575 3024 occasio-

2001 3095 2127 3136 nem
2178 3078 2538 3150 praebeamus,
2585 3072 2983 3144 respondemus
3035 3081 3179 3137 saepe
3234 3061 3577 3118 mortiferam

318 3170 553 3242 ἀπειλὴν
594 3170 866 3239 γίνονται’
894 3167 965 3222 τὰ
1009 3167 1067 3220 δὲ
1117 3166 1213 3221 καὶ
1248 3165 1389 3220 κατὰ
1432 3164 1611 3237 ἀέρων
1646 3166 1740 3219 καὶ
1789 3165 1896 3221 τῶν

2003 3170 2412 3241 corruptionem
2440 3184 2504 3223 ex
2538 3165 2630 3221 Dei
2665 3162 3093 3219 comminatione
3130 3156 3287 3220 oriri,
3323 3168 3579 3209 nonnun-

316 3263 523 3318 λοιπῶν
550 3262 763 3328 αἰτιῶν,
798 3255 875 3316 ὧν
902 3261 1310 3335 προειρήκαμεν
1338 3258 1471 3331 (45),
1506 3258 1650 3331 ἆπερ
1683 3259 1760 3323 ὡς
1805 3260 1897 3313 ἐπὶ

318 3356 379 3408 τὸ
415 3354 670 3408 πλεῖστον
708 3354 805 3408 καὶ
856 3351 1210 3423 καταφθείρει
1260 3350 1330 3404 τὰ
1374 3352 1584 3422 νήπια,
1618 3351 1695 3414 ὡς
1739 3350 1899 3405 ἀσθε-

318 3449 569 3521 νέστερα.
605 3448 755 3519 Πλὴν
802 3446 898 3500 καὶ
933 3445 1040 3499 τῶν
1080 3444 1256 3515 ἀέρων
1303 3444 1398 3497 καὶ⁹
1454 3442 1565 3496 τῶν
1592 3443 1897 3512 ἀναθυμιά-

322 3558 458 3596 σεων
519 3541 752 3612 ποιητής
787 3541 936 3592 ἐστιν
984 3540 1014 3591 6
1063 3536 1195 3599 Θεὸς
1236 3537 1265 3589 6
1310 3532 1511 3589 εἰπών’
1569 3552 1587 3586 ι
1629 3534 1763 3604 Οὐχὶ
1807 3532 1899 3586 δύο

322 3635 585 3708 στρουθία
642 3634 905 3706 ἀσσαρίου
964 3632 1243 3696 πωλεῖται,
1288 3631 1384 3686 καὶ
1417 3630 1475 3684 ἒν
1526 3628 1585 3694 ἐξ
1631 3629 1809 3684 αὐτῶν
1836 3629 1896 3681 ού

322 3731 572 3781 πεσεῖται
601 3727 694 3780 ἐπὶ
731 3728 831 3797 τῆς
862 3726 966 3795 γῆς
994 3725 1122 3779 ἄνευ
1171 3721 1265 3778 τοῦ
1313 3721 1528 3795 Πατρός
1560 3738 1662 3793 μου
1703 3719 1798 3773 τοῦ
1842 3720 1900 3774 έν

321 3818 609 3889 οὐρανοῖςς
642 3816 798 3887 ὑμῶν
827 3816 886 3870 δὲ
916 3816 1010 3869 καὶ
1028 3817 1081 3868 αί
1115 3814 1301 3887 τρίχες
1328 3814 1428 3885 τῆς
1461 3812 1705 3883 κεφαλῆς
1729 3813 1899 3866 πᾶσαι

322 3909 705 3992 ἠριθμημέναι
737 3908 864 3963 εἰσί.
889 3928 909 3962 ι

407 3998 603 4069 Ἐρώτ.
644 3999 744 4071 ρδ’.
776 3994 926 4071 Ἀρα
972 3998 1030 4053 δὲ
1072 3998 1384 4069 ἀφελεῖται,
1430 3997 1463 4069 ἢ
1496 3996 1784 4068 λυτροῦται
1837 3996 1901 4049 ἐκ

321 4090 619 4145 θανατικοῦ
654 4091 764 4145 ἀπὸ
796 4091 1004 4154 πόλεως
1032 4092 1112 4156 εἰς
1135 4089 1300 4160 ἀλλην
1330 4088 1545 4159 φεύγων
1573 4086 1791 4159 χώραν;

407 4185 596 4239 ’Δπόκ.
627 4182 736 4236 Τοῦ
771 4183 1059 4254 Προφήτου
1096 4183 1231 4253 πρὸς
1262 4181 1392 4235 Θεὸν
1432 4180 1710 4248 λέγοντοςο
1748 4198 1765 4230 ι
1790 4177 1899 4232 Ποῦ

326 4276 580 4348 πορευθῶ
609 4276 719 4329 ἀπὸ
748 4274 844 4328 τοῦ
874 4274 1184 4345 πνεύματός
1205 4290 1334 4340 σου;
1370 4272 1466 4328 καὶ⁴
1487 4272 1594 4326 ἀπὸ
1612 4272 1703 4325 τοῦ
1734 4288 1902 4341 προσ-

323 4365 476 4447 ώπου
512 4385 608 4421 σου
652 4366 757 4420 ποῦ
806 4366 996 4436 φύγω;
1048 4385 1066 4418 ι
1104 4364 1324 4437 εῦδηλον
1367 4364 1463 4435 μὲν
1502 4364 1584 4416 ὅτι
1631 4362 1723 4416 τὸν
1769 4361 1902 4415 Θεὸν

324 4459 591 4526 ἐκφυγεῖν
618 4458 796 4519 οὐδεὶς
816 4456 1059 4512 δύναται.
1090 4457 1155 4511 Εἰ
1174 4457 1232 4511 δὲ
1266 4457 1376 4528 ἀήρ
1414 4472 1518 4519 τις,
1554 4454 1587 4525 ἢ
1618 4454 1752 4524 άλλη
1788 4453 1903 4506 κτί-

2002 3278 2167 3335 quam
2198 3276 2327 3317 vero
2347 3274 2527 3314 aerem
2562 3257 2807 3325 aliasque
2847 3266 3043 3307 causas
3076 3249 3297 3309 habere,
3340 3258 3480 3313 quae,
3521 3250 3580 3296 ut

2006 3353 2314 3423 plurimum,
2335 3348 2570 3407 infantes
2599 3354 2783 3416 utpote
2804 3340 3188 3398 imbecilliores
3206 3337 3576 3406 exstinguunt.

2007 3444 2393 3499 Verumtamen
2440 3448 2492 3495 et
2526 3439 2667 3494 aeris
2705 3445 2758 3492 et
2792 3435 3201 3489 exhalationum
3258 3436 3451 3482 auctor
3496 3434 3580 3481 est

2008 3536 2151 3591 Deus
2178 3535 2273 3605 qui
2296 3534 2394 3596 ait,
2434 3530 2652 3586 tNonnc
2694 3529 2810 3600 duo.
2838 3540 3089 3597 passeres
3139 3537 3262 3578 asse
3318 3524 3577 3581 veneunt,

2004 3636 2058 3684 et
2090 3643 2232 3681 unus
2259 3642 2327 3681 ex
2358 3624 2465 3679 illis
2494 3638 2603 3676 non
2630 3621 2786 3675 cadet
2825 3634 2988 3688 super
3026 3624 3227 3671 terram
3278 3613 3399 3667 sine
3420 3609 3582 3664 Patre

2005 3729 2189 3777 vestro
2217 3718 2307 3788 qui
2342 3716 2397 3769 in
2420 3715 2573 3769 cmlis
2601 3712 2720 3767 est?
2743 3711 2903 3765 vestri
2938 3716 3118 3763 autem
3156 3705 3341 3775 capilli
3384 3701 3580 3774 capitis

2005 3827 2196 3869 omnes
2219 3807 2487 3864 numerati
2512 3805 2708 3861 sunt“.
2724 3823 2743 3856 ι

2084 3991 2305 4059 ρυκεετ.
2340 3988 2476 4045 CIV.
2510 3984 2650 4041 Num
2682 3984 2776 4054 qui
2809 3999 2876 4039 ex
2904 3982 3124 4038 civitate
3157 3981 3214 4035 in
3252 3978 3414 4032 aliam
3448 3975 3583 4046 fugit

2007 4087 2309 4155 regionem,
2343 4080 2599 4136 eximitur
2628 4092 2695 4132 ex
2725 4072 3011 4129 mortifera
3038 4069 3438 4139 corruptione?

2081 4176 2245 4229 Rssr.
2273 4171 2406 4226 Cum
2439 4168 2708 4238 Propheta
2740 4165 2805 4219 ad
2838 4162 3008 4217 Deum
3039 4161 3207 4223 dicat,
3253 4160 3403 4225 «Quo
3436 4156 3526 4211 ibo
3552 4170 3583 4209 a

2008 4268 2204 4339 spiritu
2240 4276 2355 4329 tuo,
2385 4271 2439 4319 et
2486 4277 2595 4333 quo
2641 4275 2673 4313 a
2723 4257 2860 4312 facie
2894 4264 2986 4309 tua
3042 4250 3363 4322 fugiamwh
3411 4250 3585 4320 liquet

2010 4359 2280 4414 nemiuem
2319 4354 2488 4411 Deum
2524 4366 2684 4422 posse
2722 4348 2982 4418 ell'ugero.
3013 4346 3084 4398 At
3125 4345 3172 4399 si
3205 4359 3299 4399 aer
3345 4340 3430 4397 vel
3472 4340 3582 4392 alia

2010 4466 2100 4505 res
2129 4454 2316 4504 creata
2346 4459 2516 4501 causa
2544 4450 2628 4499 est
2652 4432 3046 4519 corruptionis,
3080 4438 3218 4492 forte
3244 4436 3418 4506 ipsam
3448 4431 3584 4487 ellu-

326 4564 533 4617 σματος
578 4547 731 4602 αἰτία
764 4548 913 4601 ἐστὶν
948 4550 983 4618 ή
1028 4547 1090 4600 τὸ
1129 4546 1372 4618 λοιμικὸν
1423 4548 1731 4618 ποιήσασα,
1778 4546 1896 4608 [σως

2011 4541 2139 4612 giet,
2173 4538 2220 4593 si
2248 4541 2303 4591 in
2338 4536 2499 4590 aliam
2531 4538 2770 4588 transeat
2794 4530 3091 4600 regionem.

326 4639 589 4709 ἐκφεύγει
622 4640 816 4710 αὐτὴν,
849 4642 929 4703 είς
957 4640 1146 4711 ἑτέραν
1171 4638 1354 4710 χώραν
1393 4638 1654 4709 μεταϐὰς.

411 4731 602 4804 Ἐρώτ.
639 4729 736 4802 ρε’.
770 4730 940 4784 Πόθεν
969 4731 1185 4801 ὁρῶμέν
1219 4746 1368 4792 τινας
1401 4730 1496 4801 μὲν
1526 4729 1766 4790 δικαίους
1801 4726 1904 4796 ψυ-

326 4824 705 4894 χομαχοῦντας
734 4822 829 4874 ἐπὶ
865 4822 1077 4892 ἡμέρας
1117 4822 1211 4876 καὶ
1247 4820 1598 4893 κρινομένους
1618 4838 1630 4851 ·
1662 4820 1816 4882 τινὰς
1849 4819 1907 4871 δὲ

327 4914 689 4983 ἁμαρτωλοὺς
728 4911 1021 4985 εἰρηνικῶς
1068 4912 1161 4966 καὶ
1204 4914 1485 4985 συντόμως
1533 4912 1908 4982 ἀποθνήσκον-

321 5022 429 5070 τας
459 5006 605 5077 (44);

417 5098 603 5151 Ἀπόκ.
667 5096 855 5150 Πάντα
905 5095 974 5149 τά
1019 5094 1258 5167 κρίματα
1288 5097 1387 5152 τοῦ
1436 5096 1570 5150 Θεοῦ
1619 5092 1911 5164 γινώσκειν

329 5188 433 5260 μὲν
466 5187 733 5242 ἀδύνατόν
764 5188 903 5249 ἐστι,
940 5185 1033 5239 καὶ⁸
1063 5184 1149 5239 διὰ
1182 5186 1336 5241 τοῦτο
1368 5185 1530 5240 καλὸν
1574 5186 1811 5254 ὑπάρχει
1840 5180 1915 5252 μὴ

403 5345 446 5377 ⁶¹
487 5344 680 5400 Matth.
720 5358 884 5408 xxvi,
914 5342 1003 5395 9.1.
1078 5342 1122 5372 ⁸³
1162 5341 1350 5400 Matth.
1390 5359 1520 5408 ιιι,
1558 5342 1645 5397 l2.
1724 5338 1771 5371 “
1810 5337 1890 5391 Ma

2035 5352 2101 5400 χ,
2136 5333 2239 5399 29,
2276 5334 2364 5388 50.

376 5500 630 5604 Litana
670 5515 809 5555 mss.
839 5498 979 5553 Editi
1017 5513 1165 5564 vero,
1209 5498 1572 5571 πολλοιόχλοις
1614 5498 1710 5551 καὶ
1754 5493 1915 5548 πολυ-

336 5588 646 5718 ῗίᾞὲζῖίὲδ
678 5639 1054 5718 ιηρηιιξριςῑριῖ.
1081 5636 1220 5718 Edili
1247 5656 1397 5706 vero,
1428 5638 1486 5704 ἐξ
1510 5638 1745 5710 ἄστρων.
1774 5635 1916 5691 Infra

334 5708 493 5766 iidem
505 5707 529 5783 ,⁷
545 5710 765 5785 φθοραί.
790 5707 969 5777 Ειιὶιί,
982 5707 1174 5779 φθορά.

2040 4720 2299 4786 ίρυιεετ.
2332 4715 2442 4774 CV.
2466 4714 2750 4771 Undenam
2774 4709 3018 4765 videmus
3044 4707 3219 4778 iustos
3236 4704 3444 4774 aliquos
3464 4701 3584 4755 diu-

2012 4813 2122 4868 tius
2157 4814 2213 4866 in
2244 4820 2487 4866 extremo
2520 4808 2644 4863 vita:
2669 4806 2839 4860 halitu
2868 4802 3048 4857 anima
3084 4814 3328 4870 pugnare
3354 4803 3408 4851 et
3437 4792 3586 4863 judi~

2014 4905 2169 4969 cari;
2196 4910 2388 4957 contra
2417 4908 2620 4964 autem,
2653 4903 2966 4968 peccatores
3006 4891 3282 4946 interdum
3316 4886 3500 4960 quiete
3533 4891 3586 4937 ct

2017 4999 2128 5053 cito
2158 4996 2334 5050 mori?

2092 5085 2256 5141 Resp.
2287 5083 2481 5137 Omnia
2523 5082 2744 5153 quidem
2793 5078 2889 5134 Dei
2930 5076 3139 5147 judicia
3186 5066 3443 5142 cognosci
3483 5082 3590 5121 non

2024 5184 2273 5250 possunt,
2324 5175 2555 5245 ideoque
2605 5189 2706 5229 nec
2760 5170 3012 5242 nos,h:£c
3058 5164 3275 5221 curiose
3314 5160 3592 5231 inquirere

2443 5332 2486 5363 ⁸⁸
2526 5330 2669 5387 Psal.
2703 5343 2981 5399 cxxxvul,
3009 5327 3060 5382 6.

2093 5491 2204 5560 (ιδ)
2257 5491 2331 5543 lta
2376 5502 2509 5560 [ηδε.
2566 5485 2707 5560 Editi
2750 5499 2899 5560 vago,
2930 5484 3050 5560 νείκε’
3085 5470 3599 5560 ἀρἰέρωῖἅαῖτδῖτ

2021 5540 2223 5615 adeo;
2256 5540 2445 5627 αἰτιῶν
2466 5540 2793 5627 προφάσεις,
2817 5540 2914 5612 ὧν.
2944 5552 3088 5608 Infra
3117 5540 3244 5608 item
3270 5547 3422 5610 editi,
3444 5540 3603 5598 ἀστέο-

2026 5646 2336 5705 ρων-.-ιηξ-εη
2361 5626 2421 5681 ἁέ

2097 5701 2205 5773 (Η)
2237 5700 2367 5773 Reg.
2414 5692 2468 5763 δὲ,
2519 5692 2864 5759 ἐκπνέοντας.
