4088 6382
516 300 621 356 665
1675 304 1732 358 S.
1771 304 2080 359 ATHANAE

2185 303 2227 359 Ξ.
2271 332 2338 342 -—
2375 300 2643 357 SPURIA.
3670 303 3772 358 σοι

510 418 672 474 decet
705 435 720 474 :
757 419 803 473 si
839 420 966 489 quid
992 427 1170 473 tamen
1194 419 1509 488 conjectare
1538 421 1803 478 valemus,
1859 435 2080 489 respon-

2193 419 2670 492 πολυπραγμονεῖν
2702 421 2847 490 ἡμᾶς
2874 420 3016 473 αὑτά
3038 438 3052 452 ·
3102 421 3250 492 ὅμως
3293 420 3354 474 δὲ
3387 419 3478 475 καὶ
3518 422 3772 492 στοχαζό-

511 508 709 565 demus
732 511 851 579 pios
883 515 1026 564 viros
1060 511 1142 563 vel
1166 518 1292 564 ante
1321 520 1548 565 mortem
1575 511 1657 565 vel
1685 512 1736 565 in
1765 520 1941 571 morte
1962 528 2080 565 cru-

2194 529 2344 581 μενοι
2394 512 2660 582 λέγομεν·
2714 512 2796 564 ὅτι
2833 511 3092 576 πολλάκις
3132 512 3226 565 καί¹
3283 512 3478 581 ἄνδρες
3527 513 3772 578 εὑσεὸετς

511 601 674 666 ciari,
701 610 756 654 ut
794 618 914 663 nos,
949 603 1038 670 qui
1071 618 1134 656 ea
1168 601 1435 664 videmus,
1487 603 1777 658 timeamus
1807 613 1860 657 et
1900 618 2089 658 cmen-

515 691 728 744 demur.
779 690 1052 746 Fortassis
1082 699 1262 746 autem
1313 693 1510 759 sancti,
1557 703 1613 747 ut
1658 694 1931 758 homines,
1983 697 2087 752 levi

517 780 699 850 aliquo
726 781 938 835 defectu
970 783 1259 851 inquinati,
1299 783 1610 852 bujusmodi
1659 787 1930 850 cruciatu,
1977 803 2088 858 quo

515 875 569 927 in
594 882 766 928 morte
797 875 1130 941 afficiuntur,
1165 877 1407 946 perfecte
1428 879 1666 949 purgati,
1715 882 1840 950 puri
1867 879 2090 936 demum

511 967 675 1020 deced
685 976 798 1021 unt.

580 1144 801 1209 Qu.£s'r.
839 1144 972 1199 CVI.
1009 1145 1189 1210 Quare
1217 1146 1486 1210 homines,
1522 1154 1582 1201 ut
1603 1147 1901 1217 plurimum
1927 1155 2090 1203 nocte

508 1247 833 1302 nascuntur,
857 1246 910 1292 et
944 1248 1102 1294 nocte
1133 1240 1485 1295 moriuntur?

579 1328 744 1385 ﬁsse.
779 1329 910 1384 Mihi
948 1332 1164 1386 videtur
1195 1333 1247 1387 id
1295 1334 1419 1388 ideo
1451 1335 1566 1388 fieri
1599 1343 1656 1388 ut
1685 1335 1790 1389 hoc
1836 1337 2085 1406 exemplo

509 1423 788 1478 discamus
819 1424 1165 1479 tenebrosam
1199 1441 1322 1481 esse
1359 1427 1646 1497 pmsentis
1674 1429 1800 1482 vitae
1830 1428 2086 1482 nativita-

509 1525 614 1566 tem
638 1523 692 1568 et
716 1515 1122 1579 dormitionem,
1174 1517 1288 1572 sive
1315 1518 1370 1571 in
1399 1518 1537 1572 hanc
1566 1519 1734 1573 vitam
1775 1520 2083 1592 ingressum

506 1609 560 1655 et
589 1603 793 1656 exitum
829 1620 894 1658 ex
929 1605 1141 1659 eadem.

570 1689 791 1755 Ουκεετ.
824 1691 980 1745 CVII.
1008 1693 1119 1747 Cur
1145 1694 1312 1764 aliqui
1352 1695 1646 1749 difficulter
1674 1705 1868 1751 contra
1910 1698 2082 1752 forni-

2191 603 2570 671 βασανίζονται
2610 602 2717 672 πρὸ
2744 601 2975 654 Θανάτου
3006 603 3064 654 ὲν
3094 601 3172 673 τῷ
3197 602 3414 672 θανάτῳ
3433 619 3446 632 ·
3483 602 3570 655 ἵνα
3607 605 3770 673 ἡμεῖς

2188 695 2237 746 oi
2259 692 2494 766 ὁρῶντες
2525 691 2850 764 φοϐηθῶμεν
2879 693 2973 746 καὶ
3007 691 3490 763 σωφρονισθῶμεν.
3525 694 3687 754 Ἴσως
3713 692 3770 744 δὲ

2188 787 2284 840 καὶ
2332 786 2408 849 ὡς
2460 784 2736 856 ἄνθρωποι
2787 787 2835 838 oi
2893 786 3075 855 ἅγιοι,
3126 783 3322 855 μικρόν
3369 800 3430 836 τε
3479 783 3768 854 ἐλάττωμα

2189 878 2422 948 ἔχοντες,
2447 877 2535 930 διὰ
2571 877 2670 947 τῆς
2691 875 2946 948 τοιαύτης
2975 876 3208 946 βασάνου
3240 876 3343 946 τῆς
3373 876 3433 928 ὲν
3463 874 3544 946 τῷ
3591 875 3766 946 καιρῷ

2187 967 2281 1019 τοῦ
2333 966 2562 1019 Θανάτου
2619 964 2842 1031 τελείως
2891 964 3244 1036 καθαίρονται
3303 963 3524 1034 ἄμωμοι
3581 963 3765 1017 λοιπὸν

2187 1061 2292 1113 ἀπε
2303 1058 2574 1128 ρχόμενοι-.

2272 1149 2466 1220 Ἐρώτ.
2506 1154 2614 1220 pg’.
2649 1148 2805 1212 Τίνος
2827 1147 2988 1219 χάριν
3012 1148 3064 1200 οἱ
3087 1146 3306 1210 πλείους
3327 1145 3436 1200 τῶν
3463 1145 3765 1219 ἀνθρώπων

2187 1243 2244 1295 ὲν
2279 1241 2436 1295 νυκτὶ
2465 1242 2762 1305 τίκτονται,
2791 1239 2886 1294 καὶ
2915 1241 2972 1292 ὲν
2995 1239 3150 1292 νυκτὶ
3182 1237 3532 1303 τελευτῶσιν;

2271 1332 2459 1384 ’Δπόκ.
2499 1331 2652 1401 Ἐμοὶ
2677 1330 2842 1393 δοκεῖ,
2879 1329 2964 1382 ἵνα
2988 1328 3248 1400 μάθωμεν
3279 1329 3368 1382 διὰ
3395 1328 3488 1382 τοῦ
3520 1327 3762 1382 τοιούτου

2187 1422 2601 1492 ὑποδείγματος,
2639 1421 2720 1474 ὅτι
2765 1420 3013 1490 σκοτεινὴ
3068 1420 3302 1492 ὑπάρχει
3339 1420 3434 1473 τοῦ
3491 1419 3758 1490 παρόντος

2187 1513 2303 1583 βίου
2351 1514 2512 1582 καὶὴ
2559 1511 2813 1582 γέννησις
2865 1511 2959 1564 καὶ
2991 1513 3024 1581 ἡ
3083 1511 3370 1583 κοίμησις,
3415 1511 3585 1582 ἤγουν
3618 1512 3652 1581 ἡ
3705 1512 3764 1562 ὲν

2185 1603 2336 1676 αὑτῶ
2367 1604 2574 1666 εἴσοδος
2600 1602 2695 1656 κα)⁸
2718 1601 2779 1666 ἐξ
2805 1601 2972 1656 αὑτοῦ
3006 1600 3206 1666 ἔξοδος.

2258 1697 2370 1764 (45)
2411 1694 2603 1766 Ἐρώτ.
2639 1692 2738 1764 ρξ’.
2773 1692 2944 1746 Πόθεν
2981 1691 3124 1754 τινες
3165 1690 3263 1762 μὲν
3299 1689 3552 1761 χαλεπῶς
3591 1691 3672 1752 είς
3701 1689 3773 1742 τὸ-

507 1781 744 1835 eationis
776 1783 968 1836 vitium
1003 1784 1283 1838 decertant
1315 1804 1327 1840 :
1365 1787 1534 1855 aliqui
1565 1796 1746 1842 autem
1779 1790 1891 1844 fere
1922 1801 2080 1842 natu-

2187 1787 2358 1849 πάθος
2389 1787 2490 1855 τῆς
2525 1785 2784 1856 πορνείας
2817 1783 3214 1854 πολεμοῦνται·
3249 1783 3391 1846 τινὲς
3414 1781 3471 1835 δὲ
3515 1780 3761 1850 φυσικῶς

507 1874 694 1928 raliter
727 1876 796 1929 ab
845 1876 1156 1945 hujusmodi
1212 1881 1488 1935 abstinent
1532 1880 1826 1952 voluptate,
1862 1884 2080 1939 tametsi

509 1965 680 2020 obeso
713 1982 855 2036 saepe
889 1978 1015 2022 sunt
1044 1971 1310 2039 corpore?

578 2056 740 2112 Resr.
771 2057 1142 2114 Humanarum
1174 2077 1466 2134 corporum
1496 2065 1666 2120 libido
1695 2067 1872 2120 oritur
1899 2067 1982 2121 vel
2013 2083 2080 2122 ex

509 2150 688 2204 calido
719 2153 970 2221 corporis
993 2162 1441 2222 temperamento,
1465 2156 1549 2210 vel
1587 2172 1651 2209 ex
1695 2157 2081 2210 abundantiori

509 2243 653 2304 cibo,
677 2257 870 2297 somno
894 2250 948 2298 et
975 2245 1178 2314 quiete,
1201 2245 1340 2302 forte
1366 2249 1528 2302 etiam
1551 2263 1616 2302 ex
1643 2248 1896 2302 Satanica
1918 2249 2081 2302 insti-

511 2335 750 2404 gatione.
784 2334 989 2401 Quarta
1031 2352 1160 2392 vero
1211 2353 1352 2406 saape
1390 2353 1556 2393 causa
1597 2349 1700 2403 est,
1753 2338 1897 2408 quod
1942 2339 2080 2393 alios

509 2425 958 2481 condemnemus.
989 2426 1186 2492 Quinla
1211 2443 1274 2482 ex
1308 2428 1560 2498 superbia
1586 2429 1781 2490 oritur,
1805 2443 1928 2481 cum
1957 2429 2081 2496 quis

510 2517 720 2571 scilicet
751 2517 1082 2573 insolentius
1111 2535 1170 2574 se
1200 2519 1354 2574 effert
1395 2519 1465 2573 ob
1491 2519 1823 2574 castitatem.
1854 2517 1904 2572 Is
1933 2518 2082 2572 enim

509 2607 707 2662 cadere
737 2610 1091 2678 permittitur,
1126 2617 1183 2664 ut
1206 2627 1299 2681 per
1329 2610 1744 2666 fornicationem
1768 2611 2082 2681 superbiam

509 2699 767 2767 deponat,
800 2710 854 2754 et
873 2701 938 2754 ad
965 2701 1325 2756 humilitatem
1359 2703 1660 2772 perductus
1690 2705 1921 2757 salutem
1950 2715 2082 2755 con-

510 2799 789 2860 sequatur.
827 2792 883 2846 Si
914 2795 1058 2847 enim
1100 2793 1210 2848 duo
1247 2795 1338 2848 illa
1387 2810 1676 2864 compares
1719 2795 1874 2859 vitia,
1922 2801 2084 2846 natu-

510 2884 642 2938 ralis
662 2883 831 2939 libido
858 2886 1106 2955 corporis
1133 2886 1304 2940 levior
1337 2895 1420 2942 est
1455 2888 1642 2956 lapsus
1682 2901 1845 2956 quam
1891 2901 2083 2956 super-

509 2976 614 3030 bia.
645 2975 904 3031 Nonnulli
935 2988 1113 3033 autem
1145 2979 1282 3034 casti
1315 2987 1444 3034 sunt
1471 2980 1554 3034 vel
1581 2979 1725 3049 quod
1765 2994 1797 3032 a
1824 2978 1933 3034 Deo
1964 2994 2086 3048 pro-

507 3078 781 3140 tegantur,
819 3073 905 3128 vel
958 3073 1102 3142 quud
1147 3071 1328 3143 frigidi
1363 3075 1476 3128 sint
1527 3072 1962 3144 temperamenti,
1999 3071 2083 3125 vel

2185 1879 2365 1949 σχεδὸν
2395 1878 2494 1948 τῆς
2526 1877 2782 1948 τοιαύτης
2813 1877 3006 1948 ἡδονῆς
3042 1875 3356 1946 ἀπέχονται,
3395 1875 3594 1945 καίπερ
3626 1872 3760 1926 πολ-

2181 1969 2337 2032 λάκις
2363 1967 2698 2040 περιπληθὲς
2733 1967 2892 2038 σῶμα
2923 1968 3333 2039 περικείμενοι;

2265 2061 2451 2114 Ἀπόκ.
2494 2061 2559 2114 Ἦ
2593 2060 2701 2114 τῶν
2725 2061 2996 2132 σωμάτων
3026 2060 3136 2114 τῶν
3160 2059 3461 2132 ἀνθρώπων
3496 2061 3762 2132 ἐπιθυμία

2180 2151 2388 2220 γίνεται
2429 2151 2463 2222 ἢ
2513 2153 2578 2204 ὲκ
2623 2151 2834 2222 θερμῆς
2875 2150 3128 2220 κράσεως
3177 2150 3270 2204 τοῦ
3321 2149 3590 2221 σώματος,
3625 2151 3660 2222 ἢ
3696 2153 3768 2205 ἐκ

2181 2243 2502 2313 πλειοτέρας
2546 2243 2754 2314 τροφῆς
2803 2243 2898 2296 καὶ
2920 2241 3088 2294 ὕπνου
3125 2243 3219 2296 καὶ
3245 2241 3480 2306 ἀνέσεως
3499 2259 3510 2274 ·
3546 2243 3676 2305 ἴσως
3705 2243 3762 2296 δὲ

2183 2333 2276 2385 καὶ
2323 2331 2382 2396 ἐξ
2414 2331 2694 2402 ἐνεργείας
2735 2334 3029 2402 σατανικῆς
3111 2331 3376 2402 ῖτέταρτον
3407 2330 3464 2384 δὲ
3504 2331 3764 2395 πολλάκις

2184 2423 2278 2475 καὶ
2310 2425 2374 2475 ἐκ
2406 2422 2500 2474 τοῦ
2549 2422 2898 2493 κατακρίνειν
2947 2423 3199 2494 ἑτέρους·
3259 2422 3513 2492 πέμπτον
3557 2424 3650 2476 καί
3703 2421 3764 2486 εξ

2183 2513 2631 2584 ὑψηλοφροσύνης
2657 2553 2672 2578 ,
2724 2515 2854 2568 ὃταν
2929 2531 3011 2577 τις
3078 2514 3453 2585 μεγαλοφρονῇ
3520 2514 3612 2566 ἐπὶ
3693 2517 3762 2584 τῇ

2183 2605 2379 2658 ἑαυτοῦ
2411 2606 2632 2676 ἁγνεία·
2658 2607 2686 2658 6
2713 2605 2822 2677 γὰρ
2846 2606 3086 2669 τοιοῦτος
3113 2608 3522 2677 παραχωρεῖται
3552 2608 3759 2669 πεσεῖν,

2183 2697 2330 2760 ὅπως
2362 2697 2452 2750 διὰ
2471 2698 2570 2768 τῆς
2603 2698 2860 2770 πορνείας
2891 2698 3190 2751 ἀπωθεῖται
3223 2698 3321 2770 τὴν
3357 2699 3760 2769 ὑπερηφανίαν,

2183 2791 2277 2842 καὶ
2332 2788 2620 2860 ὁδηγηθεὶς
2671 2791 2753 2853 είς
2810 2790 3306 2861 ταπεινοφροσύνην
3353 2792 3610 2862 τεύξηται
3659 2788 3760 2858 τῆς

2187 2879 2458 2951 σωτηρίας
2477 2897 2490 2910 ’
2535 2882 2592 2934 ἐν
2621 2881 2730 2952 γὰρ
2757 2881 3042 2953 συγκρίσει
3079 2881 3170 2934 δύο
3194 2881 3382 2936 κακῶν
3436 2881 3761 2950 κουφότερον

2185 2971 2420 3042 ὑπάρχει
2464 2971 2617 3043 παρὰ
2665 2972 2762 3043 τὴν
2810 2973 3188 3044 ὑπερηφανίαν
3235 2975 3483 3042 πταῖσμα
3531 2973 3564 3042 ἡ
3622 2970 3766 3022 κατὰ-

2189 3061 2346 3132 σῶμα
2381 3063 2585 3133 φυσικὴ
2637 3062 2921 3133 ἐπιθυμία.
2959 3063 3270 3132 Ἀγνεύουσι
3312 3063 3369 3115 δέ
3400 3079 3546 3125 τινες
3588 3060 3623 3132 ἢ
3657 3059 3760 3113 ὑπὸ

505 3163 653 3232 quod
691 3166 861 3218 multa
904 3167 1296 3221 exercitatione
1342 3167 1448 3220 sibi
1496 3165 1630 3236 ipsis
1667 3165 1775 3218 vim
1827 3165 2078 3226 fecerint,

2185 3153 2320 3206 θεοῦ
2359 3153 2705 3224 σκεπόμενοι,
2741 3154 2774 3224 ἢ
2829 3154 3043 3225 ψυχρᾶς
3072 3173 3216 3218 τινος
3256 3155 3594 3226 ὑπάρχοντες
3622 3152 3760 3223 κρά-

507 3270 606 3309 nec
644 3271 972 3327 quemquam
1010 3258 1512 3329 condemnaverint.
1560 3256 1713 3323 Quod
1761 3257 1806 3311 si
1856 3255 2078 3325 superbi

505 3347 674 3417 aliqui
705 3349 816 3404 sint
839 3354 1000 3414 casti,
1039 3351 1320 3405 sciendum
1365 3359 1447 3405 est
1479 3351 1606 3406 illos
1641 3367 1671 3404 a
1727 3351 1946 3404 diabolo
1975 3365 2075 3403 ne-

505 3441 656 3510 gligi,
681 3443 828 3512 quod
883 3445 1000 3497 sola
1033 3443 1286 3512 superbia
1333 3459 1443 3512 prae
1473 3444 1597 3498 aliis
1624 3443 1880 3498 omnibus
1927 3442 2077 3497 vitiis

506 3533 744 3590 sufficiat
767 3537 835 3591 ad
861 3537 983 3592 illos
1012 3537 1200 3592 azterni
1224 3537 1479 3608 supplicii
1499 3551 1624 3592 reos
1638 3535 2076 3591 constituendos.

567 3795 789 3862 qus'r.
816 3795 998 3850 CVIII.
1029 3795 1201 3862 Quale
1249 3797 1465 3866 signum
1511 3797 1818 3852 habendum
1859 3807 1945 3855 est
1979 3799 2078 3854 ho-

408 3913 412 3916 -
504 3884 663 3947 mini,
715 3902 785 3941 ne
839 3887 1101 3956 deceptus
1149 3889 1416 3958 suscipiat
1457 3887 1880 3955 Autichristum,
1921 3898 2077 3946 ratus

502 3976 783 4032 Christum
819 3977 996 4046 ipsum
1021 3979 1180 4033 csse?-

575 4067 738 4123 Rt-zsp.
772 4068 886 4123 Hoc
916 4070 1093 4140 ipsum
1121 4069 1267 4139 quod
1303 4070 1462 4124 nobis
1492 4069 1754 4126 Dominus
1786 4073 1871 4127 his
1894 4072 2077 4128 verbis

505 4159 674 4222 dedit,
700 4159 907 4214 scilicet
937 4159 1081 4229 quod
1116 4161 1289 4214 «sicut
1313 4159 1496 4229 fulgur
1525 4162 1637 4215 exit
1687 4163 1755 4216 ab
1795 4164 2006 4217 oriente
2025 4174 2078 4219 et

505 4256 661 4319 paret
687 4265 861 4319 usque
883 4250 941 4304 in
971 4249 1333 4314 occidentem,
1366 4251 1438 4303 ita
1471 4251 1576 4304 erit
1600 4258 1654 4306 et
1678 4253 1956 4309 secundus
1981 4254 2078 4307 ad-

503 4352 699 4397 ventus
737 4340 856 4396 Filii
911 4341 1109 4395 Dei‘m
1159 4340 1315 4412 241
1369 4341 1500 4398 Inde
1543 4343 1810 4400 discimus
1859 4361 2076 4400 omnem

504 4443 795 4488 venturum
824 4434 1126 4499 Christum,
1178 4434 1268 4503 qui
1301 4450 1409 4488 non
1443 4435 1651 4500 statim,
1692 4435 1881 4491 eadem
1916 4438 2072 4502 liora,

2190 3263 2346 3308 σεως,
2381 3245 2414 3315 ἢ
2449 3244 2539 3297 διὰ
2593 3245 2794 3316 πολλῆς
2824 3247 3132 3316 ἀσκήσεως,
3169 3246 3394 3307 ἑαυτοὺς
3429 3242 3762 3313 βιαζόμενοι,

2186 3336 2278 3390 καί
2307 3353 2429 3388 τινα
2471 3335 2545 3407 μὴ
2591 3338 3031 3407 κατακρίνοντες.
3068 3338 3132 3390 Ei
3169 3337 3227 3390 δὲ
3272 3335 3366 3389 καί
3412 3351 3556 3399 τινες
3590 3335 3760 3404 ὑπερ-

2185 3429 2429 3499 ηφανίαν
2457 3427 2670 3498 ἔχοντες
2700 3429 3010 3496 ἁγνεύουσι,
3048 3429 3151 3500 χρὴ
3184 3427 3471 3497 γινώσκειν
3495 3428 3624 3490 τοὺς
3652 3443 3762 3479 τοι-

2183 3521 2394 3586 ούτους,
2425 3522 2507 3574 ὄτι
2543 3539 2648 3592 περ
2673 3521 2780 3574 ὑπὸ
2823 3520 2917 3573 τοῦ
2963 3520 3209 3574 διαϐόλου
3255 3518 3760 3589 κατεφρονήθησαν,

2185 3614 2376 3684 ίκανῆς
2409 3612 2578 3684 οὑσης
2621 3613 2722 3682 τῆς
2775 3613 3156 3684 ὑπερηφανίας
3200 3612 3342 3682 ὑπὲρ
3370 3612 3469 3664 ὅλα
3516 3611 3588 3663 τά
3615 3609 3759 3679 πάθη

2185 3703 2406 3772 ἐνόχους
2435 3703 2634 3765 αὑτοὺς
2659 3703 2882 3772 ποιῆσαι
2908 3702 3007 3772 τῆς
3036 3702 3255 3755 αἰωνίου
3291 3699 3584 3763 κολάσεως.

2265 3793 2459 3866 Ἐρώτ.
2532 3792 2638 3866 ρη’.
2689 3795 2848 3846 Ποῖον
2901 3796 3127 3864 σημεῖον
3189 3791 3394 3862 ὀφείλει
3451 3806 3676 3861 κρατειν
3732 3789 3764 3841 6

2183 3884 2279 3940 ἀνθ
2289 3903 2489 3957 ρωπος,
2515 3886 2603 3940 ἵνα
2635 3886 2710 3956 μὴ
2761 3885 3004 3955 πλανηθῇ
3039 3885 3134 3938 καὶ
3152 3884 3369 3955 δέξηται
3389 3883 3480 3937 τὸν
3495 3881 3763 3951 ’Δντίχρι-

2185 3997 2328 4043 στον,
2353 3978 2590 4050 νομίζων
2635 3981 2718 4033 ὅτι
2759 3982 2788 4034 6
2820 3980 3053 4051 Χριστός
3081 3982 3266 4043 ὲστιν;

2268 4070 2462 4124 Ἀπόκ.
2484 4070 2662 4141 Ὅπερ
2691 4072 2719 4122 ό
2741 4070 2943 4141 Κύριος
2968 4071 3098 4141 ἡμῖν
3123 4068 3436 4140 παρέδωκεν
3459 4065 3654 4128 εἰπὼν,
3678 4066 3762 4119 ὅτι

2189 4178 2211 4210 ι
2245 4160 2434 4229 ὥσπερ
2463 4163 2496 4231 ἠ
2541 4159 2794 4232 ἀστραπὴ
2842 4160 3120 4232 ἐξέρχεται
3173 4161 3283 4214 ἀπὸ
3324 4159 3624 4226 ἀνατολῶν,
3667 4158 3762 4214 καὶ

2184 4252 2434 4320 φαίνεται
2477 4252 2582 4314 ἕως
2627 4252 2882 4324 δυσμῶν,
2917 4252 3089 4316 οὑτως
3123 4252 3276 4306 ἔσται
3308 4253 3403 4308 καὶ
3460 4255 3496 4325 ὴ
3532 4253 3759 4324 δευτέρα

2183 4343 2454 4414 παρουσία
2494 4342 2590 4396 τοῦ
2625 4342 2756 4396 Υίοῦ
2811 4342 2906 4397 τοῦ
2939 4343 3096 4397 Θεοῦ.
3124 4363 3142 4395 ι
3177 4343 3340 4397 Ὅθεν
3389 4343 3758 4416 μανθάνομεν,

2183 4434 2266 4486 ὅτι
2305 4434 2413 4497 πᾶς
2443 4433 2680 4504 Χριστὸς
2708 4433 3020 4504 ἐρχόμενος,
3051 4436 3145 4488 καὶ
3176 4436 3250 4506 μὴ
3275 4433 3532 4503 ἐξαίφνης
3565 4434 3624 4485 ἐν
3651 4433 3758 4504 ὅλῳ

505 4526 560 4578 in
589 4525 845 4580 universo
869 4526 1073 4580 mundo
1104 4529 1434 4597 reperiatur,
1471 4528 1630 4581 talem
1663 4527 1870 4597 absque
1907 4530 2076 4585 dubio

2185 4525 2254 4596 τῷ
2289 4525 2477 4595 κόσμῳ
2523 4526 2583 4578 ὲν
2616 4527 2714 4596 μιᾷ
2744 4525 2864 4596 ὥρᾳ
2915 4526 3299 4598 εὑρισκόμενος
3334 4523 3480 4596 (46),
3518 4523 3758 4586 τοιοῦτος

507 4616 907 4672 Antichristum
963 4634 1106 4674 esse.
1154 4619 1289 4672 Nam
1347 4621 1401 4674 in
1451 4620 1699 4676 secundo
1737 4620 1939 4677 Christi
1983 4622 2079 4675 ad-

507 4715 668 4761 ventu
707 4724 870 4764 omne
922 4726 1095 4780 genus
1131 4711 1410 4765 hominum
1460 4711 1624 4766 simul
1667 4715 1976 4778 conveniet,
2021 4714 2079 4767 in

505 4799 664 4869 cujus
694 4802 874 4856 medio
903 4802 1157 4858 Christus
1191 4803 1262 4857 ab
1289 4803 1544 4858 omnibus
1581 4803 1978 4872 conspicietur.

572 4971 796 5039 Qumsr.
828 4973 967 5030 CIX.
1016 4972 1291 5029 Verumne
1329 4982 1414 5030 est
1449 4990 1516 5028 ex
1559 4973 1796 5045 Egypto
1837 4974 2080 5044 proditu-

503 5081 624 5120 rum
649 5067 1072 5132 Anlichristum,
1097 5069 1424 5138 signumque
1443 5068 1663 5138 aliquod
1680 5069 1736 5122 in
1762 5085 1870 5122 una
1888 5083 2076 5132 manu,

504 5173 680 5210 unove
706 5160 864 5213 oculo
888 5159 1236 5214 habiturum?

575 5248 740 5304 Resr.
797 5249 925 5306 Haec
980 5254 1165 5308 omnia
1226 5253 1401 5308 aniles
1454 5260 1586 5308 sunt
1635 5251 1855 5308 fabulae.
1915 5253 2077 5306 Anti-

573 5405 620 5437 ⁶¹¹
658 5405 848 5463 Matth.
885 5425 1036 5475 χειν,
1071 5409 1144 5462 27

582 5581 961 5654 (ίὸλ-ρυιῐδδιὶο
1018 5585 1115 5638 106
1152 5584 1296 5653 (jam
1328 5585 1451 5654 107)
1519 5593 1673 5640 abest
1715 5600 1745 5637 a
1795 5591 2074 5638 veteribus

506 5651 916 5724 editispintinis,
949 5651 1408 5724 itctnqueiqtncst.
1435 5651 1561 5706 108.

579 5722 691 5791 (vili)
738 5723 852 5778 Duo
887 5741 1046 5792 mss.,
1077 5728 1132 5776 εν
1163 5722 1260 5795 μιᾷ
1289 5725 1408 5795 ὥρᾳ
1462 5741 1579 5793 φαι.
1638 5722 1806 5790 Editi,
1860 5725 1917 5775 ὲν
1975 5723 2072 5792 μιᾷ

2183 4615 2568 4684 ἀναμφιϐόλως
2604 4615 2972 4686 Ἀντίχριστός
3003 4617 3172 4671 ἐστιν.
3218 4616 3340 4668 Ἐπὶ
3370 4614 3481 4686 γὰρ
3507 4614 3608 4684 τῆς
3635 4613 3756 4666 δευ-

2185 4708 2350 4779 τέρας
2384 4707 2688 4778 παρουσίας
2714 4707 2810 4760 τοῦ
2843 4707 3079 4779 Χριστοῦ
3113 4709 3263 4762 πάσα
3316 4710 3348 4777 ἠ
3401 4706 3756 4778 ἀνθρωπότης

2185 4800 2244 4851 ὲν
2271 4798 2348 4868 τῷ
2366 4798 2483 4868 ἅμα
2511 4799 2849 4868 εὑρίσκεται,
2877 4801 2973 4854 καὶ
3000 4802 3058 4854 ὲν
3089 4799 3240 4872 μέσῳ
3269 4799 3442 4869 αὑτῆς
3464 4799 3493 4851 6
3524 4796 3760 4869 Χριστὸς·

2190 4889 2295 4941 ὑπὸ
2323 4889 2540 4943 πάντων
2574 4888 2867 4960 ὁρώμενος.

2270 4976 2462 5047 Ἐρώτ.
2501 4977 2600 5048 ρθ’.
2641 4977 2862 5048 Ἀληθὲς
2887 4978 2965 5043 δὲ,
2993 4980 3073 5032 ὅτι
3099 4977 3160 5042 ἐξ
3187 4977 3461 5047 Αἰγύπτου
3479 4978 3760 5050 ἐξερχεται

2185 5070 2214 5122 6
2229 5069 2612 5140 Ἀντίχριστος,
2633 5069 2728 5122 καὶ
2745 5070 2970 5140 σημεῖόν
2996 5087 3048 5123 τι
3071 5071 3128 5123 ὲν
3154 5070 3221 5140 τῇ
3238 5068 3382 5139 χειρὶ
3402 5066 3515 5140 (47)
3541 5072 3608 5141 τῇ
3638 5068 3756 5140 μιᾷ,

2187 5159 2279 5214 καὶ
2314 5161 2371 5212 ὲν
2397 5159 2475 5230 τῷ
2503 5160 2764 5232 ὀφθαλμῷ
2785 5161 2863 5232 τῷ
2890 5163 2972 5214 ἑνὶ
3005 5160 3263 5232 κέκτηται
3287 5176 3302 5226 ;

2269 5253 2456 5307 Ἀπόκ.
2486 5254 2672 5308 Πάντα
2703 5253 2874 5307 ταῦτα
2899 5251 3165 5325 γραώδεις
3189 5251 3348 5324 μῦθοί
3377 5253 3534 5306 εἰσιν.
3567 5251 3624 5304 '0
3651 5249 3756 5322 γὰρ

2183 5582 2368 5714 πὸἷῗζ)
2407 5646 2543 5702 Cod.
2605 5663 2769 5712 unus,
2821 5644 2972 5698 οὐδὲν
3027 5646 3252 5714 σημεῖον
3284 5645 3344 5697 ὲν
3384 5641 3462 5714 τῷ
3503 5639 3759 5713 μετώπῳ,

2180 5721 2295 5774 ἀλλ’
2321 5721 2379 5774 ὲν
2410 5721 2476 5789 τῇ
2503 5718 2664 5788 χειρί.
