4088 6382
309 332 414 388 665

1261 328 1729 395 ΟυΑΞδΤΙΟΝΕδ
1763 331 1854 383 AD
1889 330 2299 386 ANTIOCIIUM
2337 329 2597 389 DUCEM.

3449 334 3560 390 666

322 443 688 514 Ἀντίχριστος
711 441 862 494 οὐδὲν
900 443 1125 510 σημεῖον
1157 442 1395 494 τοιοῦτον
1428 445 1686 514 κέκτηται
1707 459 1719 471 ⁸
1752 443 1886 497 ἀλλὰ

1989 446 2233 500 Christus
2268 446 2413 500 enim
2447 445 2655 499 nullum
2685 443 2995 512 huiusmodi
3027 443 3240 512 signum
3269 452 3356 499 est
3391 447 3551 501 habt-

311 537 401 590 καὶ
429 537 492 588 ὲκ
519 536 620 605 τῆς
654 533 965 595 Γαλιλαίας,
991 532 1159 587 ὅθενὸ
1197 535 1428 605 Χριστὸς
1456 537 1698 604 ἐξῆλθεν,
1733 537 1884 608 ἐξέρ-

309 644 479 698 χεται,
508 625 585 690 ὥς
620 643 786 695 φησιν
818 628 850 694 ή
885 625 1105 696 Γραφή’
1145 645 1164 677 ι
1204 626 1446 698 Σκύμνος
1503 628 1714 690 λέοντος
1754 629 1880 693 Δάν,

309 719 398 770 καὶ
419 715 721 786 ὲκπηδήσει
756 716 821 768 ἐκ
867 715 1070 769 Βασάν.
1109 734 1130 768 ι
1185 715 1334 787 Αὕτη
1370 718 1426 770 δέ
1477 718 1626 770 ἐστιν
1687 718 1885 771 Σκυθό-

307 809 478 871 πολις.

386 900 577 972 Ἐρώτ.
609 907 699 971 ρι’.
722 899 960 968 Δέγουσί
981 917 1160 965 τινες,
1193 901 1274 953 ὃτι
1301 903 1361 955 οὐ
1392 903 1612 957 δύναται
1654 907 1683 958 ὁ
1712 905 1884 958 Ἀντί-

308 1009 520 1061 χριστος
551 993 746 1063 νεκρὸν
777 992 1060 1063 ἄνθρωπον
1092 995 1423 1066 ἀναστῆσαι·
1453 998 1572 1050 ἐπεὶ
1606 998 1780 1052 πάντα
1815 997 1883 1050 τὰ

306 1082 463 1136 λοιπὰ
490 1086 693 1154 σημεῖα
724 1086 885 1136 ποιεῖ.

386 1175 574 1228 ’Δπόκ.
638 1175 713 1227 Τὸ
743 1157 919 1227 εἰπεῖν
944 1175 1034 1228 τὸν
1070 1175 1388 1228 Ἀπόστολον
1422 1193 1488 1228 πε
1499 1177 1550 1248 pi.
1582 1176 1674 1230 τοῦ
1717 1177 1885 1230 Ἀντι-

308 1264 545 1335 χρίστου,
577 1265 658 1316 ὃτι
691 1265 748 1317 ὲν
793 1267 925 1318 πᾶσι
953 1266 1195 1336 σημείοις
1236 1269 1330 1319 καὶ
1350 1266 1612 1336 δυνάμεσι
1652 1267 1879 1338 πλάνης,

306 1355 524 1425 εὔδηλον
564 1355 675 1425 (48)
741 1357 822 1410 ὅτι
855 1357 946 1409 καὶ
979 1357 1168 1423 νεκρὸν
1219 1357 1486 1410 δείκνυσιν
1509 1358 1878 1429 ἐγειρόμενον,

306 1450 402 1503 οὐκ
423 1451 480 1502 ὲν
508 1449 760 1522 ἀληθείᾳ,
795 1450 910 1503 ἀλλ’
938 1452 996 1503 ὲν
1027 1451 1316 1521 φαντασίᾳ.

386 1623 578 1694 Ἐρώτ.
611 1630 736 1694 ρια⁶.
771 1624 896 1688 Πῶς
927 1623 1021 1676 καί
1055 1641 1197 1687 τινες
1224 1627 1489 1698 αἱρετικοὶ
1523 1627 1732 1681 ποιοῦσι
1755 1627 1882 1683 πολ-

307 1714 462 1778 λάκις
491 1719 694 1786 σημεῖα
715 1732 728 1777 ς

1985 545 2143 590 turus
2203 555 2215 587 :
2273 537 2367 589 sed
2427 551 2490 590 ex
2545 533 2994 598 Galilaeanunde
3056 535 3223 589 exivit
3273 534 3548 603 Christus,

1984 625 2300 692 proditurus
2340 625 2456 693 ipse
2501 632 2608 685 est,
2655 633 2713 678 ut
2757 623 2832 677 ait
2869 623 3152 693 Scriptura
3195 644 3210 678 :
3265 643 3283 680 ι
3323 623 3551 682 Catulus

1985 717 2158 770 leonis
2199 716 2335 780 Dan,
2371 725 2426 770 et
2457 716 2672 771 exsiliet
2695 732 2763 771 ex
2794 715 2972 771 Basan
3004 717 3094 782 “‘,
3120 735 3142 769 ι
3169 733 3291 788 quae
3317 719 3436 789 ipsa
3467 729 3553 775 est

1986 807 2352 878 Scythopolis.

2061 901 2283 966 Quazs'r.
2329 899 2445 955 CX.
2495 899 2666 955 Aiunt
2714 901 2962 954 nonnulli
3002 900 3398 957 Antichristum
3441 918 3557 958 non.

1991 1009 2156 1063 posse
2197 995 2430 1062 aliquem
2475 992 2790 1046 defunctum
2827 992 3100 1045 hominem
3133 1008 3162 1045 a
3191 994 3422 1050 mortuis
3453 1009 3553 1050 ex-

1983 1085 2174 1145 citare,
2209 1083 2422 1138 etiamsi
2457 1090 2651 1136 caetera
2681 1082 2866 1135 omnia
2903 1083 3029 1136 edat
3053 1085 3230 1154 signa.

2053 1175 2220 1228 Bssr.
2266 1172 2444 1228 Verba
2485 1173 2729 1243 Apostoli
2784 1174 2986 1243 quibus
3037 1175 3114 1229 ait
3152 1175 3559 1230 Antichristum-

1983 1269 2038 1322 in
2071 1259 2348 1321 omnibus
2387 1266 2560 1334 signis
2604 1275 2662 1319 et
2702 1267 2996 1320 virtutibus
3037 1267 3376 1337 deceptorem
3410 1267 3558 1335 fore,

1982 1357 2271 1413 manifeste
2339 1357 2636 1411 ostendunt
2704 1357 2858 1411 illum
2912 1366 3160 1413 mortuos
3210 1375 3427 1430 quoque
3481 1360 3557 1415 ad:

1980 1451 2151 1504 vitam
2199 1455 2607 1516 revocaturum,
2653 1447 2785 1517 licet
2817 1463 2927 1502 non
2967 1463 3181 1513 revera,
3218 1449 3315 1504 sed
3367 1449 3558 1519 specie

1980 1544 2269 1598 duntaxat.

2053 1636 2275 1702 Qumsr.
2322 1633 2461 1690 CXI.
2503 1633 2792 1702 Quomodo
2833 1633 3051 1704 quidam
3105 1634 3347 1690 haeretici
3396 1633 3558 1706 signa

1982 1741 2125 1796 sape
2147 1727 2356 1783 edunt?

385 1807 572 1858 Ἀπόκ.
609 1805 784 1858 Τοῦτο
814 1807 959 1876 ἡμᾶς
1007 1807 1107 1860 οὐκ
1132 1807 1334 1874 ὀφείλει
1388 1807 1634 1872 ξενίζειν.
1679 1811 1874 1864 Ἠκού-

2047 1818 2211 1874 Res».
2253 1817 2313 1872 Id
2361 1818 2562 1873 mirum
2599 1819 2758 1874 nobis
2789 1833 2913 1874 esse
2956 1833 3062 1872 non
3109 1818 3292 1871 debet.
3329 1813 3561 1869 Audivi‘

307 1914 474 1966 σαμεν
532 1899 641 1968 γάρ
689 1898 784 1950 τοῦ
842 1899 1046 1968 Κυρίου
1100 1899 1378 1967 λέγοντος⁸
1443 1904 1525 1956 ὅτι
1586 1905 1772 1958 πολλοὶ
1819 1907 1879 1959 ὲν

304 1988 481 2058 ἐκείνη
516 1992 584 2060 τῇ
635 1990 818 2060 ἡμέρᾳ
866 1991 1090 2060 ὲροῦσιο
1142 2011 1159 2043 ι
1198 1992 1390 2062 Κύριε,
1442 1996 1541 2048 οὐκ
1587 1998 1645 2049 ὲν
1685 1998 1763 2068 τῷ
1800 1998 1878 2069 σῷ

302 2082 522 2152 ὀνόματι
551 2083 804 2152 δαιμόνια
837 2083 1160 2152 ἐξεϐάλομεν
1181 2124 1194 2144 ,
1231 2086 1322 2137 καὶ
1373 2085 1629 2156 δυνάμεις
1678 2088 1877 2152 πολλὰς

301 2173 672 2245 inaequatum;
711 2193 729 2225 ι
766 2174 860 2226 καὶ
894 2177 1010 2245 ὲρεῖ
1029 2173 1211 2237 αὐτοῖς
1249 2175 1392 2244 (49)·
1440 2195 1458 2226 ι
1513 2177 1682 2247 Ἀμην
1733 2177 1877 2246 λέγω

300 2264 449 2334 ὑμῖν,
479 2265 733 2318 οὐδέποτε
774 2264 942 2332 ἔγνων
977 2266 1116 2335 ὑμᾶς
1137 2282 1152 2295 ·
1203 2267 1540 2336 ἀποχωρεῖτε
1588 2267 1682 2319 ἀπ’
1717 2266 1872 2338 ἐμοῦ,

302 2356 527 2427 ἐργάται
563 2355 664 2424 τῆς
705 2357 954 2425 ἀνομίας.
1008 2375 1025 2407 ι
1066 2356 1330 2419 Πολλάκις
1362 2357 1470 2427 γάρ
1501 2359 1598 2427 οὐχ
1658 2357 1691 2428 ἡ
1727 2358 1875 2412 πολι-

297 2449 414 2500 τεία
440 2446 535 2500 τοῦ
571 2445 1112 2516 θαυματουργοῦντός
1143 2449 1289 2500 ἐστιν
1325 2450 1358 2518 ἡ
1413 2447 1511 2518 τὴν
1548 2447 1690 2500 ἴασιν
1714 2449 1875 2518 ἐργα-

297 2536 518 2607 ζομένη,
549 2537 663 2590 ἀλλ’
684 2539 718 2608 ἡ
751 2538 888 2607 πρὸς
918 2537 1076 2589 αὑτὸν
1103 2536 1283 2599 πίστις
1316 2537 1408 2589 τοῦ
1439 2538 1872 2609 προσερχομένου

295 2629 602 2701 ἀνθρώπου.
650 2631 964 2700 Γέγραπται
989 2632 1096 2700 γάρ
1119 2647 1134 2662 ·
1167 2649 1186 2681 ι
1227 2630 1299 2682 Ἡ
1333 2631 1510 2692 πίστις
1541 2647 1632 2682 σου
1667 2630 1872 2683 σέσωκέ

297 2735 374 2772 σε.
417 2739 436 2770 ι
499 2721 649 2792 Πλὴν
677 2720 758 2773 δεῖ
809 2722 904 2773 καὶ
938 2720 1095 2772 τοῦτο
1138 2721 1448 2789 γινώσκειν,
1501 2723 1582 2774 ὅτι
1615 2722 1872 2784 πολλάκις

293 2812 432 2874 τινες
479 2813 802 2866 κακὸπιστοι
858 2813 1134 2883 καμάτους
1181 2812 1406 2875 πολλοὺς
1465 2813 1529 2865 δι’
1585 2815 1872 2884 ἀσκήσεως

293 2903 369 2973 τῷ
425 2903 546 2973 Θεῷ
603 2906 974 2974 προσήγαγον,
1007 2907 1099 2958 καὶ
1158 2905 1256 2975 τὴν
1304 2904 1648 2974 ἀντιμισθίαν
1691 2905 1871 2960 αὐτῶν

293 2994 481 3050 ἔλαϐον
529 3001 589 3051 ὲν
619 2999 699 3069 τῷ
742 2999 837 3052 νῦν
895 3000 1047 3053 αίῶνι
1082 3001 1146 3052 ὲκ
1191 2999 1348 3062 Θεοῦ,
1394 3000 1455 3052 τὸ
1482 2999 1589 3052 τῶν
1625 3000 1868 3070 ἰαμάτων

293 3085 384 3137 καὶ
416 3088 774 3158 προρρήσεων
819 3088 1095 3160 χάρισμα·
1124 3088 1210 3140 ἶνα
1250 3091 1309 3141 ὲν
1335 3089 1412 3159 τῷ
1449 3088 1603 3142 αίῶνι
1629 3090 1706 3161 τῷ
1743 3089 1868 3160 μὲλ-

1981 1927 2104 1965 mus
2131 1911 2277 1965 enim
2319 1910 2590 1965 dicentem
2634 1910 2945 1974 Dominum,
2980 1913 3182 1965 multos
3217 1911 3306 1964 illa
3347 1909 3434 1964 die
3470 1907 3558 1962 di-

1981 2011 2168 2058 cturos
2205 2022 2218 2058 :
2264 2022 2284 2056 ι
2308 2003 2557 2068 Domine,
2589 2021 2770 2060 nonne
2800 2007 2856 2058 in
2889 2004 3112 2057 nomine
3150 2012 3244 2056 tuo
3288 2002 3558 2057 daemonia

1977 2095 2236 2162 ejecimus
2256 2105 2311 2150 et
2345 2096 2577 2151 virtutes
2602 2096 2801 2151 multas
2824 2095 3086 2150 fecimus?
3115 2117 3134 2147 ι
3167 2110 3456 2166 Ipsumque
3485 2095 3554 2149 ad

1977 2198 2074 2238 eos
2118 2200 2509 2253 responsurum
2556 2205 2568 2238 :
2609 2204 2627 2236 ι
2674 2186 2847 2238 Amen
2883 2183 3006 2239 dico
3048 2184 3225 2247 vobis.
3270 2199 3554 2254 nunquam

1976 2273 2104 2327 novi
2141 2291 2239 2330 vos
2281 2289 2296 2327 :
2327 2273 2594 2329 discedite
2624 2290 2655 2327 a
2686 2291 2792 2336 me,
2831 2275 2923 2343 qui
2955 2274 3258 2344 operamini
3291 2275 3554 2344 iniquita-

1975 2371 2084 2419 tem
2127 2365 2192 2420 ⁸⁷.
2241 2385 2261 2418 ι
2299 2364 2455 2436 Saepe
2493 2367 2640 2422 enim
2675 2382 2785 2420 non
2831 2367 2940 2420 vita
2982 2366 3198 2422 edentis
3261 2367 3550 2431 miracula,

1975 2458 2263 2513 sanitatem
2294 2466 2576 2528 operatur,
2601 2459 2696 2513 sed
2729 2458 2861 2513 ﬁdes
2889 2459 3127 2514 hominis
3148 2459 3240 2528 qui
3273 2459 3340 2512 ad
3372 2459 3552 2528 ipsum

1974 2550 2186 2604 accedit
2231 2570 2244 2603 :
2294 2552 2560 2620 scriptum
2623 2552 2889 2622 siquidem
2938 2561 3042 2618 est,
3091 2573 3110 2605 ι
3157 2551 3322 2608 Fides
3363 2560 3455 2606 tua
3497 2559 3556 2606 te

1977 2642 2191 2695 salvum
2233 2641 2360 2696 fecit
2396 2642 2461 2698 “.
2501 2663 2522 2695 ι
2558 2642 2618 2698 Id
2649 2645 2812 2698 etiam
2840 2644 3252 2714 intelligendum
3279 2653 3385 2708 est,
3409 2659 3554 2713 sa-pe

1973 2732 2270 2786 nonnullos
2294 2747 2476 2802 pravae
2505 2731 2629 2787 ﬁdei
2657 2734 2855 2789 multos
2885 2735 3295 2789 exercitationis
3336 2734 3556 2789 labores

1972 2821 2084 2877 Deo
2113 2824 2402 2888 obtulisse,
2439 2840 2674 2895 quorum
2713 2826 3020 2881 mercedem
3067 2827 3120 2881 in
3158 2825 3413 2896 praesenti
3447 2839 3551 2880 sae-

1971 2913 2096 2967 culo
2134 2914 2364 2984 gratiam
2408 2915 2702 2969 sanitatum
2745 2923 2800 2969 et
2843 2914 3256 2986 praedictionum
3290 2927 3550 2984 percepe-

1972 3012 2144 3069 runt;
2204 3011 2263 3057 ut
2313 3004 2570 3058 nimirum
2625 3004 2682 3056 in
2751 3002 2952 3071 futuro~
3011 3002 3212 3058 saecqu
3267 3001 3545 3056 audiant:

1972 3092 2276 3162 Recepistis
2293 3091 2432 3146 bona
2454 3100 2630 3147 vestra
2651 3100 2704 3146 et
2727 3092 2946 3148 labores
2965 3099 3200 3160 vestros,
3246 3105 3392 3146 nunc
3417 3104 3553 3146 vero

290 3174 429 3228 λοντι
463 3178 786 3230 ἀκούσωσιν·
807 3181 862 3232 Ἀ
872 3177 1132 3231 πελάόετε
1157 3179 1224 3232 τὰ
1255 3179 1432 3248 ἀγαθά
1455 3181 1607 3250 ὑμῶν
1629 3181 1867 3244 καὶτοὺς

1970 3149 2287 3240 ηιιιιι’νοι›ιε
2319 3184 2556 3255 amplius
2581 3183 2824 3240 debitum
2847 3192 2952 3247 est.

291 3270 565 3339 καμάτους
590 3273 744 3342 ὑμῶν
762 3289 776 3302 ο
801 3272 894 3325 νῦν
914 3271 971 3324 δὲ
999 3269 1180 3326 λοιπὸν
1203 3272 1354 3326 οὐδὲν
1370 3274 1495 3344 ὑμῖν
1524 3273 1866 3345 κεχρεώστη-

288 3377 394 3414 ται.

367 3453 562 3525 Ἐρώτ.
610 3454 733 3528 ριβθ.
791 3455 916 3510 Ἐάν
958 3459 1016 3510 ἐν
1072 3457 1248 3529 καιρῷ
1297 3459 1489 3530 ἑορτῆς
1541 3459 1860 3532 καταληφθῇ

288 3543 571 3616 ἄνθρωπος
611 3549 670 3599 ὲν
705 3545 857 3618 χώρᾳ
879 3590 893 3612 ,
929 3551 988 3602 ὲν
1083 3551 1117 3620 ἡ
1143 3551 1394 3602 κοινωνία
1421 3551 1520 3620 τῆς
1570 3551 1863 3622 καθολικῆς

299 3636 622 3708 Ἐκκλησίας
649 3639 746 3707 οὐχ
775 3639 1103 3710 εὑρίσκεται,
1133 3643 1184 3692 τί
1211 3639 1410 3708 ὀφείλει
1434 3639 1521 3692 διὰ
1546 3639 1640 3709 τὴν
1671 3641 1862 3710 ἑορτὴν

291 3729 611 3798 σκέψασθαι,
661 3731 987 3802 κοινωνῆσαι
1045 3735 1157 3796 τοῖς
1209 3733 1498 3802 αἱρετικοῖς
1525 3771 1540 3798 ,
1591 3734 1624 3802 ἢ
1681 3736 1859 3803 μεῖναι

288 3819 647 3893 ἀκοινώνητος
669 3839 684 3888 ;

366 3914 556 3967 Ἀπόνι.
595 3917 660 3968 Ei
703 3916 872 3978 πολὺς
903 3916 998 3969 καὶ
1026 3915 1259 3987 χαλεπὸς
1289 3919 1317 3970 ὁ
1367 3919 1628 3982 κίνδυνος,
1671 3919 1733 3971 τὸ
1760 3919 1859 3990 τὴν

291 4003 420 4058 ἰδίαν
445 4010 680 4072 γυναῖκα
736 4006 1043 4076 μοιχεῦσαι,
1071 4009 1164 4060 καὶ
1186 4008 1319 4080 ἄλλῃ
1340 4009 1451 4078 (50)
1481 4009 1857 4078 συγγενέσθαι,

287 4095 384 4149 κᾶν
417 4099 473 4150 ὲν
500 4099 783 4169 ἀποδημία
808 4099 1046 4170 τυγχάνῃ
1071 4101 1098 4151 ὀ
1129 4101 1268 4171 ἀνήρ
1289 4117 1302 4129 ·
1341 4101 1488 4170 πόσῳ
1541 4117 1604 4169 γε
1660 4101 1858 4170 μᾶλλον

283 4185 378 4256 τὴν
433 4187 598 4259 ὀρθὴν
642 4186 826 4241 πίστιν
883 4186 1168 4257 προδοῦναι
1201 4187 1289 4243 διὰ
1333 4187 1395 4240 τὸ
1422 4191 1534 4251 τοῖς
1567 4189 1860 4256 αἱρετικοῖς

287 4277 741 4346 συγκοινωνῆσαι;
783 4277 994 4348 Ὠσπερ
1024 4272 1116 4331 οὖν
1142 4279 1193 4329 oi
1229 4277 1328 4348 τὴν
1359 4277 1564 4330 ἑαυτῶν
1593 4293 1856 4348 πραγμα-

286 4365 429 4421 τείαν
461 4367 711 4438 πωλῆσαι
734 4367 1205 4438 βουλόμενοι,ὃσον
1227 4367 1292 4421 ἂν
1324 4368 1516 4438 χρόνον
1547 4369 1641 4421 ἐπὶ
1696 4368 1856 4439 ξένης

288 4457 633 4530 βραδύνωσιν,
667 4459 730 4512 οὐ
766 4458 1147 4529 καταδέχονται
1178 4458 1360 4512 λαῦεῖν
1390 4459 1510 4512 ἀντὶ
1554 4458 1649 4511 τοῦ
1700 4458 1852 4528 βασι-

285 4517 429 4605 λίκοῦ
461 4517 821 4623 χαράγματος
846 4551 909 4603 τὸ
947 4517 1050 4614 ἔξω
1104 4552 1342 4622 χάραγον
1365 4566 1378 4579 ·
1438 4549 1579 4604 οὕτω
1621 4517 1714 4604 καί
1763 4552 1854 4604 ἐπὶ
1885 4517 1931 4571 D

283 4643 378 4713 τῆς
405 4645 641 4715 Χριστοῦ
664 4644 952 4705 κοινωνίας
980 4642 1082 4713 χρὴ
1108 4643 1434 4710 λογίζεσθαι.
1456 4643 1528 4695 Τὸ
1548 4643 1657 4714 γὰρ
1681 4643 1854 4696 εἰπεῖν

283 4750 369 4788 τον
409 4737 734 4789 Ἀπόστολον
759 4776 774 4797 ,
813 4736 896 4788 ὅτι
931 4752 950 4784 ι
986 4730 1078 4797 Εἷς
1111 4733 1330 4802 Κύριος,
1367 4733 1460 4786 καὶ
1496 4734 1595 4803 μία
1648 4734 1851 4797 πίστις,

285 4825 372 4878 καὶ
399 4825 457 4877 ἓν
491 4825 798 4895 βάπτισμα,
840 4841 860 4874 ›
890 4823 1158 4893 ἐσήμανεν
1190 4823 1450 4893 ἀκριϐῶς,
1484 4823 1567 4876 ὅτι
1612 4823 1710 4894 μία
1760 4826 1852 4876 καὶ

288 4918 410 4988 μόνη
439 4920 494 4970 ὲν
517 4917 714 4986 κόσμῳ
741 4913 974 4985 ἀψευδὴς
1007 4914 1239 4984 ὑπάρχει
1268 4914 1446 4978 πίστις
1468 4953 1484 4977 ,
1527 4915 1594 4985 ῆν
1638 4916 1672 4985 ὴ
1722 4915 1852 4982 άγία

285 5006 388 5077 (51)
420 5009 512 5060 καὶ
551 5007 688 5077 μόνη
718 5007 910 5076 κρατεῖ
935 5003 1193 5073 καθολικὴ
1234 5005 1325 5058 καὶ
1353 5005 1684 5076 ἀποστολικὴ
1729 5006 1850 5060 Ἐκ-

285 5098 472 5170 κλησία
489 5116 502 5130 ·
529 5099 627 5153 καὶ
647 5097 708 5151 ἓν
734 5095 1014 5167 βάπτισμα
1061 5096 1392 5167 καθαρτικὸν
1419 5097 1515 5150 καὶ
1566 5096 1850 5168 ἁμαρτιῶν

281 5186 602 5262 λυτρωτικόν
619 5206 638 5224 ο
667 5188 765 5243 καὶ
783 5182 864 5252 εἷς
895 5189 1118 5261 Κύριος,
1145 5189 1174 5241 ὁ
1197 5189 1384 5260 Πατὴρ
1415 5190 1510 5243 καὶ
1537 5191 1568 5243 ὁ
1595 5189 1722 5253 Υἱὸς
1754 5189 1852 5251 ¹καὶ.

346 5367 407 5397 ³⁶⁴
447 5366 609 5423 Deut.
647 5381 857 5430 χχχιιι,
892 5364 981 5420 22.

339 5520 449 5594 ί48)
492 5521 668 5594 Palat.
711 5519 770 5594 2,
810 5521 1497 5594 zalht‘iavdpest‘qlstiﬁoug,
1547 5523 1722 5594 δῆλον,
1760 5525 1838 5578 ὅτι

274 5590 1270 5662 atq-tvaxp.Quaestiolw,1ll,112,
1316 5593 1438 5658 n.5,
1485 5590 1610 5658 ut;
1656 5594 1760 5648 ns
1789 5602 1844 5649 et

277 5659 392 5717 116.
421 5659 625 5715 absunt
651 5678 682 5713 a
717 5659 890 5712 Palat.
917 5663 972 5714 2.

343 5732 450 5802 (42)
481 5729 621 5804 Reg.
651 5731 703 5796 1,
736 5730 826 5784 καὶ
858 5732 970 5800 ἐρεῖ
995 5731 1194 5794 αὐτοῖς.
1225 5730 1388 5799 ΕιΙίιί,
1416 5731 1508 5786 καὶ
1537 5731 1696 5801 λέγω.

2035 3453 2260 3520 Ωυεετ.
2295 3451 2456 3508 CXII.
2490 3450 2548 3507 Si
2576 3451 2790 3506 accidat
2817 3459 2876 3504 ut
2907 3450 3069 3505 homo
3098 3449 3187 3503 die
3220 3447 3360 3502 festo
3388 3447 3462 3502 sit
3483 3445 3543 3501 in

1963 3546 2207 3616 regione,
2238 3545 2295 3600 in
2323 3560 2432 3616 qua
2458 3560 2569 3599 non
2595 3543 2904 3613 reperiatur
2937 3541 3252 3595 communio
3283 3539 3543 3593 Ecclesiae

1962 3639 2246 3692 catholicae
2271 3678 2286 3702 ,
2333 3637 2466 3708 quid
2498 3644 2722 3706 propter
2752 3635 2947 3689 festum
2979 3632 3082 3702 ipsi
3123 3631 3389 3700 agendum
3418 3628 3546 3683 est?

1962 3729 2103 3782 Num
2156 3743 2281 3782 cum
2328 3727 2599 3782 haereticis
2667 3723 3116 3786 communicabit,
3167 3736 3237 3774 au
3295 3720 3540 3774 manebit

1961 3822 2168 3890 absque
2198 3819 2626 3874 communione?
2909 3884 2913 3888 _

2031 3911 2194 3967 Rnsr.
2243 3912 2299 3966 Si
2341 3926 2598 3982 magnum
2634 3918 2689 3965 et
2729 3923 2894 3980 grave
2925 3915 3010 3963 est
3045 3905 3370 3977 periculum,
3405 3916 3538 3972 pro-

1962 4004 2139 4075 priam
2170 4019 2395 4059 uxorem
2433 4003 2689 4065 scortari,
2716 4011 2769 4056 et
2791 4016 2916 4055 cum
2949 3999 3056 4054 alio
3080 4014 3194 4053 rem
3227 3995 3450 4058 habere,
3488 3993 3538 4048 si

1962 4097 2050 4150 vir
2084 4097 2155 4150 sit
2183 4097 2238 4150 in
2271 4096 2555 4166 peregrina
2590 4096 2848 4166 regione:
2883 4099 3090 4164 quanto
3119 4087 3298 4160 majus
3327 4095 3410 4142 est
3441 4101 3543 4156 pe—

1957 4189 2190 4242 riculum
2230 4196 2434 4244 rectam
2467 4187 2623 4242 ﬁdem
2661 4187 2891 4257 prodere
2933 4192 3156 4254 propter
3193 4178 3536 4236 communio-

1958 4295 2085 4334 nem
2133 4294 2257 4334 cum
2295 4279 2567 4335 hareticis
2589 4277 2866 4333 habitam?
2905 4273 3372 4343 Quemadmodum
3400 4285 3542 4341 ergo

1959 4371 2052 4440 qui
2105 4386 2236 4426 suas
2266 4385 2480 4426 merces
2526 4369 2754 4438 cupiunt
2787 4369 3044 4432 vendere,
3075 4365 3318 4436 quandiu
3344 4364 3398 4418 in
3430 4378 3536 4418 ex-

1959 4469 2117 4515 terna
2147 4470 2434 4516 morantur
2467 4460 2712 4529 regione,
2747 4458 2999 4528 accipere
3029 4463 3287 4512 recusant
3315 4469 3415 4532 pro
3443 4468 3533 4508 re-

1957 4552 2047 4621 gio
2091 4553 2442 4616 numisutate,
2491 4559 2779 4607 externum
2838 4549 3110 4603 nuntisma
3160 4565 3174 4602 :
3233 4547 3306 4601 ita
3360 4553 3415 4600 et
3461 4544 3536 4600 de

1955 4645 2161 4700 Christi
2204 4646 2588 4701 communione
2631 4645 2966 4700 censendum
3011 4651 3115 4698 est.
3155 4639 3292 4694 Nam
3322 4638 3531 4695 Paulus

1955 4737 2110 4793 hisce
2158 4737 2366 4802 verbis,
2416 4756 2435 4787 ι
2489 4735 2642 4791 Unus
2692 4736 2980 4799 Dominus,
3021 4741 3076 4789 et
3125 4747 3234 4786 una
3279 4731 3432 4793 Iides.
3474 4735 3530 4784 et

1955 4844 2123 4883 unum
2153 4828 2424 4898 baptisma
2454 4829 2522 4891 θ’,
2559 4847 2579 4880 ι
2607 4829 2753 4883 clare
2781 4827 3050 4898 signiﬁcat
3077 4839 3240 4880 unam
3269 4829 3324 4876 et
3353 4821 3527 4876 solam

1953 4921 2010 4974 in
2052 4921 2257 4974 mundo
2309 4920 2585 4974 sinceram
2627 4935 2749 4974 esse
2801 4919 2981 4980 Iidem,
3033 4931 3196 4984 quam
3244 4919 3432 4971 sancta
3471 4917 3526 4964 et

1954 5009 2071 5064 sola
2109 5017 2258 5064 tenet
2305 5010 2575 5064 catholica
2616 5017 2670 5064 et
2703 5007 3002 5079 apostolica
3031 5004 3269 5059 Ecclesia
3304 5017 3318 5053 :
3355 5015 3524 5054 unum

1955 5099 2084 5153 item
2143 5114 2267 5154 esse
2321 5099 2614 5169 baptisma,
2677 5113 2786 5170 quo
2849 5105 3069 5169 peccata
3117 5101 3416 5165 purgantur
3469 5100 3526 5146 et

1955 5191 2248 5262 expiantur
2285 5210 2300 5246 :
2351 5207 2521 5246 unum
2567 5191 2804 5262 denique
2849 5189 3160 5253 Dominum,
3203 5185 3418 5240 Patrem
3465 5190 3521 5239 et

1059 5366 1102 5396 "
1144 5363 1332 5422 Matth.
1366 5383 1475 5432 vn,
1511 5366 1603 5424 22.
1681 5369 1726 5400 ⁸⁸
1764 5367 1931 5425 Marc.
1968 5369 2138 5437 x,5?..
2212 5370 2256 5403 "
2297 5367 2494 5439 Ephes.
2533 5384 2607 5433 tv,
2643 5369 2697 5424 5.

2023 5527 2136 5667 (50;
2173 5529 2379 5596 Ἄλλη.
2410 5529 2570 5592 Editi,
2595 5525 2778 5606 ἄλλην.
2810 5523 2942 5595 Reg.
2971 5525 3028 5587 2.
3053 5523 3209 5597 ἄλλῃ.
3448 5593 3461 5604 _

2023 5600 2101 5667 (5|
2160 5599 2238 5654 Ita
2259 5599 2394 5667 Reg.
2432 5600 2486 5655 Ξ.
2531 5599 2592 5654 ιιι
2621 5598 2782 5654 editis
2829 5611 2980 5666 vero,
3016 5597 3102 5654 hic
3139 5594 3310 5650 multa
3354 5607 3461 5650 orm

1949 5675 1969 5722 ι
2021 5594 2132 5722 (ﬁt)
2160 5599 2238 5654 Ita
2259 5594 2394 5670 Reg.
2432 5600 2486 5655 Ξ.
2531 5599 2592 5654 ιιι
2621 5594 2782 5654 editis
2829 5594 2980 5666 vero,
3016 5597 3102 5654 hic
3139 5594 3310 5650 multa
3354 5594 3535 5671 οιιιξιο-⁹

1976 5686 2046 5724 un
2076 5684 2161 5724 ur.
