4088 6382
572 309 681 366 68⁸7

1692 304 1750 358 S.
1790 298 2250 356 ATHANASIUS.
2288 332 2359 342 —
2396 301 2667 357 SPURIA.

570 424 771 481 Filium
797 432 853 481 et
883 422 1147 494 Spiritum
1178 428 1429 476 sanctum
1464 435 1604 477 esse.
1631 419 1735 486 Qui
1767 419 1843 472 ita
1869 432 1979 473 non
2008 431 2124 472 sen-

2231 417 2292 470 τδ
2325 417 2478 486 ἅγιον
2507 419 2731 489 Πνεῦμα
2758 419 3010 490 ὑπάρχει.
3052 422 3164 476 Kal
3198 425 3228 476 6
3280 423 3358 496 μὴ
3402 424 3551 479 οὕτω
3591 427 3800 497 φρονῶν

571 518 658 584 tit,
685 523 834 573 errat
856 517 1100 570 omnino.
1235 524 1260 553 ο

640 609 864 676 Qussr.
893 605 1075 662 CXIII.
1100 604 1291 676 Magna
1329 613 1386 660 et
1428 604 1661 681 celebris
1690 610 1852 673 atque
1879 604 2138 658 omnibus

569 699 685 755 fere
712 701 931 769 vulgata
964 697 1194 769 quaestio
1225 704 1334 761 est,
1379 702 1561 750 utrum
1595 694 1887 749 dicendum
1920 694 1991 750 sit
2024 702 2136 750 ter-

567 791 778 843 minum
809 789 1009 843 habere
1046 789 1211 843 vitam
1246 787 1505 851 hominis,
1539 802 1708 841 necne
1743 786 1878 857 (52).
1914 783 2048 840 Nam
2087 785 2135 841 si

569 880 837 935 terminus
878 888 984 944 est,
1042 879 1314 948 quomodo
1360 878 1528 933 David
1578 879 1673 946 ait,
1722 897 1742 930 ι
1782 876 1861 933 Ne
1904 878 2136 933 reducas

567 985 657 1023 me
691 968 747 1023 in
778 967 1001 1023 dimidio
1031 969 1242 1023 dierum
1272 983 1514 1022 meorum
1543 966 1615 1020 τη
1636 988 1654 1019 ι
1692 967 1747 1022 Si
1785 984 1915 1023 vero
1951 968 2135 1022 nullus

568 1067 656 1117 est
700 1061 987 1126 terminus,
1039 1061 1316 1131 quomodo
1359 1076 1552 1115 rursus
1600 1060 1770 1114 David
1804 1061 1899 1125 ait,
1936 1078 1955 1111 ι
1993 1060 2134 1116 Ecce

566 1153 963 1208 mensurabiles
1016 1153 1251 1222 posuisti
1288 1152 1405 1207 dies
1460 1168 1610 1209 meos
1641 1153 1712 1206 7'?
1764 1174 1782 1205 ι
1828 1151 2040 1208 Rursus
2085 1153 2131 1208 si

567 1243 837 1299 terminus
864 1245 1062 1315 aliquis
1092 1253 1195 1307 est,
1228 1243 1361 1313 quid
1381 1244 1467 1298 his
1498 1245 1678 1299 verbis
1703 1246 1819 1297 vult
1850 1243 2130 1307 Salomon,

572 1350 594 1383 ι
639 1332 719 1389 Νε
754 1336 833 1391 sis
872 1336 1134 1403 crudelis,
1181 1350 1358 1405 neque
1406 1336 1570 1404 impie
1613 1351 1742 1406 agas
1783 1336 2033 1400 multum,
2065 1352 2133 1401 ne

568 1425 825 1482 moriaris
863 1426 918 1481 in
949 1434 1191 1497 tempore
1210 1443 1320 1482 non
1352 1436 1446 1481 tuo
1468 1425 1563 1478 "‘1
1606 1446 1625 1478 ι
1659 1425 1713 1480 Si
1749 1426 1912 1497 igitur
1953 1434 2133 1496 potest

566 1515 694 1584 quis
716 1518 854 1572 mori
883 1518 938 1573 in
964 1528 1207 1590 tempore
1229 1535 1338 1574 non
1366 1535 1488 1581 suo,
1514 1519 1783 1589 quomodo
1808 1502 2132 1591 quibusdam

569 1604 749 1674 placet
781 1607 962 1663 dicere
992 1616 1221 1662 mortem
1269 1608 1583 1664 hominibus
1625 1607 1831 1672 induci,
1871 1624 1993 1662 cum
2026 1608 2132 1661 im-

569 1695 701 1763 pleti
753 1695 957 1752 fuerint
998 1700 1122 1753 vita:
1166 1698 1430 1753 termini?
1469 1697 1750 1763 Quomodo
1784 1699 2037 1755 similiter
2078 1705 2132 1753 et

566 1785 816 1844 Ezechiae
844 1789 1008 1861 242
1043 1797 1098 1845 ει
1142 1788 1401 1845 Ninivitis
1444 1788 1607 1845 vitam
1641 1789 1785 1849 Deus
1819 1791 2132 1862 petentibus

567 1881 883 1949 prorogavit
898 1881 922 1934 Τ

634 1965 799 2024 Bssp.
833 1968 977 2026 Fons
1009 1972 1101 2027 ille
1127 1976 1409 2045 sapientia:
1440 1992 1801 2048 magnumque
1828 1991 1925 2031 vas
1953 1976 2139 2045 cogni-

565 2060 733 2117 tionis
752 2060 957 2118 Paulus
986 2066 1265 2134 apostolus
1302 2069 1417 2123 baec
1447 2069 1514 2122 ad
1536 2068 1848 2123 Corinthios
1880 2066 2072 2121 scribit
2112 2084 2126 2120 :

570 2169 591 2201 ι
639 2150 744 2218 Qui
772 2154 918 2208 enim
951 2154 1172 2227 indigne
1200 2159 1495 2214 manducat
1534 2174 1726 2230 panem
1751 2168 1805 2214 et
1832 2159 1969 2214 bibit
1997 2173 2127 2212 san-

565 2242 786 2312 guinem
828 2242 1066 2310 Domini,
1097 2247 1363 2317 judicium
1398 2250 1504 2304 sibi
1540 2248 1832 2303 manducat
1860 2256 1915 2303 et
1941 2248 2077 2303 bibit
2110 2267 2124 2302 :

562 2334 797 2405 ideoque
828 2335 973 2391 inter
1000 2352 1096 2394 vos
1125 2340 1282 2393 multi
1307 2341 1507 2395 inﬁrmi
1529 2350 1583 2396 et
1618 2341 1911 2396 imbecilles
1936 2346 1988 2394 et
2007 2338 2129 2393 dor-

561 2425 742 2480 miunt
779 2428 935 2482 multi
968 2429 1035 2485 7'.
1078 2448 1096 2480 ›
1145 2430 1426 2487 Attendite
1477 2432 1784 2502 diligenter.
1825 2430 1963 2496 Quia
2007 2446 2125 2496 vos,

561 2519 762 2590 inquit,
804 2521 1024 2593 indigne
1052 2523 1121 2577 ad
1152 2524 1591 2579 communionem
1616 2523 1895 2587 acceditis,
1924 2521 2127 2576 idcirco

560 2610 839 2664 morimini
870 2612 1022 2665 multi
1048 2630 1064 2674 ;
1088 2623 1249 2682 atque
1278 2613 1415 2669 adeo
1447 2614 1494 2669 si
1534 2614 1696 2684 digne
1722 2611 2127 2667 communicas-

567 2709 711 2767 sent,
759 2711 888 2757 tunc
935 2720 1042 2759 non
1089 2703 1325 2760 fuissent
1365 2707 1633 2760 morituri.
1664 2703 1806 2771 Quid
1844 2703 1956 2773 jam
1998 2716 2127 2771 ergo
2177 2754 2182 2760 .

558 2791 804 2860 amplius
856 2793 1146 2847 terminum
1202 2794 1327 2848 vita:
1367 2797 1693 2864 quaerimus,
1745 2808 1904 2864 quem
1968 2792 2126 2847 nobis

557 2881 718 2934 multi
755 2881 1083 2951 objiciunt?‘
1125 2882 1339 2940 Rursus
1384 2886 1452 2940 ad
1502 2885 1724 2956 Eliphaz
1752 2884 2126 2940 Themanitem

557 2973 695 3027 dixit
734 2972 878 3030 Deus
907 2994 922 3030 :
960 2995 979 3027 ι
1011 2974 1257 3032 Peccasti
1284 2985 1363 3043 tu,
1390 2985 1445 3033 et
1472 2977 1581 3032 duo
1608 2977 1767 3032 amici
1793 2977 1893 3042 tui,
1927 2984 1981 3030 et
2008 2974 2127 3030 sine

2160 1750 2211 1806 Β

2238 508 2598 579 πεπλάνηται.

2320 600 2510 671 Ἑρώτ,
2545 609 2669 672 ριγ’.
2699 603 2772 657 Τὺ
2800 604 2940 674 μέγα
2968 605 3061 659 καὶ
3093 606 3546 679 πολυθρύλλητον,
3569 611 3663 664 καὶ
3684 628 3802 681 σχε-

2235 689 2321 743 δὸν
2361 690 2512 761 παρὰ
2542 692 2759 745 πάντων
2805 692 3130 764 ζητούμενον
3180 697 3306 767 ὅρον
3353 697 3578 769 θέλομεν
3627 699 3803 769 λέγειν

2236 780 2379 851 ἔχειν
2404 780 2503 852 τὴν
2529 781 2622 835 τοῦ
2653 781 2937 855 ἀνθρώπου
2969 784 3132 855 ζωὴν,
3161 787 3193 857 ἢ
3219 785 3279 840 οὗ
3302 787 3415 857 (5‘2)
3437 804 3452 857 ;
3474 790 3536 842 EI
3568 789 3667 859 μὲν
3694 790 3801 862 γὰρ

2234 873 2358 943 ὅρος
2389 872 2526 937 ἐστὶ,
2553 871 2669 936 πῶς
2708 890 2869 943 φησιν
2894 876 2923 927 6
2948 874 3112 928 Aa6l6
3134 876 3212 946 τῷ
3232 875 3377 947 Θεῷ·
3410 897 3431 929 ι
3467 878 3559 951 Μὴ
3593 881 3798 948 ἀναγά-

2234 980 2338 1033 γῃς
2378 981 2445 1034 με
2477 964 2534 1017 ὲν
2554 963 2742 1034 ἡμίσει
2764 965 2984 1037 ἡμερῶν
3009 983 3144 1038 μου;
3167 985 3187 1019 ι
3207 971 3255 1021 εἰ
3280 969 3337 1022 δὲ
3355 970 3454 1022 οὐκ
3479 969 3625 1024 ἔστιν
3652 972 3796 1043 ὄρος,

2236 1054 2353 1118 πῶς
2392 1055 2552 1108 πάλιν
2585 1058 2614 1109 6
2654 1057 2815 1121 αὐτὸς
2856 1057 3033 1126 λέγει·
3090 1078 3108 1110 ι
3147 1060 3276 1113 Ἰδοὺ
3326 1062 3626 1127 παλαιστὰς
3676 1065 3797 1118 ἔθου

2235 1145 2335 1208 τὰς
2362 1145 2577 1217 ἡμέρας
2617 1164 2739 1218 μου.
2780 1167 2799 1199 ›
2836 1149 2899 1202 El
2925 1149 2982 1203 δὲ
3006 1150 3167 1205 πάλιν
3192 1152 3318 1222 ὄρος
3338 1154 3475 1217 ἐστὶ,
3509 1154 3628 1218 πῶς
3653 1156 3682 1207 ὁ
3707 1157 3799 1209 Σο-

2233 1235 2414 1307 λομών
2437 1254 2599 1308 φησι·
2642 1257 2660 1290 ι
2699 1239 2789 1311 Μὴ
2816 1241 2964 1308 γίνου
2993 1242 3245 1312 σκληρὸς,
3275 1244 3410 1314 μηδὲ
3458 1245 3660 1317 ἀσεϐὴς
3709 1248 3799 1299 ἐπὶ

2234 1327 2389 1391 πολὺ,
2419 1327 2506 1381 ἵνα
2557 1328 2635 1399 μὴ
2683 1329 2959 1403 ἀποθάνῃς
2995 1331 3053 1384 ὲν
3074 1332 3136 1384 οὐ
3161 1332 3338 1404 καιρῷ
3365 1350 3479 1387 σου.
3533 1353 3553 1386 ι
3578 1336 3641 1388 El
3708 1332 3799 1390 οὖν

2233 1420 2377 1473 ἐστιν
2406 1423 2463 1474 ἐν
2485 1421 2545 1474 οὐ
2578 1422 2754 1492 καιρῷ
2779 1414 3085 1489 ἀποθανεῖν,
3113 1424 3227 1488 πῶς
3250 1443 3390 1480 τισιν
3416 1426 3560 1492 εδοξε
3596 1428 3795 1497 λέγειν,

2232 1512 2313 1565 ὅτι
2332 1512 2547 1567 θάνατοι
2581 1515 2893 1584 ἐπάγονται,
2923 1515 3032 1569 τῶν
3078 1517 3216 1589 ὅρων
3243 1519 3340 1588 τῆς
3384 1519 3531 1590 ζωῆς
3580 1520 3798 1592 πληρω-

2235 1603 2433 1659 θέντων
2460 1621 2480 1670 ;
2504 1604 2626 1669 Πῶς
2642 1606 2698 1659 δὲ
2725 1608 2819 1660 καὶ
2838 1606 2916 1677 τῷ
2965 1609 3183 1680 Ἐζεκίᾳ
3208 1612 3300 1663 καὶ
3330 1613 3442 1676 τοῖς
3490 1612 3801 1679 Νινευῖταις

2235 1694 2377 1767 ζωὴν
2406 1698 2434 1750 6
2460 1696 2590 1760 Θεὸς
2621 1699 3006 1770 αἰτησαμένοις
3035 1700 3369 1774 προσέθηκεν
3396 1718 3417 1768 ;

2315 1957 2503 2012 Ἀπόκ.
2546 1959 2610 2013 Ἡ
2649 1959 2749 2030 τῆς
2781 1960 2974 2030 σοφίας
2998 1959 3172 2033 πηγὴ,
3199 1961 3259 2015 τὸ
3288 1961 3429 2032 μέγα
3453 1962 3654 2032 δοκεῖον
3697 1962 3806 2034 τῆς

2228 2046 2501 2117 γνώσεως,
2523 2049 2731 2113 Παῦλος
2754 2051 2783 2103 ὁ
2804 2050 3122 2116 ἀπόστολος,
3152 2052 3286 2124 πρὸς
3310 2052 3625 2123 Κορινθίους
3657 2055 3801 2126 γρά-

2230 2155 2346 2207 φων
2376 2139 2541 2208 φησίν
2565 2156 2580 2170 ·
2620 2158 2640 2190 ι
2682 2141 2742 2192 '0
2770 2141 2878 2212 γὰρ
2903 2140 3135 2206 ἀναξίως
3156 2141 3348 2195 ὲσθίων
3374 2143 3464 2195 τὸν
3509 2142 3671 2213 ἄρτον
3704 2145 3799 2197 καὶ

2229 2228 2397 2283 πίνων
2421 2230 2483 2282 τὸ
2515 2224 2652 2300 αἷμα
2685 2230 2775 2283 τοῦ
2805 2232 3010 2301 Κυρίου
3035 2271 3050 2296 ,
3081 2234 3252 2303 κρῖμα
3282 2231 3461 2302 ἑαυτῷ
3505 2233 3675 2286 ἐσθίει
3705 2234 3803 2287 καὶ⁵

2228 2322 2406 2375 πίνει·
2441 2323 2533 2375 καὶ
2556 2321 2642 2376 διὰ
2659 2322 2817 2375 τοῦτο
2837 2324 2893 2375 ὲν
2916 2324 3045 2393 ὑμῖν
3081 2323 3266 2377 πολλοὶ
3289 2324 3535 2388 ἀσθενεῖς
3565 2325 3660 2378 καὶ
3697 2325 3801 2398 ἀρ-

2228 2414 2424 2482 ρωστοι
2479 2412 2574 2465 καὶ
2616 2413 2912 2483 κοιμῶνται
2977 2413 3169 2468 ἱκανοί.
3229 2434 3248 2467 ι
3311 2414 3614 2486 Προσέχετε
3662 2416 3796 2485 μετά

2229 2503 2533 2575 ἀκριϐείας.
2583 2503 2685 2557 Διὰ
2720 2506 2781 2559 τὸ
2825 2505 3079 2571 ἀναξίους
3126 2507 3267 2578 ὑμᾶς
3319 2507 3754 2578 μεταλαμϐάνειν
3776 2548 3794 2570 .

2227 2594 2412 2665 φησὶν,
2446 2593 2815 2666 ἀποθνήσκετε
2867 2598 2917 2649 οί
2962 2596 3164 2651 πολλοί.
3189 2599 3350 2650 Ὥστε
3386 2599 3435 2650 εί
3468 2598 3635 2665 ἀξίως
3672 2616 3797 2669 μετ-

2226 2685 2548 2756 ελάμϐανον,
2576 2686 2676 2739 οὐκ
2704 2685 2768 2738 ἂν
2800 2685 3139 2756 ἀπέθνησκον
3168 2688 3307 2741 τότε.
3336 2687 3451 2741 Καὶ
3477 2687 3581 2740 ποῦ
3617 2687 3798 2742 λοιπὸν

2228 2774 2499 2847 ζητοῦμεν
2527 2776 2617 2829 τὸν
2648 2777 2772 2845 ὅρον
2799 2776 2898 2846 τῆς
2933 2777 3076 2847 ζωῆς
3108 2778 3200 2831 τὸν
3230 2776 3378 2848 παρά
3409 2777 3625 2841 πολλοῖς
3669 2780 3797 2849 ἡμῖν

2226 2866 2694 2939 προδαλλόμενον;
2722 2869 2889 2922 Πάλιν
2924 2869 3058 2940 πρὸς
3094 2870 3181 2922 τὸν
3218 2869 3444 2939 Ἐλιφάζ
3484 2870 3577 2923 τὸν
3614 2870 3797 2940 Θεμα-

2225 2959 2378 3030 νίτην
2411 2960 2575 3029 φησὶν
2606 2962 2634 3013 6
2657 2960 2788 3024 Θεός
2813 2977 2826 2992 ο
2869 2979 2887 3011 ι
2926 2960 3210 3031 Ἥμαρτες
3232 2962 3296 3014 σὺ
3321 2963 3414 3015 καὶ
3440 2964 3488 3014 οί
3524 2961 3620 3014 δύο
3652 2961 3795 3030 φίλοι

554 3065 659 3121 Job
709 3082 868 3122 servo
918 3084 1040 3124 meo
1090 3083 1188 3124 vos
1246 3068 1649 3125 interemissem
1708 3070 1775 3123 ⁷⁵.
1851 3088 1871 3121 ι
1934 3070 2124 3137 Itaque

2229 3066 2345 3115 σου,
2378 3050 2471 3104 καὶ
2491 3052 2539 3103 εἰ
2565 3048 2638 3121 μὴ
2658 3050 2747 3103 διὰ
2797 3048 2916 3103 ’1ὼὸ
2945 3050 3035 3103 τὸν
3064 3050 3369 3121 θεράποντά
3399 3068 3498 3121 μου
3525 3091 3541 3115 ,
3601 3051 3796 3116 ἐξωλό-

556 3168 779 3229 propter
803 3158 905 3214 Job
927 3161 1181 3217 virtutem
1206 3162 1316 3218 Deo
1340 3170 1618 3232 acceptam
1652 3177 1758 3216 non
1807 3167 1934 3217 sunt
1971 3176 2122 3214 mor-

557 3249 660 3316 tui,
716 3266 827 3305 non
872 3260 1051 3307 autem
1093 3254 1236 3323 quod
1277 3269 1388 3308 non
1422 3253 1706 3309 absolutus
1750 3260 1893 3309 esset
1928 3251 2120 3306 termi-

557 3355 665 3395 nus
697 3340 821 3394 vitae
865 3340 1129 3410 ipsorum.
1166 3342 1260 3397 Sin
1303 3354 1505 3408 autem,
1535 3353 1592 3398 ut
1624 3344 1950 3413 quibusdam
1974 3343 2121 3399 vide-

557 3438 667 3495 tur,
702 3431 905 3501 praeﬁxi
926 3440 1054 3486 sunt
1076 3444 1131 3487 et
1157 3434 1364 3488 deﬁniti
1384 3434 1501 3489 dies
1522 3435 1777 3499 hominis,
1823 3449 1983 3488 nemo
2005 3434 2120 3503 jam

555 3521 614 3576 in
637 3523 877 3592 peccatis
905 3524 1205 3579 moriturus
1228 3525 1296 3578 ad
1321 3534 1540 3579 sanctos
1570 3525 1712 3580 viros
1735 3525 2036 3589 accederet,
2063 3532 2121 3578 ut

553 3617 718 3670 vitam
754 3624 807 3671 et
835 3618 1248 3672 conversionem
1295 3617 1401 3671 sibi
1443 3633 1475 3671 a
1518 3615 1626 3671 Deo
1677 3624 1880 3688 peteret
1912 3638 1924 3672 :
1958 3632 2119 3671 nemo

554 3706 724 3762 Deum
767 3723 868 3779 pro
914 3709 1210 3763 liberorum
1258 3709 1367 3762 vita
1411 3709 1892 3780 rogaretuQuippe
1940 3708 2121 3763 termi-

552 3814 678 3864 nus,
731 3801 995 3855 terminus
1054 3809 1158 3865 est,
1213 3801 1480 3870 nihilque,
1513 3801 1813 3856 secundum
1866 3800 1989 3854 illos
2042 3797 2120 3854 illi

547 3898 729 3957 potest
759 3891 905 3947 addi.
939 3892 1052 3946 Cur
1083 3909 1213 3963 ergo
1248 3892 1529 3963 Scriptura
1554 3892 1820 3963 praecipit,
1852 3911 1871 3944 ‹
1902 3891 2120 3945 Honora

554 3990 760 4050 patrem
797 3992 949 4037 tuum
976 3992 1032 4039 et
1053 3994 1280 4041 matrem
1308 3996 1478 4050 tuam,
1500 3994 1559 4040 ut
1582 3988 1660 4041 sis
1689 3988 1963 4054 longaevus
1984 3983 2065 4037 7‘?
2093 4003 2112 4035 ι

527 4070 741 4139 Ἰιεῳιε
794 4072 1060 4126 terminus
1103 4074 1228 4127 vitae
1272 4075 1529 4137 hominis,
1577 4082 1663 4128 est
1698 4076 1952 4127 voluntas
2000 4072 2115 4140 Dei,

516 4966 528 5049 ἱ

549 4157 645 4226 qui
686 4158 804 4213 dies
849 4159 998 4215 addit
1024 4162 1115 4214 cui
1148 4164 1399 4223 voluerit.
1449 4163 1632 4217 aufert
1664 4178 1793 4217 vero
1822 4177 1853 4214 a
1878 4178 1987 4231 quo
2015 4177 2115 4216 au-

550 4247 685 4301 ferri
716 4248 958 4314 libuerit,
1002 4251 1185 4307 omnia
1227 4254 1295 4306 ad
1348 4253 1782 4321 uniuscujusque
1831 4253 2116 4307 utilitatem

549 4353 739 4408 agens.
769 4338 851 4393 Ac
879 4342 1335 4410 quemadmodum
1358 4343 1535 4414 gregis
1563 4344 1838 4407 dominus,
1870 4360 1992 4399 cum
2024 4360 2119 4399 vo—

2225 3140 2426 3212 θρευσα
2470 3139 2535 3196 ἂν
2588 3142 2750 3212 ὑμᾶς.
2790 3161 2808 3193 ι
2879 3141 3041 3194 ’Ὥστε
3086 3141 3175 3195 διὰ
3230 3142 3329 3213 τὴν
3356 3141 3450 3195 τοῦ
3498 3142 3618 3195 Ἰὼϐ
3662 3143 3797 3214 πρὸς

2222 3233 2354 3286 Θεὸν
2384 3233 2583 3304 ἀρετὴν
2612 3234 2712 3286 οὐκ
2741 3231 3031 3297 ἀπέθανον,
3053 3233 3147 3287 καὶ
3169 3234 3230 3286 οὺ
3255 3234 3342 3286 διὰ
3369 3233 3428 3287 τὸ
3458 3233 3534 3305 μὴ
3574 3234 3795 3306 πληρω-

2223 3318 2382 3392 θῆναι
2399 3322 2510 3390 (55)
2526 3321 2616 3374 τὸν
2629 3322 2753 3393 ὅρον
2766 3321 2867 3391 τῆς
2882 3322 3027 3394 ζωῆς
3042 3322 3308 3377 αὐτῶν.Εἰ
3321 3323 3400 3389 δὲ,
3414 3322 3489 3388 ὥς
3505 3341 3616 3376 τισι
3630 3324 3794 3389 δοκεῖ,

2221 3414 2573 3484 πεπηγμέναι
2592 3416 2697 3468 εἰσὶ
2712 3414 2804 3468 xal
2830 3415 3130 3486 ὡρισμέναι
3159 3418 3215 3469 αἱ
3242 3416 3449 3487 ἡμέραι
3474 3417 3568 3470 τοῦ
3594 3416 3796 3487 ἀνθρώ-

2220 3523 2345 3569 που,
2403 3506 2588 3577 μηδεὶς
2631 3506 2814 3559 λοιπὸν
2863 3508 2920 3559 ὲν
2976 3506 3225 3577 ἀνομίαις
3280 3507 3489 3578 μέλλων
3540 3507 3795 3578 τελευτᾷν

2221 3598 2400 3666 ἁγίοις
2442 3598 2666 3669 ἀνδράσι
2720 3598 3040 3670 προσδράμῃ
3104 3597 3247 3669 ζωὴν
3304 3599 3396 3652 καὶ
3456 3599 3792 3670 ἐπιστροφὴν

2220 3690 2383 3743 αὐτοῦ
2418 3691 2481 3742 ὲκ
2524 3688 2655 3742 Θεοῦ
2708 3689 3064 3759 αἰτήσασθαι·
3101 3689 3287 3758 μηδεὶς
3327 3690 3457 3761 περὶ
3503 3691 3649 3761 ζωῆς
3687 3684 3793 3745 τῶν

2220 3782 2413 3835 ἑαυτοῦ
2433 3782 2634 3835 τέκνων
2667 3781 2755 3835 τὸν
2785 3781 2914 3835 Θεὸν
2946 3780 3260 3853 δυσωπήσῃ.
3278 3783 3335 3834 ’0
3362 3782 3469 3853 γὰρ
3491 3783 3638 3854 ὅρος,
3673 3784 3794 3853 ὅρος

2220 3871 2358 3934 ἐστὶ,
2392 3871 2485 3925 καὶ
2520 3870 2836 3942 προσθήκην
2863 3869 3118 3923 ἀδύνατον
3147 3871 3265 3923 κατ’
3288 3870 3485 3933 αὐτοὺς
3520 3872 3789 3939 γενέσθαι.

2220 3962 2331 4015 Καὶ
2366 3961 2483 4022 πῶς
2524 3978 2687 4031 φησιν
2720 3962 2997 4032 ὴΓραφὴ,
3033 3982 3051 4014 ι
3096 3962 3242 4033 Τίμα
3288 3962 3382 4017 τὸν
3432 3965 3644 4036 πατέρα
3699 3984 3790 4019 σου

2224 4057 2320 4109 καὶ⁵
2348 4054 2445 4127 τὴν
2471 4055 2680 4126 μητέρα
2713 4072 2804 4107 σου
2824 4093 2837 4115 ,
2867 4056 3014 4117 ὅπως
3045 4053 3142 4127 ἔσῃ
3178 4055 3560 4128 πολυχρόνιος;
3601 4080 3619 4108 ι
3672 4059 3793 4129 ὄρος

2218 4150 2394 4202 τοίνυν
2417 4148 2530 4201 ἐστὶ
2546 4149 2609 4217 τῇ
2631 4148 2740 4216 ζωῇ
2758 4146 2866 4217 (54)
2883 4144 2975 4198 τοῦ
2993 4146 3086 4198 ἀνθ
3096 4144 3322 4217 ρώπουή
3345 4148 3507 4218 βουλὴ
3531 4148 3624 4201 τοῦ
3639 4150 3792 4213 Θεοῦ,

2220 4242 2313 4295 καὶ
2361 4234 2511 4307 ᾧτινι
2539 4239 2804 4310 βούλεται,
2846 4239 3198 4310 προστίθησι,
3228 4239 3321 4292 καὶ
3349 4238 3477 4293 ἔνθα
3520 4243 3791 4313 σκοπήεῃ,

2220 4331 2494 4400 ὑφελεῖται
2516 4372 2531 4395 ,
2567 4331 2743 4385 πάντα
2775 4332 2942 4384 ποιῶν
2973 4332 3107 4404 πρὸς
3137 4330 3197 4384 τὸ
3223 4330 3451 4384 ἑκάστου
3493 4333 3788 4404 συμφέρον.

552 4430 735 4496 luerit,
767 4433 931 4486 mittit
963 4442 1015 4487 et
1057 4435 1291 4489 accersit
1320 4452 1457 4505 quas
1485 4436 1721 4491 voluerit
1749 4451 1880 4491 oves
1907 4454 1923 4503 ;
1954 4437 2029 4491 ita
2061 4443 2115 4491 et

2225 4424 2331 4476 Kal
2360 4422 2546 4492 ὥσπερ
2583 4425 2612 4475 6
2643 4420 2905 4491 δεσπότης
2934 4422 3032 4492 τῆς
3089 4421 3353 4492 ποίμνης,
3401 4424 3489 4474 ὅτε
3533 4423 3786 4493 βουληθῇ,

550 4521 695 4577 Deus
726 4538 787 4606 se
818 4538 947 4593 erga
984 4525 1232 4580 homines
1262 4526 1422 4597 gerit,
1464 4535 1704 4598 tuncque
1731 4542 1881 4582 mors
1908 4527 2115 4583 homini

547 4611 785 4676 advenit,
817 4628 941 4669 cum
982 4618 1245 4675 terminus
1281 4619 1401 4690 ejus
1427 4621 1552 4676 vitae
1592 4620 1893 4690 completus
1932 4617 2111 4678 fuerit.

544 4701 703 4769 Nam,
736 4714 796 4759 ut
826 4715 984 4760 antea
1012 4708 1214 4764 dictum
1248 4719 1352 4777 est,
1383 4714 1652 4770 terminus
1682 4715 2116 4788 uniuscujusque

546 4797 668 4869 vita}
692 4805 777 4853 est
797 4795 992 4867 jussus
1015 4808 1071 4856 et
1099 4803 1353 4859 voluntas
1386 4803 1501 4859 Dei.

617 5056 863 5126 Quasr.‘
914 5053 1133 5115 CXIVL-
1198 5049 1427 5125 Quidam
1468 5062 1827 5119 'existimant
1921 5062 2112 5125 corru-

546 5165 763 5226 ptorum
798 5170 1091 5225 corporum
1170 5159 1629 5213 resurrectionem
1709 5160 2107 5230 impossibilem

542 5248 766 5302 omnino
807 5263 949 5302 esse.
1000 5247 1285 5314 Quomodo
1326 5250 1495 5316 enim,
1544 5250 1819 5321 inquiunt,
1872 5264 1966 5310 aut
2008 5273 2111 5310 un-

540 5338 737 5392 denam
779 5348 1029 5410 resurget
1067 5355 1219 5404 caro,
1248 5356 1413 5409 quam
1457 5356 1601 5411 saepe
1644 5344 1930 5415 naufragio
1972 5338 2107 5401 sub-

2220 4512 2540 4567 άποστέλλει
2564 4511 2855 4582 καὶφέρει,
2889 4508 2974 4563 οἷα
3023 4511 3287 4583 βούλεται,
3319 4512 3564 4581 πρόϐατα
3588 4529 3601 4542 ·
3651 4513 3789 4565 οὕτω

2220 4605 2315 4658 καὶ
2349 4607 2376 4657 ὁ
2410 4603 2541 4667 Θεὸς
2587 4603 2816 4656 ἐπὶτῶν
2859 4601 3158 4673 ἀνθρώπων
3200 4606 3362 4665 ποιεῖ,
3394 4603 3489 4655 καὶ
3529 4603 3652 4655 τότε
3696 4605 3790 4657 ἐπ-

2220 4699 2410 4766 άγεται
2436 4698 2464 4748 ὁ
2494 4696 2726 4758 θάνατος
2772 4694 2850 4766 τῷ
2875 4694 3163 4764 ἀνθρώπῳ.
3188 4693 3280 4747 τοῦ
3307 4695 3455 4766 ὅρου,
3498 4695 3667 4765 ἤγουν
3696 4694 3788 4749 τοῦ

2219 4790 2417 4861 χρόνου
2440 4790 2537 4858 τῆς
2560 4787 2704 4856 ζωῆς
2737 4785 2921 4850 αὐτοῦ,
2947 4785 3343 4857 πληρωθέντος.
3378 4788 3544 4858 Ὄρος
3573 4804 3791 4859 τοιγαρ-

2217 4879 2347 4942 οῦν,
2404 4878 2479 4941 ὡς
2532 4876 2907 4948 προλέλεκται,
2957 4876 3057 4946 τῆς
3111 4877 3339 4930 ἑκάστου
3388 4877 3534 4947 ζωῆς
3575 4878 3785 4951 ἐστινή

2217 4971 2462 5032 κέλευσις
2497 4971 2591 5022 xal
2620 4971 2652 5039 ή
2697 4968 2859 5038 βουλὴ
2878 4966 2970 5022 τοῦ
2991 4966 3145 5022 Θεοῦ.

2300 5071 2491 5144 Ἐρώτ.
2543 5069 2658 5142 ριδ’.
2701 5068 2999 5136 ’Δμήχανόν
3059 5085 3112 5120 τι
3159 5068 3390 5139 πρᾶγμα
3423 5069 3538 5132 τοῖς
3576 5064 3790 5129 πολλοῖς

2217 5169 2310 5222 καὶ
2337 5166 2594 5221 ἀδύνατον
2636 5160 2912 5231 νομίζεται
2945 5160 3052 5214 τῶν
3097 5160 3556 5232 καταφθαρέντων
3609 5160 3786 5231 σωμά-

2216 5277 2324 5314 των
2357 5256 2726 5329 ἠάνάστασις.
2754 5252 2878 5316 Πῶς
2900 5252 3029 5326 γὰρ,
3050 5254 3233 5321 φησιν,
3266 5252 3301 5323 ἢ
3343 5250 3507 5306 πόθεν
3554 5252 3785 5320 ἀναστή-

2217 5367 2366 5405 σεται
2394 5349 2428 5418 ἠ
2464 5344 2618 5417 σὰρξ,
2650 5346 2716 5415 ἢν
2750 5342 3005 5405 πολλάκις
3042 5344 3426 5413 ναυαγήσασαν
3455 5341 3660 5412 ἔφαγον
3698 5339 3782 5410 χί-

615 5431 674 5512 '1
698 5428 845 5512 Ps_al.
881 5448 971 5498 cr,
997 5431 1097 5512 ΞΒ.
1172 5433 1218 5466 ¹¹¹
1258 5431 1407 5488 PsaI.
1443 5449 1682 5500 xxxvm,
1717 5434 1769 5488 6.
1848 5437 1894 5469 "
1933 5433 2109 5498 Eccie.
2164 5462 2276 5510 νη,
2315 5442 2405 5496 l7.
2481 5440 2529 5473 ⁷³
2568 5439 2588 5491 ι
2624 5439 2749 5493 Cor.
2790 5450 2843 5488 χι
2868 5473 2884 5498 ,
2920 5434 3025 5497 '29,
3061 5433 3175 5504 30.|
3248 5434 3304 5512 "_
3374 5432 3472 5490 Iob
3526 5447 3676 5496 nu,
3723 5429 3782 5486 7.

545 5499 593 5530 "
636 5499 806 5553 Exod.
847 5517 952 5566 xx,
994 5501 1079 5556 12.

545 5591 727 5713 “3'52?
759 5591 885 5648 Haec
926 5609 1187 5663 expressa
1234 5604 1453 5651 suntex
1502 5595 1761 5665 Apologia
1808 5599 1872 5653 de
1927 5598 2101 5670 Fuga.

634 5728 745 5799 (55)
788 5730 865 5785 Ita
912 5735 1282 5805 manuscripta
1329 5743 1495 5793 recte.
1546 5736 1601 5791 In
1649 5737 1808 5794 editis
1854 5755 1983 5797 vero
2027 5742 2100 5810 μή

2209 5602 2394 5737 deﬁgi)
2431 5667 2560 5737 Reg.
2585 5667 2682 5738 τῆς
2709 5664 2872 5734 ζωῆς.
2902 5661 3069 5729 Infra,
3096 5661 3263 5734 idem,
3290 5664 3385 5718 καὶ
3413 5658 3783 5738 ένθαζκελεῦιι

2211 5740 2538 5809 ὑφαιρεῖται.
