4088 6382
523 296 627 354 671

1647 299 1706 354 S.
1746 292 2202 351 ATIIANASIUS.
2240 325 2311 336 —
2347 291 2618 348 SPURIA.

3670 285 3778 341 €72

523 414 745 473 fames?
787 417 868 471 Ad
900 433 1212 489 pmnamne,
1244 431 1312 471 an
1369 417 1424 471 in
1483 417 1755 487 regnum?
1786 415 1906 481 Quo
1954 429 2090 469 vero

2199 411 2294 464 στά
2335 410 2448 479 (60)
2485 411 2688 479 νήτταις
2728 407 2808 469 είς
2852 406 3090 469 κόλασιν,
3131 404 3276 475 ἦείς
3310 403 3624 476 βασιλείαν;
3667 404 3775 462 Καὶ

525 521 658 563 eunt
687 509 981 565 inﬁdelium
999 497 1284 564 infantes?
1309 507 1428 574 Quo
1453 503 1578 563 item
1603 509 1657 563 in
1682 509 1801 562 loco
1822 507 2096 562 collocan-

527 609 618 653 tur
651 601 949 656 morientes
975 599 1213 655 Iidelium
1249 602 1512 671 infantes,
1544 615 1675 654 num
1731 614 1857 654 cum
1904 595 2096 652 inﬁde—

527 688 696 750 libus,
731 704 800 742 an
825 704 955 744 vero
986 705 1108 744 cum
1142 689 1434 745 ﬁdelibus?

600 779 761 834 Resp.
801 778 937 834 Cum
970 779 1232 836 Dominus
1294 781 1441 835 dicat
1474 796 1487 832 :
1549 797 1567 830 ι
1608 778 1784 835 Sinite
1837 778 2098 849 parvulos

524 869 712 924 venire
764 869 833 924 ad
882 886 967 925 me
1000 889 1013 924 :
1049 871 1239 924 talium
1294 871 1438 924 enim
1491 877 1575 925 est
1638 884 1865 939 regnum
1930 869 2098 922 cmlo—

526 975 649 1012 rum
669 960 714 991 ⁷⁸
743 975 760 1026 ;
793 979 812 1012 ›
845 976 968 1015 cum
1004 962 1130 1014 item
1154 962 1300 1016 dicat
1329 961 1625 1032 Apostolus
1651 979 1664 1014 :
1689 978 1708 1012 ι
1733 959 1888 1014 Nunc
1917 969 2094 1013 autem

526 1050 682 1106 liberi
707 1051 877 1106 vestri
906 1053 1081 1106 sancti
1102 1053 1316 1116 sunt",
1361 1073 1380 1105 ι
1409 1060 1622 1107 constat
1642 1050 2097 1104 utimmaculatos

523 1146 579 1194 et
610 1139 795 1196 ﬁdeles
825 1142 880 1195 in
930 1157 1158 1212 regnum
1203 1144 1468 1197 caelorum
1525 1142 1734 1213 ingredi
1785 1142 2089 1211 baptizatos

525 1228 765 1283 ﬁdelium
803 1229 1061 1286 infantes.
1095 1231 1197 1297 Qui
1243 1243 1425 1287 autem
1476 1232 1736 1302 baptizati
1783 1247 1890 1284 non
1936 1241 2086 1292 sunt,

527 1331 585 1375 ut
611 1330 666 1375 et
695 1321 962 1385 inﬁdeles,
993 1339 1168 1394 neque
1201 1324 1256 1378 in
1293 1340 1519 1394 regnum
1567 1323 1968 1393 ingrediuntur,
1997 1338 2098 1376 nec

525 1429 721 1468 rursus
751 1415 808 1468 in
827 1415 1153 1486 supplicium
1187 1430 1463 1486 :_namque
1506 1422 1787 1486 peccatum
1829 1430 1938 1469 non
1975 1430 2098 1484 ege-

526 1513 672 1558 runt.

601 1595 823 1661 Qumsr.
863 1594 1048 1650 CXVI.
1080 1595 1162 1650 An
1203 1611 1395 1652 omnes
1427 1595 1667 1650 lueretici
1728 1596 1783 1649 in
1842 1597 2099 1666 perditio-

525 1701 651 1740 nem
689 1687 912 1748 abeunt,
955 1687 1162 1740 necne?

604 1777 763 1832 Resp.
796 1777 891 1831 Est
936 1777 1180 1840 Ineresis,
1225 1785 1278 1832 et
1337 1777 1558 1832 haeresis
1597 1785 1726 1833 :est
1771 1777 1898 1832 item
1955 1776 2102 1843 judi-
2133 1770 2174 1822 Β

526 1869 692 1930 cium,
723 1875 776 1921 et
799 1866 1090 1935 judicium.
1138 1867 1259 1920 Alia
1317 1874 1402 1920 est
1447 1867 1590 1921 enim
1638 1867 1870 1936 perditio
1922 1866 2096 1919 Mani-

526 1957 822 2023 chazorum,
852 1955 1328 2020 Moutanistarum,
1364 1953 1828 2020 Simonianorum,
1869 1955 2100 2011 Ariano-

526 2073 670 2120 rum,
698 2065 751 2112 et
773 2057 1419 2122 Pneumatomachorum,
1453 2057 1794 2128 aliorumque
1850 2058 1902 2112 id
1929 2073 2098 2128 genus

524 2147 968 2204 detestandorum
1027 2149 1428 2204 baareticorum.
1472 2149 1633 2203 Aliud
1699 2165 1896 2206 rursus
1945 2150 2098 2218 judi«

523 2239 667 2293 cium
694 2247 985 2295 esteorum
1037 2241 1132 2310 qui
1185 2241 1341 2294 aiunt
1399 2240 1692 2295 Dominum
1748 2252 1996 2296 nostrum
2047 2250 2100 2296 et

523 2328 692 2384 Deum
725 2330 909 2386 Jesum
930 2329 1207 2386 Christum
1242 2347 1444 2401 corpus
1482 2332 1858 2402 incorruptum
1884 2349 1949 2387 ex
1973 2349 2101 2388 san-

520 2428 608 2473 cta
635 2419 864 2490 Deipara
901 2421 1202 2490 accepisse.
1241 2418 1627 2475 Verumtamen
1658 2422 1751 2491 qui
1803 2424 1858 2476 in
1912 2425 2101 2492 paucis

523 2511 762 2566 inﬁdelis
799 2518 905 2577 est,
933 2517 985 2564 et
1013 2511 1068 2563 in
1122 2512 1312 2566 multis
1349 2523 1433 2567 est
1463 2514 1717 2569 inﬁdelis.
1749 2512 1860 2568 Nec
1903 2513 1957 2566 id
1986 2523 2099 2565 tan-

523 2616 676 2671 tum,
721 2605 817 2661 sed
852 2605 1015 2659 etiam
1051 2608 1104 2658 in
1131 2620 1240 2658 una
1273 2606 1574 2676 eademque
1613 2603 1813 2662 Iiaaresi'
1849 2605 2020 2658 multa
2048 2610 2102 2657 et

523 2692 676 2746 varia
709 2699 838 2747 sunt
870 2689 1100 2759 judicia.
1159 2689 1443 2760 Siquidem
1475 2693 1622 2749 aliud
1671 2701 1755 2748 est
1811 2700 2092 2764 peccatum

522 2781 766 2853 episcopi
797 2781 1055 2852 populum
1087 2778 1143 2833 in
1167 2795 1411 2835 errorem
1457 2783 1769 2837 inducentis
1798 2800 1812 2848 ;
1849 2780 1996 2834 aliud
2019 2780 2104 2850 ju-

521 2874 725 2930 delum
757 2874 943 2930 clerici
970 2877 1061 2946 qui
1088 2879 1257 2948 possit
1281 2876 1644 2932 orthodoxam
1667 2874 1825 2929 ﬁdem
1853 2873 2098 2939 discere;

523 2962 670 3017 aliud
688 2964 1157 3032 autemjudicium
1187 2965 1373 3021 clerici
1404 2965 1501 3036 qui
1521 2964 1736 3019 discere
1767 2978 1873 3017 non
1907 2963 2100 3033 possit.

521 3051 682 3107 Aliud
713 3055 842 3108 item
879 3056 999 3124 ejus
1055 3058 1149 3127 qui
1187 3057 1468 3112 veritatem
1517 3054 1969 3120 anathematizat,
2001 3070 2100 3108 uo-

521 3238 871 3305 errat;aliud
895 3240 1014 3310 ejus
1038 3241 1130 3311 qui
1158 3242 1229 3296 ob
1264 3242 1646 3312 ignorantiam.
1678 3238 1924 3309 Denique
1971 3255 2084 3291 mu-

526 3329 676 3384 Iieris
730 3331 1024 3400 judicium,
1083 3335 1205 3387 aliis
1257 3333 1512 3388 omnibus
1563 3342 1648 3388 est
1717 3333 1910 3386 levius.
1965 3330 2098 3397 Quae

522 3421 708 3474 omnia
743 3423 895 3478 solus
956 3432 1211 3478 accurate
1249 3424 1400 3488 novit
1425 3423 1591 3485 Dens,
1642 3422 1736 3492 qui
1765 3423 1954 3476 orbem
1987 3429 2098 3475 ter-

522 3527 706 3567 rarum
731 3513 787 3568 in
814 3513 1030 3584 justitia
1057 3515 1406 3585 jndicaturus
1435 3526 1520 3571 est
1535 3515 1601 3568 ⁷⁸.

593 3605 814 3669 ngsr.
869 3605 1080 3660 CXVII.
1125 3606 1353 3660 Licetne
1396 3605 1807 3676 magistratibus
1862 3619 2094 3660 munera

519 3696 789 3765 accipere,
816 3712 988 3768 eaque
1022 3699 1077 3752 in
1105 3714 1372 3768 pauperes
1397 3697 1716 3751 insumere?

591 3785 755 3842 Rssr.
793 3786 850 3842 Si
875 3789 970 3859 qui
1003 3797 1128 3859 post
1153 3797 1380 3858 accepta
1437 3788 1723 3850 beneﬁcia,
1765 3787 1978 3858 copiam
2010 3803 2096 3842 re-

521 3893 642 3932 rum
663 3879 886 3944 habent,
911 3888 1218 3951 sponthue
1238 3880 1383 3934 dona
1408 3880 1815 3949 magistratibus
1833 3879 2091 3947 oﬁerunt,

521 3968 612 4032 iis,
647 3969 893 4040 inquam,
929 3987 960 4023 a
991 3972 1194 4040 quibus
1217 3970 1543 4025 beneﬁcium
1568 3980 1928 4040 acceperunt;
1955 3970 2096 4026 forte

519 4061 617 4129 qui
651 4076 878 4115 munera
928 4062 1254 4130 suscipient,
1298 4076 1406 4114 non
1449 4076 1612 4129 grave
1669 4060 2096 4129 subibuutjudi-

519 4152 694 4214 cium,
723 4152 771 4206 si
799 4167 994 4220 nempe
1027 4167 1091 4205 ea
1137 4151 1522 4204 distribuerint
1564 4151 1916 4219 pauperibus.
1965 4151 2095 4217 Quae

515 4249 704 4292 autem
744 4239 812 4292 ab
854 4239 1111 4308 agricolis
1165 4247 1219 4293 et
1285 4239 1457 4293 fabris
1511 4241 1786 4309 oppressis
1829 4256 2094 4312 opemque

515 4330 949 4399 _impIorantibus
967 4329 1110 4384 dona
1131 4331 1460 4400 acceperint,
1485 4331 1661 4399 ignem
1684 4338 1738 4385 et
1767 4333 2091 4401 supplicium

2201 501 2304 556 ποῦ
2337 500 2405 553 τά
2426 499 2534 552 τῶν
2565 498 2811 552 ἀπίστων
2849 495 3057 567 νήπιας
3085 494 3198 548 Καὶ
3216 490 3318 548 ποῦ
3342 494 3412 548 τά
3440 494 3548 548 τῶν
3570 495 3776 548 πιστῶν

2200 593 2508 647 ἀδάπτιστα
2551 589 2966 660 ἀποθνήσκοντα
3011 586 3318 653 τάττονται,
3369 585 3508 657 μετά
3537 585 3647 638 τῶν
3687 601 3776 638 πι-

2202 682 2364 745 στῶν,
2387 683 2420 754 ἢ
2451 681 2694 734 ἀπίστων
2709 695 2724 744 ;

2283 774 2472 828 Ἀπόκ.
2508 770 2614 825 Τοῦ
2647 769 2848 842 Κυρίου
2878 768 3162 838 λέγοντοςο
3200 787 3219 820 ι
3259 770 3456 837 ’Ἄφετε
3489 767 3557 822 τά
3589 767 3777 822 παιδία

2200 865 2453 937 ἔρχεσθαι
2496 864 2631 935 πρὸς
2659 862 2728 933 μέ
2751 879 2768 895 ο
2795 860 2903 915 τῶν
2943 863 3055 932 γὰρ
3083 859 3340 914 τοιούτων
3376 861 3522 914 ἐστὶν
3548 863 3582 931 ἡ
3619 860 3774 930 βασι-

2201 958 2320 1010 λεία
2380 956 2488 1010 τῶν
2545 954 2820 1025 οὐρανῶν·
2861 972 2880 1004 ι
2931 953 3024 1006 καὶ¹
3081 952 3243 1006 πάλιν
3296 951 3391 1004 τοῦ
3453 951 3774 1004 Ἀποστόλου

2201 1052 2528 1120 φάσκοντος’
2583 1066 2600 1098 ι
2644 1045 2756 1100 Νῦν
2787 1046 2843 1098 δὲ
2883 1044 2953 1098 τά
2992 1045 3160 1098 τέκνα
3201 1044 3353 1115 ὑμῶν
3383 1045 3514 1112 ἅγιά
3553 1046 3701 1098 ἐστι·
3748 1064 3766 1096 ι

2202 1141 2464 1214 πρόδηλον
2507 1140 2589 1193 ὃτι
2617 1138 2692 1202 ὡς
2718 1137 2918 1192 ἀσπιλα
2947 1135 3041 1189 καὶ
3076 1136 3242 1189 πιστά
3271 1138 3348 1198 είς
3373 1137 3470 1206 τὴν
3499 1135 3774 1206 βασιλείαν

2201 1235 2533 1305 εἰσέρχονται
2562 1233 2628 1286 τὰ
2651 1231 2758 1285 τῶν
2785 1229 2992 1283 πιστῶν
3030 1229 3436 1299 βεϐαπτισμένα
3469 1231 3635 1296 νήπια
3658 1244 3672 1258 '
3703 1228 3771 1283 τὰ

2201 1327 2256 1379 δὲ
2282 1326 2586 1378 ἀϐἀπτιστα
2619 1324 2712 1375 καὶ
2742 1321 2810 1374 τὰ
2838 1320 3023 1373 ἐθνικά
3052 1319 3173 1373 οὔτε
3201 1322 3279 1382 είς
3307 1319 3578 1390 βασιλείαν
3600 1319 3773 1391 εἰσέρα

2202 1435 2419 1490 χονται·
2453 1416 2567 1470 ἀλλ’
2594 1414 2718 1468 οὗτε
2751 1414 2911 1467 πάλιν
2948 1414 3028 1475 είς
3057 1412 3272 1464 κόλασιν
3293 1428 3307 1441 ·
3349 1409 3622 1481 ἁμαρτίαν
3663 1409 3772 1480 γὰρ

2204 1510 2316 1581 (61)
2353 1511 2451 1562 οὐκ
2493 1507 2756 1578 ἔπραξαν.

2286 1602 2474 1674 Ἑρώτ.
2512 1599 2641 1672 ρις’.
2688 1597 2836 1669 τΑρα
2880 1597 3080 1661 πάντες
3113 1597 3161 1649 οἱ
3193 1593 3454 1666 αἱρετικοὶ
3499 1595 3580 1656 είς
3623 1589 3776 1645 ἀπώ-

2203 1694 2352 1747 λειαν
2391 1694 2737 1762 ἀπέρχονται,
2771 1688 2926 1762 ἣοῦ;

2284 1786 2470 1838 Ἀπόκ.
2503 1785 2688 1836 Ἔστιν
2709 1782 2920 1852 αἵρεσις
2943 1780 3038 1833 καὶ
3071 1779 3309 1851 αἵρεσιςο
3339 1777 3432 1830 καὶ
3463 1777 3575 1829 ἐστι
3598 1779 3777 1848 κρῖμα

2200 1879 2294 1932 καὶ
2323 1880 2513 1946 κρῖμα.
2546 1875 2710 1945 ’Ἄλλη
2754 1872 2865 1943 γὰρ
2897 1870 3140 1924 ἀπώλεια
3182 1869 3286 1922 τῶν
3327 1869 3638 1938 Μανιχαίων
3677 1869 3773 1921 καὶ⁸

2198 1971 2306 2024 τῶν
2338 1969 2649 2032 Μοντανῶν,
2685 1967 2778 2020 καὶ
2809 1962 3182 2035 Σιμωνιανῶν,
3211 1962 3305 2014 καὶ
3341 1960 3647 2032 Ἀρειανῶν,
3677 1961 3773 2013 καὶ

2203 2060 2680 2132 Πνευματομάχων
2701 2058 2835 2130 (62),
2871 2056 2966 2109 καὶ
2997 2054 3105 2106 τῶν
3140 2053 3394 2107 τοιούτων
3439 2051 3772 2121 θεοκαταρά-

2199 2172 2306 2206 των
2328 2152 2644 2224 αίρετικῶν·
2675 2152 2766 2203 καὶ
2800 2148 2926 2204 ἄλλο
2948 2147 3110 2200 πάλιν
3137 2145 3244 2199 τῶν
3275 2145 3536 2212 λεγόντων
3565 2143 3776 2213 ἀφθαρ-

2198 2264 2288 2299 τον
2321 2245 2476 2315 σῶμα
2505 2243 2800 2298 ἀναλαϐεῖν
2832 2245 2895 2294 ὲκ
2928 2241 3026 2310 τῆς
3060 2239 3218 2307 ἁγίας
3241 2237 3502 2290 Θεοτόκου
3539 2236 3629 2288 τὸν
3659 2234 3774 2288 Κύ-

2205 2355 2315 2409 ριον
2344 2336 2498 2408 ἡμῶν
2522 2335 2616 2388 καὶ
2639 2334 2770 2386 Θεὸν
2802 2331 3010 2404 Ἰησοῦν
3032 2330 3278 2400 Χριστόν.
3309 2329 3453 2398 Πλὴν
3483 2329 3510 2379 ὁ
3537 2329 3590 2380 ὲν
3612 2327 3774 2397 ὀλίγῳ

2200 2434 2424 2494 ἄπιστος
2470 2429 2562 2482 καὶ
2599 2431 2656 2481 ἐν
2694 2427 2872 2496 πολλῷ
2915 2424 3139 2487 ἄπιστός
3190 2425 3354 2476 ἐστιν.
3403 2422 3479 2474 Οὐ
3518 2421 3674 2490 μόνον
3719 2420 3775 2472 δὲ

2199 2522 2390 2574 τοῦτο’
2434 2519 2568 2572 ἀλλὰ
2596 2519 2690 2572 καὶ
2734 2519 2792 2571 ὲν
2836 2517 2974 2587 αὐτῇ
3009 2519 3074 2586 τῇ
3113 2517 3209 2585 μιᾷ
3247 2514 3454 2586 αἱρέσει
3487 2512 3656 2565 πολλά
3682 2513 3773 2564 καὶ

2199 2614 2431 2685 διάφορα
2479 2613 2783 2682 ὑπάρχουσι
2817 2610 3083 2680 κρίματα.
3115 2607 3279 2678 Ἀλλη
3326 2606 3434 2678 γὰρ
3472 2608 3505 2675 ἡ
3536 2604 3774 2675 ἁμαρτία

2199 2705 2292 2758 τοῦ
2342 2705 2638 2757 ἐπισκόπου
2686 2701 2780 2756 τοῦ
2826 2701 3136 2764 πλανῶντος
3183 2700 3274 2753 τὸν
3317 2698 3474 2762 λαὸν,
3518 2699 3613 2751 καὶ⁷
3651 2697 3774 2750 ἄλλο

2201 2800 2374 2868 κρῖμα
2399 2795 2492 2849 τοῦ
2522 2784 2784 2866 κληρικοῦ
2809 2795 2904 2847 τοῦ
2933 2795 3232 2865 δυναμένου
3268 2792 3458 2863 μαθεῖν
3496 2791 3594 2862 τὴν
3622 2791 3776 2861 ὀρθό-

2199 2888 2348 2955 δοξον
2382 2889 2564 2941 πίστιν
2583 2905 2596 2919 ·
2633 2888 2724 2941 καὶ
2756 2887 2884 2941 ἀλλο
2913 2886 3073 2940 πάλιν
3109 2885 3202 2939 τοῦ
3231 2885 3302 2956 μὴ
3331 2884 3652 2955 δυναμένου,
3685 2883 3774 2937 καὶ

2201 2979 2327 3033 ἀλλο
2358 2979 2453 3033 τοῦ
2491 2978 2978 3050 ἀναθεματίζοντος
3005 2979 3102 3050 τὴν
3129 2977 3383 3048 ἀλήθειαν
3410 2978 3505 3029 καὶ
3544 2979 3773 3047 ἀντιμαι

521 3069 682 3107 Λιιυά
713 3069 842 3108 item
879 3071 999 3124 ejus
1055 3073 1149 3127 qm
1187 3069 1468 3112 veritatem
1517 3069 1969 3120 anathematizat,
2001 3070 2098 3108 no-

465 3200 475 3211 ,
525 3144 721 3215 bisque
763 3147 1118 3215 adversatur;
1163 3149 1309 3203 aliud
1363 3148 1558 3204 iterum
1620 3147 1738 3217 ejus
1771 3147 1866 3216 qui
1909 3147 2092 3202 sciens

2200 3070 2429 3140 χομένου
2474 3073 2602 3141 ἡμῖν
2627 3088 2641 3103 ·
2691 3072 2785 3124 καὶ
2826 3071 2953 3126 ἄλλο
2997 3069 3092 3124 τοῦ
3126 3072 3184 3123 ὲν
3224 3069 3420 3138 γνώσει
3476 3069 3776 3140 σφαλλομέ-

2199 3178 2312 3217 νου.
2348 3163 2441 3215 καὶ
2466 3161 2594 3215 ἄλλο
2620 3162 2714 3215 τοῦ
2749 3165 2806 3216 ὲν
2829 3161 3022 3217 ἀγνοία
3042 3179 3056 3192 ·
3085 3163 3181 3216 καὶ
3209 3163 3335 3216 ἀλλο
3368 3161 3531 3216 πάλιν
3554 3162 3616 3215 τὸ
3645 3163 3776 3215 πάν-

2199 3178 2312 3223 νου,
2348 3163 2441 3215 καὶ
2466 3161 2594 3215 ἄλλο
2620 3162 2714 3215 τοῦ
2749 3165 2806 3216 ὲν
2829 3161 3022 3233 ἀγνοίᾳ
3042 3179 3056 3192 ·
3085 3163 3181 3216 xui.
3209 3163 3335 3216 ἀλλο
3368 3161 3531 3216 πάλιν
3554 3162 3616 3215 τὸ
3645 3163 3777 3215 πάν-

2193 3270 2301 3306 των
2331 3255 2656 3326 κουφότερον
2689 3255 2749 3308 τὸ
2775 3257 2875 3326 τῆς
2910 3255 3184 3325 γυναικός.
3221 3257 3400 3326 Ἀπερ
3443 3256 3658 3308 ἅπαντα
3689 3272 3773 3323 γι-

2195 3345 2392 3400 νώσκει
2427 3348 2671 3419 ἀκριϐῶς
2695 3351 2723 3402 6
2757 3347 2967 3419 μέλλων
2996 3348 3202 3421 κρίνειν
3233 3349 3332 3420 τὴν
3367 3347 3694 3419 οἰκουμένην
3718 3347 3776 3399 ἐν

2193 3438 2526 3511 δικαιοσύνῃ.

2275 3614 2466 3686 Ἐρώτ.
2501 3613 2600 3686 ριξ
2621 3655 2635 3668 .
2671 3617 2735 3668 Et
2770 3617 2888 3682 ἐξὸν
2915 3617 3023 3688 ἄρα
3060 3619 3174 3678 τοῖς
3201 3615 3427 3687 ἄρχουσι
3453 3613 3602 3686 δῶρα
3623 3613 3773 3686 δέχε-

2197 3705 2342 3771 σθαι,
2371 3707 2465 3759 καὶ
2496 3705 2669 3760 ταῦτα
2701 3707 2780 3770 εἰς
2814 3709 3063 3778 πτωχοὺς
3090 3705 3436 3771 ἀναλίσκειν;

2277 3798 2464 3852 Ἀτιόκ.
2502 3799 2566 3850 Εἰ
2611 3798 2709 3868 μέν
2747 3815 2891 3861 τινες
2941 3797 3392 3869 εὐεργετηθέντες
3435 3799 3494 3849 ὲν
3544 3797 3775 3868 εὐπορίᾳ

2192 3887 2538 3958 τυγχάνουσι,
2577 3888 2670 3940 κο)¹
2715 3887 2975 3951 ἑκουσίως
3004 3887 3186 3951 αὐτοῖς
3228 3886 3404 3939 ταῦτα
3436 3886 3770 3957 προσφέρου·

2196 3997 2268 4044 σι,
2295 3979 2436 4048 λέγω
2457 3979 2520 4050 δὴ
2557 3982 2667 4042 τοῖς
2691 3979 2948 4049 εὐεργετή
2959 3996 3111 4033 σασιν
3128 3995 3142 4008 ο
3183 3978 3311 4040 ἴσως
3339 3978 3398 4029 οὐ
3424 3977 3559 4030 πολὺ
3605 3980 3775 4048 κρῖμα

2193 4071 2405 4141 ἔχουσιν
2447 4073 2496 4124 οἱ
2539 4071 2848 4141 δεχόμενον
2896 4069 3054 4139 δῆλον
3107 4070 3210 4134 ὅτι,
3252 4066 3348 4120 ὲάν
3397 4069 3478 4130 εἰς
3529 4068 3775 4137 πτωχοὺς

2193 4163 2331 4215 αὑτά
2356 4162 2725 4232 διανείμωσιν.
2763 4162 2913 4214 Ἐπεὶ
2937 4162 3037 4214 ὅσα
3063 4163 3125 4214 ἐκ
3149 4159 3438 4230 γεωπόνων
3471 4159 3504 4229 ἢ
3539 4165 3775 4229 χειροτε⁹

2193 4253 2334 4324 χνῶν
2365 4255 2605 4320 δέξονται
2636 4254 2802 4324 δῶρα,
2839 4251 3328 4323 καταπονουμένων
3357 4250 3452 4303 καὶ
3492 4248 3773 4318 ἀντίληψιν

2195 4344 2522 4415 ζητούντων,
2551 4344 2662 4416 πῦρ
2697 4345 2792 4397 καὶ
2833 4346 3054 4398 κόλασιν
3087 4345 3297 4407 ἑαυτοῖς
3332 4341 3643 4411 συνάγουσι,
3675 4338 3774 4394 κᾶν

527 4420 638 4476 sibi
660 4420 762 4490 ipsi
786 4421 1207 4490 comparabunt,
1240 4422 1366 4498 licet
1386 4422 1502 4492 ipsa
1531 4423 1585 4475 in
1617 4422 1892 4477 sexcentis
1930 4422 2093 4477 bene-

2199 4439 2278 4500 εἰς
2310 4437 2508 4508 μυρίας
2533 4436 2776 4499 εὐποιίας
2803 4436 2911 4505 (65)
2937 4436 3074 4490 αὐτὰ
3099 4434 3434 4496 διαδώσουσι,
3466 4431 3649 4495 καθώς
3673 4447 3774 4500 φη-

525 4512 664 4566 ﬁeiis
717 4509 1066 4566 conferendis
1125 4513 1425 4577 iusumant,
1490 4512 1955 4583 quemadmodum
2019 4514 2097 4567 ait

523 4602 860 4674 Scriptura:
899 4621 918 4654 ι
967 4600 1114 4674 Ignis
1173 4604 1459 4660 devorabit
1509 4605 1700 4662 domos
1766 4619 1956 4662 eorum
2003 4605 2097 4676 qui

521 4711 756 4751 munera
785 4695 1144 4764 accipiunt".
1185 4714 1204 4748 ι

599 4787 822 4854 ρυῶετ.
856 4787 1086 4845 CXVIII.
1132 4789 1189 4844 Si
1222 4789 1347 4860 quis
1378 4791 1462 4845 vir
1486 4797 1715 4846 sanctus
1757 4789 1968 4845 miserit
2014 4802 2102 4842 ca-

521 4878 868 4944 stigationem
918 4880 1181 4950 aliquam,
1226 4889 1323 4934 aut
1369 4895 1605 4949 pmnam,
1645 4879 1726 4934 vel
1773 4879 2096 4941 daemonem,

518 4976 618 5023 aut
656 4978 886 5024 mortem
933 4972 1017 5024 vel
1065 4971 1228 5024 aliam
1287 4971 1526 5040 aliquam
1580 4969 1988 5039 castigationem
2041 4968 2098 5021 in

517 5060 744 5116 domum
769 5061 852 5116 vel
877 5063 1243 5117 substantiam
1282 5062 1541 5125 hominis,
1571 5067 1666 5114 aut
1700 5062 1754 5115 in
1793 5060 1912 5128 ejus
1963 5060 2101 5114 Iibe-

522 5169 636 5218 ros,
684 5160 938 5222 potestne
966 5153 1130 5207 homo
1181 5153 1271 5207 ille
1303 5153 1368 5207 ad
1411 5154 1581 5207 alium
1616 5161 1869 5208 sanetum
1904 5151 2100 5207 confu-

517 5257 672 5311 gere,
710 5251 872 5311 atqne
909 5243 983 5295 ita
1025 5242 1354 5297 sententiam
1385 5243 1614 5308 evitare,
1651 5258 1816 5314 quam
1854 5241 1950 5297 Dei
1981 5256 2099 5297 ser-

519 5348 624 5388 vus
659 5331 726 5386 ad
749 5348 873 5386 eum
908 5333 1174 5388 miserat?

2207 4544 2290 4581 σιν
2328 4529 2361 4598 ἡ
2395 4528 2434 4580 Γ
2441 4527 2606 4598 ραφὴ,
2653 4528 2734 4581 ὅτι
2764 4547 2782 4579 ι
2822 4527 2941 4599 Πῦρ
2981 4526 3354 4595 καταφάγεται
3395 4523 3578 4586 οἷκους
3607 4522 3772 4590 δωρο-

2205 4618 2427 4674 δεκτῶν.
2465 4638 2485 4671 ι

2288 4796 2481 4866 Ἑρώτ.
2535 4801 2660 4868 ριην.
2708 4794 2834 4846 Ἐἀν
2896 4791 3036 4864 ἀνὴρ
3073 4791 3226 4861 ἅγιος
3281 4787 3581 4862 ἀποστείλῃ
3649 4805 3771 4842 παι-

2203 4886 2369 4951 δείαν,
2415 4886 2450 4957 ἢ
2483 4887 2766 4958 τιμωρίαν,
2813 4883 2846 4954 ἢ
2895 4882 3209 4955 δαίμονα,ἢ
3256 4880 3566 4951 θάνατον,ἥ
3612 4880 3770 4949 ἄλλην

2202 4979 2322 5032 τινὰ
2352 4979 2632 5032 παίδευσιν
2656 4981 2734 5040 εἰς
2769 4973 2938 5038 οἶκον,
2980 4976 3012 5045 ἤ
3047 4975 3233 5028 οὐσίαν
3266 4972 3578 5044 ἀνθρώπου,
3614 4973 3646 5044 ἦ
3695 4971 3772 5034 είς

2197 5070 2391 5124 τέκνα·
2435 5066 2544 5140 ἆρα
2592 5069 2812 5122 δύναται
2849 5070 2878 5121 ὁ
2910 5066 3195 5138 ἄνθρωπος
3227 5067 3432 5128 ἐκεῖνος
3468 5061 3773 5134 παρακαλέ-

2202 5176 2301 5223 σας
2333 5160 2518 5228 ἕτερον
2568 5159 2721 5227 ἆγιον
2768 5160 3024 5226 ἐκφυγεῖν
3073 5156 3170 5228 τὴν
3213 5158 3508 5226 ἀπόφασιν,
3549 5156 3616 5227 ἣν
3664 5153 3769 5226 (64)

2199 5251 2514 5308 ἀπέστειλεν
2536 5251 2684 5321 αὐτῷ
2707 5254 2734 5304 ό
2756 5249 2938 5312 δοῦλος
2955 5247 3049 5302 τοῦ
3075 5248 3210 5302 Θεοῦ
3231 5265 3246 5314 ;

594 5448 642 5480 ⁷⁸
679 5447 870 5502 Matth.
906 5466 1032 5515 xix,
1075 5449 1162 5503 14.
1238 5448 1284 5481 ⁷⁷
1324 5448 1344 5504 I
1380 5449 1507 5504 Cor.
1545 5466 1653 5517 vn,
1691 5449 1780 5506 14.
1856 5449 1903 5482 ⁷⁸
1946 5449 2091 5506 I'sal.

2199 5464 2311 5514 vu,
2346 5450 2401 5502 9.
2478 5449 2524 5481 "
2563 5447 2666 5506 Job
2700 5464 2793 5512 xv,
2832 5446 2922 5499 54.

595 5603 708 5726 gon)
744 5601 820 5654 Ita
846 5601 977 5694 Reg.
1008 5601 1062 5654 2.
1101 5601 1374 5682 ltreditis,
1417 5604 1605 5668 πιστά,
1629 5603 1810 5658 deest.

620 5673 711 5726 bII
737 5669 811 5722 Ita
846 5687 973 5725 mss.
1005 5670 1058 5723 In
1087 5672 1273 5726 editis.
1308 5673 1438 5726 γάο.
1472 5674 1647 5726 deest.

608 5669 711 5743 (GI)
737 5669 811 5743 Ita
846 5669 973 5725 mss.
1005 5670 1058 5743 I_n
1087 5672 1273 5736 editis,
1308 5673 1438 5743 γάρ,
1472 5674 1647 5729 deest.

591 5741 708 5815 (6'2)
741 5739 816 5795 Ita
844 5755 976 5796 mss.
1015 5740 1073 5796 In
1103 5743 1264 5799 editis
1308 5739 1444 5820 vero
1499 5744 1592 5796 καὶ
1644 5742 1961 5818 Ἀρειανῶν,
2009 5744 2101 5797 καὶ

2211 5607 2354 5658 Πνευ
2364 5603 2712 5674 μαᾲτομάχων.

2280 5669 2392 5742 (63)
2427 5669 2519 5726 Sic
2543 5669 2676 5728 niés.
2709 5669 2852 5726 Editi
2889 5685 3036 5732 vero,
3062 5669 3362 5742 ebazﬁsiag.

2279 5731 2389 5815 (64)
2423 5743 2514 5798 Sic
2541 5759 2675 5799 mss.
2711 5742 2854 5798 Editi
2882 5731 3029 5805 vero,
3054 5740 3152 5808 τῆς
3178 5739 3502 5807 ἀποφάσεως
3524 5731 3611 5807 ἧς.
