4088 6382
296 421 402 479 673

1247 397 1708 472 QUIESTIONES
1748 395 1838 450 AD
1877 386 2286 447 ANTIOCHUM
2326 382 2586 440 DUCEM.

3449 371 3556 425 6ῗό

381 534 571 592 ’Δπόκ.
608 531 735 585 Ἐὰν
763 528 901 600 ἀνὴρ
929 524 1084 596 ἅγιός
1106 524 1255 576 ἐστιν
1287 523 1316 575 6
1357 520 1456 590 τὴν
1481 513 1750 587 τιμωρίαν
1779 513 1873 564 ἀν-

2048 503 2211 558 Resr.
2266 500 2324 554 Si
2357 499 2442 554 vir
2493 505 2722 553 sanctus
2780 500 2868 549 est
2918 490 3015 563 qui
3069 486 3399 560 supplicium
3455 485 3557 539 ho-

2033 593 2047 600 -
2094 593 2106 600 .
2141 591 2229 600 Δ-
2256 588 2284 600 .-
2359 589 2371 599 ι
2495 588 2506 599 ο
2547 587 2581 600 ο-
2775 583 2990 600 ιργ-.--μ-
3023 587 3099 600 --Α
3143 578 3234 600 “-ι
3271 577 3554 600 ---1....οαιιιι

300 629 501 702 θρώπῳ
528 624 874 685 ἀποστείλας,
897 617 1117 688 εὔδηλον
1129 617 1211 669 ὅτι
1237 614 1398 684 βουλῇ
1422 612 1532 683 (65)
1550 609 1684 662 Θεοῦ
1716 605 1874 660 τοῦτο

303 697 588 790 πεποίηκε.
650 715 761 770 Καὶ
791 714 874 778 τίς
915 712 1068 764 ἔσται
1106 708 1290 761 λοιπὸν
1332 709 1359 760 6
1393 705 1491 775 τὴν
1532 701 1723 773 βουλὴν
1778 697 1872 751 τοῦ

304 812 432 866 Θεοῦ
455 808 722 864 ἀναλῦσαι
760 805 1088 874 δυνάμενος;
1112 799 1259 868 Πλὴν
1277 796 1398 850 οῦτε
1442 793 1597 848 αὐτοὶ
1630 793 1680 844 οἱ
1730 790 1875 858 ἅγιοι

305 906 551 975 ἀλλήλοις
594 900 726 954 ποτὲ
768 893 1185 966 ἀντιπολεμοῦσι
1229 891 1586 961 γινώσκοντες
1633 884 1724 938 τὸν
1775 883 1876 954 τῆς

304 998 523 1067 ἀγάπης
552 993 650 1048 τοῦ
696 991 1000 1062 πνεύματος
1031 987 1344 1055 σύνδεσμον,
1392 980 1487 1034 καὶ
1511 980 1592 1032 ὅτι
1631 977 1732 1030 ούκ
1773 974 1880 1027 είσ-

307 1091 596 1146 ακούσεται
624 1086 827 1158 Κύριος
859 1081 1034 1151 ἁγίου,
1060 1077 1152 1132 τοῦ
1177 1077 1243 1130 δι’
1279 1074 1443 1145 εὐχῆς
1466 1068 1729 1125 ἀναλῦσαι
1757 1065 1879 1136 βου-

308 1183 530 1253 λομένου
576 1156 736 1233 ἄλλου
769 1175 924 1243 ἁγίου
964 1172 1147 1242 εὐχήν.
1197 1166 1333 1220 Ούτε
1374 1165 1483 1235 γὰρ
1506 1161 1714 1233 πρέπον
1761 1156 1878 1228 Θεῷ

309 1247 484 1334 τοῦτο,
510 1269 607 1322 ἕνα
640 1268 738 1339 μὲν
763 1264 969 1334 θλίψαι,
1005 1262 1102 1314 ἕνα
1129 1258 1186 1312 δὲ
1215 1254 1528 1310 ἀναπαῦσαι
1554 1247 1749 1303 ἑαυτοῦ
1790 1247 1881 1299 θε-

313 1366 572 1439 ράποντα.
608 1359 771 1414 Ὅθεν
793 1357 883 1410 τὸν
912 1357 969 1408 ὲν
1003 1350 1250 1423 Κορίνθῳ
1274 1344 1648 1417 πορνεύσαντα
1670 1339 1882 1401 Παῦλος

309 1429 339 1508 6
367 1455 534 1524 δήσας
562 1447 724 1510 αὐτὸς
747 1447 841 1500 καὶ
869 1444 1024 1496 ἔλυσε
1043 1458 1057 1471 ⁸
1087 1439 1181 1494 καὶ
1208 1438 1300 1490 τὸν
1327 1433 1556 1506 οὐρανὸν
1585 1433 1642 1483 ὲν
1667 1432 1733 1500 τῇ
1770 1429 1882 1480 Πα-

312 1519 434 1616 λαιᾷ
481 1543 617 1616 πρὸς
646 1540 906 1613 ἀϐροχίαν
939 1533 1125 1595 ’Πλίας
1153 1531 1332 1601 ἔδησε,
1364 1526 1460 1579 καὶ
1498 1522 1685 1584 Ἠλείας
1724 1519 1884 1574 πάλιν

313 1612 487 1700 ἔλυσε,
515 1612 730 1704 καίπερ
755 1633 966 1701 ἔχοντος
996 1627 1114 1680 τότε
1150 1623 1244 1676 τοῦ
1274 1618 1408 1673 Θεοῦ
1437 1612 1884 1684 ἑπτακισχιλίους

314 1729 520 1797 ἁγίους,
553 1700 748 1785 οἵτινες
775 1700 874 1773 οῦκ
903 1717 1156 1787 ἔκαμψαν
1181 1713 1310 1782 γόνυ
1341 1713 1406 1780 τῇ
1448 1706 1614 1760 Βάαλ.
1647 1705 1756 1758 Καὶ
1781 1700 1885 1754 πά-

315 1821 415 1886 λιν,
463 1817 810 1890 ὑϐρισθέντος
851 1811 946 1864 τοῦ
979 1807 1100 1861 ’1ὼὸ
1144 1806 1248 1860 ὑπὸ
1296 1802 1403 1856 τῶν
1453 1796 1644 1853 ἑαυτοῦ
1694 1795 1883 1865 φίλων,

314 1913 473 1966 αὐτὸν
501 1888 799 1979 πεποίηκεν
830 1908 858 1958 6
884 1903 1015 1965 Θεὸς
1047 1896 1397 1969 συγχωρῆσαι
1423 1894 1602 1954 αὐτοῖς
1625 1891 1684 1943 τὸ
1716 1888 1889 1959 ἁμάρ-

314 2023 479 2076 τημα,
510 2003 687 2070 λέγων
725 1999 926 2060 αὐτοῖς,
975 1995 1057 2048 ὅτι
1099 2010 1117 2042 ι
1156 1987 1464 2061 Πορεύεσθε
1499 1984 1631 2055 πρὸς
1663 1983 1754 2034 τὸν
1798 1980 1887 2032 θε-

319 2074 556 2171 ράποντά
596 2111 699 2166 μου
747 2089 888 2155 Ἰὼϐ,
930 2089 1024 2141 καὶ⁸
1063 2082 1417 2157 προσεύξεται
1470 2077 1597 2148 περὶ
1643 2074 1815 2145 ὑμῶν.
1865 2090 1884 2121 ι

316 2166 422 2246 Παὶ
451 2189 642 2258 ὥσπερ
688 2185 780 2237 ἐπὶ
824 2181 930 2234 τῶν
972 2179 1144 2248 ἁγίων
1190 2174 1434 2243 ἀγγέλων
1466 2172 1566 2224 οὐκ
1594 2166 1890 2238 ἀντιπράτ-

317 2297 395 2334 τει
441 2279 628 2350 ἕτερος
661 2274 853 2348 ἑτέρῳ,
884 2271 1024 2324 οῦτω
1057 2269 1151 2323 καὶ
1207 2266 1303 2319 ἐπὶ
1341 2263 1449 2317 τῶν
1483 2261 1653 2331 ἁγίων
1688 2258 1894 2328 νοήσω-

321 2386 439 2441 μεν.

246 2478 248 2480 '
398 2459 591 2532 Ἐρώτ.
626 2457 748 2529 ριθ’.
780 2456 950 2509 Πόθεν
998 2453 1140 2516 τινὲς
1189 2449 1348 2520 φύσει
1402 2446 1674 2507 ἀϐιάστως
1722 2441 1897 2511 ὑπάρ-

317 2531 499 2621 χουσιν
525 2549 850 2618 ἐλεήμονες⁸
879 2544 1024 2607 τινὲς
1056 2543 1112 2594 δὲ
1141 2541 1297 2594 πάλιν
1330 2537 1572 2608 φυσικῶς
1595 2537 1732 2588 εἰσιν
1756 2531 1896 2604 ὠμοί

318 2659 376 2695 τε
401 2642 494 2695 καὶ
525 2638 866 2708 ἀσπλαγχνοι
890 2638 971 2700 είς
999 2634 1282 2706 μετάδοσιν
1305 2649 1319 2697 ;

399 2812 593 2875 Ἀπόκ.
626 2819 814 2881 Οὐδεὶς
845 2815 950 2870 ὑπὸ
989 2813 1126 2869 Θεοῦ
1178 2813 1462 2884 ἄνθρωπος
1504 2811 1694 2880 γέγονε
1739 2808 1899 2878 φύσει

319 2911 646 2982 ἀσυμπαθὴς
673 2911 766 2963 καὶ
789 2908 1157 2976 ἄσπλαγχνος’
1203 2905 1360 2974 φύσει
1389 2904 1445 2956 δὲ
1481 2902 1678 2973 μᾶλλον
1711 2902 1740 2952 6
1770 2900 1902 2963 Θεὸς

319 3003 378 3054 τὸ
402 3001 727 3072 φιλάλληλον
759 3001 839 3063 είς
871 2998 970 3069 τὴν
1008 2997 1100 3050 τοῦ
1129 2995 1414 3067 ἀνθρώπου
1451 2995 1639 3047 οὐσίαν
1669 2992 1862 3062 ἔθηκεν
1884 3007 1898 3021 ·

319 3097 417 3148 ούκ
444 3097 502 3147 ἐν
547 3096 616 3164 τῇ
658 3091 753 3145 τοῦ
794 3088 1083 3161 ἀνθρώπου
1126 3088 1184 3139 δὲ
1233 3087 1411 3157 μόνον,
1443 3085 1576 3138 ἀλλά
1609 3085 1704 3138 καὶ
1747 3085 1805 3138 ὲν
1832 3086 1898 3155 τῇ

1975 593 2109 647 mini
2135 588 2298 662 2M
2359 587 2609 653 immisit,
2643 583 2994 638 manifestum
3017 587 3102 635 est
3142 578 3238 632 Dei
3271 577 3556 632 voluntate

1975 681 2029 736 id
2057 681 2275 734 fecisse;
2316 677 2452 742 Quis
2479 689 2610 745 ergo
2642 671 2820 743 possit
2847 670 2943 725 Dei
2967 669 3310 724 voluntatem
3343 664 3559 719 irritam

1975 771 2187 827 facere?
2217 769 2420 825 Verum
2453 782 2554 823 nec
2588 767 2693 837 ipsi
2720 763 2898 820 sancti
2928 762 3035 817 sibi
3088 759 3323 815 invicem
3371 756 3561 811 adver-

1975 875 2167 921 santur
2199 877 2327 916 cum
2367 877 2476 915 non
2511 861 2764 930 ignorent
2803 855 3079 908 vinculum
3132 847 3418 904 cbaritatis
3448 847 3562 917 spi-

1977 957 2142 1019 ritus,
2171 968 2349 1024 neque
2385 967 2416 1006 a
2453 950 2687 1005 Domino
2731 946 3051 1002 exauditum
3107 941 3175 996 iri
3225 952 3560 1010 quemquam

1977 1057 2247 1111 sanctum,
2270 1045 2363 1116 qui
2395 1059 2494 1100 sua
2528 1041 2777 1097 oratione
2797 1039 2930 1093 velit
2963 1037 3106 1092 alius
3133 1033 3310 1090 sancti
3344 1030 3560 1085 irritam

1976 1139 2206 1196 reddere
2239 1137 2564 1192 orationem.
2606 1132 2718 1187 Nec
2754 1131 2902 1186 enim
2955 1129 3068 1182 Deo
3113 1125 3391 1189 convenit,
3426 1137 3558 1178 suo-

1978 1248 2104 1286 rum
2128 1244 2410 1286 servorum
2440 1241 2611 1280 unum
2639 1224 2893 1294 amigere,
2931 1220 3096 1273 alium
3123 1233 3257 1272 vero
3286 1229 3559 1272 recreare.

1979 1324 2121 1380 Hinc
2153 1321 2503 1378 Corinthium
2551 1318 2707 1373 illum
2761 1314 3149 1370 fornicatorem
3199 1309 3344 1366 idem
3397 1307 3563 1362 solvit

1980 1417 2184 1472 Paulus
2217 1416 2333 1484 ipse
2362 1412 2455 1482 qui
2491 1417 2546 1464 et
2595 1411 2846 1463 vinxerat
2880 1421 2893 1456 :
2933 1406 3174 1473 itemque
3207 1400 3354 1454 Elias
3384 1399 3440 1453 in
3466 1397 3566 1451 Ve-

1983 1509 2090 1564 teri
2143 1507 2496 1562 Testamento
2525 1502 2725 1556 caelum
2764 1514 2833 1553 ne
2870 1497 3082 1567 plueret
3128 1493 3354 1563 ligavit;
3389 1489 3563 1544 idem-

1984 1616 2090 1672 que
2112 1607 2303 1671 postea
2327 1595 2512 1659 solvit,
2543 1593 2794 1665 quamvis
2828 1599 2960 1643 tunc
3001 1585 3144 1641 Deus
3197 1591 3404 1653 septem
3436 1594 3565 1635 san-

1984 1671 2198 1749 ctorum
2255 1688 2428 1743 millia
2483 1685 2732 1745 haberet,
2782 1679 2878 1750 qui
2920 1693 3096 1749 genua
3149 1691 3258 1729 non
3301 1671 3566 1726 ﬂexerant

1987 1784 2134 1840 idolo
2159 1781 2311 1836 Baal.
2345 1779 2476 1834 Item
2510 1792 2633 1846 cum
2664 1774 2767 1828 Job
2799 1772 2869 1826 ab
2898 1769 3092 1824 amicis
3128 1767 3332 1836 injuria
3367 1763 3568 1819 fuisset

1921 1867 1961 1923 Β
1993 1876 2237 1940 affectus,
2271 1872 2444 1926 voluit
2473 1867 2618 1923 Deus
2652 1867 2830 1936 ipsum
2877 1863 2986 1916 illis
3016 1860 3328 1916 condonare
3359 1855 3412 1909 id
3442 1869 3570 1926 pec-

1990 1967 2118 2026 cati.
2152 1965 2298 2019 unde
2327 1963 2408 2018 eis
2432 1961 2507 2014 ait
2540 1978 2552 2013 :
2592 1977 2611 2008 ι
2656 1956 2734 2012 lte
2763 1955 2830 2009 ad
2885 1969 3103 2008 servum
3136 1965 3318 2005 meum
3350 1946 3476 2010 Job,
3515 1951 3570 1997 et

1993 2060 2173 2115 orabit
2208 2073 2308 2128 pro
2355 2054 2516 2109 vobis
2536 2053 2604 2104 ⁸ο.
2648 2070 2666 2101 ι
2707 2048 2951 2117 Denique
3005 2053 3066 2099 ut
3133 2044 3278 2098 inter
3321 2039 3567 2110 angelos,

1994 2152 2182 2206 nullus
2213 2148 2373 2204 alteri
2415 2150 2686 2216 repugnat
2725 2157 2739 2195 :
2775 2141 2919 2196 idem
2960 2138 3217 2193 similiter
3249 2134 3318 2190 de
3359 2130 3570 2187 sanctis

1993 2251 2078 2300 est
2108 2241 2476 2298 sentiendum.

1994 2457 2018 2473 '
2061 2457 2280 2523 Qumsr.
2317 2449 2505 2508 CXIX.
2544 2448 2702 2505 Unde
2731 2447 2955 2518 quidam
2990 2454 3190 2501 natura
3235 2455 3364 2503 sunt
3406 2445 3575 2501 invito

1997 2557 2053 2603 et
2087 2556 2457 2616 repugnanter
2502 2541 2891 2599 misericordes
2923 2559 2936 2594 :
2970 2539 3195 2610 quidam
3247 2541 3376 2595 item
3405 2547 3572 2594 natu-

1996 2632 2184 2688 raliter
2221 2631 2474 2687 crudeles
2529 2631 2902 2699 immitesque,
2929 2643 3033 2684 nec
3079 2627 3240 2684 facile
3281 2629 3405 2685 aliis
3444 2628 3575 2700 quid

1997 2723 2360 2793 impertiunt?

2071 2811 2236 2867 Rese.
2270 2809 2444 2866 Nemo
2482 2809 2646 2865 homo
2672 2825 2701 2864 a
2729 2808 2841 2865 Deo
2884 2808 3065 2865 factus
3109 2816 3194 2866 est
3238 2817 3435 2864 natura
3481 2809 3581 2868 im-

1999 2901 2148 2956 mitis
2187 2909 2240 2956 et
2275 2901 2700 2966 immisericors;
2734 2899 2869 2970 quin
2911 2901 3094 2970 potius
3129 2911 3381 2954 mutuum
3425 2913 3580 2953 amo-

2001 3009 2117 3049 rem
2155 2993 2298 3049 Deus
2346 2993 2633 3047 hominum
2686 3002 2896 3047 naturae
2945 2991 3167 3052 indidit,
3201 3006 3302 3047 nec
3359 2997 3575 3044 tantum

2005 3087 2286 3140 hominum
2316 3093 2546 3149 natura,
2583 3085 2678 3140 sed
2710 3086 2874 3140 etiam
2908 3084 3310 3139 irrationalium
3339 3091 3394 3138 et
3419 3083 3579 3137 volu-

319 3187 426 3240 τῶν
456 3185 668 3254 ἀλόγων
692 3183 787 3237 καὶ
813 3181 1091 3236 πετεινῶν.
1131 3179 1289 3232 Ὅθεν
1314 3179 1570 3240 πολλάκις
1595 3178 1688 3231 καὶ
1720 3179 1778 3243 ἐξ
1809 3177 1895 3229 ἁλ-

2004 3178 2334 3233 crum.|nde
2368 3193 2512 3248 saepe
2560 3177 2630 3232 ab
2673 3178 2906 3233 invicem
2958 3186 3221 3247 separatae
3274 3177 3579 3230 animantes

320 3277 496 3348 λήλων
525 3276 892 3348 χωριζόμενα,
935 3270 1310 3342 στυγνάζουσι,
1343 3272 1434 3325 καὶ
1465 3270 1647 3340 βοῶσι,
1682 3270 1775 3322 καὶ
1805 3287 1900 3339 νη-

323 3370 571 3424 στεύουσι
592 3386 606 3399 ⁶
631 3368 755 3421 τινὰ
798 3368 854 3420 δὲ
894 3367 987 3420 καὶ
1007 3366 1320 3433 δακρύουσι.
1349 3361 1615 3433 Κορωνῶν
1639 3361 1696 3414 δὲ
1724 3359 1899 3428 γένος,

322 3465 414 3516 καὶ
445 3461 647 3534 βρῶμα
680 3460 961 3532 εὑροῦσαι,
989 3458 1190 3522 εὐθέως
1227 3455 1459 3526 ἀλλήλας
1484 3457 1550 3524 τῇ
1591 3455 1738 3523 φωνῇ
1771 3452 1904 3524 κρά-

323 3555 474 3619 ζουσι
518 3553 661 3626 πρὸς
695 3551 1010 3624 μετάληψιν.
1053 3550 1162 3603 Καὶ
1206 3550 1321 3611 πῶς
1366 3547 1572 3608 λοιπὸν,
1620 3544 1741 3598 εἰπέ
1789 3561 1900 3614 μοι,

323 3647 382 3698 ού
406 3646 664 3717 μέλλουσι
689 3643 859 3696 πολλά
883 3644 977 3697 καὶ
1001 3641 1111 3694 τῶν
1135 3639 1342 3708 ἀλόγων
1364 3639 1511 3709 ἡμᾶς
1535 3635 1901 3706 κατακρίνειν,

323 3739 448 3800 τοὺς
481 3738 604 3790 κατ’
630 3736 816 3788 εἰκόνα
841 3733 976 3788 Θεοῦ
1018 3731 1354 3794 κτισθέντας,
1383 3730 1443 3781 ού
1491 3728 1648 3798 μόνον
1686 3725 1774 3778 διά
1805 3725 1904 3796 τὴν

327 3827 700 3898 ἀσπλαγχνίαν
745 3825 923 3897 ἡμῶν,
969 3823 1106 3878 ἀλλά
1146 3823 1240 3876 καὶ
1270 3820 1356 3875 διὰ
1397 3819 1496 3890 τὴν
1541 3818 1760 3887 ἄγνοιαν
1795 3816 1903 3887 (66)

329 3923 420 3976 καὶ
446 3921 763 3983 ἀκολασίαν,
802 3919 868 3989 ἢν
897 3917 1129 3988 ἔχομεν;
1164 3915 1378 3968 Ἐκεῖνα
1399 3911 1508 3984 γὰρ
1533 3911 1593 3962 ού
1622 3909 1780 3980 μόνον
1809 3909 1907 3980 ἀρ-

332 4030 419 4066 σεν
450 4013 680 4084 ἄρσενος
707 4011 788 4073 είς
817 4009 1101 4062 συνουσίαν
1133 4007 1231 4076 οὐχ
1255 4006 1504 4067 ἅπτεται,
1527 4000 1664 4055 ἀλλά
1691 4001 1790 4054 καὶ
1811 3999 1908 4053 αὐ-

331 4104 426 4171 τῆς
449 4105 550 4175 τῆς
583 4101 804 4173 θηλείας
831 4101 966 4172 πρὸς
998 4099 1184 4168 ὀλίγας
1215 4097 1308 4151 καὶ
1338 4095 1496 4167 μόνον
1520 4095 1731 4165 ἡμέρας
1759 4091 1907 4161 ἐφίε-

331 4214 448 4250 ται·
489 4197 613 4250 τινὰ
651 4194 710 4248 δὲ
743 4194 838 4247 καὶ
887 4191 1200 4264 χηρεύουσι.
1252 4187 1572 4254 Πλεονεξίαν
1626 4187 1726 4239 ούκ
1776 4181 1907 4248 οἶδε,

333 4287 597 4362 λοιδορίαν
642 4289 705 4342 ού
761 4286 1099 4358 μετέρχεται.
1137 4284 1210 4336 Τὸ
1265 4283 1323 4336 δὲ
1370 4279 1782 4352 χαλεπώτερον,
1826 4279 1909 4330 ὅτι

336 4394 438 4453 περ
469 4380 589 4434 κατ’
639 4378 823 4433 είκόνα
857 4379 950 4430 καὶ
998 4374 1254 4447 ὁμοίωσιν
1290 4374 1424 4428 Θεοῦ
1469 4373 1773 4443 γενόμενοι,
1814 4370 1910 4423 καὶ

336 4471 519 4543 ἄρχειν
561 4471 773 4539 ἀλόγων
812 4469 1151 4539 τεταγμένοι,
1196 4464 1752 4538 παρασυνεὸλήθημεν
1798 4463 1912 4524 τοῖς

339 4566 555 4636 κτήνεσι
593 4567 709 4626 τοῖς
733 4562 980 4633 ἀνοήτοις
1012 4561 1107 4612 καὶ
1135 4557 1494 4630 ὡμοιώθημεν
1528 4556 1728 4617 αὐτοῖς.

405 4655 596 4728 Ἐρώτ.
633 4662 737 4727 ρκ’.
761 4655 918 4706 Ποῖαι
938 4652 1182 4705 πλεῖστον
1211 4650 1428 4704 πάντων
1458 4646 1648 4720 ἀρεταὶ
1674 4647 1786 4709 τοῖς
1813 4644 1909 4716 ἄρ-

341 4764 484 4819 χουσι
512 4746 786 4818 πρέπουσί
816 4763 876 4799 τε
909 4745 1002 4798 καὶ
1035 4743 1398 4815 ἀρμόζουσινς

407 4924 596 4978 ’Δπόκ.
647 4922 760 4994 (67)
799 4919 1231 4994 Προηγουμένως
1265 4917 1326 4970 τὸ
1364 4913 1772 4989 συμπαθητικδν
1815 4909 1912 4966 καὶ

345 5017 737 5090 φιλάνθρωπον,
764 5014 834 5066 τά
857 5013 946 5067 καὶ
976 5012 1093 5083 Θεῷ
1126 5012 1468 5082 ὑπάρχοντα·
1501 5006 1618 5063 εἶτα
1654 5007 1715 5061 τὸ
1739 5007 1915 5077 ἀμνη-

348 5111 562 5164 σίκακον
609 5110 708 5163 καὶ
750 5107 1044 5178 ἀόργητον,
1095 5104 1186 5158 καὶ
1232 5104 1763 5174 ἀπροσωπόληπτον,
1815 5099 1910 5152 καὶ

344 5201 764 5273 ἀδωροδόκητον,
793 5197 888 5252 καὶ
910 5197 1016 5269 πρὸ
1039 5195 1254 5249 πάντων
1283 5196 1341 5248 τὸ
1375 5197 1449 5268 μὴ
1483 5192 1742 5266 εὐχερῶς,
1774 5192 1910 5264 μηδὲ

412 5386 460 5419 θα
484 5383 594 5439 =Job
622 5393 778 5442 xm,
811 5375 864 5430 8.
939 5377 981 5408 ⁸¹
1023 5373 1169 5429 Psal.
1204 5388 1374 5427 vam
1401 5414 1415 5435 ,
1454 5373 1542 5427 1⁸5.

415 5559 522 5628 (65)
555 5557 689 5627 Reg.
721 5554 778 5618 2,
796 5552 1072 5628 βουλήσει.
1100 5551 1144 5603 A
1168 5549 1418 5604 Palatino
1445 5549 1582 5628 2_,_et
1618 5548 1914 5628 _a_hvet_e~ri_-

349 5617 447 5682 bus
491 5617 701 5681 Latinis
746 5617 906 5679 editis
952 5617 1147 5675 absunt
1207 5631 1403 5689 qiuest.
1455 5618 1733 5689 118,119,
1787 5617 1912 5680 1‘20,

501 5695 787 5784 122L124,
817 5693 936 5757 125,
971 5693 1092 5758 128,
1142 5688 1268 5756 129,
1303 5691 1420 5756 150,
1457 5690 1578 5751 151,
1614 5688 1736 5751 152,
1788 5689 1911 5752 155,

352 5771 528 5912 ¹οΐ6ἓῖ
559 5769 820 5907 ἓὲᾷνοιαν
846 5835 997 5891 deest
1030 5833 1086 5890 in
1112 5830 1245 5904 Reg.
1292 5828 1348 5887 2.
1379 5829 1546 5894 infra,
1597 5827 1736 5882 idem
1793 5833 1918 5896 post

2003 3276 2354 3340 congemunt,
2397 3271 2637 3324 clamant
2677 3277 2730 3322 et
2784 3269 3058 3338 jejunant,
3102 3267 3352 3337 quaedam
3407 3267 3576 3320 etiam

2012 3360 2407 3430 lacrymantur.
2441 3356 2736 3411 Cornicum
2762 3365 2942 3411 autem
2968 3372 3162 3426 genus,
3187 3353 3311 3408 cibo
3334 3353 3577 3413 invento,

2021 3451 2206 3507 statim
2239 3451 2472 3504 invicem
2501 3463 2636 3504 voce
2663 3448 2904 3502 clamant
2953 3456 3012 3500 ut
3044 3461 3236 3500 omnes
3287 3445 3408 3511 ejus
3473 3444 3583 3497 sint

2009 3543 2323 3613 participes.
2370 3542 2568 3595 Annon
2616 3554 2748 3610 ergo
2781 3540 2979 3593 multa
3025 3538 3192 3592 etiam
3238 3535 3582 3590 irrationalia

2006 3649 2129 3698 nos,
2160 3633 2252 3703 qui
2283 3631 2351 3684 ad
2409 3630 2502 3685 Dei
2564 3629 2859 3700 imaginem
2918 3628 3129 3683 conditi
3192 3640 3408 3689 sumus,
3445 3638 3572 3677 con-

2005 3727 2329 3781 demnatum
2374 3730 2503 3778 sunt
2549 3737 2660 3776 non
2706 3721 2883 3776 solum
2932 3720 3079 3791 quod
3116 3713 3584 3772 immisericordcs

2006 3818 2201 3881 simus,
2241 3830 2432 3870 verum
2489 3814 2656 3868 etiam
2703 3821 2950 3866 nostram
3010 3811 3080 3864 ob
3127 3807 3492 3878 ignorantiam
3523 3811 3586 3858 et

2006 3905 2500 3964 incontinentiam?
2536 3903 2632 3958 Illa
2680 3904 2828 3958 enim
2889 3918 3000 3957 non
3055 3901 3230 3956 solum
3284 3910 3403 3951 mas
3459 3911 3584 3949 cum

2005 4017 2158 4056 mare
2187 4016 2294 4054 non
2325 4000 2790 4061 commiscentur,
2829 3995 2923 4051 sed
2957 3995 3022 4049 ad
3065 4006 3272 4063 paucos
3316 3989 3586 4043 duntaxat

2007 4095 2124 4149 dies
2157 4092 2412 4146 feminam
2450 4096 2731 4160 appetunt.
2764 4086 3023 4154 Quaedam
3066 4085 3228 4140 etiam
3258 4081 3583 4136 viduitatem

2009 4192 2250 4242 servant.
2303 4184 2602 4239 Avaritiam
2660 4189 2843 4237 autem
2902 4196 3015 4234 non
3073 4183 3297 4232 norunt.
3341 4173 3409 4227 At
3441 4171 3587 4242 quod

2008 4279 2228 4351 gravius
2264 4282 2369 4340 est,
2399 4290 2502 4330 nos
2551 4274 2646 4345 qui
2675 4274 2743 4327 ad
2774 4271 3068 4341 imaginem
3090 4278 3144 4323 et
3172 4264 3586 4323 similitudinem

2009 4368 2104 4424 Dei
2134 4367 2264 4422 facti
2303 4381 2518 4428 sumus,
2558 4373 2613 4419 et
2643 4362 2711 4416 ad
2745 4358 3127 4432 imperandum
3175 4351 3588 4410 irrationalibus

2007 4460 2319 4525 constituti,
2367 4456 2672 4527 comparati
2721 4469 2914 4509 sumus
2967 4448 3234 4521 iumentis
3279 4440 3588 4516 insipienti-

2010 4553 2138 4617 bus,
2168 4563 2220 4607 et
2238 4552 2445 4606 similes
2480 4548 2610 4602 facti
2640 4561 2833 4601 sumus
2864 4544 2974 4598 illis
2990 4543 3056 4597 ⁸⁸.

2081 4642 2303 4708 ρυλεετ.
2331 4639 2496 4696 CXX.
2531 4637 2663 4704 Quae
2684 4652 2749 4692 ex
2781 4635 3040 4690 omnibus
3086 4630 3384 4687 virtutibus
3415 4622 3588 4696 potis-

2013 4732 2220 4787 simum
2265 4730 2609 4802 principibus
2680 4726 3016 4782 conveniunt
3075 4731 3129 4778 et
3207 4725 3588 4776 consentanea:

2011 4825 2186 4879 sunt?

2082 4915 2251 4970 Rssr.
2321 4912 2604 4983 Praecipue
2675 4904 3080 4965 commiseratio
3137 4908 3193 4956 et
3251 4893 3584 4953 humanitas,

2014 5024 2136 5080 quae
2166 5015 2222 5061 et
2262 5005 2373 5061 Deo
2417 5005 2626 5060 insunt.
2671 5001 2880 5058 Deinde
2932 4995 3258 5067 injuriarum
3313 4984 3585 5049 oblivisci,

2015 5115 2126 5154 non
2162 5097 2369 5152 moveri
2402 5096 2710 5158 iracundia,
2739 5105 3004 5164 personas
3037 5102 3147 5141 non
3194 5081 3462 5151 accipere,
3485 5090 3589 5130 nec

2018 5189 2340 5246 muneribus
2371 5187 2676 5257 corrumpi,
2709 5185 2804 5241 sed
2841 5184 2898 5237 in
2941 5178 3132 5253 primis
3163 5189 3270 5229 non
3305 5169 3462 5225 facile
3494 5183 3588 5221 ne-

2019 5542 2474 5618 ﬁpépaeégolsfat
2519 5538 2687 5603 addit,
2741 5533 2860 5589 τινὰ
2885 5533 2942 5586 δὲ
2966 5533 3060 5585 καὶ
3108 5527 3419 5602 χηρεύουσι,
3468 5537 3593 5595 qu'e

2017 5613 2215 5670 desunt
2246 5615 2298 5667 in
2329 5613 2510 5666 editis.

2091 5685 2202 5753 (67)
2237 5684 2388 5736 Hanc
2418 5681 2583 5753 Resp.
2618 5678 2671 5730 in
2697 5677 2852 5748 prius
2881 5674 2969 5731 ed.
3013 5671 3173 5728 valde
3218 5668 3468 5724 mutilam
3518 5679 3592 5721 ex

2021 5751 2154 5813 mss.
2185 5754 2320 5824 Reg.
2355 5751 2735 5820 restituimus.
