4088 6382
279 339 383 402 G77

1246 347 1713 415 QUESTIONES
1750 352 1841 407 AD
1880 353 2289 413 ANTIOCHUM
2323 359 2576 418 DUCEM.

3435 379 3542 439 678

283 453 363 509 ὅτι
404 472 512 527 περ
566 457 627 509 ἐν
663 471 778 520 τοις
818 471 1081 529 τεσσαρσι
1137 459 1363 527 τόποις,
1400 455 1481 526 οἷς
1536 464 1856 537 εἰρήκαμεν,

1960 467 2222 534 abundat,
2268 475 2570 531 secundum
2618 487 2777 535 antea
2805 480 3156 554 'propositam
3206 494 3416 546 natum
3448 507 3540 546 ra-

283 546 562 611 πλεονάζεῖ
593 547 783 619 ἕτερον
813 548 907 603 τοῦ
954 550 1149 621 ἐτέρου
1182 552 1327 606 κατά
1358 553 1457 626 τὴν
1491 558 1860 628 προκειμένην

284 636 656 707 φυσιολογίαν.

364 728 552 801 Ἐρὼτ.
588 730 722 801 ρκδ’.
749 729 874 796 Πῶς
902 733 995 786 καὶ
1024 735 1307 807 φαρμακοί
1333 753 1480 802 τινες
1508 736 1860 795 ἐκδιώκουσιν

283 823 341 889 ἐξ
369 820 673 893 ἀνθρώπων
711 823 976 894 δαίμονας
996 840 1011 889 ;

362 914 549 967 ’Δπόκ.
597 912 707 967 Τοῦ
751 914 987 986 Χριστοῦ
1028 916 1087 969 ἐν
1134 920 1248 981 τοῖς
1289 919 1467 987 ἁγίοις
1506 920 1861 989 Εὐαγγελίοις

281 1008 560 1077 λέγοντος,
588 1007 672 1061 ὅτι
707 1026 726 1059 ι
763 1010 826 1061 Εἰ
851 1012 880 1063 6
906 1011 1149 1074 Σατανᾶς
1175 1011 1265 1063 τὸν
1300 1012 1550 1065 Σατανᾶν
1589 1012 1858 1081 ἐκϐάλλει,

281 1105 315 1173 ἡ
338 1102 585 1173 βασιλεία
609 1102 775 1155 αὐτοῦ
801 1104 900 1174 οὐχ
929 1104 1172 1157 ἵσταται·
1208 1123 1225 1156 ι
1256 1103 1496 1175 εὔδηλον,
1520 1106 1602 1159 ὃτι
1631 1106 1861 1177 δαίμονα

282 1193 568 1264 φαρμακδς
594 1193 654 1247 οὐ
688 1191 896 1258 διώκει,
928 1193 1040 1247 ἀλλ’
1069 1196 1099 1246 6
1132 1194 1339 1265 δαίμων
1369 1197 1398 1248 6
1424 1197 1485 1249 ἐν
1516 1196 1594 1267 τῷ
1621 1196 1861 1268 δαιμονι-

281 1280 487 1353 ζομένῳ
528 1279 804 1353 ἀνθρώπῳ
840 1282 1002 1335 οἰκῶν
1031 1283 1293 1348 ἑκουσίως
1327 1285 1604 1357 ὑποχωρεί
1632 1287 1770 1358 πρὸς
1798 1286 1860 1340 τὸ

279 1370 624 1442 ἀπατηθῆναι
656 1370 783 1435 τοὺς
810 1370 1149 1443 ἀνθρώπους,
1189 1373 1285 1426 καὶ
1318 1375 1439 1428 ἀντὶ
1464 1374 1563 1428 τοῦ
1593 1378 1861 1449 προστρέ-

280 1479 392 1533 χειν
426 1462 565 1533 πρὸς
592 1461 727 1517 Θεὸν
752 1502 768 1527 ,
802 1462 981 1516 πείθει
1024 1463 1163 1535 πρὸς
1200 1466 1328 1529 τοὺς
1365 1467 1693 1537 φαρμακοὺς
1735 1467 1862 1541 τρέ-

278 1571 415 1625 χειν.
1388 1580 1395 1588 ’

346 1645 540 1718 Ἐρώτ.
574 1653 707 1717 ρκεν.
750 1645 876 1711 Πῶς
906 1646 999 1700 ἐπὶ¹
1033 1646 1285 1701 τοσοῦτον
1332 1647 1507 1719 ἰσχύει
1545 1650 1854 1721 φαρμακδς,

1961 559 2186 617 tionem.

2033 732 2255 799 Qumsr.
2284 734 2520 793 CXXIV.
2563 737 2848 806 Quomodo
2899 744 3123 815 quidam
3158 745 3537 806 incantatores

1962 823 2236 881 daemones
2259 842 2325 882 ex
2356 828 2673 887 hominibus
2701 834 2972 903 ejiciunt?

2028 913 2199 971 Rssr.
2240 916 2378 972 Cum
2406 920 2665 977 Christus
2691 924 2745 977 in
2777 926 2984 983 sanctis
3017 927 3329 1001 Evangeliis
3361 931 3533 994 dicat.

1966 1023 1987 1056 ι
2019 1003 2077 1059 Si
2109 1006 2345 1065 Satanas
2374 1010 2628 1067 Satanam
2672 1015 2841 1085 ejicit,
2870 1032 3096 1087 regnum
3127 1020 3246 1090 ejus
3271 1038 3380 1077 non
3418 1032 3537 1077 sta-

1959 1094 2039 1149 bit
2058 1096 2103 1127 ⁸³
2132 1115 2147 1151 :
2179 1118 2198 1151 ι
2231 1099 2359 1155 inde
2388 1101 2559 1171 liquet
2587 1119 2700 1160 non
2736 1107 2805 1161 ab
2833 1108 3177 1167 incantatore
3201 1113 3398 1184 expelli
3425 1115 3537 1169 «ιω-

1961 1203 2200 1256 monem,
2253 1193 2347 1247 sed
2396 1195 2696 1252 daemonem
2747 1199 2804 1253 in
2858 1201 3090 1258 obsesso
3120 1205 3341 1263 homine
3389 1210 3538 1264 exsi-

1962 1287 2193 1338 stentcm
2224 1293 2418 1355 sponte
2446 1290 2704 1346 recedere
2727 1308 2839 1362 quo
2864 1293 3116 1352 homines
3146 1298 3403 1370 decipiat,
3435 1303 3534 1373 qui

1962 1387 2030 1426 ne
2050 1373 2118 1426 ad
2143 1373 2314 1429 Deum
2347 1378 2688 1452 confugiant,
2720 1386 2914 1440 suadet
2958 1387 3098 1457 ipsis
3127 1399 3189 1444 ut
3218 1392 3289 1447 ad
3335 1393 3536 1448 incan-

1960 1472 2166 1520 tatores
2201 1467 2419 1525 abeant.

2030 1643 2250 1710 Quasr.
2284 1647 2496 1705 CXXV.
2536 1652 2822 1719 Quomodo
2870 1663 3020 1712 tanta
3066 1660 3151 1716 vis
3202 1669 3258 1717 et
3295 1665 3534 1733 potentia

277 1737 417 1791 ῶστε
454 1737 550 1791 καὶ
582 1740 665 1801 είς
697 1737 896 1808 ἀλόγου
940 1737 1101 1807 φύσιν
1154 1738 1480 1810 μετενέγκαι
1524 1741 1614 1795 τὸν
1651 1742 1857 1814 ἀνθρω-

1960 1734 2325 1794 incantatoris
2354 1748 2458 1806 est,
2492 1751 2551 1797 ut
2574 1744 2849 1801 hominem
2874 1749 2928 1802 in
2949 1749 3253 1806 belluarum
3282 1760 3534 1811 naturam

279 1844 378 1883 πον
408 1846 424 1895 ;

356 1923 549 1979 Ἀπόκ.
575 1924 641 1977 Εί
670 1923 903 1994 ἠδύνατο
933 1921 993 1986 ἐξ
1027 1920 1316 1994 ἀνθρώπου
1368 1921 1506 1987 ζῶον
1541 1923 1860 1994 ἀπεργάσα-

279 2016 419 2081 σθαι,
442 2017 663 2081 πάντως
688 2016 877 2089 ἴσχυσε
906 2016 1003 2070 καὶ
1035 2017 1096 2083 ἐξ
1124 2016 1318 2085 ἀλόγου
1347 2015 1629 2087 ἄνθρωπον
1659 2018 1856 2088 συστὴ-

278 2109 471 2163 σασθαι
512 2110 750 2179 λογικόν.
798 2108 936 2163 Ἀλλ’
981 2109 1083 2162 οὐκ
1128 2108 1242 2161 ἐστι
1291 2106 1480 2160 τοῦτο·
1512 2107 1585 2179 μὴ
1609 2108 1855 2176 γένοιτοί

288 2200 423 2254 Ἀλλ’
449 2201 641 2273 ὥσπερ
672 2205 722 2255 οἱ
753 2201 1036 2272 λεγόμενοι
1061 2201 1352 2270 Ψηφάδες,
1384 2202 1477 2255 καὶ
1508 2201 1668 2255 πάλιν
1697 2203 1859 2267 αὐτὸς

282 2295 693 2366 ὖἈντίχριστος
742 2295 1034 2368 ἐρχόμενος
1080 2297 1138 2349 ἐν
1183 2297 1453 2369 φαντασίᾳ
1509 2298 1687 2369 πλανᾷ
1729 2299 1857 2362 τοὺς

274 2385 586 2456 ὀφθαλμοὺς
625 2387 736 2441 τῶν
774 2386 1077 2461 ἀνθρώπων
1123 2388 1343 2459 χρυσίον
1371 2390 1553 2453 αὐτοῖς
1601 2391 1857 2455 πολλάκις

274 2476 307 2547 ἦ
332 2479 571 2551 ἄργυρον
602 2479 925 2543 ὑποδεικνύς
949 2497 964 2510 ·
993 2479 1135 2533 οὓτω
1164 2481 1256 2533 καὶ
1291 2482 1338 2533 οἱ
1380 2480 1628 2549 λέγοντες
1660 2482 1718 2547 ἐξ
1762 2485 1855 2537 ἀν-

276 2566 494 2639 θρώπου
549 2569 689 2634 ζῶον
726 2573 898 2624 ποιεῖν
936 2573 1062 2636 τοὺς
1099 2571 1339 2643 ὁρῶντας
1383 2574 1477 2626 καὶ
1516 2573 1675 2644 μόνον
1716 2575 1856 2629 ἀπα-

273 2656 439 2710 τῶσιν
457 2672 473 2688 ⁸
506 2658 632 2711 ἐπεὶ
658 2658 749 2711 τὸν
776 2662 898 2712 κατ’
922 2660 1106 2713 εἰκόνα
1126 2661 1220 2714 καὶ
1250 2662 1508 2731 ὁμοίωσιν
1536 2662 1669 2715 Θεοῦ
1702 2665 1855 2732 γενό-

278 2763 433 2819 μενον
455 2749 744 2823 ἄνθρωπον
777 2751 975 2822 κτῆνος
1007 2753 1232 2823 ποιῆσαι
1261 2754 1321 2806 οὐ
1348 2753 1621 2809 δύνανται.

356 2841 551 2911 Ἐρώτ.
596 2848 746 2915 ρκςκ
780 2838 930 2916 *Αρα
985 2847 1162 2915 κρῖμα
1210 2844 1500 2915 κέκτηνται
1548 2848 1597 2900 οἱ
1648 2847 1851 2919 κλοπὴν

276 2932 657 3005 ὑπομένοντες,
700 2936 797 2990 καὶ
829 2937 911 3000 είς
939 2937 1069 3001 τοὺς
1094 2934 1422 3007 λεγομένους
1452 2939 1671 3009 μάντεις
1708 2941 1849 2996 ὑπά-

275 3039 462 3093 τοντες
482 3042 497 3091 ;

353 3117 546 3170 ’Δπόκ.
579 3116 692 3169 Καὶ
729 3115 904 3188 μέγα’
939 3117 1178 3183 ἐδίδαξεν
1228 3119 1337 3192 γὰρ
1389 3122 1539 3192 ἡμᾶς
1582 3122 1615 3190 ἡ
1664 3121 1853 3193 Γραφὴ
1881 3151 1923 3209 c

278 3206 368 3260 ἐπὶ
412 3208 596 3279 πάσης
624 3212 911 3280 συμφορᾶς
950 3210 1081 3280 ἡμῖν
1129 3211 1500 3283 ἐπερχομένης
1541 3212 1716 3281 λέγειν
1751 3212 1814 3288 τό
1837 3228 1850 3244 ⁸

282 3313 301 3346 ι
334 3296 392 3349 '0
421 3296 629 3367 Κύριος
660 3296 859 3351 ἔδωκεν
877 3337 892 3362 ,
920 3300 949 3351 6
975 3300 1181 3371 Κύριος
1222 3300 1480 3369 ἀφείλατο
1502 3317 1516 3331 ’
1547 3300 1623 3363 ὡς
1646 3301 1722 3371 τῷ
1748 3304 1858 3355 Κυ-

280 3387 375 3458 ρίῳ
399 3388 580 3454 ἔδοξεν
603 3430 619 3455 ,
647 3387 790 3443 οὕτω
828 3390 925 3443 καὶ
959 3390 1203 3460 ἐγένετο·
1238 3392 1325 3463 εἴη
1354 3392 1415 3445 τὸ
1442 3392 1612 3463 ὄνομα
1650 3393 1853 3463 Κυρίου

277 3478 465 3551 εὐλογη
475 3479 657 3551 μένον.
698 3500 719 3533 ι

354 3567 546 3639 Ἐρώτ.
601 3569 738 3641 ρκζτ.
769 3569 897 3635 Πῶς
944 3589 1087 3637 τινες
1122 3574 1181 3626 ἐν
1217 3575 1332 3638 τοῖς
1379 3572 1689 3637 θανατικοῖς
1716 3574 1854 3628 ἀπο-

278 3656 587 3730 θνήσκουσι,
628 3663 724 3715 καὶ
767 3662 1032 3735 θεωροῦσι
1072 3682 1225 3729 τινας
1252 3666 1550 3731 ὀπτασίας,
1591 3666 1687 3720 καὶ
1718 3666 1855 3737 μετά

276 3745 364 3801 δύο
393 3749 426 3820 ἢ
456 3752 610 3823 τρεῖς
639 3750 788 3823 ὥρας
814 3753 1124 3808 ἀνίστανται
1158 3754 1541 3828 διηγούμενοι;

356 3840 545 3896 Ἀπόκ.
579 3843 704 3897 Ἐπὶ
730 3843 843 3897 τῶν
873 3844 1129 3899 τοιούτων
1154 3846 1214 3899 οὐ
1247 3847 1470 3910 τελείως
1498 3846 1619 3899 τότε
1646 3849 1680 3919 ἠ
1704 3845 1852 3919 ψυχὴ

277 3929 491 4002 ἐξῆλθεν
524 3935 590 3986 ἐκ
625 3934 721 3988 τοῦ
749 3934 1001 4006 σώματος
1021 3953 1036 3967 ·
1067 3937 1182 3992 ἀλλ’
1213 3939 1272 3992 ἐν
1299 3939 1552 3992 ἐκστάσει
1590 3940 1849 4007 γίνονται,

279 4021 378 4073 κᾶν
416 4024 548 4092 ἡμῖν
582 4023 981 4089 ἐκπνεύσαντες
1025 4026 1381 4096 νομίζωνταιθ
1410 4027 1552 4098 ἅπερ
1592 4028 1649 4081 δὲ
1685 4027 1853 4099 ὁρῶσι

278 4113 369 4165 καὶ
411 4113 724 4185 διηγοῦνται
766 4115 1010 4188 φοϐερὰ,
1060 4118 1197 4189 πρὸς
1234 4119 1296 4172 τὸ
1344 4121 1475 4190 ἡμῖν
1524 4118 1853 4190 συμφέρονό

280 4206 405 4270 Θεὸς
438 4210 582 4263 αὐτὰ
626 4209 944 4275 ὑπέδειξενο
973 4212 1084 4283 (69)
1133 4214 1220 4266 ἵνα
1268 4213 1595 4285 φοϐηθέντες
1636 4212 1853 4284 διορθω-

282 4294 498 4366 σώμεθα
539 4299 801 4364 ἑαυτοὺς,
844 4300 1174 4372 ἀπεχόμενοι
1229 4301 1338 4356 τῶν
1405 4301 1656 4373 πονηρῶν
1706 4301 1851 4373 πρά-

281 4384 433 4453 ξεων.

1886 1811 1935 1869 Β
1961 1832 2298 1885 commutet?

2028 1917 2195 1975 Rasr.
2237 1921 2295 1976 Si
2323 1936 2508 1994 posset
2534 1941 2598 1981 ex
2622 1928 2844 1985 homine
2865 1930 3102 1988 belluam
3124 1935 3378 2001 reddere,
3402 1952 3534 2009 pos-

1963 2018 2046 2063 set
2085 2020 2139 2065 et
2169 2028 2236 2067 ex
2269 2014 2445 2070 bellua
2485 2018 2763 2074 hominem
2811 2021 3026 2079 eﬂicere
3071 2028 3419 2084 rationalem.
3462 2030 3537 2084 At

1959 2115 2070 2154 non
2095 2102 2169 2155 ita
2190 2112 2305 2159 est:
2333 2107 2513 2161 absit!
2553 2106 2656 2163 Sed
2685 2112 3143 2179 quemadmodum
3162 2118 3254 2186 qui
3273 2117 3536 2174 dicuntur

1958 2190 2290 2263 Psephades,
2343 2207 2403 2252 ut
2435 2200 2563 2255 item
2606 2202 2724 2270 ipse
2770 2202 3167 2274 Antichristus,
3203 2207 3340 2265 falsa
3390 2212 3533 2266 ami-

1958 2293 2081 2341 ctus
2114 2289 2295 2357 specie
2323 2299 2587 2347 venturus
2624 2301 2731 2357 est,
2765 2310 2873 2363 qua
2901 2298 3095 2354 oculos
3126 2298 3407 2357 hominum
3437 2305 3535 2359 de~

1959 2377 2131 2440 ludat,
2166 2381 2363 2450 quibus
2392 2397 2587 2437 aurum
2627 2400 2772 2455 saepe
2810 2397 2865 2441 et
2893 2399 3179 2458 argentum
3209 2401 3533 2451 ostensurus

1958 2479 2042 2526 est
2071 2490 2085 2526 :
2110 2473 2190 2527 sic
2231 2475 2324 2544 qui
2371 2476 2526 2530 aiunt
2578 2493 2638 2532 se
2678 2493 2748 2532 ex
2788 2479 3010 2536 homine
3058 2482 3293 2539 belluam
3330 2484 3530 2550 facere,

1957 2564 2205 2620 videntes
2257 2569 2641 2623 tantummodo
2693 2571 2979 2642 decipiunt
3029 2595 3042 2630 :
3087 2578 3531 2649 quandoquidem

1960 2652 2232 2709 hominem
2285 2657 2354 2709 ad
2397 2658 2689 2728 imaginem
2741 2670 2796 2716 et
2856 2662 3272 2721 similitudinem
3317 2665 3412 2722 Dei
3453 2667 3535 2723 fa-

1959 2751 2105 2796 ctum
2153 2759 2263 2799 non
2310 2758 2543 2816 possunt
2572 2750 2627 2803 in
2659 2752 2878 2805 brutum
2918 2754 3120 2808 animal
3170 2768 3530 2815 commutare.

2026 2832 2248 2900 ρυεετ.
2297 2837 2531 2892 CXXVI.
2571 2839 2712 2895 Num
2750 2842 3019 2910 judicium
3073 2845 3178 2900 sibi
3215 2856 3529 2913 accersbnt,

1956 2926 2050 2997 qui
2091 2927 2297 2982 furtum
2326 2930 2500 2999 passi,
2528 2932 2595 2986 ad
2627 2933 2810 2990 dictos
2844 2935 3221 2993 iucantatores
3256 2954 3315 2994 se
3344 2939 3532 2995 confe-

1957 3021 2130 3074 runt?

2027 3109 2189 3166 Resp.
2234 3113 2410 3170 Grave
2451 3116 2701 3187 profecto
2741 3119 2848 3174 sibi
2900 3128 3197 3176 accersunt
3232 3121 3527 3191 judicium.

1959 3188 2236 3273 Siquidem
2274 3221 2377 3260 nos
2405 3205 2593 3260 docuit
2623 3207 2909 3278 Scriptura
2943 3211 2999 3263 in
3026 3188 3270 3279 qualibet
3299 3210 3531 3265 calami-

1954 3301 2066 3349 tate
2095 3311 2217 3364 qua:
2247 3296 2406 3351 nobis
2446 3299 2664 3362 accidit,
2694 3298 2810 3353 haec
2840 3300 3046 3364 dicere,
3092 3318 3112 3351 ι
3145 3299 3408 3355 Dominus
3435 3300 3532 3355 de-

1954 3376 2051 3440 dit,
2106 3377 2370 3433 Dominus
2418 3380 2686 3435 ahstulit:
2728 3382 2872 3436 sicut
2916 3380 3149 3435 Domino
3188 3381 3417 3451 placuit,
3454 3382 3531 3437 ita

1954 3465 2157 3523 factum
2183 3480 2295 3537 est;
2328 3470 2401 3525 sit
2433 3486 2633 3527 nomen
2659 3471 2878 3525 Domini
2910 3472 3260 3526 benedictum
3280 3470 3346 3525 “.
3379 3490 3399 3523 ι

2021 3560 2242 3625 Quaasr.
2267 3561 2527 3616 CXXVII.
2569 3564 2817 3629 Quonam
2842 3563 3004 3617 modo
3022 3563 3363 3632 temporibus
3382 3576 3531 3617 mor-

1952 3650 2127 3708 tiferis
2166 3654 2474 3708 moriuntur
2513 3654 2776 3724 quidam‘,
2832 3662 3179 3724 cernuntque
3229 3654 3474 3709 visiones
3502 3694 3520 3721 ,

1953 3753 2115 3814 atque
2144 3754 2267 3815 post
2294 3744 2433 3799 duas
2453 3746 2536 3800 vel
2559 3752 2672 3801 tres
2696 3746 2862 3800 horas
2886 3752 3205 3815 resurgunt,
3234 3759 3329 3800 eas
3363 3759 3528 3799 enar-

1951 3837 2177 3891 rantes?

2023 3928 2185 3986 Rsse.
2225 3929 2286 3986 In
2318 3932 2440 3988 istis
2464 3931 2648 3986 anima
2677 3946 2783 3985 non
2819 3931 3042 4000 penitus
3067 3938 3200 3985 tunc
3230 3945 3262 3986 e
3295 3941 3529 3997 corpore

1951 4024 2117 4078 exivit
2152 4025 2289 4079 :sed
2337 4025 2395 4079 in
2440 4026 2686 4079 exstasin
2741 4026 3053 4095 rapiuntur,
3104 4024 3320 4081 etiamsi
3367 4023 3530 4080 nobis

1926 4102 2240 4169 “videantur
2266 4116 2600 4185 exspirasse,
2630 4131 2754 4185 quae
2792 4127 2974 4171 autem
3000 4115 3188 4171 vident
3215 4125 3270 4171 et
3300 4121 3530 4169 narrant

1951 4207 2263 4273 metuenda,
2311 4207 2379 4261 ad
2428 4217 2674 4264 nostram
2725 4210 3013 4263 utilitatem
3060 4207 3206 4264 Deus
3252 4208 3368 4262 haec
3417 4206 3529 4262 illis

1950 4302 2227 4368 ostendit;
2269 4308 2330 4355 ut
2364 4302 2558 4355 timore
2587 4302 2828 4371 correpti
2874 4302 3245 4370 nosmetipsos
3273 4298 3530 4356 emende—

1951 4408 2095 4457 mus,
2128 4393 2612 4463 abstineamusque
2634 4394 2705 4449 ab
2735 4395 3208 4469 operibusbmalis.

350 4478 539 4551 Ἐρώτ.
577 4481 717 4554 ρκη⁹.
747 4481 920 4535 Πόθεν
958 4482 1307 4552 ἐπιγινώσκει
1350 4486 1385 4556 ἠ
1426 4484 1574 4556 ψυχὴ
1598 4483 1852 4549 ἀπλανῶς

1976 4516 1982 4522 α
2024 4483 2245 4551 ρυιιιετ.
2292 4484 2574 4541 CXXVIII.
2621 4484 2909 4552 Quomodo
2950 4490 3134 4541 anima
3182 4485 3237 4539 in
3280 4498 3529 4540 resurre-

281 4568 336 4622 τὸ
362 4571 491 4626 ἴδιον
517 4572 680 4644 σῶμα
710 4576 769 4627 ἐν
802 4576 869 4645 τῇ
901 4574 1217 4638 ἀναστάσει,
1236 4576 1331 4630 καὶ
1351 4577 1453 4630 οὐκ
1469 4577 1549 4641 είς
1573 4576 1853 4648 ἀλλότριον

282 4660 581 4733 εἰσέρχεται
599 4680 615 4728 ;

358 4753 546 4808 ’Δπόκ.
576 4755 781 4826 Φυσικῇ
813 4753 1123 4826 ἀκολουθία.
1156 4755 1368 4828 ’Ὥσπερ
1402 4757 1513 4829 γὰρ
1554 4758 1725 4830 ἀρνία
1759 4760 1852 4829 ἀφ’

284 4843 514 4916 ἑσπέρας
536 4846 603 4899 ἐκ
634 4846 887 4918 μητέρων
918 4846 1273 4919 χωρισθέντα,
1302 4844 1443 4913 εἶτα,
1469 4852 1682 4920 πρωῖας
1713 4851 1851 4905 ἀποε-

286 4932 519 5002 λυθέντα,
549 4937 807 5000 ἀπλανῶς
834 4938 1060 4991 ἕκαστον
1090 4938 1196 4992 ὑπὸ
1218 4939 1319 5010 τῆς
1351 4940 1564 5009 φύσεως
1588 4942 1726 5013 πρὸς
1753 4943 1851 5013 τὴν

288 5027 414 5083 ἰδίαν
446 5028 665 5101 μητέρα
708 5028 929 5099 ἔρχεται
950 5045 964 5058 ·
998 5028 1140 5083 οὕτω
1167 5031 1262 5084 καὶ
1290 5032 1382 5084 ἐπὶ
1405 5030 1512 5084 τῶν
1542 5031 1731 5103 ψυχῶν
1763 5050 1851 5087 νο-

285 5124 494 5195 ήσωμεν
519 5125 580 5177 ἐν
616 5124 687 5193 τῇ
722 5122 1014 5176 ἀναστάσει
1042 5123 1316 5192 γενέσθαι.

359 5217 549 5290 Ἐρώτ.
609 5217 750 5289 ρκθθ.
819 5215 945 5270 Ἐάν
996 5234 1081 5281 τις
1138 5216 1359 5290 λῃστὴς,
1413 5219 1605 5274 ἑκατὸν
1659 5220 1852 5290 φόνους

286 5311 507 5381 ποιήσας
531 5349 548 5376 ,
611 5307 909 5383 κρατηθεὶς
975 5308 1381 5381 ἀποκεφαλισθῇ
1409 5350 1425 5374 ,
1491 5310 1543 5363 τί
1622 5310 1851 5382 λέγομεν

286 5406 406 5476 περὶ
427 5403 594 5458 αὑτοῦ
621 5420 639 5470 ;
673 5397 824 5473 ’Δρα
844 5399 1188 5473 ἠλευθερώθη
1221 5400 1331 5456 τῶν
1368 5402 1565 5468 φόνων,
1597 5395 1672 5456 ὧν
1704 5401 1853 5454 ἐποί-

287 5508 411 5563 ησεν
438 5510 456 5561 ἱ

346 5615 392 5649 ⁸⁸
428 5616 598 5673 Marc.
623 5630 710 5683 ιιι,
744 5613 837 5669 26.
913 5614 960 5646 ⁸⁵
995 5612 1098 5670 Job
1132 5630 1172 5681 ι,
1205 5614 1295 5670 21.

1953 4576 2135 4631 ctione
2158 4584 2310 4632 certo
2342 4593 2503 4634 suum
2533 4594 2735 4650 corpus
2766 4578 3036 4648 agnoscit,
3075 4592 3177 4632 nec
3205 4576 3261 4629 in
3288 4576 3526 4630 alienum

1953 4666 2291 4736 ingreditur?

2024 4758 2188 4830 246
2213 4758 2375 4817 Resp.
2412 4758 2660 4814 Naturali
2707 4761 2942 4815 ratione.
2981 4758 3052 4814 Ut
3093 4757 3240 4813 enim
3280 4754 3404 4826 agni
3433 4766 3527 4806 ve-

1954 4864 2113 4919 spere
2148 4864 2179 4902 a
2211 4850 2480 4905 matribus
2507 4851 2771 4920 separati,
2802 4858 2857 4904 et
2887 4863 3048 4903 mane
3076 4846 3312 4906 dimissi,
3347 4844 3399 4897 vi
3430 4856 3529 4895 na-

1953 4949 2091 4997 tura:
2129 4943 2330 5012 singuli
2357 4942 2425 4996 ad
2456 4957 2611 4997 suam
2644 4951 2873 4998 matrem
2909 4947 3061 4996 certo
3088 4944 3385 4993 accurrunt
3413 4953 3427 4988 :
3451 4933 3530 4987 ita

1957 5032 2098 5087 idem
2131 5032 2186 5086 in
2217 5034 2621 5089 resurrectione
2664 5033 2953 5088 animabus
2987 5030 3234 5086 accidere
3259 5034 3345 5081 est
3371 5024 3531 5078 intel-

1953 5124 2250 5194 Iigendum.

2024 5214 2245 5281 Quzsr.
2286 5214 2523 5271 CXXIX.
2567 5215 2625 5271 Si
2653 5217 2778 5287 quis
2816 5217 2956 5269 latro
2996 5216 3123 5284 post
3164 5214 3384 5265 centum
3421 5203 3527 5257 ho-

1954 5308 2174 5363 micidia
2201 5309 2496 5363 commissa
2532 5317 2730 5378 captus
2771 5307 3149 5366 obtruncetur,
3178 5299 3310 5371 quid
3342 5296 3411 5353 de
3434 5295 3531 5350 illo

1953 5401 2297 5456 sentiendum
2348 5398 2634 5455 est?Num
2699 5401 2768 5453 ab
2806 5397 3063 5454 omnibus
3107 5391 3349 5450 caedibus
3385 5402 3528 5464 quae

1953 5490 2307 5561 perpetravit,
2342 5489 2626 5545 absolutus
2655 5488 2776 5543 est?

340 5756 465 5847 “(69)
530 5772 613 5829 Ita
676 5769 1038 5843 manuscripti
1089 5770 1328 5842 quidam.
1384 5768 1510 5827 Haec
1567 5769 1633 5826 ad
1690 5768 1851 5826 linem
1888 5782 2063 5839 usque
2090 5760 2482 5840 Responsionis
2509 5759 2735 5818 deerant
2754 5755 2811 5813 in
2835 5753 3017 5813 editis.
