4088 6382
577 352 690 412 B79

656 469 820 527 Resp.
862 468 1035 526 Unius
1058 476 1115 525 et
1155 466 1327 523 solius
1364 466 1647 521 homicidii
1672 482 1867 537 poenas
1907 468 2008 524 lu‘it
2037 487 2051 522 :
2083 470 2150 526 de
2178 475 2227 533 Α

582 559 710 617 aliis
750 560 1045 632 nonaginta
1086 574 1280 615 novem
1319 557 1633 614 homicidiis
1664 559 1931 615 rationem
1963 561 2152 617 reddet

585 654 645 708 in
710 652 898 708 futuro
947 651 1149 707 szeculo
1191 650 1324 721 (70).
1371 650 1666 707 Sciendum
1721 658 1809 707 est
1859 658 2060 717 autem,
2105 656 2154 708 si

582 746 751 801 homo
780 746 944 800 unius
976 743 1141 799 caedis
1166 758 1316 805 reus,
1342 744 1795 814 comprehensus,
1825 744 2008 814 capite
2034 746 2154 815 ple-

576 844 780 899 ctatur,
813 850 955 905 saepe
993 844 1177 889 tamen
1226 850 1333 890 non
1364 836 1512 890 omni
1546 836 1757 905 judicio
1795 851 1921 891 esse
1961 837 2151 891 libera-

576 933 721 981 tum.
747 927 917 994 Quale
945 933 1031 981 est
1056 924 1202 997 quod
1249 926 1316 982 de
1354 934 1546 981 sancto
1576 925 1785 982 Joanne
1823 926 2064 996 Baptista
2092 934 2149 982 et

578 1016 797 1074 Herode
833 1018 1090 1073 dicimus.
1122 1018 1227 1085 Qui
1261 1018 1308 1075 si
1339 1018 1642 1073 decollatus
1670 1028 1837 1082 esset,
1863 1026 2149 1089 propterea

571 1109 725 1181 quod
761 1109 1061 1180 Baptistam
1086 1111 1398 1174 occiderat,
1431 1126 1543 1165 non
1574 1119 1753 1166 tamen
1774 1111 1903 1181 quid
1942 1112 2151 1182 aequale

575 1211 668 1258 est
699 1203 765 1258 ad
790 1204 1020 1263 salutem
1049 1202 1238 1259 mundi
1259 1202 1500 1258 Joannes
1531 1211 1586 1258 et
1610 1202 1872 1260 Herodes.
1894 1202 1987 1259 Ille
2004 1204 2150 1258 enim

573 1294 843 1350 salutaris
868 1301 991 1351 erat
1026 1294 1191 1350 homo
1216 1312 1233 1361 ;
1257 1294 1352 1349 hic
1389 1308 1542 1359 vero,
1575 1293 1881 1350 insidiator.
1914 1295 2059 1351 Idem
2083 1295 2151 1351 de

576 1384 704 1439 aliis
736 1384 1053 1450 homicidis,
1084 1394 1141 1440 et
1159 1386 1326 1456 justis
1355 1386 1491 1444 viris
1516 1388 1715 1444 occisis
1738 1387 2150 1457 intelligendum

571 1480 635 1530 et
669 1473 1082 1546 dijudicandum
1112 1487 1217 1541 est,
1250 1477 1710 1547 quemadmodum
1744 1478 2009 1533 diximus.

646 1651 872 1720 Quss'r.
911 1653 1123 1711 CXXX.
1161 1654 1220 1711 Si
1264 1656 1390 1728 quis
1428 1657 1683 1728 princeps
1715 1659 1796 1712 ira
1842 1667 2149 1715 commotus

576 1756 696 1798 rem
731 1744 971 1816 aliquam
1021 1760 1147 1801 cum
1186 1746 1545 1816 jurejurando
1587 1749 1909 1812 decreverit,
1951 1749 2148 1804 deinde

1726 348 1787 404 3.
1828 346 2264 404 ATHANASIUS
2324 374 2396 389 -
2433 346 2699 402 SPURIA‘.

3715 348 3824 406 ιω

2336 467 2524 521 Ἀπόκ.
2569 466 2718 530 Ἐνὸς
2763 466 2856 520 καὶ
2885 466 3045 537 μόνου
3076 465 3238 535 φόνου
3282 465 3450 519 ἔδωκε
3477 464 3635 534 δίκην
3660 478 3675 494 ·
3708 465 3821 521 τῶν

2246 557 2305 612 δὲ
2326 557 2528 612 λοιπῶν
2553 560 2875 630 ἐνενήκοντα
2902 560 3057 612 ἐννέα
3085 560 3145 611 ἐν
3171 558 3250 628 τῷ
3277 558 3433 612 αἰῶνι
3460 556 3539 627 τῷ
3574 555 3821 627 μέλλοντι

2247 649 2668 719 ἀπολογήσεται.
2716 646 3009 702 Γινώσκειν
3051 648 3108 702 δὲ
3136 648 3277 720 χρὴ,
3323 650 3406 702 ὅτι
3438 646 3697 711 πολλάκις
3725 646 3821 701 καὶ

2246 739 2345 796 ἕνα
2376 741 2535 809 φόνον
2580 740 2814 808 ποιήσας
2843 738 3163 812 ἄνθρωπος,
3198 740 3302 794 κᾶν
3344 740 3637 813 κρατηθεὶς
3684 740 3822 793 ἀπο-

2247 831 2581 903 κεφαλισθῇ,
2618 832 2680 885 οὐ
2726 832 2943 895 πάντως
2991 832 3074 885 ὅτι
3117 831 3238 885 ὅλου
3265 830 3361 885 τοῦ
3409 832 3677 903 κρίματος
3721 830 3819 885 τοῦ

2248 921 2409 990 φόνου
2443 920 2831 995 ήλευθέρωται.
2863 917 2989 976 Οἷόν
3017 939 3072 976 τι
3114 921 3345 995 λέγομεν
3377 923 3472 976 ἐπὶ
3518 922 3612 977 τοῦ
3659 924 3817 992 ἁγίου

2259 1011 2505 1067 Ἰωάννου
2536 1013 2630 1067 τοῦ
2656 1014 2957 1068 Βαπτιστοῦ
2998 1016 3093 1069 καὶ
3125 1015 3361 1087 Ἡρώδου
3381 1032 3398 1048 ·
3431 1016 3523 1069 ὅτε
3559 1015 3672 1087 γὰρ
3723 1014 3820 1068 καὶ

2247 1103 2658 1175 ἀπεκεφαλίσθη
2698 1105 2975 1178 Ἡρώδης,
3005 1106 3145 1177 ὑπὲρ
3175 1101 3236 1161 οὗ
3277 1106 3568 1175 ἐφόνευσεν
3594 1104 3686 1158 τὸν
3714 1107 3820 1158 Βα-

2249 1197 2501 1269 πτιστὴν,
2525 1196 2639 1251 ἀλλ’
2664 1198 2765 1251 οὐκ
2795 1197 2942 1252 ἔστιν
2967 1198 3079 1252 ἴσον
3106 1199 3244 1270 πρὸς
3272 1196 3543 1270 σωτηρίαν
3586 1195 3681 1250 τοῦ
3728 1194 3820 1249 κό-

2251 1304 2389 1358 σμου
2434 1289 2686 1361 Ἰωάννης
2716 1290 2811 1344 καὶ
2853 1288 3114 1361 Ἡρώδης.
3161 1292 3221 1344 '0
3267 1290 3366 1360 μὲν
3410 1290 3520 1363 γὰρ
3552 1291 3820 1363 σωτήριος

2248 1378 2554 1451 ἄνθρωπος,
2586 1383 2614 1434 ὀ
2633 1381 2690 1435 δὲ
2714 1380 3019 1445 ἐπίϐουλος.
3058 1383 3290 1453 Ὁμοίως
3317 1382 3375 1436 δὲ
3401 1383 3495 1437 καὶ
3523 1384 3617 1436 ἐπὶ
3644 1382 3818 1437 ἄλλων

2248 1471 2452 1539 φονέων
2475 1511 2490 1537 ,
2518 1476 2613 1526 καὶ
2645 1474 3016 1544 φονευομένων
3046 1474 3267 1529 δικαίων
3301 1474 3544 1547 ἀνδρῶν,
3573 1475 3696 1528 ἐστὶ
3733 1491 3819 1529 vo-

2246 1560 2402 1631 ῆσαι,
2435 1562 2530 1615 καὶ
2550 1562 2845 1635 διακρῖναι,
2871 1563 3052 1628 καθὼς
3080 1566 3510 1638 προειρήκαμεν.

2334 1652 2522 1724 Ἐρώτ.
2573 1653 2672 1725 ρλ’.
2712 1654 2836 1708 Ἐάν
2872 1671 2959 1718 τις
2988 1655 3172 1727 ἄρχων
3222 1655 3329 1711 ἀπὸ
3380 1652 3554 1726 θυμοῦ
3586 1654 3706 1725 μεθ’
3730 1654 3821 1727 δρ-

2249 1760 2363 1798 κων
2385 1745 2495 1816 (71)
2524 1746 2733 1801 πολλῶν
2760 1746 2920 1821 ὁρίσῃ
2950 1750 3202 1820 πρᾶγμα,
3233 1743 3352 1801 εἶτα
3377 1746 3514 1818 μετὰ
3534 1748 3626 1800 τὸν
3656 1746 3818 1818 ὅρκον

576 1843 703 1906 post
724 1836 1111 1907 jusjurandum
1141 1839 1209 1892 ad
1230 1838 1470 1908 seipsum
1494 1839 1737 1913 redierit,
1768 1838 2005 1910 factique
2030 1856 2142 1911 pte-

2247 1834 2416 1888 ὲλθὼν
2440 1838 2520 1900 εἰς
2552 1838 2744 1892 ἑαυτὸν
2771 1841 3143 1913 μεταμεληθῇ,
3172 1840 3334 1910 γνοὺς
3371 1840 3453 1893 ὅτι
3487 1838 3671 1902 κακῶς
3705 1837 3819 1909 ῶρ-

575 1926 772 1993 niteat,
802 1943 926 1982 cum
963 1944 1158 1999 nempe
1192 1929 1437 1987 advertat
1462 1945 1522 1986 se
1564 1931 1708 1985 malo
1737 1931 1977 2001 jurasse,
2009 1933 2144 2003 quid

576 2016 685 2089 ipsi
721 2020 989 2090 agendum
1020 2019 1148 2076 est?

647 2108 807 2165 Resp.
854 2109 963 2166 Deo
985 2112 1232 2168 conﬁteri
1261 2112 1440 2175 debet.
1474 2129 1738 2186 suamque
1780 2114 2145 2173 condemnare

583 2201 1130 2271 inconsiderantiam,
1155 2213 1212 2260 et
1230 2204 1602 2274 juramentum
1635 2207 1868 2263 solvere.
1899 2207 2145 2278 Namque

572 2290 773 2348 Petrus
809 2295 1092 2364 apostolus
1132 2296 1226 2366 qui
1264 2296 1499 2361 dixerat,
1539 2315 1558 2349 ι
1585 2296 1703 2353 Non
1736 2298 1946 2355 lavabis
1980 2300 2146 2369 pedes

571 2399 727 2441 meos
755 2385 810 2439 in
851 2393 1114 2442 aeternum
1138 2387 1229 2452 δι’,
1258 2406 1280 2441 ι
1314 2389 1558 2445 rescisso
1594 2389 1700 2445 hoc
1739 2391 1886 2461 quod
1909 2392 2147 2459 dixerat,

570 2488 638 2529 ea
685 2475 756 2531 de
797 2490 967 2533 causa
998 2477 1274 2534 laudatur.
1308 2477 1551 2535 Herodes
1594 2488 1787 2535 contra
1829 2481 2146 2550 juramento

572 2565 919 2633 conﬁrmato,
946 2577 1166 2639 propter
1195 2577 1537 2641 amputatum
1566 2572 1927 2641 praecursoria
1956 2583 2142 2644 caput,

571 2674 768 2730 ptenas
793 2668 1027 2721 aeternas
1062 2661 1186 2717 luit.

642 2748 863 2816 Qussr.
893 2744 1128 2806 CXXXI.
1168 2750 1224 2806 Si
1260 2750 1384 2823 quis
1413 2752 1517 2808 sibi
1546 2767 1663 2810 rem
1687 2753 1927 2825 aliquam
1955 2753 2143 2810 utilem

570 2855 694 2897 esse
724 2842 1042 2905 arbitretur,
1079 2842 1355 2913 quomodo
1395 2858 1516 2898 eam
1568 2859 1600 2898 a
1645 2843 1755 2901 Deo
1794 2846 1849 2900 in
1895 2846 2146 2901 oratione

574 2940 758 3002 petere
784 2932 981 2988 debet?

638 3026 803 3083 lisse.
845 3025 1314 3093 Quemadmodum
1336 3026 1589 3084 Christus
1622 3044 1724 3083 nos
1753 3043 1910 3083 orare
1932 3029 2139 3092 docuit,

570 3116 793 3188 hacque
827 3116 897 3171 ad
918 3115 1089 3172 Deum
1123 3116 1327 3182 dicere,
1368 3135 1387 3169 ι
1421 3115 1543 3171 Fiat
1584 3118 1837 3174 voluntas
1882 3126 1974 3175 tua
2007 3121 2073 3173 ⁸⁸.
2113 3139 2131 3172 ι

2247 1944 2387 1991 κισε,
2418 1928 2470 1981 τί
2501 1929 2704 1999 ὀφείλει
2735 1930 2991 2002 ποιῆσαι;

2330 2103 2516 2159 Ἀπόκ.
2554 2106 3081 2180 Ἑξομολογήσασθαι
3109 2108 3189 2181 τῷ
3213 2108 3332 2181 Θεῷ
3360 2109 3452 2165 καὶ
3471 2108 3819 2179 καταγνῶναι

2243 2194 2342 2259 τὰς
2388 2197 2579 2250 ἑαυτοῦ
2634 2199 2966 2271 προπετείας
2990 2240 3006 2266 ,
3047 2204 3144 2255 καὶ
3181 2202 3443 2256 ἀναλῦσαι
3494 2201 3586 2255 τὸν
3632 2202 3816 2273 ὅρκον.

2245 2286 2358 2340 Καὶ
2393 2286 2502 2359 γὰρ
2543 2290 2637 2342 καὶ
2676 2289 2879 2362 Πέτρος
2913 2292 3286 2356 ὀάπόστολος
3330 2291 3519 2360 εἰπὼν,
3558 2292 3641 2345 ὅτι
3684 2310 3703 2343 ι
3743 2291 3816 2344 Οὐ

2248 2378 2323 2448 μή
2353 2394 2453 2447 μου
2480 2377 2652 2447 νίψεις
2676 2380 2801 2443 τοὺς
2830 2381 2998 2445 πόδας
3041 2385 3121 2448 εἰς
3146 2385 3236 2438 τὸν
3268 2383 3471 2438 αἰῶναο
3509 2404 3527 2437 ι
3566 2383 3661 2437 καὶ
3692 2384 3816 2437 ἀνα-

2245 2467 2414 2532 λύσας
2432 2470 2569 2542 ὄπερ
2588 2467 2760 2538 εἶπεν,
2774 2474 3072 2530 ἐπαινεῖται
3093 2476 3250 2530 τοῦτο
3281 2476 3616 2548 πεποιηκώς.
3652 2477 3823 2550 Ἠρώ-

2244 2557 2340 2629 δης
2371 2559 2458 2622 δὲ,
2496 2563 2702 2633 στήσας
2735 2563 2826 2616 τὸν
2854 2565 3046 2618 ἑαυτοῦ
3076 2567 3235 2638 ὅρκον
3257 2608 3272 2632 ,
3299 2567 3385 2621 διὰ
3415 2568 3515 2639 τὴν
3554 2567 3651 2622 τοῦ
3680 2584 3814 2639 προ-

2244 2648 2443 2721 δρόμου
2474 2652 2715 2725 κεφαλὴν
2748 2655 2829 2718 εἰς
2858 2655 3063 2720 αἰῶνας
3095 2657 3402 2722 κολάζεται.

2330 2738 2519 2810 Ἐρὼτ.
2548 2742 2684 2812 ρλα’.
2726 2743 2850 2797 Ἐάν
2876 2762 2959 2808 τις
2987 2745 3267 2819 λογίσηται
3294 2766 3346 2801 τι
3381 2751 3614 2822 πρᾶγμα
3637 2749 3714 2814 ὡς
3739 2766 3817 2806 vo-

2247 2829 2392 2902 μίξει
2415 2833 2592 2905 ἐαυτῷ
2617 2836 2917 2907 συμφέρον,
2943 2838 3061 2902 πῶς
3087 2840 3287 2908 ὀφείλει
3316 2843 3445 2912 περὶ
3475 2842 3641 2896 αὑτοῦ
3665 2844 3817 2914 αίτή·

2246 2924 2462 2990 σασθαι,
2489 2928 2584 2981 καὶ
2608 2928 2725 2999 Θεῴ
2760 2930 3192 3002 προσεύξασθαις

2314 3021 2505 3074 ’Δπόκ.
2539 3021 2738 3085 Καθὼς
2768 3025 2917 3093 ἡμᾶς
2958 3026 2987 3076 ὀ
3018 3025 3253 3095 Χριστὸς
3281 3024 3483 3091 ἐδίδαξε
3513 3027 3815 3099 προσεύχε-

2245 3110 2405 3177 σθαι,
2439 3113 2533 3166 καὶ
2556 3113 2734 3181 λέγειν
2765 3116 2901 3186 πρὸς
2927 3114 3090 3168 Θεόψ
3125 3134 3144 3166 ι
3183 3117 3470 3189 Γενηθήτω
3501 3119 3563 3172 τὸ
3604 3119 3816 3191 θέλημά

566 3208 703 3264 Nam
738 3218 794 3264 et
823 3209 941 3280 ipse
968 3208 1256 3271 Dominus,
1286 3210 1379 3280 qui
1413 3209 1484 3263 ita
1516 3224 1618 3265 nos
1640 3208 1939 3274 erudierat,
1978 3213 2057 3267 sic
2086 3218 2141 3267 et

2245 3222 2358 3258 σου.
2398 3225 2416 3255 ι
2460 3205 2570 3259 Καὶ
2595 3207 2703 3278 γὰρ
2731 3206 2890 3261 τοῦτο
2920 3209 3188 3263 παιδεύων
3211 3211 3361 3280 ἡμᾶς
3386 3211 3415 3262 ὀ
3443 3210 3647 3283 Κύριος
3677 3212 3817 3265 οὕτω

569 3299 688 3369 ipse
727 3298 942 3355 Patrem
992 3300 1341 3369 precabatur,
1388 3298 1548 3354 «Non
1586 3314 1707 3356 mea
1739 3301 1995 3356 voluntas
2024 3303 2136 3367 tiat,

568 3391 665 3446 sed
696 3398 790 3445 tua
807 3391 875 3445 ⁸⁸.
908 3410 927 3443 ι
959 3388 1072 3446 Nos
1095 3399 1276 3445 autem
1311 3391 1561 3448 homines
1596 3407 1707 3447 non
1732 3408 1860 3446 raro
1889 3393 2138 3463 quaedam

567 3495 601 3534 a
632 3480 742 3536 Deo
769 3482 1024 3552 petimus,
1058 3496 1179 3553 quae
1218 3481 1376 3537 nobis
1411 3470 1673 3552 prodesse
1700 3485 1999 3546 credimus,
2036 3485 2137 3538 ob-

567 3579 826 3644 lentaque
848 3573 1133 3643 petitione,
1164 3572 1220 3627 id
1256 3574 1417 3629 nobis
1441 3591 1643 3647 magno
1662 3591 1785 3632 esse
1807 3576 2137 3632 detrimento

564 3662 957 3733 comperimus.
1008 3662 1148 3718 Hinc
1188 3663 1475 3729 Dominus,
1525 3674 1584 3720 ut
1629 3681 1812 3721 rerum
1848 3668 2133 3737 praescius.

562 3762 784 3811 nostras
823 3769 968 3826 saepe
997 3771 1109 3811 non
1138 3757 1362 3812 exaudit
1390 3760 1687 3822 orationes,
1712 3759 1894 3829 idque,
1927 3762 2004 3815 uti
2040 3761 2138 3815 bo-

560 3859 688 3908 nus,
719 3846 775 3899 in
820 3855 1071 3901 nostrum
1105 3849 1268 3902 vertit
1307 3852 1677 3906 commodum.
1728 3852 1883 3908 Unde
1924 3863 2135 3908 rectum

559 3949 672 3989 non
697 3942 785 3991 est
821 3937 934 3991 vim
973 3936 1084 3993 Deo
1121 3940 1346 4003 inferre,
1375 3956 1501 3996 cum
1536 3942 1608 3997 ab
1649 3958 1716 3998 eo
1757 3946 1961 4015 aliquid
1996 3947 2136 4016 peti-

558 4041 707 4091 mus,
739 4027 835 4084 sed
855 4037 916 4084 ut
945 4030 1122 4085 edocti
1165 4047 1379 4096 sumus,
1412 4035 1679 4089 orandum
1713 4037 1870 4091 nobis
1897 4048 2001 4098 est,
2032 4053 2133 4092 nec

559 4119 915 4187 quaerendum
968 4132 1029 4175 ut
1067 4130 1279 4186 nostra,
1324 4125 1421 4180 sed
1474 4133 1537 4180 ut
1588 4126 1680 4181 Dei
1723 4129 1816 4181 tiat
1855 4118 2149 4187 voluntas.‘

560 4207 692 4263 Vult
727 4212 872 4265 enim
898 4225 1088 4267 omnes
1117 4216 1344 4270 omnino
1372 4216 1556 4273 salvos
1588 4217 1728 4281 ﬁeri,
1758 4235 1933 4289 eaque
1973 4223 2131 4278 nobis

561 4300 788 4372 praebet,
816 4317 938 4374 qua!
965 4305 1129 4360 saluti
1160 4314 1363 4362 nostra:
1400 4309 1738 4366 conducunt.

2241 3297 2336 3349 καὶ
2375 3296 2538 3360 αὐτὸς
2573 3298 2913 3370 προσηύχετο
2952 3299 3124 3368 λέγων
3171 3300 3251 3372 τῷ
3296 3302 3507 3374 Πατρί·
3564 3320 3583 3353 ι
3623 3303 3715 3375 Μὴ
3756 3304 3817 3357 τὸ

2239 3388 2371 3457 ὲμόν
2400 3388 2609 3458 θέλημα
2640 3390 2900 3457 γενέσθω,
2915 3391 3051 3444 ἀλλὰ
3076 3392 3137 3445 τδ
3171 3394 3283 3449 σόν.
3320 3412 3339 3445 ι
3378 3395 3569 3465 Ἡμεῖς
3600 3395 3658 3448 δὲ
3691 3395 3816 3449 πολ-

2237 3479 2395 3543 λάκις
2425 3481 2474 3532 οἰ
2504 3481 2777 3551 ἄνθρωποι
2809 3482 3107 3552 αἰτούμεθά
3136 3501 3258 3538 τινα
3294 3486 3445 3557 παρὰ
3477 3486 3635 3550 Θεοῦ,
3661 3488 3814 3558 νομί-

2239 3570 2422 3634 ζοντες
2452 3572 2623 3625 ταῦτα
2663 3574 2793 3643 ἡμῖν
2823 3574 3124 3646 συμφέρειν
3147 3614 3163 3638 ,
3200 3577 3295 3629 καὶ
3319 3577 3679 3648 τυγχάνοντες
3703 3578 3813 3649 (72)

2236 3662 2330 3714 τοῦ
2356 3664 2689 3733 αἰτήματος,
2716 3664 3042 3736 εὑρίσκομεν
3074 3667 3171 3738 τὴν
3196 3667 3385 3722 τούτου
3418 3669 3641 3723 ἑκϐασιν
3674 3672 3812 3725 πάνυ

2236 3756 2383 3825 ἡμᾶς
2406 3756 2853 3826 καταϐλάψασαν.
2878 3758 3037 3813 Ὅθεν
3061 3760 3136 3823 ὼς
3161 3760 3518 3833 προγνώστης
3538 3766 3567 3816 ὁ
3587 3765 3811 3835 Κύριος,

2234 3847 2304 3900 τὰ
2348 3847 2479 3919 τέλη
2521 3849 2627 3901 τῶν
2673 3850 3010 3921 πραγμάτων
3063 3852 3457 3924 ἐπιστάμενος,
3509 3857 3813 3926 παρακούει

2235 3938 2496 4003 πολλάκις
2522 3940 2623 4010 τῆς
2638 3942 2957 4012 προσευχῆς
2995 3944 3153 4015 ήμῶν
3182 3946 3257 4009 ὡς
3286 3947 3491 4016 ἀγαθὸς
3510 3949 3572 4001 τὸ
3602 3949 3814 4020 συμφέ-

2237 4047 2327 4101 ρον
2349 4033 2482 4101 ἡμῖν
2509 4033 2619 4103 (75)
2650 4035 3189 4106 πραγματευόμενος.
3221 4038 3384 4092 Ὅθεν
3414 4040 3473 4092 ού
3497 4040 3663 4093 καλὸν
3698 4040 3814 4111 βιά-

2234 4122 2423 4187 ζεσθαι
2461 4126 2553 4179 τὸν
2598 4126 2729 4178 Θεὸν
2778 4129 2835 4180 ὲν
2881 4131 2995 4192 τοῖς
3032 4130 3330 4201 αἰτήμασιν
3372 4132 3560 4203 ἡμῶν,
3592 4133 3709 4186 ἀλλ’
3735 4134 3810 4196 ὡς

2233 4214 2588 4287 ἐδιδάχθημεν
2629 4217 2923 4289 εῠχεσθαι.
2966 4222 3060 4275 καὶ
3091 4222 3273 4292 ζητεῖν
3316 4223 3388 4294 μὴ
3415 4224 3476 4277 τὸ
3517 4225 3805 4296 ἡμέτερον,

2232 4306 2370 4360 ἀλλὰ
2391 4309 2451 4362 τὸ
2476 4308 2569 4364 τοῦ
2590 4310 2724 4363 Θεοῦ
2750 4312 2958 4383 θέλημα
2985 4315 3255 4382 γενέσθαι.
3278 4315 3432 4368 Θέλει
3455 4316 3567 4388 γάρ
3594 4318 3809 4380 πάντως

2233 4398 2442 4464 πάντας
2477 4402 2743 4474 σωθῆναι,
2775 4405 2869 4458 καὶ
2898 4407 3126 4478 παρέχει
3155 4410 3285 4479 ἡμῖν
3315 4409 3385 4462 τά
3423 4412 3505 4473 εἰς
3533 4411 3807 4481 ἡμετέραν

2235 4493 2506 4562 σωτηρίαν
2537 4494 2898 4550 συντείνοντα.

628 4558 851 4627 Ουιετ.
897 4561 1159 4619 CXXXII.
1205 4563 1263 4621 Si
1303 4567 1429 4638 quis
1485 4584 1598 4624 rem
1632 4572 1945 4643 quampiam
1991 4574 2121 4628 velit

2299 4558 2491 4653 Έρὶδτ.
2522 4584 2653 4655 ρλβ’.
2691 4586 2819 4640 Ἐάν
2860 4604 2946 4651 τις
2979 4587 3334 4662 βουλεύσηται
3386 4594 3624 4664 πρᾶγμα
3655 4594 3807 4665 ποιῆ-

556 4666 739 4725 agere,
765 4654 1036 4710 undenam
1059 4674 1221 4715 nosse
1244 4661 1440 4731 possit,
1465 4671 1682 4733 gratum
1708 4664 1824 4720 fore
1848 4666 1957 4721 Deo
1981 4668 2129 4737 quod

556 4744 751 4799 statuit
782 4748 976 4818 agere?

624 4833 789 4893 Bssp.
830 4838 1138 4897 Paucorum
1168 4852 1327 4900 vaute
1349 4845 1631 4901 hominum
1654 4854 1763 4912 est,
1791 4848 1846 4902 in
1869 4849 2127 4905 omnibus

553 4941 677 4997 quae
710 4943 869 5001 agere
900 4932 1230 4998 deliberant.
1286 4947 1441 4992 certo
1483 4951 1647 4993 nosse
1693 4954 1824 4993 num
1860 4938 1970 4995 Deo
2005 4943 2125 5010 pla-

552 5028 675 5075 ceat
710 5023 856 5092 quod
890 5025 1093 5095 agitur.
1125 5027 1383 5084 Attamen
1423 5044 1489 5084 ex
1519 5029 1587 5084 iis
1611 5046 1734 5100 quae
1767 5031 2038 5087 habentur
2067 5034 2122 5089 in

550 5110 753 5167 divinis
786 5110 1109 5183 Scripturis,
1141 5124 1197 5171 et
1223 5133 1346 5187 quae
1374 5127 1608 5188 egerunt
1632 5124 1830 5181 sancti.
1865 5125 2125 5193 pleraque

550 5217 674 5272 qua:
727 5218 830 5259 nos
866 5214 1136 5274 spectant,
1176 5223 1474 5277 possumus
1510 5211 1788 5281 conjicere
1829 5230 1960 5270 num
2013 5215 2123 5271 Deo

2236 4691 2346 4738 σαι,
2379 4675 2542 4728 πόθεν
2569 4676 2773 4745 ὀφείλει
2804 4678 3125 4748 ἐπιγνῶναι,
3160 4682 3241 4735 ὅτι
3267 4682 3561 4756 θεάρεστόν
3587 4689 3754 4753 ἐστιν,
3776 4686 3805 4739 ὀ

2237 4766 2457 4836 ποιῆσαι
2486 4766 2753 4836 ἐσκέψατο
2768 4785 2784 4834 ;

2301 4860 2490 4913 ’Δπόκ.
2518 4860 2745 4929 Ὀλίγων
2790 4862 2907 4916 ἐστὶ
2936 4862 3056 4919 λίαν
3083 4866 3295 4937 ἀνδρῶν
3317 4868 3379 4921 τό
3406 4868 3519 4938 (74)
3546 4871 3607 4924 ὲν
3642 4874 3802 4926 πᾶσιν

2227 4948 2484 5012 ἀπλανῶς
2533 4952 2645 5014 τοῖς
2689 4951 2896 5006 ἑαυτῶν
2946 4953 3305 5027 βουλεύμασιν
3360 4960 3709 5026 ἐπίστασθαι,
3754 4963 3802 5015 εἰ

2229 5037 2519 5110 θεάρεστόν
2565 5044 2681 5096 ἐστι
2723 5044 2785 5097 τὸ
2821 5045 3124 5117 γινόμενον.
3171 5050 3436 5120 Μέντοιγε
3483 5054 3548 5105 ὲκ
3581 5055 3690 5107 τῶν
3744 5055 3802 5107 ὲν

2227 5133 2348 5195 ταῖς
2380 5130 2552 5196 θείαις
2580 5134 2821 5204 Γραφαῖς
2865 5138 3188 5209 εἰρημένων,
3219 5142 3314 5195 καὶ
3353 5146 3465 5207 τοῖς
3501 5145 3681 5213 ἁγίοις
3708 5161 3801 5199 πε-

2230 5222 2583 5293 πραγμένων,
2608 5226 2675 5279 τὰ
2702 5226 2869 5280 πολλὰ
2895 5228 3004 5282 τῶν
3037 5232 3155 5285 καθ’
3182 5234 3328 5303 ἡμᾶς
3351 5234 3725 5307 στοχαζόμεθα
3750 5237 3797 5288 εἰ

505 5373 515 5419 ι
620 5356 689 5391 ⁸⁸·
724 5356 881 5415 Joan.
916 5375 1053 5426 xm,
1090 5360 1146 5417 8.
1221 5362 1267 5395 ⁸⁵
1306 5361 1495 5420 Matth.
1529 5381 1606 5430 ri,
1644 5366 1731 5423 IO.
1804 5368 1851 5400 “
1889 5367 2021 5425 Luc.
2059 5387 2209 5438 xm,
2244 5372 2334 5428 42.

620 5533 734 5674 ξῚθ)
772 5535 906 5595 Vide
932 5541 1309 5623 Qhrysostom.
1333 5549 1388 5601 in
1421 5549 1616 5609 Matth.

643 5604 731 5674 7i)
770 5606 847 5663 Ita
883 5612 1106 5674 quidam
1156 5633 1293 5674 mss.
1320 5618 1464 5674 Editi
1495 5638 1616 5674 vero

548 5604 731 5725 MlSOI)
770 5606 847 5663 Ita
883 5604 1106 5679 quida'm
1156 5633 1293 5675 mss.
1320 5618 1464 5674 Editi
1495 5604 1646 5688 vero,
1677 5622 1850 5697 θυμοῦ
1884 5626 1978 5680 καὶ
2026 5625 2120 5697 δρ-

622 5743 735 5816 (72)
761 5743 838 5802 Ita
864 5747 994 5823 Reg.
1022 5752 1076 5808 2.
1109 5753 1275 5821 Editi,
1300 5757 1734 5829 ἐντυγχάνοντες.

2294 5558 2411 5625 ’(75)
2446 5556 2534 5613 Sic
2560 5562 2921 5633 manuscripti
2944 5564 3188 5634 quidam.
3225 5563 3284 5620 In
3322 5566 3490 5623 editis
3536 5568 3676 5636 liter,
3722 5567 3794 5633 ιἰς

2294 5626 2429 5681 ἀθὺς
2459 5628 2519 5681 τὸ
2544 5632 2820 5681 συιιωέοον
2842 5636 2994 5681 ἡμῖν-
3026 5636 3243 5681 demunt-

2228 5632 2429 5696 αγαθὺς
2459 5632 2519 5681 τὸ
2544 5632 2820 5713 συμφέρον
2842 5632 3245 5717 ἡμῖνκόεειιηι.
3661 5632 3671 5636 ’
3776 5632 3783 5633 ί

2223 5696 2751 5837 ἀνὲἔέζῐὲέξεειυε
2780 5704 2836 5757 2.
2882 5703 3021 5759 hdttt
3065 5720 3212 5771 vero,
3264 5705 3465 5774 ὀλίγοις
3514 5709 3635 5763 ἐστὶ
3677 5708 3794 5765 λίαν

2454 5786 2580 5823 των.
