4088 6382
277 354 375 416 C-SI

1231 357 1688 427 QUJESTIONES
1741 357 1832 410 AD
1872 353 2272 412 ANTIOCHUM
2312 355 2565 411 nucem.
2611 339 2614 342 λ

3407 355 3512 411 68‘!

279 471 384 524 εἰσὶ
425 469 696 542 Θεάρεστα
727 472 858 543 (75).
890 474 999 526 Kal.
1023 472 1181 527 τοῦτο
1205 473 1262 527 δέ
1293 489 1450 538 ’τινες
1487 475 1850 544 ἐπετήρησαν,

1968 469 2064 524 sint
2105 478 2346 540 accepta.
2379 469 2432 524 Id
2461 484 2590 525 vero
2632 467 2875 522 nonnulli
2915 467 3292 533 observarunt,
3346 470 3413 524 ad
3446 487 3511 524 ea

279 562 464 633 ὅτιπερ
486 563 588 615 ὅσα
617 565 752 616 εἰσιν
777 565 1108 618 εύαπόδεκτα
1126 564 1203 636 τῷ
1223 565 1363 636 Θεῷ,
1377 567 1439 619 ού
1466 567 1624 637 μόνον
1645 568 1673 618 ὁ
1695 566 1844 628 Θεὸς,

280 656 412 708 ἀλλὰ
437 656 534 708 καὶ
560 657 762 727 πᾶσαή
796 657 969 720 κτίσις
1000 659 1272 728 συνεργεῖ,
1304 659 1397 710 καὶ
1425 658 1738 727 συνέρχεται
1771 660 1849 718 εἰς

275 745 454 809 μύτὰ·
492 745 684 818 ῶσπερ
714 749 793 810 εἰς
817 748 886 801 τὰ
930 747 1007 818 τῷ
1044 748 1162 818 Θεῷ
1201 749 1585 817 ἁπαρέσκοντα
1633 749 1694 799 ού
1727 747 1849 799 δου-

281 838 443 900 λεύει,
477 838 616 892 ἀλλά
643 840 1040 894 ἀντιτάσσεται.
1075 837 1245 892 Τοῦτο
1271 838 1326 890 δὲ
1356 839 1573 901 πάντως
1603 838 1849 891 ἀπαιτεῖ-

283 947 369 983 ται
396 931 425 982 ὁ
469 929 774 1001 ἄνθρωπος,
805 932 890 982 ἵνα
930 930 1064 1000 πρὸς
1092 928 1225 983 Θεοῦ
1263 930 1620 1000 εὐαρέστησιν
1649 929 1846 994 πάντα,

284 1022 380 1076 ὅσα
407 1023 659 1092 πράττει,
695 1021 1067 1094 βουλεύσηται.
1729 1091 1736 1098 Ι

356 1110 547 1183 Ἐρώτ.
601 1111 735 1180 ρλγῖ
784 1113 1197 1184 Προειρήκαμεν
1247 1114 1304 1166 ὲν
1362 1115 1474 1176 τοῖς
1523 1111 1848 1183 ἔμπροσθεν,

285 1202 469 1273 ὅτιπερ
491 1205 570 1265 εἰς
591 1203 621 1255 ὃ
646 1204 1117 1275 καταληφθήσεται
1140 1204 1422 1275 ἄνθρωπος
1445 1207 1504 1257 ὲν
1532 1206 1612 1274 τῷ
1638 1205 1852 1274 θανάτῳ

289 1294 470 1358 αύτοῦ,
493 1295 570 1358 είς
592 1295 726 1347 αὐτὸ
753 1296 846 1348 καὶ
869 1296 1185 1366 ἀπέρχεται,
1202 1295 1311 1348 εἴτε
1341 1297 1528 1367 ἀγαθῷ
1547 1298 1654 1349 εἴτε
1677 1295 1848 1365 κακῷ.

307 1386 411 1439 Εὰν
437 1381 530 1439 οὗν
560 1403 650 1449 τις
677 1386 772 1440 καὶ
799 1388 1010 1458 πονηρά
1038 1388 1130 1440 καὶ
1177 1389 1357 1456 ἁγαθά
1401 1391 1634 1461 ποιήσας
1673 1390 1855 1442 τελευ-

291 1478 448 1551 τήσῃ,
482 1478 534 1531 τί
563 1477 666 1550 χρὴ
698 1480 827 1550 περὶ
853 1479 1017 1532 αὐτοῦ
1043 1479 1352 1548 λογίζεσθαι
1383 1497 1398 1545 ;

371 1565 556 1618 Ἀπόκ.
585 1565 748 1636 Μόνῳ
780 1567 897 1638 Θεῷ
929 1567 1193 1635 ἔγνωσται
1223 1568 1382 1621 τοῦτο
1404 1585 1418 1598 ·
1454 1571 1578 1623 ἐπεὶ
1605 1568 1729 1624 οὔτε
1761 1572 1856 1624 ἁν-

295 1655 490 1728 θρώπῳ
509 1656 632 1710 οὔτε
653 1658 890 1728 ἀγγέλῳ.
919 1659 1038 1711 Εἰσὶ
1057 1659 1165 1730 γάρ
1193 1677 1315 1713 τινα
1346 1661 1491 1714 κακά
1514 1661 1856 1714 καλύπτοντα

300 1747 464 1818 μικρά
504 1748 712 1816 ἀγαθά·
765 1749 856 1802 καί
889 1749 994 1802 εἰσί
1039 1767 1158 1804 τινα
1185 1751 1361 1819 ἀγαθά
1391 1751 1730 1806 καλύπτοντα
1761 1753 1855 1806 καὶ

1952 561 2181 630 agenda,
2228 578 2349 632 quae
2386 561 2494 616 Deo
2531 569 2658 616 sunt
2691 567 2935 630 accepta,
2973 575 3083 613 non
3134 560 3310 614 solum
3343 558 3510 616 Deum

1953 651 2232 721 adjuvare,
2275 652 2371 708 sed
2400 653 2706 707 universam
2741 653 2903 706 etiam
2931 665 3258 706 concurrere
3301 659 3355 706 et
3381 668 3512 706 con-

1953 743 2164 811 spirare
2209 751 2484 808 naturam,
2537 741 2990 812 quemadmodum
3040 741 3094 795 in
3124 741 3352 811 iisquae
3401 741 3514 795 Deo

1951 834 2262 903 displicent,
2303 851 2408 888 non
2462 837 2706 890 serviunt
2747 837 2840 891 sed
2875 844 3199 906 repugnant.
3243 835 3299 890 Id
3331 842 3510 888 autem

1951 929 2179 982 omnino
2209 929 2278 982 ab
2300 928 2517 983 homine
2544 929 2798 998 exigitur,
2825 935 2882 981 ut
2916 943 3251 998 qumcunque
3276 927 3419 998 agit,
3444 928 3510 980 ad

1953 1017 2062 1073 Deo
2091 1019 2411 1088 placendum
2443 1020 2642 1088 agenda
2671 1021 2981 1090 prospiciat.

2024 1111 2245 1178 Qumsr.
2292 1111 2572 1166 CXXXIII.
2617 1111 2801 1181 tSupra
2851 1113 3088 1169 diximus
3121 1113 3299 1184 qualis
3349 1112 3514 1164 homo

1957 1201 2009 1253 in
2051 1210 2222 1256 morte
2253 1203 2622 1270 deprehensus
2657 1200 2844 1265 fuerit,
2880 1203 3040 1256 talem
3078 1204 3357 1266 decedere,
3402 1205 3517 1258 sive

1955 1293 2155 1348 bonum
2187 1297 2301 1350 sive
2331 1296 2552 1349 malum.
2593 1294 2648 1349 Si
2680 1296 2804 1365 quis
2837 1311 2966 1365 ergo
2991 1303 3112 1365 post
3139 1307 3260 1350 acta
3292 1305 3345 1351 et
3374 1297 3515 1351 bona

1955 1398 2008 1443 et
2038 1389 2176 1442 mala
2203 1389 2487 1454 moriatur,
2517 1389 2649 1458 quid
2670 1389 2736 1444 de
2767 1389 2860 1442 illo
2891 1388 3230 1443 sentiendum
3262 1390 3388 1444 est?

2025 1566 2181 1639 247
2217 1566 2376 1623 Resp.
2410 1567 2462 1622 III
2489 1568 2588 1624 soli
2623 1567 2732 1624 Deo
2761 1576 2947 1624 notum
2976 1577 3094 1624 est:
3127 1583 3252 1621 nam
3277 1575 3330 1622 et
3355 1567 3517 1620 homo

1955 1666 2011 1713 et
2034 1661 2255 1730 angelus
2289 1662 2521 1731 ignorat.
2559 1661 2812 1727 Quaedam
2839 1661 2990 1716 enim
3010 1667 3137 1716 sunt
3159 1660 3297 1713 mala
3321 1659 3520 1728 quibus

1961 1765 2127 1820 parva
2168 1751 2308 1806 bona
2339 1753 2770 1807 absconduntur.
2807 1751 3069 1808 Similiter
3104 1751 3348 1823 quaedam
3391 1759 3522 1804 sunt

295 1813 639 1908 ἐξαλείφοντα
662 1841 873 1910 μεγάλα
902 1842 1134 1913 πονηρά.
1162 1813 1246 1896 rei
1289 1843 1345 1896 δὲ
1398 1845 1643 1914 κρίματα
1689 1844 1860 1898 ταῦτα

1968 1813 2104 1895 bona
2135 1843 2334 1912 quibus
2373 1859 2565 1914 magna
2606 1845 2746 1897 mala
2794 1813 3137 1915 obtcguntur.
3156 1851 3210 1900 et
3247 1841 3519 1898 delentur.

301 1946 320 1980 ι
351 1929 587 1994 ἄϐυσσος
611 1929 800 2002 πολλή.
844 1949 864 1983 ι

375 2020 566 2093 Ἐρώτ.
622 2021 754 2094 ρλδθ.
804 2022 991 2089 Ἔδοξέ
1019 2040 1128 2077 τισι
1159 2026 1516 2096 ματαιόφροσι
1554 2023 1733 2094 λέγειν
1778 2025 1860 2077 ὅτι

297 2114 442 2168 οὐδὲν
467 2113 720 2186 διαφέρει
760 2115 854 2168 τοῦ
907 2117 1137 2187 κτήνους
1167 2118 1196 2169 ὁ
1234 2118 1537 2188 ἄνθρωπος,
1581 2117 1697 2170 ἀλλ’
1728 2116 1803 2180 ὡς
1830 2118 1860 2169 ὁ

296 2207 518 2271 θάνατος
549 2206 643 2261 τοῦ
674 2209 923 2279 κτήνους,
951 2208 1122 2273 οὕτως
1165 2210 1282 2262 ἐστὶ
1331 2211 1423 2263 καὶ
1453 2212 1482 2262 ὁ
1513 2209 1737 2272 θάνατος
1769 2210 1861 2262 τοῦ

295 2295 577 2368 ἀνθρώπου
613 2297 687 2369 μὴ
716 2298 931 2368 ἔχοντός
956 2316 1079 2352 τινα
1122 2300 1297 2370 ψυχῆς
1336 2300 1521 2353 οὐσίαν
1575 2299 1860 2354 ἀθάνατον.

295 2389 400 2442 Καὶ
428 2387 559 2460 γὰρ,
594 2390 782 2459 φησὶν,
815 2392 844 2444 ὁ
873 2391 1155 2463 ἄνθρωπος
1198 2393 1290 2446 καὶ
1333 2392 1394 2446 τὸ
1420 2395 1612 2464 κτῆνος
1664 2392 1865 2462 ὁμοίως

297 2479 635 2551 Θνήσκουσιν,
666 2479 1025 2553 ἐξερχομένου
1055 2484 1150 2537 καὶ
1167 2484 1490 2555 κενουμένου
1514 2482 1606 2536 τού
1635 2483 1864 2554 αἵματος

297 2573 493 2628 αὐτῶν.

371 2660 559 2717 ’Λπόκ.
587 2664 694 2718 Τοῦ
732 2666 961 2736 αἵματος
1012 2667 1045 2737 ή
1097 2665 1258 2736 φύσις
1291 2666 1444 2738 παρὰ
1478 2667 1577 2738 μὲν
1601 2672 1715 2733 τοῖς
1744 2670 1868 2723 ἀλὸ-

293 2772 405 2823 γοις
435 2756 595 2809 οὐσία
628 2757 712 2820 τίς
744 2759 860 2810 ἐστι
895 2757 1120 2828 ζωτικὴ,
1146 2759 1240 2812 καὶ
1281 2758 1388 2811 τῶν
1432 2758 1632 2813 λοιπῶν
1659 2762 1866 2833 τριτῶν

295 2847 570 2918 στοιχείων
598 2850 894 2920 συστατική
918 2866 932 2879 ο
991 2842 1199 2913 οὗτινος
1245 2851 1306 2902 τὸ
1340 2849 1474 2913 ζῶον
1507 2852 1867 2924 στερούμενον

293 2935 536 3006 Θνήσκει,
569 2938 735 3010 μηδὲν
778 2938 962 2992 λοιπὸν
990 2941 1054 2993 ἐκ
1080 2941 1187 2993 τῶν
1216 2942 1380 3011 τριῶν
1414 2943 1704 3012 στοιχείων,
1727 2944 1870 3012 ὠφε-

292 3027 573 3100 λούμενον,
606 3031 756 3102 παρὰ
787 3032 846 3084 δὲ
877 3035 942 3104 τῇ
975 3033 1097 3086 καθ’
1119 3036 1267 3104 ἡμᾶς
1317 3035 1476 3103 φύσει
1518 3039 1584 3106 τῇ
1616 3037 1806 3107 λογικῇ
1833 3039 1864 3107 ἡ

1962 1930 2087 1987 Hace
2133 1943 2310 1989 autem
2341 1934 2569 2003 judicia,
2607 1954 2625 1986 ι
2663 1937 2894 2006 abyssus
2925 1936 3115 1992 multa.
3155 1954 3174 1987 ι

2031 2025 2252 2090 Quas-1'.
2293 2024 2578 2080 CXXXIV.
2629 2024 2798 2080 Vanis
2843 2026 3168 2096 quibusdam
3215 2025 3526 2083 hominibus

1962 2113 2144 2170 dicere
2182 2117 2358 2171 visum
2405 2123 2490 2170 est
2541 2115 2674 2170 nihil
2724 2117 2998 2171 hominem
3035 2118 3175 2171 inter
3204 2125 3258 2172 et
3292 2117 3527 2172 helluam

1964 2207 2250 2270 interesse,
2281 2207 2374 2262 sed
2403 2207 2580 2276 qualis
2609 2217 2690 2263 est
2713 2207 2966 2262 interitus
2986 2208 3198 2270 belluas,
3223 2208 3385 2262 talem
3407 2223 3530 2263 esse

1963 2299 2201 2354 hominis
2229 2299 2530 2360 interitum,
2557 2299 2753 2368 quippe
2784 2299 2876 2369 qui
2913 2314 3020 2352 non
3046 2297 3242 2353 habeat
3272 2298 3529 2352 substan-

1965 2391 2094 2445 tiam
2127 2392 2320 2446 anima:
2360 2391 2751 2458 immortalem;
2799 2392 3027 2456 scilicet,
3061 2391 3334 2460 inquiunt,
3369 2392 3531 2446 homo

1963 2490 2016 2539 et
2049 2483 2226 2538 bellua
2261 2483 2448 2538 eodem
2475 2485 2635 2538 modo
2677 2485 2973 2547 intereunt,
3006 2499 3131 2538 cum
3165 2485 3422 2539 nimirum
3447 2483 3531 2540 cf-

1964 2572 2185 2627 ﬂuxerit
2207 2580 2260 2626 et
2288 2581 2585 2627 evacuatus
2613 2573 2776 2627 fuerit
2806 2574 3050 2644 ipsorum
3081 2577 3326 2644 sanguis.

1968 2678 1985 2710 ι
2037 2664 2199 2720 Ilesr.
2239 2663 2472 2734 Sanguis
2508 2672 2699 2718 natura
2742 2665 2796 2719 in
2825 2665 3020 2720 belluis
3057 2666 3359 2721 substantia
3385 2681 3535 2736 qua:-

1967 2754 2091 2809 dam
2124 2755 2306 2809 vitalis
2345 2763 2398 2810 et
2443 2755 2695 2810 animalis
2724 2764 2829 2818 est,
2869 2772 2988 2826 qua:
3029 2763 3223 2810 caetera
3275 2757 3380 2810 tria
3423 2758 3535 2812 ele-

1969 2855 2151 2901 menta
2190 2847 2488 2905 contineat.
2541 2863 2650 2917 quo
2703 2849 2748 2902 si
2785 2848 2986 2901 animal
3023 2849 3288 2917 privatur,
3324 2849 3534 2912 interit,

1969 2938 2212 3008 nihilque
2235 2939 2347 3007 jam
2373 2939 2560 2992 auxilii
2592 2939 2822 3009 percipit
2852 2940 2922 2994 ab
2944 2941 3068 2996 aliis
3099 2940 3277 2996 tribus
3300 2942 3535 2996 elemen-

1970 3029 2062 3084 tis.
2096 3029 2155 3084 In
2188 3032 2347 3086 nobis
2374 3038 2576 3092 autem.
2617 3047 2850 3100 quorum
2883 3039 3078 3086 natura
3115 3034 3397 3088 rationalis
3427 3041 3534 3098 est,

291 3121 385 3175 τοῦ
414 3123 647 3194 αἵματος
669 3124 830 3193 φύσις
863 3124 1156 3197 σύνδεσμύς
1179 3128 1293 3180 ἐστι
1334 3129 1432 3198 τῆς
1459 3128 1636 3201 ψυχῆς
1658 3130 1752 3184 καὶ
1775 3130 1868 3183 τοῦ

1972 3121 2255 3191 sanguinis
2283 3132 2474 3176 natura
2504 3122 2783 3177 vinculum
2815 3131 2900 3178 est
2937 3125 3129 3179 anima:
3173 3134 3227 3180 et
3266 3125 3536 3195 corporis.

297 3211 568 3284 σώματος,
604 3216 701 3268 καὶ
739 3217 1138 3287 ἀφαιρουμένου
1169 3218 1262 3272 τοῦ
1301 3220 1625 3292 συνδέσμου,
1657 3222 1866 3296 ἀνάγκη

297 3308 444 3359 πᾶσα
475 3308 574 3360 καὶ
607 3307 677 3361 τὰ
706 3307 1062 3379 συνδεδεμένα
1092 3311 1446 3380 χωρίζεσθαι.

375 3399 572 3471 Ἐρὼτ.
643 3398 768 3471 ρλε’.
807 3400 1038 3466 Καλῶς·
1087 3402 1289 3475 φυσικὴ
1339 3403 1448 3477 γὰρ
1497 3406 1530 3475 ἡ
1578 3406 1866 3472 ἀπόδειξις.

303 3493 487 3562 Ὅμως
523 3491 712 3564 ἐπειδῆ
741 3492 858 3558 ζῶα
889 3493 982 3547 καὶ
1015 3492 1290 3564 ἅνθρωποι
1327 3495 1637 3560 τελευτῶσι,
1676 3499 1871 3552 πολλὰ-

302 3599 385 3646 κις
401 3585 494 3640 καὶ
513 3585 645 3638 ἄνευ
661 3583 946 3649 κενώσεως
973 3585 1222 3656 αἵματος,
1251 3585 1302 3639 τί
1323 3588 1437 3640 ἐστι
1461 3586 1520 3640 τό
1548 3589 1675 3659 παρ’
1695 3590 1874 3643 αὐτῶν

303 3674 656 3747 ἐξερχόμενον
690 3675 782 3729 καὶ
807 3675 992 3728 ποιοῦν
1019 3675 1110 3729 τὸν
1143 3675 1406 3742 θάνατον;

379 3766 568 3823 Ἀπὸκ.
602 3769 760 3840 Παρὰ
794 3768 892 3840 μὲν
916 3772 1027 3833 τοῖς
1056 3769 1329 3841 ἀλόγοιςή
1361 3768 1586 3841 ζωτικὴ,
1622 3773 1716 3824 καὶ
1749 3771 1874 3844 θρε-

305 3859 486 3930 πτικὴ,
511 3862 606 3914 καὶ
637 3859 994 3932 θερμαντικὴ,
1027 3862 1121 3914 καὶ
1164 3861 1437 3932 κινητικὴ,
1475 3863 1570 3916 καὶ
1609 3861 1873 3936 αὐξητικὴ

303 3949 392 4003 τοῦ
421 3952 673 4022 αἵματος,
704 3954 740 4022 ἡ
773 3953 838 4005 ἐκ
863 3952 1031 4024 πυρδς
1054 3951 1288 4025 ύπάρχει
1313 3953 1578 4024 ἐνέργεια.
1613 3955 1646 4025 ὴ
1676 3955 1769 4007 καὶ
1813 3955 1874 4008 τὸ

304 4042 556 4095 ἀναπνεῖν
582 4043 767 4107 αὐτοῖς
785 4043 1116 4114 παρέχουσα.
1139 4045 1350 4114 Ὥσπερ
1373 4046 1482 4115 γὰρ
1509 4046 1538 4097 ὁ
1579 4045 1743 4116 λέϐης
1771 4047 1875 4100 ὑπὸ

306 4135 469 4206 πυρὸς
491 4135 784 4208 καιόμενος
813 4134 874 4187 τὸ
905 4137 962 4187 ἐν
985 4135 1130 4206 αὐτῷ
1164 4134 1308 4205 ὓδωρ
1338 4138 1478 4188 κινεῖ
1515 4136 1608 4190 καὶ
1649 4137 1837 4208 βράζει
1857 4155 1871 4168 ·

308 4229 608 4298 παυομένου
643 4229 699 4281 δὲ
723 4227 817 4281 τοῦ
851 4229 1041 4299 πυρὸς,
1059 4229 1248 4300 νεκρὸν
1273 4228 1455 4282 λοιπὸν
1475 4231 1568 4282 καὶ
1601 4231 1873 4303 ἀκίνητον,

306 4318 396 4371 καί⁸
414 4318 618 4389 ψυχρὸν
648 4319 712 4372 τὸ
746 4318 890 4390 ὕδωρ
917 4319 1154 4388 γίνεταιο
1191 4320 1331 4373 οὕτω
1361 4321 1454 4373 καὶ
1503 4321 1594 4374 ἐπὶ
1643 4322 1743 4389 τῆς
1767 4323 1875 4375 τῶν

307 4410 510 4479 ἀλόγων
539 4411 757 4479 φύσεως
783 4411 878 4464 καὶ
903 4411 1001 4482 τῆς
1020 4409 1220 4474 ζέσεως
1247 4412 1340 4464 τοῦ
1372 4412 1599 4482 αἵματος
1628 4413 1870 4482 γίνεσθαι

308 4501 509 4572 νόμιζε,
541 4503 636 4556 καὶ
656 4491 863 4572 ταύτην
884 4497 1022 4555 εἶναι
1047 4502 1145 4573 τὴν
1167 4504 1346 4556 αἰτίαν
1372 4506 1470 4574 τῆς
1507 4505 1684 4558 αὐτῶν
1729 4505 1873 4576 ζωῆς

309 4593 397 4644 καὶ
429 4595 719 4664 κινήσεως.
751 4590 1190 4657 Ἑξασθενοῦντος
1223 4589 1315 4646 οὖν
1364 4593 1458 4646 τοῦ
1503 4595 1751 4664 αἵματος,
1788 4613 1874 4648 νε-

310 4682 432 4753 κρὸν
456 4683 642 4736 λοιπὸν
673 4682 766 4736 καὶ
788 4681 1041 4752 ἀκίνητον
1079 4683 1140 4735 τὸ
1173 4684 1423 4754 κτῆνοςῆ
1457 4685 1517 4736 τὸ
1538 4685 1799 4749 πετεινὸν,
1839 4687 1872 4757 ἢ

309 4775 336 4827 ὁ
363 4775 509 4845 ἰχθὺς
543 4775 891 4828 καθίσταται.
947 4774 1068 4827 Ἐπὶ
1088 4775 1145 4828 δὲ
1165 4775 1265 4851 τῆς
1281 4775 1628 4846 ἀνθρωπίνης
1663 4775 1877 4846 φύσεως

311 4867 366 4919 ού
391 4869 548 4937 μόνον
583 4870 616 4938 ἡ
640 4867 792 4932 ζέσις
829 4866 924 4920 καὶ
945 4867 979 4936 ἡ
1014 4864 1192 4937 θέρμη
1217 4865 1313 4918 τοῦ
1337 4866 1567 4936 αἵματος
1594 4866 1671 4936 τῷ
1702 4865 1878 4937 καιρῷ

311 4957 398 5010 τοῦ
427 4957 658 5012 θανάτου
698 4956 1043 5029 χωρίζονται,
1077 4956 1212 5010 ἀλλά
1253 4957 1350 5010 σὺν
1383 4955 1564 5020 αὐτοῖς
1611 4957 1706 5009 καὶ
1730 4957 1873 5027 ψυχή

310 5063 387 5112 τις
406 5049 595 5121 λογική
619 5065 679 5101 τε
707 5048 805 5101 καὶ
826 5045 1142 5118 συστατικὴ,
1178 5045 1445 5108 ἀθάνατός
1471 5062 1530 5098 τε
1564 5046 1656 5099 καὶ
1693 5047 1874 5116 νοερά.

385 5140 576 5211 Ἑρῶτ.
613 5139 758 5211 ρλς’.
789 5138 928 5201 Τοὺς
957 5131 1034 5206 τῷ
1062 5136 1380 5208 Εύαγγελίῳ
1409 5137 1482 5207 μὴ
1524 5135 1879 5200 πιστεύοντας

313 5232 589 5304 Ἕλληνας,
625 5231 723 5284 καὶ
750 5230 848 5292 τὰς
868 5229 1017 5292 θείας
1045 5229 1226 5292 πάσας
1253 5229 1474 5299 Γραφάς
1493 5227 1878 5291 εύτελίζοντας,

310 5325 418 5388 πῶς
451 5325 650 5385 αὐτοὺς
665 5324 854 5376 πεῖσαι
886 5319 1192 5390 ὀφείλομεν,
1224 5321 1305 5372 ὅτι
1329 5319 1443 5372 ἐστι
1468 5317 1588 5384 θεὸς
1604 5317 1878 5381 ἄκτιστος,

308 5419 529 5488 ποιητὴς
558 5412 795 5488 ούρανοῦ
831 5413 928 5466 καὶ
955 5413 1077 5482 γῆς.
1111 5405 1188 5474 εἷς
1209 5413 1305 5465 καὶ
1337 5411 1517 5481 μόνος,
1543 5411 1634 5463 καὶ
1659 5410 1722 5462 ού
1751 5407 1882 5461 πολ-

307 5503 379 5558 λοί
408 5507 537 5570 θεοὶ,
569 5506 647 5570 ὠς
680 5505 841 5558 αὐτοὶ
863 5501 1205 5572 πλανώμενοι
1229 5502 1571 5573 νομίζουσινς

381 5600 567 5655 ’Λπόκ.
599 5600 741 5662 Τοὺς
765 5596 866 5660 τὰς
887 5595 1036 5658 Θείας
1068 5593 1288 5667 Γραφὰς
1334 5595 1415 5677 μὴ.
1455 5593 1778 5664 δεχομένους
1812 5590 1880 5706 ἐξ

1971 3229 2080 3283 quo
2114 3215 2380 3270 dissoluto
2408 3215 2647 3280 vinculo,
2683 3231 2908 3272 necesse
2947 3223 3032 3272 est
3075 3232 3138 3271 ea
3191 3232 3312 3288 quae
3347 3218 3537 3288 juncta

1972 3315 2101 3360 sunt
2125 3307 2386 3376 separari.

2041 3395 2264 3462 Quiesr.
2303 3395 2562 3452 CXXXV.
2601 3396 2766 3453 Recte
2800 3417 2812 3451 :
2849 3397 2964 3453 haec
3000 3398 3146 3454 enim
3171 3400 3417 3470 ,physica
3447 3400 3538 3454 deo

1972 3490 2296 3544 monstratio
2325 3500 2428 3543 est.
2462 3488 2714 3544 Attamen
2753 3505 2876 3543 cum
2919 3490 3174 3544 animalia
3207 3499 3264 3544 et
3294 3491 3539 3547 homines

1974 3595 2116 3650 saepe
2148 3581 2416 3634 intereant
2445 3580 2652 3649 absque
2683 3580 2965 3650 sanguinis
2994 3581 3278 3645 effusione,
3309 3581 3439 3650 quid
3460 3589 3538 3637 est

1972 3671 2119 3743 quod
2150 3672 2220 3725 ab
2251 3671 2360 3726 illis
2389 3669 2500 3724 exit
2529 3679 2584 3724 et
2614 3671 2806 3726 mortis
2842 3685 3006 3726 causa
3036 3671 3158 3726 est?

2045 3762 2208 3818 Rasr.
2249 3761 2308 3816 In
2342 3761 2541 3829 brutis,
2567 3760 2796 3817 facultas
2845 3763 3046 3825 vitalis,
3081 3762 3365 3827 nutritiva,
3395 3761 3539 3818 calo-

1973 3857 2073 3921 ris,
2111 3863 2313 3918 motus,
2351 3855 2650 3926 augmenti,
2687 3870 2808 3925 quae
2852 3855 2906 3909 in
2946 3856 3212 3926 sanguine
3241 3861 3346 3918 est,
3393 3870 3541 3926 qua:-

1973 3961 2081 4017 que
2107 3961 2172 4001 ex
2219 3945 2342 4016 igne
2373 3946 2482 3999 vim
2525 3946 2718 4016 agendi
2753 3945 2937 4008 habet,
2982 3961 3101 4016 qua:
3137 3953 3192 4001 et
3223 3961 3390 4002 causa
3435 3946 3542 4001 illis

1974 4049 2058 4095 est
2082 4038 2411 4109 respirandi.
2445 4036 2516 4092 Ut
2539 4039 2682 4092 enim
2718 4037 2863 4093 Iebes
2887 4040 3008 4108 igne
3029 4051 3291 4093 accensus
3325 4053 3545 4108 aquam,

1975 4147 2137 4202 quam
2164 4131 2427 4192 continet,
2458 4137 2637 4183 movet
2679 4127 2753 4181 ita
2789 4137 2850 4182 ut
2881 4128 3093 4188 bulliat,
3142 4128 3415 4182 exstincto
3453 4142 3543 4181 au-

1977 4231 2085 4277 tem
2120 4223 2263 4292 igne,
2301 4228 2516 4275 mortua
2549 4219 2684 4289 jam,
2716 4219 2938 4273 immota
2964 4226 3019 4273 et
3053 4219 3249 4289 frigida
3286 4220 3346 4272 fit
3383 4234 3546 4289 aqua.

1977 4313 2120 4368 Idem
2151 4313 2330 4384 cogita
2376 4311 2444 4367 de
2497 4311 2778 4366 brutarum
2837 4311 3195 4364 animantium
3243 4317 3438 4364 natura
3491 4317 3545 4364 et

1980 4406 2262 4476 sanguinis
2293 4403 2522 4465 fervore,
2554 4405 2803 4473 hancque
2831 4419 2953 4459 esse
2979 4417 3198 4457 causam
3235 4415 3423 4457 eorum
3461 4400 3545 4454 vi-

1977 4508 2043 4552 tae
2067 4505 2119 4552 et
2150 4508 2348 4552 motus.
2386 4495 2681 4552 Deficiente
2706 4498 2872 4568 igitur
2897 4495 3164 4565 sanguine
3193 4503 3406 4548 mortua
3430 4507 3545 4545 ma-

1976 4597 2108 4643 nent
2147 4603 2366 4658 pecora,
2389 4589 2640 4642 volucres
2674 4593 2728 4642 et
2755 4588 2954 4656 pisces.
2989 4585 3058 4638 At
3085 4584 3229 4654 quod
3257 4585 3547 4638 humanam

1978 4686 2188 4748 spectat
2228 4686 2502 4740 naturam,
2550 4692 2658 4730 non
2705 4677 2882 4730 solum
2922 4673 3104 4729 fervor
3129 4683 3184 4729 et
3227 4673 3378 4727 calor
3425 4685 3543 4725 san-

1979 4771 2181 4839 guinis,
2219 4771 2410 4824 mortis
2443 4777 2708 4838 tempore,
2756 4773 3118 4839 separantur;
3165 4765 3258 4821 sed
3289 4772 3547 4836 prasterea

1980 4862 2266 4916 rationalis
2307 4860 2556 4930 quardam
2599 4860 2780 4914 anima
2817 4867 2872 4915 et
2903 4857 3280 4921 constitutiva,
3328 4855 3545 4908 immor-

1982 4953 2110 5008 talis
2139 4960 2192 5006 et
2226 4952 2552 5022 intelligens.

2057 5126 2276 5193 Quasr.
2303 5121 2586 5179 CXXXVI.
2612 5122 2897 5189 Quomodo
2917 5121 3230 5192 gentilibus,
3260 5121 3353 5190 qui
3379 5118 3545 5174 Evan-

1986 5221 2126 5290 gelio
2146 5233 2256 5273 non
2281 5217 2510 5272 credunt
2538 5215 2860 5283 divinasque
2879 5227 3069 5268 omnes
3091 5211 3400 5290 Scripturas
3424 5211 3548 5265 flor-

1988 5311 2272 5373 cifaciunt,
2308 5309 2482 5379 possit
2519 5305 2835 5377 persuaderi
2880 5303 3048 5358 Deum
3081 5285 3551 5367 esséincreatum,

1984 5403 2108 5459 coeli
2137 5409 2191 5457 et
2221 5410 2384 5456 terra:
2411 5399 2685 5469 opificem,
2711 5411 2880 5450 unum
2907 5405 2961 5450 et
2984 5396 3187 5461 solum,
3216 5411 3324 5451 non
3357 5397 3551 5450 multos

1985 5496 2140 5560 deos,
2174 5501 2234 5547 ut
2260 5501 2508 5548 errantes
2536 5489 2642 5559 ipsi
2672 5487 3050 5542 arbitrantur?

2057 5586 2220 5642 Rssr.
2256 5583 2362 5639 Eos
2393 5581 2486 5654 qui
2519 5579 2734 5636 divinas
2768 5593 2877 5633 non
2901 5576 3193 5634 admittunt
3225 5573 3538 5647 Scripturas

369 5755 477 5830 (75)
515 5755 609 5814 Sic
638 5753 871 5826 quidam
899 5767 1030 5806 mss.
1061 5751 1202 5806 Editi
1231 5765 1382 5814 vero,
1413 5748 1573 5813 Θείως
1602 5743 1738 5802 εἶναι
1766 5745 2054 5817 θεάρεστα.

614 5853 900 5916 Parnm"
932 5847 1054 5908 Gn.
1079 5845 1381 5910 XXVIII.

3207 5827 3286 5886 22
