4088 6382
531 331 642 387 ωδ

1507 350 1538 396 ,ο
1582 325 1663 396 ξε.
1701 323 2162 382 ATHA‘NASIUS.
2201 353 2273 366 -—
2307 323 2576 382 SPURIA.

3661 324 3768 383 εει

535 460 604 500 ex
637 444 755 513 ipsa
784 455 963 498 rerum
991 445 1206 505 natura,
1240 438 1372 510 quid
1398 437 1608 506 debeo
1647 437 1992 493 sentiendum
2020 438 2092 492 sit

2195 437 2361 510 αὐτῆς
2377 439 2561 494 λοιπὸν
2585 437 2685 510 τῆς
2712 438 2821 494 τῶν
2852 441 3192 513 πραγμάτων
3231 437 3448 510 φύσεως
3495 436 3622 510 περὶ
3648 435 3768 491 θεο-

535 535 734 591 docere
770 532 1050 588 debemus.
1093 528 1228 585 Nam
1259 529 1402 585 inter
1433 544 1522 586 res
1551 537 1786 595 creatas,
1831 527 2099 600 quasdam

535 628 784 683 videmus
838 624 1126 687 essentias,
1167 637 1289 693 qua:
1323 637 1433 677 non
1477 621 1776 678 secundum
1818 628 2096 687 naturam,

535 721 632 777 sed
654 734 818 790 supra
842 725 1090 772 naturam
1111 715 1314 786 pariter
1330 714 1621 780 exsistunt.
1639 713 1883 783 Exempli
1910 727 2096 768 causa.

533 817 811 884 Aquarum
837 809 1076 865 essentia
1103 813 1297 862 natura
1320 813 1404 862 est
1426 805 1572 861 ﬂuxa
1596 813 1651 862 et
1679 805 1904 861 declivis
1928 823 1942 859 :
1967 819 2101 875 quo-

534 903 694 958 modo
721 915 849 972 ergo
871 900 1130 970 siphonas
1155 897 1272 970 (sic
1288 897 1523 970 vocant)
1573 897 1820 954 videmus
1857 912 1922 952 ex
1949 910 2098 950 mare

531 1008 726 1064 aquam
757 993 824 1046 ad
855 991 1030 1046 nubes
1059 988 1362 1046 attrahere?
1397 988 1555 1056 Quod
1586 995 1765 1044 autem
1806 987 2099 1042 admirabi-

531 1084 638 1141 lius
664 1090 769 1147 est,
800 1097 921 1154 qua:
943 1083 1090 1138 salsa
1119 1080 1442 1145 ascendunt,
1473 1080 1651 1135 dulcia
1691 1086 1879 1150 postea
1910 1078 1965 1132 in
1989 1085 2098 1132 ter-

532 1190 648 1231 ram
676 1191 770 1246 per
792 1175 996 1230 imbres
1027 1172 1402 1230 descendunt?
1443 1171 1722 1238 Quomodo
1750 1186 1942 1226 rursus
1971 1184 2094 1224 cum

530 1281 819 1337 corporum
879 1265 1072 1337 possit,
1120 1263 1297 1319 bulide
1342 1263 1510 1332 jacta,
1559 1271 1753 1316 natura
1803 1259 2092 1330 explorari,

531 1359 585 1412 in
619 1357 781 1413 undis
819 1355 1154 1411 Marmarirm
1181 1353 1536 1432 Pentapoleos
1579 1368 1678 1408 nec
1719 1350 1987 1422 penetrari
2027 1349 2095 1404 ad

531 1453 724 1514 imum,
762 1463 866 1504 nec
917 1448 1097 1504 bolide
1147 1455 1326 1518 potest
1375 1444 1726 1515 investigari?
1762 1441 1903 1510 Quin
1931 1443 2093 1497 etiam

528 1558 653 1596 cum
693 1555 837 1611 aqua
866 1550 921 1595 et
955 1541 1096 1610 ignis
1124 1539 1400 1595 contraria
1432 1539 1542 1592 sint
1569 1544 1784 1602 natura,
1820 1534 1983 1590 simul
2009 1541 2091 1586 ta-

528 1649 653 1689 men
681 1633 911 1688 invicem
933 1639 1087 1686 erant
1109 1633 1162 1684 in
1192 1629 1366 1702 Lycia:
1388 1635 1590 1691 monte,
1618 1643 1777 1697 quem
1805 1624 2090 1700 Olympum

527 1733 746 1790 vocant,
779 1724 1234 1794 quemadmodum
1268 1720 1691 1776 innumerabiles
1719 1719 1968 1774 viderunt
1996 1718 2094 1771 ho-

2199 532 2382 601 λογίας
2410 534 2593 586 πείσαι
2614 531 2920 603 ὀφείλομεν.
2964 535 3210 606 Ὁρῶμεν
3237 531 3350 603 γάρ
3387 547 3538 594 τινας
3578 528 3766 594 οὐσίας

2199 627 2257 678 ὲν
2288 625 2353 694 τῇ
2383 623 2559 678 κτίσει
2594 624 2654 677 οὑ
2708 623 2847 678 κατὰ
2885 625 3066 694 φύσιν,
3115 625 3229 680 ἀλλ’
3276 623 3420 692 ὑπὲρ
3453 621 3614 692 φύσιν
3646 622 3763 692 μετ’

2197 716 2441 788 ἀλλήλων
2471 716 2839 789 ὑπαρχούσας.
2878 715 3002 772 υἷόν
3045 736 3096 772 τι
3148 718 3316 786 λέγω.
3363 713 3528 768 Φύσει
3575 715 3610 785 ή
3655 713 3764 768 τῶν

2199 809 2405 864 ὑδάτων
2454 807 2612 863 οὐσία
2661 809 2917 882 ῥευστικῆ
2986 810 3080 863 καὶ
3125 807 3440 879 καταφερὴς
3491 805 3760 877 ὑπάρχει·

2199 899 2316 964 πῶς
2345 895 2434 954 οὖν
2461 898 2672 972 δρῶμεν
2695 901 2818 964 τοὺς
2842 901 3162 972 λεγομένους
3189 900 3427 968 σίφωνας
3454 899 3520 952 ὲκ
3541 897 3641 968 τῆς
3670 897 3766 952 θα-

2197 990 2399 1062 λάσσης
2431 989 2575 1062 ὔδωρ
2604 989 2703 1054 τὰς
2725 990 2952 1060 νεφέλας
2972 990 3296 1054 άνέλκοντας
3320 1005 3336 1055 ;
3371 989 3444 1042 Τὸ
3463 988 3522 1042 δὲ
3553 987 3762 1058 θαυμαο

2199 1078 2469 1155 στότέρον,
2496 1083 2599 1148 ὅτι,
2659 1083 2874 1156 ἁλμυρὰ
2912 1083 3291 1157 ἀνερχόμενα,
3337 1080 3542 1151 γλυκέα
3579 1078 3761 1133 λοιπὸν

2193 1174 2365 1230 ταῦτα
2393 1175 2486 1227 ἐπὶ
2511 1173 2615 1244 γῆς
2633 1174 2721 1228 διὰ
2750 1175 2858 1227 τῶν
2885 1174 3106 1246 ὄμϐρων
3131 1173 3508 1245 κατέρχονται.
3539 1169 3664 1234 Πῶς
3703 1169 3762 1224 δὲ

2195 1266 2355 1321 πάλιν
2381 1266 2477 1318 καὶ
2506 1266 2540 1335 ἡ
2583 1265 2692 1319 τῶν
2720 1265 2986 1338 σωμάτων
3003 1265 3259 1338 [ὑδάτων]
3283 1264 3465 1334 φύσις,
3485 1260 3760 1334 βολιστικὴ

2195 1357 2338 1414 κατὰ
2366 1357 2526 1428 φύσιν
2555 1359 2894 1429 ὑπάρχουσα,
2914 1359 3128 1429 ὁρᾶται,
3156 1357 3346 1420 ἄδυτος
3367 1357 3458 1410 καλ⁸
3481 1353 3760 1418 ἀύόλιστος

2192 1453 2252 1504 ἐν
2276 1452 2386 1514 τοῖς
2415 1449 2568 1504 ὕδασι
2599 1449 2699 1519 τῆς
2727 1449 3096 1520 Μαρμαρικῆς
3115 1448 3532 1511 Πενταπόλεωςς
3565 1446 3638 1500 ού
3664 1445 3761 1517 μό-

2193 1560 2282 1597 νον
2307 1542 2386 1606 δὲ,
2410 1540 2546 1594 ἀλλὰ
2567 1539 2674 1612 γὰρ
2696 1541 2795 1594 καὶ
2818 1540 3006 1604 ὓδατος
3038 1540 3132 1594 καὶ
3155 1539 3322 1612 πυρὸς
3347 1537 3560 1594 ἐναντία
3591 1539 3624 1608 ἡ
3655 1535 3742 1607 φύ·

2194 1653 2276 1700 σις
2299 1635 2635 1706 ὑπάρχουσα.
2661 1634 2720 1688 ὲν
2749 1632 2826 1704 τῷ
2847 1633 2964 1704 ἅμα
2992 1629 3082 1702 ἦν,
3109 1633 3200 1686 ὅτε
3244 1633 3302 1686 ὲν
3331 1631 3505 1703 Λυκίᾳ
3535 1629 3612 1700 τῷ
3644 1629 3758 1700 δρει

2191 1728 2270 1799 τῷ
2292 1727 2566 1798 λεγομένῳ
2602 1725 2878 1796 Ὀλύμπῳ,
2915 1723 3098 1786 καθὼς
3127 1722 3382 1794 μυριάδες
3409 1719 3616 1790 ἀνδρῶν
3660 1719 3761 1772 ἐω-

527 1818 743 1873 mines?
763 1816 976 1872 Inﬁnita
994 1816 1096 1870 alia
1123 1821 1250 1870 sunt
1273 1814 1360 1882 his
1379 1811 1577 1867 similia
1607 1811 1662 1865 in
1687 1826 1864 1866 rerum
1895 1817 2090 1863 natura

2198 1789 2434 1890 ράκασιξ
2459 1789 2570 1872 Καὶ
2599 1789 2744 1872 ἄλλα⁷
2763 1815 2819 1869 δὲ
2831 1789 3013 1886 γμυρία
3043 1789 3251 1875 τούτοις
3275 1811 3433 1882 ὅμοια
3467 1789 3558 1862 καὶ
3582 1805 3762 1879 παρά·

526 1925 648 1980 quae
675 1907 919 1964 videmus
946 1915 1001 1963 et
1045 1906 1380 1960 admiramur
1412 1924 1425 1958 :
1457 1919 1577 1974 qua:
1611 1918 1743 1959 sane
1777 1902 1959 1956 omnia
1997 1917 2092 1958 su-

526 2017 624 2073 pra
645 2008 895 2056 naturam
921 2014 1030 2054 non
1059 2000 1133 2053 ita
1159 2005 1380 2069 possent
1414 1995 1528 2051 ﬁeri
1547 2034 1562 2058 ,
1596 1995 1700 2050 nisi
1731 2002 1881 2050 esset
1911 1994 2091 2063 aliqua

527 2090 624 2146 Dei
667 2098 882 2153 natura,
918 2103 1039 2159 qua:
1071 2088 1220 2141 hisce
1252 2083 1647 2145 dominaretur,
1693 2083 2092 2151 imperaretque

526 2181 756 2236 invicem
787 2194 896 2234 non
945 2178 1242 2234 adversari.
1295 2173 1580 2241 Quomodo
1635 2188 1861 2238 rursus,
1907 2169 2093 2224 dicant

527 2273 688 2328 nobis
721 2271 974 2342 gentiles,
1001 2270 1182 2326 valido
1218 2268 1358 2322 laeto
1385 2266 1610 2324 tonitru,
1634 2264 1888 2317 universa
1919 2260 2093 2314 homi-

527 2381 658 2421 num
697 2373 892 2419 natura
931 2361 1149 2425 tremit,
1212 2358 1500 2420 horrescit,
1542 2353 1915 2425 obstupescit?
1959 2351 2092 2418 Qui-

528 2457 631 2514 bus
663 2456 852 2526 utique
877 2453 1094 2510 indiciis
1119 2451 1358 2508 ostendit
1407 2464 1466 2504 se
1499 2448 1575 2501 illi
1611 2445 1809 2516 subjici
1837 2444 2088 2508 Domino,

526 2552 620 2622 qui
647 2544 874 2605 tonitrui
907 2555 991 2602 est
1019 2557 1224 2624 auctor.
1262 2543 1327 2598 Et
1358 2543 1471 2597 haec
1504 2539 1722 2611 quidem
1752 2549 1878 2594 sunt
1906 2553 2093 2592 exem-

525 2643 636 2712 pla,
653 2641 854 2711 quibus
873 2637 969 2693 Dei
985 2636 1351 2708 cognitionem
1376 2631 1558 2687 doceri
1582 2630 1790 2701 possint
1809 2629 2090 2698 gentilium

523 2732 900 2802 simpliciores.
937 2727 1070 2782 Nam
1098 2735 1226 2782 ante
1255 2727 1404 2796 ipsos
1424 2737 1612 2778 eorum
1641 2721 1938 2790 sapientes,
1969 2719 2093 2788 qui-

521 2825 646 2879 dam
693 2821 968 2897 sapientes
1021 2819 1252 2890 gentiles
1301 2829 1369 2871 ex
1415 2813 1655 2883 antiquis
1705 2810 2090 2882 prmstantibus

523 2912 882 2985 philosOphis,
914 2910 1085 2965 multa
1119 2909 1187 2964 de
1226 2905 1318 2962 Dei
1357 2905 1507 2960 cultu
1551 2901 1866 2958 testimonia
1904 2909 2092 2970 protu-

524 3008 634 3062 lere
665 3023 680 3060 :
717 3003 849 3075 quin
871 3003 1033 3057 etiam
1054 3001 1227 3072 ipsam
1251 2997 1452 3052 Christi
1477 2995 1836 3050 oeconomiam
1860 2991 2092 3046 obscure

521 3095 1034 3169 pmsigniﬁtarunt.
1068 3091 1159 3147 Sic
1183 3091 1349 3162 igitur
1381 3088 1598 3160 quidam
1625 3086 1841 3140 illorum
1873 3084 2090 3153 sapiens

521 3189 708 3244 multis
733 3194 858 3242 ante
881 3184 1086 3240 Christi
1115 3181 1403 3238 adventum
1437 3178 1602 3251 248
1624 3177 1781 3232 annis
1813 3174 1976 3230 verba
2009 3171 2087 3227 la-

521 3281 598 3337 cit
640 3299 654 3335 :
694 3278 880 3334 Puella
915 3275 1094 3331 veniet
1117 3289 1237 3346 qua:
1261 3273 1542 3328 cmlestem
1573 3268 1730 3324 nobis
1759 3265 1973 3323 editura
2003 3271 2088 3320 est

519 3385 756 3443 partum.
787 3370 941 3424 Alius
962 3369 1088 3423 item
1115 3367 1195 3423 sic
1220 3364 1461 3438 loquitur
1487 3382 1502 3418 :
1530 3360 1772 3418 Tandem
1793 3358 2088 3431 aliquando

522 3463 666 3518 Deus
697 3464 753 3518 in
783 3459 1101 3516 multiﬁdam
1133 3459 1274 3513 hanc
1302 3466 1502 3514 terram
1532 3453 1849 3517 descendet,
1882 3461 1937 3508 et
1968 3451 2088 3507 sine

522 3554 642 3609 labe
663 3551 755 3608 ﬁet
779 3565 907 3606 caro
935 3568 951 3606 :
979 3557 1038 3605 ut
1059 3551 1374 3614 damnatus,
1397 3545 1651 3618 pendebit
1675 3545 1732 3601 in
1757 3544 1925 3616 ligno,
1949 3557 2087 3597 mor-

519 3645 728 3716 bosque
751 3641 968 3698 curabit
995 3641 1348 3698 insanabiles.

588 3825 808 3892 Ωιιιεετ.
845 3819 1154 3879 CXXXVII.
1183 3818 1298 3893 (76)
1334 3817 1469 3874 Cum
1499 3816 1797 3874 Christiani
1825 3823 1882 3872 et
1914 3813 2086 3870 Judaei

515 3916 794 3973 Christum
841 3915 1225 3976 conﬁteantur,
1262 3911 1492 3982 ejusque
1530 3909 1599 3966 de
1646 3911 1884 3966 adventu
1925 3909 2086 3964 dubi-

515 4013 634 4059 tent
661 4003 855 4067 Judaei,
900 4003 1176 4072 velintque
1216 3999 1459 4056 nondum
1497 4000 1673 4069 ipsum
1708 3998 1947 4064 venisse,
1993 3997 2088 4053 sed

516 4104 806 4151 venturum
835 4110 978 4159 esse,
1001 4111 1109 4165 qua
1143 4092 1356 4148 ratione
1381 4091 1515 4162 ipsis
1539 4091 1842 4163 poterimus
1862 4105 2087 4161 persua-

517 4183 647 4241 dere
675 4183 845 4240 Deum
877 4199 999 4240 esse
1021 4182 1324 4246 Christum,
1358 4196 1739 4252 veracemque,
1773 4197 1883 4237 non
1921 4182 2089 4252 impo-

517 4282 720 4329 storem
757 4288 901 4340 esse,
926 4281 988 4328 ut
1019 4272 1124 4345 ipsi
1150 4271 1528 4326 arbitrantur?

586 4364 754 4422 Resp.
784 4365 838 4420 1.
866 4363 1143 4421 Christum
1162 4362 1382 4434 quidem
1399 4363 1566 4419 Deum
1584 4371 1638 4420 et
1662 4364 1948 4421 Dominum
1966 4382 2087 4424 esse

2192 1911 2320 1978 δοξά
2347 1913 2492 1964 ἐστιν
2526 1910 2585 1964 ὲν
2610 1911 2680 1980 ’τῇ
2717 1907 2891 1961 κτίσει
2926 1903 3179 1978 ὁρώμενα
3211 1903 3303 1957 καὶ
3337 1899 3755 1972 θαυμαζόμεναο

2193 2003 2335 2075 άπερ
2361 2002 2577 2057 ἅπαντα
2605 2001 2706 2054 οὐκ
2735 1999 2802 2054 ἂν
2821 1997 2991 2062 οὑτως
3006 1997 3144 2068 ὑπὲρ
3159 1993 3322 2064 φύσιν
3335 1991 3574 2063 γίνεσθαι
3599 1990 3760 2062 ἐμελ-

2192 2095 2302 2161 λον,
2336 2095 2385 2148 εί
2423 2094 2496 2166 μὴ
2525 2092 2683 2148 οὑσία
2712 2109 2795 2155 τις
2811 2089 2946 2144 Θεοῦ
2977 2084 3044 2160 ἦν
3065 2087 3266 2141 τούτων
3283 2084 3635 2150 δεσπόζουσα,
3664 2083 3764 2136 καὶ

2191 2187 2397 2250 τούτοις
2417 2185 2784 2258 ἐπιτρέπουσα
2799 2181 3047 2253 ἀλλήλοις
3076 2180 3150 2251 μὴ
3182 2175 3610 2234 ἀντιτάττεσθαι.
3634 2173 3760 2237 Πῶς

2191 2277 2246 2330 δὲ
2279 2276 2438 2330 πάλιν
2485 2275 2734 2345 λέγουσιν
2777 2276 2910 2345 ἡμῖν
2952 2271 3221 2342 Ἑλλήνων
3274 2267 3482 2330 παῖδες,
3529 2264 3762 2337 βροντῆς

2195 2371 2426 2441 στερῤἄς
2458 2367 2770 2438 γινομένης,
2811 2365 3007 2433 ,ἅπασα
3040 2365 3073 2434 ή
3103 2361 3264 2431 φύσις
3303 2359 3414 2413 τῶν
3460 2355 3760 2428 ἀνθρώπων

2190 2459 2402 2530 τρέμει,
2433 2457 2644 2529 φρίττει
2677 2473 2737 2510 τε
2776 2455 2870 2510 καὶ
2912 2454 3209 2521 ἐξίσταται,
3243 2450 3524 2522 μηνύουσα
3549 2447 3640 2501 διὰ
3663 2445 3759 2500 τοῦ

2194 2553 2492 2623 σχήματος.
2522 2551 2598 2612 ὡς
2646 2549 2750 2602 ὑπὸ
2797 2548 3066 2618 δεσπότην
3097 2545 3216 2599 ἐστὶ
3268 2543 3360 2596 τὸν
3402 2541 3501 2605 τὰς
3533 2536 3759 2610 βροντάς

2191 2641 2587 2714 ὲργαζόμενον;
2634 2639 2743 2692 Καὶ
2783 2636 2956 2690 ταῦτα
2995 2635 3092 2706 μὲν
3137 2633 3273 2706 πρὸς
3314 2632 3440 2694 τοὺς
3472 2626 3760 2698 άφελεστέ-

2196 2751 2319 2805 ρους
2347 2732 2611 2802 Ἐλλήνων
2638 2732 2717 2793 εἰς
2750 2727 3078 2796 θεογνωσίαν
3105 2725 3338 2798 φέροντα
3357 2719 3757 2789 ὑποδείγματα.

2192 2827 2306 2897 Πρὸ
2343 2823 2452 2895 γὰρ
2497 2823 2606 2875 τῶν
2678 2821 2808 2892 παρ’
2857 2819 3040 2882 αὐτοῖς
3091 2814 3268 2884 σοφῶν
3322 2814 3386 2866 ἑκ
3456 2809 3760 2881 φιλοσόφων

2191 2916 2432 2989 ἀρχαίων
2476 2913 2712 2967 δυνατῶν
2765 2911 3038 2983 μαρτύρια
3071 2906 3240 2962 πολλὰ
3289 2903 3419 2977 ’περὶ⁷
3455 2899 3762 2962 θεοσεϐείας

2191 3011 2332 3073 τινὲς
2375 3007 2638 3078 Ἑλλήνων
2685 3006 2838 3074 σοφοὶ
2870 3003 3141 3074 ἔφρασαν·
3177 2998 3313 3053 ἀλλὰ
3356 2998 3452 3052 καὶ
3482 2995 3582 3067 τὴν
3621 2995 3758 3066 Χρι-

2196 3099 2320 3153 στοῦ
2379 3099 2685 3169 οἰκονομίαν
2735 3095 2992 3168 ἀμυδρῶς
3029 3093 3434 3167 προεμήνυσαν.
3487 3087 3600 3141 Καὶ
3630 3084 3761 3156 γοῦν

2189 3207 2272 3254 τις
2303 3189 2410 3242 τῶν
2439 3191 2567 3260 παρ’
2595 3189 2778 3250 αὑτοῖς
2821 3185 2999 3256 σοφῶν
3026 3184 3132 3255 πρὸ
3167 3181 3374 3237 πολλῶν
3397 3180 3496 3250 τῆς
3523 3173 3758 3250 Χριστοῦ

2189 3282 2480 3354 ἐπιδημίας
2504 3280 2711 3352 χρόνων
2741 3279 2926 3350 φησὶν,
2960 3277 3043 3330 ὅτι
3073 3275 3230 3342 Ἥξει
3269 3275 3306 3345 ὴ
3347 3273 3530 3336 νεᾶνις
3558 3270 3765 3340 ἔχουσα

2189 3377 2319 3446 ἡμῖν
2341 3374 2590 3446 οὐράνιον
2617 3372 2790 3442 γόνον.
2828 3369 2939 3424 Kal.
2987 3367 3144 3431 ἄλλος
3189 3365 3353 3420 πάλιν
3402 3363 3636 3434 ἔφρασεν
3669 3359 3760 3414 οὑ-

2185 3483 2293 3530 τως
2314 3482 2329 3496 ·
2369 3464 2496 3534 Ὀψὲ
2528 3479 2657 3516 ποτε
2685 3461 2780 3514 ἐπὶ
2807 3461 2908 3530 τὴν
2936 3455 3233 3526 πολυσχεδῆ
3262 3452 3466 3524 ταύτην
3497 3449 3763 3521 κατέρχεο

2186 3575 2276 3612 ται
2302 3560 2331 3612 6
2361 3556 2496 3620 Θεὸς
2519 3555 2646 3624 γῆν,
2686 3554 2782 3608 καὶ
2826 3551 2950 3622 δίχα
3004 3548 3341 3619 πταίσματος
3372 3543 3511 3618 σὰρξ
3535 3542 3759 3612 γενήσε⁴

2187 3668 2304 3705 ται·
2358 3650 2434 3712 ὼς
2476 3647 2802 3718 κατάκριτος
2856 3645 2915 3698 ὲν
2963 3642 3104 3713 ξύλῳ
3158 3637 3620 3713 κρεμασθήσεται,
3662 3631 3760 3687 καὶ

2186 3741 2379 3795 ἀνίατα
2406 3739 2552 3810 πάθη
2585 3735 2932 3809 θεραπεύσει.

2270 3827 2460 3900 Ἐρώτ.
2501 3827 2630 3900 ρλξ.
2675 3823 3020 3896 Χριστιανῶν
3057 3839 3118 3874 τε
3167 3819 3261 3874 καὶ
3313 3815 3584 3871 Ἰουδαίων
3625 3815 3760 3886 Χρι-

2189 3919 2310 3974 στὸν
2341 3917 2764 3989 ὁμολογούντων,
2798 3912 3244 3984 ἀμφιίὲαλλόντων
3259 3909 3314 3962 δὲ
3337 3907 3444 3961 τῶν
3488 3905 3756 3959 Ἰουδαίων

2186 4009 2337 4066 οὔπω
2359 4012 2522 4066 αὑτὸν
2558 4007 2894 4078 ἐληλυθέναι,
2930 4003 3067 4058 ἀλλὰ
3127 4002 3415 4071 λεγόντων,
3444 4001 3526 4052 ὅτι
3574 3997 3758 4069 μέλλει

2187 4103 2473 4180 ἔρχεσθαι·
2531 4100 2692 4155 πόθεν
2745 4098 2942 4160 αὑτοὺς
2986 4099 3168 4150 πεῖσαι
3204 4093 3514 4164 ὀφείλομεν,
3541 4092 3622 4145 ὃτι
3664 4089 3760 4143 καὶ

2187 4178 2319 4261 Θεός
2353 4195 2498 4248 ἐστιν
2545 4193 2575 4246 6
2623 4191 2876 4262 Χριστὸς,
2903 4189 2996 4242 καὶ¹
3033 4189 3114 4241 ὃτι
3153 4185 3358 4256 ἀληθής
3395 4188 3532 4248 ἔστι,
3573 4181 3668 4236 καὶ
3695 4178 3755 4233 ού

2188 4289 2406 4352 πλάνος,
2429 4286 2505 4350 ὡς
2531 4283 2685 4338 αὐτοὶ
2717 4281 3062 4354 νομίζουσιν;

2270 4379 2456 4434 ’Δπόια
2487 4377 2670 4432 1.Ὂτι
2701 4375 2798 4446 μὲν
2815 4373 2946 4436 Θεὸς
2961 4371 3057 4426 καὶ
3074 4369 3278 4440 Κύριος
3295 4369 3322 4420 6
3337 4365 3571 4438 Χριστός
3586 4367 3758 4428 ἐστιν,

515 4465 790 4514 testantur
813 4457 1116 4526 praphetaa.
1148 4463 1204 4512 et
1227 4454 1445 4526 quidem
1470 4457 1551 4512 sic
1585 4457 1662 4510 ait
1693 4457 1858 4514 David
1889 4477 1902 4513 :
1932 4478 1950 4508 ι
1983 4459 2085 4516 Do-

2192 4472 2233 4528 οἱ
2258 4471 2532 4544 προφῆται
2552 4464 2917 4540 μαρτυροῦσιν
2935 4481 2950 4495 ο
2979 4465 3008 4516 6
3028 4462 3127 4534 μὲν
3151 4460 3316 4514 Δαϐὶδ
3341 4460 3516 4528 λέγων
3534 4475 3548 4488 ·
3585 4476 3604 4507 ι
3627 4455 3757 4519 Θεὸς

516 4551 698 4606 minus
735 4550 902 4614 Deus,
951 4559 1002 4606 et
1063 4553 1315 4621 apparuit
1354 4551 1514 4608 nobis
1545 4550 1612 4606 ⁸⁷.
1652 4571 1671 4604 ι
1718 4551 1786 4606 Ει
1833 4568 2024 4612 rursus
2068 4573 2082 4609 :

2192 4564 2407 4636 Κύριος,
2442 4561 2536 4616 καὶ
2559 4559 2824 4627 ὲπέφανεν
2851 4558 2984 4628 ἡμῖν
3005 4571 3020 4586 ’
3058 4573 3078 4607 ι
3113 4553 3210 4607 καὶ
3235 4551 3421 4605 πάλινο
3458 4568 3478 4601 ι
3509 4547 3757 4602 Ἐκλινεν

518 4661 538 4694 ι
581 4643 867 4698 lnclinavit
905 4643 1076 4698 caelos
1125 4648 1179 4698 et
1227 4640 1512 4698 descendit
1555 4642 1622 4697 ⁸⁸.
1661 4662 1680 4696 ι
1726 4646 1790 4699 Et
1837 4645 2034 4700 iterum
2069 4667 2082 4702 :

2192 4655 2447 4726 οὐρανοὺς
2478 4651 2572 4705 καὶ
2599 4647 2804 4721 κατέϐη
2825 4665 2840 4680 ·
2881 4667 2900 4698 ι
2931 4646 3026 4699 καὶ
3059 4643 3248 4698 πάλιν
3289 4661 3308 4692 ι
3353 4642 3411 4693 'U
3449 4638 3757 4710 καθήμενος

519 4755 536 4788 ι
567 4734 672 4802 Qui
703 4736 862 4792 sedes
885 4749 1052 4805 super
1083 4732 1393 4801 cherubim,
1423 4747 1624 4804 appare
1645 4735 1712 4789 ⁸⁸.
1749 4755 1769 4788 ι
1799 4733 1925 4792 Haec
1956 4739 2086 4794 item

2192 4748 2278 4800 ἐπὶ
2323 4745 2431 4799 τῶν
2486 4741 2772 4814 χερουὸὶμ,
2834 4737 3140 4810 ἑμφάνηθι·
3188 4755 3207 4788 ι
3244 4737 3274 4788 6
3316 4734 3373 4787 δὲ
3435 4729 3759 4803 Ἀμϐακοὺμ

513 4833 644 4881 sunt
669 4825 834 4881 verba
863 4824 1117 4880 Habacuc
1141 4841 1157 4877 :
1189 4844 1208 4878 ι
1243 4823 1389 4881 Deus
1413 4838 1445 4878 a
1470 4823 1728 4882 Thaeman
1754 4827 1935 4884 veniet
1961 4829 2026 4882 '°.
2060 4849 2080 4882 ι

2192 4833 2349 4888 πάλιν
2377 4830 2566 4900 φησιν’
2601 4847 2620 4880 ι
2665 4828 2724 4881 Ὀ
2749 4827 2883 4890 Θεὸς
2912 4825 3020 4880 ἀπὸ
3039 4823 3251 4896 Θαιμὰν
3275 4822 3424 4894 ἧξειο
3462 4840 3484 4872 ι
3511 4823 3540 4873 6
3559 4819 3619 4873 δὲ
3651 4818 3756 4870 Ba-

515 4917 580 4971 Ει
607 4917 822 4973 Baruch
861 4937 876 4972 :
916 4936 936 4969 ι
966 4916 1066 4972 llic
1093 4925 1179 4973 est
1209 4915 1356 4972 Deus
1385 4924 1594 4982 noster,
1620 4925 1674 4974 et
1705 4935 1813 4974 non
1850 4922 2089 4976 mstima-

2192 4924 2323 4997 ρούχ
2340 4940 2356 4956 ο
2399 4941 2417 4974 ι
2444 4917 2609 4986 Οὗτος
2637 4923 2666 4975 ὁ
2693 4919 2826 4983 Θεὸς
2856 4917 3034 4991 ἡμῶν,
3061 4916 3122 4969 οὑ
3148 4914 3533 4984 λογισθήσεται
3573 4911 3758 4982 ἕτερος

511 5010 662 5064 bitur
693 5009 836 5065 alius
875 5009 1138 5066 adversus
1174 5024 1299 5065 eum
1347 5025 1362 5062 :
1410 5008 1617 5064 invenit
1669 5026 1886 5067 omnem
1942 5014 2086 5066 viam

2192 5014 2327 5086 πρὸς
2354 5012 2516 5066 αὑτόν
2535 5029 2548 5042 ·
2577 5010 2763 5080 ἔξευρε
2785 5010 2962 5062 πᾶσαν
2990 5005 3106 5060 ὁδὸν
3129 5004 3462 5075 ἐπιστήμης,
3488 5000 3586 5054 καὶ¹
3631 4999 3758 5053 ἑδωο

511 5101 776 5169 scientiaa,
803 5111 858 5157 et
891 5100 1118 5156 tradidit
1149 5100 1298 5155 illam
1339 5099 1513 5156 Jacoh
1550 5116 1722 5171 puero
1751 5118 1874 5169 suo,
1910 5110 1964 5159 et
2003 5102 2086 5159 ls-

2314 5105 2482 5174 αύτὴν
2509 5079 2712 5156 Ἰακὼϐ
2744 5099 2824 5170 τῷ
2873 5097 3025 5152 παιδὶ
3076 5091 3266 5159 αὑτοῦ,
3311 5093 3406 5146 καὶ
3433 5089 3651 5163 Ἰσραὴλ
3679 5087 3758 5159 τῷ

514 5193 628 5247 rael
657 5192 856 5249 dilecto
910 5207 1034 5249 suo.
1087 5190 1220 5249 Post
1247 5191 1365 5248 haec
1397 5193 1454 5248 in
1491 5193 1652 5250 terris
1683 5194 1837 5250 visus
1885 5203 1990 5258 est,
2031 5201 2086 5248 et

2192 5195 2520 5268 ἠγαπημένῳ
2571 5193 2662 5248 ὑπ’
2713 5189 2898 5247 αὑτοῦ.
2973 5187 3128 5244 Μετὰ
3161 5186 3320 5241 τοῦτο
3376 5185 3471 5239 ἐπὶ
3517 5185 3618 5256 τῆς
3655 5182 3757 5253 γῆς

513 5299 640 5337 eum
690 5284 1007 5340 hominibus
1043 5294 1403 5340 conversatus
1433 5293 1520 5341 est
1545 5285 1612 5341 ".
1647 5305 1668 5339 ι
1723 5285 1889 5341 Vides
1918 5301 2081 5356 quam

2192 5286 2358 5359 ὤφθη,
2389 5286 2614 5349 καὶτοῖς
2639 5281 2944 5355 ἀνθρώποις
2969 5279 3401 5356 συνανεστρὰφη.
3427 5297 3446 5330 ι
3468 5277 3601 5332 Ἰδοὺ
3643 5275 3758 5339 πῶς

516 5373 820 5430 luculenter
849 5375 1127 5448 pr0pheta:
1158 5376 1438 5433 Christum
1469 5376 1640 5435 Deum
1672 5351 1966 5451 appellent.

2192 5351 2470 5449 προφανῶς
2499 5377 2548 5430 οἱ
2577 5351 2850 5446 προφῆται
2873 5372 3003 5428 Θεὸν
3027 5351 3254 5439 λέγουσι
3275 5370 3366 5426 τὸν
3397 5368 3652 5442 Χριστόν.

583 5525 628 5557 ⁸⁷
665 5525 811 5583 Psal.
841 5529 1143 5625 cxvu,27.
1217 5529 1263 5563 ⁸⁸
1291 5530 1434 5590 Psal.
1469 5551 1616 5601 xvu,
1651 5536 1740 5592 40.
1815 5535 1860 5568 "
1897 5532 2044 5588 Psal.
2083 5549 2284 5598 anx,
2317 5533 2372 5585 2.
2447 5535 2493 5566 ⁹⁰
2537 5531 2738 5586 llabac.
2779 5545 2837 5586 ιιι
2860 5566 2875 5591 ,
2912 5527 2966 5581 5.
3043 5525 3086 5557 ⁹¹
3130 5523 3363 5581 Baruch.
3401 5539 3492 5590 tu,
3523 5521 3595 5579 '58

583 5747 701 5820 (76)
733 5748 858 5806 Περ
886 5766 994 5807 non
1033 5761 1160 5810 sunt
1181 5753 1480 5812 Athanasio
1503 5755 1751 5827 indigna,
1776 5759 1830 5810 et
1856 5752 1910 5808 in
1935 5751 2216 5808 nonnullis
2250 5750 2532 5810 codicibus
2555 5751 2849 5823 separatim
2875 5757 3194 5824 ponuntur.‘
