4088 6382
324 355 429 413 685

1313 355 1778 443 QUIESTIONE§
1813 355 1905 409 AD
1943 350 2353 410 ANTIOCHUM
2392 351 2650 409 DUCEM.

3458 358 3565 415 686

393 469 446 524 2.
471 471 593 523 Ὅτι
617 471 676 525 δὲ
708 471 960 545 ἐλήλυθεν
986 476 1086 549 ἤδη
1115 477 1147 531 6
1184 474 1438 548 Χριστὸς,
1467 478 1666 549 Δανιὴλ
1695 480 1724 531 6
1764 493 1897 548 προ-

2068 474 2124 527 2.
2148 473 2428 531 Christum
2460 486 2639 530 autem
2660 474 2774 543 jam
2806 474 3021 530 venisse
3056 472 3321 529 habemus
3346 487 3415 528 ex
3458 473 3566 528 Da-

328 563 500 633 νήτης
533 562 626 616 ’ξὺν
678 566 865 637 χρόνον
907 569 1004 639 τῆς
1055 568 1354 643 παρουσίας
1405 570 1570 623 αὑτοῦ
1617 568 1895 640 σημαίνων

329 651 467 705 οὕτω
496 653 652 723 φησὶ,
691 654 888 725 μᾶλλον
917 656 973 710 δὲ
1011 658 1147 729 πρὸς
1186 658 1345 711 αὐτὸν
1369 661 1398 711 6
1427 658 1761 729 ἀρχάγγελος
1789 657 1897 709 Γα-

331 742 517 815 ϐριήλθ
559 763 579 796 t
622 745 1025 817 Ἐϐδομήκοντα
1048 749 1340 819 ὲδδομάδες
1370 749 1782 819 συνετμήθησαν
1805 748 1897 802 ἐπὶ

329 836 416 888 τὸν
436 836 562 889 λαόν
589 854 707 902 σου,
743 839 838 891 κα)⁸
873 840 966 892 ἐπὶ
992 839 1089 911 τὴν
1124 839 1277 894 πόλιν
1304 841 1402 912 τὴν
1441 841 1624 909 ἁγίαν,
1647 839 1739 893 τοῦ
1773 856 1899 892 συν-

329 926 642 999 τελεσθῆναι
667 929 962 1001 ἁμαρτίας,
979 933 1073 985 καὶ
1106 931 1201 985 τοῦ
1236 932 1821 1004 σφραγῖσαιάμαρτίας
1844 948 1894 984 ἰ

332 1020 421 1073 καὶ
455 1020 594 1090 μετὰ
642 1020 816 1091 βραχύ
842 1038 856 1053 ³
899 1041 917 1074 t
956 1024 1066 1076 Kal.
1097 1023 1191 1077 τοῦ
1235 1027 1529 1094 σφραγῖσαι
1570 1025 1758 1095 ὅρασιν
1801 1024 1899 1076 κα)⁵

333 1111 685 1182 προφητείαν,
722 1114 817 1165 καὶ
858 1113 951 1167 τοῦ
982 1118 1162 1186 χρῖσαι
1189 1116 1374 1184 Ἀγιον
1404 1115 1594 1184 ἁγίων.
1632 1136 1650 1166 ι
1687 1116 1782 1179 Τίς
1805 1111 1898 1169 οὖν

332 1200 473 1253 ἔστιν
501 1201 688 1271 ἔτερος
737 1202 980 1274 χρισθεὶς
1014 1204 1200 1273 ’Ἄγιος
1231 1206 1400 1273 ἁγίων
1426 1206 1476 1258 εί
1512 1204 1586 1276 μὴ
1612 1208 1639 1258 ὀ
1666 1204 1899 1276 Χριστὸς

334 1296 509 1367 μόνος,
539 1296 614 1360 ὡς
633 1296 730 1351 τοῦ
760 1297 893 1351 Θεοῦ
918 1296 1009 1350 τοῦ
1040 1294 1239 1361 ζῶντος
1261 1314 1275 1362 ;
1303 1300 1365 1349 Δί
1392 1297 1504 1368 γὰρ
1529 1296 1899 1368 ἑϐδομήκοντα

333 1387 613 1459 ἑϐδομάδες
656 1388 981 1459 τετρακόσια
1031 1388 1347 1458 ἐνενήκοντα
1392 1386 1487 1458 ἔτη
1520 1387 1895 1457 σημαίνουσιν.

346 1478 471 1532 ’Δπὺ
493 1479 550 1531 δὲ
576 1478 669 1531 τοῦ
695 1478 895 1551 Δανιὴλ
919 1478 1023 1541 ἓως
1049 1476 1140 1530 τοῦ
1170 1477 1265 1531 νῦν
1302 1476 1637 1548 ὑπάρχουσιν
1660 1476 1754 1546 ἔτη
1790 1476 1899 1529 τῶν

330 1569 656 1624 ὀκτακοσίων
703 1571 893 1624 πλείω.
940 1570 1212 1636 Δείξουσιν
1252 1564 1344 1621 οὖν
1377 1570 1509 1638 ἡμῖν
1546 1568 1725 1621 λοιπὸν
1772 1569 1901 1620 Ἰου-

329 1665 586 1729 δαῖοι,τίς
613 1666 746 1737 παρ’
774 1664 953 1726 αὐτοῖς
970 1663 1193 1735 ὲχρίσθη
1220 1663 1416 1730 ’Ἄγιος
1448 1661 1618 1729 ἁγίων
1646 1660 1781 1732 μετὰ
1812 1676 1901 1712 τε·-

330 1758 589 1829 τρακόσια
617 1758 939 1827 ἐνενήκοντα
962 1756 1055 1828 ἔτη
1086 1753 1179 1808 τοῦ
1213 1754 1429 1825 Δανιὴλ,
1462 1754 1559 1807 καλ⁵
1585 1754 1899 1824 κατήργησε

1995 563 2136 618 niele
2164 565 2449 635 propheta,
2477 566 2571 635 qui
2607 572 2822 635 tempus
2863 565 2983 634 ejus
3014 561 3282 618 adventus
3315 564 3395 619 sic
3425 564 3566 635 ipse,

1997 652 2080 708 vel
2100 654 2287 723 potius
2317 656 2681 725 archangelus
2700 655 2919 710 Gabriel
2948 654 3073 724 ipsi.
3099 652 3403 711 indicavit:
3430 674 3450 707 σ
3474 657 3547 711 Se

1996 745 2280 815 ptuaginta
2308 746 2675 802 hebdomades
2695 746 3021 801 abbreviata':
3047 753 3176 800 sunt
3202 760 3365 817 super
3394 763 3568 817 popu-

2000 834 2110 887 lum
2144 844 2294 889 tuum
2330 843 2383 891 et
2418 850 2582 905 super
2603 836 2790 890 urbem
2815 843 3082 899 sanctam,
3122 844 3179 889 ut
3215 837 3570 906 perficiantur

1999 934 2241 994 peccata,
2268 935 2321 984 et
2341 929 2700 999 obsignentur
2723 939 2943 997 peccata
2968 930 3033 983 ⁹¹.
3068 946 3088 980 ι
3119 926 3184 981 Et
3215 929 3380 997 paulo
3398 937 3520 998 post
3547 943 3563 981 :

2004 1038 2022 1069 ι
2054 1018 2118 1071 Et
2145 1019 2464 1090 obsignetur
2492 1020 2630 1075 visio
2659 1030 2712 1074 et
2737 1021 3039 1091 prophetia,
3070 1030 3123 1077 et
3152 1031 3388 1093 ungatur
3426 1013 3569 1077 San-

2000 1122 2120 1165 ctus
2177 1119 2490 1166 sanctorum
2514 1112 2582 1166 ”.
2611 1132 2631 1164 ι
2670 1111 2804 1178 Quis
2854 1129 2984 1183 ergo
3033 1115 3173 1168 alius
3229 1124 3315 1170 est
3366 1123 3568 1170 unctus

2001 1199 2236 1257 Sanctus
2287 1212 2623 1267 sanctorum,
2676 1212 2872 1272 praeter
2916 1206 3092 1259 solum
3144 1206 3446 1272 Christum,
3507 1217 3566 1262 ut

1998 1292 2094 1347 Dei
2133 1295 2415 1351 viventis?
2465 1294 2822 1366 Septuaginta
2853 1297 2997 1351 enim
3036 1297 3401 1354 hebdomades
3428 1314 3568 1369 qua-

1999 1386 2316 1457 dringentos
2348 1387 2643 1459 nonaginta
2677 1403 2851 1443 annos
2897 1388 3222 1459 signiﬁcant.
3255 1390 3500 1461 Namque
3535 1406 3567 1446 a

2000 1477 2221 1533 Daniele
2266 1480 2331 1534 ad
2367 1480 2470 1533 hoc
2498 1488 2714 1549 tempus
2743 1488 2870 1535 sunt
2904 1480 3032 1534 anni
3071 1481 3358 1551 plusquam
3387 1482 3568 1536 octino

1999 1565 2165 1641 gcn'ti.
2202 1572 2506 1627 Ostendam
2555 1574 2721 1642 igitur
2756 1573 2915 1629 nobis
2961 1572 3132 1629 Judaei
3176 1576 3396 1644 quinam
3424 1573 3568 1642 apud

2001 1662 2149 1731 ipsos
2189 1671 2389 1718 unctus
2423 1663 2493 1716 sit
2527 1660 2762 1717 Sanctus
2797 1672 3112 1718 sanctorum
3153 1669 3277 1733 post
3303 1662 3570 1733 quadrin-

2000 1759 2189 1820 gentos
2220 1753 2510 1822 nonaginta
2541 1767 2715 1807 annos
2746 1752 3005 1818 Danielis,
3034 1754 3127 1823 qui
3154 1763 3209 1807 et
3241 1753 3569 1808 sacriﬁcium

330 1850 423 1921 τὴν
451 1848 640 1902 θυσίαν
685 1850 780 1902 καὶ
804 1849 903 1920 τὴν
929 1848 1158 1919 σπονδὴν
1200 1847 1301 1917 τὴν
1328 1847 1589 1918 νομικὴν;
1632 1845 1769 1897 Ἀλλ’
1798 1846 1899 1898 ούκ

2003 1844 2424 1915 libationer‘nq-ue
2450 1847 2678 1917 legalem
2718 1849 3099 1919 abrogaverit?
3133 1847 3276 1904 Sane
3297 1848 3571 1904 neminem

329 1940 508 2011 ἔχουσι
533 1938 724 2006 δεῖξαι,
771 1941 858 2004 τίς
883 1939 1041 1995 τοῦτο
1071 1939 1388 2011 πεποίηκεν,
1430 1940 1480 1991 εί
1528 1937 1603 2010 μὴ
1632 1936 1837 2009 Ἰησοῦς
1869 1939 1897 1990 6

330 2035 558 2105 Χριστὸς
578 2036 609 2087 6
646 2034 769 2098 Υἱὸς
787 2034 881 2088 τοῦ
914 2032 1069 2088 Θεοῦ.

391 2126 444 2180 5.
480 2127 603 2179 Ὅτι
631 2125 688 2178 δὲ
708 2125 915 2197 ἀληθής
950 2127 1083 2189 ἐστι,
1121 2124 1214 2178 καὶ¹
1244 2125 1306 2177 ού
1340 2123 1565 2187 πλάνος,
1586 2122 1616 2175 6
1642 2120 1895 2193 Χριστὸς,

326 2218 399 2282 ὡς
420 2220 578 2290 ὑμεῖς
612 2220 883 2290 νομίζετε,
913 2213 958 2272 ὧ
988 2217 1249 2281 Ἰουδαῖοι,
1296 2216 1723 2287 παραστήσομεν
1769 2214 1899 2282 ὑμῖν

328 2312 480 2366 τοῦτο
509 2314 569 2365 ού
591 2312 679 2366 διὰ
708 2312 988 2383 ῥημάτων,
1023 2312 1157 2366 ἀλλὰ
1187 2311 1277 2365 διὰ
1322 2309 1683 2383 πραγμάτων,
1732 2305 1898 2377 μέχρι

327 2405 415 2458 τοῦ
443 2405 539 2458 νῦν
566 2404 877 2477 κραζόντων
924 2405 1016 2457 καὶ
1066 2404 1486 2475 μαρτυρούντων
1532 2404 1591 2455 ὲν
1643 2401 1788 2474 πάσῃ
1829 2404 1895 2473 τῇ

328 2499 617 2570 οἰκουμένῃ
642 2516 657 2528 ·
685 2499 778 2551 καὶ
805 2497 887 2550 ὅτι
911 2497 1085 2551 πάντα
1111 2495 1180 2549 τὰ
1213 2494 1495 2578 ὑπ’σαύτοῦ
1524 2493 1781 2564 λεχθέντα
1809 2510 1900 2562 γε-

328 2590 571 2658 γόνασιν.
597 2586 732 2641 Εἶπε
753 2587 884 2659 γὰρ,
914 2588 994 2639 ὅτι
1026 2605 1045 2637 t
1089 2587 1145 2639 ’0
1166 2586 1397 2658 οὐρανὸς
1437 2586 1533 2637 καὶ
1575 2587 1609 2655 ἡ
1647 2584 1720 2653 γῆ
1763 2600 1902 2654 παρ-

328 2681 623 2745 ελεύσεται,
652 2681 701 2734 0t
730 2680 945 2749 δὲλόγοι
972 2697 1073 2751 μου
1101 2678 1160 2731 ού
1193 2678 1266 2749 μὴ
1303 2677 1661 2749 παρέλθωσιν.
1696 2695 1713 2726 ι
1750 2676 1897 2755 Ποῐοι

324 2775 382 2828 δὲ
417 2774 586 2844 λόγοι,
632 2771 898 2843 νουνεχῶς
938 2770 1275 2841 ἀκούσωμεν.
1323 2766 1456 2823 Εἷπε
1482 2769 1609 2839 περὶ
1639 2768 1732 2821 τοῦ
1768 2768 1900 2837 ὑμε-

327 2868 481 2941 τέρου
515 2867 670 2932 ναοῦ,
692 2869 775 2921 ὅτι
800 2886 820 2920 t
862 2868 1030 2938 Ἀμὴν
1062 2865 1207 2934 λέγω
1249 2866 1396 2935 ὑμῖν,
1420 2865 1482 2917 ού
1525 2864 1598 2935 μὴ
1630 2863 1787 2934 μείνῃ
1819 2860 1899 2914 λί-

325 2958 417 3024 θος
447 2962 541 3014 ἐπὶ
572 2959 720 3013 λίθον
765 2958 1038 3029 ὲπάύτῴ,
1066 2959 1123 3021 ὃς
1162 2958 1223 3010 ού
1255 2957 1329 3028 μὴ
1368 2954 1643 3025 καταλυθῇ
1667 2973 1679 2983 ’
1715 2950 1899 3024 »τΑρα

326 3052 548 3121 γέγονεν
605 3049 771 3105 αὐτοῦ
823 3053 853 3103 6
904 3050 1078 3119 λόγος,
1118 3048 1151 3119 ἢ
1198 3051 1258 3102 ού
1298 3050 1551 3117 γέγονενς
1599 3043 1787 3109 Εἶπεν,
1817 3046 1898 3097 ὅτι

326 3145 638 3201 ἐλεύσονται
679 3147 728 3198 οἱ
760 3145 1041 3214 Ῥωμαῖοι,
1082 3144 1176 3196 καὶ
1206 3142 1425 3214 ἀροῦσιν
1461 3140 1611 3212 ὑμῶν
1638 3139 1700 3193 τὸ
1728 3139 1897 3201 ἕονος,

1998 1938 2237 2006 poterint
2269 1938 2511 1993 indicare
2557 1939 2649 2008 qui
2691 1945 2802 1994 han:
2865 1941 3199 2010 praestiterit,
3245 1940 3353 1995 nisi
3382 1938 3570 1996 Jesum

1999 2026 2279 2089 Christum
2304 2027 2499 2083 Filium
2530 2029 2646 2086 Dei.

2068 2118 2121 2173 5.
2153 2117 2309 2185 Quod
2324 2128 2515 2175 autem
2540 2137 2703 2177 verus
2733 2122 2828 2185 sit,
2866 2137 2974 2177 non
3000 2122 3265 2192 impostor
3286 2116 3593 2189 Christus,

1999 2219 2060 2265 ut
2088 2226 2204 2276 vos,
2236 2211 2429 2274 Judaei,
2464 2213 2825 2279 arbitramini,
2858 2215 2912 2268 id
2937 2214 3093 2268 vobis
3125 2230 3234 2269 non
3265 2216 3443 2271 verbis
3474 2217 3571 2272 sed

1999 2300 2159 2356 fartis
2183 2317 2372 2358 sumus
2401 2304 2717 2372 probaturi;
2742 2321 2882 2375 qum,
2917 2308 3159 2376 inquam,
3186 2290 3326 2361 facta
3349 2308 3403 2361 id
3435 2306 3570 2363 bac~

1999 2400 2160 2448 tenus
2200 2409 2295 2463 per
2337 2401 2509 2449 totum
2541 2397 2727 2452 orbem
2755 2397 2994 2452 clamant
3022 2405 3074 2453 et
3106 2406 3397 2462 testantur,
3435 2406 3573 2455 utet

1999 2485 2205 2548 omnia,
2232 2500 2351 2555 qua:
2373 2484 2490 2555 ipse
2511 2486 2667 2551 dixit,
2698 2487 2837 2541 facta
2862 2504 3005 2553 esse,
3029 2489 3164 2543 dixit
3185 2490 3329 2543 enim
3363 2509 3376 2544 :
3405 2509 3424 2541 ι
3448 2488 3573 2545 Cae-

2000 2577 2110 2630 lum
2133 2584 2187 2629 et
2217 2586 2362 2632 terra
2392 2579 2722 2647 transibunt,
2747 2581 2908 2635 verba
2930 2588 3108 2635 autem
3128 2598 3243 2636 mea
3263 2598 3369 2636 non
3395 2590 3575 2637 trans-

1999 2667 2155 2721 ibunt
2176 2668 2240 2720 “.
2263 2686 2282 2720 ι
2306 2668 2565 2734 Quaenam
2590 2679 2769 2724 autem
2792 2672 2952 2726 verba
2968 2670 3181 2735 dixerit,
3207 2674 3572 2731 attendamus.

1999 2757 2148 2813 Dixit
2178 2759 2245 2815 de
2294 2768 2477 2814 vestro
2505 2750 2705 2832 templo
2742 2775 2755 2813 :
2796 2782 2814 2815 ι
2843 2764 3035 2827 Amen,
3085 2764 3207 2820 dico
3239 2766 3413 2829 vobis,
3463 2784 3573 2823 non

1997 2850 2295 2905 remanebit
2309 2850 2444 2919 lapis
2461 2865 2624 2920 super
2639 2850 2868 2921 lapidem
2885 2855 2939 2907 in
2959 2854 3077 2923 ipso
3092 2855 3183 2924 qui
3201 2871 3307 2909 non
3325 2856 3575 2912 destrua-

1998 2941 2167 2994 tur)”.
2196 2929 2303 2994 n'Id
2342 2941 2461 3010 ejus
2500 2943 2722 2996 verbum
2753 2942 3025 3001 factumne
3062 2956 3167 3011 est,
3209 2949 3413 3004 necne?
3435 2949 3579 3005 Dixit

1998 3037 2262 3085 venturos
2305 3030 2605 3099 Romanos,
2639 3043 2991 3105 vestramque
3019 3038 3334 3093 sublaturos
3360 3049 3579 3110 gentem

2002 3120 2302 3191 urbemque
2352 3131 2406 3178 et
2446 3139 2696 3195 regnum.
2754 3127 2951 3183 Annon
3002 3130 3104 3185 sub
3159 3129 3497 3201 Vespasiano
3525 3140 3581 3187 et

326 3239 419 3291 καὶ
458 3239 560 3309 τὴν
590 3236 742 3289 πόλιν
778 3236 874 3288 καὶ
899 3235 959 3287 τὸ
994 3232 1293 3305 βασίλειονο
1338 3228 1481 3305 τΑρα
1524 3231 1711 3300 γέγονε
1745 3230 1901 3282 τοῦτο

2004 3209 2127 3266 Tito
2155 3212 2209 3267 id
2238 3213 2440 3269 factum
2467 3229 2569 3285 est,
2594 3222 2803 3275 necne?
2829 3219 2974 3275 Dixit
3005 3222 3177 3293 legem
3208 3232 3261 3278 et
3288 3224 3585 3295 prophetas

325 3332 416 3384 ἐπὶ
443 3328 858 3385 Οὐεσπασιανοῦ
902 3328 995 3380 καὶ
1041 3327 1222 3391 Τίτου,
1257 3328 1291 3397 ἧ
1323 3328 1383 3379 ού
1417 3325 1669 3395 γέγονενς
1713 3318 1899 3388 Εἶπεν,

321 3426 402 3479 δτι
434 3429 464 3480 6
486 3425 653 3496 νόμος
680 3423 853 3477 καὶοὶ
889 3420 1165 3492 προλιῆται
1211 3420 1316 3482 ἕως
1370 3418 1612 3471 Ἰωάννου
1652 3414 1748 3467 τοῦ
1792 3416 1899 3466 Βα-

324 3514 574 3580 πτιστοῦ,
631 3515 723 3568 καλ⁵
752 3512 1015 3566 πὰυονται
1041 3528 1055 3542 ·
1080 3506 1227 3581 Ἀρα
1266 3511 1325 3562 ού
1355 3511 1542 3578 γέγονε
1588 3506 1776 3571 τοῦτο;
1808 3505 1903 3569 Τίς

324 3609 613 3679 προφήτης
642 3605 773 3677 παρ’
807 3606 938 3674 ὑμῖν
965 3603 1104 3673 μετὰ
1149 3603 1400 3674 Ἰωάννην
1426 3602 1515 3654 τὸν
1552 3599 1860 3669 Βαπτιστήν
1885 3612 1900 3662 ;

321 3697 588 3768 Εὔδηλον,
614 3698 696 3750 δτι
726 3696 920 3757 οὐδεὶς.
953 3691 1089 3747 Εἶπε
1125 3694 1288 3747 πάλιν
1321 3697 1349 3747 6
1375 3693 1536 3756 αὐτὸς
1566 3691 1769 3763 Κύριος
1799 3691 1903 3760 Ἰη-

322 3788 450 3853 σοῦς
481 3789 721 3861 Χριστὸς
745 3791 774 3842 6
805 3786 1055 3858 ἀληθινὸς
1086 3786 1217 3850 Θεὸς
1247 3785 1424 3857 ἡμῶν,
1453 3786 1533 3838 ὃτι
1556 3782 1903 3855 κηρυχθήσε-

318 3898 408 3935 ται
441 3883 507 3937 τὸ
531 3880 865 3950 Εὐαγγὲλιον
907 3881 964 3933 ὲν
1012 3879 1118 3949 ὅλῳ
1161 3879 1239 3950 τῷ
1282 3879 1503 3950 κόσμῳ·
1541 3872 1648 3948 ἆρα
1684 3875 1904 3943 γέγονεν

316 3974 496 4040 τοῦτο,
526 3974 558 4046 ἦ
586 3976 649 4027 ού
674 3972 928 4042 γέγονεν;
961 3971 1129 4024 Πάλιν
1161 3965 1333 4033 εἶπεν,
1363 3972 1444 4023 ὅτι
1483 3968 1644 4022 πύλαι
1686 3966 1811 4037 ᾅδου
1843 3965 1905 4017 ού

318 4065 717 4137 κατισχύσουσι
761 4062 861 4131 τῆς
894 4058 1251 4131 Ἐκκλησίαςο
1284 4055 1433 4132 τΑροι
1486 4056 1778 4127 Eii/etiame;
1814 4055 1906 4127 Μὴ

316 4154 532 4222 γένοιτο
556 4156 569 4207 !
606 4149 773 4207 Εἶπεν
798 4154 927 4224 ἡμῖν
956 4155 1067 4215 τοῖς
1111 4150 1193 4213 είς
1217 4152 1380 4205 αὑτὸν
1430 4148 1797 4221 πιστεύουσιν,
1824 4149 1906 4201 ὅτι

323 4248 594 4301 «Ἕσεσθε
633 4245 952 4317 μισούμενοι
968 4244 1073 4298 ὑπὸ
1106 4245 1322 4298 πάντων
1348 4242 1505 4296 διὰτὸ
1533 4240 1705 4312 ὄνομά
1734 4257 1833 4312 μου
1854 4257 1901 4290 ἰ

321 4340 480 4411 Ἀρτι
538 4341 737 4393 εἴπατε
782 4339 934 4409 ἡμῖν,
973 4336 1060 4390 διὰ
1114 4337 1176 4389 τὸ
1217 4337 1386 4407 ὄνομα
1430 4334 1526 4388 τοῦ
1582 4332 1817 4405 Χριστοῦ
1847 4332 1908 4385 ού

313 4433 495 4487 πάντα
534 4434 612 4486 τὰ
662 4430 790 4502 ἔθνη
842 4432 987 4501 ἡμᾶς
1031 4432 1178 4500 μισεί
1227 4430 1323 4483 καὶ
1374 4428 1716 4500 βδελύττεται
1743 4444 1758 4493 ;
1790 4426 1909 4479 Κᾶν

313 4524 477 4595 ὑμεῖς
509 4524 864 4595 σιωπήσητε,
893 4520 1009 4574 ἀλλ’
1035 4522 1084 4574 0t
1132 4519 1265 4574 λίθοι
1306 4520 1616 4591 κράξονται,
1649 4518 1743 4571 καὶ
1767 4518 1905 4587 αύτὴ

306 4617 365 4669 δὲ
414 4618 533 4672 τῶν
580 4614 929 4687 πραγμάτων
966 4614 999 4683 ἡ
1048 4610 1271 4682 ἀλήθεια
1304 4609 1502 4675 ἱκανῶς
1533 4609 1787 4679 ἑντρέψαι
1816 4608 1906 4661 καὶ

307 4710 669 4781 κατασχῦναι
711 4706 856 4778 ὑμᾶς
887 4705 1130 4768 δύναται,
1170 4704 1263 4758 καὶ
1302 4707 1487 4757 πεῖσαι
1522 4702 1617 4756 καὶ
1651 4703 1903 4764 ἄκοντας,

304 4801 387 4855 ὅτι
414 4799 674 4876 Χριστὸς
710 4800 739 4852 6
767 4796 900 4860 Θεὸς
945 4794 1203 4867 ἐμφανῶς
1238 4792 1370 4870 ἦλθε
1393 4795 1488 4849 καὶ
1528 4795 1622 4847 ἐπὶ
1667 4796 1766 4865 τῆς
1804 4793 1907 4863 γῆς

202 4886 209 4892 ’
304 4892 492 4966 ὤφθη,
523 4893 637 4947 καὶ
664 4889 879 4944 ἔκλινεν
925 4888 1185 4961 οὐρανοὺς
1216 4889 1312 4943 καὶ
1352 4888 1581 4959 κατέδη,
1620 4887 1714 4940 καὶ
1742 4886 1905 4939 πάλιν

304 4984 483 5055 ἐπέϐη
526 4981 635 5036 ἐπὶ
665 4978 953 5052 χερουϐιμ,
1004 4978 1099 5031 καὶ
1140 4975 1438 5049 ὲπετάσθη,
1475 4975 1571 5030 καὶ
1614 4972 1783 5043 ἀνέϐη
1824 4973 1903 5036 εἰς

301 5074 582 5146 οὐρανοὺς
611 5072 675 5124 ἐν
704 5067 1003 5139 ἀλαλαγμῷ
1028 5068 1102 5130 ὡς
1126 5067 1276 5131 Θεός.

373 5167 430 5219 4.
469 5167 606 5218 Ἵνα
649 5162 713 5215 δὲ
765 5159 989 5223 τελείως
1037 5159 1139 5229 τῆς
1188 5159 1485 5230 Ἰουδαϊκῆς
1547 5157 1907 5228 καταγνῶμεν

300 5256 659 5331 πυρώσεως,
690 5252 880 5306 λοιπὸν
907 5251 963 5305 δὲ
984 5252 1080 5306 καὶ
1100 5254 1261 5324 ἡμεῖς
1287 5254 1336 5305 οἱ
1369 5253 1550 5305 πιστοὶ
1574 5250 1907 5324 βεῦαιότεροι

300 5352 359 5404 ἐν
384 5354 453 5422 τῇ
487 5346 747 5423 Χριστοῦ
799 5344 977 5398 πίστει
1023 5343 1340 5412 γενώμεθα·
1375 5344 1506 5415 φέρε
1533 5343 1623 5397 διὰ
1661 5344 1908 5417 βραχέων

298 5446 433 5515 περὶ
461 5445 665 5514 πάσης
696 5439 799 5510 τῆς
822 5435 1059 5508 Χριστοῦ
1075 5438 1386 5509 οἰκονομίας
1418 5438 1512 5492 καὶ¹
1542 5438 1670 5505 περὶ
1684 5436 1785 5507 τῆς
1812 5437 1905 5492 τοῦ

298 5534 660 5607 Εὐαγγελίου
692 5528 988 5598 ἀπολογίας
1008 5529 1073 5581 ἑκ
1100 5529 1199 5599 τῆς
1237 5528 1479 5592 Παλαιᾶς
1507 5527 1781 5601 Διαθήκης
1807 5530 1905 5595 τὰς

366 5746 415 5777 η
456 5742 608 5796 Dan.
658 5753 748 5800 ix,
781 5735 877 5790 24.
972 5735 1019 5767 ’³
1056 5734 1190 5790 ibid.
1222 5732 1320 5792 86.
1397 5734 1443 5770 “
1480 5731 1613 5791 Luc.
1646 5750 1773 5802 xxi,
1807 5735 1897 5793 55.

298 5831 465 5880 xxvi,
506 5810 605 5868 12.
690 5808 738 5840 ’⁸
782 5805 971 5861 Matth.
1003 5821 1161 5876 xxxv,
1190 5805 1244 5862 9.
1444 5803 1459 5812 “

1982 5737 2047 5810 ,⁸⁸
2086 5732 2276 5799 Matth.
2318 5749 2468 5798 εχιτ.
2502 5731 2560 5797 2.

2007 3321 2181 3377 usque
2200 3307 2265 3361 ad
2283 3306 2543 3365 Joannem
2564 3311 2864 3383 Baptistam
2888 3314 3124 3382 futuros,
3147 3325 3387 3389 tuncque
3417 3319 3582 3373 linem

2008 3397 2294 3453 habituros
2321 3401 2368 3431 ⁹⁶
2396 3420 2408 3454 :
2447 3417 2628 3456 annon
2664 3404 2717 3457 id
2754 3403 2957 3459 factum
2980 3407 3101 3461 est?
3121 3405 3256 3473 Quis
3288 3410 3429 3463 enim
3458 3424 3581 3479 pro-

2008 3488 2168 3558 pheta
2203 3490 2345 3559 apud
2379 3506 2478 3576 vos
2520 3494 2724 3548 exstitit
2764 3506 2886 3565 post
2931 3495 3195 3553 Joannem
3244 3498 3583 3570 Baptistam?

2007 3578 2201 3635 Nullus
2232 3581 2493 3649 profecto.
2535 3583 2679 3638 Dixit
2723 3599 2913 3642 rursus
2948 3587 3087 3642 idem
3129 3588 3391 3645 Dominus
3419 3590 3580 3648 Jesns

2009 3670 2264 3727 Christus
2318 3689 2480 3728 verus
2516 3673 2659 3731 Deus
2714 3685 2920 3742 noster,
2959 3677 3309 3750 Evangelium
3360 3684 3413 3736 in
3466 3691 3582 3737 toto

2010 3762 2213 3816 mundo
2230 3764 2579 3833 praedicatum
2609 3767 2677 3821 iri
2701 3769 2744 3799 ⁵³⁷
2766 3788 2779 3822 :
2800 3768 3003 3824 factum
3020 3786 3147 3841 ergo
3169 3772 3222 3826 id
3248 3780 3352 3834 est,
3377 3773 3585 3828 necne’

2012 3850 2155 3905 Dixit
2186 3854 2311 3907 item
2346 3864 2533 3925 portas
2568 3857 2728 3913 inferi
2767 3874 2876 3913 non
2908 3863 3286 3930 praevalituras
3316 3866 3580 3919 adversus

2010 3941 2308 3999 Ecclesiam
2346 3964 2361 4000 :
2396 3948 2639 4018 nunquid
2668 3950 2929 4005 mentitus
2961 3953 3083 4007 est?
3110 3954 3261 4009 Absit
3285 3956 3297 4007 !
3320 3954 3461 4009 Dixit
3488 3972 3584 4010 no-

2011 4032 2095 4088 bis
2126 4034 2221 4104 qui
2249 4038 2303 4088 in
2346 4035 2522 4105 ipsum
2554 4038 2829 4095 credimus
2858 4060 2871 4094 :
2906 4060 2925 4093 ‹
2960 4041 3127 4098 Eritis
3156 4042 3282 4097 odio
3326 4045 3583 4100 omnibus

2013 4132 2234 4194 propter
2262 4142 2457 4181 nomen
2487 4144 2665 4183 meum
2691 4131 2758 4186 ’°.
2797 4150 2815 4183 ι
2859 4131 3033 4188 Dicite
3060 4134 3243 4205 itaque
3275 4138 3454 4201 nobis,
3483 4154 3550 4192 an
3572 4170 3586 4181 -

2014 4228 2123 4267 non
2153 4230 2343 4271 omnes
2370 4215 2815 4289 gentes'propter
2845 4222 3047 4278 Christi
3086 4240 3284 4280 nomen
3321 4226 3446 4282 odio
3479 4243 3581 4283 nos

2014 4305 2215 4360 habent
2259 4314 2313 4361 et
2340 4310 2736 4363 exsecrantur?
2774 4311 3002 4368 Etiamsi
3044 4329 3139 4369 vos
3186 4318 3433 4378 taceatis.
3476 4318 3581 4388 ipsi

2015 4396 2328 4451 clamabunt
2365 4398 2593 4468 lapides,
2645 4401 2871 4472 ipsaque
2913 4419 3094 4459 rerum
3126 4407 3326 4461 veritas
3356 4424 3452 4463 vos
3482 4424 3583 4478 pu-

2016 4489 2148 4543 dore
2174 4490 2311 4545 satis
2344 4491 2542 4560 poterit
2572 4491 2810 4558 afﬁcere,
2846 4504 3111 4566 cogetque
3134 4498 3216 4551 vel
3248 4498 3447 4553 invitos
3469 4514 3586 4553 cre-

1939 4565 1982 4619 Ῐ)
2012 4579 2140 4633 dere
2166 4578 2447 4633 Christum
2490 4578 2659 4635 Deum
2702 4582 2991 4639 manifeste
3025 4565 3275 4648 venisse,
3322 4587 3375 4639 in
3417 4586 3582 4641 terris

2012 4671 2190 4726 visum
2235 4686 2376 4737 esse,
2415 4673 2585 4727 caelos
2638 4672 2931 4729 inclinasse
2968 4682 3023 4729 et
3059 4675 3428 4737 descendisse,
3458 4689 3583 4728 rur-

2013 4777 2245 4833 sumque
2271 4778 2436 4833 super
2464 4764 2751 4820 cherubim
2801 4768 3120 4823 ascendisse
3156 4776 3211 4822 et
3248 4767 3481 4829 volasse,
3511 4766 3582 4822 ad

2010 4854 2292 4924 certosque
2333 4856 2388 4909 in
2418 4855 2746 4926 jubilatione
2773 4870 2833 4913 ut
2861 4858 3026 4914 Deum
3051 4858 3278 4913 rediisse

2084 5164 2137 5218 4.
2180 5163 2249 5218 Ut
2273 5172 2453 5219 autem
2482 5164 2764 5221 Iudaicam
2809 5165 3108 5221 caecitatem
3139 5161 3301 5232 plane
3322 5155 3583 5213 condem-

2019 5272 2235 5320 nemus,
2275 5271 2508 5325 nesque,
2553 5259 2646 5327 qui
2693 5257 2879 5313 ﬁdeles
2912 5269 3124 5317 sumus,
3160 5253 3214 5306 in
3241 5249 3446 5305 Christi
3478 5249 3584 5304 ﬁde

2015 5347 2283 5403 ﬁrmiores
2323 5345 2660 5415 efﬁciamur;
2692 5363 2812 5419 age,
2844 5346 3080 5401 breviter
3099 5345 3166 5399 de
3184 5341 3348 5416 2&9
3367 5340 3584 5395 univer-

2012 5453 2074 5496 sa
2102 5438 2309 5495 Christi
2342 5440 2648 5493 teconomia
2677 5447 2732 5497 et
2777 5453 2877 5508 pro
2919 5435 3197 5507 Evangelii
3241 5431 3583 5492 defensione.

2012 5530 2343 5588 testimoniis
2386 5545 2455 5585 ex
2487 5528 2685 5587 Vetere
2735 5527 3086 5586 Testamento
3130 5525 3420 5597 excerptis,
3467 5521 3584 5577 dis-

2660 5731 2722 5787 ,⁸⁸
2760 5727 2895 5787 Luc.
2936 5744 3059 5799 xvi,
3098 5724 3186 5784 l6.
3293 5724 3345 5799 f7
3386 5718 3581 5777 Matth.
