4088 6382
473 327 581 383 687
1559 323 1617 381 S.
1652 323 2118 381 ATHANASIUS.
2155 353 2232 371 —
2269 324 2539 382 SPURIA.
3611 333 3713 389 688

477 457 744 497 seramus.
768 440 822 494 ld
845 439 989 494 enim
1009 438 1370 494 emolumento
1392 436 1630 492 futurum
1655 445 1739 491 est
1767 437 2041 502 omnibus,

2154 439 2455 510 μαρτυρίας
2498 437 2870 510 ποιησώμεθα.
2899 439 3090 492 Ἔσται
3118 441 3224 513 γὰρ
3253 443 3385 496 πᾶσι
3412 447 3525 509 τοῖς
3547 447 3713 515 ἐγκύ-

475 535 568 603 qui
601 548 713 588 rem
742 530 1073 602 perpendere
1095 530 1292 584 volent.
1320 531 1458 584 Ante
1485 529 1682 584 smcula
1703 543 1824 583 esse
1846 527 2041 583 Filium

2152 547 2374 582 πτουσιν
2419 529 2663 583 ἐντεῦθεν
2705 530 2960 600 ὠφέλεια.
2984 531 3108 586 Ὅτι
3146 533 3470 604 προαιώνιος
3513 537 3542 589 6
3583 537 3714 603 Υἱὸς

474 635 528 680 et
558 625 790 681 Verbum
819 624 934 690 Dei,
953 623 1042 692 qui
1075 622 1335 678 extremis
1360 621 1696 690 temporibus
1729 622 2041 676 incarnatus

2150 618 2243 670 ml
2273 619 2444 688 Λόγος
2476 617 2568 672 τοῦ
2606 619 2741 673 Θεοῦ
2793 621 2878 672 ἐπ’
2907 620 3149 691 ἐσχάτων
3190 622 3492 693 σαρκωθεὶς
3519 627 3584 678 ἐκ
3613 628 3711 680 τοῦ

475 727 578 780 cst,
624 725 770 786 patet
817 731 883 769 ex
919 715 1128 784 psalmo
1159 715 1457 769 centesimo
1497 728 1642 767 nono
1675 731 1688 765 :
1729 730 1746 762 «
1784 711 1862 765 Ex
1898 723 2041 767 utere

2152 707 2229 780 ρθ¹
2258 709 2472 780 ψαλμοῦ
2492 727 2506 741 ·
2547 729 2567 763 «
2595 711 2690 764 Ἐκ
2721 713 2953 782 γαστρὸς
3001 713 3106 783 πρὸ
3147 714 3420 787 ἐωσφόρου
3447 716 3711 788 ἐγέννησά

475 819 600 861 ante
643 806 927 862 luciferum
973 803 1139 874 genui
1173 812 1225 859 te
1253 806 1318 856 ’9.
1366 823 1384 856 ι
1421 803 1636 858 Certum
1667 802 1812 856 enim
1839 809 1923 856 est
1957 817 2050 855 ne-

476 899 677 952 minem
732 897 1010 950 hominum
1068 902 1193 950 ante
1261 895 1546 950 luciferum
1589 909 1711 949 esse
1757 894 2046 964 genitum:

477 1003 600 1041 nam
651 986 843 1042 lucifer
873 995 1066 1057 quarta
1113 987 1200 1041 die
1239 987 1414 1042 factus
1442 993 1544 1050 est,
1571 986 1739 1040 Adam
1772 1000 1900 1038 vero
1928 999 2050 1038 sexo

476 1085 530 1130 ta
573 1077 660 1131 die
695 1076 960 1133 formatus
991 1087 1098 1132 est.
1139 1075 1396 1130 Similiter
1438 1091 1567 1130 vero
1600 1085 1655 1130 et
1695 1074 1951 1129 Salomon
1982 1073 2048 1127 de

479 1166 758 1238 Unigeniti
799 1168 920 1224 Filii
950 1177 1005 1224 et
1039 1167 1202 1223 Verbi
1237 1167 1448 1221 Domini
1486 1167 1658 1221 nostri
1693 1165 1818 1221 Jesu
1849 1165 2048 1220 Christi

473 1261 825 1328 generatione
855 1267 981 1315 ante
1011 1260 1210 1315 saecula
1243 1274 1306 1314 ex
1349 1257 1458 1314 Deo
1488 1269 1542 1314 et
1571 1259 1733 1313 Patre
1780 1258 1859 1313 sic
1903 1259 2049 1313 velut

471 1364 537 1402 ex
569 1349 743 1419 ipsius
773 1348 893 1402 Filii
923 1365 1158 1419 persona
1188 1349 1429 1418 loquitur
1465 1367 1478 1403 :
1518 1367 1536 1400 «
1573 1348 1876 1418 Antequam
1902 1362 2048 1400 mon-

472 1449 556 1496 tes
590 1441 798 1502 tierent,
827 1443 1142 1512 priusquam
1172 1448 1522 1510 erumperent
1551 1441 1749 1502 fontes,
1778 1447 1902 1494 ante
1931 1453 2048 1492 om-

469 1548 568 1588 nes
603 1548 731 1587 vero
760 1533 928 1588 colles
976 1532 1147 1603 gignit
1185 1547 1272 1587 me
1317 1534 1356 1586 ¹.
1399 1552 1417 1584 ι
1473 1530 1920 1601 lnterrogandum
1963 1537 2047 1584 est

470 1624 634 1696 igitur
666 1623 908 1688 Judaaos,
937 1641 1100 1694 quem
1142 1624 1285 1680 Deus
1327 1631 1453 1678 ante
1489 1639 1701 1678 omnem
1735 1638 1846 1678 rem
1891 1637 2044 1676 crea-

469 1723 578 1767 tam
607 1715 885 1784 genuerit?
926 1713 1055 1768 Item
1092 1729 1220 1769 vero
1253 1729 1376 1768 cum
1408 1713 1552 1768 Deus
1581 1713 1646 1769 de
1675 1714 1881 1767 Adamo
1921 1714 1995 1766 ait
2025 1731 2038 1768 :

2151 815 2231 853 σε.
2263 819 2282 851 ι
2315 801 2547 871 Εὔδηλον
2576 802 2652 866 δὲ,
2687 803 2767 855 ὅτι
2795 803 2968 865 οὐδεὶς
3018 803 3315 874 ἀνθρώπων
3358 807 3463 876 πρὸ
3500 809 3708 878 ἑωσφό-

2150 908 2244 961 ρου
2271 892 2550 964 ἐγεννήθη.
2584 894 2640 948 Ὀ
2664 895 2770 966 γὰρ
2808 895 3078 966 ἑωσφόρος
3103 899 3167 966 τῇ
3188 896 3228 948 δ’
3258 898 3438 969 ἡμέρᾳ
3464 899 3704 968 ἐγένετο·

2147 984 2176 1034 ὁ
2212 984 2266 1036 δὲ
2304 984 2469 1055 Ἀδὰμ
2513 988 2578 1056 τῇ
2616 987 2873 1057 ς’ἡμέρᾳ
2921 986 3183 1058 ἐπλάσθη.
3221 988 3492 1052 Ὡσαύτως
3528 991 3583 1043 δὲ
3615 991 3711 1045 ml

2149 1075 2397 1146 Σολομὼν
2423 1079 2549 1148 περὶ
2579 1078 2678 1147 τῆς
2713 1078 2818 1149 πρὸ
2844 1077 3052 1131 αἰώνων
3092 1081 3155 1132 ἐκ
3191 1078 3326 1133 Θεοῦ
3363 1081 3460 1134 καὶ
3496 1081 3710 1154 Πατρὸς

2147 1167 2447 1238 γεννήσεως
2496 1169 2588 1220 τοῦ
2637 1168 2954 1239 μονογενοῦς
2993 1170 3122 1223 Υἱοῦ
3162 1173 3255 1226 ml
3298 1171 3471 1240 Λόγου
3501 1174 3708 1245 Κυρίου

2148 1257 2303 1326 ἡμῶν
2351 1258 2524 1328 Ἰησοῦ
2565 1260 2798 1330 Χριστοῦ
2829 1259 2972 1314 οὕτω
3012 1261 3194 1332 φησὶν,
3217 1262 3292 1324 ὡς
3325 1265 3388 1316 ἐκ
3416 1264 3707 1336 προσώπου

2147 1346 2242 1398 τοῦ
2281 1348 2407 1402 Υῐοῦ
2441 1350 2634 1403 αὐτοῦ’
2671 1370 2688 1400 «
2731 1351 2844 1422 Πρὸ
2873 1351 2966 1405 τοῦ
2998 1353 3098 1424 ὅρη
3129 1353 3442 1425 γενηθῆναι,
3477 1355 3582 1426 πρὸ
3611 1355 3705 1408 τοῦ

2145 1439 2244 1502 τὰς
2267 1440 2446 1510 πηγὰς
2475 1442 2775 1514 προελθεῖν,
2822 1445 2927 1516 πρὸ
2957 1445 3014 1499 δὲ
3059 1446 3273 1500 πάντων
3315 1447 3516 1517 βουνῶν
3544 1452 3707 1521 γεννᾷ

2150 1547 2237 1600 με.
2265 1551 2283 1583 ι
2321 1533 2650 1604 Ἐρωτητέον
2693 1531 2786 1588 οὖν
2837 1535 3018 1589 λοιπὸν
3059 1537 3149 1590 τὸν
3207 1539 3475 1603 Ἰουδαῖον,
3521 1540 3642 1594 τίνα
3677 1542 3707 1593 6

2145 1620 2275 1686 Θεὸς
2298 1625 2402 1695 πρὸ
2432 1626 2611 1698 πάσης
2641 1628 2870 1692 κτίσεως
2905 1629 3224 1701 ἐγέννησεν;
3267 1631 3495 1702 Ὁμοίως
3529 1633 3584 1688 δὲ
3612 1635 3706 1688 ml.

2143 1713 2204 1765 τὸ
2231 1717 2402 1770 εἰπεῖν
2425 1717 2515 1770 τὸν
2541 1718 2672 1772 Θεὸν
2698 1721 2824 1791 περὶ
2852 1720 2944 1773 τοῦ
2978 1721 3168 1792 Ἀδάμ,
3190 1723 3271 1776 ὅτι
3304 1742 3322 1774 «
3362 1725 3494 1779 Ἰδοὺ
3533 1726 3702 1796 ’Λδὰμ

471 1823 494 1856 «
531 1803 669 1859 Ecce
694 1793 869 1858 Adam.
912 1803 1087 1860 factus
1139 1814 1224 1860 est
1272 1805 1419 1860 velut
1453 1821 1593 1858 unus
1642 1819 1705 1858 ex
1751 1803 1909 1858 nobis
1937 1805 1980 1868 ⁸,
2012 1823 2030 1857 ι

2141 1805 2355 1875 γέγονεν
2370 1805 2534 1874 ώςεῖς
2556 1811 2611 1878 ἐξ
2626 1811 2804 1883 ἡμῶν,
2830 1831 2849 1863 ι
2871 1813 3086 1884 Πατέρα
3107 1815 3199 1867 ml
3227 1814 3352 1870 Υἰὸν
3374 1815 3465 1870 καὶ
3480 1793 3701 1888 Πνεῦμα

467 1897 687 1950 Patrem
732 1903 787 1948 et
827 1894 1022 1949 Filium
1065 1904 1120 1951 et
1172 1894 1438 1967 Spiritum
1497 1902 1747 1950 sanctum
1809 1895 2032 1948 indicat.

467 1985 604 2040 Cum
644 1987 842 2056 pariter
869 1986 1070 2042 dicitur
1103 2004 1118 2040 :
1157 2006 1174 2038 «
1227 1985 1373 2041 Pluit
1412 1986 1676 2040 Dominus
1724 2000 1754 2038 a
1807 1983 2037 2040 Domino

461 2077 646 2148 ignem
705 2093 869 2148 super
907 2076 1222 2144 Sodomam,
1257 2079 1278 2108 ³
1308 2097 1327 2130 ι
1367 2077 1528 2132 Pater
1565 2086 1618 2133 et
1649 2076 1822 2134 Filius
1854 2085 2038 2147 aperte

467 2167 826 2236 significatur.

531 2259 584 2314 5.
612 2259 766 2324 Quod
794 2267 976 2313 autem
1003 2258 1146 2314 Deus
1183 2258 1421 2314 Verbum
1463 2259 1626 2314 homo
1655 2266 1708 2315 et
1740 2275 1870 2314 caro
1909 2259 2039 2314 ulti-

465 2349 570 2404 mis
601 2353 935 2420 temporibus
969 2352 1084 2406 ﬁeri
1126 2352 1398 2416 debuerit,
1443 2351 1732 2405 audiamus
1767 2351 1819 2405 id
1853 2366 1882 2404 a
1915 2366 2040 2420 pro-

465 2441 645 2510 phetis
679 2444 903 2498 dictum.
941 2445 1129 2513 Itaque
1153 2444 1233 2498 sic
1255 2445 1333 2496 ait
1366 2441 1634 2512 propheta
1674 2440 1866 2506 David,
1909 2440 2040 2495 «Be-

465 2533 715 2588 nedictus
742 2535 833 2603 qui
867 2536 1014 2589 venit
1047 2537 1102 2590 in
1133 2536 1351 2590 nomine
1396 2535 1646 2601 Domini;
1681 2533 1822 2591 Deus
1857 2533 2041 2588 Domi—

467 2641 592 2689 nus,
613 2634 666 2680 ct
696 2629 947 2697 apparuit
964 2629 1201 2684 nobisin
1225 2629 1289 2680 Et
1309 2644 1522 2693 rursus,
1550 2627 1724 2682 «Deus
1749 2626 2040 2682 manifeste

464 2719 722 2772 veniet’.»
773 2718 942 2774 Isaias
982 2719 1110 2774 item
1163 2721 1238 2774 ita
1283 2720 1572 2790 loquitur:
1616 2718 1763 2772 «Non
1812 2719 2039 2788 angelus

464 2823 643 2878 neque
674 2810 910 2880 legatus,
948 2811 1043 2865 sed
1085 2811 1202 2881 ipse
1244 2809 1511 2866 Dominus
1543 2811 1724 2864 veniet
1757 2817 1811 2864 et
1858 2811 2038 2864 salvos

466 2917 570 2956 nos
605 2901 790 2957 faciet.
822 2903 978 2956 Tunc
1009 2905 1322 2974 aperientur
1355 2903 1498 2956 oculi
1540 2918 1830 2964 caecorum,
1867 2910 1920 2956 et
1947 2917 2040 2956 ex-

466 2990 648 3060 pedita
679 2992 782 3046 erit
815 2992 997 3063 lingua
1027 2993 1308 3047 balbormn
1348 3012 1360 3046 :
1397 2999 1528 3046 tunc
1573 2991 1802 3046 claudus
1833 3002 1890 3045 ut
1920 3006 2038 3046 cer-

465 3097 568 3138 vus
596 3083 830 3139 saliet‘a
867 3085 1152 3139 Christum
1176 3086 1303 3138 item
1336 3099 1402 3138 ex
1455 3083 1653 3138 femina
1687 3084 1898 3154 virgine
1942 3100 2036 3153 ge-

2139 1894 2290 1964 ἅγιον
2311 1897 2477 1968 δηλοῖ.
2508 1900 2616 1954 Καὶ
2654 1900 2814 1953 πάλιν
2844 1902 2906 1954 τὸ
2943 1904 3138 1966 εἰπεῖν,
3171 1903 3252 1956 ὅτι
3277 1922 3297 1956 «
3325 1904 3547 1976 Ἔὸρεξε
3581 1906 3698 1960 Κύ-

2141 2004 2256 2058 ριος
2284 1989 2436 2060 παρὰ
2464 1992 2668 2061 Κυρίου
2697 1993 2804 2064 πῦρ
2831 1993 2925 2046 ἐπὶ
2965 1993 3192 2064 Σόδομα,
3227 2014 3248 2048 ι
3271 1995 3554 2066 προφανῶς
3588 1997 3698 2050 Πα-

2137 2077 2269 2150 τέρα
2290 2081 2382 2132 ml
2409 2080 2534 2134 Υἱὸν
2561 2082 2834 2154 σημαίνει.

2207 2232 2261 2287 5.
2310 2234 2429 2287 Ὀτι
2456 2235 2512 2288 δὲ
2535 2237 2945 2310 ἐνανθρωπῆσαι
2984 2238 3079 2292 ml
3113 2239 3443 2312 σαρκοῦσθαι
3487 2240 3575 2293 ἐπ’
3608 2242 3699 2294 ἐσ-

2137 2325 2316 2395 χάτων
2351 2324 2459 2379 τῶν
2486 2327 2706 2399 ἡμερῶν
2752 2328 2973 2399 ἔμελλεν
3005 2331 3034 2382 6
3065 2330 3196 2394 Θεὸς
3220 2331 3411 2399 Λόγος,
3455 2331 3700 2385 ἀκούσω-

2141 2435 2241 2487 μεν
2263 2417 2368 2470 τῶν
2399 2419 2692 2489 προφητῶν
2715 2421 2813 2483 τὰς
2843 2421 3026 2490 φωνάς
3053 2422 3335 2491 λεγόντων,
3386 2422 3478 2476 τοῦ
3522 2423 3702 2494 μέντοι

2139 2513 2416 2583 προφήτου
2477 2512 2678 2564 Δαϐίδο
2730 2533 2748 2564 «
2789 2513 3161 2585 Εὐλογημένος
3220 2517 3248 2568 ὁ
3309 2516 3601 2587 ἐρχόμενος
3643 2516 3702 2569 ἐν

2138 2605 2360 2676 ὀνόματι
2391 2605 2596 2676 Κυρίου
2624 2622 2637 2636 ο
2665 2605 2795 2670 Θεὸς
2824 2606 3047 2678 Κύριος,
3075 2609 3169 2660 καὶ
3186 2607 3454 2677 ὲπέφανεν
3487 2609 3616 2678 ⁴ἡμῖν
3635 2624 3649 2638 ο
3677 2625 3696 2660 ι

2140 2698 2232 2750 ml
2265 2693 2458 2750 πάλιν·
2499 2715 2516 2748 ι
2569 2697 2626 2752 '0
2660 2697 2791 2762 Θεὸς
2822 2698 3080 2769 ἐμφανῶς
3102 2698 3249 2770 ἣξει·
3294 2720 3314 2752 ι
3351 2700 3446 2754 τοῦ
3475 2700 3531 2754 δέ
3567 2717 3702 2772 προ-

2139 2790 2306 2858 φήτου
2361 2789 2580 2842 Ἡσαΐου
2603 2806 2616 2819 ·
2667 2809 2684 2840 «
2711 2791 2826 2844 Οὐκ
2867 2791 3096 2860 ἄγγελος
3141 2792 3260 2846 οὐδὲ
3290 2792 3552 2864 πρέσϐυς,
3590 2791 3706 2845 ἀλλ’

2138 2879 2299 2942 αὐτὸς
2329 2881 2357 2931 6
2383 2879 2587 2950 Κύριος
2613 2881 2732 2952 ἣξει
2766 2882 2860 2934 ml
2892 2881 3052 2937 σώσει
3079 2885 3244 2954 ἡμᾶς.
3273 2884 3405 2936 Τότε
3435 2882 3704 2954 ὀφθαλμοὶ

2137 2971 2350 3040 τυφλῶν
2377 2975 2810 3046 ἀνοιχθήσονται,
2836 2977 2931 3028 ml
2959 2975 3128 3047 τρανὴ
3159 2975 3309 3028 ἔσται
3344 2976 3564 3045 γλῶσσα
3609 2993 3705 3046 μο-

2138 3063 2371 3131 γιλάλων
2393 3065 2514 3118 τότε
2544 3069 2572 3119 6
2599 3066 2770 3136 χωλὸς
2789 3067 2864 3130 ὡς
2886 3066 3080 3136 ἔλαφος
3105 3069 3330 3122 άλείται.
3367 3088 3386 3120 ι
3419 3069 3542 3122 ’Ότι
3564 3069 3619 3122 δέ
3643 3069 3708 3121 ἐκ

465 3173 770 3227 nerandum
794 3188 916 3230 esse
933 3173 1222 3230 audiamus
1243 3188 1310 3226 ex
1337 3171 1423 3228 his
1450 3170 1605 3228 lsaize
1621 3172 1896 3242 propheta:
1918 3188 2038 3226 ver-

2141 3156 2396 3223 γυναικὸς
2443 3156 2707 3228 παρθένου
2743 3157 3067 3230 γεννηθῆναι
3114 3161 3142 3212 6
3182 3161 3418 3231 Χριστὸς
3457 3159 3704 3230 ἔμελλεν,

466 3264 553 3317 bis
592 3282 605 3318 :
645 3263 815 3318 «Ecce
851 3265 1006 3334 virgo
1031 3265 1327 3335 concipiet,
1359 3272 1412 3320 et
1432 3265 1607 3335 pariet
1638 3265 1832 3330 tilium,
1862 3273 1915 3320 et
1945 3281 2041 3319 vo-

467 3350 670 3406 cabunt
691 3367 886 3406 nomen
901 3352 950 3423 ej
961 3368 1022 3408 us
1036 3353 1400 3408 Emmanuel'.
1416 3373 1434 3406 ι
1459 3353 1602 3409 Idem
1626 3369 1843 3419 rursus,
1866 3375 1883 3405 «
1898 3353 2040 3410 Puer

463 3451 635 3497 nutus
679 3453 763 3498 est
792 3443 975 3508 nobis,
1011 3451 1066 3499 et
1112 3444 1260 3499 filius
1299 3445 1460 3500 datus
1489 3453 1572 3500 est
1608 3445 1806 3513 nobis;
1836 3454 1890 3502 et
1939 3461 2038 3500 vo-

463 3533 682 3588 cabitur
710 3549 910 3590 nomen
967 3535 1088 3605 ejus
1129 3535 1305 3606 Magni
1334 3535 1552 3590 consilii
1586 3537 1831 3607 angelus,
1862 3538 2038 3592 admi-

458 3625 675 3691 rabilis,
705 3627 1078 3693 consiliarius,
1105 3626 1249 3682 Deus
1289 3627 1469 3694 fortis,
1514 3637 1728 3697 potens,
1778 3628 2037 3698 princeps

467 3717 638 3786 pacis,
668 3727 820 3787 pater
849 3718 1018 3772 futuri
1041 3717 1284 3774 saeculi“.
1316 3736 1334 3769 ι
1367 3717 1570 3772 Deinde
1603 3717 1744 3771 idem
1770 3719 2031 3788 propheta

464 3807 644 3861 locum
675 3809 854 3878 ipsum
896 3809 1121 3872 indicat,
1147 3809 1240 3862 ubi
1268 3809 1318 3862 in
1351 3807 1516 3861 terris
1549 3807 1803 3862 Christus
1852 3809 2035 3861 incar-

467 3901 681 3955 nandns
704 3909 843 3964 erat,
875 3917 1068 3971 nempe
1105 3900 1394 3955 Nazareth.
1439 3898 1640 3954 «Terra
1681 3898 1945 3963 Zabulon,
1984 3910 2038 3954 et

473 4001 619 4044 terra
647 3991 1018 4061 Nephthalim,
1041 3993 1125 4046 via
1157 3993 1346 4054 maris,
1383 3998 1537 4045 trans
1569 3988 1886 4052 Jordanem,
1927 3988 2036 4043 Ga-

466 4079 606 4133 lilaea
653 4081 938 4150 gentium:
970 4083 1202 4150 populus
1251 4080 1343 4147 qui
1398 4080 1451 4132 in
1505 4078 1744 4132 tenebris
1791 4077 2035 4143 sedebat,

468 4169 605 4223 vidit
634 4171 808 4224 lucem
839 4170 1168 4239 ntagnatn’.»
1198 4167 1358 4222 Patet
1395 4175 1574 4221 autem
1610 4167 1868 4237 populum
1907 4182 2037 4237 gen-

467 4261 627 4323 tium,
675 4262 728 4314 in
761 4260 996 4314 tenebris
1046 4259 1383 4328 ignorantiae,
1410 4258 1614 4313 erroris
1639 4266 1692 4312 et
1723 4258 2037 4313 idololatriae

467 4349 700 4404 sedisse.
716 4348 870 4404 Unde
887 4349 1057 4404 David
1079 4349 1285 4405 docens
1310 4349 1476 4404 Deum
1498 4349 1894 4405 incarnandum
1915 4367 2037 4407 esse

466 4448 690 4510 propter
705 4450 916 4511 gentes,
942 4443 1038 4505 ait,
1067 4441 1363 4512 «Regnavit
1386 4439 1528 4495 Deus
1553 4456 1720 4510 super
1736 4443 2030 4512 gentes‘h
2067 4475 2111 4528 υ

467 4531 615 4586 Idem
640 4540 902 4602 praeterea
929 4533 1192 4603 propheta
1219 4545 1479 4602 tanquam
1506 4549 1570 4588 ex
1593 4548 1828 4603 persona
1858 4534 2035 4591 Patris

468 4625 532 4676 ad
562 4621 758 4678 Filium
790 4625 866 4679 ait
899 4644 911 4679 :
950 4624 1205 4680 «Postula
1235 4639 1266 4678 a
1297 4641 1404 4692 me,
1441 4634 1495 4682 et
1530 4625 1676 4680 dabo
1719 4626 1817 4682 tibi
1845 4634 2036 4697 gentes

465 4713 833 4773 hereditatem
858 4718 1110 4772 tuam“.i
1148 4716 1286 4772 Hine
1306 4718 1492 4786 etiam,
1542 4717 1774 4774 «Omnes
1823 4727 2035 4789 gentes,

466 4807 704 4874 plaudite
745 4809 1101 4864 manibus“.r
1150 4808 1217 4863 Et
1268 4824 1485 4868 rursus.
1537 4810 1770 4866 «Omnes
1823 4818 2032 4881 gentes,

464 4915 818 4971 quascunque
855 4901 1057 4966 fecisti,
1089 4901 1308 4956 venient
1332 4912 1386 4958 et
1415 4903 1725 4957 adorabunt
1749 4918 1932 4957 coram
1961 4911 2035 4964 te,

465 4987 710 5056 Domine,
729 4993 1180 5064 etglorificabunt
1201 5007 1398 5048 nomen
1415 5003 1568 5046 tuum
1591 4994 1646 5046 in
1666 4993 1996 5046 saeculum”.
2013 5013 2032 5043 ι

2150 3246 2372 3300 Ἡσαΐου
2416 3248 2507 3300 τοῦ
2557 3250 2834 3322 προφήτου
2862 3249 3023 3304 πάλιν
3057 3250 3376 3322 ἀκούσωμεν
3423 3249 3704 3320 λέγοντος·

2145 3358 2163 3392 «
2207 3341 2335 3393 Ἰδοὺ
2367 3343 2399 3411 ή
2435 3341 2700 3413 παρθένος
2731 3345 2788 3396 ἐν
2817 3344 3015 3416 γαστρὶ⁸
3045 3342 3174 3408 ἕξει,
3201 3344 3295 3398 ml
3333 3342 3544 3407 τέξεται
3572 3343 3705 3406 υἱὸν,

2137 3433 2231 3486 καὶ⁵
2275 3433 2559 3487 καλέσουσι
2609 3434 2670 3488 τὸ
2712 3435 2885 3506 ὄνομα
2927 3434 3092 3488 αὑτοῦ
3138 3434 3518 3506 Ἐμμανουήλο
3559 3451 3578 3486 ι
3613 3433 3709 3488 ml

2139 3523 2300 3577 πάλιν
2332 3526 2360 3577 6
2392 3525 2589 3589 αὐτός·
2643 3543 2661 3577 «
2701 3526 2920 3580 Παιδίον
2969 3526 3237 3598 ἐγεννήθη
3281 3528 3436 3599 ἡμῖν,
3473 3525 3586 3589 υίὸς
3616 3525 3710 3578 ml

2141 3613 2292 3686 ἐδόθη
2339 3616 2491 3685 ἡμῖν,
2537 3617 2632 3669 ml
2678 3616 2920 3670 καλεῖται
2961 3616 3023 3671 τὸ
3061 3617 3232 3689 ὄνομα
3255 3616 3417 3671 αὑτοῦ
3452 3615 3710 3684 Μεγάλης

2141 3705 2330 3778 βουλῆς
2359 3707 2608 3775 ἄγγελος,
2645 3707 2979 3779 θαυμαστὸς,
3023 3707 3344 3780 σύμεουλος,
3391 3708 3523 3772 Θεὸς
3564 3709 3711 3777 ἰσχυ-

2143 3798 2252 3868 ρὸς,
2296 3799 2666 3870 ἐξουσιαστὴς,
2708 3800 2892 3872 ἄρχων
2931 3801 3173 3873 είρὴνης,
3221 3801 3406 3870 πατὴρ
3446 3797 3540 3852 τοῦ
3582 3798 3710 3870 μέλ-

2137 3890 2314 3953 λοντος
2349 3891 2542 3952 αἰῶνος
2569 3928 2582 3942 .
2624 3908 2642 3940 ι
2681 3887 2813 3943 Εἶτα
2844 3891 2873 3943 6
2909 3891 3072 3956 αὐτὸς
3114 3892 3400 3962 προφήτης
3432 3889 3579 3958 λέγει
3615 3888 3710 3942 καὶ

2135 3981 2216 4045 τὸ,
2250 3979 2352 4033 ποῦ
2387 3979 2568 4050 μέλλει
2595 3979 2688 4031 ἐπὶ
2715 3980 2818 4050 γῆς
2852 3978 3184 4050 σαρκοῠσθαι
3211 3979 3239 4032 ὁ
3267 3977 3522 4049 Χριστὸς,
3557 3993 3711 4029 τουτ-

2138 4072 2284 4126 έστιν
2327 4074 2384 4126 ἐν
2424 4072 2678 4145 Ναζαρέθ
2707 4113 2720 4126 .
2755 4091 2774 4125 ι
2803 4071 2880 4141 Γῆ
2917 4069 3203 4124 Ζαϐουλὼν
3247 4070 3339 4123 καὶ
3378 4069 3448 4138 γῆ
3491 4066 3709 4136 Νεφθα-

2135 4167 2282 4239 λείμ,
2333 4167 2451 4228 ὁδὸς
2485 4165 2757 4236 θαλάσσης
2802 4163 2972 4234 πέραν
3007 4160 3103 4214 τοῦ
3139 4161 3425 4232 Ἰορδάνου,
3451 4156 3707 4210 Γαλιλαία

2135 4260 2243 4313 τῶν
2272 4259 2439 4312 ἐθνῶν
2459 4275 2471 4287 ·
2504 4259 2532 4310 ὁ
2562 4257 2688 4320 λαὸς
2713 4259 2741 4310 6
2770 4256 3076 4326 καθήμενος
3124 4254 3182 4307 ἐν
3224 4252 3402 4306 σκότει
3442 4249 3557 4320 φῶς
3602 4243 3710 4300 εἶδε

2139 4353 2302 4424 μέγα.
2337 4371 2356 4404 ι
2393 4351 2661 4422 Πρόδηλον
2698 4349 2775 4412 δὲ,
2821 4350 2906 4402 ὅτι
2953 4349 3060 4402 τῶν
3101 4345 3270 4401 ἐθνῶν
3310 4342 3440 4405 λαὸς
3474 4339 3712 4410 ἐκάθητο

2139 4447 2195 4498 ἐν
2226 4444 2408 4500 σκότει
2435 4443 2536 4512 τῆς
2555 4442 2851 4509 ἀγνωσίας,
2875 4439 3103 4510 πλάνης,
3127 4439 3220 4492 ml
3244 4431 3708 4504 είδωλολατρείας.

2140 4539 2230 4593 Διὸ
2263 4537 2358 4592 καὶ
2397 4537 2426 4589 6
2463 4535 2648 4596 Δαϐὶδ,
2699 4533 2930 4597 δεικνὺς,
2970 4532 3050 4584 ὅτι
3091 4529 3178 4582 διὰ
3220 4527 3290 4581 τὰ
3328 4525 3456 4596 ἔθνη
3510 4525 3539 4578 6
3577 4521 3712 4586 Θεὸς

2143 4626 2474 4700 σαρκοῦσθαι
2495 4622 2738 4695 ἔμελλεν,
2761 4622 2964 4691 ἔλεγενσ
2990 4641 3009 4672 «
3032 4617 3406 4673 Ἐϐασίλευσεν
3428 4616 3456 4668 6
3472 4613 3606 4676 Θεὸς
3619 4611 3715 4665 ἐπὶ

2139 4720 2208 4772 τὰ
2223 4717 2370 4789 ἔθνη.
2393 4737 2412 4768 ι
2434 4717 2544 4770 Kal
2580 4716 2743 4769 πάλιν
2773 4717 2801 4767 6
2835 4713 2996 4776 αὐτὸς
3019 4711 3304 4783 προφήτης
3325 4708 3401 4768 ὡς
3439 4709 3504 4760 ἐκ
3538 4720 3710 4776 προσ-

2141 4809 2290 4863 ώπου
2313 4808 2408 4861 τοῦ
2439 4807 2651 4879 Πατρὸς
2694 4805 2832 4877 πρὸς
2879 4805 2968 4857 τὸν
3007 4803 3135 4856 Υίόν
3173 4817 3370 4873 φησιν·
3428 4820 3444 4849 «
3483 4800 3711 4868 Αἴτησον

2141 4901 2270 4972 παρ’
2321 4899 2479 4970 ἐμοῦ,
2527 4899 2622 4952 ml
2671 4897 2828 4952 δώσω
2879 4913 2962 4949 σοι
3007 4895 3133 4966 ἔθνη
3192 4893 3292 4964 τὴν
3349 4887 3712 4959 κληρονομίαν

2143 5011 2234 5045 σου
2257 5012 2272 5023 ·
2301 5011 2317 5041 ι
2344 4992 2423 5044 διὸ
2451 4991 2544 5045 ml
2582 5010 2598 5042 «
2621 4991 2807 5044 Πάντα
2832 4987 2902 5041 τὰ
2931 4987 3082 5057 ἔθνη,
3102 4986 3406 5058 κροτήσατε
3443 4983 3632 5051 χεῖρας
3651 4994 3664 5008 ·
3688 4995 3708 5028 ι

465 5082 558 5134 ml
581 5082 773 5136 πάλιν·
812 5102 830 5135 «
862 5083 1048 5137 Πάντα
1072 5084 1142 5137 τὰ
1167 5083 1315 5154 ἔθνη,
1343 5085 1444 5137 ὅσα
1492 5083 1774 5152 ἐποίησας,
1818 5083 2030 5154 ἥξουσι,
2067 5087 2160 5139 ml.
2199 5085 2668 5158 προσκύνησουσιν
2712 5081 2944 5137 ἐνώπιόν
2987 5096 3104 5146 σου,
3141 5078 3336 5150 Κύριε,
3403 5077 3500 5130 ml
3565 5071 3716 5138 δοξά-

465 5193 613 5230 σουσι
643 5177 703 5230 τὸ
732 5178 903 5249 ὄνομά
931 5196 1022 5231 σου
1056 5181 1135 5241 είς
1160 5179 1252 5231 τὸν
1283 5177 1478 5234 αἰῶνα.

535 5271 585 5324 6.
629 5270 785 5337 Quod
815 5281 996 5326 autem
1022 5273 1074 5325 in
1098 5271 1414 5326 Bethlehem
1467 5270 1636 5342 (quod
1661 5279 1764 5338 est,
1793 5273 1840 5328 si
1868 5274 2040 5327 inter-

463 5363 715 5428 preteris,
750 5363 945 5416 Domus
977 5362 1152 5432 punis)
1187 5364 1500 5419 nasciturus
1537 5375 1654 5419 erat
1693 5367 1851 5435 panis
1888 5366 2035 5430 vitae,

535 5583 574 5612 ³⁷
615 5581 757 5638 Psal.
795 5600 914 5646 eux,
953 5587 1006 5639 5.
1085 5589 1104 5618 ¹
1146 5586 1306 5640 Prov.
1345 5603 1473 5647 vnt,
1506 5588 1598 5642 25.

462 5666 620 5710 XLIX,
648 5653 701 5705 5.
777 5654 796 5678 ⁸
828 5655 930 5708 lsa.
967 5671 1127 5717 xxxv,
1164 5657 1217 5716 4,
1248 5658 1300 5710 5.

466 5722 507 5752 ³³
544 5720 685 5776 Psal.
725 5738 844 5776 ιι.ιί
869 5764 882 5789 ,
923 5724 971 5777 l.
1051 5725 1092 5756 ³³
1132 5723 1274 5779 Psal.
1312 5741 1509 5791 Lxxxv,
1547 5727 1595 5778 9.

1671 5590 1692 5618 ‘
1733 5587 1866 5642 Gen.
1907 5603 2004 5650 ιιι,
2039 5587 2128 5641 22.

1377 5659 1396 5687 ⁷
1434 5657 1536 5710 lsa.
1573 5672 1678 5724 vtt,
1721 5659 1800 5713 M.
1881 5659 1900 5688 ⁶
1937 5663 2041 5713 lsa.
2079 5674 2130 5711 ιχ
2161 5699 2174 5723 ,
2213 5658 2265 5710 6.
2342 5659 2361 5689 ’
2399 5657 2529 5710 ibid.
2571 5659 2620 5710 Ι.

2217 5275 2271 5331 6.
2316 5275 2438 5325 Ὅτι
2483 5272 2539 5325 δὲ
2580 5273 2636 5323 ἐν
2689 5267 2936 5340 Βηθλεέμ
2981 5267 3122 5337 (ἥτις
3156 5260 3716 5337 ἑρμηνεύεται-Οἶκος

2147 5364 2250 5417 τοῦ
2279 5363 2506 5432 ἄρτου),
2532 5359 2723 5432 ἔμελλε
2758 5357 3014 5429 γενέσθαι
3047 5359 3075 5409 6
3103 5356 3267 5426 ἄρτος
3296 5356 3394 5426 τῆς
3427 5354 3594 5427 ζωῆς,
3625 5354 3714 5408 ml

2233 5587 2253 5618 ³
2292 5585 2423 5641 Gen.
2464 5602 2588 5647 xt-x,
2625 5585 2718 5638 24.
2815 5583 2836 5614 ⁵
2875 5581 3020 5638 Psal.
3056 5595 3238 5647 cxvii,
3272 5579 3364 5634 28.
3471 5577 3494 5610 '
3533 5574 3678 5631 Psal.

2702 5656 2745 5686 ¹⁰
2782 5653 2924 5709 Psal.
2958 5665 3082 5705 ιιγι
3105 5690 3119 5717 ,
3154 5651 3210 5706 8.
3289 5652 3330 5681 ¹¹
3372 5647 3517 5704 Psal.
3553 5662 3626 5712 ιι,
3653 5647 3706 5700 8.
