4088 6382
344 377 447 435 689

1393 384 1866 453 QUESTIONES
1901 384 1997 439 AD
2031 383 2436 441 ANTIOCHUM
2474 385 2725 443 DUCEM.

3503 391 3609 446 θῦε)

344 498 426 552 ὅτι
457 497 789 570 πρωιὼνιός
810 503 957 555 ἐστιν
987 504 1020 573 ή
1050 504 1116 557 ἐκ
1160 504 1255 558 τοῦ
1288 505 1699 578 Πατρδς.αὺτοῦ
1738 505 1932 580 γέννη-

2041 506 2294 578 quodque
2321 516 2451 564 ante
2482 508 2680 563 sarcula
2706 504 2796 565 'sit
2837 506 2956 577 ejus
2998 522 3062 563 ex
3110 508 3265 563 Patre
3307 511 3606 580 generatio,

347 606 451 652 σις,
493 589 845 663 ἀκούσωμεν,
873 592 967 646 τοῦ
1018 596 1299 666 προφήτου
1347 598 1582 669 Μιχαίου
1630 598 1919 667 λέγοντος·

351 701 371 735 «
410 684 517 736 Καὶ
547 683 636 748 σὺ,
678 684 951 758 Βηθλεὲμ,
985 682 1133 752 οἶκος
1163 689 1257 743 τοῦ
1311 690 1578 762 Ἐφραθὰ,
1628 691 1703 763 μὴ
1748 691 1928 760 όλιγο-

350 775 472 840 στὸς
504 770 556 828 εἴ
592 774 688 831 τοῦ
737 773 876 832 εἶναι
919 780 977 833 ἐν
1013 779 1249 850 χιλιάσιν
1290 781 1494 836 Ἰούδαο
1543 784 1638 837 Ἐκ
1684 782 1777 836 σοῦ
1817 782 1928 856 γάρ

352 883 441 939 μοι
473 865 815 931 ἐξελεύσεται
828 868 924 924 τοῦ
953 865 1091 925 εἶναι
1113 871 1449 944 είςᾶρχοντα
1481 874 1541 927 ὲν
1567 873 1648 945 τῷ
1684 873 1925 945 Ἰσραὴλ,

349 958 445 1012 καὶ
482 957 661 1024 ἔξοδος
700 960 865 1014 αὑτοῦ
915 961 1010 1015 ἀπ’
1058 963 1235 1036 ἀρχῆς
1284 963 1345 1030 ἐξ
1379 965 1601 1037 ἡμερῶν
1649 966 1865 1030 αἰῶνος.
1904 983 1924 1019 ι

352 1048 477 1104 Ὅτι
508 1050 567 1104 δὲ
608 1053 667 1105 ὲν
698 1050 839 1106 Σιὼν
863 1053 1046 1125 μέλλει
1078 1054 1441 1126 φανεροῦσθαι
1485 1059 1515 1111 6
1546 1057 1804 1129 Χριστὸς,
1835 1058 1932 1112 καὶ

290 1143 295 1149 ’
352 1143 433 1197 ὃτι
462 1142 725 1213 ’Υψιστός
748 1146 887 1211 ἐστι,
921 1145 1086 1200 Δασὶδ
1114 1147 1144 1198 6
1172 1148 1460 1220 προφήτης
1481 1151 1539 1203 ὲν
1569 1148 1647 1220 τῷ
1667 1156 1764 1215 πς’
1797 1149 1933 1221 ψαλ-

359 1235 443 1307 μῷ
480 1235 623 1290 οὕτω
661 1236 993 1310 προφητεύει
1036 1238 1211 1309 λέγων
1238 1256 1253 1271 ·
1305 1260 1324 1293 «
1354 1242 1555 1315 Μήτηρ
1610 1240 1750 1296 Σιὼν
1795 1244 1931 1315 ὲρεῖ,

359 1328 680 1400 Ἄνθρωπος
705 1331 802 1385 καὶ
834 1331 1117 1403 ἄνθρωπος
1141 1334 1405 1407 ἐγεννήθη
1425 1337 1483 1388 ἐν
1520 1335 1681 1407 αὐτῇ,
1713 1336 1807 1391 καὶ
1834 1338 1934 1390 αύ-

353 1420 446 1484 τὺς
490 1419 855 1490 ιθεμελίωσεν
917 1421 1087 1494 αὐτὴν
1141 1424 1171 1477 6
1213 1423 1499 1493 ’Υψιστος.
1544 1444 1563 1476 ι
1622 1425 1785 1478 Ὥστε
1843 1421 1935 1479 οὖν

356 1513 581 1584 ὕψιστός
618 1518 769 1568 ἐστιν
806 1517 836 1569 ό
866 1515 1100 1587 Χριστὸς
1139 1517 1168 1570 6
1211 1516 1343 1581 Υἱὸς
1387 1517 1483 1572 τοῦ
1524 1515 1682 1573 Θεοῦ.
1715 1519 1835 1573 Ὀτι
1880 1518 1938 1573 δὲ

354 1607 567 1679 τεχθεὶς
605 1609 634 1661 6
668 1607 907 1679 Χριστὸς
964 1608 1156 1681 ἔμελλε
1206 1609 1346 1681 μετὰ
1398 1610 1499 1681 τῆς
1549 1610 1682 1674 ἰδίας
1732 1610 1939 1683 μητρὸς

354 1697 456 1769 τῆς
506 1699 886 1771 πνευματικῆς
937 1698 1168 1770 νεφέλης
1205 1698 1462 1775 ἔρχεσθαι
1513 1701 1595 1765 είς
1643 1700 1938 1770 Αἴγυπτον,

263 1850 267 1856 ,
368 1789 591 1844 Ἡσαΐου
618 1788 714 1843 τοῦ
750 1790 1028 1862 προφήτου
1069 1790 1390 1862 ἀκούσωμεν
1415 1790 1664 1859 λέγοντος
1682 1808 1696 1823 ο
1740 1809 1761 1843 «
1809 1790 1938 1845 Ἰδοὺ

2029 598 2321 654 audiamus
2370 598 2646 655 Michaaam
2678 600 2999 670 prophetam
3032 600 3325 664 dicentem,
3386 600 3482 655 «Et
3528 613 3609 669 tu,

2033 689 2369 756 Bethlehem,
2417 691 2612 746 domus
2644 688 2940 760 Epliratha,
2986 706 3096 745 non
3147 690 3375 744 minima
3428 706 3488 746 es
3556 691 3609 745 in

2029 784 2273 840 millibus
2304 784 2444 840 Iuda
2477 804 2491 840 ι
2530 801 2596 841 ex
2626 795 2676 842 te
2700 787 2847 841 enim
2877 786 3008 840 mihi
3047 784 3376 857 egredietur,
3409 785 3503 856 qui
3539 785 3615 842 sit

2029 876 2344 932 dominator
2371 878 2426 931 in
2463 876 2652 941 Israel,
2688 886 2744 933 et
2779 893 3032 948 egressus
3064 878 3183 948 ejus
3230 879 3299 933 ab
3326 879 3506 944 initio,
3546 893 3613 933 ex

2030 966 2227 1022 diebus
2248 966 2500 1022 saeculi“.
2518 989 2536 1021 ι
2560 968 2718 1035 Quod
2748 970 2875 1025 item
2898 970 2952 1023 in
2976 968 3107 1024 Sion
3122 969 3375 1025 Christus
3393 968 3615 1041 appari-

2032 1069 2191 1114 turus
2224 1068 2392 1125 esset,
2417 1067 2471 1116 et
2501 1061 2648 1131 quod
2683 1060 2801 1131 ipse
2828 1060 2899 1116 sit
2922 1060 3261 1126 Altissimus,
3289 1060 3461 1116 David
3484 1075 3618 1131 ι)ιό⁸

2032 1149 2197 1221 pheta
2225 1151 2438 1220 psalmo
2466 1152 2800 1222 octogesimo
2840 1158 2996 1207 sexto
3021 1152 3107 1208 his
3149 1151 3333 1208 verbis
3381 1151 3621 1223 prophee

2034 1247 2116 1295 tat
2152 1257 2168 1296 :
2206 1240 2411 1297 «Mater
2438 1241 2570 1297 Sion
2601 1243 2768 1308 dicet,
2798 1241 2972 1297 Homo
3004 1250 3057 1299 et
3084 1243 3246 1298 homo
3267 1251 3431 1299 natus
3447 1251 3532 1299 est
3560 1243 3621 1300 in

2036 1346 2121 1398 ea,
2153 1342 2207 1388 et
2236 1334 2354 1404 ipse
2386 1333 2637 1390 fundavit
2669 1351 2789 1390 eam
2824 1335 3247 1391 Altissimus‘h
3298 1335 3487 1407 Itaque
3520 1334 3617 1389 Al-

2039 1422 2289 1481 tissimus
2319 1433 2403 1479 est
2428 1424 2683 1481 Christus
2710 1423 2885 1481 Filius
2932 1425 3047 1479 Dei.
3088 1423 3245 1491 Quod
3285 1439 3416 1480 vero
3454 1430 3620 1479 natus

2037 1516 2298 1572 Christus
2339 1530 2465 1571 cum
2502 1516 2724 1587 prapria
2773 1524 2971 1580 matre,
3022 1517 3293 1587 spirituali
3337 1517 3500 1585 nube,
3556 1516 3615 1571 in

2039 1606 2334 1680 Egyptum
2383 1617 2501 1663 erat
2542 1616 2832 1674 venturus,
2898 1608 3187 1664 audiamus
3242 1607 3436 1664 Isaiam
3496 1624 3627 1679 pro-

2041 1698 2261 1769 phetam
2310 1698 2611 1764 dicentem,
2658 1699 2834 1755 «Ecce
2871 1699 3137 1756 Dominus
3178 1698 3331 1756 sedet
3378 1698 3434 1753 in
3484 1699 3631 1754 nube

2045 1788 2169 1853 levi,
2196 1790 2489 1860 venictqne
2549 1790 2607 1843 in
2651 1788 2974 1862 Egyptum,
3030 1798 3083 1845 et
3140 1791 3629 1845 commovebuntur

358 1879 561 1953 Κύριος
588 1880 827 1952 κάθηται
866 1881 959 1935 ἐπὶ
1009 1879 1240 1952 νεφέλης
1288 1880 1517 1952 κούφης,
1568 1883 1663 1936 καὶ
1701 1881 1821 1951 ήξει
1858 1883 1937 1946 είς

2042 1879 2336 1936 simulacra
2357 1881 2650 1953 Egypti“.
2668 1902 2687 1935 ι
2712 1882 2869 1949 Quod
2884 1890 3089 1947 autem,
3110 1897 3235 1940 cum
3255 1882 3630 1955 baptizaretur

358 1970 654 2041 Αἴγυπτον,
682 1972 778 2027 καὶ
811 1972 1189 2046 σεισθήσονται
1221 1972 1291 2027 τὰ
1325 1973 1681 2045 χειροποίητα
1718 1973 1930 2043 Αίγύπ-

357 2078 473 2117 του.
509 2082 529 2115 ι
566 2064 691 2117 Ὅτι
726 2065 785 2118 δὲ
836 2063 1230 2136 βαπτιζομένου
1259 2064 1353 2118 τοῦ
1378 2064 1636 2135 Χριστοῦ,
1660 2064 1882 2136 ἔμελλεν
1903 2067 1932 2120 6

357 2151 546 2225 Πατήρ
586 2154 795 2209 ἄνωθεν
844 2154 994 2227 αὐτῷ
1037 2158 1360 2229 μαρτυρεῖν,
1409 2157 1469 2210 ἐν
1492 2155 1572 2228 τῷ
1606 2158 1695 2229 κη’
1732 2157 1933 2231 ψαλμῷ

358 2244 670 2317 γέγραπται
702 2243 847 2299 οὕτω
871 2262 887 2277 ·
935 2264 955 2297 «
987 2246 1143 2319 Φωνὴ
1183 2247 1395 2320 Κυρίου
1432 2248 1525 2301 ἐπὶ
1562 2249 1673 2303 τῶν
1701 2250 1932 2314 ὑδάτων,

354 2334 385 2389 6
424 2335 559 2401 Θεὸς
604 2337 706 2408 τῆς
746 2338 908 2410 δόξης
954 2340 1305 2411 ἐϐρόντησεν,
1343 2340 1549 2414 Κύριος
1584 2342 1678 2396 ἐπὶ
1724 2343 1934 2399 ὑδάτων

356 2426 588 2483 πολλῶν.
634 2448 655 2482 ι
706 2425 840 2484 Εἶτα
890 2431 1021 2504 περὶ
1061 2432 1170 2487 τῶν
1212 2431 1508 2505 θαυμάτων
1533 2434 1629 2488 καὶ
1667 2436 1933 2506 ίαμάτων,

353 2511 512 2598 ὧν.ό
564 2522 801 2592 Χριστὸς
844 2523 939 2578 καὶ
987 2524 1119 2590 Θεὸς
1175 2524 1333 2597 ἡμῶν
1391 2527 1648 2598 ἐποίησεν
1707 2528 1937 2594 Ἡσαΐας

355 2611 505 2683 ἡμᾶς
527 2612 772 2669 διδάσκει
801 2615 978 2685 λέγων
1001 2633 1016 2648 ’
1052 2635 1072 2669 «
1110 2617 1284 2682 Αὐτὸς
1314 2617 1415 2683 τὰς
1459 2618 1743 2685 ἀσθενείας
1781 2621 1938 2693 ήμῶν

352 2701 477 2776 ἦρε,
510 2706 607 2761 καὶ
640 2706 740 2772 τὰς
775 2708 965 2773 νόσους
1008 2708 1299 2777 ἐϐάστασε,
1348 2712 1441 2765 καὶ
1472 2712 1604 2784 περ)⁸
1646 2712 1804 2784 ἡμῶν
1827 2712 1940 2767 ὀδυ-

354 2797 536 2851 νᾶται.
585 2817 604 2849 ι
655 2799 781 2854 Ὅτι
838 2799 897 2855 δὲ
938 2802 1252 2873 είρηνεῦσαι
1308 2802 1399 2857 τὸν
1453 2803 1656 2874 κόσμον
1703 2800 1867 2876 ἦλθεν
1911 2807 1941 2859 6

351 2889 616 2962 Χριστὸς,
644 2891 971 2964 ἀκούσωμεν
993 2892 1087 2948 τοῦ
1113 2893 1195 2948 οα⁹
1213 2894 1431 2966 ψαλμοῦ
1452 2912 1467 2926 °
1500 2912 1522 2947 «
1553 2898 1940 2968 Καταὸήσεται

350 2980 430 3045 ὡς
468 2982 767 3047 ὑετδςηὲπὶ
812 2984 998 3047 πόκον,
1048 2986 1146 3039 καὶ
1188 2984 1319 3039 ὡσεὶ
1352 2984 1632 3058 σταγὼνή
1673 2985 1942 3051 στάζουσα

351 3073 446 3127 ἐπὶ
485 3074 595 3146 τὴν
642 3074 769 3145 γῆν.
815 3060 1098 3130 Ἆνατελεϊ
1147 3079 1206 3131 ὲν
1240 3081 1361 3141 ταῖς
1391 3076 1629 3149 ἡμέραις
1664 3079 1828 3133 αὑτοῦ
1871 3081 1945 3134 δι⁸

349 3162 646 3236 καιοσύνη,
696 3166 791 3219 καὶ
825 3164 1031 3235 πλῆθος
1072 3168 1316 3239 εἰρήνης,
1356 3168 1460 3232 ἕως
1495 3165 1556 3224 οὗ
1584 3170 1941 3244 ἁνταναιρεθῇ

2037 1970 2314 2040 Christus,
2346 1973 2508 2029 Pater
2540 1974 2609 2039 de
2630 1990 2698 2029 co
2728 1982 3033 2031 testaturus
3054 1982 3224 2042 esset,
3254 1975 3330 2029 ita
3362 1978 3626 2047 scriptum

2040 2063 2308 2121 habemus
2342 2065 2399 2119 in
2432 2066 2645 2136 psalmo
2682 2067 2946 2123 vicesimo
2978 2078 3197 2138 octavo,
3229 2066 3377 2123 «Vox
3410 2069 3628 2125 Domini

2040 2169 2207 2224 super
2251 2169 2470 2226 aquas:
2507 2155 2654 2213 Deus
2707 2156 3016 2227 maiestatis
3065 2157 3327 2222 intonuit,
3368 2157 3633 2213 Dominus

2041 2260 2208 2316 super
2265 2261 2437 2316 aquas
2459 2248 2763 2303 multas’h
2790 2246 2996 2303 Deinde
3023 2248 3168 2319 quod
3197 2249 3262 2303 ad
3289 2248 3553 2303 miracula
3575 2253 3633 2303 et

2042 2336 2357 2393 sanationes
2391 2345 2624 2408 spectat,
2676 2354 2816 2409 quas
2866 2336 3122 2396 Christus
3152 2348 3207 2395 et
3251 2337 3397 2395 Deus
3444 2347 3634 2393 noster

2042 2428 2244 2495 effecit,
2276 2431 2357 2486 sic
2387 2430 2456 2487 de
2479 2432 2563 2486 his
2593 2447 2698 2488 nos
2728 2432 2889 2488 docet
2929 2429 3121 2496 Isaias,
3160 2450 3179 2483 «
3214 2431 3336 2503 Ipse
3396 2430 3631 2487 infirmi-

2042 2526 2184 2575 tates
2215 2531 2433 2576 nostras
2461 2520 2624 2593 25o
2649 2522 2798 2587 tulit,
2848 2530 2903 2578 et
2930 2523 3155 2578 morbos
3176 2522 3431 2591 portavit,
3456 2531 3511 2577 et
3533 2538 3630 2591 pro

2043 2611 2206 2666 nobis
2236 2612 2623 2669 cruciatur‘h
2658 2611 2816 2680 Quod
2862 2613 3117 2669 similiter
3157 2613 3413 2669 Christus
3441 2627 3629 2683 pacem

2046 2702 2250 2758 mundo
2279 2705 2489 2759 venerit
2518 2706 2809 2768 allaturus,
2845 2704 3110 2761 discimus
3133 2721 3199 2761 ex
3229 2704 3632 2774 septuagesimo

2046 2797 2225 2865 primo
2267 2798 2499 2867 psalmo,
2539 2797 2881 2854 «Descendet
2931 2800 3074 2854 sicut
3106 2800 3293 2869 pluvia
3341 2799 3395 2851 in
3436 2798 3629 2858 vellus,

2045 2893 2102 2941 et
2133 2886 2276 2942 sicut
2304 2887 2448 2941 stilla
2484 2888 2703 2943 stillans
2734 2890 2790 2942 in
2821 2896 3046 2942 terram.
3079 2885 3300 2942 Orietur
3334 2889 3389 2940 in
3435 2885 3631 2940 dictus

2045 2979 2262 3050 justitia
2292 2988 2345 3035 et
2368 2980 2705 3036 abundantia
2744 2964 2921 3051 pacis,
2955 2980 3127 3035 donec
3161 2980 3446 3035 auferatur
3478 2978 3630 3040 luna,

2050 3077 2105 3123 et
2142 3069 2520 3125 dominabitur
2546 3086 2575 3124 a
2604 3071 2743 3125 mari
2777 3086 2953 3141 usque
2977 3071 3044 3124 ad
3077 3085 3247 3133 mare,
3284 3076 3338 3124 et
3373 3083 3403 3123 a
3451 3066 3633 3121 ﬂumi-

2052 3162 2216 3217 nibus
2244 3179 2419 3233 usque
2442 3164 2508 3217 ad
2540 3164 2807 3219 terminos
2854 3163 3008 3217 orbis
3038 3162 3417 3218 terrarum".u
3476 3158 3633 3227 Quod

346 3250 381 3322 ἠ
416 3252 650 3325 σελήνη,
685 3255 781 3308 καὶ
815 3255 1240 3327 κατακυριεύσει
1269 3255 1377 3310 ἀπὸ
1408 3256 1686 3329 θαλάσσης
1723 3257 1828 3323 ἕως
1856 3259 1937 3314 θα-

2054 3254 2102 3309 si
2129 3254 2274 3309 dicat
2302 3255 2524 3311 Iudaeus
2553 3256 2824 3326 psalmum
2857 3257 2925 3311 de
2950 3255 3245 3311 Salomone
3273 3253 3446 3323 loqui,
3492 3252 3633 3307 falli-

344 3339 590 3417 λάσσης,
638 3345 734 3400 καὶ
768 3346 883 3400 ἀπὸ
924 3346 1189 3418 ποταμῶν
1218 3348 1325 3412 ἓως
1356 3348 1608 3421 περάτων
1637 3351 1735 3422 τῆς
1776 3352 1937 3405 οἰκου⁴

2052 3354 2157 3402 tur.
2189 3346 2322 3400 Nam
2358 3348 2470 3402 haec
2498 3348 2620 3418 ejus
2649 3348 2984 3404 sunt.verba
3027 3367 3041 3405 :
3089 3350 3260 3402 «Ante
3306 3346 3477 3401 solem
3506 3359 3633 3415 per-

345 3436 546 3509 μένης.
594 3456 613 3490 ι
671 3437 793 3493 Κᾶν
844 3439 974 3510 εῐπῃ
1011 3439 1282 3503 Ἰουδαῖος,
1313 3441 1395 3494 ὃτι
1431 3441 1561 3513 περὶ
1602 3442 1937 3513 Σολομῶντος

2049 3444 2232 3493 mauet
2275 3452 2475 3493 nomen
2503 3438 2623 3508 ejus
2656 3458 2669 3495 :
2698 3445 2753 3493 et
2773 3453 2963 3493 omnes
2993 3446 3180 3509 gentes
3206 3438 3424 3491 beatum
3452 3434 3635 3489 dicent

343 3525 497 3597 λέγει
532 3528 568 3581 6
591 3527 835 3600 ψαλμὸς,
865 3527 1142 3598 ψεύδεται.
1184 3529 1349 3598 Λέγει
1380 3529 1491 3603 γάρ
1510 3543 1524 3557 ’
1574 3548 1594 3581 «
1618 3530 1733 3602 Πρὸ
1763 3530 1855 3583 τοῦ
1890 3533 1937 3602 ή-

2046 3546 2196 3595 eum,
2222 3538 2276 3587 et
2312 3530 2618 3585 adorabunt
2646 3546 2769 3586 eum
2795 3545 2987 3585 omnes
3012 3545 3169 3601 reges
3194 3525 3632 3595 terra:".»Atqui

342 3620 464 3677 λίου
497 3622 758 3696 διαμένει
796 3623 861 3678 τὸ
900 3622 1071 3696 ὄνομα
1108 3624 1276 3679 αὐτοῦ
1303 3642 1317 3656 ·
1360 3626 1457 3679 καὶ
1506 3625 1686 3679 πάντα
1716 3625 1785 3679 τὰ
1816 3625 1937 3697 ἔθνη

2047 3622 2163 3676 haec
2201 3622 2257 3674 in
2299 3618 2650 3674 Salomonem
2682 3620 2956 3689 quadrare
2998 3633 3108 3672 non
3154 3625 3386 3689 queunt,
3431 3616 3634 3686 quippe

345 3716 730 3789 μακαριοῦσιν
759 3715 951 3780 αὐτὸν,
981 3717 1077 3771 καὶ
1113 3719 1590 3790 προσκυνήσουσιν
1626 3716 1777 3787 αὐτῷ
1818 3717 1937 3771 πάν-

2046 3716 2137 3785 qui
2171 3721 2297 3769 ante
2329 3712 2498 3768 solem
2531 3728 2638 3767 non
2665 3712 2960 3767 exstiterit.

340 3822 436 3871 τες
508 3808 565 3863 οἱ
631 3805 879 3879 βασιλεῖς
933 3808 1034 3880 τῆς
1097 3809 1222 3879 γῆς.
1276 3828 1297 3863 ι
1347 3808 1534 3864 Ταῦτα
1568 3809 1626 3863 δὲ
1658 3810 1720 3862 οὐ
1785 3808 2007 3862 δυνατὸν
2046 3809 2127 3872 εἰς
2187 3805 2504 3877 Σολομῶντα
2567 3804 2820 3874 λέγεσθαι
2864 3823 2877 3835 ·
2926 3805 2987 3858 οὐ
3043 3804 3153 3877 γὰρ
3205 3800 3274 3877 ἦν
3329 3800 3492 3864 αὐτὸς
3528 3797 3637 3872 πρὸ

340 3897 526 3969 ἡλίου.
1925 3945 1931 3950 .

411 3989 469 4045 7.
512 3991 652 4045 ὀτι
681 3990 739 4045 δὲ
769 3989 868 4046 καὶ
890 3990 979 4045 διὰ
1010 3990 1386 4064 βαπτίσματος
1407 3991 1635 4064 ἔμελλεν
1658 3993 1687 4046 6
1718 3993 1952 4065 Χριστος

334 4080 366 4133 6
389 4080 536 4146 Θεὸς
575 4080 748 4153 ἡμῶν
782 4085 1081 4155 καταργεῑν
1123 4083 1217 4138 τὸν
1259 4082 1527 4150 διάϐολον,
1560 4086 1592 4138 6
1621 4090 1700 4153 ογ¹
1740 4084 1954 4155 ψαλμὺς

336 4176 641 4245 μαρτυρεῖ
671 4171 849 4242 λέγων
881 4173 1019 4246 πρὸς
1049 4174 1180 4229 Θεὸν
1205 4173 1382 4239 οὕτως
1402 4192 1415 4208 ο
1462 4193 1482 4227 «
1523 4175 1596 4228 Σὺ
1631 4173 1955 4247 συνέτριψας

2125 3982 2176 4039 7.
2208 3982 2364 4051 Quod
2397 3989 2576 4038 autem
2611 3981 2864 4037 Christus
2895 3979 3042 4036 Deus
3089 3986 3278 4036 noster
3316 3995 3415 4051 per
3459 3981 3638 4052 hapti-

2055 4094 2234 4136 smum
2266 4076 2606 4133 contriturus
2627 4082 2775 4131 esset
2807 4073 3110 4140 diabolum,
3142 4081 3375 4129 testatur
3393 4074 3636 4144 psalmus

2054 4169 2489 4241 septuagesimus
2532 4169 2733 4223 tertius
2771 4167 2858 4222 his
2898 4167 3126 4222 verbis:
3171 4164 3282 4219 «Tu
3327 4167 3637 4222 contrivisti

2053 4262 2235 4332 capita
2283 4261 2584 4316 draconum
2631 4260 2688 4314 in
2754 4274 2944 4330 aqua:
2981 4267 3038 4313 tu
3081 4258 3400 4329 confregisti
3456 4259 3638 4328 capita

2054 4352 2309 4408 draconis
2335 4353 2378 4384 ¹¹
2407 4369 2421 4406 :
2455 4372 2473 4405 ι
2512 4351 2792 4408 Christum
2839 4359 3101 4422 przeterea
3161 4351 3285 4406 coeli
3326 4349 3637 4405 etlectorern

329 4262 437 4328 τὰς
470 4262 742 4335 κεφαλὰς
765 4262 876 4319 τῶν
894 4263 1205 4336 δρακόντων
1231 4266 1324 4320 ἐπὶ
1348 4266 1444 4321 τοῦ
1474 4266 1666 4331 ὓδατος
1691 4281 1708 4298 ο
1747 4267 1811 4319 σὺ
1838 4282 1957 4319 συν·

329 4352 585 4420 έθλασας
612 4352 727 4426 τὴν
751 4355 1003 4428 κεφαλήν
1037 4356 1132 4410 τοῦ
1156 4357 1469 4429 δράκοντος.
1506 4375 1527 4409 ι
1579 4356 1705 4410 Ὀτι
1748 4355 1805 4408 δὲ
1842 4371 1955 4408 ποι-

328 4447 476 4518 ητὴς
520 4447 781 4518 ούρανοῦ
808 4448 839 4502 6
866 4449 1100 4520 Χριστός
1143 4452 1314 4516 ἐστιν,
1348 4453 1378 4505 6
1404 4452 1463 4504 ὲν
1506 4446 1751 4523 θαλάσσῃ
1796 4465 1937 4520 περι-

2056 4460 2179 4501 esse
2210 4444 2305 4514 qui
2339 4452 2393 4499 et
2428 4443 2485 4498 in
2528 4444 2668 4498 mari
2700 4443 3082 4508 ambulaverit,
3131 4444 3417 4498 audiamus
3445 4460 3512 4498 ex
3551 4443 3638 4497 his

328 4538 633 4611 πατήσας,
673 4535 777 4591 τοῦ
817 4535 940 4590 Ἰὼϐ
966 4538 1292 4610 ἀκούσωμεν
1322 4539 1572 4610 λέγοντος
1596 4539 1767 4602 οὕτως
1789 4551 1804 4566 ·
1835 4555 1855 4589 «
1890 4539 1937 4591 'U

2052 4535 2177 4592 Jobi
2201 4537 2407 4599 verbis,
2441 4534 2575 4601 «Qui
2602 4536 2861 4607 expandit
2896 4536 3095 4590 C(elum
3127 4537 3371 4601 solus,et
3394 4534 3639 4589 ambulat

322 4630 591 4695 τανύσας
645 4630 751 4685 τὸν
775 4629 1008 4701 οὐρανὸν
1051 4631 1231 4701 μόνος,
1265 4633 1362 4687 καὶ
1401 4632 1717 4705 περιπατῶν
1741 4633 1834 4687 ἐπὶ
1858 4632 1937 4686 θα-

2057 4631 2110 4685 in
2133 4629 2269 4685 mari
2303 4629 2449 4685 velut
2477 4629 2531 4683 in
2580 4630 2801 4685 5010".»
2840 4627 2913 4683 De
2946 4629 3093 4699 pullo
3137 4636 3318 4682 autem
3355 4635 3409 4681 et
3458 4627 3635 4690 asina,

322 4720 553 4797 λάσσης
570 4723 664 4787 ὡς
686 4720 1045 4791 ἐπ’ὲδάφους.
1073 4741 1093 4773 ι
1122 4724 1258 4795 Περὶ
1288 4724 1345 4777 δὲ
1370 4723 1464 4778 τοῦ
1498 4723 1679 4778 πώλου
1717 4724 1814 4778 καὶ
1853 4725 1937 4795 τῆς

2055 4721 2110 4775 in
2141 4721 2340 4791 quibus
2383 4721 2641 4775 Christus
2694 4719 2914 4783 insedit,
2975 4719 3261 4773 audiamus
3314 4716 3636 4770 Zachariam

318 4813 480 4879 ὄνου,
520 4814 623 4885 ἐφ’
661 4805 747 4867 ὧν
771 4812 801 4866 6
832 4812 1067 4884 Χριστὸς
1111 4812 1458 4880 ἐπεκάθισεν,
1499 4813 1821 4885 ἀκούσωμεν
1856 4814 1937 4867 τοῐ

2055 4812 2376 4881 prophetam
2402 4811 2637 4865 alentem
2672 4828 2687 4866 :
2728 4809 2986 4865 «Exsulta
3011 4810 3266 4874 multum,
3300 4808 3405 4861 lilia
3450 4805 3581 4861 Sion
3616 4826 3630 4861 ε

318 4906 637 4979 προφήτου
671 4900 965 4972 Ζαχαρίου
989 4901 1272 4971 λέγοντοςο
1320 4923 1340 4956 «
1372 4904 1547 4976 Χαῖρε
1597 4902 1823 4975 σφόδρα,
1865 4901 1937 4956 θύ·

2058 4904 2322 4974 prtedica,
2353 4902 2461 4956 [ilia
2491 4901 2828 4970 Jerusalem;
2876 4917 3006 4957 ecce
3042 4917 3134 4955 rex
3167 4907 3294 4955 tuus
3339 4900 3488 4955 venit
3537 4901 3635 4954 tibi

315 5014 505 5071 γατερ
543 4994 717 5049 Σιών
754 5010 771 5025 ο
816 4994 1082 5065 κήρυσσε,
1133 4993 1370 5067 θύγατερ
1410 4994 1763 5069 Ἰερουσαλήμ
1786 5011 1801 5026 ·
1849 4994 1937 5048 ίδοὲ

2054 4990 2241 5061 justus
2274 5002 2328 5046 et
2357 4991 2619 5055 salvator,
2664 4990 2780 5059 ipse
2823 4989 2973 5043 mitis
3003 4989 3199 5043 sedens
3234 5002 3400 5057 super
3446 4987 3636 5057 subju-

314 5090 347 5143 6
374 5088 675 5163 βασιλεύς
706 5102 809 5141 σου
839 5085 1055 5157 ἔρχεταί
1084 5103 1166 5141 σοι
1189 5087 1394 5151 δίκαιος
1426 5090 1521 5143 καὶ
1553 5088 1762 5154 σώζων,
1791 5087 1937 5149 αὐτὸς

2062 5082 2235 5152 galem
2266 5088 2321 5137 et
2355 5084 2561 5152 pullum
2594 5081 2971 5151 juniorcm”.1
3013 5078 3155 5145 Quid
3186 5078 3272 5132 his
3301 5078 3636 5148 propheticis

313 5181 534 5253 πραῢς,
595 5176 714 5232 καὶ
763 5173 1111 5247 ἐπιϐεϐηκὼς
1161 5176 1255 5231 ἐπὶ
1295 5177 1586 5248 ὑποζύγιον
1626 5178 1722 5233 καὶ
1774 5176 1937 5231 πῶλοι

2062 5176 2287 5231 vocibus
2316 5175 2649 5230 luculentius
2670 5177 2693 5229 ?
2714 5174 2819 5229 Sed
2850 5182 3033 5229 tamen
3066 5174 3193 5227 licet
3225 5182 3334 5227 tam
3375 5176 3526 5227 clara
3569 5172 3639 5229 dc

311 5270 468 5325 νέον.
504 5289 528 5323 ι
575 5268 658 5322 Τί
720 5264 913 5319 τοίνυν
954 5263 1066 5318 τῶν
1111 5267 1469 5340 προφητικῶν
1509 5267 1717 5323 τούτων
1760 5266 1937 5338 φωνῶι

2056 5265 2280 5322 Christo
2321 5278 2506 5322 essent
2561 5265 2843 5330 vaticinia,
2889 5264 3080 5319 oculos
3125 5260 3437 5317 Iudaeorum
3469 5277 3641 5317 excat-

309 5364 811 5436 τηλαυγέστερον
843 5374 861 5424 ;
918 5358 1056 5412 Ἀλλ’
1092 5359 1262 5430 ὅμως,
1294 5360 1498 5434 καίπερ
1541 5362 1714 5426 οὕτως
1744 5362 1937 5433 τρανῶς

2059 5358 2204 5413 cavit
2234 5358 2488 5424 Satanas,
2521 5372 2822 5427 eorumque
2869 5355 3068 5411 mentis
3120 5354 3357 5424 pupillas
3401 5353 3637 5415 obtudit,

310 5457 451 5527 περὶ
504 5454 623 5509 τοῦ
684 5447 946 5522 Χριστοῦ
996 5451 1468 5522 προφητευόντων,
1509 5453 1937 5523 ἀπετύφλωσενι

2063 5460 2122 5507 ut
2147 5459 2226 5506 tot
2254 5450 2565 5509 testimonia
2595 5463 2762 5519 prave
2802 5448 3163 5518 eXplicarent.
3208 5444 3412 5501 Verum
3457 5446 3642 5500 audia-

309 5551 586 5615 Σατανᾶς
617 5545 705 5602 τὰ
735 5542 857 5598 τῶν
901 5542 1165 5601 Ἰουδαίων
1189 5544 1436 5617 ὄμματα,
1457 5545 1553 5599 καὶ
1584 5547 1840 5619 ἐπήρωσε
1861 5544 1937 5599 τὰρ

2063 5559 2187 5599 mus
2211 5544 2435 5614 insuper
2461 5542 2529 5599 de
2556 5541 2740 5613 pueris
2771 5541 2863 5611 qui
2914 5538 3133 5595 Christo
3166 5536 3423 5595 lIosauna
3462 5537 3643 5592 accla-

388 5731 439 5764 “
481 5725 682 5784 Mich.
728 5737 794 5781 ν,
830 5715 887 5772 9.
966 5718 1011 5750 ¹⁸
1045 5716 1192 5775 Psal.
1228 5736 1465 5785 Lxxxvr,
1496 5720 1550 5775 5.
1632 5721 1676 5753 “
1716 5719 1821 5776 lsa.
1857 5736 1946 5776 xm
1972 5761 1985 5776 .
2022 5720 2076 5776 l.
2155 5722 2198 5754 "’
2235 5720 2383 5778 Psal.
2421 5734 2625 5783 xxvnt,
2659 5719 2712 5773 3.
2794 5718 2838 5751 ¹⁸
2878 5715 2959 5775 lsa
3020 5733 3147 5784 Litt,
3185 5716 3237 5782 4,
3276 5715 3327 5771 δι
3409 5714 3452 5746 ¹⁹
3491 5708 3641 5766 Psal.

308 5816 447 5859 uxr
474 5840 493 5865 ,
535 5797 682 5855 6-8.
776 5788 831 5821 ¹⁰
868 5788 1001 5844 ibid.
1041 5789 1127 5846 l7.
1205 5791 1248 5823 “
1288 5789 1436 5848 Psal.
1474 5806 1676 5851 uxm.
1716 5792 1807 5863 13.
1883 5795 1930 5825 ²²

2041 5792 2071 5847 ι)
2102 5808 2179 5860 lx,
2215 5794 2248 5848 8
2345 5792 2390 5824 ’³
2430 5790 2660 5847 Zachar.
2697 5804 2781 5860 ιι,
2812 5789 2866 5845 9.
