4088 6382
459 304 557 362 691

1561 305 1619 361 S.
1651 305 2114 364 ATHANASIUS.
2149 337 2222 351 —
2258 306 2533 364 SPURIA.

3508 289 3698 370 ’ωε

457 434 699 495 marunt,
731 437 785 484 et
811 437 996 500 aperte
1024 426 1300 484 Christum
1321 435 1674 484 -vocaverunt
1711 427 2023 492 Dominum,

2151 432 2225 503 ri];
2257 431 2436 503 ψυχῆς
2472 429 2650 486 αὐτῶν
2667 430 2853 502 κόρας,
2879 429 2965 485 ἵνα
2984 430 3084 496 τὰς
3111 430 3364 496 τοιαύτας
3391 433 3694 506 μαρτυρίας

439 519 574 576 ‘limc
594 520 785 591 psalmi
811 519 990 574 octavi
1010 519 1175 575 verba
1203 538 1217 574 :
1259 517 1517 575 «Domine
1531 518 1796 575 Dominus
1817 527 2024 584 noster,

459 628 623 683 quam
651 612 966 668 admirabile
993 619 1292 668 estnomen
1315 619 1468 666 tuum
1487 611 1542 666 in
1563 612 1817 668 universa
1839 619 1984 667 terra
2010 631 2024 668 :

459 703 718 774 quoniam
746 703 953 758 elevata
981 709 1067 758 est
1104 702 1508 772 magniﬁcentia
1533 709 1623 757 tua
1650 717 1816 772 super
1835 703 2024 757 caelos.

461 793 538 848 Ex
566 809 661 850 ore
681 792 967 849 infantium
997 801 1050 848 et
1068 793 1385 849 lactentium
1407 793 2023 864 perfecistilaudem“.i

457 885 614 942 Iuda:
651 901 868 956 quoque
904 885 1288 956 {proditionem
1345 886 1732 958 praesignificat
1775 887 2029 958 psalmus

459 977 906 1048 quadragesimus
931 975 1140 1046 primus
1164 978 1268 1034 hoc
1296 976 1460 1033 modo
1487 997 1501 1032 :
1539 977 1672 1044 «Qui
1699 977 1896 1033 edebat
1934 993 2032 1048 pa-

459 1085 558 1124 nes
574 1082 745 1132 meos,
759 1065 1124 1140 magniﬁcavit
1137 1082 1302 1138 super
1318 1083 1406 1122 me
1424 1068 1990 1138 supplantationem".
2004 1085 2026 1119 ι

459 1159 706 1216 Gentium
739 1175 868 1214 vero
897 1166 952 1215 et
997 1157 1306 1218 Iudaeorum
1367 1159 1846 1216 insidiasChristo
1887 1169 2034 1214 stru—

459 1263 578 1308 ctas
607 1261 828 1308 enarrat
850 1253 1094 1324 psalmus
1139 1253 1414 1309 secundus
1447 1251 1534 1307 his
1557 1253 1741 1308 verbis
1777 1271 1791 1308 :
1825 1251 2035 1318 «Quare

460 1344 801 1400 fremuerunt
820 1351 1031 1414 gentes,
1063 1350 1120 1399 et
1151 1343 1345 1415 populi
1377 1343 1626 1400 meditati
1657 1351 1786 1399 sunt
1819 1341 2036 1397 inania?

460 1435 768 1492 Astiterunt
795 1451 954 1507 reges
984 1442 1162 1502 terrae,
1195 1443 1248 1492 et
1275 1436 1550 1506 principes
1579 1441 1953 1492 convenerunt
1979 1434 2036 1489 in

465 1541 690 1592 unum,»
737 1527 948 1583 scilicet
981 1527 1139 1582 Anna
1175 1535 1230 1583 et
1270 1525 1508 1598 Caipbas
1556 1535 1611 1582 et
1657 1526 1936 1597 principes
1972 1539 2037 1578 ac

468 1616 694 1682 Scribze.
728 1618 1018 1676 (adversus
1047 1619 1335 1676 Dominum
1371 1628 1425 1676 et
1465 1618 1729 1674 adversus
1758 1616 2036 1692 Christum

471 1711 665 1780 eiliS".
705 1731 725 1764 ι
757 1711 858 1779 Qui
891 1713 1034 1770 enim
1068 1721 1274 1785 pugnat
1314 1712 1577 1769 adversus
1596 1708 2037 1781 Filium,injuria

468 1800 690 1860 Patrem
713 1803 902 1860 allicit.

539 2073 594 2130 8.
631 2073 708 2128 De
752 2073 988 2130 vinculis
1021 2088 1204 2144 porro,
1239 2074 1440 2144 quibus
1483 2075 1707 2130 vinxere
1737 2073 2039 2136 Christum,

472 2165 555 2221 sic
580 2165 822 2237 loquitur
871 2166 1040 2222 lsaias
1063 2167 1362 2239 propheta,
1402 2166 1712 2223 Judaeorum
1755 2167 2043 2238 deplorans

471 2258 721 2314 miserias
753 2278 767 2314 :
807 2257 932 2314 «Vae
959 2259 1153 2314 anima:
1172 2274 1388 2322 eorum,
1414 2261 1543 2330 quia
1576 2273 1803 2329 pravum
1853 2257 2046 2312 adver-

471 2363 569 2404 sus
589 2348 803 2418 seipsos
837 2349 1078 2405 inierunt
1101 2349 1402 2410 consilium
1435 2349 1698 2414 dicentes,
1731 2347 2045 2403 Vinciamus

468 2440 781 2510 justum‘h
851 2439 969 2496 Jam
1025 2457 1153 2497 vero
1211 2439 1457 2496 Judaeum
1517 2441 1812 2511 interroga,
1858 2447 1913 2494 et
1957 2439 2046 2494 dic

471 2533 579 2602 ipsi
616 2551 630 2586 :
661 2531 794 2599 Quis
819 2533 982 2588 homo
1010 2532 1065 2586 in
1103 2541 1247 2588 terra
1277 2531 1483 2603 peccati
1505 2532 1726 2602 expers?
1745 2531 1903 2586 Certe
1921 2545 2050 2585 con-

473 2628 585 2678 stat
609 2623 878 2678 neminem
903 2638 1097 2693 purum
1131 2639 1161 2676 a
1188 2623 1309 2678 labe
1341 2637 1484 2686 esse,
1515 2637 1617 2677 nec
1637 2621 1682 2678 si
1711 2637 1818 2676 una
1840 2628 2046 2675 tantum

476 2712 641 2768 fuerit
661 2713 778 2771 dies
807 2716 932 2770 vitae
957 2715 1077 2786 ejus
1107 2715 1162 2769 in
1181 2723 1348 2771 terra.
1394 2714 1663 2770 Praeterea
1687 2715 1768 2770 sic
1790 2714 2048 2784 propheta

474 2804 645 2860 Deum
675 2813 970 2876 precatur:
1007 2806 1156 2861 «Non
1183 2808 1352 2863 intres
1383 2807 1860 2877 injudiciumcum
1891 2820 2048 2861 servo

477 2905 595 2965 tuo,
629 2901 758 2970 quia
790 2916 899 2955 non
925 2900 1318 2970 justiiicabitur
1351 2901 1406 2955 in
1429 2907 1726 2970 conspectu
1751 2908 1844 2952 tuo
1871 2897 2048 2953 omnis

476 2993 768 3048 vivens'h
806 2993 889 3048 Ex
912 2993 1112 3064 quibus
1135 3001 1319 3063 aperte
1345 2993 1604 3048 docemur
1628 2991 1902 3046 neminem
1932 2991 2052 3046 abs-

479 3099 588 3154 que
628 3093 854 3154 peccato
889 3101 1014 3140 esse
1055 3095 1251 3155 praeter
1294 3085 1470 3141 solum
1507 3086 1693 3139 Deum.
1729 3081 1848 3138 Jam
1885 3083 2050 3153 igitur

479 3173 762 3228 videamus
791 3175 922 3246 quid
956 3183 1142 3230 narret
1172 3175 1330 3230 nobis
1356 3174 1524 3231 lsaias
1546 3174 1810 3246 propheta
1838 3174 1905 3230 de
1931 3190 2055 3244 pas-

481 3265 639 3320 sione
670 3265 1039 3338 impeccabilis
1053 3267 1254 3323 Christi
1273 3265 1365 3324 Dei
1396 3267 1591 3332 nostri,
1615 3265 1738 3321 Filii
1763 3266 1877 3321 Dei.
1909 3265 2057 3321 «Sic-

483 3364 547 3410 ut
603 3357 756 3422 ovis,
801 3358 1000 3429 inquit,
1064 3359 1132 3414 ad
1197 3357 1578 3414 mactationem
1618 3358 1816 3424 ductus
1859 3366 1964 3422 est,
2001 3365 2058 3413 et

484 3449 643 3519 quasi
673 3465 848 3521 agnus
865 3466 1049 3506 coram
1074 3450 1333 3507 tondente
1358 3451 1478 3506 sine
1503 3465 1662 3513 voce,
1680 3451 1760 3508 sic
1785 3465 1892 3506 non
1923 3467 2056 3522 ape—

483 3539 678 3596 ruitos
713 3543 978 3601 suum".i
1014 3541 1211 3598 Notum
1246 3552 1424 3600 autem
1451 3545 2052 3602 cstsiluisseChristum

483 3639 729 3702 tempore
762 3649 873 3688 sua:
909 3635 1202 3704 passionis,
1247 3652 1370 3693 cum
1401 3636 1577 3692 Pilato
1615 3639 1922 3694 sisteretur.
1967 3637 2058 3692 «ιη

483 3724 795 3783 humilitate
824 3728 944 3798 ejus
971 3730 1242 3800 judicium
1282 3733 1401 3802 ejus
1432 3734 1706 3788 sublatum
1752 3742 1864 3800 est;
1895 3748 2060 3803 gene-

482 3819 752 3875 rationem
780 3821 900 3891 ejus
939 3823 1064 3892 quis
1094 3825 1477 3880 enarrabit'°?i
1514 3825 1716 3896 Nempe
1738 3840 1896 3880 nemo
1923 3825 2062 3880 divi-

484 3909 676 3968 nitatis
702 3915 1105 3982 generationem
1135 3922 1316 3984 potest
1342 3931 1587 3972 narrare.
1608 3915 1740 3971 Nam
1760 3915 2061 3973 secundum

486 4014 705 4057 carnem
729 4003 1006 4072 generatio
1033 4003 1239 4060 Christi
1261 4005 1354 4062 Dei
1379 4007 1556 4062 nostri
1588 4008 1939 4069 describitur.
1969 4004 2062 4060 Si—

489 4091 710 4164 quidem
748 4094 850 4148 «ab
873 4095 1256 4164 iniquitatibus
1275 4099 1459 4168 populi
1487 4098 1686 4154 ductus
1707 4106 1793 4153 est
1819 4097 1886 4152 ad
1917 4112 2064 4152 mor-

488 4183 706 4240 tem“.i
763 4183 1113 4242 Manifestum
1148 4189 1292 4242 enim
1333 4196 1418 4244 est
1464 4189 1741 4246 Christum
1785 4195 2061 4244 mortuum

444 4343 451 4349 .
489 4287 612 4328 esse
640 4289 737 4343 pro
759 4277 999 4346 peccatis
1023 4279 1230 4332 mundi.
1257 4279 1351 4334 cEt
1380 4281 1522 4336 dabo
1543 4282 1716 4336 malos
1746 4295 1844 4351 pro
1879 4281 2065 4350 sepul-

489 4375 614 4424 tura
635 4368 856 4438 ejus“.i
892 4368 1109 4426 Iudaeos
1135 4372 1388 4428 videlicet
1417 4375 1641 4430 tradidit
1663 4372 1945 4428 Romanis.
1969 4372 2066 4426 (Et

2125 519 2598 596 παραγράφωνται
2620 561 2634 576 .
2695 519 3040 594 ’Δκούσωμεν
3099 521 3191 579 οὖν
3259 525 3356 578 καὶ
3410 524 3538 596 περὶ
3586 524 3694 577 τῶν

2128 613 2332 669 παίδων
2350 653 2366 678 ,
2402 613 2511 668 τῶν
2559 612 2638 684 τῷ
2679 612 2897 685 Χριστῷ
2941 614 3168 668 Ὡσαννὰ
3219 613 3547 684 βοησάντων,
3597 615 3696 668 καὶ

2128 705 2330 778 Κύριον
2353 705 2616 774 λεγόντων
2651 704 2942 776 προφανῶς
2983 705 3073 760 τὸν
3116 706 3350 778 Χριστὸν
3379 705 3579 778 ψαλμῷ
3600 704 3652 777 η’
3675 721 3693 738 ο

2135 817 2154 850 ι
2188 797 2360 868 Κύριε
2387 800 2416 852 ό
2445 796 2651 870 Κύριος
2671 796 2939 869 ήμῶν,ὼς
2967 796 3276 868 θαυμαστὸν
3299 797 3361 851 τὸ
3385 797 3554 868 ὄνομά
3597 813 3694 850 σου

2131 891 2190 945 ἐν
2232 889 2382 962 πάσῃ
2419 892 2488 962 τῇ
2529 891 2638 962 γῇί
2687 890 2770 943 ὅτι
2819 889 3092 964 ἐπήρθηή
3131 889 3568 964 μεγαλοπρέπεια
3597 905 3693 943 σου

2131 983 2385 1054 ὑπεράνω
2434 981 2545 1037 τῶν
2589 983 2832 1055 οὐρανῶν
2850 1023 2865 1036 .
2908 983 3003 1036 Ἐκ
3041 982 3306 1053 στόματος
3350 982 3557 1054 νηπίων
3604 981 3698 1034 καὶ

2133 1072 2471 1146 θηλαζόντων
2524 1074 2838 1146 κατηρτίσω
2889 1069 3057 1128 αἶνον.
3106 1093 3126 1126 ι
3156 1074 3292 1145 Περῖ
3345 1072 3402 1126 δὲ
3454 1071 3555 1142 τῆς
3602 1072 3696 1126 τοῦ

2145 1167 2310 1222 Ἰούδα
2340 1167 2643 1240 προδόσεως
2667 1166 2878 1238 ψαλμὸς
2915 1173 3002 1238 μα’
3033 1165 3209 1235 λέγει⁸
3245 1185 3266 1216 ι
3296 1165 3353 1220 '0
3382 1163 3576 1218 ἐσθίων
3602 1164 3700 1236 ἄρ-

2132 1277 2259 1324 τους
2293 1277 2394 1332 μου
2422 1259 2750 1330 ἐμεγάλυνεν
2797 1259 2884 1312 ἐπ’
2917 1257 3018 1328 ἐμὲ
3063 1255 3413 1328 πτερνισμόν.
3448 1275 3468 1308 ι
3505 1255 3615 1326 Τὴν
3641 1254 3700 1308 δὲ

2133 1349 2241 1404 τῶν
2279 1349 2447 1404 ἐθνῶν
2493 1350 2586 1404 καὶ
2638 1348 2904 1403 Ἰουδαίων
2946 1347 3240 1418 ἐπιϐουλὴν
3287 1347 3388 1416 τὴν
3431 1345 3572 1400 κατά
3603 1343 3712 1426 τοῦ,

2135 1440 2372 1514 Χριστοῦ
2399 1443 2428 1496 ό
2453 1441 2498 1512 β’
2525 1441 2738 1512 ψαλμὸς
2765 1439 2911 1510 λέγει
2937 1455 2952 1469 ⁸
2990 1459 3009 1492 r
3039 1441 3156 1493 Ἵνα
3173 1439 3226 1492 τί
3246 1437 3521 1512 ἐφρύαξαν
3550 1435 3700 1508 ἔθνη,

2137 1534 2231 1587 καὶ
2263 1531 2382 1586 λαοὶ
2414 1531 2748 1604 ἐμελέτησαν
2773 1530 2942 1594 κενά;
2970 1530 3326 1604 Παρέστησαν
3371 1531 3422 1584 οἱ
3463 1528 3703 1600 βασιλεῖς

2135 1624 2234 1694 τῆς
2263 1623 2386 1692 γῆς,
2413 1623 2506 1676 καὶ
2533 1624 2580 1676 οἱ
2613 1623 2868 1695 ἄρχοντες
2905 1621 3248 1694 συνήχθησαν
3271 1621 3364 1674 ἐπὶ
3391 1619 3453 1674 τὸ
3485 1619 3636 1684 αὐτὸ,
3675 1638 3696 1672 ι

2137 1715 2305 1785 ἤγουν
2338 1715 2537 1778 Ἀννας
2562 1715 2656 1768 καὶ
2689 1713 2966 1782 Καϊάφας,
3001 1711 3096 1765 καὶ
3121 1711 3170 1764 oi
3197 1712 3472 1782 ἀρχιερεῖς
3517 1711 3610 1763 καλ⁷
3651 1709 3703 1763 oi

2139 1808 2483 1879 γραμματεῖς
2508 1823 2524 1836 ·
2559 1825 2577 1856 ι
2617 1803 2756 1859 κατὰ
2785 1804 2880 1858 τοῦ
2911 1803 3138 1874 Κυρίου,
3173 1803 3267 1855 καὶ
3295 1801 3434 1855 κατὰ
3460 1801 3551 1854 τοῦ
3575 1801 3707 1872 Χρι-

2141 1897 2266 1952 στοῦ
2295 1897 2480 1951 αὐτοῦ.
2517 1917 2536 1949 ι
2585 1898 2643 1951 '0
2669 1896 2780 1970 γὰρ
2813 1895 3064 1968 πολεμῶν
3089 1895 3180 1948 τὸν
3204 1893 3352 1959 Υίὸν,
3371 1892 3576 1965 ὑϐρίζει
3608 1893 3704 1946 καὶ

2139 1991 2226 2043 τὸν
2260 1989 2501 2061 Πατέρα.

2211 2081 2264 2134 8.
2301 2083 2435 2153 Περὶ
2477 2081 2536 2136 δὲ
2584 2081 2692 2136 τῶν
2725 2081 2960 2153 δεσμῶν,
2989 2075 3065 2136 ὦν
3106 2081 3300 2156 ἔδησαν
3332 2079 3422 2134 τὸν
3449 2075 3706 2150 Χριστδνν

2142 2172 2289 2239 λέγει
2329 2171 2628 2237 ταλανίζων
2665 2174 2792 2238 τοὺς
2836 2173 3124 2236 Ἰουδαίους
3183 2171 3406 2234 Ἡσαΐας
3437 2169 3466 2222 ὀ
3496 2168 3709 2240 προφή-

2141 2279 2240 2331 της
2257 2279 2272 2292 ·
2308 2282 2326 2314 ι
2357 2263 2492 2316 Οὐαὶ
2518 2265 2584 2334 τῇ
2611 2262 2757 2335 ψυχῇ
2794 2263 2996 2326 αὐτῶν,
3019 2263 3154 2316 διότι
3182 2259 3567 2314 ἐϐουλεύσαντο
3591 2257 3713 2328 βου-

2143 2355 2240 2428 λὴν
2293 2356 2536 2427 πονηράν
2584 2356 2704 2410 καθ’
2757 2355 2962 2408 ἑαυτῶν
2994 2354 3246 2423 λέγοντες
3270 2371 3285 2384 ·
3320 2353 3579 2422 Δήσωμεν
3619 2348 3714 2402 τὸν

2144 2447 2348 2502 δίκαιον
2373 2488 2386 2502 .
2425 2467 2444 2500 ι
2497 2448 2802 2520 Ἑρώτησόν
2833 2465 2922 2519 μοι
2949 2446 3134 2500 λοιπὸν
3167 2446 3255 2498 τὸν
3305 2443 3576 2506 Ἰουδαῖον,
3618 2441 3714 2495 καὶ

2147 2537 2267 2590 είπέ
2299 2535 2466 2606 αὐτῷ,
2492 2536 2574 2590 ὅτι
2598 2537 2701 2604 Τίς,
2724 2535 3027 2608 ἀνθρώπων
3047 2535 3140 2588 ἐπὶ
3166 2535 3269 2606 γῆς
3298 2533 3710 2604 ἀναμάρτητοςς

2148 2628 2401 2700 Εὔδηλον,
2432 2630 2516 2682 ὅτι
2543 2628 2720 2692 οὐδεὶς
2738 2627 2976 2700 καθαρὸς
3009 2629 3115 2681 ἀπὸ
3148 2627 3340 2700 ῥύπου,
3378 2624 3485 2680 οὐδ’
3515 2624 3582 2678 ἂν
3615 2623 3715 2694 μία

2149 2719 2330 2791 ἡμέρα
2353 2719 2453 2790 τῆς
2478 2719 2626 2790 ζωῆς
2649 2719 2814 2772 αὐτοῦ
2843 2720 2936 2772 ἐπὶ
2963 2719 3065 2789 τῆς
3111 2718 3235 2788 γῆς.
3277 2717 3389 2770 Καὶ
3415 2715 3575 2768 πάλιν
3607 2730 3716 2784 φη-

2152 2811 2234 2864 σὶν
2259 2811 2286 2862 ὁ
2317 2812 2607 2882 προφήτης
2632 2811 2770 2882 πρὸς
2797 2809 2929 2864 Θεόν
2947 2827 2960 2841 ο
2997 2828 3016 2861 ι
3039 2809 3130 2878 Μὴ
3163 2807 3408 2878 εἰσέλθῃς
3434 2809 3514 2869 εἰς
3537 2805 3719 2878 κρίσιν

2155 2903 2291 2974 μετά
2311 2901 2404 2956 τοῦ
2441 2901 2630 2956 δούλου
2662 2919 2778 2967 σου,
2813 2902 2898 2955 ὅτι
2935 2901 2994 2954 οὐ
3036 2898 3454 2970 δικαιωθήσεται
3490 2894 3720 2950 ἐνώπιόν

2153 3013 2246 3050 σου
2279 2997 2387 3060 πᾶς
2419 2995 2550 3061 ζῶν.
2581 3013 2602 3046 ι
2640 2995 2802 3048 ’Ὥστε
2839 2991 3088 3066 φανερῶς
3116 2989 3496 3060 διδασκόμεθα,
3520 2987 3602 3041 ὅτι
3629 2987 3723 3039 ού-

2153 3089 2262 3154 δεὶς
2298 3089 2684 3160 ἀναμάρτητος
2729 3089 2778 3140 εί
2825 3087 2901 3157 μὴ
2951 3085 3110 3156 μόνος
3135 3087 3164 3138 ὁ
3186 3082 3341 3146 Θεόςζ
3372 3081 3601 3152 ’Ἱδωμεν
3625 3073 3723 3132 οῦν

2157 3183 2340 3236 λοιπὸν
2371 3183 2424 3235 τί
2447 3184 2476 3235 ὁ
2508 3181 2796 3254 προφήτης
2838 3179 3064 3242 Ἡσαΐας
3093 3175 3396 3246 διαλέγεται
3425 3175 3556 3245 ἡμῖν
3592 3168 3724 3242 περὶ

2155 3275 2249 3330 τοῦ
2299 3274 2502 3338 πάθους
2549 3272 2644 3326 τοῦ
2692 3271 3074 3342 ἀναμαρτήτου
3121 3265 3354 3341 Χριστοῦ
3377 3265 3472 3318 τοῦ
3499 3261 3636 3318 Θεοῦ
3649 3263 3726 3335 ’ἡ-

2161 3365 2298 3439 μῶν,
2327 3363 2421 3418 τοῦ
2449 3362 2580 3418 Υἱοῦ
2606 3363 2700 3416 τοῦ
2725 3361 2890 3415 Θεοῦ·
2924 3380 2942 3413 ι
2980 3363 3069 3426 Ὡς
3102 3359 3373 3431 πρόϐατον
3393 3358 3488 3411 ἐπὶ
3510 3355 3726 3426 σφαγὴν

2157 3458 2320 3531 ἤχθη,
2355 3457 2450 3511 καὶ
2479 3455 2556 3520 ὡς
2605 3455 2778 3526 ἀμνὸς
2811 3453 3052 3507 ἐναντίον
3105 3451 3198 3506 τοῦ
3242 3451 3525 3522 κείραντος
3564 3445 3726 3502 αὐτὸν

2157 3551 2390 3620 ἄφωνος,
2421 3548 2592 3612 οὕτως
2621 3547 2721 3600 οὐκ
2757 3544 2958 3614 ἀνοίγει
2991 3543 3051 3598 τὸ
3080 3545 3252 3614 στόμα
3279 3543 3466 3598 αὐτοῦ.
3497 3560 3518 3596 ι
3553 3539 3726 3610 Δῆλον

2157 3641 2235 3707 δέ,
2255 3643 2344 3695 ὅτι
2374 3639 2585 3694 ἐσιώπα
2617 3641 2646 3694 ὁ
2675 3637 2910 3710 Χριστὸς
2936 3636 3154 3707 Πιλάτῳ
3185 3635 3590 3706 παριστάμενος
3636 3628 3728 3684 ἐπὶ

2159 3731 2254 3784 τοῦ
2303 3731 2509 3795 πάθους
2561 3729 2747 3784 αὑτοῦ.
2791 3747 2810 3780 ι
2863 3729 2950 3781 Ἑν
2995 3730 3060 3798 τῇ
3101 3726 3424 3780 ταπεινώσει
3480 3721 3642 3776 αὐτοῦ
3691 3721 3727 3791 ή

2161 3823 2342 3896 κρίσις
2381 3821 2548 3876 αὐτοῦ
2601 3821 2743 3894 ᾗρθη
2768 3837 2783 3852 ’
2812 3819 2908 3891 τὴν
2933 3819 2988 3872 δέ
3014 3817 3205 3887 γενεὰν
3236 3815 3401 3870 αὐτοῦ
3441 3815 3522 3879 τίς
3545 3813 3730 3883 διηγή-

2164 3928 2314 3970 σεται
2340 3931 2354 3980 ;
2387 3935 2405 3967 ι
2445 3915 2650 3983 Ἤγουν
2667 3913 2768 3985 τὴν
2793 3912 2893 3982 τῆς
2917 3910 3168 3980 θεότητος
3187 3907 3363 3970 οὐδεὶς
3389 3906 3727 3976 διηγήσεται*

2163 4005 2305 4059 κατά
2359 4005 2540 4076 σάρκα
2587 4004 2697 4075 γὰρ
2739 4001 3142 4071 γενεαλογεῖται
3184 3998 3420 4071 Χριστὸς
3446 3999 3476 4050 ό
3499 3995 3632 4060 Θεὸς
3663 3996 3730 4064 ἡ-

2169 4095 2304 4167 μῶν.
2343 4113 2363 4147 ι
2406 4095 2538 4148 Ἀπὸ
2565 4114 2584 4147 ι
2623 4093 2731 4165 γὰρ
2768 4111 2786 4144 ι
2814 4091 2922 4145 τῶν
2953 4090 3190 4162 ἀνομιῶν
3211 4089 3305 4144 τοῦ
3329 4087 3460 4142 λαοῦ
3491 4085 3732 4158 manu;

2167 4187 2416 4241 θάνατον.
2452 4206 2470 4237 ι
2506 4185 2778 4256 Πρόδηλον
2805 4183 2884 4248 δὲ,
2911 4183 2993 4237 ὅτι
3021 4183 3159 4255 ὑπὲρ
3179 4181 3289 4235 τῶν
3325 4178 3610 4253 ἁμαρτιῶν
3639 4175 3732 4230 τοῦ

2166 4279 2372 4350 κόσμου
2400 4276 2632 4349 Χριστὸς
2655 4277 2912 4330 ἀπέθανε.
2948 4294 2968 4327 ι
2995 4276 3106 4330 Καὶ
3128 4273 3284 4328 δώσω
3316 4273 3443 4336 τοὺς
3467 4259 3736 4342 πονηροὺς

2169 4371 2289 4424 ἀντὶ
2324 4369 2425 4441 τῆς
2453 4369 2634 4439 ταφῆς
2665 4367 2850 4422 αὐτοῦ.
2887 4386 2906 4418 ι
2941 4366 3129 4437 Δῆλον,
3158 4366 3240 4418 ὃτι
3277 4363 3404 4427 τοὺς
3451 4360 3736 4421 Ἰουδαίους

489 4459 690 4516 divites
739 4477 837 4532 pro
865 4470 1038 4520 morte
1059 4464 1283 4533 ejus”.i
1321 4465 1433 4520 Cur
1477 4481 1684 4535 quzeso,
1707 4480 1740 4518 ο
1776 4465 2051 4536 propheta?

2171 4463 2454 4533 παρέδωκε
2483 4465 2596 4526 τοῖς
2625 4461 2920 4533 Ρωμαίοις.
2951 4479 2970 4512 r
2999 4460 3111 4514 Καὶ
3133 4457 3263 4520 τοὺς
3292 4456 3582 4518 πλουσίους
3619 4451 3738 4506 ἀντὶ

489 4550 590 4604 Dic
613 4552 772 4608 nobis
809 4563 1018 4624 aperte,
1054 4557 1214 4626 cujus
1250 4557 1450 4627 gratia?
1484 4556 1590 4613 «Eo
1629 4556 1776 4626 quod
1809 4556 2072 4626 iniquita-

489 4650 600 4698 tem
637 4659 747 4698 nou
771 4645 988 4712 fecerit,
1019 4662 1196 4717 neque
1235 4649 1392 4705 dolus
1436 4649 1490 4702 in
1513 4664 1608 4704 ore
1661 4649 1834 4718 ipsius
1881 4648 2073 4702 inven-

489 4741 579 4791 tus
609 4737 807 4794 est”.i
835 4737 993 4810 251
1013 4737 1155 4804 Quid
1182 4739 1250 4794 ad
1280 4739 1396 4795 hinc
1425 4739 1834 4809 respondebunt
1861 4737 2072 4803 Jltdazi?
2107 4792 2114 4799 ,

488 4824 624 4892 Quis
642 4827 828 4893 homo,
863 4831 1008 4885 sicut
1049 4833 1188 4896 ovis,
1239 4831 1310 4884 ad
1344 4830 1678 4885 occisionem
1712 4829 1911 4884 ductus
1954 4839 2060 4890 est,

487 4919 580 4988 qui
618 4929 898 4989 peccatum
923 4937 1033 4978 non
1071 4922 1298 4978 fecerit?
1341 4923 1488 4977 Sane
1537 4921 1807 4976 neminem
1853 4918 2065 4990 peccati

489 5021 765 5081 expertem
821 5022 1080 5083 poterunt
1121 5015 1386 5078 indicare,
1432 5021 1630 5084 praeter
1675 5013 1852 5069 solum
1896 5012 2066 5068 Deum

489 5101 766 5162 hominem
788 5107 1012 5162 factum.

565 5195 598 5250 9
658 5198 964 5254 Audiamus
994 5199 1161 5254 etiam
1195 5213 1316 5268 qua:
1346 5197 1512 5253 habet
1554 5198 1800 5269 psalmus
1845 5193 2066 5251 tricesi-

491 5302 618 5343 mus
649 5297 879 5359 quartus
910 5290 978 5344 de
1009 5290 1076 5346 iis
1109 5305 1229 5360 qua:
1257 5289 1380 5344 falsi
1412 5297 1580 5345 testes
1601 5290 1888 5345 adversum
1907 5285 2068 5341 Chri-

493 5387 640 5436 stum
666 5380 944 5458 testiﬁcati
979 5388 1109 5470 sunt
1144 5399 1159 5436 :
1205 5399 1224 5432 ι
1266 5381 1371 5448 Qui
1423 5382 1841 5436 insurrexerunt
1880 5381 1939 5434 in
1984 5395 2072 5434 me

493 5479 665 5533 testes
713 5472 912 5543 iniqui,
940 5488 1062 5544 quae
1114 5473 1430 5546 ignorabam
1477 5473 1888 5544 interrogabant
1944 5485 2069 5526 me:

2168 4554 2264 4608 τοῦ
2288 4553 2520 4610 θανάτου
2541 4551 2728 4607 αὑτοῦ.
2759 4571 2780 4604 ι
2818 4553 2916 4606 Διὰ
2947 4551 3022 4615 τί,
3047 4545 3092 4604 ὦ
3114 4549 3368 4620 προφῆτα
3391 4563 3407 4614 ;
3442 4545 3581 4600 Εἰπὲ
3609 4543 3739 4615 ἡμῖν

2171 4645 2484 4718 προφανῶς,
2517 4645 2664 4708 τινος
2695 4643 2888 4714 χάρινς
2929 4661 2948 4695 ι
2979 4643 3099 4696 Ὅτι
3139 4639 3412 4711 ἁμαρτίαν
3449 4637 3552 4692 οὐκ
3591 4632 3739 4688 ἐποί-

2170 4753 2322 4806 ησεν,
2381 4735 2502 4788 οὐδὲ
2547 4734 2696 4797 δόλος
2735 4733 2933 4804 εὑρέθη
2956 4733 3014 4786 ἐν
3037 4731 3117 4802 τῷ
3147 4730 3376 4800 στόματι
3403 4726 3589 4782 αὐτοῦ.
3621 4744 3640 4774 ι
3676 4721 3740 4776 Τί

2172 4827 2308 4898 πρὸς
2344 4827 2514 4880 ταῦτα
2553 4825 2768 4896 ἐροῦσιν
2807 4825 2856 4877 οἱ
2899 4823 3180 4886 Ἰουδαῖοι;
3223 4820 3319 4882 Τίς
3355 4817 3641 4890 ἄνθρωπος
3667 4814 3744 4880 ὡς

2175 4917 2446 4988 πρόϐατον
2481 4918 2574 4970 ἐπὶ
2605 4915 2818 4986 σφαγὴν
2845 4914 3007 4986 ἢχθη,
3037 4912 3310 4984 ἁμαρτίαν
3354 4911 3428 4982 μὴ
3472 4909 3742 4980 ποιήσαςς

2175 5009 2288 5064 ἀλλ’
2326 5010 2427 5063 οὐκ
2454 5009 2636 5080 ἔχουσι
2667 5005 2837 5072 δεῖξαι
2864 5006 3147 5075 ἄνθρωπον
3178 5003 3561 5074 ἀναμάρτητον
3587 5001 3637 5054 εἱ
3671 4999 3744 5070 μὴ

2180 5099 2338 5170 μόνον
2358 5100 2450 5152 τὸν
2479 5099 2610 5152 Θεὸν
2637 5097 2926 5168 γενόμενον
2949 5094 3252 5165 ἄνθρωπον.

2245 5193 2300 5247 9.
2333 5191 2679 5262 Ἀκούσωμεν
2709 5189 2764 5243 δὲ
2797 5189 2892 5242 καὶ
2940 5187 3069 5258 περὶ
3110 5185 3219 5238 τῶν
3265 5175 3746 5252 ψευδομαρτύρων,

2173 5284 2282 5339 τῶν
2325 5283 2467 5338 κατά
2497 5281 2592 5336 τοῦ
2637 5278 2873 5353 Χριστοῦ
2927 5273 3582 5348 ψευδομαρτυρησάντων,
3613 5265 3749 5336 ψαλ-

2181 5377 2282 5450 μοῦ
2317 5377 2421 5430 λδ¹⁶
2460 5395 2478 5426 ι
2503 5374 2859 5434 Ἀναστάντες
2888 5386 2976 5440 μοι
3013 5366 3288 5438 μάρτυρες
3337 5363 3532 5423 ἄδικοι,
3567 5358 3606 5412 ἃ.
3651 5357 3750 5450 οὐκ

2178 5469 2472 5536 ἐγίνωσκον
2500 5466 2725 5538 ἠρώτων
2752 5479 2871 5536 μοι’
2909 5453 3380 5514 ἀνταποδεδώκασί
3419 5470 3510 5525 μοι
3543 5446 3756 5522 πονηρὰ

552 5672 605 5708 ⁸⁵
639 5672 789 5731 Psal.
823 5681 966 5741 rm,
997 5675 1065 5739 2,
1101 5677 1158 5729 '5.
1267 5676 1314 5708 ⁸⁸
1351 5672 1498 5731 Psal.
1544 5690 1609 5728 τι.
1633 5714 1647 5740 ,
1685 5667 1804 5730 10.’
1883 5673 1930 5706 ’⁸
1967 5671 2051 5728 Ps:

2159 5687 2230 5734 ιι,
2269 5673 2334 5735 l,
2366 5672 2422 5727 2.
2532 5671 2574 5702 ³⁷
2616 5669 2719 5724 isa.
2765 5681 2860 5734 ur,
2901 5665 2969 5731 9,
3011 5663 3092 5722 ιο.
3177 5637 3254 5697 ἠ
3293 5659 3435 5720 Psal.
3477 5670 3661 5726 exui,
3692 5651 3753 5710 Ξ.

501 5744 546 5779 ¹⁹
585 5743 685 5802 lsa.
721 5757 854 5807 Lm,
889 5743 942 5800 7.
1020 5744 1064 5779 ³⁰
1105 5744 1236 5802 Ibid.
1271 5743 1325 5800 8.
1403 5746 1444 5809 ’ἓ
1484 5744 1620 5802 ibid".
1699 5745 1744 5778 ⁸⁸
1783 5743 1916 5801 ibid.
1953 5745 2006 5799 9.

2167 5741 2300 5798 ibid.
2341 5743 2424 5797 lt).
2503 5741 2548 5776 υ
2591 5741 2756 5824 ibid._
3273 5743 3278 5749 ·
