4088 6382
314 409 418 470 695

1355 396 1814 472 ΟυΑΕδΤΙΟΝΕε
1845 393 1939 450 AD
1976 390 2381 450 ANTIOCHUM
2420 387 2675 446 DUCEM.

3446 364 3551 434 tm

319 530 433 585 ἀντὶ
461 524 706 596 ἀγαθῶν.
740 543 759 577 ι
806 521 996 591 Δῆλον,
1045 520 1126 575 ὃτι
1158 515 1232 575 ὧν
1255 520 1282 574 6
1311 521 1543 593 Χριστὸς
1580 520 1637 571 ἐν
1664 515 1742 589 τῷ
1766 515 1879 587 λαῷ

1994 512 2351 568 retribuehant
2380 483 2681 566 mihi‘mala
2707 519 2808 578 pro
2839 502 3000 559 bonis
3030 501 3097 557 ³³.
3145 518 3165 553 ι
3206 497 3405 554 Notum
3444 498 3552 552 uti-

320 620 461 693 αύτῷ
491 618 765 691 πεποίηκε
789 634 805 648 ·
847 614 1061 687 πρῶτον
1133 614 1190 669 ἐν
1231 615 1328 687 τὴν
1365 615 1540 682 ἔξοδον
1573 611 1750 669 αὐτῶν
1789 609 1886 682 τήν

321 712 374 761 ἐξ
402 710 699 761 Αἰγύπτου.
737 709 831 761 καὶ
865 707 933 761 τά
970 633 1131 761 λοιὴ
1168 707 1337 761 μύρια
1378 707 1577 761 ἀγαθὰ.
1609 706 1645 761 ἃ
1681 708 1763 761 εἰς
1794 706 1886 760 αὺ-

321 712 376 780 ἐξ
401 710 699 780 Αἰγύπτου,
737 709 831 763 καὶ
865 707 933 761 τὰ
970 706 1130 761 lein
1166 707 1337 779 μύρια
1378 707 1577 778 ἀγαθὰ,
1609 706 1645 762 ἃ
1681 708 1763 770 εἰς
1794 706 1888 760 αὺ-

319 803 438 864 τοὺς
467 799 783 871 εἰργάσατο,
815 797 1005 851 ἔπειτα
1034 797 1091 850 δὲ
1128 799 1253 864 τοὺς
1279 799 1565 864 νοσοῦντας
1593 800 1771 855 αὐτῶν
1807 800 1888 855 ἰά-

323 907 464 943 σατο.
499 890 638 960 Περὶ
677 888 736 941 δὲ
771 886 878 941 τῶν
923 887 1380 958 μαστιγωσάντων
1412 891 1505 944 καὶ
1543 890 1887 962 ραπισάντων

317 980 406 1035 τὸν
434 979 668 1052 Χριστὸν
699 979 925 1043 Ἡσαΐας
939 981 968 1033 6
990 981 1273 1051 προφήτης
1293 980 1367 1044 ὡς
1390 966 1453 1034 ἐκ
1482 981 1772 1053 προσώπου
1791 981 1886 1035 τοῦ

319 1070 547 1144 Χριστοῦ
571 1070 744 1134 οὕτως
773 1071 904 1142 φησί
921 1087 935 1102 ο
966 1089 985 1122 ι
1008 1071 1111 1127 Τὸν
1131 1071 1298 1125 νῶτόν
1329 1089 1429 1143 μου
1450 1071 1655 1126 δέδωκα
1680 1075 1759 1138 εἰς
1787 1075 1889 1145 μά-

320 1173 525 1225 στιγας,
574 1156 673 1220 τὰς
719 1156 779 1210 δὲ
814 1156 1069 1227 σιαγόνας
1101 1174 1203 1229 μου
1231 1159 1311 1222 εἰς
1348 1159 1687 1231 ῥαπίσματα,
1738 1161 1800 1215 τὸ
1828 1162 1886 1214 δὲ

318 1246 603 1319 πρόσωπόν
644 1264 748 1318 μου
775 1248 876 1300 ούκ
902 1247 1217 1319 άπέστρεψα
1254 1248 1362 1301 ἁπδ
1394 1249 1655 1321 αἰσχύνης
1682 1251 1889 1321 ἐμπτυ-

320 1336 555 1406 σμάτων.
581 1356 600 1389 ι
648 1338 880 1407 Ὁμοίως
931 1337 990 1390 δὲ
1038 1337 1131 1391 καί
1182 1338 1211 1390 6
1262 1340 1548 1411 προφήτης
1610 1339 1775 1394 Δαδίδ
1823 1341 1888 1394 ἐκ

318 1427 604 1496 προσώπου
640 1427 739 1482 τοῦ
793 1427 1027 1501 Χριστοῦ
1066 1429 1126 1484 ὲν
1171 1426 1247 1494 λζ’
1284 1431 1486 1502 ψαλμῷ
1524 1432 1698 1501 λέγει·
1733 1434 1887 1486 «Ὅτι

317 1520 424 1590 ἐγὼ
453 1523 533 1585 εἰς
582 1521 854 1591 μάστιγας
885 1522 1118 1593 ἕτοιμος,
1170 1522 1264 1575 καὶ
1302 1525 1336 1595 ή
1382 1524 1629 1596 ἀλγηδών
1667 1542 1766 1597 μου
1796 1527 1882 1579 ἐν-

316 1612 482 1665 ώπιόν
514 1612 613 1683 μού
633 1614 751 1665 ἐστι
765 1613 854 1667 διὰ
877 1616 1094 1677 παντός.
1120 1634 1138 1667 ι
1157 1615 1289 1689 Περὶ
1307 1616 1364 1669 δὲ
1389 1616 1498 1687 (77)
1515 1616 1615 1687 τῆς
1635 1616 1888 1687 πράσεως

317 1701 408 1755 τοῦ
444 1702 681 1772 Χριστοῦ
715 1701 867 1771 λέγει
890 1703 1158 1775 Ἱερεμίας
1187 1708 1216 1759 6
1243 1707 1529 1776 προφήτης
1547 1721 1561 1736 ο
1597 1724 1615 1757 ι
1634 1706 1743 1761 Καὶ
1769 1705 1889 1759 έλα-

317 1793 409 1847 6ον
435 1794 504 1847 τὰ
538 1790 834 1866 τριάκοντα
866 1796 1124 1868 ἀργύρια,
1148 1797 1243 1869 τὴν
1271 1798 1437 1869 τιμὴν
1463 1796 1558 1852 τοῦ
1586 1797 1886 1870 τετιμημέ-

319 1903 427 1952 νου,
477 1886 538 1940 δν
569 1888 896 1960 ἐτιμήσαντο
936 1888 1046 1942 ἀπὸ
1082 1887 1212 1942 υἱῶν
1248 1889 1484 1961 Ἰσραὴλ,
1543 1891 1635 1943 καὶ
1678 1889 1886 1943 ἔδωκαν

317 1975 454 2029 αὐτά
479 1978 559 2040 εἰς
572 1977 663 2029 τὸν
679 1977 846 2047 ἀγρὸν
863 1975 956 2031 τοῦ
978 1979 1283 2049 κεραμέως,
1308 1978 1489 2043 καθὼς
1511 1977 1767 2044 συνέταξε
1796 1996 1886 2051 μοι

318 2066 538 2139 Κύριος.
565 2086 585 2119 ι
611 2063 759 2140 Ἀρα
805 2068 962 2122 τοῦτο
1014 2070 1473 2141 παραγράψασθαι
1531 2070 1779 2136 δύνασθε,
1842 2064 1888 2123 ὦ

330 2158 591 2223 Ἰουδαῖοι,
611 2159 749 2231 ὅπερ
770 2160 876 2230 πρὸ
896 2158 1188 2230 ὀφθαλμῶν
1204 2161 1402 2224 παντὸς
1419 2161 1512 2214 τοῦ
1529 2162 1734 2234 κόσμου
1755 2163 1889 2234 πρό-

318 2264 491 2301 κειται
526 2246 714 2301 ἔκτοτε
754 2249 849 2301 καὶ
879 2252 1042 2320 μέχρι
1068 2246 1163 2301 τοῦ
1207 2248 1302 2303 νῦν
1336 2266 1350 2314 ;
1381 2250 1523 2320 λέγω
1564 2252 1628 2323 δὴ
1660 2253 1689 2304 6
1720 2253 1889 2325 ἀγρὸς

316 2338 408 2392 τοῦ
439 2338 733 2412 κεραμέως
760 2341 842 2404 εἰς
871 2341 1050 2413 ταφήν
1076 2343 1189 2405 τοῖς
1213 2341 1403 2407 ξένοις.
1420 2343 1692 2408 Ὡσαύτως
1715 2345 1771 2399 δὲ
1796 2347 1890 2400 καί

319 2432 589 2504 Ζαχαρίας
618 2433 648 2485 6
673 2434 959 2504 προφήτης
988 2433 1138 2503 λέγει
1168 2435 1295 2506 περὶ
1325 2435 1433 2489 τῶν
1460 2436 1752 2508 τριάκοντα
1785 2440 1887 2511 ἀρ-

317 2524 517 2595 γυρίων
542 2524 619 2588 ώς
642 2525 708 2578 ἐκ
731 2523 1023 2596 προσώπου
1049 2524 1144 2579 τοῦ
1166 2526 1403 2598 Χριστοῦ
1423 2545 1436 2557 ·
1470 2547 1488 2580 ι
1519 2529 1629 2583 Καὶ
1654 2528 1888 2603 ἔστησαν

318 2614 403 2669 τὸν
438 2615 634 2686 μισθόν
659 2632 760 2686 μου
780 2616 1074 2687 τριάκοντα
1101 2616 1360 2690 ἀργύρια.
1385 2637 1405 2670 ι
1424 2619 1544 2673 ’Ότι
1575 2620 1631 2673 δὲ
1658 2622 1759 2691 τὴν
1790 2622 1890 2693 ἀρ-

317 2707 415 2778 χὴν
432 2707 537 2778 τῆς
564 2707 841 2779 σωτηρίας
871 2708 1051 2779 ήμῶν,
1101 2710 1265 2779 ήγουν
1293 2710 1383 2764 τὸν
1423 2711 1603 2783 τίμιον
1634 2714 1887 2786 σταυρὸν,

316 2798 372 2852 ὲν
391 2802 506 2863 τοῖς
534 2799 688 2863 ίδίοις
714 2797 888 2870 ὤμοις
912 2799 1075 2852 αὐτοῦ
1109 2799 1404 2855 ἐϐάστασεν
1427 2803 1456 2854 6
1484 2804 1716 2875 Χριστὸς
1745 2805 1891 2874 ὑψω-

317 2888 428 2954 θεὶς
463 2892 526 2943 ἐν
570 2890 741 2962 αύτῷ,
786 2891 1009 2955 Ἡσαΐας
1054 2892 1083 2943 6
1130 2893 1416 2965 προφήτης
1462 2895 1527 2947 ἐκ
1574 2894 1892 2967 Πνεύματος

314 2978 470 3047 ἁγίου
524 2981 913 3053 προφητεύσας
971 2977 1142 3048 εἶπεν,
1183 2982 1264 3036 ὅτι
1303 3002 1322 3035 ι
1354 2985 1570 3038 Παιδίον
1630 2987 1891 3059 ἐγεννήθη

315 3072 463 3141 ἡμῖν,
492 3071 611 3136 υἱὸς
648 3070 745 3126 καὶ
775 3072 930 3144 ἐδόθη
975 3075 1129 3144 ἡμῖν,
1162 3068 1277 3145 οὗή
1307 3075 1448 3147 ἀρχὴ
1491 3077 1583 3129 ἐπὶ
1621 3078 1715 3130 τοῦ
1740 3077 1889 3149 ὤμου

1986 620 2090 675 que
2112 613 2196 660 est
2227 604 2431 659 Christi
2458 600 2815 670 beneficentia
2840 637 2855 663 ,
2893 595 3072 667 primo
3104 594 3344 665 ipsorum
3378 607 3552 663 popuo

1986 698 2096 752 lum
2127 712 2194 752 ex
2214 695 2447 767 Egypto
2476 694 2821 757 discessisse,
2848 697 3153 758 caeteraque
3174 700 3335 756 quam
3381 683 3552 755 pluri-

1985 803 2073 843 ma
2126 788 2182 843 in
2237 788 2361 843 illos
2408 788 2550 843 bona
2586 801 2709 842 eum
2741 782 3081 840 contulisse:
3116 794 3305 840 eorum
3335 792 3553 848 quoque

1985 880 2197 936 sanavit
2226 879 2491 934 infirmos.
2525 878 2599 933 De
2652 879 2723 933 iis
2771 885 2949 931 autem
2979 873 3072 944 qui
3111 871 3453 938 ﬂagellarunt
3498 877 3554 924 et

1985 981 2381 1044 percusserunt
2426 971 2727 1035 Christum,
2758 970 2841 1025 sic
2875 983 2943 1023 ex
2976 964 3179 1020 Christi
3214 976 3445 1034 persona
3470 961 3553 1015 lo-

1986 1065 2174 1136 quitur
2205 1065 2420 1120 Isaias:
2468 1080 2487 1114 ι
2523 1061 2756 1118 Dorsum
2803 1073 2983 1115 meum
3017 1056 3142 1113 dedi
3198 1055 3265 1110 ad
3298 1054 3510 1125 ﬂagella
3532 1091 3551 1118 ,

1985 1165 2039 1212 et
2064 1171 2231 1227 genas
2263 1169 2411 1210 meas
2431 1153 2500 1208 ad
2525 1154 2712 1224 alapas
2739 1172 2752 1208 :
2786 1151 2980 1206 faciem
3015 1157 3198 1204 autem
3232 1162 3409 1203 meam
3440 1161 3549 1202 non

1988 1249 2158 1303 averti
2210 1249 2279 1302 ah
2325 1247 2627 1321 ignominia
2654 1252 2940 1317 sputorum
2970 1241 3038 1297 “.
3079 1262 3098 1295 ι
3133 1240 3397 1296 Similiter
3425 1240 3552 1293 item

1986 1340 2153 1395 David
2184 1342 2450 1413 propheta
2481 1338 2551 1394 ex
2577 1338 2783 1395 Christi
2813 1348 3049 1407 persona
3093 1334 3150 1388 in
3198 1334 3409 1403 psalmo
3453 1331 3555 1384 tri-

1987 1432 2190 1488 cesimo
2211 1433 2443 1503 septimo
2472 1433 2547 1486 ait
2580 1451 2592 1487 :
2631 1450 2650 1483 ι
2682 1429 2948 1496 Quoniam
2994 1440 3094 1498 ego
3120 1427 3176 1479 in
3215 1424 3424 1496 flagella
3456 1438 3555 1493 pa-

1988 1533 2142 1580 ratus
2174 1540 2294 1579 sum
2315 1566 2330 1591 ,
2373 1531 2427 1580 et
2451 1524 2609 1580 dolor
2636 1537 2792 1578 meus
2818 1521 2874 1575 in
2916 1525 3210 1589 conspectu
3242 1533 3368 1572 meo
3413 1531 3558 1572 sem-

1988 1632 2084 1688 per
2110 1617 2176 1671 ⁸⁷.
2219 1635 2239 1669 ι
2276 1615 2404 1671 Ilaec
2430 1631 2649 1687 quoque
2698 1614 2767 1670 de
2820 1613 3024 1669 Christi
3075 1611 3385 1668 venditione
3426 1608 3560 1664 dicit

1985 1708 2249 1765 Jeremias
2275 1727 2289 1763 :
2331 1728 2350 1760 ι
2392 1708 2458 1764 Ει
2488 1714 2818 1779 acceperunt
2842 1706 3068 1776 triginta
3094 1710 3406 1774 argenteos,
3439 1716 3563 1771 pre-

1989 1801 2124 1857 tium
2157 1801 2466 1873 appretiati,
2496 1816 2659 1872 quem
2684 1798 3127 1870 appretiaverunt
3152 1811 3180 1848 a
3217 1794 3342 1849 ﬁliis
3369 1792 3559 1856 Israel,

1986 1901 2040 1949 et
2071 1892 2337 1949 dederunt
2370 1909 2466 1949 eos
2513 1894 2570 1947 in
2617 1886 2805 1963 agrum
2850 1888 2996 1960 figuli
3024 1926 3040 1954 ,
3095 1887 3238 1943 sicut
3276 1879 3563 1940 constituit

1986 1986 2119 2041 mihi
2158 1966 2420 2042 Dominus
2444 1985 2509 2040 ³⁸.
2547 2003 2565 2036 ι
2612 1982 2695 2037 An
2729 1981 2872 2037 istud
2905 1980 3207 2050 depravare
3246 1976 3498 2047 potestis.
3528 1989 3564 2029 ο

1985 2077 2178 2146 Ιιιᾱαξί,
2205 2079 2350 2149 quod
2382 2085 2508 2132 ante
2532 2076 2723 2131 oculos
2755 2074 2923 2128 totius
2950 2071 3135 2126 mundi
3165 2087 3232 2126 ex
3261 2070 3355 2123 illo
3371 2067 3437 2122 ad
3461 2068 3563 2121 hoc

1988 2186 2161 2242 usque
2190 2177 2407 2241 tempus
2434 2152 2755 2239 expositum.
2775 2166 2902 2221 est?
2938 2163 3161 2234 Loquor
3209 2161 3468 2216 nimirum
3496 2160 3563 2214 de

1988 2278 2118 2334 agro
2151 2263 2299 2335 figuli
2327 2260 2395 2316 ad
2427 2261 2762 2331 sepulturam
2792 2257 3210 2330 peregrinorum
3242 2252 3559 2324 comparati.

1988 2355 2190 2412 Eodem
2215 2354 2379 2410 modo
2408 2353 2704 2408 Zacharias
2724 2351 2989 2422 propheta
3013 2349 3079 2405 de
3107 2349 3332 2419 triginta
3367 2361 3564 2416 argen-

1987 2451 2092 2506 teis
2124 2449 2456 2505 mentionem
2487 2447 2640 2511 facit,
2663 2447 2814 2502 velut
2839 2460 2904 2501 ex
2929 2458 3161 2515 persona
3178 2442 3381 2497 Christi
3409 2456 3420 2491 :
3453 2458 3470 2490 ι
3501 2438 3566 2493 Et

1989 2543 2366 2614 appenderuut
2386 2539 2690 2596 mercedem
2722 2553 2901 2594 meam
2924 2537 3145 2608 triginta
3162 2533 3514 2607 argenteis”.
3542 2551 3560 2584 ι

1990 2634 2144 2702 Quod
2162 2636 2288 2691 item
2308 2635 2504 2689 salutis
2522 2641 2726 2689 nostra:
2742 2630 3094 2701 principium,
3114 2628 3411 2698 pretiosam
3428 2624 3571 2679 vide-

1990 2728 2116 2784 licet
2137 2743 2379 2791 crucem,
2406 2728 2521 2783 suis
2540 2726 2657 2798 ipse
2671 2725 2918 2780 humeris
2937 2723 3121 2797 tulerit
3136 2721 3410 2783 Christus,
3428 2719 3482 2772 in
3504 2733 3567 2773 ea

1991 2821 2280 2885 exaltatus,
2302 2821 2469 2876 Isaias
2486 2819 2748 2890 propheta
2767 2833 2834 2873 ex
2853 2815 3058 2887 Spiritu
3077 2822 3267 2870 sancto
3287 2813 3372 2866 his
3389 2810 3569 2866 verbis

1992 2914 2336 2984 prophetarit
2370 2932 2382 2967 :
2422 2931 2439 2964 ι
2462 2912 2605 2966 Puer
2628 2921 2788 2966 natus
2817 2918 2901 2963 est
2924 2908 3101 2971 nobis,
3126 2906 3267 2961 filius
3298 2911 3460 2958 natus
3485 2908 3570 2957 cst

1993 3006 2174 3069 nobis,
2207 3004 2364 3075 cujus
2393 3003 2736 3074 principatus
2777 3014 2943 3070 super
2986 2999 3271 3052 humerum
3298 2994 3419 3065 ejus
3440 2992 3509 3058 ⁸ο,
3543 3011 3563 3043 ι

1994 3098 2202 3152 scilicet
2236 3113 2367 3151 crux
2406 3094 2637 3150 vivifica.
2672 3093 2747 3149 De
2782 3094 2969 3163 Spinea
3023 3105 3152 3146 vero
3192 3102 3394 3143 corona
3429 3086 3570 3141 scri-

314 3162 477 3218 αὐτοῦ
497 3181 513 3195 ο
548 3181 568 3215 ι
611 3164 889 3218 τουτέστιν
917 3166 944 3217 6
967 3162 1227 3228 ζωοποιὸς
1258 3168 1505 3238 σταυρός.
1536 3169 1673 3239 Περὶ
1702 3169 1758 3222 δὲ
1789 3170 1884 3223 τοῦ

1994 3196 2143 3258 ptum
2177 3189 2339 3245 estin
2366 3181 2610 3243 Canticis
2659 3162 3038 3241 canticorum:
3076 3200 3094 3234 ι
3136 3180 3287 3235 Filiae
3343 3176 3569 3233 Jerusa-

312 3254 603 3309 άκανθίνου
637 3256 901 3325 στεφάνου
931 3257 1237 3328 γέγραπται
1267 3259 1325 3311 ἐν
1360 3262 1474 3322 τοῖς
1507 3260 1747 3331 ¹’ᾼσμασι
1779 3261 1886 3314 τῶν

314 3349 605 3419 ᾀσμάτωνο
656 3370 675 3403 ι
709 3351 1020 3423 Θυγατέρες
1067 3353 1439 3425 Ἰερουσαλὴμ,
1487 3354 1752 3423 ἐξέλθετε,
1798 3359 1891 3411 καὶ

313 3437 448 3493 ἴδετε
487 3440 587 3495 τὸν
635 3440 899 3510 στέφανον
936 3440 994 3494 δν
1035 3442 1408 3512 ἐστεφάνωσεν
1443 3445 1605 3498 αὐτὸν
1643 3449 1675 3518 ή
1709 3447 1891 3518 μήτηρ

312 3532 472 3586 αὑτοῦ
492 3550 507 3563 ·
538 3553 557 3584 ι
578 3532 857 3587 τουτέστιν
885 3534 917 3605 ή
944 3536 1231 3606 συναγωγὴ
1260 3536 1366 3589 τῶν
1399 3537 1660 3591 Ἰουδαίων
1685 3538 1892 3610 (μήτηρ

309 3622 416 3695 γὰρ
461 3624 708 3696 Χριστοῦ
751 3623 892 3695 αὕτη
932 3626 1074 3682 κατὰ
1120 3626 1295 3698 σάρκα
1338 3614 1592 3698 νόεῖται),
1624 3629 1680 3680 ἐν
1710 3629 1892 3701 ἡμέρᾳ

310 3716 672 3785 νυμφεύσεως
704 3716 898 3779 αὑτοῦ,
949 3718 1041 3771 καὶ
1073 3717 1130 3769 ἐν
1166 3716 1351 3789 ἡμέρᾳ
1386 3718 1722 3789 εὐφροσύνης
1753 3736 1891 3791 καρ-

309 3806 425 3872 δίας
456 3807 650 3863 αύτοῦ.
677 3828 696 3863 ι
747 3807 1022 3880 Πρόδηλον
1060 3808 1138 3873 δὲ,
1162 3809 1297 3882 ὁτιή
1334 3811 1515 3881 ἡμέρα
1549 3808 1642 3863 τοῦ
1690 3810 1894 3875 πάθους

307 3895 399 3948 τοῦ
433 3897 677 3969 Χριστοῦ
695 3892 767 3969 ἦν
794 3897 975 3969 ἡμέρα
1002 3897 1340 3970 εὐφροσύνης
1368 3900 1532 3954 αὑτοῦ
1552 3899 1641 3953 διὰ
1667 3901 1763 3971 τήν
1787 3917 1894 3954 σω-

307 3989 501 4060 τηρίαν
552 3988 733 4061 ήμῶν.
758 3989 969 4061 Ὥσπερ
1003 3988 1110 4061 γὰρ
1141 3989 1374 4045 ἄκανθαι
1410 4008 1572 4054 τινες.
1598 3989 1769 4055 οὕτως
1792 3993 1898 4045 ύπε

308 4079 473 4152 ἦρχον
504 4085 565 4137 αἱ
595 4082 867 4155 ἁμαρτίαι
897 4082 988 4135 τοῦ
1011 4084 1235 4154 κόσμου,
1256 4084 1499 4149 ἅστινας,
1517 4084 1684 4137 ἐλθὼν
1709 4085 1738 4137 6
1759 4087 1895 4157 Χρι-

308 4170 428 4237 στὸς
455 4175 486 4227 6
529 4175 732 4246 Ἀμνὸς
778 4172 876 4228 τοῦ
926 4174 1057 4227 Θεοῦ
1085 4177 1113 4228 6
1161 4176 1332 4247 αἴρων
1360 4176 1458 4247 τὴν
1489 4177 1762 4247 ἁμαρτίαν
1800 4177 1894 4230 τοῦ

305 4265 538 4337 κόσμου,
573 4265 855 4340 ἐξήλειψε.
903 4267 1012 4323 Καὶ
1042 4266 1292 4338 καθάπερ
1318 4267 1407 4320 διὰ
1437 4267 1531 4320 τοῦ
1561 4267 1772 4340 καρποῦ
1800 4269 1895 4322 τοῦ

306 4354 463 4423 ξύλου
497 4361 532 4430 ἡ
564 4359 844 4431 ἁμαρτία,
880 4356 1021 4410 οὕτω
1047 4357 1133 4411 διὰ
1162 4357 1256 4411 τοῦ
1282 4358 1439 4425 ξύλου
1475 4361 1569 4413 τοῦ
1603 4360 1836 4432 σταυροῦ
1863 4363 1896 4433 ή

305 4453 571 4524 σωτηρία.
602 4452 719 4505 Καὶ
763 4449 855 4503 διὰ
884 4449 1041 4502 τοῦτο
1070 4450 1128 4502 ἐν
1158 4451 1319 4521 κήπῳ
1347 4450 1408 4503 τὸ
1440 4450 1610 4515 πάθος
1644 4451 1737 4504 τοῦ
1763 4454 1898 4523 Χρι-

1996 3281 2123 3345 lem,
2147 3280 2464 3351 egredimini
2502 3287 2556 3334 et
2588 3278 2767 3333 videte
2817 3278 3114 3339 coronam,
3148 3287 3254 3343 qua
3288 3270 3574 3325 coronavit

1997 3387 2121 3427 eum
2137 3379 2312 3427 mater
2340 3388 2461 3437 sua,
2498 3390 2517 3423 ι
2552 3385 2747 3441 nempe
2773 3368 3085 3424 Judmorum
3114 3365 3397 3438 Synagoga
3428 3363 3571 3435 (ipsa

1997 3462 2141 3516 enim
2172 3470 2346 3515 mater
2375 3459 2580 3516 Christi
2615 3454 2915 3514 secundum
2950 3471 3169 3511 carnem
3197 3451 3569 3523 intciligitur),

2005 3570 2023 3602 ι
2053 3549 2112 3605 in
2135 3549 2222 3606 die
2242 3549 2678 3620 desponsationis
2701 3548 2842 3617 ejus,
2877 3553 2931 3601 et
2974 3547 3029 3599 in
3064 3544 3152 3599 die
3184 3542 3572 3598 exsultationis

1999 3639 2183 3694 cordis
2229 3640 2399 3693 illius.
2457 3658 2474 3689 ι
2514 3637 2862 3691 Manifestum
2912 3642 3093 3689 autem
3146 3642 3231 3687 est
3258 3632 3423 3695 dicm,
3461 3646 3570 3702 qua

1998 3745 2194 3800 passus
2234 3737 2317 3785 est
2358 3727 2634 3791 Christus,
2659 3725 2800 3781 diem
2841 3726 2960 3794 ejus
2989 3723 3372 3780 exsultationis
3401 3720 3574 3776 fuisse

2000 3828 2220 3893 propter
2253 3821 2483 3875 salutem
2531 3816 2797 3871 nostram.
2856 3814 3034 3871 Instar
3086 3814 3232 3868 enim
3287 3812 3571 3881 spinarum

2002 3912 2153 3967 fuere
2181 3911 2366 3980 mundi
2404 3913 2803 3982 peccata,'qu:e
2840 3923 2942 3963 suo
2989 3906 3226 3961 adventu
3271 3903 3528 3958 Christus
3552 3938 3571 3966 ,

1999 4005 2184 4075 Agnus
2215 4003 2308 4058 Dei
2331 4043 2345 4066 ,
2400 3996 2681 4072 peccatum
2711 3996 2897 4053 mundi
2929 3998 3124 4052 tollens
3155 4036 3169 4059 ,
3228 3994 3448 4049 delevit.
3492 3992 3573 4046 Ac

2001 4094 2455 4166 quemadmodum
2495 4109 2590 4164 per
2615 4091 2852 4145 fruetum
2892 4088 3059 4160 lig'ni,
3115 4092 3435 4157 peccatum;
3492 4082 3576 4138 sic

2003 4203 2099 4258 per
2125 4188 2331 4259 lignum
2361 4186 2561 4251 crucis,
2593 4180 2762 4239 salus“.
2798 4182 2952 4237 Unde
2980 4183 3034 4236 in
3062 4180 3223 4234 horto
3252 4192 3449 4250 passus
3479 4183 3567 4231 est

2002 4280 2274 4344 Christus,
2308 4281 2434 4350 quia
2468 4281 2521 4333 in
2555 4278 2811 4348 paradiso
2842 4276 3012 4330 Adam
3044 4280 3385 4343 peccaverat.
3435 4269 3577 4324 Hinc

2004 4382 2050 4425 ct
2077 4370 2271 4425 latroni
2308 4371 2597 4441 paradisus
2652 4383 2682 4421 a
2731 4382 2895 4422 cruce
2926 4365 3205 4436 aperitur:
3240 4365 3365 4417 hinc
3422 4368 3576 4415 sexta

2004 4460 2138 4515 hora
2159 4460 2453 4515 crucifixus
2489 4459 2741 4514 Christus
2766 4466 2870 4520 est,
2892 4456 3019 4526 quia
3047 4452 3422 4524 pouieridiano
3438 4456 3580 4503 tem-

304 4543 429 4596 στοῦ
460 4544 724 4613 γέγονεν,
757 4540 946 4612 ἐπειδὴ
974 4544 1030 4595 ἐν
1067 4542 1378 4614 παραδείσῳ
1407 4542 1617 4615 παρέϐη
1645 4546 1675 4597 6
1710 4544 1891 4616 Ἀδάμ⁴

2008 4567 2138 4623 pore
2162 4553 2331 4607 Adam
2356 4552 2618 4622 expulsus
2640 4561 2741 4606 est.
2774 4549 2866 4604 Fel
2897 4555 3101 4618 gustat,
3138 4555 3199 4599 ut
3232 4541 3579 4598 dulcedinem

301 4634 400 4688 Διὰ
434 4636 605 4690 τοῦτο
647 4635 746 4688 καὶ
786 4633 960 4706 λῃστῇ
987 4636 1311 4706 παράδεισος
1339 4637 1447 4691 ἀπὸ
1488 4637 1720 4710 σταυροῦ
1749 4640 1897 4693 ἀνοί-

302 4742 493 4794 γεται’
517 4727 622 4809 διὰ
663 4725 828 4780 τοῦτο
862 4725 919 4778 δὲ
962 4727 1055 4779 καὶ
1094 4727 1212 4799 ὥρᾳ
1252 4729 1384 4801 ἕκτῃ
1423 4730 1451 4782 6
1479 4731 1711 4801 Χριστὸς
1740 4749 1900 4785 σταυο

306 4820 519 4891 ροῦται,
551 4819 754 4888 ἐπειδὴ
796 4817 859 4871 τὸ
893 4816 1114 4871 δειλινὸν
1147 4821 1175 4871 6
1207 4819 1377 4890 Ἀδὰμ
1409 4818 1697 4892 ἐξωρίσθη.
1726 4823 1899 4893 Χολῆς

301 4912 551 4981 γεύεται,
589 4912 687 4966 ἵνα
713 4910 817 4980 τὴν
846 4908 1157 4979 γλυκύτητα
1184 4910 1284 4981 τῆς
1327 4912 1531 4981 πικρᾶς
1571 4911 1764 4982 ἡδονῆς
1807 4914 1901 4966 τοῦ

313 5005 491 5078 ’Δδάμ
528 5007 799 5076 ἰάσηταιο
832 5000 1139 5073 ῥαπίζεται,
1178 5002 1266 5055 ἴνα
1297 5004 1421 5074 ἐμοὶ
1461 5004 1560 5074 τὴν
1593 5002 1903 5074 ἐλευθερίαν

300 5100 635 5173 χαρίσηται·
677 5094 1006 5166 ἐμπτύεται,
1052 5095 1140 5148 ἵνα
1166 5094 1228 5147 τὸ
1267 5095 1566 5167 ἐμφύσημα
1609 5095 1702 5149 τοῦ
1749 5097 1901 5166 ἁγίου

301 5192 635 5264 Πνεύματος
694 5190 833 5260 ἡμῖν
891 5186 1220 5259 χαρίσηταιο
1258 5189 1680 5260 φραγγε).οῦται,
1714 5191 1799 5244 ἵνα
1842 5191 1907 5244 τὸ

301 5285 392 5339 ἐπὶ
410 5285 509 5340 τοῦ
531 5283 726 5340 νώτου
747 5279 905 5351 ήμῶν
929 5279 1146 5351 φορτίον
1167 5280 1278 5334 τῶν
1294 5281 1576 5353 ἁμαρτιῶν
1603 5283 1871 5355 σκορπίση
1885 5300 1901 5317 ε

301 5376 613 5447 γυμνοῦται
643 5375 709 5427 ἐν
736 5370 900 5441 ξύλῳ,
917 5370 1002 5423 ἵνα
1033 5371 1131 5442 τὴν
1153 5370 1295 5444 ἐμὴν
1326 5370 1587 5444 αἰσχύνην
1618 5374 1865 5446 σκεπάσῃ
1885 5390 1897 5403 ·

303 5465 660 5522 θανατοῦται.
695 5463 790 5517 ῐνα
831 5461 930 5532 ἐμὲ
978 5461 1288 5537 ξωοποιήσῃ
1314 5478 1328 5493 ·
1359 5462 1767 5534 κατακρίνεται,
1817 5465 1905 5520 ἵνα

374 5626 419 5658 ³⁸
456 5623 617 5680 Psal.
655 5632 859 5677 xxxrv.
897 5615 955 5669 Il
979 5654 995 5680 ,
1032 5616 1121 5673 12.

305 5694 348 5729 ⁸⁸
384 5696 496 5752 Isa.
533 5709 628 5758 lx,
666 5691 728 5745 6.
806 5687 851 5721 ⁵⁸
890 5686 1047 5744 Cant.
1083 5701 1178 5751 ιιι,
1214 5689 1305 5743 Μ.

374 5836 491 5921 (7
521 5848 673 5918 Reg.
704 5844 768 5914 5,
792 5841 890 5912 τῆς
915 5840 1187 5913 πράσεως.
1215 5838 1385 5910 Editi,
1422 5840 1749 5914 προδόσεως.

1231 5618 1279 5650 ⁸ο
1317 5616 1423 5674 Isa.
1459 5632 1526 5682 ι,
1566 5615 1620 5671 6.
1698 5618 1740 5649 "
1779 5617 1923 5675 Psal.
1962 5636 2184 5688 xxxvii,
2225 5620 2312 5677 I4.

2004 4660 2205 4700 amara:
2231 4645 2525 4715 voluptatis
2558 4642 2747 4697 Adami
2775 4649 2930 4698 sanet
2962 4659 2975 4694 :
3031 4638 3203 4710 alapis
3248 4633 3577 4706 percutitur,

2004 4743 2065 4790 ut
2090 4736 2395 4792 libertatem
2440 4735 2599 4789 nobis
2644 4734 2849 4788 donet:
2901 4730 3247 4799 conspuitur,
3285 4732 3347 4780 ut
3398 4726 3574 4779 sancti

2005 4825 2244 4898 Spiritus
2289 4827 2523 4881 afllatum
2575 4826 2731 4881 nobis
2787 4822 3057 4895 impertiat
3089 4838 3104 4875 :
3137 4817 3474 4887 Ilageliatur,
3516 4818 3585 4866 ue

2004 4927 2249 4975 nostram
2284 4926 2634 4989 peccatorum
2669 4917 2944 4973 sarcinam
2984 4914 3148 4967 dorso
3178 4924 3278 4964 suo
3300 4904 3527 4961 ventilet
3559 4921 3585 4957 :-

2010 5010 2064 5064 in
2095 5009 2241 5079 ligno
2274 5008 2548 5072 nudatur,
2610 5015 2667 5062 ut
2720 5021 2896 5061 meam
2939 5004 3147 5074 operiat
3183 4995 3576 5068 ignominiam:

2008 5101 2260 5161 moritur,
2289 5107 2347 5153 ut
2377 5115 2463 5154 me
2495 5099 2767 5154 vivificet:
2808 5095 3203 5151 condemnatur
3227 5131 3241 5154 ,
3301 5095 3362 5140 ut
3411 5100 3498 5139 me
3546 5099 3578 5137 a

2004 5191 2383 5246 maledictione
2410 5191 2638 5245 liberet:
2675 5195 2839 5260 caput
2886 5187 3008 5256 ejus
3031 5181 3298 5237 arundine
3337 5176 3580 5247 percuti-

2004 5290 2115 5347 tur,
2151 5290 2211 5335 ut
2241 5282 2511 5353 serpentis
2553 5288 2716 5351 caput
2765 5283 3052 5334 conterat:
3100 5274 3289 5327 lancea
3319 5269 3590 5340 pungitur-

2004 5375 2149 5428 latus
2180 5372 2321 5443 ejus,
2357 5381 2418 5426 ut
2460 5388 2527 5427 ex
2566 5370 2757 5425 Adami
2806 5370 2979 5424 latere
3026 5375 3263 5422 creatam
3295 5363 3578 5422 mulierem

2006 5473 2200 5531 sanet,
2237 5465 2652 5533 Ilammeamque
2695 5460 3242 5531 rhomphaeam,quae
3292 5454 3582 5511 adversum

2428 5619 2471 5654 ³⁸
2509 5614 2709 5673 Jerem.
2748 5629 2931 5683 xxx",
2968 5613 3044 5683 9;
3079 5608 3280 5666 Matth.
3308 5621 3490 5672 xxvii,
3523 5602 3583 5663 9.
