4088 6382
509 323 618 380 695

1629 321 1686 376 S.
1726 311 2189 375 ATHANASlUS.
2230 345 2298 356 —
2337 313 2607 370 SPURIA.

3645 299 3750 356 696

512 458 614 498 nos
674 441 961 509 vibratur,
1008 439 1284 505 inhibeat,
1333 451 1400 494 ac
1448 435 1607 493 nobis
1637 434 1784 491 viam
1835 432 2074 504 paradisi

2178 429 2278 501 ἐμὲ
2300 431 2400 500 τῆς
2425 432 2670 503 κατάρας
2701 427 2973 500 ἀπολύσῃ·
3004 423 3236 496 καλάμῳ
3265 420 3364 494 τὴν
3390 415 3640 509 κεφαλὴν.
3659 414 3754 509 τύ-

510 532 695 603 aperia

2183 538 2394 584 πτεται,
2426 523 2515 576 ἵνα
2544 524 2642 596 τὴν
2673 521 2765 576 τοῦ
2799 521 2974 590 δφεως
3017 515 3254 586 κεφαλήν
3300 510 3594 584 συντρίψῃξ
3629 506 3754 576 λόγ-

507 598 580 698 χῃ
609 625 708 694 τήν
739 621 978 695 πλευρὰν
1017 620 1284 683 νύττεται,
1317 617 1426 690 (78)
1461 618 1549 672 ἵνα
1578 617 1676 689 τήν
1707 617 1770 669 ἐκ
1787 617 1887 687 τῆς
1915 612 2152 685 πλευρᾶς
2212 611 2305 665 τοῦ
2375 614 2547 686 Ἀδὰμ
2600 612 2910 698 κτισθεῖσαν
2937 606 3275 686 θεραπεύσῃ
3295 646 3314 698 ν,
3351 604 3446 658 καὶ
3489 603 3588 673 τήν
3621 598 3752 670 φλο-

459 738 467 749 ’
508 697 665 786 γίνην
693 713 964 786 ῥομφαίαν
1009 711 1108 783 τὴν
1145 711 1264 766 καθ’
1287 711 1442 782 ήμῶν
1474 708 1845 782 στρεφομένην
1875 705 2079 777 παύσῃ,
2123 705 2216 758 καὶ
2248 704 2347 777 τὴν
2380 706 2498 760 ὁδὸν
2531 707 2660 778 ἡμῖν
2687 697 2778 760 τοῦ
2811 703 3136 776 παραδείσου
3165 697 3374 772 ἀνοίξῃ.

583 829 667 884 10.
708 827 830 884 lam
885 827 1033 899 quod
1079 829 1134 884 in
1182 827 1360 883 medio
1388 834 1550 882 terra:
1577 826 1829 881 Christus
1859 823 2068 880 crucili-

504 920 713 991 gendus
757 930 903 977 esset
926 960 940 985 ,
985 921 1042 975 in
1074 921 1282 991 psalmo
1311 919 1711 990 septuagesimo
1740 915 1902 973 tertio
1935 915 2076 970 scri-

2250 823 2480 878 10.Ὄτι
2520 824 2576 877 δέ
2611 825 2668 878 ἐν
2703 821 2852 894 μέσῳ
2896 821 2995 892 τῆς
3025 819 3128 888 γῆς
3175 814 3398 886 ἔμελλεν
3443 812 3472 866 6
3516 805 3752 881 Χριστὸς

2181 913 2567 987 σταυροῦσθαι,
2596 916 2654 968 ἐν
2682 913 2761 983 ογ⁹
2785 911 2986 983 ψαλμῷ
3014 909 3320 979 γέγραπται
3339 921 3354 936 ο
3398 923 3416 956 ι
3439 900 3499 957 Ὀ
3531 902 3587 955 δὲ
3619 897 3752 962 Θεὸς

503 1017 656 1083 ptum
689 1021 794 1076 est,
829 1030 850 1066 ι
888 1011 1034 1069 Deus
1087 1029 1181 1068 rex
1229 1020 1415 1068 noster
1444 1019 1570 1066 ante
1595 1010 1793 1065 saecula
1822 1013 2074 1078 operatus

2183 1004 2434 1075 βασιλεὺς
2472 1004 2626 1076 ήμῶν
2675 1005 2780 1078 πρὸ
2809 1003 3018 1058 αἰώνων
3059 998 3351 1070 εἰργάσατο
3399 991 3672 1065 σωτηρίαν
3694 991 3752 1044 ἐν

503 1110 588 1158 est
638 1101 868 1156 salutem
905 1101 959 1155 in
1001 1102 1184 1156 medio
1215 1108 1376 1156 terra:
1401 1100 1468 1155 ⁸³.
1515 1119 1534 1153 ι
1567 1097 1721 1165 Quod
1774 1097 1901 1152 item
1954 1111 2074 1150 cum

2187 1097 2335 1168 μέσῳ
2359 1098 2460 1168 τῆς
2492 1098 2612 1168 γῆς.
2635 1115 2656 1148 ι
2686 1097 2795 1151 Kal
2818 1096 2900 1148 ὃτι
2930 1092 3066 1166 μετὰ
3093 1091 3304 1165 λῃστῶν
3333 1085 3555 1159 ἔμελλεν
3578 1087 3608 1138 6
3627 1083 3754 1154 Χρι-

501 1192 809 1248 latronibus
849 1200 996 1249 esset
1021 1192 1270 1249 Christus
1310 1192 1708 1262 cruciﬁgendus
1729 1231 1744 1255 ,
1772 1188 1940 1244 Isaias
1967 1187 2042 1241 ait
2067 1206 2074 1242 :

2185 1189 2308 1254 στὸς
2343 1189 2720 1260 σταυροῦσθαι,
2753 1188 2977 1250 Ἡσαΐας
3021 1185 3186 1256 φησί’
3224 1201 3243 1235 ι
3297 1182 3407 1236 Kal
3461 1175 3599 1250 μετὰ
3639 1174 3752 1228 avd-

507 1301 527 1334 ι
564 1282 775 1338 Etcum
818 1283 1022 1353 iniquis
1056 1291 1338 1354 reputatus
1363 1291 1447 1338 est
1478 1282 1543 1336 “.
1585 1300 1603 1333 ι
1639 1280 1712 1335 De
1741 1279 1910 1335 clavis
1931 1292 2070 1348 quoe

2181 1299 2297 1352 μων
2332 1281 2603 1354 ἐλογίσθη.
2632 1301 2650 1335 ι
2689 1281 2826 1352 Περὶ
2859 1280 2915 1333 δὲ
2939 1279 3049 1332 τῶν
3084 1277 3227 1348 ἥλων
3259 1275 3354 1328 καὶ
3379 1271 3473 1326 τοῦ
3505 1271 3752 1341 διαμερι-

497 1389 607 1443 que
653 1381 708 1428 et
769 1374 1062 1445 partitione
1116 1373 1566 1430 vestimentorum
1613 1371 1733 1441 ejus
1783 1370 1863 1425 sic
1909 1368 2073 1422 habet

2178 1371 2317 1444 σμοῦ
2346 1375 2452 1426 τῶν
2495 1373 2723 1445 ίματίων
2752 1371 2939 1434 αὑτοῦ,
2987 1369 3202 1440 ψαλμὸς
3244 1365 3328 1420 κα⁹
3381 1362 3524 1418 οὕτω
3564 1362 3745 1429 λέγει’

497 1467 744 1536 psalmus
786 1467 1079 1522 vicesimus
1118 1468 1366 1538 primus:
1401 1485 1420 1515 ι
1459 1464 1734 1520 Foderunt
1765 1461 1925 1532 252
1960 1474 2073 1513 ma-

2183 1464 2451 1535 ιὬρυξαν
2497 1466 2682 1538 χεῖράς
2733 1483 2833 1537 μου
2871 1464 2966 1517 καὶ⁹
2999 1462 3166 1524 πόδας
3209 1477 3330 1531 μου,
3376 1455 3749 1527 ἐξηρίθμησαν

500 1574 606 1614 nus
638 1574 788 1615 meas
826 1566 881 1616 et
925 1559 1089 1632 pedes
1130 1575 1280 1614 meos
1305 1597 1320 1621 ,
1370 1558 1854 1614 dinumeraveruut
1891 1551 2074 1608 omnia

2178 1556 2358 1611 πάντα
2397 1557 2466 1612 τὰ
2510 1557 2645 1612 ὀστᾶ
2695 1573 2831 1629 μου·
2864 1553 3241 1626 διεμερίσαντο
3284 1550 3354 1604 τὰ
3406 1547 3599 1619 ἱμάτιὰ
3652 1563 3751 1616 μου

499 1665 628 1707 ossa
657 1666 817 1706 mea:
845 1651 1153 1707 diviserunt
1201 1651 1305 1707 sibi
1353 1650 1674 1706 vestimenta
1727 1663 1867 1709 mea,
1902 1652 1955 1700 et
1989 1660 2074 1699 su-

2178 1649 2410 1714 ὲαυτοῑς,
2451 1650 2547 1702 καὶ
2572 1650 2664 1702 ἐπὶ
2693 1647 2786 1703 τὸν
2819 1644 3114 1719 ἱματισμόν
3149 1661 3249 1714 μου
3274 1640 3464 1694 ἔϐαλον
3485 1638 3704 1709 κλῆρον.
3729 1655 3748 1690 ι

500 1759 598 1814 per
620 1751 825 1800 vestem
873 1759 1049 1800 meam
1091 1745 1356 1798 miserunt
1385 1751 1589 1798 sortem
1632 1741 1700 1796 ⁵³.
1732 1759 1751 1792 ι
1811 1737 2074 1793 Similiter

2187 1739 2418 1809 Ὁμοίως
2441 1739 2497 1792 δέ
2527 1739 2622 1792 καὶ
2649 1737 2923 1810 Ζαχαρίας
2957 1736 2984 1788 6
3007 1734 3294 1806 προφήτης
3318 1729 3446 1800 περὶ
3476 1726 3583 1781 τῶν
3609 1725 3755 1796 ἥλων

498 1851 633 1890 vero
669 1844 721 1890 et
749 1833 1043 1892 Zacharias
1070 1832 1334 1903 propheta
1367 1831 1434 1886 de
1479 1830 1650 1885 clavis
1673 1829 1754 1885 sic
1797 1829 1910 1882 ait:
1952 1845 1971 1878 ι
2009 1825 2075 1878 Ει

501 1923 687 1979 dicent
711 1924 800 1980 ei:
837 1923 978 1991 Quid
1011 1923 1180 1993 plaga:
1210 1923 1329 1976 ista:
1357 1922 1411 1976 in
1442 1919 1622 1977 medio
1659 1933 1918 1974 manuum
1948 1924 2074 1972 tua-

505 2018 670 2073 rum?
701 2016 767 2072 Et
823 2017 1007 2072 dicet:
1043 2015 1154 2072 Has
1206 2015 1387 2083 accepi
1448 2014 1504 2068 in
1543 2013 1708 2068 domo
1749 2013 2075 2067 dilectorum

503 2122 752 2163 meorum
783 2107 849 2164 “.
888 2126 907 2160 ι
943 2107 1020 2162 lta
1051 2123 1267 2178 quoque
1296 2107 1364 2162 de
1390 2105 1632 2162 tenebris
1663 2105 1906 2176 loquitur
1931 2104 2075 2160 idem

499 2198 796 2255 Zacharias
827 2200 1130 2271 propheta:
1168 2218 1187 2250 ι
1227 2199 1290 2253 Ει
1334 2201 1436 2254 erit
1471 2199 1526 2254 in
1559 2198 1646 2254 die
1687 2198 1800 2261 illa,
1833 2212 1940 2252 non
1973 2196 2078 2252 erit

498 2289 592 2344 lux
610 2328 628 2354 ,
655 2297 710 2345 et
735 2288 906 2360 frigus
934 2296 988 2344 et
1028 2290 1150 2360 gelu
1183 2289 1286 2344 erit
1310 2303 1418 2342 una
1443 2287 1580 2352 dies,
1602 2295 1656 2342 et
1680 2286 1798 2342 dies
1831 2287 1922 2340 illa
1946 2295 2076 2340 nota

495 2379 769 2437 Domino:
800 2389 855 2436 et
884 2397 995 2436 non
1023 2381 1141 2436 dies
1183 2391 1235 2437 et
1264 2397 1373 2435 non
1403 2396 1509 2435 nox
1534 2421 1548 2441 ,
1584 2387 1637 2434 et
1686 2379 1754 2433 ad
1792 2391 2074 2449 veSperam

495 2477 602 2533 erit
632 2477 725 2531 lux
757 2476 825 2529 ⁸³.
867 2495 885 2530 ι
921 2477 1088 2532 Amos
1122 2476 1328 2547 pariter
1363 2475 1628 2546 prepheta
1659 2475 1732 2528 ait
1768 2493 1780 2528 :
1817 2492 1836 2526 ι
1880 2473 1942 2526 Et
1971 2472 2077 2528 erit

2176 1829 2348 1894 οὕτως
2377 1829 2479 1902 ἔφη
2505 1847 2518 1862 ι
2551 1847 2568 1880 ι
2603 1830 2712 1884 Kal
2750 1828 2934 1900 ἐροῦσι
2967 1825 3106 1900 πρὸς
3139 1825 3299 1879 αὐτόν
3321 1840 3335 1854 ·
3370 1821 3435 1875 Τί
3467 1821 3520 1874 αἱ
3547 1815 3754 1888 πληγαὶ

2176 1917 2334 1977 αὗται
2364 1921 2421 1974 al
2460 1919 2562 1975 ἀνὰ
2595 1919 2757 1992 μέσον
2783 1917 2892 1973 τῶν
2925 1916 3125 1990 χειρῶν
3173 1931 3302 1980 σου;
3335 1912 3444 1966 Kal
3471 1912 3612 1982 ἐρεῖ·
3653 1909 3755 1970 "Ac

2176 2014 2419 2086 ἐπλήγην
2455 2015 2513 2066 ἐν
2543 2012 2621 2082 τῷ
2653 2012 2786 2083 οἴκῳ
2810 2011 2918 2064 τῶν
2951 2007 3248 2079 ἀγαπητῶν
3293 2021 3413 2076 μου.
3450 2021 3467 2054 ι
3520 2001 3659 2072 Περὶ
3693 1997 3754 2052 δέ

2175 2107 2268 2160 τοῦ
2297 2107 2604 2178 σκοτασμοῦ
2632 2108 2661 2160 6
2693 2106 2853 2170 αὐτὸς
2879 2104 3164 2176 προφήτης
3189 2099 3464 2172 Ζαχαρίας
3496 2095 3643 2164 λέγει
3666 2092 3756 2146 οὖ-

2175 2217 2252 2253 τω
2275 2217 2287 2230 ·
2325 2219 2344 2250 ι
2387 2199 2496 2254 Kal
2521 2199 2670 2252 ἔσται
2699 2199 2756 2252 ἐν
2776 2197 2961 2268 ἐκείνῃ
2984 2197 3050 2266 τῇ
3075 2192 3276 2265 ἡμέρα,
3305 2192 3405 2244 οὐκ
3431 2189 3580 2242 ἔσται
3607 2185 3752 2257 φῶςο

2176 2293 2269 2346 καὶ
2295 2291 2466 2362 ψῦχος
2512 2292 2608 2346 καὶ
2644 2291 2820 2358 πάγος
2867 2288 3020 2342 ἔσται
3062 2285 3160 2357 μία
3192 2285 3394 2356 ήμέρα,
3430 2283 3524 2335 καὶ
3573 2278 3756 2351 ήμέρα

2176 2385 2356 2456 ἐκείνη
2390 2382 2605 2454 γνωστὴ
2627 2381 2703 2452 τῷ
2729 2380 2920 2452 Κυρίῳ
2938 2397 2952 2411 ·
2989 2379 3084 2433 καὶ
3113 2379 3208 2448 οὐχ
3236 2376 3419 2448 ἡμέρα
3439 2373 3535 2428 καὶ
3553 2372 3612 2425 ού
3636 2369 3753 2436 νὺξ.

2175 2477 2426 2550 καὶπρὸς
2450 2477 2686 2548 ἑσπέραν
2708 2475 2856 2528 ἔσται
2881 2473 3018 2543 φῶς.
3049 2491 3068 2524 ι
3102 2471 3336 2542 ὐμοίως
3364 2469 3420 2522 δὲ
3449 2467 3544 2522 καὶ
3574 2463 3756 2536 Ἀμὼς

495 2566 554 2621 in
583 2566 672 2622 die
705 2567 818 2630 illa,
849 2567 981 2622 dicit
1032 2567 1312 2630 Dominus,
1347 2573 1401 2622 et
1450 2565 1662 2621 occidet
1694 2566 1775 2620 sol
1824 2566 1879 2620 in
1910 2565 2074 2619 meri-

2178 2574 2203 2626 6
2240 2571 2527 2643 προφήτης
2555 2565 2706 2623 εἶπε·
2749 2587 2768 2620 ι
2814 2567 2924 2620 Kal
2953 2567 3107 2620 ἔσται
3147 2567 3204 2618 ἐν
3231 2563 3416 2636 ἐκείνῃ
3452 2563 3518 2632 τῇ
3547 2558 3754 2631 ἡμέρᾳ,

495 2655 620 2720 die,
659 2663 715 2712 et
764 2657 860 2711 lux
921 2671 1017 2726 per
1073 2657 1218 2712 diem
1272 2658 1326 2710 in
1367 2663 1511 2710 terra
1564 2657 1909 2713 tenebrescct
1938 2656 2004 2708 ⁸⁸.
2051 2675 2070 2708 ι

2178 2662 2323 2730 λέγει
2355 2661 2583 2732 Κύριος,
2632 2661 2726 2712 καὶ
2763 2658 2982 2712 δύσεται
3012 2659 3040 2710 6
3077 2657 3224 2728 ἥλιος
3267 2653 3632 2727 μεσημϐρίας,
3665 2649 3757 2704 xal
3806 2696 3815 2706 .

495 2747 625 2804 Haec
669 2749 798 2804 item
848 2758 980 2806 sunt
1026 2749 1194 2805 Joelis
1246 2750 1524 2821 propheta:
1574 2750 1737 2804 verba
1787 2767 1801 2801 :
1840 2769 1857 2802 ι
1897 2751 1988 2804 Sol
2022 2757 2074 2804 et

2180 2753 2500 2808 συσκοτὰσει
2523 2752 2615 2804 ἐπὶ
2641 2753 2738 2822 τῆς
2761 2751 2866 2821 γῆς
2892 2753 2950 2805 ἐν
2971 2751 3153 2822 ἡμέρᾳ
3174 2749 3234 2802 τὸ
3258 2747 3390 2818 φῶς.
3424 2765 3443 2799 ι
3467 2746 3577 2799 Kal
3605 2743 3757 2816 Ἰωήλ

495 2839 626 2895 luna
657 2841 1130 2906 obscurabuntur,
1185 2849 1240 2896 et
1281 2841 1450 2895 stella:
1495 2841 1771 2896 retrahent
1821 2840 2074 2911 splendo-

2178 2845 2232 2898 δέ
2262 2845 2290 2896 ὁ
2321 2845 2606 2915 προφήτης
2659 2843 2842 2911 λέγει·
2879 2861 2899 2894 ι
2921 2843 2979 2896 '0
3005 2843 3155 2912 ἥλιος
3208 2841 3303 2894 καὶ
3330 2841 3362 2910 ἡ
3398 2838 3594 2909 σελήνη
3636 2853 3760 2890 axo-

495 2945 614 3010 rem
647 2947 808 2988 suum
837 2950 852 2986 :
889 2930 1155 2986 Dominus
1183 2937 1364 2985 autem
1397 2946 1461 2986 ex
1501 2930 1630 2985 Sion
1664 2930 2074 2996 vociferabitur,

2178 2938 2401 2991 τάσουσι
2423 2937 2558 3007 ('79),
2581 2937 2676 2989 καὶ
2697 2938 2746 2990 oi
2767 2936 2994 3008 ἀστέρες
3007 2934 3296 2989 δύσουσιτὺ
3321 2933 3521 3003 φέγγος
3555 2930 3755 2984 αὐτῶν.

497 3028 554 3076 et
580 3037 647 3077 ex
670 3021 977 3077 Jerusalem
1007 3021 1158 3076 dabit
1181 3037 1369 3076 vocem
1415 3037 1592 3086 suam,
1619 3031 1674 3077 et
1707 3023 2074 3077 commovebi-

2192 3027 2252 3082 Ὀ
2280 3029 2337 3082 δέ
2373 3029 2575 3100 Κύριος
2608 3029 2672 3081 ἐκ
2707 3028 2843 3082 Σιὼν
2872 3027 3255 3100 ἁνακράξεται,
3277 3025 3372 3078 καὶ
3405 3025 3462 3090 ἐξ
3491 3025 3759 3095 Ἰερουσα-

497 3122 590 3169 tur
612 3115 812 3169 emtum
841 3121 896 3170 et
929 3123 1070 3170 terra
1108 3114 1172 3169 ⁸⁷.
1210 3133 1227 3166 ι
1281 3114 1436 3181 Quod
1469 3121 1648 3169 autem
1683 3123 1836 3169 aceto
1861 3124 1911 3170 et
1948 3115 2070 3172 felle

2178 3121 2291 3193 λὴμ
2323 3119 2482 3174 δώσει
2503 3121 2704 3192 πφωνήν
2737 3119 2925 3183 αὐτοῦ,
2956 3120 3050 3174 καὶ
3080 3119 3422 3190 σεισθήσεται
3466 3118 3495 3170 6
3533 3114 3759 3188 οὐρανὸς

496 3207 771 3277 potandus
800 3205 938 3262 foret
965 3206 1238 3270 Christus,
1267 3207 1553 3262 audiamus
1576 3223 1639 3262 ex
1672 3208 1882 3277 psalmo
1913 3223 2071 3263 sexa-

2179 3212 2327 3282 καὶὴ
2359 3214 2453 3282 γῆ.
2480 3233 2499 3264 ι
2526 3209 2650 3266 Ὅτι
2679 3211 2737 3264 δὲ
2780 3211 3002 3282 ἔμελλεν
3048 3210 3168 3274 ὅξος
3210 3210 3304 3263 καὶ
3347 3207 3511 3279 χολὴν
3543 3205 3759 3269 ποτίζε-

499 3299 709 3368 gesi-mo
740 3306 936 3354 octavo
967 3317 980 3352 :
1019 3318 1036 3350 ‹
1080 3297 1354 3354 Dederunt
1385 3300 1440 3354 in
1465 3315 1647 3355 escam
1692 3316 1866 3354 meam
1897 3300 1988 3365 fel,
2019 3310 2074 3357 et

2181 3303 2304 3356 σθαι
2330 3303 2585 3375 Χριστὸς,
2615 3303 2828 3374 ψαλμοῦ
2863 3301 2943 3374 ξη¹
2977 3302 3328 3372 ἀκούσωμεν⁸
3365 3298 3648 3352 «Ἐδωκαν
3680 3299 3761 3362 είς

499 3392 558 3445 in
595 3391 687 3446 siti
717 3405 834 3446 mea
861 3400 1184 3461 putaverunt
1223 3407 1310 3446 me
1360 3399 1514 3446 aceto
1561 3391 1627 3446 ⁸⁸.
1683 3411 1702 3444 ι
1749 3391 1886 3447 Hinc
1936 3395 2073 3464 ipsis

2178 3395 2237 3448 τὸ
2267 3394 2460 3466 βρῶμά
2496 3412 2597 3465 μου
2623 3394 2808 3466 χολήν,
2827 3395 2921 3447 καὶ
2954 3395 3034 3458 είς
3057 3393 3154 3464 τὴν
3182 3392 3340 3462 δίψαν
3375 3408 3476 3463 μου
3503 3389 3762 3444 ἐπάτισάν

498 3478 835 3550 imprecatur
859 3483 961 3534 hoc
995 3481 1156 3536 modo
1182 3500 1195 3535 :
1233 3499 1252 3532 ι
1284 3477 1402 3535 Fiat
1431 3496 1618 3535 mensa
1643 3496 1856 3544 eorum,
1885 3495 2069 3535 coram

2183 3507 2249 3561 με
2273 3490 2411 3556 ὅξος.
2440 3509 2459 3542 ι
2492 3488 2584 3542 Διὸ
2617 3489 2711 3542 καὶ
2744 3489 2942 3560 ἀρᾶται
2970 3485 3167 3548 αὐτοὺς
3191 3484 3365 3553 λέγων
3383 3501 3397 3514 ·
3424 3501 3444 3534 ι
3474 3481 3764 3554 Γενηθήτω

498 3571 637 3642 ipsis
670 3571 725 3627 in
755 3573 1005 3642 laqueum
1025 3613 1039 3636 ,
1079 3581 1134 3628 et
1163 3574 1218 3628 in
1252 3573 1638 3628 retributiones
1663 3613 1679 3638 ,
1737 3583 1792 3629 et
1822 3574 1876 3629 in
1913 3589 2076 3630 scan-

499 3664 704 3721 dalum.
753 3665 1128 3721 Obscurentur
1160 3668 1304 3722 oculi
1350 3682 1540 3722 eorum
1593 3683 1660 3722 ne
1708 3667 1960 3734 videant;
2019 3674 2074 3723 et

501 3757 726 3813 dorsum
755 3772 944 3813 eorum
975 3774 1192 3829 semper
1216 3761 1465 3814 incurva.
1497 3758 1724 3814 Eliunde
1767 3774 1932 3828 super
1976 3773 2074 3814 eos

500 3849 639 3910 itam
661 3857 834 3917 tuam,
856 3859 909 3907 et
931 3851 1082 3907 furor
1115 3852 1210 3907 ira:
1230 3859 1337 3906 tuae
1364 3851 1922 3923 comprehendateos.
1955 3849 2076 3906 Fiat

501 3941 769 3999 habitatio
807 3959 996 3999 eorum
1024 3943 1263 4007 deserta,
1295 3952 1350 3999 et
1384 3945 1438 3997 in
1477 3942 1847 3998 tabernaculis
1881 3957 2070 3996 eorum

500 4049 613 4089 non
643 4036 715 4089 sit
749 4037 841 4105 qui
869 4036 1134 4091 inhabitet
1167 4037 1212 4068 "
1246 4054 1259 4090 :
1300 4055 1319 4087 ι
1359 4051 1554 4104 nempe
1583 4036 1635 4089 in
1688 4034 1891 4106 templo
1925 4034 2074 4104 ipso-

502 4139 626 4178 rum
654 4123 1130 4198 Jerosolymitano,
1151 4127 1296 4196 quod
1330 4134 1385 4181 et
1406 4126 1622 4180 accidit.
1655 4126 1861 4180 Cretera
1911 4141 2074 4196 porro

499 4231 623 4285 quae
651 4214 707 4268 in
738 4216 949 4284 psalmo
999 4225 1322 4286 sequuntur,
1363 4215 1536 4270 instar
1565 4217 1959 4272 maledictionis
1989 4217 2075 4271 di-

498 4313 612 4367 cta,
645 4305 700 4360 in
719 4304 936 4361 Iudaeos
960 4308 1253 4376 quadrant,
1278 4323 1418 4377 quos
1446 4315 1500 4361 et
1536 4307 1746 4379 Moyses
1769 4309 1855 4364 his
1888 4310 2072 4364 verbis

2179 3583 2212 3652 ή
2236 3580 2484 3652 τράπεζα
2519 3579 2699 3634 αὐτῶν
2727 3578 2957 3633 ἐνώπιον
3006 3578 3184 3632 αὐτῶν
3215 3578 3293 3640 είς
3322 3575 3526 3644 παγίδα
3561 3574 3656 3629 καὶ
3682 3575 3760 3638 είς

2179 3672 2554 3736 ἀνταπόδοσιν,
2607 3671 2703 3725 καὶ
2758 3673 2838 3734 είς
2881 3669 3193 3725 σκάνδαλον.
3229 3667 3678 3739 Σκοτισθήτωσαν
3711 3667 3759 3720 οξ

2177 3763 2444 3834 ὀφθαλμοὶ
2469 3761 2668 3826 αὐτῶν,
2696 3761 2789 3815 τοῦ
2828 3763 2900 3832 μὴ
2937 3761 3174 3832 βλέπειν,
3204 3762 3298 3814 καὶ
3335 3760 3426 3814 τὸν
3455 3759 3627 3814 νῶτον
3665 3756 3759 3811 αύ-

2178 3855 2286 3909 τῶν
2316 3855 2404 3910 διὰ
2441 3854 2642 3917 παντὸς
2694 3853 2990 3923 σύγκυψον.
3032 3856 3260 3924 Ἔκχεον
3309 3852 3396 3904 ἐπ’
3427 3853 3628 3914 αὐτοὺς
3660 3851 3758 3920 τήν

2179 3947 2347 4018 ὀργήν
2371 3963 2486 4010 σου,
2505 3947 2597 4000 καὶ
2624 3948 2652 3999 6
2685 3945 2853 4016 θυμὸς
2888 3945 2986 4016 τῆς
3018 3945 3188 4016 ὀργῆς
3214 3961 3306 3997 σου
3331 3942 3630 3997 καταλάϐοι
3663 3943 3758 3995 αύ-

2178 4039 2324 4102 τούς.
2361 4037 2650 4109 Γενηθ.ήτω
2683 4039 2716 4108 ἡ
2740 4037 2965 4099 ἔπαυλις
2992 4036 3170 4089 αὐτῶν
3195 4034 3560 4106 ήρημωμένη,
3585 4033 3677 4086 καὶ
3701 4035 3758 4085 ἐν

2178 4132 2290 4192 τοῖς
2320 4129 2671 4200 σκηνώμασιν
2695 4127 2873 4181 αὐτῶν
2911 4126 2985 4198 μὴ
3013 4127 3152 4180 ἔστω
3181 4128 3208 4178 6
3235 4125 3504 4180 κατοικῶν
3523 4143 3569 4177 ἰ
3595 4125 3757 4196 ἤγουν

2178 4223 2206 4272 ὁ
2235 4221 2292 4272 ἐν
2325 4218 2716 4289 Ἰεροσολύμοις
2754 4218 2881 4279 ναὸς
2913 4215 3112 4279 αὐτῶν,
3140 4214 3168 4268 ὃ
3197 4215 3260 4286 δὴ
3285 4215 3379 4268 καὶ
3410 4212 3620 4282 γέγονε.
3653 4211 3759 4264 Kal

2178 4311 2245 4366 τὰ
2276 4311 2436 4364 λοιπὰ
2467 4311 2522 4363 δέ
2550 4309 2643 4362 τοῦ
2673 4308 2909 4379 ψαλμοῦ,
2935 4309 3012 4370 ὼς
3055 4307 3147 4360 ἐπὶ
3183 4307 3429 4376 κατάρας
3468 4304 3755 4373 λεγόμενα,

499 4397 813 4469 obiurgavit
847 4417 860 4451 :
900 4417 919 4450 ι
961 4399 1027 4453 Et
1055 4399 1158 4454 erit
1184 4401 1292 4454 vita
1325 4408 1419 4454 tua
1457 4401 1698 4470 pendens
1723 4409 1850 4455 ante
1877 4402 2071 4455 oculos

2178 4409 2290 4468 τοῖς
2331 4402 2603 4464 Ἰουδαίοις
2653 4401 2904 4472 ἁρμόζει,
2965 4399 3057 4463 οὒς
3096 4399 3190 4450 καὶ
3241 4397 3450 4466 Μωσῆς
3485 4395 3758 4448 ὠνείδισεν

497 4497 645 4553 tuos,
679 4498 735 4545 et
780 4490 999 4547 timebis
1048 4492 1136 4550 die
1181 4507 1247 4548 ac
1287 4501 1484 4558 nocte,
1541 4509 1642 4548 nec
1703 4494 1892 4551 credes
1948 4495 2072 4551 vitae

2179 4495 2382 4550 εἰπών·
2410 4514 2428 4546 ι
2466 4493 2576 4548 Kal
2616 4492 2766 4545 ἔσται
2801 4495 2833 4562 ή
2867 4491 2978 4562 ζωή
3018 4507 3112 4543 σου
3143 4489 3468 4561 κρεμαμένη
3500 4487 3758 4541 ἀπέναντι

495 4591 604 4638 tua:
633 4584 699 4638 ⁵⁰.
741 4603 761 4636 ι

573 4673 656 4728 ll.
697 4671 774 4729 De
797 4674 986 4730 lancea
1029 4690 1158 4730 vero
1189 4675 1263 4729 ita
1310 4675 1553 4746 loquitur
1599 4674 1893 4732 Zacharias
1946 4693 2074 4747 pro-

495 4765 658 4833 pheta
687 4766 847 4836 quasi
878 4783 944 4822 ex
974 4782 1206 4838 persona
1250 4767 1498 4823 Christi:
1542 4787 1560 4819 ι
1596 4767 1662 4821 Ει
1709 4769 1976 4840 aspicient
2001 4769 2071 4823 ad

501 4872 588 4912 me
612 4874 772 4928 quem
810 4859 1151 4916 conﬂixerunt
1179 4863 1244 4915 ".
1286 4879 1304 4912 ι
1342 4859 1415 4915 De
1448 4877 1587 4930 aqua
1620 4869 1823 4925 autem,
1859 4877 1980 4934 qua:
2005 4877 2073 4915 ex

497 4961 690 5005 sancto
715 4950 837 5021 ejus
871 4952 1040 5008 latere
1073 4954 1274 5018 exivit,
1307 4953 1381 5007 ait
1409 4953 1672 5023 propheta
1707 4953 1847 5009 idem
1875 4972 1888 5008 :
1950 4972 1968 5005 ι
2011 4951 2071 5007 ln

495 5042 582 5097 die
630 5042 718 5096 illa
758 5045 926 5100 exibit
955 5061 1094 5116 aqua
1120 5047 1241 5100 viva
1270 5063 1336 5100 ex
1379 5045 1682 5102 Jerusalem
1708 5046 1772 5098 ".
1817 5064 1836 5096 ι
1868 5044 2072 5098 Audia-

492 5150 617 5189 mus
649 5142 828 5190 autem
864 5146 918 5191 et
945 5135 1136 5192 Isaiam
1181 5137 1503 5207 prophetam
1553 5137 1620 5192 de
1648 5136 1926 5206 sepultura
1963 5135 2069 5189 Do-

493 5227 631 5284 mini
658 5227 779 5284 hzec
809 5228 1083 5286 dicentem
1107 5272 1124 5297 ,
1166 5239 1220 5288 et
1249 5229 1467 5286 Iudaeos
1519 5229 1838 5286 irridentem
1869 5249 1884 5285 :
1925 5248 1944 5281 ι
1985 5227 2075 5282 V'i-

566 5383 608 5414 “
655 5383 798 5440 Psal.
835 5401 1038 5448 Lxxm,
1080 5385 1164 5439 12.
1269 5387 1316 5418 δ’
1358 5385 1460 5440 lsa.
1499 5402 1626 5450 Lm,
1667 5387 1750 5442 l2.

486 5450 558 5509 6.
598 5454 650 5508 7.
725 5455 770 5486 “
810 5456 975 5511 Amos
1007 5471 1140 5518 vui,
1177 5455 1231 5510 9.
1335 5457 1379 5488 ⁴⁷
1419 5457 1534 5510 Joel
1575 5473 1646 5519 ll,
1688 5458 1784 5520 lO,
1821 5457 1908 5510 Η.

493 5521 583 5579 66.
658 5525 702 5558 "
745 5524 978 5581 Zachar.
1018 5541 1132 5592 xu,
1171 5526 1257 5582 10.
1336 5527 1382 5558 ⁸²
1421 5527 1651 5583 Zuchar.
1690 5543 1801 5592 xw,
1839 5528 1894 5583 8.

564 5677 680 5765 (18)
701 5677 794 5765 Alta
836 5679 960 5765 Reg.
991 5681 1046 5745 3,
1077 5680 1218 5739 Edili
1243 5698 1390 5750 vero,
1421 5683 1506 5738 ἵνα
1531 5683 1626 5757 τὴν
1678 5681 1937 5756 πλευρὰῄ
1967 5682 2060 5737 τοῦ

504 5747 676 5821 Ἀδὰμ
701 5747 1032 5823 θεραπεύσῃ.

1856 5386 1900 5418 ⁵³
1936 5383 2081 5440 Psal.
2120 5400 2242 5446 ur,
2281 5383 2388 5446 l8,
2423 5382 2508 5438 19.

1992 5455 2056 5486 "5
2095 5453 2242 5510 Psal.
2278 5470 2445 5509 vam
2471 5493 2486 5518 ,
2521 5451 2612 5507 2'2.

2182 4589 2291 4641 τῶν
2320 4587 2616 4657 ὀφθαλμῶν
2636 4603 2750 4650 σου,
2774 4586 2867 4638 καὶ
2891 4583 3177 4656 φοϐηθήσῃ
3197 4585 3410 4655 ἡμέρας
3439 4581 3533 4636 καὶ
3548 4579 3760 4644 νυκτὸς,

2184 4679 2278 4730 καὶ
2299 4679 2359 4730 οὐ
2382 4676 2692 4738 πιστεύσεις
2718 4678 2784 4745 τῇ
2814 4672 2925 4744 ζωῇ
2955 4690 3068 4726 σου.
3105 4691 3124 4724 ι

2258 4771 2342 4824 ll.
2365 4771 2500 4841 Περὶ
2521 4769 2576 4822 δὲ
2607 4768 2708 4838 τῆς
2732 4767 2936 4837 λόγχης
2955 4767 3102 4835 λέγει
3133 4764 3410 4836 Ζαχαρίας
3429 4765 3456 4816 6
3479 4762 3765 4834 προφήτης

2183 4862 2258 4924 ὠς
2292 4863 2355 4915 ἐκ
2389 4859 2683 4932 προσώπου
2721 4859 2814 4912 τοῦ
2864 4860 2906 4911 Χ
2919 4857 3135 4928 ριστοῦ·
3178 4876 3197 4906 ‹
3229 4857 3338 4909 Kal
3385 4855 3763 4924 ἐπιϐλέψονται

2179 4954 2315 5025 πρὸς
2346 4953 2435 5023 μέ,
2469 4955 2549 5016 είς
2577 4953 2637 5006 ὃν
2690 4951 3068 5020 ἐξεκέντησαν.
3101 4969 3120 5002 ι
3167 4953 3302 5023 Περὶ
3333 4951 3388 5003 δὲ
3434 4950 3528 5002 τοῦ
3576 4949 3764 5013 ὓδατος

2176 5047 2275 5113 τῆς
2306 5045 2467 5113 ἁγίας
2505 5042 2669 5096 αὑτοῦ
2701 5043 2942 5114 πλευρᾶς
2975 5045 3004 5094 ὁ
3036 5042 3200 5105 αὐτὸς
3243 5042 3531 5112 προφήτης
3579 5037 3760 5093 εἶπεν·

2181 5156 2201 5188 ι
2226 5138 2316 5189 Ἐν
2351 5140 2418 5208 τῇ
2443 5136 2625 5208 ἡμέρα
2654 5135 2838 5208 ἐκείνῃ
2876 5133 3217 5198 ἐξελεύσεται
3261 5133 3402 5206 ὕδωρ
3443 5132 3551 5196 ζῶν
3600 5131 3766 5197 ἐξἹε-

2179 5229 2482 5302 ρουσαλήμ,
2507 5247 2526 5278 ι
2558 5227 2906 5298 Ἀκούσωμεν
2924 5225 2981 5278 δὲ
3001 5225 3094 5278 καὶ
3118 5223 3211 5278 τοῦ
3239 5225 3516 5296 προφήτου
3545 5223 3762 5277 Ἡσαΐου

2615 5382 2662 5413 ⁵⁵
2705 5380 2936 5435 Zacbar.
2977 5394 3123 5438 xui.
3162 5378 3216 5434 6.
3293 5377 3338 5410 “
3379 5376 3613 5431 Zachar.
3650 5393 3761 5440 xw,

2718 5452 2760 5484 δ’
2799 5450 2931 5506 ibid.
2964 5448 3162 5505 23-26.
3263 5447 3311 5481 ⁸⁸
3366 5447 3524 5504 Deut.
3561 5463 3760 5516 xxvm,

2241 5682 2351 5758 (79)
2385 5684 2613 5752 Quidam
2643 5700 2800 5750 mss.,
2832 5683 3279 5738 συσκοτάσουσιν.
3381 5675 3384 5678 ’
