4088 6382
331 340 430 402 89⁸1

1355 350 1820 420 ρῠαετιοΝεε
1870 355 1963 410 AD
2011 356 2419 415 ANTIOCHUM
2468 360 2740 449 DUCEMa

3466 367 3577 425 698

333 468 574 542 περὶτῆς
598 470 780 541 ταφῆς
824 465 918 522 τοῦ
951 467 1162 540 Κυρίου
1188 467 1460 539 λέγοντος,
1493 470 1586 524 καὶ
1615 471 1762 534 ὅπως
1792 470 1905 524 δια-

2007 470 2135 526 dele
2163 479 2223 526 ut
2247 470 2437 531 Justus
2489 477 2669 546 periit,
2713 482 2770 531 et
2801 490 2965 534 nemo
3005 477 3171 536 corde
3198 479 3403 552 cogitat
3443 480 3512 537 ⁸³.
3547 499 3569 536 ι

310 562 460 643 ργελᾷ
502 561 630 625 τοὺς
674 558 993 624 Ἰουδαίους·
1022 559 1225 612 (Ἴδετε
1269 559 1343 624 ὡς
1387 559 1593 623 δίκαιος
1630 558 1895 628 ἀπώλετο,

311 655 423 710 ’καὶ
444 653 618 713 οὐδεὶς
650 652 928 723 ἐκδέχεται
955 653 1022 723 τῇ
1047 651 1261 724 καρδίᾳ.
1293 671 1312 705 ι
1368 649 1534 706 Εἶπεν
1567 647 1661 704 οὖν
1685 651 1778 704 καὶ
1800 647 1899 719 τὴν

336 746 492 803 αὐτοῦ
508 746 824 801 ἀνάστασιν⁹
842 745 936 800 καὶ
959 744 1148 799 πάλιν·
1179 763 1198 796 ι
1222 745 1354 798 Ἀπὸ
1376 742 1663 815 προσώπου
1691 741 1901 806 ἀδικίας

335 838 492 915 ἦρται
523 844 552 896 6
579 840 809 905 δίκαιος,
825 837 918 892 καὶ
948 837 1100 890 ἔσται
1132 839 1190 890 ἐν
1222 838 1411 907 εἰρήνῃ
1442 837 1475 907 ἡ
1501 833 1647 906 ταφὴ
1676 831 1856 887 αὑτοῦ.
1875 850 1894 884 ι

341 949 360 983 ι
404 932 490 984 Ἐν
521 931 713 1002 εἰρήνῃ
750 949 769 980 ο
799 928 856 982 δὲ
881 927 1047 996 λέγει,
1082 927 1164 981 ὅτι
1214 928 1242 980 6
1264 927 1493 989 Πιλᾶτος
1524 927 1638 997 μετ’
1677 925 1901 996 εἰρήνης

335 1024 579 1079 ἀπέδωκε
605 1022 666 1076 τὸ
698 1021 859 1094 σῶμα
880 1019 974 1073 τοῦ
1013 1016 1186 1091 Ἰησοῦ
1206 1017 1286 1088 τῷ
1321 1018 1538 1088 Ἰωσήφ.
1584 1014 1815 1087 Ὁμοίως
1844 1014 1902 1068 δέ

334 1114 427 1168 καὶ
450 1112 613 1167 Δαδὶδ
637 1111 768 1182 περὶ
799 1110 900 1181 τῆς
926 1109 1104 1179 ταφῆς
1131 1106 1295 1160 αὑτοῦ
1325 1108 1382 1159 ἐν
1416 1105 1501 1170 πζ¹
1532 1102 1731 1175 ψαλμῷ
1754 1102 1902 1171 λέγει

336 1206 409 1269 ὡς
431 1207 493 1259 ἐκ
516 1201 807 1276 προσώπου
833 1201 927 1255 τοῦ
959 1197 1193 1270 Χριστοῦ
1209 1214 1224 1229 ’
1253 1216 1271 1250 t
1296 1196 1516 1250 Ἐθεντό
1545 1196 1694 1266 μειέν
1715 1193 1902 1263 λάκκῳ

334 1294 644 1364 κατωτάτῳ,
673 1293 733 1345 ἐν
767 1292 1058 1353 σκοτεινοῖς
1096 1288 1189 1341 καὶ
1217 1289 1274 1341 ἐν
1307 1288 1434 1358 σκιᾷ
1461 1285 1691 1339 Θανάτου
1711 1302 1725 1315 ο
1758 1303 1776 1336 ι
1806 1282 1902 1336 καὶ

335 1387 439 1459 πρὸ
460 1386 661 1439 τούτων
681 1401 695 1415 ·
729 1402 749 1435 ι
783 1382 891 1436 Καὶ
917 1380 1181 1452 ἐγενήθην
1205 1379 1338 1433 ὡσεὶ
1357 1377 1639 1449 ἄνθρωπος
1671 1374 1903 1446 ἀϐοήθη-

335 1495 421 1542 τος
457 1480 514 1531 ἐν
539 1476 753 1547 νεκροῖς
793 1472 1091 1544 ἐλεύθερος,
1116 1489 1134 1522 ι
1161 1470 1326 1541 ἧγουν
1360 1466 1739 1538 ἀναμάρτητος
1768 1462 1900 1535 (80).

336 1569 646 1638 Γέγραπται
670 1565 729 1618 δὲ
752 1563 847 1619 καὶ
875 1566 931 1618 ὲν
951 1561 1028 1633 τῷ
1052 1559 1169 1614 ’1ὼό
1196 1558 1369 1623 οὕτως
1391 1572 1406 1587 ο
1430 1577 1449 1609 ι
1470 1553 1797 1624 Ἀνοίγονταί
1822 1570 1903 1606 σοι

334 1660 480 1731 φόϐῳ
505 1659 666 1713 πύλαι
690 1656 920 1712 θανάτου
946 1670 959 1683 ⁸
1000 1651 1238 1723 πυλωροὶ
1268 1650 1326 1703 δὲ
1352 1648 1480 1721 ᾅδου
1514 1648 1712 1711 ἰδόντες
1741 1645 1904 1717 ἐπτη-

2001 564 2135 635 Ejus
2180 581 2377 622 rursus
2422 567 2883 624 resurrectionem
2933 566 3020 624 bis
3060 569 3308 640 praedicit
3341 570 3521 626 verbis
3555 588 3572 625 :

2006 675 2026 708 ι
2061 656 2109 710 Α
2146 657 2283 712 facie
2316 659 2624 728 iniquitatis
2654 659 2904 716 sublatus
2932 668 3018 717 est
3065 670 3268 730 justus.
3294 668 3348 716 et
3379 660 3484 715 erit
3517 658 3577 716 in

2004 765 2137 820 pace
2154 750 2433 820 sepultura
2449 750 2573 820 ejus
2589 751 2657 806 ⁸⁸.
2680 769 2700 802 ι
2727 770 2746 803 ι
2770 750 2829 805 1η
2855 765 3008 820 pace,
3044 770 3062 804 ι
3090 760 3271 808 autem
3302 752 3415 817 ait,
3446 755 3577 823 quia

1999 841 2207 898 Pilatus
2230 857 2353 898 cum
2384 858 2519 914 pace
2547 841 2786 913 Josepho
2818 843 3059 900 reddidit
3082 858 3283 915 corpus
3304 837 3454 902 Jesh.
3482 843 3577 901 Si:

2000 942 2052 990 et
2083 933 2252 990 David
2291 933 2359 990 de
2385 935 2506 1005 ejus
2551 937 2833 1007 sepultura
2869 937 3081 1006 psalmo
3115 939 3446 1008 octogesimo
3482 952 3575 993 se-

2001 1026 2174 1098 ptimo
2198 1028 2356 1098 quasi
2389 1043 2457 1081 ex
2483 1043 2717 1097 persona
2737 1028 2944 1085 Christi
2995 1028 3276 1099 loquitur:
3314 1047 3333 1080 ‹
3369 1026 3582 1085 Posue-

2001 1127 2131 1173 runt
2162 1134 2250 1173 me
2281 1118 2336 1173 in
2364 1120 2488 1173 lacu
2521 1119 2800 1186 inferiori,
2844 1120 2902 1175 in
2957 1121 3265 1176 tenebrosis
3292 1128 3347 1176 et
3373 1121 3428 1175 in
3454 1136 3577 1175 um-

2002 1212 2320 1279 brajmortis
2345 1212 2432 1267 3"z
2469 1231 2488 1264 ι
2519 1220 2574 1268 et
2632 1220 2825 1278 antea,
2876 1232 2896 1265 ι
2935 1213 3002 1268 Et
3032 1213 3211 1270 iactus
3249 1228 3368 1269 sum
3428 1213 3579 1269 sicut

2002 1300 2168 1357 homo
2217 1300 2338 1356 sine
2391 1300 2665 1370 adjutorio
2694 1304 2837 1358 inter
2881 1310 3130 1358 mortuos
3189 1303 3327 1358 liber
3356 1304 3424 1367 “,
3464 1321 3485 1355 ι
3518 1302 3576 1357 id

2004 1399 2110 1457 est,
2133 1392 2528 1462 impeccabilis.
2556 1391 2649 1448 Sic
2674 1408 2893 1464 quoque
2916 1394 2971 1448 in
3002 1394 3143 1449 libro
3165 1392 3271 1449 Job
3307 1394 3574 1463 scriptum

2003 1491 2119 1540 est:
2166 1502 2185 1537 ‹
2226 1484 2563 1554 Aperiuntur
2596 1485 2690 1540 tibi
2733 1501 2844 1555 pra:
2887 1486 3085 1542 timore
3122 1496 3291 1556 portae
3327 1488 3522 1543 mortis
3556 1505 3573 1542 :

2004 1576 2251 1631 videntes
2280 1583 2462 1631 autem
2483 1576 2783 1635 inferorum
2801 1577 3069 1646 janitores
3095 1584 3438 1634 tremuerunt
3460 1578 3531 1642 ",
3551 1596 3571 1631 ι

2004 1682 2218 1737 nempe,
2255 1667 2603 1733 adversariae,
2638 1676 2698 1723 ut
2743 1676 2929 1739 patet,
2984 1668 3289 1726 daemonum
3325 1671 3575 1726 virtutes.

335 1753 429 1821 ξαν
447 1769 462 1784 ·
491 1771 511 1805 ο
538 1750 808 1824 πρόδηλον
829 1748 906 1814 δὲ,
934 1747 1017 1800 ὅτι
1038 1746 1095 1798 αἱ
1118 1742 1355 1799 ἐναντίαι
1381 1739 1487 1794 τῶν
1513 1738 1779 1809 δαιμόνων
1810 1735 1902 1788 δυ-

2008 1735 2270 1814 Similiter
2298 1759 2414 1815 haec
2451 1762 2505 1813 in
2534 1735 2760 1829 psalmo
2786 1760 3126 1831 sexagesimo
3172 1760 3407 1830 septimo
3445 1760 3579 1830 legi-

334 1804 823 1917 ξᾶρειςξίομὲίως
852 1804 911 1894 δὲ
943 1838 1038 1893 καὶ
1065 1839 1123 1892 ἐν
1154 1835 1231 1907 τῷ
1259 1834 1334 1900 ξς
1356 1831 1555 1904 ψαλμῷ
1572 1848 1587 1862 ο
1607 1804 1640 1883 ἰ
1662 1830 1901 1899 Ἐξάγων

2009 1804 2261 1814 -..η...---
2299 1804 2414 1815 η..-
2536 1804 2745 1829 r--._.-
2786 1804 2911 1815 η--
2954 1804 3123 1815 --.πη
3173 1804 3223 1815 ,ς
3447 1804 3494 1813 ,υ
3534 1804 3550 1813 .

2006 1865 2165 1905 mus:
2200 1867 2220 1901 ι
2266 1848 2372 1917 Qui
2406 1850 2587 1905 educit
2611 1850 2823 1905 vinctos
2855 1804 3293 1917 inofortitudine',
3328 1804 3582 1907 similiter

333 1935 742 2007 πεπεδημένους
772 1935 831 1986 ἐν
854 1926 1095 2002 ἀνδρείᾳ,
1131 1925 1331 1998 ὁμοίως
1358 1926 1483 1984 τοὺς
1525 1919 1902 1993 παραπικραί-

333 2045 516 2093 νοντας
532 2027 661 2091 τοὺς
691 2020 1078 2084 κατοικοῦντας
1108 2023 1167 2074 ἐν
1195 2018 1406 2088 τάφοις.
1433 2035 1453 2069 ι
1480 2016 1606 2069 Ὂτι
1640 2014 1697 2068 δὲ
1724 2015 1753 2068 6
1779 2014 1907 2085 Χρι-

336 2120 457 2186 στδς
479 2123 540 2175 ἐν
560 2118 641 2191 τῷ
665 2117 769 2192 ᾅδῃ
790 2114 1082 2186 ἀπομένειν
1109 2112 1210 2166 οὐκ
1241 2108 1484 2181 ἔμελλεν,
1509 2104 1644 2162 ἀλλά
1680 2106 1907 2177 τριήμε-

338 2230 425 2286 ρος
454 2209 799 2274 ἀνίστασθαι,
814 2205 1028 2280 ψαλμοῦ
1057 2211 1115 2260 ιε’
1133 2201 1471 2272 ἀκούσωμεν·
1506 2218 1525 2251 ί
1551 2199 1675 2251 Ὅτι
1705 2197 1803 2251 οὐκ
1822 2197 1908 2265 ἐγ-

333 2304 680 2375 καταλείψεις
710 2303 812 2373 τὴν
842 2300 1019 2371 ψυχήν
1043 2314 1145 2371 μου
1179 2297 1257 2360 είς
1282 2294 1433 2367 ᾅδην,
1459 2291 1582 2346 οὐδὲ
1608 2289 1797 2351 δώσεις
1815 2288 1905 2342 τὸν

332 2397 475 2451 ὅσιόν
506 2414 599 2449 σου
632 2394 760 2449 ἰδεῖν
801 2390 1096 2462 διαφθοράν
1116 2404 1134 2422 ο
1166 2406 1186 2441 ›
1226 2386 1321 2442 καὶ
1352 2384 1511 2439 πάλιν
1544 2388 1628 2447 νς¹
1647 2377 1860 2451 ψαλμοῦ
1888 2395 1901 2409 ·

338 2508 359 2541 ι
379 2487 840 2559 Ἐξεγερθήσομαι
870 2481 1089 2556 ὄρθρου.
1119 2500 1139 2532 ι
1176 2479 1333 2551 Καὶγό
1362 2475 1645 2548 προφήτης
1671 2471 1727 2525 δὲ
1751 2468 1907 2542 Ὠσηὲ

331 2579 503 2643 οὓτως
531 2578 667 2649 ἔφη’
714 2595 734 2630 ι
774 2573 1157 2647 Πορευθῶμεν,
1195 2570 1290 2623 καὶ
1332 2564 1743 2637 ἐπιστρέψωμεν
1772 2561 1907 2649 πρὸς

331 2671 535 2746 Κύριον
667 2667 799 2722 Θεὸν
816 2644 991 2737 ἡμῶν,
1006 2665 1088 2718 ὃτι
1117 2662 1276 2727 αὐτὸς
1298 2657 1596 2746 πεποίηκεν
1615 2654 1783 2746 ἡμᾶς,
1814 2644 1907 2746 καὶ.

336 2742 541 2815 ἰάσεται
561 2759 710 2830 ἡμᾶς
729 2772 746 2788 ο
774 2755 986 2825 ὑγιάσει
1023 2753 1168 2823 ἡμᾶς
1206 2750 1343 2823 μετά
1369 2746 1462 2801 δύο
1493 2744 1724 2817 ἡμέρας,
1755 2743 1813 2795 ἐν
1838 2742 1905 2812 τῇ

331 2853 515 2925 ἡμέρα
546 2854 614 2923 τῇ
651 2848 810 2922 τρίτῃ
836 2841 1251 2917 ἀναστησόμεθα
1278 2841 1371 2894 καὶ
1397 2836 1691 2909 ζησόμεθα.
1727 2854 1746 2886 ι
1773 2833 1909 2903 Περὶ

331 2945 387 3000 δὲ
432 2944 543 2998 τῶν
594 2941 920 3014 μυροφόρων
974 2934 1249 3007 γυναικῶν
1287 2932 1511 2994 Ἡσαΐας
1543 2932 1572 2985 6
1624 2926 1909 3001 προφήτης

334 3029 454 3090 εἶπε
477 3052 492 3065 ο
528 3052 546 3085 ι
576 3034 850 3094 Γυναῖκες,
875 3027 1161 3102 ἐρχόμεναι
1192 3025 1299 3080 ἀπδ
1324 3022 1472 3086 θέας,
1498 3018 1653 3074 δεῦτε
1674 3034 1687 3048 °
1720 3018 1780 3072 οὐ
1800 3016 1907 3090 γάρ

333 3126 451 3179 ἐστι
474 3124 603 3188 λαδς
630 3122 769 3194 ἔχων
802 3120 1034 3177 σύκοσιν.
1058 3135 1080 3170 ι

408 3305 491 3360 12.
510 3304 650 3377 Περὶ
668 3304 727 3358 δὲ
755 3302 857 3373 τῆς
877 3297 1196 3370 ἀναλήψεως
1214 3314 1308 3353 του
1334 3292 1568 3369 Χριστοῦ
1597 3294 1656 3346 ἐν
1683 3290 1728 3356 ζ’
1756 3290 1851 3346 καὶ⁵
1874 3294 1906 3342 ι’

334 3397 531 3471 ψαλμῷ
563 3398 907 3474 γέγραπταιο
957 3412 976 3445 ι
1013 3392 1121 3447 Καὶ
1165 3388 1337 3460 ἐπέϐη
1370 3388 1462 3442 ἐπὶ
1505 3384 1786 3459 χερουὸὶμ,
1815 3384 1909 3437 καὶ

294 3918 303 3927 ,
335 3827 535 3932 ΚΙυρίου
555 3827 640 3923 είς
656 3858 719 3911 τὸ
751 3827 880 3929 ὅρος
903 3827 1373 3919 τ’ῶνλίελαιῶνξτὸ
1402 3827 1685 3904 κατέναντι
1721 3846 1911 3918 Ἰερουο

339 3945 517 4018 σαλὴμ
547 3945 607 4013 ἐξ
634 3942 929 3999 ἀνατολῶν.
983 3961 1003 3994 ι
1033 3941 1169 4013 Περὶ
1191 3941 1249 3997 δὲ
1286 3941 1384 4011 τῆς
1414 3938 1625 4004 ἐνδόξου
1654 3936 1909 4008 δευτέρας

339 4018 638 4111 παρουσίας
662 4036 760 4091 τοῦ
800 4035 933 4091 Υίοῦ
964 4034 1058 4089 τοῦ
1091 4033 1223 4088 Θεοῦ
1262 4032 1409 4103 λέγει
1437 4029 1631 4102 Δανιὴλ
1655 4032 1683 4083 ό
1707 4029 1910 4100 προφή-

335 4148 469 4202 της·
517 4128 860 4202 «Ἐθεώρουν
891 4128 949 4182 ὲν
987 4128 1222 4199 ὁράματι
1266 4125 1367 4197 τῆς
1413 4123 1623 4188 νυκτὸς,
1666 4121 1760 4175 καὶ
1801 4119 1909 4173 ἰδοὺ

340 4224 477 4295 μετά
516 4222 628 4277 τῶν
679 4218 920 4290 νεφελῶν
949 4219 1043 4272 τοῦ
1096 4215 1329 4290 οὐρανοῦ
1354 4215 1429 4278 ὡς
1461 4214 1589 4277 Υἱὸς
1622 4210 1908 4282 ἀνθρώπου

335 4317 648 4388 ἐρχόμενος,
680 4314 777 4368 καὶ
804 4313 908 4376 ἓως
931 4310 1023 4364 τοῦ
1047 4307 1285 4364 Παλαιοῦ
1307 4307 1415 4361 τῶν
1446 4303 1668 4377 ἡμερῶν
1686 4303 1907 4372 ἔφθασε.

336 4410 447 4464 Καὶ
474 4405 824 4481 προσηνέχθη
850 4402 1017 4474 αὐτῷ.
1042 4402 1153 4456 Καὶ
1179 4400 1328 4469 αὐτῷ
1354 4399 1509 4470 ἐδόθη
1555 4398 1698 4471 ἀρχὴ
1752 4396 1846 4449 καὶ
1875 4398 1909 4467 ἡ

2000 1956 2097 1999 eos
2125 1941 2219 2012 qui
2256 1948 2586 2010 exasperant
2614 1940 2711 2012 qui
2750 1941 3003 1997 habitant
3041 1943 3098 1997 in
3135 1943 3405 2014 sepulcris
3437 1942 3508 2000 ⁸⁸.
3553 1960 3576 1997 ι

2002 2031 2159 2100 Quod
2185 2047 2317 2088 vero
2350 2032 2603 2088 Christus
2640 2032 2696 2087 in
2736 2032 2927 2089 inferis
2964 2046 3323 2091 remansurus
3349 2051 3456 2090 non
3485 2050 3579 2092 es-

2004 2128 2121 2188 set,
2177 2121 2274 2179 sed
2325 2123 2486 2178 tertia
2546 2122 2637 2178 die
2688 2133 3142 2190 resurrecturus,
3195 2123 3473 2183 discamus
3509 2141 3580 2182 ex

2005 2214 2220 2284 psalmo
2265 2213 2459 2285 quinto
2503 2214 2558 2270 et
2588 2214 2844 2273 decimo:
2904 2236 2923 2269 ι
2973 2216 3238 2283 Quoniam
3275 2234 3387 2274 non
3425 2219 3584 2276 dere-

2004 2303 2219 2374 linques
2248 2304 2485 2358 animam
2526 2320 2704 2360 meam
2737 2306 2794 2360 in
2834 2305 3083 2374 inferno,
3132 2322 3234 2363 nec
3265 2306 3423 2364 dabis
3451 2324 3581 2365 san-

2003 2403 2151 2451 ctum
2192 2404 2347 2450 tuum
2397 2396 2585 2453 videre
2627 2398 3041 2468 corruptionem
3079 2399 3148 2454 ".
3201 2416 3220 2452 ι
3273 2397 3341 2453 Et
3385 2415 3580 2459 rursus

2004 2502 2070 2541 ex
2106 2486 2312 2555 psalmo
2342 2489 2795 2559 quinquagesimo
2834 2497 2989 2545 sexto
3024 2508 3039 2545 :
3080 2508 3100 2542 ι
3136 2489 3437 2563 Exsurgam
3488 2492 3579 2548 di-

2006 2577 2187 2633 luculo
2211 2578 2276 2633 ⁸⁸.
2307 2597 2326 2630 ι
2355 2578 2479 2635 Haec
2504 2579 2709 2650 pariter
2728 2581 2894 2635 verba
2920 2588 3049 2637 sunt
3079 2579 3233 2638 Oscae
3257 2584 3571 2656 prophetae:

2011 2688 2031 2721 ε
2068 2668 2488 2726 Proticiscamur
2515 2682 2570 2725 et
2596 2682 2984 2726 convertamur
2998 2671 3064 2727 ad
3095 2670 3385 2727 Dominum
3407 2673 3578 2729 Deum

2008 2768 2278 2825 nostrum,
2311 2763 2440 2832 quia
2461 2765 2576 2833 ipse
2609 2763 2736 2818 fecit
2764 2777 2882 2827 nos,
2912 2772 2968 2818 et
2991 2764 3205 2819 sanabit
3232 2779 3333 2820 nos
3361 2783 3375 2819 :
3412 2780 3579 2822 sanos

2008 2866 2110 2907 nos
2140 2849 2329 2906 reddet
2350 2860 2472 2921 post
2501 2851 2640 2907 duos
2675 2851 2814 2918 dies,
2841 2852 2898 2906 in
2930 2852 3018 2908 die
3041 2853 3201 2907 tertia
3229 2868 3579 2923 resurgemus

2009 2950 2063 2998 et
2103 2942 2352 2999 vivemus
2395 2942 2462 3001 “.
2497 2962 2517 2996 ι
2556 2941 2634 2999 De
2660 2944 2987 2999 mulieribus
3021 2954 3201 2999 autem
3239 2950 3576 3014 unguentum

2008 3034 2309 3092 ferentibus
2329 3034 2412 3091 sic
2442 3034 2684 3106 loquitur
2714 3033 2886 3091 Isaias
2936 3034 3194 3105 propheta
3218 3053 3232 3090 :
3270 3053 3289 3086 ι
3320 3033 3578 3090 Mulieres

1934 3155 1980 3217 ο
2011 3126 2294 3183 venientes
2311 3141 2343 3180 a
2372 3126 2833 3196 contemplatione
2858 3124 3139 3183 accedite:
3176 3140 3287 3181 non
3314 3133 3398 3181 est
3428 3123 3572 3181 enim

2007 3218 2242 3289 populus
2260 3217 2571 3289 intelligens
2598 3217 2664 3271 “.
2697 3236 2717 3271 ο

2077 3309 2164 3363 12.
2206 3307 2281 3365 De
2307 3308 2511 3364 Christi
2543 3323 2671 3365 vero
2716 3308 3095 3379 assumptione
3145 3306 3261 3362 haec
3302 3305 3579 3360 habentur

2006 3400 2218 3471 psalmo
2269 3399 2502 3469 septimo
2552 3406 2607 3455 et
2647 3397 2897 3455 decimo:
2952 3417 2972 3450 ι
3016 3397 3085 3452 Ει
3115 3395 3360 3453 ascendit
3413 3409 3579 3465 super

2005 3490 2287 3547 cherubim
2313 3500 2367 3547 et
2390 3490 2593 3547 volavit
2622 3500 2788 3561 super
2816 3505 3025 3561 pennas
3054 3497 3342 3547 ventorum
3367 3487 3432 3541 “.
3463 3506 3482 3540 ι
3511 3485 3577 3540 Et

1872 3587 1905 3674 ξς
2006 3585 2203 3641 iterum
2244 3585 2463 3656 psalmo
2509 3583 2930 3655 quadragesimo
2976 3590 3133 3639 sexto
3170 3600 3185 3637 :
3237 3599 3258 3633 ι
3314 3577 3580 3634 Ascendit

2010 3675 2153 3734 Deus
2185 3679 2239 3732 in
2277 3676 2623 3748 jubilalione.
2649 3683 2703 3731 et
2724 3674 2985 3730 Dominus
3030 3674 3087 3728 in
3113 3687 3248 3729 voce
3297 3670 3439 3726 tubae
3458 3669 3523 3726 “.
3550 3687 3571 3722 ο

2005 3774 2074 3830 Et
2100 3776 2157 3830 in
2180 3773 2444 3830 Zacharia
2476 3771 2778 3844 propheta:
2807 3789 2827 3823 ι
2858 3768 2918 3825 ιη
2947 3770 3034 3825 die
3055 3754 3214 3839 253
3235 3767 3327 3822 illa
3356 3764 3582 3823 stabunt

2006 3865 2173 3936 pedes
2202 3863 2417 3920 Domini
2447 3878 2612 3934 super
2638 3868 2877 3917 montem
2901 3845 3203 3925 Olivarum,
3224 3858 3318 3930 qui
3335 3865 3420 3913 est
3447 3870 3579 3913 con-

2007 3962 2092 4008 tra
2123 3952 2427 4010 Jerusalem
2485 3953 2552 4008 ad
2587 3950 2869 4009 Orientem!
2896 3952 2963 4005 ".
3018 3969 3038 4004 ι
3073 3949 3152 4007 De
3197 3950 3437 4021 glorioso
3481 3961 3581 4003 au-

2010 4053 2117 4099 tem
2154 4044 2395 4100 secundo
2422 4043 2548 4099 Filii
2577 4043 2671 4100 Dei
2698 4043 2934 4099 adventu
2966 4043 3042 4097 ait
3058 4041 3251 4097 Daniel
3272 4038 3576 4113 propheta:

2014 4151 2033 4184 ι
2071 4132 2417 4202 Aspiciebam
2451 4133 2508 4188 in
2540 4132 2751 4187 visione
2789 4133 2986 4197 noctis,
3016 4140 3072 4187 et
3103 4146 3230 4187 ecce
3262 4146 3385 4187 cum
3416 4129 3583 4185 nubi-

2009 4222 2113 4278 bus
2140 4222 2263 4277 cwli
2293 4222 2451 4292 quasi
2476 4222 2619 4277 ﬁlius
2645 4221 2881 4277 hominis
2910 4220 3194 4287 veniebat,
3221 4229 3276 4276 et
3304 4234 3477 4290 usque
3508 4216 3579 4272 ad

2008 4313 2306 4384 Antiquum
2320 4314 2530 4368 dierum
2559 4315 2881 4383 pervenit,et
2897 4313 3166 4369 adductus
3181 4323 3264 4369 est
3275 4312 3498 4367 adeum.
3514 4309 3583 4364 Et

2011 4407 2113 4476 ipsi
2133 4407 2321 4460 datum
2342 4413 2425 4461 est
2445 4405 2731 4476 imperium
2749 4413 2798 4460 et
2825 4406 3001 4461 honor
3022 4412 3077 4460 et
3100 4418 3356 4475 regnum:
3387 4411 3441 4457 et
3466 4416 3586 4455 om-

336 4500 492 4573 τιμὴ,
535 4501 632 4555 καὶ
674 4500 709 4570 ἡ
752 4495 1038 4568 βασιλεία·
1063 4495 1157 4548 καὶ
1199 4494 1400 4557 πάντες
1443 4493 1494 4546 οἱ
1544 4491 1682 4556 λαοὶ,
1731 4490 1907 4560 φυλαὶ¹

2020 4514 2118 4553 nes
2147 4497 2329 4568 populi
2356 4537 2370 4563 ,
2394 4498 2569 4554 tribus
2599 4506 2652 4553 et
2686 4498 2880 4570 linguae
2910 4498 3015 4568 ipsi
3055 4497 3310 4552 servient.
3338 4493 3586 4549 Potestas

335 4595 579 4666 γλῶσσαι
615 4588 993 4646 δουλεύσουσιν
1019 4585 1186 4656 αὐτῷ.
1214 4587 1280 4641 Ἡ
1314 4584 1528 4651 ἐξουσία
1564 4582 1726 4637 αὐτοῦ
1766 4581 1916 4647 ἐξου-

337 4686 427 4740 σία
460 4683 701 4748 αἰώνιος,
746 4682 870 4750 ἥτις
895 4680 957 4732 οὐ
988 4678 1412 4750 παρελεύσεται·
1465 4678 1559 4731 καὶ
1599 4676 1634 4746 ἠ
1670 4672 1913 4745 βασιλεία

335 4775 497 4830 αὐτοῦ
524 4776 586 4828 οὐ
619 4771 1067 4843 διαφθαρήσεται.
1112 4787 1130 4820 ι
1173 4769 1305 4824 Ἰδοὺ
1343 4767 1530 4837 σαφῶς
1570 4765 1658 4819 διά
1699 4764 1806 4818 τῶν
1842 4765 1915 4817 εί-

336 4869 589 4942 ριημένων
622 4863 920 4936 ἐμάθομεν,
941 4862 1022 4915 ὅτι
1052 4859 1213 4925 αὑτός
1249 4865 1396 4915 ἐστιν
1424 4862 1452 4914 6
1474 4860 1603 4922 Υἱὸς
1628 4857 1721 4911 τοῦ
1753 4856 1910 4921 Θεοῦ,

332 4964 364 5016 6
402 4957 711 5031 σαρκωθεὶς
763 4955 860 5010 καὶ
901 4953 1087 5008 παθὼν
1131 4953 1198 5006 δι’
1232 4957 1402 5027 ἡμᾶς,
1451 4954 1545 5007 καὶ
1593 4952 1829 5014 ἀναστὰς
1855 4953 1919 5004 ἐκ

333 5052 566 5125 νεκρῶν,
598 5048 698 5104 καὶ
724 5044 1056 5117 ἀναληφθεὶς
1088 5049 1146 5100 ὲν
1172 5046 1298 5119 δόξῃ
1324 5048 1461 5118 πρὸς
1478 5047 1568 5100 τὸν
1595 5044 1789 5099 ἑαυτοῦ
1815 5045 1921 5099 Πα-

332 5145 468 5215 τέρα
488 5144 584 5198 xui.
618 5139 785 5195 πάλιν
834 5138 1040 5210 μέλλων
1078 5138 1334 5209 ἔρχεσθαι
1367 5139 1506 5210 μετά
1536 5138 1646 5192 τῶν
1682 5136 1920 5207 νεφελῶν

333 5237 429 5291 τοῦ
457 5231 718 5309 οὐρανοῦ,
751 5230 895 5303 μετά
919 5229 1077 5302 δόξης
1104 5231 1327 5285 αἰωνίου
1352 5233 1534 5302 κρῖναι
1574 5228 1782 5295 ζῶντας
1823 5228 1922 5283 καὶ

406 5391 451 5423 ⁸³
482 5388 591 5447 lsa.
623 5403 733 5443 Lvn
756 5427 771 5446 .
806 5387 858 5441 1.
935 5383 1099 5440 “lsa.
1134 5401 1210 5447 xi,
1244 5385 1332 5439 10.
1409 5384 1457 5415 ⁸³
1486 5382 1629 5438 Psal.
1669 5398 1889 5437 Lxxxvu

2006 5421 2015 5435 .
2092 5382 2138 5414 ⁵⁸
2168 5379 2301 5437 ibid.
2332 5381 2384 5438 5.

1509 5454 1550 5483 ⁶’
1594 5452 1719 5507 Ose.
1758 5467 1847 5513 vr,
1884 5453 2005 5507 1-5.

335 5459 382 5495 ⁸⁸
422 5461 568 5517 Ρειι.
604 5476 698 5518 xv,
737 5458 821 5510 1t).
923 5456 973 5488 '°-
1010 5453 1151 5508 Psal.
1194 5470 1319 5513 ινι.
1354 5455 1407 5508 9.

337 5545 493 5590 nm.
527 5531 584 5587 6.
663 5530 713 5563 ⁸⁸
753 5525 983 5582 Zachar.
1020 5541 1132 5613 xiv,
1162 5526 1219 5581 4.
1297 5523 1344 5557 ⁶⁸
1383 5522 1518 5576 Dan.
1554 5538 1659 5588 vn,
1697 5524 1796 5585 15,
1835 5522 1922 5577 11.

2020 4591 2141 4658 ejus
2160 4597 2404 4660 potestas
2423 4599 2648 4654 aeterna,
2666 4606 2785 4660 qua:
2801 4605 2907 4645 non
2936 4588 3224 4660 praeteribit
3243 4603 3258 4641 :
3291 4591 3345 4638 et
3361 4597 3584 4654 regnum

2019 4682 2138 4751 ejus
2180 4698 2289 4737 non
2330 4692 2707 4754 corrumpetur
2741 4683 2807 4736 ⁸⁸.
2855 4700 2873 4734 ι
2909 4680 3048 4736 Ecce
3077 4686 3260 4749 aperte
3307 4692 3371 4731 ex
3426 4674 3586 4728 dictis

2018 4772 2279 4828 discimus
2307 4775 2483 4843 ipsum
2529 4790 2650 4829 esse
2683 4771 2879 4827 Filium
2913 4771 3028 4835 Dei,
3056 4770 3148 4840 qui
3183 4769 3497 4823 incarnatus
3530 4770 3585 4818 et

2019 4880 2218 4936 passus
2242 4872 2325 4919 est
2354 4880 2452 4934 pro
2482 4864 2640 4918 nobis
2659 4880 2725 4919 ex
2750 4861 3085 4932 mortuisque
3097 4857 3410 4922 resurrexit,
3424 4862 3586 4923 atque

2035 4962 2351 5033 assumptus
2383 4955 2548 5009 estin
2571 4954 2744 5025 gloria
2768 4951 2835 5006 ad
2859 4967 3019 5008 suum
3048 4949 3286 5011 Patrem,
3312 4961 3375 4999 ac
3392 4958 3586 4999 rursus

2031 5054 2297 5101 venturus
2328 5053 2413 5100 est
2437 5060 2559 5099 cum
2583 5044 2820 5099 nubibus
2845 5042 2989 5107 caeli,
3014 5056 3135 5096 cum
3166 5037 3337 5110 gloria
3361 5042 3587 5101 aeterna,

2019 5145 2080 5191 ut
2106 5136 2257 5192 vivos
2285 5143 2339 5191 et
2371 5146 2616 5192 mortuos
2656 5136 2881 5206 iudicet.
2920 5133 3046 5188 Haac
3091 5132 3238 5209 enim
3291 5128 3431 5183 idem
3460 5139 3587 5197 pro-

2019 5230 2180 5300 pheta
2210 5228 2399 5285 Daniel
2419 5230 2506 5284 his
2533 5228 2714 5285 verbis
2742 5226 3036 5300 praedixit:
3074 5241 3094 5277 ι
3122 5220 3469 5294 Aspiciebam
3489 5218 3587 5274 do-

2462 5382 2506 5414 ³⁷
2535 5378 2636 5435 Job
2668 5393 2897 5443 xxxvm,
2928 5376 3014 5432 17.
3089 5376 3136 5409 ’⁸
3166 5373 3504 5433 Psal.t.xvn.
3533 5371 3582 5425 7.

2103 5453 2148 5484 ⁶¹
2188 5449 2294 5507 lsa.
2331 5467 2515 5519 xxvu,
2551 5453 2639 5506 ﬂ.
2741 5450 2787 5482 ⁸³
2824 5447 2971 5504 Psal.
3005 5462 3145 5517 xvu,
3180 5445 3270 5504 11.
3356 5445 3403 5478 ⁸⁵
3438 5443 3583 5500 Psal.

409 5689 521 5763 (80)
553 5687 647 5745 Sic
685 5687 1104 5759 Regiustertius
1151 5684 1210 5741 lu
1245 5682 1565 5750 cditislztec,
1611 5681 1667 5737 ἐν
1707 5680 1907 5751 νεκροῖς

2006 5673 2237 5749 εὐθερος,
2264 5673 2429 5750 ήγουν
2453 5672 2852 5745 ἀναμάρτητος,
2883 5668 3102 5724 desunt.
