4088 6382
1601 352 1658 409 S.
1697 353 2157 414 ATHANASIUS.
2195 388 2268 400 —
2304 357 2572 417 SPURIA.

3618 375 3720 432 700

494 473 602 516 nec
633 461 814 518 throni
840 464 1000 564 positi
1033 472 1194 530 sunt,
1221 475 1277 524 et
1314 468 1584 543 Antiquus
1611 475 1822 531 dierum
1871 478 2039 534 sedit:

2153 477 2399 550 νεκρούς.
2431 481 2664 552 Προετπε
2693 482 2802 554 γὰρ
2834 485 2963 559 περὶ
2983 484 3172 541 τούτου
3194 489 3223 542 ὁ
3248 488 3408 555 αὐτὸς
3441 495 3723 566 προφήτης

491 541 874 609 vestimentum
899 556 1018 626 ejus
1047 557 1336 616 candidum
1361 541 1514 632 quasi
1545 565 1660 633 nix,
1691 575 1744 622 et
1765 570 1945 638 capilli
1968 585 2054 626 ca-

493 643 626 712 pitis
655 645 774 713 ejus
801 647 956 716 quasi
983 649 1104 703 lana
1129 653 1352 710 munda.
1387 654 1640 713 Thronus
1670 659 1810 730 ejus,
1838 661 2052 717 ﬂamma

494 735 670 807 ignis:
702 747 835 794 rota:
877 741 1030 810 ejus,
1082 745 1224 814 ignis
1256 762 1540 806 accensus.
1584 751 1808 810 Fluvius
1863 756 2052 826 igneus

493 823 695 882 ﬂuebat
727 836 852 885 ante
887 846 1032 887 eum.
1077 834 1242 891 Millia
1284 840 1511 898 millium
1551 845 1933 902 ministrabant
1967 850 2048 918 ei,

491 924 549 971 et
569 916 750 976 decies
799 922 996 980 millies
1023 925 1163 982 dena
1199 929 1367 986 millia
1397 935 1728 992 assistebant
1766 939 1836 994 ei.
1896 916 2051 995 Judi~

490 1005 636 1062 cium
665 1010 842 1076 sedit,
884 1021 940 1070 et
973 1015 1098 1071 libri
1137 1021 1310 1088 aperti
1344 1035 1492 1079 sunt.
1539 1022 1884 1100 Aspiciebam
1920 1038 2051 1086 tunc

489 1107 712 1168 propter
750 1117 940 1160 vocem
986 1123 1298 1168 sermonum
1335 1117 1619 1187 grandium
1642 1160 1657 1186 ,
1699 1137 1836 1192 quos
1879 1137 2051 1180 cornu

490 1188 622 1244 illud
657 1193 1000 1264 loquebatur,
1039 1200 1214 1259 donec
1259 1207 1542 1264 interfecta
1571 1188 1910 1270 esset—bestia
1939 1255 1957 1282 ,
1997 1226 2051 1272 et

492 1282 783 1366 periisset}
817 1295 872 1340 et
901 1302 1102 1358 corpus
1121 1293 1242 1362 ejus
1274 1296 1529 1353 traditum
1553 1308 1637 1356 est
1667 1308 1724 1356 ut
1751 1303 1874 1375 igne
1902 1321 2053 1361 eom-

492 1369 782 1428 bureretur
809 1377 875 1432 ‘7.
917 1397 936 1428 ι
967 1379 1185 1438 Clarum
1218 1395 1398 1442 autem
1429 1397 1512 1445 est
1541 1369 1922 1452 bestiamvesse
1940 1398 2054 1452 An-

491 1463 820 1520 tichrislum.
851 1466 1024 1528 Filius
1049 1475 1250 1545 quippe
1287 1477 1381 1535 Dei
1410 1496 1531 1536 cum
1553 1487 1785 1551 venerit,
1819 1503 1936 1543 eam
1967 1489 2051 1544 in-

490 1552 720 1610 terﬁeiet
751 1557 948 1628 spiritu
981 1563 1097 1618 oris
1130 1567 1250 1630 sui,
1300 1571 1428 1640 quia
1465 1572 1568 1643 ipsi
1601 1575 1774 1646 gloria
1796 1586 1850 1634 et
1879 1579 2053 1650 impe-

490 1645 631 1701 rium
663 1647 722 1704 in
751 1653 950 1710 sarcula
981 1656 1323 1716 saeculorum.
1353 1663 1548 1722 Amen.

563 1886 650 1944 l5.
690 1887 816 1948 Haec
845 1901 1026 1952 autem
1059 1912 1126 1954 ex
1159 1901 1346 1959 multis
1373 1919 1542 1975 pauca
1587 1923 1656 1964 ex
1686 1909 1858 1967 sacris
1892 1911 2045 1967 Scri-

487 1981 664 2046 pturis
718 1989 1122 2059 proposuimus,
1153 2008 1274 2049 cum
1313 1997 1380 2052 ad
1426 2009 1692 2069 nostram,
1742 2005 1835 2074 qui
1885 2004 2046 2061 Chri-

486 2069 651 2129 stiani
701 2089 892 2133 sumus
942 2084 1258 2154 ampliorem
1297 2087 1480 2156 (idem,
1535 2103 1646 2147 tum
1688 2069 2046 2168 adperlina-

485 2161 626 2219 ciam
655 2175 710 2222 et
742 2171 1033 2228 amentiam
1079 2174 1390 2236 Judmorum
1435 2161 1843 2244 confutandam.
1885 2190 2046 2247 Scili-

483 2260 570 2308 cet
605 2270 744 2312 unus
787 2271 988 2318 saneta:
1018 2264 1242 2326 viviﬁcze
1283 2269 1584 2340 Trinitatis,
1607 2274 1749 2333 Deus
1781 2277 2039 2348 Verbum,

482 2352 538 2398 et
565 2344 660 2402 Dei
708 2347 902 2417 Filius,
930 2360 984 2408 et
1030 2353 1294 2415 Dominus
1337 2373 1524 2421 noster
1561 2365 1719 2424 Jesus
1764 2344 2038 2436 Christus,

482 2435 600 2506 ipse
650 2450 870 2512 propter
936 2457 1179 2503 nostram
1257 2453 1482 2510 salutem
1543 2461 1802 2517 extremis
1849 2462 2040 2519 diebus

481 2525 647 2584 homo
677 2531 853 2590 factus
883 2544 970 2592 est
1008 2554 1076 2594 ex
1108 2543 1480 2612 sanctissima,
1514 2549 1884 2616 immaculata,
1934 2555 2042 2612 Do-

481 2621 633 2675 mina
692 2634 882 2680 nostra
937 2627 1166 2701 Deipara
1209 2647 1260 2690 et
1313 2653 1525 2708 semper
1571 2643 1779 2714 virgine
1847 2645 2035 2703 Maria.

481 2707 739 2784 Idemque
761 2719 1204 2780 omnibusdivine
1217 2707 1472 2797 peractis,
1503 2707 1824 2805 passusque,
1850 2755 2040 2808 quem-

481 2805 772 2898 admodum
823 2815 1099 2884 prephetae
1135 2822 1512 2892 pradixerant,
1562 2843 1732 2898 genus
1788 2805 2034 2889 nostrum

481 2908 551 2948 ex
605 2894 836 2957 fallaciis
871 2913 926 2958 et
983 2907 1245 2964 servitute
1288 2911 1496 2968 inimici
1542 2894 1759 2988 eripuit.
1814 2921 1922 2978 Pro
1959 2932 2037 2979 tot

477 2981 644 3055 igitur
676 2991 952 3061 tantisque
983 2995 1260 3054 beneﬁciis
1300 3001 1498 3070 quibus
1549 2981 1647 3059 sua
1701 3007 1913 3066 bonitas
1950 3011 2036 3065 di-

471 3441 606 3496 tenti
654 3444 774 3514 ejus
806 3445 986 3516 Patre,
1040 3459 1094 3506 et
1139 3457 1488 3515 sanctissimo
1535 3475 1600 3517 ae
1652 3464 1868 3522 viviﬁco
1911 3441 2034 3540 Spi-

472 3529 604 3595 ritu,
657 3549 802 3590 nunc
859 3545 912 3593 et
963 3553 1174 3612 semper
1221 3552 1277 3600 et
1320 3547 1378 3604 in
1427 3551 1627 3608 secula
1685 3558 2026 3616 saeculorum.

469 3623 662 3680 Amen.

466 3853 865 3967 Qumstiqndes
898 3875 1240 3954 sequentes
1268 3869 1337 3931 in
1369 3873 1739 3967 Evangelia,
1766 3895 1859 3967 ex__
1875 3881 2095 3967 codice
2123 3887 2277 3967 Reg.
2307 3891 2486 3964 21:31,
2513 3909 2682 3957 nunc

2153 570 2350 641 Δανιήλ
2367 585 2382 600 °
2413 589 2432 622 ι
2455 571 2750 645 Ἐθεώρουν
2773 575 2878 640 ἕως
2903 570 2964 630 οὗ
2989 578 3167 650 θρόνοι
3188 580 3469 654 ἐτέθησαν,
3485 585 3578 639 καὶ
3605 587 3723 641 Παλ

2153 657 2302 724 λαιὸς
2327 661 2550 732 ἡμερῶν
2581 663 2816 736 ἐκάθητο
2841 680 2855 695 '
2879 668 2974 722 καὶ
3018 669 3080 722 τὸ
3112 669 3311 742 ἔνδυμα
3339 673 3503 728 αὐτοῦ
3531 673 3731 730 λευκὸν

2151 749 2282 803 ὡσεὶ
2311 749 2462 822 χιὼν,
2491 754 2585 808 καὶ
2613 755 2646 826 ή
2672 755 2794 827 θρὶξ
2822 757 2923 827 τῆς
2958 760 3198 832 κεφαλῆς
3229 764 3392 818 αὐτοῦ
3415 766 3546 820 ὡσεὶ
3577 767 3722 840 ἔριον

2152 837 2411 912 καθαρόν.
2461 844 2520 896 '0
2545 843 2732 916 θρόνος
2765 848 2930 902 αὐτοῦ
2953 850 3085 919 φλὸξ
3123 853 3312 924 πυρὸς,
3341 858 3388 910 oi
3420 837 3732 930 τροχοὶναύ’·

2149 927 2246 981 τοῦ
2280 929 2392 1004 πῦρ
2441 933 2654 1003 φλέγον.
2688 937 2939 1008 Ππαμός
2981 941 3150 1011 πυρὸς
3187 937 3367 998 εἷλκεν
3415 927 3723 1018 ἔμπροσθεν

2152 1021 2336 1087 αὐτοῦ,
2384 1024 2550 1094 χίλιαι
2599 1027 2834 1097 χιλιάδες
2873 1029 3244 1104 ἐλειτούργουν
3272 1035 3438 1108 αὐτῷ,
3492 1040 3586 1092 καὶ
3627 1041 3700 1113 μΰ

2155 1128 2268 1183 ριαι
2292 1115 2548 1184 μυριάδες
2567 1117 2940 1192 παρείστηκαν
2959 1121 3128 1192 αὐτῷ.
3155 1125 3451 1200 Κριτήριον
3473 1131 3717 1198 ἐκάθισε,

2153 1205 2248 1258 καὶ
2278 1205 2446 1275 βίϐλοι
2471 1207 2842 1280 ἠνεῴχθησαν.
2891 1211 3187 1286 Ἐθεώρουν
3232 1217 3353 1272 τότε
3389 1220 3496 1274 ἀπὸ
3537 1225 3724 1296 φωνῆς

2149 1294 2258 1349 τῶν
2285 1297 2458 1366 λόγων
2487 1299 2595 1354 τῶν
2621 1301 2887 1371 μεγάλων,
2922 1297 2997 1358 ὧν
3027 1306 3087 1360 τὸ
3119 1307 3288 1378 κέρας
3321 1311 3494 1366 ἐκεῖνο
3517 1294 3716 1378 ἐλάλει,

2151 1385 2256 1452 ἕως
2288 1389 2524 1462 ἀνῃρέθη
2570 1392 2631 1445 τὸ
2663 1393 2846 1464 θηρίον
2877 1397 2972 1450 καὶ
3019 1397 3284 1466 ἀπώλετο,
3319 1403 3413 1456 καὶ⁸
3458 1405 3520 1458 τὸ
3561 1407 3718 1480 σῶμα

2150 1477 2316 1530 αὐτοῦ
2345 1479 2498 1553 ἐδόθη
2551 1485 2632 1545 είς
2663 1485 2856 1540 καῦσιν
2905 1489 3098 1560 πυρός.
3127 1510 3144 1543 ι
3199 1493 3469 1565 Πρόδηλον
3491 1486 3584 1563 ’δὲ,
3636 1477 3720 1554 δτι

2149 1567 2209 1621 τὸ
2235 1569 2420 1642 θηρίον
2444 1575 2472 1626 ό
2514 1575 2875 1648 Ἀντίχριστός
2902 1581 3066 1636 ἐστιν.
3105 1583 3161 1639 '0
3186 1587 3292 1660 γάρ
3311 1587 3440 1650 Υἱὸς
3465 1589 3558 1644 τοῦ
3580 1591 3716 1648 Θεοῦ

2149 1660 2462 1733 ἐρχόμενος,
2495 1665 2674 1720 ἀνελεῖ
2719 1671 2882 1726 αὐτὸν
2909 1672 2988 1745 τῷ
3021 1677 3292 1749 πνεύματι
3323 1681 3417 1735 τοῦ
3456 1684 3719 1756 στόματος

2153 1750 2338 1817 αὐτοῦ,
2369 1752 2450 1808 ὃτι
2478 1755 2678 1828 αὑτῷή
2711 1759 2837 1824 δόξα
2853 1763 2946 1816 καὶ
2968 1765 3030 1818 τὸ
3057 1767 3256 1836 κράτος
3271 1771 3351 1834 είς
3363 1771 3490 1836 τοὺς
3515 1750 3718 1839 αίῶνας

2149 1839 2257 1896 τῶν
2297 1842 2526 1899 αἰώνων.
2569 1848 2761 1919 Ἀμήν.

2216 1931 2302 1986 15.
2343 1935 2524 1990 Ταῦτα
2551 1938 2607 1992 δὲ
2640 1943 2704 1994 ἐκ
2731 1941 2941 1998 πολλῶν
2965 1945 3126 2018 ὀλίγα
3150 1951 3214 2006 ἐκ
3239 1952 3348 2007 τῶν
3377 1955 3545 2024 ἁγίων
3570 1959 3713 2030 Γρα-

2145 2021 2261 2092 φῶν
2297 2025 2646 2099 παρεθέμεθα
2694 2032 2831 2103 πρὸς
2868 2035 2967 2105 μὲν
3000 2038 3274 2112 ἡμετέραν
3313 2021 3708 2117 τῶνΧριστιαο

2142 2113 2248 2166 νῶν
2281 2113 2502 2186 μείζονα
2539 2119 2740 2188 πίστιν,
2777 2125 2914 2196 πρὸς
2944 2125 3166 2201 ἔλεγχον
3191 2132 3248 2186 δέ
3277 2137 3376 2206 τῆς
3420 2113 3717 2208 Ἰουδαϊκῆς

2143 2199 2568 2274 σκληροκαρδίας
2609 2209 2704 2262 καὶ
2741 2199 3183 2282 φρενοϐλαϐείας.
3237 2199 3357 2276 Ὀτι
3405 2224 3435 2275 ό
3481 2219 3562 2290 εἷς

2143 2289 2303 2358 ἁγίας
2336 2292 2600 2356 ζωοποιοῦ
2629 2299 2878 2370 Τριάδος,
2912 2301 3044 2369 Θεὸς
3075 2308 3250 2377 Λόγος
3279 2312 3374 2388 καὶ
3401 2313 3536 2368 Θεοῦ
3564 2289 3710 2380 Υἱὸς,

2141 2382 2236 2433 καὶ
2269 2383 2297 2435 ό
2329 2382 2532 2456 Κύριος
2565 2389 2719 2459 ήμῶν
2765 2392 2971 2464 Ἰησοῦς
3003 2397 3256 2469 Χριστὸς,
3295 2382 3457 2468 αῦτὸς
3497 2405 3582 2460 διὰ
3614 2407 3713 2480 τὴν

2141 2473 2410 2546 ἡμετέραν
2445 2480 2714 2550 σωτηρίαν
2763 2483 2851 2537 ἐπ’
2887 2486 3128 2558 ἐσχάτων
3159 2493 3265 2548 τῶν
3309 2497 3528 2570 ἡμερῶν
3559 2473 3715 2574 ἐνην-

2139 2564 2425 2636 θρώπησεν
2448 2570 2512 2622 ἐκ
2541 2573 2640 2642 τῆς
2660 2577 2932 2646 παναγίας
2955 2581 3222 2652 ἁχράντου
3247 2564 3533 2662 δεσποίνης
3555 2593 3588 2664 ἠ
3597 2564 3712 2662 μῶν

2137 2655 2419 2725 Θεοτόκου,
2446 2664 2538 2717 καὶ
2565 2665 2655 2720 ἀεὶ
2686 2669 2954 2740 παρθένου
2983 2675 3219 2747 Μαρίας.
3253 2679 3365 2734 Καὶ
3392 2655 3713 2739 πάνταθεο-

2139 2749 2363 2821 πρεπῶς
2391 2753 2876 2829 ἀπεργασάμενος,
2909 2763 3001 2816 καὶ
3034 2766 3240 2832 παθὼν,
3273 2771 3455 2838 καθὼς
3482 2776 3530 2828 οἱ
3563 2775 3708 2844 ἅγιοι

2137 2843 2396 2909 προεῖπον
2432 2849 2726 2920 προφῆται,
2759 2850 2958 2908 ἔσωσεν
2997 2855 3060 2908 ἐκ
3093 2858 3191 2930 τῆς
3223 2861 3313 2914 τοῦ
3343 2865 3536 2937 ἐχθροῦ
3568 2843 3707 2922 πλά-

2136 2946 2232 3000 νης
2273 2933 2366 2986 καὶ
2397 2934 2640 3002 δουλείας
2669 2940 2730 2993 τὸ
2763 2942 2918 3011 γένος
2955 2948 3132 3018 ἡμῶν.
3177 2951 3343 3026 ’Υπὲρ
3517 2961 3706 3014 τοσοῦ-

2135 3036 2245 3072 των
2293 3018 2384 3076 οὖν
2438 3027 2797 3098 εὐεργεσιῶν,
2854 3027 2930 3088 ὧν
2966 3043 3150 3109 τυχεῖν
3197 3044 3346 3116 παρὰ
3391 3047 3494 3118 τῆς
3537 3051 3703 3105 αὑτοῦ

2133 3111 2464 3184 ἀγαθότητος
2485 3117 2812 3193 ἠξιώθημεν,
2841 3114 3226 3202 σπουδάσωιὲν
3252 3111 3531 3208 εῦάρεστοι
3557 3141 3706 3213 αὐτῷ

2131 3465 2176 3540 ᾧ
2202 3476 2235 3546 ἡ
2263 3475 2388 3542 δόξα
2419 3482 2514 3534 καὶ
2540 3459 2838 3558 -τὸῖκράτος
2871 3459 3498 3576 σὺν’τῷ’παντο)ιράτορι
3527 3459 3704 3577 ﬁgi);

2133 3566 2321 3633 αὑτοῦ,
2351 3572 2447 3626 καὶ
2474 3573 2551 3646 τῷ
2592 3580 2842 3652 παναγίῳ
2871 3583 2964 3638 καὶ
2997 3583 3242 3661 ξωοποιῷ
3273 3594 3569 3666 Πνεύματι,
3606 3600 3707 3654 νῦν

2133 3660 2228 3713 καὶ
2250 3661 2358 3728 ἀεὶ,
2384 3665 2478 3719 καὶ
2501 3667 2582 3732 είς
2603 3669 2730 3734 τοὺς
2761 3671 2960 3742 αἰῶνας
2987 3679 3096 3734 τῶν
3128 3682 3357 3742 αἰώνων.
3402 3660 3592 3762 ’Ᾰμήιπ

2716 3895 2995 3986 primum
3023 3901 3088 3986 in
3120 3902 3326 3986 lucem
3358 3910 3697 3986 prodeunt.
3776 3901 3783 3909 ’

1926 3941 1934 3942 ,
1962 3941 2043 3944 γη-
2066 3941 2092 3946 _
2125 3941 2208 3949 --ν
2263 3941 2277 3950 .
2309 3941 2459 3952 ..-ν-
2514 3941 2682 3957 ..υιιιν
2763 3941 2774 3956 1
2796 3941 2992 3960 uuqu
3023 3941 3040 3962 ι
3150 3941 3184 3964 u
3255 3941 3286 3966 ~l
3383 3941 3396 3967 1
3423 3941 3430 3942 “

644 4011 663 4040 η
713 3941 1122 4021 Adjiciuﬁtur
1150 3963 1338 4024 porro
1363 3949 1429 4011 in
1465 3941 1690 4014 eodem
1721 3941 1938 4020 codice
1966 3963 2042 4024 ad
2074 3941 2308 4029 calcgm
2336 3941 2888 4050 Quéstionisr136,
2921 3979 2997 4040 ad
3028 3941 3433 4048 A'n'ué’ﬁifiu’u'.

535 4121 862 4189 QUA'ZSTlO
891 4130 932 4185 Ι.
973 4150 992 4184 ι
1015 4131 1218 4190 Cbristi
1253 4144 1432 4193 autem
1466 4144 1744 4210 generatio
1775 4147 1856 4202 sic
1886 4159 2026 4208 erat.

459 4211 599 4267 Cum
631 4217 774 4272 enim
805 4231 950 4276 esset
978 4223 1310 4294 desponsata
1354 4239 1528 4286 mater
1577 4234 1696 4302 ejus
1729 4235 1897 4293 Maria
1929 4240 2026 4296 Jo-

463 4305 596 4372 sepb
639 4306 703 4360 ⁸⁸.
733 4327 753 4360 ι
786 4309 964 4374 Quare
1001 4329 1108 4368 non
1135 4315 1273 4372 dixit
1314 4337 1327 4374 :
1359 4319 1494 4376 Cum
1525 4333 1670 4398 esset
1698 4330 2026 4399 deSponsata

463 4397 638 4467 virgo,
681 4400 778 4455 sed
820 4420 841 4453 ι
868 4401 1037 4459 Mater
1062 4407 1182 4476 ejus
1204 4410 1228 4464 ?
1249 4429 1269 4462 ι

532 4509 854 4571 Responso.
898 4515 967 4572 Ut
996 4522 1272 4580 credibilis
1318 4541 1499 4582 sermo
1545 4529 1708 4596 foret,
1743 4539 1796 4588 et
1825 4541 1886 4589 ut
1922 4551 2020 4590 au-

461 4605 716 4678 ditorem,
744 4624 992 4682 paratum
1019 4618 1087 4673 ad
1110 4621 1389 4692 quidpiam
1419 4625 1746 4683 audiendum
1787 4646 1895 4684 non
1935 4632 2020 4685 in-

458 4710 694 4770 suetum,
729 4703 962 4764 insolita:
978 4711 1055 4766 rei
1079 4712 1357 4771 additione
1385 4720 1720 4788 percelleret.
1750 4721 2014 4776 dicendo:

463 4808 482 4842 ε
508 4793 813 4866 Antequam
853 4805 1226 4872 convenirent,
1265 4809 1484 4864 inventa
1521 4822 1604 4868 est
1643 4813 1700 4866 in
1735 4822 1891 4868 utero
1922 4815 2018 4869 lia-

457 4880 593 4938 bens
626 4885 692 4941 de
727 4885 932 4958 Spiritu
963 4896 1272 4949 sancto‘h

523 4993 588 5062 Q.
619 4998 672 5051 2.
696 5020 714 5051 ι
743 5000 1006 5070 Apparuit
1037 5015 1218 5063 autem
1243 5009 1295 5064 ei
1323 5017 1548 5082 angelus
1577 5011 1789 5067 Domini
1844 5013 1899 5068 in
1928 5029 2020 5070 so-

454 5089 598 5143 mnis
637 5091 907 5148 dicens".
949 5113 967 5147 ι
997 5093 1178 5162 Quare
1199 5115 1306 5154 non
1333 5101 1510 5170 palam
1547 5111 1770 5172 apparet
1791 5103 2018 5172 angelus

451 5174 710 5250 Josepbo,
767 5187 1222 5255 quemadmodum
1269 5193 1580 5260 pastoribus
1613 5202 1666 5248 et
1705 5194 2018 5253 Zacharim?

525 5294 590 5349 Β.
620 5297 755 5365 Quia
781 5301 1074 5358 admodum
1107 5305 1282 5363 ﬁdelis
1309 5316 1428 5362 erat
1467 5310 1550 5365 vir
1588 5311 1700 5368 ille.
1741 5311 1852 5370 Nec
1877 5329 2016 5384 opus

455 5387 532 5442 illi
557 5401 674 5445 erat
695 5393 964 5462 ejusmodi
997 5398 1229 5454 visione.

507 5467 588 5547 DQ.
634 5484 687 5536 5.
735 5484 861 5541 «Ne
907 5487 1102 5544 timeas
1151 5491 1398 5562 accipere
1454 5493 1678 5550 Mariam
1727 5495 2012 5569 conjugem

454 5575 712 5628 tuam".i
747 5575 927 5642 Quare
957 5578 1126 5636 dixit:
1165 5601 1184 5635 ι
1219 5583 1298 5639 Ne
1325 5585 1553 5641 timeas?
1589 5606 1608 5639 ι

2204 4158 2534 4215 ΕΡΩΤΗΣΙΣ
2548 4168 2617 4218 α’.
2651 4183 2670 4216 ι
2703 4165 2809 4219 Τοῦ
2844 4166 2900 4220 δὲ
2933 4168 3107 4238 Ἰησοῦ
3131 4171 3416 4243 Χριστοῦὴ
3443 4175 3696 4248 γέννησις

2131 4245 2304 4314 οὕτως
2321 4246 2408 4322 ἦν.
2431 4253 2873 4328 Μνηστευθείσης
2895 4257 3005 4330 γάρ
3029 4260 3126 4330 τῆς
3158 4262 3360 4332 μητρὸς
3379 4265 3544 4318 αὑτοῦ
3574 4245 3694 4321 Μανι-

2132 4341 2256 4414 ρίας
2289 4342 2365 4414 τῷ
2407 4343 2621 4418 Ἰωσήφ.
2663 4367 2683 4397 ›
2719 4349 2818 4404 Διά
2851 4352 2903 4404 τί
2939 4353 3039 4406 οὐκ
3066 4349 3217 4406 εἷπε·
3254 4356 3695 4432 Μνηστευθείσης

2052 4431 2102 4490 D
2125 4430 2228 4501 τῆς
2257 4433 2548 4504 παρθένου,
2583 4436 2720 4492 ἀλλὰ
2755 4458 2773 4490 ι
2809 4439 2908 4508 τῆς
2939 4441 3144 4511 μητρὸς
3173 4443 3356 4496 αὑτοῦ.
3394 4465 3414 4496 ι

2197 4545 2582 4602 ΑΠΟΚΡΙΣΙΣ.
2632 4549 2795 4604 ’Ὥστε
2858 4552 3258 4626 εὐπαράδεκτον
3310 4555 3563 4625 γενέσθαι
3605 4559 3695 4613 τὸν

2125 4633 2301 4704 λόγον,
2331 4639 2424 4692 καὶ
2455 4640 2837 4711 προσδοκῶντά
2869 4661 2920 4698 τι
2947 4646 3054 4698 τῶν
3083 4647 3326 4718 συνήθων
3357 4649 3692 4704 ἀκοῦσασθαι

2123 4725 2214 4779 τὸν
2235 4727 2526 4799 ἀκροατὴν,
2553 4731 2874 4806 καταπλήξῃ
2899 4737 2965 4805 τῇ
2993 4734 3086 4793 τοῦ
3113 4737 3410 4808 παραδόξου
3433 4739 3696 4812 πράγμα-

2120 4833 2209 4880 τος
2241 4819 2529 4892 ἐπαγωγῇ,
2569 4822 2774 4891 λέγων’
2823 4843 2841 4876 ι
2894 4826 3030 4896 Πρὶν
3079 4827 3112 4898 ἢ
3157 4827 3426 4882 συνελθεῖν
3472 4833 3691 4896 αὐτοὺς,

2120 4907 2315 4980 εὑρέθη
2337 4909 2398 4964 ἓν
2419 4911 2616 4984 γαστρὶ
2635 4913 2829 4983 ἔχουσα
2852 4915 2916 4968 ὲκ
2936 4916 3076 4968 Πνεύ
3085 4933 3252 4986 ματος
3277 4917 3456 4986 ἁγίου.
3505 4938 3525 4971 ι

2203 5018 2258 5069 Ἐ
2267 5018 2392 5090 ρώτ.
2409 5021 2474 5091 β’.
2495 5040 2513 5072 ι
2529 5022 2704 5094 Ὠφθη
2725 5024 2780 5076 δὲ
2796 5025 2942 5099 αὐτῷ
2958 5027 3186 5096 ἄγγελος
3197 5031 3402 5102 Κυρίου
3423 5029 3544 5086 κάτ’
3557 5033 3688 5106 ὄναρ

2119 5108 2288 5178 λέγων
2309 5129 2322 5142 ·
2364 5131 2384 5164 ι
2421 5114 2519 5168 Διὰ
2549 5115 2603 5166 τί
2637 5115 2710 5187 μὴ
2739 5119 2984 5190 φανερῶς
3015 5121 3264 5189 φαίνεται
3293 5125 3322 5176 ὁ
3348 5125 3577 5192 ἄγγελος
3609 5127 3690 5198 τῷ

2130 5201 2348 5272 Ἰωσὴφ,
2381 5205 2628 5278 καθάπερ
2651 5211 2764 5272 τοῖς
2788 5209 3006 5280 ποιμέσι
3036 5213 3132 5265 καὶ
3159 5213 3236 5284 τῷ
3259 5217 3504 5290 Ζαχαρία
3527 5233 3542 5283 ;

2201 5317 2385 5373 Ἀπόκ.
2445 5320 2567 5372 ’Ότι
2612 5321 2814 5392 σφόδρα
2865 5325 3052 5389 πιστὸς
3095 5321 3164 5399 ἦν
3189 5329 3217 5382 ὁ
3267 5329 3429 5402 ἀνὴρ,
3477 5331 3573 5385 καὶ
3621 5334 3682 5386 οὐ

2115 5410 2367 5481 δεόμενος
2396 5416 2494 5484 τῆς
2521 5415 2774 5486 τοιαύτης
2808 5416 3001 5485 ὅψεως.

2199 5500 2388 5572 Ἐρώτ.
2420 5510 2488 5572 γ’.
2525 5521 2545 5554 ι
2581 5505 2667 5576 Μὴ
2700 5503 2942 5575 φοϐηθῇς
2976 5506 3312 5578 παραλαϐεῖν
3335 5506 3568 5580 Μαριάμ
3581 5507 3684 5579 τὴν

2115 5591 2350 5658 γυναῖκά
2380 5607 2493 5647 σου.
2540 5611 2559 5644 ι
2595 5595 2693 5647 Διὰ
2722 5593 2776 5646 τί
2803 5589 2923 5648 εἷπε
2944 5611 2957 5626 ο
2991 5595 3082 5666 Μὴ
3117 5597 3360 5668 φοϐηθῇς
3380 5638 3396 5665 ,

523 5725 566 5760 ιν
605 5725 749 5788 Psal.
784 5744 890 5802 vn,
925 5689 1074 5789 9;“.
1151 5734 1196 5768 δι
1237 5734 1426 5793 Matth.
1466 5752 1518 5804 ι,
1556 5737 1738 5796 16-18.
1816 5741 1859 5774 ιο
1896 5740 2027 5796 una.

2141 5742 2149 5771 ⁵
2189 5742 2320 5800 ibid.
2355 5744 2444 5802 20.
2521 5746 2562 5778 '”
2605 5747 2738 5806 ibid.
