4088 6382
315 385 411 441 701

1324 369 1787 444 ρυιΕετιοΝΕει
1824 368 1916 424 AD
1953 365 2362 423 ANT‘IOCHUM
2400 359 2656 420 DUCEM.

3441 348 3548 406 702

394 498 616 568 Ἀπόκρ.
645 494 870 558 Δεικνὺς
905 492 1066 546 αὐτὸν
1102 490 1377 546 δεδοικότα
1417 491 1494 563 μὴ
1524 486 1871 564 προσκρούσῃ

2045 482 2114 539 R.
2149 482 2400 538 Declarat
2443 496 2566 536 eum
2611 470 2901 540 timuisse;
2919 485 2990 528 ne
3016 468 3188 526 Deum
3224 465 3542 530 oﬂ‘enderet,

312 589 387 661 τῷ
412 584 551 658 Θεῷ,
584 586 661 648 ὡς
704 579 1001 656 μοιχαλίδα⁶
1022 581 1181 653 ἔχων.

388 677 579 750 Ἐρώτ.
613 675 678 731 δ’.
708 675 807 728 Διὰ
838 674 889 728 τί
922 670 1065 738 εἷπε,
1106 691 1126 726 ι
1164 675 1262 746 τὴν
1293 673 1528 742 γυναικά
1558 689 1686 738 σούς
1734 691 1753 724 ι

391 771 577 824 ’Δπόκ.
627 768 716 832 Ὠς
752 768 828 838 μὴ
856 766 1254 839 διεφθαρμένης
1284 767 1454 837 αὐτῆς
1492 765 1675 837 οὔσης.
1712 763 1880 818 Καλεῖ

310 864 363 918 δὲ
390 863 557 934 αὐτὴν
586 863 821 930 γυναῖκα
853 858 961 913 ἀπὸ
987 859 1092 928 τῆς
1123 858 1414 930 μνηστείας
1432 877 1446 890 ·
1476 859 1664 929 ὥσπερ
1688 856 1881 910 εἰώθα-

313 972 409 1019 μεν
433 951 717 1024 γαμϐροὺς
734 951 914 1018 λέγειν
935 952 1030 1005 καὶ
1051 952 1371 1022 προγάμους
1390 951 1518 1015 τοὺς
1543 949 1874 1020 μνηστῆρας.

390 1043 580 1115 Ἐρώτ.
613 1042 675 1097 ε’.
730 1062 750 1095 ι
782 1042 1007 1110 Τέξεται
1039 1043 1097 1097 δὲ
1121 1042 1268 1096 Υίόν.
1311 1061 1332 1095 ›
1368 1042 1468 1096 Διά
1493 1043 1545 1097 τί
1584 1043 1682 1096 οὐκ
1719 1038 1872 1095 εἷπε·

310 1134 527 1200 Τέξεται
558 1131 614 1185 δέ
649 1148 731 1184 σοι
750 1148 766 1197 ;

389 1224 577 1277 Ἀπόκ.
612 1223 737 1275 Ὀτι
785 1223 884 1276 οὐκ
936 1221 1084 1293 αὐτῷ
1124 1221 1314 1293 ἔμελλε
1365 1220 1509 1292 μόνῳ
1564 1216 1874 1284 τίκτεσθαι,

310 1314 441 1368 ἀλλὰ
475 1315 541 1384 τῇ
579 1311 871 1383 οἰκουμένη
903 1312 1073 1382 πάσῃ.

390 1404 576 1476 Ἐρώτ.
608 1402 682 1467 ς’.
710 1421 730 1453 ι
777 1403 863 1455 Ἐν
885 1402 1119 1474 ἡμέραις
1144 1400 1382 1473 Ἡρώδου
1411 1400 1506 1456 τοῦ
1538 1399 1814 1472 βασιλέως.
1850 1418 1870 1451 ι

310 1495 407 1549 Διά
457 1495 510 1548 τί
556 1492 867 1566 προσέθηκε
909 1494 973 1547 τὸ
1012 1493 1247 1564 ἀξίωμα,
1282 1492 1479 1560 εἰπὼν,
1533 1511 1554 1545 ι
1596 1492 1690 1545 τοῦ
1725 1491 1877 1562 βασι-

309 1587 442 1649 λέως
459 1605 473 1652 ;
510 1605 530 1637 ι

389 1679 573 1733 Ἀπόκ.
615 1678 831 1749 Ἐπειδὴ
857 1679 953 1733 καὶ
983 1677 1169 1747 ἕτερος
1196 1676 1422 1746 γέγονεν
1460 1674 1701 1747 Ἡρώδης
1727 1675 1757 1727 6
1785 1672 1879 1727 τὸν

308 1772 612 1843 Πρόδρομον
637 1769 864 1825 ἀνελών.
899 1769 1035 1822 Ἀλλ’
1059 1771 1259 1833 ἐκεῖνος
1280 1767 1584 1840 τετράρχης
1604 1762 1692 1838 ἦν,
1719 1757 1871 1829 οὗτος
1900 1817 1945 1873 Β

307 1864 362 1918 δὲ
396 1863 668 1935 βασιλεύς.

386 1952 573 2025 Ἐρώτ.
593 1952 658 2018 ζ’.
679 1973 699 2004 ι
722 1951 1000 2024 Ἐγερθεὶς
1015 1950 1294 2024 παράλαϐε
1325 1951 1387 2004 τὸ
1418 1949 1628 2004 παιδίον
1657 1949 1750 2003 καὶ
1772 1948 1869 2020 τὴν

313 2046 518 2118 μητέρα
541 2044 741 2100 αὑτοῦ..
769 2063 787 2098 ι
828 2045 926 2097 Διὰ
956 2043 1009 2096 τί
1040 2044 1141 2096 οὐκ
1175 2038 1324 2106 εἷπε,
1353 2042 1466 2115 Τὴν
1491 2040 1721 2111 γυναῖκά
1756 2056 1871 2104 σου,

309 2132 438 2185 ἀλλά
465 2152 483 2183 ‹
520 2132 631 2202 Τὴν
670 2131 881 2202 μητέρα
913 2130 1111 2195 αὐτοῦς
1149 2152 1167 2183 ›

384 2222 572 2276 ’Δπόκ.
621 2221 858 2292 Ἐπειδὴ,
887 2221 980 2275 τοῦ
1008 2222 1167 2275 τόκου
1195 2220 1368 2293 πέρας
1406 2220 1679 2284 λαϐόντος,
1712 2220 1873 2292 ἐλύθη

306 2329 363 2364 τε
391 2313 423 2383 ἡ
456 2312 657 2381 ὑποψία
676 2351 691 2375 ,
720 2312 815 2365 καὶ
845 2315 874 2365 6
915 2312 1113 2382 Ἰωσὴφ
1151 2311 1447 2385 ὲπιστὼθη.
1477 2311 1576 2364 Διά
1600 2310 1758 2365 τοῦτο
1784 2308 1876 2365 οὖν

306 2402 483 2456 λοιπὸν
508 2403 644 2474 μετά
670 2404 974 2475 παρρησίας
997 2403 1297 2472 διαλέγεται
1319 2406 1348 2457 6
1373 2404 1618 2473 ἄγγελος,
1639 2405 1733 2456 καὶ
1750 2404 1878 2457 ούκ-

310 2495 387 2548 έτι
410 2496 507 2567 τὴν
536 2498 772 2563 γυναῖκα
794 2492 959 2547 αὐτοῦ
985 2495 1155 2548 καλεῖ.

393 2586 575 2657 Ἐρώτ.
601 2585 671 2657 η’.
695 2606 713 2638 ι
739 2588 847 2640 Καὶ
877 2585 1044 2654 φεῦγε
1075 2588 1153 2651 εἰς
1179 2586 1466 2656 Αἴγυπτον.
1493 2606 1511 2639 ι
1532 2586 1632 2641 Διά
1648 2588 1699 2641 τί
1717 2586 1880 2643 ἀκού-

312 2694 426 2738 σαςο
466 2697 484 2730 ι
525 2678 696 2748 Φεῦγε
724 2680 804 2743 είς
822 2678 1121 2747 Αἴγυπτον,
1166 2698 1186 2731 ι
1224 2680 1323 2732 οὐκ
1353 2680 1662 2752 ὲταρὰχοη;

388 2858 574 2912 ’Δπόκ.
641 2858 859 2930 Ἐπειδὴ
909 2859 1098 2923 πιστὸς
1128 2856 1197 2931 ἧν
1235 2861 1264 2913 6
1294 2860 1453 2932 ἀνὴρ,
1492 2860 1574 2915 διὸ
1613 2862 1880 2916 ὑπακούει

314 2949 401 3004 καὶ
428 2949 695 3004 πείθεται.

389 3038 579 3111 Ἐρώτ.
614 3039 680 3094 θ’.
715 3039 814 3092 Διά
843 3038 897 3093 τί
928 3040 1029 3094 οὐκ
1057 3041 1139 3105 εἰς
1168 3040 1330 3113 ἀλλην
1360 3040 1541 3113 χώραν
1571 3040 1885 3112 πέμπεται,

313 3129 421 3184 ἀλλ’
453 3131 531 3193 εἰς
559 3129 834 3199 Αἴγυπτον
850 3146 866 3196 ;

391 3222 579 3275 Ἀπόκ.
611 3222 730 3275 Ἵνα
755 3221 1017 3294 πληρωθῇ
1046 3224 1079 3295 ὴ
1111 3224 1414 3295 προφητεία
1442 3226 1474 3296 ή
1514 3223 1766 3293 λέγουσα,
1798 3226 1883 3280 ὅτι

317 3329 336 3362 ι
387 3311 474 3381 Ἐξ
503 3313 780 3383 Αἰγύπτου
805 3315 1038 3369 ἐκάλεσα
1069 3316 1159 3369 τὸν
1203 3317 1331 3369 Υίόν
1370 3333 1494 3387 μου.
1541 3337 1560 3369 ι

388 3405 578 3478 Ὲρώτ.
606 3414 656 3461 ι’.
691 3427 710 3460 ι
742 3407 1005 3471 ’Δκούσας
1019 3408 1075 3461 δὲ
1101 3408 1323 3480 Ἰησοῦς,
1354 3411 1433 3463 ὃτι
1461 3410 1711 3482 Ἰωάννης
1740 3430 1882 3484 παρ-

312 3497 484 3570 εδόθη,
516 3499 864 3572 ἀνεχώρησεν
891 3501 970 3563 εἰς
1004 3501 1103 3573 τὴν
1145 3501 1449 3558 Γαλιλαίαν.
1499 3523 1518 3556 ›
1561 3504 1659 3558 Διά
1703 3504 1754 3558 τί
1784 3506 1881 3559 ἀν-

312 3593 483 3663 εχώρη
492 3609 583 3646 σεν
602 3608 618 3657 ;

390 3682 576 3736 ’Δπόκ.
619 3683 894 3737 Παιδεύων
924 3686 1070 3757 ἡμᾶς
1097 3685 1316 3755 φεύγειν
1354 3690 1479 3753 τοὺς
1521 3690 1878 3762 πειρασμούς.

314 3773 384 3826 Ού
412 3774 519 3845 γὰρ
552 3775 806 3847 ἔγκλημα
832 3776 895 3830 τὸ
931 3778 1005 3849 μὴ
1042 3778 1253 3848 ῥίπτειν
1287 3780 1477 3833 ἑαυτὸν
1506 3783 1584 3845 εἰς
1617 3781 1877 3844 κίνδυνον,

312 3865 439 3920 ἀλλὰ
466 3868 528 3922 τὸ
551 3870 863 3940 ἐμπεσόντα
900 3870 975 3942 μὴ
1008 3871 1197 3942 στῆναι
1229 3873 1512 3942 γενναίως.

387 4042 578 4118 Ἐρώτ.
614 4051 703 4101 ια’.
736 4045 933 4115 «ξ’[δὼν
958 4047 1015 4101 δὲ
1042 4050 1071 4102 6
1111 4048 1321 4119 Ἰησοῦς
1349 4050 1475 4112 τοὺς
1502 4048 1690 4119 ὄχλους
1713 4048 1879 4121 ἀνέϐη

314 4133 387 4196 είς
405 4133 465 4187 τὸ
491 4135 638 4206 ὅρος.
686 4154 706 4188 ι
737 4137 835 4191 Διά
865 4138 917 4191 τί
946 4139 1111 4211 ἀνέϐη
1142 4141 1222 4206 εἰς
1257 4142 1319 4195 τὸ
1346 4142 1505 4213 δρος;

390 4229 576 4282 Ἀπόκ.
633 4230 733 4283 Διά
778 4232 841 4285 τὸ
886 4233 1202 4303 ἀφιλότιμον
1245 4236 1341 4289 καὶ
1380 4234 1733 4305 ἀκόμπαστον
1755 4251 1769 4264 ·
1819 4235 1879 4287 οὐ

313 4313 415 4385 γὰρ
448 4317 710 4387 περιῆγεν
738 4318 933 4383 αὐτοὺς
956 4321 1071 4390 μεθ’
1102 4322 1319 4376 ἑαυτοῦ.
1364 4323 1503 4377 Ἀλλ’
1538 4325 1628 4377 ὅτε
1659 4323 1754 4393 μὲν
1788 4341 1884 4376 πε-

316 4407 605 4475 ριπατῆσαι
637 4407 764 4472 ἔδει,
798 4410 960 4473 αὐτὸς
1004 4410 1161 4481 μόνος
1189 4412 1404 4485 περιῄει
1433 4411 1708 4482 πανταχοῦ
1731 4450 1744 4476 ,
1790 4413 1883 4465 καὶ

1979 583 2170 645 utpote
2199 575 2501 631 adulteram
2531 572 2743 628 habens
2767 581 3015 624 uxorem.

2042 667 2108 734 Q.
2143 668 2199 723 4.
2229 667 2410 733 Quare
2435 666 2594 729 dixit,
2635 683 2655 716 σ
2679 662 2970 732 conjugem
2994 657 3189 715 tuam?
3216 675 3233 708 ι

2047 755 2212 829 254
2228 755 2295 812 R.
2314 754 2511 825 Utpote
2529 770 2637 809 non
2654 758 2994 821 corruptam.
3017 745 3188 802 Vocat
3208 752 3388 799 autem
3412 757 3549 798 cono

1976 850 2183 920 jugem,
2212 848 2343 919 quia
2373 847 2704 917 desponsata
2738 848 2877 899 erat.
2911 838 3002 896 Uti
3043 838 3284 895 solemus
3312 849 3550 907 generos

1976 952 2031 1001 et
2064 944 2366 1016 pronubos,
2392 956 2592 997 vocare
2622 952 2840 1011 procos.

2040 1036 2107 1103 Q.
2137 1037 2190 1093 5.
2221 1052 2241 1087 ‹
2261 1035 2442 1089 Pariet
2468 1041 2649 1088 autem
2692 1030 2863 1085 tilium
2878 1029 2982 1083 τ’.»
3017 1026 3199 1095 Quare
3226 1039 3338 1080 non
3365 1020 3543 1078 dixit:

1975 1124 2158 1180 Pariet
2182 1132 2362 1179 autem
2386 1123 2527 1177 tibi?

1938 1202 1950 1216 ’
2044 1215 2113 1270 lt.
2160 1215 2300 1282 Quia
2337 1228 2449 1270 non
2476 1212 2580 1284 ipsi
2609 1212 2787 1269 solum
2827 1214 3067 1282 pareret,
3113 1207 3213 1264 sed
3256 1213 3373 1261 toto
3400 1203 3540 1259 orbi.

2037 1395 2103 1462 Q.
2137 1393 2191 1449 6.
2234 1394 2338 1448 «In
2391 1393 2585 1450 diebus
2636 1392 2867 1449 Herodis
2914 1387 3174 1460 regis'm
3223 1385 3404 1453 Quare
3455 1383 3542 1438 di-

1976 1487 2239 1557 gnitatem
2269 1484 2498 1552 addidit,
2524 1500 2649 1540 cum
2683 1485 2844 1549 dixit,
2878 1501 2896 1534 ι
2920 1479 3102 1552 regis?
3124 1497 3144 1531 ›

2043 1667 2112 1721 R.
2143 1666 2281 1734 Quia
2312 1667 2451 1723 alius
2478 1666 2580 1722 fuit
2628 1664 2871 1722 Herodes
2897 1664 2988 1735 qui
3024 1662 3421 1717 Prmcursorem
3451 1671 3546 1712 oc-

1976 1760 2133 1815 cidit.
2173 1760 2281 1814 Sed
2305 1759 2397 1814 ille
2425 1758 2726 1823 tetrarcha,
2757 1757 2847 1812 hic
2879 1772 2971 1811 rex
3000 1761 3136 1811 erat.

2041 1938 2107 2007 Q.
2178 1940 2228 1993 7.
2293 1961 2312 1994 ι
2347 1940 2593 2010 Surgens
2644 1938 2829 2007 accipe
2888 1950 3142 2007 puerum,
3192 1940 3247 1989 et
3316 1937 3548 1986 matrem

1974 2031 2094 2102 ejus
2115 2030 2216 2085 ".r
2283 2030 2466 2097 Quare
2526 2044 2635 2084 non
2681 2029 2858 2084 dixit:
2916 2026 3152 2082 Uxorem
3200 2035 3386 2090 tuam,
3426 2020 3546 2085 sed,

1982 2141 2000 2173 ι
2020 2128 2247 2177 matrem
2276 2122 2443 2191 ejus?
2473 2141 2491 2173 ι

2046 2211 2112 2265 R.
2141 2211 2279 2279 Quia
2329 2220 2487 2283 partu
2528 2208 2870 2273 adveniente,
2916 2209 3094 2263 levata
3135 2202 3375 2274 suspicio
3421 2200 3545 2268 fuit,

1975 2310 2029 2358 et
2058 2303 2257 2372 Joseph
2286 2302 2491 2357 certior
2520 2300 2701 2355 factus
2721 2307 2825 2356 est.
2864 2297 2989 2353 Ideo
3012 2311 3136 2352 cum
3166 2295 3418 2350 libertate
3446 2306 3548 2363 pa-

1977 2395 2084 2448 lam
2119 2395 2362 2465 loquitur
2390 2393 2617 2464 angelus
2642 2409 2658 2459 ;
2686 2406 2788 2447 nec
2812 2390 2957 2447 ultra
2989 2401 3216 2444 uxorem
3239 2385 3361 2456 ejus
3390 2390 3549 2440 vocat

1986 2488 2157 2541 illam.

2050 2577 2116 2645 Q.
2167 2577 2220 2634 8.
2261 2597 2279 2630 ι
2303 2577 2369 2631 Ει
2398 2575 2523 2649 fuge
2553 2577 2609 2632 in
2641 2575 3019 2647 Egyptum".
3059 2590 3079 2625 ι
3103 2571 3285 2638 Quare
3306 2583 3428 2624 cum
3451 2583 3551 2623 au-

1979 2667 2191 2723 disset:
2258 2687 2278 2720 ι
2309 2666 2455 2739 Fuge
2509 2667 2566 2721 in
2616 2665 2932 2738 Egyptum,
2960 2683 2979 2716 ι
3038 2661 3388 2734 perturbatus
3441 2673 3551 2713 non

1980 2757 2121 2812 fuit?

2061 2847 2124 2901 li.
2152 2848 2291 2915 Quia
2322 2848 2495 2905 ﬁdelis
2543 2848 2628 2904 vir
2667 2857 2804 2914 erat,
2836 2846 2959 2903 ideo
3008 2843 3349 2916 obsequitur,
3375 2847 3429 2897 et
3452 2839 3553 2894 ob-

1988 2949 2279 3013 temperat.

2058 3032 2125 3100 Q.
2157 3035 2209 3089 9.
2242 3034 2424 3101 Quare
2452 3035 2508 3090 in
2548 3033 2864 3105 IEgyptum,
2907 3037 2961 3086 et
2988 3042 3099 3082 non
3122 3024 3362 3081 in-aliam
3388 3020 3554 3077 mitti-

1909 3160 1955 3218 ο
1985 3133 2090 3218 trr—
2099 3126 2415 3218 regionem?

2057 3215 2126 3272 li.
2153 3216 2224 3271 Ut
2247 3217 2563 3288 impleretur
2588 3214 2873 3287 prophetia
2895 3227 3015 3283 qua:
3034 3210 3200 3265 dicit:
3237 3224 3257 3258 ι
3288 3204 3366 3259 Ex
3385 3201 3554 3273 Egy-

1984 3319 2078 3383 pto
2108 3309 2303 3365 vocavi
2331 3308 2526 3364 Filium
2550 3308 2843 3365 meum'h

2055 3399 2121 3467 Q.
2155 3399 2241 3455 10.
2286 3399 2459 3456 «Cum
2498 3401 2740 3455 audisset
2780 3398 2942 3455 Jesus
2975 3392 3121 3465 quod
3162 3390 3403 3446 Joannes
3437 3395 3553 3440 tra-

1983 3493 2131 3549 ditus
2180 3501 2346 3559 esset,
2405 3497 2632 3550 secessit
2683 3494 2740 3547 in
2790 3488 3068 3546 Galilaeam
3088 3484 3188 3539 ⁷⁷.»
3232 3482 3413 3547 Quare
3460 3492 3551 3533 se-

1983 3584 2189 3640 cessit?

2052 3676 2121 3731 R.
2155 3674 2470 3730 Admonens
2525 3684 2625 3725 nos
2691 3666 2976 3739 fugiendas
3025 3679 3149 3724 esse
3203 3662 3550 3719 tcntationes.

1982 3771 2172 3840 Neque
2204 3766 2260 3823 id
2297 3764 2514 3821 crimini
2541 3762 2723 3828 datur,
2756 3760 2901 3831 quod
2940 3775 3051 3815 non
3088 3759 3210 3816 nos'
3232 3756 3552 3831 ξεῖ-φονίου-

1983 3862 2095 3917 lum
2124 3857 2537 3931 :conjiciamus;
2591 3852 2689 3909 sed
2742 3866 2865 3908 cum
2921 3849 3294 3917 inciderimus,
3349 3849 3397 3905 si
3438 3859 3553 3904 non

1983 3951 2308 4007 resistamus
2342 3959 2619 4016 generose.

2056 4042 2120 4109 ρ.
2172 4041 2261 4095 ll.
2297 4058 2315 4090 ι
2339 4037 2543 4093 Videns
2573 4043 2751 4091 autem
2787 4034 2908 4103 ejus
2946 4032 3133 4088 turbas
3182 4029 3447 4101 ascendit]
3493 4030 3552 4085 in

1985 4132 2333 4190 montem".r
2359 4129 2537 4196 Quare
2564 4127 2809 4182 ascendit
2841 4126 2896 4180 in
2924 4122 3205 4179 montem?

2056 4226 2124 4282 Β.
2160 4222 2316 4291 Quod
2343 4222 2691 4277 ambitionem
2729 4218 2940 4288 fugeret
2985 4226 3036 4271 et
3065 4229 3260 4269 vanam
3304 4212 3552 4284 gloriam.

1984 4314 2103 4370 Non
2152 4314 2297 4369 enim
2360 4312 2482 4367 illas
2538 4324 2726 4366 secum
2760 4309 3187 4377 circumquaque
3232 4301 3554 4357 abducebat.

1989 4408 2094 4463 Sed
2143 4406 2363 4477 quando
2400 4403 2763 4459 incedendum
2820 4407 2959 4464 erat,
3009 4400 3127 4469 ipse
3163 4397 3314 4453 solus
3353 4395 3558 4465 ubique

315 4495 489 4560 πόλεις
541 4499 638 4551 καὶ
684 4498 869 4571 χώρας
920 4502 1414 4574 ἐπισκοπούμενος·
1471 4504 1560 4556 ὅτε
1609 4502 1668 4554 δὲ
1721 4502 1884 4565 πολὺς

1990 4500 2279 4563 circuibat,
2301 4504 2356 4553 et
2380 4496 2545 4551 urbes
2591 4500 2645 4549 et
2686 4492 2841 4547 vicos
2884 4490 3245 4562 perlustrans.
3280 4485 3417 4542 Cum
3455 4500 3554 4540 au-

313 4586 461 4657 ὄχλος
486 4590 730 4659 γέγονεν,
759 4592 818 4644 έν
852 4593 933 4646 ἐνὶ
963 4593 1196 4663 ἐκάθητο
1220 4594 1392 4666 τόπῳ.

390 4679 582 4751 Ἐρώτ.
611 4681 700 4734 ιϐ’.
741 4699 762 4732 ‹
799 4680 1037 4746 Ἀνοίξας
1064 4683 1120 4735 δὲ
1146 4683 1209 4735 τὸ
1231 4684 1403 4755 στόμα
1426 4682 1590 4738 αὑτοῦ
1610 4682 1883 4737 ἐδίδασκεν

314 4769 522 4834 αὐτούς.
563 4791 582 4824 ι
614 4771 715 4824 Διά
739 4773 790 4826 τί
815 4768 999 4826 εἶπεν·
1031 4792 1049 4824 ι
1101 4774 1339 4841 Ἀνοίξας
1358 4775 1418 4828 τὸ
1434 4776 1607 4846 στόμα
1628 4774 1827 4839 αὐτούς
1858 4793 1879 4826 ι

397 4861 558 4913 Ἀπόκ
623 4862 741 4914 Ἵνα
775 4861 1075 4932 μάθωμεν,
1113 4863 1195 4915 ὅτι
1232 4864 1326 4918 καὶ
1367 4864 1531 4933 σιγῶν
1578 4863 1880 4929 ἐπαίδευεν,

313 4950 427 5019 οὐχὶ
462 4951 623 5020 μόνον
648 4950 1038 5023 φθεγγόμενος.

389 5042 577 5115 Ἐρώτ.
599 5043 689 5112 ιγ’.
719 5061 738 5093 ι
766 5044 1094 5115 Προσέχετε,
1120 5048 1275 5116 φησὶ,
1294 5048 1391 5120 τὴν
1413 5046 1777 5118 ἐλεημοσύνην
1808 5046 1883 5118 μὴ

315 5138 477 5190 ποιεῖν
516 5134 833 5207 ἔμπροσθεν
874 5135 982 5187 τῶν
1025 5135 1326 5208 ἀνθρώπων
1366 5139 1499 5210 πρὸς
1536 5140 1598 5192 τὸ
1629 5138 1885 5209 θεαθῆναι

314 5224 504 5289 αὐτοῖς.
539 5245 558 5277 ι
589 5227 689 5281 Διά
715 5226 769 5278 τί
796 5226 891 5279 ἐπὶ
918 5225 1017 5297 μὲν
1036 5228 1137 5297 τῆς
1160 5229 1526 5302 ὲλεημοσύνης
1550 5230 1885 5303 προσέθηκεν

312 5315 494 5381 εἰπὼν,
524 5318 619 5371 ἐπὶ
642 5317 701 5371 δὲ
730 5317 831 5388 τῆς
858 5319 1164 5391 προσευχῆς
1206 5321 1300 5374 καὶ
1327 5322 1423 5393 τῆς
1452 5321 1704 5391 νηστείας
1730 5320 1885 5374 οὐδα-

316 5422 423 5474 μως
436 5424 451 5472 ἶ

390 5500 578 5554 Ἀπόκ.
649 5497 871 5568 Ἐπειδὴ
920 5498 1017 5569 τὴν
1063 5499 1430 5574 ἐλεημοσύνην
1486 5502 1585 5573 μὲν
1624 5504 1885 5559 ἀδύνατον

312 5588 477 5662 πάντη
510 5589 721 5655 λαθεῖν,
753 5588 919 5662 εὐχὴν
949 5589 1006 5643 δὲ
1037 5591 1131 5645 καὶ
1158 5593 1412 5664 νηστείαν
1435 5593 1677 5653 δυνατόν.

1991 4599 2098 4647 tem
2122 4590 2292 4644 multa
2326 4588 2516 4642 aderat
2544 4585 2723 4648 turba,
2750 4584 2805 4637 in
2832 4596 2943 4636 uno
2973 4580 3200 4635 sedebat
3237 4578 3376 4631 loco.

2060 4681 2125 4747 Q.
2151 4681 2237 4734 12.
2269 4698 2289 4731 ι
2312 4677 2576 4749 Aperiens
2599 4682 2778 4729 autem
2802 4687 2865 4726 os
2888 4687 3047 4727 suum
3072 4667 3299 4723 docebat
3317 4666 3439 4720 illos
3473 4666 3550 4719 ⁸.»

1991 4770 2171 4838 Quare
2198 4770 2362 4824 dixit:
2410 4786 2428 4819 ι
2449 4765 2716 4835 Aperiens
2747 4777 2810 4817 os
2835 4760 3035 4815 suum?
3075 4779 3094 4812 ι

2059 4862 2127 4917 Β.
2157 4860 2227 4915 Ut
2252 4860 2563 4915 ediscamus
2590 4857 2743 4910 illum
2782 4868 2893 4909 non
2931 4852 3110 4907 solum
3139 4846 3434 4920 loquendo,
3459 4842 3556 4900 sed

1991 4954 2154 5009 etiam
2192 4952 2405 5008 silendo
2435 4948 2713 5004 docuisse.

2059 5044 2125 5109 Q.
2175 5042 2262 5096 15.
2315 5058 2335 5092 ι
2384 5036 2696 5098 Attendite,
2754 5033 2971 5104 inquit,
3025 5045 3096 5085 ne
3151 5028 3550 5096 eleemosynam

1992 5142 2234 5191 vestram
2282 5131 2497 5187 faciatis
2535 5142 2719 5185 coram
2765 5124 3101 5184 hominibus,
3153 5128 3213 5174 ut
3263 5115 3555 5173 videamini

1993 5222 2061 5281 ab
2090 5226 2287 5281 eis‘°.»
2315 5222 2494 5290 Quare
2527 5220 2594 5275 de
2616 5221 2959 5288 eleemosyna
2990 5214 3043 5269 id
3076 5211 3303 5276 addidit,
3333 5210 3401 5265 de
3430 5222 3559 5263 ora-

1990 5320 2141 5375 tione
2165 5327 2345 5373 autem
2386 5323 2441 5370 et
2466 5312 2699 5384 jejunio,
2733 5304 3083 5364 nullatenus?

1961 5492 1971 5503 ’
2064 5499 2135 5555 Ρι.
2187 5495 2326 5564 Quia
2379 5494 2775 5562 eleemosynam
2830 5484 3166 5558 impossibile
3215 5490 3299 5536 est
3342 5478 3560 5550 penitus

1993 5594 2197 5648 latere:
2250 5588 2557 5645 orationem
2606 5598 2737 5639 vero
2776 5590 2830 5637 et
2856 5577 3126 5651 jejunium
3154 5572 3414 5647 possibile
3450 5579 3556 5628 est.

373 5707 853 5829 quantumst:
926 5748 1194 5829 "Matth.
1228 5753 1370 5819 ",1.
1470 5749 1666 5808 "ibid.
1705 5752 1796 5809 ιε.
1838 5751 1884 5829 ,νε

1978 5748 2074 5809 ἠδ.
2149 5747 2339 5807 "Ose.
2371 5760 2448 5814 xt,
2483 5743 2532 5800 ι.
2609 5738 2830 5798 "Joan.
2865 5752 2943 5807 tv,
2961 5733 3050 5794 12.
3124 5732 3171 5768 ⁷⁸
3204 5728 3392 5790 lia'th.
3414 5744 3475 5801 ν,
3498 5725 3560 5802 1,

314 5819 359 5856 ⁷⁸
392 5824 526 5879 ibid.
610 5823 658 5856 ”
700 5819 893 5875 Matth.
930 5835 1018 5887 γι,
1058 5823 1107 5877 1.
