  <div class='ocr_page' id='page_1' title='image "/cluster/home/n/w/nwhite01/storage/ocr_20150623/28/hvd.32044019207737/357.png"; bbox 0 0 4088 6382; ppageno 0'>
   <div class='ocr_carea' id='block_1_1' title="bbox 506 318 631 388">
    <p class='ocr_par' dir='ltr' id='par_1_1' title="bbox 506 318 631 388">
     <span class='ocr_line' id='line_1_1' title="bbox 506 318 631 388; baseline 0.024 -4"><span class='ocrx_word' id='word_1_1' title='bbox 506 318 511 322; x_wconf 51' lang='grc'><strong>’</strong></span> <span class='ocrx_word' id='word_1_2' title='bbox 529 331 631 388; x_wconf 75' lang='lat'><strong>705</strong></span> 
     </span>
    </p>
   </div>
   <div class='ocr_carea' id='block_1_2' title="bbox 521 544 1527 622">
    <p class='ocr_par' dir='ltr' id='par_1_2' title="bbox 521 544 1527 622">
     <span class='ocr_line' id='line_1_2' title="bbox 521 544 1527 622; baseline 0.02 -32"><span class='ocrx_word' id='word_1_3' title='bbox 521 544 731 597; x_wconf 87' lang='lat' dir='ltr'><strong>omisso</strong></span> <span class='ocrx_word' id='word_1_4' title='bbox 762 545 946 610; x_wconf 91' lang='lat' dir='ltr'><strong>Patre,</strong></span> <span class='ocrx_word' id='word_1_5' title='bbox 980 547 1047 602; x_wconf 90' lang='lat' dir='ltr'><strong>de</strong></span> <span class='ocrx_word' id='word_1_6' title='bbox 1071 546 1208 604; x_wconf 83' lang='lat' dir='ltr'><strong>Filio</strong></span> <span class='ocrx_word' id='word_1_7' title='bbox 1239 551 1527 622; x_wconf 72' lang='lat' dir='ltr'><strong>loquitur?</strong></span> 
     </span>
    </p>
   </div>
   <div class='ocr_carea' id='block_1_3' title="bbox 603 630 2091 724">
    <p class='ocr_par' dir='ltr' id='par_1_3' title="bbox 603 630 2091 724">
     <span class='ocr_line' id='line_1_3' title="bbox 603 630 2091 724; baseline 0.017 -41"><span class='ocrx_word' id='word_1_8' title='bbox 603 630 671 686; x_wconf 78' lang='grc' dir='ltr'>Β.</span> <span class='ocrx_word' id='word_1_9' title='bbox 723 632 862 699; x_wconf 84' lang='lat' dir='ltr'><strong>Quia</strong></span> <span class='ocrx_word' id='word_1_10' title='bbox 892 636 982 692; x_wconf 87' lang='lat' dir='ltr'><strong>ille</strong></span> <span class='ocrx_word' id='word_1_11' title='bbox 1020 640 1278 697; x_wconf 89' lang='lat' dir='ltr'><strong>omnibus</strong></span> <span class='ocrx_word' id='word_1_12' title='bbox 1307 651 1474 701; x_wconf 84' lang='lat' dir='ltr'><strong>notus</strong></span> <span class='ocrx_word' id='word_1_13' title='bbox 1496 655 1638 715; x_wconf 88' lang='lat' dir='ltr'><strong>erat,</strong></span> <span class='ocrx_word' id='word_1_14' title='bbox 1670 651 1774 704; x_wconf 89' lang='lat' dir='ltr'><strong>etsi</strong></span> <span class='ocrx_word' id='word_1_15' title='bbox 1826 667 1934 708; x_wconf 91' lang='lat' dir='ltr'><strong>non</strong></span> <span class='ocrx_word' id='word_1_16' title='bbox 1961 670 2091 724; x_wconf 85' lang='lat' dir='ltr'><strong>qua-</strong></span> 
     </span>
    </p>
   </div>
   <div class='ocr_carea' id='block_1_4' title="bbox 526 723 2091 812">
    <p class='ocr_par' dir='ltr' id='par_1_4' title="bbox 526 723 2091 812">
     <span class='ocr_line' id='line_1_4' title="bbox 526 723 2091 812; baseline 0.02 -39"><span class='ocrx_word' id='word_1_17' title='bbox 526 727 690 777; x_wconf 89' lang='lat' dir='ltr'><strong>tenus</strong></span> <span class='ocrx_word' id='word_1_18' title='bbox 730 723 912 789; x_wconf 84' lang='lat' dir='ltr'><strong>Pater,</strong></span> <span class='ocrx_word' id='word_1_19' title='bbox 943 727 1038 782; x_wconf 83' lang='lat' dir='ltr'><strong>sed</strong></span> <span class='ocrx_word' id='word_1_20' title='bbox 1069 741 1340 800; x_wconf 78' lang='lat' dir='ltr'><strong>quatenus</strong></span> <span class='ocrx_word' id='word_1_21' title='bbox 1376 733 1540 792; x_wconf 87' lang='lat' dir='ltr'><strong>Deus.</strong></span> <span class='ocrx_word' id='word_1_22' title='bbox 1601 739 1923 812; x_wconf 79' lang='lat' dir='ltr'><strong>Unigenitus</strong></span> <span class='ocrx_word' id='word_1_23' title='bbox 1959 723 2091 804; x_wconf 80' lang='lat' dir='ltr'><strong>vero</strong></span> 
     </span>
    </p>
   </div>
   <div class='ocr_carea' id='block_1_5' title="bbox 522 812 2089 911">
    <p class='ocr_par' dir='ltr' id='par_1_5' title="bbox 522 812 2089 911">
     <span class='ocr_line' id='line_1_5' title="bbox 522 812 2089 911; baseline 0.02 -46"><span class='ocrx_word' id='word_1_24' title='bbox 522 812 906 884; x_wconf 72' lang='lat' dir='ltr'><strong>ignorabatur:</strong></span> <span class='ocrx_word' id='word_1_25' title='bbox 960 819 1086 877; x_wconf 91' lang='lat' dir='ltr'><strong>ideo</strong></span> <span class='ocrx_word' id='word_1_26' title='bbox 1128 823 1254 892; x_wconf 89' lang='lat' dir='ltr'><strong>jure</strong></span> <span class='ocrx_word' id='word_1_27' title='bbox 1297 826 1417 896; x_wconf 91' lang='lat' dir='ltr'><strong>ejus</strong></span> <span class='ocrx_word' id='word_1_28' title='bbox 1475 832 1729 888; x_wconf 84' lang='lat' dir='ltr'><strong>notitiam</strong></span> <span class='ocrx_word' id='word_1_29' title='bbox 1759 850 1789 890; x_wconf 90' lang='lat' dir='ltr'><strong>a</strong></span> <span class='ocrx_word' id='word_1_30' title='bbox 1817 839 2089 911; x_wconf 88' lang='lat' dir='ltr'><strong>principio</strong></span> 
     </span>
    </p>
   </div>
   <div class='ocr_carea' id='block_1_6' title="bbox 520 903 1676 992">
    <p class='ocr_par' dir='ltr' id='par_1_6' title="bbox 520 903 1676 992">
     <span class='ocr_line' id='line_1_6' title="bbox 520 903 1676 992; baseline 0.019 -34"><span class='ocrx_word' id='word_1_31' title='bbox 520 903 651 960; x_wconf 88' lang='lat' dir='ltr'><strong>dare</strong></span> <span class='ocrx_word' id='word_1_32' title='bbox 684 906 880 971; x_wconf 88' lang='lat' dir='ltr'><strong>voluit,</strong></span> <span class='ocrx_word' id='word_1_33' title='bbox 914 910 981 966; x_wconf 89' lang='lat' dir='ltr'><strong>iis</strong></span> <span class='ocrx_word' id='word_1_34' title='bbox 1005 913 1097 982; x_wconf 86' lang='lat' dir='ltr'><strong>qui</strong></span> <span class='ocrx_word' id='word_1_35' title='bbox 1126 915 1439 986; x_wconf 76' lang='lat' dir='ltr'><strong>ignorarent</strong></span> <span class='ocrx_word' id='word_1_36' title='bbox 1474 921 1676 992; x_wconf 91' lang='lat' dir='ltr'><strong>ipsum.</strong></span> 
     </span>
    </p>
   </div>
   <div class='ocr_carea' id='block_1_7' title="bbox 589 995 2088 1083">
    <p class='ocr_par' dir='ltr' id='par_1_7' title="bbox 589 995 2088 1083">
     <span class='ocr_line' id='line_1_7' title="bbox 589 995 2088 1083; baseline 0.02 -32"><span class='ocrx_word' id='word_1_37' title='bbox 589 995 654 1063; x_wconf 78' lang='grc' dir='ltr'>ρ.</span> <span class='ocrx_word' id='word_1_38' title='bbox 687 996 773 1052; x_wconf 75' lang='grc'>15.</span> <span class='ocrx_word' id='word_1_39' title='bbox 811 1018 831 1052; x_wconf 75' lang='grc' dir='ltr'><strong>ι</strong></span> <span class='ocrx_word' id='word_1_40' title='bbox 861 999 924 1054; x_wconf 80' lang='lat' dir='ltr'><strong>Et</strong></span> <span class='ocrx_word' id='word_1_41' title='bbox 952 1005 1176 1061; x_wconf 87' lang='lat' dir='ltr'><strong>verbum</strong></span> <span class='ocrx_word' id='word_1_42' title='bbox 1207 1015 1325 1064; x_wconf 89' lang='lat' dir='ltr'><strong>erat</strong></span> <span class='ocrx_word' id='word_1_43' title='bbox 1372 1014 1517 1083; x_wconf 88' lang='lat' dir='ltr'><strong>apud</strong></span> <span class='ocrx_word' id='word_1_44' title='bbox 1561 1014 1731 1072; x_wconf 88' lang='lat' dir='ltr'><strong>Deum</strong></span> <span class='ocrx_word' id='word_1_45' title='bbox 1747 1019 1851 1076; x_wconf 70' lang='lat' dir='ltr'><strong>&quot;.r</strong></span> <span class='ocrx_word' id='word_1_46' title='bbox 1907 1020 2088 1082; x_wconf 87' lang='lat' dir='ltr'><strong>Ouare</strong></span> 
     </span>
    </p>
   </div>
   <div class='ocr_carea' id='block_1_8' title="bbox 523 1085 1117 1150">
    <p class='ocr_par' dir='ltr' id='par_1_8' title="bbox 523 1085 1117 1150">
     <span class='ocr_line' id='line_1_8' title="bbox 523 1085 1117 1150; baseline 0.017 -10"><span class='ocrx_word' id='word_1_47' title='bbox 523 1100 633 1140; x_wconf 87' lang='lat' dir='ltr'><strong>non</strong></span> <span class='ocrx_word' id='word_1_48' title='bbox 664 1085 834 1141; x_wconf 81' lang='lat' dir='ltr'><strong>dixit:</strong></span> <span class='ocrx_word' id='word_1_49' title='bbox 872 1089 930 1145; x_wconf 86' lang='lat' dir='ltr'><strong>In</strong></span> <span class='ocrx_word' id='word_1_50' title='bbox 966 1090 1117 1150; x_wconf 80' lang='lat' dir='ltr'><strong>Deo?</strong></span> 
     </span>
    </p>
   </div>
   <div class='ocr_carea' id='block_1_9' title="bbox 586 1173 2086 1272">
    <p class='ocr_par' dir='ltr' id='par_1_9' title="bbox 586 1173 2086 1272">
     <span class='ocr_line' id='line_1_9' title="bbox 586 1173 2086 1272; baseline 0.021 -45"><span class='ocrx_word' id='word_1_51' title='bbox 586 1173 656 1228; x_wconf 71' lang='grc' dir='ltr'>Β.</span> <span class='ocrx_word' id='word_1_52' title='bbox 699 1177 945 1235; x_wconf 87' lang='lat' dir='ltr'><strong>Primum</strong></span> <span class='ocrx_word' id='word_1_53' title='bbox 972 1184 1191 1251; x_wconf 84' lang='lat' dir='ltr'><strong>quidem</strong></span> <span class='ocrx_word' id='word_1_54' title='bbox 1223 1196 1284 1242; x_wconf 90' lang='lat' dir='ltr'><strong>ut</strong></span> <span class='ocrx_word' id='word_1_55' title='bbox 1333 1188 1454 1258; x_wconf 89' lang='lat' dir='ltr'><strong>ejus</strong></span> <span class='ocrx_word' id='word_1_56' title='bbox 1491 1195 1791 1252; x_wconf 90' lang='lat' dir='ltr'><strong>secundum</strong></span> <span class='ocrx_word' id='word_1_57' title='bbox 1823 1199 2086 1272; x_wconf 81' lang='lat' dir='ltr'><strong>hyposta-</strong></span> 
     </span>
    </p>
   </div>
   <div class='ocr_carea' id='block_1_10' title="bbox 513 1267 2084 1352">
    <p class='ocr_par' dir='ltr' id='par_1_10' title="bbox 513 1267 2084 1352">
     <span class='ocr_line' id='line_1_10' title="bbox 513 1267 2084 1352; baseline 0.019 -30"><span class='ocrx_word' id='word_1_58' title='bbox 513 1267 602 1322; x_wconf 83' lang='lat' dir='ltr'><strong>sin</strong></span> <span class='ocrx_word' id='word_1_59' title='bbox 635 1270 995 1346; x_wconf 67' lang='lat' dir='ltr'><strong>aeternitatem</strong></span> <span class='ocrx_word' id='word_1_60' title='bbox 1048 1276 1352 1335; x_wconf 84' lang='lat' dir='ltr'><strong>declararet</strong></span> <span class='ocrx_word' id='word_1_61' title='bbox 1393 1286 1575 1342; x_wconf 84' lang='lat' dir='ltr'><strong>nobis.</strong></span> <span class='ocrx_word' id='word_1_62' title='bbox 1631 1289 1833 1347; x_wconf 90' lang='lat' dir='ltr'><strong>Deinde</strong></span> <span class='ocrx_word' id='word_1_63' title='bbox 1881 1295 2084 1352; x_wconf 90' lang='lat' dir='ltr'><strong>clarius</strong></span> 
     </span>
    </p>
   </div>
   <div class='ocr_carea' id='block_1_11' title="bbox 512 1363 2079 1452">
    <p class='ocr_par' dir='ltr' id='par_1_11' title="bbox 512 1363 2079 1452">
     <span class='ocr_line' id='line_1_11' title="bbox 512 1363 2079 1452; baseline 0.018 -39"><span class='ocrx_word' id='word_1_64' title='bbox 512 1365 567 1413; x_wconf 87' lang='lat' dir='ltr'><strong>et</strong></span> <span class='ocrx_word' id='word_1_65' title='bbox 599 1363 838 1430; x_wconf 87' lang='lat' dir='ltr'><strong>apertius</strong></span> <span class='ocrx_word' id='word_1_66' title='bbox 869 1367 1072 1420; x_wconf 76' lang='lat' dir='ltr'><strong>revelat</strong></span> <span class='ocrx_word' id='word_1_67' title='bbox 1105 1371 1284 1434; x_wconf 87' lang='lat' dir='ltr'><strong>nobis,</strong></span> <span class='ocrx_word' id='word_1_68' title='bbox 1326 1374 1428 1429; x_wconf 84' lang='lat' dir='ltr'><strong>hoc</strong></span> <span class='ocrx_word' id='word_1_69' title='bbox 1473 1376 1708 1437; x_wconf 86' lang='lat' dir='ltr'><strong>Verbum</strong></span> <span class='ocrx_word' id='word_1_70' title='bbox 1746 1400 1868 1441; x_wconf 84' lang='lat' dir='ltr'><strong>esse</strong></span> <span class='ocrx_word' id='word_1_71' title='bbox 1891 1385 2079 1452; x_wconf 89' lang='lat' dir='ltr'><strong>Deum,</strong></span> 
     </span>
    </p>
   </div>
   <div class='ocr_carea' id='block_1_12' title="bbox 516 1450 2082 1534">
    <p class='ocr_par' dir='ltr' id='par_1_12' title="bbox 516 1450 2082 1534">
     <span class='ocr_line' id='line_1_12' title="bbox 516 1450 2082 1534; baseline 0.019 -30"><span class='ocrx_word' id='word_1_72' title='bbox 516 1468 537 1505; x_wconf 77' lang='grc' dir='ltr'><strong>ι</strong></span> <span class='ocrx_word' id='word_1_73' title='bbox 563 1450 633 1506; x_wconf 83' lang='lat' dir='ltr'><strong>In.</strong></span> <span class='ocrx_word' id='word_1_74' title='bbox 654 1455 856 1510; x_wconf 91' lang='lat' dir='ltr'><strong>mundo</strong></span> <span class='ocrx_word' id='word_1_75' title='bbox 903 1459 1112 1514; x_wconf 73' lang='lat' dir='ltr'><strong>erat”:</strong></span> <span class='ocrx_word' id='word_1_76' title='bbox 1141 1479 1160 1512; x_wconf 78' lang='grc' dir='ltr'><strong>ι</strong></span> <span class='ocrx_word' id='word_1_77' title='bbox 1199 1480 1307 1518; x_wconf 86' lang='lat' dir='ltr'><strong>non</strong></span> <span class='ocrx_word' id='word_1_78' title='bbox 1355 1475 1412 1519; x_wconf 93' lang='lat' dir='ltr'><strong>ut</strong></span> <span class='ocrx_word' id='word_1_79' title='bbox 1455 1472 1656 1526; x_wconf 91' lang='lat' dir='ltr'><strong>mundo</strong></span> <span class='ocrx_word' id='word_1_80' title='bbox 1683 1491 1916 1532; x_wconf 68' lang='lat' dir='ltr'><strong>comvus.</strong></span> <span class='ocrx_word' id='word_1_81' title='bbox 1961 1478 2082 1534; x_wconf 89' lang='lat' dir='ltr'><strong>Ideo</strong></span> 
     </span>
    </p>
   </div>
   <div class='ocr_carea' id='block_1_13' title="bbox 510 1545 2080 1636">
    <p class='ocr_par' dir='ltr' id='par_1_13' title="bbox 510 1545 2080 1636">
     <span class='ocr_line' id='line_1_13' title="bbox 510 1545 2080 1636; baseline 0.022 -43"><span class='ocrx_word' id='word_1_82' title='bbox 510 1554 746 1612; x_wconf 86' lang='lat' dir='ltr'><strong>namque</strong></span> <span class='ocrx_word' id='word_1_83' title='bbox 781 1545 1020 1615; x_wconf 88' lang='lat' dir='ltr'><strong>adjecit:</strong></span> <span class='ocrx_word' id='word_1_84' title='bbox 1095 1551 1198 1606; x_wconf 67' lang='lat' dir='ltr'><strong>«Et</strong></span> <span class='ocrx_word' id='word_1_85' title='bbox 1247 1557 1492 1616; x_wconf 88' lang='lat' dir='ltr'><strong>mundus</strong></span> <span class='ocrx_word' id='word_1_86' title='bbox 1548 1578 1645 1632; x_wconf 84' lang='lat' dir='ltr'><strong>per</strong></span> <span class='ocrx_word' id='word_1_87' title='bbox 1678 1568 1854 1636; x_wconf 90' lang='lat' dir='ltr'><strong>ipsum</strong></span> <span class='ocrx_word' id='word_1_88' title='bbox 1905 1570 2080 1627; x_wconf 90' lang='lat' dir='ltr'><strong>factus</strong></span> 
     </span>
    </p>
   </div>
   <div class='ocr_carea' id='block_1_14' title="bbox 511 1633 726 1687">
    <p class='ocr_par' dir='ltr' id='par_1_14' title="bbox 511 1633 726 1687">
     <span class='ocr_line' id='line_1_14' title="bbox 511 1633 726 1687; baseline 0.009 -2"><span class='ocrx_word' id='word_1_89' title='bbox 511 1639 598 1686; x_wconf 76' lang='lat' dir='ltr'><strong>est</strong></span> <span class='ocrx_word' id='word_1_90' title='bbox 614 1633 681 1687; x_wconf 67' lang='grc'>⁸⁸.</span> <span class='ocrx_word' id='word_1_91' title='bbox 707 1654 726 1686; x_wconf 75' lang='grc' dir='ltr'><strong>ι</strong></span> 
     </span>
    </p>
   </div>
   <div class='ocr_carea' id='block_1_15' title="bbox 585 1723 2080 1824">
    <p class='ocr_par' dir='ltr' id='par_1_15' title="bbox 585 1723 2080 1824">
     <span class='ocr_line' id='line_1_15' title="bbox 585 1723 2080 1824; baseline 0.021 -46"><span class='ocrx_word' id='word_1_92' title='bbox 585 1723 650 1790; x_wconf 90' lang='lat' dir='ltr'><strong>Q.</strong></span> <span class='ocrx_word' id='word_1_93' title='bbox 692 1726 777 1783; x_wconf 79' lang='grc'>16.</span> <span class='ocrx_word' id='word_1_94' title='bbox 835 1730 944 1784; x_wconf 82' lang='grc' dir='ltr'><strong>«Ει</strong></span> <span class='ocrx_word' id='word_1_95' title='bbox 985 1735 1260 1804; x_wconf 84' lang='lat' dir='ltr'><strong>aspiciens</strong></span> <span class='ocrx_word' id='word_1_96' title='bbox 1307 1739 1362 1794; x_wconf 93' lang='lat' dir='ltr'><strong>in</strong></span> <span class='ocrx_word' id='word_1_97' title='bbox 1407 1743 1601 1798; x_wconf 70' lang='lat' dir='ltr'><strong>caelum</strong></span> <span class='ocrx_word' id='word_1_98' title='bbox 1653 1747 1928 1806; x_wconf 78' lang='lat' dir='ltr'><strong>benedixit</strong></span> <span class='ocrx_word' id='word_1_99' title='bbox 1985 1768 2080 1824; x_wconf 87' lang='lat' dir='ltr'><strong>pa-</strong></span> 
     </span>
    </p>
   </div>
   <div class='ocr_carea' id='block_1_16' title="bbox 512 1815 2149 1904">
    <p class='ocr_par' dir='ltr' id='par_1_16' title="bbox 512 1815 2149 1904">
     <span class='ocr_line' id='line_1_16' title="bbox 512 1815 2149 1904; baseline 0.022 -37"><span class='ocrx_word' id='word_1_100' title='bbox 512 1829 611 1869; x_wconf 89' lang='lat' dir='ltr'><strong>nes</strong></span> <span class='ocrx_word' id='word_1_101' title='bbox 632 1815 698 1870; x_wconf 85' lang='grc'>⁸⁸.</span> <span class='ocrx_word' id='word_1_102' title='bbox 725 1835 744 1869; x_wconf 75' lang='grc' dir='ltr'><strong>ι</strong></span> <span class='ocrx_word' id='word_1_103' title='bbox 799 1820 979 1885; x_wconf 82' lang='lat' dir='ltr'><strong>Quare</strong></span> <span class='ocrx_word' id='word_1_104' title='bbox 1009 1840 1132 1881; x_wconf 90' lang='lat' dir='ltr'><strong>cum</strong></span> <span class='ocrx_word' id='word_1_105' title='bbox 1161 1845 1382 1885; x_wconf 89' lang='lat' dir='ltr'><strong>sursum</strong></span> <span class='ocrx_word' id='word_1_106' title='bbox 1412 1837 1716 1904; x_wconf 84' lang='lat' dir='ltr'><strong>aspexisset</strong></span> <span class='ocrx_word' id='word_1_107' title='bbox 1762 1849 1876 1896; x_wconf 90' lang='lat' dir='ltr'><strong>tum</strong></span> <span class='ocrx_word' id='word_1_108' title='bbox 1911 1844 2075 1900; x_wconf 84' lang='lat' dir='ltr'><strong>bene-</strong></span> <span class='ocrx_word' id='word_1_109' title='bbox 2107 1824 2149 1880; x_wconf 72' lang='grc' dir='ltr'><strong><em>Β</em></strong></span> 
     </span>
    </p>
   </div>
   <div class='ocr_carea' id='block_1_17' title="bbox 506 1904 682 1960">
    <p class='ocr_par' dir='ltr' id='par_1_17' title="bbox 506 1904 682 1960">
     <span class='ocr_line' id='line_1_17' title="bbox 506 1904 682 1960; baseline 0.017 -3"><span class='ocrx_word' id='word_1_110' title='bbox 506 1904 682 1960; x_wconf 79' lang='lat' dir='ltr'><strong>dixit?</strong></span> 
     </span>
    </p>
   </div>
   <div class='ocr_carea' id='block_1_18' title="bbox 578 1994 2071 2089">
    <p class='ocr_par' dir='ltr' id='par_1_18' title="bbox 578 1994 2071 2089">
     <span class='ocr_line' id='line_1_18' title="bbox 578 1994 2071 2089; baseline 0.023 -40"><span class='ocrx_word' id='word_1_111' title='bbox 578 1994 645 2054; x_wconf 67' lang='grc' dir='ltr'>Β.</span> <span class='ocrx_word' id='word_1_112' title='bbox 676 1996 860 2055; x_wconf 90' lang='lat' dir='ltr'><strong>Primo</strong></span> <span class='ocrx_word' id='word_1_113' title='bbox 881 2010 943 2057; x_wconf 94' lang='lat' dir='ltr'><strong>ut</strong></span> <span class='ocrx_word' id='word_1_114' title='bbox 978 2006 1286 2064; x_wconf 72' lang='lat' dir='ltr'><strong>ostenderet</strong></span> <span class='ocrx_word' id='word_1_115' title='bbox 1313 2026 1372 2068; x_wconf 93' lang='lat' dir='ltr'><strong>se</strong></span> <span class='ocrx_word' id='word_1_116' title='bbox 1412 2029 1442 2068; x_wconf 92' lang='lat' dir='ltr'><strong>a</strong></span> <span class='ocrx_word' id='word_1_117' title='bbox 1469 2013 1628 2072; x_wconf 87' lang='lat' dir='ltr'><strong>Patre</strong></span> <span class='ocrx_word' id='word_1_118' title='bbox 1662 2035 1818 2089; x_wconf 87' lang='lat' dir='ltr'><strong>esse;</strong></span> <span class='ocrx_word' id='word_1_119' title='bbox 1870 2039 2071 2082; x_wconf 90' lang='lat' dir='ltr'><strong>secun-</strong></span> 
     </span>
    </p>
   </div>
   <div class='ocr_carea' id='block_1_19' title="bbox 505 2083 2069 2174">
    <p class='ocr_par' dir='ltr' id='par_1_19' title="bbox 505 2083 2069 2174">
     <span class='ocr_line' id='line_1_19' title="bbox 505 2083 2069 2174; baseline 0.024 -37"><span class='ocrx_word' id='word_1_120' title='bbox 505 2083 577 2138; x_wconf 87' lang='lat' dir='ltr'><strong>do</strong></span> <span class='ocrx_word' id='word_1_121' title='bbox 605 2094 664 2140; x_wconf 93' lang='lat' dir='ltr'><strong>ut</strong></span> <span class='ocrx_word' id='word_1_122' title='bbox 694 2105 793 2144; x_wconf 92' lang='lat' dir='ltr'><strong>nos</strong></span> <span class='ocrx_word' id='word_1_123' title='bbox 822 2092 1065 2158; x_wconf 88' lang='lat' dir='ltr'><strong>doceret,</strong></span> <span class='ocrx_word' id='word_1_124' title='bbox 1101 2112 1169 2152; x_wconf 88' lang='lat' dir='ltr'><strong>ne</strong></span> <span class='ocrx_word' id='word_1_125' title='bbox 1200 2101 1352 2168; x_wconf 88' lang='lat' dir='ltr'><strong>prius</strong></span> <span class='ocrx_word' id='word_1_126' title='bbox 1385 2103 1452 2158; x_wconf 93' lang='lat' dir='ltr'><strong>ad</strong></span> <span class='ocrx_word' id='word_1_127' title='bbox 1484 2122 1728 2164; x_wconf 88' lang='lat' dir='ltr'><strong>mensam</strong></span> <span class='ocrx_word' id='word_1_128' title='bbox 1778 2117 2069 2174; x_wconf 87' lang='lat' dir='ltr'><strong>accedere-</strong></span> 
     </span>
    </p>
   </div>
   <div class='ocr_carea' id='block_1_20' title="bbox 502 2178 2069 2270">
    <p class='ocr_par' dir='ltr' id='par_1_20' title="bbox 502 2178 2069 2270">
     <span class='ocr_line' id='line_1_20' title="bbox 502 2178 2069 2270; baseline 0.024 -41"><span class='ocrx_word' id='word_1_129' title='bbox 502 2191 648 2240; x_wconf 89' lang='lat' dir='ltr'><strong>mus.</strong></span> <span class='ocrx_word' id='word_1_130' title='bbox 689 2178 860 2237; x_wconf 89' lang='lat' dir='ltr'><strong>donec</strong></span> <span class='ocrx_word' id='word_1_131' title='bbox 894 2184 944 2238; x_wconf 91' lang='lat' dir='ltr'><strong>ei</strong></span> <span class='ocrx_word' id='word_1_132' title='bbox 984 2187 1190 2256; x_wconf 75' lang='lat' dir='ltr'><strong>gratias</strong></span> <span class='ocrx_word' id='word_1_133' title='bbox 1215 2192 1522 2263; x_wconf 81' lang='lat' dir='ltr'><strong>egissemus</strong></span> <span class='ocrx_word' id='word_1_134' title='bbox 1551 2201 1645 2270; x_wconf 91' lang='lat' dir='ltr'><strong>qui</strong></span> <span class='ocrx_word' id='word_1_135' title='bbox 1676 2216 1858 2259; x_wconf 88' lang='lat' dir='ltr'><strong>escam</strong></span> <span class='ocrx_word' id='word_1_136' title='bbox 1910 2210 2069 2268; x_wconf 90' lang='lat' dir='ltr'><strong>nobis</strong></span> 
     </span>
    </p>
   </div>
   <div class='ocr_carea' id='block_1_21' title="bbox 503 2264 676 2323">
    <p class='ocr_par' dir='ltr' id='par_1_21' title="bbox 503 2264 676 2323">
     <span class='ocr_line' id='line_1_21' title="bbox 503 2264 676 2323; baseline 0.012 -2"><span class='ocrx_word' id='word_1_137' title='bbox 503 2264 676 2323; x_wconf 91' lang='lat' dir='ltr'><strong>daret.</strong></span> 
     </span>
    </p>
   </div>
   <div class='ocr_carea' id='block_1_22' title="bbox 572 2357 2068 2455">
    <p class='ocr_par' dir='ltr' id='par_1_22' title="bbox 572 2357 2068 2455">
     <span class='ocr_line' id='line_1_22' title="bbox 572 2357 2068 2455; baseline 0.024 -43"><span class='ocrx_word' id='word_1_138' title='bbox 572 2357 638 2423; x_wconf 91' lang='lat' dir='ltr'><strong>Q.</strong></span> <span class='ocrx_word' id='word_1_139' title='bbox 669 2361 758 2418; x_wconf 82' lang='grc'>17.</span> <span class='ocrx_word' id='word_1_140' title='bbox 794 2361 974 2430; x_wconf 86' lang='lat' dir='ltr'><strong>Quare</strong></span> <span class='ocrx_word' id='word_1_141' title='bbox 1009 2367 1064 2423; x_wconf 93' lang='lat' dir='ltr'><strong>in</strong></span> <span class='ocrx_word' id='word_1_142' title='bbox 1105 2369 1327 2428; x_wconf 89' lang='lat' dir='ltr'><strong>deserto</strong></span> <span class='ocrx_word' id='word_1_143' title='bbox 1378 2376 1700 2440; x_wconf 83' lang='lat' dir='ltr'><strong>miraculum</strong></span> <span class='ocrx_word' id='word_1_144' title='bbox 1731 2399 1930 2455; x_wconf 89' lang='lat' dir='ltr'><strong>panum</strong></span> <span class='ocrx_word' id='word_1_145' title='bbox 1955 2391 2068 2446; x_wconf 83' lang='lat' dir='ltr'><strong>etii-</strong></span> 
     </span>
    </p>
   </div>
   <div class='ocr_carea' id='block_1_23' title="bbox 498 2445 1322 2525">
    <p class='ocr_par' dir='ltr' id='par_1_23' title="bbox 498 2445 1322 2525">
     <span class='ocr_line' id='line_1_23' title="bbox 498 2445 1322 2525; baseline 0.023 -27"><span class='ocrx_word' id='word_1_146' title='bbox 498 2445 594 2513; x_wconf 89' lang='lat' dir='ltr'><strong>cit,</strong></span> <span class='ocrx_word' id='word_1_147' title='bbox 624 2455 678 2503; x_wconf 91' lang='lat' dir='ltr'><strong>et</strong></span> <span class='ocrx_word' id='word_1_148' title='bbox 708 2451 951 2525; x_wconf 89' lang='lat' dir='ltr'><strong>quinque</strong></span> <span class='ocrx_word' id='word_1_149' title='bbox 979 2458 1152 2514; x_wconf 88' lang='lat' dir='ltr'><strong>millia</strong></span> <span class='ocrx_word' id='word_1_150' title='bbox 1190 2462 1322 2517; x_wconf 88' lang='lat' dir='ltr'><strong>alit?</strong></span> 
     </span>
    </p>
   </div>
   <div class='ocr_carea' id='block_1_24' title="bbox 567 2539 2066 2643">
    <p class='ocr_par' dir='ltr' id='par_1_24' title="bbox 567 2539 2066 2643">
     <span class='ocr_line' id='line_1_24' title="bbox 567 2539 2066 2643; baseline 0.025 -52"><span class='ocrx_word' id='word_1_151' title='bbox 567 2539 729 2610; x_wconf 76' lang='lat'><strong>255</strong></span> <span class='ocrx_word' id='word_1_152' title='bbox 785 2541 855 2600; x_wconf 70' lang='lat' dir='ltr'><strong>ll.</strong></span> <span class='ocrx_word' id='word_1_153' title='bbox 918 2546 988 2602; x_wconf 89' lang='lat' dir='ltr'><strong>Ut</strong></span> <span class='ocrx_word' id='word_1_154' title='bbox 1053 2551 1219 2605; x_wconf 67' lang='lat' dir='ltr'><strong>nulli‘</strong></span> <span class='ocrx_word' id='word_1_155' title='bbox 1257 2569 1484 2623; x_wconf 87' lang='lat' dir='ltr'><strong>prorsus</strong></span> <span class='ocrx_word' id='word_1_156' title='bbox 1549 2562 1803 2621; x_wconf 85' lang='lat' dir='ltr'><strong>subesset</strong></span> <span class='ocrx_word' id='word_1_157' title='bbox 1881 2573 2066 2643; x_wconf 89' lang='lat' dir='ltr'><strong>suspi-</strong></span> 
     </span>
    </p>
   </div>
   <div class='ocr_carea' id='block_1_25' title="bbox 499 2629 2066 2732">
    <p class='ocr_par' dir='ltr' id='par_1_25' title="bbox 499 2629 2066 2732">
     <span class='ocr_line' id='line_1_25' title="bbox 499 2629 2066 2732; baseline 0.024 -50"><span class='ocrx_word' id='word_1_158' title='bbox 499 2629 646 2685; x_wconf 88' lang='lat' dir='ltr'><strong>cioni</strong></span> <span class='ocrx_word' id='word_1_159' title='bbox 696 2634 1044 2706; x_wconf 85' lang='lat' dir='ltr'><strong>miraculum,</strong></span> <span class='ocrx_word' id='word_1_160' title='bbox 1084 2658 1350 2716; x_wconf 76' lang='lat' dir='ltr'><strong>neruoque</strong></span> <span class='ocrx_word' id='word_1_161' title='bbox 1401 2652 1737 2712; x_wconf 84' lang='lat' dir='ltr'><strong>existimaret</strong></span> <span class='ocrx_word' id='word_1_162' title='bbox 1780 2675 1846 2715; x_wconf 87' lang='lat' dir='ltr'><strong>ex</strong></span> <span class='ocrx_word' id='word_1_163' title='bbox 1881 2667 2066 2732; x_wconf 83' lang='lat' dir='ltr'><strong>proxi-</strong></span> 
     </span>
    </p>
   </div>
   <div class='ocr_carea' id='block_1_26' title="bbox 497 2725 2063 2814">
    <p class='ocr_par' dir='ltr' id='par_1_26' title="bbox 497 2725 2063 2814">
     <span class='ocr_line' id='line_1_26' title="bbox 497 2725 2063 2814; baseline 0.026 -40"><span class='ocrx_word' id='word_1_164' title='bbox 497 2735 587 2776; x_wconf 76' lang='lat' dir='ltr'><strong>mo</strong></span> <span class='ocrx_word' id='word_1_165' title='bbox 630 2725 867 2793; x_wconf 81' lang='lat' dir='ltr'><strong>quodam</strong></span> <span class='ocrx_word' id='word_1_166' title='bbox 895 2730 1040 2800; x_wconf 84' lang='lat' dir='ltr'><strong>vico,</strong></span> <span class='ocrx_word' id='word_1_167' title='bbox 1085 2736 1364 2805; x_wconf 82' lang='lat' dir='ltr'><strong>quidpiam</strong></span> <span class='ocrx_word' id='word_1_168' title='bbox 1412 2745 1480 2798; x_wconf 90' lang='lat' dir='ltr'><strong>ad</strong></span> <span class='ocrx_word' id='word_1_169' title='bbox 1530 2761 1776 2806; x_wconf 88' lang='lat' dir='ltr'><strong>mensam</strong></span> <span class='ocrx_word' id='word_1_170' title='bbox 1826 2753 2063 2814; x_wconf 91' lang='lat' dir='ltr'><strong>delatum</strong></span> 
     </span>
    </p>
   </div>
   <div class='ocr_carea' id='block_1_27' title="bbox 496 2810 688 2871">
    <p class='ocr_par' dir='ltr' id='par_1_27' title="bbox 496 2810 688 2871">
     <span class='ocr_line' id='line_1_27' title="bbox 496 2810 688 2871; baseline 0.031 -6"><span class='ocrx_word' id='word_1_171' title='bbox 496 2810 688 2871; x_wconf 88' lang='lat' dir='ltr'><strong>fuisse.</strong></span> 
     </span>
    </p>
   </div>
   <div class='ocr_carea' id='block_1_28' title="bbox 565 2904 2057 3005">
    <p class='ocr_par' dir='ltr' id='par_1_28' title="bbox 565 2904 2057 3005">
     <span class='ocr_line' id='line_1_28' title="bbox 565 2904 2057 3005; baseline 0.029 -49"><span class='ocrx_word' id='word_1_172' title='bbox 565 2904 631 2972; x_wconf 92' lang='lat' dir='ltr'><strong>Q.</strong></span> <span class='ocrx_word' id='word_1_173' title='bbox 666 2907 753 2964; x_wconf 78' lang='grc'>18.</span> <span class='ocrx_word' id='word_1_174' title='bbox 796 2910 862 2965; x_wconf 90' lang='lat' dir='ltr'><strong>Et</strong></span> <span class='ocrx_word' id='word_1_175' title='bbox 907 2913 1252 2976; x_wconf 88' lang='lat' dir='ltr'><strong>abstulerunt</strong></span> <span class='ocrx_word' id='word_1_176' title='bbox 1283 2937 1349 2979; x_wconf 86' lang='lat' dir='ltr'><strong>ex</strong></span> <span class='ocrx_word' id='word_1_177' title='bbox 1382 2927 1618 2987; x_wconf 86' lang='lat' dir='ltr'><strong>residuis</strong></span> <span class='ocrx_word' id='word_1_178' title='bbox 1649 2931 1968 3005; x_wconf 83' lang='lat' dir='ltr'><strong>fragmentis</strong></span> <span class='ocrx_word' id='word_1_179' title='bbox 1990 2941 2057 2999; x_wconf 82' lang='grc'><strong>⁸⁸.</strong></span> 
     </span>
    </p>
   </div>
   <div class='ocr_carea' id='block_1_29' title="bbox 495 2993 2060 3102">
    <p class='ocr_par' dir='ltr' id='par_1_29' title="bbox 495 2993 2060 3102">
     <span class='ocr_line' id='line_1_29' title="bbox 495 2993 2060 3102; baseline 0.026 -56"><span class='ocrx_word' id='word_1_180' title='bbox 495 2993 677 3060; x_wconf 87' lang='lat' dir='ltr'><strong>Quare</strong></span> <span class='ocrx_word' id='word_1_181' title='bbox 720 3015 831 3056; x_wconf 89' lang='lat' dir='ltr'><strong>non</strong></span> <span class='ocrx_word' id='word_1_182' title='bbox 878 3002 1078 3078; x_wconf 73' lang='lat' dir='ltr'><strong>integri</strong></span> <span class='ocrx_word' id='word_1_183' title='bbox 1121 3025 1310 3081; x_wconf 90' lang='lat' dir='ltr'><strong>panes,</strong></span> <span class='ocrx_word' id='word_1_184' title='bbox 1367 3019 1461 3074; x_wconf 90' lang='lat' dir='ltr'><strong>sed</strong></span> <span class='ocrx_word' id='word_1_185' title='bbox 1509 3020 1812 3095; x_wconf 78' lang='lat' dir='ltr'><strong>fragmenta</strong></span> <span class='ocrx_word' id='word_1_186' title='bbox 1868 3045 2060 3102; x_wconf 88' lang='lat' dir='ltr'><strong>super-</strong></span> 
     </span>
    </p>
   </div>
   <div class='ocr_carea' id='block_1_30' title="bbox 505 3086 703 3145">
    <p class='ocr_par' dir='ltr' id='par_1_30' title="bbox 505 3086 703 3145">
     <span class='ocr_line' id='line_1_30' title="bbox 505 3086 703 3145; baseline 0.035 -6"><span class='ocrx_word' id='word_1_187' title='bbox 505 3086 658 3144; x_wconf 84' lang='lat' dir='ltr'><strong>fuere</strong></span> <span class='ocrx_word' id='word_1_188' title='bbox 679 3091 703 3145; x_wconf 87' lang='lat'><strong>?</strong></span> 
     </span>
    </p>
   </div>
   <div class='ocr_carea' id='block_1_31' title="bbox 565 3177 2128 3281">
    <p class='ocr_par' dir='ltr' id='par_1_31' title="bbox 565 3177 2128 3281">
     <span class='ocr_line' id='line_1_31' title="bbox 565 3177 2128 3281; baseline 0.027 -50"><span class='ocrx_word' id='word_1_189' title='bbox 565 3177 632 3234; x_wconf 78' lang='lat' dir='ltr'><strong>B.</strong></span> <span class='ocrx_word' id='word_1_190' title='bbox 671 3180 739 3236; x_wconf 88' lang='lat' dir='ltr'><strong>Ut</strong></span> <span class='ocrx_word' id='word_1_191' title='bbox 781 3188 1098 3246; x_wconf 86' lang='lat' dir='ltr'><strong>ostenderet</strong></span> <span class='ocrx_word' id='word_1_192' title='bbox 1145 3208 1268 3252; x_wconf 81' lang='lat' dir='ltr'><strong>esse</strong></span> <span class='ocrx_word' id='word_1_193' title='bbox 1304 3196 1394 3253; x_wconf 87' lang='lat' dir='ltr'><strong>illa</strong></span> <span class='ocrx_word' id='word_1_194' title='bbox 1431 3215 1498 3256; x_wconf 85' lang='lat' dir='ltr'><strong>ex</strong></span> <span class='ocrx_word' id='word_1_195' title='bbox 1543 3205 1786 3279; x_wconf 89' lang='lat' dir='ltr'><strong>quinque</strong></span> <span class='ocrx_word' id='word_1_196' title='bbox 1825 3213 2058 3281; x_wconf 85' lang='lat' dir='ltr'><strong>panibus</strong></span> <span class='ocrx_word' id='word_1_197' title='bbox 2085 3179 2128 3238; x_wconf 64' lang='grc' dir='ltr'>α</span> 
     </span>
    </p>
   </div>
   <div class='ocr_carea' id='block_1_32' title="bbox 493 3265 2056 3373">
    <p class='ocr_par' dir='ltr' id='par_1_32' title="bbox 493 3265 2056 3373">
     <span class='ocr_line' id='line_1_32' title="bbox 493 3265 2056 3373; baseline 0.027 -53"><span class='ocrx_word' id='word_1_198' title='bbox 493 3265 817 3340; x_wconf 79' lang='lat' dir='ltr'><strong>fragmenta,</strong></span> <span class='ocrx_word' id='word_1_199' title='bbox 881 3286 936 3332; x_wconf 86' lang='lat' dir='ltr'><strong>et</strong></span> <span class='ocrx_word' id='word_1_200' title='bbox 992 3290 1050 3336; x_wconf 91' lang='lat' dir='ltr'><strong>ut</strong></span> <span class='ocrx_word' id='word_1_201' title='bbox 1099 3285 1191 3352; x_wconf 91' lang='lat' dir='ltr'><strong>qui</strong></span> <span class='ocrx_word' id='word_1_202' title='bbox 1242 3301 1352 3342; x_wconf 93' lang='lat' dir='ltr'><strong>non</strong></span> <span class='ocrx_word' id='word_1_203' title='bbox 1408 3265 1633 3350; x_wconf 73' lang='lat' dir='ltr'><strong>aderant</strong></span> <span class='ocrx_word' id='word_1_204' title='bbox 1686 3265 2056 3373; x_wconf 38' lang='lat' dir='ltr'><strong>remigestam</strong></span> 
     </span>
    </p>
   </div>
   <div class='ocr_carea' id='block_1_33' title="bbox 487 3358 2058 3452">
    <p class='ocr_par' dir='ltr' id='par_1_33' title="bbox 487 3358 2058 3452">
     <span class='ocr_line' id='line_1_33' title="bbox 487 3358 2058 3452; baseline 0.026 -39"><span class='ocrx_word' id='word_1_205' title='bbox 487 3358 831 3434; x_wconf 77' lang='lat' dir='ltr'><strong>ediscerent,</strong></span> <span class='ocrx_word' id='word_1_206' title='bbox 884 3385 954 3426; x_wconf 82' lang='lat' dir='ltr'><strong>ne</strong></span> <span class='ocrx_word' id='word_1_207' title='bbox 1007 3373 1133 3443; x_wconf 88' lang='lat' dir='ltr'><strong>quis</strong></span> <span class='ocrx_word' id='word_1_208' title='bbox 1182 3375 1238 3431; x_wconf 91' lang='lat' dir='ltr'><strong>id</strong></span> <span class='ocrx_word' id='word_1_209' title='bbox 1293 3378 1642 3449; x_wconf 87' lang='lat' dir='ltr'><strong>phantasiam</strong></span> <span class='ocrx_word' id='word_1_210' title='bbox 1691 3405 1815 3448; x_wconf 84' lang='lat' dir='ltr'><strong>esse</strong></span> <span class='ocrx_word' id='word_1_211' title='bbox 1850 3358 2058 3452; x_wconf 51' lang='lat' dir='ltr'><strong>vexisti-</strong></span> 
     </span>
    </p>
   </div>
   <div class='ocr_carea' id='block_1_34' title="bbox 491 3460 688 3508">
    <p class='ocr_par' dir='ltr' id='par_1_34' title="bbox 491 3460 688 3508">
     <span class='ocr_line' id='line_1_34' title="bbox 491 3460 688 3508; baseline 0.03 -6"><span class='ocrx_word' id='word_1_212' title='bbox 491 3460 688 3508; x_wconf 72' lang='lat' dir='ltr'><strong>marci.</strong></span> 
     </span>
    </p>
   </div>
   <div class='ocr_carea' id='block_1_35' title="bbox 559 3541 2058 3638">
    <p class='ocr_par' dir='ltr' id='par_1_35' title="bbox 559 3541 2058 3638">
     <span class='ocr_line' id='line_1_35' title="bbox 559 3541 2058 3638; baseline 0.027 -42"><span class='ocrx_word' id='word_1_213' title='bbox 559 3541 622 3608; x_wconf 81' lang='grc' dir='ltr'>ρ.</span> <span class='ocrx_word' id='word_1_214' title='bbox 659 3545 744 3601; x_wconf 79' lang='lat' dir='ltr'><strong>l9.</strong></span> <span class='ocrx_word' id='word_1_215' title='bbox 789 3565 809 3600; x_wconf 76' lang='grc' dir='ltr'><strong>ι</strong></span> <span class='ocrx_word' id='word_1_216' title='bbox 845 3548 1141 3611; x_wconf 88' lang='lat' dir='ltr'><strong>Duodecim</strong></span> <span class='ocrx_word' id='word_1_217' title='bbox 1170 3560 1436 3632; x_wconf 87' lang='lat' dir='ltr'><strong>cophinos</strong></span> <span class='ocrx_word' id='word_1_218' title='bbox 1461 3565 1529 3623; x_wconf 86' lang='grc'><strong>⁸⁷.</strong></span> <span class='ocrx_word' id='word_1_219' title='bbox 1567 3586 1588 3622; x_wconf 72' lang='grc' dir='ltr'><strong>ι</strong></span> <span class='ocrx_word' id='word_1_220' title='bbox 1631 3570 1811 3638; x_wconf 86' lang='lat' dir='ltr'><strong>Quare</strong></span> <span class='ocrx_word' id='word_1_221' title='bbox 1851 3575 2058 3635; x_wconf 86' lang='lat' dir='ltr'><strong>duode-</strong></span> 
     </span>
    </p>
   </div>
   <div class='ocr_carea' id='block_1_36' title="bbox 485 3631 1326 3714">
    <p class='ocr_par' dir='ltr' id='par_1_36' title="bbox 485 3631 1326 3714">
     <span class='ocr_line' id='line_1_36' title="bbox 485 3631 1326 3714; baseline 0.026 -30"><span class='ocrx_word' id='word_1_222' title='bbox 485 3631 594 3686; x_wconf 91' lang='lat' dir='ltr'><strong>cim</strong></span> <span class='ocrx_word' id='word_1_223' title='bbox 629 3637 892 3706; x_wconf 86' lang='lat' dir='ltr'><strong>cophinos</strong></span> <span class='ocrx_word' id='word_1_224' title='bbox 915 3643 1326 3714; x_wconf 82' lang='lat' dir='ltr'><strong>impleverunt?</strong></span> 
     </span>
    </p>
   </div>
   <div class='ocr_carea' id='block_1_37' title="bbox 555 3722 2054 3811">
    <p class='ocr_par' dir='ltr' id='par_1_37' title="bbox 555 3722 2054 3811">
     <span class='ocr_line' id='line_1_37' title="bbox 555 3722 2054 3811; baseline 0.023 -33"><span class='ocrx_word' id='word_1_225' title='bbox 555 3722 622 3780; x_wconf 83' lang='lat' dir='ltr'><strong>R.</strong></span> <span class='ocrx_word' id='word_1_226' title='bbox 655 3725 721 3782; x_wconf 89' lang='lat' dir='ltr'><strong>Ut</strong></span> <span class='ocrx_word' id='word_1_227' title='bbox 761 3741 814 3785; x_wconf 91' lang='lat' dir='ltr'><strong>et</strong></span> <span class='ocrx_word' id='word_1_228' title='bbox 849 3731 968 3804; x_wconf 88' lang='lat' dir='ltr'><strong>ipse</strong></span> <span class='ocrx_word' id='word_1_229' title='bbox 993 3733 1165 3795; x_wconf 84' lang='lat' dir='ltr'><strong>Judas</strong></span> <span class='ocrx_word' id='word_1_230' title='bbox 1194 3741 1449 3802; x_wconf 89' lang='lat' dir='ltr'><strong>deferret.</strong></span> <span class='ocrx_word' id='word_1_231' title='bbox 1481 3745 1703 3806; x_wconf 87' lang='lat' dir='ltr'><strong>Poterat</strong></span> <span class='ocrx_word' id='word_1_232' title='bbox 1733 3753 1878 3808; x_wconf 89' lang='lat' dir='ltr'><strong>enim</strong></span> <span class='ocrx_word' id='word_1_233' title='bbox 1931 3763 2054 3811; x_wconf 91' lang='lat' dir='ltr'><strong>tur-</strong></span> 
     </span>
    </p>
   </div>
   <div class='ocr_carea' id='block_1_38' title="bbox 483 3812 2053 3919">
    <p class='ocr_par' dir='ltr' id='par_1_38' title="bbox 483 3812 2053 3919">
     <span class='ocr_line' id='line_1_38' title="bbox 483 3812 2053 3919; baseline 0.023 -51"><span class='ocrx_word' id='word_1_234' title='bbox 483 3812 678 3871; x_wconf 83' lang='lat' dir='ltr'><strong>barum</strong></span> <span class='ocrx_word' id='word_1_235' title='bbox 715 3821 908 3881; x_wconf 87' lang='lat' dir='ltr'><strong>sedare</strong></span> <span class='ocrx_word' id='word_1_236' title='bbox 958 3825 1176 3887; x_wconf 83' lang='lat' dir='ltr'><strong>famem.</strong></span> <span class='ocrx_word' id='word_1_237' title='bbox 1206 3832 1277 3888; x_wconf 83' lang='lat' dir='ltr'><strong>At</strong></span> <span class='ocrx_word' id='word_1_238' title='bbox 1320 3852 1429 3892; x_wconf 90' lang='lat' dir='ltr'><strong>non</strong></span> <span class='ocrx_word' id='word_1_239' title='bbox 1478 3843 1762 3899; x_wconf 85' lang='lat' dir='ltr'><strong>novissent</strong></span> <span class='ocrx_word' id='word_1_240' title='bbox 1801 3845 2053 3919; x_wconf 89' lang='lat' dir='ltr'><strong>discipuli</strong></span> 
     </span>
    </p>
   </div>
   <div class='ocr_carea' id='block_1_39' title="bbox 482 3905 914 3980">
    <p class='ocr_par' dir='ltr' id='par_1_39' title="bbox 482 3905 914 3980">
     <span class='ocr_line' id='line_1_39' title="bbox 482 3905 914 3980; baseline 0.03 -25"><span class='ocrx_word' id='word_1_241' title='bbox 482 3905 738 3963; x_wconf 81' lang='lat' dir='ltr'><strong>virtutem</strong></span> <span class='ocrx_word' id='word_1_242' title='bbox 771 3912 914 3980; x_wconf 86' lang='lat' dir='ltr'><strong>ejus.</strong></span> 
     </span>
    </p>
   </div>
   <div class='ocr_carea' id='block_1_40' title="bbox 551 3997 2052 4087">
    <p class='ocr_par' dir='ltr' id='par_1_40' title="bbox 551 3997 2052 4087">
     <span class='ocr_line' id='line_1_40' title="bbox 551 3997 2052 4087; baseline 0.023 -35"><span class='ocrx_word' id='word_1_243' title='bbox 551 3997 616 4063; x_wconf 77' lang='grc' dir='ltr'>ρ.</span> <span class='ocrx_word' id='word_1_244' title='bbox 653 4000 745 4057; x_wconf 73' lang='grc'><strong>20.</strong></span> <span class='ocrx_word' id='word_1_245' title='bbox 769 4003 950 4070; x_wconf 84' lang='lat' dir='ltr'><strong>Quare</strong></span> <span class='ocrx_word' id='word_1_246' title='bbox 996 4025 1106 4066; x_wconf 94' lang='lat' dir='ltr'><strong>non</strong></span> <span class='ocrx_word' id='word_1_247' title='bbox 1133 4011 1331 4082; x_wconf 88' lang='lat' dir='ltr'><strong>Pilato,</strong></span> <span class='ocrx_word' id='word_1_248' title='bbox 1371 4018 1469 4074; x_wconf 81' lang='lat' dir='ltr'><strong>sed</strong></span> <span class='ocrx_word' id='word_1_249' title='bbox 1514 4024 1670 4078; x_wconf 80' lang='lat' dir='ltr'><strong>uxori</strong></span> <span class='ocrx_word' id='word_1_250' title='bbox 1726 4026 1874 4085; x_wconf 84' lang='lat' dir='ltr'><strong>illius</strong></span> <span class='ocrx_word' id='word_1_251' title='bbox 1913 4029 2052 4087; x_wconf 90' lang='lat' dir='ltr'><strong>visio</strong></span> 
     </span>
    </p>
   </div>
   <div class='ocr_carea' id='block_1_41' title="bbox 481 4083 697 4145">
    <p class='ocr_par' dir='ltr' id='par_1_41' title="bbox 481 4083 697 4145">
     <span class='ocr_line' id='line_1_41' title="bbox 481 4083 697 4145; baseline 0.032 -7"><span class='ocrx_word' id='word_1_252' title='bbox 481 4083 586 4141; x_wconf 77' lang='lat' dir='ltr'><strong>fuit</strong></span> <span class='ocrx_word' id='word_1_253' title='bbox 607 4088 697 4145; x_wconf 62' lang='lat'><strong>&#39;3?</strong></span> 
     </span>
    </p>
   </div>
   <div class='ocr_carea' id='block_1_42' title="bbox 543 4179 2049 4282">
    <p class='ocr_par' dir='ltr' id='par_1_42' title="bbox 543 4179 2049 4282">
     <span class='ocr_line' id='line_1_42' title="bbox 543 4179 2049 4282; baseline 0.024 -50"><span class='ocrx_word' id='word_1_254' title='bbox 543 4179 611 4235; x_wconf 78' lang='grc' dir='ltr'>Β.</span> <span class='ocrx_word' id='word_1_255' title='bbox 647 4181 831 4242; x_wconf 91' lang='lat' dir='ltr'><strong>Primo</strong></span> <span class='ocrx_word' id='word_1_256' title='bbox 863 4190 1084 4259; x_wconf 89' lang='lat' dir='ltr'><strong>quidem</strong></span> <span class='ocrx_word' id='word_1_257' title='bbox 1114 4195 1240 4264; x_wconf 89' lang='lat' dir='ltr'><strong>quia</strong></span> <span class='ocrx_word' id='word_1_258' title='bbox 1269 4197 1432 4268; x_wconf 79' lang='lat' dir='ltr'><strong>digna</strong></span> <span class='ocrx_word' id='word_1_259' title='bbox 1479 4211 1599 4257; x_wconf 83' lang='lat' dir='ltr'><strong>erat</strong></span> <span class='ocrx_word' id='word_1_260' title='bbox 1629 4203 1746 4274; x_wconf 90' lang='lat' dir='ltr'><strong>ipsa</strong></span> <span class='ocrx_word' id='word_1_261' title='bbox 1775 4226 1790 4274; x_wconf 90' lang='lat'><strong>;</strong></span> <span class='ocrx_word' id='word_1_262' title='bbox 1821 4224 1917 4265; x_wconf 89' lang='lat' dir='ltr'><strong>seu</strong></span> <span class='ocrx_word' id='word_1_263' title='bbox 1950 4227 2049 4282; x_wconf 89' lang='lat' dir='ltr'><strong>po-</strong></span> 
     </span>
    </p>
   </div>
   <div class='ocr_carea' id='block_1_43' title="bbox 479 4270 2050 4372">
    <p class='ocr_par' dir='ltr' id='par_1_43' title="bbox 479 4270 2050 4372">
     <span class='ocr_line' id='line_1_43' title="bbox 479 4270 2050 4372; baseline 0.025 -52"><span class='ocrx_word' id='word_1_264' title='bbox 479 4270 612 4335; x_wconf 87' lang='lat' dir='ltr'><strong>tius,</strong></span> <span class='ocrx_word' id='word_1_265' title='bbox 666 4273 794 4341; x_wconf 84' lang='lat' dir='ltr'><strong>quia</strong></span> <span class='ocrx_word' id='word_1_266' title='bbox 847 4279 892 4332; x_wconf 91' lang='lat' dir='ltr'><strong>si</strong></span> <span class='ocrx_word' id='word_1_267' title='bbox 935 4280 1162 4339; x_wconf 86' lang='lat' dir='ltr'><strong>vidisset</strong></span> <span class='ocrx_word' id='word_1_268' title='bbox 1209 4285 1319 4353; x_wconf 90' lang='lat' dir='ltr'><strong>ille,</strong></span> <span class='ocrx_word' id='word_1_269' title='bbox 1375 4270 1719 4364; x_wconf 77' lang='lat' dir='ltr'><strong>nequaquam</strong></span> <span class='ocrx_word' id='word_1_270' title='bbox 1767 4270 1846 4354; x_wconf 86' lang='lat' dir='ltr'><strong>illi</strong></span> <span class='ocrx_word' id='word_1_271' title='bbox 1899 4270 2050 4372; x_wconf 65' lang='lat' dir='ltr'><strong>teque</strong></span> 
     </span>
    </p>
   </div>
   <div class='ocr_carea' id='block_1_44' title="bbox 477 4361 2047 4463">
    <p class='ocr_par' dir='ltr' id='par_1_44' title="bbox 477 4361 2047 4463">
     <span class='ocr_line' id='line_1_44' title="bbox 477 4361 2047 4463; baseline 0.024 -49"><span class='ocrx_word' id='word_1_272' title='bbox 477 4361 614 4417; x_wconf 81' lang='lat' dir='ltr'><strong>fides</strong></span> <span class='ocrx_word' id='word_1_273' title='bbox 644 4363 830 4423; x_wconf 85' lang='lat' dir='ltr'><strong>habita</strong></span> <span class='ocrx_word' id='word_1_274' title='bbox 861 4370 1093 4429; x_wconf 82' lang='lat' dir='ltr'><strong>fuisset:</strong></span> <span class='ocrx_word' id='word_1_275' title='bbox 1122 4379 1205 4432; x_wconf 87' lang='lat' dir='ltr'><strong>vel</strong></span> <span class='ocrx_word' id='word_1_276' title='bbox 1231 4395 1339 4435; x_wconf 91' lang='lat' dir='ltr'><strong>non</strong></span> <span class='ocrx_word' id='word_1_277' title='bbox 1372 4361 1652 4442; x_wconf 81' lang='lat' dir='ltr'><strong>narrasset</strong></span> <span class='ocrx_word' id='word_1_278' title='bbox 1678 4407 1693 4455; x_wconf 90' lang='lat'><strong>;</strong></span> <span class='ocrx_word' id='word_1_279' title='bbox 1725 4361 2047 4463; x_wconf 60' lang='lat' dir='ltr'><strong>ideoqucex</strong></span> 
     </span>
    </p>
   </div>
   <div class='ocr_carea' id='block_1_45' title="bbox 1655 347 2651 424">
    <p class='ocr_par' dir='ltr' id='par_1_45' title="bbox 1655 347 2651 424">
     <span class='ocr_line' id='line_1_45' title="bbox 1655 347 2651 424; baseline 0.017 -18"><span class='ocrx_word' id='word_1_280' title='bbox 1655 347 1714 407; x_wconf 85' lang='lat' dir='ltr'><strong>S.</strong></span> <span class='ocrx_word' id='word_1_281' title='bbox 1765 352 2230 414; x_wconf 77' lang='lat' dir='ltr'><strong>ATHANASIUS.</strong></span> <span class='ocrx_word' id='word_1_282' title='bbox 2270 391 2341 402; x_wconf 93' lang='lat'><strong>--</strong></span> <span class='ocrx_word' id='word_1_283' title='bbox 2379 363 2651 424; x_wconf 78' lang='lat' dir='ltr'><strong>SPURIA.</strong></span> 
     </span>
    </p>
   </div>
   <div class='ocr_carea' id='block_1_46' title="bbox 595 451 2166 540">
    <p class='ocr_par' dir='ltr' id='par_1_46' title="bbox 595 451 2166 540">
     <span class='ocr_line' id='line_1_46' title="bbox 595 451 2166 540; baseline 0.018 -37"><span class='ocrx_word' id='word_1_284' title='bbox 595 452 661 517; x_wconf 86' lang='lat' dir='ltr'><strong>Q.</strong></span> <span class='ocrx_word' id='word_1_285' title='bbox 704 451 789 508; x_wconf 76' lang='grc' dir='ltr'><strong>ιι.</strong></span> <span class='ocrx_word' id='word_1_286' title='bbox 846 471 864 506; x_wconf 78' lang='grc' dir='ltr'><strong>ι</strong></span> <span class='ocrx_word' id='word_1_287' title='bbox 907 451 967 509; x_wconf 87' lang='lat' dir='ltr'><strong>In</strong></span> <span class='ocrx_word' id='word_1_288' title='bbox 1010 456 1282 529; x_wconf 88' lang='lat' dir='ltr'><strong>principio</strong></span> <span class='ocrx_word' id='word_1_289' title='bbox 1330 472 1448 518; x_wconf 88' lang='lat' dir='ltr'><strong>erat</strong></span> <span class='ocrx_word' id='word_1_290' title='bbox 1471 462 1710 522; x_wconf 83' lang='lat' dir='ltr'><strong>Verbum</strong></span> <span class='ocrx_word' id='word_1_291' title='bbox 1742 469 1812 526; x_wconf 79' lang='grc'>⁸¹.</span> <span class='ocrx_word' id='word_1_292' title='bbox 1843 469 2088 540; x_wconf 74' lang='grc' dir='ltr'>»ρυοι-ε,</span> <span class='ocrx_word' id='word_1_293' title='bbox 2119 480 2166 536; x_wconf 84' lang='grc' dir='ltr'><strong>Α</strong></span> 
     </span>
    </p>
   </div>
   <div class='ocr_carea' id='block_1_47' title="bbox 3668 392 3772 447">
    <p class='ocr_par' dir='ltr' id='par_1_47' title="bbox 3668 392 3772 447">
     <span class='ocr_line' id='line_1_47' title="bbox 3668 392 3772 447; baseline 0.01 -1"><span class='ocrx_word' id='word_1_294' title='bbox 3668 392 3772 447; x_wconf 65' lang='lat'><strong>705</strong></span> 
     </span>
    </p>
   </div>
   <div class='ocr_carea' id='block_1_48' title="bbox 2275 479 3772 570">
    <p class='ocr_par' dir='ltr' id='par_1_48' title="bbox 2275 479 3772 570">
     <span class='ocr_line' id='line_1_48' title="bbox 2275 479 3772 570; baseline 0.019 -40"><span class='ocrx_word' id='word_1_295' title='bbox 2275 479 2463 550; x_wconf 88' lang='grc' dir='ltr'>Ἐρὼτ.</span> <span class='ocrx_word' id='word_1_296' title='bbox 2484 481 2546 540; x_wconf 89' lang='grc' dir='ltr'><strong>δ’.</strong></span> <span class='ocrx_word' id='word_1_297' title='bbox 2571 503 2589 535; x_wconf 83' lang='grc' dir='ltr'><strong>ι</strong></span> <span class='ocrx_word' id='word_1_298' title='bbox 2611 486 2698 538; x_wconf 84' lang='grc' dir='ltr'>Ἐν</span> <span class='ocrx_word' id='word_1_299' title='bbox 2726 487 2865 560; x_wconf 84' lang='grc' dir='ltr'>ἀρχῇ</span> <span class='ocrx_word' id='word_1_300' title='bbox 2893 484 2960 562; x_wconf 73' lang='grc' dir='ltr'>ἦν</span> <span class='ocrx_word' id='word_1_301' title='bbox 2985 491 3217 562; x_wconf 73' lang='grc' dir='ltr'>ὁΛόγος.</span> <span class='ocrx_word' id='word_1_302' title='bbox 3250 513 3270 547; x_wconf 74' lang='grc' dir='ltr'><strong>ι</strong></span> <span class='ocrx_word' id='word_1_303' title='bbox 3289 495 3389 551; x_wconf 75' lang='grc' dir='ltr'><strong>Διὰ</strong></span> <span class='ocrx_word' id='word_1_304' title='bbox 3410 498 3464 552; x_wconf 87' lang='grc' dir='ltr'><strong>τί</strong></span> <span class='ocrx_word' id='word_1_305' title='bbox 3491 500 3650 570; x_wconf 70' lang='grc' dir='ltr'>ἀφεὶς</span> <span class='ocrx_word' id='word_1_306' title='bbox 3678 507 3772 560; x_wconf 83' lang='grc' dir='ltr'><strong>τὸν</strong></span> 
     </span>
    </p>
   </div>
   <div class='ocr_carea' id='block_1_49' title="bbox 2200 571 3251 652">
    <p class='ocr_par' dir='ltr' id='par_1_49' title="bbox 2200 571 3251 652">
     <span class='ocr_line' id='line_1_49' title="bbox 2200 571 3251 652; baseline 0.015 -29"><span class='ocrx_word' id='word_1_307' title='bbox 2200 571 2438 642; x_wconf 85' lang='grc' dir='ltr'><strong>Πατέρα,</strong></span> <span class='ocrx_word' id='word_1_308' title='bbox 2471 576 2597 647; x_wconf 72' lang='grc' dir='ltr'>περὶ</span> <span class='ocrx_word' id='word_1_309' title='bbox 2625 578 2720 632; x_wconf 84' lang='grc' dir='ltr'>τοῦ</span> <span class='ocrx_word' id='word_1_310' title='bbox 2757 579 2887 633; x_wconf 81' lang='grc' dir='ltr'>Υἱοῦ</span> <span class='ocrx_word' id='word_1_311' title='bbox 2917 581 3251 652; x_wconf 67' lang='grc' dir='ltr'>ειαλέγεταις</span> 
     </span>
    </p>
   </div>
   <div class='ocr_carea' id='block_1_50' title="bbox 2276 663 3769 752">
    <p class='ocr_par' dir='ltr' id='par_1_50' title="bbox 2276 663 3769 752">
     <span class='ocr_line' id='line_1_50' title="bbox 2276 663 3769 752; baseline 0.019 -39"><span class='ocrx_word' id='word_1_312' title='bbox 2276 663 2462 717; x_wconf 80' lang='grc' dir='ltr'>Ἀπόκ.</span> <span class='ocrx_word' id='word_1_313' title='bbox 2500 667 2618 720; x_wconf 82' lang='grc' dir='ltr'>’Ὁτι</span> <span class='ocrx_word' id='word_1_314' title='bbox 2654 669 2856 733; x_wconf 85' lang='grc' dir='ltr'>ἐκεῖνος</span> <span class='ocrx_word' id='word_1_315' title='bbox 2883 672 2981 741; x_wconf 79' lang='grc' dir='ltr'>μὲν</span> <span class='ocrx_word' id='word_1_316' title='bbox 3005 673 3162 744; x_wconf 85' lang='grc' dir='ltr'>δῆλος</span> <span class='ocrx_word' id='word_1_317' title='bbox 3205 676 3408 732; x_wconf 78' lang='grc' dir='ltr'>ἅπασιν</span> <span class='ocrx_word' id='word_1_318' title='bbox 3443 676 3534 752; x_wconf 81' lang='grc' dir='ltr'>ἦν,</span> <span class='ocrx_word' id='word_1_319' title='bbox 3572 684 3620 736; x_wconf 89' lang='grc' dir='ltr'><strong>εί</strong></span> <span class='ocrx_word' id='word_1_320' title='bbox 3669 686 3769 741; x_wconf 70' lang='grc' dir='ltr'>καὶ</span> 
     </span>
    </p>
   </div>
   <div class='ocr_carea' id='block_1_51' title="bbox 2197 753 3764 845">
    <p class='ocr_par' dir='ltr' id='par_1_51' title="bbox 2197 753 3764 845">
     <span class='ocr_line' id='line_1_51' title="bbox 2197 753 3764 845; baseline 0.016 -40"><span class='ocrx_word' id='word_1_321' title='bbox 2197 753 2270 825; x_wconf 84' lang='grc' dir='ltr'>μὴ</span> <span class='ocrx_word' id='word_1_322' title='bbox 2302 755 2378 820; x_wconf 85' lang='grc' dir='ltr'>ὡς</span> <span class='ocrx_word' id='word_1_323' title='bbox 2422 757 2628 831; x_wconf 76' lang='grc' dir='ltr'>Πατὴρ,</span> <span class='ocrx_word' id='word_1_324' title='bbox 2661 760 2774 814; x_wconf 84' lang='grc' dir='ltr'>ἀλλ’</span> <span class='ocrx_word' id='word_1_325' title='bbox 2805 762 2880 826; x_wconf 81' lang='grc' dir='ltr'>ὡς</span> <span class='ocrx_word' id='word_1_326' title='bbox 2910 764 3070 829; x_wconf 73' lang='grc' dir='ltr'>Θιός·</span> <span class='ocrx_word' id='word_1_327' title='bbox 3098 767 3127 818; x_wconf 83' lang='grc' dir='ltr'><strong>ὁ</strong></span> <span class='ocrx_word' id='word_1_328' title='bbox 3156 767 3212 820; x_wconf 87' lang='grc' dir='ltr'><strong>δέ</strong></span> <span class='ocrx_word' id='word_1_329' title='bbox 3249 770 3557 842; x_wconf 80' lang='grc' dir='ltr'>Μονογενὴς</span> <span class='ocrx_word' id='word_1_330' title='bbox 3599 777 3764 845; x_wconf 77' lang='grc' dir='ltr'>ἡγνο-</span> 
     </span>
    </p>
   </div>
   <div class='ocr_carea' id='block_1_52' title="bbox 2193 847 3765 937">
    <p class='ocr_par' dir='ltr' id='par_1_52' title="bbox 2193 847 3765 937">
     <span class='ocr_line' id='line_1_52' title="bbox 2193 847 3765 937; baseline 0.015 -40"><span class='ocrx_word' id='word_1_331' title='bbox 2193 847 2323 900; x_wconf 86' lang='grc' dir='ltr'>εῖτο.</span> <span class='ocrx_word' id='word_1_332' title='bbox 2357 849 2464 901; x_wconf 76' lang='grc' dir='ltr'>Καὶ</span> <span class='ocrx_word' id='word_1_333' title='bbox 2503 851 2728 915; x_wconf 81' lang='grc' dir='ltr'>είκότως</span> <span class='ocrx_word' id='word_1_334' title='bbox 2753 852 2850 923; x_wconf 79' lang='grc' dir='ltr'>τὴν</span> <span class='ocrx_word' id='word_1_335' title='bbox 2883 855 3012 926; x_wconf 75' lang='grc' dir='ltr'>περὶ</span> <span class='ocrx_word' id='word_1_336' title='bbox 3052 858 3218 911; x_wconf 80' lang='grc' dir='ltr'>αὐτοῦ</span> <span class='ocrx_word' id='word_1_337' title='bbox 3255 861 3455 928; x_wconf 78' lang='grc' dir='ltr'>γνῶσιν</span> <span class='ocrx_word' id='word_1_338' title='bbox 3488 865 3552 917; x_wconf 90' lang='grc' dir='ltr'><strong>ἐκ</strong></span> <span class='ocrx_word' id='word_1_339' title='bbox 3579 883 3765 937; x_wconf 83' lang='grc' dir='ltr'>προοι-</span> 
     </span>
    </p>
   </div>
   <div class='ocr_carea' id='block_1_53' title="bbox 2193 939 3622 1018">
    <p class='ocr_par' dir='ltr' id='par_1_53' title="bbox 2193 939 3622 1018">
     <span class='ocr_line' id='line_1_53' title="bbox 2193 939 3622 1018; baseline 0.014 -27"><span class='ocrx_word' id='word_1_340' title='bbox 2193 939 2329 1011; x_wconf 85' lang='grc' dir='ltr'>μίων</span> <span class='ocrx_word' id='word_1_341' title='bbox 2358 941 2655 996; x_wconf 76' lang='grc' dir='ltr'><strong>ἐσπούδασε</strong></span> <span class='ocrx_word' id='word_1_342' title='bbox 2687 945 2891 1012; x_wconf 81' lang='grc' dir='ltr'><strong>διδάξαι</strong></span> <span class='ocrx_word' id='word_1_343' title='bbox 2923 949 3050 1012; x_wconf 79' lang='grc' dir='ltr'>τοὺς</span> <span class='ocrx_word' id='word_1_344' title='bbox 3080 951 3178 1004; x_wconf 79' lang='grc' dir='ltr'><strong>οὐκ</strong></span> <span class='ocrx_word' id='word_1_345' title='bbox 3208 953 3412 1018; x_wconf 84' lang='grc' dir='ltr'>εἰδότας</span> <span class='ocrx_word' id='word_1_346' title='bbox 3441 957 3622 1015; x_wconf 83' lang='grc' dir='ltr'>αὐτόν.</span> 
     </span>
    </p>
   </div>
   <div class='ocr_carea' id='block_1_54' title="bbox 2273 1029 3763 1112">
    <p class='ocr_par' dir='ltr' id='par_1_54' title="bbox 2273 1029 3763 1112">
     <span class='ocr_line' id='line_1_54' title="bbox 2273 1029 3763 1112; baseline 0.016 -31"><span class='ocrx_word' id='word_1_347' title='bbox 2273 1029 2462 1101; x_wconf 82' lang='grc' dir='ltr'>Ἐρώτ.</span> <span class='ocrx_word' id='word_1_348' title='bbox 2485 1030 2564 1084; x_wconf 85' lang='grc' dir='ltr'>ιε’.</span> <span class='ocrx_word' id='word_1_349' title='bbox 2593 1051 2611 1082; x_wconf 74' lang='grc' dir='ltr'><strong>ι</strong></span> <span class='ocrx_word' id='word_1_350' title='bbox 2634 1035 2743 1087; x_wconf 76' lang='lat' dir='ltr'><strong>Ka‘t</strong></span> <span class='ocrx_word' id='word_1_351' title='bbox 2763 1037 2793 1088; x_wconf 86' lang='grc' dir='ltr'><strong>ό</strong></span> <span class='ocrx_word' id='word_1_352' title='bbox 2811 1035 2983 1106; x_wconf 86' lang='grc' dir='ltr'><strong>Λόγος</strong></span> <span class='ocrx_word' id='word_1_353' title='bbox 3007 1034 3076 1110; x_wconf 83' lang='grc' dir='ltr'>ἦν</span> <span class='ocrx_word' id='word_1_354' title='bbox 3099 1040 3236 1112; x_wconf 81' lang='grc' dir='ltr'>πρὸς</span> <span class='ocrx_word' id='word_1_355' title='bbox 3254 1040 3344 1096; x_wconf 83' lang='grc' dir='ltr'><strong>τὸν</strong></span> <span class='ocrx_word' id='word_1_356' title='bbox 3363 1043 3513 1100; x_wconf 88' lang='grc' dir='ltr'>Θεόν.</span> <span class='ocrx_word' id='word_1_357' title='bbox 3541 1065 3560 1098; x_wconf 73' lang='grc' dir='ltr'><strong>ι</strong></span> <span class='ocrx_word' id='word_1_358' title='bbox 3579 1048 3676 1104; x_wconf 81' lang='grc' dir='ltr'><strong>Διὰ</strong></span> <span class='ocrx_word' id='word_1_359' title='bbox 3709 1051 3763 1105; x_wconf 87' lang='grc' dir='ltr'><strong>τί</strong></span> 
     </span>
    </p>
   </div>
   <div class='ocr_carea' id='block_1_55' title="bbox 2187 1118 2726 1198">
    <p class='ocr_par' dir='ltr' id='par_1_55' title="bbox 2187 1118 2726 1198">
     <span class='ocr_line' id='line_1_55' title="bbox 2187 1118 2726 1198; baseline 0.015 -25"><span class='ocrx_word' id='word_1_360' title='bbox 2187 1121 2286 1174; x_wconf 88' lang='grc' dir='ltr'><strong>ούκ</strong></span> <span class='ocrx_word' id='word_1_361' title='bbox 2315 1118 2466 1178; x_wconf 78' lang='grc' dir='ltr'>εἷπεν</span> <span class='ocrx_word' id='word_1_362' title='bbox 2493 1125 2551 1177; x_wconf 85' lang='grc' dir='ltr'><strong>ἐν</strong></span> <span class='ocrx_word' id='word_1_363' title='bbox 2577 1126 2726 1198; x_wconf 85' lang='grc' dir='ltr'><strong>Θεῷ;</strong></span> 
     </span>
    </p>
   </div>
   <div class='ocr_carea' id='block_1_56' title="bbox 2271 1214 3758 1296">
    <p class='ocr_par' dir='ltr' id='par_1_56' title="bbox 2271 1214 3758 1296">
     <span class='ocr_line' id='line_1_56' title="bbox 2271 1214 3758 1296; baseline 0.012 -29"><span class='ocrx_word' id='word_1_364' title='bbox 2271 1214 2457 1270; x_wconf 84' lang='grc' dir='ltr'>Ἀπόκ.</span> <span class='ocrx_word' id='word_1_365' title='bbox 2511 1219 2731 1289; x_wconf 84' lang='grc' dir='ltr'>Πρῶτον</span> <span class='ocrx_word' id='word_1_366' title='bbox 2782 1221 2882 1291; x_wconf 80' lang='grc' dir='ltr'><strong>μὲν</strong></span> <span class='ocrx_word' id='word_1_367' title='bbox 2927 1224 3028 1296; x_wconf 79' lang='grc' dir='ltr'><strong>τὴν</strong></span> <span class='ocrx_word' id='word_1_368' title='bbox 3071 1226 3193 1280; x_wconf 88' lang='grc' dir='ltr'>καθ’</span> <span class='ocrx_word' id='word_1_369' title='bbox 3247 1229 3545 1284; x_wconf 79' lang='grc' dir='ltr'><strong>ὑπόστασιν</strong></span> <span class='ocrx_word' id='word_1_370' title='bbox 3591 1231 3758 1286; x_wconf 78' lang='grc' dir='ltr'>αὐτοῦ</span> 
     </span>
    </p>
   </div>
   <div class='ocr_carea' id='block_1_57' title="bbox 2185 1304 3758 1395">
    <p class='ocr_par' dir='ltr' id='par_1_57' title="bbox 2185 1304 3758 1395">
     <span class='ocr_line' id='line_1_57' title="bbox 2185 1304 3758 1395; baseline 0.014 -39"><span class='ocrx_word' id='word_1_371' title='bbox 2185 1304 2460 1376; x_wconf 81' lang='grc' dir='ltr'>ἁῖδιότητα</span> <span class='ocrx_word' id='word_1_372' title='bbox 2488 1309 2764 1378; x_wconf 81' lang='grc' dir='ltr'><strong>ἐμφαίνων</strong></span> <span class='ocrx_word' id='word_1_373' title='bbox 2791 1315 2922 1384; x_wconf 76' lang='grc' dir='ltr'>ἡμῖν</span> <span class='ocrx_word' id='word_1_374' title='bbox 2939 1331 2954 1346; x_wconf 77' lang='grc' dir='ltr'><strong>ο</strong></span> <span class='ocrx_word' id='word_1_375' title='bbox 2986 1311 3102 1371; x_wconf 80' lang='grc' dir='ltr'>εἶτα</span> <span class='ocrx_word' id='word_1_376' title='bbox 3136 1319 3230 1371; x_wconf 80' lang='grc' dir='ltr'><strong>καὶ</strong></span> <span class='ocrx_word' id='word_1_377' title='bbox 3257 1321 3588 1393; x_wconf 80' lang='grc' dir='ltr'>σαφέστερον</span> <span class='ocrx_word' id='word_1_378' title='bbox 3610 1322 3758 1395; x_wconf 84' lang='grc' dir='ltr'>αύτῷ</span> 
     </span>
    </p>
   </div>
   <div class='ocr_carea' id='block_1_58' title="bbox 2185 1396 3756 1484">
    <p class='ocr_par' dir='ltr' id='par_1_58' title="bbox 2185 1396 3756 1484">
     <span class='ocr_line' id='line_1_58' title="bbox 2185 1396 3756 1484; baseline 0.016 -38"><span class='ocrx_word' id='word_1_379' title='bbox 2185 1396 2407 1466; x_wconf 80' lang='grc' dir='ltr'>προῖὼν,</span> <span class='ocrx_word' id='word_1_380' title='bbox 2457 1400 2799 1472; x_wconf 65' lang='grc' dir='ltr'>ἀπεκάλυψεν</span> <span class='ocrx_word' id='word_1_381' title='bbox 2840 1407 3168 1476; x_wconf 82' lang='grc' dir='ltr'>ἐπαγαγὼν,</span> <span class='ocrx_word' id='word_1_382' title='bbox 3211 1413 3292 1466; x_wconf 79' lang='grc' dir='ltr'><strong>ὅτι</strong></span> <span class='ocrx_word' id='word_1_383' title='bbox 3321 1413 3348 1465; x_wconf 85' lang='grc' dir='ltr'>ὁ</span> <span class='ocrx_word' id='word_1_384' title='bbox 3389 1413 3560 1484; x_wconf 80' lang='grc' dir='ltr'><strong>Λόγος</strong></span> <span class='ocrx_word' id='word_1_385' title='bbox 3599 1409 3756 1482; x_wconf 73' lang='grc' dir='ltr'>οὗτος</span> 
     </span>
    </p>
   </div>
   <div class='ocr_carea' id='block_1_59' title="bbox 2183 1487 3752 1576">
    <p class='ocr_par' dir='ltr' id='par_1_59' title="bbox 2183 1487 3752 1576">
     <span class='ocr_line' id='line_1_59' title="bbox 2183 1487 3752 1576; baseline 0.015 -38"><span class='ocrx_word' id='word_1_386' title='bbox 2183 1488 2277 1540; x_wconf 78' lang='grc' dir='ltr'>καὶ</span> <span class='ocrx_word' id='word_1_387' title='bbox 2322 1488 2452 1554; x_wconf 84' lang='grc' dir='ltr'>Θεὸς</span> <span class='ocrx_word' id='word_1_388' title='bbox 2497 1487 2585 1562; x_wconf 81' lang='grc' dir='ltr'>ἦν.</span> <span class='ocrx_word' id='word_1_389' title='bbox 2624 1510 2643 1544; x_wconf 73' lang='grc' dir='ltr'><strong>ι</strong></span> <span class='ocrx_word' id='word_1_390' title='bbox 2701 1495 2789 1547; x_wconf 89' lang='grc' dir='ltr'>Ἐν</span> <span class='ocrx_word' id='word_1_391' title='bbox 2831 1495 2911 1567; x_wconf 80' lang='grc' dir='ltr'><strong>τῷ</strong></span> <span class='ocrx_word' id='word_1_392' title='bbox 2952 1499 3139 1570; x_wconf 85' lang='grc' dir='ltr'>κόσμῳ</span> <span class='ocrx_word' id='word_1_393' title='bbox 3181 1496 3284 1572; x_wconf 79' lang='grc' dir='ltr'><strong>ἦν·</strong></span> <span class='ocrx_word' id='word_1_394' title='bbox 3345 1523 3363 1555; x_wconf 76' lang='grc' dir='ltr'><strong>ι</strong></span> <span class='ocrx_word' id='word_1_395' title='bbox 3399 1505 3496 1576; x_wconf 81' lang='grc' dir='ltr'>οὐχ</span> <span class='ocrx_word' id='word_1_396' title='bbox 3544 1506 3621 1572; x_wconf 82' lang='grc' dir='ltr'>ὡς</span> <span class='ocrx_word' id='word_1_397' title='bbox 3659 1507 3752 1562; x_wconf 79' lang='grc' dir='ltr'>τοῦ</span> 
     </span>
    </p>
   </div>
   <div class='ocr_carea' id='block_1_60' title="bbox 2184 1579 3752 1664">
    <p class='ocr_par' dir='ltr' id='par_1_60' title="bbox 2184 1579 3752 1664">
     <span class='ocr_line' id='line_1_60' title="bbox 2184 1579 3752 1664; baseline 0.015 -35"><span class='ocrx_word' id='word_1_398' title='bbox 2184 1579 2389 1650; x_wconf 84' lang='grc' dir='ltr'><strong>κόσμου</strong></span> <span class='ocrx_word' id='word_1_399' title='bbox 2424 1581 2735 1653; x_wconf 81' lang='grc' dir='ltr'>σύγχρονος.</span> <span class='ocrx_word' id='word_1_400' title='bbox 2765 1587 2862 1641; x_wconf 81' lang='grc' dir='ltr'><strong>Διά</strong></span> <span class='ocrx_word' id='word_1_401' title='bbox 2893 1587 3001 1658; x_wconf 87' lang='grc' dir='ltr'>γὰρ</span> <span class='ocrx_word' id='word_1_402' title='bbox 3027 1589 3184 1642; x_wconf 74' lang='grc' dir='ltr'>τοῦτο</span> <span class='ocrx_word' id='word_1_403' title='bbox 3212 1591 3457 1664; x_wconf 83' lang='grc' dir='ltr'>ἐπήγαγε</span> <span class='ocrx_word' id='word_1_404' title='bbox 3478 1610 3492 1625; x_wconf 78' lang='grc'><strong>⁸</strong></span> <span class='ocrx_word' id='word_1_405' title='bbox 3529 1615 3548 1648; x_wconf 75' lang='grc' dir='ltr'><strong>ι</strong></span> <span class='ocrx_word' id='word_1_406' title='bbox 3588 1598 3697 1652; x_wconf 80' lang='grc' dir='ltr'><strong>Καὶ</strong></span> <span class='ocrx_word' id='word_1_407' title='bbox 3723 1600 3752 1652; x_wconf 81' lang='grc' dir='ltr'><strong>ό</strong></span> 
     </span>
    </p>
   </div>
   <div class='ocr_carea' id='block_1_61' title="bbox 2181 1671 3008 1746">
    <p class='ocr_par' dir='ltr' id='par_1_61' title="bbox 2181 1671 3008 1746">
     <span class='ocr_line' id='line_1_61' title="bbox 2181 1671 3008 1746; baseline 0.011 -23"><span class='ocrx_word' id='word_1_408' title='bbox 2181 1671 2383 1741; x_wconf 86' lang='grc' dir='ltr'>κόσμος</span> <span class='ocrx_word' id='word_1_409' title='bbox 2407 1673 2475 1727; x_wconf 79' lang='grc' dir='ltr'>δι’</span> <span class='ocrx_word' id='word_1_410' title='bbox 2518 1676 2680 1730; x_wconf 77' lang='grc' dir='ltr'>αὑτοῦ</span> <span class='ocrx_word' id='word_1_411' title='bbox 2715 1679 2948 1746; x_wconf 78' lang='grc' dir='ltr'>ἐγένετο.</span> <span class='ocrx_word' id='word_1_412' title='bbox 2989 1699 3008 1732; x_wconf 75' lang='grc' dir='ltr'><strong>ι</strong></span> 
     </span>
    </p>
   </div>
   <div class='ocr_carea' id='block_1_62' title="bbox 2266 1764 3751 1850">
    <p class='ocr_par' dir='ltr' id='par_1_62' title="bbox 2266 1764 3751 1850">
     <span class='ocr_line' id='line_1_62' title="bbox 2266 1764 3751 1850; baseline 0.014 -34"><span class='ocrx_word' id='word_1_413' title='bbox 2266 1764 2455 1836; x_wconf 89' lang='grc' dir='ltr'>Ἐρώτ.</span> <span class='ocrx_word' id='word_1_414' title='bbox 2482 1774 2574 1832; x_wconf 80' lang='grc' dir='ltr'>ις’.</span> <span class='ocrx_word' id='word_1_415' title='bbox 2602 1787 2620 1819; x_wconf 78' lang='grc' dir='ltr'><strong>ι</strong></span> <span class='ocrx_word' id='word_1_416' title='bbox 2645 1769 2752 1823; x_wconf 79' lang='grc' dir='ltr'><strong>Καὶ</strong></span> <span class='ocrx_word' id='word_1_417' title='bbox 2772 1771 3080 1842; x_wconf 70' lang='grc' dir='ltr'>ἀναὸλέψας</span> <span class='ocrx_word' id='word_1_418' title='bbox 3111 1775 3190 1838; x_wconf 88' lang='grc' dir='ltr'><strong>είς</strong></span> <span class='ocrx_word' id='word_1_419' title='bbox 3210 1776 3335 1841; x_wconf 82' lang='grc' dir='ltr'>τοὺς</span> <span class='ocrx_word' id='word_1_420' title='bbox 3355 1777 3630 1850; x_wconf 80' lang='grc' dir='ltr'>οὐρανοὺς,</span> <span class='ocrx_word' id='word_1_421' title='bbox 3659 1783 3751 1836; x_wconf 86' lang='grc' dir='ltr'>εύ-</span> 
     </span>
    </p>
   </div>
   <div class='ocr_carea' id='block_1_63' title="bbox 2176 1852 3748 1938">
    <p class='ocr_par' dir='ltr' id='par_1_63' title="bbox 2176 1852 3748 1938">
     <span class='ocr_line' id='line_1_63' title="bbox 2176 1852 3748 1938; baseline 0.014 -32"><span class='ocrx_word' id='word_1_422' title='bbox 2176 1852 2374 1926; x_wconf 84' lang='grc' dir='ltr'>λόγησε</span> <span class='ocrx_word' id='word_1_423' title='bbox 2395 1858 2531 1922; x_wconf 67' lang='grc' dir='ltr'>ποὺς</span> <span class='ocrx_word' id='word_1_424' title='bbox 2556 1860 2771 1931; x_wconf 82' lang='grc' dir='ltr'><strong>ἄρτους.</strong></span> <span class='ocrx_word' id='word_1_425' title='bbox 2793 1880 2813 1916; x_wconf 73' lang='grc' dir='ltr'><strong>ι</strong></span> <span class='ocrx_word' id='word_1_426' title='bbox 2835 1862 2934 1917; x_wconf 86' lang='grc' dir='ltr'><strong>Διὰ</strong></span> <span class='ocrx_word' id='word_1_427' title='bbox 2963 1865 3015 1918; x_wconf 89' lang='grc' dir='ltr'><strong>τί</strong></span> <span class='ocrx_word' id='word_1_428' title='bbox 3042 1865 3320 1938; x_wconf 72' lang='grc' dir='ltr'>ἀνέϐλεψε,</span> <span class='ocrx_word' id='word_1_429' title='bbox 3342 1871 3434 1924; x_wconf 71' lang='grc' dir='ltr'><strong>καὶ</strong></span> <span class='ocrx_word' id='word_1_430' title='bbox 3456 1871 3626 1938; x_wconf 80' lang='grc' dir='ltr'>οὕτως</span> <span class='ocrx_word' id='word_1_431' title='bbox 3655 1876 3748 1928; x_wconf 81' lang='grc' dir='ltr'>εύ-</span> 
     </span>
    </p>
   </div>
   <div class='ocr_carea' id='block_1_64' title="bbox 2176 1945 2437 2017">
    <p class='ocr_par' dir='ltr' id='par_1_64' title="bbox 2176 1945 2437 2017">
     <span class='ocr_line' id='line_1_64' title="bbox 2176 1945 2437 2017; baseline 0.008 -18"><span class='ocrx_word' id='word_1_432' title='bbox 2176 1945 2402 2017; x_wconf 85' lang='grc' dir='ltr'>λόγησεν</span> <span class='ocrx_word' id='word_1_433' title='bbox 2423 1965 2437 2015; x_wconf 91' lang='grc'><strong>;</strong></span> 
     </span>
    </p>
   </div>
   <div class='ocr_carea' id='block_1_65' title="bbox 2257 2037 3745 2126">
    <p class='ocr_par' dir='ltr' id='par_1_65' title="bbox 2257 2037 3745 2126">
     <span class='ocr_line' id='line_1_65' title="bbox 2257 2037 3745 2126; baseline 0.013 -36"><span class='ocrx_word' id='word_1_434' title='bbox 2257 2037 2445 2093; x_wconf 86' lang='grc' dir='ltr'>Ἀπόκ.</span> <span class='ocrx_word' id='word_1_435' title='bbox 2473 2040 2694 2113; x_wconf 86' lang='grc' dir='ltr'>Πρῶτον</span> <span class='ocrx_word' id='word_1_436' title='bbox 2725 2043 2823 2116; x_wconf 76' lang='grc' dir='ltr'>μὲν</span> <span class='ocrx_word' id='word_1_437' title='bbox 2853 2045 2940 2100; x_wconf 80' lang='grc' dir='ltr'><strong>ἵνα</strong></span> <span class='ocrx_word' id='word_1_438' title='bbox 2973 2048 3141 2123; x_wconf 80' lang='grc' dir='ltr'>δείξῃ,</span> <span class='ocrx_word' id='word_1_439' title='bbox 3166 2050 3248 2106; x_wconf 80' lang='grc' dir='ltr'>ὅτι</span> <span class='ocrx_word' id='word_1_440' title='bbox 3275 2052 3384 2107; x_wconf 79' lang='grc' dir='ltr'><strong>ἀπὸ</strong></span> <span class='ocrx_word' id='word_1_441' title='bbox 3406 2053 3497 2107; x_wconf 80' lang='grc' dir='ltr'>τοῦ</span> <span class='ocrx_word' id='word_1_442' title='bbox 3527 2055 3745 2126; x_wconf 79' lang='grc' dir='ltr'><strong>Πατρός</strong></span> 
     </span>
    </p>
   </div>
   <div class='ocr_carea' id='block_1_66' title="bbox 2175 2126 3748 2216">
    <p class='ocr_par' dir='ltr' id='par_1_66' title="bbox 2175 2126 3748 2216">
     <span class='ocr_line' id='line_1_66' title="bbox 2175 2126 3748 2216; baseline 0.014 -38"><span class='ocrx_word' id='word_1_443' title='bbox 2175 2126 2290 2180; x_wconf 88' lang='grc' dir='ltr'>ἐστι</span> <span class='ocrx_word' id='word_1_444' title='bbox 2310 2145 2324 2158; x_wconf 75' lang='grc' dir='ltr'><strong><em>ο</em></strong></span> <span class='ocrx_word' id='word_1_445' title='bbox 2348 2129 2596 2205; x_wconf 88' lang='grc' dir='ltr'>δεύτερον</span> <span class='ocrx_word' id='word_1_446' title='bbox 2616 2133 2672 2187; x_wconf 88' lang='grc' dir='ltr'><strong>δέ</strong></span> <span class='ocrx_word' id='word_1_447' title='bbox 2703 2135 2968 2192; x_wconf 85' lang='grc' dir='ltr'>παιδεύων</span> <span class='ocrx_word' id='word_1_448' title='bbox 2997 2141 3160 2211; x_wconf 74' lang='grc' dir='ltr'>ἡμᾶς,</span> <span class='ocrx_word' id='word_1_449' title='bbox 3187 2143 3260 2214; x_wconf 82' lang='grc' dir='ltr'>μὴ</span> <span class='ocrx_word' id='word_1_450' title='bbox 3294 2143 3553 2216; x_wconf 84' lang='grc' dir='ltr'>πρότερον</span> <span class='ocrx_word' id='word_1_451' title='bbox 3579 2144 3748 2199; x_wconf 79' lang='grc' dir='ltr'>ἄπτε-</span> 
     </span>
    </p>
   </div>
   <div class='ocr_carea' id='block_1_67' title="bbox 2176 2218 3744 2310">
    <p class='ocr_par' dir='ltr' id='par_1_67' title="bbox 2176 2218 3744 2310">
     <span class='ocr_line' id='line_1_67' title="bbox 2176 2218 3744 2310; baseline 0.014 -40"><span class='ocrx_word' id='word_1_452' title='bbox 2176 2218 2297 2273; x_wconf 87' lang='grc' dir='ltr'>σθαι</span> <span class='ocrx_word' id='word_1_453' title='bbox 2327 2221 2602 2294; x_wconf 77' lang='grc' dir='ltr'><strong>τραπέζης</strong></span> <span class='ocrx_word' id='word_1_454' title='bbox 2625 2225 2732 2290; x_wconf 72' lang='grc' dir='ltr'>ἕως</span> <span class='ocrx_word' id='word_1_455' title='bbox 2765 2227 2832 2282; x_wconf 80' lang='grc' dir='ltr'><strong>ἂν</strong></span> <span class='ocrx_word' id='word_1_456' title='bbox 2863 2231 3347 2306; x_wconf 81' lang='grc' dir='ltr'>εύχαριστήσωμεν</span> <span class='ocrx_word' id='word_1_457' title='bbox 3378 2235 3456 2307; x_wconf 81' lang='grc' dir='ltr'>τῷ</span> <span class='ocrx_word' id='word_1_458' title='bbox 3490 2236 3589 2307; x_wconf 78' lang='grc' dir='ltr'>τὴν</span> <span class='ocrx_word' id='word_1_459' title='bbox 3616 2255 3744 2310; x_wconf 89' lang='grc' dir='ltr'>τρο-</span> 
     </span>
    </p>
   </div>
   <div class='ocr_carea' id='block_1_68' title="bbox 2174 2309 3290 2386">
    <p class='ocr_par' dir='ltr' id='par_1_68' title="bbox 2174 2309 3290 2386">
     <span class='ocr_line' id='line_1_68' title="bbox 2174 2309 3290 2386; baseline 0.019 -25"><span class='ocrx_word' id='word_1_460' title='bbox 2174 2309 2280 2381; x_wconf 76' lang='grc' dir='ltr'><strong>φὴν</strong></span> <span class='ocrx_word' id='word_1_461' title='bbox 2299 2313 2430 2382; x_wconf 84' lang='grc' dir='ltr'>ἡμῖν</span> <span class='ocrx_word' id='word_1_462' title='bbox 2461 2315 2771 2386; x_wconf 88' lang='grc' dir='ltr'>παρέχοντι.</span> <span class='ocrx_word' id='word_1_463' title='bbox 3282 2313 3290 2324; x_wconf 75' lang='grc'><em>’</em></span> 
     </span>
    </p>
   </div>
   <div class='ocr_carea' id='block_1_69' title="bbox 2255 2400 3741 2490">
    <p class='ocr_par' dir='ltr' id='par_1_69' title="bbox 2255 2400 3741 2490">
     <span class='ocr_line' id='line_1_69' title="bbox 2255 2400 3741 2490; baseline 0.013 -38"><span class='ocrx_word' id='word_1_464' title='bbox 2255 2400 2442 2472; x_wconf 87' lang='grc' dir='ltr'>Ἐρώτ.</span> <span class='ocrx_word' id='word_1_465' title='bbox 2474 2401 2559 2466; x_wconf 78' lang='grc' dir='ltr'>ιζ’.</span> <span class='ocrx_word' id='word_1_466' title='bbox 2585 2405 2684 2458; x_wconf 85' lang='grc' dir='ltr'><strong>Διὰ</strong></span> <span class='ocrx_word' id='word_1_467' title='bbox 2712 2407 2764 2461; x_wconf 89' lang='grc' dir='ltr'><strong>τί</strong></span> <span class='ocrx_word' id='word_1_468' title='bbox 2809 2410 2867 2464; x_wconf 84' lang='grc' dir='ltr'><strong>ἐν</strong></span> <span class='ocrx_word' id='word_1_469' title='bbox 2905 2412 3095 2484; x_wconf 80' lang='grc' dir='ltr'><strong>ἐρήμῳ</strong></span> <span class='ocrx_word' id='word_1_470' title='bbox 3122 2413 3183 2466; x_wconf 83' lang='grc' dir='ltr'>τὸ</span> <span class='ocrx_word' id='word_1_471' title='bbox 3218 2413 3324 2468; x_wconf 86' lang='grc' dir='ltr'><strong>τῶν</strong></span> <span class='ocrx_word' id='word_1_472' title='bbox 3349 2414 3526 2487; x_wconf 85' lang='grc' dir='ltr'>ἄρτων</span> <span class='ocrx_word' id='word_1_473' title='bbox 3559 2416 3741 2490; x_wconf 81' lang='grc' dir='ltr'>θαῦμα</span> 
     </span>
    </p>
   </div>
   <div class='ocr_carea' id='block_1_70' title="bbox 2172 2494 3220 2575">
    <p class='ocr_par' dir='ltr' id='par_1_70' title="bbox 2172 2494 3220 2575">
     <span class='ocr_line' id='line_1_70' title="bbox 2172 2494 3220 2575; baseline 0.015 -33"><span class='ocrx_word' id='word_1_474' title='bbox 2172 2495 2332 2553; x_wconf 83' lang='grc' dir='ltr'>ποιεῖ,</span> <span class='ocrx_word' id='word_1_475' title='bbox 2367 2494 2461 2554; x_wconf 75' lang='grc' dir='ltr'><strong>καὶ</strong></span> <span class='ocrx_word' id='word_1_476' title='bbox 2501 2500 2968 2570; x_wconf 80' lang='grc' dir='ltr'>πεντακισχιλίους</span> <span class='ocrx_word' id='word_1_477' title='bbox 3005 2503 3220 2575; x_wconf 77' lang='grc' dir='ltr'>τρέφει;</span> 
     </span>
    </p>
   </div>
   <div class='ocr_carea' id='block_1_71' title="bbox 2254 2585 3740 2672">
    <p class='ocr_par' dir='ltr' id='par_1_71' title="bbox 2254 2585 3740 2672">
     <span class='ocr_line' id='line_1_71' title="bbox 2254 2585 3740 2672; baseline 0.012 -35"><span class='ocrx_word' id='word_1_478' title='bbox 2254 2585 2441 2640; x_wconf 86' lang='grc' dir='ltr'>Ἀπόκ.</span> <span class='ocrx_word' id='word_1_479' title='bbox 2479 2587 2594 2641; x_wconf 89' lang='grc' dir='ltr'><strong>Ἵνα</strong></span> <span class='ocrx_word' id='word_1_480' title='bbox 2635 2589 2754 2660; x_wconf 87' lang='grc' dir='ltr'>μεθ’</span> <span class='ocrx_word' id='word_1_481' title='bbox 2783 2591 3088 2664; x_wconf 78' lang='grc' dir='ltr'>ὑπερόολῆς</span> <span class='ocrx_word' id='word_1_482' title='bbox 3110 2595 3420 2652; x_wconf 84' lang='grc' dir='ltr'>ἀνύποπτον</span> <span class='ocrx_word' id='word_1_483' title='bbox 3444 2599 3658 2672; x_wconf 80' lang='grc' dir='ltr'>ὑπάρξῃ</span> <span class='ocrx_word' id='word_1_484' title='bbox 3679 2600 3740 2654; x_wconf 81' lang='grc' dir='ltr'>τὸ</span> 
     </span>
    </p>
   </div>
   <div class='ocr_carea' id='block_1_72' title="bbox 2172 2674 3736 2764">
    <p class='ocr_par' dir='ltr' id='par_1_72' title="bbox 2172 2674 3736 2764">
     <span class='ocr_line' id='line_1_72' title="bbox 2172 2674 3736 2764; baseline 0.011 -37"><span class='ocrx_word' id='word_1_485' title='bbox 2172 2674 2379 2747; x_wconf 79' lang='grc' dir='ltr'>θαῦμα,</span> <span class='ocrx_word' id='word_1_486' title='bbox 2415 2679 2506 2731; x_wconf 79' lang='grc' dir='ltr'><strong>καὶ</strong></span> <span class='ocrx_word' id='word_1_487' title='bbox 2549 2680 2736 2751; x_wconf 77' lang='grc' dir='ltr'>μηδεὶς</span> <span class='ocrx_word' id='word_1_488' title='bbox 2765 2684 2964 2758; x_wconf 80' lang='grc' dir='ltr'>νομίσῃ</span> <span class='ocrx_word' id='word_1_489' title='bbox 2999 2687 3223 2760; x_wconf 75' lang='grc' dir='ltr'>πλησίον</span> <span class='ocrx_word' id='word_1_490' title='bbox 3254 2689 3446 2762; x_wconf 85' lang='grc' dir='ltr'>κώμην</span> <span class='ocrx_word' id='word_1_491' title='bbox 3477 2693 3736 2764; x_wconf 80' lang='grc' dir='ltr'>κειμένην</span> 
     </span>
    </p>
   </div>
   <div class='ocr_carea' id='block_1_73' title="bbox 2169 2769 3125 2847">
    <p class='ocr_par' dir='ltr' id='par_1_73' title="bbox 2169 2769 3125 2847">
     <span class='ocr_line' id='line_1_73' title="bbox 2169 2769 3125 2847; baseline 0.016 -29"><span class='ocrx_word' id='word_1_492' title='bbox 2169 2769 2491 2836; x_wconf 76' lang='grc' dir='ltr'>εἰσενεγκεῖν</span> <span class='ocrx_word' id='word_1_493' title='bbox 2522 2788 2573 2824; x_wconf 89' lang='grc' dir='ltr'><strong>τι</strong></span> <span class='ocrx_word' id='word_1_494' title='bbox 2605 2772 2685 2835; x_wconf 87' lang='grc' dir='ltr'><strong>είς</strong></span> <span class='ocrx_word' id='word_1_495' title='bbox 2705 2773 2802 2846; x_wconf 74' lang='grc' dir='ltr'>τὴν</span> <span class='ocrx_word' id='word_1_496' title='bbox 2827 2777 3125 2847; x_wconf 81' lang='grc' dir='ltr'>τράπεζαν.</span> 
     </span>
    </p>
   </div>
   <div class='ocr_carea' id='block_1_74' title="bbox 2249 2942 3737 3027">
    <p class='ocr_par' dir='ltr' id='par_1_74' title="bbox 2249 2942 3737 3027">
     <span class='ocr_line' id='line_1_74' title="bbox 2249 2942 3737 3027; baseline 0.011 -32"><span class='ocrx_word' id='word_1_497' title='bbox 2249 2942 2435 3014; x_wconf 83' lang='grc' dir='ltr'>Ἐρώτ.</span> <span class='ocrx_word' id='word_1_498' title='bbox 2452 2952 2540 3017; x_wconf 87' lang='grc' dir='ltr'>ιη’.</span> <span class='ocrx_word' id='word_1_499' title='bbox 2557 2946 2666 3001; x_wconf 68' lang='grc' dir='ltr'>Καὶ</span> <span class='ocrx_word' id='word_1_500' title='bbox 2682 2943 2819 3023; x_wconf 89' lang='grc' dir='ltr'>ραν</span> <span class='ocrx_word' id='word_1_501' title='bbox 2836 2950 2899 3004; x_wconf 87' lang='grc' dir='ltr'><strong>ἐκ</strong></span> <span class='ocrx_word' id='word_1_502' title='bbox 2913 2952 3020 3007; x_wconf 84' lang='grc' dir='ltr'>τῶν</span> <span class='ocrx_word' id='word_1_503' title='bbox 3039 2970 3292 3026; x_wconf 76' lang='grc' dir='ltr'>περισσευ</span> <span class='ocrx_word' id='word_1_504' title='bbox 3301 2955 3484 3025; x_wconf 83' lang='grc' dir='ltr'>μάτων</span> <span class='ocrx_word' id='word_1_505' title='bbox 3501 2955 3737 3027; x_wconf 85' lang='grc' dir='ltr'>κλασμά-</span> 
     </span>
    </p>
   </div>
   <div class='ocr_carea' id='block_1_75' title="bbox 2164 3035 3736 3121">
    <p class='ocr_par' dir='ltr' id='par_1_75' title="bbox 2164 3035 3736 3121">
     <span class='ocr_line' id='line_1_75' title="bbox 2164 3035 3736 3121; baseline 0.01 -35"><span class='ocrx_word' id='word_1_506' title='bbox 2164 3050 2293 3088; x_wconf 84' lang='grc' dir='ltr'>των.</span> <span class='ocrx_word' id='word_1_507' title='bbox 2343 3035 2441 3090; x_wconf 78' lang='grc' dir='ltr'><strong>Διὰ</strong></span> <span class='ocrx_word' id='word_1_508' title='bbox 2489 3038 2544 3090; x_wconf 88' lang='grc' dir='ltr'><strong>τί</strong></span> <span class='ocrx_word' id='word_1_509' title='bbox 2580 3039 2678 3112; x_wconf 78' lang='grc' dir='ltr'><strong>οὐχ</strong></span> <span class='ocrx_word' id='word_1_510' title='bbox 2723 3041 3007 3116; x_wconf 87' lang='grc' dir='ltr'>ὁλόκληροι</span> <span class='ocrx_word' id='word_1_511' title='bbox 3049 3044 3223 3120; x_wconf 78' lang='grc' dir='ltr'>ἄρτοι,</span> <span class='ocrx_word' id='word_1_512' title='bbox 3267 3047 3401 3100; x_wconf 83' lang='grc' dir='ltr'>ἀλλὰ</span> <span class='ocrx_word' id='word_1_513' title='bbox 3445 3048 3736 3121; x_wconf 81' lang='grc' dir='ltr'>κλάσματα</span> 
     </span>
    </p>
   </div>
   <div class='ocr_carea' id='block_1_76' title="bbox 2165 3124 2578 3196">
    <p class='ocr_par' dir='ltr' id='par_1_76' title="bbox 2165 3124 2578 3196">
     <span class='ocr_line' id='line_1_76' title="bbox 2165 3124 2578 3196; baseline 0.017 -20"><span class='ocrx_word' id='word_1_514' title='bbox 2165 3124 2578 3196; x_wconf 84' lang='grc' dir='ltr'>ἐπερίσσευσαν.</span> 
     </span>
    </p>
   </div>
   <div class='ocr_carea' id='block_1_77' title="bbox 2247 3218 3733 3303">
    <p class='ocr_par' dir='ltr' id='par_1_77' title="bbox 2247 3218 3733 3303">
     <span class='ocr_line' id='line_1_77' title="bbox 2247 3218 3733 3303; baseline 0.012 -33"><span class='ocrx_word' id='word_1_515' title='bbox 2247 3218 2435 3274; x_wconf 86' lang='grc' dir='ltr'>Ἀπόκ.</span> <span class='ocrx_word' id='word_1_516' title='bbox 2466 3223 2581 3276; x_wconf 86' lang='grc' dir='ltr'>Ἵνα</span> <span class='ocrx_word' id='word_1_517' title='bbox 2609 3223 2895 3298; x_wconf 81' lang='grc' dir='ltr'>δείξῃ,’ὅτι</span> <span class='ocrx_word' id='word_1_518' title='bbox 2914 3227 3022 3282; x_wconf 82' lang='grc' dir='ltr'>τῶν</span> <span class='ocrx_word' id='word_1_519' title='bbox 3040 3229 3196 3282; x_wconf 80' lang='grc' dir='ltr'>πέντε</span> <span class='ocrx_word' id='word_1_520' title='bbox 3231 3231 3408 3303; x_wconf 85' lang='grc' dir='ltr'>ἄρτων</span> <span class='ocrx_word' id='word_1_521' title='bbox 3429 3233 3536 3286; x_wconf 71' lang='grc' dir='ltr'>είσὶ</span> <span class='ocrx_word' id='word_1_522' title='bbox 3561 3233 3733 3287; x_wconf 82' lang='grc' dir='ltr'>ταῦτα</span> 
     </span>
    </p>
   </div>
   <div class='ocr_carea' id='block_1_78' title="bbox 2161 3308 3731 3392">
    <p class='ocr_par' dir='ltr' id='par_1_78' title="bbox 2161 3308 3731 3392">
     <span class='ocr_line' id='line_1_78' title="bbox 2161 3308 3731 3392; baseline 0.01 -31"><span class='ocrx_word' id='word_1_523' title='bbox 2161 3308 2476 3381; x_wconf 83' lang='grc' dir='ltr'>πλάσματα,</span> <span class='ocrx_word' id='word_1_524' title='bbox 2536 3316 2632 3368; x_wconf 70' lang='grc' dir='ltr'><strong>καὶ</strong></span> <span class='ocrx_word' id='word_1_525' title='bbox 2670 3314 2810 3370; x_wconf 83' lang='grc' dir='ltr'>ὥστε</span> <span class='ocrx_word' id='word_1_526' title='bbox 2839 3320 2963 3382; x_wconf 85' lang='grc' dir='ltr'>τοὺς</span> <span class='ocrx_word' id='word_1_527' title='bbox 3001 3320 3236 3384; x_wconf 82' lang='grc' dir='ltr'>ἀπόντας</span> <span class='ocrx_word' id='word_1_528' title='bbox 3269 3322 3458 3392; x_wconf 84' lang='grc' dir='ltr'>μαθεῖν</span> <span class='ocrx_word' id='word_1_529' title='bbox 3481 3323 3541 3376; x_wconf 84' lang='grc' dir='ltr'><strong>τὸ</strong></span> <span class='ocrx_word' id='word_1_530' title='bbox 3571 3341 3731 3392; x_wconf 81' lang='grc' dir='ltr'>γεγε-</span> 
     </span>
    </p>
   </div>
   <div class='ocr_carea' id='block_1_79' title="bbox 2161 3400 3730 3487">
    <p class='ocr_par' dir='ltr' id='par_1_79' title="bbox 2161 3400 3730 3487">
     <span class='ocr_line' id='line_1_79' title="bbox 2161 3400 3730 3487; baseline 0.011 -37"><span class='ocrx_word' id='word_1_531' title='bbox 2161 3400 2417 3468; x_wconf 86' lang='grc' dir='ltr'>νημένον,</span> <span class='ocrx_word' id='word_1_532' title='bbox 2466 3403 2561 3457; x_wconf 81' lang='grc' dir='ltr'>καὶ</span> <span class='ocrx_word' id='word_1_533' title='bbox 2623 3404 2709 3459; x_wconf 78' lang='grc' dir='ltr'>ἵνα</span> <span class='ocrx_word' id='word_1_534' title='bbox 2755 3408 2829 3480; x_wconf 85' lang='grc' dir='ltr'>μή</span> <span class='ocrx_word' id='word_1_535' title='bbox 2878 3425 2962 3473; x_wconf 82' lang='grc' dir='ltr'><strong>τις</strong></span> <span class='ocrx_word' id='word_1_536' title='bbox 3011 3411 3307 3481; x_wconf 81' lang='grc' dir='ltr'>φαντασίαν</span> <span class='ocrx_word' id='word_1_537' title='bbox 3356 3414 3551 3487; x_wconf 80' lang='grc' dir='ltr'>νομίσῃ</span> <span class='ocrx_word' id='word_1_538' title='bbox 3592 3412 3730 3470; x_wconf 81' lang='grc' dir='ltr'>εἶναι</span> 
     </span>
    </p>
   </div>
   <div class='ocr_carea' id='block_1_80' title="bbox 2156 3490 2334 3544">
    <p class='ocr_par' dir='ltr' id='par_1_80' title="bbox 2156 3490 2334 3544">
     <span class='ocr_line' id='line_1_80' title="bbox 2156 3490 2334 3544; baseline 0.006 -1"><span class='ocrx_word' id='word_1_539' title='bbox 2156 3490 2334 3544; x_wconf 81' lang='grc' dir='ltr'>τοῦτο.</span> 
     </span>
    </p>
   </div>
   <div class='ocr_carea' id='block_1_81' title="bbox 2240 3583 3728 3662">
    <p class='ocr_par' dir='ltr' id='par_1_81' title="bbox 2240 3583 3728 3662">
     <span class='ocr_line' id='line_1_81' title="bbox 2240 3583 3728 3662; baseline 0.011 -27"><span class='ocrx_word' id='word_1_540' title='bbox 2240 3583 2428 3656; x_wconf 86' lang='grc' dir='ltr'>Ἐρώτ.</span> <span class='ocrx_word' id='word_1_541' title='bbox 2451 3584 2534 3641; x_wconf 91' lang='grc' dir='ltr'>ιθ⁸.</span> <span class='ocrx_word' id='word_1_542' title='bbox 2564 3605 2584 3638; x_wconf 80' lang='grc' dir='ltr'><strong>ι</strong></span> <span class='ocrx_word' id='word_1_543' title='bbox 2612 3587 2831 3644; x_wconf 81' lang='grc' dir='ltr'>Δώδεκα</span> <span class='ocrx_word' id='word_1_544' title='bbox 2860 3592 3130 3662; x_wconf 81' lang='grc' dir='ltr'>κοφίνους.</span> <span class='ocrx_word' id='word_1_545' title='bbox 3161 3613 3180 3646; x_wconf 72' lang='grc' dir='ltr'><strong>ι</strong></span> <span class='ocrx_word' id='word_1_546' title='bbox 3207 3596 3305 3648; x_wconf 86' lang='grc' dir='ltr'>Διὰ</span> <span class='ocrx_word' id='word_1_547' title='bbox 3334 3595 3387 3649; x_wconf 89' lang='grc' dir='ltr'><strong>τί</strong></span> <span class='ocrx_word' id='word_1_548' title='bbox 3411 3595 3618 3650; x_wconf 82' lang='grc' dir='ltr'>δώδεκα</span> <span class='ocrx_word' id='word_1_549' title='bbox 3639 3615 3728 3651; x_wconf 84' lang='grc' dir='ltr'><strong>κο⁶</strong></span> 
     </span>
    </p>
   </div>
   <div class='ocr_carea' id='block_1_82' title="bbox 2156 3673 2739 3750">
    <p class='ocr_par' dir='ltr' id='par_1_82' title="bbox 2156 3673 2739 3750">
     <span class='ocr_line' id='line_1_82' title="bbox 2156 3673 2739 3750; baseline 0.014 -24"><span class='ocrx_word' id='word_1_550' title='bbox 2156 3673 2342 3744; x_wconf 84' lang='grc' dir='ltr'>φίνους</span> <span class='ocrx_word' id='word_1_551' title='bbox 2375 3677 2700 3750; x_wconf 81' lang='grc' dir='ltr'>ἐπλήρωσαν</span> <span class='ocrx_word' id='word_1_552' title='bbox 2725 3697 2739 3746; x_wconf 89' lang='grc'><strong>;</strong></span> 
     </span>
    </p>
   </div>
   <div class='ocr_carea' id='block_1_83' title="bbox 2238 3766 3729 3848">
    <p class='ocr_par' dir='ltr' id='par_1_83' title="bbox 2238 3766 3729 3848">
     <span class='ocr_line' id='line_1_83' title="bbox 2238 3766 3729 3848; baseline 0.007 -29"><span class='ocrx_word' id='word_1_553' title='bbox 2238 3766 2423 3823; x_wconf 84' lang='grc' dir='ltr'>Ἀπόκ.</span> <span class='ocrx_word' id='word_1_554' title='bbox 2457 3769 2574 3823; x_wconf 90' lang='grc' dir='ltr'><strong>Ἵνα</strong></span> <span class='ocrx_word' id='word_1_555' title='bbox 2629 3771 2723 3824; x_wconf 70' lang='grc' dir='ltr'><strong>καὶ</strong></span> <span class='ocrx_word' id='word_1_556' title='bbox 2760 3773 2964 3838; x_wconf 85' lang='grc' dir='ltr'>Ἰούδας</span> <span class='ocrx_word' id='word_1_557' title='bbox 3021 3775 3282 3847; x_wconf 81' lang='grc' dir='ltr'>βαστάσῃ.</span> <span class='ocrx_word' id='word_1_558' title='bbox 3331 3777 3584 3832; x_wconf 86' lang='grc' dir='ltr'>Ἐδύνατο</span> <span class='ocrx_word' id='word_1_559' title='bbox 3628 3778 3729 3848; x_wconf 83' lang='grc' dir='ltr'><strong>μὲν</strong></span> 
     </span>
    </p>
   </div>
   <div class='ocr_carea' id='block_1_84' title="bbox 2154 3855 3727 3938">
    <p class='ocr_par' dir='ltr' id='par_1_84' title="bbox 2154 3855 3727 3938">
     <span class='ocr_line' id='line_1_84' title="bbox 2154 3855 3727 3938; baseline 0.01 -30"><span class='ocrx_word' id='word_1_560' title='bbox 2154 3855 2263 3928; x_wconf 82' lang='grc' dir='ltr'><strong>γὰρ</strong></span> <span class='ocrx_word' id='word_1_561' title='bbox 2287 3858 2379 3911; x_wconf 76' lang='grc' dir='ltr'>καὶ</span> <span class='ocrx_word' id='word_1_562' title='bbox 2407 3860 2597 3914; x_wconf 77' lang='grc' dir='ltr'>σϐέσαι</span> <span class='ocrx_word' id='word_1_563' title='bbox 2628 3861 2774 3916; x_wconf 70' lang='grc' dir='ltr'><strong>τῶν⁸</strong></span> <span class='ocrx_word' id='word_1_564' title='bbox 2794 3863 2966 3935; x_wconf 75' lang='grc' dir='ltr'>ὄχλων</span> <span class='ocrx_word' id='word_1_565' title='bbox 2993 3868 3090 3938; x_wconf 77' lang='grc' dir='ltr'><strong>τὴν</strong></span> <span class='ocrx_word' id='word_1_566' title='bbox 3123 3871 3311 3922; x_wconf 86' lang='grc' dir='ltr'>πεῖναν</span> <span class='ocrx_word' id='word_1_567' title='bbox 3330 3886 3344 3899; x_wconf 93' lang='grc'>·</span> <span class='ocrx_word' id='word_1_568' title='bbox 3377 3869 3491 3923; x_wconf 86' lang='grc' dir='ltr'>ἀλλ’</span> <span class='ocrx_word' id='word_1_569' title='bbox 3517 3870 3617 3924; x_wconf 78' lang='grc' dir='ltr'>οὐκ</span> <span class='ocrx_word' id='word_1_570' title='bbox 3659 3871 3727 3925; x_wconf 82' lang='grc' dir='ltr'>ἂν</span> 
     </span>
    </p>
   </div>
   <div class='ocr_carea' id='block_1_85' title="bbox 2153 3948 3140 4027">
    <p class='ocr_par' dir='ltr' id='par_1_85' title="bbox 2153 3948 3140 4027">
     <span class='ocr_line' id='line_1_85' title="bbox 2153 3948 3140 4027; baseline 0.01 -27"><span class='ocrx_word' id='word_1_571' title='bbox 2153 3948 2396 4018; x_wconf 76' lang='grc' dir='ltr'>ἔγνωσαν</span> <span class='ocrx_word' id='word_1_572' title='bbox 2424 3951 2473 4004; x_wconf 81' lang='grc' dir='ltr'>οἱ</span> <span class='ocrx_word' id='word_1_573' title='bbox 2499 3951 2739 4023; x_wconf 72' lang='grc' dir='ltr'>μαθηταὶ</span> <span class='ocrx_word' id='word_1_574' title='bbox 2768 3955 2867 4026; x_wconf 83' lang='grc' dir='ltr'>τὴν</span> <span class='ocrx_word' id='word_1_575' title='bbox 2895 3956 3140 4027; x_wconf 88' lang='grc' dir='ltr'>δύναμιν.</span> 
     </span>
    </p>
   </div>
   <div class='ocr_carea' id='block_1_86' title="bbox 2236 4039 3723 4121">
    <p class='ocr_par' dir='ltr' id='par_1_86' title="bbox 2236 4039 3723 4121">
     <span class='ocr_line' id='line_1_86' title="bbox 2236 4039 3723 4121; baseline 0.007 -30"><span class='ocrx_word' id='word_1_576' title='bbox 2236 4039 2426 4112; x_wconf 85' lang='grc' dir='ltr'>Ἐρὼτ.</span> <span class='ocrx_word' id='word_1_577' title='bbox 2451 4047 2520 4096; x_wconf 82' lang='grc' dir='ltr'>κ’.</span> <span class='ocrx_word' id='word_1_578' title='bbox 2546 4042 2644 4098; x_wconf 87' lang='grc' dir='ltr'><strong>Διὰ</strong></span> <span class='ocrx_word' id='word_1_579' title='bbox 2671 4044 2843 4118; x_wconf 50' lang='grc' dir='ltr'>τιξούχ</span> <span class='ocrx_word' id='word_1_580' title='bbox 2868 4046 2896 4097; x_wconf 84' lang='grc' dir='ltr'>ὁ</span> <span class='ocrx_word' id='word_1_581' title='bbox 2918 4047 3147 4112; x_wconf 79' lang='grc' dir='ltr'>Πιλᾶτος</span> <span class='ocrx_word' id='word_1_582' title='bbox 3177 4049 3299 4121; x_wconf 84' lang='grc' dir='ltr'>δρᾷ,</span> <span class='ocrx_word' id='word_1_583' title='bbox 3331 4049 3446 4103; x_wconf 84' lang='grc' dir='ltr'>ἀλλ’</span> <span class='ocrx_word' id='word_1_584' title='bbox 3471 4050 3504 4103; x_wconf 65' lang='grc' dir='ltr'><strong>ᾖ</strong></span> <span class='ocrx_word' id='word_1_585' title='bbox 3532 4051 3723 4104; x_wconf 85' lang='grc' dir='ltr'>τούτου</span> 
     </span>
    </p>
   </div>
   <div class='ocr_carea' id='block_1_87' title="bbox 2150 4129 2320 4200">
    <p class='ocr_par' dir='ltr' id='par_1_87' title="bbox 2150 4129 2320 4200">
     <span class='ocr_line' id='line_1_87' title="bbox 2150 4129 2320 4200; baseline 0.012 -20"><span class='ocrx_word' id='word_1_586' title='bbox 2150 4129 2283 4200; x_wconf 85' lang='grc' dir='ltr'>γυνή</span> <span class='ocrx_word' id='word_1_587' title='bbox 2307 4145 2320 4193; x_wconf 91' lang='lat'><strong>;</strong></span> 
     </span>
    </p>
   </div>
   <div class='ocr_carea' id='block_1_88' title="bbox 2234 4222 3724 4303">
    <p class='ocr_par' dir='ltr' id='par_1_88' title="bbox 2234 4222 3724 4303">
     <span class='ocr_line' id='line_1_88' title="bbox 2234 4222 3724 4303; baseline 0.006 -28"><span class='ocrx_word' id='word_1_588' title='bbox 2234 4222 2420 4277; x_wconf 85' lang='grc' dir='ltr'>Ἀπόκ.</span> <span class='ocrx_word' id='word_1_589' title='bbox 2448 4223 2674 4295; x_wconf 87' lang='grc' dir='ltr'>Πρῶτον</span> <span class='ocrx_word' id='word_1_590' title='bbox 2719 4225 2819 4296; x_wconf 80' lang='grc' dir='ltr'>μὲν</span> <span class='ocrx_word' id='word_1_591' title='bbox 2843 4227 2925 4281; x_wconf 84' lang='grc' dir='ltr'>ὅτι</span> <span class='ocrx_word' id='word_1_592' title='bbox 2963 4228 3144 4301; x_wconf 83' lang='grc' dir='ltr'>ἐκείνη</span> <span class='ocrx_word' id='word_1_593' title='bbox 3179 4228 3303 4295; x_wconf 79' lang='grc' dir='ltr'>ἀξία</span> <span class='ocrx_word' id='word_1_594' title='bbox 3329 4225 3417 4302; x_wconf 87' lang='grc' dir='ltr'>ἦν,</span> <span class='ocrx_word' id='word_1_595' title='bbox 3453 4229 3486 4303; x_wconf 73' lang='grc' dir='ltr'>ἢ</span> <span class='ocrx_word' id='word_1_596' title='bbox 3525 4231 3724 4302; x_wconf 80' lang='grc' dir='ltr'>μᾶλλον</span> 
     </span>
    </p>
   </div>
   <div class='ocr_carea' id='block_1_89' title="bbox 2148 4312 3719 4394">
    <p class='ocr_par' dir='ltr' id='par_1_89' title="bbox 2148 4312 3719 4394">
     <span class='ocr_line' id='line_1_89' title="bbox 2148 4312 3719 4394; baseline 0.016 -27"><span class='ocrx_word' id='word_1_597' title='bbox 2148 4315 2250 4378; x_wconf 81' lang='grc' dir='ltr'>ὅτι,</span> <span class='ocrx_word' id='word_1_598' title='bbox 2286 4316 2337 4366; x_wconf 87' lang='grc' dir='ltr'><strong>εί</strong></span> <span class='ocrx_word' id='word_1_599' title='bbox 2397 4315 2558 4380; x_wconf 79' lang='grc' dir='ltr'>αὐτὸς</span> <span class='ocrx_word' id='word_1_600' title='bbox 2617 4312 2778 4382; x_wconf 80' lang='grc' dir='ltr'>εἶδεν,</span> <span class='ocrx_word' id='word_1_601' title='bbox 2829 4320 2931 4373; x_wconf 82' lang='grc' dir='ltr'><strong>οὐκ</strong></span> <span class='ocrx_word' id='word_1_602' title='bbox 2979 4320 3044 4373; x_wconf 84' lang='grc' dir='ltr'><strong>ἂν</strong></span> <span class='ocrx_word' id='word_1_603' title='bbox 3098 4321 3388 4393; x_wconf 77' lang='grc' dir='ltr'>ἐπιστεύθη</span> <span class='ocrx_word' id='word_1_604' title='bbox 3420 4323 3719 4394; x_wconf 78' lang='grc' dir='ltr'>ὁμοίως⁶ἦ</span> 
     </span>
    </p>
   </div>
   <div class='ocr_carea' id='block_1_90' title="bbox 2148 4405 3721 4486">
    <p class='ocr_par' dir='ltr' id='par_1_90' title="bbox 2148 4405 3721 4486">
     <span class='ocr_line' id='line_1_90' title="bbox 2148 4405 3721 4486; baseline 0.008 -29"><span class='ocrx_word' id='word_1_605' title='bbox 2148 4405 2258 4457; x_wconf 72' lang='grc' dir='ltr'>οὐδ’</span> <span class='ocrx_word' id='word_1_606' title='bbox 2285 4405 2351 4460; x_wconf 68' lang='grc' dir='ltr'><strong>ἂι</strong></span> <span class='ocrx_word' id='word_1_607' title='bbox 2394 4405 2640 4474; x_wconf 75' lang='grc' dir='ltr'>ἐξεῖπεν·</span> <span class='ocrx_word' id='word_1_608' title='bbox 2683 4407 2770 4462; x_wconf 88' lang='grc' dir='ltr'>διὰ</span> <span class='ocrx_word' id='word_1_609' title='bbox 2802 4409 2958 4464; x_wconf 82' lang='grc' dir='ltr'>τοῦτο</span> <span class='ocrx_word' id='word_1_610' title='bbox 2981 4413 3340 4484; x_wconf 71' lang='grc' dir='ltr'>οἰκονομεῖται</span> <span class='ocrx_word' id='word_1_611' title='bbox 3362 4414 3460 4486; x_wconf 76' lang='grc' dir='ltr'><strong>τὴν</strong></span> <span class='ocrx_word' id='word_1_612' title='bbox 3492 4419 3721 4484; x_wconf 85' lang='grc' dir='ltr'>γυναῖκα</span> 
     </span>
    </p>
   </div>
   <div class='ocr_carea' id='block_1_91' title="bbox 474 4451 2069 4576">
    <p class='ocr_par' dir='ltr' id='par_1_91' title="bbox 474 4451 2044 4576">
     <span class='ocr_line' id='line_1_91' title="bbox 474 4451 2044 4552; baseline 0.027 -47"><span class='ocrx_word' id='word_1_613' title='bbox 474 4451 664 4510; x_wconf 80' lang='lat' dir='ltr'><strong>divina</strong></span> <span class='ocrx_word' id='word_1_614' title='bbox 699 4457 1110 4529; x_wconf 89' lang='lat' dir='ltr'><strong>dispensatione</strong></span> <span class='ocrx_word' id='word_1_615' title='bbox 1149 4485 1288 4526; x_wconf 84' lang='lat' dir='ltr'><strong>uxor</strong></span> <span class='ocrx_word' id='word_1_616' title='bbox 1317 4474 1583 4533; x_wconf 88' lang='lat' dir='ltr'><strong>visionem</strong></span> <span class='ocrx_word' id='word_1_617' title='bbox 1635 4481 1818 4552; x_wconf 88' lang='lat' dir='ltr'><strong>habet,</strong></span> <span class='ocrx_word' id='word_1_618' title='bbox 1860 4497 1919 4543; x_wconf 92' lang='lat' dir='ltr'><strong>ut</strong></span> <span class='ocrx_word' id='word_1_619' title='bbox 1957 4506 2044 4547; x_wconf 87' lang='lat' dir='ltr'><strong>res</strong></span> 
     </span>
     <span class='ocr_line' id='line_1_92' title="bbox 474 4545 1114 4576; baseline 0 0"><span class='ocrx_word' id='word_1_620' title='bbox 474 4545 654 4576; x_wconf 64' lang='lat' dir='ltr'><strong>nolam</strong></span> <span class='ocrx_word' id='word_1_621' title='bbox 690 4553 939 4576; x_wconf 51' lang='lat' dir='ltr'><strong>“mnum-</strong></span> <span class='ocrx_word' id='word_1_622' title='bbox 968 4557 1114 4576; x_wconf 40' lang='lat' dir='ltr'><strong>n-4,.</strong></span> 
     </span>
    </p>
   </div>
   <div class='ocr_carea' id='block_1_92' title="bbox 2162 4451 3292 4576">
    <p class='ocr_par' dir='ltr' id='par_1_92' title="bbox 2162 4451 3292 4572">
     <span class='ocr_line' id='line_1_93' title="bbox 2162 4451 3292 4484; baseline 0.007 -27"><span class='ocrx_word' id='word_1_623' title='bbox 2162 4451 2238 4457; x_wconf 63' lang='grc' dir='ltr'><strong>η-</strong></span> <span class='ocrx_word' id='word_1_624' title='bbox 2286 4451 2345 4460; x_wconf 52' lang='grc' dir='ltr'><em>η</em></span> <span class='ocrx_word' id='word_1_625' title='bbox 2394 4451 2604 4474; x_wconf 65' lang='lat'><strong>.,-...-.</strong></span> <span class='ocrx_word' id='word_1_626' title='bbox 2685 4451 2770 4462; x_wconf 64' lang='grc' dir='ltr'>ν...</span> <span class='ocrx_word' id='word_1_627' title='bbox 2813 4451 2958 4464; x_wconf 65' lang='grc' dir='ltr'>...ην</span> <span class='ocrx_word' id='word_1_628' title='bbox 2982 4451 3292 4484; x_wconf 46' lang='lat' dir='ltr'><strong>manat“...</strong></span> 
     </span>
     <span class='ocr_line' id='line_1_94' title="bbox 2162 4497 3292 4572; baseline 0.008 -22"><span class='ocrx_word' id='word_1_629' title='bbox 2162 4497 2297 4563; x_wconf 68' lang='grc' dir='ltr'>ἰδεῖν,</span> <span class='ocrx_word' id='word_1_630' title='bbox 2325 4497 2465 4553; x_wconf 83' lang='grc' dir='ltr'>ὥστε</span> <span class='ocrx_word' id='word_1_631' title='bbox 2490 4499 2789 4572; x_wconf 83' lang='grc' dir='ltr'>κατάδηλον</span> <span class='ocrx_word' id='word_1_632' title='bbox 2816 4502 3071 4572; x_wconf 88' lang='grc' dir='ltr'>γενέσθαι</span> <span class='ocrx_word' id='word_1_633' title='bbox 3106 4507 3292 4560; x_wconf 82' lang='grc' dir='ltr'>πᾶσιν.</span> 
     </span>
    </p>
   </div>
   <div class='ocr_carea' id='block_1_93' title="bbox 472 4545 1139 4616">
    <p class='ocr_par' dir='ltr' id='par_1_93' title="bbox 472 4545 1139 4616">
     <span class='ocr_line' id='line_1_95' title="bbox 472 4545 1139 4616; baseline 0.031 -21"><span class='ocrx_word' id='word_1_634' title='bbox 472 4545 654 4614; x_wconf 83' lang='lat' dir='ltr'><strong>palam</strong></span> <span class='ocrx_word' id='word_1_635' title='bbox 687 4553 942 4610; x_wconf 90' lang='lat' dir='ltr'><strong>omnibus</strong></span> <span class='ocrx_word' id='word_1_636' title='bbox 967 4557 1139 4616; x_wconf 84' lang='lat' dir='ltr'><strong>ﬁeret.</strong></span> 
     </span>
    </p>
   </div>
   <div class='ocr_carea' id='block_1_94' title="bbox 541 4637 2037 4734">
    <p class='ocr_par' dir='ltr' id='par_1_94' title="bbox 541 4637 2037 4734">
     <span class='ocr_line' id='line_1_96' title="bbox 541 4637 2037 4734; baseline 0.023 -40"><span class='ocrx_word' id='word_1_637' title='bbox 541 4637 608 4705; x_wconf 80' lang='grc' dir='ltr'>ρ.</span> <span class='ocrx_word' id='word_1_638' title='bbox 643 4640 732 4698; x_wconf 75' lang='grc'>21.</span> <span class='ocrx_word' id='word_1_639' title='bbox 782 4663 802 4696; x_wconf 74' lang='grc' dir='ltr'><strong>ι</strong></span> <span class='ocrx_word' id='word_1_640' title='bbox 850 4645 914 4701; x_wconf 87' lang='lat' dir='ltr'><strong>Et</strong></span> <span class='ocrx_word' id='word_1_641' title='bbox 957 4651 1282 4724; x_wconf 79' lang='lat' dir='ltr'><strong>crucifigunt</strong></span> <span class='ocrx_word' id='word_1_642' title='bbox 1327 4672 1450 4711; x_wconf 91' lang='lat' dir='ltr'><strong>cum</strong></span> <span class='ocrx_word' id='word_1_643' title='bbox 1485 4677 1554 4716; x_wconf 88' lang='lat' dir='ltr'><strong>eo</strong></span> <span class='ocrx_word' id='word_1_644' title='bbox 1594 4664 1733 4722; x_wconf 84' lang='lat' dir='ltr'><strong>duos</strong></span> <span class='ocrx_word' id='word_1_645' title='bbox 1778 4668 2037 4734; x_wconf 88' lang='lat' dir='ltr'><strong>latrones.</strong></span> 
     </span>
    </p>
   </div>
   <div class='ocr_carea' id='block_1_95' title="bbox 470 4733 2042 4823">
    <p class='ocr_par' dir='ltr' id='par_1_95' title="bbox 470 4733 2042 4823">
     <span class='ocr_line' id='line_1_97' title="bbox 470 4733 2042 4823; baseline 0.022 -41"><span class='ocrx_word' id='word_1_646' title='bbox 470 4745 640 4785; x_wconf 88' lang='lat' dir='ltr'><strong>unum</strong></span> <span class='ocrx_word' id='word_1_647' title='bbox 664 4747 694 4787; x_wconf 88' lang='lat' dir='ltr'><strong>a</strong></span> <span class='ocrx_word' id='word_1_648' title='bbox 716 4733 926 4794; x_wconf 81' lang='lat' dir='ltr'><strong>dextris</strong></span> <span class='ocrx_word' id='word_1_649' title='bbox 956 4747 1009 4795; x_wconf 91' lang='lat' dir='ltr'><strong>et</strong></span> <span class='ocrx_word' id='word_1_650' title='bbox 1041 4759 1208 4799; x_wconf 90' lang='lat' dir='ltr'><strong>unum</strong></span> <span class='ocrx_word' id='word_1_651' title='bbox 1240 4762 1269 4801; x_wconf 89' lang='lat' dir='ltr'><strong>a</strong></span> <span class='ocrx_word' id='word_1_652' title='bbox 1297 4751 1537 4809; x_wconf 83' lang='lat' dir='ltr'><strong>sinistris</strong></span> <span class='ocrx_word' id='word_1_653' title='bbox 1565 4755 1632 4810; x_wconf 75' lang='grc'><strong>⁸⁸.</strong></span> <span class='ocrx_word' id='word_1_654' title='bbox 1673 4776 1692 4809; x_wconf 72' lang='grc' dir='ltr'><strong>ι</strong></span> <span class='ocrx_word' id='word_1_655' title='bbox 1723 4757 1905 4823; x_wconf 87' lang='lat' dir='ltr'><strong>Quare</strong></span> <span class='ocrx_word' id='word_1_656' title='bbox 1934 4778 2042 4817; x_wconf 80' lang='lat' dir='ltr'><strong>rne-</strong></span> 
     </span>
    </p>
   </div>
   <div class='ocr_carea' id='block_1_96' title="bbox 468 4821 2040 4922">
    <p class='ocr_par' dir='ltr' id='par_1_96' title="bbox 468 4821 2040 4922">
     <span class='ocr_line' id='line_1_98' title="bbox 468 4821 2040 4922; baseline 0.022 -47"><span class='ocrx_word' id='word_1_657' title='bbox 468 4821 618 4878; x_wconf 87' lang='lat' dir='ltr'><strong>dium</strong></span> <span class='ocrx_word' id='word_1_658' title='bbox 653 4824 796 4882; x_wconf 92' lang='lat' dir='ltr'><strong>inter</strong></span> <span class='ocrx_word' id='word_1_659' title='bbox 826 4830 1069 4891; x_wconf 88' lang='lat' dir='ltr'><strong>latrones</strong></span> <span class='ocrx_word' id='word_1_660' title='bbox 1124 4840 1516 4900; x_wconf 83' lang='lat' dir='ltr'><strong>cruciﬁxerunt</strong></span> <span class='ocrx_word' id='word_1_661' title='bbox 1560 4848 1734 4914; x_wconf 89' lang='lat' dir='ltr'><strong>illum,</strong></span> <span class='ocrx_word' id='word_1_662' title='bbox 1778 4859 1832 4906; x_wconf 85' lang='lat' dir='ltr'><strong>et</strong></span> <span class='ocrx_word' id='word_1_663' title='bbox 1869 4869 2040 4922; x_wconf 87' lang='lat' dir='ltr'><strong>quare</strong></span> 
     </span>
    </p>
   </div>
   <div class='ocr_carea' id='block_1_97' title="bbox 467 4915 1252 4997">
    <p class='ocr_par' dir='ltr' id='par_1_97' title="bbox 467 4915 1252 4997">
     <span class='ocr_line' id='line_1_99' title="bbox 467 4915 1252 4997; baseline 0.02 -28"><span class='ocrx_word' id='word_1_664' title='bbox 467 4915 708 4975; x_wconf 88' lang='lat' dir='ltr'><strong>clamans</strong></span> <span class='ocrx_word' id='word_1_665' title='bbox 737 4924 921 4979; x_wconf 90' lang='lat' dir='ltr'><strong>emisit</strong></span> <span class='ocrx_word' id='word_1_666' title='bbox 951 4928 1204 4997; x_wconf 88' lang='lat' dir='ltr'><strong>spiritum</strong></span> <span class='ocrx_word' id='word_1_667' title='bbox 1228 4931 1252 4984; x_wconf 93' lang='lat'><strong>?</strong></span> 
     </span>
    </p>
   </div>
   <div class='ocr_carea' id='block_1_98' title="bbox 470 5008 2038 5098">
    <p class='ocr_par' dir='ltr' id='par_1_98' title="bbox 470 5008 2038 5098">
     <span class='ocr_line' id='line_1_100' title="bbox 470 5008 2038 5098; baseline 0.019 -34"><span class='ocrx_word' id='word_1_668' title='bbox 470 5065 493 5091; x_wconf 11' lang='grc' dir='ltr'>ρ</span> <span class='ocrx_word' id='word_1_669' title='bbox 536 5008 604 5066; x_wconf 79' lang='grc' dir='ltr'>Β.</span> <span class='ocrx_word' id='word_1_670' title='bbox 643 5010 708 5067; x_wconf 89' lang='lat' dir='ltr'><strong>Ut</strong></span> <span class='ocrx_word' id='word_1_671' title='bbox 757 5031 946 5073; x_wconf 87' lang='lat' dir='ltr'><strong>eorum</strong></span> <span class='ocrx_word' id='word_1_672' title='bbox 1002 5020 1159 5078; x_wconf 65' lang='lat' dir='ltr'><strong>fama;</strong></span> <span class='ocrx_word' id='word_1_673' title='bbox 1205 5027 1480 5098; x_wconf 81' lang='lat' dir='ltr'><strong>particeps</strong></span> <span class='ocrx_word' id='word_1_674' title='bbox 1528 5041 1696 5096; x_wconf 91' lang='lat' dir='ltr'><strong>esset,</strong></span> <span class='ocrx_word' id='word_1_675' title='bbox 1738 5045 1791 5090; x_wconf 91' lang='lat' dir='ltr'><strong>et</strong></span> <span class='ocrx_word' id='word_1_676' title='bbox 1837 5045 1898 5090; x_wconf 91' lang='lat' dir='ltr'><strong>ut</strong></span> <span class='ocrx_word' id='word_1_677' title='bbox 1937 5038 2038 5091; x_wconf 85' lang='lat' dir='ltr'><strong>im-</strong></span> 
     </span>
    </p>
   </div>
   <div class='ocr_carea' id='block_1_99' title="bbox 463 5102 2037 5198">
    <p class='ocr_par' dir='ltr' id='par_1_99' title="bbox 463 5102 2037 5198">
     <span class='ocr_line' id='line_1_101' title="bbox 463 5102 2037 5198; baseline 0.02 -45"><span class='ocrx_word' id='word_1_678' title='bbox 463 5102 706 5171; x_wconf 86' lang='lat' dir='ltr'><strong>pleretur</strong></span> <span class='ocrx_word' id='word_1_679' title='bbox 748 5111 895 5179; x_wconf 90' lang='lat' dir='ltr'><strong>quod</strong></span> <span class='ocrx_word' id='word_1_680' title='bbox 941 5112 1150 5169; x_wconf 88' lang='lat' dir='ltr'><strong>dictum</strong></span> <span class='ocrx_word' id='word_1_681' title='bbox 1181 5125 1265 5173; x_wconf 88' lang='lat' dir='ltr'><strong>est</strong></span> <span class='ocrx_word' id='word_1_682' title='bbox 1301 5135 1314 5170; x_wconf 91' lang='lat'><strong>:</strong></span> <span class='ocrx_word' id='word_1_683' title='bbox 1351 5138 1370 5171; x_wconf 75' lang='grc' dir='ltr'>σ</span> <span class='ocrx_word' id='word_1_684' title='bbox 1409 5121 1544 5176; x_wconf 87' lang='lat' dir='ltr'><strong>Cum</strong></span> <span class='ocrx_word' id='word_1_685' title='bbox 1583 5125 1783 5196; x_wconf 91' lang='lat' dir='ltr'><strong>iniquis</strong></span> <span class='ocrx_word' id='word_1_686' title='bbox 1819 5140 2037 5198; x_wconf 83' lang='lat' dir='ltr'><strong>reputa-</strong></span> 
     </span>
    </p>
   </div>
   <div class='ocr_carea' id='block_1_100' title="bbox 461 5201 2034 5286">
    <p class='ocr_par' dir='ltr' id='par_1_100' title="bbox 461 5201 2034 5286">
     <span class='ocr_line' id='line_1_102' title="bbox 461 5201 2034 5286; baseline 0.018 -38"><span class='ocrx_word' id='word_1_687' title='bbox 461 5203 550 5250; x_wconf 87' lang='lat' dir='ltr'><strong>tus</strong></span> <span class='ocrx_word' id='word_1_688' title='bbox 601 5205 687 5252; x_wconf 85' lang='lat' dir='ltr'><strong>est</strong></span> <span class='ocrx_word' id='word_1_689' title='bbox 734 5201 802 5255; x_wconf 78' lang='lat'><strong>&#39;°.</strong></span> <span class='ocrx_word' id='word_1_690' title='bbox 866 5222 886 5254; x_wconf 74' lang='grc' dir='ltr'><strong>ι</strong></span> <span class='ocrx_word' id='word_1_691' title='bbox 942 5203 1012 5259; x_wconf 91' lang='lat' dir='ltr'><strong>Ut</strong></span> <span class='ocrx_word' id='word_1_692' title='bbox 1065 5210 1450 5267; x_wconf 86' lang='lat' dir='ltr'><strong>ostenderetur</strong></span> <span class='ocrx_word' id='word_1_693' title='bbox 1495 5231 1561 5269; x_wconf 84' lang='lat' dir='ltr'><strong>ex</strong></span> <span class='ocrx_word' id='word_1_694' title='bbox 1601 5225 1871 5286; x_wconf 90' lang='lat' dir='ltr'><strong>potestate</strong></span> <span class='ocrx_word' id='word_1_695' title='bbox 1919 5238 2034 5277; x_wconf 90' lang='lat' dir='ltr'><strong>rem</strong></span> 
     </span>
    </p>
   </div>
   <div class='ocr_carea' id='block_1_101' title="bbox 460 5285 2033 5365">
    <p class='ocr_par' dir='ltr' id='par_1_101' title="bbox 460 5285 2033 5365">
     <span class='ocr_line' id='line_1_103' title="bbox 460 5285 2033 5365; baseline 0.015 -25"><span class='ocrx_word' id='word_1_696' title='bbox 460 5285 624 5341; x_wconf 78' lang='lat' dir='ltr'><strong>effici.</strong></span> <span class='ocrx_word' id='word_1_697' title='bbox 668 5288 1134 5356; x_wconf 87' lang='lat' dir='ltr'><strong>Quemadmodum</strong></span> <span class='ocrx_word' id='word_1_698' title='bbox 1165 5300 1304 5355; x_wconf 88' lang='lat' dir='ltr'><strong>dixit</strong></span> <span class='ocrx_word' id='word_1_699' title='bbox 1349 5318 1363 5353; x_wconf 85' lang='lat'><strong>:</strong></span> <span class='ocrx_word' id='word_1_700' title='bbox 1403 5320 1423 5353; x_wconf 76' lang='grc' dir='ltr'><strong>ι</strong></span> <span class='ocrx_word' id='word_1_701' title='bbox 1481 5285 1809 5362; x_wconf 84' lang='lat' dir='ltr'><strong>Potestatem</strong></span> <span class='ocrx_word' id='word_1_702' title='bbox 1858 5308 2033 5365; x_wconf 86' lang='lat' dir='ltr'><strong>habeo</strong></span> 
     </span>
    </p>
   </div>
   <div class='ocr_carea' id='block_1_102' title="bbox 460 5380 2034 5466">
    <p class='ocr_par' dir='ltr' id='par_1_102' title="bbox 460 5380 2034 5466">
     <span class='ocr_line' id='line_1_104' title="bbox 460 5380 2034 5466; baseline 0.019 -38"><span class='ocrx_word' id='word_1_703' title='bbox 460 5380 696 5444; x_wconf 75' lang='lat' dir='ltr'><strong>ponendi</strong></span> <span class='ocrx_word' id='word_1_704' title='bbox 737 5385 972 5443; x_wconf 87' lang='lat' dir='ltr'><strong>animam</strong></span> <span class='ocrx_word' id='word_1_705' title='bbox 1001 5405 1221 5461; x_wconf 40' lang='lat' dir='ltr'><strong>.meam,</strong></span> <span class='ocrx_word' id='word_1_706' title='bbox 1271 5397 1325 5450; x_wconf 84' lang='lat' dir='ltr'><strong>et</strong></span> <span class='ocrx_word' id='word_1_707' title='bbox 1371 5403 1693 5466; x_wconf 88' lang='lat' dir='ltr'><strong>potestatem</strong></span> <span class='ocrx_word' id='word_1_708' title='bbox 1735 5400 1910 5458; x_wconf 86' lang='lat' dir='ltr'><strong>habeo</strong></span> <span class='ocrx_word' id='word_1_709' title='bbox 1942 5418 2034 5459; x_wconf 88' lang='lat' dir='ltr'><strong>su-</strong></span> 
     </span>
    </p>
   </div>
   <div class='ocr_carea' id='block_1_103' title="bbox 458 5468 945 5532">
    <p class='ocr_par' dir='ltr' id='par_1_103' title="bbox 458 5468 945 5532">
     <span class='ocr_line' id='line_1_105' title="bbox 458 5468 945 5532; baseline 0.031 -14"><span class='ocrx_word' id='word_1_710' title='bbox 458 5468 643 5524; x_wconf 87' lang='lat' dir='ltr'><strong>mendi</strong></span> <span class='ocrx_word' id='word_1_711' title='bbox 676 5487 795 5527; x_wconf 88' lang='lat' dir='ltr'><strong>eam</strong></span> <span class='ocrx_word' id='word_1_712' title='bbox 825 5477 892 5532; x_wconf 81' lang='grc'>⁹¹.</span> <span class='ocrx_word' id='word_1_713' title='bbox 925 5498 945 5532; x_wconf 73' lang='grc' dir='ltr'><strong>ι</strong></span> 
     </span>
    </p>
   </div>
   <div class='ocr_carea' id='block_1_104' title="bbox 2221 4673 3715 4764">
    <p class='ocr_par' dir='ltr' id='par_1_104' title="bbox 2221 4673 3715 4764">
     <span class='ocr_line' id='line_1_106' title="bbox 2221 4673 3715 4764; baseline 0.014 -38"><span class='ocrx_word' id='word_1_714' title='bbox 2221 4673 2410 4746; x_wconf 84' lang='grc' dir='ltr'>Ἑρώτ.</span> <span class='ocrx_word' id='word_1_715' title='bbox 2440 4674 2542 4732; x_wconf 84' lang='grc' dir='ltr'>κα’.</span> <span class='ocrx_word' id='word_1_716' title='bbox 2577 4695 2597 4730; x_wconf 76' lang='grc' dir='ltr'><strong>ι</strong></span> <span class='ocrx_word' id='word_1_717' title='bbox 2633 4680 2745 4732; x_wconf 73' lang='grc' dir='ltr'><strong>Καὶ</strong></span> <span class='ocrx_word' id='word_1_718' title='bbox 2775 4684 3164 4753; x_wconf 71' lang='grc' dir='ltr'>συσταυροῦσιν</span> <span class='ocrx_word' id='word_1_719' title='bbox 3187 4685 3336 4759; x_wconf 81' lang='grc' dir='ltr'>αὐτῷ</span> <span class='ocrx_word' id='word_1_720' title='bbox 3368 4688 3461 4742; x_wconf 90' lang='grc' dir='ltr'><strong>δύο</strong></span> <span class='ocrx_word' id='word_1_721' title='bbox 3493 4690 3715 4764; x_wconf 72' lang='grc' dir='ltr'>λῃστὰς,</span> 
     </span>
    </p>
   </div>
   <div class='ocr_carea' id='block_1_105' title="bbox 2137 4764 3716 4854">
    <p class='ocr_par' dir='ltr' id='par_1_105' title="bbox 2137 4764 3716 4854">
     <span class='ocr_line' id='line_1_107' title="bbox 2137 4764 3716 4854; baseline 0.013 -37"><span class='ocrx_word' id='word_1_722' title='bbox 2137 4764 2234 4818; x_wconf 68' lang='lat' dir='ltr'><strong>Eva</strong></span> <span class='ocrx_word' id='word_1_723' title='bbox 2266 4768 2329 4819; x_wconf 85' lang='grc' dir='ltr'><strong>ἐκ</strong></span> <span class='ocrx_word' id='word_1_724' title='bbox 2360 4768 2568 4835; x_wconf 82' lang='grc' dir='ltr'>δεξιῶν,</span> <span class='ocrx_word' id='word_1_725' title='bbox 2601 4772 2695 4824; x_wconf 75' lang='grc' dir='ltr'><strong>καὶ</strong></span> <span class='ocrx_word' id='word_1_726' title='bbox 2726 4773 2820 4825; x_wconf 73' lang='grc' dir='ltr'><strong>ἕνα</strong></span> <span class='ocrx_word' id='word_1_727' title='bbox 2855 4775 2912 4842; x_wconf 82' lang='grc' dir='ltr'><strong>ἐξ</strong></span> <span class='ocrx_word' id='word_1_728' title='bbox 2941 4777 3257 4849; x_wconf 81' lang='grc' dir='ltr'>εὐωνύμων.</span> <span class='ocrx_word' id='word_1_729' title='bbox 3301 4799 3320 4831; x_wconf 78' lang='grc' dir='ltr'><strong>ι</strong></span> <span class='ocrx_word' id='word_1_730' title='bbox 3354 4781 3452 4834; x_wconf 78' lang='grc' dir='ltr'><strong>Διὰ</strong></span> <span class='ocrx_word' id='word_1_731' title='bbox 3475 4783 3528 4835; x_wconf 83' lang='grc' dir='ltr'><strong>τί</strong></span> <span class='ocrx_word' id='word_1_732' title='bbox 3556 4784 3716 4854; x_wconf 83' lang='grc' dir='ltr'>μέσον</span> 
     </span>
    </p>
   </div>
   <div class='ocr_carea' id='block_1_106' title="bbox 2138 4857 3716 4946">
    <p class='ocr_par' dir='ltr' id='par_1_106' title="bbox 2138 4857 3716 4946">
     <span class='ocr_line' id='line_1_108' title="bbox 2138 4857 3716 4946; baseline 0.014 -38"><span class='ocrx_word' id='word_1_733' title='bbox 2138 4857 2298 4911; x_wconf 79' lang='grc' dir='ltr'>αὐτὸν</span> <span class='ocrx_word' id='word_1_734' title='bbox 2333 4858 2685 4931; x_wconf 80' lang='grc' dir='ltr'>ἐσταύρωσαν</span> <span class='ocrx_word' id='word_1_735' title='bbox 2727 4863 2836 4918; x_wconf 86' lang='grc' dir='ltr'><strong>τῶν</strong></span> <span class='ocrx_word' id='word_1_736' title='bbox 2867 4865 3096 4938; x_wconf 67' lang='grc' dir='ltr'>λῃστῶν,</span> <span class='ocrx_word' id='word_1_737' title='bbox 3142 4870 3236 4923; x_wconf 73' lang='grc' dir='ltr'><strong>καὶ</strong></span> <span class='ocrx_word' id='word_1_738' title='bbox 3274 4871 3369 4926; x_wconf 85' lang='grc' dir='ltr'>διὰ·</span> <span class='ocrx_word' id='word_1_739' title='bbox 3406 4873 3459 4926; x_wconf 89' lang='grc' dir='ltr'><strong>τί</strong></span> <span class='ocrx_word' id='word_1_740' title='bbox 3509 4875 3716 4946; x_wconf 76' lang='grc' dir='ltr'>κράξας</span> 
     </span>
    </p>
   </div>
   <div class='ocr_carea' id='block_1_107' title="bbox 2139 4947 2694 5024">
    <p class='ocr_par' dir='ltr' id='par_1_107' title="bbox 2139 4947 2694 5024">
     <span class='ocr_line' id='line_1_109' title="bbox 2139 4947 2694 5024; baseline 0.011 -23"><span class='ocrx_word' id='word_1_741' title='bbox 2139 4947 2322 5018; x_wconf 77' lang='grc' dir='ltr'>ἀφῆκε</span> <span class='ocrx_word' id='word_1_742' title='bbox 2348 4949 2410 5002; x_wconf 79' lang='grc' dir='ltr'>τὸ</span> <span class='ocrx_word' id='word_1_743' title='bbox 2439 4952 2655 5024; x_wconf 82' lang='grc' dir='ltr'>πνεῦμα</span> <span class='ocrx_word' id='word_1_744' title='bbox 2679 4971 2694 5018; x_wconf 90' lang='lat'><strong>;</strong></span> 
     </span>
    </p>
   </div>
   <div class='ocr_carea' id='block_1_108' title="bbox 2227 5039 3714 5129">
    <p class='ocr_par' dir='ltr' id='par_1_108' title="bbox 2227 5039 3714 5129">
     <span class='ocr_line' id='line_1_110' title="bbox 2227 5039 3714 5129; baseline 0.013 -38"><span class='ocrx_word' id='word_1_745' title='bbox 2227 5039 2415 5094; x_wconf 89' lang='grc' dir='ltr'>Ἀπόκ.</span> <span class='ocrx_word' id='word_1_746' title='bbox 2448 5042 2566 5096; x_wconf 85' lang='grc' dir='ltr'>Ἵνα</span> <span class='ocrx_word' id='word_1_747' title='bbox 2604 5047 2671 5116; x_wconf 78' lang='grc' dir='ltr'>τῇ</span> <span class='ocrx_word' id='word_1_748' title='bbox 2704 5045 2828 5120; x_wconf 84' lang='grc' dir='ltr'>δόξῃ</span> <span class='ocrx_word' id='word_1_749' title='bbox 2865 5050 2930 5120; x_wconf 83' lang='grc' dir='ltr'>τῇ</span> <span class='ocrx_word' id='word_1_750' title='bbox 2966 5050 3189 5105; x_wconf 86' lang='grc' dir='ltr'>ἐκείνων</span> <span class='ocrx_word' id='word_1_751' title='bbox 3211 5054 3598 5129; x_wconf 83' lang='grc' dir='ltr'>κοινωνήσῃ,ἢ</span> <span class='ocrx_word' id='word_1_752' title='bbox 3629 5056 3714 5110; x_wconf 74' lang='grc' dir='ltr'>ἵνα</span> 
     </span>
    </p>
   </div>
   <div class='ocr_carea' id='block_1_109' title="bbox 2145 5130 3712 5218">
    <p class='ocr_par' dir='ltr' id='par_1_109' title="bbox 2145 5130 3712 5218">
     <span class='ocr_line' id='line_1_111' title="bbox 2145 5130 3712 5218; baseline 0.013 -35"><span class='ocrx_word' id='word_1_753' title='bbox 2145 5130 2407 5205; x_wconf 80' lang='grc' dir='ltr'>πληρωθῇ</span> <span class='ocrx_word' id='word_1_754' title='bbox 2458 5135 2520 5189; x_wconf 79' lang='grc' dir='ltr'><strong>τὸ</strong></span> <span class='ocrx_word' id='word_1_755' title='bbox 2571 5138 2768 5210; x_wconf 78' lang='grc' dir='ltr'>ῥηθέν·</span> <span class='ocrx_word' id='word_1_756' title='bbox 2805 5142 2887 5194; x_wconf 84' lang='grc' dir='ltr'><strong>ὅτι</strong></span> <span class='ocrx_word' id='word_1_757' title='bbox 2953 5145 3044 5196; x_wconf 70' lang='grc' dir='ltr'><strong>καὶ</strong></span> <span class='ocrx_word' id='word_1_758' title='bbox 3074 5163 3093 5195; x_wconf 78' lang='lat' dir='ltr'><strong>r</strong></span> <span class='ocrx_word' id='word_1_759' title='bbox 3126 5146 3281 5200; x_wconf 79' lang='grc' dir='ltr'>Μετὰ</span> <span class='ocrx_word' id='word_1_760' title='bbox 3324 5148 3543 5218; x_wconf 84' lang='grc' dir='ltr'>ἀνόμων</span> <span class='ocrx_word' id='word_1_761' title='bbox 3596 5151 3712 5203; x_wconf 86' lang='grc' dir='ltr'>ἐλο-</span> 
     </span>
    </p>
   </div>
   <div class='ocr_carea' id='block_1_110' title="bbox 2140 5224 3711 5312">
    <p class='ocr_par' dir='ltr' id='par_1_110' title="bbox 2140 5224 3711 5312">
     <span class='ocr_line' id='line_1_112' title="bbox 2140 5224 3711 5312; baseline 0.013 -36"><span class='ocrx_word' id='word_1_762' title='bbox 2140 5224 2303 5297; x_wconf 88' lang='grc' dir='ltr'>γίσθη</span> <span class='ocrx_word' id='word_1_763' title='bbox 2326 5243 2340 5256; x_wconf 71' lang='grc' dir='ltr'><strong><em>ο</em></strong></span> <span class='ocrx_word' id='word_1_764' title='bbox 2367 5245 2384 5277; x_wconf 75' lang='grc' dir='ltr'><strong>ι</strong></span> <span class='ocrx_word' id='word_1_765' title='bbox 2407 5228 2502 5280; x_wconf 71' lang='grc' dir='ltr'><strong>καὶ</strong></span> <span class='ocrx_word' id='word_1_766' title='bbox 2531 5229 2616 5282; x_wconf 76' lang='grc' dir='ltr'>ἵνα</span> <span class='ocrx_word' id='word_1_767' title='bbox 2641 5230 2846 5305; x_wconf 81' lang='grc' dir='ltr'>δειχθῇ,</span> <span class='ocrx_word' id='word_1_768' title='bbox 2869 5235 2950 5287; x_wconf 83' lang='grc' dir='ltr'><strong>ὅτι</strong></span> <span class='ocrx_word' id='word_1_769' title='bbox 2973 5237 3092 5289; x_wconf 86' lang='grc' dir='ltr'>κατ’</span> <span class='ocrx_word' id='word_1_770' title='bbox 3119 5237 3365 5302; x_wconf 82' lang='grc' dir='ltr'>ἐξουσίαν</span> <span class='ocrx_word' id='word_1_771' title='bbox 3391 5240 3452 5292; x_wconf 81' lang='grc' dir='ltr'><strong>τὸ</strong></span> <span class='ocrx_word' id='word_1_772' title='bbox 3482 5244 3711 5312; x_wconf 80' lang='grc' dir='ltr'>πρᾶγμα</span> 
     </span>
    </p>
   </div>
   <div class='ocr_carea' id='block_1_111' title="bbox 2139 5316 3712 5406">
    <p class='ocr_par' dir='ltr' id='par_1_111' title="bbox 2139 5316 3712 5406">
     <span class='ocr_line' id='line_1_113' title="bbox 2139 5316 3712 5406; baseline 0.013 -38"><span class='ocrx_word' id='word_1_773' title='bbox 2139 5316 2384 5385; x_wconf 75' lang='grc' dir='ltr'>γίνεταιο</span> <span class='ocrx_word' id='word_1_774' title='bbox 2438 5319 2620 5385; x_wconf 87' lang='grc' dir='ltr'>καθὼς</span> <span class='ocrx_word' id='word_1_775' title='bbox 2682 5326 2776 5377; x_wconf 78' lang='grc' dir='ltr'><strong>καὶ</strong></span> <span class='ocrx_word' id='word_1_776' title='bbox 2837 5325 3054 5394; x_wconf 81' lang='grc' dir='ltr'>ἔλεγεν,</span> <span class='ocrx_word' id='word_1_777' title='bbox 3091 5329 3174 5382; x_wconf 84' lang='grc' dir='ltr'>ὅτι</span> <span class='ocrx_word' id='word_1_778' title='bbox 3233 5348 3252 5380; x_wconf 77' lang='lat' dir='ltr'><strong>t</strong></span> <span class='ocrx_word' id='word_1_779' title='bbox 3293 5329 3573 5395; x_wconf 80' lang='grc' dir='ltr'>Ἐξουσίαν</span> <span class='ocrx_word' id='word_1_780' title='bbox 3605 5334 3712 5406; x_wconf 77' lang='grc' dir='ltr'><strong>ἔχω</strong></span> 
     </span>
    </p>
   </div>
   <div class='ocr_carea' id='block_1_112' title="bbox 2106 5403 3709 5492">
    <p class='ocr_par' dir='ltr' id='par_1_112' title="bbox 2106 5403 3709 5492">
     <span class='ocr_line' id='line_1_114' title="bbox 2106 5403 3709 5492; baseline 0.012 -36"><span class='ocrx_word' id='word_1_781' title='bbox 2106 5403 2308 5482; x_wconf 31' lang='grc' dir='ltr'>,θεῖναι</span> <span class='ocrx_word' id='word_1_782' title='bbox 2370 5408 2470 5480; x_wconf 82' lang='grc' dir='ltr'>τὴν</span> <span class='ocrx_word' id='word_1_783' title='bbox 2524 5409 2702 5482; x_wconf 70' lang='grc' dir='ltr'>ψυχήν</span> <span class='ocrx_word' id='word_1_784' title='bbox 2764 5430 2886 5484; x_wconf 85' lang='grc' dir='ltr'>μου,</span> <span class='ocrx_word' id='word_1_785' title='bbox 2941 5417 3036 5469; x_wconf 69' lang='grc' dir='ltr'><strong>καὶ</strong></span> <span class='ocrx_word' id='word_1_786' title='bbox 3086 5417 3332 5482; x_wconf 76' lang='grc' dir='ltr'>ἐξουσίαν</span> <span class='ocrx_word' id='word_1_787' title='bbox 3375 5419 3484 5492; x_wconf 83' lang='grc' dir='ltr'><strong>ἔχω</strong></span> <span class='ocrx_word' id='word_1_788' title='bbox 3528 5403 3709 5476; x_wconf 60' lang='grc' dir='ltr'>λαϐεῖν</span> 
     </span>
    </p>
   </div>
   <div class='ocr_carea' id='block_1_113' title="bbox 2136 5498 2387 5570">
    <p class='ocr_par' dir='ltr' id='par_1_113' title="bbox 2136 5498 2387 5570">
     <span class='ocr_line' id='line_1_115' title="bbox 2136 5498 2387 5570; baseline 0.012 -21"><span class='ocrx_word' id='word_1_789' title='bbox 2136 5498 2329 5570; x_wconf 80' lang='grc' dir='ltr'>αὑτήν.</span> <span class='ocrx_word' id='word_1_790' title='bbox 2368 5517 2387 5552; x_wconf 70' lang='grc' dir='ltr'><strong>ι</strong></span> 
     </span>
    </p>
   </div>
   <div class='ocr_carea' id='block_1_114' title="bbox 531 5645 3702 5773">
    <p class='ocr_par' dir='ltr' id='par_1_114' title="bbox 531 5645 3702 5773">
     <span class='ocr_line' id='line_1_116' title="bbox 531 5645 3702 5773; baseline 0.011 -70"><span class='ocrx_word' id='word_1_791' title='bbox 531 5645 574 5677; x_wconf 76' lang='grc'>⁸⁸</span> <span class='ocrx_word' id='word_1_792' title='bbox 613 5647 768 5707; x_wconf 68' lang='lat' dir='ltr'><strong>10ml.</strong></span> <span class='ocrx_word' id='word_1_793' title='bbox 801 5669 851 5709; x_wconf 86' lang='lat' dir='ltr'><strong>l.</strong></span> <span class='ocrx_word' id='word_1_794' title='bbox 890 5656 942 5711; x_wconf 91' lang='grc'><strong>1.</strong></span> <span class='ocrx_word' id='word_1_795' title='bbox 1021 5661 1065 5692; x_wconf 75' lang='grc'><em>’³³</em></span> <span class='ocrx_word' id='word_1_796' title='bbox 1107 5661 1240 5719; x_wconf 81' lang='lat' dir='ltr'><strong>ibid.</strong></span> <span class='ocrx_word' id='word_1_797' title='bbox 1315 5665 1360 5696; x_wconf 78' lang='grc'><strong>⁸⁸</strong></span> <span class='ocrx_word' id='word_1_798' title='bbox 1401 5666 1533 5721; x_wconf 83' lang='lat' dir='ltr'><strong>ibid.</strong></span> <span class='ocrx_word' id='word_1_799' title='bbox 1574 5667 1660 5725; x_wconf 82' lang='grc'>10.</span> <span class='ocrx_word' id='word_1_800' title='bbox 1737 5671 1783 5704; x_wconf 69' lang='grc'><strong>⁸⁸</strong></span> <span class='ocrx_word' id='word_1_801' title='bbox 1820 5672 1952 5728; x_wconf 83' lang='lat' dir='ltr'><strong>ibid.</strong></span> <span class='ocrx_word' id='word_1_802' title='bbox 2025 5675 2071 5706; x_wconf 80' lang='grc'><strong>⁸³</strong></span> <span class='ocrx_word' id='word_1_803' title='bbox 2110 5673 2300 5735; x_wconf 82' lang='lat' dir='ltr'><strong>Matth.</strong></span> <span class='ocrx_word' id='word_1_804' title='bbox 2344 5696 2456 5750; x_wconf 74' lang='lat' dir='ltr'><strong>XIV,</strong></span> <span class='ocrx_word' id='word_1_805' title='bbox 2499 5681 2585 5739; x_wconf 80' lang='grc'>19.</span> <span class='ocrx_word' id='word_1_806' title='bbox 2695 5685 2740 5718; x_wconf 75' lang='grc'>⁸⁸</span> <span class='ocrx_word' id='word_1_807' title='bbox 2779 5683 2912 5742; x_wconf 78' lang='lat' dir='ltr'><strong>ibid.</strong></span> <span class='ocrx_word' id='word_1_808' title='bbox 2951 5684 3040 5742; x_wconf 70' lang='grc'><strong>20.</strong></span> <span class='ocrx_word' id='word_1_809' title='bbox 3119 5685 3174 5759; x_wconf 53' lang='grc'><strong>,⁸⁷</strong></span> <span class='ocrx_word' id='word_1_810' title='bbox 3215 5685 3350 5742; x_wconf 80' lang='lat' dir='ltr'><strong>ibid.</strong></span> <span class='ocrx_word' id='word_1_811' title='bbox 3427 5687 3474 5773; x_wconf 39' lang='grc' dir='ltr'>θ’</span> <span class='ocrx_word' id='word_1_812' title='bbox 3516 5685 3702 5743; x_wconf 70' lang='lat' dir='ltr'><strong>Matth.</strong></span> 
     </span>
     <span class='ocr_line' id='line_1_117' title="bbox 531 5722 3177 5773; baseline 0.001 -4"><span class='ocrx_word' id='word_1_813' title='bbox 531 5731 634 5773; x_wconf 47' lang='grc' dir='ltr'>ηνιῑ.</span> <span class='ocrx_word' id='word_1_814' title='bbox 679 5722 762 5773; x_wconf 84' lang='grc'>19.</span> <span class='ocrx_word' id='word_1_815' title='bbox 841 5727 885 5760; x_wconf 73' lang='grc' dir='ltr'><strong>⁸ο</strong></span> <span class='ocrx_word' id='word_1_816' title='bbox 926 5727 1052 5773; x_wconf 63' lang='lat' dir='ltr'><strong>ihitl,</strong></span> <span class='ocrx_word' id='word_1_817' title='bbox 1093 5732 1182 5773; x_wconf 32' lang='grc' dir='ltr'><strong>ΚΩ-</strong></span> <span class='ocrx_word' id='word_1_818' title='bbox 1259 5735 1306 5769; x_wconf 75' lang='lat' dir='ltr'><strong>to</strong></span> <span class='ocrx_word' id='word_1_819' title='bbox 1345 5734 1426 5773; x_wconf 66' lang='grc' dir='ltr'>ῘΜ</span> <span class='ocrx_word' id='word_1_820' title='bbox 1483 5753 1582 5773; x_wconf 78' lang='grc' dir='ltr'>...ι</span> <span class='ocrx_word' id='word_1_821' title='bbox 1662 5740 1724 5773; x_wconf 76' lang='lat' dir='ltr'><strong>to</strong></span> <span class='ocrx_word' id='word_1_822' title='bbox 1821 5741 2038 5773; x_wconf 64' lang='lat'><strong>“1......</strong></span> <span class='ocrx_word' id='word_1_823' title='bbox 2102 5761 2130 5773; x_wconf 89' lang='grc'><strong>..</strong></span> <span class='ocrx_word' id='word_1_824' title='bbox 2201 5747 2265 5773; x_wconf 77' lang='grc' dir='ltr'><strong>ιο</strong></span> <span class='ocrx_word' id='word_1_825' title='bbox 3171 5766 3177 5771; x_wconf 87' lang='grc'><strong>.</strong></span> 
     </span>
    </p>
   </div>
   <div class='ocr_carea' id='block_1_115' title="bbox 458 5722 2069 5813">
    <p class='ocr_par' dir='ltr' id='par_1_115' title="bbox 458 5722 2062 5806">
     <span class='ocr_line' id='line_1_118' title="bbox 458 5722 2062 5806; baseline 0.016 -35"><span class='ocrx_word' id='word_1_826' title='bbox 458 5731 634 5786; x_wconf 71' lang='lat' dir='ltr'><strong>xxvu,</strong></span> <span class='ocrx_word' id='word_1_827' title='bbox 679 5722 762 5778; x_wconf 82' lang='lat' dir='ltr'><strong>l9.</strong></span> <span class='ocrx_word' id='word_1_828' title='bbox 841 5727 885 5760; x_wconf 69' lang='grc'><strong>⁸⁸</strong></span> <span class='ocrx_word' id='word_1_829' title='bbox 925 5727 1055 5786; x_wconf 90' lang='lat' dir='ltr'><strong>ibid.</strong></span> <span class='ocrx_word' id='word_1_830' title='bbox 1093 5732 1184 5788; x_wconf 68' lang='lat'><strong>38.</strong></span> <span class='ocrx_word' id='word_1_831' title='bbox 1259 5735 1306 5769; x_wconf 83' lang='lat'><strong>&quot;</strong></span> <span class='ocrx_word' id='word_1_832' title='bbox 1345 5734 1451 5790; x_wconf 83' lang='lat' dir='ltr'><strong>lsa.</strong></span> <span class='ocrx_word' id='word_1_833' title='bbox 1483 5722 1740 5806; x_wconf 20' lang='grc' dir='ltr'>ιιιιίξ-ιῖ.</span> <span class='ocrx_word' id='word_1_834' title='bbox 1821 5722 2062 5799; x_wconf 42' lang='lat' dir='ltr'><strong>ﬁdem.</strong></span> 
     </span>
    </p>
   </div>
  </div>
