4088 6382
297 385 402 442 705

1343 386 1805 457 QUESTIONES
1843 388 1934 446 AD
1970 389 2378 449 ANTIOCHUM
2417 391 2683 452 DUCEM.

3434 384 3542 459 τοο

382 494 580 569 Ἐρώτ.
614 496 719 551 κδ’.
751 515 771 552 ι
801 495 940 570 Πρὶν
963 496 1229 572 ἀλέκτορα
1255 480 1518 574 φῶνῆσαι,
1547 504 1668 577 τρὶς
1699 505 1869 577 ἀπαρ-

2046 503 2112 572 Q.
2143 504 2234 561 22.
2275 524 2296 558 ι
2333 505 2638 577 Antequam
2678 507 2853 580 gallus
2886 518 3089 577 cantet,
3119 520 3203 568 ter
3241 527 3331 570 me
3377 529 3544 585 nega-

297 589 438 664 νήσῃ
458 607 607 662 ομε.›
640 590 767 655 Πῶς
791 592 820 645 6
852 590 952 663 μὲν
972 592 1266 659 Ματθαῖος,
1295 594 1378 648 ὅτι
1406 593 1558 651 εἷπεν
1581 597 1611 649 6
1637 596 1867 667 Χριστὸς

296 681 374 753 τῷ
404 681 621 754 Πέτρῳ·
664 700 684 734 ι
708 683 844 755 Πρὶν
876 682 1139 757 ἀλέκτορα
1157 686 1401 757 φωνῆσαι
1432 688 1554 759 τρὶς
1578 690 1867 763 ἀπαρνήσῃ

301 788 399 845 με’
440 793 460 827 3
489 776 518 828 6
548 774 605 829 δὲ
630 775 857 847 Μάρκος
912 776 1082 845 λέγει,
1115 777 1218 843 ὅτι,
1254 778 1342 832 ὅτε
1372 778 1469 850 μὲν
1518 779 1666 846 ἅπαξ
1699 782 1869 854 ήρνή-

301 883 448 933 σατο,
496 866 616 920 τότε
662 866 875 938 πρῶτον
916 866 1193 939 ἐφώνησεν
1231 869 1260 922 6
1300 869 1612 942 ἀλεκτρυών
1636 888 1651 903 ·
1684 871 1773 925 ὅτε
1811 872 1869 925 δὲ

298 956 498 1027 τρίτον,
532 956 654 1011 τότε
678 956 927 1032 δεύτερον
950 974 966 1025 ;
1005 958 1131 1023 Πῶς
1159 952 1254 1013 οῦν
1280 959 1666 1033 εὑρεθήσονται
1694 961 1867 1034 ἀληθῆ

300 1048 583 1120 ἀμφότερα
601 1066 617 1116 ;

377 1161 566 1215 ’Δπόκ.
616 1162 833 1235 Ἐπαδὴ
881 1162 1001 1216 καθ’
1042 1162 1276 1236 ἑκάστην
1312 1162 1534 1237 ἀγωγὴν
1563 1164 1657 1218 καὶ
1687 1164 1868 1236 τρίτον

299 1253 391 1308 καὶ
410 1254 671 1327 τέταρτον
694 1256 890 1324 φωνεῖν
905 1253 1092 1308 εἴωθεν
1108 1253 1438 1326 ἁλεκτρυὼν,
1462 1254 1638 1328 δηλῶν
1658 1257 1686 1309 6
1710 1255 1868 1326 Μάρ-

297 1361 413 1408 κος,
446 1345 529 1399 ὅτι
559 1345 682 1399 οὐδὲ
704 1348 740 1417 ή
768 1346 918 1419 φωνὴ
950 1346 1111 1401 αὐτὸν
1154 1345 1376 1417 ἐπέσχε,
1411 1345 1503 1401 καὶ
1534 1349 1615 1411 είς
1646 1348 1867 1421 μνήμην

298 1435 505 1505 ήγαγε,
558 1436 714 1491 τοῦτό
762 1455 945 1508 φησιν.
978 1438 1139 1492 ’Ὥστε
1180 1439 1464 1512 ἀμφότερα
1511 1440 1684 1513 ἀληθῆ
1738 1443 1866 1497 εἰσι.

298 1525 467 1597 Πρινὴ
504 1527 612 1598 γὰρ
652 1528 754 1599 τὴν
804 1528 933 1600 μίαν
974 1527 1196 1601 ἀγωγὴν
1250 1529 1547 1601 ἀπαρτίσαι
1606 1531 1698 1585 τὸν
1740 1531 1867 1585 ἀλε-

297 1618 562 1690 κτρυόνα,
609 1619 794 1690 τρίτον
845 1620 1138 1692 ἠρνήσατο.
1199 1620 1358 1677 Οὕτω
1396 1622 1454 1677 δὲ
1500 1623 1755 1695 περιδεὴς
1797 1620 1866 1696 ἦν

297 1713 391 1765 καὶ
452 1712 657 1785 σφόδρα
724 1713 1112 1787 ἀποτεθνηκὼς
1150 1714 1227 1786 τῷ
1277 1715 1416 1780 δέει,
1457 1715 1539 1769 ὅτι
1580 1715 1639 1768 οὐ
1704 1716 1866 1786 μόνον

299 1803 587 1876 ἠρνήσατο,
636 1802 751 1858 ἀλλ’
801 1805 923 1859 οὐδὲ
976 1805 1285 1879 ἀνεμνήσθη
1321 1805 1549 1871 οἴκοθεν,
1578 1805 1672 1861 καὶ
1694 1806 1866 1861 ταῦτα

298 1895 389 1949 τοῦ
421 1895 774 1965 ἀλεκτρυόνος
811 1898 1175 1969 φωνήσαντος,
1205 1899 1309 1963 ἕως
1334 1893 1394 1954 οῦ
1426 1899 1487 1953 τὺ
1520 1898 1737 1972 βλέμμα
1770 1900 1865 1955 τοῦ

298 1988 612 2044 διδασκάλου
658 1990 880 2060 γέγονεν
925 1990 1074 2063 αὑτῷ
1116 1990 1233 2045 ἀντὶ
1272 1992 1472 2065 φωνῆς.
1504 1992 1616 2047 Καὶ
1662 1991 1868 2049 τοῦτοό

299 2080 513 2146 Λουκᾶς
563 2081 739 2155 δηλῶν
795 2099 981 2155 φησιν,
1036 2083 1119 2137 ὅτι
1166 2082 1449 2155 ἐνέϐλεψεν
1504 2086 1584 2148 είς
1632 2084 1794 2140 αὐτὸν
1838 2085 1868 2139 6

299 2175 533 2246 Χριστός

368 2292 568 2383 Ἐρὼτ.
604 2316 710 2380 κγ’.
735 2329 754 2362 ι
783 2311 893 2364 Καὶ
922 2310 1151 2377 ἐξελθὼν
1179 2312 1283 2379 ἐξω
1307 2313 1537 2370 ἔκλαυσε
1569 2317 1801 2389 πικρῶς.
1840 2336 1860 2371 ι

296 2400 395 2456 Διὰ
421 2403 474 2456 τί
501 2402 733 2469 ἐξελθὼν
745 2402 851 2468 ἐξω
875 2402 1168 2472 ἐκλαυσεν;

378 2493 567 2548 Ἀπόκ.
607 2494 824 2566 Ἐπειδὴ
876 2494 976 2548 οὑκ
1023 2495 1223 2567 ἐτόλμα
1270 2497 1517 2569 φανερῶς
1559 2497 1867 2571 ἔμπροσθεν

300 2579 536 2646 πάντων,
568 2581 660 2636 ἵνα
711 2581 786 2653 μὴ
834 2584 1185 2657 κατηγορηθῇ
1228 2585 1317 2640 διὰ
1349 2586 1455 2641 τῶν
1473 2588 1740 2662 δακρύων,
1775 2591 1868 2644 καῖ⁹

298 2672 509 2744 γνωσθῇ
545 2672 788 2745 μαθητὴς
825 2673 990 2729 αὐτοῦ
1010 2671 1168 2729 εἶναι.

370 2755 568 2835 Ἐρώτ.
588 2764 686 2821 κδ’.
718 2782 737 2816 ι
758 2764 1076 2822 Ἐσθιόντων
1092 2768 1150 2821 δὲ
1178 2764 1332 2824 εἶπεν
1358 2769 1541 2834 αὐτοῖς
1567 2773 1596 2825 6
1611 2771 1863 2844 Χριστὸς,

297 2853 378 2907 ὅτι
427 2851 524 2919 Εἷς
563 2854 625 2921 ἐξ
647 2856 801 2928 ὑμῶν
838 2858 1148 2930 παραδώσει
1175 2877 1265 2930 με.
1308 2880 1327 2913 ι
1359 2861 1457 2916 Διὰ
1488 2862 1561 2927 τί,
1581 2863 1866 2919 ἐσθιόντων

297 2946 492 3014 αὐτῶν,
517 2951 647 3019 περί
667 2950 769 3021 τῆς
794 2951 1080 3023 προδοσίας
1105 2949 1292 3017 αὐτοῖς
1323 2953 1629 3024 διαλέγεται
1650 2972 1665 3022 ;

367 3031 565 3094 ’Λπόκ.
592 3041 712 3096 Ἵνα
736 3042 831 3097 καὶ
848 3041 957 3097 ἀπὸ
985 3041 1080 3097 τοῦ
1110 3042 1305 3116 καιροῦ
1335 3045 1429 3099 καὶ
1463 3045 1565 3116 τῆς
1590 3045 1867 3118 τραπέζης

295 3127 437 3204 δείξῃ
467 3129 567 3203 τὴν
594 3132 860 3204 πονηρίαν
881 3132 976 3187 τοῦ
1008 3132 1290 3207 προδότου.
1313 3136 1423 3189 Καὶ
1448 3136 1556 3209 γὰρ
1584 3137 1678 3191 καὶ
1703 3138 1864 3204 αὐτὸς

302 3220 411 3274 ἐκεῖ
435 3214 644 3295 ¹ιέαρῆν.

375 3310 566 3381 Ἐρώτ.
600 3318 700 3368 κε’.
742 3330 761 3365 ι
800 3307 896 3377 Εἷς
925 3311 987 3380 ἐξ
1005 3314 1158 3386 ὑμῶν
1178 3314 1487 3389 παραδώσει
1519 3334 1608 3388 με.
1639 3334 1659 3369 3
1686 3316 1784 3371 Διὰ
1814 3315 1867 3371 τί

297 3400 394 3454 οὐκ
411 3398 582 3457 εἶπεν·
614 3405 672 3458 '0
695 3404 844 3460 δεῖνά
879 3422 947 3477 με
974 3405 1306 3479 παραδώσει’
1329 3407 1442 3462 ἀλλ’
1468 3427 1487 3461 ι
1512 3396 1606 3472 Εἷς
1634 3405 1694 3473 ἐξ
1713 3406 1868 3479 ὑμῶν

301 3492 604 3563 παραδώσει
631 3511 722 3565 με,
750 3513 770 3546 3
809 3494 1121 3567 φειδόμενος
1146 3496 1242 3549 καὶ
1270 3496 1327 3549 ἐν
1357 3496 1529 3566 τούτῳ
1553 3512 1569 3561 ;

369 3576 564 3636 ’Δπόκ.
600 3583 919 3656 Φειδόμενος
954 3586 1051 3640 καὶ
1099 3588 1158 3640 ἐν
1190 3585 1365 3658 τούτῳ
1414 3585 1510 3640 τοῦ
1564 3586 1822 3658 προδότου
1845 3603 1861 3618 ο

297 3672 430 3729 ὥστε
462 3676 629 3731 πάλιν
649 3676 833 3731 δοῦναι
886 3677 1033 3749 αὐτῷ
1061 3679 1348 3749 μετανοίας
1379 3677 1625 3743 ἐξουσίαν
1656 3677 1751 3733 τοῦ
1775 3678 1866 3732 λα-

282 3766 427 3823 θεῖν.
464 3770 578 3822 Καὶ
612 3771 849 3841 αἱρεῖται
886 3771 1121 3842 φοϐῆσαι
1150 3770 1397 3835 ἅπαντας
1449 3772 1589 3844 ὑπὲρ
1615 3770 1709 3824 τοῦ
1746 3770 1865 3823 δια-

306 3860 470 3913 σῶσαι
486 3861 700 3916 τοῦτον.

382 3971 573 4044 Έριὶιτ.
596 3979 710 4038 κς’.
735 3991 754 4025 ι
776 3968 955 4027 Ἦσαν
979 3973 1039 4028 δέ
1064 3973 1160 4031 καὶ
1188 3977 1245 4031 αἱ
1264 3977 1517 4045 γυναῖκες
1545 3974 1867 4029 συνακολου-

297 4064 527 4138 θήσασαι
552 4068 662 4122 ἀπὸ
690 4068 790 4140 τῆς
820 4068 1126 4132 Γαλιλαίας.
1167 4089 1186 4122 3
1220 4069 1321 4123 Διὰ
1360 4068 1412 4123 τί
1453 4070 1721 4140 μέμνηται
1760 4070 1867 4124 τῶν

296 4159 568 4224 γυναικῶν
596 4160 705 4215 τῶν
723 4159 1271 4232 συνακολουθησασῶν
1304 4159 1482 4230 etin-qi;

362 4247 552 4304 ’Δπόκ.
584 4251 774 4315 Ὅπως
801 4250 949 4325 δείξῃ
967 4251 1066 4322 τὴν
1093 4252 1292 4324 πολλὴν
1317 4252 1494 4306 αὐτῶν
1516 4251 1865 4324 προσεδρίαν,

294 4339 386 4392 καὶ
415 4340 498 4393 ὅτι
565 4340 729 4412 μέχρι
771 4339 879 4395 τῶν
928 4339 1188 4396 κινδύνων
1217 4343 1491 4414 παρῇσαν.
1526 4343 1655 4396 Ὅτε
1678 4343 1788 4415 γὰρ
1817 4344 1866 4396 οἱ

299 4430 533 4503 μαθηταὶ
569 4432 791 4502 ἔφυγον,
826 4426 986 4487 αὗται
1017 4434 1507 4506 προσεκαρτέρουν.

1968 596 2056 653 bis
2080 598 2148 652 ".
2190 616 2210 651 3
2241 596 2420 664 Quare
2462 597 2748 654 Mattbaeus
2780 599 2883 679 .ait
2924 599 3133 658 dixisse
3178 601 3339 658 Petro
3381 604 3546 660 Chri-

1969 696 2114 743 stum
2143 704 2157 740 :
2187 707 2206 741 ι
2232 690 2537 760 Antequam
2562 689 2737 760 gallus
2763 699 2945 747 cantet
2962 699 3045 747 ter
3060 708 3147 749 me
3166 693 3394 765 negabis
3409 693 3495 751 "f
3516 715 3536 748 3

1969 779 2186 837 Marcus
2210 792 2411 844 autem,
2441 781 2585 851 quod
2614 797 2737 837 cum
2771 783 2940 839 semel
2967 792 3241 856 negasset,
3272 795 3402 841 tunc
3426 789 3544 858 pri-

1969 869 2117 926 mum
2150 873 2455 928 cantavcrit
2491 874 2666 945 gallus
2695 889 2708 926 :
2735 889 2859 930 cum
2912 884 3093 931 autem
3134 885 3219 933 ter
3256 886 3535 949 negasset,

1969 970 2102 1018 tunc
2141 964 2385 1019 secundo
2425 966 2767 1021 cantavcrit?
2796 965 3083 1034 Quomodo
3114 977 3406 1040 utrumque
3439 985 3536 1026 ve—

1970 1070 2092 1109 rum
2122 1055 2275 1111 erit?

2039 1166 2106 1222 R.
2132 1167 2269 1236 Quia
2298 1185 2625 1242 unaquaque
2649 1171 2768 1228 vice
2792 1179 2874 1226 ter
2898 1180 2952 1229 et
2976 1181 3172 1246 quater
3198 1175 3374 1247 gallus
3403 1190 3535 1232 can-

1968 1266 2088 1315 tare
2118 1261 2278 1323 solet,
2313 1268 2372 1315 ut
2416 1263 2724 1319 ostenderet
2764 1262 2978 1320 Marcus
3024 1281 3364 1337 nequaquam
3404 1267 3532 1338 galli

1966 1365 2153 1405 vocem
2184 1351 2499 1408 cohibuisse
2543 1346 2784 1418 Petrum,
2814 1361 2869 1410 et
2903 1354 2968 1408 ad
3005 1356 3323 1411 memoriam
3351 1356 3534 1413 Domi-

1966 1441 2104 1497 nica:
2171 1442 2324 1499 vocis
2384 1458 2692 1509 revocasse,
2747 1445 2820 1498 ita
2877 1438 3102 1502 ‘l'ocutus
3176 1454 3278 1503 est.
3326 1445 3405 1503 Ita
3469 1458 3534 1505 ut

1965 1540 2257 1605 utrumque
2307 1533 2379 1588 sit
2408 1549 2618 1589 verum.
2657 1535 2963 1608 Antequam
3012 1536 3160 1593 enim
3208 1554 3307 1609 pro
3352 1539 3531 1610 prima

1964 1624 2083 1680 vice
2108 1625 2416 1682 absolveret
2438 1634 2659 1681 cantum
2685 1628 2887 1699 gallus,
2907 1636 2989 1683 ter
3004 1630 3240 1701 negavit.
3267 1630 3344 1685 Ita
3365 1646 3532 1701 porro

1966 1713 2329 1782 formidabat,
2377 1716 2453 1771 ita
2499 1723 2711 1773 terrore
2747 1725 2942 1787 captus
2991 1725 3045 1771 et
3085 1716 3243 1788 quasi
3284 1725 3533 1773 mortuus

1966 1812 2104 1871 erat,
2155 1814 2215 1860 ut
2258 1821 2366 1861 non
2414 1807 2576 1862 modo
2612 1815 2858 1877 negaret,
2903 1807 2999 1864 sed
3042 1808 3331 1878 nequidem
3368 1823 3435 1864 ex
3471 1824 3533 1864 se

1968 1896 2117 1953 illius
2165 1887 2297 1953 dicti
2345 1898 2747 1960 recordaretur.
2780 1897 2995 1954 etiamsi
3038 1907 3290 1955 cantaret
3329 1899 3529 1977 gallps,

1967 1989 2142 2045 donec
2202 1990 2283 2044 illi
2349 1990 2502 2047 vocis
2563 1991 2686 2046 loco
2741 1991 2917 2046 adfuit
2966 1991 3217 2062 magistri
3274 1991 3531 2047 intuitus.

1967 2078 2121 2146 Quod
2162 2079 2450 2136 declarans
2495 2078 2674 2136 Lucas
2718 2081 2815 2147 ait,
2864 2079 3010 2152 quod
3054 2082 3360 2152 respexerit
3404 2096 3531 2137 eum

1965 2170 2218 2228 Christus
2247 2171 2337 2227 ⁹³·.

2034 2306 2102 2375 Q.
2126 2307 2217 2362 25.
2244 2325 2264 2358 ι
2297 2304 2364 2359 Ει
2385 2319 2639 2372 egressus
2669 2304 2815 2360 foras
2845 2302 2990 2359 flevit
3015 2317 3199 2359 amare
3213 2304 3281 2360 “.
3312 2323 3329 2358 3
3352 2302 3534 2369 Quare

1966 2395 2115 2452 foras
2142 2411 2394 2466 egressus
2427 2393 2619 2450 flevit?
3074 2408 3082 2416 ·

2040 2485 2109 2543 R.
2148 2486 2285 2554 Quia
2335 2487 2388 2541 id
2415 2502 2523 2541 non
2568 2485 2804 2541 audebat
2853 2484 3029 2555 palam
3066 2493 3119 2540 et
3146 2500 3328 2540 coram
3364 2483 3536 2541 omni-

1966 2580 2091 2646 bus,
2130 2596 2199 2636 ne
2241 2580 2357 2636 suis
2409 2578 2664 2650 lacryntis
2716 2586 3090 2643 accusaretur,
3135 2585 3192 2632 et
3229 2578 3533 2650 discipulus

1967 2672 2114 2728 illius
2137 2687 2258 2727 esse
2284 2670 2807 2741 deprehenderet-3r.

2036 2763 2102 2831 Q.
2131 2764 2221 2818 24.
2256 2782 2275 2815 ι
2306 2762 2602 2818 Edentibus
2625 2762 2768 2827 istis,
2787 2762 2925 2816 dixit
2953 2760 3035 2818 eis
3061 2760 3313 2819 Christus
3337 2779 3352 2816 :
3378 2760 3534 2818 Unus

1965 2867 2206 2913 vestrum
2248 2872 2334 2912 me
2376 2855 2677 2911 traditurus
2723 2863 2808 2911 est
2833 2858 2901 2911 ⁸⁸.
2955 2876 2975 2910 3
3013 2855 3196 2923 Quare
3244 2854 3535 2911 edentibus

1967 2948 2077 3004 illis
2107 2949 2173 3004 de
2201 2949 2511 3019 proditione
2534 2947 2817 3018 loquitur?

2038 3041 2108 3098 Β.
2156 3041 2227 3097 Ut
2269 3057 2300 3096 a
2352 3049 2595 3111 tempore
2639 3053 2845 3095 mensa:
2875 3038 3183 3097 ostenderet
3231 3034 3529 3109 proditoris

1969 3134 2289 3206 nequitiam.
2320 3132 2455 3187 Nam
2481 3133 2669 3187 aderat
2697 3132 2809 3188 ille.

2036 3310 2083 3380 Q
2131 3311 2221 3366 25.
2252 3331 2273 3364 ι
2305 3312 2463 3369 Unus
2490 3321 2730 3369 vestrum
2749 3327 2834 3368 me
2858 3311 3165 3366 traditurus
3179 3317 3284 3366 est.
3311 3328 3331 3362 3
3352 3307 3537 3375 Quare

1966 3419 2076 3458 non
2114 3404 2252 3458 dixit
2289 3423 2302 3459 :
2330 3402 2423 3459 llle
2453 3418 2541 3459 me
2563 3405 2770 3472 tradet;
2804 3403 2899 3463 sed
2936 3422 2955 3455 ι
2987 3402 3143 3460 Unus
3169 3412 3411 3460 vestrum
3448 3416 3538 3458 me

1966 3495 2178 3559 tradet,
2206 3514 2226 3548 3
2260 3502 2320 3550 ut
2345 3503 2400 3550 et
2425 3495 2482 3550 in
2514 3496 2619 3550 hoc
2651 3496 2729 3549 illi
2759 3496 3045 3567 parceret?

2037 3587 2105 3642 ιι.
2133 3585 2205 3641 Ut
2237 3586 2294 3641 in
2325 3584 2429 3640 hoc
2470 3594 2720 3655 parceret
2746 3585 3032 3656 proditori,
3050 3584 3314 3655 daretque
3345 3581 3419 3636 illi
3446 3581 3529 3636 lo-

1966 3693 2091 3734 cum
2129 3677 2424 3748 paenitendi
2453 3684 2508 3731 et
2542 3676 2763 3731 latendi.
2792 3674 3084 3746 Voluitque
3103 3688 3298 3731 omnes
3323 3680 3537 3744 perter-

1966 3769 2232 3834 refaeere,
2261 3780 2320 3824 ut
2342 3768 2489 3824 hunc
2515 3768 2727 3823 salvum
2750 3766 2975 3822 faceret.

2037 3977 2101 4045 Q.
2128 3976 2218 4032 26.
2255 3994 2275 4028 ι
2323 3974 2492 4030 Erant
2534 3979 2713 4028 autem
2759 3980 2812 4028 et
2856 3970 3115 4026 mulieres
3162 3984 3285 4041 quae
3332 3976 3535 4024 secuta:

1968 4067 2184 4122 fuerant
2231 4080 2355 4120 eum
2405 4078 2434 4117 a
2480 4062 2700 4118 Galilaaa
2729 4062 2793 4115 ".
2836 4061 3069 4126 3‘Quare
3115 4064 3382 4114 memorat
3422 4074 3537 4113 mu-

1967 4163 2131 4217 lieres
2162 4174 2282 4230 quaa
2310 4164 2511 4213 secutae
2537 4156 2754 4209 fuerant
2776 4153 2941 4209 eum?

2037 4252 2103 4307 Β.
2149 4250 2220 4306 Ut
2253 4264 2504 4319 magnam
2548 4246 2867 4303 ostenderet
2896 4260 3084 4300 earum
3128 4241 3531 4307 assiduitatem,

1966 4345 2221 4416 quodque
2253 4343 2321 4397 ad
2367 4341 2616 4413 pericula
2649 4355 2825 4409 usque
2853 4337 3175 4393 adfuissent.
3204 4336 3340 4392 Cum
3380 4332 3538 4405 fuge-

1968 4444 2089 4491 rent
2119 4450 2354 4505 namque
2383 4432 2655 4502 discipuli,
2691 4417 2795 4485 illa:
2827 4429 3273 4502 perseverabant.

360 4521 553 4594 Ἐρώτ.
574 4525 678 4587 κζ’.
700 4543 719 4576 ι
740 4523 866 4588 Πῶς
880 4525 966 4588 σὺ,
986 4524 1169 4594 φησιν,
1186 4523 1433 4588 Ἰουδαῖος
1447 4524 1522 4578 ὣν
1538 4524 1717 4595 ζητεῖς
1737 4523 1865 4594 παρ’

2038 4524 2102 4593 ρ.
2136 4525 2226 4579 27.
2267 4544 2286 4576 ι
2322 4522 2502 4590 Quare
2534 4530 2616 4590 tu,
2644 4521 2866 4578 Iudaeus
2895 4536 3018 4575 cum
3050 4520 3150 4582 sis.
3182 4518 3368 4573 bibere
3398 4529 3537 4570 ante

296 4611 424 4682 ἐμοῦ
455 4615 599 4665 πιεῖν
624 4611 788 4684 ὕδωρ,
812 4611 1195 4685 Σαμαρείτιδος
1215 4611 1416 4685 οῦσης;
1457 4631 1475 4665 3
1500 4613 1671 4666 Πόθεν
1702 4612 1863 4667 αὐτόν

298 4704 626 4775 γνωρίσασα,
649 4705 900 4759 Ἰουδαῖον
925 4702 1063 4761 εἶναι
1088 4743 1105 4772 ,
1133 4705 1268 4777 φησι
1302 4705 1438 4778 πρὸς
1470 4704 1663 4758 αὐτόν·
1692 4724 1711 4757 ι
1737 4704 1862 4768 Πῶς

299 4794 361 4846 σὺ
388 4793 641 4860 Ἰουδαῖος
673 4794 779 4862 ὤν;
802 4815 824 4849 3

356 4896 551 4968 Ἀπόκ.
603 4910 740 4964 Ἀπὸ
784 4908 881 4964 τοῦ
945 4911 1243 4983 σχήματος,
1301 4911 1433 4974 ἴσως
1475 4908 1569 4963 καὶ
1603 4908 1703 4981 τῆς
1751 4911 1867 4962 δια-

298 4999 509 5067 λέξεως.

358 5090 555 5165 Ἐρὼτ.
568 5100 678 5164 κη’.
700 5111 720 5145 ι
743 5092 855 5146 Καὶ
878 5091 1131 5165 ἐγέννησε
1151 5092 1242 5146 τὸν
1260 5091 1375 5146 υἱὸν
1409 5091 1583 5163 αὐτῆς
1607 5088 1697 5143 τὸν
1724 5106 1870 5161 πρω-

300 5182 527 5243 τότοκον.
567 5187 611 5254 3!
640 5184 742 5239 Διὰ
788 5183 842 5238 τί
868 5180 1010 5249 εἷπε,
1059 5203 1079 5237 ι
1114 5182 1499 5257 πρωτότοκον;
1538 5202 1557 5235 3
1593 5180 1727 5235 Οὑδέ
1761 5181 1870 5253 γὰρ

302 5274 446 5346 ἔσχεν
469 5278 629 5333 ἄλλον
656 5278 771 5332 υἱδν
796 5279 832 5350 ἠ
862 5276 1112 5346 Παναγία

372 5356 562 5417 ’Δπόιι
599 5362 826 5436 Ἐπειδὴ
853 5365 987 5430 Θεὸς
1015 5367 1273 5438 ὑπάρχων
1297 5367 1546 5439 ἀληθινὸς
1567 5369 1596 5421 ὀ
1618 5368 1676 5435 ἐξ
1704 5368 1875 5439 αὐτῆς

298 5453 596 5523 (αρκυοθεὶς
654 5454 868 5529 Κύριος
903 5457 1062 5529 ήμῶν
1103 5458 1310 5530 Ἰησοῦς
1347 5460 1610 5531 Χριστὸς,
1650 5460 1872 5529 γέγονεν

299 5547 443 5620 ἡμῶν
466 5551 554 5608 διὰ
581 5552 686 5624 τὴν
732 5550 1010 5623 σάρκωσιν
1042 5548 1286 5619 ἁδελφὸς,
1310 5549 1500 5603 τούτου
1545 5549 1704 5621 χάριν
1739 5548 1872 5602 ὠνο-

380 5732 425 5765 ⁹¹
464 5731 662 5788 Matth.
722 5745 886 5785 xxvi.
921 5726 1013 5783 36.
1109 5728 1157 5762 θ’
1194 5728 1362 5783 Marc.
1403 5743 1517 5787 xiv,
1586 5726 1676 5782 5|.

1773 5727 1842 5758 "°
1883 5723 2017 5781 Luc.
2056 5742 2204 5796 xm,
2252 5723 2346 5784 61.

281 5801 334 5877 .33
368 5802 557 5860 nam].
600 5816 789 5867 nm,
828 5799 914 5857 55,
997 5798 1042 5830 "
1080 5795 1212 5853 Luc.
1256 5815 1328 5866 ιι,
1364 5798 1414 5854 7.
1488 5798 1534 5833 ⁸⁸
1572 5796 1731 5852 Joan.
1772 5812 1846 5866 tv,
1882 5796 1933 5851 5.

1970 4618 2154 4690 poscis
2211 4632 2433 4688 aquam,
2486 4631 2606 4687 qua:
2660 4630 2781 4670 sum
2842 4609 3185 4668 Samaritana
3217 4605 3538 4665 "23Unde

1967 4717 2133 4783 gnara
2155 4708 2401 4764 Judaeum
2434 4707 2586 4762 illum
2617 4719 2763 4770 esse,
2797 4703 2872 4757 ait
2900 4703 2979 4757 illi
3008 4720 3021 4757 :
3059 4717 3078 4752 ι
3115 4699 3296 4767 Quare
3326 4705 3407 4764 tu,
3438 4693 3537 4749 Ju-

1964 4805 2113 4860 daeus
2138 4818 2263 4858 cum
2298 4800 2416 4857 sis?
2449 4817 2470 4852 3

2038 4914 2202 4987 256
2223 4911 2292 4972 Β.
2318 4910 2396 4966 Ex
2424 4909 2637 4974 habitu,
2663 4915 2718 4963 et
2749 4904 2982 4962 fortasse
3011 4919 3079 4960 ex
3104 4901 3357 4959 dialecto.

2037 5092 2103 5159 Q.
2146 5090 2238 5145 ‘28.
2293 5106 2314 5142 ι
2366 5089 2433 5143 Ει
2484 5088 2693 5160 peperit
2743 5085 2913 5141 filium
2974 5095 3136 5140 suum
3197 5075 3536 5152 primogeni-

1968 5193 2084 5238 tum
2109 5181 2155 5214 "
2190 5219 2204 5233 .
2242 5199 2261 5233 3
2292 5178 2473 5245 Quare
2520 5179 2680 5243 dixit,
2724 5196 2743 5229 ι
2790 5170 3247 5247 primogenitum?
3283 5187 3303 5222 3
3349 5166 3538 5239 Neque

1968 5274 2112 5329 enim
2135 5273 2301 5326 alium
2333 5270 2525 5325 habuit
2557 5270 2726 5324 lilium
2761 5256 3109 5323 sanctissima
3133 5259 3364 5332 (Virgo).

2038 5363 2105 5419 Β.
2137 5362 2277 5431 Quia
2306 5361 2449 5418 Deus
2478 5375 2602 5416 cum
2632 5366 2778 5415 esset
2800 5372 2965 5413 verus
2987 5355 3081 5425 qui
3114 5369 3181 5408 ex
3214 5352 3304 5405 illa
3349 5351 3563 5405 incarr

1969 5464 2133 5510 natus
2182 5463 2266 5510 est
2305 5452 2567 5507 Dominus
2610 5456 2799 5504 noster
2842 5444 3004 5503 Jesus
3038 5443 3313 5502 Christus.
3358 5441 3536 5496 factus

1969 5553 2054 5602 est
2093 5560 2189 5617 per
2227 5543 2657 5599 incarnationem
2704 5536 2871 5592 frater
2914 5542 3123 5601 noster,
3179 5529 3534 5604 quamobrem

2440 5721 2490 5757 “
2527 5718 2721 5781 Matth.
2772 5733 2938 5784 xxvi,
2974 5716 3063 5772 τε.
3160 5716 3205 5750 ⁸³
3245 5712 3382 5770 ibid.
3443 5710 3536 5766 2t.
