4088 6382
567 352 670 424 rei

1665 349 1726 407 S.
1763 341 2224 402 ATHANASIUS.
2255 369 2328 384 —-
2357 337 2626 396 SPURIA.

3692 327 3804 386 708

565 488 791 538 vocatus
809 485 892 536 est
917 473 1328 550 primogenitus,
1352 474 1540 542 utpote
1559 466 1655 538 qui
1677 465 1880 538 primas
1900 463 2123 518 haberet
2148 513 2151 522 ,

2244 457 2411 531 ιάσθη
2479 453 2822 531 πρωτότοκος
2840 491 2856 519 ,
2903 450 2979 515 ὡς
3033 446 3330 523 πρωτεύων
3388 448 3448 502 ὲν
3485 449 3653 504 πᾶσιν
3703 449 3802 502 αὑ-

563 575 622 628 in
649 571 920 637 omnibus.

631 663 700 730 Q.
717 663 810 718 29.
839 681 858 713 ι
889 660 955 713 Et
977 655 1260 713 reclinavit
1280 669 1404 710 eum
1430 651 1487 707 in
1507 649 1771 723 praesepio
1790 649 1858 700 θ’.
1898 664 1918 698 ι
1944 643 2122 712 Quare

562 757 618 811 in
649 754 909 824 praesepio
939 752 1240 807 reclinatus
1272 747 1424 802 fuit?

630 843 696 898 R.
723 841 792 898 Ut
822 857 922 897 nos
950 843 1018 896 ab
1040 835 1516 895 irrationabilitate
1535 835 1817 897 liberaret,
1836 831 2122 886 brutorum

561 936 749 992 relicta
791 936 936 1000 vita;
967 933 1338 1001 tribueretque
1365 927 1684 984 hominibus
1729 931 2124 994 congruentem

561 1026 906 1098 prudentiam

613 1117 694 1185 'Q.
719 1118 808 1173 30.
843 1136 862 1170 ι
895 1115 1067 1172 lIomo
1108 1113 1477 1170 descendebat
1506 1111 1575 1166 ab
1599 1107 1902 1166 Jerusalem
1947 1106 2004 1160 in
2035 1104 2126 1161 Je-

561 1210 734 1274 richo,
764 1220 817 1264 et
845 1209 1038 1264 incidit
1067 1209 1120 1262 in
1150 1207 1392 1262 latrones
1409 1205 1448 1262 ⁸.
1470 1223 1490 1256 ›
1511 1202 1648 1270 Quis
1667 1201 1865 1256 homo?
1890 1197 2022 1266 Quae
2043 1196 2130 1254 Je-

562 1299 836 1356 rusalem?
861 1297 994 1366 Quae
1015 1295 1274 1354 Jericho?
1295 1296 1399 1363 Qui
1423 1293 1709 1350 latrones?

632 1467 703 1526 Β.
732 1469 906 1526 Homo
925 1475 1011 1525 est
1035 1440 1246 1535 Adam.;
1275 1465 1600 1529 Jerusalem,
1629 1463 1916 1538 paradisus
1944 1480 1960 1531 ;
1985 1459 2125 1518 Jeri-

563 1561 688 1624 cbo,
718 1561 808 1616 hic
839 1558 1077 1614 mundus
1103 1576 1118 1625 ;
1160 1559 1424 1621 latrones,
1454 1557 1745 1613 daemones.

561 1775 564 1782 .
636 1733 807 1801 Q.’5l.
826 1733 970 1790 Casu
999 1740 1178 1789 autem
1209 1730 1463 1787 sacerdos
1489 1731 1706 1804 quidam
1733 1729 1922 1786 videns
1941 1730 1962 1760 ⁸
1979 1744 2126 1795 eum,

2220 547 2333 614 τός.

2292 639 2484 714 Ἐρώτ.
2518 639 2621 696 κθ⁹.
2655 659 2674 692 ι
2702 638 2812 692 Καὶ
2837 635 3110 691 ἀνέκλινεν
3143 632 3307 689 αὐτὸν
3349 633 3406 686 ὲν
3437 634 3505 704 τῇ
3547 631 3746 706 φάτνῃ.
3776 649 3795 684 ι

2224 731 2324 786 Διά
2351 731 2403 785 τί
2431 734 2490 786 ἐν
2517 734 2584 804 τῇ
2613 730 2786 800 φάτνῃ
2820 724 3107 796 ἀνεκλίθης

2295 823 2483 878 Ἀπόκ.
2507 824 2624 876 ἰνα
2643 822 2790 895 ἡμᾶς
2809 819 2909 890 τῆς
2941 817 3160 887 ἀλογίας
3180 813 3540 888 ἐλευθερώσῃ,
3557 815 3650 867 τὸν
3671 829 3804 884 κτη-

2226 933 2473 989 νοπρεπη
2525 911 2962 986 μεταμείψαντας
3016 910 3160 982 βίον,
3213 909 3308 963 καὶ
3350 908 3449 980 τὴν
3497 905 3803 980 ἀνθρώποις

2229 1008 2542 1080 πρέπουσαν
2563 1005 2817 1078 παράσχῃ
2845 1003 3079 1058 σύνεσιν.

2295 1097 2488 1172 Ἐρώτ.
2515 1098 2579 1153 λ’.
2605 1117 2623 1150 ι
2656 1095 2970 1168 Ἀνθρωπος
2991 1091 3310 1148 κατέϐαινεν
3323 1090 3805 1178 ἀπὸτῐερουσαλὴμ

2229 1193 2312 1256 εἰς
2353 1189 2582 1263 Ἱεριχὼ,
2611 1188 2706 1242 καὶ
2743 1186 2966 1258 λῃσταῖς
3000 1183 3313 1256 περιέπεσε.
3344 1203 3363 1235 ι
3398 1183 3494 1247 Τίς
3531 1183 3560 1235 6
3597 1181 3806 1255 ἄνθρω-

2233 1301 2354 1348 πος,
2397 1281 2491 1336 καὶ
2545 1279 2630 1343 τίς
2672 1280 2706 1351 ἠ
2749 1275 3122 1350 Ἰερουσαλὴμ,
3150 1275 3245 1329 καὶ
3282 1273 3423 1347 τίςή
3457 1273 3686 1345 Ἰεριχὼ,
3711 1271 3806 1328 καὶ¹

2227 1375 2372 1438 τίνες
2397 1375 2446 1427 οἱ
2483 1369 2676 1445 λῃσταί
2696 1387 2712 1438 ;
3687 1433 3690 1436 ,

2312 1465 2502 1518 ’Λπόκ.
2534 1462 2851 1534 Ἀνθρωπος
2883 1459 2982 1531 μὲν
3005 1461 3034 1514 6
3057 1459 3260 1530 Ἀδάμ·
3299 1455 3654 1529 Ἰερουσαλὴμ
3687 1455 3742 1509 δὲ
3777 1459 3807 1510 6

2230 1556 2558 1629 παράδεισος
2581 1570 2594 1584 ·
2635 1551 2842 1626 Ἱεριχὼ
2873 1552 2930 1606 δὲ
2965 1545 3118 1616 οὗτος
3156 1554 3185 1606 6
3219 1550 3419 1622 κόσμος
3441 1566 3454 1580 ·
3487 1549 3580 1602 κατ⁵
3613 1548 3808 1623 λῃσταὶ
3863 1566 3866 1570 '

2229 1651 2278 1700 οἱ
2305 1649 2578 1718 δαίμονες.

2302 1737 2494 1812 Ἐρὼτ.
2519 1739 2618 1791 λα’.
2644 1735 2800 1790 Κατά
2819 1733 3114 1806 συγκυρίαν
3129 1733 3184 1788 δὲ
3209 1736 3250 1787 ίε
3260 1733 3384 1806 ped;
3406 1751 3485 1797 τις
3504 1731 3627 1788 ἰδὼν
3645 1730 3808 1784 αὐτὸν

569 1825 940 1896 pertransivit.
974 1823 1157 1878 Levita
1208 1822 1476 1877 similiter.
1525 1821 1900 1876 Samaritanus
1946 1828 2128 1876 autem

2244 1811 2631 1901 ἀντιπαρῆλθε·
2670 1829 2764 1881 καὶ
2826 1826 3044 1898 λευῖτης
3103 1825 3325 1896 ὁμοίως.
3365 1821 3708 1896 Σαμαρείτης
3751 1823 3810 1878 δὲ

569 1916 762 1972 videns
793 1930 940 1978 eum,
969 1911 1346 1969 misericordia
1373 1921 1555 1967 motus
1581 1919 1685 1974 est,
1712 1921 1766 1967 et
1806 1912 1992 1983 ligavit
2022 1915 2138 1968 vul-

565 2023 701 2064 nera
745 2007 883 2077 ejus.
929 2005 1070 2073 Quid
1119 2005 1272 2067 illud,
1310 2023 1330 2056 ι
1381 2005 1565 2060 Casu?
1617 2023 1636 2058 ι
1666 2003 1803 2072 Quis
1838 2005 2137 2062 sacerdos?

567 2096 702 2164 Quis
730 2096 949 2152 Levita?
973 2095 1108 2162 Quis
1135 2094 1558 2152 Samaritanus?

635 2187 702 2244 Ii.
751 2187 908 2250 illud.
945 2207 965 2240 ι
1003 2187 1170 2253 Casu,
1213 2207 1233 2240 ι
1269 2187 1324 2242 id
1363 2197 1470 2251 est,
1511 2203 1578 2242 ex
1608 2184 1809 2240 ‘divina
1845 2186 2138 2257 providen-

565 2280 662 2336 tia.
705 2277 974 2335 Sacerdos
1002 2285 1090 2334 est
1111 2279 1202 2332 lex
1232 2294 1250 2344 ;
1285 2275 1495 2340 Levita,
1527 2275 1774 2346 magistri
1807 2291 1875 2332 ex
1897 2275 2138 2334 Levitico

564 2367 870 2426 sacerdotio
897 2385 913 2436 ;
945 2367 1346 2433 Samaritanus,
1375 2364 1648 2422 Christus.

630 2569 700 2638 Q.
730 2570 819 2626 52.
843 2567 1026 2635 Quare
1051 2566 1255 2624 dicitur
1274 2565 1675 2632 Samaritanus,
1703 2564 1999 2623 Christus?

635 2744 705 2800 Β.
743 2744 882 2812 Quia
918 2741 1093 2799 Judaei
1137 2741 1292 2797 illum
1335 2740 1413 2796 ita
1441 2750 1826 2813 nuncuparant
1854 2741 2087 2798 dicendo
2121 2760 2134 2798 :

571 2853 595 2890 ι
637 2834 1022 2892 Samaritanus
1049 2851 1132 2899 es,
1159 2844 1214 2890 et
1239 2835 1566 2890 daemonium
1593 2835 1827 2892 habes".
1870 2856 1904 2910 ι,

640 2927 706 2995 Q.
739 2929 829 2983 53.
865 2945 884 2980 ι
920 2926 1150 2982 Factum
1177 2933 1260 2983 est
1293 2936 1497 2992 autem,
1521 2927 1719 2996 inquit,
1745 2935 1804 2984 ut
1842 2937 2142 2987 moreretur

569 3014 834 3080 Lazarus,
883 3023 938 3071 et
967 3023 1280 3087 portaretur
1337 3016 1406 3071 ab
1448 3017 1656 3086 angelis
1695 3019 1749 3074 in
1783 3019 1938 3076 sinus
1965 3019 2141 3076 Abra-

569 3108 654 3164 hae
674 3107 716 3164 ".
748 3093 970 3178 tﬂQuare
996 3106 1230 3162 moritur
1252 3105 1494 3164 Lazarus
1514 3110 1834 3180 priusquam
1858 3111 2042 3168 dives?

645 3285 722 3343 Β(
743 3287 817 3344 Ut
843 3287 1032 3343 nullus
1051 3285 1208 3343 diviti
1237 3288 1583 3345 excusationi
1623 3287 1777 3343 locus
1807 3287 2146 3358 relinquere-

577 3388 670 3436 tur
701 3399 716 3436 :
759 3381 908 3451 quod
945 3380 1156 3437 scilicet
1186 3379 1397 3456 aliquid
1433 3392 1758 3456 erogaturus
1789 3389 1938 3437 esset
1972 3382 2048 3436 illi
2077 3382 2148 3452 (si

573 3471 854 3542 vixisset.)
1862 3526 1864 3528 ,

649 3561 716 3630 Q.
734 3563 824 3623 54.
843 3585 868 3620 1
893 3564 1126 3624 Elevans
1141 3572 1324 3622 autem
1339 3566 1492 3624 dives
1505 3564 1696 3622 oculos
1707 3579 1838 3621 suos
1857 3579 1984 3620 cum
2001 3572 2149 3620 esset

575 3653 636 3715 in
666 3659 976 3724 tormentis,
1009 3658 1147 3713 vidit
1174 3657 1440 3713 Lazarum
1470 3659 1529 3713 in
1553 3657 1766 3714 sinibus
1793 3657 2027 3712 Abrahae
2049 3658 2091 3710 ⁸.
2123 3675 2143 3708 ι

575 3751 758 3820 Quare
811 3767 928 3806 non
971 3737 1130 3816 alibi,
1184 3749 1282 3806 sed
1331 3750 1389 3806 in
1435 3750 1650 3807 sinibus
1707 3749 1943 3806 Abrahae
2003 3749 2150 3806 videt

573 3843 842 3898 Lazarum
858 3843 882 3896 ἓ

653 3933 714 3988 Β.
761 3934 901 4000 Quia
947 3931 1092 3988 sicut
1127 3929 1393 3986 Adamum
1436 3928 1582 3985 Deus
1620 3929 1844 4000 ejiciens
1894 3944 1964 3984 ex
1991 3945 2150 4001 para-

579 4027 720 4092 dlSO,
763 4026 945 4096 posuit
1007 4025 1158 4079 illum
1199 4039 1230 4080 e
1272 4023 1492 4094 regione
1518 4061 1534 4086 ,
1593 4030 1656 4076 ut
1692 4021 1948 4077 assiduus
1995 4037 2154 4092 aspe-

580 4128 702 4172 ctus
749 4118 868 4188 ejus
919 4132 1212 4172 maerorem
1263 4130 1553 4180 renovans,
1581 4115 1850 4185 majorem
1903 4115 1980 4170 illi
2021 4131 2155 4184 pra:-

579 4209 737 4265 beret
766 4209 852 4264 sui
885 4225 916 4263 a
944 4209 1108 4264 bonis
1134 4209 1246 4264 illis
1291 4207 1480 4278 lapsus
1509 4221 1734 4262 sensum
1761 4223 1778 4274 ;
1810 4205 1884 4260 ita
1914 4214 1970 4262 et
1999 4206 2151 4260 illum

583 4316 616 4356 e
641 4301 860 4370 regione
889 4299 1082 4354 Lazari
1115 4297 1422 4367 constituit,
1447 4305 1509 4353 ut
1535 4296 1914 4354 vehementius
1940 4297 2155 4353 morde-

584 4399 758 4448 retur.

658 4483 721 4552 ρ.
753 4484 842 4540 ‘55.
891 4481 1074 4550 Quare
1125 4497 1235 4538 non
1273 4483 1333 4538 in
1380 4483 1488 4537 alio
1521 4482 1674 4553 justo
1709 4480 1846 4536 vidit
1887 4479 2150 4537 Lazarum
2183 4483 2230 4540 D

582 4578 735 4634 dives
761 4576 894 4643 ille;
922 4576 1016 4632 sed
1044 4575 1102 4630 in
1131 4576 1342 4631 sinibus
1366 4573 1642 4630 Abrahae?

651 4667 719 4722 Β.
751 4665 894 4734 Quia
937 4666 1223 4738 hospitalis
1269 4665 1543 4722 Abraham
1594 4663 1817 4730 fuerat;
1859 4673 1922 4740 ut
1967 4665 2156 4736 itaque

583 4767 904 4832 argueretur
942 4759 1014 4814 ob
1050 4773 1206 4814 suam
1251 4773 1380 4830 erga
1429 4757 1672 4828 hospites
1719 4757 2002 4823 saevitiam,
2053 4757 2158 4810 La-

583 4866 772 4906 zarum
815 4865 942 4905 cum
975 4850 1068 4905 illo
1090 4848 1258 4905 videt.
1301 4849 1398 4906 llle
1439 4865 1675 4920 namque
1700 4849 1941 4906 viatores
1990 4847 2155 4905 etiam

583 4939 890 5010 excipiebat
933 4939 994 5007 ⁶;
1045 4938 1135 4994 hic
1182 4955 1311 4997 vero
1362 4955 1488 4996 eum
1527 4941 1621 5012 qui
1671 4941 1820 4996 intus
1868 4946 1986 4996 erat
2035 4953 2164 4994 con-

583 5033 863 5088 temnebat
893 5033 935 5088 ’.

653 5124 719 5189 Q.
771 5123 860 5178 36.
921 5141 942 5176 ι
1013 5121 1174 5179 Pater
1234 5121 1536 5188 Abraham,
1597 5123 1862 5178 miserere
1914 5120 2022 5176 mei
2052 5119 2095 5174 ⁸.
2135 5137 2154 5170 ι

526 5282 530 5288 1
584 5215 766 5282 Quare
809 5231 917 5270 non
962 5213 1168 5270 Lazaro
1199 5229 1536 5270 .sermonem
1593 5213 1781 5284 dirigit
1831 5211 2006 5276 dives,
2063 5207 2162 5265 sed

557 5307 896 5376 ;Ahrahamo
918 5307 943 5360 ’ἒ

654 5416 720 5470 R.
770 5417 926 5485 Quod
969 5426 1356 5484 eruncsceret,
1392 5407 1482 5474 ὀι
1529 5418 1741 5489 pudore
1810 5424 2090 5474 teneretur
2145 5432 2162 5469 :

588 5509 812 5579 putabat
831 5511 973 5566 enim
993 5525 1117 5566 eum
1141 5510 1355 5581 injuriae
1380 5510 1543 5566 illatae
1559 5509 1881 5565 memoriam
1907 5507 2163 5564 retinere.

2241 1921 2361 1976 ἰδὼν
2383 1917 3015 1991 αὑτδνίὲσπλαγχνίσθη,
3035 1919 3128 1972 καὶ
3151 1917 3408 1988 κατέδησε
3429 1915 3495 1970 τὰ
3520 1915 3812 1988 τραύματα

2237 2010 2422 2066 αὐτοῦ.
2480 2011 2546 2064 Τί
2609 2006 2678 2082 ἦν
2734 2011 2816 2074 τὸ,
2856 2028 2875 2062 ι
2907 2009 3046 2064 κατά
3095 2009 3423 2080 συγκυρίαν;
3468 2028 3486 2061 ι
3523 2007 3617 2061 καὶ⁵
3655 2007 3743 2070 τίς
3782 2005 3812 2059 6

2239 2103 2448 2176 ἱερεύς;
2510 2103 2605 2156 καὶ
2664 2102 2748 2166 τίς
2781 2104 2810 2156 6
2853 2102 3106 2171 λευῖτης;
3142 2101 3235 2154 καὶ
3264 2100 3347 2166 τίς
3377 2099 3404 2154 6
3435 2098 3812 2171 Σαμαρείτηςς

2325 2194 2513 2249 ’Λπόκ.
2548 2193 2622 2248 Τὸ
2670 2193 2767 2264 μὲν
2801 2212 2821 2245 ‹
2852 2191 2996 2247 κατά
3049 2193 3346 2264 συγκυρίαν
3383 2210 3401 2242 ι
3438 2191 3620 2263 δηλοῖο
3657 2191 3720 2243 τὸ
3751 2191 3816 2243 ὲκ

2239 2286 2384 2350 θείας
2401 2285 2712 2358 οἰκονομίας
2732 2302 2746 2316 ο
2777 2284 2956 2358 ἱερεὺς
2977 2283 3036 2338 δέ
3063 2286 3209 2337 ἐστιν
3244 2285 3272 2337 6
3302 2284 3490 2354 νόμος·
3519 2281 3736 2354 λευῖτης
3757 2280 3816 2334 δὲ

2237 2377 2286 2430 οἱ
2319 2376 2427 2430 ἀπὸ
2456 2377 2554 2447 τῆς
2597 2375 2873 2447 λευῖτικῆς
2913 2373 3211 2448 ἱερωσύνης
3252 2373 3558 2428 διδάσκαλοι
3585 2389 3600 2403 σ
3631 2372 3815 2443 Σαμα-

2244 2469 2425 2542 ρείτης
2445 2469 2504 2522 δὲ
2524 2470 2552 2522 6
2582 2468 2782 2540 Χριστό

2324 2560 2517 2634 Ἐρώτ.
2549 2560 2649 2615 λ6’.
2689 2559 2802 2614 Καὶ
2821 2559 2909 2614 διὰ
2936 2559 2990 2613 τί
3011 2558 3221 2628 λέγεται
3255 2557 3598 2631 Σαμαρείτης
3628 2557 3658 2608 6
3681 2555 3816 2626 Xpt-

2187 2633 2192 2636 ι
2241 2633 2399 2719 στὸςὲ

2325 2745 2515 2800 ’Λπόκ.
2543 2744 2642 2798 Διά
2664 2743 2726 2798 τὸ
2753 2743 2878 2806 τοὺς
2905 2741 3186 2805 Ἰουδαίους
3211 2741 3372 2794 αὑτὸν
3409 2740 3584 2806 οὕτως
3613 2741 3820 2795 ἀποκα-

2241 2839 2352 2893 λεῖν
2383 2839 2466 2892 ὅτι
2502 2855 2523 2890 ι
2567 2835 2914 2908 Σαμαρείτης
2951 2829 3020 2899 εἷ,
3049 2835 3141 2887 καὶ
3170 2833 3442 2904 δαιμόνιον
3475 2831 3640 2904 ἔχεις.
3689 2849 3710 2884 ι

2324 2929 2514 3004 Ἐρώτ.
2542 2930 2644 2998 λγ¹.
2664 2947 2683 2980 ι
2704 2929 2952 2998 ¹Ἐγένετο
2974 2929 3054 2992 δὲ,
3083 2926 3264 2997 φησὶν,
3281 2925 3568 2979 ἀποθανεῖν
3586 2925 3680 2978 τὸν
3715 2923 3823 2978 Λά-

2245 3023 2408 3096 ζαρον
2468 3023 2559 3078 καὶ
2612 3020 2972 3092 ἀπενεχθῆναι
3016 3019 3120 3072 ὑπὸ
3161 3018 3270 3072 τῶν
3302 3015 3548 3086 ἀγγέλων
3585 3015 3667 3079 εις
3699 3016 3822 3080 τοὺς

2169 3149 2212 3207 c
2245 3115 2478 3176 κόλπους
2513 3112 2605 3166 τοῦ
2648 3112 2914 3184 Ἀϐραάμ.
2947 3129 2966 3162 ›
3008 3110 3106 3165 Διά
3131 3110 3184 3162 τί
3205 3108 3536 3178 ἀποθνήσκει
3564 3107 3824 3180 πρῶτονό

2248 3206 2496 3277 Λάζαρος
2524 3203 2673 3274 παρά
2698 3202 2788 3256 τὸν
2821 3201 3101 3268 πλούσιον;
3420 3249 3432 3258 ,

2331 3295 2526 3352 Ἀπόκ.
2568 3297 2684 3348 Ἵνα
2719 3293 2986 3366 μηδεμιᾶς
3047 3293 3339 3364 ἀπολογίας
3391 3292 3661 3364 πρόφασις
3694 3291 3827 3344 ὕπο-

2247 3388 2499 3460 λείπηται
2551 3387 2644 3440 τοῦ
2677 3385 2928 3440 πλουσίου
2951 3426 2966 3452 ,
3005 3387 3081 3451 ὡς
3133 3385 3419 3457 μέλλοντος
3465 3386 3705 3438 εὐποιεῖν
3748 3383 3828 3446 εις

2249 3482 2429 3536 αὐτόν.

2333 3571 2522 3644 Ἐρώτ.
2546 3570 2618 3626 λδ⁹
2627 3614 2639 3627 .
2681 3591 2701 3625 ι
2739 3571 3066 3643 Ἀναϐλέψας
3081 3571 3138 3626 δὲ
3157 3574 3270 3634 τοῖς
3287 3570 3584 3640 ὀφθαλμοῖς
3601 3566 3764 3624 αὐτοῦ
3799 3569 3829 3621 6

2253 3663 2529 3728 πλούσιος,
2585 3665 2686 3734 ὁρᾷ
2746 3663 2838 3718 τὸν
2891 3663 3138 3734 Λάζαρον
3196 3663 3254 3714 ὲν
3305 3663 3420 3724 τοῖς
3457 3660 3681 3721 κόλποις
3717 3655 3828 3712 ,τοῦ

2268 3752 2536 3824 Ἀϐραάμ.
2571 3771 2590 3804 ι
2612 3751 2712 3805 Διά
2734 3751 2787 3804 τί
2808 3752 2908 3804 οὐκ
2937 3748 3186 3820 ἀλλαχοῦ,
3219 3747 3333 3802 ἀλλ’
3379 3749 3436 3800 ὲν
3473 3749 3589 3809 τοῖς
3612 3743 3828 3804 κόλποις

2250 3843 2346 3900 τοῦ
2381 3843 2630 3916 Ἀδραάμ
2653 3844 2756 3915 ὁρᾷ
2787 3843 2877 3897 τὸν
2909 3842 3194 3913 Λάζαρον;

2336 3939 2528 3994 ’Δπόκ.
2563 3937 2803 4009 Ἐπειδὴ,
2834 3935 3023 4008 ὥσπερ
3053 3935 3144 3988 τὸν
3181 3932 3351 4004 ’Λδάμ
3383 3929 3678 3986 ὲκϐαλὼνό
3703 3929 3830 3991 Θεὸς

2253 4034 2319 4086 ὲκ
2365 4030 2460 4086 τοῦ
2504 4027 2853 4102 παραδείσου,
2897 4026 3227 4098 καταντικρὺ
3272 4022 3461 4077 τοῦτον
3501 4020 3827 4092 κατῴκισεν,

2254 4125 2341 4179 ἴνα
2373 4125 2408 4196 ἡ
2441 4122 2667 4194 συνεχὴς
2695 4120 2836 4190 όψις,
2869 4116 3270 4175 ἀνανευοῦσατὸ
3297 4115 3488 4181 πάθος,
3517 4113 3830 4196 ἀκριϐεστὲ-

2258 4233 2356 4287 ραν
2379 4197 2526 4286 αὐτῷ
2552 4213 2810 4284 παράσχῃ
2856 4211 2954 4282 τῆς
2987 4207 3309 4272 ἐκπτώσεως
3347 4206 3456 4260 τῶν
3491 4204 3716 4274 ἀγαθῶν
3735 4203 3830 4273 τὴν

2254 4307 2506 4378 αἴσθησιν
2526 4321 2540 4336 ’
2567 4303 2709 4358 οὕτω
2721 4303 2780 4356 δὲ
2811 4305 2906 4358 καὶ
2938 4300 3126 4355 τοῦτον
3141 4299 3427 4354 κατέναντι
3453 4297 3548 4352 τοῦ
3580 4295 3830 4366 Λαζάρου

2254 4395 2582 4468 κατῴκισεν,
2619 4394 2704 4448 ἵνα
2728 4393 2988 4465 μειζόνως
3027 4389 3452 4460 κατατρύχηται.

2335 4487 2526 4563 Ἐρώτ.
2545 4487 2638 4541 λε’.
2663 4485 2774 4540 Καὶ
2791 4485 2877 4539 διὰ
2903 4485 2956 4537 τί
2983 4483 3081 4537 οὐκ
3095 4483 3154 4536 ὲν
3169 4481 3312 4552 άλλῳ
3331 4479 3524 4550 δικαίῳ
3549 4478 3644 4534 τὸν
3657 4475 3832 4540 Λάζα-

2261 4601 2354 4656 ρον
2372 4582 2474 4653 όρᾷ
2501 4583 2529 4634 6
2555 4577 2825 4644 πλούσιος,
2847 4576 2962 4631 ἀλλ’
2985 4577 3042 4629 ἐν
3060 4578 3174 4638 τοῖς
3193 4575 3414 4637 κόλποις
3427 4571 3523 4626 τοῦ
3548 4569 3830 4644 ’Λὸραάμς

2345 4673 2532 4728 ’Δπόκ.
2563 4668 2780 4741 Ἐπειδὴ
2832 4667 3103 4739 φιλόξενος
3129 4661 3197 4738 ἦν
3221 4669 3251 4721 6
3291 4663 3562 4736 Ἀϐραάμ.
3594 4663 3695 4718 Ἰν’
3743 4657 3832 4715 οὖν

2260 4764 2480 4834 ἔλεγχος
2523 4759 2688 4816 αὐτοῦ
2735 4759 2960 4832 γένηται
3005 4759 3104 4830 τῆς
3169 4755 3495 4829 μισοξενίας,
3553 4754 3645 4808 διά
3682 4753 3835 4807 τοῦτο

2261 4855 2423 4910 αὐτὸν
2480 4856 2596 4927 μετ’
2640 4851 2849 4906 ἐκείνου
2887 4850 3092 4922 βλέπει.
3157 4851 3393 4913 Ἐκεῖνος
3435 4847 3546 4922 γάρ
3585 4848 3680 4902 καὶ⁸
3712 4846 3834 4908 τοὺς

2263 4946 2558 5020 παροδίτας
2583 4943 2873 5015 ὲξενοδόχει
2893 4961 2907 4974 ·
2943 4937 3096 5006 οὗτος
3124 4942 3182 4996 δὲ
3213 4941 3307 4996 καὶ
3331 4941 3423 4995 τὸν
3453 4941 3564 4994 ἔσω
3587 4939 3834 5011 κείμενον

2262 5036 2543 5110 παρεώρα.

2347 5126 2540 5198 Ἐρὼτ.
2563 5127 2672 5192 λς’.
2699 5145 2719 5178 ι
2755 5125 2948 5196 Πάτερὶ
2964 5123 3234 5196 Ἁϐραάμ,
3257 5123 3478 5195 ἐλέησόν
3503 5141 3596 5194 με.
3628 5142 3648 5175 ι
3673 5121 3771 5176 Διά
3787 5120 3837 5174 τί

2265 5221 2328 5274 οὐ
2352 5219 2487 5290 πρὸς
2515 5219 2606 5272 τὸν
2629 5217 2876 5290 Λάζαρον
2903 5218 2994 5270 τὸν
3016 5216 3180 5295 Δλόγον
3205 5217 3484 5295 ἀπέτεινεν
3514 5219 3544 5270 6
3565 5216 3834 5278 πλούσιος,

2267 5313 2403 5368 ἀλλά
2436 5311 2570 5384 πρὸς
2596 5310 2686 5364 τὸν
2730 5309 2980 5381 ’Δὸραάμ
2998 5292 3022 5374 ;’

2349 5403 2540 5458 ’Δπὸκ.
2590 5399 2806 5472 Ἐπειδὴ
2859 5398 3124 5472 ᾐσχύνετο
3174 5399 3268 5453 καὶ
3309 5397 3582 5472 ἠρυθρίαο
3625 5395 3838 5469 ἐνόμιζε

2268 5494 2376 5568 γὰρ
2409 5494 2568 5550 αὑτὸν
2597 5493 2950 5564 μνησικακεῖν
2979 5490 3046 5544 δι’
3081 5484 3156 5545 ὧν
3171 5489 3406 5562 ἔπραξε-ν
3435 5493 3516 5553 εἰς
3548 5489 3733 5544 αὐτόν.

698 5718 743 5748 "
782 5713 913 5772 Luc.
933 5733 990 5781 ιι,
1011 5717 1064 5773 7.
1143 5716 1288 5772 'Luc
1343 5731 1398 5780 ι,
1432 5715 1520 5771 30.
1597 5716 1618 5746 ³
1657 5713 1788 5770 ibid.
1821 5710 2008 5767 51-54.
2087 5704 2280 5762 'Joan.
2315 5714 2412 5757 rm
2437 5738 2451 5765 ,
2486 5697 2574 5754 48.
2619 5685 2786 5754 ‘Luc.
2818 5692 3081 5770 εικῆ..
3124 5694 3398 5754 'ibid.23.
3475 5695 3651 5754 “Gen.
3684 5707 3837 5756 avni,

593 5787 733 5845 2τ8υ
789 5787 808 5816 ⁷
852 5787 981 5842 L'uc.
1016 5803 1124 5853 ιιι-ι,
1158 5789 1246 5854 Ξυ,
1284 5785 1375 5840 2i.
1451 5786 1472 5817 '
1511 5783 1643 5839 ibid.
1677 5782 1768 5837 24.
