4088 6382
338 346 436 404 709
1386 359 1842 427 QUESTIONES
1868 365 1878 419 1

1977 363 2411 426 SCRIPTURAM
2445 370 2739 429 SACRAM.
2974 379 2985 388 ’
3462 382 3566 440 710

335 483 504 596 257⁸
527 476 662 548 Hoc
694 484 1119 596 fragmentum
1151 492 1498 596 adjicimus‘
1519 501 1992 596 Quaestionilbus
2008 503 2087 564 ad
2115 506 2523 596 Antiochum,
2556 509 2708 596 quia
2731 526 2871 596 pars
2902 507 3043 591 ejus
3066 512 3240 591 prior
3267 526 3566 596 excerpta

413 572 507 671 est
540 567 1143 671 eanueastionefﬂ,
1185 567 1312 635 non
1347 567 1607 671 quidem
1637 580 2036 670 adverbum,
2060 584 2174 645 sed
2198 567 2708 651 adﬁsenftﬁeﬁntiawm“.
2731 567 2892 651 rPars
2924 567 3100 655 δεξιοί*
3110 567 3446 671 posterior,
3462 567 3567 662 ’νοὲ

412 644 582 707 Orat.
617 646 655 706 3
681 644 901 708 contra
933 644 1227 728 Arian'os,
1255 644 1442 730 paulo
1476 667 1617 734 post
1649 659 1931 720 initium.

342 884 446 940 Τοῦ
487 884 661 964 ἁγίου
686 887 1037 976 ’ξρανασὶορ
1073 888 1624 976 ’ᾼλεξαγδρείᾳςιέκ
1661 910 1878 967 asprata-

1996 897 2181 955 Sancti
2232 899 2514 954 Athanasii
2559 900 3230 976 Alexandriniﬂexcerptus
3280 925 3451 964 sermo
3497 912 3569 967 de

538 953 661 1023 πῆς
683 957 865 1026 λόγος
888 958 1020 1028 περὶ
1054 958 1174 1013 τῶν
1202 953 1384 1031 cirth7-
1416 953 1681 1021 εἰκονων.

401 1068 511 1139 οὐχ
553 1068 631 1133 ὡς
655 1069 854 1141 οθεοὺς,
901 1073 1053 1142 φασὶ,
1097 1074 1197 1138 τὰς
1236 1076 1447 1142 εἰκόνας
1485 1081 1896 1154 προσκυνοῦμεν

333 1161 380 1212 οἰ
423 1161 601 1213 πιστοί
624 1178 638 1191 ·
677 1161 752 1234 μὴ
794 1164 1032 1232 γένοιτοί
1076 1165 1212 1219 ἀλλὰ
1246 1168 1403 1239 μόνον
1437 1171 1536 1242 τὴν
1579 1173 1761 1243 σχέσιν
1801 1177 1895 1229 καὶ

333 1251 427 1321 τὴν
453 1251 672 1323 ἀγάπην
715 1255 1121 1325 ὲμφανξζοντες.
1168 1257 1325 1311 Ὅθεν
1360 1259 1633 1328 πολλάκις,
1673 1263 1767 1317 τοῦ
1793 1283 1893 1335 χα-

332 1344 597 1415 ρακτῆρος
627 1345 980 1411 λειανθέντος,
1018 1348 1093 1411 ὡς
1119 1347 1272 1414 ξύλον
1312 1352 1463 1422 μένει
1501 1354 1687 1424 ἀργόν.
1722 1357 1893 1412 Τοῦτο

328 1434 384 1488 δὲ
422 1436 513 1488 καὶ
541 1437 633 1489 ἐπὶ
656 1437 752 1491 τοῦ
793 1438 964 1492 τύπου
989 1438 1197 1508 γίνεται
1230 1442 1326 1495 τοῦ
1366 1446 1620 1517 σταυροῦ.
1651 1446 1795 1512 Ἕως
1824 1449 1890 1503 ἂν

331 1527 427 1599 μὲν
456 1528 563 1582 εἰσὶ
605 1532 1006 1603 συνεζευγμένα
1038 1534 1107 1588 τὰ
1144 1534 1235 1589 δύο
1268 1534 1420 1602 ξύλα,
1465 1540 1559 1592 καὶ⁵
1609 1540 1753 1614 σώζῃ
1795 1543 1888 1597 τοῦ

326 1621 555 1692 σταυροῦ
588 1622 678 1675 τὸν
720 1622 910 1688 τύπον,
948 1625 1120 1696 ὀρθῶς
1163 1628 1256 1681 καὶ
1296 1629 1684 1701 ἠκριϐωμένως
1725 1652 1890 1705 προσ-

323 1711 467 1765 κυνῶ
488 1712 577 1765 τὸν
600 1714 833 1786 σταυρόν
850 1731 864 1745 ⁸
897 1716 1032 1770 ἐπὰν
1055 1717 1112 1769 δὲ
1140 1717 1478 1790 διαιρεθῶσιν
1504 1723 1598 1775 ἀπ’
1623 1723 1884 1795 ἀλλήλων,

321 1802 532 1855 καὶτὸν
574 1804 744 1858 τύπον
791 1808 856 1877 τῇ
897 1806 1155 1880 διαιρέσει
1198 1808 1452 1875 λύσωσιν,
1496 1813 1675 1867 οὐκέτι
1718 1832 1885 1886 προσ·-

319 1894 462 1946 κυνῶ
503 1894 569 1949 τὰ
607 1896 668 1961 ἐξ
705 1896 950 1969 ἀλλήλων
981 1898 1280 1972 διῃρημένα
1317 1902 1467 1969 ξύλα.
1504 1904 1661 1959 Οὕτω
1705 1906 1886 1962 λοιπὸν

320 1987 413 2039 καὶ
443 1987 530 2041 διὰ
561 1987 652 2042 τὸν
689 1991 926 2062 Χριστὸν
972 1994 1258 2063 προσκυνῶ
1298 1995 1397 2065 τὴν
1431 1996 1633 2063 εἰκόνα,
1663 1999 1757 2052 καὶ
1798 1999 1886 2054 διὰ

317 2078 414 2148 τῆς
446 2080 653 2145 εἰκόνος
695 2081 790 2136 τοῦ
835 2082 1070 2155 Χριστοῦ
1113 2085 1273 2139 αὐτὸν
1301 2088 1590 2158 προσκυνῶ
1626 2089 1719 2142 τὸν
1750 2091 1885 2163 Χρι-

318 2171 455 2226 στόν.
485 2173 549 2226 Εἰ
573 2173 683 2245 γὰρ
708 2176 804 2229 καὶ
827 2178 939 2239 τοῖς
966 2176 1167 2246 χείλεσί
1208 2195 1310 2248 μου
1340 2180 1401 2231 ού
1437 2180 1666 2251 πάρεστι
1698 2199 1883 2253 σωμα-

312 2264 477 2329 τικῶς
520 2267 777 2335 Χριστὸς,
833 2268 947 2321 ἀλλ’
996 2271 1145 2340 ὅμως
1188 2272 1256 2341 τῇ
1304 2272 1500 2343 καρδίᾳ
1543 2273 1636 2326 καὶ
1685 2274 1764 2344 τῷ
1805 2275 1881 2347 νῷ

313 2356 539 2428 πάρειμι
582 2356 693 2426 ἐγὼ
737 2362 1121 2431 πνευματικῶς
1166 2362 1302 2434 πρὸς
1346 2365 1437 2417 τὸν
1486 2364 1738 2437 Χριστόν.
1773 2371 1882 2423 Καὶ

307 2446 387 2501 ὅτι
412 2449 585 2503 ταῦτα
617 2450 793 2515 οὕτως
814 2452 948 2524 ἔχει,
977 2455 1040 2507 ἐκ
1067 2454 1161 2508 τοῦ
1197 2456 1589 2528 ύποδείγματος
1618 2461 1713 2514 τοῦ
1753 2464 1881 2534 περὶ

304 2538 396 2592 τὸν
442 2542 673 2615 σταυρὸν
706 2544 885 2615 δῆλον.
940 2545 1051 2600 Καὶ
1091 2550 1218 2617 μετ’
1270 2550 1506 2620 ὀλίγον’
1555 2553 1613 2605 '0
1646 2554 1754 2626 γὰρ
1786 2555 1878 2607 οὖ-

306 2648 410 2695 τως
433 2633 710 2701 ἐγνωκὼς,
738 2635 819 2688 ὅτι
845 2636 901 2690 ἓν
924 2639 1062 2690 εἰσιν
1085 2640 1113 2691 ὁ
1145 2639 1271 2703 Υἱὸς
1304 2642 1398 2694 καὶ⁵
1428 2644 1457 2695 ὁ
1485 2644 1694 2717 Πατὴρ,
1720 2643 1875 2711 οἶδεν,

304 2722 383 2776 ὅτι
428 2726 591 2790 αὐτὸς
632 2729 691 2781 ἐν
736 2728 815 2799 τῷ
849 2730 1042 2802 Πατρὶ,
1077 2733 1171 2785 καὶ
1216 2734 1244 2785 ό
1291 2734 1478 2806 Πατὴρ
1515 2738 1572 2790 ὲν
1610 2738 1773 2809 αὐτῷ.
1814 2742 1876 2793 Ἠ

303 2812 408 2883 γὰρ
446 2814 541 2867 τοῦ
578 2815 710 2869 Υἱοῦ
739 2817 928 2888 θεότης
965 2818 1058 2873 τοῦ
1091 2821 1305 2893 Πατρός
1345 2826 1479 2890 ἐστι,
1514 2826 1606 2879 κειιί⁸
1639 2826 1773 2900 αὕτη
1819 2831 1875 2881 ἐν

300 2904 378 2975 τῷ
411 2905 526 2976 Υἰῷ
557 2909 694 2962 ἐστι.
728 2911 838 2963 Καὶ
870 2914 898 2966 ό
927 2911 1084 2965 τοῦτο
1116 2916 1436 2970 καταλαὸὼν
1461 2918 1769 2984 πέπεισται,
1793 2922 1873 2975 ὅτι

298 2997 328 3049 ὁ
373 2998 634 3069 ἑωρακὼς
682 3001 774 3056 τὸν
822 3003 950 3059 Υἱὸν
985 3005 1196 3077 ἑώρακε
1229 3010 1319 3062 τὸν
1359 3011 1598 3081 Πατέρα.
1645 3014 1732 3067 Ἐν
1765 3015 1873 3086 γὰρ

298 3088 374 3159 τῷ
402 3090 516 3161 Υἰῷ
558 3094 592 3164 ἡ
625 3093 720 3149 τοῦ
747 3096 970 3168 ⁸Πατρὸς
1017 3098 1204 3171 Θεότης
1238 3100 1544 3172 Θεωρεϊται.
1596 3105 1764 3159 Τοῦτο
1813 3107 1871 3161 δὲ

298 3181 391 3233 καὶ
438 3183 547 3236 ἀπὸ
590 3184 685 3238 τοῦ
730 3187 1169 3260 παραδείγματος
1198 3192 1299 3261 τῆς
1348 3193 1551 3257 εἰκόνος
1594 3194 1687 3247 τοῦ
1719 3196 1871 3266 βασι-

296 3270 428 3336 λέως
471 3276 902 3349 προσεχέστερόν
941 3297 1026 3345 τις
1068 3285 1399 3355 κατανοῆσαι
1449 3284 1775 3356 δυνήσεται·
1811 3288 1868 3339 ὲν

294 3365 401 3436 γὰρ
430 3371 497 3439 τῇ
547 3368 718 3422 εἰκόνι
758 3370 854 3423 τοῦ
896 3370 1165 3441 βασιλέως
1210 3375 1269 3428 τὸ
1316 3371 1454 3440 εἶδος
1497 3377 1650 3449 καὶὴ
1688 3379 1864 3450 μορφή

294 3457 402 3510 ἐστι
420 3474 436 3488 ⁸
460 3459 557 3512 καὶ
581 3461 639 3513 ὲν
669 3461 749 3532 τῷ
777 3461 982 3532 βασιλεῖ
1007 3464 1070 3536 δὴ
1092 3465 1152 3518 τὸ
1177 3467 1233 3519 ὲν
1255 3470 1321 3538 τῇ
1349 3469 1514 3523 εἰκόνι
1536 3465 1672 3533 εἶδός
1694 3471 1861 3526 ἐστιν.

2508 972 2675 1025 sacris
2706 974 3043 1043 imaginibus.

2064 1078 2416 1151 Nequaquam
2445 1090 2505 1136 ut
2543 1083 2676 1138 deos
2714 1085 2842 1138 olim
2880 1085 3130 1160 (ethnici)
3165 1089 3238 1143 ita
3286 1107 3386 1148 nos
3419 1093 3560 1149 ima-

1994 1171 2146 1242 gines
2174 1175 2468 1230 adoramus
2504 1194 2518 1230 :
2551 1177 2727 1231 absit!
2769 1177 2864 1233 sed
2896 1167 3180 1247 duntaxat,
3218 1193 3275 1238 ut
3305 1186 3559 1243 allectum

1994 1268 2048 1316 et
2076 1262 2399 1317 eharitatem
2422 1275 2665 1318 nostram
2706 1266 3080 1324 exhibeamus.
3122 1269 3298 1337 Quare
3320 1274 3564 1344 plerum-

1993 1368 2099 1423 que
2132 1355 2400 1425 contingit
2441 1363 2523 1420 ut,
2563 1357 2741 1411 deleto
2773 1359 3088 1416 charactere
3121 1378 3214 1417 seu
3242 1365 3458 1435 ligura,
3494 1370 3559 1422 li-

1991 1461 2156 1514 gnum
2190 1462 2423 1500 vacuum
2449 1456 2746 1503 remaneat.
2782 1449 2895 1504 lloc
2928 1460 3107 1507 autem
3142 1455 3195 1509 in
3224 1458 3403 1513 crucis
3430 1466 3558 1531 typo

1988 1534 2407 1604 deprehendere
2451 1544 2555 1591 est.
2593 1536 2728 1592 Dum
2769 1542 2913 1594 enim
2942 1543 3051 1597 duo
3086 1544 3230 1615 ligna
3265 1548 3559 1617 conjuncta

1988 1638 2150 1690 sunt,
2186 1637 2544 1699 servaturque
2574 1633 2755 1687 crucis
2790 1632 2992 1705 ﬁgura,
3035 1644 3180 1692 recte
3219 1647 3271 1693 et
3303 1651 3560 1699 accurate

1987 1732 2205 1773 crucem
2250 1719 2420 1775 adoro
2459 1740 2472 1775 :
2516 1722 2706 1779 divisis
2744 1734 2925 1780 autem
2971 1728 3133 1799 lignis
3176 1738 3340 1801 atque
3375 1734 3557 1790 ablato

1985 1825 2081 1880 per
2097 1811 2420 1868 divisionem
2448 1821 2596 1885 typo,
2629 1816 2773 1886 ligna
2798 1830 3047 1888 separata
3066 1837 3172 1875 non
3199 1825 3340 1878 ultra
3363 1825 3553 1884 adoro.

1984 1902 2162 1973 Atque
2183 1904 2260 1957 it:
2282 1904 2341 1959 ﬁt
2369 1913 2430 1958 ιιι
2456 1916 2679 1977 propter
2701 1907 2978 1964 Christum
2995 1913 3280 1983 imaginem
3309 1918 3552 1985 adorem,

1984 2005 2037 2049 et
2070 2011 2166 2065 per
2199 1995 2404 2053 Christi
2436 1997 2726 2070 imaginem
2767 2002 2943 2070 ipsum
2985 2006 3207 2061 adorem
3246 2007 3551 2068 Christum.

1983 2084 2209 2143 Etiamsi
2234 2089 2378 2144 enim
2401 2090 2560 2145 labiis
2589 2092 2724 2148 meis
2752 2092 3244 2155 Christusminime
3268 2103 3411 2158 adsit
3430 2118 3555 2159 cor-

1982 2179 2264 2247 poraliter,
2296 2181 2461 2235 corde
2483 2189 2664 2237 tamen
2694 2199 2758 2238 ac
2780 2196 2963 2241 mente
2995 2188 3187 2243 adsum
3218 2205 3317 2261 ego
3332 2191 3553 2249 Christo

1983 2269 2360 2340 spiritualiter.
2399 2271 2527 2328 Ilzee
2561 2283 2741 2331 autem
2785 2278 2858 2333 ita
2888 2296 2947 2335 se
2987 2281 3219 2347 habere,
3259 2298 3327 2338 ex
3369 2286 3551 2342 crucis

1980 2363 2229 2433 exemplo
2280 2365 2461 2434 palam
2500 2377 2606 2423 est.
2658 2368 2727 2422 Et
2789 2374 2972 2439 paucis
3034 2374 3318 2443 intcrjectis
3372 2391 3395 2430 :
3444 2375 3549 2443 Qui

1977 2453 2121 2505 enim
2148 2453 2221 2505 ita
2256 2456 2438 2518 novit,
2469 2471 2636 2510 unum
2668 2473 2790 2513 esse
2820 2457 3016 2513 Filium
3045 2474 3098 2517 et
3128 2461 3366 2532 Patrem,
3395 2468 3549 2521 novit

1977 2544 2162 2610 etiam,
2196 2543 2375 2614 ipsum
2400 2548 2455 2600 in
2486 2547 2649 2604 Patre
2678 2558 2730 2604 et
2752 2549 2967 2605 Patrem
3003 2554 3057 2607 in
3088 2554 3205 2624 ipso
3235 2573 3377 2614 esse.
3408 2558 3544 2616 Nam

1975 2630 2097 2686 Filii
2130 2634 2329 2702 deitas,
2364 2636 2543 2694 Patris
2572 2647 2679 2702 est,
2708 2641 2935 2712 ipsaque
2973 2646 3027 2699 in
3061 2644 3200 2701 Filio
3217 2656 3333 2713 est,
3366 2657 3419 2704 et
3450 2651 3545 2721 qui

1976 2722 2079 2777 hoc
2124 2725 2377 2796 intelligit
2431 2744 2752 2798 persuasum
2801 2732 2993 2799 habet,
3041 2750 3163 2790 eum
3217 2738 3309 2809 qui
3349 2738 3542 2794 Filium

1973 2815 2139 2881 videt,
2165 2818 2351 2874 videre
2376 2818 2615 2876 Patrem.
2652 2822 2708 2877 ln
2732 2823 2867 2878 Filio
2896 2840 3129 2896 namque
3163 2826 3342 2883 Patris
3369 2830 3546 2887 deitas

1972 2908 2331 2977 couSpicitur.
2363 2910 2420 2964 ld
2457 2928 2625 2983 porro
2657 2917 2905 2986 exemplo
2939 2918 3101 2987 regiae
3141 2918 3428 2991 imaginis,
3451 2937 3545 2976 ac-

1973 3000 2217 3054 curatius
2269 3002 2449 3070 quivis
2517 3004 2820 3076 intelligere
2881 3009 3081 3076 poterit
3126 3027 3141 3064 :
3202 3010 3259 3064 in
3307 3011 3543 3083 imagine

1970 3092 2198 3160 quippe,
2234 3094 2380 3163 regis
2416 3096 2626 3165 species
2657 3105 2709 3152 et
2735 3098 2905 3154 forma
2932 3110 3141 3167 exstat,
3177 3102 3234 3156 in
3261 3118 3387 3175 rege
3410 3105 3538 3159 item

1970 3182 2215 3248 species,
2250 3198 2373 3252 qua:
2400 3193 2484 3239 est
2521 3187 2577 3240 in
2620 3189 2888 3258 imagine,
2935 3191 3182 3247 habetur.
3226 3194 3540 3250 Similitudo

1969 3281 2149 3326 autem
2183 3277 2331 3343 regia
2359 3276 2413 3330 in
2448 3277 2684 3348 imagine
2719 3281 2839 3335 sine
2873 3281 2977 3334 ulla
3019 3284 3385 3356 discrepantia
3416 3296 3535 3354 est;

1969 3364 2044 3419 ita
2080 3376 2135 3420 ut
2161 3367 2253 3436 qui
2281 3369 2428 3423 videt
2473 3370 2789 3440 imaginem,
2827 3374 2881 3427 in
2919 3375 3034 3444 ipsa
3058 3392 3238 3448 regem
3272 3380 3453 3434 videat
3480 3389 3536 3436 et

1968 3468 2248 3529 agnoscat,
2282 3460 2409 3531 quia
2443 3462 2491 3516 is
2521 3462 2637 3530 ipse
2658 3472 2743 3517 est
2771 3465 2861 3533 qui
2886 3466 2939 3518 in
2966 3466 3198 3536 imagine
3229 3479 3529 3539 comparet.

303 3547 746 3621 ’Δπαράλλακτός
781 3556 991 3626 ὲστινή
1050 3557 1108 3611 ἐν
1153 3561 1218 3629 τῇ
1253 3560 1420 3613 εἰκόνι
1462 3559 1555 3614 τοῦ
1600 3561 1862 3631 βασιλέως

1977 3549 2122 3616 Quod
2160 3558 2343 3605 autem
2374 3552 2676 3607 similitudo
2723 3554 2811 3608 illa
2843 3556 3046 3610 nullam
3088 3558 3284 3613 habeat
3324 3560 3532 3616 discre-

292 3638 577 3711 6μοιότηςο
628 3641 772 3696 ὥστε
816 3644 909 3698 τὸν
950 3647 1217 3719 ἐνορῶντα
1269 3648 1367 3720 τὴν
1408 3650 1589 3703 εἰκόνα
1630 3652 1761 3722 ὁρᾷν
1800 3653 1857 3703 ἐν

1977 3643 2246 3712 pautiam;
2280 3645 2325 3699 si
2353 3645 2476 3713 quis
2503 3653 2625 3715 post
2646 3647 2817 3700 visam
2854 3647 3142 3717 imaginem
3164 3689 3178 3714 ,
3211 3664 3391 3720 regem
3431 3666 3528 3706 vo-

288 3733 418 3804 αύτῇ
452 3733 544 3787 τὸν
578 3734 828 3805 βασιλέα,
864 3738 959 3791 καὶ
990 3739 1388 3809 ἐπιγινώσκειν,
1414 3742 1497 3794 ὅτι
1528 3737 1679 3806 οὗτός
1713 3743 1859 3795 ἐστιν

288 3822 314 3873 ὁ
341 3826 394 3877 έν
423 3827 490 3896 τῇ
523 3826 714 3880 εἰκόνι.
758 3827 853 3881 Ἐκ
883 3827 940 3882 δὲ
967 3828 1060 3882 τοῦ
1093 3829 1167 3902 μὴ
1191 3830 1539 3902 διαλλαγῆναι
1560 3830 1657 3903 τὴν
1688 3831 1861 3902 ὁμοιό-

285 3933 434 3988 τητα,
467 3919 548 3990 τῷ
577 3920 788 3974 θέλοντι
825 3920 963 3991 μετὰ
992 3923 1091 3994 τὴν
1119 3924 1299 3978 εἰκόνα
1328 3922 1601 3996 θεωρῆσαι
1642 3924 1732 3977 τὸν
1764 3923 1857 3993 βα-

287 4008 429 4063 σιλέα
471 4011 619 4067 εἴποι
667 4013 738 4067 ἂν
786 4016 819 4084 ἡ
865 4014 1059 4069 εἰκώνο
1114 4016 1254 4085 Ἐγὼ
1289 4017 1384 4069 καὶ
1435 4016 1465 4067 ὁ
1500 4016 1751 4086 βασιλεὺς
1796 4015 1854 4069 ἓν

287 4101 476 4171 ἐσμεν·
510 4105 624 4175 ἐγὼ
656 4105 790 4175 γοῦν
828 4109 887 4162 ἐν
918 4108 1110 4179 ἐκείνῳ
1145 4110 1280 4179 εἰμί,
1319 4110 1567 4176 κάκεῖνος
1596 4110 1655 4162 ὲν
1689 4108 1812 4180 ἐμοι
1835 4124 1850 4140 ο

287 4195 371 4248 καί
399 4196 428 4249 ὃ
465 4197 689 4268 βλέπεις
713 4199 772 4251 ἐν
803 4199 947 4269 ἐμοὶ,
988 4199 1145 4253 τοῦτο
1178 4200 1393 4271 βλέπεις
1418 4202 1475 4255 έν
1510 4201 1722 4272 ἐκείνῳ,
1759 4200 1854 4255 καὶ

1967 3734 2128 3788 luerit
2179 3735 2570 3803 contemplari,
2623 3735 2822 3790 dixerit
2880 3737 3059 3808 imago
3101 3757 3114 3793 :
3176 3737 3289 3809 Ego
3333 3747 3387 3795 et
3432 3756 3529 3796 rex

1965 3844 2132 3882 unum
2166 3843 2376 3884 sumus.
2408 3828 2522 3899 Ego
2552 3828 2735 3899 itaque
2758 3830 2813 3883 in
2845 3828 2939 3884 illo
2965 3844 3107 3895 sum,
3135 3836 3190 3883 et
3213 3829 3300 3884 ille
3330 3829 3384 3883 in
3405 3844 3524 3884 me:

1960 3930 2015 3977 et
2045 3920 2191 3991 quod
2224 3920 2277 3974 in
2315 3935 2424 3985 me,
2458 3922 2509 3974 id
2544 3920 2599 3974 in
2639 3921 2729 3976 illo
2755 3935 2971 3990 quoque
2997 3921 3171 3985 vides,
3202 3929 3257 3975 et
3288 3921 3432 3992 quod
3470 3922 3527 3976 in

1962 4014 2077 4076 illo,
2110 4012 2162 4065 id
2188 4012 2251 4066 in
2282 4026 2370 4066 me
2398 4011 2569 4068 vides.
2618 4012 2719 4077 Qui
2774 4012 2939 4081 igitur
2976 4011 3264 4082 imaginem
3297 4011 3523 4076 adorat,

1959 4107 2015 4161 in
2044 4107 2135 4159 illa
2166 4120 2344 4175 regem
2369 4105 2591 4158 adorat:
2617 4105 2737 4173 ejus
2760 4105 2907 4159 enim
2933 4103 3106 4158 forma
3134 4112 3297 4175 atque
3316 4105 3525 4175 species

1960 4208 2044 4255 est
2074 4203 2270 4268 imago.

283 4287 311 4337 ὁ
367 4287 617 4360 ἑώρακας
677 4292 739 4344 ὲν
783 4292 995 4363 ἐκείνῳ,
1035 4292 1189 4347 τοῦτο
1231 4296 1363 4365 ὁρᾷς
1404 4296 1462 4348 ὲν
1504 4295 1648 4365 ἔμοι.
1686 4295 1744 4348 '0
1780 4293 1909 4363 γοῦν
1944 4290 2264 4366 προσκυνῶν
2304 4291 2403 4362 τὴν
2454 4290 2636 4344 εἰκόνα
2682 4292 2740 4343 ὲν
2788 4290 2926 4362 αὐτῇ
2970 4292 3266 4361 προσκυνεῖ
3302 4289 3393 4344 τὸν
3429 4287 3525 4360 βα-

280 4383 453 4439 σιλέα*
484 4387 518 4457 ἡ
542 4385 659 4456 γὰρ
699 4386 911 4439 ἐκείνου
947 4388 1131 4459 μορφὴ
1159 4390 1253 4442 καὶ
1280 4389 1340 4445 τὸ
1368 4383 1507 4452 εἶδός
1538 4388 1687 4442 ἐστιν
1710 4390 1746 4460 ἡ
1776 4386 1959 4441 εἰκών.

736 4687 807 4743 IN
846 4686 1251 4755 SEQUENTES
1288 4688 1752 4757 QUIESTIONES
1788 4689 1858 4744 IN
1900 4688 2346 4749 SCRIPTURAM
2396 4691 2675 4749 SACRAM
2716 4692 3060 4750 MONITUM.

340 4834 490 4892 Libet
518 4834 604 4888 hic
644 4831 841 4901 a/ferre
867 4845 984 4902 quin
1011 4827 1400 4885 Felckmannus
1434 4830 1492 4884 in
1518 4829 1677 4884 hasce
1709 4830 2040 4896 Quwstiones
2070 4831 2365 4886 annotavit.
2389 4829 2480 4884 Ait
2512 4830 2602 4884 ille
2654 4833 2708 4885 in
2742 4832 2904 4887 variis
2938 4831 3280 4896 lectionibus,
3313 4846 3367 4901 p.
3399 4831 3468 4887 90
3498 4850 3514 4887 :

276 4930 652 5001 Subjiciuntur
680 4927 802 4982 haec
840 4925 1152 4981 immediate
1188 4924 1593 4992 Quaestionibus
1636 4924 1705 4979 ad
1747 4924 2071 4981 Antiochum
2115 4926 2172 4980 in
2217 4924 2463 4982 Palatino
2513 4925 2735 4991 codice,
2772 4942 2933 4996 quem
2974 4941 3124 4981 nunc
3165 4926 3211 4981 ll
3257 4927 3512 4989 dicimus.

272 5023 468 5093 absque
499 5019 754 5077 auctoris
778 5018 1021 5073 nomine.
1060 5015 1215 5074 Unde
1255 5018 1459 5073 factum
1497 5024 1582 5073 est
1631 5025 1692 5073 ut
1736 5019 1804 5073 ab
1834 5020 2134 5088 interprete
2177 5017 2349 5073 veteri
2386 5018 2790 5083 Quzestionibus
2817 5019 3204 5089 jungerentur.
3242 5018 3514 5074 Caeterum

271 5117 432 5171 codex
471 5112 792 5172 nonnullibi
825 5120 880 5168 et
906 5113 1205 5170 lacunosus
1239 5122 1295 5168 et
1323 5129 1435 5169 non
1466 5114 1603 5169 satis
1632 5113 1956 5170 emendatus
2000 5124 2084 5170 est
2113 5132 2126 5167 :
2161 5128 2332 5182 quare
2365 5114 2453 5167 cui
2496 5114 2688 5189 melior
2718 5115 3007 5185 obtigerit,
3036 5128 3157 5183 quae
3186 5114 3518 5170 videbuntur

269 5210 515 5279 supplere
534 5214 634 5264 aut
664 5204 961 5262 emendare
987 5205 1206 5275 poterit.
1239 5204 1379 5260 Hinc
1409 5206 1566 5276 liquet
1605 5206 1759 5260 hasce
1788 5205 2116 5272 Quaestiones
2139 5244 2153 5267 ,
2186 5204 2689 5313 nedumnathanasii
2719 5206 2846 5309 sint,
2881 5221 2972 5312 nec
2994 5204 3516 5313 .Athanasiilquitiem

267 5320 442 5359 nomen
460 5305 721 5374 prieferre
754 5303 813 5355 in
846 5301 1131 5370 codicibus.
1160 5300 1231 5355 Et
1263 5318 1381 5358 vero
1413 5304 1679 5356 tricesima
1713 5311 1861 5355 sexta
1899 5317 2086 5356 nomen
2124 5300 2344 5368 prafert
2377 5299 2771 5369 Cltrysostomi,
2829 5300 3095 5353 tricesima
3129 5316 3248 5354 vero
3286 5301 3514 5369 septima

266 5392 448 5465 Cyrilli
478 5413 499 5462 ,°
529 5395 786 5451 vicesima
814 5405 1001 5448 octava
1024 5406 1101 5450 est
1140 5395 1484 5460 Theodoreti,
1525 5399 1688 5451 tacito
1718 5405 1892 5450 tamen
1923 5396 2038 5465 ejus
2068 5396 2297 5449 nomine.
2338 5394 2668 5460 Quwstiones
2702 5410 2819 5448 vero
2850 5394 2903 5447 in
2938 5392 3364 5450 Pentateuehum
3395 5414 3513 5467 qua:

263 5483 514 5553 incipiunt
536 5504 573 5540 α
601 5486 676 5540 47
711 5501 906 5555 magna
928 5502 993 5539 ea:
1014 5496 1162 5553 parte
1176 5498 1300 5543 sunt
1332 5487 1664 5549 Theodoreti,
1698 5498 1755 5541 ut
1785 5488 1897 5541 suis
1934 5488 2062 5541 locis
2090 5496 2427 5541 annotamus.
2463 5485 2512 5539 11
2520 5487 2602 5539 inc
2628 5503 2747 5540 vero
2768 5486 3099 5555 perspicuum
3119 5497 3197 5541 est
3229 5505 3294 5542 ea:
3330 5489 3512 5545 multis

261 5576 563 5630 auctoribus
599 5584 879 5643 excerptas
901 5586 949 5630 et
976 5578 1033 5630 in
1061 5594 1220 5633 unum
1248 5590 1460 5634 coactas
1495 5595 1607 5633 esse
1633 5579 1729 5631 has
1765 5578 2116 5644 Quwstiones.
2147 5578 2314 5649 Atque
2351 5593 2414 5633 ex
2451 5579 2517 5632 iis
2548 5594 2663 5647 qua:
2695 5576 2758 5631 de
2790 5576 3017 5631 Francis
3054 5578 3294 5658 leguntur
3318 5590 3507 5649 qua’st.

261 5663 352 5734 76,
384 5667 633 5722 videntur
673 5668 732 5721 in
768 5683 930 5722 unum
959 5686 1144 5741 corpus
1174 5672 1436 5739 redactae,
1483 5679 1601 5740 post
1630 5672 1987 5741 expeditiones
2032 5670 2364 5726 Francorum
2408 5671 2462 5725 in
2510 5669 2796 5726 Orientem.
2847 5668 2972 5725 Nisi
3009 5670 3147 5739 forte
3180 5669 3507 5726 Francorum

257 5780 440 5821 nomen
470 5766 547 5822 ibi
576 5765 912 5835 adjectitium
944 5769 1029 5827 sit.
