4088 6382
519 368 622 424 7H

1657 348 1716 404 s.
1756 341 2212 402 ATHANASIUS.
2250 371 2317 381 -
2358 337 2627 396 spuma.
2698 314 2701 316 ’

3653 319 3765 376 MS

1606 508 1745 564 ΤΟΥ
1779 508 1875 563 ΕΝ
1909 505 2131 560 ΑΓῙΟΙΣ
2162 502 2432 558 ΠΑΤΡΟΣ
2468 496 2668 556 ΗΜΩΝ

1827 622 2458 719 ΑΘΑΝΑΣΙΟΥ

990 781 1254 838 ΡΗΣΕΙΣ
1289 780 1423 834 ΚΑΙ
1455 773 1860 833 ΕΡΜΝΕῙΑΙ
1884 767 2333 826 ΠΑΡΑΒΟΛΩΝ
2366 765 2506 819 ΤΟΥ
2535 763 2612 819 ΑΙ
2625 761 2759 818 ’1οΥ
2787 759 2831 812 Ε
2842 755 3279 816 ΥΑΓΓΕΛΙΟΥ.

1446 1025 1610 1099 258
1676 1017 1770 1106 S.
1845 1016 1953 1103 P.
2011 1013 2128 1103 N.
2211 1007 2849 1100 ATHANASII

1015 1214 1260 1283 EDICTA
1304 1213 1398 1269 ΕΤ
1426 1201 2188 1276 lNTERPRETATIONES
2228 1195 2775 1257 PARABOLARUM
2810 1189 3253 1250 EVANGELII.

524 1490 528 1507 ⁷
605 1495 844 1567 Quzcstio
861 1491 904 1547 l.
942 1510 961 1544 ι
983 1489 1064 1546 lte
1096 1489 1153 1544 in
1175 1484 1483 1557 oppositum
1506 1483 1712 1548 vicum,
1736 1491 1790 1538 et
1810 1477 2100 1535 invenietis

537 1592 813 1648 hominem
840 1588 1091 1657 lagenam
1125 1598 1278 1653 aqua:
1312 1579 1647 1649 baiulantem
1670 1576 1713 1630 ⁸.
1750 1592 1770 1627 ι

609 1683 866 1750 Quaenam
899 1677 1094 1732 civitas
1123 1674 1246 1731 est?
1267 1671 1529 1727 Ecclesia.
1562 1667 1692 1734 Quze
1709 1679 1863 1736 aquae
1882 1660 2110 1734 lagena?

542 1775 804 1830 Sanctum
849 1769 1136 1840 baptisma.
1193 1766 1326 1832 Quis
1377 1765 1466 1818 ille
1519 1760 1720 1815 homo?
1767 1756 2105 1812 Praecursor.

541 1863 698 1933 Quod
731 1859 1112 1919 coenaeulum?
1137 1858 1381 1930 Regnum
1406 1854 1692 1910 coelorum.

612 1956 678 2023 Q.
705 1954 768 2012 ll.
809 1973 828 2007 ι
867 1953 1054 2009 Simile
1081 1961 1166 2008 est
1190 1965 1415 2022 regnum
1446 1947 1706 2004 caelorum
1739 1940 1948 1998 homini
1972 1940 2110 2011 regi,

542 2049 637 2125 qui
663 2049 833 2104 \oluit
863 2048 1129 2103 rationem
1163 2058 1366 2116 ponere
1393 2057 1516 2098 cum
1553 2039 1728 2096 servis
1750 2038 1865 2094 suis
1888 2037 1955 2092 ¹⁰.
1989 2055 2008 2088 ι

614 2230 752 2299 Quis
792 2235 876 2285 est
935 2227 1026 2281 ille
1069 2225 1206 2280 rex?
1256 2223 1422 2278 Deus.
1470 2220 1605 2286 Quis
1662 2217 1877 2272 debitor
1927 2215 2116 2271 decem

2132 1450 2179 1506 A

2287 1466 2582 1542 Ἐρώτησις
2599 1470 2669 1520 α’.
2691 1481 2710 1515 ι
2746 1459 3038 1515 Ἀπέλθατε
3055 1459 3134 1522 είς
3155 1455 3531 1530 τὴνξάπέναντι
3563 1453 3774 1526 κώμην,

2207 1561 2299 1616 καὶ
2315 1560 2571 1631 εὑρήσετε
2589 1554 2872 1626 ἄνθρωπον
2892 1550 3155 1623 κεράμιον
3172 1548 3359 1610 ὓδατος
3375 1547 3730 1618 βαστάζοντα.
3751 1567 3772 1600 ο

2277 1653 2372 1715 Τίς
2399 1652 2431 1721 ἡ
2464 1647 2648 1712 πόλις;
2683 1643 2996 1713 Ἐκκλησία.
3026 1642 3092 1694 Τί
3135 1639 3196 1692 τὸ
3224 1639 3486 1710 κεράμιον
3518 1638 3611 1691 τοῦ
3653 1639 3780 1693 ὕδα-

2208 1759 2336 1808 το;;
2368 1741 2441 1794 Τὸ
2480 1741 2633 1807 ἆγιον
2669 1736 2968 1808 βάπτισμα.
3015 1732 3110 1796 Τίς
3145 1734 3172 1785 6
3201 1731 3514 1804 ἄνθρωπος;
3554 1730 3611 1784 Ὀ
3643 1731 3785 1804 Πρό-

2210 1835 2426 1908 δρομος.
2457 1831 2520 1884 Τί
2544 1831 2603 1882 τὸ
2627 1828 2899 1897 ἀνώγεον;
2939 1827 3005 1880 Ἥ
3035 1824 3280 1896 βασιλεία
3309 1823 3710 1896 τῶνβύρανῶν.

2281 1924 2474 1997 Ἐρώτ.
2508 1921 2572 1994 β’.
2607 1941 2624 1973 ι
2665 1918 2928 1992 Ὡμοιώθη
2959 1919 2994 1988 ἡ
3026 1916 3269 1988 βασιλεία
3293 1915 3400 1997 τῶν
3425 1914 3664 1987 οὐρανῶν
3684 1915 3784 1969 ἀν-

2215 1995 2414 2092 θρώπῳ
2449 2014 2674 2088 βασιλεῖ,
2719 2014 2867 2076 ὅστις
2913 2009 3147 2082 ἠθέλησε
3191 1995 3422 2080 συνᾶραι
3456 2009 3609 2076 λόγον
3648 2007 3787 2080 μετὰ

2214 2109 2322 2164 τῶν
2349 2106 2550 2162 δούλων
2589 2102 2774 2158 αὐτοῦ.
2818 2120 2837 2154 ι

2287 2221 2382 2285 Τίς
2409 2223 2438 2274 6
2474 2216 2753 2290 βασιλεύς;
2798 2215 2855 2270 '0
2883 2213 3034 2278 Θεός.
3070 2211 3165 2277 Τίς
3191 2212 3219 2265 6
3241 2209 3518 2282 ὀφειλέτης
3549 2207 3658 2260 τῶν
3692 2223 3792 2278 μυ-

544 2322 696 2377 mille
764 2315 1130 2374 talentorum?
1181 2312 1397 2376 Homo,
1478 2311 1570 2380 qui
1623 2308 1809 2363 multis
1877 2305 2118 2376 peccatis

2235 2300 2351 2382 βίων
2399 2312 2717 2375 ταλάντων;
2765 2309 2824 2361 Ὀ
2864 2305 3146 2378 ἅνθρωπος
3189 2305 3217 2358 6
3263 2303 3321 2358 ὲν
3365 2302 3584 2364 πολλαῖς
3615 2301 3796 2372 ἀμαρ-

545 2407 840 2475 obnoxius,
860 2411 1056 2466 divinte
1079 2417 1258 2464 tamen
1276 2413 1359 2460 est
1377 2401 1804 2473 longanimitatis
1827 2399 2116 2469 particeps.

547 2505 682 2572 Quis
715 2513 934 2558 centum
960 2497 1307 2553 denariorum
1356 2495 1607 2549 debitor?
1636 2491 1899 2545 Subditus
1930 2502 2122 2542 servus

549 2597 670 2666 ejus
695 2635 710 2660 ,
745 2594 840 2664 qui
874 2593 1202 2647 talentorum
1236 2588 1424 2642 decem
1456 2585 1693 2640 debebat
1715 2583 1918 2645 millia,
1950 2581 2041 2650 qui
2069 2587 2123 2632 et

2228 2406 2371 2469 τίαις
2399 2405 2495 2475 τῆς
2521 2402 2615 2456 τοῦ
2647 2398 2780 2454 Θεοῦ
2823 2397 3198 2470 μακροθυμίας
3227 2392 3530 2449 ἀπολαϐών.
3559 2392 3653 2456 Τίς
3677 2394 3704 2445 6
3728 2390 3797 2444 τὰ

2226 2496 2417 2552 ἑκατὸν
2437 2495 2665 2567 δηνάρια
2685 2491 2850 2562 (80‘);
2878 2489 2935 2544 '0
2958 2487 3261 2560 ὑποχείριος
3279 2485 3371 2539 τοῦ
3402 2483 3798 2556 χρεωστοῦντος

2228 2591 2296 2645 τὰ
2323 2589 2490 2661 μυρία
2514 2587 2772 2642 τάλαντα·
2801 2583 2895 2638 κα)⁵
2915 2581 3074 2644 αὐτὸς
3101 2581 3195 2652 μὲν
3217 2579 3371 2650 ἔτυχε
3399 2575 3798 2648 μακροθυμίας,

553 2687 671 2758 ipse
693 2684 914 2756 quidem
939 2681 1032 2737 Dei
1062 2678 1528 2748 longanimitatem
1563 2683 1818 2744 expertus
1839 2710 1853 2735 ,
1884 2670 2124 2725 crudelis

2235 2677 2375 2745 ὦτος
2397 2681 2452 2734 δὲ
2480 2679 2651 2750 ἐφάνη
2685 2677 2838 2748 ώμὸς
2871 2675 2965 2729 καὶ
2988 2673 3222 2744 σκληρὸς
3247 2671 3380 2742 πρὸς
3401 2670 3490 2722 τὸν
3513 2667 3801 2738 ὁμόδουλον

553 2788 736 2832 tamen
763 2791 826 2830 ac
851 2773 1021 2829 durus
1047 2788 1171 2842 erga
1196 2782 1516 2824 conservum
1553 2780 1710 2820 suum
1747 2763 1895 2817 visus
1921 2771 2024 2815 est.

631 2871 764 2922 ALIA
809 2881 1082 2922 ranasom
1127 2861 1212 2917 lll.
1261 2879 1279 2912 ι
1321 2860 1488 2913 llomo
1521 2857 1742 2926 quidam
1785 2854 1923 2908 duos
1965 2852 2125 2906 habe-

553 2963 650 3018 bat
676 2962 814 3015 lilios
839 3000 854 3023 ,
891 2969 946 3014 et
988 2958 1080 3011 uni
1117 2955 1292 3010 dixit:
1331 2951 1482 3005 Vade
1541 2951 1594 3003 in
1634 2949 1874 3002 vineam.
1905 2944 2005 3010 Qui
2042 2959 2128 2998 reo

2157 2790 2198 2844 Β
2228 2772 2414 2830 αὑτοῦ.

2311 2864 2503 2933 Ἑτέρα
2549 2856 2833 2932 παραϐολὴ
2872 2862 2942 2924 γ’.
2995 2872 3015 2907 ι
3054 2850 3375 2925 ’Ἄνθρωπός
3423 2867 3506 2912 τις
3555 2842 3672 2917 εἶχε
3713 2846 3803 2900 δύο

2227 2954 2410 3018 τέκνα,
2445 2953 2539 3007 καὶ
2573 2949 2692 3005 εἷπε
2717 2948 2795 3020 τῷ
2824 2947 2928 3001 ὲνί·
2965 2943 3197 2998 Ἀπελθε
3231 2944 3308 3005 εἰς
3340 2941 3429 2994 τὸν
3471 2939 3798 3011 ἀμπελῶνα·

557 3052 779 3125 spondit
805 3071 817 3106 :
846 3051 963 3104 Non
995 3051 1085 3104 ibo
1108 3089 1123 3114 ,
1157 3055 1210 3101 et
1243 3042 1476 3099 abiit.Et
1511 3041 1775 3095 accedens
1802 3038 1868 3092 ad
1898 3039 2129 3091 alterum

2235 3045 2320 3099 ml.
2347 3039 2500 3098 εἶπεν
2519 3061 2532 3072 ο
2569 3042 2680 3112 Οὐχ
2709 3039 2922 3108 ὑπάγω,
2956 3037 3050 3090 καὶ
3082 3033 3313 3104 ἀπῆλθε.
3345 3034 3454 3086 Καὶ
3493 3030 3805 3104 προσελθὼν

559 3121 700 3199 dixit
759 3142 1056 3207 similiter;
1127 3137 1222 3208 qui
1263 3134 1601 3206 respondit:
1662 3130 1811 3184 Vado
1914 3137 1968 3184 et
2020 3144 2128 3182 non

2235 3132 2348 3189 εἷπε
2395 3135 2488 3187 καὶ
2531 3131 2609 3204 τῷ
2656 3130 2858 3201 ἑτέρῳ·
2909 3129 3003 3181 καὶ
3037 3121 3228 3180 εἶπεν·
3273 3124 3521 3194 Ὑπάγω,
3573 3124 3670 3177 καὶ
3707 3124 3805 3176 οὐκ

560 3237 695 3292 abiit
721 3237 786 3290 ”.
833 3253 852 3286 ι

633 3350 770 3417 Quis
803 3350 892 3404 ille
930 3345 1129 3403 homo?
1158 3345 1325 3400 Deus.
1356 3343 1492 3411 Quis
1535 3341 1661 3408 ille,
1693 3340 1785 3411 qui
1816 3338 1984 3402 dixit,
2013 3336 2130 3402 Ibo,

563 3451 620 3499 et
652 3458 760 3498 non
789 3441 945 3496 abiit?
971 3438 1165 3494 Judaei.
1197 3438 1334 3504 Quis
1365 3437 1455 3491 ille
1478 3435 1574 3506 qui
1603 3433 1764 3498 dixit,
1798 3429 1917 3487 Non
1939 3430 2050 3495 ibo,
2073 3435 2136 3485 et

562 3544 745 3592 tamen
773 3534 928 3590 abiit?
947 3533 1209 3605 Populus,
1229 3531 1323 3602 qui
1356 3541 1438 3585 est
1470 3544 1536 3584 ex
1567 3527 1848 3599 gentibus.

636 3627 772 3682 Ama
819 3641 1090 3682 raaanou
1137 3623 1226 3678 1V.
1271 3641 1290 3674 ι
1334 3621 1584 3677 Hominis
1621 3617 1907 3689 cujusdam
1949 3614 2136 3670 divitis

563 3735 694 3792 ager
722 3720 918 3775 uberes
949 3719 1160 3773 fructus
1185 3716 1310 3770 tulit
1329 3717 1394 3770 “.
1429 3735 1448 3767 ι
1474 3713 1608 3780 Quis
1629 3714 1719 3767 ille
1735 3709 1924 3766 homo?
1943 3708 2136 3772 Judas,

564 3821 620 3868 et
648 3813 741 3883 qui
767 3812 910 3867 sicut
945 3812 1063 3882 ipse
1091 3809 1241 3864 avari
1268 3815 1398 3865 sunt
1420 3815 1474 3863 et
1505 3817 1751 3861 amantes
1780 3804 2047 3874 pecuniar.

637 3926 774 3981 ALIA
802 3925 866 3978 ν.
909 3943 928 3977 ι
963 3923 1042 3979 lte
1068 3924 1138 3978 in-
1157 3924 1342 3977 vicum
1372 3922 1465 3992 qui
1493 3928 1684 3974 contra
1711 3933 1806 3973 vos
1827 3924 1935 3981 est,
1977 3924 2028 3970 et
2056 3915 2142 3968 in-

567 4019 797 4072 venietis
823 4016 1034 4070 asinam
1066 4015 1337 4084 alligatam
1366 4021 1422 4067 et
1456 4012 1659 4082 pullum
1681 4011 1741 4063 ¹³.
1775 4029 1794 4062 ι
1827 4009 1927 4073 Qui
1952 4007 2141 4061 vicus?

2232 3225 2410 3297 ἀπῆλο
2419 3242 2498 3281 εν.
2527 3243 2547 3276 ι

2304 3340 2400 3402 Τίς
2433 3338 2461 3390 ὁ
2501 3335 2813 3405 ἄνθρωπος;
2848 3331 2908 3386 '0
2953 3329 3107 3394 Θεός.
3138 3327 3234 3392 Τίς
3273 3327 3302 3381 6
3329 3324 3522 3390 είς-τὼν,
3561 3323 3809 3392 Ὑπάγω,

2235 3435 2330 3488 καὶ
2351 3432 2450 3486 οὐκ
2481 3428 2750 3498 ἀπῆλθεν;
2777 3427 2828 3479 οί
2855 3424 3115 3478 Ἰουδαῖοι.
3148 3421 3246 3485 Τίς
3273 3421 3302 3473 6
3325 3418 3515 3485 εἰπὼν,
3538 3419 3650 3490 οὐχ
3675 3416 3814 3472 ὑπά-

2236 3541 2342 3595 γω,
2373 3521 2469 3576 καὶ
2506 3518 2783 3589 ἀπῆλθεν;
2826 3517 2883 3569 Ὀ
2918 3513 2977 3579 ἐξ
3003 3511 3171 3567 ἐθνῶν
3197 3511 3343 3574 λαός.

2309 3614 2480 3682 Ἀλλη
2505 3609 2709 3682 παραϐ.
2735 3608 2800 3663 δ’.
2840 3626 2859 3660 ι
2901 3606 3213 3679 Ἀνθρώπου
3250 3603 3394 3668 τινὸς
3429 3600 3688 3656 πλουσίου
3729 3597 3817 3653 εὗ-

2237 3707 2474 3780 φόρησεν
2501 3707 2534 3776 ὴ
2565 3703 2737 3776 χώρα.
2772 3719 2790 3753 ι
2825 3700 2920 3765 Τίς
2948 3702 2976 3753 6
3013 3698 3332 3770 ἄνθρωπος;
3371 3696 3428 3749 '0
3463 3695 3688 3764 Ἰούδας,
3723 3694 3817 3749 καὶ

2238 3804 2290 3856 ot
2317 3802 2434 3856 κατ’
2467 3799 2626 3852 αὑτὸν
2659 3796 2976 3850 πλεονέκται
3010 3794 3104 3847 καὶ
3128 3791 3475 3862 φιλάργυροι.

2322 3913 2513 3984 Ἑτέρα
2551 3909 2613 3965 ε’.
2649 3928 2668 3962 ‹
2715 3905 3013 3961 Ἀπέλθατε
3051 3905 3130 3968 εἰς
3163 3903 3262 3975 τὴν
3301 3901 3564 3955 ἀπέναντι
3603 3900 3814 3972 κώμην,

2241 4008 2336 4061 καὶ
2381 3989 2640 4076 εὑρήσετε
2693 4001 2812 4054 ὄνον
2855 4000 2952 4054 καὶ
2996 3997 3174 4051 πῶλον
3215 3994 3526 4065 δεδεμένην.
3583 4013 3601 4046 ι
3655 3994 3747 4057 Τίς
3785 3994 3816 4063 ἡ

571 4106 829 4170 Mundus;
865 4105 1022 4159 asina
1046 4120 1198 4170 vero,
1221 4103 1412 4170 Judaei;
1434 4104 1634 4171 pullus,
1657 4099 1974 4156 Christiani.
2001 4099 2132 4164 Quis

2247 4099 2449 4170 κώμη;
2494 4098 2550 4151 Ὀ
2597 4095 2821 4165 κόσμος.
2858 4097 3014 4155 ’Ὀνος
3050 4091 3106 4145 δὲ
3143 4091 3191 4142 οἱ
3235 4087 3475 4140 Ἰουδαῖοι
3497 4103 3510 4117 ·
3557 4086 3735 4150 πῶλος
3771 4087 3817 4138 οι

570 4197 790 4268 ligavit?
821 4196 1055 4252 Mosaica
1091 4197 1196 4249 lex.
1230 4195 1366 4260 Quis
1411 4195 1606 4248 solvit?
1645 4193 1920 4246 Christus.
1951 4191 2141 4245 Pullus

570 4290 717 4345 enim
743 4297 827 4344 est
860 4290 1019 4343 bruta
1043 4289 1390 4344 ethnicorum
1422 4284 1871 4340 irrationabilitas
1901 4290 1956 4338 et
1991 4282 2142 4353 igno-

572 4381 778 4438 rantia.

639 4471 775 4525 Ama
808 4467 895 4524 Vl.
936 4487 954 4520 σ
989 4467 1068 4524 lte
1113 4468 1168 4522 in
1198 4467 1379 4522 vicum
1433 4466 1526 4535 qui
1574 4472 1763 4520 contra
1804 4479 1900 4519 vos
1949 4471 2032 4518 est
2077 4463 2144 4517 ad

573 4557 900 4629 quemdam,
951 4565 1006 4613 et
1047 4556 1212 4612 dicite
1251 4557 1344 4610 ei:
1389 4555 1646 4626 Magister
1692 4555 1862 4618 dicit,
1899 4553 2054 4623 Apud
2094 4562 2148 4607 te

572 4650 715 4705 facio
761 4649 969 4704 Pascha
1020 4663 1144 4702 cum
1202 4647 1489 4716 discipulis
1536 4647 1672 4701 meis
1710 4646 1771 4698 ”.
1813 4665 1830 4697 ι
1871 4644 2005 4710 Quae
2042 4644 2145 4698 ista

571 4742 792 4796 civitas?
817 4739 1087 4796 infernus.
1126 4739 1262 4806 Quis
1294 4740 1385 4793 ille
1405 4737 1670 4808 quidam?
1695 4738 1891 4792 Adam.
1927 4737 1972 4789 Α
2003 4751 2148 4790 mor-

573 4833 682 4887 tuis
711 4832 856 4886 euim
892 4831 1068 4900 ipsum
1103 4832 1447 4886 excitaturus
1473 4837 1611 4882 erat.

643 4923 778 4976 Am
819 4937 1024 4986 QUJEST.
1064 4920 1175 4976 VII.
1214 4939 1233 4973 ι
1281 4920 1400 4974 .Iam
1433 4935 1562 4974 vero
1602 4926 1655 4975 et
1703 4919 1916 4973 securis
1951 4919 2017 4973 ad
2058 4934 2149 4972 ar-

572 5016 766 5071 borum
808 5015 1044 5070 radicem
1076 5023 1159 5070 est
1191 5015 1367 5085 posita
1391 5014 1456 5065 ¹³.
1503 5031 1522 5064 ι

647 5108 806 5165 Βεερ.
838 5108 1014 5162 Radix
1045 5116 1129 5164 est
1173 5108 1308 5163 ﬁdes
1343 5126 1355 5162 :
1399 5105 1601 5170 arbor,
1645 5105 1808 5159 homo
1838 5123 1852 5159 :
1909 5104 2145 5168 securis,

575 5202 701 5257 ﬁnis
728 5201 989 5257 hominis.

643 5291 778 5345 Ama
811 5291 948 5348 Vill.
989 5312 1008 5345 ι
1051 5291 1226 5346 Homo
1269 5291 1491 5361 quidam
1525 5287 1750 5344 domum
1789 5303 1942 5343 suam
1978 5287 2151 5343 (ediﬁ—

577 5385 722 5437 cavit
756 5399 922 5453 supra
961 5383 1260 5454 petram".
1299 5402 1318 5434 ι
1351 5381 1488 5447 Quis
1535 5381 1625 5435 ille
1671 5381 1871 5436 homo?
1915 5380 2152 5434 Sanctus

581 5472 796 5539 Petrus;
824 5484 996 5544 petra,
1020 5474 1296 5539 Christus;
1321 5473 1514 5527 domus
1536 5512 1550 5536 ,
1583 5473 1747 5538 ﬁdes;
1767 5479 1962 5526 ventus
1981 5511 1994 5533 ,
2027 5471 2143 5525 dia-

2245 4187 2580 4264 Χριστιανοί.
2616 4188 2674 4240 '0
2695 4187 2897 4256 δήσαςς
2931 4183 3112 4254 Νόμος
3135 4182 3163 4232 ὁ
3187 4178 3496 4242 Μωσαῖκὸς.
3532 4178 3591 4229 '0
3620 4177 3816 4241 λύσας;

2246 4286 2273 4337 6
2302 4283 2556 4354 Χριστός.
2596 4279 2780 4342 Πῶλος
2807 4279 2917 4350 γάρ
2959 4279 3075 4330 ἐστι
3100 4275 3206 4328 τῶν
3241 4273 3409 4328 ἐθνῶν
3441 4275 3475 4344 ἡ
3509 4272 3701 4342 ἀλογία
3730 4271 3819 4326 καὶ

2245 4377 2278 4447 ἡ
2304 4374 2566 4444 ἀγνωσία.

2321 4465 2488 4536 Ἀλλη
2533 4470 2606 4529 ς’.
2643 4482 2662 4514 ‹
2707 4460 3002 4516 Ἀπέλθατε
3048 4459 3129 4522 είς
3173 4456 3270 4529 τὴν
3312 4459 3574 4513 ἀπέναντι
3629 4455 3820 4526 κώμην

2248 4556 2382 4627 πρὸς
2409 4555 2500 4608 τὸν
2543 4553 2708 4619 δεῖνα,
2744 4552 2836 4606 καὶ
2872 4549 3059 4603 εἴπατε
3085 4547 3232 4618 αὐτῷ
3255 4564 3268 4580 ·
3306 4547 3361 4601 '0
3388 4547 3716 4610 Διδάσκαλος
3741 4546 3823 4598 λέ-

2247 4665 2368 4716 γει·
2405 4645 2549 4716 Πρὸς
2603 4646 2663 4698 σὲ
2708 4644 2850 4697 ποιῶ
2894 4643 2954 4696 τὸ
2998 4641 3188 4711 Πάσχα
3239 4639 3374 4711 μετὰ
3415 4639 3523 4692 τῶν
3572 4639 3822 4710 μαθητῶν

2251 4758 2377 4810 μου.
2415 4757 2434 4790 ι
2473 4740 2568 4802 Τίς
2608 4741 2642 4808 ἡ
2683 4736 2873 4802 πόλις;
2915 4734 2974 4789 Ὀ
3018 4735 3169 4806 ᾅδης.
3209 4734 3265 4788 ὐ
3305 4734 3485 4797 salva;
3522 4734 3582 4786 '0
3628 4732 3818 4802 Ἀδάμ·

2248 4831 2440 4903 ἔμελλε
2474 4831 2582 4902 γὰρ
2612 4832 2820 4901 ἐγεῖραι
2849 4829 3010 4882 αὐτὸν
3037 4828 3102 4880 ὲκ
3132 4825 3362 4897 νεκρῶν.

2329 4921 2526 4992 Ἑτέρα
2571 4918 2731 4991 ὲρώτ.
2763 4919 2829 4984 ζ’.
2861 4937 2881 4970 ι
2921 4918 3058 4987 Ἤδη
3101 4917 3156 4970 δὲ
3183 4919 3278 4969 καὶ
3308 4918 3341 4987 ἡ
3375 4915 3532 4986 ἀξίνη
3562 4915 3701 4988 πρὸς
3731 4915 3825 4987 τὴν

2255 5014 2413 5085 ῥίζαν
2439 5011 2547 5064 τῶν
2570 5012 2800 5084 δένδρων
2829 5012 3022 5065 κεῖται.
3062 5028 3081 5061 ι

2334 5105 2522 5157 Ἀπὸκ.
2560 5104 2711 5168 Ῥίζα
2751 5103 2897 5157 ἐστὶν
2923 5106 2956 5174 ἡ
2985 5102 3167 5166 πίστις
3187 5119 3200 5132 ·
3221 5100 3282 5153 τὸ
3311 5099 3550 5172 δένδρον,
3579 5103 3608 5154 6
3634 5101 3830 5172 ἄνθρω·

2253 5215 2356 5260 πος
2374 5213 2389 5228 ο
2420 5198 2454 5266 ἡ
2477 5196 2656 5267 ἀξίνη,
2685 5196 2748 5249 τὸ
2775 5195 2869 5248 τοῦ
2893 5194 3180 5266 ἀνθρώπου
3200 5192 3368 5257 τέλος.

2335 5289 2532 5359 Ἑτέρα
2559 5288 2627 5360 η’.
2660 5308 2677 5339 ι
2715 5286 3032 5358 ’Ἄνθρωπός
3063 5303 3147 5349 τις
3177 5284 3494 5356 ᾠκοδόμησε
3521 5283 3623 5355 τὴν
3655 5282 3826 5336 οἰκίαν

2253 5382 2420 5435 αὐτοῦ
2447 5383 2541 5435 ἐπὶ
2573 5382 2670 5453 τὴν
2711 5380 2936 5450 πέτραν.
2975 5397 2994 5430 ι
3031 5379 3128 5442 Τίς
3161 5380 3190 5433 6
3225 5376 3545 5448 ἄνθρωπος;
3589 5376 3647 5428 '0
3683 5375 3825 5443 ἅγιος

2253 5474 2488 5546 Πέτροςο
2509 5473 2701 5546 πέτρα,
2752 5476 2780 5528 6
2813 5470 3076 5544 Χριστός·
3103 5467 3268 5535 οἰκία,
3309 5469 3342 5540 ἡ
3370 5467 3553 5530 πίστις
3572 5482 3589 5498 ·
3637 5467 3828 5535 ἄνεμος

691 5586 713 5654 ξ
751 5585 916 5640 Marc.
952 5604 1042 5652 χι,
1079 5587 1133 5641 2.
1215 5589 1258 5620 ¹⁹
1299 5559 1488 5640 Matth.
1525 5602 1657 5640 xvm
1693 5627 1706 5649 ,
1742 5588 1833 5642 25.
1913 5588 1953 5618 “
1997 5587 2120 5640 Matt

2235 5605 2349 5648 txr,
2382 5589 2489 5646 28.
2526 5590 2616 5646 29.
2697 5593 2739 5627 ¹-¹
2779 5590 2913 5645 Luc.
2948 5604 3024 5642 xu
3048 5628 3062 5654 ,
3096 5585 3184 5642 16.
3266 5585 3310 5617 ⁸³
3349 5581 3542 5639 Matth.
3580 5595 3699 5648 ut,
3735 5579 3826 5639 20.

584 5657 633 5690 “
669 5653 858 5710 Matth.
899 5673 1059 5724 xxvi,
1100 5658 1195 5722 i8,
1234 5658 1319 5713 i9.
1400 5658 1442 5688 ¹⁸
1484 5657 1673 5712 Matth.
1709 5673 1806 5717 ιιι,
1846 5657 1930 5710 10.

2010 5660 2053 5690 ³⁸
2095 5657 2284 5711 Matth.
2321 5675 2395 5712 VII
2417 5660 2556 5724 ,«24.

657 5767 795 5840 (30‘)
824 5769 918 5834 Τίς
942 5773 974 5824 ό
1001 5771 1069 5824 τὰ
1095 5771 1308 5825 ἕκατον
1331 5769 1599 5837 δηνάρια.
1644 5769 1844 5842 Supple
1872 5772 2118 5841 ὀφείλων.

2235 5790 2301 5829 ιτ.
2338 5773 2580 5829 Ριτιιρι..
