4088 6382
357 322 455 377 713

1699 336 2156 404 ΩυΕΞΤΙΟΝΕε
2190 341 2256 396 IN
2293 341 2358 398 Ν.
2403 345 2465 400 Τ.

3472 368 3573 423 714

347 439 376 491 6
407 435 670 500 διάϐολος.
704 436 766 492 '0
796 438 854 492 δὲ
883 439 985 524 ,ἐπὶ
1029 441 1127 514 τὴν
1168 444 1351 516 ἄμμον
1387 447 1744 523 οἰκοδομήσας
1783 454 1875 507 Ἰού

1975 476 1988 515 ι
2016 454 2174 512 bolus
2193 466 2296 514 est.
2329 458 2433 526 Qui
2462 476 2592 518 vero
2621 479 2786 536 super
2806 483 3026 526 arenam
3061 472 3367 543 aediﬁcant,
3406 481 3574 541 Judas

345 529 470 591 δαςο
505 527 690 598 ἄμμος
721 529 829 602 γάρ
862 521 1010 585 ἐστιν
1033 534 1065 604 ἡ
1091 535 1357 607 ἀκαρπία.

416 619 585 688 Ἀλλη
613 619 678 672 θ’.
711 640 730 672 ι
775 621 1041 694 Ὡμοιώθη
1072 626 1103 696 ὴ
1133 626 1376 696 βασιλεία
1404 630 1512 686 τῶν
1548 632 1788 704 οὐρανῶν
1821 635 1914 688 ἀν-

345 709 543 782 θρώπῳ
571 712 798 783 βασιλεῖ,
840 715 988 778 ὅστις
1026 717 1246 789 ἐποίησε
1296 723 1508 792 γάμους
1556 724 1634 795 τῷ
1674 726 1772 796 υἱῷ
1818 728 1912 780 αῦ-

340 803 453 857 τοῦ.
511 823 532 855 ι
591 805 687 869 Τίς
718 808 746 858 6
788 805 1124 876 βασιλεύςςό
1151 809 1300 876 Θεύς.
1338 815 1432 876 Τίς
1477 817 1506 869 6
1548 818 1688 882 υἱός;
1722 821 1750 871 6
1774 821 1910 892 Χρι-

343 894 480 957 στός.
510 895 667 959 Τίνες
707 899 756 950 οί
780 898 1136 970 κεκλημένοι;
1175 905 1446 974 προφῆται
1478 908 1572 960 καὶ
1601 910 1904 966 ἀπόστολοι.

341 984 493 1046 Τίνες
529 987 578 1038 oi
626 986 1060 1058 ἀπαιτήσαντεςς
1098 991 1145 1042 οἱ
1208 991 1466 1048 Ἰουδαῖοι.
1519 995 1672 1060 Τίνες
1710 1000 1758 1051 οί
1805 1015 1910 1052 πα-

340 1075 718 1146 ραγενόμενοι;
747 1078 795 1129 οἱ
825 1077 884 1142 ἐξ
927 1078 1116 1133 ἐθνῶν.
1143 1081 1235 1144 Τίς
1262 1085 1290 1134 6
1322 1085 1394 1156 μὴ
1425 1085 1562 1156 ἔχων
1583 1087 1783 1159 ἔνδυμα
1807 1091 1909 1158 γά-

341 1181 476 1234 μου;
532 1168 562 1218 6
617 1165 837 1229 Ἰούδας,
868 1169 960 1222 καὶ
992 1171 1042 1222 oi
1081 1172 1199 1224 κατ’
1226 1173 1388 1228 αὐτὸν
1426 1175 1659 1240 ἀναξίως
1699 1181 1904 1252 ἐπιπη-

339 1251 530 1317 δῶντες
559 1256 639 1317 εἰς
667 1256 735 1308 τὰ
762 1255 912 1324 ἅγια.

404 1343 568 1414 Ἀλλη
621 1350 672 1400 ι’.
727 1364 746 1397 ι
775 1345 940 1400 Εἶπεν
993 1350 1022 1402 6
1067 1351 1269 1423 Κύριος
1324 1354 1460 1425 πρὸς
1509 1356 1600 1410 τὸν
1654 1359 1898 1433 Πέτρον·

341 1434 572 1487 ’Δπελθε
608 1437 690 1500 είς
721 1437 819 1509 τὴν
855 1440 1148 1508 θάλασσαν,
1179 1447 1272 1498 καὶ
1308 1446 1434 1516 βάλε
1473 1449 1784 1524 ἄγκιστρον,
1809 1455 1903 1509 καὶ

332 1526 420 1578 τὸν
459 1528 733 1583 ἀναϐάντα
786 1532 1000 1602 πρῶτον
1051 1535 1201 1605 ἰχθὺν
1247 1533 1399 1608 ἆρον,
1459 1542 1551 1593 καὶ
1589 1543 1804 1610 ἀνοίξας
1839 1545 1902 1598 τὸ

334 1619 502 1690 στόμα
549 1621 736 1687 αὑτοῦ,
790 1624 1041 1694 εὑρήσεις
1095 1629 1354 1699 στατῆρα.
1400 1630 1599 1685 Τοῦτον
1641 1634 1728 1698 δὸς
1777 1637 1899 1690 ἀντὶ

330 1709 456 1778 ἐμοῦ
497 1713 590 1764 καὶ
623 1712 740 1767 σοῦ.
774 1733 796 1766 ι
836 1716 932 1780 Τίς
979 1717 1011 1788 ἡ
1055 1717 1331 1786 θάλασσα;
1384 1723 1412 1775 6
1463 1724 1684 1796 κόσμος.
1735 1727 1800 1780 Τί
1833 1729 1894 1782 τὸ

326 1803 648 1875 ἄγκιστρονς
707 1808 737 1859 6
781 1807 936 1876 λόγος
982 1810 1076 1863 τοῦ
1133 1811 1289 1868 Θεοῦ.
1344 1815 1514 1901 Ἰχθὺς
1559 1818 1588 1869 6
1633 1819 1875 1888 Χριστός.

1991 1827 2270 1900 Christus;
2303 1844 2493 1901 stater,
2527 1854 2622 1894 cru

325 1893 534 1966 Στατὴρ
561 1898 589 1948 6
615 1898 847 1968 σταυρὸς
873 1899 966 1952 τοῦ
992 1900 1211 1971 Κυρίου,
1247 1905 1304 1956 ὲν
1340 1898 1383 1972 ᾧ
1409 1905 1600 1977 ἔμελλε
1637 1911 1888 1976 κάκεῖνος

327 1985 718 2057 σταυρωθῆναι,
751 1991 844 2043 καὶ
874 1992 902 2042 6
928 1992 1152 2064 Πέτρος.

400 2077 591 2150 Ἑτέρα
638 2088 728 2134 ια’.
764 2100 783 2133 ι
817 2084 1134 2155 Ἀνθρωπος
1162 2105 1244 2150 τις
1277 2083 1388 2158 εἶχε
1439 2088 1532 2144 δύο
1578 2093 1747 2158 υἱοὺς,
1793 2097 1887 2149 καὶ

322 2163 468 2222 εἶπεν
495 2173 524 2224 6
553 2171 814 2244 νεώτερος
833 2177 1012 2229 αὐτῶν
1044 2177 1121 2248 τῷ
1155 2179 1348 2250 πατρί·
1381 2181 1579 2254 Πάτερ,
1601 2183 1688 2247 δός
1722 2203 1832 2256 μοι.
1857 2205 1878 2240 ι

323 2261 415 2322 Τίς
437 2263 465 2314 6
486 2261 802 2334 ἄνθρωποςς
845 2269 873 2319 6
903 2267 1052 2332 Θεός.
1090 2272 1150 2323 Οί
1197 2270 1289 2324 δύο
1319 2271 1455 2337 υίοί;
1487 2274 1537 2325 οἱ
1564 2273 1758 2329 δίκαιοι
1791 2278 1885 2332 καὶ

318 2352 365 2404 oi
392 2355 720 2425 ἁμαρτωλοί.
764 2358 1044 2430 Νεώτερος
1082 2363 1194 2426 υίὸς
1224 2365 1253 2418 6
1280 2363 1376 2436 τὴν
1406 2365 1628 2438 γνώμην
1653 2369 1882 2424 ἄστατον

319 2443 471 2514 ἔχων.
507 2446 578 2500 Τὸ
615 2449 904 2507 ἐπιϐάλλον
935 2453 1118 2526 μέρος,
1142 2455 1210 2510 τά
1240 2456 1394 2526 λόγια
1418 2458 1512 2513 τοῦ
1540 2459 1674 2514 Θεοῦ
1704 2462 1796 2516 καὶ
1824 2464 1881 2517 αι

320 2537 522 2592 ἐντολαὶ
552 2541 741 2596 αὐτοῦ.

392 2630 557 2702 Ἀλλη
591 2633 678 2703 ιβ’.
707 2653 726 2686 ‹
757 2637 1075 2709 ’Ἄνθρωπός
1114 2657 1198 2704 τις
1229 2641 1458 2715 εὐγενὴς
1489 2645 1758 2718 ἐπορεύθη
1798 2648 1879 2711 είς

319 2716 498 2788 χώραν
524 2723 765 2796 μακρὰν,
794 2726 887 2778 τοῦ
910 2727 1091 2782 λαϐεῖν
1115 2729 1410 2799 βασιλείαν,
1436 2753 1454 2785 ι
1480 2716 1818 2806 Ἀνθρωπος,
1849 2741 1878 2793 6

317 2808 442 2874 Θεός
460 2829 472 2842 ·
500 2813 651 2886 χώρα
683 2819 870 2890 μακρά
896 2822 928 2890 ἡ
952 2822 1043 2874 ἐπὶ
1068 2822 1170 2893 γῆς
1199 2824 1468 2896 παρουσία
1500 2827 1664 2881 αὑτοῦ
1686 2845 1700 2858 ·
1726 2829 1879 2899 βασι-

317 2899 486 2976 λείαὴ
522 2907 752 2980 δευτέρα
778 2914 1052 2982 παρουσία
1073 2931 1084 2945 ο
1120 2919 1168 2968 ol
1197 2916 1372 2970 δοῦλοι
1416 2920 1464 2971 οἱ
1499 2921 1792 2993 προφῆται,
1827 2926 1876 2978 οῖ

315 2993 616 3063 ἀπόστολοι,
640 3002 734 3054 καὶ
757 3003 806 3054 oi
839 3003 1134 3076 μάρτυρες.
1166 3007 1228 3059 Ἢ
1253 3007 1309 3060 δὲ
1338 3011 1445 3078 μνᾶ
1463 3011 1611 3065 ἐστιν
1640 3013 1673 3084 ή
1694 3015 1873 3086 χάρις,

315 3083 378 3153 ἢν
401 3085 591 3141 ἔλαϐεν
624 3091 847 3160 Ἰούδας,
876 3095 1076 3166 ὁμοίως
1096 3098 1188 3152 καὶ⁵
1214 3098 1276 3151 τὸ
1302 3101 1580 3157 τάλαντον.

381 3270 547 3342 ’Δλλη
579 3279 670 3342 ιγ’.
715 3292 734 3326 ι
763 3275 1079 3348 Ἄνθρωπός
1104 3297 1188 3343 τις
1230 3282 1522 3352 ἐφύτευσεν
1550 3286 1867 3357 ἀμπελῶνα,

311 3364 400 3412 καὶ
421 3363 676 3432 φραγμὸν
702 3364 852 3436 αὑτῷ
882 3369 1224 3439 περιέθηκεν.
1247 3391 1266 3423 ι
1299 3373 1617 3446 Ἀνθρωπος
1645 3378 1674 3430 6
1702 3379 1832 3444 Θεός
1851 3398 1865 3414 ο

309 3448 562 3518 ἀμπελὼν
583 3453 612 3504 6
640 3453 844 3524 κόσμος
866 3473 879 3486 ·
911 3459 943 3528 η
978 3458 1135 3530 ληνὸς
1163 3461 1223 3513 τὸ
1249 3461 1531 3536 βάπτισμα
1549 3483 1563 3497 ·
1597 3468 1626 3520 6
1663 3469 1871 3541 πύργος

306 3541 341 3610 ἡ
365 3541 574 3606 πίστις·
609 3546 660 3596 οῖ
700 3549 934 3618 γεωργοὶ
965 3552 1014 3602 οἱ
1055 3552 1296 3606 Ἰουδαῖοι
1315 3572 1328 3584 ·
1360 3557 1409 3608 οἱ
1440 3557 1613 3612 δοῦλοι
1653 3563 1867 3633 προφῆ-

303 3645 406 3697 ται,
431 3635 740 3701 ἀπόστολοι,
766 3640 860 3693 καὶ
887 3641 1178 3714 μάρτυρες.
1198 3646 1306 3698 Καὶ
1331 3648 1646 3704 ἀπέστειλεν
1671 3652 1868 3716 αὐτοὺς

305 3727 555 3796 κηρύξαι,
589 3731 686 3782 καὶ
710 3732 1034 3787 ἀπέκτειναν
1075 3737 1270 3802 αύτούς
1294 3756 1308 3770 ⁸
1341 3740 1600 3806 ὡσαύτως
1649 3745 1742 3798 καὶ
1777 3746 1868 3800 τὸν

307 3820 566 3888 μονογενῆ
597 3820 722 3872 Υίὸν
754 3824 849 3875 καὶ
897 3825 1069 3892 Λόγον
1111 3828 1204 3880 τοῦ
1255 3827 1410 3894 Θεοῦ,
1443 3833 1536 3884 καὶ
1566 3834 1777 3906 ἐπήρθη
1807 3836 1867 3900 ἐξ

303 3909 474 3964 αὐτῶν
506 3914 538 3983 ἡ
573 3912 842 3982 βασιλεία,
873 3918 966 3969 καὶ
994 3919 1148 3990 ἐδόθη
1179 3922 1488 3993 Ῥωμαίοις,
1511 3929 1623 3990 τοῖς
1654 3928 1864 3982 ποιοῦσι

298 4003 418 4064 τοὺς
459 4007 709 4075 καρποὺς
759 4008 946 4078 αὐτῆς.
978 4012 1138 4065 Αύτο)⁸
1177 4013 1232 4066 δὲ
1276 4017 1433 4069 κακοὶ
1511 4019 1696 4083 κακῶς
1763 4021 1866 4074 ἀπ-

297 4089 490 4147 ώλοντο
518 4095 608 4148 διὰ
635 4097 733 4167 τὴν
767 4100 1020 4154 ἀπιστίαν
1046 4104 1223 4158 αὐτῶν
1253 4109 1346 4161 καὶ
1375 4108 1824 4181 σκληροκαρδίαν.

369 4187 537 4256 ’Λλλη
564 4188 645 4242 ιδ’.
682 4208 701 4240 ι
738 4191 987 4262 Ἐξῆλθεν
1030 4197 1058 4247 6
1092 4197 1328 4268 σπείρων
1367 4199 1462 4253 τοῦ
1511 4205 1731 4273 σπεῖραι
1772 4205 1863 4257 τὸν

297 4277 490 4347 σπόρον
518 4279 707 4333 αὑτοῦ.
731 4300 750 4330 ι
790 4283 847 4335 ’0
871 4285 1068 4355 σπόρος
1092 4288 1238 4340 ἐστὶν
1258 4291 1287 4342 6
1307 4289 1464 4360 λόγος
1494 4293 1588 4346 τοῦ
1629 4296 1763 4349 Θεοῦ
1786 4315 1798 4328 ·
1831 4299 1860 4350 6

296 4368 608 4438 περιπεσὼν
634 4373 715 4434 είς
743 4372 842 4442 τὴν
873 4374 1111 4430 ἄκανθαν
1137 4381 1166 4432 6
1201 4379 1399 4446 Ἰούδας
1417 4400 1431 4413 ο
1464 4385 1714 4439 ἀπελθὼν

2013 557 2125 614 εει;
2155 564 2321 606 arena
2353 553 2621 623 siquidem
2645 565 2730 612 est
2767 563 3048 620 sterilitas.

2074 642 2210 699 ΑιιΑ
2243 643 2336 700 IX.
2379 664 2401 698 ι
2462 647 2648 705 Simile
2687 651 2886 708 factum
2929 664 3012 711 est
3047 673 3271 731 regnum
3309 677 3572 723 cmiorum

2012 730 2217 788 homini
2254 737 2405 807 regi,
2449 741 2540 809 qui
2585 744 2804 811 nuptias
2845 750 3124 816 apparavit
3160 752 3271 808 lilio
3317 771 3418 811 suo
3453 759 3517 812 ".
3546 777 3566 809 ι

2009 822 2144 890 Quis
2176 826 2266 882 ille
2296 831 2423 884 rex?
2461 831 2622 887 Deus.
2657 834 2789 900 Quis
2817 839 2999 894 lilius?
3026 841 3298 902 Christus.
3336 847 3570 913 Quinam

2008 925 2166 970 erant
2196 922 2415 974 vocati?
2449 925 2724 993 propheta:
2753 935 2807 982 et
2836 932 3086 999 apostoli.
3111 933 3342 1000 Quinam
3369 941 3572 996 abnue-

2007 1005 2171 1062 bant?
2198 1009 2387 1067 ludaei.
2423 1013 2526 1080 Qui
2559 1033 2688 1072 vero
2726 1024 3021 1077 venerunt?
3069 1026 3124 1080 hi
3163 1029 3258 1098 qui
3307 1040 3464 1087 erant
3500 1050 3567 1091 ex

2005 1098 2279 1166 gentibus.
2339 1101 2474 1168 Quis
2514 1121 2626 1160 non
2681 1109 2911 1165 habebat
2965 1119 3262 1185 nuptialem
3326 1127 3570 1180 vestem?

2002 1182 2209 1253 Judas,
2242 1197 2299 1244 et
2341 1193 2456 1261 qui,
2490 1197 2946 1264 quemadmodum
2971 1182 3118 1275 ipse,
3159 1209 3228 1264 ad
3254 1220 3443 1267 sancta
3476 1215 3566 1270 in-

2003 1273 2163 1347 digne
2192 1282 2503 1350 prosiliunt.

2075 1371 2206 1425 Αιιι
2257 1373 2322 1427 X.
2363 1394 2382 1427 ι
2422 1376 2569 1432 Dixit
2607 1378 2870 1438 Dominus
2905 1385 2973 1440 ad
3006 1385 3226 1445 Petrum
3260 1414 3272 1448 :
3319 1394 3463 1452 Vade
3494 1399 3563 1453 ad

2003 1475 2152 1518 mare
2172 1503 2188 1528 ,
2221 1473 2274 1520 et
2303 1468 2521 1523 hamum
2549 1474 2754 1542 projice
2773 1515 2788 1540 ,
2822 1479 3168 1554 primumque
3193 1487 3286 1556 qui
3309 1505 3563 1560 egressus

2001 1553 2166 1609 fuerit
2206 1557 2408 1626 piscem
2442 1576 2596 1631 cape,
2621 1566 2741 1635 ejus
2762 1581 2950 1638 aperto
2979 1553 3094 1642 ore,
3122 1553 3375 1635 staterem
3409 1585 3564 1637 inve-

1999 1645 2152 1711 nies,
2182 1647 2329 1704 hunc
2363 1667 2462 1721 pro
2500 1670 2588 1710 me
2615 1656 2745 1714 dato
2775 1671 2828 1715 et
2856 1679 2956 1734 pro
2990 1673 3043 1722 te
3065 1667 3128 1722 ιθ.
3167 1688 3188 1722 ι
3218 1669 3374 1736 Quod
3410 1691 3562 1730 mare

2001 1737 2132 1792 illud
2176 1741 2299 1795 est?
2338 1745 2607 1813 mundus;
2647 1749 2876 1818 hamus,
2917 1757 3141 1813 verbum
3183 1759 3312 1830 Dei;
3355 1765 3558 1834 piscis,

2631 1857 2660 1894 κ
2688 1841 2921 1913 Domini,
2949 1850 3004 1904 in
3027 1866 3134 1920 qua
3163 1861 3216 1908 et
3243 1855 3358 1925 ipse
3385 1859 3561 1912 cruci-

1988 1918 2230 1990 ﬁgendus
2261 1933 2400 1990 erat,
2426 1935 2480 1982 et
2498 1926 2710 1986 Petrus.

2054 2102 2218 2173 259
2255 2107 2394 2162 Ana
2438 2108 2531 2166 XI.
2567 2130 2586 2162 ι
2617 2112 2790 2171 Homo
2843 2121 3060 2190 quidam
3114 2123 3252 2182 duos
3306 2127 3544 2184 habebat

1983 2189 2142 2248 ﬁlios.
2189 2195 2333 2250 Dixit
2383 2200 2563 2256 minor
2608 2212 2739 2260 natu
2769 2208 2837 2263 ad
2861 2189 3098 2281 ipatrem
3129 2233 3286 2273 suum
3321 2235 3334 2270 :
3365 2219 3549 2288 Pater,

1981 2280 2049 2336 da
2123 2285 2257 2340 mihi
2281 2289 2343 2341 η.
2384 2309 2404 2342 ›
2456 2291 2590 2358 Quis
2640 2297 2730 2354 ille
2787 2280 2988 2359 homo?
3026 2307 3187 2366 Deus.
3241 2310 3359 2367 Duo
3411 2280 3554 2371 ﬁliii

1975 2375 2114 2445 justi
2164 2387 2219 2436 et
2262 2395 2595 2452 peccatores.
2629 2390 2799 2451 Filius
2849 2399 3031 2456 minor
3074 2413 3228 2469 natu,
3251 2408 3344 2477 qui
3371 2417 3550 2466 mente

1979 2474 2064 2526 est
2106 2471 2372 2531 instabili.
2405 2477 2541 2536 Pars
2581 2482 2734 2540 illum
2769 2502 3126 2558 concernens,
3171 2471 3299 2552 sunt
3330 2500 3548 2572 eloquia

1977 2566 2034 2614 ει
2063 2564 2318 2620 mandata
2350 2567 2468 2623 Dei.

2049 2652 2187 2708 Am
2219 2656 2334 2712 XII.
2370 2680 2388 2712 ‹
2418 2663 2586 2721 Homo
2607 2670 2827 2739 quidam
2866 2677 2998 2732 abiit
3033 2681 3089 2735 in
3125 2685 3396 2755 regionem
3433 2689 3546 2744 lon-

1978 2744 2236 2816 ginquam
2281 2752 2348 2807 ad
2399 2757 2772 2828 accipiendum
2809 2772 3120 2838 regnum".
3160 2744 3215 2826 »ν
3234 2775 3408 2832 Homo
3455 2781 3545 2835 ille

1979 2836 2126 2896 Deus
2178 2852 2280 2899 εει.
2339 2845 2656 2922 Longinqua
2703 2836 2987 2927 regioiest
3025 2863 3292 2923 adventus
3338 2869 3458 2939 ejus
3486 2873 3544 2926 in

1977 2938 2205 2989 terram.
2236 2935 2505 3008 Regnum,
2552 2949 2828 3005 secundus
2871 2953 2992 3022 ejus
3039 2957 3326 3016 adventus.
3385 2961 3540 3018 Servi

1979 3035 2108 3081 sunt
2137 3031 2436 3100 prophetae,
2467 3042 2699 3107 apostoli
2751 3051 2806 3098 et
2855 3055 3144 3119 martyres.
3187 3049 3310 3107 Mna
3359 3065 3539 3111 autem

1898 3129 1942 3187 ρ
1975 3124 2059 3170 εει
2100 3121 2294 3187 gratia,
2324 3139 2484 3194 quam
2523 3141 2806 3201 acceperat
2846 3133 3017 3194 Judas
3045 3156 3058 3191 :
3089 3141 3340 3200 similiter
3374 3147 3537 3202 etiam

1974 3208 2257 3265 talentum.

2039 3297 2176 3352 ΑιιΑ
2211 3301 2350 3358 XIII.
2387 3322 2407 3355 ι
2435 3304 2609 3362 Homo
2655 3312 2877 3380 quidam
2919 3317 3188 3386 plantavit
3225 3323 3459 3394 vineam,
3485 3339 3539 3384 et

1971 3399 2148 3454 sepem
2195 3391 2245 3443 ei
2295 3393 2654 3451 circumdedit
2689 3402 2754 3454 “.
2801 3421 2821 3454 ι
2859 3402 3034 3460 Homo
3077 3408 3168 3464 ille
3211 3420 3298 3467 est
3358 3391 3534 3483 Deus;

1969 3479 2148 3545 vinea,
2196 3485 2453 3540 mundus.
2493 3487 2777 3555 Torcular,
2830 3504 2914 3550 est
2967 3499 3309 3571 baptismus;
3343 3510 3532 3572 turris,

1971 3569 2143 3637 ﬁdes;
2175 3576 2450 3644 agricolae,
2483 3589 2611 3634 sunt
2641 3580 2844 3650 Judaei;
2886 3591 3026 3643 servi
3080 3569 3374 3662 prophetae,
3405 3569 3535 3669 apo-

1975 3660 2101 3713 stoli
2135 3669 2189 3715 et
2217 3673 2504 3736 martyres.
2548 3667 2614 3721 Et
2640 3671 2740 3726 hos
2779 3676 2926 3731 misit
2957 3688 3017 3733 ut
3048 3660 3454 3751 praedicarent,-
3480 3699 3535 3744 et

1967 3750 2286 3808 occiderunt
2314 3770 2409 3812 eos
2437 3775 2450 3812 :
2480 3760 2730 3818 similiter
2749 3766 2913 3820 etiam
2943 3771 3279 3840 unigenitum
3307 3750 3527 3842 Filium,

1965 3843 2060 3913 qui
2089 3854 2172 3899 est
2195 3843 2430 3903 Verbum
2461 3849 2560 3906 Dei
2591 3869 2605 3906 :
2644 3865 2698 3910 et
2735 3857 2976 3914 ablatum
3020 3863 3088 3917 ab
3125 3865 3260 3934 ipsis
3304 3878 3389 3924 est
3437 3887 3528 3926 re-

1966 3948 2132 4003 gnum
2155 3947 2210 3990 ει
2255 3937 2442 3994 datum
2473 3953 2559 3998 est
2607 3942 2892 4012 Romanis,
2927 3953 3019 4021 qui
3077 3953 3286 4011 faciunt
3322 3960 3533 4017 fructus

1963 4025 2104 4092 ejus.
2133 4025 2242 4097 Ipsi
2268 4045 2399 4086 vero
2424 4035 2576 4100 mali,
2619 4038 2764 4094 male
2796 4041 3096 4111 perierunt,
3136 4060 3357 4121 propter
3382 4054 3531 4124 ipso-

1965 4131 2085 4170 rum
2109 4118 2543 4180 incredulitatem
2567 4135 2622 4182 et
2653 4129 2908 4187 duritiem
2937 4137 3141 4192 cordis.

2032 4207 2168 4264 Ama
2196 4210 2338 4266 XIV.
2379 4234 2400 4267 ι
2435 4217 2634 4283 Exivit,
2667 4222 2760 4290 qui
2797 4224 3029 4280 seminat
3057 4227 3125 4280 ad
3150 4233 3527 4290 seminandum

1961 4311 2149 4354 semen
2199 4319 2360 4358 suum
2387 4309 2452 4363 ²².
2488 4329 2506 4360 ›
2541 4311 2738 4369 Semen
2775 4325 2860 4370 est
2884 4320 3108 4375 verbum
3137 4323 3253 4378 Dei.
3293 4323 3448 4391 Quod
3472 4328 3526 4380 in

1751 4389 1860 4461 γὰρ
1885 4471 1926 4485 λ
1963 4395 2151 4465 spinas
2181 4397 2402 4463 cecidit,
2432 4398 2622 4465 Judas,
2653 4405 2745 4475 qui
2770 4407 2959 4465 abiens
2981 4389 3333 4485 semetipsum
3356 4426 3528 4474 stran-

293 4456 593 4528 ἀπήγξατο,
621 4464 716 4514 καὶ
747 4464 815 4516 τὰ
867 4468 1087 4520 πετεινά
1123 4470 1215 4523 τοῦ
1270 4473 1498 4544 ούρανοῦ
1551 4478 1854 4548 κατέφαγον

298 4547 413 4566 μ..
995 4557 1358 4566 -.--

1996 4456 2008 4465 _
2388 4456 2399 4463 ,
2578 4456 2622 4465 κ,
2660 4456 2745 4475 1--
2773 4456 2958 4465 -_--....
2981 4456 3328 4485 ,ν....,..,,.......
3356 4456 3524 4474 ...η-..-

1975 4487 2185 4556 gulavit,
2215 4495 2269 4543 et
2296 4492 2544 4549 volucres
2578 4498 2703 4551 caeli
2737 4499 3070 4560 devorarunt
3123 4523 3268 4564 eum.
3329 4511 3524 4566 Semen

293 4547 445 4602 αὐτόν
465 4568 478 4580 ’
514 4552 576 4604 τὸ
602 4552 660 4604 δὲ
692 4554 784 4606 ἐπὶ
806 4556 906 4626 τὴν
956 4557 1059 4628 γῆν
1087 4560 1185 4630 τὴν
1227 4563 1437 4634 ἀγαθὴν
1474 4567 1522 4618 οί
1575 4547 1852 4639 προφῆται

291 4645 378 4696 καὶ
406 4645 716 4699 ἀπόστολοι.

361 4737 528 4809 Ἄλλη
563 4745 645 4790 ιε’.
671 4758 690 4789 ι
720 4739 1034 4812 ’Ἄνθρωπός
1063 4760 1147 4808 τις
1173 4747 1487 4804 κατέϐαινεν
1518 4753 1626 4807 ἀπὸ
1662 4753 1851 4826 Ἰερου-

293 4826 464 4898 σαλὴμ
497 4833 580 4892 είς
614 4831 823 4901 Ἱεριχὼ
843 4874 857 4896 ,
903 4835 997 4887 καὶ
1030 4835 1253 4908 λῃσταῖς
1297 4844 1638 4913 περιέπεσεν.
1668 4866 1686 4898 ι
1718 4850 1838 4903 Ἀν-

291 4914 496 4985 θρωπος
533 4922 562 4972 6
593 4921 793 4990 Ἀδάμ·
832 4923 1227 4997 Ἰερουσαλὴμὸ
1249 4931 1606 5002 παράδεισοςο
1641 4937 1853 5010 Ἵεριχὼ

290 5007 316 5058 6
343 5010 573 5082 κόσμος-
611 5011 808 5085 λῃσταὶ
847 5017 896 5068 οἱ
937 5021 1161 5090 πονηροὶ
1193 5021 1438 5093 λογισμοὶ
1483 5027 1577 5079 καὶ
1612 5029 1643 5098 ἡ
1675 5007 1854 5102 παρά-

291 5097 466 5165 ϐασιςο
502 5104 683 5175 ἱερεὺς
701 5107 751 5157 οί
785 5107 1097 5177 προφῆται·
1124 5113 1355 5185 Δευῖτης
1376 5118 1404 5168 6
1438 5097 1730 5184 Μωσαῖκὸς
1759 5097 1850 5176 νό-

293 5207 407 5258 μος’
447 5196 801 5268 Σαμαρείτης
847 5199 876 5249 6
924 5201 1188 5269 Χριστός·
1237 5204 1411 5260 ἔλαιον
1463 5211 1553 5263 καὶ
1609 5208 1749 5277 οἶνος
1791 5215 1851 5268 τὸ

288 5286 451 5357 τίμιον
481 5289 644 5361 σῶμα
674 5291 770 5344 καὶ
794 5289 952 5362 αἷμα,
977 5295 1068 5346 καὶ
1090 5296 1150 5349 τὺ
1170 5296 1322 5366 ἅγιον
1367 5299 1676 5375 βάπτισμαο
1709 5307 1770 5360 τὸ
1791 5309 1849 5362 δὲ

291 5378 645 5451 πανδοχεῖονή
688 5382 1014 5453 Ἐκκλησία*
1039 5389 1068 5439 6
1101 5389 1396 5459 πανδοχεὺς
1434 5395 1462 5445 6
1515 5395 1668 5464 ἆγιος
1700 5399 1848 5452 Παῦ-

288 5466 393 5532 λοςη
415 5475 484 5525 τά
513 5473 610 5526 δύο
645 5473 899 5544 δηνάρια,
927 5479 959 5545 ἡ
996 5478 1205 5532 Παλαιά
1236 5484 1330 5535 καὶ
1363 5485 1396 5553 ή
1429 5485 1542 5538 Νέα
1579 5489 1845 5562 Διαοήκη.

345 5677 400 5760 1-7-
423 5679 615 5760 Μτὲιιιι,
654 5697 807 5760 xui,
837 5682 928 5760 2.”
966 5686 1038 5760 _“
1077 5686 1266 5746 Matth.
1307 5709 1451 5760 xvn,
1482 5696 1551 5750 26

282 5743 321 5776 "
357 5748 540 5805 Matth.
579 5767 714 5812 ml,
751 5743 805 5806 5.
885 5755 930 5784 ³³
965 5753 1077 5810 Luc
1132 5743 1348 5817 nudi).

542 5844 825 5907 Ρλτιιοι.
863 5846 980 5907 Gn.
1011 5851 1300 5921 XXVIII.

1671 5700 1713 5732 "
1753 5699 1884 5758 Luc.
1932 5720 2022 5773 xv,
2073 5708 2162 5764 12.

1957 4592 2086 4632 vero
2119 4580 2266 4648 quod
2305 4585 2505 4639 cecidit
2533 4587 2589 4641 in
2626 4596 2826 4646 terram
2851 4594 3070 4664 bonam,
3093 4603 3371 4672 prophetae
3396 4617 3524 4660 sunt

1955 4678 2011 4724 et
2043 4673 2296 4740 apostoli.

2026 4766 2160 4820 ΑιιΑ
2186 4768 2300 4822 XV.
2337 4789 2356 4821 ι
2396 4770 2570 4828 Homo
2595 4777 2817 4846 quidam
2865 4783 2933 4837 ab
2957 4784 3258 4842 Jerusalem
3291 4790 3518 4845 descen-

1956 4855 2117 4912 debat
2139 4859 2378 4926 Jericho,
2403 4870 2459 4918 et
2510 4866 2703 4923 incidit
2743 4872 2797 4926 in
2829 4873 3069 4932 latrones
3083 4879 3147 4932 ".
3180 4899 3198 4932 ι
3227 4881 3399 4936 Homo
3425 4884 3516 4940 ille

1954 4958 2037 5003 est
2051 4949 2222 5003 Adam
2249 4970 2264 5018 ;
2294 4951 2619 5022 Jerusalem,
2637 4964 2956 5029 paradisus;
2983 4966 3221 5035 Iericho,
3256 4975 3516 5039 mundus;

1954 5040 2214 5104 latrones,
2247 5053 2375 5097 sunt
2412 5048 2566 5102 malae
2614 5053 2973 5122 cogitationes
3013 5068 3067 5113 et
3110 5065 3514 5134 transgressio;
3568 5069 3572 5074 ’

1953 5132 2231 5188 sacerdos.
2265 5137 2570 5205 prophetae;
2602 5140 2815 5208 levites,
2847 5146 3082 5203 Mosaica
3133 5151 3245 5215 lex;
3276 5151 3516 5210 Samari-

1952 5231 2135 5288 tanus,
2168 5223 2461 5296 Christus;
2511 5231 2692 5287 oleum
2737 5245 2790 5291 et
2828 5238 3034 5303 vinum,
3067 5243 3364 5311 pretiosum
3395 5262 3516 5302 cor-

1952 5330 2055 5383 pus
2083 5325 2137 5370 et
2163 5320 2407 5390 sanguis,
2433 5329 2489 5377 et
2519 5337 2768 5382 sanctum
2813 5330 3118 5400 baptisma;
3155 5337 3516 5396 diversorium

1949 5414 2128 5458 autem
2177 5413 2261 5460 est
2322 5407 2599 5479 Ecclesia;
2629 5423 2685 5468 et
2739 5416 2960 5487 hospes,
3008 5435 3232 5481 sanctus
3280 5425 3514 5500 Paulus;

1948 5493 2058 5549 duo
2099 5497 2310 5553 denarii
2348 5510 2478 5556 sunt
2501 5501 2671 5560 Vetus
2691 5515 2746 5562 et
2773 5507 2981 5566 Novum
3015 5511 3442 5575 Testamentum.

2265 5712 2309 5742 '°
2349 5711 2481 5769 Luc.
2533 5729 2662 5782 ιιι,
2715 5715 2803 5770 22.
2917 5718 2960 5751 ¹¹
3001 5718 3192 5779 Matth.
3242 5742 3369 5783 κει.
3423 5727 3494 5782 55

3220 5889 3298 5947 23
