4088 6382
537 355 640 409 τις

608 468 745 522 ΛιιΑ
779 463 913 519 XVI.
949 481 967 515 ι
1000 462 1171 518 Homo
1197 463 1414 533 quidam
1444 462 1688 517 diluculo
1734 477 1987 533 egressus
2017 471 2099 517 est
2128 467 2174 520 A

541 555 610 608 ad
637 553 1051 608 conducendum
1080 551 1360 621 operarios
1376 551 1442 606 “.
1469 571 1487 603 ι
1515 550 1688 605 Homo
1711 551 1800 606 ille
1815 562 1898 606 est
1923 551 2096 618 Deus;

541 647 720 710 vinea,
751 643 990 698 mundus
1023 652 1144 706 est;
1201 641 1458 712 operarii,
1511 641 1760 710 apostoli.
1812 640 1914 707 Qui
1972 657 2099 696 vero

541 737 688 791 circa
719 735 1063 790 undecimam
1093 734 1282 787 horam
1318 733 1564 795 veniunt,
1612 731 1863 787 Matthias
1883 739 1986 796 est,
2006 733 2099 802 qui

541 841 665 880 cum
698 824 925 894 reliquis
954 823 1205 877 undecim
1237 823 1500 892 apostolis
1541 834 1962 878 connumeratus
1995 831 2096 877 est.

541 905 548 916 ’
610 916 748 970 Au;
773 914 934 969 XVII.
965 933 984 965 ι
1020 913 1210 968 Mulier
1235 915 1478 984 quaedam
1500 915 1811 968 drachmam
1844 914 2096 974 habebat,

541 1022 703 1078 quam
737 1004 972 1076 perdidit
990 1007 1057 1060 ".
1101 1023 1119 1056 ι
1151 1003 1284 1070 Qua:
1313 1005 1507 1059 mulier
1533 1002 1656 1059 est?
1680 1003 1938 1059 Ecclesia.
1971 1004 2100 1071 Quae

541 1096 836 1152 drachma?
859 1094 1051 1149 Adam.

609 1190 748 1244 ALIA
776 1187 964 1243 XVIII.
1003 1205 1022 1239 ι
1063 1185 1251 1241 Simile
1296 1186 1498 1240 factum
1543 1193 1627 1241 est
1664 1201 1888 1255 regnum
1932 1185 2101 1239 cmlo-

543 1296 662 1334 runt
714 1280 995 1342 thesauro,
1041 1278 1364 1333 abscondito
1411 1278 1466 1330 in
1521 1292 1650 1346 agro
1669 1278 1732 1330 “.
1775 1295 1793 1327 ι
1838 1275 1971 1343 Quis
2012 1275 2101 1330 ille

545 1371 869 1427 thesaurus?
904 1369 1174 1425 Christus.
1218 1368 1321 1434 Qui
1350 1368 1632 1421 emerunt?
1657 1366 1855 1436 Ioseph
1909 1375 1962 1420 et
2010 1365 2102 1420 Ni-

541 1464 802 1519 codemus
831 1481 844 1518 :
879 1463 990 1516 imo
1015 1462 1195 1531 potius
1223 1471 1410 1514 sancta
1440 1461 1690 1530 Deipara.

611 1552 832 1618 ρυλες-ι.
863 1549 1004 1604 XIX.
1039 1568 1055 1600 ι
1096 1548 1284 1602 Simile
1314 1547 1514 1602 factum
1549 1557 1633 1602 est
1669 1561 1896 1616 regnum
1935 1545 2101 1600 caelo-

541 1659 663 1698 rum
689 1643 980 1706 fermento,
1004 1638 1149 1710 quod
1177 1644 1458 1706 acceptum
1505 1638 1700 1691 mulier
1727 1635 2014 1691 abscondit
2046 1635 2099 1688 in

543 1739 735 1792 farinae
763 1744 880 1793 sata
915 1734 1020 1788 tria
1036 1735 1102 1788 ³⁷.
1139 1751 1158 1784 ι
1193 1731 1344 1798 Quod
1374 1730 1507 1785 illud
1534 1728 1895 1785 fermentum?
1919 1726 2096 1782 Fides.

1686 347 1742 402 S.
1783 346 2244 403 ATHANASIUS.
2288 374 2355 390 -ι
2399 345 2670 404 SPURIA.

3657 347 3757 399 716

2271 461 2438 532 Ἀλλη
2468 468 2562 526 ις’.
2595 479 2613 512 ι
2651 457 2968 532 ’Ἄνθρωπός
3010 479 3092 525 τις
3136 461 3322 532 ἐξῆλθε
3373 462 3515 533 πρωῒ
3557 464 3757 534 μισθώ-

2201 553 2393 608 σασθαι
2441 553 2710 624 ἐργάτας.
2753 571 2771 604 ι
2815 552 3128 622 Ἀνθρωπος
3156 555 3183 605 6
3229 553 3391 616 Θεός·
3435 554 3692 624 ἀμπελὼν
3730 557 3759 607 6

2198 643 2399 714 κόσμος
2419 661 2432 673 ·
2464 643 2692 714 ἐργάται
2722 644 2769 695 οἱ
2799 643 3105 696 ἀπόστολοι.
3151 644 3288 698 Οἱδέ
3319 645 3444 715 περὶ
3477 645 3574 715 τὴν
3611 647 3756 698 ἑνδε-

2198 734 2368 804 κάτην
2396 732 2542 804 ὥραν
2577 733 2820 796 ἐλθόντες
2881 733 3130 798 Ματθίας
3178 735 3346 798 ἐστὶν,
3385 735 3442 799 ὃς
3477 737 3571 789 καὶ
3624 753 3756 789 κατ·

2199 823 2466 894 εψηφίσθη
2500 823 2636 894 μετά
2662 823 2770 875 τῶν
2801 823 2989 876 ἕνδεκα
3011 825 3340 879 ἀποστόλων.

2277 915 2471 985 Ἑτέρα
2503 916 2587 979 ιζ’.
2619 933 2637 965 ι
2666 916 2806 986 Γυνή
2833 933 2916 979 τις
2941 912 3050 986 εἶχε
3073 917 3335 988 δραχμὴν,
3359 919 3451 971 καὶ
3483 917 3758 971 ἀπώλεσεν

2199 1004 2386 1074 αὐτήν.
2417 1026 2435 1058 ι
2474 1007 2624 1077 Τίςὴ
2658 1007 2828 1076 γυνή;
2979 1008 3290 1080 Ἐκκλησία,
3324 1009 3420 1072 Τίς
3446 1013 3478 1077 ἡ
3511 1010 3756 1080 δραχμῆς

2198 1099 2227 1150 6
2267 1098 2452 1168 Ἀδάμ.

2273 1189 2437 1261 Ἀλλη
2481 1197 2569 1262 ιη’.
2618 1209 2636 1242 ι
2687 1189 2950 1262 Ὡμοιώθη
2993 1193 3027 1261 ἡ
3073 1191 3317 1262 βασιλεία
3370 1192 3475 1244 τῶν
3518 1192 3760 1263 οὐρανῶν

2201 1280 2456 1352 θησαυρῷ
2505 1283 2868 1352 κεκρυμμένῳ
2906 1285 2963 1334 ἐν
3001 1283 3172 1354 ἀγρῷ.
3206 1301 3225 1333 ›
3259 1284 3354 1346 Τίς
3385 1284 3412 1334 6
3454 1283 3757 1353 θησαυρός;

2198 1374 2226 1426 ὁ
2255 1375 2505 1445 Χριστός.
2543 1373 2698 1437 Τίνες
2725 1377 2773 1426 οἱ
2805 1374 3206 1444 ἀγοράσαντες;
3242 1377 3270 1427 6
3311 1375 3505 1445 Ἰωσὴφ
3537 1375 3632 1427 καὶ⁴
3666 1376 3761 1428 Νι-

2199 1463 2452 1534 κόδημος,
2493 1464 2690 1534 μᾶλλον
2718 1464 2828 1536 δὲή
2871 1465 3002 1532 ἁγία
3027 1463 3307 1528 Θεοτόκος.

2281 1553 2471 1626 Ἐρώτ.
2523 1554 2604 1608 ιϐ’.
2648 1575 2666 1606 ι
2707 1556 2973 1626 Ὡμοιώθη
3010 1558 3042 1628 ἡ
3096 1556 3336 1626 βασιλεία
3363 1556 3470 1609 τῶν
3517 1558 3760 1628 οὐρανῶν

2199 1642 2364 1716 ζύμῃ,
2397 1646 2462 1716 ἢν
2517 1645 2752 1698 λαϐοῦσα
2793 1645 2928 1716 γυνὴ
2963 1645 3195 1717 ἔκρυψεν
3225 1647 3304 1708 είς
3341 1645 3569 1716 ἀλεύρου
3619 1647 3758 1700 σάτα

2198 1736 2385 1807 τρία.»
2427 1735 2522 1799 Τίς
2567 1733 2747 1806 Cum];
2809 1738 2841 1806 ἡ
2891 1735 3088 1799 πίστις.
3135 1735 3213 1787 Τὰ
3261 1735 3317 1787 δὲ
3362 1737 3486 1806 τρία
3531 1736 3760 1808 ἀλεύρου

544 1829 756 1883 Farinte
785 1829 890 1882 tria
923 1825 1076 1881 sata?
1106 1822 1402 1878 Salvatoris
1450 1829 1573 1892 post
1632 1821 1872 1876 triduum
1918 1834 2102 1874 resur-

2203 1801 2368 1892 σάτα;
2395 1828 2428 1899 ἡ
2454 1801 2748 1898 τριήμερος
2778 1801 2868 1879 τοῦ
2900 1827 3150 1898 Σωτῆρος
3187 1801 3502 1891 ἀνάστασις.

545 1919 739 1974 rectio.

612 2007 834 2074 Qumsr.
868 2005 986 2060 XX.
1020 2004 1199 2072 Quare
1235 2003 1475 2073 Baptista
1525 2008 1684 2056 vocat
1718 1998 1936 2054 Judatos
1970 2014 2098 2069 pro-

542 2100 752 2170 geniem
781 2099 1089 2168 viperarum
1106 2097 1188 2150 '8?

615 2193 777 2247 Resp.
802 2189 938 2256 Quia
973 2190 1066 2243 illa
1096 2190 1268 2244 bestia
1317 2201 1429 2243 suae
1473 2185 1663 2239 matris
1707 2189 1950 2239 ventrem
2005 2196 2102 2236 ex-

543 2281 676 2345 edit,
705 2287 760 2336 et
787 2281 868 2335 sic
896 2279 1112 2334 demum
1133 2277 1408 2349 egreditur
1441 2294 1456 2329 :
1493 2272 1637 2344 quod
1679 2272 1838 2327 etiam
1864 2271 1955 2326 isti
1979 2285 2104 2340 par-

546 2371 729 2427 ricidae
757 2381 1128 2441 patraverunt,
1163 2385 1273 2440 prae
1303 2365 1504 2423 invidia
1539 2380 1668 2420 suos
1714 2361 2101 2418 interﬁcientcs

545 2463 799 2518 doctores
825 2471 878 2518 et
902 2464 1219 2533 prophetas.
1251 2459 1584 2528 Lapidarunt
1619 2457 1762 2512 enim
1813 2455 2102 2516 Mosem",

548 2554 738 2609 Isaiam
769 2568 900 2609 vero
923 2552 1240 2622 prophetam
1279 2564 1403 2605 cum
1457 2549 1634 2619 lignea
1686 2561 1836 2601 serra
1881 2547 1937 2600 in
1968 2544 2105 2600 duas

544 2653 729 2714 partes
755 2644 1079 2699 diviserunt.

616 2827 834 2894 Oti/ast.
881 2824 1021 2881 XXI.
1077 2824 1249 2891 Quam
1307 2823 1377 2878 ob
1425 2837 1648 2878 causam
1702 2836 1826 2876 cum
1869 2821 2104 2877 traditus

545 2925 694 2974 esset
727 2917 986 2982 Joannes,
1012 2915 1240 2973 secessit
1278 2913 1438 2969 Jesus
1469 2915 1524 2967 in
1554 2913 1826 2966 Galilaeam
1850 2913 1932 2966 δοῖ)

617 3009 780 3066 Resp.
814 3011 888 3066 Ut
911 3025 1010 3064 nos
1039 3007 1264 3062 doceret
1293 3005 1580 3076 fugiendas
1603 3019 1724 3059 esse
1755 3005 2102 3060 tentationes.

2288 2007 2478 2078 Ἐρώτ.
2506 2005 2574 2062 κ’.
2606 2007 2702 2061 Διά
2735 2007 2788 2060 τί
2839 2007 3152 2079 γεννήματα
3191 2006 3410 2078 ἐχιδνῶν
3449 2008 3572 2070 τοὺς
3624 2008 3759 2060 Ἴου·-

2201 2093 2382 2157 δαίους
2410 2097 2437 2148 6
2470 2096 2778 2168 Βαπτιστὴς
2810 2096 2996 2162 καλεῖ;

2295 2187 2480 2240 Ἀπόκ.
2531 2187 2745 2258 Ἐπειδὴ
2786 2188 2846 2241 τὸ
2875 2188 3061 2260 θηρίον
3094 2187 3253 2242 τοῦτο
3288 2189 3485 2261 τρώγει
3517 2189 3613 2261 τὴν
3658 2204 3764 2258 γα-

2205 2277 2368 2349 στέρα
2387 2279 2482 2348 τῆς
2508 2279 2709 2351 μητρὸς
2729 2279 2912 2344 αὑτοῦ,
2932 2280 3025 2333 καὶ
3051 2279 3220 2344 οὕτως
3239 2281 3534 2352 ἐξέρχεται·
3578 2282 3765 2354 ὥσπερ

2204 2369 2297 2422 καὶ
2324 2365 2468 2422 οὗτοι
2504 2371 2765 2440 ἐποίησαν
2785 2410 2799 2434 ,
2836 2370 3157 2442 πατραλοῖαι
3184 2371 3478 2442 γενόμενοι,
3510 2373 3602 2425 καὶ
3639 2374 3764 2435 τοὺς

2204 2456 2556 2522 διδασκάλους
2600 2458 2775 2511 αὐτῶν
2824 2459 2917 2511 καὶ
2947 2459 3072 2522 τοὺς
3102 2459 3385 2529 προφήτας
3425 2457 3600 2528 φθόνῳ
3635 2473 3767 2510 κατ-

2205 2547 2599 2612 αναλίσκοντες.
2640 2549 2750 2602 Καὶ
2783 2549 2890 2620 γὰρ
2920 2551 3010 2601 τὸν
3044 2547 3242 2600 Μωσέα
3275 2547 3549 2611 ἐλίθασαν,
3579 2548 3669 2601 τὸν
3709 2547 3766 2601 δὲ

2217 2638 2440 2692 Ἡσαΐαν
2498 2639 2636 2710 μετά
2683 2639 2890 2704 ξυλίνου
2926 2639 3143 2710 πρίονος
3193 2640 3580 2712 ἐδιχοτόμησαν
3634 2640 3760 2712 πρί-

2208 2747 2400 2796 σαντες
2431 2733 2612 2786 αὐτόν.

2289 2823 2478 2894 Ἐρώτ.
2513 2831 2617 2879 κα’.
2645 2823 2800 2888 Τίνος
2825 2824 3005 2896 χάριν,
3037 2824 3428 2896 παραδοθέντος
3457 2824 3550 2877 τοῦ
3585 2824 3764 2879 Ἰωάν-

2204 2933 2297 2970 νου
2317 2957 2331 2981 ,
2363 2916 2705 2988 ἀνεχώρησεν
2733 2917 2761 2968 6
2801 2916 3007 2988 Ἰησοῦς
3027 2920 3106 2980 εἰς
3130 2918 3228 2988 τὴν
3251 2917 3571 2981 Γαλιλαίαν;

2291 3008 2475 3061 Ἀπόκ.
2515 3009 2688 3080 Ἠμᾶς
2723 3009 2987 3062 παιδεύων
3011 3010 3231 3078 φεύγειν
3253 3009 3378 3073 τοὺς
3410 3009 3767 3080 πειρασμοὺς,

547 3101 702 3167 Quod
733 3103 778 3157 si
811 3102 866 3156 in
897 3116 990 3156 eas
1019 3097 1396 3163 inciderimus,
1431 3105 1491 3150 ut
1527 3105 1746 3151 strenue
1784 3112 1884 3151 nos
1908 3105 1962 3152 et
1994 3097 2103 3154 for-

2207 3097 2340 3151 άλλὰ
2365 3099 2488 3161 τοὺς
2511 3098 2847 3170 ἐμπεσόντας
2875 3101 3062 3170 στῆναι
3092 3100 3374 3166 γενναίως.

549 3193 675 3247 titer
699 3205 970 3261 geramus.

619 3282 841 3348 Quassr.
891 3278 1054 3334 XXII.
1104 3275 1246 3344 Quid
1300 3275 1544 3346 peccavit
1592 3275 1727 3332 ﬁcus
1789 3277 1931 3349 quod
1987 3293 2105 3334 eam

545 3374 799 3429 Christus
845 3370 1222 3427 arefecerit“?
1246 3383 1482 3439 quonam
1544 3368 1597 3423 id
1632 3369 1913 3440 proposito
1952 3369 2108 3424 fecit?

548 3476 602 3520 et
634 3463 947 3536 quomodo?

617 3556 780 3612 Rssr.
812 3553 1077 3621 Quoniam
1108 3551 1369 3607 Dominus
1410 3566 1674 3622 passurus
1708 3551 1820 3621 jam
1873 3561 2011 3617 erat,
2043 3565 2109 3606 ne

545 3649 926 3704 existimarent
948 3647 1068 3715 ejus
1092 3644 1349 3715 discipuli
1393 3643 1668 3698 inﬁrmum
1707 3645 1905 3714 ipsum,
1940 3644 2111 3698 imbe-

546 3737 843 3805 cillumque
881 3748 1005 3791 esse
1053 3743 1217 3804 atque
1245 3732 1369 3787 ideo
1399 3737 1533 3803 pati,
1571 3733 1625 3787 in
1670 3733 1772 3787 hac
1805 3734 2109 3787 inanimata

548 3844 608 3884 re
651 3843 806 3884 suam
849 3826 1150 3882 declaravit
1199 3826 1496 3895 potentiam
1539 3832 1644 3879 :ut
1697 3827 2009 3880 ostenderet
2051 3840 2109 3878 se

546 3935 736 3975 omnes
779 3919 1122 3974 adversarios
1173 3933 1307 3974 suos
1362 3918 1615 3972 ariditate
1671 3928 1954 3987 percutere
2005 3931 2106 3986 po-

549 4011 744 4066 tuisse.
787 4009 895 4065 Sed
942 4011 1091 4080 quia,
1122 4009 1581 4079 quemadmodum
1635 4009 1773 4064 dixit
1829 4009 1967 4078 ipse,
1996 4024 2106 4062 non

546 4103 695 4157 venit
721 4109 780 4155 ut
809 4101 1014 4170 iudicet
1039 4102 1201 4172 260
1230 4102 1512 4165 mundum,
1538 4101 1669 4172 quin
1701 4101 1883 4171 potius
1909 4109 1968 4155 ut
1997 4103 2108 4155 sal-

546 4208 676 4247 vum
713 4191 1134 4246 faciat“:suam
1161 4193 1378 4262 quidem
1409 4192 1704 4284 potentiam
1728 4193 1785 4246 in
1809 4192 2110 4246 inanimata

543 4283 657 4337 ﬁcu
689 4283 948 4350 declarat,
982 4298 1140 4338 suum
1192 4291 1370 4338 autem
1424 4299 1552 4354 erga
1580 4283 1829 4339 homines
1865 4299 2108 4339 amorem

539 4373 813 4428 immensa
852 4372 1110 4443 patientia
1145 4387 1270 4442 erga
1314 4374 1562 4430 homines
1605 4383 1841 4430 exercet.
1900 4374 2110 4430 Dicitur

2289 3277 2479 3348 Ἐρώτ.
2509 3277 2612 3346 κβ’.
2650 3277 2713 3329 Τί
2739 3277 2982 3347 ἥμαρτεν
3013 3279 3045 3348 ή
3079 3277 3235 3347 συκῆ,
3272 3278 3356 3330 ὅτι
3386 3275 3647 3348 ἐξήρανεν
3678 3276 3770 3328 αύ-

2205 3370 2303 3442 τὴν
2341 3373 2370 3423 6
2417 3369 2680 3440 Χριστός;
2732 3371 2825 3424 καὶ
2873 3371 2958 3425 διὰ
2989 3369 3144 3424 ποίαν
3179 3368 3467 3434 ὑπόθεσιν;
3513 3371 3605 3424 καὶ
3649 3370 3770 3422 τίνα

2291 3556 2476 3608 Ἀπόκ.
2521 3557 2672 3610 Ἐπεὶ
2700 3555 2920 3626 ἔμελλεν
2949 3557 2978 3608 6
3011 3556 3212 3628 Κύριος
3244 3556 3303 3610 τὸ
3337 3555 3505 3620 πάθος
3547 3556 3772 3625 ὑφίστα-

2211 3646 2352 3711 σθαι,
2379 3649 2467 3702 ἴνα
2499 3647 2572 3719 μὴ
2599 3649 2888 3719 νομίσωσιν
2935 3649 2983 3700 οί
3042 3647 3298 3718 μαθηταὶ,
3343 3649 3426 3700 ὅτι
3472 3646 3772 3717 ἀδυναμίαν

2209 3739 2320 3809 ἔχει
2370 3739 2464 3791 καὶ
2508 3737 2809 3801 ἀσθένειαν,
2858 3737 2950 3790 καὶ
2995 3736 3083 3789 διὰ
3122 3736 3280 3789 τοῦτο
3323 3736 3553 3806 πάσχει,
3585 3738 3642 3788 ἐν
3695 3734 3772 3804 τῷ

2207 3829 2402 3898 ἀψύχῳ
2432 3828 2670 3880 δείκνυσι
2702 3829 2800 3897 τὴν
2835 3827 3062 3898 δύναμιν
3101 3826 3294 3880 ἑαυτοῦ
3318 3843 3332 3857 υ
3369 3828 3456 3879 ἵνα
3489 3825 3658 3896 δείξῃ,
3691 3825 3770 3876 ὅτι

2208 3922 2439 3991 ἠδύνατο
2479 3921 2684 3983 πάντας
2735 3919 2962 3990 ξηρᾶναι
3012 3921 3137 3981 τοὺς
3181 3919 3576 3986 ἀντιλέγοντας.
3634 3915 3769 3969 Ἀλλ’

2209 4013 2395 4084 ἐπειδὴ
2423 4014 2522 4066 οὐκ
2547 4009 2676 4084 ἦλθε
2712 4015 2892 4081 κρῖναι
2919 4011 3010 4064 τὸν
3043 4011 3266 4080 κόσμον,
3296 4009 3432 4063 ἀλλά
3474 4009 3668 4072 σῶσαι,
3698 4007 3771 4070 ὡς

2210 4105 2370 4167 αὐτὸς
2405 4104 2593 4174 ἔφησε,
2625 4103 2724 4175 τὴν
2757 4102 2855 4173 μὲν
2909 4102 3135 4172 δύναμιν
3179 4101 3509 4155 ἐνδείκνυται
3547 4101 3640 4153 ἐπὶ
3676 4099 3772 4168 τῆς

2210 4193 2418 4263 ἀψύχου
2455 4194 2645 4263 συκῆς,
2673 4193 2770 4262 τὴν
2796 4191 3200 4263 φιλανθρωπίαν
3229 4191 3284 4244 δὲ
3322 4191 3638 4261 ταμιεύεται
3662 4192 3770 4251 τοῖς

2208 4283 2512 4355 ἀνθρώποις
2558 4285 2780 4355 ἀμέτρῳ
2821 4282 3175 4353 ἀνεξικακίᾳ.
3227 4283 3455 4350 Λέγεται
3499 4281 3556 4335 δὲ
3604 4282 3697 4334 καὶ
3737 4283 3766 4349 ή

2211 4376 2451 4447 ἁμαρτία
2484 4375 2644 4444 συκῆ,
2675 4376 2741 4446 ἢν
2769 4375 3115 4446 κατηράσατο
3152 4375 3244 4426 καὶ
3275 4374 3503 4443 ἐξήρανε
3539 4371 3771 4444 Χριστὸς

545 4479 762 4534 quoque
818 4464 956 4519 ﬁcus
1009 4473 1316 4534 peccatum,
1369 4467 1513 4536 quod
1566 4477 1887 4522 exsecratus
1922 4475 2007 4520 est
2053 4476 2105 4522 et

2209 4470 2239 4520 6
2274 4467 2407 4530 Θεὸς
2438 4467 2611 4537 ἡμῶν.
2661 4467 2816 4518 Ἔστι
2847 4465 2902 4518 δὲ
2951 4466 3044 4518 καὶ
3088 4464 3264 4526 τοῦτο,
3301 4465 3432 4516 διότι
3465 4463 3626 4516 ἔλαϐε
3677 4463 3771 4533 τῆς

545 4554 800 4610 ariditate
844 4557 1117 4625 percussit
1175 4553 1336 4610 Jesus
1385 4555 1638 4612 Christus
1694 4556 1838 4611 Deus
1891 4564 2100 4613 noster.

548 4645 750 4717 Estque
803 4647 919 4702 haec
964 4647 1127 4717 hujus
1173 4648 1254 4702 rei
1286 4650 1448 4711 ratio,
1479 4648 1606 4716 quia
1637 4653 1760 4717 post
1798 4654 2105 4718 transgres-

545 4739 753 4794 sionem
786 4738 956 4792 Adam
989 4739 1199 4809 accepit
1231 4736 1362 4792 folia
1413 4737 1551 4791 ﬁcus
1571 4737 1636 4803 ³³,
1665 4736 1864 4806 quibus
1898 4738 2104 4791 obtexit

543 4845 656 4886 suae
682 4829 1038 4898 turpitudinis
1071 4837 1383 4900 peccatum;
1420 4843 1542 4882 cum
1574 4827 1902 4882 destruxerit
1919 4836 2105 4884 trans-

544 4922 845 4992 gressionis
879 4929 1188 4993 peccatum,
1228 4927 1282 4975 et
1318 4918 1604 4974 conﬁxerit
1645 4919 2011 4989 deleveritque
2050 4921 2104 4974 in

543 5027 726 5078 cruce,
754 5012 978 5067 arefecit
1000 5012 1317 5082 operculum
1349 5009 1580 5079 peccati,
1611 5011 1768 5079 quasi
1793 5011 1917 5065 folia
1950 5013 2104 5077 licus,

548 5103 744 5172 quibus
775 5102 945 5156 Adam
985 5103 1267 5172 tegebatur
1298 5108 1422 5171 post
1459 5103 1970 5171 transgressionem.

613 5192 836 5258 QuAsr.
866 5190 1054 5245 XXIII.
1091 5191 1237 5257 Quid
1285 5201 1370 5246 est
1420 5193 1564 5262 quod
1594 5192 1895 5264 (Christus)
1925 5193 2058 5248 dicit
2088 5210 2104 5247 :

551 5303 568 5334 ι
609 5284 861 5353 Quinque
898 5284 1047 5338 viros
1083 5283 1343 5350 habuisti,
1380 5293 1431 5339 et
1488 5300 1632 5340 nunc
1693 5302 1854 5356 quem
1916 5287 2105 5352 habes,

544 5390 653 5428 non
685 5384 769 5430 est
803 5384 933 5430 tuus
953 5374 1134 5430 vir“?

613 5465 769 5520 Bssr.
805 5465 931 5520 Haec
972 5467 1170 5522 mulier
1217 5467 1364 5521 viros
1419 5467 1577 5535 juxta
1629 5466 2101 5520 Samaritanorum

611 5683 656 5713 “
695 5682 884 5735 Matth.
916 5696 986 5736 xx
1009 5724 1023 5739 .
1065 5685 1111 5736 Ι.

1190 5687 1233 5715 ’⁵
1273 5683 1403 5739 Luc.
1442 5702 1531 5750 xv,
1569 5685 1622 5738 8.

547 5751 591 5785 ³ο
628 5752 818 5806 Matth.
857 5769 965 5819 xw,
997 5754 1084 5807 54.

1164 5756 1203 5784 ³⁸
1247 5755 1412 5808 Marc.
1448 5771 1531 5819 XI,
1572 5756 1670 5818 I55,
1713 5755 1796 5807 H.

1700 5686 1746 5716 ’°
1786 5683 1974 5736 Matth.
2008 5700 2138 5745 xm,
2176 5683 2261 5734 44.

1865 5755 1932 5805 ,³³
1973 5751 2130 5808 Joan.
2173 5769 2264 5816 ιιι,
2302 5750 2391 5804 ΓΙ.
2467 5748 2510 5779 ³³
2551 5745 2684 5802 Gen.
2724 5761 2818 5811 ιιι,
2857 5746 2904 5798 7.
2978 5745 3023 5775 "
3059 5745 3217 5799 Joan.
3263 5761 3332 5808 Iv,
3371 5745 3458 5799 I8.

2215 4560 2384 4629 συκῆς
2412 4558 2480 4611 τὰ
2510 4557 2680 4626 φύλλα
2707 4559 2734 4609 6
2762 4556 3064 4626 Ἀδάμ,καὶ
3090 4555 3355 4608 ἐσκέπασε
3380 4553 3478 4624 τὴν
3500 4553 3770 4623 ἁμαρτίαν

2214 4651 2312 4719 τῆς
2341 4649 2599 4719 αἰσχύνης
2641 4647 2777 4718 μετά
2825 4647 2921 4717 τὴν
2969 4646 3275 4717 παράϐασιν
3297 4663 3310 4675 ·
3359 4645 3669 4708 καταλύσας
3715 4645 3772 4696 τὸ

2216 4743 2517 4814 ἁμάρτημα
2559 4741 2655 4811 τῆς
2690 4738 3050 4811 παραϐάσεως
3073 4777 3088 4801 ,
3146 4736 3237 4790 καὶ
3274 4734 3633 4805 προσηλώσας
3683 4734 3773 4786 καὶ

2215 4830 2499 4901 ἐξαλείψας
2523 4832 2579 4882 ἐν
2604 4829 2680 4899 τῷ
2711 4827 2960 4898 σταυρῷ,
3003 4826 3228 4897 ἐξήρανε
3259 4826 3319 4878 τὸ
3366 4823 3629 4892 κάλυμμα
3677 4821 3772 4891 τῆς

2216 4922 2507 4993 ἁμαρτίας,
2537 4921 2611 4983 ὡς
2641 4920 2710 4972 τὰ
2737 4920 2910 4989 φύλλα
2931 4920 3032 4988 τῆς
3067 4919 3236 4989 συκῆς
3265 4917 3302 4971 ὃ.
3331 4935 3396 4970 πε
3408 4915 3720 4988 ριεϐἐϐλητο
3745 4915 3774 4968 6

2226 5014 2396 5084 Ἀδὰμ
2431 5013 2567 5084 μετά
2593 5013 2689 5082 τὴν
2720 5013 3024 5084 παρακοήν.

2297 5189 2488 5262 Ἐρώτ.
2511 5196 2615 5259 κγ’.
2644 5188 2708 5241 Τί
2727 5188 2894 5258 λέγει,
2917 5187 2999 5240 ὅτι
3027 5206 3043 5237 ι
3069 5185 3234 5238 Πέντε
3264 5185 3459 5256 ἄνδρας
3485 5184 3661 5255 ἔσχες,
3683 5182 3773 5236 καὶ

2213 5283 2308 5338 νῦν
2339 5283 2397 5335 ὃν
2425 5282 2569 5353 ἔχεις
2593 5281 2691 5334 οὐκ
2720 5280 2832 5332 ἔστι
2857 5296 2950 5331 σου
2979 5279 3152 5348 ἀνήρ;
3193 5297 3210 5328 ι

2289 5461 2476 5516 Ἀπόκ.
2519 5461 2582 5514 Ἡ
2611 5457 2748 5529 γυνὴ
2773 5457 2928 5527 ἔσχεν
2961 5457 3157 5528 ἄνδρας
3191 5455 3332 5509 κατά
3358 5455 3448 5509 τὸν
3476 5457 3639 5526 νόμον
3675 5453 3776 5505 τίον

2339 5680 2383 5710 ’⁷
2425 5677 2556 5732 ibid.
2590 5679 2678 5731 55.
2721 5676 2766 5707 ³⁸
2805 5674 2991 5728 Matth.
3027 5691 3119 5736 ιιι,
3158 5675 3207 5728 7.
3283 5673 3505 5731 "Num.
3547 5692 3651 5738 ιιν,
3700 5675 3777 5726 10.
