4088 6382
389 335 486 393 ’ἷΠ

1737 348 2194 413 QUASS'I‘IONES
2239 352 2307 406 IN
2344 353 2414 414 N.
2451 354 2512 410 T.

3500 369 3599 426 7l8

383 453 731 524 ξαμαρειτῶν
749 469 764 485 ⁶
794 455 1170 529 ἐτελεύτησαν,
1197 462 1312 530 μετ’
1330 462 1902 535 ἐκείνουςέπόρνευσεν

2042 467 2210 540 legem
2256 470 2463 538 habuit,
2504 478 2699 529 mortui
2746 478 2834 546 qui
2881 479 2991 548 jam
3024 489 3418 554 erant;postea
3470 505 3597 546 vero

379 546 550 610 οὐδεὶς
576 546 685 617 γὰρ
716 546 852 619 πρὸς
878 549 1044 620 αὐτὴν
1072 543 1148 614 ὡς
1176 551 1402 623 νόμιμον
1431 558 1663 623 γυναῖκα
1707 573 1940 628 προσεγ-

378 637 542 707 γίζειν
577 637 854 708 ἠϐούλετο.
896 640 1107 713 Ἐκείνη
1148 641 1204 694 δὲ
1248 645 1321 714 μὴ
1357 645 1598 716 φέρουσα
1645 647 1937 716 χαλινῶσαι

377 730 472 798 τὴν
505 729 829 800 ἐπιθυμίαν,
871 729 1144 802 λαθραίως
1171 727 1282 802 εἶχε
1315 734 1407 786 τὸν
1453 735 1781 807 πορνεύοντα
1823 739 1936 807 μετ’
1970 759 1982 772 ·

378 821 572 892 αὐτῆς,
621 823 716 875 καὶ
757 822 855 875 οὐκ
892 818 959 893 ἦν
1007 822 1130 875 οὐτε
1172 825 1474 896 περιφανὴς
1521 825 1644 879 οὔτε
1683 826 1930 898 νόμιμος.

375 905 498 980 Εἶχε
530 911 586 964 δὲ
617 911 778 966 αὐτὸν
803 911 968 983 ἄνδρα
993 912 1273 984 κρυπτῶς.

453 1088 641 1160 Ἐρώτ.
688 1091 785 1144 κδ’.
835 1091 990 1156 Τίνες
1035 1093 1172 1146 εἰσὶν
1229 1093 1471 1161 ἀληθινοὶ
1521 1099 1930 1168 προσκυνηταὶ,

371 1180 560 1244 οἵτινες
595 1183 733 1252 μήτε
761 1183 819 1236 ἐν
865 1183 942 1254 τῷ
979 1183 1095 1255 ὄρει
1139 1185 1364 1256 ἐκείνῳ,
1403 1187 1537 1258 μήτε
1563 1190 1621 1241 ἐν
1665 1187 1933 1260 Ἰερουσα-

369 1266 496 1339 λὴμ,
528 1269 642 1322 ἀλλ’
671 1272 727 1324 ἐν
758 1271 1024 1342 πνεύματι
1056 1274 1150 1326 καὶ
1177 1273 1402 1345 ἀληθείᾳ
1435 1277 1797 1346 προσκυνοῦσι
1839 1278 1930 1332 τὸν

368 1359 498 1414 Θεόν
515 1379 530 1425 ;

448 1450 632 1504 Ἀπόκ.
677 1443 833 1506 Οὗτοί
863 1453 999 1507 εἰσιν
1030 1456 1079 1507 οἱ
1122 1456 1180 1507 ἐν
1234 1456 1460 1528 ἐρήμοις
1500 1458 1594 1511 καὶ
1623 1459 1803 1531 ὄρεσι,
1835 1463 1929 1516 καὶ

369 1541 644 1611 σπηλαίοις
691 1545 787 1596 καὶ
836 1549 956 1608 ταῖς
1011 1548 1169 1611 ὀπαῖς
1219 1550 1316 1620 τῆς
1365 1551 1470 1621 γῆς
1508 1554 1886 1618 κατοικοῦντες
1908 1593 1925 1620 ,

365 1634 574 1700 οἵτινες,
621 1636 790 1707 χωρὶς
837 1638 1104 1703 συνάξεως
1152 1640 1606 1716 ἐκκλησιαστικῆς
1653 1647 1719 1699 δι’
1750 1647 1926 1718 ἔργων

364 1726 578 1793 ἀγαθῶν
605 1727 734 1800 θείῳ
759 1729 1027 1801 πνεύματι
1053 1732 1428 1804 φωτιζόμενοι,
1445 1738 1502 1789 ἐν
1530 1738 1802 1810 πνεύματι
1832 1741 1924 1794 καὶ

2042 567 2425 622 scortabatur:
2498 583 2658 624 nemo
2724 572 2992 642 siquidem
3057 593 3179 632 cum
3241 595 3302 634 ea
3361 590 3420 636 ut
3469 599 3594 640 cum

2039 673 2209 713 uxore
2258 658 2498 731 legitima
2546 663 2695 719 coire
2732 666 2966 721 volebat.
3019 668 3112 721 Illa
3166 684 3296 724 vero
3333 675 3597 743 concupi-

2037 751 2298 805 scentiam
2344 769 2497 808 suam
2552 769 2675 808 cum
2733 757 3008 813 refrenare
3052 775 3158 814 non
3213 772 3420 831 posset,
3455 766 3592 819 clam

2037 841 2179 910 apud
2224 856 2282 897 se
2329 844 2506 897 virum
2545 845 2752 913 habuit,
2785 862 2908 902 cum
2937 864 3047 920 quo
3076 850 3460 917 fornicaretur,
3496 870 3594 910 ne-

2035 947 2140 1001 que
2161 941 2280 986 erat
2328 935 2416 988 hic
2469 937 2792 994 manifestus
2838 949 2931 994 aut
2976 941 3250 1012 legitimus
3307 946 3539 1001 maritus
3561 939 3588 1001 ἐ

2033 1022 2128 1076 sed
2152 1038 2275 1077 eum
2307 1025 2482 1078 virum
2522 1042 2706 1082 secum
2739 1029 2972 1086 habebat
3000 1035 3232 1089 occulte.

2101 1113 2323 1180 Quass'r.
2356 1104 2546 1172 XXIV.
2577 1120 2811 1186 Quinam
2840 1133 2969 1178 sunt
3001 1126 3079 1178 illi
3110 1127 3222 1181 veri
3253 1128 3589 1195 adoratores,

2031 1206 2126 1273 qui
2176 1221 2278 1262 nec
2343 1209 2398 1262 in
2455 1210 2560 1265 hoc
2608 1222 2810 1277 monte,
2851 1231 2952 1270 nec
2975 1214 3350 1290 Jerosolymis,
3405 1221 3499 1276 sed
3533 1226 3589 1280 in

2031 1296 2228 1366 spiritu
2259 1299 2486 1355 adorant
2520 1301 2688 1358 Deum
2720 1311 2774 1359 et
2793 1306 2849 1361 in
2870 1309 3096 1365 veritate
3120 1310 3208 1365 “1

2101 1471 2273 1531 Rssr.
2311 1474 2405 1532 Isti
2439 1487 2566 1534 sunt
2616 1482 2708 1552 qui
2754 1483 2808 1538 in
2860 1484 3090 1542 desertis
3119 1497 3174 1544 et
3203 1489 3256 1544 in
3286 1493 3585 1556 montibus,

2027 1565 2121 1633 qui
2183 1567 2239 1620 in
2285 1569 2562 1637 speluncis
2596 1581 2650 1627 ct
2688 1576 2939 1631 cavernis
2976 1586 3133 1634 terra:
3188 1581 3457 1649 habitant,
3493 1587 3586 1654 qui

2025 1656 2163 1709 citra
2216 1671 2544 1716 conventum
2603 1667 2868 1735 ecclesiae,
2917 1685 3014 1741 per
3064 1687 3227 1742 opera
3284 1674 3448 1739 bona,
3490 1675 3584 1730 Dei

2027 1749 2222 1817 spiritu
2250 1751 2566 1815 illuminati,
2594 1757 2649 1811 in
2696 1759 2893 1829 spiritu
2949 1769 3004 1817 et
3067 1765 3299 1821 veritate
3355 1769 3585 1821 adorant

363 1817 583 1889 ἀληθείᾳ
613 1823 974 1892 προσκυνοῦσι
1002 1824 1094 1876 τὸν
1121 1824 1252 1878 Θεὸν
1276 1827 1368 1880 καὶ
1394 1829 1614 1900 Πατέρα
1641 1833 1673 1902 ή
1684 1830 1800 1902 μῶν
1832 1833 1912 1887 τὸπ.

2024 1835 2192 1892 Deum
2224 1848 2278 1894 et
2307 1841 2520 1899 Patrem
2557 1817 2803 1905 nostrum
2836 1855 2927 1922 qui
2957 1863 3042 1910 est
3070 1857 3123 1910 in
3161 1859 3336 1914 caelis.
3365 1859 3470 1926 Qui
3501 1861 3587 1914 in-

362 1909 417 1961 ἐν
447 1912 555 1973 τοῖς
592 1912 874 1983 οὐρανοῖς,
916 1915 1221 1986 ἀμέμπτως
1274 1916 1513 1987 βιοῦντες
1552 1923 1647 1974 καὶ
1680 1922 1757 1993 τῷ
1800 1924 1918 1996 Θεῷ

360 1999 760 2074 εὐσεὸοφρόνως
806 2004 1174 2075 λατρεύοντες,
1205 2009 1262 2062 ἐν
1312 2011 1460 2082 πάσῃ
1516 2013 1769 2085 εὐσεϐείᾳ
1827 2016 1921 2071 καὶ

362 2092 639 2172 σεμνότητι
670 2093 780 2146 τῶν
806 2096 1016 2167 ἀρετῶν
1045 2097 1461 2167 διαλάμποντες,
1488 2101 1582 2154 καὶ
1608 2103 1706 2154 οὐκ
1737 2101 1920 2172 έχουσι

358 2155 542 2251 χρείαν
573 2155 873 2255 ἐκκλησίας
901 2186 934 2256 ἦ
961 2187 1148 2252 τόπου,
1171 2155 1284 2240 ἀλλ’
1311 2189 1463 2241 αὐτοὶ
1491 2190 1714 2253 ἑαυτοὺς
1759 2155 1920 2255 ναοὺς

358 2272 759 2338 ποιοῦντεςταῖς
783 2277 1014 2345 ἀγαθαῖς
1043 2279 1348 2350 ἐργασίαις,
1381 2281 1438 2332 ἐν
1463 2282 1626 2334 παντὶ
1655 2281 1802 2352 τόπῳ
1826 2284 1919 2336 καὶ

356 2365 624 2435 πανταχοῦ
688 2367 1042 2438 εὐαρεστοῦσι
1091 2370 1154 2422 τὸ
1211 2370 1393 2432 Θεῖον,
1429 2371 1784 2436 ἀδιαλείπτως
1824 2375 1918 2426 καὶ

355 2454 652 2529 εἰλικρινῶς
675 2460 837 2514 αὐτὸν
856 2460 1247 2533 θεραπεύοντες
1269 2463 1446 2527 πάσας
1466 2464 1564 2528 τὰς
1587 2465 1800 2536 ἡμέρας
1818 2467 1916 2538 τῆς

353 2545 492 2618 ζωῆς
526 2551 728 2606 αὐτῶν.

430 2638 621 2710 Ἐρώτ.
656 2648 754 2696 κε’.
778 2643 844 2696 Τί
875 2643 1055 2712 λέγει·
1096 2664 1114 2696 ι
1152 2647 1276 2701 Ἐὰν
1313 2649 1407 2703 δύο
1435 2649 1587 2719 ὐμῶν
1622 2650 1914 2720 συμφωνή-

350 2741 508 2782 σωσιν
553 2731 648 2784 ἐπὶ
680 2733 780 2804 τῆς
810 2734 935 2805 γῆς,
969 2737 1060 2790 ἐπὶ
1106 2740 1307 2804 παντὸς
1341 2741 1682 2812 πράγματος,
1715 2736 1775 2795 οὗ
1819 2741 1912 2794 ἐάν

347 2818 694 2889 αἰτήσωνται,
724 2827 1010 2896 γενήσεται
1043 2830 1225 2894 αὐτοῖς
1250 2847 1264 2896 ;
1293 2848 1312 2882 ι

422 2909 610 2965 Ἀπόκ.
646 2915 905 2970 Τουτέστι
935 2920 1062 2990 περὶ
1093 2923 1294 2985 παντὸς
1333 2922 1678 2994 πράγματος,
1713 2920 1774 2980 οὗ
1817 2924 1910 2978 ἐὰν

344 3005 678 3076 συμφωνήσῃ
709 3008 742 3076 ἡ
771 3007 915 3078 ψυχὴ
949 3010 1086 3079 μετὰ
1112 3011 1207 3064 τοῦ
1233 3011 1502 3084 σώματος,
1533 3015 1788 3080 εὐσεϐοῦς
1815 3017 1908 3069 καὶ

343 3095 597 3166 ἐναρέτου
624 3098 956 3171 ζητήματος,
981 3104 1009 3155 ὁ
1037 3104 1165 3169 Θεὸς
1193 3107 1252 3158 ἐν
1286 3106 1434 3177 μέσῳ
1465 3108 1644 3161 αὐτῶν
1677 3110 1902 3178 γίνεται,

2023 1929 2239 1999 culpate
2275 1934 2485 2001 vivunt,
2519 1946 2572 1992 et
2603 1938 2770 1996 Deum
2808 1945 3060 2016 religiose
3107 1956 3162 2004 et
3211 1951 3298 2020 pie
3341 1953 3584 2008 colentes

2021 2021 2168 2074 omni
2203 2023 2403 2092 pietate
2433 2043 2486 2085 et
2517 2030 2805 2088 honestate
2865 2037 3124 2091 virtutum
3183 2040 3450 2103 relucent,
3484 2055 3584 2095 nec

2020 2127 2159 2182 opus
2195 2115 2396 2172 habent
2436 2123 2688 2188 ecclesia,
2716 2133 2809 2180 aut
2836 2127 2956 2183 loco
3002 2129 3129 2184 huic
3158 2131 3237 2185 rei
3285 2132 3579 2197 destinato,

2020 2202 2117 2257 sed
2148 2204 2254 2274 ipsi
2288 2211 2612 2281 semetipsos
2645 2216 2843 2286 templa
2893 2217 3051 2274 bonis
3081 2221 3339 2290 operibus
3373 2222 3582 2277 facien-

2018 2299 2123 2357 tes,
2154 2298 2349 2364 quovis
2387 2300 2508 2355 loco
2541 2312 2595 2358 et
2645 2305 2848 2376 ubique
2897 2307 3007 2363 Deo
3055 2311 3274 2378 placent
3304 2332 3317 2367 :
3350 2313 3585 2384 denique

2018 2385 2238 2442 assidue
2265 2399 2319 2443 et
2361 2391 2574 2448 sincere
2605 2397 2857 2453 omnibus
2883 2399 3075 2457 diebus
3119 2403 3246 2458 vitae
3305 2421 3419 2460 suae
3467 2423 3589 2462 ser-

2017 2475 2186 2532 viunt.

2087 2632 2305 2699 Qunsr.
2339 2636 2508 2695 XXV.
2541 2640 2681 2707 Quid
2735 2652 2820 2699 est
2851 2648 2996 2716 quod
3050 2649 3228 2720 inquit
3264 2669 3276 2705 :
3325 2669 3344 2702 ‹
3385 2652 3441 2707 Si
3471 2653 3582 2710 duo

2013 2731 2254 2778 vestrum
2303 2733 2686 2785 consenserint
2729 2751 2894 2804 super
2947 2747 3167 2806 terram,
3197 2758 3583 2816 quamcunque

2013 2824 2126 2865 rem
2165 2816 2439 2882 petierint,
2479 2819 2693 2875 dabitur
2723 2824 2805 2879 eis
2822 2826 2945 2880 ³⁸2»

2082 2906 2248 2964 Rssr.
2279 2909 2393 2965 Hoc
2417 2921 2503 2968 est
2533 2915 2600 2970 de
2633 2932 2956 2990 quacunque
3004 2937 3065 2979 re
3095 2927 3414 2982 convenerit
3459 2929 3580 2982 aui-

2009 3015 2096 3054 ma
2135 3015 2259 3056 cum
2309 3018 2568 3075 corpore,
2599 3009 2667 3064 de
2689 3011 2778 3080 pio
2816 3013 3074 3068 nimirum
3115 3026 3170 3072 et
3212 3019 3384 3088 probo
3412 3035 3563 3090 nego

2012 3094 2111 3158 tio,
2135 3093 2281 3151 Deus
2310 3099 2414 3151 erit
2444 3098 2502 3153 in
2555 3101 2735 3156 medio
2773 3118 2986 3172 eorum,
3019 3109 3162 3163 sicut
3213 3126 3336 3164 cum
3370 3111 3482 3165 Elia
3521 3115 3577 3166 in

341 3186 522 3263 ὥσπερ
572 3191 653 3262 τῷ
695 3193 851 3266 Ἠλίᾳ
895 3199 952 3249 ἐν
1004 3197 1081 3268 τῷ
1140 3199 1276 3270 ὄρει,
1313 3201 1408 3253 καὶ
1466 3201 1663 3273 Δανιὴλ
1717 3204 1774 3255 ἐν
1827 3202 1906 3273 τῷ

2014 3196 2213 3252 monte,
2246 3198 2301 3242 et
2324 3189 2377 3243 in
2409 3191 2562 3247 fovea
2586 3209 2710 3249 cum
2741 3195 2964 3254 Daniele
2999 3210 3252 3258 versatus
3284 3213 3390 3267 est,
3421 3205 3576 3275 ipso-
3663 3257 3668 3268 ,

340 3278 522 3352 λάκκῳ
557 3285 983 3357 προσομιλήσας,
1009 3289 1103 3341 καὶ
1134 3288 1201 3342 τά
1241 3290 1515 3361 αἰτήματα
1548 3291 1726 3345 αὐτῶν
1767 3292 1904 3364 πλη-

346 3371 539 3442 ρώσας.

417 3466 610 3538 Ἐρώτ.
639 3477 752 3534 κς·¹.
788 3472 852 3524 Τί
879 3472 1024 3542 λέγει
1049 3491 1063 3505 ο
1101 3493 1119 3525 ι
1152 3476 1287 3530 Ἰσθι
1317 3477 1516 3531 εὐνοῶν
1541 3477 1620 3549 τῷ
1647 3478 1903 3550 ἀντιδίκῳ

342 3571 449 3623 σου,
475 3559 580 3623 ἕως
606 3555 668 3615 οὗ
695 3559 743 3614 εἶ
774 3563 832 3616 ἐν
863 3569 929 3636 τῇ
959 3566 1063 3638 ὀδῷ
1094 3571 1210 3637 μετ’
1241 3569 1404 3622 αὐτοῦ
1423 3570 1476 3621 ἳ»

413 3736 604 3791 Ἀπόκ.
645 3739 934 3795 Ἀντίδικόν
976 3745 1092 3798 ἐστι
1121 3746 1180 3800 τὺ
1227 3746 1384 3817 σῶμα
1421 3750 1485 3818 τῇ
1515 3749 1681 3820 ψυχῇ.
1717 3750 1900 3804 Ταῦτα

330 3828 435 3901 γὰρ
493 3831 745 3902 ἀλλήλοις
793 3833 1113 3902 ἀντίκειται,
1166 3839 1242 3901 ὣς
1290 3857 1424 3910 φησι
1471 3841 1698 3905 Παῦλος.
1769 3842 1900 3895 ’Υπ-

2007 3297 2125 3337 rum
2159 3287 2460 3356 adimplcns
2489 3292 2803 3360 petitiones.

2073 3467 2292 3534 Quasr.
2352 3470 2542 3529 XXVI.
2596 3475 2740 3540 Quid
2783 3477 2916 3531 illud
2969 3480 3114 3548 quod
3171 3481 3352 3535 dicit:
3391 3501 3410 3534 ι
3443 3483 3574 3538 Esto

2002 3563 2299 3619 benevolus
2321 3579 2444 3618 cum
2484 3567 2799 3624 adversario
2851 3581 2966 3636 tuo,
3001 3572 3129 3628 dum
3177 3575 3355 3629 adhuc
3397 3590 3458 3630 es
3514 3578 3568 3631 in

1999 3658 2086 3710 via
2117 3674 2240 3712 cum
2271 3661 2364 3714 illo
2386 3662 2470 3715 ⁸⁷2
2498 3681 2517 3713 ι

2069 3749 2232 3806 Rssr.
2267 3750 2625 3811 Adversarius
2658 3757 2854 3812 anima:
2881 3774 3080 3829 corpus
3106 3767 3192 3815 est
3230 3779 3244 3814 :
3282 3759 3396 3815 haec
3421 3759 3564 3816 enim

1999 3843 2104 3897 sibi
2149 3844 2508 3899 adversantur
2563 3847 2823 3912 invicem,
2883 3851 3344 3920 quemadmodum
3387 3852 3563 3923 inquit

329 3923 639 3994 ωπιάζομεν
663 3924 773 3996 γάρ
789 3927 883 3979 καὶ
909 3926 1354 4002 δουλαγωγοῦμεν
1375 3931 1437 3984 τδ
1462 3931 1638 4002 σῶμα,
1657 3933 1899 3986 εὐνοοῦν-

2014 3933 2201 3990 .3aulus
2227 3935 2271 3967 ³⁸
2296 3953 2311 4002 ;
2349 3936 2684 4007 castigamus
2711 3941 2854 3994 enim
2898 3948 2953 3995 et
2989 3942 3044 3994 in
3071 3942 3386 3997 servitutem
3415 3944 3560 3998 redi~

327 4029 412 4077 τες
442 4016 530 4070 διὰ
556 4019 812 4088 νηστείας
837 4021 932 4073 καὶ
957 4023 1262 4095 ἀγρυπνίας
1304 4027 1534 4098 καὶτῆς
1559 4028 1750 4099 λοιπῆς
1797 4046 1895 4081 κα-

2014 4027 2178 4097 ;imus
2211 4044 2412 4100 corpus
2450 4047 2548 4101 per
2576 4031 2806 4102 jejunia,
2837 4033 3054 4105 vigilias
3080 4043 3136 4090 et
3188 4051 3285 4106 per
3311 4037 3450 4094 alias
3481 4039 3559 4092 af.

326 4111 638 4175 κοπαθείας,
687 4113 771 4166 ἵνα
825 4117 1021 4185 μηκέτι
1068 4117 1407 4182 ἐξανίσταται
1453 4119 1554 4190 τῆς
1590 4121 1767 4192 ψυχῆς
1803 4121 1893 4175 διὰ

2014 4120 2260 4177 lictiones
2298 4138 2310 4173 :
2351 4122 2513 4193 idque
2543 4123 2690 4179 bono
2719 4133 2772 4179 et
2817 4127 3082 4183 benevolo
3115 4131 3318 4192 animo,
3350 4145 3419 4185 ne
3446 4145 3564 4184 am-

325 4201 508 4255 παθῶν
534 4205 636 4274 τῆς
681 4206 926 4277 ἀτιμίας.
982 4210 1128 4263 Ὀδὸν
1171 4212 1338 4280 λέγει,
1374 4213 1466 4267 τὸν
1516 4215 1744 4284 μάταιον
1779 4215 1894 4286 βίον

2014 4213 2136 4268 ilius
2171 4225 2364 4268 contra
2409 4217 2646 4271 animam
2679 4233 2775 4288 per
2804 4221 3284 4290 concupiscentias
3330 4223 3563 4293 ignomi-

322 4293 504 4348 τοῦτον
535 4297 629 4349 καὶ
659 4297 887 4352 πλάνον
919 4299 986 4353 ἂν
1013 4301 1120 4372 γὰρ
1163 4302 1294 4374 λυθῇ
1333 4305 1365 4374 ὴ
1396 4304 1542 4376 ψυχὴ
1579 4305 1673 4359 τοῦ
1707 4306 1892 4378 σώμα-

2014 4303 2179 4358 niosas
2201 4305 2468 4376 insurgat.
2504 4306 2660 4362 Viam
2709 4309 2864 4373 dicit,
2894 4326 3090 4366 vanam
3131 4312 3274 4367 hanc
3309 4313 3558 4369 fallacem

318 4398 428 4448 τος,
458 4386 552 4440 καὶ
585 4387 778 4462 ἐξέλθῃ
819 4391 912 4443 τοῦ
948 4391 1062 4460 βίου
1094 4393 1281 4447 τούτου
1317 4397 1411 4449 καὶ
1453 4397 1552 4468 τῆς
1589 4397 1740 4464 ὀδοῦ,
1789 4402 1889 4453 οὐκ

2014 4395 2155 4448 νὶιοιη
2192 4414 2206 4450 :
2238 4412 2365 4450 nam
2396 4412 2426 4450 a
2469 4413 2697 4470 corpore
2732 4409 3022 4471 postquam
3057 4403 3239 4457 anima
3283 4412 3556 4474 separata.

321 4474 396 4528 ἔτι
423 4477 751 4549 ἐργάζεσθαι
775 4482 978 4551 ἀγαθὸν
997 4484 1237 4540 δύναται.
1256 4487 1568 4560 Κοδράντης
1589 4489 1645 4541 δὲ
1669 4489 1885 4557 λέγεται

2014 4494 2042 4539 τι
2073 4504 2139 4543 ex
2168 4489 2270 4544 hac
2295 4491 2405 4543 vita
2431 4491 2628 4561 viaque
2665 4492 2830 4547 fuerit
2877 4510 3122 4564 egressa,
3159 4512 3267 4551 non
3323 4498 3558 4566 amplius

319 4567 408 4620 καὶ
435 4571 570 4623 αὐτὸ
601 4571 664 4623 τὸ
695 4573 1112 4646 ἐγκατάλειμμα
1131 4576 1224 4630 τοῦ
1257 4579 1534 4649 ἐνθυμίου.
1568 4580 1801 4648 Λέγεται
1827 4582 1883 4634 δὲ

318 4662 470 4733 καὶὴ
511 4665 818 4734 συνείδησις
863 4669 1168 4732 ἀντίδικος·
1226 4670 1438 4742 ἐλέγχει
1471 4671 1578 4743 γὰρ
1625 4675 1776 4744 ἡμᾶς
1825 4678 1884 4728 ἐν

315 4754 377 4823 τῇ
408 4754 608 4826 καρδίᾳ
637 4758 913 4828 κρυπτῶς,
949 4761 1042 4813 καὶ
1065 4761 1399 4831 ἀναχαιτίζει
1425 4763 1532 4817 ἀπὸ
1558 4764 1652 4818 τοῦ
1687 4766 1880 4826 κακοῦ,

315 4843 403 4894 καὶ
429 4843 524 4897 ἐὰν
559 4847 636 4916 μὴ
671 4846 995 4918 ἀκούσωμεν
1027 4849 1213 4912 αὐτοῦ,
1255 4851 1480 4921 ἔσχατον
1511 4855 1882 4925 παραδίδωσιν

314 4934 453 5002 ἡμεῖς
477 4938 536 4989 ἐν
561 4938 642 5007 τῷ
675 4941 945 5011 κριτηρίῳ
977 4941 1068 4994 τοῦ
1101 4942 1234 4995 Θεοῦ
1269 4945 1361 4997 καὶ
1388 4944 1628 5014 δώσομεν
1653 4945 1880 5011 εὐθύνας

314 5023 408 5075 ὐπέ
416 5041 446 5096 ρ
466 5043 524 5079 τε
549 5027 658 5080 τῶν
684 5030 934 5098 μεγάλων
951 5031 1381 5103 ἁμαρτημάτων,
1401 5034 1495 5087 καὶ
1515 5034 1624 5087 τῶν
1646 5035 1876 5088 εὐτελῶν

312 5116 399 5166 καὶ
427 5116 548 5171 λίαν
570 5117 894 5189 ἐλαχίστων.

385 5207 574 5278 Ἐρώτ.
605 5209 709 5274 κζ’.
741 5211 808 5264 Τί
839 5213 1012 5266 ἐστιν·
1049 5232 1066 5265 ι
1105 5214 1372 5287 Ὡμοιώθη
1412 5219 1445 5288 ἡ
1486 5217 1732 5288 βασιλεία
1762 5219 1872 5273 τῶν

308 5297 536 5368 οὐρανῶν
565 5301 754 5374 κόκκῳ
793 5304 1099 5371 σινάπεως;
1133 5325 1151 5358 ι

381 5389 562 5446 Ἀπὸκ.
601 5392 706 5444 Διὰ
733 5392 833 5464 τὴν
855 5393 1245 5466 ἀνθρωπότητα
1264 5397 1433 5466 λέγει.
1456 5401 1536 5455 ὃτι
1564 5423 1582 5454 ι
1608 5403 1870 5464 Πλούσιος

301 5478 370 5535 ὢν
389 5485 752 5539 ἐταπείνωσεν
795 5487 986 5540 ἑαυτὸν
1020 5489 1180 5561 μέχρι
1225 5493 1489 5556 θανάτου,
1537 5495 1770 5548 θανάτου
1812 5495 1869 5548 δὲ

363 5659 405 5692 ³⁸
436 5663 597 5719 Joau.
639 5683 726 5725 ιν,
760 5665 855 5724 25.
890 5666 981 5720 24.

296 5731 336 5762 ⁵⁸
371 5731 558 5790 Matth.
597 5753 733 5801 xm,
769 5736 862 5790 51.

1087 5668 1130 5700 ³⁸
1171 5668 1361 5724 Matth.
1399 5687 1566 5735 mn,
1608 5673 1696 5726 I9.

1809 5673 1851 5702 ³⁷
1898 5672 2086 5731 Matth.
2122 5693 2184 5739 v,
2220 5676 2307 5730 25.

1991 4587 2169 4647 potest
2194 4583 2409 4651 operari
2449 4584 2674 4638 bonum.
2705 4586 2993 4651 Quadrans
3030 4597 3208 4642 autem
3255 4587 3514 4642 dicuntur
3537 4626 3552 4647 ,

1997 4689 2017 4720 ι
2057 4672 2188 4741 ἱρείη
2215 4675 2459 4743 reliquiae
2503 4676 2852 4746 cogitationis
2879 4679 2944 4732 ".
2977 4696 2996 4728 ι
3031 4677 3240 4732 Dicitur
3270 4693 3400 4732 vero
3419 4694 3555 4732 con-

1991 4765 2219 4819 scientia
2275 4767 2664 4823 adversarius:
2697 4783 2823 4822 nam
2881 4770 3094 4824 occulte
3147 4770 3201 4823 in
3247 4767 3412 4823 corde
3453 4784 3554 4822 no-

1990 4861 2106 4906 stro
2167 4855 2468 4924 redarguit,
2529 4864 2747 4911 coercet
2791 4872 2821 4910 a
2869 4860 3035 4922 malo,
3071 4867 3126 4912 et
3159 4859 3205 4912 si
3245 4859 3418 4912 simus
3467 4858 3553 4911 in-

1988 4945 2327 5008 obedientes,
2390 4947 2580 5001 eadem
2632 4964 2732 5003 nos
2785 4949 3004 5004 demum
3063 4950 3129 5004 ad
3159 4948 3254 5004 Dei
3311 4949 3551 5002 tribunal

1985 5036 2153 5098 sistit,
2184 5036 2272 5090 ubi
2301 5044 2356 5091 et
2384 5053 2575 5107 pmnas
2617 5039 2870 5095 dabimus
2923 5048 3036 5094 tum
3089 5039 3392 5094 enormium
3423 5055 3550 5108 pec-

1982 5137 2252 5191 catorum,
2290 5137 2402 5182 tum
2436 5131 2600 5184 etiam
2628 5131 2826 5185 levium
2853 5140 2907 5186 et
2939 5131 3316 5185 minimorum.
3397 5164 3404 5172 ι

2051 5219 2270 5286 ρωιεετ.
2297 5220 2511 5276 XXVII.
2547 5222 2690 5289 Quid
2742 5223 2873 5276 illud
2909 5228 2992 5275 est
3021 5235 3035 5272 :
3079 5238 3097 5270 ι
3132 5220 3320 5276 Simile
3344 5219 3547 5274 factum

1979 5323 2064 5370 cst
2099 5329 2322 5385 regnum
2351 5314 2615 5368 caelorum
2640 5327 2810 5383 grano
2839 5313 3044 5382 sinapis
3060 5311 3142 5364 ⁸⁸2
3172 5329 3190 5362 ι

2049 5405 2208 5460 RESP.
2234 5403 2461 5473 Propter
2481 5403 2773 5456 humanam
2791 5417 2946 5456 suam
2975 5410 3223 5455 naturam
3251 5401 3355 5455 hoc
3375 5400 3509 5456 dicit
3531 5422 3544 5458 :

1983 5515 1999 5545 ι
2029 5495 2190 5550 Dives
2224 5495 2369 5548 enim
2419 5509 2543 5548 cum
2603 5501 2768 5559 esset,
2830 5493 3138 5547 humiliavit
3192 5492 3544 5562 semetipsum

2422 5677 2465 5707 "
2504 5675 2624 5730 Gal.
2663 5693 2726 5741 ν,
2769 5677 2854 5730 17.
2959 5677 3004 5708 ³³
3044 5676 3188 5734 Psal.
3228 5693 3404 5731 Lxxv.
3444 5675 3534 5730 Il.
