4088 6382
480 423 586 480 ’119

1659 396 1716 451 S.
1764 385 2222 448 ATHANASIUS.
2260 415 2329 425 —
2365 381 2632 439 SPURIA.

3598 369 3703 424 720

485 553 661 610 usque
707 535 775 591 ad
813 539 1063 595 mortem,
1112 531 1342 581 mortem
1389 532 1520 576 vero
1566 514 1750 570 crucis
1766 514 1836 566 “.
1877 530 1895 562 ι
1927 509 2080 568 Μεμλ

2181 503 2396 577 ταυροῦ.
2433 522 2451 556 ι
2492 501 2648 569 Μέγα
2673 498 2728 551 δὲ
2759 495 2854 551 καὶ
2881 492 3065 566 κομῶν
3109 493 3220 555 τοῖς
3250 489 3465 560 φύλλοις
3497 485 3585 539 διὰ
3609 486 3706 559 τὴν

2219 596 2232 610 ι
2437 588 2662 610 πημηι
2714 587 2764 610 ιιι
2817 584 2905 610 _-.~.
2957 581 3183 610 -.°.-.......'.
3236 580 3293 610 δ..
3333 581 3446 610 -..τι
3493 575 3706 610 υὶικηιρ

489 606 655 700 gnum
685 635 863 682 autem
902 629 955 677 et
979 619 1122 674 foliis
1161 613 1446 671 luxurians
1468 609 1590 664 olus
1624 606 1777 668 dicit,
1824 608 2043 672 propter

487 718 848 776 divinitatem.
879 709 1142 766 Volucres
1168 712 1347 760 autem
1391 699 1538 763 cmli,
1571 695 1736 750 ramis
1761 692 1881 762 ejus
1911 688 2048 744 insi-

490 809 704 873 dentes,
731 803 1046 875 prophetas,
1072 795 1350 868 apostolos
1404 797 1458 846 et
1502 784 1868 856 evangelistas
1899 780 2049 850 ipsos

491 898 762 968 Ihtelligit.

559 960 779 1057 Ωυιέετ.
810 981 1045 1041 XXVIII.
1082 977 1222 1046 Quid
1253 975 1385 1030 illud
1429 970 1696 1042 signiﬁcat
1722 984 1734 1017 :
1774 984 1793 1018 ι
1825 962 1942 1018 Non
1973 960 2052 1016 l'a-

490 1085 650 1142 cietis
681 1081 865 1136 sisoen
884 1092 952 1132 ex
980 1086 1136 1128 coma
1173 1067 1369 1140 capitis
1397 1062 1568 1119 vestri
1587 1060 1674 1113 "‘1
1702 1077 1722 1112 ι

563 1173 720 1244 261
764 1168 927 1223 RESP.
963 1163 1075 1236 (81)
1115 1160 1307 1216 Sisoen
1344 1155 1564 1226 quidam
1597 1150 1754 1204 aliter
1785 1147 2056 1215 interpre-

495 1235 773 1321 tati-sunt.
804 1259 917 1329 Ego
945 1235 1026 1312 sic
1049 1253 1259 1310 sentio:
1290 1245 1565 1320 prohiberi
1603 1243 1705 1297 hac
1734 1240 1848 1310 lege
1885 1235 2056 1306 capilo

495 1361 1004 1424 Iorum,tonsuram.
1043 1345 1386 1401 Consuevere
1423 1349 1656 1405 namque
1681 1330 1852 1386 Graeci
1882 1327 2059 1383 infan-

497 1462 610 1504 tum
637 1445 871 1502 vertices
900 1456 1010 1497 non
1049 1437 1290 1498 tondere,
1313 1440 1365 1487 et
1393 1428 1620 1499 capillos
1657 1437 1897 1490 servare,
1921 1433 2062 1476 eam-

497 1556 604 1609 que
632 1535 976 1610 postmodum
1007 1526 1342 1584 dmmonihus
1379 1519 1648 1577 dedicare.

567 1605 789 1697 Qun-251'.
829 1622 1020 1680 XXIX.
1059 1621 1238 1688 Quare
1291 1614 1438 1669 ﬂavit
1488 1613 1542 1667 in
1591 1605 1886 1676 discipulos
1933 1613 2064 1656 suos

501 1724 775 1784 Christus,
803 1717 991 1772 dicens
1018 1734 1031 1770 :
1063 1731 1082 1765 ι
1113 1709 1355 1780 Accipite
1383 1703 1647 1775 Spiritum
1671 1703 1918 1755 sanetum
1940 1691 2017 1744 “‘2
2040 1709 2058 1742 ι

572 1813 735 1867 Rssr.
771 1803 1235 1877 Quemadmodum
1265 1813 1429 1870 super
1458 1808 1601 1850 caeco
1628 1791 1754 1846 fecit
1781 1789 1976 1850 lutum,
2011 1788 2066 1836 et

503 1901 626 1972 ejus
668 1861 857 1956 oculos
900 1894 1132 1960 illinivit,
1178 1897 1240 1945 ut
1281 1861 1589 1943 ostenderet
1622 1876 1767 1950 quod
1811 1875 1927 1946 ipse
1972 1871 2064 1934 sit,
2097 1861 2140 1917 B

503 1965 599 2065 q'ui
644 1994 713 2048 ab
758 1989 912 2047 initio
947 1984 1200 2043 formavit
1229 1979 1502 2036 hominem
1531 1990 1598 2030 ex
1625 1972 1739 2026 luto
1764 1987 1777 2022 :
1801 1965 1870 2020 ad
1911 1977 2067 2019 eum-

506 2056 628 2141 dem
671 2083 890 2139 modum
925 2075 1218 2135 insulIIavit
1254 2072 1417 2127 etiam
1462 2069 1514 2122 in
1549 2062 1868 2134 discipulos,
1891 2056 2070 2129 decla-

505 2191 638 2232 rans
671 2189 730 2230 se
755 2187 898 2236 esse,
927 2169 1020 2241 qui
1055 2167 1306 2238 spiritum
1336 2161 1426 2216 det
1464 2165 1516 2213 et
1544 2157 1708 2211 vitam
1736 2149 2068 2210 hominibus,

506 2284 604 2339 per
633 2266 959 2338 primitivam
994 2261 1139 2316 illam
1160 2253 1594 2326 inspirationem,
1629 2261 1790 2317 quam
1816 2245 1871 2297 in
1900 2241 2072 2295 Adam

509 2331 815 2432 inspiravit.
850 2354 1006 2422 Quod
1052 2359 1234 2406 autem
1279 2345 1455 2416 inquit
1503 2359 1572 2398 ει
1608 2337 1854 2407 Accipite
1900 2331 2075 2402 Spiri-

511 2464 626 2508 tum
678 2456 952 2510 sanctum,
999 2463 1018 2496 ι
1054 2441 1206 2498 dedit
1252 2438 1388 2510 ipsis
1427 2450 1524 2506 per
1557 2435 1718 2487 istam
1765 2424 2078 2496 inspiratio-

513 2560 665 2610 nem,
715 2547 1040 2614 potestatem
1091 2544 1146 2591 et
1190 2532 1418 2605 gratiam
1466 2521 1776 2582 remittendi
1829 2525 2073 2589 peccata.

515 2609 762 2691 Adventu
783 2638 961 2686 autem
996 2624 1196 2698 (sancti
1223 2617 1482 2692 Spiritus)
1507 2616 1565 2670 in
1597 2620 1786 2668 sancta
1816 2609 2079 2663 Penteco-

517 2735 623 2789 ste,
671 2718 929 2791 baptismi
983 2696 1038 2772 et
1081 2715 1361 2785 signorum
1418 2708 1673 2762 virtutem
1711 2699 1920 2755 tribuit.
1955 2696 2080 2751 Ideo

519 2790 787 2882 inquitzit
818 2807 929 2862 Vos
975 2797 1385 2874 baptizabimini
1437 2795 1492 2849 in
1543 2790 1752 2862 Spiritu
1795 2792 1987 2843 Sancto
2026 2790 2081 2838 et

521 2900 803 2973 accipietis
846 2898 1104 2954 virtutem
1137 2885 1570 2961 supervenientis
1603 2883 1661 2937 in
1705 2894 1803 2934 vos
1845 2875 2082 2947 Spiritus

521 2993 787 3053 sancti“.
823 3011 842 3043 ι
879 2988 1015 3044 Nam
1045 2995 1168 3040 ante
1195 2981 1505 3054 passionem
1535 2975 1676 3046 ejus,
1707 2969 1936 3043 apostoli
1970 2983 2082 3023 non

522 3087 790 3145 sanabant
823 3088 1058 3154 mgrotos
1094 3093 1190 3148 per
1228 3074 1488 3144 Spiritum
1523 3075 1773 3124 sanetum
1808 3083 1822 3119 :
1853 3061 1947 3118 sed
1988 3075 2082 3132 per

526 3184 849 3250 potestatem
881 3152 948 3228 et
988 3169 1308 3225 mandatum
1347 3162 1453 3218 sibi
1492 3177 1523 3216 a
1555 3158 1772 3214 Christo
1802 3152 2078 3209 traditum.

529 3289 548 3322 ι
581 3267 832 3323 Nondum
871 3263 1016 3320 enim
1055 3267 1172 3316 erat
1209 3256 1447 3328 Spiritus
1490 3257 1733 3314 sanctus,
1765 3247 1892 3318 quia
1921 3244 2082 3300 Jesus

525 3355 767 3414 nondum
821 3353 998 3408 fuerat
1043 3348 1380 3420 gloriﬁcatus
1399 3344 1465 3398 αδ.
1499 3364 1518 3395 ι
1562 3341 1610 3394 Α
1665 3338 1895 3393 mortuis
1954 3349 2086 3390 vero

524 3457 813 3520 postquam
839 3443 1139 3501 resurrexit
1175 3438 1511 3511 glorilieatus
1553 3438 1656 3488 est.
1695 3430 1959 3500 Spiritum
1990 3442 2088 3479 au-

523 3551 635 3597 tem
663 3549 910 3597 sanctum
951 3550 1077 3591 cum
1113 3539 1290 3595 vocat,
1322 3544 1433 3584 non
1465 3525 1640 3581 sancti
1678 3522 1914 3593 Spiritus
1955 3519 2090 3574 indi-

524 3639 616 3686 cat
647 3628 966 3702 bypostasin
995 3645 1009 3681 :
1040 3626 1156 3680 haec
1177 3623 1321 3678 enim
1347 3627 1464 3675 erat
1491 3626 1637 3682 ante,
1666 3622 1850 3676 etest,
1885 3622 1938 3667 et
1964 3611 2087 3674 erit,

520 3722 622 3778 sed
666 3721 902 3792 Spiritus
943 3718 1119 3776 sancti
1168 3715 1392 3778 donum,
1449 3709 1595 3783 quod
1643 3719 1765 3780 post
1817 3705 2092 3761 ascensio-

524 3830 670 3878 nem,
716 3813 950 3878 decimo,
991 3818 1115 3882 post
1145 3807 1601 3864 resurrectionem
1625 3815 1777 3864 vero,
1823 3799 2095 3868 quinqua-

522 3908 733 3978 gesimo
762 3907 851 3960 die
881 3903 1030 3960 venit
1063 3917 1228 3972 super
1251 3897 1553 3968 discipulos
1581 3892 1808 3948 Christi.

596 3997 814 4064 Quaasr.
843 3995 1012 4050 XXX.
1053 3993 1188 4060 Quis
1214 4003 1299 4047 est
1323 3991 1413 4044 ille
1434 3987 1604 4058 judex
1636 3981 1964 4053 iniquitatis,
1999 3977 2095 4050 qui

527 4103 703 4157 neque
730 4085 898 4140 Deum
932 4086 1104 4145 timet,
1133 4097 1234 4136 nec
1259 4079 1536 4134 hominem
1567 4073 1816 4130 veretur?

603 4283 764 4339 Rssr.
805 4280 948 4336 Deus
981 4298 995 4334 :
1029 4293 1129 4334 nec
1185 4275 1330 4330 enim
1379 4273 1466 4327 vel
1505 4270 1674 4326 Deum
1719 4269 1902 4330 habet,
1936 4279 2097 4336 quem

531 4374 755 4439 timeat;
786 4372 871 4426 vel
897 4370 1191 4431 hominem,
1226 4380 1386 4435 quem
1416 4371 1752 4417 revereatur.
1791 4377 1808 4408 ι
1837 4358 1966 4412 Erat
2004 4371 2101 4410 au-

533 4476 642 4521 tem
672 4466 729 4520 in
765 4479 826 4519 ea
856 4462 1077 4518 civitate
1107 4459 1270 4515 vidua
1297 4455 1547 4528 quaedam
1571 4453 1636 4505 “.
1666 4471 1684 4504 ι
1721 4451 1854 4517 Quae
1884 4450 1976 4503 illa
2019 4450 2102 4504 vi-

2145 575 2392 666 θεότητα.
2437 588 2664 644 Πετεινά
2711 587 2767 640 δὲ
2815 584 2908 640 τοῦ
2956 581 3184 653 ούρανοῦ
3235 580 3293 633 ὲν
3333 581 3446 641 τοῖς
3493 575 3707 640 κλάδοις

2145 685 2308 740 αὑτοῦ
2361 683 2641 755 προφήτας
2681 679 2775 732 καὶ
2804 675 3157 740 ἀποστόλους,
3201 672 3296 726 καὶ⁵
3341 669 3537 732 αὐτοὺς
3582 666 3709 730 τοὺς

2148 774 2536 848 εύαγγελιστὰς
2566 769 2982 841 καθεζομένους.

2235 955 2428 1028 Ἐρώτ.
2461 959 2567 1024 κη’.
2596 951 2661 1005 Τί
2698 951 2814 1002 ἐστι
2839 945 2899 1000 τό
2920 961 2933 975 ⁸
2963 963 2981 995 ι
3009 943 3081 996 Ού
3124 942 3378 1013 ποιήσετε
3420 935 3605 1008 σισόην
3648 936 3714 987 ἐκ

2150 1049 2250 1121 τῆς
2281 1048 2458 1119 κόμης
2488 1046 2586 1116 τῆς
2613 1040 2853 1111 κεφαλῆς
2887 1036 3076 1108 ύμῶν;
3107 1053 3126 1087 ι

2236 1116 2424 1193 Ἀπόκξ
2453 1136 2608 1198 Τινὲς
2639 1133 2729 1187 τὸν
2765 1129 2949 1200 σισόην
2989 1126 3162 1188 ἄλλως
3209 1122 3574 1195 ήρμὴνευσανθ
3604 1116 3715 1187 ἐγὼ

2154 1234 2212 1288 δὲ
2243 1228 2392 1302 οἶμαι
2420 1228 2516 1300 τὴν
2547 1225 2845 1296 άπόκαρσιν
2871 1221 2960 1273 τὸν
2984 1218 3143 1287 νόμον
3171 1211 3551 1282 ἀπαγορεύειν.
3579 1207 3718 1262 Εἰώ-

2159 1326 2282 1380 θασι
2301 1300 2418 1394 γὰρ
2458 1321 2506 1373 οἱ
2544 1317 2802 1386 ’Έλληνες
2830 1313 2902 1384 μὴ
2928 1309 3239 1378 ἀποκείρειν
3264 1305 3369 1358 τῶν
3395 1302 3590 1355 παίδων
3621 1300 3721 1364 τὰς

2158 1392 2422 1488 κορυφὰς,
2457 1411 2552 1465 καὶ
2593 1408 2721 1470 τοὺς
2775 1405 2978 1476 μαλοὺς
3021 1403 3136 1472 ὲᾷν,
3191 1399 3284 1452 καὶ
3314 1395 3536 1457 τούτους
3586 1392 3722 1464 μετὰ

2159 1508 2348 1582 χρόνον
2376 1501 2684 1558 ἀνατιθέναι
2711 1501 2821 1561 τοῖς
2851 1496 3118 1566 δαίμοσιν.

2244 1594 2436 1668 Ἐρώτ.
2499 1592 2601 1646 κθ’.
2657 1589 2756 1644 Διὰ
2803 1589 2854 1641 τί
2904 1585 3232 1656 ἐνεφύσησεν
3269 1584 3297 1636 6
3338 1579 3571 1652 Χριστὸς
3616 1579 3728 1642 τοῖς

2166 1687 2435 1761 μαθηταῖς
2471 1681 2634 1737 αὐτοῦ
2660 1681 2834 1750 λέγων
2859 1695 2872 1710 ο
2921 1696 2940 1729 ι
2979 1676 3190 1731 Λὰΰετε
3220 1673 3446 1744 Πνεῦμα
3479 1673 3667 1740 ἆγιον;
3705 1690 3723 1722 ι

2245 1777 2431 1831 Ἀπόκ.
2467 1776 2675 1846 Ὥσπερ
2701 1773 2793 1825 ἐπὶ
2819 1769 2913 1824 τοῦ
2936 1768 3136 1838 τυφλοῦ
3171 1767 3392 1835 ἐποίησε
3416 1763 3601 1834 πηλὸν,
3634 1761 3730 1815 καὶ

2168 1873 2424 1944 ὲπέχρισε
2455 1869 2583 1931 τοὺς
2609 1864 2919 1936 ὀφθαλμοὺς
2963 1859 3150 1924 αὑτοῦ,
3184 1860 3273 1912 ἵνα
3315 1855 3483 1928 δείξῃ,
3512 1856 3593 1908 ὄτι
3627 1854 3728 1906 αύ-

2165 1967 2258 2030 τός
2274 1943 2428 2017 ἐστιν
2453 1963 2481 2014 ό
2509 1960 2717 2024 πλάσας
2749 1955 2869 2011 κατ’
2903 1955 3078 2027 ἀρχὰς
3107 1952 3196 2006 τὸν
3225 1950 3506 2020 ἄνθρωπον
3537 1949 3602 2000 ὲκ
3631 1943 3727 1998 τοῦ

2169 2057 2342 2131 πηλοῦ
2360 2072 2373 2086 ·
2413 2056 2507 2108 τὸν
2535 2051 2698 2107 αὐτὸν
2721 2051 2785 2122 δὴ
2811 2048 3011 2122 τρόπον
3054 2046 3150 2100 καὶ
3179 2047 3292 2108 τοῖς
3356 2041 3617 2112 μαθηταῖς
3644 2041 3730 2091 ὲν-

2170 2151 2427 2222 εφύσησε,
2454 2147 2688 2210 δεικνὺς,
2736 2145 2817 2198 ὅτι
2857 2141 3016 2205 αύτός
3062 2143 3208 2193 ἐστιν
3236 2139 3264 2190 6
3295 2135 3418 2198 δοὺς
3446 2131 3613 2202 πνοὴν
3641 2130 3736 2184 καὶ

2171 2243 2316 2314 ζωὴν
2347 2243 2459 2304 τοῖς
2491 2236 2796 2309 ἀνθρώποις
2826 2233 2912 2286 διὰ
2950 2231 3044 2285 τοῦ
3078 2226 3308 2284 παλαιοῦ
3343 2223 3736 2295 ἐμφυσήματος

2171 2313 2438 2408 τοῦῗπρὸς
2490 2333 2582 2387 τὸν
2622 2330 2826 2400 Ἀδάμ·
2866 2324 3052 2380 Εἰπὼν
3099 2324 3155 2376 δὲ
3203 2322 3418 2381 αύτοίςο
3460 2335 3478 2366 ι
3531 2313 3739 2368 Λάϐετε

2174 2403 2398 2495 Πνεῦμα
2431 2425 2615 2490 ἅγιον·
2654 2438 2674 2471 ι
2716 2418 2913 2471 ἔδωκεν
2947 2415 3129 2476 αὐτοῖς
3175 2409 3420 2474 ἐξουσίαν
3459 2407 3552 2459 καὶ
3583 2403 3740 2474 χάριν

2175 2515 2263 2570 διὰ
2287 2492 2380 2567 τοῦ
2411 2511 2800 2583 ὲμφυσήματος
2832 2505 2967 2578 πρὸς
2986 2504 3046 2556 τὸ
3070 2501 3288 2572 ἀφιέναι
3317 2497 3607 2569 ἁμαρτίας.
3643 2492 3742 2545 Δια

2176 2607 2276 2678 τῆς
2311 2581 2703 2673 ἐπιφοιτήσεως
2755 2600 2812 2651 ὲν
2845 2599 2911 2668 τῇ
2959 2594 3089 2665 ἁγίᾳ
3116 2591 3462 2660 Πεντηκοστῇ
3509 2586 3608 2657 τὴν
3648 2581 3741 2635 τοῦ

2180 2697 2555 2770 βαπτίσματος
2595 2692 2690 2745 καὶ
2732 2687 2829 2760 τὴν
2861 2687 2969 2739 τῶν
3009 2683 3249 2756 σημείων
3286 2681 3568 2752 ἐνέργειαν
3604 2691 3744 2744 παρ-

2180 2766 2312 2861 εῖχε.
2363 2786 2453 2840 Διό
2505 2799 2667 2855 φησιν
2697 2798 2710 2812 ⁸
2772 2800 2790 2832 ι
2855 2779 3042 2850 ’Υμεῖς
3090 2775 3146 2828 δὲ
3199 2766 3632 2843 βαπτισθήσεσθε
3687 2769 3745 2817 ὲν

2181 2855 2458 2952 Πνεύματι
2481 2877 2641 2947 ἁγίῳ,
2668 2875 2763 2928 καὶ
2788 2870 3023 2943 λήψεσθε
3055 2868 3280 2937 δύναμιν
3306 2861 3622 2922 ἐπελθόντος
3652 2855 3745 2910 τοῦ

2183 2975 2340 3044 ἁγίου
2388 2970 2705 3040 Πνεύματος
2747 2966 2831 3036 ἐφ’
2868 2966 3031 3036 ὑμᾶς.
3065 2981 3084 3013 ι
3126 2959 3240 3030 Πρὸ
3263 2957 3372 3028 γὰρ
3412 2954 3506 3009 τοῦ
3541 2952 3746 3012 πάθους

2182 3040 2282 3118 ούκ
2321 3064 2380 3116 ὲν
2413 3059 2689 3130 Πνεύματι
2733 3056 2871 3126 ἁγίῳ
2916 3054 3013 3117 τὰς
3053 3051 3223 3113 ἰάσεις
3272 3047 3484 3100 ἐποίουν
3514 3045 3562 3098 οἱ
3615 3040 3748 3096 ἁπό-

2187 3155 2394 3219 στολοι,
2452 3151 2586 3207 ἀλλὰ
2632 3153 2699 3222 τῇ
2749 3146 2899 3219 παρὰ
2949 3145 3042 3198 τοῦ
3091 3141 3325 3214 Χριστοῦ
3380 3137 3598 3207 ἐξουσίᾳ.
3656 3135 3751 3189 καὶ

2189 3245 2502 3321 προστάξει.
2538 3263 2556 3296 ι
2595 3242 2762 3296 Οὔπω
2802 3240 2910 3311 γὰρ
2940 3234 3007 3309 ἦν
3046 3235 3270 3305 Πνεῦμα
3305 3234 3479 3300 ἅγιον,
3517 3232 3599 3282 ὅτι
3649 3230 3753 3297 ἰη-

2191 3340 2316 3402 σοῦς
2343 3336 2553 3390 οὐδέπω
2586 3331 2864 3401 ἐδοξάσθη.
2907 3349 2925 3382 ι
2971 3324 3290 3391 Δεδόξασται
3321 3324 3377 3377 δὲ
3418 3321 3660 3393 ἐγερθεὶς
3690 3322 3754 3372 ὲκ

2190 3431 2421 3502 νεκρῶν.
2475 3427 2700 3498 Πνεῦμα
2730 3425 2786 3478 δὲ
2834 3424 2986 3492 ἅγιον
3021 3417 3298 3490 ὀνομάζων
3331 3415 3392 3470 ού
3448 3414 3541 3468 τοῦ
3596 3412 3753 3480 ἁγίου

2191 3522 2508 3594 Πνεύματος
2539 3521 2636 3590 τὴν
2684 3517 3005 3570 ὑπόστασιν·
3047 3511 3176 3566 αύτὸ
3205 3509 3312 3580 γὰρ
3351 3504 3418 3580 ἦν
3443 3524 3501 3560 τε
3545 3507 3633 3560 ἀεὶ
3661 3505 3758 3560 καὶ

2193 3615 2306 3668 ἔστι
2355 3613 2448 3667 καὶ
2493 3611 2664 3673 ἔσται,
2717 3605 2851 3660 ἀλλὰ
2877 3605 2935 3658 τὸ
2970 3602 3064 3656 τοῦ
3095 3600 3248 3669 ἁγίου
3292 3596 3612 3666 Πνεύματος
3661 3595 3760 3665 xti-

2195 3725 2385 3782 ρισμα,
2429 3707 2565 3776 ὅπερ
2594 3700 2736 3757 κατὰ
2771 3701 2870 3769 τὴν
2903 3696 3133 3766 δεκάτην
3172 3693 3382 3764 ἡμέραν
3418 3689 3518 3759 τῆς
3560 3687 3759 3756 ἀναλή-

2193 3778 2367 3870 ψεως,
2408 3791 2780 3866 πεντηκοστὴν
2825 3789 2881 3842 δὲ
2927 3788 3028 3859 τῆς
3076 3784 3454 3844 ἀναστάσεως,
3497 3781 3590 3832 ἐπὶ¹
3635 3778 3760 3840 τοὺς

2196 3889 2430 3965 Χριστοῦ
2464 3887 2708 3960 μαθητὰς
2735 3881 3141 3952 κατεφοίτησεν.

2279 3959 2476 4052 Ἐρώτ.
2513 3977 2576 4029 λ’.
2629 3974 2725 4038 Τίς
2776 3975 2921 4025 ἐστιν
2965 3970 2994 4021 ὁ
3039 3965 3229 4040 κριτὴς
3278 3964 3376 4035 τῆς
3437 3961 3686 4022 ἀδικίας,
3734 3959 3762 4010 ό

2201 4047 2353 4147 μήτε-
2366 4071 2454 4125 τὸν
2475 4069 2603 4122 Θεὸν
2634 4057 2986 4136 φοϐούμενος,
3028 4060 3164 4132 μήτε
3196 4055 3481 4127 ἄνθρωπον
3513 4047 3764 4121 ἐντρεπό⁴

2203 4183 2360 4239 μενος
2383 4181 2398 4230 ;

2282 4229 2469 4313 Ἀπόκ.
2507 4253 2564 4306 Ὀ
2593 4249 2751 4312 Θεός·
2790 4245 2913 4300 οῦτε
2941 4241 3049 4315 γὰρ
3090 4238 3221 4293 Θεὸν
3264 4236 3398 4306 ἔχει,
3428 4234 3487 4287 ὂν
3527 4229 3768 4300 φοϐηθή-

2203 4367 2373 4414 σεται,
2415 4345 2536 4400 οὔτε
2565 4342 2847 4412 ἄνθρωπον
2880 4334 3298 4407 ὲντραπήσεται.
3347 4347 3364 4378 ι
3403 4327 3562 4395 Χήρα
3596 4321 3654 4374 δέ
3686 4336 3768 4381 τις

2200 4441 2268 4516 ἦν
2289 4410 2437 4510 ἐν’τῇ
2486 4410 2718 4491 πόλει.)
2767 4429 2862 4493 Τίς
2890 4428 2947 4481 δὲ
2987 4427 3020 4497 ἡ
3054 4425 3199 4495 χήρα
3234 4419 3456 4486 ἐκείνη;
3499 4416 3532 4484 ἡ
3570 4410 3768 4472 παντὸς

534 4506 642 4521 η...
765 4506 826 4519 ν..
857 4506 1076 4518 -...-..--
1119 4506 1270 4515 .--η
1301 4506 1544 4528 τμη-,ηπ
1733 4506 1767 4517 _

533 4557 640 4613 dua
667 4556 790 4614 est?
817 4555 998 4610 anima
1046 4552 1315 4622 cujusque
1355 4546 1614 4610 hominis,
1669 4558 1788 4614 quae
1823 4540 2080 4596 diabolun

2203 4506 2490 4606 ανθρώπου
2513 4525 2681 4597 ψυχὴ,
2712 4525 2747 4594 ἦ
2779 4537 2908 4574 ποτε
2939 4518 3030 4570 τὸν
3071 4514 3314 4569 διάϐολον
3346 4508 3513 4578 ἄνδρα
3548 4506 3766 4575 ἔχουσα,

535 4648 827 4721 aliquando
875 4647 1130 4702 maritum
1172 4642 1395 4698 habuit:
1426 4655 1536 4712 quo
1583 4637 1887 4708 repudiato,
1939 4632 2100 4686 Chri-

535 4751 681 4798 stum
718 4758 784 4797 ex
819 4740 999 4794 animo
1039 4735 1456 4806 complectitur:
1488 4732 1651 4786 vidua
1695 4738 1800 4792 est,
1842 4743 1903 4782 ac
1933 4739 2100 4780 orans

536 4841 696 4889 nocte
741 4834 938 4901 dieque
973 4831 1213 4900 judicent
1242 4827 1588 4898 deprecatur,
1621 4833 1668 4878 et
1703 4823 1894 4892 lugens
1920 4817 2052 4872 dicit
2082 4835 2095 4870 :

543 4945 561 4978 ι
588 4925 815 4982 Vindica
846 4939 932 4981 me
961 4923 1028 4979 de
1056 4920 1371 4977 adversario
1402 4932 1523 4974 meo
1541 4917 1606 4969 ⁵⁷.
1639 4935 1656 4967 ι

605 5105 826 5172 Ωοεετ.
862 5100 1058 5158 XXXI.
1097 5099 1232 5165 Quis
1257 5103 1439 5152 autem
1470 5099 1554 5149 est
1583 5089 1971 5145 adversarius?

606 5197 768 5253 lisse.
809 5193 1089 5256 Diabolus,
1130 5190 1224 5261 qui
1272 5207 1291 5240 ι
1319 5194 1584 5254 tanquam
1617 5183 1703 5237 leo
1738 5180 1964 5250 rugiens
1988 5181 2102 5232 cir-

536 5291 669 5352 cuit,
693 5302 945 5358 quaerens
973 5299 1136 5354 quem
1169 5281 1394 5337 devoret
1409 5277 1478 5334 “.
1514 5295 1533 5329 ι

606 5381 828 5447 ρυεετ.
897 5374 1114 5431 XXXII.
1183 5371 1328 5439 Quid
1405 5378 1588 5424 autem
1663 5369 1801 5423 dixit
1868 5368 2034 5438 judex
2094 5386 2106 5421 :

541 5491 559 5522 ‹
584 5471 812 5527 Etiamsi
854 5485 966 5525 non
1008 5470 1230 5523 timeam
1260 5463 1453 5528 Deum,
1504 5475 1606 5516 nec
1641 5461 1916 5514 hominem
1957 5475 2111 5515 reve-

608 5586 651 5622 δι
690 5588 905 5657 Philipp

538 5675 706 5725 “tu,
741 5659 793 5713 5.
836 5649 914 5689 ’⁵⁷
952 5649 1083 5710 ibid.
1159 5653 1205 5685 “
1241 5653 1260 5705 I
1291 5651 1434 5710 l’ctr.
1473 5668 1522 5714 γ,
1557 5649 1612 5702 8.

912 5628 925 5640 .
960 5602 1035 5650 ιι,
1069 5584 1121 5638 8.
1193 5584 1239 5614 ’⁸⁸
1277 5582 1448 5637 Levit.
1485 5595 1614 5650 χιιι,
1652 5578 1736 5631 l7.
1813 5580 1858 5610 “
1895 5579 2051 5635 Joan.
2082 5573 2186 5643 xx,
2236 5574 2327 5629 22.

2204 4601 2670 4694 καὶ-ἀπορρίψασα
2715 4615 2897 4675 αύτὸν,
2930 4611 3020 4664 τὸν
3057 4608 3114 4661 δὲ
3156 4601 3386 4676 Χριστὸν
3425 4602 3770 4668 ὲνστερνισα-

2209 4718 2364 4792 μένη,
2393 4687 2547 4785 χῆῥοέ
2565 4708 2842 4778 τυγχάνει,
2879 4703 2972 4756 καὶ
3012 4701 3186 4752 δέεται
3223 4693 3342 4748 καθ’
3373 4691 3610 4758 ἑκάστην
3636 4687 3771 4757 ἡμέ-

2209 4827 2307 4884 ραν
2334 4808 2430 4861 καὶ
2458 4803 2650 4865 νύκτα,
2686 4798 2777 4851 τὸν
2813 4793 3003 4866 κριτὴν
3039 4783 3429 4860 παρακαλοῦσα
3472 4777 3773 4847 καὶόδυρο-

2211 4871 2347 4976 μένη
2374 4901 2467 4955 καὶ
2498 4898 2760 4965 λέγουσα·
2800 4909 2818 4940 ‹
2867 4883 3181 4955 Ἐκδίκησόν
3213 4898 3279 4952 με
3318 4877 3426 4932 ἀπὸ
3454 4875 3547 4929 τοῦ
3582 4871 3775 4928 ἀντιδί-

2207 5013 2305 5050 κου
2335 5009 2457 5065 μου.
2495 5009 2512 5041 ι

2291 5063 2481 5156 Ἑρώτ.
2505 5082 2608 5134 λα’.
2643 5077 2738 5140 Τίς
2765 5075 2821 5128 δέ
2855 5073 3003 5125 ἐστιν
3029 5069 3058 5120 ό
3091 5063 3393 5124 ἀντίδικοςς

2291 5153 2479 5235 Ἀπόκ.
2518 5176 2575 5228 '0
2598 5169 2862 5238 διάϐολος,
2886 5168 2914 5219 6
2965 5181 2982 5213 ι
3015 5162 3090 5225 ὼς
3119 5159 3254 5212 λέων
3279 5153 3593 5226 ὼρυόμενος
3625 5163 3779 5219 περι-

2209 5272 2418 5334 πατῶν,
2456 5265 2635 5338 ζητῶν
2671 5262 2792 5315 τίνα
2822 5253 3086 5324 καταπίῃ.
3125 5269 3143 5301 ι

2292 5327 2485 5434 Ἐριθτῖ
2511 5327 2617 5427 ’λβκ
2664 5352 2729 5406 Τί
2771 5350 2828 5403 δὲ
2865 5343 3016 5400 εἶπεν
3054 5345 3082 5395 ὁ
3123 5338 3350 5408 κριτήςο
3393 5353 3410 5384 ι
3454 5333 3517 5384 Εἰ
3558 5330 3652 5384 καὶ
3697 5327 3781 5379 τὸν

2208 5456 2338 5510 Θεὸν
2383 5453 2445 5504 ού
2495 5444 2786 5519 φοϐοῦμαι,
2822 5440 2916 5494 καὶ
2942 5436 3230 5507 ἄνθρωπον
3279 5428 3378 5481 οὐκ
3427 5423 3782 5496 ἐντρέπομαι,

2432 5567 2479 5600 ⁸⁸
2517 5566 2636 5621 Act.
2677 5579 2729 5629 ι,
2763 5560 2818 5615 8.
2919 5557 2965 5588 “
3004 5552 3164 5608 Joan.
3220 5562 3293 5602 \‘ll
3319 5584 3334 5610 ,
3388 5541 3478 5597 59.
3571 5538 3618 5572 “
3656 5537 3784 5591 Luc.

610 5814 720 5888 (8|)
755 5813 880 5867 llaec
903 5819 985 5867 est
1018 5808 1247 5880 quaestio
1270 5805 1340 5860 28
1367 5801 1692 5859 Theodoreti
1721 5801 1771 5852 in
1807 5797 1968 5851 Lcrit.
2000 5794 2188 5850 iisdem
2221 5793 2332 5848 fere
2361 5787 2562 5845 verbis.
