4088 6382
386 350 479 406 721

1742 357 2199 426 ρυλεετιοΝΕε
2238 357 2308 412 ιΝ
2345 357 2412 414 Ν.
2453 356 2517 415 Τ.

3495 356 3601 411 722

382 466 494 523 ἀλλ’
536 459 630 520 οὖν
668 465 940 538 ἐκδικήσω
980 466 1151 540 αὐτὴν
1176 510 1193 537 ,
1242 470 1329 524 ἵνα
1393 471 1469 544 μὴ
1522 472 1788 544 ἐρχομένη
1833 475 1936 527 ὑπ-

2041 487 2184 536 rear,
2213 471 2502 527 vindicabo
2530 479 2711 526 tamen
2740 485 2883 538 eam,
2936 485 3007 527 ne
3043 469 3265 528 veniens
3303 484 3390 526 me
3435 472 3601 541 sugil-

378 556 590 631 ωπιάξῃ
625 575 712 628 με.
740 577 759 610 ι
778 558 888 612 Καὶ
920 561 1171 632 ἐπιφέρει
1193 563 1222 615 6
1244 562 1446 635 Κύριος
1469 565 1662 634 λέγων’
1695 583 1714 617 ι
1749 564 1938 619 ’Δκού-

384 666 527 712 σατε,
549 649 601 702 τί
621 649 768 718 λέγει
793 652 820 703 ό
854 652 1046 723 κριτὴς
1073 653 1170 724 τῆς
1189 653 1420 720 ἀδικίας,
1458 677 1475 709 ι
1504 660 1531 710 6
1550 658 1679 721 Θεός
1703 675 1716 688 ·
1753 658 1938 729 ἐπειδὴ

379 743 547 814 κρίνει
580 745 674 798 καὶ
708 745 1024 816 κατακρίνει
1066 748 1191 811 τοὺς
1243 747 1481 812 ἀδίκους.
1524 767 1542 800 ι
1578 749 1780 819 Δικαίῳ
1831 746 1937 818 γὰρ

380 837 536 908 νόμος
563 839 623 890 οὐ
657 841 852 892 κεῖται.
887 859 906 891 ι

458 927 645 998 Ἐρὼτ.
683 929 786 998 λγθ.
823 929 948 994 Πῶς
973 930 1210 1001 νοητέον,
1247 933 1330 985 ὃτι
1366 951 1386 985 ι
1440 932 1499 986 '0
1534 932 1670 1003 ἔχων
1703 933 1935 1004 ἱμάτιον,

379 1016 676 1087 πωλησάτω
705 1019 854 1083 αὐτὸ,
883 1020 977 1073 καὶ
1002 1020 1326 1092 ἀγορασάτω
1360 1025 1663 1094 μάχαιραν;
1707 1043 1726 1077 ι

457 1191 642 1246 ’Δπόκ.
680 1190 850 1245 Τοῦτο
880 1188 998 1246 εἷπε
1028 1196 1292 1266 γνωρίσαι
1323 1195 1488 1250 θέλων
1522 1201 1550 1252 6
1593 1199 1797 1271 Κύριος
1829 1204 1939 1265 τοῖς

379 1279 691 1344 ἀποστόλοις
722 1281 820 1354 τὴν
854 1283 1142 1354 προδοσίαν
1165 1284 1351 1350 αὐτοῦ,
1383 1287 1476 1340 καὶ
1497 1288 1596 1358 τὴν
1618 1287 1805 1357 ἔφοδον
1832 1288 1938 1343 τῶν

391 1370 671 1425 Ἰουδαίων.
707 1372 842 1426 Οὔτε
870 1370 962 1428 οὖν
993 1375 1212 1440 τελείως
1256 1379 1696 1451 παρεσιώπησεν,
1749 1384 1835 1437 ἴνα
1863 1383 1938 1456 μὴ

377 1464 439 1532 τῇ
479 1461 649 1535 ἀθρόᾳ
677 1464 852 1535 ἐφόδῳ
874 1467 1234 1538 ταραχθῶσιν,
1268 1469 1389 1523 οὔτε
1420 1472 1579 1525 πάλιν
1621 1474 1838 1540 τελείως
1885 1478 1940 1530 ὲ·

379 1552 656 1625 γνώρισεν,
692 1557 779 1609 ἵνα
806 1558 881 1628 μὴ
915 1557 1088 1631 δειλίᾳ
1115 1561 1220 1614 τινὶ
1249 1563 1669 1634 κατασχεθῶσιν.

455 1726 642 1799 Ἐρὼτ.
669 1730 765 1784 λδό
794 1732 916 1798 Πῶς
947 1735 980 1788 ό
1000 1735 1192 1804 φιλῶν
1216 1736 1328 1806 τὴν
1361 1739 1574 1809 ψυχὴν
1606 1741 1792 1798 αὑτοῦ
1827 1743 1938 1798 ἀπ·-

376 1820 573 1876 ολέσει
601 1821 833 1889 αὑτήν;

457 1913 642 1993 Ἀπόκ.
682 1915 742 1968 '0
770 1915 869 1986 μὲν
895 1916 1064 1985 φιλῶν
1085 1918 1182 1990 τὴν
1204 1919 1378 1992 ψυχὴν
1405 1921 1570 1976 αὐτοῦ
1601 1923 1749 1980 ἐστιν
1781 1927 1809 1978 6
1835 1926 1936 1990 τὰς

376 2004 607 2069 ἀτόπους
633 2006 931 2078 ἐπιθυμίας
970 2009 1136 2063 αὑτοῦ
1177 2012 1376 2066 ποιῶν·
1409 2015 1438 2067 6
1475 2015 1530 2068 δὲ
1561 2016 1730 2086 μισῶν
1764 2018 1934 2090 αὑτήν

375 2096 518 2150 ἐστιν
549 2099 578 2150 6
607 2098 681 2169 μὴ
710 2098 872 2152 εἴκων
903 2101 1040 2172 αὐτῇ
1079 2101 1147 2155 τά
1195 2103 1502 2172 βλάπτοντα
1543 2107 1838 2180 κελευούσῃ
1863 2126 1876 2139 ·
1908 2111 1936 2163 6

375 2185 430 2238 δὲ
461 2185 628 2241 θέλων
683 2187 854 2258 αὐτὴν
881 2188 1140 2243 ἀπολέσαι
1171 2192 1288 2245 ἐστὶ
1317 2193 1467 2264 παρά
1493 2194 1556 2246 τὸ
1581 2194 1698 2248 δέον
1727 2197 1790 2248 ἐκ
1826 2194 1935 2250 τῶν

375 2278 750 2351 ἐπερχομένων
782 2279 918 2350 αὐτῇ
972 2280 1230 2336 κινδύνων
1278 2284 1372 2338 καὶ
1418 2284 1648 2355 θλίψεων
1688 2287 1780 2341 καὶ
1813 2305 1934 2340 πει-

377 2369 598 2439 ρασμῶν
638 2369 919 2438 διαφυγεῖν
963 2371 1265 2443 ἐφιέμενος.
1320 2376 1528 2449 Ὥσπερ
1567 2373 1660 2433 οὖν
1701 2381 1794 2433 καὶ
1834 2381 1935 2452 τὴν

374 2461 512 2533 ὑπὲρ
543 2461 708 2515 αὐτοῦ
759 2465 816 2517 ὲν
859 2467 971 2528 τοῖς
1016 2465 1280 2530 κινδύνοις
1329 2469 1620 2540 γινομένην
1662 2470 1934 2527 ἀπώλειαν

375 2553 643 2624 σωτηρίαν
672 2554 986 2627 ὠνόμασεν·
1027 2557 1198 2622 οὕτως
1229 2560 1448 2632 εὑρήσει
1480 2562 1650 2634 αὐτὴν
1678 2565 1758 2628 είς
1789 2564 1934 2636 ζωὴν

375 2644 469 2716 τὴν
509 2645 746 2699 αίώνιον.

453 2735 642 2807 Ἐρώτ.
683 2735 776 2789 λε’.
814 2737 878 2788 Τί
909 2738 1056 2792 ἐστιν
1077 2755 1091 2770 ο
1133 2756 1153 2790 ι
1200 2740 1324 2795 Ἐἀν
1357 2743 1386 2796 ό
1418 2740 1588 2808 δεξιός
1613 2760 1705 2798 σου
1733 2745 1932 2815 ὀφθαλ-

377 2827 490 2897 μὸς,
521 2828 555 2899 ἢ
594 2830 620 2899 ἡ
653 2829 776 2900 χείρ
805 2846 900 2882 σου
927 2830 1266 2897 σκανδαλίζει
1294 2850 1373 2899 σε,
1407 2833 1655 2905 ἔκκοψον,
1684 2839 1776 2891 καὶ
1805 2838 1933 2910 βάλε

373 2919 476 2972 ἀπὸ
503 2919 630 2986 σοῦς
674 2939 694 2972 ι

455 3013 641 3068 ’Λπόκ.
686 3015 763 3068 Οὐ
804 3017 933 3088 περὶ
975 3016 1083 3072 τῶν
1120 3018 1295 3090 μελῶν
1329 3019 1422 3073 τοῦ
1473 3021 1721 3094 σώματος
1778 3023 1935 3079 τοῦτο

374 3102 586 3174 εἴρηκεν
641 3109 669 3160 6
715 3107 953 3179 Κύριος⁶
989 3109 1206 3180 ἀπαγεί
1269 3113 1405 3166 ἀλλά
1451 3116 1577 3186 περὶ
1623 3115 1788 3185 φίλων
1842 3118 1933 3171 καὶ

375 3171 680 3263 συγγενῶν
715 3171 852 3269 μέλη
882 3200 990 3272 γάρ
1021 3171 1262 3273 ἀλληλων
1303 3204 1487 3275 ἐσμέν.
1525 3171 1652 3259 ξεάᾆ
1675 3203 1790 3275 οὖν,
1828 3226 1933 3280 φη-
1960 3171 2007 3235 c

375 3287 475 3351 civ,
509 3287 640 3359 ἔχῃς
673 3290 827 3360 φίλον
853 3293 948 3345 καὶ
982 3294 1215 3366 συγγενῆ
1240 3296 1531 3365 ἀναγκαῖόν
1569 3316 1652 3351 σοι
1682 3299 1828 3364 ὄντα,
1862 3302 1938 3365 ὡς

370 3377 537 3446 δεξιὸν
565 3382 842 3453 ὀφθαλμὸν
875 3384 908 3455 ἢ
935 3389 1090 3457 χεῖρα
1109 3404 1123 3416 ·
1158 3387 1298 3441 κατά
1323 3389 1382 3441 τὸ
1408 3390 1692 3462 εἰρημένον
1717 3392 1821 3445 ὑπὸ
1843 3392 1936 3446 τοῦ

384 3470 524 3536 Ἰὼϐ,
551 3474 633 3526 ὃτι
683 3493 703 3524 ι
753 3474 1057 3548 Ὀφθαλμὸς
1086 3479 1232 3549 ἤμην
1274 3481 1508 3549 τυφλῶν,
1562 3483 1697 3548 ποῦς
1737 3485 1792 3538 δὲ
1832 3505 1940 3556 χω-

370 3559 472 3613 λῶν
491 3580 504 3592 ·
542 3583 560 3614 ι
597 3565 692 3618 καὶ
723 3565 852 3630 ἴδοις
883 3569 1072 3622 ἑαυτὸν
1108 3569 1473 3642 βλαπτόμενον
1505 3573 1605 3646 τὴν
1633 3575 1810 3646 ψυχὴν
1843 3577 1934 3631 ὑπ’

371 3656 553 3722 αὐτοῦ,
581 3658 815 3729 ἔκκοψον
855 3662 1014 3715 αὑτὸν
1043 3663 1149 3718 ἀπὸ
1184 3663 1276 3716 σοῦ
1296 3681 1309 3694 ⁶
1342 3665 1564 3736 οὐδεμία
1605 3667 1712 3737 γὰρ
1749 3686 1939 3724 κοινω-

369 3745 454 3800 νία
485 3750 628 3818 φωτὶ
658 3751 792 3822 πρὸς
814 3752 1023 3818 σκότος,
1056 3754 1286 3825 μάλιστα
1312 3756 1406 3810 ὲάν
1440 3757 1778 3830 ὑποκρίσεώς
1797 3776 1939 3825 τινος

370 3839 461 3893 καὶ
484 3841 635 3894 δόλου
671 3843 989 3914 μετέχωσιν.

437 3931 539 3984 Τοῦ
567 3933 954 4006 Χρυσοστόμου
980 3936 1086 4001 λς’.
1118 3939 1294 4009 Συκῆν
1323 3935 1436 4011 εἶχέ
1459 3959 1545 4006 τις
1572 3945 1630 3996 ὲν
1650 3944 1730 4017 τῷ
1760 3945 1941 4017 ἀμπε-

370 4021 492 4075 λῶνι
527 4023 716 4089 αὐτοῦ,
768 4028 860 4080 καὶ
893 4024 1024 4100 ἦλθε
1072 4027 1249 4102 ζητῶν
1285 4032 1344 4086 ὲν
1383 4035 1518 4107 αὐτῇ
1566 4038 1810 4109 καρπὸν,
1845 4040 1938 4094 καὶ

368 4115 461 4186 οὐχ
486 4110 665 4185 εὗρεν.

445 4207 636 4261 Ἀπόκ.
668 4209 849 4280 Συκῆν
874 4209 995 4274 ἔθος
1021 4215 1086 4284 τῇ
1116 4213 1306 4286 Γραφῇ
1341 4215 1526 4271 καλεῖν
1548 4219 1648 4290 τὴν
1676 4220 1732 4274 ὲν
1759 4222 1940 4294 ἀμαρ-

367 4297 506 4364 τίαις
533 4301 743 4372 ψυχήψ
775 4304 1073 4373 ἀμπελῶνα
1093 4305 1150 4359 δὲ
1179 4307 1278 4378 τὴν
1313 4308 1422 4361 τῶν
1464 4311 1672 4365 πιστῶν
1709 4313 1938 4386 Ἐκκλησ-

370 4388 486 4442 σίαν
505 4407 518 4420 ”
553 4392 972 4463 ἀμπελουργοὺς
1003 4394 1058 4446 δὲ
1081 4395 1206 4459 τοὺς
1239 4397 1523 4465 ἀγγέλους.
1567 4401 1718 4455 Ἐπεὶ
1749 4397 1843 4456 οὖν
1881 4406 1939 4458 ὲν

2041 563 2114 617 let
2135 562 2204 617 ".
2231 581 2250 614 ι
2281 562 2350 615 Ει
2381 561 2565 616 subdit
2591 559 2874 626 Dominus,
2905 559 3091 615 dicens
3117 578 3130 614 :
3168 578 3186 612 ι
3214 559 3430 626 Audite,
3465 559 3598 631 quid

2038 655 2186 710 dicat
2223 655 2388 724 judex
2425 653 2731 724 iniquitatis
2755 653 2822 718 ⁵⁸,
2855 670 2873 704 ι
2921 650 3061 707 Deus
3106 651 3348 720 scilicet;
3379 651 3600 722 iniquos

2037 747 2181 801 enim
2231 747 2440 816 judicat
2487 755 2541 801 et
2587 744 2938 800 condemnat.
2992 741 3196 798 «Iusto
3247 758 3483 814 namque
3512 743 3602 798 lex

2037 854 2145 893 non
2176 845 2260 892 est
2289 837 2465 906 posita
2482 837 2549 888 ⁵¹.
2567 856 2585 889 ι

2113 928 2333 996 ρυεετ.
2378 926 2617 982 XXXIII.
2675 925 2956 994 Quomodo
3007 925 3140 981 illud
3189 921 3597 995 intelligendum

2038 1030 2162 1079 est:
2202 1041 2220 1073 ι
2250 1021 2355 1088 Qui
2403 1020 2626 1092 pallium
2672 1020 2866 1088 habet,
2927 1019 3126 1076 vendat
3179 1025 3235 1075 et
3295 1025 3442 1073 emat
3483 1016 3598 1088 glao

2036 1117 2186 1171 dium
2203 1116 2293 1168 “?
2325 1135 2344 1168 ι

2111 1204 2276 1260 Resp.
2316 1203 2432 1259 Hoc
2463 1203 2586 1260 ideo
2613 1202 2749 1257 dixit
2772 1201 3057 1264 Dominus,
3087 1206 3148 1254 ut
3181 1197 3446 1270 apostolis
3468 1211 3598 1266 proo

2037 1297 2298 1354 ditionem
2331 1296 2432 1352 sibi
2463 1296 2809 1358 intentatam,
2848 1303 3033 1348 notam
3063 1293 3285 1355 faceret,
3319 1300 3374 1346 et
3399 1290 3600 1345 adven-

2038 1399 2152 1443 tum
2181 1387 2515 1443 Judaeorum.
2567 1386 2710 1457 Ergo
2747 1385 2880 1440 illud
2928 1399 3028 1440 nec
3055 1383 3281 1438 omnino
3313 1379 3596 1444 subticuit,

2038 1497 2106 1536 ne
2129 1481 2419 1551 repentino
2443 1479 2617 1535 turbae
2643 1479 2878 1534 adventu
2914 1483 3271 1538 terrerentur,
3302 1488 3403 1528 nec
3434 1471 3600 1528 etiam

2041 1573 2258 1644 penitus
2285 1572 2396 1627 illis
2440 1571 2701 1626 indicavit
2722 1572 2928 1634 omnia,
2958 1584 3028 1622 ne
3051 1567 3459 1637 corriperentur
3500 1562 3600 1617 ali-

2036 1669 2344 1820 (Infinit-3..
2377 1717 2615 1807 XXXIV.
2655 1749 2938 1817 Quomodo
2977 1766 2996 1800 ι
3025 1747 3118 1820 qui
3171 1753 3317 1799 amat
3363 1742 3601 1798 animam

1964 1819 2008 1876 Β
2040 1819 2219 1909 suam,
2260 1844 2450 1913 perdet
2482 1858 2600 1897 eam
2621 1842 2703 1896 ⁸³⁸2
2730 1860 2749 1894 ι

2112 1933 2279 1990 Rssr.
2331 1934 2380 1990 ls
2413 1934 2653 2006 quidem,
2681 1933 2774 2003 qui
2823 1948 2977 1988 suam
3022 1939 3169 1986 amat
3221 1930 3483 1990 animam,
3519 1932 3601 1980 est

2039 2027 2135 2098 qui
2183 2026 2452 2081 absurdas
2490 2023 2966 2094 concupiscentiae
2999 2038 3128 2076 suas
3164 2025 3459 2091 perpetrat.
3498 2015 3602 2084 Qui

2038 2133 2168 2173 vero
2197 2117 2312 2173 odit
2342 2132 2487 2182 eam,
2529 2123 2614 2172 est
2666 2115 2758 2185 qui
2791 2113 2896 2184 ipsi
2940 2113 3102 2167 noxia
3127 2111 3341 2181 jubenti
3380 2109 3602 2164 minime

2040 2211 2204 2266 cedit.
2239 2209 2343 2276 Qui
2385 2218 2566 2263 autem
2609 2208 2844 2262 animam
2878 2221 3031 2261 suam
3062 2204 3178 2259 vult
3211 2201 3459 2274 perdere,
3518 2209 3599 2257 est

2040 2301 2133 2373 qui
2169 2300 2508 2356 imminentia
2539 2298 2804 2368 pericula,
2837 2295 3156 2350 aﬁlictiones
3183 2300 3238 2348 et
3273 2292 3601 2348 tentationes

2039 2393 2146 2447 alio
2176 2405 2339 2462 quam
2370 2404 2469 2460 par
2517 2389 2590 2444 sit
2635 2387 2795 2442 modo
2832 2385 3070 2456 eﬁ‘ugere
3118 2383 3290 2454 cupit.
3325 2381 3395 2436 Ut
3438 2381 3601 2452 igit'u
3689 2455 3692 2460 _

2039 2490 2268 2538 mortem
2291 2483 2344 2536 in
2375 2479 2636 2551 periculis
2667 2478 2752 2535 sui
2781 2492 2946 2533 causa
2991 2483 3330 2545 susceptam,
3370 2475 3601 2530 salutem

2038 2571 2286 2636 vocavit;
2329 2570 2405 2624 ita
2448 2575 2658 2624 certum
2704 2575 2787 2622 est
2813 2581 2938 2621 eum
2975 2565 3122 2619 illam
3167 2564 3221 2618 in
3252 2563 3362 2617 vita
3403 2570 3600 2618 aeterna

2039 2661 2404 2717 inventurum.

2105 2751 2327 2819 Qunzs'r.
2359 2750 2577 2808 XXXV.
2617 2749 2888 2817 Quidnam
2934 2756 3018 2804 est
3055 2747 3186 2804 illud
3217 2765 3228 2800 ι
3261 2765 3280 2797 ι
3317 2744 3374 2800 Si
3411 2745 3599 2801 oculus

2038 2850 2167 2899 tuus
2209 2842 2417 2907 dexter,
2471 2851 2564 2897 aut
2614 2855 2809 2895 manus
2857 2847 2946 2894 tua
3008 2837 3346 2894 scandalizat
3384 2847 3458 2902 te,
3501 2837 3594 2892 ab-

2039 2936 2249 3002 scinde,
2280 2945 2333 2991 et
2361 2935 2566 3006 projice
2597 2935 2694 2990 abs
2723 2932 2880 2990 te”?
2910 2951 2930 2985 ι

2115 3025 2277 3081 Rssr.
2325 3024 2444 3080 Non
2480 3024 2546 3079 de
2595 3024 2853 3080 membris
2900 3022 3149 3094 corporis
3196 3022 3300 3078 hoc
3331 3023 3468 3081 dixit
3498 3025 3599 3081 Do-

2040 3119 2244 3180 minus,
2274 3117 2442 3172 absit!
2493 3115 2588 3172 sed
2621 3117 2689 3172 de
2728 3115 2919 3170 amicis
2953 3121 3008 3169 et
3039 3114 3324 3184 cognatis:
3358 3115 3600 3171 membra

2038 3221 2270 3276 namque
2319 3222 2509 3262 sumus
2559 3206 2814 3260 invicem.
2871 3203 2928 3258 Si
2970 3205 3155 3274 igitur,
3192 3204 3388 3274 inquit,
3435 3205 3602 3260 habes

2038 3297 2272 3353 amicum
2317 3303 2411 3351 aut
2453 3304 2764 3368 cognatum,
2793 3294 2953 3364 cujus
2983 3303 3131 3350 tanta
3163 3296 3260 3350 tibi
3311 3297 3382 3350 sit
3415 3311 3585 3352 neces-

2038 3390 2194 3457 sitas,
2225 3397 2430 3459 quanta
2456 3389 2541 3444 vel
2569 3388 2777 3444 dexteri
2806 3387 2882 3441 tui
2905 3387 3065 3457 262
3083 3387 3227 3442 oculi
3259 3388 3346 3442 vel
3374 3403 3600 3455 manus,

2034 3481 2190 3552 juxta
2222 3482 2426 3537 dictum
2454 3480 2573 3535 Jobi
2600 3498 2612 3534 :
2645 3497 2664 3531 ι
2695 3477 2898 3533 Oculus
2929 3494 3078 3533 eram
3125 3493 3414 3546 caecorum,
3435 3489 3488 3535 et
3509 3494 3601 3550 pes

2036 3571 2352 3626 claudorum
2371 3571 2452 3637 ⁵⁵;
2491 3589 2510 3622 ι
2538 3576 2593 3624 et
2619 3569 2823 3623 videris
2864 3567 2934 3621 ab
2968 3570 3086 3638 ipso
3109 3568 3368 3623 damnum
3411 3569 3601 3624 inferri

2037 3665 2232 3717 animae
2262 3673 2385 3727 tuae,
2433 3660 2695 3716 abscinde
2732 3677 2854 3716 eum
2887 3661 3075 3715 :nulla
3106 3677 3342 3732 namque
3374 3663 3481 3716 luci
3515 3678 3578 3717 so

2037 3753 2207 3807 cietas
2237 3767 2360 3806 cum
2391 3751 2631 3807 tenebris
2656 3768 2671 3817 ;
2718 3750 2954 3806 maxime
2982 3751 3027 3805 si
3067 3751 3198 3822 quid
3229 3752 3491 3807 simulent
3519 3751 3600 3807 vel

2037 3843 2412 3899 fraudulenter
2439 3849 2621 3914 agant.

2033 3967 2036 3972 -
2105 3935 2486 3991 Caavsos'roui
2517 3932 2754 3988 XXXVI.
2779 3931 2966 3988 Ficum
3017 3933 3250 3989 habebat
3280 3932 3502 4003 quidam
3546 3936 3600 3989 in

2036 4029 2197 4082 vinea
2226 4040 2346 4094 sua,
2379 4033 2435 4082 et
2466 4026 2614 4082 venit
2640 4040 2892 4097 quaerens
2929 4025 2983 4079 iu
3013 4039 3077 4080 ea
3107 4023 3372 4090 fructum,
3407 4031 3462 4080 et
3493 4039 3600 4080 non

2037 4119 2243 4175 invenit
2260 4119 2328 4174 “.

2120 4210 2282 4267 Bssr.
2341 4210 2527 4268 Ficum
2605 4210 2890 4282 Scriptura
2938 4225 3134 4266 vocare
3175 4212 3313 4266 solet
3363 4212 3600 4282 peccatis

2038 4303 2328 4358 obnoxiam
2383 4304 2655 4372 animam;
2695 4306 2910 4360 vineam
2961 4319 3091 4360 vero
3141 4303 3379 4360 ﬁdelium
3414 4303 3600 4359 Eccle'

2040 4393 2210 4460 siam;
2241 4392 2501 4448 vinitores
2537 4400 2738 4457 autem,
2770 4393 3016 4464 angelos.
3061 4392 3292 4459 Quando
3340 4394 3508 4464 igitur
3547 4395 3602 4452 in

366 4483 428 4551 τῇ
445 4483 742 4554 Ἐκκλησία
763 4483 1008 4549 ἀναξίαις
1032 4485 1270 4555 βιοῦντες
1295 4489 1547 4561 (81⁶)τῆς
1564 4491 1816 4560 πίστεως,
1836 4495 1936 4549 οὐκ

2040 4481 2284 4538 Ecclesia
2313 4485 2478 4537 vitam
2514 4482 2721 4538 ducunt
2752 4483 2856 4538 ﬁde
2893 4499 2993 4539 sua
3025 4483 3343 4554 indignam;
3385 4499 3495 4537 non
3528 4483 3604 4538 vi-

368 4570 646 4640 ἀμπελὼν,
701 4573 838 4627 ἀλλά
893 4576 1032 4644 συκῆ
1082 4577 1457 4650 ὀνομάζονται.
1523 4583 1614 4636 Ἐκ
1667 4583 1790 4649 νέας
1839 4586 1936 4656 μὲν

368 4660 598 4730 ἡλικίας,
637 4663 712 4726 ὡς
744 4666 907 4729 εἰκὸς,
937 4667 995 4719 ὲν
1027 4669 1164 4740 αὐτῇ
1206 4672 1562 4739 φυτευθέντες
1597 4675 1686 4729 διά
1721 4676 1815 4730 τοῦ
1842 4677 1939 4748 βα·-

368 4751 687 4823 πτίσματος,
742 4754 906 4826 μέχρι
929 4756 986 4809 δὲ
1020 4758 1222 4829 γήρους
1254 4761 1344 4814 τὸν
1377 4764 1574 4834 τρόπον
1604 4767 1934 4836 μεταϐαλλό-

370 4857 543 4910 μενοι·
580 4843 808 4907 εἰκότως
852 4846 1202 4919 μακρόθυμος
1229 4851 1258 4903 6
1284 4850 1416 4915 Θεὸς
1444 4854 1588 4922 λέγει
1622 4855 1700 4926 τῷ
1721 4858 1935 4928 ἀμπελ-

367 4933 563 5006 ουργῷ,
615 4935 735 5007 ἦτοι
781 4935 858 5007 τῷ
901 4938 1117 5009 ἀγγέλῳ
1161 4942 1260 5012 τῆς
1299 4943 1627 5015 Ἐκκλησίας
1659 4964 1672 4978 ⁸
1715 4967 1735 5000 ι
1802 4949 1934 5004 Ἰδοὺ

368 5025 485 5097 τρία
514 5026 611 5097 ,ξτη
639 5026 873 5099 ἔρχομαι
897 5029 1072 5100 ζητῶν
1100 5035 1308 5104 καρπὸν
1336 5037 1393 5088 ἐν
1420 5039 1484 5108 τῇ
1513 5041 1672 5110 συκῇ,
1712 5040 1807 5093 καὶ
1834 5043 1933 5113 οὐχ

367 5117 619 5190 εὑρίσκω.
663 5120 937 5192 Ἐκκοψον
967 5124 1163 5196 αὑτήν·
1197 5126 1282 5179 ἵνα
1313 5127 1366 5180 τί
1412 5130 1506 5182 καὶ
1538 5131 1637 5202 τὴν
1662 5133 1765 5202 γῆν
1803 5151 1934 5188 κατ-

368 5214 550 5280 αργεῖ;
589 5213 648 5265 Ὀ
678 5211 737 5264 δέ
777 5230 940 5284 φησι’
976 5214 1166 5286 Κύριε,
1196 5219 1332 5287 ἄφες
1372 5220 1542 5291 αὐτὴν
1571 5224 1663 5276 καὶ
1691 5222 1848 5278 τοῦτο
1877 5225 1937 5279 τὸ

367 5299 495 5366 ἔτος,
535 5304 644 5366 ἕως
667 5297 734 5358 οὗ
757 5304 949 5375 σκάψω
980 5307 1108 5377 περὶ
1139 5309 1309 5380 αὐτὴν
1342 5312 1435 5364 καὶ
1466 5311 1612 5382 βάλω
1651 5315 1881 5386 κόπρια.
1910 5336 1929 5369 ι

366 5390 496 5463 Τρία
520 5390 615 5447 οὖν
653 5394 749 5464 ἐτη
773 5394 914 5448 εἰσὶν
943 5400 1000 5449 ὲν
1028 5399 1354 5471 ἀνθρώποις,
1395 5403 1454 5455 ὲν
1484 5398 1564 5467 οἷς
1586 5404 1801 5476 ἔρχεται
1839 5406 1936 5480 ζη-

364 5481 466 5534 τῶν
493 5483 708 5556 καρπὸν
748 5485 778 5535 6
809 5482 960 5551 θεὸς,
987 5486 1041 5537 αῖ
1072 5489 1222 5558 τρεῖς
1259 5487 1669 5564 μεθηλικιώσεις
1715 5491 1808 5544 τοῦ
1843 5494 1935 5546 ἀν⁴

462 5618 506 5650 ⁸³
545 5618 683 5674 Luc.
721 5633 886 5678 xvur.
921 5617 984 5684 4,
1026 5618 1078 5673 5.
1191 5621 1237 5653 ⁸⁸
1275 5622 1408 5678 ibid.
1443 5624 1498 5679 6.

2037 4591 2140 4632 nea
2181 4584 2487 4643 vocantur,
2534 4576 2630 4632 sed
2673 4577 2832 4631 ﬁcus.
2884 4575 3023 4642 Quia
3072 4590 3104 4629 a
3153 4587 3342 4630 tenera
3380 4574 3601 4644 quidem

2037 4677 2217 4735 aetate,
2252 4678 2310 4724 ut
2338 4685 2438 4739 par
2472 4676 2578 4734 est,
2604 4670 2658 4723 in
2693 4685 2756 4723 ea
2780 4685 2876 4738 per
2907 4670 3240 4740 baptismum
3268 4667 3516 4738 plantati,
3551 4678 3602 4721 et

2038 4761 2106 4815 ad
2133 4767 2470 4816 senectutem
2492 4776 2667 4830 usque
2695 4760 2764 4814 ad
2787 4761 2933 4815 hunc
2950 4761 3169 4814 modum
3192 4758 3462 4813 immutati
3479 4773 3603 4813 cum

2037 4849 2169 4914 sint,
2201 4849 2396 4904 merito
2429 4849 2572 4904 Deus
2598 4849 2949 4919 quantumvis
2992 4847 3334 4919 aequanimis,
3368 4847 3500 4901 dicit
3536 4846 3601 4900 ad

2038 4942 2328 4997 vinitorem
2359 4941 2443 4995 vel
2469 4941 2718 5010 angelum
2753 4939 3011 4995 Ecclesiae
3035 4957 3048 4994 :
3081 4957 3101 4992 ι
3129 4939 3264 4995 Ecce
3293 4937 3465 4992 tribus
3489 4936 3602 5006 jam

2039 5032 2200 5086 annis
2233 5031 2411 5099 venio,
2443 5030 2679 5086 fructum
2721 5046 2968 5101 quaerens
2999 5031 3056 5085 in
3099 5031 3200 5086 ista
3236 5029 3361 5093 ﬁcu,
3391 5043 3492 5084 nec
3525 5039 3602 5083 ta-

2045 5139 2166 5178 men
2197 5123 2430 5178 invenio.
2477 5121 2748 5178 Exscinde
2778 5136 2930 5189 eam;
2969 5136 3138 5191 quare
3162 5128 3362 5176 terram
3407 5121 3604 5174 inutili-

2041 5221 2124 5270 ter
2147 5215 2411 5286 occupat?
2435 5215 2530 5269 llle
2555 5228 2685 5270 vero
2731 5212 3062 5283 respondet:
3094 5210 3342 5277 Domine,
3391 5211 3508 5267 sine
3540 5212 3602 5266 il-

2040 5309 2146 5362 lam
2183 5307 2361 5362 adliuc
2404 5308 2508 5362 hoc
2544 5314 2753 5360 tantum
2800 5320 2966 5367 anno,
2999 5305 3172 5359 donec
3213 5303 3368 5358 fovea
3399 5303 3604 5360 circum

2039 5415 2158 5456 eam
2190 5399 2330 5453 facta
2352 5398 2552 5456 misero
2576 5397 2898 5453 stercus"?
2927 5416 2945 5449 ι
2977 5394 3112 5452 Tres
3135 5395 3302 5466 igitur
3321 5405 3450 5451 sunt
3475 5397 3603 5451 anni

2042 5491 2344 5556 hominum,
2375 5490 2431 5545 in
2470 5489 2668 5559 quibus
2701 5488 2854 5543 venit
2892 5486 3036 5542 Deus
3059 5501 3310 5557 quaerens
3340 5485 3603 5548 fructum,

1611 5625 1654 5659 ἰ
1695 5625 1714 5680 l
1747 5626 1886 5683 Tim.
1921 5647 1971 5691 ι.
2003 5630 2057 5685 9.
2147 5628 2192 5662 "
2234 5627 2366 5684 Luc.
2405 5641 2552 5693 xm,
2587 5623 2676 5682 56.
2754 5623 2799 5656 ⁸³
2831 5622 2988 5679 Joan.
3025 5636 3130 5690 xu,
3161 5620 3254 5682 9.5.
3325 5621 3371 5654 “
3410 5621 3605 5677 Matth.

365 5703 411 5750 ν,
440 5689 529 5743 29.
608 5689 658 5720 ⁸⁸
692 5684 798 5741 Job
831 5703 958 5749 xxv,
999 5689 1063 5743 15
1162 5691 1206 5723 ⁸⁸
1245 5691 1376 5749 Luc.
1415 5709 1549 5761 xm,
1586 5694 1642 5754 6.
1718 5697 1763 5728 δ’
1799 5698 1930 5756 ibid.
1960 5684 2020 5769 ’7,
2054 5701 2105 5757 8.

427 5780 564 5850 (81‘)
595 5777 836 5843 ἀναξίοις
860 5777 1119 5848 βιοῦνται.
