4088 6382
496 379 602 437 723

1709 376 1766 434 s.
1811 377 2270 450 ATIIANASIUS.
2308 409 2385 427 —.
2417 376 2684 454 Spuma.

3630 384 3734 461 πει

497 511 623 568 quae
678 500 808 551 sunt
853 492 1089 548 hominis
1123 499 1235 547 tres
1278 491 1443 546 variae
1479 499 1689 557 aetates,
1741 499 1930 566 utpote
1973 494 2066 564 qui

2178 490 2410 564 θρώπου,
2440 493 2473 564 ἢ
2503 493 2578 556 ὡς
2623 493 2808 545 παιδία
2829 533 2843 557 ,
2889 495 3178 568 νεώτεροι,
3232 498 3328 552 καὶ
3360 500 3734 572 πρεσβύτεροι.

497 586 656 658 pueri
699 586 956 656 primum,
1009 584 1206 640 deinde
1255 583 1505 653 juvenes,
1550 592 1827 655 postremo
1877 601 2070 656 sumus

498 695 680 737 senes.
713 678 868 732 Multi
897 677 1042 734 enim
1093 677 1148 731 in
1195 677 1316 748 ipsa
1356 683 1636 732 senectute
1675 677 1891 732 demum
1927 677 2067 732 resi-

499 780 688 845 puere,
723 771 816 842 qui
849 786 946 842 per
970 769 1288 825 alIlictiones
1325 769 1481 836 fossl,
1530 777 1583 826 et
1604 785 1702 840 per
1739 770 2070 824 tentationes

2176 583 2369 637 Πολλοὶ
2406 581 2534 653 γὰρ,
2585 584 2642 635 ὲν
2684 583 2833 654 αὐτῷ
2877 585 2953 656 τῷ
2981 591 3128 658 γήρᾳ
3171 591 3618 661 μετανοήσαντες,
3651 593 3739 648 διὰ

2176 674 2404 744 θλίψεων
2443 691 2501 730 τε
2552 674 2870 744 σκαφέντες,
2905 677 3000 743 καὶ
3042 677 3130 739 διά
3163 681 3479 752 πειρασμῶν
3516 682 3740 756 δεξάμε-

2173 784 2253 820 νοι
2286 767 2508 839 κόπρια,
2538 767 2635 838 τὴν
2662 767 2859 839 ἀρετὴν
2878 771 3353 843 ὲκαρποφόρησαν.

500 874 718 934 recepto
766 872 1028 927 stercore,
1067 861 1303 917 fructum
1327 879 1510 929 suum,
1550 863 1807 918 virtutem
1841 861 2071 925 scilicet,
2112 861 2412 929 protulere.

569 977 796 1033 Cum.”
841 975 1112 1030 XXXVII.
1162 976 1343 1043 Quare
1395 977 1644 1041 Ecclesia
1700 984 1930 1032 vocatur
1978 975 2075 1031 Ec-

499 1070 688 1136 clesia,
715 1077 771 1125 et
793 1085 963 1140 quare
999 1069 1202 1124 dicitur
1237 1071 1549 1125 catholica?

577 1185 738 1242 Rssr.
783 1185 1028 1242 Ecclesia
1068 1185 1286 1256 quidem
1329 1188 1554 1250 dicitur,
1604 1196 1887 1257 propterea
1924 1187 2071 1258 quod

498 1286 801 1331 evocantur
835 1293 1057 1344 omnes;
1098 1279 1371 1334 catholica
1424 1294 1572 1344 vero,
1611 1285 1898 1350 propterea
1924 1280 2070 1352 quod

499 1381 597 1434 per
620 1372 793 1422 totum
824 1368 1088 1422 mundum
1125 1369 1322 1426 diﬂ‘usa
1349 1371 1438 1426 sit.

581 1477 806 1544 Qumsr.
839 1479 1127 1534 XXXVIII.
1175 1481 1329 1538 Unde
1357 1482 1560 1538 dicitur
1592 1483 1852 1539 haeresis?

573 1597 738 1653 Itesa.
793 1599 875 1652 Ab
915 1613 980 1652 eo
1004 1597 1147 1668 quod
1173 1598 1297 1668 quis
1327 1599 1488 1669 eligat
1513 1609 1566 1654 et
1601 1607 1932 1672 exsequatur
1956 1615 2076 1655 sen-

503 1691 730 1746 tentiam
763 1705 918 1746 suam
949 1690 1250 1760 propriam.

572 1779 904 1836 Paorosmo
943 1780 1184 1837 XXXIX.
1235 1801 1252 1834 ι
1283 1783 1445 1839 Orate
1491 1800 1562 1842 ne
1603 1783 1728 1856 fuga
1771 1793 1950 1841 vestra
1979 1783 2071 1838 flat

503 1873 559 1927 in
593 1873 792 1939 hieme,
823 1873 908 1932 vel
935 1874 990 1928 in
1020 1875 1248 1955 sabbato
1268 1876 1335 1931 ⁸³.
1368 1897 1387 1929 ι

576 1967 926 2026 Enucnm.
971 1969 1279 2027 Notandum
1311 1973 1458 2044 quod
1505 1973 1735 2028 hiemem
1771 1971 1914 2028 Deus
1960 1987 2071 2026 non

505 2061 718 2116 fecerit.
759 2061 1034 2132 Scriptum
1081 2072 1166 2122 est
1207 2067 1350 2120 enim
1378 2085 1392 2120 :
1425 2086 1443 2117 ι
1473 2065 1740 2120 ,Εειθιθηι
1784 2073 1838 2119 et
1879 2081 1973 2119 ver
2013 2074 2071 2119 tu

505 2152 788 2220 plasmasti
814 2169 878 2208 ea
898 2155 967 2209 ⁸.⁹.
1005 2173 1024 2206 »
1060 2153 1267 2225 Fugere
1293 2171 1420 2211 vero
1442 2156 1574 2213 dicit
1610 2173 1733 2212 cum
1770 2156 1949 2209 anima
1979 2171 2070 2210 sc-

501 2251 730 2312 paratur
775 2263 806 2298 a
845 2261 1096 2315 corpore.
1132 2245 1378 2302 Hiemem
1424 2257 1605 2301 autem
1635 2255 1857 2317 peccata
1890 2255 2068 2310 vocat,

502 2341 556 2387 et
588 2332 886 2390 Sabbatum
932 2338 1240 2404 incuriam;
1281 2354 1358 2393 vze
1403 2346 1584 2394 autem
1623 2340 1818 2398 animae
1859 2340 1912 2396 in
1943 2355 2071 2410 pec-

503 2433 648 2490 cato,
678 2428 932 2481 socordia
963 2435 1018 2482 et
1049 2429 1379 2499 negligentia
1407 2430 1736 2484 constitutae.

572 2517 709 2570 Am
745 2533 1056 2573 pnorosmo
1082 2518 1194 2574 XL.
1243 2538 1261 2571 ι
1293 2519 1550 2590 Lapidem
1571 2563 1586 2588 ,
1624 2536 1783 2590 quem
1815 2521 2076 2592 reproba-

504 2616 635 2660 runt
665 2608 998 2664 aediﬁcantes
1015 2609 1080 2665 ⁸ο.
1117 2631 1136 2662 ι

577 2695 932 2753 Exrucnro.
980 2699 1146 2769 Lapis
1190 2701 1278 2756 ille
1311 2700 1563 2757 Christus
1594 2711 1700 2764 est,
1731 2719 1892 2772 quem
1925 2703 2074 2757 Scri-

505 2787 608 2852 bze,
642 2787 903 2862 Pharisaei
938 2799 995 2848 et
1045 2792 1291 2847 seniores
1335 2791 1548 2847 Judaici
1587 2794 1770 2864 populi
1816 2794 2074 2863 reproba-

505 2889 658 2946 runt,
698 2891 752 2937 et
776 2882 954 2938 factus
986 2891 1071 2938 est
1115 2893 1278 2958 caput
1314 2883 1571 2941 Ecclesia:
1620 2886 1882 2955 gentium.
1917 2885 2072 2952 Quod

503 2979 730 3042 propter
764 2973 1020 3039 unionem
1062 2982 1116 3028 et
1147 2990 1474 3031 consensum
1513 2974 1659 3039 ﬁdei,
1700 2975 1794 3045 qui
1817 2983 1899 3030 est
1932 2977 2073 3030 inter

503 3072 719 3138 gentes,
759 3066 986 3122 dicitur.
1018 3065 1156 3132 Quia
1204 3083 1438 3137 namque
1481 3069 1683 3138 posteri
1725 3084 1850 3123 cum
1898 3069 2074 3138 genti-

2248 976 2514 1048 Κυρίλλου
2542 977 2639 1042 λζ’.
2667 976 2765 1031 Διὰ
2787 977 2892 1048 τίή
2926 977 3219 1049 Ἐκκλησία
3239 978 3481 1033 καλεῖται
3515 980 3744 1052 Ἐκκλη-

2179 1067 2289 1133 σία,
2322 1071 2415 1123 καὶ
2446 1069 2534 1123 διὰ
2563 1070 2616 1123 τί
2638 1070 2933 1140 καθολική;

2259 1185 2447 1240 Ἀπόκ.
2515 1185 2807 1256 Ἐκκλησία
2849 1186 2966 1254 μὲν,
2993 1185 3080 1238 διὰ
3131 1185 3193 1270 τό
3241 1185 3448 1249 πάντας
3493 1187 3742 1254 ἑκκαλεῖ-

2178 1279 2336 1331 σθαι·
2388 1277 2648 1350 καθολικὴ
2674 1277 2752 1343 δὲ,
2782 1277 2918 1331 διότι
2950 1276 3180 1352 καθόλου
3210 1277 3303 1332 τοῦ
3348 1279 3553 1350 κόσμου
3586 1297 3745 1350 κεχυ-

2180 1368 2313 1440 μένη
2341 1369 2594 1442 ὑπάρχει.

2258 1482 2558 1556 Ἐρώτησις
2587 1485 2691 1555 λη’.
2725 1483 2895 1537 Πόθεν
2922 1483 3140 1552 λέγεται
3165 1484 3404 1555 αἵρεσιςς

2254 1599 2442 1651 Ἀπόκ.
2491 1598 2623 1650 Ἀπὸ
2652 1597 2747 1651 τοῦ
2777 1596 3050 1668 αἱρεῖσθαί
3071 1615 3124 1650 τι
3155 1596 3283 1650 ἴδιον
3314 1596 3410 1650 καὶ
3459 1595 3616 1650 τοῦτο
3662 1597 3746 1661 EF,-

2171 1690 2504 1745 ακολουθείν.

2242 1781 2514 1852 Κείμενον
2549 1783 2646 1836 λθ’.
2699 1802 2717 1834 ι
2751 1782 3012 1854 Εὔχεσθε,
3055 1784 3139 1836 ἵνα
3171 1782 3246 1854 μὴ
3287 1798 3509 1852 γενηται
3537 1782 3569 1851 ἡ
3601 1779 3746 1852 φυγὴ

2171 1876 2200 1928 ὑ
2209 1875 2322 1947 μῶν
2347 1877 2404 1929 ὲν
2427 1874 2672 1946 χειμῶνι,
2695 1875 2729 1946 ἢ
2753 1877 2810 1928 ὲν
2841 1875 3112 1945 σαϐϐάτῳ.
3145 1895 3164 1927 ι

2255 1968 2570 2039 Ἐρμηνεία.
2620 1967 2986 2039 Σημειωτέον,
3023 1967 3106 2020 ὅτι
3149 1968 3178 2019 6
3203 1965 3336 2029 Θεὸς
3381 1953 3618 2036 χειμῶνα
3643 1963 3742 2018 οὐκ

2174 2061 2417 2133 ἐποίησε.
2449 2061 2762 2132 Γέγραπται
2796 2061 2936 2132 γάρ’
2979 2078 2996 2113 ι
3031 2059 3198 2130 Θέρος
3233 2060 3329 2113 καὶ
3356 2059 3454 2131 ἔαρ
3486 2061 3548 2113 σὺ
3588 2057 3745 2111 ἔπλα-

2176 2171 2274 2217 σας
2296 2153 2461 2208 αὐτά.
2487 2173 2506 2206 ι
2558 2155 2754 2222 ⁴1>υγείν
2791 2153 2849 2207 δὲ
2877 2151 3047 2220 λέγει,
3090 2153 3288 2206 ὁπόταν
3313 2153 3346 2222 ὴ
3389 2151 3534 2222 ψυχὴ
3562 2153 3625 2204 ὲκ
3652 2148 3744 2204 τοῦ

2176 2244 2429 2316 σώματος
2459 2245 2772 2318 χωρίζεται.
2816 2244 3074 2315 Χειμῶνα
3107 2245 3164 2297 δὲ
3202 2244 3303 2308 τὰς
3337 2242 3612 2314 ἁμαρτίας
3649 2260 3747 2296 κα-

2175 2337 2289 2390 λεῖ·
2343 2337 2613 2392 σάϐϐατον
2663 2337 2721 2389 δὲ
2768 2336 2866 2408 τὴν
2915 2335 3198 2406 ἀμέλειαν·
3249 2335 3341 2388 καὶ
3372 2335 3495 2388 οὐαὶ
3540 2335 3641 2405 τὴν
3688 2335 3748 2386 ἐν

2175 2429 2420 2501 ἁμαρτίᾳ
2448 2429 2542 2483 καὶ
2565 2427 2770 2498 ἀθυμίᾳ
2803 2428 2897 2481 καὶ
2930 2426 3156 2498 ἀμελείᾳ
3177 2425 3376 2496 ψυχήν.

2249 2521 2474 2591 Ἕτερον
2516 2520 2764 2590 κείμενον
2802 2525 2875 2589 μ’.
2917 2537 2936 2570 ι
2971 2517 3134 2571 Λίθον
3173 2517 3231 2569 ὃν
3263 2515 3673 2586 ἀπεδοκίμασαν
3695 2515 3745 2568 0I

2175 2610 2601 2682 οἰκοδομοῦντες.
2637 2631 2654 2662 ι

2261 2704 2578 2775 Ἐρμηνεία.
2609 2703 2770 2767 Λίθος
2796 2706 2825 2757 6
2858 2705 3113 2774 Χριστὸς,
3155 2705 3303 2768 ὅστις
3336 2703 3746 2774 ἀπεδοκιμάσθη

2179 2793 2284 2846 ὑπὸ
2327 2793 2434 2847 τῶν
2483 2794 2857 2865 γραμματέων
2904 2797 2998 2848 καὶ
3025 2793 3330 2867 Φαρισαίων
3375 2796 3469 2849 καὶ
3511 2795 3748 2859 πρεσϐυ-

2179 2884 2350 2956 τέρων
2377 2885 2472 2938 τοῦ
2499 2885 2630 2938 λαοῦ
2659 2886 2768 2939 τῶν
2809 2886 3095 2948 Ἰουδαίων,
3149 2887 3241 2938 καὶ
3285 2886 3502 2953 ἐγένετο
3540 2885 3746 2955 κεφαλὴ

2178 2975 2276 3044 τῆς
2312 2974 2634 3046 Ἑκκλησίας
2654 2975 2762 3029 τῶν
2785 2973 2972 3028 ἐθνῶν.
3005 2977 3070 3028 Ὀ
3090 2975 3305 3043 λέγεται
3324 2974 3410 3028 διὰ
3434 2975 3495 3028 τὸ
3520 2993 3748 3046 συγκρα-

2157 3069 2290 3131 ,τεῖν
2317 3069 2374 3121 ὲν
2402 3070 2468 3138 τῇ
2501 3067 2680 3121 πίστει
2703 3069 2784 3130 εἰς
2807 3067 2934 3138 μίαν
2961 3067 3211 3138 ὁμόνοιαν
3238 3067 3307 3122 τὰ
3337 3067 3486 3138 ἔθνη.
3531 3069 3746 3140 Ἐπειδὴ

505 3157 662 3219 lium,
703 3164 817 3233 tum
863 3157 1028 3211 etiam
1070 3155 1384 3212 Judteorum
1423 3158 1771 3218 crediderunt
1812 3159 1866 3213 in
1911 3158 2073 3214 Chri-

2179 3160 2378 3242 ydpfztk
2397 3160 2636 3229 άπόγονα
2662 3159 2769 3214 τῶν
2803 3159 3068 3231 Ἐλλήνων
3101 3160 3194 3213 καὶ
3215 3159 3324 3213 τῶν
3364 3161 3632 3213 Ἰουδαίων
3659 3177 3748 3213 πε-

506 3257 679 3314 stum,
710 3248 898 3319 anguli
929 3249 1346 3304 similitudinem
1377 3249 1544 3306 refert
1578 3250 1856 3317 Christus,
1891 3253 1986 3323 qui
2013 3254 2078 3308 il-

506 3342 686 3415 lorum
717 3349 967 3412 posteros
989 3343 1265 3411 capulavit
1289 3343 1344 3397 in
1369 3344 1492 3400 fide.
1521 3343 1730 3399 Dicitur
1753 3361 1883 3402 vero
1912 3348 2076 3402 etiam

507 3433 615 3494 alio
634 3434 797 3488 modo
812 3433 1064 3490 Christus
1085 3434 1222 3503 lapis
1244 3437 1540 3504 angularis.
1564 3436 1840 3508 Siquidem
1856 3437 2077 3508 quando

506 3528 847 3592 construitur
893 3529 1088 3584 domus
1127 3530 1330 3600 aliqua,
1380 3539 1588 3600 ponunt
1634 3531 1967 3587 aedificantes
2018 3532 2074 3586 in

507 3620 708 3690 angulo
735 3622 876 3676 muri
909 3621 1142 3691 lapidem
1167 3624 1398 3693 aliquem
1426 3638 1700 3677 summum
1736 3625 2072 3694 angularem,

507 3710 607 3783 qui.
645 3712 904 3782 angulum
949 3713 1006 3766 iu
1053 3713 1366 3780 summitate
1404 3713 1701 3770 contineat.
1754 3713 1904 3777 Talis
1946 3729 2078 3769 vero

507 3803 646 3872 lapis
681 3805 737 3858 in
765 3793 1133 3860 summoloco
1169 3807 1311 3860 muri
1345 3806 1696 3872 constitutus,
1728 3821 1834 3859 una
1859 3804 2080 3873 copulat

508 3900 564 3956 et
597 3896 843 3952 continet
882 3897 1021 3962 duos
1053 3898 1312 3968 parietes.
1352 3897 1466 3956 Hoc
1515 3898 1680 3967 igitur
1727 3895 1886 3950 modo
1915 3895 2077 3951 Chri-

509 3999 636 4050 stus
668 4006 888 4060 quoque
917 4006 1168 4046 summus
1202 3992 1342 4062 lapis
1387 3987 1666 4060 angularis
1693 3989 1916 4052 dicitur,
1949 3989 2078 4060 quia

512 4079 565 4132 iu
620 4095 790 4132 unum
834 4081 1054 4150 copulat
1109 4081 1248 4137 duos
1294 4083 1431 4137 istos
1473 4081 2077 4152 papuloszludmorum

512 4169 764 4226 videlicet
788 4178 845 4225 et
875 4171 1158 4239 gentilium
1191 4173 1472 4242 populum,
1511 4181 1676 4244 atque
1699 4189 1821 4238 eam
1843 4176 1912 4231 ob
1942 4191 2076 4230 cau-

511 4272 632 4330 sam
663 4261 944 4330 angularis
974 4260 1111 4329 lapis
1141 4261 1320 4317 dictus
1349 4271 1452 4317 est.

578 4433 802 4514 ngsr.
837 4435 978 4523 Quid
1007 4445 1092 4507 est
1119 4443 1264 4510 quod
1298 4437 1437 4508 dixit
1467 4439 1719 4508 Christus
1740 4441 2008 4500 Petro...?

2183 3251 2504 3305 πιστεύκασι
2532 3251 2610 3322 τῷ
2645 3250 2888 3323 Χριστῷ,
2924 3251 3204 3305 διὰ.τοῦτο
3231 3251 3405 3322 γωνίᾳ
3438 3249 3748 3320 ἀπεικάσθη

2179 3347 2273 3401 καὶ
2306 3349 2334 3399 6
2364 3345 2618 3417 Χριστὸς,
2659 3345 2740 3398 ὅτι
2779 3346 2904 3408 τοὺς
2944 3344 3134 3414 γόνους
3165 3343 3390 3397 ἐκείνων
3429 3343 3664 3414 συνῆψεν
3690 3345 3750 3396 ἐν

2178 3441 2243 3510 τῇ
2280 3438 2476 3491 πίστει.
2506 3437 2738 3506 Λέγεται
2767 3438 2824 3491 δὲ
2856 3439 2947 3490 καὶ
2980 3435 3122 3490 κατὰ
3149 3435 3309 3490 ἄλλον
3339 3434 3463 3488 τινὰ
3492 3437 3693 3507 τρόπον
3721 3437 3751 3488 ὁ

2177 3529 2412 3602 Χριστὸς
2445 3528 2591 3592 λίθος
2644 3530 3072 3600 ἀκρογωνιαῖος,
3110 3526 3334 3598 ἐπειδὴ,
3375 3528 3464 3604 ὅτε
3507 3527 3749 3590 κτίζεται

2177 3621 2341 3684 οἰκία,
2369 3619 2748 3692 προστιθέασιν
2769 3621 2818 3672 οἱ
2853 3618 3256 3690 οἰκοδομοῦντες
3277 3621 3334 3671 ὲν
3361 3621 3428 3688 τῇ
3459 3618 3635 3690 γωνίᾳ
3656 3617 3750 3670 τοῦ

2175 3714 2388 3785 τοίχους
2420 3712 2563 3777 λίθον
2593 3713 3005 3784 ἀκρογωνιαίον,
3047 3712 3166 3783 ἦτοι
3193 3712 3286 3765 τὸν
3320 3710 3513 3781 ἔχοντα
3549 3709 3751 3779 γωνίαν

2178 3806 2236 3858 ὲν
2263 3807 2328 3876 τῇ
2359 3803 2505 3876 ἄκρᾳ
2535 3803 2719 3858 αὑτοῦ.
2757 3804 2945 3858 Πεσὼν
2984 3803 3042 3857 δὲ
3088 3806 3116 3858 6
3155 3803 3395 3866 τοιοῦτος
3428 3806 3486 3856 ὲν
3511 3805 3578 3874 τῇ
3608 3801 3752 3873 ἄκρᾳ

2177 3895 2271 3949 τοῦ
2309 3896 2542 3966 τοίχους,
2573 3896 2830 3958 συνάπτει
2855 3898 2948 3956 καὶ
2982 3898 3174 3967 κρατεῖ
3199 3896 3270 3948 τὰ
3298 3895 3389 3948 δύο
3407 3895 3560 3965 τοίχη
3595 3895 3652 3947 ὲν
3676 3892 3751 3962 τῷ

2181 3988 2316 4058 ἅμα.
2348 3986 2506 4040 Κατὰ
2530 3982 2623 4041 οὖν
2658 3986 2898 4046 τοιοῦτον
2932 3987 3134 4058 τρόπον
3165 3985 3381 4053 λέγεται
3422 3984 3518 4038 καὶ
3563 3985 3592 4036 6
3629 3984 3752 4052 Χρι-

2181 4079 2303 4142 στὸς
2331 4078 2474 4141 λίθος
2500 4078 2910 4148 ἁκρογωνιαῖος,
2944 4079 3026 4131 ὅτι
3067 4076 3268 4147 συνῆψε
3312 4077 3437 4138 τοὺς
3471 4073 3566 4127 δύο
3593 4073 3750 4134 λαοὺς

2179 4171 2236 4222 ὲν
2265 4167 2344 4238 τῷ
2378 4168 2514 4238 ἅμα,
2556 4168 2646 4220 τὸν
2679 4185 2740 4220 τε
2778 4167 2905 4222 λαὸν
2945 4167 3054 4221 τῶν
3117 4165 3384 4220 Ἰουδαίων
3425 4163 3521 4217 καὶ
3565 4163 3657 4215 τὸν
3694 4161 3752 4226 ἐξ

2180 4259 2349 4314 ὲθνῶν
2373 4276 2386 4292 ο
2444 4261 2540 4328 καὶ,
2585 4259 2675 4313 διὰ
2721 4259 2880 4314 τοῦτο
2927 4259 3074 4323 λίθος
3118 4259 3510 4329 άκρογωνιαῖος
3540 4255 3752 4325 ὠνόμα-

2183 4367 2323 4404 σται.

2263 4441 2454 4514 Ἐρώτ.
2496 4444 2568 4496 Τί
2583 4445 2730 4504 ἐστιν
2763 4444 2792 4497 ὃ
2814 4445 3034 4514 εἴρηκεν
3055 4444 3083 4494 ό
3100 4441 3333 4512 Χριστὸς
3357 4439 3434 4511 τῷ
3456 4439 3711 4511 Πέτρῳ...
3733 4451 3748 4498 ;

1814 4580 1918 4634 Hic
1949 4581 2137 4635 desunt
2163 4578 2429 4650 quaedam.

508 4712 705 4787 turbae,
735 4721 790 4769 et
821 4723 1071 4771 tenentes
1099 4714 1381 4771 Christum
1411 4717 1467 4771 in
1499 4720 1680 4773 medio
1715 4719 1826 4784 sui,
1857 4719 2074 4788 incipie-

2181 4718 2404 4782 τοῦντες
2432 4719 2481 4770 οἱ
2514 4717 2681 4787 όχλοι,
2724 4716 2816 4769 καὶ
2851 4716 3014 4786 μέσον
3047 4714 3226 4768 αὐτῶν
3260 4714 3474 4783 ἔχοντες
3498 4713 3590 4766 τὸν
3621 4714 3752 4783 Χρι-

507 4805 639 4872 bant
664 4806 898 4874 latenter
919 4823 948 4859 a
978 4817 1130 4878 tergo
1153 4809 1274 4878 ejus
1303 4810 1494 4880 aliqui,
1527 4820 1581 4866 et
1603 4811 1893 4880 pulsabant
1930 4827 2076 4879 eum,

506 4904 602 4949 aut
654 4897 1065 4970 interrogabant
1092 4917 1238 4965 eum,
1284 4903 1376 4957 alii
1418 4903 1846 4958 tentanteszbic
1892 4904 2074 4970 nobis,

509 4989 904 5060 nonnelaliquis
917 4991 984 5046 de
1002 4993 1203 5062 popqu
1222 4993 1361 5046 clam
1381 5001 1434 5048 te
1451 4995 1724 5063 percussit
1739 4995 1825 5050 ?et
1845 4996 1892 5050 si
1908 4997 2074 5060 nosti,

506 5080 845 5150 prophetiza,
869 5090 924 5137 et
949 5084 1201 5152 loquere:
1227 5095 1470 5140 monstra
1495 5085 1657 5141 nobis
1678 5101 1799 5139 eum
1821 5102 1886 5140 ex
1917 5087 2075 5146 turba

505 5172 599 5240 qui
645 5181 700 5230 te
737 5175 1066 5237 verberavit,
1114 5184 1168 5232 et
1211 5193 1608 5248 cognoscemus
1663 5179 1920 5250 quoniam
1954 5195 2079 5250 pro-

506 5261 667 5329 pheta
693 5277 754 5332 es_
783 5272 862 5318 tu.

575 5355 739 5426 263
769 5355 990 5421 qusr.
1037 5355 1175 5412 XLI.
1208 5357 1476 5424 Quidnam
1507 5366 1594 5414 est
1625 5359 1758 5414 illud
1795 5379 1807 5414 :
1848 5380 1866 5411 ι
1906 5360 1970 5413 Et
1997 5360 2080 5413 in-

505 5445 708 5500 clinato
753 5449 928 5518 capite
960 5449 1182 5503 tradidit
1229 5451 1479 5519 spiritum
1509 5452 1647 5516 “‘2‘:
1705 5452 1839 5506 Nam
1889 5468 2080 5507 omnes

507 5537 841 5602 moribundi,
864 5539 1176 5614 moriuntur
1196 5541 1451 5610 primum,
1474 5551 1527 5616 et
1544 5550 1656 5597 tum
1680 5544 1896 5597 demum
1925 5543 2079 5615 incli-

508 5634 639 5682 nant
660 5629 858 5700 capita.
1003 5618 1008 5623 ’
1208 5627 1216 5639 “

581 5787 625 5836 9³
667 5785 856 5844 .‘llatth.
895 5803 1041 5855 uiv,
1077 5788 1168 5842 20.
1247 5792 1291 5823 "
1333 5791 1476 5856 Psal.
1513 5806 1718 5854 uxut,
1758 5791 1841 5843 I7.
1922 5791 1966 5820 ⁸ο
2005 5789 2146 5844 Psal.
2183 5806 2359 5866 cxvn,
2395 5790 2484 5844 9.2.

2185 4812 2308 4864 στὸν
2361 4811 2590 4882 ἧρχοντο
2647 4807 2904 4878 κρυπτῶς
2961 4807 3186 4861 ὄπισθεν
3236 4805 3402 4860 αὑτοῦ
3443 4823 3610 4869 τινες,
3662 4804 3752 4858 καὶ

2182 4905 2409 4975 ἐκρουον
2440 4902 2622 4967 αὑτὸν,
2661 4901 2693 4971 ἦ
2731 4899 2962 4974 ἠρώτων
2989 4902 3149 4955 αὑτὸν
3181 4899 3328 4970 ἄλλοι
3349 4898 3749 4970 δοκιμάζοντες,

2183 4995 2321 5049 Εἰπὲ
2351 4995 2502 5064 ἡμῖν,
2531 4987 2642 5061 ἄρα
2669 4990 2754 5055 τίς
2787 4991 2947 5062 ἐτυψὲ
2986 5008 3044 5044 σε
3073 4993 3138 5045 ἐκ
3176 4989 3268 5046 τοῦ
3313 4987 3444 5041 λαοῦ
3477 4990 3747 5060 κρυφίως;

2186 5085 2280 5139 καὶ
2310 5084 2405 5137 ἐὰν
2445 5078 2612 5150 οἶδας,
2659 5084 3034 5153 προφήτευσον
3082 5082 3178 5134 καὶ
3214 5081 3369 5134 εἰπέ·
3411 5079 3584 5146 δεῖξον
3627 5081 3752 5150 ἡμῖν

2184 5179 2250 5244 ὲκ
2281 5175 2377 5228 τοῦ
2419 5173 2575 5244 ὄχλου
2614 5173 2980 5243 τὸνητύψαντά
3016 5189 3112 5240 σε,
3153 5172 3247 5226 καὶ
3288 5171 3632 5242 γνωσόμεθα,
3676 5172 3751 5224 ὅτι

2185 5269 2471 5338 προφήτης
2502 5262 2552 5320 εἷ
2586 5266 2672 5320 σύ.

2268 5358 2462 5430 Ἐρώτ.
2501 5357 2610 5430 μα’.
2667 5358 2734 5412 Τί
2781 5359 2927 5410 ἐστι·
2960 5373 2978 5405 ‹
3007 5357 3118 5409 Καὶ
3151 5354 3336 5417 κλίνας
3372 5355 3471 5424 τὴν
3520 5353 3754 5423 κεφαλὴν

2186 5453 2472 5526 παρέδωκε
2501 5453 2560 5504 τὸ
2593 5449 2845 5519 πνεῦμα;
2878 5469 2896 5501 ι
2928 5447 3037 5503 Καὶ
3063 5448 3172 5520 γὰρ
3199 5448 3398 5511 πάντες
3420 5450 3466 5500 οί
3502 5449 3755 5517 θνήσκον-

2185 5559 2276 5605 τες
2310 5542 2525 5613 πρῶτον
2565 5540 2876 5608 τελευτῶσι,
2909 5539 3002 5592 καὶ
3043 5541 3187 5594 οὕτω
3225 5540 3322 5604 τὰς
3354 5539 3560 5593 ἑαυτῶν
3588 5552 3753 5609 κεφα-

2185 5633 2285 5698 λὰς
2317 5633 2606 5708 κλίνωσιν.
3479 5617 3484 5623 ί

2569 5793 2607 5821 “
2653 5789 2804 5844 Joan.
2843 5804 2963 5851 xxx,
3002 5789 3091 5842 50.
