4088 6382
351 369 452 428 725

1694 363 2153 438 QUAESTIONES
2183 362 2250 419 IN
2286 362 2350 418 N.
2394 361 2460 420 Τ.

3469 350 3570 408 -ιεθ
3624 421 3643 437 ο

429 486 619 543 Ἀπόκ.
658 486 873 558 Ἐπειδὴ
905 467 1085 541 τέέινὲα
1122 466 1366 540 ἐτέλεσεν
1395 486 1425 538 6
1469 484 1673 558 Κύριος
1716 484 1785 537 τὰ
1822 500 1913 554 γε·

2083 478 2245 536 Rssr.
2276 478 2542 546 Quoniam
2571 490 2762 532 omnes
2793 474 3105 546 Scripturas
3126 472 3379 529 Christus
3401 471 3572 526 adim-

349 579 660 652 γραμμένα,
683 578 787 650 τὴν
826 579 1122 650 σάρκωσιν,
1160 577 1260 649 τὴν
1293 578 1565 650 γέννησιν,
1590 578 1689 648 τὴν
1719 575 1911 647 βάπτι-

353 686 455 730 σιν,
485 669 587 740 τὴν
609 667 719 723 τῶν
751 669 991 741 σημείων
1021 667 1298 733 ἐπίδειξιν,
1320 670 1418 740 τῆς
1447 668 1790 731 διδασκαλίας
1813 667 1909 739 τὴν

350 761 651 832 ἐνέργειαν,
678 761 789 815 τῶν
815 761 1069 833 μαθητῶν
1088 762 1186 835 τὴν
1204 762 1493 825 οίκείωσιν,
1509 761 1576 815 τὰ
1600 759 1911 832 ἀνθρώπινα

352 851 545 916 πάντα,
572 851 635 904 τὸ
666 851 857 917 πάθος,
893 851 994 923 τὴν
1028 853 1351 926 σταύρωσιν,
1382 855 1509 916 τοὺς
1540 853 1907 923 ἐμπαιγμοὺς,

349 944 445 1008 τὰς
472 943 707 1014 τρώσεις
745 944 853 998 τῶν
895 945 1071 1016 ἥλων,
1104 944 1243 1016 μετὰ
1275 947 1335 999 τὸ
1385 945 1668 1016 πληρῶσαι
1714 944 1908 1009 ταῦτα,

353 1035 490 1107 ἅπερ
532 1036 641 1089 ἔδει
685 1036 905 1090 παθεῖν·
962 1037 1206 1091 ἐλείπετο
1239 1038 1397 1108 μόνον
1442 1040 1470 1093 6
1512 1038 1758 1100 Θάνατος.
1801 1036 1912 1089 Καὶ

355 1125 682 1197 φοόούμενος
710 1127 810 1180 ούκ
836 1127 1040 1198 ἐτόλμα
1060 1128 1418 1198 προσεγγίσαι
1441 1127 1589 1195 αύτῷ
1607 1144 1620 1157 ’
1644 1126 1735 1180 διὰ
1755 1127 1912 1180 τοῦτο

353 1216 556 1272 ἔκλινεν
586 1221 615 1272 6
636 1220 869 1291 Χριστὸς
891 1219 988 1291 τὴν
1013 1218 1272 1292 κεφαλὴν,
1308 1219 1525 1291 κράζων
1553 1219 1736 1274 αὐτόν.
1772 1219 1913 1281 Ἕως

355 1309 461 1381 γὰρ
490 1311 565 1381 μὴ
593 1311 772 1366 ἔκλινε
799 1312 900 1383 τὴν
926 1312 1184 1381 κεφαλὴν,
1210 1314 1310 1365 οὐκ
1332 1312 1531 1383 ἐτόλμα
1554 1312 1913 1384 προσεγγίσαι

356 1400 516 1472 αύτῷ.
547 1402 648 1455 Διὰ
678 1401 835 1456 τοῦτό
864 1420 1026 1473 φησιν
1047 1406 1075 1456 ό
1104 1404 1492 1476 εύαγγελιστής
1510 1422 1523 1435 ο
1548 1423 1568 1455 ι
1593 1405 1704 1457 Kal
1730 1403 1916 1467 κλίνας

355 1494 449 1564 τὴν
479 1494 718 1566 κεφαλὴν
740 1496 1019 1569 παρέδωκε
1040 1495 1101 1548 τὸ
1126 1495 1360 1566 πνεῦμα.
1387 1514 1406 1547 ι

434 1584 623 1657 Ἐρώτ.
671 1584 781 1657 μβ’.
832 1585 987 1650 Τίνος
1034 1587 1192 1658 χάριν
1233 1585 1572 1659 ἐκραύγασεν
1609 1588 1638 1641 ὀ
1682 1584 1917 1658 Χριστός

357 1677 445 1731 ἐπὶ
472 1677 568 1731 τοῦ
600 1679 836 1751 σταυροῦ
863 1683 1013 1751 φωνῇ
1048 1680 1287 1756 μεγάλῃῖ

435 1771 626 1825 ’Δπόκ.
657 1772 776 1825 Ἵνα
816 1772 962 1845 δείξῃ
996 1772 1093 1843 τὴν
1133 1772 1363 1844 δύναμιν
1390 1771 1576 1838 αὑτοῦ,
1620 1773 1713 1826 καὶ
1754 1772 1919 1840 ἐκφο-

359 1858 498 1933 ϐήσῃ
522 1863 647 1925 τοὺς
676 1861 981 1926 Ἰουδαίους,
1010 1863 1257 1934 καὶπρὸς
1283 1863 1464 1917 πίστιν
1495 1863 1785 1937 εἰσαγάγῃ.
1812 1862 1921 1917 Kal

357 1950 462 2021 γὰρ
493 1952 525 2021 ἡ
559 1950 711 2023 φωνὴ
736 1951 874 2023 αῦτη
906 1952 1006 2017 τὰς
1034 1953 1238 2024 πέτρας
1270 1953 1526 2025 διέσχισε,
1549 1956 1644 2009 καὶ
1670 1956 1732 2009 τὸ
1757 1973 1923 2023 κατα-

361 2041 618 2113 πέτασμα
652 2042 748 2096 τοῦ
781 2042 911 2097 ναοῦ
960 2044 1052 2098 καὶ
1088 2043 1306 2121 ἔρρηξε,
1346 2046 1445 2117 τὴν
1475 2046 1579 2116 γῆν
1613 2063 1674 2099 τε
1721 2046 1920 2112 ἔσεισε,

362 2134 452 2187 καὶ
489 2133 556 2187 τὰ
585 2136 825 2205 μνημεῖα
854 2133 1076 2212 ἀνέῳξε.
1113 2135 1220 2192 Kal
1246 2134 1365 2190 ούδέ
1389 2133 1563 2202 οὕτως
1599 2137 1836 2209 συνῆκαν
1874 2139 1923 2193 οἱ

358 2223 671 2295 ἀγνώμονες
710 2226 977 2295 Ἰουδαῖοι,
1344 2298 1359 2307 λ

439 2315 630 2388 Ἐρὼτ.
667 2324 778 2387 μγ’.
833 2318 958 2381 Πῶς
998 2313 1133 2383 εἶδεν
1160 2320 1193 2390 ή
1219 2319 1406 2390 Μαρία
1439 2320 1534 2374 τὸν
1575 2320 1799 2393 Κύριον,
1830 2323 1925 2377 καὶ

361 2408 494 2480 ποίῳ
521 2409 741 2481 τρόπῳ;
777 2410 888 2464 Kal
916 2411 1024 2481 γὰρ
1062 2412 1245 2465 ἵστατο
1279 2411 1540 2467 κλαίουσα
1574 2415 1631 2467 ἐν
1658 2413 1737 2485 τῷ
1790 2431 1924 2487 μνη-

365 2500 498 2582 μείῳ
540 2488 848 2579 ἔμπροσθεν
879 2502 987 2557 τῶν
1025 2503 1269 2572 ἀγγέλων
1319 2503 1627 2576 σκυθρωπῷ
1673 2505 1750 2577 τῷ
1784 2506 1922 2577 ηθει,

365 2591 455 2651 καὶ
491 2593 726 2662 κατηφεῖ
765 2593 833 2663 τῇ
876 2591 990 2663 θέᾳ.
1024 2592 1147 2659 Πῶς
1173 2588 1266 2646 οῦν
1318 2590 1455 2647 εἶδεν
1503 2594 1664 2668 αὐτὸν
1705 2594 1927 2652 ὄπισθεν

364 2683 526 2753 αὐτῆς
556 2684 959 2755 περιπατοῦντα
983 2685 1077 2738 καὶ
1106 2685 1432 2758 ἐρχόμενον;

442 2776 627 2831 Ἀπόκ.
658 2777 814 2847 Ἔχει
841 2777 898 2831 δέ
925 2777 1115 2845 οὓτως,
1156 2780 1237 2832 ὅτι
1276 2780 1596 2846 ἐκαθέζοντο
1627 2783 1683 2836 οἱΔ
1708 2781 1928 2852 ἄγγελοι

363 2866 662 2938 ἔμπροσθεν
687 2868 880 2938 αὐτῆς,
898 2871 991 2930 καὶ
1025 2869 1250 2925 ἔϐλεπον
1271 2871 1362 2925 τὸν
1384 2873 1623 2944 Χριστὸν,
1638 2875 1928 2947 ἐρχόμενον

362 2959 530 3013 ὀπίσω
554 2960 757 3031 αὐτῆς
794 2960 973 3034 ἐκείνη
1024 2961 1080 3015 δὲ
1113 2962 1285 3035 ὀπίσω
1325 2965 1496 3036 αὐτῆς
1545 2966 1643 3038 ούχ
1675 2967 1852 3039 ἐώρα’
1880 2970 1929 3023 οἱ

364 3051 417 3104 δὲ
444 3052 661 3122 ἄγγελοι
718 3052 1068 3126 καθεζόμενοι
1110 3056 1419 3127 ἐξεναντίας
1447 3060 1615 3131 αὐτῆς
1662 3059 1928 3133 ἐθεώρουν

2010 570 2270 642 pleverat,
2310 568 2763 634 incarnationem,
2810 566 3169 632 nativitatem.
3217 565 3571 637 baptismum,

2011 662 2291 731 signorum
2366 661 2858 718 manifestationem
2882 700 2897 724 ,
2970 660 3246 717 efﬁcacem
3315 657 3578 713 doctrinae.

2010 752 2466 825 prasdicationem,
2506 752 2929 808 familiaritatem
2965 767 3089 807 cum
3134 751 3437 822 discipulis,
3475 750 3577 805 liu-

2010 859 2171 898 mana
2190 842 2422 914 denique
2436 843 2638 907 omnia,
2661 842 2990 913 passionem,
3008 856 3251 905 crucem,
3274 841 3574 902 illusiones,

2009 936 2232 991 vulnera
2263 937 2565 1003 clavorum;
2596 935 2736 1002 istis,
2777 935 3017 1006 inquam,
3043 934 3295 990 omnibus
3321 932 3575 1002 impletis,

2011 1043 2132 1098 qua:
2159 1028 2269 1098 pati
2296 1028 2577 1094 debuerat,
2600 1029 2717 1084 sola
2741 1042 2891 1084 mors
2912 1026 3155 1085 restabat
3182 1025 3379 1080 adhuc.
3403 1024 3579 1094 Atque

2012 1119 2126 1173 haec
2158 1119 2376 1190 quidem
2404 1120 2509 1175 sibi
2551 1128 2820 1183 metuens,
2863 1119 3300 1190 appropinquare
3330 1130 3443 1171 non
3481 1129 3580 1168 au-

2012 1211 2195 1279 debat,
2220 1211 2342 1267 ideo
2370 1212 2623 1268 Christus
2652 1212 2915 1266 inclinato
2940 1210 3117 1281 capite
3141 1210 3355 1265 vocavit
3376 1208 3574 1278 ipsam.

2012 1302 2150 1359 Nam
2169 1312 2460 1375 antequam
2482 1311 2644 1376 caput
2669 1304 2990 1359 inclinasset
3008 1342 3024 1368 ,
3052 1302 3332 1359 verebatur
3355 1298 3580 1370 propius

2017 1395 2295 1452 accedere.
2327 1396 2472 1461 Ideo,
2520 1396 2698 1466 inquit
2736 1394 3068 1466 evangelista
3097 1412 3115 1450 :
3149 1410 3169 1446 ι
3205 1392 3272 1447 Et
3317 1391 3580 1448 inclinato

2016 1487 2194 1556 capite
2222 1487 2444 1542 tradidit
2475 1487 2749 1559 spiritum.
2783 1506 2801 1540 ι

2088 1575 2309 1642 Quass'r.
2341 1575 2502 1632 XLII.
2538 1578 2717 1644 Quare
2752 1590 2948 1648 magna
2980 1588 3115 1631 voce
3146 1573 3400 1631 clamavit
3424 1572 3584 1629 Cbri~

2019 1676 2137 1722 stus
2165 1667 2222 1722 in
2251 1670 2456 1724 cruce?

2088 1758 2250 1814 lisse.
2283 1759 2324 1816 Ο
2332 1769 2352 1815 ι
2371 1775 2527 1815 suam
2551 1760 2854 1817 declararet
2881 1759 3201 1832 potentiam,
3223 1758 3441 1814 Iudaeos
3464 1772 3589 1828 per-

2023 1847 2394 1913 terrefaceret,
2433 1860 2486 1906 et
2519 1850 2585 1904 ad
2618 1850 2775 1906 (idem
2801 1850 3112 1907 adduceret.
3146 1847 3274 1903 Haec
3305 1847 3455 1903 enim
3484 1861 3589 1901 vox

2021 1949 2204 2012 petras
2229 1940 2471 2008 discidit,
2502 1944 2679 1999 velum
2712 1944 2897 2013 templi
2925 1942 3183 2013 disrupit,
3215 1950 3423 1997 terram
3464 1954 3592 1996 suc-

2022 2030 2217 2099 cussit,
2247 2039 2302 2087 et
2339 2042 2679 2089 mortuorum
2706 2035 2956 2104 sepulcra
2987 2034 3217 2103 aperuit.
3271 2034 3350 2089 Ac
3394 2047 3464 2089 ne
3512 2031 3593 2088 sic

2022 2117 2242 2189 quidem
2270 2120 2657 2189 intellexerunt
2685 2123 2884 2193 ingrati
2915 2120 3111 2177 Judaei.

2096 2296 2316 2365 Quzsr.
2352 2297 2534 2355 XLIII.
2568 2298 2849 2366 Quomodo
2881 2300 3015 2356 vidit
3056 2298 3227 2356 Maria
3261 2299 3595 2356 Dominum?

2025 2389 2188 2447 Flens
2229 2390 2371 2446 enim
2404 2390 2461 2445 in
2508 2400 2861 2448 monumento
2886 2371 3093 2448 .stabat
3136 2407 3325 2447 coram
3363 2394 3590 2464 angelis.

2028 2483 2172 2538 tristi
2202 2483 2354 2539 vultu
2389 2491 2443 2538 et
2495 2493 2719 2554 aspectu
2765 2484 3027 2541 demisso.
3084 2483 3372 2552 Quomodo
3427 2487 3594 2559 igitur

2027 2575 2161 2631 vidit
2188 2590 2335 2646 eum,
2359 2576 2454 2646 qui
2486 2592 2517 2632 a
2546 2584 2699 2648 tergo
2726 2577 2975 2634 veniebat
3000 2578 3401 2634 obambulans?

2099 2777 2263 2837 Rose.
2300 2779 2391 2836 Sic
2424 2795 2513 2837 res
2541 2780 2725 2839 habet.
2762 2780 2899 2838 Cum
2923 2782 3101 2856 angeli
3129 2781 3382 2840 sederent
3406 2782 3590 2839 Marias

2028 2886 2096 2930 ex
2122 2871 2370 2939 adverso,
2410 2873 2765 2945 viderentque
2789 2872 3066 2930 Christum
3104 2889 3133 2928 ο
3176 2881 3326 2945 tergo
3355 2874 3473 2943 ejus
3499 2889 3592 2930 ac-

2028 2964 2309 3025 cedentem
2335 2983 2349 3019 :
2377 2963 2469 3028 illa
2501 2963 2718 3034 quidem
2750 2970 3049 3026 retrorsum
3084 2978 3193 3019 non
3220 2964 3542 3035 re5piciebat
3574 2984 3587 3019 :

2033 3055 2208 3125 angeli
2253 3070 2384 3110 vero
2425 3054 2677 3111 sedentes
2704 3071 2735 3111 e
2757 3056 2995 3128 regione,
3029 3056 3282 3112 viderunt
3311 3056 3590 3113 Christum

364 3144 452 3197 τὸν
479 3145 715 3217 Χριστὸν
770 3146 1064 3217 ἐρχόμενον
1117 3148 1292 3203 ὀπίσω
1322 3150 1490 3222 αὐτῆς
1516 3190 1530 3215 ,
1583 3152 1678 3206 καὶ
1730 3152 1922 3217 εὐθέως

2034 3160 2065 3200 a
2096 3154 2249 3216 tergo
2278 3146 2605 3212 venientem,
2640 3148 2932 3218 statimque
2979 3155 3359 3207 surrexerunt.
3391 3147 3594 3204 Videns

367 3235 681 3309 ἀνέστησαν.
720 3238 923 3292 ’ἰδοῦσα
946 3239 1003 3292 δὲ
1037 3241 1070 3313 η
1099 3241 1235 3312 γυνὴ
1258 3242 1383 3306 τοὺς
1416 3242 1680 3312 ἀγγέλους
1717 3246 1933 3318 ἀποπη-

364 3325 626 3395 δήσαντας
650 3329 948 3402 ἐξεπλάγη,
977 3332 1071 3389 καὶ
1102 3327 1258 3396 αὖθις
1284 3334 1527 3406 ἐστράφη
1562 3336 1641 3399 είς
1663 3336 1731 3390 τά
1755 3337 1931 3391 ὀπίσω

370 3417 490 3473 ἰδεῖν
523 3422 578 3475 τί
614 3420 908 3478 ἐθεάσαντο
944 3424 991 3475 οἱ
1025 3421 1266 3492 ἄγγελοι,
1316 3426 1412 3479 καὶ
1456 3421 1593 3479 εἶδεν
1639 3428 1931 3499 ἐρχόμενον

366 3511 450 3565 τὸν
485 3513 712 3585 Ἰησοῦν.
747 3513 895 3585 Αὕτη
940 3516 1086 3568 ἐστὶν
1118 3516 1267 3569 αἰτία
1296 3517 1391 3570 τοῦ
1427 3517 1551 3571 ἰδεῖν
1585 3518 1933 3595 τηνέΜαρίαν

367 3602 453 3656 τὸν
475 3603 683 3677 Κύριον
712 3606 1047 3676 στραφεῖσαν
1076 3606 1154 3668 είς
1182 3605 1249 3659 τὰ
1276 3606 1471 3661 ὀπίσω.
1664 3598 1675 3613 ⁸

443 3694 636 3767 Ἐρώτ,
671 3695 773 3767 μδ’.
817 3695 915 3749 Διά
946 3695 999 3749 τί
1031 3697 1059 3749 ὀ
1079 3697 1313 3768 Χριστὸς
1339 3701 1452 3763 τοῖς
1475 3697 1744 3773 μαθηταῖς
1765 3701 1933 3756 αὐτοῦ

369 3785 595 3858 ἐζήτησε
625 3787 769 3858 μετὰ
794 3787 894 3859 τὴν
936 3791 1231 3845 ἀνάστασιν
1262 3793 1606 3862 φαγεῖνιούχ
1639 3793 1836 3865 εὑρέθη
1876 3794 1935 3848 δὲ

366 3875 545 3949 ἕτερον
579 3879 766 3952 μέρος,
795 3879 968 3951 ἀλλ’ἢ
1015 3882 1171 3953 μόνον
1198 3881 1380 3953 ίχθύος
1424 3882 1590 3954 ὀπτοῦ
1622 3882 1808 3956 μέρος,
1839 3887 1938 3941 καὶ⁸

366 3971 470 4023 ἀπὸ
500 3971 780 4042 μελισσίου
808 3972 1000 4044 κηρίον
1025 3991 1041 4041 ;

445 4063 637 4117 ’Δπόκ.
665 4062 825 4128 Τινὲς
855 4064 917 4118 :6
940 4066 1047 4119 άπὸ
1074 4066 1351 4138 μελισσίου
1382 4069 1573 4140 κηρίον
1602 4068 1736 4134 ἃλας
1755 4070 1937 4142 ἡρμή-

368 4168 554 4207 νευσαν
586 4149 758 4207 εἶναι·
793 4155 1046 4227 φλυάρων
1070 4157 1361 4230 μυθολογία
1394 4158 1566 4213 ταῦτα
1596 4160 1665 4214 τὰ
1695 4161 1933 4232 ῥήματα.

369 4242 439 4297 Τὸ
457 4245 565 4318 γάρ
593 4246 705 4299 άπὸ
730 4239 1008 4317 μελισσίου
1039 4249 1229 4321 κηρίον
1252 4254 1347 4311 καὶ
1382 4251 1562 4325 ἰχθύος
1580 4251 1746 4305 ὀπτοῦ
1774 4252 1937 4323 μέρος

367 4335 534 4391 ταῦτά
562 4339 702 4390 εἰσιν
728 4333 816 4391 οἷα
850 4336 996 4407 λέγει
1027 4342 1061 4411 η
1104 4342 1315 4415 Γραφή.
1345 4346 1497 4416 Ἔχει
1546 4344 1603 4397 δὲ
1637 4343 1938 4415 παράδοξόν

2026 3253 2157 3293 vero
2192 3239 2390 3294 mulier
2422 3240 2643 3310 angelos
2668 3240 2952 3305 resiliisse,
2980 3242 3163 3297 animo
3188 3242 3459 3314 perculsa,
3485 3248 3591 3296 sta.

2028 3330 2127 3385 tim
2158 3338 2306 3387 retro
2354 3333 2623 3387 convertit
2670 3349 2729 3389 se
2761 3333 2829 3388 ad
2879 3333 3192 3399 videndum,
3240 3335 3373 3405 quid
3419 3334 3594 3405 angeli

2030 3430 2336 3490 cernerent,
2395 3433 2449 3481 et
2500 3425 2636 3480 vidit
2687 3427 2994 3484 venientem
3050 3426 3259 3484 Jesum.
3325 3424 3450 3482 llaec
3513 3433 3598 3482 est

2030 3529 2198 3570 causa
2245 3514 2394 3587 quod
2441 3516 2630 3584 Maria,
2686 3526 2835 3574 retro
2881 3533 3166 3586 conversa,
3227 3517 3364 3574 vidit
3414 3516 3598 3573 Domi-

2030 3621 2183 3663 num.

2102 3698 2325 3766 Quzsr.
2356 3698 2538 3754 XLIV.
2577 3698 2757 3767 Quare
2784 3715 2907 3756 cum
2943 3701 3225 3772 discipulis
3262 3707 3384 3771 post
3414 3715 3598 3756 resur~

2032 3790 2327 3846 rectionem
2372 3806 2527 3847 suam
2570 3790 2827 3847 Christus
2876 3791 3037 3849 edere
3094 3792 3285 3855 voluit,
3345 3806 3447 3846 nec
3491 3789 3598 3846 alia

2033 3880 2212 3951 portio
2251 3889 2338 3937 est
2364 3881 2606 3948 inventa,
2635 3883 2746 3940 assi
2780 3883 2970 3955 piscis,
3002 3891 3057 3942 et
3090 3884 3157 3940 de
3189 3883 3313 3939 favo
3342 3882 3565 3938 mellis?

2105 4058 2271 4117 Bssr.
2300 4060 2532 4127 Quidam
2564 4059 2697 4116 illud
2730 4061 2798 4118 de
2832 4060 2953 4119 favo
2995 4062 3199 4133 mellis,
3226 4062 3396 4119 salem
3432 4061 3602 4117 inter-

2035 4154 2233 4224 pretati
2280 4164 2431 4219 sunt,
2482 4169 2601 4225 quae
2646 4154 2812 4217 verba
2863 4155 3156 4227 nugacium
3201 4161 3329 4216 sunt
3382 4153 3599 4211 fabulae.

2033 4241 2171 4301 Nam
2201 4242 2367 4303 favus
2396 4244 2571 4301 mellis
2618 4253 2672 4300 et
2716 4259 2874 4302 assus
2922 4245 3092 4317 piscis
3137 4243 3408 4316 ejusmodi
3452 4254 3600 4299 sunt.

2036 4335 2220 4405 qualia
2261 4335 2395 4390 dicit
2429 4334 2736 4415 Scriptura.
2775 4335 2949 4403 Habet
2988 4345 3169 4393 autem
3210 4353 3299 4394 res
3328 4336 3605 4415 admiran-

370 4445 484 4482 τινα
515 4430 812 4501 ἑρμηνείαν
850 4403 945 4484 καξι
980 4403 1291 4507 βαθυτάτην
1320 4403 1922 4506 καίάναγωγικδιτάέηι

2038 4403 2165 4482 dam
2203 4403 2740 4500 interpretationem,
2788 4437 2844 4484 et
2874 4428 3198 4500 profundam
3245 4436 3408 4500 atque
3449 4403 3606 4483 valde

368 4520 671 4592 ἀκρίϐειαν.
715 4523 775 4575 'U
828 4521 955 4586 νοῦς
1006 4524 1105 4595 τῆς
1140 4505 1501 4596 ἀνα-γνώσεως
1560 4528 1732 4597 ταύτῃ
1787 4505 1922 4581 ἐστὶι

2042 4529 2308 4574 remotam
2359 4518 2892 4589 pervestigationem.
2949 4516 3157 4575 Sensus
3216 4526 3397 4574 autem
3448 4517 3607 4573 istius

370 4606 543 4676 οὗτος·
587 4614 617 4666 6
675 4613 775 4684 μὲν
823 4612 976 4684 ἰχθὺς
1016 4617 1405 4689 παρεικάζεται
1438 4621 1519 4682 εἰς
1566 4619 1665 4689 τὴν
1697 4616 1922 4689 σκληρὰι

2043 4611 2293 4668 lectionis
2324 4610 2412 4665 hic
2441 4619 2526 4669 est
2558 4629 2572 4665 :
2602 4609 2779 4667 Piscis
2808 4609 3217 4665 similitudinem
3247 4608 3412 4663 habet
3451 4622 3608 4678 aspe-

369 4701 638 4775 διαγωγὴν
667 4703 779 4758 τῶν
803 4704 1078 4774 ἀσκητῶν,
1106 4698 1213 4759 τῶν
1250 4709 1605 4781 δαμασάντων
1629 4707 1728 4778 τὴν
1761 4707 1922 4778 σάρκα

2045 4719 2122 4760 τω
2155 4703 2589 4766 conversationis
2619 4711 2946 4768 ascetarum,
2975 4703 3070 4772 qui
3102 4700 3350 4772 jejuniis,
3381 4699 3604 4770 vigiliis,

368 4798 639 4865 νηστείαις
673 4796 767 4849 καὶ
803 4797 1131 4868 ἀγρυπνίαις
1164 4801 1257 4853 καὶ
1296 4803 1413 4864 ταῖς
1456 4801 1669 4862 λοιπαῖς
1696 4816 1922 4863 κακοπα·

2046 4802 2101 4852 et
2148 4795 2271 4850 aliis
2320 4793 2770 4864 castigationibus
2826 4806 3046 4848 carnem
3103 4791 3431 4846 domuerunt
3465 4803 3479 4841 :
3512 4788 3607 4858 qui

369 4885 555 4953 θείαις,
605 4889 701 4940 κα)⁸
754 4887 1181 4961 σταυρωσάντων
1214 4893 1438 4956 ἑαυτοὺς
1479 4891 1558 4963 τῷ
1611 4891 1800 4961 κόσμῳ
1844 4891 1922 4945 κα¹

2048 4889 2260 4957 seipsos
2287 4884 2491 4939 mundo
2517 4891 2572 4940 et
2599 4884 2968 4954 voluptatibus
2997 4882 3408 4945 cruciﬁxerunt,
3432 4887 3485 4934 ct
3514 4880 3607 4949 qui

367 4983 480 5045 ταῖς
509 4980 748 5053 ἡδοναῖς,
778 4982 874 5034 καὶ
898 4982 1161 5053 ὑγρότησι,
1178 4986 1272 5038 καὶ
1300 4989 1420 5050 ταῖς
1446 4986 1675 5058 τροφαῖς
1704 4982 1798 5037 τοῦ
1824 4983 1922 5055 βίοι

2044 4977 2286 5035 humidis
2319 4976 2457 5033 cibis
2489 4976 2936 5046 voluptuosisque
2959 4974 3374 5036 renuntiarunt,
3409 4971 3605 5026 aridis-

366 5073 817 5145 άποταξαμένων,
865 5075 960 5126 καὶ
992 5077 1057 5146 τῇ
1104 5073 1360 5150 ξηρότητι
1409 5078 1635 5141 ἑαυτοὺς
1667 5076 1922 5147 δαμασάν·

2043 5087 2151 5143 que
2178 5070 2389 5140 seipsos
2432 5068 2737 5133 domantes,
2779 5068 3073 5131 asceticam
3111 5066 3252 5125 viam
3294 5062 3609 5135 ingrediun-

366 5181 489 5230 των,
522 5167 619 5220 καὶ
648 5168 717 5237 τῇ
749 5166 1025 5237 άσκητικῇ
1051 5164 1152 5236 ὀδῷ
1180 5168 1585 5241 πορευομένων,
1637 5165 1819 5229 καθὼς
1858 5167 1922 5227 ἐν

2040 5172 2155 5230 tur,
2185 5162 2642 5235 quemadmodum
2681 5161 2936 5232 praecepit
2972 5159 3223 5214 Christus
3252 5174 3265 5210 :
3300 5173 3319 5207 ι
3348 5154 3451 5222 Qui
3495 5154 3610 5209 vult

367 5258 598 5312 ετείλατο
642 5260 670 5312 6
718 5256 994 5330 Χριστός⁶
1044 5275 1064 5309 1
1104 5257 1162 5311 Ὀ
1189 5260 1359 5313 θέλων
1390 5259 1489 5331 τὴν
1540 5260 1721 5332 ψυχὴν
1775 5258 1922 5315 αύτοὶ

2044 5259 2280 5314 animam
2336 5273 2490 5314 suam
2538 5270 2777 5322 servare,
2834 5251 3022 5323 perdet
3070 5265 3190 5310 eam
3222 5249 3298 5316 ⁶²;
3333 5267 3353 5301 ι
3384 5243 3610 5318 jejuniis

367 5352 530 5407 σῶσαι
560 5350 824 5406 ἀπολέσει
879 5348 1069 5421 αὐτὴν,
1109 5368 1127 5402 ι
1158 5350 1217 5404 ἐν
1269 5351 1546 5421 νηστείαις
1573 5350 1815 5422 δηλονότι
1848 5352 1922 5405 κα

2045 5354 2253 5427 utique,
2276 5349 2565 5421 vigiliiset
2589 5349 2713 5405 aliis
2742 5344 3143 5409 alllictionibus.
3168 5339 3452 5409 Quomodo
3481 5354 3610 5395 vero

364 5447 714 5519 ἀγρυπνίαις,
746 5442 844 5497 καὶ¹
888 5446 1008 5506 ταῖς
1036 5442 1251 5508 λοιπαῖς
1280 5443 1692 5507 κακοπαθείαις.
1736 5445 1860 5509 Πῶς
1886 5444 1922 5497 61

2042 5445 2212 5516 piscis
2242 5442 2573 5500 assimiletur
2613 5439 2811 5507 ascesi',
2841 5438 2926 5493 vel
2958 5433 3436 5501 macerationibus,
3465 5444 3611 5486 nunc

362 5539 757 5614 παρεικάςεται
791 5538 822 5590 ὁ
868 5535 1020 5607 ίχθὺς
1050 5538 1128 5600 είς
1154 5536 1253 5608 τὴν
1285 5537 1540 5609 ἄσκησιν,
1575 5536 1609 5608 ἦ
1646 5536 1744 5608 τὴν
1782 5555 1919 5592 κακο

2046 5537 2282 5595 attende.
2316 5534 2462 5590 Pisci
2501 5532 2697 5588 similis
2735 5537 2817 5614 cst
2846 5529 3007 5585 homo
3046 5546 3062 5583 :
3098 5541 3226 5581 nam
3270 5525 3412 5582 sicut
3443 5522 3611 5594 piscis

363 5613 609 5701 πάθειαν,
634 5634 897 5689 ἄκουσον.
915 5628 1236 5702 Ἄνθρωπος
1258 5630 1443 5702 ὅμοιός
1464 5632 1582 5684 ἐστι
1601 5628 1693 5683 τοῦ
1731 5630 1911 5703 ἰχθύος

2046 5630 2175 5687 dum
2203 5626 2379 5685 adhuc
2409 5632 2494 5683 est
2522 5624 2575 5681 in
2606 5613 2755 5681 mari
2776 5636 2990 5680 omnem
3023 5620 3185 5677 habet
3214 5616 3610 5691 humiditatem.

336 5892 339 5895 _
425 5820 467 5854 “5
510 5816 703 5885 Matth.
742 5829 870 5875 xw,
907 5811 997 5867 23.
