4088 6382
433 401 438 408 .
527 360 626 413 717

1726 351 2188 408 ATHANASIUS.
2230 382 2300 394 --
2339 350 2609 411 SPURIA.

3643 359 3746 414 728

524 484 578 530 et
611 491 734 529 cum
769 492 871 532 suo
903 477 1167 546 sanguine
1215 474 1270 528 in
1317 481 1472 528 vasto
1502 473 1631 526 vivit
1678 473 1792 525 luto
1826 489 1838 524 :
1870 471 2084 539 quando

2189 471 2377 542 ὥσπερ
2403 470 2513 540 γὰρ
2546 472 2574 522 6
2611 468 2781 540 ἰχθὺς,
2809 471 2914 534 ιως
2941 471 3086 526 ἐστὶν
3118 474 3175 526 ἐν
3206 477 3272 546 τῇ
3317 473 3582 546 θαλάσσῃ,
3633 475 3746 546 ἔχει

527 583 657 621 vero
673 578 863 637 captus
883 575 1034 622 extra
1057 581 1250 635 aquam
1273 564 1503 628 venerit,
1537 563 1767 617 moritur
1787 582 1799 616 :
1820 563 1885 614 ad
1905 563 2083 632 ignem

524 674 656 714 vero
701 660 911 730 positus
963 667 1181 712 assatur
1234 666 1288 712 et
1335 655 1522 722 areﬁt,
1580 655 1864 725 perditque
1929 669 2083 708 suam

525 764 742 802 omnem
771 749 1188 802 immunditiem.
1219 746 1368 802 Talis
1397 747 1556 800 etiam
1597 754 1679 800 est
1713 745 1875 800 homo
1909 763 1922 800 :
1955 743 2085 798 dum

523 840 704 893 adhuc
736 848 820 895 est
855 841 908 894 in
939 843 1116 894 medio
1151 841 1272 894 vita:
1313 854 1426 894 suae
1463 839 1760 900 curriculo,
1796 837 2086 906 voluptati-

521 933 622 986 bus
649 932 886 1002 indulget
905 943 957 986 et
979 932 1347 986 immoderatis
1399 930 1874 1000 concupiscentiis.
1901 929 2085 994 Quan-

521 1025 591 1077 do
623 1040 751 1079 vero
780 1026 968 1079 relicto
1011 1025 1232 1087 mundo,
1268 1024 1441 1079 ascesi
1476 1031 1530 1078 et
1564 1023 1825 1093 asperiori
1867 1022 1991 1074 vita:
2025 1022 2083 1074 in

520 1117 737 1170 deserto
766 1131 987 1185 operam
1018 1117 1244 1180 dederit,
1282 1117 1456 1172 sancti
1511 1115 1749 1184 Spiritus
1786 1115 1905 1182 igne
1933 1113 2081 1167 cale-

518 1205 722 1269 factus,
757 1223 786 1260 a
817 1208 931 1262 suis
961 1208 1242 1262 aﬁectibus
1284 1207 1500 1265 arescit.
1537 1215 1590 1260 et
1621 1207 1686 1260 ab
1713 1206 1859 1258 omni
1894 1219 2084 1274 repur-

518 1307 678 1367 gatur
720 1299 1084 1362 itnmunditia,
1123 1308 1288 1369 atque
1327 1315 1423 1368 per
1453 1299 1683 1353 virtutes
1717 1303 1934 1366 accepta
1972 1294 2081 1348 Deo

519 1388 758 1444 efﬁcitur
784 1390 983 1446 hostia.
1018 1389 1154 1443 Nam
1200 1392 1340 1444 sicut
1374 1390 1540 1458 piscis
1575 1387 1642 1441 ad
1683 1388 1946 1441 carbones
1988 1399 2080 1438 as-

521 1487 697 1543 satus,
736 1481 795 1533 ﬁt
831 1481 1150 1536 commodus
1173 1488 1227 1535 et
1256 1481 1404 1534 utilis
1446 1477 1602 1534 cibus
1630 1497 1642 1532 :
1673 1477 1751 1532 sic
1791 1476 1954 1529 homo
1987 1486 2084 1542 per

523 1571 757 1625 calorem
791 1569 1026 1636 Spiritus
1053 1572 1223 1627 sancti
1260 1578 1602 1642 repurgatus,
1634 1567 1810 1623 hostia
1853 1563 2082 1619 Domino

525 1673 746 1734 accepta
773 1665 1025 1723 efﬁcitur.

2187 563 2366 614 πᾶσαν
2397 561 2495 632 τὴν
2523 561 2814 633 ὑγρότητα,
2833 563 2926 616 καὶ
2947 561 3010 634 ζῇ
3044 564 3177 634 μετὰ
3205 564 3300 618 τοῦ
3327 567 3554 636 αἵματος
3583 565 3746 620 αὐτοῦ

2187 654 2281 706 καὶ
2315 654 2495 723 πάσης
2527 653 2694 717 ἰλύοςο
2725 655 2850 707 ὅταν
2878 655 2934 708 δὲ
2971 657 3217 728 κρατηθῇ
3259 657 3362 722 ἔξω
3407 659 3498 712 τοῦ
3534 659 3745 724 ὕδατος,

2186 746 2506 818 νεκροῦται·
2542 747 2822 817 τιθέμενος
2870 748 2925 801 δὲ
2959 753 3016 803 ὲν
3058 750 3135 821 τῷ
3185 753 3318 822 πυρὶ
3353 753 3608 806 όπτοῦται
3653 756 3746 809 καὶ

2189 837 2518 907 ξηραίνεται,
2545 839 2638 890 καὶ
2673 839 2929 892 ἀπόλλυσι
2971 842 3147 895 πᾶσαν
3171 843 3334 894 αὑτοῦ
3374 843 3474 914 τὴν
3503 843 3746 914 ἀκαθαρ-

2190 927 2311 979 σίαν
2329 945 2343 957 ·
2372 928 2593 998 τοιούτῳ
2619 930 2801 1001 τρόπῳ
2827 931 2940 983 ἐστὶ
2977 933 3068 984 καὶ
3095 934 3122 984 6
3149 933 3430 1004 ἄνθρωπος
3449 952 3460 963 ·
3493 933 3598 997 ἕως
3633 937 3747 988 ἐστὶ

2192 1023 2353 1092 μέσον
2381 1027 2474 1079 τοῦ
2509 1023 2656 1094 βίου,
2696 1024 2760 1096 ζῇ
2807 1025 3064 1096 ἐμπαθῶς
3097 1028 3233 1098 πρὸς
3272 1028 3370 1092 τὰς
3415 1029 3607 1099 ἡδονὰς
3656 1030 3748 1083 καὶ

2189 1114 2518 1179 ἀκολάστους
2545 1116 2856 1187 ἐπιθυμίας.
2883 1118 3045 1171 Ὅταν
3070 1119 3124 1172 δὲ
3155 1121 3360 1190 ἀποστῇ
3391 1121 3483 1173 τοῦ
3519 1123 3744 1191 κόσμου,

2189 1208 2283 1259 καὶ
2306 1206 2474 1278 βιώσῃ
2509 1209 2566 1260 ἐν
2593 1209 2820 1279 ἀσκήσει
2845 1211 2936 1262 καὶ
2963 1209 3345 1282 σκληραγωγίᾳ
3369 1213 3426 1264 ἐν
3447 1215 3510 1282 τῇ
3535 1214 3744 1283 ἐρήμῳ,

2189 1295 2294 1349 ὑπὸ
2320 1298 2490 1368 πυρὸς
2516 1298 2608 1351 τοῦ
2643 1300 2798 1368 ἁγίου
2821 1300 2958 1352 Πνεύ
2968 1319 3130 1370 ματος
3162 1301 3604 1374 θερμαινόμενος,
3630 1304 3746 1356 τότε

2187 1387 2496 1459 ξηραίνεται
2520 1393 2584 1444 ὲκ
2614 1391 2721 1444 τῶν
2745 1391 2949 1454 παθῶν,
2977 1394 3069 1446 καὶ
3100 1393 3417 1464 καθαίρεται
3438 1396 3545 1448 ἀπὸ
3570 1396 3748 1465 πάσης

2185 1481 2552 1554 ἀκαθαρσίας,
2589 1485 2919 1552 καὶγίνεται
2960 1486 3036 1556 τῷ
3087 1487 3204 1557 Θεῷ
3250 1487 3406 1540 θυσία
3460 1490 3747 1558 εὐάρεστος

2185 1569 2273 1623 διὰ
2301 1571 2408 1624 τῶν
2443 1573 2937 1647 ἀρετῶν.Ὥσπερό
2988 1576 3135 1645 ίχθυς
3191 1577 3397 1644 γίνεται
3449 1577 3748 1647 ἐπιτήδειος

2184 1662 2265 1724 είς
2312 1664 2516 1733 τροερὴν
2559 1666 2815 1738 ὀπτηθεὶς
2872 1667 2958 1719 ἐπ’
3000 1666 3316 1738 ἀνθράκωνο
3371 1668 3541 1732 οὕτως
3585 1668 3680 1720 καὶ
3720 1669 3748 1720 6

523 1757 836 1827 ἄνθρωπος,
888 1759 977 1813 διὰ
1026 1759 1124 1829 τῆς
1153 1759 1357 1831 θέρμης
1411 1759 1504 1813 τοῦ
1558 1759 1709 1826 ἁγίου
1758 1755 2072 1824 Πνεύματος
2108 1751 2420 1825 καθαρθεὶς,
2456 1759 2662 1827 γίνεται
2693 1759 2849 1814 θυσία
2892 1762 3276 1833 εὐπρόσδεκτος
3308 1761 3384 1832 τῷ
3423 1762 3630 1831 Κυρίῳ.

603 1849 765 1919 264
790 1847 944 1903 Nunc
978 1850 1120 1918 quod
1152 1850 1217 1903 ad
1253 1849 1433 1903 favum
1469 1849 1641 1904 mellis
1672 1848 1883 1908 attinet,
1919 1843 2082 1896 talem

2256 1845 2329 1898 T6
2371 1846 2428 1899 δὲ
2469 1847 2577 1900 ἀπὸ
2611 1850 2887 1919 μελισσίου
2932 1850 3120 1921 κηρίον
3152 1849 3267 1902 ἐστὶ
3298 1848 3455 1903 πάλιν
3494 1849 3748 1920 τοιαύτην

527 1941 689 1994 habet
725 1942 1246 2010 interpretationem.
1302 1940 1659 2006 Quzerendum
1719 1939 1900 2007 itaque
1951 1948 2086 2005 quo-

527 2029 690 2083 modo
719 2046 830 2083 non
864 2029 1027 2083 fuerit
1060 2031 1162 2084 incl
1193 2032 1309 2085 sine
1350 2031 1490 2085 favo.
1550 2029 1646 2084 Est
1678 2027 1895 2098 quidem
1933 2026 2085 2080 favus

528 2123 648 2176 sine
689 2124 866 2186 melle,
901 2130 954 2176 et
996 2123 1290 2192 aliquando
1345 2123 1448 2176 mel
1495 2130 1578 2176 est
1629 2121 1745 2177 sine
1798 2119 1920 2174 favo
1955 2137 1966 2171 :
1997 2119 2089 2172 hic

525 2230 655 2268 vero
676 2223 945 2283 repertum
984 2222 1068 2269 est
1099 2222 1420 2284 utrumque;
1448 2229 1556 2282 quo
1586 2228 1712 2266 vero
1746 2219 1904 2281 pacto
1937 2209 2084 2263 audi.

525 2304 627 2360 Mel
675 2307 891 2376 quidem
945 2308 1384 2376 proptensancti
1442 2303 1678 2373 Spiritus
1723 2302 2084 2367 dulcedinem,

524 2413 687 2465 quam
715 2413 880 2467 super
907 2399 1183 2468 apostolos
1200 2404 1252 2452 et
1265 2413 1454 2452 omnes
1470 2397 1654 2451 ﬁdeles
1667 2395 2086 2451 eﬁ‘usuruserat.

523 2488 728 2542 l‘avum
766 2505 895 2544 vero
926 2489 1137 2552 habuit,
1188 2497 1407 2559 propter
1446 2487 1809 2558 signaculum,
1841 2502 1950 2556 quo
1995 2501 2092 2555 per

524 2580 856 2650 baptismum
888 2596 1078 2635 omnes
1111 2579 1294 2634 ﬁdeles
1328 2579 1656 2648 obsignavit.
1716 2577 1924 2632 Etenim
1965 2577 2091 2633 the-

525 2688 723 2727 saurus
751 2681 956 2742 quanto
988 2672 1160 2743 magis
1189 2672 1435 2727 inclusus
1459 2679 1541 2726 est
1565 2672 1618 2725 in
1653 2670 1797 2735 favo,
1832 2679 1985 2724 tanto
2006 2680 2090 2725 est

525 2765 712 2818 tutior.
744 2763 1024 2818 Consimili
1071 2762 1230 2816 modo
1271 2773 1325 2817 et
1355 2766 1541 2833 gratiae
1569 2762 1766 2816 divina:
1803 2769 1933 2816 tutae
1962 2770 2090 2816 sunt

525 2856 580 2910 in
611 2856 848 2918 homine,
877 2854 968 2924 qui
999 2853 1255 2924 baptismi
1283 2854 1619 2924 signaculum
1645 2861 1698 2908 et
1723 2853 1937 2922 signum
1961 2867 2090 2906 cru-

524 2949 624 3015 cis,
658 2948 892 3019 denique
913 2946 1071 3002 ﬁdem
1103 2961 1321 3018 quoque
1358 2961 1479 3018 quae
1503 2954 1587 3001 est
1619 2945 1674 3000 in
1697 2945 1974 3002 Christum
1997 2943 2090 2999 ﬁa-

523 3038 632 3097 bet.

1008 3279 1084 3334 De
1111 3281 1283 3351 gloria
1308 3279 1327 3352 (
1351 3278 1566 3336 Christi.
1588 3283 1608 3350 )

597 3414 814 3480 Quasr.
847 3415 1006 3471 XLV.
1047 3413 1340 3471 Sciendum
1368 3432 1497 3472 vero
1523 3415 1667 3487 quod
1699 3415 1961 3474 Dominus
1991 3433 2090 3472 no-

523 3517 635 3563 ster
659 3507 818 3565 Jesus
845 3509 1100 3564 Christus
1145 3518 1432 3578 postquam
1461 3522 1528 3562 ex
1561 3506 1767 3579 Spiritu
1817 3518 2008 3564 sancto
2035 3516 2090 3564 et

523 3616 588 3655 ex
621 3599 787 3654 Maria
825 3609 1083 3670 perpetua
1115 3600 1336 3671 Virgine
1369 3603 1715 3672 sumpsisset,
1752 3609 1804 3657 et
1837 3601 2090 3655 incarna-

523 3699 612 3746 tus
646 3691 870 3758 fuisset;
919 3703 1207 3764 postquam
1255 3695 1490 3748 humana
1525 3695 1707 3748 omnia
1755 3695 2090 3764 suscepisset

524 3791 715 3851 przeter
760 3792 1040 3853 peccatum
1071 3792 1124 3838 et
1173 3785 1566 3848 inﬁrmitatem,
1597 3794 1888 3855 postquam
1938 3792 2087 3838 tanta

523 3873 776 3929 edidisset
799 3876 1081 3940 miracula,
1113 3887 1366 3945 essetque
1389 3876 1705 3941 cruciﬁxus,
1738 3885 1792 3930 et
1817 3878 1974 3930 tertia
2001 3875 2089 3929 die

523 3967 910 4020 resurrexisset
939 3968 1236 4021 secundum
1265 3967 1599 4037 Scripturas.
1633 3968 1975 4038 postmodum
1998 3982 2091 4021 as-

525 4063 772 4124 sumptus
796 4065 901 4121 est,
945 4065 999 4112 et
1045 4059 1290 4113 consedit
1321 4060 1385 4114 ad
1423 4059 1701 4114 dexteram
1737 4059 1851 4114 Dei.
1894 4057 2089 4114 Dexte-

522 4162 641 4200 ram
679 4163 808 4201 vero
840 4147 934 4202 Dei
962 4165 1085 4203 cum
1117 4149 1297 4214 audis,
1331 4167 1398 4206 ne
1431 4151 1581 4206 locos
1612 4151 1695 4205 vel
1743 4150 1942 4222 ﬁguras
1971 4152 2088 4221 glo-

521 4239 618 4291 the
671 4239 1078 4295 circumscribe.
1136 4240 1394 4296 Dextrum
1438 4243 1637 4298 etenim
1695 4250 1748 4298 et
1803 4244 2085 4298 sinistrum

523 4337 651 4386 sunt
693 4329 1294 4402 circumscripturarum
1343 4349 1564 4389 rerum:
1598 4333 1741 4390 Deus
1789 4342 1968 4390 autem
2011 4335 2090 4389 in-

521 4429 742 4478 creatus
778 4434 862 4480 est
893 4432 945 4480 et
974 4427 1236 4490 inﬁnitus,
1269 4425 1353 4479 cui
1387 4425 1533 4479 nulla
1575 4424 1773 4479 ascribi
1807 4424 1998 4486 forma,
2033 4431 2087 4479 et

2186 1936 2306 2007 ἔχον
2346 1937 2446 2008 τὴν
2479 1939 2793 2011 ἑρμηνείαν.
2825 1941 3091 2010 Ζητητέον
3113 1941 3287 1994 τοίνυν
3326 1939 3439 2003 πῶς
3461 1941 3558 1993 οὐκ
3586 1935 3654 2010 ἦν
3686 1940 3748 1993 τὸ

2190 2028 2311 2098 μέλι
2340 2029 2510 2100 χωρίς
2551 2030 2765 2102 κηρίου.
2799 2031 2954 2083 Ἐστι
2986 2031 3042 2083 δὲ
3085 2031 3178 2084 καὶ
3211 2031 3398 2102 κηρίον
3443 2031 3608 2102 χωρὶς
3648 2030 3745 2100 μέ-

2185 2119 2328 2184 λιτος
2349 2137 2361 2149 ·
2398 2122 2492 2174 καὶ
2519 2123 2634 2175 ἔστι
2667 2123 2760 2176 καὶ
2783 2122 2903 2192 μέλι
2935 2123 3102 2195 χωρὶς
3129 2121 3341 2192 κηρίουο
3370 2124 3484 2174 ἐκεῖ
3513 2122 3569 2173 δὲ
3598 2121 3752 2192 εὑρέ-

2188 2213 2359 2280 θησαν
2396 2200 2780 2286 τὰάμφότερα
2799 2231 2812 2243 ·
2843 2214 2982 2268 κατὰ
3018 2215 3137 2267 τίνα
3163 2213 3218 2266 δὲ
3252 2213 3469 2287 τρόπον,
3498 2212 3748 2266 ἄκουσον.

2187 2304 2261 2356 Τὸ
2290 2305 2387 2373 μὲν
2414 2305 2534 2375 μέλι
2561 2305 2649 2358 διά
2673 2306 2768 2376 τὴν
2796 2305 3104 2375 γλυκύτητα
3128 2305 3218 2358 τοῦ
3234 2305 3384 2373 ἁγίου
3415 2303 3748 2374 Πνεύματος,

2187 2394 2253 2464 ἢν
2286 2393 2510 2464 ἔμελλεν
2538 2396 2747 2467 ὲκχέειν
2771 2396 2906 2468 πρὸς
2929 2399 3052 2458 τοὺς
3072 2395 3396 2458 ἀποστόλους
3421 2396 3513 2448 καὶ
3545 2395 3751 2458 πάντας

2185 2487 2313 2550 τοὺς
2358 2487 2611 2552 πιστούς·
2667 2488 2726 2541 τὸ
2753 2489 2809 2542 δὲ
2859 2489 3048 2559 κηρίον
3076 2489 3161 2540 διὰ
3207 2490 3305 2558 τὴν
3361 2489 3648 2559 σφραγῖδα,
3684 2489 3750 2558 ἢν

2187 2579 2418 2650 παρέχει
2452 2582 2564 2642 τοῖς
2589 2582 2798 2643 πιστοῖς
2830 2581 2958 2632 πᾶσι
2983 2578 3070 2632 διὰ
3101 2578 3192 2632 τοῦ
3229 2578 3619 2648 βαπτίσματος.
3644 2577 3751 2630 Καὶ

2187 2668 2296 2741 γάρ
2319 2671 2347 2722 6
2379 2669 2681 2740 θησαυρὸς,
2725 2671 2848 2723 ὅσον
2880 2671 2994 2723 ἐστὶ
3025 2670 3349 2740 βεϐυσμένος
3397 2670 3481 2723 διὰ
3535 2669 3746 2739 κηρίου,

2183 2757 2438 2811 τοσοῦτόν
2461 2761 2606 2812 ἐστιν
2630 2760 3051 2832 ἀσφαλέστερος.
3072 2760 3305 2829 Τοιούτῳ
3329 2759 3513 2830 τρόπῳ
3539 2756 3630 2812 οὖν
3656 2759 3750 2812 καὶ

2184 2851 2213 2902 6
2245 2852 2344 2920 τῆς
2371 2849 2523 2914 θείας
2545 2851 2762 2923 χάριτος
2783 2851 3010 2915 πλοῦτος
3041 2853 3098 2904 ἐν
3119 2851 3196 2922 τῷ
3224 2850 3491 2922 ἀνθρώπῳ
3517 2852 3750 2922 ὑπάρχει

2184 2941 2402 3005 ἄσυλος,
2435 2943 2572 3013 ἔχων
2609 2942 2707 3014 τὴν
2736 2943 3000 3016 σφραγῖδα
3031 2943 3120 2997 τοῦ
3167 2944 3318 3012 ἁγίου
3354 2941 3748 3014 βαπτίσματος,

2183 3033 2278 3086 καὶ
2321 3034 2383 3085 τὸ
2432 3038 2654 3107 σημεῖον
2695 3035 2786 3090 τοῦ
2820 3035 3090 3109 σταυροῦ,
3135 3035 3227 3090 καὶ
3286 3034 3383 3107 τὴν
3439 3035 3622 3088 πίστιν
3669 3035 3747 3097 είς

2189 3128 2442 3200 Χριστόν.

2784 3289 2923 3358 Περὶ
2955 3287 3160 3357 δόξης.

2272 3427 2461 3500 Ἐρώτ.
2501 3436 2600 3499 με’.
2652 3429 2893 3482 Γίνωσκε
2945 3430 3023 3492 δὲ,
3047 3430 3126 3482 ὃτι
3156 3430 3183 3481 6
3220 3424 3422 3496 Κύριος
3459 3422 3615 3493 ἡμῶν
3654 3421 3762 3476 καὶ

2187 3520 2319 3584 Θεὸς
2351 3520 2556 3590 Ἰησοῦς
2581 3518 2833 3589 Χριστὸς,
2859 3520 2995 3588 μετά
3018 3519 3078 3572 τὸ
3107 3515 3450 3590 σαρκωθῆναι
3483 3515 3546 3567 ὲκ
3575 3511 3752 3566 Ilvati-

2190 3629 2358 3682 ματος
2391 3611 2545 3679 ἁγίου
2604 3611 2698 3664 καὶ
2731 3612 2794 3662 ὲκ
2822 3608 2922 3678 τῆς
2963 3609 3047 3660 ἀεὶ
3083 3607 3349 3678 παρθένου
3379 3603 3619 3675 Μαρίας,
3659 3603 3752 3656 καὶ

2187 3703 2634 3775 ὲνανθρωπῆσαι,
2678 3703 2774 3758 καὶ
2825 3703 3002 3756 πάντα
3033 3700 3342 3772 ἀνθρώπινα
3388 3696 3750 3752 ἀναλαϐέσθαι

2188 3799 2355 3869 χωρὶς
2401 3799 2669 3868 ἁμαρτίας
2700 3797 2793 3850 καὶ
2825 3794 3122 3857 ἀσθενείας,
3163 3794 3256 3847 καὶ
3291 3791 3427 3863 μετὰ
3447 3791 3508 3844 τὸ
3539 3790 3750 3860 θαυμα-

2188 3887 2487 3957 τουργῆσαι
2536 3887 2630 3938 καὶ
2664 3885 3058 3957 σταυρωθῆναι,
3098 3883 3190 3936 καὶ
3239 3885 3302 3952 τῇ
3350 3882 3508 3952 τρίτη
3573 3879 3751 3951 ἡμέρᾳ

2187 3977 2484 4046 ἀναστῆναι
2514 3985 2653 4029 κατα
2682 3975 2778 4039 τὰς
2803 3975 3040 4046 Γραφὰς,
3071 3972 3291 4042 ὕστερον
3328 3967 3627 4040 ἀνελήφθη,
3663 3968 3752 4020 καὶ

2188 4070 2438 4123 ἐκάθισεν
2471 4071 2528 4121 ὲν
2560 4068 2709 4140 δεξιᾷ
2739 4067 2832 4121 τοῦ
2873 4066 3029 4120 Θεοῦ.
3070 4064 3258 4130 Δεξιάν
3303 4063 3360 4116 δὲ
3407 4061 3620 4115 ἀκούων
3660 4058 3750 4112 τοῦ

2188 4162 2346 4225 Θεοῦ,
2376 4161 2450 4232 μὴ
2482 4161 2677 4223 τόπους
2705 4160 2798 4212 καὶ
2827 4161 3076 4230 σχήματα
3113 4156 3268 4226 δόξης
3297 4155 3627 4224 περίγραφε.
3659 4154 3755 4204 Δε-

2189 4254 2280 4321 ξιὰ
2310 4255 2416 4326 γὰρ
2447 4255 2542 4307 καὶ
2569 4251 2832 4325 ἀριστερά
2860 4251 2966 4303 τῶν
2995 4247 3481 4322 περιγραφομένων
3513 4245 3660 4301 ἐστίν
3679 4259 3693 4273 ⁸
3723 4243 3752 4295 6

2187 4347 2244 4399 δὲ
2274 4346 2405 4408 Θεὸς
2447 4345 2718 4406 ἄπλαστος
2754 4343 2846 4397 καὶ
2896 4343 3143 4414 ἀόριστος
3187 4341 3280 4393 καὶ
3313 4338 3748 4409 ἀσχημάτιστος.

2189 4438 2283 4490 καὶ
2337 4435 2744 4507 ἁπερίγραπτός
2805 4435 2941 4489 ἐστι.
2991 4431 3178 4497 Δεξιάν
3224 4430 3280 4484 δὲ
3320 4429 3414 4483 τοῦ
3459 4427 3593 4481 Θεοῦ
3628 4429 3751 4480 ὅταν

521 4517 613 4590 qui
646 4531 748 4571 nec
777 4516 893 4586 ipse
917 4517 1292 4573 circumscribi
1312 4524 1494 4587 queat.
1521 4516 1804 4571 Dexteram
1831 4530 1960 4571 vero
1991 4514 2084 4570 Dei

2191 4528 2466 4601 ἀκούσῃς,
2499 4527 2598 4598 τὴν
2627 4525 2783 4590 δόξαν
2828 4526 2922 4579 καὶ
2970 4524 3064 4595 τὴν
3098 4523 3260 4592 τιμὴν
3305 4519 3397 4574 τοῦ
3440 4519 3576 4572 Θεοῦ
3616 4515 3751 4570 εἶναι

520 4608 739 4678 quando
769 4609 1028 4673 audieris,
1065 4609 1154 4664 Dei
1199 4611 1422 4680 gloriam
1452 4617 1504 4664 et
1532 4610 1790 4664 honorem
1819 4609 2079 4680 intellige.

519 4703 588 4759 Et
618 4703 713 4759 Dei
746 4703 963 4774 quidem
1005 4701 1173 4758 Filius
1226 4712 1280 4760 et
1327 4700 1490 4766 Detis,
1525 4702 1685 4757 sicuti
1731 4701 1934 4756 dictum
1978 4709 2082 4764 est,

518 4803 640 4862 post
689 4794 1036 4864 adimpletum
1091 4803 1252 4849 totam
1308 4792 1800 4863 dispensationem,
1865 4791 2083 4845 tandem

518 4891 831 4952 assumptus
853 4892 955 4940 est.
987 4883 1224 4955 Spiritus
1245 4898 1374 4937 vero
1401 4892 1624 4938 sanctus
1649 4883 1702 4935 in
1727 4890 1919 4936 sancto
1943 4879 2083 4936 festo

519 4972 866 5030 Pentecostes
896 4990 1060 5044 super
1081 4981 1300 5030 sanctos
1328 4973 1604 5041 apostolos
1635 4971 1878 5034 veniens,
1911 4978 1964 5025 et
1993 4987 2084 5026 su-

518 5080 613 5134 per
641 5080 853 5120 omncm
888 5081 1107 5120 carnem
1136 5063 1362 5126 eﬁusus,
1395 5077 1502 5116 non
1531 5070 1615 5118 est
1641 5077 1834 5118 rursus
1867 5077 2083 5118 assum-

520 5166 662 5225 ptus,
694 5158 786 5211 sed
818 5158 872 5211 in
907 5157 1310 5228 generationem
1343 5161 1396 5208 et
1435 5154 1840 5224 generationem
1884 5154 2082 5210 transit

518 5253 572 5303 in
620 5266 832 5314 omnes,
869 5258 924 5305 et
962 5250 1122 5305 sicuti
1161 5249 1458 5320 quemlibet
1512 5247 1793 5302 hominum
1850 5247 2076 5308 invenit,

516 5342 724 5396 habitat
753 5343 806 5396 in
841 5358 907 5397 eo
938 5359 1037 5412 pro
1072 5343 1286 5397 ratione
1313 5341 1565 5412 puritatis
1603 5341 1869 5409 cujusque
1899 5339 2078 5392 homi-

515 5435 622 5495 nis,
662 5435 890 5488 multum
922 5435 976 5487 in
1007 5434 1186 5488 anima
1217 5447 1484 5504 superans
1510 5431 1850 5486 dulcedinem
1877 5430 2075 5486 mellis.

583 5617 802 5684 QII/EST.
833 5615 1018 5670 XLVI.
1054 5616 1192 5682 Quid
1217 5622 1299 5670 est
1323 5615 1466 5684 quod
1496 5613 1626 5668 dicit
1653 5612 1935 5667 Christus:
1961 5629 1981 5662 ι
2019 5609 2078 5665 Si

512 5710 637 5778 quis
666 5710 882 5764 locutus
919 5708 1079 5764 fuerit
1116 5707 1324 5778 aliquid
1354 5714 1545 5760 contra
1584 5704 1780 5758 Filium
1815 5704 2073 5768 hominis,

517 5808 821 5858 remittetur
850 5799 900 5858 ei
936 5819 948 5855 :
986 5811 1040 5856 at
1069 5801 1114 5856 si
1146 5800 1270 5870 quis
1303 5799 1515 5854 locutus
1542 5797 1704 5854 fuerit
1733 5805 1923 5854 contra
1953 5795 2076 5868 Spi-

2187 4618 2319 4671 νόει.
2382 4619 2492 4670 Καὶ
2528 4619 2556 4670 6
2611 4615 2709 4686 μὲν
2751 4615 2876 4678 Υἱὸς
2907 4612 3001 4666 τοῦ
3053 4609 3185 4664 Θεοῦ
3243 4610 3335 4662 καὶ
3371 4607 3521 4671 Θεὸς,
3575 4603 3751 4666 καθὼς

2185 4707 2422 4778 εἴρηται,
2462 4705 2600 4777 μετά
2631 4706 2692 4758 τὸ
2720 4704 3002 4775 πληρῶσαι
3041 4704 3216 4756 πᾶσαν
3244 4698 3572 4770 οἰκονομίαν,
3602 4697 3750 4748 ὕστε-

2190 4819 2280 4874 ρον
2309 4801 2580 4873 ἀνελήφθη
2603 4817 2616 4831 '
2650 4800 2712 4853 τὸ
2740 4799 2796 4853 δὲ
2849 4798 3072 4868 Πνεῦμα
3129 4797 3190 4849 τὸ
3247 4795 3398 4862 ἆγιον
3421 4833 3436 4857 ,
3492 4791 3750 4845 κατελθὸν

2186 4895 2277 4946 ἐπὶ
2301 4893 2427 4956 τοὺς
2457 4893 2644 4960 ἁγίους
2672 4889 2918 4961 μαθητὰς
2964 4891 3028 4960 τῇ
3083 4885 3210 4958 ἁγίᾳ
3255 4885 3624 4954 Πεντηκοστῇ,
3657 4882 3748 4935 καὶ

2185 4985 2412 5055 ἐκχυθὲν
2443 4987 2534 5038 ἐπὶ
2559 4985 2737 5036 πᾶσαν
2774 4983 2969 5053 σάρκα,
3003 4981 3103 5033 οὐκ
3131 4975 3428 5047 ἀνελήφθη,
3455 4973 3590 5028 ἀλλά
3613 4972 3748 5026 κατὰ

2185 5077 2379 5146 γενεὰν
2416 5076 2511 5130 καὶ
2544 5073 2735 5145 γενεὰν
2761 5073 3031 5143 διέρχεται
3062 5073 3139 5132 είς
3171 5068 3398 5132 πάντας,
3439 5066 3533 5119 καὶ
3571 5062 3747 5124 καθὼς

2185 5167 2279 5220 ινα
2323 5166 2552 5219 ’ἑκαστον
2605 5163 2755 5235 εὖροι
2784 5162 2892 5215 τῶν
2915 5159 3234 5233 ἀνθρώπων,
3284 5158 3620 5226 κατασκηνοῖ
3661 5153 3746 5206 ἐπ’

2184 5258 2348 5312 αὑτὸν
2379 5256 2519 5310 κατά
2545 5255 2643 5327 τὴν
2679 5254 2966 5322 ἀναλογίαν
3001 5252 3099 5321 τῆς
3131 5250 3360 5304 ἑκάστου
3409 5247 3741 5318 καθάρσεως,

2187 5350 2328 5422 ὑπὲρ
2355 5349 2476 5424 μέλι
2503 5346 2770 5417 γλυκάζον
2799 5347 2856 5398 ὲν
2887 5347 2952 5414 τῇ
2982 5343 3146 5414 ψυχῇ.

2263 5612 2452 5684 Ἐρώτ.
2486 5616 2602 5681 μς¹.
2638 5610 2704 5663 Τί
2726 5610 2873 5662 ἐστιν
2899 5607 2928 5660 ὃ
2959 5603 3112 5659 εἶπεν
3138 5608 3166 5659 6
3203 5603 3454 5675 Χριστὸς,
3489 5603 3571 5656 ὅτι
3607 5621 3624 5653 ι
3652 5602 3742 5663 Ὃς

2180 5703 2247 5756 ἂν
2273 5703 2401 5776 εἴπῃ
2430 5702 2586 5770 λόγον
2614 5700 2754 5754 κατά
2787 5699 2880 5752 τοῦ
2903 5696 3032 5751 Υἱοῦ
3075 5694 3381 5765 ἀνθρώπου,
3411 5693 3739 5764 ἀφεθήσεται

2186 5794 2332 5869 αὐτῷ
2351 5811 2363 5824 ·
2397 5794 2455 5858 δς
2478 5794 2524 5847 δ’
2551 5793 2616 5848 ἀν
2642 5795 2770 5866 εἴπῃ
2810 5790 2946 5845 κατά
2979 5787 3074 5843 τοῦ
3099 5787 3250 5856 ἁγίου
3275 5785 3615 5858 Πνεῦματος,
3646 5786 3737 5842 οὐκ
