  <div class='ocr_page' id='page_1' title='image "/cluster/home/n/w/nwhite01/storage/ocr_20150623/28/hvd.32044019207737/370.png"; bbox 0 0 4088 6382; ppageno 0'>
   <div class='ocr_carea' id='block_1_1' title="bbox 363 352 462 408">
    <p class='ocr_par' dir='ltr' id='par_1_1' title="bbox 363 352 462 408">
     <span class='ocr_line' id='line_1_1' title="bbox 363 352 462 408; baseline 0.02 -2"><span class='ocrx_word' id='word_1_1' title='bbox 363 352 462 408; x_wconf 78' lang='grc'><strong>729</strong></span> 
     </span>
    </p>
   </div>
   <div class='ocr_carea' id='block_1_2' title="bbox 1503 352 2525 409">
    <p class='ocr_par' dir='ltr' id='par_1_2' title="bbox 1503 352 2525 409">
     <span class='ocr_line' id='line_1_2' title="bbox 1503 352 2525 409; baseline -0.001 -1"><span class='ocrx_word' id='word_1_2' title='bbox 1503 352 2195 409; x_wconf 69' lang='lat' dir='ltr'><strong>lNTERPRETATlONES</strong></span> <span class='ocrx_word' id='word_1_3' title='bbox 2226 352 2318 407; x_wconf 79' lang='lat' dir='ltr'><strong>EX</strong></span> <span class='ocrx_word' id='word_1_4' title='bbox 2357 353 2422 408; x_wconf 71' lang='grc' dir='ltr'><strong>γ.</strong></span> <span class='ocrx_word' id='word_1_5' title='bbox 2463 353 2525 407; x_wconf 86' lang='grc' dir='ltr'><strong>Τ.</strong></span> 
     </span>
    </p>
   </div>
   <div class='ocr_carea' id='block_1_3' title="bbox 3483 359 3586 418">
    <p class='ocr_par' dir='ltr' id='par_1_3' title="bbox 3483 359 3586 418">
     <span class='ocr_line' id='line_1_3' title="bbox 3483 359 3586 418; baseline 0.039 -4"><span class='ocrx_word' id='word_1_6' title='bbox 3483 359 3586 418; x_wconf 77' lang='lat'><strong>730</strong></span> 
     </span>
    </p>
   </div>
   <div class='ocr_carea' id='block_1_4' title="bbox 361 464 1908 538">
    <p class='ocr_par' dir='ltr' id='par_1_4' title="bbox 361 464 1908 538">
     <span class='ocr_line' id='line_1_4' title="bbox 361 464 1908 538; baseline -0.001 -17"><span class='ocrx_word' id='word_1_7' title='bbox 361 465 686 537; x_wconf 71' lang='grc' dir='ltr'><strong>ἀφεθήσεται</strong></span> <span class='ocrx_word' id='word_1_8' title='bbox 725 464 849 518; x_wconf 74' lang='grc' dir='ltr'><strong>οὔτε</strong></span> <span class='ocrx_word' id='word_1_9' title='bbox 881 467 940 521; x_wconf 72' lang='grc' dir='ltr'><strong>ἐν</strong></span> <span class='ocrx_word' id='word_1_10' title='bbox 983 466 1062 536; x_wconf 80' lang='grc' dir='ltr'><strong>τῷ</strong></span> <span class='ocrx_word' id='word_1_11' title='bbox 1094 467 1187 520; x_wconf 89' lang='grc' dir='ltr'><strong>νῦν</strong></span> <span class='ocrx_word' id='word_1_12' title='bbox 1225 466 1380 521; x_wconf 83' lang='grc' dir='ltr'><strong>αίῶνι</strong></span> <span class='ocrx_word' id='word_1_13' title='bbox 1423 465 1547 520; x_wconf 69' lang='grc' dir='ltr'><strong>οὔτε</strong></span> <span class='ocrx_word' id='word_1_14' title='bbox 1583 469 1639 520; x_wconf 83' lang='grc' dir='ltr'><strong>ὲν</strong></span> <span class='ocrx_word' id='word_1_15' title='bbox 1675 467 1750 538; x_wconf 83' lang='grc' dir='ltr'><strong>τῷ</strong></span> <span class='ocrx_word' id='word_1_16' title='bbox 1797 466 1908 537; x_wconf 81' lang='grc' dir='ltr'><strong>μέλ-</strong></span> 
     </span>
    </p>
   </div>
   <div class='ocr_carea' id='block_1_5' title="bbox 2011 464 3589 538">
    <p class='ocr_par' dir='ltr' id='par_1_5' title="bbox 2027 465 3589 532">
     <span class='ocr_line' id='line_1_5' title="bbox 2027 465 3589 532; baseline 0.004 -14"><span class='ocrx_word' id='word_1_17' title='bbox 2027 465 2188 519; x_wconf 89' lang='lat' dir='ltr'><strong>ritum</strong></span> <span class='ocrx_word' id='word_1_18' title='bbox 2219 473 2489 531; x_wconf 87' lang='lat' dir='ltr'><strong>sanctum,</strong></span> <span class='ocrx_word' id='word_1_19' title='bbox 2521 480 2632 520; x_wconf 89' lang='lat' dir='ltr'><strong>non</strong></span> <span class='ocrx_word' id='word_1_20' title='bbox 2654 465 2964 522; x_wconf 72' lang='lat' dir='ltr'><strong>remittetur</strong></span> <span class='ocrx_word' id='word_1_21' title='bbox 3013 467 3086 532; x_wconf 86' lang='lat' dir='ltr'><strong>ei,</strong></span> <span class='ocrx_word' id='word_1_22' title='bbox 3119 483 3220 523; x_wconf 90' lang='lat' dir='ltr'><strong>nec</strong></span> <span class='ocrx_word' id='word_1_23' title='bbox 3263 466 3318 522; x_wconf 92' lang='lat' dir='ltr'><strong>in</strong></span> <span class='ocrx_word' id='word_1_24' title='bbox 3351 467 3454 522; x_wconf 85' lang='lat' dir='ltr'><strong>hoc</strong></span> <span class='ocrx_word' id='word_1_25' title='bbox 3492 484 3589 524; x_wconf 67' lang='lat' dir='ltr'><strong>se-</strong></span> 
     </span>
    </p>
   </div>
   <div class='ocr_carea' id='block_1_6' title="bbox 360 557 580 624">
    <p class='ocr_par' dir='ltr' id='par_1_6' title="bbox 360 557 580 624">
     <span class='ocr_line' id='line_1_6' title="bbox 360 557 580 624; baseline 0 -14"><span class='ocrx_word' id='word_1_26' title='bbox 360 557 534 624; x_wconf 86' lang='grc' dir='ltr'><strong>λοντι;</strong></span> <span class='ocrx_word' id='word_1_27' title='bbox 559 576 580 610; x_wconf 70' lang='lat' dir='ltr'><strong>a</strong></span> 
     </span>
    </p>
   </div>
   <div class='ocr_carea' id='block_1_7' title="bbox 441 647 1925 722">
    <p class='ocr_par' dir='ltr' id='par_1_7' title="bbox 441 647 1925 722">
     <span class='ocr_line' id='line_1_7' title="bbox 441 647 1925 722; baseline 0 -20"><span class='ocrx_word' id='word_1_28' title='bbox 441 648 757 721; x_wconf 81' lang='grc' dir='ltr'><strong>Ἐρμηνεία.</strong></span> <span class='ocrx_word' id='word_1_29' title='bbox 807 649 978 702; x_wconf 89' lang='grc' dir='ltr'><strong>Τοῦτο</strong></span> <span class='ocrx_word' id='word_1_30' title='bbox 1024 649 1242 722; x_wconf 76' lang='grc' dir='ltr'><strong>εἴρηκεν</strong></span> <span class='ocrx_word' id='word_1_31' title='bbox 1270 651 1298 702; x_wconf 85' lang='grc' dir='ltr'>ὁ</span> <span class='ocrx_word' id='word_1_32' title='bbox 1338 650 1597 721; x_wconf 82' lang='grc' dir='ltr'><strong>Χριστὸς,</strong></span> <span class='ocrx_word' id='word_1_33' title='bbox 1639 647 1821 720; x_wconf 77' lang='grc' dir='ltr'><strong>ἐπειδὴ</strong></span> <span class='ocrx_word' id='word_1_34' title='bbox 1846 649 1925 702; x_wconf 85' lang='grc' dir='ltr'><strong>δι-</strong></span> 
     </span>
    </p>
   </div>
   <div class='ocr_carea' id='block_1_8' title="bbox 2027 557 2854 629">
    <p class='ocr_par' dir='ltr' id='par_1_8' title="bbox 2027 557 2854 629">
     <span class='ocr_line' id='line_1_8' title="bbox 2027 557 2854 629; baseline 0.005 -21"><span class='ocrx_word' id='word_1_35' title='bbox 2027 557 2172 619; x_wconf 91' lang='lat' dir='ltr'><strong>culo,</strong></span> <span class='ocrx_word' id='word_1_36' title='bbox 2204 572 2304 611; x_wconf 89' lang='lat' dir='ltr'><strong>nec</strong></span> <span class='ocrx_word' id='word_1_37' title='bbox 2332 558 2384 610; x_wconf 91' lang='lat' dir='ltr'><strong>in</strong></span> <span class='ocrx_word' id='word_1_38' title='bbox 2418 557 2598 611; x_wconf 84' lang='lat' dir='ltr'><strong>futuro</strong></span> <span class='ocrx_word' id='word_1_39' title='bbox 2624 558 2668 589; x_wconf 82' lang='lat'>“</span> <span class='ocrx_word' id='word_1_40' title='bbox 2705 558 2854 629; x_wconf 76' lang='lat'><strong>(82)?</strong></span> 
     </span>
    </p>
   </div>
   <div class='ocr_carea' id='block_1_9' title="bbox 2098 646 3587 721">
    <p class='ocr_par' dir='ltr' id='par_1_9' title="bbox 2098 646 3587 721">
     <span class='ocr_line' id='line_1_9' title="bbox 2098 646 3587 721; baseline 0.005 -22"><span class='ocrx_word' id='word_1_41' title='bbox 2098 646 2353 702; x_wconf 73' lang='lat' dir='ltr'><strong>Inrenpa.</strong></span> <span class='ocrx_word' id='word_1_42' title='bbox 2387 648 2501 702; x_wconf 84' lang='lat' dir='ltr'><strong>Hoc</strong></span> <span class='ocrx_word' id='word_1_43' title='bbox 2533 649 2653 706; x_wconf 83' lang='lat' dir='ltr'><strong>ideo</strong></span> <span class='ocrx_word' id='word_1_44' title='bbox 2684 651 2820 704; x_wconf 91' lang='lat' dir='ltr'><strong>dixit</strong></span> <span class='ocrx_word' id='word_1_45' title='bbox 2846 649 3118 716; x_wconf 79' lang='lat' dir='ltr'><strong>Christus,</strong></span> <span class='ocrx_word' id='word_1_46' title='bbox 3151 651 3294 721; x_wconf 91' lang='lat' dir='ltr'><strong>quod</strong></span> <span class='ocrx_word' id='word_1_47' title='bbox 3335 667 3456 706; x_wconf 90' lang='lat' dir='ltr'><strong>cum</strong></span> <span class='ocrx_word' id='word_1_48' title='bbox 3485 651 3587 707; x_wconf 86' lang='lat' dir='ltr'><strong>du-</strong></span> 
     </span>
    </p>
   </div>
   <div class='ocr_carea' id='block_1_10' title="bbox 359 739 1908 814">
    <p class='ocr_par' dir='ltr' id='par_1_10' title="bbox 359 741 1908 814">
     <span class='ocr_line' id='line_1_10' title="bbox 359 741 1908 814; baseline -0.001 -18"><span class='ocrx_word' id='word_1_49' title='bbox 359 741 523 807; x_wconf 81' lang='grc' dir='ltr'><strong>πλοῦς</strong></span> <span class='ocrx_word' id='word_1_50' title='bbox 568 745 688 795; x_wconf 83' lang='grc' dir='ltr'><strong>κατ’</strong></span> <span class='ocrx_word' id='word_1_51' title='bbox 721 743 929 803; x_wconf 80' lang='grc' dir='ltr'><strong>οὐσίαν,</strong></span> <span class='ocrx_word' id='word_1_52' title='bbox 977 742 1109 805; x_wconf 85' lang='grc' dir='ltr'>Θεὸς</span> <span class='ocrx_word' id='word_1_53' title='bbox 1138 743 1229 796; x_wconf 73' lang='grc' dir='ltr'><strong>καὶ</strong></span> <span class='ocrx_word' id='word_1_54' title='bbox 1281 742 1594 814; x_wconf 78' lang='grc' dir='ltr'><strong>ἅνθρωπος,</strong></span> <span class='ocrx_word' id='word_1_55' title='bbox 1625 743 1733 806; x_wconf 79' lang='grc' dir='ltr'><strong>πᾶς</strong></span> <span class='ocrx_word' id='word_1_56' title='bbox 1775 742 1908 804; x_wconf 79' lang='grc' dir='ltr'><strong>ὅστις</strong></span> 
     </span>
    </p>
   </div>
   <div class='ocr_carea' id='block_1_11' title="bbox 2011 739 3586 814">
    <p class='ocr_par' dir='ltr' id='par_1_11' title="bbox 2026 739 3586 809">
     <span class='ocr_line' id='line_1_11' title="bbox 2026 739 3586 809; baseline 0.004 -19"><span class='ocrx_word' id='word_1_57' title='bbox 2026 739 2185 808; x_wconf 87' lang='lat' dir='ltr'><strong>plicis</strong></span> <span class='ocrx_word' id='word_1_58' title='bbox 2226 741 2297 794; x_wconf 91' lang='lat' dir='ltr'><strong>sit</strong></span> <span class='ocrx_word' id='word_1_59' title='bbox 2342 742 2612 804; x_wconf 72' lang='lat' dir='ltr'><strong>essentize,</strong></span> <span class='ocrx_word' id='word_1_60' title='bbox 2650 741 2790 798; x_wconf 87' lang='lat' dir='ltr'><strong>Deus</strong></span> <span class='ocrx_word' id='word_1_61' title='bbox 2833 743 3088 797; x_wconf 82' lang='lat' dir='ltr'><strong>nimirum</strong></span> <span class='ocrx_word' id='word_1_62' title='bbox 3135 751 3188 799; x_wconf 90' lang='lat' dir='ltr'><strong>et</strong></span> <span class='ocrx_word' id='word_1_63' title='bbox 3222 744 3402 809; x_wconf 91' lang='lat' dir='ltr'><strong>homo,</strong></span> <span class='ocrx_word' id='word_1_64' title='bbox 3437 743 3586 798; x_wconf 90' lang='lat' dir='ltr'><strong>omni</strong></span> 
     </span>
    </p>
   </div>
   <div class='ocr_carea' id='block_1_12' title="bbox 358 829 1921 902">
    <p class='ocr_par' dir='ltr' id='par_1_12' title="bbox 358 829 1921 902">
     <span class='ocr_line' id='line_1_12' title="bbox 358 829 1921 902; baseline -0.001 -19"><span class='ocrx_word' id='word_1_65' title='bbox 358 831 610 900; x_wconf 80' lang='grc' dir='ltr'><strong>ἁθετήσει</strong></span> <span class='ocrx_word' id='word_1_66' title='bbox 663 830 997 901; x_wconf 75' lang='grc' dir='ltr'><strong>βλασφημῶν</strong></span> <span class='ocrx_word' id='word_1_67' title='bbox 1028 832 1105 894; x_wconf 88' lang='grc' dir='ltr'><strong>είς</strong></span> <span class='ocrx_word' id='word_1_68' title='bbox 1132 832 1230 901; x_wconf 79' lang='grc' dir='ltr'><strong>τὴν</strong></span> <span class='ocrx_word' id='word_1_69' title='bbox 1283 832 1458 902; x_wconf 82' lang='grc' dir='ltr'>σάρκα</span> <span class='ocrx_word' id='word_1_70' title='bbox 1509 830 1694 893; x_wconf 82' lang='grc' dir='ltr'><strong>αὑτοῦ,</strong></span> <span class='ocrx_word' id='word_1_71' title='bbox 1719 829 1921 899; x_wconf 74' lang='grc' dir='ltr'><strong>ἀφεθή-</strong></span> 
     </span>
    </p>
   </div>
   <div class='ocr_carea' id='block_1_13' title="bbox 359 922 1919 994">
    <p class='ocr_par' dir='ltr' id='par_1_13' title="bbox 359 922 1919 994">
     <span class='ocr_line' id='line_1_13' title="bbox 359 922 1919 994; baseline -0.001 -18"><span class='ocrx_word' id='word_1_72' title='bbox 359 941 507 976; x_wconf 89' lang='grc' dir='ltr'><strong>σεται</strong></span> <span class='ocrx_word' id='word_1_73' title='bbox 538 923 688 994; x_wconf 81' lang='grc' dir='ltr'><strong>αὑτῷ</strong></span> <span class='ocrx_word' id='word_1_74' title='bbox 723 925 1131 994; x_wconf 82' lang='grc' dir='ltr'><strong>μετανοήσαντι,</strong></span> <span class='ocrx_word' id='word_1_75' title='bbox 1164 922 1242 993; x_wconf 82' lang='grc' dir='ltr'><strong>τῷ</strong></span> <span class='ocrx_word' id='word_1_76' title='bbox 1271 923 1326 976; x_wconf 83' lang='grc' dir='ltr'><strong>δὲ</strong></span> <span class='ocrx_word' id='word_1_77' title='bbox 1361 923 1809 993; x_wconf 80' lang='grc' dir='ltr'><strong>βλασφημήσαντι</strong></span> <span class='ocrx_word' id='word_1_78' title='bbox 1838 923 1919 985; x_wconf 89' lang='grc' dir='ltr'><strong>είς</strong></span> 
     </span>
    </p>
   </div>
   <div class='ocr_carea' id='block_1_14' title="bbox 356 1017 544 1087">
    <p class='ocr_par' dir='ltr' id='par_1_14' title="bbox 356 1017 544 1087">
     <span class='ocr_line' id='line_1_14' title="bbox 356 1017 544 1087; baseline 0.021 -18"><span class='ocrx_word' id='word_1_79' title='bbox 356 1017 544 1087; x_wconf 73' lang='grc' dir='ltr'><strong>τὴν....</strong></span> 
     </span>
    </p>
   </div>
   <div class='ocr_carea' id='block_1_15' title="bbox 2025 827 3585 904">
    <p class='ocr_par' dir='ltr' id='par_1_15' title="bbox 2025 827 3585 904">
     <span class='ocr_line' id='line_1_15' title="bbox 2025 827 3585 904; baseline 0.004 -22"><span class='ocrx_word' id='word_1_80' title='bbox 2025 827 2416 898; x_wconf 79' lang='lat' dir='ltr'><strong>blasphemiam</strong></span> <span class='ocrx_word' id='word_1_81' title='bbox 2453 841 2639 886; x_wconf 86' lang='lat' dir='ltr'><strong>contra</strong></span> <span class='ocrx_word' id='word_1_82' title='bbox 2674 847 2891 887; x_wconf 88' lang='lat' dir='ltr'><strong>carnem</strong></span> <span class='ocrx_word' id='word_1_83' title='bbox 2934 834 3106 903; x_wconf 83' lang='lat' dir='ltr'><strong>ipsius</strong></span> <span class='ocrx_word' id='word_1_84' title='bbox 3158 835 3417 903; x_wconf 78' lang='lat' dir='ltr'><strong>loquenti,</strong></span> <span class='ocrx_word' id='word_1_85' title='bbox 3458 849 3585 904; x_wconf 85' lang='lat' dir='ltr'><strong>pec-</strong></span> 
     </span>
    </p>
   </div>
   <div class='ocr_carea' id='block_1_16' title="bbox 2023 921 3587 994">
    <p class='ocr_par' dir='ltr' id='par_1_16' title="bbox 2023 921 3587 994">
     <span class='ocr_line' id='line_1_16' title="bbox 2023 921 3587 994; baseline 0.005 -22"><span class='ocrx_word' id='word_1_86' title='bbox 2023 928 2202 972; x_wconf 88' lang='lat' dir='ltr'><strong>catum</strong></span> <span class='ocrx_word' id='word_1_87' title='bbox 2240 921 2566 980; x_wconf 88' lang='lat' dir='ltr'><strong>remittatur,</strong></span> <span class='ocrx_word' id='word_1_88' title='bbox 2609 921 2653 975; x_wconf 90' lang='lat' dir='ltr'><strong>si</strong></span> <span class='ocrx_word' id='word_1_89' title='bbox 2693 922 2810 990; x_wconf 85' lang='lat' dir='ltr'><strong>ejus</strong></span> <span class='ocrx_word' id='word_1_90' title='bbox 2843 923 3018 993; x_wconf 88' lang='lat' dir='ltr'><strong>ipsum</strong></span> <span class='ocrx_word' id='word_1_91' title='bbox 3055 925 3315 994; x_wconf 73' lang='lat' dir='ltr'><strong>pceniteat</strong></span> <span class='ocrx_word' id='word_1_92' title='bbox 3345 943 3358 977; x_wconf 89' lang='lat'><strong>:</strong></span> <span class='ocrx_word' id='word_1_93' title='bbox 3390 924 3465 978; x_wconf 86' lang='lat' dir='ltr'><strong>illi</strong></span> <span class='ocrx_word' id='word_1_94' title='bbox 3495 939 3587 980; x_wconf 83' lang='lat' dir='ltr'><strong>ve-</strong></span> 
     </span>
    </p>
   </div>
   <div class='ocr_carea' id='block_1_17' title="bbox 2022 1010 2959 1080">
    <p class='ocr_par' dir='ltr' id='par_1_17' title="bbox 2022 1010 2959 1080">
     <span class='ocr_line' id='line_1_17' title="bbox 2022 1010 2959 1080; baseline 0.006 -18"><span class='ocrx_word' id='word_1_95' title='bbox 2022 1025 2104 1075; x_wconf 85' lang='lat' dir='ltr'><strong>ro,</strong></span> <span class='ocrx_word' id='word_1_96' title='bbox 2135 1010 2226 1079; x_wconf 89' lang='lat' dir='ltr'><strong>qui</strong></span> <span class='ocrx_word' id='word_1_97' title='bbox 2256 1010 2641 1080; x_wconf 82' lang='lat' dir='ltr'><strong>blasphemiam</strong></span> <span class='ocrx_word' id='word_1_98' title='bbox 2674 1011 2959 1068; x_wconf 82' lang='lat' dir='ltr'><strong>dixerit....</strong></span> 
     </span>
    </p>
   </div>
   <div class='ocr_carea' id='block_1_18' title="bbox 1654 1107 2271 1164">
    <p class='ocr_par' dir='ltr' id='par_1_18' title="bbox 1654 1107 2271 1164">
     <span class='ocr_line' id='line_1_18' title="bbox 1654 1107 2271 1164; baseline -0.005 0"><span class='ocrx_word' id='word_1_99' title='bbox 1654 1109 1858 1164; x_wconf 71' lang='lat' dir='ltr'><strong>Cretera</strong></span> <span class='ocrx_word' id='word_1_100' title='bbox 1892 1107 2271 1162; x_wconf 79' lang='lat' dir='ltr'><strong>desiderantur.</strong></span> 
     </span>
    </p>
   </div>
   <div class='ocr_carea' id='block_1_19' title="bbox 355 1198 1917 1272">
    <p class='ocr_par' dir='ltr' id='par_1_19' title="bbox 355 1198 1917 1272">
     <span class='ocr_line' id='line_1_19' title="bbox 355 1198 1917 1272; baseline -0.003 -16"><span class='ocrx_word' id='word_1_101' title='bbox 355 1204 656 1272; x_wconf 82' lang='grc' dir='ltr'><strong>...μφαῖνον</strong></span> <span class='ocrx_word' id='word_1_102' title='bbox 668 1199 731 1254; x_wconf 81' lang='grc' dir='ltr'><strong>τὸ</strong></span> <span class='ocrx_word' id='word_1_103' title='bbox 751 1201 932 1272; x_wconf 88' lang='grc' dir='ltr'><strong>τρίτον</strong></span> <span class='ocrx_word' id='word_1_104' title='bbox 973 1201 1264 1272; x_wconf 80' lang='grc' dir='ltr'><strong>πρόσωπον</strong></span> <span class='ocrx_word' id='word_1_105' title='bbox 1287 1201 1473 1270; x_wconf 78' lang='grc' dir='ltr'><strong>ὅμοιον</strong></span> <span class='ocrx_word' id='word_1_106' title='bbox 1508 1199 1605 1252; x_wconf 80' lang='grc' dir='ltr'><strong>ἀνθ</strong></span> <span class='ocrx_word' id='word_1_107' title='bbox 1617 1198 1782 1270; x_wconf 84' lang='grc' dir='ltr'><strong>ρώπῳ</strong></span> <span class='ocrx_word' id='word_1_108' title='bbox 1826 1198 1917 1252; x_wconf 81' lang='grc' dir='ltr'><strong>τὸν</strong></span> 
     </span>
    </p>
   </div>
   <div class='ocr_carea' id='block_1_20' title="bbox 355 1285 1916 1361">
    <p class='ocr_par' dir='ltr' id='par_1_20' title="bbox 355 1285 1916 1361">
     <span class='ocr_line' id='line_1_20' title="bbox 355 1285 1916 1361; baseline -0.004 -17"><span class='ocrx_word' id='word_1_109' title='bbox 355 1290 492 1344; x_wconf 86' lang='grc' dir='ltr'><strong>κατὰ</strong></span> <span class='ocrx_word' id='word_1_110' title='bbox 523 1291 807 1361; x_wconf 79' lang='grc' dir='ltr'><strong>ἄνθρωπον</strong></span> <span class='ocrx_word' id='word_1_111' title='bbox 840 1289 1004 1343; x_wconf 80' lang='grc' dir='ltr'><strong>αὐτοῦ</strong></span> <span class='ocrx_word' id='word_1_112' title='bbox 1048 1289 1348 1359; x_wconf 80' lang='grc' dir='ltr'><strong>παρουσίαν</strong></span> <span class='ocrx_word' id='word_1_113' title='bbox 1383 1287 1735 1358; x_wconf 79' lang='grc' dir='ltr'><strong>φανερώτατα</strong></span> <span class='ocrx_word' id='word_1_114' title='bbox 1779 1285 1916 1356; x_wconf 79' lang='grc' dir='ltr'><strong>γρά-</strong></span> 
     </span>
    </p>
   </div>
   <div class='ocr_carea' id='block_1_21' title="bbox 355 1375 1915 1450">
    <p class='ocr_par' dir='ltr' id='par_1_21' title="bbox 355 1375 1915 1450">
     <span class='ocr_line' id='line_1_21' title="bbox 355 1375 1915 1450; baseline -0.003 -18"><span class='ocrx_word' id='word_1_115' title='bbox 355 1397 480 1448; x_wconf 71' lang='grc' dir='ltr'><strong>φον⁹</strong></span> <span class='ocrx_word' id='word_1_116' title='bbox 509 1380 569 1432; x_wconf 84' lang='grc' dir='ltr'><strong>τὸ</strong></span> <span class='ocrx_word' id='word_1_117' title='bbox 607 1380 664 1432; x_wconf 79' lang='grc' dir='ltr'>δὲ</span> <span class='ocrx_word' id='word_1_118' title='bbox 690 1379 946 1450; x_wconf 84' lang='grc' dir='ltr'><strong>τέταρτον</strong></span> <span class='ocrx_word' id='word_1_119' title='bbox 971 1380 1152 1448; x_wconf 84' lang='grc' dir='ltr'><strong>ὅμοιον</strong></span> <span class='ocrx_word' id='word_1_120' title='bbox 1189 1376 1330 1447; x_wconf 82' lang='grc' dir='ltr'><strong>ἀετῷ</strong></span> <span class='ocrx_word' id='word_1_121' title='bbox 1357 1376 1660 1447; x_wconf 78' lang='grc' dir='ltr'><strong>πετομένῳ,</strong></span> <span class='ocrx_word' id='word_1_122' title='bbox 1687 1376 1786 1447; x_wconf 80' lang='grc' dir='ltr'><strong>τὴν</strong></span> <span class='ocrx_word' id='word_1_123' title='bbox 1821 1375 1915 1428; x_wconf 87' lang='grc' dir='ltr'><strong>τοῦ</strong></span> 
     </span>
    </p>
   </div>
   <div class='ocr_carea' id='block_1_22' title="bbox 355 1465 1915 1540">
    <p class='ocr_par' dir='ltr' id='par_1_22' title="bbox 355 1465 1915 1540">
     <span class='ocr_line' id='line_1_22' title="bbox 355 1465 1915 1540; baseline -0.003 -18"><span class='ocrx_word' id='word_1_124' title='bbox 355 1471 663 1539; x_wconf 78' lang='grc' dir='ltr'><strong>Πνεῦματος</strong></span> <span class='ocrx_word' id='word_1_125' title='bbox 699 1469 792 1522; x_wconf 77' lang='grc' dir='ltr'><strong>ἐπὶ</strong></span> <span class='ocrx_word' id='word_1_126' title='bbox 836 1469 931 1540; x_wconf 76' lang='grc' dir='ltr'><strong>τὴν</strong></span> <span class='ocrx_word' id='word_1_127' title='bbox 981 1469 1302 1539; x_wconf 81' lang='grc' dir='ltr'><strong>Ἐκκλησίαν</strong></span> <span class='ocrx_word' id='word_1_128' title='bbox 1336 1467 1731 1537; x_wconf 79' lang='grc' dir='ltr'><strong>ὲφιπταμένην,</strong></span> <span class='ocrx_word' id='word_1_129' title='bbox 1770 1465 1915 1519; x_wconf 87' lang='grc' dir='ltr'><strong>δόσιν</strong></span> 
     </span>
    </p>
   </div>
   <div class='ocr_carea' id='block_1_23' title="bbox 356 1556 1915 1630">
    <p class='ocr_par' dir='ltr' id='par_1_23' title="bbox 356 1556 1915 1630">
     <span class='ocr_line' id='line_1_23' title="bbox 356 1556 1915 1630; baseline -0.003 -18"><span class='ocrx_word' id='word_1_130' title='bbox 356 1559 665 1630; x_wconf 65' lang='grc' dir='ltr'><strong>σαῳηνίζον,</strong></span> <span class='ocrx_word' id='word_1_131' title='bbox 699 1559 794 1612; x_wconf 72' lang='grc' dir='ltr'><strong>καὶ</strong></span> <span class='ocrx_word' id='word_1_132' title='bbox 822 1559 889 1612; x_wconf 76' lang='grc' dir='ltr'><strong>τὰ</strong></span> <span class='ocrx_word' id='word_1_133' title='bbox 927 1559 1230 1626; x_wconf 76' lang='grc' dir='ltr'><strong>Εὑαγγὲλια</strong></span> <span class='ocrx_word' id='word_1_134' title='bbox 1273 1556 1480 1619; x_wconf 79' lang='grc' dir='ltr'><strong>τούτοις</strong></span> <span class='ocrx_word' id='word_1_135' title='bbox 1529 1556 1792 1626; x_wconf 70' lang='grc' dir='ltr'><strong>σύμφωνα</strong></span> <span class='ocrx_word' id='word_1_136' title='bbox 1813 1595 1826 1618; x_wconf 95' lang='grc'><strong>,</strong></span> <span class='ocrx_word' id='word_1_137' title='bbox 1858 1556 1915 1608; x_wconf 79' lang='grc' dir='ltr'><strong>ὲν</strong></span> 
     </span>
    </p>
   </div>
   <div class='ocr_carea' id='block_1_24' title="bbox 352 1645 1916 1720">
    <p class='ocr_par' dir='ltr' id='par_1_24' title="bbox 352 1645 1916 1720">
     <span class='ocr_line' id='line_1_24' title="bbox 352 1645 1916 1720; baseline -0.003 -16"><span class='ocrx_word' id='word_1_138' title='bbox 352 1647 432 1715; x_wconf 73' lang='grc' dir='ltr'><strong>οἷς</strong></span> <span class='ocrx_word' id='word_1_139' title='bbox 490 1650 881 1720; x_wconf 73' lang='grc' dir='ltr'><strong>συγκαθέζεται</strong></span> <span class='ocrx_word' id='word_1_140' title='bbox 936 1653 964 1704; x_wconf 85' lang='grc' dir='ltr'>ὁ</span> <span class='ocrx_word' id='word_1_141' title='bbox 1017 1650 1267 1720; x_wconf 87' lang='grc' dir='ltr'><strong>Χριστός.</strong></span> <span class='ocrx_word' id='word_1_142' title='bbox 1333 1649 1406 1700; x_wconf 85' lang='grc' dir='ltr'>Τὸ</span> <span class='ocrx_word' id='word_1_143' title='bbox 1471 1647 1569 1718; x_wconf 83' lang='grc' dir='ltr'><strong>μὲν</strong></span> <span class='ocrx_word' id='word_1_144' title='bbox 1614 1646 1722 1718; x_wconf 80' lang='grc' dir='ltr'><strong>γὰρ</strong></span> <span class='ocrx_word' id='word_1_145' title='bbox 1775 1645 1916 1701; x_wconf 80' lang='grc' dir='ltr'><strong>κατὰ</strong></span> 
     </span>
    </p>
   </div>
   <div class='ocr_carea' id='block_1_25' title="bbox 363 1736 1912 1814">
    <p class='ocr_par' dir='ltr' id='par_1_25' title="bbox 363 1736 1912 1814">
     <span class='ocr_line' id='line_1_25' title="bbox 363 1736 1912 1814; baseline -0.005 -17"><span class='ocrx_word' id='word_1_146' title='bbox 363 1743 608 1814; x_wconf 79' lang='grc' dir='ltr'>Ἰωάννην</span> <span class='ocrx_word' id='word_1_147' title='bbox 639 1743 737 1812; x_wconf 81' lang='grc' dir='ltr'><strong>τὴν</strong></span> <span class='ocrx_word' id='word_1_148' title='bbox 766 1742 873 1795; x_wconf 85' lang='grc' dir='ltr'><strong>ἀπὸ</strong></span> <span class='ocrx_word' id='word_1_149' title='bbox 897 1741 990 1794; x_wconf 90' lang='grc' dir='ltr'><strong>τοῦ</strong></span> <span class='ocrx_word' id='word_1_150' title='bbox 1022 1739 1234 1809; x_wconf 85' lang='grc' dir='ltr'><strong>Πατρὸς</strong></span> <span class='ocrx_word' id='word_1_151' title='bbox 1259 1736 1424 1791; x_wconf 79' lang='grc' dir='ltr'><strong>αὑτοῦ</strong></span> <span class='ocrx_word' id='word_1_152' title='bbox 1455 1739 1786 1809; x_wconf 80' lang='grc' dir='ltr'><strong>ἡγεμονικὴν</strong></span> <span class='ocrx_word' id='word_1_153' title='bbox 1818 1739 1912 1792; x_wconf 78' lang='grc' dir='ltr'><strong>καὶ</strong></span> 
     </span>
    </p>
   </div>
   <div class='ocr_carea' id='block_1_26' title="bbox 2021 1196 3581 1264">
    <p class='ocr_par' dir='ltr' id='par_1_26' title="bbox 2021 1196 3581 1264">
     <span class='ocr_line' id='line_1_26' title="bbox 2021 1196 3581 1264; baseline 0.004 -15"><span class='ocrx_word' id='word_1_154' title='bbox 2021 1196 2247 1250; x_wconf 88' lang='lat' dir='ltr'><strong>...tertia</strong></span> <span class='ocrx_word' id='word_1_155' title='bbox 2313 1209 2541 1264; x_wconf 86' lang='lat' dir='ltr'><strong>persona</strong></span> <span class='ocrx_word' id='word_1_156' title='bbox 2581 1196 2776 1251; x_wconf 86' lang='lat' dir='ltr'><strong>similis</strong></span> <span class='ocrx_word' id='word_1_157' title='bbox 2825 1197 3052 1262; x_wconf 89' lang='lat' dir='ltr'><strong>homini,</strong></span> <span class='ocrx_word' id='word_1_158' title='bbox 3087 1199 3378 1254; x_wconf 85' lang='lat' dir='ltr'><strong>humanam</strong></span> <span class='ocrx_word' id='word_1_159' title='bbox 3432 1199 3581 1256; x_wconf 81' lang='lat' dir='ltr'><strong>illius</strong></span> 
     </span>
    </p>
   </div>
   <div class='ocr_carea' id='block_1_27' title="bbox 2023 1285 3586 1356">
    <p class='ocr_par' dir='ltr' id='par_1_27' title="bbox 2023 1285 3586 1356">
     <span class='ocr_line' id='line_1_27' title="bbox 2023 1285 3586 1356; baseline 0.004 -18"><span class='ocrx_word' id='word_1_160' title='bbox 2023 1285 2386 1356; x_wconf 63' lang='lat' dir='ltr'><strong>praesentiam,</strong></span> <span class='ocrx_word' id='word_1_161' title='bbox 2416 1305 2435 1337; x_wconf 75' lang='grc' dir='ltr'><strong>ι</strong></span> <span class='ocrx_word' id='word_1_162' title='bbox 2473 1285 2585 1340; x_wconf 90' lang='lat' dir='ltr'><strong>sive</strong></span> <span class='ocrx_word' id='word_1_163' title='bbox 2638 1286 2950 1351; x_wconf 81' lang='lat' dir='ltr'><strong>adventum,</strong></span> <span class='ocrx_word' id='word_1_164' title='bbox 2991 1305 3010 1340; x_wconf 72' lang='grc' dir='ltr'><strong>ι</strong></span> <span class='ocrx_word' id='word_1_165' title='bbox 3048 1290 3349 1344; x_wconf 87' lang='lat' dir='ltr'><strong>clarissime</strong></span> <span class='ocrx_word' id='word_1_166' title='bbox 3375 1291 3586 1346; x_wconf 85' lang='lat' dir='ltr'><strong>descri-</strong></span> 
     </span>
    </p>
   </div>
   <div class='ocr_carea' id='block_1_28' title="bbox 2024 1376 3584 1452">
    <p class='ocr_par' dir='ltr' id='par_1_28' title="bbox 2024 1376 3584 1452">
     <span class='ocr_line' id='line_1_28' title="bbox 2024 1376 3584 1452; baseline 0.004 -22"><span class='ocrx_word' id='word_1_167' title='bbox 2024 1376 2103 1430; x_wconf 87' lang='lat' dir='ltr'><strong>bit</strong></span> <span class='ocrx_word' id='word_1_168' title='bbox 2138 1395 2150 1430; x_wconf 90' lang='lat'><strong>:</strong></span> <span class='ocrx_word' id='word_1_169' title='bbox 2187 1385 2380 1446; x_wconf 89' lang='lat' dir='ltr'><strong>quarta</strong></span> <span class='ocrx_word' id='word_1_170' title='bbox 2405 1377 2637 1446; x_wconf 84' lang='lat' dir='ltr'><strong>denique</strong></span> <span class='ocrx_word' id='word_1_171' title='bbox 2660 1379 2959 1433; x_wconf 90' lang='lat' dir='ltr'><strong>assimilata</strong></span> <span class='ocrx_word' id='word_1_172' title='bbox 2989 1381 3183 1450; x_wconf 64' lang='lat' dir='ltr'><strong>aquilae</strong></span> <span class='ocrx_word' id='word_1_173' title='bbox 3204 1382 3427 1444; x_wconf 84' lang='lat' dir='ltr'><strong>volanti,</strong></span> <span class='ocrx_word' id='word_1_174' title='bbox 3458 1380 3584 1452; x_wconf 85' lang='lat' dir='ltr'><strong>Spi-</strong></span> 
     </span>
    </p>
   </div>
   <div class='ocr_carea' id='block_1_29' title="bbox 2021 1470 3580 1540">
    <p class='ocr_par' dir='ltr' id='par_1_29' title="bbox 2021 1470 3580 1540">
     <span class='ocr_line' id='line_1_29' title="bbox 2021 1470 3580 1540; baseline 0.003 -16"><span class='ocrx_word' id='word_1_175' title='bbox 2021 1470 2158 1524; x_wconf 88' lang='lat' dir='ltr'><strong>ritus</strong></span> <span class='ocrx_word' id='word_1_176' title='bbox 2174 1470 2345 1524; x_wconf 85' lang='lat' dir='ltr'><strong>sancti</strong></span> <span class='ocrx_word' id='word_1_177' title='bbox 2371 1471 2659 1540; x_wconf 80' lang='lat' dir='ltr'><strong>gratuitam</strong></span> <span class='ocrx_word' id='word_1_178' title='bbox 2683 1472 2829 1524; x_wconf 88' lang='lat' dir='ltr'><strong>illam</strong></span> <span class='ocrx_word' id='word_1_179' title='bbox 2847 1471 3187 1528; x_wconf 86' lang='lat' dir='ltr'><strong>donationem</strong></span> <span class='ocrx_word' id='word_1_180' title='bbox 3212 1474 3264 1527; x_wconf 91' lang='lat' dir='ltr'><strong>in</strong></span> <span class='ocrx_word' id='word_1_181' title='bbox 3285 1473 3580 1530; x_wconf 65' lang='lat' dir='ltr'><strong>Ecclesiam</strong></span> 
     </span>
    </p>
   </div>
   <div class='ocr_carea' id='block_1_30' title="bbox 2020 1560 3581 1637">
    <p class='ocr_par' dir='ltr' id='par_1_30' title="bbox 2020 1560 3581 1637">
     <span class='ocr_line' id='line_1_30' title="bbox 2020 1560 3581 1637; baseline 0.004 -23"><span class='ocrx_word' id='word_1_182' title='bbox 2020 1560 2348 1616; x_wconf 87' lang='lat' dir='ltr'><strong>involantem</strong></span> <span class='ocrx_word' id='word_1_183' title='bbox 2389 1561 2653 1616; x_wconf 89' lang='lat' dir='ltr'><strong>declarat.</strong></span> <span class='ocrx_word' id='word_1_184' title='bbox 2703 1562 2768 1616; x_wconf 87' lang='lat' dir='ltr'><strong>Et</strong></span> <span class='ocrx_word' id='word_1_185' title='bbox 2797 1565 3150 1619; x_wconf 88' lang='lat' dir='ltr'><strong>consentiunt</strong></span> <span class='ocrx_word' id='word_1_186' title='bbox 3175 1581 3298 1620; x_wconf 91' lang='lat' dir='ltr'><strong>cum</strong></span> <span class='ocrx_word' id='word_1_187' title='bbox 3340 1567 3423 1622; x_wconf 91' lang='lat' dir='ltr'><strong>his</strong></span> <span class='ocrx_word' id='word_1_188' title='bbox 3462 1568 3581 1637; x_wconf 85' lang='lat' dir='ltr'><strong>ipsa</strong></span> 
     </span>
    </p>
   </div>
   <div class='ocr_carea' id='block_1_31' title="bbox 2018 1653 3579 1725">
    <p class='ocr_par' dir='ltr' id='par_1_31' title="bbox 2018 1653 3579 1725">
     <span class='ocr_line' id='line_1_31' title="bbox 2018 1653 3579 1725; baseline 0.003 -19"><span class='ocrx_word' id='word_1_189' title='bbox 2018 1655 2175 1706; x_wconf 86' lang='lat' dir='ltr'><strong>etiam</strong></span> <span class='ocrx_word' id='word_1_190' title='bbox 2218 1653 2529 1724; x_wconf 78' lang='lat' dir='ltr'><strong>Evangelia,</strong></span> <span class='ocrx_word' id='word_1_191' title='bbox 2563 1657 2616 1708; x_wconf 91' lang='lat' dir='ltr'><strong>in</strong></span> <span class='ocrx_word' id='word_1_192' title='bbox 2648 1653 2848 1725; x_wconf 87' lang='lat' dir='ltr'><strong>quibus</strong></span> <span class='ocrx_word' id='word_1_193' title='bbox 2880 1653 3136 1712; x_wconf 88' lang='lat' dir='ltr'><strong>Christus</strong></span> <span class='ocrx_word' id='word_1_194' title='bbox 3175 1672 3279 1711; x_wconf 87' lang='lat' dir='ltr'><strong>una</strong></span> <span class='ocrx_word' id='word_1_195' title='bbox 3313 1659 3579 1713; x_wconf 79' lang='lat' dir='ltr'><strong>considet.</strong></span> 
     </span>
    </p>
   </div>
   <div class='ocr_carea' id='block_1_32' title="bbox 2015 1742 3580 1817">
    <p class='ocr_par' dir='ltr' id='par_1_32' title="bbox 2015 1742 3580 1817">
     <span class='ocr_line' id='line_1_32' title="bbox 2015 1742 3580 1817; baseline 0.003 -20"><span class='ocrx_word' id='word_1_196' title='bbox 2015 1742 2152 1797; x_wconf 80' lang='lat' dir='ltr'><strong>illud</strong></span> <span class='ocrx_word' id='word_1_197' title='bbox 2205 1744 2346 1798; x_wconf 90' lang='lat' dir='ltr'><strong>enim</strong></span> <span class='ocrx_word' id='word_1_198' title='bbox 2389 1745 2534 1814; x_wconf 92' lang='lat' dir='ltr'><strong>quod</strong></span> <span class='ocrx_word' id='word_1_199' title='bbox 2564 1754 2647 1800; x_wconf 87' lang='lat' dir='ltr'><strong>est</strong></span> <span class='ocrx_word' id='word_1_200' title='bbox 2683 1747 2982 1801; x_wconf 88' lang='lat' dir='ltr'><strong>secundum</strong></span> <span class='ocrx_word' id='word_1_201' title='bbox 3027 1745 3314 1810; x_wconf 83' lang='lat' dir='ltr'><strong>Joannem,</strong></span> <span class='ocrx_word' id='word_1_202' title='bbox 3361 1749 3580 1817; x_wconf 86' lang='lat' dir='ltr'><strong>exponit</strong></span> 
     </span>
    </p>
   </div>
   <div class='ocr_carea' id='block_1_33' title="bbox 351 1829 1908 1908">
    <p class='ocr_par' dir='ltr' id='par_1_33' title="bbox 351 1829 1908 1901">
     <span class='ocr_line' id='line_1_33' title="bbox 351 1829 1908 1901; baseline -0.004 -14"><span class='ocrx_word' id='word_1_203' title='bbox 351 1832 553 1898; x_wconf 77' lang='grc' dir='ltr'><strong>ἔνδοξον</strong></span> <span class='ocrx_word' id='word_1_204' title='bbox 589 1833 753 1887; x_wconf 84' lang='grc' dir='ltr'><strong>αὐτοῦ</strong></span> <span class='ocrx_word' id='word_1_205' title='bbox 778 1834 971 1901; x_wconf 78' lang='grc' dir='ltr'><strong>γενεὰν</strong></span> <span class='ocrx_word' id='word_1_206' title='bbox 1010 1832 1336 1901; x_wconf 74' lang='grc' dir='ltr'><strong>ἐκδιηγεῖται</strong></span> <span class='ocrx_word' id='word_1_207' title='bbox 1367 1829 1569 1897; x_wconf 82' lang='grc' dir='ltr'><strong>λέγων’</strong></span> <span class='ocrx_word' id='word_1_208' title='bbox 1599 1848 1616 1880; x_wconf 74' lang='grc' dir='ltr'><strong>ι</strong></span> <span class='ocrx_word' id='word_1_209' title='bbox 1659 1830 1744 1881; x_wconf 85' lang='grc' dir='ltr'><strong>Ἐν</strong></span> <span class='ocrx_word' id='word_1_210' title='bbox 1769 1830 1908 1900; x_wconf 80' lang='grc' dir='ltr'><strong>ἀρχῇ</strong></span> 
     </span>
    </p>
   </div>
   <div class='ocr_carea' id='block_1_34' title="bbox 2011 1829 3581 1908">
    <p class='ocr_par' dir='ltr' id='par_1_34' title="bbox 2015 1833 3581 1908">
     <span class='ocr_line' id='line_1_34' title="bbox 2015 1833 3581 1908; baseline 0.005 -22"><span class='ocrx_word' id='word_1_211' title='bbox 2015 1833 2172 1889; x_wconf 87' lang='lat' dir='ltr'><strong>nobis</strong></span> <span class='ocrx_word' id='word_1_212' title='bbox 2203 1834 2607 1904; x_wconf 87' lang='lat' dir='ltr'><strong>imperatoriam</strong></span> <span class='ocrx_word' id='word_1_213' title='bbox 2635 1837 2780 1890; x_wconf 90' lang='lat' dir='ltr'><strong>illam</strong></span> <span class='ocrx_word' id='word_1_214' title='bbox 2810 1845 2864 1891; x_wconf 91' lang='lat' dir='ltr'><strong>et</strong></span> <span class='ocrx_word' id='word_1_215' title='bbox 2897 1837 3162 1893; x_wconf 87' lang='lat' dir='ltr'><strong>illustrem</strong></span> <span class='ocrx_word' id='word_1_216' title='bbox 3187 1838 3362 1908; x_wconf 89' lang='lat' dir='ltr'><strong>ipsius</strong></span> <span class='ocrx_word' id='word_1_217' title='bbox 3382 1855 3445 1893; x_wconf 88' lang='lat' dir='ltr'><strong>ex</strong></span> <span class='ocrx_word' id='word_1_218' title='bbox 3475 1839 3581 1894; x_wconf 86' lang='lat' dir='ltr'><strong>Pa-</strong></span> 
     </span>
    </p>
   </div>
   <div class='ocr_carea' id='block_1_35' title="bbox 351 1912 1915 1992">
    <p class='ocr_par' dir='ltr' id='par_1_35' title="bbox 351 1912 1915 1992">
     <span class='ocr_line' id='line_1_35' title="bbox 351 1912 1915 1992; baseline -0.006 -18"><span class='ocrx_word' id='word_1_219' title='bbox 351 1918 416 1992; x_wconf 74' lang='grc' dir='ltr'><strong>ἧν</strong></span> <span class='ocrx_word' id='word_1_220' title='bbox 443 1921 473 1970; x_wconf 78' lang='grc' dir='ltr'><strong><em>ὁ</em></strong></span> <span class='ocrx_word' id='word_1_221' title='bbox 501 1921 704 1990; x_wconf 69' lang='grc' dir='ltr'><strong>Λόγος·</strong></span> <span class='ocrx_word' id='word_1_222' title='bbox 737 1941 756 1972; x_wconf 73' lang='grc' dir='ltr'><strong>ι</strong></span> <span class='ocrx_word' id='word_1_223' title='bbox 802 1920 883 1973; x_wconf 83' lang='grc' dir='ltr'><strong>διὸ</strong></span> <span class='ocrx_word' id='word_1_224' title='bbox 918 1919 1012 1972; x_wconf 76' lang='grc' dir='ltr'><strong>καὶ</strong></span> <span class='ocrx_word' id='word_1_225' title='bbox 1063 1917 1220 1980; x_wconf 81' lang='grc' dir='ltr'><strong>ἀετὸς</strong></span> <span class='ocrx_word' id='word_1_226' title='bbox 1253 1916 1685 1987; x_wconf 79' lang='grc' dir='ltr'><strong>μετωνόμασται,</strong></span> <span class='ocrx_word' id='word_1_227' title='bbox 1726 1913 1801 1976; x_wconf 86' lang='grc' dir='ltr'><strong>ὡς</strong></span> <span class='ocrx_word' id='word_1_228' title='bbox 1845 1912 1915 1966; x_wconf 82' lang='grc' dir='ltr'><strong>τὰ</strong></span> 
     </span>
    </p>
   </div>
   <div class='ocr_carea' id='block_1_36' title="bbox 354 2002 1912 2082">
    <p class='ocr_par' dir='ltr' id='par_1_36' title="bbox 354 2002 1912 2082">
     <span class='ocr_line' id='line_1_36' title="bbox 354 2002 1912 2082; baseline -0.006 -16"><span class='ocrx_word' id='word_1_229' title='bbox 354 2004 458 2082; x_wconf 71' lang='grc' dir='ltr'><strong>ῦψη</strong></span> <span class='ocrx_word' id='word_1_230' title='bbox 501 2051 516 2067; x_wconf 92' lang='grc'><strong>.</strong></span> <span class='ocrx_word' id='word_1_231' title='bbox 562 2053 577 2066; x_wconf 94' lang='grc'><strong>.</strong></span> <span class='ocrx_word' id='word_1_232' title='bbox 624 2053 636 2066; x_wconf 92' lang='grc'><strong>.</strong></span> <span class='ocrx_word' id='word_1_233' title='bbox 683 2051 696 2066; x_wconf 89' lang='grc'><strong>.</strong></span> <span class='ocrx_word' id='word_1_234' title='bbox 743 2053 757 2066; x_wconf 96' lang='grc'><strong>.</strong></span> <span class='ocrx_word' id='word_1_235' title='bbox 803 2053 818 2066; x_wconf 94' lang='grc'><strong>.</strong></span> <span class='ocrx_word' id='word_1_236' title='bbox 864 2050 877 2063; x_wconf 93' lang='grc'><strong>.</strong></span> <span class='ocrx_word' id='word_1_237' title='bbox 922 2049 936 2062; x_wconf 91' lang='grc'><strong>.</strong></span> <span class='ocrx_word' id='word_1_238' title='bbox 975 2048 991 2065; x_wconf 91' lang='grc'><strong>.</strong></span> <span class='ocrx_word' id='word_1_239' title='bbox 1038 2050 1051 2064; x_wconf 95' lang='grc'><strong>.</strong></span> <span class='ocrx_word' id='word_1_240' title='bbox 1091 2007 1535 2078; x_wconf 74' lang='grc' dir='ltr'><strong>κενεμϐατήσας,</strong></span> <span class='ocrx_word' id='word_1_241' title='bbox 1563 2003 1812 2058; x_wconf 85' lang='grc' dir='ltr'><strong>κάκεῖθεν</strong></span> <span class='ocrx_word' id='word_1_242' title='bbox 1846 2002 1912 2056; x_wconf 71' lang='grc' dir='ltr'><strong>τὰ</strong></span> 
     </span>
    </p>
   </div>
   <div class='ocr_carea' id='block_1_37' title="bbox 350 2092 1912 2173">
    <p class='ocr_par' dir='ltr' id='par_1_37' title="bbox 350 2092 1912 2173">
     <span class='ocr_line' id='line_1_37' title="bbox 350 2092 1912 2173; baseline -0.009 -16"><span class='ocrx_word' id='word_1_243' title='bbox 350 2103 632 2173; x_wconf 71' lang='grc' dir='ltr'><strong>ἀπόρρητα</strong></span> <span class='ocrx_word' id='word_1_244' title='bbox 682 2099 930 2173; x_wconf 72' lang='grc' dir='ltr'><strong>μυηθεὶς,</strong></span> <span class='ocrx_word' id='word_1_245' title='bbox 983 2099 1076 2150; x_wconf 81' lang='grc' dir='ltr'><strong>καὶ</strong></span> <span class='ocrx_word' id='word_1_246' title='bbox 1117 2096 1185 2150; x_wconf 83' lang='grc' dir='ltr'><strong>τὰ</strong></span> <span class='ocrx_word' id='word_1_247' title='bbox 1240 2095 1454 2168; x_wconf 76' lang='grc' dir='ltr'><strong>κρυπτὰ</strong></span> <span class='ocrx_word' id='word_1_248' title='bbox 1499 2096 1599 2164; x_wconf 80' lang='grc' dir='ltr'><strong>τῆς</strong></span> <span class='ocrx_word' id='word_1_249' title='bbox 1639 2092 1912 2161; x_wconf 83' lang='grc' dir='ltr'><strong>θεολογίας</strong></span> 
     </span>
    </p>
   </div>
   <div class='ocr_carea' id='block_1_38' title="bbox 349 2183 1912 2262">
    <p class='ocr_par' dir='ltr' id='par_1_38' title="bbox 349 2183 1912 2262">
     <span class='ocr_line' id='line_1_38' title="bbox 349 2183 1912 2262; baseline -0.008 -13"><span class='ocrx_word' id='word_1_250' title='bbox 349 2234 366 2249; x_wconf 90' lang='grc'><strong>.</strong></span> <span class='ocrx_word' id='word_1_251' title='bbox 407 2232 422 2246; x_wconf 90' lang='grc'><strong>.</strong></span> <span class='ocrx_word' id='word_1_252' title='bbox 465 2234 480 2248; x_wconf 95' lang='grc'><strong>.</strong></span> <span class='ocrx_word' id='word_1_253' title='bbox 526 2232 539 2246; x_wconf 94' lang='grc'><strong>.</strong></span> <span class='ocrx_word' id='word_1_254' title='bbox 582 2231 596 2245; x_wconf 90' lang='grc'><strong>.</strong></span> <span class='ocrx_word' id='word_1_255' title='bbox 639 2230 657 2246; x_wconf 93' lang='grc'><strong>.</strong></span> <span class='ocrx_word' id='word_1_256' title='bbox 699 2232 714 2246; x_wconf 95' lang='grc'><strong>.</strong></span> <span class='ocrx_word' id='word_1_257' title='bbox 759 2232 775 2248; x_wconf 93' lang='grc'><strong>.</strong></span> <span class='ocrx_word' id='word_1_258' title='bbox 819 2189 1256 2262; x_wconf 82' lang='grc' dir='ltr'><strong>ἀνιμησάμενος,</strong></span> <span class='ocrx_word' id='word_1_259' title='bbox 1288 2189 1381 2240; x_wconf 67' lang='grc' dir='ltr'><strong>καὶ</strong></span> <span class='ocrx_word' id='word_1_260' title='bbox 1419 2186 1516 2257; x_wconf 83' lang='grc' dir='ltr'><strong>τὴν</strong></span> <span class='ocrx_word' id='word_1_261' title='bbox 1549 2186 1782 2256; x_wconf 74' lang='grc' dir='ltr'><strong>ἄρρητον</strong></span> <span class='ocrx_word' id='word_1_262' title='bbox 1818 2183 1912 2236; x_wconf 79' lang='grc' dir='ltr'><strong>καὶ</strong></span> 
     </span>
    </p>
   </div>
   <div class='ocr_carea' id='block_1_39' title="bbox 347 2275 1911 2354">
    <p class='ocr_par' dir='ltr' id='par_1_39' title="bbox 347 2275 1911 2354">
     <span class='ocr_line' id='line_1_39' title="bbox 347 2275 1911 2354; baseline -0.008 -15"><span class='ocrx_word' id='word_1_263' title='bbox 347 2285 728 2354; x_wconf 80' lang='grc' dir='ltr'><strong>ἀκατάληπτον</strong></span> <span class='ocrx_word' id='word_1_264' title='bbox 779 2281 1030 2352; x_wconf 79' lang='grc' dir='ltr'><strong>γέννησιν</strong></span> <span class='ocrx_word' id='word_1_265' title='bbox 1071 2280 1165 2332; x_wconf 86' lang='grc' dir='ltr'><strong>τοῦ</strong></span> <span class='ocrx_word' id='word_1_266' title='bbox 1203 2278 1334 2332; x_wconf 89' lang='grc' dir='ltr'><strong>Υίοῦ</strong></span> <span class='ocrx_word' id='word_1_267' title='bbox 1377 2277 1468 2330; x_wconf 89' lang='grc' dir='ltr'><strong>τοῦ</strong></span> <span class='ocrx_word' id='word_1_268' title='bbox 1502 2275 1635 2328; x_wconf 83' lang='grc' dir='ltr'><strong>Θεοῦ</strong></span> <span class='ocrx_word' id='word_1_269' title='bbox 1673 2292 1911 2346; x_wconf 87' lang='grc' dir='ltr'><strong>συγγρα-</strong></span> 
     </span>
    </p>
   </div>
   <div class='ocr_carea' id='block_1_40' title="bbox 346 2363 1912 2444">
    <p class='ocr_par' dir='ltr' id='par_1_40' title="bbox 346 2363 1912 2444">
     <span class='ocr_line' id='line_1_40' title="bbox 346 2363 1912 2444; baseline -0.008 -18"><span class='ocrx_word' id='word_1_270' title='bbox 346 2373 580 2444; x_wconf 61' lang='grc' dir='ltr'><strong>ψάμενος</strong></span> <span class='ocrx_word' id='word_1_271' title='bbox 599 2413 612 2426; x_wconf 95' lang='grc'><strong>.</strong></span> <span class='ocrx_word' id='word_1_272' title='bbox 660 2372 732 2425; x_wconf 80' lang='grc' dir='ltr'>Τὸ</span> <span class='ocrx_word' id='word_1_273' title='bbox 753 2371 808 2424; x_wconf 86' lang='grc' dir='ltr'><strong>δὲ</strong></span> <span class='ocrx_word' id='word_1_274' title='bbox 834 2369 975 2424; x_wconf 83' lang='grc' dir='ltr'><strong>κατά</strong></span> <span class='ocrx_word' id='word_1_275' title='bbox 1001 2371 1211 2424; x_wconf 85' lang='grc' dir='ltr'><strong>Λουκᾶν</strong></span> <span class='ocrx_word' id='word_1_276' title='bbox 1232 2368 1456 2440; x_wconf 86' lang='grc' dir='ltr'><strong>ἄρχεται</strong></span> <span class='ocrx_word' id='word_1_277' title='bbox 1486 2365 1592 2418; x_wconf 78' lang='grc' dir='ltr'><strong>ἀπὸ</strong></span> <span class='ocrx_word' id='word_1_278' title='bbox 1623 2363 1715 2417; x_wconf 89' lang='grc' dir='ltr'><strong>τοῦ</strong></span> <span class='ocrx_word' id='word_1_279' title='bbox 1737 2365 1912 2433; x_wconf 79' lang='grc' dir='ltr'><strong>Ζαχα-</strong></span> 
     </span>
    </p>
   </div>
   <div class='ocr_carea' id='block_1_41' title="bbox 351 2453 1912 2536">
    <p class='ocr_par' dir='ltr' id='par_1_41' title="bbox 351 2453 1912 2536">
     <span class='ocr_line' id='line_1_41' title="bbox 351 2453 1912 2536; baseline -0.008 -18"><span class='ocrx_word' id='word_1_280' title='bbox 351 2467 461 2536; x_wconf 90' lang='grc' dir='ltr'><strong>ρίου</strong></span> <span class='ocrx_word' id='word_1_281' title='bbox 521 2464 617 2518; x_wconf 88' lang='grc' dir='ltr'><strong>τοῦ</strong></span> <span class='ocrx_word' id='word_1_282' title='bbox 672 2463 886 2535; x_wconf 78' lang='grc' dir='ltr'><strong>ἱερέως·</strong></span> <span class='ocrx_word' id='word_1_283' title='bbox 924 2461 986 2514; x_wconf 81' lang='grc' dir='ltr'><strong>τὸ</strong></span> <span class='ocrx_word' id='word_1_284' title='bbox 1028 2461 1084 2514; x_wconf 84' lang='grc' dir='ltr'><strong>δὲ</strong></span> <span class='ocrx_word' id='word_1_285' title='bbox 1131 2459 1270 2513; x_wconf 80' lang='grc' dir='ltr'><strong>κατὰ</strong></span> <span class='ocrx_word' id='word_1_286' title='bbox 1326 2458 1597 2513; x_wconf 63' lang='grc' dir='ltr'><strong>δίατθαίον</strong></span> <span class='ocrx_word' id='word_1_287' title='bbox 1643 2455 1736 2526; x_wconf 78' lang='grc' dir='ltr'><strong>τὴν</strong></span> <span class='ocrx_word' id='word_1_288' title='bbox 1771 2453 1912 2508; x_wconf 81' lang='grc' dir='ltr'><strong>κατὰ</strong></span> 
     </span>
    </p>
   </div>
   <div class='ocr_carea' id='block_1_42' title="bbox 346 2546 1910 2626">
    <p class='ocr_par' dir='ltr' id='par_1_42' title="bbox 346 2546 1910 2626">
     <span class='ocr_line' id='line_1_42' title="bbox 346 2546 1910 2626; baseline -0.008 -16"><span class='ocrx_word' id='word_1_289' title='bbox 346 2557 628 2626; x_wconf 79' lang='grc' dir='ltr'><strong>ἄνθρωπον</strong></span> <span class='ocrx_word' id='word_1_290' title='bbox 677 2553 842 2608; x_wconf 82' lang='grc' dir='ltr'><strong>αὑτοῦ</strong></span> <span class='ocrx_word' id='word_1_291' title='bbox 902 2555 1153 2622; x_wconf 82' lang='grc' dir='ltr'><strong>γέννησιν</strong></span> <span class='ocrx_word' id='word_1_292' title='bbox 1205 2551 1434 2623; x_wconf 59' lang='grc' dir='ltr'><strong>γράφει·</strong></span> <span class='ocrx_word' id='word_1_293' title='bbox 1475 2568 1494 2601; x_wconf 85' lang='grc'><em>‹</em></span> <span class='ocrx_word' id='word_1_294' title='bbox 1522 2548 1707 2611; x_wconf 78' lang='grc' dir='ltr'><strong>Βίϐλος</strong></span> <span class='ocrx_word' id='word_1_295' title='bbox 1758 2546 1910 2615; x_wconf 82' lang='grc' dir='ltr'><strong>γενέ-</strong></span> 
     </span>
    </p>
   </div>
   <div class='ocr_carea' id='block_1_43' title="bbox 348 2636 1912 2713">
    <p class='ocr_par' dir='ltr' id='par_1_43' title="bbox 348 2636 1912 2713">
     <span class='ocr_line' id='line_1_43' title="bbox 348 2636 1912 2713; baseline -0.006 -17"><span class='ocrx_word' id='word_1_296' title='bbox 348 2662 501 2708; x_wconf 84' lang='grc' dir='ltr'><strong>σεως.</strong></span> <span class='ocrx_word' id='word_1_297' title='bbox 534 2663 551 2695; x_wconf 74' lang='grc' dir='ltr'><strong>ι</strong></span> <span class='ocrx_word' id='word_1_298' title='bbox 604 2644 676 2696; x_wconf 81' lang='grc' dir='ltr'>Τὸ</span> <span class='ocrx_word' id='word_1_299' title='bbox 713 2644 771 2696; x_wconf 87' lang='grc' dir='ltr'><strong>δὲ</strong></span> <span class='ocrx_word' id='word_1_300' title='bbox 811 2641 951 2696; x_wconf 82' lang='grc' dir='ltr'><strong>κατὰ</strong></span> <span class='ocrx_word' id='word_1_301' title='bbox 985 2641 1209 2713; x_wconf 86' lang='grc' dir='ltr'><strong>Μάρκον</strong></span> <span class='ocrx_word' id='word_1_302' title='bbox 1231 2656 1243 2668; x_wconf 88' lang='grc'><strong>·</strong></span> <span class='ocrx_word' id='word_1_303' title='bbox 1273 2658 1292 2690; x_wconf 70' lang='grc' dir='ltr'><strong>ι</strong></span> <span class='ocrx_word' id='word_1_304' title='bbox 1328 2639 1492 2710; x_wconf 77' lang='grc' dir='ltr'><strong>Ἀρχὴ</strong></span> <span class='ocrx_word' id='word_1_305' title='bbox 1537 2637 1630 2695; x_wconf 81' lang='grc' dir='ltr'><strong>τοῦ</strong></span> <span class='ocrx_word' id='word_1_306' title='bbox 1669 2636 1912 2703; x_wconf 79' lang='grc' dir='ltr'><strong>Εὐαγγε-</strong></span> 
     </span>
    </p>
   </div>
   <div class='ocr_carea' id='block_1_44' title="bbox 343 2727 1909 2804">
    <p class='ocr_par' dir='ltr' id='par_1_44' title="bbox 343 2727 1909 2804">
     <span class='ocr_line' id='line_1_44' title="bbox 343 2727 1909 2804; baseline -0.003 -19"><span class='ocrx_word' id='word_1_307' title='bbox 343 2733 475 2788; x_wconf 77' lang='grc' dir='ltr'><strong>λίου.</strong></span> <span class='ocrx_word' id='word_1_308' title='bbox 506 2754 524 2782; x_wconf 73' lang='grc' dir='ltr'><strong>ι</strong></span> <span class='ocrx_word' id='word_1_309' title='bbox 556 2734 656 2786; x_wconf 81' lang='grc' dir='ltr'><strong>Διὰ</strong></span> <span class='ocrx_word' id='word_1_310' title='bbox 697 2733 854 2788; x_wconf 88' lang='grc' dir='ltr'><strong>τοῦτο</strong></span> <span class='ocrx_word' id='word_1_311' title='bbox 895 2733 988 2787; x_wconf 72' lang='grc' dir='ltr'><strong>καὶ</strong></span> <span class='ocrx_word' id='word_1_312' title='bbox 1022 2733 1284 2804; x_wconf 80' lang='grc' dir='ltr'><strong>τέσσαρες</strong></span> <span class='ocrx_word' id='word_1_313' title='bbox 1332 2729 1616 2785; x_wconf 72' lang='grc' dir='ltr'><strong>καθολικαὶ</strong></span> <span class='ocrx_word' id='word_1_314' title='bbox 1655 2727 1909 2798; x_wconf 83' lang='grc' dir='ltr'><strong>διαθῆκαι</strong></span> 
     </span>
    </p>
   </div>
   <div class='ocr_carea' id='block_1_45' title="bbox 342 2817 1911 2897">
    <p class='ocr_par' dir='ltr' id='par_1_45' title="bbox 342 2817 1911 2897">
     <span class='ocr_line' id='line_1_45' title="bbox 342 2817 1911 2897; baseline -0.003 -21"><span class='ocrx_word' id='word_1_315' title='bbox 342 2829 448 2888; x_wconf 85' lang='grc' dir='ltr'><strong>τοῖς</strong></span> <span class='ocrx_word' id='word_1_316' title='bbox 473 2824 780 2897; x_wconf 83' lang='grc' dir='ltr'><strong>ἀνθρώποις</strong></span> <span class='ocrx_word' id='word_1_317' title='bbox 801 2824 1057 2896; x_wconf 81' lang='grc' dir='ltr'><strong>ἐδόθησαν</strong></span> <span class='ocrx_word' id='word_1_318' title='bbox 1077 2841 1090 2854; x_wconf 89' lang='grc'><strong>·</strong></span> <span class='ocrx_word' id='word_1_319' title='bbox 1118 2823 1213 2894; x_wconf 85' lang='grc' dir='ltr'><strong>μία</strong></span> <span class='ocrx_word' id='word_1_320' title='bbox 1243 2822 1340 2894; x_wconf 82' lang='grc' dir='ltr'><strong>μὲν</strong></span> <span class='ocrx_word' id='word_1_321' title='bbox 1365 2821 1504 2876; x_wconf 81' lang='grc' dir='ltr'><strong>κατὰ</strong></span> <span class='ocrx_word' id='word_1_322' title='bbox 1525 2820 1614 2874; x_wconf 78' lang='grc' dir='ltr'><strong>τὸν</strong></span> <span class='ocrx_word' id='word_1_323' title='bbox 1644 2817 1911 2872; x_wconf 86' lang='grc' dir='ltr'><strong>κατακλυ-</strong></span> 
     </span>
    </p>
   </div>
   <div class='ocr_carea' id='block_1_46' title="bbox 347 2910 1908 2988">
    <p class='ocr_par' dir='ltr' id='par_1_46' title="bbox 347 2910 1908 2988">
     <span class='ocr_line' id='line_1_46' title="bbox 347 2910 1908 2988; baseline -0.004 -20"><span class='ocrx_word' id='word_1_324' title='bbox 347 2917 476 2987; x_wconf 80' lang='grc' dir='ltr'><strong>σμὸν</strong></span> <span class='ocrx_word' id='word_1_325' title='bbox 498 2916 591 2969; x_wconf 84' lang='grc' dir='ltr'><strong>τοῦ</strong></span> <span class='ocrx_word' id='word_1_326' title='bbox 612 2916 733 2970; x_wconf 81' lang='grc' dir='ltr'><strong>Νῶε</strong></span> <span class='ocrx_word' id='word_1_327' title='bbox 755 2916 846 2969; x_wconf 73' lang='grc' dir='ltr'><strong>ἐπὶ</strong></span> <span class='ocrx_word' id='word_1_328' title='bbox 863 2916 953 2970; x_wconf 88' lang='grc' dir='ltr'><strong>τοῦ</strong></span> <span class='ocrx_word' id='word_1_329' title='bbox 976 2915 1130 2980; x_wconf 82' lang='grc' dir='ltr'><strong>τόξου</strong></span> <span class='ocrx_word' id='word_1_330' title='bbox 1151 2932 1163 2944; x_wconf 91' lang='grc'><strong>·</strong></span> <span class='ocrx_word' id='word_1_331' title='bbox 1179 2915 1402 2988; x_wconf 85' lang='grc' dir='ltr'><strong>δευτέρα</strong></span> <span class='ocrx_word' id='word_1_332' title='bbox 1430 2913 1523 2966; x_wconf 71' lang='grc' dir='ltr'><strong>ἐπὶ</strong></span> <span class='ocrx_word' id='word_1_333' title='bbox 1543 2912 1636 2965; x_wconf 88' lang='grc' dir='ltr'><strong>τοῦ</strong></span> <span class='ocrx_word' id='word_1_334' title='bbox 1662 2910 1908 2980; x_wconf 79' lang='grc' dir='ltr'><strong>Ἀϐραὰμ</strong></span> 
     </span>
    </p>
   </div>
   <div class='ocr_carea' id='block_1_47' title="bbox 343 3000 1906 3080">
    <p class='ocr_par' dir='ltr' id='par_1_47' title="bbox 343 3000 1906 3080">
     <span class='ocr_line' id='line_1_47' title="bbox 343 3000 1906 3080; baseline -0.005 -18"><span class='ocrx_word' id='word_1_335' title='bbox 343 3010 431 3062; x_wconf 69' lang='grc' dir='ltr'><strong>ἐπὶ</strong></span> <span class='ocrx_word' id='word_1_336' title='bbox 473 3008 566 3062; x_wconf 86' lang='grc' dir='ltr'><strong>τοῦ</strong></span> <span class='ocrx_word' id='word_1_337' title='bbox 605 3009 831 3080; x_wconf 84' lang='grc' dir='ltr'><strong>σημείου</strong></span> <span class='ocrx_word' id='word_1_338' title='bbox 885 3008 986 3078; x_wconf 78' lang='grc' dir='ltr'><strong>τῆς</strong></span> <span class='ocrx_word' id='word_1_339' title='bbox 1034 3007 1356 3077; x_wconf 72' lang='grc' dir='ltr'><strong>περιτομῆςο</strong></span> <span class='ocrx_word' id='word_1_340' title='bbox 1405 3005 1562 3075; x_wconf 86' lang='grc' dir='ltr'><strong>τρίτη</strong></span> <span class='ocrx_word' id='word_1_341' title='bbox 1616 3006 1648 3075; x_wconf 86' lang='grc' dir='ltr'><strong>ή</strong></span> <span class='ocrx_word' id='word_1_342' title='bbox 1696 3002 1783 3056; x_wconf 73' lang='grc' dir='ltr'><strong>διὰ</strong></span> <span class='ocrx_word' id='word_1_343' title='bbox 1813 3000 1906 3055; x_wconf 91' lang='grc' dir='ltr'><strong>τοῦ</strong></span> 
     </span>
    </p>
   </div>
   <div class='ocr_carea' id='block_1_48' title="bbox 2015 1925 3578 1998">
    <p class='ocr_par' dir='ltr' id='par_1_48' title="bbox 2015 1925 3578 1998">
     <span class='ocr_line' id='line_1_48' title="bbox 2015 1925 3578 1998; baseline 0.005 -22"><span class='ocrx_word' id='word_1_344' title='bbox 2015 1932 2094 1977; x_wconf 91' lang='lat' dir='ltr'><strong>tre</strong></span> <span class='ocrx_word' id='word_1_345' title='bbox 2121 1925 2479 1989; x_wconf 87' lang='lat' dir='ltr'><strong>nativitatem,</strong></span> <span class='ocrx_word' id='word_1_346' title='bbox 2519 1942 2642 1980; x_wconf 86' lang='lat' dir='ltr'><strong>cum</strong></span> <span class='ocrx_word' id='word_1_347' title='bbox 2679 1928 2753 1980; x_wconf 91' lang='lat' dir='ltr'><strong>ait</strong></span> <span class='ocrx_word' id='word_1_348' title='bbox 2783 1946 2795 1981; x_wconf 93' lang='lat'><strong>:</strong></span> <span class='ocrx_word' id='word_1_349' title='bbox 2829 1946 2847 1979; x_wconf 76' lang='grc' dir='ltr'><strong>ι</strong></span> <span class='ocrx_word' id='word_1_350' title='bbox 2886 1926 2942 1982; x_wconf 84' lang='grc' dir='ltr'><strong>1η</strong></span> <span class='ocrx_word' id='word_1_351' title='bbox 2977 1929 3248 1998; x_wconf 90' lang='lat' dir='ltr'><strong>principio</strong></span> <span class='ocrx_word' id='word_1_352' title='bbox 3281 1938 3400 1984; x_wconf 90' lang='lat' dir='ltr'><strong>erat</strong></span> <span class='ocrx_word' id='word_1_353' title='bbox 3439 1929 3578 1986; x_wconf 78' lang='lat' dir='ltr'><strong>Ver-</strong></span> 
     </span>
    </p>
   </div>
   <div class='ocr_carea' id='block_1_49' title="bbox 2013 2013 3581 2089">
    <p class='ocr_par' dir='ltr' id='par_1_49' title="bbox 2013 2013 3581 2089">
     <span class='ocr_line' id='line_1_49' title="bbox 2013 2013 3581 2089; baseline 0.004 -21"><span class='ocrx_word' id='word_1_354' title='bbox 2013 2013 2139 2068; x_wconf 88' lang='lat' dir='ltr'><strong>bum</strong></span> <span class='ocrx_word' id='word_1_355' title='bbox 2167 2014 2232 2069; x_wconf 75' lang='lat'><strong>“.</strong></span> <span class='ocrx_word' id='word_1_356' title='bbox 2265 2033 2283 2066; x_wconf 74' lang='grc' dir='ltr'><strong>ι</strong></span> <span class='ocrx_word' id='word_1_357' title='bbox 2347 2013 2706 2080; x_wconf 76' lang='lat' dir='ltr'><strong>Quamobrem</strong></span> <span class='ocrx_word' id='word_1_358' title='bbox 2761 2018 2924 2070; x_wconf 82' lang='lat' dir='ltr'><strong>etiam</strong></span> <span class='ocrx_word' id='word_1_359' title='bbox 2981 2037 2999 2069; x_wconf 76' lang='grc' dir='ltr'><strong>ι</strong></span> <span class='ocrx_word' id='word_1_360' title='bbox 3036 2016 3274 2074; x_wconf 86' lang='lat' dir='ltr'><strong>Joannes</strong></span> <span class='ocrx_word' id='word_1_361' title='bbox 3307 2038 3325 2070; x_wconf 71' lang='grc' dir='ltr'><strong>ι</strong></span> <span class='ocrx_word' id='word_1_362' title='bbox 3385 2021 3581 2089; x_wconf 72' lang='lat' dir='ltr'><strong>aquilae</strong></span> 
     </span>
    </p>
   </div>
   <div class='ocr_carea' id='block_1_50' title="bbox 2014 2105 3577 2180">
    <p class='ocr_par' dir='ltr' id='par_1_50' title="bbox 2014 2105 3577 2180">
     <span class='ocr_line' id='line_1_50' title="bbox 2014 2105 3577 2180; baseline 0.005 -23"><span class='ocrx_word' id='word_1_363' title='bbox 2014 2119 2210 2158; x_wconf 88' lang='lat' dir='ltr'><strong>nomen</strong></span> <span class='ocrx_word' id='word_1_364' title='bbox 2241 2105 2447 2174; x_wconf 89' lang='lat' dir='ltr'><strong>accepit</strong></span> <span class='ocrx_word' id='word_1_365' title='bbox 2471 2121 2536 2159; x_wconf 88' lang='lat' dir='ltr'><strong>eo</strong></span> <span class='ocrx_word' id='word_1_366' title='bbox 2561 2106 2702 2175; x_wconf 92' lang='lat' dir='ltr'><strong>quod</strong></span> <span class='ocrx_word' id='word_1_367' title='bbox 2733 2107 2994 2162; x_wconf 88' lang='lat' dir='ltr'><strong>altissima</strong></span> <span class='ocrx_word' id='word_1_368' title='bbox 3015 2124 3242 2178; x_wconf 63' lang='lat' dir='ltr'><strong>qumque</strong></span> <span class='ocrx_word' id='word_1_369' title='bbox 3273 2112 3577 2180; x_wconf 86' lang='lat' dir='ltr'><strong>pervolans,</strong></span> 
     </span>
    </p>
   </div>
   <div class='ocr_carea' id='block_1_51' title="bbox 2015 2195 3579 2267">
    <p class='ocr_par' dir='ltr' id='par_1_51' title="bbox 2015 2195 3579 2267">
     <span class='ocr_line' id='line_1_51' title="bbox 2015 2195 3579 2267; baseline 0.006 -18"><span class='ocrx_word' id='word_1_370' title='bbox 2015 2195 2144 2250; x_wconf 90' lang='lat' dir='ltr'><strong>inde</strong></span> <span class='ocrx_word' id='word_1_371' title='bbox 2171 2196 2628 2266; x_wconf 86' lang='lat' dir='ltr'><strong>inexplicabilium</strong></span> <span class='ocrx_word' id='word_1_372' title='bbox 2676 2199 2956 2254; x_wconf 85' lang='lat' dir='ltr'><strong>scientiam</strong></span> <span class='ocrx_word' id='word_1_373' title='bbox 2990 2200 3240 2267; x_wconf 88' lang='lat' dir='ltr'><strong>edoctus,</strong></span> <span class='ocrx_word' id='word_1_374' title='bbox 3273 2211 3325 2257; x_wconf 90' lang='lat' dir='ltr'><strong>et</strong></span> <span class='ocrx_word' id='word_1_375' title='bbox 3363 2205 3579 2258; x_wconf 85' lang='lat' dir='ltr'><strong>occulta</strong></span> 
     </span>
    </p>
   </div>
   <div class='ocr_carea' id='block_1_52' title="bbox 2011 2284 3579 2358">
    <p class='ocr_par' dir='ltr' id='par_1_52' title="bbox 2011 2284 3579 2358">
     <span class='ocr_line' id='line_1_52' title="bbox 2011 2284 3579 2358; baseline 0.008 -20"><span class='ocrx_word' id='word_1_376' title='bbox 2011 2284 2206 2339; x_wconf 68' lang='lat' dir='ltr'><strong>divinas</strong></span> <span class='ocrx_word' id='word_1_377' title='bbox 2243 2284 2506 2340; x_wconf 71' lang='lat' dir='ltr'><strong>doctrina:</strong></span> <span class='ocrx_word' id='word_1_378' title='bbox 2541 2286 2820 2352; x_wconf 87' lang='lat' dir='ltr'><strong>deserens,</strong></span> <span class='ocrx_word' id='word_1_379' title='bbox 2864 2288 3007 2341; x_wconf 84' lang='lat' dir='ltr'><strong>illam</strong></span> <span class='ocrx_word' id='word_1_380' title='bbox 3044 2305 3164 2358; x_wconf 70' lang='lat' dir='ltr'><strong>qua:</strong></span> <span class='ocrx_word' id='word_1_381' title='bbox 3202 2291 3366 2346; x_wconf 89' lang='lat' dir='ltr'><strong>nullis</strong></span> <span class='ocrx_word' id='word_1_382' title='bbox 3400 2293 3579 2350; x_wconf 80' lang='lat' dir='ltr'><strong>verbis</strong></span> 
     </span>
    </p>
   </div>
   <div class='ocr_carea' id='block_1_53' title="bbox 2010 2375 3577 2449">
    <p class='ocr_par' dir='ltr' id='par_1_53' title="bbox 2010 2375 3577 2449">
     <span class='ocr_line' id='line_1_53' title="bbox 2010 2375 3577 2449; baseline 0.005 -21"><span class='ocrx_word' id='word_1_383' title='bbox 2010 2375 2228 2445; x_wconf 82' lang='lat' dir='ltr'><strong>exponi,</strong></span> <span class='ocrx_word' id='word_1_384' title='bbox 2275 2377 2533 2447; x_wconf 87' lang='lat' dir='ltr'><strong>nulloque</strong></span> <span class='ocrx_word' id='word_1_385' title='bbox 2581 2377 2810 2432; x_wconf 88' lang='lat' dir='ltr'><strong>rationis</strong></span> <span class='ocrx_word' id='word_1_386' title='bbox 2859 2377 3138 2432; x_wconf 88' lang='lat' dir='ltr'><strong>intellectu</strong></span> <span class='ocrx_word' id='word_1_387' title='bbox 3189 2381 3577 2449; x_wconf 87' lang='lat' dir='ltr'><strong>comprehendi</strong></span> 
     </span>
    </p>
   </div>
   <div class='ocr_carea' id='block_1_54' title="bbox 2013 2463 3582 2537">
    <p class='ocr_par' dir='ltr' id='par_1_54' title="bbox 2013 2463 3582 2537">
     <span class='ocr_line' id='line_1_54' title="bbox 2013 2463 3582 2537; baseline 0.006 -18"><span class='ocrx_word' id='word_1_388' title='bbox 2013 2473 2211 2537; x_wconf 86' lang='lat' dir='ltr'><strong>potest,</strong></span> <span class='ocrx_word' id='word_1_389' title='bbox 2237 2463 2356 2519; x_wconf 86' lang='lat' dir='ltr'><strong>Filii</strong></span> <span class='ocrx_word' id='word_1_390' title='bbox 2391 2467 2794 2534; x_wconf 83' lang='lat' dir='ltr'><strong>generationem</strong></span> <span class='ocrx_word' id='word_1_391' title='bbox 2827 2470 3235 2537; x_wconf 81' lang='lat' dir='ltr'><strong>conscripserit.</strong></span> <span class='ocrx_word' id='word_1_392' title='bbox 3266 2471 3419 2536; x_wconf 83' lang='lat' dir='ltr'><strong>Quod</strong></span> <span class='ocrx_word' id='word_1_393' title='bbox 3450 2488 3582 2529; x_wconf 88' lang='lat' dir='ltr'><strong>vero</strong></span> 
     </span>
    </p>
   </div>
   <div class='ocr_carea' id='block_1_55' title="bbox 2012 2554 3576 2618">
    <p class='ocr_par' dir='ltr' id='par_1_55' title="bbox 2012 2554 3576 2618">
     <span class='ocr_line' id='line_1_55' title="bbox 2012 2554 3576 2618; baseline 0.004 -8"><span class='ocrx_word' id='word_1_394' title='bbox 2012 2555 2310 2610; x_wconf 88' lang='lat' dir='ltr'><strong>secundum</strong></span> <span class='ocrx_word' id='word_1_395' title='bbox 2368 2554 2569 2610; x_wconf 86' lang='lat' dir='ltr'><strong>Lucam</strong></span> <span class='ocrx_word' id='word_1_396' title='bbox 2607 2572 2636 2610; x_wconf 89' lang='lat' dir='ltr'><strong>a</strong></span> <span class='ocrx_word' id='word_1_397' title='bbox 2687 2561 2968 2612; x_wconf 85' lang='lat' dir='ltr'><strong>sacerdote</strong></span> <span class='ocrx_word' id='word_1_398' title='bbox 3012 2557 3274 2613; x_wconf 86' lang='lat' dir='ltr'><strong>Zacharia</strong></span> <span class='ocrx_word' id='word_1_399' title='bbox 3314 2563 3524 2616; x_wconf 87' lang='lat' dir='ltr'><strong>orditur</strong></span> <span class='ocrx_word' id='word_1_400' title='bbox 3561 2583 3576 2618; x_wconf 89' lang='lat'><strong>:</strong></span> 
     </span>
    </p>
   </div>
   <div class='ocr_carea' id='block_1_56' title="bbox 2013 2645 3578 2721">
    <p class='ocr_par' dir='ltr' id='par_1_56' title="bbox 2013 2645 3578 2721">
     <span class='ocr_line' id='line_1_56' title="bbox 2013 2645 3578 2721; baseline 0.003 -20"><span class='ocrx_word' id='word_1_401' title='bbox 2013 2645 2233 2717; x_wconf 85' lang='lat' dir='ltr'><strong>etquod</strong></span> <span class='ocrx_word' id='word_1_402' title='bbox 2269 2653 2351 2700; x_wconf 86' lang='lat' dir='ltr'><strong>est</strong></span> <span class='ocrx_word' id='word_1_403' title='bbox 2382 2647 2679 2701; x_wconf 88' lang='lat' dir='ltr'><strong>secundum</strong></span> <span class='ocrx_word' id='word_1_404' title='bbox 2719 2647 3048 2710; x_wconf 71' lang='lat' dir='ltr'><strong>lllatthaeum.</strong></span> <span class='ocrx_word' id='word_1_405' title='bbox 3087 2651 3227 2718; x_wconf 87' lang='lat' dir='ltr'><strong>ejus,</strong></span> <span class='ocrx_word' id='word_1_406' title='bbox 3269 2667 3374 2721; x_wconf 92' lang='lat' dir='ltr'><strong>qua</strong></span> <span class='ocrx_word' id='word_1_407' title='bbox 3414 2652 3578 2706; x_wconf 91' lang='lat' dir='ltr'><strong>homo</strong></span> 
     </span>
    </p>
   </div>
   <div class='ocr_carea' id='block_1_57' title="bbox 2009 2739 3580 2815">
    <p class='ocr_par' dir='ltr' id='par_1_57' title="bbox 2009 2739 3580 2815">
     <span class='ocr_line' id='line_1_57' title="bbox 2009 2739 3580 2815; baseline 0.004 -23"><span class='ocrx_word' id='word_1_408' title='bbox 2009 2745 2134 2801; x_wconf 89' lang='lat' dir='ltr'><strong>est,</strong></span> <span class='ocrx_word' id='word_1_409' title='bbox 2186 2739 2586 2808; x_wconf 81' lang='lat' dir='ltr'><strong>generationem</strong></span> <span class='ocrx_word' id='word_1_410' title='bbox 2646 2742 2912 2808; x_wconf 77' lang='lat' dir='ltr'><strong>exponit:</strong></span> <span class='ocrx_word' id='word_1_411' title='bbox 2953 2761 2971 2793; x_wconf 74' lang='grc' dir='ltr'><strong>ι</strong></span> <span class='ocrx_word' id='word_1_412' title='bbox 3019 2740 3198 2805; x_wconf 86' lang='lat' dir='ltr'><strong>Liber,</strong></span> <span class='ocrx_word' id='word_1_413' title='bbox 3254 2742 3448 2813; x_wconf 80' lang='lat' dir='ltr'><strong>inquit,</strong></span> <span class='ocrx_word' id='word_1_414' title='bbox 3493 2760 3580 2815; x_wconf 86' lang='lat' dir='ltr'><strong>ge-</strong></span> 
     </span>
    </p>
   </div>
   <div class='ocr_carea' id='block_1_58' title="bbox 2009 2826 3572 2899">
    <p class='ocr_par' dir='ltr' id='par_1_58' title="bbox 2009 2826 3572 2899">
     <span class='ocr_line' id='line_1_58' title="bbox 2009 2826 3572 2899; baseline 0.005 -19"><span class='ocrx_word' id='word_1_415' title='bbox 2009 2827 2307 2882; x_wconf 91' lang='lat' dir='ltr'><strong>nerationis</strong></span> <span class='ocrx_word' id='word_1_416' title='bbox 2349 2826 2414 2880; x_wconf 60' lang='lat'><strong>‘5.</strong></span> <span class='ocrx_word' id='word_1_417' title='bbox 2451 2847 2470 2880; x_wconf 75' lang='grc' dir='ltr'><strong>ι</strong></span> <span class='ocrx_word' id='word_1_418' title='bbox 2502 2829 2571 2881; x_wconf 82' lang='lat' dir='ltr'><strong>At</strong></span> <span class='ocrx_word' id='word_1_419' title='bbox 2613 2830 2760 2899; x_wconf 92' lang='lat' dir='ltr'><strong>quod</strong></span> <span class='ocrx_word' id='word_1_420' title='bbox 2808 2838 2892 2885; x_wconf 86' lang='lat' dir='ltr'><strong>est</strong></span> <span class='ocrx_word' id='word_1_421' title='bbox 2937 2832 3235 2885; x_wconf 89' lang='lat' dir='ltr'><strong>secundum</strong></span> <span class='ocrx_word' id='word_1_422' title='bbox 3280 2832 3521 2887; x_wconf 81' lang='lat' dir='ltr'><strong>Marcum</strong></span> <span class='ocrx_word' id='word_1_423' title='bbox 3558 2852 3572 2888; x_wconf 91' lang='lat'><strong>:</strong></span> 
     </span>
    </p>
   </div>
   <div class='ocr_carea' id='block_1_59' title="bbox 2015 2918 3576 2992">
    <p class='ocr_par' dir='ltr' id='par_1_59' title="bbox 2015 2918 3576 2992">
     <span class='ocr_line' id='line_1_59' title="bbox 2015 2918 3576 2992; baseline 0.006 -23"><span class='ocrx_word' id='word_1_424' title='bbox 2015 2936 2034 2969; x_wconf 75' lang='grc' dir='ltr'><strong>ι</strong></span> <span class='ocrx_word' id='word_1_425' title='bbox 2075 2918 2444 2990; x_wconf 86' lang='lat' dir='ltr'><strong>Principium,</strong></span> <span class='ocrx_word' id='word_1_426' title='bbox 2506 2921 2615 2984; x_wconf 89' lang='lat' dir='ltr'><strong>ait,</strong></span> <span class='ocrx_word' id='word_1_427' title='bbox 2678 2921 2954 2992; x_wconf 76' lang='lat' dir='ltr'><strong>Evangelii</strong></span> <span class='ocrx_word' id='word_1_428' title='bbox 2989 2923 3055 2978; x_wconf 78' lang='lat'><strong>“.</strong></span> <span class='ocrx_word' id='word_1_429' title='bbox 3099 2942 3117 2976; x_wconf 74' lang='grc' dir='ltr'><strong>ι</strong></span> <span class='ocrx_word' id='word_1_430' title='bbox 3168 2923 3234 2977; x_wconf 89' lang='lat' dir='ltr'><strong>Et</strong></span> <span class='ocrx_word' id='word_1_431' title='bbox 3297 2924 3425 2980; x_wconf 90' lang='lat' dir='ltr'><strong>hinc</strong></span> <span class='ocrx_word' id='word_1_432' title='bbox 3490 2932 3576 2980; x_wconf 88' lang='lat' dir='ltr'><strong>est</strong></span> 
     </span>
    </p>
   </div>
   <div class='ocr_carea' id='block_1_60' title="bbox 2009 3008 3574 3083">
    <p class='ocr_par' dir='ltr' id='par_1_60' title="bbox 2009 3008 3574 3083">
     <span class='ocr_line' id='line_1_60' title="bbox 2009 3008 3574 3083; baseline 0.004 -21"><span class='ocrx_word' id='word_1_433' title='bbox 2009 3008 2153 3078; x_wconf 91' lang='lat' dir='ltr'><strong>quod</strong></span> <span class='ocrx_word' id='word_1_434' title='bbox 2215 3009 2358 3066; x_wconf 79' lang='lat' dir='ltr'><strong>Deus</strong></span> <span class='ocrx_word' id='word_1_435' title='bbox 2407 3025 2529 3064; x_wconf 93' lang='lat' dir='ltr'><strong>cum</strong></span> <span class='ocrx_word' id='word_1_436' title='bbox 2583 3011 2895 3068; x_wconf 90' lang='lat' dir='ltr'><strong>hominibus</strong></span> <span class='ocrx_word' id='word_1_437' title='bbox 2957 3022 3194 3083; x_wconf 85' lang='lat' dir='ltr'><strong>quatuor</strong></span> <span class='ocrx_word' id='word_1_438' title='bbox 3246 3014 3574 3069; x_wconf 85' lang='lat' dir='ltr'><strong>universalia</strong></span> 
     </span>
    </p>
   </div>
   <div class='ocr_carea' id='block_1_61' title="bbox 341 3094 1908 3175">
    <p class='ocr_par' dir='ltr' id='par_1_61' title="bbox 341 3094 1906 3172">
     <span class='ocr_line' id='line_1_61' title="bbox 341 3094 1906 3172; baseline -0.006 -18"><span class='ocrx_word' id='word_1_439' title='bbox 341 3102 579 3167; x_wconf 79' lang='grc' dir='ltr'><strong>Μωσέως</strong></span> <span class='ocrx_word' id='word_1_440' title='bbox 607 3103 666 3156; x_wconf 81' lang='grc' dir='ltr'><strong>ἐν</strong></span> <span class='ocrx_word' id='word_1_441' title='bbox 693 3103 760 3172; x_wconf 80' lang='grc' dir='ltr'><strong>τῇ</strong></span> <span class='ocrx_word' id='word_1_442' title='bbox 807 3100 1097 3171; x_wconf 76' lang='grc' dir='ltr'><strong>νομοθεσίᾳ</strong></span> <span class='ocrx_word' id='word_1_443' title='bbox 1116 3117 1130 3130; x_wconf 76' lang='grc' dir='ltr'><strong>ο</strong></span> <span class='ocrx_word' id='word_1_444' title='bbox 1161 3099 1392 3170; x_wconf 85' lang='grc' dir='ltr'><strong>τετάρτη</strong></span> <span class='ocrx_word' id='word_1_445' title='bbox 1419 3099 1452 3168; x_wconf 87' lang='grc' dir='ltr'><strong>ἡ</strong></span> <span class='ocrx_word' id='word_1_446' title='bbox 1483 3096 1569 3151; x_wconf 85' lang='grc' dir='ltr'><strong>διὰ</strong></span> <span class='ocrx_word' id='word_1_447' title='bbox 1618 3094 1708 3149; x_wconf 89' lang='grc' dir='ltr'><strong>τοῦ</strong></span> <span class='ocrx_word' id='word_1_448' title='bbox 1754 3094 1906 3162; x_wconf 84' lang='grc' dir='ltr'><strong>ἁγίου</strong></span> 
     </span>
    </p>
   </div>
   <div class='ocr_carea' id='block_1_62' title="bbox 2011 3094 3574 3175">
    <p class='ocr_par' dir='ltr' id='par_1_62' title="bbox 2015 3099 3574 3175">
     <span class='ocr_line' id='line_1_62' title="bbox 2015 3099 3574 3175; baseline 0.002 -21"><span class='ocrx_word' id='word_1_449' title='bbox 2015 3099 2220 3156; x_wconf 75' lang='lat' dir='ltr'><strong>fmdera</strong></span> <span class='ocrx_word' id='word_1_450' title='bbox 2278 3104 2518 3157; x_wconf 80' lang='lat' dir='ltr'><strong>sanxerit</strong></span> <span class='ocrx_word' id='word_1_451' title='bbox 2559 3122 2574 3158; x_wconf 90' lang='lat'><strong>:</strong></span> <span class='ocrx_word' id='word_1_452' title='bbox 2615 3104 2846 3173; x_wconf 88' lang='lat' dir='ltr'><strong>primum</strong></span> <span class='ocrx_word' id='word_1_453' title='bbox 2880 3106 3096 3174; x_wconf 89' lang='lat' dir='ltr'><strong>quidem</strong></span> <span class='ocrx_word' id='word_1_454' title='bbox 3149 3114 3270 3175; x_wconf 91' lang='lat' dir='ltr'><strong>post</strong></span> <span class='ocrx_word' id='word_1_455' title='bbox 3313 3106 3574 3160; x_wconf 90' lang='lat' dir='ltr'><strong>diluvium</strong></span> 
     </span>
    </p>
   </div>
   <div class='ocr_carea' id='block_1_63' title="bbox 341 3185 1904 3262">
    <p class='ocr_par' dir='ltr' id='par_1_63' title="bbox 341 3185 1904 3262">
     <span class='ocr_line' id='line_1_63' title="bbox 341 3185 1904 3262; baseline -0.005 -18"><span class='ocrx_word' id='word_1_456' title='bbox 341 3193 690 3262; x_wconf 74' lang='grc' dir='ltr'><strong>Εὑαγγελίου,</strong></span> <span class='ocrx_word' id='word_1_457' title='bbox 721 3192 814 3246; x_wconf 90' lang='grc' dir='ltr'><strong>τοῦ</strong></span> <span class='ocrx_word' id='word_1_458' title='bbox 848 3192 1053 3262; x_wconf 85' lang='grc' dir='ltr'><strong>Κυρίου</strong></span> <span class='ocrx_word' id='word_1_459' title='bbox 1082 3190 1238 3262; x_wconf 72' lang='grc' dir='ltr'><strong>ἡμῶν</strong></span> <span class='ocrx_word' id='word_1_460' title='bbox 1271 3187 1443 3262; x_wconf 84' lang='grc' dir='ltr'><strong>Ἰησοῦ</strong></span> <span class='ocrx_word' id='word_1_461' title='bbox 1476 3185 1712 3261; x_wconf 80' lang='grc' dir='ltr'><strong>Χριστοῦ</strong></span> <span class='ocrx_word' id='word_1_462' title='bbox 1747 3185 1904 3257; x_wconf 88' lang='grc' dir='ltr'><strong>χάρις</strong></span> 
     </span>
    </p>
   </div>
   <div class='ocr_carea' id='block_1_64' title="bbox 345 3283 662 3353">
    <p class='ocr_par' dir='ltr' id='par_1_64' title="bbox 345 3283 662 3353">
     <span class='ocr_line' id='line_1_64' title="bbox 345 3283 662 3353; baseline 0 -17"><span class='ocrx_word' id='word_1_463' title='bbox 345 3286 434 3336; x_wconf 74' lang='grc' dir='ltr'><strong>καὶ</strong></span> <span class='ocrx_word' id='word_1_464' title='bbox 461 3283 662 3353; x_wconf 81' lang='grc' dir='ltr'><strong>δωρεά.</strong></span> 
     </span>
    </p>
   </div>
   <div class='ocr_carea' id='block_1_65' title="bbox 2011 3188 3576 3260">
    <p class='ocr_par' dir='ltr' id='par_1_65' title="bbox 2011 3188 3576 3260">
     <span class='ocr_line' id='line_1_65' title="bbox 2011 3188 3576 3260; baseline 0.002 -18"><span class='ocrx_word' id='word_1_465' title='bbox 2011 3203 2135 3243; x_wconf 87' lang='lat' dir='ltr'><strong>cum</strong></span> <span class='ocrx_word' id='word_1_466' title='bbox 2174 3188 2307 3254; x_wconf 86' lang='lat' dir='ltr'><strong>Noe,</strong></span> <span class='ocrx_word' id='word_1_467' title='bbox 2344 3206 2440 3260; x_wconf 91' lang='lat' dir='ltr'><strong>per</strong></span> <span class='ocrx_word' id='word_1_468' title='bbox 2464 3206 2647 3244; x_wconf 77' lang='lat' dir='ltr'><strong>arcum</strong></span> <span class='ocrx_word' id='word_1_469' title='bbox 2680 3210 2693 3246; x_wconf 88' lang='lat'><strong>:</strong></span> <span class='ocrx_word' id='word_1_470' title='bbox 2727 3193 3027 3248; x_wconf 89' lang='lat' dir='ltr'><strong>secundum</strong></span> <span class='ocrx_word' id='word_1_471' title='bbox 3063 3209 3192 3249; x_wconf 89' lang='lat' dir='ltr'><strong>vero</strong></span> <span class='ocrx_word' id='word_1_472' title='bbox 3237 3210 3359 3248; x_wconf 91' lang='lat' dir='ltr'><strong>cum</strong></span> <span class='ocrx_word' id='word_1_473' title='bbox 3401 3194 3576 3247; x_wconf 87' lang='lat' dir='ltr'><strong>Abra-</strong></span> 
     </span>
    </p>
   </div>
   <div class='ocr_carea' id='block_1_66' title="bbox 2012 3277 3576 3355">
    <p class='ocr_par' dir='ltr' id='par_1_66' title="bbox 2012 3277 3576 3355">
     <span class='ocr_line' id='line_1_66' title="bbox 2012 3277 3576 3355; baseline 0.004 -20"><span class='ocrx_word' id='word_1_474' title='bbox 2012 3277 2191 3346; x_wconf 87' lang='lat' dir='ltr'><strong>hamo,</strong></span> <span class='ocrx_word' id='word_1_475' title='bbox 2237 3278 2338 3338; x_wconf 88' lang='lat' dir='ltr'><strong>sub</strong></span> <span class='ocrx_word' id='word_1_476' title='bbox 2387 3281 2664 3355; x_wconf 71' lang='lat' dir='ltr'><strong>signaculo</strong></span> <span class='ocrx_word' id='word_1_477' title='bbox 2699 3282 3133 3345; x_wconf 72' lang='lat' dir='ltr'><strong>circumcisionis</strong></span> <span class='ocrx_word' id='word_1_478' title='bbox 3169 3301 3184 3345; x_wconf 91' lang='lat'><strong>:</strong></span> <span class='ocrx_word' id='word_1_479' title='bbox 3219 3285 3436 3345; x_wconf 76' lang='lat' dir='ltr'><strong>tertium</strong></span> <span class='ocrx_word' id='word_1_480' title='bbox 3480 3297 3576 3352; x_wconf 71' lang='lat' dir='ltr'><strong>per</strong></span> 
     </span>
    </p>
   </div>
   <div class='ocr_carea' id='block_1_67' title="bbox 343 3367 3567 3453">
    <p class='ocr_par' dir='ltr' id='par_1_67' title="bbox 343 3367 3567 3453">
     <span class='ocr_line' id='line_1_67' title="bbox 343 3367 3567 3453; baseline 0.002 -27"><span class='ocrx_word' id='word_1_481' title='bbox 343 3373 560 3437; x_wconf 80' lang='lat' dir='ltr'><strong>Mosem,</strong></span> <span class='ocrx_word' id='word_1_482' title='bbox 595 3388 720 3428; x_wconf 93' lang='lat' dir='ltr'><strong>cum</strong></span> <span class='ocrx_word' id='word_1_483' title='bbox 750 3373 898 3444; x_wconf 82' lang='lat' dir='ltr'><strong>leges</strong></span> <span class='ocrx_word' id='word_1_484' title='bbox 933 3371 1099 3427; x_wconf 77' lang='lat' dir='ltr'><strong>ferret</strong></span> <span class='ocrx_word' id='word_1_485' title='bbox 1130 3389 1143 3426; x_wconf 89' lang='lat'><strong>:</strong></span> <span class='ocrx_word' id='word_1_486' title='bbox 1177 3377 1431 3442; x_wconf 89' lang='lat' dir='ltr'><strong>quartum</strong></span> <span class='ocrx_word' id='word_1_487' title='bbox 1459 3367 1714 3439; x_wconf 86' lang='lat' dir='ltr'><strong>denique,</strong></span> <span class='ocrx_word' id='word_1_488' title='bbox 1758 3369 1902 3440; x_wconf 88' lang='lat' dir='ltr'><strong>quod</strong></span> <span class='ocrx_word' id='word_1_489' title='bbox 1940 3377 2023 3426; x_wconf 88' lang='lat' dir='ltr'><strong>est</strong></span> <span class='ocrx_word' id='word_1_490' title='bbox 2055 3374 2230 3444; x_wconf 81' lang='lat' dir='ltr'><strong>gratia</strong></span> <span class='ocrx_word' id='word_1_491' title='bbox 2259 3384 2312 3429; x_wconf 87' lang='lat' dir='ltr'><strong>et</strong></span> <span class='ocrx_word' id='word_1_492' title='bbox 2342 3375 2565 3446; x_wconf 89' lang='lat' dir='ltr'><strong>donum,</strong></span> <span class='ocrx_word' id='word_1_493' title='bbox 2591 3394 2685 3448; x_wconf 88' lang='lat' dir='ltr'><strong>per</strong></span> <span class='ocrx_word' id='word_1_494' title='bbox 2705 3395 2920 3434; x_wconf 89' lang='lat' dir='ltr'><strong>sacrum</strong></span> <span class='ocrx_word' id='word_1_495' title='bbox 2959 3381 3311 3453; x_wconf 83' lang='lat' dir='ltr'><strong>Evangelium</strong></span> <span class='ocrx_word' id='word_1_496' title='bbox 3351 3377 3567 3434; x_wconf 88' lang='lat' dir='ltr'><strong>Domini</strong></span> 
     </span>
    </p>
   </div>
   <div class='ocr_carea' id='block_1_68' title="bbox 343 3467 928 3523">
    <p class='ocr_par' dir='ltr' id='par_1_68' title="bbox 343 3467 928 3523">
     <span class='ocr_line' id='line_1_68' title="bbox 343 3467 928 3523; baseline 0 -1"><span class='ocrx_word' id='word_1_497' title='bbox 343 3471 506 3523; x_wconf 82' lang='lat' dir='ltr'><strong>nostri</strong></span> <span class='ocrx_word' id='word_1_498' title='bbox 538 3468 670 3523; x_wconf 88' lang='lat' dir='ltr'><strong>Jesu</strong></span> <span class='ocrx_word' id='word_1_499' title='bbox 704 3467 928 3522; x_wconf 90' lang='lat' dir='ltr'><strong>Christi.</strong></span> 
     </span>
    </p>
   </div>
   <div class='ocr_carea' id='block_1_69' title="bbox 424 3582 1798 3637">
    <p class='ocr_par' dir='ltr' id='par_1_69' title="bbox 424 3582 1798 3637">
     <span class='ocr_line' id='line_1_69' title="bbox 424 3582 1798 3637; baseline -0.001 -2"><span class='ocrx_word' id='word_1_500' title='bbox 424 3583 525 3637; x_wconf 79' lang='grc' dir='ltr'><strong><em>ΕΚ</em></strong></span> <span class='ocrx_word' id='word_1_501' title='bbox 584 3585 718 3636; x_wconf 83' lang='grc' dir='ltr'><strong>ΤΟΥ</strong></span> <span class='ocrx_word' id='word_1_502' title='bbox 795 3582 1121 3637; x_wconf 78' lang='grc' dir='ltr'><strong>ΠΑΛΑΙΟΥ</strong></span> <span class='ocrx_word' id='word_1_503' title='bbox 1182 3582 1524 3637; x_wconf 80' lang='grc' dir='ltr'><strong>ΔΙΑΦΟΡΟΙ</strong></span> <span class='ocrx_word' id='word_1_504' title='bbox 1562 3583 1798 3635; x_wconf 84' lang='grc' dir='ltr'><strong><em>ΕΡΜΗ-</em></strong></span> 
     </span>
    </p>
   </div>
   <div class='ocr_carea' id='block_1_70' title="bbox 1019 3654 1252 3706">
    <p class='ocr_par' dir='ltr' id='par_1_70' title="bbox 1019 3654 1252 3706">
     <span class='ocr_line' id='line_1_70' title="bbox 1019 3654 1252 3706; baseline 0 0"><span class='ocrx_word' id='word_1_505' title='bbox 1019 3654 1252 3706; x_wconf 84' lang='grc' dir='ltr'><strong>ΝΕΙΑῙ.</strong></span> 
     </span>
    </p>
   </div>
   <div class='ocr_carea' id='block_1_71' title="bbox 401 3759 1902 3840">
    <p class='ocr_par' dir='ltr' id='par_1_71' title="bbox 401 3759 1902 3840">
     <span class='ocr_line' id='line_1_71' title="bbox 401 3759 1902 3840; baseline -0.005 -18"><span class='ocrx_word' id='word_1_506' title='bbox 401 3767 574 3840; x_wconf 82' lang='grc' dir='ltr'><strong>Ερὼτ.</strong></span> <span class='ocrx_word' id='word_1_507' title='bbox 603 3767 710 3838; x_wconf 60' lang='grc' dir='ltr'><strong>μς.</strong></span> <span class='ocrx_word' id='word_1_508' title='bbox 729 3764 793 3819; x_wconf 91' lang='grc' dir='ltr'><strong>Τί</strong></span> <span class='ocrx_word' id='word_1_509' title='bbox 812 3765 957 3818; x_wconf 74' lang='grc' dir='ltr'><strong>ἐστιν</strong></span> <span class='ocrx_word' id='word_1_510' title='bbox 975 3781 989 3794; x_wconf 85' lang='grc'><strong>·</strong></span> <span class='ocrx_word' id='word_1_511' title='bbox 1029 3783 1046 3816; x_wconf 77' lang='grc' dir='ltr'><strong>ι</strong></span> <span class='ocrx_word' id='word_1_512' title='bbox 1071 3764 1134 3816; x_wconf 84' lang='grc' dir='ltr'><strong>Ἠ</strong></span> <span class='ocrx_word' id='word_1_513' title='bbox 1153 3763 1208 3817; x_wconf 79' lang='grc' dir='ltr'><strong>δὲ</strong></span> <span class='ocrx_word' id='word_1_514' title='bbox 1231 3763 1304 3834; x_wconf 87' lang='grc' dir='ltr'><strong>γῆ</strong></span> <span class='ocrx_word' id='word_1_515' title='bbox 1323 3759 1389 3836; x_wconf 81' lang='grc' dir='ltr'><strong>ἦν</strong></span> <span class='ocrx_word' id='word_1_516' title='bbox 1409 3761 1633 3836; x_wconf 87' lang='grc' dir='ltr'><strong>ἀόρατος</strong></span> <span class='ocrx_word' id='word_1_517' title='bbox 1655 3760 1749 3816; x_wconf 74' lang='grc' dir='ltr'><strong>καὶ</strong></span> <span class='ocrx_word' id='word_1_518' title='bbox 1770 3762 1902 3815; x_wconf 81' lang='grc' dir='ltr'><strong>ἀκα-</strong></span> 
     </span>
    </p>
   </div>
   <div class='ocr_carea' id='block_1_72' title="bbox 337 3861 793 3923">
    <p class='ocr_par' dir='ltr' id='par_1_72' title="bbox 337 3861 793 3923">
     <span class='ocr_line' id='line_1_72' title="bbox 337 3861 793 3923; baseline -0.004 -11"><span class='ocrx_word' id='word_1_519' title='bbox 337 3861 698 3921; x_wconf 76' lang='grc' dir='ltr'><strong>τασκεύαστος</strong></span> <span class='ocrx_word' id='word_1_520' title='bbox 725 3875 740 3923; x_wconf 90' lang='grc'><strong>;</strong></span> <span class='ocrx_word' id='word_1_521' title='bbox 775 3877 793 3910; x_wconf 74' lang='grc' dir='ltr'><strong>ι</strong></span> 
     </span>
    </p>
   </div>
   <div class='ocr_carea' id='block_1_73' title="bbox 413 3940 1903 4017">
    <p class='ocr_par' dir='ltr' id='par_1_73' title="bbox 413 3940 1903 4017">
     <span class='ocr_line' id='line_1_73' title="bbox 413 3940 1903 4017; baseline -0.004 -15"><span class='ocrx_word' id='word_1_522' title='bbox 413 3950 600 4003; x_wconf 81' lang='grc' dir='ltr'><strong>Ἀπόκ.</strong></span> <span class='ocrx_word' id='word_1_523' title='bbox 627 3951 749 4002; x_wconf 77' lang='lat' dir='ltr'><strong>&quot;Ott</strong></span> <span class='ocrx_word' id='word_1_524' title='bbox 784 3947 885 3999; x_wconf 81' lang='grc' dir='ltr'><strong>οὐκ</strong></span> <span class='ocrx_word' id='word_1_525' title='bbox 910 3940 976 4017; x_wconf 79' lang='grc' dir='ltr'><strong>ἦν</strong></span> <span class='ocrx_word' id='word_1_526' title='bbox 1004 3945 1186 4017; x_wconf 81' lang='grc' dir='ltr'><strong>ἀκμὴν</strong></span> <span class='ocrx_word' id='word_1_527' title='bbox 1207 3943 1559 4016; x_wconf 86' lang='grc' dir='ltr'><strong>κοσμηθεῖσα.</strong></span> <span class='ocrx_word' id='word_1_528' title='bbox 1589 3943 1903 4014; x_wconf 83' lang='grc' dir='ltr'><strong>Ἐπικειμὲ-</strong></span> 
     </span>
    </p>
   </div>
   <div class='ocr_carea' id='block_1_74' title="bbox 337 4030 1900 4109">
    <p class='ocr_par' dir='ltr' id='par_1_74' title="bbox 337 4030 1900 4109">
     <span class='ocr_line' id='line_1_74' title="bbox 337 4030 1900 4109; baseline -0.003 -18"><span class='ocrx_word' id='word_1_529' title='bbox 337 4056 420 4091; x_wconf 88' lang='grc' dir='ltr'><strong>νου</strong></span> <span class='ocrx_word' id='word_1_530' title='bbox 468 4041 577 4109; x_wconf 76' lang='grc' dir='ltr'><strong>γάρ</strong></span> <span class='ocrx_word' id='word_1_531' title='bbox 607 4037 704 4092; x_wconf 85' lang='grc' dir='ltr'><strong>τοῦ</strong></span> <span class='ocrx_word' id='word_1_532' title='bbox 747 4036 938 4100; x_wconf 77' lang='grc' dir='ltr'><strong>ὓδατος</strong></span> <span class='ocrx_word' id='word_1_533' title='bbox 983 4037 1166 4090; x_wconf 76' lang='grc' dir='ltr'><strong>ἐπάνω</strong></span> <span class='ocrx_word' id='word_1_534' title='bbox 1198 4036 1387 4106; x_wconf 78' lang='grc' dir='ltr'><strong>αὐτῆς,</strong></span> <span class='ocrx_word' id='word_1_535' title='bbox 1421 4034 1646 4105; x_wconf 80' lang='grc' dir='ltr'><strong>ἀόρατος</strong></span> <span class='ocrx_word' id='word_1_536' title='bbox 1690 4030 1756 4105; x_wconf 83' lang='grc' dir='ltr'><strong>ἧν</strong></span> <span class='ocrx_word' id='word_1_537' title='bbox 1784 4035 1900 4104; x_wconf 74' lang='grc' dir='ltr'><strong>ἤτοι</strong></span> 
     </span>
    </p>
   </div>
   <div class='ocr_carea' id='block_1_75' title="bbox 337 4127 1900 4203">
    <p class='ocr_par' dir='ltr' id='par_1_75' title="bbox 337 4127 1900 4203">
     <span class='ocr_line' id='line_1_75' title="bbox 337 4127 1900 4203; baseline -0.003 -20"><span class='ocrx_word' id='word_1_538' title='bbox 337 4131 639 4203; x_wconf 81' lang='grc' dir='ltr'><strong>ἀθεώρητος</strong></span> <span class='ocrx_word' id='word_1_539' title='bbox 687 4131 782 4183; x_wconf 74' lang='grc' dir='ltr'><strong>καὶ</strong></span> <span class='ocrx_word' id='word_1_540' title='bbox 839 4130 1086 4201; x_wconf 78' lang='grc' dir='ltr'><strong>ἁφανής’</strong></span> <span class='ocrx_word' id='word_1_541' title='bbox 1143 4127 1617 4192; x_wconf 84' lang='grc' dir='ltr'><strong>ἀκατασκεύαστος</strong></span> <span class='ocrx_word' id='word_1_542' title='bbox 1670 4128 1727 4182; x_wconf 82' lang='grc' dir='ltr'><strong>δὲ</strong></span> <span class='ocrx_word' id='word_1_543' title='bbox 1783 4128 1900 4198; x_wconf 78' lang='grc' dir='ltr'><strong>ἦτοι</strong></span> 
     </span>
    </p>
   </div>
   <div class='ocr_carea' id='block_1_76' title="bbox 337 4216 1902 4293">
    <p class='ocr_par' dir='ltr' id='par_1_76' title="bbox 337 4216 1902 4293">
     <span class='ocr_line' id='line_1_76' title="bbox 337 4216 1902 4293; baseline -0.003 -17"><span class='ocrx_word' id='word_1_544' title='bbox 337 4224 768 4287; x_wconf 82' lang='grc' dir='ltr'><strong>ἁκαλλὼπιστος,</strong></span> <span class='ocrx_word' id='word_1_545' title='bbox 816 4221 1171 4284; x_wconf 82' lang='grc' dir='ltr'><strong>ἀτελείωτος·</strong></span> <span class='ocrx_word' id='word_1_546' title='bbox 1214 4221 1396 4293; x_wconf 82' lang='grc' dir='ltr'><strong>ἀκμὴν</strong></span> <span class='ocrx_word' id='word_1_547' title='bbox 1447 4221 1554 4292; x_wconf 86' lang='grc' dir='ltr'><strong>γὰρ</strong></span> <span class='ocrx_word' id='word_1_548' title='bbox 1611 4221 1708 4273; x_wconf 81' lang='grc' dir='ltr'><strong>οὐκ</strong></span> <span class='ocrx_word' id='word_1_549' title='bbox 1758 4216 1902 4290; x_wconf 72' lang='grc' dir='ltr'><strong>εἶχεν</strong></span> 
     </span>
    </p>
   </div>
   <div class='ocr_carea' id='block_1_77' title="bbox 337 4310 1898 4387">
    <p class='ocr_par' dir='ltr' id='par_1_77' title="bbox 337 4310 1898 4387">
     <span class='ocr_line' id='line_1_77' title="bbox 337 4310 1898 4387; baseline -0.001 -20"><span class='ocrx_word' id='word_1_550' title='bbox 337 4313 450 4368; x_wconf 69' lang='grc' dir='ltr'><strong>οὔτε</strong></span> <span class='ocrx_word' id='word_1_551' title='bbox 477 4315 636 4387; x_wconf 83' lang='grc' dir='ltr'><strong>ἄνθη,</strong></span> <span class='ocrx_word' id='word_1_552' title='bbox 669 4313 794 4367; x_wconf 73' lang='grc' dir='ltr'><strong>οὗτε</strong></span> <span class='ocrx_word' id='word_1_553' title='bbox 817 4313 1108 4385; x_wconf 80' lang='grc' dir='ltr'><strong>λειμῶνας,</strong></span> <span class='ocrx_word' id='word_1_554' title='bbox 1142 4311 1266 4366; x_wconf 75' lang='grc' dir='ltr'><strong>οὔτε</strong></span> <span class='ocrx_word' id='word_1_555' title='bbox 1301 4312 1461 4383; x_wconf 83' lang='grc' dir='ltr'><strong>φυτὰ,</strong></span> <span class='ocrx_word' id='word_1_556' title='bbox 1488 4310 1609 4365; x_wconf 74' lang='grc' dir='ltr'><strong>οὔτε</strong></span> <span class='ocrx_word' id='word_1_557' title='bbox 1645 4311 1898 4382; x_wconf 82' lang='grc' dir='ltr'><strong>βλάστην.</strong></span> 
     </span>
    </p>
   </div>
   <div class='ocr_carea' id='block_1_78' title="bbox 411 4488 1895 4565">
    <p class='ocr_par' dir='ltr' id='par_1_78' title="bbox 411 4488 1895 4565">
     <span class='ocr_line' id='line_1_78' title="bbox 411 4488 1895 4565; baseline -0.004 -17"><span class='ocrx_word' id='word_1_558' title='bbox 411 4494 599 4565; x_wconf 84' lang='grc' dir='ltr'><strong>Ἐρώτ.</strong></span> <span class='ocrx_word' id='word_1_559' title='bbox 628 4491 742 4563; x_wconf 85' lang='grc' dir='ltr'><strong>μη’.</strong></span> <span class='ocrx_word' id='word_1_560' title='bbox 779 4491 940 4545; x_wconf 87' lang='grc' dir='ltr'><strong>Ποῖον</strong></span> <span class='ocrx_word' id='word_1_561' title='bbox 983 4489 1200 4561; x_wconf 81' lang='grc' dir='ltr'><strong>πνεῦμα</strong></span> <span class='ocrx_word' id='word_1_562' title='bbox 1249 4489 1544 4563; x_wconf 77' lang='grc' dir='ltr'><strong>ἐπεφέρετο</strong></span> <span class='ocrx_word' id='word_1_563' title='bbox 1581 4489 1763 4543; x_wconf 78' lang='grc' dir='ltr'><strong>ἐπάνω</strong></span> <span class='ocrx_word' id='word_1_564' title='bbox 1802 4488 1895 4544; x_wconf 89' lang='grc' dir='ltr'><strong>τοῦ</strong></span> 
     </span>
    </p>
   </div>
   <div class='ocr_carea' id='block_1_79' title="bbox 337 4585 541 4652">
    <p class='ocr_par' dir='ltr' id='par_1_79' title="bbox 337 4585 541 4652">
     <span class='ocr_line' id='line_1_79' title="bbox 337 4585 541 4652; baseline 0.005 -14"><span class='ocrx_word' id='word_1_565' title='bbox 337 4585 512 4650; x_wconf 74' lang='grc' dir='ltr'><strong>ὕδατος</strong></span> <span class='ocrx_word' id='word_1_566' title='bbox 526 4603 541 4652; x_wconf 94' lang='grc'>;</span> 
     </span>
    </p>
   </div>
   <div class='ocr_carea' id='block_1_80' title="bbox 410 4674 1892 4747">
    <p class='ocr_par' dir='ltr' id='par_1_80' title="bbox 410 4674 1892 4747">
     <span class='ocr_line' id='line_1_80' title="bbox 410 4674 1892 4747; baseline -0.004 -16"><span class='ocrx_word' id='word_1_567' title='bbox 410 4679 595 4733; x_wconf 83' lang='grc' dir='ltr'><strong>Ἀπόκ.</strong></span> <span class='ocrx_word' id='word_1_568' title='bbox 624 4679 747 4732; x_wconf 78' lang='grc' dir='ltr'><strong>Τισὶ</strong></span> <span class='ocrx_word' id='word_1_569' title='bbox 779 4677 876 4747; x_wconf 81' lang='grc' dir='ltr'><strong>μὲν</strong></span> <span class='ocrx_word' id='word_1_570' title='bbox 911 4675 1137 4730; x_wconf 81' lang='grc' dir='ltr'><strong>δοκεῖτὸ</strong></span> <span class='ocrx_word' id='word_1_571' title='bbox 1161 4677 1421 4745; x_wconf 82' lang='grc' dir='ltr'><strong>πανάγιον</strong></span> <span class='ocrx_word' id='word_1_572' title='bbox 1449 4674 1671 4746; x_wconf 79' lang='grc' dir='ltr'><strong>Πνεῦμα</strong></span> <span class='ocrx_word' id='word_1_573' title='bbox 1694 4674 1892 4742; x_wconf 81' lang='grc' dir='ltr'><strong>ζωογο-</strong></span> 
     </span>
    </p>
   </div>
   <div class='ocr_carea' id='block_1_81' title="bbox 336 4763 1888 4840">
    <p class='ocr_par' dir='ltr' id='par_1_81' title="bbox 336 4763 1888 4840">
     <span class='ocr_line' id='line_1_81' title="bbox 336 4763 1888 4840; baseline -0.003 -21"><span class='ocrx_word' id='word_1_574' title='bbox 336 4768 449 4822; x_wconf 86' lang='grc' dir='ltr'><strong>νοῦν</strong></span> <span class='ocrx_word' id='word_1_575' title='bbox 484 4770 581 4840; x_wconf 82' lang='grc' dir='ltr'><strong>τὴν</strong></span> <span class='ocrx_word' id='word_1_576' title='bbox 613 4767 721 4821; x_wconf 86' lang='grc' dir='ltr'><strong>τῶν</strong></span> <span class='ocrx_word' id='word_1_577' title='bbox 749 4767 954 4820; x_wconf 82' lang='grc' dir='ltr'><strong>ὑδάτων</strong></span> <span class='ocrx_word' id='word_1_578' title='bbox 998 4765 1182 4834; x_wconf 80' lang='grc' dir='ltr'><strong>φύσιν·</strong></span> <span class='ocrx_word' id='word_1_579' title='bbox 1234 4765 1346 4835; x_wconf 74' lang='grc' dir='ltr'><strong>ἐγὼ</strong></span> <span class='ocrx_word' id='word_1_580' title='bbox 1387 4767 1444 4820; x_wconf 85' lang='grc' dir='ltr'>δὲ</span> <span class='ocrx_word' id='word_1_581' title='bbox 1493 4763 1764 4837; x_wconf 84' lang='grc' dir='ltr'><strong>ἁρμοδίως</strong></span> <span class='ocrx_word' id='word_1_582' title='bbox 1807 4763 1888 4827; x_wconf 85' lang='grc' dir='ltr'><strong>τὸ,</strong></span> 
     </span>
    </p>
   </div>
   <div class='ocr_carea' id='block_1_82' title="bbox 341 4851 1891 4927">
    <p class='ocr_par' dir='ltr' id='par_1_82' title="bbox 341 4851 1891 4927">
     <span class='ocr_line' id='line_1_82' title="bbox 341 4851 1891 4927; baseline 0 -25"><span class='ocrx_word' id='word_1_583' title='bbox 341 4873 357 4902; x_wconf 71' lang='grc' dir='ltr'><em>α</em></span> <span class='ocrx_word' id='word_1_584' title='bbox 385 4854 698 4927; x_wconf 70' lang='grc' dir='ltr'><strong>ἐπεφέρετο,</strong></span> <span class='ocrx_word' id='word_1_585' title='bbox 732 4873 751 4906; x_wconf 83' lang='grc'><strong>›</strong></span> <span class='ocrx_word' id='word_1_586' title='bbox 783 4853 881 4923; x_wconf 84' lang='grc' dir='ltr'><strong>τὴν</strong></span> <span class='ocrx_word' id='word_1_587' title='bbox 915 4853 1193 4924; x_wconf 79' lang='grc' dir='ltr'><strong>κινητικὴν</strong></span> <span class='ocrx_word' id='word_1_588' title='bbox 1213 4852 1310 4908; x_wconf 88' lang='grc' dir='ltr'><strong>τοῦ</strong></span> <span class='ocrx_word' id='word_1_589' title='bbox 1341 4855 1497 4926; x_wconf 79' lang='grc' dir='ltr'><strong>ἀέρος</strong></span> <span class='ocrx_word' id='word_1_590' title='bbox 1528 4852 1712 4907; x_wconf 80' lang='grc' dir='ltr'><strong>οὐσίαν</strong></span> <span class='ocrx_word' id='word_1_591' title='bbox 1750 4851 1891 4922; x_wconf 79' lang='grc' dir='ltr'><strong>φημὶ</strong></span> 
     </span>
    </p>
   </div>
   <div class='ocr_carea' id='block_1_83' title="bbox 336 4942 1890 5019">
    <p class='ocr_par' dir='ltr' id='par_1_83' title="bbox 336 4942 1890 5019">
     <span class='ocr_line' id='line_1_83' title="bbox 336 4942 1890 5019; baseline -0.001 -21"><span class='ocrx_word' id='word_1_592' title='bbox 336 4946 691 5019; x_wconf 84' lang='grc' dir='ltr'><strong>παραδηλοῦν,</strong></span> <span class='ocrx_word' id='word_1_593' title='bbox 731 4947 875 4999; x_wconf 83' lang='grc' dir='ltr'><strong>καθὰ</strong></span> <span class='ocrx_word' id='word_1_594' title='bbox 930 4946 1024 4999; x_wconf 73' lang='grc' dir='ltr'><strong>καὶ</strong></span> <span class='ocrx_word' id='word_1_595' title='bbox 1076 4946 1240 5000; x_wconf 69' lang='grc' dir='ltr'><strong>Δαϐὶδ</strong></span> <span class='ocrx_word' id='word_1_596' title='bbox 1286 4948 1413 5017; x_wconf 80' lang='grc' dir='ltr'><strong>περὶ</strong></span> <span class='ocrx_word' id='word_1_597' title='bbox 1454 4944 1547 5000; x_wconf 89' lang='grc' dir='ltr'><strong>τοῦ</strong></span> <span class='ocrx_word' id='word_1_598' title='bbox 1600 4943 1734 4996; x_wconf 81' lang='grc' dir='ltr'><strong>Θεοῦ</strong></span> <span class='ocrx_word' id='word_1_599' title='bbox 1784 4942 1890 4996; x_wconf 83' lang='grc' dir='ltr'><strong>τῶν</strong></span> 
     </span>
    </p>
   </div>
   <div class='ocr_carea' id='block_1_84' title="bbox 333 5036 1894 5112">
    <p class='ocr_par' dir='ltr' id='par_1_84' title="bbox 333 5036 1894 5112">
     <span class='ocr_line' id='line_1_84' title="bbox 333 5036 1894 5112; baseline 0.003 -22"><span class='ocrx_word' id='word_1_600' title='bbox 333 5037 459 5091; x_wconf 83' lang='grc' dir='ltr'><strong>ὅλων</strong></span> <span class='ocrx_word' id='word_1_601' title='bbox 482 5039 615 5110; x_wconf 76' lang='grc' dir='ltr'><strong>φησί</strong></span> <span class='ocrx_word' id='word_1_602' title='bbox 686 5057 705 5090; x_wconf 79' lang='grc' dir='ltr'><strong>ι</strong></span> <span class='ocrx_word' id='word_1_603' title='bbox 730 5036 960 5091; x_wconf 84' lang='grc' dir='ltr'><strong>Πνεύσει</strong></span> <span class='ocrx_word' id='word_1_604' title='bbox 986 5037 1045 5090; x_wconf 81' lang='grc' dir='ltr'><strong>τὸ</strong></span> <span class='ocrx_word' id='word_1_605' title='bbox 1069 5037 1284 5112; x_wconf 85' lang='grc' dir='ltr'><strong>πνεῦμα</strong></span> <span class='ocrx_word' id='word_1_606' title='bbox 1311 5038 1494 5106; x_wconf 81' lang='grc' dir='ltr'><strong>αὑτοῦ,</strong></span> <span class='ocrx_word' id='word_1_607' title='bbox 1520 5038 1614 5094; x_wconf 73' lang='grc' dir='ltr'><strong>καὶ</strong></span> <span class='ocrx_word' id='word_1_608' title='bbox 1637 5037 1894 5109; x_wconf 74' lang='grc' dir='ltr'><strong>ῥυήσεωι</strong></span> 
     </span>
    </p>
   </div>
   <div class='ocr_carea' id='block_1_85' title="bbox 335 5128 555 5184">
    <p class='ocr_par' dir='ltr' id='par_1_85' title="bbox 335 5128 555 5184">
     <span class='ocr_line' id='line_1_85' title="bbox 335 5128 555 5184; baseline 0 -2"><span class='ocrx_word' id='word_1_609' title='bbox 335 5128 510 5184; x_wconf 77' lang='grc' dir='ltr'><strong>ὕδατα.</strong></span> <span class='ocrx_word' id='word_1_610' title='bbox 536 5149 555 5182; x_wconf 77' lang='grc' dir='ltr'><strong>ι</strong></span> 
     </span>
    </p>
   </div>
   <div class='ocr_carea' id='block_1_86' title="bbox 409 5218 1895 5295">
    <p class='ocr_par' dir='ltr' id='par_1_86' title="bbox 409 5218 1895 5295">
     <span class='ocr_line' id='line_1_86' title="bbox 409 5218 1895 5295; baseline 0.002 -21"><span class='ocrx_word' id='word_1_611' title='bbox 409 5221 598 5293; x_wconf 84' lang='grc' dir='ltr'><strong>Ἐρώτ.</strong></span> <span class='ocrx_word' id='word_1_612' title='bbox 630 5219 738 5292; x_wconf 84' lang='grc' dir='ltr'><strong>μθ’.</strong></span> <span class='ocrx_word' id='word_1_613' title='bbox 768 5219 868 5274; x_wconf 81' lang='grc' dir='ltr'><strong>Διὰ</strong></span> <span class='ocrx_word' id='word_1_614' title='bbox 897 5220 971 5284; x_wconf 91' lang='grc' dir='ltr'><strong>τί,</strong></span> <span class='ocrx_word' id='word_1_615' title='bbox 997 5220 1124 5290; x_wconf 88' lang='grc' dir='ltr'><strong>μίαν</strong></span> <span class='ocrx_word' id='word_1_616' title='bbox 1149 5222 1247 5294; x_wconf 81' lang='grc' dir='ltr'><strong>τὴν</strong></span> <span class='ocrx_word' id='word_1_617' title='bbox 1275 5221 1596 5295; x_wconf 45' lang='grc' dir='ltr'><strong>συναγωγὴν</strong></span> <span class='ocrx_word' id='word_1_618' title='bbox 1635 5219 1743 5274; x_wconf 87' lang='grc' dir='ltr'><strong>τῶν</strong></span> <span class='ocrx_word' id='word_1_619' title='bbox 1768 5218 1895 5277; x_wconf 77' lang='grc' dir='ltr'><strong>ὑδά-</strong></span> 
     </span>
    </p>
   </div>
   <div class='ocr_carea' id='block_1_87' title="bbox 428 5397 913 5463">
    <p class='ocr_par' dir='ltr' id='par_1_87' title="bbox 428 5397 913 5463">
     <span class='ocr_line' id='line_1_87' title="bbox 428 5397 913 5463; baseline 0.002 -11"><span class='ocrx_word' id='word_1_620' title='bbox 428 5398 471 5430; x_wconf 86' lang='grc'><em>⁶³</em></span> <span class='ocrx_word' id='word_1_621' title='bbox 507 5397 642 5453; x_wconf 89' lang='lat' dir='ltr'><strong>Luc.</strong></span> <span class='ocrx_word' id='word_1_622' title='bbox 678 5414 790 5463; x_wconf 84' lang='lat' dir='ltr'><strong>xu,</strong></span> <span class='ocrx_word' id='word_1_623' title='bbox 823 5399 913 5454; x_wconf 89' lang='grc'><strong>10.</strong></span> 
     </span>
    </p>
   </div>
   <div class='ocr_carea' id='block_1_88' title="bbox 330 5469 666 5535">
    <p class='ocr_par' dir='ltr' id='par_1_88' title="bbox 330 5469 666 5535">
     <span class='ocr_line' id='line_1_88' title="bbox 330 5469 666 5535; baseline 0.015 -14"><span class='ocrx_word' id='word_1_624' title='bbox 330 5483 496 5524; x_wconf 75' lang='lat' dir='ltr'><strong>cnvu</strong></span> <span class='ocrx_word' id='word_1_625' title='bbox 521 5510 538 5535; x_wconf 94' lang='lat'><strong>,</strong></span> <span class='ocrx_word' id='word_1_626' title='bbox 575 5469 666 5526; x_wconf 94' lang='grc'><strong>18.</strong></span> 
     </span>
    </p>
   </div>
   <div class='ocr_carea' id='block_1_89' title="bbox 1013 5397 1428 5461">
    <p class='ocr_par' dir='ltr' id='par_1_89' title="bbox 1013 5397 1428 5461">
     <span class='ocr_line' id='line_1_89' title="bbox 1013 5397 1428 5461; baseline 0 -8"><span class='ocrx_word' id='word_1_627' title='bbox 1013 5398 1058 5430; x_wconf 68' lang='grc'><strong>⁸⁸</strong></span> <span class='ocrx_word' id='word_1_628' title='bbox 1093 5397 1251 5455; x_wconf 79' lang='lat' dir='ltr'><strong>Joan.</strong></span> <span class='ocrx_word' id='word_1_629' title='bbox 1291 5414 1339 5461; x_wconf 85' lang='grc' dir='ltr'><strong>ι,</strong></span> <span class='ocrx_word' id='word_1_630' title='bbox 1378 5398 1428 5453; x_wconf 90' lang='grc'><strong>1.</strong></span> 
     </span>
    </p>
   </div>
   <div class='ocr_carea' id='block_1_90' title="bbox 393 5620 1893 5692">
    <p class='ocr_par' dir='ltr' id='par_1_90' title="bbox 393 5620 1893 5692">
     <span class='ocr_line' id='line_1_90' title="bbox 393 5620 1893 5692; baseline -0.001 -17"><span class='ocrx_word' id='word_1_631' title='bbox 393 5622 500 5692; x_wconf 69' lang='grc'><strong>(82)</strong></span> <span class='ocrx_word' id='word_1_632' title='bbox 529 5621 626 5676; x_wconf 80' lang='lat' dir='ltr'><strong>llis</strong></span> <span class='ocrx_word' id='word_1_633' title='bbox 658 5620 863 5676; x_wconf 87' lang='lat' dir='ltr'><strong>similia</strong></span> <span class='ocrx_word' id='word_1_634' title='bbox 914 5620 1182 5675; x_wconf 91' lang='lat' dir='ltr'><strong>habentur</strong></span> <span class='ocrx_word' id='word_1_635' title='bbox 1225 5634 1394 5692; x_wconf 88' lang='lat' dir='ltr'><strong>supra</strong></span> <span class='ocrx_word' id='word_1_636' title='bbox 1446 5620 1648 5685; x_wconf 64' lang='lat' dir='ltr'><strong>Quam.</strong></span> <span class='ocrx_word' id='word_1_637' title='bbox 1686 5621 1754 5676; x_wconf 86' lang='lat' dir='ltr'><strong>ad</strong></span> <span class='ocrx_word' id='word_1_638' title='bbox 1782 5621 1893 5676; x_wconf 79' lang='lat' dir='ltr'><strong>An-</strong></span> 
     </span>
    </p>
   </div>
   <div class='ocr_carea' id='block_1_91' title="bbox 333 5693 671 5752">
    <p class='ocr_par' dir='ltr' id='par_1_91' title="bbox 333 5693 671 5752">
     <span class='ocr_line' id='line_1_91' title="bbox 333 5693 671 5752; baseline 0.003 -6"><span class='ocrx_word' id='word_1_639' title='bbox 333 5693 553 5752; x_wconf 70' lang='lat' dir='ltr'><strong>tiochum</strong></span> <span class='ocrx_word' id='word_1_640' title='bbox 583 5693 671 5747; x_wconf 76' lang='grc'><strong>72.</strong></span> 
     </span>
    </p>
   </div>
   <div class='ocr_carea' id='block_1_92' title="bbox 395 5759 1662 5835">
    <p class='ocr_par' dir='ltr' id='par_1_92' title="bbox 395 5759 1662 5835">
     <span class='ocr_line' id='line_1_92' title="bbox 395 5759 1662 5835; baseline -0.003 -17"><span class='ocrx_word' id='word_1_641' title='bbox 395 5763 502 5835; x_wconf 71' lang='grc'><strong>(85)</strong></span> <span class='ocrx_word' id='word_1_642' title='bbox 543 5763 683 5822; x_wconf 73' lang='lat' dir='ltr'><strong>Vide</strong></span> <span class='ocrx_word' id='word_1_643' title='bbox 719 5761 926 5830; x_wconf 71' lang='lat' dir='ltr'><strong>Quaest.</strong></span> <span class='ocrx_word' id='word_1_644' title='bbox 967 5760 1000 5815; x_wconf 87' lang='lat'><strong>8</strong></span> <span class='ocrx_word' id='word_1_645' title='bbox 1038 5759 1361 5817; x_wconf 70' lang='lat' dir='ltr'><strong>Theodoreti</strong></span> <span class='ocrx_word' id='word_1_646' title='bbox 1397 5762 1451 5815; x_wconf 81' lang='lat' dir='ltr'><strong>in</strong></span> <span class='ocrx_word' id='word_1_647' title='bbox 1479 5759 1662 5815; x_wconf 76' lang='lat' dir='ltr'><strong>Cenes.</strong></span> 
     </span>
    </p>
   </div>
   <div class='ocr_carea' id='block_1_93' title="bbox 1525 5396 2930 5468">
    <p class='ocr_par' dir='ltr' id='par_1_93' title="bbox 1525 5396 2930 5468">
     <span class='ocr_line' id='line_1_93' title="bbox 1525 5396 2930 5468; baseline 0.003 -17"><span class='ocrx_word' id='word_1_648' title='bbox 1525 5398 1570 5430; x_wconf 81' lang='grc'><strong>⁸⁸</strong></span> <span class='ocrx_word' id='word_1_649' title='bbox 1607 5396 1798 5455; x_wconf 82' lang='lat' dir='ltr'><strong>Matth.</strong></span> <span class='ocrx_word' id='word_1_650' title='bbox 1835 5414 1884 5462; x_wconf 87' lang='grc' dir='ltr'><strong>ι,</strong></span> <span class='ocrx_word' id='word_1_651' title='bbox 1920 5397 1972 5455; x_wconf 89' lang='grc'><strong>1.</strong></span> <span class='ocrx_word' id='word_1_652' title='bbox 2047 5400 2092 5430; x_wconf 83' lang='grc'><strong>⁸⁸</strong></span> <span class='ocrx_word' id='word_1_653' title='bbox 2130 5398 2296 5454; x_wconf 83' lang='lat' dir='ltr'><strong>Marc.</strong></span> <span class='ocrx_word' id='word_1_654' title='bbox 2331 5415 2382 5465; x_wconf 80' lang='grc' dir='ltr'><strong>ι,</strong></span> <span class='ocrx_word' id='word_1_655' title='bbox 2420 5400 2470 5454; x_wconf 89' lang='grc'><strong>1.</strong></span> <span class='ocrx_word' id='word_1_656' title='bbox 2547 5401 2589 5432; x_wconf 82' lang='grc'><strong>⁸⁷</strong></span> <span class='ocrx_word' id='word_1_657' title='bbox 2629 5399 2761 5456; x_wconf 86' lang='lat' dir='ltr'><strong>Gen.</strong></span> <span class='ocrx_word' id='word_1_658' title='bbox 2795 5414 2847 5468; x_wconf 79' lang='grc' dir='ltr'><strong>ι,</strong></span> <span class='ocrx_word' id='word_1_659' title='bbox 2877 5401 2930 5455; x_wconf 77' lang='lat'><strong>2.</strong></span> 
     </span>
    </p>
   </div>
   <div class='ocr_carea' id='block_1_94' title="bbox 2003 3579 3574 3655">
    <p class='ocr_par' dir='ltr' id='par_1_94' title="bbox 2003 3579 3574 3655">
     <span class='ocr_line' id='line_1_94' title="bbox 2003 3579 3574 3655; baseline -0.008 -5"><span class='ocrx_word' id='word_1_660' title='bbox 2003 3579 2162 3655; x_wconf 81' lang='lat'><strong>26.5</strong></span> <span class='ocrx_word' id='word_1_661' title='bbox 2227 3579 2325 3634; x_wconf 78' lang='lat' dir='ltr'><strong>EX</strong></span> <span class='ocrx_word' id='word_1_662' title='bbox 2420 3581 2716 3655; x_wconf 54' lang='lat' dir='ltr'><strong>VEZERL</strong></span> <span class='ocrx_word' id='word_1_663' title='bbox 2736 3583 3233 3655; x_wconf 60' lang='lat' dir='ltr'><strong>resumam</strong></span> <span class='ocrx_word' id='word_1_664' title='bbox 3307 3583 3574 3639; x_wconf 84' lang='lat' dir='ltr'><strong>INTER-</strong></span> 
     </span>
    </p>
   </div>
   <div class='ocr_carea' id='block_1_95' title="bbox 2527 3651 3068 3709">
    <p class='ocr_par' dir='ltr' id='par_1_95' title="bbox 2527 3651 3068 3709">
     <span class='ocr_line' id='line_1_95' title="bbox 2527 3651 3068 3709; baseline 0.002 -3"><span class='ocrx_word' id='word_1_665' title='bbox 2527 3651 3068 3709; x_wconf 76' lang='lat' dir='ltr'><strong>PRETATIONES.</strong></span> 
     </span>
    </p>
   </div>
   <div class='ocr_carea' id='block_1_96' title="bbox 2073 3762 3573 3831">
    <p class='ocr_par' dir='ltr' id='par_1_96' title="bbox 2073 3762 3573 3831">
     <span class='ocr_line' id='line_1_96' title="bbox 2073 3762 3573 3831; baseline 0 -11"><span class='ocrx_word' id='word_1_666' title='bbox 2073 3764 2292 3831; x_wconf 60' lang='lat' dir='ltr'><strong>Quzsr.</strong></span> <span class='ocrx_word' id='word_1_667' title='bbox 2331 3762 2536 3819; x_wconf 82' lang='lat' dir='ltr'><strong>XLVII.</strong></span> <span class='ocrx_word' id='word_1_668' title='bbox 2584 3764 2850 3830; x_wconf 85' lang='lat' dir='ltr'><strong>Quidnam</strong></span> <span class='ocrx_word' id='word_1_669' title='bbox 2885 3773 2968 3821; x_wconf 90' lang='lat' dir='ltr'><strong>est</strong></span> <span class='ocrx_word' id='word_1_670' title='bbox 2997 3767 3129 3820; x_wconf 90' lang='lat' dir='ltr'><strong>illud</strong></span> <span class='ocrx_word' id='word_1_671' title='bbox 3161 3786 3177 3822; x_wconf 88' lang='lat'><strong>:</strong></span> <span class='ocrx_word' id='word_1_672' title='bbox 3213 3785 3231 3818; x_wconf 74' lang='grc' dir='ltr'><strong>ε</strong></span> <span class='ocrx_word' id='word_1_673' title='bbox 3269 3767 3438 3822; x_wconf 88' lang='lat' dir='ltr'><strong>Terra</strong></span> <span class='ocrx_word' id='word_1_674' title='bbox 3476 3783 3573 3822; x_wconf 83' lang='lat' dir='ltr'><strong>au-</strong></span> 
     </span>
    </p>
   </div>
   <div class='ocr_carea' id='block_1_97' title="bbox 1999 3853 3217 3924">
    <p class='ocr_par' dir='ltr' id='par_1_97' title="bbox 1999 3853 3217 3924">
     <span class='ocr_line' id='line_1_97' title="bbox 1999 3853 3217 3924; baseline 0.003 -18"><span class='ocrx_word' id='word_1_675' title='bbox 1999 3859 2109 3908; x_wconf 89' lang='lat' dir='ltr'><strong>tem</strong></span> <span class='ocrx_word' id='word_1_676' title='bbox 2141 3860 2258 3908; x_wconf 82' lang='lat' dir='ltr'><strong>erat</strong></span> <span class='ocrx_word' id='word_1_677' title='bbox 2286 3853 2572 3908; x_wconf 91' lang='lat' dir='ltr'><strong>invisibilis</strong></span> <span class='ocrx_word' id='word_1_678' title='bbox 2600 3862 2655 3908; x_wconf 92' lang='lat' dir='ltr'><strong>et</strong></span> <span class='ocrx_word' id='word_1_679' title='bbox 2681 3855 3038 3924; x_wconf 88' lang='lat' dir='ltr'><strong>incomposita</strong></span> <span class='ocrx_word' id='word_1_680' title='bbox 3067 3856 3108 3886; x_wconf 87' lang='grc'><strong>⁸⁷</strong></span> <span class='ocrx_word' id='word_1_681' title='bbox 3133 3855 3156 3907; x_wconf 88' lang='lat'><strong>?</strong></span> <span class='ocrx_word' id='word_1_682' title='bbox 3197 3875 3217 3910; x_wconf 71' lang='grc' dir='ltr'><strong>ι</strong></span> 
     </span>
    </p>
   </div>
   <div class='ocr_carea' id='block_1_98' title="bbox 2076 3944 3572 4012">
    <p class='ocr_par' dir='ltr' id='par_1_98' title="bbox 2076 3944 3572 4012">
     <span class='ocr_line' id='line_1_98' title="bbox 2076 3944 3572 4012; baseline 0.002 -13"><span class='ocrx_word' id='word_1_683' title='bbox 2076 3944 2240 4002; x_wconf 73' lang='lat' dir='ltr'><strong>Basr.</strong></span> <span class='ocrx_word' id='word_1_684' title='bbox 2296 3947 2434 4012; x_wconf 87' lang='lat' dir='ltr'><strong>Quia</strong></span> <span class='ocrx_word' id='word_1_685' title='bbox 2485 3947 2725 4000; x_wconf 92' lang='lat' dir='ltr'><strong>nondum</strong></span> <span class='ocrx_word' id='word_1_686' title='bbox 2776 3954 2892 4000; x_wconf 88' lang='lat' dir='ltr'><strong>erat</strong></span> <span class='ocrx_word' id='word_1_687' title='bbox 2942 3955 3226 4001; x_wconf 86' lang='lat' dir='ltr'><strong>exornata.</strong></span> <span class='ocrx_word' id='word_1_688' title='bbox 3299 3947 3572 4003; x_wconf 85' lang='lat' dir='ltr'><strong>Insidente</strong></span> 
     </span>
    </p>
   </div>
   <div class='ocr_carea' id='block_1_99' title="bbox 2004 4034 3572 4108">
    <p class='ocr_par' dir='ltr' id='par_1_99' title="bbox 2004 4034 3572 4108">
     <span class='ocr_line' id='line_1_99' title="bbox 2004 4034 3572 4108; baseline 0.003 -20"><span class='ocrx_word' id='word_1_689' title='bbox 2004 4050 2237 4104; x_wconf 90' lang='lat' dir='ltr'><strong>namque</strong></span> <span class='ocrx_word' id='word_1_690' title='bbox 2263 4050 2426 4103; x_wconf 89' lang='lat' dir='ltr'><strong>super</strong></span> <span class='ocrx_word' id='word_1_691' title='bbox 2451 4042 2649 4090; x_wconf 89' lang='lat' dir='ltr'><strong>terram</strong></span> <span class='ocrx_word' id='word_1_692' title='bbox 2681 4051 2841 4105; x_wconf 90' lang='lat' dir='ltr'><strong>aqua,</strong></span> <span class='ocrx_word' id='word_1_693' title='bbox 2873 4034 3045 4091; x_wconf 86' lang='lat' dir='ltr'><strong>videri</strong></span> <span class='ocrx_word' id='word_1_694' title='bbox 3081 4053 3189 4092; x_wconf 91' lang='lat' dir='ltr'><strong>non</strong></span> <span class='ocrx_word' id='word_1_695' title='bbox 3220 4045 3452 4108; x_wconf 89' lang='lat' dir='ltr'><strong>poterat,</strong></span> <span class='ocrx_word' id='word_1_696' title='bbox 3485 4038 3572 4092; x_wconf 85' lang='lat' dir='ltr'><strong>in-</strong></span> 
     </span>
    </p>
   </div>
   <div class='ocr_carea' id='block_1_100' title="bbox 2003 4127 3573 4185">
    <p class='ocr_par' dir='ltr' id='par_1_100' title="bbox 2003 4127 3573 4185">
     <span class='ocr_line' id='line_1_100' title="bbox 2003 4127 3573 4185; baseline 0.003 -5"><span class='ocrx_word' id='word_1_697' title='bbox 2003 4127 2238 4182; x_wconf 87' lang='lat' dir='ltr'><strong>visibilis</strong></span> <span class='ocrx_word' id='word_1_698' title='bbox 2280 4128 2530 4182; x_wconf 82' lang='lat' dir='ltr'><strong>videlicet</strong></span> <span class='ocrx_word' id='word_1_699' title='bbox 2569 4139 2622 4182; x_wconf 91' lang='lat' dir='ltr'><strong>et</strong></span> <span class='ocrx_word' id='word_1_700' title='bbox 2661 4130 2911 4184; x_wconf 88' lang='lat' dir='ltr'><strong>occulta:</strong></span> <span class='ocrx_word' id='word_1_701' title='bbox 2950 4129 3226 4184; x_wconf 90' lang='lat' dir='ltr'><strong>incondita</strong></span> <span class='ocrx_word' id='word_1_702' title='bbox 3277 4146 3408 4184; x_wconf 87' lang='lat' dir='ltr'><strong>vero</strong></span> <span class='ocrx_word' id='word_1_703' title='bbox 3443 4145 3573 4185; x_wconf 89' lang='lat' dir='ltr'><strong>nec-</strong></span> 
     </span>
    </p>
   </div>
   <div class='ocr_carea' id='block_1_101' title="bbox 2007 4218 3574 4289">
    <p class='ocr_par' dir='ltr' id='par_1_101' title="bbox 2007 4218 3574 4289">
     <span class='ocr_line' id='line_1_101' title="bbox 2007 4218 3574 4289; baseline 0.001 -17"><span class='ocrx_word' id='word_1_704' title='bbox 2007 4218 2135 4272; x_wconf 88' lang='lat' dir='ltr'><strong>dum</strong></span> <span class='ocrx_word' id='word_1_705' title='bbox 2179 4227 2464 4284; x_wconf 84' lang='lat' dir='ltr'><strong>exornata,</strong></span> <span class='ocrx_word' id='word_1_706' title='bbox 2521 4234 2622 4273; x_wconf 88' lang='lat' dir='ltr'><strong>nec</strong></span> <span class='ocrx_word' id='word_1_707' title='bbox 2666 4220 2928 4289; x_wconf 79' lang='lat' dir='ltr'><strong>perfecta.</strong></span> <span class='ocrx_word' id='word_1_708' title='bbox 2965 4220 3159 4276; x_wconf 85' lang='lat' dir='ltr'><strong>Nullus</strong></span> <span class='ocrx_word' id='word_1_709' title='bbox 3202 4221 3344 4275; x_wconf 92' lang='lat' dir='ltr'><strong>enim</strong></span> <span class='ocrx_word' id='word_1_710' title='bbox 3375 4222 3450 4276; x_wconf 91' lang='lat' dir='ltr'><strong>illi</strong></span> <span class='ocrx_word' id='word_1_711' title='bbox 3477 4219 3574 4274; x_wconf 88' lang='lat' dir='ltr'><strong>ad-</strong></span> 
     </span>
    </p>
   </div>
   <div class='ocr_carea' id='block_1_102' title="bbox 2002 4307 3573 4383">
    <p class='ocr_par' dir='ltr' id='par_1_102' title="bbox 2002 4307 3573 4383">
     <span class='ocr_line' id='line_1_102' title="bbox 2002 4307 3573 4383; baseline 0.003 -21"><span class='ocrx_word' id='word_1_712' title='bbox 2002 4307 2109 4364; x_wconf 86' lang='lat' dir='ltr'><strong>huc</strong></span> <span class='ocrx_word' id='word_1_713' title='bbox 2137 4308 2290 4378; x_wconf 83' lang='lat' dir='ltr'><strong>vigor</strong></span> <span class='ocrx_word' id='word_1_714' title='bbox 2314 4317 2455 4372; x_wconf 86' lang='lat' dir='ltr'><strong>erat,</strong></span> <span class='ocrx_word' id='word_1_715' title='bbox 2486 4308 2622 4362; x_wconf 91' lang='lat' dir='ltr'><strong>nulli</strong></span> <span class='ocrx_word' id='word_1_716' title='bbox 2651 4309 2817 4366; x_wconf 87' lang='lat' dir='ltr'><strong>llores</strong></span> <span class='ocrx_word' id='word_1_717' title='bbox 2844 4311 2923 4368; x_wconf 86' lang='lat' dir='ltr'><strong>vel</strong></span> <span class='ocrx_word' id='word_1_718' title='bbox 2954 4319 3130 4383; x_wconf 90' lang='lat' dir='ltr'><strong>prata,</strong></span> <span class='ocrx_word' id='word_1_719' title='bbox 3165 4327 3342 4381; x_wconf 87' lang='lat' dir='ltr'><strong>neque</strong></span> <span class='ocrx_word' id='word_1_720' title='bbox 3371 4312 3573 4382; x_wconf 60' lang='lat' dir='ltr'><strong>planta}</strong></span> 
     </span>
    </p>
   </div>
   <div class='ocr_carea' id='block_1_103' title="bbox 2000 4401 2606 4470">
    <p class='ocr_par' dir='ltr' id='par_1_103' title="bbox 2000 4401 2606 4470">
     <span class='ocr_line' id='line_1_103' title="bbox 2000 4401 2606 4470; baseline 0 -14"><span class='ocrx_word' id='word_1_721' title='bbox 2000 4401 2084 4456; x_wconf 85' lang='lat' dir='ltr'><strong>vel</strong></span> <span class='ocrx_word' id='word_1_722' title='bbox 2111 4415 2331 4470; x_wconf 84' lang='lat' dir='ltr'><strong>germen</strong></span> <span class='ocrx_word' id='word_1_723' title='bbox 2363 4401 2606 4469; x_wconf 90' lang='lat' dir='ltr'><strong>aliquod.</strong></span> 
     </span>
    </p>
   </div>
   <div class='ocr_carea' id='block_1_104' title="bbox 2065 4490 3569 4564">
    <p class='ocr_par' dir='ltr' id='par_1_104' title="bbox 2065 4490 3569 4564">
     <span class='ocr_line' id='line_1_104' title="bbox 2065 4490 3569 4564; baseline 0.003 -20"><span class='ocrx_word' id='word_1_724' title='bbox 2065 4491 2286 4557; x_wconf 55' lang='lat' dir='ltr'><strong>Quasr.</strong></span> <span class='ocrx_word' id='word_1_725' title='bbox 2318 4490 2550 4546; x_wconf 81' lang='lat' dir='ltr'><strong>XLVIII.</strong></span> <span class='ocrx_word' id='word_1_726' title='bbox 2582 4492 2773 4558; x_wconf 88' lang='lat' dir='ltr'><strong>Qualis</strong></span> <span class='ocrx_word' id='word_1_727' title='bbox 2815 4502 2933 4548; x_wconf 88' lang='lat' dir='ltr'><strong>erat</strong></span> <span class='ocrx_word' id='word_1_728' title='bbox 2977 4493 3067 4548; x_wconf 88' lang='lat' dir='ltr'><strong>ille</strong></span> <span class='ocrx_word' id='word_1_729' title='bbox 3094 4492 3337 4564; x_wconf 85' lang='lat' dir='ltr'><strong>spiritus,</strong></span> <span class='ocrx_word' id='word_1_730' title='bbox 3368 4492 3460 4563; x_wconf 92' lang='lat' dir='ltr'><strong>qui</strong></span> <span class='ocrx_word' id='word_1_731' title='bbox 3489 4491 3569 4548; x_wconf 78' lang='lat' dir='ltr'><strong>fe-</strong></span> 
     </span>
    </p>
   </div>
   <div class='ocr_carea' id='block_1_105' title="bbox 1923 4579 2640 4649">
    <p class='ocr_par' dir='ltr' id='par_1_105' title="bbox 1923 4579 2640 4649">
     <span class='ocr_line' id='line_1_105' title="bbox 1923 4579 2640 4649; baseline 0 -15"><span class='ocrx_word' id='word_1_732' title='bbox 1923 4585 1967 4639; x_wconf 89' lang='lat' dir='ltr'><strong>D</strong></span> <span class='ocrx_word' id='word_1_733' title='bbox 1994 4579 2212 4634; x_wconf 88' lang='lat' dir='ltr'><strong>rebatur</strong></span> <span class='ocrx_word' id='word_1_734' title='bbox 2241 4595 2404 4648; x_wconf 90' lang='lat' dir='ltr'><strong>super</strong></span> <span class='ocrx_word' id='word_1_735' title='bbox 2433 4581 2640 4649; x_wconf 88' lang='lat' dir='ltr'><strong>aquas?</strong></span> 
     </span>
    </p>
   </div>
   <div class='ocr_carea' id='block_1_106' title="bbox 2061 4669 3567 4743">
    <p class='ocr_par' dir='ltr' id='par_1_106' title="bbox 2061 4669 3567 4743">
     <span class='ocr_line' id='line_1_106' title="bbox 2061 4669 3567 4743; baseline 0 -19"><span class='ocrx_word' id='word_1_736' title='bbox 2061 4669 2225 4725; x_wconf 71' lang='lat' dir='ltr'><strong>Rsse.</strong></span> <span class='ocrx_word' id='word_1_737' title='bbox 2258 4669 2487 4726; x_wconf 76' lang='lat' dir='ltr'><strong>Videtur</strong></span> <span class='ocrx_word' id='word_1_738' title='bbox 2516 4672 2734 4742; x_wconf 90' lang='lat' dir='ltr'><strong>quidem</strong></span> <span class='ocrx_word' id='word_1_739' title='bbox 2769 4673 3093 4742; x_wconf 90' lang='lat' dir='ltr'><strong>quihusdam</strong></span> <span class='ocrx_word' id='word_1_740' title='bbox 3135 4672 3278 4743; x_wconf 84' lang='lat' dir='ltr'><strong>quod</strong></span> <span class='ocrx_word' id='word_1_741' title='bbox 3323 4671 3411 4726; x_wconf 88' lang='lat' dir='ltr'><strong>ille</strong></span> <span class='ocrx_word' id='word_1_742' title='bbox 3440 4686 3567 4725; x_wconf 91' lang='lat' dir='ltr'><strong>san-</strong></span> 
     </span>
    </p>
   </div>
   <div class='ocr_carea' id='block_1_107' title="bbox 1996 4763 3564 4834">
    <p class='ocr_par' dir='ltr' id='par_1_107' title="bbox 1996 4763 3564 4834">
     <span class='ocr_line' id='line_1_107' title="bbox 1996 4763 3564 4834; baseline 0.001 -18"><span class='ocrx_word' id='word_1_743' title='bbox 1996 4771 2118 4818; x_wconf 91' lang='lat' dir='ltr'><strong>ctus</strong></span> <span class='ocrx_word' id='word_1_744' title='bbox 2147 4764 2220 4818; x_wconf 85' lang='lat' dir='ltr'><strong>sit</strong></span> <span class='ocrx_word' id='word_1_745' title='bbox 2250 4763 2506 4833; x_wconf 90' lang='lat' dir='ltr'><strong>Spiritus,</strong></span> <span class='ocrx_word' id='word_1_746' title='bbox 2537 4765 2818 4820; x_wconf 81' lang='lat' dir='ltr'><strong>viviﬁcans</strong></span> <span class='ocrx_word' id='word_1_747' title='bbox 2849 4780 3111 4834; x_wconf 87' lang='lat' dir='ltr'><strong>aquarum</strong></span> <span class='ocrx_word' id='word_1_748' title='bbox 3149 4776 3395 4818; x_wconf 88' lang='lat' dir='ltr'><strong>naturam</strong></span> <span class='ocrx_word' id='word_1_749' title='bbox 3429 4763 3564 4833; x_wconf 79' lang='lat'><strong>(83).</strong></span> 
     </span>
    </p>
   </div>
   <div class='ocr_carea' id='block_1_108' title="bbox 1995 4853 3564 4925">
    <p class='ocr_par' dir='ltr' id='par_1_108' title="bbox 1995 4853 3564 4925">
     <span class='ocr_line' id='line_1_108' title="bbox 1995 4853 3564 4925; baseline -0.001 -17"><span class='ocrx_word' id='word_1_750' title='bbox 1995 4853 2107 4925; x_wconf 87' lang='lat' dir='ltr'><strong>Ego</strong></span> <span class='ocrx_word' id='word_1_751' title='bbox 2157 4871 2287 4911; x_wconf 87' lang='lat' dir='ltr'><strong>vero</strong></span> <span class='ocrx_word' id='word_1_752' title='bbox 2328 4855 2471 4909; x_wconf 89' lang='lat' dir='ltr'><strong>haud</strong></span> <span class='ocrx_word' id='word_1_753' title='bbox 2519 4855 2934 4925; x_wconf 85' lang='lat' dir='ltr'><strong>incongruenter</strong></span> <span class='ocrx_word' id='word_1_754' title='bbox 2990 4872 3086 4925; x_wconf 91' lang='lat' dir='ltr'><strong>per</strong></span> <span class='ocrx_word' id='word_1_755' title='bbox 3139 4856 3269 4912; x_wconf 89' lang='lat' dir='ltr'><strong>illud</strong></span> <span class='ocrx_word' id='word_1_756' title='bbox 3319 4855 3564 4918; x_wconf 86' lang='lat' dir='ltr'><strong>verbum,</strong></span> 
     </span>
    </p>
   </div>
   <div class='ocr_carea' id='block_1_109' title="bbox 2003 4944 3566 5018">
    <p class='ocr_par' dir='ltr' id='par_1_109' title="bbox 2003 4944 3566 5018">
     <span class='ocr_line' id='line_1_109' title="bbox 2003 4944 3566 5018; baseline 0 -20"><span class='ocrx_word' id='word_1_757' title='bbox 2003 4964 2022 4998; x_wconf 70' lang='grc' dir='ltr'><strong>ι</strong></span> <span class='ocrx_word' id='word_1_758' title='bbox 2049 4946 2320 5002; x_wconf 80' lang='lat' dir='ltr'><strong>ferebatur</strong></span> <span class='ocrx_word' id='word_1_759' title='bbox 2337 4947 2401 5011; x_wconf 81' lang='grc'><strong>⁸⁸,</strong></span> <span class='ocrx_word' id='word_1_760' title='bbox 2431 4966 2451 4999; x_wconf 69' lang='grc' dir='ltr'><strong>ι</strong></span> <span class='ocrx_word' id='word_1_761' title='bbox 2473 4946 2594 5002; x_wconf 92' lang='lat' dir='ltr'><strong>dico</strong></span> <span class='ocrx_word' id='word_1_762' title='bbox 2620 4947 2916 5018; x_wconf 84' lang='lat' dir='ltr'><strong>signiﬁcari</strong></span> <span class='ocrx_word' id='word_1_763' title='bbox 2939 4944 3350 5001; x_wconf 80' lang='lat' dir='ltr'><strong>motivam’aeris</strong></span> <span class='ocrx_word' id='word_1_764' title='bbox 3376 4959 3566 5000; x_wconf 83' lang='lat' dir='ltr'><strong>essen-</strong></span> 
     </span>
    </p>
   </div>
   <div class='ocr_carea' id='block_1_110' title="bbox 1998 5035 3564 5110">
    <p class='ocr_par' dir='ltr' id='par_1_110' title="bbox 1998 5035 3564 5110">
     <span class='ocr_line' id='line_1_110' title="bbox 1998 5035 3564 5110; baseline -0.002 -18"><span class='ocrx_word' id='word_1_765' title='bbox 1998 5041 2169 5095; x_wconf 89' lang='lat' dir='ltr'><strong>tiam:</strong></span> <span class='ocrx_word' id='word_1_766' title='bbox 2206 5041 2369 5095; x_wconf 91' lang='lat' dir='ltr'><strong>etiam</strong></span> <span class='ocrx_word' id='word_1_767' title='bbox 2402 5039 2558 5110; x_wconf 85' lang='lat' dir='ltr'><strong>juxta</strong></span> <span class='ocrx_word' id='word_1_768' title='bbox 2617 5040 2784 5094; x_wconf 87' lang='lat' dir='ltr'><strong>David</strong></span> <span class='ocrx_word' id='word_1_769' title='bbox 2819 5040 2886 5095; x_wconf 90' lang='lat' dir='ltr'><strong>de</strong></span> <span class='ocrx_word' id='word_1_770' title='bbox 2937 5039 3046 5094; x_wconf 88' lang='lat' dir='ltr'><strong>Deo</strong></span> <span class='ocrx_word' id='word_1_771' title='bbox 3076 5040 3450 5094; x_wconf 89' lang='lat' dir='ltr'><strong>universorum</strong></span> <span class='ocrx_word' id='word_1_772' title='bbox 3479 5035 3564 5090; x_wconf 83' lang='lat' dir='ltr'><strong>di-</strong></span> 
     </span>
    </p>
   </div>
   <div class='ocr_carea' id='block_1_111' title="bbox 1998 5128 3552 5201">
    <p class='ocr_par' dir='ltr' id='par_1_111' title="bbox 1998 5128 3552 5201">
     <span class='ocr_line' id='line_1_111' title="bbox 1998 5128 3552 5201; baseline -0.003 -15"><span class='ocrx_word' id='word_1_773' title='bbox 1998 5139 2238 5186; x_wconf 83' lang='lat' dir='ltr'><strong>centem:</strong></span> <span class='ocrx_word' id='word_1_774' title='bbox 2296 5149 2315 5181; x_wconf 75' lang='grc' dir='ltr'><strong>ι</strong></span> <span class='ocrx_word' id='word_1_775' title='bbox 2349 5130 2526 5186; x_wconf 86' lang='lat' dir='ltr'><strong>Flabit</strong></span> <span class='ocrx_word' id='word_1_776' title='bbox 2554 5132 2779 5201; x_wconf 89' lang='lat' dir='ltr'><strong>spiritus</strong></span> <span class='ocrx_word' id='word_1_777' title='bbox 2825 5129 2945 5200; x_wconf 65' lang='lat' dir='ltr'><strong>eius</strong></span> <span class='ocrx_word' id='word_1_778' title='bbox 2971 5139 3026 5185; x_wconf 88' lang='lat' dir='ltr'><strong>et</strong></span> <span class='ocrx_word' id='word_1_779' title='bbox 3055 5130 3221 5184; x_wconf 82' lang='lat' dir='ltr'><strong>liuent</strong></span> <span class='ocrx_word' id='word_1_780' title='bbox 3262 5143 3415 5198; x_wconf 66' lang='lat' dir='ltr'><strong>aqua:</strong></span> <span class='ocrx_word' id='word_1_781' title='bbox 3439 5128 3504 5182; x_wconf 82' lang='lat'><strong>&quot;.</strong></span> <span class='ocrx_word' id='word_1_782' title='bbox 3531 5146 3552 5180; x_wconf 74' lang='grc' dir='ltr'><strong>ι</strong></span> 
     </span>
    </p>
   </div>
   <div class='ocr_carea' id='block_1_112' title="bbox 2069 5220 3564 5294">
    <p class='ocr_par' dir='ltr' id='par_1_112' title="bbox 2069 5220 3564 5294">
     <span class='ocr_line' id='line_1_112' title="bbox 2069 5220 3564 5294; baseline -0.001 -18"><span class='ocrx_word' id='word_1_783' title='bbox 2069 5220 2290 5287; x_wconf 67' lang='grc' dir='ltr'><strong>ρυεετ.</strong></span> <span class='ocrx_word' id='word_1_784' title='bbox 2323 5220 2509 5276; x_wconf 80' lang='lat' dir='ltr'><strong>XLIX.</strong></span> <span class='ocrx_word' id='word_1_785' title='bbox 2532 5222 2709 5290; x_wconf 85' lang='lat' dir='ltr'><strong>Quare</strong></span> <span class='ocrx_word' id='word_1_786' title='bbox 2723 5223 2974 5294; x_wconf 64' lang='lat' dir='ltr'><strong>(84)cum</strong></span> <span class='ocrx_word' id='word_1_787' title='bbox 3002 5237 3164 5277; x_wconf 89' lang='lat' dir='ltr'><strong>unam</strong></span> <span class='ocrx_word' id='word_1_788' title='bbox 3192 5221 3564 5291; x_wconf 76' lang='lat' dir='ltr'><strong>congregatio-</strong></span> 
     </span>
    </p>
   </div>
   <div class='ocr_carea' id='block_1_113' title="bbox 3011 5395 3560 5456">
    <p class='ocr_par' dir='ltr' id='par_1_113' title="bbox 3011 5395 3560 5456">
     <span class='ocr_line' id='line_1_113' title="bbox 3011 5395 3560 5456; baseline 0.007 -4"><span class='ocrx_word' id='word_1_789' title='bbox 3011 5399 3056 5431; x_wconf 81' lang='grc'>⁸⁸</span> <span class='ocrx_word' id='word_1_790' title='bbox 3094 5397 3224 5454; x_wconf 88' lang='lat' dir='ltr'><strong>ibid.</strong></span> <span class='ocrx_word' id='word_1_791' title='bbox 3331 5397 3376 5432; x_wconf 75' lang='grc'><strong>⁸³</strong></span> <span class='ocrx_word' id='word_1_792' title='bbox 3411 5395 3560 5456; x_wconf 82' lang='lat' dir='ltr'><strong>Psal.</strong></span> 
     </span>
    </p>
   </div>
   <div class='ocr_carea' id='block_1_114' title="bbox 2005 5616 3563 5744">
    <p class='ocr_par' dir='ltr' id='par_1_114' title="bbox 2005 5616 3563 5744">
     <span class='ocr_line' id='line_1_114' title="bbox 2005 5616 3563 5744; baseline -0.003 -69"><span class='ocrx_word' id='word_1_793' title='bbox 2005 5690 2017 5701; x_wconf 39' lang='lat'><strong><em>.</em></strong></span> <span class='ocrx_word' id='word_1_794' title='bbox 2071 5621 2182 5744; x_wconf 54' lang='grc' dir='ltr'><strong>(ἐι)</strong></span> <span class='ocrx_word' id='word_1_795' title='bbox 2213 5618 2338 5676; x_wconf 69' lang='lat' dir='ltr'><strong>Haec</strong></span> <span class='ocrx_word' id='word_1_796' title='bbox 2361 5621 2476 5691; x_wconf 87' lang='lat' dir='ltr'><strong>ipsa</strong></span> <span class='ocrx_word' id='word_1_797' title='bbox 2500 5627 2583 5677; x_wconf 90' lang='lat' dir='ltr'><strong>est</strong></span> <span class='ocrx_word' id='word_1_798' title='bbox 2615 5620 2756 5691; x_wconf 88' lang='lat' dir='ltr'><strong>apud</strong></span> <span class='ocrx_word' id='word_1_799' title='bbox 2792 5617 3188 5676; x_wconf 87' lang='lat' dir='ltr'><strong>Theodoretum</strong></span> <span class='ocrx_word' id='word_1_800' title='bbox 3230 5618 3435 5685; x_wconf 80' lang='lat' dir='ltr'><strong>Quaest.</strong></span> <span class='ocrx_word' id='word_1_801' title='bbox 3493 5616 3563 5670; x_wconf 76' lang='grc'><strong>12</strong></span> 
     </span>
     <span class='ocr_line' id='line_1_115' title="bbox 2005 5707 2269 5744; baseline 0 0"><span class='ocrx_word' id='word_1_802' title='bbox 2005 5707 2055 5744; x_wconf 84' lang='lat' dir='ltr'><strong>tu</strong></span> <span class='ocrx_word' id='word_1_803' title='bbox 2131 5707 2269 5744; x_wconf 74' lang='lat' dir='ltr'><strong>enea.</strong></span> 
     </span>
    </p>
   </div>
   <div class='ocr_carea' id='block_1_115' title="bbox 1998 5707 2269 5746">
    <p class='ocr_par' dir='ltr' id='par_1_115' title="bbox 1998 5707 2269 5746">
     <span class='ocr_line' id='line_1_116' title="bbox 1998 5707 2269 5746; baseline 0.011 -3"><span class='ocrx_word' id='word_1_804' title='bbox 1998 5707 2055 5744; x_wconf 84' lang='lat' dir='ltr'><strong>tu</strong></span> <span class='ocrx_word' id='word_1_805' title='bbox 2084 5707 2269 5746; x_wconf 74' lang='lat' dir='ltr'><strong>benes.</strong></span> 
     </span>
    </p>
   </div>
  </div>
