3940 6518
519 407 619 472 ⁸731
1736 407 1792 464 S.
1836 401 2296 462 ATHANASIUS.
2339 433 2407 442 -—-
2436 399 2704 455 SPURIA.
3632 391 3720 444 731

525 547 646 586 nem
709 543 972 599 aquarum
1005 527 1251 593 dixisset,
1305 527 1649 597 postmodum
1692 527 1892 582 multas
1918 541 2080 580 voca-
2110 529 2129 583 1

2223 539 2288 575 ων
2313 519 2498 582 εἰπὼν,
2533 517 2669 589 μετὰ
2698 515 2868 568 ταῦτα
2895 511 3091 575 πολλάς
3111 509 3497 580 προσωνόμασε
3521 522 3535 570 ;
3559 524 3576 556 ι
3611 507 3722 559 Συν-

525 623 646 676 vit?
703 597 886 690 lnquit
945 621 1088 675 enim
1130 640 1142 674 :
1199 638 1218 671 ι
1255 619 1598 690 Congregata
1631 627 1713 674 est
1745 635 1905 689 aqua,
1962 633 2082 689 qua:

2223 611 2320 683 χθη
2353 631 2370 662 ι
2395 609 2523 679 γὰρ,
2559 608 2710 679 φησὶ,
2741 623 2759 656 ι
2789 605 2850 658 τὸ
2875 604 3014 675 ὓδωρ
3044 603 3106 654 τὸ
3129 601 3381 654 ὑποκάτω
3405 597 3499 651 τοῦ
3520 597 3721 668 οὐρανοῦ

527 713 631 767 sub
659 714 799 766 cmlo
825 722 960 776 erat,
989 711 1045 764 in
1077 711 1526 780 congregationes
1553 727 1682 766 suas
1701 713 1766 764 ⁷ο.
1795 730 1812 762 ι

2223 706 2263 767 ἐς
2288 705 2386 765 τὰς
2419 699 2739 769 συναγωγὰς
2769 697 2966 752 αὐτῶν.
2996 715 3014 747 ι

590 805 751 860 lisse.
783 803 898 858 Una
932 811 1015 858 est
1060 818 1324 872 aquarum
1378 812 1575 856 natura
1624 811 1677 858 et
1723 801 2082 872 congregatio.

2268 792 2452 844 Ἀπόκ.
2473 790 2584 843 Μία
2599 790 2715 844 ἐστὶ
2728 788 2834 840 τῶν
2857 788 3108 856 ὑδάτωνὴ
3133 787 3290 854 φύσις
3317 785 3409 838 καὶ
3431 785 3721 853 συναγωγή·

529 895 818 950 Pluraliter
857 911 984 949 vero
1037 896 1386 950 collectiones
1415 897 1647 958 vocavit,
1680 911 1745 950 eo
1774 895 1916 965 quod
1943 894 2088 948 aliud

2223 881 2563 953 ςληθυντικῶς
2593 880 2650 934 δὲ
2703 879 2802 942 τὰς
2856 877 3171 946 συναγωγάς
3213 876 3516 945 ὠνόμασεν,
3566 873 3724 943 ἐπειδὴ

530 987 748 1054 quidem
787 995 870 1041 est
905 985 1144 1040 Indicum
1177 986 1422 1057 pelagus,
1455 985 1601 1038 aliud
1625 1001 1754 1040 vero
1785 963 2087 1050 Ponticum,

2223 974 2316 1026 3.10
2370 975 2465 1043 μέν
2499 972 2559 1025 τὸ
2593 971 2810 1025 Ἰνδικὸν
2841 969 3089 1037 πέλαγος,
3121 967 3245 1022 ἄλλο
3277 966 3334 1018 δὲ
3380 965 3444 1017 τὸ
3476 963 3724 1024 Ποντικὸν,

531 1083 585 1130 et
655 1075 806 1130 aliud
862 1054 1222 1140 Atlanticum,
1276 1054 1424 1129 aliud
1477 1074 1787 1145 Propontis,
1850 1075 2090 1144 IEgteum

2223 1062 2286 1114 ιαὶ
2300 1061 2357 1114 τὸ
2379 1059 2716 1113 Ἀτλαντικὸν
2741 1059 2944 1130 ἕτερον,
2969 1058 3062 1110 καὶ
3090 1056 3215 1112 ἄλλο
3247 1057 3343 1126 μέν
3370 1057 3404 1124 ἡ
3436 1054 3723 1124 Προποντὶς,

534 1168 704 1231 aliud,
731 1175 785 1222 et
816 1168 962 1221 aliud
1005 1169 1151 1222 lonis
1193 1169 1370 1223 sinus.
1404 1168 1566 1222 Extra
1596 1183 1744 1234 vero,
1773 1176 1968 1222 terram
2012 1167 2092 1220 al-

2223 1152 2288 1204 ιαὶ
2319 1152 2539 1218 Αἰγαῖον
2576 1149 2782 1220 ἕτερον,
2826 1149 2920 1200 καὶ
2948 1147 3102 1210 ἄλλος
3144 1146 3302 1200 πάλιν
3341 1147 3368 1198 6
3407 1142 3598 1205 Ἰὠνιος
3625 1143 3724 1194 κάλα

535 1259 636 1313 luit
665 1261 961 1314 maximum
991 1262 1237 1331 pelagus,
1257 1262 1440 1330 quuod
1463 1259 1738 1315 Oceanum
1757 1259 1977 1329 quidam
2003 1274 2095 1312 vo-

2223 1259 2314 1305 :o;.
2340 1241 2575 1307 Ἐξωθεν
2613 1239 2669 1291 δὲ
2715 1239 2874 1292 πάλιν
2905 1237 3173 1290 ἐπίκειται
3205 1237 3266 1288 τὸ
3304 1235 3557 1305 μέγιστον
3593 1234 3726 1286 πέλαο

545 1358 692 1405 cant.
729 1351 860 1404 Eam
891 1352 961 1405 ob
1005 1368 1250 1418 causam,
1283 1367 1478 1422 aquam
1517 1352 1733 1422 quidem
1767 1362 1825 1405 ut
1851 1361 1934 1407 est
1976 1367 2099 1406 con-

2223 1349 2313 1394 'o;,
2344 1332 2372 1383 6
2401 1347 2544 1393 τινες
2582 1329 2830 1383 Ὠκεανὸν
2859 1328 3199 1399 ὀνομάζουσι.
3244 1326 3445 1378 Τούτου
3474 1325 3640 1396 χάριν,
3667 1324 3724 1385 ὡς

538 1451 782 1513 gregata,
815 1445 1230 1512 collectionem;
1263 1454 1320 1498 ut
1369 1451 1548 1498 autem
1598 1445 1666 1497 ab
1698 1445 1802 1497 alia
1852 1453 2098 1514 separata

2223 1424 2299 1474 ιέν
2331 1421 2694 1492 συνηγμένην,
2736 1420 3053 1490 συναγωγὴν
3107 1418 3233 1489 μίαν
3262 1417 3562 1487 ὼνόμασενσ
3602 1415 3728 1478 ἀ)ςέ

538 1542 643 1592 est.
677 1534 1028 1588 collectiones
1065 1537 1300 1590 vocavit.

2223 1512 2600 1582 ἱιαιρουμένην,
2639 1512 2981 1580 συναγωγάς.

609 1625 830 1692 ρυεετ.
859 1625 919 1680 L.
955 1627 1132 1692 Quare
1170 1628 1350 1681 lumen
1391 1627 1675 1697 separabat
1724 1628 1862 1681 diem
1913 1635 1966 1680 et
2008 1643 2104 1682 no-

2286 1623 2477 1692 Ἐρὼτ.
2509 1623 2570 1678 ν’.
2601 1624 2759 1676 Ποῖον
2785 1621 2898 1690 φῶς
2930 1619 3156 1692 ἐχώριζε
3187 1621 3285 1690 τὴν
3313 1619 3522 1690 ἡμέραν
3548 1601 3736 1686 καΫτὴν

542 1723 682 1770 ctem
711 1724 998 1784 antequam
1029 1717 1108 1770 sol
1138 1724 1352 1772 creatus
1377 1716 1698 1773 esset?Nam
1725 1718 1802 1771 sol
1827 1725 1877 1770 ct
1901 1718 2104 1786 reliqua

2223 1713 2392 1777 νύκτα,
2426 1714 2554 1783 πρὶν
2579 1711 2830 1780 γενέσθαι
2862 1712 2951 1764 τὸν
2979 1711 3158 1781 ἧλιονς
3191 1712 3298 1762 Καὶ
3322 1711 3429 1782 γὰρ
3450 1712 3479 1763 6
3505 1709 3644 1779 ἥλιος
3663 1709 3739 1761 καὶ

547 1807 831 1859 luminaria
861 1816 1041 1876 postea
1080 1807 1294 1862 demum
1317 1815 1444 1861 sunt
1481 1807 1638 1862 facta.
1667 1807 1946 1875 Quomodo
1977 1825 2105 1879 ergo

2223 1809 2254 1858 ιζ
2284 1805 2459 1858 λοιποὶ
2493 1805 2776 1876 φωστῆρες
2815 1804 3036 1874 ὕστερον
3066 1804 3328 1872 ἐγένοντο.
3375 1820 3394 1852 ι
3417 1803 3528 1855 Καὶ
3557 1802 3740 1867 ἐγένετο

547 1896 681 1950 illud
722 1874 1130 1968 intelligendum
1159 1918 1171 1952 :
1209 1917 1226 1949 ι
1255 1898 1318 1951 Et
1349 1897 1450 1952 fuit
1484 1914 1706 1970 vespera
1739 1909 1791 1954 et
1823 1899 1922 1953 fuit
1947 1874 2105 1954 mane

2223 1899 2260 1950 ἰέ
2294 1898 2519 1968 ἑσπέρα,
2551 1899 2644 1950 καὶ
2671 1874 2893 1966 ἐγένετο
2917 1894 3057 1969 πρωῒ
3085 1896 3284 1967 ἡμέρα,
3313 1915 3330 1946 ι
3361 1893 3480 1957 πῶς
3513 1893 3616 1963 γὰρ
3644 1909 3742 1962 νεη-

547 1987 666 2044 dies
688 1991 756 2053 ",
799 2007 818 2040 ι
850 2005 973 2044 cum
1003 1991 1080 2045 sol
1114 1991 1350 2044 nondum
1375 1989 1568 2046 esset?

615 2083 772 2135 lisse.
807 2080 920 2136 Fiat
949 2082 1061 2146 lux,
1094 2082 1228 2136 dixit
1259 2081 1420 2147 Deus,
1446 2089 1502 2137 et
1541 2082 1680 2136 facta
1706 2093 1802 2137 est.
1829 2083 1923 2136 Illa
1945 2083 2110 2153 igitur

549 2183 689 2236 erat,
719 2189 840 2242 quae
883 2173 1254 2243 distinguebat
1284 2173 1426 2227 diem
1474 2189 1540 2230 ac
1580 2184 1814 2231 noctem.
1860 2173 1926 2227 Et
1974 2173 2111 2228 dixit

552 2263 715 2329 Deus,
747 2283 763 2314 ι
794 2263 911 2318 Fiat
943 2265 1056 2327 lux,
1080 2274 1130 2320 et
1154 2264 1291 2319 facta
1316 2275 1450 2320 est.»
1481 2265 1598 2320 Lux
1631 2267 1719 2319 ilia
1751 2283 1858 2320 non
1886 2272 1968 2321 est
1993 2265 2106 2320 sol:

551 2356 730 2424 qualis
758 2371 885 2410 vero
915 2356 1004 2410 lux
1032 2356 1123 2419 sit,
1151 2355 1298 2409 audi.
1328 2355 1422 2410 Est
1445 2357 1561 2412 haec
1585 2357 1675 2410 lux
1707 2357 1796 2409 illa
1827 2358 2110 2422 matutina,

553 2461 673 2515 qua:
706 2447 950 2500 exoritur
975 2447 1214 2500 diluculo
1265 2453 1318 2501 et
1365 2445 1626 2500 mundum
1667 2446 1922 2513 illustrat,
1964 2457 2114 2502 ante-

553 2551 718 2607 quam
765 2538 846 2591 sol
889 2538 1117 2591 oriatur.
1147 2536 1256 2592 Nec
1281 2537 1474 2606 aliquis
1501 2545 1672 2608 putet,
1697 2538 1840 2606 quod
1863 2537 1994 2599 solis
2028 2538 2116 2593 hic

557 2628 815 2698 splendor
837 2629 907 2682 sit
931 2628 1022 2696 qui
1048 2627 1219 2682 solem
1270 2627 1608 2698 prazveniens
1657 2627 1839 2682 statim
1875 2627 2019 2682 lucet
2063 2635 2116 2680 et

559 2716 821 2770 mundum
856 2716 1129 2784 illustrat;
1168 2717 1261 2771 sed
1292 2717 1396 2770 hoc
1444 2715 1577 2770 illud
1622 2715 1800 2786 ipsum
1843 2726 1926 2772 est
1972 2714 2116 2785 quod

559 2808 692 2862 dicit
718 2808 1000 2878 Scriptura
1051 2825 1064 2860 :
1109 2827 1127 2860 ι
1158 2809 1224 2862 Et
1254 2808 1392 2862 dixit
1420 2807 1595 2864 Deus:
1637 2806 1756 2861 Fiat
1789 2809 1902 2871 lux,
1935 2815 1988 2862 et
2037 2807 2116 2861 fa-

559 2907 647 2954 cta
685 2908 766 2953 est
796 2899 1000 2954 lux".t
1041 2899 1166 2956 Hmc
1217 2899 1310 2954 lux
1340 2914 1531 2970 magna
1576 2905 1628 2954 et
1682 2897 2116 2967 splendidissima

561 3007 684 3046 cum
719 3000 886 3059 esset,
921 2993 1106 3047 divisit
1134 3007 1253 3048 eam
1283 2990 1426 3047 Deus
1465 2993 1521 3046 in
1549 2990 1838 3046 luminaria
1883 2991 1996 3056 illa,
2029 3005 2119 3048 εο-

561 3085 668 3140 lem
699 3092 753 3140 et
785 3085 993 3150 lunam,
1031 3095 1084 3140 et
1113 3085 1343 3155 reliqua.

633 3259 745 3331 (85)
781 3261 1005 3326 Quss'r.
1033 3260 1118 3316 ιι.
1151 3260 1293 3327 Quid
1327 3267 1409 3317 est
1439 3260 1582 3332 quod
1615 3260 1789 3330 inquit
1829 3279 1842 3316 :
1875 3279 1894 3312 ι
1925 3259 2046 3315 Sint
2066 3261 2120 3316 in

563 3351 720 3423 signa
753 3360 808 3408 et
853 3361 1115 3423 tempora,
1148 3362 1201 3408 et
1227 3353 1344 3409 dies
1375 3361 1428 3409 et
1451 3354 1726 3408 annos"?
1750 3373 1768 3404 ι

634 3443 795 3499 Βεερ.
850 3443 1016 3516 Signa
1063 3451 1243 3510 vocat,
1299 3444 1367 3498 ad
1407 3445 1840 3515 cognoscendum
1869 3444 2126 3500 sementis

565 3535 846 3601 faciendae,
880 3536 1076 3592 messis
1105 3545 1159 3592 et
1203 3536 1486 3592 vindemia:
1517 3537 1995 3607 opportunitatem,
2020 3551 2127 3606 quo

565 3637 806 3695 tempore
858 3628 1233 3699 plantandum,
1285 3638 1339 3701 et
1383 3629 1529 3702 ligna
1591 3628 1808 3698 quando
1850 3627 2125 3685 caedenda.

566 3715 700 3771 Nam
725 3719 928 3788 qumvis
961 3728 1254 3789 tempestas
1289 3720 1560 3788 peculiare
1583 3719 1745 3774 habet
1791 3734 1949 3790 opus.
1985 3717 2130 3783 Qua-

571 3820 692 3866 tuor
742 3827 975 3881 namque
1035 3809 1382 3882 tempestates
1422 3811 1586 3866 habet
1639 3827 1836 3878 annus,
1894 3826 2127 3882 quarum

569 3921 798 3976 quaeque
837 3919 996 3958 suum
1027 3920 1164 3974 opus
1190 3905 1368 3959 habet.

631 3995 741 4065 (86)
765 3995 981 4060 Qumsr.
1008 3995 1113 4050 ιιι.
1140 3995 1318 4061 Quare
1354 3995 1564 4065 plantas
1589 3996 1804 4066 quidem
1829 4003 1952 4052 ante
1973 3996 2134 4069 lumi-

571 4089 723 4141 naria
751 4089 952 4142 creavit
976 4087 1137 4152 Deus,
1168 4088 1421 4142 animalia
1451 4103 1579 4144 vero
1607 4090 1764 4158 post?

641 4177 804 4234 Rasr.
831 4179 1120 4249 Propterea
1157 4179 1302 4250 quod
1349 4181 1545 4250 planta:
1569 4189 1696 4234 sunt
1725 4181 2054 4244 inanimatae,
2084 4188 2137 4236 et

574 4286 683 4325 non
707 4269 904 4323 habent
933 4271 1122 4325 oculos
1148 4311 1163 4336 ,
1193 4278 1428 4340 suntque
1452 4280 1646 4325 creata).
1676 4283 1800 4327 ante
1826 4273 2133 4328 luminaria.

577 4360 926 4430 Splendorem
964 4360 1109 4414 enim
1159 4361 1296 4415 lucis
1341 4361 1647 4430 portabant,
1684 4369 1804 4430 post
1852 4362 2137 4418 luminaria

575 4467 702 4506 vero
730 4451 947 4505 tandem
981 4451 1236 4505 animalia
1260 4461 1439 4507 creata
1470 4461 1613 4508 sunt.
1636 4451 1768 4506 Nam
1793 4453 1965 4507 lucem
1994 4454 2138 4508 illam

2206 1990 2358 2054 τέονς
2388 1989 2541 2042 οὔπω
2562 1989 2670 2061 γὰρ
2698 1989 2870 2060 ἥλιος.

2291 2079 2478 2132 Ἂπὸκ.
2508 2079 2580 2131 Τὸ
2611 2078 2724 2147 φῶς
2756 2075 2906 2131 εἶπεν
2937 2079 2965 2130 6
2996 2077 3147 2141 Θεὸς,
3187 2077 3280 2130 καὶ
3308 2077 3544 2145 ἐγένετο.
3571 2077 3744 2128 Ἐκεῖνο

2209 2166 2299 2225 οὖν
2328 2166 2393 2240 ἦν
2425 2171 2485 2222 τὸ
2505 2169 2822 2241 διαχωρίζον
2853 2169 2950 2240 τὴν
2981 2168 3190 2240 ἡμέραν
3214 2169 3306 2221 καὶ
3335 2169 3432 2238 τὴν
3464 2167 3645 2219 νύκτα.
3659 2169 3746 2219 Καὶ

2211 2259 2361 2314 εἶπεν
2389 2263 2416 2314 6
2435 2261 2586 2324 Θεὸς,
2615 2262 2697 2315 ὅτι
2729 2280 2747 2314 ι
2769 2260 3055 2331 Γενηθήτω
3083 2259 3215 2327 φῶς,
3241 2259 3332 2312 καὶ
3359 2258 3572 2326 ἐγένετο
3594 2259 3710 2325 φῶς.
3730 2279 3744 2307 ι

2211 2352 2382 2406 Τοῦτο
2411 2355 2509 2406 οὐκ
2541 2353 2686 2406 ἔστιν
2729 2353 2907 2425 ἥλιοςο
2939 2355 3090 2405 ποῖον
3124 2352 3180 2404 δέ
3217 2355 3330 2404 ἐστι
3359 2352 3517 2404 τοῦτο
3548 2354 3607 2403 τὸ
3640 2352 3748 2420 φῶς,

2213 2445 2464 2499 ἄκουσον.
2507 2444 2676 2497 Τοῦτο
2713 2444 2774 2498 τὸ
2801 2443 2914 2514 φῶς
2939 2445 3054 2496 ἐστι
3079 2444 3140 2496 τὸ
3171 2443 3427 2514 πρωῖνὸν,
3474 2443 3611 2513 ὅπερ
3650 2445 3751 2495 ἁνα-

2213 2536 2386 2591 τέλλει
2423 2536 2515 2589 καὶ
2552 2535 2774 2604 φωτίζει
2807 2537 2897 2590 τὸν
2927 2536 3126 2606 κόσμον
3160 2536 3266 2588 ἀπὸ
3299 2535 3440 2606 πρωῒ
3483 2536 3613 2604 πρὶν
3641 2535 3750 2590 ἀνσ-

2212 2628 2382 2682 τεῖλαι
2413 2629 2503 2682 τὸν
2535 2629 2704 2698 ἦλιον.
2765 2629 2873 2682 Καὶ
2913 2629 3096 2700 μηδεὶς
3137 2628 3353 2702 νομίσῃ,
3387 2630 3467 2681 ὅτι
3501 2627 3594 2682 τοῦ
3631 2628 3753 2698 ήλίσδ

2215 2719 2331 2772 ἐστὶ
2382 2719 2441 2772 τὸ
2475 2719 2675 2788 φέγγος
2708 2721 2900 2783 ἐκεῖνο,
2936 2720 3070 2790 ὅπερ
3108 2717 3333 2786 αὐγάζει
3381 2720 3516 2790 ταχὺ
3557 2718 3648 2774 καὶ
3672 2736 3756 2786 φω-

2215 2811 2350 2876 τίζει
2374 2812 2462 2865 τὸν
2479 2813 2681 2882 κόσμον
2714 2813 2842 2884 πρὶν
2864 2811 2954 2866 τοῦ
2974 2813 3121 2883 ἡλίου
3148 2828 3160 2841 ·
3193 2812 3305 2866 ἀλλ’
3328 2812 3458 2866 αὑτό
3486 2813 3632 2864 ἐστιν
3649 2813 3758 2881 ὅπερ

2216 2902 2420 2974 λέγειή
2453 2904 2673 2975 Γραφή·
2714 2922 2732 2955 ι
2770 2903 2881 2958 Καὶ
2911 2899 3062 2958 εἶπεν
3090 2906 3117 2958 6
3149 2904 3279 2967 Θεός
3299 2921 3311 2934 ο
3346 2903 3628 2975 Γενηθήτω
3646 2902 3757 2969 φῶς,

2218 2996 2312 3048 καὶ
2345 2995 2558 3064 ἐγένετο
2585 2995 2717 3064 φῶς.
2745 3015 2764 3048 ι
2791 2996 2958 3050 Τοῦτο
2989 2998 3049 3052 τὸ
3077 2998 3190 3065 φῶς
3217 2999 3347 3052 πολὺ
3377 2997 3470 3050 καὶ
3514 2997 3761 3066 ὑπέρλαμ-

2220 3101 2356 3156 προν
2393 3084 2654 3156 ὑπάρχον,
2689 3084 2809 3138 τότε
2839 3085 3030 3139 διεῖλεν
3053 3087 3181 3139 αὐτὸ
3213 3089 3240 3140 6
3262 3087 3392 3150 Θεὸς
3425 3088 3504 3150 είς
3533 3088 3652 3148 τοὺς
3674 3103 3764 3153 φω-

2147 3201 2192 3260 c
2224 3178 2448 3248 στῆρας,
2489 3176 2580 3228 τόν
2606 3192 2664 3228 τε
2691 3175 2840 3246 ἥλιον
2875 3177 2968 3232 καὶ
2993 3177 3090 3250 τὴν
3123 3176 3351 3248 σελήνην
3388 3178 3482 3229 καὶ
3515 3176 3582 3228 τά
3608 3175 3759 3228 λοιπά.

2307 3267 2498 3340 Ἐρώτ.
2533 3267 2631 3320 να’.
2656 3268 2720 3320 Τί
2748 3267 2917 3336 λέγει,
2948 3270 3028 3321 ὅτι
3050 3270 3362 3322 «Ἔστωσαν
3379 3271 3458 3332 είς
3477 3271 3671 3339 σημεῖα
3692 3268 3763 3318 καὶ

2222 3360 2302 3422 είς
2332 3361 2578 3430 καιροὺς,
2613 3360 2706 3413 καὶ
2736 3360 2952 3432 ἡμέρας
2979 3362 3072 3424 καὶ
3102 3361 3410 3426 ἐνιαυτούς
3453 3380 3470 3412 ι

2305 3450 2492 3504 Ἀπόκ.
2517 3451 2721 3522 Σημεῖα
2747 3451 2900 3504 καλεῖ
2929 3451 2988 3504 τὸ
3019 3451 3213 3505 εἰδέναι
3256 3453 3456 3525 σπόρου
3486 3452 3670 3522 καιρὸν
3692 3450 3765 3502 καὶ

2227 3541 2437 3611 θέρους,
2494 3542 2586 3594 καλ⁵
2615 3539 2906 3612 τρυγητοῦ,
2945 3542 3004 3596 τὸ
3044 3542 3300 3612 φυτεῦσαι
3339 3547 3396 3596 ἐν
3429 3544 3569 3613 ποίῳ
3597 3541 3764 3613 καιρῷ,

2228 3633 2357 3685 πότε
2413 3631 2565 3696 ξύλον
2610 3636 2811 3703 τεμεῖν.
2852 3633 3120 3698 Ἕκαστος
3165 3633 3273 3705 γάρ
3312 3633 3499 3705 καιρὸς
3542 3635 3650 3704 ἔχει
3689 3635 3767 3701 τὴν

2232 3724 2364 3778 ἰδίαν
2405 3724 2683 3795 ἐργασίαν.
2736 3723 3018 3802 Τέσσαρας
3049 3725 3158 3795 γὰρ
3204 3725 3313 3796 ἔχει
3347 3725 3574 3795 καιροὺς
3624 3724 3768 3794 ὁχρὸο

2230 3833 2346 3880 νος·
2381 3815 2610 3880 ἕκαστος
2641 3816 2698 3869 δὲ
2730 3816 2919 3888 καιρὸς
2941 3815 3052 3886 ἔχει
3084 3816 3181 3888 τὴν
3211 3817 3345 3871 ίδίαν
3375 3817 3634 3888 ἐργασίαν
3679 3811 3685 3818 ’

2247 4049 2252 4052 .
2313 3994 2503 4068 Ἐρώτ.
2531 3996 2626 4067 νβ’.
2651 3996 2749 4051 Διὰ
2773 3996 2830 4051 τί
2852 3997 2920 4052 τὰ
2949 3997 3047 4070 μὲν
3067 3995 3208 4067 φυτὰ
3237 3996 3342 4070 πρὸ
3365 3995 3474 4052 τῶν
3497 3998 3770 4068 (pain-ipim

2233 4089 2532 4161 ἐποίησενό
2564 4087 2716 4152 Θεὸς,
2745 4088 2814 4142 τὰ
2841 4089 2896 4142 δέ
2929 4088 3042 4153 ζῶα
3073 4088 3208 4159 μετὰ
3240 4088 3412 4141 ταῦτα
3438 4106 3452 4153 ;

2318 4181 2502 4234 Ἀπόκ.
2533 4180 2674 4232 Διότι
2709 4179 2777 4233 τὰ
2815 4181 2911 4251 μέν
2955 4183 3098 4250 φυτά
3134 4181 3270 4233 εἰσιν
3295 4179 3498 4249 ἄψυχα,
3548 4181 3638 4232 καὶ
3675 4178 3771 4230 οὒτε

2235 4273 2545 4344 ὀφθαλμοὺς
2582 4272 2781 4342 έχουσι,
2819 4273 2912 4327 καὶ
2953 4273 3278 4345 ἐκτίσθησαν
3310 4274 3412 4344 πρὸ
3442 4271 3549 4325 τῶν
3582 4272 3770 4340 φωστήσ

2239 4382 2375 4439 ρων⁸
2421 4364 2714 4427 ἐϐάσταζον
2763 4364 2871 4437 γάρ
2914 4364 3008 4418 τοῦ
3051 4365 3225 4433 φωτὸς
3267 4365 3364 4436 τὴν
3410 4364 3770 4434 λαμπρότητι·

2243 4453 2377 4525 μετὰ
2405 4454 2460 4506 δέ
2508 4456 2633 4518 τοὺς
2665 4456 2954 4526 φωστῆρας
3000 4454 3219 4526 ὕστερον
3256 4455 3500 4524 ἐγένοντο
3539 4454 3604 4506 τά
3644 4452 3740 4518 ζῶα
3762 4467 3773 4479 ’

574 4558 824 4612 magnam
853 4559 1013 4612 quam
1054 4541 1196 4599 Deus
1237 4543 1454 4604 fecerat.
1489 4545 1542 4598 in
1581 4545 1868 4598 luminaria
1901 4545 2084 4600 divisit
2122 4566 2129 4601 :

2239 4546 2424 4617 ἐπειδὴ
2456 4546 2708 4618 ἐμέρισεν
2733 4550 2761 4601 6
2795 4547 2927 4610 Θεὸς
2957 4548 3016 4600 τὸ
3038 4546 3152 4616 φῶς
3178 4545 3240 4598 τὸ
3270 4546 3482 4616 πρῶτον
3519 4545 3579 4597 τὸ
3607 4541 3776 4614 μέγαὸ

574 4650 694 4704 qua:
723 4635 814 4688 lux
855 4635 982 4688 hinc
1013 4634 1136 4690 inde
1166 4636 1431 4706 dispersa,
1471 4638 1811 4706 aliquatenus
1841 4646 1923 4691 est
1959 4638 2138 4692 immi-

575 4735 707 4781 nuta
737 4746 750 4782 :
787 4727 930 4797 quod
958 4727 1062 4782 nisi
1086 4727 1288 4782 factum
1322 4728 1512 4784 fuisset
1550 4744 1656 4783 non
1685 4729 1988 4798 potuissent
2023 4729 2139 4783 ani-

577 4817 735 4870 uitalia
799 4818 1068 4873 sustinere
1123 4833 1377 4888 magnum
1428 4817 1624 4886 jubar,
1686 4823 1739 4870 et
1799 4816 2138 4884 splendorem

574 4909 744 4963 totius
799 4909 939 4978 ignis
997 4909 1290 4978 ejusmodi.
1349 4909 1526 4978 Atque
1577 4909 1739 4976 hujus
1790 4908 2004 4978 quidem
2060 4908 2138 4962 rei

577 5001 748 5070 gratia
781 5010 1052 5070 postremo
1081 5010 1209 5056 sunt
1239 5002 1492 5056 animalia
1513 5011 1715 5065 creata,
1739 5011 1796 5055 ut
1835 5000 1977 5055 illius
1999 5000 2139 5071 ignis

577 5091 923 5162 splendorem
956 5093 1197 5161 perferre
1219 5100 1462 5163 possent.

648 5183 868 5248 Quucsr.
911 5183 1040 5237 Llll.
1079 5185 1256 5250 Quare
1287 5185 1428 5240 Deus
1467 5201 1590 5239 cum
1625 5200 1690 5238 ex
1727 5189 1870 5237 terra
1897 5181 2141 5237 tinxisset

576 5272 872 5336 hominem,
907 5289 1015 5328 non
1039 5277 1200 5330 etiam
1232 5275 1383 5329 finxit
1417 5273 1714 5339 Evam,sed
1738 5289 1856 5328 eam
1895 5271 2145 5326 formavit

577 5379 640 5418 ex
669 5365 787 5432 ejus
817 5367 1006 5420 costa?

649 5454 809 5511 RESP.
835 5457 910 5512 Ne
930 5458 1188 5516 haberent
1215 5462 1553 5516 occasionem
1577 5459 1810 5526 dicendi,
1852 5456 1994 5512 aliud
2025 5470 2145 5510 esse

651 5633 695 5662 "
733 5633 868 5688 Gen.
907 5650 944 5699 I,
979 5636 1031 5688 9.
1106 5638 1148 5669 '”
1191 5639 1321 5694 ibid.
1356 5638 1408 5693 5.
1484 5639 1528 5668 ⁷³
1571 5636 1699 5692 ibid.
1732 5634 1786 5690 6.
1864 5634 1908 5665 ⁷³
1949 5632 2081 5689 ibid.
2123 5632 2203 5688 Η.

653 5809 764 5878 (85)
804 5807 931 5865 Vule
961 5810 1160 5876 Quaest.
1204 5812 1262 5867 I3
1295 5813 1497 5867 Thcoi.
1535 5816 1581 5864 in
1626 5813 1805 5866 Cenes.

2220 4637 2494 4722 ,ἐποίησεν
2527 4641 2605 4702 εἰς
2645 4641 2770 4702 τοὺς
2800 4639 3113 4712 φωστῆρας,
3148 4639 3239 4690 καὶ
3266 4637 3673 4708 διεσκορπίσθη,
3704 4634 3777 4687 καὶ

2242 4730 2456 4797 ἐγένετο
2480 4731 2856 4802 ἐλαφρότερον·
2891 4733 2939 4783 εί
2975 4733 3046 4801 μὴ
3095 4731 3201 4802 γὰρ
3241 4728 3412 4792 οὕτως
3448 4729 3677 4796 ἐγένετο,
3698 4727 3776 4778 οὐκ

2241 4821 2470 4892 ἠδύνατο
2493 4822 2561 4874 τὰ
2593 4821 2704 4886 ζῶα
2734 4823 3022 4894 ὑποφέρειν
3051 4821 3145 4893 τὴν
3176 4820 3370 4891 πολλὴν
3404 4821 3683 4891 ἀστραπὴν
3704 4816 3776 4869 καὶ

2242 4913 2337 4984 τὴν
2366 4913 2722 4983 λαμπρότητα
2774 4913 2893 4966 ὅλου
2942 4913 3033 4966 τοῦ
3089 4912 3258 4983 πυρὸς
3294 4911 3519 4964 ἐκείνου.
3582 4911 3683 4963 Καὶ
3708 4906 3777 4959 διὰ

2241 5001 2398 5055 τοῦτο
2427 5002 2672 5070 ἐγένοντο
2722 5002 2946 5074 ὕστερον
2977 5001 3043 5054 τὰ
3075 5000 3206 5066 ζῶα,
3236 5001 3384 5061 ὅπως
3420 4998 3675 5052 δύνωνται
3702 4993 3778 5048 σέ·

2246 5107 2360 5166 ρειν
2390 5093 2484 5146 τοῦ
2513 5094 2682 5163 πυρὸς
2709 5094 2805 5164 τὴν
2835 5093 3210 5164 λαμπρότητα.

2322 5184 2511 5256 Ἐρώτ.
2545 5192 2642 5253 νγθ.
2667 5185 2762 5237 Διὰ
2783 5184 2834 5237 τί
2865 5187 2892 5238 6
2924 5184 3054 5247 Θεὸς
3082 5183 3289 5245 πλάσας
3322 5181 3413 5234 τὸν
3443 5179 3710 5250 ἄνθρωπον
3727 5175 3778 5224 ἐκ

2242 5274 2477 5344 τῆςγῆς,
2503 5273 2602 5326 οὐκ
2628 5274 2826 5326 ἔπλασε
2850 5274 2942 5326 καὶ
2964 5273 3056 5344 τὴν
3085 5271 3250 5326 Εὔαν.
3283 5271 3394 5324 ἀλλ’
3424 5273 3487 5324 ἐκ
3523 5271 3614 5339 τῆς
3643 5266 3778 5319 πλευ-

2249 5367 2345 5437 ρᾶς
2379 5365 2541 5419 αὑτοῦ
2574 5365 2803 5418 ἔπλασεν
2829 5365 3028 5436 αὐτήν;

2329 5458 2514 5511 Ἀπόκ.
2532 5458 2647 5513 Ἵνα
2672 5457 2746 5529 μὴ
2774 5457 2966 5528 ἔχωσιν
2991 5456 3242 5527 ἀφορμὴν
3268 5455 3468 5524 λέγειν,
3497 5454 3572 5506 ὃτι
3597 5448 3706 5489 ⁸³³⁸
3731 5442 3772 5475 ’³

2305 5807 2415 5878 (86)
2444 5805 2768 5860 Theodoreti
2805 5804 2985 5868 Qumst
3035 5799 3102 5854 16
3131 5800 3182 5852 iu
3219 5797 3398 5852 Cenes.
