4088 6382
324 377 426 434 7'55

322 600 409 637 σον
433 579 502 654 ἦν
527 581 590 634 16
622 581 784 652 χῶμα
820 581 849 634 6
882 581 1084 635 ἔπλασε
1111 583 1201 635 16v
1244 583 1432 654 Ἀδὰμ,
1474 587 1568 638 καὶ
1589 585 1650 650 ἐξ
1681 587 1888 640 ἐκείνου

319 672 453 726 εἰσὶν
489 673 540 724 οἰ
574 671 730 724 καλοί⁵
773 671 866 724 καὶ
918 671 1162 742 ἐνάρετοι
1207 671 1512 743 ἄνθρωποι⁹
1563 675 1669 727 ἀπὸ
1696 675 1753 728 δὲ
1790 675 1888 746 τῆς

321 763 459 828 Εὔας
490 764 630 835 εἰσὶν
661 765 710 816 οἱ
760 763 920 817 κακοί
951 765 1044 816 καὶ
1076 765 1320 835 πονηροὶ,
1350 765 1444 818 καὶ
1486 769 1533 819 οἰ
1569 767 1770 821 σκολιοὶ
1797 767 1889 820 ἄν·

328 858 542 928 θρωποι.
560 855 662 921 Διὰ
677 855 836 908 τοῦτο
861 854 1092 909 ἔπλασεν
1119 856 1316 920 αὐτοὺς
1335 859 1362 910 6
1382 857 1512 921 Θεὸς
1547 858 1605 924 ἐξ
1636 859 1752 923 ἐνὸς
1783 858 1888 930 χώ-

327 965 504 1020 setas.

397 1037 585 1109 Ἐρώτ.
611 1039 704 1093 νδ’.
732 1038 830 1092 Διὰ
861 1039 932 1103 τί,
955 1039 1028 1101 ὡς
1062 1037 1177 1091 ἐστι
1209 1041 1460 1110 κρεῖσσον
1509 1039 1601 1093 καὶ
1651 1041 1886 1112 παραδο-

326 1129 528 1201 ξότερον
559 1129 772 1200 ποίημα
799 1128 892 1182 τοῦ
921 1128 1054 1182 Θεοῦ
1097 1131 1124 1183 6
1155 1129 1439 1200 ἄνθρωπος
1485 1129 1734 1200 (βασιλέα
1777 1131 1885 1203 γὰρ

325 1222 473 1274 αὐτὸν
502 1222 798 1293 πεποίηκεν
835 1223 926 1274 ἐπὶ
953 1220 1053 1291 τῆς
1095 1221 1219 1290 γῆς,
1263 1221 1359 1275 καὶ
1401 1223 1522 1275 κατ’
1555 1223 1737 1276 εἰκόνα
1790 1224 1884 1276 καὶ

324 1314 434 1368 καθ’
460 1313 718 1385 ὁμοίωσιν
754 1313 917 1368 αὐτοῦ
950 1313 1202 1385 ἐποίησεν
1241 1314 1466 1386 αὑτὸν),
1499 1314 1619 1378 πῶς
1654 1315 1883 1370 ἔπλασεν

322 1406 474 1460 αὑτὸν
503 1409 532 1459 6
571 1407 705 1469 Θεὸς
735 1405 961 1478 ὕστερον
995 1406 1239 1472 πάντωνς

393 1497 579 1568 ’ᾼπόιι
599 1495 818 1568 Ἐπειδὴ
849 1495 1035 1568 ὥσπερ
1061 1495 1330 1566 βασιλεὺς,
1360 1496 1488 1550 ὅταν
1516 1497 1694 1568 μέλλει
1715 1497 1883 1551 ἀπελ-

320 1563 436 1640 θεῖιῗ
452 1587 510 1640 ὲν
551 1586 704 1639 πόλει
733 1588 860 1653 τινὶ,
903 1587 1116 1658 πρῶτον
1146 1588 1753 1657 εὐτρεπίζουσιν,αὑτοῦ
1786 1592 1881 1664 τὴν

318 1675 649 1746 ἑτοιμασίαν,
701 1675 798 1728 καὶ
844 1673 1345 1740 κατασκευάζοντες
1385 1675 1546 1729 αὐτοῦ
1583 1678 1682 1748 τὴν
1713 1677 1881 1745 δωρο-

317 1765 526 1836 φορίαν,
559 1766 654 1817 καὶ
686 1767 866 1820 πᾶσαν
899 1765 1061 1820 αὑτοῦ
1115 1766 1212 1836 τὴν
1261 1765 1564 1836 ὑπηρεσίαν
1611 1767 1702 1820 καὶ
1751 1769 1880 1822 ἀνά-

1572 377 2269 436 INTERPRETATIONES
2302 380 2388 434 EX
2431 379 2496 434 ν.
2531 379 2602 436 Τ.

322 491 478 565 χῶμά
504 492 620 544 ἐστι
649 489 744 543 τοῦ
779 490 1075 560 Ἀδὰμ,καὶ
1106 490 1233 544 ἄλλο
1259 491 1360 560 τῆς
1380 490 1554 556 Εὔας·
1583 495 1678 548 καὶ
1711 498 1872 566 κρεῖσ·

1995 497 2164 550 lutum
2212 495 2362 560 Adae,
2405 501 2460 550 et
2502 493 2647 548 aliud
2688 491 2813 548 Eva:
2860 509 2874 544 :

3460 379 3568 434 ’154

2924 498 2977 548 et
3016 491 3189 546 lutum
3239 492 3403 563 266
3432 492 3567 548 Adae

1991 589 2339 659 praestantius
2380 603 2522 651 esse,
2568 586 2822 657 quodque
2870 601 2934 640 ex
2986 584 3089 655 hoc
3130 585 3256 638 boni
3303 592 3357 638 et
3407 586 3562 654 probi

1989 679 2269 744 homines,
2328 695 2393 734 ex
2442 679 2550 733 Eva
2602 693 2730 732 vero
2801 675 2912 731 sint
2971 676 3138 740 mali,
3214 677 3452 745 perversi
3509 685 3564 730 et

1989 773 2164 842 pravi.
2217 771 2342 828 ldco
2386 771 2516 839 fecit
2559 783 2653 825 eos
2683 767 2827 841 Deus
2857 783 2924 823 ex
2955 783 3062 840 uno
3104 766 3404 836 eodemque
3446 767 3560 822 luto

1990 875 2165 922 terrae.
2203 929 2235 961 .

2059 1044 2280 1113 QUEST.
2308 1040 2443 1098 LIV.
2474 1040 2610 1116 Cum
2641 1039 2988 1111 praestantius
3017 1045 3071 1092 et
3101 1036 3405 1091 mirabilius
3433 1036 3558 1105 opi-

1987 1132 2168 1187 ﬁcium
2204 1133 2297 1187 Dei
2324 1133 2394 1188 sit
2433 1131 2594 1186 homo
2625 1132 2825 1202 (regem
2868 1129 3009 1184 enim
3037 1129 3210 1196 ipsum
3239 1135 3397 1181 terra:
3424 1141 3558 1179 con-

1986 1225 2162 1280 stituit
2237 1231 2291 1279 et
2344 1223 2642 1278 secundum
2698 1223 2986 1292 imaginem
3043 1217 3556 1287 similitudinemque

1984 1328 2137 1370 suam
2167 1313 2370 1370 creavit
2393 1312 2613 1384 ipsum),
2642 1327 2740 1367 cur
2778 1312 3016 1367 omnium
3043 1319 3372 1381 postremum
3395 1323 3550 1364 crea-

1983 1407 2062 1462 vit
2090 1422 2214 1461 eum
2246 1406 2425 1460 Deus?

2053 1497 2215 1553 Raso.
2271 1495 2736 1563 Quemadmodum
2793 1511 2886 1550 rex
2946 1494 3164 1566 quando
3213 1494 3268 1548 in
3313 1494 3548 1564 aliquam

1983 1588 2172 1644 urbem
2223 1589 2556 1644 adventurus
2598 1588 2820 1652 dicitur,
2869 1587 3104 1658 primum
3155 1600 3370 1640 omnem
3427 1585 3548 1651 ejus

1982 1690 2299 1751 apparatum
2355 1680 2653 1742 instruunt,
2700 1688 2952 1749 parantes
3007 1678 3148 1731 dona
3201 1693 3321 1747 quae
3369 1675 3550 1731 conte

1983 1779 2126 1836 rant,
2189 1781 2242 1826 et
2295 1778 2467 1824 totum
2529 1771 2844 1826 satellitium
2889 1777 2944 1825 et
2977 1767 3306 1838 hospitium,
3333 1783 3396 1822 ac
3431 1775 3546 1820 tum

315 1845 528 1920 παυσιν,
557 1858 694 1928 μετὰ
723 1857 880 1911 τοῦτο
906 1858 961 1910 δὲ
986 1857 1343 1930 παραγίνεται
1372 1860 1400 1911 6
1429 1858 1678 1928 βασιλεὺς
1699 1901 1712 1924 ,
1740 1859 1872 1913 οὕτω

1979 1861 2196 1916 demum
2255 1859 2473 1914 advenit
2520 1875 2662 1914 rex:
2723 1860 2788 1914 ad
2840 1859 3089 1913 eumdem
3142 1858 3363 1911 modum
3421 1870 3546 1909 cum

315 1950 494 2017 γέγονε
508 1949 601 2002 καὶ
614 1950 710 2002 ἐπὶ
725 1949 818 2002 τοῦ
833 1948 1136 2020 ἀνθρώπου.
1151 1948 1372 2020 Πρῶτον
1386 1951 1692 2020 ἐφρόντισεν
1711 1953 1739 2004 6
1749 1950 1879 2014 Θεὸς

317 2042 381 2095 τὰ
410 2043 506 2112 τῆς
538 2042 898 2106 ἀναπαύσεως
929 2041 1113 2106 αὐτοῦ,
1160 2042 1254 2094 καὶ
1286 2041 1574 2112 εἰργάσατο
1613 2042 1711 2114 τὴν
1745 2059 1876 2095 κατ-

312 2132 480 2185 οικίαν
526 2133 691 2186 αὑτοῦ
743 2133 836 2188 καί
868 2135 1047 2187 πᾶσαν
1091 2132 1187 2205 τὴν
1229 2133 1416 2204 χρείαν
1453 2134 1547 2202 καὶ
1575 2135 1876 2189 ἀνάπαυσιν

314 2223 495 2289 αὑτοῦ,
528 2226 618 2278 καὶ
653 2225 795 2296 μετὰ
825 2225 994 2282 ταῦτα
1019 2225 1249 2279 ἔπλασεν
1274 2226 1454 2280 αὐτόν.

390 2317 578 2388 Ἐρώτ.
596 2323 688 2371 γε’.
709 2317 774 2370 Τί
798 2319 912 2370 ἐστι
937 2317 998 2370 τό
1017 2335 1029 2348 ·
1055 2337 1073 2370 ι
1102 2319 1421 2390 Ποιήσωμεν
1445 2318 1724 2390 ἄνθρωπον
1755 2323 1875 2374 κατ’

311 2408 486 2460 εἰκόνα
522 2409 814 2480 ἡμετέραν,
853 2411 948 2463 καὶ
975 2411 1097 2463 καθ’
1125 2410 1418 2480 ὁμοίωσιν;
1457 2431 1475 2465 ι
1509 2413 1574 2466 Τί
1603 2413 1664 2466 τὸ
1700 2431 1718 2466 ι
1754 2413 1872 2468 κατ’

313 2497 520 2564 εἰκόνα;
557 2518 580 2551 ›
617 2499 712 2552 καὶ
743 2499 796 2552 τί
829 2499 889 2553 16
928 2517 948 2553 ι
975 2499 1097 2554 καθ’
1131 2501 1419 2571 ὁμοίωσιν;
1445 2521 1464 2554 ι

389 2674 570 2728 Ἀπόκ.
601 2676 715 2747 Οὐχ
749 2675 937 2748 ὥσπερ
970 2679 1018 2731 οἰ
1049 2678 1343 2750 ἄνθρωποι,
1365 2681 1536 2745 οὕτως
1564 2682 1657 2736 καὶ
1688 2685 1716 2737 6
1741 2685 1872 2748 Θεός

309 2765 448 2816 ἐστιν
484 2766 979 2840 άνθρωπόμορφος·
1005 2770 1183 2843 ἄπαγε
1207 2771 1220 2824 l
1261 2771 1420 2824 Ἀλλὰ
1450 2773 1510 2826 16
1535 2792 1554 2826 ‹
1585 2777 1706 2828 κατ’
1733 2777 1873 2829 εἰκό-

309 2872 369 2924 να
403 2875 421 2907 ι
452 2855 608 2925 τοῦτό
658 2860 808 2912 ἐστιν
825 2855 844 2890 ὀ
895 2860 1082 2931 ὥσπερ
1113 2861 1223 2932 γὰρ
1275 2865 1304 2916 6
1335 2863 1464 2936 Θεὸς
1515 2865 1784 2935 βασιλεύει
1815 2870 1872 2921 ἐν

308 2947 462 2998 παντὶ
484 2949 694 3019 κόσμῳ,
720 2950 816 3002 καί¹
844 2950 1017 3021 ἄρχει,
1050 2955 1142 3008 καὶ
1172 2953 1472 3019 ἐξουσιάζει
1500 2957 1716 3011 πάντων
1762 2957 1870 3013 τῶν

306 3035 359 3088 ἐν
380 3039 592 3110 οὐρανῷ
646 3043 742 3096 καὶ
769 3046 833 3114 τῇ
863 3047 932 3115 τῇ
954 3062 966 3075 ·
999 3045 1140 3098 οὕτω
1188 3047 1280 3100 καὶ
1312 3049 1340 3101 6
1377 3047 1659 3120 ἅνθρωπος
1690 3050 1870 3121 ἄρχων

1980 1953 2200 2008 homine
2228 1967 2445 2022 quoque
2488 1952 2688 2005 iactum
2721 1958 2826 2005 est.
2869 1949 3053 2004 Primo
3094 1947 3463 2002 habitaculum
3494 1945 3546 2001 ei

1978 2045 2291 2116 procuravit
2333 2044 2497 2110 Deus,
2546 2043 2780 2112 fecitque
2831 2041 3012 2096 sedem
3058 2039 3433 2102 habitationis,
3482 2053 3546 2094 ac

1975 2137 2042 2191 de
2071 2135 2324 2190 omnibus
2362 2133 2690 2192 necessariis
2729 2133 2780 2188 ei
2817 2134 3114 2197 nrosoexit,
3144 2139 3332 2202 postea
3367 2132 3544 2200 ipsum

1975 2231 2200 2285 creavit.

2045 2319 2157 2391 (b7)
2177 2319 2393 2386 qusr.
2415 2318 2523 2374 LV.
2551 2318 2690 2384 Quid
2709 2317 2839 2372 illud
2856 2328 2938 2372 est
2964 2336 2977 2372 :
3015 2337 3034 2368 ι
3057 2316 3347 2372 Faciamus
3369 2315 3545 2370 homi-

1976 2427 2099 2465 nem
2144 2412 2210 2465 ad
2246 2411 2533 2480 imaginem
2565 2417 2619 2464 et
2651 2407 3062 2464 similitudinem
3105 2416 3348 2462 nostram
3393 2406 3475 2460 7‘?
3518 2427 3537 2460 ι

1975 2503 2113 2570 Quid
2139 2509 2222 2557 est
2249 2521 2267 2554 ι
2301 2502 2368 2556 ad
2403 2501 2730 2572 imaginem?
2760 2521 2779 2553 ι
2813 2500 2876 2554 Et
2902 2499 3030 2570 quid
3063 2499 3217 2566 illud,
3245 2518 3264 2551 ι
3295 2499 3362 2554 ad
3391 2498 3543 2556 simi-

1973 2592 2296 2646 litudinem?
2328 2610 2346 2642 ι

2043 2682 2208 2739 Rssr.
2265 2681 2385 2737 Non
2425 2691 2509 2738 est
2537 2682 2699 2748 Deus,
2741 2683 2902 2738 sicuti
2950 2690 3081 2740 sunt
3127 2683 3394 2747 homines,
3440 2682 3543 2735 bu-

1972 2789 2188 2848 manam
2216 2774 2421 2830 habens
2445 2773 2669 2845 ﬁguram
2691 2792 2706 2841 ;
2738 2775 2911 2829 absit!
2965 2774 3068 2830 Sed
3088 2775 3231 2845 quod
3249 2774 3398 2837 dicit,
3423 2792 3443 2825 ι
3473 2773 3540 2827 ad

1971 2865 2259 2936 imaginem
2297 2879 2310 2916 :
2359 2884 2378 2916 ι
2430 2864 2533 2919 hoc
2572 2872 2676 2928 est,
2707 2865 2850 2918 sicut
2894 2865 2948 2918 in
2993 2873 3107 2920 toto
3149 2865 3352 2920 mundo
3396 2864 3540 2920 Deus

1970 2966 2177 3034 regnat,
2221 2957 2470 3026 imperat,
2507 2966 2559 3011 et
2609 2964 2931 3026 potestatem
2978 2966 3196 3012 exercet
3235 2961 3290 3011 in
3334 2959 3536 3023 omnia,

1969 3065 2089 3119 quae
2114 3050 2170 3103 in
2197 3049 2336 3104 cmlo
2370 3056 2496 3104 sunt
2524 3056 2578 3104 et
2603 3065 2722 3118 qua;
2749 3049 2804 3103 in
2837 3056 2981 3104 terra
3015 3068 3029 3116 ;
3061 3049 3140 3104 sic
3164 3049 3325 3104 etiam
3351 3049 3536 3112 homo,

307 3129 394 3181 καὶ
429 3129 683 3199 βασιλεὺς
709 3133 1010 3208 καθέστηκε
1039 3137 1256 3193 πάντων
1286 3139 1394 3194 τῶν
1426 3141 1684 3210 ἐπιγείων
1726 3157 1867 3213 πρα-

1972 3142 2222 3211 princeps
2265 3147 2320 3196 et
2356 3155 2452 3194 rex
2497 3140 2833 3196 constitutus
2880 3146 2964 3195 est
3015 3155 3181 3210 super
3218 3154 3406 3195 omnes
3450 3153 3539 3194 res

303 3222 540 3290 γμὰτων,
577 3226 671 3278 καὶ
708 3225 1069 3292 αὐτεξουσίως
1115 3228 1144 3281 ὃ
1183 3229 1428 3300 βούλεται
1458 3234 1704 3303 πράττει,
1740 3233 1872 3286 καθ-

1972 3225 2294 3298 terrestres,
2326 3238 2380 3286 et
2421 3231 2593 3286 libera
2629 3246 2728 3286 sua
2752 3233 3032 3286 voluntate
3068 3231 3200 3286 facit
3231 3230 3378 3302 quod
3421 3229 3538 3284 vult

303 3311 438 3383 άπερ
475 3316 571 3368 καὶ
620 3317 649 3368 6
681 3317 813 3382 Θεός
834 3335 848 3349 °
878 3321 971 3374 καὶ
1002 3320 1157 3375 τοῦτό
1185 3325 1300 3376 ἐστι
1329 3324 1392 3376 16
1427 3342 1445 3375 ι
1477 3327 1598 3377 κατ’
1625 3325 1824 3378 εἰκόνα.
1847 3343 1866 3376 ι

302 3403 370 3456 Τὸ
388 3404 443 3458 δὲ
476 3425 494 3458 ι
521 3407 647 3461 καθ’
678 3410 935 3475 ὁμοίωσίν
961 3433 979 3464 ι
1016 3415 1130 3468 ἐστι
1157 3416 1217 3468 16
1247 3416 1449 3484 ἀγαθὸν
1479 3418 1570 3470 καὶ
1600 3418 1866 3489 ἐνάρετον.

305 3495 504 3569 Ὠσπερ
533 3498 646 3571 γᾴρ
669 3501 697 3552 ὁ
723 3501 854 3566 Θεὸς
886 3505 1085 3572 ἀγαθός
1115 3508 1229 3560 ἐστι
1257 3509 1348 3561 καὶ
1369 3508 1630 3580 ἐλεήμων,
1664 3511 1757 3563 καὶ
1786 3508 1874 3562 εὖ·

303 3587 634 3661 σπλαγχνος,
671 3594 765 3647 καὶ
806 3595 1031 3660 δίκαιος,
1080 3600 1425 3670 μακρόθυμός
1468 3617 1524 3652 τε
1558 3601 1648 3654 καὶ
1678 3603 1868 3672 πρᾶος,

300 3679 638 3776 ἀγαπητικός
673 3703 732 3739 τε
745 3689 854 3776 ἔα).
891 3691 1200 3762 συμπαθὴς,
1245 3693 1518 3764 εἰρηνικός
1550 3710 1609 3746 τε
1641 3693 1732 3746 καὶ
1761 3695 1874 3746 ἐπι-

299 3771 463 3843 εικὴς,
498 3775 670 3829 ἐλεῶν
703 3771 798 3831 καὶ
823 3779 1036 3849 τρέφων
1069 3783 1276 3847 πάντας
1301 3783 1636 3854 ἀνθρώπους,
1666 3784 1759 3837 καὶ
1781 3785 1871 3836 ἐπὶ

299 3865 424 3917 πᾶσι
452 3866 514 3919 16
546 3867 754 3934 ἀγαθὸν
797 3870 1202 3946 ἐνδεικνύμενος
1224 3892 1237 3906 ’
1283 3875 1507 3946 τοιούτῳ
1540 3876 1724 3946 τρόπῳ
1761 3877 1872 3947 εἰρ-

299 3958 498 4026 γάσατο
531 3960 628 4012 καὶ
675 3960 876 4015 ἔπλασε
898 4003 914 4028 ,
968 3966 1061 4020 καὶ
1101 3966 1240 4020 θέλει
1272 3962 1411 4020 εἶναι
1446 3967 1536 4020 τὸν
1565 3966 1867 4040 ἄνθρωπον,

299 4046 379 4102 ἵνα
429 4050 578 4120 πάσῃ
633 4051 801 4122 ἀρετῇ
862 4052 1078 4127 ὑπάρχῃ
1122 4043 1715 4132 κατακεκοσμημένος,
1778 4058 1870 4109 καὶ

301 4144 662 4212 .....μιμείται
684 4141 802 4213 Θεῷ
826 4145 967 4198 κατὰ
985 4147 1046 4200 τὸ
1075 4147 1298 4203 δυνατὸν
1322 4148 1593 4222 ἀνθρώπῳ
1628 4151 1685 4205 ἐν
1719 4148 1866 4220 πάσῃ

299 4231 628 4306 ἀγαθοεργίᾳ
656 4235 751 4287 καὶ
778 4238 1088 4310 σεμνότητι.

371 4411 559 4483 Ἐρώτ.
591 4419 701 4477 νςν.
737 4412 855 4467 Τίνι
882 4416 910 4467 6
939 4413 1070 4478 Θεὸς
1108 4416 1326 4489 εἴρηκεο
1377 4437 1395 4469 ι
1420 4419 1741 4490 Ποιήσωμεν
1770 4417 1864 4471 ἄν·

1971 3324 2112 3379 sicut
2150 3324 2267 3395 ipse
2300 3321 2462 3376 Deus.
2497 3321 2562 3375 Et
2595 3323 2696 3377 hoc
2721 3331 2804 3377 est
2825 3323 2971 3392 quod
2994 3323 3214 3388 dicitur,
3255 3339 3274 3373 ι
3311 3321 3377 3375 ad
3405 3321 3541 3374 ima-

1971 3415 2170 3484 ginem.
2221 3433 2241 3466 ›
2283 3413 2436 3479 Quod
2471 3429 2598 3468 vero
2643 3432 2661 3465 ι
2704 3415 2770 3468 ad
2799 3414 3206 3469 similitudinem
3241 3434 3260 3466 ι
3315 3413 3535 3476 dicitur,

1968 3515 2052 3572 est
2086 3507 2176 3561 illa
2204 3506 2417 3561 bonitas
2447 3513 2499 3560 et
2525 3505 2760 3576 justitia.
2807 3505 2958 3561 Sicut
2985 3506 3129 3560 enim
3179 3505 3322 3559 Deus
3361 3505 3538 3559 bonus

1969 3605 2092 3661 cst,
2154 3597 2465 3659 miserator,
2512 3597 2870 3661 misericors,
2910 3596 3130 3664 justus,
3185 3596 3535 3664 mquanimis,

1969 3697 2305 3755 mansuetus,
2343 3697 2396 3744 et
2421 3689 2513 3759 qui
2541 3705 2641 3744 nos
2670 3697 2836 3754 amat,
2869 3698 2920 3742 et
2947 3689 3107 3742 nobis
3137 3688 3403 3750 condolet,
3436 3702 3536 3756 pa-

1969 3779 2178 3845 ciﬁcus,
2219 3787 2272 3834 et
2326 3779 2590 3849 placidus,
2630 3778 2724 3848 qui
2775 3779 2948 3832 nostri
2977 3777 3289 3840 miseretur,
3343 3783 3397 3830 et
3441 3775 3538 3829 alit

1969 3887 2158 3927 omnes
2200 3872 2468 3938 homines,
2527 3880 2691 3942 atque
2737 3870 2877 3924 hanc
2925 3870 3218 3924 bonitatem
3274 3868 3532 3923 omnibus

1968 3964 2184 4018 exhibet
2219 3979 2232 4014 :
2265 3961 2332 4016 ad
2378 3961 2627 4017 eumdem
2673 3961 2894 4014 modum
2931 3960 3058 4014 l'eclt
3095 3967 3147 4013 et
3178 3957 3451 4020 formavit,
3483 3965 3539 4011 et

1969 4056 2128 4109 talem
2175 4054 2290 4108 vult
2335 4069 2457 4109 esse
2492 4052 2788 4118 hominem,
2835 4059 2894 4104 ut
2935 4049 3188 4105 omnibus
3239 4048 3536 4104 virtutibus

1966 4153 2262 4201 exornatus
2299 4147 2388 4212 sit,
2430 4151 2484 4200 et
2520 4143 2761 4199 imitetur
2794 4143 2983 4204 Deum.
3014 4149 3274 4211 quantum
3317 4139 3534 4210 quidem

1967 4237 2328 4291 humanarum
2357 4243 2443 4292 est
2473 4235 2691 4301 virium,
2725 4233 2781 4290 in
2805 4234 2950 4288 omni
2974 4233 3116 4288 bono
3145 4247 3306 4302 opere
3343 4239 3398 4286 et
3440 4230 3538 4284 ho-

1966 4337 2396 4491 ηρῗθέζθρυιεετ.
2426 4415 2558 4472 LVI.
2581 4417 2663 4471 Ad
2693 4432 2855 4486 quem
2902 4415 3039 4470 dixit
3065 4414 3247 4469 Deus:
3287 4432 3305 4465 ι
3351 4411 3535 4466 Facia-

297 4501 498 4574 θρωπον
532 4506 654 4560 κατ’
686 4506 874 4560 εἰκόνα
906 4509 1198 4581 ἡμετέραν,
1232 4513 1326 4566 καὶ
1358 4512 1477 4566 καθ’
1511 4513 1802 4583 ὁμοίωσιν;
1835 4531 1853 4562 ι

1972 4525 2088 4577 mus
2127 4510 2400 4576 hominem
2439 4508 2507 4564 ad
2550 4508 2842 4579 imaginem
2885 4516 2939 4562 et
2979 4505 3391 4560 similitudinem
3443 4518 3536 4558 no-

370 4683 554 4737 Ἀπόκ.
581 4685 742 4754 Τινὲς
773 4682 880 4744 τῶν
904 4685 1236 4757 δυσωνύμων
1262 4688 1551 4761 αἱρετικῶν
1583 4689 1718 4759 πρὸς
1736 4689 1860 4752 τοὺς

292 4775 547 4844 ἀγγέλους
576 4779 710 4830 αὐτὸ
737 4779 1012 4850 εἰρηκέναι
1040 4781 1132 4835 καὶ
1163 4787 1289 4847 τοὺς
1320 4786 1586 4855 πονηρους
1605 4783 1862 4853 δαίμονας

288 4867 554 4936 ἔφθασαν·
593 4871 654 4924 οὐ
704 4871 975 4935 συνιέντες
1007 4875 1053 4925 οἰ
1087 4874 1464 4949 ἐμϐρόντητοι,
1523 4878 1605 4932 ὅτι
1651 4877 1711 4928 οὐ
1742 4878 1862 4940 κατ’

286 4961 494 5025 εἰκόνας
525 4962 810 5033 ἡμετέρας
855 4961 978 5033 ἔφη,
1027 4964 1160 5018 ἀλλὰ
1195 4971 1314 5021 κατ’
1352 4969 1534 5021 εἰκόνα
1563 4967 1862 5038 ἡμετέραν.

284 5049 412 5102 Θεοῦ
444 5051 499 5103 δὲ
534 5052 631 5104 καί⁸
663 5051 911 5118 ἀγγέλων
952 5054 1043 5106 καὶ
1087 5055 1358 5127 δαιμόνων
1386 5057 1508 5110 οὕτε
1542 5057 1698 5110 οὐσία
1739 5055 1860 5110 οὔτε

284 5141 492 5214 εἰκὼνή
521 5143 684 5212 αὐτή.
715 5140 857 5209 Ἐγὼ
880 5143 934 5196 δέ
967 5161 1127 5216 φημι,
1157 5149 1260 5213 ὃτι,
1287 5149 1612 5220 προθεωρῶν
1639 5148 1740 5219 τὴν
1766 5148 1859 5202 τοῦ

281 5231 617 5299 Μονογενοῦς
655 5230 933 5302 σάρκωσίν
973 5251 1031 5286 τε
1060 5236 1155 5287 καὶ
1209 5238 1637 5310 ἐνανθρὼπησιν,
1662 5239 1754 5292 καὶ
1784 5239 1859 5302 ὠς

279 5321 477 5392 ταύτην
506 5323 607 5394 τὴν
645 5323 810 5392 φύσιν
844 5325 908 5376 ὲκ
956 5326 1237 5397 Παρθένου
1271 5329 1515 5399 λήψεται,
1564 5329 1659 5383 καὶ
1690 5330 1860 5394 οὕτως

281 5413 453 5484 ἑαυτῷ
481 5414 541 5467 ἓν
574 5414 680 5484 μὲν
714 5414 1003 5485 πρόσωπον
1037 5415 1170 5469 Θεοῦ
1200 5419 1294 5492 καὶ
1338 5417 1626 5490 ἀνθρώπου,
1645 5422 1860 5492 νοήσας,

281 5507 368 5558 καὶ
398 5509 529 5578 μίαν
561 5505 719 5577 αὐτῷ
755 5507 1122 5580 προσκύνησιν
1159 5510 1312 5582 παρὰ
1334 5511 1432 5582 τῆς
1457 5511 1683 5577 κτίσεως
1717 5499 1864 5568 ἀπα-ί

343 5662 387 5693 ⁷³
425 5662 566 5717 Gen.
609 5677 661 5730 ι,
699 5659 796 5714 9.6.

343 5814 450 5889 (87)
485 5817 628 5873 Vide
653 5814 864 5881 Quasi.
911 5816 981 5871 20
1019 5817 1227 5876 Theod.
1261 5822 1311 5873 in
1341 5817 1522 5876 Cenes.
1564 5826 1569 5831 '

1965 4602 2176 4657 stram?
2205 4621 2223 4653 ο

2037 4693 2199 4746 lisse.
2235 4691 2466 4746 lnfames
2501 4691 2722 4761 quidam
2765 4689 3006 4744 haeretici
3046 4687 3113 4742 ad
3143 4687 3362 4756 angelos
3391 4693 3443 4740 et
3469 4687 3533 4740 ad

1969 4783 2140 4836 malos
2194 4782 2470 4835 daemones
2517 4781 2722 4834 dictum
2784 4794 2906 4833 esse
2959 4777 3376 4831 contenderunt.
3425 4773 3534 4829 Nec

1967 4874 2279 4944 intelligunt
2327 4873 2406 4926 illi
2459 4872 2689 4942 stupidi,
2725 4887 2846 4926 eum
2883 4887 2991 4926 non
3027 4869 3258 4932 dixisse,
3300 4867 3366 4920 ad
3403 4866 3533 4919 ima-

1967 4945 2119 5034 gines
2147 4971 2387 5027 nostras,
2421 4963 2514 5018 sed
2543 4962 2608 5016 ad
2638 4963 2926 5033 imaginem
2961 4968 3230 5015 nostram.
3266 4957 3361 5010 Dei
3391 4957 3533 5010 enim

1966 5067 2026 5112 ee
2054 5057 2367 5126 angelorum
2403 5071 2466 5110 ac
2505 5057 2834 5118 dzemonum,
2875 5069 3051 5123 neque
3081 5050 3319 5106 essentia
3361 5064 3533 5118 neque

1966 5149 2142 5218 imago
2171 5156 2253 5202 est
2275 5147 2487 5202 eadem.
2513 5146 2623 5217 Ego
2652 5155 2833 5201 autem
2863 5145 3019 5208 dico,
3048 5144 3192 5212 quod
3219 5139 3521 5210 praevidens

1958 5240 2219 5311 unigeniti
2264 5237 2383 5293 Filii
2439 5239 2888 5301 incarnationem,
2933 5242 2987 5289 et
3033 5234 3281 5287 humana:
3329 5239 3534 5286 natura:

1959 5330 2410 5400 assumptionem,
2425 5344 2586 5400 quam
2603 5344 2669 5384 ex
2692 5326 2913 5396 Virgine
2933 5331 3186 5379 naturam
3216 5328 3534 5392 assumptu-

1959 5440 2055 5479 rtrs
2089 5431 2256 5486 esset,
2293 5440 2416 5477 cum
2447 5423 2526 5488 sic
2553 5437 2714 5477 unam
2747 5429 2801 5476 et
2826 5421 3070 5475 eamdem
3095 5417 3188 5472 Dei
3223 5427 3276 5471 et
3300 5415 3535 5470 hominis

1964 5531 2276 5584 personam,
2316 5531 2378 5570 ac
2415 5530 2578 5570 unam
2629 5523 2682 5570 et
2720 5513 2967 5569 eamdem
3013 5511 3119 5582 ipsi
3156 5508 3532 5566 adorationem

2039 5821 2150 5893 (88)
2185 5818 2278 5878 Est
2310 5818 2509 5886 Quaest.
2550 5817 2612 5874 10
2641 5816 2844 5873 Theod.
2874 5816 2925 5870 in
2959 5813 3141 5870 Cenes.
