4088 6382
582 351 688 406 735

1708 351 1766 408 S.
1805 350 2262 410 ATHANASIUS.
2299 381 2370 394 —
2403 349 2674 408 SPURIA.

3687 352 3794 412 756

581 469 651 523 ab
678 469 825 525 omni
855 479 1104 526 creatura
1131 468 1372 523 oblatum
1407 468 1476 524 iri
1506 468 1849 541 intelligeret,
1872 471 1941 526 ad
1963 472 2135 543 ipsum

2240 487 2341 541 σης
2389 466 2816 541 προσφέρεσθαι,
2871 465 3006 539 πρὸς
3053 467 3212 522 αὑτὸν
3241 468 3332 524 τὸν
3367 469 3628 543 μονογενῆ
3669 471 3800 530 Υιὺν

581 560 915 629 unigenitum
951 559 1143 614 Filium
1178 559 1322 614 hunc
1355 559 1493 614 dixit
1521 575 1847 618 sermonem.

651 651 762 715 (89)
790 652 1010 716 Qusr.
1039 647 1192 703 LVII.
1219 649 1352 705 Utra
1391 657 1475 708 est
1503 651 1912 721 principium'et
1934 653 2137 724 primas

580 741 761 803 habet,
796 757 902 795 nox
932 741 1014 795 vel
1039 741 1196 796 dies?

653 831 813 886 Rssr.
848 832 886 882 A
919 831 1189 900 primitiva
1232 831 1451 901 quidem
1498 832 1683 887 mundi
1727 834 2023 900 creatione,
2070 835 2139 890 ab

576 937 642 976 eo
671 931 913 991 tempore
937 923 1183 977 videlicet
1207 939 1318 992 quo
1350 923 1527 978 factus
1553 932 1636 980 est
1666 924 1834 979 Adam
1861 933 2046 997 leque
2071 926 2138 980 ad

577 1015 864 1068 adventum
883 1013 1108 1076 Christi,
1141 1017 1290 1085 prior
1315 1015 1418 1070 fuit
1445 1017 1564 1072 dies
1594 1018 1735 1073 sicut
1765 1018 1929 1074 etiam
1957 1019 2139 1074 divina

578 1105 859 1176 Scriptura
912 1107 1156 1177 loquitur
1206 1107 1412 1164 dixisse
1468 1108 1636 1165 Deum
1694 1129 1707 1165 :
1768 1130 1787 1163 ι
1845 1110 1963 1164 Fiat
2014 1111 2136 1177 lux,

573 1209 628 1254 et
653 1198 794 1253 facta
819 1207 901 1254 est
932 1201 1056 1263 lux,
1089 1219 1108 1252 ι
1143 1207 1198 1254 et
1240 1201 1383 1271 quod
1408 1219 1426 1250 ι
1463 1201 1636 1256 lucem
1677 1202 1820 1259 Deus
1867 1203 2140 1258 vocaverit

575 1287 740 1351 diem,
791 1289 1047 1346 tenebras
1099 1306 1226 1346 vero
1269 1292 1547 1345 vocaverit
1597 1301 1812 1348 noctem
1867 1294 1933 1346 ⁷⁸.
1977 1311 1996 1345 ι
2035 1291 2138 1347 Ubi

575 1380 810 1448 primum
843 1382 1062 1450 ponitur
1089 1381 1203 1444 lux,
1235 1397 1333 1451 per
1355 1382 1496 1437 hanc
1525 1385 1669 1437 enim
1701 1384 1910 1439 exstitit
1933 1383 2138 1454 primus

573 1473 713 1530 dies.
754 1474 890 1529 Nam
929 1490 960 1528 a
998 1476 1118 1529 luce
1161 1473 1398 1544 primum
1445 1476 1753 1542 inchoante,
1792 1478 1847 1532 in
1891 1477 2139 1532 tenebras

573 1577 762 1636 postea
794 1567 1135 1623 devenimus.
1167 1568 1213 1620 A
1245 1575 1392 1623 recta
1422 1584 1657 1638 namque
1677 1571 1762 1623 via
1797 1570 2137 1636 aberrantes,

573 1657 643 1712 ad
694 1659 838 1712 idola
873 1666 928 1714 et
970 1658 1040 1713 ad
1081 1659 1298 1714 fallaces
1343 1661 1599 1716 tenebras
1643 1659 1805 1716 delati
1850 1678 2060 1718 sumus.
2093 1660 2139 1714 Λ

573 1747 779 1803 Christi
812 1765 938 1804 vero
969 1750 1199 1804 adventu
1232 1751 1420 1820 incipit
1453 1766 1644 1808 rursus
1681 1760 1735 1807 et
1763 1752 1904 1808 diem
1938 1767 2138 1823 praece-

2237 562 2467 613 ποιεῖται
2489 559 2580 613 τὸν
2613 558 2786 627 λόγον.

2320 649 2510 722 Ἐρώτ.
2535 650 2630 717 νίζ’.
2657 650 2792 705 Ποία
2820 650 2966 706 ἐστὶν
2992 650 3247 725 ἀρχὴκαὶ
3274 653 3610 724 προτερεύει,
3639 656 3674 726 ή
3702 654 3794 724 νὺξ

2235 742 2270 816 ἢ
2310 745 2344 814 ἡ
2377 743 2591 814 ἡμέρας

2320 836 2505 890 Ἀπόκ.
2533 834 2663 888 Ἀπὸ
2685 835 2784 906 μὲν
2797 835 2896 906 τῆς
2921 835 3154 908 ἀρχῆθεν
3169 838 3540 908 κοσμοποιῑας,
3561 840 3678 910 ἦτοι
3699 841 3798 911 τῆς

2238 924 2488 988 πλάσεως
2534 923 2626 977 τοῦ
2669 924 2857 996 Ἀδὰμ,
2915 925 3018 990 ἕως
3062 926 3158 997 τῆς
3215 927 3448 1000 Χριστοῦ
3502 931 3798 1000 παρουσίας

2239 1015 2428 1088 πρώτη
2466 1017 2708 1087 ὑπῆρχεν
2759 1018 2792 1087 ή
2827 1017 3028 1088 ἡμέρα,
3082 1017 3262 1083 καθὼς
3310 1019 3457 1088 λέγει
3501 1023 3594 1075 καὶ⁸
3619 1024 3660 1094 ἡ,
3682 1023 3804 1076 θεία

2238 1107 2426 1180 Γραφή
2449 1125 2462 1138 °
2497 1109 2590 1162 καί
2621 1111 2702 1163 ὅτι
2735 1103 2886 1162 εἶπεν
2917 1111 2946 1162 ό
2972 1107 3134 1173 Θεόςο
3169 1127 3190 1162 ι
3225 1111 3512 1184 Γενηθήτω
3545 1114 3679 1184 φῶς,
3705 1115 3800 1169 καὶ

2238 1200 2454 1270 ἐγένετο
2474 1201 2609 1270 φῶς,
2638 1222 2656 1255 ι
2693 1202 2785 1256 κα)⁵
2817 1202 2898 1255 ὅτι
2936 1219 2956 1252 ι
2981 1202 3238 1257 ἐκάλεσεν
3259 1205 3288 1256 6
3313 1204 3444 1267 Θεὸς
3459 1205 3518 1258 τὸ
3535 1205 3798 1276 φῶςήμέ-

2241 1309 2360 1362 ραν,
2400 1294 2494 1346 καὶ
2515 1293 2574 1346 τὸ
2601 1294 2790 1358 σκότος
2827 1293 3050 1348 ἐκάλεσε
3074 1295 3270 1348 νύκταο
3307 1316 3326 1350 ι
3351 1295 3563 1367 πρῶτον
3593 1296 3810 1351 τιθεῖσα.

2237 1382 2298 1434 τὸ
2327 1383 2472 1451 φῶς·
2525 1385 2620 1437 καὶ
2661 1384 2769 1457 γὰρ
2801 1384 2891 1439 διὰ
2931 1385 3085 1439 τοῦτο
3125 1385 3337 1457 ὑπῆρχε
3369 1384 3556 1456 πρώτη
3586 1386 3764 1457 ἡμέρα
3781 1424 3808 1441 ..

2251 1476 2464 1546 Ἐπειδὴ
2491 1476 2596 1529 ἀπὸ
2621 1476 2712 1529 τοῦ
2748 1477 2922 1546 φωτὸς
2949 1476 3255 1549 ἠρξάμεθα,
3278 1478 3371 1532 καὶ
3390 1480 3470 1542 εἰς
3501 1477 3810 1548 σκοτασμδνς

2238 1569 2538 1639 κατηνέχθη
2548 1585 2644 1638 μεν
2666 1567 2791 1621 ύστε
2803 1586 2912 1640 ρον.
2937 1570 3302 1642 Πλανηθέντες
3323 1569 3431 1642 γὰρ
3461 1570 3569 1624 ἀπὸ
3591 1570 3691 1640 τῆς
3712 1570 3802 1622 εὑ·-

2239 1657 2387 1722 θεεας
2413 1656 2529 1712 ὀδοῦ
2559 1660 2637 1724 εἰς
2671 1661 2862 1714 εἴδωλα
2913 1663 3007 1723 καὶ
3040 1661 3343 1732 σκοτασμὸν
3374 1661 3591 1732 ἀπάτης
3618 1659 3802 1714 ἔνεπέ.

2240 1763 2433 1818 σαμεν.
2470 1748 2601 1801 Ἀπὸ
2632 1748 2689 1801 δὲ
2716 1749 2816 1820 τῆς
2844 1749 3078 1821 Χριστοῦ
3115 1750 3415 1822 παρουσίας
3443 1751 3668 1820 ἄρχεται
3693 1751 3800 1820 πά-

573 1839 652 1894 dit
687 1855 814 1896 nox.
833 1840 959 1896 Ideo
981 1857 1010 1895 a
1040 1856 1264 1913 vespera
1288 1842 1630 1912 incipientes,
1656 1844 1973 1899 solemniter
1999 1843 2135 1898 cele-

2239 1837 2320 1890 λιν
2350 1839 2443 1892 καὶ
2473 1839 2743 1912 πρωτεύει
2773 1842 2804 1912 ή
2835 1841 2930 1907 νὺξ
2971 1842 3066 1912 τῆς
3109 1842 3338 1913 ἡμέρας.
3385 1841 3481 1894 Διά
3507 1839 3663 1893 τοῦτο
3707 1839 3803 1894 καὶ

573 1931 797 1988 bramus
857 1932 974 1987 dies
1021 1943 1332 2001 sequentes.
1387 1933 1444 1988 ld
1487 1935 1757 2005 quomodo
1799 1935 1997 1989 factum
2043 1936 2133 2000 sit,

573 2023 782 2078 audias.
824 2022 1272 2094 Quandoquidem
1305 2026 1479 2096 primo
1509 2043 1539 2081 a
1573 2027 1692 2081 luce
1715 2025 1921 2095 delapsi
1948 2042 2136 2082 sumus

573 2112 640 2166 ad
668 2115 917 2167 tenebras
943 2132 958 2181 ;
988 2117 1056 2169 ah
1087 2116 1243 2170 initio
1263 2117 1477 2186 quidem
1501 2116 1602 2171 fuit
1626 2118 1738 2179 lux,
1756 2118 1990 2172 tenebrae
2009 2133 2138 2173 vero

573 2215 700 2260 sunt
737 2207 1010 2261 insecuta).
1049 2207 1123 2260 Ex
1149 2224 1214 2262 eo
1249 2217 1428 2263 autem
1460 2219 1699 2278 tempore
1727 2225 1834 2279 quo
1865 2210 1945 2265 sol
1970 2209 2137 2278 justi-

572 2296 660 2350 tiae
687 2295 939 2353 Christus
969 2298 1108 2354 Deus
1145 2307 1330 2354 noster
1369 2299 1570 2354 mundo
1601 2310 1822 2355 exortus
1855 2308 1960 2365 est,
1987 2308 2043 2356 et
2071 2315 2139 2354 ex

572 2391 811 2444 tenebris
832 2392 1035 2445 erroris
1052 2392 1116 2444 ad
1138 2392 1309 2446 lucem
1337 2391 1663 2460 cognitionis
1682 2391 1770 2445 Dei
1788 2407 1884 2446 nos
1905 2391 2134 2457 reduxit,

570 2493 602 2532 a
643 2480 879 2535 tenebris
912 2481 1265 2544 inchoamus,
1300 2488 1354 2536 et
1397 2483 1449 2536 in
1487 2483 1604 2536 luce
1645 2483 1931 2536 terminum
1974 2482 2140 2538 habe-

571 2586 714 2624 mus.
753 2568 827 2622 lbi
873 2587 977 2624 non
1021 2572 1205 2637 relert,
1249 2572 1460 2627 etiamsi
1501 2573 1768 2643 praecedat
1822 2589 1958 2638 nox,
2015 2589 2138 2627 cum

572 2661 688 2716 Inec
728 2662 884 2716 nobis
934 2662 1146 2718 initium
1203 2663 1295 2718 det
1338 2664 1510 2727 lucis,
1559 2671 1613 2719 et
1661 2663 1728 2718 ad
1772 2664 1946 2718 lucem
1977 2664 2137 2734 267

571 2753 825 2807 deducat.
863 2753 1074 2807 Etenim
1124 2770 1364 2824 praesens
1402 2764 1586 2811 nostra
1613 2755 1744 2818 vita,
1775 2754 1830 2808 in
1859 2752 2140 2824 Scriptura

569 2844 808 2900 tenebrae
865 2854 1114 2907 vocatur,
1177 2846 1628 2916 quemadmodum
1705 2845 1862 2900 divus
1935 2843 2138 2900 Paulus

570 2936 750 3005 inquit
789 2956 801 2990 :
846 2956 865 2987 ι
905 2937 1248 3006 Abjiciamus
1282 2953 1446 3007 opera
1480 2938 1848 3000 tenebrarum,
1869 2945 1922 2991 et
1949 2935 2140 2991 indua-

568 3043 690 3080 ιιιιιι·
719 3043 872 3081 arma
902 3030 1036 3083 lucis
1074 3029 1120 3059 ’⁸
1154 3047 1168 3082 :
1217 3048 1236 3081 ι
1261 3029 1366 3082 hoc
1415 3038 1519 3092 est,
1561 3028 1726 3083 futuri
1779 3029 1981 3084 saeculi.
2019 3027 2139 3082 Lux

567 3117 710 3170 enim
761 3119 981 3181 dicitur,
1010 3119 1270 3172 saeculum
1324 3119 1584 3173 futurum.
1617 3120 1780 3172 Arma
1827 3134 1955 3174 vero
1993 3117 2138 3174 illius

2241 1931 2332 2000 ἀφ’
2355 1931 2592 2004 ἑσπέρας
2615 1934 2890 2006 ἀρχόμεθα
2908 1934 3247 2006 ἑορτάζοντες
3267 1933 3364 1997 τάς
3387 1935 3641 2005 ἐπαύριον
3665 1931 3807 2003 ἡμέη

2245 2037 2362 2091 ρας.
2391 2021 2537 2092 Ποίῳ
2568 2022 2624 2074 δὲ
2651 2023 2835 2094 τρόπῳ
2861 2024 3081 2092 γέγονεν
3103 2021 3292 2087 οὕτως,
3321 2023 3561 2075 ἄκουσον.
3580 2021 3802 2093 Ἐπειδὴ

2238 2113 2300 2165 τὸ
2325 2113 2540 2184 πρῶτον
2557 2113 2665 2166 ἀπὸ
2690 2113 2782 2168 τοῦ
2812 2114 2986 2184 φωτὸς
3003 2114 3134 2186 πρὸς
3149 2114 3210 2166 τὸ
3237 2114 3423 2176 σκότος
3447 2112 3802 2182 ὲνεπέσαμεν,

2241 2201 2327 2255 διὰ
2357 2202 2514 2256 τοῦτο
2548 2204 2642 2257 καὶ
2693 2203 2754 2256 τὸ
2781 2203 2894 2273 φῶς
2925 2204 3038 2274 ἔχει
3070 2203 3166 2274 τὴν
3195 2203 3389 2276 ἀρχὴν,
3431 2202 3491 2256 τὸ
3528 2203 3586 2256 δὲ
3616 2202 3806 2266 σκότος

2243 2290 2487 2363 ὕστερον.
2530 2293 2646 2362 Ἀφ’
2673 2287 2731 2345 οὗ
2757 2293 2811 2345 δὲ
2841 2295 2868 2346 6
2897 2292 3045 2363 ἥλιος
3081 2292 3179 2363 τῆς
3212 2291 3551 2362 δικαιοσύνης
3573 2289 3805 2361 Χριστὸς

2242 2387 2270 2438 6
2288 2385 2416 2448 Θεὸς
2439 2384 2595 2456 ἡμῶν
2625 2384 2703 2455 τῷ
2724 2385 2910 2456 κόσμῳ
2936 2384 3190 2448 ἀνέτειλε,
3211 2383 3304 2438 καὶ
3322 2382 3430 2437 ἀπὸ
3459 2382 3552 2436 τοῦ
3584 2381 3804 2446 σκότους

2241 2477 2340 2547 τῆς
2372 2476 2580 2547 πλάνης
2609 2476 2744 2547 πρὸς
2774 2475 2835 2529 τὸ
2875 2475 2990 2545 φῶς
3021 2475 3120 2546 τῆς
3151 2474 3477 2543 θεογνωσίας
3518 2474 3665 2544 ἡμᾶς
3707 2473 3804 2526 ἐπ-

2242 2571 2503 2641 ανήγαγε,
2521 2569 2608 2623 διὰ
2628 2567 2784 2623 τοῦτο
2801 2570 2894 2622 καὶ
2916 2570 3072 2640 ἡμεῖς
3093 2567 3198 2622 ἀπὸ
3217 2567 3310 2620 τοῦ
3329 2567 3549 2629 σκότους
3572 2564 3804 2638 ἀρχόμε-

2244 2661 2331 2726 θα,
2348 2661 2591 2734 καὶπρὸς
2607 2660 2665 2714 τὸ
2681 2659 2795 2730 φῶς
2818 2660 3210 2732 καταλήγομεν.
3229 2659 3315 2712 Ἐν
3334 2657 3506 2727 τούτῳ
3531 2657 3635 2712 κᾶν
3654 2658 3688 2728 ἡ
3709 2654 3804 2720 νὺξ

2243 2753 2532 2825 πρωτεύει.
2561 2752 2733 2824 ἀρχὴν
2765 2750 2980 2806 διδοῦσα
3023 2753 3189 2822 ἡμᾶς,
3225 2751 3320 2804 καὶ
3363 2749 3804 2821 παραπέμπουσα

2241 2847 2378 2918 πρὸς
2409 2844 2469 2900 1:6
2498 2844 2629 2915 φῶς.
2660 2845 2771 2899 Καὶ
2802 2845 2909 2916 γὰρ
2936 2847 2963 2898 ό
3003 2843 3116 2915 βίος
3160 2833 3314 2906 οὗτος
3339 2841 3528 2906 σκότος
3556 2840 3708 2911 παρά
3735 2843 3800 2911 τῇ

2241 2939 2430 3009 Γραφῇ
2455 2935 2798 3008 ὀνομάζεται,
2830 2934 3009 2998 καθὼς
3033 2938 3060 2988 6
3087 2934 3369 2997 θεσπέσιος
3408 2932 3620 2996 Παῦλος
3665 2931 3802 2986 οὕτω

2242 3031 2404 3101 φησιν
2428 3048 2441 3061 ·
2481 3048 2500 3081 ι
2535 3027 2889 3100 Ἀποθώμεθα
2921 3027 2986 3081 τὰ
3014 3027 3149 3098 ἔργα
3177 3025 3268 3079 τοῦ
3301 3026 3549 3091 σκότους,
3585 3025 3680 3078 καὶ
3721 3025 3802 3076 ἐν·-

2241 3120 2526 3193 δυσώμεθα
2564 3120 2634 3174 τά
2671 3121 2811 3174 ὅπλα
2842 3118 2934 3173 τοῦ
2970 3118 3143 3189 φωτός
3165 3134 3179 3148 ο
3212 3135 3231 3170 ι
3273 3117 3517 3170 τουτέστι
3548 3114 3642 3168 τοῦ
3678 3114 3801 3186 μέλ-

568 3203 706 3260 lucis
758 3214 887 3261 sunt
925 3208 1175 3262 virtutes.
1215 3207 1338 3263 Ideo
1395 3206 1652 3263 Christus
1704 3224 1918 3280 quoque
1953 3208 2088 3263 dixit
2121 3226 2135 3262 :

2238 3214 2418 3278 λοντος
2448 3213 2663 3277 αἰῶνος.
2690 3211 2809 3276 Φῶς
2835 3211 2942 3283 γὰρ
2985 3212 3012 3263 ό
3047 3209 3255 3281 μέλλων
3284 3209 3421 3262 ἐστί.
3456 3207 3535 3260 Τὰ
3568 3207 3625 3260 δὲ
3663 3205 3802 3259 ὅπλα

574 3313 593 3346 ι
641 3295 777 3351 Dum
835 3299 1007 3352 lucem
1057 3299 1287 3361 habetis,
1324 3300 1617 3366 ambulate,
1654 3316 1722 3355 ne
1756 3301 1989 3357 tenebrae
2039 3317 2137 3357 vos

569 3386 977 3455 apprehendant
1023 3389 1091 3444 ⁸³⁷.
1145 3411 1164 3442 ι
1219 3388 1320 3444 Ubi
1380 3390 1554 3445 lucem
1607 3390 1835 3446 virtutes
1904 3391 2134 3457 vocavit,

567 3494 703 3548 quas
746 3480 972 3536 virtutes
1026 3482 1224 3546 homo,
1291 3482 1420 3537 dum
1470 3483 1640 3548 vivit,
1690 3482 1889 3538 habere
1940 3490 2134 3553 potest.

565 3566 698 3623 Post
763 3579 988 3624 mortem
1056 3572 1200 3626 enim
1262 3587 1374 3626 non
1445 3573 1640 3642 poterit
1709 3587 1802 3628 eas
1872 3572 2132 3630 invenire.

567 3656 828 3714 Tenebra:
861 3675 990 3715 vero
1020 3669 1149 3715 sunt
1196 3677 1434 3732 praasens
1469 3662 1568 3716 hoc
1597 3663 1874 3724 saeculum,
1919 3672 2138 3732 propter

565 3751 938 3808 tenebricosas
988 3759 1041 3806 et
1082 3751 1322 3809 nefarias
1353 3754 1500 3808 illius
1543 3754 1807 3810 actiones.
1839 3753 1991 3808 Sicut
2014 3771 2136 3808 rur-

564 3857 660 3896 sus
713 3843 890 3914 inquit
932 3843 1186 3898 Christus
1215 3864 1227 3898 :
1265 3863 1284 3896 ι
1325 3844 1431 3910 Qui
1465 3845 1714 3913 sequitur
1745 3859 1851 3910 me,
1883 3859 1992 3898 non
2021 3860 2136 3899 am-

564 3935 770 3987 bulabit
810 3938 863 3988 in
899 3936 1172 3998 tenebris,
1212 3935 1304 3990 sed
1357 3935 1576 3988 habebit
1628 3935 1810 3988 lumen
1866 3929 2067 3990 vitze".
2109 3954 2129 3988 ι

567 4025 731 4095 Sequi
778 4043 1010 4096 namque
1065 4027 1344 4082 Christum
1390 4033 1474 4080 est
1511 4040 1631 4095 qua:
1677 4026 1873 4094 placita
1929 4033 2057 4080 sunt
2082 4027 2134 4081 ei

565 4117 766 4182 facere,
802 4130 855 4173 et
895 4118 1015 4190 ejus
1049 4120 1303 4174 mandata
1340 4135 1578 4175 servare.
1616 4119 1766 4173 Talis
1795 4133 1904 4173 non
1948 4119 2137 4173 ambu-

564 4209 699 4264 labit
733 4210 785 4263 in
819 4211 1079 4274 tenebris,
1117 4211 1219 4264 hoc
1248 4219 1332 4266 est
1373 4211 1428 4264 in
1481 4211 1639 4266 vanis
1664 4210 1828 4278 hujus
1859 4211 1980 4264 vitae
2009 4211 2128 4275 viis,

573 4300 669 4354 sed
699 4300 1025 4354 inhabitahit
1051 4312 1104 4355 et
1134 4302 1363 4370 accipiet
1399 4309 1656 4356 teternam
1689 4302 1863 4356 lucem
1901 4302 2022 4356 vitae
2047 4302 2132 4355 [ιι-

568 4389 674 4444 turi
733 4392 938 4454 srecnli,
989 4399 1044 4445 et
1105 4391 1507 4446 interminatam
1554 4408 1674 4463 qua:
1710 4393 1784 4447 ibi
1818 4391 2000 4447 futura
2028 4400 2129 4460 est,

565 4482 808 4536 laetitiam
841 4491 896 4537 et
928 4484 1365 4538 exsultationem.

2234 3305 2330 3358 τοῦ
2375 3305 2550 3373 φωτὸς
2581 3303 2787 3357 ἐκείνου
2830 3303 2964 3357 εἰσὶν
2996 3303 3054 3355 αἱ
3085 3300 3294 3372 ἀρεταί.
3330 3298 3428 3352 Διά
3467 3297 3622 3351 τοῦτο
3655 3298 3748 3351 καὶ
3772 3297 3801 3350 ό

2235 3396 2469 3468 Χριστὸς
2508 3395 2689 3464 ἔλεγεν
2710 3412 2723 3425 ο
2758 3413 2776 3447 ι
2807 3395 2953 3458 Ἕως
2984 3394 3044 3447 τὸ
3083 3394 3196 3464 φῶς
3224 3393 3394 3464 ἔχετε,
3427 3394 3798 3463 περιπατεῖτε,

2236 3487 2323 3540 ἵνα
2355 3486 2428 3556 μὴ
2463 3487 2678 3538 σκοτεία
2701 3486 2843 3556 ὑμᾶς
2871 3485 3170 3557 καταλάϐῃ.
3198 3504 3215 3536 ι
3253 3483 3371 3547 Φῶς
3393 3483 3449 3536 δὲ
3473 3480 3569 3545 τὰς
3597 3479 3800 3552 ἀρετὰς

2233 3576 2510 3640 ἐκάλεσεν,
2539 3574 2606 3638 ἀς
2652 3574 2874 3630 δύναται
2912 3575 3053 3646 ἔχειν
3095 3575 3123 3627 ό
3156 3573 3438 3646 ἄνθρωπος
3470 3570 3576 3635 ἕως
3602 3564 3663 3625 οὗ
3696 3570 3797 3642 ζῇο

2239 3665 2374 3738 μετά
2401 3667 2627 3720 θάνατον
2657 3666 2764 3738 γὰρ
2793 3666 2852 3719 οὐ
2899 3664 3118 3719 δύναται
3156 3663 3324 3717 ταῦτα
3363 3664 3562 3733 εὑρεῖν.
3605 3661 3798 3723 Σκόςτος

2235 3758 2292 3812 δὲ
2312 3759 2340 3810 6
2371 3756 2500 3812 aith
2533 3750 2686 3821 οὗτος
2713 3757 2801 3810 διὰ
2822 3756 2922 3820 τὰς
2946 3754 3222 3818 σκοτεινάς
3253 3751 3417 3807 αὐτοῦ
3449 3752 3678 3825 πράξεις
3706 3753 3796 3804 καὶ

2235 3849 2524 3920 ἀθεμίτους
2551 3866 2564 3878 ·
2590 3849 2666 3912 ὼς
2709 3847 2867 3902 πάλιν
2906 3847 3125 3919 εἴρηκεν
3156 3847 3182 3899 6
3209 3842 3442 3916 Χριστός
3463 3859 3477 3874 ο
3517 3861 3536 3894 ι
3585 3843 3641 3896 '0
3673 3843 3797 3894 ἁκο-

2233 3937 2437 3991 λουθῶν
2468 3938 2589 4008 ἐμοὶ
2617 3937 2678 3989 ού
2714 3936 2789 4007 μὴ
2831 3936 3189 4006 περιπατήσει
3220 3935 3277 3986 ὲν
3324 3934 3390 4002 τῇ
3419 3930 3654 4003 σκοτείᾳ,
3686 3929 3823 3984 ἀλλί

2233 4027 2344 4096 ἕξει
2387 4030 2447 4082 τὸ
2472 4028 2586 4098 φῶς
2613 4029 2711 4098 τῆς
2738 4027 2901 4098 ζωῆς.
2938 4046 2957 4080 ι
3010 4026 3117 4078 Καὶ
3145 4027 3249 4095 γὰρ
3288 4023 3349 4076 τὸ
3378 4022 3684 4076 ἀκολουθεῖν
3721 4019 3796 4090 τῷ

2232 4117 2452 4190 Χριστῷ
2473 4116 2629 4170 τοῦτό
2657 4121 2770 4171 ἐστι
2817 4117 2878 4170 τὸ
2905 4120 3074 4169 ποιεῖν
3098 4115 3163 4169 τὰ
3189 4114 3454 4185 εύάρεστα
3489 4111 3673 4177 αὐτοῦ,
3705 4110 3794 4164 καὶ

2232 4209 2524 4280 φυλάσσειν
2548 4207 2646 4271 τὰς
2672 4207 2888 4270 ὲντολάς
2912 4205 3095 4260 αὐτοῦ.
3140 4206 3197 4260 '0
3225 4203 3464 4268 τοιοῦτος
3495 4203 3604 4275 γὰρ
3629 4204 3689 4256 ού
3722 4200 3793 4273 μὴ

2231 4301 2590 4372 περιπατήσει
2623 4301 2681 4352 ἐν
2702 4303 2765 4370 τῇ
2799 4299 3033 4369 exorata,
3074 4297 3346 4350 τουτέστιν
3376 4297 3433 4349 ἐν
3458 4299 3576 4358 ταῖς
3607 4293 3794 4366 ματαί-

2230 4409 2319 4454 αις
2357 4391 2494 4453 όδοῖς
2536 4389 2628 4443 τοῦ
2661 4390 2778 4459 βίου
2811 4390 3034 4454 τούτου,
3079 4386 3213 4441 ἀλλὰ
3254 4386 3663 4458 κατασκηνώσει
3702 4386 3792 4439 καὶ

2235 4480 2460 4536 ...λαϐεῖ
2481 4480 2540 4533 τὸ
2555 4478 2769 4534 αἰώνιον
2793 4477 2907 4549 φῶς
2934 4477 3031 4548 τῆς
3047 4476 3190 4548 ζωῆς
3222 4475 3315 4529 τοῦ
3345 4476 3627 4548 μέλλοντος
3666 4471 3794 4527 ait?)-

566 4590 674 4637 νος,
721 4574 816 4626 καὶ
851 4573 950 4645 τὴν
987 4575 1102 4627 ἐκεῖ
1144 4575 1445 4647 ἀπέραντον
1489 4575 1826 4648 εὐφροσύνην
1863 4577 1956 4630 καὶ
1990 4575 2324 4645 ἀγαλλίασιν.

634 4665 745 4736 (90)
768 4666 985 4730 Ουιεετ.
1013 4663 1190 4720 LVIII.
1219 4665 1372 4732 Quod
1397 4666 1566 4720 Adam
1590 4674 1643 4722 et
1670 4665 1799 4731 Eva,
1836 4678 2120 4738 postquam
2161 4655 2200 4705 υ

564 4759 956 4823 comedissent,
995 4761 1350 4830 cognoverint
1378 4775 1437 4815 se
1470 4759 1646 4816 nudos
1675 4774 1798 4815 esse
1831 4779 1844 4814 :
1879 4759 2125 4830 nunquid

563 4857 852 4920 antequam
903 4850 1294 4914 comedissent,
1326 4851 1431 4905 hoc
1464 4867 1627 4906 sensu
1672 4850 1884 4922 prmditi
1930 4849 2127 4905 erant?

632 4939 798 4997 Resr.
834 4941 1302 5009 Quemadmodum
1337 4941 1590 4997 infantnli
1621 4958 1727 4997 non
1771 4941 2122 5008 erubescunt,

562 5034 776 5089 etiamsi
827 5035 995 5092 nullis
1053 5035 1295 5093 vestibus
1342 5043 1615 5106 tegantur,
1650 5035 1823 5090 donec
1865 5033 2124 5104 paulatim

564 5127 900 5183 increscente
953 5143 1183 5198 corpore
1227 5137 1280 5184 et
1337 5127 1513 5198 pudor
1548 5127 1798 5182 adveniat
1834 5145 1849 5181 :
1884 5125 1966 5181 sic
1992 5139 2126 5180 sane

562 5213 631 5270 de
676 5216 845 5270 Adam
893 5224 949 5272 et
1003 5216 1112 5270 Eva
1167 5217 1534 5272 sentiendum.
1568 5214 1701 5270 Nam
1737 5231 1860 5270 cum
1890 5215 2122 5285 primum

563 5308 733 5363 creati
759 5316 964 5374 essent,
990 5312 1132 5365 sicut
1149 5308 1310 5364 modo
1333 5315 1496 5363 natus
1517 5306 1718 5372 infans,
1743 5307 1949 5376 peccati
1983 5320 2123 5359 non-

2296 4660 2489 4735 Ἑρώτ.
2526 4663 2626 4733 νη’.
2657 4664 2778 4716 Ὅτι
2817 4662 2952 4733 μετά
3000 4660 3097 4733 τὴν
3147 4660 3346 4731 βρῶσιν
3391 4658 3670 4727 ἔγνωσαν,
3711 4656 3788 4710 ὅτι

2231 4758 2428 4828 γυμνοὶ
2459 4752 2599 4828 ἦσαν
2644 4757 2672 4809 ὅ
2702 4772 2760 4807 τε
2800 4754 2970 4825 ’Δδάμ
2997 4755 3090 4807 καὶ
3119 4755 3151 4823 ή
3179 4749 3290 4805 Εύα
3309 4793 3325 4818 ,
3358 4750 3391 4823 ἢ
3425 4751 3521 4804 καὶ
3558 4752 3666 4824 πρὸ
3690 4751 3785 4823 τῆς

2232 4846 2485 4920 βρώσεως
2517 4842 2660 4915 εἶχον
2688 4844 2890 4915 ταύτην
2915 4845 3011 4915 τὴν
3035 4843 3283 4914 αἴσθησιν
3306 4859 3321 4908 ;

2312 4938 2500 4991 Ἀπόκ.
2531 4938 2739 5008 ’Ὠσπερ
2771 4936 2838 4989 τά
2863 4935 3057 5005 κομιδῆ
3096 4936 3267 5005 νήπια
3301 4932 3559 5004 ἐρυθριᾷν
3596 4933 3657 4986 οὑ
3697 4931 3790 4986 πέ-

2230 5049 2366 5102 φυκε
2388 5033 2485 5102 τῆς
2514 5029 2740 5100 ἐσθῆτος
2757 5026 3123 5099 γυμνούμενα,
3147 5026 3281 5080 ἀλλά
3306 5025 3446 5079 κατά
3477 5025 3672 5097 μικρὸν
3697 5022 3787 5077 τοῦ

2229 5121 2474 5193 σώματος
2506 5120 2872 5192 αὐξανομένου
2891 5162 2906 5186 ,
2940 5119 3034 5174 καὶ
3073 5118 3168 5190 τὴν
3217 5118 3478 5191 ἐντροπὴν
3509 5116 3785 5189 προσλαμβ-

2226 5212 2474 5266 6ἀνουσιν
2498 5227 2512 5244 ο
2539 5211 2680 5265 οὕτω
2710 5211 2773 5283 δὴ
2797 5211 2888 5264 καὶ
2914 5211 3040 5284 περὶ
3067 5208 3161 5263 τοῦ
3197 5207 3365 5280 Ἀδάμ
3385 5209 3478 5262 καὶ
3499 5209 3600 5279 τῆς
3623 5205 3778 5269 Εὓας.

2225 5303 2400 5367 Εὐθὺς
2429 5303 2527 5374 μὲν
2561 5293 2908 5371 πλασθέντες,
2934 5299 3021 5357 οἷα
3045 5303 3111 5375 δὴ
3137 5302 3318 5374 νήπιοι
3342 5301 3434 5354 καὶ
3462 5300 3784 5372 εύθυγενεῖς,

640 5483 681 5514 ’⁸
717 5484 849 5540 Gen.
876 5500 916 5550 ι,
936 5485 987 5548 5,
1026 5484 1079 5540 5.
1159 5485 1206 5517 "
1238 5483 1400 5565 ‘Rom.
1435 5498 1566 5548 xm,
1598 5481 1684 5534 12.
1761 5482 1804 5513 ⁷⁷
1840 5479 1998 5534 Joan.
2035 5493 2135 5542 xu,

2237 5475 2269 5530 ἱ.
2343 5477 2389 5510 ⁷⁸
2425 5475 2584 5532 Joan.
2627 5492 2744 5544 vm,
2789 5475 2876 5530 12.

568 5779 592 5819 ³
635 5694 747 5764 (89)
779 5695 917 5750 Huic
946 5697 1140 5752 similis
1197 5705 1283 5754 est
1319 5695 1524 5762 thst.
1547 5695 1634 5752 ’52
1682 5697 1764 5753 Ad
1795 5698 2106 5752 Annae/mm

598 5781 834 5819 nonus.

598 5781 834 5835 uprtus.

2289 5701 2398 5773 (90)
2420 5700 2512 5756 Est
2534 5700 2736 5767 Qumst.
2759 5698 2828 5754 28
2859 5695 3180 5752 Theodoreti
3212 5697 3265 5751 in
3291 5694 3478 5751 Gener.
