4088 6382
321 374 424 434 737

1402 363 2084 424 INTERPRETATIONES
2120 365 2212 420 EX
2251 365 2315 423 ν.
2356 366 2420 422 τ.

3447 367 3548 425 758

319 491 414 548 καὶ
438 489 537 560 τῆς
565 487 839 559 ἁμαρτίας
870 485 1126 557 ἀμέτοχοι
1149 524 1165 549 ,
1198 486 1297 540 οὐκ
1321 488 1612 558 ᾐσχύνοντο
1636 489 1758 558 δίχα
1787 503 1872 540 πε·

1985 484 2114 539 dum
2148 485 2462 556 participes,
2498 501 2610 542 non
2665 485 2905 558 pudebat
2947 486 3065 542 sine
3097 487 3290 542 vestitu
3331 486 3546 560 degere.

322 578 594 656 ριδολαίου
615 595 629 609 ·
661 579 797 648 μετά
816 578 872 630 δὲ
902 576 1000 647 τὴν
1034 580 1229 648 πεῖραν
1249 579 1347 650 τῆς
1370 581 1645 653 ἁμαρτίας
1668 581 1886 652 φύλλοις

321 670 694 742 συνεκάλυψαν
721 669 790 722 τὰ
822 668 1028 723 ἐαυτῶν
1056 669 1241 740 μόρια.

401 784 596 856 Ἐρὼτ.
639 784 735 838 νθ’.
777 785 841 838 Τί
890 786 1070 848 ἐστιν,
1106 784 1187 837 δτι
1222 802 1242 835 ι
1281 784 1413 838 Ἰδοὺ
1455 786 1628 858 Ἀδάμ
1661 786 1885 856 γέγονεν

319 877 390 940 ὡς
413 872 493 939 εἷς
521 873 581 939 ἐξ
609 875 803 946 ὴμῶν;
843 893 861 927 ι

398 969 586 1021 Ἀπόκ.
633 966 991 1035 Ἑλεγκτικῶς
1017 963 1118 1036 τὴν
1157 965 1367 1020 είκασιν
1395 964 1490 1019 τοῦ
1531 965 1704 1038 Ἀδάμ
1739 984 1883 1038 μεμ-

323 1058 544 1128 φόμενος
569 1058 718 1125 λέγει
746 1059 774 1109 6
803 1057 932 1120 Θεός
955 1073 969 1087 ·
1003 1057 1094 1127 Μὴ
1121 1055 1149 1108 ὃ
1190 1058 1444 1127 ἐνόμισας
1475 1057 1725 1126 γενέσθαι
1764 1059 1886 1127 ἐγέ-

319 1167 472 1217 νετο;
507 1149 598 1220 Μὴ
636 1149 767 1212 Θεὸς
811 1148 1025 1217 ἐγένου,
1062 1146 1242 1212 καθὼς
1273 1150 1301 1201 6
1339 1149 1570 1219 πονηρὸς
1615 1146 1734 1202 εἶπέ
1777 1168 1881 1214 σοι,

319 1242 408 1297 καὶ
431 1241 701 1312 ἐπλάνησέ
747 1257 844 1305 σε;
879 1240 1252 1312 Ἐπιθυμήσας
1279 1239 1388 1311 γὰρ
1419 1241 1747 1314 ὑψηλότερος
1793 1259 1886 1312 γε-

320 1330 518 1396 νέσθαι,
555 1333 634 1396 είς
667 1331 728 1385 τὸ
754 1327 914 1403 ἦττον
944 1330 1216 1398 ἐξέπεσεν.

392 1506 582 1579 Ἔρώτ.
615 1506 678 1572 ξ’.
714 1507 778 1560 Τί
803 1509 919 1561 ἐστι
950 1505 1031 1573 τὸ,
1069 1525 1087 1558 ι
1117 1507 1261 1579 Πρὸς
1289 1507 1348 1562 σέ
1376 1508 1408 1580 ή
1434 1508 1750 1581 ἀποστροφὴ
1779 1510 1881 1564 αύ-

318 1599 428 1664 τοῦ,
454 1600 547 1652 καὶ⁸
577 1602 640 1654 σὺ
671 1601 832 1653 αὑτοῦ
859 1599 1042 1672 ἄρξεις
1076 1616 1091 1665 ;
1131 1619 1152 1652 ι

397 1692 582 1744 Ἀπόκ.
629 1691 736 1752 Τοῦ
787 1689 1236 1764 προσενεχθέντος
1280 1691 1452 1764 δώρου
1495 1688 1651 1747 εἶπεν
1682 1695 1710 1746 6
1745 1693 1878 1758 Θεὸς

319 1779 391 1851 τῷ
435 1781 608 1845 Κάἷν,
650 1781 755 1844 ὅτι,
801 1781 974 1834 Αύτοῦ
1035 1781 1129 1834 τοῦ
1177 1780 1348 1852 δώρου
1385 1775 1447 1835 οὗ
1509 1784 1874 1855 προσήγαγες,

319 1873 677 1943 προσγένηται
712 1891 792 1927 σοι
825 1875 858 1944 ή
891 1875 1206 1947 ἀποστροφὴ
1237 1875 1402 1929 αὑτοῦ
1423 1918 1438 1940 ,
1471 1877 1566 1928 καὶ
1614 1877 1676 1929 σὺ
1721 1876 1874 1942 ἐξου-
1906 1895 1948 1953 Β

321 1964 519 2027 σιάσεις
546 1963 734 2017 αὑτοῦ.
774 1965 859 2027 Ὠς
885 1964 1058 2028 θέλεις
1081 1965 1325 2037 ποίησον.
1351 1963 1493 2034 Ἐγὼ
1521 1966 1628 2038 γάρ
1660 1967 1791 2021 αὐτὸ
1812 1967 1872 2020 ού

319 2055 737 2127 προσεδεξάμην.

382 2147 568 2218 Ἐρώτ.
597 2149 696 2214 ξω.
721 2146 818 2199 Διά
846 2147 918 2212 τί,
936 2147 1344 2219 ἁμαρτήσαντος
1368 2145 1459 2200 τοῦ
1496 2147 1684 2219 Ἀδὰμ,
1713 2147 1875 2202 Ἀεελ

314 2237 343 2290 6
363 2237 561 2302 δίκαιος
591 2237 976 2309 ἐτελεύτησεν;

382 2329 569 2383 Ἀπόκ.
601 2330 819 2401 Ἐπειδὴ
854 2331 951 2384 ούκ
993 2330 1254 2402 ήθέλησεν
1279 2333 1306 2384 6
1339 2330 1468 2395 Θεὸς
1500 2331 1748 2400 γενέσθαι
1780 2331 1870 2386 τοῦ

317 2420 536 2475 Θανάτου
560 2422 620 2474 τὸ
648 2421 894 2492 θεμέλιον
929 2423 1145 2493 ἰσχυρόν
1163 2441 1176 2452 ο
1205 2423 1254 2474 εἰ
1277 2420 1384 2492 γὰρ
1415 2423 1444 2474 6
1467 2421 1640 2492 Ἀδὰμ
1660 2423 1873 2494 πρῶτος

317 2509 677 2581 ἐτελεύτησεν,
716 2511 940 2581 ἰσχυρὰν
969 2513 1170 2574 ἐκεῖνος
1216 2510 1281 2563 ἂν
1310 2510 1407 2580 τὴν
1436 2510 1668 2582 κρηπῖδα
1695 2511 1868 2581 ἔσχεν,

314 2601 385 2665 ὡς
405 2601 616 2673 πρῶτον
635 2602 829 2672 νεκρὸν
850 2602 939 2654 τὸν
956 2601 1308 2674 ἡμαρτηκότα
1325 2600 1633 2670 δεξάμενος.
1652 2601 1868 2674 Ἐπειδὴ

313 2695 366 2748 δέ
391 2695 478 2748 τὸν
503 2696 702 2758 ἀδίκως
731 2695 1068 2766 ἀνῃρημένον
1095 2693 1312 2767 πρῶτον
1338 2693 1570 2759 ἐδέξατο,
1606 2695 1868 2766 σφαλερὸν

314 2783 418 2854 ἔχει
445 2786 533 2838 καὶ
562 2783 759 2856 σαθρὸν
786 2781 948 2837 αὑτοῦ
973 2783 1032 2836 τὸ
1063 2782 1330 2854 θεμέλιον.

378 2877 566 2948 Ἐρώτ.
592 2876 688 2946 ξβ’.
725 2877 790 2929 Τί
821 2876 986 2944 λέγει,
1007 2877 1089 2929 ὅτι
1127 2893 1146 2926 ι
1179 2877 1290 2939 Πᾶς
1317 2877 1344 2928 6
1375 2875 1701 2942 ἀποκτείνας
1724 2877 1864 2932 Κάῖν

312 2967 442 3020 ἑπτὰ
473 2967 833 3038 ἐκδικούμενα
867 2965 1166 3038 παραλύσει
1194 2982 1208 3032 ;
1254 2984 1273 3018 ι

375 3059 558 3112 ’Δπόκ.
586 3058 710 3121 Τοῖς
739 3058 888 3130 παρὰ
915 3056 1003 3110 τοῦ
1037 3058 1176 3111 Κάῖν
1204 3056 1624 3129 τετολμημένοις
1655 3058 1867 3130 πρῶτον

309 3151 602 3221 ἁμάρτημα
655 3150 847 3219 φθόνος
891 3151 982 3202 ἐπὶ
1030 3152 1096 3220 τῇ
1151 3150 1474 3221 προτιμήσει
1520 3149 1614 3202 τοῦ
1660 3150 1862 3204 Ἀϐελ·

1985 573 2115 630 Post
2165 575 2457 631 admissam
2511 593 2639 632 vero
2691 577 2900 648 peccati
2956 578 3348 648 experientiam
3403 577 3548 635 foliis

1985 667 2226 720 membra
2260 682 2358 721 sua
2389 670 2772 740 contegebant.

2055 777 2164 849 (91)
2201 780 2419 847 ρυεετ.
2462 781 2597 837 LIX.
2631 782 2772 849 Quid
2806 789 2930 839 est:
2959 801 2978 836 ι
3014 781 3155 839 Ecce
3173 780 3344 838 Adam
3368 782 3547 838 factus

1982 877 2065 926 est
2098 871 2240 926 sicut
2271 889 2410 928 unus
2433 889 2496 927 ex
2527 875 2688 930 nobis
2713 875 2797 928 7’?
2841 893 2860 927 ι
3258 896 3262 901 η

2053 949 2215 1017 Resp.
2239 959 2341 1016 Per
2373 963 2797 1032 increpationem
2829 963 2973 1019 Deus
3001 980 3192 1021 vanam
3233 965 3546 1036 Opinionem

1981 1048 2174 1104 Adami
2204 1053 2626 1120 reprehendens,
2655 1055 2785 1109 dicit
2813 1074 2826 1109 :
2857 1053 2996 1109 Num
3045 1055 3244 1110 factum
3287 1064 3372 1111 est
3401 1056 3546 1126 quod

1981 1147 2040 1194 tu
2099 1141 2214 1197 fore
2265 1145 2532 1213 putabas?
2576 1144 2833 1216 Nunquid
2885 1147 3028 1201 enim
3082 1145 3222 1202 Deus
3253 1164 3311 1202 es
3344 1147 3542 1212 factus,

1982 1232 2125 1287 sicut
2158 1235 2426 1303 malignus
2483 1236 2572 1291 ille
2629 1236 2765 1291 dixit
2799 1237 2917 1302 tibi,
2949 1245 3003 1293 et
3049 1249 3104 1294 te
3141 1239 3383 1309 decepit?
3410 1238 3541 1292 Nam

1979 1323 2248 1378 excelsior
2274 1325 2390 1379 fieri
2411 1342 2533 1380 cum
2555 1336 2795 1397 cuperet,
2820 1328 2875 1382 in
2906 1329 3164 1384 minorem
3187 1329 3387 1384 decidit
3413 1332 3545 1384 e'un-

1979 1415 2261 1472 ditionem.

2048 1505 2266 1572 Quasr.
2299 1504 2410 1562 LX.
2441 1506 2580 1573 Quid
2614 1514 2699 1563 est
2742 1507 2874 1562 illud
2906 1527 2919 1562 :
2952 1527 2971 1560 ι
3007 1509 3300 1565 Conversio
3329 1509 3448 1580 ejus
3475 1509 3543 1565 ad

1977 1603 2031 1652 te
2057 1599 2182 1664 erit,
2215 1607 2268 1654 et
2305 1606 2364 1654 tu
2403 1599 2772 1654 dominaberis
2803 1602 2851 1655 ei
2867 1601 2953 1654 ⁸⁰ἳ
2997 1620 3016 1654 ι

2047 1687 2209 1745 Resp.
2246 1687 2438 1746 Oblato
2470 1691 2636 1754 dono,
2687 1691 2822 1746 dixit
2859 1691 3003 1746 Deus
3029 1689 3096 1745 ad
3127 1691 3262 1747 Cain
3297 1709 3310 1746 :
3347 1691 3542 1748 Munus

1977 1780 2108 1835 illud
2169 1788 2344 1846 tuum,
2377 1782 2522 1853 quod
2571 1782 2844 1850 obtulisti,
2881 1784 2948 1836 ad
2998 1794 3049 1837 te
3098 1785 3374 1854 respiciat,
3406 1793 3457 1839 et
3485 1795 3540 1838 tu

1975 1869 2347 1926 dominaberis
2395 1872 2466 1934 ei,
2512 1873 2656 1942 agito
2711 1889 2836 1928 cum
2893 1889 2958 1928 eo
3017 1878 3160 1946 quo-.l
3197 1878 3343 1932 voles
3376 1896 3388 1931 :
3417 1892 3542 1932 nam

1980 1955 2114 2010 illud
2144 1971 2244 2026 ego
2274 1973 2382 2012 non
2417 1959 2634 2014 admisi.

2028 2130 2137 2202 (92)
2157 2131 2374 2197 Quas-1'.
2400 2131 2534 2187 LXI.
2553 2133 2730 2201 Quare
2748 2150 2869 2191 cum
2891 2146 3166 2208 peccasset
3182 2137 3372 2204 Adam,
3388 2139 3539 2206 Abel,

1973 2225 2066 2294 qui
2103 2225 2286 2293 justus
2316 2234 2452 2290 erat,
2491 2237 2739 2282 mortuus
2769 2229 2886 2282 est?

2042 2314 2205 2370 Resr.
2237 2315 2373 2382 Quia
2402 2319 2574 2372 noluit
2595 2318 2735 2374 Deus
2767 2321 2957 2378 mortis
2989 2322 3399 2380 fundamentum
3423 2342 3543 2382 esse

1971 2407 2186 2462 firmqu
2219 2426 2233 2462 :
2266 2425 2390 2464 nam
2421 2411 2466 2465 si
2485 2412 2656 2465 Adam
2697 2414 2905 2494 primus
2938 2413 3130 2472 fuisset
3161 2427 3426 2483 mortuus,
3453 2421 3543 2474 lir-

1970 2516 2113 2556 mam
2144 2502 2235 2557 illa
2265 2512 2412 2559 certe
2442 2505 2598 2560 basin
2646 2495 2948 2571 habuisset,
2985 2520 3239 2580 tauquam
3278 2529 3396 2582 qua:
3428 2517 3540 2584 pri-

1971 2607 2118 2647 mum
2149 2605 2440 2662 mortuum,
2459 2613 2580 2652 eum
2604 2599 2694 2668 qui
2721 2607 3016 2668 peccasset,
3041 2602 3386 2672 abripuisset.
3405 2609 3542 2672 Quia

1968 2698 2099 2738 vero
2129 2699 2253 2739 eum
2283 2687 2376 2756 qui
2412 2686 2610 2756 injuste
2643 2690 2741 2742 fuit
2775 2691 3155 2760 interemptus,
3192 2695 3424 2762 primum
3457 2712 3544 2752 re-

1967 2777 2140 2845 cepit;
2174 2777 2446 2833 lubricum
2480 2781 2642 2834 habet
2669 2789 2724 2835 et
2747 2782 2926 2835 debile
2957 2783 3396 2838 fundamentum.

2037 2867 2259 2934 Quasr.
2294 2869 2452 2926 LXII.
2485 2870 2626 2937 Quid
2658 2880 2744 2927 est
2778 2872 2922 2942 quod
2953 2873 3085 2927 dicit
3118 2892 3131 2928 :
3168 2895 3185 2926 ι
3219 2874 3406 2932 Omnis
3445 2877 3540 2946 qui

1966 2960 2228 3015 occiderit
2257 2960 2390 3016 Cain
2419 2972 2622 3033 septem
2661 2964 2892 3019 ultiones
2919 2967 3158 3020 exsolvet
3178 2966 3259 3020 "?
3288 2987 3307 3019 ι

2034 3049 2199 3107 Βεερ.
2239 3051 2297 3106 ιιι
2356 3053 2422 3108 iis
2477 3069 2598 3125 qua:
2647 3064 3057 3126 perpetrat-erat
3109 3057 3263 3122 Cain,
3305 3058 3538 3127 primum

1965 3151 2250 3212 peceatum
2278 3143 2381 3198 fuit
2411 3145 2634 3208 invidia,
2661 3157 2881 3216 propter
2905 3149 3313 3218 praerogativam
3334 3150 3536 3214 Abelis;

307 3238 549 3312 δεύτερον
576 3241 754 3304 δόλος,
799 3240 914 3311 μεθ’
943 3234 1001 3294 οὗ
1028 3239 1277 3310 διηλέχθη
1312 3239 1388 3310 τῷ
1416 3239 1626 3311 ἀδελφῷ
1659 3241 1826 3295 εἰπών
1848 3258 1862 3272 °

1970 3235 2293 3297 secundum,
2343 3237 2502 3291 dolus
2561 3252 2668 3306 quo
2727 3237 2947 3293 fratrem
2987 3241 3256 3295 aliocutus
3303 3250 3407 3305 est,
3451 3242 3536 3296 di-

314 3350 332 3382 ι
369 3333 666 3403 Διέλθωμεν
697 3334 777 3395 είς
801 3332 861 3386 τὸ
888 3332 1092 3385 πεδίον·
1125 3351 1143 3382 ι
1182 3331 1361 3403 τρίτον
1386 3332 1564 3400 φόνος,
1583 3332 1864 3406 προσθήκη

308 3424 392 3478 τοῦ
424 3426 594 3478 κακοῦ
616 3442 630 3458 ο
658 3425 936 3496 τέταρτον,
967 3425 1048 3478 ὅτι
1077 3423 1167 3476 τοῦ
1193 3423 1420 3494 ἀδελφοῦ
1453 3423 1653 3494 μείζων
1687 3427 1719 3496 ἡ
1750 3426 1866 3478 ἐπί-

306 3533 451 3582 τασις
471 3535 484 3547 ·
514 3518 781 3588 πέμπτον,
805 3517 885 3569 ὅτι
911 3517 1124 3584 γονεῦσι
1153 3516 1344 3578 πένθος
1373 3516 1651 3587 ἐποίησεν·
1685 3517 1862 3581 ἕκτον,

306 3607 380 3660 ὅτι
422 3607 520 3678 τὴν
571 3607 675 3677 γῆν
715 3607 938 3676 αἴμασιν
973 3605 1226 3676 ἐμίανεν⁸
1275 3605 1500 3675 ἕϐδομον
1527 3644 1542 3669 ,
1594 3606 1674 3658 δτι
1733 3607 1867 3661 Θεὸν

307 3701 580 3770 ἐψεύσατο.
620 3699 948 3770 Ἐρωτηθεὶς
988 3698 1116 3771 γὰρ,
1164 3699 1246 3752 ὅτι
1283 3717 1300 3749 ι
1330 3697 1438 3750 Ποῦ
1479 3700 1624 3752 ἐστιν
1659 3698 1868 3752 Ἀϐελό

308 3791 523 3860 ἀδελφός
564 3809 658 3845 σου
687 3809 700 3856 ;
729 3811 748 3842 ι
779 3785 930 3845 εἶπεν
950 3807 962 3819 ’
987 3809 1004 3840 ι
1030 3792 1142 3843 Ούκ
1170 3784 1306 3842 οἶδα.
1346 3807 1365 3841 ι
1408 3789 1576 3845 Ἑπτὰ
1600 3784 1692 3842 οὖν
1723 3789 1865 3842 ἐκδιο

306 3883 534 3956 κούμενα
579 3881 882 3955 παρελύετο
927 3884 983 3936 ἐν
1014 3882 1091 3954 τῷ
1117 3881 1465 3953 ἀναιρεθῆναι
1493 3882 1583 3936 τὸν
1616 3882 1772 3936 Κάῖν.

376 4059 546 4114 Ἐπτά
585 4056 947 4127 ἐκδικούμενά
986 4058 1091 4110 είσι
1131 4055 1334 4110 ταῦτα·
1373 4055 1585 4128 πρῶτον
1608 4096 1622 4122 ,
1661 4057 1743 4110 ὅτι
1775 4057 1866 4111 τὸν

306 4149 428 4204 Θεὸν
451 4149 772 4221 παρὼργισε
787 4165 800 4178 ·
835 4147 1081 4219 δεύτερον
1101 4188 1116 4213 ,
1147 4149 1228 4202 ὅτι
1249 4148 1340 4203 τὸν
1369 4149 1577 4219 πατέρα
1599 4148 1860 4220 ἐλύπησε·

306 4244 495 4315 τρίτον,
533 4243 748 4314 μητέρα
772 4242 992 4295 ἄτεκνον
1014 4241 1256 4307 ἀπέδειξε
1280 4257 1294 4271 ο
1329 4241 1610 4310 τέταρτον,
1641 4240 1866 4310 ἀδελφὸν

305 4335 606 4388 ἀπέκτεινεο
656 4333 937 4403 πέμπτον,
988 4326 1129 4402 αἷμα
1171 4331 1384 4402 ἐξέχεεν
1412 4347 1428 4363 ο
1475 4331 1630 4386 ἐκτον
1655 4372 1670 4398 ,
1707 4333 1864 4404 φόνον

305 4427 614 4498 εἰργάσατο·
643 4425 890 4496 ἕϐδομον,
926 4424 1058 4496 ᾅδην
1082 4423 1434 4478 ἐνεκαίνισεν.

367 4607 557 4681 Ἐρὼτ.
594 4608 697 4677 ξγθ.
735 4605 799 4658 Τί
844 4607 989 4660 ἐστι’
1026 4625 1046 4659 ι
1079 4604 1295 4670 Μείζων
1343 4607 1376 4678 ή
1425 4606 1572 4660 αίτία
1617 4623 1719 4677 μου
1766 4605 1861 4660 τοῦ

304 4699 560 4770 ἀφεθῆναί
592 4714 683 4770 μοι
712 4696 832 4768 ζῇν,
863 4699 957 4751 καὶ
989 4697 1065 4769 μὴ
1095 4696 1420 4762 ἀποθανεῖν;
1456 4715 1475 4748 ι

367 4899 552 4952 Ἀπόκ.
568 4919 587 4950 σ
605 4898 826 4962 Μείζων
859 4897 1121 4968 ἐγένετοή
1144 4897 1404 4970 καταδίκη
1427 4915 1526 4968 μου
1553 4915 1565 4928 ·
1581 4916 1599 4948 ι
1634 4897 1725 4950 καὶ
1751 4895 1860 4967 γάρ

301 4991 526 5056 τοιοῦτος
571 4991 800 5059 γέγονεν
827 4991 856 5043 6
899 4989 1036 5043 Κάῖν
1079 4991 1142 5043 ἐκ
1169 4989 1269 5059 τῆς
1309 4991 1552 5060 κατάρας
1578 4975 1668 5042 τοῦ
1701 4987 1856 5052 Θεοῦ,

300 5082 374 5134 ὅτι
426 5086 454 5136 6
500 5081 708 5152 τρόμος
750 5079 859 5133 ικαὶ
900 5081 929 5133 6
978 5079 1163 5143 κλόνος
1204 5079 1310 5132 τῶν
1372 5079 1547 5151 μελῶν
1583 5076 1768 5143 αύτοῦ,
1798 5071 1858 5130 οὗ

299 5170 451 5245 εἶχεν,
481 5174 605 5228 ούδέ
652 5173 850 5244 βρῶμα
877 5173 1057 5242 βαλεῖν
1094 5175 1150 5225 ἐν
1179 5172 1256 5243 τῷ
1283 5172 1507 5238 στόματι
1540 5171 1702 5225 αὐτοῦ
1736 5170 1864 5242 ἡδύ-

298 5283 436 5320 νατο.

359 5381 552 5453 Ἐρώτ.
608 5379 704 5444 ξδ’.
747 5378 812 5430 Τί
846 5377 990 5446 λέγει
1035 5377 1261 5448 Λάμεχ,
1317 5376 1399 5429 δτι
1450 5394 1469 5427 ι
1517 5375 1714 5436 ’Ἄνδρα
1758 5374 1862 5428 ἀπα

1891 4569 1940 4628 D

1967 3322 2171 3379 cendo:
2208 3324 2437 3382 «Eamus
2467 3327 2520 3380 in
2552 3344 2738 3399 agrum
2754 3329 2828 3395 ⁸³;
2855 3349 2874 3380 ι
2910 3333 3146 3396 tertium,
3171 3331 3366 3392 credes.
3391 3335 3539 3404 prio-

1967 3416 2043 3470 ris
2073 3416 2198 3470 mali
2229 3416 2693 3483 additamentum;
2725 3428 3003 3488 quartum,
3034 3425 3238 3490 peccati
3275 3438 3538 3492 augmen-

1966 3513 2080 3562 tum
2110 3509 2238 3578 quia
2264 3510 2462 3564 occidit
2485 3509 2704 3565 fratrem
2725 3529 2739 3576 ;
2764 3512 3036 3582 quintum,
3059 3514 3202 3583 quod
3224 3517 3538 3585 parentibus

1967 3599 2174 3654 luctum
2219 3605 2522 3672 pepererit;
2561 3613 2806 3669 sextum,
2839 3605 2984 3674 quod
3027 3613 3225 3660 terram
3273 3609 3538 3678 sanguine

1966 3692 2250 3760 polluerit;
2285 3694 2594 3764 septimum,
2613 3694 2753 3764 quod
2772 3696 3029 3750 mentitus
3047 3697 3118 3750 sit
3146 3695 3277 3750 Deo.
3297 3699 3536 3752 Interro-

1965 3790 2124 3852 gatus
2149 3783 2318 3847 enim,
2347 3803 2364 3836 ι
2395 3783 2624 3839 Ubinam
2641 3786 2872 3840 estAbel
2899 3787 3064 3841 frater
3082 3787 3242 3843 tuus?
3266 3807 3284 3838 ι
3307 3804 3534 3858 respon-

1965 3875 2042 3929 dit
2067 3895 2080 3929 :
2110 3893 2128 3927 ι
2163 3875 2357 3930 Nescio
2370 3877 2435 3931 ³³.
2455 3897 2474 3929 ι
2504 3879 2718 3947 Septem
2742 3879 2907 3948 igitur
2929 3879 3160 3934 ultiones
3179 3881 3532 3936 exsoluturus

1964 3979 2083 4023 erat
2112 3969 2205 4038 qui
2241 3968 2573 4024 interficeret
2603 3970 2758 4025 Cain.

2032 4055 2278 4113 Ultiones
2310 4057 2414 4112 illae
2443 4067 2667 4128 septem,
2701 4066 2830 4114 sunt
2859 4059 2976 4114 istae
3003 4079 3016 4114 ε
3048 4059 3251 4123 Prima,
3287 4060 3431 4130 quod
3465 4061 3532 4114 ad

1965 4148 2102 4204 iram
2128 4152 2505 4219 provocaverit
2526 4150 2692 4206 Deum
2716 4169 2731 4218 ;
2761 4153 3020 4219 secunda,
3049 4151 3194 4222 quod
3224 4152 3410 4207 dolore
3441 4169 3534 4221 pa-

1965 4249 2102 4296 trem
2143 4241 2412 4309 affecerit;
2445 4244 2625 4307 tertia,
2650 4242 2794 4312 quod
2827 4244 3013 4297 orbam
3045 4243 3236 4298 fecerit
3266 4251 3529 4309 matrem;

1963 4340 2179 4404 quarta,
2230 4333 2373 4405 quod
2429 4335 2762 4389 interemerit
2812 4334 3072 4402 fratrem;
3122 4335 3333 4405 quinta,
3387 4333 3532 4405 quod

1961 4425 2209 4481 effuderit
2234 4427 2584 4496 sanguinem;
2609 4435 2783 4491 sexta,
2809 4427 2950 4496 quod
2977 4427 3178 4482 czedem
3203 4429 3529 4499 patraverit;

1965 4519 2212 4588 septima,
2241 4517 2386 4588 quod
2422 4519 2692 4575 infernum
2731 4519 3084 4573 dedicaverit.

2034 4608 2254 4675 Qumsr.
2299 4608 2480 4663 LXIII.
2528 4610 2669 4676 Quid
2703 4619 2788 4666 est
2817 4611 2956 4679 quod
2987 4611 3122 4664 dixit
3151 4629 3164 4664 :
3199 4628 3218 4660 ι
3247 4609 3418 4678 Major
3450 4618 3532 4663 est

1963 4701 2124 4770 culpa
2177 4717 2298 4755 mea
2344 4716 2508 4770 quam
2559 4710 2618 4755 ut
2659 4701 2989 4756 concedatur
3018 4701 3149 4755 mihi
3185 4701 3314 4763 vita,
3340 4707 3392 4754 et
3421 4715 3531 4753 non

1963 4793 2241 4847 moriar“.
2284 4811 2304 4844 ›

2030 4905 2190 4961 Resp.
2219 4904 2441 4975 «Major,
2470 4905 2664 4977 inquit,
2728 4914 2815 4962 est
2870 4905 3252 4962 condemnatio
3311 4917 3470 4958 mea:
3505 4923 3526 4955 ι

1964 4997 2162 5052 etenim
2202 4997 2327 5050 talis
2385 5011 2481 5065 per
2526 4995 2957 5051 maledictionem
2990 4995 3081 5049 Dei
3127 4995 3304 5048 factus
3356 4992 3530 5046 fuerat

1966 5084 2120 5149 Cain,
2163 5095 2219 5140 ut
2269 5090 2447 5138 terror
2494 5084 2659 5155 268
2685 5093 2738 5138 et
2772 5085 3135 5140 membrorum
3170 5091 3374 5136 tremor
3419 5097 3528 5135 non

1967 5175 2292 5240 admitteret,
2325 5183 2385 5228 ut
2411 5177 2495 5231 vel
2524 5177 2704 5230 cibum
2731 5176 2832 5230 sibi
2871 5177 2925 5230 in
2957 5191 3019 5230 os
3050 5177 3292 5246 ingerere
3324 5182 3526 5244 posset.

2040 5371 2148 5442 (93)
2179 5370 2398 5437 Quassr.
2429 5371 2613 5426 LXIV.
2644 5372 2783 5438 Quid
2819 5381 2902 5428 est
2928 5373 3070 5444 quod
3101 5374 3231 5429 dicit
3260 5372 3525 5430 Lamech:

385 5543 429 5574 ⁷⁸
468 5540 674 5596 Genes.
711 5551 811 5601 ιιι,
849 5535 938 5590 22.
1012 5534 1058 5567 '°
1095 5534 1292 5590 Genes.
1329 5550 1401 5599 iv,
1439 5533 1490 5585 7.
1566 5533 1607 5563 ⁸¹
1651 5531 1782 5587 ibid.
1821 5530 1906 5585 I5.
1981 5529 2025 5562 ⁸⁸
2065 5527 2194 5584 ibid.
2236 5528 2289 5583 8.
2365 5529 2411 5560 ⁸³
2449 5527 2581 5584 ibid.
2617 5527 2672 5585 9.
2746 5525 2791 5559 “
2832 5527 2962 5583 ibid.
3001 5527 3086 5583 I5.

355 5717 465 5788 (9|)
490 5715 633 5788 Eide
653 5711 874 5788 Quaest.
1002 5709 1274 5788 Ibeodor.
1311 5711 1383 5788 in"
1396 5709 1580 5788 (lenes:
1737 5785 1746 5788 _
1795 5776 1828 5788 __

358 5779 468 5845 (θεί
497 5785 599 5842 Est
642 5783 853 5849 Quaest.
893 5781 962 5835 46
1007 5779 1214 5838 Theod.
1255 5783 1308 5834 in
1342 5779 1525 5835 Gener.
1562 5779 1863 5834 immutatis

1968 5708 2246 5780 paululum
2262 5779 2267 5780 ί
2283 5707 2484 5780 verbis.

2035 5780 2148 5851 (9'5)
2173 5777 2306 5835 Vide
2335 5779 2536 5843 Quaest.
2576 5777 2646 5833 Η
2674 5774 2998 5834 Theodoreti
3042 5777 3096 5832 in
3133 5774 3317 5831 Gem.
