3940 6516
557 381 660 439 759

1712 374 1773 429 S.
1812 370 2272 427 ATHANASIUS.
2314 402 2384 413 ——
2423 366 2695 426 SPURIA.
3678 367 3768 421 7l0

561 517 579 550 ι
611 495 798 554 Occidi
846 494 1019 549 virum
1066 491 1122 544 in
1151 489 1345 543 vulnus
1393 500 1594 551 meum,
1627 495 1681 542 et
1735 486 2112 543 adolescentu-

2237 503 2427 540 κτεινα
2454 488 2531 550 είς
2559 484 2778 557 τραῦμα
2820 483 2942 554 ἐμοὶ
2964 523 2979 547 ,
3005 484 3099 537 καὶ
3129 483 3407 537 νεανίσκον
3427 485 3506 546 εἰς
3536 484 3773 555 μώεωπα

553 593 663 646 ium
686 589 751 643 in
781 587 1014 641 livorem
1030 596 1225 657 'meum
1244 580 1325 633 3'?
1360 598 1380 631 ι

621 677 787 733 Βεει».
812 674 930 728 Νοιι
951 669 1083 727 dicit
1102 671 1191 725 hic
1210 670 1340 732 duo,
1358 668 1501 723 sicut
1523 668 1844 725 existimant
1865 668 2119 738 quidam:

2220 578 2379 648 ὲμοί;
2415 596 2434 629 ι

2289 668 2480 725 Ἀπόκ.
2514 669 2589 722 Οὐ
2643 667 2735 721 δύο
2770 666 2938 736 λέγει,
2983 662 3162 729 καθώς
3203 682 3347 729 τινες
3397 664 3769 736 ὑπειλήφασιν.

556 782 733 839 neque
782 764 917 819 Cain
965 761 1239 831 intelligit,
1278 768 1336 813 ut
1383 759 1603 829 quidam
1657 760 1992 823 fabulantur,
2028 758 2123 814 sed

2237 759 2338 813 >ὐδὲ
2362 760 2452 813 τὸν
2478 759 2729 824 Κάῖν,ὠς
2754 759 2929 828 ἕτεροι
2966 756 3491 828 μεμυθολογήκασιν,
3513 757 3630 809 ἀλλ’
3663 756 3768 817 ἕνα,

554 862 687 917 dicit
714 850 1005 928 quemdam
1031 856 1086 907 et
1118 853 1262 906 hunc
1296 849 1733 933 adolescentem.
1774 852 1908 906 Nam
1944 851 2078 905 illud
2106 869 2121 905 :

560 970 579 1003 ι
619 949 810 1003 Virum
839 949 895 1000 in
925 947 1122 1000 vulnus
1154 944 1355 1007 meum,
1385 950 1438 997 et
1462 944 1859 998 adolescentem
1895 943 1950 996 in
1980 942 2116 996 livo-

554 1056 667 1097 rem
705 1052 885 1093 meum
922 1053 936 1091 :
976 1054 995 1087 ι
1032 1035 1132 1089 hoc
1158 1043 1261 1099 est,
1313 1034 1487 1087 virum
1519 1032 1753 1102 junioris
1791 1032 1987 1087 aetatis.
2025 1029 2127 1085 De-

555 1129 777 1186 clinavit
799 1141 926 1181 vero
952 1139 1188 1195 plenam,
1223 1131 1444 1194 prOpter
1470 1123 1868 1177 confessionem
1894 1117 2124 1191 peccati,

556 1229 604 1275 et
636 1220 754 1289 ipsa
774 1233 872 1272 sua
902 1213 1169 1271 sententia
1200 1212 1522 1268 sententiam
1549 1209 1643 1266 Dei
1682 1210 1952 1264 cohibuit.

630 1391 742 1464 (96)
781 1390 1002 1457 Qwesr.
1062 1386 1226 1442 LXV.
1261 1385 1539 1453 Quosnam
1603 1385 1740 1441 ﬁlios
1783 1384 1878 1439 Dei
1916 1384 2130 1439 vocavit

560 1486 758 1548 Moses,
786 1484 1015 1538 dicens:
1053 1497 1071 1530 ι
1102 1477 1363 1533 Videntes
1392 1492 1519 1533 vero
1569 1477 1662 1530 ﬁlii
1718 1476 1807 1531 Dei
1844 1476 1986 1531 ﬁlias
2031 1476 2131 1531 ho-

562 1578 790 1640 minum,
828 1576 1153 1642 acceperunt
1180 1580 1273 1625 eas
1302 1570 1404 1624 sibi
1444 1584 1641 1624 uxores
1661 1558 1750 1622 '°?
1791 1587 1811 1619 »

644 1666 809 1721 Ras».
825 1666 902 1718 Ex
933 1662 1101 1717 Adam
1127 1661 1345 1731 quidem
1369 1669 1531 1715 natus
1555 1667 1637 1715 est
1664 1660 1814 1727 Seth,
1831 1660 1923 1731 qui
1939 1661 2130 1715 tertius

562 1767 681 1813 erat
727 1765 850 1827 post
876 1754 1032 1809 Abel.
1058 1752 1135 1807 Ex
1171 1753 1300 1807 Seth
1323 1760 1501 1806 autem
1543 1759 1704 1806 natus
1732 1760 1816 1808 est
1848 1751 2011 1813 Enos.
2035 1751 2128 1822 qui

566 1850 619 1902 in
652 1847 937 1902 Dominum
972 1844 1137 1899 Deum
1174 1858 1323 1913 spem
1368 1842 1559 1896 habuit
1593 1850 1647 1895 et
1681 1841 1953 1896 invocavit
1977 1857 2124 1896 eum.
2160 1822 2203 1878 Β

564 1937 723 1995 Unde
768 1936 861 2006 qui
908 1950 975 1990 ex
1029 1934 1132 1988 hoc
1171 1932 1282 1986 nati
1319 1941 1446 1986 sunt
1489 1930 1666 1993 liberi,
1698 1930 1792 1985 ﬁlii
1821 1930 1915 1985 Dei
1941 1930 2121 1985 vocati

565 2038 714 2094 sunt,
762 2024 1215 2098 quemadmodum
1267 2023 1429 2078 etiam
1463 2037 1564 2077 nos
1591 2038 1654 2077 ex
1681 2020 1883 2077 Christi
1910 2021 2125 2076 Domini

565 2124 739 2180 nostri
775 2121 1014 2183 nomine,
1039 2116 1333 2172 Christiani
1379 2114 1743 2168 nominamur.
1774 2110 2125 2184 Segregatum

564 2227 648 2272 εει
695 2214 841 2270 enim
888 2224 1061 2282 genus
1111 2208 1264 2271 Seth,
1299 2222 1399 2261 nec
1427 2213 1510 2260 est
1535 2220 1659 2260 cum
1685 2205 1753 2259 iis
1780 2206 2125 2259 commistum

564 2306 658 2378 qui
680 2309 835 2360 erant
856 2318 923 2357 ex
942 2300 1099 2364 Cain,
1124 2298 1266 2369 quod
1290 2298 1378 2352 ille
1397 2312 1428 2350 a
1445 2294 1555 2351 Deo
1578 2296 1957 2350 universorum
1985 2302 2130 2350 esset

564 2394 907 2452 maledictus.
957 2391 1150 2446 Postea
1183 2403 1312 2445 vero
1342 2387 1584 2443 videntes
1634 2387 1772 2442 ﬁlias
1819 2402 1885 2441 ex
1931 2395 2130 2456 cegna-

567 2491 713 2545 tione
756 2485 890 2541 Cain
938 2484 1193 2555 pulchras
1221 2495 1365 2546 esse,
1396 2486 1556 2550 atque
1588 2477 1865 2534 blanditiis
1897 2478 2127 2547 decepti,

568 2581 841 2637 duxerunt
890 2590 984 2632 eas
1022 2589 1240 2641 uxores,
1273 2579 1327 2628 et
1357 2585 1515 2627 suum
1549 2570 1624 2625 ita
1655 2584 1827 2641 genus
1858 2580 2133 2640 corrupe-

570 2679 720 2727 runt.

639 2763 857 2830 ρυλες-τ.
906 2758 1089 2813 LXVI.
1122 2757 1260 2826 Quid
1308 2764 1392 2813 est
1439 2755 1582 2827 quod
1629 2754 1798 2811 dicit:
1835 2774 1854 2807 ι
1881 2754 2014 2810 Cum
2049 2769 2135 2809 re-

573 2853 843 2924 spexisset
878 2849 1169 2917 Abraham,
1196 2847 1330 2903 vidit
1362 2867 1375 2903 :
1408 2859 1462 2903 et
1489 2862 1617 2903 ecce
1660 2847 1801 2902 aries
1843 2861 1984 2901 unus
2012 2860 2134 2901 cor-

570 2945 731 2999 nibus
755 2942 1046 3012 implicitus
1078 2941 1312 2996 haerebat
1334 2939 1403 2993 ad
1435 2940 1678 3011 plantam
1703 2939 1879 2994 Sabec
1903 2937 1983 2991 ‘7?
2006 2957 2025 2989 ι

640 3035 803 3091 Βεει».
835 3034 1025 3089 Planta
1067 3031 1236 3088 Sabec
1292 3039 1376 3087 est
1431 3031 1741 3087 veneranda
1770 3046 1903 3085 crux
1941 3050 1954 3084 ε
1980 3030 2135 3099 juxta

571 3125 828 3183 Hebraeos
870 3139 1000 3179 vero
1024 3123 1233 3179 videtur
1275 3122 1448 3178 Sabec
1477 3122 1731 3178 remissio
1756 3138 1880 3178 esse
1904 3129 1958 3176 et
2007 3137 2138 3176 con-

571 3218 814 3273 donatio.
843 3216 998 3271 Aries
1031 3230 1159 3270 vero
1191 3215 1285 3284 qui
1316 3216 1372 3269 in
1404 3213 1578 3269 Sabec
1611 3214 1851 3270 haerebat
1878 3214 1946 3268 ad
1984 3215 2139 3285 plan-

573 3317 706 3374 tam,
737 3311 830 3378 qui
861 3299 1025 3363 etiam
1054 3321 1152 3376 pro
1182 3306 1334 3360 Isaac
1367 3307 1743 3360 holocaustum
1779 3304 1998 3360 oblatus
2032 3314 2138 3370 est,

574 3396 949 3467 praeﬁgurabat
979 3395 1277 3461 Christum,
1302 3394 1638 3448 immolatum
1667 3408 1767 3464 pro
1793 3393 1949 3451 nobis
1970 3394 2142 3450 sacri-

575 3490 756 3544 ﬁcium
816 3489 1244 3553 immaculatum,
1272 3496 1326 3543 et
1376 3489 1469 3559 qui
1524 3502 1625 3553 pro
1679 3487 1837 3543 nobis
1874 3488 1928 3541 in
1977 3503 2143 3544 cruce

574 3588 805 3634 mortem
836 3579 1023 3634 subiit.
1054 3598 1073 3631 (
1102 3578 1238 3632 Nam
1266 3580 1387 3649 ejus
1415 3578 1590 3633 vibice
1616 3592 1715 3633 nos
1748 3592 1937 3634 omnes
1965 3579 2143 3633 sanati

576 3682 787 3740 simus,
829 3691 848 3724 ι
890 3671 1065 3743 inquit
1092 3672 1282 3735 Isaias,
1320 3689 1340 3723 ι
1370 3678 1423 3725 et
1450 3686 1549 3741 pro
1580 3670 1740 3726 nobis
1765 3671 2060 3737 cruciatur,
2090 3678 2145 3725 et

576 3773 797 3836 propter
811 3773 1029 3835 peccata
1053 3771 1237 3817 nostra
1255 3763 1569 3816 vulneratus
1592 3767 1675 3816 est
1689 3760 1754 3815 ⁸⁸.
1770 3779 1787 3811 ι
1812 3759 1963 3814 Sicut
1984 3762 2145 3830 igitur

576 3856 721 3911 aries
752 3857 842 3911 ille
872 3871 970 3925 pro
999 3857 1152 3910 Isaae
1178 3855 1395 3908 oblatus
1420 3861 1525 3917 est,
1557 3854 1631 3908 ita
1658 3852 1910 3909 Christus
1950 3853 2145 3907 immo-

578 3947 725 4002 latus
754 3953 840 4001 est
875 3959 975 4015 pro
1006 3945 1164 3999 nobis
1201 3944 1476 3999 omnibus.

650 4130 762 4202 (95)
785 4130 1004 4197 Qums'r.
1037 4129 1243 4185 LXVII.
1267 4122 1407 4197 Quid
1435 4139 1520 4187 est
1553 4129 1697 4201 quod
1729 4128 1910 4199 inquit
1953 4128 2146 4184 Isaac:

585 4238 605 4271 ι
642 4219 784 4276 Ecce
814 4221 949 4275 odor
975 4222 1067 4274 lilii
1096 4221 1201 4275 mei
1232 4221 1374 4275 sicut
1396 4221 1531 4275 odor
1556 4221 1669 4290 agri
1704 4220 1918 4291 plenus,
1945 4220 2035 4272 cui
2064 4220 2151 4273 be-

580 4312 796 4367 nedicat
833 4311 1095 4368 Dominus
1128 4319 1221 4367 :et
1240 4312 1330 4367 det
1355 4312 1452 4367 tibi
1477 4310 1738 4366 Dominus
1766 4309 1833 4364 de
1870 4324 1993 4365 rore
2024 4309 2148 4364 coeli

580 4412 638 4457 et
663 4402 732 4459 de
754 4403 1079 4473 pinguedine
1114 4410 1273 4458 terrae
1295 4412 1347 4457 et
1370 4402 1757 4458 abundantiam
1797 4400 2054 4455 frumenti
2092 4408 2146 4456 et

580 4494 708 4558 olei,
730 4504 785 4549 et
813 4494 1052 4548 serviant
1086 4495 1181 4547 tibi
1210 4494 1416 4564 populi,
1452 4513 1471 4546 ι
1502 4500 1609 4551 etc.
1628 4493 1712 4548 “i

647 4584 812 4641 Resp.
842 4590 985 4657 Ager
1015 4595 1098 4641 est
1129 4587 1364 4641 mundus
1398 4604 1412 4637 :
1450 4601 1540 4640 ros
1582 4601 1711 4641 vero
1736 4587 1857 4644 ειειί
1891 4586 2149 4641 divinitas

583 4685 667 4733 est
715 4696 730 4731 :
770 4674 1038 4747 pinguedo
1070 4684 1251 4730 autem
1285 4685 1443 4731 terrae
1464 4686 1548 4731 est
1580 4677 1911 4732 humanitas.
1943 4677 2147 4743 Quem-

585 4765 875 4822 admodum
914 4766 1077 4837 igitur
1127 4781 1218 4820 ros
1269 4767 1486 4835 quidem
1538 4766 1884 4823 invisibiliter
1921 4768 2149 4822 descen-

585 4857 666 4911 dit
700 4865 755 4913 et
808 4857 865 4911 in
913 4864 1057 4911 terra
1107 4857 1415 4914 consistens
1454 4867 1709 4929 apparet,
1743 4859 1933 4913 eodem
1990 4859 2148 4913 modo

584 4943 728 5000 Deus
778 4943 1037 5007 Verbum,
1084 4946 1178 5016 qui
1230 4946 1519 5002 invisibilis
1565 4958 1667 5010 est,
1701 4964 1795 5019 per
1826 4965 2045 5004 carnem
2090 4951 2143 5004 in

585 5044 729 5089 terra
775 5044 1099 5106 conspectus
1128 5045 1232 5101 est,
1260 5045 1460 5092 etcum
1502 5039 1811 5095 hominibus
1847 5056 2144 5096 conversa-

585 5134 696 5182 tus.
751 5127 1104 5184 Frumentum
1146 5144 1279 5185 vero
1324 5137 1378 5185 et
1426 5134 1636 5193 vinum.
1678 5145 2143 5190 sacramentorum

585 5221 891 5275 divinorum
940 5230 1068 5277 sunt
1123 5224 1429 5294 :nnigmata.
1468 5223 1533 5278 Et
1583 5240 1771 5282 omnes
1819 5229 2000 5298 pOpuIi
2031 5244 2146 5284 ser-

587 5312 739 5366 viunt
772 5312 1010 5369 Christo.

2223 853 2319 907 καὶ
2343 852 2531 907 τοῦτον
2562 852 2680 907 νέον
2700 868 2714 883 ’
2752 869 2770 902 ι
2806 852 2971 923 ἄνδρα
3003 870 3022 903 ι
3067 851 3175 921 γὰρ
3208 869 3227 901 ι
3265 850 3345 912 είς
3372 848 3595 920 τραῦμα
3640 849 3770 917 ἐμοὶ,

2224 945 2318 998 καὶ
2342 944 2622 997 νεανίσκον
2646 944 2724 1006 είς
2765 939 3005 1012 μώλωπα
3034 940 3187 1009 ἐμοί’
3224 957 3245 991 ι
3282 940 3580 1004 τουτέστιν,
3618 938 3771 1008 ἄνδρα

2225 1036 2345 1091 νέον
2398 1036 2589 1107 ἔχοντα
2641 1034 2739 1106 τὴν
2791 1031 3024 1105 ἡλικίαν.
3078 1031 3310 1100 Διέφυγε
3368 1030 3426 1083 δὲ
3475 1031 3576 1100 τὴν
3611 1047 3770 1098 τιμω-

2229 1126 2349 1200 ρίαν
2393 1127 2482 1181 διὰ
2529 1127 2628 1199 τὴν
2686 1124 2972 1196 ὁμολογίαν
3020 1123 3122 1194 τῆς
3166 1122 3464 1194 ἁμαρτίας,
3515 1122 3614 1173 καὶ
3663 1119 3769 1173 καθ’

2227 1215 2418 1271 ἑαυτοῦ
2455 1216 2553 1289 τὴν
2600 1216 2778 1290 ψῆφον
2821 1212 3129 1284 ἐπενεγκὼν
3148 1254 3164 1281 ,
3211 1213 3308 1285 τὴν
3349 1212 3498 1266 θείαν
3546 1211 3769 1266 ἐκώλυσε

2227 1307 2423 1379 ψῆφον.

2300 1399 2493 1472 Ἐρώτ.
2522 1398 2614 1466 ξεθ.
2647 1398 2812 1462 Τίνας
2857 1397 3009 1461 υἱοὺς
3046 1394 3180 1450 Θεοῦ
3209 1394 3475 1464 κέκληκεν
3500 1398 3528 1449 6
3561 1395 3767 1464 Μωσῆς,

2228 1490 2397 1544 είπών
2419 1507 2432 1521 ·
2478 1508 2498 1541 ι
2540 1490 2760 1553 Ἰδόντες
2800 1488 2857 1542 δὲ
2887 1489 2991 1541 υίοὶ
3038 1486 3132 1541 τοῦ
3169 1485 3303 1539 Θεοῦ
3352 1486 3453 1550 τὰς
3488 1486 3771 1556 θυγατέρας

2229 1582 2336 1638 τῶν
2368 1579 2685 1653 ἀνθρώπων,
2721 1579 2910 1635 ἔλαϐον
2944 1580 3152 1642 ἑαυτοῖς
3185 1580 3483 1647 γυναῖκας;
3517 1595 3535 1629 ι

2298 1671 2486 1724 Ἀπόκ.
2509 1671 2605 1723 Ἐκ
2633 1669 2732 1740 μὲν
2757 1668 2851 1721 τοῦ
2878 1668 3051 1738 ’Δδὰμ
3087 1666 3349 1738 ἐγεννήθη
3378 1668 3407 1720 6
3435 1666 3540 1738 Σήθ
3558 1681 3576 1696 ο
3604 1664 3767 1735 τρίτος

2214 1764 2338 1837 γὰρ
2364 1760 2432 1836 ἦν
2456 1762 2562 1817 ἀπὸ
2586 1762 2680 1815 τοῦ
2706 1761 2871 1816 Ἅϐελ
2889 1779 2903 1792 ο
2940 1762 3005 1814 ὲκ
3031 1760 3087 1814 δὲ
3116 1759 3209 1814 τοῦ
3235 1759 3341 1832 Σὴθ
3364 1761 3392 1813 6
3419 1756 3609 1821 Ἐνώς.
3628 1753 3771 1820 οὗτος

2228 1859 2452 1930 ήλπισεν
2490 1853 2863 1908 ἐπικαλεῖσθαι
2912 1852 3002 1906 τὸν
3047 1852 3251 1924 Κύριον
3304 1851 3400 1904 καὶ
3448 1849 3600 1903 Θεόν.
3633 1849 3772 1901 Ὅθεν

2228 1950 2277 2003 οἱ
2307 1951 2370 2002 ὲκ
2391 1944 2576 2001 τούτου
2603 1944 2952 2016 γεννηθέντες
2978 1943 3162 2007 παῖδες
3194 1943 3299 1996 υίοὶ
3326 1941 3460 1995 Θεοῦ
3492 1941 3770 2012 ἐχρημάτι-

2232 2060 2350 2108 σαν,
2385 2039 2571 2111 ὥσπερ
2596 2039 2689 2093 καὶ
2724 2038 2883 2108 ἡμεῖς
2908 2038 2971 2090 ὲκ
2998 2036 3101 2107 τῆς
3139 2034 3232 2089 τοῦ
3267 2034 3527 2088 δεσπότου
3556 2031 3769 2105 Χριστοῦ

2231 2133 2597 2207 προσηγορίας
2625 2130 2939 2204 Χριστιανοὶ
2968 2129 3295 2200 καλούμεθα.
3336 2129 3447 2182 Καὶ
3481 2125 3589 2199 γὰρ
3622 2123 3769 2195 κεχὼο

2234 2230 2383 2301 ριστο
2408 2227 2500 2281 τοῦ
2527 2227 2634 2298 Σήθ
2664 2211 2725 2280 τδ
2756 2225 2930 2295 γένος,
2953 2224 3044 2277 καὶ
3070 2225 3170 2277 οὐκ
3200 2222 3456 2294 ἐμίγνυτο
3474 2222 3586 2283 τοῖς
3611 2222 3672 2272 ἐκ
3694 2217 3771 2271 τοῦ

2232 2320 2370 2373 Κάῖν
2393 2319 2480 2372 διὰ
2508 2317 2603 2390 τὴν
2640 2317 3019 2387 ἐπενεχθεῖσαν
3049 2314 3197 2386 αὐτῷ
3229 2315 3378 2386 παρὰ
3413 2312 3508 2366 τοῦ
3532 2312 3662 2365 Θεοῦ
3686 2310 3773 2363 τῶν

2231 2411 2367 2465 ὅλων
2390 2410 2549 2481 ἀράν.
2574 2410 2838 2482 Ὕστερον
2862 2408 2955 2462 καὶ
2980 2407 3204 2470 εὐειδεῖς
3230 2406 3553 2476 θεασάμενοι
3574 2403 3670 2468 τὰς
3699 2402 3774 2454 θο-

2233 2502 2470 2574 γατέρας
2500 2504 2599 2574 τῆς
2626 2501 2717 2554 τοῦ
2748 2501 2887 2554 Κάῖν
2924 2499 3260 2568 συγγενείας,
3295 2497 3390 2551 καὶ
3414 2494 3775 2564 καταθελχθὲν-

2234 2610 2345 2656 τες,
2372 2591 2560 2644 ἔλαϐον
2590 2588 2756 2654 αὐτὰς
2791 2589 3000 2651 ἑαυτοῖς
3033 2590 3112 2651 είς
3138 2589 3423 2656 γυναῖκας,
3453 2586 3547 2638 καὶ
3569 2582 3774 2652 meo“-

2239 2701 2336 2757 ραν
2362 2682 2459 2754 τὴν
2491 2682 2696 2736 οἰκείαν
2728 2680 3067 2749 συγγένειαν.

2306 2773 2498 2847 Ἐρώτ.
2529 2772 2633 2839 ξςν.
2674 2771 2739 2824 Τί
2776 2772 2805 2825 ὂ
2850 2772 3040 2841 λέγει’
3096 2790 3116 2823 ‹
3151 2769 3481 2833 Ἀναϐλέψας
3528 2766 3771 2838 Ἀϐραὰμ,

2238 2866 2344 2924 εἶδε
2365 2884 2381 2899 ο
2424 2869 2518 2922 καὶ
2554 2867 2663 2920 ίδοὺ
2701 2849 2854 2938 κριὸς
2903 2861 2984 2931 εἷς
3028 2865 3385 2936 κατεχόμενος
3413 2862 3523 2917 τῶν
3558 2861 3774 2931 κεράτων

2239 2959 2401 3015 αὑτοῦ
2427 2961 2484 3012 ὲν
2518 2957 2667 3029 φυτῷ
2699 2958 2877 3011 Σαὸἐκ
2900 2974 2915 3024 ;
2941 2976 2960 3010 ι

2309 3052 2493 3106 Ἀπόκ.
2524 3050 2692 3104 Φυτὺν
2740 3049 2917 3103 Σαδὲκ
2948 3051 2976 3103 6
3009 3048 3188 3120 τίμιός
3219 3050 3335 3102 ἐστι
3370 3047 3628 3119 σταυρόςο
3658 3042 3774 3098 κατὰ

2239 3138 2294 3195 δὲ
2328 3136 2611 3213 Ἐϐραίους
2637 3138 2782 3192 δοκεῖ
2831 3137 2880 3190 τὸ
2914 3137 3091 3191 Σαδὲκ
3116 3136 3359 3208 ἀφέσεως
3389 3138 3485 3191 καὶ
3519 3133 3771 3205 συγχωρή-

2240 3250 2396 3297 σεως.
2435 3232 2493 3285 Ὁ
2514 3231 2571 3285 δὲ
2590 3233 2648 3284 ὲν
2671 3229 2749 3301 τῷ
2768 3229 2944 3284 Σαϐὲκ
2964 3228 3041 3300 τῷ
3069 3228 3219 3300 φυτῷ
3243 3228 3604 3299 κατεχόμενος
3624 3224 3771 3295 κριὸς,

2237 3324 2383 3387 ὅστις
2404 3322 2500 3377 καὶ
2537 3324 2615 3385 είς
2643 3320 2832 3375 θυσίαν
2862 3319 3291 3392 προσήχθηόωτὶ
3312 3318 3521 3381 Ἰσαὰκ,
3550 3317 3637 3371 τὸν
3664 3318 3774 3385 Χρι-

2241 3415 2364 3469 στὸν
2396 3412 2724 3487 προετύπου,
2741 3411 2832 3465 τὸν
2856 3410 3281 3484 προσενεχθέντα
3307 3410 3445 3482 ὑπὲρ
3471 3408 3624 3481 ἡμῶν
3648 3408 3772 3477 ἄμω-

2244 3522 2342 3577 μον
2390 3508 2605 3579 ίερεῖον,
2636 3504 2730 3558 καὶ
2773 3504 2832 3558 ὲν
2873 3503 2951 3574 τῷ
2985 3502 3204 3575 σταυρῷ
3235 3502 3463 3557 θάνατον
3501 3501 3775 3555 ὑποστάντα

2240 3597 2425 3651 ἕνεκεν
2451 3596 2625 3669 ήμῶν.
2660 3615 2679 3648 ι
2711 3594 2800 3667 Τῷ
2827 3593 2935 3665 γὰρ
2970 3593 3196 3663 μώλωπι
3224 3594 3388 3648 αὑτοῦ
3418 3596 3578 3665 ἡμεῖς
3609 3592 3774 3651 πάντες

2247 3688 2504 3759 ίάθημεν,
2542 3706 2561 3739 ι
2607 3687 2769 3756 φησιν
2806 3684 3029 3749 Ἡσαΐας
3050 3724 3066 3751 ,
3099 3704 3117 3735 ι
3151 3685 3244 3738 καὶ
3275 3684 3402 3755 περὶ
3431 3684 3589 3754 ἡμῶν
3623 3681 3775 3735 ὀδυνᾶ-

2243 3798 2350 3843 ται,
2380 3779 2475 3833 καὶ
2517 3776 2923 3849 ὲτραυματίσθη
2972 3775 3065 3829 διὰ
3109 3775 3207 3839 τὰς
3257 3774 3529 3845 ἁμαρτίας
3564 3772 3769 3845 quini.»

2245 3870 2456 3941 Ὥσπερ
2494 3867 2524 3919 6
2558 3867 2709 3938 κριὸς
2746 3868 2951 3929 ἐκεῖνος
2985 3860 3079 3918 οὖν
3131 3864 3411 3936 προσήχθη
3446 3866 3567 3918 ἀντὶ
3600 3860 3772 3923 Ἰσαὰκ,

2244 3961 2384 4014 οὕτω
2436 3960 2529 4013 καὶ
2575 3961 2604 4012 6
2654 3958 2886 4030 Χριστὸς
2932 3956 3212 4029 προσήχθη
3251 3956 3390 4027 ὑπὲρ
3442 3955 3598 4027 ήμῶν
3632 3953 3773 4008 ἀπάν-

2245 4065 2372 4104 των.

2316 4137 2509 4211 Ἐρώτ.
2541 4137 2635 4204 EC’.
2665 4138 2730 4191 Τί
2758 4136 2905 4207 λέγει
2936 4140 2964 4192 6
2992 4136 3202 4201 Ἰσαὰκ,
3224 4138 3305 4191 ὅτι
3337 4155 3357 4188 ι
3386 4136 3519 4190 Ἰδοὺ
3547 4135 3676 4206 ὀσμή
3699 4131 3774 4186 τοῦ

2247 4231 2362 4285 υἱοῦ
2392 4248 2492 4301 μου
2525 4231 2598 4294 ὠς
2630 4230 2772 4302 ὀσμὴ
2807 4229 2978 4301 ἀγροῦ
3013 4229 3257 4302 πλήρης,
3286 4229 3343 4283 ὃν
3369 4228 3651 4298 εὐλογῆσαι
3682 4223 3774 4277 Κύ-

2251 4341 2393 4395 ριος,
2438 4322 2531 4377 καὶ
2574 4321 2683 4393 δῴη
2723 4339 2804 4375 σοι
2850 4323 3054 4395 Κύριος
3093 4322 3200 4375 ἀπὸ
3238 4321 3339 4393 τῆς
3367 4321 3558 4390 δρόσου
3593 4316 3677 4371 τοῦ
3701 4315 3774 4368 οὐ·

2252 4413 2412 4485 ρανοῦ
2462 4413 2556 4467 καὶ
2595 4412 2704 4466 ἀπὸ
2752 4412 2851 4482 τῆς
2892 4412 3144 4484 πιότητος
3188 4413 3287 4483 τῆς
3323 4412 3456 4483 γῆς,
3487 4410 3578 4465 καὶ
3609 4407 3777 4477 πλῆθος

2180 4522 2225 4577 ι)
2254 4505 2399 4557 σίτου
2418 4504 2512 4556 καὶ
2522 4502 2688 4569 οἴνου,
2717 4503 3264 4558 καὶδουλευσάτωσάν
3289 4519 3370 4557 σοι
3396 4504 3544 4573 ἔθνη,
3579 4520 3598 4555 ι
3619 4499 3703 4555 καὶ
3723 4497 3777 4551 τὰ

2249 4595 2397 4667 ἑξῆς.

2320 4687 2509 4741 Ἀπόκ.
2532 4686 2726 4759 Ἀγρός
2746 4688 2893 4741 ἐστιν
2920 4689 2949 4740 ό
2972 4687 3171 4757 κόσμος
3193 4703 3208 4717 ·
3230 4685 3418 4758 δρόσος
3437 4686 3495 4740 δὲ
3515 4681 3719 4756 οὐρανοῦ
3749 4680 3775 4748 ἡ

2250 4778 2439 4849 θεότης
2451 4794 2465 4809 ο
2481 4777 2669 4848 πιάιης
2685 4777 2744 4830 δὲ
2755 4779 2852 4847 τῆς
2862 4778 2965 4847 γῆς
2980 4779 3013 4847 ή
3028 4777 3124 4831 ἀνθ
3132 4777 3397 4847 ρωπότης.
3414 4776 3615 4846 Ὠσπερ
3628 4773 3776 4825 τοίνυν

2249 4871 2283 4941 ή
2320 4870 2507 4943 δρόσος
2536 4869 2632 4939 μὲν
2657 4868 2904 4939 ἀοράτως
2929 4868 3156 4931 κάτεισι,
3184 4868 3332 4922 κάτω
3362 4868 3419 4922 δὲ
3453 4863 3774 4935 συνισταμένη

2251 4962 2457 5031 γίνεται
2486 4961 2632 5032 ,δήλη
2659 4977 2674 4990 ·
2706 4959 2879 5024 οὕτως
2904 4960 3133 5032 ἀόρατος
3160 4960 3234 5014 ὢν
3257 4965 3285 5015 ό
3316 4961 3446 5025 Θεὸς
3487 4961 3675 5027 Λόγος,
3707 4953 3777 5008 διὰ

2251 5054 2350 5123 τῆς
2392 5049 2588 5122 σαρκὸς
2622 5049 2714 5102 ἐπὶ
2742 5049 2844 5118 τῆς
2877 5050 2980 5118 γῆς
3009 5049 3161 5121 ὤφθη
3185 5090 3200 5114 ,
3234 5050 3329 5102 καὶ
3357 5051 3470 5112 τοῖς
3507 5045 3778 5118 exlegem;

2254 5143 2677 5215 συνανεστράφη.
2713 5141 2823 5195 Καὶ
2855 5142 2884 5193 6
2917 5145 3060 5204 σῖτος
3087 5142 3142 5194 δὲ
3171 5141 3267 5194 καὶ
3293 5144 3322 5195 6
3352 5136 3491 5204 οἶνος
3519 5138 3621 5193 τῶν
3641 5136 3777 5189 θείων

2254 5234 2564 5306 μυστηρίων
2597 5232 2910 5303 αἰνίγματα.
2938 5232 3254 5286 Δουλεύουσι
3285 5234 3463 5287 πάντα
3492 5230 3556 5285 τὰ
3574 5228 3692 5295 ἔθνη
3714 5222 3778 5292 τῷ

2251 5325 2493 5399 Χριστῷ.

655 5515 701 5552 ³³
737 5514 932 5574 Cenes.
969 5532 1053 5584 tv,
1086 5518 1175 5573 23.
1250 5521 1297 5552 ³⁸
1334 5519 1469 5575 Gen.
1493 5537 1569 5584 vi,
1606 5521 1661 5578 2.
1738 5500 1782 5555 έτ
1821 5521 2018 5579 Cenes.
2058 5540 2136 5578 xx:

2244 5527 2327 5579 I3.
2406 5527 2451 5559 ⁸⁸
2489 5526 2745 5589 Ιεο.ι.ιιι,
2782 5527 2836 5581 5.
2910 5526 2955 5559 ⁸⁸
2993 5527 3188 5582 Cenes.
3228 5543 3408 5591 xxvii,
3443 5526 3527 5580 Ξῖ.

656 5688 1130 5767 (θυηειξείιυιεει.
1183 5696 1375 5754 similis
1406 5707 1488 5753 est
1516 5700 1584 5753 37
1614 5701 1685 5757 ad
1712 5700 2047 5767 Antiochum,
2088 5709 2143 5756 et

587 5759 788 5825 Quaest.
821 5762 889 5815 47
923 5759 1248 5821 Theodoreti
1290 5769 1343 5821 in
1387 5767 1629 5823 Genesin.

2324 5704 2431 5777 (U5)
2458 5704 2591 5760 Vide
2614 5712 2803 5776 qutcst.
2840 5704 2909 5759 82
2934 5704 3257 5762 Theodoreti
3288 5705 3339 5758 in
3370 5703 3548 5759 Cum.
