4088 6382
321 317 412 372 741

1411 311 2094 373 INTERPRETATIONES
2127 308 2216 372 EX
2257 315 2318 373 ν.
2360 313 2423 371 Τ.

3452 321 3554 376 ’ἲιῖ

388 434 579 506 Ἐρώτ.
630 435 730 504 ξη’.
763 434 828 486 Τί
861 432 1040 503 δηλοῖ,
1091 434 1170 486 ὅτι
1215 434 1403 487 ἔλαϐεν
1447 437 1476 488 6
1508 434 1700 489 Ἰακὼϐ
1733 438 1880 508 τρεῖς

2046 434 2266 500 Ουιεετ.
2295 433 2520 490 LXVIII.
2551 433 2690 500 Quid
2723 451 2822 506 per
2856 436 2987 490 illud
3022 437 3376 507 signiﬁcatur,
3403 440 3548 510 quod

324 529 566 601 ῥάϐδους,
589 526 805 597 χλωρὰν
835 525 1182 596 στυρακίνην,
1207 527 1298 579 καὶ
1323 528 1602 597 καρυῖνην,
1623 528 1716 581 καὶ
1748 527 1882 580 πλα-

322 621 526 684 τανίαν,
553 620 649 672 καὶ
675 617 782 688 (44)
817 617 1105 670 ἐλέπτυνεν
1135 619 1305 681 αὑτάς
1328 635 1342 683 ;

385 733 578 786 Ἀπόκ.
613 733 680 784 Αἱ
707 733 855 803 τρεῖς
887 731 1070 802 ῥάϐδοι
1107 731 1448 801 συμϐολικῶς
1479 733 1616 784 είσιν
1648 732 1702 784 αῖ
1737 733 1883 802 τρεῖς

321 825 571 894 δυνάμεις
613 824 711 894 τῆς
753 823 957 893 ψυχῆς,
984 822 1044 874 τὸ
1083 821 1318 890 λογικὸν,
1353 823 1528 875 καὶτὸ
1560 823 1883 892 ἐπιθυμητι-

325 918 446 980 κὸν,
478 917 570 969 κα)⁸
600 917 661 968 τὸ
696 914 1026 986 θυμητικόν·
1064 915 1182 985 ἧτοι
1216 915 1269 968 αἱ
1309 917 1455 986 τρεῖς
1493 914 1743 985 θεωρίαι,
1776 914 1882 966 τῶν

327 1010 621 1079 σωμάτων,
659 1007 765 1060 τῶν
806 1006 1138 1076 ἀσωμάτων,
1177 1005 1394 1074 καὶτῆς
1421 1004 1580 1072 ἁγίας
1626 1005 1879 1076 Τριάδος·

327 1098 437 1167 ἢτοι
469 1095 702 1164 γενικῶς
730 1095 762 1164 ἡ
795 1093 1068 1164 πρακτικὴ
1100 1092 1186 1144 διὰ
1218 1094 1313 1163 τῆς
1341 1095 1635 1162 καρυῖνης,
1682 1095 1714 1162 ἠ
1747 1091 1883 1146 Θεω-

329 1188 516 1260 ρητικὴ
563 1187 619 1239 δὲ
667 1187 756 1239 διὰ
802 1186 897 1255 τῆς
940 1185 1300 1256 στυρακίνης⁸
1343 1185 1430 1238 διὰ
1460 1184 1516 1236 δὲ
1549 1186 1646 1255 τῆς
1683 1184 1885 1240 πλατά-

325 1296 410 1333 νου
446 1279 536 1331 τὸν
583 1277 786 1348 κόσμον
830 1276 1014 1329 τοῦτον
1056 1277 1150 1328 καὶ
1179 1276 1274 1348 τὴν
1305 1274 1538 1346 Θεωρίαν
1571 1275 1732 1328 αὐτοῦ
1772 1277 1885 1347 ᾐνί-

329 1369 466 1433 ξατο.

391 1457 581 1529 Ἐρώτ.
619 1457 713 1522 ξθ⁹.
745 1457 899 1519 Τίνος
947 1456 1104 1527 χάριν
1148 1457 1176 1508 6
1208 1455 1402 1508 Ἰακὼϐ
1447 1454 1752 1524 ἀναϐλέψας
1780 1449 1884 1510 εἶδε

327 1550 669 1622 παρεμϐολὴν
702 1547 832 1601 Θεοῦ
866 1547 1363 1619 παραϐεϐληκυῖαν,
1391 1549 1485 1600 καὶ
1522 1543 1671 1600 εἴπεο
1696 1565 1714 1598 ι
1738 1547 1886 1619 Παρ-

328 1640 520 1710 εμϐολὴ
549 1638 684 1691 Θεοῦ
713 1637 848 1708 αὕτη
875 1654 889 1702 ;
927 1657 946 1689 ι

392 1753 577 1806 Ἀπόκ.
614 1751 713 1805 Διὰ
747 1751 900 1804 τοῦτο
930 1753 961 1821 ἡ
999 1749 1313 1822 παρεμϐολὴ
1347 1749 1454 1804 τῶν
1481 1751 1726 1821 ἀγγέλων
1755 1760 1881 1821 φαί-

327 1862 468 1896 νεται
499 1843 576 1914 τῷ
604 1843 800 1896 Ἰακὼϐ
821 1883 834 1904 ,
864 1843 948 1895 ἵνα
977 1841 1253 1912 Θαρσήσῃ,
1287 1841 1379 1894 καὶ
1429 1842 1502 1914 μὴ
1541 1844 1747 1916 φοϐηθῇ
1791 1845 1881 1897 τὸν

329 1934 543 2001 ἀδελφὸν
584 1931 748 1984 αὑτοῦ
787 1930 978 1984 Ἠσαῦ.
1015 1929 1292 1982 Ἐϐούλετο
1319 1930 1427 2002 γὰρ
1482 1932 1509 1982 6
1543 1931 1712 1984 Ἠσαῦ
1747 1933 1883 1985 ἀπο-

329 2027 525 2076 κτεῖναι
551 2024 713 2077 αὐτὸν
737 2065 751 2089 ,
785 2023 877 2076 xui.
903 2021 990 2074 διὰ
1032 2021 1189 2074 τοῦτο
1221 2022 1480 2074 ἐπάλαισε
1512 2023 1605 2075 καὶ
1641 2025 1756 2094 μετ’
1789 2025 1886 2092 ἀγ-

329 2117 497 2184 γέλου,
526 2117 619 2170 καὶ
650 2113 802 2168 εἶπεν
832 2114 976 2184 αύτῷ
1002 2115 1030 2166 6
1057 2115 1312 2182 ἄγγελος·
1355 2131 1374 2164 ι
1410 2113 1541 2184 Ἐμὲ
1575 2115 1884 2186 νενίκηκας,

329 2209 416 2262 καὶ
447 2208 728 2280 ἄνθρωπον
759 2207 1018 2270 δέδοικας;
1055 2224 1072 2255 ›
1109 2205 1247 2274 ἔγνω
1276 2205 1331 2258 δὲ
1363 2207 1446 2258 ὅτι
1480 2205 1568 2258 τὸν
1613 2205 1742 2259 Θεὸν
1774 2207 1885 2278 ἔχει

331 2293 536 2368 βοηθόν.

395 2387 582 2458 Ἐρὼτ.
619 2393 682 2440 0'.
719 2385 785 2438 Τί
813 2386 961 2438 ἐστι·
1002 2404 1020 2435 ι
1062 2386 1306 2456 Σκύμνος
1337 2385 1548 2450 λέοντος
1581 2385 1752 2439 Ἰούδα
1777 2426 1792 2451 ,
1822 2387 1886 2440 ἐκ

331 2476 571 2545 βλαστοῦ,
615 2477 698 2528 υίέ
732 2493 830 2545 μου
853 2512 868 2537 ,
911 2475 1108 2545 ἀνέϐης
1130 2515 1144 2539 ,
1179 2475 1462 2528 ἀναπεσὼν
1495 2475 1791 2548 ἐκοιμήθης
1812 2477 1888 2541 ὡς

329 2563 477 2629 λέων,
518 2585 536 2616 ι
565 2567 658 2617 καὶ
685 2565 754 2617 τά
789 2564 914 2633 ἑξῆς
942 2581 956 2629 ;

405 2658 587 2711 Ἀπόκ.
617 2657 786 2710 Τοῦτο
817 2657 1078 2727 ἁρμόττει
1123 2657 1215 2710 ἐπὶ
1259 2657 1350 2710 τοῦ
1387 2658 1642 2730 Χριστοῦ.
1679 2659 1886 2730 Ὠσπερ

329 2748 428 2820 γὰρ
454 2751 483 2800 6
512 2749 650 2802 λέων
686 2749 781 2802 καὶ
826 2747 1098 2802 καθεύδων
1155 2749 1384 2820 φοϐερός
1442 2753 1606 2812 ἐστιν,
1645 2749 1816 2813 οὕτως
1858 2753 1887 2804 ό

327 2840 632 2904 δεσποτικὸς
658 2841 883 2904 Θάνατος
933 2842 1160 2913 φοϐερὸς
1210 2844 1304 2894 καὶ
1336 2841 1412 2910 τῷ
1446 2841 1657 2912 Θανάτῳ
1691 2843 1783 2894 καὶ
1810 2841 1887 2914 τῷ

327 2933 566 3004 διαϐόλῳ.
591 2933 796 2986 Λέοντα
827 2933 882 2984 δὲ
903 2933 1064 2986 αὑτὸν
1090 2933 1313 2986 ἐκάλεσε
1339 2933 1430 2986 καὶ
1465 2933 1700 3003 σκύμνον
1732 2933 1884 2986 λέον-

327 3042 410 3086 τος
440 3028 513 3090 ὼς
547 3024 772 3095 βασιλέα
803 3026 893 3076 καὶ
925 3025 999 3088 ὡς
1027 3024 1290 3094 βασιλέως
1334 3026 1464 3078 υίόν.
1503 3025 1575 3078 Τὸ
1618 3025 1696 3088 δὲ,
1733 3043 1752 3076 ‹
1791 3024 1886 3088 Τίς

329 3119 499 3188 ἐγερεῖ
531 3117 691 3170 αὐτόν
716 3135 730 3181 ;
776 3136 794 3166 ι
819 3115 917 3186 τὴν
945 3117 1148 3185 ἄφατον
1174 3116 1337 3168 αὑτοῦ
1371 3116 1607 3168 δείκνυσι
1634 3115 1880 3186 δύναμιν.
1915 3155 1957 3212 c

330 3208 492 3270 Αὐτὸς
517 3207 626 3276 γὰρ
654 3207 846 3259 ἑαυτὸν
872 3207 1131 3276 ἀνέστησε
1159 3206 1300 3258 κατὰ
1331 3206 1430 3275 τὴν
1452 3205 1614 3259 αὐτοῦ
1646 3207 1889 3278 πρόρρη-

331 3315 407 3351 σιν
446 3315 460 3328 ·
491 3299 624 3369 φησὶ
657 3299 796 3368 γάρ·
838 3315 858 3347 ι
903 3297 1114 3350 Λύσατε
1165 3297 1254 3349 τὸν
1292 3297 1417 3350 ναὸν
1466 3297 1672 3361 τοῦτον,
1703 3300 1794 3350 καὶ
1835 3299 1892 3350 ἐν

327 3390 495 3460 τρισὶν
517 3390 751 3460 ἡμέραις
777 3388 951 3458 ἐγερῶ
981 3389 1160 3442 αὐτόν.
1192 3407 1211 3440 ›

403 3480 591 3552 Ἐρώτ.
625 3486 724 3532 οαν.
757 3480 820 3530 Τί
845 3482 956 3531 ἐστι
978 3496 992 3508 ·
1031 3498 1049 3530 ι
1071 3479 1362 3550 Δεσμεύων
1382 3479 1516 3550 πρὸς
1538 3478 1778 3550 ἄμπελον
1801 3479 1892 3531 τὸν

329 3571 496 3624 πῶλον
528 3569 718 3634 αὑτοῦ,
753 3569 847 3622 καὶ
896 3572 960 3641 τῇ
1015 3569 1152 3622 ἕλικι
1180 3570 1271 3623 τὸν
1306 3570 1481 3626 πῶλον
1511 3571 1610 3639 τῆς
1653 3569 1772 3622 δνου
1794 3571 1892 3624 αύ-

327 3663 414 3717 τοῦ
437 3681 485 3729 ;›

403 3779 588 3832 Ἀπόκ.
625 3778 899 3850 ’Ἄμπελον
925 3779 1022 3849 μὲν
1054 3779 1152 3850 τὴν
1190 3777 1545 3850 Ἰερουσαλὴμ
1567 3777 1712 3846 λέγει
1731 3797 1744 3808 ·
1774 3780 1889 3833 πῶ-

326 3865 408 3920 λον
443 3868 499 3920 δὲ
523 3869 614 3920 τὸν
643 3868 704 3933 ἐξ
733 3869 897 3922 ἐθνῶν
930 3868 1075 3932 λαὸν,
1117 3869 1192 3932 ὡς
1219 3870 1549 3938 ἁδάμαστον.
1583 3868 1751 3922 Τοῦτο
1783 3871 1891 3941 γὰρ

326 3957 414 4011 καὶ
442 3960 470 4010 6
495 3959 696 4030 Κύριος
718 3959 954 4030 ἠνίξατο,
985 3960 1307 4024 ἀποστείλας
1331 3962 1457 4024 τοὺς
1488 3961 1732 4032 μαθητὰς
1757 3945 1890 4034 πρός

325 4048 381 4100 τὸ
406 4048 560 4103 λῦσαι
589 4050 688 4121 τὴν
717 4050 838 4104 ὄνον
856 4051 1056 4104 καὶτὸν
1081 4051 1278 4116 πῶλον,
1302 4053 1386 4121 ἐφ’
1411 4047 1455 4120 ᾧ
1483 4053 1656 4116 οὐδεὶς
1685 4053 1892 4125 ἀνθρώ-

326 4155 437 4194 πων
480 4140 756 4196 ἐκάθισεν.
803 4141 938 4195 Οὕτε
989 4144 1348 4214 πατριάρχης,
1409 4142 1531 4196 οὕτε
1571 4143 1887 4216 νομοθέτης,

325 4233 441 4287 οὔτε
469 4236 755 4306 προφήτης
773 4235 880 4288 τῶν
910 4235 1078 4289 ἐθνῶν
1108 4238 1387 4307 ἐφρόντισε
1421 4239 1720 4310 σωτηρίας’
1754 4239 1889 4293 ἀπό-

330 4326 498 4381 στολοι
525 4326 958 4397 προσταχθέντες
990 4327 1182 4381 ἔλυσαν
1205 4329 1302 4400 τὴν
1327 4329 1437 4382 τῶν
1458 4330 1758 4402 ἀνθρώπων
1785 4331 1888 4400 φύ-

328 4435 427 4484 σιν,
453 4419 745 4491 δεδεμένην
783 4423 903 4482 ταῖς
943 4420 1260 4491 ἁμαρτίαις.

1980 521 2148 577 Jacob
2195 531 2306 578 tres
2363 525 2546 593 virgas
2607 524 2818 593 accepit
2860 543 2872 577 :
2915 526 3244 594 styracinam
3294 528 3544 589 viridem,

1981 627 2231 678 nuceam,
2261 621 2315 667 et
2333 628 2396 666 ex
2431 613 2687 682 platanis,
2713 622 2765 667 et
2797 612 3153 667 decorticavit
3181 629 3274 669 eas
3298 615 3382 668 ’°?

2051 723 2211 778 RESP.
2246 724 2379 778 Tres
2408 725 2595 794 virgae,
2617 725 2935 796 symbolice,
2970 734 3095 779 sunt
3126 733 3237 781 tres
3264 726 3549 781 facultates
3573 716 3575 720 ’

1983 817 2196 879 animae,
2253 818 2573 881 rationalis,
2627 816 2916 885 appetitiva
2962 827 3014 871 et
3060 819 3404 872 irascibilis:
3465 820 3549 871 vel

1983 916 2094 962 tres
2137 908 2654 976 contemplationes;
2702 923 3014 976 corporum,
3061 925 3244 964 rerum
3293 911 3552 980 incorpo-

1983 1014 2220 1062 rearum,
2252 1006 2305 1052 et
2335 1014 2504 1053 sacra:
2551 996 2768 1052 Triadis
2802 1017 2814 1051 :
2851 999 2933 1052 vel
2966 999 3288 1067 generaliter
3320 1015 3416 1069 per
3446 1015 3549 1052 nu-

1984 1108 2133 1146 ceam
2166 1092 2392 1160 virgam,
2427 1091 2653 1145 activam
2679 1090 2877 1155 vitam;
2900 1105 2996 1158 per
3030 1091 3381 1160 styracinam,
3415 1105 3548 1143 con-

1986 1183 2379 1252 templativam,
2404 1190 2456 1236 et
2480 1196 2574 1250 per
2601 1195 2718 1234 eam
2745 1194 2864 1249 quae
2885 1195 2950 1232 ex
2974 1179 3206 1248 platanis
3229 1188 3366 1242 erat,
3390 1195 3550 1231 mun-

1984 1273 2110 1327 dum
2146 1273 2291 1327 hunc
2320 1278 2374 1326 et
2402 1271 2522 1340 ejus
2554 1270 3066 1340 contemplationem
3100 1269 3297 1323 innuit.

2056 1446 2275 1512 QUIt-zsr.
2323 1441 2510 1499 LXIX.
2542 1441 2721 1508 Quare
2745 1455 2914 1494 .acon
2954 1440 3254 1509 respiciens
3291 1440 3427 1494 vidit
3457 1455 3551 1494 ca-

1987 1546 2098 1592 stra
2128 1538 2218 1592 Dei
2251 1538 2446 1608 posita,
2471 1542 2524 1590 et
2547 1535 2681 1588 dixit
2713 1553 2726 1587 :
2764 1553 2782 1584 (
2807 1535 2998 1588 Castra
3021 1532 3109 1587 Dei
3146 1534 3259 1588 haec
3279 1545 3404 1588 sunt
3424 1534 3505 1586 "2
3525 1555 3543 1584 ι

2054 1728 2217 1784 Rasr.
2271 1742 2373 1782 σεο
2405 1735 2664 1796 apparent
2689 1725 2861 1779 .acob
2899 1725 3214 1796 angelorum
3245 1733 3446 1788 castra,
3492 1733 3551 1780 ut

1913 1812 1953 1866 Β
1982 1821 2230 1876 considat
2275 1827 2329 1874 et
2377 1835 2482 1872 non
2534 1819 2718 1872 timeat
2772 1816 2995 1872 fratrem
3030 1833 3188 1871 suum
3222 1817 3384 1872 Esau.
3423 1817 3552 1872 Erat

1983 1913 2125 1968 enim
2171 1911 2459 1966 consilium
2512 1908 2655 1964 Esau
2716 1907 2894 1977 ipsum
2943 1909 3212 1962 occidere.
3241 1907 3364 1962 Ideo
3407 1910 3551 1963 enim

1984 2019 2105 2058 cum
2143 2003 2333 2071 angelo
2375 2007 2607 2054 Iuctatus
2653 2009 2754 2062 εει,
2779 1999 2871 2069 qui
2913 2000 3049 2054 dixit
3092 2000 3140 2055 ei
3176 2018 3190 2054 :
3227 2019 3245 2051 ι
3273 1999 3355 2055 Με
3385 2001 3550 2060 victo,

1983 2109 2113 2148 num
2168 2093 2440 2147 hominem
2483 2092 2715 2147 times?»
2750 2092 3112 2162 cognoscebat
3135 2108 3265 2148 vero
3299 2110 3358 2150 se
3384 2092 3553 2149 Deum

1984 2186 2182 2242 habere
2215 2184 2542 2253 adjutorem.

2058 2387 2171 2458 (96)
2199 2385 2419 2454 Qumsr.
2445 2386 2608 2441 LXX.
2635 2385 2904 2453 Quidnam
2937 2391 3051 2440 est:
3074 2401 3094 2435 ι
3113 2383 3340 2439 Catulus
3380 2384 3554 2442 leonis

1984 2478 2142 2544 Juda,
2166 2479 2232 2534 de
2255 2480 2516 2550 germine,
2541 2479 2612 2532 Iili
2635 2479 2731 2542 mi,
2766 2479 3080 2544 ascendisti,
3102 2478 3430 2532 accumbens
3459 2477 3557 2532 ob-

1985 2570 2312 2634 dormivisti,
2340 2577 2398 2623 ut
2423 2571 2527 2633 leo,
2570 2589 2589 2622 ι
2621 2577 2728 2624 etc.
2765 2569 2859 2622 υἱ)

2055 2663 2219 2734 269
2244 2661 2405 2717 Rssr.
2423 2661 2534 2715 Hoc
2559 2661 2777 2716 Christo
2802 2660 3070 2730 congruit.
3090 2658 3552 2725 Quemadmodum

1987 2756 2128 2808 enim
2168 2755 2251 2808 leo
2279 2754 2440 2808 etiam
2459 2768 2583 2807 cum
2615 2753 2817 2807 dormit
2840 2752 3102 2806 terribilis
3125 2759 3210 2806 est
3241 2766 3254 2802 :
3281 2751 3361 2805 sic
3388 2751 3552 2804 etiam

1988 2859 2136 2898 mors
2173 2843 2452 2897 Dominica
2479 2843 2674 2897 terrori
2690 2850 2776 2897 est
2809 2849 2923 2896 tum
2960 2842 3145 2907 morti,
3183 2849 3298 2895 tum
3332 2841 3554 2896 diabolo

1986 2950 2221 3004 quoque.
2248 2933 2486 2990 Leonem
2510 2949 2640 2990 vero
2663 2935 2840 3004 ipsum
2885 2941 2939 2988 et
2967 2935 3206 2988 catulum
3240 2934 3414 2988 leonis
3452 2948 3553 2988 vo-

1989 3025 2132 3078 cavit
2162 3033 2418 3092 tanquam
2445 3041 2624 3095 regem
2655 3034 2708 3080 et
2737 3034 2994 3095 tanquam
3027 3024 3175 3094 regis
3207 3025 3400 3079 ﬁlium.
3438 3023 3555 3078 Hoc

1988 3130 2154 3170 vero:
2186 3134 2204 3167 ι
2246 3115 2380 3182 Quis
2413 3118 2672 3172 excitabit
2699 3117 2866 3173 eum?
2897 3137 2915 3169 ι
2956 3116 3282 3172 ineifabilem
3317 3117 3436 3186 ejus
3459 3132 3556 3186 po-

1992 3210 2216 3262 tentiam
2260 3209 2520 3264 declarat.
2560 3209 2694 3264 Nam
2729 3210 2845 3280 ipse
2875 3211 3230 3278 semetipsum
3273 3209 3552 3269 excitavit,

1989 3302 2133 3356 sicut
2160 3302 2274 3371 ipse
2303 3301 2577 3371 praedixit,
2609 3315 2732 3354 cum
2767 3301 2945 3370 inquit
2980 3319 3037 3354 τι
3065 3300 3269 3354 Solvite
3295 3300 3554 3370 templum

1990 3392 2115 3455 hoc,
2147 3400 2200 3446 et
2233 3392 2287 3446 in
2313 3392 2489 3447 trihus
2511 3391 2704 3446 diebus
2733 3392 2982 3446 excitabo
3010 3391 3142 3446 illud
3176 3391 3246 3445 ”.
3276 3410 3295 3444 ι

2061 3483 2279 3551 ρυεετ.
2316 3483 2502 3540 LXXI.
2555 3485 2694 3550 Quid
2731 3493 2816 3539 est
2850 3483 2985 3538 illud
3023 3503 3036 3538 :
3070 3503 3088 3534 ι
3120 3483 3320 3553 Ligans
3361 3485 3429 3538 ad
3475 3484 3555 3538 vi-

1990 3591 2147 3630 neam
2204 3577 2409 3646 pullum
2454 3592 2638 3642 suum,
2680 3583 2734 3630 et
2785 3575 2856 3629 ad
2914 3575 3080 3629 vitem
3130 3575 3338 3644 pullum
3386 3574 3555 3630 asinae

1990 3683 2101 3722 sua:
2121 3667 2165 3698 θ’
2188 3667 2210 3720 ?
2231 3686 2250 3718 ι

2064 3780 2224 3835 lisse.
2261 3779 2479 3835 Vineam
2518 3781 2735 3852 quidem
2789 3780 3113 3843 Jerusalem,
3159 3780 3365 3850 pullutn
3415 3794 3550 3834 vero

1989 3881 2149 3926 vocat
2179 3873 2434 3942 populum
2468 3873 2559 3942 qui
2591 3881 2676 3928 est
2705 3889 2768 3928 ex
2799 3874 3074 3944 gentibus,
3107 3881 3365 3942 tanquam
3395 3871 3552 3926 indo-

1989 3967 2201 4019 mitum.
2229 3965 2339 4019 Iloc
2367 3981 2600 4036 namque
2628 3965 2890 4022 Dominus
2930 3982 3148 4036 quoque
3192 3965 3552 4026 adumbravit,

1989 4055 2176 4108 missis
2206 4055 2492 4124 discipulis
2545 4055 2612 4109 ad
2639 4057 2954 4110 solvendam
2989 4060 3199 4111 asinam
3231 4064 3284 4110 ct
3323 4056 3552 4125 puilum,

1991 4159 2154 4213 super
2174 4159 2334 4214 quem
2358 4144 2535 4198 adhuc
2571 4145 2757 4200 nullus
2779 4146 3061 4198 hominum
3093 4145 3345 4207 sedisset,
3371 4143 3555 4197 nullus

1992 4235 2243 4290 videlicet
2272 4237 2603 4306 patriarcha,
2643 4252 2742 4292 nec
2771 4238 3048 4308 Iegislator
3081 4239 3165 4292 vel
3195 4238 3454 4307 propheta
3489 4235 3557 4290 de

1992 4329 2165 4381 salute
2187 4327 2427 4398 gentium
2449 4327 2729 4398 cogitavit,
2757 4329 2850 4382 sed
2881 4328 3111 4398 apostoli
3147 4329 3213 4381 ad
3239 4328 3291 4380 id
3317 4325 3555 4380 ordinati

1992 4418 2271 4473 solverunt
2312 4418 2604 4471 humanam
2654 4426 2927 4482 naturam,
2975 4418 3216 4486 peccatis
3257 4417 3553 4486 alligatam.

401 4531 592 4603 Ἐριτη.
619 4531 718 4602 οβ’.
755 4533 820 4584 Τί
851 4533 997 4586 ἐστιν
1050 4530 1078 4582 ὃ
1127 4531 1300 4599 λέγει·
1341 4551 1358 4582 ι
1415 4533 1610 4587 Πλυνεῖ
1643 4535 1701 4586 ὲν
1762 4532 1888 4603 οἴνῳ

2065 4532 2286 4599 Οωεετ.
2320 4531 2530 4589 LXXII.
2585 4532 2721 4598 Quid
2759 4540 2842 4587 est
2893 4531 3038 4602 quod
3069 4532 3200 4586 dicit
3231 4547 3244 4581 :
3276 4548 3294 4579 ι
3334 4528 3558 4582 Lavabit

325 4623 417 4695 τὴν
451 4624 644 4698 στολὴν
666 4623 853 4686 αὑτοῦ,
886 4625 979 4678 xci.
1009 4626 1068 4676 ἐν
1096 4625 1286 4696 αἵματι
1319 4626 1590 4698 σταφυλῆς
1612 4627 1710 4697 τὴν
1734 4644 1890 4698 περι-

328 4714 479 4788 ϐολὴν
505 4717 692 4780 αὑτοῦ,
725 4737 743 4769 ι
780 4719 873 4770 καὶ
905 4718 973 4770 τὰ
1001 4717 1158 4788 ὲξῆς;

401 4831 588 4885 Ἀπόκ.
643 4831 725 4884 Τὰ
770 4833 910 4885 κατά
940 4832 1033 4884 τοῦ
1068 4832 1271 4896 πάθους
1305 4832 1394 4886 τοῦ
1429 4831 1659 4905 Χριστοῦ
1707 4832 1884 4900 λέγει’

327 4923 413 4974 καὶ
434 4923 493 4975 1:6
527 4924 627 4993 μὲν
669 4923 831 4994 σῶμα
867 4923 1054 4994 στολὴν
1070 4924 1344 4993 ὀνομάζει,
1374 4924 1434 4976 τὸ
1466 4925 1521 4976 δὲ
1545 4920 1681 4994 αἷμα
1713 4919 1851 4975 οἶνον
1872 4939 1884 4952 ο

328 5014 502 5086 ἐπειδὴ
533 5017 628 5070 καὶ
671 5018 762 5068 τὸν
799 5016 1057 5086 μυστικὸν
1097 5012 1236 5070 οἶνον
1269 5014 1406 5086 αἷμα
1438 5016 1700 5086 κέκληκεν
1735 5017 1764 5068 ὁ
1806 5016 1890 5068 δε-

330 5107 539 5176 σπότης.
563 5106 636 5158 Τὸ
658 5106 738 5169 δὲ,
763 5106 1024 5174 Χαρωποὶ
1053 5107 1099 5157 oi
1117 5106 1381 5175 ὀφθαλμοὶ
1408 5105 1568 5160 αύτοῦ
1597 5106 1704 5158 ἀπὸ
1722 5105 1885 5169 οἴνου,

326 5196 416 5267 τὴν
444 5201 581 5269 μετὰ
618 5198 679 5250 τὸ
715 5196 884 5259 πάθος
910 5196 1247 5268 εὐφροσύνην
1267 5197 1434 5268 δηλοῖ.

326 5551 368 5583 u
406 5485 509 5610 .ἓά
535 5485 752 5541 Genes.‘
776 5501 906 5549 xxx,
943 5486 1028 5539 37.
1107 5488 1149 5519 "
1192 5485 1390 5542 Genes.
1431 5502 1576 5540 χχιιι
1600 5525 1613 5549 ,
1645 5486 1702 5542 2.

406 5569 418 5606 ι
460 5574 472 5609 ι
518 5597 529 5610 .

406 5569 529 5610 ιυια.

1997 4623 2051 4677 in
2084 4625 2212 4678 vino
2242 4624 2437 4679 stolam
2496 4640 2676 4690 suam,
2705 4634 2758 4678 et
2794 4624 2848 4678 in
2880 4623 3146 4692 sanguine
3183 4637 3300 4675 uva:
3336 4619 3557 4688 pallium

1996 4730 2178 4780 suum,
2216 4734 2235 4766 ι
2257 4722 2362 4770 etc.
2390 4717 2434 4747 ³⁵
2464 4716 2487 4768 ?

2069 4825 2233 4880 lisse.
2282 4825 2396 4880 Hoc
2441 4826 2506 4879 de
2541 4825 2794 4894 passione
2823 4823 3026 4880 Christi
3061 4824 3214 4889 dicit,
3259 4832 3312 4878 et
3359 4840 3559 4896 corpus

1997 4917 2215 4985 quidem
2265 4918 2458 4970 stolam
2511 4926 2714 4970 vocat:
2749 4919 3069 4987 sanguinem
3139 4933 3269 4972 vero
3323 4920 3556 4975 vinum:

1997 5007 2437 5077 quandoquidem
2473 5009 2635 5063 etiam
2677 5011 2965 5080 mysticum
3019 5009 3151 5062 illud
3190 5011 3376 5062 vinum
3428 5027 3558 5065 san-

1993 5100 2210 5168 guinem
2265 5099 2475 5152 voeavit
2525 5099 2808 5154 Dominus.
2845 5099 2978 5153 illud
3012 5115 3178 5164 vero,
3209 5098 3554 5158 Pulcliriores

1993 5195 2123 5245 vino
2168 5198 2296 5246 sunt
2324 5191 2443 5259 ejus
2489 5193 2655 5256 oculi,
2684 5193 2924 5247 laetitiam
2951 5208 3071 5261 quae
3091 5192 3403 5261 passionem
3436 5195 3554 5264 ejus

1995 5294 2182 5339 secuta
2213 5295 2314 5352 est,
2345 5283 2634 5353 signiﬁcat.

1779 5488 1822 5519 "
1862 5485 2060 5542 Genes.
2100 5506 2247 5554 κως,
2283 5489 2337 5545 9.
2415 5489 2462 5522 ⁸³
2499 5486 2656 5542 Joan.
2703 5503 2762 5552 II,
2803 5489 2886 5543 l9.
2963 5487 3010 5521 “
3049 5487 3244 5544 Cenes.
3284 5503 3434 5553 sui,
3471 5488 3561 5548 ii.

393 5709 496 5780 (96)
531 5711 736 5766 Horum
760 5709 1008 5781 quaedam
1041 5710 1310 5766 habentur
1341 5711 1391 5765 in
1424 5721 1613 5781 qu:est.
1661 5711 1760 5765 HO
1791 5701 2123 5766 Theodoreti
2159 5712 2210 5764 in
2251 5708 2487 5764 σωθείη.
