4088 6382
515 330 618 386 ι·ιὸ

584 443 696 516 (97)
721 442 943 510 ροβε-ι’.
957 438 1182 496 LXXIII.
1205 439 1340 506 Quis
1360 437 1569 509 primus
1586 433 1888 490 nominavit
1908 431 2075 486 Deum
2107 441 2152 496 Α

655 554 742 592 rra

655 554 742 592 rra

513 538 780 686 "llam?
805 628 1085 690 Diabolus,
1111 639 1236 678 cum
1281 622 1347 676 ad
1389 620 1556 675 Evam
1587 619 1794 674 diceret
1828 637 1841 674 :
1884 636 1903 669 ι
1943 615 2088 682 Quid

1666 317 1724 372 S.
1764 311 2223 371 ATHANASIUS.
2267 339 2336 351 -—
2373 306 2650 364 SPIIRIA.

3650 294 3757 352 7M

2261 425 2451 501 Ἐρώτ.
2502 431 2601 493 στ’.
2649 421 2746 486 Τίς
2790 421 2920 474 Θεὸν
2961 418 3175 491 πρῶτος
3216 416 3500 487 ὠνόμασεν
3541 413 3635 466 ἐπὶ
3658 428 3760 484 της

2188 523 2292 590 γῆς
2307 536 2321 583 ;

2271 610 2461 663 Ἀπόκ.
2503 609 2562 662 '0
2598 605 2842 668 διάϐολος
2875 603 3043 657 εἰπὼν
3072 604 3138 673 τῇ
3161 599 3276 671 Εὕα
3297 616 3312 630 θ
3353 615 3372 650 ι
3403 596 3468 649 Τί
3495 598 3575 650 ὅτι
3607 591 3762 650 εἶπεν

514 732 619 788 est,
636 723 777 793 quod
801 721 935 775 dixit
959 719 1100 774 Deus
1132 731 1197 770 ne
1222 713 1570 769 comederitis
1587 712 1653 767 de
1680 711 1782 764 hoc
1801 711 1948 780 ligno
1963 709 2046 762 θ’ῖῖ
2063 727 2081 760 ι

2212 729 2216 752 ι
2249 704 2382 767 Θεὸς
2407 703 2481 774 μὴ
2503 704 2696 772 φαγεῖν
2729 699 2835 753 ἀπὸ
2857 697 2950 750 τοῦ
2981 696 3170 761 ξύλου;
3214 715 3230 746 ι

589 813 698 884 (98)
742 812 963 879 ρυιεετ.
1019 804 1251 861 LXXIV.
1288 802 1431 869 Quid
1481 803 1723 857 futurum
1759 810 1843 857 est
1885 802 1953 855 de
1978 801 2089 856 ele-

515 903 738 969 mentis,
773 902 909 966 sole,
963 900 1092 953 luna
1129 904 1185 951 et
1215 896 1387 951 stellis
1419 895 1475 949 in
1529 892 1773 949 secundo
1815 891 2091 947 adventu?

583 1081 749 1136 Bssr.
779 1079 951 1134 Simul
985 1077 1204 1132 dabitur
1245 1075 1380 1146 ipsis
1411 1075 1565 1128 locus
1597 1071 1796 1142 aliquis
1824 1081 1878 1126 et
1908 1069 2086 1126 domi-

517 1174 724 1232 cilium.
759 1171 854 1226 sed
883 1185 988 1223 non
1015 1170 1068 1222 in
1110 1176 1431 1239 perpetuum
1468 1165 1856 1218 abolebuntur.

589 1261 809 1328 Quassr.
854 1255 1063 1311 LXXV.
1119 1256 1298 1322 Quare
1353 1254 1490 1308 Cain
1535 1253 1757 1323 quidem
1816 1251 2094 1306 maledixit

517 1355 685 1416 Deus,
745 1352 974 1406 dicens:
1008 1370 1026 1402 ι
1058 1348 1375 1402 Maledictus
1420 1354 1478 1399 tu
1518 1361 1684 1414 super
1716 1352 1915 1398 terrain
1940 1344 1984 1376 ³⁷
2013 1361 2026 1397 :
2059 1361 2078 1395 ι

518 1445 730 1500 Adaino
779 1451 960 1498 autem
1012 1442 1281 1510 loquens,
1343 1438 1778 1492 ntaledictionem
1832 1434 2095 1504 imposuit

521 1549 701 1601 terrae,
720 1538 937 1591 dicens:
961 1534 1273 1588 «Maledicta
1291 1539 1434 1587 terra
1459 1532 1514 1585 in
1540 1532 1799 1601 operibus
1835 1530 1946 1584 tuis
1963 1529 2008 1560 ³⁸
2027 1528 2049 1582 ?
2069 1547 2088 1579 ι

595 1629 757 1683 Rcsr.
794 1627 869 1682 Eo
899 1627 1043 1697 quod
1066 1625 1200 1679 Cain
1228 1624 1506 1695 negaverit
1535 1623 1702 1678 Deum
1731 1631 1784 1677 et
1811 1628 2096 1690 peccatum

525 1735 685 1775 suum
715 1718 1085 1779 absconderit,
1131 1724 1462 1786 quapropter
1495 1716 1756 1784 majorem
1794 1728 2010 1784 quoque
2040 1712 2097 1765 in

2273 796 2463 869 Ἐρὼτ.
2513 796 2605 848 οδν.
2660 794 2724 847 Τί
2777 792 3028 864 μέλλουσι
3088 785 3341 857 γενέσθαι
3385 782 3454 836 τὰ
3503 781 3761 850 στοιχεῖα,

2191 892 2218 945 6
2243 890 2412 960 ήλιος,
2444 888 2539 943 καὶ
2582 889 2615 959 ή
2655 885 2871 957 σελήνη,
2899 883 2992 937 καὶ
3023 883 3090 935 τὰ
3131 882 3305 953 ἄστρα
3341 881 3397 930 ἐν
3434 878 3500 946 τῇ
3534 874 3764 944 δευτέρᾳ.

2191 980 2464 1050 παρουσίᾳ
2483 994 2498 1043 ;

2277 1072 2463 1124 Ἀπόκ.
2497 1069 2790 1140 Δοθήσεται
2821 1066 3002 1128 αὐτοῖς
3044 1065 3209 1127 τόπος
3257 1059 3535 1121 κατοικίας
3576 1058 3633 1109 ἐν
3685 1055 3766 1110 ἐνὶ

2197 1159 2372 1230 μέρει,
2407 1158 2545 1230 πλὴν
2569 1158 2668 1210 οὐκ
2690 1159 2769 1220 εἰς
2795 1157 2950 1219 τέλος
2986 1153 3464 1224 ἀφανισθήσονται.

2277 1251 2467 1323 Ἐρώτ.
2503 1250 2590 1304 οε’.
2623 1250 2723 1303 Διά
2743 1251 2795 1303 τί
2819 1248 2895 1319 τῷ
2918 1248 3015 1317 μὲν
3045 1247 3182 1300 Kcith
3204 1243 3549 1314 κατηράσατο
3574 1235 3763 1300 ὁΘεῖῖς,

2193 1345 2366 1412 λέγων
2386 1361 2399 1373 ·
2431 1363 2449 1394 ‹
2474 1342 2902 1412 Ἐπικατάρατος
2937 1340 3001 1392 σὺ
3033 1336 3140 1390 ἀπὸ
3167 1339 3264 1405 τῆς
3285 1337 3386 1403 γῆς
3406 1350 3417 1360 ·
3433 1353 3451 1383 ι
3479 1331 3570 1384 ἐπὶ
3595 1329 3650 1382 δὲ
3674 1326 3764 1381 τοῦ

2208 1436 2379 1505 Ἀδὰμ
2397 1436 2463 1504 τῇ
2493 1436 2562 1504 γῇ
2594 1431 2816 1484 ἐπέθετο
2851 1430 2948 1498 τὴν
2982 1428 3224 1498 κατάραν
3250 1422 3417 1476 εἰπών
3438 1439 3452 1452 ·
3499 1441 3517 1472 ι
3554 1421 3769 1472 Ἐπικα-

2196 1529 2428 1600 τάρατος
2466 1528 2500 1596 ἡ
2531 1527 2601 1594 γῆ
2626 1527 2682 1576 ἐν
2706 1525 2817 1586 τοῖς
2847 1521 3027 1592 ἔργοις
3061 1534 3188 1583 σου;
3238 1536 3257 1568 ι

2280 1619 2466 1671 ’Λπὸκ.
2500 1618 2621 1669 Ὅτι
2643 1619 2669 1668 6
2691 1615 2787 1686 μέν
2817 1615 2952 1666 Κάῖν
2971 1613 3243 1683 ἠρνήσατο
3267 1608 3358 1660 τὸν
3383 1605 3535 1670 Θεὸν,
3559 1600 3770 1674 κρύψας

2198 1712 2258 1765 τὸ
2290 1712 2619 1782 ἁμάρτημα’
2652 1707 2730 1760 διὸ
2752 1706 2847 1759 καὶ
2887 1705 3105 1775 μείζονα
3133 1702 3228 1774 τὴν
3259 1699 3553 1767 καταδίκην
3582 1694 3771 1767 εἰργά-

525 1829 586 1868 se
615 1827 831 1883 poenam
861 1810 1144 1864 derivavit.
1165 1807 1335 1862 Adam
1359 1823 1488 1862 vero
1513 1807 1638 1877 quia
1668 1805 1957 1860 confessus
1991 1811 2094 1866 est,

2212 1820 2365 1856 ςατο·
2392 1805 2420 1854 ὁ
2442 1802 2499 1854 δὲ
2533 1800 2702 1869 Ἀδὰμ
2723 1798 3084 1868 ὁμολογήσας,
3126 1795 3224 1864 τὴν
3271 1790 3469 1860 πολλὴν
3502 1787 3562 1851 ἐξ
3605 1782 3770 1838 αὑτοῦ

526 1919 782 1974 magnum
849 1903 979 1956 illud
1008 1917 1038 1954 a
1083 1917 1142 1956 se
1172 1899 1502 1970 supplicium
1559 1896 1770 1968 depulit
1801 1915 1814 1951 :
1850 1911 1976 1951 nam
2003 1895 2101 1965 qui

527 2011 626 2050 sua
670 2002 893 2063 peccata
945 1992 1255 2054 conﬁtetur,
1298 1991 1676 2046 remissionem
1721 1987 2098 2057 consequitur.

595 2083 815 2151 Ουιεετ.
869 2080 1100 2137 LXXVI.
1138 2081 1410 2148 Quidnam
1437 2090 1518 2135 est
1552 2099 1564 2134 :
1596 2097 1614 2130 ι
1645 2079 1826 2145 Quare
1869 2076 2106 2132 fremue-

527 2185 658 2230 runt
680 2184 888 2246 gentes,
920 2183 973 2229 et
1003 2175 1186 2244 papuli
1205 2174 1447 2228 meditati
1481 2180 1609 2226 sunt
1638 2171 1822 2224 inania
1851 2170 1941 2222 9‘?
1969 2188 1988 2220 ι

598 2268 762 2324 Rasr.
798 2268 998 2324 Gentes
1034 2268 1169 2323 dicit
1201 2266 1604 2329 Romanorum,
1637 2263 1974 2319 Francorum
2017 2262 2106 2315 vio

529 2363 725 2418 delicet
767 2379 960 2433 genus,
1017 2362 1110 2432 qui
1156 2363 1434 2418 Christum
1469 2360 1880 2415 cruciﬁxerunt.
1927 2357 2109 2428 Popu-

527 2453 641 2506 Ium
665 2469 795 2506 vero
825 2453 979 2515 dicit,
1027 2458 1192 2520 caput
1223 2449 1560 2504 Judzcornm.
1594 2450 1903 2503 Astiterunt
1950 2460 2107 2516 reges

530 2553 715 2609 terrae,
751 2543 960 2599 Pilatus
1011 2550 1065 2598 et
1092 2543 1370 2610 Herodes;
1400 2542 1677 2613 principes
1721 2554 1872 2604 vero,
1919 2537 2107 2591 Annas

531 2647 587 2694 et
607 2638 866 2709 Caiphas.

937 2748 1189 2803 Psalmus
1212 2764 1306 2818 pro
1331 2745 1704 2800 torcularibus.

603 2862 823 2930 Qussr.
853 2858 1113 2916 LXXVII.
1147 2858 1408 2926 Quaenam
1445 2858 1577 2912 dicit
1601 2855 1936 2912 toreularia?

595 2958 759 3013 Rssr.
793 2957 1069 3012 Ecclesias
1100 2955 1155 3008 in
1180 2953 1380 3024 quibus
1410 2952 1598 3005 vinum
1623 2951 1894 3016 funditur,
1919 2965 2112 3022 nempe

536 3059 926 3106 sacrosanctus
981 3047 1196 3102 Domini
1229 3046 1404 3100 nostri
1441 3043 1571 3099 Jesn
1619 3043 1824 3099 Christi
1864 3045 2108 3111 sanguis,

2203 1894 2459 1948 ἀπώσατο
2482 1892 2776 1964 τιμωρίανο
2811 1892 2840 1943 6
2865 1890 2972 1960 γὰρ
2994 1889 3061 1941 τὰ
3099 1885 3292 1940 ἑαυτοῦ
3317 1884 3626 1952 πταίσματα
3654 1878 3774 1944 ἐξο-

2207 1985 2646 2059 μολογήσάμενος
2668 1981 3013 2051 ἐπιτυγχάνει
3039 1979 3308 2048 ἀφέσεως.

2288 2077 2479 2149 Ἐρώτ.
2506 2084 2612 2142 ος’.
2646 2076 2710 2128 Τί
2745 2078 2920 2128 ἐστιν·
2963 2093 2979 2124 ι
3005 2073 3120 2125 Ἵνα
3146 2071 3196 2122 τί
3222 2067 3493 2139 ἐφρύαξαν
3519 2064 3775 2134 ἕθνη,καὶ

2205 2170 2324 2224 λαοὶ
2352 2169 2687 2240 ἐμελέτησαν
2721 2167 2882 2233 κενά;
2914 2185 2932 2218 ι

2290 2263 2480 2316 Ἀπόκ.
2538 2260 2705 2330 Ἐθνη
2757 2259 2904 2328 λέγει
2949 2256 3057 2310 τῶν
3106 2253 3410 2324 Ῥωμαίων,
3466 2251 3634 2320 ήγουν
3673 2245 3778 2299 τῶν

2207 2355 2471 2427 Φράγγων
2501 2353 2560 2406 τὸ
2589 2353 2764 2422 γένος,
2793 2351 2902 2404 τῶν
2942 2348 3370 2422 σταυρωσάντων
3400 2345 3490 2398 τὸν
3522 2339 3776 2415 Χριστόν.

2209 2450 2350 2504 Λαὸν
2381 2449 2436 2501 δὲ
2470 2447 2616 2516 λέγει
2640 2446 2746 2500 τῶν
2781 2444 3046 2499 Ἰουδαίων
3077 2442 3173 2513 τὴν
3205 2438 3469 2510 κεφαλήν.
3505 2434 3782 2505 Παρέστη-

2210 2559 2310 2595 σαν
2345 2543 2394 2594 οἱ
2432 2541 2666 2611 βασιλεῖς
2694 2541 2791 2612 τῆς
2838 2538 2960 2608 γῆς,
3001 2537 3029 2589 6
3074 2534 3299 2596 Πιλᾶτος
3334 2548 3393 2584 τε
3431 2529 3527 2584 καὶ
3555 2530 3583 2580 6
3611 2522 3781 2596 Ἡρώ-

2209 2635 2326 2706 δης,
2363 2633 2621 2705 ἄρχοντες
2643 2633 2700 2686 δέ
2717 2635 2912 2694 Ἀννας
2941 2630 3036 2684 καὶ
3063 2628 3339 2695 Καϊάφας.

2591 2747 2836 2818 Ψαλμὸς
2865 2745 3018 2814 ὑπὲρ
3044 2744 3162 2798 τῶν
3183 2739 3405 2810 int-(Br.

2294 2867 2486 2942 Έρώτ.
2521 2864 2616 2932 οξ.
2653 2866 2818 2928 Τίνας
2844 2863 2992 2932 λέγει
3022 2859 3244 2930 ληνούς;

2293 2941 2483 3016 Ἀπόκ.
2519 2960 2630 3023 Τάς
2687 2957 3002 3028 ἐκκλησίας,
3039 2956 3096 3007 ἐν
3128 2947 3214 3016 αῖς
3263 2949 3503 3019 ἐκχεῖται
3547 2947 3576 2998 ὁ
3620 2941 3779 3007 οἶνος,

2213 3058 2331 3129 ἦτοι
2354 3055 2416 3109 τὸ
2445 3055 2598 3124 ἆγιον
2631 3048 2769 3124 αἷμα
2796 3051 2888 3105 τοῦ
2936 3048 3140 3122 Κυρίου
3187 3043 3360 3115 Ἰησοῦ
3393 3037 3651 3112 Χριστοῦ,
3690 3036 3781 3090 καὶ

537 3155 588 3198 ct
614 3153 866 3199 sanctum
899 3157 1100 3213 corpus
1127 3141 1247 3210 ejus
1283 3140 1614 3193 immolatur.
1644 3136 1801 3203 Quod
1829 3153 1957 3193 vero
1979 3139 2109 3193 dicit

2214 3147 2399 3201 θύεται
2430 3145 2525 3198 καὶ
2557 3144 2617 3196 τὸ
2642 3144 2792 3212 ἅγιον
2819 3141 2977 3211 σῶμα
3012 3136 3194 3192 αὑτοῦ.
3224 3137 3288 3188 Ὃ
3326 3133 3382 3186 δὲ
3417 3131 3568 3198 λέγει
3591 3130 3621 3181 6
3651 3143 3782 3200 προσ

535 3236 706 3292 lsaias
757 3237 1068 3308 propheta:
1119 3251 1139 3284 ι
1173 3232 1441 3287 Torcular
1488 3247 1588 3301 ego
1631 3231 1838 3284 calcavi
1888 3245 2113 3300 prorsus

536 3331 688 3384 solus
717 3330 756 3393 ⁸,
797 3348 815 3380 ι
857 3331 1001 3382 hunc
1042 3328 1202 3382 habet
1232 3339 1496 3380 sensum:
1533 3322 1704 3377 Sicuti
1747 3324 1991 3377 torcular
2029 3331 2114 3378 est

538 3420 944 3492 receptaculum
995 3427 1048 3474 et
1104 3421 1159 3472 in
1189 3434 1254 3474 eo
1276 3418 1556 3471 calcantur
1607 3414 1772 3476 botri,
1821 3415 1901 3468 sic
1950 3415 2114 3468 etiam

538 3512 794 3568 Christus
840 3512 1186 3566 conculcavit
1235 3508 1489 3564 inimicos
1514 3520 1667 3570 suos,
1709 3515 1825 3559 tum
1858 3505 2115 3574 intelligi-

539 3606 696 3670 biles,
721 3613 834 3659 tum
867 3604 1177 3660 sensibiles.
1206 3600 1465 3656 Dicamus
1492 3609 1676 3654 autem
1703 3605 1756 3653 et
1791 3597 1947 3660 illud,
1969 3595 2115 3666 quod

538 3697 732 3752 botrus
759 3707 814 3752 et
842 3711 947 3751 uva
998 3694 1253 3749 Christus
1282 3701 1386 3757 est,
1424 3693 1516 3761 qui
1562 3692 1744 3760 seipso
1775 3703 2114 3758 compreSso,

538 3791 846 3845 voluntaria
911 3790 1066 3862 plaga
1118 3798 1171 3844 et
1193 3797 1367 3842 morte
1396 3787 1683 3842 distillavit
1724 3782 1966 3837 divinum
1996 3796 2118 3833 mu-

539 3895 704 3950 stum,
741 3899 952 3954 suoque
1007 3883 1248 3952 seipsum
1297 3880 1565 3950 sanguine
1595 3877 1790 3931 rubere
1832 3875 1980 3928 fecit.
2020 3871 2118 3928 Est

538 3993 666 4034 vero
697 3977 922 4032 omnino
979 3976 1168 4030 solus:
1199 3988 1326 4028 nam
1362 3975 1516 4027 solus
1566 3971 1682 4038 ipse
1726 3966 1980 4021 Christus
2017 3980 2117 4034 pro

539 4070 702 4125 nobis
736 4077 987 4123 mortuus
1007 4075 1092 4122 est
1126 4085 1139 4122 :
1178 4064 1334 4131 thon
1363 4065 1506 4119 enim
1536 4062 1762 4132 angelus
1795 4060 1878 4116 vel
1908 4059 2117 4128 legatus

542 4159 767 4230 aliquis,
822 4158 918 4213 sed
965 4159 1082 4226 ipse
1133 4157 1390 4210 Christus
1441 4154 1668 4209 salvavit
1708 4167 1830 4206 nos.
1865 4170 1883 4202 ι
1922 4149 2118 4206 Petrus

542 4257 779 4320 na'mque
808 4249 1089 4305 Christum
1129 4247 1511 4318 negavit°ipso
1550 4243 1822 4316 passionis
1851 4249 2115 4310 tempore,

542 4345 726 4398 caeteri
747 4355 966 4412 quoque
992 4340 1224 4408 apostoli
1247 4339 1446 4393 dedere
1480 4353 1540 4393 se
1573 4337 1628 4391 in
1669 4335 1874 4404 fugam.

615 4434 835 4501 QUEST.
867 4429 1149 4485 LXXVIII.
1197 4429 1341 4496 Quid
1379 4436 1466 4485 est
1500 4449 1515 4484 :
1553 4447 1573 4480 ι
1620 4426 1903 4490 Sitientes,
1936 4424 2120 4480 venite

543 4527 612 4584 ad
645 4542 813 4597 aquas
847 4525 907 4577 ’?
942 4544 961 4576 ι

608 4623 772 4694 270
818 4620 981 4674 Resp.
1019 4617 1173 4688 Aqua
1222 4631 1442 4672 sacrum
1495 4615 1768 4686 baptisma
1819 4612 2115 4684 signiﬁcat,

543 4724 639 4770 aut
689 4717 1052 4786 lacrymarum
1105 4712 1348 4778 fontem,
1407 4709 1662 4764 videlicet
1712 4706 2114 4778 ptenitentiam.

543 4808 659 4864 Hoc
688 4821 857 4863 vero:
896 4824 914 4857 ι
948 4804 1154 4860 Euntes
1205 4803 1390 4870 emite,
1425 4801 1569 4856 edite
1613 4807 1668 4855 et
1704 4799 1875 4852 bibite
1911 4798 2119 4866 absque

543 4909 766 4972 argento
799 4899 842 4964 ⁸,
893 4918 911 4951 ι
946 4906 1198 4954 sanctum
1256 4895 1589 4967 baptismum
1639 4891 1855 4946 Domini
1940 4889 2119 4944 nostri

540 4991 670 5048 Jesu
697 4991 904 5048 Christi
943 4989 1233 5061 significat.

612 5083 878 5139 Similiter
925 5081 1082 5144 illud,
1114 5099 1131 5131 ι
1169 5079 1434 5134 Dominus
1485 5076 1753 5132 diluvium
1810 5073 2120 5128 inhabitare

542 5179 702 5236 faciet
734 5179 809 5244 ⁸,)
851 5175 1123 5247 significat
1156 5188 1374 5228 sacrum
1402 5169 1694 5242 baptisma,
1728 5167 1856 5238 quia
1891 5165 2120 5220 inundat

541 5274 724 5328 omnia
753 5279 999 5341 peccata.

608 5358 1046 5416 Ιιιτι-ιιιιιιιετΑτιο
1071 5357 1311 5413 LXXIX.
1351 5355 1516 5423 Quid,
1554 5374 1574 5406 t
1614 5353 1734 5409 Vox
1771 5352 1985 5407 Domini
2033 5354 2122 5405 in-

543 5452 860 5508 tercidentis
897 5451 1170 5506 ﬂammam
1207 5451 1348 5519 ignis
1379 5450 1438 5502 3?
1465 5467 1484 5500 ›

2212 3239 2388 3307 φήτης
2421 3238 2666 3297 Ἡσαΐας,
2722 3235 2803 3288 ὅτι
2837 3251 2854 3282 ι
2887 3230 3061 3302 Ληνδν
3107 3227 3354 3296 ἐπάτησα
3401 3222 3728 3293 μονώτατος,
3763 3237 3782 3269 ι

2210 3329 2366 3382 τοῦτο
2406 3327 2717 3399 ἐρμηνεύει.
2737 3326 2946 3394 ’Ὠσπερ
2977 3325 3011 3393 ή
3043 3320 3201 3391 ληνὸς
3231 3315 3433 3388 δοχείόν
3457 3317 3592 3378 ἐστι,
3617 3311 3708 3365 καὶ
3731 3310 3786 3364 ἐν

2210 3421 2382 3492 ταύτῃ
2429 3417 2866 3474 καταπατοῦνται
2899 3417 2954 3468 αἱ
3005 3409 3300 3480 σταφυλαί’
3336 3407 3510 3469 οὕτως
3547 3401 3788 3458 κατεπά-

2211 3528 2344 3581 τησε
2371 3511 2464 3564 καὶ
2491 3512 2519 3564 6
2560 3507 2793 3580 Χριστὸς
2829 3504 2954 3567 τοὺς
2998 3499 3222 3572 ἐχθροὺς
3255 3495 3442 3559 αὑτοῦ,
3478 3489 3701 3563 νυητούς
3729 3503 3789 3540 τε

2214 3605 2308 3656 καὶ
2363 3599 2674 3670 αίσθητούς.
2712 3598 2966 3667 Εῖπωμεν
3003 3593 3061 3646 δέ
3105 3589 3200 3644 καὶ
3246 3587 3427 3649 τοῦτο,
3471 3585 3553 3637 ὅτι
3598 3582 3792 3653 βότρυς

2214 3697 2310 3750 καὶ
2341 3693 2584 3764 σταφυλὴ
2605 3695 2632 3745 6
2666 3690 2916 3762 Χριστὸς,
2938 3689 3085 3748 ὅστις
3106 3680 3402 3750 ἀποθλίψας
3425 3675 3616 3730 ἑαυτὸν
3645 3675 3792 3727 Exeu-

2217 3789 2305 3859 σία
2338 3787 2518 3858 πληγῇ
2547 3786 2641 3838 καὶ
2672 3783 2906 3852 θανάτῳ,
2952 3775 3222 3842 ἁπέσταξε
3254 3774 3316 3826 τὸ
3360 3771 3501 3824 θεῖον
3543 3766 3788 3859 γλεῦκος,

2215 3881 2309 3934 καὶ
2346 3878 2611 3948 ἐφοίνιξεν
2639 3875 2826 3930 ἑαυτὸν
2847 3873 2923 3943 τῷ
2958 3872 3070 3941 ἰδίῳ
3101 3869 3310 3939 αἵματι.
3369 3861 3698 3922 Μονὼτατος
3736 3856 3793 3909 δέ

2215 3975 2384 4035 ἐστιν,
2440 3974 2521 4026 ὃτι
2569 3972 2726 4042 μόνος
2769 3967 2928 4029 αὐτὸς
2960 3968 2988 4019 6
3037 3963 3270 4034 Χριστος
3321 3956 3590 4012 ἀπέθανεν
3653 3950 3791 4020 ὑπὲρ

2216 4067 2401 4138 ήμῶν·
2439 4085 2457 4117 t
2492 4063 2629 4119 Οῠτε
2643 4063 2750 4133 γάρ
2773 4061 3022 4130 ἄγγελος,
3049 4057 3174 4111 οὔτε
3204 4051 3462 4124 πρέσϐυς,
3489 4047 3604 4102 ἀλλ’
3634 4043 3793 4138 αὐτος

2215 4160 2244 4210 6
2280 4158 2484 4227 Κύριος
2520 4157 2721 4209 ἔσωσεν
2760 4155 2926 4225 ἡμᾶς.
2959 4172 2977 4204 ι
3011 4152 3068 4203 ὐ
3096 4150 3151 4202 δέ
3184 4147 3387 4215 Πέτρος
3421 4141 3696 4212 ἠρνήσατο
3735 4137 3793 4227 ἐν

2216 4246 2294 4318 τῷ
2330 4223 2425 4300 τοῦ
2460 4246 2666 4309 πάθους
2708 4223 2907 4315 καιρῷ,
2953 4241 3049 4294 καὶ
3105 4239 3155 4291 oi
3202 4236 3377 4290 λοιποὶ
3410 4232 3613 4301 ἔφυγον
3657 4223 3792 4279 ἀπό-

2219 4338 2415 4392 στολοι.

2303 4429 2494 4501 Ἐρώτ.
2525 4435 2624 4500 o-q'.
2652 4427 2716 4480 Τί
2742 4429 2889 4480 ἐστιν
2909 4444 2922 4457 ·
2947 4444 2966 4477 ι
2990 4426 3052 4479 Οἱ
3077 4421 3356 4492 διψῶντες,
3392 4412 3691 4488 πορεύεσθε
3709 4409 3792 4478 ἐφ’

2152 4497 2196 4552 D
2227 4497 2391 4593 ὕδωρς
2416 4541 2434 4572 ι

2308 4612 2495 4665 Ἀπόκ.
2535 4611 2718 4683 Ὕδωρ
2762 4610 2823 4663 τὸ
2874 4608 3028 4676 ἅγιον
3086 4605 3369 4676 βάπτισμα
3416 4598 3586 4670 δηλοῖ,
3635 4592 3794 4666 ἢτὴν

2225 4703 2332 4758 τῶν
2376 4704 2625 4776 δακρύων
2675 4702 2878 4774 πηγὴν,
2933 4701 3050 4772 ἦτοι
3107 4699 3207 4768 τὴν
3259 4693 3570 4768 μετάνοιαν.
3615 4689 3688 4740 Τὸ
3719 4686 3793 4745 δὲ,

2230 4815 2248 4848 t
2288 4796 2632 4860 Βαδίσαντες,
2655 4795 2983 4864 ἀγοράσατε,
3011 4791 3105 4844 καὶ
3127 4790 3330 4860 φάγετε
3357 4786 3452 4839 καὶ
3483 4784 3638 4836 πίετε
3672 4780 3794 4834 ἄνευ

2224 4889 2508 4960 ἀργυρίου,
2533 4907 2550 4940 ι
2576 4889 2636 4941 τὸ
2653 4888 2805 4958 ἆγιον
2840 4885 3120 4956 βάπτισμα
3141 4880 3235 4936 τοῦ
3273 4879 3480 4951 Κυρίου
3510 4875 3668 4947 ήμῶν
3700 4875 3797 4943 Ἰη-

2228 4963 2320 5033 aut")
2343 4978 2605 5052 Χριστοῦ.

2309 5076 2582 5138 Ὡσαύτως
2606 5075 2700 5129 καὶ
2729 5075 2811 5139 τὸ,
2845 5091 2866 5126 ι
2895 5071 3100 5143 Κύριος
3131 5069 3222 5122 τὸν
3253 5060 3640 5130 κατακλυσμὸν
3668 5071 3795 5110 κατ-

2225 5170 2405 5231 οικιεί,
2447 5187 2465 5219 ι
2492 5168 2552 5220 τὸ
2601 5167 2754 5235 ἅγιον
2803 5164 3057 5236 ἐμφαίνει
3103 5161 3414 5231 βάπτισμα·
3452 5150 3644 5222 ἐπειδὴ
3701 5165 3796 5200 κα-

2222 5257 2475 5322 τακλύζει
2509 5257 2688 5320 πάσας
2719 5257 2817 5320 τὰς
2845 5251 3136 5326 ἁμαρτίας.

2303 5349 2530 5420 Ἑρμην.
2564 5347 2660 5402 σθ’.
2690 5349 2774 5412 Τί,
2806 5365 2824 5397 ι
2855 5345 3008 5416 Φωνὴ
3038 5341 3242 5414 Κυρίου
3267 5337 3651 5395 διακόπτοντος
3676 5328 3797 5399 φλό-

2221 5459 2296 5511 γα
2323 5442 2492 5514 πυρός
2513 5457 2527 5506 ;
2559 5461 2576 5490 ι

610 5571 658 5603 ’⁸
695 5571 893 5625 Gcnes.
933 5583 1027 5631 ιιι,
1063 5569 1115 5624 1.
1189 5570 1232 5600 ’⁷
1273 5567 1469 5623 Gcnes.
1507 5581 1583 5622 IV.
1621 5564 1706 5618 II.
1782 5561 1828 5593 "
1868 5557 2065 5615 Gcnes.
2106 5575 2109 5606 ι

2239 5559 2325 5614 I7.
2402 5559 2604 5615 "Psal.
2642 5573 2719 5621 ιι,
2759 5558 2808 5611 l.
2886 5557 2902 5585 ¹
2945 5553 3048 5609 Isa.
3085 5566 3252 5612 unt,
3287 5549 3339 5602 5.
3417 5548 3437 5577 ¹
3475 5545 3580 5599 Isa.
3619 5557 3704 5604 LV,
3742 5535 3792 5589 1ο

546 5641 567 5672 ³
608 5641 738 5696 ibid.
814 5643 835 5671 ⁵
876 5639 1022 5695 Psal.
1063 5654 1264 5706 xxvni,
1300 5640 1391 5693 10.
1452 5637 1473 5666 ⁸
1507 5635 1641 5690 lhid.
1673 5634 1726 5687 7.

617 5795 729 5868 (97)
749 5793 876 5851 Haec
897 5792 1126 5866 quaestio
1153 5799 1238 5848 est
1266 5789 1335 5848 46
1365 5789 1434 5844 ad
1460 5785 1797 5844 Antiochum.

2257 5778 2370 5852 (98)
2395 5777 2521 5832 Haec
2550 5775 2783 5847 quaestio
2814 5771 3067 5842 superius
3097 5767 3243 5821 edita
