4088 6382
310 406 409 470 7ίὸ

1429 362 1918 475 ’ρυΑεετιοΝεε
1954 407 2021 463 IN
2064 402 2400 468 PSALllOS.

3452 414 3557 476 768

384 526 575 582 Ἀπόκ.
615 525 789 579 τοῦτο
827 522 977 599 δηλοῖ
1022 528 1120 600 τὴν
1168 525 1465 598 μέλλουσαν
1518 526 1739 581 κόλασιν
1783 529 1852 581 τοὶ

2049 526 2212 582 lisse.
2240 526 2525 598 Signiﬁcat
2575 527 2825 588 tutm'uln
2874 532 3203 604 supplicium
3250 532 3417 607 ignis,
3457 539 3553 610 qui

310 619 476 692 πυρός
495 634 510 649 ο
542 617 732 689 ἐπειδὴ
751 621 815 690 τῇ
842 617 935 673 τοῦ
962 617 1198 690 Χριστοῦ
1220 617 1510 689 προστάξει
1531 618 1711 690 μέλλει
1735 617 1877 672 διαι-

312 713 547 785 ρεθῆναι.
582 712 657 764 Τὸ
684 711 795 784 πῦρ
822 712 929 783 γὰρ
956 710 1068 781 ἔχει
1092 710 1185 764 δύο
1218 711 1498 782 ἐνεργείας
1521 728 1535 743 ο
1562 712 1659 764 καὶ
1689 712 1750 764 τὸ
1778 711 1877 782 μὲν

312 806 535 874 φωτίζον
572 802 756 875 μέλλει
779 802 959 858 δοῦναι
981 805 1093 867 τοῖς
1115 802 1363 868 δικαίοις,
1401 804 1463 857 τὸ
1488 802 1548 857 δὲ
1575 805 1727 857 καῖον
1764 806 1877 866 τοῖς

309 896 342 949 ἁ
349 914 423 966 μα
433 895 677 965 ρτωλοίς.

385 986 681 1058 Ἐρμηνεία
713 991 788 1039 π’.
828 1003 848 1039 ι
897 984 956 1039 '0
994 983 1238 1056 ποταμὸς
1263 982 1358 1038 τοῦ
1396 984 1533 1039 Θεοῦ
1581 982 1872 1056 ἐπληρώθη

310 1079 530 1133 ὑδάτων.
547 1097 568 1131 ι
1008 1108 1011 1111 λ

386 1168 571 1222 Ἀπόκ.
614 1167 791 1221 ’Υετοί
845 1168 982 1221 εἰσιν
1028 1167 1078 1221 οί
1133 1166 1440 1223 ἀπόστολοι.
1496 1166 1874 1239 Ἐπλήσθησαν

308 1263 408 1333 γὰρ
447 1259 715 1313 παντοίων
752 1260 967 1331 δωρεῶν
1024 1260 1116 1312 καὶ
1167 1260 1539 1331 χαρισμάτων.
1596 1259 1874 1314 Ἐντεῦθεν

308 1354 395 1406 καὶ
424 1353 528 1415 πᾶς
576 1350 864 1421 ἄνθρωπος
900 1350 1135 1422 καθαρὸς
1180 1351 1273 1405 καὶ
1320 1344 1573 1422 ἐνάρετος
1633 1352 1873 1417 τοιοῦτος

309 1442 529 1512 ὑπάρχει
546 1458 559 1471 ·
587 1442 683 1494 καὶ
705 1440 816 1512 γὰρ
843 1439 903 1493 τὸ
936 1438 1081 1511 ῦδωρ
1106 1441 1201 1494 καὶ
1228 1440 1465 1512 ήδρόσος
1487 1442 1544 1493 ὲν
1566 1442 1633 1511 τῇ
1656 1442 1869 1512 Γραφῇ,

309 1534 426 1586 ποτέ
453 1535 550 1602 μὲν
582 1532 736 1603 δηλοῖ
780 1532 841 1585 τὸ
868 1531 1114 1602 χάρισμα
1164 1531 1258 1584 τοῦ
1305 1531 1461 1595 Θεοῦ,
1497 1532 1626 1585 ποτέ
1664 1532 1720 1586 δὲ
1745 1535 1871 1597 τοὺς

307 1625 635 1698 πειρασμοὺς
671 1622 767 1677 καὶ
798 1623 896 1695 τὴν
924 1623 1164 1694 ταραχὴν
1192 1623 1292 1695 τῆς
1318 1622 1517 1694 ψυχῆς.

369 1803 531 1857 Ὅταν
563 1802 619 1855 δὲ
646 1801 818 1871 λέγει,
850 1803 931 1856 ὅτι
969 1821 987 1855 ι
1023 1804 1080 1857 '0
1119 1803 1389 1857 πιστεύων
1417 1805 1496 1869 είς
1538 1805 1660 1876 ἐμὲ,
1695 1822 1865 1860 ποταο

307 1896 391 1966 μοὶ
418 1897 698 1965 ῥεύσουσιν
727 1896 792 1948 ἐκ
818 1895 916 1966 τῆς
943 1896 1150 1960 κοιλίας
1173 1896 1337 1950 αὐτοῦ
1367 1914 1381 1929 ·
1408 1916 1427 1948 ι
1463 1898 1574 1961 καὶ,
1606 1917 1624 1949 ι
1646 1899 1732 1962 Ὠς
1756 1898 1870 1971 δρό-

305 2004 387 2051 σος
412 1987 656 2059 Ἀερμῶν
692 1988 727 2058 ἡ
750 1988 1151 2042 καταϐαίνουσα
1197 1989 1289 2042 ἐπὶ
1319 1988 1389 2043 τὰ
1411 1988 1511 2061 ὅρη
1539 1989 1696 2056 Σιὼν,
1740 2010 1757 2041 ι
1791 1990 1860 2044 τὰ

302 2079 599 2150 χαρίσματα
626 2080 775 2149 λέγει
802 2079 894 2134 τοῦ
930 2080 1084 2148 ἁγίου
1120 2079 1457 2151 Πνεύματος.
1478 2083 1618 2154 Ὄρη
1646 2083 1703 2137 δὲ
1720 2083 1860 2139 Σιὼν

300 2167 437 2235 λέγει
463 2169 589 2233 τοὺς
604 2168 749 2223 κατὰ
778 2169 910 2223 Θεὸν
944 2169 1150 2233 ζῶντας
1183 2173 1603 2242 πνευματικούς.

363 2260 528 2313 Πάλιν
553 2261 682 2314 ὅταν
710 2260 857 2328 λέγει
878 2277 893 2293 ο
928 2278 948 2312 ι
983 2260 1164 2315 Σῶσόν
1198 2279 1285 2333 με,
1317 2264 1346 2315 ό
1370 2262 1520 2326 Θεὸς,
1551 2263 1635 2317 ὅτι
1676 2264 1857 2335 είσήλ·

298 2351 453 2405 θοσαν
486 2351 656 2405 ὕδατα
681 2352 786 2416 ἕως
816 2352 994 2423 ψυχῆς
1035 2369 1168 2423 μουο
1207 2372 1228 2406 ι
1267 2354 1379 2417 καὶ,
1416 2372 1436 2405 ι
1471 2354 1613 2425 Ἆρα
1644 2353 1858 2426 διῆλθεν

297 2443 491 2515 ἡψυχὴ
508 2443 667 2514 ἡμῶν
685 2442 747 2496 τὸ
774 2443 917 2514 ὕδωρ
947 2444 1007 2497 τὺ
1043 2444 1431 2509 ἀνυπόστατον,
1468 2463 1487 2497 ι
1511 2445 1638 2509 τοὺς
1666 2462 1857 2520 πειρα-

297 2539 459 2607 σμοὺς
477 2537 624 2606 λέγει
642 2535 744 2606 τῆς
774 2534 970 2608 ψυχῆς.

371 2628 563 2700 Ἐρώτ.
588 2629 703 2685 πα⁹.
734 2629 801 2681 Τί
830 2630 978 2682 ἐστιν
998 2644 1013 2660 ⁸
1058 2646 1081 2681 ι
1118 2626 1346 2693 Ἀναϐὰς
1381 2628 1460 2693 είς
1481 2626 1633 2700 ὕψος,
1672 2632 1854 2702 ᾐχμα-

291 2719 562 2785 λώτευσας
594 2720 966 2792 αἰχμαλωσίαν
982 2738 997 2788 ;
1027 2739 1047 2773 ι

367 2813 556 2866 Ἀπόκ.
588 2812 761 2866 Τοῦτο
789 2812 958 2881 λέγει,
991 2813 1072 2867 ὅτι
1099 2812 1305 2877 ἀναϐὰς
1329 2814 1358 2867 ό
1384 2812 1617 2885 Χριστὸς
1645 2815 1737 2869 ἐπὶ
1754 2815 1850 2869 τοῦ

294 2904 542 2975 σταυροῦ,
558 2903 650 2957 τὸν
667 2902 799 2975 ᾅδην
820 2904 1130 2970 ἐσκύλευσε,
1148 2905 1244 2958 καὶ
1258 2905 1328 2977 ῂχ
1336 2903 1667 2975 μαλώτευσε.
1684 2907 1854 2963 Τοῦτό

289 2994 400 3046 ἐστι
441 2993 535 3047 καὶ⁸
590 2993 652 3046 τὸ
687 2992 872 3061 λέγον⁹
914 3010 933 3044 ι
978 2990 1141 3045 Εἶπεν
1186 2995 1215 3046 ὁ
1251 2993 1480 3065 Κύριος·
1528 2995 1624 3048 Ἐκ
1669 2997 1853 3051 Βασὰν

287 3086 613 3157 ἐπιστρέψω,
647 3104 669 3138 ι
703 3085 980 3139 τουτέστιν
1013 3084 1118 3138 ἀπὸ
1150 3085 1243 3139 τοῦ
1272 3086 1504 3160 σταυροῦ
1542 3089 1852 3160 ἐπιστρέψω

287 3178 362 3240 εἰς
384 3176 536 3248 ᾅδην.
564 3175 747 3231 Βασὲν
791 3176 900 3247 γὰρ
940 3175 1295 3248 ἑρμηνεύεται
1324 3180 1609 3248 αἰσχύνη.
1641 3181 1701 3233 Οί
1742 3180 1850 3252 γὰρ

297 3268 533 3321 Ἰουδαῖοι
567 3269 659 3323 τὸν
686 3268 917 3340 σταυρὸν
953 3268 1029 3332 ὡς
1066 3269 1327 3341 αἰσχύνην
1354 3266 1519 3341 εἶχον,
1551 3273 1645 3325 καὶ
1682 3273 1851 3328 κατὰ·

290 3373 379 3429 ρας
407 3358 638 3430 ὄργανον
667 3357 825 3411 τοῦτο
852 3357 1151 3430 ὠνόμαζον.
1188 3360 1325 3414 Ἀλλ’
1348 3362 1378 3416 ὁ
1417 3364 1651 3431 Χριστὸς
1686 3364 1848 3435 ἡγία-

288 3464 372 3500 σεν
399 3449 584 3512 αὐτὸν,
614 3448 689 3512 ὡς
717 3451 774 3501 ἐν
806 3448 953 3521 αύτῷ
981 3449 1077 3521 τὴν
1107 3451 1374 3522 σωτηρίαν
1409 3454 1518 3507 τῶν
1545 3454 1847 3525 ἀνθρώπων

287 3542 865 3612 πραγματευσάμενος.

359 3628 546 3698 Ἐρὼτ.
578 3630 690 3701 πβθ.
713 3629 780 3684 Τί
800 3628 979 3699 λέγει’
1026 3649 1046 3683 ι
1078 3630 1326 3701 Πλούσιοι
1357 3634 1708 3706 ἐπτώχευσαν
1746 3639 1842 3692 καὶ

284 3720 568 3774 ἐπείνασαν
583 3736 599 3785 ;
635 3741 655 3774 ι

359 3806 540 3860 Ἀπόκ.
563 3806 861 3873 Πλουσίους
897 3810 1129 3866 ἐνταῦθα
1156 3814 1285 3876 τοὺς
1315 3813 1603 3878 Ἰουδαίους
1651 3816 1839 3870 καλεῖ·

284 3895 624 3967 ἐπτώχευσαν
668 3899 747 3965 δὲ,
786 3900 971 3973 ἐπειδὴ
1026 3902 1349 3957 ἀπέκτειναν
1394 3906 1486 3960 τὸν
1533 3907 1696 3979 ἄρτον
1741 3908 1843 3980 τῆς

284 3984 437 4058 ζωῆς,
468 3989 564 4041 καὶ
595 3984 760 4060 ἦλθεν
788 3991 875 4042 ἐπ’
901 3992 1095 4056 αὐτοὺς
1129 3994 1157 4046 ὀ
1179 3992 1356 4064 λιμός.

356 4077 541 4149 Ἐρὼτ.
572 4076 684 4148 πγν.
714 4080 781 4132 Τί
812 4080 981 4148 λέγει,
1012 4100 1031 4133 ι
1052 4083 1146 4147 Εἰς
1165 4086 1264 4148 τὰς
1290 4087 1500 4157 πρωῒας
1524 4087 1840 4143 ἀπέκτεινον

281 4168 476 4231 πάντας
499 4172 626 4235 τοὺς
645 4172 1003 4243 ἁμαρτωλοὺς
1041 4175 1140 4246 τῆς
1169 4176 1292 4247 γῆς,
1334 4178 1427 4232 τοῦ
1463 4179 1841 4253 ἐξολοθρεῦσαι

279 4261 338 4315 ἐκ
362 4262 565 4329 πόλεως
593 4265 801 4336 Κυρίου
816 4266 1021 4331 πάντας
1045 4270 1170 4334 τοὺς
1190 4270 1587 4344 ἐργαζομένους
1607 4275 1705 4348 τὴν
1719 4277 1841 4331 ἀνοι

283 4353 405 4421 μίαν
425 4370 440 4419 ;
482 4374 501 4405 ι
1254 4364 1261 4373 ’

352 4441 536 4500 ’Ᾱτεόκ.
572 4449 638 4501 '0
687 4446 859 4516 λέγει,
890 4450 1126 4507 τοιοῦτόν
1161 4453 1332 4508 ἐστιν·
1379 4453 1565 4529 ὥσπερ
1593 4459 1625 4530 ἡ
1657 4459 1837 4531 πρωῖα

1980 617 2196 672 tandem
2214 618 2377 688 jussu
2410 620 2616 677 Christi
2656 622 2947 679 dividetur.
2993 624 3142 695 Ignis
3176 640 3413 697 namque
3448 629 3552 683 du-

1978 708 2173 778 plicem
2206 710 2315 765 vim
2347 712 2525 778 habet,
2558 715 2627 769 ad
2656 715 2947 771 Iucendum
2976 717 3251 783 videlicet,
3285 721 3428 789 quod
3454 721 3554 776 da-

1975 800 2126 855 bitur
2157 800 2346 872 justis,
2381 814 2438 860 et
2467 805 2537 862 ad
2566 807 2945 874 cremandum,
2989 810 3134 881 quod
3166 813 3552 882 peccatoribus

1975 892 2344 963 deputabitur.

2047 986 2370 1042 lanarum.
2412 986 2625 1043 LXXX.
2659 987 2798 1059 Quid
2824 1033 2840 1059 ,
2878 1010 2898 1044 ι
2941 991 3169 1051 Flumen
3218 993 3314 1052 Dei
3372 998 3550 1070 reple-

1974 1083 2086 1131 tum
2118 1087 2204 1132 est
2242 1080 2400 1148 aquis
2421 1080 2499 1134 “‘P
2528 1100 2547 1133 ι

2044 1165 2208 1224 Rssr.
2238 1170 2353 1241 (99)
2383 1170 2488 1226 Per
2515 1188 2712 1243 aquam
2742 1177 2971 1245 apostoli
2999 1186 3279 1247 notantur,
3306 1183 3400 1254 qui
3421 1198 3545 1240 0m-

1974 1259 2187 1331 nigenis
2220 1261 2381 1319 donis
2401 1272 2455 1318 et
2485 1266 2670 1321 divina
2699 1268 2871 1337 gratia
2904 1270 3108 1340 impleti
3147 1282 3295 1330 sunt.
3318 1276 3394 1332 Ac
3424 1280 3548 1349 qui-

1973 1351 2058 1406 vis
2078 1351 2242 1406 homo
2278 1354 2371 1422 qui
2398 1370 2567 1423 purus
2593 1366 2647 1412 et
2670 1355 2853 1426 justus
2874 1368 2980 1424 est,
3007 1376 3116 1415 non
3137 1364 3357 1422 aliunde
3379 1384 3542 1437 quam

1973 1441 2102 1497 hinc
2166 1444 2293 1499 talis
2348 1445 2583 1501 eliicitur
2616 1463 2784 1502 :nam
2829 1465 2970 1520 aqua
3007 1459 3062 1507 et
3106 1468 3221 1519 ros,
3253 1457 3544 1528 aliquando

1970 1534 2193 1605 quidem
2234 1536 2292 1591 in
2343 1536 2629 1609 Scriptura
2688 1541 2890 1596 donum
2922 1542 3039 1607 Dei,
3081 1546 3374 1617 aliquando
3411 1567 3544 1608 vero

1970 1626 2164 1682 anima:
2193 1630 2520 1687 tentationes
2552 1641 2606 1687 et
2652 1634 2846 1689 anima:
2873 1639 3340 1706 perturbationem
3367 1642 3541 1715 signi-

1971 1717 2113 1774 ﬂeat.

2037 1808 2270 1874 Quando
2297 1826 2427 1866 vero
2453 1812 2629 1883 inquit
2661 1832 2717 1869 ει
2750 1815 2852 1882 Qui
2880 1818 3052 1875 credit
3082 1820 3137 1876 in
3170 1838 3277 1889 me,
3315 1822 3538 1884 ﬂumina

1968 1899 2036 1955 de
2079 1911 2267 1956 ventre
2312 1902 2434 1973 ejus
2484 1902 2654 1960 liuent
2686 1908 2770 1973 ης
2809 1927 2829 1960 ι
2876 1918 2948 1974 et,
3005 1929 3024 1961 ι
3064 1910 3134 1967 Ut
3161 1928 3257 1969 ros
3297 1914 3536 1976 Hermon

1958 1989 2299 2049 descendens
2346 2010 2515 2065 super
2548 2006 2762 2055 montes
2813 1999 2947 2056 Sion
2976 2004 3043 2068 ³ο,
3075 2025 3093 2056 ι
3130 2006 3342 2063 indicat
3390 2010 3536 2067 dona

1960 2083 2197 2154 Spiritus
2222 2088 2422 2141 sancti.
2451 2086 2659 2145 Montes
2689 2107 2819 2147 vero
2843 2091 2973 2149 Sion
3006 2096 3161 2163 dicit,
3195 2100 3532 2172 spirituum,

1957 2177 2050 2248 qui
2075 2177 2374 2232 secundum
2404 2177 2577 2234 Deum
2608 2182 2823 2248 vivunt,
2860 2185 3132 2245 homines.

2026 2265 2237 2323 Rursus
2265 2268 2485 2338 quando
2502 2269 2653 2337 dicit,
2689 2273 2941 2330 «Salvum
2960 2292 3046 2333 me
3068 2278 3178 2348 fac,
3201 2278 3367 2349 Deus,
3393 2300 3533 2356 quo-

1956 2358 2102 2413 niam
2116 2360 2371 2428 ingressaa
2388 2367 2513 2415 sunt
2532 2374 2685 2431 aqua:
2702 2377 2871 2434 usque
2884 2366 2951 2419 ad
2968 2368 3205 2424 animam
3227 2387 3402 2428 meam
3420 2375 3488 2443 ";
3502 2395 3523 2427 κ

1955 2458 2045 2515 et,
2085 2469 2103 2502 ι
2142 2449 2396 2507 Forsitan
2451 2455 2841 2522 pertransisset
2879 2459 3061 2516 anima
3106 2474 3298 2520 nostra
3330 2482 3535 2541 aquam,

1957 2539 2128 2596 fundo
2191 2554 2465 2599 carentem
2492 2547 2559 2613 ",
2596 2565 2615 2598 ι
2670 2548 2866 2605 anima:
2934 2554 3261 2613 tentationes
3295 2559 3524 2616 indicat.

2024 2633 2244 2700 (ξοβετ.
2288 2635 2521 2691 LXXXI.
2570 2638 2711 2705 Quid
2750 2648 2837 2696 est
2870 2644 3016 2713 quod
3062 2645 3234 2721 dicit:
3272 2668 3292 2702 ι
3320 2651 3530 2708 Ascon-

1953 2721 2087 2777 dens
2137 2724 2189 2778 in
2225 2724 2414 2792 altum,
2445 2728 2715 2798 captivam
2759 2729 2961 2786 duxisti
2999 2735 3369 2804 captivitatem
3396 2739 3519 2794 ιη»

2008 2804 2168 2869 Res}.
2210 2814 2323 2869 Hoc
2348 2816 2500 2881 dicit,
2535 2820 2664 2890 quia
2688 2820 2963 2888 Christus,
2998 2840 3300 2886 conscensa
3335 2848 3522 2900 cruce,

1953 2901 2293 2973 depraedatus
2315 2916 2400 2962 est
2442 2908 2717 2966 infernum
2746 2922 2802 2969 et
2835 2916 3107 2983 captivum
3161 2921 3316 2977 duxit
3335 2924 3431 2996 (1).
3459 2926 3522 2981 Et

1953 2998 2056 3052 hoc
2085 3007 2168 3054 cst
2203 3007 2256 3054 et
2295 3000 2425 3055 illud
2456 3004 2601 3073 quod
2636 3006 2710 3059 ait
2744 3022 2759 3060 :
2791 3026 2809 3059 ι
2833 3008 2980 3065 Dixit
3009 3010 3296 3081 Dominus,
3318 3032 3386 3073 ex
3417 3017 3525 3074 Ba-

1952 3103 2053 3145 san
2073 3100 2369 3158 revertar,»
2394 3094 2494 3150 hoc
2510 3104 2616 3160 est,
2634 3097 2701 3152 de
2729 3113 2893 3157 cruce
2915 3103 2981 3158 ad
3007 3104 3278 3162 infernum
3312 3110 3519 3166 redibo.

1951 3178 2128 3238 Basan
2169 3185 2311 3239 enim
2339 3187 2663 3256 explicatur,
2707 3192 2997 3262 turpitudo.
3033 3192 3167 3251 Nam
3195 3196 3367 3254 Judaei
3392 3217 3523 3256 cru-

1951 3288 2066 3328 sem
2102 3284 2159 3329 ut
2197 3277 2589 3346 turpitudinem
2642 3290 2917 3353 reputant,
2948 3297 3001 3341 et
3030 3288 3150 3344 ideo
3182 3291 3522 3348 maledictio-

1948 3364 2037 3420 nis
2087 3379 2351 3436 organum
2412 3372 2682 3428 vocabant
2740 3390 2881 3432 eam.
2954 3376 3061 3434 Sed
3101 3380 3356 3440 Christus
3397 3401 3519 3442 eam

1947 3456 2327 3521 sanctiﬁcavit,
2363 3473 2429 3513 eo
2464 3453 2611 3530 quod
2643 3464 2699 3519 in
2722 3480 2786 3520 ea
2819 3467 3051 3524 salutem
3077 3470 3361 3529 hominum
3388 3492 3520 3546 par-

1944 3540 2154 3599 fecerit.

2013 3634 2234 3701 ρυεετ.
2273 3638 2532 3697 LXXXII.
2557 3644 2696 3712 Quid
2752 3655 2836 3704 est
2863 3650 3010 3721 quod
3037 3653 3173 3709 dicit
3206 3674 3221 3711 :
3260 3675 3279 3709 ι
3310 3656 3517 3716 Divites

1943 3737 2208 3796 eguerunt
2230 3740 2284 3784 et
2316 3734 2631 3792 esurierunt
2647 3737 2727 3791 “?
2755 3758 2774 3790 ι

2003 3815 2167 3873 Resp.
2198 3820 2273 3891 (2)
2309 3821 2513 3881 Divites
2540 3827 2645 3883 hoc
2671 3829 2790 3886 loco
2816 3842 2974 3888 vocat
3001 3832 3241 3903 Iudaeos,
3269 3839 3517 3910 qui’ino~

1940 3923 2039 3977 pes
2070 3909 2195 3965 facti
2236 3923 2384 3979 sunt,
2424 3932 2491 3972 eo
2530 3919 2677 3988 quod
2705 3923 3009 3980 occiderint
3062 3942 3257 3998 panem
3288 3909 3432 3998 vitae,
3458 3940 3513 3989 et

1940 4004 2088 4057 venit
2128 4021 2292 4075 super
2322 4024 2419 4065 eos
2450 4010 2642 4069 fames.

2008 4093 2226 4159 Quam.
2257 4097 2537 4156 LXXXIII.
2569 4102 2711 4170 Quid
2730 4113 2814 4162 est
2836 4109 2981 4178 quod
3007 4110 3226 4183 inquit:
3262 4134 3281 4168 ι
3303 4112 3362 4171 In
3389 4131 3502 4171 ma-

1940 4186 2117 4241 tutino
2141 4188 2529 4249 interﬁciebam
2552 4211 2744 4253 omnes
2765 4208 3081 4268 peccatores
3101 4213 3284 4271 terrae,
3308 4214 3369 4263 ut
3394 4208 3511 4264 dis-

1938 4278 2219 4347 perderezn
2256 4282 2324 4338 de
2364 4284 2585 4343 civitate
2620 4286 2834 4345 Domini
2864 4306 3056 4351 omnes
3084 4306 3378 4366 operante;
3402 4299 3510 4356 ini-

1937 4370 2200 4440 quitatem
2222 4372 2268 4404 "
2283 4373 2307 4427 ?
2325 4392 2344 4425 ι
3121 4364 3138 4366 _
3342 4364 3358 4380 ’

2005 4460 2172 4520 lisse.
2203 4463 2381 4536 Hujus
2431 4466 2563 4525 dicti
2598 4470 2715 4527 hanc
2743 4483 2831 4529 est
2857 4480 3126 4534 sententia
3157 4495 3172 4533 :
3203 4481 3347 4539 sicut
3386 4497 3508 4536 ma~

276 4535 409 4608 ἀρχὴ
433 4538 530 4609 τῆς
553 4538 772 4611 ἡμέρας
817 4540 982 4606 ἐστὶν,
1032 4542 1174 4596 οὕτω
1208 4544 1300 4598 καὶ
1335 4546 1515 4619 πάσης
1559 4550 1834 4622 ἁμαρτίας

1953 4554 2172 4608 Lntinum
2205 4535 2441 4630 tempus,
2473 4560 2580 4617 diei
2609 4574 2692 4618 est
2722 4564 2961 4632 initium,
2994 4570 3075 4624 sic
3103 4573 3282 4627 omnis
3305 4573 3507 4642 peccati

278 4625 413 4678 ἐστὶν
441 4628 582 4699 ἀρχὴ
605 4628 846 4701 ύποϐολὴ
876 4629 972 4683 τοῦ
1001 4631 1218 4706 ἐχθροῦ.
1241 4635 1333 4689 Διὸ
1350 4635 1501 4719 λέγει
1517 4655 1531 4669 ·
1566 4658 1585 4689 ι
1622 4640 1715 4705 Εἰς
1735 4642 1834 4708 τὰς

277 4719 476 4786 πρωῖας
507 4719 851 4785 ἀπέκτεινον,
896 4740 914 4773 ι
950 4723 1222 4778 τουτέστιν
1246 4727 1326 4790 είς
1369 4728 1467 4792 τὰς
1515 4730 1688 4802 ἀρχὰς
1727 4736 1836 4789 τῶν

275 4805 536 4881 λογισμῶν
567 4812 857 4876 ἐσκόπουν,
886 4814 982 4867 καὶ
1012 4814 1232 4870 ἐδίωκον
1262 4818 1361 4883 τὰς
1398 4823 1700 4894 προσϐολὰς
1733 4828 1835 4881 αύ-

252 4897 392 4965 οτῶν,
422 4904 516 4955 καὶ
543 4902 756 4966 πάντας
778 4904 904 4967 τοὺς
937 4906 1310 4977 ἁμαρτωλοὺς.
1332 4909 1449 4979 ἤτοι
1481 4913 1607 4977 τοὺς
1642 4914 1834 4987 δαίμο-

272 5004 392 5054 νας,
439 4994 568 5057 τοὺς
597 4991 888 5058 ποιοῦντας
927 4998 985 5050 ἐν
1022 4996 1147 5067 ἐμοὶ
1179 4998 1278 5071 τὴν
1312 5001 1602 5074 ἁμαρτίαν,
1638 5025 1658 5057 ι
1681 5008 1831 5072 ὅπως

273 5080 636 5153 ἐξολοθρεῦσαι
665 5084 732 5136 ἐκ
761 5080 967 5148 πόλεως
996 5086 1199 5158 Κυρίου
1230 5090 1454 5157 πάντας,
1501 5112 1521 5145 ι
1554 5096 1829 5152 τουτέστιν

271 5171 332 5224 ἐκ
356 5174 449 5245 τῆς
470 5173 675 5245 ψυχῆς.
706 5173 868 5238 Πόλις
888 5176 996 5247 γὰρ
1010 5180 1213 5251 Κυρίου
1241 5183 1386 5237 ἐστὶν
1410 5185 1442 5256 ἡ
1471 5184 1635 5260 ψυχή.
1654 5182 1832 5245 Ἐδίωὲ

271 5279 357 5319 κον
384 5267 511 5339 γὰρ,
542 5267 703 5337 φησὶ,
731 5266 828 5320 καὶ
858 5267 1177 5326 ἀπέκτεινον
1207 5273 1306 5339 τάς
1346 5278 1587 5347 κεφαλὰς
1628 5281 1827 5347 αὐτῶν,

332 5462 373 5539 ’_'
409 5463 554 5539 Psal.
604 5479 766 5539 ιιιν,Δ
788 5464 873 5539 ιο.
940 5469 1017 5539 Λίξ
1052 5466 1212 5527 Joan.
1248 5489 1342 5539 vn,
1374 5474 1444 5530 38

568 5736 920 5818 T_beod0t'eto
946 5743 998 5797 in
1027 5746 1287 5813 psalmum
1313 5765 1460 5818 utv,
1498 5772 1548 5814 ν,
1574 5756 1656 5815 lo,

319 5804 394 5878 (I)
432 5806 772 5863 Theodoret.
799 5811 852 5862 in
879 5827 959 5881 ps.
991 5804 1156 5878 L'xvn,
1188 5836 1236 5871 ν.
1272 5820 1362 5876 25.

580 5901 861 5966 Parant.
904 5905 1022 5970 Gn.
1067 5912 1367 5978 XXVIII.

1587 5477 1637 5551 ’ξ
1671 5478 1816 5551 Psal.
1846 5496 2052 5551 cum,
2089 5488 2143 5543 5.

265 5531 306 5563 ³³
339 5532 480 5590 Psal.
518 5551 702 5599 ιινιι,
744 5535 834 5591 19.
912 5537 958 5571 ⁸⁵
994 5538 1140 5596 Psal.
1180 5531 1387 5609 xxxiii,
1424 5546 1511 5602 II.
1588 5549 1634 5583 "
1671 5531 1819 5606 Péii'.

1938 4642 2152 4699 initium
2214 4656 2299 4701 est
2351 4649 2557 4706 inimici
2602 4651 2949 4712 fraudulenta
3002 4664 3301 4733 suggestio.
3342 4661 3503 4727 Ideo,

1935 4734 2108 4806 inquit
2145 4756 2158 4793 :
2197 4758 2216 4790 ι
2250 4738 2308 4794 In
2329 4745 2598 4799 matutino
2645 4747 3061 4817 interﬂciebam,
3096 4773 3117 4808 ι
3150 4754 3259 4810 hoc
3287 4763 3392 4820 est,
3418 4771 3508 4811 re-

1934 4829 2228 4897 spicieham
2253 4833 2319 4886 ad
2343 4836 2610 4908 principia
2633 4841 3041 4911 cogitationum,
3064 4853 3119 4900 et
3145 4849 3508 4918 persequebar

1932 4936 2120 4976 earum
2180 4924 2437 4991 impetus,
2495 4937 2658 5000 atque
2713 4934 2850 4988 adeo
2905 4945 3226 5005 peccatores
3271 4955 3499 5004 omnes,

1935 5010 2130 5085 nempe
2156 5015 2447 5082 daemones,
2477 5023 2573 5091 qui
2606 5021 2815 5080 faciunt
2857 5027 2913 5082 in
2948 5044 3035 5084 me
3057 5039 3360 5100 peccatum,
3391 5051 3411 5086 ι
3443 5040 3504 5089 ut

1935 5104 2304 5175 disperderem
2330 5109 2399 5164 de
2425 5111 2645 5171 civitate
2667 5115 2881 5173 Domini
2911 5136 3124 5187 omnes,
3155 5141 3174 5176 ι
3207 5124 3310 5179 hoc
3331 5132 3415 5181 est
3432 5141 3499 5182 ex

1936 5196 2139 5251 anima.
2182 5197 2380 5255 Anima
2413 5217 2670 5273 namque,
2712 5205 2924 5265 Domini
2956 5212 3150 5269 civitas
3168 5224 3273 5270 est.
3307 5214 3497 5285 Persei

1935 5287 2142 5357 quebar
2180 5289 2350 5354 enim,
2401 5290 2600 5363 inquit.
2629 5305 2683 5353 et
2708 5299 3092 5356 abscindebam
3132 5304 3374 5375 ipsorum
3402 5323 3496 5365 ca-

2267 5490 2309 5522 "
2352 5487 2496 5546 Psal.
2532 5508 2723 5561 LXVIII,
2755 5494 2810 5551 2.
2935 5499 2980 5531 "
3018 5497 3162 5557 Psal.
3199 5517 3370 5560 cum
3393 5546 3407 5571 ,
3440 5503 3497 5562 εἰ.

1981 5762 2057 5837 (2)
2097 5765 2425 5826 Theodorei.
2450 5769 2507 5827 in
2539 5770 2685 5829 hunc
2712 5787 2949 5833 versum.
