4088 6382
596 436 701 498 74³1

1718 433 1774 489 S.
1808 432 2278 492 ATHANASIUS.
2320 463 2391 475 —-
2431 431 2701 488 SPURIA.

3709 433 3822 489 ἠδ

566 544 729 637 ’ρίιιῃ
782 560 993 619 scilicet
1029 557 1317 630 principia,
1366 554 1435 609 ad
1481 552 1906 624 disperdendum
1943 569 2041 609 eos
2088 568 2128 608 e:

2253 565 2370 636 ἦτοι
2393 565 2492 629 τὰς
2520 562 2714 637 ἀρχὰς,
2772 564 2920 625 ὅπως
2966 561 3327 633 ὲξολοθρεύσω
3381 563 3578 627 αὐτοὺς
3623 563 3690 617 ix
3718 565 3818 636 τῆς

591 659 800 722 aniua,
832 669 903 710 ne
931 657 1287 723 operarentur
1312 662 1529 703 omnem
1554 646 1901 717 iniquitatem
1937 653 1994 701 et
2029 659 2156 717 pec-

591 696 800 722 .....l....,
833 696 902 710 ..ν
933 696 1277 723 ...η--.-νη-
1318 696 1529 703 ---ητ
1555 696 1901 717 -_-,__-_--_
1943 696 1990 701 -_
2029 696 2122 717 τ--

561 696 881 905 inﬁgam.
909 831 1192 890 LXXXIV.
1215 830 1357 899 Quid
1386 838 1472 887 est
1498 828 1644 901 quod
1670 829 1883 900 inquit:
1923 847 1942 881 ι
1974 827 2153 883 Catuli

584 932 801 987 leonum
850 928 1128 1000 rugientes
1178 931 1240 981 ut
1292 923 1532 995 rapiant,
1583 929 1637 980 et
1681 930 1928 993 quaerant
1972 939 2004 978 a
2042 922 2153 979 Deo

582 1036 765 1078 escam
797 1020 923 1076 sibi.
956 1018 1124 1073 Ortus
1155 1022 1240 1072 est
1263 1016 1367 1082 sol,
1392 1024 1445 1071 et
1469 1016 1784 1087 congregati
1816 1023 1966 1085 sunt,
1994 1023 2049 1072 et
2093 1016 2151 1071 in
2196 1092 2201 1098 ἢ

582 1113 859 1185 speluncis
882 1112 997 1167 suis
1031 1110 1309 1167 cubabant
1325 1110 1371 1141 “
1394 1109 1446 1162 ‘h

636 1205 813 1260 'Rssr.
840 1204 1061 1259 Catulos
1084 1201 1326 1264 leonum,
1350 1199 1483 1255 dicit
1511 1199 1823 1271 praphetas.
1842 1199 2150 1271 Rugiebant

578 1313 709 1353 vero
746 1298 1043 1351 clamantes
1083 1301 1138 1347 et
1198 1294 1503 1365 loquentes,
1534 1308 1598 1347 ac
1632 1292 2015 1363 prophetantes
2064 1293 2148 1347 in-

578 1388 952 1445 carnationem
990 1385 1115 1439 Filii
1152 1383 1269 1439 Dei.
1313 1381 1547 1438 Exortus
1589 1398 1719 1439 vero
1758 1392 1844 1439 est
1891 1384 1994 1447 sol,
2042 1385 2147 1440 hoc

576 1494 680 1547 est,
694 1482 845 1539 venit
866 1479 1123 1535 Christus
1142 1483 1196 1532 et
1232 1482 1543 1530 tacuerunt.
1562 1473 1847 1544 Prophetas
1868 1491 2041 1546 usque
2075 1476 2144 1531 ad

576 1574 840 1630 Joannem
898 1569 1313 1641 prOphetarunt.
1348 1566 1463 1622 Hoc
1493 1575 1597 1632 est,
1633 1569 1781 1639 quod
1818 1547 1982 1624 etiam
2012 1571 2143 1627 alibi

576 1666 711 1721 dicit
767 1663 1095 1733 Scriptura:
1136 1680 1156 1713 ι
1202 1659 1514 1715 Tenebrosa
1578 1676 1738 1731 aqua,
1795 1662 1853 1717 in
1904 1663 2142 1721 nubibus

562 1758 737 1813 aeris.
769 1754 889 1809 Pra:
924 1752 1132 1825 fulgore
1159 1753 1315 1822 271
1348 1752 1468 1820 ejus
1492 1753 1663 1808 nubes
1681 1755 2015 1810 transierunt
2037 1757 2136 1811 π.»

574 1849 943 1906 Tenebrosam
969 1859 1165 1917 aquam
1190 1845 1323 1898 dicit
1350 1843 1590 1898 divinam
1619 1834 1979 1916 Scripturam,
2001 1863 2140 1919 quo-

574 1944 720 1998 niam
749 1942 808 1996 in
830 1938 1063 2010 caligine
1126 1936 1303 1993 Moses
1352 1930 1527 2006 legem
1572 1939 1783 2009 accepit
1836 1955 1866 1993 a
1918 1940 2027 1995 Deo
2078 1942 2135 1997 in

570 2041 757 2089 monte
778 2031 928 2087 Sina.
965 2029 1106 2097 Quin
1133 2028 1236 2100 ipsi
1276 2028 1554 2099 prophetae
1580 2044 1799 2099 quoque
1824 2045 1930 2084 non
1963 2034 2136 2085 mani-

570 2128 729 2194 feste,
754 2123 850 2181 sed
876 2123 1111 2178 obscure
1163 2128 1218 2177 et
1268 2119 1508 2175 tenuiter
1553 2121 1952 2190 quodammodo
1982 2122 2135 2178 vide-

566 2226 697 2274 runt
761 2217 1053 2272 adventum
1103 2213 1330 2278 Christi,
1377 2220 1432 2269 et
1485 2213 1921 2269 manifestarunt.
1951 2214 2134 2272 Nubes

568 2312 715 2367 enim
736 2315 896 2364 vocat
946 2306 1263 2377 prophetas,
1326 2304 1419 2374 qui
1476 2305 1864 2374 praedicarunt,
1894 2315 1947 2362 et
1976 2308 2132 2377 quasi

569 2418 766 2474 aquam
817 2399 1144 2464 eﬂuderunt,
1191 2396 1578 2467 spirarumque
1609 2398 1774 2455 veluti
1815 2398 1962 2453 venti
1996 2399 2134 2454 divi-

568 2508 700 2548 num
765 2502 1072 2545 sermonem
1119 2493 1173 2541 et
1221 2487 1389 2556 legem
1430 2501 1593 2556 super
1633 2494 1858 2553 terram,
1893 2503 2013 2558 qua;
2046 2500 2132 2545 est

568 2585 661 2639 illa
685 2580 975 2636 tenebrosa
1022 2592 1183 2647 aqua.
1239 2575 1286 2629 A
1342 2576 1554 2648 fulgore
1584 2593 1713 2633 vero
1756 2578 1874 2647 ejus
1911 2580 1963 2634 iu
1999 2597 2131 2635 con-

567 2682 761 2747 spectu
808 2672 950 2742 ejus,
983 2677 1042 2724 ut
1070 2670 1138 2723 ab
1165 2668 1286 2738 ejus
1314 2667 1370 2721 in
1402 2685 1565 2724 carne
1593 2669 1827 2725 adventu
1852 2687 2035 2727 coram
2064 2688 2128 2730 eo

565 2764 761 2827 nubes,
792 2760 1070 2831 prophetae
1108 2758 1380 2823 videlicet,
1407 2771 1764 2815 cessaverunt
1802 2768 1856 2816 et
1902 2763 2129 2820 absces-

565 2861 779 2911 serunt.
1968 2835 1992 2865 ’

634 2944 855 3013 Quass'r.
882 2940 1140 2999 LXXXV.
1171 2941 1314 3009 Quid
1355 2948 1461 3007 est,
1500 2959 1519 2993 ι
1550 2939 1705 3000 Mons
1753 2940 1885 3000 Sion
1910 2942 2037 3011 iste,
2067 2945 2123 3001 in

562 3052 673 3108 quo
701 3035 958 3091 habitasti
990 3035 1046 3088 in
1075 3033 1243 3110 eo”?
1271 3051 1291 3087 ι

632 3126 798 3183 Resp.
823 3125 1016 3181 Divina
1037 3125 1319 3197 Scriptura
1347 3124 1532 3180 multis
1555 3125 1730 3181 modis
1756 3141 1943 3183 vocem
1967 3144 2122 3184 mon-

2253 654 2452 726 ψυχῆς,
2478 655 2573 710 τοῦ
2606 657 2680 728 μὴ
2710 652 3037 727 ἐργάζεσθαι
3066 656 3246 708 πᾶσαν
3260 653 3488 725 ἀνομίαν
3522 653 3616 708 καὶ
3640 656 3820 727 ἁμαρ-ο

2251 749 2396 803 τίαν.

2335 840 2524 914 Ἐρὼτ.
2572 840 2677 894 πδ’.
2730 839 2795 893 Τί
2833 838 3020 909 λέγει’
3053 856 3072 891 ι
3131 838 3363 910 Σκύμνοι
3396 839 3695 912 ὠρυόμενοι
3721 839 3821 896 τοῦ

2250 933 2513 1005 ἁρπάσαι,
2539 933 2634 986 xui
2656 930 2884 1003 ζητῆσαι
2916 930 3065 1003 παρὰ
3106 930 3183 1001 τῷ
3214 930 3333 1001 Θεῷ
3371 930 3572 1002 βρῶσιν
3610 932 3814 996 αὐτοῖς.

2263 1024 2553 1079 Ἀνέτειλεν
2577 1027 2605 1078 6
2622 1025 2790 1095 ἥλιος,
2824 1024 2917 1077 xui
2944 1023 3310 1095 συνήχθησαν,
3327 1024 3423 1078 xui
3447 1026 3526 1089 είς
3552 1024 3653 1089 τὰς
3678 1025 3821 1096 μάνσ

2248 1113 2379 1186 δρας
2400 1114 2576 1169 αὐτῶν
2604 1114 3085 1185 κοιτασθήσονται;
3122 1132 3142 1166 ι

2330 1208 2513 1261 Ἀπόκ.
2549 1206 2827 1278 Σκύμνους
2865 1206 3010 1276 λέγει
3050 1207 3177 1270 τοὺς
3221 1207 3523 1278 προφήτας.
3562 1205 3814 1279 Ὠρύοντο

2245 1296 2303 1350 δὲ
2335 1296 2625 1369 κράζοντες
2662 1300 2755 1352 καὶ
2784 1296 3049 1366 λέγοντες,
3093 1298 3186 1351 xui
3235 1297 3667 1369 προφητεύοντες
3714 1297 3815 1369 τὴν

2248 1388 2520 1460 σάρκωσιν
2546 1387 2639 1441 τοῦ
2670 1386 2799 1441 Υίοῦ
2846 1386 2939 1440 τοῦ
2974 1386 3128 1441 Θεοῦ.
3167 1387 3461 1440 Ἀνέτειλεν
3487 1386 3545 1439 δὲ
3573 1389 3602 1439 6
3639 1386 3815 1458 ἥλιος,

2244 1474 2537 1540 τουτέστιν,
2566 1471 2727 1546 ἦλθεν
2759 1474 3062 1546 όΧριστὸς,
3097 1475 3192 1529 xui
3214 1474 3544 1547 ἐσιώπησαν.
3579 1478 3643 1528 Οἱ
3676 1494 3809 1548 προ-

2244 1566 2410 1635 φῆται
2437 1567 2541 1631 ἓως
2574 1568 2819 1621 Ἰωάννου
2850 1570 3281 1639 προεφήτευσαν.
3315 1567 3483 1620 Τοῦτό
3516 1568 3635 1620 ἐστι
3664 1569 3755 1620 καὶ
3781 1568 3812 1620 6

2243 1656 2388 1726 λέγει
2417 1659 2651 1730 ήΓραφὴ
2676 1658 2905 1730 ἀλλαχοῦ
2922 1673 2939 1692 ο
2972 1676 2992 1710 ι
3022 1658 3298 1712 Σκοτεινὸν
3325 1659 3467 1731 ῦδωρ
3483 1661 3539 1711 ὲν
3560 1660 3810 1730 νεφέλαις

2241 1749 2447 1819 ἀέρων·
2516 1751 2646 1803 Ἀπὸ
2692 1749 2795 1820 τῆς
2842 1750 3228 1823 τηλαυγήσεως
3274 1752 3438 1805 αὐτοῦ
3482 1755 3537 1806 ui
3586 1756 3806 1826 νεφέλαι

2239 1841 2469 1912 διῆλθον.
2508 1861 2526 1893 ι
2557 1842 2833 1895 Σκοτεινὸν
2880 1842 3023 1916 ὕδωρ
3067 1844 3214 1911 λέγει
3245 1845 3341 1916 τὴν
3382 1845 3532 1898 θείαν
3562 1847 3803 1919 Γραφὴν,

2241 1933 2424 2005 ἐπειδὴ
2457 1936 2515 1987 ὲν
2543 1934 2725 2005 γνόφῳ
2773 1934 2986 2001 ἐδέξατο
3005 1937 3033 1988 6
3065 1937 3269 2007 Μωσῆς
3310 1937 3399 1991 τὸν
3435 1938 3594 2009 νόμον
3639 1941 3696 1991 ὲν
3725 1939 3804 2011 τῷ

2241 2026 2370 2080 Σινᾶ
2403 2026 2551 2099 παρὰ
2575 2025 2730 2080 Θεοῦ.
2770 2028 2891 2079 Ἔτι
2920 2027 2976 2080 δὲ
3004 2029 3096 2081 καί
3136 2029 3185 2081 οἱ
3234 2031 3505 2101 προφῆται
3544 2031 3803 2103 ἀμυδρῶς

2240 2134 2357 2181 πως
2384 2119 2477 2171 καὶ
2519 2118 2805 2182 σκοτεινῶς
2832 2122 2928 2173 xui
2953 2119 3163 2184 λεπτῶς
3214 2139 3329 2185 πως
3372 2123 3471 2193 τὴν
3504 2125 3804 2195 παρουσίαν

2237 2209 2329 2263 τοῦ
2358 2210 2592 2281 Χριστοῦ
2623 2209 2866 2275 ἔϐλεπον,
2893 2212 2985 2265 καὶ
3016 2211 3253 2283 ἐδήλουν.
3283 2214 3527 2283 Νεφέλας
3551 2216 3657 2288 γὰρ
3677 2217 3805 2282 τοὺς

2238 2302 2520 2372 προφήτας
2546 2301 2711 2370 λέγει,
2740 2302 2923 2372 ἐπειδὴ
2953 2303 3243 2374 ἐκήρυξαν,
3295 2306 3389 2358 xui
3416 2306 3491 2370 ὡς
3530 2306 3674 2378 ὓδωρ
3715 2307 3801 2373 ἐξ·

2237 2391 2409 2462 έχεον,
2433 2392 2759 2458 πνεύσαντες
2778 2395 2852 2459 ὡς
2873 2395 3032 2467 ἀέρες
3057 2396 3146 2449 τὸν
3179 2396 3319 2451 θεῖον
3344 2397 3495 2466 λόγον
3524 2401 3621 2453 xui
3642 2401 3804 2472 νόμον

2238 2482 2330 2535 ἐπὶ
2354 2481 2453 2552 τῆς
2483 2483 2606 2553 γῆς,
2650 2483 2785 2555 ὅπερ
2825 2484 2940 2536 ἐστὶ
2966 2483 3028 2537 τὸ
3071 2484 3338 2537 σκοτεινὸν
3374 2484 3540 2557 ὕδωρ.
3583 2487 3715 2539 Ἀπὸ
3741 2485 3805 2540 δι

2234 2572 2334 2643 τῆς
2381 2574 2769 2646 τηλαυγήσεως
2812 2574 2976 2629 αύτοῦ
3017 2574 3241 2629 ἐνώπιον
3270 2575 3516 2649 αύτοῦ,ἢ
3558 2578 3634 2642 ὡς
3689 2579 3797 2633 ἀπὸ

2232 2664 2329 2735 τῆς
2362 2664 2448 2717 διὰ
2472 2665 2672 2736 σαρκὸς
2703 2666 2991 2735 ἐπιδημίας
3020 2666 3182 2720 αὐτοῦ
3222 2666 3527 2740 ἔμπροσθεν
3555 2669 3714 2722 αὐτοῦ
3744 2670 3800 2724 αἱ

2234 2757 2470 2825 νεφέλαι,
2498 2758 2663 2828 ἤγουν
2708 2758 2759 2811 οἱ
2818 2759 3114 2831 προφῆται,
3157 2758 3399 2814 ἔπαυσαν
3444 2761 3538 2814 xui
3583 2759 3800 2833 ὑπεχὼ-

2233 2867 2423 2922 ρησαν.

2313 2940 2501 3015 Ἐρὼτ.
2536 2950 2639 2999 πε’.
2675 2943 2739 2997 Τί
2775 2946 2920 2999 ἐστιν
2940 2962 2952 2974 ·
2988 2961 3008 2996 ι
3031 2945 3190 3017 Ὄρος
3217 2944 3354 2998 Σιὼν
3375 2944 3552 3011 τοῦτο,
3581 2944 3612 2998 ὃ
3637 2962 3797 3000 κατε-

2229 3035 2516 3106 σκήνωσας
2536 3036 2593 3089 ὲν
2625 3036 2808 3108 uinci};
2844 3056 2863 3089 ι

2312 3129 2498 3182 Ἀπόκ.
2565 3128 2628 3181 Ἥ
2667 3128 2785 3181 Θεία
2833 3128 2873 3180 Γ
2876 3128 3021 3200 ραφὴ
3076 3127 3354 3198 πολλαχῶς
3394 3129 3685 3202 ὲρμηνεύει
3734 3129 3801 3184 τὸ

562 3221 636 3275 tis
682 3221 1089 3289 interpretatur.
1126 3217 1193 3270 Et
1246 3217 1335 3271 hic
1379 3216 1598 3287 quidem
1641 3233 1796 3274 mons
1849 3217 2004 3287 Sion,
2039 3229 2123 3277 est

2227 3218 2370 3291 ὅρος.
2404 3220 2513 3272 Καὶ
2538 3218 2693 3273 τοῦτο
2726 3219 2824 3290 μὲν
2847 3219 2973 3292 ὅρος
2997 3219 3133 3273 Σιών
3161 3220 3306 3273 ἐστιν
3338 3222 3366 3273 6
3393 3222 3556 3285 τόπος
3593 3222 3793 3292 Ἰερου-

561 3314 718 3368 locus
742 3311 1068 3374 Jerusalem,
1096 3311 1149 3364 in
1177 3325 1287 3381 quo
1314 3310 1575 3365 habitavit
1601 3310 1860 3369 Dominus
1890 3328 1954 3369 ac
1987 3313 2126 3373 Deus

2229 3309 2361 3381 σαλὴ
2371 3328 2429 3381 μ,
2456 3311 2513 3363 ὲν
2539 3304 2583 3377 ᾧ
2607 3308 2923 3381 κατῴκησεν
2951 3310 2980 3361 6
3007 3309 3205 3382 Κύριος
3238 3309 3394 3382 ἡμῶν
3420 3311 3514 3364 καὶ
3536 3311 3667 3374 Θεὸς
3693 3311 3798 3382 Ἰη-

560 3410 751 3458 noster
802 3400 963 3457 Jesus
1018 3399 1270 3456 Christus
1320 3400 1637 3457 incarnatus
1686 3418 1850 3473 super
1896 3411 2122 3463 terram.

559 3493 796 3549 Montem
827 3508 1020 3548 rursus
1074 3492 1291 3562 praprie
1331 3498 1490 3547 vocat
1549 3495 1952 3550 sanctissimam
2000 3496 2125 3551 Dei-

557 3600 766 3656 param,
802 3591 861 3639 ut
889 3599 1013 3639 cum
1047 3584 1224 3653 inquit
1248 3602 1263 3638 :
1288 3601 1306 3634 ι
1332 3582 1486 3639 Mons
1511 3584 1565 3638 in
1586 3601 1695 3655 quo
1722 3586 2121 3657 heneplacitum

554 3685 639 3731 est
670 3674 780 3729 Deo
809 3673 1055 3729 habitare
1096 3673 1153 3727 in
1184 3688 1283 3738 eo,
1318 3674 1517 3729 etenim
1564 3674 1826 3733 Dominus
1856 3678 2121 3733 habitabit

552 3762 611 3816 in
642 3761 802 3819 linem
838 3763 906 3817 ”.
936 3770 955 3814 ι
988 3761 1056 3816 Et
1098 3763 1224 3817 alibi
1267 3762 1538 3818 habetur:
1573 3782 1593 3815 ι
1622 3764 1764 3823 Deus
1805 3783 1835 3821 a
1877 3767 2119 3825 Theman

548 3855 821 3909 .venietet
861 3852 1096 3910 Sanctus
1143 3870 1212 3910 ex
1254 3862 1437 3910 monte
1482 3870 1651 3926 opaco
1693 3864 1748 3912 et
1801 3858 1971 3915 denso
1992 3862 2058 3914 ³ο.
2092 3880 2111 3914 ι

553 3945 710 4001 Mons
759 3954 940 4002 autem
976 3946 1179 4001 dicitur
1225 3955 1413 4001 sancta
1471 3945 1719 4017 Deipara.
1757 3948 1894 4015 Quia
1925 3967 2117 4021 quem-

552 4037 843 4091 admodum
892 4038 929 4092 ii
962 4038 1057 4108 qui
1111 4039 1165 4092 in
1210 4053 1402 4107 campo
1455 4039 1769 4106 ambulant,
1824 4049 1879 4096 et
1935 4044 2116 4099 calore

530 4137 818 4194 aestuant,
850 4131 898 4186 si
924 4138 1164 4186 montem
1198 4132 1452 4195 subeunt,
1485 4133 1631 4186 velut
1671 4149 1795 4189 rore
1831 4136 2115 4205 conspersi

536 4220 744 4275 umbra
782 4221 1041 4276 arborum
1096 4222 1330 4287 montis,
1377 4222 1461 4277 vel
1511 4238 1653 4293 aqua
1702 4225 1893 4279 sedant
1922 4233 2111 4279 :estum

547 4311 818 4379 ﬂammai:
852 4312 1041 4367 eodem
1071 4312 1235 4366 modo
1262 4327 1320 4367 se
1353 4312 1541 4366 habuit
1568 4329 1695 4384 erga
1724 4314 1971 4370 homines
2010 4317 2113 4369 im-

532 4398 821 4452 maculata
845 4396 1034 4469 Virgo,
1062 4414 1182 4469 qua:
1211 4414 1336 4453 rore
1362 4401 1598 4471 quodam
1641 4403 1725 4456 sui
1757 4412 1947 4473 partus
1979 4407 2112 4460 ani-

518 4502 664 4543 .mas
698 4488 978 4543 hominum
1002 4497 1139 4545 aestu
1167 4492 1374 4561 peccati
1405 4492 1682 4549 confectas
1726 4496 1783 4550 in
1822 4496 1987 4551 vitam
2020 4514 2109 4554 re-

2227 3403 2350 3466 σοῦς
2383 3402 2613 3474 Χριστὸς
2661 3401 2958 3474 σαρκωθεὶς
2990 3402 3083 3454 ἐπὶ
3120 3402 3216 3471 τῆς
3248 3403 3372 3472 γῆς.
3422 3404 3583 3473 Ὄρος
3629 3401 3795 3456 πάλιν

2222 3488 2279 3541 δὲ
2325 3488 2528 3561 κυρίως
2570 3488 2820 3560 ὀνομάζει
2868 3488 2965 3560 τὴν
3019 3488 3317 3560 ὑπεραγίαν
3375 3490 3654 3556 Θεοτόκον,
3714 3490 3794 3555 ὡς

2222 3576 2346 3629 ὅταν
2380 3577 2553 3646 λέγει’
2585 3597 2603 3629 ι
2647 3578 2719 3631 Τὸ
2751 3579 2896 3649 ὅρος.
2925 3578 2953 3631 ὃ
2980 3578 3270 3649 εὐδόκησεν
3297 3581 3325 3632 6
3355 3579 3486 3644 Θεὸς
3515 3583 3789 3634 κατοικεῖν

2222 3672 2280 3724 ὲν
2305 3669 2469 3741 αὐτῷ·
2494 3673 2586 3724 xui
2611 3671 2719 3742 γὰρ
2745 3673 2772 3723 6
2798 3672 2999 3741 Κύριος
3019 3672 3427 3742 κατασκηνώσει
3451 3676 3530 3736 είς
3551 3674 3726 3737 τέλος·
3759 3692 3783 3726 ι

2219 3759 2312 3813 xui
2333 3759 2564 3830 ἀλλαχοῦ
2585 3776 2599 3789 ο
2631 3778 2649 3810 ι
2699 3760 2754 3813 '0
2778 3760 2908 3823 Θεὸς
2941 3760 3047 3813 ἀπὸ
3075 3761 3143 3813 Θε
3153 3761 3258 3832 μὰν
3284 3761 3421 3831 ἥξει,
3447 3764 3542 3816 xui
3579 3765 3607 3816 6
3638 3765 3791 3831 ἅγιος

2217 3848 2276 3915 ἐξ
2314 3848 2472 3920 ὅρους
2502 3848 2795 3902 κατασκίου
2833 3849 2926 3901 xui
2953 3848 3176 3912 δασέως.
3222 3867 3241 3900 ι
3282 3850 3445 3919 Ὄρος
3486 3849 3543 3902 δὲ
3574 3849 3786 3918 λέγεται

2215 3943 2248 4011 ἡ
2287 3941 2415 4009 ἁγία
2447 3940 2722 4003 Θεοτόκος.
2776 3940 2927 3993 Ἐπεὶ
2955 3938 3142 4011 ὥσπερ
3173 3941 3222 3993 oi
3254 3941 3310 3993 ὲν
3334 3940 3412 4011 τῷ
3446 3940 3655 4012 κάμπῳ
3693 3958 3789 3994 πε-

2220 4029 2601 4103 ριπατοῦντες,
2661 4031 2754 4083 καὶ
2807 4030 3124 4099 φλεγόμενοι
3178 4030 3283 4085 ὑπὸ
3326 4030 3419 4083 τοῦ
3472 4030 3781 4102 καύματος,

2215 4122 2663 4195 προσεγγίζοντες
2713 4123 2770 4175 ὲν
2820 4122 2896 4194 τῷ
2953 4122 3101 4193 δρει,
3148 4120 3482 4194 δροσίζονται
3528 4122 3636 4176 ὑπὸ
3685 4123 3783 4191 τὴν

2216 4214 2371 4268 σκιὰν
2396 4213 2504 4267 τῶν
2534 4213 2764 4285 δένδρων
2789 4213 2883 4267 τοῦ
2924 4215 3115 4285 ὅρους,
3144 4213 3177 4285 ἢ
3221 4213 3315 4267 xui
3340 4212 3429 4267 διὰ
3454 4212 3550 4268 τοῦ
3593 4214 3782 4278 ὓδατος

2213 4307 2661 4381 παραμυθοῦνται
2707 4306 2799 4360 τὸν
2839 4305 3096 4360 καύσωνα
3135 4308 3233 4377 τῆς
3278 4305 3506 4375 φλογόςο
3559 4306 3782 4378 τοιούτῳ

2210 4401 2393 4475 τρόπῳ
2425 4400 2615 4469 γέγονε
2648 4399 2738 4452 xui
2772 4401 2884 4463 τοῖς
2916 4398 3219 4471 ἀνθρώποις
3245 4400 3278 4469 ή
3317 4398 3456 4470 ἁγνὴ
3486 4399 3777 4471 Παρθένος,

2208 4493 2287 4564 τῷ
2314 4492 2588 4565 δροσισμῷ
2620 4492 2717 4561 τῆς
2762 4489 3055 4561 κυοφορίας
3098 4490 3267 4569 αὐτῆς
3312 4490 3412 4554 τὰς
3442 4489 3625 4561 ψυχὰς
3673 4491 3779 4545 τῶν

543 4582 778 4646 vocavit,
805 4590 859 4638 et
888 4582 946 4637 in
993 4582 1184 4637 umbra
1214 4582 1425 4637 alarum
1449 4586 1533 4639 sui
1561 4583 1683 4640 Filii
1714 4586 1869 4645 fovit.
1896 4588 2105 4647 Montes

2227 4584 2513 4656 Ξινθρώπων
2564 4582 3041 4653 καταφλεγομένας
3081 4582 3185 4634 ὑπὸ
3222 4582 3322 4651 τῆς
3349 4582 3625 4652 ἁμαρτίας
3657 4585 3779 4637 ἁνε-

538 4687 672 4727 vero
696 4673 959 4728 dicuntur
1002 4676 1164 4729 etiam
1208 4675 1517 4741 damones,
1563 4686 1785 4749 propter
1834 4689 2104 4737 tumorem

2227 4675 2393 4740 ζώωσε
2415 4715 2430 4739 ,
2479 4676 2572 4728 xui
2600 4677 2666 4745 τῇ
2711 4675 2839 4745 σκιᾷ
2867 4673 2972 4727 τῶν
3009 4672 3292 4744 πτερύγων
3312 4671 3405 4727 τοῦ
3440 4674 3571 4729 Υἱοῦ
3610 4675 3778 4744 αὐτῆς

539 4766 824 4835 superbiae.
854 4784 874 4817 ι
904 4765 1008 4833 Qui
1034 4767 1205 4839 tangit
1224 4777 1457 4834 montes,
1481 4778 1535 4825 et
1554 4770 1817 4842 fumigant
1840 4774 1907 4838 ³¹,
1936 4794 1955 4826 ι
2000 4775 2105 4829 hoc

2227 4766 2586 4838 τεριέθαλψεν.
2617 4767 2781 4837 Ὄρος
2810 4766 2867 4819 δὲ
2909 4764 3154 4834 λέγονται
3186 4767 3281 4819 xui
3318 4768 3366 4820 οἱ
3406 4767 3661 4839 δαίμονες
3693 4769 3778 4823 διὰ

535 4865 655 4921 est,
691 4858 786 4928 qui
832 4857 1191 4914 daemonibus
1226 4863 1660 4931 appropinquat,
1712 4865 1805 4933 qui
1845 4873 2102 4934 tanquam

2227 4858 2296 4911 τὸν
2323 4856 2483 4925 ὄγκον
2527 4856 2627 4926 τῆς
2678 4857 3073 4929 ὑπερηφανίας.
3133 4876 3151 4908 ι
3211 4858 3269 4911 'U
3313 4859 3622 4930 ἁπτόμενος
3665 4861 3770 4913 τῶν

536 4948 721 5002 fumus
752 4947 1093 5018 dissipantur
1114 4957 1169 5003 et
1191 4958 1546 5005 evanescunt.
1576 4950 1732 5005 Mons
1766 4953 1894 5006 item
1924 4954 2102 5007 virtus

532 5038 758 5103 dicitur,
789 5039 1245 5109 quemadmodum
1294 5048 1521 5095 sanctus
1565 5041 1859 5114 Gregorius
1898 5044 2097 5112 inquit.

534 5129 812 5198 Siquidem
840 5132 1007 5186 etiam
1037 5131 1094 5187 in
1132 5133 1236 5187 hoc
1267 5139 1452 5187 monte
1484 5133 1627 5191 Deus
1669 5144 1895 5205 apparet
1921 5136 2102 5190 homi-

532 5220 713 5283 nibus,
746 5222 861 5292 ipse
893 5223 1115 5294 quidem
1145 5240 1176 5279 a
1208 5226 1294 5280 sui
1325 5224 1582 5279 domicilii
1625 5229 1845 5297 specula
1870 5227 2101 5283 descen-

530 5309 687 5371 dens,
732 5326 836 5365 nus
892 5328 1022 5367 vero
1119 5329 1186 5367 ex
1251 5313 1356 5366 ima
1408 5313 1718 5370 humilitate
1799 5325 1986 5371 nostra
2042 5318 2097 5372 in

529 5396 761 5452 sublime
787 5401 1003 5457 tollens.

598 5566 816 5634 Quss'r.
860 5573 1141 5631 LXXXVI.
1183 5578 1365 5644 Quare
1414 5579 1592 5634 virtus
1641 5580 1845 5635 dicitur
1888 5582 2091 5637 mons?

596 5657 761 5718 Resp.
794 5661 929 5728 Quia
974 5667 1116 5721 sicut
1164 5685 1323 5725 mons
1351 5671 1455 5726 etsi
1508 5672 1761 5727 excelsus
1802 5678 2089 5742 estgsunra

594 5815 640 5844 "
676 5814 818 5870 Psal.
854 5833 982 5880 cm,
1017 5822 1107 5885 2i,
1159 5821 1251 5876 22.

1364 5824 1404 5855 "
1445 5823 1591 5880 Psal.
1626 5839 1771 5892 xm,
1817 5824 1912 5899 12,
1943 5827 2026 5881 l5.

525 5899 618 5951 tu,
648 5886 699 5940 5.
768 5890 815 5919 τ’
861 5890 1004 5949 Psai.
1045 5908 1175 5958 cm,
1214 5895 1303 5949 52.

2130 5829 2175 5862 ⁸⁸
2213 5827 2360 5886 Psal.
2404 5847 2609 5900 Lxxm,
2648 5832 2701 5888 Ξ.

2203 4948 2394 5020 ὀρέων,
2429 4949 2521 5002 xui
2552 4948 2937 5011 καπνίζονταιο
2975 4968 2993 5000 ι
3025 4950 3301 5003 τουτέστιν
3331 4951 3359 5003 6
3397 4953 3774 5022 προσεγγίζων
3797 4997 3809 5013 ,

2200 5043 2314 5102 τοῖς
2343 5040 2580 5111 δαίμοσι,
2625 5039 2719 5093 καὶ
2749 5039 2824 5103 ὡς
2855 5040 3061 5103 καπνὸς
3103 5040 3407 5096 διαλύονται
3451 5043 3549 5095 xui
3581 5043 3776 5112 ἀφανί-

2201 5129 2401 5194 ζονται.
2447 5132 2609 5201 Ὄρος
2643 5130 2699 5183 δὲ
2735 5130 2970 5199 λέγεται,
3009 5132 3102 5184 καὶ
3142 5134 3174 5202 ὴ
3210 5133 3407 5204 ἁρετὴ,
3449 5134 3686 5199 καθὼςό
3716 5137 3772 5189 ὲν

2200 5221 2374 5288 ἁγίοις
2407 5220 2703 5291 Γρηγόριός
2740 5239 2934 5291 φησιν’
2975 5224 3099 5276 ἐπεὶ
3134 5224 3226 5277 xui
3252 5226 3309 5276 ὲν
3340 5224 3418 5296 τῷ
3454 5225 3574 5297 ὄρει
3604 5225 3771 5296 τούτῳ

2198 5312 2328 5374 Θεὸς
2366 5311 2669 5386 ἀνθρώποις
2715 5311 3059 5381 φαντάζεται,
3100 5316 3162 5368 τὸ
3202 5317 3381 5386 μέντοι
3431 5318 3771 5372 καταϐαίνων

2200 5403 2307 5457 ἀπὸ
2347 5403 2447 5474 τῆς
2477 5405 2682 5469 οίκείας
2728 5406 3010 5476 περιωπῆς
3030 5445 3045 5470 ,
3084 5407 3143 5460 τὸ
3174 5406 3231 5460 δὲ
3264 5409 3412 5478 ἡμᾶς
3442 5408 3662 5478 ἀνάγων
3706 5409 3769 5461 ὲκ

2183 5496 2296 5566 τῆς
2318 5494 2558 5548 κάτωθεν
2590 5495 2985 5559 ταπεινώσεως.

2281 5585 2472 5657 Ἐρὼτ.
2508 5594 2625 5652 πς’.
2654 5585 2753 5639 Διά
2779 5586 2831 5639 τί
2860 5586 3074 5655 λέγεται
3101 5588 3224 5660 ὅρος
3253 5590 3286 5658 ἠ
3319 5588 3524 5659 ἁρετής

2281 5677 2467 5731 Ἀπόκ.
2515 5678 2729 5749 Ἐπειδὴ
2776 5678 2964 5751 ὥσπερ
2991 5680 3055 5733 τὸ
3086 5681 3210 5752 ὅρος
3259 5680 3461 5752 ὑψηλὸν
3511 5680 3616 5752 τῆς
3648 5679 3766 5751 γῆς.

2805 5833 2848 5864 ι’
2886 5827 3035 5886 Psal.
3062 5848 3217 5888 ~Lxru
3241 5872 3256 5887 .
3293 5834 3380 5889 l7.
3479 5835 3535 5908 .’°
3563 5833 3763 5889 llabac.
