3940 6504
521 459 613 512 751

1671 457 1727 512 S.
1769 455 2228 514 ATHANASIUS.
2268 487 2337 498 —
2379 457 2651 514 SPURIA.

3639 455 3736 514 753

521 572 626 624 bile
654 575 911 639 reputans
945 567 1470 623 consummationem
1505 569 1559 622 in
1590 567 1680 623 Dei
1712 571 1884 640 gratia
1915 571 2076 625 obve-

2181 569 2271 633 δας
2298 571 2389 623 καὶ
2419 570 2520 641 τῆς
2548 571 2732 641 κοίτης
2765 571 2860 635 τὰς
2889 571 3085 643 ἀρετὰς
3116 570 3294 640 λέγει·
3329 568 3513 640 κλίνην
3549 567 3633 632 δὲ,
3669 568 3733 635 ὡς

520 663 778 716 nientem.
815 660 1023 715 Cubilis
1045 667 1224 714 autem
1252 659 1434 729 pedes,
1468 660 1544 712 ait
1577 661 1825 717 virtutes.
1846 661 2072 719 Lectum

519 764 696 807 autem
723 753 978 821 appellat,
1011 766 1133 804 cum
1181 751 1356 820 inquit
1403 751 1656 806 Salomon
1683 772 1695 808 :
1742 772 1759 805 ι
1785 752 2074 824 Sexaginta

519 844 727 898 robusti
750 841 1091 895 circumdant
1112 841 1289 910 ipsum
1307 841 1370 894 ³⁸.
1401 861 1418 894 ι
1441 841 1668 908 Quando
1689 845 1831 899 enim
1858 846 1924 900 ad
1948 860 2074 914 pera

519 935 808 989 lectionem
839 934 1047 986 venerit
1068 933 1274 1002 justus,
1292 935 1630 990 circumdant
1651 947 1703 991 et
1723 937 1868 991 circa
1897 938 2074 1007 ipsum

521 1028 780 1084 incedunt
830 1028 1033 1092 fortes,
1098 1030 1274 1098 angeli
1336 1029 1621 1095 videlicet,
1675 1028 1828 1098 juxta
1869 1029 2072 1084 dictum

518 1119 690 1174 illud:
727 1139 744 1170 ι
783 1119 1139 1174 Providebam
1181 1119 1469 1173 Dominum
1512 1121 1566 1174 in
1618 1127 1913 1190 conspectu
1952 1134 2077 1174 meo

520 1227 754 1281 semper,
783 1212 1040 1281 quoniam
1085 1226 1114 1264 a
1157 1212 1365 1267 dextris
1411 1219 1494 1266 est
1530 1212 1682 1278 mihi,
1715 1227 1783 1266 ne
1834 1227 2076 1266 commo-

519 1320 646 1360 vear
670 1305 734 1359 ³³.
758 1325 775 1356 ι
801 1303 894 1358 Est
919 1318 1046 1358 vero
1071 1302 1334 1357 familiare
1359 1302 1554 1357 divina:
1579 1304 1895 1372 Scriptum,
1913 1303 2075 1356 etiam

521 1397 770 1466 angelum
819 1410 1013 1450 vocare
1065 1392 1386 1458 Dominum;
1437 1403 1494 1447 ut
1537 1393 1726 1448 Illanoe
1769 1393 2071 1462 contingit:

527 1507 544 1538 ι
586 1489 752 1543 Deum
784 1487 1038 1548 vidimus,
1075 1505 1094 1538 ι
1128 1486 1302 1554 inquit
1332 1484 1375 1515 ‘°
1409 1524 1424 1547 ,
1465 1500 1586 1538 cum
1627 1492 1770 1540 esset
1805 1485 1857 1538 in
1905 1485 2079 1553 phan-

522 1581 662 1634 tasia
686 1579 801 1633 Dei.
849 1578 1091 1648 Denique
1139 1584 1370 1630 mortem
1403 1591 1620 1646 quoque
1665 1578 1879 1630 vocavit
1911 1575 2076 1629 David

521 1671 674 1724 illum
702 1669 929 1734 exitum,
963 1684 1086 1722 cum
1127 1668 1337 1737 inquit:
1376 1686 1392 1717 ι
1427 1667 1667 1721 Pretiosa
1694 1667 1746 1719 in
1779 1674 2076 1736 conspectu

521 1763 734 1818 Domini
776 1777 921 1816 mors
964 1772 1274 1816 sanctorum
1310 1760 1430 1828 ejus
1461 1759 1528 1813 “.
1562 1778 1580 1810 ι
1615 1756 1775 1812 Vides
1805 1759 2079 1828 quomodo

522 1862 576 1909 et
605 1869 876 1919 somnum,
907 1860 960 1907 et
1008 1853 1206 1916 cubile,
1241 1859 1295 1904 et
1328 1851 1546 1909 lectum.
1577 1859 1629 1903 et
1665 1858 1890 1903 mortem
1926 1849 2076 1903 illum

2176 661 2304 714 ὅταν
2333 661 2464 731 φησὶ
2505 659 2782 730 Σολομών⁶
2823 679 2841 712 ι
2893 662 3180 732 Ἐξήκοντα
3212 661 3423 715 δυνατοὶ
3457 659 3732 714 κυκλοῦσιν

2176 754 2365 824 αὑτήν.
2381 773 2399 804 ι
2431 753 2598 805 Ὅταν
2617 752 2723 824 γὰρ
2739 754 2816 816 είς
2832 753 2892 807 τὸ
2918 754 3116 808 τέλειον
3140 753 3265 825 ἔλθῃ
3293 756 3320 807 ὁ
3345 755 3620 824 ἐνάρετος,
3652 770 3732 807 πε-

2179 846 2492 918 ρικυκλοῦσι
2543 849 2639 901 καὶ
2700 849 3133 920 περιστοιχοῦσιν
3185 850 3345 902 αὐτὸν
3403 850 3452 900 οἱ
3508 848 3735 912 δυνατοὶ,

2175 941 2291 1011 ἦτοι
2313 941 2360 992 oi
2387 939 2622 1008 ἄγγελοι,
2647 941 2788 994 κατὰ
2813 941 2902 994 τὸν
2926 941 3165 994 εἰπόντα·
3196 959 3214 992 ι
3251 940 3633 1014 Προεωρώμην
3656 937 3734 994 τὺν

2177 1031 2378 1102 Κύριον
2417 1031 2644 1086 ἐνώπιόν
2690 1050 2792 1102 μου
2822 1033 2908 1085 διὰ
2948 1033 3164 1096 παντὸς,
3196 1034 3275 1085 ὅτι
3317 1033 3380 1084 ἐκ
3425 1031 3614 1095 δεξιῶν
3645 1047 3735 1101 μου

2181 1124 2354 1185 ἐστὶν,
2393 1125 2480 1176 ἴνα
2519 1124 2590 1194 μὴ
2640 1123 2900 1176 σαλευθῶ.
2947 1144 2966 1177 ι
3007 1124 3159 1177 Φίλον
3190 1124 3248 1176 δὲ
3275 1127 3341 1195 τῇ
3390 1123 3509 1194 θεία
3555 1123 3734 1194 Γραφῇ

2177 1213 2357 1266 καλεῖν
2390 1214 2481 1266 καὶ
2511 1213 2600 1265 τὸν
2631 1213 2859 1282 ἄγγελον
2891 1213 3112 1283 Κύριον,
3147 1213 3220 1277 ὡς
3254 1215 3348 1265 ἐπὶ
3376 1211 3473 1266 τοῦ
3510 1213 3734 1277 Manus,

2183 1323 2200 1355 ι
2239 1305 2370 1358 Θεὸν
2414 1305 2756 1376 ἑωράκαμεν,
2805 1325 2823 1356 ι
2875 1308 2931 1358 ἐν
2961 1305 3228 1376 φαντασίᾳ
3257 1303 3391 1356 Θεοῦ
3431 1305 3732 1372 γενομένου.

2179 1396 2414 1451 Θάνατον
2469 1398 2526 1449 δὲ
2575 1397 2734 1450 πάλιν
2769 1398 2988 1469 εἴρηκεν
3041 1397 3207 1467 αὐτὴν
3254 1400 3282 1450 6
3327 1396 3490 1449 Aa6‘t6
3543 1395 3732 1448 εἰπών·

2185 1507 2203 1541 ι
2247 1490 2438 1560 Τίμιος
2474 1489 2712 1543 ἐναντίον
2746 1489 2947 1561 Κυρίου
2985 1491 3013 1543 6
3049 1489 3274 1552 θάνατος
3311 1488 3420 1541 τῶν
3449 1489 3612 1541 ὁσίων
3647 1489 3735 1541 αὖα

2177 1581 2290 1636 τοῦ.
2329 1601 2346 1633 ι
2376 1579 2527 1645 Εἶδες
2553 1581 2669 1645 πῶς
2697 1584 2790 1636 καὶ
2828 1582 3012 1645 ὓπνον,
3046 1582 3138 1634 καὶ
3180 1581 3388 1651 κοίτην,
3420 1581 3512 1633 καὶ
3537 1580 3735 1650 κλίνην,

2180 1674 2273 1726 καὶ
2305 1673 2529 1727 θάνατον
2575 1674 2743 1744 αὐτὴν
2787 1673 2984 1740 ἔδειξεν
3032 1675 3064 1744 ἡ
3100 1672 3216 1725 θεία
3259 1673 3296 1724 Γ
3303 1674 3469 1743 ραφή.
3513 1672 3735 1725 Θάνατον

2178 1765 2236 1818 δὲ
2261 1765 2464 1836 ταύτην
2492 1764 2712 1836 εἴρηκεν
2731 1805 2743 1829 ,
2773 1765 2853 1817 ὅτι
2879 1765 2907 1816 6
2933 1763 3215 1818 ἀποθανὼν
3261 1763 3602 1816 δεδικαίωται
3643 1761 3736 1815 ἀπὸ

2179 1856 2277 1926 τῆς
2322 1857 2612 1928 ἁμαρτίας.
2657 1855 2864 1927 Ὠσπερ
2896 1854 3004 1926 γάρ
3033 1855 3122 1907 τὸν
3160 1853 3427 1907 τεθνεῶτα
3475 1853 3574 1906 ούκ
3606 1853 3734 1904 ἐστιν

521 1961 642 2001 esse
689 1944 984 2000 Ostenderit
1032 1943 1214 1997 divina
1261 1940 1580 2010 Scriptura?
1628 1939 1851 1994 Mortem
1898 1948 2078 1994 autem

2183 1945 2506 2017 ἐπιστρέψαι
2553 1946 2612 1998 ὲν
2654 1945 2752 2014 βίῳ
2797 1946 2889 1997 καὶ
2921 1944 3236 2014 ἁμαρτῆσαι
3275 1944 3375 1996 οὐκ
3412 1943 3526 1996 ἐτι·
3579 1942 3732 2004 οὕτως

522 2038 668 2092 illam
705 2037 1018 2100 nominavit,
1051 2035 1192 2106 quod
1232 2036 1320 2090 ille
1357 2036 1449 2106 qui
1486 2043 1732 2089 mortuus
1760 2043 1843 2088 est
1878 2033 2081 2103 justiti-

521 2139 676 2185 catus
707 2132 776 2184 sit
810 2145 840 2182 a
865 2135 1104 2199 peccato.
1137 2125 1601 2193 Quemadmodum
1633 2127 1775 2180 enim
1808 2127 1900 2196 qui
1935 2142 2082 2180 mor-

521 2231 648 2276 tuus
697 2229 802 2281 est,
858 2235 965 2274 non
1018 2227 1194 2289 potest
1239 2235 1430 2274 rursus
1463 2219 1659 2273 reverti
1714 2219 1768 2271 in
1816 2219 1980 2272 vitam
2027 2225 2082 2271 et

522 2314 755 2382 amplius
789 2327 1044 2382 peccare;
1094 2311 1166 2364 ita
1199 2311 1293 2380 qui
1339 2311 1478 2380 apud
1517 2309 1682 2365 Deum
1729 2311 1832 2364 hoc
1875 2311 2082 2366 honore

521 2406 715 2474 dignus
743 2413 826 2460 est
850 2403 1087 2466 habitus,
1120 2420 1228 2458 non
1267 2411 1444 2474 potest
1484 2403 1846 2466 retrocedere,
1885 2401 1976 2457 sed
2002 2401 2080 2455 ait

519 2511 645 2550 cum
685 2496 888 2550 David:
921 2516 937 2546 ι
967 2495 1224 2551 Dominus
1256 2496 1577 2550 illuminatio
1614 2510 1730 2549 mea
1758 2503 1811 2550 et
1842 2494 2082 2549 salvator

518 2603 694 2650 meus,
717 2602 875 2655 quem
904 2587 1102 2642 timebo
1117 2588 1202 2640 “?
1225 2607 1243 2637 ι
1273 2585 1481 2640 Etcum
1511 2586 1676 2639 Paulo
1701 2604 1713 2640 :
1739 2603 1755 2635 ι
1784 2585 1909 2640 Sive
1931 2600 2084 2640 nam-

520 2694 626 2747 que
668 2679 934 2739 vivimus,
972 2679 1085 2733 sive
1135 2679 1434 2741 morimur,
1481 2677 1691 2731 Domini
1742 2692 1931 2732 sumus
1956 2677 2018 2728 ⁸³.
2057 2695 2076 2729 ι

519 2768 588 2822 Et
616 2784 842 2824 rursus:
876 2789 891 2820 ι
927 2768 1058 2823 Vivo
1090 2779 1270 2824 autem
1295 2771 1406 2839 jam
1440 2784 1548 2824 non
1588 2784 1708 2838 ego,
1748 2768 1841 2824 sed
1871 2768 1999 2823 vivit
2027 2769 2081 2822 in

519 2877 607 2916 me
635 2861 926 2917 Christus:
955 2862 1100 2932 quod
1136 2877 1266 2916 vero
1301 2877 1445 2915 nunc
1492 2861 1544 2914 in
1572 2876 1736 2916 carne
1775 2861 1919 2924 vivo,
1960 2862 2084 2916 vivo

2185 2038 2305 2090 οὑδέ
2330 2038 2420 2090 τὸν
2455 2037 2594 2090 οὕτω
2623 2036 3024 2103 καταξιωθέντα
3059 2037 3157 2090 ούκ
3195 2037 3340 2088 ἔστιν
3377 2037 3456 2098 είς
3481 2035 3551 2088 τὰ
3578 2035 3733 2087 ὀπίσω

2189 2132 2508 2202 στραφῆναι,
2549 2130 2683 2184 ἀλλὰ
2738 2130 2880 2200 λέγει
2933 2131 3069 2200 μετὰ
3112 2131 3206 2183 τοῦ
3251 2130 3442 2183 Δαϐίδο
3491 2150 3510 2180 ‹
3553 2129 3732 2198 Κύριος

2189 2221 2462 2292 φωτισμός
2494 2239 2592 2293 μου
2623 2223 2715 2276 καὶ
2740 2224 2919 2294 σωτήρ
2951 2240 3049 2293 μου
3073 2263 3087 2287 ,
3123 2223 3240 2276 τίνα
3269 2221 3671 2292 φοϐηθήσομαις
3715 2239 3731 2270 ι

2191 2313 2326 2384 μετὰ
2361 2313 2416 2366 δὲ
2449 2313 2544 2366 τοῦ
2572 2313 2784 2366 Παύλου
2805 2330 2818 2342 ·
2866 2331 2884 2363 ι
2941 2314 3064 2366 Ἐάν
3107 2331 3165 2366 τε
3192 2315 3296 2383 γὰρ
3337 2306 3656 2382 ζῶμεν,’ἐάν
3686 2328 3735 2364 τε

2185 2405 2636 2476 ἀποθνήσκωμεν,
2667 2405 2760 2458 τοῦ
2787 2406 2988 2477 Κυρίου
3014 2406 3202 2474 ἐσμέν*
3241 2425 3258 2457 ι
3287 2405 3379 2458 καί
3402 2404 3582 2458 πάλιν·
3619 2423 3635 2454 ι
3663 2403 3735 2456 Ζῶ

2185 2495 2240 2549 δὲ
2262 2497 2359 2549 ούκ
2390 2497 2467 2548 ἔτι
2495 2495 2624 2565 ἐγὼ,
2661 2496 2724 2568 ζῇ
2760 2497 2815 2550 δὲ
2860 2501 2916 2550 ἐν
2951 2499 3070 2567 ἐμοὶ
3097 2498 3344 2567 Χριστός.
3378 2498 3443 2550 Ὃ
3464 2496 3521 2548 δὲ
3554 2495 3642 2548 νῦν
3668 2494 3734 2559 ζῶ

2187 2587 2244 2639 ἐν
2275 2590 2455 2659 σαρκὶ,
2491 2590 2547 2642 ὲν
2578 2589 2755 2642 πίστει
2794 2589 2890 2654 ζῶ.
2944 2611 2962 2642 ι
2993 2591 3086 2653 Εἰς
3117 2591 3273 2642 τοῦτο
3297 2589 3666 2652 τελειωθέντες
3693 2593 3734 2642 οί

2187 2679 2360 2747 ἆγιοι,
2412 2681 2826 2751 κατεφρόνησαν
2871 2681 2962 2734 τὸν
3008 2682 3242 2752 κόσμον,
3291 2683 3382 2735 καὶ
3419 2683 3515 2752 οὐχ
3563 2683 3734 2752 ἡδονὴν

2189 2771 2418 2841 ἡγοῦντο
2444 2771 2540 2843 τὴν
2586 2773 2777 2843 ἡδονὴν
2809 2774 2901 2826 τοῦ
2942 2775 3147 2844 κόσμου
3175 2775 3386 2829 τούτου.
3423 2777 3484 2827 υἱ
3525 2774 3581 2827 δέ
3614 2776 3733 2845 μαρ-

2187 2880 2347 2936 τυρες
2373 2863 2470 2927 τὰς
2503 2864 2770 2935 βασάνους
2803 2867 3232 2939 κατεφρόνησαν.

519 2957 576 3012 in
624 2960 727 3014 ﬁde
751 2960 816 3012 “.
850 2979 868 3011 ι
913 2958 1252 3029 Quapropter
1301 2960 1475 3013 sancti
1516 2975 1580 3014 ea
1614 2959 1667 3013 in
1708 2975 1766 3014 re
1795 2958 2075 3028 'perfecti,
2115 2961 2376 3016 mundum
2420 2971 2884 3035 contempserunt,
2913 2973 2966 3020 et
3011 2965 3172 3034 hujus
3205 2964 3390 3019 mundi
3427 2966 3729 3036 voluptates.

520 3053 586 3108 Et
624 3058 796 3110 sancti
831 3067 1096 3126 martyres
1123 3058 1284 3111 etiam
1314 3064 1686 3125 contempsere
1713 3063 1982 3110 tormenta

591 3147 916 3204 Pnorosmo
944 3148 1055 3202 XC.
1088 3167 1105 3200 ι
1137 3149 1506 3202 Exaltationes
1539 3148 1631 3202 Dei
1664 3149 1716 3201 in
1744 3157 1960 3218 gutture
1983 3163 2078 3202 eo-

2251 3147 2515 3218 Κείμενον
2539 3150 2608 3213 ἰαί.
2642 3164 2661 3198 ι
2697 3147 2759 3198 Ai
2789 3146 3022 3216 ὑψώσεις
3045 3145 3139 3200 τοῦ
3170 3147 3302 3200 Θεοῦ
3329 3148 3386 3202 ἐν
3417 3149 3492 3219 τῷ
3520 3149 3732 3221 λάρυγγι

520 3257 642 3296 rum
667 3280 684 3307 ,
717 3249 771 3296 ct
808 3241 972 3312 gladii
1002 3242 1268 3310 ancipites
1299 3243 1353 3295 in
1383 3241 1635 3296 manibus
1658 3256 1843 3296 eorum
1867 3241 1931 3294 ".
1963 3260 1981 3294 ι

591 3330 808 3385 Iurene.
843 3329 1211 3386 Exaltationes
1254 3330 1374 3395 Dei,
1423 3340 1550 3387 sunt
1580 3332 1844 3386 doctrina:
1872 3333 2004 3402 legis
2033 3341 2087 3387 et

521 3429 723 3476 statuta
777 3422 1100 3492 spiritualia.
1147 3421 1216 3476 Ut
1266 3424 1412 3476 enim
1468 3425 1779 3492 spirituales
1833 3423 2086 3478 doctores

521 3515 721 3568 habent
749 3529 779 3568 a
820 3515 1024 3584 Spiritu
1070 3526 1259 3570 sancto
1289 3516 1433 3570 dona
1483 3517 1710 3587 gratia},
1762 3518 1816 3571 in
1867 3526 2086 3588 gutture

522 3622 642 3669 suo,
675 3605 729 3660 id
771 3615 853 3663 est
909 3608 962 3661 in
997 3622 1091 3662 ore
1125 3623 1225 3662 suo
1249 3615 1302 3663 et
1339 3609 1392 3662 in
1423 3609 1605 3678 lingua
1649 3623 1770 3672 sua,
1806 3618 1858 3663 et
1887 3610 2086 3664 docent

522 3698 809 3766 poptium;
856 3699 1121 3768 ancipites
1156 3709 1336 3754 autem
1372 3700 1534 3770 gladii
1572 3709 1701 3755 sunt
1751 3702 1860 3755 duo
1894 3699 2084 3755 Testa-

510 3799 723 3876 Imenta,
749 3799 902 3846 vetus
929 3802 981 3847 et
1011 3807 1147 3847 nova
1184 3793 1296 3859 lex;
1331 3809 1455 3848 nam
1487 3795 1630 3848 sicut
1667 3795 1821 3848 miles
1846 3793 2082 3864 gladium

507 3879 810 3953 ancipitem
841 3885 1084 3950 vibrans,
1129 3887 1380 3941 inimicus
1415 3887 1699 3949 interimit,
1731 3896 1785 3941 et
1823 3887 2081 3956 populum

521 3983 732 4042 tuetur;
780 3977 860 4030 sic
907 3979 1067 4032 etiam
1123 3979 1373 4033 doctores
1419 3980 1766 4048 spirituales,
1815 3979 2082 4048 ancipites

522 4065 721 4122 habent
765 4067 1337 4138 gladiosndoctrinas
1367 4069 1578 4125 Veteris
1608 4078 1662 4124 et
1710 4070 1846 4123 Novi
1891 4069 2082 4124 TeSta-

475 4169 478 4172 '
517 4156 710 4221 menti,
745 4174 841 4228 per
890 4175 1026 4228 quas
1086 4160 1379 4214 vindictam
1432 4170 1653 4214 sumunt
1702 4161 1755 4214 iu
1803 4161 2077 4230 gentibus,

520 4247 750 4314 illasque
779 4246 833 4299 in
860 4247 1187 4316 supplicium
1218 4250 1537 4318 conjiciunt,
1567 4250 1920 4305 immittentes
1941 4251 2077 4304 iram

519 4352 552 4388 a
588 4334 717 4398 Deo,
749 4351 846 4406 per
875 4351 1004 4392 suas
1027 4337 1094 4391 ad
1132 4336 1298 4392 Deum
1333 4341 1779 4410 supplicationes.
1815 4339 2080 4396 Similiter

519 4439 736 4492 quoque
777 4438 1118 4478 communem
1165 4427 1423 4494 p0pulum
1455 4426 1692 4482 ﬁdelium
1741 4426 2075 4496 redarguunt

2187 3235 2363 3290 αὐτῶν
2380 3275 2393 3299 ,
2417 3238 2509 3290 καὶ
2534 3239 2795 3308 ρομφαῖαι
2818 3236 3054 3307 δίστομοι
3088 3239 3145 3289 ἐν
3167 3241 3282 3300 ταῖς
3302 3241 3681 3309 χερσὶναὺτῶν.
3711 3260 3726 3292 ι

2266 3329 2492 3400 Ἐρμην.
2549 3327 2811 3397 ’Υψώσεις
2864 3328 2958 3382 τοῦ
3019 3328 3154 3382 Θεοῦ
3205 3331 3342 3382 εἰσιν
3393 3332 3448 3383 αἱ
3505 3331 3732 3386 διδασκα-

2185 3419 2294 3474 λίαι
2323 3420 2414 3474 τοῦ
2447 3421 2609 3490 νόμου
2638 3421 2732 3474 καὶ
2760 3422 2814 3474 αἱ
2849 3422 3213 3490 πνευματικαὶ
3235 3421 3505 3487 διατάξεις
3525 3441 3536 3453 ·
3563 3423 3731 3494 ῶσπερ

2184 3513 2292 3584 γὰρ
2329 3513 2542 3583 ἔχουσιν
2569 3515 2620 3568 οἱ
2654 3516 3011 3585 πνευματικοὶ
3039 3514 3345 3568 διδάσκαλοι
3379 3517 3444 3568 ἐκ
3473 3515 3560 3568 τοῦ
3592 3518 3729 3582 ἁγίου

2185 3607 2497 3677 Πνεύματος
2519 3608 2830 3678 χαρίσματα
2862 3607 3077 3678 δωρεῶν
3105 3609 3161 3661 ἐν
3189 3607 3266 3677 τῷ
3296 3607 3526 3680 λάρυγγι
3553 3608 3728 3672 αὐτῶν,

2183 3699 2296 3769 ἦτοι
2327 3697 2404 3769 τῷ
2443 3700 2668 3769 στόματι
2707 3699 2884 3753 αὐτῶν
2925 3701 3016 3751 κοιλ⁵
3053 3703 3118 3768 τῇ
3159 3699 3377 3772 γλώσσῃ
3402 3739 3415 3762 ,
3467 3702 3556 3752 καὶ
3601 3700 3729 3752 διδά-

2185 3806 2371 3842 σκουσι
2427 3791 2516 3842 τὸν
2565 3789 2725 3842 λαόν’
2779 3791 3041 3860 ῥομφαῖαι
3087 3789 3328 3857 δίστομοί
3377 3793 3514 3845 εἰσιν
3555 3792 3605 3842 αἱ
3650 3789 3730 3841 δύο

2182 3879 2462 3950 Διαθῆκαι,
2499 3880 2526 3932 ὁ
2560 3879 2783 3942 παλαιὸς
2812 3881 2977 3950 νόμος
3018 3880 3112 3931 καὶ
3155 3881 3183 3932 6
3221 3879 3337 3941 νέος
3363 3897 3376 3909 ·
3428 3879 3609 3951 ὥσπερ
3637 3879 3728 3949 γὰρ

2179 3973 2207 4024 6
2255 3971 2624 4042 στρατιώτης,
2674 3970 2954 4041 βαστάζων
2993 3971 3142 4039 ξίφος
3187 3971 3458 4041 δίστομον.
3505 3973 3621 4034 τοὺς
3649 3972 3718 4038 ὲχο

2180 4060 2340 4131 θροὺς
2370 4063 2736 4130 κατασφάττει
2767 4061 2972 4114 καὶτὸν
2998 4061 3125 4113 λαὸν
3160 4060 3436 4126 διασώζει·
3469 4061 3632 4124 οὕτως
3651 4060 3728 4112 καὶ

2179 4155 2227 4206 οί
2244 4155 2599 4223 πνευματικώ⁸
2620 4153 2928 4208 διδάσκαλοι
2948 4155 3221 4224 ῥομφαίας
3241 4155 3528 4224 διστόμους
3548 4155 3724 4223 ἔχουσι,

2177 4245 2246 4298 τὰ
2275 4245 2578 4315 διδάγματα
2618 4245 2718 4316 τῆς
2747 4245 2987 4308 Παλαιᾶς
3029 4247 3122 4298 καὶ
3163 4247 3308 4309 Νέας
3343 4245 3632 4316 Διαθήκης,
3668 4241 3726 4294 ξδ’

2176 4331 2250 4392 ὧν
2292 4338 2534 4391 ποιοῦσιν
2573 4339 2853 4410 ἐκδίκησιν
2885 4341 2942 4392 ἐν
2969 4341 3081 4402 τοῖς
3114 4338 3312 4404 ἔθνεσι,
3349 4341 3443 4392 καὶ
3472 4342 3551 4402 είς
3580 4352 3726 4407 τιμω-

2177 4429 2294 4500 ρίαν
2323 4428 2680 4499 ἐμὸάλλουσιν
2701 4429 2917 4491 αὐτοὺς,
2942 4429 3358 4491 ἀποστέλλοντες
3381 4430 3562 4492 αὐτοῖς
3579 4425 3724 4500 ὀργὴν

511 4525 573 4571 et
603 4516 895 4571 instituunt
924 4517 992 4570 ad
1026 4517 1250 4572 bonum.
1290 4517 1516 4584 Quando
1546 4534 1677 4572 vero
1711 4534 1818 4572 non
1852 4521 2078 4575 audiunt

2181 4521 2286 4573 ἀπὸ
2309 4519 2403 4572 τοῦ
2428 4519 2586 4584 Θεοῦ,
2617 4519 2706 4572 διὰ
2726 4521 2823 4590 τῆς
2867 4520 3146 4591 ἱκετηρίας
3177 4520 3278 4590 τῆς
3304 4521 3439 4591 πρὸς
3465 4521 3554 4573 τὸν
3590 4519 3716 4573 Θεὸν.

507 4623 636 4674 eos,
671 4610 764 4664 sed
793 4610 936 4664 bono
965 4611 1323 4666 adversantur
1351 4619 1515 4681 atque
1551 4619 1908 4666 contemnunt
1932 4611 2076 4676 illos,

517 4711 650 4756 tunc
669 4702 832 4756 etiam
870 4702 1004 4772 ipsis
1049 4703 1350 4757 immittunt
1408 4703 1735 4774 supplicium
1789 4719 1886 4774 per
1919 4719 2076 4760 suam

507 4793 958 4865 deprecationem
1003 4794 1071 4850 ad
1108 4795 1537 4866 resipiscentiam
1559 4834 1575 4858 ,
1608 4806 1667 4850 ut
1701 4796 1953 4851 videlicet
1983 4812 2076 4852 ca-

513 4887 699 4958 stigati
721 4887 935 4942 discant
961 4903 1070 4942 non
1092 4887 1510 4958 inobsequentes
1525 4904 1646 4944 esse
1661 4887 1768 4944 Deo
1788 4897 1842 4944 et
1865 4888 1959 4943 Dei
1982 4890 2078 4942 mi-

514 4978 728 5034 nistris.
752 4977 890 5032 Nam
911 4980 1003 5050 qui
1052 4981 1361 5050 spirituales
1403 4981 1650 5036 homines
1694 4981 1866 5047 audit,
1906 4979 2074 5035 Deum

513 5072 669 5126 audit
694 5072 762 5137 “,
791 5071 1250 5142 quemadmodum
1291 5072 1428 5126 dixit
1459 5071 1574 5141 ipse
1598 5071 1866 5128 Christus.
1891 5071 2076 5140 Neque

510 5165 659 5218 enim
696 5162 763 5217 ad
792 5163 1096 5227 interitum,
1122 5163 1218 5218 sed
1251 5163 1316 5216 ad
1350 5163 1640 5216 utilitatem
1663 5162 1933 5232 ipsorum,
1962 5161 2076 5231 spi-

513 5257 738 5311 rituales
791 5256 868 5310 illi
899 5255 1308 5325 castigationem
1355 5254 1642 5316 inducunt,
1674 5254 1742 5308 ad
1775 5253 2073 5308 correctio-

513 5360 634 5400 nem
680 5346 808 5400 boni
841 5353 897 5402 et
933 5345 1002 5400 ad
1037 5345 1265 5416 gloriam
1295 5344 1410 5410 Dei,
1444 5355 1701 5414 tanquam
1749 5350 1994 5398 amantes
2018 5350 2074 5395 et

513 5438 718 5492 ultores
751 5436 866 5505 Dei,
899 5453 1194 5508 osoresque
1227 5439 1376 5492 mali.

2194 4614 2464 4676 Ὡσαύτως
2494 4613 2588 4665 καὶ
2615 4611 2704 4665 τὸν
2735 4612 2910 4666 κοινὸν
2939 4612 3065 4666 λαὸν
3095 4613 3200 4664 τῶν
3237 4611 3440 4666 πιστῶν
3474 4613 3725 4682 ἐλέγχουσι

2181 4705 2274 4758 καὶ
2299 4704 2637 4758 διδάσκουσιν
2659 4705 2738 4767 είς
2763 4705 2823 4756 τὸ
2849 4704 3067 4772 ἀγαθόν.
3107 4706 3270 4757 Ὅταν
3311 4704 3368 4757 δέ
3403 4705 3476 4776 μὴ
3507 4705 3723 4758 ἀκούσω·

2183 4813 2264 4849 σιν
2294 4795 2501 4858 αὐτῶν,
2532 4795 2647 4849 ἀλλ’
2689 4795 3054 4850 ἐναντιοῦνται
3082 4796 3142 4848 τὸ
3183 4795 3408 4864 ἀγαθὸν,
3450 4798 3543 4851 καὶ
3584 4810 3726 4848 κατα-

2181 4886 2465 4956 φρονοῦσιν
2502 4883 2703 4949 αύτῶν,
2741 4884 2862 4937 τότε
2892 4885 2986 4938 καὶ
3015 4884 3198 4948 αὐτοῖς
3232 4884 3617 4938 ἀποστέλλουσι
3651 4878 3726 4934 διὰ

2171 4978 2484 5048 ,προσευχῆς
2527 4975 2796 5047 τιμωρίαν
2837 4977 2974 5048 πρὸς
3002 4977 3378 5047 σωφρονισμὸν
3397 5017 3412 5040 ,
3448 4978 3592 5038 ὅπως
3618 4991 3724 5026 παι-

2175 5067 2452 5131 δευθέντες
2476 5065 2934 5134 σωφρονισθῶσιν,
2967 5066 3040 5136 μὴ
3071 5066 3404 5137 παρακούειν
3429 5065 3584 5131 Θεοῦ,
3607 5065 3721 5136 μήτε

2174 5158 2281 5211 τῶν
2319 5156 2665 5228 θεραπόντων
2707 5155 2869 5209 αὐτοῦ
2891 5172 2904 5186 °
2941 5156 3021 5208 δτι
3046 5159 3073 5210 6
3113 5157 3328 5210 ἁκούων
3363 5152 3723 5228 πνευματικῶν

2174 5249 2380 5320 ἀνδρῶν
2413 5247 2602 5302 ἀκούει
2647 5247 2805 5310 Θεοῦ,
2847 5247 3028 5313 καθὼς
3075 5249 3293 5321 εἴρηκεν
3321 5249 3351 5301 6
3383 5247 3628 5320 Χριστός.
3659 5243 3722 5297 οὐ

2177 5341 2285 5412 γὰρ
2313 5341 2446 5412 πρὸς
2483 5339 2704 5411 βλάϐην,
2737 5339 2872 5394 ἀλλὰ
2901 5340 3035 5411 πρὸς
3067 5339 3330 5409 ὠφέλειαν
3359 5342 3615 5409 ἐπάγουσι
3639 5335 3719 5404 τὴν

2179 5430 2425 5484 παιδείαν
2452 5431 2499 5483 οί
2535 5431 2914 5500 πνευματικοὶ,
2940 5432 3034 5484 καὶ
3056 5431 3191 5502 πρὸς
3212 5431 3494 5502 διόρθωσιν
3516 5422 3718 5500 ἀγαθοῦ,

455 5603 458 5606 γ
511 5530 590 5592 είς
625 5529 781 5594 δόξαν
814 5531 970 5594 Θεοῦ,
1002 5533 1078 5595 ὡς
1124 5533 1497 5620 ζηλωταὶ.κώ⁸
1538 5532 1818 5602 ἐκδικηταὶ
1853 5528 1944 5584 τοῦ
1981 5527 2136 5593 Θεοῦ,
2186 5528 2276 5580 καὶ
2315 5527 2538 5597 μισηταὶ
2586 5525 2680 5578 τοῦ
2715 5525 2908 5581 κακοῦ.

579 5770 625 5802 ⁸⁸
661 5771 819 5826 Cant.
858 5788 946 5830 III.
1005 5772 1052 5824 7.
1130 5773 1172 5803 ³⁹
1213 5771 1356 5826 Psal.
1393 5789 1480 5828 xv.
1521 5773 1568 5826 7.

1659 5773 1703 5804 ⁸⁸
1740 5771 1918 5826 Judic.
1952 5788 2084 5830 xm.
2120 5773 2208 5827 2‘2.

3462 5771 3508 5806 ⁸³
3580 5769 3716 5824 Rom.

2288 5773 2329 5805 “
2372 5772 2516 5828 Psal.
2550 5790 2674 5838 crv,
2711 5774 2796 5827 Η.
2873 5773 2917 5804 δ’
2956 5771 3098 5828 Psal.
3141 5789 3299 5839 xxvi,
3337 5774 3388 5827 l.

510 5859 620 5907 xtv,
653 5841 705 5896 8.
782 5842 1034 5922 “.Galat.
1075 5857 1146 5905 lt,
1182 5843 1271 5896 ‘20.
1345 5844 1390 5873 "
1465 5843 1604 5898 Psal.
1640 5861 1829 5907 cxux,
1865 5845 1916 5896 6.
1995 5843 2040 5872 “
2080 5843 2212 5898 Luc.
2254 5860 2377 5906 vut,
2414 5845 2500 5900 12.
