3940 6530
188 346 299 403 753

564 463 658 520 ΕΞ
681 463 1102 521 ΕΠΙΣΤΟΛΩΝ
1136 470 1232 523 ΠΛ
1246 471 1457 525 ΥΛΟΥ.

188 668 559 740 ἐργαζομένῳ
603 668 666 722 τὸ
728 669 927 737 ἀγαθὸν
958 707 974 734 ,
1040 671 1275 744 Ἰουδαίῳ
1318 691 1379 728 τε
1429 674 1643 748 πρῶτον
1685 677 1781 732 καὶ

191 758 452 831 Ἕλληνι.
477 760 551 814 Ού
577 760 685 833 γάρ
713 761 829 814 ἐστι
864 763 1291 834 προσωποληψία
1335 767 1486 838 παρὰ
1537 768 1617 839 τῷ
1639 767 1779 841 Θεῷ.

192 852 363 906 Ὅσοι
388 851 503 924 γὰρ
526 852 743 925 ἀνόμως
767 854 1034 926 ἥμαρτον,
1068 856 1285 927 ἀνόμως
1311 858 1405 913 καὶ
1437 858 1779 915 ἀπολοῦνται·

186 945 294 998 καὶ
362 946 483 1000 ὅσοι
518 946 579 1000 ὲν
627 944 778 1017 νόμῳ
835 946 1103 1020 ἥμαρτον,
1148 948 1238 1003 διὰ
1288 950 1453 1022 νόμου
1499 951 1785 1025 κριθήσον-

188 1053 309 1090 ται.
356 1054 378 1090 ι

277 1149 612 1222 Ἐρμηνεία.
656 1150 904 1205 Ἐπαινεῖ
930 1151 1139 1216 πάντας
1161 1153 1285 1217 τοὺς
1306 1152 1702 1226 ἐργαζομένους
1724 1154 1787 1209 τὸ

192 1240 438 1310 ἀγαθόν.
471 1240 707 1314 Ἕλληνα
733 1241 790 1296 δὲ
820 1242 880 1295 οὐ
905 1242 995 1295 τὸν
1023 1242 1410 1316 είδωλολάτρην
1439 1244 1611 1315 λέγει,
1652 1244 1787 1322 αλλὰ

189 1329 290 1383 τὸν
346 1329 604 1402 θεοσεϐῆ,
641 1328 714 1401 μὴ
750 1329 1070 1384 πιστεύοντα
1107 1330 1164 1385 δὲ
1200 1331 1292 1386 τὸν
1349 1334 1602 1404 Χριστὸν,
1649 1336 1786 1407 μήτε

191 1417 375 1489 νόμον
415 1417 727 1490 κρατοῦντα
777 1417 868 1472 τὸν
918 1418 1170 1474 παλαιόν·
1227 1418 1364 1474 ἀλλὰ
1409 1422 1577 1492 χωρὶς
1622 1422 1786 1493 νόμου

192 1511 472 1581 ύπάρχει.
537 1509 822 1581 Ὀνομάζει
882 1509 940 1564 δὲ
996 1511 1091 1565 καὶ
1139 1511 1353 1566 σέϐεται
1404 1514 1492 1568 τὸν
1522 1513 1669 1579 Θεὸν,
1695 1515 1790 1568 καὶ

194 1601 477 1672 φυλάττει
504 1602 600 1654 καὶ
628 1602 850 1673 ἀρετήν.
894 1601 959 1656 ’0
1011 1602 1247 1665 τοιοῦτος
1292 1603 1386 1658 ἐὰν
1434 1604 1526 1658 καὶ
1568 1606 1787 1679 πταίσῃ,

193 1692 576 1764 ἐλαφρότερον
630 1692 812 1763 μέλλει
865 1689 1185 1756 κολάξεσθαι
1220 1693 1359 1766 ὑπὲρ
1395 1694 1486 1749 τὸν
1519 1695 1788 1763 Ἰουδαῖον,

1193 351 1656 419 ρυιΕετιοΝΕε
1686 356 1752 411 IN
1791 356 2170 414 EPISTOLAS
2206 356 2432 413 PAULI.

1811 483 1858 540 A

273 575 478 650 Ἐρώτ.
507 578 638 646 ιαίν.
676 596 696 630 ι
736 578 873 645 Δόξα.
896 579 989 633 καὶ
1012 580 1144 652 τιμὴ
1173 583 1270 637 καὶ
1298 584 1488 656 εἰρήνη
1520 584 1683 638 παντὶ
1701 583 1780 656 τῷ
1862 624 1863 627 η

3332 362 3439 419 754

2153 475 2313 546 273
2345 473 2445 529 EX
2483 473 2877 532 EPISTOLIS
2915 474 3160 534 PAULI.

1949 588 2167 656 Quasr.
2198 588 2335 646 XCI.
2384 605 2405 642 ι
2438 588 2645 659 Gloria,
2688 590 2866 646 honor
2915 600 2969 647 et
2999 607 3105 662 pax
3153 595 3302 647 omni
3344 594 3438 662 qui

1879 690 2134 749 operatur
2176 680 2380 736 bonum
2408 700 2422 736 :
2447 680 2635 737 Judazo
2685 683 2921 753 primum
2973 690 3028 738 et
3070 680 3278 738 Graeco.
3318 681 3442 738 Non

1879 767 2024 822 enim
2067 776 2150 824 est
2192 785 2551 840 personarum
2598 775 2843 842 acceptio
2889 772 3034 843 apud
3067 771 3254 827 Deum.
3303 771 3437 827 Nam

1880 856 2192 927 quicunque
2228 857 2347 914 sine
2389 858 2506 930 lege
2555 868 2937 930 peccaverunt,
2982 861 3101 916 sine
3165 861 3277 931 lege
3319 876 3443 932 per-

1882 947 2075 1015 ibunt;
2102 958 2155 1005 et
2181 949 2493 1021 quicunque
2526 949 2583 1005 in
2605 950 2722 1022 lege
2751 960 3132 1023 peccaverunt.
3149 967 3248 1023 per
3270 946 3443 1024 legem

1878 1039 2273 1110 iudicabuntur
2293 1041 2361 1096 ⁸⁷.
2394 1061 2413 1094 ι

1963 1149 2289 1206 lursnraar.
2325 1152 2536 1207 Laudat
2560 1168 2749 1209 omnes
2769 1155 2863 1225 qui
2888 1163 3188 1227 operantur
3218 1156 3444 1213 bonum.

1886 1240 2130 1298 Graacum
2163 1258 2293 1299 vero
2324 1243 2477 1311 dicit,
2513 1260 2624 1299 non
2660 1245 3022 1311 idololatram,
3056 1246 3150 1303 sed
3184 1247 3276 1316 qui
3317 1248 3449 1301 colit

1885 1327 2103 1411 quidem
2148 1326 2340 1394 Deum,
2387 1343 2562 1399 neque
2601 1336 2783 1383 tamen
2831 1329 3003 1385 credit
3050 1329 3106 1384 in
3145 1328 3446 1394 Christum,

1886 1434 2063 1489 neque
2098 1428 2333 1475 veterem
2366 1419 2537 1490 legem
2581 1428 2749 1482 tenet,
2798 1420 2893 1476 sed
2940 1421 3057 1476 sine
3087 1421 3201 1493 lege
3244 1428 3348 1483 est,
3386 1436 3450 1475 ac

1888 1507 2056 1563 Deum
2100 1509 2319 1563 invocat
2351 1517 2405 1564 et
2437 1509 2588 1573 colit,
2622 1518 2913 1579 servatque
2958 1510 3314 1566 nihilominus
3341 1510 3453 1564 vir-

1889 1610 2079 1656 tutem.
2110 1599 2245 1655 Nam
2274 1600 2399 1656 talis
2427 1601 2640 1657 etiamsi
2672 1601 2911 1660 labatur.
2939 1601 3113 1656 levius
3138 1610 3318 1657 tamen
3348 1618 3452 1672 pu-

1890 1694 2069 1749 nietur
2098 1709 2259 1764 quam
2280 1692 2500 1750 Iudaeus
2526 1714 2539 1749 :
2562 1697 2818 1765 quoniam
2844 1694 3064 1751 Iudaeus
3083 1696 3253 1766 legem
3275 1704 3454 1752 trans-

193 1786 285 1838 ὅτι
340 1785 373 1836 6
414 1783 672 1846 Ἰουδαῖος
730 1782 1053 1854 παραϐαίνει
1099 1782 1192 1837 τὸν
1229 1783 1392 1854 νόμον
1429 1786 1524 1838 καὶ
1554 1784 1666 1856 ἔχει
1694 1785 1791 1856 τὴν

1921 1784 2171 1851 ,reditur,
2226 1795 2419 1856 estque
2477 1788 2712 1857 graviori
2759 1786 3031 1842 obnoxius
3093 1784 3453 1842 accusationi.

197 1874 552 1946 κατηγορίαν
583 1874 818 1944 μείζονα.
855 1875 1022 1937 Ὅταν
1051 1874 1159 1945 γὰρ
1204 1875 1442 1947 ἀκούσῃς
1466 1876 1526 1929 τό
1547 1893 1560 1906 ·
1602 1876 1790 1930 «Ὅσοι

1921 1875 2123 1943 Quando
2144 1878 2287 1933 enim
2315 1878 2473 1935 audis
2504 1878 2634 1933 illud
2666 1898 2680 1935 :
2705 1898 2724 1931 ι
2750 1879 3025 1949 Quotquot
3048 1880 3165 1935 sine
3194 1880 3310 1950 iege
3332 1893 3457 1948 pec-

200 1966 437 2035 ἀνόμως
491 1964 764 2037 ἥμαρτον,
811 1963 1027 2035 ἀνόμως
1068 1965 1160 2017 καὶ
1205 1964 1559 2019 ἀπολοῦνται·
1611 1983 1630 2016 ι
1690 1966 1789 2037 τὴν

200 2055 595 2128 ἐλαφροτέραν
621 2055 842 2109 κόλασιν
880 2054 1258 2125 ὑπολάμϐανε·
1289 2056 1347 2108 τὸ
1383 2055 1460 2119 δὲ,
1496 2074 1516 2107 ι
1550 2056 1704 2110 Ὅσοι
1737 2057 1795 2109 ὲν

202 2154 368 2224 νόμῳ
424 2153 696 2226 ἥμαρτον,
734 2171 753 2204 ι
817 2152 917 2222 τὴν
968 2153 1185 2224 χείρονα
1229 2152 1446 2207 κόλασιν
1484 2154 1579 2208 καὶ
1608 2172 1796 2227 ⁸τιμω--

210 2243 370 2315 ρίαν.

280 2354 558 2426 Κείμενον
600 2351 705 2423 ι,βῆ
772 2371 791 2405 ι
826 2353 890 2407 Εἰ
931 2353 1041 2426 γὰρ
1070 2354 1339 2426 σύμφυτοι
1379 2354 1682 2426 γεγόναμεν
1722 2354 1798 2428 τῷ

209 2446 533 2519 ὁμοιώματι
563 2444 657 2500 τοῦ
683 2444 913 2500 θανάτου
949 2445 1137 2512 αὐτοῦ,
1164 2445 1302 2500 ἀλλὰ
1326 2447 1420 2501 καὶ
1447 2449 1546 2520 τῆς
1572 2448 1803 2515 ἀναστά-

215 2557 365 2604 σεως
392 2537 647 2610 ἐσόμεθα,
683 2557 703 2590 ι
1243 2531 1253 2538 ’

302 2632 501 2685 Ἀπόκ.
566 2630 844 2702 Σύμφυτοι
904 2630 1205 2700 γεγόναμεν
1232 2670 1248 2695 ,
1314 2630 1479 2701 ἧγουν
1553 2628 1799 2701 μέτοχοι·

216 2723 417 2795 ὥσπερ
447 2723 510 2777 τὸ
540 2722 700 2793 σῶμα
727 2723 790 2777 τὸ
823 2720 1153 2788 δεσποτικὸν,
1183 2721 1352 2792 ταφὲν
1374 2724 1430 2776 ἐν
1458 2723 1523 2794 τῇ
1551 2724 1644 2793 γῇ,
1673 2721 1802 2791 ἔφυ-

222 2833 284 2869 σε
322 2814 703 2886 σωτηρίαντῷ
730 2814 953 2886 κόσμῳ·
1003 2813 1146 2869 οὕτω
1191 2813 1284 2867 καὶ
1320 2814 1379 2867 τὸ
1420 2813 1578 2884 ἡμῶν
1623 2814 1803 2886 σῶμα,

221 2904 400 2974 ταφὲν
427 2906 487 2959 ὲν
508 2904 586 2975 τῷ
615 2904 970 2977 βαπτίσματι,
1003 2902 1167 2973 ἔφυσε
1193 2901 1535 2973 δικαιοσύνην
1557 2905 1686 2975 ἡμῖν
1712 2904 1809 2957 αύ-

222 3000 363 3060 τοῖς.
392 2996 471 3049 Τὸ
522 2996 580 3049 δὲ
626 2994 875 3067 ὁμοίωμα
905 2993 1077 3059 οὕτως
1112 2994 1252 3065 ἔχει·
1287 2992 1475 3065 ὥσπερ
1502 2995 1530 3048 6
1579 2994 1809 3066 Χριστὸς

226 3089 496 3152 ἀπέθανε,
550 3090 646 3142 καὶ
706 3089 773 3159 τῇ
828 3085 984 3160 τρίτῃ
1037 3085 1216 3160 ἡμέρᾳ
1255 3085 1494 3157 ἀνέστη·
1539 3084 1682 3140 οὕτω
1716 3088 1811 3140 καὶ
1859 3120 1863 3125 ο

1895 1977 2178 2035 caverunt,
2218 1958 2336 2026 sine
2372 1970 2489 2040 lege
2521 1971 2773 2043 peribunt
2803 1992 2816 2027 :
2857 1993 2874 2024 ι
2910 1973 3091 2027 minus
3131 1971 3455 2041 supplicium

1895 2071 2104 2130 reputa.
2164 2060 2276 2116 Hoc
2316 2078 2444 2118 vero
2485 2082 2499 2119 :
2546 2082 2565 2115 ι
2609 2062 2884 2134 Quotquot
2936 2064 2993 2118 in
3043 2064 3161 2133 lege
3204 2078 3460 2134 peccave—

1896 2163 2058 2208 runt:
2092 2170 2109 2203 ›
2145 2152 2236 2210 isti
2259 2169 2452 2225 nempe
2479 2156 2778 2226 graviorem
2806 2171 3020 2227 pmnam
3051 2163 3105 2211 et
3134 2156 3459 2226 supplicium

1870 2244 2178 2303 .subibunt.

1980 2357 2311 2413 Pnorosmo
2353 2357 2514 2412 XCII.
2578 2375 2596 2410 ι
2640 2357 2697 2413 Si
2743 2357 2886 2415 enim
2942 2356 3289 2428 complantati
3332 2356 3462 2411 facti

1901 2465 2092 2505 sumus
2133 2448 2480 2504 similitudini
2509 2451 2702 2505 mortis
2733 2450 2875 2520 ejus,
2925 2451 3088 2505 simul
3134 2458 3187 2506 et
3219 2465 3465 2505 resurre-

1902 2540 2099 2596 ctionis
2128 2540 2333 2597 erimus
2356 2540 2424 2596 ".
2458 2560 2476 2593 ι

1978 2628 2142 2686 Βεει).
2193 2630 2558 2702 Complantati
2590 2629 2718 2685 facti
2755 2646 2969 2695 sumus,
2996 2632 3289 2702 participes
3316 2630 3467 2685 vide-

1903 2719 2547 2791 licetzquemadmodum
2582 2735 2781 2788 corpus
2828 2719 3040 2776 Domini
3093 2722 3363 2791 sepultum
3409 2721 3466 2781 in

1905 2817 2072 2875 terra,
2104 2810 2307 2865 mundo
2334 2811 2563 2866 salutem
2592 2810 2832 2879 peperit;
2864 2811 2944 2865 sic
2974 2821 3221 2865 nostrum
3252 2825 3469 2880 quoque

1907 2915 2107 2970 corpus
2140 2900 2195 2954 in
2230 2900 2503 2971 baptismo
2534 2900 2828 2970 sepultum,
2861 2901 3015 2955 nobis
3043 2901 3176 2971 ipsis
3196 2900 3469 2976 justitiam

1909 2993 2153 3063 protulit.
2188 2991 2494 3048 Similitudo
2537 3001 2716 3048 autem
2762 2992 2844 3048 sic
2877 2993 3035 3047 habet
3079 3012 3090 3047 :
3127 2991 3277 3047 Sicut
3309 2991 3471 3047 Chriu

1910 3091 2031 3139 stus
2056 3092 2305 3139 mortuus
2341 3090 2447 3148 est,
2502 3090 2556 3139 et
2599 3083 2757 3139 tertia
2797 3082 2886 3137 die
2916 3082 3248 3150 resurrexit;
3288 3083 3369 3138 sic
3416 3089 3471 3139 et

229 3183 397 3252 ἡμεῖς
430 3182 488 3234 ὲν
518 3178 596 3250 τῷ
639 3179 971 3250 βαπτίσματι
1010 3176 1330 3246 θνήσκοντες
1362 3175 1715 3247 ἀνιστάμεθα..
1739 3177 1809 3229 Τὸ

1921 3190 2013 3231 nos
2041 3175 2097 3230 in
2130 3175 2401 3246 baptismo
2430 3175 2744 3238 morientes,
2780 3175 3136 3246 resurgimus.
3167 3174 3302 3229 Nam
3325 3173 3473 3245 quod

228 3265 342 3336 γὰρ
376 3262 678 3317 καταδῦσαι
707 3260 768 3314 τὸ
805 3261 1010 3313 παίδιον
1043 3260 1099 3313 ὲν
1136 3261 1205 3329 τῇ
1240 3259 1591 3332 κολυμϐήθρᾳ
1633 3260 1809 3331 τρίτον

1921 3265 2179 3320 infantem
2209 3272 2294 3320 ter
2322 3265 2379 3319 in
2416 3264 2681 3335 piscinam
2714 3265 3109 3335 immergimus,
3137 3273 3190 3321 et
3222 3274 3306 3321 ter
3339 3265 3473 3320 edu-

230 3358 329 3411 καὶ
365 3354 660 3417 ἀναδῦσαι,
714 3351 871 3406 τοῦτο
894 3350 1044 3423 δηλοῖ
1067 3349 1157 3404 τὸν
1190 3351 1414 3406 θάνατον
1447 3351 1540 3405 καὶ
1565 3351 1663 3423 τὴν
1700 3368 1816 3424 τρι-

231 3451 443 3522 ήμερον
468 3449 761 3502 ἀνάστασιν
791 3444 886 3498 τοῦ
915 3442 1171 3515 Χριστοῦ.

315 3539 513 3611 Ἐρώτ.
557 3544 663 3608 ἥγ’.
704 3537 769 3590 Τί
800 3540 946 3590 ἐστι·
1007 3554 1028 3589 ι
1066 3537 1139 3589 Τὸ
1166 3535 1274 3606 γὰρ
1315 3533 1570 3590 ἀδύνατον
1598 3535 1684 3589 διὰ
1724 3535 1816 3590 τοῦ

232 3634 428 3705 νόμου,
451 3634 509 3686 ἐν
607 3630 844 3702 ἠσθένει,
867 3630 954 3684 διὰ
980 3629 1078 3699 τῆς
1110 3629 1329 3699 σαρκὸς,
1350 3629 1378 3682 6
1415 3627 1566 3694 Θεὸς,
1593 3648 1611 3682 ι
1633 3629 1723 3683 καὶ
1750 3628 1820 3683 τὰ

237 3726 399 3791 ἑξῆςς

322 3764 520 3870 ξλ’ττόκ.
570 3813 834 3877 Ἦσθένει,
877 3813 1059 3884 φησὶν,
1092 3813 1121 3865 ό
1157 3811 1320 3882 νόμος
1344 3812 1425 3875 είς
1454 3809 1513 3864 τὸ
1533 3810 1821 3866 δικαιῶσαι

241 3912 333 3964 τὸν
364 3909 675 3981 ἄνθρωπον.
704 3909 780 3961 Οὐ
815 3906 922 3977 γὰρ
945 3904 1171 3976 ἠδύνατο
1216 3906 1245 3959 6
1271 3903 1555 3976 ἄνθρωπος
1597 3903 1697 3976 τὴν
1728 3921 1821 3957 τυ-

246 4002 471 4075 ραννίδα
496 4000 591 4053 καὶ
622 4000 721 4069 τὴν
753 3998 994 4070 πύρωσιν
1030 3997 1320 4068 ὑποφέρειν
1348 3998 1446 4067 τῆς
1475 3997 1691 4069 σαρκός.
1722 3997 1821 4052 Διά

245 4093 406 4146 τοῦτο
445 4091 691 4162 ἔπεμψεν
713 4092 741 4144 6
768 4089 899 4153 Θεὸς
923 4089 1012 4143 τὸν
1037 4090 1294 4160 μονογενῆ
1322 4088 1450 4143 Υίὸν
1498 4088 1682 4153 αὑτοῦ,
1736 4090 1823 4143 ἵνα

247 4186 337 4239 διὰ
371 4185 475 4256 τῆς
523 4183 726 4254 σαρκὸς
771 4182 932 4236 αὐτοῦ
966 4180 1269 4254 κατακρίνῃ
1302 4182 1400 4253 τὴν
1430 4180 1718 4252 ἁμαρτίαν.
1751 4182 1823 4235 Τὸ

247 4277 325 4341 δὲ,
361 4280 420 4331 ὲν
462 4273 767 4346 ὁμοιώματι
803 4274 1001 4346 σαρκὸς
1055 4274 1326 4347 ἁμαρτίας
1352 4313 1369 4339 ,
1415 4275 1515 4327 οὐκ
1559 4268 1732 4340 εἶπεν,
1766 4275 1823 4327 ἐν

251 4369 417 4440 σαρκὶ
466 4367 759 4439 ἁμαρτίας,
808 4365 1005 4419 ἀλλ’ὲν
1042 4365 1365 4437 ὁμοιώματι.
1398 4364 1661 4437 Ὡμοιώθη
1719 4365 1825 4437 γὰρ

254 4460 396 4514 κατὰ
428 4459 663 4531 πάνταὴ
692 4457 1004 4530 ἀνθρωπίνη
1037 4456 1174 4528 σὰρξ
1202 4456 1296 4510 τοῦ
1338 4456 1571 4527 Χριστοῦ
1614 4460 1681 4529 τῇ
1734 4459 1827 4512 ἀν-

256 4550 499 4623 θρωπίνῃ
532 4552 715 4623 σαρκὶ,
746 4550 864 4603 καθ’
897 4549 925 4603 ὃ
952 4550 1157 4612 τέλειος
1180 4549 1462 4620 ἄνθρωπος
1491 4546 1580 4622 ἦν.
1622 4550 1818 4620 Ἀμαρ-

255 4645 420 4709 τωλὸς
453 4643 511 4696 δὲ
538 4644 638 4696 οὐκ
662 4643 875 4711 ἐγένετο
906 4643 939 4713 ἡ
969 4640 1103 4712 σὰρξ
1130 4639 1314 4706 αὑτοῦ,
1342 4639 1589 4711 καθάπερ
1623 4643 1657 4710 ἡ
1689 4643 1721 4710 ἡ
1732 4657 1824 4710 με-

258 4737 385 4807 τέρα
410 4734 569 4806 σάρξ.
597 4754 616 4786 ι
659 4733 956 4805 Ἀμαρτίαν
979 4732 1083 4805 γὰρ
1122 4733 1220 4786 ούκ
1258 4732 1526 4802 ἐποίησεν,
1552 4731 1673 4784 οὐδὲ
1737 4733 1824 4784 εύ-

264 4827 389 4899 ρέθη
423 4826 576 4890 δόλος
608 4826 665 4878 ὲν
690 4824 768 4895 τῷ
792 4826 1019 4895 στόματι
1047 4823 1230 4878 αὐτοῦ.
1266 4842 1285 4875 ι

337 4939 532 5013 Ἐρώτ.
586 4937 687 5007 ἥδ’.
757 4938 822 4990 Τί
882 4937 1058 5006 λέγει·
1136 4956 1156 4989 ι
1210 4936 1339 4991 Δότε
1385 4936 1549 4989 τόπον
1605 4938 1668 5007 τῇ
1731 4936 1825 5008 6p-

265 5033 364 5105 τῇς
404 5051 425 5085 ι

339 5147 531 5202 Ἀπόκ.
567 5145 658 5217 Τῷ
686 5143 986 5214 λυπήσαντί
1015 5161 1074 5197 σε
1101 5143 1196 5197 καὶ
1248 5142 1516 5214 θλίψαντι,
1572 5140 1606 5212 ἢ
1654 5140 1834 5211 ἀδική-

269 5256 436 5304 σαντι,
472 5235 824 5309 συγχώρησον
856 5237 920 5290 σὺ
953 5235 1122 5307 αύτῷ,
1152 5234 1349 5289 ἀνάθου
1388 5234 1446 5288 δὲ
1486 5233 1564 5305 τῷ
1593 5231 1712 5304 Θεῷ
1763 5232 1833 5287 τὰ

269 5332 358 5403 τῆς
379 5332 728 5401 ἐκδικήσεως,
756 5329 1000 5392 κάκεῖνος
1029 5327 1368 5398 οἰκονομήσει
1411 5326 1480 5380 τὰ
1506 5326 1707 5379 δέοντα.
1760 5322 1834 5375 Τὸ

273 5424 342 5489 δὲ,
373 5444 391 5475 ι
415 5422 704 5494 Μακάριος
735 5423 764 5475 6
793 5421 866 5492 μὴ
910 5421 1108 5492 κρίνων
1137 5422 1194 5473 ὲν
1222 5411 1267 5487 ᾧ
1293 5418 1596 5490 δοκιμάζει,
1624 5437 1644 5470 ι
1673 5414 1833 5469 τοῦτο

275 5515 440 5588 δηλοῖ·
479 5517 607 5570 ὅταν
660 5517 832 5579 ποιεῖς
866 5531 920 5568 τι
971 5511 1324 5582 οἰκονομικῶς
1379 5510 1515 5581 πρὸς
1560 5506 1833 5580 σωτηρίαν

342 5694 386 5730 ⁸⁷
423 5693 577 5750 Rom.
615 5710 690 5758 ll,
728 5694 906 5749 10-12.
980 5695 1024 5730 “
1066 5695 1220 5752 Rom.
1255 5706 1338 5757 rt,
1373 5690 1426 5747 5.
1505 5688 1550 5722 δ’
1590 5686 1745 5743 Rom.
1783 5699 1917 5753 vni,
1946 5685 2000 5741 5.

278 5769 329 5825 9.
419 5767 464 5799 "
486 5767 649 5823 Rom.
689 5766 909 5831 ιιν,ἒ5.

1913 3356 2111 3420 cimus,
2148 3355 2202 3409 id
2236 3365 2463 3410 mortem
2499 3354 2725 3424 Christi,
2757 3364 2813 3412 et
2839 3364 2962 3427 post
3004 3357 3243 3412 triduum
3291 3372 3475 3413 resur-

1913 3448 2206 3502 rectionem
2241 3445 2531 3516 signiﬁcat.

1991 3535 2211 3602 Quassr.
2248 3534 2430 3589 XCIII.
2472 3533 2612 3601 Quid
2647 3541 2772 3590 est:
2814 3553 2832 3587 ι
2862 3535 2995 3590 Nam
3028 3536 3175 3607 quod
3222 3537 3475 3607 impossi-

1916 3625 2024 3681 bile
2062 3633 2179 3680 erat
2210 3626 2335 3695 legi,
2381 3627 2437 3679 in
2492 3640 2600 3696 quo
2643 3626 3021 3682 iniirmabatur
3068 3642 3163 3697 per
3208 3643 3477 3683 carnem:

1919 3717 2063 3774 Deus
2085 3718 2150 3783 ‘9,
2181 3737 2202 3771 ›
2239 3726 2344 3772 etc.
3385 3772 3390 3777 .

1996 3806 2158 3864 Rese.
2199 3807 2600 3873 lnﬁrmabatur,
2652 3808 2832 3878 inquit
2870 3808 2977 3874 lex,
3014 3807 3264 3865 videlicet
3292 3809 3358 3863 ad
3398 3810 3482 3879 ju-

1922 3900 2271 3958 stiiicandum
2301 3899 2600 3954 hominem.
2633 3898 2752 3953 Non
2784 3901 2927 3955 enim
2963 3908 3173 3970 poterat
3205 3900 3367 3955 homo
3399 3908 3484 3971 ty-

1921 3991 2207 4046 rannidem
2239 3999 2294 4046 et
2335 3988 2646 4044 incendium
2677 3989 2861 4044 carnis
2902 3989 3193 4044 sustinere.
3226 3987 3351 4043 ldco
3377 3987 3481 4041 mi-

1925 4085 1996 4141 sit
2026 4082 2169 4139 Deus
2204 4082 2542 4153 unigenitum
2591 4083 2787 4138 Filium
2817 4097 2998 4149 suum,
3029 4091 3087 4136 ut
3127 4097 3224 4152 per
3261 4095 3483 4136 carnem

1923 4189 2077 4230 suam
2104 4172 2493 4228 condemnaret
2525 4179 2830 4242 peccatum.
2858 4165 2985 4227 'Hoc
3009 4187 3138 4227 vero
3159 4171 3305 4242 quod
3327 4170 3483 4235 dicit,

1925 4269 1980 4323 in
2020 4265 2375 4323 similitudine
2403 4265 2589 4321 carnis
2627 4264 2861 4334 peccati,
2890 4280 2998 4319 non
3036 4264 3195 4329 dixit,
3233 4263 3287 4319 in
3320 4277 3486 4318 carne

1925 4360 2155 4430 peccati,
2216 4356 2312 4413 sed
2365 4357 2420 4411 in
2471 4356 2850 4413 similitudine.
2896 4355 3031 4410 Nam
3074 4356 3309 4410 humana
3356 4368 3486 4408 caro

1925 4449 2128 4505 Christi
2160 4448 2213 4501 in
2243 4446 2496 4501 omnibus
2518 4452 2602 4500 est
2638 4445 2837 4500 similis
2860 4444 3002 4499 facta
3026 4445 3275 4499 humana:
3308 4442 3484 4509 carni,

1860 4586 1903 4641 υ
1927 4556 2034 4611 qua
2065 4541 2275 4595 ratione
2303 4538 2579 4610 perfectus
2610 4546 2696 4594 est
2717 4538 2900 4592 homo.
2929 4536 3175 4593 Peccatis
3203 4551 3333 4591 vero
3358 4549 3488 4590 caro

1928 4631 2049 4700 ejus
2082 4647 2190 4685 non
2218 4629 2318 4684 fuit
2367 4628 2625 4692 obnoxia,
2673 4629 2835 4682 sicuti
2861 4634 3050 4681 nostra
3081 4633 3165 4682 est
3195 4643 3208 4678 :
3238 4644 3257 4676 ι
3286 4623 3489 4679 Pecca-

1929 4729 2044 4777 tum
2074 4723 2218 4778 enim
2264 4738 2372 4776 non
2404 4721 2551 4784 fecit,
2586 4735 2686 4774 nec
2720 4721 2974 4774 inventus
3018 4726 3101 4773 est
3138 4717 3296 4772 dolus
3319 4716 3373 4769 in
3397 4730 3492 4770 ore

1929 4817 2050 4887 ejus
2068 4816 2134 4871 ⁵ο.
2166 4835 2183 4868 ι

2015 4928 2235 4995 ΟυΔ-ῑετ.
2266 4926 2449 4983 XCIV.
2499 4926 2640 4992 Quid
2676 4934 2779 4989 est,
2816 4924 2958 4994 quod
2991 4923 3124 4978 dicit
3151 4941 3162 4977 :
3197 4940 3214 4972 ι
3244 4920 3383 4976 Date
3410 4921 3493 4976 lo~

1936 5037 2059 5077 cum
2093 5022 2189 5075 ira:
2209 5020 2295 5074 ⁵ίῖ
2324 5038 2342 5072 ι
3510 5019 3524 5080 i

2016 5136 2177 5191 Rnsr.
2218 5134 2280 5188 Ei
2316 5134 2407 5205 qui
2447 5140 2499 5188 te
2533 5130 2877 5186 contristavit
2904 5145 2969 5184 ac
2991 5125 3267 5183 tribulavit
3296 5126 3381 5181 vel
3416 5090 3526 5180 ιςιίε-⁸

1940 5226 2068 5282 fecit
2113 5226 2334 5295 injuria,
2386 5223 2658 5288 condona,
2708 5236 3030 5292 omnemque
3075 5218 3369 5276 vindictam
3411 5233 3499 5272 re-

1937 5318 2094 5373 mitte
2128 5316 2261 5383 Deo,
2293 5318 2388 5388 qui
2415 5316 2562 5387 quod
2594 5329 2809 5384 aequum
2850 5320 2933 5369 est
2968 5308 3331 5382 dispensabit.
3359 5307 3496 5362 Illud

1937 5427 2105 5468 vero:
2137 5432 2153 5463 ι
2184 5409 2381 5465 Beatus
2430 5408 2523 5479 qui
2579 5406 2928 5477 nonjudicat
2972 5404 3028 5458 in
3074 5417 3138 5458 eo
3181 5400 3338 5471 quod-
3373 5414 3500 5470 pro—

1939 5504 2032 5561 bat
2056 5503 2126 5570 ⁸¹,
2157 5520 2176 5554 ι
2212 5502 2315 5557 hoc
2342 5499 2608 5573 signiﬁcat
2641 5497 2896 5569 :quaudo
2918 5512 3013 5567 per
3040 5492 3499 5565 dispensationem

2107 5642 2295 5739 “‘lsa.
2334 5697 2449 5748 tm,
2486 5679 2562 5745 9;
2600 5677 2791 5734 lPetr.
2830 5690 2890 5744 ιι,
2925 5673 3013 5729 22.
3121 5671 3164 5703 "
3207 5665 3364 5723 “om.
3396 5675 3511 5727 ωτι
