  <div class='ocr_page' id='page_1' title='image "/cluster/home/n/w/nwhite01/storage/ocr_20150623/28/hvd.32044019207737/383.png"; bbox 0 0 3940 6498; ppageno 0'>
   <div class='ocr_carea' id='block_1_1' title="bbox 550 296 3731 399">
    <p class='ocr_par' dir='ltr' id='par_1_1' title="bbox 550 296 3731 399">
     <span class='ocr_line' id='line_1_1' title="bbox 550 296 3731 399; baseline 0.001 -5"><span class='ocrx_word' id='word_1_1' title='bbox 550 339 656 399; x_wconf 79' lang='lat'><strong>733</strong></span> <span class='ocrx_word' id='word_1_2' title='bbox 1240 296 1246 303; x_wconf 56' lang='grc'><em>’</em></span> <span class='ocrx_word' id='word_1_3' title='bbox 1676 339 1736 393; x_wconf 92' lang='lat' dir='ltr'><strong>s.</strong></span> <span class='ocrx_word' id='word_1_4' title='bbox 1771 336 2232 394; x_wconf 79' lang='lat' dir='ltr'><strong>ATHANASlUS.</strong></span> <span class='ocrx_word' id='word_1_5' title='bbox 2264 368 2335 380; x_wconf 88' lang='grc'><strong>-</strong></span> <span class='ocrx_word' id='word_1_6' title='bbox 2374 338 2645 395; x_wconf 80' lang='lat' dir='ltr'><strong>SPURIA.</strong></span> <span class='ocrx_word' id='word_1_7' title='bbox 3365 318 3374 328; x_wconf 87' lang='grc'><em>’</em></span> <span class='ocrx_word' id='word_1_8' title='bbox 3644 343 3731 399; x_wconf 70' lang='lat' dir='ltr'><strong>7a;</strong></span> 
     </span>
    </p>
   </div>
   <div class='ocr_carea' id='block_1_2' title="bbox 553 459 2109 534">
    <p class='ocr_par' dir='ltr' id='par_1_2' title="bbox 553 461 2109 534">
     <span class='ocr_line' id='line_1_2' title="bbox 553 461 2109 534; baseline -0.004 -12"><span class='ocrx_word' id='word_1_9' title='bbox 553 464 750 522; x_wconf 84' lang='lat' dir='ltr'><strong>feceris</strong></span> <span class='ocrx_word' id='word_1_10' title='bbox 772 463 995 534; x_wconf 86' lang='lat' dir='ltr'><strong>aliquid.</strong></span> <span class='ocrx_word' id='word_1_11' title='bbox 1031 463 1176 534; x_wconf 89' lang='lat' dir='ltr'><strong>quod</strong></span> <span class='ocrx_word' id='word_1_12' title='bbox 1212 463 1281 517; x_wconf 91' lang='lat' dir='ltr'><strong>ad</strong></span> <span class='ocrx_word' id='word_1_13' title='bbox 1312 464 1540 519; x_wconf 87' lang='lat' dir='ltr'><strong>salutem</strong></span> <span class='ocrx_word' id='word_1_14' title='bbox 1564 461 1750 518; x_wconf 88' lang='lat' dir='ltr'><strong>fratris</strong></span> <span class='ocrx_word' id='word_1_15' title='bbox 1777 462 1853 516; x_wconf 93' lang='lat' dir='ltr'><strong>tui</strong></span> <span class='ocrx_word' id='word_1_16' title='bbox 1882 473 2109 531; x_wconf 82' lang='lat' dir='ltr'><strong>spectet.</strong></span> 
     </span>
    </p>
   </div>
   <div class='ocr_carea' id='block_1_3' title="bbox 2179 459 3735 534">
    <p class='ocr_par' dir='ltr' id='par_1_3' title="bbox 2206 459 3735 532">
     <span class='ocr_line' id='line_1_3' title="bbox 2206 459 3735 532; baseline -0.001 -17"><span class='ocrx_word' id='word_1_17' title='bbox 2206 463 2299 515; x_wconf 83' lang='grc' dir='ltr'>τοῦ</span> <span class='ocrx_word' id='word_1_18' title='bbox 2328 462 2556 532; x_wconf 69' lang='grc' dir='ltr'>ἀδελφοῦ</span> <span class='ocrx_word' id='word_1_19' title='bbox 2591 480 2706 522; x_wconf 82' lang='grc' dir='ltr'>σου,</span> <span class='ocrx_word' id='word_1_20' title='bbox 2760 462 2852 516; x_wconf 79' lang='grc' dir='ltr'>καὶ</span> <span class='ocrx_word' id='word_1_21' title='bbox 2906 462 3105 525; x_wconf 84' lang='grc' dir='ltr'>πάντες</span> <span class='ocrx_word' id='word_1_22' title='bbox 3162 460 3482 532; x_wconf 75' lang='grc' dir='ltr'>μέμφονται,</span> <span class='ocrx_word' id='word_1_23' title='bbox 3510 459 3635 514; x_wconf 68' lang='grc' dir='ltr'>τὸδὲ</span> <span class='ocrx_word' id='word_1_24' title='bbox 3659 461 3735 514; x_wconf 72' lang='grc' dir='ltr'><strong>σὺν</strong></span> 
     </span>
    </p>
   </div>
   <div class='ocr_carea' id='block_1_4' title="bbox 554 547 2110 625">
    <p class='ocr_par' dir='ltr' id='par_1_4' title="bbox 554 553 2107 617">
     <span class='ocr_line' id='line_1_4' title="bbox 554 553 2107 617; baseline -0.005 -4"><span class='ocrx_word' id='word_1_25' title='bbox 554 556 770 613; x_wconf 87' lang='lat' dir='ltr'><strong>etiamsi</strong></span> <span class='ocrx_word' id='word_1_26' title='bbox 804 555 856 610; x_wconf 89' lang='lat' dir='ltr'><strong>id</strong></span> <span class='ocrx_word' id='word_1_27' title='bbox 903 570 1094 610; x_wconf 85' lang='lat' dir='ltr'><strong>omnes</strong></span> <span class='ocrx_word' id='word_1_28' title='bbox 1134 555 1408 617; x_wconf 83' lang='lat' dir='ltr'><strong>incusent,</strong></span> <span class='ocrx_word' id='word_1_29' title='bbox 1450 554 1499 609; x_wconf 86' lang='lat' dir='ltr'><strong>si</strong></span> <span class='ocrx_word' id='word_1_30' title='bbox 1547 562 1638 610; x_wconf 89' lang='lat' dir='ltr'><strong>tua</strong></span> <span class='ocrx_word' id='word_1_31' title='bbox 1680 561 1735 609; x_wconf 90' lang='lat' dir='ltr'><strong>te</strong></span> <span class='ocrx_word' id='word_1_32' title='bbox 1769 553 2107 608; x_wconf 89' lang='lat' dir='ltr'><strong>conscientia</strong></span> 
     </span>
    </p>
   </div>
   <div class='ocr_carea' id='block_1_5' title="bbox 1816 547 3372 625">
    <p class='ocr_par' dir='ltr' id='par_1_5' title="bbox 1816 547 3372 625">
     <span class='ocr_line' id='line_1_5' title="bbox 1816 547 3372 625; baseline -0.002 -17"><span class='ocrx_word' id='word_1_33' title='bbox 1816 553 2107 608; x_wconf 77' lang='lat' dir='ltr'><strong>)nscientia</strong></span> <span class='ocrx_word' id='word_1_34' title='bbox 2209 553 2442 617; x_wconf 82' lang='grc' dir='ltr'><strong>συνειδὸς</strong></span> <span class='ocrx_word' id='word_1_35' title='bbox 2467 554 2526 606; x_wconf 85' lang='grc' dir='ltr'><strong>οὐ</strong></span> <span class='ocrx_word' id='word_1_36' title='bbox 2556 553 2871 625; x_wconf 81' lang='grc' dir='ltr'>κατακρίνει</span> <span class='ocrx_word' id='word_1_37' title='bbox 2904 570 2984 618; x_wconf 88' lang='grc' dir='ltr'>σε,</span> <span class='ocrx_word' id='word_1_38' title='bbox 3021 553 3284 625; x_wconf 81' lang='grc' dir='ltr'>μακάριος</span> <span class='ocrx_word' id='word_1_39' title='bbox 3302 547 3372 605; x_wconf 80' lang='grc' dir='ltr'><strong>εἴ.</strong></span> 
     </span>
    </p>
   </div>
   <div class='ocr_carea' id='block_1_6' title="bbox 555 650 1365 713">
    <p class='ocr_par' dir='ltr' id='par_1_6' title="bbox 555 650 1365 713">
     <span class='ocr_line' id='line_1_6' title="bbox 555 650 1365 713; baseline -0.006 -6"><span class='ocrx_word' id='word_1_40' title='bbox 555 667 663 709; x_wconf 92' lang='lat' dir='ltr'><strong>non</strong></span> <span class='ocrx_word' id='word_1_41' title='bbox 695 652 1040 713; x_wconf 86' lang='lat' dir='ltr'><strong>condemnat,</strong></span> <span class='ocrx_word' id='word_1_42' title='bbox 1072 650 1260 703; x_wconf 90' lang='lat' dir='ltr'><strong>beatus</strong></span> <span class='ocrx_word' id='word_1_43' title='bbox 1285 664 1365 703; x_wconf 87' lang='lat' dir='ltr'><strong>es.</strong></span> 
     </span>
    </p>
   </div>
   <div class='ocr_carea' id='block_1_7' title="bbox 626 726 2182 811">
    <p class='ocr_par' dir='ltr' id='par_1_7' title="bbox 626 739 2106 811">
     <span class='ocr_line' id='line_1_7' title="bbox 626 739 2106 811; baseline -0.003 -12"><span class='ocrx_word' id='word_1_44' title='bbox 626 743 844 809; x_wconf 69' lang='lat' dir='ltr'><strong>Qua-:s&#39;r.</strong></span> <span class='ocrx_word' id='word_1_45' title='bbox 875 740 1035 796; x_wconf 80' lang='lat' dir='ltr'><strong>XCV.</strong></span> <span class='ocrx_word' id='word_1_46' title='bbox 1073 739 1213 806; x_wconf 86' lang='lat' dir='ltr'><strong>Quid</strong></span> <span class='ocrx_word' id='word_1_47' title='bbox 1233 748 1341 804; x_wconf 88' lang='lat' dir='ltr'><strong>est,</strong></span> <span class='ocrx_word' id='word_1_48' title='bbox 1374 740 1520 810; x_wconf 80' lang='lat' dir='ltr'><strong>quod</strong></span> <span class='ocrx_word' id='word_1_49' title='bbox 1546 741 1757 811; x_wconf 86' lang='lat' dir='ltr'><strong>inquit:</strong></span> <span class='ocrx_word' id='word_1_50' title='bbox 1790 760 1808 792; x_wconf 84' lang='grc' dir='ltr'><strong>ι</strong></span> <span class='ocrx_word' id='word_1_51' title='bbox 1837 740 2106 808; x_wconf 84' lang='lat' dir='ltr'><strong>Quoniam</strong></span> 
     </span>
    </p>
   </div>
   <div class='ocr_carea' id='block_1_8' title="bbox 2180 726 3736 811">
    <p class='ocr_par' dir='ltr' id='par_1_8' title="bbox 2290 726 3736 799">
     <span class='ocr_line' id='line_1_8' title="bbox 2290 726 3736 799; baseline -0.002 -18"><span class='ocrx_word' id='word_1_52' title='bbox 2290 726 2479 799; x_wconf 83' lang='grc' dir='ltr'>Ἐρώτ.</span> <span class='ocrx_word' id='word_1_53' title='bbox 2512 726 2613 796; x_wconf 45' lang='grc' dir='ltr'>κε’.</span> <span class='ocrx_word' id='word_1_54' title='bbox 2644 728 2709 781; x_wconf 90' lang='grc' dir='ltr'>Τί</span> <span class='ocrx_word' id='word_1_55' title='bbox 2741 728 2925 796; x_wconf 76' lang='grc' dir='ltr'>λέγει’</span> <span class='ocrx_word' id='word_1_56' title='bbox 2964 746 2983 780; x_wconf 80' lang='grc' dir='ltr'><strong>ι</strong></span> <span class='ocrx_word' id='word_1_57' title='bbox 3024 728 3238 798; x_wconf 73' lang='grc' dir='ltr'>Ἐπειδὴ</span> <span class='ocrx_word' id='word_1_58' title='bbox 3267 727 3361 781; x_wconf 74' lang='grc' dir='ltr'>καὶ</span> <span class='ocrx_word' id='word_1_59' title='bbox 3391 726 3623 780; x_wconf 83' lang='grc' dir='ltr'>Ἰουδαῖοι</span> <span class='ocrx_word' id='word_1_60' title='bbox 3658 744 3736 796; x_wconf 88' lang='grc' dir='ltr'><strong>ση-</strong></span> 
     </span>
    </p>
   </div>
   <div class='ocr_carea' id='block_1_9' title="bbox 551 815 2107 905">
    <p class='ocr_par' dir='ltr' id='par_1_9' title="bbox 551 832 2106 905">
     <span class='ocr_line' id='line_1_9' title="bbox 551 832 2106 905; baseline -0.001 -15"><span class='ocrx_word' id='word_1_61' title='bbox 551 843 606 889; x_wconf 87' lang='lat' dir='ltr'><strong>et</strong></span> <span class='ocrx_word' id='word_1_62' title='bbox 631 833 801 890; x_wconf 58' lang='lat' dir='ltr'><strong>Judaei</strong></span> <span class='ocrx_word' id='word_1_63' title='bbox 837 834 1047 905; x_wconf 82' lang='lat' dir='ltr'><strong>signum</strong></span> <span class='ocrx_word' id='word_1_64' title='bbox 1076 841 1288 903; x_wconf 86' lang='lat' dir='ltr'><strong>petunt,</strong></span> <span class='ocrx_word' id='word_1_65' title='bbox 1323 842 1377 888; x_wconf 90' lang='lat' dir='ltr'><strong>et</strong></span> <span class='ocrx_word' id='word_1_66' title='bbox 1413 832 1585 888; x_wconf 81' lang='lat' dir='ltr'><strong>Graeci</strong></span> <span class='ocrx_word' id='word_1_67' title='bbox 1612 833 1933 903; x_wconf 82' lang='lat' dir='ltr'><strong>sapientiam</strong></span> <span class='ocrx_word' id='word_1_68' title='bbox 1954 848 2106 904; x_wconf 61' lang='lat' dir='ltr'><strong>qure-</strong></span> 
     </span>
    </p>
   </div>
   <div class='ocr_carea' id='block_1_10' title="bbox 2179 815 3735 905">
    <p class='ocr_par' dir='ltr' id='par_1_10' title="bbox 2209 815 3735 888">
     <span class='ocr_line' id='line_1_10' title="bbox 2209 815 3735 888; baseline -0.002 -17"><span class='ocrx_word' id='word_1_69' title='bbox 2209 820 2357 888; x_wconf 84' lang='grc' dir='ltr'>μεῖον</span> <span class='ocrx_word' id='word_1_70' title='bbox 2379 818 2608 881; x_wconf 78' lang='grc' dir='ltr'><strong>αἰτοῦσι,</strong></span> <span class='ocrx_word' id='word_1_71' title='bbox 2667 818 2760 871; x_wconf 79' lang='grc' dir='ltr'>καὶ</span> <span class='ocrx_word' id='word_1_72' title='bbox 2789 817 3044 887; x_wconf 81' lang='grc' dir='ltr'>’Έλληνες</span> <span class='ocrx_word' id='word_1_73' title='bbox 3078 818 3266 885; x_wconf 76' lang='grc' dir='ltr'>σοφίαν</span> <span class='ocrx_word' id='word_1_74' title='bbox 3295 815 3576 888; x_wconf 77' lang='grc' dir='ltr'><strong>ζητοῦσιν·</strong></span> <span class='ocrx_word' id='word_1_75' title='bbox 3602 819 3735 885; x_wconf 69' lang='grc' dir='ltr'>ημεῖς</span> 
     </span>
    </p>
   </div>
   <div class='ocr_carea' id='block_1_11' title="bbox 550 908 2106 992">
    <p class='ocr_par' dir='ltr' id='par_1_11' title="bbox 550 920 2106 992">
     <span class='ocr_line' id='line_1_11' title="bbox 550 920 2106 992; baseline -0.003 -12"><span class='ocrx_word' id='word_1_76' title='bbox 550 932 679 980; x_wconf 92' lang='lat' dir='ltr'><strong>runt</strong></span> <span class='ocrx_word' id='word_1_77' title='bbox 720 942 734 979; x_wconf 90' lang='lat'><strong>:</strong></span> <span class='ocrx_word' id='word_1_78' title='bbox 781 938 885 979; x_wconf 83' lang='lat' dir='ltr'><strong>nos</strong></span> <span class='ocrx_word' id='word_1_79' title='bbox 943 930 1123 979; x_wconf 88' lang='lat' dir='ltr'><strong>autem</strong></span> <span class='ocrx_word' id='word_1_80' title='bbox 1172 922 1529 992; x_wconf 64' lang='lat' dir='ltr'><strong>praedicamus</strong></span> <span class='ocrx_word' id='word_1_81' title='bbox 1579 920 1860 977; x_wconf 84' lang='lat' dir='ltr'><strong>Christum</strong></span> <span class='ocrx_word' id='word_1_82' title='bbox 1923 922 2106 977; x_wconf 86' lang='lat' dir='ltr'><strong>cruci-</strong></span> 
     </span>
    </p>
   </div>
   <div class='ocr_carea' id='block_1_12' title="bbox 1872 908 3428 992">
    <p class='ocr_par' dir='ltr' id='par_1_12' title="bbox 1923 908 3428 981">
     <span class='ocr_line' id='line_1_12' title="bbox 1923 908 3428 981; baseline -0.005 -15"><span class='ocrx_word' id='word_1_83' title='bbox 1923 922 2107 977; x_wconf 70' lang='grc' dir='ltr'><strong>πυρί-</strong></span> <span class='ocrx_word' id='word_1_84' title='bbox 2204 910 2259 962; x_wconf 84' lang='grc' dir='ltr'>δὲ</span> <span class='ocrx_word' id='word_1_85' title='bbox 2292 909 2636 981; x_wconf 77' lang='grc' dir='ltr'><strong>κηρύσσομεν</strong></span> <span class='ocrx_word' id='word_1_86' title='bbox 2666 908 2897 980; x_wconf 82' lang='grc' dir='ltr'>Χριστὸν</span> <span class='ocrx_word' id='word_1_87' title='bbox 2919 908 3366 979; x_wconf 82' lang='grc' dir='ltr'>ὲσταυρωμένον;</span> <span class='ocrx_word' id='word_1_88' title='bbox 3409 926 3428 959; x_wconf 79' lang='grc' dir='ltr'><strong>ι</strong></span> 
     </span>
    </p>
   </div>
   <div class='ocr_carea' id='block_1_13' title="bbox 550 1016 872 1071">
    <p class='ocr_par' dir='ltr' id='par_1_13' title="bbox 550 1016 872 1071">
     <span class='ocr_line' id='line_1_13' title="bbox 550 1016 872 1071; baseline -0.009 0"><span class='ocrx_word' id='word_1_89' title='bbox 550 1020 714 1071; x_wconf 83' lang='lat' dir='ltr'><strong>fixum</strong></span> <span class='ocrx_word' id='word_1_90' title='bbox 736 1016 820 1069; x_wconf 81' lang='lat'><strong>&quot;?</strong></span> <span class='ocrx_word' id='word_1_91' title='bbox 853 1035 872 1068; x_wconf 75' lang='grc' dir='ltr'><strong>ι</strong></span> 
     </span>
    </p>
   </div>
   <div class='ocr_carea' id='block_1_14' title="bbox 620 1085 2176 1177">
    <p class='ocr_par' dir='ltr' id='par_1_14' title="bbox 620 1104 2107 1177">
     <span class='ocr_line' id='line_1_14' title="bbox 620 1104 2107 1177; baseline -0.001 -17"><span class='ocrx_word' id='word_1_92' title='bbox 620 1107 784 1163; x_wconf 77' lang='grc' dir='ltr'>Βεει».</span> <span class='ocrx_word' id='word_1_93' title='bbox 838 1106 897 1161; x_wconf 84' lang='lat' dir='ltr'><strong>Si</strong></span> <span class='ocrx_word' id='word_1_94' title='bbox 935 1105 1253 1170; x_wconf 77' lang='lat' dir='ltr'><strong>dixerimus,</strong></span> <span class='ocrx_word' id='word_1_95' title='bbox 1293 1106 1489 1177; x_wconf 87' lang='lat' dir='ltr'><strong>inquit,</strong></span> <span class='ocrx_word' id='word_1_96' title='bbox 1517 1104 1704 1161; x_wconf 70' lang='lat' dir='ltr'><strong>Iudaeo</strong></span> <span class='ocrx_word' id='word_1_97' title='bbox 1748 1104 1981 1169; x_wconf 89' lang='lat' dir='ltr'><strong>:Crede,</strong></span> <span class='ocrx_word' id='word_1_98' title='bbox 2020 1119 2107 1159; x_wconf 86' lang='lat' dir='ltr'><strong>re-</strong></span> 
     </span>
    </p>
   </div>
   <div class='ocr_carea' id='block_1_15' title="bbox 2181 1085 3737 1177">
    <p class='ocr_par' dir='ltr' id='par_1_15' title="bbox 2286 1085 3737 1161">
     <span class='ocr_line' id='line_1_15' title="bbox 2286 1085 3737 1161; baseline -0.006 -16"><span class='ocrx_word' id='word_1_99' title='bbox 2286 1092 2474 1145; x_wconf 81' lang='grc' dir='ltr'>’Δπόκ.</span> <span class='ocrx_word' id='word_1_100' title='bbox 2520 1090 2643 1144; x_wconf 77' lang='grc' dir='ltr'><strong>Ἐὰν</strong></span> <span class='ocrx_word' id='word_1_101' title='bbox 2676 1090 2935 1161; x_wconf 77' lang='grc' dir='ltr'>εἴπωμεν,</span> <span class='ocrx_word' id='word_1_102' title='bbox 2993 1088 3174 1157; x_wconf 71' lang='grc' dir='ltr'>φησιν,</span> <span class='ocrx_word' id='word_1_103' title='bbox 3221 1085 3483 1155; x_wconf 84' lang='grc' dir='ltr'>Ἰουδαίῳ·</span> <span class='ocrx_word' id='word_1_104' title='bbox 3537 1085 3737 1138; x_wconf 75' lang='grc' dir='ltr'>Πίστευ-</span> 
     </span>
    </p>
   </div>
   <div class='ocr_carea' id='block_1_16' title="bbox 551 1177 2107 1269">
    <p class='ocr_par' dir='ltr' id='par_1_16' title="bbox 551 1193 2104 1269">
     <span class='ocr_line' id='line_1_16' title="bbox 551 1193 2104 1269; baseline -0.003 -15"><span class='ocrx_word' id='word_1_105' title='bbox 551 1198 804 1269; x_wconf 84' lang='lat' dir='ltr'><strong>spondet,</strong></span> <span class='ocrx_word' id='word_1_106' title='bbox 854 1199 1084 1255; x_wconf 80' lang='lat' dir='ltr'><strong>excitate</strong></span> <span class='ocrx_word' id='word_1_107' title='bbox 1127 1207 1391 1261; x_wconf 87' lang='lat' dir='ltr'><strong>mortuos,</strong></span> <span class='ocrx_word' id='word_1_108' title='bbox 1450 1198 1740 1254; x_wconf 87' lang='lat' dir='ltr'><strong>medemini</strong></span> <span class='ocrx_word' id='word_1_109' title='bbox 1776 1196 2001 1253; x_wconf 89' lang='lat' dir='ltr'><strong>insanis.</strong></span> <span class='ocrx_word' id='word_1_110' title='bbox 2046 1193 2104 1251; x_wconf 92' lang='lat' dir='ltr'><strong>Si</strong></span> 
     </span>
    </p>
   </div>
   <div class='ocr_carea' id='block_1_17' title="bbox 2179 1177 3735 1269">
    <p class='ocr_par' dir='ltr' id='par_1_17' title="bbox 2206 1177 3735 1253">
     <span class='ocr_line' id='line_1_17' title="bbox 2206 1177 3735 1253; baseline -0.007 -14"><span class='ocrx_word' id='word_1_111' title='bbox 2206 1202 2327 1240; x_wconf 90' lang='grc' dir='ltr'>σον·</span> <span class='ocrx_word' id='word_1_112' title='bbox 2356 1185 2524 1253; x_wconf 88' lang='grc' dir='ltr'>λέγει,</span> <span class='ocrx_word' id='word_1_113' title='bbox 2583 1184 2943 1252; x_wconf 85' lang='grc' dir='ltr'>Ἀναστήσατε</span> <span class='ocrx_word' id='word_1_114' title='bbox 3002 1180 3246 1251; x_wconf 79' lang='grc' dir='ltr'>νεκροὺς,</span> <span class='ocrx_word' id='word_1_115' title='bbox 3277 1178 3500 1231; x_wconf 80' lang='grc' dir='ltr'>ίάσασθε</span> <span class='ocrx_word' id='word_1_116' title='bbox 3531 1177 3735 1247; x_wconf 73' lang='grc' dir='ltr'>μαινῶνο</span> 
     </span>
    </p>
   </div>
   <div class='ocr_carea' id='block_1_18' title="bbox 550 1270 2106 1362">
    <p class='ocr_par' dir='ltr' id='par_1_18' title="bbox 550 1290 2106 1362">
     <span class='ocr_line' id='line_1_18' title="bbox 550 1290 2106 1362; baseline -0.002 -17"><span class='ocrx_word' id='word_1_117' title='bbox 550 1292 745 1347; x_wconf 70' lang='lat' dir='ltr'><strong>Graeco</strong></span> <span class='ocrx_word' id='word_1_118' title='bbox 776 1291 918 1348; x_wconf 86' lang='lat' dir='ltr'><strong>idem</strong></span> <span class='ocrx_word' id='word_1_119' title='bbox 948 1290 1215 1358; x_wconf 86' lang='lat' dir='ltr'><strong>dicamus,</strong></span> <span class='ocrx_word' id='word_1_120' title='bbox 1249 1293 1382 1362; x_wconf 87' lang='lat' dir='ltr'><strong>petit</strong></span> <span class='ocrx_word' id='word_1_121' title='bbox 1410 1306 1441 1344; x_wconf 87' lang='lat' dir='ltr'><strong>a</strong></span> <span class='ocrx_word' id='word_1_122' title='bbox 1465 1291 1623 1347; x_wconf 88' lang='lat' dir='ltr'><strong>nobis</strong></span> <span class='ocrx_word' id='word_1_123' title='bbox 1661 1290 1988 1345; x_wconf 87' lang='lat' dir='ltr'><strong>rhetoricum</strong></span> <span class='ocrx_word' id='word_1_124' title='bbox 2016 1303 2106 1342; x_wconf 92' lang='lat' dir='ltr'><strong>or-</strong></span> 
     </span>
    </p>
   </div>
   <div class='ocr_carea' id='block_1_19' title="bbox 2178 1270 3734 1362">
    <p class='ocr_par' dir='ltr' id='par_1_19' title="bbox 2202 1270 3734 1345">
     <span class='ocr_line' id='line_1_19' title="bbox 2202 1270 3734 1345; baseline -0.008 -12"><span class='ocrx_word' id='word_1_125' title='bbox 2202 1290 2321 1342; x_wconf 82' lang='grc' dir='ltr'>τας.</span> <span class='ocrx_word' id='word_1_126' title='bbox 2351 1277 2474 1332; x_wconf 81' lang='grc' dir='ltr'><strong>Ἐὰν</strong></span> <span class='ocrx_word' id='word_1_127' title='bbox 2506 1275 2561 1329; x_wconf 81' lang='grc' dir='ltr'>δὲ</span> <span class='ocrx_word' id='word_1_128' title='bbox 2594 1276 2833 1345; x_wconf 73' lang='grc' dir='ltr'>εἴποιμεν</span> <span class='ocrx_word' id='word_1_129' title='bbox 2862 1273 3103 1343; x_wconf 84' lang='grc' dir='ltr'><strong>Ἕλληνι,</strong></span> <span class='ocrx_word' id='word_1_130' title='bbox 3121 1271 3342 1324; x_wconf 83' lang='grc' dir='ltr'>ἀπαιτεῖ</span> <span class='ocrx_word' id='word_1_131' title='bbox 3370 1271 3502 1340; x_wconf 75' lang='grc' dir='ltr'>ἡμῖν</span> <span class='ocrx_word' id='word_1_132' title='bbox 3545 1270 3734 1339; x_wconf 73' lang='grc' dir='ltr'><strong>ῥητορι-</strong></span> 
     </span>
    </p>
   </div>
   <div class='ocr_carea' id='block_1_20' title="bbox 545 1360 2101 1453">
    <p class='ocr_par' dir='ltr' id='par_1_20' title="bbox 545 1360 2101 1453">
     <span class='ocr_line' id='line_1_20' title="bbox 545 1360 2101 1453; baseline -0.005 -12"><span class='ocrx_word' id='word_1_133' title='bbox 545 1395 735 1441; x_wconf 89' lang='lat' dir='ltr'><strong>natum</strong></span> <span class='ocrx_word' id='word_1_134' title='bbox 767 1384 823 1441; x_wconf 92' lang='lat' dir='ltr'><strong>in</strong></span> <span class='ocrx_word' id='word_1_135' title='bbox 851 1384 1053 1442; x_wconf 81' lang='lat' dir='ltr'><strong>verbis.</strong></span> <span class='ocrx_word' id='word_1_136' title='bbox 1083 1381 1194 1438; x_wconf 89' lang='lat' dir='ltr'><strong>Nos</strong></span> <span class='ocrx_word' id='word_1_137' title='bbox 1227 1360 1406 1439; x_wconf 68' lang='lat' dir='ltr'><strong>autem</strong></span> <span class='ocrx_word' id='word_1_138' title='bbox 1437 1382 1797 1453; x_wconf 68' lang='lat' dir='ltr'><strong>praedicamus</strong></span> <span class='ocrx_word' id='word_1_139' title='bbox 1825 1380 2101 1436; x_wconf 84' lang='lat' dir='ltr'><strong>Christum</strong></span> 
     </span>
    </p>
   </div>
   <div class='ocr_carea' id='block_1_21' title="bbox 2179 1360 3735 1453">
    <p class='ocr_par' dir='ltr' id='par_1_21' title="bbox 2203 1360 3735 1438">
     <span class='ocr_line' id='line_1_21' title="bbox 2203 1360 3735 1438; baseline -0.009 -14"><span class='ocrx_word' id='word_1_140' title='bbox 2203 1368 2296 1424; x_wconf 83' lang='grc' dir='ltr'><strong>κδν</strong></span> <span class='ocrx_word' id='word_1_141' title='bbox 2326 1368 2501 1437; x_wconf 84' lang='grc' dir='ltr'>λόγον.</span> <span class='ocrx_word' id='word_1_142' title='bbox 2542 1367 2728 1438; x_wconf 83' lang='grc' dir='ltr'><strong>Ἡμεῖς</strong></span> <span class='ocrx_word' id='word_1_143' title='bbox 2750 1366 2805 1419; x_wconf 84' lang='grc' dir='ltr'>δὲ</span> <span class='ocrx_word' id='word_1_144' title='bbox 2833 1363 3177 1436; x_wconf 82' lang='grc' dir='ltr'><strong>κηρύσσομεν</strong></span> <span class='ocrx_word' id='word_1_145' title='bbox 3207 1360 3441 1431; x_wconf 82' lang='grc' dir='ltr'>Χριστὸν</span> <span class='ocrx_word' id='word_1_146' title='bbox 3495 1361 3735 1429; x_wconf 78' lang='grc' dir='ltr'>ἐσταυρω-</span> 
     </span>
    </p>
   </div>
   <div class='ocr_carea' id='block_1_22' title="bbox 545 1450 2101 1547">
    <p class='ocr_par' dir='ltr' id='par_1_22' title="bbox 545 1450 2101 1547">
     <span class='ocr_line' id='line_1_22' title="bbox 545 1450 2101 1547; baseline -0.003 -15"><span class='ocrx_word' id='word_1_147' title='bbox 545 1477 892 1541; x_wconf 71' lang='lat' dir='ltr'><strong>cruciﬁxum,</strong></span> <span class='ocrx_word' id='word_1_148' title='bbox 932 1476 1024 1546; x_wconf 88' lang='lat' dir='ltr'><strong>qui</strong></span> <span class='ocrx_word' id='word_1_149' title='bbox 1059 1484 1144 1532; x_wconf 88' lang='lat' dir='ltr'><strong>est</strong></span> <span class='ocrx_word' id='word_1_150' title='bbox 1182 1450 1457 1546; x_wconf 80' lang='lat' dir='ltr'><strong>signorum</strong></span> <span class='ocrx_word' id='word_1_151' title='bbox 1492 1475 1757 1547; x_wconf 88' lang='lat' dir='ltr'><strong>potentia,</strong></span> <span class='ocrx_word' id='word_1_152' title='bbox 1798 1483 1852 1530; x_wconf 91' lang='lat' dir='ltr'><strong>et</strong></span> <span class='ocrx_word' id='word_1_153' title='bbox 1889 1474 2101 1544; x_wconf 87' lang='lat' dir='ltr'><strong>sapien-</strong></span> 
     </span>
    </p>
   </div>
   <div class='ocr_carea' id='block_1_23' title="bbox 2175 1450 3731 1547">
    <p class='ocr_par' dir='ltr' id='par_1_23' title="bbox 2207 1450 3731 1532">
     <span class='ocr_line' id='line_1_23' title="bbox 2207 1450 3731 1532; baseline -0.008 -18"><span class='ocrx_word' id='word_1_154' title='bbox 2207 1460 2385 1532; x_wconf 89' lang='grc' dir='ltr'>μένον,</span> <span class='ocrx_word' id='word_1_155' title='bbox 2419 1461 2565 1522; x_wconf 84' lang='grc' dir='ltr'>ὅστις</span> <span class='ocrx_word' id='word_1_156' title='bbox 2596 1457 2713 1512; x_wconf 77' lang='grc' dir='ltr'><strong>ἐστὶ</strong></span> <span class='ocrx_word' id='word_1_157' title='bbox 2731 1456 2825 1512; x_wconf 75' lang='grc' dir='ltr'>καὶ</span> <span class='ocrx_word' id='word_1_158' title='bbox 2845 1454 3071 1526; x_wconf 83' lang='grc' dir='ltr'>δύναμις</span> <span class='ocrx_word' id='word_1_159' title='bbox 3095 1454 3204 1507; x_wconf 87' lang='grc' dir='ltr'><strong>τῶν</strong></span> <span class='ocrx_word' id='word_1_160' title='bbox 3244 1454 3501 1524; x_wconf 85' lang='grc' dir='ltr'>σημείων,</span> <span class='ocrx_word' id='word_1_161' title='bbox 3526 1451 3614 1503; x_wconf 72' lang='grc' dir='ltr'><strong>καὶ</strong></span> <span class='ocrx_word' id='word_1_162' title='bbox 3655 1450 3731 1502; x_wconf 82' lang='grc' dir='ltr'><strong>πέ-</strong></span> 
     </span>
    </p>
   </div>
   <div class='ocr_carea' id='block_1_24' title="bbox 546 1542 2102 1639">
    <p class='ocr_par' dir='ltr' id='par_1_24' title="bbox 546 1542 2102 1639">
     <span class='ocr_line' id='line_1_24' title="bbox 546 1542 2102 1639; baseline -0.004 -16"><span class='ocrx_word' id='word_1_163' title='bbox 546 1571 634 1623; x_wconf 76' lang='lat' dir='ltr'><strong>tia:</strong></span> <span class='ocrx_word' id='word_1_164' title='bbox 658 1568 904 1639; x_wconf 84' lang='lat' dir='ltr'><strong>pelagus.</strong></span> <span class='ocrx_word' id='word_1_165' title='bbox 934 1542 1138 1623; x_wconf 48' lang='lat' dir='ltr'><strong>verum</strong></span> <span class='ocrx_word' id='word_1_166' title='bbox 1158 1542 1260 1638; x_wconf 78' lang='lat' dir='ltr'><strong>ipsi</strong></span> <span class='ocrx_word' id='word_1_167' title='bbox 1283 1542 1868 1638; x_wconf 46' lang='lat' dir='ltr'><strong>quicleni—oﬁ‘endunlur</strong></span> <span class='ocrx_word' id='word_1_168' title='bbox 1892 1542 2102 1621; x_wconf 25' lang='lat' dir='ltr'><strong>et&#39;stul-</strong></span> 
     </span>
    </p>
   </div>
   <div class='ocr_carea' id='block_1_25' title="bbox 2174 1542 3730 1639">
    <p class='ocr_par' dir='ltr' id='par_1_25' title="bbox 2202 1542 3730 1621">
     <span class='ocr_line' id='line_1_25' title="bbox 2202 1542 3730 1621; baseline -0.006 -17"><span class='ocrx_word' id='word_1_169' title='bbox 2202 1551 2366 1619; x_wconf 89' lang='grc' dir='ltr'>λαγος</span> <span class='ocrx_word' id='word_1_170' title='bbox 2393 1550 2492 1621; x_wconf 84' lang='grc' dir='ltr'>τῆς</span> <span class='ocrx_word' id='word_1_171' title='bbox 2523 1549 2735 1619; x_wconf 81' lang='grc' dir='ltr'>σοφίας.</span> <span class='ocrx_word' id='word_1_172' title='bbox 2770 1546 2906 1601; x_wconf 85' lang='grc' dir='ltr'>Ἀλλ’</span> <span class='ocrx_word' id='word_1_173' title='bbox 2937 1549 3133 1601; x_wconf 77' lang='grc' dir='ltr'>ἐκεῖνοι</span> <span class='ocrx_word' id='word_1_174' title='bbox 3174 1542 3626 1607; x_wconf 76' lang='grc' dir='ltr'><strong>σκανδαλίζονται,</strong></span> <span class='ocrx_word' id='word_1_175' title='bbox 3657 1543 3730 1595; x_wconf 77' lang='grc' dir='ltr'>καὶ</span> 
     </span>
    </p>
   </div>
   <div class='ocr_carea' id='block_1_26' title="bbox 543 1635 2099 1729">
    <p class='ocr_par' dir='ltr' id='par_1_26' title="bbox 543 1635 2099 1729">
     <span class='ocr_line' id='line_1_26' title="bbox 543 1635 2099 1729; baseline -0.004 -15"><span class='ocrx_word' id='word_1_176' title='bbox 543 1635 941 1729; x_wconf 48' lang='lat' dir='ltr'><strong>tam—reputant</strong></span> <span class='ocrx_word' id='word_1_177' title='bbox 974 1635 1432 1728; x_wconf 61' lang='lat' dir='ltr'><strong>praedicationem,</strong></span> <span class='ocrx_word' id='word_1_178' title='bbox 1463 1657 1681 1726; x_wconf 89' lang='lat' dir='ltr'><strong>quando</strong></span> <span class='ocrx_word' id='word_1_179' title='bbox 1714 1654 1881 1711; x_wconf 89' lang='lat' dir='ltr'><strong>Deum</strong></span> <span class='ocrx_word' id='word_1_180' title='bbox 1921 1654 2099 1710; x_wconf 91' lang='lat' dir='ltr'><strong>cruci-</strong></span> 
     </span>
    </p>
   </div>
   <div class='ocr_carea' id='block_1_27' title="bbox 2176 1635 3732 1729">
    <p class='ocr_par' dir='ltr' id='par_1_27' title="bbox 2207 1635 3732 1714">
     <span class='ocr_line' id='line_1_27' title="bbox 2207 1635 3732 1714; baseline -0.007 -19"><span class='ocrx_word' id='word_1_181' title='bbox 2207 1642 2386 1714; x_wconf 85' lang='grc' dir='ltr'>μωρὸν</span> <span class='ocrx_word' id='word_1_182' title='bbox 2419 1640 2673 1712; x_wconf 82' lang='grc' dir='ltr'>ἡγοῦνται</span> <span class='ocrx_word' id='word_1_183' title='bbox 2698 1639 2759 1692; x_wconf 85' lang='grc' dir='ltr'>τὸ</span> <span class='ocrx_word' id='word_1_184' title='bbox 2780 1640 3061 1710; x_wconf 76' lang='grc' dir='ltr'>κήρυγμα,</span> <span class='ocrx_word' id='word_1_185' title='bbox 3093 1636 3376 1699; x_wconf 82' lang='grc' dir='ltr'>ἀκούοντες</span> <span class='ocrx_word' id='word_1_186' title='bbox 3414 1635 3543 1688; x_wconf 72' lang='grc' dir='ltr'><strong>Θεὸν</strong></span> <span class='ocrx_word' id='word_1_187' title='bbox 3572 1636 3732 1686; x_wconf 75' lang='grc' dir='ltr'>ἐσταυ-</span> 
     </span>
    </p>
   </div>
   <div class='ocr_carea' id='block_1_28' title="bbox 545 1726 2101 1851">
    <p class='ocr_par' dir='ltr' id='par_1_28' title="bbox 545 1748 2099 1819">
     <span class='ocr_line' id='line_1_28' title="bbox 545 1748 2099 1819; baseline -0.003 -15"><span class='ocrx_word' id='word_1_188' title='bbox 545 1750 721 1807; x_wconf 81' lang='lat' dir='ltr'><strong>ﬁxum</strong></span> <span class='ocrx_word' id='word_1_189' title='bbox 746 1764 868 1805; x_wconf 89' lang='lat' dir='ltr'><strong>esse</strong></span> <span class='ocrx_word' id='word_1_190' title='bbox 894 1749 1123 1804; x_wconf 91' lang='lat' dir='ltr'><strong>audiunt</strong></span> <span class='ocrx_word' id='word_1_191' title='bbox 1153 1768 1169 1804; x_wconf 91' lang='lat'><strong>:</strong></span> <span class='ocrx_word' id='word_1_192' title='bbox 1197 1748 1340 1819; x_wconf 87' lang='lat' dir='ltr'><strong>quod</strong></span> <span class='ocrx_word' id='word_1_193' title='bbox 1367 1756 1546 1803; x_wconf 86' lang='lat' dir='ltr'><strong>tamen</strong></span> <span class='ocrx_word' id='word_1_194' title='bbox 1571 1763 1677 1802; x_wconf 93' lang='lat' dir='ltr'><strong>non</strong></span> <span class='ocrx_word' id='word_1_195' title='bbox 1716 1748 1943 1814; x_wconf 89' lang='lat' dir='ltr'><strong>mirum;</strong></span> <span class='ocrx_word' id='word_1_196' title='bbox 1974 1760 2099 1800; x_wconf 92' lang='lat' dir='ltr'><strong>nam</strong></span> 
     </span>
    </p>
   </div>
   <div class='ocr_carea' id='block_1_29' title="bbox 2175 1726 3731 1851">
    <p class='ocr_par' dir='ltr' id='par_1_29' title="bbox 2201 1726 3731 1851">
     <span class='ocr_line' id='line_1_29' title="bbox 2208 1726 3731 1806; baseline -0.008 -18"><span class='ocrx_word' id='word_1_197' title='bbox 2208 1734 2479 1806; x_wconf 86' lang='grc' dir='ltr'>ρωμένον·</span> <span class='ocrx_word' id='word_1_198' title='bbox 2520 1735 2612 1789; x_wconf 77' lang='grc' dir='ltr'>καὶ</span> <span class='ocrx_word' id='word_1_199' title='bbox 2641 1732 2701 1786; x_wconf 81' lang='grc' dir='ltr'>οὐ</span> <span class='ocrx_word' id='word_1_200' title='bbox 2757 1732 2974 1803; x_wconf 83' lang='grc' dir='ltr'>Θαῦμα,</span> <span class='ocrx_word' id='word_1_201' title='bbox 3009 1731 3104 1783; x_wconf 73' lang='grc' dir='ltr'>καὶ</span> <span class='ocrx_word' id='word_1_202' title='bbox 3160 1729 3269 1801; x_wconf 81' lang='grc' dir='ltr'>γὰρ</span> <span class='ocrx_word' id='word_1_203' title='bbox 3324 1730 3374 1782; x_wconf 86' lang='grc' dir='ltr'>οί</span> <span class='ocrx_word' id='word_1_204' title='bbox 3422 1726 3731 1790; x_wconf 68' lang='grc' dir='ltr'>ἀσθενοῦντες</span> 
     </span>
     <span class='ocr_line' id='line_1_30' title="bbox 2201 1818 3731 1851; baseline 0 0"><span class='ocrx_word' id='word_1_205' title='bbox 2201 1830 2326 1851; x_wconf 35' lang='grc' dir='ltr'><strong>--ελ</strong></span> <span class='ocrx_word' id='word_1_206' title='bbox 2358 1825 2516 1851; x_wconf 65' lang='lat' dir='ltr'><strong>a.-n_\</strong></span> <span class='ocrx_word' id='word_1_207' title='bbox 2534 1826 2663 1851; x_wconf 54' lang='grc' dir='ltr'>..-δα</span> <span class='ocrx_word' id='word_1_208' title='bbox 2727 1824 2785 1851; x_wconf 68' lang='grc'>-.⁸.</span> <span class='ocrx_word' id='word_1_209' title='bbox 2812 1823 3056 1851; x_wconf 64' lang='lat' dir='ltr'><strong>:.t..-..-...</strong></span> <span class='ocrx_word' id='word_1_210' title='bbox 3086 1821 3301 1851; x_wconf 62' lang='lat' dir='ltr'><strong>om-..“</strong></span> <span class='ocrx_word' id='word_1_211' title='bbox 3319 1819 3574 1851; x_wconf 65' lang='grc' dir='ltr'>,λιιεὶιηυ</span> <span class='ocrx_word' id='word_1_212' title='bbox 3597 1818 3731 1851; x_wconf 64' lang='grc' dir='ltr'><strong>ναι-9η-</strong></span> 
     </span>
    </p>
   </div>
   <div class='ocr_carea' id='block_1_30' title="bbox 542 1818 2098 1912">
    <p class='ocr_par' dir='ltr' id='par_1_30' title="bbox 542 1818 2098 1912">
     <span class='ocr_line' id='line_1_31' title="bbox 542 1818 2098 1912; baseline 0 -18"><span class='ocrx_word' id='word_1_213' title='bbox 542 1840 637 1912; x_wconf 87' lang='lat' dir='ltr'><strong>qui</strong></span> <span class='ocrx_word' id='word_1_214' title='bbox 676 1839 909 1897; x_wconf 86' lang='lat' dir='ltr'><strong>inﬁrmis</strong></span> <span class='ocrx_word' id='word_1_215' title='bbox 938 1848 1065 1897; x_wconf 80' lang='lat' dir='ltr'><strong>sunt</strong></span> <span class='ocrx_word' id='word_1_216' title='bbox 1095 1818 1289 1904; x_wconf 87' lang='lat' dir='ltr'><strong>oculis,</strong></span> <span class='ocrx_word' id='word_1_217' title='bbox 1341 1855 1449 1894; x_wconf 92' lang='lat' dir='ltr'><strong>non</strong></span> <span class='ocrx_word' id='word_1_218' title='bbox 1495 1849 1725 1910; x_wconf 90' lang='lat' dir='ltr'><strong>possunt</strong></span> <span class='ocrx_word' id='word_1_219' title='bbox 1755 1854 1888 1909; x_wconf 90' lang='lat' dir='ltr'><strong>pure</strong></span> <span class='ocrx_word' id='word_1_220' title='bbox 1918 1837 2098 1894; x_wconf 86' lang='lat' dir='ltr'><strong>videre</strong></span> 
     </span>
    </p>
   </div>
   <div class='ocr_carea' id='block_1_31' title="bbox 2175 1818 3731 1912">
    <p class='ocr_par' dir='ltr' id='par_1_31' title="bbox 2199 1818 3731 1897">
     <span class='ocr_line' id='line_1_32' title="bbox 2199 1818 3731 1897; baseline -0.007 -17"><span class='ocrx_word' id='word_1_221' title='bbox 2199 1830 2326 1890; x_wconf 80' lang='grc' dir='ltr'>τοὺς</span> <span class='ocrx_word' id='word_1_222' title='bbox 2356 1825 2692 1897; x_wconf 73' lang='grc' dir='ltr'>ὀφθαλμοὺς,</span> <span class='ocrx_word' id='word_1_223' title='bbox 2725 1824 2786 1877; x_wconf 82' lang='grc' dir='ltr'>οὐ</span> <span class='ocrx_word' id='word_1_224' title='bbox 2811 1823 3060 1876; x_wconf 79' lang='grc' dir='ltr'>δύνανται</span> <span class='ocrx_word' id='word_1_225' title='bbox 3085 1821 3301 1891; x_wconf 78' lang='grc' dir='ltr'><strong>βλέπειν</strong></span> <span class='ocrx_word' id='word_1_226' title='bbox 3319 1819 3411 1872; x_wconf 81' lang='grc' dir='ltr'>τὸν</span> <span class='ocrx_word' id='word_1_227' title='bbox 3428 1819 3574 1888; x_wconf 68' lang='grc' dir='ltr'>ἥλιον</span> <span class='ocrx_word' id='word_1_228' title='bbox 3597 1818 3731 1870; x_wconf 72' lang='grc' dir='ltr'>καθα-</span> 
     </span>
    </p>
   </div>
   <div class='ocr_carea' id='block_1_32' title="bbox 543 1906 2099 1993">
    <p class='ocr_par' dir='ltr' id='par_1_32' title="bbox 543 1906 2098 1993">
     <span class='ocr_line' id='line_1_33' title="bbox 543 1906 2098 1993; baseline -0.003 -5"><span class='ocrx_word' id='word_1_229' title='bbox 543 1906 735 1988; x_wconf 65' lang='grc' dir='ltr'>έοίοαι.</span> <span class='ocrx_word' id='word_1_230' title='bbox 766 1931 848 1989; x_wconf 81' lang='lat' dir='ltr'><strong>Ad</strong></span> <span class='ocrx_word' id='word_1_231' title='bbox 875 1930 1126 1987; x_wconf 88' lang='lat' dir='ltr'><strong>eumdem</strong></span> <span class='ocrx_word' id='word_1_232' title='bbox 1149 1931 1368 1987; x_wconf 90' lang='lat' dir='ltr'><strong>modum</strong></span> <span class='ocrx_word' id='word_1_233' title='bbox 1397 1906 1561 1986; x_wconf 76' lang='lat' dir='ltr'><strong>etiam</strong></span> <span class='ocrx_word' id='word_1_234' title='bbox 1592 1931 1705 1986; x_wconf 84' lang='lat' dir='ltr'><strong>isti.</strong></span> <span class='ocrx_word' id='word_1_235' title='bbox 1731 1906 1865 1985; x_wconf 82' lang='lat' dir='ltr'><strong>Illud</strong></span> <span class='ocrx_word' id='word_1_236' title='bbox 1896 1939 2098 1993; x_wconf 93' lang='lat' dir='ltr'><strong>autem,</strong></span> 
     </span>
    </p>
   </div>
   <div class='ocr_carea' id='block_1_33' title="bbox 2173 1906 3729 1993">
    <p class='ocr_par' dir='ltr' id='par_1_33' title="bbox 2202 1906 3729 1990">
     <span class='ocr_line' id='line_1_34' title="bbox 2202 1906 3729 1990; baseline -0.009 -18"><span class='ocrx_word' id='word_1_237' title='bbox 2202 1916 2343 1990; x_wconf 83' lang='grc' dir='ltr'>ρῶς·</span> <span class='ocrx_word' id='word_1_238' title='bbox 2388 1916 2528 1970; x_wconf 75' lang='grc' dir='ltr'>οὕτω</span> <span class='ocrx_word' id='word_1_239' title='bbox 2580 1916 2672 1970; x_wconf 74' lang='grc' dir='ltr'>καὶ</span> <span class='ocrx_word' id='word_1_240' title='bbox 2718 1914 2891 1969; x_wconf 84' lang='grc' dir='ltr'>αὐτοί.</span> <span class='ocrx_word' id='word_1_241' title='bbox 2922 1913 2995 1966; x_wconf 82' lang='grc' dir='ltr'>Τὸ</span> <span class='ocrx_word' id='word_1_242' title='bbox 3036 1913 3114 1975; x_wconf 79' lang='grc' dir='ltr'>δὲ,</span> <span class='ocrx_word' id='word_1_243' title='bbox 3158 1913 3237 1965; x_wconf 85' lang='grc' dir='ltr'>ὅτι</span> <span class='ocrx_word' id='word_1_244' title='bbox 3273 1931 3292 1963; x_wconf 79' lang='grc' dir='ltr'><strong>ι</strong></span> <span class='ocrx_word' id='word_1_245' title='bbox 3339 1911 3414 1964; x_wconf 84' lang='grc' dir='ltr'>Τὸ</span> <span class='ocrx_word' id='word_1_246' title='bbox 3442 1910 3617 1981; x_wconf 82' lang='grc' dir='ltr'>μωρὸν</span> <span class='ocrx_word' id='word_1_247' title='bbox 3657 1906 3729 1959; x_wconf 78' lang='grc' dir='ltr'><strong>τοῦ</strong></span> 
     </span>
    </p>
   </div>
   <div class='ocr_carea' id='block_1_34' title="bbox 548 1996 2104 2094">
    <p class='ocr_par' dir='ltr' id='par_1_34' title="bbox 548 2022 2103 2094">
     <span class='ocr_line' id='line_1_35' title="bbox 548 2022 2103 2094; baseline 0.001 -19"><span class='ocrx_word' id='word_1_248' title='bbox 548 2041 568 2075; x_wconf 76' lang='grc' dir='ltr'><strong>ι</strong></span> <span class='ocrx_word' id='word_1_249' title='bbox 600 2022 763 2091; x_wconf 85' lang='lat' dir='ltr'><strong>Quod</strong></span> <span class='ocrx_word' id='word_1_250' title='bbox 800 2024 1027 2080; x_wconf 89' lang='lat' dir='ltr'><strong>stultum</strong></span> <span class='ocrx_word' id='word_1_251' title='bbox 1079 2030 1164 2080; x_wconf 89' lang='lat' dir='ltr'><strong>est</strong></span> <span class='ocrx_word' id='word_1_252' title='bbox 1216 2024 1332 2085; x_wconf 89' lang='lat' dir='ltr'><strong>Dei,</strong></span> <span class='ocrx_word' id='word_1_253' title='bbox 1392 2023 1693 2094; x_wconf 84' lang='lat' dir='ltr'><strong>sapientius</strong></span> <span class='ocrx_word' id='word_1_254' title='bbox 1730 2032 1813 2078; x_wconf 90' lang='lat' dir='ltr'><strong>est</strong></span> <span class='ocrx_word' id='word_1_255' title='bbox 1864 2022 2103 2079; x_wconf 86' lang='lat' dir='ltr'><strong>homini-</strong></span> 
     </span>
    </p>
   </div>
   <div class='ocr_carea' id='block_1_35' title="bbox 2174 1996 3730 2094">
    <p class='ocr_par' dir='ltr' id='par_1_35' title="bbox 2200 1996 3730 2076">
     <span class='ocr_line' id='line_1_36' title="bbox 2200 1996 3730 2076; baseline -0.007 -16"><span class='ocrx_word' id='word_1_256' title='bbox 2200 2004 2335 2060; x_wconf 81' lang='grc' dir='ltr'><strong>Θεοῦ</strong></span> <span class='ocrx_word' id='word_1_257' title='bbox 2384 2005 2688 2076; x_wconf 76' lang='grc' dir='ltr'>σοφώτερον</span> <span class='ocrx_word' id='word_1_258' title='bbox 2738 2004 2846 2057; x_wconf 83' lang='grc' dir='ltr'>τῶν</span> <span class='ocrx_word' id='word_1_259' title='bbox 2903 1996 3202 2074; x_wconf 69' lang='grc' dir='ltr'><strong>ἀνθρώπων</strong></span> <span class='ocrx_word' id='word_1_260' title='bbox 3260 2001 3400 2062; x_wconf 70' lang='grc' dir='ltr'>ἐστὶ,</span> <span class='ocrx_word' id='word_1_261' title='bbox 3426 2020 3444 2051; x_wconf 80' lang='grc' dir='ltr'><strong>ι</strong></span> <span class='ocrx_word' id='word_1_262' title='bbox 3480 1999 3619 2067; x_wconf 80' lang='grc' dir='ltr'><strong>λέγει</strong></span> <span class='ocrx_word' id='word_1_263' title='bbox 3660 1999 3730 2051; x_wconf 72' lang='grc' dir='ltr'><strong>τὸν</strong></span> 
     </span>
    </p>
   </div>
   <div class='ocr_carea' id='block_1_36' title="bbox 540 2090 2096 2184">
    <p class='ocr_par' dir='ltr' id='par_1_36' title="bbox 540 2090 2096 2184">
     <span class='ocr_line' id='line_1_37' title="bbox 540 2090 2096 2184; baseline -0.004 -13"><span class='ocrx_word' id='word_1_264' title='bbox 540 2090 707 2172; x_wconf 85' lang='lat' dir='ltr'><strong>nibus</strong></span> <span class='ocrx_word' id='word_1_265' title='bbox 729 2115 801 2179; x_wconf 78' lang='lat'><strong>“,</strong></span> <span class='ocrx_word' id='word_1_266' title='bbox 827 2134 847 2169; x_wconf 74' lang='grc' dir='ltr'><strong>ι</strong></span> <span class='ocrx_word' id='word_1_267' title='bbox 881 2114 948 2170; x_wconf 92' lang='lat' dir='ltr'><strong>de</strong></span> <span class='ocrx_word' id='word_1_268' title='bbox 968 2129 1132 2170; x_wconf 87' lang='lat' dir='ltr'><strong>cruce</strong></span> <span class='ocrx_word' id='word_1_269' title='bbox 1152 2115 1413 2184; x_wconf 88' lang='lat' dir='ltr'><strong>loquitur.</strong></span> <span class='ocrx_word' id='word_1_270' title='bbox 1442 2090 1573 2167; x_wconf 56' lang='lat' dir='ltr'><strong>Nam</strong></span> <span class='ocrx_word' id='word_1_271' title='bbox 1605 2115 1878 2183; x_wconf 86' lang='lat' dir='ltr'><strong>sapientes</strong></span> <span class='ocrx_word' id='word_1_272' title='bbox 1907 2119 1961 2168; x_wconf 91' lang='lat' dir='ltr'><strong>et</strong></span> <span class='ocrx_word' id='word_1_273' title='bbox 1981 2112 2096 2182; x_wconf 86' lang='lat' dir='ltr'><strong>phi-</strong></span> 
     </span>
    </p>
   </div>
   <div class='ocr_carea' id='block_1_37' title="bbox 2174 2090 3730 2184">
    <p class='ocr_par' dir='ltr' id='par_1_37' title="bbox 2200 2090 3730 2171">
     <span class='ocr_line' id='line_1_38' title="bbox 2200 2090 3730 2171; baseline -0.007 -18"><span class='ocrx_word' id='word_1_274' title='bbox 2200 2099 2452 2171; x_wconf 81' lang='grc' dir='ltr'>σταυρόν.</span> <span class='ocrx_word' id='word_1_275' title='bbox 2486 2097 2588 2151; x_wconf 68' lang='grc' dir='ltr'><strong>Καὶ</strong></span> <span class='ocrx_word' id='word_1_276' title='bbox 2615 2098 2723 2169; x_wconf 65' lang='grc' dir='ltr'><strong>γὰρ</strong></span> <span class='ocrx_word' id='word_1_277' title='bbox 2748 2098 2796 2150; x_wconf 88' lang='grc' dir='ltr'>οἱ</span> <span class='ocrx_word' id='word_1_278' title='bbox 2830 2098 2981 2166; x_wconf 64' lang='grc' dir='ltr'>σοφοὶ</span> <span class='ocrx_word' id='word_1_279' title='bbox 3010 2096 3103 2150; x_wconf 80' lang='grc' dir='ltr'>καὶ</span> <span class='ocrx_word' id='word_1_280' title='bbox 3154 2094 3428 2164; x_wconf 72' lang='grc' dir='ltr'>φιλόσοφοι</span> <span class='ocrx_word' id='word_1_281' title='bbox 3466 2092 3561 2145; x_wconf 74' lang='grc' dir='ltr'><strong>καὶ</strong></span> <span class='ocrx_word' id='word_1_282' title='bbox 3589 2093 3633 2143; x_wconf 82' lang='grc' dir='ltr'><strong>οξ</strong></span> <span class='ocrx_word' id='word_1_283' title='bbox 3660 2090 3730 2143; x_wconf 77' lang='grc' dir='ltr'><strong>δυ·</strong></span> 
     </span>
    </p>
   </div>
   <div class='ocr_carea' id='block_1_38' title="bbox 542 2183 2098 2279">
    <p class='ocr_par' dir='ltr' id='par_1_38' title="bbox 542 2183 2098 2279">
     <span class='ocr_line' id='line_1_39' title="bbox 542 2183 2098 2279; baseline -0.004 -17"><span class='ocrx_word' id='word_1_284' title='bbox 542 2207 763 2279; x_wconf 78' lang='lat' dir='ltr'><strong>Iosophi‘</strong></span> <span class='ocrx_word' id='word_1_285' title='bbox 791 2208 953 2263; x_wconf 89' lang='lat' dir='ltr'><strong>etiam</strong></span> <span class='ocrx_word' id='word_1_286' title='bbox 981 2183 1408 2277; x_wconf 71' lang='lat' dir='ltr'><strong>praestantiores,</strong></span> <span class='ocrx_word' id='word_1_287' title='bbox 1437 2205 1671 2260; x_wconf 86' lang='lat' dir='ltr'><strong>inaniter</strong></span> <span class='ocrx_word' id='word_1_288' title='bbox 1701 2205 2017 2259; x_wconf 77' lang='lat' dir='ltr'><strong>laborarunt</strong></span> <span class='ocrx_word' id='word_1_289' title='bbox 2046 2209 2098 2257; x_wconf 89' lang='lat' dir='ltr'><strong>et</strong></span> 
     </span>
    </p>
   </div>
   <div class='ocr_carea' id='block_1_39' title="bbox 2174 2183 3730 2279">
    <p class='ocr_par' dir='ltr' id='par_1_39' title="bbox 2199 2183 3730 2259">
     <span class='ocr_line' id='line_1_40' title="bbox 2199 2183 3730 2259; baseline -0.007 -15"><span class='ocrx_word' id='word_1_290' title='bbox 2199 2189 2348 2245; x_wconf 75' lang='grc' dir='ltr'>νατοὶ</span> <span class='ocrx_word' id='word_1_291' title='bbox 2382 2191 2461 2253; x_wconf 86' lang='grc' dir='ltr'>εἰς</span> <span class='ocrx_word' id='word_1_292' title='bbox 2516 2189 2716 2259; x_wconf 85' lang='grc' dir='ltr'>μάταια</span> <span class='ocrx_word' id='word_1_293' title='bbox 2755 2187 3152 2259; x_wconf 80' lang='grc' dir='ltr'><strong>ἠσχολήοησαν,</strong></span> <span class='ocrx_word' id='word_1_294' title='bbox 3206 2185 3301 2239; x_wconf 75' lang='grc' dir='ltr'>καὶ</span> <span class='ocrx_word' id='word_1_295' title='bbox 3352 2183 3730 2253; x_wconf 62' lang='grc' dir='ltr'>ἐφιλοκόνησαν,</span> 
     </span>
    </p>
   </div>
   <div class='ocr_carea' id='block_1_40' title="bbox 538 2272 2094 2369">
    <p class='ocr_par' dir='ltr' id='par_1_40' title="bbox 538 2272 2094 2369">
     <span class='ocr_line' id='line_1_41' title="bbox 538 2272 2094 2369; baseline -0.002 -16"><span class='ocrx_word' id='word_1_296' title='bbox 538 2272 786 2368; x_wconf 69' lang='lat' dir='ltr'><strong>occupati</strong></span> <span class='ocrx_word' id='word_1_297' title='bbox 810 2272 1053 2365; x_wconf 79' lang='lat' dir='ltr'><strong>fuerunt,</strong></span> <span class='ocrx_word' id='word_1_298' title='bbox 1084 2314 1186 2354; x_wconf 87' lang='lat' dir='ltr'><strong>nec</strong></span> <span class='ocrx_word' id='word_1_299' title='bbox 1214 2298 1510 2369; x_wconf 86' lang='lat' dir='ltr'><strong>quidquam</strong></span> <span class='ocrx_word' id='word_1_300' title='bbox 1531 2297 1659 2353; x_wconf 89' lang='lat' dir='ltr'><strong>boni</strong></span> <span class='ocrx_word' id='word_1_301' title='bbox 1693 2302 2094 2367; x_wconf 86' lang='lat' dir='ltr'><strong>perpetrarunt.</strong></span> 
     </span>
    </p>
   </div>
   <div class='ocr_carea' id='block_1_41' title="bbox 2179 2272 3735 2369">
    <p class='ocr_par' dir='ltr' id='par_1_41' title="bbox 2198 2272 3735 2351">
     <span class='ocr_line' id='line_1_42' title="bbox 2198 2272 3735 2351; baseline -0.007 -16"><span class='ocrx_word' id='word_1_302' title='bbox 2198 2281 2291 2336; x_wconf 74' lang='grc' dir='ltr'>καὶ</span> <span class='ocrx_word' id='word_1_303' title='bbox 2337 2281 2488 2334; x_wconf 80' lang='grc' dir='ltr'>οὐδὲν</span> <span class='ocrx_word' id='word_1_304' title='bbox 2545 2279 2745 2348; x_wconf 84' lang='grc' dir='ltr'>ἀγαθὸν</span> <span class='ocrx_word' id='word_1_305' title='bbox 2795 2277 3177 2351; x_wconf 79' lang='grc' dir='ltr'>κατώρθωσαν.</span> <span class='ocrx_word' id='word_1_306' title='bbox 3226 2278 3286 2329; x_wconf 89' lang='lat'><strong>&#39;0</strong></span> <span class='ocrx_word' id='word_1_307' title='bbox 3336 2275 3392 2328; x_wconf 88' lang='grc' dir='ltr'>δὲ</span> <span class='ocrx_word' id='word_1_308' title='bbox 3426 2272 3735 2346; x_wconf 70' lang='grc' dir='ltr'>σταυρὸς,ὃν</span> 
     </span>
    </p>
   </div>
   <div class='ocr_carea' id='block_1_42' title="bbox 537 2364 2093 2461">
    <p class='ocr_par' dir='ltr' id='par_1_42' title="bbox 537 2364 2093 2461">
     <span class='ocr_line' id='line_1_43' title="bbox 537 2364 2093 2461; baseline -0.003 -17"><span class='ocrx_word' id='word_1_309' title='bbox 537 2364 696 2445; x_wconf 45' lang='lat' dir='ltr'><strong>C’rux—</strong></span> <span class='ocrx_word' id='word_1_310' title='bbox 712 2405 840 2446; x_wconf 90' lang='lat' dir='ltr'><strong>vero</strong></span> <span class='ocrx_word' id='word_1_311' title='bbox 862 2405 1022 2461; x_wconf 84' lang='lat' dir='ltr'><strong>quam</strong></span> <span class='ocrx_word' id='word_1_312' title='bbox 1042 2364 1129 2445; x_wconf 87' lang='lat' dir='ltr'><strong>illi</strong></span> <span class='ocrx_word' id='word_1_313' title='bbox 1147 2364 1428 2449; x_wconf 72' lang='lat' dir='ltr'><strong>stultitiam</strong></span> <span class='ocrx_word' id='word_1_314' title='bbox 1458 2364 1808 2459; x_wconf 69' lang='lat' dir='ltr'><strong>reputabant,</strong></span> <span class='ocrx_word' id='word_1_315' title='bbox 1834 2387 2093 2442; x_wconf 87' lang='lat' dir='ltr'><strong>mundum</strong></span> 
     </span>
    </p>
   </div>
   <div class='ocr_carea' id='block_1_43' title="bbox 2178 2364 3734 2461">
    <p class='ocr_par' dir='ltr' id='par_1_43' title="bbox 2198 2364 3734 2444">
     <span class='ocr_line' id='line_1_44' title="bbox 2198 2364 3734 2444; baseline -0.007 -17"><span class='ocrx_word' id='word_1_316' title='bbox 2198 2371 2442 2444; x_wconf 79' lang='grc' dir='ltr'>ἐνόμιζον</span> <span class='ocrx_word' id='word_1_317' title='bbox 2466 2373 2660 2425; x_wconf 79' lang='grc' dir='ltr'>ἐκεῖνοι</span> <span class='ocrx_word' id='word_1_318' title='bbox 2687 2369 2917 2442; x_wconf 82' lang='grc' dir='ltr'>μωρίαν,</span> <span class='ocrx_word' id='word_1_319' title='bbox 2951 2368 3041 2422; x_wconf 81' lang='grc' dir='ltr'><strong>τὸν</strong></span> <span class='ocrx_word' id='word_1_320' title='bbox 3066 2369 3264 2438; x_wconf 86' lang='grc' dir='ltr'>κόσμον</span> <span class='ocrx_word' id='word_1_321' title='bbox 3300 2366 3471 2419; x_wconf 77' lang='grc' dir='ltr'>ἔσωσε</span> <span class='ocrx_word' id='word_1_322' title='bbox 3494 2384 3508 2397; x_wconf 78' lang='grc' dir='ltr'>ο</span> <span class='ocrx_word' id='word_1_323' title='bbox 3539 2366 3625 2419; x_wconf 76' lang='grc' dir='ltr'><strong>καὶ</strong></span> <span class='ocrx_word' id='word_1_324' title='bbox 3665 2364 3734 2416; x_wconf 71' lang='grc' dir='ltr'><strong>διὰ</strong></span> 
     </span>
    </p>
   </div>
   <div class='ocr_carea' id='block_1_44' title="bbox 538 2456 2094 2553">
    <p class='ocr_par' dir='ltr' id='par_1_44' title="bbox 538 2456 2094 2553">
     <span class='ocr_line' id='line_1_45' title="bbox 538 2456 2094 2553; baseline -0.003 -17"><span class='ocrx_word' id='word_1_325' title='bbox 538 2483 748 2536; x_wconf 74' lang='lat' dir='ltr'><strong>salvum</strong></span> <span class='ocrx_word' id='word_1_326' title='bbox 785 2456 912 2537; x_wconf 61' lang='lat' dir='ltr'><strong>fecit</strong></span> <span class='ocrx_word' id='word_1_327' title='bbox 942 2500 955 2535; x_wconf 92' lang='lat'><strong>:</strong></span> <span class='ocrx_word' id='word_1_328' title='bbox 979 2489 1033 2536; x_wconf 90' lang='lat' dir='ltr'><strong>et</strong></span> <span class='ocrx_word' id='word_1_329' title='bbox 1057 2490 1339 2552; x_wconf 81' lang='lat' dir='ltr'><strong>propterea</strong></span> <span class='ocrx_word' id='word_1_330' title='bbox 1363 2456 1620 2540; x_wconf 79' lang='lat' dir='ltr'><strong>omnibus</strong></span> <span class='ocrx_word' id='word_1_331' title='bbox 1649 2479 1946 2553; x_wconf 86' lang='lat' dir='ltr'><strong>sapientior</strong></span> <span class='ocrx_word' id='word_1_332' title='bbox 1979 2486 2094 2546; x_wconf 88' lang='lat' dir='ltr'><strong>est,</strong></span> 
     </span>
    </p>
   </div>
   <div class='ocr_carea' id='block_1_45' title="bbox 2179 2456 3735 2553">
    <p class='ocr_par' dir='ltr' id='par_1_45' title="bbox 2197 2456 3735 2534">
     <span class='ocr_line' id='line_1_46' title="bbox 2197 2456 3735 2534; baseline -0.006 -17"><span class='ocrx_word' id='word_1_333' title='bbox 2197 2463 2353 2517; x_wconf 81' lang='grc' dir='ltr'>τοῦτο</span> <span class='ocrx_word' id='word_1_334' title='bbox 2380 2461 2683 2534; x_wconf 78' lang='grc' dir='ltr'>σοφώτερον</span> <span class='ocrx_word' id='word_1_335' title='bbox 2705 2461 2920 2515; x_wconf 82' lang='grc' dir='ltr'>πάντων</span> <span class='ocrx_word' id='word_1_336' title='bbox 2940 2460 3104 2525; x_wconf 74' lang='grc' dir='ltr'>ἐστὶν,</span> <span class='ocrx_word' id='word_1_337' title='bbox 3132 2460 3212 2513; x_wconf 82' lang='grc' dir='ltr'>ὅτι</span> <span class='ocrx_word' id='word_1_338' title='bbox 3244 2458 3455 2530; x_wconf 82' lang='grc' dir='ltr'>μεγάλα</span> <span class='ocrx_word' id='word_1_339' title='bbox 3478 2456 3735 2529; x_wconf 69' lang='grc' dir='ltr'>εἰργάσατο</span> 
     </span>
    </p>
   </div>
   <div class='ocr_carea' id='block_1_46' title="bbox 536 2555 2396 2642">
    <p class='ocr_par' dir='ltr' id='par_1_46' title="bbox 536 2555 2396 2642">
     <span class='ocr_line' id='line_1_47' title="bbox 536 2555 2396 2642; baseline -0.009 -14"><span class='ocrx_word' id='word_1_340' title='bbox 536 2588 605 2628; x_wconf 89' lang='lat' dir='ltr'><strong>eo</strong></span> <span class='ocrx_word' id='word_1_341' title='bbox 638 2572 784 2642; x_wconf 90' lang='lat' dir='ltr'><strong>quod</strong></span> <span class='ocrx_word' id='word_1_342' title='bbox 812 2578 963 2626; x_wconf 87' lang='lat' dir='ltr'><strong>tanta</strong></span> <span class='ocrx_word' id='word_1_343' title='bbox 991 2572 1134 2627; x_wconf 87' lang='lat' dir='ltr'><strong>bona</strong></span> <span class='ocrx_word' id='word_1_344' title='bbox 1162 2579 1385 2641; x_wconf 83' lang='lat' dir='ltr'><strong>Operata</strong></span> <span class='ocrx_word' id='word_1_345' title='bbox 1415 2571 1506 2627; x_wconf 91' lang='lat' dir='ltr'><strong>sit.</strong></span> <span class='ocrx_word' id='word_1_346' title='bbox 2195 2555 2396 2624; x_wconf 73' lang='grc' dir='ltr'>ἀγαθά.</span> 
     </span>
    </p>
   </div>
   <div class='ocr_carea' id='block_1_47' title="bbox 607 2639 2163 2732">
    <p class='ocr_par' dir='ltr' id='par_1_47' title="bbox 607 2639 2099 2732">
     <span class='ocr_line' id='line_1_48' title="bbox 607 2639 2099 2732; baseline -0.001 -15"><span class='ocrx_word' id='word_1_347' title='bbox 607 2639 1000 2732; x_wconf 59' lang='lat' dir='ltr'><strong>274mm“.</strong></span> <span class='ocrx_word' id='word_1_348' title='bbox 1033 2639 1216 2715; x_wconf 74' lang='lat' dir='ltr'><strong>XCVI.</strong></span> <span class='ocrx_word' id='word_1_349' title='bbox 1253 2660 1532 2726; x_wconf 92' lang='lat' dir='ltr'><strong>Quomodo</strong></span> <span class='ocrx_word' id='word_1_350' title='bbox 1555 2676 1683 2716; x_wconf 90' lang='lat' dir='ltr'><strong>vero</strong></span> <span class='ocrx_word' id='word_1_351' title='bbox 1711 2659 1875 2714; x_wconf 87' lang='lat' dir='ltr'><strong>dicit:</strong></span> <span class='ocrx_word' id='word_1_352' title='bbox 1902 2678 1921 2710; x_wconf 81' lang='grc' dir='ltr'><strong>ι</strong></span> <span class='ocrx_word' id='word_1_353' title='bbox 1942 2658 2099 2729; x_wconf 88' lang='lat' dir='ltr'><strong>Quod</strong></span> 
     </span>
    </p>
   </div>
   <div class='ocr_carea' id='block_1_48' title="bbox 2184 2639 3740 2732">
    <p class='ocr_par' dir='ltr' id='par_1_48' title="bbox 2277 2639 3740 2718">
     <span class='ocr_line' id='line_1_49' title="bbox 2277 2639 3740 2718; baseline -0.007 -18"><span class='ocrx_word' id='word_1_354' title='bbox 2277 2646 2471 2718; x_wconf 82' lang='grc' dir='ltr'>Ἐρώτ.</span> <span class='ocrx_word' id='word_1_355' title='bbox 2513 2650 2627 2712; x_wconf 45' lang='grc' dir='ltr'>ἦς’.</span> <span class='ocrx_word' id='word_1_356' title='bbox 2657 2645 2791 2708; x_wconf 71' lang='grc' dir='ltr'><strong>Καὶ,</strong></span> <span class='ocrx_word' id='word_1_357' title='bbox 2833 2644 2937 2697; x_wconf 78' lang='grc' dir='ltr'><strong>«Τὸ</strong></span> <span class='ocrx_word' id='word_1_358' title='bbox 2969 2642 3189 2707; x_wconf 76' lang='grc' dir='ltr'><strong>ἀσθενὲς</strong></span> <span class='ocrx_word' id='word_1_359' title='bbox 3217 2642 3309 2695; x_wconf 77' lang='grc' dir='ltr'>τοῦ</span> <span class='ocrx_word' id='word_1_360' title='bbox 3325 2640 3459 2694; x_wconf 74' lang='grc' dir='ltr'>Θεοῦ</span> <span class='ocrx_word' id='word_1_361' title='bbox 3494 2639 3740 2710; x_wconf 74' lang='grc' dir='ltr'>ἰσχυρότε-</span> 
     </span>
    </p>
   </div>
   <div class='ocr_carea' id='block_1_49' title="bbox 537 2735 2093 2814">
    <p class='ocr_par' dir='ltr' id='par_1_49' title="bbox 537 2748 1911 2814">
     <span class='ocr_line' id='line_1_50' title="bbox 537 2748 1911 2814; baseline -0.001 -11"><span class='ocrx_word' id='word_1_362' title='bbox 537 2748 816 2804; x_wconf 83' lang='lat' dir='ltr'><strong>inﬁrmum</strong></span> <span class='ocrx_word' id='word_1_363' title='bbox 853 2756 937 2805; x_wconf 88' lang='lat' dir='ltr'><strong>est</strong></span> <span class='ocrx_word' id='word_1_364' title='bbox 967 2749 1084 2814; x_wconf 89' lang='lat' dir='ltr'><strong>Dei,</strong></span> <span class='ocrx_word' id='word_1_365' title='bbox 1119 2749 1315 2805; x_wconf 77' lang='lat' dir='ltr'><strong>fortius</strong></span> <span class='ocrx_word' id='word_1_366' title='bbox 1340 2758 1422 2805; x_wconf 90' lang='lat' dir='ltr'><strong>est</strong></span> <span class='ocrx_word' id='word_1_367' title='bbox 1451 2750 1761 2805; x_wconf 86' lang='lat' dir='ltr'><strong>hominibus</strong></span> <span class='ocrx_word' id='word_1_368' title='bbox 1783 2750 1869 2804; x_wconf 81' lang='lat'><strong>&quot;?</strong></span> <span class='ocrx_word' id='word_1_369' title='bbox 1893 2770 1911 2801; x_wconf 79' lang='grc' dir='ltr'><strong>ι</strong></span> 
     </span>
    </p>
   </div>
   <div class='ocr_carea' id='block_1_50' title="bbox 1784 2735 3340 2814">
    <p class='ocr_par' dir='ltr' id='par_1_50' title="bbox 1784 2735 3340 2813">
     <span class='ocr_line' id='line_1_51' title="bbox 1784 2735 3340 2813; baseline -0.004 -20"><span class='ocrx_word' id='word_1_370' title='bbox 1784 2750 1869 2804; x_wconf 70' lang='lat' dir='ltr'><strong>ﬂ?</strong></span> <span class='ocrx_word' id='word_1_371' title='bbox 1893 2770 1911 2801; x_wconf 76' lang='grc' dir='ltr'><strong><em>ι</em></strong></span> <span class='ocrx_word' id='word_1_372' title='bbox 2198 2758 2289 2813; x_wconf 89' lang='grc' dir='ltr'>ρον</span> <span class='ocrx_word' id='word_1_373' title='bbox 2312 2738 2421 2794; x_wconf 83' lang='grc' dir='ltr'>τῶν</span> <span class='ocrx_word' id='word_1_374' title='bbox 2456 2737 2754 2810; x_wconf 83' lang='grc' dir='ltr'><strong>ἀνθρώπων</strong></span> <span class='ocrx_word' id='word_1_375' title='bbox 2780 2738 2980 2802; x_wconf 76' lang='grc' dir='ltr'>ὲστὶν,ι</span> <span class='ocrx_word' id='word_1_376' title='bbox 3012 2736 3154 2789; x_wconf 77' lang='grc' dir='ltr'>οὕτω</span> <span class='ocrx_word' id='word_1_377' title='bbox 3173 2735 3340 2804; x_wconf 86' lang='grc' dir='ltr'>λέγει.</span> 
     </span>
    </p>
   </div>
   <div class='ocr_carea' id='block_1_51' title="bbox 612 2824 2168 2911">
    <p class='ocr_par' dir='ltr' id='par_1_51' title="bbox 612 2840 2096 2911">
     <span class='ocr_line' id='line_1_52' title="bbox 612 2840 2096 2911; baseline 0.001 -17"><span class='ocrx_word' id='word_1_378' title='bbox 612 2840 777 2898; x_wconf 67' lang='lat' dir='ltr'><strong>lisse.</strong></span> <span class='ocrx_word' id='word_1_379' title='bbox 814 2841 1193 2898; x_wconf 86' lang='lat' dir='ltr'><strong>Inﬁrmitatem</strong></span> <span class='ocrx_word' id='word_1_380' title='bbox 1226 2842 1321 2897; x_wconf 91' lang='lat' dir='ltr'><strong>Dei</strong></span> <span class='ocrx_word' id='word_1_381' title='bbox 1358 2849 1516 2896; x_wconf 85' lang='lat' dir='ltr'><strong>vocat</strong></span> <span class='ocrx_word' id='word_1_382' title='bbox 1563 2857 1781 2897; x_wconf 90' lang='lat' dir='ltr'><strong>sensum</strong></span> <span class='ocrx_word' id='word_1_383' title='bbox 1818 2841 2096 2911; x_wconf 81' lang='lat' dir='ltr'><strong>apostolo-</strong></span> 
     </span>
    </p>
   </div>
   <div class='ocr_carea' id='block_1_52' title="bbox 2179 2824 3735 2911">
    <p class='ocr_par' dir='ltr' id='par_1_52' title="bbox 2278 2824 3735 2896">
     <span class='ocr_line' id='line_1_53' title="bbox 2278 2824 3735 2896; baseline -0.007 -11"><span class='ocrx_word' id='word_1_384' title='bbox 2278 2830 2467 2885; x_wconf 85' lang='grc' dir='ltr'>Ἀπόκ.</span> <span class='ocrx_word' id='word_1_385' title='bbox 2510 2828 2755 2893; x_wconf 81' lang='grc' dir='ltr'>Ἀσθενὲς</span> <span class='ocrx_word' id='word_1_386' title='bbox 2785 2827 2878 2882; x_wconf 83' lang='grc' dir='ltr'>τοῦ</span> <span class='ocrx_word' id='word_1_387' title='bbox 2912 2828 3044 2882; x_wconf 87' lang='grc' dir='ltr'><strong>Θεοῦ</strong></span> <span class='ocrx_word' id='word_1_388' title='bbox 3088 2827 3236 2896; x_wconf 87' lang='grc' dir='ltr'>λέγει</span> <span class='ocrx_word' id='word_1_389' title='bbox 3284 2824 3393 2878; x_wconf 86' lang='grc' dir='ltr'>τῶν</span> <span class='ocrx_word' id='word_1_390' title='bbox 3452 2824 3735 2878; x_wconf 76' lang='grc' dir='ltr'><strong>ἀποστόλων</strong></span> 
     </span>
    </p>
   </div>
   <div class='ocr_carea' id='block_1_53' title="bbox 536 2916 2092 3003">
    <p class='ocr_par' dir='ltr' id='par_1_53' title="bbox 536 2930 2092 3003">
     <span class='ocr_line' id='line_1_54' title="bbox 536 2930 2092 3003; baseline -0.002 -16"><span class='ocrx_word' id='word_1_391' title='bbox 536 2946 681 2997; x_wconf 82' lang='lat' dir='ltr'><strong>rum,</strong></span> <span class='ocrx_word' id='word_1_392' title='bbox 712 2932 806 3003; x_wconf 82' lang='lat' dir='ltr'><strong>qui</strong></span> <span class='ocrx_word' id='word_1_393' title='bbox 842 2932 1093 2988; x_wconf 83' lang='lat' dir='ltr'><strong>homines</strong></span> <span class='ocrx_word' id='word_1_394' title='bbox 1130 2948 1253 2987; x_wconf 90' lang='lat' dir='ltr'><strong>cum</strong></span> <span class='ocrx_word' id='word_1_395' title='bbox 1290 2940 1474 2987; x_wconf 88' lang='lat' dir='ltr'><strong>essent</strong></span> <span class='ocrx_word' id='word_1_396' title='bbox 1504 2930 1688 2987; x_wconf 56' lang='lat' dir='ltr'><strong>idiota;</strong></span> <span class='ocrx_word' id='word_1_397' title='bbox 1713 2939 1767 2986; x_wconf 88' lang='lat' dir='ltr'><strong>et</strong></span> <span class='ocrx_word' id='word_1_398' title='bbox 1806 2931 2092 2996; x_wconf 79' lang='lat' dir='ltr'><strong>illitterati,</strong></span> 
     </span>
    </p>
   </div>
   <div class='ocr_carea' id='block_1_54' title="bbox 2180 2916 3736 3003">
    <p class='ocr_par' dir='ltr' id='par_1_54' title="bbox 2194 2916 3736 2995">
     <span class='ocr_line' id='line_1_55' title="bbox 2194 2916 3736 2995; baseline -0.007 -18"><span class='ocrx_word' id='word_1_399' title='bbox 2194 2923 2255 2977; x_wconf 85' lang='grc' dir='ltr'>τὸ</span> <span class='ocrx_word' id='word_1_400' title='bbox 2279 2924 2550 2995; x_wconf 80' lang='grc' dir='ltr'>φρόνημα,</span> <span class='ocrx_word' id='word_1_401' title='bbox 2585 2925 2665 2977; x_wconf 85' lang='grc' dir='ltr'>ὅτι</span> <span class='ocrx_word' id='word_1_402' title='bbox 2708 2923 2979 2994; x_wconf 81' lang='grc' dir='ltr'>ἄνθρωποι</span> <span class='ocrx_word' id='word_1_403' title='bbox 3034 2919 3238 2974; x_wconf 79' lang='grc' dir='ltr'>ἰδιῶται</span> <span class='ocrx_word' id='word_1_404' title='bbox 3267 2917 3361 2971; x_wconf 74' lang='grc' dir='ltr'>καὶ</span> <span class='ocrx_word' id='word_1_405' title='bbox 3413 2916 3736 2988; x_wconf 75' lang='grc' dir='ltr'>ἀγράμματοι</span> 
     </span>
    </p>
   </div>
   <div class='ocr_carea' id='block_1_55' title="bbox 535 3006 2091 3095">
    <p class='ocr_par' dir='ltr' id='par_1_55' title="bbox 535 3024 2091 3095">
     <span class='ocr_line' id='line_1_56' title="bbox 535 3024 2091 3095; baseline -0.001 -17"><span class='ocrx_word' id='word_1_406' title='bbox 535 3034 718 3079; x_wconf 86' lang='lat' dir='ltr'><strong>tamen</strong></span> <span class='ocrx_word' id='word_1_407' title='bbox 759 3024 910 3081; x_wconf 83' lang='lat' dir='ltr'><strong>brevi</strong></span> <span class='ocrx_word' id='word_1_408' title='bbox 956 3034 1202 3095; x_wconf 88' lang='lat' dir='ltr'><strong>tempore</strong></span> <span class='ocrx_word' id='word_1_409' title='bbox 1252 3032 1422 3081; x_wconf 84' lang='lat' dir='ltr'><strong>totum</strong></span> <span class='ocrx_word' id='word_1_410' title='bbox 1465 3025 1650 3080; x_wconf 87' lang='lat' dir='ltr'><strong>orbem</strong></span> <span class='ocrx_word' id='word_1_411' title='bbox 1689 3024 1847 3094; x_wconf 89' lang='lat' dir='ltr'><strong>quasi</strong></span> <span class='ocrx_word' id='word_1_412' title='bbox 1895 3039 2091 3095; x_wconf 87' lang='lat' dir='ltr'><strong>sagena</strong></span> 
     </span>
    </p>
   </div>
   <div class='ocr_carea' id='block_1_56' title="bbox 2179 3006 3735 3095">
    <p class='ocr_par' dir='ltr' id='par_1_56' title="bbox 2194 3006 3735 3087">
     <span class='ocr_line' id='line_1_57' title="bbox 2194 3006 3735 3087; baseline -0.008 -19"><span class='ocrx_word' id='word_1_413' title='bbox 2194 3016 2252 3068; x_wconf 83' lang='grc' dir='ltr'><strong>ὲν</strong></span> <span class='ocrx_word' id='word_1_414' title='bbox 2282 3014 2472 3087; x_wconf 85' lang='grc' dir='ltr'>βραχεῖ</span> <span class='ocrx_word' id='word_1_415' title='bbox 2492 3013 2665 3086; x_wconf 84' lang='grc' dir='ltr'>καιρῷ</span> <span class='ocrx_word' id='word_1_416' title='bbox 2686 3012 2785 3084; x_wconf 81' lang='grc' dir='ltr'>τὴν</span> <span class='ocrx_word' id='word_1_417' title='bbox 2814 3011 3133 3082; x_wconf 78' lang='grc' dir='ltr'>οἰκουμένην</span> <span class='ocrx_word' id='word_1_418' title='bbox 3154 3011 3522 3080; x_wconf 80' lang='grc' dir='ltr'>ἐσαγήνευσαν</span> <span class='ocrx_word' id='word_1_419' title='bbox 3544 3009 3642 3076; x_wconf 66' lang='grc'><strong>(4),</strong></span> <span class='ocrx_word' id='word_1_420' title='bbox 3659 3006 3735 3057; x_wconf 81' lang='grc' dir='ltr'>καὶ</span> 
     </span>
    </p>
   </div>
   <div class='ocr_carea' id='block_1_57' title="bbox 533 3099 2089 3192">
    <p class='ocr_par' dir='ltr' id='par_1_57' title="bbox 533 3114 2089 3188">
     <span class='ocr_line' id='line_1_58' title="bbox 533 3114 2089 3188; baseline 0 -20"><span class='ocrx_word' id='word_1_421' title='bbox 533 3114 846 3184; x_wconf 84' lang='lat' dir='ltr'><strong>capientes,</strong></span> <span class='ocrx_word' id='word_1_422' title='bbox 879 3132 1032 3187; x_wconf 85' lang='lat' dir='ltr'><strong>reges</strong></span> <span class='ocrx_word' id='word_1_423' title='bbox 1062 3125 1116 3173; x_wconf 90' lang='lat' dir='ltr'><strong>et</strong></span> <span class='ocrx_word' id='word_1_424' title='bbox 1156 3116 1461 3188; x_wconf 85' lang='lat' dir='ltr'><strong>principes,</strong></span> <span class='ocrx_word' id='word_1_425' title='bbox 1494 3116 1765 3186; x_wconf 84' lang='lat' dir='ltr'><strong>sapientes</strong></span> <span class='ocrx_word' id='word_1_426' title='bbox 1788 3124 1843 3171; x_wconf 89' lang='lat' dir='ltr'><strong>et</strong></span> <span class='ocrx_word' id='word_1_427' title='bbox 1876 3130 2089 3187; x_wconf 85' lang='lat' dir='ltr'><strong>magna-</strong></span> 
     </span>
    </p>
   </div>
   <div class='ocr_carea' id='block_1_58' title="bbox 2179 3099 3735 3192">
    <p class='ocr_par' dir='ltr' id='par_1_58' title="bbox 2199 3099 3735 3178">
     <span class='ocr_line' id='line_1_59' title="bbox 2199 3099 3735 3178; baseline -0.009 -15"><span class='ocrx_word' id='word_1_428' title='bbox 2199 3108 2452 3178; x_wconf 83' lang='grc' dir='ltr'>βασιλεῖς,</span> <span class='ocrx_word' id='word_1_429' title='bbox 2478 3107 2570 3159; x_wconf 79' lang='grc' dir='ltr'>καὶ</span> <span class='ocrx_word' id='word_1_430' title='bbox 2618 3106 2902 3177; x_wconf 84' lang='grc' dir='ltr'>ἄρχοντας,</span> <span class='ocrx_word' id='word_1_431' title='bbox 2950 3104 3044 3157; x_wconf 75' lang='grc' dir='ltr'>καὶ</span> <span class='ocrx_word' id='word_1_432' title='bbox 3097 3101 3311 3172; x_wconf 78' lang='grc' dir='ltr'>σοφοὺς,</span> <span class='ocrx_word' id='word_1_433' title='bbox 3348 3101 3442 3155; x_wconf 73' lang='grc' dir='ltr'>καὶ</span> <span class='ocrx_word' id='word_1_434' title='bbox 3496 3099 3735 3159; x_wconf 75' lang='grc' dir='ltr'>δυνάστας</span> 
     </span>
    </p>
   </div>
   <div class='ocr_carea' id='block_1_59' title="bbox 533 3200 2089 3271">
    <p class='ocr_par' dir='ltr' id='par_1_59' title="bbox 533 3203 915 3260">
     <span class='ocr_line' id='line_1_60' title="bbox 533 3203 915 3260; baseline 0 -3"><span class='ocrx_word' id='word_1_435' title='bbox 533 3212 617 3257; x_wconf 84' lang='lat' dir='ltr'><strong>tes</strong></span> <span class='ocrx_word' id='word_1_436' title='bbox 647 3203 915 3260; x_wconf 88' lang='lat' dir='ltr'><strong>devicere.</strong></span> 
     </span>
    </p>
   </div>
   <div class='ocr_carea' id='block_1_60' title="bbox 920 3200 2476 3271">
    <p class='ocr_par' dir='ltr' id='par_1_60' title="bbox 2203 3200 2476 3271">
     <span class='ocr_line' id='line_1_61' title="bbox 2203 3200 2476 3271; baseline -0.007 -18"><span class='ocrx_word' id='word_1_437' title='bbox 2203 3200 2476 3271; x_wconf 79' lang='grc' dir='ltr'>ἐνίκησαν.</span> 
     </span>
    </p>
   </div>
   <div class='ocr_carea' id='block_1_61' title="bbox 607 3282 2163 3368">
    <p class='ocr_par' dir='ltr' id='par_1_61' title="bbox 607 3291 2095 3368">
     <span class='ocr_line' id='line_1_62' title="bbox 607 3291 2095 3368; baseline 0.004 -23"><span class='ocrx_word' id='word_1_438' title='bbox 607 3291 773 3350; x_wconf 74' lang='lat' dir='ltr'><strong>Pnor.</strong></span> <span class='ocrx_word' id='word_1_439' title='bbox 826 3293 1029 3349; x_wconf 80' lang='lat' dir='ltr'><strong>XCVII.</strong></span> <span class='ocrx_word' id='word_1_440' title='bbox 1086 3295 1227 3362; x_wconf 89' lang='lat' dir='ltr'><strong>Quid</strong></span> <span class='ocrx_word' id='word_1_441' title='bbox 1282 3304 1369 3352; x_wconf 85' lang='lat' dir='ltr'><strong>est</strong></span> <span class='ocrx_word' id='word_1_442' title='bbox 1419 3296 1771 3352; x_wconf 65' lang='lat' dir='ltr'><strong>illuduSed</strong></span> <span class='ocrx_word' id='word_1_443' title='bbox 1822 3296 2095 3368; x_wconf 89' lang='lat' dir='ltr'><strong>loquimur</strong></span> 
     </span>
    </p>
   </div>
   <div class='ocr_carea' id='block_1_62' title="bbox 2183 3282 3739 3368">
    <p class='ocr_par' dir='ltr' id='par_1_62' title="bbox 2265 3282 3739 3362">
     <span class='ocr_line' id='line_1_63' title="bbox 2265 3282 3739 3362; baseline -0.009 -17"><span class='ocrx_word' id='word_1_444' title='bbox 2265 3292 2527 3362; x_wconf 87' lang='grc' dir='ltr'>Κείμενον</span> <span class='ocrx_word' id='word_1_445' title='bbox 2580 3288 2681 3358; x_wconf 47' lang='grc' dir='ltr'>ιτς.</span> <span class='ocrx_word' id='word_1_446' title='bbox 2722 3307 2740 3340; x_wconf 82' lang='grc' dir='ltr'><strong>ι</strong></span> <span class='ocrx_word' id='word_1_447' title='bbox 2781 3288 2978 3357; x_wconf 75' lang='grc' dir='ltr'>Σοφίαν</span> <span class='ocrx_word' id='word_1_448' title='bbox 3010 3288 3067 3341; x_wconf 83' lang='grc' dir='ltr'>δὲ</span> <span class='ocrx_word' id='word_1_449' title='bbox 3093 3286 3356 3357; x_wconf 75' lang='grc' dir='ltr'>λαλοῦμεν</span> <span class='ocrx_word' id='word_1_450' title='bbox 3387 3282 3521 3338; x_wconf 85' lang='grc' dir='ltr'><strong>Θεοῦ</strong></span> <span class='ocrx_word' id='word_1_451' title='bbox 3555 3284 3610 3336; x_wconf 86' lang='grc' dir='ltr'>ὲν</span> <span class='ocrx_word' id='word_1_452' title='bbox 3653 3298 3739 3351; x_wconf 77' lang='grc' dir='ltr'>μυ-</span> 
     </span>
    </p>
   </div>
   <div class='ocr_carea' id='block_1_63' title="bbox 532 3379 2088 3458">
    <p class='ocr_par' dir='ltr' id='par_1_63' title="bbox 532 3379 2087 3458">
     <span class='ocr_line' id='line_1_64' title="bbox 532 3379 2087 3458; baseline 0.001 -20"><span class='ocrx_word' id='word_1_453' title='bbox 532 3379 639 3439; x_wconf 82' lang='lat' dir='ltr'><strong>Dei</strong></span> <span class='ocrx_word' id='word_1_454' title='bbox 653 3386 973 3456; x_wconf 89' lang='lat' dir='ltr'><strong>sapientiam</strong></span> <span class='ocrx_word' id='word_1_455' title='bbox 997 3386 1052 3441; x_wconf 94' lang='lat' dir='ltr'><strong>in</strong></span> <span class='ocrx_word' id='word_1_456' title='bbox 1079 3386 1360 3458; x_wconf 88' lang='lat' dir='ltr'><strong>mysterio,</strong></span> <span class='ocrx_word' id='word_1_457' title='bbox 1384 3402 1503 3457; x_wconf 64' lang='lat' dir='ltr'><strong>quae</strong></span> <span class='ocrx_word' id='word_1_458' title='bbox 1526 3387 1845 3442; x_wconf 88' lang='lat' dir='ltr'><strong>abscondita</strong></span> <span class='ocrx_word' id='word_1_459' title='bbox 1860 3394 1943 3442; x_wconf 90' lang='lat' dir='ltr'><strong>est</strong></span> <span class='ocrx_word' id='word_1_460' title='bbox 1958 3386 2045 3439; x_wconf 66' lang='grc' dir='ltr'><strong>ὀἳ</strong></span> <span class='ocrx_word' id='word_1_461' title='bbox 2069 3407 2087 3440; x_wconf 79' lang='grc' dir='ltr'><strong>ι</strong></span> 
     </span>
    </p>
   </div>
   <div class='ocr_carea' id='block_1_64' title="bbox 1577 3379 3133 3458">
    <p class='ocr_par' dir='ltr' id='par_1_64' title="bbox 1577 3379 3133 3455">
     <span class='ocr_line' id='line_1_65' title="bbox 1577 3379 3133 3455; baseline -0.007 -13"><span class='ocrx_word' id='word_1_462' title='bbox 1577 3387 1845 3442; x_wconf 80' lang='lat' dir='ltr'><strong>)scondita</strong></span> <span class='ocrx_word' id='word_1_463' title='bbox 1860 3394 1943 3442; x_wconf 90' lang='lat' dir='ltr'><strong>est</strong></span> <span class='ocrx_word' id='word_1_464' title='bbox 1958 3386 2045 3439; x_wconf 70' lang='lat'><strong>“1’</strong></span> <span class='ocrx_word' id='word_1_465' title='bbox 2069 3407 2087 3440; x_wconf 80' lang='grc' dir='ltr'><strong>ι</strong></span> <span class='ocrx_word' id='word_1_466' title='bbox 2199 3384 2401 3455; x_wconf 84' lang='grc' dir='ltr'>στηρίῳ</span> <span class='ocrx_word' id='word_1_467' title='bbox 2431 3383 2529 3454; x_wconf 78' lang='grc' dir='ltr'>τὴν</span> <span class='ocrx_word' id='word_1_468' title='bbox 2562 3379 3077 3453; x_wconf 81' lang='grc' dir='ltr'>ἀποκεκρυμμένην.</span> <span class='ocrx_word' id='word_1_469' title='bbox 3114 3398 3133 3430; x_wconf 76' lang='grc' dir='ltr'><strong>ι</strong></span> 
     </span>
    </p>
   </div>
   <div class='ocr_carea' id='block_1_65' title="bbox 605 3466 2161 3549">
    <p class='ocr_par' dir='ltr' id='par_1_65' title="bbox 605 3472 2088 3549">
     <span class='ocr_line' id='line_1_66' title="bbox 605 3472 2088 3549; baseline 0.002 -20"><span class='ocrx_word' id='word_1_470' title='bbox 605 3472 769 3530; x_wconf 77' lang='grc' dir='ltr'>Βεει».</span> <span class='ocrx_word' id='word_1_471' title='bbox 810 3474 995 3544; x_wconf 83' lang='lat' dir='ltr'><strong>Vides,</strong></span> <span class='ocrx_word' id='word_1_472' title='bbox 1029 3478 1300 3548; x_wconf 90' lang='lat' dir='ltr'><strong>quomodo</strong></span> <span class='ocrx_word' id='word_1_473' title='bbox 1331 3479 1573 3534; x_wconf 88' lang='lat' dir='ltr'><strong>nominet</strong></span> <span class='ocrx_word' id='word_1_474' title='bbox 1598 3478 1714 3548; x_wconf 87' lang='lat' dir='ltr'><strong>ipse</strong></span> <span class='ocrx_word' id='word_1_475' title='bbox 1744 3479 2088 3549; x_wconf 85' lang='lat' dir='ltr'><strong>sapientiam,</strong></span> 
     </span>
    </p>
   </div>
   <div class='ocr_carea' id='block_1_66' title="bbox 2182 3466 3738 3549">
    <p class='ocr_par' dir='ltr' id='par_1_66' title="bbox 2275 3466 3738 3544">
     <span class='ocr_line' id='line_1_67' title="bbox 2275 3466 3738 3544; baseline -0.008 -16"><span class='ocrx_word' id='word_1_476' title='bbox 2275 3474 2460 3528; x_wconf 76' lang='grc' dir='ltr'>Ἀπόκ.</span> <span class='ocrx_word' id='word_1_477' title='bbox 2496 3474 2676 3544; x_wconf 79' lang='grc' dir='ltr'>Ὁρᾷς,</span> <span class='ocrx_word' id='word_1_478' title='bbox 2702 3473 2818 3535; x_wconf 83' lang='grc' dir='ltr'><strong>πῶς</strong></span> <span class='ocrx_word' id='word_1_479' title='bbox 2840 3470 2993 3524; x_wconf 82' lang='grc' dir='ltr'>καλεῖ</span> <span class='ocrx_word' id='word_1_480' title='bbox 3021 3470 3181 3533; x_wconf 83' lang='grc' dir='ltr'>αὐτὸς</span> <span class='ocrx_word' id='word_1_481' title='bbox 3221 3468 3442 3538; x_wconf 75' lang='grc' dir='ltr'>σοφίαν,</span> <span class='ocrx_word' id='word_1_482' title='bbox 3488 3466 3556 3538; x_wconf 81' lang='grc' dir='ltr'>ἥν</span> <span class='ocrx_word' id='word_1_483' title='bbox 3605 3466 3738 3534; x_wconf 77' lang='grc' dir='ltr'>ἔλεγε</span> 
     </span>
    </p>
   </div>
   <div class='ocr_carea' id='block_1_67' title="bbox 533 3558 2089 3640">
    <p class='ocr_par' dir='ltr' id='par_1_67' title="bbox 533 3567 2089 3640">
     <span class='ocr_line' id='line_1_68' title="bbox 533 3567 2089 3640; baseline 0.004 -22"><span class='ocrx_word' id='word_1_484' title='bbox 533 3580 697 3636; x_wconf 89' lang='lat' dir='ltr'><strong>quam</strong></span> <span class='ocrx_word' id='word_1_485' title='bbox 741 3567 893 3636; x_wconf 90' lang='lat' dir='ltr'><strong>prius</strong></span> <span class='ocrx_word' id='word_1_486' title='bbox 940 3568 1225 3623; x_wconf 89' lang='lat' dir='ltr'><strong>stultitiam</strong></span> <span class='ocrx_word' id='word_1_487' title='bbox 1268 3576 1574 3624; x_wconf 85' lang='lat' dir='ltr'><strong>vocaverat.</strong></span> <span class='ocrx_word' id='word_1_488' title='bbox 1619 3567 1832 3624; x_wconf 88' lang='lat' dir='ltr'><strong>Etenim</strong></span> <span class='ocrx_word' id='word_1_489' title='bbox 1880 3577 2089 3640; x_wconf 89' lang='lat' dir='ltr'><strong>myste-</strong></span> 
     </span>
    </p>
   </div>
   <div class='ocr_carea' id='block_1_68' title="bbox 2178 3558 3734 3640">
    <p class='ocr_par' dir='ltr' id='par_1_68' title="bbox 2193 3558 3734 3637">
     <span class='ocr_line' id='line_1_69' title="bbox 2193 3558 3734 3637; baseline -0.008 -18"><span class='ocrx_word' id='word_1_490' title='bbox 2193 3566 2407 3637; x_wconf 75' lang='grc' dir='ltr'>πρῶτον</span> <span class='ocrx_word' id='word_1_491' title='bbox 2444 3564 2673 3637; x_wconf 83' lang='grc' dir='ltr'><strong>μωρίαν.</strong></span> <span class='ocrx_word' id='word_1_492' title='bbox 2712 3563 2820 3615; x_wconf 71' lang='grc' dir='ltr'><strong>Καὶ</strong></span> <span class='ocrx_word' id='word_1_493' title='bbox 2847 3562 2953 3633; x_wconf 81' lang='grc' dir='ltr'>γὰρ</span> <span class='ocrx_word' id='word_1_494' title='bbox 2989 3561 3280 3631; x_wconf 75' lang='grc' dir='ltr'>μυστήριον</span> <span class='ocrx_word' id='word_1_495' title='bbox 3314 3558 3526 3627; x_wconf 82' lang='grc' dir='ltr'>πρῶτον</span> <span class='ocrx_word' id='word_1_496' title='bbox 3554 3558 3734 3609; x_wconf 79' lang='grc' dir='ltr'>οἰκονο-</span> 
     </span>
    </p>
   </div>
   <div class='ocr_carea' id='block_1_69' title="bbox 534 3650 2090 3730">
    <p class='ocr_par' dir='ltr' id='par_1_69' title="bbox 534 3654 2088 3730">
     <span class='ocr_line' id='line_1_70' title="bbox 534 3654 2088 3730; baseline 0.003 -23"><span class='ocrx_word' id='word_1_497' title='bbox 534 3654 673 3708; x_wconf 78' lang='lat' dir='ltr'><strong>rium</strong></span> <span class='ocrx_word' id='word_1_498' title='bbox 702 3655 936 3726; x_wconf 82' lang='lat' dir='ltr'><strong>primum</strong></span> <span class='ocrx_word' id='word_1_499' title='bbox 961 3658 1423 3728; x_wconf 89' lang='lat' dir='ltr'><strong>dispensationem</strong></span> <span class='ocrx_word' id='word_1_500' title='bbox 1450 3658 1603 3724; x_wconf 83' lang='lat' dir='ltr'><strong>dicit,</strong></span> <span class='ocrx_word' id='word_1_501' title='bbox 1644 3660 1766 3715; x_wconf 87' lang='lat' dir='ltr'><strong>ideo</strong></span> <span class='ocrx_word' id='word_1_502' title='bbox 1789 3659 1936 3730; x_wconf 89' lang='lat' dir='ltr'><strong>quod</strong></span> <span class='ocrx_word' id='word_1_503' title='bbox 1968 3660 2088 3714; x_wconf 90' lang='lat' dir='ltr'><strong>nul-</strong></span> 
     </span>
    </p>
   </div>
   <div class='ocr_carea' id='block_1_70' title="bbox 2179 3650 3735 3730">
    <p class='ocr_par' dir='ltr' id='par_1_70' title="bbox 2195 3650 3735 3730">
     <span class='ocr_line' id='line_1_71' title="bbox 2195 3650 3735 3730; baseline -0.006 -19"><span class='ocrx_word' id='word_1_504' title='bbox 2195 3659 2321 3730; x_wconf 76' lang='grc' dir='ltr'>μίαν</span> <span class='ocrx_word' id='word_1_505' title='bbox 2375 3657 2543 3727; x_wconf 89' lang='grc' dir='ltr'>λέγει,</span> <span class='ocrx_word' id='word_1_506' title='bbox 2576 3658 2656 3710; x_wconf 85' lang='grc' dir='ltr'>ὅτι</span> <span class='ocrx_word' id='word_1_507' title='bbox 2698 3655 2819 3709; x_wconf 73' lang='grc' dir='ltr'>οὔτε</span> <span class='ocrx_word' id='word_1_508' title='bbox 2869 3655 3115 3723; x_wconf 79' lang='grc' dir='ltr'>ἄγγελος,</span> <span class='ocrx_word' id='word_1_509' title='bbox 3162 3651 3283 3707; x_wconf 77' lang='grc' dir='ltr'>οὗτε</span> <span class='ocrx_word' id='word_1_510' title='bbox 3305 3651 3495 3721; x_wconf 72' lang='grc' dir='ltr'>κτιστὴ</span> <span class='ocrx_word' id='word_1_511' title='bbox 3532 3650 3735 3719; x_wconf 74' lang='grc' dir='ltr'>δύναμις</span> 
     </span>
    </p>
   </div>
   <div class='ocr_carea' id='block_1_71' title="bbox 532 3735 2088 3822">
    <p class='ocr_par' dir='ltr' id='par_1_71' title="bbox 532 3735 2088 3822">
     <span class='ocr_line' id='line_1_72' title="bbox 532 3735 2088 3822; baseline 0.004 -23"><span class='ocrx_word' id='word_1_512' title='bbox 532 3744 618 3800; x_wconf 71' lang='lat' dir='ltr'><strong>lus</strong></span> <span class='ocrx_word' id='word_1_513' title='bbox 643 3762 818 3817; x_wconf 90' lang='lat' dir='ltr'><strong>neque</strong></span> <span class='ocrx_word' id='word_1_514' title='bbox 848 3751 1092 3821; x_wconf 79' lang='lat' dir='ltr'><strong>angelus,</strong></span> <span class='ocrx_word' id='word_1_515' title='bbox 1132 3765 1233 3805; x_wconf 91' lang='lat' dir='ltr'><strong>nec</strong></span> <span class='ocrx_word' id='word_1_516' title='bbox 1263 3751 1366 3804; x_wconf 90' lang='lat' dir='ltr'><strong>alia</strong></span> <span class='ocrx_word' id='word_1_517' title='bbox 1393 3750 1574 3821; x_wconf 89' lang='lat' dir='ltr'><strong>aliqua</strong></span> <span class='ocrx_word' id='word_1_518' title='bbox 1623 3735 1804 3806; x_wconf 76' lang='lat' dir='ltr'><strong>creata</strong></span> <span class='ocrx_word' id='word_1_519' title='bbox 1845 3757 2088 3822; x_wconf 88' lang='lat' dir='ltr'><strong>potestas</strong></span> 
     </span>
    </p>
   </div>
   <div class='ocr_carea' id='block_1_72' title="bbox 2179 3735 3735 3822">
    <p class='ocr_par' dir='ltr' id='par_1_72' title="bbox 2192 3744 3735 3821">
     <span class='ocr_line' id='line_1_73' title="bbox 2192 3744 3735 3821; baseline -0.006 -18"><span class='ocrx_word' id='word_1_520' title='bbox 2192 3751 2325 3821; x_wconf 78' lang='grc' dir='ltr'>ἄλλη</span> <span class='ocrx_word' id='word_1_521' title='bbox 2378 3749 2638 3819; x_wconf 81' lang='grc' dir='ltr'><strong>ἐγίνωσκε</strong></span> <span class='ocrx_word' id='word_1_522' title='bbox 2685 3748 2746 3800; x_wconf 84' lang='grc' dir='ltr'>τὸ</span> <span class='ocrx_word' id='word_1_523' title='bbox 2793 3748 3086 3817; x_wconf 86' lang='grc' dir='ltr'>μυστήριον</span> <span class='ocrx_word' id='word_1_524' title='bbox 3143 3747 3235 3800; x_wconf 75' lang='grc' dir='ltr'>καὶ</span> <span class='ocrx_word' id='word_1_525' title='bbox 3298 3746 3395 3817; x_wconf 80' lang='grc' dir='ltr'>τὴν</span> <span class='ocrx_word' id='word_1_526' title='bbox 3444 3744 3735 3813; x_wconf 76' lang='grc' dir='ltr'>οἰκονομίαν</span> 
     </span>
    </p>
   </div>
   <div class='ocr_carea' id='block_1_73' title="bbox 525 3836 2081 3914">
    <p class='ocr_par' dir='ltr' id='par_1_73' title="bbox 525 3836 2081 3910">
     <span class='ocr_line' id='line_1_74' title="bbox 525 3836 2081 3910; baseline 0.001 -19"><span class='ocrx_word' id='word_1_527' title='bbox 525 3836 783 3906; x_wconf 81' lang='lat' dir='ltr'><strong>cognovit</strong></span> <span class='ocrx_word' id='word_1_528' title='bbox 808 3837 913 3893; x_wconf 87' lang='lat' dir='ltr'><strong>hoc</strong></span> <span class='ocrx_word' id='word_1_529' title='bbox 951 3840 1267 3910; x_wconf 88' lang='lat' dir='ltr'><strong>mysterium</strong></span> <span class='ocrx_word' id='word_1_530' title='bbox 1309 3846 1364 3893; x_wconf 92' lang='lat' dir='ltr'><strong>et</strong></span> <span class='ocrx_word' id='word_1_531' title='bbox 1406 3838 1864 3910; x_wconf 86' lang='lat' dir='ltr'><strong>dispensationem</strong></span> <span class='ocrx_word' id='word_1_532' title='bbox 1900 3840 2081 3902; x_wconf 83' lang='lat' dir='ltr'><strong>istam,</strong></span> 
     </span>
    </p>
   </div>
   <div class='ocr_carea' id='block_1_74' title="bbox 2174 3836 3730 3914">
    <p class='ocr_par' dir='ltr' id='par_1_74' title="bbox 2190 3836 3730 3914">
     <span class='ocr_line' id='line_1_75' title="bbox 2190 3836 3730 3914; baseline -0.009 -17"><span class='ocrx_word' id='word_1_533' title='bbox 2190 3843 2413 3914; x_wconf 77' lang='grc' dir='ltr'>ταύτην,</span> <span class='ocrx_word' id='word_1_534' title='bbox 2434 3843 2515 3894; x_wconf 82' lang='grc' dir='ltr'>ὃτι</span> <span class='ocrx_word' id='word_1_535' title='bbox 2549 3840 2729 3911; x_wconf 82' lang='grc' dir='ltr'>μέλλει</span> <span class='ocrx_word' id='word_1_536' title='bbox 2751 3840 2780 3893; x_wconf 95' lang='lat'><strong>6</strong></span> <span class='ocrx_word' id='word_1_537' title='bbox 2803 3838 2934 3903; x_wconf 81' lang='grc' dir='ltr'>Θεὸς</span> <span class='ocrx_word' id='word_1_538' title='bbox 2966 3839 3058 3891; x_wconf 76' lang='grc' dir='ltr'><strong>ἐπὶ</strong></span> <span class='ocrx_word' id='word_1_539' title='bbox 3088 3838 3189 3908; x_wconf 76' lang='grc' dir='ltr'>τῆς</span> <span class='ocrx_word' id='word_1_540' title='bbox 3224 3837 3329 3907; x_wconf 74' lang='grc' dir='ltr'>γῆς</span> <span class='ocrx_word' id='word_1_541' title='bbox 3384 3836 3730 3906; x_wconf 74' lang='grc' dir='ltr'>σαρκωθῆναι.</span> 
     </span>
    </p>
   </div>
   <div class='ocr_carea' id='block_1_75' title="bbox 523 3927 2079 4003">
    <p class='ocr_par' dir='ltr' id='par_1_75' title="bbox 523 3927 2079 4002">
     <span class='ocr_line' id='line_1_76' title="bbox 523 3927 2079 4002; baseline 0.002 -22"><span class='ocrx_word' id='word_1_542' title='bbox 523 3927 675 3998; x_wconf 82' lang='lat' dir='ltr'><strong>quod</strong></span> <span class='ocrx_word' id='word_1_543' title='bbox 702 3928 756 3982; x_wconf 92' lang='lat' dir='ltr'><strong>in</strong></span> <span class='ocrx_word' id='word_1_544' title='bbox 773 3936 914 3984; x_wconf 86' lang='lat' dir='ltr'><strong>terra</strong></span> <span class='ocrx_word' id='word_1_545' title='bbox 927 3929 1071 3987; x_wconf 89' lang='lat' dir='ltr'><strong>Deus</strong></span> <span class='ocrx_word' id='word_1_546' title='bbox 1092 3947 1309 3986; x_wconf 87' lang='lat' dir='ltr'><strong>carnem</strong></span> <span class='ocrx_word' id='word_1_547' title='bbox 1325 3942 1706 4002; x_wconf 91' lang='lat' dir='ltr'><strong>assumpturus</strong></span> <span class='ocrx_word' id='word_1_548' title='bbox 1734 3938 1900 3985; x_wconf 88' lang='lat' dir='ltr'><strong>esset.</strong></span> <span class='ocrx_word' id='word_1_549' title='bbox 1918 3929 2079 3985; x_wconf 88' lang='lat' dir='ltr'><strong>Post-</strong></span> 
     </span>
    </p>
   </div>
   <div class='ocr_carea' id='block_1_76' title="bbox 2178 3927 3734 4003">
    <p class='ocr_par' dir='ltr' id='par_1_76' title="bbox 2194 3931 3734 4003">
     <span class='ocr_line' id='line_1_77' title="bbox 2194 3931 3734 4003; baseline -0.005 -15"><span class='ocrx_word' id='word_1_550' title='bbox 2194 3935 2358 3989; x_wconf 85' lang='grc' dir='ltr'>Ὅταν</span> <span class='ocrx_word' id='word_1_551' title='bbox 2379 3934 2435 3988; x_wconf 81' lang='grc' dir='ltr'>δὲ</span> <span class='ocrx_word' id='word_1_552' title='bbox 2465 3936 2678 4003; x_wconf 90' lang='grc' dir='ltr'>γέγονε,</span> <span class='ocrx_word' id='word_1_553' title='bbox 2704 3934 2823 3988; x_wconf 84' lang='grc' dir='ltr'>τότε</span> <span class='ocrx_word' id='word_1_554' title='bbox 2851 3934 3049 3998; x_wconf 76' lang='grc' dir='ltr'>πάντες</span> <span class='ocrx_word' id='word_1_555' title='bbox 3075 3933 3364 4003; x_wconf 79' lang='grc' dir='ltr'>ἐγνώκασι,</span> <span class='ocrx_word' id='word_1_556' title='bbox 3398 3931 3580 3994; x_wconf 77' lang='grc' dir='ltr'>καθὼς</span> <span class='ocrx_word' id='word_1_557' title='bbox 3608 3932 3734 3998; x_wconf 78' lang='grc' dir='ltr'>λέγει</span> 
     </span>
    </p>
   </div>
   <div class='ocr_carea' id='block_1_77' title="bbox 530 4018 2086 4096">
    <p class='ocr_par' dir='ltr' id='par_1_77' title="bbox 530 4018 2086 4088">
     <span class='ocr_line' id='line_1_78' title="bbox 530 4018 2086 4088; baseline 0.003 -18"><span class='ocrx_word' id='word_1_558' title='bbox 530 4030 760 4086; x_wconf 77' lang='lat' dir='ltr'><strong>caquam</strong></span> <span class='ocrx_word' id='word_1_559' title='bbox 795 4033 928 4074; x_wconf 90' lang='lat' dir='ltr'><strong>vero</strong></span> <span class='ocrx_word' id='word_1_560' title='bbox 957 4018 1157 4074; x_wconf 87' lang='lat' dir='ltr'><strong>factum</strong></span> <span class='ocrx_word' id='word_1_561' title='bbox 1189 4028 1295 4083; x_wconf 88' lang='lat' dir='ltr'><strong>est,</strong></span> <span class='ocrx_word' id='word_1_562' title='bbox 1331 4020 1587 4076; x_wconf 86' lang='lat' dir='ltr'><strong>omnibus</strong></span> <span class='ocrx_word' id='word_1_563' title='bbox 1611 4020 1878 4074; x_wconf 86' lang='lat' dir='ltr'><strong>innotuit:</strong></span> <span class='ocrx_word' id='word_1_564' title='bbox 1899 4035 2086 4088; x_wconf 87' lang='lat' dir='ltr'><strong>quem-</strong></span> 
     </span>
    </p>
   </div>
   <div class='ocr_carea' id='block_1_78' title="bbox 2179 4018 3735 4096">
    <p class='ocr_par' dir='ltr' id='par_1_78' title="bbox 2189 4024 3735 4096">
     <span class='ocr_line' id='line_1_79' title="bbox 2189 4024 3735 4096; baseline -0.004 -17"><span class='ocrx_word' id='word_1_565' title='bbox 2189 4028 2218 4079; x_wconf 84' lang='lat'><strong>6</strong></span> <span class='ocrx_word' id='word_1_566' title='bbox 2263 4026 2577 4089; x_wconf 86' lang='grc' dir='ltr'>Ἀπόστολος</span> <span class='ocrx_word' id='word_1_567' title='bbox 2597 4042 2610 4056; x_wconf 88' lang='grc'><strong>·</strong></span> <span class='ocrx_word' id='word_1_568' title='bbox 2651 4044 2669 4075; x_wconf 81' lang='grc' dir='ltr'><strong>ι</strong></span> <span class='ocrx_word' id='word_1_569' title='bbox 2711 4026 2829 4079; x_wconf 84' lang='grc' dir='ltr'><strong>Ἵνα</strong></span> <span class='ocrx_word' id='word_1_570' title='bbox 2861 4024 3131 4096; x_wconf 84' lang='grc' dir='ltr'>γνωρισθῇ</span> <span class='ocrx_word' id='word_1_571' title='bbox 3157 4024 3251 4078; x_wconf 80' lang='grc' dir='ltr'><strong>νῦν</strong></span> <span class='ocrx_word' id='word_1_572' title='bbox 3280 4026 3396 4087; x_wconf 85' lang='grc' dir='ltr'>ταῖς</span> <span class='ocrx_word' id='word_1_573' title='bbox 3436 4024 3633 4094; x_wconf 80' lang='grc' dir='ltr'>ἀρχαῖς</span> <span class='ocrx_word' id='word_1_574' title='bbox 3659 4038 3735 4073; x_wconf 80' lang='grc' dir='ltr'><strong>και</strong></span> 
     </span>
    </p>
   </div>
   <div class='ocr_carea' id='block_1_79' title="bbox 527 4107 2083 4187">
    <p class='ocr_par' dir='ltr' id='par_1_79' title="bbox 527 4107 2083 4182">
     <span class='ocr_line' id='line_1_80' title="bbox 527 4107 2083 4182; baseline 0.002 -21"><span class='ocrx_word' id='word_1_575' title='bbox 527 4107 819 4164; x_wconf 88' lang='lat' dir='ltr'><strong>admodum</strong></span> <span class='ocrx_word' id='word_1_576' title='bbox 853 4110 1030 4181; x_wconf 75' lang='lat' dir='ltr'><strong>inquit</strong></span> <span class='ocrx_word' id='word_1_577' title='bbox 1062 4112 1357 4182; x_wconf 82' lang='lat' dir='ltr'><strong>Apostolus</strong></span> <span class='ocrx_word' id='word_1_578' title='bbox 1384 4131 1397 4165; x_wconf 91' lang='lat'><strong>:</strong></span> <span class='ocrx_word' id='word_1_579' title='bbox 1427 4130 1446 4163; x_wconf 79' lang='grc' dir='ltr'><strong>ι</strong></span> <span class='ocrx_word' id='word_1_580' title='bbox 1475 4111 1546 4168; x_wconf 87' lang='lat' dir='ltr'><strong>Ut</strong></span> <span class='ocrx_word' id='word_1_581' title='bbox 1589 4113 1896 4167; x_wconf 87' lang='lat' dir='ltr'><strong>innotescat</strong></span> <span class='ocrx_word' id='word_1_582' title='bbox 1940 4126 2083 4165; x_wconf 89' lang='lat' dir='ltr'><strong>nunc</strong></span> 
     </span>
    </p>
   </div>
   <div class='ocr_carea' id='block_1_80' title="bbox 2176 4107 3732 4187">
    <p class='ocr_par' dir='ltr' id='par_1_80' title="bbox 2188 4112 3732 4187">
     <span class='ocr_line' id='line_1_81' title="bbox 2188 4112 3732 4187; baseline -0.003 -19"><span class='ocrx_word' id='word_1_583' title='bbox 2188 4118 2307 4179; x_wconf 84' lang='grc' dir='ltr'>ταῖς</span> <span class='ocrx_word' id='word_1_584' title='bbox 2348 4115 2612 4181; x_wconf 79' lang='grc' dir='ltr'>ἐξουσίαις</span> <span class='ocrx_word' id='word_1_585' title='bbox 2645 4117 2701 4168; x_wconf 82' lang='grc' dir='ltr'>ὲν</span> <span class='ocrx_word' id='word_1_586' title='bbox 2720 4118 2832 4177; x_wconf 87' lang='grc' dir='ltr'>τοῖς</span> <span class='ocrx_word' id='word_1_587' title='bbox 2859 4115 3217 4187; x_wconf 78' lang='grc' dir='ltr'>ἐπουρανίοις.</span> <span class='ocrx_word' id='word_1_588' title='bbox 3259 4134 3278 4166; x_wconf 77' lang='grc' dir='ltr'><strong>ι</strong></span> <span class='ocrx_word' id='word_1_589' title='bbox 3312 4115 3471 4183; x_wconf 83' lang='grc' dir='ltr'>Λέγει</span> <span class='ocrx_word' id='word_1_590' title='bbox 3499 4114 3557 4166; x_wconf 79' lang='grc' dir='ltr'>δὲ</span> <span class='ocrx_word' id='word_1_591' title='bbox 3590 4112 3732 4167; x_wconf 79' lang='grc' dir='ltr'>ἀλλα·</span> 
     </span>
    </p>
   </div>
   <div class='ocr_carea' id='block_1_81' title="bbox 526 4196 2082 4276">
    <p class='ocr_par' dir='ltr' id='par_1_81' title="bbox 526 4199 2082 4273">
     <span class='ocr_line' id='line_1_82' title="bbox 526 4199 2082 4273; baseline 0.003 -21"><span class='ocrx_word' id='word_1_592' title='bbox 526 4199 927 4270; x_wconf 86' lang='lat' dir='ltr'><strong>principatibus</strong></span> <span class='ocrx_word' id='word_1_593' title='bbox 971 4210 1025 4258; x_wconf 91' lang='lat' dir='ltr'><strong>et</strong></span> <span class='ocrx_word' id='word_1_594' title='bbox 1077 4204 1481 4273; x_wconf 83' lang='lat' dir='ltr'><strong>potestatibus,</strong></span> <span class='ocrx_word' id='word_1_595' title='bbox 1534 4204 1590 4259; x_wconf 90' lang='lat' dir='ltr'><strong>in</strong></span> <span class='ocrx_word' id='word_1_596' title='bbox 1635 4204 2030 4260; x_wconf 74' lang='lat' dir='ltr'><strong>cmlestihus&quot;.</strong></span> <span class='ocrx_word' id='word_1_597' title='bbox 2063 4225 2082 4257; x_wconf 75' lang='grc' dir='ltr'><strong>ι</strong></span> 
     </span>
    </p>
   </div>
   <div class='ocr_carea' id='block_1_82' title="bbox 2174 4196 3730 4276">
    <p class='ocr_par' dir='ltr' id='par_1_82' title="bbox 2190 4196 3730 4276">
     <span class='ocr_line' id='line_1_83' title="bbox 2190 4196 3730 4276; baseline -0.005 -19"><span class='ocrx_word' id='word_1_598' title='bbox 2190 4203 2285 4276; x_wconf 79' lang='grc' dir='ltr'>χοῦ</span> <span class='ocrx_word' id='word_1_599' title='bbox 2337 4205 2495 4259; x_wconf 82' lang='grc' dir='ltr'>πάλιν</span> <span class='ocrx_word' id='word_1_600' title='bbox 2542 4206 2837 4276; x_wconf 76' lang='grc' dir='ltr'>μυστήριον</span> <span class='ocrx_word' id='word_1_601' title='bbox 2883 4205 2950 4258; x_wconf 78' lang='grc' dir='ltr'><strong>τὰ</strong></span> <span class='ocrx_word' id='word_1_602' title='bbox 3001 4202 3251 4275; x_wconf 78' lang='grc' dir='ltr'>ἐξαίρετα</span> <span class='ocrx_word' id='word_1_603' title='bbox 3295 4202 3432 4273; x_wconf 75' lang='grc' dir='ltr'>ἔργα</span> <span class='ocrx_word' id='word_1_604' title='bbox 3462 4199 3557 4253; x_wconf 83' lang='grc' dir='ltr'><strong>τοῦ</strong></span> <span class='ocrx_word' id='word_1_605' title='bbox 3583 4196 3730 4259; x_wconf 74' lang='grc' dir='ltr'>Θεοῦ,</span> 
     </span>
    </p>
   </div>
   <div class='ocr_carea' id='block_1_83' title="bbox 525 4284 2081 4365">
    <p class='ocr_par' dir='ltr' id='par_1_83' title="bbox 525 4284 2081 4363">
     <span class='ocr_line' id='line_1_84' title="bbox 525 4284 2081 4363; baseline 0.002 -23"><span class='ocrx_word' id='word_1_606' title='bbox 525 4284 700 4341; x_wconf 74' lang='lat' dir='ltr'><strong>Vocat</strong></span> <span class='ocrx_word' id='word_1_607' title='bbox 740 4295 921 4344; x_wconf 88' lang='lat' dir='ltr'><strong>autem</strong></span> <span class='ocrx_word' id='word_1_608' title='bbox 963 4290 1090 4345; x_wconf 87' lang='lat' dir='ltr'><strong>alibi</strong></span> <span class='ocrx_word' id='word_1_609' title='bbox 1117 4306 1335 4361; x_wconf 89' lang='lat' dir='ltr'><strong>quoque</strong></span> <span class='ocrx_word' id='word_1_610' title='bbox 1383 4291 1723 4363; x_wconf 85' lang='lat' dir='ltr'><strong>mysterium,</strong></span> <span class='ocrx_word' id='word_1_611' title='bbox 1768 4290 1965 4345; x_wconf 81' lang='lat' dir='ltr'><strong>eximia</strong></span> <span class='ocrx_word' id='word_1_612' title='bbox 1997 4290 2081 4344; x_wconf 89' lang='lat' dir='ltr'><strong>illa</strong></span> 
     </span>
    </p>
   </div>
   <div class='ocr_carea' id='block_1_84' title="bbox 2176 4284 3732 4365">
    <p class='ocr_par' dir='ltr' id='par_1_84' title="bbox 2189 4287 3732 4365">
     <span class='ocr_line' id='line_1_85' title="bbox 2189 4287 3732 4365; baseline -0.006 -17"><span class='ocrx_word' id='word_1_613' title='bbox 2189 4290 2299 4349; x_wconf 74' lang='grc' dir='ltr'>οἷον</span> <span class='ocrx_word' id='word_1_614' title='bbox 2347 4295 2444 4365; x_wconf 77' lang='grc' dir='ltr'><strong>τὴν</strong></span> <span class='ocrx_word' id='word_1_615' title='bbox 2501 4294 2771 4364; x_wconf 84' lang='grc' dir='ltr'>γέννησιν,</span> <span class='ocrx_word' id='word_1_616' title='bbox 2810 4294 2907 4364; x_wconf 79' lang='grc' dir='ltr'>τὴν</span> <span class='ocrx_word' id='word_1_617' title='bbox 2954 4293 3179 4364; x_wconf 74' lang='grc' dir='ltr'>φάτνην,</span> <span class='ocrx_word' id='word_1_618' title='bbox 3219 4293 3280 4346; x_wconf 83' lang='grc' dir='ltr'>τὸ</span> <span class='ocrx_word' id='word_1_619' title='bbox 3312 4291 3618 4361; x_wconf 80' lang='grc' dir='ltr'>βάπτισμα,</span> <span class='ocrx_word' id='word_1_620' title='bbox 3658 4287 3732 4341; x_wconf 71' lang='grc' dir='ltr'><strong>τὸν</strong></span> 
     </span>
    </p>
   </div>
   <div class='ocr_carea' id='block_1_85' title="bbox 525 4378 2081 4456">
    <p class='ocr_par' dir='ltr' id='par_1_85' title="bbox 525 4378 2081 4453">
     <span class='ocr_line' id='line_1_86' title="bbox 525 4378 2081 4453; baseline 0.001 -20"><span class='ocrx_word' id='word_1_621' title='bbox 525 4393 692 4449; x_wconf 86' lang='lat' dir='ltr'><strong>opera</strong></span> <span class='ocrx_word' id='word_1_622' title='bbox 719 4378 836 4444; x_wconf 90' lang='lat' dir='ltr'><strong>Dei,</strong></span> <span class='ocrx_word' id='word_1_623' title='bbox 864 4396 1057 4452; x_wconf 80' lang='lat' dir='ltr'><strong>nempe</strong></span> <span class='ocrx_word' id='word_1_624' title='bbox 1085 4384 1443 4450; x_wconf 88' lang='lat' dir='ltr'><strong>nativitatem,</strong></span> <span class='ocrx_word' id='word_1_625' title='bbox 1469 4382 2081 4453; x_wconf 84' lang='lat' dir='ltr'><strong>stabulum,baptisma,</strong></span> 
     </span>
    </p>
   </div>
   <div class='ocr_carea' id='block_1_86' title="bbox 2172 4378 3728 4456">
    <p class='ocr_par' dir='ltr' id='par_1_86' title="bbox 2192 4380 3728 4456">
     <span class='ocr_line' id='line_1_87' title="bbox 2192 4380 3728 4456; baseline -0.007 -18"><span class='ocrx_word' id='word_1_626' title='bbox 2192 4385 2439 4456; x_wconf 83' lang='grc' dir='ltr'>σταυρὸν,</span> <span class='ocrx_word' id='word_1_627' title='bbox 2455 4384 2543 4436; x_wconf 83' lang='grc' dir='ltr'>τὸν</span> <span class='ocrx_word' id='word_1_628' title='bbox 2573 4384 2816 4447; x_wconf 82' lang='grc' dir='ltr'>Θάνατον,</span> <span class='ocrx_word' id='word_1_629' title='bbox 2850 4385 2947 4456; x_wconf 80' lang='grc' dir='ltr'>τὴν</span> <span class='ocrx_word' id='word_1_630' title='bbox 2982 4386 3295 4444; x_wconf 85' lang='grc' dir='ltr'>ἀνάστασιν,</span> <span class='ocrx_word' id='word_1_631' title='bbox 3315 4384 3412 4452; x_wconf 82' lang='grc' dir='ltr'><strong>τὴν</strong></span> <span class='ocrx_word' id='word_1_632' title='bbox 3460 4380 3728 4451; x_wconf 54' lang='grc' dir='ltr'>ἀνάληψιν,</span> 
     </span>
    </p>
   </div>
   <div class='ocr_carea' id='block_1_87' title="bbox 525 4470 2081 4547">
    <p class='ocr_par' dir='ltr' id='par_1_87' title="bbox 525 4474 2072 4537">
     <span class='ocr_line' id='line_1_88' title="bbox 525 4474 2072 4537; baseline 0.003 -12"><span class='ocrx_word' id='word_1_633' title='bbox 525 4485 769 4534; x_wconf 84' lang='lat' dir='ltr'><strong>crucem,</strong></span> <span class='ocrx_word' id='word_1_634' title='bbox 800 4481 1049 4537; x_wconf 87' lang='lat' dir='ltr'><strong>mortem,</strong></span> <span class='ocrx_word' id='word_1_635' title='bbox 1085 4474 1541 4530; x_wconf 87' lang='lat' dir='ltr'><strong>resurrectionem</strong></span> <span class='ocrx_word' id='word_1_636' title='bbox 1583 4485 1638 4529; x_wconf 89' lang='lat' dir='ltr'><strong>et</strong></span> <span class='ocrx_word' id='word_1_637' title='bbox 1676 4476 2072 4530; x_wconf 88' lang='lat' dir='ltr'><strong>ascensionem.</strong></span> 
     </span>
    </p>
   </div>
   <div class='ocr_carea' id='block_1_88' title="bbox 2173 4470 3729 4547">
    <p class='ocr_par' dir='ltr' id='par_1_88' title="bbox 2181 4473 3729 4547">
     <span class='ocr_line' id='line_1_89' title="bbox 2181 4473 3729 4547; baseline -0.003 -19"><span class='ocrx_word' id='word_1_638' title='bbox 2181 4474 2361 4538; x_wconf 82' lang='grc' dir='ltr'>καθὼς</span> <span class='ocrx_word' id='word_1_639' title='bbox 2390 4476 2482 4529; x_wconf 74' lang='grc' dir='ltr'>καὶ</span> <span class='ocrx_word' id='word_1_640' title='bbox 2499 4477 2527 4529; x_wconf 87' lang='grc' dir='ltr'>ὁ</span> <span class='ocrx_word' id='word_1_641' title='bbox 2553 4476 2609 4529; x_wconf 86' lang='grc' dir='ltr'><strong>ὲν</strong></span> <span class='ocrx_word' id='word_1_642' title='bbox 2635 4475 2808 4543; x_wconf 80' lang='grc' dir='ltr'>ἁγίοις</span> <span class='ocrx_word' id='word_1_643' title='bbox 2832 4476 3126 4547; x_wconf 86' lang='grc' dir='ltr'>Γρηγὸριος</span> <span class='ocrx_word' id='word_1_644' title='bbox 3148 4477 3175 4528; x_wconf 88' lang='lat'><strong>6</strong></span> <span class='ocrx_word' id='word_1_645' title='bbox 3195 4473 3449 4542; x_wconf 84' lang='grc' dir='ltr'>Θεολὸγος</span> <span class='ocrx_word' id='word_1_646' title='bbox 3475 4473 3729 4543; x_wconf 80' lang='grc' dir='ltr'>μυστήρια</span> 
     </span>
    </p>
   </div>
   <div class='ocr_carea' id='block_1_89' title="bbox 524 4559 2080 4640">
    <p class='ocr_par' dir='ltr' id='par_1_89' title="bbox 524 4559 2080 4640">
     <span class='ocr_line' id='line_1_90' title="bbox 524 4559 2080 4640; baseline 0.004 -25"><span class='ocrx_word' id='word_1_647' title='bbox 524 4559 681 4615; x_wconf 82' lang='lat' dir='ltr'><strong>Sicut</strong></span> <span class='ocrx_word' id='word_1_648' title='bbox 718 4563 881 4617; x_wconf 89' lang='lat' dir='ltr'><strong>etiam</strong></span> <span class='ocrx_word' id='word_1_649' title='bbox 926 4574 1147 4621; x_wconf 83' lang='lat' dir='ltr'><strong>sanctus</strong></span> <span class='ocrx_word' id='word_1_650' title='bbox 1184 4563 1476 4640; x_wconf 75' lang='lat' dir='ltr'><strong>Gregorius</strong></span> <span class='ocrx_word' id='word_1_651' title='bbox 1508 4564 1813 4637; x_wconf 83' lang='lat' dir='ltr'><strong>Theologus</strong></span> <span class='ocrx_word' id='word_1_652' title='bbox 1837 4567 1911 4638; x_wconf 81' lang='grc'><strong>(5)</strong></span> <span class='ocrx_word' id='word_1_653' title='bbox 1965 4583 2080 4639; x_wconf 91' lang='lat' dir='ltr'><strong>my-</strong></span> 
     </span>
    </p>
   </div>
   <div class='ocr_carea' id='block_1_90' title="bbox 2172 4559 3728 4640">
    <p class='ocr_par' dir='ltr' id='par_1_90' title="bbox 2182 4563 3728 4640">
     <span class='ocr_line' id='line_1_91' title="bbox 2182 4563 3728 4640; baseline -0.007 -18"><span class='ocrx_word' id='word_1_654' title='bbox 2182 4569 2281 4632; x_wconf 80' lang='grc' dir='ltr'><strong>τὰς</strong></span> <span class='ocrx_word' id='word_1_655' title='bbox 2310 4567 2498 4640; x_wconf 80' lang='grc' dir='ltr'>ἑορτὰς</span> <span class='ocrx_word' id='word_1_656' title='bbox 2521 4568 2675 4623; x_wconf 83' lang='grc' dir='ltr'>καλεῖ</span> <span class='ocrx_word' id='word_1_657' title='bbox 2702 4570 2759 4620; x_wconf 82' lang='grc' dir='ltr'>ἐν</span> <span class='ocrx_word' id='word_1_658' title='bbox 2789 4567 2865 4638; x_wconf 84' lang='grc' dir='ltr'>τῷ</span> <span class='ocrx_word' id='word_1_659' title='bbox 2893 4571 2995 4633; x_wconf 77' lang='grc' dir='ltr'><strong>Εἰς</strong></span> <span class='ocrx_word' id='word_1_660' title='bbox 3032 4568 3103 4622; x_wconf 85' lang='grc' dir='ltr'>τὰ</span> <span class='ocrx_word' id='word_1_661' title='bbox 3131 4565 3296 4637; x_wconf 77' lang='grc' dir='ltr'>φῶτα</span> <span class='ocrx_word' id='word_1_662' title='bbox 3319 4565 3487 4634; x_wconf 82' lang='grc' dir='ltr'>λόγῳ’</span> <span class='ocrx_word' id='word_1_663' title='bbox 3530 4583 3549 4614; x_wconf 75' lang='grc' dir='ltr'><strong>ι</strong></span> <span class='ocrx_word' id='word_1_664' title='bbox 3581 4563 3728 4617; x_wconf 77' lang='grc' dir='ltr'>Πάλιν</span> 
     </span>
    </p>
   </div>
   <div class='ocr_carea' id='block_1_91' title="bbox 521 4654 2077 4735">
    <p class='ocr_par' dir='ltr' id='par_1_91' title="bbox 521 4654 2077 4721">
     <span class='ocr_line' id='line_1_92' title="bbox 521 4654 2077 4721; baseline 0.003 -11"><span class='ocrx_word' id='word_1_665' title='bbox 521 4654 688 4710; x_wconf 84' lang='lat' dir='ltr'><strong>steria</strong></span> <span class='ocrx_word' id='word_1_666' title='bbox 705 4663 863 4711; x_wconf 83' lang='lat' dir='ltr'><strong>vocat</strong></span> <span class='ocrx_word' id='word_1_667' title='bbox 884 4656 1040 4721; x_wconf 88' lang='lat' dir='ltr'><strong>festa,</strong></span> <span class='ocrx_word' id='word_1_668' title='bbox 1060 4656 1115 4712; x_wconf 90' lang='lat' dir='ltr'><strong>in</strong></span> <span class='ocrx_word' id='word_1_669' title='bbox 1141 4673 1392 4714; x_wconf 89' lang='lat' dir='ltr'><strong>sermone</strong></span> <span class='ocrx_word' id='word_1_670' title='bbox 1420 4657 1496 4713; x_wconf 84' lang='lat' dir='ltr'><strong>De</strong></span> <span class='ocrx_word' id='word_1_671' title='bbox 1534 4655 1818 4713; x_wconf 77' lang='lat' dir='ltr'><strong>luminibus</strong></span> <span class='ocrx_word' id='word_1_672' title='bbox 1850 4674 1868 4713; x_wconf 92' lang='lat'><strong>:</strong></span> <span class='ocrx_word' id='word_1_673' title='bbox 1903 4677 1922 4711; x_wconf 82' lang='grc' dir='ltr'><strong>ι</strong></span> <span class='ocrx_word' id='word_1_674' title='bbox 1947 4658 2077 4714; x_wconf 80' lang='lat' dir='ltr'><strong>Rur-</strong></span> 
     </span>
    </p>
   </div>
   <div class='ocr_carea' id='block_1_92' title="bbox 2172 4654 3728 4735">
    <p class='ocr_par' dir='ltr' id='par_1_92' title="bbox 2197 4654 3728 4735">
     <span class='ocr_line' id='line_1_93' title="bbox 2197 4654 3728 4735; baseline -0.007 -18"><span class='ocrx_word' id='word_1_675' title='bbox 2197 4662 2400 4735; x_wconf 79' lang='grc' dir='ltr'>Ἰησοῦς</span> <span class='ocrx_word' id='word_1_676' title='bbox 2426 4665 2454 4716; x_wconf 87' lang='lat'><strong>6</strong></span> <span class='ocrx_word' id='word_1_677' title='bbox 2480 4662 2630 4733; x_wconf 79' lang='grc' dir='ltr'>ἐμὸς,</span> <span class='ocrx_word' id='word_1_678' title='bbox 2668 4663 2763 4716; x_wconf 71' lang='grc' dir='ltr'>καὶ</span> <span class='ocrx_word' id='word_1_679' title='bbox 2795 4661 2955 4715; x_wconf 81' lang='grc' dir='ltr'>πάλιν</span> <span class='ocrx_word' id='word_1_680' title='bbox 2988 4662 3300 4732; x_wconf 87' lang='grc' dir='ltr'>μυστήριον.</span> <span class='ocrx_word' id='word_1_681' title='bbox 3327 4678 3346 4711; x_wconf 76' lang='grc' dir='ltr'><strong>ι</strong></span> <span class='ocrx_word' id='word_1_682' title='bbox 3380 4657 3553 4711; x_wconf 75' lang='grc' dir='ltr'>Τοῦτο</span> <span class='ocrx_word' id='word_1_683' title='bbox 3574 4657 3628 4710; x_wconf 84' lang='grc' dir='ltr'>δὲ</span> <span class='ocrx_word' id='word_1_684' title='bbox 3656 4654 3728 4707; x_wconf 84' lang='grc' dir='ltr'>λέ·</span> 
     </span>
    </p>
   </div>
   <div class='ocr_carea' id='block_1_93' title="bbox 518 4745 2074 4833">
    <p class='ocr_par' dir='ltr' id='par_1_93' title="bbox 518 4745 2074 4821">
     <span class='ocr_line' id='line_1_94' title="bbox 518 4745 2074 4821; baseline 0.003 -18"><span class='ocrx_word' id='word_1_685' title='bbox 518 4761 618 4803; x_wconf 76' lang='lat' dir='ltr'><strong>sus</strong></span> <span class='ocrx_word' id='word_1_686' title='bbox 645 4745 807 4805; x_wconf 80' lang='lat' dir='ltr'><strong>J‘esus</strong></span> <span class='ocrx_word' id='word_1_687' title='bbox 842 4748 933 4804; x_wconf 90' lang='lat' dir='ltr'><strong>ille</strong></span> <span class='ocrx_word' id='word_1_688' title='bbox 958 4762 1133 4814; x_wconf 90' lang='lat' dir='ltr'><strong>meus,</strong></span> <span class='ocrx_word' id='word_1_689' title='bbox 1180 4758 1235 4805; x_wconf 89' lang='lat' dir='ltr'><strong>et</strong></span> <span class='ocrx_word' id='word_1_690' title='bbox 1281 4748 1477 4805; x_wconf 86' lang='lat' dir='ltr'><strong>iterum</strong></span> <span class='ocrx_word' id='word_1_691' title='bbox 1525 4749 1865 4821; x_wconf 85' lang='lat' dir='ltr'><strong>mysterium.</strong></span> <span class='ocrx_word' id='word_1_692' title='bbox 1900 4769 1921 4801; x_wconf 82' lang='grc' dir='ltr'><strong>ι</strong></span> <span class='ocrx_word' id='word_1_693' title='bbox 1965 4749 2074 4806; x_wconf 87' lang='lat' dir='ltr'><strong>Hoc</strong></span> 
     </span>
    </p>
   </div>
   <div class='ocr_carea' id='block_1_94' title="bbox 2173 4745 3729 4833">
    <p class='ocr_par' dir='ltr' id='par_1_94' title="bbox 2182 4746 3729 4833">
     <span class='ocr_line' id='line_1_95' title="bbox 2182 4746 3729 4833; baseline -0.007 -24"><span class='ocrx_word' id='word_1_694' title='bbox 2182 4771 2270 4825; x_wconf 86' lang='grc' dir='ltr'><strong>γει</strong></span> <span class='ocrx_word' id='word_1_695' title='bbox 2293 4753 2499 4833; x_wconf 68' lang='grc' dir='ltr'>διὰτὴν</span> <span class='ocrx_word' id='word_1_696' title='bbox 2520 4753 2707 4829; x_wconf 76' lang='grc' dir='ltr'>ἑορτὴν</span> <span class='ocrx_word' id='word_1_697' title='bbox 2728 4753 2819 4808; x_wconf 83' lang='grc' dir='ltr'><strong>τοῦ</strong></span> <span class='ocrx_word' id='word_1_698' title='bbox 2850 4753 3221 4825; x_wconf 83' lang='grc' dir='ltr'>βαπτίσματος</span> <span class='ocrx_word' id='word_1_699' title='bbox 3246 4769 3261 4783; x_wconf 78' lang='lat'><strong><em>°</em></strong></span> <span class='ocrx_word' id='word_1_700' title='bbox 3296 4750 3389 4805; x_wconf 75' lang='grc' dir='ltr'>καὶ</span> <span class='ocrx_word' id='word_1_701' title='bbox 3422 4751 3481 4804; x_wconf 81' lang='grc' dir='ltr'>ὲν</span> <span class='ocrx_word' id='word_1_702' title='bbox 3512 4752 3625 4812; x_wconf 83' lang='grc' dir='ltr'>τοῖς</span> <span class='ocrx_word' id='word_1_703' title='bbox 3644 4746 3729 4798; x_wconf 82' lang='grc' dir='ltr'>λοι-</span> 
     </span>
    </p>
   </div>
   <div class='ocr_carea' id='block_1_95' title="bbox 516 4839 2072 4920">
    <p class='ocr_par' dir='ltr' id='par_1_95' title="bbox 516 4839 2072 4912">
     <span class='ocr_line' id='line_1_96' title="bbox 516 4839 2072 4912; baseline 0.002 -18"><span class='ocrx_word' id='word_1_704' title='bbox 516 4846 703 4895; x_wconf 77' lang='grc' dir='ltr'>ιιιιθιιι</span> <span class='ocrx_word' id='word_1_705' title='bbox 752 4839 921 4903; x_wconf 91' lang='lat' dir='ltr'><strong>dicit,</strong></span> <span class='ocrx_word' id='word_1_706' title='bbox 965 4850 1187 4912; x_wconf 89' lang='lat' dir='ltr'><strong>propter</strong></span> <span class='ocrx_word' id='word_1_707' title='bbox 1238 4842 1438 4909; x_wconf 74' lang='lat' dir='ltr'><strong>festum</strong></span> <span class='ocrx_word' id='word_1_708' title='bbox 1478 4841 1734 4912; x_wconf 86' lang='lat' dir='ltr'><strong>baptismi</strong></span> <span class='ocrx_word' id='word_1_709' title='bbox 1768 4860 1782 4897; x_wconf 88' lang='lat'><strong>:</strong></span> <span class='ocrx_word' id='word_1_710' title='bbox 1824 4841 2072 4899; x_wconf 82' lang='lat' dir='ltr'><strong>similiter</strong></span> 
     </span>
    </p>
   </div>
   <div class='ocr_carea' id='block_1_96' title="bbox 989 4839 2545 4920">
    <p class='ocr_par' dir='ltr' id='par_1_96' title="bbox 989 4841 2545 4920">
     <span class='ocr_line' id='line_1_97' title="bbox 989 4841 2545 4920; baseline 0.005 -25"><span class='ocrx_word' id='word_1_711' title='bbox 989 4850 1187 4912; x_wconf 61' lang='grc' dir='ltr'>ποριεῖ</span> <span class='ocrx_word' id='word_1_712' title='bbox 1238 4842 1438 4909; x_wconf 74' lang='lat' dir='ltr'><strong>festum</strong></span> <span class='ocrx_word' id='word_1_713' title='bbox 1478 4841 1734 4912; x_wconf 86' lang='lat' dir='ltr'><strong>baptismi</strong></span> <span class='ocrx_word' id='word_1_714' title='bbox 1768 4860 1782 4897; x_wconf 88' lang='lat'><strong>:</strong></span> <span class='ocrx_word' id='word_1_715' title='bbox 1824 4841 2078 4899; x_wconf 86' lang='lat' dir='ltr'><strong>similiter</strong></span> <span class='ocrx_word' id='word_1_716' title='bbox 2182 4849 2305 4911; x_wconf 84' lang='grc' dir='ltr'>ποῖς</span> <span class='ocrx_word' id='word_1_717' title='bbox 2328 4847 2545 4920; x_wconf 85' lang='grc' dir='ltr'>ὁμοίως.</span> 
     </span>
    </p>
   </div>
   <div class='ocr_carea' id='block_1_97' title="bbox 514 4928 1077 5000">
    <p class='ocr_par' dir='ltr' id='par_1_97' title="bbox 514 4928 1077 5000">
     <span class='ocr_line' id='line_1_98' title="bbox 514 4928 1077 5000; baseline 0.005 -18"><span class='ocrx_word' id='word_1_718' title='bbox 514 4928 681 4982; x_wconf 85' lang='lat' dir='ltr'><strong>etiam</strong></span> <span class='ocrx_word' id='word_1_719' title='bbox 729 4928 785 4983; x_wconf 84' lang='lat' dir='ltr'><strong>in</strong></span> <span class='ocrx_word' id='word_1_720' title='bbox 833 4930 1077 5000; x_wconf 78' lang='lat' dir='ltr'><strong>reliquis.</strong></span> 
     </span>
    </p>
   </div>
   <div class='ocr_carea' id='block_1_98' title="bbox 589 5009 2145 5098">
    <p class='ocr_par' dir='ltr' id='par_1_98' title="bbox 589 5009 2082 5089">
     <span class='ocr_line' id='line_1_99' title="bbox 589 5009 2082 5089; baseline 0.004 -22"><span class='ocrx_word' id='word_1_721' title='bbox 589 5009 812 5077; x_wconf 57' lang='lat' dir='ltr'><strong>ngsr.</strong></span> <span class='ocrx_word' id='word_1_722' title='bbox 846 5011 1078 5070; x_wconf 79' lang='lat' dir='ltr'><strong>XCVIII.</strong></span> <span class='ocrx_word' id='word_1_723' title='bbox 1119 5013 1257 5081; x_wconf 88' lang='lat' dir='ltr'><strong>Quid</strong></span> <span class='ocrx_word' id='word_1_724' title='bbox 1284 5023 1387 5081; x_wconf 89' lang='lat' dir='ltr'><strong>est,</strong></span> <span class='ocrx_word' id='word_1_725' title='bbox 1416 5018 1561 5088; x_wconf 91' lang='lat' dir='ltr'><strong>quod</strong></span> <span class='ocrx_word' id='word_1_726' title='bbox 1596 5018 1813 5089; x_wconf 88' lang='lat' dir='ltr'><strong>inquit:</strong></span> <span class='ocrx_word' id='word_1_727' title='bbox 1846 5036 1864 5070; x_wconf 84' lang='grc' dir='ltr'><strong>ι</strong></span> <span class='ocrx_word' id='word_1_728' title='bbox 1891 5017 1948 5073; x_wconf 92' lang='lat' dir='ltr'><strong>Si</strong></span> <span class='ocrx_word' id='word_1_729' title='bbox 1984 5033 2082 5073; x_wconf 90' lang='lat' dir='ltr'><strong>cu-</strong></span> 
     </span>
    </p>
   </div>
   <div class='ocr_carea' id='block_1_99' title="bbox 2169 5009 3725 5098">
    <p class='ocr_par' dir='ltr' id='par_1_99' title="bbox 2259 5020 3725 5098">
     <span class='ocr_line' id='line_1_100' title="bbox 2259 5020 3725 5098; baseline -0.007 -19"><span class='ocrx_word' id='word_1_730' title='bbox 2259 5025 2451 5098; x_wconf 83' lang='grc' dir='ltr'>Ἐρώτ.</span> <span class='ocrx_word' id='word_1_731' title='bbox 2492 5022 2596 5097; x_wconf 48' lang='grc' dir='ltr'>κη’.</span> <span class='ocrx_word' id='word_1_732' title='bbox 2625 5024 2689 5078; x_wconf 86' lang='grc' dir='ltr'>Τί</span> <span class='ocrx_word' id='word_1_733' title='bbox 2725 5024 2898 5093; x_wconf 74' lang='grc' dir='ltr'>λέγει’</span> <span class='ocrx_word' id='word_1_734' title='bbox 2931 5042 2949 5075; x_wconf 83' lang='grc' dir='ltr'><strong>ι</strong></span> <span class='ocrx_word' id='word_1_735' title='bbox 2985 5022 3054 5077; x_wconf 67' lang='lat' dir='ltr'><strong>Et</strong></span> <span class='ocrx_word' id='word_1_736' title='bbox 3085 5038 3228 5085; x_wconf 88' lang='grc' dir='ltr'>τινος</span> <span class='ocrx_word' id='word_1_737' title='bbox 3275 5020 3336 5074; x_wconf 83' lang='grc' dir='ltr'><strong>τὺ</strong></span> <span class='ocrx_word' id='word_1_738' title='bbox 3368 5020 3527 5093; x_wconf 77' lang='grc' dir='ltr'>ἔργον</span> <span class='ocrx_word' id='word_1_739' title='bbox 3578 5033 3725 5073; x_wconf 80' lang='grc' dir='ltr'>καταο</span> 
     </span>
    </p>
   </div>
   <div class='ocr_carea' id='block_1_100' title="bbox 511 5100 2067 5184">
    <p class='ocr_par' dir='ltr' id='par_1_100' title="bbox 511 5100 2067 5181">
     <span class='ocr_line' id='line_1_101' title="bbox 511 5100 2067 5181; baseline 0.003 -22"><span class='ocrx_word' id='word_1_740' title='bbox 511 5100 602 5176; x_wconf 67' lang='lat' dir='ltr'><strong>jus</strong></span> <span class='ocrx_word' id='word_1_741' title='bbox 630 5119 769 5175; x_wconf 89' lang='lat' dir='ltr'><strong>opus</strong></span> <span class='ocrx_word' id='word_1_742' title='bbox 795 5106 1013 5169; x_wconf 81' lang='lat' dir='ltr'><strong>arserit,</strong></span> <span class='ocrx_word' id='word_1_743' title='bbox 1039 5105 1296 5163; x_wconf 88' lang='lat' dir='ltr'><strong>damnum</strong></span> <span class='ocrx_word' id='word_1_744' title='bbox 1322 5110 1585 5179; x_wconf 90' lang='lat' dir='ltr'><strong>patietur:</strong></span> <span class='ocrx_word' id='word_1_745' title='bbox 1607 5111 1726 5181; x_wconf 92' lang='lat' dir='ltr'><strong>ipse</strong></span> <span class='ocrx_word' id='word_1_746' title='bbox 1748 5117 1927 5166; x_wconf 90' lang='lat' dir='ltr'><strong>autem</strong></span> <span class='ocrx_word' id='word_1_747' title='bbox 1962 5111 2067 5166; x_wconf 89' lang='lat' dir='ltr'><strong>sal-</strong></span> 
     </span>
    </p>
   </div>
   <div class='ocr_carea' id='block_1_101' title="bbox 2167 5100 3723 5184">
    <p class='ocr_par' dir='ltr' id='par_1_101' title="bbox 2177 5107 3723 5184">
     <span class='ocr_line' id='line_1_102' title="bbox 2177 5107 3723 5184; baseline -0.006 -17"><span class='ocrx_word' id='word_1_748' title='bbox 2177 5114 2459 5183; x_wconf 84' lang='grc' dir='ltr'>καήσεται,</span> <span class='ocrx_word' id='word_1_749' title='bbox 2487 5111 2893 5184; x_wconf 80' lang='grc' dir='ltr'>ζημιωθήσεται</span> <span class='ocrx_word' id='word_1_750' title='bbox 2912 5129 2927 5143; x_wconf 71' lang='grc' dir='ltr'>ο</span> <span class='ocrx_word' id='word_1_751' title='bbox 2959 5111 3122 5175; x_wconf 76' lang='grc' dir='ltr'>αὐτὸς</span> <span class='ocrx_word' id='word_1_752' title='bbox 3147 5110 3205 5164; x_wconf 85' lang='grc' dir='ltr'>δὲ</span> <span class='ocrx_word' id='word_1_753' title='bbox 3237 5109 3562 5181; x_wconf 81' lang='grc' dir='ltr'>σωθήσεται,</span> <span class='ocrx_word' id='word_1_754' title='bbox 3599 5107 3723 5161; x_wconf 75' lang='grc' dir='ltr'>οὕτω</span> 
     </span>
    </p>
   </div>
   <div class='ocr_carea' id='block_1_102' title="bbox 511 5195 2067 5274">
    <p class='ocr_par' dir='ltr' id='par_1_102' title="bbox 511 5195 1769 5272">
     <span class='ocr_line' id='line_1_103' title="bbox 511 5195 1769 5272; baseline 0.003 -23"><span class='ocrx_word' id='word_1_755' title='bbox 511 5211 615 5250; x_wconf 84' lang='lat' dir='ltr'><strong>vus</strong></span> <span class='ocrx_word' id='word_1_756' title='bbox 648 5195 773 5261; x_wconf 89' lang='lat' dir='ltr'><strong>erit,</strong></span> <span class='ocrx_word' id='word_1_757' title='bbox 805 5198 887 5252; x_wconf 86' lang='lat' dir='ltr'><strong>sic</strong></span> <span class='ocrx_word' id='word_1_758' title='bbox 915 5206 1096 5254; x_wconf 87' lang='lat' dir='ltr'><strong>tamen</strong></span> <span class='ocrx_word' id='word_1_759' title='bbox 1130 5200 1288 5271; x_wconf 85' lang='lat' dir='ltr'><strong>quasi</strong></span> <span class='ocrx_word' id='word_1_760' title='bbox 1319 5217 1415 5272; x_wconf 89' lang='lat' dir='ltr'><strong>per</strong></span> <span class='ocrx_word' id='word_1_761' title='bbox 1439 5201 1621 5272; x_wconf 83' lang='lat' dir='ltr'><strong>ignem</strong></span> <span class='ocrx_word' id='word_1_762' title='bbox 1642 5202 1722 5257; x_wconf 67' lang='grc'><strong>⁸⁸2</strong></span> <span class='ocrx_word' id='word_1_763' title='bbox 1750 5221 1769 5253; x_wconf 76' lang='grc' dir='ltr'><strong>ι</strong></span> 
     </span>
    </p>
   </div>
   <div class='ocr_carea' id='block_1_103' title="bbox 1178 5195 2734 5274">
    <p class='ocr_par' dir='ltr' id='par_1_103' title="bbox 1178 5200 2734 5274">
     <span class='ocr_line' id='line_1_104' title="bbox 1178 5200 2734 5274; baseline -0.001 -19"><span class='ocrx_word' id='word_1_764' title='bbox 1178 5200 1288 5257; x_wconf 90' lang='lat' dir='ltr'><strong>uasi</strong></span> <span class='ocrx_word' id='word_1_765' title='bbox 1319 5217 1415 5272; x_wconf 90' lang='lat' dir='ltr'><strong>per</strong></span> <span class='ocrx_word' id='word_1_766' title='bbox 1439 5201 1621 5272; x_wconf 83' lang='lat' dir='ltr'><strong>ignem</strong></span> <span class='ocrx_word' id='word_1_767' title='bbox 1642 5202 1722 5257; x_wconf 64' lang='grc' dir='ltr'><strong>δεῖ</strong></span> <span class='ocrx_word' id='word_1_768' title='bbox 1750 5221 1769 5253; x_wconf 74' lang='grc' dir='ltr'><strong>ι</strong></span> <span class='ocrx_word' id='word_1_769' title='bbox 2175 5203 2232 5257; x_wconf 85' lang='grc' dir='ltr'>δὲ</span> <span class='ocrx_word' id='word_1_770' title='bbox 2253 5204 2328 5267; x_wconf 85' lang='grc' dir='ltr'><strong>ὡς</strong></span> <span class='ocrx_word' id='word_1_771' title='bbox 2355 5203 2443 5257; x_wconf 77' lang='grc' dir='ltr'><strong>διὰ</strong></span> <span class='ocrx_word' id='word_1_772' title='bbox 2471 5202 2639 5274; x_wconf 72' lang='grc' dir='ltr'>σωρός</span> <span class='ocrx_word' id='word_1_773' title='bbox 2664 5220 2681 5263; x_wconf 71' lang='grc' dir='ltr'><strong>ι</strong></span> <span class='ocrx_word' id='word_1_774' title='bbox 2715 5221 2734 5254; x_wconf 77' lang='grc' dir='ltr'><strong>ι</strong></span> 
     </span>
    </p>
   </div>
   <div class='ocr_carea' id='block_1_104' title="bbox 581 5284 2137 5365">
    <p class='ocr_par' dir='ltr' id='par_1_104' title="bbox 581 5284 2078 5365">
     <span class='ocr_line' id='line_1_105' title="bbox 581 5284 2078 5365; baseline 0.007 -26"><span class='ocrx_word' id='word_1_775' title='bbox 581 5284 744 5343; x_wconf 67' lang='lat' dir='ltr'><strong>lisse.</strong></span> <span class='ocrx_word' id='word_1_776' title='bbox 795 5287 855 5342; x_wconf 91' lang='lat' dir='ltr'><strong>Si</strong></span> <span class='ocrx_word' id='word_1_777' title='bbox 901 5290 1060 5359; x_wconf 89' lang='lat' dir='ltr'><strong>cujus</strong></span> <span class='ocrx_word' id='word_1_778' title='bbox 1099 5307 1237 5362; x_wconf 89' lang='lat' dir='ltr'><strong>opus</strong></span> <span class='ocrx_word' id='word_1_779' title='bbox 1282 5294 1500 5355; x_wconf 86' lang='lat' dir='ltr'><strong>arserit,</strong></span> <span class='ocrx_word' id='word_1_780' title='bbox 1542 5294 1798 5349; x_wconf 88' lang='lat' dir='ltr'><strong>damnum</strong></span> <span class='ocrx_word' id='word_1_781' title='bbox 1840 5296 2078 5365; x_wconf 87' lang='lat' dir='ltr'><strong>patietur</strong></span> 
     </span>
    </p>
   </div>
   <div class='ocr_carea' id='block_1_105' title="bbox 2161 5284 3717 5365">
    <p class='ocr_par' dir='ltr' id='par_1_105' title="bbox 2259 5286 3717 5365">
     <span class='ocr_line' id='line_1_106' title="bbox 2259 5286 3717 5365; baseline -0.006 -16"><span class='ocrx_word' id='word_1_782' title='bbox 2259 5295 2450 5349; x_wconf 78' lang='grc' dir='ltr'>Ἀπόκ.</span> <span class='ocrx_word' id='word_1_783' title='bbox 2486 5296 2555 5348; x_wconf 81' lang='grc' dir='ltr'><strong>Εἴ</strong></span> <span class='ocrx_word' id='word_1_784' title='bbox 2577 5312 2721 5358; x_wconf 76' lang='grc' dir='ltr'>τινος</span> <span class='ocrx_word' id='word_1_785' title='bbox 2744 5294 2802 5347; x_wconf 76' lang='grc' dir='ltr'><strong>τὸ</strong></span> <span class='ocrx_word' id='word_1_786' title='bbox 2829 5293 2987 5365; x_wconf 78' lang='grc' dir='ltr'>ἔργον</span> <span class='ocrx_word' id='word_1_787' title='bbox 3019 5294 3441 5363; x_wconf 73' lang='grc' dir='ltr'>κατακαήσεται,</span> <span class='ocrx_word' id='word_1_788' title='bbox 3471 5286 3717 5360; x_wconf 71' lang='grc' dir='ltr'>ζημιωθή-</span> 
     </span>
    </p>
   </div>
   <div class='ocr_carea' id='block_1_106' title="bbox 509 5379 2065 5459">
    <p class='ocr_par' dir='ltr' id='par_1_106' title="bbox 509 5379 2065 5458">
     <span class='ocr_line' id='line_1_107' title="bbox 509 5379 2065 5458; baseline 0.007 -27"><span class='ocrx_word' id='word_1_789' title='bbox 509 5379 661 5448; x_wconf 86' lang='lat' dir='ltr'><strong>regni</strong></span> <span class='ocrx_word' id='word_1_790' title='bbox 692 5379 954 5435; x_wconf 67' lang='lat' dir='ltr'><strong>caelorum</strong></span> <span class='ocrx_word' id='word_1_791' title='bbox 987 5401 1000 5437; x_wconf 92' lang='lat'><strong>:</strong></span> <span class='ocrx_word' id='word_1_792' title='bbox 1028 5384 1212 5439; x_wconf 83' lang='lat' dir='ltr'><strong>salvus</strong></span> <span class='ocrx_word' id='word_1_793' title='bbox 1244 5398 1374 5440; x_wconf 89' lang='lat' dir='ltr'><strong>vero</strong></span> <span class='ocrx_word' id='word_1_794' title='bbox 1408 5383 1499 5438; x_wconf 89' lang='lat' dir='ltr'><strong>ﬁet</strong></span> <span class='ocrx_word' id='word_1_795' title='bbox 1529 5384 1644 5454; x_wconf 91' lang='lat' dir='ltr'><strong>ipse</strong></span> <span class='ocrx_word' id='word_1_796' title='bbox 1692 5393 1951 5457; x_wconf 90' lang='lat' dir='ltr'><strong>tanquam</strong></span> <span class='ocrx_word' id='word_1_797' title='bbox 1979 5403 2065 5458; x_wconf 84' lang='lat' dir='ltr'><strong>per</strong></span> 
     </span>
    </p>
   </div>
   <div class='ocr_carea' id='block_1_107' title="bbox 2166 5379 3722 5459">
    <p class='ocr_par' dir='ltr' id='par_1_107' title="bbox 2179 5381 3722 5459">
     <span class='ocr_line' id='line_1_108' title="bbox 2179 5381 3722 5459; baseline -0.006 -18"><span class='ocrx_word' id='word_1_798' title='bbox 2179 5404 2327 5441; x_wconf 88' lang='grc' dir='ltr'>σεται</span> <span class='ocrx_word' id='word_1_799' title='bbox 2352 5386 2449 5459; x_wconf 82' lang='grc' dir='ltr'><strong>τὴν</strong></span> <span class='ocrx_word' id='word_1_800' title='bbox 2486 5386 2760 5458; x_wconf 81' lang='grc' dir='ltr'>βασιλείαν</span> <span class='ocrx_word' id='word_1_801' title='bbox 2782 5387 2888 5438; x_wconf 82' lang='grc' dir='ltr'><strong>τῶν</strong></span> <span class='ocrx_word' id='word_1_802' title='bbox 2913 5384 3154 5457; x_wconf 74' lang='grc' dir='ltr'>οὐρανῶν</span> <span class='ocrx_word' id='word_1_803' title='bbox 3174 5403 3187 5415; x_wconf 91' lang='grc'>·</span> <span class='ocrx_word' id='word_1_804' title='bbox 3223 5384 3526 5456; x_wconf 82' lang='grc' dir='ltr'>σωθήσεται</span> <span class='ocrx_word' id='word_1_805' title='bbox 3555 5384 3611 5436; x_wconf 78' lang='grc' dir='ltr'>δὲ</span> <span class='ocrx_word' id='word_1_806' title='bbox 3639 5381 3722 5434; x_wconf 75' lang='grc' dir='ltr'><strong>αὖ·</strong></span> 
     </span>
    </p>
   </div>
   <div class='ocr_carea' id='block_1_108' title="bbox 509 5468 2065 5551">
    <p class='ocr_par' dir='ltr' id='par_1_108' title="bbox 509 5468 2065 5543">
     <span class='ocr_line' id='line_1_109' title="bbox 509 5468 2065 5543; baseline 0.008 -20"><span class='ocrx_word' id='word_1_807' title='bbox 509 5468 713 5542; x_wconf 81' lang='lat' dir='ltr'><strong>ignem.</strong></span> <span class='ocrx_word' id='word_1_808' title='bbox 749 5469 1035 5537; x_wconf 90' lang='lat' dir='ltr'><strong>Quomodo</strong></span> <span class='ocrx_word' id='word_1_809' title='bbox 1076 5490 1206 5530; x_wconf 85' lang='lat' dir='ltr'><strong>vero</strong></span> <span class='ocrx_word' id='word_1_810' title='bbox 1243 5475 1588 5531; x_wconf 87' lang='lat' dir='ltr'><strong>servabitur?</strong></span> <span class='ocrx_word' id='word_1_811' title='bbox 1615 5477 1717 5531; x_wconf 90' lang='lat' dir='ltr'><strong>hoc</strong></span> <span class='ocrx_word' id='word_1_812' title='bbox 1753 5486 1859 5543; x_wconf 86' lang='lat' dir='ltr'><strong>est,</strong></span> <span class='ocrx_word' id='word_1_813' title='bbox 1889 5480 2065 5535; x_wconf 78' lang='lat' dir='ltr'><strong>salvus</strong></span> 
     </span>
    </p>
   </div>
   <div class='ocr_carea' id='block_1_109' title="bbox 2158 5468 3714 5551">
    <p class='ocr_par' dir='ltr' id='par_1_109' title="bbox 2175 5474 3714 5551">
     <span class='ocr_line' id='line_1_110' title="bbox 2175 5474 3714 5551; baseline -0.004 -19"><span class='ocrx_word' id='word_1_814' title='bbox 2175 5481 2264 5545; x_wconf 81' lang='grc' dir='ltr'>τὸς</span> <span class='ocrx_word' id='word_1_815' title='bbox 2309 5480 2385 5545; x_wconf 86' lang='grc' dir='ltr'>ὡς</span> <span class='ocrx_word' id='word_1_816' title='bbox 2441 5480 2527 5533; x_wconf 74' lang='grc' dir='ltr'><strong>διὰ</strong></span> <span class='ocrx_word' id='word_1_817' title='bbox 2580 5480 2766 5551; x_wconf 85' lang='grc' dir='ltr'>πυρός.</span> <span class='ocrx_word' id='word_1_818' title='bbox 2813 5478 2936 5541; x_wconf 85' lang='grc' dir='ltr'><strong>Πῶς</strong></span> <span class='ocrx_word' id='word_1_819' title='bbox 2988 5478 3042 5531; x_wconf 84' lang='grc' dir='ltr'>δὲ</span> <span class='ocrx_word' id='word_1_820' title='bbox 3085 5477 3415 5549; x_wconf 84' lang='grc' dir='ltr'>σωθήσεται;</span> <span class='ocrx_word' id='word_1_821' title='bbox 3470 5474 3714 5534; x_wconf 78' lang='grc' dir='ltr'>τουτέστι,</span> 
     </span>
    </p>
   </div>
   <div class='ocr_carea' id='block_1_110' title="bbox 447 5586 2003 5676">
    <p class='ocr_par' dir='ltr' id='par_1_110' title="bbox 447 5586 2003 5676">
     <span class='ocr_line' id='line_1_111' title="bbox 447 5586 2003 5676; baseline 0.001 -34"><span class='ocrx_word' id='word_1_822' title='bbox 447 5591 481 5651; x_wconf 63' lang='grc' dir='ltr'>,ρ</span> <span class='ocrx_word' id='word_1_823' title='bbox 579 5587 630 5620; x_wconf 77' lang='grc' dir='ltr'><strong>ιι</strong></span> <span class='ocrx_word' id='word_1_824' title='bbox 668 5586 1057 5669; x_wconf 50' lang='lat' dir='ltr'><strong>leaenae,</strong></span> <span class='ocrx_word' id='word_1_825' title='bbox 1083 5590 1205 5676; x_wconf 45' lang='grc' dir='ltr'><strong>ετ.</strong></span> <span class='ocrx_word' id='word_1_826' title='bbox 1250 5591 1299 5623; x_wconf 67' lang='grc' dir='ltr'><strong>ιι</strong></span> <span class='ocrx_word' id='word_1_827' title='bbox 1335 5591 1467 5647; x_wconf 88' lang='lat' dir='ltr'><strong>ibid.</strong></span> <span class='ocrx_word' id='word_1_828' title='bbox 1498 5591 1588 5648; x_wconf 73' lang='lat' dir='ltr'><strong>es.</strong></span> <span class='ocrx_word' id='word_1_829' title='bbox 1665 5592 1709 5624; x_wconf 70' lang='grc' dir='ltr'><strong>σε</strong></span> <span class='ocrx_word' id='word_1_830' title='bbox 1749 5592 1883 5648; x_wconf 87' lang='lat' dir='ltr'><strong>ibid.</strong></span> <span class='ocrx_word' id='word_1_831' title='bbox 1958 5594 2003 5626; x_wconf 76' lang='grc' dir='ltr'>ε·</span> 
     </span>
    </p>
   </div>
   <div class='ocr_carea' id='block_1_111' title="bbox 2030 5586 3586 5676">
    <p class='ocr_par' dir='ltr' id='par_1_111' title="bbox 2044 5592 3586 5667">
     <span class='ocr_line' id='line_1_112' title="bbox 2044 5592 3586 5667; baseline -0.005 -14"><span class='ocrx_word' id='word_1_832' title='bbox 2044 5595 2065 5653; x_wconf 94' lang='lat' dir='ltr'><strong>I</strong></span> <span class='ocrx_word' id='word_1_833' title='bbox 2098 5595 2225 5652; x_wconf 88' lang='lat' dir='ltr'><strong>Cor.</strong></span> <span class='ocrx_word' id='word_1_834' title='bbox 2263 5612 2333 5654; x_wconf 83' lang='grc' dir='ltr'><strong>ιι.</strong></span> <span class='ocrx_word' id='word_1_835' title='bbox 2367 5597 2420 5651; x_wconf 90' lang='grc'>7.</span> <span class='ocrx_word' id='word_1_836' title='bbox 2495 5596 2541 5627; x_wconf 84' lang='grc'><strong>³⁷</strong></span> <span class='ocrx_word' id='word_1_837' title='bbox 2582 5594 2783 5667; x_wconf 85' lang='lat' dir='ltr'><strong>Ephes.</strong></span> <span class='ocrx_word' id='word_1_838' title='bbox 2823 5610 2919 5659; x_wconf 80' lang='grc' dir='ltr'>ιιι,</span> <span class='ocrx_word' id='word_1_839' title='bbox 2951 5594 3036 5648; x_wconf 76' lang='grc'><strong>10.</strong></span> <span class='ocrx_word' id='word_1_840' title='bbox 3114 5593 3159 5627; x_wconf 82' lang='grc'><strong>⁸⁸</strong></span> <span class='ocrx_word' id='word_1_841' title='bbox 3181 5592 3202 5646; x_wconf 86' lang='grc'><strong>1</strong></span> <span class='ocrx_word' id='word_1_842' title='bbox 3227 5592 3357 5649; x_wconf 90' lang='lat' dir='ltr'><strong>Cor.</strong></span> <span class='ocrx_word' id='word_1_843' title='bbox 3388 5609 3470 5661; x_wconf 89' lang='grc' dir='ltr'>ιιι,</span> <span class='ocrx_word' id='word_1_844' title='bbox 3504 5592 3586 5648; x_wconf 81' lang='lat' dir='ltr'><strong>l5.</strong></span> 
     </span>
    </p>
   </div>
   <div class='ocr_carea' id='block_1_112' title="bbox 476 5721 2032 5811">
    <p class='ocr_par' dir='ltr' id='par_1_112' title="bbox 476 5721 2032 5811">
     <span class='ocr_line' id='line_1_113' title="bbox 476 5721 2032 5811; baseline 0.002 -28"><span class='ocrx_word' id='word_1_845' title='bbox 476 5804 483 5811; x_wconf 78' lang='lat'><em>_</em></span> <span class='ocrx_word' id='word_1_846' title='bbox 579 5721 654 5795; x_wconf 72' lang='lat'><strong>(5)</strong></span> <span class='ocrx_word' id='word_1_847' title='bbox 681 5722 862 5798; x_wconf 68' lang='grc' dir='ltr'>στος..</span> <span class='ocrx_word' id='word_1_848' title='bbox 890 5723 1041 5780; x_wconf 90' lang='lat' dir='ltr'><strong>Orat.</strong></span> <span class='ocrx_word' id='word_1_849' title='bbox 1075 5724 1143 5781; x_wconf 77' lang='lat'><strong>39</strong></span> <span class='ocrx_word' id='word_1_850' title='bbox 1178 5725 1231 5780; x_wconf 91' lang='lat' dir='ltr'><strong>in</strong></span> <span class='ocrx_word' id='word_1_851' title='bbox 1261 5735 1449 5785; x_wconf 81' lang='lat' dir='ltr'><strong>sancta</strong></span> <span class='ocrx_word' id='word_1_852' title='bbox 1487 5726 1689 5783; x_wconf 86' lang='lat' dir='ltr'><strong>Iumina</strong></span> <span class='ocrx_word' id='word_1_853' title='bbox 1730 5726 2032 5801; x_wconf 70' lang='lat' dir='ltr'><strong>Epiphaniae</strong></span> 
     </span>
    </p>
   </div>
   <div class='ocr_carea' id='block_1_113' title="bbox 1788 5721 3344 5811">
    <p class='ocr_par' dir='ltr' id='par_1_113' title="bbox 1788 5729 3344 5803">
     <span class='ocr_line' id='line_1_114' title="bbox 1788 5729 3344 5803; baseline 0 -21"><span class='ocrx_word' id='word_1_854' title='bbox 1788 5729 2059 5800; x_wconf 66' lang='lat' dir='ltr'><strong>piphanicc.</strong></span> <span class='ocrx_word' id='word_1_855' title='bbox 2244 5734 2320 5803; x_wconf 65' lang='grc' dir='ltr'>(ιι)</span> <span class='ocrx_word' id='word_1_856' title='bbox 2360 5732 2414 5787; x_wconf 87' lang='lat' dir='ltr'><strong>In</strong></span> <span class='ocrx_word' id='word_1_857' title='bbox 2441 5731 2777 5803; x_wconf 73' lang='grc' dir='ltr'>σαγηνεὺειν,</span> <span class='ocrx_word' id='word_1_858' title='bbox 2805 5734 2925 5788; x_wconf 76' lang='lat' dir='ltr'><strong>vide</strong></span> <span class='ocrx_word' id='word_1_859' title='bbox 2954 5731 3344 5788; x_wconf 79' lang='lat' dir='ltr'><strong>Onomasticon.</strong></span> 
     </span>
    </p>
   </div>
  </div>
