4088 6382
344 244 447 318 757

1383 256 1838 325 QU.~ESTlONi-;S
1875 255 1939 310 lN
1979 255 2353 312 EPISTULAS
2389 228 2619 316 PAULI.-

3500 261 3603 318 758

345 371 482 435 σῶος
515 371 609 424 καὶ
638 372 890 444 ἀκέραιος
919 373 1066 443 μένει
1095 375 1152 427 ὲν
1187 374 1262 445 τῷ
1289 377 1440 448 πυρὶ,
1491 379 1584 431 καὶ
1624 378 1718 430 οὐκ
1754 376 1910 445 ὀψε-ια

2043 385 2094 428 et
2122 375 2326 446 integer
2349 377 2664 432 manebit'm
2699 377 2841 448 igne.
2875 392 2975 432 nec
3004 378 3207 433 videbit
3231 387 3481 440 mortem,
3504 377 3603 434 sed

345 456 595 526 θάνατον,
632 463 767 516 ἀλλὰ
803 464 862 516 τὸ
901 464 1057 534 ἔργον
1096 467 1259 519 αὑτοῦ
1311 468 1470 538 μόνον
1529 470 1926 538 κατακαήσεται

344 555 434 606 καὶ
464 554 828 625 χαωθήσεται.
863 557 1035 619 Αὐτὸς
1055 558 1110 610 δὲ
1143 558 1396 628 ἀκέραιος
1434 560 1584 630 μένει
1635 562 1712 622 εἰς
1758 559 1926 612 αἰῶνα

347 647 543 708 αἰῶνος
565 647 950 718 κολαζόμενος,
984 650 1078 701 καὶ
1099 652 1161 702 ού
1191 651 1592 721 διαλυθήσεται.

422 738 613 809 Ἐρὼτ.
649 741 752 806 ιιθν.
803 741 867 792 Τί
893 741 1074 809 λέγει·
1117 761 1135 792 ι
1169 743 1358 812 Μικρά
1409 744 1554 814 ζύμη
1578 745 1695 797 ὅλον
1719 744 1778 796 τὸ
1821 744 1922 812 φύ-

344 847 494 902 ραμα
523 829 688 901 ζυμοῖ
709 848 722 895 ;
762 851 780 882 ι

422 922 615 975 Ἀπόκ.
662 923 835 976 Τοῦτο
867 923 1014 992 λέγει
1069 924 1157 978 διὰ
1188 927 1313 989 τοὺς
1358 927 1628 997 πονηροὺς
1661 927 1754 979 καὶ
1797 943 1922 979 σκο-

340 1013 484 1076 λιοὺς
508 1012 850 1085 ἀνθρώπους.
878 1015 1017 1079 Ὅτι,
1041 1014 1227 1088 ὥσπερ
1269 1018 1302 1087 ἡ
1333 1017 1537 1070 παλαιὰ
1576 1017 1718 1088 ζύμη
1755 1018 1923 1090 μικρὰ

346 1103 443 1175 μὲν
488 1105 628 1169 ἔστι,
672 1107 807 1160 πολὺ
842 1107 897 1160 δὲ
923 1107 1146 1178 ἄλευρον
1193 1111 1336 1160 ποιεῖ
1396 1108 1744 1180 ζυμωθῆναι·
1780 1109 1922 1162 οὕτω

343 1197 436 1248 καὶ
482 1197 511 1249 ό
560 1197 852 1261 κακοποιὸς
888 1199 1193 1271 ἄνθρωπος,
1237 1199 1453 1270 τρέφων
1505 1201 1562 1252 ἐν
1602 1199 1778 1271 ἑαυτῷ
1824 1200 1921 1271 τὴν

339 1287 576 1350 κακίαν,
637 1289 958 1360 μεταδίδωσι
1006 1290 1245 1353 καὶτοῖς
1290 1290 1510 1356 ἄλλοις,
1567 1293 1661 1345 καὶ
1711 1291 1918 1360 γίνεται

343 1379 656 1442 σκάνδαλον,
686 1383 782 1434 καὶ
813 1381 1184 1436 καταϐλάπτει
1222 1384 1470 1449 πολλούς.
1504 1385 1602 1438 Διὰ
1629 1383 1786 1438 τοῦτο
1817 1387 1919 1439 πά-

342 1467 422 1522 λιν
455 1469 641 1538 λέγει·
679 1488 700 1522 ι
756 1472 1130 1544 Ἐκκαθάρατε
1175 1469 1266 1528 οὖν
1305 1473 1403 1545 τὴν
1442 1473 1673 1529 παλαιὰν
1717 1475 1914 1546 ζύμην,

345 1559 427 1612 ἵνα
449 1555 546 1629 ἦτε
576 1561 723 1614 νέοι·
763 1580 782 1613 ι
818 1563 1128 1618 τουτέστιν·
1185 1565 1505 1630 Ἐκδιὼξατε
1549 1568 1640 1620 τὸν
1685 1569 1917 1638 πονηρὸν

343 1649 432 1702 καὶ
457 1651 668 1705 σκολιὸν
704 1653 762 1718 ἐξ
791 1654 942 1723 ὑμῶν
965 1695 978 1718 ,
1017 1655 1050 1726 ἢ
1101 1655 1299 1724 φύγετε
1332 1658 1426 1710 ἀπ’
1473 1658 1636 1711 αὑτοῦ
1661 1675 1674 1689 ·
1732 1659 1916 1730 ἐπειδὴ

2030 480 2166 532 opus
2211 466 2381 534 ipsius
2432 467 2774 520 solummodo
2822 467 3172 522 comburetur
3201 476 3254 523 et
3297 467 3601 523 confunde-

2027 562 2138 609 tur.
2175 555 2294 625 Ipse
2323 573 2453 611 vero
2487 565 2749 612 aeternum
2792 558 3129 628 permanebit
3180 559 3386 628 integer
3410 571 3601 627 poenas

2027 647 2184 701 luens
2213 666 2225 700 :
2258 664 2357 702 nec
2392 657 2572 702 tamen
2599 650 2947 704 dissolvetur.

2099 739 2320 804 Quassr.
2369 740 2554 796 XCIX.
2599 741 2741 808 Quid
2771 750 2874 804 est,
2907 742 3050 812 quod
3081 741 3214 795 dicit
3241 760 3294 796 ι(
3325 739 3598 795 Modicum

2023 828 2277 885 fermenti
2317 839 2487 884 totam
2528 847 2764 888 massam
2799 833 3194 888 fermentat”?
3223 853 3241 886 ι

2095 922 2258 980 Resr.
2301 923 2416 979 Hoc
2448 933 2670 995 propter
2704 927 2876 980 malos
2919 934 2972 980 et
3018 941 3304 993 perversos
3344 925 3594 980 homines

2022 1012 2172 1066 dicit.
2219 1013 2354 1067 Nam
2404 1015 2861 1084 quemadmodum
2901 1023 3056 1070 vetus
3106 1016 3432 1071 fermentum
3480 1015 3596 1069 exi-

2025 1119 2190 1173 guum
2215 1105 2432 1174 quidem
2457 1117 2561 1169 est,
2595 1107 2822 1160 multum
2855 1114 3034 1160 autem
3067 1106 3254 1161 farina:
3279 1111 3591 1162 fermentat:

2021 1195 2088 1248 ad
2115 1197 2366 1252 eumdem
2396 1197 2615 1251 modum
2654 1198 2831 1252 malus
2871 1198 3051 1262 homo,
3096 1199 3188 1268 qui
3230 1200 3283 1252 in
3321 1213 3380 1252 se
3421 1197 3595 1251 nutrit

2019 1289 2308 1351 malitiam,
2355 1289 2598 1358 impertit
2641 1304 2760 1343 eam
2799 1289 2944 1351 aliis,
2996 1299 3048 1343 et
3079 1289 3213 1359 ipsis
3245 1298 3329 1345 est
3360 1288 3594 1343 scanda-

2020 1379 2156 1442 lum,
2212 1381 2523 1452 multosque
2578 1381 2758 1446 laedit;
2814 1389 3098 1452 propterea
3151 1397 3369 1436 rursum
3416 1379 3588 1436 dicit:

2025 1489 2044 1522 ι
2076 1471 2382 1542 Expurgate
2416 1474 2598 1544 itaque
2651 1479 2808 1527 vetus
2872 1471 3216 1538 fermentum,
3255 1481 3314 1524 ut
3354 1471 3479 1525 novi
3523 1472 3595 1524 si-

2018 1562 2086 1617 tis
2111 1563 2190 1628 °°,
2223 1583 2241 1614 ι
2285 1563 2388 1633 hoc
2427 1573 2510 1618 est
2536 1583 2549 1619 :
2575 1563 2837 1634 Expellite
2890 1562 3094 1615 malum
3132 1568 3185 1616 et
3252 1575 3477 1632 pravum
3525 1576 3591 1614 ex

2017 1651 2193 1715 vobis,
2223 1661 2315 1706 aut
2344 1667 2440 1706 vos
2465 1654 2531 1705 ab
2558 1652 2677 1722 ipso
2701 1651 2938 1706 recedite
2963 1670 2978 1705 :
3000 1649 3440 1721 quandoquidem
3475 1665 3592 1702 om-

341 1743 485 1793 πᾶσα
513 1743 684 1796 κακία
720 1743 936 1813 μολύνει
965 1745 1056 1797 τὸν
1097 1745 1400 1818 ἄνθρωπον.
1451 1749 1549 1802 Διά
1575 1747 1732 1801 τοῦτο
1769 1749 1862 1801 καὶ
1889 1751 1910 1802 ό

2019 1744 2102 1798 nis
2150 1744 2359 1797 malitia
2396 1743 2646 1813 inquinat
2695 1743 2993 1796 hominem.
3026 1741 3152 1796 Ideo
3192 1741 3364 1795 David
3413 1740 3590 1796 malos

341 1828 515 1892 Aa6‘t6,
550 1829 771 1898 φεύγων
809 1833 933 1895 τοὺς
975 1835 1278 1903 πονηροὺς,
1312 1835 1495 1904 ἔλεγεν
1517 1852 1530 1865 ·
1573 1855 1590 1886 ι
1635 1837 1747 1889 Ούκ
1782 1838 1912 1891 ἐκά-

2015 1833 2254 1904 fugiens,
2286 1834 2464 1902 inquit
2491 1852 2503 1886 :
2536 1852 2553 1883 ι
2588 1832 2705 1886 Νοη
2740 1832 2857 1887 sedi
2889 1847 3013 1886 cum
3053 1831 3282 1886 consilio
3312 1829 3594 1892 vanitatis,

341 1920 462 1972 θισα
493 1922 632 1991 μετά
684 1924 960 1996 συνεδρίου
1001 1928 1378 1998 ματαιότητος,
1409 1929 1503 1982 καὶ
1557 1930 1694 1999 μετά
1739 1948 1910 2000 παρα-

2013 1934 2218 1980 etcum
2255 1925 2756 1993 transgressoribus
2787 1940 2895 1978 non
2921 1924 3182 1979 introibo.
3221 1922 3380 1977 Odivi
3416 1922 3589 1976 eccle-

337 2012 640 2080 νομούντων
669 2014 732 2066 ού
775 2014 848 2086 μὴ
872 2015 1120 2070 εἰσέλθω.
1167 2018 1434 2088 Ἐμίσησα
1475 2019 1768 2090 ἐκκλησίαν
1812 2037 1911 2072 πο-

337 2105 732 2175 νηρευομένων.
786 2125 804 2158 ›
850 2107 946 2160 Δια
1003 2109 1055 2160 τί
1115 2109 1171 2160 δὲ
1214 2109 1385 2162 ταῦτα
1416 2111 1625 2176 ὲποίει;
1691 2112 1909 2182 Ἐπειδὴ

335 2195 492 2248 πάλιν
547 2196 698 2265 λέγει
755 2197 1016 2267 ἀλλαχοῦ·
1065 2217 1084 2250 ι
1125 2201 1276 2253 Μετά
1313 2200 1456 2254 ὁσίου
1499 2203 1644 2266 ὅσιος
1669 2202 1786 2273 έσῃ.
1820 2205 1912 2258 καὶ

338 2285 471 2354 μετά
489 2285 750 2338 ἐκλεκτοῦ
771 2289 1023 2350 ἐκλεκτὸς
1063 2289 1180 2359 ἔσῃ,
1214 2291 1306 2342 καὶ
1337 2290 1473 2360 μετά
1505 2292 1759 2361 στρεϐλοῦ
1797 2293 1911 2345 δια-

337 2376 585 2447 στρέφῃς.
630 2395 649 2427 ι
681 2378 793 2430 Καὶ
816 2380 924 2449 γὰρ
948 2375 1057 2442 οἷός
1087 2382 1234 2433 ἐστιν
1265 2381 1293 2432 ό
1325 2381 1586 2434 συνοικῶν
1618 2384 1757 2453 μετά
1793 2385 1907 2448 σοῦ,

333 2467 566 2521 τοιοῦτον
588 2471 960 2541 ἀπεργάσεται
994 2467 1132 2524 εἷναί
1163 2489 1242 2527 σε.

414 2559 605 2631 Ἐρώτ.
638 2567 704 2632 ρ’.
753 2562 818 2614 Τί
872 2563 1050 2631 λέγει·
1094 2581 1112 2614 ι
1172 2563 1252 2616 Τά
1302 2564 1566 2636 βρώματα
1598 2570 1661 2639 τῇ
1710 2569 1906 2641 κοιλία,

335 2650 811 2720 καὶὴκοιλίατοῖς
833 2653 1131 2724 βρώμασιν.
1172 2656 1231 2710 '0
1272 2657 1328 2710 δὲ
1378 2658 1508 2722 Θεὸς
1571 2661 1664 2714 καὶ
1706 2662 1910 2735 ταύτην

336 2741 424 2793 καί⁵
455 2741 629 2796 ταῦτα
650 2747 1022 2816 καταργήσει;
1070 2765 1088 2798 ›
1581 2794 1588 2800 .

413 2833 600 2887 Ἀπόκ.
645 2836 874 2889 Κοίλιαν
924 2838 1021 2907 τὴν
1071 2841 1512 2911 γαστριμαργίαν
1557 2842 1725 2912 λέγει,
1789 2845 1909 2916 οὐχὶ

332 2923 426 2993 τὴν
457 2926 722 2996 γαστέρα.
757 2928 865 2980 Καὶ
887 2928 994 2999 γὰρ
1024 2930 1089 2982 τὰ
1125 2931 1388 3002 βρώματα
1421 2934 1554 3004 πρὸς
1578 2936 1675 3006 τὴν
1695 2954 1912 3010 γαστρι-

337 3017 573 3086 μαργίαν
603 3018 740 3087 ἔχει,
774 3021 928 3089 φησι,
952 3021 1051 3092 τὴν
1079 3022 1279 3090 φιλίαν,
1310 3026 1402 3079 καὶ
1428 3027 1562 3097 αὐτὴ
1593 3029 1725 3099 πρὸς
1747 3030 1904 3094 αὐτὰ,

2014 2016 2151 2070 siam
2182 2016 2598 2085 malignautium
2623 2015 2688 2066 ⁸⁸.
2718 2035 2736 2066 ι
2773 2015 2837 2067 Et
2870 2029 3042 2085 quare
3082 2014 3163 2068 sic
3193 2013 3422 2084 agebat?
3449 2011 3587 2077 Quia

2012 2115 2073 2160 ut
2096 2107 2229 2161 dicit
2259 2107 2388 2160 alibi
2440 2122 2672 2160 rursus:
2706 2125 2723 2156 ‹
2760 2106 2897 2160 Cum
2943 2114 3134 2159 sancto
3173 2115 3395 2159 sanctus
3439 2105 3585 2166 eris,

2011 2207 2065 2253 et
2091 2215 2214 2253 cum
2246 2200 2422 2254 electo
2453 2199 2663 2254 electus
2684 2199 2795 2253 eris
2817 2240 2831 2264 ,
2859 2205 3057 2252 etcum
3083 2210 3338 2268 perverso
3365 2190 3587 2265 perv'er-

2011 2291 2146 2345 teris
2168 2292 2235 2343 ⁶².
2270 2311 2289 2345 ι
2324 2291 2536 2346 Etenim
2577 2290 2758 2360 qualis
2803 2299 2886 2344 est
2921 2289 3010 2344 ille
3037 2287 3260 2359 quicum
3293 2302 3586 2343 conversa-

2011 2385 2110 2448 ris,
2153 2384 2314 2439 talem
2347 2393 2399 2439 te
2417 2400 2634 2455 quoque
2662 2384 2872 2439 reddet.

2080 2559 2301 2627 Qumsr.
2334 2560 2396 2616 C.
2433 2560 2577 2627 Quid
2607 2569 2690 2617 est
2726 2561 2872 2632 quod
2909 2561 3082 2615 dicit:
3116 2579 3133 2612 ι
3163 2560 3298 2615 Esca
3333 2562 3502 2615 ventri
3531 2571 3587 2615 et

2009 2661 2198 2707 venter
2251 2659 2415 2710 escis.
2478 2654 2621 2710 Deus
2669 2662 2852 2709 autem
2905 2661 2960 2708 et
3016 2653 3162 2706 hunc
3223 2661 3276 2708 et
3333 2653 3435 2708 has
3493 2654 3586 2708 de-

2010 2753 2184 2801 struet
2207 2747 2289 2799 “'3
2319 2765 2336 2798 ι

2083 2835 2246 2893 Esse.
2298 2835 2554 2892 Ventrem
2587 2837 2720 2892 dicit
2751 2838 3055 2907 crapulam,
3088 2852 3196 2892 non
3233 2837 3411 2907 ipsum
3458 2852 3584 2891 ven-

2010 2936 2168 2984 trem.
2207 2930 2490 3000 Siquidem
2530 2945 2672 2986 escae
2717 2946 2841 2984 cum
2871 2931 3096 3000 crapula
3147 2931 3349 2984 habent
3392 2929 3584 2982 amici-

2009 3021 2162 3086 tiam,
2189 3031 2242 3075 et
2271 3023 2494 3092 crapula
2526 3038 2649 3076 cum
2691 3023 2856 3085 escis,
2895 3038 2993 3075 nec
3018 3029 3194 3091 potest
3219 3021 3308 3090 qui
3344 3019 3583 3089 crapulae

335 3110 423 3160 καὶ
457 3111 517 3161 οὐ
561 3110 786 3164 δύναται
831 3113 860 3163 ό
913 3114 1322 3187 γαστρίμαργος
1359 3118 1626 3172 δουλεύειν
1663 3121 1739 3192 τῷ
1767 3122 1904 3192 Θεῷ,

2013 3115 2294 3183 ventrique
2341 3115 2557 3170 deditus
2601 3122 2704 3180 est,
2735 3117 2940 3169 servire
2967 3113 3097 3179 Deo,
3141 3113 3235 3167 sed
3284 3113 3366 3166 sui
3409 3112 3582 3181 ipsius

333 3199 463 3253 ἀλλὰ
501 3201 776 3256 δουλεύειν
805 3205 902 3274 τὴν
955 3206 1145 3259 ἑαυτοῦ
1174 3211 1412 3281 γαστέρα
1442 3213 1786 3282 κραιπαλῶν,
1815 3217 1908 3270 καὶ

333 3294 780 3364 γαστριμαργῶν.
830 3295 920 3348 Διὸ
964 3299 1309 3369 κατήργησεν
1339 3301 1504 3372 αὐτὴν
1545 3303 1749 3372 λέγων·
1786 3323 1804 3354 ι
1847 3304 1907 3359 Ὀ

333 3381 459 3446 Θεὸς
486 3386 586 3437 καὶ
611 3386 820 3457 ταύτην
849 3385 943 3440 καὶ
979 3388 1148 3441 ταῦτα
1177 3396 1511 3462 καταργήσει
1543 3410 1557 3422 ·
1595 3411 1614 3444 ι
1661 3394 1907 3450 τουτέστι

332 3473 398 3526 τὰ
428 3474 696 3546 βρώματα
751 3478 845 3530 καὶ
894 3479 992 3549 τὴν
1041 3484 1520 3554 γαστριμαργίαν·
1549 3485 1609 3536 ού
1659 3487 1766 3556 γὰρ
1810 3487 1906 3556 τὴν

333 3569 571 3638 γαστέρα
623 3573 978 3643 κατήργησε·
1025 3572 1098 3643 μὴ
1123 3575 1362 3638 γένοιτοί
1417 3577 1613 3628 ’Ἄκουε
1678 3579 1786 3649 γὰρ
1819 3579 1921 3632 αύο“

331 3658 420 3712 τοῦ
451 3661 734 3730 λέγοντος·
771 3681 790 3714 ι
819 3664 891 3716 Τὸ
909 3665 964 3716 δὲ
995 3665 1152 3735 σῶμα
1167 3667 1226 3718 ού
1250 3668 1314 3736 τῇ
1341 3667 1584 3738 πορνείᾳ,
1643 3669 1779 3722 ἀλλά
1829 3670 1907 3741 τῷ

333 3751 537 3823 Κυρίῳ.
577 3772 596 3804 ι
627 3755 790 3806 Ὥστε
818 3756 876 3807 οὐ
904 3758 1213 3826 κατήργησε
1241 3758 1337 3828 τὴν
1367 3761 1628 3830 γαστέρα,
1649 3761 1783 3814 ἀλλὰ
1808 3765 1906 3834 τὴν

331 3846 792 3916 γαστριμαργίαν,
821 3847 939 3898 οὐδὲ
990 3847 1086 3918 τὴν
1143 3848 1456 3920 σύμμετρον
1487 3853 1693 3923 τροφὴν
1715 3893 1728 3918 ,
1773 3853 1906 3906 ἀλλὰ

333 3933 424 4005 τὴν
455 3929 767 4007 ἀμετρίαιί·
805 3938 989 4008 ἐπειδὴ
1023 3939 1079 4004 ἐξ
1107 3941 1282 3992 αὐτῶν
1312 3941 1550 3995 τίκτεται
1585 3945 1617 4014 ἡ
1661 3946 1902 4015 πορνεία.

331 4026 428 4078 Διά
453 4028 612 4080 τοῦτο
639 4027 807 4097 λέγει,
843 4031 923 4082 ὅτι
953 4032 1024 4083 Τὸ
1057 4032 1214 4102 σῶμα
1260 4035 1360 4087 οὐκ
1393 4035 1547 4106 ἐδόθη
1597 4037 1906 4103 ἐξουσιάζε-

335 4117 453 4171 σθαι
480 4120 587 4172 ὑπὸ
619 4122 720 4191 τῆς
735 4125 1195 4194 γαστριμαργίας,
1227 4127 1313 4179 ἵνα
1337 4128 1636 4202 περιπίπτῃ
1665 4132 1742 4194 είς
1775 4149 1906 4204 πορ-

332 4211 496 4275 νείαν,
524 4212 640 4264 ἀλλ’
675 4214 762 4290 ἵνα
788 4213 1010 4285 δουλεύῃ
1045 4216 1121 4286 τῷ
1153 4219 1343 4289 Κυρίῳ
1367 4235 1380 4248 ·
1416 4219 1594 4283 καθὼς
1622 4222 1769 4290 λέγει
1800 4225 1904 4278 πά-

332 4302 412 4354 λιν
443 4304 677 4375 ἀλλαχοῦ
706 4305 964 4368 ὅπισθεν,
988 4308 1069 4359 ὅτι
1105 4325 1122 4358 ι
1158 4308 1338 4362 Πάντα
1390 4328 1477 4380 μοι
1524 4310 1750 4376 ἔξεστιν,
1791 4316 1903 4367 ἀλλ’

331 4395 393 4445 οὐ
417 4398 592 4450 πάντα
625 4396 894 4466 συμφέρει
925 4413 936 4428 ·
967 4397 1142 4449 πάντα
1170 4415 1257 4468 μοι
1286 4399 1507 4463 ἔξεστιν,
1539 4402 1764 4456 ἀλλὀύκ
1797 4406 1904 4474 ἐγὼ

334 4485 824 4557 ἐξουσιασθήσομαι
851 4487 955 4539 ὑπό
985 4504 1146 4551 τινος.
1189 4510 1205 4541 ι
1242 4490 1408 4542 Τοῦτο
1429 4492 1485 4544 δέ
1513 4494 1656 4546 ἐστιν
1683 4495 1712 4547 ὃ
1736 4495 1903 4565 λέγει,

333 4579 411 4631 ὅτι
464 4580 640 4632 πάντα
673 4577 740 4630 τὰ
795 4577 1079 4648 βρώματα,
1135 4579 1275 4649 ᾶπερ
1304 4580 1516 4634 ἔκτισεν
1576 4586 1604 4636 ό
1653 4586 1782 4648 Θεὸς
1827 4589 1904 4651 εἰς

330 4672 532 4743 τροφὴν
550 4671 644 4725 τοῦ
686 4670 993 4742 ἀνθρώπου,
1025 4671 1164 4724 καλά
1188 4675 1312 4740 εἱσι,
1345 4677 1438 4727 καὶ
1469 4676 1695 4746 ἁρμόζει
1732 4697 1820 4750 μοι
1842 4683 1906 4735 ἐκ

333 4763 548 4819 πάντων
578 4763 780 4817 ἐσθίειν
829 4765 922 4816 καὶ
977 4762 1301 4834 τρέφεσθαι·
1335 4766 1447 4818 ἀλλ’
1500 4769 1560 4820 ού
1607 4773 1906 4842 γενήσομαι

329 4855 510 4920 δοῦλος
554 4855 666 4908 τῶν
702 4855 1034 4925 βρωμάτων·
1088 4854 1209 4906 οὐδὲ
1264 4856 1565 4922 ὲξουσιάσει
1598 4877 1696 4930 μου
1741 4864 1774 4933 ἡ
1814 4879 1908 4931 γα-

333 4946 672 5017 στριμαργία
691 4961 704 4974 ·
729 4945 792 4997 οὐ
827 4945 1092 5015 συμφέρει
1122 4962 1209 5016 μοι
1235 4963 1249 4976 ·
1279 4947 1396 4999 οὐδὲ
1429 4948 1536 5020 γὰρ
1573 4951 1774 5018 ἀγαθὸν
1827 4955 1904 5006 οξ-

331 5037 550 5107 κοδομεί
593 5038 655 5088 ὲν
716 5033 859 5104 ἐμοί.
915 5034 1016 5086 Διά
1052 5035 1232 5097 τοῦτο,
1268 5037 1426 5107 μόνον
1450 5043 1562 5103 τοῖς
1587 5043 1906 5110 ἀναγκαίοις

331 5127 684 5197 ἀρκούμενοι,
725 5125 792 5177 τὰ
819 5124 1052 5193 περισσά
1073 5125 1490 5197 διαπτύσσομεν,
1521 5129 1596 5192 ὠς
1640 5132 1740 5183 οὐκ
1761 5131 1906 5201 ὠφέ-

330 5219 482 5288 λιμα,
514 5217 653 5271 ἀλλὰ
679 5217 774 5270 καὶ
797 5215 1034 5288 βλαϐερὰ
1096 5220 1403 5275 συνεστῶτά
1458 5239 1567 5291 μοι,
1613 5223 1904 5294 ἐπιθυμίας

330 5311 564 5374 ἀτόπους
595 5308 873 5378 γεννῶντα
888 5312 999 5372 τοῖς
1032 5312 1391 5381 κεκτημένοις
1430 5314 1586 5368 αὐτὰ.

415 5404 608 5474 Ἐρώτ.
641 5408 747 5473 pa’.
780 5400 844 5452 Τί
872 5401 1038 5470 λέγει·
1068 5421 1085 5454 ι
1115 5403 1218 5456 Καὶ
1242 5405 1438 5468 πάντες
1461 5409 1539 5468 είς
1577 5408 1664 5459 τὸν
1699 5408 1901 5475 Μωσῆν

329 5493 771 5564 ὲὸαπτίσθησαν;
813 5512 832 5543 ι

397 5607 444 5638 ⁸⁹
481 5606 499 5659 Ι
532 5605 666 5661 Cor.
703 5623 756 5671 ν,
792 5606 843 5659 6.
968 5605 1012 5635 ⁶⁰
1051 5606 1183 5660 ibid.
1224 5608 1271 5661 7.

316 5675 377 5772 ’⁸³
414 5676 543 5734 ibid.
583 5677 674 5731 19...
756 5676 798 5706 ⁸⁸
834 5674 851 5727 1
884 5676 1007 5730 Cor.
1047 5692 1108 5740 ι,
1147 5677 1200 5729 2.

1396 5613 1434 5643 ⁶¹
1478 5611 1620 5668 Psal.
1659 5631 1782 5681 xxv,
1819 5615 1884 5680 4,
1918 5616 1966 5668 5.

2013 3207 2220 3261 ventris
2266 3223 2457 3262 servus
2506 3216 2610 3273 est,
2661 3209 2790 3262 dum
2843 3208 3079 3278 crapula:
3131 3216 3184 3260 et
3235 3206 3435 3260 illuviei
3488 3204 3583 3258 dat

2012 3312 2259 3368 operam.
2309 3301 2434 3354 Ideo
2483 3300 2753 3356 destruxit
2801 3301 2978 3366 illum,
3021 3300 3246 3354 dicens:
3281 3318 3299 3349 ι
3340 3298 3481 3352 Deus
3527 3305 3582 3348 et

2014 3388 2159 3444 hunc
2191 3398 2244 3444 et
2271 3391 2394 3447 illas
2429 3391 2694 3458 destruet,
2723 3411 2741 3444 ›
2776 3391 2878 3445 hoc
2903 3398 3009 3456 est,
3035 3399 3086 3445 et
3109 3390 3261 3444 cibos
3293 3398 3345 3443 et
3379 3389 3582 3458 gulosi-

2011 3488 2198 3534 tatem.
2240 3480 2357 3535 Non
2407 3485 2552 3536 enim
2603 3489 2847 3536 ventrem
2891 3481 3182 3544 destruxit,
3226 3480 3398 3535 absit!
3439 3480 3579 3532 Audi

2011 3573 2176 3636 enim,
2203 3574 2333 3642 quid
2365 3573 2510 3626 dicat
2544 3574 2697 3642 ipse:
2737 3593 2754 3624 ι
2797 3574 3006 3643 Corpus
3031 3581 3212 3627 autem
3255 3587 3362 3625 non
3404 3573 3578 3625 forni-

2011 3665 2233 3729 cationi,
2271 3667 2362 3720 sed
2397 3664 2702 3718 Domino“.
2741 3684 2758 3716 ι
2794 3663 2978 3734 Itaque
3008 3680 3118 3718 non
3148 3664 3418 3717 destruxit
3440 3679 3572 3716 ven-

2012 3765 2170 3822 trem,
2196 3757 2289 3810 sed
2323 3757 2622 3828 crapulam,
2657 3771 2756 3810 nec
2795 3757 2958 3810 etiam
2990 3754 3329 3810 moderatum
3372 3754 3574 3816 cibum,

2011 3847 2106 3902 sed
2139 3847 2554 3902 immoderatum
2583 3867 2596 3902 :
2650 3847 2912 3917 siquidem
2957 3862 3023 3900 ex
3071 3860 3137 3900 eo
3172 3843 3462 3898 fornicatio
3496 3845 3578 3913 gi-

2012 3939 2218 4008 gnitur.
2248 3938 2338 3991 Ait
2360 3953 2487 4006 ergo
2517 3957 2530 3991 :
2555 3936 2767 4008 Corpus
2803 3951 2909 3989 non
2941 3943 3024 3990 est
3065 3935 3251 3989 datum
3285 3934 3385 3987 sub
3426 3927 3578 4003 pote-

2012 4036 2207 4084 statem
2259 4029 2539 4100 ingluviei,
2585 4037 2644 4082 ut
2690 4031 2745 4083 in
2781 4028 3172 4082 fornicationes
3215 4025 3440 4090 incidat,
3482 4026 3576 4080 sed

2013 4129 2071 4176 ut
2109 4121 2337 4176 Domino
2376 4123 2598 4178 serviat.
2666 4119 2838 4174 Sicuti
2883 4133 3075 4174 rursus
3119 4128 3276 4170 antea
3319 4113 3451 4170 dicit
3479 4117 3578 4174 alio

2012 4210 2138 4264 cubi
2173 4229 2184 4264 :
2220 4229 2238 4261 ι
2268 4210 2458 4264 Omnia
2503 4211 2635 4264 mihi
2673 4211 2857 4274 licent,
2895 4208 2990 4264 sed
3029 4222 3138 4261 non
3187 4206 3371 4259 omnia
3413 4221 3577 4276 expe-

2012 4304 2166 4357 diunt
2191 4321 2204 4357 :
2234 4304 2416 4357 omnia
2451 4303 2581 4356 mihi
2613 4303 2800 4365 licent,
2829 4301 2922 4356 sed
2945 4316 3046 4371 ego
3073 4299 3176 4354 sub
3202 4298 3405 4350 nullius
3434 4299 3578 4363 redi-

2012 4411 2106 4465 gar
2134 4404 2400 4464 potestate
2425 4397 2489 4449 ‘5.
2527 4415 2545 4446 ι
2578 4393 2691 4448 Hoc
2721 4395 2896 4464 ipsum
2931 4393 3067 4446 nibil
3093 4404 3177 4449 est
3207 4393 3376 4458 aliud,
3413 4407 3573 4461 quam

2008 4488 2154 4558 quod
2210 4489 2297 4543 hic
2342 4488 2476 4542 dicit
2509 4508 2520 4543 :
2549 4487 2694 4558 quod
2740 4501 2931 4542 omnes
2975 4486 3190 4556 quidem
3241 4487 3372 4546 cibi,
3415 4483 3574 4554 275

2011 4595 2149 4648 quos
2169 4580 2376 4633 creavit
2401 4578 2544 4634 Deus
2568 4580 2621 4632 in
2647 4561 2886 4632 liominis
2908 4577 3247 4641 alimentum,
3273 4577 3400 4630 boni
3423 4585 3571 4637 sunt,

2009 4679 2062 4724 et
2087 4672 2212 4725 licet
2239 4672 2372 4726 mihi
2398 4673 2652 4727 omnibus
2687 4671 2816 4734 frui,
2839 4671 3027 4738 eisque
3051 4669 3278 4733 nutriri;
3313 4668 3406 4722 sed
3429 4683 3576 4721 esca-

1965 4807 1972 4814 .
2010 4779 2129 4816 rum
2163 4778 2354 4818 SCI‘VUS
2384 4779 2492 4816 non
2524 4777 2618 4816 (ΞΥο
2646 4781 2659 4816 ι
2685 4776 2860 4830 neque
2907 4760 3011 4814 Sllb
3056 4774 3209 4813 suam
3255 4765 3574 4827 potestatem

2010 4871 2096 4908 me
2133 4855 2337 4924 rediget
2375 4855 2620 4923 crapula.
2655 4853 2708 4905 Id
2755 4852 2886 4905 mihi
2933 4865 3040 4904 non
3077 4848 3357 4912 conducit,
3395 4863 3575 4916 neque

2010 4947 2152 4999 enim
2185 4945 2413 4998 aedificat
2457 4944 2512 4997 in
2547 4959 2632 4997 me
2660 4942 2886 4996 bonum.
2920 4940 3282 5008 Quapmpter,
3316 4952 3574 4992 necessa-

2008 5036 2103 5090 riis
2141 5036 2398 5098 contenti,
2453 5032 2724 5103 superflua
2775 5045 3099 5101 respuamus
3131 5029 3292 5097 .velut
3329 5028 3597 5106 ἰιιιιιίιίιι,τ

2007 5129 2116 5180 imo
2143 5127 2304 5181 etiam
2347 5135 2606 5195 tanquam
2633 5140 2753 5194 qua:
2796 5121 2927 5174 mihi
2972 5125 3223 5179 noceant,
3257 5126 3309 5171 et
3339 5133 3460 5187 quae
3491 5123 3597 5187 gi-'

1951 5216 1966 5228 '
2006 5227 2172 5290 gnant
2219 5217 2484 5271 absurdas
2537 5209 3014 5283 concupiscentias
3072 5209 3140 5262 iis
3197 5209 3290 5276 qui
3345 5223 3408 5261 ea
3449 5225 3574 5278 pos-

2008 5311 2207 5364 sident.

2079 5405 2310 5469 QII/EST.
2334 5401 2422 5455 Cl.
2459 5400 2596 5465 Quid
2628 5406 2710 5453 est
2742 5395 2886 5466 quod
2917 5394 3049 5448 dicit
3088 5411 3102 5447 :
3136 5412 3153 5444 ι
3193 5393 3258 5448 Et
3296 5409 3486 5449 omnes
3519 5395 3572 5448 in

2010 5496 2210 5550 Mosem
2242 5491 2494 5563 baptizati
2528 5501 2651 5545 sunt
2681 5490 2744 5540 ⁸⁸.
2778 5507 2794 5538 ι

2105 5617 2146 5646 θ’
2190 5611 2334 5668 Psal.
2377 5623 2524 5676 xm,
2561 5608 2653 5664 ‘26.
2775 5607 2816 5638 ⁸³
2857 5603 2874 5656 l
2909 5601 3034 5656 Cor.
3070 5618 3156 5666 vi,
3200 5600 3282 5656 l5.
3359 5602 3401 5633 “
3443 5601 3571 5656 ibid.
