4088 6382
546 212 654 268 759

547 433 696 476 mare
724 423 1103 490 pertransierit
1136 424 1467 484 lsraeliticus
1524 434 1776 503 populus.
1803 434 1937 492 Nam
1968 438 2110 493 sicut

547 512 622 566 ilii
660 515 987 584 transmissi,
1018 516 1320 588 effugerunt
1369 522 1713 581 inimicorum
1765 528 2014 596 insidias,
2056 536 2111 586 et

546 603 598 655 lu
630 604 846 660 deserto
871 608 1247 665 nutriebantur
1276 627 1472 668 manna
1516 633 1531 673 ς
1573 616 1650 671 sic
1680 618 1842 673 etiam
1891 620 1983 691 qui
2016 621 2111 675 ba-

545 696 729 763 ptizati
752 704 899 761 sunt,
931 698 1229 756 liberantur
1256 716 1288 755 a
1325 705 1593 775 spirituali
1630 706 1930 774 Pharaone,
1961 720 2016 767 et
2041 713 2111 768 ab

545 781 816 874 {Egyptiis
834 787 1190 854 daemonibus,
1220 801 1705 869 sustentanturque
1733 800 1941 857 caelesti
1970 818 2111 874 pane

544 872 780 942 Spiritus
808 879 1005 935 sancti.
1043 880 1178 948 Quia
1208 899 1339 940 vero
1384 886 1454 943 de
1487 888 1757 961 baptismo
1783 872 2107 959 sermo—est,

540 963 789 1021 dicamus
817 965 883 1023 de
907 985 975 1026 eo
1004 972 1370 1033 manifestius.

1006 1170 1086 1226 De
1123 1186 1311 1231 sancto
1350 1176 1628 1248 baptisma.

611 1254 849 1314 Primum
880 1260 1147 1332 baptisma
1179 1266 1281 1322 fuit
1306 1268 1592 1326 inundatio
1629 1274 1817 1331 diluvii
1859 1275 1929 1331 ad
1955 1275 2107 1332 exci-

539 1344 776 1402 dendum
823 1364 1125 1421 peccatum.
1169 1356 1479 1415 Secundum
1528 1363 1630 1419 fuit
1670 1364 1856 1432 Mosis,
1890 1368 2109 1437 quando

540 1439 794 1495 transivit
836 1443 1077 1500 Rubrum
1111 1463 1281 1507 mare.
1319 1451 1582 1525 Typicum
1613 1456 1759 1513 enim
1798 1474 1893 1514 seu
1933 1458 2109 1529 ﬁgura

535 1541 656 1586 erat
682 1552 696 1588 ε
722 1548 849 1590 nam
879 1537 1021 1593 sicut
1050 1541 1160 1597 illic
1186 1553 1304 1599 erat
1330 1562 1501 1615 mare,
1532 1551 1611 1604 sic
1639 1550 1694 1607 in
1723 1534 1991 1622 baptismo
2023 1562 2108 1609 est

538 1638 714 1694 aqua;
743 1634 798 1682 et
830 1629 973 1686 sicut
1001 1632 1112 1688 illic
1138 1645 1257 1691 erat
1294 1639 1489 1703 nubes.
1525 1642 1599 1696 ita
1627 1642 1718 1699 hic
1744 1651 1828 1700 est
1870 1644 2108 1715 Spiritus

540 1721 786 1775 sanctus.
815 1716 947 1784 Quas
981 1730 1163 1777 autem
1197 1724 1301 1781 ista
1341 1727 1516 1784 nubes
1547 1728 1730 1795 fuerit,
1763 1730 1890 1784 audi
1927 1730 2103 1786 :Cum

536 1807 933 1875 egrederentur
968 1830 1032 1868 ex
1065 1813 1301 1888 Egypto
1337 1818 1549 1877 Hebraei
1590 1837 1712 1876 cum
1750 1821 1921 1887 Mose,
1956 1822 2105 1880 misit

540 1900 738 1955 nubem
769 1903 932 1959 veluti
955 1906 1263 1964 columnam
1287 1910 1451 1982 ignis,
1479 1928 1600 1984 qua:
1630 1913 1738 1969 illis
1769 1915 1973 1970 luceret
2002 1931 2114 1971 n04

539 1997 653 2056 ctu,
698 2001 757 2047 ut
787 1994 1040 2052 videlicet
1072 2011 1234 2055 noctu
1285 2018 1503 2073 quoque
1545 2011 1765 2073 possent
1803 2005 2101 2068 ambulare.

538 2096 610 2138 ne
634 2083 785 2153 ipsos
810 2087 1133 2160 attingerent
1159 2091 1420 2164 Egyptii.
1454 2093 1795 2164 Sequebatur
1825 2104 2003 2151 autem
2035 2097 2103 2151 il-

538 2173 622 2230 lo's
657 2178 828 2235 nubes
870 2194 903 2234 ο
938 2189 1111 2254 tergo,
1145 2190 1202 2240 et
1237 2186 1451 2256 tegebat
1477 2201 1598 2254 eos,
1644 2202 1714 2243 ne
1749 2188 1900 2258 ipsos
1933 2187 2104 2259 Egy-

539 2266 635 2336 ptii
668 2268 850 2327 videre
897 2283 1141 2342 possent.
1176 2274 1352 2346 Atque
1393 2278 1497 2334 hoc
1543 2288 1625 2335 est
1674 2281 1971 2337 secundum
2009 2281 2104 2337 ba-

535 2354 755 2430 ptisma.
787 2357 1030 2417 Tertium
1059 2372 1177 2418 erat
1225 2366 1398 2436 legale
1452 2370 1595 2438 apud
1643 2369 1916 2430 ilebrazos.
1968 2371 2101 2429 Nam

539 2448 851 2520 quicunque
880 2462 997 2508 erat
1030 2454 1362 2525 immundus,
1396 2474 1535 2530 aqua
1563 2462 1866 2530 lavabatur,
1899 2472 1955 2521 et
1977 2481 2105 2521 suas

537 2553 756 2609 quoque
785 2553 962 2599 vestes
991 2545 1262 2612 abluebat,
1302 2559 1358 2604 et
1394 2552 1474 2607 sic
1507 2554 1767 2610 introibat
1814 2557 1869 2627 in
1899 2567 2101 2615 castra.

539 2627 803 2699 Quartum
837 2631 1129 2703 baptisma,
1166 2636 1267 2691 fuit
1291 2637 1538 2697 Joannis.
1564 2643 1945 2701 lntroducebat
1983 2647 2102 2718 qui-

539 2720 663 2781 dem
698 2724 853 2793 illud;
884 2728 1123 2783 nondum
1172 2739 1349 2788 tamen
1392 2743 1505 2788 erat
1548 2738 1770 2792 omnino
1800 2740 2102 2809 spirituale,

538 2814 634 2869 sed
659 2815 727 2870 ad
771 2820 1145 2887 pwnilentiam
1183 2825 1546 2882 solummodo.
1582 2829 1839 2896 Quintum
1869 2848 1967 2902 per
1999 2832 2107 2889 Do-

537 2909 754 2964 minum
780 2918 1027 2966 nostrum
1056 2911 1241 2970 Jesum
1275 2916 1578 2987 Christum,
1624 2936 1734 2991 quo
1784 2924 1943 2979 etiam
1989 2925 2105 2996 ipse

1702 227 1763 286 S.
1805 230 2273 294 ATHANASIUS.
2310 266 2382 278 —
2419 236 2692 297 SPURIA.

619 328 780 383 lisse.
815 326 1074 402 Baptismi
1108 334 1320 405 signum
1362 345 1502 404 erat,
1546 339 1693 411 quod
1735 357 1832 413 per
1863 344 2108 402 Rubrum
2138 354 2185 411 Α

3671 245 3780 304 τσο

2293 352 2482 408 ’Δπ-όκ.
2517 354 2748 427 Σημεῖον
2776 348 2844 427 ἦν
2876 353 2971 409 τοῦ
3028 354 3399 428 βαπτίσματος
3425 355 3487 409 τὸ
3515 355 3778 431 διαπερά-

2215 462 2305 500 σαι
2345 445 2438 501 τὸν
2495 444 2829 519 Ἰσραηλίτην
2868 446 2994 501 λαὸν
3035 448 3094 502 ἐν
3130 451 3195 519 τῇ
3241 447 3478 520 Ἐρυθρᾷ
3510 448 3775 522 θαλάσσῃ.

2209 536 2419 610 Ὠσπερ
2445 536 2553 610 γάρ
2583 540 2778 592 ἐκεῖνοι
2815 534 3149 610 περάσαντες
3182 538 3379 609 ἔφυγον
3413 539 3524 593 τῶν
3568 538 3780 612 ἐχθρῶν

2205 627 2307 701 τὴν
2360 629 2663 701 ἐπιϐουλὴν,
2716 630 2811 684 καὶ
2857 631 2916 683 ἐν
2957 633 3023 702 τῇ
3060 631 3249 702 ἐρήμῳ
3287 629 3366 701 τῷ
3406 630 3581 702 μάννα
3619 631 3777 702 ἐτρέ-

2208 736 2369 791 φοντο
2391 737 2405 750 ·
2440 718 2580 775 οὕτω
2609 721 2672 793 δὴ
2707 722 2802 775 καί
2836 724 2884 774 ot
2923 720 3302 792 βαπτιζόμενοι
3341 721 3657 792 λυτροῦνται
3682 722 3776 778 τοῦ

2207 811 2398 881 νοητοῦ
2417 812 2616 883 Φαραὼ
2634 813 2729 866 καὶ
2752 812 2857 866 τῶν
2881 812 3188 881 Αἰγυπτίων
3218 812 3504 884 δαιμόνων,
3538 814 3632 868 καὶ
3656 814 3779 886 τρέ-

2209 921 2400 974 φονται
2461 904 2539 977 τῷ
2580 906 2887 977 ἐπουρανίῳ
2924 905 3076 976 ἄρτῳ
3111 904 3205 959 τοῦ
3244 906 3400 975 άγίου
3440 905 3773 978 Πνεύματος.

2221 995 2371 1049 Ἐπεὶ
2410 996 2467 1051 δὲ
2506 998 2636 1070 περὶ
2665 996 2759 1051 τοῦ
2804 997 3176 1069 βαπτίσματος
3228 997 3257 1050 ὁ
3312 996 3490 1067 λόγος,
3531 997 3776 1070 εἴπωμεν

2210 1086 2538 1159 σαφέστερον
2567 1105 2633 1142 πε
2643 1088 2697 1161 pi
2730 1087 2914 1142 αὐτοῦ.

2497 1202 2640 1271 Περὶ
2679 1202 2786 1258 τοῦ
2825 1204 2997 1273 ἁγίου
3030 1203 3473 1275 βαπτίσματος.

2274 1290 2497 1363 Πρῶτον
2520 1293 2802 1365 βάπτισμα
2823 1294 2885 1348 τὸ
2906 1294 2998 1348 τοῦ
3022 1294 3405 1367 κατακλυσμοῦ
3429 1298 3510 1360 είς
3534 1296 3773 1368 ἐκκοπὴν

2205 1382 2498 1454 ἁμαρτίας·
2521 1383 2773 1456 δεύτερον
2793 1383 2854 1437 τὸ
2873 1382 2966 1437 τοῦ
2988 1384 3250 1448 Μωσέως,
3272 1385 3361 1438 ὅτε
3381 1384 3480 1457 τὴν
3512 1384 3773 1457 Ἐρυθρὰν

2204 1474 2522 1547 διεπέρασε·
2556 1477 2783 1530 τυπικδν
2823 1476 2931 1548 γὰρ
2986 1471 3074 1545 ἦν’
3118 1475 3307 1549 ὥσπερ
3332 1475 3440 1548 γὰρ
3469 1478 3647 1547 ἐκεῖθὴ
3676 1476 3772 1530 θά-

2205 1565 2401 1632 λασσα,
2430 1566 2575 1621 οὕτω
2605 1566 2671 1623 τὸ
2722 1566 2866 1638 ὕδωρ
2893 1569 2953 1622 ἐν
2979 1568 3055 1639 τῷ
3087 1567 3443 1639 βαπτίσματι·
3468 1567 3562 1622 καὶ
3588 1566 3772 1639 ὥσπερ

2205 1659 2325 1712 ἐκεῖ
2355 1661 2389 1729 ὴ
2420 1659 2639 1730 νεφέλη.
2668 1659 2844 1723 οὕτως
2884 1658 3119 1713 ἐνταῦθα
3144 1659 3204 1713 τὸ
3235 1659 3458 1730 Πνεῦμα
3494 1658 3555 1712 τὸ
3596 1660 3769 1727 ἅγιον.

2206 1750 2304 1814 Τίς
2323 1750 2379 1803 δέ
2399 1745 2468 1821 ἦν
2489 1752 2523 1822 ἡ
2547 1750 2741 1821 νεφέλη
2769 1750 2975 1821 ἐκείνη,
2999 1749 3249 1804 ἄκουσονο
3278 1750 3410 1804 Ὅτε
3437 1748 3656 1821 ἐξῆλθον
3674 1751 3772 1821 τῆς

2204 1840 2478 1910 Αἰγύπτου
2505 1842 2565 1894 ot
2602 1841 2839 1913 Ἑϐραῖοι
2876 1841 3014 1913 μετὰ
3053 1841 3316 1906 Μωσέως,
3348 1841 3661 1896 ἀπέστειλεν
3685 1843 3771 1895 νέ-

2205 1948 2323 2000 φος,
2355 1929 2546 2002 ὥσπερ
2577 1929 2767 1984 στῦλον
2798 1931 2990 2003 πυρὸς,
3025 1932 3120 1985 καὶ
3155 1930 3414 2000 ἐφώτιζεν
3444 1932 3640 1994 αὐτοὺς
3667 1931 3770 2003 τὴν

2204 2019 2395 2083 νύκτα,
2433 2018 2575 2073 ὥστε
2612 2022 2933 2091 περιπατεῖν
2970 2020 3166 2078 αὐτοὺς
3204 2019 3298 2074 καὶ
3336 2017 3432 2090 τὴν
3461 2019 3649 2083 νύκτα,
3681 2020 3771 2073 ἵνα

2206 2112 2282 2184 μὴ
2312 2111 2592 2181 φθάσωσιν
2615 2112 2813 2176 αὐτοὺς
2837 2111 2889 2165 oi
2908 2111 3212 2180 Αἰγύπτιοι.
3243 2111 3498 2165 Ὀπισθεν
3518 2111 3573 2164 δὲ
3593 2110 3771 2165 αὐτῶν

2202 2202 2523 2275 περιεπάτει
2557 2202 2776 2273 νεφέλη,
2823 2202 2920 2257 καὶ
2959 2202 3282 2267 ἐπεσκίαζεν
3326 2203 3539 2267 αὐτοὺς,
3574 2203 3661 2255 ἶνα
3697 2201 3770 2274 μὴ

2201 2294 2398 2366 ὁρῶσιν
2424 2294 2623 2358 αὐτοὺς
2645 2296 2694 2348 oi
2719 2293 3024 2362 Αἰγύπτιοι.
3052 2294 3160 2347 Καὶ
3182 2292 3335 2347 τοῦτό
3359 2295 3475 2347 ἐστι
3503 2295 3564 2347 τὸ
3594 2294 3771 2348 δεύτε-

2204 2404 2297 2459 ρον
2336 2387 2634 2457 βάπτισμα.
2681 2386 2876 2457 Τρίτον
2906 2386 2962 2440 δὲ
2993 2385 3056 2439 τὸ
3093 2385 3334 2457 νομικὸν,
3384 2386 3520 2457 ὅπερ
3554 2382 3696 2456 εἶχον
3722 2385 3768 2439 οἱ

2214 2478 2473 2552 Ἑϐραῖοι.
2521 2482 2637 2545 Πᾶς
2674 2478 2783 2550 γὰρ
2826 2478 3136 2550 ἀκάθαρτος
3162 2478 3377 2533 ἐλούετο
3402 2478 3577 2541 ὕδατι,
3610 2477 3770 2532 ἐπλύ-

2202 2590 2323 2628 νετο
2352 2564 2421 2627 τᾶ
2463 2572 2656 2644 ίμάτια
2696 2570 2885 2638 αὑτοῦ,
2928 2573 3021 2626 καὶ⁵
3053 2570 3224 2635 οὕτως
3266 2573 3548 2643 εἰσήρχετο
3570 2573 3649 2634 εἰς
3671 2570 3768 2641 τὴν

2203 2664 2570 2736 παρεμϐολήν.
2615 2663 2888 2737 Τέταρτον
2939 2662 3218 2735 βάπτισμα
3263 2663 3326 2717 τὸ
3376 2663 3468 2716 τοῦ
3502 2662 3766 2725 Ἰωάννου,

2201 2758 2561 2827 είσαγωγικὸν
2595 2759 2715 2829 μὲν,
2740 2757 2891 2812 οὔπω
2909 2758 2966 2812 δὲ
2993 2758 3111 2812 ὅλον
3134 2756 3522 2828 πνευματικὸν,
3555 2754 3666 2808 ἀλλ’
3691 2755 3767 2818 είς

2207 2850 2495 2921 μετάνοιαν
2524 2851 2702 2920 μόνον.
2745 2851 3004 2921 Πέμπτον
3037 2848 3098 2902 τὸ
3130 2848 3216 2901 διὰ
3255 2847 3350 2901 τοῦ
3381 2847 3585 2917 Κυρίου
3614 2844 3767 2915 ἡμῶν

2217 2940 2391 3012 Ἰησοῦ
2422 2941 2680 3013 Χριστοῦ,
2727 2942 2864 3012 ὅπερ
2901 2942 2995 2995 καὶ
3035 2940 3196 3004 αὐτὸς
3224 2939 3571 2992 ἐϐαπτίσατο.
3602 2936 3770 2990 Τοῦτο

537 2998 845 3068 baptizatus
888 3010 997 3060 est.
1030 3003 1233 3075 Estque
1265 3007 1370 3063 hoc
1423 3015 1594 3065 totum
1638 3014 1922 3082 spirituale
1951 3036 1964 3071 :
1997 3034 2107 3088 quo

2205 2998 2408 3087 δὲ’ὅλον
2445 2998 2844 3103 πνευματικόν-³
2868 3031 3027 3085 τοῦτο
3066 2998 3345 3101 καὶνήμεῖς
3378 3027 3763 3099 βαπτιζόμεθα.

539 3107 641 3147 nos
677 3108 895 3163 quoque
921 3096 1281 3167 baptizamur.
1318 3100 1538 3157 Sextum
1575 3104 1831 3177 lacrymis
1868 3118 2100 3175 constat,

537 3191 731 3254 estque
767 3202 894 3243 vere
926 3187 1257 3246 laboriosum
1301 3193 1626 3267 durumque.
1665 3197 1840 3253 Veluti
1884 3202 1973 3272 qui
2011 3220 2106 3273 per

539 3277 786 3345 singulas
821 3287 1009 3336 noctes
1038 3285 1183 3338 lavat
1212 3284 1411 3341 lectum
1436 3304 1593 3344 suum
1623 3290 1689 3355 ⁸⁷,
1719 3292 1809 3361 qui
1842 3294 2106 3361 poeniten-

540 3369 614 3425 tia
641 3369 880 3437 ducitur,
906 3379 961 3428 et
996 3374 1141 3446 luget
1178 3392 1342 3449 super
1371 3383 1614 3450 peccatis
1643 3398 1764 3454 quae
1808 3388 2101 3444 commisit.

542 3460 841 3531 Septimum
878 3465 1145 3537 baptisma
1175 3485 1270 3540 per
1313 3475 1638 3545 martyrium
1688 3484 1741 3531 et
1783 3480 2101 3549 sanguinem

539 3559 643 3616 est,
676 3569 785 3633 quo
821 3555 1072 3616 Christus
1124 3576 1340 3633 quoque
1394 3565 1703 3637 baptizatus
1753 3577 1856 3625 est.
1900 3571 2103 3643 Estque

536 3648 693 3698 tanto
719 3646 843 3702 aliis
871 3651 1252 3721 venerabilius,
1298 3664 1505 3725 quanto
1549 3660 1729 3717 minus
1766 3662 1944 3718 denuo
1987 3664 2102 3734 pol-

537 3736 708 3792 luitur
742 3741 1017 3799 sordibus.
1051 3743 1311 3801 Octavum
1356 3758 1411 3803 et
1442 3759 1776 3820 postremum
1808 3771 1918 3810 non
1955 3758 2104 3811 salu-

535 3838 674 3894 tare,
704 3832 796 3887 sed
820 3835 1019 3893 ardens
1046 3845 1151 3902 est,
1177 3839 1323 3909 quod
1365 3850 1627 3898 αξιοι-ηοω
1657 3845 1776 3902 sine
1814 3846 1919 3901 line
1948 3849 2101 3917 punit

538 3928 877 3991 peccatores.

606 4010 826 4076 Qunsr.
856 4013 963 4069 Cll.
987 4017 1125 4079 Ouid
1152 4027 1237 4075 est
1266 4021 1409 4091 quod
1441 4024 1616 4095 inquit
1641 4045 1653 4081 :
1684 4045 1703 4078 ι
1737 4025 1878 4081 Caro
1896 4039 1953 4084 et
1973 4044 2102 4084 san-

537 4100 659 4172 guis
686 4118 914 4173 regnum
944 4105 1038 4160 Dei
1072 4109 1350 4178 possidere
1379 4128 1486 4167 non
1519 4125 1750 4184 possunt
1771 4117 1861 4171 “?
1900 4137 1920 4170 ι

607 4189 771 4251 Βεεε.
814 4192 968 4258 Quod
996 4197 1308 4270 quicunque
1347 4217 1569 4260 carnem
1623 4222 1778 4262 suam
1831 4209 2003 4264 nutrit
2031 4210 2098 4265 ad

535 4281 863 4349 satietatem,
897 4301 1123 4357 regnum
1159 4289 1255 4346 Dei
1289 4297 1549 4367 consequi
1588 4314 1698 4353 non
1726 4300 1917 4370 possit.

605 4372 827 4439 Quasr.
860 4375 992 4432 Clll.
1041 4381 1179 4445 Quid
1209 4392 1293 4438 est
1320 4386 1464 4454 quod
1518 4388 1696 4458 inquit
1731 4369 1755 4445 7:
1808 4409 1828 4441 ι
1856 4390 1959 4456 Qui
1986 4408 2095 4447 non
2130 4369 2174 4423 θ

535 4462 711 4535 diligit
745 4465 1029 4529 Dominum
1062 4479 1309 4528 nostrum
1328 4475 1515 4533 Jesum
1544 4479 1844 4544 Christum,
1867 4481 1937 4537 sit
1965 4496 2100 4536 ana-

534 4555 737 4619 thema,
766 4557 946 4615 Maran
984 4562 1108 4616 atha
1129 4564 1215 4619 "7
1253 4585 1272 4619 ι

603 4645 764 4711 Βεερ.
797 4649 910 4705 Hoc
937 4659 1020 4712 est
1052 4671 1069 4709 :a
1097 4654 1179 4710 Ab
1209 4655 1450 4714 Ecclesia
1487 4668 1541 4716 et
1568 4675 1598 4713 a
1631 4660 1881 4717 ﬁdelibus
1913 4679 2094 4736 segre-

533 4747 654 4815 gate
681 4755 829 4806 eum,
870 4743 1048 4814 sitque
1083 4758 1368 4816 separatus
1404 4767 1433 4804 a
1463 4753 1664 4822 populo
1708 4755 1819 4819 ille,
1849 4757 1942 4826 qui
1984 4772 2092 4811 non

531 4830 727 4887 credit.
755 4831 1017 4892 Dominus
1041 4839 1187 4893 enim
1221 4842 1393 4905 venit,
1441 4843 1571 4897 illud
1612 4860 1849 4916 namque
1888 4847 2097 4918 signiﬁ-

531 4935 688 4979 catur
720 4942 816 4997 per
854 4928 1040 4985 Μαι-οη
1074 4933 1223 4989 atha.

602 5012 822 5080 qusr.
859 5018 992 5073 CIV.
1042 5020 1183 5088 Quid
1221 5023 1351 5078 illud
1386 5034 1469 5080 est
1504 5045 1517 5080 ε
1552 5044 1572 5081 ι
1618 5026 1675 5081 Si
1705 5043 1813 5099 qua
1854 5045 1995 5086 nova
2040 5032 2096 5087 in

530 5100 749 5160 Christo
779 5117 1033 5165 creatura
1064 5122 1360 5167 renovatur
1383 5115 1473 5168 7°?
1513 5134 1532 5167 ι

603 5207 762 5257 tisse.
796 5194 911 5250 Hoc
938 5208 1024 5253 est
1057 5215 1071 5251 :
1106 5198 1164 5253 Si
1194 5201 1316 5270 quis
1349 5202 1405 5256 in
1438 5200 1718 5258 Christum
1747 5205 1998 5270 credidit,
2041 5207 2094 5261 in

534 5282 694 5340 aliam
724 5286 893 5341 vitam
941 5291 1195 5347 transivit
1245 5310 1260 5346 :
1310 5308 1434 5347 nam
1473 5310 1503 5349 e
1534 5296 1787 5366 supernis
1824 5305 1908 5351 est
1935 5303 2096 5352 natus

531 5389 629 5446 por
672 5378 925 5447 spiritum
958 5390 1012 5437 et
1051 5384 1186 5437 vivit
1214 5400 1323 5439 non
1361 5401 1480 5441 eam
1514 5404 1634 5457 quae
1662 5388 1715 5443 in
1747 5388 1987 5459 peccatis
2013 5389 2094 5443 vi-

534 5472 668 5532 tam,
705 5468 798 5524 sed
832 5484 953 5540 quae
982 5483 1066 5529 est
1097 5473 1153 5527 in
1182 5475 1393 5544 spiritu.

2210 3125 2404 3179 Ἕκτον
2430 3125 2491 3178 τὸ
2519 3125 2609 3178 διὰ
2634 3125 2906 3196 δακρύων,
2941 3124 3108 3187 ὅντως
3132 3124 3407 3184 ἐπίπονον,
3430 3121 3506 3184 ὡς
3539 3122 3569 3172 ὁ
3602 3119 3767 3171 λούων

2204 3215 2327 3269 καθ’
2356 3216 2589 3287 ἑκάστην
2621 3215 2789 3270 νύκτα
2818 3217 2915 3287 τὴν
2944 3214 3130 3285 κλίνην
3150 3214 3335 3279 αὑτοῦ,
3367 3212 3461 3267 καὶ
3501 3210 3768 3283 μετανοῶν

2203 3302 2299 3355 καί
2335 3302 2547 3373 θρηνῶν
2585 3303 2671 3371 ἐφ’
2700 3301 2781 3365 οἷς
2808 3304 3073 3374 ἥμαρτεν.
3109 3302 3372 3370 Ἕϐδομον
3403 3301 3684 3372 βάπτισμα
3708 3298 3768 3352 τὸ

2202 3394 2289 3447 διὰ
2322 3395 2617 3466 μαρτυρίου
2641 3395 2737 3449 καὶ
2754 3395 3002 3465 αἵματος,
3027 3394 3163 3466 ὅπερ
3185 3395 3279 3447 καὶ
3300 3393 3460 3456 αὐτὸς
3487 3395 3516 3447 ὁ
3539 3389 3770 3462 Χριστὸς

2204 3488 2550 3551 ἐϐαπτίσατο,
2588 3487 2682 3541 καὶ
2715 3486 2849 3541 πολύ
2887 3503 2951 3556 γε
2977 3486 3083 3540 τῶν
3119 3486 3292 3540 ἄλλων
3323 3483 3764 3556 αἰδεσιμώτερον,

2201 3579 2311 3650 ὅσῳ
2348 3578 2618 3650 δευτέροις
2662 3578 2853 3649 ρύποις
2879 3580 2940 3632 οὐ
2982 3577 3283 3649 μολύνεται.
3334 3576 3554 3645 Ὄγδοον
3588 3576 3650 3629 τὺ
3679 3592 3765 3629 τε-

2201 3669 2444 3723 λευταῖον
2480 3669 2539 3724 οὐ
2580 3671 2863 3741 σωτήριον,
2891 3669 3025 3724 ἀλλὰ
3053 3669 3364 3732 καυστικδν,
3410 3668 3506 3722 καὶ
3545 3666 3768 3733 κολάζον

2202 3760 2532 3833 ἀτελεύτητα
2562 3761 2658 3815 καὶ
2686 3762 2918 3825 αίωνίως
2946 3760 3074 3824 τοὺς
3098 3758 3475 3831 ἁμαρτωλούς.

2283 4020 2471 4094 Ἐρώτ.
2513 4022 2611 4094 ρβ’.
2664 4022 2730 4076 Τί
2764 4021 2930 4091 λέγει’
2962 4041 2981 4074 ι
3020 4019 3164 4093 Σὰρξ
3198 4020 3290 4075 καὶ
3322 4011 3462 4090 αἷμα
3495 4015 3765 4089 βασιλείαν

2200 4113 2332 4167 Θεοῦ
2357 4113 2760 4185 κληρονομῆσαι
2793 4113 2853 4167 ού
2878 4112 3127 4179 δύναται;
3166 4131 3184 4164 ι

2283 4203 2471 4257 Ἀπόκ.
2505 4204 2626 4258 Ὅτι
2670 4205 2778 4268 πᾶς
2810 4206 2838 4258 ὁ
2864 4204 2961 4275 τὴν
3005 4202 3197 4259 ἑαυτοῦ
3231 4202 3405 4273 σάρκα
3445 4201 3660 4273 τρέφων
3687 4200 3763 4263 είς

2200 4295 2380 4368 κόρον,
2412 4296 2472 4349 οὐ
2500 4296 2721 4349 δύναται
2752 4296 3024 4367 βασιλείας
3050 4293 3182 4349 Θεοῦ
3202 4276 3626 4365 κληρονομῆσαι.

2284 4386 2475 4458 Ἐρώτ.
2502 4394 2607 4459 ργ’.
2632 4389 2695 4440 Τί
2719 4388 2886 4455 λέγει·
2932 4407 2951 4439 ι
2983 4388 3050 4441 Εἴ
3066 4405 3148 4451 τις
3184 4388 3244 4440 οὐ
3279 4385 3423 4456 φιλεῖ
3450 4386 3543 4439 τὸν
3567 4385 3764 4456 Κύριον

2200 4478 2357 4550 ἡμῶν
2396 4476 2600 4547 Ἰησοῦν
2629 4478 2882 4550 Χριστὸν,
2913 4478 3026 4549 ἧτω
3052 4476 3319 4548 ἀνάθεμα,
3354 4476 3551 4547 Μαρὰν
3578 4475 3711 4540 aea;
3742 4491 3759 4524 ι

2284 4656 2469 4712 Ἀπόκ.
2513 4656 2789 4711 Τουτέστι·
2825 4656 3107 4727 Χωρίσατε
3150 4655 3311 4709 αὐτὸν
3360 4654 3468 4708 ἀπὸ
3511 4654 3611 4725 τῆς
3650 4654 3767 4706 Ἐκ-

2200 4747 2425 4819 κλησίας
2454 4750 2548 4803 καὶ
2566 4748 2674 4803 τῶν
2698 4749 2924 4814 πιστῶν,
2953 4749 3045 4803 καὶ
3065 4748 3203 4801 έστω
3233 4746 3638 4818 κεχωρισμένος
3666 4744 3766 4799 ἀπὸ

2198 4841 2293 4896 τοῦ
2319 4841 2449 4895 λαοῦ
2478 4844 2507 4895 ὁ
2539 4841 2612 4913 μὴ
2646 4841 2935 4897 πιστεύων.
2979 4841 3038 4894 '0
3066 4842 3174 4911 γὰρ
3201 4840 3403 4912 Κύριος
3429 4836 3581 4911 ἦλθε
3616 4838 3765 4893 τοῦτο

2201 4934 2310 5006 γὰρ
2336 4932 2627 5006 ἐρμηνεύει
2658 4934 2719 4988 τὸ
2746 4934 2941 5006 Μαρὰν
2971 4933 3097 4987 ἀθά.

2285 5024 2477 5098 Ἐρώτ.
2506 5025 2601 5097 ρδ’.
2638 5043 2657 5077 ι
2693 5026 2762 5078 El!
2781 5041 2864 5088 τις
2889 5026 2946 5077 έν
2977 5022 3197 5096 Χριστῷ
3231 5023 3390 5094 καινὴ
3424 5022 3619 5086 κτίσις,
3645 5020 3769 5075 ἀνα-

2203 5118 2502 5182 καινίζεται
2523 5133 2537 5182 ;
2563 5136 2582 5169 ι
2980 5160 2987 5167 .

2284 5209 2471 5263 Ἀπόκ.
2513 5208 2821 5262 Τουτέστιψ
2859 5208 2928 5261 Et
2953 5224 3034 5270 τις
3063 5207 3144 5270 είς
3170 5204 3402 5275 Χριστὸν
3436 5203 3766 5264 ἐπίστευσεν,

2202 5303 2280 5363 εἰς
2314 5301 2504 5372 ἑτέραν
2544 5296 2675 5370 ἦλθε
2717 5299 3008 5368 διαγωγήν.
3057 5297 3297 5351 Ἀνωθεν
3335 5296 3443 5367 γὰρ
3508 5294 3765 5364 ἐγεννήθη

2198 5391 2287 5444 διὰ
2310 5390 2403 5444 τοῦ
2433 5390 2569 5443 Πνεύ
2579 5406 2764 5459 ματος,
2792 5388 2887 5442 καὶ
2914 5386 2978 5457 ζῇ
3004 5387 3065 5439 ού
3087 5387 3184 5459 τὴν
3210 5388 3268 5442 ὲν
3293 5386 3609 5458 ἁμαρτίαις,
3638 5382 3769 5439 ἀλλὰ

2200 5480 2295 5551 τὴν
2329 5482 2386 5535 ἐν
2416 5480 2679 5553 πνεύματι
2708 5479 2873 5549 ζωήν.

606 5624 649 5658 ⁸⁷
692 5624 831 5685 Psai.
871 5643 924 5686 γι
948 5668 963 5694 ,
1000 5629 1050 5688 7.
1128 5630 1169 5661 ⁸⁸
1208 5628 1228 5686 1
1262 5629 1388 5690 Cor.
1422 5649 1513 5699 xv.
1547 5633 1634 5689 ὅθ.
1714 5633 1757 5665 ⁸⁸
1825 5631 1846 5689 1
1880 5632 2000 5687 Cor;
2040 5649 2107 5688 xv

2205 5633 2274 5690 l2.
2354 5634 2405 5669 τί
2440 5633 2479 5688 ll
2515 5635 2639 5689 Cor.
2680 5651 2732 5698 ν,
2773 5633 2854 5688 Π.
