  <div class='ocr_page' id='page_1' title='image "/cluster/home/n/w/nwhite01/storage/ocr_20150623/28/hvd.32044019207737/386.png"; bbox 0 0 4088 6382; ppageno 0'>
   <div class='ocr_carea' id='block_1_1' title="bbox 296 301 380 360">
    <p class='ocr_par' dir='ltr' id='par_1_1' title="bbox 296 301 380 360">
     <span class='ocr_line' id='line_1_1' title="bbox 296 301 380 360; baseline 0 -2"><span class='ocrx_word' id='word_1_1' title='bbox 296 301 380 360; x_wconf 77' lang='grc' dir='ltr'><strong>ῙϐΙ</strong></span> 
     </span>
    </p>
   </div>
   <div class='ocr_carea' id='block_1_2' title="bbox 366 416 1330 492">
    <p class='ocr_par' dir='ltr' id='par_1_2' title="bbox 366 416 1330 492">
     <span class='ocr_line' id='line_1_2' title="bbox 366 416 1330 492; baseline 0 -19"><span class='ocrx_word' id='word_1_2' title='bbox 599 424 695 490; x_wconf 70' lang='grc' dir='ltr'>ρέ.</span> <span class='ocrx_word' id='word_1_3' title='bbox 727 436 747 470; x_wconf 78' lang='grc' dir='ltr'><strong>ι</strong></span> <span class='ocrx_word' id='word_1_4' title='bbox 779 417 912 490; x_wconf 75' lang='grc' dir='ltr'>Τρὶς</span> <span class='ocrx_word' id='word_1_5' title='bbox 938 416 1269 490; x_wconf 74' lang='grc' dir='ltr'><strong>ἐναυάγησα.</strong></span> <span class='ocrx_word' id='word_1_6' title='bbox 1310 437 1330 472; x_wconf 75' lang='grc' dir='ltr'><strong>ι</strong></span> 
     </span>
    </p>
   </div>
   <div class='ocr_carea' id='block_1_3' title="bbox 366 506 1855 583">
    <p class='ocr_par' dir='ltr' id='par_1_3' title="bbox 366 506 1855 583">
     <span class='ocr_line' id='line_1_3' title="bbox 366 506 1855 583; baseline -0.001 -20"><span class='ocrx_word' id='word_1_7' title='bbox 366 509 558 565; x_wconf 75' lang='grc' dir='ltr'>Ἀπόκ.</span> <span class='ocrx_word' id='word_1_8' title='bbox 588 509 880 572; x_wconf 71' lang='grc' dir='ltr'>Μυπικῶς</span> <span class='ocrx_word' id='word_1_9' title='bbox 913 510 1281 581; x_wconf 75' lang='grc' dir='ltr'><strong>αἰνιττόμενος</strong></span> <span class='ocrx_word' id='word_1_10' title='bbox 1318 510 1484 580; x_wconf 77' lang='grc' dir='ltr'>λέγει.</span> <span class='ocrx_word' id='word_1_11' title='bbox 1520 510 1715 583; x_wconf 81' lang='grc' dir='ltr'>Τρίτον</span> <span class='ocrx_word' id='word_1_12' title='bbox 1746 506 1855 580; x_wconf 75' lang='grc' dir='ltr'><strong>γὰρ</strong></span> 
     </span>
    </p>
   </div>
   <div class='ocr_carea' id='block_1_4' title="bbox 292 599 1854 676">
    <p class='ocr_par' dir='ltr' id='par_1_4' title="bbox 292 599 1854 676">
     <span class='ocr_line' id='line_1_4' title="bbox 292 599 1854 676; baseline 0.002 -23"><span class='ocrx_word' id='word_1_13' title='bbox 292 599 622 670; x_wconf 83' lang='grc' dir='ltr'>εναυάγησεν</span> <span class='ocrx_word' id='word_1_14' title='bbox 647 602 681 671; x_wconf 85' lang='grc' dir='ltr'><strong>ή</strong></span> <span class='ocrx_word' id='word_1_15' title='bbox 716 599 1088 672; x_wconf 83' lang='grc' dir='ltr'>ἀνθρωπότης·</span> <span class='ocrx_word' id='word_1_16' title='bbox 1124 601 1336 672; x_wconf 82' lang='grc' dir='ltr'>πρῶτον</span> <span class='ocrx_word' id='word_1_17' title='bbox 1355 603 1442 657; x_wconf 82' lang='grc' dir='ltr'><strong>διὰ</strong></span> <span class='ocrx_word' id='word_1_18' title='bbox 1473 603 1573 675; x_wconf 83' lang='grc' dir='ltr'>τῆς</span> <span class='ocrx_word' id='word_1_19' title='bbox 1602 602 1854 676; x_wconf 80' lang='grc' dir='ltr'>παραϐά-</span> 
     </span>
    </p>
   </div>
   <div class='ocr_carea' id='block_1_5' title="bbox 292 690 1853 767">
    <p class='ocr_par' dir='ltr' id='par_1_5' title="bbox 292 690 1853 767">
     <span class='ocr_line' id='line_1_5' title="bbox 292 690 1853 767; baseline 0.003 -22"><span class='ocrx_word' id='word_1_20' title='bbox 292 708 444 756; x_wconf 75' lang='grc' dir='ltr'>σεωςο</span> <span class='ocrx_word' id='word_1_21' title='bbox 473 690 726 764; x_wconf 90' lang='grc' dir='ltr'>δεύτερον</span> <span class='ocrx_word' id='word_1_22' title='bbox 754 694 811 747; x_wconf 87' lang='grc' dir='ltr'><strong>ἐν</strong></span> <span class='ocrx_word' id='word_1_23' title='bbox 844 691 923 764; x_wconf 83' lang='grc' dir='ltr'>τῷ</span> <span class='ocrx_word' id='word_1_24' title='bbox 963 694 1329 767; x_wconf 81' lang='grc' dir='ltr'><strong>κατακλυσμῷ</strong></span> <span class='ocrx_word' id='word_1_25' title='bbox 1352 695 1447 749; x_wconf 87' lang='grc' dir='ltr'><strong>τοῦ</strong></span> <span class='ocrx_word' id='word_1_26' title='bbox 1470 695 1614 749; x_wconf 82' lang='grc' dir='ltr'><strong>Νῶε·</strong></span> <span class='ocrx_word' id='word_1_27' title='bbox 1651 696 1853 767; x_wconf 89' lang='grc' dir='ltr'>τρίτον,</span> 
     </span>
    </p>
   </div>
   <div class='ocr_carea' id='block_1_6' title="bbox 293 783 1854 859">
    <p class='ocr_par' dir='ltr' id='par_1_6' title="bbox 293 783 1854 859">
     <span class='ocr_line' id='line_1_6' title="bbox 293 783 1854 859; baseline 0.002 -22"><span class='ocrx_word' id='word_1_28' title='bbox 293 783 426 856; x_wconf 84' lang='grc' dir='ltr'><strong>μετά</strong></span> <span class='ocrx_word' id='word_1_29' title='bbox 453 786 515 839; x_wconf 87' lang='grc' dir='ltr'><strong>τδ</strong></span> <span class='ocrx_word' id='word_1_30' title='bbox 548 784 803 851; x_wconf 77' lang='grc' dir='ltr'>δέξασθαι</span> <span class='ocrx_word' id='word_1_31' title='bbox 844 785 934 839; x_wconf 69' lang='grc' dir='ltr'><strong>τὸν</strong></span> <span class='ocrx_word' id='word_1_32' title='bbox 972 785 1156 858; x_wconf 90' lang='grc' dir='ltr'>νόμον,</span> <span class='ocrx_word' id='word_1_33' title='bbox 1189 788 1268 851; x_wconf 87' lang='grc' dir='ltr'><strong>είς</strong></span> <span class='ocrx_word' id='word_1_34' title='bbox 1299 787 1739 859; x_wconf 87' lang='grc' dir='ltr'>είδωλολατρείαν</span> <span class='ocrx_word' id='word_1_35' title='bbox 1766 785 1854 852; x_wconf 79' lang='grc' dir='ltr'><strong>ἐξ·</strong></span> 
     </span>
    </p>
   </div>
   <div class='ocr_carea' id='block_1_7' title="bbox 294 875 1859 951">
    <p class='ocr_par' dir='ltr' id='par_1_7' title="bbox 294 875 1859 951">
     <span class='ocr_line' id='line_1_7' title="bbox 294 875 1859 951; baseline 0.001 -21"><span class='ocrx_word' id='word_1_36' title='bbox 294 875 481 930; x_wconf 68' lang='grc' dir='ltr'>ἔπεσεν</span> <span class='ocrx_word' id='word_1_37' title='bbox 523 879 553 931; x_wconf 97' lang='lat'><strong>6</strong></span> <span class='ocrx_word' id='word_1_38' title='bbox 588 877 738 942; x_wconf 82' lang='grc' dir='ltr'>λαὸς,</span> <span class='ocrx_word' id='word_1_39' title='bbox 774 877 879 941; x_wconf 72' lang='grc' dir='ltr'>ἕως</span> <span class='ocrx_word' id='word_1_40' title='bbox 912 875 1080 931; x_wconf 85' lang='grc' dir='ltr'>ἐλθὼν</span> <span class='ocrx_word' id='word_1_41' title='bbox 1104 879 1134 931; x_wconf 98' lang='lat'><strong>6</strong></span> <span class='ocrx_word' id='word_1_42' title='bbox 1165 878 1271 933; x_wconf 84' lang='grc' dir='ltr'><strong>τῶν</strong></span> <span class='ocrx_word' id='word_1_43' title='bbox 1300 877 1487 950; x_wconf 82' lang='grc' dir='ltr'>ψυχῶν</span> <span class='ocrx_word' id='word_1_44' title='bbox 1517 878 1859 951; x_wconf 84' lang='grc' dir='ltr'>κυϐερνήτης</span> 
     </span>
    </p>
   </div>
   <div class='ocr_carea' id='block_1_8' title="bbox 294 967 1855 1043">
    <p class='ocr_par' dir='ltr' id='par_1_8' title="bbox 294 967 1855 1043">
     <span class='ocr_line' id='line_1_8' title="bbox 294 967 1855 1043; baseline 0.003 -22"><span class='ocrx_word' id='word_1_45' title='bbox 294 967 541 1040; x_wconf 80' lang='grc' dir='ltr'>Χριστὸς,</span> <span class='ocrx_word' id='word_1_46' title='bbox 570 969 666 1023; x_wconf 78' lang='grc' dir='ltr'>καὶ</span> <span class='ocrx_word' id='word_1_47' title='bbox 703 969 908 1039; x_wconf 84' lang='grc' dir='ltr'><strong>στήσας</strong></span> <span class='ocrx_word' id='word_1_48' title='bbox 931 967 991 1022; x_wconf 78' lang='grc' dir='ltr'><strong>τὸ</strong></span> <span class='ocrx_word' id='word_1_49' title='bbox 1023 968 1189 1022; x_wconf 87' lang='grc' dir='ltr'>ίστίον</span> <span class='ocrx_word' id='word_1_50' title='bbox 1214 968 1308 1024; x_wconf 88' lang='grc' dir='ltr'><strong>τοῦ</strong></span> <span class='ocrx_word' id='word_1_51' title='bbox 1338 970 1595 1043; x_wconf 88' lang='grc' dir='ltr'>σταυροῦ,</span> <span class='ocrx_word' id='word_1_52' title='bbox 1620 970 1855 1043; x_wconf 80' lang='grc' dir='ltr'>ἀχείμα-</span> 
     </span>
    </p>
   </div>
   <div class='ocr_carea' id='block_1_9' title="bbox 295 1057 1645 1135">
    <p class='ocr_par' dir='ltr' id='par_1_9' title="bbox 295 1057 1645 1135">
     <span class='ocr_line' id='line_1_9' title="bbox 295 1057 1645 1135; baseline 0.002 -23"><span class='ocrx_word' id='word_1_53' title='bbox 295 1073 412 1113; x_wconf 86' lang='grc' dir='ltr'>στον</span> <span class='ocrx_word' id='word_1_54' title='bbox 440 1059 474 1131; x_wconf 78' lang='grc' dir='ltr'>ἡ</span> <span class='ocrx_word' id='word_1_55' title='bbox 482 1058 600 1131; x_wconf 85' lang='grc' dir='ltr'><strong>μῶν</strong></span> <span class='ocrx_word' id='word_1_56' title='bbox 617 1057 711 1113; x_wconf 84' lang='grc' dir='ltr'>τὸν</span> <span class='ocrx_word' id='word_1_57' title='bbox 732 1059 899 1114; x_wconf 80' lang='grc' dir='ltr'>πλοῦν</span> <span class='ocrx_word' id='word_1_58' title='bbox 927 1061 1009 1125; x_wconf 84' lang='grc' dir='ltr'><strong>είς</strong></span> <span class='ocrx_word' id='word_1_59' title='bbox 1031 1061 1257 1135; x_wconf 81' lang='grc' dir='ltr'>οὐρανὸν</span> <span class='ocrx_word' id='word_1_60' title='bbox 1279 1060 1645 1133; x_wconf 78' lang='grc' dir='ltr'>ᾠκοδόμησεν.</span> 
     </span>
    </p>
   </div>
   <div class='ocr_carea' id='block_1_10' title="bbox 372 1232 1855 1309">
    <p class='ocr_par' dir='ltr' id='par_1_10' title="bbox 372 1232 1855 1309">
     <span class='ocr_line' id='line_1_10' title="bbox 372 1232 1855 1309; baseline 0.005 -23"><span class='ocrx_word' id='word_1_61' title='bbox 372 1232 563 1306; x_wconf 83' lang='grc' dir='ltr'>Ἐρώτ.</span> <span class='ocrx_word' id='word_1_62' title='bbox 595 1240 704 1307; x_wconf 64' lang='grc' dir='ltr'>ρξ’.</span> <span class='ocrx_word' id='word_1_63' title='bbox 732 1252 752 1287; x_wconf 82' lang='grc' dir='ltr'><strong>ι</strong></span> <span class='ocrx_word' id='word_1_64' title='bbox 776 1234 1133 1308; x_wconf 83' lang='grc' dir='ltr'>Νυχθήμερον</span> <span class='ocrx_word' id='word_1_65' title='bbox 1154 1237 1212 1293; x_wconf 79' lang='grc' dir='ltr'><strong>ἐν</strong></span> <span class='ocrx_word' id='word_1_66' title='bbox 1233 1236 1311 1309; x_wconf 87' lang='grc' dir='ltr'><strong>τῷ</strong></span> <span class='ocrx_word' id='word_1_67' title='bbox 1330 1235 1476 1309; x_wconf 82' lang='grc' dir='ltr'>βυθῷ</span> <span class='ocrx_word' id='word_1_68' title='bbox 1503 1236 1809 1309; x_wconf 72' lang='grc' dir='ltr'>πεποίηκας</span> <span class='ocrx_word' id='word_1_69' title='bbox 1835 1257 1855 1293; x_wconf 75' lang='grc' dir='ltr'><strong>ι</strong></span> 
     </span>
    </p>
   </div>
   <div class='ocr_carea' id='block_1_11' title="bbox 375 1406 1863 1481">
    <p class='ocr_par' dir='ltr' id='par_1_11' title="bbox 375 1406 1863 1481">
     <span class='ocr_line' id='line_1_11' title="bbox 375 1406 1863 1481; baseline 0 -20"><span class='ocrx_word' id='word_1_70' title='bbox 375 1408 563 1463; x_wconf 80' lang='grc' dir='ltr'>Ἀπόκ.</span> <span class='ocrx_word' id='word_1_71' title='bbox 612 1408 973 1481; x_wconf 87' lang='grc' dir='ltr'>Νυχθήμερον</span> <span class='ocrx_word' id='word_1_72' title='bbox 1020 1408 1097 1477; x_wconf 80' lang='grc'><strong>(5)</strong></span> <span class='ocrx_word' id='word_1_73' title='bbox 1142 1407 1293 1477; x_wconf 80' lang='grc' dir='ltr'>λέγει</span> <span class='ocrx_word' id='word_1_74' title='bbox 1331 1406 1428 1479; x_wconf 81' lang='grc' dir='ltr'>τὴν</span> <span class='ocrx_word' id='word_1_75' title='bbox 1460 1407 1565 1481; x_wconf 80' lang='grc' dir='ltr'>πρὸ</span> <span class='ocrx_word' id='word_1_76' title='bbox 1599 1407 1699 1478; x_wconf 75' lang='grc' dir='ltr'>τῆς</span> <span class='ocrx_word' id='word_1_77' title='bbox 1727 1409 1863 1480; x_wconf 81' lang='grc' dir='ltr'>Χρι-</span> 
     </span>
    </p>
   </div>
   <div class='ocr_carea' id='block_1_12' title="bbox 300 1499 1858 1574">
    <p class='ocr_par' dir='ltr' id='par_1_12' title="bbox 300 1499 1858 1574">
     <span class='ocr_line' id='line_1_12' title="bbox 300 1499 1858 1574; baseline 0.001 -20"><span class='ocrx_word' id='word_1_78' title='bbox 300 1500 419 1554; x_wconf 88' lang='grc' dir='ltr'>στοῦ</span> <span class='ocrx_word' id='word_1_79' title='bbox 490 1500 793 1572; x_wconf 76' lang='grc' dir='ltr'>παρουσίας</span> <span class='ocrx_word' id='word_1_80' title='bbox 865 1502 923 1554; x_wconf 90' lang='grc' dir='ltr'><strong>ἐν</strong></span> <span class='ocrx_word' id='word_1_81' title='bbox 998 1503 1242 1572; x_wconf 82' lang='grc' dir='ltr'>σκοτεινῇ</span> <span class='ocrx_word' id='word_1_82' title='bbox 1317 1499 1491 1574; x_wconf 80' lang='grc' dir='ltr'>πλάνῃ</span> <span class='ocrx_word' id='word_1_83' title='bbox 1554 1500 1858 1573; x_wconf 75' lang='grc' dir='ltr'>διατριϐήνο</span> 
     </span>
    </p>
   </div>
   <div class='ocr_carea' id='block_1_13' title="bbox 227 1591 1863 1666">
    <p class='ocr_par' dir='ltr' id='par_1_13' title="bbox 227 1591 1863 1666">
     <span class='ocr_line' id='line_1_13' title="bbox 227 1591 1863 1666; baseline 0 -21"><span class='ocrx_word' id='word_1_84' title='bbox 227 1635 236 1645; x_wconf 91' lang='grc'><strong>.</strong></span> <span class='ocrx_word' id='word_1_85' title='bbox 299 1592 503 1664; x_wconf 78' lang='grc' dir='ltr'>ἡμέραν</span> <span class='ocrx_word' id='word_1_86' title='bbox 527 1593 583 1645; x_wconf 84' lang='grc' dir='ltr'>δὲ</span> <span class='ocrx_word' id='word_1_87' title='bbox 611 1591 762 1661; x_wconf 79' lang='grc' dir='ltr'>λέγει</span> <span class='ocrx_word' id='word_1_88' title='bbox 789 1592 887 1664; x_wconf 79' lang='grc' dir='ltr'>τὴν</span> <span class='ocrx_word' id='word_1_89' title='bbox 923 1592 1059 1663; x_wconf 87' lang='grc' dir='ltr'>μετὰ</span> <span class='ocrx_word' id='word_1_90' title='bbox 1090 1592 1184 1645; x_wconf 89' lang='grc' dir='ltr'><strong>τοῦ</strong></span> <span class='ocrx_word' id='word_1_91' title='bbox 1219 1592 1450 1665; x_wconf 79' lang='grc' dir='ltr'>Χριστοῦ</span> <span class='ocrx_word' id='word_1_92' title='bbox 1482 1593 1778 1666; x_wconf 80' lang='grc' dir='ltr'>παρουσίαν</span> <span class='ocrx_word' id='word_1_93' title='bbox 1804 1595 1863 1645; x_wconf 89' lang='grc' dir='ltr'><strong>ἐν</strong></span> 
     </span>
    </p>
   </div>
   <div class='ocr_carea' id='block_1_14' title="bbox 299 1680 1335 1753">
    <p class='ocr_par' dir='ltr' id='par_1_14' title="bbox 299 1680 1335 1753">
     <span class='ocr_line' id='line_1_14' title="bbox 299 1680 1335 1753; baseline 0.002 -19"><span class='ocrx_word' id='word_1_94' title='bbox 299 1681 374 1753; x_wconf 78' lang='grc' dir='ltr'>τῷ</span> <span class='ocrx_word' id='word_1_95' title='bbox 402 1680 647 1752; x_wconf 79' lang='grc' dir='ltr'>φωτεινῷ</span> <span class='ocrx_word' id='word_1_96' title='bbox 682 1680 1014 1752; x_wconf 77' lang='grc' dir='ltr'>βαπτίσματι</span> <span class='ocrx_word' id='word_1_97' title='bbox 1039 1681 1335 1753; x_wconf 78' lang='grc' dir='ltr'>διαγωγήν.</span> 
     </span>
    </p>
   </div>
   <div class='ocr_carea' id='block_1_15' title="bbox 1224 256 2483 369">
    <p class='ocr_par' dir='ltr' id='par_1_15' title="bbox 1224 256 2483 369">
     <span class='ocr_line' id='line_1_15' title="bbox 1224 256 2483 369; baseline -0.002 -11"><span class='ocrx_word' id='word_1_98' title='bbox 1224 299 1689 369; x_wconf 67' lang='grc' dir='ltr'><strong>ΟΠΑΕΞΤΙΟΝΕΒ</strong></span> <span class='ocrx_word' id='word_1_99' title='bbox 1728 299 1798 357; x_wconf 82' lang='lat' dir='ltr'><strong>1N</strong></span> <span class='ocrx_word' id='word_1_100' title='bbox 1836 299 2220 356; x_wconf 63' lang='lat' dir='ltr'><strong>erasmus</strong></span> <span class='ocrx_word' id='word_1_101' title='bbox 2257 256 2483 356; x_wconf 65' lang='lat' dir='ltr'><strong>vanu.</strong></span> 
     </span>
    </p>
   </div>
   <div class='ocr_carea' id='block_1_16' title="bbox 3420 297 3529 357">
    <p class='ocr_par' dir='ltr' id='par_1_16' title="bbox 3420 297 3529 357">
     <span class='ocr_line' id='line_1_16' title="bbox 3420 297 3529 357; baseline -0.009 -1"><span class='ocrx_word' id='word_1_102' title='bbox 3420 297 3529 357; x_wconf 69' lang='lat'><strong>76‘!</strong></span> 
     </span>
    </p>
   </div>
   <div class='ocr_carea' id='block_1_17' title="bbox 1885 412 3278 486">
    <p class='ocr_par' dir='ltr' id='par_1_17' title="bbox 1885 412 3278 486">
     <span class='ocr_line' id='line_1_17' title="bbox 1885 412 3278 486; baseline -0.006 -10"><span class='ocrx_word' id='word_1_103' title='bbox 1885 419 1931 476; x_wconf 77' lang='grc' dir='ltr'><strong>Δ</strong></span> <span class='ocrx_word' id='word_1_104' title='bbox 2030 417 2251 483; x_wconf 67' lang='grc' dir='ltr'>ρινιετ.</span> <span class='ocrx_word' id='word_1_105' title='bbox 2298 416 2412 474; x_wconf 78' lang='lat' dir='ltr'><strong>CV.</strong></span> <span class='ocrx_word' id='word_1_106' title='bbox 2456 435 2475 469; x_wconf 76' lang='grc' dir='ltr'><strong>ι</strong></span> <span class='ocrx_word' id='word_1_107' title='bbox 2506 415 2612 473; x_wconf 84' lang='lat' dir='ltr'><strong>Ter</strong></span> <span class='ocrx_word' id='word_1_108' title='bbox 2642 412 2987 486; x_wconf 85' lang='lat' dir='ltr'><strong>naufragium</strong></span> <span class='ocrx_word' id='word_1_109' title='bbox 3023 412 3128 470; x_wconf 89' lang='lat' dir='ltr'><strong>feci</strong></span> <span class='ocrx_word' id='word_1_110' title='bbox 3159 414 3227 469; x_wconf 83' lang='lat'><strong>&quot;.</strong></span> <span class='ocrx_word' id='word_1_111' title='bbox 3258 431 3278 466; x_wconf 76' lang='grc' dir='ltr'><strong>ι</strong></span> 
     </span>
    </p>
   </div>
   <div class='ocr_carea' id='block_1_18' title="bbox 2029 505 3530 585">
    <p class='ocr_par' dir='ltr' id='par_1_18' title="bbox 2029 505 3530 585">
     <span class='ocr_line' id='line_1_18' title="bbox 2029 505 3530 585; baseline 0 -23"><span class='ocrx_word' id='word_1_112' title='bbox 2029 507 2193 565; x_wconf 74' lang='lat' dir='ltr'><strong>Resp.</strong></span> <span class='ocrx_word' id='word_1_113' title='bbox 2228 508 2455 585; x_wconf 81' lang='lat' dir='ltr'><strong>Mystice</strong></span> <span class='ocrx_word' id='word_1_114' title='bbox 2483 509 2719 565; x_wconf 89' lang='lat' dir='ltr'><strong>innuens</strong></span> <span class='ocrx_word' id='word_1_115' title='bbox 2761 509 2866 563; x_wconf 86' lang='lat' dir='ltr'><strong>hoc</strong></span> <span class='ocrx_word' id='word_1_116' title='bbox 2905 507 3057 575; x_wconf 86' lang='lat' dir='ltr'><strong>dicit,</strong></span> <span class='ocrx_word' id='word_1_117' title='bbox 3084 505 3231 578; x_wconf 88' lang='lat' dir='ltr'><strong>quod</strong></span> <span class='ocrx_word' id='word_1_118' title='bbox 3269 514 3354 562; x_wconf 90' lang='lat' dir='ltr'><strong>ter</strong></span> <span class='ocrx_word' id='word_1_119' title='bbox 3391 522 3530 562; x_wconf 83' lang='lat' dir='ltr'><strong>nau-</strong></span> 
     </span>
    </p>
   </div>
   <div class='ocr_carea' id='block_1_19' title="bbox 1955 598 3527 673">
    <p class='ocr_par' dir='ltr' id='par_1_19' title="bbox 1955 598 3527 673">
     <span class='ocr_line' id='line_1_19' title="bbox 1955 598 3527 673; baseline 0 -18"><span class='ocrx_word' id='word_1_120' title='bbox 1955 600 2190 673; x_wconf 86' lang='lat' dir='ltr'><strong>fragium</strong></span> <span class='ocrx_word' id='word_1_121' title='bbox 2247 617 2411 672; x_wconf 86' lang='lat' dir='ltr'><strong>passa</strong></span> <span class='ocrx_word' id='word_1_122' title='bbox 2449 602 2521 657; x_wconf 85' lang='lat' dir='ltr'><strong>sit</strong></span> <span class='ocrx_word' id='word_1_123' title='bbox 2569 602 2805 656; x_wconf 90' lang='lat' dir='ltr'><strong>humana</strong></span> <span class='ocrx_word' id='word_1_124' title='bbox 2851 608 3071 655; x_wconf 85' lang='lat' dir='ltr'><strong>natura.</strong></span> <span class='ocrx_word' id='word_1_125' title='bbox 3107 598 3372 665; x_wconf 85' lang='lat' dir='ltr'><strong>Primum,</strong></span> <span class='ocrx_word' id='word_1_126' title='bbox 3433 616 3527 669; x_wconf 88' lang='lat' dir='ltr'><strong>per</strong></span> 
     </span>
    </p>
   </div>
   <div class='ocr_carea' id='block_1_20' title="bbox 1957 690 3529 764">
    <p class='ocr_par' dir='ltr' id='par_1_20' title="bbox 1957 690 3529 764">
     <span class='ocr_line' id='line_1_20' title="bbox 1957 690 3529 764; baseline -0.002 -16"><span class='ocrx_word' id='word_1_127' title='bbox 1957 694 2473 764; x_wconf 84' lang='lat' dir='ltr'><strong>transgressionem.</strong></span> <span class='ocrx_word' id='word_1_128' title='bbox 2526 691 2800 759; x_wconf 88' lang='lat' dir='ltr'><strong>Secundo,</strong></span> <span class='ocrx_word' id='word_1_129' title='bbox 2850 691 2905 746; x_wconf 92' lang='lat' dir='ltr'><strong>in</strong></span> <span class='ocrx_word' id='word_1_130' title='bbox 2945 691 3150 747; x_wconf 89' lang='lat' dir='ltr'><strong>diluvio</strong></span> <span class='ocrx_word' id='word_1_131' title='bbox 3192 690 3529 761; x_wconf 75' lang='lat' dir='ltr'><strong>temporibus</strong></span> 
     </span>
    </p>
   </div>
   <div class='ocr_carea' id='block_1_21' title="bbox 1956 781 3530 856">
    <p class='ocr_par' dir='ltr' id='par_1_21' title="bbox 1956 781 3530 856">
     <span class='ocr_line' id='line_1_21' title="bbox 1956 781 3530 856; baseline -0.004 -16"><span class='ocrx_word' id='word_1_132' title='bbox 1956 784 2090 842; x_wconf 86' lang='lat' dir='ltr'><strong>Noe.</strong></span> <span class='ocrx_word' id='word_1_133' title='bbox 2127 784 2337 851; x_wconf 87' lang='lat' dir='ltr'><strong>Tertio,</strong></span> <span class='ocrx_word' id='word_1_134' title='bbox 2370 791 2494 856; x_wconf 89' lang='lat' dir='ltr'><strong>post</strong></span> <span class='ocrx_word' id='word_1_135' title='bbox 2519 793 2800 856; x_wconf 74' lang='lat' dir='ltr'><strong>acceptam</strong></span> <span class='ocrx_word' id='word_1_136' title='bbox 2835 785 3031 855; x_wconf 91' lang='lat' dir='ltr'><strong>legem,</strong></span> <span class='ocrx_word' id='word_1_137' title='bbox 3063 798 3188 839; x_wconf 89' lang='lat' dir='ltr'><strong>cum</strong></span> <span class='ocrx_word' id='word_1_138' title='bbox 3219 784 3272 836; x_wconf 93' lang='lat' dir='ltr'><strong>in</strong></span> <span class='ocrx_word' id='word_1_139' title='bbox 3303 781 3530 836; x_wconf 71' lang='lat' dir='ltr'><strong>idolola-</strong></span> 
     </span>
    </p>
   </div>
   <div class='ocr_carea' id='block_1_22' title="bbox 1957 874 3529 947">
    <p class='ocr_par' dir='ltr' id='par_1_22' title="bbox 1957 874 3529 947">
     <span class='ocr_line' id='line_1_22' title="bbox 1957 874 3529 947; baseline -0.001 -16"><span class='ocrx_word' id='word_1_140' title='bbox 1957 876 2118 931; x_wconf 88' lang='lat' dir='ltr'><strong>triam</strong></span> <span class='ocrx_word' id='word_1_141' title='bbox 2154 876 2439 932; x_wconf 74' lang='lat' dir='ltr'><strong>incidisset</strong></span> <span class='ocrx_word' id='word_1_142' title='bbox 2475 878 2729 947; x_wconf 88' lang='lat' dir='ltr'><strong>populus,</strong></span> <span class='ocrx_word' id='word_1_143' title='bbox 2753 891 2927 947; x_wconf 90' lang='lat' dir='ltr'><strong>usque</strong></span> <span class='ocrx_word' id='word_1_144' title='bbox 2948 875 3077 930; x_wconf 90' lang='lat' dir='ltr'><strong>dum</strong></span> <span class='ocrx_word' id='word_1_145' title='bbox 3105 875 3252 930; x_wconf 82' lang='lat' dir='ltr'><strong>venit</strong></span> <span class='ocrx_word' id='word_1_146' title='bbox 3277 874 3529 936; x_wconf 77' lang='lat' dir='ltr'><strong>Christus</strong></span> 
     </span>
    </p>
   </div>
   <div class='ocr_carea' id='block_1_23' title="bbox 1957 963 3529 1038">
    <p class='ocr_par' dir='ltr' id='par_1_23' title="bbox 1957 963 3529 1038">
     <span class='ocr_line' id='line_1_23' title="bbox 1957 963 3529 1038; baseline -0.004 -18"><span class='ocrx_word' id='word_1_147' title='bbox 1957 965 2290 1038; x_wconf 75' lang='lat' dir='ltr'><strong>gubernator</strong></span> <span class='ocrx_word' id='word_1_148' title='bbox 2341 966 2668 1030; x_wconf 88' lang='lat' dir='ltr'><strong>animarum,</strong></span> <span class='ocrx_word' id='word_1_149' title='bbox 2714 965 2806 1036; x_wconf 86' lang='lat' dir='ltr'><strong>qui</strong></span> <span class='ocrx_word' id='word_1_150' title='bbox 2848 966 3012 1037; x_wconf 71' lang='lat'><strong>276</strong></span> <span class='ocrx_word' id='word_1_151' title='bbox 3048 965 3222 1021; x_wconf 78' lang='lat' dir='ltr'><strong>erexit</strong></span> <span class='ocrx_word' id='word_1_152' title='bbox 3272 963 3529 1019; x_wconf 79' lang='lat' dir='ltr'><strong>vexillum</strong></span> 
     </span>
    </p>
   </div>
   <div class='ocr_carea' id='block_1_24' title="bbox 1957 1055 3531 1128">
    <p class='ocr_par' dir='ltr' id='par_1_24' title="bbox 1957 1055 3531 1128">
     <span class='ocr_line' id='line_1_24' title="bbox 1957 1055 3531 1128; baseline 0 -17"><span class='ocrx_word' id='word_1_153' title='bbox 1957 1057 2164 1120; x_wconf 83' lang='lat' dir='ltr'><strong>crucis,</strong></span> <span class='ocrx_word' id='word_1_154' title='bbox 2198 1065 2253 1113; x_wconf 90' lang='lat' dir='ltr'><strong>et</strong></span> <span class='ocrx_word' id='word_1_155' title='bbox 2282 1057 2633 1128; x_wconf 86' lang='lat' dir='ltr'><strong>tranquillam</strong></span> <span class='ocrx_word' id='word_1_156' title='bbox 2654 1057 2815 1115; x_wconf 91' lang='lat' dir='ltr'><strong>nobis</strong></span> <span class='ocrx_word' id='word_1_157' title='bbox 2841 1056 3243 1127; x_wconf 72' lang='lat' dir='ltr'><strong>navigationem</strong></span> <span class='ocrx_word' id='word_1_158' title='bbox 3270 1056 3337 1112; x_wconf 82' lang='lat' dir='ltr'><strong>ad</strong></span> <span class='ocrx_word' id='word_1_159' title='bbox 3358 1055 3531 1113; x_wconf 66' lang='lat' dir='ltr'><strong>caelos</strong></span> 
     </span>
    </p>
   </div>
   <div class='ocr_carea' id='block_1_25' title="bbox 1959 1146 2192 1217">
    <p class='ocr_par' dir='ltr' id='par_1_25' title="bbox 1959 1146 2192 1217">
     <span class='ocr_line' id='line_1_25' title="bbox 1959 1146 2192 1217; baseline 0.009 -19"><span class='ocrx_word' id='word_1_160' title='bbox 1959 1146 2192 1217; x_wconf 85' lang='lat' dir='ltr'><strong>paravit.</strong></span> 
     </span>
    </p>
   </div>
   <div class='ocr_carea' id='block_1_26' title="bbox 2032 1233 3530 1309">
    <p class='ocr_par' dir='ltr' id='par_1_26' title="bbox 2032 1233 3530 1309">
     <span class='ocr_line' id='line_1_26' title="bbox 2032 1233 3530 1309; baseline 0.002 -20"><span class='ocrx_word' id='word_1_161' title='bbox 2032 1233 2395 1301; x_wconf 67' lang='lat' dir='ltr'><strong>QUEST.CV&#39;.</strong></span> <span class='ocrx_word' id='word_1_162' title='bbox 2421 1234 2562 1303; x_wconf 85' lang='lat' dir='ltr'><strong>Quid</strong></span> <span class='ocrx_word' id='word_1_163' title='bbox 2591 1246 2717 1293; x_wconf 90' lang='lat' dir='ltr'><strong>est:</strong></span> <span class='ocrx_word' id='word_1_164' title='bbox 2755 1255 2775 1290; x_wconf 77' lang='grc' dir='ltr'><strong>ι</strong></span> <span class='ocrx_word' id='word_1_165' title='bbox 2813 1236 3041 1293; x_wconf 83' lang='lat' dir='ltr'><strong>Noctem</strong></span> <span class='ocrx_word' id='word_1_166' title='bbox 3081 1247 3247 1309; x_wconf 87' lang='lat' dir='ltr'><strong>atque</strong></span> <span class='ocrx_word' id='word_1_167' title='bbox 3279 1237 3424 1294; x_wconf 88' lang='lat' dir='ltr'><strong>diem</strong></span> <span class='ocrx_word' id='word_1_168' title='bbox 3473 1237 3530 1294; x_wconf 91' lang='lat' dir='ltr'><strong>in</strong></span> 
     </span>
    </p>
   </div>
   <div class='ocr_carea' id='block_1_27' title="bbox 1961 1325 2486 1398">
    <p class='ocr_par' dir='ltr' id='par_1_27' title="bbox 1961 1325 2486 1398">
     <span class='ocr_line' id='line_1_27' title="bbox 1961 1325 2486 1398; baseline 0 -19"><span class='ocrx_word' id='word_1_169' title='bbox 1961 1325 2238 1398; x_wconf 88' lang='lat' dir='ltr'><strong>profundo</strong></span> <span class='ocrx_word' id='word_1_170' title='bbox 2259 1328 2345 1398; x_wconf 87' lang='lat' dir='ltr'><strong>egi</strong></span> <span class='ocrx_word' id='word_1_171' title='bbox 2364 1328 2409 1359; x_wconf 84' lang='grc'><strong>⁷²</strong></span> <span class='ocrx_word' id='word_1_172' title='bbox 2425 1329 2449 1381; x_wconf 80' lang='lat'><strong>?</strong></span> <span class='ocrx_word' id='word_1_173' title='bbox 2468 1345 2486 1379; x_wconf 75' lang='grc' dir='ltr'><strong>ι</strong></span> 
     </span>
    </p>
   </div>
   <div class='ocr_carea' id='block_1_28' title="bbox 2034 1416 3531 1475">
    <p class='ocr_par' dir='ltr' id='par_1_28' title="bbox 2034 1416 3531 1475">
     <span class='ocr_line' id='line_1_28' title="bbox 2034 1416 3531 1475; baseline 0.003 -5"><span class='ocrx_word' id='word_1_174' title='bbox 2034 1416 2197 1473; x_wconf 65' lang='lat' dir='ltr'><strong>Res».</strong></span> <span class='ocrx_word' id='word_1_175' title='bbox 2230 1417 2455 1474; x_wconf 88' lang='lat' dir='ltr'><strong>Noctem</strong></span> <span class='ocrx_word' id='word_1_176' title='bbox 2514 1417 2649 1473; x_wconf 84' lang='lat' dir='ltr'><strong>dicit</strong></span> <span class='ocrx_word' id='word_1_177' title='bbox 2679 1419 3153 1474; x_wconf 80' lang='lat' dir='ltr'><strong>conversationem</strong></span> <span class='ocrx_word' id='word_1_178' title='bbox 3188 1418 3243 1473; x_wconf 91' lang='lat' dir='ltr'><strong>in</strong></span> <span class='ocrx_word' id='word_1_179' title='bbox 3273 1418 3531 1475; x_wconf 85' lang='lat' dir='ltr'><strong>tenebro-</strong></span> 
     </span>
    </p>
   </div>
   <div class='ocr_carea' id='block_1_29' title="bbox 1962 1508 3537 1579">
    <p class='ocr_par' dir='ltr' id='par_1_29' title="bbox 1962 1508 3537 1579">
     <span class='ocr_line' id='line_1_29' title="bbox 1962 1508 3537 1579; baseline 0.001 -15"><span class='ocrx_word' id='word_1_180' title='bbox 1962 1509 2040 1564; x_wconf 86' lang='lat' dir='ltr'><strong>sis</strong></span> <span class='ocrx_word' id='word_1_181' title='bbox 2059 1508 2372 1575; x_wconf 84' lang='lat' dir='ltr'><strong>erroribus;</strong></span> <span class='ocrx_word' id='word_1_182' title='bbox 2396 1508 2538 1563; x_wconf 89' lang='lat' dir='ltr'><strong>diem</strong></span> <span class='ocrx_word' id='word_1_183' title='bbox 2560 1522 2710 1572; x_wconf 87' lang='lat' dir='ltr'><strong>vero,</strong></span> <span class='ocrx_word' id='word_1_184' title='bbox 2734 1508 2902 1563; x_wconf 86' lang='lat' dir='ltr'><strong>vitam</strong></span> <span class='ocrx_word' id='word_1_185' title='bbox 2939 1518 3064 1579; x_wconf 89' lang='lat' dir='ltr'><strong>post</strong></span> <span class='ocrx_word' id='word_1_186' title='bbox 3076 1508 3365 1565; x_wconf 78' lang='lat' dir='ltr'><strong>adventum</strong></span> <span class='ocrx_word' id='word_1_187' title='bbox 3387 1510 3537 1566; x_wconf 81' lang='lat' dir='ltr'><strong>Chri-</strong></span> 
     </span>
    </p>
   </div>
   <div class='ocr_carea' id='block_1_30' title="bbox 1964 1598 3062 1671">
    <p class='ocr_par' dir='ltr' id='par_1_30' title="bbox 1964 1598 3062 1671">
     <span class='ocr_line' id='line_1_30' title="bbox 1964 1598 3062 1671; baseline 0 -16"><span class='ocrx_word' id='word_1_188' title='bbox 1964 1598 2036 1655; x_wconf 89' lang='lat' dir='ltr'><strong>sti</strong></span> <span class='ocrx_word' id='word_1_189' title='bbox 2062 1607 2395 1656; x_wconf 85' lang='lat' dir='ltr'><strong>transactam</strong></span> <span class='ocrx_word' id='word_1_190' title='bbox 2428 1602 2485 1654; x_wconf 92' lang='lat' dir='ltr'><strong>in</strong></span> <span class='ocrx_word' id='word_1_191' title='bbox 2508 1600 2760 1656; x_wconf 90' lang='lat' dir='ltr'><strong>claritate</strong></span> <span class='ocrx_word' id='word_1_192' title='bbox 2781 1600 3062 1671; x_wconf 88' lang='lat' dir='ltr'><strong>baptismi.</strong></span> 
     </span>
    </p>
   </div>
   <div class='ocr_carea' id='block_1_31' title="bbox 378 1766 1875 1846">
    <p class='ocr_par' dir='ltr' id='par_1_31' title="bbox 378 1772 1868 1846">
     <span class='ocr_line' id='line_1_31' title="bbox 378 1772 1868 1846; baseline -0.001 -19"><span class='ocrx_word' id='word_1_193' title='bbox 378 1772 588 1845; x_wconf 78' lang='grc' dir='ltr'>Ἐτέρα.</span> <span class='ocrx_word' id='word_1_194' title='bbox 641 1773 799 1836; x_wconf 80' lang='grc' dir='ltr'>Τινὲς</span> <span class='ocrx_word' id='word_1_195' title='bbox 843 1772 900 1827; x_wconf 82' lang='grc' dir='ltr'>δέ</span> <span class='ocrx_word' id='word_1_196' title='bbox 947 1791 1129 1842; x_wconf 85' lang='grc' dir='ltr'>φασιν,</span> <span class='ocrx_word' id='word_1_197' title='bbox 1180 1775 1261 1828; x_wconf 83' lang='grc' dir='ltr'>ὅτι</span> <span class='ocrx_word' id='word_1_198' title='bbox 1311 1776 1369 1828; x_wconf 86' lang='grc' dir='ltr'><strong>ἐν</strong></span> <span class='ocrx_word' id='word_1_199' title='bbox 1412 1774 1559 1846; x_wconf 82' lang='grc' dir='ltr'>μέσῳ</span> <span class='ocrx_word' id='word_1_200' title='bbox 1599 1773 1868 1843; x_wconf 83' lang='grc' dir='ltr'>πελάγους</span> 
     </span>
    </p>
   </div>
   <div class='ocr_carea' id='block_1_32' title="bbox 1975 1766 3544 1846">
    <p class='ocr_par' dir='ltr' id='par_1_32' title="bbox 2037 1770 3544 1846">
     <span class='ocr_line' id='line_1_32' title="bbox 2037 1770 3544 1846; baseline 0.005 -21"><span class='ocrx_word' id='word_1_201' title='bbox 2037 1770 2197 1828; x_wconf 67' lang='grc' dir='ltr'>Αιιι.</span> <span class='ocrx_word' id='word_1_202' title='bbox 2256 1772 2455 1828; x_wconf 89' lang='lat' dir='ltr'><strong>Dicunt</strong></span> <span class='ocrx_word' id='word_1_203' title='bbox 2508 1782 2692 1829; x_wconf 85' lang='lat' dir='ltr'><strong>autem</strong></span> <span class='ocrx_word' id='word_1_204' title='bbox 2748 1773 2994 1845; x_wconf 89' lang='lat' dir='ltr'><strong>quidam,</strong></span> <span class='ocrx_word' id='word_1_205' title='bbox 3050 1775 3198 1846; x_wconf 88' lang='lat' dir='ltr'><strong>quod</strong></span> <span class='ocrx_word' id='word_1_206' title='bbox 3250 1777 3307 1831; x_wconf 91' lang='lat' dir='ltr'><strong>in</strong></span> <span class='ocrx_word' id='word_1_207' title='bbox 3363 1777 3544 1833; x_wconf 90' lang='lat' dir='ltr'><strong>medio</strong></span> 
     </span>
    </p>
   </div>
   <div class='ocr_carea' id='block_1_33' title="bbox 303 1864 1865 1938">
    <p class='ocr_par' dir='ltr' id='par_1_33' title="bbox 303 1864 1865 1938">
     <span class='ocr_line' id='line_1_33' title="bbox 303 1864 1865 1938; baseline 0 -20"><span class='ocrx_word' id='word_1_208' title='bbox 303 1864 492 1918; x_wconf 78' lang='grc' dir='ltr'>πλέωνο</span> <span class='ocrx_word' id='word_1_209' title='bbox 519 1866 569 1918; x_wconf 79' lang='lat' dir='ltr'><strong>oi</strong></span> <span class='ocrx_word' id='word_1_210' title='bbox 596 1866 675 1931; x_wconf 83' lang='grc' dir='ltr'>δὲ,</span> <span class='ocrx_word' id='word_1_211' title='bbox 708 1866 790 1919; x_wconf 86' lang='grc' dir='ltr'>ὅτι</span> <span class='ocrx_word' id='word_1_212' title='bbox 816 1865 1111 1936; x_wconf 84' lang='grc' dir='ltr'>νηχόμενος</span> <span class='ocrx_word' id='word_1_213' title='bbox 1142 1866 1235 1918; x_wconf 82' lang='grc' dir='ltr'>καὶ</span> <span class='ocrx_word' id='word_1_214' title='bbox 1261 1865 1563 1938; x_wconf 81' lang='grc' dir='ltr'>κολυμϐῶν,</span> <span class='ocrx_word' id='word_1_215' title='bbox 1596 1865 1723 1920; x_wconf 74' lang='grc' dir='ltr'>ἔνθα</span> <span class='ocrx_word' id='word_1_216' title='bbox 1742 1864 1865 1919; x_wconf 71' lang='grc' dir='ltr'>οὔτε</span> 
     </span>
    </p>
   </div>
   <div class='ocr_carea' id='block_1_34' title="bbox 307 1951 990 2028">
    <p class='ocr_par' dir='ltr' id='par_1_34' title="bbox 307 1951 990 2028">
     <span class='ocr_line' id='line_1_34' title="bbox 307 1951 990 2028; baseline -0.003 -18"><span class='ocrx_word' id='word_1_217' title='bbox 307 1957 402 2027; x_wconf 77' lang='grc' dir='ltr'>γῆν</span> <span class='ocrx_word' id='word_1_218' title='bbox 426 1954 551 2010; x_wconf 73' lang='grc' dir='ltr'>οὔτε</span> <span class='ocrx_word' id='word_1_219' title='bbox 581 1956 708 2027; x_wconf 77' lang='grc' dir='ltr'>ὅρος</span> <span class='ocrx_word' id='word_1_220' title='bbox 741 1951 809 2028; x_wconf 75' lang='grc' dir='ltr'>ἦν</span> <span class='ocrx_word' id='word_1_221' title='bbox 845 1956 990 2009; x_wconf 84' lang='grc' dir='ltr'>ίδεῖν.</span> 
     </span>
    </p>
   </div>
   <div class='ocr_carea' id='block_1_35' title="bbox 368 2128 1867 2203">
    <p class='ocr_par' dir='ltr' id='par_1_35' title="bbox 368 2128 1867 2203">
     <span class='ocr_line' id='line_1_35' title="bbox 368 2128 1867 2203; baseline 0.001 -20"><span class='ocrx_word' id='word_1_222' title='bbox 368 2130 635 2202; x_wconf 84' lang='grc' dir='ltr'>Κείμενον</span> <span class='ocrx_word' id='word_1_223' title='bbox 671 2129 771 2203; x_wconf 76' lang='grc' dir='ltr'>ρξ’.</span> <span class='ocrx_word' id='word_1_224' title='bbox 802 2149 820 2182; x_wconf 78' lang='grc' dir='ltr'><strong>ι</strong></span> <span class='ocrx_word' id='word_1_225' title='bbox 868 2130 1053 2202; x_wconf 81' lang='grc' dir='ltr'>Ἐδόθη</span> <span class='ocrx_word' id='word_1_226' title='bbox 1088 2146 1172 2200; x_wconf 88' lang='grc' dir='ltr'><strong>μοι</strong></span> <span class='ocrx_word' id='word_1_227' title='bbox 1201 2128 1430 2201; x_wconf 70' lang='grc' dir='ltr'>σκώλωψ</span> <span class='ocrx_word' id='word_1_228' title='bbox 1454 2132 1520 2202; x_wconf 80' lang='grc' dir='ltr'><strong>τῇ</strong></span> <span class='ocrx_word' id='word_1_229' title='bbox 1554 2129 1737 2203; x_wconf 73' lang='grc' dir='ltr'>σαρκὶ,</span> <span class='ocrx_word' id='word_1_230' title='bbox 1768 2129 1867 2200; x_wconf 81' lang='grc' dir='ltr'>ἀγ-</span> 
     </span>
    </p>
   </div>
   <div class='ocr_carea' id='block_1_36' title="bbox 302 2218 1284 2292">
    <p class='ocr_par' dir='ltr' id='par_1_36' title="bbox 302 2218 1284 2292">
     <span class='ocr_line' id='line_1_36' title="bbox 302 2218 1284 2292; baseline -0.003 -18"><span class='ocrx_word' id='word_1_231' title='bbox 302 2219 453 2289; x_wconf 85' lang='grc' dir='ltr'>γελος</span> <span class='ocrx_word' id='word_1_232' title='bbox 491 2218 692 2287; x_wconf 82' lang='grc' dir='ltr'>Σατὰν,</span> <span class='ocrx_word' id='word_1_233' title='bbox 722 2221 809 2274; x_wconf 82' lang='grc' dir='ltr'>ἵνα</span> <span class='ocrx_word' id='word_1_234' title='bbox 847 2237 912 2292; x_wconf 89' lang='grc' dir='ltr'><strong>με</strong></span> <span class='ocrx_word' id='word_1_235' title='bbox 944 2219 1227 2291; x_wconf 75' lang='grc' dir='ltr'>κολαφίζῃ.</span> <span class='ocrx_word' id='word_1_236' title='bbox 1265 2237 1284 2272; x_wconf 75' lang='grc' dir='ltr'><strong>ι</strong></span> 
     </span>
    </p>
   </div>
   <div class='ocr_carea' id='block_1_37' title="bbox 380 2310 1871 2385">
    <p class='ocr_par' dir='ltr' id='par_1_37' title="bbox 380 2310 1871 2385">
     <span class='ocr_line' id='line_1_37' title="bbox 380 2310 1871 2385; baseline 0.001 -19"><span class='ocrx_word' id='word_1_237' title='bbox 380 2314 606 2385; x_wconf 86' lang='grc' dir='ltr'>Ἐρμην.</span> <span class='ocrx_word' id='word_1_238' title='bbox 652 2313 830 2368; x_wconf 87' lang='grc' dir='ltr'>Σατὰν</span> <span class='ocrx_word' id='word_1_239' title='bbox 861 2314 890 2366; x_wconf 88' lang='lat'><strong>6</strong></span> <span class='ocrx_word' id='word_1_240' title='bbox 915 2312 1284 2383; x_wconf 86' lang='grc' dir='ltr'>ἀντικείμενος</span> <span class='ocrx_word' id='word_1_241' title='bbox 1321 2310 1553 2380; x_wconf 80' lang='grc' dir='ltr'>λέγεται.</span> <span class='ocrx_word' id='word_1_242' title='bbox 1603 2311 1871 2382; x_wconf 74' lang='grc' dir='ltr'>Ἄγγελον</span> 
     </span>
    </p>
   </div>
   <div class='ocr_carea' id='block_1_38' title="bbox 301 2403 1869 2475">
    <p class='ocr_par' dir='ltr' id='par_1_38' title="bbox 301 2403 1869 2475">
     <span class='ocr_line' id='line_1_38' title="bbox 301 2403 1869 2475; baseline 0.002 -20"><span class='ocrx_word' id='word_1_243' title='bbox 301 2404 474 2457; x_wconf 81' lang='grc' dir='ltr'>τοίνυν</span> <span class='ocrx_word' id='word_1_244' title='bbox 523 2403 701 2460; x_wconf 84' lang='grc' dir='ltr'>Σατάν</span> <span class='ocrx_word' id='word_1_245' title='bbox 743 2404 893 2473; x_wconf 83' lang='grc' dir='ltr'>λέγει</span> <span class='ocrx_word' id='word_1_246' title='bbox 960 2403 1306 2475; x_wconf 80' lang='grc' dir='ltr'>Ἀλέξανδρον</span> <span class='ocrx_word' id='word_1_247' title='bbox 1350 2404 1442 2457; x_wconf 81' lang='grc' dir='ltr'>τὸν</span> <span class='ocrx_word' id='word_1_248' title='bbox 1491 2404 1715 2474; x_wconf 85' lang='grc' dir='ltr'>χαλκέα,</span> <span class='ocrx_word' id='word_1_249' title='bbox 1773 2405 1869 2458; x_wconf 72' lang='grc' dir='ltr'>καὶ</span> 
     </span>
    </p>
   </div>
   <div class='ocr_carea' id='block_1_39' title="bbox 312 2495 1869 2569">
    <p class='ocr_par' dir='ltr' id='par_1_39' title="bbox 312 2495 1869 2569">
     <span class='ocr_line' id='line_1_39' title="bbox 312 2495 1869 2569; baseline 0 -20"><span class='ocrx_word' id='word_1_250' title='bbox 312 2497 598 2568; x_wconf 79' lang='grc' dir='ltr'>Ὑμέναιον</span> <span class='ocrx_word' id='word_1_251' title='bbox 620 2497 717 2552; x_wconf 68' lang='grc' dir='ltr'>καὶ</span> <span class='ocrx_word' id='word_1_252' title='bbox 739 2497 964 2569; x_wconf 76' lang='grc' dir='ltr'>Φιλητὸν</span> <span class='ocrx_word' id='word_1_253' title='bbox 982 2536 997 2562; x_wconf 90' lang='grc'><strong>,</strong></span> <span class='ocrx_word' id='word_1_254' title='bbox 1040 2497 1235 2560; x_wconf 80' lang='grc' dir='ltr'>οἵτινες</span> <span class='ocrx_word' id='word_1_255' title='bbox 1264 2495 1547 2568; x_wconf 78' lang='grc' dir='ltr'>ἐπείραζον</span> <span class='ocrx_word' id='word_1_256' title='bbox 1570 2497 1749 2559; x_wconf 71' lang='grc' dir='ltr'>αὐτὸν,</span> <span class='ocrx_word' id='word_1_257' title='bbox 1776 2497 1869 2551; x_wconf 74' lang='grc' dir='ltr'>καὶ</span> 
     </span>
    </p>
   </div>
   <div class='ocr_carea' id='block_1_40' title="bbox 301 2589 1871 2661">
    <p class='ocr_par' dir='ltr' id='par_1_40' title="bbox 301 2589 1871 2661">
     <span class='ocr_line' id='line_1_40' title="bbox 301 2589 1871 2661; baseline 0.001 -18"><span class='ocrx_word' id='word_1_258' title='bbox 301 2590 610 2644; x_wconf 75' lang='grc' dir='ltr'>ἀντεκειντο</span> <span class='ocrx_word' id='word_1_259' title='bbox 636 2589 906 2659; x_wconf 79' lang='grc' dir='ltr'>λέγοντες,</span> <span class='ocrx_word' id='word_1_260' title='bbox 935 2591 1016 2644; x_wconf 82' lang='grc' dir='ltr'>ὅτι</span> <span class='ocrx_word' id='word_1_261' title='bbox 1048 2590 1338 2653; x_wconf 84' lang='grc' dir='ltr'>ἀνάστασις</span> <span class='ocrx_word' id='word_1_262' title='bbox 1366 2589 1596 2659; x_wconf 78' lang='grc' dir='ltr'>ἐγένετο’</span> <span class='ocrx_word' id='word_1_263' title='bbox 1625 2590 1716 2644; x_wconf 73' lang='grc' dir='ltr'>καὶ</span> <span class='ocrx_word' id='word_1_264' title='bbox 1737 2607 1871 2661; x_wconf 89' lang='grc' dir='ltr'>κρα-</span> 
     </span>
    </p>
   </div>
   <div class='ocr_carea' id='block_1_41' title="bbox 300 2664 1869 2754">
    <p class='ocr_par' dir='ltr' id='par_1_41' title="bbox 300 2664 1869 2754">
     <span class='ocr_line' id='line_1_41' title="bbox 300 2664 1869 2754; baseline 0.001 -20"><span class='ocrx_word' id='word_1_265' title='bbox 300 2664 515 2746; x_wconf 64' lang='grc' dir='ltr'>τοῦνὲες</span> <span class='ocrx_word' id='word_1_266' title='bbox 562 2681 750 2745; x_wconf 80' lang='grc' dir='ltr'>αὐτὸν,</span> <span class='ocrx_word' id='word_1_267' title='bbox 802 2682 992 2737; x_wconf 80' lang='grc' dir='ltr'>ἔϐαλον</span> <span class='ocrx_word' id='word_1_268' title='bbox 1038 2683 1118 2747; x_wconf 78' lang='grc' dir='ltr'>εἰς</span> <span class='ocrx_word' id='word_1_269' title='bbox 1162 2681 1526 2754; x_wconf 75' lang='grc' dir='ltr'>δεσμωτήρια,</span> <span class='ocrx_word' id='word_1_270' title='bbox 1579 2682 1671 2735; x_wconf 73' lang='grc' dir='ltr'>καὶ</span> <span class='ocrx_word' id='word_1_271' title='bbox 1702 2681 1869 2735; x_wconf 86' lang='grc' dir='ltr'>πολλὰ</span> 
     </span>
    </p>
   </div>
   <div class='ocr_carea' id='block_1_42' title="bbox 302 2768 993 2841">
    <p class='ocr_par' dir='ltr' id='par_1_42' title="bbox 302 2768 993 2841">
     <span class='ocr_line' id='line_1_42' title="bbox 302 2768 993 2841; baseline -0.003 -15"><span class='ocrx_word' id='word_1_272' title='bbox 302 2771 441 2826; x_wconf 79' lang='grc' dir='ltr'>κακὰ</span> <span class='ocrx_word' id='word_1_273' title='bbox 467 2768 617 2841; x_wconf 84' lang='grc' dir='ltr'>αύτῷ</span> <span class='ocrx_word' id='word_1_274' title='bbox 645 2768 993 2835; x_wconf 79' lang='grc' dir='ltr'>ἐνεδείξαντο.</span> 
     </span>
    </p>
   </div>
   <div class='ocr_carea' id='block_1_43' title="bbox 368 2861 1621 2933">
    <p class='ocr_par' dir='ltr' id='par_1_43' title="bbox 368 2861 1621 2933">
     <span class='ocr_line' id='line_1_43' title="bbox 368 2861 1621 2933; baseline 0.001 -20"><span class='ocrx_word' id='word_1_275' title='bbox 368 2861 638 2933; x_wconf 80' lang='grc' dir='ltr'>Κείμενον</span> <span class='ocrx_word' id='word_1_276' title='bbox 668 2866 771 2931; x_wconf 88' lang='grc' dir='ltr'>ρη’.</span> <span class='ocrx_word' id='word_1_277' title='bbox 808 2879 829 2912; x_wconf 73' lang='grc' dir='ltr'><strong>ι</strong></span> <span class='ocrx_word' id='word_1_278' title='bbox 870 2861 1054 2932; x_wconf 80' lang='grc' dir='ltr'>’Δρκεῖ</span> <span class='ocrx_word' id='word_1_279' title='bbox 1084 2862 1220 2931; x_wconf 81' lang='grc' dir='ltr'>σοιή</span> <span class='ocrx_word' id='word_1_280' title='bbox 1258 2862 1415 2933; x_wconf 80' lang='grc' dir='ltr'>χάρις</span> <span class='ocrx_word' id='word_1_281' title='bbox 1445 2877 1564 2931; x_wconf 88' lang='grc' dir='ltr'>μου.</span> <span class='ocrx_word' id='word_1_282' title='bbox 1601 2879 1621 2913; x_wconf 71' lang='grc' dir='ltr'><strong>ι</strong></span> 
     </span>
    </p>
   </div>
   <div class='ocr_carea' id='block_1_44' title="bbox 382 2951 1874 3027">
    <p class='ocr_par' dir='ltr' id='par_1_44' title="bbox 382 2951 1874 3027">
     <span class='ocr_line' id='line_1_44' title="bbox 382 2951 1874 3027; baseline 0.003 -22"><span class='ocrx_word' id='word_1_283' title='bbox 382 2952 572 3007; x_wconf 82' lang='grc' dir='ltr'>’Δπόκ.</span> <span class='ocrx_word' id='word_1_284' title='bbox 615 2951 774 3006; x_wconf 76' lang='grc' dir='ltr'>Τοῦτ’</span> <span class='ocrx_word' id='word_1_285' title='bbox 812 2951 978 3005; x_wconf 76' lang='grc' dir='ltr'>ἔστιν’</span> <span class='ocrx_word' id='word_1_286' title='bbox 1026 2953 1211 3023; x_wconf 87' lang='grc' dir='ltr'>Ἀρκεῖ</span> <span class='ocrx_word' id='word_1_287' title='bbox 1243 2970 1323 3007; x_wconf 93' lang='grc' dir='ltr'><strong>σοι</strong></span> <span class='ocrx_word' id='word_1_288' title='bbox 1361 2955 1394 3024; x_wconf 79' lang='grc' dir='ltr'>ἠ</span> <span class='ocrx_word' id='word_1_289' title='bbox 1439 2953 1599 3027; x_wconf 88' lang='grc' dir='ltr'>χάρις</span> <span class='ocrx_word' id='word_1_290' title='bbox 1634 2971 1756 3025; x_wconf 92' lang='grc' dir='ltr'>μου,</span> <span class='ocrx_word' id='word_1_291' title='bbox 1789 2956 1874 3009; x_wconf 82' lang='grc' dir='ltr'>ὅτι</span> 
     </span>
    </p>
   </div>
   <div class='ocr_carea' id='block_1_45' title="bbox 304 3030 1872 3119">
    <p class='ocr_par' dir='ltr' id='par_1_45' title="bbox 304 3030 1872 3119">
     <span class='ocr_line' id='line_1_45' title="bbox 304 3030 1872 3119; baseline 0.002 -19"><span class='ocrx_word' id='word_1_292' title='bbox 304 3030 526 3117; x_wconf 76' lang='grc' dir='ltr'>νεκροὺς</span> <span class='ocrx_word' id='word_1_293' title='bbox 557 3046 816 3119; x_wconf 85' lang='grc' dir='ltr'>ἐγείρεις,</span> <span class='ocrx_word' id='word_1_294' title='bbox 856 3047 949 3099; x_wconf 72' lang='grc' dir='ltr'>καὶ</span> <span class='ocrx_word' id='word_1_295' title='bbox 975 3047 1209 3115; x_wconf 73' lang='grc' dir='ltr'>τυφλοὺς</span> <span class='ocrx_word' id='word_1_296' title='bbox 1238 3046 1578 3118; x_wconf 85' lang='grc' dir='ltr'>θεραπεύεις,</span> <span class='ocrx_word' id='word_1_297' title='bbox 1613 3049 1707 3102; x_wconf 66' lang='grc' dir='ltr'><strong>καλ⁵</strong></span> <span class='ocrx_word' id='word_1_298' title='bbox 1736 3049 1872 3104; x_wconf 79' lang='grc' dir='ltr'>ἄλλα</span> 
     </span>
    </p>
   </div>
   <div class='ocr_carea' id='block_1_46' title="bbox 305 3137 1876 3213">
    <p class='ocr_par' dir='ltr' id='par_1_46' title="bbox 305 3137 1876 3213">
     <span class='ocr_line' id='line_1_46' title="bbox 305 3137 1876 3213; baseline 0.003 -22"><span class='ocrx_word' id='word_1_299' title='bbox 305 3137 407 3192; x_wconf 85' lang='grc' dir='ltr'>τῶν</span> <span class='ocrx_word' id='word_1_300' title='bbox 436 3138 682 3210; x_wconf 86' lang='grc' dir='ltr'>σημείων</span> <span class='ocrx_word' id='word_1_301' title='bbox 716 3140 911 3202; x_wconf 84' lang='grc' dir='ltr'>ποιεῖς.</span> <span class='ocrx_word' id='word_1_302' title='bbox 951 3138 1324 3210; x_wconf 87' lang='grc' dir='ltr'>Ἐλαυνόμενοι</span> <span class='ocrx_word' id='word_1_303' title='bbox 1350 3138 1407 3193; x_wconf 77' lang='grc' dir='ltr'>δὲ</span> <span class='ocrx_word' id='word_1_304' title='bbox 1438 3141 1532 3194; x_wconf 78' lang='grc' dir='ltr'>καὶ</span> <span class='ocrx_word' id='word_1_305' title='bbox 1561 3140 1876 3213; x_wconf 84' lang='grc' dir='ltr'>διωκόμενοι</span> 
     </span>
    </p>
   </div>
   <div class='ocr_carea' id='block_1_47' title="bbox 305 3231 1327 3296">
    <p class='ocr_par' dir='ltr' id='par_1_47' title="bbox 305 3231 1327 3296">
     <span class='ocr_line' id='line_1_47' title="bbox 305 3231 1327 3296; baseline 0.006 -13"><span class='ocrx_word' id='word_1_306' title='bbox 305 3232 485 3284; x_wconf 78' lang='grc' dir='ltr'>νικᾶτε</span> <span class='ocrx_word' id='word_1_307' title='bbox 518 3232 648 3294; x_wconf 86' lang='grc' dir='ltr'>τοὺς</span> <span class='ocrx_word' id='word_1_308' title='bbox 679 3231 998 3296; x_wconf 81' lang='grc' dir='ltr'>διώκοντας.</span> <span class='ocrx_word' id='word_1_309' title='bbox 1316 3246 1327 3258; x_wconf 93' lang='lat'><strong><em>&#39;</em></strong></span> 
     </span>
    </p>
   </div>
   <div class='ocr_carea' id='block_1_48' title="bbox 381 3318 1874 3394">
    <p class='ocr_par' dir='ltr' id='par_1_48' title="bbox 381 3318 1874 3394">
     <span class='ocr_line' id='line_1_48' title="bbox 381 3318 1874 3394; baseline 0.001 -19"><span class='ocrx_word' id='word_1_310' title='bbox 381 3320 578 3392; x_wconf 85' lang='grc' dir='ltr'>Ἐρώτ.</span> <span class='ocrx_word' id='word_1_311' title='bbox 622 3320 726 3392; x_wconf 90' lang='grc' dir='ltr'>ρθ’.</span> <span class='ocrx_word' id='word_1_312' title='bbox 752 3320 818 3374; x_wconf 88' lang='grc' dir='ltr'>Τί</span> <span class='ocrx_word' id='word_1_313' title='bbox 845 3320 1012 3390; x_wconf 79' lang='grc' dir='ltr'>λέγει’</span> <span class='ocrx_word' id='word_1_314' title='bbox 1050 3338 1070 3373; x_wconf 82' lang='grc' dir='ltr'><strong>ι</strong></span> <span class='ocrx_word' id='word_1_315' title='bbox 1112 3320 1266 3392; x_wconf 73' lang='grc' dir='ltr'>Ἐμοὶ</span> <span class='ocrx_word' id='word_1_316' title='bbox 1286 3321 1489 3393; x_wconf 90' lang='grc' dir='ltr'>κόσμος</span> <span class='ocrx_word' id='word_1_317' title='bbox 1516 3318 1874 3394; x_wconf 83' lang='grc' dir='ltr'>ἐσταύρωται,</span> 
     </span>
    </p>
   </div>
   <div class='ocr_carea' id='block_1_49' title="bbox 307 3412 856 3484">
    <p class='ocr_par' dir='ltr' id='par_1_49' title="bbox 307 3412 856 3484">
     <span class='ocr_line' id='line_1_49' title="bbox 307 3412 856 3484; baseline 0 -19"><span class='ocrx_word' id='word_1_318' title='bbox 307 3412 455 3481; x_wconf 74' lang='grc' dir='ltr'>κάγὼ</span> <span class='ocrx_word' id='word_1_319' title='bbox 476 3412 558 3484; x_wconf 81' lang='grc' dir='ltr'>τῷ</span> <span class='ocrx_word' id='word_1_320' title='bbox 579 3412 802 3484; x_wconf 85' lang='grc' dir='ltr'>κόσμῳ;</span> <span class='ocrx_word' id='word_1_321' title='bbox 836 3431 856 3465; x_wconf 77' lang='grc' dir='ltr'><strong>ι</strong></span> 
     </span>
    </p>
   </div>
   <div class='ocr_carea' id='block_1_50' title="bbox 383 3525 1880 3600">
    <p class='ocr_par' dir='ltr' id='par_1_50' title="bbox 383 3525 1880 3600">
     <span class='ocr_line' id='line_1_50' title="bbox 383 3525 1880 3600; baseline 0.003 -21"><span class='ocrx_word' id='word_1_322' title='bbox 383 3526 572 3582; x_wconf 80' lang='grc' dir='ltr'>Ἀπόκ.</span> <span class='ocrx_word' id='word_1_323' title='bbox 625 3525 700 3579; x_wconf 84' lang='grc' dir='ltr'>Τὸ</span> <span class='ocrx_word' id='word_1_324' title='bbox 750 3525 983 3591; x_wconf 81' lang='grc' dir='ltr'>ἐξελθεῖν</span> <span class='ocrx_word' id='word_1_325' title='bbox 1025 3526 1134 3581; x_wconf 75' lang='grc' dir='ltr'><strong>ἀπὸ</strong></span> <span class='ocrx_word' id='word_1_326' title='bbox 1159 3526 1254 3582; x_wconf 90' lang='grc' dir='ltr'><strong>τοῦ</strong></span> <span class='ocrx_word' id='word_1_327' title='bbox 1289 3527 1404 3600; x_wconf 84' lang='grc' dir='ltr'>βίου</span> <span class='ocrx_word' id='word_1_328' title='bbox 1443 3528 1538 3581; x_wconf 75' lang='grc' dir='ltr'>καὶ</span> <span class='ocrx_word' id='word_1_329' title='bbox 1579 3527 1880 3600; x_wconf 80' lang='grc' dir='ltr'>φροντίδων</span> 
     </span>
    </p>
   </div>
   <div class='ocr_carea' id='block_1_51' title="bbox 305 3617 1878 3689">
    <p class='ocr_par' dir='ltr' id='par_1_51' title="bbox 305 3617 1878 3689">
     <span class='ocr_line' id='line_1_51' title="bbox 305 3617 1878 3689; baseline 0 -16"><span class='ocrx_word' id='word_1_330' title='bbox 305 3617 489 3682; x_wconf 74' lang='grc' dir='ltr'>αὐτοῦ,</span> <span class='ocrx_word' id='word_1_331' title='bbox 540 3617 638 3672; x_wconf 71' lang='grc' dir='ltr'>καὶ</span> <span class='ocrx_word' id='word_1_332' title='bbox 682 3618 872 3689; x_wconf 86' lang='grc' dir='ltr'>νεκρὸν</span> <span class='ocrx_word' id='word_1_333' title='bbox 916 3618 1164 3687; x_wconf 82' lang='grc' dir='ltr'>γενέσθαι</span> <span class='ocrx_word' id='word_1_334' title='bbox 1210 3622 1320 3683; x_wconf 87' lang='grc' dir='ltr'>τοῖς</span> <span class='ocrx_word' id='word_1_335' title='bbox 1370 3619 1587 3687; x_wconf 84' lang='grc' dir='ltr'>πάθεσι,</span> <span class='ocrx_word' id='word_1_336' title='bbox 1629 3622 1724 3675; x_wconf 78' lang='grc' dir='ltr'>καὶ</span> <span class='ocrx_word' id='word_1_337' title='bbox 1755 3623 1878 3686; x_wconf 80' lang='grc' dir='ltr'>ταῖς</span> 
     </span>
    </p>
   </div>
   <div class='ocr_carea' id='block_1_52' title="bbox 305 3705 1878 3781">
    <p class='ocr_par' dir='ltr' id='par_1_52' title="bbox 305 3705 1878 3781">
     <span class='ocr_line' id='line_1_52' title="bbox 305 3705 1878 3781; baseline 0.002 -22"><span class='ocrx_word' id='word_1_338' title='bbox 305 3707 620 3778; x_wconf 80' lang='grc' dir='ltr'>ἐπιθυμίαις</span> <span class='ocrx_word' id='word_1_339' title='bbox 647 3705 743 3760; x_wconf 81' lang='grc' dir='ltr'>καὶ</span> <span class='ocrx_word' id='word_1_340' title='bbox 770 3707 1069 3777; x_wconf 82' lang='grc' dir='ltr'>νηστεύειν,</span> <span class='ocrx_word' id='word_1_341' title='bbox 1115 3708 1210 3762; x_wconf 81' lang='grc' dir='ltr'>καὶ</span> <span class='ocrx_word' id='word_1_342' title='bbox 1245 3710 1563 3781; x_wconf 83' lang='grc' dir='ltr'>ἀγρυπνεῖν,</span> <span class='ocrx_word' id='word_1_343' title='bbox 1592 3711 1686 3763; x_wconf 79' lang='grc' dir='ltr'>καὶ</span> <span class='ocrx_word' id='word_1_344' title='bbox 1712 3726 1878 3763; x_wconf 86' lang='grc' dir='ltr'>κακο-</span> 
     </span>
    </p>
   </div>
   <div class='ocr_carea' id='block_1_53' title="bbox 308 3797 1878 3871">
    <p class='ocr_par' dir='ltr' id='par_1_53' title="bbox 308 3797 1878 3871">
     <span class='ocr_line' id='line_1_53' title="bbox 308 3797 1878 3871; baseline 0.002 -20"><span class='ocrx_word' id='word_1_345' title='bbox 308 3797 489 3851; x_wconf 82' lang='grc' dir='ltr'>παθεῖν</span> <span class='ocrx_word' id='word_1_346' title='bbox 519 3800 579 3850; x_wconf 87' lang='grc' dir='ltr'><strong>ἐν</strong></span> <span class='ocrx_word' id='word_1_347' title='bbox 608 3800 676 3869; x_wconf 78' lang='grc' dir='ltr'><strong>τῇ</strong></span> <span class='ocrx_word' id='word_1_348' title='bbox 708 3797 961 3870; x_wconf 80' lang='grc' dir='ltr'>ἀσκήσει,</span> <span class='ocrx_word' id='word_1_349' title='bbox 998 3799 1073 3863; x_wconf 82' lang='grc' dir='ltr'>ὡς</span> <span class='ocrx_word' id='word_1_350' title='bbox 1100 3799 1192 3854; x_wconf 74' lang='grc' dir='ltr'>καὶ</span> <span class='ocrx_word' id='word_1_351' title='bbox 1224 3799 1457 3871; x_wconf 83' lang='grc' dir='ltr'>ἀλλαχοῦ</span> <span class='ocrx_word' id='word_1_352' title='bbox 1489 3800 1660 3870; x_wconf 88' lang='grc' dir='ltr'>λέγει·</span> <span class='ocrx_word' id='word_1_353' title='bbox 1692 3819 1710 3852; x_wconf 82' lang='grc' dir='ltr'><strong>ι</strong></span> <span class='ocrx_word' id='word_1_354' title='bbox 1736 3801 1799 3855; x_wconf 77' lang='lat' dir='ltr'><strong>Oi</strong></span> <span class='ocrx_word' id='word_1_355' title='bbox 1820 3800 1878 3854; x_wconf 87' lang='grc' dir='ltr'><strong>δέ</strong></span> 
     </span>
    </p>
   </div>
   <div class='ocr_carea' id='block_1_54' title="bbox 304 3888 1877 3964">
    <p class='ocr_par' dir='ltr' id='par_1_54' title="bbox 304 3888 1877 3964">
     <span class='ocr_line' id='line_1_54' title="bbox 304 3888 1877 3964; baseline 0.001 -22"><span class='ocrx_word' id='word_1_356' title='bbox 304 3890 396 3943; x_wconf 87' lang='grc' dir='ltr'><strong>τοῦ</strong></span> <span class='ocrx_word' id='word_1_357' title='bbox 423 3888 663 3962; x_wconf 86' lang='grc' dir='ltr'>Χριστοῦ</span> <span class='ocrx_word' id='word_1_358' title='bbox 703 3888 801 3960; x_wconf 76' lang='grc' dir='ltr'>τὴν</span> <span class='ocrx_word' id='word_1_359' title='bbox 842 3891 1017 3961; x_wconf 84' lang='grc' dir='ltr'>σάρκα</span> <span class='ocrx_word' id='word_1_360' title='bbox 1053 3889 1402 3964; x_wconf 79' lang='grc' dir='ltr'>ἐσταύρωσαν</span> <span class='ocrx_word' id='word_1_361' title='bbox 1434 3891 1531 3945; x_wconf 82' lang='grc' dir='ltr'>σὺν</span> <span class='ocrx_word' id='word_1_362' title='bbox 1559 3893 1672 3955; x_wconf 87' lang='grc' dir='ltr'>τοῖς</span> <span class='ocrx_word' id='word_1_363' title='bbox 1697 3889 1877 3963; x_wconf 82' lang='grc' dir='ltr'>παθή-</span> 
     </span>
    </p>
   </div>
   <div class='ocr_carea' id='block_1_55' title="bbox 310 3980 1125 4054">
    <p class='ocr_par' dir='ltr' id='par_1_55' title="bbox 310 3980 1125 4054">
     <span class='ocr_line' id='line_1_55' title="bbox 310 3980 1125 4054; baseline -0.001 -19"><span class='ocrx_word' id='word_1_364' title='bbox 310 3999 438 4054; x_wconf 88' lang='grc' dir='ltr'>μασι</span> <span class='ocrx_word' id='word_1_365' title='bbox 466 3984 562 4037; x_wconf 73' lang='grc' dir='ltr'>καὶ</span> <span class='ocrx_word' id='word_1_366' title='bbox 588 3983 712 4045; x_wconf 88' lang='grc' dir='ltr'>ταῖς</span> <span class='ocrx_word' id='word_1_367' title='bbox 741 3980 1082 4052; x_wconf 81' lang='grc' dir='ltr'>ἐπιθυμίαις.</span> <span class='ocrx_word' id='word_1_368' title='bbox 1105 4001 1125 4034; x_wconf 74' lang='grc' dir='ltr'><strong>ι</strong></span> 
     </span>
    </p>
   </div>
   <div class='ocr_carea' id='block_1_56' title="bbox 387 4073 1933 4148">
    <p class='ocr_par' dir='ltr' id='par_1_56' title="bbox 387 4073 1933 4148">
     <span class='ocr_line' id='line_1_56' title="bbox 387 4073 1933 4148; baseline 0 -19"><span class='ocrx_word' id='word_1_369' title='bbox 387 4076 576 4148; x_wconf 84' lang='grc' dir='ltr'>Ἐρώτ.</span> <span class='ocrx_word' id='word_1_370' title='bbox 611 4082 701 4148; x_wconf 86' lang='grc' dir='ltr'>ρι’.</span> <span class='ocrx_word' id='word_1_371' title='bbox 726 4075 792 4129; x_wconf 86' lang='grc' dir='ltr'><strong>Τί</strong></span> <span class='ocrx_word' id='word_1_372' title='bbox 821 4073 987 4143; x_wconf 85' lang='grc' dir='ltr'>λέγει·</span> <span class='ocrx_word' id='word_1_373' title='bbox 1021 4094 1040 4127; x_wconf 75' lang='grc' dir='ltr'><strong>ι</strong></span> <span class='ocrx_word' id='word_1_374' title='bbox 1073 4075 1147 4129; x_wconf 82' lang='grc' dir='ltr'>Τὸ</span> <span class='ocrx_word' id='word_1_375' title='bbox 1178 4074 1486 4147; x_wconf 84' lang='grc' dir='ltr'>μεσότοιχον</span> <span class='ocrx_word' id='word_1_376' title='bbox 1507 4073 1599 4129; x_wconf 89' lang='grc' dir='ltr'><strong>τοῦ</strong></span> <span class='ocrx_word' id='word_1_377' title='bbox 1622 4073 1877 4147; x_wconf 85' lang='grc' dir='ltr'>φραγμοῦ</span> <span class='ocrx_word' id='word_1_378' title='bbox 1923 4126 1933 4136; x_wconf 84' lang='grc'><strong>,</strong></span> 
     </span>
    </p>
   </div>
   <div class='ocr_carea' id='block_1_57' title="bbox 307 4168 575 4239">
    <p class='ocr_par' dir='ltr' id='par_1_57' title="bbox 307 4168 575 4239">
     <span class='ocr_line' id='line_1_57' title="bbox 307 4168 575 4239; baseline 0 -18"><span class='ocrx_word' id='word_1_379' title='bbox 307 4168 508 4239; x_wconf 53' lang='grc' dir='ltr'>λύσας</span> <span class='ocrx_word' id='word_1_380' title='bbox 553 4188 575 4221; x_wconf 73' lang='grc' dir='ltr'><strong>ι</strong></span> 
     </span>
    </p>
   </div>
   <div class='ocr_carea' id='block_1_58' title="bbox 388 4281 1880 4357">
    <p class='ocr_par' dir='ltr' id='par_1_58' title="bbox 388 4281 1880 4357">
     <span class='ocr_line' id='line_1_58' title="bbox 388 4281 1880 4357; baseline -0.002 -20"><span class='ocrx_word' id='word_1_381' title='bbox 388 4286 574 4339; x_wconf 83' lang='grc' dir='ltr'>Ἀπόκ.</span> <span class='ocrx_word' id='word_1_382' title='bbox 609 4284 933 4351; x_wconf 87' lang='grc' dir='ltr'>Τουτέστιν,</span> <span class='ocrx_word' id='word_1_383' title='bbox 967 4284 1002 4356; x_wconf 71' lang='grc' dir='ltr'>ἡ</span> <span class='ocrx_word' id='word_1_384' title='bbox 1036 4283 1223 4354; x_wconf 77' lang='grc' dir='ltr'>ἔχθρα,</span> <span class='ocrx_word' id='word_1_385' title='bbox 1261 4286 1329 4357; x_wconf 86' lang='grc' dir='ltr'>ῆν</span> <span class='ocrx_word' id='word_1_386' title='bbox 1366 4284 1584 4354; x_wconf 73' lang='grc' dir='ltr'>εἴχομεν</span> <span class='ocrx_word' id='word_1_387' title='bbox 1614 4281 1750 4353; x_wconf 76' lang='grc' dir='ltr'>πρὸς</span> <span class='ocrx_word' id='word_1_388' title='bbox 1789 4282 1880 4335; x_wconf 81' lang='grc' dir='ltr'>τὸν</span> 
     </span>
    </p>
   </div>
   <div class='ocr_carea' id='block_1_59' title="bbox 1966 1862 3546 1934">
    <p class='ocr_par' dir='ltr' id='par_1_59' title="bbox 1966 1862 3546 1934">
     <span class='ocr_line' id='line_1_59' title="bbox 1966 1862 3546 1934; baseline 0.003 -17"><span class='ocrx_word' id='word_1_389' title='bbox 1966 1862 2142 1932; x_wconf 87' lang='lat' dir='ltr'><strong>pelagi</strong></span> <span class='ocrx_word' id='word_1_390' title='bbox 2176 1863 2515 1934; x_wconf 75' lang='lat' dir='ltr'><strong>navigaverit</strong></span> <span class='ocrx_word' id='word_1_391' title='bbox 2557 1882 2570 1918; x_wconf 87' lang='lat'><strong>:</strong></span> <span class='ocrx_word' id='word_1_392' title='bbox 2608 1864 2723 1928; x_wconf 86' lang='lat' dir='ltr'><strong>alii,</strong></span> <span class='ocrx_word' id='word_1_393' title='bbox 2775 1865 2921 1934; x_wconf 88' lang='lat' dir='ltr'><strong>quod</strong></span> <span class='ocrx_word' id='word_1_394' title='bbox 2956 1866 3227 1923; x_wconf 87' lang='lat' dir='ltr'><strong>nataverit</strong></span> <span class='ocrx_word' id='word_1_395' title='bbox 3268 1874 3321 1923; x_wconf 87' lang='lat' dir='ltr'><strong>et</strong></span> <span class='ocrx_word' id='word_1_396' title='bbox 3361 1869 3546 1922; x_wconf 72' lang='lat' dir='ltr'><strong>urina-</strong></span> 
     </span>
    </p>
   </div>
   <div class='ocr_carea' id='block_1_60' title="bbox 1966 1954 3545 2027">
    <p class='ocr_par' dir='ltr' id='par_1_60' title="bbox 1966 1954 3545 2027">
     <span class='ocr_line' id='line_1_60' title="bbox 1966 1954 3545 2027; baseline 0.006 -21"><span class='ocrx_word' id='word_1_397' title='bbox 1966 1954 2126 2018; x_wconf 89' lang='lat' dir='ltr'><strong>verit,</strong></span> <span class='ocrx_word' id='word_1_398' title='bbox 2178 1955 2271 2008; x_wconf 87' lang='lat' dir='ltr'><strong>ubi</strong></span> <span class='ocrx_word' id='word_1_399' title='bbox 2333 1971 2512 2026; x_wconf 90' lang='lat' dir='ltr'><strong>neque</strong></span> <span class='ocrx_word' id='word_1_400' title='bbox 2567 1964 2792 2021; x_wconf 87' lang='lat' dir='ltr'><strong>terram,</strong></span> <span class='ocrx_word' id='word_1_401' title='bbox 2848 1972 3027 2027; x_wconf 90' lang='lat' dir='ltr'><strong>neque</strong></span> <span class='ocrx_word' id='word_1_402' title='bbox 3093 1967 3308 2015; x_wconf 85' lang='lat' dir='ltr'><strong>montes</strong></span> <span class='ocrx_word' id='word_1_403' title='bbox 3359 1960 3545 2016; x_wconf 88' lang='lat' dir='ltr'><strong>videre</strong></span> 
     </span>
    </p>
   </div>
   <div class='ocr_carea' id='block_1_61' title="bbox 1964 2052 2107 2099">
    <p class='ocr_par' dir='ltr' id='par_1_61' title="bbox 1964 2052 2107 2099">
     <span class='ocr_line' id='line_1_61' title="bbox 1964 2052 2107 2099; baseline -0.007 0"><span class='ocrx_word' id='word_1_404' title='bbox 1964 2052 2107 2099; x_wconf 84' lang='lat' dir='ltr'><strong>erat.</strong></span> 
     </span>
    </p>
   </div>
   <div class='ocr_carea' id='block_1_62' title="bbox 2037 2135 3545 2195">
    <p class='ocr_par' dir='ltr' id='par_1_62' title="bbox 2037 2135 3545 2195">
     <span class='ocr_line' id='line_1_62' title="bbox 2037 2135 3545 2195; baseline 0.004 -6"><span class='ocrx_word' id='word_1_405' title='bbox 2037 2136 2367 2192; x_wconf 79' lang='lat' dir='ltr'><strong>Pnorosmo</strong></span> <span class='ocrx_word' id='word_1_406' title='bbox 2393 2135 2555 2193; x_wconf 81' lang='lat' dir='ltr'><strong>CVII.</strong></span> <span class='ocrx_word' id='word_1_407' title='bbox 2604 2155 2622 2190; x_wconf 77' lang='grc' dir='ltr'><strong>ι</strong></span> <span class='ocrx_word' id='word_1_408' title='bbox 2668 2135 2841 2193; x_wconf 86' lang='lat' dir='ltr'><strong>Datus</strong></span> <span class='ocrx_word' id='word_1_409' title='bbox 2863 2146 2946 2193; x_wconf 87' lang='lat' dir='ltr'><strong>est</strong></span> <span class='ocrx_word' id='word_1_410' title='bbox 2974 2138 3103 2193; x_wconf 90' lang='lat' dir='ltr'><strong>mihi</strong></span> <span class='ocrx_word' id='word_1_411' title='bbox 3134 2139 3387 2195; x_wconf 86' lang='lat' dir='ltr'><strong>stimulus</strong></span> <span class='ocrx_word' id='word_1_412' title='bbox 3418 2154 3545 2195; x_wconf 88' lang='lat' dir='ltr'><strong>car-</strong></span> 
     </span>
    </p>
   </div>
   <div class='ocr_carea' id='block_1_63' title="bbox 1967 2227 3337 2300">
    <p class='ocr_par' dir='ltr' id='par_1_63' title="bbox 1967 2227 3337 2300">
     <span class='ocr_line' id='line_1_63' title="bbox 1967 2227 3337 2300; baseline 0.001 -18"><span class='ocrx_word' id='word_1_413' title='bbox 1967 2227 2085 2294; x_wconf 88' lang='lat' dir='ltr'><strong>nis,</strong></span> <span class='ocrx_word' id='word_1_414' title='bbox 2113 2229 2336 2300; x_wconf 89' lang='lat' dir='ltr'><strong>angelus</strong></span> <span class='ocrx_word' id='word_1_415' title='bbox 2367 2229 2601 2293; x_wconf 75' lang='lat' dir='ltr'><strong>Satanac,</strong></span> <span class='ocrx_word' id='word_1_416' title='bbox 2638 2229 2731 2300; x_wconf 86' lang='lat' dir='ltr'><strong>qui</strong></span> <span class='ocrx_word' id='word_1_417' title='bbox 2765 2245 2852 2286; x_wconf 90' lang='lat' dir='ltr'><strong>me</strong></span> <span class='ocrx_word' id='word_1_418' title='bbox 2884 2230 3187 2300; x_wconf 87' lang='lat' dir='ltr'><strong>colaphizet</strong></span> <span class='ocrx_word' id='word_1_419' title='bbox 3215 2232 3282 2286; x_wconf 85' lang='grc'><strong>⁷³.</strong></span> <span class='ocrx_word' id='word_1_420' title='bbox 3318 2250 3337 2284; x_wconf 75' lang='grc' dir='ltr'><strong>ι</strong></span> 
     </span>
    </p>
   </div>
   <div class='ocr_carea' id='block_1_64' title="bbox 2038 2319 3548 2395">
    <p class='ocr_par' dir='ltr' id='par_1_64' title="bbox 2038 2319 3548 2395">
     <span class='ocr_line' id='line_1_64' title="bbox 2038 2319 3548 2395; baseline 0.004 -21"><span class='ocrx_word' id='word_1_421' title='bbox 2038 2319 2501 2377; x_wconf 72' lang='lat' dir='ltr'><strong>lmenrnnrnlo.</strong></span> <span class='ocrx_word' id='word_1_422' title='bbox 2533 2320 2700 2378; x_wconf 90' lang='lat' dir='ltr'><strong>Satan</strong></span> <span class='ocrx_word' id='word_1_423' title='bbox 2733 2324 3083 2380; x_wconf 90' lang='lat' dir='ltr'><strong>adversarius</strong></span> <span class='ocrx_word' id='word_1_424' title='bbox 3115 2324 3335 2380; x_wconf 90' lang='lat' dir='ltr'><strong>dicitur.</strong></span> <span class='ocrx_word' id='word_1_425' title='bbox 3367 2324 3548 2395; x_wconf 80' lang='lat' dir='ltr'><strong>Ange-</strong></span> 
     </span>
    </p>
   </div>
   <div class='ocr_carea' id='block_1_65' title="bbox 1968 2412 3550 2483">
    <p class='ocr_par' dir='ltr' id='par_1_65' title="bbox 1968 2412 3550 2483">
     <span class='ocr_line' id='line_1_65' title="bbox 1968 2412 3550 2483; baseline 0.004 -17"><span class='ocrx_word' id='word_1_426' title='bbox 1968 2412 2079 2467; x_wconf 91' lang='lat' dir='ltr'><strong>lum</strong></span> <span class='ocrx_word' id='word_1_427' title='bbox 2121 2413 2287 2483; x_wconf 81' lang='lat' dir='ltr'><strong>igitur</strong></span> <span class='ocrx_word' id='word_1_428' title='bbox 2334 2412 2551 2470; x_wconf 67' lang='lat' dir='ltr'><strong>Satanae</strong></span> <span class='ocrx_word' id='word_1_429' title='bbox 2592 2415 2726 2471; x_wconf 89' lang='lat' dir='ltr'><strong>dicit</strong></span> <span class='ocrx_word' id='word_1_430' title='bbox 2764 2415 3133 2473; x_wconf 77' lang='lat' dir='ltr'><strong>Alexandrum</strong></span> <span class='ocrx_word' id='word_1_431' title='bbox 3174 2417 3424 2473; x_wconf 73' lang='lat' dir='ltr'><strong>aerarium</strong></span> <span class='ocrx_word' id='word_1_432' title='bbox 3463 2417 3550 2472; x_wconf 82' lang='lat' dir='ltr'><strong>fa-</strong></span> 
     </span>
    </p>
   </div>
   <div class='ocr_carea' id='block_1_66' title="bbox 1969 2505 3547 2581">
    <p class='ocr_par' dir='ltr' id='par_1_66' title="bbox 1969 2505 3547 2581">
     <span class='ocr_line' id='line_1_66' title="bbox 1969 2505 3547 2581; baseline 0.003 -21"><span class='ocrx_word' id='word_1_433' title='bbox 1969 2505 2152 2570; x_wconf 88' lang='lat' dir='ltr'><strong>brum,</strong></span> <span class='ocrx_word' id='word_1_434' title='bbox 2179 2505 2528 2576; x_wconf 66' lang='lat' dir='ltr'><strong>Hymenazum</strong></span> <span class='ocrx_word' id='word_1_435' title='bbox 2552 2515 2606 2564; x_wconf 91' lang='lat' dir='ltr'><strong>et</strong></span> <span class='ocrx_word' id='word_1_436' title='bbox 2633 2507 2906 2565; x_wconf 89' lang='lat' dir='ltr'><strong>Philetum</strong></span> <span class='ocrx_word' id='word_1_437' title='bbox 2931 2511 3023 2581; x_wconf 86' lang='lat' dir='ltr'><strong>qui</strong></span> <span class='ocrx_word' id='word_1_438' title='bbox 3048 2511 3318 2566; x_wconf 75' lang='lat' dir='ltr'><strong>vexabant</strong></span> <span class='ocrx_word' id='word_1_439' title='bbox 3346 2511 3547 2581; x_wconf 92' lang='lat' dir='ltr'><strong>ipsum,</strong></span> 
     </span>
    </p>
   </div>
   <div class='ocr_carea' id='block_1_67' title="bbox 1968 2600 3548 2674">
    <p class='ocr_par' dir='ltr' id='par_1_67' title="bbox 1968 2600 3548 2674">
     <span class='ocr_line' id='line_1_67' title="bbox 1968 2600 3548 2674; baseline 0.003 -20"><span class='ocrx_word' id='word_1_440' title='bbox 1968 2606 2022 2654; x_wconf 89' lang='lat' dir='ltr'><strong>et</strong></span> <span class='ocrx_word' id='word_1_441' title='bbox 2053 2600 2405 2664; x_wconf 87' lang='lat' dir='ltr'><strong>resistebant,</strong></span> <span class='ocrx_word' id='word_1_442' title='bbox 2447 2600 2694 2658; x_wconf 88' lang='lat' dir='ltr'><strong>dicentes</strong></span> <span class='ocrx_word' id='word_1_443' title='bbox 2717 2605 3168 2661; x_wconf 85' lang='lat' dir='ltr'><strong>resurrectionem</strong></span> <span class='ocrx_word' id='word_1_444' title='bbox 3189 2606 3302 2674; x_wconf 85' lang='lat' dir='ltr'><strong>jam</strong></span> <span class='ocrx_word' id='word_1_445' title='bbox 3336 2604 3505 2659; x_wconf 80' lang='lat' dir='ltr'><strong>fuisse</strong></span> <span class='ocrx_word' id='word_1_446' title='bbox 3529 2619 3548 2658; x_wconf 90' lang='lat'><strong>:</strong></span> 
     </span>
    </p>
   </div>
   <div class='ocr_carea' id='block_1_68' title="bbox 1969 2692 3553 2766">
    <p class='ocr_par' dir='ltr' id='par_1_68' title="bbox 1969 2692 3553 2766">
     <span class='ocr_line' id='line_1_68' title="bbox 1969 2692 3553 2766; baseline 0.005 -22"><span class='ocrx_word' id='word_1_447' title='bbox 1969 2692 2067 2761; x_wconf 90' lang='lat' dir='ltr'><strong>qui</strong></span> <span class='ocrx_word' id='word_1_448' title='bbox 2101 2692 2267 2746; x_wconf 86' lang='lat' dir='ltr'><strong>etiam</strong></span> <span class='ocrx_word' id='word_1_449' title='bbox 2318 2693 2723 2762; x_wconf 85' lang='lat' dir='ltr'><strong>apprehensum</strong></span> <span class='ocrx_word' id='word_1_450' title='bbox 2756 2710 2905 2762; x_wconf 92' lang='lat' dir='ltr'><strong>eum,</strong></span> <span class='ocrx_word' id='word_1_451' title='bbox 2953 2696 3010 2751; x_wconf 90' lang='lat' dir='ltr'><strong>in</strong></span> <span class='ocrx_word' id='word_1_452' title='bbox 3049 2711 3328 2753; x_wconf 89' lang='lat' dir='ltr'><strong>carcerem</strong></span> <span class='ocrx_word' id='word_1_453' title='bbox 3370 2695 3553 2766; x_wconf 79' lang='lat' dir='ltr'><strong>proje-</strong></span> 
     </span>
    </p>
   </div>
   <div class='ocr_carea' id='block_1_69' title="bbox 1970 2784 2899 2849">
    <p class='ocr_par' dir='ltr' id='par_1_69' title="bbox 1970 2784 2899 2849">
     <span class='ocr_line' id='line_1_69' title="bbox 1970 2784 2899 2849; baseline 0.005 -10"><span class='ocrx_word' id='word_1_454' title='bbox 1970 2799 2114 2849; x_wconf 90' lang='lat' dir='ltr'><strong>cere,</strong></span> <span class='ocrx_word' id='word_1_455' title='bbox 2147 2792 2203 2838; x_wconf 89' lang='lat' dir='ltr'><strong>et</strong></span> <span class='ocrx_word' id='word_1_456' title='bbox 2239 2784 2429 2841; x_wconf 88' lang='lat' dir='ltr'><strong>multis</strong></span> <span class='ocrx_word' id='word_1_457' title='bbox 2457 2786 2687 2842; x_wconf 80' lang='lat' dir='ltr'><strong>aﬁ‘ecere</strong></span> <span class='ocrx_word' id='word_1_458' title='bbox 2718 2788 2899 2844; x_wconf 89' lang='lat' dir='ltr'><strong>malis.</strong></span> 
     </span>
    </p>
   </div>
   <div class='ocr_carea' id='block_1_70' title="bbox 2041 2874 3370 2951">
    <p class='ocr_par' dir='ltr' id='par_1_70' title="bbox 2041 2874 3370 2951">
     <span class='ocr_line' id='line_1_70' title="bbox 2041 2874 3370 2951; baseline 0.001 -22"><span class='ocrx_word' id='word_1_459' title='bbox 2041 2874 2206 2931; x_wconf 80' lang='lat' dir='ltr'><strong>Pnor.</strong></span> <span class='ocrx_word' id='word_1_460' title='bbox 2242 2875 2424 2933; x_wconf 83' lang='lat' dir='ltr'><strong>CVIII.</strong></span> <span class='ocrx_word' id='word_1_461' title='bbox 2467 2898 2486 2929; x_wconf 85' lang='grc'><strong><em>‹</em></strong></span> <span class='ocrx_word' id='word_1_462' title='bbox 2527 2878 2742 2934; x_wconf 89' lang='lat' dir='ltr'><strong>Sufﬁcit</strong></span> <span class='ocrx_word' id='word_1_463' title='bbox 2776 2880 2873 2934; x_wconf 90' lang='lat' dir='ltr'><strong>tibi</strong></span> <span class='ocrx_word' id='word_1_464' title='bbox 2904 2881 3079 2951; x_wconf 85' lang='lat' dir='ltr'><strong>gratia</strong></span> <span class='ocrx_word' id='word_1_465' title='bbox 3111 2894 3230 2935; x_wconf 88' lang='lat' dir='ltr'><strong>mea</strong></span> <span class='ocrx_word' id='word_1_466' title='bbox 3251 2879 3317 2933; x_wconf 70' lang='grc'><strong>⁷⁸.</strong></span> <span class='ocrx_word' id='word_1_467' title='bbox 3351 2897 3370 2930; x_wconf 74' lang='grc' dir='ltr'><strong>ι</strong></span> 
     </span>
    </p>
   </div>
   <div class='ocr_carea' id='block_1_71' title="bbox 2040 2964 3554 3041">
    <p class='ocr_par' dir='ltr' id='par_1_71' title="bbox 2040 2964 3554 3041">
     <span class='ocr_line' id='line_1_71' title="bbox 2040 2964 3554 3041; baseline 0.003 -24"><span class='ocrx_word' id='word_1_468' title='bbox 2040 2964 2202 3020; x_wconf 75' lang='lat' dir='ltr'><strong>Resp.</strong></span> <span class='ocrx_word' id='word_1_469' title='bbox 2231 2965 2345 3023; x_wconf 84' lang='lat' dir='ltr'><strong>lloc</strong></span> <span class='ocrx_word' id='word_1_470' title='bbox 2365 2975 2486 3024; x_wconf 90' lang='lat' dir='ltr'><strong>est:</strong></span> <span class='ocrx_word' id='word_1_471' title='bbox 2521 2967 2735 3023; x_wconf 84' lang='lat' dir='ltr'><strong>Sufﬁcit</strong></span> <span class='ocrx_word' id='word_1_472' title='bbox 2764 2970 2861 3024; x_wconf 85' lang='lat' dir='ltr'><strong>tibi</strong></span> <span class='ocrx_word' id='word_1_473' title='bbox 2896 2970 3068 3041; x_wconf 88' lang='lat' dir='ltr'><strong>gratia</strong></span> <span class='ocrx_word' id='word_1_474' title='bbox 3100 2985 3240 3036; x_wconf 85' lang='lat' dir='ltr'><strong>mea,</strong></span> <span class='ocrx_word' id='word_1_475' title='bbox 3271 2983 3554 3041; x_wconf 66' lang='lat' dir='ltr'><strong>quaamor-</strong></span> 
     </span>
    </p>
   </div>
   <div class='ocr_carea' id='block_1_72' title="bbox 1976 3060 3550 3132">
    <p class='ocr_par' dir='ltr' id='par_1_72' title="bbox 1976 3060 3550 3132">
     <span class='ocr_line' id='line_1_72' title="bbox 1976 3060 3550 3132; baseline 0.004 -22"><span class='ocrx_word' id='word_1_476' title='bbox 1976 3065 2101 3114; x_wconf 86' lang='lat' dir='ltr'><strong>tuos</strong></span> <span class='ocrx_word' id='word_1_477' title='bbox 2131 3060 2362 3125; x_wconf 78' lang='lat' dir='ltr'><strong>excitas,</strong></span> <span class='ocrx_word' id='word_1_478' title='bbox 2394 3062 2557 3117; x_wconf 68' lang='lat' dir='ltr'><strong>caecis</strong></span> <span class='ocrx_word' id='word_1_479' title='bbox 2590 3062 2767 3118; x_wconf 89' lang='lat' dir='ltr'><strong>visum</strong></span> <span class='ocrx_word' id='word_1_480' title='bbox 2799 3061 2919 3126; x_wconf 86' lang='lat' dir='ltr'><strong>das,</strong></span> <span class='ocrx_word' id='word_1_481' title='bbox 2949 3070 3003 3118; x_wconf 91' lang='lat' dir='ltr'><strong>et</strong></span> <span class='ocrx_word' id='word_1_482' title='bbox 3036 3063 3140 3116; x_wconf 86' lang='lat' dir='ltr'><strong>alia</strong></span> <span class='ocrx_word' id='word_1_483' title='bbox 3188 3063 3345 3132; x_wconf 83' lang='lat' dir='ltr'><strong>signa</strong></span> <span class='ocrx_word' id='word_1_484' title='bbox 3395 3061 3550 3117; x_wconf 86' lang='lat' dir='ltr'><strong>facis.</strong></span> 
     </span>
    </p>
   </div>
   <div class='ocr_carea' id='block_1_73' title="bbox 1977 3149 3375 3228">
    <p class='ocr_par' dir='ltr' id='par_1_73' title="bbox 1977 3149 3375 3228">
     <span class='ocr_line' id='line_1_73' title="bbox 1977 3149 3375 3228; baseline 0.002 -23"><span class='ocrx_word' id='word_1_485' title='bbox 1977 3149 2149 3207; x_wconf 84' lang='lat' dir='ltr'><strong>Porro</strong></span> <span class='ocrx_word' id='word_1_486' title='bbox 2187 3153 2330 3223; x_wconf 81' lang='lat' dir='ltr'><strong>pulsi</strong></span> <span class='ocrx_word' id='word_1_487' title='bbox 2360 3161 2413 3208; x_wconf 85' lang='lat' dir='ltr'><strong>et</strong></span> <span class='ocrx_word' id='word_1_488' title='bbox 2444 3155 2703 3226; x_wconf 80' lang='lat' dir='ltr'><strong>exagitati</strong></span> <span class='ocrx_word' id='word_1_489' title='bbox 2736 3164 3124 3228; x_wconf 83' lang='lat' dir='ltr'><strong>persequentes</strong></span> <span class='ocrx_word' id='word_1_490' title='bbox 3154 3155 3375 3211; x_wconf 78' lang='lat' dir='ltr'><strong>vincite.</strong></span> 
     </span>
    </p>
   </div>
   <div class='ocr_carea' id='block_1_74' title="bbox 2054 3332 3556 3406">
    <p class='ocr_par' dir='ltr' id='par_1_74' title="bbox 2054 3332 3556 3406">
     <span class='ocr_line' id='line_1_74' title="bbox 2054 3332 3556 3406; baseline -0.003 -16"><span class='ocrx_word' id='word_1_491' title='bbox 2054 3332 2275 3402; x_wconf 57' lang='lat' dir='ltr'><strong>Quzsr.</strong></span> <span class='ocrx_word' id='word_1_492' title='bbox 2306 3335 2444 3392; x_wconf 84' lang='lat' dir='ltr'><strong>CIX.</strong></span> <span class='ocrx_word' id='word_1_493' title='bbox 2470 3336 2612 3402; x_wconf 86' lang='lat' dir='ltr'><strong>Quid</strong></span> <span class='ocrx_word' id='word_1_494' title='bbox 2641 3342 2726 3391; x_wconf 89' lang='lat' dir='ltr'><strong>est</strong></span> <span class='ocrx_word' id='word_1_495' title='bbox 2750 3335 2896 3406; x_wconf 90' lang='lat' dir='ltr'><strong>quod</strong></span> <span class='ocrx_word' id='word_1_496' title='bbox 2928 3334 3106 3405; x_wconf 88' lang='lat' dir='ltr'><strong>inquit</strong></span> <span class='ocrx_word' id='word_1_497' title='bbox 3134 3352 3147 3387; x_wconf 91' lang='lat'><strong>:</strong></span> <span class='ocrx_word' id='word_1_498' title='bbox 3175 3353 3196 3386; x_wconf 70' lang='grc' dir='ltr'><strong>ι</strong></span> <span class='ocrx_word' id='word_1_499' title='bbox 3225 3332 3355 3388; x_wconf 82' lang='lat' dir='ltr'><strong>Mihi</strong></span> <span class='ocrx_word' id='word_1_500' title='bbox 3397 3347 3556 3386; x_wconf 90' lang='lat' dir='ltr'><strong>mun-</strong></span> 
     </span>
    </p>
   </div>
   <div class='ocr_carea' id='block_1_75' title="bbox 1970 3421 3197 3495">
    <p class='ocr_par' dir='ltr' id='par_1_75' title="bbox 1970 3421 3197 3495">
     <span class='ocr_line' id='line_1_75' title="bbox 1970 3421 3197 3495; baseline -0.008 -10"><span class='ocrx_word' id='word_1_501' title='bbox 1970 3430 2079 3485; x_wconf 91' lang='lat' dir='ltr'><strong>dus</strong></span> <span class='ocrx_word' id='word_1_502' title='bbox 2122 3426 2423 3482; x_wconf 83' lang='lat' dir='ltr'><strong>cruciﬁxus</strong></span> <span class='ocrx_word' id='word_1_503' title='bbox 2461 3434 2568 3491; x_wconf 83' lang='lat' dir='ltr'><strong>est,</strong></span> <span class='ocrx_word' id='word_1_504' title='bbox 2606 3434 2662 3481; x_wconf 89' lang='lat' dir='ltr'><strong>et</strong></span> <span class='ocrx_word' id='word_1_505' title='bbox 2697 3439 2798 3495; x_wconf 89' lang='lat' dir='ltr'><strong>ego</strong></span> <span class='ocrx_word' id='word_1_506' title='bbox 2826 3421 3033 3478; x_wconf 86' lang='lat' dir='ltr'><strong>mundo</strong></span> <span class='ocrx_word' id='word_1_507' title='bbox 3058 3421 3149 3476; x_wconf 64' lang='lat'><strong>7&#39;?</strong></span> <span class='ocrx_word' id='word_1_508' title='bbox 3178 3440 3197 3474; x_wconf 72' lang='grc' dir='ltr'><strong>ι</strong></span> 
     </span>
    </p>
   </div>
   <div class='ocr_carea' id='block_1_76' title="bbox 2046 3532 3557 3602">
    <p class='ocr_par' dir='ltr' id='par_1_76' title="bbox 2046 3532 3557 3602">
     <span class='ocr_line' id='line_1_76' title="bbox 2046 3532 3557 3602; baseline -0.007 -10"><span class='ocrx_word' id='word_1_509' title='bbox 2046 3537 2209 3593; x_wconf 73' lang='lat' dir='ltr'><strong>Rssr.</strong></span> <span class='ocrx_word' id='word_1_510' title='bbox 2237 3534 2499 3591; x_wconf 78' lang='lat' dir='ltr'><strong>Mundam</strong></span> <span class='ocrx_word' id='word_1_511' title='bbox 2531 3544 2585 3590; x_wconf 90' lang='lat' dir='ltr'><strong>et</strong></span> <span class='ocrx_word' id='word_1_512' title='bbox 2629 3548 2794 3589; x_wconf 87' lang='lat' dir='ltr'><strong>curas</strong></span> <span class='ocrx_word' id='word_1_513' title='bbox 2824 3532 2944 3602; x_wconf 84' lang='lat' dir='ltr'><strong>ejus</strong></span> <span class='ocrx_word' id='word_1_514' title='bbox 2988 3532 3323 3600; x_wconf 87' lang='lat' dir='ltr'><strong>relinquere,</strong></span> <span class='ocrx_word' id='word_1_515' title='bbox 3353 3543 3557 3583; x_wconf 85' lang='lat' dir='ltr'><strong>concu-</strong></span> 
     </span>
    </p>
   </div>
   <div class='ocr_carea' id='block_1_77' title="bbox 1976 3622 3555 3701">
    <p class='ocr_par' dir='ltr' id='par_1_77' title="bbox 1976 3622 3555 3701">
     <span class='ocr_line' id='line_1_77' title="bbox 1976 3622 3555 3701; baseline -0.007 -17"><span class='ocrx_word' id='word_1_516' title='bbox 1976 3630 2256 3701; x_wconf 82' lang='lat' dir='ltr'><strong>piscentiis</strong></span> <span class='ocrx_word' id='word_1_517' title='bbox 2285 3636 2339 3683; x_wconf 91' lang='lat' dir='ltr'><strong>et</strong></span> <span class='ocrx_word' id='word_1_518' title='bbox 2368 3626 2651 3682; x_wconf 74' lang='lat' dir='ltr'><strong>affectibus</strong></span> <span class='ocrx_word' id='word_1_519' title='bbox 2682 3624 2843 3688; x_wconf 90' lang='lat' dir='ltr'><strong>mori,</strong></span> <span class='ocrx_word' id='word_1_520' title='bbox 2885 3624 3156 3694; x_wconf 85' lang='lat' dir='ltr'><strong>jejunare,</strong></span> <span class='ocrx_word' id='word_1_521' title='bbox 3186 3622 3431 3693; x_wconf 84' lang='lat' dir='ltr'><strong>vigilare,</strong></span> <span class='ocrx_word' id='word_1_522' title='bbox 3462 3635 3555 3674; x_wconf 84' lang='lat' dir='ltr'><strong>as-</strong></span> 
     </span>
    </p>
   </div>
   <div class='ocr_carea' id='block_1_78' title="bbox 1976 3709 3554 3782">
    <p class='ocr_par' dir='ltr' id='par_1_78' title="bbox 1976 3709 3554 3782">
     <span class='ocr_line' id='line_1_78' title="bbox 1976 3709 3554 3782; baseline -0.009 -5"><span class='ocrx_word' id='word_1_523' title='bbox 1976 3721 2088 3777; x_wconf 87' lang='lat' dir='ltr'><strong>cesi</strong></span> <span class='ocrx_word' id='word_1_524' title='bbox 2120 3720 2409 3782; x_wconf 89' lang='lat' dir='ltr'><strong>macerari,</strong></span> <span class='ocrx_word' id='word_1_525' title='bbox 2441 3718 2587 3772; x_wconf 89' lang='lat' dir='ltr'><strong>sicut</strong></span> <span class='ocrx_word' id='word_1_526' title='bbox 2617 3716 2748 3770; x_wconf 88' lang='lat' dir='ltr'><strong>alibi</strong></span> <span class='ocrx_word' id='word_1_527' title='bbox 2773 3714 2910 3769; x_wconf 89' lang='lat' dir='ltr'><strong>dicit</strong></span> <span class='ocrx_word' id='word_1_528' title='bbox 2940 3733 2954 3768; x_wconf 91' lang='lat'><strong>:</strong></span> <span class='ocrx_word' id='word_1_529' title='bbox 2991 3732 3009 3764; x_wconf 82' lang='grc' dir='ltr'><strong>ι</strong></span> <span class='ocrx_word' id='word_1_530' title='bbox 3051 3712 3154 3779; x_wconf 86' lang='lat' dir='ltr'><strong>Qui</strong></span> <span class='ocrx_word' id='word_1_531' title='bbox 3189 3728 3319 3767; x_wconf 90' lang='lat' dir='ltr'><strong>vero</strong></span> <span class='ocrx_word' id='word_1_532' title='bbox 3347 3709 3554 3766; x_wconf 87' lang='lat' dir='ltr'><strong>Christi</strong></span> 
     </span>
    </p>
   </div>
   <div class='ocr_carea' id='block_1_79' title="bbox 1977 3803 3554 3876">
    <p class='ocr_par' dir='ltr' id='par_1_79' title="bbox 1977 3803 3554 3876">
     <span class='ocr_line' id='line_1_79' title="bbox 1977 3803 3554 3876; baseline -0.007 -9"><span class='ocrx_word' id='word_1_533' title='bbox 1977 3819 2126 3876; x_wconf 86' lang='lat' dir='ltr'><strong>sunt,</strong></span> <span class='ocrx_word' id='word_1_534' title='bbox 2169 3825 2392 3865; x_wconf 83' lang='lat' dir='ltr'><strong>carnem</strong></span> <span class='ocrx_word' id='word_1_535' title='bbox 2425 3808 2819 3863; x_wconf 82' lang='lat' dir='ltr'><strong>cruciﬁxerunt</strong></span> <span class='ocrx_word' id='word_1_536' title='bbox 2846 3820 2970 3860; x_wconf 92' lang='lat' dir='ltr'><strong>cum</strong></span> <span class='ocrx_word' id='word_1_537' title='bbox 3001 3803 3287 3859; x_wconf 84' lang='lat' dir='ltr'><strong>aﬁectibus</strong></span> <span class='ocrx_word' id='word_1_538' title='bbox 3321 3810 3376 3858; x_wconf 89' lang='lat' dir='ltr'><strong>et</strong></span> <span class='ocrx_word' id='word_1_539' title='bbox 3416 3817 3554 3857; x_wconf 88' lang='lat' dir='ltr'><strong>con-</strong></span> 
     </span>
    </p>
   </div>
   <div class='ocr_carea' id='block_1_80' title="bbox 1978 3901 3045 3975">
    <p class='ocr_par' dir='ltr' id='par_1_80' title="bbox 1978 3901 3045 3975">
     <span class='ocr_line' id='line_1_80' title="bbox 1978 3901 3045 3975; baseline -0.008 -15"><span class='ocrx_word' id='word_1_540' title='bbox 1978 3903 2331 3975; x_wconf 88' lang='lat' dir='ltr'><strong>cupiscentiis</strong></span> <span class='ocrx_word' id='word_1_541' title='bbox 2358 3901 2425 3953; x_wconf 84' lang='grc'><strong>⁷⁸.</strong></span> <span class='ocrx_word' id='word_1_542' title='bbox 2460 3919 2496 3963; x_wconf 45' lang='grc' dir='ltr'><strong>ι,</strong></span> <span class='ocrx_word' id='word_1_543' title='bbox 3040 3908 3045 3913; x_wconf 78' lang='lat'><strong>‘</strong></span> 
     </span>
    </p>
   </div>
   <div class='ocr_carea' id='block_1_81' title="bbox 2047 4036 3560 4149">
    <p class='ocr_par' dir='ltr' id='par_1_81' title="bbox 2047 4036 3560 4149">
     <span class='ocr_line' id='line_1_81' title="bbox 2047 4036 3560 4149; baseline -0.009 -12"><span class='ocrx_word' id='word_1_544' title='bbox 2047 4081 2270 4149; x_wconf 56' lang='lat' dir='ltr'><strong>Qumsr.</strong></span> <span class='ocrx_word' id='word_1_545' title='bbox 2309 4077 2423 4134; x_wconf 82' lang='lat' dir='ltr'><strong>CX.</strong></span> <span class='ocrx_word' id='word_1_546' title='bbox 2458 4077 2599 4144; x_wconf 92' lang='lat' dir='ltr'><strong>Quid</strong></span> <span class='ocrx_word' id='word_1_547' title='bbox 2629 4086 2713 4133; x_wconf 89' lang='lat' dir='ltr'><strong>est</strong></span> <span class='ocrx_word' id='word_1_548' title='bbox 2745 4075 2893 4146; x_wconf 89' lang='lat' dir='ltr'><strong>quod</strong></span> <span class='ocrx_word' id='word_1_549' title='bbox 2916 4036 3051 4131; x_wconf 87' lang='lat' dir='ltr'><strong>dicit</strong></span> <span class='ocrx_word' id='word_1_550' title='bbox 3083 4093 3098 4130; x_wconf 88' lang='lat'><strong>:</strong></span> <span class='ocrx_word' id='word_1_551' title='bbox 3134 4092 3155 4127; x_wconf 74' lang='grc' dir='ltr'><strong>ι</strong></span> <span class='ocrx_word' id='word_1_552' title='bbox 3194 4071 3429 4129; x_wconf 81' lang='lat' dir='ltr'><strong>Medium</strong></span> <span class='ocrx_word' id='word_1_553' title='bbox 3466 4086 3560 4143; x_wconf 81' lang='lat' dir='ltr'><strong>pa-</strong></span> 
     </span>
    </p>
   </div>
   <div class='ocr_carea' id='block_1_82' title="bbox 1974 4171 2860 4231">
    <p class='ocr_par' dir='ltr' id='par_1_82' title="bbox 1974 4171 2860 4231">
     <span class='ocr_line' id='line_1_82' title="bbox 1974 4171 2860 4231; baseline -0.01 0"><span class='ocrx_word' id='word_1_554' title='bbox 1974 4177 2171 4231; x_wconf 86' lang='lat' dir='ltr'><strong>rietem</strong></span> <span class='ocrx_word' id='word_1_555' title='bbox 2203 4172 2453 4227; x_wconf 61' lang='lat' dir='ltr'><strong>maceria:</strong></span> <span class='ocrx_word' id='word_1_556' title='bbox 2480 4172 2700 4227; x_wconf 88' lang='lat' dir='ltr'><strong>solvens</strong></span> <span class='ocrx_word' id='word_1_557' title='bbox 2728 4171 2809 4223; x_wconf 66' lang='lat'><strong>7&quot;?</strong></span> <span class='ocrx_word' id='word_1_558' title='bbox 2840 4187 2860 4222; x_wconf 76' lang='grc' dir='ltr'><strong>ι</strong></span> 
     </span>
    </p>
   </div>
   <div class='ocr_carea' id='block_1_83' title="bbox 2054 4279 3561 4355">
    <p class='ocr_par' dir='ltr' id='par_1_83' title="bbox 2054 4279 3561 4355">
     <span class='ocr_line' id='line_1_83' title="bbox 2054 4279 3561 4355; baseline -0.007 -13"><span class='ocrx_word' id='word_1_559' title='bbox 2054 4286 2218 4342; x_wconf 75' lang='lat' dir='ltr'><strong>Resp.</strong></span> <span class='ocrx_word' id='word_1_560' title='bbox 2255 4285 2371 4340; x_wconf 90' lang='lat' dir='ltr'><strong>IIoc</strong></span> <span class='ocrx_word' id='word_1_561' title='bbox 2393 4294 2478 4341; x_wconf 90' lang='lat' dir='ltr'><strong>est</strong></span> <span class='ocrx_word' id='word_1_562' title='bbox 2514 4283 2801 4339; x_wconf 86' lang='lat' dir='ltr'><strong>inimicitia</strong></span> <span class='ocrx_word' id='word_1_563' title='bbox 2829 4297 2992 4355; x_wconf 90' lang='lat' dir='ltr'><strong>quam</strong></span> <span class='ocrx_word' id='word_1_564' title='bbox 3036 4298 3138 4338; x_wconf 91' lang='lat' dir='ltr'><strong>nos</strong></span> <span class='ocrx_word' id='word_1_565' title='bbox 3173 4281 3422 4337; x_wconf 87' lang='lat' dir='ltr'><strong>homines</strong></span> <span class='ocrx_word' id='word_1_566' title='bbox 3461 4279 3561 4334; x_wconf 72' lang='lat' dir='ltr'><strong>lia-</strong></span> 
     </span>
    </p>
   </div>
   <div class='ocr_carea' id='block_1_84' title="bbox 301 4373 1875 4448">
    <p class='ocr_par' dir='ltr' id='par_1_84' title="bbox 301 4373 1875 4448">
     <span class='ocr_line' id='line_1_84' title="bbox 301 4373 1875 4448; baseline -0.003 -18"><span class='ocrx_word' id='word_1_567' title='bbox 301 4377 435 4430; x_wconf 75' lang='grc' dir='ltr'>Θεὸν</span> <span class='ocrx_word' id='word_1_568' title='bbox 457 4379 504 4430; x_wconf 91' lang='grc' dir='ltr'>οἱ</span> <span class='ocrx_word' id='word_1_569' title='bbox 531 4376 813 4448; x_wconf 82' lang='grc' dir='ltr'>ἅνθρωποι</span> <span class='ocrx_word' id='word_1_570' title='bbox 834 4376 922 4429; x_wconf 78' lang='grc' dir='ltr'><strong>διὰ</strong></span> <span class='ocrx_word' id='word_1_571' title='bbox 940 4376 1038 4439; x_wconf 84' lang='grc' dir='ltr'><strong>τὰς</strong></span> <span class='ocrx_word' id='word_1_572' title='bbox 1063 4379 1095 4446; x_wconf 83' lang='grc' dir='ltr'>ἡ</span> <span class='ocrx_word' id='word_1_573' title='bbox 1105 4376 1219 4446; x_wconf 85' lang='grc' dir='ltr'><strong>μῶν</strong></span> <span class='ocrx_word' id='word_1_574' title='bbox 1245 4375 1537 4447; x_wconf 82' lang='grc' dir='ltr'>ἁμαρτίας.</span> <span class='ocrx_word' id='word_1_575' title='bbox 1570 4373 1875 4445; x_wconf 71' lang='grc' dir='ltr'>Σαρκωθεὶς</span> 
     </span>
    </p>
   </div>
   <div class='ocr_carea' id='block_1_85' title="bbox 1975 4373 3555 4448">
    <p class='ocr_par' dir='ltr' id='par_1_85' title="bbox 1981 4376 3555 4447">
     <span class='ocr_line' id='line_1_85' title="bbox 1981 4376 3555 4447; baseline -0.006 -12"><span class='ocrx_word' id='word_1_576' title='bbox 1981 4380 2249 4435; x_wconf 87' lang='lat' dir='ltr'><strong>behamus</strong></span> <span class='ocrx_word' id='word_1_577' title='bbox 2277 4379 2540 4434; x_wconf 84' lang='lat' dir='ltr'><strong>adversus</strong></span> <span class='ocrx_word' id='word_1_578' title='bbox 2588 4376 2758 4432; x_wconf 89' lang='lat' dir='ltr'><strong>Deum</strong></span> <span class='ocrx_word' id='word_1_579' title='bbox 2812 4384 3035 4447; x_wconf 89' lang='lat' dir='ltr'><strong>propter</strong></span> <span class='ocrx_word' id='word_1_580' title='bbox 3088 4383 3311 4446; x_wconf 89' lang='lat' dir='ltr'><strong>peccata</strong></span> <span class='ocrx_word' id='word_1_581' title='bbox 3347 4382 3555 4427; x_wconf 88' lang='lat' dir='ltr'><strong>nostra.</strong></span> 
     </span>
    </p>
   </div>
   <div class='ocr_carea' id='block_1_86' title="bbox 299 4467 1879 4541">
    <p class='ocr_par' dir='ltr' id='par_1_86' title="bbox 299 4467 1879 4541">
     <span class='ocr_line' id='line_1_86' title="bbox 299 4467 1879 4541; baseline -0.002 -18"><span class='ocrx_word' id='word_1_582' title='bbox 299 4467 399 4524; x_wconf 65' lang='grc' dir='ltr'>οὖν</span> <span class='ocrx_word' id='word_1_583' title='bbox 421 4473 448 4524; x_wconf 92' lang='lat'><strong>6</strong></span> <span class='ocrx_word' id='word_1_584' title='bbox 474 4470 681 4541; x_wconf 83' lang='grc' dir='ltr'>Κύριος</span> <span class='ocrx_word' id='word_1_585' title='bbox 710 4469 806 4522; x_wconf 71' lang='grc' dir='ltr'>καὶ</span> <span class='ocrx_word' id='word_1_586' title='bbox 842 4469 993 4532; x_wconf 80' lang='grc' dir='ltr'>Θεὸς,</span> <span class='ocrx_word' id='word_1_587' title='bbox 1036 4470 1130 4522; x_wconf 73' lang='grc' dir='ltr'>καὶ</span> <span class='ocrx_word' id='word_1_588' title='bbox 1169 4468 1343 4522; x_wconf 84' lang='grc' dir='ltr'>θανὼν</span> <span class='ocrx_word' id='word_1_589' title='bbox 1386 4468 1539 4521; x_wconf 77' lang='grc' dir='ltr'>ἔλυσε</span> <span class='ocrx_word' id='word_1_590' title='bbox 1574 4468 1672 4538; x_wconf 79' lang='grc' dir='ltr'>τὴν</span> <span class='ocrx_word' id='word_1_591' title='bbox 1699 4469 1879 4538; x_wconf 86' lang='grc' dir='ltr'>ἁμαρ-</span> 
     </span>
    </p>
   </div>
   <div class='ocr_carea' id='block_1_87' title="bbox 299 4555 1883 4632">
    <p class='ocr_par' dir='ltr' id='par_1_87' title="bbox 299 4555 1883 4632">
     <span class='ocr_line' id='line_1_87' title="bbox 299 4555 1883 4632; baseline -0.003 -19"><span class='ocrx_word' id='word_1_592' title='bbox 299 4562 447 4625; x_wconf 80' lang='grc' dir='ltr'>τίαν,</span> <span class='ocrx_word' id='word_1_593' title='bbox 493 4561 595 4632; x_wconf 77' lang='grc' dir='ltr'>τὴν</span> <span class='ocrx_word' id='word_1_594' title='bbox 636 4558 974 4629; x_wconf 79' lang='grc' dir='ltr'>χωρίζουσαν</span> <span class='ocrx_word' id='word_1_595' title='bbox 1015 4559 1163 4627; x_wconf 79' lang='grc' dir='ltr'>ἡμᾶς</span> <span class='ocrx_word' id='word_1_596' title='bbox 1202 4558 1311 4610; x_wconf 78' lang='grc' dir='ltr'>ἀπὸ</span> <span class='ocrx_word' id='word_1_597' title='bbox 1339 4556 1432 4610; x_wconf 86' lang='grc' dir='ltr'><strong>τοῦ</strong></span> <span class='ocrx_word' id='word_1_598' title='bbox 1472 4555 1629 4621; x_wconf 82' lang='grc' dir='ltr'>Θεοῦ,</span> <span class='ocrx_word' id='word_1_599' title='bbox 1673 4558 1883 4628; x_wconf 89' lang='grc' dir='ltr'>είρηνο-</span> 
     </span>
    </p>
   </div>
   <div class='ocr_carea' id='block_1_88' title="bbox 300 4650 1879 4724">
    <p class='ocr_par' dir='ltr' id='par_1_88' title="bbox 300 4650 1879 4724">
     <span class='ocr_line' id='line_1_88' title="bbox 300 4650 1879 4724; baseline -0.003 -17"><span class='ocrx_word' id='word_1_600' title='bbox 300 4653 497 4724; x_wconf 79' lang='grc' dir='ltr'>ποίησε</span> <span class='ocrx_word' id='word_1_601' title='bbox 530 4653 601 4707; x_wconf 77' lang='grc' dir='ltr'>τὰ</span> <span class='ocrx_word' id='word_1_602' title='bbox 633 4652 835 4714; x_wconf 84' lang='grc' dir='ltr'>πάντα,</span> <span class='ocrx_word' id='word_1_603' title='bbox 864 4651 956 4705; x_wconf 75' lang='grc' dir='ltr'>καὶ</span> <span class='ocrx_word' id='word_1_604' title='bbox 980 4652 1125 4715; x_wconf 76' lang='grc' dir='ltr'>υἱοὺς</span> <span class='ocrx_word' id='word_1_605' title='bbox 1155 4651 1289 4705; x_wconf 84' lang='grc' dir='ltr'>Θεοῦ</span> <span class='ocrx_word' id='word_1_606' title='bbox 1322 4653 1467 4722; x_wconf 78' lang='grc' dir='ltr'>ἡμᾶς</span> <span class='ocrx_word' id='word_1_607' title='bbox 1490 4650 1879 4719; x_wconf 88' lang='grc' dir='ltr'>ἀπειργάσατο,</span> 
     </span>
    </p>
   </div>
   <div class='ocr_carea' id='block_1_89' title="bbox 298 4739 1880 4819">
    <p class='ocr_par' dir='ltr' id='par_1_89' title="bbox 298 4739 1880 4819">
     <span class='ocr_line' id='line_1_89' title="bbox 298 4739 1880 4819; baseline -0.004 -20"><span class='ocrx_word' id='word_1_608' title='bbox 298 4744 606 4819; x_wconf 73' lang='grc' dir='ltr'>διαρρήξας</span> <span class='ocrx_word' id='word_1_609' title='bbox 642 4742 707 4796; x_wconf 80' lang='grc' dir='ltr'>τὸ</span> <span class='ocrx_word' id='word_1_610' title='bbox 742 4741 863 4795; x_wconf 80' lang='grc' dir='ltr'>καθ’</span> <span class='ocrx_word' id='word_1_611' title='bbox 890 4739 1046 4811; x_wconf 74' lang='grc' dir='ltr'>ἡμῶν</span> <span class='ocrx_word' id='word_1_612' title='bbox 1080 4741 1436 4813; x_wconf 78' lang='grc' dir='ltr'>χειρόγραφον</span> <span class='ocrx_word' id='word_1_613' title='bbox 1466 4742 1558 4794; x_wconf 78' lang='grc' dir='ltr'>ἐπὶ</span> <span class='ocrx_word' id='word_1_614' title='bbox 1586 4739 1681 4793; x_wconf 90' lang='grc' dir='ltr'><strong>τοῦ</strong></span> <span class='ocrx_word' id='word_1_615' title='bbox 1716 4756 1880 4794; x_wconf 86' lang='grc' dir='ltr'>σταυ-</span> 
     </span>
    </p>
   </div>
   <div class='ocr_carea' id='block_1_90' title="bbox 301 4830 1879 4909">
    <p class='ocr_par' dir='ltr' id='par_1_90' title="bbox 301 4830 1879 4909">
     <span class='ocr_line' id='line_1_90' title="bbox 301 4830 1879 4909; baseline -0.004 -19"><span class='ocrx_word' id='word_1_616' title='bbox 301 4835 427 4909; x_wconf 84' lang='grc' dir='ltr'>ροῦ.</span> <span class='ocrx_word' id='word_1_617' title='bbox 458 4836 522 4889; x_wconf 91' lang='grc' dir='ltr'><strong>Τί</strong></span> <span class='ocrx_word' id='word_1_618' title='bbox 543 4836 601 4888; x_wconf 84' lang='grc' dir='ltr'>δὲ</span> <span class='ocrx_word' id='word_1_619' title='bbox 631 4830 703 4905; x_wconf 83' lang='grc' dir='ltr'>ἦν</span> <span class='ocrx_word' id='word_1_620' title='bbox 724 4833 787 4885; x_wconf 82' lang='grc' dir='ltr'>τὸ</span> <span class='ocrx_word' id='word_1_621' title='bbox 812 4832 1192 4904; x_wconf 84' lang='grc' dir='ltr'>χειρόγραφον,</span> <span class='ocrx_word' id='word_1_622' title='bbox 1223 4833 1469 4886; x_wconf 85' lang='grc' dir='ltr'>ἄκουσον·</span> <span class='ocrx_word' id='word_1_623' title='bbox 1509 4833 1635 4884; x_wconf 80' lang='grc' dir='ltr'>Ὅτε</span> <span class='ocrx_word' id='word_1_624' title='bbox 1667 4831 1879 4903; x_wconf 82' lang='grc' dir='ltr'>παρέϐη</span> 
     </span>
    </p>
   </div>
   <div class='ocr_carea' id='block_1_91' title="bbox 297 4922 1884 5000">
    <p class='ocr_par' dir='ltr' id='par_1_91' title="bbox 297 4922 1884 5000">
     <span class='ocr_line' id='line_1_91' title="bbox 297 4922 1884 5000; baseline -0.002 -20"><span class='ocrx_word' id='word_1_625' title='bbox 297 4930 409 5000; x_wconf 76' lang='grc' dir='ltr'>τὴν</span> <span class='ocrx_word' id='word_1_626' title='bbox 439 4927 660 4997; x_wconf 73' lang='grc' dir='ltr'>ἐντολὴν</span> <span class='ocrx_word' id='word_1_627' title='bbox 698 4925 729 4977; x_wconf 94' lang='lat'><strong>6</strong></span> <span class='ocrx_word' id='word_1_628' title='bbox 781 4922 973 4994; x_wconf 78' lang='grc' dir='ltr'>Ἀδὰμ,</span> <span class='ocrx_word' id='word_1_629' title='bbox 1004 4924 1096 4976; x_wconf 73' lang='grc' dir='ltr'>καὶ</span> <span class='ocrx_word' id='word_1_630' title='bbox 1131 4923 1320 4976; x_wconf 75' lang='grc' dir='ltr'>ἔλαϐεν</span> <span class='ocrx_word' id='word_1_631' title='bbox 1351 4923 1457 4977; x_wconf 74' lang='grc' dir='ltr'><strong>ἀπὸ</strong></span> <span class='ocrx_word' id='word_1_632' title='bbox 1483 4923 1578 4976; x_wconf 90' lang='grc' dir='ltr'><strong>τοῦ</strong></span> <span class='ocrx_word' id='word_1_633' title='bbox 1614 4922 1769 4989; x_wconf 83' lang='grc' dir='ltr'>ξύλου</span> <span class='ocrx_word' id='word_1_634' title='bbox 1798 4922 1884 4977; x_wconf 82' lang='grc' dir='ltr'><strong>διὰ</strong></span> 
     </span>
    </p>
   </div>
   <div class='ocr_carea' id='block_1_92' title="bbox 296 5014 1880 5093">
    <p class='ocr_par' dir='ltr' id='par_1_92' title="bbox 296 5014 1880 5093">
     <span class='ocr_line' id='line_1_92' title="bbox 296 5014 1880 5093; baseline -0.005 -18"><span class='ocrx_word' id='word_1_635' title='bbox 296 5023 411 5091; x_wconf 74' lang='grc' dir='ltr'>τῆς</span> <span class='ocrx_word' id='word_1_636' title='bbox 432 5019 614 5093; x_wconf 74' lang='grc' dir='ltr'>χειρὸς</span> <span class='ocrx_word' id='word_1_637' title='bbox 646 5014 838 5080; x_wconf 81' lang='grc' dir='ltr'>αὑτοῦ,</span> <span class='ocrx_word' id='word_1_638' title='bbox 869 5016 964 5069; x_wconf 68' lang='grc' dir='ltr'>καὶ</span> <span class='ocrx_word' id='word_1_639' title='bbox 986 5015 1208 5085; x_wconf 77' lang='grc' dir='ltr'>ἔφαγεν,</span> <span class='ocrx_word' id='word_1_640' title='bbox 1248 5016 1459 5088; x_wconf 70' lang='grc' dir='ltr'>ἐγράφη</span> <span class='ocrx_word' id='word_1_641' title='bbox 1479 5018 1622 5089; x_wconf 76' lang='grc' dir='ltr'>χειρὶ</span> <span class='ocrx_word' id='word_1_642' title='bbox 1654 5014 1817 5070; x_wconf 74' lang='grc' dir='ltr'>αὐτοῦ</span> <span class='ocrx_word' id='word_1_643' title='bbox 1847 5018 1880 5086; x_wconf 79' lang='grc' dir='ltr'>ἡ</span> 
     </span>
    </p>
   </div>
   <div class='ocr_carea' id='block_1_93' title="bbox 293 5107 1880 5182">
    <p class='ocr_par' dir='ltr' id='par_1_93' title="bbox 293 5107 1880 5182">
     <span class='ocr_line' id='line_1_93' title="bbox 293 5107 1880 5182; baseline -0.004 -15"><span class='ocrx_word' id='word_1_644' title='bbox 293 5114 573 5182; x_wconf 73' lang='grc' dir='ltr'>ἁμαρτία,</span> <span class='ocrx_word' id='word_1_645' title='bbox 605 5111 703 5166; x_wconf 73' lang='grc' dir='ltr'>καὶ</span> <span class='ocrx_word' id='word_1_646' title='bbox 732 5112 983 5181; x_wconf 85' lang='grc' dir='ltr'>κατεῖχεν</span> <span class='ocrx_word' id='word_1_647' title='bbox 1010 5109 1141 5165; x_wconf 73' lang='grc' dir='ltr'>αὐτὸ</span> <span class='ocrx_word' id='word_1_648' title='bbox 1169 5108 1230 5162; x_wconf 76' lang='grc' dir='ltr'>τὸ</span> <span class='ocrx_word' id='word_1_649' title='bbox 1263 5109 1536 5180; x_wconf 71' lang='grc' dir='ltr'>ἔγγραφον</span> <span class='ocrx_word' id='word_1_650' title='bbox 1566 5108 1593 5160; x_wconf 91' lang='lat'><strong>6</strong></span> <span class='ocrx_word' id='word_1_651' title='bbox 1619 5107 1880 5170; x_wconf 81' lang='grc' dir='ltr'>διάϐολος.</span> 
     </span>
    </p>
   </div>
   <div class='ocr_carea' id='block_1_94' title="bbox 294 5200 1889 5276">
    <p class='ocr_par' dir='ltr' id='par_1_94' title="bbox 294 5200 1889 5276">
     <span class='ocr_line' id='line_1_94' title="bbox 294 5200 1889 5276; baseline -0.004 -17"><span class='ocrx_word' id='word_1_652' title='bbox 294 5207 439 5259; x_wconf 81' lang='grc' dir='ltr'>Ὅτε</span> <span class='ocrx_word' id='word_1_653' title='bbox 462 5205 519 5259; x_wconf 84' lang='grc' dir='ltr'>δὲ</span> <span class='ocrx_word' id='word_1_654' title='bbox 542 5200 712 5276; x_wconf 74' lang='grc' dir='ltr'>ἦλθεν</span> <span class='ocrx_word' id='word_1_655' title='bbox 747 5202 843 5256; x_wconf 76' lang='grc' dir='ltr'>ἐπὶ</span> <span class='ocrx_word' id='word_1_656' title='bbox 876 5201 970 5255; x_wconf 87' lang='grc' dir='ltr'><strong>τοῦ</strong></span> <span class='ocrx_word' id='word_1_657' title='bbox 1006 5200 1162 5266; x_wconf 80' lang='grc' dir='ltr'>ξύλου</span> <span class='ocrx_word' id='word_1_658' title='bbox 1185 5204 1213 5255; x_wconf 92' lang='lat'><strong>6</strong></span> <span class='ocrx_word' id='word_1_659' title='bbox 1242 5202 1493 5273; x_wconf 75' lang='grc' dir='ltr'>Χριστὸς,</span> <span class='ocrx_word' id='word_1_660' title='bbox 1525 5200 1800 5253; x_wconf 70' lang='grc' dir='ltr'>τουτέστιν</span> <span class='ocrx_word' id='word_1_661' title='bbox 1832 5201 1889 5252; x_wconf 85' lang='grc' dir='ltr'><strong>ἐν</strong></span> 
     </span>
    </p>
   </div>
   <div class='ocr_carea' id='block_1_95' title="bbox 292 5291 1890 5369">
    <p class='ocr_par' dir='ltr' id='par_1_95' title="bbox 292 5291 1890 5369">
     <span class='ocr_line' id='line_1_95' title="bbox 292 5291 1890 5369; baseline -0.003 -20"><span class='ocrx_word' id='word_1_662' title='bbox 292 5297 378 5369; x_wconf 80' lang='grc' dir='ltr'>τῷ</span> <span class='ocrx_word' id='word_1_663' title='bbox 410 5295 656 5368; x_wconf 82' lang='grc' dir='ltr'>σταυρῷ,</span> <span class='ocrx_word' id='word_1_664' title='bbox 699 5293 799 5347; x_wconf 75' lang='grc' dir='ltr'>καὶ</span> <span class='ocrx_word' id='word_1_665' title='bbox 833 5291 1043 5363; x_wconf 83' lang='grc' dir='ltr'>ἐτρώθη</span> <span class='ocrx_word' id='word_1_666' title='bbox 1080 5297 1193 5357; x_wconf 88' lang='grc' dir='ltr'>τοῖς</span> <span class='ocrx_word' id='word_1_667' title='bbox 1219 5293 1368 5363; x_wconf 72' lang='grc' dir='ltr'>ἥλοις</span> <span class='ocrx_word' id='word_1_668' title='bbox 1398 5292 1498 5356; x_wconf 83' lang='grc' dir='ltr'><strong>τὰς</strong></span> <span class='ocrx_word' id='word_1_669' title='bbox 1524 5295 1729 5365; x_wconf 87' lang='grc' dir='ltr'>χεῖρας,</span> <span class='ocrx_word' id='word_1_670' title='bbox 1766 5292 1890 5345; x_wconf 88' lang='grc' dir='ltr'>τότε</span> 
     </span>
    </p>
   </div>
   <div class='ocr_carea' id='block_1_96' title="bbox 297 5380 1889 5459">
    <p class='ocr_par' dir='ltr' id='par_1_96' title="bbox 297 5380 1889 5459">
     <span class='ocr_line' id='line_1_96' title="bbox 297 5380 1889 5459; baseline -0.005 -17"><span class='ocrx_word' id='word_1_671' title='bbox 297 5388 671 5459; x_wconf 81' lang='grc' dir='ltr'>προσήλωσεν</span> <span class='ocrx_word' id='word_1_672' title='bbox 708 5383 843 5437; x_wconf 83' lang='grc' dir='ltr'>αὐτὸ</span> <span class='ocrx_word' id='word_1_673' title='bbox 871 5384 928 5436; x_wconf 85' lang='grc' dir='ltr'><strong>ἐν</strong></span> <span class='ocrx_word' id='word_1_674' title='bbox 957 5382 1034 5454; x_wconf 83' lang='grc' dir='ltr'>τῷ</span> <span class='ocrx_word' id='word_1_675' title='bbox 1067 5382 1284 5455; x_wconf 66' lang='grc' dir='ltr'>σταυρῷ</span> <span class='ocrx_word' id='word_1_676' title='bbox 1324 5391 1413 5437; x_wconf 63' lang='grc' dir='ltr'><strong>καὶ</strong></span> <span class='ocrx_word' id='word_1_677' title='bbox 1452 5380 1749 5452; x_wconf 68' lang='grc' dir='ltr'>ἐξήλειψεν.</span> <span class='ocrx_word' id='word_1_678' title='bbox 1783 5383 1889 5435; x_wconf 83' lang='grc' dir='ltr'><strong>Αύ-</strong></span> 
     </span>
    </p>
   </div>
   <div class='ocr_carea' id='block_1_97' title="bbox 291 5475 1888 5553">
    <p class='ocr_par' dir='ltr' id='par_1_97' title="bbox 291 5475 1888 5553">
     <span class='ocr_line' id='line_1_97' title="bbox 291 5475 1888 5553; baseline 0.002 -27"><span class='ocrx_word' id='word_1_679' title='bbox 291 5483 398 5545; x_wconf 74' lang='grc' dir='ltr'>τὸς</span> <span class='ocrx_word' id='word_1_680' title='bbox 442 5500 541 5553; x_wconf 72' lang='grc' dir='ltr'><strong>⁸,πρ</strong></span> <span class='ocrx_word' id='word_1_681' title='bbox 571 5481 603 5534; x_wconf 80' lang='grc' dir='ltr'>ὁ</span> <span class='ocrx_word' id='word_1_682' title='bbox 652 5475 904 5540; x_wconf 81' lang='grc' dir='ltr'>διάϐολος</span> <span class='ocrx_word' id='word_1_683' title='bbox 947 5478 977 5530; x_wconf 93' lang='lat'><strong>6</strong></span> <span class='ocrx_word' id='word_1_684' title='bbox 1017 5476 1235 5545; x_wconf 82' lang='grc' dir='ltr'>κρατῶν</span> <span class='ocrx_word' id='word_1_685' title='bbox 1279 5476 1341 5532; x_wconf 81' lang='grc' dir='ltr'>τὸ</span> <span class='ocrx_word' id='word_1_686' title='bbox 1383 5476 1741 5549; x_wconf 84' lang='grc' dir='ltr'>χειρόγραφον</span> <span class='ocrx_word' id='word_1_687' title='bbox 1787 5475 1888 5546; x_wconf 78' lang='grc' dir='ltr'>τῆς</span> 
     </span>
    </p>
   </div>
   <div class='ocr_carea' id='block_1_98' title="bbox 1985 4466 3557 4543">
    <p class='ocr_par' dir='ltr' id='par_1_98' title="bbox 1985 4466 3557 4543">
     <span class='ocr_line' id='line_1_98' title="bbox 1985 4466 3557 4543; baseline -0.005 -16"><span class='ocrx_word' id='word_1_688' title='bbox 1985 4473 2161 4528; x_wconf 88' lang='lat' dir='ltr'><strong>Carne</strong></span> <span class='ocrx_word' id='word_1_689' title='bbox 2191 4473 2356 4543; x_wconf 85' lang='lat' dir='ltr'><strong>igitur</strong></span> <span class='ocrx_word' id='word_1_690' title='bbox 2382 4477 2683 4541; x_wconf 83' lang='lat' dir='ltr'><strong>assumpta,</strong></span> <span class='ocrx_word' id='word_1_691' title='bbox 2718 4468 2983 4524; x_wconf 88' lang='lat' dir='ltr'><strong>Dominus</strong></span> <span class='ocrx_word' id='word_1_692' title='bbox 3010 4466 3176 4528; x_wconf 87' lang='lat' dir='ltr'><strong>Dens,</strong></span> <span class='ocrx_word' id='word_1_693' title='bbox 3206 4474 3262 4521; x_wconf 92' lang='lat' dir='ltr'><strong>et</strong></span> <span class='ocrx_word' id='word_1_694' title='bbox 3288 4472 3557 4528; x_wconf 86' lang='lat' dir='ltr'><strong>mortuus,</strong></span> 
     </span>
    </p>
   </div>
   <div class='ocr_carea' id='block_1_99' title="bbox 1988 4559 3560 4635">
    <p class='ocr_par' dir='ltr' id='par_1_99' title="bbox 1988 4559 3560 4635">
     <span class='ocr_line' id='line_1_99' title="bbox 1988 4559 3560 4635; baseline -0.006 -14"><span class='ocrx_word' id='word_1_695' title='bbox 1988 4565 2150 4621; x_wconf 82' lang='lat' dir='ltr'><strong>solvit</strong></span> <span class='ocrx_word' id='word_1_696' title='bbox 2183 4572 2465 4635; x_wconf 88' lang='lat' dir='ltr'><strong>peccatum</strong></span> <span class='ocrx_word' id='word_1_697' title='bbox 2497 4564 2641 4633; x_wconf 90' lang='lat' dir='ltr'><strong>quod</strong></span> <span class='ocrx_word' id='word_1_698' title='bbox 2681 4577 2784 4617; x_wconf 91' lang='lat' dir='ltr'><strong>nos</strong></span> <span class='ocrx_word' id='word_1_699' title='bbox 2818 4577 2847 4616; x_wconf 89' lang='lat' dir='ltr'><strong>a</strong></span> <span class='ocrx_word' id='word_1_700' title='bbox 2876 4561 2986 4615; x_wconf 88' lang='lat' dir='ltr'><strong>Deo</strong></span> <span class='ocrx_word' id='word_1_701' title='bbox 3013 4559 3365 4629; x_wconf 81' lang='lat' dir='ltr'><strong>sejungehat;</strong></span> <span class='ocrx_word' id='word_1_702' title='bbox 3399 4564 3560 4625; x_wconf 88' lang='lat' dir='ltr'><strong>atque</strong></span> 
     </span>
    </p>
   </div>
   <div class='ocr_carea' id='block_1_100' title="bbox 1989 4647 3555 4726">
    <p class='ocr_par' dir='ltr' id='par_1_100' title="bbox 1989 4647 3555 4726">
     <span class='ocr_line' id='line_1_100' title="bbox 1989 4647 3555 4726; baseline -0.007 -15"><span class='ocrx_word' id='word_1_703' title='bbox 1989 4657 2069 4712; x_wconf 86' lang='lat' dir='ltr'><strong>sic</strong></span> <span class='ocrx_word' id='word_1_704' title='bbox 2097 4658 2152 4710; x_wconf 92' lang='lat' dir='ltr'><strong>in</strong></span> <span class='ocrx_word' id='word_1_705' title='bbox 2184 4671 2371 4726; x_wconf 91' lang='lat' dir='ltr'><strong>pacem</strong></span> <span class='ocrx_word' id='word_1_706' title='bbox 2402 4655 2610 4725; x_wconf 88' lang='lat' dir='ltr'><strong>redegit</strong></span> <span class='ocrx_word' id='word_1_707' title='bbox 2640 4653 2843 4717; x_wconf 88' lang='lat' dir='ltr'><strong>omnia,</strong></span> <span class='ocrx_word' id='word_1_708' title='bbox 2880 4663 2933 4707; x_wconf 90' lang='lat' dir='ltr'><strong>et</strong></span> <span class='ocrx_word' id='word_1_709' title='bbox 2961 4667 3061 4707; x_wconf 89' lang='lat' dir='ltr'><strong>nos</strong></span> <span class='ocrx_word' id='word_1_710' title='bbox 3092 4651 3217 4706; x_wconf 85' lang='lat' dir='ltr'><strong>fecit</strong></span> <span class='ocrx_word' id='word_1_711' title='bbox 3248 4648 3388 4703; x_wconf 88' lang='lat' dir='ltr'><strong>ﬁlios</strong></span> <span class='ocrx_word' id='word_1_712' title='bbox 3414 4647 3508 4701; x_wconf 89' lang='lat' dir='ltr'><strong>Dei</strong></span> <span class='ocrx_word' id='word_1_713' title='bbox 3540 4665 3555 4700; x_wconf 88' lang='lat'><strong>:</strong></span> 
     </span>
    </p>
   </div>
   <div class='ocr_carea' id='block_1_101' title="bbox 1988 4738 3562 4817">
    <p class='ocr_par' dir='ltr' id='par_1_101' title="bbox 1988 4738 3562 4817">
     <span class='ocr_line' id='line_1_101' title="bbox 1988 4738 3562 4817; baseline -0.007 -13"><span class='ocrx_word' id='word_1_714' title='bbox 1988 4764 2113 4804; x_wconf 88' lang='lat' dir='ltr'><strong>nam</strong></span> <span class='ocrx_word' id='word_1_715' title='bbox 2147 4748 2390 4815; x_wconf 85' lang='lat' dir='ltr'><strong>discidit,</strong></span> <span class='ocrx_word' id='word_1_716' title='bbox 2411 4745 2554 4817; x_wconf 89' lang='lat' dir='ltr'><strong>quod</strong></span> <span class='ocrx_word' id='word_1_717' title='bbox 2581 4746 2843 4801; x_wconf 89' lang='lat' dir='ltr'><strong>adversus</strong></span> <span class='ocrx_word' id='word_1_718' title='bbox 2859 4760 2959 4799; x_wconf 93' lang='lat' dir='ltr'><strong>nos</strong></span> <span class='ocrx_word' id='word_1_719' title='bbox 2976 4752 3115 4803; x_wconf 88' lang='lat' dir='ltr'><strong>erat.</strong></span> <span class='ocrx_word' id='word_1_720' title='bbox 3137 4738 3562 4810; x_wconf 85' lang='lat' dir='ltr'><strong>chirographum</strong></span> 
     </span>
    </p>
   </div>
   <div class='ocr_carea' id='block_1_102' title="bbox 1990 4825 3558 4903">
    <p class='ocr_par' dir='ltr' id='par_1_102' title="bbox 1990 4825 3558 4903">
     <span class='ocr_line' id='line_1_102' title="bbox 1990 4825 3558 4903; baseline -0.008 -10"><span class='ocrx_word' id='word_1_721' title='bbox 1990 4839 2045 4893; x_wconf 91' lang='lat' dir='ltr'><strong>in</strong></span> <span class='ocrx_word' id='word_1_722' title='bbox 2068 4853 2249 4893; x_wconf 90' lang='lat' dir='ltr'><strong>cruce.</strong></span> <span class='ocrx_word' id='word_1_723' title='bbox 2285 4836 2430 4903; x_wconf 86' lang='lat' dir='ltr'><strong>Quid</strong></span> <span class='ocrx_word' id='word_1_724' title='bbox 2470 4846 2650 4891; x_wconf 89' lang='lat' dir='ltr'><strong>autem</strong></span> <span class='ocrx_word' id='word_1_725' title='bbox 2692 4834 2855 4891; x_wconf 88' lang='lat' dir='ltr'><strong>fuerit</strong></span> <span class='ocrx_word' id='word_1_726' title='bbox 2879 4831 3332 4901; x_wconf 88' lang='lat' dir='ltr'><strong>chirographum,</strong></span> <span class='ocrx_word' id='word_1_727' title='bbox 3374 4825 3498 4881; x_wconf 79' lang='lat' dir='ltr'><strong>audi</strong></span> <span class='ocrx_word' id='word_1_728' title='bbox 3542 4844 3558 4881; x_wconf 84' lang='lat'><strong>:</strong></span> 
     </span>
    </p>
   </div>
   <div class='ocr_carea' id='block_1_103' title="bbox 1987 4917 3565 4999">
    <p class='ocr_par' dir='ltr' id='par_1_103' title="bbox 1987 4917 3565 4999">
     <span class='ocr_line' id='line_1_103' title="bbox 1987 4917 3565 4999; baseline -0.01 -14"><span class='ocrx_word' id='word_1_729' title='bbox 1987 4930 2123 4985; x_wconf 89' lang='lat' dir='ltr'><strong>Cum</strong></span> <span class='ocrx_word' id='word_1_730' title='bbox 2161 4934 2444 4999; x_wconf 89' lang='lat' dir='ltr'><strong>peccasset</strong></span> <span class='ocrx_word' id='word_1_731' title='bbox 2475 4927 2645 4981; x_wconf 85' lang='lat' dir='ltr'><strong>Adam</strong></span> <span class='ocrx_word' id='word_1_732' title='bbox 2675 4932 2729 4982; x_wconf 88' lang='lat' dir='ltr'><strong>et</strong></span> <span class='ocrx_word' id='word_1_733' title='bbox 2754 4925 3055 4996; x_wconf 85' lang='lat' dir='ltr'><strong>accepisset</strong></span> <span class='ocrx_word' id='word_1_734' title='bbox 3077 4938 3238 4976; x_wconf 83' lang='lat' dir='ltr'><strong>manu</strong></span> <span class='ocrx_word' id='word_1_735' title='bbox 3274 4934 3371 4975; x_wconf 83' lang='lat' dir='ltr'><strong>sua</strong></span> <span class='ocrx_word' id='word_1_736' title='bbox 3407 4918 3476 4974; x_wconf 89' lang='lat' dir='ltr'><strong>de</strong></span> <span class='ocrx_word' id='word_1_737' title='bbox 3503 4917 3565 4971; x_wconf 84' lang='lat' dir='ltr'><strong>li-</strong></span> 
     </span>
    </p>
   </div>
   <div class='ocr_carea' id='block_1_104' title="bbox 1989 5014 3561 5091">
    <p class='ocr_par' dir='ltr' id='par_1_104' title="bbox 1989 5014 3561 5091">
     <span class='ocr_line' id='line_1_104' title="bbox 1989 5014 3561 5091; baseline -0.011 -16"><span class='ocrx_word' id='word_1_738' title='bbox 1989 5036 2114 5091; x_wconf 85' lang='lat' dir='ltr'><strong>gno,</strong></span> <span class='ocrx_word' id='word_1_739' title='bbox 2158 5019 2614 5089; x_wconf 80' lang='lat' dir='ltr'><strong>co’medissetque,</strong></span> <span class='ocrx_word' id='word_1_740' title='bbox 2647 5018 2913 5088; x_wconf 82' lang='lat' dir='ltr'><strong>scriptum</strong></span> <span class='ocrx_word' id='word_1_741' title='bbox 2954 5022 3037 5071; x_wconf 91' lang='lat' dir='ltr'><strong>est</strong></span> <span class='ocrx_word' id='word_1_742' title='bbox 3075 5014 3195 5082; x_wconf 85' lang='lat' dir='ltr'><strong>ejus</strong></span> <span class='ocrx_word' id='word_1_743' title='bbox 3230 5024 3395 5064; x_wconf 88' lang='lat' dir='ltr'><strong>manu</strong></span> <span class='ocrx_word' id='word_1_744' title='bbox 3429 5020 3561 5076; x_wconf 76' lang='lat' dir='ltr'><strong>pec-</strong></span> 
     </span>
    </p>
   </div>
   <div class='ocr_carea' id='block_1_105' title="bbox 1990 5099 3560 5180">
    <p class='ocr_par' dir='ltr' id='par_1_105' title="bbox 1990 5099 3560 5180">
     <span class='ocr_line' id='line_1_105' title="bbox 1990 5099 3560 5180; baseline -0.008 -15"><span class='ocrx_word' id='word_1_745' title='bbox 1990 5120 2194 5177; x_wconf 81' lang='lat' dir='ltr'><strong>catum,</strong></span> <span class='ocrx_word' id='word_1_746' title='bbox 2235 5109 2379 5180; x_wconf 90' lang='lat' dir='ltr'><strong>quod</strong></span> <span class='ocrx_word' id='word_1_747' title='bbox 2407 5124 2575 5179; x_wconf 88' lang='lat' dir='ltr'><strong>penes</strong></span> <span class='ocrx_word' id='word_1_748' title='bbox 2629 5125 2689 5164; x_wconf 91' lang='lat' dir='ltr'><strong>se</strong></span> <span class='ocrx_word' id='word_1_749' title='bbox 2738 5108 3001 5177; x_wconf 86' lang='lat' dir='ltr'><strong>scriptum</strong></span> <span class='ocrx_word' id='word_1_750' title='bbox 3052 5102 3303 5159; x_wconf 90' lang='lat' dir='ltr'><strong>diabolus</strong></span> <span class='ocrx_word' id='word_1_751' title='bbox 3350 5099 3560 5154; x_wconf 85' lang='lat' dir='ltr'><strong>habuit.</strong></span> 
     </span>
    </p>
   </div>
   <div class='ocr_carea' id='block_1_106' title="bbox 1989 5194 3566 5273">
    <p class='ocr_par' dir='ltr' id='par_1_106' title="bbox 1989 5194 3566 5273">
     <span class='ocr_line' id='line_1_106' title="bbox 1989 5194 3566 5273; baseline -0.007 -15"><span class='ocrx_word' id='word_1_752' title='bbox 1989 5204 2124 5258; x_wconf 89' lang='lat' dir='ltr'><strong>Cum</strong></span> <span class='ocrx_word' id='word_1_753' title='bbox 2163 5211 2344 5257; x_wconf 89' lang='lat' dir='ltr'><strong>autem</strong></span> <span class='ocrx_word' id='word_1_754' title='bbox 2376 5203 2434 5255; x_wconf 92' lang='lat' dir='ltr'><strong>in</strong></span> <span class='ocrx_word' id='word_1_755' title='bbox 2462 5202 2691 5273; x_wconf 84' lang='lat' dir='ltr'><strong>lignum,</strong></span> <span class='ocrx_word' id='word_1_756' title='bbox 2717 5201 2824 5255; x_wconf 89' lang='lat' dir='ltr'><strong>hoc</strong></span> <span class='ocrx_word' id='word_1_757' title='bbox 2853 5210 2937 5254; x_wconf 91' lang='lat' dir='ltr'><strong>est</strong></span> <span class='ocrx_word' id='word_1_758' title='bbox 2988 5198 3041 5251; x_wconf 93' lang='lat' dir='ltr'><strong>in</strong></span> <span class='ocrx_word' id='word_1_759' title='bbox 3081 5210 3295 5252; x_wconf 89' lang='lat' dir='ltr'><strong>crucem</strong></span> <span class='ocrx_word' id='word_1_760' title='bbox 3327 5194 3566 5248; x_wconf 84' lang='lat' dir='ltr'><strong>venisset</strong></span> 
     </span>
    </p>
   </div>
   <div class='ocr_carea' id='block_1_107' title="bbox 1989 5289 3567 5361">
    <p class='ocr_par' dir='ltr' id='par_1_107' title="bbox 1989 5289 3567 5361">
     <span class='ocr_line' id='line_1_107' title="bbox 1989 5289 3567 5361; baseline -0.006 -13"><span class='ocrx_word' id='word_1_761' title='bbox 1989 5289 2266 5358; x_wconf 85' lang='lat' dir='ltr'><strong>Christus,</strong></span> <span class='ocrx_word' id='word_1_762' title='bbox 2299 5302 2352 5348; x_wconf 90' lang='lat' dir='ltr'><strong>et</strong></span> <span class='ocrx_word' id='word_1_763' title='bbox 2382 5291 2503 5361; x_wconf 85' lang='lat' dir='ltr'><strong>ejus</strong></span> <span class='ocrx_word' id='word_1_764' title='bbox 2524 5307 2722 5347; x_wconf 90' lang='lat' dir='ltr'><strong>manus</strong></span> <span class='ocrx_word' id='word_1_765' title='bbox 2752 5291 2924 5345; x_wconf 83' lang='lat' dir='ltr'><strong>clavis</strong></span> <span class='ocrx_word' id='word_1_766' title='bbox 2948 5289 3399 5351; x_wconf 86' lang='lat' dir='ltr'><strong>vulnerarentur;</strong></span> <span class='ocrx_word' id='word_1_767' title='bbox 3435 5291 3567 5339; x_wconf 87' lang='lat' dir='ltr'><strong>tunc</strong></span> 
     </span>
    </p>
   </div>
   <div class='ocr_carea' id='block_1_108' title="bbox 1995 5374 3568 5454">
    <p class='ocr_par' dir='ltr' id='par_1_108' title="bbox 1995 5374 3568 5454">
     <span class='ocr_line' id='line_1_108' title="bbox 1995 5374 3568 5454; baseline -0.009 -15"><span class='ocrx_word' id='word_1_768' title='bbox 1995 5385 2051 5439; x_wconf 93' lang='lat' dir='ltr'><strong>in</strong></span> <span class='ocrx_word' id='word_1_769' title='bbox 2085 5400 2251 5439; x_wconf 89' lang='lat' dir='ltr'><strong>cruce</strong></span> <span class='ocrx_word' id='word_1_770' title='bbox 2276 5384 2538 5454; x_wconf 88' lang='lat' dir='ltr'><strong>scriptum</strong></span> <span class='ocrx_word' id='word_1_771' title='bbox 2565 5383 2696 5437; x_wconf 92' lang='lat' dir='ltr'><strong>illud</strong></span> <span class='ocrx_word' id='word_1_772' title='bbox 2723 5380 2897 5434; x_wconf 80' lang='lat' dir='ltr'><strong>afﬁxit</strong></span> <span class='ocrx_word' id='word_1_773' title='bbox 2929 5386 2982 5434; x_wconf 91' lang='lat' dir='ltr'><strong>et</strong></span> <span class='ocrx_word' id='word_1_774' title='bbox 3013 5377 3230 5433; x_wconf 87' lang='lat' dir='ltr'><strong>delevit.</strong></span> <span class='ocrx_word' id='word_1_775' title='bbox 3265 5374 3383 5445; x_wconf 88' lang='lat' dir='ltr'><strong>Ipse</strong></span> <span class='ocrx_word' id='word_1_776' title='bbox 3411 5388 3568 5427; x_wconf 88' lang='lat' dir='ltr'><strong>nam-</strong></span> 
     </span>
    </p>
   </div>
   <div class='ocr_carea' id='block_1_109' title="bbox 1994 5466 3566 5548">
    <p class='ocr_par' dir='ltr' id='par_1_109' title="bbox 1994 5466 3566 5548">
     <span class='ocr_line' id='line_1_109' title="bbox 1994 5466 3566 5548; baseline -0.008 -16"><span class='ocrx_word' id='word_1_777' title='bbox 1994 5492 2101 5548; x_wconf 88' lang='lat' dir='ltr'><strong>que</strong></span> <span class='ocrx_word' id='word_1_778' title='bbox 2127 5476 2376 5532; x_wconf 88' lang='lat' dir='ltr'><strong>diabolus</strong></span> <span class='ocrx_word' id='word_1_779' title='bbox 2404 5475 2497 5547; x_wconf 92' lang='lat' dir='ltr'><strong>qui</strong></span> <span class='ocrx_word' id='word_1_780' title='bbox 2538 5473 2958 5545; x_wconf 79' lang='lat' dir='ltr'><strong>chirographum</strong></span> <span class='ocrx_word' id='word_1_781' title='bbox 3008 5470 3141 5525; x_wconf 92' lang='lat' dir='ltr'><strong>illud</strong></span> <span class='ocrx_word' id='word_1_782' title='bbox 3174 5466 3566 5538; x_wconf 71' lang='lat' dir='ltr'><strong>transgressio-</strong></span> 
     </span>
    </p>
   </div>
   <div class='ocr_carea' id='block_1_110' title="bbox 376 5616 3567 5700">
    <p class='ocr_par' dir='ltr' id='par_1_110' title="bbox 376 5616 3567 5700">
     <span class='ocr_line' id='line_1_110' title="bbox 376 5616 3567 5700; baseline -0.005 -6"><span class='ocrx_word' id='word_1_783' title='bbox 376 5638 488 5694; x_wconf 84' lang='lat' dir='ltr'><strong>&quot;II</strong></span> <span class='ocrx_word' id='word_1_784' title='bbox 520 5638 654 5693; x_wconf 86' lang='lat' dir='ltr'><strong>Cor.</strong></span> <span class='ocrx_word' id='word_1_785' title='bbox 689 5648 779 5693; x_wconf 78' lang='lat' dir='ltr'><strong>xl,</strong></span> <span class='ocrx_word' id='word_1_786' title='bbox 816 5631 907 5687; x_wconf 76' lang='lat'><strong>9.5.</strong></span> <span class='ocrx_word' id='word_1_787' title='bbox 947 5634 991 5667; x_wconf 74' lang='grc' dir='ltr'>τι</span> <span class='ocrx_word' id='word_1_788' title='bbox 1030 5632 1161 5689; x_wconf 88' lang='lat' dir='ltr'><strong>ibid.</strong></span> <span class='ocrx_word' id='word_1_789' title='bbox 1201 5630 1306 5689; x_wconf 77' lang='lat' dir='ltr'><strong>&quot;ll</strong></span> <span class='ocrx_word' id='word_1_790' title='bbox 1339 5631 1464 5690; x_wconf 88' lang='lat' dir='ltr'><strong>Cor.</strong></span> <span class='ocrx_word' id='word_1_791' title='bbox 1496 5616 1612 5700; x_wconf 75' lang='grc' dir='ltr'>ιιι,</span> <span class='ocrx_word' id='word_1_792' title='bbox 1646 5631 1697 5689; x_wconf 90' lang='lat'><strong>7.</strong></span> <span class='ocrx_word' id='word_1_793' title='bbox 1736 5631 1931 5688; x_wconf 75' lang='lat' dir='ltr'><strong>&quot;ibid.</strong></span> <span class='ocrx_word' id='word_1_794' title='bbox 1966 5630 2019 5690; x_wconf 92' lang='lat'><strong>9.</strong></span> <span class='ocrx_word' id='word_1_795' title='bbox 2058 5633 2104 5667; x_wconf 76' lang='grc'><strong>⁷⁸</strong></span> <span class='ocrx_word' id='word_1_796' title='bbox 2143 5631 2317 5689; x_wconf 84' lang='lat' dir='ltr'><strong>Galat.</strong></span> <span class='ocrx_word' id='word_1_797' title='bbox 2343 5648 2432 5698; x_wconf 75' lang='lat' dir='ltr'><strong>vx,</strong></span> <span class='ocrx_word' id='word_1_798' title='bbox 2474 5630 2558 5687; x_wconf 75' lang='grc' dir='ltr'>Η.</span> <span class='ocrx_word' id='word_1_799' title='bbox 2599 5628 2839 5685; x_wconf 77' lang='lat' dir='ltr'><strong>&quot;Calai.</strong></span> <span class='ocrx_word' id='word_1_800' title='bbox 2876 5644 2928 5696; x_wconf 85' lang='lat' dir='ltr'><strong>v,</strong></span> <span class='ocrx_word' id='word_1_801' title='bbox 2962 5626 3055 5685; x_wconf 66' lang='grc' dir='ltr'><strong>ει.</strong></span> <span class='ocrx_word' id='word_1_802' title='bbox 3093 5624 3352 5698; x_wconf 83' lang='lat' dir='ltr'><strong>&quot;Ephes.</strong></span> <span class='ocrx_word' id='word_1_803' title='bbox 3391 5637 3451 5685; x_wconf 83' lang='lat' dir='ltr'><strong>ll,</strong></span> <span class='ocrx_word' id='word_1_804' title='bbox 3475 5619 3567 5681; x_wconf 63' lang='grc' dir='ltr'>ἐξ.</span> 
     </span>
    </p>
   </div>
   <div class='ocr_carea' id='block_1_111' title="bbox 372 5726 865 5805">
    <p class='ocr_par' dir='ltr' id='par_1_111' title="bbox 372 5726 865 5805">
     <span class='ocr_line' id='line_1_111' title="bbox 372 5726 865 5805; baseline -0.014 -16"><span class='ocrx_word' id='word_1_805' title='bbox 372 5731 438 5805; x_wconf 68' lang='grc' dir='ltr'><strong>(ὅ</strong></span> <span class='ocrx_word' id='word_1_806' title='bbox 489 5732 635 5805; x_wconf 82' lang='lat' dir='ltr'><strong>Lege</strong></span> <span class='ocrx_word' id='word_1_807' title='bbox 668 5726 865 5783; x_wconf 66' lang='grc' dir='ltr'>νύκτα.</span> 
     </span>
    </p>
   </div>
  </div>
