  <div class='ocr_page' id='page_1' title='image "/cluster/home/n/w/nwhite01/storage/ocr_20150623/28/hvd.32044019207737/387.png"; bbox 0 0 4050 6396; ppageno 0'>
   <div class='ocr_carea' id='block_1_1' title="bbox 518 244 628 301">
    <p class='ocr_par' dir='ltr' id='par_1_1' title="bbox 518 244 628 301">
     <span class='ocr_line' id='line_1_1' title="bbox 518 244 628 301; baseline -0.018 0"><span class='ocrx_word' id='word_1_1' title='bbox 518 244 628 301; x_wconf 70' lang='lat'><strong>763</strong></span> 
     </span>
    </p>
   </div>
   <div class='ocr_carea' id='block_1_2' title="bbox 1709 246 2743 303">
    <p class='ocr_par' dir='ltr' id='par_1_2' title="bbox 1709 246 2743 303">
     <span class='ocr_line' id='line_1_2' title="bbox 1709 246 2743 303; baseline 0 -2"><span class='ocrx_word' id='word_1_2' title='bbox 1709 248 1765 301; x_wconf 93' lang='lat' dir='ltr'><strong>S.</strong></span> <span class='ocrx_word' id='word_1_3' title='bbox 1801 247 2253 303; x_wconf 71' lang='lat' dir='ltr'><strong>ATHANASIUS.</strong></span> <span class='ocrx_word' id='word_1_4' title='bbox 2283 278 2352 290; x_wconf 85' lang='lat'><strong>-—</strong></span> <span class='ocrx_word' id='word_1_5' title='bbox 2389 246 2657 303; x_wconf 76' lang='lat' dir='ltr'><strong>SPL‘RIA.</strong></span> <span class='ocrx_word' id='word_1_6' title='bbox 2738 276 2743 281; x_wconf 63' lang='grc' dir='ltr'><strong>ι</strong></span> 
     </span>
    </p>
   </div>
   <div class='ocr_carea' id='block_1_3' title="bbox 3640 255 3743 311">
    <p class='ocr_par' dir='ltr' id='par_1_3' title="bbox 3640 255 3743 311">
     <span class='ocr_line' id='line_1_3' title="bbox 3640 255 3743 311; baseline 0.01 -1"><span class='ocrx_word' id='word_1_7' title='bbox 3640 255 3743 311; x_wconf 74' lang='grc'><strong>784</strong></span> 
     </span>
    </p>
   </div>
   <div class='ocr_carea' id='block_1_4' title="bbox 516 364 2084 443">
    <p class='ocr_par' dir='ltr' id='par_1_4' title="bbox 516 364 2081 437">
     <span class='ocr_line' id='line_1_4' title="bbox 516 364 2081 437; baseline 0.004 -19"><span class='ocrx_word' id='word_1_8' title='bbox 516 364 605 419; x_wconf 89' lang='lat' dir='ltr'><strong>nis</strong></span> <span class='ocrx_word' id='word_1_9' title='bbox 626 364 795 419; x_wconf 88' lang='lat' dir='ltr'><strong>Adam</strong></span> <span class='ocrx_word' id='word_1_10' title='bbox 813 367 1053 430; x_wconf 77' lang='lat' dir='ltr'><strong>tenebat,</strong></span> <span class='ocrx_word' id='word_1_11' title='bbox 1077 366 1193 437; x_wconf 87' lang='lat' dir='ltr'><strong>ipse</strong></span> <span class='ocrx_word' id='word_1_12' title='bbox 1212 366 1450 432; x_wconf 91' lang='lat' dir='ltr'><strong>discidit,</strong></span> <span class='ocrx_word' id='word_1_13' title='bbox 1476 384 1599 423; x_wconf 89' lang='lat' dir='ltr'><strong>cum</strong></span> <span class='ocrx_word' id='word_1_14' title='bbox 1619 368 1671 422; x_wconf 93' lang='lat' dir='ltr'><strong>in</strong></span> <span class='ocrx_word' id='word_1_15' title='bbox 1695 384 1857 423; x_wconf 84' lang='lat' dir='ltr'><strong>cruce</strong></span> <span class='ocrx_word' id='word_1_16' title='bbox 1879 384 1907 422; x_wconf 93' lang='lat' dir='ltr'><strong>a</strong></span> <span class='ocrx_word' id='word_1_17' title='bbox 1930 369 2081 424; x_wconf 88' lang='lat' dir='ltr'><strong>Chri-</strong></span> 
     </span>
    </p>
   </div>
   <div class='ocr_carea' id='block_1_5' title="bbox 2182 364 3746 443">
    <p class='ocr_par' dir='ltr' id='par_1_5' title="bbox 2182 366 3746 443">
     <span class='ocr_line' id='line_1_5' title="bbox 2182 366 3746 443; baseline 0.005 -24"><span class='ocrx_word' id='word_1_18' title='bbox 2182 366 2541 438; x_wconf 77' lang='grc' dir='ltr'><strong>παραϐάσεως</strong></span> <span class='ocrx_word' id='word_1_19' title='bbox 2577 367 2671 421; x_wconf 84' lang='grc' dir='ltr'><strong>τοῦ</strong></span> <span class='ocrx_word' id='word_1_20' title='bbox 2715 366 2903 438; x_wconf 82' lang='grc' dir='ltr'><strong>Ἀδάμ,</strong></span> <span class='ocrx_word' id='word_1_21' title='bbox 2936 368 3097 432; x_wconf 83' lang='grc' dir='ltr'><strong>αὐτὸς</strong></span> <span class='ocrx_word' id='word_1_22' title='bbox 3134 367 3368 441; x_wconf 79' lang='grc' dir='ltr'><strong>ἔσχισεν,</strong></span> <span class='ocrx_word' id='word_1_23' title='bbox 3412 371 3598 443; x_wconf 72' lang='grc' dir='ltr'><strong>ἐπειδὴ</strong></span> <span class='ocrx_word' id='word_1_24' title='bbox 3638 371 3746 428; x_wconf 76' lang='grc' dir='ltr'><strong>ὑπὸ</strong></span> 
     </span>
    </p>
   </div>
   <div class='ocr_carea' id='block_1_6' title="bbox 517 458 971 528">
    <p class='ocr_par' dir='ltr' id='par_1_6' title="bbox 517 458 971 528">
     <span class='ocr_line' id='line_1_6' title="bbox 517 458 971 528; baseline 0.009 -19"><span class='ocrx_word' id='word_1_25' title='bbox 517 464 606 510; x_wconf 83' lang='lat' dir='ltr'><strong>sto</strong></span> <span class='ocrx_word' id='word_1_26' title='bbox 635 458 834 528; x_wconf 87' lang='lat' dir='ltr'><strong>ligatus</strong></span> <span class='ocrx_word' id='word_1_27' title='bbox 866 466 971 513; x_wconf 73' lang='lat' dir='ltr'><strong>est.</strong></span> 
     </span>
    </p>
   </div>
   <div class='ocr_carea' id='block_1_7' title="bbox 588 546 2077 621">
    <p class='ocr_par' dir='ltr' id='par_1_7' title="bbox 588 546 2077 621">
     <span class='ocr_line' id='line_1_7' title="bbox 588 546 2077 621; baseline 0.001 -18"><span class='ocrx_word' id='word_1_28' title='bbox 588 546 805 615; x_wconf 67' lang='grc' dir='ltr'><strong>ρυιεετ.</strong></span> <span class='ocrx_word' id='word_1_29' title='bbox 840 549 974 605; x_wconf 77' lang='lat' dir='ltr'><strong>CXI.</strong></span> <span class='ocrx_word' id='word_1_30' title='bbox 1010 548 1149 616; x_wconf 87' lang='lat' dir='ltr'><strong>Quid</strong></span> <span class='ocrx_word' id='word_1_31' title='bbox 1187 560 1271 604; x_wconf 91' lang='lat' dir='ltr'><strong>est</strong></span> <span class='ocrx_word' id='word_1_32' title='bbox 1299 548 1443 620; x_wconf 89' lang='lat' dir='ltr'><strong>quod</strong></span> <span class='ocrx_word' id='word_1_33' title='bbox 1476 550 1652 620; x_wconf 77' lang='lat' dir='ltr'><strong>inquit</strong></span> <span class='ocrx_word' id='word_1_34' title='bbox 1684 569 1697 605; x_wconf 89' lang='lat'><strong>:</strong></span> <span class='ocrx_word' id='word_1_35' title='bbox 1727 568 1747 602; x_wconf 72' lang='grc' dir='ltr'><strong>ι</strong></span> <span class='ocrx_word' id='word_1_36' title='bbox 1790 550 1961 621; x_wconf 89' lang='lat' dir='ltr'><strong>Surge</strong></span> <span class='ocrx_word' id='word_1_37' title='bbox 1985 550 2077 620; x_wconf 86' lang='lat' dir='ltr'><strong>qui</strong></span> 
     </span>
    </p>
   </div>
   <div class='ocr_carea' id='block_1_8' title="bbox 516 640 2081 714">
    <p class='ocr_par' dir='ltr' id='par_1_8' title="bbox 516 640 2081 714">
     <span class='ocr_line' id='line_1_8' title="bbox 516 640 2081 714; baseline 0.003 -19"><span class='ocrx_word' id='word_1_38' title='bbox 516 640 743 705; x_wconf 84' lang='lat' dir='ltr'><strong>dormis,</strong></span> <span class='ocrx_word' id='word_1_39' title='bbox 767 650 820 697; x_wconf 91' lang='lat' dir='ltr'><strong>et</strong></span> <span class='ocrx_word' id='word_1_40' title='bbox 844 658 1123 714; x_wconf 79' lang='lat' dir='ltr'><strong>exsurgea</strong></span> <span class='ocrx_word' id='word_1_41' title='bbox 1153 644 1403 709; x_wconf 78' lang='lat' dir='ltr'><strong>mortuis,</strong></span> <span class='ocrx_word' id='word_1_42' title='bbox 1430 651 1485 699; x_wconf 91' lang='lat' dir='ltr'><strong>et</strong></span> <span class='ocrx_word' id='word_1_43' title='bbox 1511 643 1836 699; x_wconf 87' lang='lat' dir='ltr'><strong>illuminabit</strong></span> <span class='ocrx_word' id='word_1_44' title='bbox 1856 650 1908 699; x_wconf 89' lang='lat' dir='ltr'><strong>te</strong></span> <span class='ocrx_word' id='word_1_45' title='bbox 1928 643 2081 700; x_wconf 87' lang='lat' dir='ltr'><strong>Chri-</strong></span> 
     </span>
    </p>
   </div>
   <div class='ocr_carea' id='block_1_9' title="bbox 518 737 804 789">
    <p class='ocr_par' dir='ltr' id='par_1_9' title="bbox 518 737 804 789">
     <span class='ocr_line' id='line_1_9' title="bbox 518 737 804 789; baseline 0.007 -2"><span class='ocrx_word' id='word_1_46' title='bbox 518 741 638 788; x_wconf 76' lang='lat' dir='ltr'><strong>stus</strong></span> <span class='ocrx_word' id='word_1_47' title='bbox 663 737 749 789; x_wconf 60' lang='lat'><strong>&#39;5?</strong></span> <span class='ocrx_word' id='word_1_48' title='bbox 784 756 804 788; x_wconf 72' lang='grc' dir='ltr'><strong>ι</strong></span> 
     </span>
    </p>
   </div>
   <div class='ocr_carea' id='block_1_10' title="bbox 583 826 2079 901">
    <p class='ocr_par' dir='ltr' id='par_1_10' title="bbox 583 826 2079 901">
     <span class='ocr_line' id='line_1_10' title="bbox 583 826 2079 901; baseline 0.003 -21"><span class='ocrx_word' id='word_1_49' title='bbox 583 826 745 882; x_wconf 75' lang='lat' dir='ltr'><strong>Rssr.</strong></span> <span class='ocrx_word' id='word_1_50' title='bbox 780 827 1144 885; x_wconf 87' lang='lat' dir='ltr'><strong>Dormientem</strong></span> <span class='ocrx_word' id='word_1_51' title='bbox 1190 837 1348 885; x_wconf 88' lang='lat' dir='ltr'><strong>vocat</strong></span> <span class='ocrx_word' id='word_1_52' title='bbox 1394 846 1539 893; x_wconf 88' lang='lat' dir='ltr'><strong>eum,</strong></span> <span class='ocrx_word' id='word_1_53' title='bbox 1591 830 1683 901; x_wconf 87' lang='lat' dir='ltr'><strong>qui</strong></span> <span class='ocrx_word' id='word_1_54' title='bbox 1738 830 1794 884; x_wconf 91' lang='lat' dir='ltr'><strong>in</strong></span> <span class='ocrx_word' id='word_1_55' title='bbox 1840 831 2079 901; x_wconf 75' lang='lat' dir='ltr'><strong>peccatis</strong></span> 
     </span>
    </p>
   </div>
   <div class='ocr_carea' id='block_1_11' title="bbox 513 917 2076 992">
    <p class='ocr_par' dir='ltr' id='par_1_11' title="bbox 513 917 2076 992">
     <span class='ocr_line' id='line_1_11' title="bbox 513 917 2076 992; baseline 0.004 -21"><span class='ocrx_word' id='word_1_56' title='bbox 513 917 659 986; x_wconf 79' lang='lat' dir='ltr'><strong>jacet</strong></span> <span class='ocrx_word' id='word_1_57' title='bbox 696 938 709 974; x_wconf 89' lang='lat'><strong>:</strong></span> <span class='ocrx_word' id='word_1_58' title='bbox 746 934 870 972; x_wconf 90' lang='lat' dir='ltr'><strong>nam</strong></span> <span class='ocrx_word' id='word_1_59' title='bbox 900 922 991 989; x_wconf 89' lang='lat' dir='ltr'><strong>qui</strong></span> <span class='ocrx_word' id='word_1_60' title='bbox 1025 921 1079 975; x_wconf 90' lang='lat' dir='ltr'><strong>in</strong></span> <span class='ocrx_word' id='word_1_61' title='bbox 1106 923 1342 992; x_wconf 86' lang='lat' dir='ltr'><strong>peccatis</strong></span> <span class='ocrx_word' id='word_1_62' title='bbox 1370 922 1524 985; x_wconf 86' lang='lat' dir='ltr'><strong>vivit,</strong></span> <span class='ocrx_word' id='word_1_63' title='bbox 1561 928 1811 977; x_wconf 88' lang='lat' dir='ltr'><strong>mortuus</strong></span> <span class='ocrx_word' id='word_1_64' title='bbox 1856 920 2076 977; x_wconf 86' lang='lat' dir='ltr'><strong>dicitur.</strong></span> 
     </span>
    </p>
   </div>
   <div class='ocr_carea' id='block_1_12' title="bbox 516 1009 2082 1086">
    <p class='ocr_par' dir='ltr' id='par_1_12' title="bbox 516 1009 2082 1086">
     <span class='ocr_line' id='line_1_12' title="bbox 516 1009 2082 1086; baseline 0.004 -21"><span class='ocrx_word' id='word_1_65' title='bbox 516 1009 585 1065; x_wconf 87' lang='lat' dir='ltr'><strong>Et</strong></span> <span class='ocrx_word' id='word_1_66' title='bbox 612 1020 672 1064; x_wconf 94' lang='lat' dir='ltr'><strong>ut</strong></span> <span class='ocrx_word' id='word_1_67' title='bbox 715 1020 964 1068; x_wconf 89' lang='lat' dir='ltr'><strong>mortuus</strong></span> <span class='ocrx_word' id='word_1_68' title='bbox 1004 1014 1302 1070; x_wconf 85' lang='lat' dir='ltr'><strong>immobilis</strong></span> <span class='ocrx_word' id='word_1_69' title='bbox 1331 1023 1437 1078; x_wconf 89' lang='lat' dir='ltr'><strong>est,</strong></span> <span class='ocrx_word' id='word_1_70' title='bbox 1484 1014 1561 1069; x_wconf 90' lang='lat' dir='ltr'><strong>ita</strong></span> <span class='ocrx_word' id='word_1_71' title='bbox 1598 1015 1692 1086; x_wconf 90' lang='lat' dir='ltr'><strong>qui</strong></span> <span class='ocrx_word' id='word_1_72' title='bbox 1736 1018 1975 1086; x_wconf 85' lang='lat' dir='ltr'><strong>peccatis</strong></span> <span class='ocrx_word' id='word_1_73' title='bbox 1998 1025 2082 1071; x_wconf 85' lang='lat' dir='ltr'><strong>est</strong></span> 
     </span>
    </p>
   </div>
   <div class='ocr_carea' id='block_1_13' title="bbox 514 1103 1568 1169">
    <p class='ocr_par' dir='ltr' id='par_1_13' title="bbox 514 1103 1568 1169">
     <span class='ocr_line' id='line_1_13' title="bbox 514 1103 1568 1169; baseline 0.006 -13"><span class='ocrx_word' id='word_1_74' title='bbox 514 1109 789 1169; x_wconf 87' lang='lat' dir='ltr'><strong>mortuus,</strong></span> <span class='ocrx_word' id='word_1_75' title='bbox 820 1103 889 1158; x_wconf 90' lang='lat' dir='ltr'><strong>ad</strong></span> <span class='ocrx_word' id='word_1_76' title='bbox 917 1104 1120 1161; x_wconf 88' lang='lat' dir='ltr'><strong>bonum</strong></span> <span class='ocrx_word' id='word_1_77' title='bbox 1149 1122 1259 1162; x_wconf 89' lang='lat' dir='ltr'><strong>non</strong></span> <span class='ocrx_word' id='word_1_78' title='bbox 1291 1108 1568 1162; x_wconf 67' lang='lat' dir='ltr'><strong>movetur.</strong></span> 
     </span>
    </p>
   </div>
   <div class='ocr_carea' id='block_1_14' title="bbox 582 1276 2041 1341">
    <p class='ocr_par' dir='ltr' id='par_1_14' title="bbox 582 1276 2041 1341">
     <span class='ocr_line' id='line_1_14' title="bbox 582 1276 2041 1341; baseline 0.003 -9"><span class='ocrx_word' id='word_1_79' title='bbox 582 1276 909 1335; x_wconf 75' lang='lat' dir='ltr'><strong>Paorosmo</strong></span> <span class='ocrx_word' id='word_1_80' title='bbox 936 1279 1095 1337; x_wconf 78' lang='lat' dir='ltr'><strong>CXII.</strong></span> <span class='ocrx_word' id='word_1_81' title='bbox 1129 1299 1148 1333; x_wconf 81' lang='grc' dir='ltr'><strong>ι</strong></span> <span class='ocrx_word' id='word_1_82' title='bbox 1185 1281 1400 1339; x_wconf 90' lang='lat' dir='ltr'><strong>lnduite</strong></span> <span class='ocrx_word' id='word_1_83' title='bbox 1425 1292 1762 1339; x_wconf 83' lang='lat' dir='ltr'><strong>armaturam</strong></span> <span class='ocrx_word' id='word_1_84' title='bbox 1791 1282 1887 1341; x_wconf 90' lang='lat' dir='ltr'><strong>Dei</strong></span> <span class='ocrx_word' id='word_1_85' title='bbox 1916 1286 1983 1341; x_wconf 80' lang='lat'><strong>&quot;’.</strong></span> <span class='ocrx_word' id='word_1_86' title='bbox 2022 1302 2041 1336; x_wconf 75' lang='grc' dir='ltr'><strong>ι</strong></span> 
     </span>
    </p>
   </div>
   <div class='ocr_carea' id='block_1_15' title="bbox 584 1455 2083 1536">
    <p class='ocr_par' dir='ltr' id='par_1_15' title="bbox 584 1455 2083 1536">
     <span class='ocr_line' id='line_1_15' title="bbox 584 1455 2083 1536; baseline 0.007 -26"><span class='ocrx_word' id='word_1_87' title='bbox 584 1455 750 1513; x_wconf 72' lang='lat' dir='ltr'><strong>Resp.</strong></span> <span class='ocrx_word' id='word_1_88' title='bbox 798 1458 1027 1531; x_wconf 85' lang='lat' dir='ltr'><strong>(Totam</strong></span> <span class='ocrx_word' id='word_1_89' title='bbox 1065 1472 1399 1518; x_wconf 90' lang='lat' dir='ltr'><strong>armaturam</strong></span> <span class='ocrx_word' id='word_1_90' title='bbox 1446 1462 1587 1536; x_wconf 90' lang='lat' dir='ltr'><strong>Dei)</strong></span> <span class='ocrx_word' id='word_1_91' title='bbox 1638 1463 1770 1519; x_wconf 88' lang='lat' dir='ltr'><strong>dicit</strong></span> <span class='ocrx_word' id='word_1_92' title='bbox 1816 1462 2083 1536; x_wconf 89' lang='lat' dir='ltr'><strong>Spiritum</strong></span> 
     </span>
    </p>
   </div>
   <div class='ocr_carea' id='block_1_16' title="bbox 512 1550 2084 1629">
    <p class='ocr_par' dir='ltr' id='par_1_16' title="bbox 512 1550 2084 1629">
     <span class='ocr_line' id='line_1_16' title="bbox 512 1550 2084 1629; baseline 0.004 -24"><span class='ocrx_word' id='word_1_93' title='bbox 512 1559 791 1605; x_wconf 74' lang='lat' dir='ltr'><strong>sanctum.</strong></span> <span class='ocrx_word' id='word_1_94' title='bbox 824 1550 960 1607; x_wconf 86' lang='lat' dir='ltr'><strong>Nam</strong></span> <span class='ocrx_word' id='word_1_95' title='bbox 1007 1554 1101 1624; x_wconf 91' lang='lat' dir='ltr'><strong>qui</strong></span> <span class='ocrx_word' id='word_1_96' title='bbox 1144 1554 1386 1625; x_wconf 85' lang='lat' dir='ltr'><strong>Spiritus</strong></span> <span class='ocrx_word' id='word_1_97' title='bbox 1427 1557 1601 1611; x_wconf 88' lang='lat' dir='ltr'><strong>sancti</strong></span> <span class='ocrx_word' id='word_1_98' title='bbox 1644 1572 1753 1612; x_wconf 93' lang='lat' dir='ltr'><strong>non</strong></span> <span class='ocrx_word' id='word_1_99' title='bbox 1791 1568 1874 1613; x_wconf 91' lang='lat' dir='ltr'><strong>est</strong></span> <span class='ocrx_word' id='word_1_100' title='bbox 1916 1558 2084 1629; x_wconf 87' lang='lat' dir='ltr'><strong>parti-</strong></span> 
     </span>
    </p>
   </div>
   <div class='ocr_carea' id='block_1_17' title="bbox 512 1642 2137 1719">
    <p class='ocr_par' dir='ltr' id='par_1_17' title="bbox 512 1642 2137 1719">
     <span class='ocr_line' id='line_1_17' title="bbox 512 1642 2137 1719; baseline 0.007 -23"><span class='ocrx_word' id='word_1_101' title='bbox 512 1656 665 1711; x_wconf 88' lang='lat' dir='ltr'><strong>ceps,</strong></span> <span class='ocrx_word' id='word_1_102' title='bbox 717 1642 854 1698; x_wconf 83' lang='lat' dir='ltr'><strong>nihil</strong></span> <span class='ocrx_word' id='word_1_103' title='bbox 904 1652 1085 1715; x_wconf 88' lang='lat' dir='ltr'><strong>potest</strong></span> <span class='ocrx_word' id='word_1_104' title='bbox 1132 1655 1323 1702; x_wconf 89' lang='lat' dir='ltr'><strong>contra</strong></span> <span class='ocrx_word' id='word_1_105' title='bbox 1373 1647 1715 1705; x_wconf 89' lang='lat' dir='ltr'><strong>adversarias</strong></span> <span class='ocrx_word' id='word_1_106' title='bbox 1760 1657 2077 1719; x_wconf 86' lang='lat' dir='ltr'><strong>potestates.</strong></span> <span class='ocrx_word' id='word_1_107' title='bbox 2134 1658 2137 1669; x_wconf 96' lang='lat'>&#39;</span> 
     </span>
    </p>
   </div>
   <div class='ocr_carea' id='block_1_18' title="bbox 2178 458 3264 533">
    <p class='ocr_par' dir='ltr' id='par_1_18' title="bbox 2178 458 3264 533">
     <span class='ocr_line' id='line_1_18' title="bbox 2178 458 3264 533; baseline 0.004 -22"><span class='ocrx_word' id='word_1_108' title='bbox 2178 458 2414 531; x_wconf 76' lang='grc' dir='ltr'><strong>Χριστοῦ</strong></span> <span class='ocrx_word' id='word_1_109' title='bbox 2444 459 2740 530; x_wconf 82' lang='grc' dir='ltr'><strong>ὲδεσμεύθη</strong></span> <span class='ocrx_word' id='word_1_110' title='bbox 2774 460 2867 512; x_wconf 74' lang='grc' dir='ltr'><strong>ἐπὶ</strong></span> <span class='ocrx_word' id='word_1_111' title='bbox 2889 459 2982 513; x_wconf 81' lang='grc' dir='ltr'><strong>τοῦ</strong></span> <span class='ocrx_word' id='word_1_112' title='bbox 3011 462 3264 533; x_wconf 87' lang='grc' dir='ltr'><strong>σταυροῦ.</strong></span> 
     </span>
    </p>
   </div>
   <div class='ocr_carea' id='block_1_19' title="bbox 2261 550 3746 625">
    <p class='ocr_par' dir='ltr' id='par_1_19' title="bbox 2261 550 3746 625">
     <span class='ocr_line' id='line_1_19' title="bbox 2261 550 3746 625; baseline 0.005 -22"><span class='ocrx_word' id='word_1_113' title='bbox 2261 550 2451 621; x_wconf 87' lang='grc' dir='ltr'><strong>Ἐρώτ.</strong></span> <span class='ocrx_word' id='word_1_114' title='bbox 2488 558 2611 623; x_wconf 83' lang='grc' dir='ltr'><strong>ρια’.</strong></span> <span class='ocrx_word' id='word_1_115' title='bbox 2649 553 2713 605; x_wconf 92' lang='grc' dir='ltr'><strong>Τί</strong></span> <span class='ocrx_word' id='word_1_116' title='bbox 2743 551 2908 621; x_wconf 77' lang='grc' dir='ltr'><strong>λέγει’</strong></span> <span class='ocrx_word' id='word_1_117' title='bbox 2939 570 2959 603; x_wconf 77' lang='grc' dir='ltr'><strong>ι</strong></span> <span class='ocrx_word' id='word_1_118' title='bbox 2987 554 3236 625; x_wconf 84' lang='grc' dir='ltr'><strong>Ἐγειραι</strong></span> <span class='ocrx_word' id='word_1_119' title='bbox 3262 554 3292 606; x_wconf 99' lang='lat'><strong>6</strong></span> <span class='ocrx_word' id='word_1_120' title='bbox 3318 556 3621 622; x_wconf 81' lang='grc' dir='ltr'><strong>καθεύδων,</strong></span> <span class='ocrx_word' id='word_1_121' title='bbox 3649 558 3746 612; x_wconf 76' lang='grc' dir='ltr'><strong>καὶ</strong></span> 
     </span>
    </p>
   </div>
   <div class='ocr_carea' id='block_1_20' title="bbox 2178 640 3746 719">
    <p class='ocr_par' dir='ltr' id='par_1_20' title="bbox 2178 640 3746 719">
     <span class='ocr_line' id='line_1_20' title="bbox 2178 640 3746 719; baseline 0.003 -24"><span class='ocrx_word' id='word_1_122' title='bbox 2178 641 2383 695; x_wconf 85' lang='grc' dir='ltr'><strong>ἀνάστα</strong></span> <span class='ocrx_word' id='word_1_123' title='bbox 2429 642 2494 694; x_wconf 82' lang='grc' dir='ltr'><strong>έκ</strong></span> <span class='ocrx_word' id='word_1_124' title='bbox 2542 640 2649 695; x_wconf 84' lang='grc' dir='ltr'><strong>τῶν</strong></span> <span class='ocrx_word' id='word_1_125' title='bbox 2697 642 2925 714; x_wconf 83' lang='grc' dir='ltr'><strong>νεκρῶν,</strong></span> <span class='ocrx_word' id='word_1_126' title='bbox 2954 644 3048 698; x_wconf 79' lang='grc' dir='ltr'><strong>καὶ</strong></span> <span class='ocrx_word' id='word_1_127' title='bbox 3086 646 3375 715; x_wconf 78' lang='grc' dir='ltr'>ἐπιφαύσει</span> <span class='ocrx_word' id='word_1_128' title='bbox 3409 664 3493 700; x_wconf 88' lang='grc' dir='ltr'><strong>σοι</strong></span> <span class='ocrx_word' id='word_1_129' title='bbox 3540 647 3568 700; x_wconf 91' lang='lat'><strong>6</strong></span> <span class='ocrx_word' id='word_1_130' title='bbox 3609 647 3746 719; x_wconf 85' lang='grc' dir='ltr'><strong>Χρι-</strong></span> 
     </span>
    </p>
   </div>
   <div class='ocr_carea' id='block_1_21' title="bbox 2179 734 2376 797">
    <p class='ocr_par' dir='ltr' id='par_1_21' title="bbox 2179 734 2376 797">
     <span class='ocr_line' id='line_1_21' title="bbox 2179 734 2376 797; baseline -0.01 -11"><span class='ocrx_word' id='word_1_131' title='bbox 2179 734 2328 797; x_wconf 79' lang='grc' dir='ltr'><strong>στός;</strong></span> <span class='ocrx_word' id='word_1_132' title='bbox 2356 752 2376 784; x_wconf 72' lang='grc' dir='ltr'><strong>ι</strong></span> 
     </span>
    </p>
   </div>
   <div class='ocr_carea' id='block_1_22' title="bbox 2263 828 3747 903">
    <p class='ocr_par' dir='ltr' id='par_1_22' title="bbox 2263 828 3747 903">
     <span class='ocr_line' id='line_1_22' title="bbox 2263 828 3747 903; baseline 0.003 -24"><span class='ocrx_word' id='word_1_133' title='bbox 2263 828 2449 881; x_wconf 85' lang='grc' dir='ltr'><strong>Ἀπόκ.</strong></span> <span class='ocrx_word' id='word_1_134' title='bbox 2479 828 2821 885; x_wconf 81' lang='grc' dir='ltr'><strong>Καθεύδοντα</strong></span> <span class='ocrx_word' id='word_1_135' title='bbox 2848 830 2992 901; x_wconf 82' lang='grc' dir='ltr'>λέγει</span> <span class='ocrx_word' id='word_1_136' title='bbox 3018 831 3107 884; x_wconf 88' lang='grc' dir='ltr'><strong>τὸν</strong></span> <span class='ocrx_word' id='word_1_137' title='bbox 3143 831 3201 884; x_wconf 83' lang='grc' dir='ltr'><strong>ὲν</strong></span> <span class='ocrx_word' id='word_1_138' title='bbox 3235 830 3529 903; x_wconf 78' lang='grc' dir='ltr'><strong>ἁμαρτίαις</strong></span> <span class='ocrx_word' id='word_1_139' title='bbox 3562 832 3747 902; x_wconf 82' lang='grc' dir='ltr'><strong>κείμε-</strong></span> 
     </span>
    </p>
   </div>
   <div class='ocr_carea' id='block_1_23' title="bbox 2179 920 3741 996">
    <p class='ocr_par' dir='ltr' id='par_1_23' title="bbox 2179 920 3741 996">
     <span class='ocr_line' id='line_1_23' title="bbox 2179 920 3741 996; baseline 0.003 -22"><span class='ocrx_word' id='word_1_140' title='bbox 2179 937 2288 974; x_wconf 92' lang='grc' dir='ltr'><strong>νον.</strong></span> <span class='ocrx_word' id='word_1_141' title='bbox 2313 920 2421 973; x_wconf 82' lang='grc' dir='ltr'><strong>Καὶ</strong></span> <span class='ocrx_word' id='word_1_142' title='bbox 2439 920 2547 992; x_wconf 85' lang='grc' dir='ltr'><strong>γὰρ</strong></span> <span class='ocrx_word' id='word_1_143' title='bbox 2571 924 2598 975; x_wconf 89' lang='lat'><strong>6</strong></span> <span class='ocrx_word' id='word_1_144' title='bbox 2623 924 2680 975; x_wconf 82' lang='grc' dir='ltr'><strong>ὲν</strong></span> <span class='ocrx_word' id='word_1_145' title='bbox 2706 925 2995 996; x_wconf 80' lang='grc' dir='ltr'><strong>ἁμαρτίαις</strong></span> <span class='ocrx_word' id='word_1_146' title='bbox 3017 921 3125 989; x_wconf 83' lang='grc' dir='ltr'><strong>ζῶν</strong></span> <span class='ocrx_word' id='word_1_147' title='bbox 3145 924 3336 996; x_wconf 80' lang='grc' dir='ltr'><strong>νεκρὸς</strong></span> <span class='ocrx_word' id='word_1_148' title='bbox 3352 923 3565 993; x_wconf 85' lang='grc' dir='ltr'><strong>λέγεται</strong></span> <span class='ocrx_word' id='word_1_149' title='bbox 3582 920 3741 979; x_wconf 79' lang='grc' dir='ltr'><strong>εἶναι.</strong></span> 
     </span>
    </p>
   </div>
   <div class='ocr_carea' id='block_1_24' title="bbox 2180 1010 3745 1086">
    <p class='ocr_par' dir='ltr' id='par_1_24' title="bbox 2180 1010 3745 1086">
     <span class='ocr_line' id='line_1_24' title="bbox 2180 1010 3745 1086; baseline 0 -20"><span class='ocrx_word' id='word_1_150' title='bbox 2180 1012 2291 1066; x_wconf 55' lang='grc' dir='ltr'><strong>Καὶ⁸</strong></span> <span class='ocrx_word' id='word_1_151' title='bbox 2321 1010 2508 1083; x_wconf 82' lang='grc' dir='ltr'><strong>ὥσπερ</strong></span> <span class='ocrx_word' id='word_1_152' title='bbox 2533 1014 2561 1065; x_wconf 94' lang='lat'><strong>6</strong></span> <span class='ocrx_word' id='word_1_153' title='bbox 2581 1013 2775 1084; x_wconf 90' lang='grc' dir='ltr'><strong>νεκρὸς</strong></span> <span class='ocrx_word' id='word_1_154' title='bbox 2792 1013 3045 1086; x_wconf 82' lang='grc' dir='ltr'><strong>ἀκίνητός</strong></span> <span class='ocrx_word' id='word_1_155' title='bbox 3072 1014 3240 1078; x_wconf 77' lang='grc' dir='ltr'><strong>ἐστιν,</strong></span> <span class='ocrx_word' id='word_1_156' title='bbox 3272 1013 3414 1067; x_wconf 73' lang='grc' dir='ltr'><strong>οὕτω</strong></span> <span class='ocrx_word' id='word_1_157' title='bbox 3454 1016 3550 1068; x_wconf 75' lang='grc' dir='ltr'><strong>καὶ</strong></span> <span class='ocrx_word' id='word_1_158' title='bbox 3577 1017 3606 1069; x_wconf 87' lang='lat'><strong>6</strong></span> <span class='ocrx_word' id='word_1_159' title='bbox 3625 1015 3745 1079; x_wconf 76' lang='grc' dir='ltr'><strong>ταῖς</strong></span> 
     </span>
    </p>
   </div>
   <div class='ocr_carea' id='block_1_25' title="bbox 2182 1104 3745 1180">
    <p class='ocr_par' dir='ltr' id='par_1_25' title="bbox 2182 1104 3745 1180">
     <span class='ocr_line' id='line_1_25' title="bbox 2182 1104 3745 1180; baseline 0.001 -20"><span class='ocrx_word' id='word_1_160' title='bbox 2182 1104 2476 1177; x_wconf 83' lang='grc' dir='ltr'><strong>ἁμαρτίαις</strong></span> <span class='ocrx_word' id='word_1_161' title='bbox 2523 1106 2920 1178; x_wconf 86' lang='grc' dir='ltr'><strong>νενεκρωμένος</strong></span> <span class='ocrx_word' id='word_1_162' title='bbox 2966 1108 3105 1180; x_wconf 88' lang='grc' dir='ltr'><strong>πρὸς</strong></span> <span class='ocrx_word' id='word_1_163' title='bbox 3146 1107 3209 1161; x_wconf 89' lang='grc' dir='ltr'><strong>τὸ</strong></span> <span class='ocrx_word' id='word_1_164' title='bbox 3251 1108 3453 1177; x_wconf 83' lang='grc' dir='ltr'><strong>ἀγαθὸν</strong></span> <span class='ocrx_word' id='word_1_165' title='bbox 3489 1107 3745 1180; x_wconf 84' lang='grc' dir='ltr'><strong>ἀκίνητος</strong></span> 
     </span>
    </p>
   </div>
   <div class='ocr_carea' id='block_1_26' title="bbox 2186 1198 2355 1270">
    <p class='ocr_par' dir='ltr' id='par_1_26' title="bbox 2186 1198 2355 1270">
     <span class='ocr_line' id='line_1_26' title="bbox 2186 1198 2355 1270; baseline -0.012 -18"><span class='ocrx_word' id='word_1_166' title='bbox 2186 1198 2355 1270; x_wconf 88' lang='grc' dir='ltr'><strong>μένει.</strong></span> 
     </span>
    </p>
   </div>
   <div class='ocr_carea' id='block_1_27' title="bbox 2250 1288 3745 1381">
    <p class='ocr_par' dir='ltr' id='par_1_27' title="bbox 2250 1288 3745 1381">
     <span class='ocr_line' id='line_1_27' title="bbox 2250 1288 3745 1381; baseline 0.003 -38"><span class='ocrx_word' id='word_1_167' title='bbox 2250 1289 2516 1361; x_wconf 82' lang='grc' dir='ltr'><strong>Κείμενον</strong></span> <span class='ocrx_word' id='word_1_168' title='bbox 2556 1289 2677 1381; x_wconf 73' lang='grc' dir='ltr'><strong>ριβ’.</strong></span> <span class='ocrx_word' id='word_1_169' title='bbox 2729 1309 2749 1343; x_wconf 77' lang='grc' dir='ltr'><strong>ι</strong></span> <span class='ocrx_word' id='word_1_170' title='bbox 2798 1290 3116 1345; x_wconf 76' lang='grc' dir='ltr'><strong>Ἐνδύσασθε</strong></span> <span class='ocrx_word' id='word_1_171' title='bbox 3160 1292 3258 1364; x_wconf 79' lang='grc' dir='ltr'><strong>τὴν</strong></span> <span class='ocrx_word' id='word_1_172' title='bbox 3310 1292 3611 1347; x_wconf 82' lang='grc' dir='ltr'>πανοπλίαν</span> <span class='ocrx_word' id='word_1_173' title='bbox 3649 1288 3745 1347; x_wconf 76' lang='grc' dir='ltr'><strong>τοῦ</strong></span> 
     </span>
    </p>
   </div>
   <div class='ocr_carea' id='block_1_28' title="bbox 2181 1382 2393 1437">
    <p class='ocr_par' dir='ltr' id='par_1_28' title="bbox 2181 1382 2393 1437">
     <span class='ocr_line' id='line_1_28' title="bbox 2181 1382 2393 1437; baseline -0.005 -1"><span class='ocrx_word' id='word_1_174' title='bbox 2181 1382 2337 1437; x_wconf 86' lang='grc' dir='ltr'><strong>Θεοῦ.</strong></span> <span class='ocrx_word' id='word_1_175' title='bbox 2374 1402 2393 1435; x_wconf 75' lang='grc' dir='ltr'><strong>ι</strong></span> 
     </span>
    </p>
   </div>
   <div class='ocr_carea' id='block_1_29' title="bbox 2262 1471 3745 1545">
    <p class='ocr_par' dir='ltr' id='par_1_29' title="bbox 2262 1471 3745 1545">
     <span class='ocr_line' id='line_1_29' title="bbox 2262 1471 3745 1545; baseline -0.001 -18"><span class='ocrx_word' id='word_1_176' title='bbox 2262 1475 2451 1531; x_wconf 84' lang='grc' dir='ltr'><strong>Ἀπόκ.</strong></span> <span class='ocrx_word' id='word_1_177' title='bbox 2496 1475 2659 1545; x_wconf 81' lang='grc' dir='ltr'><strong>Λέγει</strong></span> <span class='ocrx_word' id='word_1_178' title='bbox 2688 1473 2748 1528; x_wconf 90' lang='grc' dir='ltr'><strong>τὸ</strong></span> <span class='ocrx_word' id='word_1_179' title='bbox 2784 1471 3008 1545; x_wconf 80' lang='grc' dir='ltr'><strong>Πνεῦμα</strong></span> <span class='ocrx_word' id='word_1_180' title='bbox 3037 1473 3097 1527; x_wconf 87' lang='grc' dir='ltr'><strong>τὸ</strong></span> <span class='ocrx_word' id='word_1_181' title='bbox 3127 1473 3300 1541; x_wconf 78' lang='grc' dir='ltr'><strong>ἁγιον.</strong></span> <span class='ocrx_word' id='word_1_182' title='bbox 3349 1473 3408 1526; x_wconf 84' lang='grc' dir='ltr'><strong>Ὅ</strong></span> <span class='ocrx_word' id='word_1_183' title='bbox 3434 1471 3543 1544; x_wconf 83' lang='grc' dir='ltr'><strong>γὰρ</strong></span> <span class='ocrx_word' id='word_1_184' title='bbox 3575 1471 3745 1542; x_wconf 85' lang='grc' dir='ltr'><strong>ἀμέτ-</strong></span> 
     </span>
    </p>
   </div>
   <div class='ocr_carea' id='block_1_30' title="bbox 2181 1559 3748 1638">
    <p class='ocr_par' dir='ltr' id='par_1_30' title="bbox 2181 1559 3748 1638">
     <span class='ocr_line' id='line_1_30' title="bbox 2181 1559 3748 1638; baseline -0.002 -19"><span class='ocrx_word' id='word_1_185' title='bbox 2181 1583 2304 1636; x_wconf 88' lang='grc' dir='ltr'><strong>οχος</strong></span> <span class='ocrx_word' id='word_1_186' title='bbox 2328 1559 2422 1619; x_wconf 83' lang='grc' dir='ltr'><strong>τοῦ</strong></span> <span class='ocrx_word' id='word_1_187' title='bbox 2474 1566 2787 1638; x_wconf 82' lang='grc' dir='ltr'><strong>Πνεύματος</strong></span> <span class='ocrx_word' id='word_1_188' title='bbox 2814 1566 2873 1618; x_wconf 80' lang='grc' dir='ltr'><strong>οὐ</strong></span> <span class='ocrx_word' id='word_1_189' title='bbox 2903 1564 3124 1629; x_wconf 88' lang='grc' dir='ltr'><strong>δυνατός</strong></span> <span class='ocrx_word' id='word_1_190' title='bbox 3158 1568 3273 1618; x_wconf 77' lang='grc' dir='ltr'><strong>ἐστι</strong></span> <span class='ocrx_word' id='word_1_191' title='bbox 3309 1564 3446 1635; x_wconf 87' lang='grc' dir='ltr'><strong>πρὸς</strong></span> <span class='ocrx_word' id='word_1_192' title='bbox 3476 1564 3575 1628; x_wconf 83' lang='grc' dir='ltr'><strong>τὰς</strong></span> <span class='ocrx_word' id='word_1_193' title='bbox 3599 1564 3748 1617; x_wconf 81' lang='grc' dir='ltr'><strong>ἀντι-</strong></span> 
     </span>
    </p>
   </div>
   <div class='ocr_carea' id='block_1_31' title="bbox 2185 1654 3742 1731">
    <p class='ocr_par' dir='ltr' id='par_1_31' title="bbox 2185 1654 3742 1731">
     <span class='ocr_line' id='line_1_31' title="bbox 2185 1654 3742 1731; baseline -0.004 -17"><span class='ocrx_word' id='word_1_194' title='bbox 2185 1659 2443 1731; x_wconf 82' lang='grc' dir='ltr'><strong>κειμένας</strong></span> <span class='ocrx_word' id='word_1_195' title='bbox 2499 1661 2771 1731; x_wconf 88' lang='grc' dir='ltr'><strong>δυνάμεις.</strong></span> <span class='ocrx_word' id='word_1_196' title='bbox 2809 1676 2829 1709; x_wconf 76' lang='grc' dir='ltr'><strong>ι</strong></span> <span class='ocrx_word' id='word_1_197' title='bbox 2859 1656 2971 1710; x_wconf 72' lang='grc' dir='ltr'><strong>Καὶ</strong></span> <span class='ocrx_word' id='word_1_198' title='bbox 3018 1656 3125 1728; x_wconf 82' lang='grc' dir='ltr'><strong>γὰρ</strong></span> <span class='ocrx_word' id='word_1_199' title='bbox 3157 1659 3256 1710; x_wconf 83' lang='grc' dir='ltr'><strong>οὐκ</strong></span> <span class='ocrx_word' id='word_1_200' title='bbox 3301 1655 3447 1709; x_wconf 77' lang='grc' dir='ltr'><strong>ἔστιν</strong></span> <span class='ocrx_word' id='word_1_201' title='bbox 3486 1657 3519 1727; x_wconf 79' lang='grc' dir='ltr'><strong>ἡ</strong></span> <span class='ocrx_word' id='word_1_202' title='bbox 3564 1654 3742 1726; x_wconf 85' lang='grc' dir='ltr'><strong>πάλη,</strong></span> 
     </span>
    </p>
   </div>
   <div class='ocr_carea' id='block_1_32' title="bbox 520 1720 2084 1824">
    <p class='ocr_par' dir='ltr' id='par_1_32' title="bbox 520 1730 2080 1806">
     <span class='ocr_line' id='line_1_32' title="bbox 520 1730 2080 1806; baseline 0.007 -23"><span class='ocrx_word' id='word_1_203' title='bbox 520 1748 541 1782; x_wconf 84' lang='grc'>‹</span> <span class='ocrx_word' id='word_1_204' title='bbox 574 1730 784 1787; x_wconf 87' lang='lat' dir='ltr'><strong>Etenim</strong></span> <span class='ocrx_word' id='word_1_205' title='bbox 835 1749 946 1788; x_wconf 91' lang='lat' dir='ltr'><strong>non</strong></span> <span class='ocrx_word' id='word_1_206' title='bbox 993 1742 1079 1789; x_wconf 90' lang='lat' dir='ltr'><strong>est</strong></span> <span class='ocrx_word' id='word_1_207' title='bbox 1124 1736 1303 1800; x_wconf 86' lang='lat' dir='ltr'><strong>nobis,</strong></span> <span class='ocrx_word' id='word_1_208' title='bbox 1364 1736 1561 1806; x_wconf 88' lang='lat' dir='ltr'><strong>inquit,</strong></span> <span class='ocrx_word' id='word_1_209' title='bbox 1623 1737 1768 1791; x_wconf 91' lang='lat' dir='ltr'><strong>lucta</strong></span> <span class='ocrx_word' id='word_1_210' title='bbox 1820 1738 2080 1794; x_wconf 85' lang='lat' dir='ltr'><strong>adversus</strong></span> 
     </span>
    </p>
   </div>
   <div class='ocr_carea' id='block_1_33' title="bbox 2182 1720 3749 1824">
    <p class='ocr_par' dir='ltr' id='par_1_33' title="bbox 2182 1720 3749 1824">
     <span class='ocr_line' id='line_1_33' title="bbox 2182 1720 3749 1824; baseline -0.002 -19"><span class='ocrx_word' id='word_1_211' title='bbox 2182 1720 2333 1822; x_wconf 62' lang='grc' dir='ltr'><strong>φηᾶι,</strong></span> <span class='ocrx_word' id='word_1_212' title='bbox 2361 1720 2496 1824; x_wconf 82' lang='grc' dir='ltr'><strong>πρὸς</strong></span> <span class='ocrx_word' id='word_1_213' title='bbox 2522 1720 2661 1823; x_wconf 75' lang='grc' dir='ltr'><strong>αἷμα</strong></span> <span class='ocrx_word' id='word_1_214' title='bbox 2682 1720 2776 1804; x_wconf 72' lang='grc' dir='ltr'><strong>καὶ</strong></span> <span class='ocrx_word' id='word_1_215' title='bbox 2809 1750 3005 1824; x_wconf 86' lang='grc' dir='ltr'><strong>σάρκα·</strong></span> <span class='ocrx_word' id='word_1_216' title='bbox 3075 1720 3261 1822; x_wconf 70' lang='grc' dir='ltr'><strong>ῆγουν,</strong></span> <span class='ocrx_word' id='word_1_217' title='bbox 3286 1749 3347 1804; x_wconf 77' lang='grc' dir='ltr'><strong>οὐ</strong></span> <span class='ocrx_word' id='word_1_218' title='bbox 3376 1720 3519 1821; x_wconf 38' lang='grc' dir='ltr'><strong>πρὸς.</strong></span> <span class='ocrx_word' id='word_1_219' title='bbox 3539 1720 3749 1821; x_wconf 64' lang='grc' dir='ltr'><strong>ἀνθρω-</strong></span> 
     </span>
    </p>
   </div>
   <div class='ocr_carea' id='block_1_34' title="bbox 515 1825 2082 1896">
    <p class='ocr_par' dir='ltr' id='par_1_34' title="bbox 515 1825 2082 1896">
     <span class='ocr_line' id='line_1_34' title="bbox 515 1825 2082 1896; baseline 0.007 -20"><span class='ocrx_word' id='word_1_220' title='bbox 515 1837 736 1877; x_wconf 84' lang='lat' dir='ltr'><strong>carnem</strong></span> <span class='ocrx_word' id='word_1_221' title='bbox 771 1832 825 1879; x_wconf 90' lang='lat' dir='ltr'><strong>et</strong></span> <span class='ocrx_word' id='word_1_222' title='bbox 855 1826 1174 1896; x_wconf 85' lang='lat' dir='ltr'><strong>sanguinem</strong></span> <span class='ocrx_word' id='word_1_223' title='bbox 1201 1827 1267 1882; x_wconf 85' lang='lat'><strong>&#39;°.</strong></span> <span class='ocrx_word' id='word_1_224' title='bbox 1321 1846 1339 1878; x_wconf 76' lang='grc' dir='ltr'><strong>ι</strong></span> <span class='ocrx_word' id='word_1_225' title='bbox 1377 1825 1495 1881; x_wconf 87' lang='lat' dir='ltr'><strong>Non</strong></span> <span class='ocrx_word' id='word_1_226' title='bbox 1535 1833 1796 1884; x_wconf 79' lang='lat' dir='ltr'><strong>adversus</strong></span> <span class='ocrx_word' id='word_1_227' title='bbox 1835 1828 2082 1887; x_wconf 84' lang='lat' dir='ltr'><strong>homines</strong></span> 
     </span>
    </p>
   </div>
   <div class='ocr_carea' id='block_1_35' title="bbox 514 1913 2083 1991">
    <p class='ocr_par' dir='ltr' id='par_1_35' title="bbox 514 1913 2083 1991">
     <span class='ocr_line' id='line_1_35' title="bbox 514 1913 2083 1991; baseline 0.006 -25"><span class='ocrx_word' id='word_1_228' title='bbox 514 1913 770 1969; x_wconf 82' lang='lat' dir='ltr'><strong>videlicet</strong></span> <span class='ocrx_word' id='word_1_229' title='bbox 813 1916 1011 1970; x_wconf 90' lang='lat' dir='ltr'><strong>bellum</strong></span> <span class='ocrx_word' id='word_1_230' title='bbox 1038 1918 1263 1986; x_wconf 76' lang='lat' dir='ltr'><strong>geritur,</strong></span> <span class='ocrx_word' id='word_1_231' title='bbox 1307 1937 1326 1970; x_wconf 76' lang='grc' dir='ltr'><strong>ι</strong></span> <span class='ocrx_word' id='word_1_232' title='bbox 1360 1919 1455 1973; x_wconf 89' lang='lat' dir='ltr'><strong>sed</strong></span> <span class='ocrx_word' id='word_1_233' title='bbox 1498 1918 1761 1973; x_wconf 88' lang='lat' dir='ltr'><strong>adversus</strong></span> <span class='ocrx_word' id='word_1_234' title='bbox 1809 1921 2083 1991; x_wconf 87' lang='lat' dir='ltr'><strong>principa-</strong></span> 
     </span>
    </p>
   </div>
   <div class='ocr_carea' id='block_1_36' title="bbox 514 2006 2082 2081">
    <p class='ocr_par' dir='ltr' id='par_1_36' title="bbox 514 2006 2082 2081">
     <span class='ocr_line' id='line_1_36' title="bbox 514 2006 2082 2081; baseline 0.005 -24"><span class='ocrx_word' id='word_1_235' title='bbox 514 2012 606 2061; x_wconf 80' lang='lat' dir='ltr'><strong>tus</strong></span> <span class='ocrx_word' id='word_1_236' title='bbox 632 2007 697 2061; x_wconf 79' lang='grc'><strong>⁸⁸.</strong></span> <span class='ocrx_word' id='word_1_237' title='bbox 731 2026 749 2059; x_wconf 87' lang='grc'>›</span> <span class='ocrx_word' id='word_1_238' title='bbox 786 2006 1133 2079; x_wconf 84' lang='lat' dir='ltr'><strong>Principatus</strong></span> <span class='ocrx_word' id='word_1_239' title='bbox 1168 2018 1348 2065; x_wconf 88' lang='lat' dir='ltr'><strong>autem</strong></span> <span class='ocrx_word' id='word_1_240' title='bbox 1404 2011 1679 2067; x_wconf 63' lang='lat' dir='ltr'><strong>daemones</strong></span> <span class='ocrx_word' id='word_1_241' title='bbox 1722 2022 1880 2068; x_wconf 77' lang='lat' dir='ltr'><strong>vocat</strong></span> <span class='ocrx_word' id='word_1_242' title='bbox 1906 2014 1997 2081; x_wconf 90' lang='lat' dir='ltr'><strong>qui</strong></span> <span class='ocrx_word' id='word_1_243' title='bbox 2026 2014 2082 2066; x_wconf 88' lang='lat' dir='ltr'><strong>in</strong></span> 
     </span>
    </p>
   </div>
   <div class='ocr_carea' id='block_1_37' title="bbox 515 2096 2081 2173">
    <p class='ocr_par' dir='ltr' id='par_1_37' title="bbox 515 2096 2081 2173">
     <span class='ocr_line' id='line_1_37' title="bbox 515 2096 2081 2173; baseline 0.006 -23"><span class='ocrx_word' id='word_1_244' title='bbox 515 2096 849 2154; x_wconf 84' lang='lat' dir='ltr'><strong>hoc‘mundo</strong></span> <span class='ocrx_word' id='word_1_245' title='bbox 880 2102 1242 2173; x_wconf 88' lang='lat' dir='ltr'><strong>principatum</strong></span> <span class='ocrx_word' id='word_1_246' title='bbox 1276 2110 1485 2169; x_wconf 88' lang='lat' dir='ltr'><strong>tenent,</strong></span> <span class='ocrx_word' id='word_1_247' title='bbox 1513 2104 1860 2159; x_wconf 85' lang='lat' dir='ltr'><strong>solummodo</strong></span> <span class='ocrx_word' id='word_1_248' title='bbox 1900 2113 2081 2159; x_wconf 90' lang='lat' dir='ltr'><strong>tamen</strong></span> 
     </span>
    </p>
   </div>
   <div class='ocr_carea' id='block_1_38' title="bbox 515 2189 2083 2265">
    <p class='ocr_par' dir='ltr' id='par_1_38' title="bbox 515 2189 2083 2265">
     <span class='ocr_line' id='line_1_38' title="bbox 515 2189 2083 2265; baseline 0.004 -22"><span class='ocrx_word' id='word_1_249' title='bbox 515 2189 572 2244; x_wconf 88' lang='lat' dir='ltr'><strong>in</strong></span> <span class='ocrx_word' id='word_1_250' title='bbox 601 2205 765 2260; x_wconf 83' lang='lat' dir='ltr'><strong>opera</strong></span> <span class='ocrx_word' id='word_1_251' title='bbox 796 2194 1161 2249; x_wconf 78' lang='lat' dir='ltr'><strong>tenebrarum.</strong></span> <span class='ocrx_word' id='word_1_252' title='bbox 1213 2192 1328 2249; x_wconf 77' lang='lat' dir='ltr'><strong>Hoc</strong></span> <span class='ocrx_word' id='word_1_253' title='bbox 1370 2211 1500 2250; x_wconf 88' lang='lat' dir='ltr'><strong>vero</strong></span> <span class='ocrx_word' id='word_1_254' title='bbox 1536 2196 1680 2265; x_wconf 86' lang='lat' dir='ltr'><strong>quod</strong></span> <span class='ocrx_word' id='word_1_255' title='bbox 1730 2197 1925 2265; x_wconf 89' lang='lat' dir='ltr'><strong>inquit,</strong></span> <span class='ocrx_word' id='word_1_256' title='bbox 1967 2216 1986 2247; x_wconf 71' lang='grc' dir='ltr'><strong>ι</strong></span> <span class='ocrx_word' id='word_1_257' title='bbox 2029 2197 2083 2250; x_wconf 92' lang='lat' dir='ltr'><strong>in</strong></span> 
     </span>
    </p>
   </div>
   <div class='ocr_carea' id='block_1_39' title="bbox 513 2282 2085 2357">
    <p class='ocr_par' dir='ltr' id='par_1_39' title="bbox 513 2282 2085 2357">
     <span class='ocr_line' id='line_1_39' title="bbox 513 2282 2085 2357; baseline 0.004 -21"><span class='ocrx_word' id='word_1_258' title='bbox 513 2282 836 2338; x_wconf 66' lang='lat' dir='ltr'><strong>caelestibus</strong></span> <span class='ocrx_word' id='word_1_259' title='bbox 859 2285 903 2316; x_wconf 79' lang='grc'><strong>⁸⁸</strong></span> <span class='ocrx_word' id='word_1_260' title='bbox 932 2301 949 2341; x_wconf 86' lang='lat'><strong>:</strong></span> <span class='ocrx_word' id='word_1_261' title='bbox 983 2305 1002 2337; x_wconf 74' lang='grc' dir='ltr'><strong>ι</strong></span> <span class='ocrx_word' id='word_1_262' title='bbox 1037 2284 1090 2339; x_wconf 89' lang='lat' dir='ltr'><strong>id</strong></span> <span class='ocrx_word' id='word_1_263' title='bbox 1116 2292 1219 2351; x_wconf 88' lang='lat' dir='ltr'><strong>est,</strong></span> <span class='ocrx_word' id='word_1_264' title='bbox 1243 2302 1352 2340; x_wconf 90' lang='lat' dir='ltr'><strong>non</strong></span> <span class='ocrx_word' id='word_1_265' title='bbox 1384 2296 1604 2357; x_wconf 86' lang='lat' dir='ltr'><strong>propter</strong></span> <span class='ocrx_word' id='word_1_266' title='bbox 1635 2303 1749 2341; x_wconf 90' lang='lat' dir='ltr'><strong>rem</strong></span> <span class='ocrx_word' id='word_1_267' title='bbox 1784 2289 1936 2341; x_wconf 87' lang='lat' dir='ltr'><strong>nihili</strong></span> <span class='ocrx_word' id='word_1_268' title='bbox 1983 2304 2085 2343; x_wconf 90' lang='lat' dir='ltr'><strong>nos</strong></span> 
     </span>
    </p>
   </div>
   <div class='ocr_carea' id='block_1_40' title="bbox 515 2376 2080 2447">
    <p class='ocr_par' dir='ltr' id='par_1_40' title="bbox 515 2376 2080 2447">
     <span class='ocr_line' id='line_1_40' title="bbox 515 2376 2080 2447; baseline 0.005 -20"><span class='ocrx_word' id='word_1_269' title='bbox 515 2382 830 2446; x_wconf 76' lang='lat' dir='ltr'><strong>oppugnant</strong></span> <span class='ocrx_word' id='word_1_270' title='bbox 881 2376 1179 2442; x_wconf 73' lang='lat' dir='ltr'><strong>daemones,</strong></span> <span class='ocrx_word' id='word_1_271' title='bbox 1221 2379 1317 2433; x_wconf 85' lang='lat' dir='ltr'><strong>sed</strong></span> <span class='ocrx_word' id='word_1_272' title='bbox 1357 2387 1581 2447; x_wconf 83' lang='lat' dir='ltr'><strong>propter</strong></span> <span class='ocrx_word' id='word_1_273' title='bbox 1632 2379 1872 2433; x_wconf 62' lang='lat' dir='ltr'><strong>caelestia</strong></span> <span class='ocrx_word' id='word_1_274' title='bbox 1919 2380 2080 2436; x_wconf 91' lang='lat' dir='ltr'><strong>bona.</strong></span> 
     </span>
    </p>
   </div>
   <div class='ocr_carea' id='block_1_41' title="bbox 516 2464 2084 2537">
    <p class='ocr_par' dir='ltr' id='par_1_41' title="bbox 516 2464 2084 2537">
     <span class='ocr_line' id='line_1_41' title="bbox 516 2464 2084 2537; baseline 0.006 -18"><span class='ocrx_word' id='word_1_275' title='bbox 516 2464 654 2531; x_wconf 86' lang='lat' dir='ltr'><strong>Quia</strong></span> <span class='ocrx_word' id='word_1_276' title='bbox 679 2468 821 2521; x_wconf 90' lang='lat' dir='ltr'><strong>enim</strong></span> <span class='ocrx_word' id='word_1_277' title='bbox 854 2468 920 2521; x_wconf 90' lang='lat' dir='ltr'><strong>ad</strong></span> <span class='ocrx_word' id='word_1_278' title='bbox 955 2484 1181 2537; x_wconf 85' lang='lat' dir='ltr'><strong>regnum</strong></span> <span class='ocrx_word' id='word_1_279' title='bbox 1211 2470 1435 2525; x_wconf 68' lang='lat' dir='ltr'><strong>coaleste</strong></span> <span class='ocrx_word' id='word_1_280' title='bbox 1474 2470 1876 2537; x_wconf 78' lang='lat' dir='ltr'><strong>contendimus,</strong></span> <span class='ocrx_word' id='word_1_281' title='bbox 1923 2473 2084 2528; x_wconf 90' lang='lat' dir='ltr'><strong>vehe-</strong></span> 
     </span>
    </p>
   </div>
   <div class='ocr_carea' id='block_1_42' title="bbox 514 2559 2089 2635">
    <p class='ocr_par' dir='ltr' id='par_1_42' title="bbox 514 2559 2089 2635">
     <span class='ocr_line' id='line_1_42' title="bbox 514 2559 2089 2635; baseline 0.006 -24"><span class='ocrx_word' id='word_1_282' title='bbox 514 2566 726 2612; x_wconf 90' lang='lat' dir='ltr'><strong>menter</strong></span> <span class='ocrx_word' id='word_1_283' title='bbox 755 2574 856 2613; x_wconf 89' lang='lat' dir='ltr'><strong>nos</strong></span> <span class='ocrx_word' id='word_1_284' title='bbox 910 2559 1250 2630; x_wconf 89' lang='lat' dir='ltr'><strong>impugnant.</strong></span> <span class='ocrx_word' id='word_1_285' title='bbox 1301 2559 1428 2615; x_wconf 86' lang='lat' dir='ltr'><strong>Ideo</strong></span> <span class='ocrx_word' id='word_1_286' title='bbox 1480 2577 1583 2615; x_wconf 89' lang='lat' dir='ltr'><strong>nos</strong></span> <span class='ocrx_word' id='word_1_287' title='bbox 1618 2577 1834 2632; x_wconf 88' lang='lat' dir='ltr'><strong>semper</strong></span> <span class='ocrx_word' id='word_1_288' title='bbox 1863 2564 2089 2635; x_wconf 88' lang='lat' dir='ltr'><strong>vigilare</strong></span> 
     </span>
    </p>
   </div>
   <div class='ocr_carea' id='block_1_43' title="bbox 515 2650 2089 2723">
    <p class='ocr_par' dir='ltr' id='par_1_43' title="bbox 515 2650 2089 2723">
     <span class='ocr_line' id='line_1_43' title="bbox 515 2650 2089 2723; baseline 0.005 -22"><span class='ocrx_word' id='word_1_289' title='bbox 515 2650 771 2706; x_wconf 88' lang='lat' dir='ltr'><strong>convenit</strong></span> <span class='ocrx_word' id='word_1_290' title='bbox 800 2659 854 2705; x_wconf 92' lang='lat' dir='ltr'><strong>et</strong></span> <span class='ocrx_word' id='word_1_291' title='bbox 888 2652 1090 2707; x_wconf 87' lang='lat' dir='ltr'><strong>virtute</strong></span> <span class='ocrx_word' id='word_1_292' title='bbox 1125 2653 1408 2723; x_wconf 89' lang='lat' dir='ltr'><strong>gratiaque</strong></span> <span class='ocrx_word' id='word_1_293' title='bbox 1444 2652 1649 2707; x_wconf 84' lang='lat' dir='ltr'><strong>Christi</strong></span> <span class='ocrx_word' id='word_1_294' title='bbox 1679 2655 1916 2710; x_wconf 81' lang='lat' dir='ltr'><strong>vincere.</strong></span> <span class='ocrx_word' id='word_1_295' title='bbox 1952 2656 2089 2710; x_wconf 74' lang='lat' dir='ltr'><strong>Scu-</strong></span> 
     </span>
    </p>
   </div>
   <div class='ocr_carea' id='block_1_44' title="bbox 515 2744 2089 2811">
    <p class='ocr_par' dir='ltr' id='par_1_44' title="bbox 515 2744 2089 2811">
     <span class='ocr_line' id='line_1_44' title="bbox 515 2744 2089 2811; baseline 0.003 -13"><span class='ocrx_word' id='word_1_296' title='bbox 515 2751 635 2799; x_wconf 88' lang='lat' dir='ltr'><strong>tum</strong></span> <span class='ocrx_word' id='word_1_297' title='bbox 666 2754 845 2802; x_wconf 89' lang='lat' dir='ltr'><strong>autem</strong></span> <span class='ocrx_word' id='word_1_298' title='bbox 888 2744 1034 2811; x_wconf 89' lang='lat' dir='ltr'><strong>lidei,</strong></span> <span class='ocrx_word' id='word_1_299' title='bbox 1080 2745 1241 2800; x_wconf 82' lang='lat' dir='ltr'><strong>ﬁdem</strong></span> <span class='ocrx_word' id='word_1_300' title='bbox 1293 2753 1453 2799; x_wconf 90' lang='lat' dir='ltr'><strong>vocat</strong></span> <span class='ocrx_word' id='word_1_301' title='bbox 1487 2746 1758 2801; x_wconf 90' lang='lat' dir='ltr'><strong>sinceram</strong></span> <span class='ocrx_word' id='word_1_302' title='bbox 1818 2758 1871 2803; x_wconf 91' lang='lat' dir='ltr'><strong>et</strong></span> <span class='ocrx_word' id='word_1_303' title='bbox 1921 2748 2089 2803; x_wconf 79' lang='lat' dir='ltr'><strong>fervi-</strong></span> 
     </span>
    </p>
   </div>
   <div class='ocr_carea' id='block_1_45' title="bbox 516 2841 664 2897">
    <p class='ocr_par' dir='ltr' id='par_1_45' title="bbox 516 2841 664 2897">
     <span class='ocr_line' id='line_1_45' title="bbox 516 2841 664 2897; baseline -0.014 0"><span class='ocrx_word' id='word_1_304' title='bbox 516 2841 664 2897; x_wconf 89' lang='lat' dir='ltr'><strong>dam.</strong></span> 
     </span>
    </p>
   </div>
   <div class='ocr_carea' id='block_1_46' title="bbox 585 2929 2088 3004">
    <p class='ocr_par' dir='ltr' id='par_1_46' title="bbox 585 2929 2088 3004">
     <span class='ocr_line' id='line_1_46' title="bbox 585 2929 2088 3004; baseline -0.003 -14"><span class='ocrx_word' id='word_1_305' title='bbox 585 2934 746 3004; x_wconf 72' lang='lat'><strong>277</strong></span> <span class='ocrx_word' id='word_1_306' title='bbox 776 2932 993 2999; x_wconf 57' lang='lat' dir='ltr'><strong>Qums&#39;r.</strong></span> <span class='ocrx_word' id='word_1_307' title='bbox 1022 2929 1204 2986; x_wconf 74' lang='lat' dir='ltr'><strong>CXIII.</strong></span> <span class='ocrx_word' id='word_1_308' title='bbox 1234 2929 1372 2997; x_wconf 86' lang='lat' dir='ltr'><strong>Quid</strong></span> <span class='ocrx_word' id='word_1_309' title='bbox 1397 2937 1479 2985; x_wconf 90' lang='lat' dir='ltr'><strong>est</strong></span> <span class='ocrx_word' id='word_1_310' title='bbox 1501 2930 1646 3000; x_wconf 88' lang='lat' dir='ltr'><strong>quod</strong></span> <span class='ocrx_word' id='word_1_311' title='bbox 1675 2930 1806 2985; x_wconf 88' lang='lat' dir='ltr'><strong>dicit</strong></span> <span class='ocrx_word' id='word_1_312' title='bbox 1835 2950 1849 2987; x_wconf 92' lang='lat'><strong>:</strong></span> <span class='ocrx_word' id='word_1_313' title='bbox 1886 2949 1905 2983; x_wconf 76' lang='grc' dir='ltr'><strong>ι</strong></span> <span class='ocrx_word' id='word_1_314' title='bbox 1931 2931 2088 2988; x_wconf 87' lang='lat' dir='ltr'><strong>Post-</strong></span> 
     </span>
    </p>
   </div>
   <div class='ocr_carea' id='block_1_47' title="bbox 2182 1841 3741 1914">
    <p class='ocr_par' dir='ltr' id='par_1_47' title="bbox 2182 1841 3741 1914">
     <span class='ocr_line' id='line_1_47' title="bbox 2182 1841 3741 1914; baseline -0.001 -16"><span class='ocrx_word' id='word_1_315' title='bbox 2182 1862 2317 1907; x_wconf 88' lang='grc' dir='ltr'><strong>πους</strong></span> <span class='ocrx_word' id='word_1_316' title='bbox 2365 1845 2510 1898; x_wconf 74' lang='grc' dir='ltr'><strong>ἐστὶν</strong></span> <span class='ocrx_word' id='word_1_317' title='bbox 2556 1846 2585 1897; x_wconf 94' lang='lat'><strong>6</strong></span> <span class='ocrx_word' id='word_1_318' title='bbox 2629 1844 2884 1914; x_wconf 87' lang='grc' dir='ltr'><strong>πόλεμος,</strong></span> <span class='ocrx_word' id='word_1_319' title='bbox 2938 1862 2958 1895; x_wconf 78' lang='grc' dir='ltr'><strong>ι</strong></span> <span class='ocrx_word' id='word_1_320' title='bbox 3009 1841 3143 1895; x_wconf 89' lang='grc' dir='ltr'><strong>άλλὰ</strong></span> <span class='ocrx_word' id='word_1_321' title='bbox 3183 1843 3321 1914; x_wconf 85' lang='grc' dir='ltr'><strong>πρὸς</strong></span> <span class='ocrx_word' id='word_1_322' title='bbox 3350 1841 3447 1905; x_wconf 83' lang='grc' dir='ltr'><strong>τάς</strong></span> <span class='ocrx_word' id='word_1_323' title='bbox 3487 1843 3678 1913; x_wconf 85' lang='grc' dir='ltr'><strong>ἀρχάς.</strong></span> <span class='ocrx_word' id='word_1_324' title='bbox 3721 1862 3741 1895; x_wconf 77' lang='grc' dir='ltr'><strong>ι</strong></span> 
     </span>
    </p>
   </div>
   <div class='ocr_carea' id='block_1_48' title="bbox 2195 1935 3747 2008">
    <p class='ocr_par' dir='ltr' id='par_1_48' title="bbox 2195 1935 3747 2008">
     <span class='ocr_line' id='line_1_48' title="bbox 2195 1935 3747 2008; baseline -0.001 -19"><span class='ocrx_word' id='word_1_325' title='bbox 2195 1936 2391 2008; x_wconf 82' lang='grc' dir='ltr'><strong>Ἀρχὰς</strong></span> <span class='ocrx_word' id='word_1_326' title='bbox 2416 1937 2473 1989; x_wconf 81' lang='grc' dir='ltr'><strong>δὲ</strong></span> <span class='ocrx_word' id='word_1_327' title='bbox 2500 1936 2645 2004; x_wconf 83' lang='grc' dir='ltr'><strong>λέγει</strong></span> <span class='ocrx_word' id='word_1_328' title='bbox 2679 1937 2805 2000; x_wconf 75' lang='grc' dir='ltr'><strong>τοὺς</strong></span> <span class='ocrx_word' id='word_1_329' title='bbox 2834 1935 3113 2006; x_wconf 85' lang='grc' dir='ltr'><strong>δαίμονας,</strong></span> <span class='ocrx_word' id='word_1_330' title='bbox 3141 1935 3329 2005; x_wconf 77' lang='grc' dir='ltr'><strong>ἐπειδὴ</strong></span> <span class='ocrx_word' id='word_1_331' title='bbox 3364 1936 3421 1988; x_wconf 84' lang='grc' dir='ltr'><strong>ὲν</strong></span> <span class='ocrx_word' id='word_1_332' title='bbox 3450 1935 3527 2005; x_wconf 85' lang='grc' dir='ltr'><strong>τῷ</strong></span> <span class='ocrx_word' id='word_1_333' title='bbox 3556 1935 3747 2006; x_wconf 86' lang='grc' dir='ltr'><strong>κόσμῳ</strong></span> 
     </span>
    </p>
   </div>
   <div class='ocr_carea' id='block_1_49' title="bbox 2179 2026 3747 2098">
    <p class='ocr_par' dir='ltr' id='par_1_49' title="bbox 2179 2026 3747 2098">
     <span class='ocr_line' id='line_1_49' title="bbox 2179 2026 3747 2098; baseline -0.001 -18"><span class='ocrx_word' id='word_1_334' title='bbox 2179 2028 2353 2098; x_wconf 80' lang='grc' dir='ltr'><strong>τούτῳ</strong></span> <span class='ocrx_word' id='word_1_335' title='bbox 2387 2029 2661 2098; x_wconf 84' lang='grc' dir='ltr'><strong>ἄρχουσιν,</strong></span> <span class='ocrx_word' id='word_1_336' title='bbox 2694 2026 2827 2081; x_wconf 85' lang='grc' dir='ltr'><strong>ἁλλὰ</strong></span> <span class='ocrx_word' id='word_1_337' title='bbox 2858 2026 2965 2079; x_wconf 79' lang='grc' dir='ltr'><strong>τῶν</strong></span> <span class='ocrx_word' id='word_1_338' title='bbox 2995 2026 3167 2098; x_wconf 78' lang='grc' dir='ltr'><strong>ἔργων</strong></span> <span class='ocrx_word' id='word_1_339' title='bbox 3192 2026 3286 2079; x_wconf 90' lang='grc' dir='ltr'><strong>τοῦ</strong></span> <span class='ocrx_word' id='word_1_340' title='bbox 3317 2026 3557 2089; x_wconf 83' lang='grc' dir='ltr'><strong>σκότους.</strong></span> <span class='ocrx_word' id='word_1_341' title='bbox 3586 2026 3660 2078; x_wconf 83' lang='grc' dir='ltr'><strong>Τὸ</strong></span> <span class='ocrx_word' id='word_1_342' title='bbox 3689 2026 3747 2079; x_wconf 72' lang='grc' dir='ltr'><strong>δὲ</strong></span> 
     </span>
    </p>
   </div>
   <div class='ocr_carea' id='block_1_50' title="bbox 2188 2116 3749 2191">
    <p class='ocr_par' dir='ltr' id='par_1_50' title="bbox 2188 2116 3749 2191">
     <span class='ocr_line' id='line_1_50' title="bbox 2188 2116 3749 2191; baseline 0.001 -21"><span class='ocrx_word' id='word_1_343' title='bbox 2188 2138 2206 2170; x_wconf 76' lang='grc' dir='ltr'><strong>ι</strong></span> <span class='ocrx_word' id='word_1_344' title='bbox 2247 2122 2303 2173; x_wconf 83' lang='grc' dir='ltr'><strong>ὲν</strong></span> <span class='ocrx_word' id='word_1_345' title='bbox 2327 2122 2438 2183; x_wconf 84' lang='grc' dir='ltr'><strong>τοῖς</strong></span> <span class='ocrx_word' id='word_1_346' title='bbox 2468 2119 2826 2191; x_wconf 80' lang='grc' dir='ltr'><strong>ἐπουρανίοις,</strong></span> <span class='ocrx_word' id='word_1_347' title='bbox 2867 2138 2885 2170; x_wconf 72' lang='grc' dir='ltr'><strong>ι</strong></span> <span class='ocrx_word' id='word_1_348' title='bbox 2931 2119 3114 2190; x_wconf 74' lang='grc' dir='ltr'><strong>ἐπειδὴ</strong></span> <span class='ocrx_word' id='word_1_349' title='bbox 3144 2120 3205 2172; x_wconf 82' lang='grc' dir='ltr'><strong>οὐ</strong></span> <span class='ocrx_word' id='word_1_350' title='bbox 3241 2117 3330 2171; x_wconf 90' lang='grc' dir='ltr'><strong>διὰ</strong></span> <span class='ocrx_word' id='word_1_351' title='bbox 3370 2118 3564 2190; x_wconf 88' lang='grc' dir='ltr'><strong>μικρὸν</strong></span> <span class='ocrx_word' id='word_1_352' title='bbox 3590 2116 3749 2189; x_wconf 74' lang='grc' dir='ltr'><strong>ἔργον</strong></span> 
     </span>
    </p>
   </div>
   <div class='ocr_carea' id='block_1_51' title="bbox 2184 2208 3751 2283">
    <p class='ocr_par' dir='ltr' id='par_1_51' title="bbox 2184 2208 3751 2283">
     <span class='ocr_line' id='line_1_51' title="bbox 2184 2208 3751 2283; baseline -0.003 -18"><span class='ocrx_word' id='word_1_353' title='bbox 2184 2211 2509 2283; x_wconf 77' lang='grc' dir='ltr'><strong>πολεμοῦσιν</strong></span> <span class='ocrx_word' id='word_1_354' title='bbox 2542 2212 2687 2283; x_wconf 81' lang='grc' dir='ltr'><strong>ἡμᾶς</strong></span> <span class='ocrx_word' id='word_1_355' title='bbox 2706 2212 2755 2265; x_wconf 83' lang='grc' dir='ltr'><strong>οί</strong></span> <span class='ocrx_word' id='word_1_356' title='bbox 2779 2210 3050 2280; x_wconf 86' lang='grc' dir='ltr'><strong>δαίμονες,</strong></span> <span class='ocrx_word' id='word_1_357' title='bbox 3084 2208 3219 2264; x_wconf 85' lang='grc' dir='ltr'><strong>ἀλλὰ</strong></span> <span class='ocrx_word' id='word_1_358' title='bbox 3247 2208 3332 2262; x_wconf 83' lang='grc' dir='ltr'><strong>διὰ</strong></span> <span class='ocrx_word' id='word_1_359' title='bbox 3365 2209 3590 2280; x_wconf 83' lang='grc' dir='ltr'><strong>οὐράνια</strong></span> <span class='ocrx_word' id='word_1_360' title='bbox 3614 2209 3751 2277; x_wconf 88' lang='grc' dir='ltr'><strong>ἁγα-</strong></span> 
     </span>
    </p>
   </div>
   <div class='ocr_carea' id='block_1_52' title="bbox 2184 2299 3749 2375">
    <p class='ocr_par' dir='ltr' id='par_1_52' title="bbox 2184 2299 3749 2375">
     <span class='ocr_line' id='line_1_52' title="bbox 2184 2299 3749 2375; baseline -0.002 -19"><span class='ocrx_word' id='word_1_361' title='bbox 2184 2304 2272 2358; x_wconf 87' lang='grc' dir='ltr'><strong>θά.</strong></span> <span class='ocrx_word' id='word_1_362' title='bbox 2324 2302 2539 2375; x_wconf 81' lang='grc' dir='ltr'><strong>Ἐπειδὴ</strong></span> <span class='ocrx_word' id='word_1_363' title='bbox 2575 2304 2685 2375; x_wconf 86' lang='grc' dir='ltr'><strong>γὰρ</strong></span> <span class='ocrx_word' id='word_1_364' title='bbox 2727 2301 3101 2372; x_wconf 77' lang='grc' dir='ltr'><strong>ἀγωνιζόμεθα</strong></span> <span class='ocrx_word' id='word_1_365' title='bbox 3140 2299 3226 2354; x_wconf 87' lang='grc' dir='ltr'><strong>διὰ</strong></span> <span class='ocrx_word' id='word_1_366' title='bbox 3266 2299 3362 2372; x_wconf 78' lang='grc' dir='ltr'><strong>τὴν</strong></span> <span class='ocrx_word' id='word_1_367' title='bbox 3402 2301 3460 2354; x_wconf 85' lang='grc' dir='ltr'><strong>ὲν</strong></span> <span class='ocrx_word' id='word_1_368' title='bbox 3504 2301 3749 2370; x_wconf 82' lang='grc' dir='ltr'><strong>οὐρανοῖς</strong></span> 
     </span>
    </p>
   </div>
   <div class='ocr_carea' id='block_1_53' title="bbox 2185 2392 3751 2467">
    <p class='ocr_par' dir='ltr' id='par_1_53' title="bbox 2185 2392 3751 2467">
     <span class='ocr_line' id='line_1_53' title="bbox 2185 2392 3751 2467; baseline -0.003 -17"><span class='ocrx_word' id='word_1_369' title='bbox 2185 2396 2481 2467; x_wconf 87' lang='grc' dir='ltr'><strong>βασιλείαν,</strong></span> <span class='ocrx_word' id='word_1_370' title='bbox 2515 2394 2839 2467; x_wconf 81' lang='grc' dir='ltr'><strong>πολεμοῦσιν</strong></span> <span class='ocrx_word' id='word_1_371' title='bbox 2864 2396 3013 2466; x_wconf 79' lang='grc' dir='ltr'><strong>ἡμᾶς</strong></span> <span class='ocrx_word' id='word_1_372' title='bbox 3039 2392 3307 2464; x_wconf 82' lang='grc' dir='ltr'><strong>χαλεπῶς.</strong></span> <span class='ocrx_word' id='word_1_373' title='bbox 3341 2392 3441 2446; x_wconf 75' lang='grc' dir='ltr'><strong>Διὰ</strong></span> <span class='ocrx_word' id='word_1_374' title='bbox 3466 2392 3626 2446; x_wconf 89' lang='grc' dir='ltr'><strong>τοῦτο</strong></span> <span class='ocrx_word' id='word_1_375' title='bbox 3654 2394 3751 2463; x_wconf 86' lang='grc' dir='ltr'><strong>ἁρ-</strong></span> 
     </span>
    </p>
   </div>
   <div class='ocr_carea' id='block_1_54' title="bbox 2188 2483 3751 2560">
    <p class='ocr_par' dir='ltr' id='par_1_54' title="bbox 2188 2483 3751 2560">
     <span class='ocr_line' id='line_1_54' title="bbox 2188 2483 3751 2560; baseline -0.003 -19"><span class='ocrx_word' id='word_1_376' title='bbox 2188 2488 2338 2560; x_wconf 77' lang='grc' dir='ltr'><strong>μόζει</strong></span> <span class='ocrx_word' id='word_1_377' title='bbox 2366 2488 2595 2542; x_wconf 85' lang='grc' dir='ltr'><strong>πάντοτε</strong></span> <span class='ocrx_word' id='word_1_378' title='bbox 2627 2487 2938 2559; x_wconf 87' lang='grc' dir='ltr'><strong>γρηγορεῖν,</strong></span> <span class='ocrx_word' id='word_1_379' title='bbox 2967 2487 3060 2539; x_wconf 70' lang='grc' dir='ltr'><strong>καὶ</strong></span> <span class='ocrx_word' id='word_1_380' title='bbox 3085 2486 3239 2555; x_wconf 81' lang='grc' dir='ltr'><strong>νικᾷν</strong></span> <span class='ocrx_word' id='word_1_381' title='bbox 3271 2485 3464 2548; x_wconf 77' lang='grc' dir='ltr'><strong>αὐτοὺς</strong></span> <span class='ocrx_word' id='word_1_382' title='bbox 3497 2486 3565 2556; x_wconf 80' lang='grc' dir='ltr'><strong>τῇ</strong></span> <span class='ocrx_word' id='word_1_383' title='bbox 3597 2483 3751 2537; x_wconf 84' lang='grc' dir='ltr'><strong>δυνά-</strong></span> 
     </span>
    </p>
   </div>
   <div class='ocr_carea' id='block_1_55' title="bbox 2187 2576 3750 2651">
    <p class='ocr_par' dir='ltr' id='par_1_55' title="bbox 2187 2576 3750 2651">
     <span class='ocr_line' id='line_1_55' title="bbox 2187 2576 3750 2651; baseline -0.002 -19"><span class='ocrx_word' id='word_1_384' title='bbox 2187 2597 2276 2650; x_wconf 89' lang='grc' dir='ltr'><strong>μει</strong></span> <span class='ocrx_word' id='word_1_385' title='bbox 2304 2580 2395 2632; x_wconf 72' lang='grc' dir='ltr'><strong>καὶ</strong></span> <span class='ocrx_word' id='word_1_386' title='bbox 2423 2578 2603 2651; x_wconf 89' lang='grc' dir='ltr'><strong>χάριτι</strong></span> <span class='ocrx_word' id='word_1_387' title='bbox 2633 2577 2726 2631; x_wconf 89' lang='grc' dir='ltr'><strong>τοῦ</strong></span> <span class='ocrx_word' id='word_1_388' title='bbox 2751 2576 3006 2649; x_wconf 82' lang='grc' dir='ltr'><strong>Χριστοῦ.</strong></span> <span class='ocrx_word' id='word_1_389' title='bbox 3042 2576 3242 2647; x_wconf 87' lang='grc' dir='ltr'><strong>Θυρεὸν</strong></span> <span class='ocrx_word' id='word_1_390' title='bbox 3285 2576 3341 2629; x_wconf 87' lang='grc' dir='ltr'><strong>δὲ</strong></span> <span class='ocrx_word' id='word_1_391' title='bbox 3382 2576 3483 2645; x_wconf 86' lang='grc' dir='ltr'><strong>τῆς</strong></span> <span class='ocrx_word' id='word_1_392' title='bbox 3518 2576 3750 2640; x_wconf 69' lang='grc' dir='ltr'><strong>πίαεως</strong></span> 
     </span>
    </p>
   </div>
   <div class='ocr_carea' id='block_1_56' title="bbox 2183 2666 3502 2740">
    <p class='ocr_par' dir='ltr' id='par_1_56' title="bbox 2183 2666 3502 2740">
     <span class='ocr_line' id='line_1_56' title="bbox 2183 2666 3502 2740; baseline -0.002 -19"><span class='ocrx_word' id='word_1_393' title='bbox 2183 2668 2280 2739; x_wconf 82' lang='grc' dir='ltr'><strong>τὴν</strong></span> <span class='ocrx_word' id='word_1_394' title='bbox 2311 2668 2493 2723; x_wconf 88' lang='grc' dir='ltr'><strong>πίστιν</strong></span> <span class='ocrx_word' id='word_1_395' title='bbox 2514 2667 2660 2737; x_wconf 90' lang='grc' dir='ltr'><strong>λέγει</strong></span> <span class='ocrx_word' id='word_1_396' title='bbox 2689 2667 2784 2740; x_wconf 76' lang='grc' dir='ltr'><strong>τὴν</strong></span> <span class='ocrx_word' id='word_1_397' title='bbox 2812 2666 3074 2740; x_wconf 82' lang='grc' dir='ltr'><strong>εἰλικρινῆ</strong></span> <span class='ocrx_word' id='word_1_398' title='bbox 3102 2666 3195 2720; x_wconf 81' lang='grc' dir='ltr'><strong>καὶ</strong></span> <span class='ocrx_word' id='word_1_399' title='bbox 3220 2666 3502 2737; x_wconf 82' lang='grc' dir='ltr'><strong>διάπυρον.</strong></span> 
     </span>
    </p>
   </div>
   <div class='ocr_carea' id='block_1_57' title="bbox 2263 2928 3750 3003">
    <p class='ocr_par' dir='ltr' id='par_1_57' title="bbox 2263 2928 3750 3003">
     <span class='ocr_line' id='line_1_57' title="bbox 2263 2928 3750 3003; baseline -0.001 -20"><span class='ocrx_word' id='word_1_400' title='bbox 2263 2928 2452 3002; x_wconf 84' lang='grc' dir='ltr'><strong>Ἐρὼτ.</strong></span> <span class='ocrx_word' id='word_1_401' title='bbox 2487 2937 2611 3003; x_wconf 92' lang='grc' dir='ltr'><strong>ριγ’.</strong></span> <span class='ocrx_word' id='word_1_402' title='bbox 2633 2931 2698 2984; x_wconf 88' lang='grc' dir='ltr'><strong>Τί</strong></span> <span class='ocrx_word' id='word_1_403' title='bbox 2728 2930 2910 3000; x_wconf 82' lang='grc' dir='ltr'><strong>λέγει’</strong></span> <span class='ocrx_word' id='word_1_404' title='bbox 2960 2949 2979 2983; x_wconf 81' lang='grc' dir='ltr'><strong>ι</strong></span> <span class='ocrx_word' id='word_1_405' title='bbox 3032 2930 3490 3001; x_wconf 81' lang='grc' dir='ltr'><strong>Ἀπεκδυσάμενοι</strong></span> <span class='ocrx_word' id='word_1_406' title='bbox 3524 2929 3617 2982; x_wconf 72' lang='grc' dir='ltr'><strong>τὸν</strong></span> <span class='ocrx_word' id='word_1_407' title='bbox 3646 2946 3750 2981; x_wconf 87' lang='grc' dir='ltr'><strong>πα-</strong></span> 
     </span>
    </p>
   </div>
   <div class='ocr_carea' id='block_1_58' title="bbox 516 3020 2084 3112">
    <p class='ocr_par' dir='ltr' id='par_1_58' title="bbox 516 3022 2083 3096">
     <span class='ocr_line' id='line_1_58' title="bbox 516 3022 2083 3096; baseline 0.001 -17"><span class='ocrx_word' id='word_1_408' title='bbox 516 3040 678 3096; x_wconf 87' lang='lat' dir='ltr'><strong>quam</strong></span> <span class='ocrx_word' id='word_1_409' title='bbox 718 3024 949 3079; x_wconf 78' lang='lat' dir='ltr'><strong>exuistis</strong></span> <span class='ocrx_word' id='word_1_410' title='bbox 980 3030 1217 3077; x_wconf 83' lang='lat' dir='ltr'><strong>veterem</strong></span> <span class='ocrx_word' id='word_1_411' title='bbox 1264 3022 1560 3087; x_wconf 86' lang='lat' dir='ltr'><strong>hominem,</strong></span> <span class='ocrx_word' id='word_1_412' title='bbox 1592 3029 1646 3077; x_wconf 92' lang='lat' dir='ltr'><strong>et</strong></span> <span class='ocrx_word' id='word_1_413' title='bbox 1692 3022 1949 3080; x_wconf 88' lang='lat' dir='ltr'><strong>induistis</strong></span> <span class='ocrx_word' id='word_1_414' title='bbox 1984 3041 2083 3081; x_wconf 85' lang='lat' dir='ltr'><strong>no-</strong></span> 
     </span>
    </p>
   </div>
   <div class='ocr_carea' id='block_1_59' title="bbox 2182 3020 3750 3112">
    <p class='ocr_par' dir='ltr' id='par_1_59' title="bbox 2184 3020 3750 3094">
     <span class='ocr_line' id='line_1_59' title="bbox 2184 3020 3750 3094; baseline -0.003 -18"><span class='ocrx_word' id='word_1_415' title='bbox 2184 3022 2332 3076; x_wconf 89' lang='grc' dir='ltr'><strong>λαιὸν</strong></span> <span class='ocrx_word' id='word_1_416' title='bbox 2360 3022 2663 3093; x_wconf 79' lang='grc' dir='ltr'><strong>ἄνθρωπον,</strong></span> <span class='ocrx_word' id='word_1_417' title='bbox 2710 3023 2801 3076; x_wconf 77' lang='grc' dir='ltr'><strong>καὶ</strong></span> <span class='ocrx_word' id='word_1_418' title='bbox 2845 3022 3193 3094; x_wconf 76' lang='grc' dir='ltr'><strong>ἐνδυσάμενοι</strong></span> <span class='ocrx_word' id='word_1_419' title='bbox 3225 3022 3315 3075; x_wconf 89' lang='grc' dir='ltr'><strong>τὸν</strong></span> <span class='ocrx_word' id='word_1_420' title='bbox 3347 3021 3487 3086; x_wconf 87' lang='grc' dir='ltr'><strong>νέον,</strong></span> <span class='ocrx_word' id='word_1_421' title='bbox 3511 3020 3605 3074; x_wconf 87' lang='grc' dir='ltr'><strong>τὸν</strong></span> <span class='ocrx_word' id='word_1_422' title='bbox 3623 3022 3750 3074; x_wconf 81' lang='grc' dir='ltr'><strong>ἀνα-</strong></span> 
     </span>
    </p>
   </div>
   <div class='ocr_carea' id='block_1_60' title="bbox 515 3112 1246 3185">
    <p class='ocr_par' dir='ltr' id='par_1_60' title="bbox 515 3112 1246 3185">
     <span class='ocr_line' id='line_1_60' title="bbox 515 3112 1246 3185; baseline -0.004 -16"><span class='ocrx_word' id='word_1_423' title='bbox 515 3130 665 3181; x_wconf 88' lang='lat' dir='ltr'><strong>vum,</strong></span> <span class='ocrx_word' id='word_1_424' title='bbox 685 3116 777 3185; x_wconf 91' lang='lat' dir='ltr'><strong>qui</strong></span> <span class='ocrx_word' id='word_1_425' title='bbox 798 3121 1090 3169; x_wconf 88' lang='lat' dir='ltr'><strong>renovatur</strong></span> <span class='ocrx_word' id='word_1_426' title='bbox 1115 3114 1159 3145; x_wconf 83' lang='grc'><strong>⁸³</strong></span> <span class='ocrx_word' id='word_1_427' title='bbox 1179 3112 1204 3167; x_wconf 88' lang='lat'><strong>?</strong></span> <span class='ocrx_word' id='word_1_428' title='bbox 1226 3131 1246 3165; x_wconf 71' lang='grc' dir='ltr'><strong>ι</strong></span> 
     </span>
    </p>
   </div>
   <div class='ocr_carea' id='block_1_61' title="bbox 587 3204 2085 3277">
    <p class='ocr_par' dir='ltr' id='par_1_61' title="bbox 587 3204 2085 3277">
     <span class='ocr_line' id='line_1_61' title="bbox 587 3204 2085 3277; baseline 0.001 -18"><span class='ocrx_word' id='word_1_429' title='bbox 587 3206 750 3261; x_wconf 72' lang='grc' dir='ltr'><strong>Βεει).</strong></span> <span class='ocrx_word' id='word_1_430' title='bbox 797 3204 1045 3260; x_wconf 82' lang='lat' dir='ltr'><strong>Veterem</strong></span> <span class='ocrx_word' id='word_1_431' title='bbox 1086 3204 1359 3259; x_wconf 88' lang='lat' dir='ltr'><strong>hominem</strong></span> <span class='ocrx_word' id='word_1_432' title='bbox 1397 3204 1529 3259; x_wconf 90' lang='lat' dir='ltr'><strong>dicit</strong></span> <span class='ocrx_word' id='word_1_433' title='bbox 1574 3220 1695 3260; x_wconf 92' lang='lat' dir='ltr'><strong>eum</strong></span> <span class='ocrx_word' id='word_1_434' title='bbox 1740 3205 1832 3276; x_wconf 91' lang='lat' dir='ltr'><strong>qui</strong></span> <span class='ocrx_word' id='word_1_435' title='bbox 1877 3207 2085 3277; x_wconf 91' lang='lat' dir='ltr'><strong>primus</strong></span> 
     </span>
    </p>
   </div>
   <div class='ocr_carea' id='block_1_62' title="bbox 516 3296 2086 3370">
    <p class='ocr_par' dir='ltr' id='par_1_62' title="bbox 516 3296 2086 3370">
     <span class='ocr_line' id='line_1_62' title="bbox 516 3296 2086 3370; baseline 0.001 -16"><span class='ocrx_word' id='word_1_436' title='bbox 516 3308 640 3370; x_wconf 91' lang='lat' dir='ltr'><strong>post</strong></span> <span class='ocrx_word' id='word_1_437' title='bbox 668 3300 881 3369; x_wconf 88' lang='lat' dir='ltr'><strong>lapsum</strong></span> <span class='ocrx_word' id='word_1_438' title='bbox 912 3296 1040 3351; x_wconf 82' lang='lat' dir='ltr'><strong>Adae</strong></span> <span class='ocrx_word' id='word_1_439' title='bbox 1069 3305 1232 3350; x_wconf 89' lang='lat' dir='ltr'><strong>natus</strong></span> <span class='ocrx_word' id='word_1_440' title='bbox 1271 3304 1378 3359; x_wconf 82' lang='lat' dir='ltr'><strong>est,</strong></span> <span class='ocrx_word' id='word_1_441' title='bbox 1407 3297 1491 3351; x_wconf 90' lang='lat' dir='ltr'><strong>vel</strong></span> <span class='ocrx_word' id='word_1_442' title='bbox 1524 3296 1923 3366; x_wconf 90' lang='lat' dir='ltr'><strong>improbitatem</strong></span> <span class='ocrx_word' id='word_1_443' title='bbox 1967 3315 2086 3369; x_wconf 72' lang='lat' dir='ltr'><strong>qua:</strong></span> 
     </span>
    </p>
   </div>
   <div class='ocr_carea' id='block_1_63' title="bbox 518 3386 2085 3460">
    <p class='ocr_par' dir='ltr' id='par_1_63' title="bbox 518 3386 2085 3460">
     <span class='ocr_line' id='line_1_63' title="bbox 518 3386 2085 3460; baseline 0.002 -17"><span class='ocrx_word' id='word_1_444' title='bbox 518 3405 584 3443; x_wconf 82' lang='lat' dir='ltr'><strong>ex</strong></span> <span class='ocrx_word' id='word_1_445' title='bbox 616 3390 709 3444; x_wconf 87' lang='lat' dir='ltr'><strong>illo</strong></span> <span class='ocrx_word' id='word_1_446' title='bbox 733 3389 976 3460; x_wconf 90' lang='lat' dir='ltr'><strong>procedit</strong></span> <span class='ocrx_word' id='word_1_447' title='bbox 996 3396 1049 3443; x_wconf 90' lang='lat' dir='ltr'><strong>et</strong></span> <span class='ocrx_word' id='word_1_448' title='bbox 1077 3389 1359 3442; x_wconf 84' lang='lat' dir='ltr'><strong>malitiam.</strong></span> <span class='ocrx_word' id='word_1_449' title='bbox 1385 3386 1592 3442; x_wconf 87' lang='lat' dir='ltr'><strong>Novum</strong></span> <span class='ocrx_word' id='word_1_450' title='bbox 1624 3389 1892 3445; x_wconf 90' lang='lat' dir='ltr'><strong>hominem</strong></span> <span class='ocrx_word' id='word_1_451' title='bbox 1924 3391 2085 3446; x_wconf 86' lang='lat' dir='ltr'><strong>intel-</strong></span> 
     </span>
    </p>
   </div>
   <div class='ocr_carea' id='block_1_64' title="bbox 517 3482 2086 3554">
    <p class='ocr_par' dir='ltr' id='par_1_64' title="bbox 517 3482 2086 3554">
     <span class='ocr_line' id='line_1_64' title="bbox 517 3482 2086 3554; baseline 0.004 -18"><span class='ocrx_word' id='word_1_452' title='bbox 517 3483 635 3554; x_wconf 88' lang='lat' dir='ltr'><strong>ligit</strong></span> <span class='ocrx_word' id='word_1_453' title='bbox 664 3484 1126 3540; x_wconf 89' lang='lat' dir='ltr'><strong>conversationem</strong></span> <span class='ocrx_word' id='word_1_454' title='bbox 1157 3482 1547 3547; x_wconf 86' lang='lat' dir='ltr'><strong>Christianam,</strong></span> <span class='ocrx_word' id='word_1_455' title='bbox 1577 3483 1720 3553; x_wconf 87' lang='lat' dir='ltr'><strong>piam</strong></span> <span class='ocrx_word' id='word_1_456' title='bbox 1750 3484 2002 3543; x_wconf 90' lang='lat' dir='ltr'><strong>videlicet</strong></span> <span class='ocrx_word' id='word_1_457' title='bbox 2031 3494 2086 3542; x_wconf 88' lang='lat' dir='ltr'><strong>et</strong></span> 
     </span>
    </p>
   </div>
   <div class='ocr_carea' id='block_1_65' title="bbox 516 3574 938 3631">
    <p class='ocr_par' dir='ltr' id='par_1_65' title="bbox 516 3574 938 3631">
     <span class='ocr_line' id='line_1_65' title="bbox 516 3574 938 3631; baseline -0.005 0"><span class='ocrx_word' id='word_1_458' title='bbox 516 3574 715 3631; x_wconf 82' lang='lat' dir='ltr'><strong>bonam</strong></span> <span class='ocrx_word' id='word_1_459' title='bbox 750 3575 938 3629; x_wconf 86' lang='lat' dir='ltr'><strong>vitam.</strong></span> 
     </span>
    </p>
   </div>
   <div class='ocr_carea' id='block_1_66' title="bbox 587 3662 2085 3736">
    <p class='ocr_par' dir='ltr' id='par_1_66' title="bbox 587 3662 2085 3736">
     <span class='ocr_line' id='line_1_66' title="bbox 587 3662 2085 3736; baseline 0.002 -16"><span class='ocrx_word' id='word_1_460' title='bbox 587 3665 809 3732; x_wconf 58' lang='lat' dir='ltr'><strong>Qumsr.</strong></span> <span class='ocrx_word' id='word_1_461' title='bbox 867 3662 1049 3720; x_wconf 79' lang='lat' dir='ltr'><strong>CXIV.</strong></span> <span class='ocrx_word' id='word_1_462' title='bbox 1105 3662 1245 3730; x_wconf 89' lang='lat' dir='ltr'><strong>Quid</strong></span> <span class='ocrx_word' id='word_1_463' title='bbox 1308 3671 1395 3720; x_wconf 84' lang='lat' dir='ltr'><strong>est</strong></span> <span class='ocrx_word' id='word_1_464' title='bbox 1444 3665 1587 3735; x_wconf 90' lang='lat' dir='ltr'><strong>quod</strong></span> <span class='ocrx_word' id='word_1_465' title='bbox 1638 3666 1813 3736; x_wconf 90' lang='lat' dir='ltr'><strong>inquit</strong></span> <span class='ocrx_word' id='word_1_466' title='bbox 1868 3686 1883 3722; x_wconf 89' lang='lat'><strong>:</strong></span> <span class='ocrx_word' id='word_1_467' title='bbox 1933 3686 1952 3721; x_wconf 77' lang='grc' dir='ltr'><strong>ι</strong></span> <span class='ocrx_word' id='word_1_468' title='bbox 2014 3666 2085 3723; x_wconf 87' lang='lat' dir='ltr'><strong>Ut</strong></span> 
     </span>
    </p>
   </div>
   <div class='ocr_carea' id='block_1_67' title="bbox 513 3757 2083 3830">
    <p class='ocr_par' dir='ltr' id='par_1_67' title="bbox 513 3757 2083 3830">
     <span class='ocr_line' id='line_1_67' title="bbox 513 3757 2083 3830; baseline 0.001 -17"><span class='ocrx_word' id='word_1_469' title='bbox 513 3774 624 3813; x_wconf 89' lang='lat' dir='ltr'><strong>non</strong></span> <span class='ocrx_word' id='word_1_470' title='bbox 675 3757 1096 3822; x_wconf 87' lang='lat' dir='ltr'><strong>contristemini,</strong></span> <span class='ocrx_word' id='word_1_471' title='bbox 1130 3758 1275 3812; x_wconf 84' lang='lat' dir='ltr'><strong>sicut</strong></span> <span class='ocrx_word' id='word_1_472' title='bbox 1318 3768 1373 3812; x_wconf 90' lang='lat' dir='ltr'><strong>et</strong></span> <span class='ocrx_word' id='word_1_473' title='bbox 1402 3758 1583 3812; x_wconf 70' lang='lat' dir='ltr'><strong>caeteri</strong></span> <span class='ocrx_word' id='word_1_474' title='bbox 1634 3759 1727 3828; x_wconf 91' lang='lat' dir='ltr'><strong>qui</strong></span> <span class='ocrx_word' id='word_1_475' title='bbox 1774 3774 1926 3830; x_wconf 84' lang='lat' dir='ltr'><strong>spem</strong></span> <span class='ocrx_word' id='word_1_476' title='bbox 1973 3775 2083 3814; x_wconf 92' lang='lat' dir='ltr'><strong>non</strong></span> 
     </span>
    </p>
   </div>
   <div class='ocr_carea' id='block_1_68' title="bbox 515 3851 886 3907">
    <p class='ocr_par' dir='ltr' id='par_1_68' title="bbox 515 3851 886 3907">
     <span class='ocr_line' id='line_1_68' title="bbox 515 3851 886 3907; baseline -0.011 0"><span class='ocrx_word' id='word_1_477' title='bbox 515 3852 718 3907; x_wconf 83' lang='lat' dir='ltr'><strong>habent</strong></span> <span class='ocrx_word' id='word_1_478' title='bbox 742 3851 787 3884; x_wconf 69' lang='grc'><strong>⁸⁸</strong></span> <span class='ocrx_word' id='word_1_479' title='bbox 809 3852 832 3905; x_wconf 75' lang='lat' dir='ltr'><strong>&#39;l</strong></span> <span class='ocrx_word' id='word_1_480' title='bbox 868 3871 886 3903; x_wconf 72' lang='grc' dir='ltr'><strong>ι</strong></span> 
     </span>
    </p>
   </div>
   <div class='ocr_carea' id='block_1_69' title="bbox 586 3942 2083 4013">
    <p class='ocr_par' dir='ltr' id='par_1_69' title="bbox 586 3942 2083 4013">
     <span class='ocr_line' id='line_1_69' title="bbox 586 3942 2083 4013; baseline 0.002 -18"><span class='ocrx_word' id='word_1_481' title='bbox 586 3942 750 4002; x_wconf 72' lang='lat' dir='ltr'><strong>Resr.</strong></span> <span class='ocrx_word' id='word_1_482' title='bbox 790 3942 894 4008; x_wconf 89' lang='lat' dir='ltr'><strong>Qui</strong></span> <span class='ocrx_word' id='word_1_483' title='bbox 925 3958 1034 3998; x_wconf 88' lang='lat' dir='ltr'><strong>non</strong></span> <span class='ocrx_word' id='word_1_484' title='bbox 1064 3942 1267 3997; x_wconf 88' lang='lat' dir='ltr'><strong>habent</strong></span> <span class='ocrx_word' id='word_1_485' title='bbox 1300 3957 1449 4013; x_wconf 89' lang='lat' dir='ltr'><strong>spem</strong></span> <span class='ocrx_word' id='word_1_486' title='bbox 1484 3943 1928 4009; x_wconf 88' lang='lat' dir='ltr'><strong>resurrectionis,</strong></span> <span class='ocrx_word' id='word_1_487' title='bbox 1976 3944 2083 3998; x_wconf 91' lang='lat' dir='ltr'><strong>illis</strong></span> 
     </span>
    </p>
   </div>
   <div class='ocr_carea' id='block_1_70' title="bbox 516 4032 2084 4103">
    <p class='ocr_par' dir='ltr' id='par_1_70' title="bbox 516 4032 2084 4103">
     <span class='ocr_line' id='line_1_70' title="bbox 516 4032 2084 4103; baseline 0.001 -15"><span class='ocrx_word' id='word_1_488' title='bbox 516 4036 771 4088; x_wconf 86' lang='lat' dir='ltr'><strong>convenit</strong></span> <span class='ocrx_word' id='word_1_489' title='bbox 797 4034 1000 4089; x_wconf 92' lang='lat' dir='ltr'><strong>dolere.</strong></span> <span class='ocrx_word' id='word_1_490' title='bbox 1034 4032 1171 4087; x_wconf 85' lang='lat' dir='ltr'><strong>Nota</strong></span> <span class='ocrx_word' id='word_1_491' title='bbox 1210 4042 1390 4089; x_wconf 88' lang='lat' dir='ltr'><strong>autem</strong></span> <span class='ocrx_word' id='word_1_492' title='bbox 1440 4033 1718 4103; x_wconf 86' lang='lat' dir='ltr'><strong>quomodo</strong></span> <span class='ocrx_word' id='word_1_493' title='bbox 1775 4034 1841 4089; x_wconf 93' lang='lat' dir='ltr'><strong>de</strong></span> <span class='ocrx_word' id='word_1_494' title='bbox 1867 4035 2084 4089; x_wconf 84' lang='lat' dir='ltr'><strong>Christo</strong></span> 
     </span>
    </p>
   </div>
   <div class='ocr_carea' id='block_1_71' title="bbox 516 4125 2084 4196">
    <p class='ocr_par' dir='ltr' id='par_1_71' title="bbox 516 4125 2084 4196">
     <span class='ocr_line' id='line_1_71' title="bbox 516 4125 2084 4196; baseline -0.001 -15"><span class='ocrx_word' id='word_1_495' title='bbox 516 4127 767 4190; x_wconf 71' lang='lat' dir='ltr'><strong>dixerit,</strong></span> <span class='ocrx_word' id='word_1_496' title='bbox 824 4126 968 4196; x_wconf 91' lang='lat' dir='ltr'><strong>quod</strong></span> <span class='ocrx_word' id='word_1_497' title='bbox 1014 4134 1263 4180; x_wconf 84' lang='lat' dir='ltr'><strong>mortuus</strong></span> <span class='ocrx_word' id='word_1_498' title='bbox 1325 4125 1397 4180; x_wconf 90' lang='lat' dir='ltr'><strong>sit</strong></span> <span class='ocrx_word' id='word_1_499' title='bbox 1448 4133 1501 4179; x_wconf 92' lang='lat' dir='ltr'><strong>et</strong></span> <span class='ocrx_word' id='word_1_500' title='bbox 1562 4127 1942 4180; x_wconf 79' lang='lat' dir='ltr'><strong>rcsurrexerit.</strong></span> <span class='ocrx_word' id='word_1_501' title='bbox 2008 4125 2084 4181; x_wconf 91' lang='lat' dir='ltr'><strong>De</strong></span> 
     </span>
    </p>
   </div>
   <div class='ocr_carea' id='block_1_72' title="bbox 517 4216 2083 4287">
    <p class='ocr_par' dir='ltr' id='par_1_72' title="bbox 517 4216 2083 4287">
     <span class='ocr_line' id='line_1_72' title="bbox 517 4216 2083 4287; baseline -0.003 -13"><span class='ocrx_word' id='word_1_502' title='bbox 517 4217 790 4274; x_wconf 89' lang='lat' dir='ltr'><strong>communi</strong></span> <span class='ocrx_word' id='word_1_503' title='bbox 815 4233 944 4272; x_wconf 91' lang='lat' dir='ltr'><strong>vero</strong></span> <span class='ocrx_word' id='word_1_504' title='bbox 976 4218 1173 4287; x_wconf 86' lang='lat' dir='ltr'><strong>populo</strong></span> <span class='ocrx_word' id='word_1_505' title='bbox 1198 4216 1353 4284; x_wconf 80' lang='lat' dir='ltr'><strong>dixit,</strong></span> <span class='ocrx_word' id='word_1_506' title='bbox 1392 4235 1411 4269; x_wconf 79' lang='grc' dir='ltr'><strong>ι</strong></span> <span class='ocrx_word' id='word_1_507' title='bbox 1449 4218 1539 4287; x_wconf 91' lang='lat' dir='ltr'><strong>qui</strong></span> <span class='ocrx_word' id='word_1_508' title='bbox 1569 4216 1931 4283; x_wconf 89' lang='lat' dir='ltr'><strong>dormierunt,</strong></span> <span class='ocrx_word' id='word_1_509' title='bbox 1979 4238 1998 4270; x_wconf 77' lang='grc' dir='ltr'><strong>ι</strong></span> <span class='ocrx_word' id='word_1_510' title='bbox 2025 4225 2083 4271; x_wconf 84' lang='grc' dir='ltr'><strong>ιιι</strong></span> 
     </span>
    </p>
   </div>
   <div class='ocr_carea' id='block_1_73' title="bbox 516 4310 2082 4381">
    <p class='ocr_par' dir='ltr' id='par_1_73' title="bbox 516 4310 2082 4381">
     <span class='ocr_line' id='line_1_73' title="bbox 516 4310 2082 4381; baseline 0.001 -16"><span class='ocrx_word' id='word_1_511' title='bbox 516 4311 827 4367; x_wconf 88' lang='lat' dir='ltr'><strong>ostenderet</strong></span> <span class='ocrx_word' id='word_1_512' title='bbox 872 4311 1035 4365; x_wconf 88' lang='lat' dir='ltr'><strong>etiam</strong></span> <span class='ocrx_word' id='word_1_513' title='bbox 1075 4325 1170 4365; x_wconf 92' lang='lat' dir='ltr'><strong>eos</strong></span> <span class='ocrx_word' id='word_1_514' title='bbox 1217 4310 1311 4381; x_wconf 90' lang='lat' dir='ltr'><strong>qui</strong></span> <span class='ocrx_word' id='word_1_515' title='bbox 1351 4310 1630 4365; x_wconf 90' lang='lat' dir='ltr'><strong>dormiunt</strong></span> <span class='ocrx_word' id='word_1_516' title='bbox 1676 4325 1797 4366; x_wconf 89' lang='lat' dir='ltr'><strong>esse</strong></span> <span class='ocrx_word' id='word_1_517' title='bbox 1834 4327 2082 4367; x_wconf 87' lang='lat' dir='ltr'><strong>resurre-</strong></span> 
     </span>
    </p>
   </div>
   <div class='ocr_carea' id='block_1_74' title="bbox 516 4414 723 4461">
    <p class='ocr_par' dir='ltr' id='par_1_74' title="bbox 516 4414 723 4461">
     <span class='ocr_line' id='line_1_74' title="bbox 516 4414 723 4461; baseline 0.005 -1"><span class='ocrx_word' id='word_1_518' title='bbox 516 4414 723 4461; x_wconf 78' lang='lat' dir='ltr'><strong>Cllll‘OS.</strong></span> 
     </span>
    </p>
   </div>
   <div class='ocr_carea' id='block_1_75' title="bbox 588 4490 2084 4564">
    <p class='ocr_par' dir='ltr' id='par_1_75' title="bbox 588 4490 2084 4564">
     <span class='ocr_line' id='line_1_75' title="bbox 588 4490 2084 4564; baseline -0.004 -13"><span class='ocrx_word' id='word_1_519' title='bbox 588 4497 808 4564; x_wconf 56' lang='lat' dir='ltr'><strong>qus&#39;r.</strong></span> <span class='ocrx_word' id='word_1_520' title='bbox 839 4493 998 4551; x_wconf 78' lang='lat' dir='ltr'><strong>CXV.</strong></span> <span class='ocrx_word' id='word_1_521' title='bbox 1029 4494 1167 4562; x_wconf 90' lang='lat' dir='ltr'><strong>Quid</strong></span> <span class='ocrx_word' id='word_1_522' title='bbox 1188 4504 1270 4551; x_wconf 88' lang='lat' dir='ltr'><strong>est</strong></span> <span class='ocrx_word' id='word_1_523' title='bbox 1296 4493 1430 4549; x_wconf 90' lang='lat' dir='ltr'><strong>illud</strong></span> <span class='ocrx_word' id='word_1_524' title='bbox 1466 4510 1480 4545; x_wconf 90' lang='lat'>:</span> <span class='ocrx_word' id='word_1_525' title='bbox 1519 4511 1537 4544; x_wconf 77' lang='grc' dir='ltr'><strong>ι</strong></span> <span class='ocrx_word' id='word_1_526' title='bbox 1581 4490 1696 4546; x_wconf 81' lang='lat' dir='ltr'><strong>Non</strong></span> <span class='ocrx_word' id='word_1_527' title='bbox 1720 4491 1966 4562; x_wconf 90' lang='lat' dir='ltr'><strong>rapinam</strong></span> <span class='ocrx_word' id='word_1_528' title='bbox 1992 4506 2084 4545; x_wconf 88' lang='lat' dir='ltr'><strong>ar-</strong></span> 
     </span>
    </p>
   </div>
   <div class='ocr_carea' id='block_1_76' title="bbox 514 4584 1666 4658">
    <p class='ocr_par' dir='ltr' id='par_1_76' title="bbox 514 4584 1666 4658">
     <span class='ocr_line' id='line_1_76' title="bbox 514 4584 1666 4658; baseline -0.007 -13"><span class='ocrx_word' id='word_1_529' title='bbox 514 4590 748 4645; x_wconf 86' lang='lat' dir='ltr'><strong>bitratus</strong></span> <span class='ocrx_word' id='word_1_530' title='bbox 772 4595 855 4643; x_wconf 90' lang='lat' dir='ltr'><strong>est</strong></span> <span class='ocrx_word' id='word_1_531' title='bbox 883 4588 1144 4658; x_wconf 87' lang='lat' dir='ltr'><strong>aequalem</strong></span> <span class='ocrx_word' id='word_1_532' title='bbox 1167 4602 1226 4643; x_wconf 90' lang='lat' dir='ltr'><strong>se</strong></span> <span class='ocrx_word' id='word_1_533' title='bbox 1251 4602 1375 4643; x_wconf 89' lang='lat' dir='ltr'><strong>esse</strong></span> <span class='ocrx_word' id='word_1_534' title='bbox 1400 4584 1511 4640; x_wconf 89' lang='lat' dir='ltr'><strong>Deo</strong></span> <span class='ocrx_word' id='word_1_535' title='bbox 1532 4584 1615 4639; x_wconf 73' lang='grc' dir='ltr'><strong>εει</strong></span> <span class='ocrx_word' id='word_1_536' title='bbox 1646 4604 1666 4637; x_wconf 74' lang='grc' dir='ltr'><strong>ι</strong></span> 
     </span>
    </p>
   </div>
   <div class='ocr_carea' id='block_1_77' title="bbox 583 4674 2080 4750">
    <p class='ocr_par' dir='ltr' id='par_1_77' title="bbox 583 4674 2080 4750">
     <span class='ocr_line' id='line_1_77' title="bbox 583 4674 2080 4750; baseline -0.001 -16"><span class='ocrx_word' id='word_1_537' title='bbox 583 4680 746 4737; x_wconf 74' lang='lat' dir='ltr'><strong>Resp.</strong></span> <span class='ocrx_word' id='word_1_538' title='bbox 775 4678 929 4747; x_wconf 91' lang='lat' dir='ltr'><strong>Quod</strong></span> <span class='ocrx_word' id='word_1_539' title='bbox 956 4679 1250 4750; x_wconf 83' lang='lat' dir='ltr'><strong>Apostolus</strong></span> <span class='ocrx_word' id='word_1_540' title='bbox 1281 4678 1435 4743; x_wconf 91' lang='lat' dir='ltr'><strong>dicit,</strong></span> <span class='ocrx_word' id='word_1_541' title='bbox 1466 4685 1552 4732; x_wconf 91' lang='lat' dir='ltr'><strong>est</strong></span> <span class='ocrx_word' id='word_1_542' title='bbox 1575 4675 1841 4746; x_wconf 86' lang='lat' dir='ltr'><strong>ejusmodi</strong></span> <span class='ocrx_word' id='word_1_543' title='bbox 1869 4692 1882 4729; x_wconf 88' lang='lat'>:</span> <span class='ocrx_word' id='word_1_544' title='bbox 1907 4674 2080 4732; x_wconf 87' lang='lat' dir='ltr'><strong>Filius</strong></span> 
     </span>
    </p>
   </div>
   <div class='ocr_carea' id='block_1_78' title="bbox 515 4767 2079 4844">
    <p class='ocr_par' dir='ltr' id='par_1_78' title="bbox 515 4767 2079 4844">
     <span class='ocr_line' id='line_1_78' title="bbox 515 4767 2079 4844; baseline -0.004 -16"><span class='ocrx_word' id='word_1_545' title='bbox 515 4772 633 4837; x_wconf 87' lang='lat' dir='ltr'><strong>Dei,</strong></span> <span class='ocrx_word' id='word_1_546' title='bbox 664 4774 756 4844; x_wconf 90' lang='lat' dir='ltr'><strong>qui</strong></span> <span class='ocrx_word' id='word_1_547' title='bbox 780 4773 940 4827; x_wconf 90' lang='lat' dir='ltr'><strong>etiam</strong></span> <span class='ocrx_word' id='word_1_548' title='bbox 979 4771 1094 4839; x_wconf 86' lang='lat' dir='ltr'><strong>ipse</strong></span> <span class='ocrx_word' id='word_1_549' title='bbox 1115 4770 1280 4835; x_wconf 89' lang='lat' dir='ltr'><strong>Deus,</strong></span> <span class='ocrx_word' id='word_1_550' title='bbox 1308 4769 1497 4824; x_wconf 89' lang='lat' dir='ltr'><strong>volens</strong></span> <span class='ocrx_word' id='word_1_551' title='bbox 1525 4768 1582 4821; x_wconf 93' lang='lat' dir='ltr'><strong>in</strong></span> <span class='ocrx_word' id='word_1_552' title='bbox 1618 4774 1818 4822; x_wconf 86' lang='lat' dir='ltr'><strong>terram</strong></span> <span class='ocrx_word' id='word_1_553' title='bbox 1849 4767 2079 4822; x_wconf 90' lang='lat' dir='ltr'><strong>descen-</strong></span> 
     </span>
    </p>
   </div>
   <div class='ocr_carea' id='block_1_79' title="bbox 515 4856 2083 4930">
    <p class='ocr_par' dir='ltr' id='par_1_79' title="bbox 515 4856 2083 4930">
     <span class='ocr_line' id='line_1_79' title="bbox 515 4856 2083 4930; baseline -0.004 -11"><span class='ocrx_word' id='word_1_554' title='bbox 515 4864 665 4930; x_wconf 90' lang='lat' dir='ltr'><strong>dere,</strong></span> <span class='ocrx_word' id='word_1_555' title='bbox 684 4872 737 4918; x_wconf 92' lang='lat' dir='ltr'><strong>et</strong></span> <span class='ocrx_word' id='word_1_556' title='bbox 758 4863 1055 4928; x_wconf 85' lang='lat' dir='ltr'><strong>incarnari,</strong></span> <span class='ocrx_word' id='word_1_557' title='bbox 1069 4876 1178 4915; x_wconf 94' lang='lat' dir='ltr'><strong>non</strong></span> <span class='ocrx_word' id='word_1_558' title='bbox 1198 4859 1409 4915; x_wconf 87' lang='lat' dir='ltr'><strong>veritus</strong></span> <span class='ocrx_word' id='word_1_559' title='bbox 1432 4865 1515 4911; x_wconf 84' lang='lat' dir='ltr'><strong>est</strong></span> <span class='ocrx_word' id='word_1_560' title='bbox 1541 4873 1572 4910; x_wconf 90' lang='lat' dir='ltr'><strong>a</strong></span> <span class='ocrx_word' id='word_1_561' title='bbox 1590 4870 1690 4911; x_wconf 84' lang='lat' dir='ltr'><strong>sua</strong></span> <span class='ocrx_word' id='word_1_562' title='bbox 1706 4857 1969 4928; x_wconf 86' lang='lat' dir='ltr'><strong>dignitate</strong></span> <span class='ocrx_word' id='word_1_563' title='bbox 1985 4856 2083 4912; x_wconf 87' lang='lat' dir='ltr'><strong>de-</strong></span> 
     </span>
    </p>
   </div>
   <div class='ocr_carea' id='block_1_80' title="bbox 516 4947 2085 5022">
    <p class='ocr_par' dir='ltr' id='par_1_80' title="bbox 516 4947 2085 5022">
     <span class='ocr_line' id='line_1_80' title="bbox 516 4947 2085 5022; baseline -0.004 -13"><span class='ocrx_word' id='word_1_564' title='bbox 516 4956 796 5010; x_wconf 81' lang='lat' dir='ltr'><strong>scendere.</strong></span> <span class='ocrx_word' id='word_1_565' title='bbox 811 4952 997 5022; x_wconf 82' lang='lat' dir='ltr'><strong>Neque</strong></span> <span class='ocrx_word' id='word_1_566' title='bbox 1018 4951 1162 5007; x_wconf 92' lang='lat' dir='ltr'><strong>enim</strong></span> <span class='ocrx_word' id='word_1_567' title='bbox 1183 4966 1250 5006; x_wconf 80' lang='lat' dir='ltr'><strong>ex</strong></span> <span class='ocrx_word' id='word_1_568' title='bbox 1266 4948 1454 5018; x_wconf 88' lang='lat' dir='ltr'><strong>rapina</strong></span> <span class='ocrx_word' id='word_1_569' title='bbox 1472 4947 1805 5002; x_wconf 89' lang='lat' dir='ltr'><strong>divinitatem</strong></span> <span class='ocrx_word' id='word_1_570' title='bbox 1823 4962 1975 5004; x_wconf 85' lang='lat' dir='ltr'><strong>suam</strong></span> <span class='ocrx_word' id='word_1_571' title='bbox 1992 4949 2085 5002; x_wconf 71' lang='lat' dir='ltr'><strong>ha-</strong></span> 
     </span>
    </p>
   </div>
   <div class='ocr_carea' id='block_1_81' title="bbox 515 5037 2082 5113">
    <p class='ocr_par' dir='ltr' id='par_1_81' title="bbox 515 5037 2082 5113">
     <span class='ocr_line' id='line_1_81' title="bbox 515 5037 2082 5113; baseline -0.004 -12"><span class='ocrx_word' id='word_1_572' title='bbox 515 5046 704 5100; x_wconf 90' lang='lat' dir='ltr'><strong>bebat:</strong></span> <span class='ocrx_word' id='word_1_573' title='bbox 726 5045 889 5098; x_wconf 82' lang='lat' dir='ltr'><strong>veluti</strong></span> <span class='ocrx_word' id='word_1_574' title='bbox 908 5045 953 5099; x_wconf 92' lang='lat' dir='ltr'><strong>si</strong></span> <span class='ocrx_word' id='word_1_575' title='bbox 973 5040 1095 5113; x_wconf 86' lang='lat' dir='ltr'><strong>quis</strong></span> <span class='ocrx_word' id='word_1_576' title='bbox 1120 5057 1214 5111; x_wconf 83' lang='lat' dir='ltr'><strong>per</strong></span> <span class='ocrx_word' id='word_1_577' title='bbox 1236 5040 1481 5109; x_wconf 84' lang='lat' dir='ltr'><strong>rapinam</strong></span> <span class='ocrx_word' id='word_1_578' title='bbox 1504 5037 1710 5107; x_wconf 89' lang='lat' dir='ltr'><strong>aliquid</strong></span> <span class='ocrx_word' id='word_1_579' title='bbox 1728 5040 1909 5101; x_wconf 89' lang='lat' dir='ltr'><strong>habet,</strong></span> <span class='ocrx_word' id='word_1_580' title='bbox 1926 5041 2082 5096; x_wconf 89' lang='lat' dir='ltr'><strong>timet</strong></span> 
     </span>
    </p>
   </div>
   <div class='ocr_carea' id='block_1_82' title="bbox 515 5130 2079 5208">
    <p class='ocr_par' dir='ltr' id='par_1_82' title="bbox 515 5130 2079 5208">
     <span class='ocr_line' id='line_1_82' title="bbox 515 5130 2079 5208; baseline -0.003 -17"><span class='ocrx_word' id='word_1_581' title='bbox 515 5154 584 5193; x_wconf 91' lang='lat' dir='ltr'><strong>ne</strong></span> <span class='ocrx_word' id='word_1_582' title='bbox 624 5137 759 5192; x_wconf 90' lang='lat' dir='ltr'><strong>illud</strong></span> <span class='ocrx_word' id='word_1_583' title='bbox 782 5137 995 5208; x_wconf 89' lang='lat' dir='ltr'><strong>perdat.</strong></span> <span class='ocrx_word' id='word_1_584' title='bbox 1029 5136 1175 5189; x_wconf 87' lang='lat' dir='ltr'><strong>Talis</strong></span> <span class='ocrx_word' id='word_1_585' title='bbox 1190 5147 1299 5187; x_wconf 92' lang='lat' dir='ltr'><strong>non</strong></span> <span class='ocrx_word' id='word_1_586' title='bbox 1326 5141 1445 5186; x_wconf 85' lang='lat' dir='ltr'><strong>erat</strong></span> <span class='ocrx_word' id='word_1_587' title='bbox 1469 5130 1739 5194; x_wconf 88' lang='lat' dir='ltr'><strong>Christus,</strong></span> <span class='ocrx_word' id='word_1_588' title='bbox 1762 5132 1903 5187; x_wconf 91' lang='lat' dir='ltr'><strong>absit</strong></span> <span class='ocrx_word' id='word_1_589' title='bbox 1935 5133 1948 5186; x_wconf 73' lang='grc' dir='ltr'>ί</span> <span class='ocrx_word' id='word_1_590' title='bbox 1981 5132 2079 5187; x_wconf 88' lang='lat' dir='ltr'><strong>sed</strong></span> 
     </span>
    </p>
   </div>
   <div class='ocr_carea' id='block_1_83' title="bbox 515 5225 2075 5300">
    <p class='ocr_par' dir='ltr' id='par_1_83' title="bbox 515 5225 2075 5300">
     <span class='ocr_line' id='line_1_83' title="bbox 515 5225 2075 5300; baseline -0.003 -16"><span class='ocrx_word' id='word_1_591' title='bbox 515 5246 639 5288; x_wconf 86' lang='lat' dir='ltr'><strong>cum</strong></span> <span class='ocrx_word' id='word_1_592' title='bbox 660 5230 937 5300; x_wconf 80' lang='lat' dir='ltr'><strong>perlectus</strong></span> <span class='ocrx_word' id='word_1_593' title='bbox 957 5229 1103 5284; x_wconf 90' lang='lat' dir='ltr'><strong>Deus</strong></span> <span class='ocrx_word' id='word_1_594' title='bbox 1123 5234 1292 5290; x_wconf 87' lang='lat' dir='ltr'><strong>esset,</strong></span> <span class='ocrx_word' id='word_1_595' title='bbox 1315 5225 1482 5279; x_wconf 87' lang='lat' dir='ltr'><strong>homo</strong></span> <span class='ocrx_word' id='word_1_596' title='bbox 1504 5225 1860 5294; x_wconf 77' lang='lat' dir='ltr'><strong>quoqueﬁeri</strong></span> <span class='ocrx_word' id='word_1_597' title='bbox 1882 5225 2075 5279; x_wconf 91' lang='lat' dir='ltr'><strong>voluit.</strong></span> 
     </span>
    </p>
   </div>
   <div class='ocr_carea' id='block_1_84' title="bbox 587 5314 2081 5388">
    <p class='ocr_par' dir='ltr' id='par_1_84' title="bbox 587 5314 2081 5388">
     <span class='ocr_line' id='line_1_84' title="bbox 587 5314 2081 5388; baseline -0.005 -11"><span class='ocrx_word' id='word_1_598' title='bbox 587 5320 807 5388; x_wconf 71' lang='lat' dir='ltr'><strong>Qusr.</strong></span> <span class='ocrx_word' id='word_1_599' title='bbox 830 5318 1011 5375; x_wconf 81' lang='lat' dir='ltr'><strong>CXVI.</strong></span> <span class='ocrx_word' id='word_1_600' title='bbox 1042 5338 1061 5373; x_wconf 81' lang='grc' dir='ltr'><strong>ι</strong></span> <span class='ocrx_word' id='word_1_601' title='bbox 1095 5318 1211 5374; x_wconf 80' lang='lat' dir='ltr'><strong>Hoc</strong></span> <span class='ocrx_word' id='word_1_602' title='bbox 1228 5316 1373 5374; x_wconf 89' lang='lat' dir='ltr'><strong>enim</strong></span> <span class='ocrx_word' id='word_1_603' title='bbox 1395 5315 1549 5371; x_wconf 86' lang='lat' dir='ltr'><strong>vobis</strong></span> <span class='ocrx_word' id='word_1_604' title='bbox 1574 5314 1806 5372; x_wconf 90' lang='lat' dir='ltr'><strong>dicimus</strong></span> <span class='ocrx_word' id='word_1_605' title='bbox 1831 5315 1887 5370; x_wconf 92' lang='lat' dir='ltr'><strong>in</strong></span> <span class='ocrx_word' id='word_1_606' title='bbox 1916 5316 2081 5372; x_wconf 90' lang='lat' dir='ltr'><strong>verbo</strong></span> 
     </span>
    </p>
   </div>
   <div class='ocr_carea' id='block_1_85' title="bbox 517 5411 888 5470">
    <p class='ocr_par' dir='ltr' id='par_1_85' title="bbox 517 5411 888 5470">
     <span class='ocr_line' id='line_1_85' title="bbox 517 5411 888 5470; baseline 0.003 -4"><span class='ocrx_word' id='word_1_607' title='bbox 517 5411 737 5470; x_wconf 84' lang='lat' dir='ltr'><strong>Domini</strong></span> <span class='ocrx_word' id='word_1_608' title='bbox 762 5414 829 5469; x_wconf 81' lang='grc'><strong>⁸⁸.</strong></span> <span class='ocrx_word' id='word_1_609' title='bbox 868 5433 888 5466; x_wconf 72' lang='grc' dir='ltr'><strong>ο</strong></span> 
     </span>
    </p>
   </div>
   <div class='ocr_carea' id='block_1_86' title="bbox 2186 3112 2641 3184">
    <p class='ocr_par' dir='ltr' id='par_1_86' title="bbox 2186 3112 2641 3184">
     <span class='ocr_line' id='line_1_86' title="bbox 2186 3112 2641 3184; baseline -0.004 -17"><span class='ocrx_word' id='word_1_610' title='bbox 2186 3112 2371 3167; x_wconf 81' lang='grc' dir='ltr'><strong>καινού</strong></span> <span class='ocrx_word' id='word_1_611' title='bbox 2382 3129 2537 3184; x_wconf 83' lang='grc' dir='ltr'><strong>μενον</strong></span> <span class='ocrx_word' id='word_1_612' title='bbox 2562 3112 2591 3178; x_wconf 47' lang='grc'><strong>;“</strong></span> <span class='ocrx_word' id='word_1_613' title='bbox 2623 3131 2641 3165; x_wconf 75' lang='grc' dir='ltr'><strong>ι</strong></span> 
     </span>
    </p>
   </div>
   <div class='ocr_carea' id='block_1_87' title="bbox 2267 3199 3750 3276">
    <p class='ocr_par' dir='ltr' id='par_1_87' title="bbox 2267 3199 3750 3276">
     <span class='ocr_line' id='line_1_87' title="bbox 2267 3199 3750 3276; baseline -0.004 -17"><span class='ocrx_word' id='word_1_614' title='bbox 2267 3206 2452 3259; x_wconf 81' lang='grc' dir='ltr'><strong>Ἀπόκ.</strong></span> <span class='ocrx_word' id='word_1_615' title='bbox 2487 3204 2719 3259; x_wconf 82' lang='grc' dir='ltr'><strong>Παλαιὸν</strong></span> <span class='ocrx_word' id='word_1_616' title='bbox 2773 3202 3053 3276; x_wconf 81' lang='grc' dir='ltr'><strong>ἄνθρωπον</strong></span> <span class='ocrx_word' id='word_1_617' title='bbox 3088 3202 3178 3256; x_wconf 86' lang='grc' dir='ltr'><strong>τὸν</strong></span> <span class='ocrx_word' id='word_1_618' title='bbox 3210 3202 3424 3274; x_wconf 86' lang='grc' dir='ltr'><strong>πρῶτον</strong></span> <span class='ocrx_word' id='word_1_619' title='bbox 3461 3201 3632 3271; x_wconf 90' lang='grc' dir='ltr'><strong>λέγει,</strong></span> <span class='ocrx_word' id='word_1_620' title='bbox 3661 3199 3750 3253; x_wconf 86' lang='grc' dir='ltr'><strong>τὸν</strong></span> 
     </span>
    </p>
   </div>
   <div class='ocr_carea' id='block_1_88' title="bbox 2185 3291 3749 3369">
    <p class='ocr_par' dir='ltr' id='par_1_88' title="bbox 2185 3291 3749 3369">
     <span class='ocr_line' id='line_1_88' title="bbox 2185 3291 3749 3369; baseline -0.007 -15"><span class='ocrx_word' id='word_1_621' title='bbox 2185 3299 2292 3354; x_wconf 87' lang='grc' dir='ltr'><strong>άπὸ</strong></span> <span class='ocrx_word' id='word_1_622' title='bbox 2323 3299 2421 3369; x_wconf 87' lang='grc' dir='ltr'><strong>τῆς</strong></span> <span class='ocrx_word' id='word_1_623' title='bbox 2479 3297 2734 3359; x_wconf 83' lang='grc' dir='ltr'><strong>πτώσεως</strong></span> <span class='ocrx_word' id='word_1_624' title='bbox 2772 3295 2865 3349; x_wconf 87' lang='grc' dir='ltr'><strong>τοῦ</strong></span> <span class='ocrx_word' id='word_1_625' title='bbox 2910 3295 3077 3366; x_wconf 76' lang='grc' dir='ltr'><strong>Ἀδὰμ</strong></span> <span class='ocrx_word' id='word_1_626' title='bbox 3116 3293 3529 3365; x_wconf 86' lang='grc' dir='ltr'><strong>γεγεννημένον,</strong></span> <span class='ocrx_word' id='word_1_627' title='bbox 3584 3292 3617 3363; x_wconf 83' lang='grc' dir='ltr'>ἢ</span> <span class='ocrx_word' id='word_1_628' title='bbox 3653 3291 3749 3360; x_wconf 77' lang='grc' dir='ltr'><strong>τὴν</strong></span> 
     </span>
    </p>
   </div>
   <div class='ocr_carea' id='block_1_89' title="bbox 2186 3384 3752 3462">
    <p class='ocr_par' dir='ltr' id='par_1_89' title="bbox 2186 3384 3752 3462">
     <span class='ocr_line' id='line_1_89' title="bbox 2186 3384 3752 3462; baseline -0.004 -18"><span class='ocrx_word' id='word_1_629' title='bbox 2186 3392 2447 3462; x_wconf 87' lang='grc' dir='ltr'><strong>πονηρίαν</strong></span> <span class='ocrx_word' id='word_1_630' title='bbox 2502 3390 2601 3461; x_wconf 81' lang='grc' dir='ltr'><strong>τὴν</strong></span> <span class='ocrx_word' id='word_1_631' title='bbox 2654 3388 2712 3456; x_wconf 80' lang='grc' dir='ltr'>ἐξ</span> <span class='ocrx_word' id='word_1_632' title='bbox 2740 3387 2902 3441; x_wconf 80' lang='grc' dir='ltr'><strong>αὑτοῦ</strong></span> <span class='ocrx_word' id='word_1_633' title='bbox 2944 3387 3037 3441; x_wconf 76' lang='grc' dir='ltr'><strong>καὶ</strong></span> <span class='ocrx_word' id='word_1_634' title='bbox 3078 3388 3255 3440; x_wconf 80' lang='grc' dir='ltr'><strong>πᾶσαν</strong></span> <span class='ocrx_word' id='word_1_635' title='bbox 3283 3385 3513 3439; x_wconf 75' lang='grc' dir='ltr'><strong>κακίανο</strong></span> <span class='ocrx_word' id='word_1_636' title='bbox 3550 3384 3667 3439; x_wconf 91' lang='grc' dir='ltr'><strong>νέον</strong></span> <span class='ocrx_word' id='word_1_637' title='bbox 3693 3384 3752 3437; x_wconf 74' lang='grc' dir='ltr'><strong>δὲ</strong></span> 
     </span>
    </p>
   </div>
   <div class='ocr_carea' id='block_1_90' title="bbox 2184 3477 3750 3554">
    <p class='ocr_par' dir='ltr' id='par_1_90' title="bbox 2184 3477 3750 3554">
     <span class='ocr_line' id='line_1_90' title="bbox 2184 3477 3750 3554; baseline -0.003 -18"><span class='ocrx_word' id='word_1_638' title='bbox 2184 3483 2470 3554; x_wconf 86' lang='grc' dir='ltr'><strong>ἄνθρωπον</strong></span> <span class='ocrx_word' id='word_1_639' title='bbox 2519 3482 2618 3552; x_wconf 76' lang='grc' dir='ltr'><strong>τὴν</strong></span> <span class='ocrx_word' id='word_1_640' title='bbox 2652 3480 2794 3535; x_wconf 86' lang='grc' dir='ltr'><strong>κατὰ</strong></span> <span class='ocrx_word' id='word_1_641' title='bbox 2818 3479 3050 3551; x_wconf 88' lang='grc' dir='ltr'><strong>Χριστὸν</strong></span> <span class='ocrx_word' id='word_1_642' title='bbox 3089 3478 3379 3542; x_wconf 83' lang='grc' dir='ltr'><strong>πολιτείαν,</strong></span> <span class='ocrx_word' id='word_1_643' title='bbox 3412 3479 3533 3549; x_wconf 78' lang='grc' dir='ltr'><strong>ῆτοι</strong></span> <span class='ocrx_word' id='word_1_644' title='bbox 3562 3477 3750 3548; x_wconf 75' lang='grc' dir='ltr'><strong>ἐνάρε-</strong></span> 
     </span>
    </p>
   </div>
   <div class='ocr_carea' id='block_1_91' title="bbox 2182 3570 2967 3643">
    <p class='ocr_par' dir='ltr' id='par_1_91' title="bbox 2182 3570 2967 3643">
     <span class='ocr_line' id='line_1_91' title="bbox 2182 3570 2967 3643; baseline 0.001 -18"><span class='ocrx_word' id='word_1_645' title='bbox 2182 3588 2274 3625; x_wconf 87' lang='grc' dir='ltr'><strong>τον</strong></span> <span class='ocrx_word' id='word_1_646' title='bbox 2302 3572 2396 3626; x_wconf 77' lang='grc' dir='ltr'><strong>καὶ</strong></span> <span class='ocrx_word' id='word_1_647' title='bbox 2432 3572 2644 3643; x_wconf 85' lang='grc' dir='ltr'><strong>ἀγαθὴν</strong></span> <span class='ocrx_word' id='word_1_648' title='bbox 2677 3570 2967 3626; x_wconf 84' lang='grc' dir='ltr'><strong>πολιτείαν.</strong></span> 
     </span>
    </p>
   </div>
   <div class='ocr_carea' id='block_1_92' title="bbox 2268 3661 3750 3736">
    <p class='ocr_par' dir='ltr' id='par_1_92' title="bbox 2268 3661 3750 3736">
     <span class='ocr_line' id='line_1_92' title="bbox 2268 3661 3750 3736; baseline 0 -20"><span class='ocrx_word' id='word_1_649' title='bbox 2268 3664 2459 3736; x_wconf 83' lang='grc' dir='ltr'><strong>Ἐρώτ.</strong></span> <span class='ocrx_word' id='word_1_650' title='bbox 2493 3665 2607 3736; x_wconf 69' lang='grc' dir='ltr'><strong>ριδν.</strong></span> <span class='ocrx_word' id='word_1_651' title='bbox 2659 3666 2723 3718; x_wconf 92' lang='grc' dir='ltr'><strong>Τί</strong></span> <span class='ocrx_word' id='word_1_652' title='bbox 2763 3664 2908 3733; x_wconf 83' lang='grc' dir='ltr'><strong>λέγει</strong></span> <span class='ocrx_word' id='word_1_653' title='bbox 2930 3681 2943 3695; x_wconf 89' lang='grc'><strong>·</strong></span> <span class='ocrx_word' id='word_1_654' title='bbox 2969 3683 2989 3716; x_wconf 75' lang='grc' dir='ltr'><strong>ι</strong></span> <span class='ocrx_word' id='word_1_655' title='bbox 3014 3665 3129 3717; x_wconf 82' lang='grc' dir='ltr'><strong>Ἵνα</strong></span> <span class='ocrx_word' id='word_1_656' title='bbox 3157 3662 3230 3735; x_wconf 86' lang='grc' dir='ltr'><strong>μὴ</strong></span> <span class='ocrx_word' id='word_1_657' title='bbox 3272 3662 3537 3736; x_wconf 84' lang='grc' dir='ltr'><strong>λυπῆσθε,</strong></span> <span class='ocrx_word' id='word_1_658' title='bbox 3572 3661 3750 3725; x_wconf 87' lang='grc' dir='ltr'><strong>καθὼς</strong></span> 
     </span>
    </p>
   </div>
   <div class='ocr_carea' id='block_1_93' title="bbox 2184 3756 3313 3829">
    <p class='ocr_par' dir='ltr' id='par_1_93' title="bbox 2184 3756 3313 3829">
     <span class='ocr_line' id='line_1_93' title="bbox 2184 3756 3313 3829; baseline -0.004 -18"><span class='ocrx_word' id='word_1_659' title='bbox 2184 3759 2279 3811; x_wconf 74' lang='grc' dir='ltr'><strong>καὶ</strong></span> <span class='ocrx_word' id='word_1_660' title='bbox 2311 3760 2359 3810; x_wconf 88' lang='grc' dir='ltr'><strong>οἱ</strong></span> <span class='ocrx_word' id='word_1_661' title='bbox 2387 3757 2582 3822; x_wconf 68' lang='grc' dir='ltr'><strong>λοιποὶ,</strong></span> <span class='ocrx_word' id='word_1_662' title='bbox 2610 3760 2658 3811; x_wconf 81' lang='grc' dir='ltr'><strong>οἱ</strong></span> <span class='ocrx_word' id='word_1_663' title='bbox 2688 3756 2761 3829; x_wconf 83' lang='grc' dir='ltr'><strong>μὴ</strong></span> <span class='ocrx_word' id='word_1_664' title='bbox 2792 3756 3003 3827; x_wconf 73' lang='grc' dir='ltr'><strong>ἔχοντες</strong></span> <span class='ocrx_word' id='word_1_665' title='bbox 3032 3756 3255 3820; x_wconf 85' lang='grc' dir='ltr'><strong>ὲλπίδα;</strong></span> <span class='ocrx_word' id='word_1_666' title='bbox 3294 3775 3313 3807; x_wconf 70' lang='grc' dir='ltr'><strong>ι</strong></span> 
     </span>
    </p>
   </div>
   <div class='ocr_carea' id='block_1_94' title="bbox 2268 3938 3749 4011">
    <p class='ocr_par' dir='ltr' id='par_1_94' title="bbox 2268 3938 3749 4011">
     <span class='ocr_line' id='line_1_94' title="bbox 2268 3938 3749 4011; baseline -0.001 -19"><span class='ocrx_word' id='word_1_667' title='bbox 2268 3939 2455 3993; x_wconf 82' lang='grc' dir='ltr'><strong>Ἀπόκ.</strong></span> <span class='ocrx_word' id='word_1_668' title='bbox 2504 3942 2564 3993; x_wconf 83' lang='lat' dir='ltr'><strong>Oi</strong></span> <span class='ocrx_word' id='word_1_669' title='bbox 2620 3940 2693 4011; x_wconf 82' lang='grc' dir='ltr'><strong>μὴ</strong></span> <span class='ocrx_word' id='word_1_670' title='bbox 2730 3938 2943 4011; x_wconf 83' lang='grc' dir='ltr'><strong>ἔχοντες</strong></span> <span class='ocrx_word' id='word_1_671' title='bbox 2979 3940 3169 3995; x_wconf 78' lang='grc' dir='ltr'><strong>ἐλπίδα</strong></span> <span class='ocrx_word' id='word_1_672' title='bbox 3201 3940 3571 4004; x_wconf 76' lang='grc' dir='ltr'><strong>ἀναστάσεως,</strong></span> <span class='ocrx_word' id='word_1_673' title='bbox 3609 3939 3749 3994; x_wconf 77' lang='grc' dir='ltr'><strong>ὲκεί-</strong></span> 
     </span>
    </p>
   </div>
   <div class='ocr_carea' id='block_1_95' title="bbox 2148 4028 3750 4102">
    <p class='ocr_par' dir='ltr' id='par_1_95' title="bbox 2148 4028 3750 4102">
     <span class='ocr_line' id='line_1_95' title="bbox 2148 4028 3750 4102; baseline 0 -18"><span class='ocrx_word' id='word_1_674' title='bbox 2148 4047 2292 4093; x_wconf 90' lang='grc' dir='ltr'><strong>.νοις</strong></span> <span class='ocrx_word' id='word_1_675' title='bbox 2321 4029 2547 4101; x_wconf 80' lang='grc' dir='ltr'><strong>ἁρμόζει</strong></span> <span class='ocrx_word' id='word_1_676' title='bbox 2575 4028 2881 4084; x_wconf 85' lang='grc' dir='ltr'><strong>λυπεῖσθαι.</strong></span> <span class='ocrx_word' id='word_1_677' title='bbox 2917 4030 3154 4100; x_wconf 81' lang='grc' dir='ltr'><strong>Πρόσεχε</strong></span> <span class='ocrx_word' id='word_1_678' title='bbox 3180 4030 3259 4094; x_wconf 82' lang='grc' dir='ltr'><strong>δὲ,</strong></span> <span class='ocrx_word' id='word_1_679' title='bbox 3306 4030 3423 4093; x_wconf 82' lang='grc' dir='ltr'><strong>πῶς</strong></span> <span class='ocrx_word' id='word_1_680' title='bbox 3479 4032 3574 4084; x_wconf 73' lang='grc' dir='ltr'><strong>ἐπὶ</strong></span> <span class='ocrx_word' id='word_1_681' title='bbox 3617 4032 3750 4102; x_wconf 81' lang='grc' dir='ltr'><strong>Χρι-</strong></span> 
     </span>
    </p>
   </div>
   <div class='ocr_carea' id='block_1_96' title="bbox 2184 4118 3748 4195">
    <p class='ocr_par' dir='ltr' id='par_1_96' title="bbox 2184 4118 3748 4195">
     <span class='ocr_line' id='line_1_96' title="bbox 2184 4118 3748 4195; baseline 0.001 -20"><span class='ocrx_word' id='word_1_682' title='bbox 2184 4121 2309 4175; x_wconf 87' lang='grc' dir='ltr'><strong>στοῦ</strong></span> <span class='ocrx_word' id='word_1_683' title='bbox 2332 4118 2502 4187; x_wconf 73' lang='grc' dir='ltr'><strong>εἶπεν,</strong></span> <span class='ocrx_word' id='word_1_684' title='bbox 2556 4123 2637 4176; x_wconf 85' lang='grc' dir='ltr'><strong>ὅτι</strong></span> <span class='ocrx_word' id='word_1_685' title='bbox 2683 4122 2921 4177; x_wconf 86' lang='grc' dir='ltr'><strong>ἀπέθανε</strong></span> <span class='ocrx_word' id='word_1_686' title='bbox 2967 4123 3061 4176; x_wconf 72' lang='grc' dir='ltr'><strong>καὶ</strong></span> <span class='ocrx_word' id='word_1_687' title='bbox 3102 4124 3320 4195; x_wconf 82' lang='grc' dir='ltr'><strong>ἁνέοτη.</strong></span> <span class='ocrx_word' id='word_1_688' title='bbox 3374 4126 3496 4178; x_wconf 74' lang='grc' dir='ltr'><strong>Ἐπὶ</strong></span> <span class='ocrx_word' id='word_1_689' title='bbox 3548 4125 3606 4177; x_wconf 89' lang='grc' dir='ltr'><strong>δὲ</strong></span> <span class='ocrx_word' id='word_1_690' title='bbox 3657 4124 3748 4178; x_wconf 86' lang='grc' dir='ltr'><strong>τοῦ</strong></span> 
     </span>
    </p>
   </div>
   <div class='ocr_carea' id='block_1_97' title="bbox 2182 4208 3747 4288">
    <p class='ocr_par' dir='ltr' id='par_1_97' title="bbox 2182 4208 3747 4288">
     <span class='ocr_line' id='line_1_97' title="bbox 2182 4208 3747 4288; baseline 0.001 -22"><span class='ocrx_word' id='word_1_691' title='bbox 2182 4212 2363 4266; x_wconf 87' lang='grc' dir='ltr'><strong>κοινοῦ</strong></span> <span class='ocrx_word' id='word_1_692' title='bbox 2396 4212 2546 4276; x_wconf 89' lang='grc' dir='ltr'><strong>λαοῦ,</strong></span> <span class='ocrx_word' id='word_1_693' title='bbox 2575 4208 2717 4275; x_wconf 81' lang='grc' dir='ltr'><strong>εἷπε,</strong></span> <span class='ocrx_word' id='word_1_694' title='bbox 2749 4232 2767 4264; x_wconf 75' lang='grc' dir='ltr'><strong>ι</strong></span> <span class='ocrx_word' id='word_1_695' title='bbox 2813 4214 2923 4268; x_wconf 80' lang='grc' dir='ltr'><strong>τῶν</strong></span> <span class='ocrx_word' id='word_1_696' title='bbox 2953 4216 3390 4285; x_wconf 88' lang='grc' dir='ltr'><strong>κεκοιμωμένων,</strong></span> <span class='ocrx_word' id='word_1_697' title='bbox 3426 4235 3444 4267; x_wconf 71' lang='grc' dir='ltr'><strong>ι</strong></span> <span class='ocrx_word' id='word_1_698' title='bbox 3477 4217 3564 4270; x_wconf 79' lang='grc' dir='ltr'><strong>ἵνα</strong></span> <span class='ocrx_word' id='word_1_699' title='bbox 3583 4216 3747 4288; x_wconf 78' lang='grc' dir='ltr'><strong>δείξῃ,</strong></span> 
     </span>
    </p>
   </div>
   <div class='ocr_carea' id='block_1_98' title="bbox 2181 4303 3130 4379">
    <p class='ocr_par' dir='ltr' id='par_1_98' title="bbox 2181 4303 3130 4379">
     <span class='ocr_line' id='line_1_98' title="bbox 2181 4303 3130 4379; baseline 0.003 -21"><span class='ocrx_word' id='word_1_700' title='bbox 2181 4305 2264 4358; x_wconf 81' lang='grc' dir='ltr'><strong>ὅτι</strong></span> <span class='ocrx_word' id='word_1_701' title='bbox 2285 4306 2333 4358; x_wconf 85' lang='grc' dir='ltr'><strong>οἱ</strong></span> <span class='ocrx_word' id='word_1_702' title='bbox 2368 4303 2697 4377; x_wconf 84' lang='grc' dir='ltr'><strong>κοιμώμενοι</strong></span> <span class='ocrx_word' id='word_1_703' title='bbox 2721 4307 3130 4379; x_wconf 76' lang='grc' dir='ltr'><strong>ἀναστήσονται.</strong></span> 
     </span>
    </p>
   </div>
   <div class='ocr_carea' id='block_1_99' title="bbox 2263 4480 3749 4555">
    <p class='ocr_par' dir='ltr' id='par_1_99' title="bbox 2263 4480 3749 4555">
     <span class='ocr_line' id='line_1_99' title="bbox 2263 4480 3749 4555; baseline 0.002 -23"><span class='ocrx_word' id='word_1_704' title='bbox 2263 4480 2453 4552; x_wconf 85' lang='grc' dir='ltr'><strong>Ἐρὼτ.</strong></span> <span class='ocrx_word' id='word_1_705' title='bbox 2486 4487 2601 4552; x_wconf 87' lang='grc' dir='ltr'><strong>ριε’.</strong></span> <span class='ocrx_word' id='word_1_706' title='bbox 2631 4482 2695 4534; x_wconf 92' lang='grc' dir='ltr'><strong>Τί</strong></span> <span class='ocrx_word' id='word_1_707' title='bbox 2722 4481 2867 4549; x_wconf 85' lang='grc' dir='ltr'><strong>λέγει</strong></span> <span class='ocrx_word' id='word_1_708' title='bbox 2891 4499 2904 4512; x_wconf 90' lang='grc'>·</span> <span class='ocrx_word' id='word_1_709' title='bbox 2936 4500 2955 4532; x_wconf 86' lang='grc'><strong><em>‹</em></strong></span> <span class='ocrx_word' id='word_1_710' title='bbox 2986 4481 3096 4552; x_wconf 82' lang='grc' dir='ltr'><strong>Οὐχ</strong></span> <span class='ocrx_word' id='word_1_711' title='bbox 3124 4481 3412 4554; x_wconf 84' lang='grc' dir='ltr'><strong>ἁρπαγμὸν</strong></span> <span class='ocrx_word' id='word_1_712' title='bbox 3432 4484 3676 4555; x_wconf 76' lang='grc' dir='ltr'><strong>ἡγήσατο</strong></span> <span class='ocrx_word' id='word_1_713' title='bbox 3691 4484 3749 4535; x_wconf 84' lang='grc' dir='ltr'><strong>τὸ</strong></span> 
     </span>
    </p>
   </div>
   <div class='ocr_carea' id='block_1_100' title="bbox 2187 4567 2669 4643">
    <p class='ocr_par' dir='ltr' id='par_1_100' title="bbox 2187 4567 2669 4643">
     <span class='ocr_line' id='line_1_100' title="bbox 2187 4567 2669 4643; baseline 0.002 -19"><span class='ocrx_word' id='word_1_714' title='bbox 2187 4567 2325 4625; x_wconf 77' lang='grc' dir='ltr'><strong>εἶναι</strong></span> <span class='ocrx_word' id='word_1_715' title='bbox 2357 4572 2446 4624; x_wconf 77' lang='grc' dir='ltr'><strong>ἴσα</strong></span> <span class='ocrx_word' id='word_1_716' title='bbox 2470 4572 2589 4643; x_wconf 81' lang='grc' dir='ltr'><strong>Θεῷ</strong></span> <span class='ocrx_word' id='word_1_717' title='bbox 2611 4589 2625 4638; x_wconf 90' lang='grc'>;</span> <span class='ocrx_word' id='word_1_718' title='bbox 2650 4592 2669 4625; x_wconf 73' lang='grc' dir='ltr'><strong>ι</strong></span> 
     </span>
    </p>
   </div>
   <div class='ocr_carea' id='block_1_101' title="bbox 2268 4663 3747 4733">
    <p class='ocr_par' dir='ltr' id='par_1_101' title="bbox 2268 4663 3747 4733">
     <span class='ocr_line' id='line_1_101' title="bbox 2268 4663 3747 4733; baseline 0.001 -19"><span class='ocrx_word' id='word_1_719' title='bbox 2268 4663 2454 4715; x_wconf 75' lang='grc' dir='ltr'><strong>Ἀπόκ.</strong></span> <span class='ocrx_word' id='word_1_720' title='bbox 2505 4664 2569 4717; x_wconf 82' lang='lat'><strong>&#39;0</strong></span> <span class='ocrx_word' id='word_1_721' title='bbox 2595 4664 2742 4733; x_wconf 89' lang='grc' dir='ltr'><strong>λέγει</strong></span> <span class='ocrx_word' id='word_1_722' title='bbox 2785 4663 3023 4717; x_wconf 88' lang='grc' dir='ltr'><strong>τοιοῦτόν</strong></span> <span class='ocrx_word' id='word_1_723' title='bbox 3068 4664 3253 4731; x_wconf 35' lang='grc' dir='ltr'><strong>ἐστιν’,</strong></span> <span class='ocrx_word' id='word_1_724' title='bbox 3285 4663 3406 4717; x_wconf 76' lang='grc' dir='ltr'><strong>Ὀτι</strong></span> <span class='ocrx_word' id='word_1_725' title='bbox 3430 4665 3459 4717; x_wconf 90' lang='lat'><strong>6</strong></span> <span class='ocrx_word' id='word_1_726' title='bbox 3495 4664 3623 4728; x_wconf 85' lang='grc' dir='ltr'><strong>Υίὸς</strong></span> <span class='ocrx_word' id='word_1_727' title='bbox 3659 4663 3747 4718; x_wconf 87' lang='grc' dir='ltr'><strong>τυῦ</strong></span> 
     </span>
    </p>
   </div>
   <div class='ocr_carea' id='block_1_102' title="bbox 2184 4733 3749 4827">
    <p class='ocr_par' dir='ltr' id='par_1_102' title="bbox 2184 4733 3749 4827">
     <span class='ocr_line' id='line_1_102' title="bbox 2184 4733 3749 4827; baseline 0.003 -22"><span class='ocrx_word' id='word_1_728' title='bbox 2184 4752 2342 4817; x_wconf 88' lang='grc' dir='ltr'><strong>Θεοῦ,</strong></span> <span class='ocrx_word' id='word_1_729' title='bbox 2395 4754 2490 4807; x_wconf 58' lang='grc' dir='ltr'><strong>καὶ⁸</strong></span> <span class='ocrx_word' id='word_1_730' title='bbox 2533 4753 2686 4818; x_wconf 83' lang='grc' dir='ltr'><strong>Θεὸς,</strong></span> <span class='ocrx_word' id='word_1_731' title='bbox 2730 4753 3011 4824; x_wconf 74' lang='grc' dir='ltr'><strong>βουληθεὶς</strong></span> <span class='ocrx_word' id='word_1_732' title='bbox 3041 4733 3343 4824; x_wconf 63' lang='grc' dir='ltr'><strong>καταϐῆναι</strong></span> <span class='ocrx_word' id='word_1_733' title='bbox 3396 4755 3489 4808; x_wconf 74' lang='grc' dir='ltr'><strong>ἐπὶ</strong></span> <span class='ocrx_word' id='word_1_734' title='bbox 3525 4756 3626 4827; x_wconf 86' lang='grc' dir='ltr'><strong>τῆς</strong></span> <span class='ocrx_word' id='word_1_735' title='bbox 3652 4754 3749 4823; x_wconf 82' lang='grc' dir='ltr'><strong>γῆς</strong></span> 
     </span>
    </p>
   </div>
   <div class='ocr_carea' id='block_1_103' title="bbox 2183 4843 3750 4917">
    <p class='ocr_par' dir='ltr' id='par_1_103' title="bbox 2183 4843 3750 4917">
     <span class='ocr_line' id='line_1_103' title="bbox 2183 4843 3750 4917; baseline 0.001 -19"><span class='ocrx_word' id='word_1_736' title='bbox 2183 4844 2278 4898; x_wconf 78' lang='grc' dir='ltr'><strong>καὶ</strong></span> <span class='ocrx_word' id='word_1_737' title='bbox 2312 4843 2682 4916; x_wconf 87' lang='grc' dir='ltr'><strong>σαρκωθῆναι,</strong></span> <span class='ocrx_word' id='word_1_738' title='bbox 2718 4845 2816 4898; x_wconf 79' lang='grc' dir='ltr'><strong>οὐκ</strong></span> <span class='ocrx_word' id='word_1_739' title='bbox 2849 4844 3087 4915; x_wconf 77' lang='grc' dir='ltr'><strong>ἐφοϐήθη</strong></span> <span class='ocrx_word' id='word_1_740' title='bbox 3125 4846 3423 4917; x_wconf 74' lang='grc' dir='ltr'><strong>καταϐῆναι</strong></span> <span class='ocrx_word' id='word_1_741' title='bbox 3459 4845 3555 4899; x_wconf 85' lang='grc' dir='ltr'><strong>τοῦ</strong></span> <span class='ocrx_word' id='word_1_742' title='bbox 3592 4844 3750 4911; x_wconf 80' lang='grc' dir='ltr'><strong>ἁξιὼ-</strong></span> 
     </span>
    </p>
   </div>
   <div class='ocr_carea' id='block_1_104' title="bbox 2188 4931 3751 5009">
    <p class='ocr_par' dir='ltr' id='par_1_104' title="bbox 2188 4931 3751 5009">
     <span class='ocr_line' id='line_1_104' title="bbox 2188 4931 3751 5009; baseline 0 -19"><span class='ocrx_word' id='word_1_743' title='bbox 2188 4954 2375 5007; x_wconf 89' lang='grc' dir='ltr'><strong>ματος.</strong></span> <span class='ocrx_word' id='word_1_744' title='bbox 2408 4938 2483 4990; x_wconf 87' lang='grc' dir='ltr'><strong>Οὐ</strong></span> <span class='ocrx_word' id='word_1_745' title='bbox 2514 4937 2623 5007; x_wconf 85' lang='grc' dir='ltr'><strong>γάρ</strong></span> <span class='ocrx_word' id='word_1_746' title='bbox 2642 4931 2787 5007; x_wconf 76' lang='grc' dir='ltr'><strong>εἶχεν</strong></span> <span class='ocrx_word' id='word_1_747' title='bbox 2816 4936 2874 5002; x_wconf 72' lang='grc' dir='ltr'>ἐξ</span> <span class='ocrx_word' id='word_1_748' title='bbox 2898 4936 3153 5007; x_wconf 83' lang='grc' dir='ltr'><strong>ἁρπαγῆς</strong></span> <span class='ocrx_word' id='word_1_749' title='bbox 3176 4937 3271 5008; x_wconf 79' lang='grc' dir='ltr'><strong>τὴν</strong></span> <span class='ocrx_word' id='word_1_750' title='bbox 3303 4938 3548 5007; x_wconf 80' lang='grc' dir='ltr'><strong>θεότητα,</strong></span> <span class='ocrx_word' id='word_1_751' title='bbox 3566 4937 3751 5009; x_wconf 83' lang='grc' dir='ltr'><strong>ὥσπερ</strong></span> 
     </span>
    </p>
   </div>
   <div class='ocr_carea' id='block_1_105' title="bbox 2184 5027 3751 5100">
    <p class='ocr_par' dir='ltr' id='par_1_105' title="bbox 2184 5027 3751 5100">
     <span class='ocr_line' id='line_1_105' title="bbox 2184 5027 3751 5100; baseline -0.001 -18"><span class='ocrx_word' id='word_1_752' title='bbox 2184 5047 2268 5093; x_wconf 87' lang='grc' dir='ltr'><strong>τις</strong></span> <span class='ocrx_word' id='word_1_753' title='bbox 2295 5030 2406 5099; x_wconf 78' lang='grc' dir='ltr'><strong>ἔχει</strong></span> <span class='ocrx_word' id='word_1_754' title='bbox 2436 5030 2670 5100; x_wconf 80' lang='grc' dir='ltr'><strong>πρᾶγμα</strong></span> <span class='ocrx_word' id='word_1_755' title='bbox 2694 5027 2753 5092; x_wconf 72' lang='grc' dir='ltr'>ἐξ</span> <span class='ocrx_word' id='word_1_756' title='bbox 2786 5030 3059 5100; x_wconf 82' lang='grc' dir='ltr'><strong>ἁρπαγῆς,</strong></span> <span class='ocrx_word' id='word_1_757' title='bbox 3092 5030 3187 5081; x_wconf 76' lang='grc' dir='ltr'><strong>καὶ</strong></span> <span class='ocrx_word' id='word_1_758' title='bbox 3218 5029 3462 5098; x_wconf 72' lang='grc' dir='ltr'><strong>φοϐεῖται</strong></span> <span class='ocrx_word' id='word_1_759' title='bbox 3489 5029 3751 5082; x_wconf 76' lang='grc' dir='ltr'><strong>ἀπολέσαι</strong></span> 
     </span>
    </p>
   </div>
   <div class='ocr_carea' id='block_1_106' title="bbox 2185 5116 3751 5191">
    <p class='ocr_par' dir='ltr' id='par_1_106' title="bbox 2185 5116 3751 5191">
     <span class='ocr_line' id='line_1_106' title="bbox 2185 5116 3751 5191; baseline 0.002 -19"><span class='ocrx_word' id='word_1_760' title='bbox 2185 5120 2336 5174; x_wconf 82' lang='grc' dir='ltr'><strong>αὐτό.</strong></span> <span class='ocrx_word' id='word_1_761' title='bbox 2376 5122 2451 5173; x_wconf 80' lang='lat'><em>06</em></span> <span class='ocrx_word' id='word_1_762' title='bbox 2485 5119 2724 5183; x_wconf 88' lang='grc' dir='ltr'><strong>τοιοῦτος</strong></span> <span class='ocrx_word' id='word_1_763' title='bbox 2758 5116 2827 5190; x_wconf 85' lang='grc' dir='ltr'><strong>ἦν</strong></span> <span class='ocrx_word' id='word_1_764' title='bbox 2875 5121 2903 5173; x_wconf 87' lang='lat'><strong>6</strong></span> <span class='ocrx_word' id='word_1_765' title='bbox 2957 5120 3215 5190; x_wconf 82' lang='grc' dir='ltr'><strong>Χριστὸς,</strong></span> <span class='ocrx_word' id='word_1_766' title='bbox 3251 5120 3325 5191; x_wconf 84' lang='grc' dir='ltr'><strong>μὴ</strong></span> <span class='ocrx_word' id='word_1_767' title='bbox 3350 5120 3592 5189; x_wconf 76' lang='grc' dir='ltr'><strong>γένοιτοί</strong></span> <span class='ocrx_word' id='word_1_768' title='bbox 3621 5120 3751 5174; x_wconf 74' lang='grc' dir='ltr'><strong>ἀλλὰ</strong></span> 
     </span>
    </p>
   </div>
   <div class='ocr_carea' id='block_1_107' title="bbox 2186 5208 3746 5281">
    <p class='ocr_par' dir='ltr' id='par_1_107' title="bbox 2186 5208 3746 5281">
     <span class='ocr_line' id='line_1_107' title="bbox 2186 5208 3746 5281; baseline -0.002 -15"><span class='ocrx_word' id='word_1_769' title='bbox 2186 5211 2317 5275; x_wconf 83' lang='grc' dir='ltr'><strong>Θεὸς</strong></span> <span class='ocrx_word' id='word_1_770' title='bbox 2361 5210 2438 5264; x_wconf 81' lang='grc' dir='ltr'><strong>ὢν</strong></span> <span class='ocrx_word' id='word_1_771' title='bbox 2480 5210 2705 5275; x_wconf 87' lang='grc' dir='ltr'><strong>τέλειος,</strong></span> <span class='ocrx_word' id='word_1_772' title='bbox 2753 5210 2982 5281; x_wconf 78' lang='grc' dir='ltr'><strong>ἠθέλησε</strong></span> <span class='ocrx_word' id='word_1_773' title='bbox 3031 5212 3127 5263; x_wconf 77' lang='grc' dir='ltr'><strong>καὶ</strong></span> <span class='ocrx_word' id='word_1_774' title='bbox 3171 5208 3451 5279; x_wconf 78' lang='grc' dir='ltr'><strong>ἄνθρωπος</strong></span> <span class='ocrx_word' id='word_1_775' title='bbox 3478 5209 3746 5280; x_wconf 83' lang='grc' dir='ltr'><strong>γενέσθαι.</strong></span> 
     </span>
    </p>
   </div>
   <div class='ocr_carea' id='block_1_108' title="bbox 2271 5299 3749 5374">
    <p class='ocr_par' dir='ltr' id='par_1_108' title="bbox 2271 5299 3749 5374">
     <span class='ocr_line' id='line_1_108' title="bbox 2271 5299 3749 5374; baseline -0.002 -19"><span class='ocrx_word' id='word_1_776' title='bbox 2271 5300 2461 5372; x_wconf 84' lang='grc' dir='ltr'><strong>Ἐρώτ.</strong></span> <span class='ocrx_word' id='word_1_777' title='bbox 2502 5308 2634 5374; x_wconf 80' lang='grc' dir='ltr'><strong>ρις¹,</strong></span> <span class='ocrx_word' id='word_1_778' title='bbox 2674 5320 2692 5353; x_wconf 75' lang='grc' dir='ltr'><strong>ι</strong></span> <span class='ocrx_word' id='word_1_779' title='bbox 2735 5299 2902 5354; x_wconf 87' lang='grc' dir='ltr'><strong>Τοῦτο</strong></span> <span class='ocrx_word' id='word_1_780' title='bbox 2938 5299 3049 5373; x_wconf 82' lang='grc' dir='ltr'><strong>γάρ</strong></span> <span class='ocrx_word' id='word_1_781' title='bbox 3093 5301 3220 5372; x_wconf 84' lang='grc' dir='ltr'><strong>ὑμῖν</strong></span> <span class='ocrx_word' id='word_1_782' title='bbox 3251 5300 3482 5373; x_wconf 87' lang='grc' dir='ltr'><strong>λέγομεν</strong></span> <span class='ocrx_word' id='word_1_783' title='bbox 3521 5304 3579 5356; x_wconf 77' lang='grc' dir='ltr'><strong>ὲν</strong></span> <span class='ocrx_word' id='word_1_784' title='bbox 3612 5302 3749 5372; x_wconf 83' lang='grc' dir='ltr'><strong>λόγῳ</strong></span> 
     </span>
    </p>
   </div>
   <div class='ocr_carea' id='block_1_109' title="bbox 2187 5394 2461 5466">
    <p class='ocr_par' dir='ltr' id='par_1_109' title="bbox 2187 5394 2461 5466">
     <span class='ocr_line' id='line_1_109' title="bbox 2187 5394 2461 5466; baseline -0.004 -19"><span class='ocrx_word' id='word_1_785' title='bbox 2187 5394 2411 5466; x_wconf 84' lang='grc' dir='ltr'><strong>Κυρίου.</strong></span> <span class='ocrx_word' id='word_1_786' title='bbox 2442 5413 2461 5447; x_wconf 72' lang='grc' dir='ltr'><strong>ι</strong></span> 
     </span>
    </p>
   </div>
   <div class='ocr_carea' id='block_1_110' title="bbox 570 5555 2084 5636">
    <p class='ocr_par' dir='ltr' id='par_1_110' title="bbox 570 5558 2082 5636">
     <span class='ocr_line' id='line_1_110' title="bbox 570 5558 2082 5636; baseline 0 -21"><span class='ocrx_word' id='word_1_787' title='bbox 570 5568 637 5636; x_wconf 38' lang='grc' dir='ltr'><strong>η-ξη</strong></span> <span class='ocrx_word' id='word_1_788' title='bbox 675 5566 872 5636; x_wconf 85' lang='lat' dir='ltr'><strong>Ephes.</strong></span> <span class='ocrx_word' id='word_1_789' title='bbox 908 5582 961 5627; x_wconf 87' lang='lat' dir='ltr'><strong>v,</strong></span> <span class='ocrx_word' id='word_1_790' title='bbox 999 5566 1083 5620; x_wconf 71' lang='lat' dir='ltr'><strong>ﬂ.</strong></span> <span class='ocrx_word' id='word_1_791' title='bbox 1160 5567 1206 5599; x_wconf 85' lang='lat'><strong>&quot;</strong></span> <span class='ocrx_word' id='word_1_792' title='bbox 1225 5564 1537 5636; x_wconf 74' lang='lat' dir='ltr'><strong>Ephe_s._vt,</strong></span> <span class='ocrx_word' id='word_1_793' title='bbox 1580 5559 1663 5615; x_wconf 83' lang='grc' dir='ltr'><strong>Η.</strong></span> <span class='ocrx_word' id='word_1_794' title='bbox 1740 5560 1956 5636; x_wconf 78' lang='lat' dir='ltr'><strong>&#39;_°_ibid.</strong></span> <span class='ocrx_word' id='word_1_795' title='bbox 1997 5558 2082 5615; x_wconf 73' lang='grc'><strong>12.</strong></span> 
     </span>
    </p>
   </div>
   <div class='ocr_carea' id='block_1_111' title="bbox 2182 5555 3746 5636">
    <p class='ocr_par' dir='ltr' id='par_1_111' title="bbox 2186 5555 3746 5626">
     <span class='ocr_line' id='line_1_111' title="bbox 2186 5555 3746 5626; baseline -0.003 -12"><span class='ocrx_word' id='word_1_796' title='bbox 2186 5560 2201 5592; x_wconf 85' lang='grc'>¹</span> <span class='ocrx_word' id='word_1_797' title='bbox 2242 5559 2371 5615; x_wconf 83' lang='lat' dir='ltr'><strong>ibid.</strong></span> <span class='ocrx_word' id='word_1_798' title='bbox 2449 5560 2492 5592; x_wconf 75' lang='grc'>⁸³</span> <span class='ocrx_word' id='word_1_799' title='bbox 2533 5555 2664 5616; x_wconf 78' lang='lat' dir='ltr'><strong>ibid.</strong></span> <span class='ocrx_word' id='word_1_800' title='bbox 2731 5558 2776 5592; x_wconf 81' lang='grc'><strong><em>⁸³</em></strong></span> <span class='ocrx_word' id='word_1_801' title='bbox 2815 5558 3028 5617; x_wconf 86' lang='lat' dir='ltr'><strong>Coloss.</strong></span> <span class='ocrx_word' id='word_1_802' title='bbox 3065 5575 3158 5626; x_wconf 89' lang='lat' dir='ltr'><strong>tu,</strong></span> <span class='ocrx_word' id='word_1_803' title='bbox 3189 5560 3247 5620; x_wconf 80' lang='lat'><strong>9.</strong></span> <span class='ocrx_word' id='word_1_804' title='bbox 3322 5559 3408 5615; x_wconf 81' lang='lat' dir='ltr'><strong>“l</strong></span> <span class='ocrx_word' id='word_1_805' title='bbox 3453 5558 3637 5616; x_wconf 70' lang='lat' dir='ltr'><strong>Thess.</strong></span> <span class='ocrx_word' id='word_1_806' title='bbox 3676 5574 3746 5622; x_wconf 81' lang='grc' dir='ltr'><strong>ιιι,</strong></span> 
     </span>
    </p>
   </div>
   <div class='ocr_carea' id='block_1_112' title="bbox 520 5620 1835 5707">
    <p class='ocr_par' dir='ltr' id='par_1_112' title="bbox 520 5620 1835 5707">
     <span class='ocr_line' id='line_1_112' title="bbox 520 5620 1835 5707; baseline -0.007 -15"><span class='ocrx_word' id='word_1_807' title='bbox 520 5620 607 5693; x_wconf 69' lang='lat' dir='ltr'><strong>te“.</strong></span> <span class='ocrx_word' id='word_1_808' title='bbox 677 5620 1195 5707; x_wconf 49' lang='lat' dir='ltr'><strong>i-‘Puinpbmm.</strong></span> <span class='ocrx_word' id='word_1_809' title='bbox 1271 5620 1835 5693; x_wconf 63' lang='lat' dir='ltr'><strong>i-t&#39;rhe&#39;ss..v,t.t.</strong></span> 
     </span>
    </p>
   </div>
  </div>
