4050 6396
228 298 336 357 ’165

1236 295 1697 364 QUES‘I‘IONES
1736 299 1803 354 IN
1843 299 2221 356 EPISTOLAS
2259 298 2482 356 PAULI.

3365 294 3471 353 766

213 478 217 488 1
310 414 506 468 Ἀπόκ.
554 412 661 478 Τὸν
709 411 866 481 λόγον
894 429 989 466 του
1046 413 1271 484 Κυρίου,
1320 415 1378 469 ὃν
1425 416 1666 489 εἴρηκεν,
1718 420 1795 472 ὅτι

1979 420 2138 481 Besr.
2170 419 2407 494 Verbum
2433 418 2645 474 Domini
2679 417 2823 489 quod
2855 416 3012 485 dixit,
3050 415 3152 471 hoc
3179 422 3281 481 est,
3310 414 3472 469 audi-

227 505 556 561 ἀκούσονται
615 506 716 576 τῆς
773 504 958 575 φωνῆς
999 504 1093 557 τοῦ
1128 506 1257 559 Υἱοῦ
1315 507 1411 561 τοῦ
1454 509 1587 563 Θεοῦ
1631 511 1724 563 καὶ
1758 509 1806 563 οἱ

227 600 562 663 ἀκούσαντες
609 598 882 671 ζήσονται.
922 618 940 650 ι
973 599 1140 654 Τοῦτο
1201 601 1428 673 λέγομεν
1474 606 1568 657 καὶ
1610 607 1799 676 ἡμεῖς’

225 693 304 746 ὃτι
322 695 483 763 ἡμεῖς
503 692 555 744 οἱ
590 690 811 755 ζῶντες,
840 692 888 743 oi
918 691 1353 762 περιλειπόμενοι
1379 695 1459 757 είς
1485 695 1582 765 τὴν
1608 712 1806 766 παρου-

226 784 345 836 σίαν
360 782 456 835 τοῦ
477 781 708 853 Κυρίου,
725 783 783 834 ού
821 781 893 853 μὴ
928 782 1206 853 φθάσομεν
1225 786 1351 849 τοὺς
1373 788 1755 860 κοιμηθέντας.
1779 808 1797 840 ι

225 876 432 938 Ζῶντές
467 876 611 927 εἰσιν
644 876 695 927 oi
738 876 1113 946 εὑρισκόμενοι
1152 877 1272 930 τότε
1304 880 1362 931 ἐν
1392 882 1458 951 τῇ
1488 882 1798 937 ἀναστάσει.

223 969 333 1024 Καὶ
371 966 482 1039 γὰρ
512 965 1190 1039 εῦρεθήσονταιάνθρωποι
1225 970 1283 1021 ὲν
1299 972 1364 1039 τῇ
1386 971 1568 1042 ἡμέρᾳ
1595 971 1800 1043 ἐκείνῃ,

223 1062 317 1115 καὶ
350 1061 450 1114 οῦκ
475 1058 698 1129 ὄψονται
753 1060 997 1125 θάνατον,
1022 1061 1159 1131 πλὴν
1199 1062 1258 1113 ού
1294 1063 1368 1133 μὴ
1398 1062 1643 1131 φθάσωσι
1675 1064 1802 1127 τοὺς

223 1153 614 1225 κοιμηθέντας.
658 1152 878 1224 Πρῶτοι
910 1152 1015 1224 γὰρ
1051 1155 1444 1224 ἀναστήσονται
1475 1157 1523 1208 oi
1550 1155 1801 1227 τελευτή-

223 1263 434 1309 σαντες,
486 1246 585 1299 καὶ
641 1245 779 1316 μετά
816 1244 985 1298 ταῦτα
1033 1246 1082 1298 oi
1118 1244 1318 1311 ζῶντες
1365 1247 1795 1319 ἀλλαγήσονται,

224 1339 314 1391 κει)⁵
347 1336 835 1409 ἀρπαγήσονταιὲν
866 1336 942 1407 τῷ
970 1336 1086 1407 ἅμα
1120 1340 1200 1402 εἰς
1230 1337 1533 1409 ἀπάντησιν
1559 1340 1654 1392 τοῦ
1680 1341 1797 1393 Κυ-

225 1431 339 1500 ρίου
369 1432 453 1493 είς
480 1429 640 1502 ἀέρα.
678 1429 802 1494 Πῶς
821 1429 877 1483 δὲ
901 1432 1185 1501 γενήσεται
1210 1432 1243 1503 ή
1272 1432 1515 1504 ἁρπαγὴ,
1545 1432 1793 1487 ἄκουσον.

224 1522 420 1587 Καθὼς
450 1524 483 1577 ὁ
509 1522 716 1595 Κύριος
747 1526 804 1579 ὲν
830 1522 1185 1594 κελεύσματι,
1224 1524 1499 1578 τουτέστιν
1532 1527 1589 1578 ὲν
1611 1523 1799 1578 κελεύ-

227 1632 323 1679 σει,
347 1616 444 1668 καὶ
473 1616 523 1668 oi
543 1615 766 1683 ἄγγελοι
800 1615 1196 1686 κραυγάζουσιν
1215 1632 1228 1647 ο
1278 1615 1604 1687 Ἐγείρεσθε,
1632 1611 1794 1685 ἦλθεν

224 1710 251 1760 ὀ
271 1705 545 1778 Νυμφίος·
570 1706 693 1759 τότε
724 1707 1092 1778 καταϐήσεται
1112 1708 1207 1761 ἀπ’
1231 1708 1479 1779 ούρανοῦ.
1508 1709 1614 1762 Καὶ
1643 1709 1794 1780 πρῶ-

1907 513 2014 565 turi
2047 522 2173 565 sunt
2201 528 2384 567 vocem
2416 512 2536 566 Filii
2573 511 2703 579 Dei;
2746 518 2799 567 et
2829 512 2919 580 qui
2947 509 3239 573 audierint,
3264 509 3471 563 vivent.
3556 542 3564 568 ι

1911 622 1930 655 ι
1977 604 2125 666 Hoc,
2201 605 2398 673 inquit,
2467 613 2520 658 et
2579 620 2678 659 nos
2717 603 2984 669 dicimus,
3042 602 3188 671 quod
3228 616 3328 655 nos
3374 598 3470 669 qui

1904 691 2149 746 vivemus
2179 700 2231 746 et
2266 692 2473 746 residui
2498 693 2705 746 erimus
2736 690 2790 745 in
2826 692 3059 746 adventu
3106 690 3317 743 Domini
3361 704 3472 744 non

1903 783 2295 851 praeveniemus
2316 797 2410 837 eos
2428 783 2519 851 qui
2540 782 2881 835 dormierunt
2904 782 2969 836 ⁸⁷.
2986 800 3004 831 ι
3038 779 3294 834 Viventes
3316 787 3468 841 sunt,

1901 874 1995 943 qui
2039 884 2152 928 tum
2193 874 2537 928 invenientur
2568 874 2625 927 in
2677 874 3094 929 resurrectione.
3126 871 3473 926 Invenientur

1901 965 2045 1020 enim
2094 966 2346 1021 homines
2381 967 2439 1020 in
2473 967 2563 1019 illa
2607 966 2715 1030 die,
2764 981 2864 1020 nec
2896 965 3156 1020 videbunt
3187 970 3414 1017 mortem
3438 977 3468 1021 .:

1900 1067 2268 1112 verumtamen
2308 1073 2416 1112 non
2446 1057 2776 1133 prmvenieut
2809 1070 2903 1111 eos
2931 1056 3025 1125 qui
3055 1053 3473 1109 obdormierunt

1899 1156 2049 1204 ante.
2091 1147 2226 1202 Nam
2268 1150 2503 1218 primum
2540 1155 2826 1218 resurgent
2871 1144 3114 1209 mortui,
3150 1143 3347 1198 deinde
3375 1139 3471 1211 qui

1898 1239 2087 1294 vivunt
2130 1239 2589 1303 immutabuntur,
2619 1245 2673 1293 et
2704 1236 2867 1292 simul
2897 1251 3023 1289 cum
3050 1234 3159 1289 illis
3188 1233 3476 1302 rapientur

1900 1329 1953 1382 in
2007 1343 2299 1383 occursum
2357 1326 2571 1382 Domini
2628 1327 2682 1381 in
2733 1340 2881 1381 aera.
2915 1323 3104 1389 Qualis
3140 1330 3319 1376 autem
3367 1320 3473 1377 iste

1898 1425 2088 1489 raptus
2136 1417 2356 1474 futurus
2390 1419 2495 1482 sit,
2532 1416 2678 1471 audi.
2727 1415 2956 1482 Quando
2989 1412 3257 1468 Dominus
3292 1410 3473 1467 celeu-

1897 1516 2090 1574 smate,
2121 1509 2226 1564 hoc
2253 1516 2337 1564 est
2374 1509 2566 1580 jussu,
2596 1515 2650 1564 et
2679 1506 2854 1577 au‘geli
2895 1504 3210 1560 clamabunt
3257 1522 3271 1559 :
3322 1503 3467 1557 Sur-

1897 1603 2025 1671 gite,
2054 1603 2202 1655 venit
2238 1602 2380 1656 enim
2414 1602 2661 1671 Sponsus
2688 1618 2703 1667 ;
2740 1607 2871 1653 tunc
2895 1598 2963 1653 de
2992 1598 3133 1652 cmlo
3159 1597 3472 1652 desceniet.

1897 1692 1963 1747 Et
2011 1694 2247 1763 primum
2291 1699 2572 1763 resurgant
2610 1692 2839 1753 mortui,
2864 1689 3059 1744 deinde
3097 1696 3276 1743 autem
3310 1687 3347 1741 ii
3378 1685 3495 1756 qui'

224 1816 311 1852 τον
351 1797 738 1870 ἐγερθήσονται
778 1800 826 1851 οἱ
871 1799 1084 1870 νεκροίο
1130 1800 1267 1869 μετά
1300 1800 1357 1851 δὲ
1387 1799 1560 1853 ταῦτα
1602 1799 1698 1852 καὶ
1743 1800 1791 1851 οἱ

1899 1790 2029 1839 tunc
2060 1784 2262 1846 vivent,
2297 1782 2730 1836 immutabuntur
2749 1788 2803 1833 et
2836 1779 2967 1834 ﬁent
3002 1774 3471 1846 incorruptibiles.

227 1889 419 1955 ζῶντες
448 1889 870 1960 ἀλλαγήσονται,
904 1891 998 1944 καὶ
1030 1892 1346 1961 γενήσονται
1371 1889 1653 1962 ἄᾳθαρτοι.
1687 1889 1797 1942 Καὶ

231 1980 360 2051 μετὰ
381 1980 542 2033 τοῦτο
593 1981 795 2044 πάντες
822 1983 871 2033 οί
905 1981 1046 2050 ἅγιοι
1084 1982 1179 2034 καὶ
1218 1981 1353 2046 ἄξιοι
1382 1983 1796 2053 ἀρπαγήσονται

228 2069 329 2122 ὑπὸ
356 2068 621 2137 νεφελῶν,
651 2070 747 2122 καὶ
776 2068 1012 2136 δέξονται
1048 2070 1138 2125 τὸν
1165 2071 1366 2143 Κύριον
1387 2072 1541 2142 ἡμῶν
1573 2073 1798 2143 ἐρχόμε-

226 2175 310 2211 νον
333 2160 397 2211 ἐκ
420 2158 531 2211 τῶν
551 2159 818 2229 οὐρανῶν,
846 2158 1026 2223 καθὼς
1049 2160 1195 2229 λέγει
1217 2178 1231 2191 ·
1255 2179 1274 2212 ι
1306 2162 1415 2214 Καὶ
1434 2162 1592 2231 ἡμεῖς
1620 2163 1797 2231 ἁρπα-

226 2248 498 2320 γησόμεθα
538 2250 596 2301 ὲν
622 2248 873 2316 νεφέλαις
905 2249 983 2311 είς
1008 2249 1314 2319 ἀπάντησιν
1341 2248 1432 2301 τοῦ
1468 2248 1674 2319 Κυρίου
1717 2249 1797 2309 είς

224 2339 374 2410 ἀέρα.
401 2358 419 2389 ι
458 2338 631 2392 Τοῦτο
663 2339 769 2411 γὰρ
800 2341 832 2410 ή
868 2338 993 2403 δόξα
1035 2341 1126 2393 καὶ
1170 2343 1198 2393 ὁ
1236 2341 1496 2410 στέφανός
1542 2342 1657 2392 ἐστι
1690 2338 1795 2392 τῶν

224 2429 460 2484 δικαίων.
488 2432 553 2483 Οί
584 2431 643 2483 δὲ
678 2429 990 2502 ἁμαρτωλοὶ
1027 2431 1408 2501 περιμένουσιν
1440 2432 1599 2485 αὐτὸν
1629 2448 1797 2485 κατα-

223 2521 396 2592 ϐῆναι.
424 2521 594 2575 Τοῦτο
627 2522 683 2575 δὲ
721 2522 949 2590 γίνεται,
980 2520 1166 2593 ὥσπερ
1192 2524 1283 2575 ἐπὶ
1321 2522 1604 2591 βασιλέως
1626 2526 1797 2593 ἀπερ-

223 2612 442 2682 χομένου
467 2614 524 2665 ὲν
548 2612 703 2664 πόλει
728 2611 833 2664 τινί
852 2627 866 2641 ο
907 2614 955 2664 οἱ
987 2612 1085 2682 μὲν
1121 2611 1327 2680 πρῶτοι
1365 2613 1458 2667 καὶ
1484 2612 1679 2677 ἔνδοξοι
1696 2617 1795 2684 τῆς

222 2703 419 2767 πόλεως
443 2704 758 2775 ἐξέρχονται
773 2704 851 2767 είς
866 2704 1167 2774 ἀπάντησιν
1190 2704 1355 2757 αὐτοῦ
1373 2722 1385 2735 ο
1416 2707 1465 2758 οἱ
1482 2706 1538 2758 δὲ
1567 2707 1795 2776 πένητες

222 2797 310 2849 καὶ
337 2797 571 2859 εὐτελεῖς
593 2796 1115 2868 προσκαρτεροῦσιν,
1135 2797 1241 2860 ἓως
1260 2791 1319 2851 οῦ
1342 2800 1697 2870 παραγίνεται
1716 2802 1794 2865 είς

223 2887 314 2958 τὴν
354 2888 522 2941 πόλιν.
553 2888 714 2941 Οῦτω
736 2900 838 2959 ’μοι
870 2889 977 2941 νόει
1035 2889 1126 2941 καὶ
1161 2890 1253 2942 ἐπὶ
1274 2890 1366 2944 τοῦ
1398 2891 1656 2962 Χριστοῦ,
1691 2893 1792 2957 ὅτι,

222 2981 617 3050 κατερχομένου
642 2979 809 3035 αὐτοῦ
828 2981 889 3033 ὲκ
906 2978 999 3032 τοῦ
1027 2981 1279 3051 ούρανοῦ,
1308 2982 1506 3045 πάντες
1528 2985 1576 3035 οἱ
1597 2982 1794 3036 δίκαιοι

222 3073 309 3123 καὶ
329 3071 519 3140 ἀγαθοὶ
549 3073 965 3142 ἀρπαγήσονται
998 3074 1078 3135 είς
1110 3074 1201 3125 τὸν
1226 3075 1470 3151 οὐρανὸν,
1502 3074 1594 3127 τοῦ
1622 3076 1795 3127 ἀπαν-

229 3163 385 3231 τῆσαι
451 3164 543 3217 τὸν
591 3163 798 3235 Κύριον
841 3164 993 3235 ήμῶν
1039 3166 1243 3233 Ἰησοῦν
1280 3167 1707 3238 κατερχόμενονο
1746 3168 1793 3219 οἱ

221 3253 275 3306 δὲ
310 3256 623 3328 ἁμαρτωλοὶ
660 3256 905 3308 ἵστανται
936 3257 1026 3308 ἐπὶ
1072 3257 1170 3327 τῆς
1194 3257 1298 3326 γῆς
1337 3258 1699 3328 ἐκδεχόμενοι.

274 3345 535 3415 Κείμενον
569 3346 692 3417 ριξ.
729 3364 747 3396 ι
785 3346 971 3408 Οὐδεὶς
1004 3346 1428 3417 στρατευόμενος
1463 3348 1793 3418 ἐμπλέκεται

232 3438 334 3500 ταῖς
366 3436 456 3490 τοῦ
487 3437 606 3508 βίου
640 3439 1066 3509 πραγματείαις,
1085 3440 1173 3492 ἴνα
1194 3440 1271 3512 τῷ
1306 3442 1793 3513 στρατολογήσαντι

223 3525 406 3596 ἀρέσῃ.
442 3546 461 3578 ι

291 3618 517 3689 Ἐρμην.
573 3621 637 3672 Ei
664 3619 773 3691 γὰρ
812 3621 1035 3691 έπεγείῳ
1077 3619 1286 3689 βασιλεῖ
1318 3624 1346 3675 ὁ
1386 3621 1593 3692 μέλλων
1630 3638 1794 3692 στρα-

219 3707 465 3764 τεύεσθαι
494 3712 596 3764 οῦκ
659 3713 866 3783 ἀρέσει,
911 3712 1003 3766 ἐὰν
1037 3713 1112 3785 μὴ
1140 3714 1326 3787 ἀφήσῃ
1360 3714 1541 3777 πάσας
1572 3716 1670 3777 τὰς
1697 3713 1791 3766 τοῦ

222 3798 330 3868 βίου
372 3803 665 3874 φροντίδας
689 3821 703 3833 σ
740 3804 891 3875 πόσῳ
927 3804 1125 3876 μᾶλλον
1155 3806 1361 3877 μέλλων
1403 3806 1789 3879 στρατευθῆναι

219 3891 294 3961 τῷ
322 3894 635 3965 ἐπουρανίῳ
669 3892 880 3963 βασιλεῖ
904 3911 917 3958 ;

282 3984 551 4055 Κείμενον
612 3983 738 4057 ριη’.
782 4005 799 4037 ι
842 3986 965 4040 Ἐάν
1018 3988 1074 4040 δὲ
1118 3991 1208 4042 καὶ
1237 3988 1468 4060 ἀθλητὴς
1507 3991 1568 4042 ού
1602 3994 1794 4059 στεφα-

218 4072 418 4141 νοῦται,
452 4076 550 4131 ἐὰν
584 4078 662 4148 μὴ
685 4075 930 4147 νομίμως
959 4078 1187 4153 ἀθλήσῃ.
1224 4098 1245 4130 ι

295 4253 525 4324 Ἐρμην.
564 4253 694 4306 Ἐὰν
726 4252 834 4323 γάρ
856 4271 936 4317 τις
978 4255 1357 4326 στρατεύηται,
1394 4257 1488 4310 καὶ
1515 4257 1595 4320 είς
1636 4256 1793 4310 πόλε-

217 4361 311 4414 μον
358 4345 705 4416 εἰσέρχηται,
767 4345 886 4398 οὐδὲ
940 4344 1080 4398 οὕτω
1128 4345 1497 4415 στεφανοῦται,
1567 4346 1660 4399 ἐὰν
1714 4347 1789 4418 μὴ

1896 1873 1963 1927 Et
1985 1884 2107 1946 post
2138 1875 2251 1929 [uec
2281 1888 2471 1929 omnes
2506 1873 2681 1927 sancti
2704 1879 2757 1926 et
2782 1871 2933 1941 digni
2970 1870 3252 1940 rapientur
3282 1869 3338 1922 in
3369 1881 3477 1921 nu-

1898 1968 2081 2029 bibus,
2128 1975 2182 2022 et
2225 1967 2514 2021 Dominum
2566 1972 2815 2019 nostrum
2857 1964 2926 2017 de
2971 1963 3131 2019 eaalis
3162 1962 3473 2018 venientem

1896 2061 2195 2129 excipient,
2224 2058 2681 2130 quemadmodum
2731 2056 2906 2127 inquit
2940 2071 2955 2108 :
3004 2075 3023 2108 ι
3068 2054 3135 2107 Et
3163 2069 3265 2109 nos
3292 2051 3474 2123 rapie-

1896 2165 2019 2202 mur
2058 2149 2111 2202 in
2149 2149 2387 2203 nubibus
2427 2149 2482 2203 in
2525 2163 2812 2202 occursum
2846 2146 3056 2202 Domini
3091 2146 3146 2200 in
3181 2159 3309 2201 acra
3339 2143 3411 2200 ⁸⁸.
3446 2162 3467 2196 ι

1896 2240 2031 2294 Nam
2065 2241 2178 2294 haec
2203 2248 2285 2295 est
2313 2241 2483 2310 gloria
2505 2249 2552 2295 et
2579 2254 2780 2294 corona
2809 2239 3107 2309 iustorum.
3142 2236 3473 2292 Peccatores

1899 2349 2027 2388 vero
2069 2335 2468 2403 exspectabunt
2506 2334 2682 2403 ipsum
2730 2333 2908 2387 donec
2947 2330 3265 2387 descendat.
3294 2331 3474 2401 Atque

1897 2425 2000 2479 hoc
2031 2441 2140 2479 non
2182 2424 2239 2477 ﬁt
2270 2425 2446 2489 aliter,
2492 2438 2654 2493 quam
2691 2424 2737 2478 si
2784 2438 2879 2477 rex
2926 2423 2980 2476 in
3015 2423 3251 2491 aliquam
3282 2420 3475 2475 urbem

1896 2517 2175 2570 concedat.
2196 2515 2266 2569 lbi
2294 2531 2527 2585 namque
2553 2515 2843 2584 optimates
2868 2523 2921 2569 et
2951 2515 3045 2584 qui
3073 2513 3286 2568 caeteris
3332 2527 3471 2582 pra»

1897 2615 2066 2670 stant,
2116 2606 2472 2677 egrediuntur
2508 2606 2557 2660 ei
2590 2606 2643 2659 in
2689 2619 2980 2660 occursum
3015 2621 3028 2656 :
3067 2619 3333 2675 pauperes
3374 2618 3478 2656 au-

1897 2706 2004 2752 tem
2059 2709 2112 2753 et
2167 2698 2364 2768 abjecti
2416 2705 2778 2768 exspectant,
2829 2697 3006 2753 donec
3065 2699 3120 2752 in
3188 2697 3471 2753 civitatem

1895 2794 2095 2846 veniat.
2139 2790 2231 2844 Sic
2273 2791 2436 2845 etiam
2483 2790 2550 2846 de
2577 2790 2797 2845 Christo
2842 2791 3041 2860 cogita.
3096 2789 3472 2845 Descendente

1897 2883 1990 2936 illo
2018 2883 2084 2936 dc
2115 2881 2275 2945 cmlo,
2314 2896 2504 2935 omnes
2542 2881 2676 2949 justi
2708 2888 2761 2935 et
2790 2879 2919 2934 boni
2955 2881 3235 2951 rapientur
3269 2881 3323 2933 in
3358 2894 3474 2934 cte-

1896 2975 2004 3027 luui
2038 2985 2095 3027 ut
2129 2975 2342 3028 obviam
2375 2973 2673 3043 procedant
2718 2972 3071 3028 descendenti
3108 2971 3339 3027 Domino
3375 2985 3477 3025 no-

1898 3074 2013 3120 stro
2050 3064 2179 3119 Jesu
2210 3080 2223 3116 :
2261 3072 2581 3135 peccatores
2631 3073 2812 3122 autem
2853 3064 2908 3120 in
2942 3073 3086 3119 terra
3127 3063 3348 3121 stabunt
3377 3078 3476 3120 ex-

1844 3169 1866 3191 ⁴
1899 3165 2231 3228 spectantes.

1966 3337 2293 3392 Puorosmo
2346 3334 2554 3391 CXVII.
2593 3354 2613 3387 ι
2654 3334 2825 3391 Nemo
2870 3335 3116 3389 militans
3155 3333 3472 3405 implicatur

1894 3434 2020 3485 vitae
2072 3430 2327 3500 negotiis,
2361 3438 2417 3484 ut
2447 3430 2496 3484 ei
2528 3431 2621 3499 qui
2652 3444 2711 3484 se
2742 3429 2798 3481 in
2840 3427 3091 3481 militiam
3122 3425 3321 3497 delegit
3353 3426 3473 3496 pla-
3553 3463 3556 3465 λ

1895 3534 2015 3578 cent
2048 3524 2113 3577 ⁸⁸.
2160 3542 2179 3574 ι

1969 3618 2294 3671 Ικτειιῐιιιετ.
2325 3616 2380 3670 Si
2406 3616 2550 3670 enim
2581 3615 2692 3677 ille,
2728 3614 2822 3684 qui
2858 3622 3076 3667 terreno
3118 3610 3232 3681 regi
3267 3608 3469 3664 milita-

1895 3719 2052 3766 turus
2088 3721 2191 3774 est,
2222 3725 2329 3764 non
2370 3717 2547 3779 potest
2578 3710 2809 3777 placere,
2844 3707 2950 3761 nisi
2993 3717 3183 3758 omnes
3212 3702 3335 3755 vita:
3368 3716 3468 3756 cu-

1895 3818 1984 3855 ras
2038 3799 2317 3869 reliquerit
2373 3817 2385 3852 :
2445 3806 2648 3867 quanto
2703 3795 2876 3867 magis
2928 3796 3021 3864 qui
3092 3791 3300 3846 caelesti
3356 3790 3468 3863 regi

1814 3956 1823 3965 ν
1892 3891 2231 3944 militaturus
2258 3887 2377 3942 est?

1964 3977 2293 4033 Pnoeosmo
2325 3975 2563 4030 CXVIII.
2599 3975 2740 4043 Quid
2788 3983 2871 4031 est
2923 3972 3057 4028 illud
3105 3987 3120 4024 :
3172 3989 3191 4022 ι
3231 3968 3388 4036 Quod
3420 3969 3468 4025 si

1892 4075 2067 4139 certat
2100 4069 2263 4122 etiam
2304 4069 2502 4138 aliquis
2528 4107 2543 4133 ,
2578 4083 2686 4123 non
2720 4074 3041 4130 coronatur,
3073 4063 3180 4118 nisi
3224 4060 3468 4131 legitime

1893 4162 2182 4216 certaverit
2207 4160 2297 4214 δυ’.
2340 4180 2360 4213 ι
2419 4162 2431 4173 ⁸

1962 4251 2180 4306 larens.
2214 4251 2347 4305 Nam
2374 4252 2585 4307 etiamsi
2609 4253 2731 4323 quis
2755 4253 2954 4308 bellum
2980 4256 3259 4326 ingtessus
3284 4257 3467 4325 fuerit,

1893 4363 2069 4417 neque
2107 4348 2187 4402 sic
2226 4362 2444 4417 quoque
2480 4355 2794 4411 coronatur,
2840 4347 2947 4402 nisi
2986 4364 3113 4402 cum
3155 4351 3469 4406 adversario

216 4440 513 4509 συμπλακῇ
546 4438 686 4509 μετὰ
717 4437 809 4490 τοῦ
844 4438 1156 4501 ἀντιπάλου,
1181 4440 1274 4492 καὶ
1303 4438 1506 4511 κρούσῃ
1540 4438 1678 4510 μετὰ
1696 4437 1789 4491 τοῦ

1897 4457 2117 4496 manum
2175 4456 2471 4496 conserens
2496 4481 2510 4503 ,
2544 4442 2722 4511 gladio
2776 4444 3107 4511 percusserit
3149 4450 3204 4497 et
3242 4443 3469 4500 interfe-

214 4529 416 4599 ξίφους,
448 4533 551 4584 καὶ
583 4529 884 4601 ἀποκτείνῃ
925 4531 1104 4583 αὐτόν.
1141 4530 1311 4583 Τοῦτο
1338 4531 1446 4603 γάρ
1484 4534 1600 4585 ὲστι
1623 4530 1684 4584 τὸ
1710 4547 1794 4583 νο-

216 4624 392 4693 μίμως
419 4624 683 4699 ἀθλῆνσαι.

278 4717 555 4787 Κείμενον
581 4714 702 4786 ριθ¹.
729 4731 748 4764 ι
777 4713 879 4765 Τὸν
913 4712 1188 4770 κοπιῶντα
1206 4714 1451 4785 γεωργὸν
1481 4716 1561 4768 δεῖ
1580 4715 1795 4787 πρῶτον

210 4806 295 4861 τὸν
322 4809 541 4879 καρπὸν
579 4803 1037 4877 μεταλαμὸἀνειν.
1069 4824 1088 4856 ι

287 4900 523 4972 Ἐρμην.
562 4897 738 4951 Τοῦτο
758 4898 887 4968 περὶ
918 4897 1025 4952 τῶν
1048 4898 1428 4970 πνευματικῶν
1459 4898 1792 4953 διδασκάλων

208 4992 425 5063 εἴρηκεν
452 5009 469 5023 ο
511 4992 596 5045 ὅτι
646 4990 741 5042 τὸν
787 4990 1059 5043 κοπιῶντα
1095 4991 1189 5044 καὶ
1225 4990 1621 5062 ἀγωνιζόμενον
1648 4990 1791 5044 διδά-

208 5084 397 5137 σκαλον
445 5083 592 5154 ὑπὲρ
621 5078 793 5135 αὑτοῦ
827 5082 921 5133 καὶ
948 5081 1046 5151 τῆς
1091 5080 1197 5135 τῶν
1241 5081 1492 5156 μαθητῶν
1532 5080 1797 5150 ὠφελείας

207 5173 431 5244 ἁρμόζει
464 5171 692 5245 πρῶτον
721 5170 872 5241 παρὰ
899 5170 1029 5223 Θεοῦ
1068 5171 1363 5241 λαμϐάνειν
1390 5172 1514 5236 τοὺς
1549 5172 1792 5242 μισθοὺς,

207 5264 392 5319 ἔπειτα
411 5265 544 5328 τοὺς
575 5261 854 5334 μαθητάς.
897 5264 1006 5315 Καὶ
1027 5262 1136 5332 γάρ
1169 5266 1198 5316 ὀ
1229 5263 1489 5335 γεωργὸς,
1523 5265 1650 5318 ὅταν
1684 5267 1797 5317 εἰσ·

208 5354 393 5427 οδιάσῃ
429 5355 526 5408 τὸν
552 5351 772 5424 καρπὸν
795 5350 981 5414 αὐτοῦ,
1026 5351 1241 5423 πρῶτον
1262 5356 1464 5416 ἐκεῖνος
1482 5352 1793 5425 θησαυρίζει

207 5446 269 5500 ἐκ
299 5448 408 5503 τῶν
472 5446 713 5519 καρπῶν
748 5444 911 5498 αὐτοῦ
946 5446 1003 5498 ἐν
1036 5445 1113 5516 τῷ
1145 5446 1277 5518 οἴκῳ
1307 5445 1469 5498 αὑτοῦ
1489 5463 1502 5476 ·
1528 5447 1622 5498 καὶ
1649 5445 1791 5501 οὕτω

207 5543 430 5614 παρέχει
462 5541 577 5596 εἴτε
604 5537 980 5610 ἐλεημοσύνην
1006 5538 1116 5593 εἴτε
1144 5541 1255 5603 τοῖς
1286 5537 1586 5610 χρεώσταις
1602 5536 1787 5591 αὐτοῦ.

1896 4534 2032 4589 cerit
2063 4549 2207 4589 eum.
2234 4532 2369 4588 Nam
2400 4535 2502 4588 hoc
2534 4542 2616 4588 est
2651 4532 2784 4588 illud
2815 4534 3053 4605 legitime
3083 4542 3310 4591 certare.

1971 4711 2134 4768 Ριιοιι.
2193 4712 2381 4769 CXIX.
2432 4733 2452 4765 ι
2505 4713 2864 4769 Laborantem
2911 4716 3204 4785 agricolam
3255 4721 3467 4785 oportet

1893 4806 2130 4876 primum
2160 4806 2227 4861 de
2252 4806 2522 4861 fructibus
2546 4808 2825 4877 percipere
2856 4809 2923 4863 9°.
2965 4828 2984 4860 ι

1964 4899 2130 4969 278
2161 4898 2481 4952 Ιιιτειιριιετ.
2508 4898 2621 4954 Hoc
2656 4899 2722 4954 de
2752 4899 3125 4970 spiritualibus
3148 4897 3462 4954 doctoribus

1896 4990 2032 5044 dixit
2087 5009 2099 5044 :
2148 4990 2275 5059 quia
2319 5005 2416 5060 par
2450 4997 2554 5057 est,
2597 5000 2656 5044 ut
2686 4989 2899 5055 doctor,
2941 4991 3032 5060 qui
3068 5004 3165 5060 pro
3196 5004 3254 5043 se
3280 4995 3334 5043 et
3363 5002 3463 5058 pro

1895 5082 2011 5137 suis
2045 5081 2387 5135 auditoribus
2414 5081 2624 5137 laborat
2655 5090 2710 5136 et
2736 5082 3000 5151 dmertat,
3028 5082 3262 5151 primum
3294 5096 3324 5133 a
3353 5080 3462 5134 Deo

1894 5171 2199 5225 mercedem
2229 5171 2480 5240 recipiat,
2509 5171 2703 5227 deinde
2732 5172 3007 5242 discipuli.
3029 5171 3163 5224 Nam
3198 5172 3462 5241 agricola,

1896 5278 2019 5317 cum
2050 5262 2263 5317 fruetus
2287 5278 2418 5318 suos
2442 5264 2680 5333 collegit,
2715 5264 2805 5318 ille
2838 5264 3048 5333 primus
3088 5262 3142 5317 in
3173 5262 3333 5318 domo
3363 5278 3460 5317 sua

1892 5361 1945 5410 et
1973 5353 2039 5409 de
2065 5354 2330 5413 fructibus
2356 5355 2472 5411 suis
2502 5355 2603 5410 sibi
2642 5355 2911 5411 recondit.
2930 5354 3120 5425 Atque'
3137 5357 3216 5411 sic
3243 5354 3461 5409 demum

1902 5454 1996 5499 aut
2033 5445 2435 5519 eleemosynam
2469 5446 2747 5519 elargitur,
2781 5447 2868 5504 vel
2898 5446 3167 5503 satisfacit
3201 5444 3469 5503 debitorb

1890 5538 2014 5598 bus.

269 5697 314 5731 ιτ
357 5697 376 5753 ι
415 5697 683 5755 Thessal.
720 5694 909 5760 “.14.
988 5696 1030 5728 αι
1070 5696 1200 5754 ibid.
1240 5695 1325 5753 ιθ.
1397 5695 1442 5729 σθ
1482 5694 1521 5750 ιι
1563 5693 1702 5751 Tim.
1738 5711 1795 5765 ιι,

1956 5699 2020 5735 ⁸⁹⁴
2062 5698 2194 5756 ibid.
2223 5698 2277 5757 5.
2356 5698 2400 5733 ”
2436 5697 2569 5754 ibid.
2602 5695 2657 5754 ϐ.
