4050 6396
588 295 695 352 ’ἵ67

659 420 833 477 Auno
886 437 953 477 οε
1007 437 1206 478 sonitu.
1271 418 1338 476 Et
1399 419 1609 477 aliter:
1653 418 1976 492 Quicunque
2039 421 2154 475 vult
2180 428 2228 482 Α

591 513 658 568 ad
694 528 834 584 opus
882 511 978 568 Dei
1037 511 1309 578 laborare,
1353 511 1448 584 qui
1479 512 1617 568 alios
1653 507 1870 577 docere,
1908 511 1994 568 vel
2031 512 2156 568 aliis

594 606 712 662 vult
752 605 1034 677 prodesse,
1062 605 1218 660 decet
1248 603 1400 658 illum
1439 603 1652 676 ipsum,
1683 603 1776 674 qui
1809 603 1948 659 alios
1976 603 2153 671 docet,

591 698 648 772 i_n
683 697 876 767 primis
903 709 1158 751 exemere
1187 695 1440 760 virtutes,
1466 703 1526 750 ut
1555 695 1784 766 accipiat
1815 709 1846 749 a
1881 693 1992 751 Deo
2013 693 2154 750 dona

590 789 796 858 gratiae.
846 793 902 843 et
955 787 1205 858 acquirat
1233 785 1447 844 fructus
1476 787 1656 842 sancti
1697 785 1952 858 Spiritus,
1995 797 2157 858 atque

592 879 883 934 thesauros
901 877 1232 949 cognitionis
1260 877 1529 934 bonorum
1557 877 1675 936 Dei.
1706 876 1785 934 lla
1808 879 1922 944 ﬁet,
1956 886 2012 934 ut
2032 879 2156 935 aliis

589 985 805 1042 quoque
829 969 1005 1040 possit
1029 967 1298 1040 impertiri
1325 969 1490 1028 dona.
1519 966 1657 1024 Nam
1687 969 1734 1026 si
1765 969 1888 1041 quis
1919 968 2156 1040 aliquem

585 1061 710 1116 oleo
741 1059 858 1116 suis
903 1059 1156 1115 manibus
1195 1074 1400 1130 ungere
1441 1059 1653 1124 volens,
1693 1059 1871 1116 oleum
1915 1073 2028 1114 non
2055 1057 2157 1112 ba-

587 1154 736 1214 beat.
767 1153 1042 1224 quomodo
1071 1153 1430 1226 impertiverit
1475 1153 1600 1210 aliis
1636 1153 1690 1210 id
1722 1153 1871 1225 quod
1899 1154 2016 1226 ipse
2043 1169 2156 1210 non

583 1245 782 1300 habet?
801 1245 1000 1302 Eodem
1033 1245 1195 1302 modo
1217 1246 1285 1304 de
1303 1247 1527 1303 doctore
1543 1253 1630 1304 est
1655 1245 2022 1314 sentiendum,
2045 1246 2157 1304 sic-

584 1343 646 1390 ut
674 1335 882 1390 dictum
909 1341 1014 1392 est.

654 1506 876 1576 Quss'r.
906 1506 1068 1564 CXX.
1107 1525 1126 1560 ι
1163 1505 1410 1578 lntell'rge
1439 1523 1558 1580 qua:
1583 1508 1708 1565 dico
1741 1509 1808 1565 “.
1850 1527 1870 1562 ι

653 1593 818 1654 Resp.
860 1597 996 1665 Quia
1051 1615 1148 1670 per
1189 1601 1478 1671 parabolas
1515 1601 1567 1656 ei
1608 1601 1904 1672 scripserat
1949 1601 2152 1668 omnia,

1715 295 1776 353 Β.
1811 293 2273 352 ATHANASIUS.
2313 323 2382 337 -
2425 295 2696 356 SPUBIA.

3707 304 3808 365 768

2324 419 2547 493 Ἕτερον
2591 422 2672 486 είς
2717 419 2779 474 τὺ
2826 421 2976 475 αὑτό.
3009 421 3120 476 Kal
3167 421 3341 486 ἄλλως
3363 439 3379 454 ο
3421 423 3537 488 Πᾶς
3573 425 3603 478 6
3645 422 3808 479 θέλων

2255 514 2451 584 κοπιᾷν
2479 515 2558 578 είς
2572 512 2634 566 τὸ
2658 511 2816 585 ἔργον
2838 511 2930 566 τοῦ
2946 512 3102 579 Θεοῦ,
3128 514 3222 568 καὶ
3245 515 3511 570 διδάσκειν
3533 517 3627 570 καὶ
3658 516 3810 587 ὠφε-

2253 602 2362 658 λεῖν
2387 603 2598 669 ἄλλους,
2630 603 2855 676 ἁρμόζει
2878 603 3094 676 πρῶτον
3129 607 3334 661 ἐκεῖνον
3359 606 3450 661 τὸν
3473 607 3808 676 διδάσκαλον,

2253 696 2342 751 ἵνα
2361 695 2656 769 ἐργάζηται
2693 695 2792 760 τὰς
2827 696 3056 769 ἀρετὰς,
3095 697 3191 751 καὶ
3217 697 3358 772 λάϐῃ
3385 700 3537 771 παρά
3571 699 3706 753 Θεοῦ
3743 699 3810 755 τὰ
3871 762 3873 765 ,

2253 790 2586 860 χαρίσματα,
2624 789 2719 844 καὶ
2755 790 3056 862 κτήσασθαι
3098 791 3224 854 τοὺς
3255 791 3499 861 καρποὺς
3528 789 3622 844 τοῦ
3660 791 3808 860 ἁγίου

2253 881 2588 952 Πνεύματος,
2624 879 2718 934 καὶ
2757 881 2888 946 τοὺς
2941 880 3247 954 θησαυροὺς
3293 881 3394 952 τῆς
3425 881 3678 951 γνώσεως
3706 882 3810 936 τῶν

2252 972 2468 1044 ἀγαθῶν
2489 971 2582 1028 τοῦ
2615 971 2779 1028 Θεοῦ·
2803 973 2896 1029 καὶ
2919 973 3041 1028 τότε
3071 973 3352 1046 δυνήσεται
3389 975 3483 1029 καὶ
3513 975 3692 1040 ἄλλοις
3722 993 3812 1048 με-

2250 1063 2500 1120 ταδοῦναι
2523 1064 2632 1121 τῶν
2661 1065 2898 1138 δωρεῶν.
2939 1066 3050 1120 Καὶ
3087 1064 3195 1136 γὰρ
3220 1066 3326 1130 πᾶς
3355 1067 3384 1119 6
3409 1064 3581 1120 θέλων
3601 1067 3811 1138 ἀλεῖψαι

2251 1173 2374 1210 τινα
2393 1155 2569 1212 ἔλαιον
2597 1159 2656 1210 tv
2682 1160 2798 1221 ταῖς
2841 1157 3028 1230 χερσὶν
3071 1155 3256 1221 αὑτοῦ,
3297 1158 3346 1211 εί
3388 1157 3463 1228 μὴ
3508 1156 3644 1229 ἔχει,
3700 1159 3809 1225 πῶς

2252 1247 2430 1314 ἄλλοις
2467 1249 2786 1320 μεταδίδωσι
2831 1248 2966 1321 ὅπερ
2998 1249 3158 1314 αὐτὸς
3192 1249 3255 1302 οὐ
3293 1248 3553 1319 κέκτηται
3580 1265 3596 1314 ;
3626 1250 3809 1304 Τοιου-

2249 1341 2526 1413 τοτρόπως
2564 1358 2653 1413 μοι
2710 1341 2818 1397 νόει
2857 1343 2952 1396 καὶ
2995 1341 3088 1396 ἐπὶ
3129 1339 3222 1396 τοῦ
3257 1341 3599 1406 διδασκάλου,
3633 1340 3810 1406 καθὼς

2252 1424 2484 1506 εἴρηται.

2331 1523 2520 1596 Ἔρώτ.
2557 1530 2656 1596 ρκ’.
2699 1542 2718 1576 ι
2753 1524 2883 1578 Νόει
2920 1521 2956 1577 ἃ
2978 1522 3139 1592 λέγω.
3177 1539 3198 1575 ι
3818 1576 3826 1595 ε

2335 1616 2521 1670 Ἀπόκ.
2554 1615 2770 1688 Ἐπειδὴ
2789 1619 2844 1670 ἐν
2863 1615 3196 1688 παραϐολαῖς
3215 1612 3361 1685 αὖτῷ
3386 1611 3591 1685 ἔγραψε
3617 1613 3810 1678 πάντα,

583 1697 871 1760 propterea
917 1689 1049 1746 dicit
1096 1710 1112 1752 ;
1161 1690 1416 1747 Attende.
1467 1691 1534 1746 Et
1579 1707 1690 1747 non
1739 1692 1986 1748 obsecuti
2027 1699 2155 1747 sunt

2255 1705 2340 1760 διὰ
2361 1705 2519 1760 τοῦτο
2543 1705 2721 1775 λέγει’
2752 1707 3010 1779 Πρόσεχε.
3033 1706 3140 1760 Kal
3170 1705 3268 1777 οὐχ
3296 1704 3578 1760 ὑπέκλινον
3603 1709 3670 1779 τῇ
3688 1705 3814 1760 ὑπο-

585 1781 843 1838 inandato
911 1780 1099 1840 Mosis.
1161 1781 1425 1854 Praecepit
1485 1783 1684 1850 Moses,
1732 1792 1787 1840 et
1837 1783 2153 1839 occiderunt

2255 1799 2392 1868 ταγῇ
2427 1795 2518 1851 τοῦ
2549 1768 2816 1862 Μῶσέωςῖ
2851 1768 3184 1869 Προσέταξεν
3223 1768 3508 1868 Μωσῆς,
3547 1768 3814 1852 καὶηάπέ-

585 1886 702 1939 eos,
749 1873 854 1926 tria
901 1873 1070 1928 millia
1135 1889 1385 1930 numero.
1429 1873 1494 1930 Et
1541 1875 1644 1931 hoc
1689 1882 1794 1940 est,
1827 1873 1970 1946 quod
2015 1873 2149 1929 dicit

587 1961 872 2034 Scriptura
901 1983 916 2019 :
957 1983 977 2018 ι
1011 1964 1256 2032 Quorum
1298 1967 1542 2022 membra
1570 1966 1930 2024 conciderunt
1964 1965 2022 2021 in
2063 1965 2157 2021 de-

585 2061 734 2110 serto
765 2055 834 2110 ".
875 2072 896 2108 ι

653 2142 819 2199 Paor.
862 2141 1049 2199 CXXI.
1107 2161 1127 2196 ι
1188 2143 1378 2202 Omnis
1426 2147 1801 2216 praevaricatio
1853 2155 1907 2202 et
1965 2144 2157 2202 inobe-

583 2233 790 2290 dientia
815 2235 1026 2306 accepit
1073 2235 1277 2307 justam
1308 2237 1575 2294 mercedis
1600 2237 2005 2293 retributionem
2029 2237 2097 2292 “.
2131 2256 2152 2291 ι

655 2324 876 2382 larens.
933 2326 1267 2398 Quicunque
1309 2329 1642 2398 transgressi
1699 2337 1828 2383 sunt
1867 2337 1923 2385 et
1969 2328 2157 2383 inobe-

585 2414 800 2473 dientes
833 2416 1054 2474 fuerunt
1085 2418 1139 2472 in
1173 2419 1291 2488 lege
1323 2419 1512 2482 veteri,
1541 2419 1808 2490 condigna
1837 2433 1994 2488 pmna
2029 2425 2158 2474 sunt

585 2508 785 2564 allecti.
815 2507 952 2564 Nam
987 2509 1158 2564 Adam
1215 2511 1308 2580 qui
1357 2519 1737 2582 transgressus
1785 2511 1983 2575 fuerat,
2033 2525 2160 2565 cono

585 2599 874 2656 demnatus
915 2609 1000 2656 est
1021 2603 1112 2656 "'z
1155 2603 1292 2658 Cain
1332 2619 1455 2657 cum
1487 2611 1787 2673 peccasset,
1837 2602 2158 2658 maledictus

589 2691 692 2746 fuit
710 2690 778 2746 ’⁸.
803 2690 869 2745 Et
897 2690 974 2745 illi
997 2692 1086 2762 qui
1119 2693 1453 2762 temporibus
1487 2691 1598 2748 Noe
1639 2693 1780 2747 mala
1812 2699 2157 2764 perpetrave-

586 2793 733 2847 rant,
767 2799 906 2854 aqua
935 2785 1205 2842 submersi
1258 2793 1405 2842 sunt.
1454 2786 1779 2854 Sodomita,
1812 2787 1904 2857 qui
1944 2791 2158 2858 turpem

587 2873 858 2946 degebant
889 2876 1076 2941 vitam,
1106 2877 1440 2932 horribiliter
1473 2879 1744 2934 submersi
1783 2887 1927 2934 sunt.
1960 2877 2027 2932 Et
2054 2877 2156 2934 .lu-l

586 2965 710 3030 dati,
752 2969 846 3038 qui
891 2984 1034 3039 saepe
1074 2969 1339 3026 adversus
1385 2969 1680 3040 prophetas
1722 2970 2156 3037 insurrexerunt,

586 3059 799 3129 plagas,
840 3057 1070 3128 ﬂagella,
1105 3059 1372 3130 supplicia
1403 3075 1433 3112 a
1480 3060 1590 3117 Deo
1623 3069 1968 3131 acceperunt.
2003 3060 2160 3119 Nunc

586 3151 770 3216 itaque
794 3151 899 3204 hoc
927 3151 1096 3206 dicit:
1127 3151 1262 3204 Cum
1297 3149 1351 3204 in
1376 3152 1544 3206 veteri
1567 3153 1682 3222 lege
1712 3160 1977 3224 quotquot
2005 3169 2157 3209 man-

586 3240 777 3296 datum
827 3241 1040 3297 Domini
1095 3252 1439 3311 spreverunt,
1473 3257 1572 3297 nec
1613 3243 2057 3314 obtemperarunt
2087 3245 2156 3302 iis

587 3348 708 3402 qua:
765 3335 941 3404 angeli
979 3341 1034 3387 et
1077 3333 1350 3406 pr0pbet:e
1393 3335 1788 3390 annuntiahant
1814 3376 1828 3397 .
1857 3336 1981 3406 jure
2029 3352 2158 3406 sup-

587 3421 812 3492 plicium
861 3423 1061 3478 luerint
1110 3424 1354 3495 iramque
1403 3423 1498 3479 Dei
1553 3425 1606 3479 in
1671 3440 1731 3482 se
1787 3425 2154 3493 concitarint;

588 3511 864 3582 quomodo
909 3529 1011 3570 nos
1042 3511 1395 3584 ell‘ugiemus,
1434 3515 1482 3572 si
1521 3523 1725 3570 tantam
1761 3516 2158 3575 neglexerimus

588 3607 845 3672 salutem,
893 3621 1014 3677 quae
1057 3622 1236 3676 neque
1279 3622 1378 3677 per
1429 3608 1672 3678 angelos,
1703 3623 1875 3678 neque
1913 3622 2008 3678 per
2031 3623 2160 3678 pro-

585 3698 780 3768 pbetas
802 3698 961 3754 nobis
990 3705 1074 3754 est
1101 3699 1324 3762 tradita,
1365 3699 1462 3754 sed
1505 3714 1602 3769 per
1647 3699 1825 3770 ipsum
1851 3699 2156 3754 Christum

585 3797 639 3843 et
667 3788 831 3845 Deum
853 3789 876 3845 ?
901 3787 1036 3844 Nam
1082 3791 1281 3845 veteris
1314 3789 1532 3861 quidem
1586 3791 1722 3861 legis
1763 3791 2013 3846 minister
2057 3791 2157 3845 fuit

587 3879 790 3946 Moses,
821 3896 974 3938 novae
1013 3889 1194 3936 autem
1223 3881 1499 3937 Christus.
1548 3881 1778 3936 Multum
1835 3883 2002 3952 igitur
2040 3881 2158 3937 haec

586 3971 913 4042 legislationi
964 3979 1184 4043 praestat
1225 3974 1430 4036 veteri,
1485 3973 1631 4042 quod
1677 3973 1753 4027 ibi
1795 3974 1880 4028 lex
1917 3989 2014 4045 per
2043 3989 2160 4030 ser-

585 4078 714 4118 vum
757 4063 828 4118 sit
874 4063 1274 4129 administrata,
1315 4065 1431 4120 haec
1472 4081 1606 4120 vero
1634 4081 1730 4134 per
1759 4067 1936 4136 ipsum
1967 4067 2156 4122 Domi-

591 4165 720 4205 num
745 4152 1040 4209 Christum.
1075 4151 1342 4210 Debemus
1361 4169 1490 4224 ergo
1518 4153 1909 4222 indubitanter,
1942 4172 2004 4212 ea
2037 4173 2159 4228 quae

587 4243 750 4298 nobis
777 4255 1041 4314 pra-cepta
1075 4256 1202 4300 sunt
1231 4255 1512 4316 praestare,
1541 4263 1606 4300 ne
1631 4247 1788 4304 nobis
1816 4264 1978 4320 quam
2008 4258 2155 4306 vete-

589 4335 743 4390 ribus
766 4335 986 4406 gravius
1009 4337 1279 4416 judicium
1307 4337 1374 4392 sit
1406 4337 1769 4392 subeundum.

2255 1903 2470 1942 κτειναν
2516 1887 2708 1950 αὐτοὺς
2736 1887 2886 1959 τρεῖς
2909 1885 3148 1957 χιλιάδας
3173 1885 3334 1940 λαῶν.
3357 1885 3466 1939 Kal
3491 1883 3645 1939 τοῦτό
3670 1886 3816 1940 ἐστιν

2251 1978 2281 2032 δ
2331 1979 2482 2048 λέγει
2537 1981 2570 2050 ἡ
2622 1979 2842 2052 Γραφή·
2883 1995 2904 2030 ι
2939 1973 3039 2034 Ὧν
3092 1977 3160 2034 τά
3218 1977 3369 2032 κῶλα
3406 1977 3593 2032 ἔπεσον
3643 1978 3702 2034 tv
3747 1980 3814 2051 τῇ

2254 2074 2463 2145 ἐρήμῳ·
2494 2093 2512 2126 ο

2319 2165 2420 2218 Κεί
2425 2179 2584 2235 μενον
2617 2161 2756 2236 ρκα’.
2779 2183 2796 2214 ι
2816 2163 2926 2220 Kal
2956 2164 3104 2218 πᾶσα
3124 2161 3432 2236 παράϐασις
3457 2164 3550 2218 καὶ
3569 2164 3817 2238 παρακοὴ

2255 2253 2442 2309 ἔλαϐεν
2465 2253 2690 2308 ἔνδικον.
2717 2272 2736 2306 ι
3357 2307 3369 2326 ,

2249 2365 2253 2384 ι
2335 2346 2561 2418 Ἐρμην.
2597 2345 2756 2400 Ὅσοι
2796 2343 3108 2417 παρέϐησαν
3134 2343 3227 2398 καὶ
3253 2345 3608 2417 παρήκουσαν
3651 2347 3710 2399 tv
3743 2343 3816 2414 τῷ

2257 2435 2472 2508 παλαιῷ
2495 2436 2668 2508 νόμῳ,
2699 2435 2888 2491 ἔλαϐον
2907 2434 3125 2500 δικαίως
3151 2434 3246 2506 τὴν
3271 2437 3560 2507 τιμωρίαν.
3581 2437 3692 2490 Καὶ
3714 2435 3818 2506 γὰρ

2257 2531 2350 2582 καὶ
2380 2531 2410 2583 6
2451 2528 2620 2602 Ἀδάμ
2645 2526 2998 2606 παρακούσας
3020 2525 3334 2598 κατεκρίθη,
3355 2528 3449 2582 καὶ
3469 2527 3610 2581 Κάῖν
3642 2529 3818 2598 ἁμαρ·

2257 2620 2426 2690 τήσας
2447 2619 2841 2691 ἑπικατάρατος
2879 2617 3088 2687 γέγονε,
3135 2617 3230 2670 καὶ
3258 2618 3308 2671 οι
3327 2617 3420 2670 ἐπὶ
3445 2617 3537 2671 τοῦ
3565 2619 3687 2672 Νῶε
3724 2636 3818 2672 κα-

2259 2708 2369 2774 κῶς
2395 2709 2750 2781 ἐργαζόμενοι
2777 2704 3247 2777 κατεκλύσθησαν-
3275 2707 3368 2761 καὶ
3397 2709 3446 2761 οἱ
3479 2709 3538 2762 tv
3565 2708 3816 2778 Σοδόμοις

2259 2801 2507 2872 ἀσέμνως
2531 2799 2770 2870 βιοῦντες
2798 2797 2984 2879 δεινῶς
3033 2797 3421 2872 ὲποντίσθησαν
3445 2812 3458 2827 ⁸
3491 2800 3584 2854 καὶ
3607 2801 3660 2854 οἱ
3690 2799 3820 2855 Ίευδ

2258 2893 2416 2961 δαῖοι,
2447 2893 2705 2959 πολλάκις
2752 2891 3150 2956 ἐπαναστάντες
3185 2893 3294 2956 τοῖς
3327 2893 3653 2965 προφήταις,
3685 2892 3818 2964 πλη-

2259 2987 2363 3058 γὰς
2391 2987 2542 3060 παρὰ
2558 2987 2691 3042 Θεοῦ
2725 2987 2820 3042 καὶ
2855 2989 3122 3058 μάστιγας
3147 2987 3240 3040 καὶ
3263 2985 3532 3057 τιμωρίας
3556 2985 3817 3050 ἐδέξαντο.

2261 3078 2374 3135 Νῦν
2410 3075 2506 3132 οῦν
2539 3076 2694 3132 τοῦτο
2721 3077 2900 3146 λέγει·
2931 3077 3032 3142 ὃτι,
3071 3074 3254 3146 ἐπειδὴ
3292 3077 3349 3128 tv
3376 3076 3442 3145 τῇ
3473 3073 3686 3145 Παλαιᾷ
3711 3075 3820 3128 ὅσοι

2257 3169 2527 3241 ἠθέτησαν
2548 3167 2610 3220 τὸ
2642 3167 2964 3238 πρόσταγμα
2978 3164 3069 3219 τοῦ
3092 3165 3319 3237 Κυρίου,
3350 3163 3445 3216 καὶ
3471 3165 3821 3234 παρήκουσαν

2255 3262 2324 3316 τά
2363 3262 2430 3316 δι’
2455 3259 2698 3330 ἀγγέλων
2729 3257 3028 3328 λαλούμενα
3056 3257 3150 3311 καὶ
3180 3255 3494 3328 προφητῶν,
3528 3255 3718 3310 ἔλαϐον
3749 3255 3822 3310 δι-

2247 3347 2429 3416 ⁵καίως
2457 3351 2554 3422 τὴν
2581 3349 2872 3420 τιμωρίαν,
2892 3349 2985 3402 καὶ
3011 3349 3106 3421 τὴν
3123 3345 3288 3420 ὀργὴν
3313 3345 3406 3400 τοῦ
3419 3345 3552 3399 Θεοῦ
3587 3346 3823 3400 ἐπεσπά-

2260 3459 2440 3504 σαντο,
2469 3439 2586 3509 πῶς
2617 3441 2779 3512 ἡμεῖς
2812 3437 3156 3510 ὲκφύγωμεν,
3201 3437 3292 3492 ἐὰν
3323 3435 3684 3508 ἀμελήσωμεν
3724 3435 3821 3506 τῆς

2255 3531 2511 3602 τοιαύτης
2533 3530 2828 3603 σωτηρίας,
2861 3531 2993 3584 ὅπου
3023 3529 3145 3584 οῦτε
3172 3528 3240 3582 δι’
3271 3527 3520 3596 ἀγγέλων
3558 3525 3684 3582 οὔτε
3737 3528 3821 3582 διὰ

2257 3620 2549 3692 προφητῶν
2585 3619 2819 3690 ἐλαλήθη
2850 3620 3000 3690 ἡμῖν,
3037 3616 3171 3672 ἀλλὰ
3202 3617 3268 3672 δι’
3291 3615 3454 3670 αὑτοῦ
3473 3616 3566 3671 τοῦ
3591 3616 3820 3690 Χριστοῦ

2257 3711 2350 3764 καὶ
2368 3708 2502 3763 Θεοῦ
2523 3727 2538 3775 ;
2559 3711 2668 3764 Kal
2694 3709 2803 3780 γὰρ
2833 3711 2890 3763 tv
2922 3711 2986 3780 τῇ
3017 3707 3229 3780 Παλαιᾷ
3253 3705 3347 3761 τοῦ
3376 3707 3541 3779 νόμου
3580 3709 3820 3774 διάκονος

2256 3799 2478 3870 γέγονεν
2499 3801 2530 3856 6
2556 3800 2760 3872 Μωσῆς
2778 3817 2793 3832 ·
2818 3799 2918 3870 τῆς
2947 3800 3004 3854 δὲ
3034 3799 3178 3864 Νέας
3209 3801 3238 3852 6
3267 3799 3518 3870 Χριστός.
3561 3799 3703 3853 Πολὺ
3732 3795 3821 3852 οὖν

2255 3893 2428 3948 ταῦτα
2453 3893 2690 3966 κρείσσω
2718 3892 2814 3964 τῆς
2847 3893 3078 3956 παλαιᾶς
3093 3891 3410 3962 νομοθεσίας
3457 3891 3538 3944 ὃτι
3566 3892 3686 3945 ἐκεῖ
3703 3889 3820 3945 δοῦ-

2255 3983 2346 4049 λος
2375 3983 2587 4052 ἐγένετο
2607 3983 2882 4054 ὑπηρέτης
2909 3980 3000 4035 τοῦ
3021 3981 3212 4052 νόμον
3241 3979 3471 4034 ἐνταῦθα
3501 3980 3558 4034 δὲ
3582 3981 3612 4034 ὁ
3639 3979 3824 4033 δεσπό-

2255 4093 2354 4146 της
2385 4073 2638 4146 Χριστός.
2663 4075 2774 4127 Καὶ
2793 4073 3076 4144 ὀφείλομεν
3090 4071 3157 4126 τά
3187 4071 3635 4144 προστεταγμένα
3655 4073 3822 4124 ποιεῖν

2257 4166 2614 4230 ἀδιστάκτως,
2669 4165 2758 4220 ἵνα
2806 4164 2878 4237 μὴ
2921 4165 3018 4223 καὶ
3048 4164 3259 4239 χείρους
3289 4162 3398 4218 τῶν
3423 4163 3668 4218 παλαιῶν
3681 4164 3824 4218 εὐποι-

2210 4334 2222 4339 Ω
2261 4257 2441 4331 δῶμεν
2471 4256 2570 4324 τὰς
2600 4257 2852 4324 εὐθύνας.

659 4425 825 4483 Pnor.
847 4426 1060 4482 CXXII.
1097 4447 1116 4478 ι
1151 4427 1268 4483 Non
1303 4429 1448 4485 enim
1475 4431 1680 4502 angelis
1713 4426 1944 4504 subjecit
1969 4435 2156 4492 orbem

2331 4437 2597 4508 Κείμενον
2634 4435 2768 4510 ρκβ’.
2800 4455 2820 4488 ι
2847 4437 2922 4490 Οὐ
2945 4435 3049 4508 γάρ
3088 4434 3336 4503 ἀγγέλοις
3365 4431 3597 4497 ὑπέταξε
3626 4432 3724 4504 τὴν
3750 4433 3824 4486 ol-

588 4525 748 4576 terraa
769 4518 1034 4586 futurum,
1065 4519 1134 4576 de
1165 4537 1276 4592 quo
1302 4522 1578 4592 loquimur
1601 4523 1667 4578 ⁸⁸.
1702 4543 1722 4576 ι

662 4611 989 4667 ἰκτειιριιετ.
1037 4613 1236 4668 Urbem
1278 4623 1435 4669 terra:
1487 4616 1710 4670 secundi
1757 4616 2020 4672 adventus
2067 4615 2155 4670 sui

583 4702 849 4772 judicium
883 4711 1060 4771 vocat,
1092 4703 1308 4774 quando
1339 4703 1522 4759 reddet
1543 4706 1836 4778 unicuique
1855 4705 2154 4762 secundum

586 4810 754 4868 opera
777 4810 896 4852 sua.
929 4795 1043 4852 Hoc
1083 4811 1213 4851 vero
1241 4795 1386 4864 quod
1426 4797 1602 4866 inquit
1635 4814 1650 4849 :
1688 4815 1708 4848 ι
1745 4797 1818 4852 De
1843 4813 1950 4868 quo
1981 4795 2157 4866 loqui-

585 4903 732 4954 mur,
765 4907 784 4940 ι
814 4889 964 4944 illum
988 4889 1276 4960 signiﬁcat,
1304 4904 1400 4959 pro
1429 4903 1538 4958 quo
1557 4889 1900 4946 decertamus
1923 4889 2150 4944 salutem

585 4981 848 5052 consequi
889 4981 1190 5052 cupientes.
1236 4981 1296 5036 In
1341 4997 1407 5038 eo
1449 4982 1558 5045 die,
1608 4982 1784 5052 inquit
1831 4981 2148 5051 Apostolus,

587 5086 696 5126 non
739 5069 888 5127 dedit
925 5071 1066 5126 Deus
1107 5080 1430 5142 potestatem
1480 5071 1690 5142 angelis
1721 5071 1984 5125 mundum
2008 5069 2156 5138 judi-

589 5163 768 5226 candi,
791 5161 885 5218 scd
917 5179 1076 5220 omne
1113 5142 1378 5234 judicium
1415 5163 1563 5217 dedit
1597 5163 1734 5218 Filio
1767 5179 1886 5218 suo.
1927 5161 1991 5214 Et
2031 5161 2156 5231 quia

590 5252 760 5310 Filius
787 5253 904 5316 Dei.
934 5257 1026 5325 qui
1059 5257 1220 5312 etiam
1269 5257 1385 5327 ipse
1417 5257 1560 5314 Deus
1591 5265 1694 5318 est.
1732 5255 1894 5310 habet
1933 5267 2151 5308 omnem

591 5347 912 5409 potestatein
942 5343 1221 5413 judicandi
1264 5345 1550 5410 mundum,
1585 5345 1718 5416 quid
1767 5343 1986 5414 passuri
2028 5349 2156 5398 sunt

593 5423 654 5485 ii.
683 5427 776 5496 qui
811 5430 1079 5487 mandatis
1112 5433 1234 5502 ejus
1272 5449 1381 5488 non
1426 5433 1910 5504 obtemperarunt?
1941 5430 2076 5486 Nam
2107 5431 2154 5485 si

595 5516 686 5586 qui
716 5517 1086 5577 inobedientes
1115 5523 1329 5580 luerunt
1355 5525 1460 5595 legi
1480 5524 1672 5590 veteri,
1701 5539 1820 5595 quae
1855 5538 1950 5594 per
1994 5537 2156 5594 ange-

667 5635 712 5666 "
750 5633 794 5688 ll
823 5635 962 5691 Tim.
993 5655 1053 5701 ιι.
1085 5639 1139 5698 7.

580 5703 646 5805 δ”
691 5703 853 5760 Hebr.
887 5723 960 5774 tt,
993 5709 1047 5766 5.

1264 5643 1312 5676 “
1347 5642 1509 5703 Hebr.
1546 5659 1638 5715 ιιι,
1670 5643 1758 5701 l7.
1855 5643 1903 5677 ’³
1939 5642 2100 5702 Hebr.
2135 5657 2209 5710 ιι,
2247 5640 2305 5700 2.

2256 4528 2529 4598 κουμένην
2557 4527 2654 4597 τὴν
2679 4526 2993 4598 μέλλουσαν,
3021 4523 3146 4596 περὶ
3178 4518 3246 4595 ἧς
3270 4521 3554 4594 λαλοῦμεν.
3593 4542 3612 4576 ι

2337 4619 2566 4689 Ἐρμην.
2593 4617 2927 4688 Οἰκουμένην
2941 4617 3086 4684 λέγει
3113 4617 3212 4686 τὴν
3243 4615 3422 4688 κρίσιν
3449 4617 3548 4686 τῆς
3568 4615 3822 4688 δευτέρας

2257 4707 2574 4778 παρουσίας,
2627 4708 2756 4762 ὅταν
2817 4707 3084 4762 ἀποδώσει
3133 4707 3346 4778 ἑκάστῳ
3393 4706 3537 4762 κατὰ
3579 4707 3650 4762 τὰ
3690 4708 3822 4780 ἔργα

2258 4794 2442 4850 αὐτοῦ.
2477 4795 2582 4850 Τοῦ
2610 4796 2666 4850 δὲ
2696 4815 2712 4847 ι
2749 4797 2884 4869 Περὶ
2909 4791 2978 4870 ἧς
3004 4795 3288 4866 λαλοῦμεν,
3327 4815 3345 4848 ι
3373 4797 3491 4866 ἦτοι
3513 4796 3643 4867 περὶ
3686 4796 3824 4850 ὲκεί-

2257 4905 2358 4958 νης
2387 4884 2454 4959 ἧς
2510 4885 2905 4958 ἀγωνιζόμεθα,
2945 4889 3038 4942 καὶ
3070 4885 3436 4957 σπουδάζομεν
3471 4886 3674 4951 πάντες
3717 4903 3822 4940 σω-

2257 4979 2435 5050 θῆναι.
2466 4978 2680 5051 Ταύτην
2709 4979 2804 5050 τὴν
2839 4979 3071 5051 ἡμέραν,
3104 4979 3250 5049 λέγει
3277 4981 3306 5032 6
3345 4978 3685 5042 Ἀπόστολος,
3727 4978 3826 5031 οὐκ

2253 5071 2454 5124 ἔδωκεν
2497 5073 2526 5124 ὁ
2572 5071 2702 5134 Θεὸς
2751 5069 2997 5135 ἐξουσίαν
3052 5071 3162 5134 τοῖς
3219 5067 3466 5137 ἀγγέλοις
3511 5071 3697 5140 κρῖναι
3736 5067 3824 5120 τὸν

2253 5162 2478 5232 κόσμον,
2514 5161 2650 5216 ἀλλὰ
2679 5159 2776 5231 τὴν
2809 5160 2989 5232 κρίσιν
3021 5163 3200 5215 πᾶσαν
3239 5159 3436 5213 δέδωκε
3467 5159 3548 5230 τῷ
3584 5159 3697 5230 Υἱῷ
3731 5159 3828 5213 αὐσ-

2251 5251 2370 5306 τοῦ.
2414 5252 2524 5306 Kal
2578 5251 2700 5304 ἐπεὶ
2739 5252 2768 5304 6
2796 5251 2924 5315 Υἱὸς
2971 5249 3065 5304 τοῦ
3107 5246 3240 5303 Θεοῦ
3284 5249 3378 5302 καὶ
3409 5248 3543 5312 Θεὸς
3569 5247 3685 5318 ἔχει
3728 5246 3825 5318 τὴν

2254 5343 2498 5410 ἐξουσίαν
2519 5345 2696 5398 πᾶσαν
2728 5346 2907 5415 κρῖναι
2941 5341 3030 5396 τὸν
3049 5341 3270 5412 κόσμον,
3302 5339 3354 5394 τί
3396 5339 3681 5412 μέλλονται
3720 5337 3848 5392 πα-”

2261 5429 2372 5484 θεῖν
2397 5433 2444 5484 οἱ
2490 5430 2928 5506 παρακούσαντες
2953 5429 3024 5484 τὰ
3075 5429 3468 5502 προστάγματα
3517 5427 3718 5492 αὐτοῦ;
3763 5426 3827 5479 El

2261 5523 2370 5599 γάρ
2389 5523 2440 5577 οί
2468 5521 2912 5596 παρακούσαντες
2936 5519 3028 5573 τὸν
3057 5519 3284 5574 παλαιὸν
3311 5517 3474 5589 νόμον
3503 5516 3597 5571 τδν
3640 5516 3707 5570 δι’
3731 5515 3826 5583 ay.

2409 5646 2480 5680 ⁰³⁴
2520 5645 2721 5704 (Senes.
2755 5657 2840 5710 ιιι,
2889 5639 3074 5700 17-19.
3179 5639 3225 5676 ⁸⁸
3261 5637 3459 5696 Cenes.
3491 5651 3583 5710 iv,
3639 5633 3828 5693 tO-l‘i.
