4050 6396
184 382 286 443 Ἶῦ)

1199 377 1660 446 ΟἩΔΞΒἸΊΟΝΕὸ
1695 378 1762 434 1N
1799 375 2180 435 EPISTOLAS
2213 377 2446 435 PAULI.

3328 379 3430 435 770

184 500 354 573 γέλων
377 498 630 563 δοθέντα,
658 498 892 553 τοσαῦτα
919 496 1120 552 ἔπαθον
1138 536 1156 561 ,
1184 498 1385 571 καίπερ
1407 499 1526 552 οὐδὲ
1557 498 1760 571 κριτῶν

1873 501 1943 553 los
1963 507 2048 554 est
2083 498 2214 563 lata,
2241 505 2394 552 tanta
2423 496 2571 569 passi
2600 504 2750 564 sunt,
2776 496 2941 567 idque
2968 511 3080 551 non
3114 496 3321 567 angelis
3344 496 3435 567 ju-

186 592 348 646 ὖντων
387 588 486 644 τοῦ
537 590 743 661 κόσμου
765 590 872 643 τῶν
915 589 1187 659 ἀγγέλων·
1228 591 1282 643 τί
1314 590 1381 644 ἂν
1411 590 1656 645 πάθωσιν
1710 592 1758 643 οῖ

188 686 275 738 τὸν
293 683 566 753 δεσπότην
596 682 1072 754 παρακοῦσαντεςς

252 776 525 847 Κείμενον
554 781 696 848 ρκγθ.
725 794 744 826 ι
766 773 830 828 Τί
854 777 1000 828 ἐστιν
1020 773 1325 845 ἄνθρωπος,
1358 775 1442 828 ὅτι
1479 775 1758 845 μιμνήσκῃ

193 864 346 919 αὑτοῦ
366 881 381 929 ;
416 883 437 915 ι

270 957 496 1027 Ἐρμην.
531 955 849 1025 Ἄνθρωπον
875 954 970 1009 καὶ
1006 953 1118 1008 υἱὸν
1147 952 1432 1025 ἀνθμῦπου
1477 954 1569 1006 τὸν
1623 954 1760 1025 Χρι-

199 1048 312 1100 στὸν
351 1048 522 1115 λέγει,
578 1045 761 1110 καθώς
805 1049 921 1100 ἐστι
964 1044 1102 1099 κατὰ
1136 1045 1311 1099 πάντα
1355 1045 1636 1116 ὁμοούσιος
1683 1043 1762 1115 τῷ

197 1141 384 1211 Πατρὶ,
411 1138 490 1201 ὡς
507 1137 713 1201 τέλειος
733 1137 866 1202 Θεὸς
885 1139 979 1191 καὶ¹
998 1136 1200 1201 τέλειος
1227 1136 1323 1192 ἄνθ
1330 1153 1529 1208 ρωπος.

263 1232 526 1302 Κείμενον
559 1230 689 1301 ρκδ.
721 1250 741 1283 ι
781 1230 1119 1294 Ἦλάττωσας
1149 1228 1310 1284 αὑτὸν
1341 1228 1513 1300 βραχύ
1546 1246 1599 1282 τι
1630 1230 1759 1298 παρ’

194 1324 473 1393 ἀγγέλους.
513 1343 533 1378 ι

273 1417 498 1487 Ἐρμην.
548 1416 733 1488 Βραχὺ
791 1416 1074 1485 ἐλάττωμα
1108 1413 1275 1484 λέγει,
1300 1414 1384 1467 ὅτι
1436 1414 1687 1484 ἐποίησεν
1733 1416 1765 1468 ὁ

193 1507 424 1578 Χριστὸς
455 1509 514 1560 ἐν
541 1506 623 1578 τῷ
649 1506 753 1580 ᾄδῃ
778 1510 924 1578 τρεῖς
952 1506 1165 1578 ἡμέρας
1210 1507 1304 1560 καὶ
1337 1508 1488 1578 τρεῖς
1537 1508 1759 1569 νύκτας.

263 1687 529 1758 Κείμενον
582 1691 716 1758 ρκε’.
770 1704 788 1736 ι
835 1685 939 1738 Τὸν
976 1685 1048 1738 ’δὲ
1099 1682 1272 1757 βραχὺ
1315 1684 1445 1755 παρ’
1498 1683 1764 1752 ἀγγέλους

192 1779 565 1849 ὴλαττωμένον
611 1777 879 1848 βλέπομεν
923 1777 1127 1847 Ἰησοῦν
1172 1777 1260 1831 διὰ
1302 1777 1365 1830 τὸ
1411 1777 1636 1847 πάθημα
1667 1776 1762 1829 τοῦ

1863 591 2172 647 dicantibus
2197 591 2480 655 mundum,
2514 590 2772 659 quidnam
2799 588 2878 644 illi
2907 591 3180 660 patientur
3200 591 3294 660 qui
3323 605 3435 646 non

1866 682 2128 737 obediunt
2154 684 2254 751 ipsi
2280 681 2549 736 Domino?

1932 772 2095 829 Pnor.
2130 772 2361 829 CXXIII.
2400 791 2419 825 ι
2456 773 2596 839 Quid
2628 780 2715 828 est
2737 772 2922 838 homo,
2954 771 3099 841 quod
3135 785 3347 827 memor
3372 788 3434 828 es

1864 866 1983 935 ejus
2014 865 2099 919 ’σι
2140 885 2157 917 ι

1934 956 2259 1009 lnrsnrns-r.
2296 952 2580 1009 Hominem
2610 959 2664 1008 et
2691 952 2860 1006 lilium
2885 953 3125 1007 hominis
3151 951 3437 1006 Christum

1865 1046 2018 1109 dicit,
2066 1045 2208 1101 sicut
2254 1053 2337 1098 est
2388 1059 2483 1113 per
2528 1042 2712 1097 omnia
2744 1023 3436 1106 consubstantialisl’atri,

1864 1144 2129 1201 tanquam
2164 1134 2443 1205 perlectus
2474 1133 2617 1188 Deus
2637 1140 2692 1187 et
2715 1132 2989 1202 perfectus
3014 1132 3197 1189 homo.

1936 1227 2103 1282 Pnor.
2133 1225 2371 1281 CXXIV.
2411 1244 2431 1278 ι
2477 1225 2723 1280 Minuisti
2767 1241 2891 1281 eum
2935 1226 3099 1295 paulo
3148 1226 3332 1283 minus
3371 1226 3441 1280 ab

1867 1320 2073 1389 angelis
2100 1320 2167 1371 ³⁷.
2191 1338 2210 1370 ι

1939 1413 2268 1467 lunarem.
2340 1409 2626 1480 Paulisper
2696 1410 3007 1467 inferiorem
3077 1410 3229 1475 dicit,
3306 1412 3437 1482 quia

1869 1501 2125 1558 Christus
2150 1502 2295 1572 apud
2324 1503 2529 1557 inferos
2560 1503 2733 1558 tribus
2762 1503 2954 1558 diebus
2975 1512 3030 1558 et
3050 1503 3229 1558 tribus
3258 1503 3440 1558 nocti-

1869 1592 1973 1646 bus
2006 1592 2130 1645 fuit.

1938 1685 2103 1756 279
2149 1684 2316 1741 Pnor.
2361 1683 2574 1741 CXXV.
2621 1702 2640 1736 ι
2692 1684 2829 1739 Eum
2870 1692 3051 1741 autem
3088 1684 3183 1756 qui
3215 1684 3436 1741 modico

1870 1794 2032 1849 quam
2061 1780 2236 1849 angeli
2279 1779 2584 1833 minoratus
2608 1784 2712 1842 est,
2737 1777 2985 1833 videmus
3012 1776 3195 1832 Jesum
3222 1786 3444 1849 propter

194 1871 416 1925 θανάτου
439 1871 564 1942 δόξῃ
585 1872 682 1924 καὶ
698 1874 830 1942 τιμῇ
846 1869 1285 1941 ἐστεφανωμένον
1306 1870 1364 1924 ἐν
1378 1869 1455 1939 τῷ
1470 1868 1703 1941 θανάτῳ.
1741 1889 1760 1921 ι

1873 1872 2177 1943 passionem
2207 1873 2401 1926 mortis
2434 1872 2605 1941 gloria
2637 1878 2692 1925 ct
2717 1871 2922 1925 honore
2952 1879 3272 1925 coronatum
3303 1872 3371 1926 ".
3418 1890 3439 1923 ι

270 1966 498 2036 Ἐρμην.
531 1965 670 2030 Δόξα
693 1964 802 2035 γὰρ
828 1963 920 2017 καὶ⁵
946 1963 1077 2034 τιμὴ
1108 1961 1200 2015 τοῦ
1231 1960 1468 2033 Χριστοῦ
1497 1962 1755 2033 σταυρός”

198 2056 376 2127 ἐπειδὴ
424 2056 593 2128 μυρία
641 2054 823 2121 ἀγαθά
862 2053 950 2107 διὰ
986 2054 1080 2107 τοῦ
1134 2053 1365 2125 σταυροῦ
1399 2053 1648 2122 ἐγένετω
1682 2054 1763 2107 ὅτι

198 2148 417 2212 θάνατος
439 2147 916 2218 καταπεπάτηται,
948 2148 1040 2201 καὶ
1070 2147 1282 2218 κατάρα
1312 2146 1761 2219 ἐξωστράκισται,

195 2240 221 2292 ὁ
251 2239 381 2310 ᾅδης
410 2239 756 2303 ἐσκύλευται,
780 2240 813 2308 ἡ
844 2238 1082 2308 ἁμαρτία
1109 2237 1421 2307 ἠφάνισται,
1456 2238 1489 2308 ἡ
1519 2236 1766 2308 παράϐα-

199 2348 276 2395 σις
303 2334 669 2403 κατήργηται,
695 2334 726 2401 ἡ
756 2331 916 2401 φύσις
938 2330 1045 2385 τῶν
1075 2329 1374 2402 ἀνθρώπων
1397 2330 1498 2401 τῆς
1523 2330 1767 2394 δουλείας

197 2421 297 2473 τῶν
330 2422 515 2474 παθῶν
549 2420 944 2491 ἠλευθέροεαι,
971 2419 1216 2482 διάϐολος
1242 2420 1559 2492 ἐδεσμεύθη,
1592 2437 1767 2487 σωτη-

202 2512 283 2583 ρία
309 2510 601 2583 ἐψυτεύθη,
634 2512 931 2574 ἀνάστασις
955 2510 1280 2583 ἐγνωρίσθη,
1307 2512 1473 2566 κακία
1492 2512 1765 2583 ἀπηλάθη,

200 2600 302 2673 ζωὴ
326 2603 624 2672 ἐπήγασεν,
650 2601 1065 2668 εἰδωλολατρεία
1093 2600 1275 2671 ἐλύθη’
1295 2600 1356 2652 τὸ
1374 2600 1430 2653 δὲ
1457 2600 1767 2671 θαυμαστό-

196 2710 366 2764 τερον,
394 2695 477 2747 ὃτι
499 2693 596 2746 καὶ
620 2695 777 2746 αὐτοὶ⁵
804 2694 854 2745 οἱ
883 2694 1096 2763 ἀρχαῖοι
1123 2692 1219 2746 καὶ
1249 2692 1468 2745 παλαιοὶ
1494 2692 1768 2763 προφῆται

197 2784 616 2855 ἐϐαπτίσθησαν,
654 2786 721 2837 ἐκ
751 2784 845 2837 τοῦ
882 2784 1171 2855 ρεύσαντος
1204 2783 1431 2855 αἵματος
1458 2785 1549 2836 καὶ
1581 2783 1769 2848 ὓδατος

197 2878 257 2929 ἐκ
296 2877 399 2947 τῆς
446 2876 691 2949 πλευρᾶς
720 2875 813 2929 τοῦ
860 2875 1118 2948 Χριστοῦ.
1155 2876 1265 2930 Καὶ
1318 2875 1468 2941 πῶς,
1514 2875 1765 2930 ἄκουσον.

209 2968 421 3042 Ἐπειδὴ
447 2972 512 3024 ἐκ
540 2969 829 3041 τεσσάρων
864 2969 1142 3039 στοιχείων
1179 2969 1491 3022 συνίσταται
1515 2967 1575 3020 τὸ
1611 2966 1770 3037 σῶμα

194 3064 283 3117 τοῦ
323 3062 648 3137 ἀνθρώπου,
688 3063 849 3118 πάλιν
886 3062 1026 3136 μετά
1056 3061 1283 3117 θάνατον
1325 3062 1406 3125 εἰς
1454 3061 1594 3114 αὑτά
1634 3063 1768 3115 ἀνα-

195 3154 391 3212 λύεται.
425 3156 584 3212 Οὕτω
608 3156 676 3229 δὴ
708 3156 897 3225 γέγονε
932 3157 1026 3211 καὶ
1052 3158 1145 3210 ἐπὶ
1175 3155 1269 3210 τοῦ
1299 3152 1563 3227 Χριστοῦο
1595 3154 1677 3208 ὅτι
1709 3152 1770 3207 τὸ

1937 1959 2153 2016 Iurene.
2196 1961 2379 2015 Gloria
2416 1970 2470 2016 et
2517 1962 2695 2016 honor
2717 1961 2943 2024 Christi,
2976 1976 3112 2015 crux
3138 1969 3222 2016 est
3264 1980 3280 2016 :
3313 1963 3444 2033 quia

1865 2055 2151 2109 innumera
2201 2054 2343 2109 bona
2385 2069 2481 2123 per
2507 2068 2724 2107 crucem
2776 2054 3074 2124 contigere,
3121 2056 3443 2110 conculcata

1864 2162 2100 2217 namque
2127 2153 2211 2201 est
2244 2161 2411 2209 mors,
2447 2152 2501 2199 et
2542 2146 2597 2199 in
2642 2144 2894 2199 exsilium
2943 2145 3177 2215 relegata
3223 2144 3446 2200 maledi-

1864 2239 1973 2293 ctio
2003 2256 2016 2292 :
2047 2237 2294 2292 infernus
2321 2237 2566 2306 direptus
2597 2246 2700 2301 est,
2726 2243 3008 2305 peccatum
3033 2246 3118 2291 est
3150 2236 3443 2301 abolitum,

1864 2329 2233 2400 transgressio
2252 2329 2502 2400 |sublata,
2530 2337 2724 2382 natura
2747 2328 3026 2382 hominum
3055 2330 3123 2385 ab
3149 2328 3445 2384 affectuum

1866 2422 2128 2478 servitute
2178 2422 2441 2485 liberata,
2497 2420 2751 2475 diabolus
2814 2430 2899 2474 est
2946 2421 3169 2490 ligatus,
3199 2422 3447 2491 plantata

1866 2519 1950 2567 est
1998 2513 2169 2577 salus,
2234 2511 2570 2566 resurrectio
2617 2518 2703 2565 est
2755 2509 3048 2579 patefacta,
3106 2512 3315 2565 malitia
3362 2519 3450 2568 est

1868 2604 2083 2667 ahacta,
2120 2604 2230 2658 vita
2261 2602 2421 2672 quasi
2472 2600 2595 2656 fons
2641 2601 2948 2664 scalurivit,
2982 2600 3289 2657 idololatria
3335 2603 3449 2659 dis-

1869 2696 2045 2751 soluta
2079 2711 2093 2747 :
2123 2707 2175 2751 et
2205 2695 2351 2766 quod
2398 2694 2708 2749 mirabilius
2736 2700 2843 2759 est,
2874 2693 3088 2764 antiqui
3128 2705 3450 2766 veteresque

1869 2787 2147 2857 prophetae
2198 2802 2263 2842 ex
2321 2786 2529 2843 Christi
2579 2788 2846 2859 sanguine
2909 2796 2963 2843 et
3018 2804 3158 2859 aqua
3208 2782 3274 2844 es
3326 2790 3448 2859 ejus

1869 2879 2039 2935 latere
2073 2877 2376 2950 proﬂuente
2424 2880 2687 2951 baptizati
2744 2889 2893 2937 sunt.
2943 2881 2999 2936 Id
3043 2883 3319 2953 quomodo
3369 2882 3450 2938 fa—

1870 2977 2017 3024 ctum
2064 2971 2168 3034 sit,
2232 2970 2380 3025 audi.
2434 2971 2704 3038 Quoniam
2754 2989 2818 3028 ex
2881 2981 3115 3046 quatuor
3165 2975 3451 3032 elementis

1870 3070 2087 3117 constat
2126 3063 2423 3117 humanum
2462 3080 2681 3135 corpus,
2723 3065 2776 3118 in
2818 3079 2879 3119 ea
2911 3073 3033 3135 post
3064 3074 3294 3121 mortem
3325 3081 3452 3121 rurv

1875 3168 1972 3211 sus
1993 3155 2302 3210 resolvitur.
2336 3155 2409 3208 Ita
2442 3170 2567 3209 cum
2595 3155 2817 3213 Christo
2843 3171 3062 3228 quoque
3092 3156 3297 3212 factum
3322 3167 3448 3213 est:

194 3244 326 3320 αἷμα
349 3250 530 3303 καὶτὸ
560 3249 729 3321 ὓδωρ,
759 3249 790 3302 ὃ
814 3249 1071 3320 ἐῤῥευσεν
1103 3250 1137 3319 ἡ
1172 3248 1305 3318 ἁγία
1341 3247 1505 3301 αὑτοῦ
1538 3247 1764 3318 πλευρά,

1873 3262 1998 3301 nam
2034 3248 2257 3319 sanguis
2292 3256 2347 3304 et
2376 3263 2536 3319 aqua.
2567 3264 2688 3319 quae
2722 3266 2788 3305 ex
2819 3258 3012 3305 sancto
3042 3252 3213 3306 latere
3241 3249 3449 3305 Christi

196 3341 441 3413 άνελύθη,
466 3343 605 3395 ὅπου
639 3339 873 3411 άνελῦθη
907 3342 1001 3393 καὶ
1027 3340 1135 3393 τῶν
1158 3338 1471 3411 προφητῶν,
1498 3341 1665 3410 ἤγουν
1689 3340 1770 3403 είς

193 3432 257 3486 τὰ
288 3436 550 3505 στοιχεῖα,
585 3433 684 3486 καὶ⁵
716 3431 890 3504 εὑρὼν
921 3432 1059 3484 αὐτὰ
1094 3431 1403 3485 ἐϐάπτισεν.
1438 3430 1501 3482 El
1532 3429 1588 3482 δὲ
1618 3429 1769 3498 λέγει

195 3540 290 3589 τις,
318 3528 402 3581 ὅτι
426 3528 525 3581 καὶ
564 3524 639 3578 τὰ
677 3523 789 3577 τῶν
830 3523 1072 3577 ἀπίστων
1099 3522 1325 3594 σώματα
1363 3522 1650 3576 ἐϐάπτισε·
1685 3521 1771 3575 λέ-

193 3633 378 3687 γομεν,
412 3617 583 3689 Οὐχίο
636 3617 754 3671 ἀλλ’
799 3614 987 3688 ῶσπερ
1025 3616 1087 3669 τὸ
1132 3615 1274 3686 ὕδωρ
1307 3614 1620 3686 προπατῶν,
1670 3613 1773 3666 ὅσα

198 3708 290 3777 μὲν
328 3712 578 3784 εὑρίσκει
612 3709 802 3781 χλωρά
836 3709 995 3778 φυτὰ,
1031 3707 1247 3779 ἀρδεύει
1285 3707 1379 3761 καὶ
1411 3706 1639 3769 ποτίζει.
1673 3706 1774 3759 ὅσα

192 3799 245 3853 δέ
278 3801 419 3875 ξηρὰ
443 3805 550 3858 οὐκ
580 3801 788 3872 ὠφελεῖ
826 3801 997 3855 αὑτά·
1024 3800 1180 3854 ἳοῦτω
1213 3800 1324 3855 νόει
1372 3800 1469 3854 καὶ
1514 3801 1607 3853 ἐπὶ
1655 3801 1776 3851 τού-

191 3906 302 3949 του.

259 4074 539 4145 Κείμενον
590 4074 743 4142 ρκς’.
792 4087 812 4121 ι
846 4068 960 4123 Νῦν
991 4068 1051 4123 δὲ
1080 4067 1234 4122 οὔπω
1274 4067 1491 4139 ὁρῶμεν
1531 4065 1682 4137 αὐτῷ
1711 4065 1779 4120 τά

193 4163 367 4220 πάντα
412 4159 877 4233 ὑποτεταγμένα·
934 4180 954 4214 ι
1007 4160 1192 4232 ἐπειδὴ
1240 4160 1423 4231 ἀκμὴν
1465 4158 1567 4212 οὐκ
1603 4153 1671 4229 ἦν
1718 4157 1781 4212 τὸ

191 4258 454 4329 κήρυγμα
485 4256 573 4317 εἰς
602 4253 705 4325 τὴν
738 4250 1059 4321 οἰκουμένην
1085 4250 1390 4321 κηρυχθέν;

270 4350 507 4422 Ἐρμην.
542 4348 797 4419 Ἐπρεπε
820 4343 930 4416 γάρ
958 4342 1127 4415 αὐτῷ,
1150 4343 1307 4415 δῆλον
1333 4342 1515 4414 ὃτιτῷ
1539 4340 1659 4413 Θεῷ
1686 4341 1782 4395 καὶ

190 4441 385 4515 Πατρὶ,
419 4444 494 4498 δι’
521 4435 587 4496 οῦ
612 4440 685 4493 τά
717 4440 894 4493 πάντα
918 4437 1135 4506 ἐγένετο
1161 4437 1255 4492 καὶ
1292 4437 1541 4508 συνέστη,
1567 4436 1661 4490 τὸν
1685 4437 1783 4508 ἀρ-

187 4532 353 4603 χηγὸν
380 4533 489 4604 τῆς
521 4529 698 4601 ζωῆς,
724 4528 843 4599 ἦτοι
876 4528 966 4582 τὸν
988 4526 1242 4598 Χριστὸν,
1271 4525 1497 4590 πολλοὺς
1520 4526 1670 4589 υἱοὺς
1700 4528 1780 4589 εἰς

183 4588 338 4691 signa:
365 4588 902 4698 οὐραπλῖπνμιρέροντα
933 4588 1346 4690 καὶ-βασιλείαψ
1376 4588 1525 4681 υἱοῦς
1550 4618 1607 4672 δὲ
1629 4618 1776 4687 λέγει
1809 4588 1852 4643 D

184 4720 307 4783 τοὺς
334 4717 763 4790 πνευματικοὺς
793 4712 888 4766 καὶ
914 4712 1102 4782 ἀγίους
1131 4710 1467 4784 ἀνθρώπους.
1504 4712 1772 4782 Ἔπρεπε,

185 4812 380 4881 φησιν,
435 4808 601 4881 αὐτῷ
632 4807 716 4879 τῷ
764 4805 883 4878 θεῷ
927 4806 1024 4861 καὶ
1071 4804 1247 4877 Πατρὶ
1275 4804 1367 4858 τὸν
1400 4804 1640 4875 ἀρχηγὸν
1674 4803 1779 4874 τῆς

186 4905 465 4977 σωτηρίας
500 4901 689 4975 ἡμῶν,
729 4898 850 4972 ἦτοι
879 4897 973 4952 τὸν
1007 4896 1274 4970 Χριστὸν,
1308 4896 1398 4951 διά
1442 4896 1779 4969 παθημάτων

181 4997 386 5051 τέλειον
419 4993 716 5060 ἀναδεῖξαι
754 4992 850 5045 καὶ
881 4990 1108 5056 ἔνδοξον.

246 5085 448 5158 Ἐρώτ.
512 5082 658 5158 ρκζ’.
713 5080 781 5133 Τί
831 5078 1010 5149 λέγει·
1050 5098 1071 5132 ι
1128 5081 1239 5134 Καὶ
1272 5079 1386 5151 ,τῆς
1429 5079 1637 5151 σκηνῆς
1681 5080 1779 5149 τῆς

181 5177 482 5251 ἀληθινῆς,
511 5177 587 5248 ἢν
627 5172 834 5245 ἔπηξεν
878 5173 908 5225 ὁ
938 5171 1142 5244 Κύριος
1173 5172 1269 5227 καὶ
1312 5173 1412 5227 οὐκ
1460 5172 1778 5245 ἀνθρωποςς

259 5361 461 5418 Ἀπόκ.
499 5358 732 5431 Σκηνὴν
762 5354 911 5426 λέγει
940 5355 1032 5409 τὸν
1070 5353 1317 5427 οὐρανὸν,
1347 5353 1406 5407 ὃν
1428 5354 1530 5408 οὐκ
1566 5353 1781 5411 ἔκτισεν

179 5453 494 5530 ἄνθρωπος,
519 5452 723 5522 ὥσπερ
748 5449 875 5514 τοὺς
894 5450 987 5503 ἐπὶ
1012 5449 1117 5520 γῆς
1140 5449 1301 5512 ναοὺς
1324 5447 1433 5500 τῶν
1456 5445 1776 5517 ἐκκλησιῶν.

193 5542 657 5617 ’Δχειροποίητός
677 5542 851 5606 ἐστιν,
872 5539 947 5605 ῶς
982 5540 1060 5611 τῷ
1093 5539 1186 5593 τοῦ
1218 5538 1352 5592 Θεοῦ
1383 5540 1587 5610 ῥήματι
1625 5553 1782 5593 κατε-

182 5639 594 5711 σκευασμένος.

244 5824 292 5855 ’⁸
329 5819 490 5879 Psal.
534 5833 680 5884 vm,
717 5816 773 5871 5.
842 5815 887 5851 ’⁷
929 5814 1059 5871 ibid.
1093 5812 1146 5867 6.

1871 3338 2098 3405 ﬂuxere,
2136 3341 2376 3395 resoluta
2407 3349 2535 3396 sunt
2570 3342 2626 3395 in
2652 3343 2727 3407 id,
2754 3344 2809 3396 in
2839 3342 2988 3413 quod
3018 3344 3182 3398 etiam
3215 3342 3452 3414 prophe-

1870 3438 2049 3484 tarum
2086 3432 2309 3501 sanguis
2339 3433 2613 3488 resolutus
2646 3441 2750 3498 est,
2780 3434 3038 3490 videlicet
3069 3435 3125 3489 in
3155 3434 3450 3498 elementa,

1873 3538 1996 3592 qua:
2044 3522 2116 3575 ibi
2156 3522 2440 3577 inveniens
2487 3524 2803 3594 baptizavit.
2836 3525 2993 3592 Quod
3047 3526 3094 3579 si
3137 3526 3263 3595 quis
3301 3539 3452 3581 nunc

1873 3612 2117 3682 obiiciat,
2166 3612 2311 3682 quod
2361 3614 2523 3668 etiam
2578 3614 2876 3671 infidelium
2929 3631 3161 3687 corpora
3207 3616 3453 3687 baptiza-

1873 3708 2014 3761 verit
2046 3725 2059 3760 :
2096 3707 2505 3776 respondemus,
2523 3706 2661 3762 Non.
2679 3707 2813 3762 Nam
2844 3709 2986 3763 sicut
3006 3723 3146 3778 aqua
3177 3708 3451 3776 dillluens,

1876 3811 2236 3867 quascunque
2287 3796 2506 3866 quidem
2557 3798 2766 3867 reperit
2809 3797 3008 3854 herbas
3057 3798 3315 3866 virentes,
3352 3813 3451 3854 eas

1878 3887 2067 3957 irrigat
2109 3895 2164 3942 et
2207 3895 2360 3958 potat
2393 3907 2406 3942 :
2441 3903 2579 3959 quas
2612 3898 2791 3943 autem
2826 3889 3009 3946 aridas
3054 3889 3346 3955 invenerit,
3375 3889 3448 3945 iis

1876 3977 2012 4032 nihil
2036 3978 2257 4047 prodest
2289 3997 2303 4035 :
2334 3979 2415 4034 sic
2445 3980 2607 4035 etiam
2642 3980 2733 4035 hic
2759 3981 3018 4051 cogitato.

1948 4068 2430 4136 QuaanXXVl.
2474 4070 2637 4138 (Quid
2675 4079 2758 4126 est
2787 4070 2933 4142 quod
2963 4071 3097 4127 dicit
3126 4087 3139 4125 :
3174 4071 3195 4144 )
3232 4090 3253 4125 ι
3295 4070 3453 4128 Nunc

1880 4169 2061 4217 autem
2105 4161 2348 4215 nondum
2404 4161 2656 4217 videmus
2692 4163 2876 4217 omnia
2918 4162 3165 4233 subjecta
3211 4162 3261 4217 ei
3286 4163 3365 4231 ",
3419 4179 3443 4216 ι

1881 4270 2006 4311 cum
2041 4256 2277 4310 nondum
2307 4256 2621 4326 praedicatio
2645 4256 2699 4310 in
2722 4255 2908 4311 orbem
2943 4255 3318 4327 pervasisset?

1954 4348 2173 4402 Iurene.
2222 4345 2455 4403 Decebat
2505 4363 2652 4413 eum,
2704 4348 2959 4403 videlicet
3011 4348 3179 4404 Deum
3233 4359 3290 4403 et
3349 4344 3457 4402 Pa-

1882 4445 2044 4503 trem,
2086 4453 2183 4508 per
2230 4454 2389 4509 quem
2431 4440 2613 4493 omnia
2671 4437 2813 4493 faeta
2865 4448 2994 4494 sunt
3032 4448 3087 4495 et
3125 4440 3453 4502 subsistunt,

1885 4529 2078 4584 ducem
2121 4529 2246 4584 vitae
2277 4529 2554 4585 Christum
2587 4530 2819 4594 scilicet,
2851 4530 3052 4585 multos
3077 4530 3216 4586 lilios
3251 4530 3316 4584 ad
3339 4530 3456 4599 glo-

1881 4622 2018 4676 riam
2066 4629 2121 4677 ει
2171 4637 2400 4693 regnum
2470 4622 2735 4677 caelorum
2812 4621 3175 4677 adducentem
3235 4640 3251 4678 :
3310 4621 3453 4677 ﬁlios

1883 4719 2064 4767 autem
2097 4719 2256 4766 vocat
2293 4712 2608 4782 spirituales
2640 4720 2693 4766 et
2734 4718 2953 4765 sanctos
2987 4710 3259 4766 homines.
3286 4709 3455 4765 Dece-

1883 4803 1999 4869 bat,
2048 4804 2247 4875 inquit,
2296 4802 2467 4860 Deum
2511 4812 2566 4859 et
2610 4802 2850 4865 Patrem,
2901 4801 3204 4874 principem
3257 4800 3455 4856 salutis

1879 4905 2109 4962 nostra,
2150 4896 2359 4953 scilicet
2378 4894 2681 4961 Christum;
2710 4910 2808 4966 per
2830 4895 3117 4966 passiones
3149 4891 3453 4964 perfectum

1780 5006 1787 5013 '
1882 4998 1938 5045 et
1968 4988 2264 5058 gloriosum
2286 4987 2564 5044 exhibere.

1953 5075 2176 5146 Quss'r.
2239 5074 2500 5134 CXXVII.
2544 5075 2692 5144 Quid
2728 5085 2814 5132 est
2859 5074 3006 5148 quod
3058 5073 3237 5145 inquit
3276 5091 3292 5129 :
3329 5090 3349 5126 ι
3388 5071 3456 5128 Ει

1880 5170 1998 5225 veri
2079 5168 2421 5224 tabernaculi
2488 5167 2636 5240 quod
2707 5167 2824 5222 ﬁxit
2894 5165 3160 5222 Dominus
3230 5170 3287 5220 et
3342 5178 3454 5220 non

2079 5257 2095 5288 ι

1880 5257 2132 5405 ᾒοῗὶιὲενῗ
2166 5275 2613 5404 ,Tabernaculum
2661 5346 2798 5403 dicit
2851 5346 3074 5411 omium,
3138 5344 3283 5416 quod
3344 5361 3455 5401 non

1885 5444 2096 5499 creavit
2136 5443 2322 5508 homo,
2368 5442 2517 5496 velut
2552 5442 2607 5497 in
2648 5449 2793 5498 terra
2840 5439 3019 5496 facere
3059 5440 3235 5495 solent
3281 5439 3459 5495 eccle-

1887 5538 2094 5592 siarum
2123 5538 2347 5607 templa.
2374 5533 2483 5589 Nec
2514 5549 2676 5591 manu
2706 5534 2906 5590 factum
2940 5541 3045 5599 est,
3092 5542 3280 5605 utpote
3310 5530 3456 5604 quod

1887 5628 2212 5686 fabricatum
2231 5640 2319 5686 est
2336 5629 2505 5685 verbo
2535 5626 2651 5685 Dei.

1222 5814 1267 5847 "
1302 5811 1471 5868 Hebr.
1509 5826 1580 5879 ιι,
1615 5810 1671 5867 9.
1745 5810 1792 5843 "
1832 5808 1967 5867 ibid.
2013 5811 2068 5868 8.
2145 5812 2165 5844 ⁸
2203 5810 2371 5867 Hebr.
2405 5824 2503 5867 vm
2528 5848 2544 5878 ,
2576 5808 2634 5864 2.
