4050 6396
615 385 718 442 τη

1731 377 1790 432 S.
1831 372 2292 430 ATHANASIUS.
2332 403 2406 413 —
2441 373 2707 430 SPURIA.

3749 364 3848 418 τ’ῖὲ

687 503 856 560 Prior.
895 498 1172 559 CXXVIII.
1219 517 1240 552 ι
1294 499 1484 556 Sancti
1519 512 1712 556 omnes
1753 513 1852 569 per
1879 497 2039 554 tidem
2090 512 2179 552 ex-

2353 496 2614 568 Κείμενον
2636 501 2776 568 ρκη’.
2812 513 2832 547 ι
2861 496 2924 549 Ol
2955 493 3102 563 ἅγιοι
3135 491 3332 555 πάντες
3343 487 3432 544 διὰ
3459 487 3697 548 πίστεως
3723 499 3848 538 κατ-

616 602 994 668 pugnaverunt
1021 609 1249 664 regnum
1284 597 1326 648 ⁸.
1370 611 1391 646 ι

689 689 907 743 Ιιητιιιρ.
953 685 1266 750 Abraham,
1321 683 1524 750 Moses,
1572 682 1733 740 Jesus
1797 682 1944 738 iilius
1998 680 2179 736 Nave:

621 795 646 831 r
687 777 896 849 operati
941 785 1070 832 sunt
1104 776 1373 846 justitiam
1398 816 1414 840 ,
1466 795 1488 830 ι
1517 775 1812 838 Abraham,
1851 773 2084 830 Phinees
2129 782 2184 829 et

615 866 821 934 David;
862 885 882 918 ι
922 867 1102 936 adepti
1149 874 1280 922 sunt
1321 867 1754 936 promissiones,
1795 885 1815 918 ι
1863 866 1990 920 item
2023 863 2183 920 Jesus

613 957 760 1014 ﬁlius
789 957 935 1014 Nave
961 966 1015 1013 et
1036 958 1270 1024 Chalcb;
1297 978 1318 1010 ι
1349 959 1742 1012 obturaverunt
1773 973 1869 1013 ora
1896 957 2135 1020 leonum,
2159 975 2178 1008 ι

613 1046 801 1105 Daniel
825 1051 879 1104 in
902 1051 1116 1106 leonum
1141 1049 1296 1105 fovea
1321 1067 1336 1117 ;
1371 1071 1389 1102 ι
1417 1050 1810 1106 Exstinxerunt
1833 1051 1938 1104 vim
1964 1049 2128 1121 ignis,
2159 1068 2180 1102 ι

614 1148 730 1194 tres
759 1140 836 1194 illi
870 1141 1026 1210 pueri
1057 1140 1115 1194 in
1144 1142 1300 1211 ignea
1335 1141 1560 1196 fornace
1590 1158 1604 1206 ;
1637 1160 1656 1190 ε
1695 1141 2011 1212 Etlugerunt
2039 1141 2184 1196 acies

613 1231 813 1300 gladii,
849 1250 870 1284 ι
907 1231 1090 1286 Helias
1121 1240 1175 1288 et
1202 1232 1374 1288 David
1411 1249 1426 1300 ;
1471 1252 1490 1285 ι
1530 1233 1791 1288 Roborati
1825 1241 1954 1288 sunt
1995 1248 2060 1287 ex
2101 1235 2186 1286 in-

614 1322 894 1386 firmitate,
930 1341 950 1374 υ
991 1327 1136 1377 velut
1165 1323 1428 1379 Ezechias
1457 1341 1472 1390 ;
1521 1342 1540 1374 ι
1577 1323 1771 1379 Fortes
1810 1323 1938 1378 facti
1968 1333 2096 1380 sunt
2127 1324 2184 1378 in

613 1413 779 1477 bello,
813 1432 832 1466 ι
867 1413 1034 1468 veluti
1066 1415 1320 1478 Samson,
1351 1414 1446 1484 qui
1481 1429 1588 1467 una
1615 1414 1756 1469 asini
1783 1415 2000 1469 maxilla
2036 1415 2185 1472 mille

611 1503 910 1572 prostravit
943 1504 1316 1572 alienigenas;
1385 1523 1404 1554 ι
1461 1502 1715 1558 Mulieres
1758 1512 2086 1574 acceperunt
2115 1521 2200 1559 ex,

611 1597 1012 1649 resurrectione
1059 1605 1304 1649 mortuos
1357 1609 1508 1658 suos,
1565 1613 1584 1646 ι
1637 1592 1936 1650 Sunamitis
1979 1602 2034 1650 et
2079 1594 2182 1650 Sa-

611 1685 858 1756 rephtbia
880 1701 896 1750 ;
915 1704 933 1736 ι
957 1685 1049 1740 alii
1070 1700 1199 1740 vero
1215 1685 1437 1740 distenti
1455 1693 1601 1748 sunt,
1625 1703 1645 1736 ι
1671 1683 1930 1740 Jacobum
1951 1686 2050 1757 (5‘)
2071 1685 2184 1740 Ira-

611 1787 752 1832 trem
802 1775 1018 1832 Domini
1058 1777 1211 1840 dicit,
1247 1787 1301 1831 et
1332 1778 1470 1832 alios
1507 1777 1706 1847 quibus
1741 1786 2020 1847 amputata
2054 1787 2182 1834 sunt

611 1870 794 1940 capita
823 1888 837 1924 :
874 1885 1001 1924 nam
1035 1869 1296 1924 distentio
1325 1870 1462 1924 nihil
1505 1869 1654 1924 aliud
1681 1878 1766 1925 est
1799 1886 1963 1940 quam
1990 1872 2177 1928 decol~
2211 1849 2254 1903 Β

609 1961 778 2026 latio;
816 1978 834 2013 ι
869 1960 963 2014 alii
991 1977 1123 2016 vero
1173 1962 1410 2016 ludibria
1440 1970 1495 2018 et
1531 1963 1698 2033 ﬂagra
1729 1963 1937 2032 experti
1967 1971 2117 2029 sunt,
2153 1984 2172 2016 ι

609 2051 815 2117 Isaias,
853 2051 1150 2119 Jeremias;
1194 2061 1250 2109 et
1303 2053 1590 2120 Michaeas;
1626 2075 1646 2107 ι
1687 2055 1932 2125 Lapidati
1962 2065 2112 2120 sunt,
2155 2075 2173 2109 ι

611 2145 922 2214 Stephanus
955 2151 1010 2199 et
1053 2143 1353 2208 Nabuthe;
1394 2161 1412 2194 ‹
1455 2143 1685 2200 Dissecti
1743 2152 1894 2211 sunt,
1937 2165 1956 2199 ›
2011 2146 2178 2202 Isaias

607 2251 770 2306 quem
795 2252 948 2292 serra
971 2237 1148 2307 lignea
1171 2245 1426 2292 secarunt
1444 2234 1618 2292 Judaei
1648 2253 1663 2303 ;
1691 2255 1711 2289 ι
1736 2237 1948 2292 Tentati
1973 2247 2122 2304 sunt,
2153 2258 2172 2291 ι

607 2327 779 2382 veluti
815 2326 961 2394 Job;
997 2345 1016 2378 ε
1058 2327 1118 2380 1η
1149 2329 1429 2382 occisione
1458 2327 1621 2396 gladii
1660 2328 2034 2382 occubuerunt
2067 2330 2109 2393 ³,
2153 2348 2173 2380 ι

607 2417 870 2482 Jacobus,
933 2417 1231 2473 Zacharias
1283 2427 1338 2472 et
1397 2418 1511 2472 alii.
1565 2435 1585 2468 ί
1635 2418 1810 2488 Atque
1855 2435 2045 2475 omnes
2086 2421 2178 2475 isti

609 2509 930 2565 testimonio
969 2509 1186 2578 probati
1215 2522 1314 2578 per
1345 2507 1528 2572 ﬁdem,
1564 2524 1675 2564 non
1699 2524 2025 2580 acceperunt
2053 2527 2180 2582 pro-

609 2603 986 2660 missionem.»
1005 2601 1212 2658 Omnes
1234 2599 1485 2656 videlicet
1503 2601 1595 2656 isti
1621 2602 1796 2657 sancti
1809 2603 2180 2658 testimonium

612 2709 897 2764 accepere,
949 2693 1097 2764 quod
1161 2693 1469 2763 placuerint
1529 2692 1659 2758 Deo,
1713 2703 1769 2750 et
1827 2695 1875 2750 si
1934 2695 2179 2751 nondum

610 2788 864 2846 fruantur
894 2787 1093 2858 gaudio
1133 2787 1284 2857 regni
1311 2788 1573 2842 calorum
1611 2794 1666 2842 et
1690 2803 1878 2843 eorum
1912 2789 2179 2846 bonorum

610 2894 733 2950 qua;
754 2879 1026 2949 promissa
1048 2888 1176 2934 sunt
1201 2878 1388 2948 justis,
1420 2878 1514 2933 sed
1539 2871 2179 2948 exspectent'secundum

611 2973 924 3037 adventum,
966 2980 1026 3024 ut
1067 2979 1180 3024 tum
1209 2977 1541 3024 coronentur
1587 2985 1774 3025 omnes
1805 2971 1860 3024 in
1898 2987 2008 3026 uno
2036 2972 2181 3028 horae

611 3071 908 3118 momento.
954 3061 1092 3115 Nam
1133 3062 1236 3116 hoc
1287 3068 1372 3116 est
1416 3061 1561 3130 quod
1605 3061 1781 3132 inquit
1821 3063 2114 3134 Apostolus
2159 3081 2176 3118 :

617 3171 640 3204 ε
676 3152 788 3207 Deo
811 3168 910 3224 pro
938 3153 1096 3208 nobis
1123 3151 1319 3206 melius
1340 3153 1546 3222 aliquid
1577 3155 1917 3224 providente,
1959 3173 2027 3212 ne
2063 3157 2181 3214 sine

611 3247 772 3308 nobis
799 3251 1315 3302 consummarentur
1348 3244 1392 3298 ⁸.
1431 3263 1450 3296 ι
1493 3243 1627 3299 Nam
1661 3246 1798 3301 citra
1828 3263 2178 3304 consumma-

610 3340 817 3394 tionem
865 3338 1109 3393 omnium
1161 3348 1494 3402 sanctorum,
1543 3338 1766 3394 dimidia
1822 3355 1949 3408 pars
1989 3356 2177 3396 eorum

609 3432 754 3499 bona
773 3431 1044 3502 promissa
1071 3445 1179 3485 non
1214 3431 1434 3502 accipit.
1465 3430 1627 3502 Spem
1661 3430 1877 3501 quidem
1915 3439 1968 3486 et
1989 3433 2180 3486 arrha-

609 3523 755 3578 bona
778 3523 998 3589 habent,
1017 3523 1361 3593 separatique
1381 3530 1508 3578 sunt
1529 3538 1560 3576 a
1579 3522 1975 3592 peccatoribus.
2001 3521 2176 3593 Ipsam

607 3631 738 3672 vero
784 3613 1172 3685 perfectionem
1225 3613 1466 3669 nondum
1521 3613 1685 3683 280
1738 3620 1867 3668 sunt
1915 3616 2176 3678 assecuti,

605 3725 729 3781 qua:
759 3717 843 3764 est
875 3707 1287 3780 praestabilior;
1342 3705 1601 3760 nimirum
1651 3712 1711 3759 ut
1753 3719 1942 3761 omnes
1987 3707 2176 3761 eodem

608 3809 852 3868 tempore
883 3798 1048 3854 simul
1077 3797 1283 3852 intrent
1307 3795 1362 3850 in
1388 3811 1637 3866 regnum,
1668 3803 1723 3852 et
1742 3797 2026 3868 aequaliter
2057 3813 2176 3852 om-

605 3903 705 3946 nes
735 3889 914 3945 sancti
943 3889 1210 3944 bonorum
1241 3886 1338 3942 Dei
1371 3887 1667 3958 participes
1701 3887 1854 3944 liant.

673 4050 840 4122 Phor.
869 4064 1108 4122 CXXIX.
1140 4083 1162 4118 ‹
1195 4063 1306 4122 Nos
1337 4075 1545 4122 tantam
1573 4067 1834 4124 habentes
1863 4067 2176 4137 impositam

607 4159 806 4214 nubem
839 4159 1063 4213 testium
1092 4159 1136 4211 ⁵.
1179 4175 1199 4210 ›

677 4247 1004 4304 lunarem.
1053 4246 1262 4304 Nubem
1307 4249 1529 4304 testium
1567 4249 1718 4320 ipsos
1749 4252 1988 4317 vocavit,
2041 4253 2173 4324 quia

597 4341 846 4400 irrorant
872 4356 974 4396 nos
1003 4341 1096 4411 qui
1135 4341 1192 4396 in
1228 4341 1466 4411 peccatis
1519 4341 1827 4397 detinentur
1867 4353 1923 4398 et
1967 4353 2172 4402 astua-

605 4447 753 4500 mus,
796 4439 852 4488 et
887 4431 1079 4487 umbra
1121 4447 1236 4488 sua:
1265 4433 1674 4489 intercessionis
1715 4448 1818 4491 nos
1854 4445 2169 4510 contegunt.

668 4613 832 4669 Prior.
854 4611 1066 4668 CXXX.
1096 4631 1118 4666 ι
1149 4612 1493 4686 Deponentes
1519 4631 1680 4674 omne
1699 4622 1934 4692 pondus,
1965 4631 2020 4680 et
2059 4625 2169 4680 cir-

602 4718 884 4763 cumstans
908 4721 1009 4762 nos
1036 4715 1320 4777 peccatqu
1351 4709 1396 4762 ο.
1430 4727 1450 4762 ι

672 4821 889 4878 Ιητιιιιι».
925 4821 1145 4878 Pondus
1169 4864 1184 4888 ,
1215 4825 1618 4883 multitudinem
1645 4838 1821 4886 vocat.
1860 4830 1952 4887 Sic
1983 4843 2166 4889 autem

2283 591 2620 658 ηγωνίσαντο
2651 587 2941 659 βασιλείαν.

2365 681 2590 753 Ἐρμην.
2655 679 2921 751 Ἀϐραὰμ,
2973 677 3201 748 Μωσῆς,
3258 673 3467 746 Ἰησοῦς
3518 671 3615 728 τοῦ
3670 671 3842 741 Ναυῆ·

2288 791 2308 826 ι
2345 773 2668 845 εἰργάσαντο
2693 770 3058 841 δικαιοσύνην,
3107 789 3126 822 ι
3189 767 3459 841 ’Δὸραάμ,
3494 765 3713 828 Φινεὲς,
3756 762 3849 816 καὶ

2283 865 2480 919 Δαϐίδ·
2520 884 2539 916 ι
2579 865 2833 934 ἐπέτυχον
2868 861 3230 931 ἐπαγγελιῶν,
3263 881 3282 912 ο
3330 857 3538 929 Ἰησοῦς
3565 855 3663 910 τοῦ
3692 853 3847 924 Ναυῆ

2284 960 2379 1012 καὶ
2406 958 2604 1012 Χαλέ6’
2635 977 2655 1010 ί
2682 955 2918 1028 ἔφραξαν
2951 957 3195 1026 στόματα
3230 953 3480 1018 λεόντων,
3512 970 3533 1004 ι
3565 949 3764 1020 Δανιὴλ
3791 949 3848 1001 ἐν

2282 1048 2360 1119 τῷ
2411 1049 2595 1120 λάκκῳ
2620 1065 2634 1078 ο
2687 1066 2706 1098 ι
2746 1046 2974 1100 ἔσϐεσαν
3020 1045 3246 1115 δύναμιν
3293 1042 3480 1114 πυρὸς,
3525 1061 3547 1096 ι
3599 1043 3648 1094 οί
3705 1041 3850 1112 τρεῖς

2284 1139 2474 1202 παῖδες
2514 1141 2572 1193 ἐν
2603 1138 2836 1210 καμίνῳ.
2878 1156 2897 1188 t
2939 1139 3177 1206 Ἐφυγον
3213 1135 3453 1206 στόματα
3489 1132 3788 1204 μαχαίρας,
3822 1147 3842 1183 ι

2294 1229 2482 1294 Ἠλίας
2497 1231 2588 1283 καὶ
2613 1229 2793 1284 Δαϐίδ.
2813 1247 2831 1279 ι
2855 1225 3364 1297 Ἐνεδυναμὼθησαν
3378 1223 3484 1278 ἀπὸ
3497 1222 3799 1285 ἀσθενείας,
3821 1236 3842 1273 ι

2283 1321 2360 1385 ῶς
2406 1321 2668 1386 Ἐζεκίας.
2715 1341 2734 1374 ‹
2795 1319 3155 1390 Ἐγενήθησαν
3192 1316 3400 1388 ἰσχυροὶ
3437 1317 3496 1368 ἐν
3545 1313 3785 1384 πολέμῳ,
3821 1329 3840 1363 ι

2283 1415 2358 1478 ὠς
2391 1413 2624 1484 Σαμψὼν
2657 1414 2715 1466 ἐν
2751 1415 2848 1485 μιᾷ
2893 1413 3096 1480 σιαγόνι
3128 1409 3248 1462 ὄνου
3287 1406 3490 1478 χιλίους
3521 1402 3848 1472 ἀλλοφύλους

2282 1506 2664 1582 κατέστρεψεν.
2719 1525 2740 1558 ι
2798 1505 3026 1560 Ἔλαϐον
3082 1505 3336 1573 γυναῖκες
3383 1498 3445 1563 ἐξ
3501 1497 3847 1559 ἀναστάσεως

2281 1603 2407 1664 τοὺς
2447 1600 2673 1672 νεκροὺς
2704 1597 2903 1662 αὐτῶν,
2943 1615 2962 1649 ι
3035 1596 3356 1664 Σουναμῖτις
3400 1591 3494 1644 καὶ
3541 1587 3842 1660 Σαραφθίαο

2290 1708 2316 1752 ι,
2343 1688 2527 1742 ’Ἄλλοι
2559 1689 2616 1742 δὲ
2658 1685 3154 1758 ἐτυμπανίσθησαν,
3201 1701 3219 1733 ι
3267 1679 3523 1733 Ἱάκωῦον
3565 1677 3713 1744 λέγει
3759 1672 3848 1728 τὸν

2282 1781 2510 1849 ἀδελφὺν
2536 1778 2628 1832 τοῦ
2668 1779 2895 1852 Κυρίου,
2935 1778 3028 1830 καὶ
3055 1775 3180 1838 τοὺς
3211 1772 3453 1834 λοιποὺς,
3485 1771 3600 1823 ὅσοι
3644 1769 3847 1821 ἀπεκε-

2285 1873 2620 1945 φαλίσθησαν
2641 1888 2656 1902 ο
2689 1868 3068 1942 τυμπανισμὸς
3092 1867 3199 1937 γὰρ
3234 1867 3263 1918 ὁ
3288 1859 3732 1931 ἀποκεφαλισμδς
3759 1857 3849 1912 λέ-

2283 1984 2460 2039 γεται·
2493 1986 2512 2018 ι
2550 1967 2767 2037 ’Ἐτεροι
2789 1963 2846 2017 δὲ
2872 1959 3200 2033 ἐμπαιγμῶν
3227 1959 3322 2012 καὶ
3351 1954 3621 2027 μαστίγων
3649 1955 3850 2023 πεῖραν

2284 2061 2494 2124 ἔλαϐον,
2534 2079 2553 2111 ι
2595 2058 2834 2120 Ἡσαΐας,
2882 2054 3169 2126 Ἱερεμίας,
3203 2051 3295 2104 καί
3335 2048 3590 2118 Μιχαίας.
3631 2063 3652 2096 ι
3705 2045 3849 2097 Ἐλι-

2285 2150 2593 2222 θάσθησαν,
2645 2167 2664 2200 ι
2713 2147 2977 2216 Στέφανος
3023 2145 3114 2198 καὶ
3155 2140 3425 2196 Ναϐουθέ.
3478 2155 3498 2188 t
3554 2134 3850 2207 Ἐπρίσθη-

2287 2262 2402 2308 σαν,
2443 2264 2461 2296 ι
2502 2245 2530 2295 ὁ
2577 2241 2834 2303 Ἠσαῒαςο
2868 2237 3061 2308 ξυλίνῳ
3105 2235 3298 2308 πρίονι
3329 2234 3559 2302 ἕπρισαν
3593 2227 3756 2282 αὐτὸν
3800 2227 3849 2278 ei

2297 2336 2554 2412 ’Ῑοςυδαῖομ
2589 2353 2607 2386 r
2655 2331 3108 2402 Ἐπειράσθησαν,
3138 2348 3156 2380 ι
3191 2328 3266 2390 ὡς
3289 2329 3318 2380 ὁ
3350 2322 3488 2378 Ἰώσ.
3522 2340 3540 2373 ι
3588 2322 3678 2374 Ἐν
3709 2319 3848 2412 φονιρ

2288 2411 2560 2498 μαχαίρας
2609 2424 2896 2485 ἀπέθανον,
2946 2439 2965 2472 ι
3025 2417 3308 2480 Ἰάκωϐος,
3345 2414 3644 2486 Ζαχαρίας,
3679 2411 3772 2464 καὶ
3800 2411 3848 2462 at

2283 2518 2480 2573 λοιποί.
2524 2535 2543 2568 ι
2580 2516 2691 2570 Καὶ
2720 2510 2865 2569 οῦτοι
2903 2512 3130 2576 πάντες,
3163 2506 3600 2581 μαρτυρηθέντες
3635 2501 3728 2556 διὰ
3755 2503 3847 2572 τῆς

2285 2612 2537 2676 πίστεως,
2572 2611 2672 2664 οὐκ
2710 2607 3032 2679 ἐκομίσαντο
3066 2606 3166 2677 τὴν
3199 2600 3551 2670 ἐπαγγελίαν.
3587 2617 3606 2650 ο
3649 2599 3848 2664 Ἧγουν

2283 2699 2426 2758 οὗτοι
2447 2704 2646 2766 πάντες
2663 2703 2713 2754 οί
2735 2701 2877 2769 ἅγιοι
2902 2695 3351 2770 μαρτυρηθέντες,
3375 2694 3457 2746 ὃτι
3479 2689 3849 2762 εὐηρέστησαν

2283 2795 2362 2866 τῷ
2399 2782 2536 2864 Θεῷ,
2572 2792 2723 2845 οὒπω
2750 2789 3058 2844 ἀπέλαυσαν
3099 2787 3202 2856 τῆς
3235 2783 3508 2856 βασιλείας
3545 2781 3654 2835 τῶν
3687 2779 3850 2852 οὐρα-

2285 2887 2392 2940 νῶν
2429 2887 2522 2940 καὶ
2564 2884 2671 2938 τῶν
2713 2879 3132 2954 ἐπηγγελμένων
3177 2881 3288 2941 τοῖς
3331 2875 3562 2938 δικαίοις
3607 2871 3848 2941 ἀγαθῶν,

2285 2978 2420 3032 ἀλλά
2456 2976 2804 3049 περιμένουσι
2827 2973 2924 3044 τὴν
2953 2970 3208 3041 δευτέραν
3249 2966 3572 3037 παρουσίαν,
3605 2965 3696 3017 ἵνα
3735 2979 3850 3016 στε-

2286 3070 2602 3142 φανωθῶσιν
2634 3068 2868 3130 ἅπαντες
2897 3069 2955 3120 ἐν
2991 3066 3089 3136 μιᾷ
3115 3060 3306 3133 καιροῦ
3341 3063 3502 3132 ῥοπῇ.
3545 3057 3720 3112 Τοῦτο
3746 3054 3852 3124 γάρ

2285 3166 2431 3217 ἐστιν
2471 3163 2500 3216 ὃ
2529 3161 2676 3230 λέγει
2723 3163 2752 3214 ὁ
2810 3157 3146 3221 ’Δπόστολος,
3187 3157 3269 3209 ὅτι
3318 3173 3336 3206 ι
3392 3151 3500 3206 Τοῦ
3538 3149 3676 3204 Θεοῦ
3727 3148 3852 3219 περὶ

2285 3255 2441 3327 ἡμῶν
2490 3253 2740 3326 κρεῖττόν
2781 3269 2834 3304 τι
2877 3246 3356 3322 προσϐλεφαμένου
3375 3283 3392 3308 ,
3437 3245 3528 3296 ἵνα
3576 3241 3654 3313 μὴ
3686 3239 3850 3312 χωρὶς

2284 3346 2438 3419 ἡμῶν
2479 3345 2824 3399 τελειωθῶσι.
2865 3363 2884 3395 ι
2917 3343 3100 3414 Χωρὶς
3141 3340 3248 3410 γάρ
3285 3337 3502 3391 πάντων
3527 3333 3640 3388 τῶν
3685 3332 3850 3402 ἁγίων

2282 3439 2332 3491 οί
2356 3437 2526 3508 ἥμισυ
2552 3437 2652 3490 οὐκ
2675 3432 3115 3504 ἀπολαμϐάνουσι
3138 3429 3206 3483 τὰ
3235 3425 3626 3498 ἐπηγγελμένα
3654 3423 3848 3492 ἀγαθά.

2283 3530 2393 3600 Τὴν
2420 3528 2517 3600 μὲν
2539 3527 2646 3598 γὰρ
2671 3525 2861 3579 ἐλπίδα
2884 3523 2980 3577 καὶ
3005 3521 3094 3576 τὸν
3117 3519 3410 3593 ἀρραϐῶνα
3434 3517 3618 3589 ἔσχον,
3645 3517 3740 3570 καὶ
3766 3531 3852 3568 κε-

2281 3620 2607 3694 χωρισμένοι
2637 3618 2775 3672 εἰσὶν
2805 3619 2870 3670 ἐκ
2900 3615 3008 3669 τῶν
3045 3611 3404 3684 ἁμαρτωλῶν.
3445 3611 3520 3664 Τὸ
3555 3611 3614 3665 δέ
3656 3610 3850 3664 τέλειον

2281 3714 2432 3768 οὔπω
2469 3713 2710 3785 εἴληφον,
2755 3714 3007 3786 κρεῖσσον
3052 3707 3162 3779 γάρ
3201 3708 3317 3760 ἐστι
3351 3704 3510 3759 τοῦτο
3536 3721 3550 3734 ·
3606 3704 3848 3757 ἵναείσ-

2281 3806 2590 3859 ελεύσονται
2636 3803 2834 3866 πάντες
2873 3802 2954 3864 είς
2997 3799 3095 3869 τὴν
3136 3796 3412 3868 βασιλείαν
3437 3798 3495 3849 ἐν
3538 3795 3621 3849 ἐνὶ
3654 3792 3846 3865 καιρῷ.

2281 3898 2375 3952 καὶ
2406 3898 2467 3965 ἐξ
2494 3897 2608 3950 ἴσου
2635 3893 2946 3948 ἀπολάϐωσι
2974 3891 3174 3954 πάντες
3200 3893 3250 3944 oi
3275 3890 3420 3959 ἅγιοι
3450 3887 3521 3942 τά
3545 3887 3728 3959 ἀγαθά
3757 3885 3845 3942 τοῦ

2279 3992 2451 4137 Θεῖἔέί
2457 4097 2614 4154 μενον
2664 4079 2798 4152 ρκθν.
2844 4097 2864 4130 ‹
2901 4075 3164 4132 Τοσοῦτον
3207 4073 3422 4146 ἔχοντες
3465 4072 3847 4146 περικείμενον

2279 4179 2410 4250 ἡμῖν
2437 4178 2596 4246 νέφος
2633 4173 2941 4246 μαρτύρων.
2980 4191 3000 4224 ι

2362 4271 2584 4340 Ἐρμην.
2611 4266 2790 4335 Νέφος
2813 4263 3103 4338 μαρτύρων
3133 4261 3328 4326 αὐτοὺς
3352 4260 3637 4328 ἐκάλεσεν,
3665 4258 3846 4332 ἐπειδὴ

2277 4363 2610 4437 δροσίζουσιν
2654 4360 2802 4430 ἡμᾶς
2841 4357 2966 4420 τοὺς
2998 4357 3058 4408 ἐν
3097 4353 3395 4426 ἁμαρτίαις
3433 4353 3845 4425 συνεχομένους.

2278 4455 2372 4510 καὶ
2414 4451 2852 4525 φλογιζομένους,
2891 4447 2988 4502 καὶ
3031 4448 3090 4502 ἐν
3132 4448 3200 4519 τῇ
3232 4447 3360 4518 σκιᾷ
3401 4443 3511 4500 τῶν
3545 4441 3846 4516 πρεσϐειῶν

2198 4569 2247 4627 ι)
2271 4545 2450 4604 αὐτῶν
2487 4541 2926 4614 περισκέπουσιν.

2337 4637 2442 4693 Κεί
2449 4651 2608 4708 μενον
2639 4631 2736 4706 ρλ’.
2774 4651 2793 4684 ι
2833 4634 3035 4701 Ὀγκον
3059 4630 3385 4701 ἀποθέμενοι
3415 4629 3598 4684 πάντα
3629 4630 3725 4684 καὶ
3750 4628 3848 4700 τὴν

2269 4729 2658 4802 εὐπερίστατον
2695 4724 2994 4797 ἁμαρτίαν.
3033 4741 3054 4776 r

2349 4845 2578 4914 Ἐρμην.
2611 4841 2812 4908 Ὅγκον
2841 4837 2904 4890 τὸ
2939 4835 3144 4908 πλῆθος
3175 4833 3346 4904 λέγει.
3377 4834 3541 4903 Λέγει
3567 4834 3625 4888 δὲ
3653 4835 3843 4896 οὕτως’

601 4913 778 4984 inquit
810 4931 826 4970 :
859 4913 1306 4985 Quandoquidem
1335 4918 1598 4976 habemus
1620 4929 1826 4985 tantam
1857 4925 2170 4981 multitudi-

2282 4940 2366 5000 ἰτι,
2403 4913 2623 5006 Ἐπειδὴ
2649 4933 2844 5005 ἔχομεν
2867 4929 3116 4985 τοσοῦτον
3147 4928 3350 5000 πλῆθος
3373 4929 3482 4982 τῶν
3511 4929 3686 4997 ἁγίων
3716 4945 3847 5001 μαρ·

599 5021 724 5060 nem
745 5014 1060 5061 sanctorum
1093 5009 1334 5072 testium,
1365 5009 1540 5066 instar
1565 5014 1793 5068 nubium
1835 5015 2160 5071 irrorantem

2282 5029 2463 5100 τύρων,
2504 5026 2693 5097 ῶσπερ
2723 5024 2882 5094 νέφος
2911 5022 3156 5094 δροσίζον
3195 5020 3362 5092 ἡμᾶς,
3392 5019 3726 5092 θαρροῦντες
3764 5021 3846 5080 είς

597 5114 721 5163 nos,
759 5098 1143 5155 intercessioni
1180 5113 1406 5170 precum
1448 5101 1689 5172 ipsorum
1734 5105 1950 5170 conﬁsi,
1985 5106 2165 5160 imite-

595 5207 718 5246 mur
749 5203 804 5246 et
831 5207 932 5247 nos
973 5191 1190 5248 illorum
1233 5194 1465 5250 virtutes
1493 5215 1506 5250 :
1536 5204 1590 5250 et
1621 5197 1770 5250 omni
1813 5207 2162 5266 peccatorum

595 5284 808 5352 abiecto
833 5283 1103 5354 pondere,
1131 5291 1294 5358 atque
1325 5295 1551 5358 peccato
1599 5289 1993 5344 circumstante
2035 5290 2163 5344 reli-

594 5384 705 5439 cto,
737 5391 834 5444 per
867 5379 1217 5435 tolerantiam
1255 5385 1309 5435 et
1343 5380 1826 5451 aequanimitatem,
1871 5395 2162 5436 curramus

595 5463 652 5521 in
677 5467 898 5524 virtutis
925 5472 1240 5528 certamine.
1263 5473 1641 5528 Circumstans
1664 5483 1846 5531 autem
1878 5483 2163 5546 peccatum

2267 5121 2366 5192 τὴν
2407 5117 2703 5190 πρεσϐείαν
2738 5115 2843 5169 τῶν
2878 5113 3054 5184 εὐχῶν
3091 5111 3290 5174 αὐτῶν.
3337 5110 3710 5184 μιμησώμεθα
3750 5111 3845 5166 καὶ

2270 5211 2429 5281 ἡμεῖς
2456 5208 2678 5262 ἐκείνων
2707 5206 2805 5272 τὰς
2838 5206 3057 5278 ἀρετὰς,
3089 5203 3184 5258 καὶ
3209 5203 3299 5257 τὸν
3326 5204 3492 5272 ὄγκον
3523 5205 3635 5258 τῶν
3661 5207 3844 5276 ἀμαρ-

2269 5300 2528 5372 τημάτων
2561 5300 2776 5354 ἅπαντα
2801 5297 3222 5370 ἀπορρίψαντες,
3257 5297 3352 5350 καὶ
3377 5294 3476 5367 τὴν
3517 5296 3848 5368 εὐπερίστα-

2269 5407 2360 5444 τον
2395 5391 2667 5462 ἁμαρτίαν
2713 5390 3134 5455 καταλιπόντες,
3176 5388 3242 5442 δι⁹
3289 5389 3572 5460 ὑπομονῆς
3617 5387 3713 5444 καὶ
3739 5403 3846 5460 μαι

2271 5480 2572 5552 προθυμίας
2601 5482 2882 5554 τρέχωμεν
2907 5481 2997 5538 τὸν
3029 5479 3216 5549 ἀγῶνα
3241 5479 3340 5550 τῆς
3363 5479 3590 5550 ἀρετῆς.
3611 5479 3848 5552 Εὐπερί-

663 5625 684 5655 ⁸
723 5621 866 5680 Hebr
917 5642 1008 5690 ιι,
1039 5627 1129 5682 33.
1209 5628 1232 5662 ³
1267 5628 1396 5684 ibid.
1432 5629 1619 5684 53-57.
1700 5632 1723 5664 ⁵
1763 5631 1895 5688 ibid.
1937 5631 2028 5688 40.
2072 5633 2094 5664 ⁵
2133 5631 2176 5686 ll

2285 5678 2298 5690 .
2343 5652 2444 5701 xu,
2489 5637 2543 5694 1.
2621 5637 2642 5668 ⁸
2683 5637 2818 5693 ibid.

665 5733 1057 5821 (ἒξξγῌεροὶξυξ,
1083 5740 1174 5821 qui
1204 5739 1503 5821 decollatiig
1532 5743 1633 5800 fuit
1659 5761 1765 5800 non
1801 5745 1966 5800 frater
2004 5743 2234 5814 Domini,
2272 5749 2366 5805 sed
2399 5748 2564 5806 frater
2588 5749 2818 5808 Joannis
2851 5760 2987 5807 erat.
3019 5749 3153 5808 Vide
3199 5749 3516 5821 Chrvsost.,
3549 5749 3741 5808 homil.
3766 5747 3845 5810 97

593 5806 650 5862 in
691 5805 858 5873 Epist.
899 5807 967 5859 ad
1009 5805 1278 5875 Hebraeos,
1315 5827 1366 5880 p.
1395 5813 1520 5868 567.
