4050 6396
274 367 383 426 .773

1566 372 1729 439 QUE
1738 371 2027 429 STIONES
2062 371 2270 431 ΑιιΑς.

3406 378 3509 436 τη

277 499 473 537 στατον
508 481 567 536 δὲ
591 477 710 535 εἶπε
748 481 848 554 τὴν
880 482 1173 554 ἁμαρτίαν,
1196 482 1382 558 ἐπειδὴ
1412 485 1636 558 μόνιμον
1657 488 1840 542 στάσιν

1946 490 2102 556 dixit,
2132 505 2200 544 eo
2230 489 2376 560 quod
2406 505 2517 545 non
2546 490 2744 547 habeat
2789 491 3024 562 aliquem
3070 500 3279 548 certum
3324 492 3507 550 locum

272 577 370 629 οὐκ
395 573 534 645 ἔχει,
565 572 698 627 ἀλλὰ
720 573 930 644 ταχέως
953 574 1212 645 τρέπεται
1234 577 1328 630 καὶ
1352 577 1695 633 καταλύεται.
1727 580 1839 634 Καὶ

273 666 379 739 γὰρ
412 667 446 737 ή
493 665 737 736 ἁμαρτία
784 663 939 735 ῥίζαν
985 664 1085 717 οὐκ
1112 665 1256 736 ἔχει,
1284 666 1398 719 ἀλλ’
1439 667 1559 720 οὐδὲ
1603 668 1836 739 καρπόν.

284 757 631 827 ’Δφανίζετατ
673 756 731 810 δὲ
759 757 970 827 ταχέως
1006 758 1100 810 καὶ
1134 757 1458 812 καταλύεται
1491 757 1596 811 ὑπὸ
1636 758 1727 811 τοῦ
1762 756 1839 823 ξί-

275 869 404 923 φους
421 853 523 923 τῆς
541 850 826 922 μετανοίας
853 849 974 919 (5“)
996 850 1324 921 κοπτομένη.
1358 850 1534 921 Ἀξίνη
1557 851 1665 922 γάρ
1690 852 1837 904 ἐστιν

273 947 303 1015 ἡ
364 943 639 1015 μετάνοια,
689 942 1053 995 ἐκκόπτουσα
1075 943 1184 994 πᾶν
1223 942 1413 995 κακόν.
1462 944 1734 996 Μετάνοια
1779 943 1837 996 δέ

273 1039 415 1091 ἐστιν
443 1039 543 1109 οὐχ
575 1039 609 1108 ἡ
645 1036 754 1092 τῶν
788 1037 1029 1106 γονάτων
1060 1037 1268 1110 κλίσις,
1305 1035 1419 1090 ἀλλ’
1448 1039 1481 1108 ἠ
1523 1036 1700 1108 ἀποχὴ
1744 1035 1836 1090 τοῦ

271 1126 461 1194 κακοῦ,
499 1128 681 1182 καὶτὸ
726 1131 929 1194 πονεῖν,
970 1130 1063 1183 καὶ
1096 1128 1311 1200 θρηνεῖν
1354 1128 1446 1181 καὶ
1483 1127 1696 1181 δέεσθαι
1740 1127 1833 1181 τοῦ

270 1220 398 1275 Θεοῦ
448 1221 588 1292 ὑπὲρ
614 1221 715 1292 τῆς
753 1220 861 1274 τῶν
895 1220 1398 1292 προημαρτηκότων
1433 1219 1701 1289 ἀφέσεως.
1736 1220 1835 1275 Διά

270 1314 375 1385 γὰρ
422 1312 581 1366 τοῦτο
635 1313 850 1381 λέγεται
904 1312 1179 1383 μετάνοια,
1237 1312 1319 1365 ὅτι
1372 1311 1691 1383 μετατίθησι
1742 1311 1832 1365 τὸν

268 1408 384 1463 νοῦν
408 1407 517 1462 ἀπὸ
543 1406 636 1461 τοῦ
670 1403 842 1462 κακοῦ
881 1406 1017 1477 πρὸς
1040 1404 1102 1457 τὸ
1132 1404 1353 1475 ἀγαθόν.

1943 584 2035 639 ubi
2070 587 2358 650 consistat,
2389 585 2486 641 sed
2523 586 2631 642 cito
2668 595 2911 644 vertatur
2953 592 3117 657 atque
3146 587 3503 644 dissolvatur.

1942 674 2229 732 Peccatum
2270 678 2417 733 enim
2461 679 2702 735 radicem
2733 695 2843 735 non
2872 680 3057 746 habet,
3091 695 3193 735 nec
3221 681 3381 736 etiam
3408 682 3507 736 lia-

1943 767 2033 823 bet
2075 767 2335 823 fructum.
2366 768 2655 825 Evanescit
2682 786 2814 827 vero
2856 772 3060 837 statim,
3084 779 3138 828 et
3172 772 3423 839 solvitur,
3457 774 3505 829 si

1941 857 2121 929 gladio
2172 859 2506 928 pmnitentiae
2553 862 2924 917 exscindatur.
2980 861 3114 918 Nam
3161 866 3372 919 securis
3420 872 3506 920 est

1939 950 2284 1019 pmnitentia,
2333 952 2661 1007 exscindens
2708 968 2868 1008 omne
2919 954 3146 1011 malum.
3182 953 3280 1010 Est
3319 963 3499 1010 autem

1937 1043 2257 1113 pmnitentia
2292 1058 2399 1099 non
2432 1044 2756 1114 genuﬂexio,
2789 1046 2883 1102 sed
2913 1046 3244 1101 abstinentia
3277 1062 3309 1101 a
3331 1047 3497 1102 malo.

1934 1131 2066 1187 ltem
2099 1134 2332 1197 labores,
2366 1136 2616 1207 lacrymze
2643 1144 2697 1193 et
2728 1153 2918 1209 preces
2946 1140 3014 1194 ad
3036 1139 3202 1195 Deum
3235 1153 3333 1209 pro
3360 1153 3502 1209 prae-

1935 1224 2217 1280 teritorum
2256 1235 2605 1297 peccatorum
2637 1230 2977 1286 remissione.
3004 1229 3139 1284 Nam
3173 1230 3294 1285 ideo
3326 1230 3500 1301 pmni—

1923 1316 2112 1371 tentia
2164 1317 2385 1384 dicitur,
2445 1320 2591 1390 quod
2635 1328 2872 1377 mentem
2915 1334 2952 1378 a
2995 1321 3138 1377 malo
3180 1321 3249 1376 ad
3292 1322 3498 1377 bonum

1939 1408 2253 1465 transferat.

1274 1682 1340 1738 IN
1381 1680 1585 1737 ALIAS
1621 1681 2084 1750 QUESTIONES
2122 1683 2462 1741 MONITUM.

332 1833 398 1889 In
427 1818 587 1888 hasce
617 1831 941 1900 Quaestiones
979 1831 1090 1886 hwc
1146 1831 1301 1887 habet
1341 1831 1725 1888 Felckmannus
1764 1833 1818 1887 in
1872 1833 2031 1887 variis
2076 1831 2381 1886 lectionibus
2412 1831 2862 1899 Commelinianis,
2897 1845 2951 1900 p.
2980 1830 3093 1886 90:
3125 1828 3239 1895 Hae,
3275 1829 3402 1899 quia
3435 1829 3494 1884 in

267 1927 447 1984 codice
496 1944 559 1985 ll.
606 1942 714 1996 quo
761 1926 816 1980 in
860 1932 992 1979 tom.
1051 1925 1073 1979 Ι
1118 1926 1201 1980 usi
1243 1941 1471 1991 sumus,
1549 1927 1707 1996 plane
1777 1925 2058 1996 (Symbolo
2110 1924 2358 1995 excepto)
2415 1926 2485 1979 ad
2551 1924 2713 1981 linem
2776 1937 3001 1994 operum
3089 1922 3153 1977 D.
3209 1921 3494 1977 Athanasii

266 2017 494 2079 inventae
523 2030 677 2087 sunt,
710 2019 836 2075 ideo
869 2019 958 2074 hic
1000 2026 1129 2074 sunt
1160 2019 1391 2090 positae;
1429 2019 1554 2073 licet
1595 2027 1648 2074 et
1693 2020 1910 2075 nomine
1940 2018 2177 2073 auctoris
2205 2026 2259 2073 et
2285 2018 2443 2072 titulo
2485 2026 2749 2092 carerent.
2788 2014 2944 2081 Quod
2985 2014 3032 2070 si
3068 2013 3314 2068 divinare
3343 2012 3493 2079 licet,

264 2116 492 2186 putarim
536 2130 640 2184 ego
690 2128 876 2168 earum
914 2123 1189 2169 auctorem
1233 2112 1436 2168 vixisse
1461 2097 1601 2183 °post
1641 2120 1830 2167 exorta
1867 2113 2167 2168 certamina
2209 2112 2352 2166 inter
2394 2111 2641 2165 Latinam
2690 2118 2744 2165 et
2784 2111 3024 2164 Graecam
3059 2106 3384 2170 Ecclesiam,
3430 2112 3493 2159 ut

266 2217 402 2276 patet
452 2222 521 2262 ex
575 2206 771 2277 pagina
812 2205 937 2269 555,
976 2221 1027 2259 a.
1087 2202 1187 2258 Ubi
1226 2214 1369 2259 errat
1413 2203 1819 2270 Felckmannus,
1866 2206 2018 2258 homo
2068 2205 2206 2258 alias
2253 2204 2700 2267 accuratissimus,
2734 2217 2851 2255 cum
2881 2202 2954 2254 ait
3001 2200 3067 2253 ad
3104 2199 3350 2269 paginam
3387 2197 3495 2252 555

266 2300 690 2356 Commeliniame
746 2296 1012 2364 editionis,
1055 2297 1255 2367 aliquid
1299 2298 1766 2352 controversiarum
1806 2312 2054 2365 apparere
2088 2294 2294 2350 ercos
2328 2298 2463 2350 inter
2493 2300 2541 2350 et
2569 2294 2810 2349 Latinos.
2852 2292 3005 2347 Nihil
3040 2294 3176 2348 enim
3211 2292 3284 2346 ibi
3315 2298 3490 2345 exstat

261 2395 512 2466 ejusmodi
544 2411 564 2455 ;
605 2412 697 2449 nec
722 2395 914 2464 pagina
941 2393 1046 2448 555
1075 2395 1142 2447 ad
1171 2393 1325 2448 hasce
1354 2394 1680 2460 Qutestiones
1698 2394 1938 2463 pertinet,
1968 2393 2056 2446 sed
2093 2391 2160 2446 ad
2189 2390 2557 2461 pra-cedentes.
2592 2390 2730 2444 Puto
2761 2389 3017 2442 adnotare
3048 2385 3273 2442 voluisse
3301 2382 3491 2438 Felck-

263 2504 509 2542 manuum
531 2503 649 2557 qua:
674 2485 737 2540 de
766 2484 991 2539 Francis
1024 2484 1292 2547 dicuntur,
1325 2501 1427 2539 non
1459 2486 1514 2539 in
1545 2483 1681 2537 hisce
1713 2482 2121 2551 Quwstionibus,
2156 2483 2245 2537 sed
2270 2483 2323 2536 in
2351 2482 2664 2552 prwcedeuti
2693 2489 2879 2544 quwst.
2908 2480 2994 2534 76.
3026 2478 3302 2534 Habentur
3330 2492 3487 2544 porro

262 2581 336 2636 hie
375 2581 706 2649 Quazstiones
742 2579 797 2632 in
830 2577 1031 2632 duobus
1055 2577 1322 2631 codicibus
1353 2577 1529 2647 regiis,
1565 2576 1815 2629 nimirum
1852 2575 1906 2627 in
1939 2573 2100 2636 2558,
2137 2573 2227 2627 ubi
2283 2583 2649 2643 consequenter
2690 2580 2955 2641 ponuntur
3004 2579 3121 2639 post
3143 2568 3489 2640 ,Qua’stiones

263 2674 326 2728 ad
354 2673 693 2738 Antiochum,
715 2680 766 2726 et
788 2671 1010 2725 multum
1032 2672 1237 2726 variant
1266 2671 1330 2724 ab
1367 2668 1542 2735 editis,
1572 2677 1621 2723 et
1648 2669 1703 2722 in
1727 2665 1888 2722 ειδο.
1919 2664 2177 2720 Caeterum
2208 2682 2357 2721 nemo
2386 2667 2484 2720 erit
2512 2665 2602 2737 qui
2627 2662 2977 2719 Athanasium
3009 2673 3280 2718 tantarum
3320 2676 3488 2732 nuga-

261 2782 370 2821 rum
397 2777 605 2836 patrem
632 2780 746 2820 esse
774 2765 1090 2834 suspicetur.

265 3063 393 3115 ἸὉΥ
438 3064 543 3117 ΕΝ
613 3064 864 3118 ΑΓΙΟΙΣ
924 3065 1214 3117 ΠΑΤΡΟΣ
1276 3064 1488 3118 ΗΜΩΝ
1548 3063 1818 3116 ΑΘΑΝΑ-

1930 3056 2192 3114 SANCTI
2231 3022 2241 3033 ’
2282 3053 2548 3111 PATRIS
2614 3050 2893 3109 NOSTRI
2997 3048 3422 3106 ΑΤΗΑΝΑειι

321 3157 484 3209 ΣΙΟΥ
570 3157 1170 3210 ΔΡΧΙΕΠΙΣΚΟΠΟΥ
1240 3154 1788 3210 ΑΛΕΞΑΝΔΡΕΙΑΣ

2015 3145 2591 3205 ARCHIEPISCOP]
2614 3143 3151 3210 ALEXANDRIE,
3219 3141 3430 3212 QUaE-

321 3249 567 3304 ΕῚΕΡΑΙ
607 3250 817 3303 ΤΙΝΕΣ
871 3251 1292 3304 ΕΡΩΤΗΣΕΙΣ.

1994 3240 2315 3298 STIONES
2339 3239 2562 3294 ΑιΙΑῖ.

1993 3509 2244 3576 ροεδτιο
2274 3510 2317 3561 l.
2349 3505 2490 3573 Quid
2517 3511 2600 3562 est
2624 3489 2807 3561 Deus?

330 3628 666 3698 Ἀπόκρισις.
719 3627 850 3692 Θεός
894 3629 1040 3682 ἐστιν
1073 3628 1232 3683 οὐσία
1283 3627 1464 3702 νοερὰ,
1512 3628 1820 3701 ἀθεώρητός

1990 3622 2309 3677 Βεειιοκειο.
2357 3619 2500 3674 Deus
2548 3627 2631 3673 est
2679 3616 2920 3672 essentia
2978 3614 3310 3681 intelligens,
3363 3627 3488 3683 quas

255 3734 310 3771 τε
368 3720 460 3772 καὶ
515 3719 937 3789 ἀνερμήνευτος.
994 3720 1126 3784 Θεός
1173 3722 1287 3773 ἐστι
1352 3719 1569 3791 πνεῦμα
1622 3720 1818 3784 eam,

1930 3732 2021 3772 nec
2080 3715 2181 3771 sub
2227 3722 2503 3783 aspectum
2537 3710 2699 3775 cadit,
2735 3723 2836 3763 nec
2880 3707 3061 3761 verbis
3095 3704 3353 3775 explicari
3385 3719 3484 3775 po-

255 3808 520 3881 ὀφθαλμὸς
550 3811 879 3880 ἀκοίμητος,
920 3811 1014 3864 καὶ
1048 3810 1171 3876 νοῦς
1198 3812 1470 3882 ἀκίνητος.
1505 3811 1637 3875 Θεός
1674 3813 1819 3865 ἐστιν

1930 3817 2048 3864 lcst.
2080 3806 2226 3863 Deus
2258 3812 2342 3861 est
2376 3800 2611 3874 Spiritus
2640 3814 2833 3857 carens
2865 3801 3113 3861 materia,
3146 3795 3341 3851 oculus
3371 3809 3483 3850 non

254 3902 402 3955 οὐσία
444 3900 814 3974 δημιουργικὴ
862 3902 1078 3957 πάντων
1120 3902 1228 3959 τῶν
1269 3902 1517 3976 ἀοράτων
1562 3902 1656 3955 καὶ
1690 3904 1821 3975 ὀρω-

1930 3899 2238 3963 dormiens,
2303 3902 2460 3952 mens
2521 3892 2838 3949 immobilis.
2901 3888 3046 3945 Deus
3099 3894 3185 3944 est
3241 3885 3484 3943 essentia

258 3992 427 4062 μένων
453 3993 794 4063 κτισμάτων.

1930 3982 2154 4043 ereatrix
2187 3984 2430 4041 omnium
2461 3980 2816 4038 invisibilium
2842 3985 2896 4034 et
2921 3977 3221 4034 visibilium
3266 3983 3486 4032 creatu-

1920 4095 2129 4136 rarum.

1990 4195 2209 4264 Quas'r.
2239 4195 2308 4249 ll.
2341 4191 2503 4258 Deus,
2534 4204 2705 4261 quare
2734 4186 2934 4244 dicitur
2959 4184 3149 4242 Deus?

1986 4307 2151 4373 misr,
2201 4305 2346 4362 Deus
2400 4305 2622 4367 dicitur,
2676 4299 2824 4372 quod
2876 4300 3061 4357 omnia
3104 4297 3306 4353 videat.
3365 4295 3484 4354 Vox

1917 4399 2062 4455 enim
2094 4412 2160 4453 ea
2189 4395 2393 4451 Gmcis
2414 4404 2497 4450 est
2524 4389 2829 4455 avidendo,
2863 4389 3022 4461 quasi
3054 4387 3208 4442 dicas
3236 4392 3485 4441 contem-

1918 4490 2180 4560 platorem
2206 4487 2471 4542 omnium.

335 3511 638 3585 Ἐρώτησις
666 3518 735 3566 α’.
755 3513 819 3566 Τί
841 3514 956 3567 ἐστι
978 3513 1142 3579 Θεός;

323 4188 518 4261 Ἑρώτ.
550 4188 620 4260 β’.
648 4188 761 4243 Kal.
784 4189 873 4245 διὰ
898 4189 952 4243 τί
983 4188 1199 4259 λέγεται
1226 4189 1378 4256 Θεος,
1418 4192 1447 4244 ὁ
1476 4189 1641 4258 Θεός;

328 4302 517 4358 ’Δπόκ.
550 4302 687 4367 Θεὸς
718 4302 934 4373 λέγεται
974 4302 1083 4358 ἀπὸ
1128 4302 1219 4357 τοῦ
1256 4303 1476 4377 θεωρεῖν
1513 4302 1583 4357 τὰ
1615 4303 1813 4372 πάντα,

249 4395 403 4449 οίονεὶ
427 4394 654 4466 θεωρὸς,
679 4397 776 4449 καὶ
799 4396 950 4463 Θεὸς,
980 4397 1147 4469 ἦγουν
1174 4396 1370 4470 θεατὴς
1403 4398 1619 4453 πάντων
1649 4397 1742 4471 (6).

313 4593 422 4648 Καὶ
451 4592 615 4651 πάλιν
640 4592 772 4657 Θεὸς
811 4593 1030 4663 λέγεται
1056 4592 1280 4661 ἀπὸτοῦ
1309 4568 1454 4650 θέειν
1485 4596 1577 4650 καὶ
1599 4596 1814 4669 τρέχειν

248 4686 446 4758 ventris;
484 4687 733 4759 ἀχρόνως
754 4687 825 4741 τὰ
860 4686 1057 4741 πάντα.
1102 4688 1160 4742 '0
1190 4686 1299 4760 γὰρ
1329 4688 1459 4752 Θεὸς
1497 4689 1584 4742 ἀεὶ
1607 4706 1816 4743 πανταο

250 4781 340 4851 χοῦ
373 4782 661 4853 πάρεστιν.

324 4892 511 4965 Ἐρώτ.
538 4900 608 4962 γ’.
636 4891 748 4945 Kal.
774 4892 928 4945 πόσοι
972 4890 1082 4945 θεοί
1107 4893 1278 4958 είσιν;

322 5010 508 5063 ’Δπόκ.
544 5002 642 5070 Εἷς
680 5006 811 5069 Oak
841 5005 949 5061 τῶν
986 5006 1144 5070 θεῶν,
1174 5007 1279 5060 ’καὶ
1318 5006 1520 5077 Κύριος
1554 5004 1664 5059 τῶν
1710 5021 1809 5059 κυ-

250 5101 545 5167 ριευόντων,
587 5100 684 5152 καὶ
724 5098 860 5169 πλὴν
896 5098 1059 5151 αὑτοῦ
1089 5100 1189 5152 οὐκ
1219 5097 1364 5153 ἔστιν
1391 5098 1567 5161 ἄλλος.
1607 5097 1807 5166 Λέγον-

252 5205 327 5243 ται
375 5194 430 5246 δὲ
462 5192 577 5246 θεοὶ⁸
623 5192 721 5245 καὶ
755 5192 803 5244 oi
849 5191 1123 5262 ἄνθρωποι
1174 5190 1314 5244 κατὰ
1353 5190 1547 5261 χάριν
1587 5188 1661 5252 ὡς
1709 5189 1801 5242 τόο

1981 4602 2220 4673 Rursum
2258 4599 2403 4656 Deus
2457 4599 2680 4661 dicitur,
2737 4593 2886 4667 quod
2924 4590 3335 4662 intelligibiliter
3363 4589 3485 4646 sine

1917 4702 2160 4763 tempore
2212 4700 2399 4746 currat
2452 4698 2507 4745 et
2557 4687 2820 4757 pervadat
2885 4684 3106 4753 omnia“
3140 4682 3283 4736 Deus
3332 4681 3481 4735 enim

1916 4798 2131 4853 semper
2158 4782 2358 4851 ubique
2387 4793 2628 4851 praesens
2655 4785 2758 4830 est.

1980 4894 2198 4962 Quss'r.
2237 4891 2324 4947 Ill.
2353 4890 2496 4957 Quot
2530 4896 2657 4945 sunt
2689 4886 2809 4942 dii?

1984 5006 2148 5063 Resp.
2186 5004 2339 5059 Unus
2366 5013 2449 5072 est
2481 5002 2621 5057 Deus
2652 5002 2898 5063 deorum,
2931 5003 2984 5052 et
3011 4990 3479 5075 Dominusdomi-

1915 5100 2181 5161 nantium,
2206 5103 2260 5150 et
2289 5102 2486 5165 praeter
2505 5093 2653 5146 illum
2682 5108 2791 5146 non
2814 5099 2898 5145 est
2925 5087 3061 5143 deus
3083 5087 3242 5139 alius.
3272 5082 3478 5136 Dicun-

1913 5196 2002 5240 tur
2032 5194 2085 5240 et
2119 5183 2367 5237 homines
2410 5182 2510 5246 dii,
2552 5181 2647 5236 sed
2682 5196 2745 5235 ex
2782 5179 2953 5250 gratia
2987 5196 3000 5232 :
3036 5182 3117 5243 ut,
3156 5194 3174 5227 ι
3208 5172 3319 5245 Ego
3340 5173 3475 5240 dixi,

238 5296 269 5347 ,ι
316 5279 451 5349 Ἐγὼ
476 5276 632 5342 εἶπα,
656 5279 782 5332 Θεοί
804 5280 948 5345 ἐστε,
983 5279 1078 5332 καὶ
1101 5281 1205 5332 υίοὶ
1231 5279 1483 5350 Ὑψίστου
1515 5279 1734 5344 πάντες.
1777 5299 1796 5331 ι

1930 5278 1990 5332 )ἰί
2019 5276 2237 5344 estis,et
2259 5273 2354 5329 ﬁlii
2387 5272 2652 5329 Altissimi
2685 5286 2897 5326 omnes.
2919 5270 2940 5301 τ
2961 5289 2979 5321 ι

309 5463 327 5494 ⁷
364 5463 505 5518 Psal.
547 5479 751 5527 um,
787 5461 840 5518 6.

309 5618 423 5691 (5")
461 5620 539 5677 De
570 5617 833 5701 μετανοίᾳ
861 5616 1102 5672 diximus
1120 5616 1190 5708 'in
1219 5614 1442 5688 Typico.
1482 5612 1720 5668 Anatect.
1752 5612 1918 5670 Gneo.
1953 5628 2075 5686 pag.
2105 5612 2211 5668 209
2237 5619 2292 5669 et
2317 5611 2373 5666 in
2405 5607 2767 5665 Onomastico.

309 5799 383 5870 (6)
419 5801 494 5857 lta
523 5801 639 5875 Reg
689 5799 747 5854 ln
776 5798 939 5855 editis
969 5811 1118 5864 vero,
1146 5806 1267 5868 post
1294 5798 1531 5865 πάντων,
1563 5794 1761 5866 legitur
1786 5794 1979 5857 ἄλλως.
