4050 6396
545 383 654 441 ’175

547 597 659 652 lum
703 609 871 650 unum
919 592 1083 646 Deum
1114 588 1459 661 proﬁtemur,
1492 587 1673 642 tribus
1721 586 2115 656 bypostasibus

549 695 910 747 constantem,
933 699 1056 739 esse
1086 682 1324 746 Patrem,
1357 679 1555 735 Filium
1602 689 1657 734 et
1693 676 1957 748 Spiritum
1988 692 2107 731 san-

550 778 735 835 ctum?
763 775 901 830 Ecce
935 775 1080 829 enim
1112 783 1223 828 tres
1249 770 1571 841 proﬁtemur
1599 776 1652 823 ct
1687 783 1796 822 non
1828 782 2017 821 unum.
2047 767 2116 819 At

550 880 607 925 tu
632 870 766 924 doce
792 882 912 927 nos.
949 865 1222 936 quomodo
1260 880 1403 919 unus
1448 866 1519 918 sit
1551 862 1715 924 Deus,
1747 868 1802 915 cl.
1840 859 2116 930 quomodo

550 960 794 1016 vicissim
823 966 937 1012 tres
961 970 1226 1026 personas
1255 954 1321 1009 de
1357 952 1469 1009 Deo
1497 953 1866 1008 enuntiemus.
1904 948 2115 1003 Permi-

549 1066 673 1104 rum
707 1050 810 1104 hoc
852 1049 1011 1102 nobis
1041 1045 1277 1111 videtur,
1324 1060 1448 1101 esse
1487 1059 1656 1098 linum
1704 1043 1870 1099 Deum
1904 1049 1957 1097 et
2004 1048 2118 1096 tres

547 1143 669 1212 ejus
698 1155 987 1212 personas.

614 1233 778 1288 Rssr.
820 1232 1115 1302 Diligenter
1167 1230 1410 1285 animum
1454 1228 1694 1291 adverte,
1742 1234 1797 1282 et
1845 1225 2118 1295 intelliges

548 1340 720 1380 εδει-ιε
764 1323 1053 1377 Trinitatis
1099 1322 1445 1393 mysterium,
1492 1327 1763 1389 quatenus
1812 1332 1967 1372 mens
2012 1316 2117 1370 bu-

547 1431 706 1473 mana
738 1430 901 1470 nosse
928 1421 1122 1484 potest.
1158 1412 1275 1467 Nisi
1299 1410 1466 1482 quod,
1503 1417 1563 1463 ut
1594 1409 1728 1462 mihi
1753 1408 1988 1468 videtur,
2012 1406 2118 1460 hoc

548 1507 769 1569 dicitur,
804 1503 985 1575 quoad
1017 1519 1113 1574 per
1152 1503 1262 1555 vim
1306 1502 1600 1556 verborum
1643 1498 1756 1551 ﬁeri
1788 1498 1937 1551 licet.
1976 1496 2117 1551 Deus

547 1599 695 1654 enim
718 1595 980 1666 explicari
1013 1593 1222 1664 nequit,
1256 1609 1321 1649 ac
1364 1601 1651 1663 propterea
1682 1604 1788 1644 non
1827 1603 2119 1659 possumus

550 1685 1014 1757 comprehendere
1063 1693 1314 1738 naturam
1354 1683 1515 1750 ejus:
1543 1694 1719 1751 neque
1755 1677 1928 1732 nostri
1968 1675 2119 1732 simi-

550 1777 620 1835 lis
653 1786 737 1833 est
773 1791 883 1830 una
937 1775 1052 1831 sola
1099 1780 1362 1827 constans
1404 1787 1658 1842 persona.
1690 1767 1846 1836 Quod
1893 1767 1940 1822 si
1972 1772 2119 1822 esset

1665 379 1724 434 S.
1766 374 2228 432 ATHANASIUS.
2260 405 2329 417 —
2361 373 2661 430 SPURIA.-

616 500 1015 574 281001351.
1049 496 1140 553 ιγ.
1180 497 1252 551 At
1304 495 1353 552 si
1398 503 1483 551 est
1512 509 1681 558 unus,
1722 492 1999 563 quomodo
2046 492 2114 546 il-
2145 504 2189 558 Α

3688 366 3785 421 776

2299 491 2488 563 Ἐρώτ.
2523 492 2586 545 δ’.
2615 490 2726 544 Kal
2754 492 2830 554 ὡς
2856 491 2936 546 ἔνι
2969 488 3070 555 εἷς,
3094 488 3214 552 πῶς
3242 487 3475 558 λέγομεν
3504 485 3669 539 αὐτὸν
3698 493 3785 538 τὸν

2223 584 2320 637 ἕνα
2362 582 2495 636 Θεὸν
2542 581 3005 654 τρισυπόστατον,
3044 580 3299 652 Πατέρα,
3351 578 3446 632 ml
3490 577 3638 636 Υίὸν,
3698 576 3788 629 καὶ

2221 674 2376 742 ἅγιον
2422 674 2678 746 Πνεῦμα;
2731 675 2862 728 Ἰδοὺ
2912 673 3022 745 γὰρ
3065 675 3213 744 τρεῖς
3245 671 3497 740 λέγομεν,
3550 669 3646 722 καὶ
3695 667 3788 737 οὐχ

2220 766 2336 821 ἕνα.
2384 765 2542 819 Ἀλλὰ
2589 765 2797 831 δίδαξον
2845 767 2975 835 ἡμῖν
3023 763 3140 827 πῶς
3181 764 3326 816 ἐστιν
3369 755 3452 824 εἷς
3483 759 3675 827 Θεόςχ
3699 759 3786 814 ml

2222 858 2339 920 πῶς
2371 858 2532 912 πάλιν
2573 858 2700 929 τρία
2730 856 2999 929 πρόσωπα
3031 856 3159 928 περὶ
3197 854 3331 908 Θεοῦ
3363 854 3615 923 λέγομεν.
3651 852 3788 906 Θαυ-

2225 948 2582 1019 μαστὸν.ἡμῖν
2619 949 2762 1002 δοκεί
2792 947 2971 1013 τοῦτο,
2996 949 3143 1011 ὅπως
3177 946 3271 1001 ml
3297 943 3376 1009 εἷς
3406 947 3553 1000 ἐστιν
3580 947 3610 999 6
3638 945 3786 1011 Θεὸς,

2222 1040 2316 1093 καὶ
2346 1038 2471 1109 τρία
2501 1040 2568 1093 τὰ
2597 1038 2864 1111 πρόσωπα
2893 1038 3079 1093 αὐτοῦ.

2304 1216 2490 1269 Ἀπόκ.
2526 1216 2724 1269 "Amos
2756 1214 3011 1282 συνετῶς,
3053 1216 3147 1269 ml
3175 1216 3386 1287 νοήσεις
3413 1216 3475 1268 τὸ
3502 1214 3604 1284 τῆς
3635 1215 3791 1283 ἁγίας

2224 1304 2449 1377 Τριάδος
2485 1307 2810 1378 μυστήριον,
2847 1305 3028 1369 καθὼς
3075 1303 3296 1359 δύναται
3338 1304 3460 1367 νοῦς
3493 1304 3789 1375 ἀνθρώπων

2222 1398 2431 1468 νοῆσαι.
2475 1398 2562 1461 Ὠς
2594 1398 2716 1468 ἐμοὶ
2750 1396 2887 1468 πλὴν
2913 1397 3079 1462 δοκεῖ,
3110 1396 3245 1468 πρὸς
3270 1396 3369 1467 τὴν
3393 1396 3534 1449 ma
3566 1396 3789 1466 δύναμιν

2186 1532 2191 1537 .
2221 1493 2353 1561 ἡμῖν
2385 1491 2491 1543 τῶν
2519 1490 2715 1555 λέξεων
2756 1490 2974 1559 λέγεται
3017 1490 3193 1543 τοῦτο.
3240 1489 3296 1541 ’0
3330 1490 3437 1559 γὰρ
3468 1488 3601 1550 Θεὸς
3634 1488 3788 1559 ἀνερ-

2226 1584 2298 1654 μὴ
2310 1582 2482 1645 νευτός
2504 1584 2640 1647 ἐστι,
2666 1582 2759 1634 καὶ
2782 1582 2868 1635 διὰ
2900 1582 3057 1635 τοῦτο
3080 1583 3141 1634 οὐ
3165 1579 3439 1650 δυνάμεθα
3468 1579 3789 1633 καταλαϐεῖν

2222 1672 2387 1728 αὑτοῦ
2408 1673 2505 1743 τὴν
2532 1670 2691 1741 φύσιν
2715 1689 2728 1703 ·
2760 1670 2880 1726 οὐδὲ
2913 1672 3094 1742 ὅμοιος
3120 1668 3274 1740 ἡμῶν
3298 1671 3414 1721 ἐστι
3447 1668 3789 1739 μονοπρόσω-

2224 1779 2343 1826 πος.
2387 1763 2450 1815 El
2483 1762 2591 1834 γὰρ
2623 1758 2691 1833 ἦν
2725 1761 3162 1835 μονοπρόσωπος,
3194 1757 3559 1829 ὲγινώσκομεν
3598 1760 3664 1831 ἂν
3696 1759 3790 1812 αὺ-

550 1883 656 1924 una
686 1881 942 1937 persona,
996 1878 1455 1935 cognosceremus
1493 1877 1638 1922 eum.
1682 1860 1761 1914 uti
1799 1873 1899 1914 nos
1933 1864 2119 1911 mutuo

2223 1854 2327 1918 τὸν,
2352 1853 2428 1916 ὡς
2461 1851 2829 1923 ὲγινώσκομεν
2860 1852 3120 1919 ἀλλήλους
3149 1854 3181 1922 ἡ
3192 1853 3319 1921 μᾶς.
3364 1851 3501 1904 Ἀλλ’
3528 1851 3675 1905 ἔστιν
3709 1846 3788 1915 εἷς

550 1961 822 2014 novimus.
872 1956 978 2012 Sed
1018 1965 1102 2012 est
1139 1972 1283 2011 unus
1316 1954 1536 2024 quidem
1571 1952 1733 2016 Deus,
1769 1959 1884 2005 tres
1941 1959 2119 2003 autem

551 2055 674 2126 ejus
730 2061 858 2108 sunt
892 2065 1164 2123 personae.
1216 2048 1283 2102 Et
1312 2049 1434 2104 vide
1492 2063 1640 2103 nunc
1684 2062 1805 2117 quae
1842 2045 2116 2099 dicantur.

552 2142 1023 2214 Quemadmodum
1061 2142 1141 2197 sol
1172 2148 1257 2195 est
1285 2156 1427 2195 unus
1469 2157 1481 2193 :
1519 2139 1602 2194 sol
1632 2147 1811 2192 autem
1844 2136 2007 2191 habet
2034 2151 2123 2190 ra-

551 2237 702 2293 dium
729 2244 784 2291 et
818 2236 1020 2299 lucem,
1050 2243 1105 2289 et
1147 2241 1280 2289 sunt
1316 2232 1374 2286 in
1409 2232 1523 2286 sole
1558 2239 1670 2285 tres
1710 2243 1958 2299 persona:
1988 2246 2001 2282 :
2031 2243 2121 2281 or-

551 2327 660 2392 bis,
691 2326 881 2380 radius
918 2333 973 2380 et
1002 2328 1114 2379 lux.
1148 2323 1311 2379 Orbis
1342 2323 1561 2392 quidem
1594 2328 1678 2375 est
1712 2319 2119 2390 receptaculum

554 2417 722 2472 solis:
747 2415 938 2470 radios
969 2430 1117 2479 vero,
1152 2415 1244 2484 qui
1279 2413 1561 2469 descendit
1595 2412 1831 2475 lucidus,
1862 2425 2122 2480 repercu-

554 2504 692 2557 titur
716 2501 782 2556 ad
805 2510 1009 2557 terram
1035 2521 1049 2557 :
1078 2504 1261 2557 lumen
1289 2517 1421 2558 vero
1448 2503 1593 2558 lucet
1619 2502 1783 2556 etiam
1814 2501 1869 2554 in
1895 2501 2120 2556 umbro!-

557 2596 634 2650 sis
672 2595 810 2650 locis
847 2596 965 2649 sine
1014 2595 1186 2650 radio.
1217 2594 1283 2648 Et
1325 2610 1455 2650 ecce
1500 2603 1615 2649 tres
1658 2601 1787 2648 sunt
1825 2608 2114 2661 persona:

556 2685 730 2749 orbis,
760 2685 947 2742 radius
978 2693 1032 2741 et
1061 2686 1177 2740 lux.
1205 2685 1322 2740 Non
1357 2687 1591 2741 dicimus
1617 2697 1794 2741 autem
1822 2693 1932 2740 tres
1954 2686 2117 2752 soles,

558 2779 652 2833 sed
684 2793 850 2832 unum
883 2779 1049 2834 solem
1076 2798 1090 2833 :
1115 2794 1214 2834 nec
1235 2779 1469 2835 dicimus
1496 2794 1659 2832 unam
1685 2793 1999 2848 personam,
2024 2778 2119 2833 sed

557 2877 689 2925 tres.
723 2869 778 2924 Si
799 2870 945 2924 enim
976 2872 1351 2942 interrogeris,
1382 2881 1516 2941 quot
1557 2871 1667 2926 sint
1698 2870 1840 2925 soles
1877 2870 1932 2924 in
1954 2871 2115 2938 caelo,

556 2960 807 3017 dicturus
845 2978 925 3026 es,
955 2963 1099 3033 quod
1145 2979 1287 3018 unus
1316 2964 1388 3018 sit
1430 2964 1513 3019 sol
1540 2982 1553 3018 :
1579 2965 1626 3019 si
1661 2978 1791 3018 vero
1820 2966 2120 3037 interroge-

557 3052 666 3117 ris,
696 3060 830 3123 quot
849 3055 957 3108 sint
980 3069 1223 3124 personae
1244 3054 1395 3117 solis,
1425 3054 1673 3110 dicturus
1700 3070 1781 3121 es,
1805 3056 1950 3126 quod
1974 3067 2115 3112 tres:

560 3144 734 3209 orbis,
767 3144 954 3199 radius
980 3151 1034 3198 ει
1067 3145 1159 3199 lux
1189 3164 1202 3200 :
1230 3144 1311 3200 sic
1330 3146 1494 3216 etiam
1516 3146 1694 3217 cogita
1724 3145 1790 3202 de
1819 3146 1948 3205 Deo.
1975 3148 2116 3205 Deus

561 3242 647 3288 est
684 3250 849 3297 unus,
884 3250 1131 3306 persona:
1180 3243 1358 3292 autem
1403 3238 1564 3293 unius
1610 3236 1706 3292 Dei
1752 3247 1883 3303 tres,
1919 3237 2117 3309 Patris,

561 3321 709 3387 Filii,
732 3333 786 3378 et
815 3324 1049 3394 Spiritus
1080 3326 1275 3381 sancti.
1304 3324 1368 3378 Et
1409 3342 1475 3380 ex
1514 3328 1615 3381 hoc
1656 3343 1946 3399 cognosce,
1976 3332 2122 3400 quod

562 3414 1018 3483 quemadmodum
1065 3415 1148 3469 sol
1193 3422 1410 3470 constat
1438 3416 1613 3472 tribus
1644 3421 1915 3486 personis,
1946 3420 2022 3473 ita
2068 3428 2122 3475 et

562 3520 707 3559 unus
741 3504 881 3560 Deus
912 3505 1089 3561 tribus
1127 3506 1396 3576 personis.
1431 3506 1616 3577 Typus
1658 3510 1801 3564 enim
1830 3509 2009 3566 Patris
2038 3519 2123 3567 est

561 3597 713 3652 orbis
735 3597 930 3653 solaris
957 3617 971 3652 :
998 3607 1158 3670 typus
1177 3596 1300 3653 Filii
1328 3607 1412 3655 est
1442 3599 1627 3655 radius
1651 3619 1663 3654 :
1696 3610 1855 3671 typus
1890 3601 2124 3673 Spiritus

562 3690 738 3743 sancti
784 3700 868 3744 est
902 3689 1085 3745 lumen
1142 3690 1297 3746 solis.
1345 3689 1600 3758 Proinde,
1632 3694 1725 3747 dic
1758 3697 1832 3749 ita
1861 3712 1874 3748 :
1901 3693 1961 3749 In
2008 3696 2124 3751 sole

559 3779 731 3843 orbis,
771 3779 956 3836 radius
1008 3788 1064 3836 et.
1109 3782 1333 3837 lumen:
1361 3797 1471 3837 non
1504 3782 1741 3840 dicimus
1788 3792 1982 3840 autem
2014 3793 2126 3841 tres

558 3872 725 3938 soles,
756 3873 851 3927 sed
885 3888 1053 3927 unum
1084 3881 1139 3928 et
1168 3875 1345 3928 solum
1374 3875 1661 3931 :similiter
1686 3885 1742 3931 et
1771 3876 1827 3929 in
1861 3875 1993 3940 Deo,
2022 3875 2129 3930 Pa-

561 3967 663 4024 ter,
696 3959 868 4016 Filius
909 3969 964 4016 et
1007 3961 1246 4034 Spiritus
1281 3970 1526 4025 sanctus,
1557 3978 1701 4017 unus
1740 3963 1902 4027 Deus,
1935 3971 1989 4018 et
2016 3980 2127 4020 non

557 4055 691 4103 tres.
715 4049 781 4102 Et
811 4049 1077 4115 vicissim,
1106 4050 1196 4105 die
1218 4049 1294 4103 ita
1327 4066 1342 4104 :
1377 4048 1435 4103 In
1469 4051 1584 4106 sole
1616 4050 1998 4121 inseparabilis
2037 4065 2130 4104 or-

558 4141 665 4202 bis,
706 4148 761 4194 et
793 4141 982 4195 radius
1008 4149 1062 4194 ct
1088 4142 1292 4205 lumen,
1318 4155 1424 4196 non
1451 4143 1595 4196 enim
1627 4150 1982 4213 segregantur
2016 4157 2044 4195 a
2070 4157 2129 4198 se

562 4228 818 4294 invicem,
849 4238 903 4284 et
927 4230 1170 4285 eamdem
1201 4231 1271 4285 ob
1304 4245 1528 4287 causam
1560 4232 1783 4297 dicitur,
1817 4249 1961 4289 unus
1987 4233 2129 4290 Deus

562 4325 743 4373 etnon
786 4327 921 4383 tres.
968 4322 1222 4391 quoniam
1252 4338 1360 4376 non
1403 4331 1761 4394 segregantur
1794 4332 1908 4379 tres
1942 4339 2131 4394 perso-

562 4424 669 4476 nte,
704 4408 908 4477 Patris,
937 4409 1060 4467 Filii
1102 4423 1156 4468 et
1193 4413 1434 4485 Spiritus
1477 4414 1654 4470 sancti
1685 4414 1849 4469 unius
1874 4413 1968 4470 Dei
2002 4430 2032 4469 a
2071 4429 2131 4471 se

564 4501 813 4558 invicem.
859 4503 924 4558 Et
968 4505 1422 4576 quemadmodum
1467 4507 1617 4563 orbis
1671 4506 1868 4563 solaris
1900 4514 2124 4578 generat

561 4593 797 4662 radium,
828 4602 882 4649 et
910 4595 1105 4651 emittit
1142 4597 1322 4651 lumen
1351 4615 1364 4651 :
1394 4596 1466 4650 ita
1510 4595 1653 4652 Deus
1682 4603 1737 4651 et
1766 4595 1930 4652 Pater
1960 4612 2126 4668 gene-

561 4688 646 4735 rat
674 4681 894 4749 Filium,
930 4695 985 4741 et
1009 4687 1208 4742 emittit
1239 4685 1504 4756 Spiritum
1539 4696 1810 4743 sanctum.
1842 4686 2125 4759 Perpende

562 4771 871 4844 diligenter,
900 4775 1354 4847 quemadmodum
1384 4777 1573 4834 radius
1593 4778 1727 4833 solis
1750 4777 2033 4834 descendit
2057 4795 2122 4835 cx

560 4866 702 4920 coelo
735 4867 802 4921 ad
836 4875 1062 4933 terram,
1105 4883 1282 4937 neque
1329 4868 1399 4923 ab
1433 4868 1567 4924 orbe
1617 4870 1784 4925 solari
1817 4883 2124 4940 separatur,

561 4970 663 5011 nec
686 4972 715 5010 a
745 4958 886 5012 caelo
922 4958 1097 5024 abest,
1142 4973 1321 5027 neque
1354 4973 1387 5013 a
1433 4964 1600 5028 terra,
1656 4960 1753 5016 sed
1798 4974 1883 5017 est
1913 4963 1967 5017 in
1994 4963 2128 5018 orbe

562 5049 835 5115 solari,-et
867 5050 920 5104 in
952 5049 1117 5114 caelo,
1164 5058 1217 5103 et
1251 5049 1305 5103 in
1353 5056 1521 5119 terra,
1550 5060 1605 5108 et
1638 5053 1869 5125 ubique;
1900 5055 1994 5111 sed
2031 5069 2129 5109 ne-

560 5159 666 5213 que
707 5143 760 5196 in
791 5141 1168 5212 superioribus
1205 5142 1412 5209 deﬁcit,
1440 5158 1617 5215 neque
1651 5147 1705 5201 in
1737 5148 2124 5217 inferioribus;

562 5237 643 5289 sic
675 5234 839 5308 etiam
888 5231 1060 5289 Filius
1098 5244 1152 5289 et
1180 5232 1420 5289 Verbum
1455 5233 1551 5291 Dei
1587 5237 1875 5294 descendit
1910 5239 1977 5294 ad
2019 5250 2127 5295 ter-

561 5339 701 5389 ram,
730 5331 783 5378 et
810 5339 984 5394 neque
1000 5323 1218 5379 Patrem
1247 5325 1559 5397 dereliquit,
1581 5344 1758 5398 neque
1786 5330 2007 5396 ctelum,
2034 5344 2126 5385 ne-

563 5427 671 5481 que
700 5421 899 5466 terram
930 5431 944 5467 :
971 5413 1066 5468 sed
1109 5423 1228 5468 erat
1252 5414 1307 5469 in
1339 5417 1547 5486 gremio
1578 5414 1758 5473 Patris
1786 5418 2126 5488 inseparabi-

565 5504 653 5566 lis,
696 5511 751 5558 et
794 5518 981 5574 supra,
1036 5513 1091 5560 et
1144 5504 1285 5560 infra
1315 5516 1369 5563 et
1405 5508 1848 5579 ubiquezneqne
1893 5524 2125 5578 usquam

562 5594 905 5651 desideratus
928 5603 1031 5652 est.
1058 5595 1125 5650 Et
1150 5599 1607 5669 quemadmodum
1634 5602 1818 5655 lumen
1846 5603 2023 5657 solare
2043 5613 2127 5658 est

564 5692 619 5738 ct
658 5685 710 5737 in
750 5686 881 5739 orbe
936 5687 1124 5753 solari,
1171 5697 1223 5744 et
1257 5689 1310 5743 in
1358 5691 1530 5756 radio,
1570 5702 1623 5745 ct
1670 5692 1726 5745 in
1771 5694 1933 5757 ccelo,
1978 5705 2031 5749 et
2070 5697 2127 5749 in

566 5782 733 5837 terra,
768 5784 821 5829 et
850 5776 1148 5846 ingreditur
1176 5779 1387 5845 domos,
1419 5790 1472 5838 et
1504 5782 1701 5855 ubique
1734 5795 1788 5841 et
1820 5785 2123 5862 illuminat;

2222 1941 2320 2011 μὲν
2360 1942 2389 1994 6
2431 1939 2582 2005 Θεὸς,
2622 1940 2691 1994 τὰ
2713 1942 2769 1994 δὲ
2802 1942 3070 2012 πρόσωπα
3106 1939 3271 1994 αὑτοῦ
3299 1941 3442 2013 τρία.
3479 1942 3586 1995 Kal
3622 1941 3786 2012 βλέπε

2220 2031 2423 2102 suam;
2447 2032 2516 2086 τὰ
2540 2031 2824 2105 λεγόμενα.
2853 2032 3062 2104 Ὠσπερ
3089 2033 3240 2104 ἥλιος
3273 2034 3350 2087 ἔνι
3380 2027 3479 2097 εἷς,
3507 2035 3535 2088 6
3558 2033 3615 2087 δὲ
3639 2033 3788 2105 ἡλιος

2220 2123 2331 2193 ἔχει
2356 2125 2548 2176 ἀκτῖνα
2575 2104 2666 2177 καὶ
2689 2123 2825 2194 φῶς,
2849 2124 2944 2177 ml
2971 2126 3108 2179 είσὶν
3134 2126 3192 2178 ὲν
3216 2124 3294 2196 τῷ
3320 2125 3454 2197 ἡλίῳ
3474 2126 3600 2196 τρία
3630 2104 3792 2197 πρόσ-

2219 2231 2361 2279 ωπα,
2395 2214 2597 2281 δίσκος,
2633 2216 2810 2280 ἀκτὶς,
2841 2215 2935 2269 ml
2985 2216 3130 2285 φῶς·
3175 2218 3266 2270 καὶ
3302 2217 3482 2280 δίσκος
3517 2219 3614 2288 μὲν
3656 2235 3789 2271 καυ-

2218 2295 2330 2378 χίὸν
2361 2308 2455 2361 τοῦ
2483 2308 2630 2380 ἡλίου
2647 2348 2662 2374 ,
2689 2309 2845 2373 ἀκτὶς
2875 2309 2933 2363 δὲ
2960 2309 3395 2382 καταϐαινομένη
3439 2310 3789 2382 λαμπαδοφα-

2219 2400 2323 2465 νῶς
2352 2403 2446 2455 καὶ
2474 2401 2740 2474 κρούουσα
2768 2402 2906 2473 πρὸς
2934 2402 3032 2475 τὴν
3058 2403 3195 2474 γῆνο
3225 2405 3340 2473 φῶς
3362 2403 3420 2458 δὲ
3445 2405 3507 2458 τὸ
3536 2404 3785 2474 φωτίζον,

2219 2494 2312 2546 ml
2349 2495 2426 2558 εἰς
2446 2496 2578 2558 ’τοὺς
2612 2494 2954 2561 ὲπισκιὼδεις
2983 2496 3180 2560 τόπους
3205 2498 3376 2569 χωρὶς
3409 2498 3645 2561 ἀκτῖνος.
3684 2500 3790 2552 Kal

2223 2580 2331 2635 ἰδοὺ
2361 2583 2626 2655 πρόσωπα
2662 2584 2761 2655 μὲν
2796 2586 2944 2656 τρία,
2977 2585 3176 2651 δίσκος,
3205 2587 3383 2652 ἀκτὶς,
3415 2587 3511 2641 καὶ
3550 2589 3686 2656 φῶς.
3716 2589 3787 2643 Οὐ

2219 2672 2451 2745 λ’έγομεν
2474 2675 2533 2728 δὲ
2567 2680 2712 2747 τρεῖς
2732 2677 2937 2746 ἡλίους,
2958 2676 3072 2732 ἀλλ’
3096 2677 3192 2733 ἕνα
3217 2677 3387 2749 ἥλιον,
3415 2678 3537 2732 οὐδὲ
3562 2678 3789 2751 λέγομεν

2220 2767 2507 2838 πρόσωπον
2540 2767 2618 2833 ἓν,
2649 2768 2784 2823 ἀλλὰ
2811 2770 3077 2841 πρόσωπα
3105 2769 3252 2840 τρία.
3293 2770 3417 2824 Ἐὰν
3442 2768 3553 2842 γὰρ
3580 2773 3790 2842 ἐρωτη-

2220 2862 2339 2936 θῇς,
2369 2865 2453 2918 ὅτι
2485 2865 2639 2919 πόσοι
2679 2865 2819 2936 ἡλιοι
2854 2868 2910 2919 ὲν
2940 2865 3017 2936 τῷ
3055 2864 3268 2937 οὐρανῷ
3288 2904 3302 2929 ,
3333 2864 3544 2937 μέλλεις
3594 2868 3786 2928 εἰπεῖν.

2217 2953 2300 3007 ὃτι
2324 2953 2474 3034 ἣλιος
2502 2950 2580 3019 εἷς
2605 2957 2752 3008 ἐστιν
2773 2971 2786 2986 ο
2814 2958 2862 3009 εί
2888 2954 2932 3008 δ’
2958 2954 3259 3027 ἐρωτηθῇς,
3289 2954 3371 3007 ὃτι
3402 2954 3670 3025 πρόσωπα
3698 2952 3789 3007 τοῦ

2217 3045 2367 3117 ἡλίου
2416 3046 2557 3099 πόσα
2593 3046 2729 3113 ἐστὶ,
2777 3044 2986 3116 μέλλεις
3021 3046 3223 3109 εἰπεῖν,
3271 3045 3356 3098 ὅτι
3386 3044 3544 3117 τρία,
3579 3044 3787 3108 δίσκος,

2221 3138 2378 3203 ἀκτὶς
2398 3179 2413 3203 ,
2448 3139 2543 3192 ml
2574 3137 2716 3207 φῶς*
2748 3136 2892 3191 οὕτω
2934 3138 3041 3190 νόει
3068 3137 3162 3190 καὶ
3191 3138 3321 3208 περὶ
3347 3136 3440 3191 τοῦ
3468 3136 3628 3192 Θεοῦ.
3661 3136 3790 3200 Θεὸς

2228 3234 2323 3304 μὲν
2356 3226 2467 3295 εἷς,
2503 3232 2768 3301 πρόσωπα
2796 3229 2854 3283 δὲ
2897 3230 2990 3283 τοῦ
3026 3230 3142 3293 ἑνὸς
3181 3230 3316 3283 Θεοῦ
3359 3229 3508 3301 τρία,
3548 3231 3787 3303 Πατρὸς.

2224 3323 2377 3389 Υίοῦ,
2411 3324 2502 3377 ml
2524 3322 2675 3391 ἁγίου
2709 3322 3045 3393 Πνεῦματος.
3075 3323 3185 3376 Kal
3216 3324 3279 3375 ὲκ
3309 3323 3498 3376 τούτου
3531 3324 3788 3393 γίνωσκε,

2223 3418 2327 3480 ὅτι,
2362 3415 2549 3486 ὥσπερ
2580 3417 2608 3468 6
2632 3413 2782 3484 ἡλιός
2806 3410 2920 3467 ἐστι
2947 3414 3362 3487 τριπρόσωπος,
3395 3415 3538 3469 οῦτω
3574 3417 3670 3469 ml
3713 3410 3790 3479 εἷς

2224 3507 2356 3569 Θεὸς
2392 3507 2839 3577 τρισυπόστατος.
2874 3504 3053 3568 Τύπος
3083 3505 3192 3577 γὰρ
3221 3505 3314 3559 τοῦ
3345 3507 3557 3579 Πατρός
3591 3510 3737 3571 ἐστιν
3762 3510 3790 3561 6

2224 3597 2405 3661 δίσκος
2430 3599 2458 3650 6
2493 3597 2737 3669 ἡλιακὸς,
2765 3596 2932 3661 τύπος
2972 3598 3067 3651 τοῦ
3094 3599 3224 3651 Υίοῦ
3250 3602 3399 3653 ὲστιν
3428 3602 3460 3670 ἡ
3494 3601 3670 3667 ἀκτὶς,
3702 3600 3791 3655 7'3-

2227 3707 2326 3753 πος
2350 3688 2443 3743 τοῦ
2465 3689 2621 3759 ἁγίου
2651 3688 2967 3761 Πνεῦματός
2989 3693 3104 3744 ἐστι
3130 3690 3191 3744 τὸ
3223 3691 3338 3761 φῶς
3360 3690 3455 3744 τοῦ
3480 3693 3653 3762 ἡλίου.
3685 3691 3791 3747 Kal

2227 3784 2350 3838 εἰπὲ
2378 3782 2550 3847 οὕτως
2570 3799 2585 3814 ·
2632 3785 2754 3838 Ἐπὶ
2782 3784 2877 3838 τοῦ
2914 3784 3065 3857 ἡλίου
3092 3784 3292 3848 δίσκος,
3325 3785 3500 3849 ἀκτὶς,
3527 3785 3625 3839 καὶ
3658 3786 3786 3855 φῶς·

2226 3874 2288 3927 06
2329 3874 2557 3946 λέγομεν
2602 3875 2661 3931 δὲ
2713 3879 2859 3949 τρεῖς
2906 3875 3106 3949 ἡλίους,
3156 3876 3271 3930 ἀλλ’
3314 3877 3411 3931 ’ἐνα
3457 3879 3552 3932 ml
3599 3878 3787 3949 μόνον·

2227 3967 2425 4037 ὁμοίως
2451 3968 2543 4022 ml
2565 3969 2656 4021 ἐπὶ
2678 3968 2833 4034 Θεοῦ,
2860 3968 3068 4041 Πατὴρ,
3099 3969 3246 4034 Υἱὸς,
3276 3971 3371 4023 ml
3392 3971 3544 4039 ἅγιον
3569 3972 3791 4044 Πνεῦμα

2227 4050 2307 4118 εἷς
2327 4055 2478 4121 Θεὸς,
2511 4057 2605 4111 ml
2634 4059 2697 4111 οὐ
2731 4060 2896 4130 τρεῖς.
2930 4058 3041 4112 Καὶ
3081 4057 3240 4112 πάλιν
3269 4059 3390 4112 εἰπὲ
3419 4058 3626 4125 οῦτωςο
3672 4063 3790 4115 Ἐπὶ

2226 4146 2322 4201 τοῦ
2370 4147 2519 4219 ἡλίου
2553 4148 2852 4222 ἅχώριστος
2882 4151 2912 4203 6
2952 4150 3151 4216 δίσκος,
3192 4153 3346 4223 καὶὴ
3387 4153 3565 4218 ἀκτὶς,
3603 4156 3698 4209 ml
3731 4154 3790 4209 τὸ

2228 4237 2376 4309 φῶς·
2405 4240 2466 4293 οὗ
2495 4238 2602 4311 γὰρ
2630 4241 2952 4312 χωρίζονται
2984 4242 3075 4295 ἀπ’
3109 4242 3370 4315 ἀλλήλων,
3399 4243 3488 4298 διὰ
3509 4244 3670 4299 τοῦτο
3705 4244 3791 4299 λέ-

2228 4346 2381 4399 γεται
2406 4331 2501 4385 καὶ⁵
2526 4329 2606 4396 εἷς
2639 4331 2791 4397 Θεὸς,
2814 4331 2908 4386 ml
2931 4332 2992 4387 οὑ
3018 4336 3169 4405 τρεῖς
3191 4351 3204 4365 ’
3230 4335 3441 4388 διότιοὺ
3469 4335 3791 4408 χωρίζονται

2229 4423 2297 4477 τὰ
2326 4422 2451 4495 τρία
2479 4424 2765 4496 πρόσωπα,
2793 4423 2885 4479 τοῦ
2910 4441 2969 4480 τε
2996 4425 3229 4498 Πατρὸς,
3263 4428 3359 4481 ml
3388 4428 3483 4481 τοῦ
3512 4428 3670 4491 Υἱοῦ,
3701 4429 3791 4484 ml

2228 4514 2323 4569 τοῦ
2363 4516 2517 4585 ἁγίου
2568 4517 2916 4587 Πνεύματος,
2944 4516 3040 4572 τοῦ
3074 4518 3192 4583 ἑνὸς
3229 4519 3363 4575 Θεοῦ
3397 4520 3494 4575 ἀπ’
3524 4521 3787 4595 ἀλλήλων.

2227 4607 2338 4660 Kal
2362 4606 2550 4680 ὥσπερ
2570 4610 2598 4661 6
2618 4608 2802 4672 δίσκος
2832 4611 2862 4663 6
2886 4610 3109 4681 ἡλιακὸς
3131 4611 3298 4683 γεννᾷ
3333 4610 3430 4684 τὴν
3451 4614 3669 4675 ἀκτῖνα.
3700 4616 3791 4668 ml

2224 4699 2511 4772 ἑκπορεύει
2542 4700 2602 4754 τὸ
2625 4700 2737 4770 φῶς
2753 4718 2768 4732 ·
2792 4699 2934 4755 οὕτω
2960 4703 3054 4756 καὶ
3085 4706 3115 4756 6
3142 4703 3273 4768 Θεὸς
3296 4705 3389 4758 ml
3423 4704 3615 4778 Πατὴρ
3632 4708 3794 4777 γεννᾷ

2223 4787 2314 4842 τὸν
2346 4788 2474 4843 Υἱὸν
2508 4790 2601 4843 ml
2628 4788 2914 4861 ὲκπορεύει
2941 4791 3034 4844 ml
3058 4791 3118 4845 τὸ
3152 4791 3374 4863 Πνεῦμα
3411 4793 3587 4862 ἅγιον.
3621 4796 3792 4849 Βλέπε

2228 4879 2463 4944 συνετῶς
2484 4896 2500 4911 ο
2538 4880 2751 4953 Ὠσπερ
2787 4882 2821 4952 ἡ
2863 4882 3023 4946 ἀκτὶς
3063 4882 3156 4936 τοῦ
3197 4881 3346 4954 ἡλίου
3385 4885 3702 4940 καταϐαίνει
3735 4885 3792 4952 ἐξ

2225 4968 2453 5041 οὐρανοῦ
2486 4970 2622 5043 πρὸς
2657 4970 2753 5042 τὴν
2781 4971 2907 5043 γῆν,
2950 4972 3046 5026 ml
3074 4971 3198 5027 οὔτε
3225 4973 3320 5028 τοῦ
3349 4975 3578 5047 ἡλιακοῦ
3610 4979 3792 5033 δίσκου

2227 5060 2537 5134 χωρίζεται,
2563 5061 2687 5115 οὔτε
2721 5065 2786 5116 ὲκ
2811 5060 2905 5116 τοῦ
2933 5061 3163 5136 οὐρανοῦ
3189 5062 3384 5132 λείπει,
3409 5066 3535 5121 οὔτε
3566 5070 3675 5124 ἀπὸ
3698 5071 3792 5140 τῆς

2227 5153 2349 5223 γῆς,
2367 5153 2480 5206 ἀλλ’
2497 5154 2611 5208 ἔστι
2631 5155 2724 5209 ml
2736 5155 2795 5208 ὲν
2812 5153 2891 5226 τῷ
2914 5153 3122 5227 ἡλιακῷ
3137 5154 3304 5227 δίσκῳ
3319 5197 3335 5222 ,
3351 5159 3444 5213 ml
3460 5160 3519 5213 ὲν
3538 5160 3616 5231 τῷ
3635 5162 3787 5233 οὐρα.

2227 5241 2322 5312 νῷ,
2344 5242 2437 5296 ml
2454 5244 2510 5295 ἐν
2524 5247 2590 5316 τῇ
2608 5247 2702 5315 γῇ,
2719 5242 2812 5298 ml
2841 5244 3139 5317 πανταχοῦ,
3167 5247 3259 5299 ml
3284 5246 3408 5301 οὕτε
3423 5247 3531 5303 τῶν
3554 5249 3669 5305 ἄνω
3697 5253 3777 5305 λεί

2229 5351 2348 5398 πει,
2383 5333 2506 5388 οὔτε
2532 5335 2639 5388 τῶν
2666 5336 2815 5388 κάτω
2838 5351 2851 5365 ·
2869 5333 3012 5388 οὕτω
3043 5337 3136 5390 ml
3160 5339 3189 5390 6
3215 5337 3341 5402 Υἱὸς
3367 5340 3462 5393 ml
3493 5341 3668 5410 Λόγος
3702 5342 3791 5396 τοῦ

2227 5424 2360 5479 Θεοῦ
2391 5426 2623 5498 κατῆλθε
2655 5428 2790 5495 πρὸς
2816 5426 2914 5496 τὴν
2941 5430 3068 5498 γῆν,
3090 5429 3182 5482 ml
3210 5427 3333 5482 οὔτε
3367 5433 3430 5484 ἐκ
3461 5432 3557 5486 τοῦ
3585 5434 3789 5504 Πατρὸ;

2228 5516 2428 5581 ἔλειπε,
2456 5517 2577 5571 οὔτε
2595 5520 2660 5571 ὲκ
2690 5517 2798 5570 τῶν
2814 5518 3077 5588 οὐρανῶν,
3095 5517 3217 5573 οὔτε
3237 5522 3300 5574 ὲκ
3326 5521 3424 5592 τῆς
3441 5523 3545 5593 γῆς
3564 5540 3579 5556 ·
3603 5520 3787 5595 ἀλλ’ἦι

2228 5607 2321 5659 ml
2338 5608 2395 5658 ὲν
2430 5610 2544 5671 τοῖς
2568 5607 2789 5670 κόλποις
2813 5606 2909 5659 τοῦ
2948 5607 3163 5681 Πατρὸς
3190 5610 3515 5683 ἁχὼριστος,
3545 5615 3641 5668 καὶ
3665 5614 3777 5668 ἄνω

2227 5697 2321 5750 κα)⁸
2349 5699 2625 5763 κάτω,κα“ι
2656 5697 2956 5768 πανταχοῦ⁸
2982 5701 3078 5754 καὶ
3098 5700 3282 5755 οὐδ’ἓκ
3295 5719 3437 5767 τινος
3466 5704 3670 5761 ἔλειπε.
3692 5709 3786 5760 Κα”

2227 5787 2414 5876 ᾤῖπερ
2429 5792 2488 5845 τὸ
2504 5792 2726 5864 ἡλιακὸν
2745 5789 2858 5861 φῶς
2876 5792 2994 5845 ἐστι
3011 5794 3105 5850 καὶ
3119 5796 3175 5850 ἐν
3195 5795 3271 5866 τῷ
3288 5796 3456 5866 δίσκῳ
3471 5797 3551 5869 τῷ
3565 5801 3791 5873 ἡλιακῷ.
