4050 6396
276 393 386 451 ΤΗ

1544 384 2010 458 ΩΠΕΒΤΙΟΝΕΞ
2043 384 2228 440 ALIE
2241 427 2255 441 .

3421 386 3522 439 773

277 503 373 560 καὶ
410 500 472 554 ὲν
500 503 570 573 τῇ
603 497 801 564 ἀκτῖνι,
844 497 937 551 καὶ
964 499 1024 551 ὲν
1052 496 1129 569 τῷ
1160 496 1405 571 οὐρανῷ,
1435 498 1530 552 καὶ
1555 501 1613 553 ἐν
1645 500 1710 568 τῇ
1744 500 1838 568 τῇ,

1950 493 2020 547 ita
2036 500 2091 547 et
2111 489 2352 562 Spiritus
2376 499 2623 556 sanctus,
2648 500 2701 548 et
2729 506 2855 547 cum
2876 489 3037 546 Patre
3064 499 3169 558 est,
3193 501 3249 548 et
3274 507 3399 547 cum
3427 493 3521 550 Fi-

278 595 370 652 καὶ
395 593 701 664 εἰσέρχεται
724 591 782 643 ὲν
803 592 922 653 ταῖς
944 588 1143 652 οίκίαις
1170 590 1265 642 καὶ
1290 588 1587 661 πανταχοῦ,
1612 589 1707 641 καὶ
1734 605 1845 656 φω-

275 685 445 751 τίζει·
479 681 622 735 οῦτω
686 681 779 733 καὶ
810 679 871 732 τὸ
910 678 1137 749 Πνεῦμα
1175 678 1235 732 τὸ
1272 680 1426 748 ἆγιον
1454 678 1550 732 καὶ
1582 676 1719 747 μετά
1751 675 1843 728 τοῦ

275 773 487 847 Πατρός
519 774 656 834 ἐστι,
692 770 785 823 κα)⁵
818 768 956 840 μετά
982 769 1076 822 τοῦ
1104 769 1258 834 Υίοῦ,
1289 770 1382 823 καὶ
1414 769 1526 824 ἀνω
1548 767 1644 820 καὶ
1673 766 1841 829 κάτω,

275 868 367 921 καὶ
404 864 587 919 πάντα
621 861 905 934 ἄνθρωπον
943 860 1186 929 φωτίζει,
1235 861 1328 914 καὶ
1368 860 1428 913 οὐ
1468 859 1642 913 λείπει
1690 856 1842 910 ποτέ.

280 976 301 1010 t
337 958 409 1010 T6
453 957 566 1028 γὰρ
604 953 829 1026 Πνεῦμα
878 953 940 1006 τὸ
979 952 1152 1022 ἅγιον,
1216 970 1236 1004 ι
1284 952 1449 1023 φησὶν
1489 954 1518 1005 6
1553 950 1847 1013 ἀπόστολος

273 1048 505 1112 Παῦλος,
548 1065 567 1098 ι
605 1046 783 1101 πάντα
818 1045 1036 1116 ἐρευνᾷ,
1082 1044 1178 1098 καὶ
1213 1043 1281 1098 τὰ
1315 1043 1451 1115 βάθη
1491 1042 1584 1096 τοῦ
1624 1042 1777 1096 Θεοῦ.
1821 1062 1840 1095 ι

284 1137 412 1191 Ἰδοὺ
438 1136 648 1199 λοιπὸν,
677 1133 865 1205 ὥσπερ
889 1133 947 1186 ὃν
978 1134 1077 1186 οὐκ
1102 1132 1325 1204 οἴδαμέν
1358 1148 1510 1195 ποτε,
1538 1132 1657 1185 οὐδὲ
1682 1131 1846 1200 γινώ-

275 1243 424 1280 σκειν
445 1224 744 1295 δυνάμεθα,
776 1223 1017 1286 ποταπὸς
1041 1218 1109 1292 ἦν
1126 1238 1141 1251 ⁸
1170 1222 1297 1275 ὅταν
1324 1221 1382 1275 δὲ
1410 1220 1608 1291 ἴδωμεν
1635 1221 1733 1293 τὴν
1767 1224 1846 1275 εἰ·

277 1316 403 1370 κόνα
428 1314 616 1379 αὐτοῦ,
643 1316 763 1367 τότε
795 1311 988 1385 μικρὸν
1014 1310 1382 1381 κατανοοῦμεν
1409 1310 1502 1363 τὸν
1522 1309 1848 1381 χαρακτῆρα

275 1406 366 1461 τοῦ
398 1405 694 1479 προσώπου
729 1404 921 1458 αὐτοῦ·
966 1403 1106 1457 οὕτω
1170 1420 1259 1474 μοι
1303 1404 1413 1457 νόει
1455 1405 1550 1457 καὶ
1584 1406 1711 1475 περὶ
1752 1404 1846 1457 τοῦ

274 1498 428 1555 Θεοῦ.
468 1519 486 1551 ι
523 1498 628 1551 Τὸν
662 1497 770 1570 γὰρ
801 1496 931 1550 Θεὸν
957 1496 1132 1560 οὐδεὶς
1156 1494 1366 1566 ἑώρακε
1396 1495 1635 1549 πώποτε.
1676 1515 1695 1548 ι
1724 1495 1850 1558 Πῶς

273 1585 364 1644 οὖν
411 1589 578 1643 αὐτὸν
624 1587 1023 1643 καταλαΰέσθαι
1064 1588 1187 1641 τινὰ
1214 1586 1471 1653 δύναται;
1507 1587 1622 1640 ἀλλ’
1661 1587 1848 1658 ἐπειδὴ

278 1683 388 1752 φῶς
430 1685 546 1736 ἐστι
586 1683 682 1735 καὶ
720 1678 1043 1751 ὀνομάζεται
1082 1680 1112 1732 6
1145 1680 1307 1744 Θεὸς,
1341 1681 1406 1733 ὲκ
1454 1681 1547 1733 τοῦ
1591 1680 1848 1752 αἰσθητοῦ

275 1773 459 1829 τούτου
489 1772 671 1842 φωτὸς
700 1769 1093 1841 ὲξεικονίζομεν
1131 1770 1291 1823 αὑτὸν
1310 1810 1325 1834 ,
1360 1770 1500 1823 ὥστε
1525 1769 1728 1837 λοιπὸν,
1774 1771 1848 1836 ὡς

277 1863 629 1935 προείπομεν,
656 1862 736 1924 είς
758 1859 925 1913 τύπον
948 1858 1042 1912 τοῦ
1069 1859 1220 1931 ἡλίου
1253 1860 1726 1931 χαρακτηρίξομεν
1748 1860 1847 1931 τὴν

276 1957 432 2026 ἁγίαν
486 1954 718 2026 Τριάδα,
754 1951 1001 2021 λέγοντες
1038 1946 1175 2003 εἶναι
1218 1951 1310 2003 τὸν
1359 1949 1459 2021 μὲν
1502 1950 1722 2022 Πατέρα
1766 1951 1849 2004 δί-

280 2066 422 2114 σκον,
449 2048 543 2100 τὸν
575 2047 634 2099 δὲ
662 2046 789 2099 Υίὸν
816 2046 1030 2112 ἀκτῖνα,
1055 2042 1115 2096 τὸ
1142 2043 1197 2096 δὲ
1218 2042 1439 2113 Πνεῦμα
1466 2042 1525 2095 τὸ
1552 2042 1702 2110 ἆγιον
1733 2044 1849 2113 φῶς

278 2143 339 2194 ἐκ
368 2141 565 2211 φωτός.
604 2139 715 2192 Καὶ
755 2136 941 2208 ὥσπερ
972 2136 1001 2187 6
1032 2134 1233 2200 δίσκος,
1266 2135 1361 2187 καὶ
1391 2135 1424 2205 ἡ
1454 2134 1631 2200 ἀκτὶς,
1667 2136 1762 2188 καὶ
1788 2136 1849 2188 τὸ

277 2235 387 2301 φῶς
410 2234 468 2287 ἓν
497 2236 604 2286 εἱσι
632 2231 730 2285 καὶ
757 2230 901 2303 τρία,
931 2229 1241 2301 ἀμερίστως
1304 2226 1633 2299 μεριζόμενα
1652 2267 1666 2290 ,
1707 2226 1849 2281 οῦτω

279 2326 368 2379 καὶ
396 2326 425 2378 6
465 2323 600 2387 Θεὸς
631 2326 666 2395 ἡ
703 2321 891 2395 Τριάς,
934 2323 962 2376 6
1004 2322 1214 2393 Πατὴρ,
1258 2321 1352 2375 καὶ
1387 2323 1415 2373 6
1456 2320 1602 2385 Υἱὸς,
1646 2321 1740 2374 καὶ
1788 2322 1850 2374 τὸ

279 2413 496 2485 Πνεῦμα
519 2414 581 2467 τὸ
610 2413 788 2481 ἅγιον,
832 2412 889 2464 ἓν
919 2415 1033 2464 ἐστι
1062 2412 1157 2465 καὶ
1184 2410 1341 2482 τρία,
1390 2410 1720 2481 μεριζόμενα
1752 2410 1849 2480 μὲν

276 2508 383 2568 τοῖς
407 2504 723 2577 προσώποις
747 2496 886 2557 κατὰ
907 2502 996 2557 τὸν
1023 2503 1193 2573 ἥλιον,
1211 2502 1480 2574 ἀμέριστα
1500 2502 1558 2555 δὲ
1590 2505 1656 2574 τῇ
1692 2502 1849 2571 φύσει

276 2599 616 2669 διαμένοντα.
669 2596 782 2650 Καὶ
835 2596 1023 2666 ὥσπερ
1063 2596 1091 2647 6
1139 2594 1321 2658 δίσκος
1363 2594 1457 2647 τοῦ
1493 2594 1643 2665 ἡλίου
1690 2596 1850 2668 μόνος

279 2691 421 2743 ἐστὶν
454 2690 628 2753 αἴτιος
661 2689 758 2741 καὶ⁵
800 2688 1099 2758 ἀγένητος,
1146 2690 1179 2758 ἡ
1228 2687 1284 2740 δὲ
1316 2688 1473 2751 ἀκτὶς
1506 2687 1722 2759 αίτιατὴ
1755 2689 1849 2741 καὶ

265 2784 473 2856 ’γενητὴ
502 2785 568 2836 ὲκ
593 2781 691 2835 τοῦ
722 2780 937 2843 δίσκου,
973 2780 1033 2833 τὸ
1059 2779 1117 2833 δὲ
1155 2780 1271 2848 φῶς
1299 2780 1626 2851 ἑκπορευτὸν
1655 2782 1719 2833 ἐκ
1752 2781 1850 2850 μό-

279 2893 367 2930 νου
402 2875 493 2929 τοῦ
522 2876 731 2937 δίσκου,
761 2860 850 2927 διὰ
882 2873 941 2925 τὸ
970 2874 1069 2943 τῆς
1102 2872 1315 2936 ἀκτῖνος
1340 2874 1687 2944 πεμπόμενον
1707 2914 1722 2938 ,
1754 2875 1848 2927 καὶ

279 2968 633 3039 καταλάμπον
660 2964 731 3019 τὰ
795 2962 1074 3034 περίγεια⁹
1103 2962 1246 3016 οῦτω
1277 2963 1371 3016 καὶ
1394 2964 1422 3014 6
1455 2962 1586 3025 Θεὸς
1616 2962 1709 3015 καὶ
1738 2963 1847 3015 Πα-

278 3060 379 3132 τὴρ
400 3060 559 3123 αὐτὸς
592 3058 753 3125 μόνος
778 3056 922 3109 ἐστὶν
953 3056 1123 3118 αἴτιος
1153 3057 1265 3116 τοῖς
1288 3054 1407 3107 δυσὶ
1432 3055 1524 3107 καὶ
1546 3055 1807 3125 ἀγένητος
1829 3073 1846 3087 ·

277 3153 307 3204 6
327 3153 381 3205 δὲ
402 3152 527 3215 Υἱὸς
553 3153 621 3205 ὲκ
652 3150 814 3220 μόνου
839 3148 930 3203 τοῦ
955 3148 1166 3219 Πατρὸς
1188 3147 1426 3210 αἱτιατὸς
1448 3147 1541 3199 καὶ
1564 3148 1842 3217 γεννητόςο

1946 582 2039 646 lio,
2074 590 2129 638 et
2156 598 2342 655 supra,
2372 593 2426 638 et
2453 582 2616 648 infra,
2650 594 2704 639 et
2728 598 2919 639 omnes
2948 584 3196 640 homines
3226 584 3521 650 illuminat,

1946 690 2047 730 nec
2075 674 2258 731 deﬁcit
2288 690 2548 745 unquam.
2582 694 2603 726 ι
2641 674 2878 745 Spiritus
2916 675 3060 729 enim
3100 681 3345 738 sanctus,
3384 693 3404 728 ι
3440 676 3525 729 in-

1945 766 2064 836 quit
2112 766 2395 837 apostolus
2440 764 2663 829 Paulus,
2719 784 2737 815 ι
2768 764 2952 819 omnia
3000 772 3310 831 scrutatur,
3360 766 3523 820 etiam

1947 854 2216 926 profunda
2260 854 2355 912 Dei
2378 857 2420 910 ⁸.
2452 876 2471 908 ο
2528 854 2670 911 Ecce
2709 855 2823 924 jam
2866 855 3139 924 quomodo
3198 869 3357 925 quem
3400 862 3526 908 ante

1947 963 2060 1004 non
2080 949 2335 1004 novimus
2359 963 2620 1021 unquam,
2655 964 2831 1018 neque
2860 961 3191 1016 cognoscere
3218 948 3518 1016 potuimus.

1947 1040 2127 1113 qualis
2174 1046 2343 1104 esset,
2377 1041 2596 1111 quando
2634 1048 2815 1094 autem
2846 1039 3072 1110 elligiem
3103 1039 3222 1109 ejus
3250 1038 3522 1100 videmus.

1947 1141 2080 1188 tunc
2119 1147 2188 1187 ex
2223 1141 2378 1203 parte
2422 1132 2807 1202 cognoscimus
2856 1132 3227 1187 characterem
3280 1144 3527 1201 persona

1948 1223 2090 1293 ejus,
2142 1223 2220 1277 ita
2274 1232 2333 1277 tu
2374 1223 2509 1277 mihi
2541 1223 2781 1293 COgitato
2828 1222 2896 1277 de
2944 1220 3075 1277 Deo.
3123 1221 3333 1277 «Deum
3378 1222 3526 1276 enim

1949 1328 2110 1369 nemo
2138 1314 2276 1369 vidit
2309 1328 2585 1384 unquam;
2619 1332 2638 1365 ι
2672 1314 2946 1383 quomodo
2988 1314 3155 1384 igitur
3194 1313 3346 1367 illum
3375 1327 3527 1367 com-

1950 1405 2290 1477 prehendere
2333 1406 2458 1475 quis
2492 1406 2703 1475 possit?
2745 1406 2839 1460 sed
2873 1404 3312 1476 quandoquidem
3343 1406 3527 1460 lumen

1949 1507 2036 1554 est
2068 1499 2347 1555 etdieitur
2376 1497 2545 1563 Deus,
2565 1513 2631 1552 ex
2647 1497 2752 1553 hac
2772 1496 3021 1552 sensibili
3052 1489 3176 1551 luce
3208 1495 3526 1551 similitudi-
3592 1490 3599 1501 ’

1950 1604 2074 1645 nem
2103 1589 2352 1659 capimus
2376 1587 2496 1652 Dei,
2533 1594 2592 1641 ut
2624 1586 2905 1655 deinceps,
2946 1585 3402 1655 quemadmodum
3431 1602 3528 1642 su-

1950 1697 2049 1752 pra
2092 1681 2353 1747 diximus,
2388 1680 2457 1735 ad
2494 1687 2682 1751 typum
2728 1678 2860 1735 solis
2893 1678 3241 1734 conferamus
3281 1686 3525 1735 sanctam

1951 1772 2297 1837 Trinitatem,
2337 1772 2585 1827 dicentes
2616 1786 2740 1827 esse
2785 1771 3006 1842 quidem
3045 1771 3262 1826 Patrem
3311 1770 3523 1835 orbem,

1884 1865 2149 1944 BFilium
2200 1866 2439 1930 radium,
2491 1863 2752 1936 Spiritum
2799 1872 3054 1920 sanctum
3098 1867 3282 1921 lumen
3330 1880 3398 1920 ex
3442 1865 3530 1919 lu-

1956 1958 2122 2013 mine.
2164 1956 2233 2011 Et
2277 1958 2422 2013 sicut
2471 1957 2643 2024 orbis,
2681 1963 2737 2012 et
2772 1956 2984 2021 radius,
3029 1966 3083 2013 ct
3125 1958 3307 2013 lumen
3356 1975 3524 2013 unum

1959 2058 2090 2105 sunt
2117 2060 2171 2105 et
2198 2049 2326 2114 tria,
2361 2047 2596 2104 indivise
2622 2048 2818 2115 divisa,
2864 2049 2937 2103 ita
2966 2049 3128 2121 282
3149 2058 3203 2105 et
3229 2050 3372 2106 Deus
3405 2049 3527 2105 Tri-

1949 2140 2119 2205 nitas,
2150 2137 2333 2205 Pater,
2376 2138 2575 2205 Filius,
2604 2146 2660 2194 et
2701 2136 2940 2210 Spiritus
2985 2149 3210 2196 sanctus
3240 2156 3406 2195 unum
3440 2152 3527 2197 est

1948 2240 2003 2286 et
2030 2231 2157 2299 tria,
2205 2230 2380 2287 divisa
2410 2232 2631 2301 quidem
2664 2232 2936 2301 personis,
2960 2232 3127 2287 veluti
3154 2233 3259 2296 sol,
3291 2232 3527 2289 indivisa

1949 2338 2080 2378 vero
2106 2321 2287 2393 quoad
2322 2323 2684 2379 substantiam
2714 2324 3108 2394 permanentia.
3156 2321 3223 2380 Et
3265 2325 3528 2395 quemad-

1950 2417 2174 2471 modum
2206 2417 2357 2471 orliis
2374 2416 2509 2471 solis
2536 2416 2688 2474 solus
2716 2425 2802 2472 est
2829 2430 2997 2472 causa
3025 2424 3079 2473 et
3108 2417 3404 2488 ingenitus,
3434 2434 3525 2474 ra-

1950 2507 2074 2564 dius
2106 2522 2241 2562 vero
2271 2506 2496 2564 ell'ectus
2527 2514 2582 2563 ct
2610 2509 2825 2579 genitus
2855 2523 2922 2563 ex
2945 2509 3098 2573 orbe,
3125 2508 3306 2564 lumen
3343 2521 3524 2569 autem

1951 2598 2256 2669 procedens
2297 2614 2364 2654 ex
2396 2600 2515 2654 solo
2544 2600 2699 2664 orbe,
2724 2614 2822 2670 per
2850 2599 3064 2655 radium
3093 2600 3346 2669 missum,
3372 2611 3427 2658 et
3459 2602 3527 2657 il-

1949 2689 2231 2746 luminans
2261 2698 2480 2746 terrena
2506 2709 2521 2747 :
2547 2690 2620 2745 ita
2657 2690 2802 2747 Deus
2840 2700 2895 2747 et
2922 2689 3086 2746 Pater
3112 2692 3229 2763 ipse
3258 2694 3412 2750 solus
3438 2703 3525 2750 est

1949 2795 2116 2836 causa
2163 2782 2379 2845 duabus
2411 2784 2660 2853 personis
2704 2790 2759 2839 et
2799 2783 3104 2855 ingenitus:
3132 2783 3303 2840 Filius
3339 2793 3523 2840 autem

1949 2888 2018 2928 ex
2044 2874 2162 2929 solo
2189 2872 2348 2929 Patre
2376 2883 2635 2931 causatus
2665 2881 2719 2930 et
2751 2876 2966 2945 genitus
2991 2895 3005 2931 :
3034 2883 3088 2932 et
3114 2874 3351 2948 Spiritus
3395 2892 3525 2932 san-

1948 2973 2072 3022 ctus
2105 2982 2170 3022 ex
2201 2968 2319 3023 solo
2347 2965 2510 3024 Patre
2553 2976 2821 3024 causatus
2855 2979 2909 3024 et
2944 2970 3264 3039 procedens,
3300 2969 3397 3024 sed
3426 2984 3525 3039 per

1948 3056 2148 3113 Filium
2187 3060 2243 3113 in
2272 3060 2537 3114 mundum
2572 3060 2799 3117 missus.
2838 3061 3017 3132 Atque
3048 3062 3123 3116 ita
3154 3062 3339 3115 animo
3376 3068 3520 3125 tene,

1949 3162 2003 3206 et
2033 3151 2327 3222 perpende,
2358 3160 2414 3207 et
2446 3152 2608 3208 crede
2636 3153 2703 3208 de
2727 3153 2857 3209 Deo.

280 3245 371 3298 ut
396 3244 526 3297 αὐτὸ
565 3242 629 3295 τὸ
660 3240 884 3312 Πνεῦμα
928 3242 995 3293 ὲκ
1031 3240 1190 3311 μόνου
1231 3238 1325 3291 τοῦ
1360 3239 1575 3310 Πατρὸς
1608 3239 1849 3294 αίτιιιτὸν
1888 3243 1982 3296 καὶ
2009 3243 2360 3314 ἐκπορευτὸν,
2398 3242 2486 3296 διὰ
2511 3244 2567 3297 δὲ
2596 3243 2690 3297 τοῦ
2730 3243 2857 3298 Υἱοῦ
2894 3245 2952 3298 ὲν
2988 3244 3067 3316 τῷ
3132 3244 3321 3316 κόσμῳ
3384 3244 3521 3299 ἀπο-

284 3333 648 3403 στελλόμενον.
695 3332 805 3386 Καὶ
839 3331 1011 3394 οῦτως
1043 3329 1155 3400 ἔχε,
1189 3330 1282 3383 καί
1326 3329 1455 3395 νόει,
1490 3330 1581 3382 καὶ
1625 3329 1846 3383 πίστευε
1886 3333 2014 3405 περὶ
2046 3333 2201 3386 Θεοῦ.

346 3450 406 3502 El
444 3448 487 3500 δ’
516 3449 618 3502 οὐκ
662 3449 824 3518 ἀρκεῖ
852 3464 934 3501 σοι
964 3447 1025 3500 τὸ
1052 3446 1146 3500 τοῦ
1190 3447 1344 3518 ἡλίου
1376 3447 1723 3519 παράδειγμα
1769 3450 1847 3513 εἰς

2019 3451 2176 3518 Quod
2210 3453 2257 3508 si
2284 3468 2394 3507 non
2418 3453 2489 3507 sit
2518 3453 2616 3508 tibi
2649 3453 2783 3510 solis
2822 3456 3134 3526 exemplum
3165 3454 3302 3511 satis
3331 3453 3400 3509 ad
3427 3468 3522 3509 co-

281 3538 569 3608 ὲπίγνωσιν
612 3538 717 3608 τῆς
764 3539 1190 3608 τρισυποστάτου
1237 3538 1520 3609 θεότητος,
1560 3540 1724 3609 βλέπε
1755 3542 1849 3594 καὶ

280 3629 440 3701 ἀλλην
476 3630 663 3683 εἰκόνα
704 3628 873 3681 Θεοῦ·
911 3628 1025 3682 ἔστι
1059 3629 1116 3682 δὲ
1152 3632 1185 3701 ή
1218 3629 1365 3701 ψυχὴ
1398 3630 1491 3683 τοῦ
1537 3630 1842 3703 ἀνθρώπου.

284 3719 406 3772 ὐτε
455 3722 566 3791 γὰρ
607 3718 835 3790 ἔμελλεν
874 3720 902 3770 6
939 3718 1069 3782 Θεὸς
1119 3718 1378 3771 πλάσσειν
1411 3718 1501 3771 τὸν
1542 3718 1844 3790 ἄνθρωπον,

281 3807 427 3863 εἴπεο
464 3831 483 3862 ι
529 3812 856 3882 Ποιήσωμεν
882 3810 1164 3881 ἄνθρωπον
1193 3811 1315 3863 κατ’
1349 3810 1533 3863 εἰκόνα
1572 3809 1849 3882 ἡμετέραν

282 3903 371 3956 καὶ
394 3902 513 3955 καθ’
543 3902 823 3973 ὁμοίωσιν.
856 3919 876 3953 ι
922 3900 1052 3953 Ἰδοὺ
1080 3899 1285 3965 λοιπὸν,
1313 3903 1342 3954 ὁ
1369 3900 1651 3971 ἄνθρωπος
1684 3903 1847 3954 εἰκών

282 3995 391 4067 ἐστι
412 3992 505 4047 τοῦ
532 3992 696 4054 Θεοῦ,
736 3992 901 4062 ἦγουν
933 3993 965 4063 ἡ
998 3991 1143 4063 ψυχὴ
1171 3991 1265 4045 τοῦ
1296 3991 1605 4063 ἀνθρώπου.
1645 3992 1765 4046 Ἐνι
1790 3991 1847 4045 δὲ

279 4085 313 4155 ἠ
353 4084 495 4156 ψυχὴ
527 4083 624 4137 τοῦ
659 4081 950 4154 ἀνθρώπου
981 4084 1079 4153 μία
1123 4083 1241 4155 μὲν,
1282 4083 1710 4154 τρισυπόστατος
1756 4081 1843 4135 δέ’

277 4176 402 4247 τρία
422 4176 692 4249 πρόσωπα
715 4175 828 4243 ἔχει
852 4176 885 4246 ἡ
912 4175 1078 4245 ψυχή’
1102 4177 1196 4229 καὶ
1223 4175 1360 4240 πῶς;
1381 4174 1630 4229 ἄκουσον.
1662 4176 1851 4228 Ἔστιν

279 4269 314 4338 ἡ
343 4267 485 4338 ψυχὴ
516 4267 575 4320 ἓν
611 4268 937 4338 πρόσωπον·
975 4270 1008 4339 ὴ
1054 4268 1111 4320 δὲ
1148 4267 1295 4338 ψυχὴ
1341 4269 1506 4338 γεννᾷ
1542 4267 1634 4320 τὸν
1668 4267 1847 4336 λόγον,

279 4362 372 4413 καὶ
403 4361 508 4414 ίδοῦ
534 4364 563 4415 6
595 4360 757 4428 λόγος
784 4360 911 4413 ἄλλο
949 4360 1255 4431 πρόσωπον.
1301 4362 1365 4413 Ἡ
1390 4359 1533 4431 ψυχὴ
1561 4360 1847 4432 ὲκπορεύει

280 4455 375 4508 καὶ
413 4454 513 4523 τὴν
565 4454 740 4525 πνοὴν
761 4493 775 4516 ,
825 4453 920 4507 καὶ
966 4453 1074 4506 ίδοὺ
1116 4456 1150 4524 ἠ
1197 4454 1333 4525 πνοὴ
1378 4452 1505 4506 ἄλλο
1538 4453 1846 4524 πρόσωπον.

290 4545 419 4598 Ἰδοὺ
448 4545 716 4616 πρόσωπα
743 4544 887 4613 τρία,
910 4544 1077 4615 ψυχὴ,
1104 4543 1280 4612 λόγος,
1308 4545 1399 4598 καὶ
1431 4547 1586 4615 πνοή.
1613 4546 1723 4599 Καὶ
1742 4544 1849 4617 γὰρ

278 4639 308 4689 6
335 4639 488 4707 λόγος
521 4639 617 4691 καὶ
656 4640 691 4709 ὴ
721 4636 859 4708 πνοὴ
896 4638 994 4707 τῆς
1038 4636 1214 4708 ψυχῆς
1255 4639 1414 4700 είσιν,
1448 4638 1507 4690 οῦ
1540 4636 1632 4691 τοῦ
1666 4636 1852 4708 σώμα-

276 4746 388 4793 τος,
415 4730 626 4801 ἐπειδὴ,
656 4728 761 4799 τῆς
799 4728 972 4799 ψυχῆς
1007 4726 1326 4799 ἐξελθούσης
1356 4730 1420 4782 ὲκ
1448 4730 1540 4782 τοῦ
1577 4729 1849 4801 σώματος,

1947 3544 2245 3614 gnitiouem
2293 3543 2512 3600 deitatis
2542 3545 2720 3600 tribus
2763 3544 3152 3616 hypostasihus
3192 3547 3517 3607 constantis.

1950 3634 2074 3689 vide
2100 3644 2154 3689 et
2191 3634 2355 3689 aliam
2386 3636 2678 3707 imaginem
2704 3635 2822 3699 Dei,
2865 3652 2989 3707 qua:
3019 3644 3106 3693 est
3132 3638 3312 3692 anima
3346 3636 3522 3691 homi-

1950 3728 2060 3783 nis.
2095 3726 2328 3793 Quando
2356 3729 2500 3783 enim
2530 3730 2866 3787 for-maturus
2898 3738 3018 3786 erat
3041 3729 3188 3786 Deus
3220 3729 3516 3792 hominem,

1954 3821 2092 3875 dixit
2132 3838 2148 3877 ;
2186 3840 2205 3872 ι
2249 3818 2540 3877 Faciamus
2585 3821 2864 3877 hominem
2912 3820 2982 3877 ad
3024 3820 3317 3890 imaginem
3357 3828 3414 3875 et
3450 3820 3519 3875 ad

1955 3908 2369 3965 similitudinem
2397 3911 2704 3966 nostram'.
2736 3929 2755 3963 ι
2792 3910 2935 3966 Ecce
2966 3910 3134 3981 igitur
3158 3909 3320 3964 homo
3339 3910 3519 3980 imago

1952 4007 2037 4056 est
2062 3998 2181 4062 Dei,
2211 3997 2421 4054 scilicet
2468 4000 2648 4077 anima
2691 3999 2949 4055 hominis.
2980 3997 3077 4054 Est
3120 4006 3302 4052 autem
3337 3997 3519 4051 anima

1953 4090 2193 4144 hominis
2224 4105 2334 4144 una
2378 4090 2618 4161 quidem,
2651 4092 2748 4147 sed
2784 4091 2961 4146 tribus
2995 4087 3368 4148 subsistentiis
3393 4102 3519 4142 con-

1953 4186 2109 4236 stans
2140 4196 2155 4234 :
2182 4188 2294 4236 tres
2335 4195 2599 4253 personas
2656 4180 2819 4237 habet
2849 4180 3030 4235 anima
3051 4218 3067 4242 ,
3119 4185 3174 4233 et
3209 4175 3520 4247 quomodo?

1954 4271 2102 4326 audi.
2144 4270 2240 4327 Est
2278 4274 2462 4328 anima
2500 4288 2608 4330 una
2644 4288 2920 4346 persona:
2950 4272 3131 4327 anima
3180 4285 3312 4326 vero
3351 4282 3521 4339 gene-

1953 4370 2041 4417 rat
2073 4364 2365 4432 rationem,
2392 4374 2447 4422 et
2476 4381 2605 4422 ecce
2637 4365 2779 4422 ratio
2824 4367 2995 4422 altera
3024 4377 3262 4437 persona
3289 4381 3303 4418 :
3333 4364 3518 4417 anima
3564 4364 3568 4367 ’

1955 4460 2137 4509 autem
2174 4456 2374 4511 emittit
2401 4456 2680 4527 spiritum,
2729 4462 2785 4511 et
2826 4471 2957 4512 ecce
3000 4455 3230 4526 spiritus
3263 4452 3367 4507 alia
3397 4465 3522 4521 per-

1955 4560 2112 4602 sona.
2148 4544 2289 4602 Ecce
2313 4562 2559 4618 persona:
2599 4555 2735 4612 tres,
2768 4547 2972 4611 anima,
3003 4545 3166 4609 ratio,
3196 4551 3251 4599 et
3269 4543 3520 4614 spiritus.

1953 4635 2165 4693 Etenim
2191 4638 2334 4693 ratio
2353 4646 2409 4694 et
2436 4638 2667 4709 spiritus
2697 4639 2891 4693 anima:
2925 4644 3075 4701 sunt,
3108 4649 3218 4690 non
3247 4632 3515 4702 corporis.

1953 4730 2215 4801 quoniam
2265 4731 2446 4784 anima
2485 4745 2707 4800 egressa
2756 4745 2823 4785 ex
2863 4742 3114 4798 corpore,
3157 4740 3333 4796 neque
3379 4723 3521 4778 ratio

274 4821 396 4875 οὐτε
422 4822 581 4890 λόγος
623 4822 951 4891 ἑναπομένει
978 4819 1056 4890 τῷ
1082 4819 1310 4892 σώματι,
1354 4819 1475 4873 οῦτε
1516 4821 1686 4892 πνοὴ,
1718 4821 1847 4874 ἀλλὰ

1958 4830 2141 4877 manet
2162 4823 2218 4876 in
2251 4835 2502 4890 corpore,
2536 4835 2714 4889 neque
2741 4819 2990 4890 spiritus,
3020 4815 3113 4873 sed
3149 4816 3296 4885 jacet
3317 4828 3520 4882 corpus

275 4914 451 4965 κεῖται
478 4913 540 4964 τὸ
565 4911 726 4982 σῶμα
754 4912 845 4963 καὶ
880 4910 1081 4964 ἄπνουν
1125 4912 1218 4965 καὶ
1246 4910 1459 4979 ἄλογον.
1513 4912 1570 4964 '0
1605 4910 1661 4964 δὲ
1692 4910 1850 4979 λόγος

272 5003 371 5054 καὶ
398 5004 432 5073 ἠ
464 5003 599 5074 πνοή
628 5002 739 5054 εἰσι
776 4999 912 5071 μετά
943 5004 1042 5073 τῆς
1067 5001 1242 5073 ψυχῆς
1263 5018 1276 5031 ο
1312 5003 1405 5054 καὶ
1432 5003 1497 5053 ἐκ
1524 5001 1712 5054 τούτου
1756 5001 1851 5072 δῆ-

269 5091 365 5144 λόν
397 5094 567 5159 ἐστιν,
597 5092 697 5157 ὡς,
733 5092 815 5144 ὃτι
847 5092 938 5145 καὶ
977 5094 1006 5145 6
1041 5092 1197 5161 λόγος
1230 5093 1325 5146 καὶ
1364 5094 1397 5163 ὴ
1431 5091 1566 5164 πνοὴ
1607 5090 1715 5144 ἀπὸ
1751 5091 1851 5160 τῆς

266 5184 452 5254 ψυχῆς
486 5187 613 5246 εισι,
652 5182 752 5237 καὶ
778 5182 878 5252 τῆς
901 5183 1077 5254 ψυχῆς
1124 5186 1229 5236 είσι
1260 5184 1557 5255 πρόσωπα·
1608 5183 1701 5237 καὶ⁵
1743 5183 1851 5236 ἰδοὺ

267 5277 457 5332 λοιπὸν
481 5278 514 5348 ἡ
537 5276 690 5348 ψυχὴ
726 5273 1018 5345 πρόσωπον
1047 5276 1126 5338 ἒν,
1162 5276 1255 5328 καὶ
1282 5277 1310 5327 ό
1333 5274 1485 5343 λόγος
1524 5275 1652 5330 ἀλλο
1684 5277 1851 5347 πρόσ-

262 5387 454 5436 ωπον,
508 5372 604 5424 καὶ
654 5371 689 5440 ἠ
748 5366 886 5438 πνοὴ
935 5368 1121 5438 ἓτερον
1182 5367 1490 5438 πρόσωπον.
1554 5366 1683 5420 Ἰδοὺ
1725 5367 1850 5437 τρία

262 5463 539 5536 πρόσωπα
579 5463 681 5533 τῆς
721 5458 923 5530 ψυχῆς,
961 5459 1096 5513 ἀλλά
1121 5459 1267 5530 ψυχὴ
1302 5459 1432 5530 μία,
1468 5460 1561 5511 καὶ
1590 5459 1651 5511 οὐ
1680 5461 1848 5526 τρεῖς.

260 5555 339 5608 Εἰ
370 5554 474 5626 γὰρ
524 5551 852 5625 ἐρωτηθῇς,
894 5552 1066 5614 πόσας
1113 5551 1289 5622 ψυχὰς
1324 5550 1435 5622 ἔχει
1471 5553 1498 5602 6
1535 5548 1850 5621 ἄνθρωποςς

260 5644 489 5718 μέλλεις
514 5647 715 5707 εἰπεῖν,
744 5642 829 5694 ὅτι
860 5643 1008 5711 μίαν.
1051 5643 1175 5696 Ἐὰν
1207 5643 1262 5695 δὲ
1292 5642 1571 5716 ἐρωτηθῇς
1594 5648 1686 5696 καὶ
1715 5643 1854 5698 πόσα

344 5798 369 5829 ⁸
409 5796 586 5856 lCor.
626 5816 700 5859 ιι,
739 5797 830 5851 10.
905 5798 927 5829 ⁹
965 5796 1098 5852 Gen.
1138 5814 1199 5858 ll,
1232 5799 1324 5854 26.

512 5898 796 5957 ΡΑτιιοι..
833 5890 948 5953 Gn.
990 5895 1279 5957 XXVI“.

1958 4914 2078 4970 sine
2112 4914 2310 4985 spiritu
2352 4921 2406 4968 et
2448 4914 2566 4968 sine
2600 4914 2831 4967 ratione.
2864 4909 3025 4965 Ratio
3053 4923 3182 4963 vero
3212 4915 3265 4962 et
3295 4907 3520 4976 spiritus

1956 5013 2087 5061 sunt
2119 5020 2244 5059 cum
2289 5005 2467 5059 anima
2497 5023 2511 5059 :
2538 5012 2594 5060 et
2619 5004 2744 5059 inde
2773 5006 2951 5075 palam
2985 5010 3090 5066 est,
3118 4997 3266 5070 quod
3295 4998 3424 5069 quia
3466 5008 3521 5051 et

1954 5097 2095 5152 ratio
2142 5105 2197 5152 et
2247 5096 2475 5166 spiritus
2531 5095 2602 5153 ab
2658 5096 2839 5151 anima
2891 5101 3041 5157 sunt,
3079 5091 3243 5147 etiam
3272 5102 3523 5159 personae

1958 5189 2155 5244 animas
2202 5194 2372 5243 sunt:
2404 5188 2588 5257 itaque
2632 5202 2763 5243 ecce
2796 5186 2975 5242 anima
3008 5195 3241 5254 persona
3290 5194 3423 5242 una,
3468 5187 3525 5232 et

1958 5280 2098 5333 ratio
2147 5292 2379 5348 persona
2432 5279 2625 5344 altera,
2681 5289 2736 5331 et
2786 5275 3011 5346 spiritus
3057 5286 3290 5346 persona
3336 5270 3523 5325 tertia.

1958 5369 2101 5427 Ecce
2135 5382 2247 5426 tres
2275 5386 2520 5440 personae
2558 5369 2774 5432 animae.
2814 5367 2910 5425 sed
2939 5366 3120 5423 anima
3152 5380 3281 5426 una.
3324 5370 3380 5418 et
3415 5376 3525 5416 non

1958 5471 2091 5519 tres.
2153 5460 2211 5516 Si
2260 5463 2404 5518 enim
2462 5461 2817 5531 interrogeris
2871 5466 3005 5531 quot
3067 5457 3279 5514 animas
3328 5454 3528 5510 habeat

1961 5552 2144 5617 homo,
2185 5550 2517 5622 respondere
2567 5551 2754 5616 debes,
2783 5549 2930 5621 quod
2970 5562 3157 5603 unam.
3192 5545 3250 5601 Si
3277 5558 3406 5601 vero
3440 5543 3527 5598 in-

1960 5645 2279 5717 tcrrogeris,
2311 5652 2445 5717 quot
2484 5645 2596 5701 sint
2629 5658 2878 5716 persona:
2909 5642 3122 5707 animae,
3157 5637 3411 5696 convenit
3446 5649 3529 5691 re-

3132 5886 3210 5947 25
