4050 6396
565 335 666 392 772

1718 328 1773 381 S.
1814 314 2271 381 ATHANASZUS.
2308 346 2379 357 -—
2408 317 2633 374 DUBIA.

3692 311 3795 365 780

560 454 851 525 spondere,
888 450 1031 522 quod
1063 458 1175 505 tres
1201 468 1214 503 :
1238 447 1495 518 quoniam
1524 445 1726 512 anima,
1757 446 1899 499 ratio
1923 452 1978 499 et
2008 441 2121 511 spi-

2229 437 2493 507 πρόσωπᾶ
2537 440 2641 491 είσι
2688 437 2789 507 τῆς
2835 436 3045 507 ψυχῆς;
3088 434 3318 506 ἁρμόζει
3358 434 3424 488 ἵν’
3462 434 3667 497 εῐποις,
3713 434 3794 486 ὅτι

560 547 722 610 ritus,
768 558 876 598 una
909 541 1110 605 anima,
1155 545 1212 593 et
1238 552 1485 608 personae
1517 544 1648 591 tres.
1684 534 1750 588 Et
1777 544 1861 590 est
1905 533 2124 603 quidem

561 639 741 691 anima
781 636 961 704 imago
997 631 1177 687 Patris
1208 649 1220 685 :
1251 630 1390 683 ratio
1452 627 1665 693 animae,
1705 627 1883 697 imago
1918 624 2042 679 Filii
2072 632 2126 678 et

561 726 724 782 Verbi
765 725 900 780 Dei:
933 721 1159 793 spiritus
1211 733 1339 775 vero
1389 717 1607 782 animae,
1658 718 1835 786 imago
1888 714 2124 786 Spiritus

559 819 760 875 sancti.
803 815 1268 883 Quemadmodum
1318 812 1462 868 enim
1496 812 1679 866 anima
1726 809 2000 881 ingenita,
2050 809 2123 863 ita

558 919 612 964 et
638 909 781 963 Deus
808 915 864 963 et
885 905 1047 961 Pater
1074 904 1352 975 ingenitus
1377 923 1391 958 :
1421 909 1475 959 et
1502 900 1959 973 quemadmodum
1982 899 2126 952 ratio
2180 970 2185 975 ᾖ

555 1000 736 1073 genita
772 997 841 1052 ab
880 998 1098 1061 anima,
1126 997 1202 1049 ita
1231 1001 1287 1051 et
1314 992 1551 1049 Verbum
1583 991 1677 1047 Dei
1705 1000 1891 1045 natum
1922 1005 1990 1045 ex
2021 987 2125 1042 Pa-

559 1098 643 1143 tre
672 1107 684 1142 :
708 1095 762 1142 et
784 1089 927 1141 sicut
956 1085 1185 1155 spiritus
1213 1081 1457 1155 procedit
1477 1082 1545 1136 ab
1570 1081 1749 1135 anima
1768 1119 1784 1146 ,
1817 1078 1892 1133 ita
1921 1086 1975 1134 et
2003 1075 2126 1147 Spi-

556 1181 699 1237 ritus
763 1186 986 1236 sanctus
1035 1177 1281 1248 procedit
1321 1191 1352 1230 a
1400 1174 1582 1229 Patre.
1626 1172 1808 1239 Quare
1854 1172 1944 1226 dic
1994 1171 2121 1227 ita:

554 1272 771 1337 Anima,
823 1270 964 1325 ratio
999 1278 1053 1324 et
1090 1268 1338 1340 spiritus.
1371 1267 1553 1322 anima
1594 1280 1723 1330 una,
1749 1270 1803 1319 et
1835 1279 1945 1318 non
1987 1271 2121 1317 tres.

556 1362 943 1434 lnseparabilis
970 1360 1115 1417 enim
1146 1359 1285 1413 ratio
1321 1368 1373 1412 et
1403 1356 1631 1427 spiritus
1674 1355 1742 1409 ab
1776 1354 1981 1408 anima.
2035 1351 2124 1406 Si-

460 1470 467 1479 ι
555 1450 757 1505 militer
786 1447 969 1511 Pater,
998 1455 1062 1502 'et
1090 1444 1261 1501 Filius
1308 1445 1423 1500 sive
1456 1442 1719 1509 Verbum,
1767 1450 1821 1498 et
1860 1440 2119 1512 Spiritus,

556 1559 699 1597 unus
730 1540 875 1596 Deus
923 1547 978 1594 et
1012 1552 1122 1593 non
1154 1544 1300 1605 tres;
1344 1535 1709 1606 inseparabile
1756 1534 1956 1604 quippe
1986 1531 2121 1588 Ver-

554 1633 684 1688 bum
723 1640 776 1689 et
811 1630 1047 1702 Spiritus
1077 1629 1296 1684 divinus
1324 1642 1355 1682 a
1379 1627 1561 1683 Patre.
1598 1627 1665 1681 Et
1697 1626 1840 1681 sicut
1874 1624 2123 1679 invisibi-

555 1725 625 1778 lis
656 1734 741 1779 est
784 1724 985 1784 anima,
1014 1721 1087 1776 ita
1117 1720 1406 1776 invisibilis
1435 1718 1604 1774 etiam
1634 1726 1717 1773 est
1745 1716 1909 1771 Deus.
1944 1715 2009 1770 Et
2038 1716 2119 1772 sic

556 1828 683 1868 cum
711 1812 930 1868 dubitas
971 1811 1028 1865 in
1072 1817 1253 1865 mente
1293 1816 1409 1870 tua,
1454 1815 1506 1863 et
1538 1807 1697 1875 dicis,
1734 1807 2007 1877 quomodo
2052 1807 2125 1861 sit

558 1905 704 1959 Deus
743 1884 909 1968 unus,
939 1907 993 1957 et
1024 1900 1189 1956 simul
1230 1907 1444 1955 constet
1484 1898 1663 1953 tribus
1696 1898 2125 1969 bypostasibus;

557 1996 844 2051 considera
878 1995 1115 2049 animam
1146 2000 1315 2056 tuam,
1348 1999 1403 2047 et
1428 1991 1517 2045 dic
1544 2008 1558 2045 :
1598 1990 1753 2045 Sicut
1778 1990 1960 2045 anima
2004 2006 2127 2045 mea

558 2096 665 2135 una
700 2088 804 2147 est,
859 2080 955 2137 sed
1005 2086 1223 2136 constat
1253 2080 1428 2135 tribus
1458 2078 1869 2151 bypostasibus,
1921 2082 2124 2148 anima,

557 2173 794 2238 ratione,
822 2183 879 2228 et
908 2173 1099 2243 spiritu
1131 2192 1145 2227 :
1171 2173 1245 2227 ita
1275 2172 1417 2227 Deus
1446 2187 1591 2227 unus
1630 2180 1735 2239 est,
1784 2171 1877 2226 sed
1910 2178 2129 2226 constat

556 2263 734 2320 tribus
763 2264 1175 2335 bypostasibus,
1204 2262 1388 2328 Patre,
1419 2271 1473 2316 et
1493 2261 1657 2327 Filio,
1680 2270 1736 2317 et
1763 2260 1972 2331 Spiritu
1995 2277 2128 2317 san-

556 2365 666 2411 cto.
700 2356 766 2411 Et
792 2356 883 2411 die
906 2356 1049 2426 apud
1075 2357 1317 2411 animum
1349 2364 1523 2420 tuum,
1554 2354 1701 2425 quod
1732 2356 1778 2410 si
1808 2359 1990 2409 anima
2008 2354 2130 2426 opi-

558 2446 739 2501 ﬁcium
765 2445 882 2510 Dei,
902 2446 1152 2502 similiter
1173 2452 1225 2500 et
1247 2446 1353 2511 sol,
1373 2451 1589 2500 constat
1614 2445 1792 2502 tribus
1818 2445 2130 2516 hypostasi-

559 2537 686 2602 bus,
722 2545 922 2592 natura
953 2543 1134 2591 autem
1163 2550 1352 2591 eorum
1391 2552 1520 2605 una,
1545 2546 1753 2608 quanto
1781 2536 1953 2607 magis
1985 2535 2130 2590 Deus

560 2624 737 2682 factor
765 2626 1017 2681 illorum!
1048 2624 1238 2682 Nonne
1274 2626 1330 2680 in
1374 2625 1541 2681 Deum
1573 2627 1721 2681 cadit
1774 2633 1834 2681 ut
1888 2626 1960 2681 sit
1986 2640 2129 2681 unus

561 2724 778 2780 natura,
804 2725 857 2772 et
878 2717 1055 2773 tribus
1090 2718 1343 2789 personis
1368 2719 1627 2775 constet?
1656 2718 1766 2774 imo
1796 2719 1849 2773 id
1893 2718 1950 2774 in
1978 2719 2128 2773 illum

562 2806 728 2862 cadit.
755 2806 1223 2874 Quemadmodum
1261 2810 1409 2864 enim
1450 2810 1652 2874 anima,
1701 2809 1849 2865 ratio
1884 2819 1939 2866 et
1968 2808 2131 2880 spiri-

562 2908 651 2957 tus
701 2910 813 2957 tres
861 2911 988 2957 sunt
1024 2917 1288 2974 personae.
1320 2910 1377 2959 et
1426 2919 1533 2958 una
1578 2910 1774 2958 natura
1817 2903 2032 2969 animai,
2078 2912 2131 2959 et

562 3005 672 3045 non
707 2998 816 3046 tres
863 2990 1197 3050 e..’.m:e:ita
1232 2990 1413 3057 Pater,
1454 3002 1508 3048 et
1551 2989 1745 3057 Filius,
1794 3001 1849 3048 et
1892 2991 2129 3064 Spiritus

564 3090 813 3149 sanctus,
844 3089 956 3139 tres
983 3098 1250 3153 personae.
1279 3090 1334 3139 et
1354 3099 1498 3139 unus
1525 3091 1722 3138 natura
1745 3082 1906 3150 Deus,
1938 3093 1993 3140 et
2019 3100 2128 3141 non

565 3180 678 3229 tres
709 3171 811 3227 Dii.
846 3172 923 3226 Ita
950 3173 994 3227 si
1019 3186 1230 3241 semper
1253 3172 1618 3240 ratiociueris,
1650 3189 1762 3230 non
1789 3175 2133 3244 blasphema-

566 3264 650 3320 bis
684 3265 740 3320 in
769 3271 1011 3321 sanctam
1042 3264 1385 3321 Trinitatem.

595 3589 602 3597 ,
638 3525 747 3582 Sed
765 3528 878 3598 jam
903 3536 958 3584 et
987 3528 1150 3585 aliam
1180 3529 1591 3586 similitudinem
1619 3529 1713 3586 Dei
1734 3531 1884 3596 audi,
1907 3531 2128 3589 dilecte.

564 3618 710 3674 Ecce
732 3619 876 3687 ignis
897 3634 1040 3674 unus
1063 3626 1169 3683 est,
1195 3619 1291 3675 sed
1320 3635 1385 3674 ex
1414 3620 1594 3674 tribus
1625 3627 1843 3675 constat
1866 3620 2131 3691 hyposta-

563 3708 741 3764 sibus.
778 3707 898 3780 Ipse
939 3710 1085 3765 enim
1131 3724 1273 3767 unus
1296 3718 1381 3766 est
1423 3708 1706 3779 subjectus
1739 3710 1902 3781 ignis,
1938 3709 2131 3770 urendi

563 3806 748 3854 autem
792 3799 876 3854 vis
918 3808 1003 3856 est
1046 3800 1154 3855 alia
1192 3814 1429 3871 persona
1468 3807 1564 3855 :et
1607 3800 1692 3854 vis
1729 3800 1948 3857 lucendi
1999 3803 2129 3857 item

563 3892 671 3946 alia
703 3906 959 3962 persona.
996 3891 1138 3949 Ecce
1174 3908 1307 3964 ergo
1336 3900 1449 3949 tres
1487 3908 1736 3963 personae
1763 3896 1926 3949 unius
1966 3893 2130 3964 ignis,

563 3984 775 4040 scilicet
800 3986 1083 4055 subjectus
1110 3986 1273 4056 ignis.
1317 3985 1403 4041 vis
1435 3985 1653 4053 urendi,
1689 3994 1744 4041 et
1781 3986 1999 4042 lucendi
2026 3986 2130 4041 vis.

565 4071 685 4127 lina
719 4084 901 4131 autem
938 4083 1022 4131 est
1052 4085 1251 4131 natura
1280 4076 1444 4148 ignis,
1476 4083 1530 4131 et
1567 4090 1676 4131 non
1708 4085 1820 4132 tres
1846 4096 1859 4132 :
1881 4080 2134 4136 similiter

564 4165 727 4218 etiam
782 4166 839 4219 in
894 4164 1023 4221 Deo.
1061 4165 1223 4222 Pater
1257 4167 1403 4221 enim
1448 4168 1713 4239 est283
1746 4169 1908 4239 ignis,
1963 4169 2134 4229 Filius

564 4260 652 4309 est
699 4255 896 4310 urendi
929 4256 1033 4321 vis,
1064 4264 1118 4312 et
1146 4254 1387 4327 Spiritus
1429 4268 1653 4313 sanctus
1697 4268 1782 4314 est
1817 4260 1900 4316 vis
1934 4262 2136 4316 illumi-

567 4359 727 4401 nans.
770 4345 836 4400 Et
868 4347 1323 4416 quemadmodum
1378 4348 1435 4402 in
1484 4349 1630 4419 igne,
1664 4350 1841 4420 ignem
1888 4361 2133 4408 urentem

2222 526 2378 596 τρία’
2414 527 2599 598 ἐπειδὴ
2630 526 2794 597 ψυχὴ,
2824 525 2980 595 λόγος
3036 525 3133 578 xal
3168 525 3324 596 πνοὴ,
3359 525 3456 595 μία
3486 522 3668 594 ψυχὴ,
3702 520 3796 575 καὶ
3849 557 3853 563 -

2224 617 2489 688 πρόσωπα
2519 617 2665 686 τρία.
2710 617 2821 669 Kal
2861 615 2973 667 ἐστι
3010 614 3109 685 μὲν
3140 616 3174 684 ὴ
3208 613 3352 684 ψυχὴ
3383 614 3462 676 εἰς
3490 611 3661 664 τύπον
3703 607 3793 663 τοῦ

2224 707 2468 778 Πατρός’
2501 710 2530 761 6
2558 708 2615 762 δὲ
2660 708 2814 776 λόγος
2851 707 2948 777 τῆς
2978 705 3157 776 ψυχῆς
3201 708 3280 769 είς
3319 704 3489 759 τύπον
3518 703 3614 757 τοῦ
3663 702 3793 755 Υίοῦ

2224 800 2319 852 xal
2352 800 2524 865 Λόγου
2552 797 2648 852 τοῦ
2688 798 2821 851 Θεοῦ
2839 815 2851 827 ·
2879 798 2913 867 ἡ
2940 796 2996 849 δὲ
3026 795 3164 866 πνοὴ
3198 795 3298 865 τῆς
3324 793 3501 865 ψυχῆς
3523 794 3603 856 είς
3630 792 3795 845 τύπον

2224 892 2315 945 τοῦ
2366 892 2520 961 ἁγίου
2561 889 2896 961 Πνεύμστος.
2948 889 3035 951 Ὠς
3072 886 3181 957 γὰρ
3225 888 3259 958 ἡ
3291 886 3438 957 ψυχὴ
3483 885 3794 954 ἁγέννητος.

2223 984 2366 1038 οὕτω
2401 986 2494 1039 καὶ
2531 985 2559 1037 6
2587 984 2718 1047 Θεὸς
2762 982 2857 1036 καὶ
2889 980 3080 1052 Πατὴρ
3116 980 3411 1049 ἀγέννητο’
3475 978 3571 1032 καὶ
3610 977 3798 1047 ὥσπερ

2223 1079 2252 1131 6
2282 1077 2439 1145 λόγος
2465 1075 2721 1147 γεννητὸς
2760 1073 2869 1129 ἀπὸ
2897 1074 2996 1145 τῆς
3027 1072 3225 1143 ψυχῆς,
3278 1071 3421 1126 οὕτω
3449 1072 3543 1125 xal
3571 1072 3600 1123 6
3626 1071 3798 1139 Λόγος

2221 1168 2316 1223 τοῦ
2354 1168 2486 1221 Θεοῦ
2525 1167 2778 1239 γεννητὸς
2803 1166 2913 1220 ἀπὸ
2938 1164 3032 1218 τοῦ
3069 1164 3311 1235 Πατρός*
3345 1165 3440 1218 καὶ
3474 1162 3728 1231 καθάπερ
3762 1166 3793 1233 ὴ

2224 1258 2359 1328 πνοὴ
2425 1258 2730 1329 ὲκπορευτὴ
2811 1255 2921 1311 ἀπὸ
2975 1257 3075 1327 τῆς
3126 1256 3325 1327 ψυχῆς,
3381 1255 3522 1309 οὕτω
3583 1254 3678 1308 xal
3739 1253 3797 1307 τὸ

2223 1348 2447 1420 Πνεῦμα
2487 1348 2548 1401 τὸ
2579 1348 2732 1417 ἅγιον
2781 1346 3112 1421 ὲκπορευτὸν
3143 1347 3252 1401 ἀπὸ
3283 1346 3375 1401 τοῦ
3410 1347 3644 1417 Πατρός.
3688 1347 3797 1399 Kal

2222 1433 2373 1491 εἷπον
2402 1437 2573 1491 οῦτω·
2607 1437 2790 1510 Ψυχὴ,
2812 1438 2969 1508 λόγος
3001 1439 3095 1491 xal
3128 1438 3286 1510 πνοὴ,
3331 1438 3429 1509 μία
3493 1436 3661 1508 ψυχὴ.
3707 1437 3796 1490 καὶ

2221 1529 2282 1581 ού
2330 1533 2477 1599 τρεῖς
2511 1544 2527 1558 ⁸
2572 1528 2874 1602 ἀχώριστος
2918 1529 3027 1602 γὰρ
3058 1531 3086 1583 6
3117 1529 3273 1600 λόγος
3305 1531 3398 1583 xal
3440 1531 3473 1600 ἡ
3519 1530 3654 1601 πνοὴ
3694 1529 3797 1582 ἀπὸ

2220 1619 2321 1689 τῆς
2361 1619 2559 1689 ψυχῆς.
2585 1620 2815 1691 Ὁμοίως
2863 1620 3072 1692 Πατὴρ,
3122 1622 3213 1673 xal
3258 1620 3404 1684 Υἱὸς,
3456 1622 3575 1690 ἦτοι
3607 1622 3795 1690 Λόγος,

2222 1711 2315 1762 xal
2346 1709 2588 1780 Πνεῦμα,
2628 1705 2708 1775 εἷς
2729 1711 2880 1777 Θεὸς,
2906 1712 2999 1767 xal
3031 1713 3092 1765 ού
3124 1714 3272 1783 τρεῖς
3299 1728 3315 1745 ο
3367 1711 3667 1783 ἁχὼριστος
3692 1713 3798 1783 γὰρ

2227 1807 2255 1857 6
2277 1806 2447 1874 Λόγος
2477 1806 2569 1859 xal
2596 1804 2656 1858 τὸ
2685 1805 2910 1873 Πνεῦμα
2945 1805 3007 1859 τὸ
3037 1804 3177 1859 Θεῖον
3201 1806 3266 1859 ἐκ
3301 1804 3396 1858 τοῦ
3426 1806 3658 1876 Πατρός.
3691 1806 3798 1858 Kal

2227 1886 2475 1970 καθάπερ
2508 1897 2737 1969 ἀόρατος
2757 1899 2791 1969 ἡ
2816 1897 2987 1969 ψύχη,
3015 1896 3186 1961 οὕτως
3208 1897 3437 1968 ἀόρατος
3469 1898 3562 1951 καὶ
3591 1899 3618 1950 ό
3641 1896 3796 1960 Θεός.

2227 1990 2335 2043 Kal
2360 1989 2533 2054 οῦτως
2565 1991 2690 2044 ὅταν
2721 1989 2993 2056 διατάξεις
3019 1991 3075 2042 ἐν
3103 1989 3179 2061 τῷ
3215 1992 3297 2044 νοΐ
3330 2007 3444 2053 σου,
3472 1989 3799 2059 κα“ι’λέγεις,
3912 2062 3915 2065 _

2229 2079 2345 2145 πῶς
2375 2081 2452 2134 ἔνι
2477 2084 2506 2135 6
2531 2081 2663 2145 Θεὸς
2692 2076 2791 2147 εἷς,
2822 2082 2916 2137 xal
2941 2081 3015 2135 ἔνο
3045 2083 3138 2135 ναὶ
3166 2081 3625 2152 τρισυπόστατοςς
3650 2081 3803 2135 ἐνθυ-

2230 2170 2331 2241 μοῦ
2361 2171 2461 2241 τῆς
2501 2171 2683 2244 ψυχῆς
2727 2189 2841 2238 σου,
2876 2173 2971 2227 xal
3003 2171 3163 2242 λέγε’
3206 2172 3415 2244 Ὠσπερ
3455 2174 3488 2243 ἡ
3519 2172 3666 2243 ψυχή
3704 2190 3804 2243 μου

2204 2331 2210 2337 .
2232 2262 2330 2333 μία
2352 2264 2521 2328 ἐστὶν,
2553 2262 2688 2317 ἀλλὰ
2719 2264 2812 2316 xal
2839 2263 3288 2336 τρισυπόστατος,
3315 2264 3481 2335 ψυχὴ,
3506 2264 3684 2333 λόγος,
3714 2267 3805 2318 καὶ

2230 2355 2392 2424 πνοή·
2420 2352 2562 2407 οὕτω
2620 2354 2714 2408 καὶ
2742 2357 2771 2408 6
2794 2354 2926 2419 Θεὸς
2952 2350 3031 2419 εἷς
3057 2358 3225 2419 ἐστιν,
3252 2356 3367 2409 ἀλλ’
3390 2355 3505 2410 ἔστι
3534 2358 3629 2410 καὶ
3651 2375 3801 2427 τρισ-

2230 2446 2549 2509 υπόστατος,
2587 2445 2812 2517 Πατὴρ,
2853 2446 3045 2516 Λόγος,
3088 2448 3182 2500 καὶ
3223 2446 3447 2518 Πνεῦμα
3485 2447 3659 2518 ἅγιον.
3699 2451 3804 2503 Kal

2229 2534 2352 2604 λέγε
2391 2537 2450 2590 ὲν
2487 2536 2566 2607 τῷ
2593 2538 2671 2590 vol
2699 2555 2814 2603 σου,
2845 2538 2948 2602 ὅτι,
2979 2538 3073 2593 ἐὰν
3102 2541 3136 2610 ἡ
3174 2539 3340 2611 ψυχὴ,
3374 2539 3433 2593 τὸ
3468 2540 3678 2610 ποίημα
3711 2542 3800 2595 τοῦ

2237 2626 2395 2692 Θεοῦ,
2421 2629 2620 2699 ὁμοίως
2653 2631 2746 2683 xal
2787 2632 2815 2683 6
2849 2630 3016 2701 ἥλιος,
3064 2632 3179 2683 ὲστί
3203 2631 3650 2703 τρισυπόστατος,
3687 2635 3718 2703 ἡ
3749 2633 3801 2685 δὲ

2232 2719 2395 2789 φύσις
2441 2719 2620 2773 αὐτῶν
2668 2720 2799 2792 μία”
2832 2722 2984 2793 πόσῳ
3028 2720 3227 2792 μᾶλλον
3265 2725 3293 2775 6
3330 2722 3463 2787 Θεὸς
3506 2726 3534 2776 6
3578 2724 3802 2795 ποιητὴς

2229 2811 2461 2865 τούτωνῐ
2499 2813 2611 2866 Οὐκ
2641 2813 2909 2884 ἐνδέχεται
2945 2815 3007 2867 τὸ
3050 2810 3188 2869 εἶναι
3230 2813 3436 2877 οὕτως,
3477 2814 3621 2869 ὥστε
3670 2813 3801 2871 εἶναι

2232 2901 2392 2955 αὑτὸν
2424 2902 2519 2956 ’ἐνα
2566 2905 2630 2974 τῇ
2676 2903 2857 2973 φύσει,
2905 2905 3000 2958 xal
3036 2904 3461 2975 τρισυπόστατον
3493 2910 3604 2971 τοῖς
3642 2924 3803 2979 προσ-

2231 2994 2437 3059 ώποιςς
2476 2994 2569 3048 καὶ
2596 2994 2808 3064 ἀληθῶς
2847 2995 3137 3067 ἐνδέχεται.
3180 2996 3266 3060 Ὠς
3314 2996 3423 3069 γὰρ
3448 2996 3616 3069 ψυχὴ,
3650 2996 3804 3066 λόγος

2155 3109 2202 3173 c
2233 3085 2326 3140 xal
2366 3084 2502 3156 πνοὴ
2540 3086 2666 3157 τρία
2694 3086 2981 3158 πρόσωπα,
3021 3088 3117 3139 xal
3154 3086 3252 3157 μία
3281 3086 3441 3157 φύσις
3470 3088 3677 3159 ψυχῆς,
3714 3089 3803 3142 καὶ

2231 3178 2291 3231 ού
2331 3181 2479 3250 τρεῖς
2548 3177 2750 3249 ψυχαίο
2788 3177 2930 3233 οὕτω
2976 3177 3184 3250 Πατὴρ,
3226 3178 3397 3247 Λόγος
3446 3180 3541 3233 καὶ
3587 3180 3805 3252 Πνεῦμα

2233 3271 2408 3339 ἅγιον,
2450 3270 2575 3344 τρία
2606 3272 2872 3345 πρόσωπα
2890 3313 2905 3338 ,
2931 3274 3023 3327 καὶ
3051 3267 3131 3334 εἷς
3161 3274 3228 3343 τῇ
3255 3273 3411 3342 φύσει
3431 3274 3584 3339 Θεὸς,
3624 3276 3718 3328 καὶ
3747 3277 3801 3328 ού

2230 3364 2381 3432 τρεῖς
2434 3362 2563 3416 Θεοί.
2624 3363 2811 3427 Οὕτως
2856 3362 2952 3417 ἐὰν
2998 3363 3282 3438 συλλογίζῂ
3320 3365 3573 3431 πάντοτε,
3620 3368 3683 3420 ού
3734 3367 3805 3438 μὴ

2234 3454 2632 3529 βλασφημήσῃς
2662 3456 2755 3509 ἐπὶ
2780 3455 2877 3526 τῆς
2909 3455 3071 3524 ἁγίας
3108 3456 3355 3527 Τριὰδος.

2316 3547 2475 3601 ’Λλλὰ
2502 3548 2687 3619 ἀκμὴν
2709 3550 2804 3602 xal
2828 3548 2993 3619 ἄλλην
3019 3548 3200 3601 εἰκόνα
3226 3548 3362 3601 Θεοῦ
3390 3548 3649 3627 ἄκομσον,
3671 3551 3804 3620 ἁγα-

2231 3638 2390 3707 πητέ.
2429 3638 2560 3690 Ἰδοὺ
2598 3638 2661 3691 τὸ
2694 3638 2803 3710 πῦρ
2840 3638 2899 3691 ἓν
2929 3638 3063 3701 ἐστι,
3098 3634 3273 3700 ἄλλως
3315 3638 3407 3690 xal
3445 3639 3807 3710 τρισυπόστα-

2229 3746 2339 3783 τον.
2378 3729 2518 3782 Αὐτὸ
2550 3730 2658 3801 γὰρ
2695 3730 2754 3782 ἒν
2798 3732 2913 3783 ἐστι
2957 3730 3017 3783 τὸ
3065 3729 3422 3800 ὑποκείμενον
3476 3730 3611 3802 πῦρ,
3648 3732 3710 3785 τὸ
3752 3730 3807 3783 δὲ

2232 3821 2525 3876 καυστικὺν
2557 3820 2722 3875 αὐτοῦ
2764 3820 2949 3894 ἕτερον
2987 3819 3297 3892 πρόσωπον,
3339 3821 3433 3874 xal
3464 3820 3527 3874 τὸ
3555 3839 3807 3890 φωτιστι-

2234 3914 2330 3967 κὸν
2366 3914 2532 3968 αὐτοῦ
2577 3914 2704 3969 ἄλλο
2741 3915 3047 3984 πρόσωπον.
3094 3913 3221 3967 Ἰδοὺ
3254 3912 3438 3966 λοιπὸν
3486 3914 3615 3987 τρία
3648 3915 3808 3986 πρόσ-

2236 4024 2363 4059 ωπα
2410 4006 2506 4059 τοῦ
2558 4007 2676 4071 ἑνὸς
2716 4007 2919 4079 πυρὸς,
2969 4008 3135 4078 ἦγουν
3180 4004 3241 4058 τὸ
3280 4004 3639 4076 ὑποκείμενον
3683 4004 3807 4076 πῦρ.

2234 4101 2327 4153 xal
2362 4102 2422 4152 τὸ
2454 4100 2774 4163 καυστικὸν,
2806 4102 2898 4155 xal
2926 4101 2987 4154 τὸ
3020 4099 3341 4169 φωτιστικόν
3370 4117 3385 4130 '
3427 4098 3528 4170 μία
3551 4099 3609 4152 δὲ
3655 4100 3811 4169 φύσις

2232 4189 2325 4242 τοῦ
2354 4190 2556 4261 πυρὸς,
2586 4192 2681 4245 xal
2710 4193 2770 4245 οὐ
2805 4195 2972 4264 τρεῖς.
3003 4190 3231 4262 Ὁμοίως
3254 4190 3347 4243 xal
3388 4191 3479 4243 ὲπί
3512 4190 3607 4243 τοῦ
3640 4189 3805 4243 Θεοῦ⁹

2233 4281 2262 4331 6
2294 4280 2401 4353 γὰρ
2437 4282 2627 4353 Πατὴρ
2669 4281 2747 4335 ἔνι
2789 4281 2848 4335 τὸ
2885 4282 3029 4351 πῦρ,
3060 4283 3088 4334 6
3122 4281 3250 4345 Υἱὸς
3277 4281 3338 4334 τὸ
3366 4280 3684 4345 καυστικὸν,
3721 4281 3809 4333 καὶ

2233 4373 2293 4424 τὸ
2320 4373 2544 4443 Πνεῦμα
2569 4374 2628 4427 τὸ
2652 4374 2803 4442 ἅγιον
2826 4372 2905 4427 ἔνι
2932 4373 2992 4427 τὸ
3023 4371 3360 4441 φωτιστικόν.
3388 4372 3497 4424 Kal
3517 4369 3706 4442 ὥσπερ
3724 4369 3810 4422 ἐπὶ

569 4445 622 4491 et
655 4438 947 4505 lucentem,
974 4446 1028 4493 et
1062 4438 1239 4508 ipsum
1278 4440 1610 4510 subjectum,
1639 4443 1816 4512 ignem
1849 4461 2018 4499 unum
2052 4446 2131 4500 di-

2236 4466 2329 4519 τοῦ
2355 4470 2545 4539 πυρὸς,
2573 4468 2634 4521 τὸ
2666 4468 2795 4539 πῦρ,
2827 4466 2887 4520 τὸ
2915 4464 3233 4527 καυστικὸν,
3264 4461 3441 4515 καὶτὸ
3470 4459 3807 4530 φωτιστικὸν,

568 4530 766 4593 cimus.
796 4538 988 4587 etnon
1025 4538 1177 4587 tres:
1210 4532 1283 4587 ita
1309 4535 1474 4589 etiam
1504 4535 1560 4590 in
1591 4534 1703 4590 Deo
1727 4544 1837 4590 tres
1869 4553 2134 4606 personas

569 4620 803 4687 Patrem,
856 4612 912 4678 et
947 4620 1165 4689 Filium,
1208 4632 1264 4680 et
1323 4623 1585 4695 Spiritum
1637 4635 1911 4690 sanctum,
1965 4628 2133 4684 Deum

567 4730 734 4770 unum
758 4715 1015 4781 dicimus,
1038 4723 1094 4770 et
1118 4732 1227 4771 non
1256 4727 1386 4773 tres.
1410 4717 1478 4771 Et
1507 4717 1650 4788 quod
1682 4718 1900 4789 quidem
1924 4728 2137 4791 spectat

567 4808 929 4877 cognitionem
970 4815 1175 4864 sanctae
1219 4807 1506 4865 Trinitatis
1554 4810 1669 4865 liter.
1710 4812 1979 4866 sulliciant
2016 4828 2137 4869 cre-

569 4900 735 4957 denti.

634 5102 836 5160 Verum
879 5102 1008 5159 audi
1054 5109 1108 5159 et
1151 5102 1298 5160 aliud
1333 5114 1592 5175 praeterea
1627 5106 1970 5177 mysterium.
2003 5105 2141 5162 Ver-

569 5202 696 5250 bum
730 5194 971 5251 hominis
1003 5195 1273 5266 duplicem
1321 5196 1483 5252 habet
1526 5199 1955 5269 generationem,
1988 5207 2041 5255 et
2084 5200 2139 5253 in

572 5287 779 5342 duabus
810 5288 1105 5343 lationibus
1144 5297 1433 5359 generatur
1466 5306 1480 5341 :
1526 5306 1689 5345 unam
1724 5293 1941 5362 quidem
1982 5291 2139 5346 latio-

573 5394 691 5433 nem
720 5380 884 5435 habet
908 5382 977 5435 ab
1013 5382 1216 5446 anima,
1251 5384 1477 5438 alteram
1506 5398 1537 5438 a
1561 5384 1719 5440 labiis
1761 5407 1773 5441 :
1813 5392 1867 5440 et
1893 5383 2141 5439 nascitur

574 5468 788 5538 quidem
827 5487 1007 5527 sermo
1037 5473 1272 5529 hominis
1298 5475 1367 5528 ab
1397 5476 1598 5538 anima,
1622 5492 1745 5531 cum
1778 5477 1904 5547 quis
1936 5478 2139 5547 cogitat

576 5558 777 5627 aliquid
838 5559 1020 5615 dicere
1072 5580 1084 5616 :
1142 5564 1399 5634 cogitatio
1444 5565 1587 5619 enim
1641 5565 1812 5635 prima
1861 5565 2141 5634 generatio

576 5648 773 5702 dicitur
789 5650 956 5714 verbi,
979 5651 1105 5720 quia
1127 5654 1327 5721 cogitat
1351 5654 1706 5724 pronuntiare
1732 5654 1861 5709 illud
1880 5655 2139 5710 verbum:
2182 5671 2187 5676 ‘

576 5754 679 5794 non
699 5739 903 5809 profert
941 5748 1118 5797 autem
1142 5743 1273 5799 illud
1305 5744 1501 5811 labiis;
1535 5745 1628 5801 sed
1657 5755 1836 5801 servat
1869 5762 1992 5803 cum
2025 5763 2142 5806 scr-

2236 4556 2329 4609 xal
2366 4557 2497 4609 αύτὸ
2533 4558 2595 4610 τὸ
2634 4556 2991 4627 ὑποκείμενον
3028 4552 3167 4625 πῦρ,
3214 4551 3272 4604 ἓν
3319 4550 3583 4620 λέγομεν,
3626 4550 3721 4604 xa't
3750 4547 3808 4600 οὐ

2236 4651 2394 4717 τρία·
2426 4648 2568 4701 οὕτω
2615 4647 2846 4719 λέγομεν
2874 4648 2969 4700 xal
3001 4646 3093 4699 ἐπὶ
3119 4644 3211 4697 τοῦ
3234 4642 3368 4697 Θεοῦ
3400 4642 3471 4697 τὰ
3494 4641 3620 4714 τρία
3648 4640 3810 4713 πρόσ-

2236 4759 2380 4803 ωπα,
2404 4741 2495 4793 τόν
2533 4757 2592 4792 τε
2628 4738 2865 4811 Πατέρα,
2891 4737 2982 4791 xal
3009 4736 3154 4799 Υἰὸν,
3182 4734 3276 4788 καὶ
3302 4733 3362 4787 τὸ
3396 4734 3550 4802 ἆγιον
3572 4734 3809 4803 Πνεῦμα,

2237 4834 2369 4887 Θεὸν
2410 4833 2506 4885 ἕνα
2537 4831 2788 4901 λέγομεν,
2828 4830 2923 4883 xal
2964 4828 3026 4882 ού
3057 4831 3224 4898 τρεῖς.
3263 4827 3375 4879 Kal
3416 4826 3547 4898 περὶ
3583 4826 3682 4896 μὲν
3718 4824 3813 4894 τῆς

2239 4920 2584 4990 ἐπιγνώσεως
2627 4921 2726 4992 τῆς
2775 4920 2935 4989 ἁγίας
2972 4917 3198 4989 Τριάδος
3244 4915 3484 4988 ἀρκείτω
3526 4916 3702 4970 ταῦτα
3738 4913 3812 4984 τῷ

2241 5015 2568 5069 πιστεύοντι.

2310 5106 2455 5177 Πλὴν
2475 5103 2702 5158 ἄκουσον
2729 5104 2824 5157 xal
2854 5101 2981 5157 ἄλλο
3004 5100 3141 5173 πρὸς
3169 5100 3379 5164 τούτοις
3403 5102 3727 5172 μυστήριον.
3757 5100 3812 5152 '0

2238 5200 2394 5265 λόγος
2422 5195 2516 5249 τοῦ
2538 5194 2827 5268 ἀνθρώπου
2854 5193 3048 5264 διπλῆν
3073 5193 3183 5264 ἔχει
3207 5192 3305 5263 τὴν
3332 5192 3612 5263 γέννησιν,
3638 5193 3731 5247 καὶ
3759 5195 3814 5244 ὲν

2241 5291 2363 5345 δυσὶ
2392 5291 2582 5360 φοραῖς
2609 5288 2896 5357 γεννᾶται·
2942 5285 3071 5355 μίαν
3104 5284 3202 5355 μὲν
3233 5283 3405 5355 φορὰν
3426 5286 3687 5352 γεννᾶται
3715 5282 3816 5336 ἀπὸ

2241 5383 2342 5455 τῆς
2362 5382 2558 5453 ψυχῆς,
2591 5380 2784 5451 ἑτέραν
2799 5378 2856 5431 δὲ
2879 5377 2987 5430 ἀπὸ
3017 5377 3127 5430 τῶν
3158 5376 3402 5447 χειλέων.
3428 5376 3541 5430 Kal
3568 5377 3818 5446 γεννᾶται

2248 5476 2346 5547 μὲν
2370 5479 2397 5529 6
2421 5476 2577 5543 λόγος
2604 5471 2697 5527 τοῦ
2727 5469 3013 5542 ἀνθρώπου
3046 5469 3154 5523 ἀπὸ
3184 5468 3284 5538 τῆς
3329 5468 3530 5538 ψυχῆς,
3572 5469 3702 5522 ὅταν
3739 5467 3820 5519 ἐν·

2246 5564 2460 5636 Θυμηθῇ
2493 5582 2577 5627 τις
2610 5565 2784 5615 εἰπεῖν
2802 5578 2875 5613 τι.
2917 5559 2982 5611 Ἠ
3017 5559 3125 5630 γὰρ
3152 5557 3448 5629 ὲνΟύμησις
3481 5559 3675 5630 πρώτη
3702 5558 3820 5626 γέν-

2243 5671 2396 5725 νησις
2427 5652 2644 5722 λέγεται
2685 5648 2778 5702 τοῦ
2802 5647 2982 5715 λόγου,
3019 5648 3142 5700 ἐπεὶ
3181 5646 3491 5716 ἐνθυμεῖται
3534 5646 3627 5700 τοῦ
3656 5649 3821 5701 εἰπεῖν

2246 5748 2449 5801 ἐκεῖνον
2471 5744 2559 5798 τὸν
2584 5742 2741 5810 λόγον
2761 5757 2772 5770 ·
2795 5740 2854 5793 ού
2877 5738 3024 5806 λέγει
3051 5738 3107 5792 δὲ
3130 5737 3315 5792 τοῦτον
3335 5737 3426 5793 διὰ
3450 5738 3557 5792 τῶν
3582 5738 3821 5812 χειλέων,
