4050 6396
184 376 385 455 ,εει

1562 372 2020 443 QUIESTIONES
2058 372 2265 429 ALIE.

3430 381 3542 436 Ἥξίά

289 491 425 547 αλλά
452 488 709 560 φυλάττει
766 487 857 542 τδν
903 487 1062 556 λόγον
1113 486 1147 559 ἡ
1195 487 1342 558 ψυχὴ
1388 487 1444 541 ὲν
1482 491 1594 552 τοῖς
1638 488 1859 552 κόλποις

1965 501 2177 543 monem
2216 485 2399 541 anima
2444 487 2504 542 in
2549 487 2673 543 sinu
2717 503 2819 544 suo
2855 498 2958 544 tet
2989 496 3084 546 est
3120 489 3387 563 cogitatio
3422 492 3540 557 illa,

287 584 460 655 αὐτῆς
480 599 498 614 ο
532 583 630 635 xui
660 582 805 635 ἐστιν
841 583 877 653 ή
908 580 1204 651 ὲνθύμησις
1231 579 1414 651 ἐκείνη
1442 580 1631 653 πρώτη
1671 582 1866 652 γέννη-

289 695 375 741 σις
398 675 496 730 τοῦ
532 675 692 745 λόγου
733 675 840 730 ἀπὸ
875 674 976 746 τῆς
1018 672 1217 745 ψυχῆς.
1244 676 1452 745 Ὅμως,
1500 674 1604 727 κᾶν
1630 673 1866 745 γεννηθῇ

286 779 317 825 ὁ
344 772 503 840 λόγος
530 771 642 824 ἀπὸ
684 769 782 840 τῆς
819 768 1030 840 ψυχῆς,
1066 766 1290 839 πρώτην
1323 767 1572 838 γέννησιν
1613 769 1742 821 ὅταν
1775 770 1867 821 ὲν-

288 864 507 935 θυμηθῇ
532 862 694 918 αὐτὸν
720 865 753 934 ἡ
781 861 950 933 ψυχὴ,
980 860 1094 915 ἀλλ’
1124 860 1185 915 οὐ
1215 864 1441 934 φανεροί
1462 860 1646 926 αὐτὸν,
1681 859 1867 932 ἀκμὴν

287 957 345 1011 δὲ
368 956 627 1026 φυλάττει
661 954 840 1010 αὐτόν.
872 956 1045 1008 Ὅταν
1081 953 1139 1007 δὲ
1187 953 1390 1027 θελήσῃ
1419 952 1514 1007 τοῦ
1554 940 1869 1024 φανερῶσαι

287 1049 377 1102 τὸν
400 1050 582 1118 λόγον,
620 1048 741 1102 τότε
768 1048 931 1119 γεννᾷ
968 1045 1131 1101 αὐτὸν
1162 1046 1228 1098 ὲκ
1278 1047 1388 1099 τῶν
1433 1045 1678 1117 χειλέων.
1718 1044 1867 1116 Αὐτὴ

288 1142 345 1196 δὲ
387 1144 422 1214 ή
451 1142 518 1195 ὲκ
545 1141 656 1194 τῶν
701 1139 921 1211 χειλέων
978 1136 1207 1209 δευτέρα
1239 1136 1491 1209 γέννησις
1545 1136 1639 1190 τοῦ
1680 1136 1863 1205 λόγου,

288 1232 425 1304 αὐτὴ
457 1233 686 1304 φανεροῖ
715 1231 805 1284 τὸν
860 1229 1018 1298 λόγον
1063 1231 1121 1281 ὲν
1161 1230 1274 1291 τοῖς
1318 1230 1486 1294 πᾶσι,
1516 1228 1613 1297 xui
1653 1229 1754 1283 οὐκ
1786 1229 1867 1283 ἔτι

287 1326 469 1380 λοιπὸν
497 1325 527 1376 6
551 1324 709 1393 λόγος
732 1321 944 1394 ἀφανὴς
968 1320 1206 1390 λέγεται,
1245 1320 1361 1374 ἀλλ’
1398 1321 1666 1392 ἐμφανής.
1698 1321 1867 1374 Ὅταν

287 1418 344 1471 δὲ
365 1416 600 1488 γεννηθῇ
635 1417 665 1468 6
693 1414 850 1484 λόγος
881 1412 971 1466 διὰ
995 1412 1103 1466 τῶν
1134 1412 1380 1484 χειλέων.
1414 1413 1539 1467 τότε
1580 1415 1629 1466 οἱ
1662 1413 1867 1475 πάντες

289 1507 577 1563 ἀκούουσιν
596 1506 783 1571 αὐτὸν,
811 1505 906 1559 xui
938 1504 1170 1577 φανερὸς
1192 1506 1404 1575 γίνεται
1426 1508 1542 1570 τοῖς
1575 1508 1708 1559 πᾶσι
1732 1523 1745 1535 ·
1774 1506 1867 1559 xui

287 1604 503 1672 λέγεται
534 1603 673 1674 αῦτη
708 1604 741 1674 ὴ
773 1603 1024 1674 γέννησις
1046 1604 1080 1674 ἡ
1100 1599 1191 1655 διὰ
1227 1601 1339 1655 τῶν
1374 1600 1598 1672 χειλέων
1639 1600 1865 1671 δευτέρα

287 1697 538 1767 γέννησις
560 1694 659 1747 τοῦ
695 1692 853 1762 λόγου
877 1710 892 1724 ’
924 1693 1064 1747 ὥστε
1092 1692 1185 1747 δύο
1215 1693 1351 1746 εἰσὶν
1380 1695 1435 1746 αἱ
1462 1693 1742 1765 γεννήσεις
1767 1693 1862 1747 τοῦ

287 1789 442 1858 λόγου
468 1787 664 1860 ήμῶν·
698 1787 795 1859 μία
826 1787 924 1858 μὲν
959 1788 1024 1840 ἐκ
1050 1787 1149 1859 τῆς
1185 1785 1386 1858 ψυχῆς,
1415 1787 1543 1840 ὅταν
1579 1787 1859 1859 ὲνθυμηθῇ

1969 578 2143 649 prima
2172 579 2450 650 generatio
2472 580 2623 635 verbi
2650 580 2720 635 ab
2747 582 2948 635 anima.
2972 581 3106 637 Illud
3129 585 3299 649 enim,
3323 584 3541 639 etiamsi

1966 678 2226 727 nascatur
2288 673 2359 727 ab
2429 672 2632 738 anima,
2703 688 2801 744 per
2845 675 3078 744 primam
3137 676 3542 746 generationem

1965 764 2187 835 quando
2210 765 2415 836 cogitat
2446 766 2578 821 illud
2615 766 2797 820 anima
2831 785 2845 821 :
2881 766 2976 823 sed
3009 782 3117 822 non
3144 766 3351 838 profert
3383 769 3539 832 illud,

1966 857 2063 913 sed
2109 858 2287 914 adhuc
2319 867 2626 915 conservat.
2666 859 2896 927 Quando
2937 868 3116 916 autem
3148 862 3264 916 vult
3296 860 3541 932 proferre

1965 950 2214 1014 verbum,
2282 959 2414 1007 tunc
2464 951 2676 1023 profert
2721 953 2852 1008 illud
2905 954 3064 1009 labiis
3111 974 3125 1010 :
3166 955 3280 1010 haec
3321 962 3406 1010 est
3452 969 3542 1009 se-

1966 1042 2147 1096 cunda
2170 1044 2450 1113 generatio
2482 1059 2549 1099 ex
2582 1044 2762 1101 labiis.
2800 1044 2921 1115 Ipsa
2951 1054 3128 1101 autem
3155 1061 3222 1100 ex
3260 1046 3421 1101 labiis
3452 1060 3541 1101 se-

1965 1132 2145 1187 cunda
2172 1134 2452 1204 generatio
2489 1135 2638 1191 verbi
2673 1137 2848 1207 aperit
2869 1138 3095 1192 verbum
3125 1138 3406 1205 omnibus,
3437 1154 3540 1193 nec

1968 1227 2201 1297 amplius
2265 1228 2490 1283 verbum
2551 1230 2849 1286 obscurum
2911 1238 3035 1296 est,
3099 1231 3195 1287 sed
3265 1239 3535 1302 apertum.

1965 1316 2196 1384 Quando
2237 1326 2418 1374 autem
2464 1321 2743 1390 profertur
2785 1323 3011 1377 verbum
3052 1338 3150 1393 per
3199 1324 3364 1389 labia,
3407 1332 3541 1378 tunc

1964 1425 2154 1466 omnes
2190 1411 2418 1467 audiunt
2466 1413 2620 1478 illud,
2663 1425 2717 1470 et
2757 1416 3106 1471 manifestum
3156 1418 3214 1470 lit
3250 1417 3539 1483 omnibus;

1965 1510 2021 1556 et
2050 1504 2165 1558 haec
2188 1505 2467 1575 generatio
2498 1521 2597 1577 per
2630 1505 2795 1572 labia,
2820 1506 3020 1561 dicitur
3042 1508 3280 1563 secunda
3311 1522 3539 1579 genera-

1964 1598 2044 1651 tio
2096 1599 2291 1666 verbi;
2347 1599 2486 1655 adeo
2530 1607 2592 1654 ιιι
2647 1600 2768 1654 dum
2820 1600 2931 1655 sint
2971 1601 3350 1671 generationes
3386 1600 3538 1655 verbi

1966 1689 2141 1744 nostri
2201 1708 2214 1741 :
2267 1705 2377 1745 una
2420 1690 2643 1761 quidem
2685 1692 2882 1746 animae
2907 1732 2921 1755 ,
2964 1692 3184 1762 quando
3228 1692 3429 1764 cogitat
3471 1692 3540 1747 de

1965 1780 2301 1836 enuntianda
2327 1782 2514 1848 verbo,
2540 1798 2661 1853 quae
2697 1790 2751 1839 et
2780 1784 2957 1855 prima
2987 1784 3264 1854 generatio
3290 1785 3492 1839 dicitur
3522 1804 3536 1840 :

289 1880 379 1934 τοῦ
432 1879 669 1951 λαλῆσαι
709 1879 801 1932 τὸν
829 1878 1007 1949 λόγον,
1050 1879 1174 1950 ἥτις
1224 1880 1317 1932 xui
1365 1878 1556 1951 πρώτη
1607 1881 1859 1950 γέννησις

1965 1878 2015 1925 et
2036 1872 2209 1925 altera
2234 1887 2299 1926 ex
2318 1871 2500 1937 labiis,
2529 1888 2650 1943 qua:
2670 1873 2843 1943 aperit
2868 1874 3093 1928 verbum
3115 1875 3390 1938 omnibus,
3420 1889 3543 1944 quae

290 1971 504 2041 λέγεται
520 1989 536 2004 ο
572 1974 670 2027 xui
697 1971 857 2043 ἑτέρα
880 1973 944 2025 ὲκ
968 1972 1076 2025 τῶν
1098 1971 1344 2043 χειλέων,
1366 1972 1489 2042 ἣτις
1523 1976 1749 2044 φανεροῖ
1771 1974 1862 2027 τὸν

288 2066 440 2134 λόγον
468 2068 637 2120 πᾶσιν
670 2063 1008 2137 ἀνθρώποις,
1041 2064 1166 2135 ἥτις
1207 2065 1301 2118 xui
1347 2064 1574 2136 δευτέρα
1611 2065 1864 2136 γέννησις

288 2161 525 2226 λέγεται.
576 2157 837 2213 Μάνθανε
865 2154 959 2213 οὖν
991 2157 1256 2230 ἀκριϐῶς,
1295 2158 1395 2221 ὅτι,
1435 2157 1626 2229 ὥσπερ
1648 2159 1677 2211 6
1707 2157 1864 2227 λόγος

286 2251 377 2305 τοῦ
404 2248 696 2322 ἀνθρώπου
725 2248 818 2302 δύο
841 2249 1122 2320 γεννήσεις
1143 2246 1277 2318 ἔχει,
1307 2248 1433 2318 μίαν
1453 2249 1516 2300 ἐκ
1541 2247 1643 2318 τῆς
1662 2246 1863 2318 ψυχῆς,

290 2343 380 2396 xui
412 2342 579 2413 ἀλλην
623 2342 691 2393 ὲκ
736 2338 846 2392 τῶν
895 2340 1140 2411 χειλέων,
1174 2338 1349 2403 οὕτως
1383 2339 1478 2393 xui
1510 2340 1539 2391 6
1582 2339 1678 2392 τοῦ
1728 2340 1861 2395 Θεοῦ

289 2436 457 2504 Λόγος
488 2434 584 2488 δύο
615 2435 900 2504 γεννήσεις
942 2433 1075 2504 ἔχει,
1108 2432 1237 2503 μίαν
1269 2433 1368 2503 μὲν
1392 2434 1457 2485 ἐκ
1482 2431 1578 2485 τοῦ
1604 2432 1737 2486 Θεοῦ
1771 2436 1865 2487 καὶ

290 2526 517 2596 Πατρὸς,
532 2526 657 2596 ἦτις
680 2527 771 2578 xui
792 2525 983 2597 πρώτη
1007 2524 1261 2597 γέννησις
1284 2523 1502 2592 λέγεται
1522 2541 1535 2554 ο
1556 2524 1650 2578 xui
1671 2526 1864 2596 ἑτέραν

288 2620 352 2673 ὲκ
392 2620 485 2691 τῆς
514 2618 743 2689 σαρκὸς,
782 2618 903 2688 ἦτις
943 2618 1039 2671 καὶ
1073 2616 1300 2689 δευτέρα
1339 2619 1591 2688 γέννησις
1623 2616 1859 2688 λέγεται.

291 2713 396 2766 Καὶ
421 2711 609 2785 ὥσπερ
635 2713 665 2765 6
688 2711 846 2779 λόγος
876 2709 1059 2782 ἡμῶν,
1095 2709 1201 2763 κᾶν
1234 2708 1469 2781 γεννηθῇ
1502 2709 1600 2781 τὴν
1641 2711 1863 2783 πρώτην

288 2805 538 2877 γέννησιν
572 2805 685 2858 ἀπὸ
712 2804 813 2873 τῆς
835 2802 1031 2873 ψυχῆς,
1056 2802 1172 2855 ἀλλ’
1197 2803 1349 2873 ὅμως
1376 2804 1587 2874 ἀφανής
1612 2804 1747 2869 ἐστι,
1771 2805 1865 2857 xui

292 2900 350 2951 οὐ
390 2897 747 2971 φανεροῦται,
772 2895 909 2950 ἀλλά
933 2895 1094 2950 πάλιν
1121 2895 1261 2966 μετὰ
1291 2896 1391 2967 τὴν
1424 2894 1675 2967 γέννησιν
1715 2896 1864 2967 μένει

288 2992 344 3043 ἐν
366 2993 476 3054 τοῖς
502 2990 762 3061 ψυχικοῖς
785 2987 1008 3049 κόλποις
1024 3003 1038 3017 ο
1060 2985 1236 3051 οὕτως
1280 2987 1375 3041 xui
1402 2988 1431 3041 6
1448 2988 1556 3041 «τοῦ
1595 2987 1729 3041 Θεοῦ
1760 2989 1865 3042 Λό-

289 3100 400 3149 γος,
434 3083 539 3136 κᾶν
569 3081 669 3135 xui
695 3080 958 3152 ἐγεννήθη
984 3079 1091 3152 πρὸ
1126 3080 1233 3134 τῶν
1254 3078 1466 3133 αἰώνων
1493 3080 1559 3134 ὲκ
1592 3078 1685 3133 τοῦ
1726 3077 1863 3131 Θεοῦ

287 3176 379 3229 xui
410 3174 651 3245 Πατρὸς,
707 3172 826 3225 ἀλλ’
871 3173 972 3226 οὐκ
1017 3172 1346 3243 ἐφανεροῦτο
1376 3174 1489 3235 τοῖς
1521 3170 1858 3243 ἀνθρώποις·

288 3242 567 3339 παρέμενε
605 3264 664 3318 δὲ
707 3263 870 3318 πάλιν
902 3265 961 3317 ὲν
997 3266 1111 3327 τοῖς
1152 3242 1373 3327 κόλποις
1414 3267 1525 3328 τοῖς
1556 3242 1861 3335 πατρικοῖς.
1893 3242 1934 3297 C

287 3358 393 3412 Καὶ
422 3357 614 3427 ὥσπερ
666 3358 697 3409 6
741 3355 1009 3426 ἡμέτερος
1050 3353 1244 3424 λόγος,
1298 3355 1427 3408 ὅταν
1480 3353 1865 3426 βουληθῶμεν,

284 3453 542 3520 γεννᾶται
590 3451 657 3501 ἐκ
694 3446 804 3501 τῶν
829 3446 1052 3518 χειλέων
1092 3446 1249 3518 ήμῶν
1270 3487 1284 3512 ,
1322 3447 1417 3500 xui
1443 3447 1769 3519 φανεροῦται
1808 3448 1866 3501 ὲν

283 3547 395 3608 τοῖς
426 3543 572 3606 ὅλοις
597 3539 759 3613 ἡμῶν
789 3538 1205 3610 πλησιάζουσιν·
1236 3538 1410 3605 οὕτως
1442 3540 1535 3594 xui
1554 3543 1583 3594 6
1606 3540 1701 3594 τοῦ
1729 3540 1865 3594 Θεοῦ

281 3637 475 3704 Λόγος,
507 3636 639 3688 ὅταν
661 3631 978 3703 εὐδόκησεν,
997 3629 1261 3703 ἐγεννήθη
1286 3632 1351 3685 ἐκ
1371 3631 1481 3684 τῶν
1510 3632 1731 3701 χειλέων
1757 3632 1866 3686 τῶν

283 3728 605 3802 προφητῶν,
644 3727 743 3779 xui
786 3728 851 3778 ὲκ
894 3726 991 3797 τῆς
1024 3724 1298 3793 πανάγνου
1330 3725 1550 3797 Μαρίας
1573 3766 1588 3791 ,
1621 3726 1715 3779 xui
1746 3727 1866 3779 τότε

277 3824 471 3893 γέγονε
504 3821 745 3893 φανερὸς
777 3821 836 3872 ἐν
867 3818 973 3890 ὅλῳ
1001 3818 1078 3890 τῷ
1102 3821 1310 3891 κόσμῳ.
1350 3820 1438 3882 Ὠς
1462 3820 1568 3890 γὰρ
1602 3819 1866 3891 φανεροῦ-

277 3930 371 3966 ται
392 3915 421 3966 ὁ
443 3912 718 3984 ἡμέτερος
736 3909 894 3978 λόγος
916 3908 1194 3980 γεννηθεὶς
1220 3913 1285 3964 ὲκ
1302 3908 1410 3962 τῶν
1440 3908 1665 3982 χειλέων
1686 3908 1863 3980 ἡμῶν,

272 4005 455 4069 οὕτως
493 4004 560 4077 δὴ
614 4004 711 4058 xui
741 4005 770 4056 6
798 4001 890 4055 τοῦ
923 4002 1057 4057 Θεοῦ
1095 4003 1298 4072 Λόγος,
1342 4003 1625 4075 γεννηθεὶς
1673 4002 1739 4055 ὲκ
1768 4001 1865 4072 τῆς

276 4098 484 4169 σαρκὸς
541 4096 643 4167 τῆς
686 4095 1044 4167 ἀειπαρθένου
1082 4095 1318 4166 Μαρίας,
1366 4093 1687 4166 ἐφανερώθη
1716 4094 1863 4164 πάσῃ

269 4193 338 4261 τῇ
375 4189 578 4253 κτίσει,
621 4189 717 4242 καί
745 4190 796 4241 οἱ
840 4187 1229 4253 πιστεύσαντες
1258 4188 1408 4259 αὐτῷ
1445 4187 1728 4253 σώζονται.
1754 4188 1864 4240 Καὶ

266 4283 467 4356 ὥσπερ
499 4288 529 4338 ό
555 4284 826 4354 ἡμέτερος
852 4283 1027 4348 λόγος,
1058 4281 1341 4354 γεννηθεὶς
1390 4284 1455 4336 ἐκ
1490 4280 1603 4335 τῶν
1638 4280 1861 4351 χειλέων

265 4375 457 4448 ἡμῶν,
485 4377 617 4429 ὅταν
658 4375 754 4427 ἀπ’
802 4372 976 4427 αὐτῶν
1020 4372 1128 4426 τῶν
1169 4372 1392 4445 χειλέων
1432 4374 1712 4443 γεννᾶται,
1738 4371 1860 4426 οὔτε

260 4466 375 4520 ἀπὸ
407 4467 519 4537 τῆς
549 4465 730 4536 ψυχῆς
758 4463 956 4526 λείπει,
997 4463 1119 4517 οὗτε
1157 4466 1265 4518 ἀπὸ
1302 4464 1410 4517 τῶν
1438 4466 1584 4519 ἰδίων
1617 4463 1857 4535 χειλέων,

258 4555 389 4610 οὔτε
439 4556 555 4610 ἀπὸ
577 4555 690 4608 τῶν
735 4553 888 4607 ὥτων
914 4553 1021 4606 τῶν
1053 4554 1378 4620 ἀκουόντων,
1424 4556 1538 4609 ἀλλ’
1565 4555 1645 4608 ἔνι
1676 4556 1769 4608 xui
1802 4556 1859 4607 έν
1893 4584 1936 4637 D

257 4652 329 4721 τῇ
358 4650 542 4721 ψυχῇ,
576 4647 672 4702 xui
706 4649 764 4702 ὲν
795 4649 910 4710 τοῖς
933 4647 1167 4718 χείλεσιν
1194 4647 1374 4720 ήμῶν,
1407 4650 1501 4703 καὶ
1535 4649 1615 4712 είς
1646 4647 1714 4701 τὰ
1743 4642 1860 4702 ὦτα

255 4741 369 4794 τῶν
404 4740 750 4805 ἀκουόντων,
785 4739 881 4793 xui
908 4740 967 4792 οὐ
1004 4738 1178 4792 λείπει
1206 4740 1391 4807 ποθὲν,
1415 4743 1519 4797 κᾶν
1550 4741 1647 4796 xui
1690 4740 1859 4813 χίλιαι

251 4831 512 4902 χιλιάδες
567 4829 847 4885 ἀκούσωσι
884 4830 975 4884 τοῦ
1026 4829 1219 4899 λόγου,
1275 4832 1376 4886 οὐκ
1417 4833 1796 4888 ἐλαττονοῦται
1829 4836 1858 4886 ό

250 4923 439 4997 λόγος,
478 4924 599 4980 ἀλλ’
630 4924 721 4978 ἀεὶ
746 4922 904 4994 ἡμῶν
938 4924 1311 4995 πληρέστατος
1350 4922 1419 4997 ἦν
1438 4944 1451 4956 ·
1483 4926 1658 4986 οὕτως
1702 4927 1796 4980 xui
1828 4928 1857 4979 6

246 5019 346 5073 τοῦ
377 5018 529 5073 Θεοῦ
564 5017 762 5086 Λόγος,
794 5014 896 5069 κᾶν
929 5018 1022 5070 xui
1058 5017 1318 5089 ἐγεννήθη
1351 5020 1415 5071 ἐκ
1443 5018 1543 5087 τῆς
1578 5017 1853 5088 Παρθένου

243 5112 508 5185 Μαρίας,
527 5110 626 5162 xui.
659 5110 726 5161 ἐκ
749 5106 858 5160 τῶν
879 5107 1101 5178 χειλέων
1121 5108 1231 5163 τῶν
1267 5111 1561 5182 προφητῶν
1581 5149 1596 5174 ,
1626 5108 1740 5162 ἀλλ’
1760 5105 1853 5162 οὖν

242 5202 375 5257 οὔτε
411 5201 535 5257 ἀπὸ
563 5198 661 5255 τοῦ
692 5199 912 5270 [ἰατρὸς
956 5200 1159 5266 ἔλειπε,
1195 5201 1320 5255 οὔτε
1347 5200 1457 5255 ἀπὸ
1487 5200 1586 5271 τῆς
1630 5200 1852 5275 σαρκὸς,

241 5296 371 5351 οὔτε
398 5296 523 5351 ἀπὸ
552 5295 778 5348 πάντων
804 5292 914 5346 τῶν
939 5294 1264 5368 ἀνθρώπων,
1299 5294 1423 5350 οὔτε
1453 5296 1561 5350 ἀπὸ
1595 5294 1724 5365 ὅλης
1756 5295 1852 5366 τῆς

1965 1972 2019 2018 et
2041 1962 2283 2018 secunda
2324 1965 2605 2033 generatio
2632 1965 2856 2020 dicitur.
2887 1965 3045 2021 Disce
3076 1966 3242 2036 igitur
3262 1971 3538 2023 accurate.

1966 2055 2421 2126 quemadmodum
2449 2056 2675 2112 verbum
2722 2057 2960 2115 hominis
2996 2058 3133 2114 duas
3174 2059 3336 2115 habet
3377 2074 3542 2131 gene-

1964 2150 2226 2216 rationes,
2266 2165 2433 2205 unam
2454 2164 2522 2205 ex
2552 2149 2756 2217 anima,
2787 2159 2841 2208 et
2876 2153 3099 2208 alteram
3128 2169 3194 2209 ex
3222 2153 3403 2220 labiis,
3464 2152 3541 2208 ita

1963 2240 2127 2295 etiam
2153 2238 2246 2293 Dei
2278 2237 2511 2295 Verbum
2539 2241 2676 2297 duas
2707 2243 3085 2313 generationes
3112 2243 3348 2309 habere;
3375 2256 3540 2297 unam

1965 2331 2185 2400 quidem
2209 2347 2277 2388 ex
2300 2330 2411 2388 Deo
2439 2342 2492 2387 et
2513 2332 2695 2401 Patre,
2726 2350 2847 2405 qua:
2880 2342 2933 2389 et
2952 2336 3130 2406 prima
3154 2336 3431 2406 generatio
3457 2334 3541 2391 di-

1964 2425 2110 2479 citur
2142 2440 2155 2475 :
2200 2430 2254 2478 et
2290 2425 2518 2480 alteram
2542 2441 2609 2480 ex
2635 2441 2800 2481 carne
2829 2467 2844 2491 ,
2873 2444 2994 2498 quae
3022 2436 3076 2483 et
3105 2429 3343 2484 secunda
3377 2443 3541 2500 gene-

1965 2515 2109 2571 ratio
2136 2515 2359 2572 dicitur.
2401 2515 2468 2569 Et
2507 2515 2969 2587 quemadmodum
3004 2518 3230 2574 verbum
3267 2528 3538 2587 nostrum,

1964 2608 2070 2665 etsi
2114 2617 2305 2665 natum
2351 2609 2423 2665 sit
2466 2610 2767 2665 secundum
2834 2612 3064 2684 primam
3130 2612 3543 2682 generationem

1971 2702 2040 2757 ab
2077 2703 2280 2767 anima,
2322 2702 2597 2757 occultum
2638 2709 2820 2759 tamen
2851 2711 2973 2769 est,
3001 2710 3056 2758 et
3094 2718 3204 2757 non
3248 2704 3491 2774 aperitur
3522 2744 3542 2771 ,

1967 2794 2062 2849 sed
2090 2802 2213 2864 post
2236 2794 2641 2865 generationem
2672 2803 2857 2851 manet
2882 2795 2939 2851 in
2970 2794 3097 2850 sinu
3120 2796 3313 2851 animae
3338 2814 3353 2863 ;
3391 2796 3463 2852 ita
3489 2808 3543 2853 et

1965 2884 2064 2940 Dei
2105 2883 2380 2951 Verbum,
2427 2886 2779 2956 quantumvis
2825 2893 2952 2941 ante
3003 2887 3201 2941 saecula
3254 2902 3284 2940 a
3331 2885 3443 2942 Deo
3480 2897 3544 2943 et

1966 2976 2125 3033 Patre
2155 2985 2345 3033 natum
2383 2979 2472 3043 sit,
2504 2993 2615 3033 non
2644 2988 2826 3034 tamen
2870 2979 3327 3035 manifestabatur
3358 2980 3542 3035 homi-

1966 3071 2150 3126 nibus.
2184 3071 2435 3127 Manebat
2461 3073 2606 3126 enim
2649 3072 2704 3126 in
2742 3073 2867 3128 sinu
2903 3080 3146 3143 paterno.
3178 3072 3245 3127 Et
3282 3074 3544 3145 quemad-

1965 3165 2185 3219 modum
2206 3164 2430 3220 verbum
2454 3174 2726 3231 nostrum,
2762 3165 2981 3237 quando
3002 3168 3274 3231 volumus,
3297 3167 3544 3222 nascitur

1968 3272 2033 3311 ex
2064 3257 2225 3312 labiis
2257 3258 2483 3323 nostris,
2523 3267 2578 3313 et
2615 3262 2862 3329 aperitur
2907 3260 2976 3315 iis
3015 3261 3271 3316 omnibus
3314 3261 3544 3332 quibus-

1968 3362 2093 3402 cum
2132 3363 2457 3425 versamur;
2504 3350 2580 3404 ita
2610 3357 2664 3407 et
2700 3350 2793 3407 Dei
2838 3351 3093 3419 Verbum,
3117 3354 3337 3423 quando
3374 3353 3422 3409 ei
3460 3355 3547 3407 vi-

1967 3454 2091 3494 sum
2136 3439 2257 3504 l'uit,
2289 3448 2477 3495 natum
2514 3449 2600 3497 est
2650 3456 2717 3497 ex
2750 3442 2914 3499 labiis
2958 3444 3346 3514 prophetarum
3386 3454 3440 3501 et
3475 3461 3542 3501 ex

1967 3532 2277 3588 castissima
2314 3534 2503 3598 Maria,
2541 3545 2598 3591 et
2634 3544 2767 3590 tunc
2803 3537 3153 3593 manifestum
3199 3537 3302 3593 fuit
3332 3538 3391 3592 in
3428 3543 3545 3593 toto

1968 3623 2193 3679 mundo.
2245 3624 2399 3681 Sicut
2443 3628 2589 3681 enim
2643 3627 2952 3684 declaratur
3002 3632 3228 3686 verbum
3293 3639 3544 3689 nostrum

1967 3725 2155 3773 natum
2178 3734 2245 3773 ex
2271 3719 2429 3775 labiis
2453 3720 2679 3784 nostris,
2710 3727 2784 3774 ita
2828 3737 2961 3777 sane
2982 3731 3035 3778 et
3055 3723 3148 3779 Dei
3171 3723 3407 3780 Verbum
3445 3740 3546 3781 na-

1968 3821 2083 3865 tum
2114 3827 2179 3866 ex
2208 3826 2372 3866 carne
2393 3811 2574 3867 Mariae
2605 3828 2820 3884 semper
2849 3814 3108 3887 Virginis,
3134 3818 3541 3875 manifestatum

1966 3913 2049 3961 est
2083 3906 2232 3960 omni
2258 3913 2545 3971 creaturae,
2581 3914 2635 3962 et
2657 3908 2749 3978 qui
2787 3892 3017 3964 credunt
3049 3910 3104 3964 in
3132 3911 3291 3976 illud,
3309 3913 3543 3970 salutem

1966 4005 2398 4069 consequuntur.
2434 3997 2500 4053 Et
2535 4000 2679 4055 sicut
2711 4002 2937 4057 verbum
2975 4012 3223 4058 nostrum
3255 4012 3443 4060 natum
3475 4021 3541 4060 et

1966 4090 2128 4147 labiis
2174 4094 2382 4148 nostris
2402 4132 2418 4159 ,
2446 4093 2666 4164 quando
2693 4110 2723 4149 a
2758 4095 2920 4152 labiis
2949 4105 3264 4165 generatur,
3306 4114 3417 4153 non
3449 4114 3540 4153 re-

1965 4187 2158 4257 linquit
2190 4188 2450 4255 animam,
2491 4206 2668 4258 neque
2695 4190 2841 4246 labia
2885 4192 3101 4261 propria
3124 4232 3140 4258 ,
3176 4209 3354 4264 neque
3382 4209 3544 4249 aures

1964 4279 2299 4334 audientium
2328 4321 2345 4346 ,
2403 4280 2499 4336 sed
2541 4288 2625 4336 est
2657 4281 2821 4337 etiam
2867 4282 2920 4337 in
2967 4283 3170 4350 anima,
3208 4294 3262 4340 et
3290 4285 3344 4340 in
3387 4286 3546 4341 labiis

1964 4373 2191 4437 nostris,
2226 4382 2279 4429 et
2318 4375 2372 4428 in
2413 4375 2641 4432 auribus
2680 4375 3054 4443 audientium,
3124 4387 3180 4433 et
3216 4395 3325 4433 non
3362 4379 3546 4435 deficit

1964 4480 2203 4534 unquam
2236 4466 2452 4521 etiamsi
2488 4469 2657 4522 multa
2699 4468 2868 4523 millia
2903 4470 3131 4524 audiant
3158 4472 3409 4535 verbum,
3444 4488 3546 4526 nec

1966 4557 2251 4619 minuitur,
2284 4558 2379 4616 sed
2408 4575 2623 4631 semper
2643 4561 2698 4615 in
2721 4561 2878 4617 nobis
2904 4562 3282 4632 plenissimum
3314 4571 3395 4617 est
3428 4581 3441 4617 :
3469 4564 3544 4617 ita

1965 4655 2019 4703 et
2041 4648 2134 4705 Dei
2172 4650 2430 4717 Verbum,
2465 4652 2679 4707 etiamsi
2708 4662 2895 4707 natum
2919 4655 2991 4709 sit
3012 4670 3076 4710 ex
3108 4653 3276 4708 Maria
3298 4653 3541 4726 Virgine,

1964 4750 2017 4795 et
2047 4758 2112 4797 ex
2142 4744 2302 4797 labiis
2338 4744 2724 4814 prophetarum
2745 4786 2762 4811 ,
2798 4761 2905 4800 non
2948 4758 3130 4803 tamen
3171 4764 3201 4802 a
3234 4747 3396 4802 Patre
3428 4748 3544 4801 dis-

1962 4830 2129 4899 cedit,
2168 4849 2345 4902 neque
2390 4832 2420 4887 'a
2457 4848 2645 4896 carne,
2680 4852 2857 4906 neque
2894 4837 2963 4892 ab
3006 4838 3263 4895 omnibus
3306 4837 3545 4892 homini-

1962 4924 2085 4988 bus,
2117 4941 2296 4995 neque
2330 4941 2360 4980 a
2392 4934 2507 4982 tota
2539 4937 2815 4993 creatura,
2851 4931 2945 4985 sed
2992 4931 3195 5001 ubique
3230 4930 3406 4995 adest,
3440 4947 3544 4985 nec

1961 5017 2231 5072 minutum
2263 5027 2368 5084 est,
2401 5020 2494 5074 sed
2526 5022 2926 5091 plenissimum.
2959 5024 3137 5094 Atque
3158 5025 3231 5078 ita
3263 5024 3441 5095 cogita
3475 5024 3545 5079 de

1962 5108 2075 5165 Deo
2102 5119 2157 5166 et
2177 5110 2377 5175 Verbo,
2400 5115 2544 5181 quod
2577 5114 2848 5184 duplicem
2879 5115 3079 5170 habeat
3108 5117 3541 5185 generationem,

1966 5219 2132 5259 unam
2170 5221 2235 5260 ex
2266 5203 2377 5259 Deo
2406 5214 2461 5260 et
2498 5204 2682 5271 Patre,
2718 5217 2772 5263 et
2804 5223 2968 5261 unam
2998 5224 3065 5262 ex
3095 5224 3278 5263 carne.
3313 5209 3380 5263 Et
3428 5211 3545 5264 haec

1959 5297 2202 5367 quidem,
2235 5311 2355 5367 quae
2396 5313 2461 5352 ex
2495 5296 2657 5353 Patre
2689 5308 2796 5364 est,
2831 5311 2956 5353 ante
2998 5301 3198 5355 sarcula
3231 5308 3357 5367 est;
3421 5319 3544 5372 quae

240 5391 517 5453 κτίσεως.
542 5385 687 5442 ἀλλὰ
709 5386 990 5458 πανταχοῦ
1014 5388 1217 5460 παρῆν,
1244 5389 1340 5443 xui
1367 5389 1469 5441 οὐκ
1492 5386 1864 5459 ἡλαττονήθη,¹

1965 5405 2092 5445 vero
2134 5405 2200 5444 ex
2232 5404 2418 5452 carne,
2456 5389 2525 5443 ab
2559 5390 2767 5444 ultimis
2810 5391 3004 5447 diebus
3036 5410 3048 5445 :
3080 5392 3539 5463 quemadmodum

234 5485 382 5539 ἀλλά
418 5482 817 5556 πληρέστατος
833 5476 920 5551 ἦν.
953 5481 1064 5534 Kui
1081 5481 1254 5546 οὕτως
1288 5483 1397 5535 νόει
1435 5483 1564 5553 περὶ
1595 5482 1688 5534 τοῦ
1717 5480 1851 5534 Θεοῦ

235 5579 336 5631 xui
371 5577 590 5645 Λόγου,
626 5576 713 5627 ὅτι
764 5572 955 5643 διπλῆν
994 5572 1107 5644 ἔχει
1165 5575 1266 5646 τὴν
1303 5575 1577 5646 γέννησιν,
1616 5574 1742 5644 μίαν
1788 5576 1854 5626 ὲκ

233 5670 331 5724 τοῦ
358 5668 515 5725 Θεοῦ
547 5670 647 5723 καὶ
691 5667 928 5737 Πατρὸς,
960 5669 1058 5721 xui
1090 5669 1219 5740 μίαν
1254 5672 1319 5722 ὲκ
1338 5670 1461 5739 τῆς.
1485 5669 1685 5741 σαρκός
1704 5686 1717 5697 ·
1755 5669 1849 5721 xui

1959 5493 2012 5536 et
2039 5482 2264 5537 verbum
2294 5490 2544 5536 nostrum
2594 5483 2829 5552 primum
2867 5485 3115 5537 nascitur
3144 5484 3213 5539 ab
3239 5486 3455 5538 anima.
3488 5497 3543 5540 et

1960 5572 2157 5629 deinde
2190 5589 2256 5627 ex
2284 5574 2464 5628 labiis.
2513 5571 2577 5626 Et
2606 5574 2720 5630 haec
2743 5574 2810 5630 de
2840 5575 3055 5631 duabus
3093 5578 3542 5649 generationibus

1961 5666 2124 5722 Verbi
2154 5667 2270 5724 Dei.

231 5768 266 5836 ἡ
294 5765 404 5837 μὲν
429 5766 504 5817 ὲκ
550 5761 652 5816 τοῦ
680 5760 900 5829 Πατρὸς
930 5762 1275 5834 προαιώνιος,
1318 5766 1351 5834 ή
1383 5764 1441 5817 δὲ
1466 5764 1531 5816 ὲκ
1554 5764 1651 5834 τῆς
1676 5762 1876 5834 σαρκὸς
1908 5761 1994 5815 ἐπ’
2027 5762 2272 5832 ἐσχάτων
2301 5762 2410 5816 τῶν
2454 5764 2559 5835 ήμε
2571 5762 2707 5835 ρῶψ
2743 5764 2931 5836 ὥσπερ
2961 5764 3054 5818 καί
3098 5766 3126 5818 6
3156 5764 3425 5836 ἡμέτερος
3446 5762 3540 5816 λό-

227 5877 328 5929 γος
351 5858 594 5931 πρῶτον
628 5856 887 5926 γεννᾶται
919 5857 1026 5911 ἀπὸ
1051 5861 1148 5931 τῆς
1183 5859 1382 5932 ψυχῆς,
1418 5860 1509 5914 xui
1537 5861 1655 5913 τότε
1680 5861 1742 5914 ὲκ
1775 5858 1879 5913 τῶν
1905 5857 2147 5927 χειλέων.
2174 5859 2282 5912 Καὶ
2312 5858 2483 5913 ταῦτα
2515 5859 2642 5932 περὶ
2667 5858 2774 5911 τῶν
2806 5858 2899 5913 δύο
2919 5862 3220 5931 γεννήσεων
3240 5857 3331 5911 τοῦ
3363 5858 3540 5927 Λόγου

223 5959 322 6013 τοῦ
353 5956 534 6012 Θεοῦ.
