4050 6396
568 357 672 414 785

568 558 668 613 tati
687 559 710 610 τ

637 646 804 718 284
832 643 992 700 Βεερ.
1029 643 1327 699 Commune
1363 649 1466 708 est,
1507 642 1744 698 essentia
1776 661 1790 696 :
1821 657 2126 709 commune,

569 740 835 812 principio
869 752 1056 793 carere
1094 753 1110 792 :
1149 751 1458 798 commune,
1486 736 1746 804 potentia,
1772 735 2008 801 bonitas,
2042 751 2132 790 sa-

568 831 791 902 pientia,
813 828 1043 898 justitia.
1067 825 1261 882 Omnia
1283 826 1426 882 enim
1450 828 1730 898 aequaliter
1754 828 1917 883 habet
1946 827 2127 899 Pater,

567 931 621 979 et
643 920 834 988 Filius,
874 927 928 976 et
966 919 1202 990 Spiritus
1229 927 1476 981 sanctus,
1501 926 1862 990 praeterquam
1886 921 2130 990 proprie-

567 1023 709 1069 tates
755 1027 904 1068 suas.
953 1009 1242 1081 Proprium
1281 1010 1428 1066 enim
1459 1009 1640 1066 Patris
1670 1012 1890 1081 quidem
1925 1013 2133 1082 ingeni-

565 1112 682 1161 tum
711 1121 831 1162 esse
863 1124 874 1158 :
901 1103 1025 1158 Filii
1055 1117 1203 1168 vero,
1239 1103 1479 1175 genitum
1512 1116 1637 1158 esse
1678 1121 1691 1158 :
1726 1101 1964 1175 Spiritus
2000 1117 2130 1160 san-

565 1200 638 1255 cti
671 1198 984 1270 procedere.

635 1292 854 1357 qusr.
892 1287 982 1342 Vl.
1025 1287 1083 1342 In
1115 1286 1247 1354 Deo,
1281 1294 1412 1358 quot
1443 1285 1722 1342 conﬁteris
1747 1286 2062 1343 essentias?

636 1473 799 1530 Resp.
857 1471 1033 1528 Unam
1076 1471 1370 1528 essentiam
1413 1471 1570 1537 dico,
1619 1485 1781 1524 unam
1838 1477 2128 1536 naturam,

566 1584 731 1622 unam
769 1569 1021 1629 formam,
1052 1582 1220 1621 unum
1255 1581 1448 1636 genus,
1478 1581 1643 1620 unam
1681 1565 1930 1637 gloriam,
1963 1579 2130 1619 unam

566 1660 885 1728 dignitatem
913 1669 965 1713 et
994 1658 1445 1714 dominationem.

636 1753 856 1818 Quasr.
885 1751 996 1806 Vll.
1029 1749 1359 1824 llypustases
1385 1758 1586 1816 autem,
1610 1758 1741 1822 quot
1769 1748 2044 1806 conﬁteris
2073 1749 2128 1804 in

567 1844 679 1901 Deo
698 1847 722 1898 ’ἐ

637 1934 801 1990 Resp.
846 1933 981 1990 Tres
1012 1934 1333 2006 ltypostases
1361 1933 1645 1998 conﬁteor,
1673 1940 1790 1990 tres
1823 1947 2087 2005 personas
2109 1973 2125 1998 ,

566 2028 670 2080 tria
698 2027 938 2098 propria,
976 2027 1075 2080 tria
1100 2025 1400 2089 individua,
1429 2035 1538 2080 tres
1564 2025 1930 2082 characteres.

635 2119 855 2186 Qumsr.
888 2116 1021 2172 νηί.
1059 2116 1237 2183 Quare
1263 2117 1462 2172 dicitur
1493 2115 1671 2184 Pater,
1706 2116 1899 2172 Pater?

635 2211 798 2266 Resp.
845 2208 1005 2265 Pater
1049 2209 1248 2264 dicitur
1294 2210 1470 2274 Deus,
1501 2211 1658 2280 quasi
1707 2209 1884 2263 πάντα
1922 2208 2127 2280 τηρῶν,

565 2303 616 2357 id
647 2313 751 2371 est,
783 2303 966 2357 omnia
1019 2316 1350 2358 conservans
1379 2319 1394 2368 ;
1443 2303 1600 2372 quasi
1629 2302 1872 2358 omnium
1907 2316 2132 2357 conser-

561 2406 738 2454 vator.

631 2488 852 2554 Qums'r.
897 2484 989 2542 ιχ.
1023 2487 1085 2540 Et
1116 2484 1310 2549 Filius,
1345 2500 1513 2555 quare
1541 2484 1743 2539 dicitur
1774 2483 1991 2541 Filius?

635 2579 796 2635 lisse.
834 2579 962 2642 Υἱὸς
1003 2593 1098 2634 seu
1127 2576 1297 2632 Filius
1323 2577 1542 2642 dicitur,
1572 2577 1728 2647 quasi
1761 2571 1902 2644 οἷος,
1942 2576 1996 2631 id
2025 2585 2128 2644 est,

566 2669 691 2722 talis
719 2679 773 2724 et
799 2668 1027 2739 aequalis
1067 2685 1080 2718 :
1110 2667 1286 2738 qualis
1313 2666 1455 2722 enim
1490 2665 1672 2730 Pater,
1704 2666 1828 2722 talis
1861 2677 1913 2722 et
1934 2664 2126 2722 Filius.

563 2758 804 2815 Vertitur
836 2763 978 2816 enim
1008 2777 1036 2813 ο
1063 2761 1118 2815 in
1148 2778 1200 2826 υ,
1242 2767 1295 2815 et
1326 2760 1384 2813 ﬁt
1413 2757 1552 2822 υἱός.
1585 2756 1835 2828 Ᾱέιιιιειίε
1857 2759 2002 2814 enim
2038 2756 2128 2813 Fi-

563 2851 669 2908 lius
697 2860 780 2909 est
802 2851 948 2906 Patri
965 2852 1039 2922 (7)
1061 2891 1075 2906 .

635 2944 856 3010 Quss'r.
915 2943 984 3000 X.
1044 2943 1110 2996 Et
1167 2940 1428 3014 Spiritus,
1472 2957 1644 3013 quare
1692 2940 1894 2996 dicitur
1951 2940 2128 3013 Spiri-

563 3039 700 3092 tus?

632 3130 797 3184 Rssr.
849 3127 1092 3198 Πνεῦμα,
1141 3142 1238 3184 seu
1287 3125 1521 3200 Spiritus
1565 3129 1784 3195 eicitur,
1827 3131 1971 3201 quod
2021 3133 2127 3186 πᾶν
2155 3167 2198 3226 c

563 3220 762 3292 νεῦμα,
804 3221 858 3274 id
887 3229 990 3283 est,
1019 3235 1232 3274 omnem
1259 3228 1450 3274 nutum
1478 3229 1634 3276 acute
1661 3221 1944 3293 intelligat,
1974 3223 2126 3278 scili-

565 3319 652 3365 cet
696 3310 874 3365 omnis
930 3317 1094 3365 nutus
1139 3311 1487 3380 cognoscitur
1527 3327 1634 3366 uno
1675 3313 1871 3368 intuitu
1923 3330 2019 3384 per
2065 3315 2128 3369 il-

568 3403 701 3458 lum.
753 3420 772 3454 (
830 3400 1067 3472 Spiritus
1121 3403 1264 3458 enim
1321 3411 1545 3459 sanctus
1594 3404 1775 3458 omnia
1824 3415 2123 3473 scrutatur,

566 3496 728 3550 etiam
759 3495 1028 3565 profunda
1056 3495 1149 3548 Dei
1179 3496 1244 3549 ¹⁰.
1285 3513 1305 3548 ι

637 3584 858 3652 ρυιεετ.
886 3585 977 3642 XI.
1008 3587 1065 3641 ln
1097 3585 1228 3651 Deo,
1267 3593 1399 3656 quot
1429 3593 1557 3642 sunt
1592 3588 1813 3642 causa?

635 3677 796 3732 Resp.
827 3676 1056 3732 Unicam
1099 3677 1222 3732 dico
1267 3678 1322 3732 in
1366 3676 1475 3733 Deo
1515 3693 1757 3744 causam,
1790 3687 1844 3735 et
1889 3678 2002 3735 haec
2045 3687 2129 3735 est

565 3768 744 3825 Pater.
793 3768 912 3840 Ipse
964 3771 1107 3824 enim
1167 3767 1328 3825 Pater
1370 3769 1542 3841 gignit
1583 3769 1778 3825 Filium
1830 3779 1884 3825 et
1929 3772 2128 3825 emittit

567 3858 853 3928 Spiritum.
885 3861 1062 3927 Quare
1095 3859 1264 3927 disce,
1297 3862 1443 3932 quod
1475 3862 1634 3917 Pater
1659 3863 1810 3917 solus
1841 3863 1911 3917 sit
1936 3878 2122 3918 causa.

563 3949 735 4006 Filius
775 3968 881 4006 non
915 3961 1001 4007 est
1031 3967 1216 4019 causa,
1257 3953 1354 4008 sed
1384 3962 1660 4009 causatus.
1703 3952 1767 4006 Et
1798 3954 1879 4009 sic
1907 3953 2128 4024 quidem

565 4055 731 4094 causa
786 4050 871 4096 est
919 4041 1068 4097 solus
1114 4041 1296 4097 Pater.
1343 4041 1582 4097 Causata
1632 4058 1763 4098 vero
1810 4051 1938 4098 sunt
1997 4042 2126 4106 duo,

564 4129 737 4185 Filius
759 4140 812 4186 et
845 4131 1099 4202 Spiritus.
1127 4133 1306 4189 Causa
1338 4143 1516 4189 autem
1544 4133 1746 4188 dicitur
1768 4133 1948 4199 Pater,
1983 4134 2127 4204 quod

565 4224 752 4292 gignat
790 4233 843 4278 et
876 4239 985 4277 non
1016 4224 1309 4294 gignatur:
1345 4225 1488 4296 quod
1517 4226 1746 4290 emittat,
1779 4234 1832 4280 et
1866 4241 1973 4279 non
2004 4240 2130 4296 pro-

567 4314 744 4369 cedat.
777 4314 956 4385 Gignit
987 4317 1128 4369 enim
1157 4315 1375 4384 Filium,
1410 4325 1464 4370 et
1487 4315 1686 4370 emittit
1715 4316 1974 4386 Spiritum
2002 4331 2129 4372 san-

565 4415 736 4461 ctum.
769 4409 835 4462 Et
865 4417 1150 4479 pr0pterea
1179 4409 1382 4464 dicitur
1406 4409 1568 4465 Pater
1597 4423 1785 4463 causa.

636 4591 856 4658 Quzsr.
883 4589 998 4648 ΧΠ.
1034 4590 1099 4645 Et
1135 4599 1266 4662 quot
1299 4597 1428 4648 sunt
1459 4600 1678 4646 causata
1706 4591 1729 4645 ἰ’

635 4682 797 4740 Resr.
848 4684 984 4748 Duo,
1032 4682 1203 4739 Filius
1251 4692 1307 4740 et
1351 4681 1611 4752 Spiritus.
1656 4681 1774 4737 Non
1808 4681 1978 4754 gignit
2041 4679 2133 4736 Fi-

565 4777 692 4840 lius,
743 4775 837 4831 sed
874 4775 1134 4846 gignitur,
1178 4781 1232 4829 et
1275 4782 1564 4844 propterea
1607 4773 1808 4830 dicitur
1847 4779 2128 4827 causatus.

563 4866 764 4932 Quare,
813 4867 860 4922 si
901 4867 1026 4937 quis
1072 4871 1128 4919 te
1181 4865 1477 4933 rogaverit,
1530 4871 1664 4935 quot
1718 4864 1773 4918 in
1832 4863 1943 4919 Deo
2003 4878 2133 4917 cau-

565 4971 654 5012 sas
719 4955 1041 5011 conﬁteris?
1104 4955 1194 5010 die
1257 4969 1272 5005 :
1335 4969 1498 5008 unam
1558 4969 1776 5010 causam
1847 4953 1992 5008 dico.
2064 4951 2132 5005 Et

563 5049 740 5119 qualis
785 5049 902 5102 hmc
943 5046 1067 5102 est?
1138 5043 1318 5098 Pater.
1384 5043 1450 5096 Et
1499 5059 1670 5112 quare
1714 5043 1916 5098 dicitur
1966 5055 2132 5094 causa

512 5151 515 5154 ’
563 5141 768 5196 Pater?
797 5139 937 5205 Quia
975 5138 1149 5208 gignit
1180 5134 1378 5190 Filium
1415 5144 1467 5190 et
1505 5137 1702 5191 emittit
1744 5136 2028 5206 Spiritum.
2076 5133 2133 5188 Si

563 5248 694 5288 vero
716 5233 840 5303 quis
866 5239 919 5286 te
957 5230 1277 5298 interroget,
1305 5235 1438 5298 quot
1477 5234 1699 5283 causata
1739 5226 1877 5282 dicis
1907 5227 1962 5280 in
1988 5223 2136 5279 Deo?

564 5325 672 5388 die,
697 5324 828 5378 duo.
862 5321 1054 5387 Qualia
1102 5327 1282 5371 autem
1315 5317 1458 5371 ista?
1490 5315 1660 5371 Filius
1694 5323 1749 5370 et
1779 5315 2036 5386 Spiritus.
2069 5314 2133 5369 Et

563 5434 732 5489 quare
767 5416 1108 5487 appellantur
1137 5409 1394 5466 causata?
1413 5407 1552 5474 Quia
1585 5411 1826 5481 gignitur
1856 5406 2048 5472 Filius,
2077 5417 2158 5462 ct-

637 5595 678 5627 ¹⁶
716 5595 890 5648 lCor.
927 5607 964 5647 tt
993 5633 1006 5657 ,
1044 5591 1108 5647 l0

653 5777 728 5847 (τ)
759 5773 882 5827 lizec
910 5773 962 5825 iu
1009 5776 1240 5825 tractatu
1277 5766 1347 5822 De
1384 5763 1799 5835 deﬁnitionibus,
1835 5763 1936 5819 sub
1993 5761 2208 5817 initium

1702 352 1760 407 S.
1802 351 2257 409 ATHANASIUS.
2293 382 2366 393 -—
2399 351 2622 408 DUBIA.

639 467 858 534 Quss'r.
917 464 973 520 ν.
1026 463 1166 531 Quia
1213 479 1498 520 commune
1555 471 1638 519 est
1693 471 1894 518 sancta:
1945 464 2125 519 Triui-
2155 474 2202 532 Α

3685 360 3778 414 78ῑ

2314 462 2502 533 Ἐρώτ.
2539 470 2600 517 ε’.
2623 464 2688 517 Τί
2711 464 2770 517 τδ
2799 465 2975 519 κοινὸν
2997 467 3093 537 τῆς
3122 467 3284 534 ἁγίας
3316 470 3576 542 Τριάδοςε

2313 646 2499 700 Ἀπόκ.
2524 647 2714 701 Κοινὺν
2743 647 2775 718 ἠ
2807 647 2965 702 οὐσία
2982 666 2994 678 ·
3027 650 3205 704 κοινὸν
3232 651 3293 704 τὸ
3316 652 3546 725 ἄναρχον
3566 671 3580 684 °
3613 655 3780 710 κοινδν

2229 740 2263 809 ἡ
2283 738 2527 808 δύναμις,
2549 739 2583 809 ὴ
2614 737 2904 808 ἀγαθότης,
2926 740 2960 810 ἡ
2985 739 3169 808 σοφία,
3203 743 3237 811 ἡ
3259 742 3587 813 δικαιοσύνη.
3606 746 3780 800 Πάντα

2230 832 2337 901 γὰρ
2365 830 2424 897 ἐξ
2454 830 2567 883 ῐσου
2599 829 2711 900 ἔχει
2757 831 2785 883 6
2813 830 3020 902 Πατὴρ,
3049 832 3144 884 καὶ
3191 835 3218 886 6
3253 834 3398 898 Υἱὸς,
3430 836 3524 888 καὶ
3547 836 3608 889 τὸ
3636 837 3782 905 ἆγιον

2229 923 2473 994 Πνεῦμα,
2517 922 2654 993 πλὴν
2682 921 2788 975 τῶν
2833 922 2978 976 ίδίων
3009 925 3209 979 αὐτῶν.
3246 927 3400 980 Ἴδιον
3428 928 3537 998 γὰρ
3572 929 3665 983 τοῦ
3693 931 3782 1000 μὲν

2230 1015 2442 1085 Πατρὸς
2463 1014 2522 1066 τὸ
2542 1015 2853 1084 ἀγέννητον,
2877 1014 2970 1068 τοῦ
3007 1015 3062 1069 δὲ
3079 1015 3210 1069 Υἱοῦ
3231 1017 3290 1070 τὸ
3311 1020 3586 1090 γεννητὸν,
3612 1021 3706 1074 τοῦ
3731 1023 3783 1076 δὲ

2229 1105 2382 1174 ἁγίου
2413 1106 2728 1177 Πνεῦματος
2759 1105 2820 1159 τὸ
2847 1108 3194 1178 ὲκπορευτόν.

2313 1291 2501 1363 Ἐρώτ.
2554 1297 2626 1356 ς’.
2674 1290 2795 1345 Ἐπὶ
2837 1291 2931 1345 τοῦ
2979 1292 3114 1346 Θεοῦ
3159 1293 3330 1358 πόσας
3369 1295 3555 1361 οὐσίας
3599 1297 3781 1368 ὁμολο-

2269 1384 2345 1445 εῖς
2365 1399 2379 1447 ;

2269 1397 2313 1434 ει
2365 1399 2379 1447 ;

2227 1397 2264 1450 γ
2311 1399 2497 1530 ξΑπόκ.
2532 1476 2677 1530 Μίαν
2698 1475 2884 1530 οὐσίαν
2925 1476 3089 1546 λέγω,
3121 1476 3247 1548 μίαν
3276 1478 3456 1548 φύσιν,
3499 1479 3628 1550 μίαν
3657 1499 3782 1553 μορ-

2229 1570 2356 1642 φὴν,
2373 1569 2430 1623 ἒν
2455 1570 2632 1640 γένος,
2665 1570 2793 1641 μίαν
2815 1569 2992 1638 δόξαν,
3021 1571 3148 1642 μίαν
3176 1570 3329 1636 ἀξίαν
3360 1572 3454 1625 καὶ
3474 1574 3780 1644 κυριότητα.

2314 1756 2501 1828 Ἐρὼτ.
2528 1755 2593 1821 ζ’.
2631 1756 2982 1822 ’Υποστάσεις
3006 1757 3061 1810 δὲ
3083 1757 3252 1821 πόσας
3276 1756 3552 1830 ὁμολογεῖς
3579 1759 3672 1812 ὲπὶ
3696 1759 3781 1812 τοῦ

2157 1819 2201 1878 Β
2227 1850 2363 1904 Θεοῦ
2375 1819 2398 1916 ’;

2309 1943 2496 1995 Ἀπόκ.
2532 1942 2692 2013 Τρεῖς
2715 1941 3038 2005 ὑποστάσεις
3059 1940 3322 2012 ὁμολογῶ,
3345 1940 3471 2012 τρία
3504 1940 3780 2011 πρόσωπα,

2225 2033 2351 2105 τρία
2384 2032 2512 2096 ἴδια,
2546 2032 2672 2104 τρία
2703 2033 2899 2102 ἄτομα,
2923 2033 3017 2085 καὶ
3057 2034 3204 2102 τρεῖς
3236 2030 3610 2103 χαρακτῆρας.

2311 2123 2502 2196 Ἐρώτ.
2529 2130 2598 2196 η’.
2633 2124 2730 2177 Διὰ
2755 2124 2805 2177 τί
2831 2124 3046 2192 λέγεται
3078 2123 3106 2175 6
3139 2123 3326 2194 Πατὴρ
3350 2124 3576 2194 Πατήρὶ

2311 2217 2497 2271 Ἀπόκ.
2555 2216 2744 2287 Πατὴρ
2802 2215 3020 2285 λέγεται
3062 2217 3091 2269 6
3138 2214 3308 2280 Θεὸς,
3355 2215 3429 2278 ὼς
3477 2215 3546 2269 τὰ
3615 2214 3784 2268 πάντα

2225 2309 2410 2383 τηρῶν
2430 2327 2442 2338 ο
2474 2307 2672 2361 ὡσανεὶ
2702 2308 2919 2362 πάντων
2947 2307 3206 2378 τηρητὴς.

2311 2492 2502 2563 Ἐρώτ.
2536 2489 2600 2543 0'.
2632 2488 2741 2542 Καὶ
2765 2489 2794 2540 6
2823 2489 2948 2552 Υἱὸς
2981 2488 3069 2542 διὰ
3098 2489 3148 2541 τί
3175 2488 3389 2557 λέγεται
3422 2487 3549 2551 Υἱός

2312 2584 2497 2638 Ἀπόκ.
2528 2581 2654 2645 Υἱὸς
2699 2580 2914 2650 λέγεται
2951 2580 3102 2653 παρὰ
3151 2580 3211 2633 τὸ
3239 2574 3366 2642 οἶος,
3413 2580 3575 2650 ἧτουν
3611 2579 3782 2641 ὁποῖος

2230 2675 2322 2727 καὶ
2342 2675 2553 2745 ὅμοιος·
2589 2667 2699 2736 οἷος
2728 2672 2836 2744 γὰρ
2875 2675 2904 2726 6
2939 2671 3146 2743 Πατὴρ,
3187 2671 3424 2733 τοιοῦτος
3451 2670 3545 2722 καὶ
3580 2671 3610 2722 6
3642 2669 3781 2731 Υἱὸς,

2229 2767 2323 2818 καὶ
2345 2767 2518 2837 τροπῇ
2550 2763 2644 2818 τοῦ
2675 2780 2708 2817 ο
2739 2765 2819 2829 είς
2845 2782 2904 2829 υ,
2935 2764 3066 2826 υἱός.
3095 2763 3313 2835 Ὀμοιος
3343 2761 3449 2834 γὰρ
3493 2764 3522 2815 6
3555 2762 3682 2825 Υἱὸς
3711 2761 3782 2830 τῷ

2229 2857 2422 2911 Πατοί.

2315 2875 2344 2908 τ
2387 2875 2422 2909 ι.

2313 2875 2503 3021 'Eppcb'r.
2531 2953 2581 3002 t'.
2612 2945 2724 3000 Καὶ
2748 2946 2810 3000 τὸ
2841 2946 3063 3018 Πνεῦμα
3095 2945 3182 3000 διὰ
3208 2947 3260 2999 τί
3288 2946 3506 3015 λέγεται
3532 2944 3782 3016 Πνεῦμας

2313 3132 2501 3185 Ἀπόκ.
2538 3129 2762 3201 Πνεῦμα
2794 3130 3008 3198 λέγεται
3033 3129 3181 3201 παρὰ
3203 3129 3264 3182 τὸ
3298 3130 3403 3181 πᾶν
3426 3127 3604 3198 νεῦμα
3630 3127 3786 3191 ὀξέως

2233 3223 2496 3284 ἐπινοεῖν,
2547 3223 2712 3291 ἤγουν
2765 3223 2910 3274 πᾶσα
2954 3219 3135 3282 νεῦσις
3181 3218 3453 3288 συντόμως
3503 3218 3788 3270 ἐπινοεῖται

2231 3314 2296 3367 δι’
2330 3313 2513 3366 αὐτοῦ.
2551 3331 2569 3364 ι
2593 3312 2667 3365 Τὸ
2707 3311 2814 3384 γὰρ
2862 3312 3012 3380 ἆγιον
3037 3310 3256 3380 Πνεῦμα
3295 3309 3362 3362 τὰ
3392 3309 3569 3362 πάντα
3602 3309 3788 3379 ἐρευνᾷ

2234 3401 2328 3454 καὶ
2357 3401 2428 3453 τὰ
2463 3400 2599 3472 βάθη
2633 3400 2727 3453 τοῦ
2764 3401 2953 3454 Θεοῦ.»

2314 3584 2503 3654 Ἐρώτ.
2544 3591 2626 3637 ια’.
2665 3583 2790 3637 Ἐπὶ
2817 3584 2908 3638 τοῦ
2937 3583 3070 3637 Θεοῦ
3104 3584 3244 3636 πόσα
3281 3582 3462 3648 afuat;

2315 3678 2502 3731 Ἀπόκ.
2543 3678 2637 3730 Ἒν
2660 3678 2829 3730 αἴτιον
2861 3677 2953 3730 ἐπὶ
2981 3674 3112 3728 Θεοῦ
3141 3675 3301 3744 λέγω,
3336 3677 3429 3728 καὶ
3463 3673 3620 3730 τοῦτό
3646 3676 3786 3728 ἐστιν

2233 3771 2261 3823 6
2293 3769 2500 3840 Πατήρ.
2550 3769 2720 3832 Αὐτὸς
2757 3767 2864 3840 γὰρ
2901 3771 2928 3822 6
2956 3767 3142 3839 Πατὴρ
3181 3769 3340 3837 γεννᾷ
3379 3766 3469 3820 τὸν
3512 3767 3658 3831 Υίὸν,
3701 3766 3789 3820 καὶ

2233 3860 2523 3931 ὲκπορεύει
2569 3860 2664 3913 καὶ¹
2705 3857 2766 3912 τὸ
2817 3857 3058 3929 Πνεῦμα.
3113 3857 3311 3911 Λοιπὸν
3340 3857 3605 3926 γίνωσκε,
3656 3861 3736 3912 ὅτι
3763 3861 3788 3910 6

2234 3954 2423 4025 Πατὴρ
2457 3953 2612 4024 μόνος
2636 3951 2780 4005 ἐστὶν
2803 3950 2971 4014 αἴτιος
2989 3967 3003 3981 ο
3030 3951 3058 4003 6
3078 3949 3133 4003 δὲ
3161 3950 3286 4013 Υἱὸς
3313 3951 3410 4002 οὐκ
3438 3949 3586 4002 ἔστιν
3604 3950 3787 4012 αἴτιος,

2234 4046 2348 4100 ἀλλ’
2382 4045 2641 4109 αἰτιατός.
2676 4044 2837 4097 Ὥστε
2869 4043 2966 4114 μὲν
2989 4042 3157 4105 αἴτιός
3185 4043 3300 4094 ἐστι
3333 4042 3491 4111 μόνος
3514 4044 3543 4095 6
3571 4043 3784 4113 Πατήρ·

2233 4135 2304 4189 τὰ
2334 4135 2390 4189 δὲ
2418 4134 2635 4188 αίτιατὰ
2657 4131 2769 4198 δύο,
2808 4134 2836 4185 6
2867 4131 2994 4194 Υίὺς
3026 4131 3118 4184 καὶ
3145 4131 3204 4184 τὸ
3250 4129 3493 4200 Πνεῦμα.
3527 4129 3705 4192 Almo;
3737 4130 3787 4181 δὲ

2233 4227 2451 4297 λέγεται
2503 4230 2532 4281 6
2581 4227 2803 4296 Πατὴρ,
2855 4225 2987 4278 διότι
3015 4226 3178 4295 γεννᾷ
3205 4265 3219 4289 ,
3257 4225 3351 4275 καὶ
3393 4225 3454 4278 οῦ
3501 4225 3786 4291 γεννᾶται,

2235 4319 2522 4391 ὲκπορεύει
2555 4321 2646 4372 καὶ
2673 4319 2772 4372 οὐκ
2801 4317 3174 4389 ἐκπορεύεται.
3201 4317 3366 4387 Γεννᾷ
3390 4318 3486 4385 μὲν
3521 4315 3612 4369 τὸν
3635 4316 3785 4368 Υῐόν·

2235 4411 2521 4482 ὲκπορεύει
2545 4411 2601 4464 δὲ
2634 4410 2727 4464 καὶ
2754 4409 2814 4463 τὸ
2841 4408 3064 4479 Πνεῦμα
3093 4409 3150 4462 τὸ
3180 4409 3350 4476 ἆγιον.
3388 4408 3498 4460 Καὶ
3516 4407 3610 4482 ῥιὰ
3640 4406 3791 4460 τοῦτο

2160 4519 2211 4578 D
2237 4499 2454 4568 λέγεται
2485 4499 2514 4552 6
2553 4498 2739 4571 Πατὴρ
2772 4499 2961 4562 αἴτιος.

2318 4589 2507 4661 Ἐρώτ.
2541 4589 2627 4660 ιβ’.
2653 4591 2762 4642 Καὶ
2794 4589 2934 4642 πόσα
2960 4588 3203 4653 αἱτιατά;

2317 4682 2504 4736 Ἀπὸκ.
2549 4681 2776 4734 Αἰτιατὰ
2804 4679 2924 4744 δύο,
2953 4682 2981 4733 6
3013 4680 3140 4744 Υἱὸς
3191 4680 3285 4732 καὶ
3325 4679 3386 4732 τὸ
3427 4675 3669 4749 Πνεῦμα.
3722 4675 3794 4730 06

2235 4773 2396 4842 γεννᾷ
2427 4773 2455 4824 6
2488 4771 2638 4834 Υἱὸς,
2671 4768 2807 4823 ἀλλὰ
2839 4770 3113 4837 γεννᾶται,
3145 4770 3236 4822 καὶ
3266 4769 3351 4821 διὰ
3396 4767 3556 4821 τοῦτο
3584 4769 3792 4837 λέγεται

2235 4862 2493 4925 αἱτιατός.
2519 4860 2715 4913 Λοιπὸν
2739 4858 2833 4912 ὲάν
2857 4874 2939 4919 τις
2973 4857 3243 4928 ἐρωτήσῃ,
3266 4857 3345 4908 ὅτι
3371 4856 3463 4908 ἐπὶ
3489 4853 3622 4907 Θεοῦ
3660 4854 3795 4904 πόσα

2239 4953 2383 5005 αἴτια
2407 4949 2714 5022 ὀμολογεῖς;
2744 4947 2885 5013 εἰπὲ,
2913 4946 2971 4999 ἓν
2996 4946 3164 4999 αἴτιον
3193 4946 3350 5013 λέγω.
3375 4946 3484 4997 Ka‘t
3512 4944 3661 4997 ποῖόν
3686 4945 3796 4995 ἐστι

2239 5040 2434 5106 τοῦτο;
2474 5039 2532 5092 Ὁ
2568 5041 2776 5109 Πατήρ.
2807 5038 2913 5091 Καὶ
2944 5037 3033 5090 διὰ
3067 5037 3118 5089 τί
3159 5036 3371 5103 λέγεται
3411 5034 3584 5096 αἴτιος
3623 5036 3650 5086 6
3691 5033 3800 5084 Πα·

2237 5137 2376 5204 τήρ;
2411 5131 2553 5184 Διότι
2602 5133 2764 5201 γεννᾷ
2814 5130 2904 5183 τὸν
2955 5129 3081 5181 Υίὸν
3117 5128 3210 5182 καὶ
3264 5129 3553 5197 ὲκπορεύει
3601 5126 3693 5179 καὶ
3741 5123 3797 5176 τὸ

2237 5223 2480 5293 Πνεῦμα.
2529 5223 2653 5276 Ἐὰν
2685 5223 2742 5276 δὲ
2771 5222 3020 5293 ἐρωτήσῃ
3050 5237 3129 5280 σε,
3160 5220 3240 5271 ὅτι
3279 5217 3419 5269 πόσα
3453 5214 3671 5269 αἰτιατὰ
3709 5213 3795 5265 λέ-

2235 5330 2350 5382 γεις
2378 5314 2470 5366 ἐπὶ
2496 5311 2585 5366 τοῦ
2610 5311 2742 5365 Θεοῦ
2766 5328 2780 5376 ;
2812 5310 2931 5362 εἰπὲ
2959 5309 3070 5362 δύο.
3093 5309 3226 5360 Ποῖα
3254 5305 3307 5358 δὲ
3336 5305 3543 5369 ταῦτα;
3583 5304 3641 5357 '0
3674 5302 3797 5363 Υἱὸς

2235 5406 2327 5459 καὶ
2358 5405 2417 5459 τὸ
2450 5405 2695 5476 Πνεῦμα.
2731 5403 2838 5457 Καὶ
2880 5401 2968 5455 διὰ
2999 5401 3052 5455 τί
3094 5399 3338 5467 λέγονται
3370 5398 3620 5461 αἱτιατά;
3659 5394 3798 5447 Διότι
