4050 6396
331 323 434 380 785

1552 335 2008 402 QUAESTIONES
2044 339 2245 394 ALLE.

3433 354 3533 402 ’ἰθὺ

332 439 583 504 γεννᾶται
608 439 636 490 6
659 435 800 502 Υἱὸς,
825 440 916 492 καὶ
943 440 1002 492 ού
1025 443 1186 512 γεννᾷ
1205 460 1217 472 ·
1251 445 1600 516 ἐκπορεύεται
1627 450 1682 502 δὲ
1710 451 1800 504 καὶ
1822 455 1870 505 τὶ

1984 470 2089 509 non
2146 455 2343 526 gignit;
2421 457 2664 526 procedit
2723 465 2899 514 autem
2972 459 3243 531 Spiritus,
3319 475 3371 520 et
3425 484 3531 524 non

333 527 571 596 Πνεῦμα,
593 529 688 580 καὶ
718 528 814 580 οὐκ
835 530 1140 599 ἐκπορεύει.

415 615 604 688 Ἐρώτ.
661 625 750 686 ιγ’.
809 619 930 671 Ἐπὶ
985 623 1083 690 τῆς
1125 622 1282 688 ἁγίας
1325 627 1549 696 Τριάδος
1597 629 1678 692 τίς
1727 630 1876 701 πρῶ-

335 722 450 771 τοςὲ

412 796 595 849 ’Λπόκ.
635 796 758 850 Ἐπὶ
794 798 894 869 τῆς
941 800 1103 866 ἁγίας
1157 804 1381 874 Τριάδος
1425 808 1602 872 οὐδεὶς
1640 810 1874 880 πρῶτος,

333 888 419 940 καὶ
451 887 624 951 οὐδεὶς
648 887 889 960 ὕστερος,
919 891 1030 944 ἀλλ’
1066 893 1181 962 ἅμα
1212 896 1419 970 Πατὴρ,
1451 898 1565 969 ἅμα
1590 901 1735 964 Υἱὸς,
1764 905 1879 974 ἅμα

333 978 545 1048 Πνεῦμα
575 977 728 1046 ἅγιον
747 996 762 1012 ·
795 984 886 1034 καὶ
917 981 1002 1036 διὰ
1039 983 1195 1037 τοῦτο
1221 988 1314 1038 καὶ
1356 989 1674 1060 συναναρχοι
1699 992 1880 1062 λέγον-

331 1087 436 1132 ται,
470 1071 562 1123 καὶ
589 1071 830 1142 ἄναρχοι.
865 1073 1128 1145 ’Λναρχον
1172 1077 1228 1130 δὲ
1257 1077 1473 1145 λέγεται
1513 1082 1573 1134 τὸ
1629 1083 1734 1154 πρὸ
1781 1086 1880 1156 τῆς

329 1160 496 1229 ἀρχῆς
517 1159 598 1213 ὃν.
629 1161 894 1232 ’Λναρχος
917 1162 1096 1218 λοιπὸν
1120 1167 1148 1218 6
1173 1168 1379 1240 Πατὴρ,
1409 1171 1641 1242 ἄναρχος
1669 1175 1698 1225 6
1728 1174 1874 1238 Υἱὸς,

328 1251 555 1322 ἄναρχον
587 1251 650 1304 τὸ
674 1252 892 1323 Πνεῦμα
918 1254 977 1307 τὸ
998 1255 1168 1324 ἅγιον.
1204 1259 1312 1312 Kal
1333 1260 1430 1331 οὐχ
1450 1264 1478 1316 6
1511 1264 1611 1333 μὲν
1642 1266 1875 1336 πρῶτος,

327 1343 352 1392 6
375 1340 420 1393 δ’
457 1339 704 1413 ὕστερος,
736 1343 848 1396 ἀλλ’
900 1345 1012 1414 ἆμα
1044 1347 1093 1399 οἱ
1143 1351 1319 1419 τρεῖς,
1368 1352 1575 1424 Πατὴρ,
1624 1355 1750 1418 Υἱὸς
1786 1362 1878 1412 καὶ

330 1430 540 1502 Πνεῦμα
581 1434 756 1501 ᾶγιον.
805 1435 904 1490 Διά
933 1439 1088 1492 τοῦτο
1133 1440 1227 1492 καὶ
1275 1444 1597 1516 συνάναρχοι
1639 1449 1732 1500 καὶ
1775 1452 1878 1503 εἰσὶ

327 1525 417 1574 καὶ
437 1522 813 1595 ὀνομάζονται.

409 1713 600 1783 Ἐρώτ.
636 1714 716 1769 ιδ’.
749 1717 1047 1787 Σαφήνισον
1065 1721 1198 1791 ἡμῖν
1226 1724 1320 1776 καὶ
1346 1723 1522 1789 τοῦτο,
1553 1729 1667 1793 πῶς
1700 1734 1727 1784 6
1749 1732 1875 1797 Υἱὸς

328 1802 415 1856 καὶ
437 1804 606 1872 Λόγος
638 1805 730 1858 τοῦ
772 1807 904 1860 Θεοῦ
930 1811 1182 1877 γεννᾶται
1210 1813 1274 1865 ἐκ
1304 1814 1514 1886 Πατρός
1535 1835 1550 1849 ο
1584 1820 1741 1873 τοῦτο
1770 1823 1875 1894 γὰρ

324 1895 610 1966 ἐκπλήττει
641 1899 812 1967 ἡμᾶς.

406 1987 598 2040 Ἀπόκ.
640 1989 789 2042 Ἐπεὶ
821 1992 849 2043 6
881 1990 1011 2056 Θεὸς
1041 1991 1345 2066 ἀθεώρητός
1379 1998 1606 2052 ἐστικαὶ
1637 2001 1876 2075 ἀνερμή-

324 2096 524 2143 νευτος,
565 2079 685 2132 οὐδὲ
728 2081 884 2134 τοῦτο
929 2085 1258 2156 ἑρμηνεῦσαι
1291 2089 1579 2159 δυνάμεθα.
1611 2093 1733 2155 Πῶς
1770 2095 1877 2166 γάρ

326 2186 403 2232 τις
445 2170 779 2241 ἑρμηνεῦσαι
817 2172 1055 2238 δύναται,
1095 2174 1123 2228 ὅ
1159 2176 1366 2230 οὐδέπω
1409 2180 1568 2243 αὐτὸς
1599 2182 1874 2251 ἐθεάσατο,

327 2261 357 2330 ἢ
387 2265 514 2332 παρ’
543 2263 718 2318 ἄλλων
745 2265 944 2336 ἀκήκοε
970 2265 1220 2333 πώποτε;
1248 2269 1391 2341 Πλὴν
1420 2273 1484 2325 ἐκ
1507 2273 1614 2326 τῶν
1642 2279 1876 2347 ποιημά-

319 2368 420 2404 των
447 2352 634 2418 αὐτοῦ,
666 2371 738 2425 φη
749 2357 827 2424 μὶ,
857 2356 948 2410 τοῦ
969 2358 1138 2427 Λόγου
1168 2360 1261 2413 καὶ
1287 2361 1420 2414 Θεοῦ
1437 2365 1676 2430 τυπικῶς
1708 2368 1874 2421 εἴπω-

325 2430 439 2508 μεν,
465 2443 588 2497 ὅσον
613 2445 675 2497 τὸ
705 2447 845 2500 κατὰ
866 2447 1110 2519 δύναμιν.
1138 2451 1374 2522 Νοητέον
1406 2454 1524 2522 μὲν,
1558 2457 1660 2521 ὅτι,
1690 2457 1876 2531 ὥσπερ

320 2530 348 2622 cf.
393 2529 547 2622 λόγος
593 2533 688 2586 τοῦ
738 2535 1024 2606 ἀνθρώπου
1075 2544 1327 2609 γεννᾶται
1388 2545 1494 2598 ἀπὸ
1538 2547 1636 2616 τῆς
1699 2529 1875 2622 ψυχῆς

320 2619 569 2690 ἁσπόρως
617 2624 710 2676 καὶ
760 2624 1167 2699 ἀκατανοήτως,
1209 2632 1379 2698 οὕτως
1407 2639 1659 2703 γεννᾶται
1711 2619 1806 2694 καί
1833 2619 1875 2696 τό

317 2709 483 2778 Λόγος
514 2713 621 2765 ἀπὸ
651 2714 744 2768 τοῦ
773 2717 1000 2788 Πατρός.
1026 2721 1135 2774 Kal
1169 2721 1244 2786 ὡς
1267 2727 1517 2792 γεννᾶται
1548 2727 1659 2800 πῦρ
1686 2732 1750 2784 ἐκ
1779 2733 1873 2786 τοῦ

320 2800 504 2867 πυρὸς,
535 2803 628 2855 xal
653 2803 768 2870 φῶς
800 2807 862 2857 ἐκ
887 2806 979 2859 τοῦ
1004 2810 1196 2876 φωτὸς,
1223 2811 1394 2878 οὕτως
1422 2819 1668 2884 γεννᾶται
1697 2823 1725 2874 ὁ
1750 2821 1873 2887 Υἱὸς
1917 2877 1920 2880 ,

319 2891 409 2942 καὶ
433 2893 601 2960 Λργος
621 2894 714 2947 τοῦ
738 2894 871 2948 Θεοῦ
894 2898 998 2952 ἀπὸ
1025 2900 1118 2953 τοῦ
1150 2903 1381 2975 Πατρός.

397 2982 584 3074 Ἐρώτ.
607 2993 688 3040 ιε’.
718 2987 828 3041 Kal
859 2988 918 3041 τὸ
945 2989 1096 3058 ἅγιον
1124 2995 1344 3066 Πνεῦμα
1372 2999 1488 3064 πῶς
1516 3003 1870 3074 ἐκπορεύεται

316 3072 416 3126 ἀπὸ
454 3077 544 3129 τοῦ
582 3079 794 3152 Πατρός
815 3100 830 3149 ;

393 3167 579 3260 '17:“.
605 3171 810 3241 Πρέπει
846 3192 904 3228 σε
928 3178 1168 3252 καὶπερὶ
1197 3183 1386 3238 τούτου
1412 3185 1485 3257 μὴ
1511 3188 1737 3260 ἐρωτᾷν.
1755 3193 1864 3246 Kal

317 3253 466 3352 τεῦτο
509 3257 619 3352 γάρ
648 3262 1067 3333 ἀνερμήνευτον.
1121 3271 1264 3342 Πλὴν
1310 3253 1552 3343 μάνθανε·
1589 3253 1680 3331 zal
1737 3283 1864 3352 περὶ

316 3344 519 3442 ⁴τούτου.
545 3351 754 3424 Ὠσπερ
777 3353 868 3409 οὖν
904 3359 936 3429 ἡ
967 3361 1208 3433 ἀναπνοὴ
1236 3364 1329 3417 τοῦ
1357 3365 1638 3437 ἀνθρώπου
1677 3372 1740 3424 ἐκ
1766 3344 1864 3442 της

315 3434 483 3508 ψυχῆς
523 3441 898 3514 ἐκπορεύεται,
938 3448 1109 3514 οὕτως
1142 3454 1234 3506 καὶ
1264 3454 1324 3507 τὸ
1356 3434 1578 3528 Πνεῦμα
1609 3460 1669 3513 τὸ
1714 3434 1864 3530 ἅγιον

314 3531 456 3600 παρὰ
499 3532 592 3584 τοῦ
634 3535 844 3608 Πατρὸς
876 3540 1247 3613 ἐκπορεύεται.
1285 3547 1394 3600 Kal
1427 3547 1502 3612 ὡς
1529 3553 1561 3620 ἡ
1593 3551 1702 3604 Εῦα
1741 3552 1862 3607 οὕτε

314 3623 536 3692 γεννητὴ
569 3622 691 3679 οὔτε
718 3628 1023 3701 ἀγέννητος,
1071 3633 1206 3688 ἀλλά
1255 3637 1450 3706 μέσως,
1493 3640 1662 3704 οὕτως
1684 3645 1776 3696 καὶ
1805 3646 1864 3697 τὸ

313 3708 460 3778 ἆγιον
495 3714 721 3786 Πνεῦμα
756 3721 904 3790 παρά
945 3722 1040 3775 τοῦ
1081 3725 1293 3796 Πατρὸς
1329 3729 1702 3800 ἐκπορεύεται.
1756 3735 1864 3787 Kal

314 3801 417 3896 γαρ
440 3803 484 3896 6-
509 3805 681 3876 ’Λδὰμ
710 3810 1020 3883 ἀγέννητος,
1052 3817 1081 3868 6
1112 3817 1168 3870 δὲ
1213 3819 1320 3888 Σὴθ
1368 3823 1654 3892 γεννητὸς,
1708 3826 1801 3878 καὶ
1827 3829 1859 3896 ή

313 3887 422 3983 Elia
466 3893 797 3983 ἐκπορευτή.
843 3899 905 3953 Ἠ
955 3902 1062 3974 γὰρ
1109 3904 1222 3958 Εὕα
1273 3887 1394 3961 οὔτε
1443 3887 1738 3983 ἐγεννήθη,
1788 3887 1862 3979 ὼς

314 3979 566 4072 ἐγεννήθη
596 3985 625 4036 6
647 3985 775 4057 Σὴθ,
798 3987 920 4043 οὔτε
951 3991 1243 4065 ἀγέννητος
1268 3992 1358 4068 ἦν,
1385 3998 1571 4071 ὥσπερ
1662 3979 1828 4072 ’Λδάμ
1845 4021 1860 4034 ο

454 4075 722 4149 ἐπορεύθη
758 4080 822 4133 ἐκ
857 4083 955 4152 τῆς
985 4083 1221 4156 πλευρᾶς
1247 4089 1342 4141 τοῦ
1377 4069 1567 4161 Ἀδάμ.
1597 4094 1705 4146 Kal
1835 4095 1864 4148 6

329 4157 492 4254 ξΛὸάμ
524 4166 816 4254 ἀγέννητος
859 4175 938 4236 εἰς
961 4175 1127 4229 τύπον
1163 4177 1255 4230 τοῦ
1298 4157 1592 4252 ἀγεννήτου
1623 4157 1860 4254 Πατρόςο

313 4249 342 4301 6
365 4251 420 4303 δὲ
450 4253 557 4326 Σὴθ
585 4259 843 4329 γεννητὸς
864 4263 942 4326 εἰς
973 4263 1140 4321 τύπον
1168 4268 1260 4321 τοῦ
1288 4249 1542 4342 γεννητοῦ
1576 4249 1752 4327 Υἰοῦοῖ
1773 4277 1866 4329 xal

312 4342 500 4434 q‘Eﬁa
552 4348 854 4421 ἐκπορευτὴ
901 4353 966 4406 ἐκ
1011 4355 1109 4425 τῆς
1146 4357 1382 4430 πλευρᾶς
1424 4359 1518 4414 τοῦ
1580 4363 1749 4434 ’Λὸἁμ
1787 4366 1864 4429 εἰς

1977 544 2188 598 emittit.

2046 633 2262 698 Quasr.
2317 635 2455 689 Xlli.
2501 635 2558 690 ln
2602 645 2791 693 sancta
2837 649 3018 694 autem
3066 639 3355 710 Trinitate,
3409 652 3532 717 quis

1977 724 2210 793 primus?

2047 812 2207 868 Resp.
2247 815 2305 868 in
2339 825 2526 870 sancta
2550 816 2816 873 Trinitate
2846 834 3006 875 nemo
3029 822 3258 890 primus,
3286 834 3337 878 et
3368 841 3529 880 nemo

1979 913 2282 974 postremus
2330 925 2344 960 :
2393 907 2487 960 sed
2523 907 2680 960 simul
2715 908 2890 976 Pater,
2935 911 3097 966 simul
3135 913 3324 977 Filius.
3365 915 3526 970 simul

1979 995 2210 1063 Spiritus
2261 1004 2532 1052 sanctus:
2583 1005 2639 1050 et
2685 997 2805 1054 ideo
2839 1001 3001 1055 etiam
3052 1004 3527 1075 s1mul,principio

1975 1094 2223 1139 carentes
2256 1085 2530 1151 dicuntur,
2566 1097 2621 1142 et
2660 1089 2796 1143 initii
2833 1100 3102 1160 expertes.
3132 1091 3388 1164 Principii
3433 1112 3527 1150 ex-

1980 1190 2103 1244 pers
2171 1182 2349 1229 autem
2406 1177 2627 1240 dicitur,
2677 1177 2822 1246 quod
2879 1186 3003 1233 ante
3052 1182 3376 1251 principium
3421 1192 3524 1238 est.

1978 1263 2246 1332 Principio
2293 1280 2421 1336 ergo
2457 1273 2608 1320 caret
2652 1265 2829 1330 Pater,
2859 1269 3124 1338 principio
3161 1279 3308 1324 caret
3333 1269 3522 1334 Filius,

1975 1354 2240 1423 principio
2272 1366 2419 1412 caret
2450 1354 2686 1426 Spiritus
2712 1365 2951 1413 sanctus.
2977 1359 3151 1428 Atque
3179 1361 3250 1414 ita
3279 1377 3376 1416 nec
3409 1363 3522 1430 pri-

1973 1461 2116 1507 mus,
2152 1461 2251 1501 nec
2274 1448 2517 1510 ultimus,
2561 1447 2654 1502 sed
2691 1448 2850 1502 simul
2886 1456 3018 1514 tres,
3059 1449 3237 1515 Pater,
3275 1451 3444 1509 Filius
3471 1462 3527 1508 et

1977 1533 2212 1603 Spiritus
2236 1545 2477 1591 sanctus.
2503 1535 2864 1602 Quamobrem
2901 1542 3065 1594 etiam
3089 1541 3246 1594 simul
3275 1542 3526 1611 principii

1973 1633 2216 1694 expertes
2243 1633 2297 1679 et
2319 1635 2443 1681 sunt
2460 1636 2513 1682 et
2535 1628 2804 1683 dicuntur.

2050 1717 2276 1782 Qumsr.
2321 1715 2461 1772 XIV.
2511 1717 2736 1774 Declara
2786 1720 2942 1776 nobis
2991 1727 3045 1776 et
3093 1722 3229 1785 hoc,
3259 1720 3528 1791 quomodo

1910 1787 1948 1840 Β
1976 1805 2144 1862 Filius
2167 1815 2220 1862 et
2241 1806 2474 1864 Verbum
2500 1809 2592 1866 Dei
2617 1811 2867 1882 gignatur
2887 1826 2917 1866 a
2939 1809 3098 1868 Patre
3129 1833 3141 1867 :
3175 1812 3226 1867 id
3251 1787 3392 1868 enim
3427 1827 3528 1871 nos

1977 1898 2355 1968 obstupefacit.

2046 1987 2204 2056 Resr.
2241 1987 2378 2054 Quia
2399 1987 2540 2044 Deus
2571 1990 2844 2046 intellectu
2891 2006 2998 2046 non
3046 1994 3276 2078 capigir,
3305 2009 3404 2048 nec
3433 2008 3528 2048 ex-

1977 2081 2227 2151 plicatur,
2274 2096 2450 2148 neque
2492 2081 2593 2136 lioc
2635 2097 2926 2152 possumus
2970 2086 3337 2154 interpretari.
3381 2087 3527 2152 Quo-

1976 2168 2134 2223 modo
2157 2169 2300 2224 enim
2322 2171 2444 2238 quis
2473 2183 2724 2241 exponat,
2750 2173 2892 2242 quod
2917 2190 3190 2244 nunquam
3229 2175 3342 2245 ipse
3367 2175 3524 2240 vidit,

1974 2267 2067 2312 aut
2103 2259 2172 2314 ab
2210 2261 2317 2316 alio
2357 2262 2538 2332 aliquo
2583 2263 2824 2319 audivit?
2871 2265 3122 2319 Attamen
3168 2282 3230 2321 ex
3273 2267 3530 2334 operibus

1975 2349 2112 2416 ejus,
2149 2365 2340 2420 nempe
2360 2347 2521 2406 Verbi
2545 2360 2597 2406 et
2626 2350 2742 2415 Dei,
2771 2352 2996 2423 ﬁgurate
3015 2353 3320 2423 loquamur,
3347 2355 3526 2424 quoad

1973 2441 2091 2509 ejus
2117 2441 2230 2496 ﬁeri
2259 2450 2459 2512 potest.
2491 2441 2851 2512 Cogitandum
2877 2446 3042 2507 enim,
3075 2445 3242 2514 quod,
3266 2445 3528 2514 quemad-

1974 2533 2192 2586 modum
2233 2548 2414 2588 sermo
2454 2533 2692 2590 bominis
2737 2543 3026 2604 generatur
3070 2536 3138 2589 ab
3178 2536 3357 2589 anima
3406 2536 3526 2592 sine

1974 2624 2198 2684 semine.
2223 2632 2274 2678 et
2299 2639 2462 2693 supra
2501 2639 2714 2678 omnem
2755 2625 3128 2691 intellectum;
3174 2625 3245 2678 ita
3286 2625 3524 2696 gignitur

1972 2725 2025 2770 et
2052 2713 2287 2770 Verbum
2315 2732 2344 2769 a
2365 2715 2542 2772 Patre.
2560 2715 2624 2769 Et
2646 2717 2787 2771 sicut
2816 2724 3105 2787 generatur
3131 2716 3270 2786 ignis
3291 2733 3357 2770 ex
3381 2719 3525 2787 igne,

1971 2816 2025 2862 et
2068 2807 2249 2862 lumen
2283 2823 2347 2862 ex
2394 2808 2598 2864 lumine
2623 2848 2638 2873 ,
2674 2809 2748 2863 ita
2788 2817 3076 2880 generatur
3105 2807 3276 2864 Filius
3304 2816 3357 2862 et
3387 2806 3497 2863 Ver

1974 2899 2098 2952 bum
2126 2898 2218 2953 Dei
2248 2915 2276 2952 a
2305 2898 2484 2954 Patre.

2043 2990 2202 3059 285
2233 2990 2450 3056 Qumsr.
2487 2989 2600 3044 XV.
2635 2990 2698 3045 Et
2722 2990 2959 3062 Spiritus
2991 2996 3233 3053 sanctus,
3253 2991 3524 3060 quomodo

1895 3117 1940 3175 Ο
1973 3083 2210 3175 procedit
2236 3097 2276 3175 ιλ-
2298 3080 2494 3135 Patre?

2043 3171 2206 3228 Rssr.
2234 3171 2417 3242 Neque
2465 3182 2516 3225 te
2569 3171 2636 3226 de
2670 3173 2770 3226 hac
2825 3189 2884 3228 re
2931 3187 3172 3244 quaerere
3225 3172 3396 3226 decet.
3431 3169 3525 3225 Est

1969 3263 2109 3317 enim
2133 3271 2185 3316 et
2207 3263 2310 3316 hoc
2347 3263 2740 3332 inexplicabile.
2775 3262 2931 3319 Disce
2979 3270 3158 3318 tamen
3206 3262 3309 3316 bac
3361 3261 3525 3315 etiam

1970 3355 2036 3408 de
2063 3370 2141 3409 re.
2177 3352 2635 3418 Quemadmodum
2668 3353 2833 3424 igitur
2870 3352 3154 3422 respiratio
3196 3350 3429 3404 hominis
3457 3362 3526 3401 ex

1970 3446 2147 3499 anima
2214 3444 2478 3514 procedit,
2522 3445 2596 3498 ita
2652 3451 2704 3498 et
2771 3443 3004 3512 Spiritus
3054 3449 3276 3495 sanctus
3305 3438 3523 3492 aPatre

1971 3536 2227 3605 procedit.
2258 3534 2325 3588 Et
2381 3537 2523 3590 sicut
2567 3533 2675 3588 Eva
2729 3549 2903 3603 neque
2931 3533 3131 3603 genita,
3163 3545 3336 3599 neque
3366 3529 3522 3597 inge-

1969 3634 2103 3689 nita,
2135 3625 2228 3680 sed
2269 3626 2443 3680 media
2475 3633 2620 3686 erat,
2663 3623 2735 3678 ita
2772 3625 2931 3678 etiam
2978 3621 3215 3691 Spiritus
3243 3626 3464 3674 sanctus
3489 3630 3521 3671 a

1970 3718 2127 3771 Patre
2166 3715 2428 3788 procedit.
2461 3715 2668 3770 Etenim
2710 3712 2879 3767 Adam
2912 3711 3204 3781 ingenitus,
3242 3708 3370 3761 Sctli
3394 3723 3521 3762 vero

1970 3811 2201 3880 genitus,
2241 3817 2294 3864 et
2356 3806 2464 3860 Eva
2513 3805 2830 3875 procedens.
2878 3802 2988 3858 Eva
3029 3802 3173 3856 enim
3223 3814 3398 3868 neque
3429 3814 3521 3868 ge-

1969 3899 2080 3952 nita
2103 3907 2206 3961 est,
2233 3906 2291 3952 ut
2330 3901 2542 3968 genitus
2587 3903 2670 3951 est
2702 3892 2853 3960 Seth,
2896 3909 3068 3964 neque
3114 3891 3350 3962 ingenita
3379 3897 3518 3953 erat,

1968 3989 2418 4060 quemadmodum
2471 3987 2670 4052 Adam;
2705 3985 2800 4041 sed
2857 3999 3074 4057 egressa
3118 3991 3200 4038 est
3256 3997 3320 4035 ex
3369 3991 3519 4035 costa

1968 4081 2179 4138 Adami.
2212 4081 2278 4134 Et
2311 4081 2389 4135 sic
2425 4079 2593 4134 Adam
2623 4078 2913 4149 ingenitus,
2950 4085 3106 4148 typus
3153 4081 3268 4128 erat
3297 4071 3520 4140 ingeniti

1969 4173 2142 4227 Patris
2167 4191 2178 4226 :
2200 4171 2328 4226 Selii
2362 4173 2602 4241 genitus,
2638 4178 2720 4225 est
2742 4177 2904 4241 typus
2926 4166 3088 4238 geniti
3112 4163 3262 4229 Filii;
3301 4170 3356 4219 et
3389 4161 3520 4226 Eva,

1969 4283 2186 4336 egressa
2203 4283 2233 4322 e
2253 4276 2403 4322 costa
2425 4265 2636 4331 Adami,
2654 4275 2737 4321 est
2767 4275 2926 4337 typus
2961 4263 3290 4321 sanctissimi
3347 4259 3520 4331 Spiri-

1971 4369 2080 4418 tus.
2113 4360 2214 4414 Per
2237 4370 2420 4430 patres
2442 4361 2584 4416 enim
2615 4369 2834 4416 nostros
2878 4357 3195 4412 adumbrata
3246 4353 3347 4407 fuit
3394 4367 3522 4407 san-

313 4431 477 4487 τύπον
503 4436 597 4489 τοῦ
638 4441 902 4508 παναγίου
938 4444 1270 4514 Πνεύματος.
1303 4450 1396 4513 Εἰς
1435 4449 1541 4524 γὰρ
1578 4431 1866 4526 τοὺςνπρο-

1971 4460 2055 4504 cta
2111 4448 2370 4504 Trinitas.
2396 4449 2502 4504 Sed
2555 4449 2727 4504 Adam
2786 4449 3004 4517 quidem
3060 4456 3116 4500 et
3162 4443 3290 4498 Seth
3321 4449 3374 4496 et
3409 4439 3519 4492 Eva

315 4523 552 4618 πάτρρας
581 4528 741 4598 ἡμῶν
781 4532 1032 4606 ἐτυπώθη
1067 4537 1100 4606 ή
1141 4538 1269 4605 ἁγία
1301 4541 1486 4613 Τριάς.
1515 4523 1663 4598 Ἄλλ⁹
1704 4546 1733 4598 6
1768 4523 1864 4618 ps;

299 4613 507 4685 .‘ABapt,
538 4619 632 4670 καὶ
668 4619 698 4671 6
727 4620 858 4692 Σὴθ,
906 4624 1000 4677 καὶ
1045 4627 1078 4695 ἡ
1119 4625 1232 4680 Εὔα
1283 4628 1506 4700 σώματα
1552 4629 1724 4703 ἦσαν,
1770 4613 1867 4688 καὶ

313 4710 567 4797 χωριστοὶ
599 4705 739 4780 ἦσαν
762 4714 856 4767 ἀπ’
882 4715 1124 4788 ἀλλήλων
1141 4734 1155 4748 ⁸
1183 4721 1210 4772 6
1232 4719 1288 4772 δὲ
1319 4721 1449 4786 Θεὸς
1474 4725 1564 4777 καὶ
1601 4725 1809 4797 Πατὴρ,
1837 4729 1866 4780 6

316 4794 456 4861 Υἱὸς,
492 4800 587 4854 καὶ
613 4802 674 4855 τὸ
701 4803 853 4872 ἆγιον
875 4806 1114 4877 Πνεῦμα,
1147 4807 1269 4862 οὔτε
1299 4809 1525 4881 σώματά
1555 4817 1709 4879 εἰσιν,
1741 4794 1867 4867 οὔτε

315 4893 566 4962 χωριστοί
607 4897 744 4950 εἰσιν
791 4898 885 4951 ἀπ’
921 4899 1184 4970 ἀλλήλων.
1218 4903 1391 4966 Μόνος
1421 4904 1476 4956 δὲ
1514 4906 1542 4958 6
1566 4905 1733 4968 τύπος
1771 4905 1869 4976 τῆς

315 4981 639 5057 ἁγεννησίας
660 4988 754 5042 τοῦ
782 4991 994 5062 Πατρὸς
1017 4993 1298 5064 θεωρεῖται
1323 4997 1402 5058 εἰς
1439 4996 1530 5050 τὸν
1576 4997 1868 5066 ἀγέννητον

345 5074 516 5148 Αδάμ,
552 5079 646 5131 καὶ
675 5080 704 5130 6
727 5079 896 5144 τύπος
925 5082 1024 5152 τῆς
1051 5085 1354 5155 γεννήσεως
1380 5086 1472 5140 τοῦ
1508 5088 1636 5140 Υἱοῦ
1672 5090 1750 5151 εἰς
1778 5088 1870 5140 τὸν

1972 4555 2200 4611 corpora
2223 4549 2398 4602 erant,
2444 4550 2499 4595 et
2538 4539 2869 4610 separabiles
2906 4539 3046 4592 inter
3079 4551 3138 4590 se
3173 4552 3188 4588 :
3221 4533 3361 4588 Deus
3393 4546 3522 4586 vero

1969 4639 2023 4686 et
2052 4629 2229 4694 Pater,
2255 4642 2307 4686 et
2340 4629 2530 4694 Filius,
2555 4637 2608 4684 et
2640 4629 2873 4699 Spiritus
2903 4634 3144 4684 sanctus.
3187 4637 3362 4692 neque
3400 4635 3524 4675 cor-

1973 4735 2104 4789 pora
2145 4728 2293 4783 sunt,
2330 4735 2505 4790 neque
2556 4719 2887 4788 scparabiles
2924 4732 2955 4770 a
3002 4731 3061 4770 se
3097 4713 3351 4768 invicem.
3392 4708 3520 4762 Sola

1971 4809 2114 4864 enim
2146 4809 2314 4878 ﬁgura
2369 4809 2592 4880 ingeniti
2638 4808 2814 4862 Patris
2869 4815 3144 4876 spectatur
3173 4805 3228 4857 in
3282 4801 3520 4869 ingenito

1972 4899 2165 4964 Adam,
2189 4910 2241 4954 et
2291 4902 2461 4971 ligura
2501 4901 2864 4971 generationis
2902 4899 3023 4953 Filii
3061 4899 3116 4951 in
3151 4896 3332 4967 genito
3366 4893 3516 4957 Seth,

1972 4999 2028 5044 et
2066 4991 2236 5060 ﬁgura
2281 4991 2645 5060 processionis
2673 4989 2909 5061 Spiritus
2949 4990 3125 5044 sancti
3159 4995 3436 5057 spectatur
3466 4987 3520 5038 in

1974 5083 2083 5135 Eva
2113 5081 2453 5150 procedente.
2480 5079 2664 5150 Itaque
2689 5081 2767 5136 sic
2793 5081 2893 5134 hac
2920 5081 2986 5134 de
3006 5095 3065 5134 re
3094 5077 3318 5132 sentias.

319 5169 562 5238 γεννητὸν
599 5166 728 5238 Σὴθ,
792 5169 886 5234 καὶ
930 5171 958 5221 6
1000 5169 1168 5234 τύπος
1218 5173 1316 5243 τῆς
1347 5175 1716 5246 ἐκπορεύσεως
1765 5176 1859 5229 τοῦ
1891 5178 2042 5244 ἁγίου
2090 5174 2400 5245 Πνεύματος
2421 5174 2697 5244 θεωρεῖται
2721 5175 2800 5235 εἰς
2855 5170 2949 5241 τὴν
2977 5167 3308 5240 ἐκπορευτὴν
3357 5163 3520 5218 Εὕαν-

319 5261 422 5314 Kal
446 5260 619 5323 οὕτως
644 5260 753 5315 νόει
782 5261 874 5314 καὶ
900 5263 1024 5334 περὶ
1048 5264 1255 5322 τούτου.

372 5351 668 5423 Ἐρώτησις
687 5349 930 5426 ις’ῘΑρα
943 5361 1195 5426 χωρεῖται
1210 5361 1238 5410 ὁ
1248 5359 1379 5422 Θεὸς
1395 5361 1450 5413 ἐν
1461 5360 1539 5412 ἐνὶ
1553 5361 1720 5433 τόπῳ,
1739 5363 1770 5432 ἢ
1786 5361 1868 5425 οὖ;

377 5443 565 5500 ’Λπόκ.
621 5445 864 5517 Πρόσθες
912 5449 1000 5500 τὸν
1037 5449 1159 5502 νοῦν
1206 5467 1319 5514 σου,
1355 5453 1444 5503 καὶ
1475 5453 1682 5522 νόησον,
1715 5456 1794 5506 ὃτι
1841 5457 1868 5507 6

315 5529 440 5600 Θεὸς
494 5537 612 5604 φῶς
658 5538 808 5589 ἐστιν
859 5537 1166 5609 ἀθεώρητον
1227 5543 1320 5595 καὶ
1369 5542 1680 5612 ἁχώρητονο
1742 5543 1864 5596 οὕτε

315 5623 595 5698 θεωρεῖται
624 5631 652 5682 6
681 5629 836 5694 Θεὸς,
870 5630 988 5684 οὔτε
1021 5633 1276 5702 χωρεῖταξ
1327 5650 1448 5686 που.
1486 5633 1594 5686 Καὶ
1643 5634 1764 5688 ἐπεὶ
1803 5637 1863 5687 ού

319 5723 562 5791 χωρείται
600 5721 681 5784 εἰς
728 5720 786 5773 τὸ
819 5723 958 5786 πᾶν,
1002 5723 1115 5786 πῶς
1169 5722 1246 5776 ἔνι
1287 5721 1506 5776 δυνατὸν
1551 5723 1778 5791 φανῆναι
1833 5723 1864 5791 ἦ

2048 5359 2421 5424 Quasnxw.
2438 5357 2518 5412 An
2541 5357 2851 5412 continetur
2872 5355 3012 5410 Deus
3039 5368 3148 5408 uno
3173 5351 3526 5412 loco.necne?

2045 5448 2204 5503 fissa.
2239 5450 2470 5502 Adverte
2500 5448 2758 5508 animum,
2784 5453 2837 5499 et
2885 5444 3151 5514 perpende
3197 5442 3342 5511 quod
3383 5439 3522 5494 Deus

1971 5539 2063 5593 lux
2100 5541 2170 5593 sit
2200 5539 2488 5593 invisibilis
2527 5545 2580 5592 et
2625 5533 3208 5604 incomprehensibilis,
3244 5545 3416 5600 neque
3445 5530 3523 5582 vi-

1975 5629 2186 5692 deatur,
2220 5646 2394 5698 neque
2419 5628 2664 5696 capiatur
2694 5627 2832 5679 loco.
2861 5625 2924 5678 Et
2947 5624 3202 5694 quoniam
3245 5637 3351 5675 non
3375 5620 3518 5688 capi-

1974 5731 2062 5778 tur
2090 5724 2140 5776 in
2173 5730 2305 5786 tuto,
2337 5720 2606 5789 quomodo
2657 5726 2837 5788 posset
2869 5717 3002 5780 ﬁeri,
3037 5726 3096 5771 ut
3137 5713 3410 5768 videretur
3432 5721 3502 5769 an
