  <div class='ocr_page' id='page_1' title='image "/cluster/home/n/w/nwhite01/storage/ocr_20150623/28/hvd.32044019207737/399.png"; bbox 0 0 4050 6396; ppageno 0'>
   <div class='ocr_carea' id='block_1_1' title="bbox 482 321 590 378">
    <p class='ocr_par' dir='ltr' id='par_1_1' title="bbox 482 321 590 378">
     <span class='ocr_line' id='line_1_1' title="bbox 482 321 590 378; baseline -0.009 0"><span class='ocrx_word' id='word_1_1' title='bbox 482 321 590 378; x_wconf 83' lang='grc'><strong>787</strong></span> 
     </span>
    </p>
   </div>
   <div class='ocr_carea' id='block_1_2' title="bbox 1648 302 2578 366">
    <p class='ocr_par' dir='ltr' id='par_1_2' title="bbox 1648 302 2578 366">
     <span class='ocr_line' id='line_1_2' title="bbox 1648 302 2578 366; baseline -0.005 0"><span class='ocrx_word' id='word_1_2' title='bbox 1648 310 1707 366; x_wconf 84' lang='lat' dir='ltr'><strong>S.</strong></span> <span class='ocrx_word' id='word_1_3' title='bbox 1746 304 2210 363; x_wconf 73' lang='lat' dir='ltr'><strong>ATHANASIUS.</strong></span> <span class='ocrx_word' id='word_1_4' title='bbox 2246 334 2321 345; x_wconf 90' lang='lat'>—</span> <span class='ocrx_word' id='word_1_5' title='bbox 2354 302 2578 361; x_wconf 78' lang='lat' dir='ltr'><strong>DUDIA.</strong></span> 
     </span>
    </p>
   </div>
   <div class='ocr_carea' id='block_1_3' title="bbox 3624 296 3729 354">
    <p class='ocr_par' dir='ltr' id='par_1_3' title="bbox 3624 296 3729 354">
     <span class='ocr_line' id='line_1_3' title="bbox 3624 296 3729 354; baseline 0.029 -3"><span class='ocrx_word' id='word_1_6' title='bbox 3624 296 3729 354; x_wconf 77' lang='grc'>788</span> 
     </span>
    </p>
   </div>
   <div class='ocr_carea' id='block_1_4' title="bbox 485 413 2059 514">
    <p class='ocr_par' dir='ltr' id='par_1_4' title="bbox 485 431 2056 514">
     <span class='ocr_line' id='line_1_4' title="bbox 485 431 2056 514; baseline -0.006 -17"><span class='ocrx_word' id='word_1_7' title='bbox 485 442 885 514; x_wconf 79' lang='lat' dir='ltr'><strong>inteiligeretur</strong></span> <span class='ocrx_word' id='word_1_8' title='bbox 910 437 1279 511; x_wconf 74' lang='lat' dir='ltr'><strong>quibusdam?</strong></span> <span class='ocrx_word' id='word_1_9' title='bbox 1299 436 1473 507; x_wconf 83' lang='lat' dir='ltr'><strong>Cujus</strong></span> <span class='ocrx_word' id='word_1_10' title='bbox 1517 447 1699 502; x_wconf 77' lang='lat' dir='ltr'><strong>neque</strong></span> <span class='ocrx_word' id='word_1_11' title='bbox 1736 431 1934 493; x_wconf 63' lang='lat' dir='ltr'><strong>hloses,</strong></span> <span class='ocrx_word' id='word_1_12' title='bbox 1960 434 2056 502; x_wconf 81' lang='lat' dir='ltr'><strong>qui</strong></span> 
     </span>
    </p>
   </div>
   <div class='ocr_carea' id='block_1_5' title="bbox 2160 413 3724 514">
    <p class='ocr_par' dir='ltr' id='par_1_5' title="bbox 2160 413 3724 498">
     <span class='ocr_line' id='line_1_5' title="bbox 2160 413 3724 498; baseline -0.01 -17"><span class='ocrx_word' id='word_1_13' title='bbox 2160 426 2420 498; x_wconf 68' lang='grc' dir='ltr'><strong>νοηθῆναι</strong></span> <span class='ocrx_word' id='word_1_14' title='bbox 2464 439 2641 486; x_wconf 77' lang='grc' dir='ltr'><strong>τισινς</strong></span> <span class='ocrx_word' id='word_1_15' title='bbox 2695 414 2922 483; x_wconf 69' lang='grc' dir='ltr'><strong>Οὖτινος</strong></span> <span class='ocrx_word' id='word_1_16' title='bbox 2960 418 3081 472; x_wconf 69' lang='grc' dir='ltr'><strong>οὐδὲ</strong></span> <span class='ocrx_word' id='word_1_17' title='bbox 3130 415 3335 486; x_wconf 74' lang='grc' dir='ltr'><strong>Μωσῆς</strong></span> <span class='ocrx_word' id='word_1_18' title='bbox 3376 413 3724 479; x_wconf 73' lang='grc' dir='ltr'><strong>όθεᾶκτης,</strong></span> 
     </span>
    </p>
   </div>
   <div class='ocr_carea' id='block_1_6' title="bbox 486 525 2054 601">
    <p class='ocr_par' dir='ltr' id='par_1_6' title="bbox 486 525 2054 601">
     <span class='ocr_line' id='line_1_6' title="bbox 486 525 2054 601; baseline -0.007 -11"><span class='ocrx_word' id='word_1_19' title='bbox 486 534 659 590; x_wconf 86' lang='lat' dir='ltr'><strong>Deum</strong></span> <span class='ocrx_word' id='word_1_20' title='bbox 714 534 884 597; x_wconf 82' lang='lat' dir='ltr'><strong>vidit,</strong></span> <span class='ocrx_word' id='word_1_21' title='bbox 940 546 1119 601; x_wconf 84' lang='lat' dir='ltr'><strong>neque</strong></span> <span class='ocrx_word' id='word_1_22' title='bbox 1181 530 1439 599; x_wconf 84' lang='lat' dir='ltr'><strong>discipuli</strong></span> <span class='ocrx_word' id='word_1_23' title='bbox 1510 525 1672 581; x_wconf 76' lang='lat' dir='ltr'><strong>Verbi</strong></span> <span class='ocrx_word' id='word_1_24' title='bbox 1729 525 1938 594; x_wconf 88' lang='lat' dir='ltr'><strong>ipsius,</strong></span> <span class='ocrx_word' id='word_1_25' title='bbox 1996 527 2054 579; x_wconf 92' lang='lat' dir='ltr'><strong>in</strong></span> 
     </span>
    </p>
   </div>
   <div class='ocr_carea' id='block_1_7' title="bbox 486 615 2055 695">
    <p class='ocr_par' dir='ltr' id='par_1_7' title="bbox 486 615 2055 695">
     <span class='ocr_line' id='line_1_7' title="bbox 486 615 2055 695; baseline -0.009 -12"><span class='ocrx_word' id='word_1_26' title='bbox 486 636 674 682; x_wconf 72' lang='lat' dir='ltr'><strong>monte</strong></span> <span class='ocrx_word' id='word_1_27' title='bbox 719 623 1222 695; x_wconf 86' lang='lat' dir='ltr'><strong>transﬁgurationis</strong></span> <span class='ocrx_word' id='word_1_28' title='bbox 1276 622 1451 687; x_wconf 88' lang='lat' dir='ltr'><strong>illius,</strong></span> <span class='ocrx_word' id='word_1_29' title='bbox 1479 633 1660 688; x_wconf 85' lang='lat' dir='ltr'><strong>neque</strong></span> <span class='ocrx_word' id='word_1_30' title='bbox 1706 618 1849 671; x_wconf 89' lang='lat' dir='ltr'><strong>alius</strong></span> <span class='ocrx_word' id='word_1_31' title='bbox 1896 615 2055 686; x_wconf 83' lang='lat' dir='ltr'><strong>quis-</strong></span> 
     </span>
    </p>
   </div>
   <div class='ocr_carea' id='block_1_8' title="bbox 484 708 2056 789">
    <p class='ocr_par' dir='ltr' id='par_1_8' title="bbox 484 708 2056 789">
     <span class='ocr_line' id='line_1_8' title="bbox 484 708 2056 789; baseline -0.01 -16"><span class='ocrx_word' id='word_1_32' title='bbox 484 733 649 789; x_wconf 72' lang='lat' dir='ltr'><strong>quam</strong></span> <span class='ocrx_word' id='word_1_33' title='bbox 679 733 919 787; x_wconf 82' lang='lat' dir='ltr'><strong>unquam</strong></span> <span class='ocrx_word' id='word_1_34' title='bbox 967 715 1223 770; x_wconf 76' lang='lat' dir='ltr'><strong>deitatem</strong></span> <span class='ocrx_word' id='word_1_35' title='bbox 1276 713 1477 768; x_wconf 90' lang='lat' dir='ltr'><strong>nudam</strong></span> <span class='ocrx_word' id='word_1_36' title='bbox 1522 711 1710 765; x_wconf 85' lang='lat' dir='ltr'><strong>videre</strong></span> <span class='ocrx_word' id='word_1_37' title='bbox 1760 708 2056 779; x_wconf 89' lang='lat' dir='ltr'><strong>potuit;ut</strong></span> 
     </span>
    </p>
   </div>
   <div class='ocr_carea' id='block_1_9' title="bbox 483 799 2056 878">
    <p class='ocr_par' dir='ltr' id='par_1_9' title="bbox 483 799 2056 878">
     <span class='ocr_line' id='line_1_9' title="bbox 483 799 2056 878; baseline -0.008 -14"><span class='ocrx_word' id='word_1_38' title='bbox 483 813 693 865; x_wconf 85' lang='lat' dir='ltr'><strong>clarum</strong></span> <span class='ocrx_word' id='word_1_39' title='bbox 719 809 814 872; x_wconf 89' lang='lat' dir='ltr'><strong>sit,</strong></span> <span class='ocrx_word' id='word_1_40' title='bbox 842 808 990 878; x_wconf 81' lang='lat' dir='ltr'><strong>quod</strong></span> <span class='ocrx_word' id='word_1_41' title='bbox 1014 808 1166 861; x_wconf 92' lang='lat' dir='ltr'><strong>nullo</strong></span> <span class='ocrx_word' id='word_1_42' title='bbox 1187 806 1311 860; x_wconf 92' lang='lat' dir='ltr'><strong>loco</strong></span> <span class='ocrx_word' id='word_1_43' title='bbox 1337 805 1607 873; x_wconf 77' lang='lat' dir='ltr'><strong>capiatur,</strong></span> <span class='ocrx_word' id='word_1_44' title='bbox 1631 800 1727 857; x_wconf 89' lang='lat' dir='ltr'><strong>sed</strong></span> <span class='ocrx_word' id='word_1_45' title='bbox 1750 800 1955 871; x_wconf 86' lang='lat' dir='ltr'><strong>ubique</strong></span> <span class='ocrx_word' id='word_1_46' title='bbox 1982 799 2056 853; x_wconf 86' lang='lat' dir='ltr'><strong>sit</strong></span> 
     </span>
    </p>
   </div>
   <div class='ocr_carea' id='block_1_10' title="bbox 448 890 2049 991">
    <p class='ocr_par' dir='ltr' id='par_1_10' title="bbox 448 890 2049 991">
     <span class='ocr_line' id='line_1_10' title="bbox 448 890 2049 991; baseline -0.01 -32"><span class='ocrx_word' id='word_1_47' title='bbox 448 903 645 991; x_wconf 56' lang='lat' dir='ltr'><strong>1Deus.</strong></span> <span class='ocrx_word' id='word_1_48' title='bbox 680 901 749 954; x_wconf 83' lang='lat' dir='ltr'><strong>Et</strong></span> <span class='ocrx_word' id='word_1_49' title='bbox 781 901 897 955; x_wconf 70' lang='lat' dir='ltr'><strong>haec</strong></span> <span class='ocrx_word' id='word_1_50' title='bbox 914 900 1135 971; x_wconf 83' lang='lat' dir='ltr'><strong>quidem</strong></span> <span class='ocrx_word' id='word_1_51' title='bbox 1158 898 1229 953; x_wconf 87' lang='lat' dir='ltr'><strong>de</strong></span> <span class='ocrx_word' id='word_1_52' title='bbox 1242 896 1515 967; x_wconf 80' lang='lat' dir='ltr'><strong>theologia</strong></span> <span class='ocrx_word' id='word_1_53' title='bbox 1540 895 1667 965; x_wconf 90' lang='lat' dir='ltr'><strong>(hoc</strong></span> <span class='ocrx_word' id='word_1_54' title='bbox 1695 902 1781 949; x_wconf 90' lang='lat' dir='ltr'><strong>est</strong></span> <span class='ocrx_word' id='word_1_55' title='bbox 1807 892 1877 948; x_wconf 91' lang='lat' dir='ltr'><strong>de</strong></span> 
     </span>
    </p>
   </div>
   <div class='ocr_carea' id='block_1_11' title="bbox 483 981 2056 1062">
    <p class='ocr_par' dir='ltr' id='par_1_11' title="bbox 483 981 2056 1062">
     <span class='ocr_line' id='line_1_11' title="bbox 483 981 2056 1062; baseline -0.008 -14"><span class='ocrx_word' id='word_1_56' title='bbox 483 994 640 1048; x_wconf 76' lang='lat' dir='ltr'><strong>Nunc</strong></span> <span class='ocrx_word' id='word_1_57' title='bbox 665 994 849 1048; x_wconf 78' lang='lat' dir='ltr'><strong>dicere</strong></span> <span class='ocrx_word' id='word_1_58' title='bbox 883 991 1208 1062; x_wconf 81' lang='lat' dir='ltr'><strong>incipiemus</strong></span> <span class='ocrx_word' id='word_1_59' title='bbox 1265 990 1335 1045; x_wconf 89' lang='lat' dir='ltr'><strong>de</strong></span> <span class='ocrx_word' id='word_1_60' title='bbox 1376 990 1499 1058; x_wconf 79' lang='lat' dir='ltr'><strong>ejus</strong></span> <span class='ocrx_word' id='word_1_61' title='bbox 1541 986 1869 1048; x_wconf 74' lang='lat' dir='ltr'><strong>(economia,</strong></span> <span class='ocrx_word' id='word_1_62' title='bbox 1903 981 2056 1039; x_wconf 84' lang='lat' dir='ltr'><strong>scili-</strong></span> 
     </span>
    </p>
   </div>
   <div class='ocr_carea' id='block_1_12' title="bbox 480 1078 1648 1142">
    <p class='ocr_par' dir='ltr' id='par_1_12' title="bbox 480 1078 1648 1142">
     <span class='ocr_line' id='line_1_12' title="bbox 480 1078 1648 1142; baseline -0.009 0"><span class='ocrx_word' id='word_1_63' title='bbox 480 1095 567 1142; x_wconf 85' lang='lat' dir='ltr'><strong>cet</strong></span> <span class='ocrx_word' id='word_1_64' title='bbox 591 1086 662 1142; x_wconf 85' lang='lat' dir='ltr'><strong>de</strong></span> <span class='ocrx_word' id='word_1_65' title='bbox 692 1085 1075 1140; x_wconf 81' lang='lat' dir='ltr'><strong>incarnatione</strong></span> <span class='ocrx_word' id='word_1_66' title='bbox 1103 1082 1226 1139; x_wconf 84' lang='lat' dir='ltr'><strong>Filii</strong></span> <span class='ocrx_word' id='word_1_67' title='bbox 1258 1090 1315 1139; x_wconf 84' lang='lat' dir='ltr'><strong>et</strong></span> <span class='ocrx_word' id='word_1_68' title='bbox 1338 1080 1501 1136; x_wconf 71' lang='lat' dir='ltr'><strong>Verbi</strong></span> <span class='ocrx_word' id='word_1_69' title='bbox 1530 1078 1648 1134; x_wconf 85' lang='lat' dir='ltr'><strong>Dei.</strong></span> 
     </span>
    </p>
   </div>
   <div class='ocr_carea' id='block_1_13' title="bbox 550 1172 2053 1247">
    <p class='ocr_par' dir='ltr' id='par_1_13' title="bbox 550 1172 2053 1247">
     <span class='ocr_line' id='line_1_13' title="bbox 550 1172 2053 1247; baseline -0.008 -13"><span class='ocrx_word' id='word_1_70' title='bbox 550 1178 776 1245; x_wconf 62' lang='lat' dir='ltr'><strong>Quam.</strong></span> <span class='ocrx_word' id='word_1_71' title='bbox 806 1176 972 1232; x_wconf 59' lang='lat' dir='ltr'><strong>XVII.</strong></span> <span class='ocrx_word' id='word_1_72' title='bbox 1004 1176 1145 1232; x_wconf 77' lang='lat' dir='ltr'><strong>Ecce</strong></span> <span class='ocrx_word' id='word_1_73' title='bbox 1169 1175 1530 1247; x_wconf 59' lang='lat' dir='ltr'><strong>quaestionem</strong></span> <span class='ocrx_word' id='word_1_74' title='bbox 1556 1172 1657 1227; x_wconf 88' lang='lat' dir='ltr'><strong>tibi</strong></span> <span class='ocrx_word' id='word_1_75' title='bbox 1689 1184 1959 1242; x_wconf 83' lang='lat' dir='ltr'><strong>propono,</strong></span> <span class='ocrx_word' id='word_1_76' title='bbox 1993 1177 2053 1223; x_wconf 91' lang='lat' dir='ltr'><strong>tu</strong></span> 
     </span>
    </p>
   </div>
   <div class='ocr_carea' id='block_1_14' title="bbox 479 1259 2056 1342">
    <p class='ocr_par' dir='ltr' id='par_1_14' title="bbox 479 1259 2056 1342">
     <span class='ocr_line' id='line_1_14' title="bbox 479 1259 2056 1342; baseline -0.009 -15"><span class='ocrx_word' id='word_1_77' title='bbox 479 1287 614 1327; x_wconf 76' lang='lat' dir='ltr'><strong>vero</strong></span> <span class='ocrx_word' id='word_1_78' title='bbox 641 1272 775 1327; x_wconf 90' lang='lat' dir='ltr'><strong>mihi</strong></span> <span class='ocrx_word' id='word_1_79' title='bbox 800 1270 1095 1342; x_wconf 85' lang='lat' dir='ltr'><strong>responde.</strong></span> <span class='ocrx_word' id='word_1_80' title='bbox 1126 1268 1372 1323; x_wconf 89' lang='lat' dir='ltr'><strong>Docuisti</strong></span> <span class='ocrx_word' id='word_1_81' title='bbox 1422 1282 1525 1322; x_wconf 89' lang='lat' dir='ltr'><strong>nos</strong></span> <span class='ocrx_word' id='word_1_82' title='bbox 1556 1266 1625 1321; x_wconf 92' lang='lat' dir='ltr'><strong>de</strong></span> <span class='ocrx_word' id='word_1_83' title='bbox 1649 1259 1842 1320; x_wconf 82' lang='lat' dir='ltr'><strong>sa&#39;ncta</strong></span> <span class='ocrx_word' id='word_1_84' title='bbox 1872 1260 2056 1316; x_wconf 74' lang='lat' dir='ltr'><strong>Trini-</strong></span> 
     </span>
    </p>
   </div>
   <div class='ocr_carea' id='block_1_15' title="bbox 481 1352 2056 1434">
    <p class='ocr_par' dir='ltr' id='par_1_15' title="bbox 481 1352 2056 1434">
     <span class='ocr_line' id='line_1_15' title="bbox 481 1352 2056 1434; baseline -0.009 -16"><span class='ocrx_word' id='word_1_85' title='bbox 481 1372 618 1429; x_wconf 88' lang='lat' dir='ltr'><strong>tate,</strong></span> <span class='ocrx_word' id='word_1_86' title='bbox 641 1364 788 1434; x_wconf 84' lang='lat' dir='ltr'><strong>quod</strong></span> <span class='ocrx_word' id='word_1_87' title='bbox 820 1364 970 1418; x_wconf 83' lang='lat' dir='ltr'><strong>Deus</strong></span> <span class='ocrx_word' id='word_1_88' title='bbox 997 1368 1215 1417; x_wconf 87' lang='lat' dir='ltr'><strong>constet</strong></span> <span class='ocrx_word' id='word_1_89' title='bbox 1242 1360 1422 1415; x_wconf 90' lang='lat' dir='ltr'><strong>tribus</strong></span> <span class='ocrx_word' id='word_1_90' title='bbox 1447 1356 1857 1430; x_wconf 74' lang='lat' dir='ltr'><strong>bypostasibus,</strong></span> <span class='ocrx_word' id='word_1_91' title='bbox 1904 1352 2056 1407; x_wconf 87' lang='lat' dir='ltr'><strong>scili-</strong></span> 
     </span>
    </p>
   </div>
   <div class='ocr_carea' id='block_1_16' title="bbox 480 1447 2054 1525">
    <p class='ocr_par' dir='ltr' id='par_1_16' title="bbox 480 1447 2054 1525">
     <span class='ocr_line' id='line_1_16' title="bbox 480 1447 2054 1525; baseline -0.008 -15"><span class='ocrx_word' id='word_1_92' title='bbox 480 1463 570 1510; x_wconf 80' lang='lat' dir='ltr'><strong>cet</strong></span> <span class='ocrx_word' id='word_1_93' title='bbox 620 1454 806 1521; x_wconf 89' lang='lat' dir='ltr'><strong>Patre,</strong></span> <span class='ocrx_word' id='word_1_94' title='bbox 834 1454 997 1517; x_wconf 82' lang='lat' dir='ltr'><strong>Filio,</strong></span> <span class='ocrx_word' id='word_1_95' title='bbox 1050 1462 1105 1509; x_wconf 93' lang='lat' dir='ltr'><strong>et</strong></span> <span class='ocrx_word' id='word_1_96' title='bbox 1152 1452 1357 1525; x_wconf 86' lang='lat' dir='ltr'><strong>Spiritu</strong></span> <span class='ocrx_word' id='word_1_97' title='bbox 1407 1458 1621 1507; x_wconf 87' lang='lat' dir='ltr'><strong>sancto.</strong></span> <span class='ocrx_word' id='word_1_98' title='bbox 1673 1447 1829 1501; x_wconf 81' lang='lat' dir='ltr'><strong>Nunc</strong></span> <span class='ocrx_word' id='word_1_99' title='bbox 1872 1454 2054 1499; x_wconf 87' lang='lat' dir='ltr'><strong>autem</strong></span> 
     </span>
    </p>
   </div>
   <div class='ocr_carea' id='block_1_17' title="bbox 481 1538 2055 1618">
    <p class='ocr_par' dir='ltr' id='par_1_17' title="bbox 481 1538 2055 1618">
     <span class='ocr_line' id='line_1_17' title="bbox 481 1538 2055 1618; baseline -0.006 -16"><span class='ocrx_word' id='word_1_100' title='bbox 481 1563 672 1618; x_wconf 59' lang='lat' dir='ltr'><strong>quaero</strong></span> <span class='ocrx_word' id='word_1_101' title='bbox 716 1564 785 1603; x_wconf 75' lang='lat' dir='ltr'><strong>ex</strong></span> <span class='ocrx_word' id='word_1_102' title='bbox 814 1557 866 1604; x_wconf 85' lang='lat' dir='ltr'><strong>te</strong></span> <span class='ocrx_word' id='word_1_103' title='bbox 891 1566 905 1601; x_wconf 91' lang='lat'>:</span> <span class='ocrx_word' id='word_1_104' title='bbox 929 1547 1185 1604; x_wconf 84' lang='lat' dir='ltr'><strong>Christus</strong></span> <span class='ocrx_word' id='word_1_105' title='bbox 1220 1546 1311 1603; x_wconf 87' lang='lat' dir='ltr'><strong>ille</strong></span> <span class='ocrx_word' id='word_1_106' title='bbox 1338 1546 1593 1616; x_wconf 81' lang='lat' dir='ltr'><strong>quisnam</strong></span> <span class='ocrx_word' id='word_1_107' title='bbox 1625 1542 1745 1598; x_wconf 83' lang='lat' dir='ltr'><strong>est?</strong></span> <span class='ocrx_word' id='word_1_108' title='bbox 1784 1538 1897 1594; x_wconf 81' lang='lat' dir='ltr'><strong>Hoc</strong></span> <span class='ocrx_word' id='word_1_109' title='bbox 1930 1539 2055 1593; x_wconf 84' lang='lat' dir='ltr'><strong>volo</strong></span> 
     </span>
    </p>
   </div>
   <div class='ocr_carea' id='block_1_18' title="bbox 480 1637 719 1693">
    <p class='ocr_par' dir='ltr' id='par_1_18' title="bbox 480 1637 719 1693">
     <span class='ocr_line' id='line_1_18' title="bbox 480 1637 719 1693; baseline 0.004 -1"><span class='ocrx_word' id='word_1_110' title='bbox 480 1637 719 1693; x_wconf 76' lang='lat' dir='ltr'><strong>edoceri.</strong></span> 
     </span>
    </p>
   </div>
   <div class='ocr_carea' id='block_1_19' title="bbox 552 1722 2053 1795">
    <p class='ocr_par' dir='ltr' id='par_1_19' title="bbox 552 1722 2053 1795">
     <span class='ocr_line' id='line_1_19' title="bbox 552 1722 2053 1795; baseline -0.003 -12"><span class='ocrx_word' id='word_1_111' title='bbox 552 1728 717 1785; x_wconf 70' lang='lat' dir='ltr'><strong>Resp.</strong></span> <span class='ocrx_word' id='word_1_112' title='bbox 751 1728 895 1785; x_wconf 84' lang='lat' dir='ltr'><strong>Sane</strong></span> <span class='ocrx_word' id='word_1_113' title='bbox 922 1728 1179 1784; x_wconf 78' lang='lat' dir='ltr'><strong>audivisti</strong></span> <span class='ocrx_word' id='word_1_114' title='bbox 1209 1728 1277 1783; x_wconf 90' lang='lat' dir='ltr'><strong>de</strong></span> <span class='ocrx_word' id='word_1_115' title='bbox 1327 1736 1517 1783; x_wconf 88' lang='lat' dir='ltr'><strong>sancta</strong></span> <span class='ocrx_word' id='word_1_116' title='bbox 1571 1724 1861 1788; x_wconf 82' lang='lat' dir='ltr'><strong>Trinitate,</strong></span> <span class='ocrx_word' id='word_1_117' title='bbox 1905 1722 2053 1795; x_wconf 86' lang='lat' dir='ltr'><strong>quod</strong></span> 
     </span>
    </p>
   </div>
   <div class='ocr_carea' id='block_1_20' title="bbox 2157 506 3729 586">
    <p class='ocr_par' dir='ltr' id='par_1_20' title="bbox 2157 506 3729 586">
     <span class='ocr_line' id='line_1_20' title="bbox 2157 506 3729 586; baseline -0.01 -14"><span class='ocrx_word' id='word_1_118' title='bbox 2157 518 2279 572; x_wconf 70' lang='grc' dir='ltr'><strong>οὐδὲ</strong></span> <span class='ocrx_word' id='word_1_119' title='bbox 2308 517 2360 570; x_wconf 77' lang='grc' dir='ltr'><strong>οἱ</strong></span> <span class='ocrx_word' id='word_1_120' title='bbox 2393 514 2636 586; x_wconf 74' lang='grc' dir='ltr'><strong>μαθηταὶ</strong></span> <span class='ocrx_word' id='word_1_121' title='bbox 2665 512 2760 565; x_wconf 84' lang='grc' dir='ltr'><strong>τοῦ</strong></span> <span class='ocrx_word' id='word_1_122' title='bbox 2800 512 2977 579; x_wconf 82' lang='grc' dir='ltr'><strong>Λόγου</strong></span> <span class='ocrx_word' id='word_1_123' title='bbox 3019 508 3186 562; x_wconf 80' lang='grc' dir='ltr'><strong>αὐτοῦ</strong></span> <span class='ocrx_word' id='word_1_124' title='bbox 3216 509 3277 561; x_wconf 79' lang='grc' dir='ltr'><strong>ὲν</strong></span> <span class='ocrx_word' id='word_1_125' title='bbox 3312 506 3394 576; x_wconf 84' lang='grc' dir='ltr'><strong>τῷ</strong></span> <span class='ocrx_word' id='word_1_126' title='bbox 3421 506 3525 576; x_wconf 83' lang='grc' dir='ltr'><strong>τῆς</strong></span> <span class='ocrx_word' id='word_1_127' title='bbox 3559 522 3729 576; x_wconf 81' lang='grc' dir='ltr'><strong>μετα-</strong></span> 
     </span>
    </p>
   </div>
   <div class='ocr_carea' id='block_1_21' title="bbox 2158 595 3725 678">
    <p class='ocr_par' dir='ltr' id='par_1_21' title="bbox 2158 595 3725 678">
     <span class='ocr_line' id='line_1_21' title="bbox 2158 595 3725 678; baseline -0.008 -19"><span class='ocrx_word' id='word_1_128' title='bbox 2158 604 2498 678; x_wconf 74' lang='grc' dir='ltr'><strong>μορφώσεως</strong></span> <span class='ocrx_word' id='word_1_129' title='bbox 2524 602 2735 655; x_wconf 79' lang='grc' dir='ltr'><strong>ἐκείνου</strong></span> <span class='ocrx_word' id='word_1_130' title='bbox 2773 601 2927 672; x_wconf 78' lang='grc' dir='ltr'><strong>δρει,</strong></span> <span class='ocrx_word' id='word_1_131' title='bbox 2952 600 3055 652; x_wconf 78' lang='grc' dir='ltr'><strong>οὐκ</strong></span> <span class='ocrx_word' id='word_1_132' title='bbox 3096 597 3256 659; x_wconf 74' lang='grc' dir='ltr'><strong>ἄλλος</strong></span> <span class='ocrx_word' id='word_1_133' title='bbox 3289 595 3376 659; x_wconf 87' lang='grc' dir='ltr'><strong>τίς</strong></span> <span class='ocrx_word' id='word_1_134' title='bbox 3416 611 3548 648; x_wconf 77' lang='grc' dir='ltr'><strong>ποτε</strong></span> <span class='ocrx_word' id='word_1_135' title='bbox 3593 595 3725 664; x_wconf 63' lang='grc' dir='ltr'><strong>ἡδυ-</strong></span> 
     </span>
    </p>
   </div>
   <div class='ocr_carea' id='block_1_22' title="bbox 2155 683 3729 766">
    <p class='ocr_par' dir='ltr' id='par_1_22' title="bbox 2155 683 3729 766">
     <span class='ocr_line' id='line_1_22' title="bbox 2155 683 3729 766; baseline -0.008 -19"><span class='ocrx_word' id='word_1_136' title='bbox 2155 696 2293 766; x_wconf 77' lang='grc' dir='ltr'><strong>νήθη</strong></span> <span class='ocrx_word' id='word_1_137' title='bbox 2314 694 2529 764; x_wconf 72' lang='grc' dir='ltr'><strong>γυμνὴν</strong></span> <span class='ocrx_word' id='word_1_138' title='bbox 2557 693 2656 763; x_wconf 74' lang='grc' dir='ltr'><strong>τὴν</strong></span> <span class='ocrx_word' id='word_1_139' title='bbox 2680 691 2912 760; x_wconf 78' lang='grc' dir='ltr'><strong>θεότητα</strong></span> <span class='ocrx_word' id='word_1_140' title='bbox 2943 687 3216 759; x_wconf 78' lang='grc' dir='ltr'><strong>θεωρῆσαι</strong></span> <span class='ocrx_word' id='word_1_141' title='bbox 3232 702 3248 716; x_wconf 89' lang='grc'><strong>·</strong></span> <span class='ocrx_word' id='word_1_142' title='bbox 3271 684 3413 738; x_wconf 81' lang='grc' dir='ltr'><strong>ὥστε</strong></span> <span class='ocrx_word' id='word_1_143' title='bbox 3438 683 3622 753; x_wconf 81' lang='grc' dir='ltr'><strong>δῆλον,</strong></span> <span class='ocrx_word' id='word_1_144' title='bbox 3644 683 3729 736; x_wconf 84' lang='grc' dir='ltr'><strong>δτι</strong></span> 
     </span>
    </p>
   </div>
   <div class='ocr_carea' id='block_1_23' title="bbox 2156 775 3728 855">
    <p class='ocr_par' dir='ltr' id='par_1_23' title="bbox 2156 775 3728 855">
     <span class='ocr_line' id='line_1_23' title="bbox 2156 775 3728 855; baseline -0.01 -13"><span class='ocrx_word' id='word_1_145' title='bbox 2156 792 2258 843; x_wconf 73' lang='grc' dir='ltr'><strong>οὐκ</strong></span> <span class='ocrx_word' id='word_1_146' title='bbox 2294 789 2353 840; x_wconf 80' lang='grc' dir='ltr'><strong>ἐν</strong></span> <span class='ocrx_word' id='word_1_147' title='bbox 2386 787 2468 840; x_wconf 76' lang='grc' dir='ltr'><strong>ἐνὶ</strong></span> <span class='ocrx_word' id='word_1_148' title='bbox 2504 786 2654 855; x_wconf 72' lang='grc' dir='ltr'><strong>τόπῳ</strong></span> <span class='ocrx_word' id='word_1_149' title='bbox 2676 786 2958 854; x_wconf 84' lang='grc' dir='ltr'><strong>χωρεῖται,</strong></span> <span class='ocrx_word' id='word_1_150' title='bbox 2989 779 3125 832; x_wconf 77' lang='grc' dir='ltr'><strong>ἀλλά</strong></span> <span class='ocrx_word' id='word_1_151' title='bbox 3157 775 3432 847; x_wconf 73' lang='grc' dir='ltr'><strong>πανταχοῦ</strong></span> <span class='ocrx_word' id='word_1_152' title='bbox 3464 775 3728 845; x_wconf 77' lang='grc' dir='ltr'><strong>πάρεστιν</strong></span> 
     </span>
    </p>
   </div>
   <div class='ocr_carea' id='block_1_24' title="bbox 2155 870 3727 947">
    <p class='ocr_par' dir='ltr' id='par_1_24' title="bbox 2155 870 3727 947">
     <span class='ocr_line' id='line_1_24' title="bbox 2155 870 3727 947; baseline -0.009 -12"><span class='ocrx_word' id='word_1_153' title='bbox 2155 883 2187 935; x_wconf 98' lang='lat'><strong>6</strong></span> <span class='ocrx_word' id='word_1_154' title='bbox 2212 880 2365 943; x_wconf 88' lang='grc' dir='ltr'><strong>Θεός.</strong></span> <span class='ocrx_word' id='word_1_155' title='bbox 2402 879 2515 932; x_wconf 77' lang='grc' dir='ltr'><strong>Καὶ</strong></span> <span class='ocrx_word' id='word_1_156' title='bbox 2546 876 2721 930; x_wconf 81' lang='grc' dir='ltr'><strong>ταῦτα</strong></span> <span class='ocrx_word' id='word_1_157' title='bbox 2770 874 2871 945; x_wconf 81' lang='grc' dir='ltr'><strong>μὲν</strong></span> <span class='ocrx_word' id='word_1_158' title='bbox 2912 874 3041 947; x_wconf 78' lang='grc' dir='ltr'><strong>περὶ</strong></span> <span class='ocrx_word' id='word_1_159' title='bbox 3082 871 3395 939; x_wconf 74' lang='grc' dir='ltr'><strong>θεολογίας·</strong></span> <span class='ocrx_word' id='word_1_160' title='bbox 3422 870 3630 941; x_wconf 84' lang='grc' dir='ltr'><strong>ἀπάρτι</strong></span> <span class='ocrx_word' id='word_1_161' title='bbox 3669 870 3727 922; x_wconf 82' lang='grc' dir='ltr'><strong>δὲ</strong></span> 
     </span>
    </p>
   </div>
   <div class='ocr_carea' id='block_1_25' title="bbox 2156 964 3729 1044">
    <p class='ocr_par' dir='ltr' id='par_1_25' title="bbox 2156 964 3729 1044">
     <span class='ocr_line' id='line_1_25' title="bbox 2156 964 3729 1044; baseline -0.006 -18"><span class='ocrx_word' id='word_1_162' title='bbox 2156 970 2436 1044; x_wconf 75' lang='grc' dir='ltr'><strong>ἀρξόμεθα</strong></span> <span class='ocrx_word' id='word_1_163' title='bbox 2472 970 2627 1036; x_wconf 77' lang='grc' dir='ltr'><strong>λέξαι</strong></span> <span class='ocrx_word' id='word_1_164' title='bbox 2655 969 2751 1022; x_wconf 79' lang='grc' dir='ltr'><strong>καὶ</strong></span> <span class='ocrx_word' id='word_1_165' title='bbox 2780 967 2910 1038; x_wconf 71' lang='grc' dir='ltr'><strong>περὶ</strong></span> <span class='ocrx_word' id='word_1_166' title='bbox 2938 967 3040 1037; x_wconf 80' lang='grc' dir='ltr'><strong>τῆς</strong></span> <span class='ocrx_word' id='word_1_167' title='bbox 3074 965 3409 1035; x_wconf 84' lang='grc' dir='ltr'><strong>οίκονομίας.</strong></span> <span class='ocrx_word' id='word_1_168' title='bbox 3450 965 3570 1033; x_wconf 65' lang='grc' dir='ltr'><strong>ἦτοι</strong></span> <span class='ocrx_word' id='word_1_169' title='bbox 3598 964 3729 1036; x_wconf 76' lang='grc' dir='ltr'><strong>περὶ</strong></span> 
     </span>
    </p>
   </div>
   <div class='ocr_carea' id='block_1_26' title="bbox 2154 1054 3551 1137">
    <p class='ocr_par' dir='ltr' id='par_1_26' title="bbox 2154 1054 3551 1137">
     <span class='ocr_line' id='line_1_26' title="bbox 2154 1054 3551 1137; baseline -0.008 -17"><span class='ocrx_word' id='word_1_170' title='bbox 2154 1066 2257 1136; x_wconf 80' lang='grc' dir='ltr'><strong>τῆς</strong></span> <span class='ocrx_word' id='word_1_171' title='bbox 2290 1063 2624 1137; x_wconf 80' lang='grc' dir='ltr'><strong>σαρκώσεως</strong></span> <span class='ocrx_word' id='word_1_172' title='bbox 2652 1060 2749 1114; x_wconf 87' lang='grc' dir='ltr'><strong>τοῦ</strong></span> <span class='ocrx_word' id='word_1_173' title='bbox 2778 1058 2911 1112; x_wconf 81' lang='grc' dir='ltr'><strong>Υίοῦ</strong></span> <span class='ocrx_word' id='word_1_174' title='bbox 2940 1060 3036 1111; x_wconf 75' lang='grc' dir='ltr'><strong>καὶ</strong></span> <span class='ocrx_word' id='word_1_175' title='bbox 3066 1057 3239 1126; x_wconf 83' lang='grc' dir='ltr'><strong>Λόγου</strong></span> <span class='ocrx_word' id='word_1_176' title='bbox 3266 1055 3360 1109; x_wconf 87' lang='grc' dir='ltr'><strong>τοῦ</strong></span> <span class='ocrx_word' id='word_1_177' title='bbox 3392 1054 3551 1109; x_wconf 81' lang='grc' dir='ltr'><strong>Θεοῦ.</strong></span> 
     </span>
    </p>
   </div>
   <div class='ocr_carea' id='block_1_27' title="bbox 2240 1145 3729 1228">
    <p class='ocr_par' dir='ltr' id='par_1_27' title="bbox 2240 1145 3729 1228">
     <span class='ocr_line' id='line_1_27' title="bbox 2240 1145 3729 1228; baseline -0.011 -16"><span class='ocrx_word' id='word_1_178' title='bbox 2465 1153 2554 1219; x_wconf 77' lang='grc' dir='ltr'><strong>ις’.</strong></span> <span class='ocrx_word' id='word_1_179' title='bbox 2600 1153 2734 1207; x_wconf 72' lang='grc' dir='ltr'><strong>Ἰδοὺ</strong></span> <span class='ocrx_word' id='word_1_180' title='bbox 2779 1149 3045 1223; x_wconf 67' lang='grc' dir='ltr'><strong>ἐρώτημά</strong></span> <span class='ocrx_word' id='word_1_181' title='bbox 3074 1165 3157 1201; x_wconf 86' lang='grc' dir='ltr'><strong>σοι</strong></span> <span class='ocrx_word' id='word_1_182' title='bbox 3197 1147 3406 1217; x_wconf 78' lang='grc' dir='ltr'><strong>ἐρωτῶ,</strong></span> <span class='ocrx_word' id='word_1_183' title='bbox 3440 1147 3506 1198; x_wconf 73' lang='grc' dir='ltr'><strong>σὺ</strong></span> <span class='ocrx_word' id='word_1_184' title='bbox 3551 1145 3610 1198; x_wconf 83' lang='grc' dir='ltr'><strong>δέ</strong></span> <span class='ocrx_word' id='word_1_185' title='bbox 3639 1160 3729 1215; x_wconf 76' lang='grc' dir='ltr'><strong>μοι</strong></span> 
     </span>
    </p>
   </div>
   <div class='ocr_carea' id='block_1_28' title="bbox 2155 1238 3725 1322">
    <p class='ocr_par' dir='ltr' id='par_1_28' title="bbox 2155 1238 3725 1322">
     <span class='ocr_line' id='line_1_28' title="bbox 2155 1238 3725 1322; baseline -0.015 2"><span class='ocrx_word' id='word_1_186' title='bbox 2155 1251 2507 1322; x_wconf 75' lang='grc' dir='ltr'><strong>ἀποκρίθητιο</strong></span> <span class='ocrx_word' id='word_1_187' title='bbox 2542 1246 2817 1312; x_wconf 79' lang='grc' dir='ltr'><strong>Ἐδίδαξας</strong></span> <span class='ocrx_word' id='word_1_188' title='bbox 2843 1247 2975 1315; x_wconf 71' lang='grc' dir='ltr'><strong>ἡμῖν</strong></span> <span class='ocrx_word' id='word_1_189' title='bbox 3002 1243 3132 1314; x_wconf 58' lang='grc' dir='ltr'><strong>περὶ</strong></span> <span class='ocrx_word' id='word_1_190' title='bbox 3154 1241 3253 1311; x_wconf 73' lang='grc' dir='ltr'><strong>τῆς</strong></span> <span class='ocrx_word' id='word_1_191' title='bbox 3283 1241 3449 1308; x_wconf 74' lang='grc' dir='ltr'><strong>ἁγίας</strong></span> <span class='ocrx_word' id='word_1_192' title='bbox 3477 1238 3725 1310; x_wconf 75' lang='grc' dir='ltr'><strong>Τριάδος.</strong></span> 
     </span>
    </p>
   </div>
   <div class='ocr_carea' id='block_1_29' title="bbox 2154 1329 3724 1413">
    <p class='ocr_par' dir='ltr' id='par_1_29' title="bbox 2154 1329 3724 1413">
     <span class='ocr_line' id='line_1_29' title="bbox 2154 1329 3724 1413; baseline -0.01 -15"><span class='ocrx_word' id='word_1_193' title='bbox 2154 1347 2237 1398; x_wconf 72' lang='grc' dir='ltr'><strong>ὃτι</strong></span> <span class='ocrx_word' id='word_1_194' title='bbox 2272 1345 2302 1395; x_wconf 90' lang='lat'><strong>6</strong></span> <span class='ocrx_word' id='word_1_195' title='bbox 2333 1343 2467 1405; x_wconf 83' lang='grc' dir='ltr'><strong>Θεὸς</strong></span> <span class='ocrx_word' id='word_1_196' title='bbox 2504 1341 2931 1413; x_wconf 78' lang='grc' dir='ltr'><strong>τρισυπόστατος</strong></span> <span class='ocrx_word' id='word_1_197' title='bbox 2959 1337 3061 1398; x_wconf 74' lang='grc' dir='ltr'><strong>ενι,</strong></span> <span class='ocrx_word' id='word_1_198' title='bbox 3085 1336 3184 1389; x_wconf 73' lang='grc' dir='ltr'><strong>καὶ</strong></span> <span class='ocrx_word' id='word_1_199' title='bbox 3212 1335 3295 1387; x_wconf 72' lang='grc' dir='ltr'><strong>ὅτι</strong></span> <span class='ocrx_word' id='word_1_200' title='bbox 3326 1334 3539 1403; x_wconf 75' lang='grc' dir='ltr'><strong>Πατὴρ,</strong></span> <span class='ocrx_word' id='word_1_201' title='bbox 3578 1329 3724 1393; x_wconf 78' lang='grc' dir='ltr'><strong>Υἱὸς,</strong></span> 
     </span>
    </p>
   </div>
   <div class='ocr_carea' id='block_1_30' title="bbox 2156 1418 3728 1505">
    <p class='ocr_par' dir='ltr' id='par_1_30' title="bbox 2156 1418 3728 1505">
     <span class='ocr_line' id='line_1_30' title="bbox 2156 1418 3728 1505; baseline -0.01 -15"><span class='ocrx_word' id='word_1_202' title='bbox 2156 1439 2252 1490; x_wconf 75' lang='grc' dir='ltr'><strong>καὶ</strong></span> <span class='ocrx_word' id='word_1_203' title='bbox 2275 1435 2502 1505; x_wconf 79' lang='grc' dir='ltr'><strong>Πνεῦμα</strong></span> <span class='ocrx_word' id='word_1_204' title='bbox 2523 1434 2698 1502; x_wconf 82' lang='grc' dir='ltr'><strong>ᾶγιον.</strong></span> <span class='ocrx_word' id='word_1_205' title='bbox 2724 1430 2841 1484; x_wconf 74' lang='grc' dir='ltr'><strong>Νῦν</strong></span> <span class='ocrx_word' id='word_1_206' title='bbox 2866 1430 2924 1483; x_wconf 80' lang='grc' dir='ltr'><strong>δὲ</strong></span> <span class='ocrx_word' id='word_1_207' title='bbox 2947 1427 3134 1501; x_wconf 75' lang='grc' dir='ltr'><strong>ἐρωτῶ</strong></span> <span class='ocrx_word' id='word_1_208' title='bbox 3163 1443 3244 1479; x_wconf 79' lang='grc' dir='ltr'><strong>σεο</strong></span> <span class='ocrx_word' id='word_1_209' title='bbox 3262 1418 3430 1487; x_wconf 74' lang='grc' dir='ltr'><strong>Οὗτος</strong></span> <span class='ocrx_word' id='word_1_210' title='bbox 3448 1426 3478 1477; x_wconf 89' lang='lat'><strong>6</strong></span> <span class='ocrx_word' id='word_1_211' title='bbox 3495 1421 3728 1495; x_wconf 74' lang='grc' dir='ltr'><strong>Χριστὸς</strong></span> 
     </span>
    </p>
   </div>
   <div class='ocr_carea' id='block_1_31' title="bbox 2154 1518 3210 1597">
    <p class='ocr_par' dir='ltr' id='par_1_31' title="bbox 2154 1518 3210 1597">
     <span class='ocr_line' id='line_1_31' title="bbox 2154 1518 3210 1597; baseline -0.011 -15"><span class='ocrx_word' id='word_1_212' title='bbox 2154 1529 2241 1593; x_wconf 88' lang='grc' dir='ltr'><strong>τίς</strong></span> <span class='ocrx_word' id='word_1_213' title='bbox 2274 1530 2425 1591; x_wconf 64' lang='lat' dir='ltr'><strong>tm;</strong></span> <span class='ocrx_word' id='word_1_214' title='bbox 2452 1526 2590 1597; x_wconf 79' lang='grc' dir='ltr'><strong>Περὶ</strong></span> <span class='ocrx_word' id='word_1_215' title='bbox 2616 1523 2805 1577; x_wconf 74' lang='grc' dir='ltr'><strong>τούτου</strong></span> <span class='ocrx_word' id='word_1_216' title='bbox 2830 1521 2970 1575; x_wconf 84' lang='grc' dir='ltr'><strong>θέλω</strong></span> <span class='ocrx_word' id='word_1_217' title='bbox 2997 1518 3210 1591; x_wconf 79' lang='grc' dir='ltr'><strong>μαθεῖν.</strong></span> 
     </span>
    </p>
   </div>
   <div class='ocr_carea' id='block_1_32' title="bbox 2237 1697 3725 1781">
    <p class='ocr_par' dir='ltr' id='par_1_32' title="bbox 2237 1697 3725 1781">
     <span class='ocr_line' id='line_1_32' title="bbox 2237 1697 3725 1781; baseline -0.004 -13"><span class='ocrx_word' id='word_1_218' title='bbox 2237 1715 2431 1768; x_wconf 82' lang='grc' dir='ltr'><strong>Ἀπόκ.</strong></span> <span class='ocrx_word' id='word_1_219' title='bbox 2455 1712 2684 1774; x_wconf 79' lang='grc' dir='ltr'><strong>Πάντως</strong></span> <span class='ocrx_word' id='word_1_220' title='bbox 2724 1710 2966 1781; x_wconf 68' lang='grc' dir='ltr'><strong>ἤκουσας</strong></span> <span class='ocrx_word' id='word_1_221' title='bbox 2994 1704 3125 1778; x_wconf 78' lang='grc' dir='ltr'><strong>περὶ</strong></span> <span class='ocrx_word' id='word_1_222' title='bbox 3149 1703 3249 1774; x_wconf 83' lang='grc' dir='ltr'><strong>τῆς</strong></span> <span class='ocrx_word' id='word_1_223' title='bbox 3289 1700 3451 1770; x_wconf 81' lang='grc' dir='ltr'><strong>ἁγίας</strong></span> <span class='ocrx_word' id='word_1_224' title='bbox 3476 1697 3725 1770; x_wconf 70' lang='grc' dir='ltr'><strong>Τριόδοςν</strong></span> 
     </span>
    </p>
   </div>
   <div class='ocr_carea' id='block_1_33' title="bbox 481 1789 2059 1893">
    <p class='ocr_par' dir='ltr' id='par_1_33' title="bbox 481 1789 2050 1893">
     <span class='ocr_line' id='line_1_33' title="bbox 481 1789 2050 1893; baseline -0.005 -16"><span class='ocrx_word' id='word_1_225' title='bbox 481 1837 593 1877; x_wconf 85' lang='lat' dir='ltr'><strong>una</strong></span> <span class='ocrx_word' id='word_1_226' title='bbox 621 1838 859 1893; x_wconf 88' lang='lat' dir='ltr'><strong>persona</strong></span> <span class='ocrx_word' id='word_1_227' title='bbox 882 1822 1100 1876; x_wconf 91' lang='lat' dir='ltr'><strong>dicatur</strong></span> <span class='ocrx_word' id='word_1_228' title='bbox 1120 1820 1303 1884; x_wconf 86' lang='lat' dir='ltr'><strong>Pater,</strong></span> <span class='ocrx_word' id='word_1_229' title='bbox 1339 1826 1394 1875; x_wconf 90' lang='lat' dir='ltr'><strong>et</strong></span> <span class='ocrx_word' id='word_1_230' title='bbox 1434 1820 1604 1874; x_wconf 89' lang='lat' dir='ltr'><strong>altera</strong></span> <span class='ocrx_word' id='word_1_231' title='bbox 1634 1817 1831 1881; x_wconf 85' lang='lat' dir='ltr'><strong>Filius,</strong></span> <span class='ocrx_word' id='word_1_232' title='bbox 1862 1789 2050 1873; x_wconf 37' lang='lat' dir='ltr'><strong>et&#39;alia</strong></span> 
     </span>
    </p>
   </div>
   <div class='ocr_carea' id='block_1_34' title="bbox 2160 1789 3725 1893">
    <p class='ocr_par' dir='ltr' id='par_1_34' title="bbox 2160 1789 3725 1893">
     <span class='ocr_line' id='line_1_34' title="bbox 2160 1789 3725 1893; baseline -0.009 -37"><span class='ocrx_word' id='word_1_233' title='bbox 2160 1809 2237 1861; x_wconf 63' lang='grc' dir='ltr'><strong>ὅτι</strong></span> <span class='ocrx_word' id='word_1_234' title='bbox 2261 1806 2321 1859; x_wconf 84' lang='grc' dir='ltr'><strong>ἓν</strong></span> <span class='ocrx_word' id='word_1_235' title='bbox 2358 1805 2651 1878; x_wconf 81' lang='grc' dir='ltr'><strong>πρόσωπον</strong></span> <span class='ocrx_word' id='word_1_236' title='bbox 2680 1802 2928 1856; x_wconf 84' lang='grc' dir='ltr'><strong>καλεῖται</strong></span> <span class='ocrx_word' id='word_1_237' title='bbox 2946 1800 3160 1871; x_wconf 75' lang='grc' dir='ltr'><strong>Πατὴρ,</strong></span> <span class='ocrx_word' id='word_1_238' title='bbox 3186 1796 3250 1849; x_wconf 91' lang='grc' dir='ltr'><strong>τὸ</strong></span> <span class='ocrx_word' id='word_1_239' title='bbox 3276 1795 3336 1847; x_wconf 79' lang='grc' dir='ltr'><strong>δὲ</strong></span> <span class='ocrx_word' id='word_1_240' title='bbox 3366 1792 3551 1864; x_wconf 71' lang='grc' dir='ltr'><strong>ἕτερον</strong></span> <span class='ocrx_word' id='word_1_241' title='bbox 3576 1789 3725 1893; x_wconf 60' lang='grc' dir='ltr'><strong>Υἱὸς,</strong></span> 
     </span>
    </p>
   </div>
   <div class='ocr_carea' id='block_1_35' title="bbox 482 1909 2050 1986">
    <p class='ocr_par' dir='ltr' id='par_1_35' title="bbox 482 1909 2050 1986">
     <span class='ocr_line' id='line_1_35' title="bbox 482 1909 2050 1986; baseline -0.006 -15"><span class='ocrx_word' id='word_1_242' title='bbox 482 1930 718 1986; x_wconf 80' lang='lat' dir='ltr'><strong>persona</strong></span> <span class='ocrx_word' id='word_1_243' title='bbox 748 1913 984 1985; x_wconf 88' lang='lat' dir='ltr'><strong>Spiritus</strong></span> <span class='ocrx_word' id='word_1_244' title='bbox 1013 1922 1260 1969; x_wconf 88' lang='lat' dir='ltr'><strong>sanctus.</strong></span> <span class='ocrx_word' id='word_1_245' title='bbox 1298 1912 1435 1967; x_wconf 85' lang='lat' dir='ltr'><strong>Ecce</strong></span> <span class='ocrx_word' id='word_1_246' title='bbox 1453 1913 1565 1981; x_wconf 89' lang='lat' dir='ltr'><strong>jam</strong></span> <span class='ocrx_word' id='word_1_247' title='bbox 1586 1909 2050 1981; x_wconf 76' lang='lat' dir='ltr'><strong>cognosce,.quod</strong></span> 
     </span>
    </p>
   </div>
   <div class='ocr_carea' id='block_1_36' title="bbox 482 2002 2053 2063">
    <p class='ocr_par' dir='ltr' id='par_1_36' title="bbox 482 2002 2053 2063">
     <span class='ocr_line' id='line_1_36' title="bbox 482 2002 2053 2063; baseline -0.004 -2"><span class='ocrx_word' id='word_1_248' title='bbox 482 2007 574 2063; x_wconf 86' lang='lat' dir='ltr'><strong>hic</strong></span> <span class='ocrx_word' id='word_1_249' title='bbox 603 2004 776 2061; x_wconf 80' lang='lat' dir='ltr'><strong>Filius</strong></span> <span class='ocrx_word' id='word_1_250' title='bbox 806 2004 1125 2061; x_wconf 70' lang='lat' dir='ltr'><strong>eDVerbum</strong></span> <span class='ocrx_word' id='word_1_251' title='bbox 1158 2005 1256 2060; x_wconf 89' lang='lat' dir='ltr'><strong>Dei</strong></span> <span class='ocrx_word' id='word_1_252' title='bbox 1308 2012 1363 2060; x_wconf 91' lang='lat' dir='ltr'><strong>et</strong></span> <span class='ocrx_word' id='word_1_253' title='bbox 1421 2002 1601 2058; x_wconf 83' lang='lat' dir='ltr'><strong>Patris</strong></span> <span class='ocrx_word' id='word_1_254' title='bbox 1650 2002 1889 2057; x_wconf 82' lang='lat' dir='ltr'><strong>induerit</strong></span> <span class='ocrx_word' id='word_1_255' title='bbox 1926 2016 2053 2055; x_wconf 84' lang='lat' dir='ltr'><strong>car-</strong></span> 
     </span>
    </p>
   </div>
   <div class='ocr_carea' id='block_1_37' title="bbox 482 2092 2054 2165">
    <p class='ocr_par' dir='ltr' id='par_1_37' title="bbox 482 2092 2054 2165">
     <span class='ocr_line' id='line_1_37' title="bbox 482 2092 2054 2165; baseline -0.004 -12"><span class='ocrx_word' id='word_1_256' title='bbox 482 2113 607 2154; x_wconf 84' lang='lat' dir='ltr'><strong>ne</strong></span> <span class='ocrx_word' id='word_1_257' title='bbox 638 2097 901 2165; x_wconf 85' lang='lat' dir='ltr'><strong>hominis,</strong></span> <span class='ocrx_word' id='word_1_258' title='bbox 930 2104 986 2152; x_wconf 92' lang='lat' dir='ltr'><strong>et</strong></span> <span class='ocrx_word' id='word_1_259' title='bbox 1010 2096 1365 2151; x_wconf 89' lang='lat' dir='ltr'><strong>inambularit</strong></span> <span class='ocrx_word' id='word_1_260' title='bbox 1394 2105 1454 2149; x_wconf 93' lang='lat' dir='ltr'><strong>ut</strong></span> <span class='ocrx_word' id='word_1_261' title='bbox 1480 2095 1643 2149; x_wconf 86' lang='lat' dir='ltr'><strong>homo</strong></span> <span class='ocrx_word' id='word_1_262' title='bbox 1664 2094 1720 2147; x_wconf 93' lang='lat' dir='ltr'><strong>in</strong></span> <span class='ocrx_word' id='word_1_263' title='bbox 1744 2101 1910 2148; x_wconf 90' lang='lat' dir='ltr'><strong>terra.</strong></span> <span class='ocrx_word' id='word_1_264' title='bbox 1937 2092 2054 2163; x_wconf 80' lang='lat' dir='ltr'><strong>Ap-</strong></span> 
     </span>
    </p>
   </div>
   <div class='ocr_carea' id='block_1_38' title="bbox 479 2185 2054 2262">
    <p class='ocr_par' dir='ltr' id='par_1_38' title="bbox 479 2185 2054 2262">
     <span class='ocr_line' id='line_1_38' title="bbox 479 2185 2054 2262; baseline -0.004 -17"><span class='ocrx_word' id='word_1_265' title='bbox 479 2191 712 2262; x_wconf 76' lang='lat' dir='ltr'><strong>pellatus</strong></span> <span class='ocrx_word' id='word_1_266' title='bbox 738 2190 906 2261; x_wconf 79' lang='lat' dir='ltr'><strong>igitur</strong></span> <span class='ocrx_word' id='word_1_267' title='bbox 942 2189 1200 2246; x_wconf 88' lang='lat' dir='ltr'><strong>Christus</strong></span> <span class='ocrx_word' id='word_1_268' title='bbox 1254 2197 1363 2253; x_wconf 88' lang='lat' dir='ltr'><strong>est,</strong></span> <span class='ocrx_word' id='word_1_269' title='bbox 1391 2188 1537 2258; x_wconf 87' lang='lat' dir='ltr'><strong>quod</strong></span> <span class='ocrx_word' id='word_1_270' title='bbox 1597 2197 1797 2242; x_wconf 90' lang='lat' dir='ltr'><strong>unctus</strong></span> <span class='ocrx_word' id='word_1_271' title='bbox 1848 2186 1941 2251; x_wconf 92' lang='lat' dir='ltr'><strong>sit,</strong></span> <span class='ocrx_word' id='word_1_272' title='bbox 1971 2185 2054 2239; x_wconf 85' lang='lat' dir='ltr'><strong>vel</strong></span> 
     </span>
    </p>
   </div>
   <div class='ocr_carea' id='block_1_39' title="bbox 477 2277 2054 2352">
    <p class='ocr_par' dir='ltr' id='par_1_39' title="bbox 477 2277 2054 2352">
     <span class='ocr_line' id='line_1_39' title="bbox 477 2277 2054 2352; baseline -0.003 -16"><span class='ocrx_word' id='word_1_273' title='bbox 477 2289 629 2336; x_wconf 89' lang='lat' dir='ltr'><strong>certe</strong></span> <span class='ocrx_word' id='word_1_274' title='bbox 670 2281 1033 2352; x_wconf 89' lang='lat' dir='ltr'><strong>assumpserit</strong></span> <span class='ocrx_word' id='word_1_275' title='bbox 1084 2295 1305 2335; x_wconf 90' lang='lat' dir='ltr'><strong>carnem</strong></span> <span class='ocrx_word' id='word_1_276' title='bbox 1356 2279 1612 2333; x_wconf 81' lang='lat' dir='ltr'><strong>hominis.</strong></span> <span class='ocrx_word' id='word_1_277' title='bbox 1660 2277 1725 2330; x_wconf 81' lang='lat' dir='ltr'><strong>Et</strong></span> <span class='ocrx_word' id='word_1_278' title='bbox 1766 2284 2054 2348; x_wconf 84' lang='lat' dir='ltr'><strong>propterea</strong></span> 
     </span>
    </p>
   </div>
   <div class='ocr_carea' id='block_1_40' title="bbox 477 2369 2056 2434">
    <p class='ocr_par' dir='ltr' id='par_1_40' title="bbox 477 2369 2056 2434">
     <span class='ocr_line' id='line_1_40' title="bbox 477 2369 2056 2434; baseline -0.003 -7"><span class='ocrx_word' id='word_1_279' title='bbox 477 2373 682 2427; x_wconf 89' lang='lat' dir='ltr'><strong>dicitur</strong></span> <span class='ocrx_word' id='word_1_280' title='bbox 701 2372 1021 2428; x_wconf 86' lang='lat' dir='ltr'><strong>incarnatus</strong></span> <span class='ocrx_word' id='word_1_281' title='bbox 1073 2370 1220 2427; x_wconf 89' lang='lat' dir='ltr'><strong>Deus</strong></span> <span class='ocrx_word' id='word_1_282' title='bbox 1247 2380 1302 2427; x_wconf 89' lang='lat' dir='ltr'><strong>et</strong></span> <span class='ocrx_word' id='word_1_283' title='bbox 1345 2372 1621 2434; x_wconf 87' lang='lat' dir='ltr'><strong>Christus,</strong></span> <span class='ocrx_word' id='word_1_284' title='bbox 1649 2369 1820 2425; x_wconf 83' lang='lat' dir='ltr'><strong>Filius</strong></span> <span class='ocrx_word' id='word_1_285' title='bbox 1842 2378 1896 2426; x_wconf 92' lang='lat' dir='ltr'><strong>et</strong></span> <span class='ocrx_word' id='word_1_286' title='bbox 1920 2369 2056 2425; x_wconf 77' lang='lat' dir='ltr'><strong>Ver-</strong></span> 
     </span>
    </p>
   </div>
   <div class='ocr_carea' id='block_1_41' title="bbox 474 2462 2055 2536">
    <p class='ocr_par' dir='ltr' id='par_1_41' title="bbox 474 2462 2055 2536">
     <span class='ocr_line' id='line_1_41' title="bbox 474 2462 2055 2536; baseline 0.001 -18"><span class='ocrx_word' id='word_1_287' title='bbox 474 2464 633 2518; x_wconf 86' lang='lat' dir='ltr'><strong>bum-</strong></span> <span class='ocrx_word' id='word_1_288' title='bbox 664 2463 783 2521; x_wconf 90' lang='lat' dir='ltr'><strong>Dei.</strong></span> <span class='ocrx_word' id='word_1_289' title='bbox 814 2474 868 2519; x_wconf 89' lang='lat' dir='ltr'><strong>et</strong></span> <span class='ocrx_word' id='word_1_290' title='bbox 908 2462 1075 2529; x_wconf 85' lang='lat' dir='ltr'><strong>Deus,</strong></span> <span class='ocrx_word' id='word_1_291' title='bbox 1121 2464 1269 2535; x_wconf 89' lang='lat' dir='ltr'><strong>quod</strong></span> <span class='ocrx_word' id='word_1_292' title='bbox 1330 2465 1628 2536; x_wconf 88' lang='lat' dir='ltr'><strong>gestaverit</strong></span> <span class='ocrx_word' id='word_1_293' title='bbox 1668 2463 1900 2519; x_wconf 82' lang='lat' dir='ltr'><strong>formam</strong></span> <span class='ocrx_word' id='word_1_294' title='bbox 1952 2465 2055 2519; x_wconf 81' lang='lat' dir='ltr'><strong>bo-</strong></span> 
     </span>
    </p>
   </div>
   <div class='ocr_carea' id='block_1_42' title="bbox 473 2552 662 2611">
    <p class='ocr_par' dir='ltr' id='par_1_42' title="bbox 473 2552 662 2611">
     <span class='ocr_line' id='line_1_42' title="bbox 473 2552 662 2611; baseline 0.011 -4"><span class='ocrx_word' id='word_1_295' title='bbox 473 2552 662 2611; x_wconf 74' lang='lat' dir='ltr'><strong>ulnis.</strong></span> 
     </span>
    </p>
   </div>
   <div class='ocr_carea' id='block_1_43' title="bbox 548 2643 2054 2715">
    <p class='ocr_par' dir='ltr' id='par_1_43' title="bbox 548 2643 2054 2715">
     <span class='ocr_line' id='line_1_43' title="bbox 548 2643 2054 2715; baseline -0.001 -16"><span class='ocrx_word' id='word_1_296' title='bbox 548 2644 772 2712; x_wconf 54' lang='lat' dir='ltr'><strong>ngsr.</strong></span> <span class='ocrx_word' id='word_1_297' title='bbox 798 2643 985 2699; x_wconf 78' lang='lat' dir='ltr'><strong>XVIII.</strong></span> <span class='ocrx_word' id='word_1_298' title='bbox 1010 2644 1183 2712; x_wconf 85' lang='lat' dir='ltr'><strong>Quam</strong></span> <span class='ocrx_word' id='word_1_299' title='bbox 1232 2645 1501 2700; x_wconf 85' lang='lat' dir='ltr'><strong>rationem</strong></span> <span class='ocrx_word' id='word_1_300' title='bbox 1534 2654 1628 2700; x_wconf 93' lang='lat' dir='ltr'><strong>aut</strong></span> <span class='ocrx_word' id='word_1_301' title='bbox 1654 2660 1817 2715; x_wconf 90' lang='lat' dir='ltr'><strong>quam</strong></span> <span class='ocrx_word' id='word_1_302' title='bbox 1847 2643 2054 2699; x_wconf 86' lang='lat' dir='ltr'><strong>utilita-</strong></span> 
     </span>
    </p>
   </div>
   <div class='ocr_carea' id='block_1_44' title="bbox 476 2732 2052 2807">
    <p class='ocr_par' dir='ltr' id='par_1_44' title="bbox 476 2732 2052 2807">
     <span class='ocr_line' id='line_1_44' title="bbox 476 2732 2052 2807; baseline -0.001 -19"><span class='ocrx_word' id='word_1_303' title='bbox 476 2745 589 2791; x_wconf 87' lang='lat' dir='ltr'><strong>tem</strong></span> <span class='ocrx_word' id='word_1_304' title='bbox 621 2737 906 2807; x_wconf 90' lang='lat' dir='ltr'><strong>proposuit</strong></span> <span class='ocrx_word' id='word_1_305' title='bbox 922 2736 1025 2791; x_wconf 90' lang='lat' dir='ltr'><strong>sibi</strong></span> <span class='ocrx_word' id='word_1_306' title='bbox 1062 2735 1229 2799; x_wconf 85' lang='lat' dir='ltr'><strong>Deus,</strong></span> <span class='ocrx_word' id='word_1_307' title='bbox 1258 2752 1357 2791; x_wconf 87' lang='lat' dir='ltr'><strong>seu</strong></span> <span class='ocrx_word' id='word_1_308' title='bbox 1381 2734 1554 2791; x_wconf 87' lang='lat' dir='ltr'><strong>Filius</strong></span> <span class='ocrx_word' id='word_1_309' title='bbox 1582 2744 1638 2791; x_wconf 92' lang='lat' dir='ltr'><strong>et</strong></span> <span class='ocrx_word' id='word_1_310' title='bbox 1659 2734 1899 2790; x_wconf 67' lang='lat' dir='ltr'><strong>Verbum</strong></span> <span class='ocrx_word' id='word_1_311' title='bbox 1933 2732 2052 2799; x_wconf 89' lang='lat' dir='ltr'><strong>Dei,</strong></span> 
     </span>
    </p>
   </div>
   <div class='ocr_carea' id='block_1_45' title="bbox 478 2827 2053 2894">
    <p class='ocr_par' dir='ltr' id='par_1_45' title="bbox 478 2827 2053 2894">
     <span class='ocr_line' id='line_1_45' title="bbox 478 2827 2053 2894; baseline -0.001 -13"><span class='ocrx_word' id='word_1_312' title='bbox 478 2836 541 2881; x_wconf 92' lang='lat' dir='ltr'><strong>ut</strong></span> <span class='ocrx_word' id='word_1_313' title='bbox 584 2829 904 2885; x_wconf 86' lang='lat' dir='ltr'><strong>incarnatus</strong></span> <span class='ocrx_word' id='word_1_314' title='bbox 956 2828 1049 2894; x_wconf 85' lang='lat' dir='ltr'><strong>sit,</strong></span> <span class='ocrx_word' id='word_1_315' title='bbox 1094 2837 1150 2884; x_wconf 91' lang='lat' dir='ltr'><strong>et</strong></span> <span class='ocrx_word' id='word_1_316' title='bbox 1193 2836 1254 2882; x_wconf 90' lang='lat' dir='ltr'><strong>ut</strong></span> <span class='ocrx_word' id='word_1_317' title='bbox 1295 2827 1465 2883; x_wconf 90' lang='lat' dir='ltr'><strong>homo</strong></span> <span class='ocrx_word' id='word_1_318' title='bbox 1523 2827 1942 2882; x_wconf 82' lang='lat' dir='ltr'><strong>inambulaverit</strong></span> <span class='ocrx_word' id='word_1_319' title='bbox 1998 2827 2053 2881; x_wconf 92' lang='lat' dir='ltr'><strong>in</strong></span> 
     </span>
    </p>
   </div>
   <div class='ocr_carea' id='block_1_46' title="bbox 478 2922 665 2977">
    <p class='ocr_par' dir='ltr' id='par_1_46' title="bbox 478 2922 665 2977">
     <span class='ocr_line' id='line_1_46' title="bbox 478 2922 665 2977; baseline -0.005 0"><span class='ocrx_word' id='word_1_320' title='bbox 478 2932 623 2977; x_wconf 87' lang='lat' dir='ltr'><strong>terra</strong></span> <span class='ocrx_word' id='word_1_321' title='bbox 640 2922 665 2976; x_wconf 81' lang='lat'><strong>?</strong></span> 
     </span>
    </p>
   </div>
   <div class='ocr_carea' id='block_1_47' title="bbox 548 3011 2050 3084">
    <p class='ocr_par' dir='ltr' id='par_1_47' title="bbox 548 3011 2050 3084">
     <span class='ocr_line' id='line_1_47' title="bbox 548 3011 2050 3084; baseline -0.002 -15"><span class='ocrx_word' id='word_1_322' title='bbox 548 3014 714 3070; x_wconf 70' lang='lat' dir='ltr'><strong>Resp.</strong></span> <span class='ocrx_word' id='word_1_323' title='bbox 746 3013 891 3071; x_wconf 89' lang='lat' dir='ltr'><strong>Deus</strong></span> <span class='ocrx_word' id='word_1_324' title='bbox 914 3013 1052 3068; x_wconf 87' lang='lat' dir='ltr'><strong>nihil</strong></span> <span class='ocrx_word' id='word_1_325' title='bbox 1101 3028 1241 3084; x_wconf 90' lang='lat' dir='ltr'><strong>opus</strong></span> <span class='ocrx_word' id='word_1_326' title='bbox 1268 3011 1463 3067; x_wconf 87' lang='lat' dir='ltr'><strong>habuit</strong></span> <span class='ocrx_word' id='word_1_327' title='bbox 1515 3011 1911 3078; x_wconf 87' lang='lat' dir='ltr'><strong>incarnatione,</strong></span> <span class='ocrx_word' id='word_1_328' title='bbox 1954 3011 2050 3067; x_wconf 87' lang='lat' dir='ltr'><strong>sed</strong></span> 
     </span>
    </p>
   </div>
   <div class='ocr_carea' id='block_1_48' title="bbox 2156 1878 3726 1964">
    <p class='ocr_par' dir='ltr' id='par_1_48' title="bbox 2156 1878 3726 1964">
     <span class='ocr_line' id='line_1_48' title="bbox 2156 1878 3726 1964; baseline -0.013 -13"><span class='ocrx_word' id='word_1_329' title='bbox 2156 1898 2253 1951; x_wconf 75' lang='grc' dir='ltr'><strong>καὶ</strong></span> <span class='ocrx_word' id='word_1_330' title='bbox 2278 1896 2340 1949; x_wconf 88' lang='grc' dir='ltr'><strong>τὸ</strong></span> <span class='ocrx_word' id='word_1_331' title='bbox 2368 1895 2497 1950; x_wconf 78' lang='grc' dir='ltr'><strong>ἀλλο</strong></span> <span class='ocrx_word' id='word_1_332' title='bbox 2539 1892 2833 1964; x_wconf 81' lang='grc' dir='ltr'><strong>πρόσωπον</strong></span> <span class='ocrx_word' id='word_1_333' title='bbox 2858 1891 3077 1958; x_wconf 82' lang='grc' dir='ltr'><strong>λέγεται</strong></span> <span class='ocrx_word' id='word_1_334' title='bbox 3112 1885 3339 1955; x_wconf 90' lang='grc' dir='ltr'><strong>Πνεῦμα</strong></span> <span class='ocrx_word' id='word_1_335' title='bbox 3380 1881 3551 1951; x_wconf 76' lang='grc' dir='ltr'><strong>ἆγιον.</strong></span> <span class='ocrx_word' id='word_1_336' title='bbox 3589 1878 3726 1932; x_wconf 76' lang='grc' dir='ltr'><strong>Ἰδοὺ</strong></span> 
     </span>
    </p>
   </div>
   <div class='ocr_carea' id='block_1_49' title="bbox 2152 1968 3724 2056">
    <p class='ocr_par' dir='ltr' id='par_1_49' title="bbox 2152 1968 3724 2056">
     <span class='ocr_line' id='line_1_49' title="bbox 2152 1968 3724 2056; baseline -0.012 -15"><span class='ocrx_word' id='word_1_337' title='bbox 2152 1986 2339 2041; x_wconf 76' lang='grc' dir='ltr'><strong>λοιπὸν</strong></span> <span class='ocrx_word' id='word_1_338' title='bbox 2368 1986 2625 2056; x_wconf 80' lang='grc' dir='ltr'><strong>γίνωσκε,</strong></span> <span class='ocrx_word' id='word_1_339' title='bbox 2648 1984 2731 2036; x_wconf 81' lang='grc' dir='ltr'><strong>ὅτι</strong></span> <span class='ocrx_word' id='word_1_340' title='bbox 2762 1976 2917 2044; x_wconf 73' lang='grc' dir='ltr'><strong>οὗτος</strong></span> <span class='ocrx_word' id='word_1_341' title='bbox 2940 1982 2971 2033; x_wconf 91' lang='lat'><strong>6</strong></span> <span class='ocrx_word' id='word_1_342' title='bbox 2998 1980 3128 2042; x_wconf 84' lang='grc' dir='ltr'><strong>Υἱὸς</strong></span> <span class='ocrx_word' id='word_1_343' title='bbox 3154 1977 3252 2031; x_wconf 72' lang='grc' dir='ltr'><strong>καὶ</strong></span> <span class='ocrx_word' id='word_1_344' title='bbox 3275 1975 3446 2043; x_wconf 82' lang='grc' dir='ltr'><strong>Λόγος</strong></span> <span class='ocrx_word' id='word_1_345' title='bbox 3466 1972 3559 2025; x_wconf 83' lang='grc' dir='ltr'><strong>τοῦ</strong></span> <span class='ocrx_word' id='word_1_346' title='bbox 3586 1968 3724 2024; x_wconf 70' lang='grc' dir='ltr'><strong>Θεοῦ</strong></span> 
     </span>
    </p>
   </div>
   <div class='ocr_carea' id='block_1_50' title="bbox 2154 2062 3726 2148">
    <p class='ocr_par' dir='ltr' id='par_1_50' title="bbox 2154 2062 3726 2148">
     <span class='ocr_line' id='line_1_50' title="bbox 2154 2062 3726 2148; baseline -0.01 -16"><span class='ocrx_word' id='word_1_347' title='bbox 2154 2079 2250 2132; x_wconf 73' lang='grc' dir='ltr'><strong>καὶ</strong></span> <span class='ocrx_word' id='word_1_348' title='bbox 2286 2077 2501 2148; x_wconf 84' lang='grc' dir='ltr'><strong>Πατρὸς</strong></span> <span class='ocrx_word' id='word_1_349' title='bbox 2526 2075 2748 2145; x_wconf 77' lang='grc' dir='ltr'><strong>ἐνεδόθη</strong></span> <span class='ocrx_word' id='word_1_350' title='bbox 2782 2074 2960 2145; x_wconf 85' lang='grc' dir='ltr'><strong>σάρκα</strong></span> <span class='ocrx_word' id='word_1_351' title='bbox 2996 2069 3306 2141; x_wconf 75' lang='grc' dir='ltr'><strong>ἀνθρώπου,</strong></span> <span class='ocrx_word' id='word_1_352' title='bbox 3335 2067 3429 2121; x_wconf 73' lang='grc' dir='ltr'><strong>καὶ</strong></span> <span class='ocrx_word' id='word_1_353' title='bbox 3457 2062 3726 2136; x_wconf 75' lang='grc' dir='ltr'><strong>περιεπά·</strong></span> 
     </span>
    </p>
   </div>
   <div class='ocr_carea' id='block_1_51' title="bbox 2153 2153 3729 2243">
    <p class='ocr_par' dir='ltr' id='par_1_51' title="bbox 2153 2153 3729 2243">
     <span class='ocr_line' id='line_1_51' title="bbox 2153 2153 3729 2243; baseline -0.01 -19"><span class='ocrx_word' id='word_1_354' title='bbox 2153 2188 2319 2243; x_wconf 76' lang='grc' dir='ltr'><strong>τησεν</strong></span> <span class='ocrx_word' id='word_1_355' title='bbox 2344 2170 2422 2234; x_wconf 83' lang='grc' dir='ltr'><strong>ὠς</strong></span> <span class='ocrx_word' id='word_1_356' title='bbox 2463 2170 2751 2242; x_wconf 80' lang='grc' dir='ltr'><strong>ἄνθρωπος</strong></span> <span class='ocrx_word' id='word_1_357' title='bbox 2791 2171 2852 2221; x_wconf 80' lang='grc' dir='ltr'><strong>ὲν</strong></span> <span class='ocrx_word' id='word_1_358' title='bbox 2886 2168 2955 2236; x_wconf 82' lang='grc' dir='ltr'><strong>τῇ</strong></span> <span class='ocrx_word' id='word_1_359' title='bbox 2986 2166 3080 2235; x_wconf 73' lang='grc' dir='ltr'><strong>γῇ.</strong></span> <span class='ocrx_word' id='word_1_360' title='bbox 3121 2158 3424 2233; x_wconf 77' lang='grc' dir='ltr'><strong>Ὠνομάσθη</strong></span> <span class='ocrx_word' id='word_1_361' title='bbox 3456 2153 3551 2211; x_wconf 84' lang='grc' dir='ltr'><strong>οῦν</strong></span> <span class='ocrx_word' id='word_1_362' title='bbox 3590 2156 3729 2226; x_wconf 81' lang='grc' dir='ltr'><strong>Χρι-</strong></span> 
     </span>
    </p>
   </div>
   <div class='ocr_carea' id='block_1_52' title="bbox 2156 2244 3730 2334">
    <p class='ocr_par' dir='ltr' id='par_1_52' title="bbox 2156 2244 3730 2334">
     <span class='ocr_line' id='line_1_52' title="bbox 2156 2244 3730 2334; baseline -0.013 -15"><span class='ocrx_word' id='word_1_363' title='bbox 2156 2264 2301 2327; x_wconf 81' lang='grc' dir='ltr'><strong>στὸς,</strong></span> <span class='ocrx_word' id='word_1_364' title='bbox 2340 2262 2475 2316; x_wconf 83' lang='grc' dir='ltr'><strong>διότι</strong></span> <span class='ocrx_word' id='word_1_365' title='bbox 2511 2261 2774 2334; x_wconf 78' lang='grc' dir='ltr'><strong>ὲχρέσθη,</strong></span> <span class='ocrx_word' id='word_1_366' title='bbox 2821 2259 2942 2329; x_wconf 72' lang='grc' dir='ltr'><strong>ἦτοι</strong></span> <span class='ocrx_word' id='word_1_367' title='bbox 2988 2255 3215 2326; x_wconf 78' lang='grc' dir='ltr'><strong>ὲφόρεσε</strong></span> <span class='ocrx_word' id='word_1_368' title='bbox 3252 2252 3352 2324; x_wconf 74' lang='grc' dir='ltr'><strong>τὴν</strong></span> <span class='ocrx_word' id='word_1_369' title='bbox 3409 2251 3590 2320; x_wconf 87' lang='grc' dir='ltr'><strong>σάρκα</strong></span> <span class='ocrx_word' id='word_1_370' title='bbox 3636 2244 3730 2298; x_wconf 86' lang='grc' dir='ltr'><strong>τοῦ</strong></span> 
     </span>
    </p>
   </div>
   <div class='ocr_carea' id='block_1_53' title="bbox 2155 2340 3732 2429">
    <p class='ocr_par' dir='ltr' id='par_1_53' title="bbox 2155 2340 3732 2429">
     <span class='ocr_line' id='line_1_53' title="bbox 2155 2340 3732 2429; baseline -0.011 -18"><span class='ocrx_word' id='word_1_371' title='bbox 2155 2356 2470 2429; x_wconf 78' lang='grc' dir='ltr'><strong>ἀνθρώπου.</strong></span> <span class='ocrx_word' id='word_1_372' title='bbox 2517 2356 2631 2411; x_wconf 74' lang='grc' dir='ltr'><strong>Καὶ</strong></span> <span class='ocrx_word' id='word_1_373' title='bbox 2685 2354 2775 2407; x_wconf 76' lang='grc' dir='ltr'><strong>διὰ</strong></span> <span class='ocrx_word' id='word_1_374' title='bbox 2832 2349 2994 2404; x_wconf 84' lang='grc' dir='ltr'><strong>τοῦτο</strong></span> <span class='ocrx_word' id='word_1_375' title='bbox 3049 2348 3264 2416; x_wconf 85' lang='grc' dir='ltr'><strong>λέγεται</strong></span> <span class='ocrx_word' id='word_1_376' title='bbox 3314 2340 3732 2415; x_wconf 82' lang='grc' dir='ltr'><strong>σεσαρκωμένος</strong></span> 
     </span>
    </p>
   </div>
   <div class='ocr_carea' id='block_1_54' title="bbox 2154 2434 3729 2519">
    <p class='ocr_par' dir='ltr' id='par_1_54' title="bbox 2154 2434 3729 2519">
     <span class='ocr_line' id='line_1_54' title="bbox 2154 2434 3729 2519; baseline -0.011 -16"><span class='ocrx_word' id='word_1_377' title='bbox 2154 2450 2323 2513; x_wconf 85' lang='grc' dir='ltr'><strong>Θεὸς,</strong></span> <span class='ocrx_word' id='word_1_378' title='bbox 2364 2450 2460 2502; x_wconf 75' lang='grc' dir='ltr'><strong>καὶ</strong></span> <span class='ocrx_word' id='word_1_379' title='bbox 2501 2447 2737 2519; x_wconf 79' lang='grc' dir='ltr'><strong>Χριστὸς</strong></span> <span class='ocrx_word' id='word_1_380' title='bbox 2766 2448 2796 2499; x_wconf 97' lang='lat'><strong>6</strong></span> <span class='ocrx_word' id='word_1_381' title='bbox 2831 2444 2962 2507; x_wconf 84' lang='grc' dir='ltr'><strong>Υἱὸς</strong></span> <span class='ocrx_word' id='word_1_382' title='bbox 3003 2442 3099 2496; x_wconf 75' lang='grc' dir='ltr'><strong>καὶ</strong></span> <span class='ocrx_word' id='word_1_383' title='bbox 3138 2440 3309 2508; x_wconf 84' lang='grc' dir='ltr'><strong>Λόγος</strong></span> <span class='ocrx_word' id='word_1_384' title='bbox 3340 2437 3436 2491; x_wconf 91' lang='grc' dir='ltr'><strong>τοῦ</strong></span> <span class='ocrx_word' id='word_1_385' title='bbox 3467 2434 3605 2489; x_wconf 86' lang='grc' dir='ltr'><strong>Θεοῦ</strong></span> <span class='ocrx_word' id='word_1_386' title='bbox 3635 2436 3729 2488; x_wconf 75' lang='grc' dir='ltr'><strong>καὶ</strong></span> 
     </span>
    </p>
   </div>
   <div class='ocr_carea' id='block_1_55' title="bbox 2155 2529 3554 2610">
    <p class='ocr_par' dir='ltr' id='par_1_55' title="bbox 2155 2529 3554 2610">
     <span class='ocr_line' id='line_1_55' title="bbox 2155 2529 3554 2610; baseline -0.009 -14"><span class='ocrx_word' id='word_1_387' title='bbox 2155 2543 2309 2605; x_wconf 87' lang='grc' dir='ltr'><strong>Θεὸς,</strong></span> <span class='ocrx_word' id='word_1_388' title='bbox 2335 2541 2470 2594; x_wconf 84' lang='grc' dir='ltr'>διότι</span> <span class='ocrx_word' id='word_1_389' title='bbox 2496 2539 2725 2610; x_wconf 78' lang='grc' dir='ltr'><strong>ὲφόρεσε</strong></span> <span class='ocrx_word' id='word_1_390' title='bbox 2749 2537 2850 2609; x_wconf 80' lang='grc' dir='ltr'><strong>τὴν</strong></span> <span class='ocrx_word' id='word_1_391' title='bbox 2880 2535 2973 2589; x_wconf 83' lang='grc' dir='ltr'><strong>τοῦ</strong></span> <span class='ocrx_word' id='word_1_392' title='bbox 3003 2532 3291 2604; x_wconf 72' lang='grc' dir='ltr'><strong>ἀνθρώπου</strong></span> <span class='ocrx_word' id='word_1_393' title='bbox 3317 2529 3554 2602; x_wconf 80' lang='grc' dir='ltr'><strong>μορφήν.</strong></span> 
     </span>
    </p>
   </div>
   <div class='ocr_carea' id='block_1_56' title="bbox 2238 2616 3733 2704">
    <p class='ocr_par' dir='ltr' id='par_1_56' title="bbox 2238 2616 3733 2704">
     <span class='ocr_line' id='line_1_56' title="bbox 2238 2616 3733 2704; baseline -0.011 -16"><span class='ocrx_word' id='word_1_394' title='bbox 2238 2632 2434 2704; x_wconf 82' lang='grc' dir='ltr'><strong>Ἐρώτ.</strong></span> <span class='ocrx_word' id='word_1_395' title='bbox 2464 2633 2555 2702; x_wconf 85' lang='grc' dir='ltr'><strong>ιη’.</strong></span> <span class='ocrx_word' id='word_1_396' title='bbox 2596 2631 2708 2684; x_wconf 76' lang='grc' dir='ltr'><strong>Καὶ</strong></span> <span class='ocrx_word' id='word_1_397' title='bbox 2738 2629 2861 2682; x_wconf 78' lang='grc' dir='ltr'><strong>τίνα</strong></span> <span class='ocrx_word' id='word_1_398' title='bbox 2884 2627 3067 2695; x_wconf 82' lang='grc' dir='ltr'><strong>λόγον,</strong></span> <span class='ocrx_word' id='word_1_399' title='bbox 3096 2625 3132 2696; x_wconf 78' lang='grc' dir='ltr'>ἢ</span> <span class='ocrx_word' id='word_1_400' title='bbox 3161 2624 3285 2677; x_wconf 81' lang='grc' dir='ltr'><strong>τίνα</strong></span> <span class='ocrx_word' id='word_1_401' title='bbox 3319 2622 3508 2695; x_wconf 79' lang='grc' dir='ltr'><strong>χρείαν</strong></span> <span class='ocrx_word' id='word_1_402' title='bbox 3537 2616 3683 2691; x_wconf 80' lang='grc' dir='ltr'><strong>εἶχεν</strong></span> <span class='ocrx_word' id='word_1_403' title='bbox 3704 2618 3733 2672; x_wconf 90' lang='lat'><strong>6</strong></span> 
     </span>
    </p>
   </div>
   <div class='ocr_carea' id='block_1_57' title="bbox 2154 2712 3732 2795">
    <p class='ocr_par' dir='ltr' id='par_1_57' title="bbox 2154 2712 3732 2795">
     <span class='ocr_line' id='line_1_57' title="bbox 2154 2712 3732 2795; baseline -0.008 -17"><span class='ocrx_word' id='word_1_404' title='bbox 2154 2724 2308 2788; x_wconf 86' lang='grc' dir='ltr'><strong>Θεὸς,</strong></span> <span class='ocrx_word' id='word_1_405' title='bbox 2326 2725 2495 2795; x_wconf 67' lang='grc' dir='ltr'><strong>ἤγουν</strong></span> <span class='ocrx_word' id='word_1_406' title='bbox 2521 2724 2550 2775; x_wconf 88' lang='lat'><strong>6</strong></span> <span class='ocrx_word' id='word_1_407' title='bbox 2571 2721 2699 2784; x_wconf 85' lang='grc' dir='ltr'><strong>Υἱὸς</strong></span> <span class='ocrx_word' id='word_1_408' title='bbox 2717 2720 2813 2774; x_wconf 77' lang='grc' dir='ltr'><strong>καὶ</strong></span> <span class='ocrx_word' id='word_1_409' title='bbox 2834 2720 3008 2788; x_wconf 81' lang='grc' dir='ltr'><strong>Λόγος</strong></span> <span class='ocrx_word' id='word_1_410' title='bbox 3036 2716 3133 2795; x_wconf 84' lang='grc' dir='ltr'><strong>τοῦ</strong></span> <span class='ocrx_word' id='word_1_411' title='bbox 3160 2714 3318 2777; x_wconf 89' lang='grc' dir='ltr'><strong>Θεοῦ,</strong></span> <span class='ocrx_word' id='word_1_412' title='bbox 3337 2715 3426 2768; x_wconf 76' lang='grc' dir='ltr'><strong>ἵνα</strong></span> <span class='ocrx_word' id='word_1_413' title='bbox 3451 2712 3732 2785; x_wconf 72' lang='grc' dir='ltr'><strong>σαρκωθῇ,</strong></span> 
     </span>
    </p>
   </div>
   <div class='ocr_carea' id='block_1_58' title="bbox 2156 2810 3308 2887">
    <p class='ocr_par' dir='ltr' id='par_1_58' title="bbox 2156 2810 3308 2887">
     <span class='ocr_line' id='line_1_58' title="bbox 2156 2810 3308 2887; baseline -0.007 -17"><span class='ocrx_word' id='word_1_414' title='bbox 2156 2817 2252 2870; x_wconf 76' lang='grc' dir='ltr'><strong>καὶ</strong></span> <span class='ocrx_word' id='word_1_415' title='bbox 2268 2815 2344 2879; x_wconf 83' lang='grc' dir='ltr'><strong>ὡς</strong></span> <span class='ocrx_word' id='word_1_416' title='bbox 2372 2812 2468 2870; x_wconf 81' lang='grc' dir='ltr'><strong>ἀνθ</strong></span> <span class='ocrx_word' id='word_1_417' title='bbox 2477 2829 2658 2887; x_wconf 77' lang='grc' dir='ltr'><strong>ρωπος</strong></span> <span class='ocrx_word' id='word_1_418' title='bbox 2680 2814 3001 2883; x_wconf 79' lang='grc' dir='ltr'><strong>περιπατεῖν</strong></span> <span class='ocrx_word' id='word_1_419' title='bbox 3025 2811 3084 2863; x_wconf 84' lang='grc' dir='ltr'><strong>ὲν</strong></span> <span class='ocrx_word' id='word_1_420' title='bbox 3107 2811 3174 2880; x_wconf 76' lang='grc' dir='ltr'><strong>τῇ</strong></span> <span class='ocrx_word' id='word_1_421' title='bbox 3200 2810 3308 2879; x_wconf 60' lang='lat' dir='ltr'><strong>ﬁ;</strong></span> 
     </span>
    </p>
   </div>
   <div class='ocr_carea' id='block_1_59' title="bbox 2240 2981 3735 3064">
    <p class='ocr_par' dir='ltr' id='par_1_59' title="bbox 2240 2981 3735 3064">
     <span class='ocr_line' id='line_1_59' title="bbox 2240 2981 3735 3064; baseline -0.011 -14"><span class='ocrx_word' id='word_1_422' title='bbox 2240 2996 2430 3049; x_wconf 84' lang='grc' dir='ltr'><strong>Ἀπόκ.</strong></span> <span class='ocrx_word' id='word_1_423' title='bbox 2452 2992 2586 3057; x_wconf 83' lang='grc' dir='ltr'><strong>Θεὸς</strong></span> <span class='ocrx_word' id='word_1_424' title='bbox 2606 2992 2862 3064; x_wconf 70' lang='grc' dir='ltr'><strong>οὐδεμίαν</strong></span> <span class='ocrx_word' id='word_1_425' title='bbox 2890 2988 3078 3062; x_wconf 81' lang='grc' dir='ltr'><strong>χρείαν</strong></span> <span class='ocrx_word' id='word_1_426' title='bbox 3106 2983 3218 3059; x_wconf 79' lang='grc' dir='ltr'><strong>εἶχε</strong></span> <span class='ocrx_word' id='word_1_427' title='bbox 3240 2983 3336 3039; x_wconf 90' lang='grc' dir='ltr'><strong>τοῦ</strong></span> <span class='ocrx_word' id='word_1_428' title='bbox 3363 2981 3735 3055; x_wconf 84' lang='grc' dir='ltr'><strong>σαρκωθῆναι,</strong></span> 
     </span>
    </p>
   </div>
   <div class='ocr_carea' id='block_1_60' title="bbox 480 3073 2059 3177">
    <p class='ocr_par' dir='ltr' id='par_1_60' title="bbox 480 3073 2050 3177">
     <span class='ocr_line' id='line_1_60' title="bbox 480 3073 2050 3177; baseline -0.003 -14"><span class='ocrx_word' id='word_1_429' title='bbox 480 3109 723 3165; x_wconf 87' lang='lat' dir='ltr'><strong>humana</strong></span> <span class='ocrx_word' id='word_1_430' title='bbox 778 3115 977 3162; x_wconf 91' lang='lat' dir='ltr'><strong>natura</strong></span> <span class='ocrx_word' id='word_1_431' title='bbox 1038 3073 1319 3177; x_wconf 79' lang='lat' dir='ltr'><strong>indigebat</strong></span> <span class='ocrx_word' id='word_1_432' title='bbox 1391 3106 1699 3161; x_wconf 85' lang='lat' dir='ltr'><strong>sanatione.</strong></span> <span class='ocrx_word' id='word_1_433' title='bbox 1753 3073 2050 3177; x_wconf 59' lang='lat' dir='ltr'><strong>Poslduam</strong></span> 
     </span>
    </p>
   </div>
   <div class='ocr_carea' id='block_1_61' title="bbox 2160 3073 3734 3177">
    <p class='ocr_par' dir='ltr' id='par_1_61' title="bbox 2160 3073 3734 3159">
     <span class='ocr_line' id='line_1_61' title="bbox 2160 3073 3734 3159; baseline -0.011 -15"><span class='ocrx_word' id='word_1_434' title='bbox 2160 3088 2272 3144; x_wconf 82' lang='grc' dir='ltr'><strong>ἀλλ’</strong></span> <span class='ocrx_word' id='word_1_435' title='bbox 2307 3089 2342 3159; x_wconf 74' lang='grc' dir='ltr'><strong>ἡ</strong></span> <span class='ocrx_word' id='word_1_436' title='bbox 2382 3084 2743 3157; x_wconf 66' lang='grc' dir='ltr'><strong>ἅνθρωπός-ης</strong></span> <span class='ocrx_word' id='word_1_437' title='bbox 2796 3082 2977 3136; x_wconf 78' lang='grc' dir='ltr'><strong>ἐδέετο</strong></span> <span class='ocrx_word' id='word_1_438' title='bbox 3030 3078 3294 3152; x_wconf 77' lang='grc' dir='ltr'><strong>ἰατρείας.</strong></span> <span class='ocrx_word' id='word_1_439' title='bbox 3355 3074 3579 3144; x_wconf 82' lang='grc' dir='ltr'>Ἐπειδὴ</span> <span class='ocrx_word' id='word_1_440' title='bbox 3623 3073 3734 3144; x_wconf 81' lang='grc' dir='ltr'><strong>γὰρ</strong></span> 
     </span>
    </p>
   </div>
   <div class='ocr_carea' id='block_1_62' title="bbox 480 3165 2059 3267">
    <p class='ocr_par' dir='ltr' id='par_1_62' title="bbox 480 3198 2053 3267">
     <span class='ocr_line' id='line_1_62' title="bbox 480 3198 2053 3267; baseline -0.006 -8"><span class='ocrx_word' id='word_1_441' title='bbox 480 3200 790 3259; x_wconf 56' lang='grc' dir='ltr'><strong>ειιίῐηιΐοοίι</strong></span> <span class='ocrx_word' id='word_1_442' title='bbox 814 3199 960 3255; x_wconf 90' lang='lat' dir='ltr'><strong>Deus</strong></span> <span class='ocrx_word' id='word_1_443' title='bbox 989 3200 1190 3253; x_wconf 75' lang='lat' dir='ltr'><strong>cmlum</strong></span> <span class='ocrx_word' id='word_1_444' title='bbox 1233 3205 1290 3253; x_wconf 91' lang='lat' dir='ltr'><strong>et</strong></span> <span class='ocrx_word' id='word_1_445' title='bbox 1331 3204 1556 3263; x_wconf 89' lang='lat' dir='ltr'><strong>terram,</strong></span> <span class='ocrx_word' id='word_1_446' title='bbox 1609 3205 1664 3253; x_wconf 90' lang='lat' dir='ltr'><strong>et</strong></span> <span class='ocrx_word' id='word_1_447' title='bbox 1696 3198 1881 3252; x_wconf 88' lang='lat' dir='ltr'><strong>omnia</strong></span> <span class='ocrx_word' id='word_1_448' title='bbox 1931 3211 2053 3267; x_wconf 78' lang='lat' dir='ltr'><strong>qua:</strong></span> 
     </span>
    </p>
   </div>
   <div class='ocr_carea' id='block_1_63' title="bbox 2160 3165 3734 3267">
    <p class='ocr_par' dir='ltr' id='par_1_63' title="bbox 2160 3165 3734 3253">
     <span class='ocr_line' id='line_1_63' title="bbox 2160 3165 3734 3253; baseline -0.012 -18"><span class='ocrx_word' id='word_1_449' title='bbox 2160 3182 2413 3253; x_wconf 77' lang='grc' dir='ltr'><strong>ἐποίησεν</strong></span> <span class='ocrx_word' id='word_1_450' title='bbox 2437 3181 2466 3233; x_wconf 91' lang='lat'><strong>6</strong></span> <span class='ocrx_word' id='word_1_451' title='bbox 2502 3177 2635 3241; x_wconf 88' lang='grc' dir='ltr'><strong>Θεὸς</strong></span> <span class='ocrx_word' id='word_1_452' title='bbox 2664 3177 2757 3229; x_wconf 91' lang='grc' dir='ltr'><strong>τὸν</strong></span> <span class='ocrx_word' id='word_1_453' title='bbox 2782 3174 3011 3248; x_wconf 83' lang='grc' dir='ltr'><strong>οὐρανὸν</strong></span> <span class='ocrx_word' id='word_1_454' title='bbox 3040 3172 3137 3226; x_wconf 78' lang='grc' dir='ltr'><strong>καὶ</strong></span> <span class='ocrx_word' id='word_1_455' title='bbox 3156 3170 3256 3242; x_wconf 78' lang='grc' dir='ltr'><strong>τὴν</strong></span> <span class='ocrx_word' id='word_1_456' title='bbox 3283 3168 3409 3239; x_wconf 84' lang='grc' dir='ltr'><strong>γῆν,</strong></span> <span class='ocrx_word' id='word_1_457' title='bbox 3434 3167 3532 3221; x_wconf 79' lang='grc' dir='ltr'><strong>καὶ</strong></span> <span class='ocrx_word' id='word_1_458' title='bbox 3559 3165 3734 3220; x_wconf 82' lang='grc' dir='ltr'><strong>πάντα</strong></span> 
     </span>
    </p>
   </div>
   <div class='ocr_carea' id='block_1_64' title="bbox 480 3290 2054 3363">
    <p class='ocr_par' dir='ltr' id='par_1_64' title="bbox 480 3290 2054 3363">
     <span class='ocr_line' id='line_1_64' title="bbox 480 3290 2054 3363; baseline -0.004 -13"><span class='ocrx_word' id='word_1_459' title='bbox 480 3296 545 3350; x_wconf 87' lang='lat' dir='ltr'><strong>in</strong></span> <span class='ocrx_word' id='word_1_460' title='bbox 564 3295 646 3351; x_wconf 89' lang='lat' dir='ltr'><strong>eis</strong></span> <span class='ocrx_word' id='word_1_461' title='bbox 665 3301 819 3357; x_wconf 88' lang='lat' dir='ltr'><strong>sunt,</strong></span> <span class='ocrx_word' id='word_1_462' title='bbox 850 3293 1075 3363; x_wconf 81' lang='lat' dir='ltr'><strong>ﬁxitque</strong></span> <span class='ocrx_word' id='word_1_463' title='bbox 1108 3292 1383 3346; x_wconf 90' lang='lat' dir='ltr'><strong>hominem</strong></span> <span class='ocrx_word' id='word_1_464' title='bbox 1406 3298 1461 3345; x_wconf 92' lang='lat' dir='ltr'><strong>et</strong></span> <span class='ocrx_word' id='word_1_465' title='bbox 1487 3290 1669 3361; x_wconf 88' lang='lat' dir='ltr'><strong>posuit</strong></span> <span class='ocrx_word' id='word_1_466' title='bbox 1694 3305 1818 3346; x_wconf 92' lang='lat' dir='ltr'><strong>eum</strong></span> <span class='ocrx_word' id='word_1_467' title='bbox 1852 3290 1908 3344; x_wconf 91' lang='lat' dir='ltr'><strong>in</strong></span> <span class='ocrx_word' id='word_1_468' title='bbox 1938 3304 2054 3344; x_wconf 89' lang='lat' dir='ltr'><strong>me-</strong></span> 
     </span>
    </p>
   </div>
   <div class='ocr_carea' id='block_1_65' title="bbox 480 3382 2055 3457">
    <p class='ocr_par' dir='ltr' id='par_1_65' title="bbox 480 3382 2055 3457">
     <span class='ocr_line' id='line_1_65' title="bbox 480 3382 2055 3457; baseline -0.004 -15"><span class='ocrx_word' id='word_1_469' title='bbox 480 3386 574 3442; x_wconf 91' lang='lat' dir='ltr'><strong>dio</strong></span> <span class='ocrx_word' id='word_1_470' title='bbox 619 3384 885 3457; x_wconf 84' lang='lat' dir='ltr'><strong>paradisi,</strong></span> <span class='ocrx_word' id='word_1_471' title='bbox 939 3394 994 3441; x_wconf 94' lang='lat' dir='ltr'><strong>et</strong></span> <span class='ocrx_word' id='word_1_472' title='bbox 1038 3383 1326 3440; x_wconf 90' lang='lat' dir='ltr'><strong>constituit</strong></span> <span class='ocrx_word' id='word_1_473' title='bbox 1375 3398 1501 3439; x_wconf 90' lang='lat' dir='ltr'><strong>eum</strong></span> <span class='ocrx_word' id='word_1_474' title='bbox 1561 3397 1745 3452; x_wconf 82' lang='lat' dir='ltr'><strong>regem</strong></span> <span class='ocrx_word' id='word_1_475' title='bbox 1809 3382 2055 3437; x_wconf 89' lang='lat' dir='ltr'><strong>omnium</strong></span> 
     </span>
    </p>
   </div>
   <div class='ocr_carea' id='block_1_66' title="bbox 482 3470 2056 3543">
    <p class='ocr_par' dir='ltr' id='par_1_66' title="bbox 482 3470 2056 3543">
     <span class='ocr_line' id='line_1_66' title="bbox 482 3470 2056 3543; baseline -0.004 -14"><span class='ocrx_word' id='word_1_476' title='bbox 482 3482 887 3540; x_wconf 85' lang='lat' dir='ltr'><strong>creaturarum,</strong></span> <span class='ocrx_word' id='word_1_477' title='bbox 917 3481 978 3528; x_wconf 93' lang='lat' dir='ltr'><strong>ut</strong></span> <span class='ocrx_word' id='word_1_478' title='bbox 1005 3474 1189 3530; x_wconf 88' lang='lat' dir='ltr'><strong>omnia</strong></span> <span class='ocrx_word' id='word_1_479' title='bbox 1219 3473 1548 3528; x_wconf 84' lang='lat' dir='ltr'><strong>inservirent</strong></span> <span class='ocrx_word' id='word_1_480' title='bbox 1595 3472 1722 3543; x_wconf 87' lang='lat' dir='ltr'><strong>ipsi,</strong></span> <span class='ocrx_word' id='word_1_481' title='bbox 1755 3478 1811 3527; x_wconf 90' lang='lat' dir='ltr'><strong>et</strong></span> <span class='ocrx_word' id='word_1_482' title='bbox 1840 3470 2056 3525; x_wconf 87' lang='lat' dir='ltr'><strong>habita-</strong></span> 
     </span>
    </p>
   </div>
   <div class='ocr_carea' id='block_1_67' title="bbox 482 3561 2056 3637">
    <p class='ocr_par' dir='ltr' id='par_1_67' title="bbox 482 3561 2056 3637">
     <span class='ocr_line' id='line_1_67' title="bbox 482 3561 2056 3637; baseline -0.003 -16"><span class='ocrx_word' id='word_1_483' title='bbox 482 3574 569 3622; x_wconf 88' lang='lat' dir='ltr'><strong>ret</strong></span> <span class='ocrx_word' id='word_1_484' title='bbox 599 3566 718 3637; x_wconf 87' lang='lat' dir='ltr'><strong>ipse</strong></span> <span class='ocrx_word' id='word_1_485' title='bbox 786 3567 843 3621; x_wconf 91' lang='lat' dir='ltr'><strong>in</strong></span> <span class='ocrx_word' id='word_1_486' title='bbox 896 3565 1173 3637; x_wconf 89' lang='lat' dir='ltr'><strong>paradiso,</strong></span> <span class='ocrx_word' id='word_1_487' title='bbox 1221 3570 1482 3634; x_wconf 90' lang='lat' dir='ltr'><strong>tanquam</strong></span> <span class='ocrx_word' id='word_1_488' title='bbox 1530 3562 1628 3620; x_wconf 90' lang='lat' dir='ltr'><strong>Dei</strong></span> <span class='ocrx_word' id='word_1_489' title='bbox 1675 3564 1871 3634; x_wconf 82' lang='lat' dir='ltr'><strong>imago.</strong></span> <span class='ocrx_word' id='word_1_490' title='bbox 1918 3561 2056 3617; x_wconf 88' lang='lat' dir='ltr'><strong>Cum</strong></span> 
     </span>
    </p>
   </div>
   <div class='ocr_carea' id='block_1_68' title="bbox 483 3657 2060 3723">
    <p class='ocr_par' dir='ltr' id='par_1_68' title="bbox 483 3657 2060 3723">
     <span class='ocr_line' id='line_1_68' title="bbox 483 3657 2060 3723; baseline -0.001 -8"><span class='ocrx_word' id='word_1_491' title='bbox 483 3659 654 3715; x_wconf 81' lang='lat' dir='ltr'><strong>sciret</strong></span> <span class='ocrx_word' id='word_1_492' title='bbox 694 3659 799 3714; x_wconf 89' lang='lat' dir='ltr'><strong>hoc</strong></span> <span class='ocrx_word' id='word_1_493' title='bbox 851 3658 1127 3723; x_wconf 88' lang='lat' dir='ltr'><strong>diabolus,</strong></span> <span class='ocrx_word' id='word_1_494' title='bbox 1162 3657 1419 3713; x_wconf 85' lang='lat' dir='ltr'><strong>invidens</strong></span> <span class='ocrx_word' id='word_1_495' title='bbox 1466 3657 1676 3713; x_wconf 91' lang='lat' dir='ltr'><strong>homini</strong></span> <span class='ocrx_word' id='word_1_496' title='bbox 1723 3666 1935 3714; x_wconf 88' lang='lat' dir='ltr'><strong>tantam</strong></span> <span class='ocrx_word' id='word_1_497' title='bbox 1973 3658 2060 3713; x_wconf 90' lang='lat' dir='ltr'><strong>di-</strong></span> 
     </span>
    </p>
   </div>
   <div class='ocr_carea' id='block_1_69' title="bbox 480 3751 2059 3826">
    <p class='ocr_par' dir='ltr' id='par_1_69' title="bbox 480 3751 2059 3826">
     <span class='ocr_line' id='line_1_69' title="bbox 480 3751 2059 3826; baseline -0.001 -19"><span class='ocrx_word' id='word_1_498' title='bbox 480 3754 782 3826; x_wconf 78' lang='lat' dir='ltr'><strong>gnitatem,</strong></span> <span class='ocrx_word' id='word_1_499' title='bbox 839 3752 988 3809; x_wconf 89' lang='lat' dir='ltr'><strong>dedit</strong></span> <span class='ocrx_word' id='word_1_500' title='bbox 1044 3752 1250 3807; x_wconf 89' lang='lat' dir='ltr'><strong>homini</strong></span> <span class='ocrx_word' id='word_1_501' title='bbox 1317 3751 1607 3808; x_wconf 85' lang='lat' dir='ltr'><strong>consilium</strong></span> <span class='ocrx_word' id='word_1_502' title='bbox 1668 3759 1730 3806; x_wconf 91' lang='lat' dir='ltr'><strong>ut</strong></span> <span class='ocrx_word' id='word_1_503' title='bbox 1781 3751 1894 3807; x_wconf 90' lang='lat' dir='ltr'><strong>Deo</strong></span> <span class='ocrx_word' id='word_1_504' title='bbox 1945 3766 2059 3807; x_wconf 90' lang='lat' dir='ltr'><strong>non</strong></span> 
     </span>
    </p>
   </div>
   <div class='ocr_carea' id='block_1_70' title="bbox 482 3842 2056 3915">
    <p class='ocr_par' dir='ltr' id='par_1_70' title="bbox 482 3842 2056 3915">
     <span class='ocr_line' id='line_1_70' title="bbox 482 3842 2056 3915; baseline -0.001 -16"><span class='ocrx_word' id='word_1_505' title='bbox 482 3845 908 3915; x_wconf 87' lang='lat' dir='ltr'><strong>obtemperaret,</strong></span> <span class='ocrx_word' id='word_1_506' title='bbox 934 3851 994 3898; x_wconf 89' lang='lat' dir='ltr'><strong>ut</strong></span> <span class='ocrx_word' id='word_1_507' title='bbox 1011 3860 1109 3914; x_wconf 90' lang='lat' dir='ltr'><strong>per</strong></span> <span class='ocrx_word' id='word_1_508' title='bbox 1141 3842 1566 3899; x_wconf 87' lang='lat' dir='ltr'><strong>inobedientiam</strong></span> <span class='ocrx_word' id='word_1_509' title='bbox 1625 3843 1769 3900; x_wconf 90' lang='lat' dir='ltr'><strong>Deus</strong></span> <span class='ocrx_word' id='word_1_510' title='bbox 1796 3859 1922 3899; x_wconf 89' lang='lat' dir='ltr'><strong>eum</strong></span> <span class='ocrx_word' id='word_1_511' title='bbox 1952 3844 2056 3899; x_wconf 86' lang='lat' dir='ltr'><strong>eli-</strong></span> 
     </span>
    </p>
   </div>
   <div class='ocr_carea' id='block_1_71' title="bbox 483 3931 2061 4003">
    <p class='ocr_par' dir='ltr' id='par_1_71' title="bbox 483 3931 2061 4003">
     <span class='ocr_line' id='line_1_71' title="bbox 483 3931 2061 4003; baseline 0 -16"><span class='ocrx_word' id='word_1_512' title='bbox 483 3934 720 3988; x_wconf 90' lang='lat' dir='ltr'><strong>minaret</strong></span> <span class='ocrx_word' id='word_1_513' title='bbox 754 3947 822 3988; x_wconf 78' lang='lat' dir='ltr'><strong>ex</strong></span> <span class='ocrx_word' id='word_1_514' title='bbox 872 3932 1152 4003; x_wconf 86' lang='lat' dir='ltr'><strong>paradiso,</strong></span> <span class='ocrx_word' id='word_1_515' title='bbox 1190 3940 1247 3987; x_wconf 90' lang='lat' dir='ltr'><strong>et</strong></span> <span class='ocrx_word' id='word_1_516' title='bbox 1268 3931 1510 4002; x_wconf 84' lang='lat' dir='ltr'><strong>privaret</strong></span> <span class='ocrx_word' id='word_1_517' title='bbox 1557 3932 1713 3987; x_wconf 91' lang='lat' dir='ltr'><strong>illum</strong></span> <span class='ocrx_word' id='word_1_518' title='bbox 1764 3932 1948 3987; x_wconf 87' lang='lat' dir='ltr'><strong>divina</strong></span> <span class='ocrx_word' id='word_1_519' title='bbox 1973 3932 2061 3987; x_wconf 87' lang='lat' dir='ltr'><strong>di-</strong></span> 
     </span>
    </p>
   </div>
   <div class='ocr_carea' id='block_1_72' title="bbox 481 4022 2059 4097">
    <p class='ocr_par' dir='ltr' id='par_1_72' title="bbox 481 4022 2059 4097">
     <span class='ocr_line' id='line_1_72' title="bbox 481 4022 2059 4097; baseline -0.001 -16"><span class='ocrx_word' id='word_1_520' title='bbox 481 4027 709 4097; x_wconf 79' lang='lat' dir='ltr'><strong>gnitate,</strong></span> <span class='ocrx_word' id='word_1_521' title='bbox 737 4034 793 4080; x_wconf 94' lang='lat' dir='ltr'><strong>et</strong></span> <span class='ocrx_word' id='word_1_522' title='bbox 822 4025 1184 4079; x_wconf 86' lang='lat' dir='ltr'><strong>immortalem</strong></span> <span class='ocrx_word' id='word_1_523' title='bbox 1240 4022 1494 4079; x_wconf 88' lang='lat' dir='ltr'><strong>redderet</strong></span> <span class='ocrx_word' id='word_1_524' title='bbox 1540 4024 1850 4079; x_wconf 88' lang='lat' dir='ltr'><strong>mortalem.</strong></span> <span class='ocrx_word' id='word_1_525' title='bbox 1884 4023 2059 4079; x_wconf 82' lang='lat' dir='ltr'><strong>Homo</strong></span> 
     </span>
    </p>
   </div>
   <div class='ocr_carea' id='block_1_73' title="bbox 483 4114 2061 4186">
    <p class='ocr_par' dir='ltr' id='par_1_73' title="bbox 483 4114 2061 4186">
     <span class='ocr_line' id='line_1_73' title="bbox 483 4114 2061 4186; baseline 0.001 -16"><span class='ocrx_word' id='word_1_526' title='bbox 483 4132 636 4181; x_wconf 89' lang='lat' dir='ltr'><strong>vero,</strong></span> <span class='ocrx_word' id='word_1_527' title='bbox 677 4123 738 4170; x_wconf 91' lang='lat' dir='ltr'><strong>ut</strong></span> <span class='ocrx_word' id='word_1_528' title='bbox 767 4118 861 4186; x_wconf 91' lang='lat' dir='ltr'><strong>qui</strong></span> <span class='ocrx_word' id='word_1_529' title='bbox 886 4117 1091 4171; x_wconf 89' lang='lat' dir='ltr'><strong>nullam</strong></span> <span class='ocrx_word' id='word_1_530' title='bbox 1128 4114 1357 4169; x_wconf 88' lang='lat' dir='ltr'><strong>haberet</strong></span> <span class='ocrx_word' id='word_1_531' title='bbox 1384 4115 1639 4185; x_wconf 90' lang='lat' dir='ltr'><strong>peritiam</strong></span> <span class='ocrx_word' id='word_1_532' title='bbox 1689 4118 1913 4173; x_wconf 76' lang='lat' dir='ltr'><strong>malitia:</strong></span> <span class='ocrx_word' id='word_1_533' title='bbox 1956 4118 2061 4172; x_wconf 86' lang='lat' dir='ltr'><strong>im-</strong></span> 
     </span>
    </p>
   </div>
   <div class='ocr_carea' id='block_1_74' title="bbox 482 4198 2060 4270">
    <p class='ocr_par' dir='ltr' id='par_1_74' title="bbox 482 4198 2060 4270">
     <span class='ocr_line' id='line_1_74' title="bbox 482 4198 2060 4270; baseline 0.001 -18"><span class='ocrx_word' id='word_1_534' title='bbox 482 4200 641 4270; x_wconf 84' lang='lat' dir='ltr'><strong>probi</strong></span> <span class='ocrx_word' id='word_1_535' title='bbox 669 4200 838 4264; x_wconf 91' lang='lat' dir='ltr'><strong>illius,</strong></span> <span class='ocrx_word' id='word_1_536' title='bbox 877 4199 1273 4269; x_wconf 82' lang='lat' dir='ltr'><strong>obtemperavit</strong></span> <span class='ocrx_word' id='word_1_537' title='bbox 1318 4198 1551 4255; x_wconf 91' lang='lat' dir='ltr'><strong>consilio</strong></span> <span class='ocrx_word' id='word_1_538' title='bbox 1603 4199 1829 4267; x_wconf 90' lang='lat' dir='ltr'><strong>diaboli,</strong></span> <span class='ocrx_word' id='word_1_539' title='bbox 1862 4209 1917 4257; x_wconf 94' lang='lat' dir='ltr'><strong>et</strong></span> <span class='ocrx_word' id='word_1_540' title='bbox 1947 4216 2060 4256; x_wconf 92' lang='lat' dir='ltr'><strong>non</strong></span> 
     </span>
    </p>
   </div>
   <div class='ocr_carea' id='block_1_75' title="bbox 484 4290 2061 4354">
    <p class='ocr_par' dir='ltr' id='par_1_75' title="bbox 484 4290 2061 4354">
     <span class='ocr_line' id='line_1_75' title="bbox 484 4290 2061 4354; baseline 0 -7"><span class='ocrx_word' id='word_1_541' title='bbox 484 4293 786 4349; x_wconf 86' lang='lat' dir='ltr'><strong>obsecutus</strong></span> <span class='ocrx_word' id='word_1_542' title='bbox 808 4301 893 4347; x_wconf 87' lang='lat' dir='ltr'><strong>est</strong></span> <span class='ocrx_word' id='word_1_543' title='bbox 917 4290 1052 4354; x_wconf 90' lang='lat' dir='ltr'><strong>Deo,</strong></span> <span class='ocrx_word' id='word_1_544' title='bbox 1083 4298 1139 4346; x_wconf 91' lang='lat' dir='ltr'><strong>et</strong></span> <span class='ocrx_word' id='word_1_545' title='bbox 1182 4306 1248 4347; x_wconf 78' lang='lat' dir='ltr'><strong>ex</strong></span> <span class='ocrx_word' id='word_1_546' title='bbox 1299 4291 1394 4346; x_wconf 91' lang='lat' dir='ltr'><strong>illo</strong></span> <span class='ocrx_word' id='word_1_547' title='bbox 1432 4294 1597 4348; x_wconf 89' lang='lat' dir='ltr'><strong>morti</strong></span> <span class='ocrx_word' id='word_1_548' title='bbox 1647 4294 1919 4351; x_wconf 77' lang='lat' dir='ltr'><strong>obnoxius</strong></span> <span class='ocrx_word' id='word_1_549' title='bbox 1956 4294 2061 4349; x_wconf 80' lang='lat' dir='ltr'><strong>fuit</strong></span> 
     </span>
    </p>
   </div>
   <div class='ocr_carea' id='block_1_76' title="bbox 482 4378 2116 4452">
    <p class='ocr_par' dir='ltr' id='par_1_76' title="bbox 482 4378 2116 4452">
     <span class='ocr_line' id='line_1_76' title="bbox 482 4378 2116 4452; baseline 0.004 -19"><span class='ocrx_word' id='word_1_550' title='bbox 482 4379 695 4449; x_wconf 89' lang='lat' dir='ltr'><strong>peccati</strong></span> <span class='ocrx_word' id='word_1_551' title='bbox 725 4399 738 4434; x_wconf 90' lang='lat'><strong>:</strong></span> <span class='ocrx_word' id='word_1_552' title='bbox 772 4378 998 4452; x_wconf 88' lang='lat' dir='ltr'><strong>perinde</strong></span> <span class='ocrx_word' id='word_1_553' title='bbox 1025 4378 1188 4433; x_wconf 90' lang='lat' dir='ltr'><strong>etiam</strong></span> <span class='ocrx_word' id='word_1_554' title='bbox 1214 4394 1407 4437; x_wconf 90' lang='lat' dir='ltr'><strong>omnes</strong></span> <span class='ocrx_word' id='word_1_555' title='bbox 1431 4396 1498 4436; x_wconf 84' lang='lat' dir='ltr'><strong>ex</strong></span> <span class='ocrx_word' id='word_1_556' title='bbox 1529 4383 1649 4452; x_wconf 88' lang='lat' dir='ltr'><strong>ipso</strong></span> <span class='ocrx_word' id='word_1_557' title='bbox 1671 4386 1784 4439; x_wconf 88' lang='lat' dir='ltr'><strong>nati</strong></span> <span class='ocrx_word' id='word_1_558' title='bbox 1806 4385 2061 4440; x_wconf 87' lang='lat' dir='ltr'><strong>homines</strong></span> <span class='ocrx_word' id='word_1_559' title='bbox 2107 4425 2116 4432; x_wconf 88' lang='lat'><strong>.</strong></span> 
     </span>
    </p>
   </div>
   <div class='ocr_carea' id='block_1_77' title="bbox 481 4472 2060 4544">
    <p class='ocr_par' dir='ltr' id='par_1_77' title="bbox 481 4472 2060 4544">
     <span class='ocr_line' id='line_1_77' title="bbox 481 4472 2060 4544; baseline 0.005 -18"><span class='ocrx_word' id='word_1_560' title='bbox 481 4472 633 4527; x_wconf 83' lang='lat' dir='ltr'><strong>velut</strong></span> <span class='ocrx_word' id='word_1_561' title='bbox 687 4487 754 4527; x_wconf 79' lang='lat' dir='ltr'><strong>ex</strong></span> <span class='ocrx_word' id='word_1_562' title='bbox 800 4472 1110 4544; x_wconf 89' lang='lat' dir='ltr'><strong>majoribus</strong></span> <span class='ocrx_word' id='word_1_563' title='bbox 1161 4478 1446 4541; x_wconf 88' lang='lat' dir='ltr'><strong>peccatum</strong></span> <span class='ocrx_word' id='word_1_564' title='bbox 1510 4477 1568 4530; x_wconf 90' lang='lat' dir='ltr'><strong>in</strong></span> <span class='ocrx_word' id='word_1_565' title='bbox 1635 4491 1695 4532; x_wconf 91' lang='lat' dir='ltr'><strong>se</strong></span> <span class='ocrx_word' id='word_1_566' title='bbox 1745 4477 2060 4534; x_wconf 88' lang='lat' dir='ltr'><strong>derivantes</strong></span> 
     </span>
    </p>
   </div>
   <div class='ocr_carea' id='block_1_78' title="bbox 2156 3257 3735 3335">
    <p class='ocr_par' dir='ltr' id='par_1_78' title="bbox 2156 3257 3735 3335">
     <span class='ocr_line' id='line_1_78' title="bbox 2156 3257 3735 3335; baseline -0.011 -8"><span class='ocrx_word' id='word_1_567' title='bbox 2156 3274 2226 3327; x_wconf 83' lang='grc' dir='ltr'><strong>τὰ</strong></span> <span class='ocrx_word' id='word_1_568' title='bbox 2258 3275 2315 3325; x_wconf 84' lang='grc' dir='ltr'><strong>ὲν</strong></span> <span class='ocrx_word' id='word_1_569' title='bbox 2366 3272 2571 3335; x_wconf 81' lang='grc' dir='ltr'><strong>αὐτοῖς,</strong></span> <span class='ocrx_word' id='word_1_570' title='bbox 2624 3269 2830 3324; x_wconf 84' lang='grc' dir='ltr'><strong>ὲπλασε</strong></span> <span class='ocrx_word' id='word_1_571' title='bbox 2887 3267 2944 3321; x_wconf 81' lang='grc' dir='ltr'><strong>δὲ</strong></span> <span class='ocrx_word' id='word_1_572' title='bbox 2991 3266 3087 3319; x_wconf 77' lang='grc' dir='ltr'><strong>καὶ</strong></span> <span class='ocrx_word' id='word_1_573' title='bbox 3128 3263 3221 3316; x_wconf 87' lang='grc' dir='ltr'><strong>τὸν</strong></span> <span class='ocrx_word' id='word_1_574' title='bbox 3268 3261 3591 3333; x_wconf 77' lang='grc' dir='ltr'><strong>ἄνθρωπον,</strong></span> <span class='ocrx_word' id='word_1_575' title='bbox 3641 3257 3735 3311; x_wconf 76' lang='grc' dir='ltr'><strong>καὶ</strong></span> 
     </span>
    </p>
   </div>
   <div class='ocr_carea' id='block_1_79' title="bbox 2157 3349 3734 3437">
    <p class='ocr_par' dir='ltr' id='par_1_79' title="bbox 2157 3349 3734 3437">
     <span class='ocr_line' id='line_1_79' title="bbox 2157 3349 3734 3437; baseline -0.012 -18"><span class='ocrx_word' id='word_1_576' title='bbox 2157 3366 2355 3437; x_wconf 78' lang='grc' dir='ltr'><strong>ἔθηκεν</strong></span> <span class='ocrx_word' id='word_1_577' title='bbox 2388 3362 2552 3417; x_wconf 78' lang='grc' dir='ltr'><strong>αὑτὸν</strong></span> <span class='ocrx_word' id='word_1_578' title='bbox 2584 3364 2642 3415; x_wconf 84' lang='grc' dir='ltr'><strong>ὲν</strong></span> <span class='ocrx_word' id='word_1_579' title='bbox 2686 3362 2835 3434; x_wconf 79' lang='grc' dir='ltr'><strong>μέσῳ</strong></span> <span class='ocrx_word' id='word_1_580' title='bbox 2875 3358 2970 3413; x_wconf 91' lang='grc' dir='ltr'><strong>τοῦ</strong></span> <span class='ocrx_word' id='word_1_581' title='bbox 3000 3355 3365 3429; x_wconf 80' lang='grc' dir='ltr'><strong>παραδείσου.</strong></span> <span class='ocrx_word' id='word_1_582' title='bbox 3412 3352 3509 3406; x_wconf 57' lang='grc' dir='ltr'><strong>καὶ⁵</strong></span> <span class='ocrx_word' id='word_1_583' title='bbox 3548 3349 3734 3414; x_wconf 72' lang='grc' dir='ltr'><strong>ἔταξεν</strong></span> 
     </span>
    </p>
   </div>
   <div class='ocr_carea' id='block_1_80' title="bbox 2158 3441 3736 3527">
    <p class='ocr_par' dir='ltr' id='par_1_80' title="bbox 2158 3441 3736 3527">
     <span class='ocr_line' id='line_1_80' title="bbox 2158 3441 3736 3527; baseline -0.012 -16"><span class='ocrx_word' id='word_1_584' title='bbox 2158 3456 2320 3512; x_wconf 79' lang='grc' dir='ltr'><strong>αὑτὸν</strong></span> <span class='ocrx_word' id='word_1_585' title='bbox 2363 3454 2588 3527; x_wconf 77' lang='grc' dir='ltr'><strong>βασιλέα</strong></span> <span class='ocrx_word' id='word_1_586' title='bbox 2629 3455 2711 3517; x_wconf 84' lang='grc' dir='ltr'><strong>είς</strong></span> <span class='ocrx_word' id='word_1_587' title='bbox 2758 3451 2940 3505; x_wconf 86' lang='grc' dir='ltr'><strong>πάντα</strong></span> <span class='ocrx_word' id='word_1_588' title='bbox 2977 3448 3048 3502; x_wconf 80' lang='grc' dir='ltr'><strong>τά</strong></span> <span class='ocrx_word' id='word_1_589' title='bbox 3095 3446 3409 3516; x_wconf 83' lang='grc' dir='ltr'><strong>κτίσματα,</strong></span> <span class='ocrx_word' id='word_1_590' title='bbox 3437 3443 3527 3496; x_wconf 84' lang='grc' dir='ltr'><strong>ἵνα</strong></span> <span class='ocrx_word' id='word_1_591' title='bbox 3558 3441 3736 3495; x_wconf 80' lang='grc' dir='ltr'><strong>πάντα</strong></span> 
     </span>
    </p>
   </div>
   <div class='ocr_carea' id='block_1_81' title="bbox 2157 3538 3733 3619">
    <p class='ocr_par' dir='ltr' id='par_1_81' title="bbox 2157 3538 3733 3619">
     <span class='ocr_line' id='line_1_81' title="bbox 2157 3538 3733 3619; baseline -0.01 -14"><span class='ocrx_word' id='word_1_592' title='bbox 2157 3552 2482 3605; x_wconf 74' lang='grc' dir='ltr'><strong>δουλεύωσιν</strong></span> <span class='ocrx_word' id='word_1_593' title='bbox 2511 3546 2680 3619; x_wconf 81' lang='grc' dir='ltr'><strong>αὐτῷ,</strong></span> <span class='ocrx_word' id='word_1_594' title='bbox 2710 3547 2806 3600; x_wconf 75' lang='grc' dir='ltr'><strong>καὶ</strong></span> <span class='ocrx_word' id='word_1_595' title='bbox 2846 3546 3121 3599; x_wconf 82' lang='grc' dir='ltr'><strong>κατοικεῖν</strong></span> <span class='ocrx_word' id='word_1_596' title='bbox 3153 3541 3317 3595; x_wconf 83' lang='grc' dir='ltr'><strong>αὐτὸν</strong></span> <span class='ocrx_word' id='word_1_597' title='bbox 3344 3543 3404 3594; x_wconf 84' lang='grc' dir='ltr'><strong>ὲν</strong></span> <span class='ocrx_word' id='word_1_598' title='bbox 3432 3538 3512 3609; x_wconf 82' lang='grc' dir='ltr'><strong>τῷ</strong></span> <span class='ocrx_word' id='word_1_599' title='bbox 3561 3553 3733 3610; x_wconf 78' lang='grc' dir='ltr'><strong>παρα-</strong></span> 
     </span>
    </p>
   </div>
   <div class='ocr_carea' id='block_1_82' title="bbox 2158 3628 3734 3712">
    <p class='ocr_par' dir='ltr' id='par_1_82' title="bbox 2158 3628 3734 3712">
     <span class='ocr_line' id='line_1_82' title="bbox 2158 3628 3734 3712; baseline -0.008 -18"><span class='ocrx_word' id='word_1_600' title='bbox 2158 3642 2339 3712; x_wconf 87' lang='grc' dir='ltr'><strong>δείσῳ,</strong></span> <span class='ocrx_word' id='word_1_601' title='bbox 2374 3641 2451 3703; x_wconf 84' lang='grc' dir='ltr'><strong>ὡς</strong></span> <span class='ocrx_word' id='word_1_602' title='bbox 2478 3637 2617 3693; x_wconf 86' lang='grc' dir='ltr'><strong>Θεοῦ</strong></span> <span class='ocrx_word' id='word_1_603' title='bbox 2674 3636 2862 3692; x_wconf 79' lang='grc' dir='ltr'><strong>εἰκών.</strong></span> <span class='ocrx_word' id='word_1_604' title='bbox 2900 3633 3072 3698; x_wconf 79' lang='grc' dir='ltr'><strong>Εἰδὼς</strong></span> <span class='ocrx_word' id='word_1_605' title='bbox 3104 3632 3264 3686; x_wconf 84' lang='grc' dir='ltr'><strong>τοῦτο</strong></span> <span class='ocrx_word' id='word_1_606' title='bbox 3283 3634 3313 3685; x_wconf 91' lang='lat'><strong>6</strong></span> <span class='ocrx_word' id='word_1_607' title='bbox 3346 3630 3615 3693; x_wconf 88' lang='grc' dir='ltr'><strong>διάϐολος,</strong></span> <span class='ocrx_word' id='word_1_608' title='bbox 3643 3628 3734 3683; x_wconf 74' lang='grc' dir='ltr'><strong>καὶ</strong></span> 
     </span>
    </p>
   </div>
   <div class='ocr_carea' id='block_1_83' title="bbox 2161 3721 3734 3805">
    <p class='ocr_par' dir='ltr' id='par_1_83' title="bbox 2161 3721 3734 3805">
     <span class='ocr_line' id='line_1_83' title="bbox 2161 3721 3734 3805; baseline -0.009 -18"><span class='ocrx_word' id='word_1_609' title='bbox 2161 3733 2436 3805; x_wconf 81' lang='grc' dir='ltr'><strong>φθονήσας</strong></span> <span class='ocrx_word' id='word_1_610' title='bbox 2468 3732 2571 3803; x_wconf 80' lang='grc' dir='ltr'><strong>τὴν</strong></span> <span class='ocrx_word' id='word_1_611' title='bbox 2602 3729 2698 3784; x_wconf 87' lang='grc' dir='ltr'><strong>τοῦ</strong></span> <span class='ocrx_word' id='word_1_612' title='bbox 2735 3727 3024 3801; x_wconf 79' lang='grc' dir='ltr'><strong>ἀνθρώπου</strong></span> <span class='ocrx_word' id='word_1_613' title='bbox 3071 3725 3226 3791; x_wconf 80' lang='grc' dir='ltr'><strong>ἀξίαν</strong></span> <span class='ocrx_word' id='word_1_614' title='bbox 3246 3764 3262 3788; x_wconf 93' lang='grc'><strong>,</strong></span> <span class='ocrx_word' id='word_1_615' title='bbox 3318 3721 3734 3777; x_wconf 76' lang='grc' dir='ltr'><strong>συνεϐούλευσεν</strong></span> 
     </span>
    </p>
   </div>
   <div class='ocr_carea' id='block_1_84' title="bbox 2160 3813 3735 3895">
    <p class='ocr_par' dir='ltr' id='par_1_84' title="bbox 2160 3813 3735 3895">
     <span class='ocr_line' id='line_1_84' title="bbox 2160 3813 3735 3895; baseline -0.008 -17"><span class='ocrx_word' id='word_1_616' title='bbox 2160 3824 2313 3895; x_wconf 80' lang='grc' dir='ltr'><strong>αὐτῷ</strong></span> <span class='ocrx_word' id='word_1_617' title='bbox 2342 3823 2423 3895; x_wconf 83' lang='grc' dir='ltr'><strong>τῷ</strong></span> <span class='ocrx_word' id='word_1_618' title='bbox 2474 3822 2748 3895; x_wconf 80' lang='grc' dir='ltr'><strong>ἀνθρώπῳ</strong></span> <span class='ocrx_word' id='word_1_619' title='bbox 2792 3818 3140 3894; x_wconf 85' lang='grc' dir='ltr'><strong>παρακοῦσαι</strong></span> <span class='ocrx_word' id='word_1_620' title='bbox 3180 3817 3275 3871; x_wconf 88' lang='grc' dir='ltr'><strong>τοῦ</strong></span> <span class='ocrx_word' id='word_1_621' title='bbox 3326 3815 3485 3879; x_wconf 85' lang='grc' dir='ltr'><strong>Θεοῦ,</strong></span> <span class='ocrx_word' id='word_1_622' title='bbox 3517 3815 3607 3869; x_wconf 78' lang='grc' dir='ltr'><strong>ἵνα</strong></span> <span class='ocrx_word' id='word_1_623' title='bbox 3652 3813 3735 3866; x_wconf 72' lang='grc' dir='ltr'><strong>διὰ</strong></span> 
     </span>
    </p>
   </div>
   <div class='ocr_carea' id='block_1_85' title="bbox 2160 3905 3735 3991">
    <p class='ocr_par' dir='ltr' id='par_1_85' title="bbox 2160 3905 3735 3991">
     <span class='ocr_line' id='line_1_85' title="bbox 2160 3905 3735 3991; baseline -0.01 -18"><span class='ocrx_word' id='word_1_624' title='bbox 2160 3920 2263 3990; x_wconf 86' lang='grc' dir='ltr'><strong>τῆς</strong></span> <span class='ocrx_word' id='word_1_625' title='bbox 2291 3919 2578 3991; x_wconf 75' lang='grc' dir='ltr'><strong>παρακοῆς</strong></span> <span class='ocrx_word' id='word_1_626' title='bbox 2614 3916 2794 3990; x_wconf 67' lang='grc' dir='ltr'><strong>ἐξώσῃ</strong></span> <span class='ocrx_word' id='word_1_627' title='bbox 2824 3915 2985 3967; x_wconf 81' lang='grc' dir='ltr'><strong>αὐτὸν</strong></span> <span class='ocrx_word' id='word_1_628' title='bbox 3013 3911 3109 3966; x_wconf 89' lang='grc' dir='ltr'><strong>τοῦ</strong></span> <span class='ocrx_word' id='word_1_629' title='bbox 3147 3908 3473 3984; x_wconf 81' lang='grc' dir='ltr'><strong>παραδείσου</strong></span> <span class='ocrx_word' id='word_1_630' title='bbox 3513 3908 3610 3961; x_wconf 62' lang='grc' dir='ltr'><strong>κα)⁸</strong></span> <span class='ocrx_word' id='word_1_631' title='bbox 3639 3905 3735 3976; x_wconf 80' lang='grc' dir='ltr'><strong>τῆς</strong></span> 
     </span>
    </p>
   </div>
   <div class='ocr_carea' id='block_1_86' title="bbox 2161 3997 3733 4078">
    <p class='ocr_par' dir='ltr' id='par_1_86' title="bbox 2161 3997 3733 4078">
     <span class='ocr_line' id='line_1_86' title="bbox 2161 3997 3733 4078; baseline -0.01 -12"><span class='ocrx_word' id='word_1_632' title='bbox 2161 4012 2255 4067; x_wconf 88' lang='grc' dir='ltr'><strong>τοῦ</strong></span> <span class='ocrx_word' id='word_1_633' title='bbox 2284 4012 2420 4065; x_wconf 86' lang='grc' dir='ltr'><strong>Θεοῦ</strong></span> <span class='ocrx_word' id='word_1_634' title='bbox 2468 4011 2646 4076; x_wconf 84' lang='grc' dir='ltr'><strong>ἀξίας,</strong></span> <span class='ocrx_word' id='word_1_635' title='bbox 2679 4009 2773 4062; x_wconf 74' lang='grc' dir='ltr'><strong>καὶ</strong></span> <span class='ocrx_word' id='word_1_636' title='bbox 2813 4007 3005 4078; x_wconf 78' lang='grc' dir='ltr'><strong>θνητὸν</strong></span> <span class='ocrx_word' id='word_1_637' title='bbox 3051 4004 3142 4058; x_wconf 79' lang='grc' dir='ltr'><strong>τὸν</strong></span> <span class='ocrx_word' id='word_1_638' title='bbox 3175 4002 3441 4057; x_wconf 85' lang='grc' dir='ltr'><strong>ἀθάνατον</strong></span> <span class='ocrx_word' id='word_1_639' title='bbox 3486 3997 3733 4071; x_wconf 85' lang='grc' dir='ltr'><strong>ἀπεργά-</strong></span> 
     </span>
    </p>
   </div>
   <div class='ocr_carea' id='block_1_87' title="bbox 2164 4091 3734 4174">
    <p class='ocr_par' dir='ltr' id='par_1_87' title="bbox 2164 4091 3734 4174">
     <span class='ocr_line' id='line_1_87' title="bbox 2164 4091 3734 4174; baseline -0.01 -16"><span class='ocrx_word' id='word_1_640' title='bbox 2164 4121 2344 4174; x_wconf 78' lang='grc' dir='ltr'><strong>σηται.</strong></span> <span class='ocrx_word' id='word_1_641' title='bbox 2379 4103 2437 4156; x_wconf 82' lang='lat'><strong>&#39;0</strong></span> <span class='ocrx_word' id='word_1_642' title='bbox 2472 4103 2529 4155; x_wconf 86' lang='grc' dir='ltr'><strong>δὲ</strong></span> <span class='ocrx_word' id='word_1_643' title='bbox 2561 4101 2866 4172; x_wconf 77' lang='grc' dir='ltr'><strong>ἄνθρωπος,</strong></span> <span class='ocrx_word' id='word_1_644' title='bbox 2895 4097 2972 4161; x_wconf 88' lang='grc' dir='ltr'><strong>ὡς</strong></span> <span class='ocrx_word' id='word_1_645' title='bbox 3012 4096 3086 4167; x_wconf 80' lang='grc' dir='ltr'><strong>μὴ</strong></span> <span class='ocrx_word' id='word_1_646' title='bbox 3134 4094 3275 4165; x_wconf 75' lang='grc' dir='ltr'><strong>ἔχων</strong></span> <span class='ocrx_word' id='word_1_647' title='bbox 3304 4096 3503 4165; x_wconf 86' lang='grc' dir='ltr'><strong>πεῖραν</strong></span> <span class='ocrx_word' id='word_1_648' title='bbox 3540 4091 3734 4151; x_wconf 82' lang='grc' dir='ltr'><strong>κακίας</strong></span> 
     </span>
    </p>
   </div>
   <div class='ocr_carea' id='block_1_88' title="bbox 2162 4184 3733 4268">
    <p class='ocr_par' dir='ltr' id='par_1_88' title="bbox 2162 4184 3733 4268">
     <span class='ocr_line' id='line_1_88' title="bbox 2162 4184 3733 4268; baseline -0.011 -16"><span class='ocrx_word' id='word_1_649' title='bbox 2162 4198 2257 4252; x_wconf 90' lang='grc' dir='ltr'><strong>τοῦ</strong></span> <span class='ocrx_word' id='word_1_650' title='bbox 2294 4195 2554 4268; x_wconf 77' lang='grc' dir='ltr'><strong>πονηροῦ,</strong></span> <span class='ocrx_word' id='word_1_651' title='bbox 2609 4195 2811 4266; x_wconf 64' lang='grc' dir='ltr'><strong>ἤκουσε</strong></span> <span class='ocrx_word' id='word_1_652' title='bbox 2847 4191 2949 4261; x_wconf 88' lang='grc' dir='ltr'><strong>τῆς</strong></span> <span class='ocrx_word' id='word_1_653' title='bbox 2981 4187 3294 4260; x_wconf 87' lang='grc' dir='ltr'><strong>συμϐουλῆς</strong></span> <span class='ocrx_word' id='word_1_654' title='bbox 3332 4185 3427 4239; x_wconf 85' lang='grc' dir='ltr'><strong>τοῦ</strong></span> <span class='ocrx_word' id='word_1_655' title='bbox 3466 4184 3733 4247; x_wconf 75' lang='grc' dir='ltr'><strong>διαϐόλου,</strong></span> 
     </span>
    </p>
   </div>
   <div class='ocr_carea' id='block_1_89' title="bbox 2162 4277 3736 4361">
    <p class='ocr_par' dir='ltr' id='par_1_89' title="bbox 2162 4277 3736 4361">
     <span class='ocr_line' id='line_1_89' title="bbox 2162 4277 3736 4361; baseline -0.01 -16"><span class='ocrx_word' id='word_1_656' title='bbox 2162 4292 2259 4346; x_wconf 70' lang='grc' dir='ltr'><strong>καὶ</strong></span> <span class='ocrx_word' id='word_1_657' title='bbox 2296 4291 2613 4361; x_wconf 81' lang='grc' dir='ltr'><strong>παρήκουσε</strong></span> <span class='ocrx_word' id='word_1_658' title='bbox 2661 4286 2758 4341; x_wconf 86' lang='grc' dir='ltr'><strong>τοῦ</strong></span> <span class='ocrx_word' id='word_1_659' title='bbox 2796 4284 2962 4350; x_wconf 89' lang='grc' dir='ltr'><strong>Θεοῦ,</strong></span> <span class='ocrx_word' id='word_1_660' title='bbox 3007 4282 3100 4338; x_wconf 80' lang='grc' dir='ltr'><strong>καὶ</strong></span> <span class='ocrx_word' id='word_1_661' title='bbox 3149 4280 3337 4335; x_wconf 75' lang='grc' dir='ltr'><strong>ἔκτοτε</strong></span> <span class='ocrx_word' id='word_1_662' title='bbox 3382 4278 3600 4344; x_wconf 78' lang='grc' dir='ltr'><strong>ἐδέξατο</strong></span> <span class='ocrx_word' id='word_1_663' title='bbox 3648 4277 3736 4332; x_wconf 88' lang='grc' dir='ltr'><strong>τὸν</strong></span> 
     </span>
    </p>
   </div>
   <div class='ocr_carea' id='block_1_90' title="bbox 2164 4369 3736 4452">
    <p class='ocr_par' dir='ltr' id='par_1_90' title="bbox 2164 4369 3736 4452">
     <span class='ocr_line' id='line_1_90' title="bbox 2164 4369 3736 4452; baseline -0.01 -14"><span class='ocrx_word' id='word_1_664' title='bbox 2164 4385 2394 4439; x_wconf 86' lang='grc' dir='ltr'><strong>θάνατον</strong></span> <span class='ocrx_word' id='word_1_665' title='bbox 2431 4382 2532 4452; x_wconf 79' lang='grc' dir='ltr'><strong>τῆς</strong></span> <span class='ocrx_word' id='word_1_666' title='bbox 2590 4379 2865 4452; x_wconf 82' lang='grc' dir='ltr'><strong>ἁμαρτίας</strong></span> <span class='ocrx_word' id='word_1_667' title='bbox 2892 4418 2909 4442; x_wconf 91' lang='grc'><strong>,</strong></span> <span class='ocrx_word' id='word_1_668' title='bbox 2954 4374 3156 4448; x_wconf 82' lang='grc' dir='ltr'><strong>ὁμοίως</strong></span> <span class='ocrx_word' id='word_1_669' title='bbox 3201 4373 3297 4427; x_wconf 75' lang='grc' dir='ltr'><strong>καὶ</strong></span> <span class='ocrx_word' id='word_1_670' title='bbox 3329 4373 3531 4436; x_wconf 83' lang='grc' dir='ltr'><strong>πάντες</strong></span> <span class='ocrx_word' id='word_1_671' title='bbox 3582 4372 3635 4425; x_wconf 75' lang='grc' dir='ltr'><strong>οἱ</strong></span> <span class='ocrx_word' id='word_1_672' title='bbox 3679 4369 3736 4435; x_wconf 78' lang='grc' dir='ltr'><strong>ἐξ</strong></span> 
     </span>
    </p>
   </div>
   <div class='ocr_carea' id='block_1_91' title="bbox 2163 4460 3736 4543">
    <p class='ocr_par' dir='ltr' id='par_1_91' title="bbox 2163 4460 3736 4543">
     <span class='ocr_line' id='line_1_91' title="bbox 2163 4460 3736 4543; baseline -0.011 -13"><span class='ocrx_word' id='word_1_673' title='bbox 2163 4476 2373 4530; x_wconf 73' lang='grc' dir='ltr'><strong>ἐκείνου</strong></span> <span class='ocrx_word' id='word_1_674' title='bbox 2400 4473 2682 4543; x_wconf 85' lang='grc' dir='ltr'><strong>γενόμενοι</strong></span> <span class='ocrx_word' id='word_1_675' title='bbox 2730 4470 3040 4543; x_wconf 78' lang='grc' dir='ltr'><strong>ἄνθρωποι,</strong></span> <span class='ocrx_word' id='word_1_676' title='bbox 3074 4469 3150 4531; x_wconf 86' lang='grc' dir='ltr'><strong>ὡς</strong></span> <span class='ocrx_word' id='word_1_677' title='bbox 3204 4468 3268 4519; x_wconf 82' lang='grc' dir='ltr'><strong>ἐκ</strong></span> <span class='ocrx_word' id='word_1_678' title='bbox 3313 4463 3594 4537; x_wconf 81' lang='grc' dir='ltr'><strong>προγόνων</strong></span> <span class='ocrx_word' id='word_1_679' title='bbox 3641 4460 3736 4532; x_wconf 75' lang='grc' dir='ltr'><strong>τὴν</strong></span> 
     </span>
    </p>
   </div>
   <div class='ocr_carea' id='block_1_92' title="bbox 483 4543 2059 4640">
    <p class='ocr_par' dir='ltr' id='par_1_92' title="bbox 483 4561 2059 4637">
     <span class='ocr_line' id='line_1_92' title="bbox 483 4561 2059 4637; baseline 0.002 -21"><span class='ocrx_word' id='word_1_680' title='bbox 483 4561 709 4618; x_wconf 78' lang='lat' dir='ltr'><strong>obnoxii</strong></span> <span class='ocrx_word' id='word_1_681' title='bbox 756 4563 808 4618; x_wconf 91' lang='lat' dir='ltr'><strong>ei</strong></span> <span class='ocrx_word' id='word_1_682' title='bbox 856 4562 1009 4618; x_wconf 83' lang='lat' dir='ltr'><strong>fuere</strong></span> <span class='ocrx_word' id='word_1_683' title='bbox 1049 4578 1062 4613; x_wconf 92' lang='lat'><strong>:</strong></span> <span class='ocrx_word' id='word_1_684' title='bbox 1096 4574 1151 4619; x_wconf 90' lang='lat' dir='ltr'><strong>et</strong></span> <span class='ocrx_word' id='word_1_685' title='bbox 1190 4564 1477 4634; x_wconf 67' lang='lat' dir='ltr'><strong>praevaluit</strong></span> <span class='ocrx_word' id='word_1_686' title='bbox 1526 4577 1811 4637; x_wconf 89' lang='lat' dir='ltr'><strong>peccatum</strong></span> <span class='ocrx_word' id='word_1_687' title='bbox 1867 4577 2059 4622; x_wconf 89' lang='lat' dir='ltr'><strong>contra</strong></span> 
     </span>
    </p>
   </div>
   <div class='ocr_carea' id='block_1_93' title="bbox 2160 4543 3734 4640">
    <p class='ocr_par' dir='ltr' id='par_1_93' title="bbox 2166 4556 3734 4640">
     <span class='ocr_line' id='line_1_93' title="bbox 2166 4556 3734 4640; baseline -0.011 -17"><span class='ocrx_word' id='word_1_688' title='bbox 2166 4569 2443 4640; x_wconf 86' lang='grc' dir='ltr'><strong>ἁμαρτίαν</strong></span> <span class='ocrx_word' id='word_1_689' title='bbox 2479 4564 2754 4628; x_wconf 89' lang='grc' dir='ltr'><strong>λαϐόντες,</strong></span> <span class='ocrx_word' id='word_1_690' title='bbox 2778 4562 3087 4634; x_wconf 80' lang='grc' dir='ltr'><strong>ἐκράτησαν</strong></span> <span class='ocrx_word' id='word_1_691' title='bbox 3113 4558 3316 4629; x_wconf 83' lang='grc' dir='ltr'><strong>ταύτην</strong></span> <span class='ocrx_word' id='word_1_692' title='bbox 3336 4574 3351 4589; x_wconf 82' lang='grc'><em>’</em></span> <span class='ocrx_word' id='word_1_693' title='bbox 3396 4556 3493 4611; x_wconf 71' lang='grc' dir='ltr'><strong>καὶ</strong></span> <span class='ocrx_word' id='word_1_694' title='bbox 3521 4556 3734 4640; x_wconf 62' lang='grc' dir='ltr'><strong>ἴσχυσεν</strong></span> 
     </span>
    </p>
   </div>
   <div class='ocr_carea' id='block_1_94' title="bbox 482 4654 2062 4734">
    <p class='ocr_par' dir='ltr' id='par_1_94' title="bbox 482 4654 2062 4734">
     <span class='ocr_line' id='line_1_94' title="bbox 482 4654 2062 4734; baseline 0.003 -23"><span class='ocrx_word' id='word_1_695' title='bbox 482 4656 757 4712; x_wconf 86' lang='lat' dir='ltr'><strong>homines.</strong></span> <span class='ocrx_word' id='word_1_696' title='bbox 791 4654 941 4710; x_wconf 78' lang='lat' dir='ltr'><strong>Misit</strong></span> <span class='ocrx_word' id='word_1_697' title='bbox 975 4664 1157 4711; x_wconf 92' lang='lat' dir='ltr'><strong>autem</strong></span> <span class='ocrx_word' id='word_1_698' title='bbox 1184 4657 1329 4713; x_wconf 90' lang='lat' dir='ltr'><strong>Deus</strong></span> <span class='ocrx_word' id='word_1_699' title='bbox 1354 4659 1650 4729; x_wconf 90' lang='lat' dir='ltr'><strong>prophetas</strong></span> <span class='ocrx_word' id='word_1_700' title='bbox 1684 4669 1738 4715; x_wconf 90' lang='lat' dir='ltr'><strong>et</strong></span> <span class='ocrx_word' id='word_1_701' title='bbox 1767 4661 1934 4734; x_wconf 78' lang='lat'><strong>286</strong></span> <span class='ocrx_word' id='word_1_702' title='bbox 1961 4661 2062 4716; x_wconf 82' lang='lat' dir='ltr'><strong>do-</strong></span> 
     </span>
    </p>
   </div>
   <div class='ocr_carea' id='block_1_95' title="bbox 483 4748 2061 4824">
    <p class='ocr_par' dir='ltr' id='par_1_95' title="bbox 483 4748 2061 4824">
     <span class='ocr_line' id='line_1_95' title="bbox 483 4748 2061 4824; baseline 0.003 -19"><span class='ocrx_word' id='word_1_703' title='bbox 483 4759 667 4806; x_wconf 89' lang='lat' dir='ltr'><strong>ctores</strong></span> <span class='ocrx_word' id='word_1_704' title='bbox 700 4750 756 4805; x_wconf 91' lang='lat' dir='ltr'><strong>in</strong></span> <span class='ocrx_word' id='word_1_705' title='bbox 791 4748 1055 4805; x_wconf 89' lang='lat' dir='ltr'><strong>mundum</strong></span> <span class='ocrx_word' id='word_1_706' title='bbox 1086 4770 1100 4805; x_wconf 91' lang='lat'><strong>:</strong></span> <span class='ocrx_word' id='word_1_707' title='bbox 1136 4759 1195 4804; x_wconf 91' lang='lat' dir='ltr'><strong>ut</strong></span> <span class='ocrx_word' id='word_1_708' title='bbox 1226 4750 1489 4806; x_wconf 90' lang='lat' dir='ltr'><strong>docerent</strong></span> <span class='ocrx_word' id='word_1_709' title='bbox 1530 4752 1794 4807; x_wconf 88' lang='lat' dir='ltr'><strong>mundum</strong></span> <span class='ocrx_word' id='word_1_710' title='bbox 1841 4754 1917 4824; x_wconf 90' lang='lat' dir='ltr'><strong>(id</strong></span> <span class='ocrx_word' id='word_1_711' title='bbox 1975 4761 2061 4809; x_wconf 89' lang='lat' dir='ltr'><strong>est</strong></span> 
     </span>
    </p>
   </div>
   <div class='ocr_carea' id='block_1_96' title="bbox 481 4841 2063 4915">
    <p class='ocr_par' dir='ltr' id='par_1_96' title="bbox 481 4841 2063 4915">
     <span class='ocr_line' id='line_1_96' title="bbox 481 4841 2063 4915; baseline 0.004 -17"><span class='ocrx_word' id='word_1_712' title='bbox 481 4841 759 4915; x_wconf 90' lang='lat' dir='ltr'><strong>homines)</strong></span> <span class='ocrx_word' id='word_1_713' title='bbox 780 4850 836 4899; x_wconf 90' lang='lat' dir='ltr'><strong>et</strong></span> <span class='ocrx_word' id='word_1_714' title='bbox 870 4850 1322 4899; x_wconf 87' lang='lat' dir='ltr'><strong>converterentur</strong></span> <span class='ocrx_word' id='word_1_715' title='bbox 1348 4860 1381 4897; x_wconf 92' lang='lat' dir='ltr'><strong>a</strong></span> <span class='ocrx_word' id='word_1_716' title='bbox 1428 4853 1654 4914; x_wconf 89' lang='lat' dir='ltr'><strong>peccato</strong></span> <span class='ocrx_word' id='word_1_717' title='bbox 1686 4864 1700 4899; x_wconf 90' lang='lat'>:</span> <span class='ocrx_word' id='word_1_718' title='bbox 1730 4862 1833 4901; x_wconf 91' lang='lat' dir='ltr'><strong>nec</strong></span> <span class='ocrx_word' id='word_1_719' title='bbox 1877 4855 2063 4904; x_wconf 90' lang='lat' dir='ltr'><strong>tamen</strong></span> 
     </span>
    </p>
   </div>
   <div class='ocr_carea' id='block_1_97' title="bbox 480 4935 2067 5008">
    <p class='ocr_par' dir='ltr' id='par_1_97' title="bbox 480 4935 2067 5008">
     <span class='ocr_line' id='line_1_97' title="bbox 480 4935 2067 5008; baseline 0.004 -19"><span class='ocrx_word' id='word_1_720' title='bbox 480 4942 781 5008; x_wconf 87' lang='lat' dir='ltr'><strong>potuerunt</strong></span> <span class='ocrx_word' id='word_1_721' title='bbox 830 4935 1111 5006; x_wconf 70' lang='lat' dir='ltr'><strong>propheta:</strong></span> <span class='ocrx_word' id='word_1_722' title='bbox 1169 4942 1509 4991; x_wconf 88' lang='lat' dir='ltr'><strong>convertere.</strong></span> <span class='ocrx_word' id='word_1_723' title='bbox 1564 4935 1862 5008; x_wconf 87' lang='lat' dir='ltr'><strong>Propterea</strong></span> <span class='ocrx_word' id='word_1_724' title='bbox 1929 4941 2067 4995; x_wconf 80' lang='lat' dir='ltr'><strong>dixit</strong></span> 
     </span>
    </p>
   </div>
   <div class='ocr_carea' id='block_1_98' title="bbox 432 5025 2066 5101">
    <p class='ocr_par' dir='ltr' id='par_1_98' title="bbox 432 5025 2066 5101">
     <span class='ocr_line' id='line_1_98' title="bbox 432 5025 2066 5101; baseline 0.007 -22"><span class='ocrx_word' id='word_1_725' title='bbox 432 5083 441 5097; x_wconf 51' lang='grc'><em>,</em></span> <span class='ocrx_word' id='word_1_726' title='bbox 480 5025 628 5083; x_wconf 84' lang='lat' dir='ltr'><strong>Deus</strong></span> <span class='ocrx_word' id='word_1_727' title='bbox 657 5027 716 5082; x_wconf 87' lang='lat' dir='ltr'><strong>in</strong></span> <span class='ocrx_word' id='word_1_728' title='bbox 765 5030 945 5097; x_wconf 88' lang='lat' dir='ltr'><strong>seipso</strong></span> <span class='ocrx_word' id='word_1_729' title='bbox 981 5044 995 5079; x_wconf 88' lang='lat'><strong>:</strong></span> <span class='ocrx_word' id='word_1_730' title='bbox 1039 5025 1401 5091; x_wconf 90' lang='lat' dir='ltr'><strong>Descendam,</strong></span> <span class='ocrx_word' id='word_1_731' title='bbox 1432 5037 1509 5093; x_wconf 91' lang='lat' dir='ltr'><strong>et,</strong></span> <span class='ocrx_word' id='word_1_732' title='bbox 1557 5040 1837 5101; x_wconf 88' lang='lat' dir='ltr'><strong>assumpta</strong></span> <span class='ocrx_word' id='word_1_733' title='bbox 1877 5048 2066 5098; x_wconf 89' lang='lat' dir='ltr'><strong>carne,</strong></span> 
     </span>
    </p>
   </div>
   <div class='ocr_carea' id='block_1_99' title="bbox 482 5119 2067 5191">
    <p class='ocr_par' dir='ltr' id='par_1_99' title="bbox 482 5119 2067 5191">
     <span class='ocr_line' id='line_1_99' title="bbox 482 5119 2067 5191; baseline 0.002 -18"><span class='ocrx_word' id='word_1_734' title='bbox 482 5123 609 5174; x_wconf 83' lang='lat' dir='ltr'><strong>tiam</strong></span> <span class='ocrx_word' id='word_1_735' title='bbox 639 5119 1067 5185; x_wconf 88' lang='lat' dir='ltr'><strong>hominil‘ormis,</strong></span> <span class='ocrx_word' id='word_1_736' title='bbox 1095 5126 1150 5175; x_wconf 88' lang='lat' dir='ltr'><strong>et</strong></span> <span class='ocrx_word' id='word_1_737' title='bbox 1183 5120 1395 5175; x_wconf 89' lang='lat' dir='ltr'><strong>docebo</strong></span> <span class='ocrx_word' id='word_1_738' title='bbox 1429 5119 1744 5191; x_wconf 84' lang='lat' dir='ltr'><strong>ﬁgmentum</strong></span> <span class='ocrx_word' id='word_1_739' title='bbox 1776 5137 1981 5186; x_wconf 90' lang='lat' dir='ltr'><strong>meum,</strong></span> <span class='ocrx_word' id='word_1_740' title='bbox 2012 5132 2067 5178; x_wconf 90' lang='lat' dir='ltr'><strong>et</strong></span> 
     </span>
    </p>
   </div>
   <div class='ocr_carea' id='block_1_100' title="bbox 429 5202 2066 5268">
    <p class='ocr_par' dir='ltr' id='par_1_100' title="bbox 429 5202 2066 5268">
     <span class='ocr_line' id='line_1_100' title="bbox 429 5202 2066 5268; baseline 0.003 -12"><span class='ocrx_word' id='word_1_741' title='bbox 429 5212 436 5219; x_wconf 78' lang='lat'><strong>‘</strong></span> <span class='ocrx_word' id='word_1_742' title='bbox 482 5211 885 5259; x_wconf 82' lang='lat' dir='ltr'><strong>convertetura</strong></span> <span class='ocrx_word' id='word_1_743' title='bbox 915 5203 1150 5259; x_wconf 88' lang='lat' dir='ltr'><strong>consilio</strong></span> <span class='ocrx_word' id='word_1_744' title='bbox 1182 5202 1408 5268; x_wconf 89' lang='lat' dir='ltr'><strong>diaboli,</strong></span> <span class='ocrx_word' id='word_1_745' title='bbox 1438 5215 1494 5259; x_wconf 90' lang='lat' dir='ltr'><strong>et</strong></span> <span class='ocrx_word' id='word_1_746' title='bbox 1543 5204 1652 5261; x_wconf 89' lang='lat' dir='ltr'><strong>erit</strong></span> <span class='ocrx_word' id='word_1_747' title='bbox 1693 5206 1874 5262; x_wconf 91' lang='lat' dir='ltr'><strong>omnis</strong></span> <span class='ocrx_word' id='word_1_748' title='bbox 1904 5206 2066 5261; x_wconf 91' lang='lat' dir='ltr'><strong>homo</strong></span> 
     </span>
    </p>
   </div>
   <div class='ocr_carea' id='block_1_101' title="bbox 482 5296 2063 5363">
    <p class='ocr_par' dir='ltr' id='par_1_101' title="bbox 482 5296 2063 5363">
     <span class='ocr_line' id='line_1_101' title="bbox 482 5296 2063 5363; baseline 0.001 -12"><span class='ocrx_word' id='word_1_749' title='bbox 482 5306 546 5353; x_wconf 88' lang='lat' dir='ltr'><strong>ut</strong></span> <span class='ocrx_word' id='word_1_750' title='bbox 576 5296 743 5357; x_wconf 87' lang='lat' dir='ltr'><strong>Deus.</strong></span> <span class='ocrx_word' id='word_1_751' title='bbox 785 5312 899 5351; x_wconf 92' lang='lat' dir='ltr'><strong>non</strong></span> <span class='ocrx_word' id='word_1_752' title='bbox 948 5296 1250 5352; x_wconf 88' lang='lat' dir='ltr'><strong>secundum</strong></span> <span class='ocrx_word' id='word_1_753' title='bbox 1310 5303 1587 5363; x_wconf 88' lang='lat' dir='ltr'><strong>naturam,</strong></span> <span class='ocrx_word' id='word_1_754' title='bbox 1623 5297 1716 5353; x_wconf 90' lang='lat' dir='ltr'><strong>sed</strong></span> <span class='ocrx_word' id='word_1_755' title='bbox 1763 5298 2063 5353; x_wconf 90' lang='lat' dir='ltr'><strong>secundum</strong></span> 
     </span>
    </p>
   </div>
   <div class='ocr_carea' id='block_1_102' title="bbox 484 5388 2067 5461">
    <p class='ocr_par' dir='ltr' id='par_1_102' title="bbox 484 5388 2067 5461">
     <span class='ocr_line' id='line_1_102' title="bbox 484 5388 2067 5461; baseline 0.002 -18"><span class='ocrx_word' id='word_1_756' title='bbox 484 5389 857 5460; x_wconf 84' lang='lat' dir='ltr'><strong>adoptionem.</strong></span> <span class='ocrx_word' id='word_1_757' title='bbox 885 5388 1024 5444; x_wconf 89' lang='lat' dir='ltr'><strong>Cum</strong></span> <span class='ocrx_word' id='word_1_758' title='bbox 1058 5389 1175 5444; x_wconf 63' lang='lat' dir='ltr'><strong>haec</strong></span> <span class='ocrx_word' id='word_1_759' title='bbox 1222 5389 1505 5460; x_wconf 72' lang='lat' dir='ltr'><strong>placerent</strong></span> <span class='ocrx_word' id='word_1_760' title='bbox 1550 5388 1663 5445; x_wconf 92' lang='lat' dir='ltr'><strong>Deo</strong></span> <span class='ocrx_word' id='word_1_761' title='bbox 1711 5388 1883 5453; x_wconf 87' lang='lat' dir='ltr'><strong>Patri,</strong></span> <span class='ocrx_word' id='word_1_762' title='bbox 1940 5390 2067 5461; x_wconf 68' lang='lat' dir='ltr'><strong>Spio</strong></span> 
     </span>
    </p>
   </div>
   <div class='ocr_carea' id='block_1_103' title="bbox 485 5480 2063 5552">
    <p class='ocr_par' dir='ltr' id='par_1_103' title="bbox 485 5480 2063 5552">
     <span class='ocr_line' id='line_1_103' title="bbox 485 5480 2063 5552; baseline 0 -16"><span class='ocrx_word' id='word_1_763' title='bbox 485 5483 597 5538; x_wconf 85' lang='lat' dir='ltr'><strong>ritu</strong></span> <span class='ocrx_word' id='word_1_764' title='bbox 621 5493 814 5538; x_wconf 90' lang='lat' dir='ltr'><strong>sancto</strong></span> <span class='ocrx_word' id='word_1_765' title='bbox 848 5482 1166 5552; x_wconf 87' lang='lat' dir='ltr'><strong>adjuvaute,</strong></span> <span class='ocrx_word' id='word_1_766' title='bbox 1191 5480 1479 5537; x_wconf 86' lang='lat' dir='ltr'><strong>descendit</strong></span> <span class='ocrx_word' id='word_1_767' title='bbox 1507 5482 1684 5538; x_wconf 85' lang='lat' dir='ltr'><strong>Filius</strong></span> <span class='ocrx_word' id='word_1_768' title='bbox 1735 5490 1790 5537; x_wconf 88' lang='lat' dir='ltr'><strong>et</strong></span> <span class='ocrx_word' id='word_1_769' title='bbox 1826 5480 2063 5538; x_wconf 76' lang='lat' dir='ltr'><strong>Verbum</strong></span> 
     </span>
    </p>
   </div>
   <div class='ocr_carea' id='block_1_104' title="bbox 485 5573 2066 5649">
    <p class='ocr_par' dir='ltr' id='par_1_104' title="bbox 485 5573 2066 5649">
     <span class='ocr_line' id='line_1_104' title="bbox 485 5573 2066 5649; baseline 0.002 -20"><span class='ocrx_word' id='word_1_770' title='bbox 485 5573 602 5643; x_wconf 86' lang='lat' dir='ltr'><strong>Dei,</strong></span> <span class='ocrx_word' id='word_1_771' title='bbox 621 5584 678 5632; x_wconf 92' lang='lat' dir='ltr'><strong>et</strong></span> <span class='ocrx_word' id='word_1_772' title='bbox 702 5577 985 5649; x_wconf 81' lang='lat' dir='ltr'><strong>ingressus</strong></span> <span class='ocrx_word' id='word_1_773' title='bbox 1006 5581 1091 5631; x_wconf 89' lang='lat' dir='ltr'><strong>est</strong></span> <span class='ocrx_word' id='word_1_774' title='bbox 1121 5573 1532 5630; x_wconf 84' lang='lat' dir='ltr'><strong>immaculatum</strong></span> <span class='ocrx_word' id='word_1_775' title='bbox 1553 5573 1797 5647; x_wconf 82' lang='lat' dir='ltr'><strong>Virginis</strong></span> <span class='ocrx_word' id='word_1_776' title='bbox 1820 5575 2066 5633; x_wconf 88' lang='lat' dir='ltr'><strong>mulieris</strong></span> 
     </span>
    </p>
   </div>
   <div class='ocr_carea' id='block_1_105' title="bbox 2168 4624 3758 4730">
    <p class='ocr_par' dir='ltr' id='par_1_105' title="bbox 2168 4624 3758 4730">
     <span class='ocr_line' id='line_1_105' title="bbox 2168 4624 3758 4730; baseline -0.01 -19"><span class='ocrx_word' id='word_1_777' title='bbox 2168 4624 2220 4730; x_wconf 49' lang='grc' dir='ltr'><strong>ἡ.</strong></span> <span class='ocrx_word' id='word_1_778' title='bbox 2239 4624 2483 4728; x_wconf 72' lang='grc' dir='ltr'><strong>ἁμαρτία</strong></span> <span class='ocrx_word' id='word_1_779' title='bbox 2508 4652 2648 4708; x_wconf 87' lang='grc' dir='ltr'><strong>κατά</strong></span> <span class='ocrx_word' id='word_1_780' title='bbox 2676 4624 2784 4707; x_wconf 69' lang='grc' dir='ltr'><strong>τιῦν</strong></span> <span class='ocrx_word' id='word_1_781' title='bbox 2814 4624 3140 4723; x_wconf 61' lang='grc' dir='ltr'><strong>ἀνθρὼπων.</strong></span> <span class='ocrx_word' id='word_1_782' title='bbox 3165 4624 3420 4716; x_wconf 72' lang='grc' dir='ltr'><strong>Ἐπεμψε</strong></span> <span class='ocrx_word' id='word_1_783' title='bbox 3448 4644 3505 4698; x_wconf 81' lang='grc' dir='ltr'><strong>δὲ</strong></span> <span class='ocrx_word' id='word_1_784' title='bbox 3549 4624 3758 4704; x_wconf 41' lang='grc' dir='ltr'><strong>όΠΘεὸῘ</strong></span> 
     </span>
    </p>
   </div>
   <div class='ocr_carea' id='block_1_106' title="bbox 2168 4732 3736 4822">
    <p class='ocr_par' dir='ltr' id='par_1_106' title="bbox 2168 4732 3736 4822">
     <span class='ocr_line' id='line_1_106' title="bbox 2168 4732 3736 4822; baseline -0.011 -19"><span class='ocrx_word' id='word_1_785' title='bbox 2168 4750 2452 4822; x_wconf 72' lang='grc' dir='ltr'><strong>προερήτας</strong></span> <span class='ocrx_word' id='word_1_786' title='bbox 2482 4747 2576 4801; x_wconf 74' lang='grc' dir='ltr'><strong>καὶ</strong></span> <span class='ocrx_word' id='word_1_787' title='bbox 2600 4741 2955 4806; x_wconf 85' lang='grc' dir='ltr'><strong>διδασκάλους</strong></span> <span class='ocrx_word' id='word_1_788' title='bbox 2974 4742 3055 4805; x_wconf 79' lang='grc' dir='ltr'><strong>είς</strong></span> <span class='ocrx_word' id='word_1_789' title='bbox 3083 4738 3174 4793; x_wconf 88' lang='grc' dir='ltr'><strong>τὸν</strong></span> <span class='ocrx_word' id='word_1_790' title='bbox 3209 4739 3411 4807; x_wconf 86' lang='grc' dir='ltr'><strong>κόσμον</strong></span> <span class='ocrx_word' id='word_1_791' title='bbox 3428 4752 3443 4766; x_wconf 84' lang='lat'><strong>&#39;</strong></span> <span class='ocrx_word' id='word_1_792' title='bbox 3477 4736 3564 4788; x_wconf 81' lang='grc' dir='ltr'><strong>ἵνα</strong></span> <span class='ocrx_word' id='word_1_793' title='bbox 3594 4732 3736 4788; x_wconf 84' lang='grc' dir='ltr'><strong>διδά-</strong></span> 
     </span>
    </p>
   </div>
   <div class='ocr_carea' id='block_1_107' title="bbox 2169 4827 3736 4909">
    <p class='ocr_par' dir='ltr' id='par_1_107' title="bbox 2169 4827 3736 4909">
     <span class='ocr_line' id='line_1_107' title="bbox 2169 4827 3736 4909; baseline -0.012 -13"><span class='ocrx_word' id='word_1_794' title='bbox 2169 4842 2300 4907; x_wconf 85' lang='grc' dir='ltr'><strong>ξωσι</strong></span> <span class='ocrx_word' id='word_1_795' title='bbox 2326 4840 2418 4893; x_wconf 86' lang='grc' dir='ltr'><strong>τὸν</strong></span> <span class='ocrx_word' id='word_1_796' title='bbox 2446 4840 2670 4909; x_wconf 83' lang='grc' dir='ltr'><strong>κόσμον,</strong></span> <span class='ocrx_word' id='word_1_797' title='bbox 2702 4836 2867 4907; x_wconf 69' lang='grc' dir='ltr'><strong>ἤγουν</strong></span> <span class='ocrx_word' id='word_1_798' title='bbox 2908 4832 3035 4897; x_wconf 81' lang='grc' dir='ltr'><strong>τοὺς</strong></span> <span class='ocrx_word' id='word_1_799' title='bbox 3062 4827 3417 4902; x_wconf 83' lang='grc' dir='ltr'><strong>ἀνθρώπους,</strong></span> <span class='ocrx_word' id='word_1_800' title='bbox 3452 4827 3547 4880; x_wconf 79' lang='grc' dir='ltr'><strong>καὶ</strong></span> <span class='ocrx_word' id='word_1_801' title='bbox 3579 4842 3736 4897; x_wconf 85' lang='grc' dir='ltr'><strong>στρα-</strong></span> 
     </span>
    </p>
   </div>
   <div class='ocr_carea' id='block_1_108' title="bbox 2171 4918 3737 5005">
    <p class='ocr_par' dir='ltr' id='par_1_108' title="bbox 2171 4918 3737 5005">
     <span class='ocr_line' id='line_1_108' title="bbox 2171 4918 3737 5005; baseline -0.011 -17"><span class='ocrx_word' id='word_1_802' title='bbox 2171 4934 2343 5005; x_wconf 80' lang='grc' dir='ltr'><strong>φῶσιν</strong></span> <span class='ocrx_word' id='word_1_803' title='bbox 2399 4931 2508 4985; x_wconf 85' lang='grc' dir='ltr'><strong>ἀπὸ</strong></span> <span class='ocrx_word' id='word_1_804' title='bbox 2556 4930 2656 5001; x_wconf 80' lang='grc' dir='ltr'><strong>τῆς</strong></span> <span class='ocrx_word' id='word_1_805' title='bbox 2702 4925 3010 4996; x_wconf 76' lang='grc' dir='ltr'><strong>ἁμαρτίαςο</strong></span> <span class='ocrx_word' id='word_1_806' title='bbox 3057 4924 3152 4977; x_wconf 66' lang='grc' dir='ltr'><strong>καλ⁸</strong></span> <span class='ocrx_word' id='word_1_807' title='bbox 3184 4922 3284 4975; x_wconf 83' lang='grc' dir='ltr'><strong>οὐκ</strong></span> <span class='ocrx_word' id='word_1_808' title='bbox 3319 4918 3660 5005; x_wconf 73' lang='grc' dir='ltr'><strong>ἠδυνήθησαν</strong></span> <span class='ocrx_word' id='word_1_809' title='bbox 3691 4922 3737 4971; x_wconf 63' lang='grc' dir='ltr'><strong>οἱ</strong></span> 
     </span>
    </p>
   </div>
   <div class='ocr_carea' id='block_1_109' title="bbox 2170 5002 3736 5099">
    <p class='ocr_par' dir='ltr' id='par_1_109' title="bbox 2170 5002 3736 5099">
     <span class='ocr_line' id='line_1_109' title="bbox 2170 5002 3736 5099; baseline -0.013 -17"><span class='ocrx_word' id='word_1_810' title='bbox 2170 5002 2447 5099; x_wconf 73' lang='grc' dir='ltr'><strong>προφῆται</strong></span> <span class='ocrx_word' id='word_1_811' title='bbox 2473 5023 2567 5078; x_wconf 87' lang='grc' dir='ltr'><strong>τοῦ</strong></span> <span class='ocrx_word' id='word_1_812' title='bbox 2600 5017 3016 5093; x_wconf 84' lang='grc' dir='ltr'><strong>διορθώσασθαι.</strong></span> <span class='ocrx_word' id='word_1_813' title='bbox 3064 5015 3163 5069; x_wconf 87' lang='grc' dir='ltr'><strong>Διά</strong></span> <span class='ocrx_word' id='word_1_814' title='bbox 3191 5012 3349 5067; x_wconf 88' lang='grc' dir='ltr'><strong>τοῦτο</strong></span> <span class='ocrx_word' id='word_1_815' title='bbox 3376 5002 3531 5064; x_wconf 67' lang='grc' dir='ltr'><strong>εἶπεν</strong></span> <span class='ocrx_word' id='word_1_816' title='bbox 3557 5013 3587 5064; x_wconf 94' lang='lat'><strong>6</strong></span> <span class='ocrx_word' id='word_1_817' title='bbox 3613 5009 3736 5071; x_wconf 85' lang='grc' dir='ltr'><strong>Θεὸς</strong></span> 
     </span>
    </p>
   </div>
   <div class='ocr_carea' id='block_1_110' title="bbox 2168 5102 3738 5188">
    <p class='ocr_par' dir='ltr' id='par_1_110' title="bbox 2168 5102 3738 5188">
     <span class='ocr_line' id='line_1_110' title="bbox 2168 5102 3738 5188; baseline -0.013 -15"><span class='ocrx_word' id='word_1_818' title='bbox 2168 5121 2226 5173; x_wconf 81' lang='grc' dir='ltr'><strong>ὲν</strong></span> <span class='ocrx_word' id='word_1_819' title='bbox 2257 5116 2458 5188; x_wconf 79' lang='grc' dir='ltr'><strong>ἑαυτῷ·</strong></span> <span class='ocrx_word' id='word_1_820' title='bbox 2495 5113 2917 5182; x_wconf 81' lang='grc' dir='ltr'><strong>Καταϐήσομαι,</strong></span> <span class='ocrx_word' id='word_1_821' title='bbox 2939 5108 3035 5162; x_wconf 74' lang='grc' dir='ltr'><strong>καὶ</strong></span> <span class='ocrx_word' id='word_1_822' title='bbox 3064 5105 3279 5178; x_wconf 80' lang='grc' dir='ltr'><strong>φορέσω</strong></span> <span class='ocrx_word' id='word_1_823' title='bbox 3296 5105 3497 5172; x_wconf 84' lang='grc' dir='ltr'><strong>σάρκα,</strong></span> <span class='ocrx_word' id='word_1_824' title='bbox 3532 5102 3628 5156; x_wconf 74' lang='grc' dir='ltr'><strong>καὶ</strong></span> <span class='ocrx_word' id='word_1_825' title='bbox 3654 5118 3738 5169; x_wconf 82' lang='grc' dir='ltr'><strong>γε-</strong></span> 
     </span>
    </p>
   </div>
   <div class='ocr_carea' id='block_1_111' title="bbox 2166 5199 3740 5280">
    <p class='ocr_par' dir='ltr' id='par_1_111' title="bbox 2166 5199 3740 5280">
     <span class='ocr_line' id='line_1_111' title="bbox 2166 5199 3740 5280; baseline -0.009 -17"><span class='ocrx_word' id='word_1_826' title='bbox 2166 5209 2404 5280; x_wconf 85' lang='grc' dir='ltr'><strong>νήσομαι</strong></span> <span class='ocrx_word' id='word_1_827' title='bbox 2428 5207 2911 5279; x_wconf 81' lang='grc' dir='ltr'><strong>ἀνθρωπόμορφος,</strong></span> <span class='ocrx_word' id='word_1_828' title='bbox 2941 5204 3035 5258; x_wconf 72' lang='grc' dir='ltr'><strong>καὶ</strong></span> <span class='ocrx_word' id='word_1_829' title='bbox 3065 5202 3257 5266; x_wconf 78' lang='grc' dir='ltr'><strong>διδάξω</strong></span> <span class='ocrx_word' id='word_1_830' title='bbox 3282 5201 3344 5254; x_wconf 87' lang='grc' dir='ltr'><strong>τὸ</strong></span> <span class='ocrx_word' id='word_1_831' title='bbox 3369 5199 3597 5271; x_wconf 84' lang='grc' dir='ltr'><strong>πλάσμα</strong></span> <span class='ocrx_word' id='word_1_832' title='bbox 3622 5213 3740 5269; x_wconf 87' lang='grc' dir='ltr'><strong>μου,</strong></span> 
     </span>
    </p>
   </div>
   <div class='ocr_carea' id='block_1_112' title="bbox 2167 5288 3738 5372">
    <p class='ocr_par' dir='ltr' id='par_1_112' title="bbox 2167 5288 3738 5372">
     <span class='ocr_line' id='line_1_112' title="bbox 2167 5288 3738 5372; baseline -0.01 -17"><span class='ocrx_word' id='word_1_833' title='bbox 2167 5302 2261 5355; x_wconf 79' lang='grc' dir='ltr'><strong>καὶ</strong></span> <span class='ocrx_word' id='word_1_834' title='bbox 2299 5300 2672 5372; x_wconf 82' lang='grc' dir='ltr'><strong>στραφήσεται</strong></span> <span class='ocrx_word' id='word_1_835' title='bbox 2716 5298 2825 5352; x_wconf 86' lang='grc' dir='ltr'><strong>ἀπὸ</strong></span> <span class='ocrx_word' id='word_1_836' title='bbox 2860 5296 2960 5367; x_wconf 81' lang='grc' dir='ltr'><strong>τῆς</strong></span> <span class='ocrx_word' id='word_1_837' title='bbox 3005 5293 3101 5348; x_wconf 81' lang='grc' dir='ltr'><strong>τοῦ</strong></span> <span class='ocrx_word' id='word_1_838' title='bbox 3133 5291 3379 5347; x_wconf 88' lang='grc' dir='ltr'><strong>διαϐόλου</strong></span> <span class='ocrx_word' id='word_1_839' title='bbox 3412 5288 3738 5361; x_wconf 84' lang='grc' dir='ltr'><strong>συμϐουλῆς,</strong></span> 
     </span>
    </p>
   </div>
   <div class='ocr_carea' id='block_1_113' title="bbox 2168 5378 3739 5461">
    <p class='ocr_par' dir='ltr' id='par_1_113' title="bbox 2168 5378 3739 5461">
     <span class='ocr_line' id='line_1_113' title="bbox 2168 5378 3739 5461; baseline -0.011 -13"><span class='ocrx_word' id='word_1_840' title='bbox 2168 5394 2264 5448; x_wconf 74' lang='grc' dir='ltr'><strong>καὶ</strong></span> <span class='ocrx_word' id='word_1_841' title='bbox 2303 5393 2455 5446; x_wconf 76' lang='grc' dir='ltr'><strong>ἔσται</strong></span> <span class='ocrx_word' id='word_1_842' title='bbox 2482 5393 2590 5456; x_wconf 82' lang='grc' dir='ltr'><strong>πᾶς</strong></span> <span class='ocrx_word' id='word_1_843' title='bbox 2638 5389 2922 5461; x_wconf 79' lang='grc' dir='ltr'><strong>ἅνθρωπος</strong></span> <span class='ocrx_word' id='word_1_844' title='bbox 2966 5388 3044 5452; x_wconf 83' lang='grc' dir='ltr'><strong>ὡς</strong></span> <span class='ocrx_word' id='word_1_845' title='bbox 3089 5385 3221 5447; x_wconf 87' lang='grc' dir='ltr'><strong>Θεὸς</strong></span> <span class='ocrx_word' id='word_1_846' title='bbox 3265 5382 3327 5437; x_wconf 81' lang='grc' dir='ltr'><strong>οὐ</strong></span> <span class='ocrx_word' id='word_1_847' title='bbox 3373 5380 3519 5436; x_wconf 81' lang='grc' dir='ltr'><strong>κατὰ</strong></span> <span class='ocrx_word' id='word_1_848' title='bbox 3561 5378 3739 5448; x_wconf 81' lang='grc' dir='ltr'><strong>φύσιν,</strong></span> 
     </span>
    </p>
   </div>
   <div class='ocr_carea' id='block_1_114' title="bbox 2167 5467 3743 5551">
    <p class='ocr_par' dir='ltr' id='par_1_114' title="bbox 2167 5467 3743 5551">
     <span class='ocr_line' id='line_1_114' title="bbox 2167 5467 3743 5551; baseline -0.012 -12"><span class='ocrx_word' id='word_1_849' title='bbox 2167 5485 2302 5539; x_wconf 84' lang='grc' dir='ltr'><strong>ἀλλὰ</strong></span> <span class='ocrx_word' id='word_1_850' title='bbox 2329 5484 2471 5539; x_wconf 83' lang='grc' dir='ltr'><strong>κατά</strong></span> <span class='ocrx_word' id='word_1_851' title='bbox 2497 5483 2663 5538; x_wconf 77' lang='grc' dir='ltr'><strong>θέσιν.</strong></span> <span class='ocrx_word' id='word_1_852' title='bbox 2683 5483 2794 5536; x_wconf 70' lang='grc' dir='ltr'><strong>Καὶ</strong></span> <span class='ocrx_word' id='word_1_853' title='bbox 2834 5478 2991 5533; x_wconf 87' lang='grc' dir='ltr'><strong>τοῦτο</strong></span> <span class='ocrx_word' id='word_1_854' title='bbox 3019 5475 3297 5551; x_wconf 65' lang='grc' dir='ltr'><strong>βουληθεὶς</strong></span> <span class='ocrx_word' id='word_1_855' title='bbox 3319 5476 3348 5528; x_wconf 91' lang='lat'><strong>6</strong></span> <span class='ocrx_word' id='word_1_856' title='bbox 3373 5472 3507 5535; x_wconf 85' lang='grc' dir='ltr'><strong>Θεὸς</strong></span> <span class='ocrx_word' id='word_1_857' title='bbox 3528 5467 3743 5537; x_wconf 67' lang='grc' dir='ltr'><strong>εὐδοκία</strong></span> 
     </span>
    </p>
   </div>
   <div class='ocr_carea' id='block_1_115' title="bbox 2164 5561 3737 5650">
    <p class='ocr_par' dir='ltr' id='par_1_115' title="bbox 2164 5561 3737 5650">
     <span class='ocr_line' id='line_1_115' title="bbox 2164 5561 3737 5650; baseline -0.013 -18"><span class='ocrx_word' id='word_1_858' title='bbox 2164 5577 2260 5632; x_wconf 85' lang='grc' dir='ltr'><strong>τοῦ</strong></span> <span class='ocrx_word' id='word_1_859' title='bbox 2308 5576 2553 5650; x_wconf 83' lang='grc' dir='ltr'><strong>Πατρὸς,</strong></span> <span class='ocrx_word' id='word_1_860' title='bbox 2592 5577 2684 5631; x_wconf 74' lang='grc' dir='ltr'><strong>καὶ</strong></span> <span class='ocrx_word' id='word_1_861' title='bbox 2740 5571 3029 5643; x_wconf 75' lang='grc' dir='ltr'><strong>συνεργεία</strong></span> <span class='ocrx_word' id='word_1_862' title='bbox 3057 5567 3151 5625; x_wconf 85' lang='grc' dir='ltr'><strong>τοῦ</strong></span> <span class='ocrx_word' id='word_1_863' title='bbox 3196 5566 3350 5637; x_wconf 80' lang='grc' dir='ltr'><strong>ἁγίου</strong></span> <span class='ocrx_word' id='word_1_864' title='bbox 3390 5561 3737 5633; x_wconf 77' lang='grc' dir='ltr'><strong>Πνεῦματος,</strong></span> 
     </span>
    </p>
   </div>
  </div>
