4050 6396
286 324 387 391 789

1511 330 1972 400 QUIESTIONES
2010 332 2216 388 ALMS.

3407 325 3521 387 ’ίθο

290 447 605 518 συγκατέϐη
638 448 667 500 ὁ
704 446 831 510 Υἱὸς
867 448 961 501 καί
991 447 1161 516 Λόγος
1189 448 1283 501 τοῦ
1305 447 1463 513 Θεοῦ,
1492 450 1585 502 καὶ
1607 448 1853 519 εἰσῆλθεν

1982 457 2191 516 lterum,
2224 457 2279 505 et
2319 456 2599 521 assumpta
2644 462 2809 504 carne
2857 461 2924 503 ex
2970 447 3081 512 illa,
3134 446 3297 501 homo
3351 444 3527 504 factus

289 544 368 606 είς
404 541 653 612 καθαράν
702 540 910 595 κοιλίαν
952 540 1220 612 παρθένου
1246 540 1525 609 γυναικὸς,
1573 542 1665 595 καὶ
1686 558 1856 613 προσ-

1953 550 2039 598 est
2065 549 2157 597 :et
2187 556 2378 597 rursus
2397 554 2651 611 egressus
2675 554 2742 595 ex
2771 538 3016 602 muliere,
3048 536 3240 591 relicta
3268 536 3360 591 illa
3390 549 3530 605 pura

289 631 586 702 λαϐόμενος
616 630 794 702 σάρκα
820 629 879 693 ἐξ
917 630 1106 701 αὐτῆς,
1132 630 1544 705 ένηνθρὼπησε·
1575 633 1668 684 καὶ¹
1700 632 1859 686 πάλιν

1982 639 2011 684 :t
2039 630 2325 702 obsignata
2354 628 2574 699 Virgine
2599 626 3045 689 incontaminata,
3069 623 3526 695 quemadmodum

291 727 355 778 ἐκ
388 725 488 794 τῆς
533 723 791 791 γυναικὸς
822 720 1102 787 ὲξελθὼν,,
1128 724 1223 775 καὶ
1260 722 1658 791 ὲγκαταλείψας
1693 721 1863 792 αὐτὴν

1982 719 2132 781 prius.
2159 721 2519 776 inambulavit
2576 720 2631 774 in
2674 716 2880 775 mundo
2907 731 3033 771 cum
3080 715 3418 780 hominibus,
3471 720 3533 768 ut

291 816 537 887 καθαράν
595 817 690 869 καὶ
732 814 1177 884 ὲσιρραγισμένην
1225 814 1489 885 παρθένον
1533 814 1862 883 ἀμόλυντον,

1961 811 2145 877 homo,
2182 818 2237 866 et
2261 819 2394 866 tunc
2420 810 2729 882 appellatus
2750 815 2833 864 est
2853 806 3131 869 Christus,
3158 805 3302 876 quod
3329 814 3533 859 unctus

290 906 542 975 καθάπερ
580 906 644 959 τὸ
675 905 974 977 πρότερον,
1025 906 1426 976 περιεπάτησεν
1463 907 1520 959 ἐν
1568 905 1645 975 τῷ
1672 906 1862 976 κόσμῳ

1982 911 2132 968 isset,
2164 913 2218 957 et
2255 903 2472 957 tulisset
2497 916 2719 956 carnem
2764 899 3021 955 hominis.
3049 897 3112 951 Et
3142 897 3231 951 hic
3264 904 3350 951 est
3375 894 3517 950 Chri-

294 999 431 1070 μετά
480 998 591 1051 τῶν
624 995 948 1069 ἀνθρώπιον,
982 994 1058 1059 ὡς
1100 994 1413 1067 ἄνθρωπος,
1455 996 1549 1049 καὶ
1579 995 1700 1048 τότε
1730 995 1864 1049 ὠνο-

1968 1002 2089 1051 stus
2115 993 2288 1050 Filius
2314 1000 2371 1050 et
2398 992 2640 1049 Verbum
2662 992 2779 1055 Dei,
2802 991 2897 1062 qui
2918 1004 3139 1045 carnem
3173 993 3369 1060 gestat.

297 1093 473 1164 μάσθη
529 1093 799 1164 Χριστὸς,
849 1090 940 1145 διὰ
973 1089 1035 1144 τὸ
1079 1091 1368 1162 χρισθῆναί
1407 1108 1467 1143 τε
1516 1090 1610 1142 καὶ
1642 1090 1871 1161 φορέσαι
1901 1090 2001 1161 τὴν
2029 1091 2207 1163 σάρκα
2235 1089 2330 1145 τοῦ
2364 1088 2678 1161 ἀνθρώπου.
2698 1087 2809 1143 Καὶ
2835 1079 2990 1151 οὗτός
3034 1086 3180 1138 ἔστιν
3232 1085 3261 1138 ό
3304 1080 3538 1153 Χριστὸς

295 1186 473 1261 ὁ,Υἱὸς
506 1187 600 1238 καὶ
624 1186 795 1253 Λόγος
829 1184 924 1237 τοῦ
953 1183 1109 1247 Θεοῦ,
1135 1184 1164 1236 ὁ
1195 1184 1373 1255 σάρκα
1409 1183 1611 1255 φορῶν.

376 1301 567 1373 Ἐρῶτ.
601 1299 688 1355 ιϐ’.
737 1301 847 1353 Καὶ
881 1298 997 1363 πῶς
1023 1294 1090 1370 ἦν
1116 1298 1339 1352 δυνατὸν
1376 1299 1555 1372 σάρκα
1598 1298 1865 1371 παρθένον

297 1398 569 1465 γεννῆσαι,
599 1395 692 1448 καὶ
718 1393 877 1446 πάλιν
907 1392 1085 1463 μένειν
1110 1391 1375 1463 παρθένον
1398 1408 1412 1457 ;
1434 1392 1527 1445 καὶ
1566 1390 1724 1444 τοῦτο
1736 1390 1868 1443 θαυ-

2034 1296 2253 1363 ρωεετ.
2290 1294 2430 1351 XIX.
2460 1295 2527 1350 Et
2557 1295 2829 1367 quomodo
2867 1292 2981 1350 ﬂeri
3025 1298 3228 1365 potest,
3260 1289 3537 1362 Virginem

1965 1405 2158 1460 parere
2188 1404 2431 1455 carnem,
2460 1395 2513 1444 et
2545 1397 2726 1443 tamen
2760 1400 2983 1440 manere
3014 1380 3325 1453 virginem?
3352 1386 3407 1436 et
3436 1378 3543 1433 hoc

303 1483 498 1553 μαστὸν
532 1483 665 1553 ἡμῖν
710 1482 803 1535 καὶ
852 1482 991 1535 πάνυ
1039 1479 1276 1548 ἐξαίσιον
1320 1480 1606 1550 φαίνεται·
1654 1480 1865 1545 δίδαξον

1982 1482 2125 1538 nobis
2166 1482 2366 1536 mirum
2414 1480 2632 1536 videtur
2667 1488 2721 1535 et
2748 1477 2976 1533 omnino
3026 1474 3325 1531 absurdum
3359 1486 3375 1524 :
3406 1469 3546 1525 doce

300 1576 441 1646 ἡμᾶς
467 1577 560 1627 καὶ
592 1576 722 1646 περὶ
750 1574 961 1640 τούτου,
988 1572 1238 1644 δεόμεθα.

378 1664 564 1718 ’Δπόκ.
612 1665 676 1718 El
711 1666 805 1718 καὶ
845 1663 1154 1734 θαυμαστὸν
1189 1665 1320 1735 ἡμῖν
1363 1664 1512 1718 δοκεῖ
1545 1663 1723 1727 τοῦτο,
1749 1663 1867 1717 ἀλλ’

1967 1589 2069 1630 nos
2094 1572 2257 1629 etiam
2296 1573 2399 1628 hac
2429 1572 2497 1627 de
2528 1586 2608 1638 re,
2642 1583 2980 1642 quaesumus.

2042 1665 2206 1723 Rssr.
2242 1665 2357 1720 Etsi
2387 1665 2554 1721 nobis
2607 1663 2711 1720 hoc
2758 1662 3057 1735 permirum
3088 1656 3323 1720 videtur,
3352 1667 3545 1711 verum

302 1759 397 1813 οὐκ
423 1756 712 1829 ἀνθρώπου
737 1758 797 1810 τὸ
830 1757 1008 1829 ἔργον,
1038 1757 1171 1810 Θεοῦ
1206 1757 1264 1811 δέ
1285 1774 1299 1788 ’
1330 1758 1463 1811 ὅπου
1491 1757 1598 1830 γάρ
1622 1756 1867 1828 βούλεται

1982 1775 2083 1814 non
2136 1765 2222 1814 est
2283 1755 2524 1812 hominis
2569 1770 2730 1826 opus,
2782 1752 2879 1809 sed
2921 1750 3018 1807 Dei
3053 1768 3067 1805 :
3100 1747 3245 1803 Deus
3276 1745 3427 1852 enim.
3456 1743 3548 1797 ubi

303 1849 449 1913 Θεὸς,
472 1850 690 1903 νικᾶται
712 1848 924 1919 φύσεως
952 1847 1131 1915 τάξιςο
1161 1850 1255 1903 καὶ
1283 1849 1443 1902 πάλιν
1461 1866 1474 1879 ·
1503 1868 1521 1900 ι
1550 1848 1870 1921 Θαυμαστὸς

303 1941 490 2008 όΘεὸς,
518 1961 537 1993 i
559 1942 655 1996 xui.
682 1960 701 1992 ι
729 1941 1107 2012 Θαυμαστάτά
1136 1941 1272 2014 ἔργα
1287 1941 1473 1995 αὐτοῦ.
1499 1961 1517 1993 i
1540 1941 1683 2013 Πλὴν
1708 1941 1871 1996 άκου-

306 2051 393 2091 σον
447 2035 580 2105 περὶ
633 2033 737 2104 τῆς
786 2034 1122 2107 γεννησάσης
1169 2034 1446 2105 Παρθένου
1507 2034 1724 2088 ποικίλα
1778 2035 1874 2088 καὶ

306 2126 672 2197 ἔναργέστατα
703 2124 978 2194 σύμϐολα’
1032 2123 1330 2196 μνήσθητι,
1376 2126 1457 2178 ὅτι
1500 2124 1766 2196 παρθένος
1799 2123 1875 2178 ῶν

305 2219 331 2270 ό
374 2216 541 2287 Ἀδὰμ
588 2216 691 2287 τὴν
726 2214 868 2269 Εὕαν
921 2215 1213 2287 ἐγέννησεο
1269 2216 1363 2269 καὶ
1401 2216 1561 2269 πάλιν
1609 2214 1878 2288 παρθένος

305 2306 562 2377 διέμεινε,
597 2306 853 2378 καθάπερ
889 2306 950 2360 τὸ
979 2306 1264 2379 πρότερον.
1295 2307 1405 2362 Καὶ
1433 2307 1621 2380 ῶσπερ
1651 2308 1681 2361 ὸ
1710 2306 1878 2379 ’Δδάμ

308 2398 569 2470 παρθένος
599 2399 855 2469 ἐγέννησε
886 2400 979 2453 καὶ
1020 2398 1289 2469 παρθένος
1315 2399 1570 2471 διέμεινε,
1596 2398 1739 2453 οὕτω
1782 2400 1878 2452 κα)⁸

305 2493 340 2560 ἡ
374 2488 632 2552 Θεοτόκος
661 2488 869 2559 Μαρία,
909 2487 1178 2559 παρθένος
1207 2486 1370 2553 οὖσα,
1410 2488 1563 2542 ἔτεκε
1608 2488 1697 2542 τὸν
1742 2490 1878 2559 Χρι-

311 2578 450 2643 στὸν,
483 2579 576 2632 καὶ
624 2576 790 2631 πάλιν
832 2576 1099 2649 παρθένος
1135 2576 1392 2648 διέμεινε.
1439 2577 1598 2630 Ἀλλά
1631 2577 1724 2631 καὶ¹
1753 2577 1881 2632 ἀλλο

309 2669 440 2741 πρὸς
474 2668 634 2723 τοῦτο
679 2669 973 2740 μυστήριον
1002 2669 1251 2724 ἄκουσον.
1281 2669 1493 2740 Ὠσπερ
1544 2664 1691 2731 οἶκος
1726 2685 1882 2738 περι-

312 2760 696 2833 πεφραγμένος
747 2757 1009 2812 πάντοθεν
1058 2759 1369 2813 ἀνατολικὸν
1414 2758 1551 2830 ἔχων
1584 2758 1788 2813 ὑέλινόν
1819 2776 1879 2813 τε

313 2852 544 2923 καθαρὸν
573 2852 672 2906 καὶ
710 2850 1033 2905 λεπτότατον
1066 2850 1473 2922 παραθυρίδιον,
1506 2850 1882 2915 ἀνατείλαντος

311 2943 401 2997 τοῦ
447 2942 600 3015 ἡλίου
660 2943 716 2995 αἱ
754 2944 969 3007 ἀκτῖνες
1018 2941 1182 2995 αὐτοῦ
1237 2942 1535 3015 διαπερῶσι
1584 2943 1678 2996 τὸν
1729 2942 1883 2997 ὑελὸν

313 3036 404 3090 καὶ
447 3035 784 3108 εἰσέρχονται
834 3035 1012 3088 πάντα
1050 3034 1140 3089 τὸν
1184 3030 1332 3091 οἶκον
1377 3032 1845 3104 καταφωτίζοντες
1863 3049 1880 3065 ⁸

1975 1851 2111 1916 vult,
2135 1850 2308 1905 vincit
2365 1860 2574 1903 natura:
2623 1845 2895 1902 ordinem.
2943 1842 3010 1897 Et
3039 1855 3236 1896 rursus
3268 1854 3282 1890 :
3324 1855 3343 1889 ι
3380 1834 3547 1891 Mira-

1973 1944 2100 1999 bilis
2146 1949 2231 1998 est
2279 1939 2422 1996 Deus
2445 1940 2515 2007 “,
2556 1958 2575 1993 ι
2607 1945 2660 1994 et
2693 1955 2713 1989 ι
2747 1932 3014 1990 Mirabilia
3064 1943 3230 2002 opera
3281 1927 3402 1996 ejus
3427 1924 3490 1977 ι’.
3525 1943 3543 1976 ι

1976 2037 2367 2092 Verumtamen
2417 2033 2546 2088 audi
2599 2032 2666 2088 de
2707 2029 2929 2103 Virgine
2984 2025 3251 2100 genitrice
3296 2020 3448 2077 varia
3495 2030 3552 2073 ct

1976 2126 2389 2185 evidentissima
2423 2124 2668 2197 symbola
2704 2138 2718 2175 :
2758 2120 3049 2176 recordare
3074 2120 3219 2192 quod
3244 2119 3409 2174 Evam
3439 2132 3535 2189 ge-

1977 2221 2158 2276 nuerit
2215 2219 2411 2282 Adam,
2457 2232 2583 2272 cum
2635 2224 2781 2272 esset
2821 2216 3020 2286 virgo:
3052 2226 3106 2270 et
3149 2228 3347 2268 rursus
3398 2210 3553 2281 virgo

1978 2308 2265 2373 manserit,
2327 2306 2787 2379 quemadmodum
2838 2305 3012 2377 prius.
3069 2302 3137 2358 Et
3184 2302 3328 2358 sicut
3377 2299 3549 2355 Adam

1976 2402 2128 2472 virgo
2155 2399 2456 2472 generavit,
2491 2407 2545 2455 et
2574 2399 2727 2470 virgo
2756 2398 2987 2460 mansit,
3008 2396 3083 2450 ita
3101 2405 3155 2450 et
3178 2393 3408 2465 Deipara
3433 2390 3551 2446 lla-

1978 2494 2081 2557 ria,
2107 2494 2259 2565 virgo
2306 2507 2432 2547 cum
2473 2498 2640 2557 esset,
2689 2490 2899 2562 peperit
2935 2486 3244 2553 Christum,
3277 2492 3332 2541 et
3372 2492 3556 2539 tamen

1977 2584 2131 2656 virgo
2159 2582 2480 2656 permansit.
2507 2579 2615 2637 Sed
2638 2591 2693 2637 et
2721 2579 2868 2634 aliud
2895 2578 3022 2633 audi
3049 2576 3407 2650 mysterium:
3443 2574 3557 2629 sic-

1980 2685 2040 2731 ut
2084 2675 2282 2732 domus
2319 2677 2692 2744 circumsepta
2746 2671 3009 2743 undique,
3037 2685 3159 2742 qua:
3192 2668 3355 2726 habet
3380 2667 3561 2723 orien-

1979 2776 2090 2825 tem
2130 2783 2325 2824 versus
2347 2768 2578 2823 vitream
2632 2781 2826 2838 puram
2871 2771 2925 2820 et
2976 2761 3355 2818 tenuissimam
3408 2759 3560 2815 felle-

1981 2859 2212 2924 stellam,
2235 2857 2446 2913 oriente
2483 2857 2618 2923 sole,
2652 2856 2791 2911 radii
2818 2854 2938 2926 ejus
2970 2859 3319 2925 penetrantes
3352 2851 3556 2904 vitrum

1979 2957 2035 3006 et
2061 2950 2431 3022 ingredientes
2464 2948 2690 3004 domum
2727 2954 2898 3001 totam
2951 2944 3285 3000 collustrant
3317 2951 3406 2997 :et
3435 2956 3561 2995 rura

1982 3057 2078 3098 sus
2097 3048 2419 3097 transeunte
2448 3041 2564 3096 sole
2604 3046 2661 3095 et
2704 3036 3115 3110 egredientibus
3161 3033 3333 3089 radiis
3355 3034 3558 3087 vitrum

313 3126 403 3179 καὶ
448 3126 613 3181 πάλιν
667 3125 1077 3197 παρερχομένου
1118 3125 1212 3179 τοῦ
1249 3126 1398 3197 ἡλίου
1431 3128 1525 3180 καὶ
1568 3126 1676 3180 τῶν
1719 3125 1880 3179 αὐτοῦ

1985 3151 2099 3190 non
2140 3133 2529 3205 confringitur,
2565 3131 2660 3187 sed
2693 3130 2762 3186 ab
2818 3126 3255 3203 ingredientibus
3310 3132 3365 3181 et
3405 3140 3560 3196 egre-

312 3219 539 3272 ἀκτίνων
586 3217 984 3289 ἐξερχομένων,
1017 3218 1046 3270 ὁ
1079 3218 1229 3283 ὐελὸς
1263 3220 1323 3272 οὐ
1372 3217 1732 3289 συντρίϐεται,
1766 3218 1879 3272 ἀλλ’

312 3311 548 3383 ἀϐλαϐὴς
581 3312 649 3364 ὲκ
692 3310 800 3364 τῶν
841 3310 1235 3382 εἰσερχομένων
1278 3328 1338 3364 τε
1386 3311 1477 3364 καὶ
1514 3309 1883 3381 ἐξερχομένων

314 3400 732 3473 προσκρούσεων
758 3400 853 3453 τοῦ
880 3400 1030 3472 ἡλίου
1063 3400 1306 3472 διαμένει
1334 3401 1592 3456 ἀκτίνων·
1618 3400 1760 3455 οὓτω
1791 3418 1883 3473 μοι

312 3493 420 3547 νόει
449 3494 545 3547 καὶ
583 3492 716 3566 περὶ
763 3493 861 3563 τῆς
902 3492 1264 3565 ἀειπαρθένου
1311 3493 1554 3564 Μαρίας.
1597 3492 1743 3565 Αὕτη
1773 3493 1884 3564 γάρ

248 3639 269 3657 δ
311 3588 344 3658 ἡ
378 3587 672 3655 πάναγνος,
704 3586 781 3649 ὡς
801 3582 946 3650 οἶκος
971 3582 1105 3641 οὖσα
1135 3589 1667 3659 περιπεφραγμένος,
1696 3591 1725 3643 ό
1757 3589 1883 3652 Υίὸς

311 3677 404 3729 καὶ
427 3678 603 3746 Λόγος
619 3673 716 3729 τοῦ
742 3674 875 3729 Θεοῦ
901 3675 1151 3748 καθάπερ
1172 3676 1330 3741 ἀκτὶς
1350 3676 1506 3749 θεῖκὴ
1532 3680 1597 3732 ἐκ
1616 3679 1710 3732 τοῦ
1732 3679 1882 3751 ἡλίου

310 3769 411 3839 τῆς
449 3767 798 3837 δικαιοσύνης
835 3767 928 3820 τοῦ
958 3767 1174 3847 Πατρὸς
1201 3766 1497 3831 κατελθὼν,
1538 3770 1633 3821 καὶ
1662 3767 1749 3821 διὰ
1788 3767 1883 3821 τοῦ

310 3860 518 3914 ὑελίνου
557 3859 949 3932 παραθυριδίου
1000 3859 1108 3911 τῶν
1157 3858 1333 3912 ὠτίων
1374 3858 1543 3928 αὐτῆς
1589 3857 1882 3927 εἰσελθὼν,

310 3954 400 4007 τὸν
428 3952 697 4022 πανάγιον
717 3947 865 4005 οἷκον
895 3951 1063 4022 αὐτῆς
1098 3948 1457 4019 κατεφώτισε,
1485 3949 1581 4004 καὶ¹
1618 3950 1782 4007 πάλιν
1810 3951 1884 4016 ὡς

308 4042 449 4099 οἶδεν
497 4044 697 4108 αὐτὸς,
740 4041 929 4114 ἐξῆλθε
949 4083 964 4103 ,
1021 4041 1095 4113 μὴ
1144 4042 1389 4113 λυμήνας
1438 4041 1537 4114 τὴν
1590 4042 1887 4115 παρθενίαν

309 4137 526 4207 ἔκείνης
563 4136 627 4189 τὸ
662 4134 911 4188 σύνολον·
947 4134 1060 4187 ἀλλ’
1091 4134 1167 4197 ὡς
1214 4134 1321 4206 πρὸ
1362 4133 1456 4187 τοῦ
1482 4134 1663 4199 τόκου,
1703 4135 1800 4189 καὶ
1827 4137 1886 4189 ὲν

307 4228 388 4300 τῷ
426 4229 571 4299 τόκῳ
620 4228 717 4281 καὶ
779 4225 916 4297 μετά
955 4225 1045 4279 τὸν
1081 4226 1238 4279 τόκον
1288 4224 1553 4297 παρθένον
1590 4226 1759 4297 ἀγνὴν
1812 4225 1889 4279 δι-

309 4321 568 4391 εφύλαξε.
616 4322 723 4374 Σὺν
766 4320 974 4382 τούτοις
1041 4317 1098 4370 δὲ
1151 4317 1245 4372 καὶ
1293 4316 1477 4390 ἕτερον
1527 4317 1889 4388 φωτολαμπὲς

307 4415 404 4469 καὶ
441 4410 923 4485 θαυμαστώτατον,
955 4410 1224 4464 κάκείνων
1248 4409 1546 4482 παρόμοιον
1587 4410 1888 4480 ὲκτύπωμα

1983 3227 2266 3284 dientibus
2337 3225 2848 3297 repercussionibus
2936 3222 3215 3278 radiorum
3298 3218 3558 3276 solarium

1982 3324 2165 3371 manet
2202 3315 2473 3381 illazsum;
2530 3315 2605 3368 ita
2660 3313 2933 3384 intelligas
2969 3311 3039 3366 de
3089 3324 3306 3381 semper
3337 3307 3561 3380 Virgine

1983 3408 2176 3466 Maria.
2217 3407 2314 3463 illa
2347 3408 2495 3463 enim
2552 3406 2887 3469 castissima,
2941 3413 3002 3458 ut
3056 3403 3254 3459 domus
3311 3400 3561 3473 quaedam

1982 3502 2345 3571 circumsepta
2378 3514 2504 3553 cum
2533 3497 2625 3563 sit,
2658 3495 2832 3551 Filius
2865 3502 2920 3551 et
2950 3493 3190 3550 Verbum
3237 3492 3330 3550 Dei
3366 3502 3424 3548 ut
3471 3507 3560 3547 ra-

1982 3593 2106 3648 dius
2134 3591 2352 3646 divinus
2380 3606 2447 3646 ex
2480 3590 2595 3645 sole
2632 3587 2857 3658 justitia
2881 3585 3043 3643 Patre
3067 3585 3430 3648 descendens,
3456 3584 3556 3655 qui

1984 3700 2082 3755 per
2133 3683 2363 3737 vitream
2417 3679 2757 3735 fellestellam
2802 3678 3017 3733 aurium
3084 3677 3233 3732 illius
3271 3676 3557 3747 ingressus

1984 3772 2388 3829 sanctissimam
2424 3769 2646 3827 domum
2684 3770 2804 3840 ejus
2829 3768 3148 3834 illustravit,
3179 3774 3234 3823 et
3282 3780 3477 3821 rursus
3500 3773 3567 3844 ut.

1983 3866 2127 3921 idem
2151 3864 2321 3928 novit,
2345 3863 2533 3929 exivit,
2567 3877 2635 3917 ne
2667 3860 2891 3916 minime
2919 3858 3139 3929 quidem
3189 3856 3390 3912 foedata
3440 3855 3557 3909 vir-

1984 3956 2211 4028 ginitate
2242 3954 2392 4009 illius
2426 3970 2443 4008 :
2473 3950 2569 4008 sed
2626 3951 2769 4007 sicut
2827 3956 2955 4005 ante
3011 3956 3250 4020 partum,
3289 3947 3451 4001 etiam
3501 3945 3555 3999 in

1986 4056 2170 4119 partu,
2204 4053 2258 4102 et
2292 4053 2416 4118 post
2437 4052 2653 4117 partum
2686 4042 2967 4114 Virginem
3000 4048 3209 4097 castam
3266 4053 3560 4097 conserva—

1986 4142 2083 4194 vit.
2106 4138 2373 4194 Praeterea
2421 4148 2477 4193 et
2536 4136 2698 4191 aliam
2748 4136 3017 4190 illustrem
3074 4131 3452 4187 admirandam
3506 4138 3561 4184 et

1988 4234 2097 4289 illis
2123 4232 2355 4288 similem
2392 4216 2518 4284 audi
2557 4228 2995 4286 similitudinem.
3019 4223 3314 4295 Margarita
3342 4223 3397 4276 in
3421 4221 3562 4275 mari

1986 4321 2174 4379 Rubro
2204 4329 2498 4393 generatur
2530 4338 2545 4376 :
2578 4326 2871 4391 generatur
2902 4324 3081 4377 autem
3105 4315 3209 4371 hoc
3235 4312 3416 4370 modo.
3449 4312 3559 4367 Ex-

1988 4417 2290 4471 tremitates
2342 4415 2510 4471 maris
2565 4412 2739 4469 Rubri
2806 4412 2968 4469 siccze
3037 4414 3187 4470 sunt,
3261 4420 3560 4478 paucarum

306 4505 564 4559 ἄκουσον.
624 4503 685 4557 '0
730 4502 1075 4574 μαργαρίτης
1110 4501 1189 4562 ,ὲν
1241 4502 1308 4571 τῇ
1353 4501 1586 4572 Ἐρυθρᾷ
1645 4502 1880 4571 θαλάσσῃ

1990 4521 2255 4576 aquarum
2295 4504 2502 4559 ﬂuxum
2550 4505 2833 4559 habentes.
2864 4501 3227 4556 lnveniuntur
3269 4505 3450 4552 autem
3486 4495 3561 4549 ibi

305 4597 554 4665 γίνεται’
586 4595 801 4665 γίνεται
845 4593 904 4647 δὲ
936 4592 1130 4656 οὕτως.
1177 4594 1242 4646 Ai
1275 4592 1440 4666 ἄκραι
1487 4594 1586 4664 τῆς
1620 4591 1887 4664 Ἐρυθρᾶς

307 4688 593 4760 θαλάσσης
627 4686 793 4758 ξηραί
822 4687 979 4749 εἰσιν,
1013 4684 1194 4754 ὀλίγου
1232 4685 1385 4756 χύσιν
1418 4685 1607 4749 ὓδατος
1647 4686 1883 4755 ἔχουσαι.

308 4781 674 4852 Εὑρίσκονται
695 4778 753 4831 δὲ
772 4780 949 4831 ἐκεῖσε
977 4770 1455 4851 ὀστρακοδέρματά
1476 4796 1595 4833 τινα
1622 4778 1885 4832 θαλάσσια

307 4874 366 4925 ἐν
400 4873 555 4943 πάσῃ
579 4873 649 4943 τῇ
688 4868 925 4943 Ἐρυθρᾲ
952 4868 1193 4943 θαλάσσῃ
1223 4872 1423 4941 ἐκείνῃ,
1472 4871 1653 4925 πίνναι
1684 4871 1883 4940 ὀνομα-

307 4962 539 5033 ζόμενα.
581 4962 861 5015 Ἵστανται
905 4954 1000 5012 οὖν
1035 4960 1089 5012 αί
1132 4960 1312 5014 πίνναι
1354 4962 1557 5014 ἐκεῖναι
1600 4960 1687 5014 ἀεὶ⁹
1718 4976 1886 5031 κεχη-

305 5058 480 5120 νυῖαι,
518 5053 617 5108 καὶ
656 5051 1010 5123 ἐκδεχόμεναι
1041 5049 1302 5124 βρώματα
1338 5054 1420 5117 είς
1455 5050 1660 5123 τροφὴν
1686 5051 1885 5105 αὐτῶν.

318 5146 411 5201 Ἦν
448 5146 583 5217 γοῦν
610 5143 691 5215 τῷ
731 5142 983 5197 ἵστασθαι
1021 5144 1190 5209 αὑτὰς
1231 5145 1522 5217 κεχηνυίας
1556 5145 1649 5199 καὶ
1677 5144 1889 5214 ἐκδεχο-

310 5240 487 5309 μένας
513 5239 616 5309 τὴν
647 5235 858 5291 ἑαυτῶν
886 5237 1110 5308 τροφὴν,
1143 5238 1353 5307 συχνῶν
1384 5237 1689 5308 γενομένων
1712 5238 1889 5291 ἐκεῖσε

307 5329 420 5384 τῶν
467 5326 813 5401 ἀστραπῶν,
864 5327 1187 5398 κατέρχεται
1227 5331 1260 5399 ἡ
1312 5327 1563 5399 ἀστραπὴ
1609 5327 1745 5403 πρὸς
1792 5328 1891 5398 τὴν

310 5422 543 5487 πίνναν,
603 5421 701 5474 καὶ
746 5419 1074 5490 εὐρίσκουσα
1132 5422 1201 5473 τὰ
1243 5421 1345 5490 τῆς
1401 5419 1592 5493 πίννης
1649 5421 1894 5495 θστρακα

386 5579 429 5611 ⁸¹
473 5530 621 5635 Dsal.
662 5591 805 5631 um
830 5616 842 5639 ,
878 5575 965 5629 56.
1045 5577 1086 5607 ⁸³
1129 5575 1296 5630 Eccli.
1331 5591 1359 5628 ι
1384 5613 1398 5637 ,
1435 5574 1488 5629 ι.

1993 4598 2269 4653 conchilia
2294 4598 2526 4662 marina,
2558 4596 2615 4651 in
2665 4603 2782 4651 toto
2819 4593 2959 4649 mari
3010 4592 3104 4647 illo
3145 4590 3349 4653 Rubro,
3381 4588 3563 4657 pinnae

1992 4690 2293 4744 nominata.
2334 4686 2495 4743 Stant
2518 4688 2683 4760 igitur
2705 4688 2885 4757 pinna:
2932 4684 3038 4740 illae
3079 4696 3296 4751 semper
3343 4680 3577 4733 hiantes.

1991 4789 2045 4836 et
2064 4786 2443 4856 exspectantes
2471 4794 2630 4834 escas
2663 4778 2730 4831 ad
2751 4775 3148 4831 nutrimentum
3176 4770 3261 4827 sui
3288 4786 3302 4823 :
3338 4766 3559 4822 interim

1991 4872 2119 4927 dum
2144 4874 2221 4926 ita
2248 4870 2559 4927 consistunt
2589 4868 2823 4934 hiantes,
2849 4875 2903 4921 et
2923 4868 3238 4934 exspectant
3262 4859 3559 4915 nutrimen-

1992 4972 2131 5028 tum,
2179 4970 2234 5018 et
2287 4975 2480 5037 magna
2535 4961 2694 5031 copia
2747 4957 2959 5013 accedit
3001 4955 3295 5025 fulgurum,
3350 4948 3558 5004 accedit

2003 5053 2224 5129 aliquod
2260 5052 2442 5123 fulgur
2480 5050 2545 5105 ad
2578 5051 2821 5121 pinnam,
2859 5057 2913 5103 et
2947 5060 3074 5101 cum
3115 5041 3349 5113 reperiat
3387 5045 3557 5093 testas

1995 5143 2178 5215 pinnae
2228 5151 2467 5215 apertas,
2514 5139 2822 5210 ingreditur
2878 5139 2936 5192 in
2986 5136 3167 5190 illam:
3212 5131 3377 5202 pinna
3429 5139 3558 5180 vero

1996 5242 2280 5292 contracta
2314 5234 2497 5291 statim
2522 5241 2577 5289 et
2599 5230 2902 5287 constricta
2935 5227 2991 5283 in
3026 5226 3260 5295 seipsam
3297 5221 3447 5276 intus
3473 5217 3558 5271 in-

1998 5328 2170 5386 cludit
2195 5326 2398 5400 fulgur.
2430 5323 2637 5395 Fulgur
2659 5336 2791 5378 vero
2814 5318 3132 5375 obvolutum
3157 5315 3210 5369 in
3233 5312 3408 5385 globis
3428 5323 3560 5365 ocu-

1999 5422 2177 5479 lorum
2223 5420 2423 5491 pinnae,
2465 5416 2704 5474 illustrat
2752 5414 2899 5477 illos,
2949 5420 3001 5468 et
3040 5411 3338 5467 commutat
3371 5418 3467 5461 eos
3503 5400 3558 5456 in
