4050 6396
533 299 624 350 ῗ91
1676 299 1731 353 S.
1775 297 2234 354 ATHANASIL'S.
2273 329 2343 339 --
2379 297 2602 352 DUBIA.

3660 293 3761 349 ’ῖνὶ

530 421 874 487 margaritas.
926 417 1167 485 Egressae
1213 427 1391 471 autem
1443 419 1746 485 margarita:
1797 434 1863 471 ex
1905 419 2082 488 pinna1

2195 419 2529 486 ἀνεῳγμένα,
2565 415 2865 483 εἰσέρχεται
2891 414 2972 470 είς
3009 412 3178 482 αὑτήν
3197 429 3212 441 ·
3238 412 3271 480 ή
3294 411 3353 464 δὲ
3385 409 3568 472 πίννα,
3598 412 3758 476 εὒθὶς

529 508 817 574 procidunt
841 507 907 560 ad
942 509 1092 560 littus
1126 507 1315 570 maris,
1359 515 1521 576 atque
1566 509 1638 560 ita
1674 513 1972 578 piscatores
2000 525 2092 564 ca-

527 601 684 665 piunt
748 601 886 654 illas.
956 597 1188 652 Perinde
1251 599 1520 668 intelligas
1586 600 1654 654 de
1721 601 2092 656 incarnatione

529 687 710 745 Verbi.
748 689 896 742 Marc
943 689 1161 757 quidem
1213 699 1299 743 est
1347 690 1604 750 mundus,
1655 699 1710 745 et
1747 689 1910 761 Virgo
1958 707 2091 745 con-

525 781 649 836 cha.
699 779 886 833 Stabat
932 789 1111 834 autem
1167 779 1355 849 Virgo,
1398 782 1852 851 quemadmodum
1899 783 2084 851 pinna.

525 870 578 923 in
603 870 828 940 templo,
854 878 908 924 et
937 871 1242 940 excipiebat
1274 873 1550 926 cmlestem
1582 889 1777 943 panem
1809 873 2086 928 Christum

523 960 713 1025 Deum,
746 963 852 1031 qui'
886 971 939 1018 et
977 963 1316 1018 descendens
1358 975 1411 1019 et
1439 965 1720 1035 ingressus
1757 968 1813 1021 in
1851 983 1994 1029 eam,
2027 977 2088 1022 ut

523 1052 723 1122 fulgur,
768 1063 820 1110 et
864 1055 1191 1109 convolutus
1237 1056 1292 1109 in
1325 1056 1631 1112 visceribus
1667 1059 1994 1128 virginitatis
2020 1059 2086 1112 il-

521 1145 646 1210 lius,
695 1145 1033 1217 splendidam
1086 1147 1323 1202 reddidit
1389 1152 1788 1204 sanctissimam
1840 1167 2082 1214 carnem,

518 1253 677 1306 quam
709 1239 1008 1309 assumpsit
1038 1239 1200 1308 287
1225 1239 1577 1305 incarnatus;
1619 1252 1672 1296 et
1702 1244 1782 1298 sic
1810 1252 1971 1297 natus
2001 1256 2084 1298 est

517 1345 585 1385 ex
616 1345 702 1392 ea,
740 1329 974 1384 Verbum
1007 1331 1124 1394 Dei,
1162 1339 1221 1386 ut
1251 1348 1386 1401 pura
1417 1342 1470 1388 et
1500 1335 1890 1402 pretiosissima
1925 1350 2083 1388 mar—

517 1423 690 1492 garita
724 1423 843 1477 sine
864 1437 1164 1494 congressu
1189 1425 1442 1480 masculi.
1477 1424 1543 1478 Et
1571 1435 1630 1479 ut
1656 1429 1947 1497 margarita
1971 1443 2081 1482 cce-

521 1514 673 1568 lestis
722 1521 805 1568 est
851 1523 903 1568 et
948 1516 1471 1570 terrenamtelestis
1512 1517 1730 1587 quidem
1779 1518 2079 1572 secundum

518 1603 698 1674 fulgur
725 1623 739 1658 :
765 1606 1042 1660 terrestris
1070 1620 1200 1659 vero
1233 1605 1534 1661 secundum
1577 1608 1916 1676 complexum
1951 1623 2081 1663 ocu-

516 1697 691 1750 lorum
741 1699 951 1766 pinnas;
991 1698 1071 1752 sic
1103 1698 1267 1752 etiam
1315 1697 1568 1753 Christus
1616 1701 1856 1754 caelestis
1905 1710 1991 1755 est
2028 1712 2080 1757 et

515 1794 766 1843 terrenus
809 1809 821 1842 ε

516 1879 790 1932 terrestris
821 1890 999 1932 autem
1026 1879 1327 1934 secundum
1362 1882 1774 1933 humanitatem.
1800 1879 1864 1933 Et
1893 1897 2082 1949 quem-

515 1967 804 2022 admodum
836 1970 1128 2039 margarita
1168 1978 1460 2039 generatur
1486 1972 1605 2025 sine
1637 1987 1938 2042 congressu
1968 1988 2082 2026 ma-

516 2059 650 2113 sculi
686 2069 737 2115 et
766 2059 996 2124 feminae,
1033 2075 1098 2115 ex
1131 2061 1338 2132 fulgore
1382 2070 1436 2116 et
1467 2063 1653 2132 pinna,
1685 2064 1756 2117 ita
1797 2065 1956 2118 etiam
1985 2080 2081 2118 na-

513 2157 603 2206 tus
644 2159 728 2206 est
760 2151 1014 2208 Christus
1056 2155 1175 2208 sine
1219 2169 1517 2222 congressu
1568 2156 1798 2210 masculi
1848 2164 1900 2211 et
1935 2155 2082 2210 femi-

513 2229 614 2303 ηαξ,
645 2256 711 2295 ex
744 2241 967 2305 deitate,
1018 2251 1073 2296 et
1133 2259 1198 2297 ex
1241 2259 1408 2298 carne
1439 2243 1695 2314 Virginis.
1723 2244 1790 2298 Et
1815 2245 2078 2314 quemad-

511 2331 729 2386 modum
757 2347 881 2386 cum
913 2335 1207 2403 margarita
1239 2335 1560 2398 conteritur,
1607 2336 1834 2389 materia
1862 2336 2079 2405 quidem

511 2425 794 2478 oculorum
825 2427 1006 2493 pinna:
1047 2426 1350 2480 conteritur
1395 2432 1449 2480 et
1499 2427 1813 2489 resolvitur,
1859 2442 1960 2480 nec
2000 2435 2081 2479 ta-

511 2532 633 2570 men
661 2516 920 2586 splendor
954 2516 1190 2586 fulguris
1232 2518 1459 2587 patitur,
1491 2517 1586 2572 sed
1617 2516 1872 2587 splendor
1904 2517 2081 2586 fulgu-

508 2607 588 2660 ris
646 2606 964 2675 impatibilis
1025 2611 1499 2661 manetzmateria
1552 2616 1733 2662 autem
1793 2607 2077 2662 oculorum

510 2697 689 2765 pinna:
723 2697 840 2751 sola
885 2697 1190 2751 conteritur
1216 2704 1270 2751 et
1303 2698 1544 2767 patitur;
1575 2697 1645 2750 ita
1676 2705 1729 2751 et
1762 2697 1816 2750 in
1861 2696 2080 2751 Christo

512 2787 626 2840 haec
659 2785 1011 2856 intelligenda
1043 2795 1191 2841 sunt.
1225 2787 1361 2840 Cum
1404 2788 1548 2840 enim
1583 2788 1672 2841 ille
1707 2785 1957 2840 Salvator
1981 2801 2083 2840 no-

509 2885 623 2931 ater
649 2876 1013 2947 ﬂagellaretur
1043 2887 1096 2930 et
1127 2884 1406 2946 pateretur
1460 2891 1490 2928 a
1516 2874 1720 2932 ludatis
1768 2876 2080 2931 infidelibus

511 2968 860 3020 excruciatus
891 2967 946 3019 in
990 2981 1178 3029 cruce,
1225 2966 1455 3020 materia
1480 2966 1698 3036 quidem
1735 2967 1943 3030 carnis,
1976 2967 2079 3021 hoc

510 3065 596 3109 est
618 3057 952 3120 humanitas,
987 3061 1103 3112 sola
1130 3071 1290 3127 passa
1316 3063 1423 3119 est,
1450 3057 1623 3112 deitas
1652 3065 1831 3113 autem
1863 3059 2079 3129 impati-

512 3147 636 3201 bilis
679 3150 999 3216 permansit.
1033 3146 1097 3200 Et
1146 3163 1269 3202 cum
1311 3147 1415 3202 hoc
1442 3148 1603 3210 dicis,
1661 3149 1868 3204 refutas
1897 3149 2078 3206 Theo-

514 3237 811 3306 paschitas,
862 3247 915 3292 et
947 3238 1111 3293 doces
1144 3239 1482 3292 incarnatam
1533 3241 1913 3296 (econnmiam.
1944 3241 2081 3298 Hinc

514 3328 635 3392 tibi,
663 3329 878 3390 dilecte,
917 3330 1208 3399 scrupulus
1232 3330 1406 3400 gratia
1437 3330 1643 3385 Christi
1665 3331 1940 3388 eximitur.

2203 508 2594 576 συστελλομένη
2625 508 2720 558 καί
2751 503 3160 572 συσςιγγομένη
3202 504 3322 555 καθ’
3362 503 3580 571 tractv,
3612 505 3760 566 ἐντὲς

2198 599 2368 667 αὖτῆς
2418 599 2692 650 ἀποκλείει
2744 599 2842 665 τήν
2883 597 3193 665 ἀστραπήν.
3249 596 3314 647 Ἠ
3365 595 3422 647 δὲ
3471 596 3755 665 ἀστραπή,

2195 691 2546 760 τιλισσομένη
2578 692 2656 752 είς
2670 690 2794 748 τοῦς
2812 689 2908 752 (7°)
2927 687 3209 756 φορϐείονς
3225 687 3330 738 τῶν
3345 685 3637 755 ὀςθαλμὼν
3659 688 3755 754 τῆς

2744 599 2842 665 τήν
2883 597 3193 665 ἀστραπήν.

2197 784 2420 851 πίννης,
2450 780 2897 849 καταλαμπρὲνει
2947 780 3176 839 αὐτοὺς,
3236 780 3330 830 ut
3387 781 3530 830 ποιεῖ
3565 779 3755 840 αὐτοὺς

2197 873 2555 944 μαργαρίτας·
2593 873 2964 941 Ἐξερχόμεναι
3072 871 3122 920 οἱ
3163 874 3492 939 μαργαρῖται
3525 870 3633 922 ἀπὸ

2193 967 2414 1034 πίννης,
2451 966 2703 1015 πίπτουσι
2751 962 2886 1030 προς
2937 961 3029 1012 τὸν
3073 961 3316 1025 αἰγιαλὸν
3347 961 3445 1028 τής
3481 961 3752 1031 θαλάσσης

2192 1055 2424 1124 ἐκείνης,
2463 1056 2555 1106 καὶ
2581 1054 2752 1114 οῦτως
2778 1053 3122 1120 εὑρίσκουσιν
3143 1051 3336 1112 αὐτοὺς
3355 1053 3405 1102 οἱ
3431 1052 3753 1121 γῦρεῦοντες

2190 1148 2404 1207 αὑτούς.
2447 1147 2630 1207 Οῦτως
2679 1163 2766 1214 μοι

2190 1237 2278 1288 τοῦ
2310 1238 2500 1303 Λόγου.
2527 1237 2780 1287 Θάλασσα
2827 1237 2923 1303 μὲν
2953 1238 2981 1286 6
3022 1236 3242 1303 κόσμκ,
3275 1237 3371 1286 καὶ
3407 1236 3441 1304 ή
3484 1235 3750 1306 Παρθένος

2189 1328 2444 1398 κογχίλη.
2475 1329 2687 1379 Ἰστατο
2718 1328 2773 1379 δὲ
2815 1329 2846 1395 ἡ
2889 1326 3164 1396 Παρθένος
3205 1326 3451 1397 καθάπερ
3503 1327 3663 1378 πίννα
3695 1329 3750 1379 ἐν

2810 1146 2916 1195 vis:
2954 1145 3048 1196 καί
3101 1145 3228 1213 περὶ
3275 1143 3377 1210 τής
3429 1143 3753 1224 σαρκώσεῳς

2187 1420 2262 1488 τῷ
2288 1419 2418 1489 ναῷ,
2455 1419 2781 1488 ἐκδεχομένη
2817 1419 2905 1470 τον
2929 1419 3178 1488 οὐράνιον
3209 1419 3371 1489 ἄρτον
3403 1419 3638 1489 Χριστὸν
3663 1420 3751 1471 τὸν

2187 1512 2339 1573 θεὸν,
2385 1511 2444 1574 ὃς
2475 1511 2567 1563 καὶ
2618 1511 2885 1562 κατελθὼν
2931 1513 3025 1564 καὶ
3081 1511 3331 1563 εἰσελθὼν
3364 1512 3421 1562 ἐν
3458 1511 3627 1579 αὐτῇ,
3678 1511 3751 1573 ὡς

2186 1603 2476 1672 ἀστραπή,
2531 1603 2624 1654 καὶ
2676 1602 3065 1670 ἐντετυλιχθεξ
3119 1603 3177 1653 ἐν
3240 1604 3358 1664 ταῖς
3410 1602 3599 1668 λαγόσι
3655 1602 3751 1670 τῆς

2187 1692 2478 1762 παρθενίας
2506 1693 2694 1760 αὐτῆς,
2722 1691 3058 1762 λαμπροειδῆ
3091 1691 3460 1742 κατεσκεύασε
3481 1691 3580 1758 τήν
3615 1707 3748 1741 παν-

860 1789 1102 1843 οωιεειίε
1154 1789 1373 1859 quidem
1425 1791 1724 1846 secundum
1775 1792 2028 1846 ἀρῖιεηρηι
2062 1813 2076 1847 ;
2111 1777 2151 1830 Β
2179 1784 2337 1850 αγίαν
2371 1784 2565 1854 σάρκα,
2588 1785 2653 1851 ήν
2683 1783 3043 1853 πφσελάϐετο
3083 1783 3412 1854 σαρκωθείς·
3456 1783 3550 1834 καὶ
3578 1781 3748 1844 οῦτως

2183 1875 2448 1945 ἐγεννήθη
2499 1876 2556 1941 ἐξ
2618 1877 2784 1944 afri;
2830 1877 2905 1937 ὡς
2963 1876 3197 1947 καθαρὸς
3246 1878 3339 1928 καὶ
3389 1875 3745 1944 τηλυτίμητος

2185 1967 2529 2037 μαργαρίτης
2555 1969 2583 2018 ὁ
2636 1966 2808 2032 Λόγος
2835 1965 2930 2018 τοῦ
2976 1967 3109 2018 Θεοῦ
3156 1967 3324 2036 χωρὶς
3367 1966 3591 2035 ἄρρενος
3625 1981 3746 2016 συν-

2181 2055 2504 2125 ουσιασμοῦ.
2547 2057 2656 2109 Καὶ
2687 2055 2874 2126 ὥσπερ
2909 2057 2939 2108 6
2970 2057 3312 2127 μαργαρίτης
3358 2056 3602 2127 οὐράνιος
3633 2057 3747 2109 ἐστι

2183 2149 2275 2200 καὶ
2327 2151 2606 2220 ἐπίγειπ,
2667 2149 2916 2220 οὐράνιος
2953 2149 3051 2219 μὲν
3104 2149 3245 2202 κατά
3293 2150 3392 2218 τήν
3442 2149 3744 2217 ἀστραπήν,

2182 2242 2420 2307 ἐπίγειος
2457 2242 2512 2294 δὲ
2543 2241 2681 2293 κατά
2708 2243 2804 2311 τήν
2839 2241 3156 2310 συμπλοκήν
3189 2241 3296 2292 τῶν
3324 2239 3620 2310 ὀφθαλμῶν
3652 2241 3747 2309 τῆς

2181 2334 2399 2404 πίννης·
2433 2333 2572 2385 οῦτω
2605 2335 2698 2386 καὶ
2737 2335 2765 2384 6
2799 2334 3030 2403 Χριστος
3057 2333 3307 2403 οὐράνιός
3357 2335 3472 2385 ἐστι
3508 2333 3600 2383 καὶ
3633 2333 3749 2383 sui-

2181 2440 2354 2489 γειος·
2385 2424 2630 2494 οὖράνιος
2668 2425 2766 2492 μὲν
2811 2425 2951 2475 κατὰ
2982 2425 3078 2492 τήν
3121 2423 3371 2492 θεότητα,
3419 2423 3660 2488 ἐπίγειος
3691 2422 3747 2473 δὲ

2181 2515 2319 2567 κατά
2353 2515 2764 2585 ἀνθρωπὸτητα.
2801 2514 2910 2566 Καὶ
2940 2514 3124 2585 ὡσπερ
3149 2516 3177 2566 6
3207 2514 3550 2585 μαργαρίτης
3583 2531 3745 2566 κατα-

2182 2607 2499 2669 σκευάζεται
2531 2605 2659 2658 ἄνευ
2703 2606 2983 2668 συνουσίας
3027 2608 3252 2677 ἄρρενος
3306 2609 3400 2660 καὶ
3451 2607 3642 2673 θήλεος
3690 2607 3745 2672 ἐξ

2180 2696 2462 2767 άττραπής
2503 2698 2597 2749 καὶ
2651 2698 2748 2768 τῆς
2803 2699 3028 2768 πίννης,
3080 2697 3252 2761 οῦτως
3305 2698 3400 2750 καὶ
3447 2699 3475 2749 6
3519 2697 3745 2767 Χριστος

2180 2789 2441 2859 ἐγεννήθη
2473 2790 2599 2842 ἄνευ
2640 2790 3033 2860 συνουσιασμοῦ
3079 2790 3304 2860 ἄρρενος
3341 2791 3435 2841 καὶ
3465 2789 3655 2857 θήλεκ
3685 2789 3746 2839 ἐκ

2178 2883 2278 2950 τῆς
2309 2882 2582 2953 θεότητος,
2627 2884 2720 2935 καὶ
2770 2887 2869 2953 τής
2912 2883 3112 2954 σαρκὸς
3143 2883 3241 2950 τής
3291 2881 3587 2951 Παρθένου.
3639 2881 3748 2934 Καὶ

2181 2973 2368 3043 ὧσπερ
2399 2975 2427 3026 6
2462 2975 2807 3044 μαργαρίτης
2837 2973 3274 3043 σνντριϐὀμενος,
3307 2971 3613 3038 πολλάκιςή
3653 2970 3744 3039 μὲν

2184 3064 2280 3134 ῦλη
2311 3065 2416 3116 τῶν
2446 3065 2735 3134 δεξθαλμῶν
2772 3064 2868 3135 τῆς
2909 3064 3100 3133 πίννης
3145 3062 3484 3132 συντρίϐεται
3516 3061 3611 3114 καὶ
3637 3061 3745 3113 δια-

2184 3154 2401 3217 λύεται,
2443 3157 2562 3224 οὐχὶ
2609 3156 2666 3208 δὲ
2717 3155 2809 3208 καὶ
2866 3156 2900 3225 ἡ
2947 3153 3263 3224 λαμπρότης
3301 3154 3414 3222 ’τῆς
3466 3151 3746 3222 ἀστραπῆς

2185 3247 2406 3316 πάσχει,
2445 3248 2559 3300 ἀλλ’
2591 3251 2623 3318 ὴ
2669 3248 2765 3318 μὲν
2793 3249 3111 3317 λαμπρότης
3142 3245 3241 3314 τῆς
3272 3246 3564 3316 ἀστραπῆς
3605 3247 3744 3298 άπα-

2186 3337 2282 3407 θής
2313 3338 2581 3408 διαμένει,
2617 3340 2650 3408 ή
2682 3339 2738 3390 δὲ
2787 3338 2887 3407 ῦλη
2921 3339 3026 3390 τῶν
3076 3338 3365 3408 ὀιξθαλμῶν
3409 3337 3509 3404 τῆς
3559 3337 3746 3405 πίννης

517 3421 650 3491 μήνη
688 3423 1024 3494 συντρίϐεται
1057 3424 1150 3477 καὶ
1205 3424 1430 3494 πάσχει·
1477 3425 1648 3488 οῦτως
1692 3428 1786 3480 καὶ
1827 3429 1919 3482 ἐπὶ
1968 3430 2060 3482 τοῦ
2112 3432 2345 3504 Χριστοῦ
2405 3434 2486 3486 δεῖ
2523 3451 2583 3486 σε
2637 3436 2794 3487 νοεῖν.
2837 3433 3243 3503 Μαστιζομένον
3302 3434 3410 3502 γάρ
3445 3428 3609 3485 αὐτοῦ
3652 3432 3743 3482 τοῦ

513 3513 759 3586 Σωτῆρος
783 3515 937 3586 ήμῶν
953 3556 967 3578 ,
991 3516 1084 3570 καὶ
1117 3517 1414 3587 πάσχοντος
1443 3517 1546 3570 ὑπὸ
1571 3519 1676 3571 τῶν
1702 3521 1944 3573 ἀπίστων
1983 3522 2249 3575 Ἰουδαίων
2268 3527 2324 3576 ἐν
2347 3523 2426 3594 τῷ
2458 3524 2694 3594 σταυρῷ,
2716 3527 2748 3594 ή
2772 3524 2869 3593 μὲν
2891 3525 2985 3593 ῦλή

2978 3543 2988 3593 ι
3013 3525 3108 3592 τῆς
3138 3523 3354 3590 σαρκὸς,
3392 3523 3557 3591 ήγουν
3586 3523 3620 3590 ή
3653 3521 3744 3571 av-

512 3609 818 3682 θρωπότης,
849 3613 984 3683 μόνη
1009 3613 1232 3684 ἔπασχε,
1263 3620 1296 3685 η
1319 3614 1374 3667 δὲ
1399 3613 1587 3684 θεότης
1609 3615 1822 3687 ἀπαθὴς
1841 3617 2096 3688 διέμεινε.
2126 3621 2234 3670 Καὶ
2257 3619 2430 3674 ταῦτα
2465 3620 2657 3686 λέγων,
2695 3619 3092 3688 ἀντιστομίζεις
3118 3616 3510 3684 Θεοπασχίτας,
3533 3616 3628 3667 καὶ
3647 3613 3744 3682 τήν
3782 3605 3798 3620 ⁸

513 3703 770 3775 ἐνσαρκον
794 3705 1065 3770 διδάσκεις
1092 3709 1422 3778 οἰκονομίαν.
1460 3708 1739 3762 Ἐντεῦθεν
1780 3727 1860 3763 σοι
1894 3711 1953 3763 τὸ
1983 3713 2301 3782 ἀμφίϐολον,
2327 3713 2572 3784 ἀγαπητέ
2591 3753 2605 3775 ,
2642 3714 2822 3783 χάριτι
2846 3709 3078 3783 Χριστοῦ
3100 3709 3391 3764 διαλύεται.

488 3812 497 3822 ·
581 3797 800 3862 Ουιεδτ.
872 3797 989 3853 XX.
1055 3797 1320 3864 Quoniam
1377 3801 1582 3862 omnia,
1648 3801 1831 3855 divine
1900 3803 2076 3867 Pater,

512 3891 898 3946 convenienter
930 3908 1030 3946 nos
1067 3890 1322 3946 docuisti.
1355 3890 1599 3948 Petimus
1629 3909 1659 3946 a
1695 3901 1767 3953 te,
1802 3903 1861 3947 ut
1889 3902 1945 3949 et
1975 3895 2077 3949 hoc

513 3981 669 4035 nobis
713 3982 1116 4052 interpreteris,
1169 3983 1236 4037 de
1281 3999 1390 4052 quo
1446 3983 1625 4037 adhuc
1680 3986 1999 4039 dubitamus
2054 4005 2068 4039 :

512 4072 862 4141 quamobrem
906 4073 1078 4126 deitas
1109 4088 1214 4125 non
1258 4071 1503 4127 docuerit
1535 4075 1649 4128 sola
1694 4075 1992 4137 hominem,
2021 4083 2077 4130 et

513 4163 810 4217 servaverit
834 4179 957 4218 eum
987 4163 1104 4217 sine
1131 4179 1296 4218 carne
1319 4165 1342 4217 ‘3
1365 4180 1465 4220 cur
1489 4166 1635 4219 enim
1670 4166 1903 4220 voluerit
1936 4165 2077 4222 ferre

513 4267 732 4308 carnem
757 4255 780 4307 ?

583 4342 748 4400 Resp.
779 4343 954 4398 Etiam
986 4346 1053 4400 de
1081 4345 1182 4401 hoc
1206 4347 1372 4416 probe
1403 4347 1707 4421 interrogas
1733 4369 1746 4404 :
1779 4351 1924 4406 unde
1948 4351 2072 4406 audi
2110 4372 2153 4426 ι)
2189 4350 2201 4359 ’

511 4437 672 4490 etiam
707 4438 874 4506 probe
902 4440 1330 4509 responsionem.
1363 4441 1662 4513 Principio,
1686 4445 1904 4512 quando
1937 4443 2080 4500 Deus

511 4528 754 4582 condidit
776 4528 1068 4595 hominem,
1109 4542 1162 4587 et
1189 4533 1450 4589 seductus
1480 4543 1565 4590 est
1599 4552 1628 4588 a
1654 4535 1870 4591 diabolo
1889 4537 2078 4600 homo,

510 4638 619 4677 non
665 4624 794 4677 vicit
847 4623 1099 4681 diabolus
1150 4626 1444 4694 deitatem,
1503 4629 1600 4684 sed
1660 4629 2076 4683 humanitatem.

511 4715 853 4786 Quapropter
878 4718 1041 4771 etiam
1075 4718 1302 4774 decebat
1336 4729 1650 4790 superatam
1683 4720 2076 4774 humanitatem

510 4806 747 4860 vicissim
777 4807 994 4862 vincere
1040 4808 1252 4862 hostem
1297 4825 1457 4864 suum
1488 4808 1789 4873 diabolum,
1835 4815 1896 4862 ut
1925 4809 2081 4862 vicis-

509 4893 612 4948 sim
643 4897 912 4967 acciperet
933 4913 1028 4967 per
1056 4898 1204 4952 illum
1229 4900 1382 4966 prius
1409 4899 1673 4954 amissum
1706 4898 1948 4953 divinum
1984 4913 2080 4967 pa-

511 4990 774 5045 radisum.
811 4987 870 5043 Si
902 4991 1044 5044 enim
1087 4991 1232 5044 nuda
1283 4989 1461 5045 dcitas
1509 4991 1844 5051 advenisset,
1876 4999 1930 5045 et
1959 4991 2078 5044 dia-

508 5077 693 5131 bolum
757 5078 996 5138 vicisset.
1053 5079 1388 5149 gloriaturus
1442 5088 1559 5133 erat
1607 5080 1880 5143 diabolus,
1941 5081 2077 5134 nihil

508 5168 705 5223 mirum
735 5184 857 5225 esse
879 5168 1088 5233 dicens,
1122 5169 1170 5223 si
1199 5183 1231 5222 a
1262 5167 1462 5223 deitate
1485 5177 1836 5239 superaretur
1861 5189 1875 5231 ;
1900 5185 1930 5222 a
1964 5170 2080 5224 dei-

508 5269 618 5315 tate
661 5261 805 5314 enim
853 5276 973 5316 esse
1002 5277 1063 5316 se
1102 5260 1376 5316 devictum
1416 5280 1428 5314 :
1459 5269 1513 5316 et
1543 5271 1826 5332 propterea
1858 5277 1965 5316 non
2000 5263 2078 5316 vi-

508 5366 629 5404 sum
659 5351 760 5404 fuit
791 5349 922 5414 Deo,
956 5362 1014 5405 ut
1049 5353 1164 5407 sola
1195 5353 1370 5408 deitas
1402 5353 1678 5407 diabolum
1714 5362 2072 5424 oppugnaret,

508 5441 603 5496 sed
644 5442 813 5496 voluit
855 5442 1274 5507 humanitatem,
1311 5459 1434 5513 qua:
1462 5445 1604 5498 vieta
1633 5451 1717 5498 est
1759 5461 1789 5498 a
1835 5445 2074 5506 diabolo,

507 5534 749 5588 eamdem
792 5543 846 5589 et
879 5536 1049 5588 solam
1092 5536 1309 5590 vincere
1351 5552 1474 5591 eum
1510 5536 1603 5606 qui
1649 5536 1819 5605 ipsam
1850 5537 2072 5600 vicerat,

509 5622 805 5678 diabolum.
823 5627 957 5681 Cum
982 5628 1297 5696 prtevideret
1327 5629 1488 5700 igitur
1511 5627 1730 5696 sapiens
1745 5626 1905 5692 Deus,
1934 5629 2074 5697 quod

583 5714 681 5786 (τ’)
715 5715 848 5789 Reg.
872 5718 925 5784 ‘3,
962 5718 1228 5788 βορϐιοῦς.

2271 3803 2459 3874 Ἐρὼτ.
2489 3810 2555 3856 κ’.
2605 3805 2733 3856 Ἰδοὺ
2778 3801 2952 3854 ταῦτα
2986 3801 3195 3862 πάντα,
3237 3797 3506 3850 θεοείκελε
3542 3798 3739 3864 Πάτερ.

2186 3896 2531 3965 ἁρμοζόντως
2561 3897 2690 3964 ἡμῖν
2728 3893 2988 3956 ἐδίδαξας.
3031 3889 3309 3959 Ἀξιοῦμέν
3339 3905 3394 3940 σε
3425 3888 3504 3951 δὲ,
3537 3890 3624 3940 ἶνα
3653 3889 3741 3940 καὶ

2182 3987 2339 4039 τοῦτο
2374 3989 2502 4056 ήμῖν
2551 3986 2891 4059 ἑρμηνεύσης
2920 3985 2979 4038 τὸ
3011 3983 3398 4051 ἀπορούμενον,
3430 3981 3517 4032 διά
3566 3981 3617 4032 τί
3650 3982 3743 4032 οὐκ

2183 4077 2420 4142 ἐδίδαξεν
2449 4080 2480 4146 ή
2515 4077 2703 4147 θεότης
2753 4077 2910 4146 μόνον
2942 4076 3033 4127 τὸν
3065 4073 3366 4144 ἄνθρωπον,
3416 4074 3512 4124 καὶ
3549 4072 3742 4124 ἔσωσεν

2183 4169 2344 4222 αὑτὸν
2377 4169 2504 4222 ἄνευ
2541 4170 2768 4239 σαρκὸς;
2804 4168 2855 4220 τί
2889 4167 2997 4238 γάρ
3031 4165 3185 4237 ήθελε
3230 4163 3324 4216 τοῦ
3370 4164 3596 4234 φορέσαι
3647 4163 3740 4231 τήν

2188 4259 2392 4329 σάρκα;
2447 4320 2458 4333 .

2265 4351 2452 4404 Ἀποκ.
2504 4350 2614 4404 Kal.
2659 4351 2784 4421 περὶ
2837 4348 3024 4402 τούτω
3085 4347 3264 4410 καλῶς
3324 4348 3570 4418 ἐρωτᾷς·
3624 4347 3738 4400 ὅθεν

2181 4442 2412 4496 ἄκουσον
2437 4443 2530 4495 καὶ
2555 4441 2734 4504 καλῶς
2763 4441 2861 4510 τὴν
2891 4441 3198 4510 ἀπόκρισιν.
3228 4442 3364 4492 Κατ’
3390 4439 3586 4509 ἀρχάς,
3617 4439 3739 4490 ὅταν

2181 4535 2435 4603 ἐποίησεν
2457 4535 2484 4585 6
2506 4533 2638 4595 Θεὸς
2656 4533 2746 4585 τὸν
2774 4532 3078 4602 ἄνθρωπον,
3107 4532 3201 4583 καὶ
3228 4530 3500 4600 ἐπλανήθη
3525 4530 3629 4582 ὑπὸ
3650 4527 3738 4580 τοῦ

2180 4623 2423 4679 διαϐόλου
2457 4628 2485 4678 6
2527 4625 2840 4696 ἄνθρωπος,
2875 4625 2975 4678 οὐκ
3013 4623 3257 4694 ἐνίκησεν
3291 4625 3319 4676 6
3363 4621 3607 4684 διάϐολος
3647 4621 3739 4690 τὴν

2182 4717 2445 4787 θεότητα,
2478 4718 2613 4771 ἀλλὰ
2668 4719 2765 4789 τὴν
2820 4717 3229 4788 ἀνθρωπότητα.
3270 4716 3360 4768 Διὸ
3401 4716 3496 4769 καὶ
3539 4716 3738 4787 ἔπρεπε

2181 4811 2341 4863 πάλιν
2372 4811 2508 4881 αὑτὴ
2539 4813 2572 4882 ἡ
2609 4810 2888 4880 νικηθεῖσα
2921 4809 3274 4880 ἀνθρωπὸτης
3328 4808 3413 4860 ἵνα
3453 4808 3546 4860 καὶ
3587 4806 3739 4859 πάλιν

2181 4903 2318 4974 αὑτὴ
2348 4905 2545 4975 νικήσῃ
2577 4904 2667 4955 τὸν
2725 4901 2916 4972 ἐχθρὸν
2969 4902 3135 4971 αὐτῆς
3191 4901 3281 4953 τὸν
3323 4899 3602 4961 διάϐολον,
3651 4895 3739 4951 καὶ

2183 4995 2342 5047 πάλιν
2398 4995 2700 5067 παραλάϐοι
2734 4995 2825 5047 τὸν
2861 4994 2927 5046 δι’
2974 4994 3178 5046 ἐκείνου
3230 4992 3358 5063 πρὶν
3405 4991 3739 5046 ἀπολέσαντα

2180 5086 2321 5139 θεῖον
2359 5087 2702 5158 παράδεισον.
2734 5085 2796 5138 Εἰ
2825 5085 2933 5156 γάρ
2975 5083 3153 5154 γυμνὴ
3193 5085 3225 5154 ἡ
3273 5083 3463 5152 θεότης
3509 5085 3741 5154 προσήρ-

2182 5196 2323 5247 χετο,
2358 5181 2450 5232 καὶ
2474 5180 2627 5231 ἐνίκα
2660 5179 2748 5231 τὸν
2779 5176 3043 5238 διάϐολον,
3079 5176 3266 5246 ἔμελλε
3303 5175 3677 5246 καυχησθῆναι
3712 5176 3738 5225 ὁ

2178 5270 2450 5334 διάϐολος,
2482 5271 2564 5322 δτι
2607 5271 2667 5322 οῦ
2701 5268 3033 5338 θαυμαστὸν,
3087 5269 3136 5320 εἰ
3178 5268 3270 5320 καὶ
3325 5266 3550 5336 ἐνικήθη
3576 5283 3590 5296 ’
3637 5263 3735 5317 ὑπὸ

2179 5362 2277 5431 τῆς
2309 5361 2559 5431 θεότητος
2575 5362 2682 5432 γάρ
2712 5359 3028 5430 προσϐαλὼν
3057 5358 3303 5430 ἐνικήθη.
3330 5359 3442 5410 Καὶ
3471 5357 3559 5409 διά
3586 5355 3735 5408 τοῦτο

2179 5452 2239 5502 οῦ
2275 5452 2593 5518 κατεδέξατο
2628 5454 2656 5504 ὁ
2704 5451 2866 5514 Θεὸς,
2920 5450 3008 5502 ἵνα
3056 5449 3234 5518 γυμνὴ
3279 5451 3312 5517 ή
3355 5447 3544 5517 θεότης
3576 5443 3734 5499 αὑτοῦ

2180 5545 2563 5615 προσπαλαίσῃ
2602 5546 2692 5598 τὸν
2741 5542 2982 5597 διάϐολον
3009 5583 3023 5605 ,
3073 5542 3185 5594 ἀλλ’
3217 5525 3486 5609 ἠϐουλήθη
3509 5578 3524 5602 ,
3582 5540 3666 5590 ἵνα
3704 5537 3735 5604 ή

2181 5635 2532 5709 ἀνθρωπότης
2580 5642 2614 5708 ἡ
2652 5637 2926 5706 νικηθεῖσα
2963 5637 3066 5689 ὑπὸ
3120 5634 3212 5686 τοῦ
3264 5633 3553 5696 διαϐόλου,
3603 5629 3736 5698 αῦτη
