4050 6396
278 325 381 383 793

1538 332 1998 404 ουᾱξδτιοιιεε
2033 336 2237 393 ωλι.

3395 348 3498 406 796

274 442 368 498 καὶ
400 441 536 514 μόνη
591 443 788 514 νικήσῃ
823 441 913 496 16v
968 444 1270 515 νικήσαντα
1309 445 1511 518 ταύτην
1560 446 1823 501 διάϐολον.

1947 465 2039 505 ton
2061 460 2244 521 posset
2264 453 2378 507 sola
2413 454 2647 510 humana
2667 463 2863 510 natura
2885 455 3103 513 vincere
3131 457 3250 514 sine
3276 457 3497 526 deitate.

274 532 672 606 Προγινώσκων
707 530 799 588 οὗν
830 534 992 588 πάλιν
1027 536 1056 588 6
1088 535 1247 605 σοφὸς
1269 535 1424 604 Θεὸς,
1457 540 1538 593 ὅτι
1577 540 1677 592 οὐκ
1704 538 1833 609 ηδύ-

273 643 399 679 νατο
422 624 560 696 μόνη
580 627 612 696 ή
640 625 991 697 ἀνθρωπότης
1015 620 1235 699 νικῆσαι
1259 631 1426 701 χωρὶς
1442 630 1539 700 τῆς
1562 629 1833 701 θεότητος,

273 716 476 789 ἐκρύϐη
511 720 570 771 ἐν
598 719 733 790 αὐτῇ
766 720 831 789 τῇ
863 719 1077 790 σαρκὶή
1113 719 1320 790 θεότης,
1342 722 1489 785 ὅπως
1512 723 1541 775 6
1571 721 1832 787 διάϐολος,

275 806 493 879 θεωρῶν
538 808 638 879 τὴν
673 808 868 881 σάρκα,
907 808 1001 863 καὶ
1034 809 1108 880 μὴ
1133 809 1434 878 γινώσκων,
1473 812 1555 864 ὅτι
1586 813 1643 865 ἐν
1695 813 1830 884 αὐτῇ

275 902 337 971 τῇ
367 901 590 971 σαρκὶή
627 898 814 970 θεότης
856 900 974 953 ἐστὶ
1020 901 1396 974 κεκρυμμένη,
1441 902 1711 977 προσέλθῃ
1740 905 1834 957 καὶ

1942 542 2263 599 abscondita
2291 555 2374 600 est
2412 546 2465 601 in
2490 547 2607 617 ipsa
2639 561 2805 603 carne
2834 548 3030 611 deitas,
3062 558 3120 602 ut
3145 548 3392 606 diabolus
3419 553 3503 607 vi-

1941 630 2079 686 dens
2118 647 2365 697 carnem,
2404 642 2461 690 et
2496 653 2607 692 non
2640 652 2980 707 cognoscens
3021 639 3276 695 deitatem
3319 640 3376 695 in
3409 656 3505 698 ea—

1938 717 2062 774 dem
2107 735 2271 777 carne
2317 723 2688 789 absconditam
2737 741 2893 793 esse,
2932 727 3215 783 accederet
3272 735 3328 783 et
3377 743 3503 785 cum

1938 808 2155 865 Christo
2176 813 2615 882 congrederetur,
2640 823 2804 885 atque
2833 816 2908 869 ita
2939 816 3247 872 vinceretur
3286 817 3357 872 ab
3381 820 3507 875 abs-

1937 900 2154 955 condita
2182 902 2400 959 deitate.
2422 903 2577 971 Quod
2597 914 2652 961 et
2686 907 2885 961 factum
2914 914 3020 963 est.

276 987 651 1059 προσπαλαίει-ῃ
705 988 781 1059 τῷ
841 986 1078 1059 Χριστῷ,
1135 991 1229 1042 καὶ
1265 988 1436 1054 οὕτως
1473 991 1668 1063 νικηθῇ
1732 991 1837 1046 ὑπὸ
1878 990 1977 1063 τῆς
2022 994 2409 1066 κεκρυμμένης
2475 995 2767 1071 θεότητος.χ
2813 998 2988 1071 Ὅπερ
3047 1000 3142 1053 καὶ
3198 1000 3434 1069 γέγονεν.

342 1081 557 1152 Ὠσπερ
578 1079 687 1150 γὰρ
714 1080 743 1131 6
763 1078 965 1147 ἁλιεὺς,
992 1078 1313 1151 βουλόμενος
1336 1083 1638 1154 κυνηγῆσαι
1661 1082 1833 1154 ἰχθὺν,

276 1172 333 1226 οὐ
366 1171 575 1243 γυμνὸν
611 1171 673 1226 16
708 1171 998 1242 ἄγκιστρον
1053 1170 1233 1241 βάλλει
1281 1174 1359 1237 εἰς
1403 1173 1500 1245 τὴν
1541 1173 1834 1239 θάλασσαν,

278 1264 386 1317 ἀλλ’
417 1262 594 1316 ἐνδύει
620 1260 817 1326 ἔξωθεν
850 1262 1103 1335 σκώληκα
1134 1263 1269 1336 δόλῳ
1304 1263 1365 1318 16
1391 1264 1705 1335 ἄγκιστρον,
1744 1266 1840 1320 καὶ

275 1352 445 1417 οὕτως
475 1352 658 1423 ῥίπτει
682 1352 814 1406 αὐτὸ
841 1353 921 1416 είς
945 1353 1042 1425 τὴν
1069 1353 1341 1410 θάλασσαν
1370 1355 1719 1427 ἐνδεδυμένον
1748 1357 1840 1411 τὸν

279 1442 566 1515 σκώληκαο
611 1444 641 1496 6
665 1442 722 1496 δὲ
769 1442 938 1514 ἰχθὺς,
974 1443 1192 1517 θεωρῶν
1224 1445 1314 1498 τὸν
1363 1446 1621 1518 σκώληκα
1658 1447 1837 1519 μόνον,

278 1536 366 1590 καὶ
396 1534 471 1607 μή
506 1534 814 1604 γινώσκων,
844 1536 927 1589 ὅτι
952 1537 1165 1607 σκώληξ
1196 1537 1358 1610 μέσον
1389 1538 1595 1594 ἐκείνου
1628 1540 1738 1611 ἔχει
1778 1540 1840 1593 16

278 1629 590 1699 ἄγκιστρον,
618 1626 755 1683 ἀλλὰ
799 1627 1032 1699 νομίζων
1061 1629 1185 1701 δίχα
1228 1630 1524 1703 ἀγκίστρου
1565 1631 1656 1685 τὸν
1694 1629 1838 1685 σκώ-

278 1720 413 1791 ληκα
447 1716 587 1773 εἶναι
634 1717 960 1791 μονώτατον,
1005 1718 1354 1792 πλανώμενος
1396 1722 1501 1775 ὑπὸ
1541 1722 1638 1776 τοῦ
1683 1722 1839 1791 ἀγκί-

2007 1080 2474 1149 Quemadmodum
2513 1087 2659 1142 enim
2695 1088 2937 1158 piscator
2975 1091 3164 1146 volens
3202 1105 3395 1161 capere
3424 1081 3511 1151 Pi-

1939 1186 2085 1227 scem
2130 1187 2238 1227 non
2274 1173 2479 1228 nudum
2517 1175 2739 1230 hamum
2764 1177 2901 1245 jacit
2926 1178 2980 1232 in
3009 1193 3179 1244 mare,
3214 1180 3307 1234 sed
3341 1179 3510 1248 alligit

1937 1264 2279 1319 extrinsecus
2334 1280 2570 1321 vermem
2628 1282 2725 1336 per
2786 1268 2993 1333 dolum,
3045 1275 3100 1323 et
3156 1269 3237 1324 sic
3283 1270 3509 1340 proiicit

1940 1354 2158 1408 hamum
2188 1354 2242 1408 in
2269 1369 2418 1410 mare
2458 1355 2707 1411 indutum
2735 1372 2917 1413 verme
2949 1374 2963 1411 :
2993 1358 3162 1427 piscis
3199 1367 3389 1413 autem
3427 1359 3511 1413 vi-

1942 1445 2080 1501 dens
2117 1461 2355 1502 vermem
2396 1448 2573 1503 solum
2592 1488 2608 1514 ,
2647 1456 2703 1504 et
2734 1463 2845 1503 non
2876 1463 3215 1519 cognoscens
3246 1449 3302 1504 in
3325 1464 3511 1505 verme

1943 1536 2113 1592 latere
2149 1534 2392 1603 hamum,
2432 1538 2529 1593 sed
2560 1539 2904 1604 existimans,
2934 1540 3054 1595 sine
3081 1540 3245 1595 hamo
3276 1556 3515 1597 vermem

1943 1640 2066 1682 esse
2129 1628 2329 1693 solum,
2379 1630 2638 1700 deceptus
2687 1631 2901 1701 capitur
2960 1631 3125 1686 hamo
3176 1648 3190 1684 :
3240 1633 3315 1687 ita
3353 1632 3516 1688 etiam

1944 1717 2197 1774 Christus
2230 1719 2378 1775 fecit.
2413 1720 2551 1776 Cum
2581 1722 2746 1778 vellet
2781 1723 2927 1778 enim
2952 1732 3283 1780 venenatum
3315 1725 3521 1796 piscem

283 1831 439 1884 στρου
477 1817 794 1885 κρατεῖται⁸
825 1813 967 1868 οὕτω
990 1816 1086 1869 καὶ
1117 1817 1147 1869 6
1174 1816 1407 1887 Χριστὸς
1439 1816 1682 1888 ἐποίησε.
1703 1817 1839 1870 Βου-

1947 1810 1999 1864 ἱιι
2033 1812 2191 1881 aquis
2233 1811 2460 1869 intiuitis
2497 1813 2677 1885 abyssi
2727 1814 2985 1869 latentem
3019 1831 3239 1886 capere,
3279 1833 3377 1874 seu
3423 1833 3522 1887 po-

282 1903 458 1976 ληθεὶς
494 1905 606 1978 γὰρ
652 1905 957 1978 κυνηγῆσαι
1002 1906 1095 1961 τὸν
1132 1909 1191 1962 ἐν
1242 1910 1354 1972 τοῖς
1396 1908 1643 1980 ἀπείροις
1684 1908 1840 1962 ὕδασι

282 1998 373 2069 τῆς
395 1998 634 2051 ἀϐύσσου
660 1998 1109 2070 ἐμφωλευόμενον
1144 1998 1346 2053 ἰοϐόλον
1374 1999 1545 2070 ἰχθὺν,
1576 1999 1609 2071 ἢ
1644 2000 1841 2071 μᾶλλον

288 2090 448 2160 μέγαν
494 2088 766 2160 δράκοντα
805 2088 897 2144 τὸν
938 2088 1201 2154 διάϐολον,
1235 2089 1295 2143 ού
1324 2091 1502 2160 γυμνῇ
1531 2091 1596 2159 τῇ
1631 2088 1843 2160 θεότητι

283 2178 439 2231 αὑτοῦ
478 2178 558 2250 τῷ
601 2179 833 2250 διαϐόλῳ
866 2178 1193 2251 προσέφερε,
1230 2178 1366 2234 ἀλλά
1412 2179 1546 2250 δόλῳ
1576 2178 1669 2233 16v
1702 2178 1845 2232 σκώ-

283 2269 417 2341 ληκα
457 2268 558 2341 τήν
606 2270 880 2339 παναγίαν
923 2270 1088 2325 αὐτοῦ
1139 2271 1316 2343 σάρκα
1335 2309 1350 2337 ,
1396 2271 1462 2342 ἢν
1490 2272 1554 2324 ἐκ
1593 2269 1693 2341 τῆς
1732 2270 1845 2323 ἀει-

281 2359 549 2430 Παρθὲνου
603 2360 858 2431 Μαρίας,
922 2361 1023 2430 τῆς
1070 2360 1486 2432 παναγιωτάτης
1541 2359 1678 2430 γῆς,
1722 2359 1846 2429 δίχα

282 2449 494 2523 φυρμοῦ
525 2450 835 2518 ἐνεδύσατο,
864 2453 1005 2507 κατά
1044 2452 1136 2506 τὸν
1173 2454 1446 2522 φάσκοντα
1475 2452 1614 2506 θεῖον
1645 2453 1840 2507 Δαϐίδ·

286 2560 305 2593 ι
337 2542 475 2612 Ἐγώ
499 2545 617 2615 εἰμι
651 2541 868 2614 σκώληξ
891 2544 986 2596 καὶ
1015 2543 1117 2597 οὐκ
1142 2542 1445 2615 ἄνθρωπος,
1469 2562 1489 2596 ι
1515 2544 1749 2615 ἐκάλυψε
1784 2544 1847 2598 16

282 2634 572 2703 ἱερώτατον
596 2636 892 2707 ἄγκιστρον
918 2634 1010 2689 τὸν
1030 2637 1468 2708 κοσμοσωτήριον
1489 2635 1654 2690 αὐτοῦ
1686 2653 1846 2690 σταυ-

283 2725 392 2796 ρὸν,
409 2728 465 2781 ἐν
493 2726 644 2797 αὐτῷ
671 2726 1027 2799 προσπαγεὶς,
1051 2727 1145 2781 καὶ
1169 2726 1238 2780 δι’
1260 2726 1424 2780 αὑτοῦ
1445 2725 1626 2781 λαθεῖν
1658 2725 1849 2800 βουλη-

279 2817 393 2883 θεὶς
415 2818 511 2889 τὴν
536 2817 732 2873 ἑαυτοῦ
765 2817 1013 2889 θεότητα,
1029 2818 1117 2887 ὑφ’
1139 2809 1199 2871 οὗ
1229 2817 1517 2889 πλανηθεὶς
1538 2819 1631 2874 καὶ
1644 2836 1849 2892 κρατη-

278 2907 393 2973 θεὶς
424 2912 453 2964 6
480 2909 685 2975 ίοϐόλος
727 2909 823 2963 καὶ
855 2910 1178 2981 ὁφιοδήκτης
1201 2902 1356 2975 οὗτος
1390 2910 1560 2980 ἰχθὺς,
1598 2912 1628 2964 6
1675 2910 1850 2981 μέγας

278 3002 496 3075 δράκων
533 3001 803 3066 διάϐολος,
834 3004 863 3056 6
885 3001 979 3055 106
1026 3001 1351 3074 παραδείσου
1395 3000 1599 3065 ἐξώσας
1638 3001 1732 3055 καὶ
1753 2998 1848 3055 θα-

1940 1903 2049 1958 tius
2075 1917 2328 1975 magnum
2362 1904 2513 1959 illum
2539 1905 2833 1961 draconem
2868 1906 3144 1962 diabolum
3175 1925 3190 1974 ;
3225 1923 3336 1963 non
3372 1909 3519 1963 nuda

1946 1995 2151 2051 deitate
2202 2012 2328 2051 cum
2385 1996 2604 2052 diabolo
2664 2012 2995 2068 congressus
3053 2007 3171 2065 est,
3240 2000 3337 2056 sed
3394 2001 3521 2057 dolo

1941 2103 2205 2151 vermem,
2263 2090 2668 2145 sanctissimam
2726 2103 2882 2144 suam
2931 2104 3176 2155 carnem,
3229 2107 3395 2162 quam
3452 2109 3521 2147 ex

1941 2195 2156 2252 semper
2178 2180 2400 2253 Virgine
2427 2180 2595 2236 Maria
2615 2221 2630 2247 ,
2663 2182 3010 2238 sanctissima
3047 2189 3217 2249 terra,
3256 2184 3377 2239 sine
3402 2187 3519 2255 pol-

1943 2271 2171 2335 lutione,
2230 2271 2407 2326 induit
2443 2289 2457 2326 :
2490 2272 2951 2342 quemadmodum
2992 2271 3172 2342 inquit
3217 2272 3376 2330 divus
3416 2275 3521 2329 Da-

1942 2364 2033 2420 vid
2066 2382 2079 2420 :
2117 2382 2137 2415 ι
2181 2363 2293 2435 Ego
2338 2379 2459 2421 sum
2502 2364 2705 2420 vermis
2742 2370 2801 2421 et
2857 2381 2969 2419 non
3009 2368 3176 2421 homo
3218 2366 3284 2431 ",
3328 2386 3348 2419 ι
3388 2373 3522 2423 texit

1944 2456 2295 2512 sacerrimum
2316 2453 2535 2508 hamum
2566 2455 2768 2510 mundo
2784 2455 3082 2511 salutarem
3108 2453 3325 2512 cruCem
3343 2473 3521 2524 suam,

1944 2548 2018 2604 illi
2048 2546 2259 2609 allixus,
2289 2552 2343 2602 et
2363 2562 2458 2617 per
2496 2546 2642 2601 illam
2662 2547 2830 2602 latere
2857 2547 3029 2602 voluit
3050 2546 3310 2603 deitatem
3338 2565 3519 2617 suam,

1945 2654 1977 2694 a
2014 2653 2120 2710 qua
2155 2638 2414 2708 deceptus
2458 2644 2540 2693 est
2568 2646 2621 2692 et
2643 2646 2833 2707 captus
2861 2650 3164 2694 venenatus
3203 2639 3294 2695 ille
3314 2646 3368 2694 et
3406 2655 3527 2696 ser--

1943 2732 2196 2804 pentiuis
2218 2731 2497 2787 morsibus
2548 2729 2782 2786 infestus
2825 2730 3017 2800 piscis,
3068 2744 3301 2801 magnus
3353 2730 3523 2786 draco

1946 2824 2216 2886 diabolus.
2256 2821 2350 2893 Qui
2392 2820 2645 2893 paradiso
2686 2821 2971 2888 expulerat
3009 2826 3064 2875 et
3117 2820 3395 2875 occiderat
3421 2820 3525 2874 ho-

1946 2916 2171 2981 minem,
2207 2922 2265 2971 et
2297 2915 2477 2970 victus
2512 2912 2694 2984 periit.
2734 2911 2820 2966 ita
2859 2911 3077 2981 quidem
3105 2910 3320 2966 deitatis
3359 2919 3524 2982 typus

1947 3014 2033 3063 est
2082 3006 2277 3061 hamus
2321 3020 2336 3058 :
2378 3003 2736 3059 humanitatis
2781 3016 2911 3057 vero
2954 3008 3117 3073 typus
3168 3006 3254 3055 est
3295 3000 3519 3056 vermis.

274 3092 523 3158 νατώσας
566 3092 660 3147 16v
690 3091 1011 3162 ἄνθρωπον,
1049 3089 1289 3162 νικηθεὶς
1322 3090 1584 3143 ἀπώλετο.
1614 3089 1777 3143 Ὥστε
1813 3090 1846 3158 ή

1951 3097 2155 3155 Videns
2186 3097 2351 3167 igitur
2379 3094 2722 3151 extrinsecus
2747 3093 3024 3149 hominem
3045 3097 3100 3146 et
3123 3105 3231 3144 non
3276 3087 3527 3143 animad-

278 3185 381 3256 μὲν
432 3185 623 3257 θεότης
664 3186 747 3249 είς
792 3184 960 3240 τύπον
999 3184 1093 3239 106
1136 3184 1434 3255 ἀγκίστρου
1481 3182 1652 3249 ἐστὶν,
1707 3183 1741 3251 ή
1793 3181 1851 3235 δὲ

273 3279 641 3349 ἀνθρωπότης
664 3278 748 3340 εἰς
778 3276 950 3330 τύπον
974 3276 1069 3331 τοῦ
1108 3275 1408 3347 σκώληκος.
1437 3273 1729 3346 Θεωρήσας
1759 3267 1853 3327 οὖν

273 3371 302 3422 6
324 3369 577 3434 διάϐολος
601 3369 804 3437 ἔξωθεν
835 3369 897 3421 τὸ
928 3367 1267 3441 ἀνθρώπινον
1299 3366 1392 3422 καὶ
1418 3366 1493 3439 μὴ
1524 3367 1721 3438 νοήσας
1752 3365 1853 3437 τὴν

270 3464 331 3516 ἐν
355 3461 513 3535 αύτῷ
546 3461 751 3517 ἔσωθεν
783 3459 1240 3533 ἐγκεκρυμμένην
1265 3458 1518 3531 θεότητα,
1549 3458 1851 3530 ἐπλανήθη,

269 3557 365 3609 καὶ
419 3554 748 3628 προσελθὼν
786 3556 852 3624 τῇ
887 3552 1285 3626 ἀνθρωπότητι,
1308 3550 1586 3625 ἐκρατήθη
1621 3551 1724 3606 ὑπὸ
1759 3549 1854 3605 106

268 3647 607 3701 ἀνεικάστου
656 3645 756 3699 καὶ
804 3644 1197 3714 ἀκατανικήτου
1245 3643 1540 3715 ἀγκίστρου
1591 3642 1692 3713 τῆς
1739 3640 1858 3695 θεό-

264 3753 435 3807 τητος
458 3754 473 3766 ·
505 3736 606 3791 καὶ⁵
633 3733 810 3798 οὕτως
836 3732 1059 3805 ἐνικήθη
1092 3735 1121 3786 6
1152 3732 1322 3804 μέγας
1356 3731 1570 3804 δράκων
1590 3729 1854 3794 διάϐολος.

261 3828 366 3882 Διὰ
420 3826 595 3882 τοῦτο
639 3826 744 3879 οὐκ
789 3821 951 3896 ἦλθεν
982 3827 1011 3879 6
1054 3824 1181 3889 Υἱὸς
1226 3823 1322 3878 καὶ
1378 3824 1550 3893 Λόγος
1597 3822 1691 3876 τοῦ
1722 3820 1856 3876 Θεοῦ

260 3924 452 3993 τυμνῇ
515 3923 591 3991 τῇ
635 3917 803 3973 αὑτοῦ
856 3917 1066 3989 θεότητι
1115 3917 1419 3988 κυνηγῆσαι
1459 3915 1551 3970 τὸν
1593 3914 1856 3981 διάϐολον,

259 4011 381 4066 ἀλλ’
437 4012 685 4083 ἐφόρεσε
721 4009 821 4081 τὴν
882 4010 1081 4081 σάρκα,
1126 4009 1221 4063 καὶ
1248 4006 1418 4072 οὕτως
1471 4006 1706 4079 εἰσῆλθε.
1738 4005 1860 4060 Καὶ

261 4104 405 4177 αὕτη
442 4106 606 4160 ἐστὶν
640 4105 675 4175 ἡ
702 4103 848 4157 αἰτία
884 4100 976 4155 τοῦ
1015 4100 1267 4170 γενέσθαι
1289 4099 1388 4172 τὴν
1424 4100 1720 4171 σάρκωσιν.
1749 4098 1860 4152 Καὶ

256 4194 458 4271 ὥσπερ
497 4195 677 4258 αὐτὸς
719 4196 749 4247 6
778 4192 1039 4258 διάϐολος,
1081 4191 1359 4263 βουληθείς
1406 4207 1534 4245 ποτε
1588 4188 1859 4259 πλανῆσαι

253 4290 353 4343 16v
408 4290 726 4362 ἄνθρωπον
748 4326 763 4351 ,
819 4287 912 4339 καὶ
954 4284 1048 4339 τοῦ
1086 4285 1413 4356 παραδείσου
1462 4283 1744 4348 ἐκϐαλεῖν,
1796 4282 1859 4336 ού

253 4382 557 4455 προσῆλθε
609 4383 682 4451 τῇ
736 4378 853 4450 Εὔα
891 4380 1069 4449 γυμνῇ
1116 4379 1183 4449 τῇ
1250 4373 1443 4430 ἐαυτοῦ
1488 4374 1857 4445 διαϐολότητι,

1877 3139 1920 3198 C

1953 3196 2169 3243 vertens
2245 3185 2575 3240 intrinsecus
2628 3183 3001 3239 absconditam
3057 3179 3314 3236 deitatem
3347 3219 3363 3244 ,
3420 3179 3518 3234 de-

1951 3285 2142 3349 ceptus
2169 3283 2273 3342 est,
2313 3283 2368 3332 et
2389 3275 2656 3331 accedens
2693 3274 2763 3330 ad
2790 3274 3188 3330 humanitatem
3217 3278 3412 3342 captus
3442 3280 3532 3327 est

1953 3368 2023 3423 ab
2050 3368 2332 3438 inopinato
2359 3374 2413 3421 et
2449 3364 2714 3419 immobili
2745 3364 2908 3418 hamo
2944 3362 3168 3418 deitatis
3195 3378 3210 3416 :
3238 3368 3294 3416 et
3327 3360 3409 3415 sic
3445 3358 3529 3413 vi-

1954 3468 2078 3516 ctus
2109 3466 2195 3515 est
2224 3472 2452 3529 magnus
2478 3456 2647 3512 draco
2674 3454 2948 3511 diabolus.
2979 3454 3146 3524 288
3184 3452 3531 3522 Quapropter

1954 3569 2065 3609 non
2106 3551 2253 3607 venit
2293 3550 2464 3606 Filius
2504 3556 2559 3605 et
2592 3547 2830 3604 Verbum
2867 3547 2983 3612 Dei,
3035 3556 3095 3601 ut
3133 3545 3280 3600 nuda
3328 3544 3532 3599 deitate

1954 3651 2170 3712 caperet
2215 3640 2511 3706 diabolum,
2538 3638 2636 3695 Sed
2684 3651 2906 3694 carnem
2939 3636 3193 3707 gestavit,
3224 3641 3280 3689 et
3322 3633 3405 3689 sic
3442 3633 3530 3687 in-

1961 3749 2190 3805 gressus
2214 3739 2321 3788 est.
2361 3731 2429 3785 Et
2461 3731 2575 3786 haec
2610 3738 2886 3786 estcausa
2913 3728 3058 3798 quod
3095 3726 3409 3781 incarnatus
3434 3722 3531 3777 sit.

1955 3825 2023 3879 Et
2069 3822 2525 3895 quemadmodum
2573 3823 2693 3891 ipse
2748 3819 3001 3875 diabolus
3035 3832 3160 3872 cum
3199 3816 3361 3872 vellet
3397 3813 3530 3869 olim

1957 3915 2219 3973 seducere
2247 3914 2541 3981 hominem,
2568 3922 2623 3970 et
2643 3912 2899 3983 paradiso
2934 3911 3153 3982 ejicere,
3196 3923 3305 3964 non
3343 3921 3533 3961 acces-

1959 4009 2032 4064 sit
2060 4008 2128 4063 ad
2164 4006 2331 4063 Evam
2371 4006 2518 4065 nuda
2549 4021 2650 4063 sua
2676 4005 2850 4061 forma
2884 4002 3180 4066 diabolica,
3221 3998 3316 4055 sed
3362 3996 3535 4068 gessit

1957 4113 2177 4155 carnem
2211 4139 2227 4166 ,
2278 4096 2487 4153 scilicet
2539 4103 2845 4167 serpentem
2870 4134 2887 4161 ,
2951 4101 3007 4150 et
3060 4092 3143 4147 sic
3192 4088 3426 4144 accessit
3478 4096 3537 4142 et

1957 4190 2171 4260 decepit
2216 4188 2405 4254 illam;
2472 4196 2637 4242 norat
2681 4186 2825 4241 enim
2865 4192 3083 4240 astutus
3126 4181 3253 4244 iste,
3297 4175 3444 4248 quod
3484 4175 3535 4233 si

1959 4281 2286 4337 accessisset
2337 4278 2406 4334 ad
2453 4278 2603 4333 illam
2651 4277 2800 4333 nuda
2844 4290 2944 4331 sua
2992 4274 3168 4329 l‘orma
3221 4268 3531 4332 diabolica,

1959 4385 2240 4441 nunquam
2295 4383 2419 4425 eam
2484 4368 2736 4439 decipere
2778 4367 3085 4437 potuisset;
3154 4369 3210 4417 et
3248 4367 3537 4433 propterea

410 4452 672 4545 63169565
708 4469 886 4541 σάρκα
916 4467 1007 4521 16v
1051 4466 1193 4537 ὅφιν,
1238 4466 1332 4521 καὶ
1373 4465 1543 4529 οὕτως
1568 4463 1846 4536 προσῆλθεἸ

1965 4460 2187 4515 indutus
2209 4465 2313 4524 est,
2342 4468 2403 4513 ut
2435 4465 2623 4525 carne,
2648 4464 2919 4527 serpente,
2940 4463 2993 4511 et
3034 4470 3130 4525 per
3165 4452 3394 4509 formam
3414 4463 3539 4504 car-

252 4568 352 4623 καὶ
412 4539 753 4633 ἐπλάνησεν
783 4539 1014 4632 ⁷αὑτήν·
1044 4559 1158 4630 ᾔδει
1198 4556 1304 4629 γὰρ
1334 4556 1364 4610 6
1421 4555 1620 4620 δόλιος,
1672 4556 1775 4619 ὅτι,
1813 4572 1846 4607 εκ

1964 4554 2127 4609 niferi
2157 4552 2425 4623 serpentis
2455 4550 2620 4606 Evam
2664 4549 2917 4620 decepit;
2960 4556 3124 4617 atque
3157 4557 3384 4616 serpens
3410 4539 3542 4612 qui-

254 4657 558 4731 προσέλθῃ
589 4653 736 4723 αὐτῇ
784 4653 963 4722 γυμνῇ
1013 4652 1076 4721 τῇ
1128 4645 1463 4718 διαϐολότητι
1515 4643 1714 4710 αὐτοῦ,
1766 4645 1846 4697 06:

1965 4645 2086 4703 dem
2117 4647 2429 4717 apparebat,
2457 4646 2707 4700 diabolus
2748 4652 2929 4699 autem
2970 4658 3079 4697 non
3115 4639 3445 4731 apparebat;
3481 4642 3545 4690 et

252 4727 321 4807 ἂν
354 4727 546 4821 αὐτὴν
586 4743 870 4814 πλανῆσαι
893 4742 1177 4812 δυνήσεται
1199 4755 1212 4770 ⁸
1245 4739 1338 4793 καὶ
1357 4738 1444 4792 διά
1458 4736 1615 4791 τοῦτο
1643 4735 1846 4791 ἐνεδύθτ

1967 4752 2063 4808 per
2084 4745 2430 4807 apparentem
2453 4743 2759 4806 serpentem
2779 4732 2967 4789 ellicax
2989 4727 3404 4787 eratinvisibilis
3423 4740 3543 4780 ser-

248 4844 452 4915 ὧσπερ
494 4816 729 4912 *σάρκα
763 4835 854 4889 τὸν
901 4833 1022 4902 ὅφιν
1046 4871 1062 4895 ,
1086 4831 1205 4915 ’καὶ
1247 4829 1333 4884 διὰ
1383 4827 1476 4882 τοῦ
1528 4826 1846 4901 σαρκοφόροι

1968 4842 2103 4898 pens
2121 4819 2390 4891 diabolus,
2406 4825 2526 4881 dua:
2542 4824 2686 4879 enim
2704 4831 2911 4878 naturae
2933 4823 2988 4876 in
3005 4836 3109 4876 una
3126 4831 3356 4890 persona
3369 4816 3543 4871 auitae

247 4907 439 5007 ὂφεως
474 4907 626 5004 τὴν*
654 4926 802 4982 Εὔαν
843 4911 1131 4994 ἐπλάνησε.
1179 4922 1289 4975 Καὶ
1334 4923 1364 4976 6
1417 4921 1513 4993 μὲν
1552 4919 1673 4989 ὄφις
1715 4916 1846 4986 ἐφαί-

1970 4917 2266 4974 etl'ecerunt
2311 4924 2443 4971 tunc
2497 4917 2707 4987 lapsum
2755 4916 2809 4969 in
2859 4912 3160 4984 majoribus
3202 4907 3440 4973 nostris;
3483 4916 3540 4960 et

249 5004 398 5090 νετο,
427 5030 460 5081 ὁ
496 5026 568 5079 δὲ
601 5017 864 5079 διάϐολος
892 5015 992 5069 οὐκ
1017 5013 1284 5083 ἐφαίνετο.
1309 5013 1418 5068 Καὶ
1438 5013 1526 5067 διὰ
1554 5009 1649 5064 τοῦ
1684 5026 1843 5079 φαινο

1974 5009 2434 5082 quemadmodum
2463 5015 2597 5062 tunc
2632 5005 2903 5061 diabolica
2942 5004 3117 5059 forma
3142 5011 3195 5058 et
3226 5004 3540 5070 serpentina

253 5121 425 5192 μένου
457 5117 672 5189 ὅιρεως
698 5110 921 5180 ἐνήργει
953 5108 981 5160 6
1005 5104 1311 5177 ἀθεώρητος
1338 5107 1460 5175 ὅφις
1478 5101 1741 5165 διάδολος,

1973 5102 2095 5156 duae
2136 5108 2346 5155 natura:
2382 5105 2539 5154 erant
2591 5097 2647 5151 in
2691 5113 2799 5152 una
2847 5109 3078 5166 persona
3119 5091 3302 5155 unitas,
3339 5098 3393 5144 et
3431 5101 3544 5140 una

247 5175 362 5285 Σβίιρ
413 5175 661 5282 φύσεις*
701 5175 889 5255 ἐν’ἐνὶ
931 5175 1202 5271 προσώπω
1231 5197 1447 5267 ἀπῆγον
1473 5196 1594 5249 τότε
1635 5194 1728 5285 ὲπγ
1767 5191 1846 5285 τῷ,

1975 5192 2193 5265 quidem
2234 5198 2431 5246 natura
2477 5189 2683 5246 scilicet
2716 5188 3054 5259 serpentina,
3087 5181 3428 5282 apparebat
3462 5177 3546 5280 al-

247 5273 667 5377 προπάτόρων
693 5293 795 5363 τὴν
832 5288 1125 5343 ἔκπτωσιν.
1180 5288 1289 5341 Καὶ
1324 5287 1511 5357 ὥσπερ
1548 5285 1671 5377 τότε
1700 5281 1846 5377 διαϐο

1979 5293 2095 5338 tera
2113 5295 2265 5345 vero,
2296 5292 2490 5351 nempe
2512 5278 2805 5345 diabolica,
2838 5292 2947 5331 non
2973 5273 3267 5345 apparebat
3287 5279 3341 5325 et
3360 5273 3548 5339 ejicie~

247 5361 419 5467 λότης
457 5361 573 5447 καί).
597 5361 842 5456 ὀφιότης
873 5379 966 5434 δύο
997 5380 1184 5451 φύσεις
1208 5379 1268 5431 ἐν
1300 5380 1382 5433 ἐνὶ
1426 5373 1702 5448 προσώπῳ
1726 5372 1846 5467 νήνώ

1975 5379 2073 5434 bat
2102 5374 2377 5431 hominem
2397 5388 2462 5427 ex
2492 5371 2746 5442 paradiso
2774 5388 2788 5424 :
2820 5369 2893 5423 ita
2921 5367 3084 5422 etiam
3104 5366 3159 5419 in
3179 5363 3400 5420 Christo
3425 5361 3548 5416 duae

249 5457 459 5560 θησάν,
497 5483 614 5537 καὶ
644 5479 687 5548 ὴ
724 5474 823 5547 μὲν
860 5471 957 5543 μία
984 5470 1363 5560 φύσις,ήγουν
1397 5470 1433 5541 ἡ
1463 5466 1683 5560 ὀφιότης
1719 5464 1846 5560 ἐφαί

1981 5474 2189 5524 naturae
2216 5465 2270 5520 in
2301 5478 2466 5519 unam
2505 5475 2793 5532 personam
2821 5458 3002 5513 divina
3029 5464 3082 5512 et
3111 5457 3347 5512 humana
3379 5457 3549 5508 unita

248 5546 461 5646 ’ἀτελῆ
500 5573 572 5628 δὲ
607 5546 817 5635 ἑτέρα,
842 5562 960 5633 ήτοι
998 5563 1031 5633 ή
1072 5557 1419 5629 διαϐολότης,
1470 5558 1571 5609 οὐκ
1611 5554 1846 5646 ἐφαίνετε

1982 5565 2112 5615 sunt
2142 5573 2157 5609 ς
2188 5564 2245 5613 et
2283 5553 2602 5610 humanitas
2631 5552 2852 5622 quidem
2887 5548 3203 5621 apparebat,
3235 5546 3413 5603 deitas
3445 5557 3550 5646 att-

247 5669 349 5724 καὶ
375 5633 639 5733 ἐξέϐαλε
670 5633 771 5710 16v
793 5653 1076 5724 ἄνθρωπον
1105 5652 1177 5705 ἐκ
1194 5649 1287 5703 τοῦ
1320 5646 1644 5722 παραδείσου
1658 5633 1675 5676 ’·
1710 5644 1846 5701 οὕτω

1984 5659 2090 5705 tem
2134 5663 2247 5704 non
2283 5643 2600 5717 apparebat,
2636 5651 2690 5699 et
2727 5656 2823 5713 per
2851 5648 3198 5712 apparentem
3239 5633 3559 5697 humanita-

340 5784 389 5814 υ
421 5777 603 5836 Psal.
631 5783 772 5826 ιιι.
800 5767 831 5819 ἰ
