4050 6396
542 365 644 420 ῗ93
1721 357 1779 413 S.
1818 355 2276 412 ATHANASIUS.
2316 386 2384 396 -—
2422 353 2645 409 DUBIA.
3661 347 3762 404 796

541 489 649 534 tem
679 481 852 534 deitas
883 476 1167 534 invisibilis
1196 473 1381 529 eﬂicax
1406 480 1544 535 erat,
1567 479 1621 527 et
1648 472 1878 540 ejectum
1901 485 1968 524 ex
2000 484 2100 540 pa-
2129 506 2140 534 Α

2161 471 2296 532 ικαὶ
2341 470 2433 522 ἐπὶ
2461 469 2553 522 τοῦ
2599 465 2832 538 Χριστοῦ
2882 464 2974 519 δύο
3024 464 3212 534 φύσεις
3244 466 3324 530 εἰς
3365 464 3423 519 ἐν
3473 465 3760 536 πρόσωπον

541 575 726 628 radiso
754 575 879 629 olim
907 572 1176 625 hominem
1216 568 1334 621 duae
1367 567 1484 619 ista:
1519 572 1841 635 praestantes
1869 571 2095 627 naturae,

2202 564 2391 633 θεότης
2420 562 2515 615 καὶ
2540 559 2893 631 ἀνθρωπότης
2915 558 3202 631 ήνὼθησαν
3221 577 3233 589 °
3259 561 3406 630 καὶὴ
3434 559 3530 630 μὲν
3559 558 3763 630 ἀνθρω-

541 666 793 721 videlicet
835 664 1009 718 deitas
1058 670 1112 717 et
1164 661 1493 724 humanitas,
1541 660 1594 712 in
1655 658 1804 711 illum
1853 656 2098 710 vicissim

2202 655 2370 723 πότης
2419 653 2687 720 ἐφαίνετο,
2726 653 2760 722 ἡ
2800 650 2856 703 δὲ
2889 650 3078 723 θεότης
3106 653 3204 706 οὐκ
3255 650 3523 722 ἐφαίνετο,
3551 649 3645 702 καὶ
3678 649 3763 702 διὰ

539 767 596 811 et
633 771 778 810 nunc
833 753 1268 808 introduxerunt.
1310 750 1375 804 Et
1428 750 1543 804 haec
1589 757 1672 804 est
1711 762 1914 810 causa,
1971 760 2124 816 pro-.

2201 747 2301 816 τῆς
2339 744 2666 816 φαινομένης
2712 743 3127 814 ἀνθρωπότητος
3165 748 3198 816 ἡ
3241 745 3430 815 Θεότης
3477 744 3697 814 ἐνήργει
3730 743 3762 811 ἡ

541 856 661 918 pter
712 863 874 916 quam
909 845 1162 902 Christus
1219 847 1536 900 incarnatus
1593 850 1647 898 et
1701 842 1864 896 homo
1920 840 2098 896 factus

2199 835 2527 907 ἀθεώρητος,
2566 835 2662 887 καὶ
2706 834 2796 885 τὸν
2831 836 2896 886 ἐκ
2943 833 3035 885 τοῦ
3089 834 3412 906 παραδείσου
3464 833 3631 885 πάλαι
3681 829 3764 893 ἐξ·

537 948 640 992 est.
711 939 822 1008 Ipsi
915 937 1140 992 debetur
1209 937 1381 1007 gloria
1450 936 1504 990 in
1583 933 1793 988 infinita
1872 931 2092 987 saecula.

2197 929 2485 1000 ορισθέντα
2527 926 2832 998 ἄνθρωπον,
2858 928 2914 979 αἱ
2963 927 3125 979 καλαὶ
3168 927 3260 979 δύο
3303 927 3491 996 φύσεις
3521 919 3758 990 abeant]

535 1029 728 1083 Amen.
2197 1020 2386 1091 θεότης
2414 1020 2555 1090 φημὶ
2591 1017 2686 1071 καὶ
2729 1017 3104 1089 ἁνθρωπὸτης,
3153 1019 3234 1080 εἰς
3265 1018 3428 1070 αὐτὸν
3467 1017 3628 1071 πάλιν
3671 1013 3764 1067 καὶ

536 1119 630 1172 νῦν
660 1121 928 1176 ἐνέϐαλον.
959 1122 1069 1175 Καὶ
1103 1121 1240 1191 αὕτη
1272 1121 1418 1174 ἐστὶν
1447 1121 1479 1189 ή
1513 1117 1678 1182 αἰτία,
1707 1118 1773 1170 δι’
1817 1111 1884 1188 ἧς
1915 1118 1942 1168 ὁ
1983 1112 2114 1177 Θεὸς
2154 1111 2443 1183 ὲσαρκώθη
2478 1111 2576 1164 καὶ
2614 1109 2828 1178 ἐγένετο
2863 1109 3177 1181 ἄνθρωπος’
3234 1111 3315 1163 ὅτι
3376 1109 3522 1164 αὐτῶ
3569 1107 3762 1178 πρέπει

535 1211 658 1277 δόξα
690 1215 771 1278 εἰς
798 1216 1134 1286 ἀπεράντους
1181 1215 1401 1278 αἰῶνας.
1451 1214 1643 1284 Ἀμήν.

1279 1491 1656 1548 ADMONITIO
1693 1490 1760 1547 IN
1801 1487 2179 1545 HISTORIAM
2215 1486 2524 1542 lMAGlNlS
2559 1486 3008 1542 BERYTENSIS.

611 1634 654 1689 1.
691 1635 975 1690 Athanasii
1017 1653 1118 1690 non
1161 1651 1271 1690 esse
1313 1635 1409 1689 hoc
1451 1635 1792 1704 Opusculum,
1836 1632 1925 1688 sed
1955 1631 2182 1700 imperiti
2219 1630 2445 1700 alicujus
2473 1638 2522 1683 et
2561 1629 2836 1699 infacundi
2873 1628 3123 1694 hominis,
3159 1629 3394 1683 eruditus
3448 1644 3598 1682 nemo
3650 1643 3754 1682 non

541 1724 783 1791 iudicat;
811 1744 972 1798 quare
1021 1745 1123 1781 non
1167 1737 1245 1782 est
1299 1727 1435 1798 quod
1480 1729 1535 1781 in
1579 1744 1643 1782 ea
1693 1744 1747 1782 re
1793 1724 2068 1795 probanda
2110 1725 2469 1776 immoremur.
2516 1722 2802 1792 Antiquum
2842 1730 3014 1776 tamen
3060 1737 3173 1776 esse
3200 1737 3264 1775 ea:
3303 1737 3362 1774 eo
3406 1720 3588 1789 liquet,
3626 1720 3765 1789 quod

539 1821 597 1871 in
633 1818 854 1871 concilio
885 1815 1102 1871 Nicwno
1133 1834 1168 1872 ll
1191 1857 1205 1881 ,
1248 1797 1532 1871 Athanasii
1563 1818 1768 1871 nomine
1797 1816 1985 1870 lectum
2016 1813 2216 1882 fuerit:
2249 1819 2403 1880 atque
2427 1819 2557 1864 teste
2587 1809 2937 1865 Constantino
2963 1810 3288 1865 Constantia:
3317 1808 3478 1879 Cypri
3505 1810 3767 1878 episcopo.

541 1910 792 1966 Patribus
827 1927 886 1964 eo
915 1913 1110 1965 coactis
1155 1912 1416 1982 lacrymas
1459 1912 1768 1965 excusserit.
1802 1908 1992 1962 Exstat
2024 1922 2180 1976 porro
2221 1916 2360 1959 tomo
2399 1904 2508 1958 VII
2551 1901 2772 1970 Zoncil.,
2825 1914 2929 1958 act.
2967 1905 3021 1959 4.
3053 1903 3163 1958 Nec
3193 1921 3381 1974 parum
3407 1903 3688 1967 discrepat,
3722 1904 3770 1955 si

539 2004 695 2058 verba
722 2012 940 2072 spectes,
978 2002 1042 2056 ab
1075 2003 1230 2057 editis
1274 2013 1324 2056 et
1361 2021 1394 2056 a
1435 2021 1563 2057 mss.
1595 2003 1920 2071 Tantumque
1952 2002 2160 2055 variant
2189 2001 2324 2053 inter
2361 2015 2414 2052 se
2443 1997 2666 2064 codices,
2709 2005 2766 2050 ut
2804 1996 2857 2049 in
2886 1997 3066 2050 multis
3106 1997 3222 2052 licet
3253 1997 3558 2064 reperiatur,
3590 1993 3768 2048 nullus

541 2094 639 2148 alii
685 2094 874 2148 similis
923 2103 1241 2164 compareat.
1289 2093 1356 2148 In
1397 2093 1696 2149 Colbertino
1748 2103 1921 2146 autem
1964 2093 2115 2147 tertio
2158 2091 2236 2144 ita
2284 2091 2495 2160 prolixa
2533 2097 2583 2144 et
2626 2098 2783 2142 aucta
2818 2089 3009 2158 legitur
3050 2088 3158 2164 htec
3206 2086 3470 2150 Historia,
3509 2095 3565 2138 ut
3607 2084 3768 2153 duplo

539 2186 714 2256 major
754 2187 894 2240 cusis
942 2163 1222 2251 videatur;
1269 2187 1345 2240 sic
1395 2197 1567 2239 tanien
1614 2195 1672 2238 u-t
1721 2185 1890 2238 multa
1946 2183 2132 2243 verba.
2194 2184 2284 2237 sed
2320 2183 2451 2236 nihil
2492 2181 2568 2236 rei
2614 2191 2774 2250 gestte
2818 2163 3144 2250 adjiciatur:
3173 2179 3364 2234 Exstat
3416 2181 3543 2232 item
3592 2175 3772 2231 Grazce

538 2278 597 2330 in
627 2275 935 2331 bibliotheca
971 2276 1216 2332 Ca'sarea
1248 2278 1512 2347 exemplar
1543 2277 1656 2346 ejus
1689 2293 1816 2329 mss.
1849 2275 1911 2329 ab
1937 2275 2092 2329 editis
2135 2273 2275 2326 haud
2305 2289 2492 2343 parum
2523 2273 2789 2327 diversum
2812 2282 2862 2327 et
2886 2273 3052 2328 multo
3087 2272 3312 2326 auctius.
3347 2269 3776 2337 Principiumque

537 2370 650 2439 ejus
685 2372 840 2440 affert
888 2370 1215 2437 Lambecius,
1246 2371 1537 2426 Comment.
1581 2370 1672 2423 lib.
1718 2386 1755 2432 I,
1780 2385 1832 2437 p.
1875 2369 1998 2431 1‘26.
2028 2376 2164 2422 utet
2201 2369 2486 2422 versionem
2523 2368 2798 2437 antiquam
2840 2384 3158 2438 anonymam
3194 2367 3259 2420 ab
3300 2365 3443 2419 edita
3485 2363 3768 2425 diversam,

539 2481 696 2534 quam
747 2467 1003 2535 integram
1047 2468 1206 2536 refert
1240 2469 1375 2520 idem
1408 2483 1460 2536 p.
1497 2466 1620 2520 128.
1665 2464 1913 2520 Omnium
1951 2475 2124 2520 autem
2170 2465 2407 2519 codicum
2453 2466 2629 2520 varias
2677 2466 2866 2534 aﬂerre
2915 2465 3181 2528 lectiones,
3217 2480 3308 2518 nec
3349 2462 3505 2532 facile
3540 2471 3640 2524 est,
3680 2476 3773 2514 nec

540 2569 710 2622 opera:
738 2559 960 2625 pretium
989 2559 1122 2628 foret
1152 2574 1171 2613 :
1195 2576 1355 2629 quare
1380 2577 1468 2613 eas
1497 2558 1666 2612 solum
1695 2558 2083 2623 adnotavimus,
2113 2575 2228 2627 qua:
2258 2557 2484 2625 alicujus
2515 2559 2758 2611 momenti
2787 2557 2911 2612 visa:
2945 2567 3084 2611 sunt.
3121 2555 3329 2626 Magnte
3355 2572 3474 2609 vero
3511 2553 3655 2623 apud
3689 2569 3772 2606 se-

541 2647 743 2718 quioris
790 2650 884 2703 avi
916 2649 1124 2705 Crtecos
1167 2651 1268 2719 fuit
1315 2651 1725 2706 existimationis
1775 2651 1886 2706 htec
1929 2650 2170 2704 Historia
2199 2668 2218 2707 :
2249 2652 2326 2704 ita
2365 2659 2422 2702 ut
2453 2668 2515 2704 ea
2562 2651 2767 2720 publice
2789 2651 2890 2722 legi
2925 2651 3108 2705 soleret
3141 2650 3418 2703 Dominica
3447 2647 3776 2720 ὀρθοδοξίας,

551 2757 645 2794 seu
691 2739 847 2795 Dom.
890 2745 1063 2811 prima
1117 2742 1567 2815 Quadragesimte,
1621 2748 1676 2800 in
1715 2761 1817 2815 qua
1870 2742 2234 2798 celebrabatur
2275 2743 2413 2812 apud
2473 2740 2684 2799 ercos
2736 2743 2929 2812 festum
2979 2743 3207 2798 restituti
3253 2741 3424 2796 cultus
3470 2748 3775 2794 sanctarum

541 2835 852 2905 imaginum.

612 2924 680 2980 ll.
711 2925 845 2981 Cum
896 2927 1072 2999 itaque
1111 2927 1324 2982 minime
1364 2927 1468 2996 sibi
1513 2927 1728 2981 invicem
1777 2926 2104 2981 consentiant
2141 2925 2342 2980 codices
2376 2942 2505 2982 mss.
2531 2928 2590 2979 'et
2633 2925 2696 2979 ab
2727 2925 2881 2980 editis
2910 2927 3104 2978 mirum
3136 2925 3190 2978 in
3219 2924 3431 2978 modum
3464 2923 3772 2991 discrepent.

543 3023 711 3076 visum
731 3032 807 3078 est
831 3025 951 3078 bina
981 3040 1045 3078 ea:
1080 3023 1349 3078 Palatinis
1379 3022 1646 3078 codicibus
1674 3022 1948 3091 desumpta
1974 3023 2296 3091 exemplaria
2325 3039 2444 3075 cum
2469 3020 2674 3075 Latinis
2699 3019 3020 3076 versionibus
3042 3019 3188 3074 edere
3213 3034 3232 3080 ;
3259 3019 3397 3089 quod
3427 3018 3594 3073 libera
3619 3017 3776 3071 cuivis

542 3122 725 3168 mutuo
773 3113 1073 3183 conferendi
1105 3113 1176 3167 sit
1205 3113 1454 3183 facultas.
1483 3113 1794 3184 Quanquam
1822 3112 1966 3166 nullo
1987 3112 2121 3182 forte
2151 3113 2422 3182 dispendio
2444 3115 2696 3183 potuisset
2723 3113 3032 3167 alterutrum
3062 3112 3254 3176 omitti,
3289 3127 3406 3165 cum
3435 3111 3588 3164 nulla
3617 3113 3776 3180 ferme

544 3207 648 3261 nisi
677 3205 950 3260 verborum
974 3205 1043 3258 sit
1072 3204 1449 3273 discrepantia.
1494 3205 1563 3257 At
1597 3204 1904 3270 scrupuloso
1935 3203 2114 3257 lectori
2146 3221 2342 3258 morem
2371 3221 2547 3276 gerere
2577 3205 2720 3270 libet,
2755 3204 2968 3274 indigne
2997 3203 3195 3258 scilicet
3226 3202 3447 3272 ferenti,
3479 3204 3528 3257 si
3557 3221 3664 3275 qua
3701 3207 3776 3258 vel

545 3303 762 3356 minima
793 3301 942 3370 prius
971 3301 1229 3355 editorum
1261 3301 1752 3371 prtetermittantur.
1792 3299 1927 3354 Bina
1956 3300 2134 3354 itidem
2165 3299 2359 3354 Latina
2387 3300 2710 3369 exemplaria
2736 3301 3025 3370 offerimus,
3065 3314 3180 3368 quae
3209 3298 3303 3352 sub
3331 3299 3542 3352 initium
3575 3300 3645 3353 ad
3676 3317 3780 3354 meo

545 3393 692 3447 dium
723 3410 882 3463 usque
909 3403 1016 3448 toto
1038 3396 1165 3448 ctelo
1202 3393 1500 3462 discrepant
1524 3409 1544 3458 ;
1574 3393 1694 3447 inde
1726 3409 1841 3446 vero
1876 3410 1979 3446 non
2007 3394 2148 3447 item.
2174 3393 2416 3448 Primum
2446 3394 2501 3447 in
2537 3393 2769 3463 antiquis
2796 3392 3079 3446 Athanasii
3102 3391 3256 3446 editis
3281 3391 3492 3446 Latinis
3512 3393 3633 3462 jam
3656 3395 3777 3447 olim

545 3503 728 3541 cusum
756 3488 878 3557 fuit,
916 3505 1032 3542 cum
1063 3489 1158 3542 hoc
1195 3488 1289 3542 sub
1327 3489 1538 3542 initium
1575 3503 1770 3550 errore,
1802 3495 1859 3539 ut
1885 3487 2096 3540 dicatur
2132 3488 2324 3541 lectam
2369 3487 2535 3556 fuisse
2572 3486 2706 3540 hanc
2734 3484 3029 3538 Historiam
3061 3502 3094 3538 a
3119 3484 3276 3538 Petro
3313 3483 3702 3539 Nicomediensi
3728 3486 3779 3536 in

544 3581 742 3654 synodo
763 3583 1019 3639 Ctesarea:
1048 3583 1396 3652 Cappadociae
1416 3581 1697 3647 celebrata,
1721 3585 1784 3637 ob
1808 3599 2037 3637 errorem
2058 3585 2200 3637 circa
2219 3583 2416 3639 Christi
2435 3581 2648 3636 Domini
2663 3581 2967 3649 sanguinem
2992 3588 3253 3638 exortum,
3271 3595 3388 3632 cum
3406 3595 3586 3632 revera
3603 3579 3660 3631 in
3684 3575 3756 3630 Ni
3765 3605 3781 3618 -

544 3685 690 3731 Ctena
711 3676 938 3731 secunda
954 3675 1172 3748 synodo,
1195 3691 1289 3745 pro
1315 3676 1457 3730 cultu
1477 3674 1763 3745 imaginum
1795 3673 2074 3730 asserenda
2108 3675 2174 3728 ab
2203 3675 2381 3730 eodem
2414 3674 2552 3728 lecta
2582 3673 2763 3742 fuerit.
2788 3670 2855 3727 In
2876 3672 3055 3726 multis
3078 3686 3234 3740 porro
3249 3672 3512 3740 discrepat
3529 3689 3562 3724 a
3588 3669 3778 3725 Grecis

542 3771 654 3826 haec
680 3771 873 3828 Latina
904 3772 1168 3828 Historia.
1200 3770 1499 3828 Secundum
1542 3771 1810 3840 exemplar
1840 3770 2091 3824 Latinum
2123 3785 2190 3823 ea:
2233 3770 2461 3840 antiquis
2505 3767 2847 3821 conciliorum
2881 3785 3007 3821 mss.
3033 3776 3081 3820 et
3109 3767 3263 3820 editis
3291 3766 3645 3835 desumptum,
3665 3767 3780 3836 jam

542 3867 772 3935 primum
794 3867 930 3920 inter
945 3867 1309 3920 Athanasiana
1329 3864 1478 3920 edere
1505 3865 1674 3920 visum
1699 3871 1797 3928 est,
1821 3863 1946 3934 quia
1969 3862 2037 3916 ad
2071 3861 2376 3917 Crassorum
2407 3862 2640 3916 litteram
2668 3860 2836 3930 magis
2867 3858 3087 3925 accedit,
3126 3859 3240 3913 licet
3273 3860 3326 3914 in
3349 3859 3616 3914 nonnullis
3644 3849 3788 3912 haud

546 3960 725 4014 leviter
757 3961 1031 4030 discrepet.

615 4055 705 4109 lll.
751 4055 828 4109 De
883 4055 1125 4110 Historia
1163 4056 1409 4126 imaginis
1466 4055 1770 4126 Berytensis
1819 4053 1930 4109 hwc
1977 4049 2133 4106 habet
2180 4048 2480 4121 Sigebertus
2529 4051 2584 4104 in
2629 4049 2903 4105 Chronico
2953 4048 3022 4103 ad
3071 4065 3266 4103 annum
3320 4049 3424 4104 565
3466 4068 3478 4103 :
3519 4047 3783 4119 Tempore

545 4145 891 4202 Constantini
921 4148 1263 4218 imperatoris
1292 4156 1345 4204 et
1391 4149 1560 4203 [rente
1603 4149 1790 4204 uxoris
1821 4148 1942 4217 ejus
1977 4147 2032 4200 in
2079 4145 2251 4216 Syriae
2280 4145 2500 4200 civitate
2526 4143 2782 4215 Berytho,
2815 4160 2936 4214 quae
2965 4143 3211 4212 subjacet
3238 4143 3539 4198 Antiochia!
3571 4163 3584 4198 :
3615 4141 3782 4196 Judaei

546 4236 839 4306 imaginem
872 4237 1173 4294 Salvatoris
1203 4237 1415 4293 Domini
1448 4239 1622 4294 nostri
1652 4238 1780 4294 Jesu
1810 4237 2017 4292 Christi
2039 4236 2377 4290 invenientes
2398 4235 2455 4288 in
2489 4234 2652 4289 domo
2683 4234 2968 4302 cujusdam
2991 4233 3184 4299 Judaei,
3213 4233 3286 4288 ibi
3319 4234 3570 4286 relictam
3597 4248 3628 4286 a
3653 4247 3783 4302 quo-

491 4359 493 4361 ι
545 4330 672 4384 dam
702 4328 1033 4396 Christiano,
1065 4347 1184 4386 eam
1220 4331 1482 4402 injuriose
1507 4332 1903 4402 deposuerunt,
1931 4339 1986 4384 et
2014 4328 2198 4384 omnia
2225 4327 2519 4397 opprobria
2550 4343 2672 4396 quae
2699 4326 2870 4382 Judaei
2901 4327 3118 4384 Christo
3145 4325 3276 4380 Jesu
3306 4326 3630 4388 intulerunt,
3671 4325 3784 4394 ejus

547 4419 770 4489 imagini
811 4420 1116 4477 inferebant
1157 4442 1171 4479 :
1207 4424 1492 4479 illudentes
1519 4425 1592 4490 ei,
1625 4426 1679 4478 in
1715 4423 1911 4479 faciem
1952 4427 2339 4490 conspuentes,
2371 4419 2667 4475 criminose
2712 4419 3103 4484 conviciantes,
3137 4434 3363 4489 eamque
3399 4417 3781 4488 percutientcs,

546 4527 745 4570 manus
787 4525 840 4571 et
879 4514 1046 4586 pedes
1095 4516 1214 4586 ejus
1264 4516 1436 4572 clavis
1482 4516 1850 4587 configentes,
1907 4521 2122 4569 acetum
2169 4520 2223 4567 et
2273 4511 2344 4567 fel
2385 4513 2436 4568 ei
2475 4514 2864 4584 porrigentes;
2913 4513 3132 4568 tandem
3176 4514 3345 4567 latere
3391 4513 3510 4581 ejus
3558 4521 3782 4583 aperto.

545 4609 716 4665 exivit
750 4611 817 4667 de
851 4625 917 4666 eo
945 4612 1172 4680 sanguis
1221 4620 1276 4667 et
1307 4627 1468 4682 aqua,
1500 4611 1646 4682 quod
1691 4611 1770 4664 illi
1810 4608 2096 4678 supposita
2141 4607 2377 4675 ampulla
2410 4607 2775 4678 suscipientes
2816 4607 2884 4661 ad
2926 4608 3360 4678 experimentum
3408 4606 3575 4677 289
3606 4615 3785 4660 utrum

547 4705 750 4761 fuerint
781 4721 909 4762 vera
939 4707 1200 4762 miracula
1230 4723 1350 4777 qua:
1387 4706 1574 4762 .lesum
1615 4705 1812 4760 fecisse
1845 4703 2162 4764 audierant,
2200 4716 2391 4756 omnes
2420 4701 2668 4756 inﬁrmos
2699 4700 2755 4755 in
2789 4699 3073 4772 Synagoga
3111 4715 3210 4756 sua
3235 4699 3494 4754 collectos
3528 4699 3632 4754 hoc
3657 4716 3780 4755 san-

547 4799 709 4870 guine
761 4800 1138 4871 aspergebant,
1185 4810 1240 4856 et
1285 4818 1315 4856 a
1363 4816 1694 4871 quocunque
1744 4799 2008 4868 languore
2047 4797 2436 4852 detinebantur
2488 4811 2679 4852 omnes
2735 4796 3094 4851 sanabantur.
3144 4794 3300 4850 Unde
3346 4795 3568 4850 tandem
3617 4795 3783 4851 Judaei

545 4896 857 4962 compuncti
902 4896 970 4948 ad
1005 4895 1341 4950 Adeodatum
1385 4895 1626 4950 civitatis
1666 4895 1984 4962 episcopum
2029 4905 2220 4945 omnes
2264 4899 2690 4954 concurrerunt,
2757 4889 2918 4960 eique
2950 4905 3010 4945 re
3038 4894 3310 4955 enarrata,
3341 4889 3636 4960 imaginem
3667 4903 3786 4942 cum

546 4987 811 5054 sanguine
860 4986 910 5040 ei
952 4986 1244 5042 dederunt.
1297 4986 1510 5052 Quibus
1556 4985 1852 5055 baptizatis
1903 4983 2196 5053 episcopus
2243 4983 2564 5052 sanguinem
2615 4997 2712 5053 per
2756 4981 3024 5052 ampullas
3070 4981 3306 5038 divisum
3356 4981 3517 5050 longe
3567 4981 3785 5050 lateque

547 5074 807 5146 dirigens,
867 5078 1197 5148 praadicabat
1262 5080 1534 5150 magnalia
1590 5078 1724 5144 Dei,
1773 5077 2082 5133 obtestatus
2155 5090 2346 5132 omnes
2407 5083 2468 5130 ut
2529 5075 2762 5146 singulis
2815 5075 2975 5132 annis
3029 5076 3223 5146 quinto
3281 5073 3408 5129 ldus
3463 5071 3788 5128 Novembris

548 5171 853 5228 celebretur
909 5173 1100 5231 Passio
1158 5174 1452 5230 Dominicse
1494 5174 1770 5245 imaginis.
1827 5171 1956 5226 ch
2002 5168 2326 5240 Sigebertus,
2380 5172 2471 5241 qui
2526 5173 2581 5225 in
2638 5171 2734 5226 hoc
2789 5181 2956 5238 errat,
2990 5173 3127 5243 quod
3176 5170 3477 5224 Historiam
3525 5167 3789 5223 Constan-

551 5265 648 5317 tini
696 5274 746 5319 et
804 5265 980 5320 Irenes
1047 5285 1156 5322 (nvo
1215 5275 1417 5336 gestam
1468 5274 1722 5328 enarret;
1780 5279 1905 5317 nam
1965 5270 2194 5330 tempore
2258 5259 2468 5326 Irenes,
2525 5263 2736 5317 nomine
2791 5262 3074 5319 Athanasii
3127 5263 3262 5316 lecta
3308 5262 3415 5331 fuit
3465 5261 3523 5315 in
3589 5256 3803 5329 synodo.

548 5357 778 5409 secunda
817 5357 1060 5413 Nictena.
1105 5360 1216 5418 Nec
1259 5361 1429 5428 potuit
1474 5360 1605 5415 adeo
1647 5359 1868 5414 recentis
1905 5357 2170 5411 memoria:
2208 5365 2318 5408 tum
2364 5357 2551 5424 fuisse,
2583 5367 2641 5410 ut
2672 5356 2832 5410 Petro
2860 5374 2976 5412 eam
2999 5358 3290 5414 Athanasio
3312 5355 3636 5410 adscribenti
3661 5353 3789 5424 ﬁdes

550 5447 848 5505 haberetur.
886 5450 1080 5506 Verane
1108 5463 1352 5508 cteternm
1381 5471 1449 5508 an
1480 5455 1618 5523 falsa
1639 5456 1707 5510 sit
1736 5455 1846 5509 ha'c
1867 5452 2115 5518 historia,
2144 5451 2416 5519 prudentis
2443 5450 2651 5509 lectoris
2671 5452 2876 5521 judicio
2901 5457 3280 5525 permittatur;
3319 5453 3469 5508 nobis
3501 5468 3631 5508 sane
3659 5451 3790 5506 vide-

554 5549 642 5593 tur
672 5541 956 5599 admodum
990 5557 1250 5614 suspecta.

1995 5691 2290 5712 ’.ηδ’-η
