4050 6396
261 354 360 414 797

1361 351 1450 406 DE
1489 347 1844 406 MIRACULO
1883 348 2137 405 BERYTl
2175 348 2396 404 EDITO.

3409 351 3514 406 798

1363 530 1500 582 ΤΟΥ
1531 529 1618 582 EN
1652 526 1873 581 ΑΓῘΟΙΣ
1907 526 2178 579 ΠΑΤΡΟΣ
2210 525 2406 578 ΗΜΩΝ

1570 693 2202 782 ΑΘΑΝΑΣΙΟΥ

322 886 396 960 (8)
429 885 624 954 Λόγος
650 884 735 949 είς
762 880 829 936 τὸ
858 879 1054 950 θαῦμα
1080 878 1146 931 τὸ
1183 875 1428 948 γεγονὸς
1457 875 1527 929 ἐν
1551 871 1814 944 Βηρυτῷ,
1849 873 1982 941 περὶ
2020 871 2132 940 τῆς
2161 874 2348 943 τιμίας
2385 871 2481 927 καί
2512 874 2844 944 σεϐασμίας
2885 874 3116 942 εικόνος
3151 874 3256 930 τοῦ
3289 875 3508 946 Χυρίου

1636 970 1733 1024 καὶ
1764 969 1910 1023 θεοῦ
1947 968 2134 1039 ἡμῶν.

1260 1193 1355 1282 s.
1433 1195 1538 1280 P.
1635 1192 1752 1280 N.
1830 1119 2479 1291 [THANASII

421 1393 611 1448 Sermo
639 1391 702 1446 de
731 1387 988 1444 miracqu
1018 1388 1199 1459 Beryti
1227 1386 1388 1452 edito,
1423 1390 1567 1442 circa
1594 1387 1880 1457 pretiosam
1909 1395 1959 1440 et
1991 1382 2346 1440 venerandam
2369 1382 2650 1451 imaginem
2680 1378 2896 1433 Domini
2923 1386 2972 1432 et
3005 1377 3100 1432 Dei
3136 1379 3324 1432 nostri.

275 1612 282 1620 ’
320 1618 369 1672 Ι.
400 1619 605 1688 ’Ἄρατε
641 1618 764 1680 τοὺς
793 1616 1099 1686 ὀφθαλμοὺς
1133 1617 1231 1686 τῆς
1257 1615 1492 1680 διανοίας
1527 1617 1701 1688 ὑμῶν,
1731 1619 1813 1672 καῖ

1997 1619 2048 1672 1.
2079 1615 2286 1687 Erigite
2314 1614 2502 1669 oculos
2533 1613 2732 1669 mentis
2758 1618 2975 1675 vestra,
3007 1626 3070 1666 ac
3090 1610 3268 1666 videte
3299 1627 3497 1666 novum

251 1710 386 1763 ἴδετε
417 1710 478 1761 τὸ
510 1708 696 1762 καινὸν
729 1709 822 1762 καὶ
866 1705 1163 1781 παράδοξον
1195 1707 1377 1779 θαῦμα
1398 1747 1414 1772 ,
1463 1709 1600 1780 ὅπερ
1628 1709 1820 1778 γέγονε

249 1801 334 1856 νῦν
357 1802 414 1852 ἐν
431 1803 553 1864 ταῖς
569 1799 804 1870 ἡμέραις
819 1802 851 1868 ἡ
862 1799 995 1871 μῶν.
1015 1800 1070 1852 Ἐ
1079 1798 1348 1870 μϐλέψατε
1370 1800 1444 1869 (9)
1464 1802 1541 1863 είς
1555 1801 1651 1871 τὴν
1667 1800 1768 1854 ἀπε
1778 1819 1820 1854 ι-

251 1911 336 1964 ρον
372 1892 687 1962 ἀγαθότητα
714 1891 808 1945 τοῦ
839 1890 994 1956 Θεοῦ,
1028 1892 1146 1946 δότε
1176 1890 1323 1961 αὐτῷ
1353 1890 1530 1957 δόξαν,
1561 1892 1821 1962 κατανοή-

249 2003 368 2038 σατε
412 1985 512 2056 τὴν
550 1985 759 2054 ἄφατον
785 1983 1194 2055 φιλανθρωπίαν
1232 1983 1326 2037 καὶ
1357 1983 1418 2035 τὸ
1450 1982 1678 2053 μέγεθος
1720 1985 1818 2054 τῆς

245 2076 402 2134 αὐτοῦ
436 2076 776 2147 οίκονομίας,
807 2075 901 2129 καὶ
936 2075 1131 2147 θρῆνον
1169 2077 1284 2146 μετ’
1318 2074 1656 2146 εὐφροσύνης
1689 2075 1819 2127 ἀνα-

242 2169 448 2225 λάϐετε.
503 2169 628 2222 Ἐπὶ
688 2169 784 2240 μὲν
834 2168 968 2222 Θεοῦ
1021 2169 1172 2222 οὐδὲν
1219 2167 1390 2234 ξένον.
1445 2167 1532 2219 Ἐν
1583 2166 1690 2237 γὰρ
1739 2165 1818 2238 τῷ

242 2261 522 2333 παραδόξῳ
549 2262 727 2334 τούτῳ
760 2261 1018 2332 θαύματι,
1053 2261 1082 2315 ὃ
1105 2262 1320 2330 ἐγένετο
1350 2262 1407 2315 ἐν
1437 2261 1556 2324 ταῖς
1584 2259 1816 2331 ἡμέραις

240 2354 491 2418 ἐκείναις,
535 2351 834 2425 ἐξέστησαν
867 2355 1040 2407 πᾶσαι
1087 2354 1142 2406 αἱ
1185 2353 1402 2426 καρδίαι
1453 2352 1558 2406 τῶν
1610 2350 1819 2423 ἀνθρώ-

243 2462 372 2498 πων.
408 2447 620 2509 Ὄντως
647 2445 844 2516 ἐξέστη
873 2448 902 2498 6
928 2445 1154 2516 οὐρανὸς
1184 2446 1276 2498 ἐπὶ
1304 2445 1364 2498 τὸ
1393 2443 1812 2515 τετολμημένον,

241 2537 618 2608 ἐταράχθησαν
652 2540 825 2591 πᾶσαι
863 2540 918 2591 αἱ
954 2539 1170 2610 καρδίαι
1197 2539 1303 2592 τῶν
1342 2536 1664 2609 ἀνθρώπων.
1691 2538 1817 2591 Ὄν-

239 2646 340 2692 τως
366 2627 667 2700 ἐξέστησαν
689 2634 860 2684 πᾶσαι
892 2631 1135 2695 ἄϐυσσοι,
1166 2634 1194 2685 6
1218 2631 1367 2702 ἥλιος
1390 2630 1696 2700 ἐσκοτίσθη,
1720 2629 1816 2684 καὶ

239 2720 270 2790 ή
294 2719 491 2792 σελήνη
543 2721 640 2774 καὶ
667 2723 716 2774 οἱ
743 2722 970 2794 ἀστέρες
1003 2722 1402 2795 ἐταράχθησαν,
1429 2723 1532 2776 ὑπὸ
1557 2721 1635 2793 τῷ
1667 2724 1815 2775 οίκο-

238 2810 519 2880 νομηθέντι
559 2812 666 2864 ὑπὸ
704 2811 799 2865 τοῦ
843 2813 1069 2884 Κυρίου.
1100 2814 1277 2867 Πᾶσαι
1319 2816 1374 2867 αἱ
1419 2813 1526 2866 τῶν
1567 2810 1814 2884 οὐρανῶν

236 2901 508 2974 δυνάμεις,
533 2903 830 2972 ἀκούσατε,
861 2907 954 2958 καί¹
974 2905 1223 2976 ἕκστητε,
1247 2906 1432 2975 γενεαὶ
1457 2905 1564 2959 τῶν
1588 2904 1809 2973 γενεῶν,

232 3102 371 3148 ταις.

298 3177 350 3230 ‘2.
392 3178 556 3242 Πόλις
589 3178 709 3232 ἐστὶ
735 3178 974 3250 Βηρυτδς
1003 3178 1332 3250 καλουμένη,
1363 3179 1589 3234 τελοῦσα
1624 3181 1680 3235 δὲ
1710 3181 1814 3236 ὑπὸ

243 3269 590 3341 Ἀντιόχειαν.
631 3271 723 3324 Ἐν
757 3272 894 3343 αὐτῇ
924 3275 989 3343 τῇ
1020 3273 1173 3326 πόλει
1201 3272 1378 3344 πλήθη
1414 3274 1584 3328 πολλὰ
1607 3270 1675 3346 ἦν
1705 3274 1813 3328 τῶν

243 3362 530 3416 Ἰουδαίων.
576 3362 816 3433 Πλησίον
853 3363 910 3416 δὲ
953 3366 1054 3435 τῆς
1105 3365 1425 3435 συναγωγῆς
1467 3366 1645 3420 αὐτῶν
1679 3367 1815 3438 Χρι-

230 3455 440 3518 στιανός
478 3472 565 3518 τις
607 3453 790 3507 λαϐὼν
838 3453 1045 3510 κελλίον
1090 3457 1405 3528 κατέμενεν.
1465 3458 1714 3531 Ἐποίησε
1755 3459 1812 3512 δὲ

228 3549 411 3602 εἰκόνα
445 3547 542 3601 τοῦ
572 3547 784 3617 Κυρίου
820 3547 977 3618 ἡμῶν
1017 3549 1190 3621 Ἰησοῦ
1237 3549 1468 3621 Χριστοῦ
1503 3551 1808 3614 ὁλόστατον,

225 3641 517 3711 ἑζωγραφη
528 3639 700 3710 μένην
726 3640 785 3691 ὲν
813 3639 1105 3712 ὡραιότητι
1131 3640 1318 3712 πολλῇ.
1349 3641 1553 3712 Χρόνου
1590 3643 1646 3695 δὲ
1674 3641 1813 3696 διελ-

226 3730 430 3796 θόντος,
474 3730 746 3801 ἠθέλησεν
785 3731 1137 3804 ἀναχωρῆσαι
1180 3732 1209 3785 6
1236 3735 1558 3804 Χριστιανὸς
1607 3738 1671 3790 ἐκ
1714 3735 1809 3789 τοῦ

225 3821 387 3875 αὐτοῦ
434 3820 674 3876 κελλίου.
720 3821 1084 3894 Ἐπεζήτησεν
1107 3819 1198 3877 οῦν
1228 3823 1415 3896 ’ἕτερον
1446 3825 1654 3880 κελλίον
1691 3830 1811 3898 μεῖ-

224 3909 335 3980 ζον,
381 3913 460 3977 ὡς
491 3913 682 3986 χρείαν
721 3913 859 3984 ἔχων
889 3913 1075 3978 αὐτοῦ,
1113 3915 1228 3985 ἅμα
1265 3916 1322 3968 δὲ
1355 3918 1449 3971 καὶ
1491 3918 1811 3988 πλησιάζειν

220 4005 381 4061 αὐτὸν
408 4009 520 4070 τοῖς
564 4005 859 4068 Ἰουδαίοις,
891 4005 1082 4076 Εὑρὼν
1109 4008 1165 4061 δέ
1195 4008 1403 4080 οἴκημα
1434 4009 1641 4082 ἕτερον,
1679 4029 1810 4083 μετ-

218 4097 351 4168 ῆρεν
397 4097 644 4163 ἐκεῖθεν,
694 4097 876 4151 λαϐὼν
921 4098 1099 4152 πάντα
1138 4099 1207 4154 τὰ
1263 4102 1574 4173 ὑπάρχοντα
1620 4104 1808 4158 αὑτοῦ.

219 4190 353 4242 Κατ’
405 4189 725 4261 οἰκονομίαν
765 4189 821 4241 δὲ
859 4190 954 4243 τοῦ
1004 4191 1161 4256 Θεοῦ,
1204 4191 1300 4246 τοῦ
1343 4193 1587 4258 θέλοντος
1633 4195 1809 4250 πάντα

216 4280 507 4386 ἀνθρωπον
544 4281 811 4352 σωθῆναι,
859 4283 953 4335 καὶ
980 4283 1060 4345 εἰς
1099 4283 1392 4353 ἐπίγνωσιν
1437 4286 1693 4357 ἀληθείας
1724 4288 1809 4340 ἐλ-
1834 4323 1883 4386 c

215 4371 344 4440 θεῖν,
382 4373 651 4428 δεικνύων
686 4372 754 4425 τά
783 4372 1062 4446 θαυμάσια
1093 4375 1256 4428 αὐτοῦ
1283 4378 1416 4430 πᾶσι
1446 4381 1560 4442 τοῖς
1583 4379 1807 4433 πιστεύ-

213 4481 362 4518 ουσιν
388 4465 543 4536 αὐτῷ
569 4468 629 4519 ἐν
659 4463 910 4536 ἀληθεία.
947 4465 1140 4520 Λαϐὼν
1167 4467 1224 4521 δὲ
1254 4470 1282 4520 6
1306 4469 1632 4542 Χριστιανὸς
1663 4471 1807 4525 άπα-

213 4573 310 4611 σαν
352 4558 455 4630 τὴν
486 4559 686 4612 οὐσίαν
732 4558 920 4619 αὐτοῦ,
951 4559 1028 4623 ὡς
1070 4559 1445 4631 προλέλεκται,
1482 4563 1807 4636 κατελείφθη

211 4649 244 4717 ἡ
290 4649 460 4703 εἰκὼν
512 4647 610 4702 τοῦ
665 4648 874 4718 Κυρίου
927 4649 1084 4720 ἡμῶν
1127 4650 1300 4722 Ἰησοῦ
1355 4653 1592 4724 Χριστοῦ
1647 4654 1805 4727 μόνη,

211 4740 566 4813 λησμονήσας
592 4740 769 4811 αὐτὴν
796 4741 854 4793 ἐν
877 4739 954 4811 τῷ
984 4740 1197 4813 κελλίῳ.

278 4829 333 4888 5.
376 4835 638 4898 Ἰουδαῖος
692 4831 767 4885 δέ
798 4849 882 4896 τις
929 4831 1109 4887 λαϐὼν
1154 4833 1216 4887 τὸ
1261 4835 1469 4889 κελλίον
1515 4836 1678 4890 αὐτοῦ
1711 4837 1804 4891 τοῦ

207 4928 375 4981 οἰκεῖν
421 4930 482 4981 ἐν
519 4923 696 4996 αὐτῷ,
729 4922 858 4977 ἔνθα
902 4920 970 4995 ἦν
1009 4927 1041 4997 ἡ
1089 4925 1252 4981 είκὼν
1283 4928 1377 4982 τοῦ
1420 4928 1806 5000 παμϐασιλέως

205 5021 470 5090 Χριστοῦ,
526 5017 844 5088 εἰσαγαγὼν
878 5018 933 5071 δὲ
967 5019 1146 5074 πάντα
1178 5021 1246 5076 τά
1291 5021 1604 5093 ὑπάρχοντα
1635 5022 1803 5077 αὐτοῦ

204 5111 281 5173 είς
317 5110 381 5163 τὸ
418 5109 638 5163 κελλίον
681 5108 984 5178 κατέμενε,
1031 5109 1105 5182 μὴ
1155 5099 1438 5182 θεωρήσας
1477 5113 1575 5183 τὴν
1619 5112 1805 5166 εἰκόνα

199 5202 292 5254 τοῦ
322 5202 567 5274 Κυρίου,
596 5201 684 5253 ὅτι
716 5199 927 5252 ἵσταται
959 5201 1094 5266 ἐκεῖ,
1129 5201 1250 5255 οὐδὲ
1279 5203 1571 5274 κατενόησε
1598 5204 1688 5256 τὸν
1719 5203 1806 5257 τό-

201 5311 300 5353 πον
335 5296 580 5349 ἐκεῖνον.
614 5292 736 5361 Μιᾷ
764 5290 821 5344 δὲ
852 5291 961 5345 τῶν
987 5293 1210 5365 ἡμερῶν
1244 5295 1501 5348 ἐκάλεσεν
1533 5296 1802 5366 Ἑϐραῖον,

268 5473 343 5544 (8)
374 5473 632 5545 Colbert.
662 5471 791 5545 855,
811 5471 1001 5545 *Λόγος
1024 5471 1284 5545 περί-τῆς
1317 5473 1376 5545 ἐν
1408 5472 1635 5545 Βηρυτῷ
1652 5473 1804 5545 εἰκό-

195 5540 284 5606 νος
315 5540 413 5599 τοῦ
457 5540 874 5615 Κυρίουᾼήμίῷδ
917 5540 1111 5615 Ἰησοῦ
1135 5540 1409 5615 Χριστοῦε
1439 5540 1800 5615 omnem,

195 5616 324 5685 περὶ
353 5615 457 5668 τοῦ
499 5611 804 5685 γενομένου
833 5611 1106 5685 θαύματος
1128 5611 1209 5685 είς
1236 5613 1336 5685 τὴν
1355 5613 1547 5685 ,εἰκόνα
1583 5612 1678 5685 τοῦ
1713 5613 1797 5666 Κῦ

394 5685 474 5740 νιῦ
505 5680 616 5739 Χῦ.
641 5680 1104 5764 Ἆναγινὼσκεται
1135 5682 1193 5735 δὲ
1221 5680 1567 5781 Κυρεακῇ
1598 5684 1695 5754 τῆς
1712 5685 1800 5756 ὀρ.

227 5775 249 5797 ν
288 5757 464 5822 ἀξίας.
510 5754 677 5825 Colb.
715 5751 874 5825 5H9,
907 5753 1164 5825 Διήγησις
1213 5771 1339 5825 περι
1383 5770 1474 5825 του
1506 5754 1794 5825 γενομένου

197 5771 464 5822 umgtag.
510 5771 677 5810 ωιι).
715 5771 874 5834 anu,
907 5771 1164 5838 Διη-ίησις
1213 5771 1339 5877 περι
1383 5771 1474 5808 του
1506 5771 1794 5822 γενομενου

197 5825 484 5890 θαύματος
521 5826 581 5880 ἐν
624 5824 858 5894 Βηρυτῳ
901 5826 965 5885 τῇ
1003 5824 1176 5890 πολῖι,
1206 5826 1282 5878 ὑπ
1346 5824 1444 5894 τῆς
1487 5823 1670 5880 τιμίας
1701 5827 1794 5880 καὶ

234 2984 277 3058 ᾧ
317 2994 536 3062 γέγονεν
572 2992 879 3065 παράδοξον
917 2994 1100 3067 θαῦμα
1145 2999 1202 3050 ἐν
1234 2999 1354 3060 ταῖς
1402 2995 1640 3068 ἡμέραις
1678 2995 1810 3049 ταύ-
1841 2982 1892 3044 Β

1929 1710 2368 1779 stupendumque
2397 1707 2742 1773 miraculum,
2775 1707 2920 1777 quod
2946 1721 3119 1778 nuper
3147 1704 3338 1760 diebus
3364 1706 3498 1759 con-

1927 1801 2048 1871 tigit
2063 1801 2288 1856 nostris.
2308 1797 2580 1868 Respicite
2596 1799 2919 1855 immensam
2937 1799 3024 1854 Dei
3045 1797 3359 1863 bonitatem,
3377 1797 3501 1850 date

1929 1891 2031 1962 ipsi
2058 1892 2307 1963 gloriam,
2331 1891 2646 1962 perpendite
2671 1889 2991 1946 ineffabilem
3021 1889 3140 1959 ejus
3168 1903 3294 1958 erga
3317 1888 3498 1941 homi-

1927 2000 2023 2040 nes
2055 1998 2294 2039 amorem
2345 1981 2882 2053 magnitudinemque
2917 1979 3272 2051 providentia
3302 1980 3447 2034 illius
3481 1997 3495 2032 :

1925 2093 2048 2132 cum
2081 2077 2262 2132 latitia
2295 2078 2590 2132 lamentum
2624 2075 2906 2131 assumite.
2937 2074 3080 2128 Nihil
3108 2075 3163 2128 in
3193 2073 3302 2128 Deo
3333 2073 3502 2126 mira—

1924 2169 2061 2234 bile;
2100 2169 2193 2225 sed
2239 2169 2295 2223 in
2342 2167 2608 2239 stupenda
2654 2166 2965 2237 hujusmodi
3014 2164 3299 2229 miraculo,
3351 2163 3498 2234 quod

1923 2260 2126 2314 editum
2169 2269 2253 2314 est
2301 2259 2358 2313 in
2405 2257 2514 2314 illis
2545 2257 2759 2322 diebus,
2807 2257 2990 2312 omnia
3022 2256 3301 2310 hominum
3331 2255 3498 2310 corda

1924 2360 2147 2422 stupore
2190 2351 2442 2422 perculsa
2496 2359 2644 2406 sunt.
2697 2349 2991 2420 Obstupuit
3027 2365 3154 2406 vere
3196 2349 3394 2407 calum
3427 2349 3500 2404 ob

1922 2451 2192 2514 patratum
2230 2441 2464 2508 facinus,
2516 2441 2730 2496 turbata
2789 2447 2919 2495 sunt
2971 2439 3153 2494 omnia
3213 2439 3496 2494 hominum

1922 2534 2120 2602 corda;
2152 2535 2482 2604 obstupuere
2509 2532 2690 2603 abyssi
2724 2547 2936 2596 omnes,
2986 2533 3068 2588 sol
3112 2531 3499 2588 obtenebratus

1921 2635 2025 2691 est,
2062 2629 2188 2682 luna
2209 2635 2263 2683 et
2285 2628 2451 2683 stella
2479 2627 2820 2683 conturbata
2859 2632 3008 2686 sunt,
3042 2625 3112 2679 ob
3138 2641 3252 2680 rem
3282 2623 3497 2680 Domini

1921 2721 2258 2790 providentia
2286 2729 2491 2791 gestam
2524 2739 2538 2777 :
2570 2720 2773 2785 audite,
2798 2735 2987 2774 omnes
3019 2718 3282 2772 calorum
3317 2719 3493 2772 virtu-

1923 2821 2024 2876 tes,
2061 2827 2124 2867 ac
2155 2821 2388 2882 stupete,
2421 2813 2801 2884 generationes
2834 2809 3268 2882 generationum,
3301 2809 3372 2865 ob
3407 2809 3492 2863 in-

1921 2920 2054 2976 gens
2088 2905 2432 2974 miraculum,
2466 2905 2553 2961 his
2585 2904 2778 2960 diebus
2807 2903 3030 2960 editum.

1983 3166 2038 3220 2.
2062 3166 2204 3222 Urbs
2227 3175 2331 3233 est,
2354 3167 2581 3240 Berytus
2600 3166 2838 3231 nomine,
2864 3164 3163 3220 Antiochia
3192 3163 3487 3236 vectigalis,

1914 3261 1970 3314 in
1999 3276 2103 3331 qua
2145 3262 2337 3332 ingens
2365 3269 2484 3316 erat
2516 3258 2830 3314 Judaorum
2876 3258 3188 3332 multitudo.
3219 3256 3488 3312 Christia-

1914 3366 2017 3404 nus
2040 3365 2206 3420 porro
2236 3349 2456 3420 quidam
2487 3356 2712 3419 accepta
2741 3363 2908 3419 prope
2942 3331 3271 3418 synagogam
3295 3360 3487 3401 eorum

1912 3443 2126 3504 cellula,
2167 3443 2278 3497 illic
2313 3442 2769 3497 commorabatur.
2803 3441 2953 3496 Fecit
2982 3449 3163 3496 autem
3194 3441 3486 3510 imaginem

1913 3529 2130 3584 Domini
2171 3531 2461 3601 integram,
2510 3530 2879 3598 pulcherrime
2931 3530 3225 3599 depictam.
3285 3527 3487 3599 Elapso

1912 3621 2145 3691 quodam
2201 3631 2464 3692 tempore,
2521 3621 2692 3675 voluit
2740 3619 3086 3676 Christianus
3136 3617 3390 3675 secedere
3418 3635 3486 3673 ex

1912 3714 2014 3768 ista
2063 3714 2277 3778 cellula,
2316 3713 2687 3783 majoremque
2728 3712 3014 3782 requisivit
3059 3711 3330 3778 cellulam,
3377 3726 3485 3782 qua

1912 3791 2120 3864 scilicet
2145 3823 2283 3877 opus
2313 3806 2572 3874 habebat,
2601 3805 2676 3859 ita
2703 3814 2764 3860 ut
2798 3806 2959 3860 etiam
3001 3802 3202 3859 Judais
3229 3809 3374 3858 esset
3406 3801 3487 3856 vi-

1911 3901 2091 3956 cinus.
2130 3898 2352 3954 lnvento
2381 3898 2656 3954 domicilio
2691 3897 2882 3963 altero,
2915 3896 3043 3951 inde
3078 3893 3484 3963 commigravit,

1913 3991 2030 4046 suis
2059 3990 2314 4045 omnibus
2347 3987 2586 4059 acceptis
2612 3988 2790 4045 bonis.
2837 3986 2995 4054 Quod
3029 4002 3095 4042 ex
3123 3985 3218 4041 Dei
3263 3985 3486 4055 dispen-

1911 4083 2124 4138 satione
2170 4081 2372 4136 t‘actum
2411 4089 2514 4145 est,
2548 4079 2641 4151 qui
2672 4079 2788 4134 vult
2817 4095 3036 4135 omnem
3065 4076 3343 4133 hominem
3375 4076 3488 4132 sal‘

1911 4192 2037 4231 vum
2071 4175 2208 4238 ﬁeri,
2244 4183 2300 4230 et
2325 4173 2392 4228 ad
2423 4173 2756 4244 agnitionem
2786 4172 3035 4229 veritatis
3064 4170 3273 4232 venire,
3299 4175 3486 4224 osten-

1912 4266 2098 4337 ditque
2131 4265 2402 4320 mirabilia
2427 4280 2525 4321 sua
2557 4264 2812 4320 omnibus
2845 4265 2901 4317 in
2927 4262 3105 4332 ipsum
3131 4257 3486 4314 credentibus

1912 4358 1969 4412 in
2014 4358 2266 4417 veritate.
2313 4355 2562 4428 Acceptis
2616 4355 2965 4410 Christianus
3017 4352 3273 4422 omnibus
3308 4349 3375 4404 ad
3423 4363 3486 4404 se

1909 4449 2328 4519 pertinentibus,
2347 4449 2426 4502 uti
2451 4463 2618 4518 supra
2640 4447 2844 4503 dictum
2863 4455 2966 4511 est,
2987 4446 3176 4500 relicta
3196 4450 3283 4499 est
3305 4443 3484 4512 imago

1909 4539 2124 4596 Domini
2167 4540 2343 4596 nostri
2374 4539 2503 4596 Jesu
2534 4538 2738 4594 Christi
2761 4539 2899 4605 sola,
2934 4551 3163 4607 eamque
3205 4534 3368 4588 homo
3393 4532 3486 4588 ille

1909 4634 2114 4689 oblitus
2145 4634 2201 4688 in
2231 4632 2425 4689 cellula
2454 4639 2560 4687 est.

1981 4813 2035 4868 ’5.
2068 4811 2290 4868 Judaus
2318 4819 2498 4866 autem
2531 4808 2751 4878 quidam
2777 4813 2996 4877 accepta
3042 4805 3146 4860 ista
3187 4803 3379 4858 cellula
3421 4798 3482 4857 in

1907 4903 2264 4969 domicilium,
2321 4901 2413 4957 ubi
2468 4906 2588 4955 erat
2654 4901 2834 4969 imago
2895 4898 3273 4952 universorum
3334 4894 3480 4965 regis

1907 4996 2132 5059 Christi,
2165 5009 2289 5048 cum
2321 5008 2387 5049 eo
2419 5007 2508 5047 res
2554 5005 2747 5046 omnes
2801 5005 2930 5045 suas
2989 4993 3345 5057 asportasset,
3402 4985 3480 5040 ibi

1907 5088 2344 5147 commorabatur
2402 5105 2416 5141 :
2463 5100 2567 5140 nec
2616 5082 2850 5139 advertit
2900 5080 3189 5150 imaginem
3238 5077 3476 5141 Domini,

1906 5198 2028 5253 qua
2057 5181 2166 5235 illic
2195 5179 2394 5242 stabat,
2429 5193 2606 5248 neque
2648 5175 2899 5230 lustravit
2945 5188 3069 5228 eum
3102 5173 3304 5228 locum.
3332 5170 3480 5237 Qua-

1907 5277 2032 5331 dam
2067 5287 2233 5346 porro
2262 5270 2350 5326 die
2381 5284 2505 5325 cum
2534 5268 2820 5324 Hebraeum
2856 5266 3162 5333 invitasset,
3198 5271 3258 5318 ut
3291 5277 3479 5318 secum

1908 5471 2214 5542 σεϐασμίας
2263 5465 2469 5531 εἰκόνος
2509 5464 2604 5520 τοῦ
2646 5461 2732 5520 Κῦ
2768 5463 2924 5537 ήμῶν
2966 5463 3036 5518 Ἰῦ
3079 5461 3183 5528 Χῦ,
3218 5460 3312 5516 καὶ
3349 5461 3480 5533 περὶ

1906 5542 2284 5615 ἐλεημρσιὲγης

1981 5603 2319 5685 (9')'_Colbe'rt.
2358 5610 2408 5675 1,
2441 5604 2857 5685 ζΕγκύέῴατεμεξς
2894 5605 2954 5660 τὸ
2981 5606 3207 5685 ᾇπειρον
3241 5603 3482 5685 πέλαγος

1907 5671 2013 5739 τῶν
2038 5671 2347 5754 ’θαυμάτων
2375 5671 2468 5754 τοῦ
2492 5671 2648 5754 Θεοῦ,
2665 5679 2778 5754 Δκαὶ.
2803 5671 3229 5754 ἴδετε-τδ-ἒργον,
3259 5671 3481 5754 66mi-

1908 5743 2356 5826 pto;_eip+e'taaro
2380 5752 2456 5826 iv
2496 5752 2630 5826 sai;
2655 5748 2885 5821 ἡμέραις
2931 5743 3135 5821 ήμῶντ
3159 5743 3481 5814 συγκλίνατς

1904 5819 1963 5881 τὸ
1990 5821 2082 5890 οὖς
2104 5819 2278 5896 ὖμῶν,
2308 5822 2400 5876 καί
2430 5820 2545 5892 μετ’
2582 5819 2738 5890 εύφρ.
