4050 6396
537 345 644 403 Ἷ99

1690 339 1746 395 S.
1790 337 2246 394 ATHANASIUS.
2287 367 2356 378 --
2381 334 2604 391 DUBIA.‘

3657 327 3758 384 800

540 469 779 514 sumeret
819 457 1028 521 cibum;
1063 455 1190 510 dum
1235 455 1582 524 pranderent,
1625 456 1844 512 elevatis
1877 456 2096 512 Judaeus

2213 456 2283 508 ἵνα
2310 453 2459 525 φάγῃ
2489 450 2604 523 μετ’
2630 446 2792 504 αὑτοῦ
2815 465 2828 477 ο
2864 447 2922 500 ἐν
2946 446 3001 500 δέ
3032 444 3110 515 τῷ
3133 445 3358 516 ἀριστᾷν
3396 441 3612 506 αὐτοὺς,
3660 445 3756 497 ἐπ·

539 553 634 622 qui
666 551 924 606 invitatus
961 548 1134 602 fuerat
1161 548 1355 611 oculis,
1385 549 1521 602 vidit
1554 549 1843 620 imaginem
1884 548 2099 604 Domini

546 642 720 697 nostri
759 638 888 694 Jesu
916 638 1134 701 Christi,
1173 638 1412 708 dixitque
1436 637 1620 694 ludam
1653 641 1745 710 qui
1776 655 1836 696 se
1868 640 2100 695 advoca-

544 741 632 787 rat
665 752 678 786 :
707 731 788 785 Tu
833 729 1050 785 Iudaeus
1094 743 1218 784 cum
1255 731 1353 795 sis,
1383 747 1553 801 quare
1598 732 1762 801 hujus
1812 733 2099 804 imaginem

541 824 682 894 apud
713 833 762 877 te
782 821 1000 878 servas?
1024 820 1390 891 plurimasque
1419 837 1484 877 ac
1516 822 1793 878 nefandas
1815 831 2100 880 contume-

539 916 641 969 lias
667 913 895 984 profano
925 916 1174 985 turpique
1205 930 1299 970 ore
1327 931 1427 970 suo
1457 917 1679 986 protulit
1712 925 1904 972 contra
1937 932 2102 972 vene-

548 1005 778 1060 randam
822 1006 1107 1076 imaginem
1135 1005 1370 1072 Domini,
1395 1023 1532 1077 quas
1554 1023 1622 1063 ne
1645 1007 1699 1061 in
1723 1015 1956 1062 mentem
1980 1009 2103 1078 qui-

540 1097 662 1152 dem
701 1097 982 1150 hominum
1010 1098 1196 1152 venire
1219 1099 1376 1167 licet;
1400 1100 1572 1155 absit!
1603 1099 1946 1170 ostenditque
1974 1099 2104 1154 ima-

536 1189 714 1260 ginem
738 1187 964 1244 Hebraeo
990 1190 1082 1258 qui
1113 1206 1172 1246 se
1197 1191 1475 1247 invitarat.
1495 1190 1631 1246 Tum
1653 1192 1819 1262 coepit
1845 1190 2102 1247 Hebraeus

537 1281 627 1336 ille
651 1281 836 1350 jurare
861 1297 956 1352 per
987 1280 1266 1337 Iudaicam
1307 1283 1487 1349 ﬁdem,
1519 1300 1579 1340 se
1612 1284 1852 1340 nondum
1885 1284 1951 1339 ad
1981 1299 2101 1339 eam

539 1387 712 1442 usque
731 1373 919 1428 horam
942 1374 1082 1428 hanc
1108 1375 1309 1430 vidisse
1327 1374 1636 1446 imaginem.
1656 1376 1913 1432 Hebrzeus
1938 1391 2102 1446 porro

539 1464 632 1534 qui
664 1475 888 1520 vocatus
910 1464 1106 1528 fuerat,
1132 1465 1294 1534 290
1319 1465 1489 1520 siluit.
1515 1464 1864 1536 Surgensque
1886 1465 2102 1520 Judmos

540 1555 676 1610 adiit
694 1558 786 1628 qui
808 1557 1049 1627 primarii
1079 1557 1392 1612 sacerdotes
1413 1565 1467 1612 et
1491 1557 1622 1628 legis
1642 1557 1894 1612 doctores
1914 1562 2100 1622 erant;

541 1648 741 1716 quibus
771 1647 906 1703 dixit
935 1667 948 1702 :
979 1646 1238 1703 Hebrmus
1280 1648 1368 1703 ille
1408 1648 1696 1719 imaginem
1733 1647 1976 1704 Nazaraei
2007 1647 2106 1702 ha-

541 1738 632 1792 bet
660 1739 829 1804 domi,
860 1755 1020 1810 quam
1051 1754 1151 1809 ego
1183 1739 1356 1795 oculis
1384 1740 1641 1810 conspexi
1673 1741 1828 1796 meis.
1865 1739 1971 1806 Qui
2017 1739 2104 1796 his

543 1829 748 1885 auditis
773 1831 1172 1900 responderunt
1203 1849 1216 1886 :
1249 1830 1532 1897 Quomodo
1573 1831 1628 1886 id
1667 1840 1821 1902 potes
1856 1847 2107 1902 compro-

543 1921 674 1977 bare
696 1922 720 1963 ν
746 1921 879 1976 Tum
911 1922 1000 1978 ille
1034 1943 1046 1979 :
1083 1924 1166 1980 Me
1200 1923 1513 1994 sequimini,
1547 1931 1601 1980 et
1642 1924 1920 1981 ostendam
1949 1926 2108 1980 vobis

545 2013 716 2071 illam.
754 2015 1050 2071 Consilium
1086 2032 1250 2088 porro
1292 2017 1481 2082 iniere,
1529 2024 1589 2072 ut
1625 2033 1813 2073 omnes
1861 2019 2109 2088 proxima

543 2107 634 2161 die
678 2123 836 2162 mane
870 2108 1118 2164 cellulam
1163 2108 1394 2176 adirent,
1429 2110 1484 2164 in
1518 2124 1624 2180 qua
1649 2118 1768 2165 erat
1798 2111 1977 2180 imago
2003 2109 2110 2164 Do-

547 2212 682 2251 ωιηι

617 2464 670 2519 4.
714 2462 937 2520 Ineunte
967 2463 1089 2520 luce
1131 2465 1410 2536 sequentis
1442 2464 1572 2531 diei,
1624 2465 1938 2537 congregati
1986 2471 2113 2521 sunt

546 2556 821 2626 principes
846 2556 1186 2613 sacerdotum
1215 2563 1270 2612 et
1317 2557 1582 2622 seniores,
1617 2565 1669 2613 et
1699 2555 1887 2613 Iudaeo
1923 2571 2111 2612 secum

549 2653 849 2715 assumpto,
875 2645 1091 2700 domum
1124 2647 1326 2716 petiere
1359 2646 1591 2708 Hebraei.
1623 2648 1717 2703 ubi
1773 2656 1890 2704 erat
1935 2648 2115 2718 imago

551 2737 783 2792 Domini.
817 2738 951 2792 Cum
976 2753 1040 2794 eo
1074 2737 1439 2805 advenissent,
1470 2740 1524 2794 in
1550 2739 1770 2795 domum
1808 2741 2108 2812 irrumpen-

547 2835 632 2882 tes
667 2828 1010 2883 sacerdotum
1041 2827 1315 2899 principes
1355 2837 1406 2884 et
1443 2830 1708 2895 seniores,
1750 2830 2114 2902 universaque

548 2921 729 2988 turba,
753 2919 933 2978 vidcnl
960 2921 1248 2993 imaginem
1271 2921 1504 2979 Domini.
1533 2922 1669 2978 Tum
1694 2922 1876 2980 furore
1903 2925 2112 2995 repleti,

545 3013 791 3070 Judaeum
827 3016 939 3070 illic
983 3017 1317 3071 habitantem
1375 3017 1538 3072 domo
1570 3018 1787 3089 pulsum
1843 3033 2114 3091 synagoga

550 3107 849 3174 ejecerunt.
897 3105 1190 3176 imaginem
1249 3121 1431 3163 autem
1494 3109 1702 3164 Domini
1752 3111 1926 3167 nostri
1983 3109 2112 3166 Jesu

550 3197 754 3252 Christi
785 3213 910 3252 cum
945 3197 1312 3266 demisissent,
1355 3215 1540 3255 secum
1597 3201 1670 3256 ita
1723 3200 1889 3257 locuti
1936 3209 2108 3257 sunt:

546 3283 1021 3349 Quemadmodum
1058 3296 1240 3357 patres
1278 3290 1454 3342 nostri
1484 3288 1771 3345 illuserunt
1803 3291 1928 3362 ipsi,
1959 3293 2032 3347 ita
2061 3300 2114 3348 ct

555 3391 654 3430 nos
693 3375 1002 3433 illudamus.
1039 3375 1176 3433 Tum
1227 3394 1440 3450 coepere
1488 3395 1786 3452 conspuere
1827 3384 1882 3437 in
1922 3382 2112 3439 faciem

553 3469 807 3540 imaginis
853 3469 1085 3536 Domini,
1123 3481 1281 3542 atque
1323 3473 1514 3530 ordine
1567 3474 1765 3546 singuli
1799 3476 1970 3547 alapis
1999 3477 2117 3532 vul-

555 3567 668 3612 tum
698 3557 816 3627 ejus
845 3560 1193 3626 caaciderunt,
1222 3576 1286 3617 ac
1312 3574 1698 3634 percusserunt
1721 3580 1910 3621 omnes
1933 3566 2118 3622 dicen-

553 3651 624 3704 do
661 3669 674 3706 :
708 3649 1052 3724 Quaecunque
1083 3663 1264 3725 patres
1308 3655 1482 3710 nostri
1537 3655 1802 3722 fecerunt,
1836 3673 1901 3712 ea
1930 3674 2030 3715 nos
2061 3660 2117 3714 in

551 3742 673 3812 ejus
726 3744 1014 3816 imaginem
1065 3754 1460 3818 perpetremus.
1521 3747 1874 3818 Audivimus,
1930 3752 2116 3816 aiunt,

555 3836 726 3890 multa
765 3836 820 3890 in
853 3853 977 3892 eum
1030 3838 1267 3894 ludibria
1297 3840 1616 3906 contulisse,
1676 3850 1730 3898 et
1783 3859 1884 3900 nos
1936 3845 2120 3901 omnia

557 3927 919 3986 conferamus.
956 3929 1170 3985 Infinita
1200 3931 1364 4003 igitur
1392 3933 1627 3988 ludibria
1659 3934 1714 3989 in
1748 3933 1959 3991 Domini
1986 3937 2123 3992 ima-

558 4020 736 4089 ginem
761 4023 1062 4087 contulere,
1093 4041 1212 4094 quae
1241 4042 1311 4081 nc
1347 4025 1591 4096 proferre
1627 4029 1844 4098 quidem
1891 4046 1990 4088 nos
2020 4046 2120 4086 au-

558 4109 802 4168 deamus.
827 4112 927 4168 llic
950 4116 1136 4170 aiunt:
1164 4116 1480 4177 Audivimus
1503 4128 1683 4192 patres
1707 4129 1924 4178 nostros
1951 4125 2123 4183 clavis

561 4217 754 4259 manus
780 4203 899 4273 ejus
929 4207 1240 4275 conlixisse,
1280 4209 1335 4264 id
1364 4219 1419 4266 et
1450 4228 1551 4268 nos
1585 4213 1894 4271 clliciamus.
1927 4216 2125 4273 Confe-

561 4295 666 4350 etis
695 4310 824 4366 ergo
853 4297 1043 4362 clavis,
1076 4315 1270 4357 manus
1294 4302 1566 4374 pedesque
1593 4303 1806 4362 Domini
1831 4308 2121 4366 conﬁxere.

563 4383 798 4442 Rursum
833 4388 1084 4458 inquiunt
1131 4410 1145 4446 :
1189 4391 1508 4456 Audivimus
1561 4406 1714 4455 aceto
1757 4406 1811 4455 et
1846 4399 1968 4457 felle
2001 4417 2123 4457 eum

2197 547 2338 616 ἀρας
2364 544 2489 606 τοὺς
2518 540 2826 611 ὀφθαλμοὺς
2856 537 3018 592 αὐτοῦ
3038 537 3326 599 όἸουδαῖος
3353 537 3381 589 6
3409 535 3758 606 κεκλημένος,

2197 632 2306 693 εἶδε
2327 635 2424 707 τὴν
2451 633 2632 688 εἰκόνα
2656 630 2748 685 τοῦ
2775 629 2978 702 Κυρίου
3001 627 3155 700 ἡμῶν
3189 626 3360 698 Ἰησοῦ
3388 625 3647 698 Χριστοῦ,
3672 627 3763 680 καὶ

2196 725 2342 797 λέγει
2387 726 2463 796 τῷ
2508 724 2795 779 καλέσαντι
2846 721 3008 774 αὑτὸν
3047 719 3282 789 Ἰουδαίῳ
3313 735 3329 748 ·
3378 718 3471 782 Σὺ,
3516 719 3763 783 Ἰουδαῖος

2199 821 2293 885 ὢν,
2324 818 2440 882 πῶς
2470 818 2567 888 τὴν
2601 815 2783 870 εἰκόνα
2805 813 2992 866 τούτου
3021 810 3192 883 έχεις;
3220 811 3403 882 ὕϐρεις
3434 828 3494 865 τε
3519 813 3767 882 παμπόλ-

2197 913 2296 976 λας
2333 912 2426 965 καὶ
2448 909 2740 981 ἀθεμίτους
2766 908 2830 960 ἐκ
2856 903 2950 959 τοῦ
2982 903 3176 975 μιαροῦ
3206 901 3369 957 αὑτοῦ
3399 903 3663 974 στόματος
3693 906 3766 958 εἱ-

2200 1005 2392 1067 πόντος
2424 1001 2567 1056 κατὰ
2615 1001 2716 1070 τῆς
2756 999 2944 1070 τιμίας
2986 997 3192 1061 εἰκόνος
3234 995 3328 1050 τοῦ
3359 998 3655 1063 Δεσπότου,
3703 998 3766 1063 ἃς

2200 1096 2298 1153 οὐκ
2337 1095 2544 1162 ἔξεστιν
2577 1093 2698 1147 οὐδὲ
2734 1093 2814 1156 εἰς
2841 1091 3080 1144 διάνοιαν
3123 1087 3422 1163 ἀνθρώπων
3448 1090 3656 1143 ἐλθεῖν·
3695 1091 3766 1161 μὴ

2201 1187 2443 1256 γένοιτοί
2493 1183 2856 1240 ὑποδεικνύων
2889 1182 2944 1236 δὲ
2980 1181 3078 1252 τὴν
3119 1182 3298 1235 εἰκόνα
3330 1181 3421 1236 τὸν
3470 1181 3770 1236 καλέσαντα

2213 1281 2460 1352 Ἐϐραῖον
2486 1283 2514 1334 6
2556 1279 2795 1350 κληθεὶς,
2826 1277 3028 1349 ἤρξατο
3055 1278 3083 1330 6
3122 1277 3366 1348 Ἐϐραῖος
3389 1275 3610 1347 ὀμνύειν
3635 1277 3771 1330 κατά

2199 1371 2302 1443 τῆς
2335 1371 2630 1440 Ἰουδαϊκῆς
2673 1367 2926 1432 πίστεως,
2956 1368 3038 1420 ὅτι
3070 1365 3244 1438 Μέχρι
3275 1367 3372 1437 τῆς
3403 1365 3550 1438 ὧρας
3576 1365 3771 1438 ταύτης

2203 1465 2301 1519 οὐκ
2330 1463 2641 1535 ἐθεασάμην
2672 1461 2772 1533 τὴν
2805 1461 2986 1514 εἰκόνα
3027 1459 3248 1530 ταύτην.
3290 1460 3346 1513 '0
3379 1460 3435 1513 δέ
3473 1459 3722 1530 Ἑϐραῖος
3744 1462 3772 1514 6

2203 1557 2421 1628 κληθεὶς
2454 1555 2781 1627 ἐσιώπησεν.
2817 1551 3076 1616 Ἀναστὰς
3116 1552 3173 1606 δέ
3206 1553 3444 1624 ἀπῆλθεν
3485 1553 3622 1624 πρὸς
3651 1553 3773 1616 τοὺς

2216 1648 2519 1712 Ἰουδαίους,
2550 1649 2675 1711 τοὺς
2701 1645 2951 1716 πρώτους
2979 1644 3154 1698 αὐτῶν
3181 1646 3346 1717 ἰερεῖς
3377 1645 3472 1699 καὶ
3494 1643 3774 1714 νομοδιδα-

2207 1741 2457 1805 σκάλους,
2488 1740 2582 1796 καὶ
2619 1738 2765 1807 λέγει
2815 1738 3016 1802 αὐτοῖς,
3044 1738 3124 1791 ὅτι
3168 1737 3226 1790 '0
3267 1735 3412 1788 δεῖνα
3463 1737 3490 1788 6
3530 1735 3776 1808 Ἐϐραῖος

2136 1804 2177 1858 Β
2207 1833 2388 1888 εἰκόνα
2413 1832 2522 1904 ἔχει
2559 1831 2653 1886 τοῦ
2686 1830 3008 1901 Ναζωραίου
3036 1830 3093 1882 ἐν
3127 1828 3203 1899 τῷ
3234 1829 3367 1898 οἴκῳ
3407 1827 3590 1889 αὑτοῦ,
3624 1823 3777 1894 κάγὼ

2207 1923 2425 1988 οἰκείοις
2458 1921 2752 1991 ὀφθαλμοῖς
2775 1918 3086 1989 ἐθεασάμην
3117 1918 3309 1989 αὐτήν.
3339 1919 3399 1970 υἱ
3430 1916 3483 1969 δὲ
3512 1915 3781 1968 ἀκούσαν-

2207 2031 2295 2078 τες
2318 2009 2498 2067 εἷποψ
2531 2011 2654 2074 Πῶς
2679 2009 2903 2063 δύνασαι
2929 2009 3086 2062 τοῦτο
3113 2005 3387 2074 ἀποδεῖξαι
3412 2023 3426 2072 ;
3456 2006 3614 2074 Λέγει
3641 2005 3780 2076 πρὸς

2205 2101 2432 2166 αὐτούς’
2494 2098 2915 2170 Ἀκολουθήσατέ
2969 2116 3076 2170 μοι,
3129 2097 3282 2166 κάγὼ
3331 2096 3458 2167 ὑμῖν
3513 2094 3780 2160 ὑποδείξω

2208 2193 2395 2264 αὑτήν.
2437 2188 2931 2245 Συνεϐουλεύσαντο
2966 2189 3040 2254 δὲ,
3074 2189 3160 2242 ἵνα
3195 2189 3394 2250 πάντες
3430 2185 3573 2259 πρωῒ
3604 2203 3779 2258 παρα-

2209 2285 2487 2356 γενόμενοι
2528 2282 2908 2338 καταλάϐωσιν
2933 2281 2992 2334 τὸ
3024 2280 3254 2345 κελλίον,
3291 2281 3348 2333 ἐν
3375 2271 3418 2348 ᾧ
3453 2275 3519 2350 ἦν
3563 2281 3597 2349 ή
3624 2276 3782 2332 εἰκὼν

2206 2376 2300 2432 τοῦ
2333 2377 2561 2448 Κυρίου.
2647 2367 2652 2371 ’

2280 2469 2333 2525 4.
2369 2470 2588 2542 Πρωῖας
2620 2470 2676 2523 δέ
2708 2467 3027 2540 γενομένης,
3061 2463 3402 2536 συνήχθησαν
3427 2462 3478 2516 οἰ
3512 2463 3781 2533 ἀρχιερεῖς

2212 2561 2306 2615 καὶ
2349 2563 2399 2614 οἰ
2446 2561 2804 2633 πρεσϐύτεροι
2851 2557 3049 2623 αὐτῶν,
3100 2556 3194 2610 καὶ
3241 2553 3648 2626 παραλαϐόντες
3697 2553 3782 2606 τὸν

2223 2653 2493 2717 Ἰουδαῖον,
2518 2653 2848 2725 ἀπέρχονται
2878 2656 2935 2707 ἐν
2967 2649 3042 2721 τῷ
3075 2649 3209 2718 οἴκῳ
3235 2647 3328 2700 τοῦ
3357 2645 3632 2715 Ἐϐραίου,
3660 2644 3782 2696 ἔνθα

2212 2741 2281 2818 ἦν
2312 2747 2346 2820 ἠ
2373 2744 2535 2800 εἰκὼν
2578 2746 2672 2800 τοῦ
2701 2746 2928 2819 Κυρίου.
2959 2740 3399 2814 Παραγενόμενοι
3424 2738 3482 2791 δὲ
3519 2739 3578 2790 ἐν
3609 2739 3674 2808 τῇ
3707 2738 3783 2789 οἰ-

2213 2836 2330 2908 κίᾳ,
2377 2836 2804 2907 εἰσπηδήσαντες
2834 2835 3034 2889 ἔσωθεν
3074 2833 3174 2904 τῆς
3215 2830 3392 2893 οἰκίας
3432 2831 3481 2882 οἰ
3516 2829 3784 2899 ἀρχιερεῖς

2214 2927 2309 2980 καὶ⁸
2336 2928 2384 2980 οἰ
2415 2926 2772 3000 πρεσϐύτεροι
2812 2927 2905 2980 καί.
2944 2926 3051 2988 πᾶς
3089 2923 3117 2975 6
3143 2922 3315 2992 ὄχλος,
3359 2917 3530 2991 ὁρῶσι
3577 2918 3676 2987 τὴν
3708 2918 3784 2969 εἰ-

2215 3020 2348 3075 κόνα
2389 3020 2482 3074 τοῦ
2509 3019 2736 3091 Κυρίου.
2775 3019 2906 3072 Τότε
2951 3015 3121 3088 θυμοῦ
3165 3012 3510 3085 πλησθέντες,
3550 3012 3642 3064 τὸν
3691 3010 3784 3081 μὲν

2228 3113 2474 3168 Ἰουδαῖον
2511 3111 2604 3166 τὸν
2638 3108 2888 3165 οἰκοῦντα
2926 3112 3099 3163 ἐκεῖσε
3155 3104 3506 3171 ἐξελάσαντες
3556 3103 3770 3157 ἀποσυνε

2215 3204 2427 3277 ἀγωγόν
2469 3203 2765 3276 ἐποίησαν·
2813 3201 2910 3274 τὴν
2953 3201 3008 3254 δὲ
3047 3200 3231 3253 εἰκόνα
3278 3197 3368 3250 τοῦ
3393 3195 3600 3266 Κυρίου
3635 3193 3785 3265 ἡμῶν

2226 3294 2402 3367 Ἰησοῦ
2435 3294 2670 3367 Χριστοῦ
2707 3293 3128 3362 καταγαγόντες,
3159 3283 3310 3343 εἷπον
3352 3288 3409 3340 ἐν
3439 3288 3671 3351 ἑαυτοῖς,
3708 3285 3784 3338 ὃτι

2215 3386 2412 3451 Καθὼς
2442 3388 2490 3440 οἰ
2519 3387 2751 3458 πατέρες
2777 3384 2932 3457 ἡμῶν
2960 3380 3246 3445 ἐνέπαιξαν
3301 3377 3470 3448 αὐτῷ,
3518 3377 3660 3432 οῦτω
3695 3377 3784 3430 καὶ

2216 3481 2374 3551 ἡμεῖς
2397 3478 2752 3549 ἐμπαίζωμεν
2779 3475 2947 3546 αὐτῷ.
2980 3474 3112 3527 Τότε
3140 3472 3370 3545 ἤρξαντο
3402 3469 3673 3540 ἐμπτύειν
3705 3469 3783 3530 εἰς

2215 3567 2277 3622 τὸ
2299 3567 2586 3638 πρόσωπον
2615 3567 2714 3637 τῆς
2742 3565 2949 3629 εἰκόνος
2972 3561 3065 3618 τοῦ
3091 3563 3322 3637 Κυρίου,
3351 3560 3448 3614 καὶ
3481 3559 3788 3631 ἐρράπισαν

2217 3659 2386 3728 αὐτὴν
2408 3656 2547 3711 κατά
2574 3657 2860 3728 πρόσωπον
2885 3652 2966 3721 εἷς
2983 3655 3188 3719 καθεὶς,
3207 3656 3255 3708 οἰ
3277 3653 3476 3716 πάντες
3502 3653 3683 3706 αὐτῶν
3703 3654 3791 3724 ep—

2222 3748 2442 3820 ῥάπιζον
2455 3747 2550 3819 τὴν
2563 3747 2744 3801 εἰκόνα
2761 3746 2854 3801 τοῦ
2871 3747 3073 3819 Κυρίου
3089 3745 3356 3814 λέγοντες·
3377 3745 3518 3797 Ὅσα
3533 3745 3791 3814 ἐποίησαν

2218 3841 2268 3893 οἱ
2294 3839 2527 3912 πατέρες
2552 3839 2730 3913 ἡμῶν,
2755 3839 2931 3893 πάντα
2953 3839 3265 3910 ποιήσωμεν
3289 3838 3354 3908 τῇ
3405 3835 3576 3889 εἰκόνι
3607 3833 3787 3890 αὑτοῦ.

2221 3930 2515 3998 Λέγουσιν,
2568 3930 2649 3984 ὅτι
2711 3929 3077 4001 Ἦκούσαμεν,
3145 3927 3371 3991 πολλοὺς
3438 3925 3792 3997 ἐμπαιγμοὺς

2221 4021 2482 4093 ἐποίησαν
2522 4018 2707 4092 αὐτῷ’
2757 4021 2854 4075 καὶ
2878 4023 3042 4092 ἡμεῖς
3085 4019 3266 4073 πάντα
3295 4020 3633 4090 ποιήσωμεν.
3665 4019 3795 4087 Ἐμ-

2223 4115 2496 4184 παιγμοὺς
2539 4108 2632 4168 οῦν
2677 4113 2941 4184 ἀπείρους
2990 4112 3277 4178 ἐνέπαιξαν
3326 4110 3425 4182 τὴν
3471 4111 3656 4165 εἰκόνα
3701 4108 3796 4164 τοῦ

2223 4206 2450 4277 Κυρίου,
2483 4204 2626 4277 ἆπερ
2652 4205 2772 4260 οὐδὲ
2798 4204 2979 4274 λέγειν
3004 4205 3135 4277 ήμῖν
3163 4204 3513 4276 τετόλμηται.
3546 4200 3683 4257 Εἶτα
3710 4203 3799 4256 λέ-

2223 4313 2444 4367 γουσιν·
2483 4297 2844 4370 Ἠκούσαμεν,
2870 4298 2952 4352 ὅτι
2991 4297 3208 4370 ἣλωσαν
3250 4294 3415 4350 αὐτοῦ
3460 4296 3561 4361 τὰς
3593 4299 3798 4368 χεῖρας,

2224 4390 2381 4444 τοῦτο
2421 4392 2513 4444 καὶ
2539 4393 2700 4463 ἡμεῖς
2734 4392 3071 4463 ποιήσωμεν.
3119 4390 3253 4445 Τότε
3286 4390 3611 4462 ποιήσαντες
3641 4389 3800 4461 ἥλους

561 4493 688 4532 cum
718 4483 944 4552 spongia
979 4487 1250 4554 potavisse
1281 4506 1293 4542 :
1328 4488 1382 4543 id
1430 4506 1529 4547 nos
1579 4508 1795 4564 quoque
1835 4493 2114 4551 faciamus.

2228 4483 2583 4555 προσήλωσαν
2620 4483 2718 4547 τὰς
2749 4485 2937 4555 χεῖρας
2969 4484 3216 4546 καὶτοὺς
3251 4483 3418 4547 πόδας
3444 4480 3541 4534 τοῦ
3569 4481 3797 4552 Κυρίου.

561 4568 696 4625 illud
727 4573 908 4644 itaque
936 4574 1180 4634 fecerunt
1202 4582 1470 4651 similiter,
1490 4586 1665 4655 posita
1695 4588 1761 4641 ad
1785 4602 1847 4642 os
1871 4587 2124 4657 imaginis

564 4659 785 4716 Domini.
815 4667 1041 4737 spongia
1074 4678 1228 4724 aceto
1260 4673 1439 4743 plena.
1490 4674 1660 4731 Aiunt
1690 4679 1886 4734 iterum
1920 4697 1934 4733 :
1963 4677 2124 4733 Com-

562 4753 801 4821 perimus
835 4771 930 4811 eos
974 4760 1243 4817 arundine
1294 4767 1631 4834 percussisse
1668 4775 1832 4838 caput
1862 4767 2009 4837 ejus;
2044 4767 2126 4822 id-

563 4842 739 4913 ipsum
770 4862 868 4906 nos
896 4863 1139 4920 agamus,
1173 4863 1496 4926 arreptaque
1522 4859 1786 4915 arundine
1817 4866 1980 4929 caput
2007 4858 2127 4928 ejus

563 4949 968 5006 percusserunt.
1027 4943 1225 5000 Dicunt
1271 4945 1464 5002 iterum
1502 4950 1814 5006 :Accnrate
1854 4951 2125 5014 novimus,

559 5045 658 5084 eos
683 5031 871 5088 lancea
896 5035 1036 5092 latus
1060 5037 1180 5106 ejus
1201 5039 1506 5108 aperuisse:
1524 5058 1591 5098 ne
1611 5043 1889 5099 minimum
1910 5043 2126 5114 quidem

565 5126 1038 5196 prmtermittamus
1063 5145 1077 5196 ;
1104 5130 1198 5184 sed
1224 5132 1404 5200 potius
1427 5132 1494 5188 iis
1516 5134 1854 5204 adjiciamus.
1881 5135 1976 5190 His
2003 5150 2128 5205 per-

565 5218 721 5282 actis,
758 5219 1000 5274 lanceam
1040 5215 1420 5291 postularunt,
1472 5241 1579 5296 qua
1635 5227 1822 5291 allata,
1852 5227 2130 5282 vibrantes

565 5305 733 5373 illam,
771 5308 1064 5366 confodere
1107 5313 1250 5371 latus
1295 5315 1544 5388 imaginis
1586 5315 1904 5381 Salvatoris,
1942 5317 2129 5373 confe-

567 5397 805 5468 stimque
851 5403 1075 5472 sanguis
1122 5411 1176 5459 et
1205 5420 1346 5476 aqua
1395 5422 1588 5478 magna
1640 5410 1797 5478 copia
1831 5409 2129 5464 emanavit.

568 5487 689 5552 Quo
714 5488 1084 5561 inexspectato
1109 5495 1254 5548 edito
1285 5497 1569 5560 miraculo,
1624 5505 1846 5568 stupore
1896 5500 2132 5568 perculsi

2227 4576 2394 4630 Πάλιν
2439 4575 2716 4645 λέγουσιν’
2775 4575 3137 4647 Ἠκούσαμεν,
3185 4576 3268 4629 ὅτι
3322 4575 3442 4640 ὅξος
3495 4574 3593 4628 καί.
3643 4573 3800 4644 χολὴν

2223 4669 2476 4722 ἐπότισαν
2497 4669 2658 4722 αὑτὸν
2684 4669 2821 4739 μετά
2855 4669 3094 4738 σπόγγου
3115 4685 3129 4698 ·
3174 4667 3487 4739 ποιήσωμεν
3535 4664 3678 4719 οῦτω
3708 4665 3801 4718 καὶ

2223 4762 2404 4831 ἡμεῖς.
2438 4762 2547 4814 Καὶ
2581 4761 2841 4830 ἐποίησαν
2872 4759 3131 4823 ὡσαύτως
3155 4758 3292 4829 (10),
3322 4756 3602 4820 ἐπιθέντες
3631 4759 3709 4819 εἰς
3738 4754 3800 4808 τὸ

2228 4851 2402 4921 στόμα
2442 4851 2538 4904 τοῦ
2578 4850 2782 4923 Κυρίου
2827 4851 2926 4922 τῆς
2962 4852 3168 4913 εἰκόνος
3208 4849 3441 4918 σπόγγον
3484 4847 3623 4920 μετά
3650 4847 3801 4912 ὄξους

2228 4941 2670 5012 πεπληρωμένον.
2707 4941 2938 5011 Λέγουσι
2986 4941 3178 4995 πάλιν·
3214 4939 3545 5011 Ἐμάθομεν,
3591 4941 3673 4993 ὅτι
3701 4956 3802 4991 κα-

2227 5032 2384 5104 λάμῳ
2411 5035 2610 5105 ἕτυψαν
2637 5035 2736 5106 τὴν
2771 5034 3013 5105 κεφαλὴν
3043 5033 3205 5088 αὐτοῦ
3223 5050 3236 5063 ·
3271 5032 3333 5085 τὸ
3358 5031 3490 5086 αὐτὸ
3523 5032 3620 5086 καὶ
3643 5033 3802 5103 ἡμεῖς

2227 5128 2562 5197 ποιήσωμεν.
2594 5125 2705 5180 Καὶ
2731 5125 2989 5190 λαϐόντες
3022 5123 3286 5195 κάλαμον.
3319 5123 3548 5176 ἔτυπτον
3589 5126 3669 5187 εἰς
3706 5122 3803 5193 τὴν

2230 5216 2468 5287 κεφαλὴν
2501 5216 2686 5272 αὑτοῦ.
2718 5217 2950 5286 Λέγουσι
2980 5215 3140 5269 πάλιν
3160 5232 3173 5246 ’
3223 5213 3640 5286 Ἀκριϐἐστερον
3665 5215 3807 5267 οἰδα-

2233 5324 2352 5379 μεν,
2395 5309 2478 5360 ὅτι
2508 5307 2678 5380 λόγχῃ
2715 5307 2880 5362 αὑτοῦ
2908 5308 3007 5379 τὴν
3054 5305 3292 5376 πλευρὰν
3341 5305 3598 5375 ἤνοιξαν·
3636 5306 3707 5377 μὴ
3745 5305 3805 5357 ἓν

2232 5397 2686 5469 παραλείψωμεν,
2746 5397 2881 5451 ἀλλά
2951 5397 3148 5468 μᾶλλον
3218 5394 3639 5466 προσθήσωμεν.
3699 5396 3809 5448 Καὶ

2231 5489 2385 5542 τοῦτο
2424 5490 2766 5559 ποιήσαντες,
2816 5488 3102 5559 ἐνεχθῆναι
3133 5487 3330 5557 λόγχην
3374 5487 3807 5559 προετρέψαντο,

643 5683 754 5772 (10)
775 5686 1082 5772 ⁹(ξοιίκξνιίη.
1108 5690 1159 5769 j,
1197 5691 1287 5744 καὶ
1317 5695 1749 5772 προσαγαγόντες
1778 5695 1896 5772 ὅξος
1930 5697 2021 5749 καὶ
2047 5715 2136 5772 χο·
2236 5700 2391 5772 ἁγίας
2421 5700 2626 5772 εἰκόνος
2659 5700 2751 5772 τοῦ
2799 5698 3022 5772 Κυρίου.
3043 5698 3172 5772 Καὶ
3211 5698 3382 5772 ἐφᾲνη
3429 5698 3812 5772 ἁπογευομένη

643 5685 760 5807 (1οἰ
788 5686 1082 5742 Colbertin.
1108 5690 1159 5751 1,
1197 5691 1287 5744 καὶ
1317 5695 1749 5763 προσαγαγόντες
1778 5695 1896 5760 ὅξος
1930 5697 2021 5749 καὶ
2047 5715 2133 5766 χο-

568 5751 668 5826 λὴν
693 5773 730 5808 π
764 5757 991 5827 ήσαντες
1021 5759 1274 5828 σπόγγον,
1306 5765 1645 5834 προσέθηκαν
1675 5765 1749 5836 τῷ
1789 5766 2015 5837 στόματι
2037 5771 2133 5839 τῆς

2236 5770 2331 5841 τῆς
2357 5769 2516 5838 χολῆς
2545 5771 2636 5823 καὶ
2660 5770 2753 5823 τοῦ
2788 5767 2938 5834 όξοῦς
2966 5771 2997 5840 ἡ
3030 5771 3158 5840 ἁγία
3188 5767 3369 5823 εἰκών.
