4050 6396
281 353 377 411 801

1359 349 1445 405 DE
1484 348 1840 408 MIRACULO
1879 345 2126 405 BEBYTI
2163 346 2389 403 EDITO.

3388 349 3499 407 802.

278 474 370 526 καὶ
395 469 706 541 ἐνεχθείσης
727 468 823 539 τῆς
849 467 1069 540 λόγχης,
1096 466 1325 539 ἄραντες
1358 467 1525 540 αὐτὴν
1547 468 1837 539 ὲκέντησαν

1941 474 2069 521 sunt
2101 473 2366 536 quotquot
2398 463 2629 519 virtutes
2675 463 2770 520 Dei
2798 464 3202 535 conspiciebant
3230 475 3285 523 et
3316 466 3497 524 incre-
3544 539 3565 553 ⁸

252 561 417 614 ’κατὰ
467 562 568 630 τῆς
597 557 836 628 πλευρᾶς
865 557 965 627 τῆς
998 556 1203 621 εἰκόνος
1245 557 1339 610 τοῦ
1386 557 1651 629 Σωτῆρος.
1693 559 1841 626 Παρ-

1943 558 2129 612 dibilia
2167 557 2450 612 miracula.

278 652 401 704 ευθὺ
432 650 490 702 δὲ
512 648 797 715 ἐξέϐλυσεν
827 642 963 719 αἷμα
983 648 1077 701 καὶ
1103 648 1243 721 ὕδωρ
1272 650 1350 712 εἰς
1379 647 1581 720 πλῆθος
1615 648 1769 701 πολύ.
1801 647 1998 701 Τούτου
2028 648 2085 701 δὲ
2107 647 2201 701 τού
2236 632 2539 719 παραδόξου
2584 647 2858 720 θαύματος
2894 648 3197 720 γενομένου,
3240 649 3497 725 ἔκπληξις

275 740 462 795 ἔλαϐεν
487 741 734 803 ἅπαντας
763 739 889 802 τοὺς
913 738 1206 809 βλέποντας
1225 738 1322 803 τὰς
1349 738 1663 802 δυναστείας
1689 740 1785 792 τοῦ
1815 738 1949 792 Θεοῦ
1979 740 2072 793 καὶ
2095 739 2163 792 τὰ
2184 739 2461 812 παράδοξα
2492 740 2787 810 θαυμάσια.

344 836 397 890 5.
440 835 528 898 Ὠς
561 833 955 907 άνεξερεύνητα
999 832 1068 887 τά
1093 833 1337 905 κρίματα
1374 834 1471 905 τῆς
1496 833 1840 904 δικαιοσύνης

278 944 389 992 σου,
421 927 519 981 καὶ
565 927 867 998 ἀπέραντος
905 928 938 997 ἡ
968 924 1238 996 ἀγαθότης
1279 926 1374 980 καὶ
1413 927 1474 980 τὸ
1518 926 1652 979 πολὺ
1694 925 1840 988 ἔλεός

280 1035 389 1082 σου,
422 1018 699 1071 Δέσποταί
744 1017 837 1081 Τίς
865 1017 1084 1089 λαλήσει
1118 1016 1214 1081 τὰς
1235 1016 1548 1081 δυναστείας
1585 1033 1699 1080 σου,
1729 1016 1842 1070 Κύ-

283 1126 387 1181 ριε;
416 1109 688 1173 ἀκουστὰς
732 1110 946 1180 ποιήσει
987 1108 1165 1172 πάσας
1185 1108 1284 1173 τὰς
1312 1108 1545 1171 αἰνέσεις
1577 1124 1691 1172 σου,
1720 1107 1840 1177 φιλ-

281 1200 551 1273 άνθρωπε,
592 1202 623 1253 ὁ
666 1200 741 1271 μὴ
781 1199 1099 1272 βουλόμενος
1144 1201 1232 1255 τὸν
1271 1200 1498 1256 θάνατον
1525 1200 1619 1254 τού
1663 1202 1843 1272 ἁμαρ-

281 1291 465 1355 τωλοῦ,
509 1292 586 1356 ὡς
632 1293 693 1345 τὸ
726 1292 1048 1364 ἐπιπρέψαι
1095 1294 1187 1347 καὶ
1233 1291 1333 1365 ζῇν
1380 1293 1572 1358 adadv;
1614 1293 1834 1364 Χριστὲ,

279 1387 400 1451 δόξα
437 1403 540 1440 σοι.
574 1386 671 1449 Τίς
699 1386 775 1450 ὼς
814 1387 899 1451 σὺ,
935 1385 1208 1451 Δέσποτα;
1238 1385 1334 1449 Τίς
1373 1384 1513 1456 πλὴν
1550 1383 1643 1438 σοῦ
1672 1383 1839 1437 ποιῶν

280 1479 479 1553 φοόερὰ
506 1479 602 1534 καὶ
644 1478 888 1544 ἑξαίσιας
914 1478 980 1532 ‘0
1021 1477 1117 1532 τοῦ
1160 1477 1474 1550 θαύματοςί
1515 1478 1583 1531 Ὠ
1603 1477 1705 1545 τῆς
1744 1476 1838 1531 τοῦ

278 1572 522 1643 Σωτῆρος
570 1570 1014 1644 μεγαλειότητοςί
1046 1569 1310 1639 Ἐφριξαν
1354 1569 1448 1623 καὶ
1491 1567 1587 1622 νῦν
1627 1568 1683 1621 αἱ
1727 1568 1838 1621 ἄνω

277 1662 525 1734 δυνάμεις
554 1664 646 1716 ἐπὶ
689 1663 883 1733 τούτῳ.
919 1663 981 1715 Ὢ
1014 1661 1153 1733 πόση
1187 1660 1560 1733 μακροθυμίαί
1600 1658 1646 1713 ὣ
1675 1659 1837 1712 πόσον

278 1754 445 1818 ιλεοςί
478 1752 675 1826 πρώην
703 1754 811 1826 γὰρ
845 1754 909 1807 δι’
938 1755 1084 1826 ἡμᾶς
1112 1755 1206 1807 καὶ
1233 1753 1332 1825 τὴν
1354 1752 1626 1825 ἡμετέραν
1659 1767 1835 1823 σωτη-

2010 835 2063 890 5.
2099 834 2272 900 Quam
2302 835 2695 905 investigabilia
2729 843 2857 891 sunt
2881 835 3084 906 judicia
3109 837 3336 908 iustitia:
3364 849 3492 905 tuae,

1939 941 2101 996 quam
2134 927 2396 982 immensa
2426 927 2660 991 bonitas,
2693 941 2853 997 quam
2898 943 3091 998 magna
3124 931 3504 989 misericordia

1941 1026 2053 1079 tua.
2088 1017 2340 1073 Domine!
2379 1020 2514 1084 Quis
2571 1021 2822 1091 loquetur
2872 1024 3139 1090 potentias
3184 1031 3340 1091 tuas,
3390 1024 3500 1080 Do-

1939 1111 2125 1165 mine?
2144 1111 2268 1181 quis
2295 1111 2509 1166 auditas
2541 1086 2910 1168 fari—etomne—s
2939 1115 3125 1170 laudes
3149 1124 3291 1182 tuas,
3322 1086 3507 1172 homio

1940 1217 2071 1257 num
2099 1202 2490 1267 amantissime,
2536 1203 2628 1272 qui
2662 1220 2771 1260 non
2798 1206 2882 1259 vis
2909 1215 3137 1262 mortem
3174 1210 3505 1278 peccatoris.

1942 1291 2037 1348 sed
2085 1301 2145 1348 ut
2184 1300 2534 1348 convertatur
2563 1303 2617 1349 et
2666 1296 2851 1350 vivat?
2895 1296 3128 1364 Christe,
3162 1301 3260 1356 tibi
3303 1302 3501 1371 gloria.

1941 1382 2074 1450 Quis
2105 1385 2299 1442 similis
2332 1386 2453 1451 tibi,
2486 1384 2755 1442 Domine?
2793 1386 2929 1454 Quis
2968 1400 3164 1460 printer
3201 1401 3251 1448 te
3290 1393 3507 1449 faciens

1939 1477 2201 1533 terribilia
2228 1486 2282 1533 et
2309 1478 2589 1549 prodigia?
2620 1476 2666 1534 Ο
2706 1479 3066 1536 miraculum!
3107 1482 3152 1538 0
3198 1483 3507 1542 Salvatoris

1940 1568 2396 1640 magniﬁcentiam
2424 1570 2437 1622 !
2462 1568 2756 1626 'llorruere
2796 1571 2906 1640 jam
2937 1571 3040 1627 hac
3078 1574 3134 1629 in
3166 1589 3226 1630 re
3250 1591 3503 1646 superna

1939 1669 2256 1731 potestates.
2291 1659 2558 1732 Oquanta
2589 1663 3004 1735 longanimitas!
3039 1674 3242 1736 quanta
3284 1669 3501 1723 miseri-

1939 1753 2156 1809 cordia!
2188 1754 2318 1808 olim
2349 1763 2592 1809 nostrum
2615 1756 2785 1827 gratia
2812 1763 2867 1811 et
2894 1765 3115 1827 propter
3140 1766 3383 1814 nostram
3411 1776 3501 1817 sa-

281 1845 393 1910 ρίαν
442 1844 746 1919 σαρκωθεὶς
791 1846 821 1898 ὁ
866 1845 1104 1917 ἄσαρκος
1160 1847 1224 1898 ὲκ
1273 1843 1547 1917 Παρθένου
1601 1843 1837 1914 Μαρίας,

1939 1846 2106 1902 lutem
2136 1847 2475 1911 incarnatus,
2506 1847 2597 1917 qui
2622 1848 2805 1903 carnis
2827 1862 3019 1918 expers
3040 1857 3178 1916 erat,
3193 1865 3258 1905 ex
3278 1845 3501 1922 Virgine

281 1934 590 2007 totatuqu
629 1936 688 1988 ὲν
715 1934 897 2006 ἐκείνῃ
917 1937 983 2006 τῇ
1015 1935 1198 2006 σαρκὶ,
1224 1934 1439 2004 ἀπαθὴς
1476 1931 1551 1987 ὢν
1582 1933 1743 1996 αὐτὸς
1768 1934 1835 2003 τῇ

280 2027 521 2099 θεότητι*
555 2027 649 2083 νῦν
694 2027 751 2081 δὲ
781 2027 941 2081 πάλιν
986 2031 1044 2082 ἐν
1090 2031 1155 2099 τῇ
1188 2027 1352 2081 εἰκόνι
1382 2025 1748 2097 ὲσταυρὼθης,
1791 2020 1837 2079 ὦ

279 2118 540 2181 Δέσποτα,
575 2120 657 2183 είς
698 2118 918 2188 ἔλεγχον
962 2118 1059 2188 μὲν
1104 2117 1213 2170 τῶν
1249 2115 1461 2171 ἀσεϐῶν
1496 2116 1591 2170 καὶ
1623 2116 1837 2170 πάντων

274 2211 378 2265 τῶν
408 2212 673 2275 ἀπίστων,
697 2211 777 2275 είς
803 2210 1101 2282 στηριγμδν
1129 2210 1186 2263 δὲ
1206 2210 1316 2264 τῶν
1343 2213 1400 2263 ἐν
1425 2209 1651 2282 ἀληθείᾳ
1676 2211 1753 2273 είς
1777 2209 1837 2263 σὲ

279 2300 732 2353 πεπιστευκότων.
774 2298 932 2353 Ἀλλά
981 2299 1106 2363 δόξα
1144 2315 1244 2363 σοι,
1272 2299 1535 2364 Δέσποτα,
1569 2299 1647 2369 τῷ
1693 2299 1838 2370 μόνῳ

279 2389 344 2443 τά
375 2392 548 2445 πάντα
578 2390 879 2462 δυναμένῳ,
925 2389 1040 2461 ἅμα
1084 2389 1163 2462 τῷ
1214 2391 1485 2462 εύλογητῷ
1531 2390 1649 2462 Θεῷ
1681 2391 1837 2462 ἡμῶν

281 2484 372 2535 σὺν
398 2481 476 2552 τῷ
512 2482 878 2553 παναχράντῳ
919 2483 1113 2553 lla-cpi,
1142 2482 1237 2535 καὶ
1268 2481 1346 2552 τῷ
1385 2481 1498 2553 Υἱῷ
1533 2482 1698 2535 αὐτοῦ
1735 2482 1837 2554 Ἰη-

281 2574 368 2625 σοῦ
403 2572 645 2643 Χριστῷ,
674 2574 770 2627 xui.
798 2572 876 2643 τῷ
911 2572 1098 2642 ἀγαθῷ
1130 2573 1223 2626 καὶ
1259 2569 1502 2643 ζωοποιῷ
1540 2572 1834 2642 Πνεύματι,

277 2663 367 2716 νῦν
408 2666 503 2719 καὶ
532 2664 620 2719 ἀεὶ
646 2666 740 2718 καὶ
767 2664 843 2728 είς
868 2665 991 2728 τοὺς
1016 2663 1213 2728 αἰῶνας
1237 2662 1346 2718 τῶν
1376 2663 1603 2722 αἰώνων.
1644 2665 1834 2735 Ἀμήν.

346 2839 397 2896 6.
438 2839 733 2895 ’Δκούσατε
754 2841 930 2912 ὑμεῖς,
954 2840 1189 2909 ἀδελφοὶ,
1223 2838 1360 2910 μετά
1392 2838 1557 2910 φόόου
1583 2839 1717 2893 Θεοῦ
1745 2840 1837 2893 καὶ

278 2935 445 3004 χαρᾶς
464 2934 556 2987 καὶ
579 2932 652 2987 τὰ
672 2932 836 2987 λοιπά
863 2933 1004 3004 άπερ
1023 2933 1344 3005 ᾠκονομήθη
1374 2933 1480 2986 ὑπὸ
1497 2931 1591 2986 τοῦ
1608 2933 1832 3005 Κυρίου.

277 3024 425 3078 Μετὰ
462 3024 572 3096 γάρ
599 3024 664 3079 τὸ
708 3022 1036 3095 κρουσθῆναι
1059 3026 1125 3095 τῇ
1155 3023 1322 3097 λόγχῃ
1345 3024 1441 3095 τὴν
1463 3022 1701 3095 πλευράν
1739 3024 1837 3094 τῆς

277 3116 425 3187 ἁγίας
451 3117 545 3170 καὶ
576 3117 765 3188 τιμίας
817 3117 1041 3181 εἰκόνος.
1073 3117 1164 3170 καὶ
1186 3115 1480 3170 ἀναϐλύσαι
1498 3116 1556 3170 τὸ
1577 3110 1715 3187 αἷμα
1744 3116 1838 3169 καὶ

274 3212 337 3265 τὸ
365 3212 522 3285 ὕδωρ,
557 3212 802 3284 συνήχθη
830 3213 938 3265 πᾶν
970 3212 1031 3265 τὸ
1063 3211 1262 3283 πλῆθος
1293 3209 1401 3266 τῶν
1433 3210 1719 3275 Ἰουδαίων,
1748 3209 1838 3263 λέ-

277 3321 451 3373 γοντες
494 3306 638 3378 πρὸς
686 3303 979 3376 ἀλλήλους’
1025 3302 1240 3375 Ἐπειδὴ
1269 3302 1550 3374 θρυλοῦσιν
1590 3304 1638 3357 oi
1685 3302 1838 3356 σεϐό-

275 3415 414 3467 μενοι
441 3398 629 3463 αύτὸν,
663 3398 746 3451 ὅτι
768 3397 936 3461 ἰάσεις
962 3397 1159 3461 πολλὰς
1187 3397 1349 3459 ποιεῖ,
1381 3394 1631 3466 λάϐωμεν
1651 3393 1838 3449 τούτου

272 3491 326 3543 τὸ
349 3487 484 3563 αἷμα
535 3490 636 3545 καὶ
680 3489 743 3543 τὸ
785 3488 946 3560 ὕδωρ,
998 3491 1091 3544 καὶ
1121 3489 1413 3560 ἀγάγωμεν
1452 3488 1582 3542 αὐτὸ
1624 3489 1704 3551 είς
1743 3487 1839 3559 τὴν

273 3585 586 3656 συναγωγὴν
607 3623 623 3647 ,
678 3582 775 3635 καὶ
840 3580 1161 3652 συνάξωμενλ
1210 3584 1418 3646 πάντας
1478 3582 1604 3644 τοὺς
1654 3581 1840 3644 κακῶς

272 3678 482 3748 ἔχοντας
517 3678 617 3732 τοῦ
649 3673 804 3741 λαοῦ,
854 3675 947 3729 καὶ
997 3675 1272 3747 χρίσωμεν
1297 3675 1491 3738 αὐτοὺς
1532 3675 1626 3729 ἀπ’
1651 3672 1835 3738 αὑτοῦ,

271 3773 358 3825 καί
403 3773 605 3842 ἴδωμεν
645 3772 696 3823 εί
730 3768 903 3839 ἀληθῆ
934 3772 1038 3823 είσι
1071 3769 1140 3822 τὰ
1190 3768 1476 3839 λεγόμενα.
1511 3769 1621 3822 Καὶ
1668 3785 1836 3841 προσ-

270 3862 585 3931 ενέγκαντες
634 3862 704 3930 τῇ
750 3858 958 3931 πλευρᾷ
982 3859 1077 3913 τοῦ
1124 3859 1327 3930 Κυρίου
1373 3858 1598 3930 βῆσσαν,
1631 3859 1836 3930 ἐμπαίο

269 3952 447 4015 ζοντες
478 3951 729 4022 ἔπλησαν
763 3948 859 4020 τὴν
886 3949 1112 4020 βῆσσαν,
1141 3948 1269 4002 ἔνθα
1293 3946 1423 4014 ἐξίει
1450 3948 1513 4003 τὸ
1539 3948 1680 4022 ὕδωρ
1698 3964 1713 3979 ⁸
1744 3949 1838 4004 καὶ

269 4041 499 4112 συνῆξαν
528 4042 743 4106 πάντας
784 4041 909 4104 τοὺς
958 4039 1140 4104 κακῶς
1184 4039 1422 4111 Ξχοντας,
1468 4040 1575 4113 πρὸ
1620 4041 1837 4096 πάντων

265 4134 574 4207 παράλυτον
594 4150 609 4164 ο
639 4132 702 4187 δν
726 4131 922 4203 ⁴ᾔδεσαν
962 4131 1088 4186 δντα
1128 4133 1192 4186 ὲκ
1223 4132 1467 4201 γενετῆς.
1497 4131 1839 4206 Προσφερον-

265 4246 354 4293 τες
379 4228 439 4282 δὲ
466 4231 561 4282 τὸν
586 4226 896 4297 παράλυτον
920 4224 1139 4296 ἔχρισαν
1168 4225 1327 4279 αὐτόν
1346 4240 1360 4254 ·
1379 4224 1474 4278 καὶ
1494 4222 1695 4287 εὐθέως
1711 4240 1835 4278 συν-

265 4320 533 4391 εσφίγχθη
599 4319 698 4373 καὶ
759 4317 974 4385 ἐγένετο
1020 4317 1177 4388 ύγιὴς
1219 4318 1249 4371 ὁ
1292 4315 1597 4387 ἄνθρωπος.
1648 4315 1836 4387 Παρα-

262 4412 454 4483 χρῆμα
492 4411 553 4465 δὲ
599 4407 810 4481 μεγάλη
860 4407 1066 4480 ταραχὴ
1099 4406 1312 4475 ἐγένετο
1356 4407 1497 4461 κατά
1527 4408 1704 4461 πᾶσαν
1735 4407 1835 4477 τὴν

1938 1935 2124 2001 Maria,
2155 1937 2208 1991 iu
2247 1936 2436 1992 eadem
2461 1951 2625 1991 carne
2653 1935 2945 1991 cruciﬁxus
2976 1935 3097 2000 fuit,
3128 1952 3251 1991 cum
3301 1954 3500 1995 secun-

1936 2027 2063 2082 dum
2088 2025 2344 2081 deitatem
2367 2025 2719 2095 impassibiiis
2745 2035 2890 2081 esset
2916 2045 2930 2081 :
2955 2042 3103 2087 nunc
3123 2043 3254 2083 vero
3279 2044 3499 2084 rursum

1936 2116 1992 2171 in
2033 2116 2266 2187 imagine
2310 2115 2605 2171 cruciﬁxus
2632 2131 2714 2182 es,
2747 2129 2782 2169 ο
2811 2115 3068 2182 Domine,
3100 2114 3167 2169 ad
3194 2117 3498 2171 convictio-

1936 2224 2057 2264 nem
2090 2208 2377 2278 impiorum
2402 2207 2752 2278 omniumque
2781 2208 3097 2273 inﬁdelium,
3131 2215 3186 2264 et
3209 2208 3275 2263 ad
3308 2207 3503 2262 conﬁr-

1936 2300 2228 2355 mationem
2253 2314 2441 2356 eorum
2473 2300 2563 2370 qui
2600 2301 2654 2354 in
2688 2299 2915 2355 veritate
2942 2300 2999 2367 in
3028 2307 3082 2356 te
3108 2299 3357 2355 credunt.
3392 2298 3499 2355 Sed

1937 2392 2107 2463 gloria
2138 2393 2253 2458 tibi,
2279 2391 2525 2459 Domine,
2552 2392 2645 2463 qui
2671 2393 2822 2449 solus
2848 2393 3029 2448 omnia
3056 2400 3229 2463 potes,
3259 2400 3315 2448 et
3336 2394 3503 2449 bene-

1936 2485 2082 2540 dicto
2116 2484 2224 2540 Deo
2261 2494 2472 2550 nostro,
2525 2501 2632 2540 una
2675 2500 2800 2541 cum
2846 2485 3194 2540 immaculato
3224 2484 3406 2545 Patre.
3446 2494 3504 2541 et

1935 2571 2072 2628 Filio
2103 2574 2224 2643 ejus
2266 2573 2397 2629 Jesu
2426 2574 2663 2637 Christo,
2716 2590 2780 2629 ac
2823 2574 2965 2630 liono
3001 2574 3321 2645 viviﬁcoque
3363 2574 3501 2645 Spi—

1936 2668 2068 2732 ritu,
2106 2682 2254 2722 nunc
2307 2675 2364 2723 et
2415 2682 2630 2739 semper
2680 2675 2733 2725 et
2778 2669 2836 2723 in
2892 2668 3092 2724 saecula
3147 2668 3499 2724 saeculorum.

1936 2754 2131 2811 Amen.

2007 2843 2059 2902 6.
2090 2843 2309 2910 Audite,
2337 2859 2436 2900 vos
2465 2842 2684 2910 fratres,
2713 2860 2837 2900 cum
2865 2845 3062 2900 timore
3082 2843 3177 2901 Dei
3205 2851 3259 2900 et
3278 2843 3502 2915 gaudio,

1936 2945 2130 2993 caetera
2151 2953 2272 3007 quae
2292 2952 2321 2991 a
2351 2936 2580 2993 Domino
2598 2937 2910 3008 dispensata
2934 2943 3079 2994 sunt.
3103 2936 3236 3017 Cym
3253 2938 3397 2992 enim
3426 2938 3501 2990 la-

1937 3037 2025 3086 tus
2041 3029 2197 3101 291
2217 3036 2421 3085 sancte
2437 3043 2501 3083 ac
2517 3028 2837 3085 veneranda:
2851 3027 3105 3098 imaginis
3120 3027 3306 3082 lancea
3325 3025 3502 3096 ρει-[σο

1940 3129 2094 3178 ratus
2110 3128 2277 3185 esset,
2295 3128 2686 3190 emanaretque
2702 3135 2842 3190 aqua
2863 3127 2918 3173 et
2938 3119 3179 3188 sanguis,
3198 3125 3387 3172 coacta
3417 3124 3509 3170 est

1943 3210 2378 3267 totaJudaeorum
2398 3211 2578 3275 turba,
2595 3211 2956 3280 dicebantque
2982 3218 3171 3263 mutuo
3196 3226 3210 3262 :
3242 3206 3504 3273 Quando-

1942 3303 2161 3374 quidem
2183 3302 2337 3357 aiunt
2353 3301 2474 3373 ejus
2499 3302 2762 3366 cultores,
2781 3317 2905 3357 eum
2925 3301 3124 3355 multas
3139 3313 3332 3354 curare
3349 3299 3503 3353 inﬁr-

1939 3395 2176 3462 mitates,
2202 3410 2487 3451 sumamus
2511 3396 2829 3466 sanguinem
2858 3394 2979 3463 ejus
3010 3403 3062 3448 et
3086 3406 3281 3462 aquam
3302 3430 3319 3456 ,
3351 3390 3500 3445 defe-

1940 3502 2232 3558 ramusque
2274 3488 2328 3542 in
2373 3502 2733 3561 synagogam,
2774 3500 2838 3540 ac
2881 3498 3275 3555 congregemus
3308 3496 3501 3537 omnes

1938 3576 2031 3647 qui
2067 3577 2315 3632 laborant
2338 3577 2696 3647 aegritudine;
2740 3590 3004 3645 ungamus
3047 3588 3142 3628 eos
3171 3572 3297 3639 illo,
3325 3578 3380 3627 et
3419 3572 3501 3625 vi-

1938 3668 2164 3723 deamus
2191 3685 2320 3723 num
2350 3685 2479 3724 vera
2503 3668 2614 3724 sint
2639 3682 2760 3737 quae
2790 3668 2951 3737 vulgo
2977 3666 3254 3721 dicuntur.
3298 3665 3496 3718 Admo-

1937 3765 2099 3828 taque
2122 3758 2274 3814 lateri
2298 3757 2512 3814 Domini
2544 3758 2804 3828 amphora
2824 3798 2839 3822 ,
2876 3756 3150 3812 illudendo
3180 3755 3497 3826 amphoram

1937 3847 2229 3918 implevere
2264 3849 2355 3903 illa
2390 3863 2511 3918 quae
2548 3848 2799 3903 manebat
2826 3863 2964 3916 aqua
2993 3866 3006 3901 :
3048 3846 3501 3917 congregatisque

1937 3940 2191 3996 omnibus
2229 3941 2323 4010 qui
2358 3940 2497 3998 male
2526 3939 2787 3994 haberent
2810 3978 2825 4004 ,
2854 3940 3086 4009 primum
3128 3938 3371 3993 omnium
3405 3952 3501 4007 pa-

1937 4031 2221 4103 ralyticum
2241 4071 2258 4096 ,
2287 4046 2447 4102 quem
2472 4046 2502 4085 a
2531 4032 2809 4087 nativitate
2833 4031 3187 4102 paralyticum
3212 4045 3335 4086 esse
3361 4030 3501 4085 scie-

1937 4123 2087 4185 bant,
2120 4123 2413 4179 adductum
2443 4129 2715 4177 unxerunt
2746 4140 2761 4176 :
2794 4123 2885 4191 qui
2919 4121 3101 4177 statim
3126 4120 3498 4176 consolidatus

1936 4213 2057 4279 fuit,
2072 4229 2345 4284 sanusque
2361 4214 2630 4271 factusest
2661 4215 2845 4269 homo.
2877 4211 3176 4269 Confestim
3199 4220 3381 4267 autem
3408 4214 3497 4268 in-

1934 4320 2067 4376 gens
2094 4304 2359 4360 tumultus
2389 4320 2484 4373 per
2515 4313 2683 4359 totam
2718 4304 2907 4359 urbem
2933 4308 3156 4360 exortus
3179 4288 3296 4366 est.
3322 4304 3503 4358 omni-

1936 4398 2040 4454 bus
2083 4412 2207 4452 eum
2248 4397 2307 4453 in
2348 4397 2526 4451 locum
2561 4395 3022 4467 ingredientibus,
3057 4395 3132 4449 ob
3154 4395 3354 4449 multas
3380 4394 3503 4448 illus

263 4504 440 4569 πόλιν,
471 4503 695 4558 πάντων
740 4501 1066 4572 ἐρχομένων,
1109 4498 1196 4553 διὰ
1238 4499 1337 4564 τάς
1366 4500 1622 4573 ἀπείρους
1668 4501 1836 4565 ίάσεις

1939 4486 2251 4540 morborum
2275 4484 2587 4540 curationes
2609 4492 2664 4540 et
2693 4485 2974 4540 miracula.
3004 4483 3315 4539 Judmorum
3339 4498 3505 4553 porro

260 4598 356 4650 καὶ
386 4594 857 4666 θαυματουργίας.
904 4592 1155 4665 Έκινήοη
1190 4593 1247 4646 δὲ
1281 4594 1389 4645 πᾶν
1416 4592 1478 4646 τὸ
1507 4591 1707 4663 πλῆθος
1731 4592 1837 4646 τῶν

272 4689 571 4753 Ἰουδαίων,
600 4688 697 4741 καὶ
729 4685 1061 4757 προσέφερον
1094 4686 1217 4748 τοὺς
1239 4684 1481 4748 ἀσθενεῖς
1509 4682 1709 4747 αὐτῶν,
1735 4699 1840 4737 πα-

262 4781 552 4853 ραλύτους,
579 4776 830 4840 κυλλούς,
851 4776 1067 4847 ξηροὺς,
1094 4774 1320 4847 χωλοὺς,
1350 4774 1444 4829 καὶ
1469 4773 1723 4843 τυφλοὺς,
1746 4773 1838 4827 καὶ

256 4870 681 4946 δαιμονῶντας,
711 4869 806 4923 καὶ
837 4866 1058 4939 ἑτέρους
1085 4867 1305 4938 ἔχοντας
1331 4865 1587 4928 παντοίας
1617 4864 1802 4926 νόσους
1819 4879 1833 4893 ·

256 4967 352 5020 καὶ
376 4966 608 5028 πάντες,
633 4960 911 5033 χριόμενοι
939 4961 1004 5012 ὲκ
1024 4957 1115 5012 τοῦ
1144 4956 1297 5026 ἁγίου
1321 4954 1549 5026 αἵματος
1592 4953 1686 5007 καὶ
1714 4952 1839 5007 ὓδα-

253 5076 346 5123 τος
394 5059 498 5127 τῆς
535 5054 782 5121 πλευρᾶς
823 5050 923 5120 τῆς
944 5049 1130 5120 τιμίας
1156 5049 1360 5112 εἰκόνος
1389 5047 1483 5101 τοῦ
1516 5046 1741 5118 Κυρίου,
1771 5047 1837 5100 τά

255 5150 494 5223 σώματα
522 5144 710 5203 αὐτῶν
736 5144 862 5213 ὑγιῆ
894 5142 1158 5210 ἐγένοντο.
1188 5140 1393 5202 Πάντες
1413 5139 1468 5192 δὲ
1493 5140 1543 5191 οἱ
1568 5138 1837 5209 ἀρχιερεῖς

256 5244 351 5298 καὶ
378 5244 429 5297 οἱ
460 5236 834 5310 πρεσόύτεροι
853 5234 947 5287 καὶ
970 5234 1000 5285 ὁ
1023 5231 1148 5295 λαὸς
1168 5229 1279 5284 τῶν
1310 5229 1573 5284 Ἰουδαίων
1594 5227 1839 5281 ἐπίστευ-

255 5351 356 5390 σαν
385 5337 469 5396 είς
501 5331 600 5385 τὸν
632 5326 842 5394 Κύριον
884 5322 1038 5395 ἡμῶν
1077 5320 1284 5394 Ἰησοῦν
1310 5318 1564 5392 Χριστὸν,
1594 5315 1685 5370 τὸν
1710 5316 1838 5385 ἁλη-

210 5475 233 5493 ..
252 5430 400 5484 θινδν
428 5426 570 5481 Θεὸν
599 5420 786 5493 ἡμῶν,
813 5416 1104 5489 κράζοντες
1141 5416 1235 5469 καὶ
1276 5412 1523 5481 λέγοντες
1547 5426 1558 5441 ⁸
1590 5408 1782 5476 Μέγας
1809 5410 1839 5461 ό

251 5521 383 5585 Θεὸς
401 5519 514 5573 τῶν
537 5508 893 5586 Χριστιανῶν
915 5524 928 5538 ·
958 5507 1162 5576 μεγάλη
1186 5508 1220 5576 ἡ
1252 5504 1430 5565 πίστις
1461 5501 1567 5554 τῶν
1586 5501 1839 5571 Χριστια-

258 5611 378 5667 nim.
415 5608 562 5675 Δόξα
605 5619 717 5664 σοι,
754 5598 974 5668 Χριστὲ,
1009 5596 1068 5649 δν
1100 5597 1148 5648 οἱ
1182 5593 1414 5665 πατέρες
1441 5589 1597 5662 ἡμῶν
1646 5587 1838 5641 ἐσταύ-

252 5722 459 5777 ρωσαν,
486 5705 518 5756 ὁ
570 5696 674 5753 καὶ
728 5692 796 5744 δι’
824 5689 977 5759 ἡμῶν
1011 5685 1338 5758 σταυρωθεὶς
1383 5687 1439 5777 ὲν
1479 5684 1557 5777 -τῇ

249 5768 344 5850 παὶ
375 5794 540 5864 τιμία
580 5784 760 5841 εἰκόνι
792 5797 906 5835 σου.
940 5779 1075 5843 Δόξα
1105 5796 1205 5843 σοι,
1264 5773 1437 5847 Ἰησοῦ
1478 5770 1696 5843 Χριστὲ,
1742 5768 1837 5822 Υἱὲ

1938 4576 2197 4647 frequens
2237 4576 2471 4646 populus
2503 4582 2839 4638 commotus,
2873 4574 3213 4631 adducebant
3258 4575 3503 4629 inﬁrmos

1940 4683 2091 4731 suos,
2117 4667 2466 4738 paralyticos,
2494 4681 2739 4731 mancos,
2776 4667 2983 4729 aridos,
3017 4665 3273 4731 claudos,
3302 4679 3500 4729 cteros,

1937 4758 2338 4819 daemoniacos.
2381 4756 2628 4824 aliosque
2671 4754 2837 4808 variis
2879 4752 3297 4823 mgritudinihus
3346 4751 3500 4804 labo-

1938 4856 2156 4913 rantes;
2199 4846 2293 4917 qui
2332 4859 2522 4899 omnes
2552 4844 2760 4897 inuncti
2795 4857 2951 4897 sacro
2986 4841 3250 4911 sanguine
3280 4848 3333 4896 et
3360 4855 3499 4909 aqua

1937 4940 2125 4995 lateris
2172 4936 2492 4992 veneranda:
2547 4936 2799 5005 imaginis
2845 4933 3057 4988 Domini
3103 4933 3220 4986 sani
3270 4947 3501 5001 corpore

1936 5038 2251 5088 evaserunt.
2294 5030 2497 5083 Omnes
2532 5043 2696 5099 porro
2739 5027 3014 5097 principes
3053 5021 3397 5077 sacerdotum
3445 5030 3499 5075 et

1938 5124 2180 5182 seniores
2206 5121 2546 5190 populusque
2577 5117 2887 5173 Iudaeorum
2928 5112 3278 5171 crediderunt
3308 5113 3363 5167 in
3391 5111 3497 5165 Do-

1937 5214 2142 5269 minum
2172 5208 2623 5267 nostrumJesum
2640 5209 2947 5272 Christum,
2978 5219 3165 5259 verum
3198 5201 3364 5258 Deum
3397 5217 3499 5257 no-

1939 5313 2111 5362 strum
2132 5342 2149 5368 ,
2177 5302 2476 5357 clamantes
2503 5309 2557 5354 et
2586 5300 2830 5354 dicentes
2860 5318 2872 5351 :
2915 5297 3142 5366 Magnus
3168 5293 3311 5349 Deus
3338 5293 3497 5348 Chri-

1938 5400 2241 5453 stianorum
2299 5412 2312 5447 :
2369 5407 2563 5462 magna
2612 5391 2745 5444 ﬁdes
2799 5387 3257 5443 Christianorum.
3314 5384 3497 5439 Glor'a

1940 5486 2059 5549 tibi,
2089 5483 2324 5545 Christe,
2361 5495 2521 5551 quem
2553 5488 2733 5548 patres
2765 5477 2939 5531 nostri
2965 5474 3375 5539 cruciﬁxerunt,
3400 5476 3494 5544 qui

1939 5594 1969 5632 a
2010 5576 2169 5631 nobis
2205 5589 2421 5644 quoque
2450 5572 2743 5627 cruciﬁxus
2770 5584 2830 5625 es
2860 5569 2915 5622 in
2946 5568 3289 5622 immaculata
3319 5577 3373 5621 et
3404 5583 3495 5620 ve-

1940 5667 2181 5725 neranda
2207 5666 2443 5735 imagine
2470 5672 2580 5719 tua.
2611 5661 2795 5719 Gloria
2824 5662 2957 5726 tibi,
2987 5659 3116 5716 Jesu
3146 5660 3363 5716 Christe
3392 5658 3494 5714 Fili

1941 5763 2058 5827 Dei,
2088 5759 2179 5831 qui
2209 5773 2400 5830 magna
2432 5756 2568 5812 facis
2602 5755 2891 5811 mirabilia.
2929 5751 2989 5809 in
3019 5760 3072 5811 te
3101 5752 3373 5810 credimus
3392 5791 3407 5817 .
3441 5765 3499 5812 ct
