4050 6396
568 356 676 414 303
1658 343 1719 398 s.
1756 330 2222 396 ATHANASIUS.
2260 362 2330 374 -
2369 328 2595 386 ouem.
3695 322 3796 380 θοι

512 529 540 559 η
564 474 621 527 in
645 471 863 526 Patrem
885 509 902 533 ,
924 466 1120 523 Filium
1138 505 1153 528 ,
1186 470 1242 519 et
1274 460 1539 533 Spiritum
1568 467 1818 515 sanctum
1840 496 1858 519 ,
1889 454 2129 509 Trinita-

2232 446 2322 500 τοῦ
2348 444 2506 507 Θεοῦ,
2527 447 2557 497 ό
2582 442 2750 496 ποιῶν
2780 439 2991 514 μεγάλα
3014 439 3312 511 θαυμάσια.
3338 440 3430 494 Σοὶ
3453 439 3798 509 πιστεύομεν,

2234 541 2309 559 -2-
2338 536 2551 559 n__1__
2609 536 2736 559 νει-.
2766 533 2855 559 -..Α
2893 534 3043 559 2...-..
3092 532 3311 559 ηψπ..-
3366 532 3569 559 'l‘-..'.:-
3612 530 3773 559 x..-...'.

561 572 673 619 tem
715 530 1239 617 consubstantialem
1283 530 1340 608 et
1391 549 1800 606 indivisibilem.
1850 544 2130 615 Propitius

2232 541 2309 601 εἰς
2338 536 2576 607 Πατέρα,
2609 536 2737 588 Υἰὸν
2766 533 2861 587 καὶ
2891 534 3043 601 άγιον
3092 532 3337 603 Πνεῦμα,
3366 532 3573 602 Τριάδα
3611 530 3802 600 ὁμοού-

443 700 449 705 .
563 660 687 706 esto
721 649 910 711 nobis,
948 660 1159 714 nosque
1197 642 1415 711 recipe;
1456 628 1613 695 εἰουί
1633 639 1690 692 in
1734 640 1926 691 sancta
1964 647 2131 688 cruce

562 752 660 797 tua
689 742 899 812 positus
933 737 1182 808 recepisti
1209 736 1475 788 latronem
1498 731 1567 786 ad
1595 727 1994 801 penitentiam.
2019 724 2130 780 Nos

561 845 863 886 annumera
892 828 1020 882 licet
1049 827 1304 897 indignos
1331 831 1386 879 et
1415 823 1515 878 tibi
1542 823 1810 877 hactenus
1838 816 2091 873 inimicos
2111 854 2128 880 ,

561 922 633 978 iis
674 921 769 992 qui
801 926 925 990 post
956 917 1299 971 undecimam
1342 914 1535 968 horam
1574 918 1880 977 venerunt;
1910 910 1979 963 iis
2001 947 2018 972 ,
2046 907 2132 961 in-

559 1028 723 1084 quam
742 1051 760 1076 ,
792 1026 894 1064 nos
925 1021 1225 1063 annumera
1248 1015 1304 1061 et
1326 1004 1576 1059 illumina
1609 1002 1800 1057 oculos
1827 1000 2010 1056 cordis
2035 1014 2134 1053 no-

561 1105 685 1168 stri,
717 1104 1074 1170 obscuratos,
1103 1113 1243 1169 quos
1270 1097 1481 1153 scilicet
1508 1094 1751 1149 tenebris
1784 1090 1976 1147 oﬁ‘udit
2014 1106 2132 1145 ma-

559 1197 743 1268 lignus
761 1193 1010 1249 diabolus
1029 1210 1045 1257 ;
1068 1198 1128 1246 ut
1150 1190 1441 1245 illuminati
1460 1204 1558 1259 per
1572 1190 1822 1242 sanctum
1838 1183 2129 1253 baptisma,

559 1288 773 1344 ctelesti
814 1295 910 1340 tuo
956 1283 1222 1340 exercitui
1261 1280 1487 1351 adiungi
1530 1292 1861 1333 mereamur.
1905 1272 2031 1328 Haec
2053 1273 2132 1325 illi

560 1397 686 1437 cum
730 1380 970 1435 clamore
1010 1375 1398 1447 proferebant,
1444 1373 1659 1441 altaque
1693 1383 1829 1424 voce
1867 1366 2130 1437 praedica-

559 1479 694 1530 bant
735 1471 1010 1527 mirabilia
1054 1469 1171 1524 Dei.
1208 1465 1458 1522 Pervasit
1502 1471 1685 1518 autem
1722 1461 1913 1517 orbem
1957 1467 2130 1513 totum

560 1565 796 1634 hujusce
823 1562 905 1616 rei
936 1564 1079 1614 fama
1106 1558 1174 1613 de
1201 1555 1507 1612 veneranda
1536 1568 1731 1622 nempe
1771 1551 2009 1621 imagine
2046 1564 2132 1603 re-

559 1659 646 1728 gis
670 1654 846 1710 nostri
875 1650 1008 1705 Jesu
1037 1649 1264 1704 Christi.
1298 1645 1500 1702 Omnes
1529 1643 1601 1698 ob
1628 1642 1850 1699 Oriente
1886 1648 1939 1694 et
1969 1637 2130 1693 Occi-

562 1750 726 1802 dente
753 1743 1056 1800 oﬁ'erebant
1086 1738 1334 1793 inﬁrmos
1360 1750 1522 1796 suos,
1549 1734 1654 1805 qui-
1673 1746 1865 1788 omnes
1892 1728 1985 1784 Dei
2017 1729 2129 1782 cle-

561 1841 766 1897 mentia
795 1838 1154 1893 curabantur.

633 2042 684 2097 7.
724 2040 857 2095 Post
898 2039 1014 2093 haec
1063 2043 1246 2091 autem
1284 2034 1418 2088 adiit
1454 2038 1569 2085 tota
1614 2029 1777 2083 turba
1818 2025 2132 2081 Iudaeorum

563 2131 953 2187 sacraiissimae
1002 2128 1262 2184 Ecclesiae
1318 2122 1730 2181 sanctissimum
1779 2120 2130 2189 episcopum,

562 2232 1021 2293 accurrentesque
1053 2219 1307 2275 dicebant
1335 2236 1351 2271 :
1378 2214 1490 2270 Nos
1531 2218 1895 2267 annumerato
1929 2216 2134 2265 sanctae

560 2316 844 2371 catholica:
876 2323 930 2369 et
957 2312 1273 2383 apostolica
1303 2308 1595 2371 Ecclesia,
1630 2320 1734 2360 nos
1776 2302 2054 2373 baptizato
2078 2307 2135 2354 et

559 2407 905 2461 Christianos
929 2402 1113 2457 facito.
1141 2399 1234 2454 Sic
1254 2412 1447 2453 omnes
1469 2394 1803 2450 unanimiter
1824 2390 2135 2447 clamabant

561 2516 593 2553 a
635 2498 846 2552 minore
881 2495 950 2549 ad
987 2494 1322 2554 maximum,
1373 2503 1485 2542 una
1536 2501 1661 2541 cum
1712 2482 2035 2539 mulieribus
2079 2486 2134 2534 et

560 2591 771 2663 pueris,
799 2588 1163 2656 dicebantque
1192 2604 1207 2639 :
1243 2582 1397 2638 Unus
1420 2580 1565 2636 Deus
1585 2578 1769 2639 Pater,
1797 2590 1939 2630 unus
1961 2573 2133 2629 Filius

560 2682 913 2754 unigenitus,
951 2694 1096 2735 unus
1133 2676 1442 2731 Dominus:
1479 2674 1657 2743 ipsum
1700 2669 1871 2724 Deum
1907 2665 2136 2723 conﬁte-

561 2792 707 2843 mur,
752 2773 1210 2847 agnoscimusque
1241 2787 1257 2823 :
1305 2768 1460 2821 illum
1503 2767 1710 2820 scimus
1748 2778 1871 2818 esse
1910 2760 2081 2815 Deum
2113 2776 2130 2812 :

559 2884 683 2926 eum
714 2883 816 2923 nos
857 2866 1133 2922 credimus
1179 2860 1503 2918 cruciﬁxum
1549 2858 1652 2913 sub
1684 2856 1882 2911 Pontio
1916 2852 2130 2916 Pilato,

561 2960 933 3019 resurrexisse
955 2958 1044 3014 die
1071 2957 1262 3022 tertia,
1293 2959 1748 3023 assumptumque
1788 2948 1958 3003 fuisse
2005 2959 2133 3000 cum

566 3055 762 3126 gloria,
795 3054 852 3107 in
879 3055 1174 3119 conspectu
1218 3054 1530 3102 sanctorum
1571 3042 1965 3113 discipulorum
2000 3053 2133 3095 suo-

558 3162 682 3201 rum
704 3186 720 3207 .
749 3152 803 3199 et
828 3142 1019 3197 sedere
1051 3140 1121 3194 ad
1158 3139 1438 3194 dexteram
1483 3134 1580 3189 Dei
1612 3142 1663 3190 et
1708 3132 1909 3187 Patris.
1945 3129 2132 3185 Multis

561 3239 748 3306 itaque
777 3232 1033 3288 laudibus
1060 3230 1230 3285 Deum
1255 3227 1637 3290 celebrarunt,
1669 3224 1911 3281 exhibita
1940 3231 2133 3278 sancta

564 3328 801 3397 imagine
830 3325 1016 3395 ejusee
1056 3322 1211 3376 urbis
1244 3320 1657 3391 archiepiscopo
1676 3358 1692 3383 ,
1728 3318 1817 3372 cui
1848 3332 1913 3372 ea
1943 3330 2137 3371 narra-

562 3426 694 3473 runt
722 3432 844 3488 quae
874 3422 1067 3471 contra
1100 3421 1346 3470 sanctam
1385 3411 1677 3482 imaginem
1722 3415 2136 3481 perpetrarant,

561 3518 618 3564 et
643 3507 1003 3563 ostenderunt
1039 3504 1361 3575 sanguinem
1401 3509 1457 3556 et
1487 3516 1716 3572 aquam,
1748 3501 2135 3572 dixeruntque,

562 3616 670 3672 qua
703 3599 920 3654 ratione
949 3613 980 3652 e
1012 3596 1179 3651 latere
1214 3593 1516 3648 Salvatoris
1546 3594 1796 3648 exiisset.
1826 3591 1905 3645 Ad
1940 3592 2135 3646 horum

563 3705 745 3748 tamen
768 3690 1013 3747 omnium
1040 3688 1511 3744 conﬁrmationem
1532 3725 1548 3751 ,
1594 3685 1806 3756 accepit
1844 3686 2137 3755 episcopus

557 3803 627 3841 cx
664 3785 932 3857 sanguine
972 3791 1026 3837 et
1063 3797 1205 3853 aqua
1227 3822 1243 3848 ,
1283 3780 1596 3849 multosque
1629 3779 1845 3833 oblatos
1888 3777 2138 3831 inﬁrmos

561 3879 717 3934 unxit
751 3891 1026 3946 sanesque
1065 3875 1296 3929 dimisit.
1343 3870 1442 3928 His
1478 3869 1782 3925 innumeris
1808 3869 2138 3939 perpetratis

561 3971 867 4033 miraculis,
897 3968 1216 4037 episcopum
1249 3971 1515 4034 rogarunt
1546 3977 1759 4025 omnes,
1788 3971 1847 4016 ut
1872 3961 1977 4016 sibi
2002 3961 2137 4031 hap-

560 4062 761 4117 tismus
790 4058 1157 4119 conferretur,
1197 4070 1261 4110 ac
1289 4056 1479 4110 liceret
1502 4053 1913 4109 communicare
1944 4052 2140 4105 imma-

561 4153 760 4206 culatis
788 4157 843 4204 et
877 4147 1276 4202 immortalibus
1317 4146 1594 4217 mysteriis
1625 4144 1875 4215 corporis
1917 4153 1970 4199 et
2010 4159 2140 4197 san-

562 4244 765 4314 guinis.
790 4241 929 4295 Tum
956 4241 1244 4310 episcopus
1277 4239 1386 4293 illis
1414 4238 1691 4301 admissis,
1724 4237 1989 4291 advocato
2023 4244 2138 4289 toto

562 4336 712 4390 clero
740 4333 1105 4390 sanctissimae
1121 4334 1211 4390 Dei
1230 4331 1508 4397 Ecclesiae,
1530 4336 1818 4400 postquam
1837 4326 2021 4379 multis
2041 4339 2138 4379 eos

564 4427 757 4482 diebus
773 4428 1124 4495 instituisset,
1140 4427 1435 4498 baptizavit
1452 4424 1576 4479 illos
1602 4422 1657 4476 in
1685 4418 1907 4474 nomine
1933 4416 2135 4481 Patris,

2233 648 2346 685 σιον
2376 631 2471 684 καὶ
2521 627 2845 699 ἀχώριστον.
2880 624 3071 687 Ἵλεως
3117 625 3248 693 ἡμῖν
3287 623 3467 692 γενοῦ,
3515 622 3612 675 καὶ
3655 620 3801 686 δέξαι

2230 725 2398 795 ἡμᾶς,
2423 722 2500 784 ὡς
2536 721 2700 785 ἐδέξω
2721 716 2815 771 τοῦ
2851 716 3050 791 λῃστοῦ
3082 716 3176 768 ἐπὶ
3200 714 3292 768 τοῦ
3325 715 3480 783 ἁγίου
3517 731 3612 767 σου
3645 730 3801 768 σταυ-

2232 816 2330 888 ροῦ
2382 815 2480 886 τὴν
2537 812 2847 884 μετάνοιαν.
2912 807 3432 878 Συγκαταρίθμησον
3489 808 3636 877 ἡμᾶς
3682 807 3803 869 τοὺς

2229 908 2482 973 ἀναξίους
2509 908 2635 968 τοὺς
2662 901 3055 976 προσελθόντας
3089 917 3173 952 σοι
3201 902 3313 963 τοῖς
3348 898 3484 969 μετὰ
3523 898 3625 969 τὴν
3658 898 3800 952 ἐνδε-

2231 1004 2403 1071 κάτην
2421 999 2592 1069 ῶραν,
2619 998 2714 1051 καὶ
2740 997 2889 1067 ἡμᾶς
2912 991 3421 1063 συγκαταρίθμησον
3448 991 3543 1043 καὶ
3570 988 3801 1059 φώτισον

2229 1093 2357 1154 τοὺς
2384 1088 2694 1158 ὀφθαλμοὺς
2723 1087 2823 1156 τῆς
2850 1084 3076 1156 καρδίας
3108 1081 3282 1153 ἡμῶν,
3328 1081 3453 1142 τοὺς
3485 1079 3801 1148 ἐσκοτισμέ-

2231 1199 2377 1244 νους,
2410 1179 2504 1243 οὓς
2545 1181 2574 1231 ὁ
2623 1177 2857 1248 πονηρὸς
2907 1174 3156 1228 ὲσκότισε
3192 1170 3473 1234 διάϐολος·
3529 1169 3638 1233 ἴνα,
3693 1187 3801 1235 τρω-

2228 1272 2500 1335 τισθέντες
2532 1270 2621 1325 διά
2658 1268 2752 1323 τοῦ
2795 1269 2953 1337 ἁγίου
2983 1284 3075 1320 σου
3111 1264 3504 1337 βαπτίσματος,
3533 1261 3797 1328 καταξιω-

2232 1364 2412 1434 θῶμεν
2428 1364 2522 1416 καὶ
2552 1364 2714 1433 ἡμεῖς
2740 1363 2838 1433 τῆς
2852 1359 3172 1432 ἐπουρανίου
3200 1374 3293 1410 σου
3318 1355 3595 1427 στρατιᾶς.
3621 1350 3801 1405 Ταῦτα

2232 1455 2288 1509 δὲ
2314 1454 2543 1527 ἔκραζον
2574 1454 2843 1524 λέγοντες,
2874 1454 2966 1506 καὶ
3012 1451 3371 1523 κηρύττοντες
3413 1443 3805 1517 μεγαλοφὼνως

2234 1551 2304 1602 τὰ
2335 1547 2615 1620 θαυμάσια
2653 1547 2747 1601 τοῦ
2773 1545 2929 1601 Θεοῦ.
2977 1542 3196 1613 Ἐξῆλθε
3227 1541 3282 1594 δέ
3308 1542 3342 1611 ἡ
3371 1539 3529 1610 φήμη
3565 1536 3705 1608 αῦτη
3732 1539 3805 1598 είς

2234 1644 2416 1696 πᾶσαν
2451 1642 2550 1711 τὴν
2600 1640 2925 1710 οἰκουμένην
2962 1637 3091 1708 περὶ
3120 1634 3221 1704 τῆς
3246 1633 3433 1704 τιμίας
3465 1631 3675 1693 εἰκόνος
3711 1626 3803 1683 τοῦ

2232 1733 2621 1803 παμϐασιλέως
2672 1730 2827 1803 ήμῶν
2890 1727 3066 1801 Ἰησοῦ
3125 1724 3362 1798 Χριστοῦ
3385 1741 3398 1755 ·
3453 1724 3549 1777 καὶ
3607 1722 3806 1784 πάντες

2161 1830 2202 1885 Β
2231 1826 2337 1880 ἀπὸ
2368 1824 2638 1879 ἀνατολῶν
2670 1825 2765 1877 καὶ
2787 1821 3004 1893 δυσμῶν
3038 1818 3372 1893 προσέφερον
3407 1817 3533 1879 τοὺς
3561 1814 3804 1877 ἀσθενεῖς

2233 1920 2411 1974 αὐτῶν
2429 1937 2443 1950 ·
2472 1919 2567 1973 καὶ
2598 1918 2754 1972 ίῶντο
2781 1918 2979 1978 πάντες
3003 1918 3070 1986 τῇ
3101 1911 3236 1966 Θεοῦ
3273 1908 3586 1979 ἀγαθότητι.

2317 2054 2358 2086 ι.
2398 2031 2554 2086 Μετά
2591 2030 2650 2083 δὲ
2685 2029 2859 2083 ταῦτα
2892 2025 3196 2099 προσῆλθον
3238 2023 3319 2095 τῷ
3348 2021 3635 2091 ἁγιωτάτῳ
3682 2021 3804 2073 ἐπι-

2236 2125 2423 2195 σκὸπῳ
2446 2124 2545 2195 τῆς
2571 2122 2884 2193 ἁγιωτάτης
2919 2118 3247 2188 Ἐκκλησίας
3282 2116 3498 2169 ᾶπαντα
3527 2112 3595 2166 τὰ
3626 2111 3803 2183 πλήθη

2231 2218 2345 2272 τῶν
2395 2217 2682 2282 Ἰουδαίων,
2714 2214 3135 2287 προστρέχοντες
3187 2209 3284 2262 καὶ
3329 2207 3610 2275 λέγοντες·
3659 2206 3821 2258 Κατ-μ

2234 2308 2536 2380 αρίθμησον
2584 2308 2732 2378 ἡμᾶς
2759 2308 2825 2377 τῇ
2869 2304 3001 2374 ἁγίᾳ
3027 2300 3286 2370 καθολικῇ
3333 2300 3429 2353 καὶ
3477 2295 3805 2368 άποστολικῇ

2247 2403 2563 2475 Ἐκκλησία,
2599 2402 2860 2473 βάπτισον
2880 2399 3028 2469 ἡμᾶς
3053 2395 3146 2449 καὶ
3174 2394 3398 2465 ποίησον
3428 2390 3804 2463 Χριστιανούς.

2237 2495 2510 2569 Ἔκραζον
2549 2495 2607 2548 δὲ
2655 2491 2996 2565 ὁμοθυμαδὸν
3039 2489 3278 2549 ἅπαντες
3320 2485 3430 2539 ἀπὸ
3467 2483 3665 2555 μικροῦ
3707 2484 3807 2546 ἐως

2237 2588 2472 2660 μεγάλου
2517 2587 2695 2641 αὐτῶν
2749 2586 2845 2638 σὺν
2890 2578 3104 2651 γυναιᾷ
3141 2578 3236 2632 καὶ
3266 2576 3496 2638 παιδίοις
3525 2575 3803 2643 λέγοντες·

2232 2674 2330 2743 Εἷς
2361 2679 2493 2742 Θεὸς
2518 2680 2547 2732 ό
2580 2675 2789 2747 Πατὴρ,
2811 2669 2893 2737 εἷς
2920 2673 3045 2735 Υἱὸς
3069 2672 3099 2723 ὁ
3128 2668 3438 2741 μονογενὴς,
3465 2662 3546 2731 εἷς
3577 2665 3805 2738 Κύριος·

2233 2773 2394 2826 αὑτὸν
2436 2771 2569 2825 Θεὸν
2613 2766 3002 2841 ὁμολογοῦμεν,
3032 2765 3126 2818 καί⁵
3155 2764 3375 2833 οἴδαμεν
3420 2760 3515 2813 καὶ
3546 2756 3809 2827 γινώσκοο

2236 2886 2368 2941 μεν·
2400 2868 2563 2922 αὐτὸν
2605 2866 2739 2920 Θεὸν
2781 2864 3025 2934 οἴδαμεν,
3061 2858 3222 2913 αὑτὸν
3253 2859 3416 2928 ἡμεῖς
3459 2853 3806 2922 πιστεύομεν,

2232 2967 2322 3020 τὸν
2348 2959 2732 3034 σταυρωθέντα
2756 2958 2848 3011 ἐπὶ
2866 2952 3089 3009 Ποντίου
3112 2949 3365 3012 Πιλάτου,
3394 2947 3487 2999 καὶ
3510 2944 3807 2999 ἀναστάντα

2232 3061 2299 3130 τῇ
2332 3055 2491 3128 τρίτῃ
2519 3052 2734 3125 ἡμέρᾳ·
2771 3051 2863 3104 καὶ
2909 3043 3285 3115 ἀναληφθέντα
3316 3042 3375 3093 ἐν
3412 3038 3539 3111 δόξῃ
3582 3035 3809 3089 ἐνώπιον

2234 3127 2343 3204 τῶν
2365 3127 2537 3216 ἁγίων
2562 3143 2818 3217 μαθητῶν
2843 3139 3029 3202 αὐτοῦ,
3059 3137 3154 3190 καὶ
3182 3132 3544 3203 καθεζόμενον
3571 3131 3630 3182 ἐν
3662 3127 3806 3197 δεξιᾷ

2236 3242 2333 3297 τοῦ
2361 3238 2498 3294 Θεοῦ
2527 3238 2622 3291 καὶ
2651 3235 2886 3306 Πατρός.
2938 3229 3169 3291 Πολλοῖς
3194 3222 3289 3281 οὖν
3330 3224 3630 3296 εὐφημίαις
3658 3223 3808 3288 605d-

2240 3346 2431 3393 σαντες
2454 3327 2544 3381 τόν
2568 3325 2721 3389 Θεὸν,
2741 3323 2840 3395 τὴν
2871 3322 3033 3391 ἁγίαν
3056 3334 3117 3371 τε
3146 3318 3327 3370 εἰκόνα
3357 3315 3437 3386 τῷ
3461 3314 3811 3386 ἀρχιεπισκό-

2238 3440 2327 3495 πῳ
2357 3422 2456 3492 τῆς
2507 3419 2690 3471 ἐκεῖσε
2736 3415 2944 3477 πόλεως
2983 3407 3367 3473 ἐπιδείξαντες,
3410 3408 3506 3459 καὶ
3550 3404 3812 3477 ἀπαγγεί-

2238 3515 2428 3577 λαντες
2459 3511 2495 3566 ά
2519 3511 2782 3582 ἐποίησαν
2809 3506 2906 3577 τὴν
2934 3505 3029 3559 τοῦ
3061 3500 3296 3582 Χριστοῦ
3324 3500 3485 3568 ἁγίαν
3520 3501 3727 3563 εἰκόνα,
3756 3497 3813 3551 τό

2239 3626 2299 3661 τε
2331 3603 2471 3677 αἷμα
2497 3604 2592 3658 καὶ
2622 3580 2765 3671 ὕδωρ
2803 3580 3193 3662 ἐπιδείξαντες,
3220 3594 3315 3647 καὶ
3342 3592 3459 3656 πῶς
3498 3592 3724 3664 ἐξῆλθεν
3751 3594 3814 3646 ἐκ

2238 3701 2340 3773 τῆς
2384 3698 2622 3768 πλευρᾶς
2653 3693 2748 3747 τοῦ
2801 3692 3087 3761 Σωτῆρος·
3142 3688 3292 3757 ὅμως
3341 3685 3478 3757 πρὸς
3526 3683 3812 3755 βεϐαίωσιν

2241 3798 2458 3851 πάντων
2503 3787 2683 3841 λαϐὼν
2715 3785 2744 3837 ό
2796 3782 3096 3842 ἐπίσκοπος
3133 3779 3197 3831 ἐκ
3238 3775 3333 3829 τοῦ
3374 3774 3533 3842 ἁγίου
3587 3775 3813 3846 αἵματος

2240 3887 2332 3942 καὶ
2365 3884 2574 3947 ὓδατος,
2620 3878 2715 3933 καὶ
2760 3875 2989 3938 πολλοὺς
3034 3871 3277 3933 ἀσθενεῖς
3326 3867 3810 3940 προσενέγκαντες,

2239 3980 2334 4033 καὶ
2379 3976 2612 4044 ἀλείφων
2659 3970 2875 4033 αὐτοὺς,
2919 3967 3092 4035 ὑγιεῖς
3132 3963 3391 4017 ἀπέλυσε.
3443 3960 3665 4014 Τούτων
3707 3958 3811 4012 τῶν

2238 4070 2481 4141 ἀπείρων
2515 4063 2808 4135 θαυμάτων
2834 4058 3152 4129 γεγονότων,
3180 4054 3356 4117 οὕτως
3400 4053 3643 4114 ἅπαντες
3684 4049 3812 4103 καθ-

2241 4162 2479 4217 ικέτευον
2506 4158 2597 4211 τὸν
2635 4155 2926 4210 ἐπίσκοπον
2972 4151 3156 4220 τυχεῖν
3179 4146 3273 4200 τοῦ
3303 4145 3458 4214 ἁγίου
3505 4143 3812 4214 βαπτίσμα-

2239 4272 2351 4319 τος,
2397 4252 2492 4306 καὶ⁸
2546 4247 2865 4322 μεταλαϐεῖν
2908 4242 3017 4298 τῶν
3052 4240 3339 4313 ἀχράντων
3381 4238 3477 4291 καὶ
3525 4235 3809 4290 ἀθανάτων

2244 4343 2555 4417 μυστηρίων
2581 4340 2676 4393 τοῦ
2707 4336 2888 4409 τιμίου
2925 4334 3174 4406 σώματος
3199 4332 3292 4385 καὶ
3320 4331 3574 4399 αἵματος.
3623 4328 3754 4382 Τότε
3783 4330 3811 4380 ὸ

2239 4437 2534 4498 ἐπίσκοπος
2606 4428 2935 4502 παραλαϐὼν
3003 4427 3197 4488 αὐτοὺς
3218 4468 3233 4491 ,
3302 4423 3398 4476 καὶ
3474 4420 3810 4490 συγκαλέσας

563 4528 618 4574 et
644 4517 787 4585 Filii,
810 4527 863 4574 et
881 4518 1116 4590 Spiritus
1154 4519 1352 4585 sancti,
1382 4530 1823 4590 synagogamque
1855 4510 2017 4580 292
2037 4508 2132 4563 Ju-

2237 4533 2452 4586 ἆπαντα
2483 4527 2574 4581 τὸν
2604 4525 2806 4593 κλῆρον
2832 4522 2929 4592 τῆς
2955 4519 3265 4589 ἁγιωτάτης
3288 4515 3379 4570 τοῦ
3406 4514 3540 4568 Θεοῦ
3584 4514 3809 4585 Ἐκκλη-

562 4611 803 4666 decorum
820 4612 874 4665 in
888 4614 1173 4668 ecclesiam
1198 4611 1500 4667 Salvatoris
1516 4607 1693 4663 nostri
1715 4605 2005 4660 convertit.
2034 4600 2132 4655 Ro-

2240 4620 2379 4683 σίας,
2413 4617 2505 4672 ἐπὶ
2550 4614 2751 4677 πολλάς
2786 4609 3090 4682 τειήμέρας
3131 4607 3470 4678 κατηχήσας,
3517 4604 3807 4659 ἐϐάπτισεν

562 4708 816 4777 gantibus
853 4723 1017 4779 porro
1054 4709 1164 4764 illis
1198 4705 1610 4764 sanctissimum
1638 4700 1980 4771 episcopum,
2008 4696 2132 4750 reli-

2236 4714 2436 4775 αὐτοὺς
2464 4713 2546 4774 εἰς
2570 4709 2631 4762 τὸ
2668 4708 2840 4777 ὄνομα
2867 4705 2961 4759 τοῦ
3007 4701 3239 4773 Πατρὸς,
3270 4700 3365 4751 καὶ
3396 4697 3492 4751 τοῦ
3540 4697 3694 4763 Υἱοῦ,
3716 4696 3805 4749 καί

559 4815 698 4870 quas
724 4801 967 4872 ipsorum
988 4788 1295 4872 synagogas
1312 4797 1367 4851 in
1387 4794 1484 4851 Dei
1501 4793 1700 4863 templa
1713 4798 1768 4847 et
1790 4790 1847 4845 in
1869 4787 2132 4858 martyria

2234 4805 2328 4858 τοῦ
2367 4804 2524 4872 ἁγίου
2556 4799 2895 4870 Πνεῦματος,
2926 4795 3020 4849 καὶ
3050 4793 3149 4863 τὴν
3183 4788 3508 4858 συναγωγὴν
3532 4788 3641 4841 τῶν
3681 4787 3804 4840 ’1ου-

558 4901 874 4948 sanctorum
892 4909 1116 4950 suorum
1133 4903 1432 4961 martyrum
1449 4884 1812 4948 consecravit,
1832 4882 1898 4936 ad
1918 4881 2008 4936 Dei
2026 4880 2132 4952 glo-

2233 4898 2396 4952 δαίων
2428 4893 2723 4965 ἐκκλησίαν
2751 4890 2845 4944 τοῦ
2874 4890 3125 4959 Σωτῆρος
3153 4882 3308 4955 ἡμῶν
3335 4881 3581 4951 ἐποίησε.
3624 4879 3803 4947 Παρα-

557 4985 694 5040 riam
723 4994 777 5040 et
803 4985 1189 5041 exaltationem
1207 4982 1529 5038 orthodoxae
1558 4978 1701 5034 ﬁdei.
1717 4977 2131 5032 Constituitau-

555 5084 663 5130 tem
692 5091 756 5131 ex
788 5076 897 5130 illis
934 5076 1285 5147 presbyteros
1311 5072 1676 5143 etidiaconos,
1694 5068 2062 5124 subiiaconos
2077 5070 2131 5118 et

556 5168 807 5224 lectores.
839 5167 1019 5238 Atque
1044 5167 1117 5221 ita
1137 5168 1329 5238 ingens
1352 5163 1451 5218 fuit
1475 5163 1659 5217 laetitia
1711 5160 1767 5215 in
1808 5160 1949 5215 caelo
1982 5165 2037 5214 et
2072 5157 2128 5211 in

554 5268 723 5325 terra,
741 5262 812 5317 ob
838 5260 1168 5331 stupendum
1192 5257 1518 5312 miraculum
1546 5255 1872 5311 venerandae
1887 5261 1942 5308 et
1959 5266 2129 5308 sacrm

553 5356 808 5427 imaginis
836 5354 1053 5409 Domini
1081 5360 1137 5408 et
1165 5352 1465 5407 Salvatoris
1480 5349 1657 5405 nostri
1677 5347 1807 5403 Jesu
1824 5345 2050 5407 Christi,
2072 5344 2125 5397 in

554 5445 660 5503 ista
691 5448 827 5503 urbe
853 5467 869 5504 :
904 5462 1027 5502 cum
1053 5462 1165 5501 non
1190 5444 1352 5500 modo
1386 5457 1662 5514 corporea!
1684 5447 2011 5496 curarentur
2042 5438 2127 5491 in-

625 5643 742 5727 (ill
764 5644 1063 5727 Coiliertin.
1092 5662 1238 5727 unus
1266 5646 1346 5701 sic
1379 5644 1567 5727 habet,
1598 5644 2123 5727 μαρῖξριαπεποίης

552 5729 649 5795 κεν
676 5715 1020 5795 τῶνάγίωῦ
1063 5718 1163 5795 τῆς
1218 5713 1688 5795 τε-πανυμνῂτου
1724 5713 1987 5767 Θεοτόκου
2028 5713 2123 5767 καὶ

553 5785 911 5856 ἀειπαρθένου
951 5785 1189 5858 Μαρίας,
1218 5786 1313 5840 τοῦ
1358 5785 1664 5858 προδρόμου
1698 5802 1755 5839 τε
1788 5788 1881 5838 καὶ
1919 5785 2121 5840 Βαπτι-

2232 4990 2572 5045 καλεσάντων
2599 4986 2658 5040 δὲ
2687 4982 2867 5038 αὐτῶν
2902 4981 2994 5034 τὸν
3028 4976 3328 5046 ἁγιώτατον
3359 4975 3680 5037 ἐπίσκοπον,
3708 4970 3802 5024 καὶ

2229 5082 2329 5144 τὰς
2370 5077 2565 5141 λοιπάς
2612 5071 2954 5143 συναγωγὰς,
2998 5069 3163 5131 ναοὺς
3206 5064 3365 5127 Θεοῦ,
3406 5064 3501 5117 καὶ
3533 5060 3801 5134 μαρτύρια

2228 5173 2335 5226 τῶν
2364 5170 2534 5240 ἁγίων
2566 5164 2731 5222 αὐτοῦ
2782 5162 3074 5236 μαρτύρων
3106 5158 3409 5231 ἀφιερῶσαι
3456 5152 3796 5225 [detegitur],

2228 5267 2307 5329 είς
2334 5264 2490 5329 δόξαν
2517 5261 2611 5315 τοῦ
2651 5256 2787 5313 Θεοῦ
2821 5255 2916 5310 καὶ
2946 5254 3205 5324 καύχημα
3241 5250 3344 5321 τῆς
3390 5247 3671 5320 όρθοδόξου
3707 5243 3794 5296 πίε

2229 5373 2397 5420 στεως
2415 5355 2545 5426 (Η).
2564 5351 2882 5421 Κατέστησε
2903 5347 2961 5400 δὲ
2986 5346 3083 5400 καὶ
3111 5345 3169 5412 ἐξ
3201 5341 3379 5397 αὐτῶν
3406 5337 3798 5411 πρεσϐυτέρους

2227 5452 2319 5505 καὶ
2358 5449 2661 5512 διακόνους,
2693 5441 3097 5504 ὑποδιακόνους,
3147 5438 3241 5491 καὶ
3278 5432 3652 5502 ἀναγνώστας.
3691 5426 3797 5482 Καὶ

2219 5668 2350 5713 ,στου
2386 5649 2657 5708 Ἰωάννου,
2692 5639 2916 5696 καὶτῶν
2945 5638 3114 5707 ἁγίων
3146 5633 3369 5702 ἐνδόξων
3396 5632 3493 5687 καὶ
3526 5623 3794 5698 πανευφήο

2226 5740 2339 5776 ιιων
2366 5718 2698 5776 ἀποστόλων.

2225 5740 2339 5794 μων
2366 5733 2698 5776 ἀποστολων.
