4050 6396
1152 335 1240 389 ne
1276 336 1472 393 pass.
1511 335 1818 393 IMAGINIS
1858 306 2029 396 mu.
2069 336 2236 394 JESU
2276 336 2572 393 CHRISTI.
3388 343 3495 398 suo

269 460 398 513 οὕτω
431 457 643 529 μεγάλη
678 454 821 529 χαρά
876 456 1093 525 ἐγένετο
1129 458 1187 509 ἐν
1246 456 1325 527 τῷ
1376 455 1590 528 οὐρανῷ
1637 456 1730 510 καὶ
1775 458 1805 509 ἐκ

1905 510 1908 518 ,
1937 455 2253 520 firmitates,
2287 459 2383 513 sed
2417 459 2582 514 etiam
2612 457 2808 514 animae
2828 466 3274 515 converterentur
3309 457 3376 512 ad
3417 461 3499 514 vi-

268 554 325 621 τῇ
360 551 429 619 γῇ
479 548 575 602 ἐπὶ
623 546 701 618 τῷ
752 546 1037 619 παραδόξῳ
1073 546 1307 617 θαύματι
1348 548 1451 618 τῆς
1494 548 1679 618 τιμίας
1734 563 1805 600 κα

1936 553 2044 600 tam
2071 557 2354 606 aeternam.

269 640 415 708 ἁγίας
453 640 661 703 εἰκόνος
694 637 787 692 τοῦ
819 639 1023 711 Κυρίου
1054 640 1147 692 καί
1175 641 1424 710 Σωτῆρος
1477 641 1636 711 ἡμῶν
1688 639 1861 709 Ἰησοῦ
1912 641 2147 712 Χριστοῦ
2202 644 2295 696 ἐπὶ
2335 646 2400 715 τῇ
2454 644 2607 699 πόλει
2658 645 2868 717 ταύτῃ*
2901 645 2963 698 οὑ
3016 645 3173 716 μόνον
3228 646 3498 717 σωμάτων

216 736 225 749 '
268 704 404 802 πάθη
442 731 707 801 ἰωμένων,
742 731 876 785 ἀλλὰ
908 704 1001 784 καὶ
1041 732 1227 803 ψυχῶν
1271 704 1712 805 ἐπιπρεῷάντων
1749 704 1830 796 είς
1857 704 2002 805 ζωὴν
2031 734 2268 790 αἰώνιον.
2374 704 2400 715 η
2799 704 2811 718 ⁸

327 823 375 877 8.
418 822 608 933 {avita
643 822 950 877 ἐσπούδασα
979 824 1219 894 δηλῶσαι
1248 828 1312 896 τῇ
1353 826 1596 898 ὑμετέρᾳ
1640 825 1805 894 θεοφιι

1983 825 2076 931 ,82
2097 825 2223 933 erc
2261 840 2456 884 vestrae
2487 831 2736 902 religioni
2778 831 3131 904 signiﬁcanda
3161 830 3325 897 duxi,
3358 832 3495 886 dile-

265 914 375 985 λίᾳ,
430 914 479 967 ὦ
538 914 991 986 προσφιλέστατοι
1040 915 1257 985 ἀδελφοὶ
1311 917 1694 988 ἠγαπημένοι,
1749 919 1805 970 είι

1924 917 2154 974 ctissimi
2189 921 2610 992 charissimique
2642 926 2860 988 fratres,
2910 924 2975 979 ad
3026 923 3312 979 utilitatem
3336 935 3390 980 et
3410 924 3496 979 in-

265 1006 518 1074 ὠφέλειαν
546 1007 642 1060 καὶ
669 1006 834 1079 ἀκοὴν
865 1005 974 1059 τῶν
1000 1007 1452 1077 ἐντυγχανόντων,
1485 1008 1581 1061 τοῦ
1610 1024 1805 1078 στηριχ

1925 1010 2264 1069 stitutionem
2299 1015 2596 1080 lectorum,
2641 1026 2701 1070 ut
2739 1019 2932 1072 animae
2970 1026 3162 1074 vestrae
3210 1020 3497 1072 firmentur

266 1098 407 1205 θῆναι
439 1098 541 1162 τὰς
569 1098 747 1169 ψυχάς
779 1099 932 1169 ὑμῶν
963 1098 1072 1152 ἀπὸ
1100 1099 1194 1152 τοῦ
1230 1098 1487 1170 πονηροῦ,
1520 1099 1616 1153 τοῦ
1642 1101 1734 1151 ἐπὶ
1759 1102 1805 1170 τῇ

1927 1100 2192 1203 adversus
2231 1106 2543 1205 Amalignum
2587 1108 2776 1173 illum,
2814 1108 2907 1179 qui
2957 1110 3024 1164 de
3061 1119 3251 1165 nostra
3296 1111 3498 1181 gaudet

265 1189 457 1242 πτώσει
510 1189 669 1260 ἡμῶν
720 1189 1020 1260 χαίροντος,
1054 1192 1149 1244 καὶ
1183 1190 1572 1260 στερεωθῶμεν
1619 1190 1712 1243 ἐπὶ
1755 1193 1805 1259 "ri

1928 1192 2111 1261 ruina,
2138 1203 2193 1249 et
2227 1194 2520 1251 fulciamur
2554 1199 2728 1253 solida
2754 1209 2908 1271 petra
2934 1199 3302 1256 confessionis
3333 1200 3496 1256 Chri-

264 1282 448 1354 στερεᾷ
490 1282 673 1335 πίστει
716 1282 814 1353 τῆς
860 1282 1147 1353 ὁμολογίας
1182 1282 1276 1336 τοῦ
1326 1282 1582 1356 Χριστοῦ.
1634 1281 1805 1352 Δῶμεε

1928 1286 2020 1340 sti.
2050 1284 2253 1343 Demus
2286 1303 2418 1358 ergo
2453 1291 2682 1359 gloriam
2718 1305 2844 1346 cum
2883 1292 3102 1358 laetitia,
3138 1293 3193 1347 in
3222 1308 3492 1364 compun-

261 1368 343 1425 οὖν
387 1372 547 1439 δόξαν
605 1374 722 1443 μετ’
756 1372 1091 1445 εὐφροσύνης
1125 1376 1184 1428 ἐν
1234 1373 1523 1441 κατανύξει
1573 1372 1823 1444 καρδίας,

262 1463 344 1517 καὶ
379 1464 756 1535 εὐχαριστίας,
796 1464 1238 1537 εὐχαριστοῦντες
1279 1464 1429 1537 αὐτῷ
1470 1468 1534 1518 ἐκ
1580 1464 1825 1535 καθαρᾶς

268 340 363 397 8θὸ

1926 1374 2107 1431 ctione
2137 1377 2339 1445 cordis,
2364 1395 2486 1435 cum
2518 1382 2816 1451 gratiarum
2847 1383 3064 1438 actione
3086 1399 3152 1438 ex
3181 1399 3316 1454 pura
3344 1384 3448 1440 flde
3471 1403 3494 1439 :

304 1470 344 1570 at
379 1470 760 1568 εὐχαριστίαςἶ
790 1470 1238 1570 εὐχαριστοῦντες
1261 1470 1429 1570 ,αὐτῷ
1470 1470 1534 1518 ἐκ
1580 1470 1825 1535 καθαρᾶς
1925 1483 2036 1539 quo
2062 1470 2315 1525 mandata
2354 1482 2409 1527 et
2431 1471 2850 1541 justiﬁcationes
2877 1475 2997 1544 ejus
3022 1476 3395 1541 observemus,
3427 1492 3491 1531 ac

261 1556 502 1620 πίστεως,
538 1555 637 1607 τοῦ
673 1555 962 1624 φυλάσσειν
998 1555 1099 1620 τὰς
1139 1556 1360 1620 ἐντολὰς
1398 1556 1564 1610 αὑτοῦ
1608 1556 1706 1610 καὶ
1753 1557 1805 1608 τέ

1925 1561 1984 1616 in
2013 1561 2135 1631 ejus
2156 1564 2467 1634 cognitione
2495 1580 2902 1635 perseveremus
2930 1584 2944 1621 :
2972 1569 3100 1637 quia
3129 1568 3306 1638 ipsum
3333 1568 3492 1626 decet

260 1646 591 1717 δικαιώματα
642 1646 809 1700 αὐτοῦ
834 1647 927 1700 καὶ
970 1647 1071 1718 τῆς
1111 1646 1457 1716 ἐπιγνώσεως
1504 1646 1700 1701 αὐτοῦ’
1734 1647 1805 1701 δτι

1925 1652 2097 1723 gloria
2124 1660 2180 1708 et
2208 1655 2491 1724 imperium
2523 1659 2580 1712 in
2602 1656 2823 1714 Christo
2852 1658 2984 1715 Jesu
3014 1660 3244 1715 Domino
3277 1668 3491 1727 nostro,

260 1741 391 1811 αὐτῷ
417 1740 621 1811 πρέπει
650 1742 683 1811 ή
714 1740 840 1806 δόξα
869 1740 962 1795 καὶ
991 1740 1053 1793 τὸ
1079 1739 1280 1812 κράτος
1305 1742 1362 1794 ἐν
1390 1738 1610 1812 Χριστῷ
1643 1736 1805 1811 Ἰησοί

1933 1745 2024 1799 cui
2067 1759 2191 1801 cum
2226 1744 2411 1814 Patre;
2445 1764 2553 1804 una
2582 1765 2707 1805 cum
2749 1758 2938 1807 sancto
2982 1752 3207 1824 Spiritu,
3239 1754 3409 1824 gloria
3437 1764 3494 1809 et

263 1832 326 1936 Si)
354 1802 542 1936 Κυρίῳ
570 1802 751 1904 ἡμῶν,
785 1802 924 1903 *μεθ’
970 1825 1032 1887 οῦ
1169 1802 1365 1904 Πατρὶ,
1409 1802 1524 1903 ἅμα
1555 1802 1633 1902 τῶ
1680 1802 1805 1903 (tqu

2368 1802 2406 1814 ἡ,
2454 1802 2551 1804 μη
2592 1802 2706 1805 -___-
2750 1802 2931 1807 ___--_-
2984 1802 3207 1824 τμη,
3239 1802 3409 1824 νηη-
3441 1802 3491 1809 --

1925 1839 2194 1909 adoratio,
2225 1857 2371 1899 nunc
2401 1852 2457 1902 et
2499 1859 2715 1915 semper
2743 1852 2798 1901 et
2829 1843 2887 1900 in
2914 1848 3112 1903 saecula
3142 1849 3492 1903 saeculorum.

259 1921 538 1992 Πνεῦματι,
567 1921 697 1987 δόξα
720 1924 813 1976 καὶ
839 1926 872 1995 ἡ
908 1923 1299 1995 προσκύνησις,
1331 1924 1427 1977 νῦν
1456 1925 1550 1978 καὶ
1576 1923 1686 1986 ἀεὶ,
1726 1923 1820 1977 καὶ
1924 1931 2123 1989 Amen,

258 2014 327 2076 είς
355 2014 476 2077 τοὺς
505 2012 712 2077 αἰῶνας
742 2013 851 2068 τῶν
878 2014 1108 2071 αἰώνων.
1152 2015 1345 2085 Ἀμήν.

1351 2226 1488 2281 ΤΟΥ
1523 2228 1615 2282 ΕΝ
1651 2229 1875 2284 ΑΓΙΟΙΣ
1911 2229 2182 2285 HATPOS
2206 2232 2406 2287 HMQN

250 2538 378 2606 Περὶ
412 2537 525 2609 τῆς
556 2538 798 2604 εἰκόνος
833 2534 940 2592 τοῦ
969 2538 1189 2606 Κυρίου
1216 2534 1386 2608 ἡμῶν
1407 2533 1602 2606 Ἰησοῦ
1625 2534 1907 2605 Χριστοῦ,
1946 2538 2054 2593 τοῦ
2080 2537 2406 2611 γενομένου
2448 2538 2746 2608 θαύματος·
2787 2532 2862 2593 ἐν
2909 2504 3148 2608 ῥερυτῷ
3178 2535 3254 2608 τῇ
3289 2538 3493 2597 ard/tea

1269 2810 1363 2897 S.
1442 2809 1545 2895 P.
1606 2810 1724 2898 N.
1799 2807 2439 2901 ATHANASII

690 3001 769 3055 De
809 3000 1035 3069 imagine
1064 2998 1277 3054 Domini
1304 3001 1474 3055 nostri
1511 2998 1644 3056 Jesu
1673 2997 1895 3068 Christi,
1924 3013 1975 3057 et
2004 2999 2071 3058 de
2114 3001 2374 3056 miraculo
2401 3002 2540 3056 edito
2576 2999 2631 3055 in
2661 2995 2788 3054 urbe
2819 2998 3033 3069 Beryto.

302 3235 353 3289 1.
420 3236 536 3307 (12)
604 3236 809 3308 Ἀρατε
879 3235 1007 3300 τοὺς
1057 3233 1370 3306 ὀφθαλμοὺς
1428 3235 1528 3308 τῆς
1576 3235 1805 3304 διανοίας

1986 3240 2040 3297 1.
2070 3237 2274 3311 Erigite
2303 3236 2494 3294 oculos
2521 3234 2718 3292 mentis
2741 3242 2957 3300 vestrae,
2990 3246 3054 3288 ac
3081 3230 3257 3288 videte
3278 3246 3479 3287 novum

240 3327 406 3397 ὑμῶν,
429 3330 525 3383 καὶ
566 3328 708 3382 ἴδετε
735 3329 798 3382 τὸ
822 3328 1005 3382 καινὸν
1026 3327 1205 3401 θέαμα
1234 3328 1411 3397 τοῦτο,
1435 3328 1576 3403 ὅπερ
1623 3331 1805 3401 γέγονε

1915 3330 2019 3388 hoc
2044 3330 2441 3403 spectaculum,
2474 3327 2621 3400 quod
2668 3326 2872 3383 factum
2919 3330 3023 3382 est.
3069 3322 3343 3396 Respicite
3378 3325 3481 3379 im-

234 3418 343 3476 νῦν.
378 3418 731 3490 Ἐμόλέψατε
764 3420 844 3482 εἰς
871 3419 932 3473 τὸ
958 3418 1185 3492 ἄπειρον
1208 3419 1391 3492 θαῦμα
1413 3418 1506 3475 τοῦ
1533 3419 1692 3489 Θεοῦ,
1719 3423 1805 3477 καὶ

1911 3437 2159 3479 mensum
2191 3421 2286 3478 Dei
2314 3419 2658 3485 miraculum,
2682 3424 2737 3474 et
2773 3417 2899 3473 date
2930 3414 3158 3486 gloriam
3190 3414 3320 3477 Deo,
3357 3414 3479 3484 ejus

234 3509 343 3562 δότε
370 3511 521 3583 αὐτῷ
556 3510 721 3577 δόξαν
754 3509 834 3581 τῷ
867 3509 1005 3583 Θεῷ,
1035 3513 1407 3583 κατανοήσατε
1438 3514 1520 3578 είς
1543 3514 1642 3586 τὴν
1667 3515 1805 3586 ἀφα-

1909 3514 2235 3573 ineﬂahilem
2282 3520 2592 3585 spectantes
2636 3509 2982 3566 clementiam
3032 3523 3163 3579 erga
3201 3506 3476 3569 homines,

230 3617 313 3655 τον
339 3603 504 3657 αὑτοῦ
538 3602 976 3673 φιλανθρωπίαν,
1011 3604 1073 3658 τὸ
1104 3604 1331 3675 μέγεθος
1350 3605 1453 3676 τῆς
1482 3606 1645 3660 αὐτοῦ
1668 3610 1805 3662 οἰκο-

1907 3618 1963 3666 et
1990 3624 2242 3680 magnam
2273 3607 2392 3679 ejus
2430 3603 2823 3678 providentiam
2855 3618 2871 3658 :
2901 3601 3196 3655 lamentum
3225 3615 3348 3652 eum
3388 3599 3477 3652 la:-

230 3694 437 3761 νομίας,
474 3696 575 3749 καὶ
603 3694 805 3764 θρῆνον
839 3694 955 3764 μετ’
983 3694 1319 3767 εὐφροσύνης
1348 3695 1661 3751 ἀναλάϐετε.
1686 3697 1810 3752 Ἐπὶ

233 3787 323 3853 μὲν
353 3786 489 3841 Θεοῦ
524 3786 689 3841 οὐδὲν
740 3784 905 3850 ξένον.
951 3787 1012 3838 '0
1059 3785 1169 3858 γὰρ
1216 3785 1351 3850 Θεὸς
1379 3787 1555 3860 ἡμῶν,
1589 3789 1684 3843 καὶ
1722 3791 1808 3861 ἐφ’

226 3878 408 3947 ἡμῶν,
483 3880 824 3949 ἐκστήσεται
883 3878 1032 3931 πᾶσα
1091 3878 1288 3950 καρδία
1339 3878 1447 3933 τῶν
1481 3880 1803 3939 ἀκουόντων.

228 3969 428 4034 Ὄντως
452 3970 661 4041 ἐξέστη
694 3969 725 4020 ὁ
755 3966 978 4039 οὐρανὸς
1009 3960 1102 4021 ἐπϊ
1129 3967 1206 4038 τῷ
1230 3968 1613 4042 τετολμημένῳ
1635 3973 1807 4041 τούτῳ

224 4059 299 4129 τῷ
350 4060 629 4132 θεάματι·
683 4056 956 4129 ἐταράχθη
1012 4057 1171 4112 πάλιν
1210 4058 1465 4124 ἄϐυσσος,
1509 4061 1603 4114 καὶ
1657 4061 1806 4133 ἥλιος

223 4152 527 4224 ἐσκοτίσθη,
563 4152 669 4207 καὶ
714 4150 762 4203 oi
807 4149 1050 4221 ἀστέρες,
1087 4149 1182 4203 καί⁸
1205 4152 1239 4221 η
1265 4149 1459 4224 σελήνη
1486 4152 1684 4223 ὁμοίως
1711 4155 1805 4208 ἐπὶ

220 4243 582 4314 τῷγεγονότι.
637 4240 801 4295 Ἀ).λά
836 4240 1000 4294 πάλιν
1038 4242 1428 4313 ηὐφράνθησαν
1478 4244 1573 4298 ἐπὶ
1621 4247 1686 4317 τῇ
1727 4247 1805 4298 oi-

218 4340 441 4411 κονομίᾳ
486 4340 559 4411 τῇ
612 4333 889 4405 γενομένῃ
941 4332 1044 4385 ὑπὸ
1077 4332 1280 4403 Κυρίου
1324 4336 1497 4411 πᾶσα-ι
1546 4335 1654 4390 τῶν
1710 4337 1802 4391 οὺ-

219 4408 385 4501 ρανῶν
415 4408 734 4501 δυνάμεις.
777 4422 1068 4478 ’Δκούσατε
1117 4420 1232 4489 οὖν,
1287 4408 1536 4495 ἀδελφοὶ,
1578 4427 1670 4481 καὶ
1714 4427 1805 4481 ἔκ·-

217 4537 401 4593 στητε,
455 4516 505 4592 ᾧ
577 4520 780 4590 γέγονε
835 4518 954 4579 ταῖς
1005 4514 1237 4586 ἡμέραις
1291 4516 1452 4587 ἡμῶν
1528 4517 1803 4583 συνιέντες

1908 3702 2027 3756 titia
2060 3702 2341 3756 assumite.
2373 3698 2520 3753 Nihil
2555 3698 2613 3753 in
2649 3695 2758 3752 Deo
2790 3692 3038 3749 mirabile
3083 3708 3098 3747 :
3149 3689 3288 3747 Deus
3329 3689 3477 3743 enim

1907 3803 2096 3850 noster
2124 3801 2230 3849 est.
2260 3792 2337 3845 Ac
2370 3795 2638 3862 quotquot
2685 3803 2800 3843 rem
2850 3786 3008 3842 istam
3054 3784 3196 3854 apud
3232 3799 3334 3839 nos
3381 3798 3471 3852 ge-

1906 3895 2047 3947 stam
2076 3884 2315 3941 auditurl
2344 3891 2474 3940 sunt
2496 3881 2662 3938 corde
2689 3879 2902 3935 attoniti
2935 3884 3117 3933 erunt.
3143 3874 3351 3930 Revera
3376 3873 3477 3928 ob-

1906 3979 2116 4049 stupuit
2148 3977 2348 4033 coelum
2387 3976 2455 4031 ad
2485 3974 2589 4030 hoc
2610 3972 2744 4028 tanti
2771 3970 3032 4027 facinoris
3062 3966 3471 4038 spectaculum:

1903 4070 2124 4123 turbata
2183 4081 2401 4121 rursum
2453 4071 2540 4120 est
2581 4062 2830 4133 abyssus,
2871 4060 2953 4115 sol
2999 4058 3328 4114 obscuratus
3360 4063 3472 4117 est,

1902 4172 2116 4213 necnon
2146 4163 2293 4211 astra
2323 4163 2376 4210 et
2407 4155 2534 4209 luna
2564 4150 2816 4208 similiter
2843 4149 2913 4205 ob
2937 4146 3208 4219 ejusmodi
3237 4145 3471 4201 facinus.

1902 4249 1971 4302 At
2006 4263 2225 4303 rursum
2254 4248 2446 4301 laetata:
2474 4252 2604 4301 sunt
2629 4243 2700 4298 ob
2746 4241 2895 4295 illam
2932 4238 3148 4295 Domini
3184 4236 3475 4307 providen-

1902 4334 2033 4387 tiam
2059 4334 2289 4388 virtutes
2311 4333 2593 4386 cmlorum.
2625 4327 2825 4383 Audite
2861 4340 3011 4397 ergo,
3041 4324 3259 4388 fratres,
3293 4331 3348 4377 et
3376 4322 3474 4375 oh-

1903 4425 2218 4495 stupescite,
2238 4421 2593 4494 intelligentia
2615 4415 3059 4490 comprehendite
3085 4412 3231 4484 quod
3258 4419 3473 4482 gestum

1901 4526 1984 4572 est
2013 4519 2069 4570 in
2093 4516 2287 4572 diebus
2320 4513 2547 4581 nostris,
2574 4525 2763 4567 aurem
2792 4508 2974 4565 cordis
2993 4506 3159 4563 vestri
3188 4505 3473 4567 inclinate,

217 4615 438 4679 συνίετε,
467 4615 571 4669 καὶ
607 4612 680 4666 τὸ
710 4605 803 4674 οῦς
848 4608 1000 4680 ὑμῶν
1032 4609 1245 4663 κλίνατε
1290 4609 1392 4682 τῆς
1431 4610 1679 4682 καρδίας,
1707 4609 1803 4663 καὶ
1835 4595 1877 4650 D
1904 4616 1956 4661 et
1988 4607 2191 4662 audite.

213 4705 502 4765 ἀκούσατε.

276 4800 329 4853 2.
382 4802 554 4864 Πόλις
602 4795 728 4851 ἐστὶ
776 4793 1015 4866 Βηρυτδς
1072 4794 1377 4866 καλουμένη
1422 4796 1481 4847 ἐν
1532 4787 1803 4863 μεθορίοις

213 4890 380 4964 Τύρου
434 4892 538 4945 καὶ
613 4885 879 4948 Σιδῶνος,
925 4884 1149 4937 τελοῦσα
1199 4884 1255 4938 δὲ
1307 4878 1657 4951 ’Λντιοχείας.
1714 4880 1801 4933 Ἐν

208 4984 373 5055 ταύτῃ
400 4980 500 5037 οὖν
548 4984 622 5053 τῇ
682 4977 832 5032 πόλει
868 4978 932 5047 τῇ
981 4974 1209 5047 Βηρυτῷ
1251 4972 1430 5045 πλήθη
1477 4968 1651 5024 πολλά
1693 4970 1802 5023 είσι

208 5075 311 5127 τῶν
356 5074 670 5128 Ἰουδαίων.
718 5066 952 5138 Πλησίον
997 5065 1054 5117 δὲ
1103 5064 1202 5135 τῆς
1248 5060 1569 5131 συναγωγῆς
1602 5058 1803 5122 αὐτῶν,

212 5169 451 5239 μεγάλης
478 5164 666 5235 οὔσης
699 5159 923 5230 σφόδρα,
956 5156 1275 5228 Χριστιανὸς
1314 5154 1470 5208 ἔλαϐε
1513 5150 1723 5206 κελλίον
1746 5154 1806 5204 ἐν

208 5257 357 5328 οἱκίῳ
423 5256 591 5327 παρά
644 5265 831 5312 τινος·
890 5251 946 5301 ἐν
973 5240 1017 5314 ᾧ
1079 5244 1345 5299 κατοικῶν
1395 5242 1656 5311 ἄντικρυς
1710 5238 1803 5292 τοῦ

207 5347 494 5400 ἀκουόίτου
544 5340 672 5415 (15)
723 5335 919 5400 αὐτῶν,
950 5335 1204 5406 ἐποίησεν
1236 5334 1419 5387 εἰκόνα
1464 5330 1559 5385 τοῦ
1597 5329 1803 5399 Κυρίου

208 5440 359 5509 ἡμῶν
397 5438 586 5512 Ἰησοῦ
628 5428 893 5504 Χριστοῦ,
928 5426 1138 5499 σεμνῶς
1171 5422 1637 5496 ἐζωγραφημένην
1663 5420 1798 5491 (14),

207 5533 494 5587 ὁλόστατον
553 5529 797 5599 ἔχουσαν
855 5520 951 5592 τὴν
1006 5518 1190 5573 εἰκόνα
1240 5516 1335 5570 τοῦ
1388 5514 1592 5585 Κυρίου
1624 5512 1802 5584 ¹ἡμῶν

274 5672 386 5745 (12)
416 5672 502 5727 Ex
529 5685 657 5745 ms1
684 5663 933 5745 Palatino
962 5659 1354 5745 vetustissimo:

844 5734 899 5787 ld
930 5716 1033 5811 est,
1074 5727 1353 5811 στρωμναὶ

210 5789 999 5869 clinium-invitisternebantur
1022 5789 1156 5856 lecti
1176 5789 1274 5870 pro
1296 5789 1452 5849 omna
1471 5789 1531 5847 et
1553 5789 1799 5863 prandio.

1973 4786 2029 4839 2.
2066 4784 2209 4841 Urbs
2242 4791 2327 4840 est
2353 4783 2581 4854 Berytus
2632 4779 2854 4835 nomine
2898 4778 2954 4832 in
2994 4775 3230 4831 confinio
3258 4770 3384 4843 Tyri
3416 4779 3472 4826 et

1908 4875 2148 4941 Sidonis,
2187 4874 2486 4930 Antiochiae
2516 4869 2835 4941 vectigalis;
2884 4869 2939 4922 in
2968 4881 3075 4937 qua
3101 4865 3235 4919 urbe
3274 4860 3471 4931 Beryto

1905 4984 2101 5039 magna
2136 4965 2427 5020 multitudo
2478 4968 2660 5018 exstat
2698 4959 3032 5015 Judaeorum.
3067 4954 3244 5023 Prope
3287 4958 3468 5005 autem

1905 5075 2232 5135 synagogam
2262 5072 2474 5122 eorum,
2504 5070 2623 5125 qua?
2652 5053 2943 5108 admodum
2967 5047 3143 5116 ampla
3175 5051 3281 5106 est,
3309 5041 3471 5135 Chri-

1904 5134 2117 5211 stianus
2146 5165 2178 5205 a
2209 5149 2445 5221 quodam
2476 5148 2726 5203 cellulam
2772 5140 2981 5210 accepit
3023 5139 3081 5194 in
3120 5137 3280 5192 domo
3304 5134 3424 5203 ejus
3453 5151 3468 5186 :

1905 5258 2028 5301 cum
2060 5249 2239 5296 autem
2268 5239 2344 5295 ibi
2378 5244 2684 5293 moraretur
2719 5250 2750 5289 e
2798 5234 3019 5301 regione
3064 5227 3347 5284 accubitus
3374 5239 3470 5279 eo-

1907 5350 2048 5398 rum,
2104 5331 2396 5403 imaginem
2431 5329 2560 5384 fecit
2614 5326 2830 5381 Domini
2887 5321 3059 5377 nostri
3104 5318 3235 5375 Jesu
3262 5315 3467 5373 Christi

1904 5428 2135 5500 pulchre
2183 5425 2539 5487 elaboratam,
2575 5434 2697 5491 quae
2722 5424 2988 5472 staturam
3041 5409 3257 5467 Domini
3292 5409 3469 5463 nostri

1904 5518 2034 5575 Jesu
2075 5515 2281 5571 Christi
2325 5523 2493 5568 totam
2540 5505 2983 5581 repraesentabat.
3034 5501 3250 5558 Modico
3280 5500 3468 5570 elapso

1978 5650 2089 5723 (ιι)
2126 5650 2182 5723 In
2207 5648 2415 5705 Concil.
2446 5645 2568 5723 Nic.
2605 5661 2665 5710 Ir,
2700 5660 2752 5716 p.
2786 5642 2909 5705 218,
2942 5638 3159 5711 legitur,
3185 5637 3243 5691 ἐν
3289 5633 3468 5689 σανίσι

1911 5717 2008 5793 μὲν
2040 5719 2106 5792 ἦν
2137 5717 2593 5791 ὲζωγραφημένη.
