3940 6506
549 380 663 436 £07

1726 370 1785 425 S.
1825 367 2289 424 ATHANASIUS.
2325 397 2391 409 -—
2431 366 2655 423 DUBIA.

3686 369 3781 427 803

549 506 814 565 tempore.
855 490 1199 546 Christianus
1253 487 1345 542 ille
1389 487 1566 555 majus
1629 485 1734 540 sibi
1783 482 2118 538 domicilium

2238 479 2408 552 Ἰησοῦ
2448 479 2705 551 Χριστοῦ.
2750 477 2956 550 Χρόνου
3004 478 3062 532 δὲ
3105 476 3287 545 ὀλίγου
3325 475 3645 543 διελθόντος,
3693 483 3782 536 ἐπ-

547 589 891 662 perquisivit,
925 602 1032 657 quo
1078 600 1216 656 opus
1257 583 1493 638 habebat
1531 602 1543 637 :
1575 581 1721 652 quod
1751 578 1964 634 Domini
2015 593 2118 633 no-

548 682 650 737 stri
683 681 856 747 gratia
891 679 1263 748 dispensatum
1294 683 1398 738 est,
1433 687 1492 728 ut
1523 678 1738 744 opinor,
1779 669 1874 741 qui
1911 669 2119 724 scilicet

548 775 668 828 vult
692 785 884 827 omnes
929 767 1180 822 homines
1205 764 1386 820 salvos
1417 764 1557 828 ﬁeri,
1590 770 1644 817 et
1673 761 1742 816 ad
1786 759 2118 832 agnitionem

547 862 794 918 veritatis
837 859 1045 924 venire,
1081 857 1430 928 ostenditque
1462 855 1734 910 mirabilia
1783 868 1884 908 sua
1925 853 1995 908 iis
2026 851 2119 923 qui

547 955 781 1008 credunt
804 952 859 1005 in
880 967 1026 1014 eum,
1055 952 1123 1006 ad
1145 950 1574 1006 confutationem
1600 948 1890 1018 impiorum
1916 953 1970 1002 et
1997 945 2121 1001 ﬁde-

547 1046 682 1100 lium
715 1045 1206 1099 conﬁrmationem.
1245 1041 1554 1112 lnquirebat
1587 1041 1750 1110 igitur
1778 1038 2120 1096 Christianus

545 1138 661 1200 ille,
695 1136 776 1190 uti
803 1151 968 1207 supra
998 1135 1132 1201 dixi,
1160 1136 1478 1206 ampliorem
1511 1133 1764 1200 domum;
1793 1141 1846 1188 et
1877 1148 2002 1188 cum
2032 1134 2119 1187 in-

543 1226 788 1281 venisset
833 1226 891 1282 in
942 1227 1098 1292 urbe,
1152 1225 1316 1281 istinc
1371 1224 1557 1279 omnia
1610 1239 1709 1278 sua
1767 1239 1890 1278 cum
1924 1224 2122 1294 gaudio

547 1320 871 1390 asportavit,
904 1321 1094 1376 relicta
1119 1337 1184 1375 ex
1221 1320 1316 1376 Dei
1359 1319 1700 1390 providentia
1730 1319 1942 1374 Domini
1985 1319 2122 1374 ima-

546 1415 694 1484 gine,
733 1421 792 1468 ut
821 1414 933 1484 jam
964 1415 1098 1470 dixi.

619 1591 781 1662 293
813 1591 865 1647 5.
906 1590 1128 1647 Iudaeus
1168 1606 1333 1662 porro
1366 1593 1585 1664 quidam
1625 1594 1837 1664 accepit
1864 1594 1918 1648 in
1945 1594 2124 1649 domi-

547 1685 736 1740 cilium
765 1685 987 1740 domum
1019 1685 1191 1750 illam,
1226 1686 1281 1740 in
1303 1701 1411 1756 qua
1443 1687 1627 1742 stabat
1666 1687 1844 1758 imago
1875 1685 2119 1742 Domini:

548 1793 786 1848 cumque
814 1779 996 1832 omnia
1041 1793 1138 1833 sua
1211 1778 1393 1834 isthuc
1431 1778 1727 1845 intulisset,
1779 1780 1834 1834 in
1867 1795 1930 1834 ea
1965 1780 2127 1836 domo

552 1871 895 1936 morabatur,
934 1887 1042 1926 non
1104 1870 1392 1926 advertens
1447 1871 1738 1944 imaginem
1795 1871 2007 1928 Domini
2053 1873 2127 1928 ibi

551 1967 718 2015 stare.
765 1959 952 2029 Neque
979 1959 1124 2014 enim
1169 1959 1382 2014 deloco
1426 1960 1520 2014 illo
1572 1961 1858 2031 cogitarat,
1905 1960 2000 2018 sed
2044 1959 2126 2014 in-

549 2067 775 2121 gressus
799 2052 1020 2106 domum
1050 2050 1106 2104 in
1129 2065 1192 2105 ea
1221 2051 1494 2106 manebat.
1515 2051 1760 2118 Quadam
1777 2068 1907 2107 vero
1927 2053 2015 2108 die
2043 2054 2126 2107 in-

551 2147 742 2200 vitavit
770 2143 990 2199 Judzeus
1015 2145 1106 2200 ille
1144 2146 1509 2201 contribulem
1541 2147 1828 2218 quemdam
1860 2163 2019 2201 suum
2060 2149 2124 2204 ad

552 2235 866 2306 prandium.
920 2234 1056 2288 Dum
1099 2235 1430 2305 pranderent
1474 2245 1678 2302 autem,
1709 2237 1865 2292 elatis
1907 2236 2128 2296 Judaeus

553 2327 620 2381 ad
652 2326 938 2397 prandium
964 2326 1225 2381 invitatus
1239 2327 1415 2383 oculis
1445 2329 1513 2382 ad
1542 2329 1832 2398 imaginem
1859 2330 2126 2398 crucifixi,

553 2419 756 2475 multas
791 2434 859 2474 ex
901 2433 1010 2489 quo
1063 2418 1295 2474 advertit
1345 2419 1495 2473 illam
1527 2425 1582 2473 et
1620 2417 1885 2475 nefandas
1942 2420 2128 2474 intulit

552 2513 634 2567 illi
675 2512 1055 2576 contumelias,
1089 2527 1228 2581 quas
1260 2526 1370 2565 non
1415 2510 1590 2565 ausim
1623 2510 1899 2576 scribere,
1933 2511 2073 2566 absit
2099 2526 2130 2566 a

559 2604 680 2657 mel
714 2617 850 2675 quas
877 2610 1060 2655 tamen
1091 2603 1180 2656 ille
1220 2601 1520 2658 sceleratus
1545 2597 1767 2653 Judazus
1794 2608 1985 2654 contra
2017 2598 2133 2653 Sal-

555 2705 801 2749 vatorem
858 2701 1110 2747 nostrum
1163 2692 1430 2763 protulit,
1487 2693 1677 2748 videns
1723 2693 1870 2746 illan:
1916 2692 2130 2747 Domini

558 2787 870 2857 imaginem.
904 2783 1124 2840 Judaaus
1153 2792 1333 2840 autem
1361 2785 1454 2855 qui
1481 2785 1761 2851 invitarat,
1794 2784 2126 2849 afﬁrmabat,

557 2881 759 2950 aliique
803 2878 990 2933 Judmo
1044 2879 1289 2944 dicebat,
1340 2893 1399 2933 se
1454 2878 1694 2932 nondum
1743 2877 1889 2930 illam
1926 2878 2132 2934 vidisse

560 2973 873 3043 imaginem.
909 2971 1177 3041 Siluitque
1205 2971 1252 3024 is
1272 2971 1362 3040 qui
1400 2969 1573 3024 fuerat
1602 2969 1902 3023 invitatus:
1937 2969 2130 3025 absce-

487 3063 500 3080 ‘
560 3063 696 3120 dens
743 3069 923 3118 autem
973 3062 1107 3117 adiit
1159 3060 1512 3124 sacerdotes,
1561 3059 1920 3130 Judaaumque
1979 3061 2132 3114 illum

2218 573 2449 644 εςήτησε
2479 567 2627 625 οἷκον
2660 568 2880 641 μείζονα
2905 569 3016 640 (15)
3047 572 3076 622 6
3106 569 3428 640 Χριστιανὸς
3452 569 3528 633 ὡς
3556 571 3778 642 χρῄζων.

2217 663 2388 716 Τοῦτο
2419 663 2474 716 δὲ
2503 664 2536 734 ἡ
2562 660 2654 716 τοῦ
2685 660 2891 733 Κυρίου
2923 659 3081 730 ἡμῶν
3118 659 3291 729 Ἰησοῦ
3325 660 3566 731 Χριστοῦ
3598 663 3780 733 ᾠκονό-

2222 772 2361 826 μησε
2391 755 2568 826 χάρις,
2601 753 2676 819 ὥς
2703 771 2765 822 γε
2799 751 2910 821 ἐγὼ
2937 752 3215 824 πείθομαι,
3245 753 3337 807 τοῦ
3371 753 3618 816 Θέλοντος
3657 758 3780 810 πάν-

2217 864 2316 909 τας
2338 844 2654 917 ἀνθρώπους
2697 844 2956 914 σωθῆναι,
2989 845 3081 897 καὶ
3111 845 3190 907 εἰς
3222 844 3516 912 ἐπίγνωσιν
3543 847 3781 918 ἀληθείας

2218 936 2413 998 ἐλθεῖν,
2439 934 2695 988 δεικνύων
2723 933 2791 986 τὰ
2823 932 3102 1002 θαυμάσια
3125 931 3288 984 αὐτοῦ
3312 935 3425 995 τοῖς
3454 934 3780 988 πιστεύουσιν

2219 1030 2298 1092 εἰς
2330 1027 2490 1080 αὑτὸν
2512 1028 2591 1089 εἰς
2624 1024 2841 1095 ἔλεγχον
2871 1024 2978 1077 τῶν
3005 1023 3236 1088 ἀσεϐῶν,
3273 1025 3578 1095 στηριγμὸν
3601 1025 3656 1076 δὲ
3689 1025 3780 1076 τῶν

2220 1120 2446 1174 πιστῶν.
2487 1119 2697 1191 Ἐςήτει
2728 1115 2820 1172 οὖν
2849 1119 2877 1171 6
2904 1118 3247 1189 Χριστιανὸς,
3277 1119 3354 1182 ὡς
3382 1118 3544 1188 ἔφην,
3579 1119 3780 1187 μείζονα

2219 1208 2390 1276 οἶκον,
2415 1210 2508 1265 καὶ
2532 1208 2706 1280 εὑρών
2735 1227 2787 1262 τι
2815 1209 2923 1263 ἀπὸ
2946 1210 3045 1280 τῆς
3074 1211 3301 1272 πόλεως,
3331 1211 3570 1282 μετῆρεν
3599 1212 3778 1272 ἐκεῖσε,

2220 1303 2313 1357 καὶ
2351 1302 2489 1373 μετὰ
2536 1303 2710 1373 χαρᾶς
2756 1302 2932 1354 πάντα
2964 1299 3034 1354 τά
3074 1301 3260 1363 αὑτοῦ,
3308 1303 3402 1356 καὶ
3455 1303 3780 1354 καταλείπων

2221 1392 2281 1460 ἐξ
2330 1393 2636 1463 οἰκονομίας
2679 1391 2834 1456 Θεοῦ,
2869 1391 2966 1463 τὴν
3000 1392 3182 1445 εἰκόνα
3216 1391 3308 1445 τοῦ
3355 1394 3565 1463 Κυρίου
3601 1395 3778 1464 ἀφῆκε,

2222 1484 2362 1539 καθά
2394 1484 2549 1556 ἔφην.

2291 1580 2344 1634 5.
2380 1579 2628 1640 Ἰουδαῖος
2643 1576 2700 1630 δέ
2733 1595 2816 1642 τις
2833 1575 3022 1630 ἐλαΰεν
3049 1577 3263 1648 ἐνοικίῳ
3288 1576 3378 1630 τὸν
3394 1573 3546 1631 οἶκον
3574 1578 3779 1638 ἐκεῖνον,

2223 1669 2352 1725 ἔνθα
2375 1673 2409 1737 ἡ
2432 1668 2594 1724 εἰκὼν
2613 1667 2706 1722 τοῦ
2723 1668 2928 1740 Κυρίου
2957 1668 3162 1722 ἵστατο.
3191 1666 3512 1736 Εἰσαγαγὼν
3545 1668 3602 1721 δὲ
3629 1671 3782 1722 πάντα

2223 1762 2293 1817 τά
2327 1763 2490 1816 αὑτοῦ
2512 1761 2808 1832 κατέμενεν
2842 1762 2900 1814 ἐν
2922 1760 3076 1831 οἴκῳ,
3095 1799 3097 1802 ι
3115 1759 3189 1831 μὴ
3218 1759 3501 1832 θεωρήσας
3530 1762 3633 1831 τὴν
3655 1762 3780 1814 εἰκό-

2227 1872 2292 1909 να
2309 1854 2401 1908 τοῦ
2428 1855 2656 1927 Κυρίου,
2687 1854 2767 1907 ὅτι
2800 1853 2985 1907 ἵστατο
3015 1853 3148 1906 ἐκεῖ.
3189 1853 3324 1907 Οὐδὲ
3352 1853 3463 1925 γὰρ
3495 1853 3684 1924 ἐνόησε
3705 1854 3782 1906 τὸν

2225 1948 2389 2001 τόπον
2417 1948 2645 2011 ἐκεῖνον,
2694 1944 2808 2000 ἀλλ’
2834 1944 3086 1999 εἰσελθὼν
3121 1950 3439 2018 κατέμενεν.
3488 1948 3578 2001 Ἐν
3608 1950 3697 2019 μιᾷ
3734 1950 3780 2002 ὖὲ

2226 2042 2334 2096 τῶν
2361 2040 2582 2114 ἡμερῶν
2612 2041 2870 2095 ἐκάλεσεν
2903 2040 2932 2092 6
2957 2042 3117 2105 αὐτὸς
3146 2041 3396 2103 Ἰουδαῖος
3424 2039 3674 2094 σύνεθνον
3697 2042 3781 2094 αύ-

2226 2134 2322 2188 τοῦ
2352 2133 2444 2187 ἐπὶ
2477 2135 2716 2204 ἄριστον.
2749 2135 2859 2188 Καὶ
2898 2136 2956 2190 ἐν
2987 2133 3064 2204 τῷ
3091 2134 3317 2204 ἀριστᾷν
3341 2133 3562 2197 αὐτοὺς,
3594 2133 3780 2204 ἐπάρας

2227 2229 2353 2290 τοὺς
2385 2225 2694 2296 ὀφθαλμοὺς
2719 2225 2883 2279 αὐτοῦ
2916 2228 2944 2279 6
2968 2225 3186 2296 κληθεὶς
3207 2224 3458 2288 Ἰουδαῖος
3487 2227 3569 2285 εἰς
3604 2224 3695 2295 τὴν
3717 2227 3781 2276 εἱ-

2228 2321 2359 2374 κόνα
2394 2318 2487 2372 τοῦ
2521 2317 2956 2389 ἐσταυρωμένου,
2984 2319 3100 2370 ἐκεῖ
3132 2315 3315 2388 ὕϐρεις
3349 2316 3674 2386 παμπόλλας
3706 2316 3784 2368 καὶ

2229 2409 2539 2482 ἀθεμίτους,
2586 2410 2678 2478 ἀφ’
2707 2405 2773 2481 ἧς
2805 2409 2955 2481 ὥρας
3012 2404 3120 2462 εἶδε
3153 2409 3251 2478 τὴν
3298 2409 3480 2462 εἰκόνα
3512 2407 3607 2461 τοῦ
3647 2407 3781 2468 Θεοῦ,

2231 2503 2350 2557 κατ’
2381 2503 2550 2573 αὐτῆς
2583 2496 2724 2565 εἰπε,
2761 2500 2828 2565 ἀς
2868 2501 2927 2554 ού
2958 2499 3160 2571 τολμῶ,
3190 2499 3263 2571 μὴ
3292 2500 3532 2568 γένοιτοῑ
3574 2498 3780 2570 γράψαι,

2232 2595 2409 2666 ἅσπερ
2443 2590 2594 2647 εἶπεν
2626 2592 2765 2647 κατά
2799 2592 2893 2647 τοῦ
2929 2592 3178 2663 Σωτῆρος
3231 2591 3387 2663 ἡμῶν
3415 2594 3444 2645 ό
3493 2593 3783 2664 παράνομος

2245 2688 2512 2751 Ἰουδαῖος,
2549 2687 2670 2741 ἰδὼν
2699 2687 2794 2758 τὴν
2823 2687 3008 2740 εἰκόνα
3057 2685 3152 2739 τοῦ
3195 2685 3421 2756 Κυρίου.
3468 2684 3783 2755 Ἐπληροςῇ-

2235 2797 2368 2853 ρησε
2396 2781 2452 2833 δὲ
2481 2782 2644 2843 αὐτὸς
2672 2779 2762 2833 τὸν
2786 2778 3055 2849 κληθέντα
3091 2779 3337 2832 Ἰουδαῖον
3366 2779 3561 2849 λέγων,
3589 2780 3667 2831 ὅτι
3692 2780 3784 2831 Mi-

2231 2887 2322 2943 χρι
2350 2870 2445 2924 τοῦ
2479 2872 2746 2942 παρόντος
2777 2873 2878 2924 οὐκ
2911 2866 3046 2924 εἶδον
3085 2871 3181 2943 τὴν
3209 2872 3390 2926 εἰκόνα
3437 2871 3643 2942 ταύτην
3693 2871 3784 2925 Καὶ

2233 2962 2537 3034 ἐσιώπησεν
2575 2966 2602 3016 6
2635 2963 2874 3034 κληθείς.
2913 2963 3184 3018 Ἀπελθὼν
3215 2964 3271 3016 δὲ
3302 2963 3436 3036 πρὸς
3473 2966 3601 3027 τοὺς
3625 2965 3786 3035 ἀρχιε-

2239 3058 2368 3126 ρεῖς,
2398 3055 2667 3109 διαϐάλλει
2702 3057 2792 3110 τὸν
2829 3056 3077 3110 Ἰουδαῖον
3121 3057 3218 3109 τὸν
3236 3058 3301 3109 ἐκ
3339 3056 3419 3126 τῷ
3447 3057 3581 3127 οἴκῳ
3613 3056 3784 3122 λέγων,

561 3155 840 3211 accusavit
885 3153 972 3208 his
1014 3152 1195 3207 verbis
1231 3171 1244 3206 :
1280 3150 1453 3205 Homo
1492 3151 1581 3206 ille
1609 3151 1773 3206 habet
1799 3151 1947 3206 domi
1996 3152 2132 3206 ima-

2238 3151 2314 3204 ὃτι
2368 3151 2425 3204 Ὁ
2455 3151 2598 3204 δεῖνα
2650 3150 2833 3204 εἰκόνα
2871 3150 2984 3220 ἔχει
3017 3149 3110 3203 τοῦ
3139 3149 3460 3220 Ναζωραίου
3490 3151 3548 3202 ἐν
3569 3149 3646 3219 τῷ
3674 3150 3786 3217 οἴκῳ

561 3245 739 3316 ginem
757 3242 996 3300 Νειλετωὶ
1015 3260 1030 3309 ;
1050 3243 1165 3312 qui,
1184 3241 1269 3297 his
1297 3241 1516 3306 auditis,
1538 3256 1735 3313 magno
1752 3241 1935 3298 furore
1957 3244 2134 3314 reple-

562 3336 602 3388 ti
631 3341 779 3397 sunt,
813 3348 878 3387 eo
899 3343 1078 3387 tamen
1113 3347 1336 3402 vespere
1365 3334 1711 3402 quieverunt.

634 3425 688 3480 ι.
726 3426 952 3480 Ineunte
989 3426 1111 3480 luce
1141 3432 1423 3494 sequente,
1452 3435 1736 3496 assumpto
1766 3441 1952 3481 secum
1984 3427 2130 3497 prin-

565 3518 718 3588 cipes
751 3518 1096 3574 sacerdotum
1137 3517 1323 3572 Judan
1349 3518 1441 3588 qui
1481 3519 1648 3573 alium
1679 3526 1984 3584 accusarat,
2011 3534 2135 3573 cum

565 3611 996 3683 magna.populi
1040 3611 1126 3666 sui
1171 3611 1510 3682 frequentia,
1551 3611 1771 3666 domum
1833 3612 2138 3667 concedunt

563 3703 759 3772 Judmi,
781 3706 836 3759 in
861 3719 968 3775 qua
997 3705 1172 3760 stabat
1203 3707 1382 3776 imago
1419 3704 1668 3760 Domini:
1701 3719 1824 3758 cum
1859 3704 2139 3774 pervenis-

569 3806 695 3851 sent
721 3798 789 3852 ad
824 3797 1028 3864 locum,
1055 3797 1297 3853 insiliere
1326 3797 1598 3868 principes
1618 3795 1961 3852 sacerdotum
1986 3806 2039 3851 et
2054 3811 2140 3850 se-

568 3888 752 3942 niores
781 3902 905 3942 cum
934 3904 999 3943 eo
1028 3888 1123 3958 qui
1163 3904 1276 3943 rem
1316 3887 1608 3953 indicarat,
1638 3887 1838 3956 illoque
1868 3902 2141 3942 common-

569 3989 779 4036 strante
816 3981 1106 4051 imaginem
1137 3979 1350 4035 Domini
1399 3987 1636 4035 stantem
1679 3980 1953 4035 viderunt.
2001 3977 2140 4032 Tum

569 4074 756 4129 furore
807 4090 1002 4143 magno
1033 4074 1244 4143 repleti,
1295 4071 1543 4127 Judaeum
1591 4073 1647 4126 in
1677 4072 1840 4126 domo
1870 4073 1961 4126 illa
1990 4086 2140 4126 com-

573 4170 876 4217 morantem
927 4177 1202 4233 synagoga
1248 4162 1551 4231 eiecerunt.
1607 4160 1902 4232 Imaginem
1961 4171 2140 4216 autem

571 4253 786 4308 Domini
817 4255 990 4308 nostri
1019 4251 1148 4307 Jesu
1173 4253 1377 4308 Christi
1411 4267 1534 4306 cum
1563 4252 1930 4317 demisissent,
1957 4268 2142 4308 secum

574 4347 651 4401 ita
685 4346 852 4400 locuti
893 4354 1022 4400 sunt
1050 4365 1064 4402 :
1099 4345 1566 4412 Quemadmodum
1597 4353 1781 4414 patres
1819 4345 1993 4399 nostri
2021 4344 2145 4397 illu-

577 4447 771 4495 serunt
805 4439 906 4509 ipsi
949 4439 1045 4507 (ita
1074 4446 1128 4494 et
1155 4453 1254 4493 nos
1282 4439 1331 4494 ei
1377 4437 1720 4508 illudamus).
1756 4435 1894 4491 Tum
1927 4452 2145 4507 coepere

2235 3242 2421 3296 αὑτοῦ.
2448 3244 2510 3296 Οἱ
2533 3243 2588 3295 δέ
2617 3241 2945 3305 ἀκούσαντες
2972 3241 3314 3312 ἐπλήσθησαν
3342 3241 3517 3312 θυμοῦ
3552 3241 3786 3312 μεγάλου,

2235 3336 2328 3388 καὶ
2352 3334 2449 3405 τὴν
2477 3335 2710 3405 ἑσπέραν
2741 3334 2950 3405 ἐκείνην
2982 3334 3280 3404 ἡσύχασαν.

2306 3428 2359 3482 4.
2396 3429 2612 3499 Πρωῖας
2640 3427 2697 3481 δὲ
2726 3427 2829 3498 ἤδη
2860 3426 3175 3497 γενομένης,
3207 3425 3722 3498 παραλαμϐάνουσιν
3746 3424 3787 3476 οἱ

2237 3522 2513 3592 ἀρχιερεῖς
2556 3519 2716 3572 αὑτὸν
2772 3519 2862 3573 τὸν
2919 3517 3269 3572 διαῦἁλλοντα
3297 3518 3387 3570 τὸν
3435 3518 3678 3570 Ἰουδαῖον
3712 3517 3790 3570 καὶ

2239 3611 2392 3680 δχλον
2425 3609 2614 3663 πολλὸν
2655 3607 2838 3671 ἔθνους
2880 3608 3078 3668 αὐτῶν,
3133 3609 3228 3661 καὶ
3269 3607 3598 3678 ἀπέρχονται
3637 3610 3690 3659 ἐν
3725 3605 3788 3675 τῷ

2241 3707 2374 3774 οἴκῳ
2403 3703 2495 3757 τοῦ
2535 3704 2811 3768 Ἰουδαίου,
2847 3703 2975 3758 ἔνθα
3003 3706 3036 3775 ἠ
3069 3704 3232 3757 εἰκὼν
3255 3704 3348 3758 τοῦ
3382 3705 3586 3776 Κυρίου
3605 3706 3785 3757 ῖστατο.

2242 3795 2523 3866 Γενόμενοι
2569 3795 2660 3848 ἐπὶ
2692 3795 2785 3848 τοῦ
2819 3795 3007 3860 τόπου,
3057 3795 3418 3868 εἰσεπήδησαν
3459 3799 3508 3850 οἰ
3540 3797 3789 3867 ἀρχιερεζ

2244 3886 2333 3938 καὶ
2365 3887 2412 3939 οἰ
2448 3885 2806 3957 πρεσϐύτεροι
2840 3888 2937 3940 σὺν
2958 3885 3033 3956 τῷ
3055 3887 3629 3957 καταμηνύσαντι,καὶ
3645 3888 3788 3958 ὁρῶσι

2243 3976 2340 4048 τὴν
2373 3979 2558 4031 εἰκόνα
2583 3978 2677 4031 τοῦ
2699 3976 2902 4050 Κυρίου
2935 3980 3250 4050 ἱσταμένην,
3267 3979 3644 4044 ὑποδείξαντος
3669 3980 3790 4032 ἐκεί-

2244 4086 2358 4123 νου.
2415 4070 2547 4122 Τότε
2612 4069 2950 4140 θυμωθέντες
3000 4071 3234 4143 σφόδρα,
3285 4072 3377 4125 τὸν
3418 4073 3515 4142 μὲν
3567 4074 3792 4127 Ἰουδαῖον

2245 4159 2335 4213 τὸν
2367 4160 2720 4215 κατοικοῦντα
2745 4162 2804 4214 ὲν
2835 4162 2912 4232 τῷ
2929 4163 3062 4234 οἴκῳ
3096 4164 3519 4232 ἀποσυνάγωγον
3557 4166 3792 4234 ποιήσανσ

2246 4268 2337 4311 τες
2369 4251 2574 4321 ἤλασαν
2595 4267 2606 4280 ·
2651 4251 2749 4323 τὴν
2783 4252 2838 4305 δὲ
2871 4252 3056 4306 εἰκόνα
3087 4253 3178 4306 τοῦ
3213 4254 3417 4324 Κυρίου
3446 4255 3602 4325 ήμῶν
3639 4251 3790 4325 Ἰησοῦ

2246 4340 2481 4413 Χριστοῦ
2505 4343 2899 4410 καταναγόντες
2916 4345 3138 4413 ἔφησαν,
3155 4345 3235 4398 ὃτι
3250 4343 3444 4408 Καθὼς
3461 4347 3554 4398 καί
3580 4349 3628 4398 οἰ
3653 4346 3794 4398 πατέ·

2252 4448 2340 4501 ρες
2368 4431 2521 4502 ἡμῶν
2560 4431 2845 4499 ἐνέπαιξαν
2871 4433 3032 4487 αὑτὸν
3058 4435 3088 4467 ⁸
3123 4433 3240 4487 τότε
3265 4433 3358 4487 τὸν
3389 4435 3646 4489 τοιοῦτον.
3680 4436 3791 4488 Τότε

575 4547 879 4602 conspuere
932 4532 986 4586 in
1046 4531 1239 4587 faciem
1284 4532 1536 4604 imaginis
1576 4531 1826 4596 Domini,
1891 4534 2134 4604 colaphis

2252 4521 2482 4594 ἤρξαντο
2508 4523 2771 4592 ἐμπτύειν
2819 4526 2898 4587 εἰς
2929 4524 2990 4578 τὸ
3016 4524 3306 4596 πρόσωπον
3331 4525 3495 4579 αὑτοῦ
3521 4527 3621 4597 τῆς
3656 4526 3792 4593 ἁγίας

576 4639 698 4680 eam
750 4625 804 4679 in
847 4624 1039 4680 faciem
1096 4625 1226 4680 hinc
1280 4634 1334 4681 et
1385 4627 1512 4681 inde
1564 4625 1919 4681 caeciderunt.
1985 4625 2142 4679 Dum-

577 4733 686 4788 que
727 4717 997 4773 caederent
1038 4718 1295 4773 aiebant:
1348 4719 1695 4788 Quaecunque
1743 4725 1927 4788 patres
1973 4720 2143 4771 nostri

580 4809 779 4874 fecere,
812 4811 996 4865 omnia
1031 4826 1130 4865 nos
1164 4819 1354 4864 contra
1383 4810 1504 4880 ejus
1534 4809 1823 4880 imaginem
1856 4808 2144 4865 faciamus.

579 4901 925 4964 Audivimus,
957 4901 1131 4965 aiunt,
1163 4901 1397 4955 ludibria
1423 4902 1478 4955 in
1505 4917 1630 4955 eum
1660 4901 1991 4965 contulisse,
2016 4899 2149 4971 idip-

581 5009 702 5052 sum
749 5009 848 5050 nos
880 5009 1125 5065 agamus.
1203 4992 1420 5048 Infinita
1468 4993 1632 5065 igitur
1679 4993 1917 5048 ludibria
1962 4994 2018 5048 in
2053 4993 2146 5049 Dei

584 5091 872 5160 imaginem
926 5090 1227 5144 contulere.
1279 5087 1484 5143 Vereor
1515 5088 1671 5144 vobis
1697 5103 1762 5142 ea
1807 5087 1978 5159 loqui,
2027 5104 2148 5158 qua:

583 5189 700 5234 tum
735 5181 811 5236 illi
835 5189 964 5237 sunt
988 5181 1127 5236 ausi.
1187 5180 1355 5234 Aiunt
1382 5179 1611 5235 deinde:
1657 5180 1984 5234 Audivimus
2024 5179 2148 5249 (pa-

584 5282 698 5330 tres
727 5276 965 5345 nnstros)
992 5275 1161 5330 clavis
1192 5288 1386 5327 manus
1413 5281 1467 5329 et
1496 5273 1659 5342 pedes
1689 5273 1809 5343 ejus
1835 5272 2148 5337 conﬁxisse,

587 5369 640 5423 id
677 5375 730 5423 et
759 5384 860 5423 nos
886 5368 1170 5423 faciamus.
1211 5365 1348 5420 Tum
1376 5365 1542 5436 pedes
1584 5380 1888 5435 manusque
1917 5364 2154 5419 Domini-

588 5477 665 5515 cae
702 5461 951 5531 imaginis
998 5459 1272 5515 conﬁxere
1305 5459 1495 5516 clavis.
1554 5457 1752 5513 lterum
1787 5458 1939 5511 aiunt
1970 5457 2154 5512 furore

588 5555 822 5623 correpti
853 5574 866 5608 :
918 5552 1241 5608 Audivimus
1264 5568 1360 5609 eos
1395 5560 1551 5608 aceto
1578 5560 1632 5607 et
1668 5552 1792 5608 felle
1833 5566 1958 5606 cum
1990 5565 2153 5620 spon-

661 5724 769 5792 (13)
811 5725 865 5776 In
901 5724 1108 5796 Concil.
1159 5723 1301 5796 Nic“
1331 5724 1633 5796 ἐπεζήτησε
1682 5724 1900 5793 μιτάτον
1951 5723 2152 5795 μεῖζον.

595 5794 669 5849 De
696 5811 846 5860 voce,
884 5795 1138 5848 Μιτατον,
1173 5794 1304 5849 Vide
1344 5796 1397 5849 in
1429 5794 1790 5850 Onouiastico.

2249 4614 2455 4676 εἰκόνος
2486 4613 2578 4666 τοῦ
2597 4614 2822 4686 Κυρίου,
2847 4614 2941 4668 καί
2956 4615 3255 4686 ὲρῤἀπισαν
3285 4617 3453 4687 αὐτὴν
3479 4618 3620 4670 κατά
3642 4617 3793 4687 πρόσ-

2251 4723 2402 4759 ωπον
2438 4706 2588 4760 ἐνθεν
2633 4707 2723 4760 καὶ
2757 4706 2904 4760 ἔνθεν
2937 4707 3068 4779 (16).
3100 4709 3210 4762 Καὶ
3239 4709 3440 4778 ταύτην
3475 4712 3792 4780 ραπίζοντες.

2250 4799 2456 4866 ἔλεγον·
2498 4799 2636 4851 Ὅσα
2664 4799 2922 4870 ἐποίησαν
2949 4799 2996 4852 οἰ
3024 4798 3254 4870 πατέρες
3275 4801 3453 4871 ἡμῶν,
3487 4803 3660 4854 πάντα
3696 4817 3796 4853 ποι-

2250 4891 2470 4960 ήσωμεν
2501 4891 2596 4943 καὶ
2644 4893 2802 4961 ἡμεῖς
2832 4894 2898 4962 τῇ
2933 4893 3100 4947 εἰκόνι
3143 4891 3326 4947 αὑτοῦ.
3393 4895 3502 4947 Καὶ
3537 4894 3792 4962 λέγουσιν·

2264 4981 2623 5052 Ἦκούσαμεν,
2674 4983 2756 5035 ὅτι
2815 4983 3102 5048 ἐνέπαιξαν
3146 4984 3312 5054 αὐτῷ,
3354 4985 3447 5038 καὶ
3479 4987 3640 5057 ἡμεῖς
3682 4983 3798 5037 αὐτὸ

2252 5075 2582 5145 ποιήσωμεν.
2624 5075 2988 5146 Ἐμπαιγμοῖς
3019 5072 3110 5130 οὖν
3137 5078 3383 5148 ἀπείροις
3433 5076 3712 5139 ἐνέπαιξαν
3740 5076 3796 5142 τῇ

2252 5162 2418 5215 εἰκόνι
2444 5161 2538 5214 τοῦ
2565 5162 2721 5216 Θεοῦ.
2762 5163 2975 5236 Ἀπορῶ
3000 5165 3055 5218 δὲ
3084 5165 3257 5234 λέγειν
3287 5167 3414 5235 ὑμῖν
3437 5166 3464 5218 ὃ
3494 5167 3612 5219 τότε
3641 5164 3800 5217 τετόλο

2256 5271 2443 5324 μηται.
2468 5251 2600 5308 Εἶτα
2639 5254 2884 5322 λέγουσιν
2903 5273 2916 5285 ⁸
2966 5256 3324 5326 Ἢκούσαμεν,
3373 5257 3455 5310 ὅτι
3482 5257 3688 5327 ἣλωσαν
3711 5255 3797 5308 αύ-

2253 5345 2344 5398 τοῦ
2375 5345 2471 5409 τὰς
2503 5349 2690 5417 χεῖρας
2719 5347 2811 5400 καὶ
2838 5349 2962 5410 τοὺς
2985 5348 3146 5412 πόδας
3167 5366 3178 5378 ·
3211 5347 3368 5401 τοῦτο
3393 5349 3488 5401 καὶ
3517 5351 3670 5420 ἡμεῖς
3694 5363 3799 5398 ποι-

2255 5439 2495 5507 ήσωμεν.
2529 5437 2663 5491 Τότε
2696 5440 2789 5490 καὶ
2810 5440 2934 5502 τοὺς
2958 5440 3123 5504 πόδας
3157 5440 3250 5493 καὶ
3272 5441 3367 5503 τὰς
3395 5443 3584 5510 χεῖρας
3601 5440 3690 5510 τῆς
3715 5435 3797 5490 τοῦ

2257 5529 2459 5600 Κυρίου
2492 5531 2696 5593 εἰκόνος
2729 5531 2933 5602 ἔπηξαν
2971 5532 3150 5602 ἥλους.
3190 5532 3355 5586 Πάλιν
3386 5533 3601 5601 λέγουσι
3640 5546 3798 5601 μεμηο

2329 5723 2442 5847 (ιίθ)
2492 5724 2570 5779 Ita
2609 5724 2848 5782 Colbert.
2918 5727 2970 5783 1.
3022 5726 3202 5794 Editi,
3258 5727 3471 5790 ἔνθεον,
3500 5727 3589 5778 καί
3615 5721 3799 5784 ἔνθεον,

2329 5812 2343 5844 ι
2372 5812 2420 5847 c.

2262 5812 2420 5847 Ιιιιιιρ.
