3940 6536
182 405 293 468 8(9

1090 405 1177 458 DE
1213 404 1404 461 PASS.
1444 402 1750 459 IMAGINIS
1787 402 1848 457 D.
1887 400 1953 455 Ν.
1993 401 2157 458 JESU
2195 403 2496 459 CHRISTI.

182 522 372 588 νότεςο
416 520 778 591 Ἠκούσαμιν,
804 518 886 572 δτι
913 519 1033 584 ὅξος
1061 521 1153 573 καὶ
1179 521 1338 592 χολὴν
1368 521 1622 575 ἑπότισαν
1653 521 1754 573 αύ-

1871 519 1945 589 ;ia
1985 527 2207 589 potasse
2256 520 2407 574 illum
2440 539 2453 574 :
2489 519 2543 574 id
2572 534 2670 575 nos
2699 534 2916 590 quoque
2940 519 3245 585 faciamus;
3274 522 3421 589 quod

184 615 278 669 τὸν
310 612 451 683 μετὰ
484 612 750 680 σπόγγου·
799 612 1109 682 ποιήσωμεν
1139 613 1270 665 αὐτὸ
1309 612 1403 666 καὶ
1434 614 1595 683 ἡμεῖς
1616 628 1630 642 ·
1666 613 1762 664 καὶ

186 709 455 775 ἐποίησαν
487 706 812 772 προσθέντες
837 707 914 769 εἰς
944 705 1006 757 τὸ
1034 705 1207 775 στόμα
1235 705 1328 759 τοῦ
1362 706 1565 775 Κυρίου
1595 706 1762 773 σπόγ-

182 814 281 866 γον
309 795 436 862 ὅξου
469 794 912 866 πεπληρωμένον.
931 793 1101 849 Πάλιν
1133 794 1383 862 λέγουσι·
1424 793 1762 863 Μεμαθήκα-

186 907 310 960 μεν,
332 891 417 942 ὅτι
453 887 683 958 καλάμῳ
710 886 907 956 έτυψαν
935 886 1099 940 αὐτοῦ
1123 886 1221 957 τὴν
1250 886 1491 955 κεφαλὴν
1523 887 1572 938 οἱ
1597 886 1762 938 πατέ-

185 998 280 1052 ρες
311 979 473 1052 ἡμῶν
491 996 506 1010 ·
535 980 597 1033 τὸ
627 980 757 1032 αὐτὸ
783 979 877 1032 καὶ
902 981 1063 1049 ἡμεῖς
1085 980 1415 1047 ποιήσωμεν.
1435 978 1547 1031 Καὶ
1570 977 1762 1031 λαϐόν-

181 1087 274 1133 τες
299 1070 549 1140 κάλαμον
579 1068 808 1121 ἔτυπτον
836 1068 933 1139 τὴν
958 1067 1196 1138 κεφαλὴν
1225 1069 1321 1138 τῆς
1344 1068 1566 1130 εἰκόνος.
1596 1067 1759 1130 Τέλος

178 1160 371 1215 λοιπὸν
412 1161 683 1227 λέγουσιν,
723 1158 797 1220 ὡς
831 1157 1094 1227 Ἀκριόὦς
1139 1156 1477 1227 μανθάνομεν
1507 1196 1522 1220 ,
1554 1157 1635 1210 ὃτι
1662 1156 1759 1225 τὴν

179 1252 430 1324 πλευρὰν
456 1250 618 1304 αὑτοῦ
643 1251 809 1320 λόγχῃ
837 1249 1083 1319 ἧνοιξαν·
1120 1249 1283 1319 μηδὲν
1310 1247 1756 1319 παραλείψωμεν,

181 1343 321 1397 ἀλλὰ
354 1341 682 1413 προσθῶμεῦ
730 1340 823 1392 καὶ
869 1339 1045 1392 τοῦτο.
1105 1342 1437 1408 Ποιήσαντες
1477 1338 1757 1409 ἐνεχθῆναι

179 1440 407 1509 λόγχην,
442 1436 779 1507 ἐπέστρεψάν
804 1453 908 1488 τινι
932 1436 1110 1489 αὐτῶν
1130 1432 1259 1506 ἆραι
1285 1436 1384 1505 τὴν
1402 1435 1603 1507 λόγχην
1623 1453 1636 1466 ·
1667 1437 1760 1490 καὶ

180 1531 333 1602 ἁρὼν
367 1529 512 1583 κατᾶ
543 1530 640 1599 τῆς
667 1528 871 1592 εἰκόνος
895 1527 988 1581 τοῦ
1030 1529 1259 1600 Κυρίου,
1298 1528 1501 1593 εὐθέως
1541 1525 1632 1583 οῦν
1666 1532 1760 1583 ἀν-

180 1624 378 1679 έϐλυσε
401 1623 604 1694 πλῆθος
627 1623 852 1693 αἵματος
870 1623 962 1675 καὶ
982 1620 1171 1684 ὓδατος
1196 1621 1255 1686 ἐξ
1276 1621 1466 1691 αὐτῆς.

251 1717 305 1770 5.
341 1717 569 1786 Χριστὲ.
598 1715 725 1779 δόξα
752 1730 861 1767 σοι·
893 1714 1265 1784 ἀκατάληπτε,
1287 1714 1413 1780 δόξα
1435 1713 1649 1777 σοι.Τίς
1682 1713 1759 1776 ὡς

184 1809 578 1875 σὺ,Δέσποτα;
612 1807 707 1868 Τίς
738 1806 874 1876 πλὴν
910 1806 1026 1871 σοῦ,
1050 1805 1201 1870 Θεὸς,
1224 1806 1391 1859 ποιῶν
1425 1806 1631 1877 φοϐερὰ
1661 1808 1757 1860 καὶ

180 1901 438 1969 ὲξαίσια;
475 1901 541 1952 Ὢ
574 1899 666 1953 τοῦ
717 1899 993 1969 θαύματος
1046 1899 1147 1969 τῆς
1183 1898 1274 1952 τοῦ
1307 1899 1559 1969 Σωτῆρος
1603 1899 1759 1969 ἡμῶν

185 1991 643 2063 μεγαλειότητοςί
694 1990 918 2061 ἕφριξαν
955 1989 1167 2061 ἀληθῶς
1191 1991 1248 2043 αἰ
1280 1989 1391 2042 ἄνω
1420 1990 1571 2056 ἆγιαι
1598 1989 1759 2042 δυνά-

184 2098 307 2150 μεις
337 2080 439 2133 καὶ
458 2079 554 2131 ἐπὶ
580 2078 755 2132 τοῦτο.
770 2078 940 2141 Πόσος
967 2074 1035 2141 εἴ,
1058 2078 1322 2142 Δέσποτα,
1349 2078 1428 2140 είς
1458 2078 1761 2150 φιλανθρω-

182 2171 348 2223 πίανί
411 2168 640 2231 ὐτοόσος
664 2169 728 2221 σὺ
757 2169 814 2220 ὲν
832 2167 970 2220 ἐλέει
994 2171 1006 2221 !
1041 2169 1236 2239 Πρώην
1264 2168 1371 2239 γὰρ
1400 2168 1466 2220 δι’
1490 2169 1637 2238 ἡμᾶς
1670 2170 1762 2221 καὶ

178 2262 265 2315 διὰ
289 2261 389 2331 τὴν
433 2263 704 2333 ἡμετέραν
737 2261 1009 2330 σωτηρίαν
1048 2259 1347 2331 σαρκωθεὶς
1376 2262 1404 2312 ό
1428 2260 1667 2332 ἄσαρκος
1698 2261 1764 2313 ὲκ

181 2351 467 2422 Παρθένου
509 2351 748 2422 Μαρίας,
795 2350 1141 2422 ὲσταυρώθης
1173 2353 1231 2404 ἐν
1261 2351 1441 2422 ἐκείνῃ
1484 2353 1549 2422 τῇ
1578 2353 1761 2422 σαρκὶ,

179 2444 404 2514 ἀπαθὴς
436 2446 465 2497 ό
497 2444 657 2507 αὐτὸς
695 2446 752 2496 ἐν
785 2447 850 2514 τῇ
898 2443 1129 2513 θεότητι.
1179 2442 1292 2496 Νῦν
1328 2442 1385 2497 δὲ
1416 2442 1575 2497 πάλιν
1606 2444 1664 2497 ὲν
1694 2447 1760 2515 τῇ

178 2537 352 2589 εἰκόνι
388 2552 485 2588 σου
508 2534 876 2606 ὲσταυρώθης,
914 2530 959 2587 ὦ
986 2535 1246 2598 Δέσποτα,
1295 2537 1377 2597 εἰς
1412 2534 1631 2605 ἔλεγχον
1664 2534 1763 2605 μὲν

177 2625 290 2679 τῶν
322 2624 545 2679 ἀσεϐῶν
571 2626 665 2677 καὶ
699 2625 915 2679 πάντων
945 2625 1052 2678 τῶν
1086 2625 1350 2687 ἀπίστων,
1389 2623 1763 2695 στηριγμὸνδὲ

176 2719 291 2773 τῶν
316 2720 377 2772 ὲν
416 2717 644 2788 ἀληθείᾳ
671 2719 752 2780 εἰς
798 2718 857 2771 σὲ
891 2717 1269 2770 πιστευόντων.
1288 2716 1447 2770 Ἀλλὰ
1492 2714 1619 2781 δόξα
1659 2733 1762 2781 σοι,

178 2810 455 2868 Δέσποτα,
485 2807 564 2877 τῷ
607 2808 750 2878 μόνῳ
775 2806 844 2861 τὰ
877 2808 1052 2861 πάντα
1078 2806 1378 2877 δυναμένῳ,
1423 2806 1538 2876 ἅμα
1571 2806 1647 2877 τῷ
1678 2809 1765 2860 εύσ-

180 2900 404 2971 λογητῷ
449 2899 570 2970 Θεῷ
605 2900 760 2970 ἡμῶν
799 2900 990 2970 Πατρὶ,
1036 2901 1129 2953 καὶ
1182 2899 1259 2971 τῷ
1299 2899 1437 2970 ἁγίῳ
1466 2899 1761 2970 Πνεύματι.

194 2994 253 3044 ’Δ
261 2993 396 3062 μήν.

254 3092 310 3136 ti.
328 3082 521 3152 Ὑμεῖς
539 3081 617 3145 δὲ,
636 3081 821 3145 τέκνα,
837 3079 1102 3134 ἀκούσατε
1122 3080 1189 3134 τὰ
1212 3080 1393 3144 λοιπὰ,
1411 3081 1553 3151 ἆπερ
1567 3080 1766 3151 ᾠκονό-

185 3191 363 3245 μησεν
397 3175 433 3242 ἡ
468 3171 634 3226 αὑτοῦ
665 3172 959 3242 ἀγαθότης.
1009 3172 1163 3225 Μετὰ
1204 3171 1311 3243 γὰρ
1339 3172 1399 3226 τὸ
1439 3172 1764 3244 κρουσθῆναι

180 3268 250 3335 τῇ
284 3264 460 3335 λόγχη
501 3263 599 3333 τὴν
633 3261 869 3333 πλευρὰν
901 3262 1000 3331 τῆς
1030 3262 1234 3325 εἰκόνος
1270 3262 1366 3315 τοῦ
1400 3263 1624 3333 Κυρίου,
1672 3262 1766 3315 καὶ

181 3353 493 3407 ἀναϐλύσαι
520 3352 581 3406 τὸ
612 3348 751 3423 αἷμα
781 3352 877 3407 καὶ
898 3351 960 3403 τὸ
999 3350 1160 3423 ὕδωρ,
1196 3352 1272 3415 ὡς
1305 3352 1505 3423 ἑτέρως
1529 3351 1763 3423 εἴρηται,

181 3443 437 3511 λέγουσιν
469 3444 518 3496 οἱ
552 3443 829 3513 ἀρχιερεῖς
861 3443 955 3496 καὶ⁸
998 3444 1045 3495 οἱ
1075 3443 1431 3514 πρεσϐύτεροι
1465 3443 1559 3497 τοῦ
1601 3442 1728 3496 λαοῦ
1748 3458 1761 3472 ·

183 3535 413 3615 Ἐπειδῂ
426 3533 711 3605 θρυλοῦσιν
723 3533 881 3586 αὐτὸν
895 3535 943 3586 οἱ
965 3533 1089 3587 σεϐό
1096 3550 1239 3604 μενοι
1257 3534 1337 3587 ὃτι
1352 3533 1444 3587 καὶ
1463 3532 1631 3595 ἰάσεις
1645 3532 1769 3589 πολ.

184 3627 283 3693 λας
305 3628 557 3697 εποίησε,
575 3627 826 3697 λάϐωμεν
845 3628 1007 3681 αὐτοῦ
1032 3628 1093 3680 τὸ
1115 3622 1253 3697 αἷμα
1284 3628 1376 3680 καὶ
1395 3628 1457 3680 τὸ
1480 3627 1642 3699 ὕδωρ,
1671 3630 1767 3680 καὶ

182 3719 489 3787 ἀγάγωμεν
511 3718 590 3781 εἰς
614 3718 712 3787 τὴν
740 3718 1078 3787 συναγωγὴν,
1101 3718 1194 3770 καὶ
1216 3715 1529 3787 συνάξωμεν
1562 3716 1765 3780 πάντας

183 3812 313 3872 τοὺς
349 3807 537 3870 κακῶς
567 3807 785 3877 ἔχοντας
818 3807 909 3860 τοῦ
942 3808 1092 3872 λαοῦ,
1143 3810 1237 3862 καὶ
1269 3808 1544 3879 χρίσωμεν
1572 3808 1766 3871 αὐτοὺς

185 3901 280 3952 ἀπ’
297 3897 599 3964 αύτοῦ,καί
620 3897 816 3968 ἴδωμεν
840 3900 886 3950 εἰ
910 3896 1084 3969 ἀληθῆ
1108 3901 1215 3952 εἰσι
1240 3900 1307 3953 τὰ
1328 3899 1613 3970 λεγόμενα.
1632 3899 1766 3953 Τότε

187 3992 575 4062 προσήνεγκαν
595 3992 660 4060 τῇ
686 3988 892 4061 πλευρᾷ
920 3990 1011 4042 τοῦ
1038 3991 1241 4059 Κυρίου
1273 3990 1478 4061 βῆσσαν
1506 3990 1647 4043 κατὰ
1677 3990 1767 4043 τὸν

186 4072 351 4135 τόπον
374 4081 478 4151 τῆς
505 4082 717 4150 σφαγῆς
748 4081 847 4150 τῆς
865 4081 1081 4151 λόγχης,
1104 4081 1223 4135 ὅθεν
1256 4082 1387 4149 ἐξίει
1417 4083 1478 4135 τὸ
1511 4077 1651 4152 αἷμα
1674 4082 1768 4137 καὶ

185 4176 249 4228 τὸ
286 4174 457 4245 ὕδωρ,
489 4174 584 4226 καὶ
626 4172 868 4243 ἔπλησαν
900 4172 996 4243 τὴν
1028 4173 1252 4243 βῆσσαν.
1304 4176 1411 4228 Καὶ
1458 4173 1769 4242 ἀπαγαγόν-

186 4283 300 4329 τες,
335 4266 722 4335 ἐμπαίζοντες,
770 4266 877 4329 ῐνα,
926 4266 1001 4329 ὼς
1035 4266 1302 4336 ἐνόμιζον,
1352 4266 1644 4338 ύὸρίσωσιν
1677 4266 1767 4318 ἐπὶ

189 4359 432 4422 πάντων,
464 4357 695 4428 συνῆξαν
724 4360 933 4424 πάντας
974 4361 1095 4423 τοὺς
1128 4358 1310 4423 κακῶς
1344 4358 1583 4429 ἔχοντας,
1620 4358 1767 4429 πρῶ-

188 4468 279 4504 τον
312 4450 537 4503 πάντων
567 4450 895 4521 παράλυτον,
913 4450 971 4504 ὃν
1001 4453 1065 4504 ὲκ
1096 4450 1321 4521 γενετῆς
1359 4450 1551 4521 ⁴ᾔδεσαν
1580 4449 1765 4515 αὑτὸν,

1865 619 1919 667 et
1939 610 2209 676 fecerunt,
2243 613 2492 683 apposita
2508 611 2593 666 ori
2625 610 2843 665 Domini
2877 611 3104 681 spongia
3141 621 3293 666 aceto
3319 611 3406 679 ple

1861 719 1950 758 na.
2012 704 2250 760 Rursum
2305 705 2601 775 inquiunt:
2662 702 2964 758 Didicimus
2995 710 3177 772 patres
3203 712 3422 758 nostros

1861 795 2131 851 arundine
2163 796 2506 865 percussisse
2535 803 2699 865 caput
2730 795 2883 864 ejus;
2914 793 3149 868 idipsum
3179 808 3278 848 nos
3302 807 3424 864 aga-

1861 903 2005 943 mus.
2032 887 2370 957 Arreptaque
2399 887 2669 943 arundine
2697 886 3071 957 percutiebant
3102 894 3266 955 caput
3291 886 3428 940 ima-

1861 978 2025 1048 ginis.
2079 977 2306 1032 Domum
2334 978 2520 1033 aiunt:
2553 977 2822 1032 Accurate
2850 977 3141 1032 didicimus
3184 991 3280 1031 eos
3311 976 3427 1029 lan-

1859 1085 1953 1125 cea
1978 1070 2120 1126 latus
2148 1069 2269 1138 ejus
2293 1069 2595 1139 aperuisse,
2628 1068 2761 1123 nihil
2788 1070 3137 1133 omittanms,
3167 1068 3262 1125 sed
3292 1068 3424 1123 illud

1858 1174 2076 1230 quoque
2105 1158 2452 1229 adjiciamus.
2502 1158 2881 1228 Lanceamque
2924 1158 3103 1212 all'erri
3139 1167 3422 1222 curarunt,

1860 1267 1923 1307 ac
1944 1252 2163 1321 jussere
2210 1252 2428 1307 cuidam
2449 1267 2481 1307 e
2510 1252 2625 1307 suis
2649 1260 2708 1305 ut
2733 1252 2979 1306 lanceam
3017 1252 3251 1306 vibraret
3276 1271 3288 1305 :
3316 1266 3426 1321 qua

1858 1342 2074 1397 vibrata
2113 1344 2169 1396 in
2203 1342 2492 1413 imaginem
2534 1341 2770 1411 Domini,
2802 1344 2985 1399 statim
3014 1358 3081 1399 ex
3118 1343 3210 1397 illa
3240 1358 3427 1397 mana-

1859 1435 1936 1486 vit
1968 1431 2251 1502 sanguinis
2286 1440 2342 1486 et
2370 1446 2525 1502 aquae
2550 1432 2729 1502 00pia.

1931 1694 1984 1749 5.
2022 1692 2206 1749 Gloria
2243 1692 2368 1756 tibi,
2409 1690 2625 1748 Christe
2661 1711 2676 1747 :
2713 1692 2808 1762 qui
2852 1692 3425 1763 incomprehensibilis

1860 1802 1942 1848 es,
1973 1785 2142 1854 gloria
2172 1786 2289 1839 tibi.
2322 1783 2456 1850 Quis
2481 1785 2580 1839 tibi
2608 1786 2823 1850 similis,
2843 1784 3104 1840 Domine?
3132 1783 3266 1850 Quis
3293 1801 3429 1855 pra:-

1790 1867 1831 1921 Β
1865 1884 1947 1930 ter
1985 1885 2038 1930 te
2070 1875 2274 1930 faciens
2307 1875 2573 1929 terribilia
2603 1881 2656 1929 et
2694 1875 2977 1944 prodigia?
3025 1873 3069 1928 Ο
3103 1875 3427 1930 miraculum

1868 1965 2276 2037 magniﬁcentia:
2330 1963 2633 2019 Salvatoris
2673 1966 2874 2020 nostri!
2944 1964 3216 2022 llorruere
3273 1967 3430 2036 plane

1868 2058 1969 2111 hac
2019 2057 2072 2110 in
2130 2072 2187 2111 re
2235 2066 2435 2111 sanetze
2467 2071 2716 2126 superna
2755 2058 3003 2113 virtutes.
3070 2057 3318 2123 Quantus
3344 2075 3427 2122 es.

1869 2146 2116 2209 Domine.
2150 2147 2439 2201 clementia
2464 2161 2589 2216 erga
2622 2146 2898 2201 homines!
2933 2147 3184 2212 Quantus
3216 2149 3432 2203 miscri-

1868 2235 2089 2291 cordia!
2121 2235 2262 2288 Olim
2294 2243 2512 2304 propter
2541 2250 2644 2289 nos
2676 2241 2730 2288 et
2757 2243 2979 2304 propter
3009 2244 3250 2290 nostram
3284 2238 3432 2291 salu-

1870 2334 2000 2388 tem,
2032 2325 2349 2380 incarnatus
2387 2340 2452 2378 ex
2482 2322 2699 2394 Virgine
2724 2322 2915 2389 Maria,
2945 2331 3002 2378 tu
3034 2326 3219 2379 carnis
3239 2340 3432 2394 expers

1868 2418 1961 2489 qui
2005 2433 2148 2480 cras,
2210 2418 2265 2470 in
2303 2417 2392 2470 illa
2425 2431 2587 2470 carne
2636 2416 2930 2471 cruciﬁxus
2978 2431 3060 2481 es,
3114 2417 3432 2486 impatibilis

1869 2525 1993 2564 cum
2047 2508 2126 2565 sis
2167 2510 2221 2563 in
2277 2508 2500 2563 deitate.
2563 2505 2719 2562 Nune
2762 2515 2939 2565 autem
2973 2509 3026 2563 in
3067 2515 3158 2562 tua
3199 2508 3433 2578 imagine

1869 2602 2161 2656 cruciﬁxus
2200 2617 2280 2666 es,
2313 2615 2347 2654 ο
2378 2599 2627 2666 Domine,
2680 2599 2747 2654 ad
2775 2600 3206 2655 confutationem
3240 2601 3435 2670 impio~

1871 2710 2012 2758 rum,
2042 2694 2397 2763 omniumque
2422 2692 2743 2756 inﬁdelium,
2787 2701 2839 2748 et
2866 2692 2934 2746 ad
2962 2692 3432 2747 conﬁrmationem

1870 2801 2060 2840 eorum
2111 2786 2205 2855 qui
2247 2788 2305 2839 in
2336 2787 2564 2840 veritate
2610 2786 2666 2840 in
2713 2792 2766 2839 te
2798 2784 3050 2839 credunt.
3111 2783 3217 2840 Sed
3264 2784 3433 2854 gloria

1870 2877 1990 2942 tibi,
2043 2877 2289 2941 Domine,
2331 2878 2427 2947 qui
2473 2877 2623 2932 solus
2662 2876 2844 2930 omnia
2879 2883 3054 2944 potes,
3095 2891 3220 2930 cum
3269 2875 3435 2929 bene-

1869 2968 2017 3023 dicto
2058 2969 2165 3023 Deo
2202 2978 2393 3023 nostro
2425 2966 2586 3023 Patre
2617 2976 2671 3023 et
2702 2976 2891 3022 sancto
2918 2966 3143 3038 Spiritu.
3183 2968 3375 3021 Amen.

1940 3055 1994 3109 6.
2036 3054 2147 3111 Vos
2181 3071 2385 3118 autem,
2418 3057 2546 3120 ﬁlii,
2578 3056 2762 3112 audite
2793 3063 3010 3120 caetera,
3041 3070 3161 3126 qua:
3191 3055 3312 3125 ejus
3334 3056 3434 3110 bo-

1872 3148 2016 3204 nitas
2066 3147 2424 3219 dispensavit.
2476 3147 2768 3218 Postquam
2808 3150 2952 3204 enim
3003 3149 3143 3204 latus
3182 3148 3435 3220 imaginis

1871 3237 2083 3292 Domini
2110 3239 2299 3293 lancea
2331 3237 2637 3308 perforatus
2671 3246 2834 3300 esset,
2868 3254 2991 3293 cum
3019 3238 3264 3294 efﬂueret
3305 3253 3435 3294 san-

1867 3329 1990 3399 guis
2020 3335 2072 3382 et
2107 3342 2270 3398 aqua,
2315 3336 2375 3380 ut
2409 3328 2537 3382 alibi
2588 3327 2793 3382 dictum
2817 3335 2924 3392 est,
2970 3328 3128 3381 aiunt
3161 3328 3435 3399 principes

1869 3420 2212 3475 sacerdotum
2260 3419 2425 3493 294
2473 3430 2527 3475 et
2548 3421 2791 3476 seniores
2819 3421 3002 3493 populi
3034 3440 3047 3475 :
3086 3418 3437 3491 Quandoqui-

1867 3512 1986 3567 dem
2044 3512 2285 3567 cultores
2321 3512 2444 3579 ejus
2483 3511 2739 3582 jactitant
2767 3528 2891 3567 eum
2931 3514 3132 3568 multas
3159 3514 3436 3567 curavisse

1869 3602 2230 3666 inﬁrmitates,
2258 3605 2592 3673 accipiamus
2613 3603 2732 3674 ejus
2763 3605 3081 3675 sanguinem
3120 3613 3173 3659 et
3213 3620 3432 3675 aquam,

1867 3694 2176 3752 deferamus
2204 3697 2259 3750 in
2290 3712 2643 3768 synagogam,
2676 3713 2740 3751 ac
2766 3712 3026 3768 cogamus
3053 3712 3242 3752 omnes
3271 3712 3301 3751 e
3327 3712 3424 3766 po-

1868 3789 1996 3858 pulo
2038 3789 2130 3858 qui
2171 3789 2494 3861 aegritudine
2540 3790 2829 3854 laborant,
2873 3805 3048 3860 eoque
3090 3790 3213 3845 illos
3263 3805 3435 3860 unga-

1868 3897 2010 3945 mus,
2045 3882 2433 3952 videamusque
2467 3897 2536 3936 an
2566 3897 2693 3937 vera
2737 3884 2848 3939 sint
2888 3898 3007 3952 quae
3050 3884 3211 3952 vulgo
3252 3881 3432 3937 ferun-

1869 3980 1986 4026 tur.
2042 3971 2181 4027 Tum
2217 3974 2433 4027 admota
2485 3974 2644 4028 lateri
2684 3974 2894 4028 Domini
2952 3973 3211 4043 amphora
3242 3972 3309 4026 ad
3352 3973 3435 4025 lo.

1868 4081 1990 4119 cum
2025 4064 2114 4118 ubi
2142 4065 2335 4119 vulnus
2354 4074 2469 4120 erat
2497 4066 2681 4124 lancea
2714 4065 2999 4129 inuictum,
3034 4065 3174 4119 unde
3203 4064 3439 4133 proﬂua»

1869 4156 1959 4210 bat
2019 4156 2242 4226 sanguis
2306 4167 2358 4212 et
2429 4172 2609 4227 aqua,
2674 4158 3037 4228 impleverunt
3092 4157 3431 4227 amphoram.

1869 4246 2322 4316 Abducentesque
2367 4263 2430 4302 ac
2458 4248 2768 4315 illudcntes,
2820 4264 2928 4318 quo
2956 4248 3157 4301 nullam
3202 4263 3334 4310 non,
3377 4256 3435 4303 ut

1870 4336 1972 4392 sibi
2000 4337 2299 4401 videbatur,
2332 4340 2719 4393 contumeliam
2750 4339 3091 4402 adhiberent,
3137 4347 3436 4409 coegerunt

1870 4442 2060 4484 omnes
2109 4430 2201 4498 qui
2255 4432 2395 4484 male
2443 4430 2737 4496 habebant,
2799 4431 3146 4501 primumque
3189 4432 3434 4487 omnium

189 4544 283 4596 καὶ
315 4518 761 4613 προσαγαγόντες
782 4524 1002 4613 ἔχρισαν
1035 4518 1211 4596 αὐτόν.
1239 4518 1348 4595 Καὶ
1367 4518 1529 4604 αὖθις
1560 4542 1764 4611 ἀνεπή-

1871 4518 2224 4589 paralyticum
2248 4559 2262 4581 ,
2300 4536 2457 4589 quem
2495 4536 2559 4575 ex
2593 4520 2874 4576 nativitate
2914 4522 2989 4574 ita
3019 4537 3078 4577 se
3109 4522 3308 4577 habere
3339 4539 3437 4577 no-

188 4633 338 4702 δησε,
376 4634 473 4685 καὶ
502 4633 667 4703 ἥλατο
692 4632 964 4700 ύγιανθεὶς
990 4631 1214 4685 καθόλου
1240 4633 1268 4683 ό
1296 4632 1599 4703 ἅνθρωπος.
1634 4626 1763 4683 Εἶτα

190 4723 402 4793 ἤγαγον
433 4721 687 4789 τυφλοὺς,
718 4722 959 4774 κάκεῖνοι
994 4722 1193 4791 ὁμοίως
1217 4722 1525 4792 χρισθέντες
1550 4720 1769 4773 ἀνέϐλε-

189 4810 316 4881 ψαν,
353 4809 743 4880 δαιμονιῶντες
777 4808 1134 4879 ἀναρίθμητοι
1165 4806 1475 4877 παραυτίκα
1510 4804 1767 4875 ἐκαθαρί-

193 4900 423 4973 σθησαν.
450 4899 674 4969 Ταραχὴ
696 4898 884 4968 γέγονε
915 4896 1123 4968 μεγάλη
1149 4896 1286 4949 κατὰ
1314 4898 1494 4949 πᾶσαν
1540 4895 1638 4964 τὴν
1675 4893 1771 4946 πό-

191 4993 293 5055 λιν,
332 4993 552 5045 παντων
589 4990 982 5062 ἐπιτρεχόντων
1015 4987 1104 5041 διὰ
1148 4988 1217 5041 τὰ
1252 4988 1453 5058 ἄπειρα
1496 4985 1767 5056 θαύματα.

205 5082 567 5152 Ἐκινήθησαν
590 5082 765 5135 πάντα
794 5081 862 5134 τὰ
892 5078 1068 5151 πλήθη
1108 5080 1213 5133 τῶν
1245 5077 1529 5140 Ἰουδαίων,
1563 5076 1669 5128 τῶν
1694 5076 1773 5128 οἰ-

196 5174 440 5229 κούντων
467 5171 564 5243 τὴν
599 5171 774 5236 πόλιν,
810 5170 885 5235 ὡς
916 5173 1053 5242 μήτε
1080 5168 1179 5241 τὴν
1220 5167 1537 5239 συναγωγὴν
1569 5166 1768 5232 αὐτῶν,

194 5268 373 5321 καίτοι
420 5257 897 5336 μεγίστηνοῦσαν,
933 5264 1146 5333 χωρεῖν,
1178 5261 1311 5331 μήτε
1340 5259 1432 5312 τὸν
1461 5260 1645 5320 τόπον,
1677 5257 1770 5311 τοῦ

198 5356 436 5428 πλήθους
468 5354 562 5408 τοῦ
586 5355 813 5425 ἀπείρου
846 5351 975 5406 λαοῦ
1000 5351 1393 5422 συνδραμόντος
1412 5349 1500 5403 διὰ
1533 5349 1600 5402 τὰ
1619 5350 1773 5403 ἄπει-

200 5463 263 5517 ρα
290 5446 572 5517 θαύματα.
606 5445 813 5507 Πάντες
839 5444 896 5496 δὲ
919 5442 967 5496 οἰ
1000 5443 1294 5513 ἀρχιερεῖς,
1326 5440 1418 5492 καὶ
1456 5441 1502 5491 οἰ
1534 5436 1772 5509 πρεσϐύ-

198 5556 363 5613 τεροι,
398 5539 495 5592 καὶ
526 5540 555 5592 ὁ
583 5537 731 5600 λαὸς,
772 5537 865 5589 καὶ
899 5536 968 5589 τὰ
1001 5534 1178 5605 πλήθη
1202 5532 1309 5587 τῶν
1351 5531 1637 5594 Ἰουδαίων,
1677 5532 1773 5583 ἀν-

200 5632 338 5705 δρῶν
366 5649 420 5685 τε
438 5631 533 5685 κα¹ι
556 5628 829 5698 γυναικῶν
855 5630 950 5682 καὶ
971 5627 1196 5687 παίδων,
1228 5623 1553 5676 ἐπίστευσαν
1578 5624 1656 5684 εἰς
1683 5622 1773 5675 τὸν

134 5748 135 5751 η
206 5723 405 5795 Κύριον
424 5721 584 5793 ἡμῶν
613 5720 819 5790 Ἰησοῦν
850 5719 1104 5792 Χριστὸν,
1142 5716 1435 5788 κράζοντες
1460 5713 1555 5767 καὶ
1587 5712 1772 5780 λέγον-

206 5830 328 5878 τεςο
360 5813 498 5878 Δόξα
526 5829 627 5874 σοι,
653 5812 873 5883 Χριστὲ,
895 5811 953 5863 ὂν
981 5812 1028 5862 οἱ
1056 5809 1287 5879 πατέρες
1314 5806 1467 5877 ἡμῶν
1498 5802 1770 5874 ἐσταύρω-

327 5912 601 5972 ΡΑτιιθι..
635 5907 751 5968 Gn.
784 5904 1075 5967 XXVIII.

1873 4620 1995 4664 rant
2018 4650 2033 4671 .
2067 4612 2472 4682 adductumque
2508 4620 2784 4667 unxerunt
2840 4632 2854 4668 :
2903 4615 2994 4683 qui
3023 4616 3202 4668 statim
3236 4615 3438 4669 exsiliit

1871 4707 1925 4755 et
1954 4702 2265 4763 exsultavit,
2292 4703 2515 4758 omnino
2543 4719 2730 4758 sanus.
2752 4703 2952 4758 Deinde
2993 4719 3165 4759 caacos
3199 4704 3437 4757 adduxe-

1871 4801 2018 4854 runt,
2065 4792 2159 4861 qui
2217 4792 2470 4847 similiter
2511 4794 2722 4847 inuncti
2780 4794 3064 4859 viderunt,
3116 4792 3436 4848 daemoniaci

1872 4880 2143 4935 innumeri
2177 4881 2465 4935 confestim
2511 4883 2725 4952 purgati
2760 4888 2908 4936 sunt.
2959 4880 3250 4935 Tumultus
3320 4894 3438 4933 ma-

1872 4988 2013 5043 gnus
2046 4988 2143 5043 per
2170 4980 2337 5026 totam
2373 4973 2559 5027 urbem
2590 4981 2813 5029 exortus
2849 4980 2953 5036 est,
2979 4972 3232 5027 omnibus
3255 4970 3325 5025 ob
3354 4969 3438 5023 in-

1876 5065 2031 5117 linita
2080 5065 2349 5119 mirabilia
2381 5065 2809 5121 accurrentibus.
2845 5065 3125 5118 Commota
3146 5070 3229 5118 est
3259 5062 3436 5115 omnis

1873 5154 2185 5209 Judzeorum
2219 5157 2375 5209 turba
2416 5172 2537 5226 quae
2564 5156 2842 5210 habitabat
2879 5157 2932 5209 in
2974 5156 3075 5209 ista
3100 5153 3255 5215 urbe.
3281 5153 3352 5207 ita
3379 5160 3438 5207 ut

1875 5263 1944 5302 ne
1990 5262 2260 5318 synagoga
2303 5247 2521 5318 quidem
2557 5264 2776 5311 eorum,
2832 5248 3065 5300 maxima
3104 5247 3228 5301 licet
3268 5254 3434 5306 esset.

1889 5355 2070 5411 :apere
2104 5348 2325 5409 posset,
2368 5356 2546 5410 neque
2586 5341 2741 5395 locus
2769 5349 2913 5393 esset
2948 5338 3226 5392 immensa:
3256 5336 3438 5390 mutti—

1882 5432 2048 5487 .udini
2099 5432 2281 5501 populi
2320 5432 2390 5487 ob
2449 5432 2662 5485 inﬁnita
2723 5431 2984 5485 miracula
3036 5428 3433 5483 concurrentis.

1876 5523 2080 5580 Omnes
2115 5539 2277 5595 porro
2306 5524 2583 5595 principes
2613 5522 2982 5586 sacerdotum,
3034 5522 3298 5582 seniores,
3342 5536 3438 5590 po-

1875 5617 2057 5686 pulus,
2103 5626 2155 5670 et
2212 5615 2371 5669 turba
2400 5626 2408 5679 ε
2436 5612 2770 5678 Judaaorum,
2816 5612 3104 5677 virorum,
3150 5612 3434 5666 mulierum

1874 5718 1929 5762 ct
1982 5722 2275 5778 puerorum
2329 5706 2681 5763 crediderunt
2742 5706 2797 5760 in
2842 5704 3129 5760 Dominum
3186 5711 3433 5759 nostrum

1874 5799 2060 5857 Jesum
2097 5800 2396 5870 Christum,
2457 5800 2756 5876 clamantes
2808 5815 2873 5857 ac
2920 5800 3206 5857 dicentes:
3248 5795 3429 5854 Gloria
