4050 6396
532 339 629 397 8H

1640 330 1699 386 S.
1737 322 2191 383 ATHANASIUS.
2232 350 2300 362 --
2337 318 2607 376 SPURIA.

3653 310 3760 368 8ιὲ

526 457 646 521 tibi,
672 455 911 519 Christe,
942 469 1101 524 quem
1123 460 1306 523 patres
1335 452 1508 507 nostri
1542 451 1956 511 cruciﬂxerunt,
1988 446 2083 516 qui

2193 459 2307 503 σαν,
2334 439 2428 493 καὶ
2455 438 2547 506 ἀφ’
2573 432 2732 508 ἡμῶν
2766 432 2859 488 νῦν
2877 430 3210 503 σταυρωθεὶς
3240 430 3332 484 ἐπὶ
3358 430 3425 501 τῇ
3451 423 3621 483 εικόνι
3641 444 3758 482 σου.

521 546 634 614 jam
666 559 696 599 a
746 544 902 599 nobis
952 543 1005 597 in
1043 543 1275 613 imagine
1318 550 1409 596 tua
1451 541 1747 596 cruciﬁxus
1784 554 1864 595 es.
1899 537 2085 592 Gloria

526 633 647 700 tibi,
683 631 784 687 Fili
830 631 924 685 Dei
956 631 1206 695 viventis,
1239 631 1332 701 qui
1364 638 1517 685 tanta
1544 629 1765 686 edidisti
1797 626 2084 682 miracula.

527 722 650 778 Tibi
686 721 958 777 credimus
1001 739 1014 775 :
1053 721 1316 792 propitius
1348 720 1505 775 nobis
1530 728 1672 786 esto,
1706 726 1760 774 et
1801 733 1904 773 nos
1947 716 2087 771 reci-

528 815 659 879 pito.
707 811 833 867 Haec
861 827 1052 867 omnes
1089 812 1428 878 clamabant,
1471 812 1754 882 lugentes;
1789 823 2096 879 eorumun

524 905 731 960 clamor
760 904 1113 968 ascendebat,
1144 903 1274 958 dum
1304 912 1572 974 ungerent
1600 902 1874 973 principes
1904 913 2090 956 sacer-

522 991 732 1054 dotum,
760 1005 1062 1062 omnesque
1091 999 1417 1048 curarentur
1455 1002 1510 1048 et
1545 992 1951 1048 reviviscerent.

595 1086 643 1140 7.
680 1084 972 1156 Postquam
1004 1093 1186 1141 autem
1231 1085 1409 1139 sanati
1440 1099 1632 1140 omnes
1679 1082 1936 1147 fuissent,
1964 1094 2086 1135 tur-

523 1178 603 1231 bae
631 1174 940 1232 Iudaeorum
990 1174 1059 1230 ad
1116 1176 1435 1246 episcOpum
1491 1176 1639 1231 illius
1670 1174 1948 1235 Ecclesiae,
1994 1172 2088 1242 qui

525 1284 637 1322 rem
665 1275 870 1339 gestam
908 1266 1022 1338 jam
1048 1267 1335 1331 didicerat,
1369 1281 1720 1331 concurrere,
1744 1264 2045 1319 clamantes
2071 1281 2084 1316 :

525 1361 678 1416 Unus
727 1360 871 1417 Deus
921 1359 1126 1427 Pater,
1167 1376 1313 1415 unus
1356 1359 1527 1415 Filius
1585 1359 1706 1429 ejus
1754 1357 2085 1428 unigenitus,

525 1468 667 1508 unus
708 1451 981 1514 Christus,
1022 1465 1186 1521 quem
1232 1457 1415 1519 patres
1454 1448 1628 1503 nostri
1656 1447 2085 1501 cruciﬁxerunt:

525 1545 702 1614 ipsum
745 1558 869 1599 esse
899 1542 1065 1597 Deum
1095 1544 1321 1607 scimus,
1348 1540 1476 1595 huic
1508 1556 1608 1595 nos
1635 1540 1929 1595 credimus.
1953 1535 2089 1592 Cum

524 1634 712 1690 multis
760 1648 891 1704 ergo
937 1632 1193 1689 laudibus
1241 1632 1409 1687 Deum
1460 1630 1850 1694 celebrassent,
1900 1628 2091 1698 imagi-

527 1741 757 1797 nemque
797 1724 1206 1795 archiepiscopo
1235 1722 1620 1785 ostendissent,
1657 1721 2091 1776 renuntiassent-

2186 535 2321 598 Δόξα
2356 548 2457 596 σοι,
2487 529 2584 583 Υἱὲ
2614 528 2709 582 τοῦ
2735 527 2870 581 Θεοῦ
2898 524 2992 579 τοῦ
3026 523 3248 589 ζῶντος,
3275 525 3303 576 ὁ
3328 522 3562 576 τοσαῦτα
3596 522 3758 590 ποιή-

2189 646 2287 691 σας
2337 623 2634 695 θαυμάσια.
2677 620 2769 674 Σοὶ
2814 617 3171 688 πιστεύομεν·
3214 615 3372 678 ἵλεως
3415 616 3547 685 ἡμῖν
3578 612 3758 682 γενοῦ,

2187 721 2281 773 καὶ
2306 717 2452 785 δέξαι
2485 716 2652 787 ἡμᾶς.
2692 709 2879 765 Ταῦτα
2913 708 3080 761 ὲδόων
3113 706 3356 768 ἅπαντες
3406 703 3757 764 πενθοῦντεςο

2145 818 2151 824 ’
2188 813 2281 866 καὶ
2311 811 2365 864 αἰ
2390 807 2509 878 βοαὶ
2524 804 2699 859 αὐτῶν
2723 801 3118 871 ἀνεπέμποντο,
3159 798 3454 868 ἀρχιερέων
3475 799 3759 867 χριόντων,

2188 906 2282 960 καὶ
2315 902 2531 956 πάντων
2561 894 3012 971 θεραπευομένων
3037 894 3132 946 καὶ
3152 890 3616 960 ζωοποιουμένων.

2267 1086 2317 1138 7.
2340 1082 2496 1138 Μετὰ
2515 1082 2572 1135 δὲ
2598 1080 2659 1133 τὸ
2694 1080 2899 1140 πάντας
2933 1073 3167 1143 ἰαθῆναι,
3194 1066 3349 1133 αὖθις
3376 1069 3510 1139 πρὸς
3544 1068 3763 1120 ἐπίσκο-

2191 1196 2290 1231 πον
2318 1177 2416 1246 τῆς
2434 1175 2611 1227 ἐκεῖσε
2627 1169 2970 1240 Ἐκκλησίας,
2988 1165 3086 1238 ῆδη
3115 1160 3497 1234 μεμαθηκόντα
3521 1159 3591 1211 τὰ
3619 1161 3764 1226 γενό-

2198 1287 2354 1340 μενα,
2381 1267 2447 1319 τὰ
2484 1263 2659 1334 πλήθη
2688 1262 2797 1315 τῶν
2825 1258 3092 1314 Ἰουδαίων
3129 1254 3491 1325 κατέδραμον,
3527 1250 3760 1321 κράζον-

2187 1378 2307 1425 τες·
2344 1354 2439 1421 Ei;
2474 1357 2607 1420 Θεὸς
2646 1358 2673 1409 ὁ
2716 1354 2925 1425 Πατὴρ,
2979 1346 3059 1414 εἷς
3088 1348 3214 1412 Υἰὺς
3253 1344 3415 1400 αὐτοῦ
3446 1345 3758 1415 μονογενὴς,

2189 1449 2270 1515 εἷς
2301 1449 2532 1522 Χριστὸς
2562 1447 2620 1500 ὃν
2645 1449 2693 1499 οἱ
2730 1444 2962 1516 πατέρες
2988 1439 3144 1512 ήμῶν
3171 1438 3522 1508 ἐσταύρωσαν
3547 1452 3562 1465 ·
3599 1435 3759 1488 αὑτὸν

2189 1542 2319 1595 Θεὸν
2348 1541 2587 1611 οἴδαμεν,
2611 1538 2783 1607 τούτῳ
2824 1537 2982 1607 ἡμεῖς
3013 1530 3354 1601 πιστεύομεν.
3413 1527 3643 1590 Πολλαῖς
3667 1522 3759 1579 οὖν

2189 1621 2487 1704 εὐφημίαις
2508 1629 2829 1694 δοξάσαντες
2853 1627 2942 1679 τὸν
2968 1623 3120 1686 Θεδν,
3151 1622 3247 1694 τήν
3271 1638 3329 1674 τε
3356 1621 3538 1674 εἰκόνα
3564 1617 3640 1688 τῷ
3662 1618 3760 1688 ἀρ-

2190 1723 2529 1796 χιεπισκόπῳ
2574 1718 2865 1785 δείξαντες,
2910 1717 3005 1771 καὶ
3042 1713 3475 1783 ἀπαγγείλαντες
3501 1710 3538 1765 ἃ
3567 1711 3757 1781 ἐποίη-

525 1829 632 1885 que
660 1828 723 1870 ea
767 1828 888 1884 quae
916 1814 1018 1884 ipsi
1050 1820 1499 1884 perpetraverant
1543 1811 1599 1865 in
1640 1810 1845 1867 Christi
1892 1811 2087 1882 imagi-

2193 1835 2288 1871 σαν
2321 1815 2418 1887 τὴν
2446 1814 2539 1868 τοῦ
2570 1810 2807 1885 Χριστοῦ
2842 1810 3044 1873 εἰκόνα,
3065 1808 3125 1861 τό
3157 1824 3217 1861 τε
3246 1800 3387 1877 αἷμα
3415 1806 3505 1859 καὶ
3528 1803 3589 1858 τό
3615 1803 3756 1874 ὕδωρ

526 1921 672 1970 nem,
700 1906 903 1976 pariter
922 1905 1237 1960 indicabant
1260 1904 1583 1975 sanguinem
1629 1912 1681 1957 et
1715 1917 1912 1974 aquam
1940 1917 2093 1958 ema-

525 2012 719 2053 nasse:
753 2013 858 2068 qua
889 1996 1100 2053 ratione
1132 1996 1258 2051 item
1285 2010 1351 2050 ex
1382 1995 1551 2050 latere
1573 1995 1828 2065 imaginis
1852 1993 2093 2050 efﬂuxis-

525 2100 642 2154 set,
684 2104 846 2159 quam
901 2089 1167 2143 immensa
1209 2086 1356 2142 edita
1407 2096 1590 2141 essent
1632 2086 1914 2141 miracula.
1950 2086 2090 2141 Tum

524 2179 704 2234 omnis
744 2177 1035 2232 multitudo
1077 2176 1301 2248 rogabat
1337 2184 1395 2230 ut
1441 2175 1547 2231 sibi
1596 2175 1777 2231 sancti
1832 2176 2089 2246 baptismi

524 2270 699 2340 gratia
733 2269 1092 2325 tribueretur.
1128 2268 1280 2335 Quos
1307 2268 1602 2339 episcopus
1643 2267 1934 2332 admissos,
1981 2282 2089 2322 una

523 2372 647 2412 cum
676 2357 822 2413 illius
850 2355 1109 2413 Ecclesia:
1135 2358 1303 2425 clero,
1326 2371 1518 2411 omnes
1549 2357 1848 2410 multorum
1878 2356 2088 2411 dierum

525 2448 704 2520 spatio
742 2448 1060 2519 baptizavit.
1119 2446 1462 2520 Synagogam
1500 2462 1630 2502 vero
1660 2448 2002 2502 consecravit
2034 2448 2090 2502 in

524 2539 811 2599 ecclesiam
848 2538 1149 2596 Salvatoris
1187 2540 1362 2598 nostri
1404 2536 1533 2597 Jesa
1567 2538 1794 2603 Christi,
1822 2539 1958 2609 ipsis
1980 2539 2090 2594 sci-

526 2633 657 2688 licet
688 2633 1028 2703 rogantibus.
1058 2631 1297 2688 Caateras
1344 2640 1523 2687 autem
1559 2644 1749 2686 eorum
1791 2643 2091 2701 synagogas

527 2727 586 2782 in
614 2726 869 2798 martyria
903 2726 1191 2782 convertit.
1233 2724 1374 2780 Hinc
1413 2738 1612 2796 magna
1644 2730 1834 2778 exorta
1871 2730 1954 2779 est
1998 2724 2090 2777 lae.

526 2818 649 2872 titia
694 2817 747 2872 in
778 2818 872 2873 illa
903 2818 1147 2881 civitate,
1180 2831 1288 2871 non
1323 2816 1484 2871 modo
1511 2815 1718 2871 curatis
1744 2814 2091 2885 corporibus,

528 2910 624 2966 sed
650 2918 730 2965 tot
757 2911 1043 2967 animabus
1071 2925 1103 2964 a
1144 2918 1318 2965 morte
1344 2908 1413 2963 ad
1442 2908 1607 2962 vitam
1635 2908 1925 2964 revocatis.

597 3002 651 3058 8.
692 3001 820 3058 Haec
850 3001 1004 3057 vobis
1028 3016 1150 3073 ego,
1181 3001 1260 3057 rei
1287 3008 1453 3072 gestae
1481 3014 1703 3070 gnarus,
1738 2997 2092 3070 signiﬁcanda

529 3094 683 3163 duxi,
717 3094 1058 3150 dilectissimi
1098 3093 1313 3158 fratres,
1352 3093 1421 3148 ad
1466 3093 1752 3148 utilitatem
1787 3093 2092 3146 animarum

2191 1911 2445 1980 ἐμήνυον,
2461 1906 2553 1959 καὶ
2581 1905 2643 1958 τὸ
2671 1903 2789 1968 πῶς
2812 1902 3125 1974 ἐξελήλυθεν
3147 1899 3254 1954 ἀπὸ
3273 1898 3373 1969 τῆς
3398 1898 3639 1969 πλευρᾶς
3661 1898 3759 1968 τῆς

2189 2001 2415 2063 εἰκόνος,
2467 1998 2574 2051 τῶν
2612 2014 2673 2050 τε
2731 1995 2972 2067 ἀπείρων
3025 1994 3310 2064 θαυμάτων
3361 1990 3432 2045 τὰ
3476 1989 3754 2058 γεγονότα.

2188 2091 2376 2156 Οὕτως
2408 2091 2621 2144 ἅπαντα
2672 2086 2744 2141 τά
2803 2086 2981 2157 πλήθη
3027 2084 3120 2139 τοῦ
3171 2083 3328 2152 ἁγίου
3385 2080 3755 2152 βαπτίσματος

2189 2183 2487 2253 ἀξιωθῆναι
2516 2181 2776 2235 ἱκέτευον.
2824 2178 2930 2242 Οὒς
2955 2175 3134 2231 λαϐὼν
3157 2178 3186 2229 ό
3215 2175 3510 2239 ἐπίσκοπος
3541 2175 3655 2244 ἅμα
3684 2172 3760 2243 τῷ

2191 2277 2371 2330 ἐκεῖσε
2399 2274 2587 2346 κλήρῳ
2617 2272 2825 2334 πάντας
2863 2270 2955 2323 ἐπὶ
2992 2267 3191 2332 πολλάς
3223 2268 3433 2339 ἡμέρας
3478 2265 3758 2320 ἐϐάπτισε.

2189 2368 2300 2439 Τὴν
2337 2365 2395 2418 δὲ
2442 2361 2764 2433 συναγωγὴν
2817 2358 3109 2430 ἐκκλησίαν
3161 2357 3254 2411 τοῦ
3308 2356 3557 2429 Σωτῆρος
3607 2357 3759 2427 ήμῶν

2200 2456 2375 2528 Ἰησοῦ
2393 2452 2625 2528 Χριστοῦ
2642 2452 2967 2524 ἀφιέρωσεν,
2992 2450 3215 2503 ἐκείνων
3234 2449 3724 2520 παρακαλεσάντων
3739 2464 3753 2476 ·

2189 2549 2285 2610 τὰς
2313 2548 2368 2601 δέ
2399 2545 2589 2609 λοιπὰς
2613 2543 2929 2613 συναγωγὰς
2953 2541 3130 2596 αὐτῶν
3159 2540 3430 2613 μαρτύρια
3468 2541 3755 2610 πεποίηκε.

2191 2639 2299 2693 Καὶ
2320 2640 2385 2691 ἐκ
2408 2639 2598 2691 τούτου
2629 2636 2771 2710 χαρά
2804 2634 3011 2706 μεγάλη
3028 2634 3248 2702 γέγονεν
3270 2635 3327 2687 ἐν
3350 2636 3415 2704 τῇ
3448 2633 3600 2686 πόλει
3626 2632 3764 2685 ἐκεί-

2190 2734 2277 2801 νῇ,
2312 2730 2372 2782 οὐ
2417 2729 2575 2799 μόνον
2603 2727 2867 2797 σωμάτων
2901 2725 3175 2789 ιαθέντων,
3206 2724 3341 2778 ἀλλὰ
3371 2725 3465 2778 καὶ
3495 2723 3759 2777 τοσούτων

2190 2819 2375 2891 ψυχῶν
2405 2822 2470 2875 ἐκ
2497 2820 2706 2889 νεκρῶν
2728 2819 2808 2881 εἰς
2834 2817 2976 2888 ζωὴν
3006 2815 3422 2871 ἐπανελθόντων.

2263 3005 2315 3060 8.
2339 3004 2523 3059 Ταῦτα
2573 3003 2733 3071 γνοὺς
2785 3000 2916 3071 ἐγὼ,
2964 2999 3268 3054 ἐσπούδασα
3318 2998 3556 3070 δηλῶσαι
3615 3000 3759 3070 ὑμῖν,

2194 3094 2645 3167 προσφιλέστατοι
2691 3092 2928 3161 ἀδελφοὶ,
2987 3095 3066 3156 εἰς
3127 3091 3391 3162 ὠφέλειαν
3429 3091 3539 3144 τῶν
3580 3091 3761 3162 ψυχῶν

532 3195 880 3242 vestrarum:
911 3194 973 3240 ut
1002 3201 1066 3241 ea
1103 3200 1322 3255 quoque
1344 3185 1401 3240 in
1438 3200 1518 3249 re,
1557 3185 1739 3257 agnita
1771 3182 1863 3238 Dei
1891 3192 1944 3239 et
1971 3184 2091 3238 Sal-

2194 3186 2348 3257 ύμῶν
2369 3203 2382 3216 ο
2416 3187 2522 3249 ἴνα,
2548 3186 2766 3255 γνόντες
2787 3186 2880 3238 καὶ
2903 3184 2993 3237 ἐπὶ
3019 3184 3191 3254 τούτῳ
3207 3181 3302 3237 τοῦ
3332 3183 3602 3256 ἡμετέρου
3631 3182 3760 3236 Θεοῦ

531 3280 738 3333 vatoris
770 3277 945 3332 nostri
977 3275 1105 3333 Jesu
1142 3275 1345 3333 Christi
1385 3278 1605 3340 virtute,
1668 3276 1839 3347 magis
1893 3275 2093 3345 magis—

533 3387 638 3441 que
675 3370 731 3425 in
768 3370 887 3440 ejus
922 3370 1029 3426 ﬁde
1064 3369 1481 3434 conﬁrmemini,
1522 3381 1685 3440 atque
1713 3369 1995 3425 exsultetis
2022 3368 2094 3422 ob

534 3478 728 3533 magna
767 3462 886 3533 ejus
923 3462 1205 3529 miracula,
1245 3478 1393 3518 nunc
1430 3462 1594 3519 edita.
1635 3462 1767 3518 Date
1804 3462 1969 3532 igitur
2014 3460 2090 3514 illi

533 3554 762 3624 gloriam
808 3569 933 3609 cum
986 3554 1173 3609 laetitia
1222 3562 1277 3611 et
1312 3555 1731 3626 compunctione
1780 3552 1998 3615 cordis,
2040 3552 2097 3605 in

534 3646 683 3700 luctu
720 3643 1053 3715 gaudentes.
1093 3645 1405 3717 gratiasque
1441 3652 1662 3716 agentes
1700 3644 1749 3698 ei
1787 3643 1855 3699 de
1891 3642 2101 3712 magni-

531 3735 749 3790 ﬁcentia
786 3748 920 3802 sua;
960 3733 1104 3806 quod
1143 3750 1246 3790 nos
1283 3750 1410 3790 vera
1452 3736 1507 3790 in
1564 3735 1740 3806 ipsum
1774 3733 1878 3788 ﬁde
1914 3741 1967 3789 et
2004 3747 2099 3785 co-

533 3827 773 3897 gnitione
809 3843 909 3882 sua
937 3827 1240 3882 donaverit.
1266 3827 1461 3892 Etiam,
1496 3828 1589 3882 lilii
1624 3828 1727 3883 mei
1749 3826 1952 3888 dilecti,
1983 3825 2096 3893 jam

533 3915 589 3970 in
660 3916 918 3986 praesenti
980 3931 1343 3987 agnoscamus
1408 3916 1664 3971 virtutem
1712 3914 1963 3969 immensi
2003 3911 2098 3967 Dei

532 4014 588 4060 et
627 4004 840 4061 Domini
877 4007 1051 4061 nostri
1087 4005 1217 4063 Jesu
1244 4007 1468 4063 Christi.
1506 4005 1572 4061 Et
1611 4006 1948 4062 celebremus
1978 4002 2099 4072 ejus

532 4090 868 4159 bonitatem,
903 4095 1017 4149 veri
1056 4095 1267 4150 scilicet
1305 4093 1427 4149 Filii
1472 4095 1568 4151 Dei
1606 4095 1873 4150 viventis.
1916 4094 2097 4164 Ipsum

531 4185 680 4239 enim
716 4186 911 4241 decent
954 4186 1158 4252 honor,
1194 4187 1475 4257 imperium
1497 4230 1513 4257 ,
1545 4187 1861 4259 magnitudo
1894 4193 1949 4241 et
1979 4201 2097 4239 ma-

534 4275 872 4343 gniﬁcentia,
911 4291 1057 4331 nunc
1091 4284 1146 4332 et
1182 4293 1394 4349 semper
1441 4286 1495 4334 et
1524 4280 1582 4332 in
1631 4277 1829 4333 sazcula
1871 4275 2100 4331 saeculo-

534 4382 679 4425 rum.
714 4366 905 4425 Amen.

2194 3280 2289 3333 καί
2313 3281 2563 3351 Σωτῆρος
2587 3279 2742 3351 ήμῶν
2778 3278 2951 3350 Ἰησοῦ
2974 3276 3207 3350 Χριστοῦ
3229 3276 3327 3349 τὴν
3342 3277 3595 3347 δύναμιν,
3613 3277 3764 3330 πλέον

2196 3374 2263 3441 τῇ
2292 3373 2371 3434 εἰς
2414 3372 2576 3425 αὐτὸν
2609 3370 2945 3441 στερεωθῆτε
2992 3371 3189 3432 πίστει,
3240 3370 3336 3422 καὶ
3369 3368 3766 3439 άγαλλιασθῆτε

2200 3462 2294 3516 ἐπὶ
2328 3466 2439 3527 τοίς
2471 3463 2721 3534 μεγάλοις
2755 3461 2918 3517 αὑτοῦ
2967 3461 3202 3531 θαύμασι
3249 3463 3360 3524 τοῖς
3408 3460 3505 3514 νῦν
3540 3477 3766 3532 γεγενη-

2202 3554 2399 3624 μένοις.
2453 3555 2582 3609 Δότε
2619 3551 2712 3609 οὖν
2743 3553 2892 3625 αύτῷ
2921 3553 3077 3620 δόξαν
3126 3551 3242 3624 μετ’
3271 3551 3632 3623 εὐφροσύνης,
3675 3550 3767 3604 καὶ

2199 3647 2489 3711 κατάνυξιν
2530 3647 2774 3719 καρδίας,
2806 3647 2898 3700 καί⁸
2931 3646 3111 3719 θρήνῳ
3140 3643 3435 3715 χαίροντες,
3476 3643 3574 3696 καὶ
3612 3643 3769 3712 εὐχα-

2201 3739 2507 3809 ριστοῦντες
2535 3740 2627 3792 ἐπὶ
2656 3743 2721 3810 τῇ
2749 3739 2911 3792 αὐτοῦ
2938 3738 3330 3809 μεγαλειότητι,
3358 3736 3438 3788 ὅτι
3470 3735 3570 3805 τῆς
3605 3732 3764 3788 αὐτοῦ

2200 3828 2433 3891 πίστεως
2477 3832 2624 3900 ἡμᾶς
2655 3830 2874 3900 ἠξίωσε,
2925 3831 3017 3883 καὶ
3064 3829 3165 3898 τῆς
3201 3827 3365 3881 αὑτοῦ
3401 3825 3763 3895 ἐπιγνώσεως.

2197 3922 2324 3981 Ναὶ.
2351 3924 2515 3977 τέκνα
2552 3941 2651 3994 μου
2679 3924 2956 3995 ἀγαπητὰ,
2990 3922 3205 3993 γνῶμεν
3252 3922 3344 3975 καὶ
3365 3921 3460 3974 ἐπὶ
3492 3919 3589 3973 τοῦ
3628 3935 3768 3991 παρ-

2197 4011 2349 4075 όντος
2384 4011 2479 4066 τοῦ
2533 4013 2841 4085 ἀπεράντου
2873 4014 3031 4085 ἡμῶν
3060 4012 3194 4065 Θεοῦ
3226 4012 3318 4065 καὶ
3370 3996 3767 4083 ΚυρίουἸησοῦ

2198 4101 2435 4172 Χριστοῦ
2481 4102 2579 4174 τὴν
2629 4102 2873 4174 δύναμιν.
2942 4102 3050 4157 Καὶ
3101 4101 3411 4172 δοξάσωμεν
3465 4100 3566 4169 τὴν
3605 4097 3765 4153 αὐτοῦ

2199 4191 2533 4261 ἀγαθότητα,
2562 4192 2656 4246 τοῦ
2689 4193 2941 4266 ἀληθινοῦ
2980 4191 3109 4247 Υἰοῦ
3132 4191 3226 4246 τοῦ
3249 4191 3384 4245 Θεοῦ
3414 4191 3508 4245 τοῦ
3548 4190 3765 4256 ζῶντος.

2199 4282 2357 4352 Αὐτῷ
2378 4284 2485 4356 γὰρ
2513 4283 2711 4360 πρέπει
2742 4286 2898 4359 τιμὴ,
2930 4287 3147 4358 κράτος,
3181 4281 3516 4355 μεγαλοσύνη
3560 4282 3655 4335 καὶ
3679 4297 3769 4350 με-

2201 4375 2589 4448 γαλοπρέπεια,
2616 4377 2711 4431 νῦν
2743 4381 2837 4433 καὶ
2887 4379 2975 4432 ἀεὶ
3022 4377 3115 4433 καὶ
3145 4378 3226 4441 εἰς
3252 4376 3377 4439 τοὺς
3429 4373 3632 4437 αἰῶνας
3663 4372 3767 4426 τῶν

2203 4465 2432 4525 αἰώνων.
2464 4470 2658 4542 Ἀμήν.

535 4706 698 4784 295
726 4705 973 4769 Relatis
1023 4705 1477 4797 miraculorum
1500 4705 1758 4797 Domini
1783 4709 1978 4797 nostri
2011 4714 2167 4797 Jesu
2200 4714 2781 4797 Chr_isti,iquaaiper
2817 4714 3164 4797 imaginem
3193 4713 3404 4793 ipsius
3434 4711 3599 4775 facta
3624 4717 3768 4773 sunt

1278 4786 1348 4847 in
1383 4786 1634 4864 Beryto,
1667 4786 1866 4864 Syria:
1902 4788 2184 4865 civitate,
2223 4786 2454 4872 quinto
2474 4786 2625 4855 ldus
2650 4786 3051 4857 Novembris.

604 4928 760 5000 Apud
805 4927 1104 4983 Caesaream
1157 4927 1515 4999 Cappadociae
1565 4928 1756 4984 urbem
1803 4933 2098 5000 prtemaxi-
2131 4939 2174 4994 ι)
2203 4934 2475 4996 tulissent,
2510 4932 2703 4987 Petrus
2735 4931 3087 4988 beatissimus
3129 4930 3458 4986 Nicomediae
3484 4930 3641 4986 urbis
3676 4944 3770 4984 an-

536 5035 700 5082 mam,
731 5018 1116 5073 convenientes
1154 5018 1221 5072 de
1264 5019 1493 5088 singulis
1524 5019 1752 5074 urbibus
1792 5020 1935 5075 Asia:
1977 5037 2101 5077 san-

534 5107 764 5162 ctissimi
809 5106 1085 5176 praesules,
1120 5121 1217 5174 pro
1262 5105 1630 5160 stabilimento
1675 5117 1879 5163 sanctze
1909 5108 2097 5165 Eccle-

535 5199 630 5252 siae
647 5196 887 5252 inierunt
905 5197 1215 5251 consilium.
1241 5194 1518 5266 Siquidem
1538 5199 1678 5269 apud
1700 5215 1793 5255 eos
1820 5200 1887 5255 de
1904 5216 2101 5257 cruore

535 5287 721 5343 lateris
741 5286 956 5341 Domini
991 5288 1165 5341 nostri
1196 5286 1326 5342 Jesu
1381 5288 1584 5345 Christi
1612 5306 1722 5345 non
1751 5292 1979 5360 exiguus
2011 5307 2101 5346 er-

536 5390 628 5429 ror
662 5384 887 5432 exortus
917 5392 1040 5431 esse
1082 5377 1384 5434 videbatur.
1419 5381 1536 5444 Qua
1584 5395 1649 5433 ex
1678 5396 1759 5443 re,
1800 5388 1858 5434 ut
1889 5380 2099 5450 praefati

536 5480 748 5531 sumus,
777 5468 832 5520 in
861 5468 973 5536 jatn
995 5468 1137 5522 dicta
1167 5470 1302 5524 urbe
1330 5470 1598 5525 maximus
1632 5479 1992 5540 congregatus
2016 5478 2099 5525 est

538 5565 851 5612 sanctorum
878 5559 1258 5629 episcoporum
1292 5569 1613 5624 conventus,
1657 5568 1715 5614 ut
1762 5576 1827 5613 ex
1877 5561 1979 5615 hoc
2013 5578 2101 5616 er-

539 5663 662 5702 rore
693 5646 749 5701 in
771 5662 939 5701 unum
964 5656 1198 5706 tractare
1228 5650 1504 5706 deberent.
1534 5649 1638 5704 Sed
1670 5651 1797 5704 dum
1824 5651 2004 5705 cuncti
2034 5665 2102 5705 ex

538 5750 691 5792 more
718 5736 772 5790 in
806 5745 1052 5792 sanctam
1090 5741 1377 5797 ecclesiam
1405 5742 1469 5796 ad
1503 5741 1853 5797 residendum
1891 5757 1948 5797 se
1970 5756 2102 5797 con-

2201 5028 2380 5091 tistes,
2417 5026 2471 5080 in
2510 5025 2690 5080 medio
2716 5040 2905 5080 eorum
2947 5039 3306 5094 consurgens,
3341 5024 3416 5076 ita
3445 5021 3513 5076 ad
3554 5022 3771 5077 univero

2202 5133 2294 5173 sos
2344 5132 2583 5173 exorsus
2623 5124 2708 5171 est
2755 5116 2902 5186 loqui
2945 5114 3045 5171 :Si
3089 5117 3285 5186 placet,
3330 5115 3532 5185 inquit,
3581 5123 3770 5169 vestra:

2201 5208 2512 5274 sanctitati,
2574 5223 2606 5262 ο
2658 5206 2993 5263 sanctissimi
3035 5205 3258 5268 Patres,
3309 5205 3554 5260 libellum
3606 5218 3771 5259 unum

2198 5298 2485 5353 Athanasii
2530 5296 2915 5352 Alexandrina:
2963 5297 3117 5352 urbis
3161 5295 3341 5365 magni
3384 5295 3651 5365 episcopi,
3690 5307 3773 5347 me

2196 5390 2353 5445 vobis
2396 5389 2602 5445 referre
2629 5388 2880 5444 delectat.
2916 5387 3118 5442 Sancta
3153 5385 3396 5458 synodus
3447 5384 3767 5457 respondit:

2203 5479 2384 5535 Placet
2415 5482 2595 5550 plane,
2640 5487 2694 5535 et
2738 5487 2798 5533 ut
2841 5480 3056 5548 legatur
3098 5488 3368 5548 optamus.
3404 5476 3487 5531 Ad
3532 5477 3648 5530 haec
3685 5474 3771 5528 ille

2204 5572 2444 5627 libellum
2482 5574 2538 5627 in
2587 5571 2765 5626 medio
2802 5571 3046 5639 protulit.
3090 5578 3143 5624 et
3191 5569 3473 5625 materiam
3506 5568 3678 5641 ipsius
3707 5566 3775 5620 tiv

2208 5661 2306 5715 tuli
2337 5662 2520 5719 taliter
2545 5672 2835 5733 aggressus
2862 5666 2945 5714 est
2975 5658 3219 5730 legendo.
3745 5672 3757 5680 ’
