4050 6396
245 369 358 429 813

1160 370 1252 428 DE
1284 373 1480 431 PASS.
1502 374 1815 442 ~IMAGINIS
1849 375 1907 430 D.

1949 372 2013 432 N.
2048 371 2214 432 JESU
2254 377 2556 434 CHRISTI.
3381 383 3485 435 3H

1196 511 1476 575 SANCTI
1520 513 1805 574 PATRIS
1849 513 2140 576 NOSTRI
2169 518 2601 578 ATHANASII

1413 651 1880 697 ARCHIEPISCOPI

1924 652 2353 701 ALEXANDRINI

255 760 345 823 De
377 758 684 840 passione
720 758 1022 839 imaginis
1050 761 1309 824 Domini
1356 763 1559 852 nostri
1602 766 1762 901 itesu
1805 763 2061 902 Farilsti,
2095 766 2373 924 aggliter
2404 766 2705 829 cruciﬁxa
2739 774 2836 828 est
2864 784 2932 827 in
2988 768 3242 846 Beryto,
3292 767 3494 848 Syria:

1494 860 1618 903 cm
1654 862 1682 901 δ
1716 860 1774 912 e,
1834 859 1848 900 ι
1899 861 1933 903 e
1992 862 2064 905 us
2224 892 2238 907 .

1494 859 1774 912 οινιῑδιθ,
1812 859 2064 905 IlDBHUS
2095 859 2238 912 (l7).

326 1045 679 1105 Dilectissimi
719 1048 902 1120 itaque
949 1063 1139 1104 omnes
1164 1047 1260 1104 ﬁlii
1305 1058 1508 1106 sancta!
1544 1050 1821 1118 Ecclesiae,
1854 1060 1895 1114 Α

259 1143 454 1197 mentis
482 1151 678 1198 vestrae
705 1143 893 1198 oculos
921 1143 1082 1197 simul
1114 1152 1167 1199 et
1192 1158 1352 1200 aures
1371 1145 1586 1214 erigite,
1615 1154 1670 1201 et
1690 1163 1822 1204 conv

256 1233 563 1289 siderantes
606 1233 947 1288 admiremini
996 1249 1109 1289 rem
1154 1248 1380 1305 geStam.
1428 1252 1591 1306 quam
1624 1236 1690 1290 ad
1734 1256 1822 1291 ve-

258 1335 426 1381 stram
488 1324 775 1380 scientiam
836 1327 1204 1382 transmittere
1265 1329 1538 1398 cupimus.
1604 1331 1824 1386 Cernit.-

258 1415 435 1472 cuncti
483 1415 702 1470 inﬁnita
747 1415 841 1471 Dei
886 1417 1275 1486 omnipotentis
1321 1420 1619 1485 mirabilia,
1672 1431 1725 1478 et
1776 1423 1825 1475 ei

258 1506 447 1562 laudes
486 1508 843 1563 incessabiles
874 1507 1086 1564 reddite
1110 1524 1203 1578 per
1233 1513 1454 1566 secula.
1479 1512 1826 1584 Contemple-

259 1597 388 1653 mini
426 1597 549 1668 ejus
576 1597 901 1653 ineffabilem
934 1613 1030 1669 per
1054 1609 1282 1655 cunctas
1315 1604 1697 1671 generationes
1726 1606 1827 1661 be—

258 1690 542 1762 nignitatis
578 1690 1023 1760 magnitudinem,
1058 1692 1244 1746 multis
1275 1694 1451 1749 modis
1476 1695 1599 1750 luce
1629 1698 1829 1752 clario-

259 1795 393 1845 rem,
422 1796 588 1850 super
618 1780 914 1835 humanum
943 1796 1114 1851 genus
1147 1783 1552 1853 reSplenduisse
1590 1802 1824 1857 semper.

261 1871 616 1927 Considerate
638 1872 871 1927 sublime
892 1873 1319 1943 dispensationis
1341 1876 1462 1945 ejus
1487 1879 1826 1946 mysterium,

261 1970 313 2015 et
352 1963 476 2016 ideo
519 1977 586 2016 ex
629 1962 795 2015 nimia
848 1961 967 2030 ejus
1016 1963 1218 2033 pietate
1264 1967 1515 2034 permoti.
1566 1969 1831 2024 assumite

262 2053 560 2123 planctum,
613 2052 988 2124 lacrymasque
1035 2069 1250 2110 amaras
1292 2056 1535 2125 proferre
1586 2076 1829 2115 memen-

262 2149 390 2205 tote,
424 2157 490 2195 ac
519 2142 850 2211 singultibus
873 2157 1038 2212 super
1071 2144 1177 2197 tale
1209 2143 1533 2199 miraculum
1559 2151 1613 2199 in
1643 2155 1830 2201 nostra

254 2232 608 2302 generatione
642 2241 934 2301 patratum,
971 2233 1119 2302 quod
1151 2248 1289 2304 pene
1317 2236 1569 2295 omnibus
1612 2237 1831 2293 saeculis

254 2330 343 2377 est
380 2323 725 2377 mandatum.
764 2322 874 2378 Deo
909 2325 1109 2394 quippe
1157 2325 1294 2378 nihil
1338 2325 1696 2396 impossibile,
1736 2328 1832 2383 sed

264 2414 420 2468 etiam
467 2429 569 2468 nec
598 2414 805 2483 aliquid
851 2423 935 2469 est
963 2414 1199 2470 ditIicile.
1224 2414 1360 2469 Nam
1408 2432 1574 2487 super
1595 2433 1681 2480 ea,
1712 2434 1833 2488 qua:

264 2504 378 2576 ipse
421 2505 705 2561 modernis
758 2505 1011 2575 dignatus
1068 2514 1153 2561 est
1202 2516 1420 2577 patrare
1471 2510 1831 2579 temporibus,

266 2612 423 2652 omne
480 2613 578 2652 cor
640 2597 1014 2669 obstupescit,
1068 2600 1400 2653 audientium
1456 2599 1594 2671 fugit
1643 2601 1833 2669 visus,

260 2688 550 2743 hebetatur
576 2686 819 2745 auditus.
866 2688 1021 2743 Sicut
1064 2690 1209 2745 enim
1257 2690 1311 2743 in
1343 2692 1601 2760 passione
1632 2690 1835 2762 Unige-

264 2779 363 2834 niti
393 2780 567 2849 ipsius
597 2780 817 2849 expavit
850 2780 1070 2845 caelum,
1098 2779 1192 2835 Dei
1231 2796 1372 2835 caeca
1405 2782 1583 2853 imago
1610 2792 1694 2837 est
1721 2782 1837 2837 red-

263 2868 411 2935 dita,
458 2871 597 2925 radii
646 2886 865 2941 quoque
908 2872 1039 2926 solis
1090 2872 1210 2927 luce
1272 2872 1611 2927 obtenebrati
1671 2881 1830 2939 sunt,

263 2962 563 3031 quinetiam
596 2970 940 3016 terraemotus
986 2977 1087 3017 suo
1114 2962 1386 3017 horrendo
1429 2963 1611 3018 sonitu
1652 2963 1832 3034 abyssi

264 3053 619 3109 fundamenta
649 3053 828 3107 valide
855 3053 1139 3116 exterruit,
1170 3062 1223 3108 et
1260 3061 1505 3108 mortuos
1543 3054 1831 3123 plurimos,

263 3161 405 3216 quos
431 3147 677 3209 tenebat,
709 3144 977 3198 cructavit
1004 3144 1307 3198 viviﬁcatos
1334 3164 1347 3197 :
1379 3145 1451 3198 ita
1482 3154 1537 3199 et
1569 3160 1716 3198 nunc
1750 3161 1834 3200 se-

259 3238 446 3292 cundo
489 3237 678 3293 eadem
734 3237 888 3307 signa
928 3236 1131 3306 pariter
1181 3244 1310 3290 sunt
1355 3236 1628 3291 innovata.
1671 3233 1837 3308 Igitur

262 3330 548 3385 audientes
585 3330 897 3400 intelligite,
943 3330 1307 3399 intelligentes
1345 3329 1738 3400 obstupescite,
1783 3336 1837 3384 et

259 3434 323 3473 ea
355 3436 478 3491 quae
504 3421 664 3476 vobis
699 3420 954 3474 intimare
984 3436 1262 3486 curamus,
1306 3422 1462 3490 plena
1496 3421 1601 3476 lide
1622 3428 1674 3476 et
1706 3436 1838 3474 aure

260 3511 472 3567 intenta
503 3512 693 3566 cordis
726 3511 1008 3581 percipite.
1054 3510 1150 3566 Est
1183 3519 1363 3566 autem
1399 3511 1709 3582 hujusmodi
1756 3527 1840 3565 se-

257 3604 370 3661 ries
400 3604 761 3659 narrationis.

776 3711 1005 3769 CAPUT
1054 3711 1342 3769 PRIMUM.

327 3804 430 3861 Est
456 3806 708 3876 quaedam
737 3804 932 3858 civitas
962 3804 1017 3856 in
1042 3802 1217 3874 Syria,
1250 3805 1393 3858 inter
1413 3804 1677 3859 terminos
1705 3802 1835 3874 Tyri

249 3904 312 3952 et
354 3897 585 3953 Sidonis
614 3896 814 3967 posita,
857 3894 1086 3965 Berytus
1120 3907 1337 3959 vocata,
1378 3896 1682 3950 Antiochia:
1708 3912 1837 3949 vero

248 3990 503 4044 subdita.
537 3987 596 4042 In
634 3988 741 4042 hac
780 3986 913 4041 urbe
942 3986 1361 4042 innumerabilis
1389 3986 1681 4040 multitudo
1721 3996 1841 4040 erat

252 4077 641 4134 Hebraeorum.
679 4076 929 4146 quamvis
960 4078 1149 4132 eodem
1196 4084 1439 4145 tempore
1482 4074 1675 4130 civitas
1724 4090 1837 4128 me-

252 4172 595 4239 tropolitana
629 4168 903 4223 obtineret
926 4167 1266 4236 dignitatem.
1299 4165 1511 4220 Accidit
1544 4173 1748 4225 autem,
1779 4174 1838 4217 ut

238 4258 410 4327 juxta
460 4272 799 4331 synagogam
851 4254 1229 4321 ilebrasorum,
1272 4271 1393 4326 qua:
1437 4272 1632 4326 magna
1681 4256 1838 4310 valde

247 4351 591 4415 habebatur,
621 4350 844 4420 quidam
876 4350 1198 4404 (lbristicola
1227 4364 1258 4402 a
1294 4348 1529 4419 quodam
1571 4350 1853 4427 suscepis-.

242 4454 333 4499 set
368 4444 659 4506 cellulam,
692 4456 1025 4511 censumque
1056 4442 1106 4495 ei
1136 4457 1200 4495 ex
1231 4455 1294 4495 ea
1325 4440 1594 4495 redderet.
1631 4438 1689 4494 In
1731 4456 1838 4511 qua

242 4534 381 4588 dum
435 4536 731 4605 ingressus
761 4540 906 4587 esset
952 4532 1019 4586 ad
1062 4530 1443 4596 habitandum,
1481 4532 1694 4585 iconam
1732 4531 1839 4585 Do-

241 4628 387 4680 mini
423 4627 609 4681 nostri
644 4623 775 4680 Jesu
812 4624 1037 4686 Christi,
1088 4637 1249 4692 quam
1286 4620 1427 4691 apud
1477 4636 1538 4676 se
1581 4621 1835 4684 habebat,

240 4717 363 4772 ﬁxit
391 4720 451 4772 in
496 4718 712 4787 pariete
740 4725 927 4770 contra
956 4713 1139 4769 lectuli
1170 4713 1254 4767 sui
1280 4712 1497 4775 faciem,
1524 4728 1645 4782 qua:
1675 4714 1838 4766 etiam

239 4812 585 4866 continebat
612 4810 668 4862 in
713 4823 773 4862 se
813 4808 1073 4876 integram
1114 4804 1327 4859 Domini
1374 4814 1660 4859 staturam.
1698 4805 1840 4857 Evo-

239 4901 363 4955 luto
391 4901 647 4969 denique
681 4913 789 4951 non
820 4911 987 4965 parvo
1023 4896 1283 4964 temporis
1330 4896 1529 4963 spatio,
1553 4894 1669 4962 jam
1703 4909 1842 4963 pra:-

236 4991 457 5047 libatus
496 4989 713 5045 dcit-01a
746 4988 1059 5056 perquirere
1083 4986 1292 5040 studuit
1323 4986 1375 5038 in
1408 4986 1515 5037 alio
1545 4985 1667 5040 loco
1691 4988 1839 5053 ejus-

1863 3740 1908 3797 C

3296 954 3309 979 1

1924 1055 2099 1107 mines
2145 1051 2324 1106 salvos
2370 1050 2506 1117 ﬁeri,
2556 1061 2609 1107 et
2660 1052 2725 1105 ad
2760 1051 3088 1121 agnitionem
3122 1053 3367 1109 veritatis
3397 1071 3494 1111 vc-

1922 1147 2063 1208 nire,
2108 1150 2167 1198 ut
2199 1144 2510 1197 ostenderet
2550 1143 2763 1197 cunctis
2794 1158 2851 1197 se
2897 1143 3222 1209 colentibus,
3265 1160 3488 1201 suorum

1923 1236 2311 1291 miraculorum
2341 1234 2598 1290 virtutem
2626 1235 2692 1289 ad
2720 1236 3143 1304 increpationem
3179 1238 3490 1308 impiorum,

1926 1324 2327 1381 ﬁrmamentum
2361 1342 2578 1396 quoque
2608 1341 2833 1381 suorum
2863 1326 3123 1382 ﬁdelium.
3152 1326 3376 1382 Factum
3408 1337 3495 1382 est

1924 1427 2102 1470 autem
2139 1425 2261 1488 post
2301 1419 2437 1480 haec,
2476 1427 2534 1471 ut
2562 1416 2822 1493 liebl'$U§
2849 1418 3067 1488 quidam
3097 1419 3342 1474 eamdem
3384 1423 3494 1473 cel-

1926 1511 2091 1564 lulam
2120 1508 2425 1578 susciperet
2465 1509 2533 1562 ad
2565 1507 2939 1561 habitandum.
2984 1506 3156 1573 Quam
3189 1508 3491 1579 ingressus,

1926 1613 2051 1653 cum
2088 1597 2203 1653 suis
2252 1597 2508 1652 omnibus
2545 1599 2710 1666 coepit
2743 1596 2990 1652 habitare
3045 1596 3100 1651 in
3137 1599 3225 1663 ea,
3272 1597 3495 1652 minimc

1928 1691 2331 1760 contemplatus
2360 1690 2543 1745 locum
2584 1690 2758 1754 illum,
2790 1690 2881 1759 qui
2909 1688 3247 1744 Dominicam
3283 1690 3495 1744 iconam

1929 1780 2070 1849 apud
2119 1794 2179 1834 se
2220 1781 2488 1835 retinebat
2525 1779 2921 1835 absconditam.
2963 1780 3061 1836 Die
3094 1796 3224 1836 vero
3261 1781 3497 1851 quodam

1929 1871 2071 1927 idem
2123 1869 2379 1926 Hebraeus
2429 1870 2497 1926 de
2544 1872 2661 1927 suis
2714 1872 3201 1929 contubernalibus
3248 1874 3501 1928 invitavit

1931 1978 2097 2016 unum
2128 1962 2197 2017 ad
2224 1963 2533 2034 prandium.
2564 1962 2925 2034 Epulantibus
2961 1964 3092 2028 illis,
3125 1966 3358 2022 elevavit
3393 1966 3502 2021 He-

1931 2055 2130 2120 brmus,
2164 2055 2258 2125 qui
2296 2055 2559 2110 invitatus
2590 2055 2786 2119 fuerat,
2823 2057 3036 2118 oculos,
3068 2064 3121 2112 et
3152 2058 3286 2113 vidit
3330 2059 3384 2112 in
3425 2059 3504 2112 in—

1931 2146 2120 2201 teriori
2152 2147 2271 2200 loco
2295 2146 2504 2200 cellulae
2530 2144 2651 2214 ejus
2684 2145 2897 2200 iconam
2940 2145 3275 2202 Dominicam
3309 2148 3499 2218 parieti

1933 2252 2255 2293 connexam.
2301 2235 2455 2291 Tunc
2500 2237 2811 2292 vehementi
2855 2237 3039 2293 furore
3097 2240 3497 2296 exardescens.

1934 2329 2099 2399 cmpit
2126 2328 2356 2383 fremere
2394 2326 2650 2383 dentibus
2699 2328 2963 2384 adversus
2998 2344 3146 2393 eum,
3194 2330 3288 2400 qui
3322 2332 3500 2402 ipsum

1933 2426 2344 2482 convocaverat,
2389 2419 2617 2473 dicens:
2651 2417 2732 2472 Tu
2780 2417 3038 2476 Hebraeus
3067 2435 3191 2476 cum
3235 2422 3334 2485 sis,
3366 2438 3502 2492 quo-

1933 2510 2096 2565 modo
2123 2511 2268 2581 apud
2313 2518 2366 2565 te
2410 2508 2542 2565 Jesu
2586 2510 2734 2566 illius
2763 2509 3030 2567 Nazareni
3075 2512 3288 2567 iconam
3333 2514 3501 2569 habes

1932 2601 2269 2672 repositam?
2295 2598 2555 2655 Convicia
2582 2616 2798 2671 quoque
2828 2613 2881 2657 et
2908 2604 3198 2673 opprobria
3223 2612 3373 2661 tanta
3407 2605 3503 2658 ad-

1936 2709 2126 2748 versus
2157 2690 2443 2747 Dominum
2470 2690 2809 2746 Salvatorcm
2832 2694 3033 2755 emisit.
3061 2706 3263 2764 quanta
3289 2711 3390 2750 nec
3413 2712 3506 2749 au-

1934 2798 2025 2838 res
2056 2782 2295 2837 ﬁdelium
2326 2780 2553 2837 sufferre
2581 2790 2833 2852 possunt,
2868 2799 2967 2838 nec
3004 2800 3106 2839 nos
3148 2786 3370 2856 scriptis
3401 2794 3505 2840 tra-

1935 2871 2064 2927 dere
2082 2872 2487 2943 praesumimus,
2513 2872 2583 2926 ob
2609 2871 2864 2941 injuriam
2897 2874 3070 2928 nostri
3098 2872 3497 2945 Redemptoris.

1933 2962 2154 3020 Iudaeus
2177 2979 2327 3027 vero,
2355 2964 2447 3034 qui
2473 2963 2626 3017 illum
2657 2964 2983 3019 malevolum
3008 2979 3406 3020 convocaverat
3434 2966 3501 3019 ad

1934 3056 2246 3127 prandium,
2283 3054 2597 3110 satisfacere
2626 3054 2705 3108 illi
2730 3055 2975 3126 cupiens,
3010 3057 3372 3112 sacramentis
3392 3065 3505 3111 ter-

1935 3149 2187 3204 ribilibus
2219 3146 2595 3217 proﬁtebatur,
2631 3160 2689 3200 se
2723 3146 3014 3216 aliquando
3055 3147 3297 3212 minime,
3339 3152 3501 3219 quam

1936 3239 2408 3310 praemonstrabat,
2455 3238 2657 3293 vidisse
2690 3241 2922 3293 iconam.
2954 3236 3037 3292 Ad
3079 3238 3216 3303 baac,
3248 3240 3341 3311 qui
3372 3241 3507 3295 invi-

1936 3336 2082 3384 tatus
2112 3329 2309 3391 fuerat,
2339 3327 2513 3384 siluit.
2551 3326 2733 3382 Finito
2779 3335 2960 3382 autem
2994 3330 3249 3384 convivio
3290 3330 3508 3385 absces-

1938 3421 2008 3477 sit
2050 3428 2103 3476 et
2135 3421 2268 3475 abiit
2297 3419 2362 3473 ad
2398 3436 2642 3476 summos
2683 3420 2995 3476 sacerdotes
3050 3429 3104 3476 et
3148 3422 3420 3492 principes
3453 3433 3506 3477 et

1937 3515 2075 3570 dixit
2104 3513 2185 3568 eis
2212 3532 2224 3567 :
2254 3511 2451 3566 Notum
2485 3513 2642 3567 vobis
2680 3513 2752 3567 sit
2789 3512 3045 3581 quoniam
3096 3511 3356 3568 Hebraeus
3394 3500 3506 3567 ille

1937 3604 2064 3657 talis
2104 3600 2232 3656 Jesu
2276 3600 2540 3655 Nazareni
2576 3600 2786 3655 iconam
2834 3600 2978 3670 apud
3021 3616 3083 3654 se
3122 3600 3319 3654 retinet
3362 3600 3508 3654 clan-

1939 3692 2083 3746 culo.
2116 3694 2184 3743 At
2215 3690 2290 3743 illi
2316 3690 2429 3744 haec
2455 3689 2760 3752 audientes,
2782 3689 3038 3743 dixerunt
3068 3688 3136 3741 ad
3162 3704 3287 3743 eum
3317 3708 3330 3743 :
3357 3688 3503 3744 Nur-

1940 3781 2071 3852 quid
2093 3787 2322 3851 possunt
2344 3794 2471 3833 vera
2504 3794 2625 3834 esse
2650 3793 2770 3847 qua:
2800 3777 3045 3832 asseris?
3075 3792 3183 3831 non
3208 3776 3503 3838 credimus.

1940 3872 2049 3928 nisi
2073 3870 2557 3925 demonstraveris.
2592 3868 2711 3939 ipse
2740 3884 2873 3923 vero
2898 3867 3218 3931 aﬁirmabat,
3249 3869 3376 3939 quia
3404 3883 3506 3936 ego

1939 3965 1997 4018 in
2028 3962 2190 4017 domo
2214 3962 2334 4031 eius
2355 3976 2473 4016 eam
2502 3961 2883 4015 demonstrare
2903 3960 3109 4014 curabo
3160 3957 3284 4014 Haec
3313 3959 3392 4014 illi
3416 3975 3509 4013 au-

1939 4055 2171 4117 dientes,
2194 4055 2485 4109 maximam
2513 4053 2566 4107 in
2598 4054 2732 4106 iram
2763 4050 3099 4107 deciderunt.
3134 4048 3238 4105 Sed
3269 4050 3359 4106 die
3388 4050 3505 4114 ίιιυ,

1939 4146 2068 4216 quia
2094 4146 2206 4214 jam
2251 4145 2387 4198 hora
2434 4141 2785 4197 incumbebat
2828 4141 3159 4210 vespertina,
3213 4138 3504 4195 siluerunt.

1940 4237 2096 4291 Mane
2133 4252 2262 4292 vero
2295 4234 2456 4296 facto,
2502 4233 2697 4289 summi
2750 4232 3087 4296 sacerdotes,
3120 4233 3396 4303 principes
3453 4234 3509 4287 et

1942 4330 2176 4397 maiores
2203 4338 2333 4382 natu
2375 4327 2549 4397 plebis
2575 4325 2907 4393 Iudaeorum,
2950 4334 3291 4380 assumentes
3322 4340 3506 4380 secum

1941 4420 2116 4481 illum,
2147 4419 2240 4488 qui
2266 4434 2390 4473 eum
2419 4424 2790 4482 accusaverat,
2819 4417 2886 4471 ad
2910 4416 3129 4472 domum
3156 4416 3329 4486 ipsius
3358 4417 3508 4471 velo-

1942 4511 2063 4565 cius
2095 4508 2506 4563 festinaverunt.
2540 4506 2799 4563 Videntes
2832 4512 3011 4560 autem
3052 4521 3178 4559 vera
3227 4520 3350 4560 esse
3389 4521 3511 4575 qum

1942 4602 2089 4657 dicta
2128 4601 2365 4665 fuerant,
2402 4599 2545 4653 facto
2579 4599 2785 4668 impetu
2818 4613 2942 4653 cum
2977 4612 3064 4658 eo,
3096 4598 3188 4666 qui
3224 4597 3340 4653 haec
3366 4599 3512 4651 testi-

1941 4692 2218 4754 ﬁcaverat,
2246 4692 2524 4745 irruerunt
2556 4690 2611 4743 in
2644 4705 2791 4752 eum,
2822 4688 3115 4756 multisque
3163 4686 3509 4740 contumeliis

1942 4800 2006 4840 ac
2052 4786 2221 4840 variis
2262 4782 2599 4837 cruciatibus
2672 4780 2923 4836 allectum
2971 4788 3123 4834 extra
3180 4793 3508 4849 synagogam

1943 4874 2262 4928 semivivum
2295 4872 2661 4941 projecerunt.

2552 4981 2780 5038 CAPUT
2822 4980 2885 5035 11.

235 5083 365 5140 dem
400 5086 572 5139 urbis
601 5081 901 5152 spatiosam
926 5079 1144 5133 domum
1176 5077 1241 5131 ad
1264 5077 1636 5131 habitandum.
1663 5077 1838 5143 Quam
1875 5079 1917 5134 D
2015 5075 2356 5144 Deponentes
2403 5080 2582 5127 autem
2642 5071 2856 5125 Domini
2909 5069 3081 5124 nostri
3127 5066 3258 5123 Jesu
3310 5065 3507 5120 Christi

234 5189 367 5228 cum
397 5174 740 5244 reperisset,
777 5168 971 5222 tollens
999 5175 1218 5227 cuncta.
1243 5181 1363 5235 qua:
1387 5165 1455 5219 ad
1481 5181 1538 5220 se
1568 5168 1841 5235 pertinere

231 5270 618 5328 videbantur,
655 5275 916 5331 egressus
955 5266 1038 5313 est
1065 5258 1131 5313 de
1160 5258 1375 5312 cellula.
1412 5256 1625 5312 Domini
1658 5267 1839 5312 autem

233 5356 614 5432 providentia
666 5352 722 5407 id
755 5361 966 5421 agente,
1008 5349 1137 5405 ‘Jesu
1177 5348 1378 5403 Christi
1413 5349 1629 5404 Domini
1665 5350 1841 5403 nostri

231 5452 467 5506 iconam
511 5447 595 5501 ibi
641 5445 948 5513 neglectam
994 5441 1231 5510 reliquit.
1262 5438 1373 5493 Hoc
1400 5448 1580 5495 autem
1626 5438 1841 5492 Domini

230 5545 467 5601 occulto
497 5544 797 5612 peractum
840 5543 924 5589 est
952 5535 1202 5594 consilio,
1239 5532 1331 5602 qui
1365 5533 1481 5586 vult
1517 5547 1706 5586 omnes
1751 5532 1845 5584 ho-

303 5679 429 5753 (17)
464 5678 546 5753 ῐιιΔ
573 5673 819 5753 editione
845 5668 1191 5753 _l.ugdu'nensi
1225 5666 1475 5753 additur;
1498 5665 1840 5753 Temporibus

229 5737 613 5806 Constantini
643 5742 905 5799 Senioris,
933 5737 988 5793 et
1012 5738 1183 5793 frena:
1211 5737 1529 5806 uxorisejus
1548 5752 1573 5806 ;ﬁ
1604 5737 1696 5789 sed
1726 5737 1843 5788 ine-

228 5804 611 5893 pte.iPetrm
634 5811 688 5867 Ν
694 5810 963 5868 icomedia:
992 5811 1259 5878 episcopus
1289 5804 1524 5861 libellum
1555 5805 1691 5860 hunc
1718 5822 1843 5858 sun-

1943 5168 2158 5222 iconam
2210 5164 2268 5218 in
2317 5174 2482 5227 terra,
2537 5162 2794 5217 dixerunt
2833 5161 2901 5215 ad
2937 5162 3209 5214 invicem:
3241 5157 3507 5223 Quoniam

1945 5270 2106 5309 aures
2149 5260 2366 5307 nostras
2405 5251 2580 5320 tetigit
2611 5266 2717 5303 non
2752 5251 2944 5320 exigua
2991 5249 3178 5318 Opinio
3236 5248 3382 5318 quod
3421 5247 3513 5301 Je-

1945 5363 2066 5401 sum
2098 5344 2433 5401 Nazarenum
2468 5354 2649 5411 patres
2672 5340 3108 5396 nostri'diversis
3142 5340 3319 5395 modis
3351 5340 3514 5413 296

1944 5439 2248 5498 illuserunt,
2274 5434 2347 5487 ita
2376 5442 2430 5487 et
2453 5448 2552 5487 nos
2575 5433 2702 5486 huic
2732 5430 3176 5486 faciamus.'l‘unc
3225 5439 3513 5499 cmpermit

1948 5544 2144 5600 Spuere
2188 5527 2243 5579 in
2274 5524 2466 5579 faciem
2513 5523 2767 5593 imaginis
2816 5521 3028 5576 Domini
3064 5520 3364 5576 Salvator-is
3412 5537 3513 5576 no-

1950 5663 2321 5718 ctiAthanasii
2368 5677 2480 5716 esse
2534 5656 2737 5722 scribit,
2774 5655 2978 5712 actione
3028 5665 3219 5726 quarta
3257 5653 3441 5727 synodi
3478 5671 3516 5709 tl

1952 5733 2319 5858 ςῖῗωηωῇιζί
2350 5732 2532 5787 iisdem
2565 5730 2672 5800 fere
2705 5730 2872 5785 verbis
2904 5730 3098 5797 integer
3119 5728 3358 5793 habetur,
3376 5735 3513 5782 tom.

2054 5844 2068 5871 ,
2110 5820 2164 5874 p.
2274 5818 2330 5859 o.
