  <div class='ocr_page' id='page_1' title='image "/cluster/home/n/w/nwhite01/storage/ocr_20150623/28/hvd.32044019207737/413.png"; bbox 0 0 4050 6396; ppageno 0'>
   <div class='ocr_carea' id='block_1_1' title="bbox 568 340 677 403">
    <p class='ocr_par' dir='ltr' id='par_1_1' title="bbox 568 340 677 403">
     <span class='ocr_line' id='line_1_1' title="bbox 568 340 677 403; baseline 0.009 -1"><span class='ocrx_word' id='word_1_1' title='bbox 568 340 677 403; x_wconf 69' lang='grc' dir='ltr'><strong>8ἰό</strong></span> 
     </span>
    </p>
   </div>
   <div class='ocr_carea' id='block_1_2' title="bbox 1630 328 2615 390">
    <p class='ocr_par' dir='ltr' id='par_1_2' title="bbox 1630 328 2615 390">
     <span class='ocr_line' id='line_1_2' title="bbox 1630 328 2615 390; baseline -0.004 -2"><span class='ocrx_word' id='word_1_2' title='bbox 1630 332 1686 388; x_wconf 87' lang='lat' dir='ltr'><strong>S.</strong></span> <span class='ocrx_word' id='word_1_3' title='bbox 1726 329 2194 390; x_wconf 71' lang='lat' dir='ltr'><strong>ATHANASIUS.</strong></span> <span class='ocrx_word' id='word_1_4' title='bbox 2229 361 2302 374; x_wconf 90' lang='lat'><strong><em>—</em></strong></span> <span class='ocrx_word' id='word_1_5' title='bbox 2342 328 2615 386; x_wconf 78' lang='lat' dir='ltr'><strong>SPURIA.</strong></span> 
     </span>
    </p>
   </div>
   <div class='ocr_carea' id='block_1_3' title="bbox 3699 325 3792 382">
    <p class='ocr_par' dir='ltr' id='par_1_3' title="bbox 3699 325 3792 382">
     <span class='ocr_line' id='line_1_3' title="bbox 3699 325 3792 382; baseline 0 -1"><span class='ocrx_word' id='word_1_6' title='bbox 3699 325 3792 382; x_wconf 75' lang='lat' dir='ltr'><strong>8t6</strong></span> 
     </span>
    </p>
   </div>
   <div class='ocr_carea' id='block_1_4' title="bbox 567 438 3792 522">
    <p class='ocr_par' dir='ltr' id='par_1_4' title="bbox 567 438 3792 522">
     <span class='ocr_line' id='line_1_4' title="bbox 567 438 3792 522; baseline -0.006 -9"><span class='ocrx_word' id='word_1_7' title='bbox 567 457 696 520; x_wconf 90' lang='lat' dir='ltr'><strong>stri,</strong></span> <span class='ocrx_word' id='word_1_8' title='bbox 727 460 781 509; x_wconf 90' lang='lat' dir='ltr'><strong>et</strong></span> <span class='ocrx_word' id='word_1_9' title='bbox 819 447 1194 522; x_wconf 87' lang='lat' dir='ltr'><strong>percutiebant</strong></span> <span class='ocrx_word' id='word_1_10' title='bbox 1221 459 1344 500; x_wconf 90' lang='lat' dir='ltr'><strong>eum</strong></span> <span class='ocrx_word' id='word_1_11' title='bbox 1385 442 1578 512; x_wconf 82' lang='lat' dir='ltr'><strong>alapis,</strong></span> <span class='ocrx_word' id='word_1_12' title='bbox 1609 453 1663 497; x_wconf 93' lang='lat' dir='ltr'><strong>et</strong></span> <span class='ocrx_word' id='word_1_13' title='bbox 1691 443 1816 497; x_wconf 90' lang='lat' dir='ltr'><strong>inde</strong></span> <span class='ocrx_word' id='word_1_14' title='bbox 1852 443 2128 498; x_wconf 77' lang='lat' dir='ltr'><strong>dicentes:</strong></span> <span class='ocrx_word' id='word_1_15' title='bbox 2164 450 2206 511; x_wconf 72' lang='grc' dir='ltr'>Α</span> <span class='ocrx_word' id='word_1_16' title='bbox 2237 450 2519 497; x_wconf 88' lang='lat' dir='ltr'><strong>mansueta</strong></span> <span class='ocrx_word' id='word_1_17' title='bbox 2545 441 2868 496; x_wconf 89' lang='lat' dir='ltr'><strong>dueebaris!</strong></span> <span class='ocrx_word' id='word_1_18' title='bbox 2903 438 2948 495; x_wconf 90' lang='lat'><strong>0</strong></span> <span class='ocrx_word' id='word_1_19' title='bbox 2976 449 3215 512; x_wconf 89' lang='lat' dir='ltr'><strong>quantus</strong></span> <span class='ocrx_word' id='word_1_20' title='bbox 3242 455 3302 496; x_wconf 88' lang='lat' dir='ltr'><strong>es</strong></span> <span class='ocrx_word' id='word_1_21' title='bbox 3322 439 3378 495; x_wconf 90' lang='lat' dir='ltr'><strong>in</strong></span> <span class='ocrx_word' id='word_1_22' title='bbox 3403 439 3792 506; x_wconf 79' lang='lat' dir='ltr'><strong>misericordia,</strong></span> 
     </span>
    </p>
   </div>
   <div class='ocr_carea' id='block_1_5' title="bbox 565 531 2135 612">
    <p class='ocr_par' dir='ltr' id='par_1_5' title="bbox 565 531 2135 612">
     <span class='ocr_line' id='line_1_5' title="bbox 565 531 2135 612; baseline -0.01 -11"><span class='ocrx_word' id='word_1_23' title='bbox 565 547 777 612; x_wconf 86' lang='lat' dir='ltr'><strong>Quanta</strong></span> <span class='ocrx_word' id='word_1_24' title='bbox 804 539 932 596; x_wconf 81' lang='lat' dir='ltr'><strong>Jesu</strong></span> <span class='ocrx_word' id='word_1_25' title='bbox 963 537 1182 593; x_wconf 71' lang='lat' dir='ltr'><strong>Galilmo</strong></span> <span class='ocrx_word' id='word_1_26' title='bbox 1212 533 1384 590; x_wconf 92' lang='lat' dir='ltr'><strong>nostri</strong></span> <span class='ocrx_word' id='word_1_27' title='bbox 1423 533 1696 600; x_wconf 75' lang='lat' dir='ltr'><strong>genitores</strong></span> <span class='ocrx_word' id='word_1_28' title='bbox 1731 531 1998 596; x_wconf 88' lang='lat' dir='ltr'><strong>fecerunt,</strong></span> <span class='ocrx_word' id='word_1_29' title='bbox 2040 547 2135 586; x_wconf 87' lang='lat' dir='ltr'><strong>ea-</strong></span> 
     </span>
    </p>
   </div>
   <div class='ocr_carea' id='block_1_6' title="bbox 566 624 2134 696">
    <p class='ocr_par' dir='ltr' id='par_1_6' title="bbox 566 624 2134 696">
     <span class='ocr_line' id='line_1_6' title="bbox 566 624 2134 696; baseline -0.01 -5"><span class='ocrx_word' id='word_1_30' title='bbox 566 639 688 690; x_wconf 89' lang='lat' dir='ltr'><strong>dem</strong></span> <span class='ocrx_word' id='word_1_31' title='bbox 711 641 766 689; x_wconf 90' lang='lat' dir='ltr'><strong>et</strong></span> <span class='ocrx_word' id='word_1_32' title='bbox 793 646 895 687; x_wconf 91' lang='lat' dir='ltr'><strong>nos</strong></span> <span class='ocrx_word' id='word_1_33' title='bbox 929 629 1056 684; x_wconf 87' lang='lat' dir='ltr'><strong>huic</strong></span> <span class='ocrx_word' id='word_1_34' title='bbox 1088 626 1208 696; x_wconf 86' lang='lat' dir='ltr'><strong>ejus</strong></span> <span class='ocrx_word' id='word_1_35' title='bbox 1239 625 1460 696; x_wconf 85' lang='lat' dir='ltr'><strong>imagini</strong></span> <span class='ocrx_word' id='word_1_36' title='bbox 1496 624 1780 680; x_wconf 79' lang='lat' dir='ltr'><strong>faciamus.</strong></span> <span class='ocrx_word' id='word_1_37' title='bbox 1815 624 2134 678; x_wconf 84' lang='lat' dir='ltr'><strong>Innumera-</strong></span> 
     </span>
    </p>
   </div>
   <div class='ocr_carea' id='block_1_7' title="bbox 565 715 2138 790">
    <p class='ocr_par' dir='ltr' id='par_1_7' title="bbox 565 715 2138 790">
     <span class='ocr_line' id='line_1_7' title="bbox 565 715 2138 790; baseline -0.006 -10"><span class='ocrx_word' id='word_1_38' title='bbox 565 725 770 780; x_wconf 83' lang='lat' dir='ltr'><strong>hilihus</strong></span> <span class='ocrx_word' id='word_1_39' title='bbox 823 722 1005 790; x_wconf 89' lang='lat' dir='ltr'><strong>itaque</strong></span> <span class='ocrx_word' id='word_1_40' title='bbox 1057 717 1406 772; x_wconf 89' lang='lat' dir='ltr'><strong>illusionibus</strong></span> <span class='ocrx_word' id='word_1_41' title='bbox 1460 715 1800 771; x_wconf 86' lang='lat' dir='ltr'><strong>Dominieam</strong></span> <span class='ocrx_word' id='word_1_42' title='bbox 1847 717 2138 770; x_wconf 84' lang='lat' dir='ltr'><strong>illuserunt</strong></span> 
     </span>
    </p>
   </div>
   <div class='ocr_carea' id='block_1_8' title="bbox 566 807 2135 879">
    <p class='ocr_par' dir='ltr' id='par_1_8' title="bbox 566 807 2135 879">
     <span class='ocr_line' id='line_1_8' title="bbox 566 807 2135 879; baseline -0.006 -11"><span class='ocrx_word' id='word_1_43' title='bbox 566 814 813 870; x_wconf 71' lang='lat' dir='ltr'><strong>iconam.‘</strong></span> <span class='ocrx_word' id='word_1_44' title='bbox 837 812 1035 866; x_wconf 87' lang='lat' dir='ltr'><strong>lterum</strong></span> <span class='ocrx_word' id='word_1_45' title='bbox 1070 809 1260 863; x_wconf 87' lang='lat' dir='ltr'><strong>dicunt</strong></span> <span class='ocrx_word' id='word_1_46' title='bbox 1289 827 1302 862; x_wconf 90' lang='lat'><strong>:</strong></span> <span class='ocrx_word' id='word_1_47' title='bbox 1331 807 1388 863; x_wconf 91' lang='lat' dir='ltr'><strong>ln</strong></span> <span class='ocrx_word' id='word_1_48' title='bbox 1426 809 1545 879; x_wconf 83' lang='lat' dir='ltr'><strong>ejus</strong></span> <span class='ocrx_word' id='word_1_49' title='bbox 1581 807 1837 878; x_wconf 84' lang='lat' dir='ltr'><strong>passione</strong></span> <span class='ocrx_word' id='word_1_50' title='bbox 1865 807 2135 876; x_wconf 85' lang='lat' dir='ltr'><strong>scriptum</strong></span> 
     </span>
    </p>
   </div>
   <div class='ocr_carea' id='block_1_9' title="bbox 565 897 2137 973">
    <p class='ocr_par' dir='ltr' id='par_1_9' title="bbox 565 897 2137 973">
     <span class='ocr_line' id='line_1_9' title="bbox 565 897 2137 973; baseline -0.006 -13"><span class='ocrx_word' id='word_1_51' title='bbox 565 919 688 960; x_wconf 88' lang='lat' dir='ltr'><strong>esse</strong></span> <span class='ocrx_word' id='word_1_52' title='bbox 737 901 1102 973; x_wconf 82' lang='lat' dir='ltr'><strong>agnoscimus,</strong></span> <span class='ocrx_word' id='word_1_53' title='bbox 1149 899 1295 970; x_wconf 90' lang='lat' dir='ltr'><strong>quod</strong></span> <span class='ocrx_word' id='word_1_54' title='bbox 1342 900 1462 970; x_wconf 88' lang='lat' dir='ltr'><strong>ejus</strong></span> <span class='ocrx_word' id='word_1_55' title='bbox 1512 900 1676 970; x_wconf 84' lang='lat' dir='ltr'><strong>pedes</strong></span> <span class='ocrx_word' id='word_1_56' title='bbox 1731 908 1786 954; x_wconf 90' lang='lat' dir='ltr'><strong>et</strong></span> <span class='ocrx_word' id='word_1_57' title='bbox 1834 913 2030 952; x_wconf 88' lang='lat' dir='ltr'><strong>manus</strong></span> <span class='ocrx_word' id='word_1_58' title='bbox 2081 897 2137 950; x_wconf 89' lang='lat' dir='ltr'><strong>in</strong></span> 
     </span>
    </p>
   </div>
   <div class='ocr_carea' id='block_1_10' title="bbox 565 987 2137 1060">
    <p class='ocr_par' dir='ltr' id='par_1_10' title="bbox 565 987 2137 1060">
     <span class='ocr_line' id='line_1_10' title="bbox 565 987 2137 1060; baseline -0.006 -12"><span class='ocrx_word' id='word_1_59' title='bbox 565 1009 728 1049; x_wconf 85' lang='lat' dir='ltr'><strong>cruce</strong></span> <span class='ocrx_word' id='word_1_60' title='bbox 761 990 986 1048; x_wconf 68' lang='lat' dir='ltr'><strong>confixa:</strong></span> <span class='ocrx_word' id='word_1_61' title='bbox 1015 998 1144 1046; x_wconf 87' lang='lat' dir='ltr'><strong>sunt</strong></span> <span class='ocrx_word' id='word_1_62' title='bbox 1169 1009 1182 1046; x_wconf 88' lang='lat'><strong>:</strong></span> <span class='ocrx_word' id='word_1_63' title='bbox 1205 1007 1306 1046; x_wconf 87' lang='lat' dir='ltr'><strong>nos</strong></span> <span class='ocrx_word' id='word_1_64' title='bbox 1338 1007 1488 1057; x_wconf 85' lang='lat' dir='ltr'><strong>vero,</strong></span> <span class='ocrx_word' id='word_1_65' title='bbox 1537 989 1790 1060; x_wconf 80' lang='lat' dir='ltr'><strong>quamvis</strong></span> <span class='ocrx_word' id='word_1_66' title='bbox 1823 987 2137 1042; x_wconf 90' lang='lat' dir='ltr'><strong>modernio-</strong></span> 
     </span>
    </p>
   </div>
   <div class='ocr_carea' id='block_1_11' title="bbox 563 1076 2137 1151">
    <p class='ocr_par' dir='ltr' id='par_1_11' title="bbox 563 1076 2137 1151">
     <span class='ocr_line' id='line_1_11' title="bbox 563 1076 2137 1151; baseline -0.006 -13"><span class='ocrx_word' id='word_1_67' title='bbox 563 1099 654 1138; x_wconf 83' lang='lat' dir='ltr'><strong>res</strong></span> <span class='ocrx_word' id='word_1_68' title='bbox 684 1089 947 1151; x_wconf 89' lang='lat' dir='ltr'><strong>tempore,</strong></span> <span class='ocrx_word' id='word_1_69' title='bbox 977 1079 1053 1134; x_wconf 92' lang='lat' dir='ltr'><strong>nil</strong></span> <span class='ocrx_word' id='word_1_70' title='bbox 1083 1079 1584 1149; x_wconf 73' lang='lat' dir='ltr'><strong>praetermittentes,</strong></span> <span class='ocrx_word' id='word_1_71' title='bbox 1619 1077 1884 1132; x_wconf 87' lang='lat' dir='ltr'><strong>addamus</strong></span> <span class='ocrx_word' id='word_1_72' title='bbox 1918 1083 1972 1131; x_wconf 92' lang='lat' dir='ltr'><strong>et</strong></span> <span class='ocrx_word' id='word_1_73' title='bbox 2001 1076 2137 1130; x_wconf 68' lang='lat' dir='ltr'><strong>haec.</strong></span> 
     </span>
    </p>
   </div>
   <div class='ocr_carea' id='block_1_12' title="bbox 565 1169 2142 1242">
    <p class='ocr_par' dir='ltr' id='par_1_12' title="bbox 565 1169 2142 1242">
     <span class='ocr_line' id='line_1_12' title="bbox 565 1169 2142 1242; baseline -0.003 -13"><span class='ocrx_word' id='word_1_74' title='bbox 565 1173 720 1229; x_wconf 89' lang='lat' dir='ltr'><strong>Tunc</strong></span> <span class='ocrx_word' id='word_1_75' title='bbox 748 1171 1131 1242; x_wconf 80' lang='lat' dir='ltr'><strong>crucifigentes</strong></span> <span class='ocrx_word' id='word_1_76' title='bbox 1158 1172 1372 1226; x_wconf 88' lang='lat' dir='ltr'><strong>iconam</strong></span> <span class='ocrx_word' id='word_1_77' title='bbox 1404 1169 1765 1238; x_wconf 84' lang='lat' dir='ltr'><strong>Dmninicam,</strong></span> <span class='ocrx_word' id='word_1_78' title='bbox 1795 1171 1981 1225; x_wconf 89' lang='lat' dir='ltr'><strong>clavos</strong></span> <span class='ocrx_word' id='word_1_79' title='bbox 2013 1185 2142 1225; x_wconf 86' lang='lat' dir='ltr'><strong>acu-</strong></span> 
     </span>
    </p>
   </div>
   <div class='ocr_carea' id='block_1_13' title="bbox 563 1262 2142 1334">
    <p class='ocr_par' dir='ltr' id='par_1_13' title="bbox 563 1262 2142 1334">
     <span class='ocr_line' id='line_1_13' title="bbox 563 1262 2142 1334; baseline -0.003 -14"><span class='ocrx_word' id='word_1_80' title='bbox 563 1265 810 1321; x_wconf 90' lang='lat' dir='ltr'><strong>tissimos</strong></span> <span class='ocrx_word' id='word_1_81' title='bbox 847 1262 1213 1317; x_wconf 88' lang='lat' dir='ltr'><strong>adhibuerunt</strong></span> <span class='ocrx_word' id='word_1_82' title='bbox 1245 1263 1300 1318; x_wconf 92' lang='lat' dir='ltr'><strong>in</strong></span> <span class='ocrx_word' id='word_1_83' title='bbox 1329 1265 1606 1327; x_wconf 87' lang='lat' dir='ltr'><strong>manibus.</strong></span> <span class='ocrx_word' id='word_1_84' title='bbox 1637 1271 1690 1319; x_wconf 90' lang='lat' dir='ltr'><strong>et</strong></span> <span class='ocrx_word' id='word_1_85' title='bbox 1733 1263 1961 1334; x_wconf 87' lang='lat' dir='ltr'><strong>pedibus</strong></span> <span class='ocrx_word' id='word_1_86' title='bbox 1995 1262 2142 1316; x_wconf 91' lang='lat' dir='ltr'><strong>illius</strong></span> 
     </span>
    </p>
   </div>
   <div class='ocr_carea' id='block_1_14' title="bbox 565 1351 2142 1428">
    <p class='ocr_par' dir='ltr' id='par_1_14' title="bbox 565 1351 2142 1428">
     <span class='ocr_line' id='line_1_14' title="bbox 565 1351 2142 1428; baseline -0.004 -16"><span class='ocrx_word' id='word_1_87' title='bbox 565 1355 841 1428; x_wconf 88' lang='lat' dir='ltr'><strong>imaginis.</strong></span> <span class='ocrx_word' id='word_1_88' title='bbox 872 1351 1004 1410; x_wconf 88' lang='lat' dir='ltr'><strong>Post</strong></span> <span class='ocrx_word' id='word_1_89' title='bbox 1045 1354 1160 1409; x_wconf 84' lang='lat' dir='ltr'><strong>haec</strong></span> <span class='ocrx_word' id='word_1_90' title='bbox 1202 1355 1433 1425; x_wconf 87' lang='lat' dir='ltr'><strong>permoti</strong></span> <span class='ocrx_word' id='word_1_91' title='bbox 1464 1356 1638 1426; x_wconf 86' lang='lat' dir='ltr'><strong>magis</strong></span> <span class='ocrx_word' id='word_1_92' title='bbox 1680 1369 1744 1408; x_wconf 91' lang='lat' dir='ltr'><strong>ac</strong></span> <span class='ocrx_word' id='word_1_93' title='bbox 1794 1353 1967 1423; x_wconf 87' lang='lat' dir='ltr'><strong>magis</strong></span> <span class='ocrx_word' id='word_1_94' title='bbox 1999 1351 2142 1406; x_wconf 87' lang='lat' dir='ltr'><strong>fellis</strong></span> 
     </span>
    </p>
   </div>
   <div class='ocr_carea' id='block_1_15' title="bbox 567 1444 2144 1514">
    <p class='ocr_par' dir='ltr' id='par_1_15' title="bbox 567 1444 2144 1514">
     <span class='ocr_line' id='line_1_15' title="bbox 567 1444 2144 1514; baseline -0.003 -12"><span class='ocrx_word' id='word_1_95' title='bbox 567 1447 968 1512; x_wconf 82' lang='lat' dir='ltr'><strong>amaritudine,</strong></span> <span class='ocrx_word' id='word_1_96' title='bbox 1019 1445 1212 1502; x_wconf 89' lang='lat' dir='ltr'><strong>dicunt</strong></span> <span class='ocrx_word' id='word_1_97' title='bbox 1261 1447 1402 1500; x_wconf 77' lang='lat' dir='ltr'><strong>inter</strong></span> <span class='ocrx_word' id='word_1_98' title='bbox 1448 1462 1508 1502; x_wconf 91' lang='lat' dir='ltr'><strong>se</strong></span> <span class='ocrx_word' id='word_1_99' title='bbox 1555 1465 1569 1501; x_wconf 90' lang='lat'><strong>:</strong></span> <span class='ocrx_word' id='word_1_100' title='bbox 1611 1446 1935 1500; x_wconf 81' lang='lat' dir='ltr'><strong>Audivimus</strong></span> <span class='ocrx_word' id='word_1_101' title='bbox 1997 1444 2144 1514; x_wconf 89' lang='lat' dir='ltr'><strong>quod</strong></span> 
     </span>
    </p>
   </div>
   <div class='ocr_carea' id='block_1_16' title="bbox 567 1531 2143 1607">
    <p class='ocr_par' dir='ltr' id='par_1_16' title="bbox 567 1531 2143 1607">
     <span class='ocr_line' id='line_1_16' title="bbox 567 1531 2143 1607; baseline -0.004 -16"><span class='ocrx_word' id='word_1_102' title='bbox 567 1545 752 1607; x_wconf 84' lang='lat' dir='ltr'><strong>patres</strong></span> <span class='ocrx_word' id='word_1_103' title='bbox 781 1535 955 1590; x_wconf 88' lang='lat' dir='ltr'><strong>nostri</strong></span> <span class='ocrx_word' id='word_1_104' title='bbox 984 1531 1112 1589; x_wconf 80' lang='lat' dir='ltr'><strong>Jesu</strong></span> <span class='ocrx_word' id='word_1_105' title='bbox 1151 1532 1370 1588; x_wconf 80' lang='lat' dir='ltr'><strong>Calilaeo</strong></span> <span class='ocrx_word' id='word_1_106' title='bbox 1408 1543 1621 1588; x_wconf 87' lang='lat' dir='ltr'><strong>acetum</strong></span> <span class='ocrx_word' id='word_1_107' title='bbox 1651 1541 1705 1588; x_wconf 93' lang='lat' dir='ltr'><strong>et</strong></span> <span class='ocrx_word' id='word_1_108' title='bbox 1749 1534 1819 1588; x_wconf 89' lang='lat' dir='ltr'><strong>fel</strong></span> <span class='ocrx_word' id='word_1_109' title='bbox 1849 1534 1903 1588; x_wconf 91' lang='lat' dir='ltr'><strong>in</strong></span> <span class='ocrx_word' id='word_1_110' title='bbox 1957 1536 2143 1603; x_wconf 83' lang='lat' dir='ltr'><strong>potum</strong></span> 
     </span>
    </p>
   </div>
   <div class='ocr_carea' id='block_1_17' title="bbox 569 1624 2143 1698">
    <p class='ocr_par' dir='ltr' id='par_1_17' title="bbox 569 1624 2143 1698">
     <span class='ocr_line' id='line_1_17' title="bbox 569 1624 2143 1698; baseline -0.003 -16"><span class='ocrx_word' id='word_1_111' title='bbox 569 1643 696 1683; x_wconf 86' lang='lat' dir='ltr'><strong>eum</strong></span> <span class='ocrx_word' id='word_1_112' title='bbox 743 1627 972 1698; x_wconf 77' lang='lat' dir='ltr'><strong>spongia</strong></span> <span class='ocrx_word' id='word_1_113' title='bbox 1015 1625 1385 1696; x_wconf 73' lang='lat' dir='ltr'><strong>praebuerunt,</strong></span> <span class='ocrx_word' id='word_1_114' title='bbox 1438 1625 1542 1680; x_wconf 93' lang='lat' dir='ltr'><strong>hoc</strong></span> <span class='ocrx_word' id='word_1_115' title='bbox 1586 1634 1640 1680; x_wconf 88' lang='lat' dir='ltr'><strong>et</strong></span> <span class='ocrx_word' id='word_1_116' title='bbox 1677 1625 1805 1680; x_wconf 85' lang='lat' dir='ltr'><strong>huic</strong></span> <span class='ocrx_word' id='word_1_117' title='bbox 1858 1624 2143 1678; x_wconf 76' lang='lat' dir='ltr'><strong>faciamus.</strong></span> 
     </span>
    </p>
   </div>
   <div class='ocr_carea' id='block_1_18' title="bbox 571 1715 2145 1786">
    <p class='ocr_par' dir='ltr' id='par_1_18' title="bbox 571 1715 2145 1786">
     <span class='ocr_line' id='line_1_18' title="bbox 571 1715 2145 1786; baseline -0.003 -13"><span class='ocrx_word' id='word_1_118' title='bbox 571 1718 728 1786; x_wconf 77' lang='lat' dir='ltr'><strong>Quod</strong></span> <span class='ocrx_word' id='word_1_119' title='bbox 763 1727 816 1773; x_wconf 90' lang='lat' dir='ltr'><strong>et</strong></span> <span class='ocrx_word' id='word_1_120' title='bbox 842 1719 924 1772; x_wconf 82' lang='lat' dir='ltr'><strong>sic</strong></span> <span class='ocrx_word' id='word_1_121' title='bbox 953 1715 1223 1782; x_wconf 85' lang='lat' dir='ltr'><strong>fecerunt,</strong></span> <span class='ocrx_word' id='word_1_122' title='bbox 1254 1723 1592 1786; x_wconf 89' lang='lat' dir='ltr'><strong>apponentes</strong></span> <span class='ocrx_word' id='word_1_123' title='bbox 1619 1715 1687 1769; x_wconf 90' lang='lat' dir='ltr'><strong>ad</strong></span> <span class='ocrx_word' id='word_1_124' title='bbox 1716 1731 1780 1770; x_wconf 93' lang='lat' dir='ltr'><strong>os</strong></span> <span class='ocrx_word' id='word_1_125' title='bbox 1803 1724 2008 1770; x_wconf 81' lang='lat' dir='ltr'><strong>saneta:</strong></span> <span class='ocrx_word' id='word_1_126' title='bbox 2031 1715 2145 1769; x_wconf 81' lang='lat' dir='ltr'><strong>ico-</strong></span> 
     </span>
    </p>
   </div>
   <div class='ocr_carea' id='block_1_19' title="bbox 2235 533 3798 604">
    <p class='ocr_par' dir='ltr' id='par_1_19' title="bbox 2235 533 3798 604">
     <span class='ocr_line' id='line_1_19' title="bbox 2235 533 3798 604; baseline 0.001 -17"><span class='ocrx_word' id='word_1_127' title='bbox 2235 533 2482 588; x_wconf 89' lang='lat' dir='ltr'><strong>Christe!</strong></span> <span class='ocrx_word' id='word_1_128' title='bbox 2529 551 2656 604; x_wconf 90' lang='lat' dir='ltr'><strong>spes</strong></span> <span class='ocrx_word' id='word_1_129' title='bbox 2682 535 2842 588; x_wconf 87' lang='lat' dir='ltr'><strong>unica</strong></span> <span class='ocrx_word' id='word_1_130' title='bbox 2873 533 3082 597; x_wconf 90' lang='lat' dir='ltr'><strong>mundi,</strong></span> <span class='ocrx_word' id='word_1_131' title='bbox 3121 533 3216 602; x_wconf 85' lang='lat' dir='ltr'><strong>qui</strong></span> <span class='ocrx_word' id='word_1_132' title='bbox 3250 549 3374 587; x_wconf 88' lang='lat' dir='ltr'><strong>cum</strong></span> <span class='ocrx_word' id='word_1_133' title='bbox 3425 534 3480 588; x_wconf 91' lang='lat' dir='ltr'><strong>in</strong></span> <span class='ocrx_word' id='word_1_134' title='bbox 3527 548 3694 588; x_wconf 77' lang='lat' dir='ltr'><strong>cruce</strong></span> <span class='ocrx_word' id='word_1_135' title='bbox 3731 543 3798 590; x_wconf 81' lang='lat' dir='ltr'><strong>te-</strong></span> 
     </span>
    </p>
   </div>
   <div class='ocr_carea' id='block_1_20' title="bbox 2233 625 3796 696">
    <p class='ocr_par' dir='ltr' id='par_1_20' title="bbox 2233 625 3796 696">
     <span class='ocr_line' id='line_1_20' title="bbox 2233 625 3796 696; baseline 0.001 -15"><span class='ocrx_word' id='word_1_136' title='bbox 2233 627 2414 696; x_wconf 75' lang='lat' dir='ltr'><strong>ipsum</strong></span> <span class='ocrx_word' id='word_1_137' title='bbox 2459 627 2692 681; x_wconf 86' lang='lat' dir='ltr'><strong>hostiam</strong></span> <span class='ocrx_word' id='word_1_138' title='bbox 2739 626 2851 680; x_wconf 87' lang='lat' dir='ltr'><strong>Deo</strong></span> <span class='ocrx_word' id='word_1_139' title='bbox 2880 626 3029 680; x_wconf 84' lang='lat' dir='ltr'><strong>Patri</strong></span> <span class='ocrx_word' id='word_1_140' title='bbox 3078 625 3425 680; x_wconf 77' lang='lat' dir='ltr'><strong>exhibuisses</strong></span> <span class='ocrx_word' id='word_1_141' title='bbox 3476 633 3718 680; x_wconf 89' lang='lat' dir='ltr'><strong>sanctam</strong></span> <span class='ocrx_word' id='word_1_142' title='bbox 3749 633 3796 682; x_wconf 84' lang='lat' dir='ltr'><strong>et</strong></span> 
     </span>
    </p>
   </div>
   <div class='ocr_carea' id='block_1_21' title="bbox 2237 715 3797 786">
    <p class='ocr_par' dir='ltr' id='par_1_21' title="bbox 2237 715 3797 786">
     <span class='ocr_line' id='line_1_21' title="bbox 2237 715 3797 786; baseline -0.002 -16"><span class='ocrx_word' id='word_1_143' title='bbox 2237 717 2664 779; x_wconf 88' lang='lat' dir='ltr'><strong>immaculatam,</strong></span> <span class='ocrx_word' id='word_1_144' title='bbox 2709 731 2808 786; x_wconf 91' lang='lat' dir='ltr'><strong>pro</strong></span> <span class='ocrx_word' id='word_1_145' title='bbox 2852 716 2962 770; x_wconf 88' lang='lat' dir='ltr'><strong>tuis</strong></span> <span class='ocrx_word' id='word_1_146' title='bbox 3004 715 3426 770; x_wconf 82' lang='lat' dir='ltr'><strong>crucifixoribus</strong></span> <span class='ocrx_word' id='word_1_147' title='bbox 3473 716 3685 768; x_wconf 89' lang='lat' dir='ltr'><strong>veniam</strong></span> <span class='ocrx_word' id='word_1_148' title='bbox 3718 729 3797 784; x_wconf 88' lang='lat' dir='ltr'><strong>po-</strong></span> 
     </span>
    </p>
   </div>
   <div class='ocr_carea' id='block_1_22' title="bbox 2238 807 3793 877">
    <p class='ocr_par' dir='ltr' id='par_1_22' title="bbox 2238 807 3793 877">
     <span class='ocr_line' id='line_1_22' title="bbox 2238 807 3793 877; baseline -0.001 -15"><span class='ocrx_word' id='word_1_149' title='bbox 2238 809 2475 870; x_wconf 87' lang='lat' dir='ltr'><strong>stulasti,</strong></span> <span class='ocrx_word' id='word_1_150' title='bbox 2509 807 2820 862; x_wconf 82' lang='lat' dir='ltr'><strong>dicendoad</strong></span> <span class='ocrx_word' id='word_1_151' title='bbox 2844 808 3094 864; x_wconf 84' lang='lat' dir='ltr'><strong>Patrem:</strong></span> <span class='ocrx_word' id='word_1_152' title='bbox 3129 827 3149 860; x_wconf 85' lang='grc'><strong><em>‹</em></strong></span> <span class='ocrx_word' id='word_1_153' title='bbox 3187 807 3368 872; x_wconf 89' lang='lat' dir='ltr'><strong>Pater,</strong></span> <span class='ocrx_word' id='word_1_154' title='bbox 3406 808 3626 877; x_wconf 80' lang='lat' dir='ltr'><strong>ignosce</strong></span> <span class='ocrx_word' id='word_1_155' title='bbox 3659 807 3793 873; x_wconf 90' lang='lat' dir='ltr'><strong>illis;</strong></span> 
     </span>
    </p>
   </div>
   <div class='ocr_carea' id='block_1_23' title="bbox 2239 897 3798 971">
    <p class='ocr_par' dir='ltr' id='par_1_23' title="bbox 2239 897 3798 971">
     <span class='ocr_line' id='line_1_23' title="bbox 2239 897 3798 971; baseline -0.001 -17"><span class='ocrx_word' id='word_1_156' title='bbox 2239 902 2365 971; x_wconf 87' lang='lat' dir='ltr'><strong>quia</strong></span> <span class='ocrx_word' id='word_1_157' title='bbox 2383 899 2632 955; x_wconf 87' lang='lat' dir='ltr'><strong>nesciunt</strong></span> <span class='ocrx_word' id='word_1_158' title='bbox 2653 901 2782 970; x_wconf 88' lang='lat' dir='ltr'><strong>quid</strong></span> <span class='ocrx_word' id='word_1_159' title='bbox 2821 898 3044 954; x_wconf 89' lang='lat' dir='ltr'><strong>faciunt.</strong></span> <span class='ocrx_word' id='word_1_160' title='bbox 3085 918 3105 951; x_wconf 73' lang='grc' dir='ltr'><strong><em>ι</em></strong></span> <span class='ocrx_word' id='word_1_161' title='bbox 3129 897 3283 953; x_wconf 87' lang='lat' dir='ltr'><strong>Tunc</strong></span> <span class='ocrx_word' id='word_1_162' title='bbox 3313 899 3532 968; x_wconf 82' lang='lat' dir='ltr'><strong>quidem</strong></span> <span class='ocrx_word' id='word_1_163' title='bbox 3579 911 3678 968; x_wconf 88' lang='lat' dir='ltr'><strong>pro</strong></span> <span class='ocrx_word' id='word_1_164' title='bbox 3711 913 3798 952; x_wconf 86' lang='lat' dir='ltr'><strong>no-</strong></span> 
     </span>
    </p>
   </div>
   <div class='ocr_carea' id='block_1_24' title="bbox 2241 991 3797 1058">
    <p class='ocr_par' dir='ltr' id='par_1_24' title="bbox 2241 991 3797 1058">
     <span class='ocr_line' id='line_1_24' title="bbox 2241 991 3797 1058; baseline -0.003 -11"><span class='ocrx_word' id='word_1_165' title='bbox 2241 1001 2354 1047; x_wconf 88' lang='lat' dir='ltr'><strong>stra</strong></span> <span class='ocrx_word' id='word_1_166' title='bbox 2397 992 2571 1048; x_wconf 90' lang='lat' dir='ltr'><strong>salute</strong></span> <span class='ocrx_word' id='word_1_167' title='bbox 2611 991 2947 1057; x_wconf 78' lang='lat' dir='ltr'><strong>incurvatus,</strong></span> <span class='ocrx_word' id='word_1_168' title='bbox 2993 991 3049 1046; x_wconf 86' lang='lat' dir='ltr'><strong>in</strong></span> <span class='ocrx_word' id='word_1_169' title='bbox 3094 991 3280 1045; x_wconf 88' lang='lat' dir='ltr'><strong>eadem</strong></span> <span class='ocrx_word' id='word_1_170' title='bbox 3313 1005 3499 1052; x_wconf 82' lang='lat' dir='ltr'><strong>carne,</strong></span> <span class='ocrx_word' id='word_1_171' title='bbox 3532 1004 3696 1058; x_wconf 82' lang='lat' dir='ltr'><strong>quam</strong></span> <span class='ocrx_word' id='word_1_172' title='bbox 3737 1003 3797 1043; x_wconf 81' lang='lat' dir='ltr'><strong>ex</strong></span> 
     </span>
    </p>
   </div>
   <div class='ocr_carea' id='block_1_25' title="bbox 2241 1081 3798 1154">
    <p class='ocr_par' dir='ltr' id='par_1_25' title="bbox 2241 1081 3798 1154">
     <span class='ocr_line' id='line_1_25' title="bbox 2241 1081 3798 1154; baseline -0.001 -19"><span class='ocrx_word' id='word_1_173' title='bbox 2241 1083 2462 1154; x_wconf 75' lang='lat' dir='ltr'><strong>Virgine</strong></span> <span class='ocrx_word' id='word_1_174' title='bbox 2501 1091 2688 1138; x_wconf 89' lang='lat' dir='ltr'><strong>sancta</strong></span> <span class='ocrx_word' id='word_1_175' title='bbox 2734 1089 2788 1138; x_wconf 87' lang='lat' dir='ltr'><strong>et</strong></span> <span class='ocrx_word' id='word_1_176' title='bbox 2835 1081 3178 1136; x_wconf 88' lang='lat' dir='ltr'><strong>immaculata</strong></span> <span class='ocrx_word' id='word_1_177' title='bbox 3209 1096 3612 1150; x_wconf 83' lang='lat' dir='ltr'><strong>assumpseras.</strong></span> <span class='ocrx_word' id='word_1_178' title='bbox 3661 1095 3798 1134; x_wconf 88' lang='lat' dir='ltr'><strong>mor-</strong></span> 
     </span>
    </p>
   </div>
   <div class='ocr_carea' id='block_1_26' title="bbox 2243 1172 3796 1244">
    <p class='ocr_par' dir='ltr' id='par_1_26' title="bbox 2243 1172 3796 1244">
     <span class='ocr_line' id='line_1_26' title="bbox 2243 1172 3796 1244; baseline -0.001 -16"><span class='ocrx_word' id='word_1_179' title='bbox 2243 1185 2348 1230; x_wconf 92' lang='lat' dir='ltr'><strong>tem</strong></span> <span class='ocrx_word' id='word_1_180' title='bbox 2377 1173 2647 1244; x_wconf 85' lang='lat' dir='ltr'><strong>pertulis:i</strong></span> <span class='ocrx_word' id='word_1_181' title='bbox 2689 1173 2984 1230; x_wconf 84' lang='lat' dir='ltr'><strong>crudelem.</strong></span> <span class='ocrx_word' id='word_1_182' title='bbox 3015 1172 3082 1226; x_wconf 87' lang='lat' dir='ltr'><strong>Et</strong></span> <span class='ocrx_word' id='word_1_183' title='bbox 3113 1173 3206 1244; x_wconf 87' lang='lat' dir='ltr'><strong>qui</strong></span> <span class='ocrx_word' id='word_1_184' title='bbox 3241 1189 3364 1229; x_wconf 88' lang='lat' dir='ltr'><strong>eras</strong></span> <span class='ocrx_word' id='word_1_185' title='bbox 3397 1175 3449 1228; x_wconf 93' lang='lat' dir='ltr'><strong>in</strong></span> <span class='ocrx_word' id='word_1_186' title='bbox 3489 1173 3796 1229; x_wconf 86' lang='lat' dir='ltr'><strong>substantia</strong></span> 
     </span>
    </p>
   </div>
   <div class='ocr_carea' id='block_1_27' title="bbox 2243 1261 3799 1334">
    <p class='ocr_par' dir='ltr' id='par_1_27' title="bbox 2243 1261 3799 1334">
     <span class='ocr_line' id='line_1_27' title="bbox 2243 1261 3799 1334; baseline -0.003 -14"><span class='ocrx_word' id='word_1_187' title='bbox 2243 1279 2365 1320; x_wconf 90' lang='lat' dir='ltr'><strong>cum</strong></span> <span class='ocrx_word' id='word_1_188' title='bbox 2395 1263 2552 1320; x_wconf 84' lang='lat' dir='ltr'><strong>Patre</strong></span> <span class='ocrx_word' id='word_1_189' title='bbox 2582 1272 2884 1334; x_wconf 85' lang='lat' dir='ltr'><strong>sanctoque</strong></span> <span class='ocrx_word' id='word_1_190' title='bbox 2919 1261 3125 1334; x_wconf 87' lang='lat' dir='ltr'><strong>Spiritu</strong></span> <span class='ocrx_word' id='word_1_191' title='bbox 3165 1279 3307 1317; x_wconf 92' lang='lat' dir='ltr'><strong>unus</strong></span> <span class='ocrx_word' id='word_1_192' title='bbox 3350 1272 3404 1318; x_wconf 91' lang='lat' dir='ltr'><strong>et</strong></span> <span class='ocrx_word' id='word_1_193' title='bbox 3448 1261 3799 1332; x_wconf 55' lang='grc' dir='ltr'><strong>ἱιιίρειεηίωιίε</strong></span> 
     </span>
    </p>
   </div>
   <div class='ocr_carea' id='block_1_28' title="bbox 2243 1339 3800 1423">
    <p class='ocr_par' dir='ltr' id='par_1_28' title="bbox 2243 1339 3800 1423">
     <span class='ocr_line' id='line_1_28' title="bbox 2243 1339 3800 1423; baseline -0.003 -11"><span class='ocrx_word' id='word_1_194' title='bbox 2243 1356 2514 1412; x_wconf 78' lang='lat' dir='ltr'><strong>cxsisteus</strong></span> <span class='ocrx_word' id='word_1_195' title='bbox 2558 1362 2612 1410; x_wconf 88' lang='lat' dir='ltr'><strong>et</strong></span> <span class='ocrx_word' id='word_1_196' title='bbox 2675 1355 2989 1420; x_wconf 81' lang='lat' dir='ltr'><strong>invisibilis,</strong></span> <span class='ocrx_word' id='word_1_197' title='bbox 3030 1339 3361 1409; x_wconf 49' lang='lat' dir='ltr'><strong>condiiliiisti</strong></span> <span class='ocrx_word' id='word_1_198' title='bbox 3391 1355 3687 1408; x_wconf 86' lang='lat' dir='ltr'><strong>humanam</strong></span> <span class='ocrx_word' id='word_1_199' title='bbox 3717 1368 3800 1423; x_wconf 87' lang='lat' dir='ltr'><strong>pe-</strong></span> 
     </span>
    </p>
   </div>
   <div class='ocr_carea' id='block_1_29' title="bbox 2244 1444 3801 1516">
    <p class='ocr_par' dir='ltr' id='par_1_29' title="bbox 2244 1444 3801 1516">
     <span class='ocr_line' id='line_1_29' title="bbox 2244 1444 3801 1516; baseline -0.003 -16"><span class='ocrx_word' id='word_1_200' title='bbox 2244 1446 2356 1501; x_wconf 85' lang='lat' dir='ltr'><strong>rire</strong></span> <span class='ocrx_word' id='word_1_201' title='bbox 2388 1454 2660 1500; x_wconf 84' lang='lat' dir='ltr'><strong>naturam.</strong></span> <span class='ocrx_word' id='word_1_202' title='bbox 2699 1445 2765 1498; x_wconf 86' lang='lat' dir='ltr'><strong>Et</strong></span> <span class='ocrx_word' id='word_1_203' title='bbox 2801 1444 2922 1499; x_wconf 88' lang='lat' dir='ltr'><strong>ideo</strong></span> <span class='ocrx_word' id='word_1_204' title='bbox 2957 1445 3010 1498; x_wconf 93' lang='lat' dir='ltr'><strong>in</strong></span> <span class='ocrx_word' id='word_1_205' title='bbox 3045 1445 3189 1498; x_wconf 91' lang='lat' dir='ltr'><strong>hanc</strong></span> <span class='ocrx_word' id='word_1_206' title='bbox 3217 1444 3578 1516; x_wconf 82' lang='lat' dir='ltr'><strong>lacrymaruin</strong></span> <span class='ocrx_word' id='word_1_207' title='bbox 3619 1444 3801 1496; x_wconf 84' lang='lat' dir='ltr'><strong>vallem</strong></span> 
     </span>
    </p>
   </div>
   <div class='ocr_carea' id='block_1_30' title="bbox 2245 1533 3805 1606">
    <p class='ocr_par' dir='ltr' id='par_1_30' title="bbox 2245 1533 3805 1606">
     <span class='ocr_line' id='line_1_30' title="bbox 2245 1533 3805 1606; baseline -0.004 -14"><span class='ocrx_word' id='word_1_208' title='bbox 2245 1537 2606 1600; x_wconf 86' lang='lat' dir='ltr'><strong>descendens,</strong></span> <span class='ocrx_word' id='word_1_209' title='bbox 2640 1551 2742 1606; x_wconf 89' lang='lat' dir='ltr'><strong>pro</strong></span> <span class='ocrx_word' id='word_1_210' title='bbox 2789 1536 2994 1591; x_wconf 89' lang='lat' dir='ltr'><strong>nostris</strong></span> <span class='ocrx_word' id='word_1_211' title='bbox 3031 1535 3307 1591; x_wconf 90' lang='lat' dir='ltr'><strong>erratibus</strong></span> <span class='ocrx_word' id='word_1_212' title='bbox 3349 1543 3402 1588; x_wconf 86' lang='lat' dir='ltr'><strong>et</strong></span> <span class='ocrx_word' id='word_1_213' title='bbox 3437 1535 3672 1606; x_wconf 89' lang='lat' dir='ltr'><strong>piaculis</strong></span> <span class='ocrx_word' id='word_1_214' title='bbox 3709 1533 3805 1587; x_wconf 89' lang='lat' dir='ltr'><strong>for-</strong></span> 
     </span>
    </p>
   </div>
   <div class='ocr_carea' id='block_1_31' title="bbox 2245 1623 3805 1697">
    <p class='ocr_par' dir='ltr' id='par_1_31' title="bbox 2245 1623 3805 1697">
     <span class='ocr_line' id='line_1_31' title="bbox 2245 1623 3805 1697; baseline -0.002 -15"><span class='ocrx_word' id='word_1_215' title='bbox 2245 1643 2391 1682; x_wconf 86' lang='lat' dir='ltr'><strong>mam</strong></span> <span class='ocrx_word' id='word_1_216' title='bbox 2436 1629 2688 1682; x_wconf 85' lang='lat' dir='ltr'><strong>servilem</strong></span> <span class='ocrx_word' id='word_1_217' title='bbox 2733 1627 3046 1697; x_wconf 80' lang='lat' dir='ltr'><strong>suscepisti,</strong></span> <span class='ocrx_word' id='word_1_218' title='bbox 3081 1626 3136 1680; x_wconf 91' lang='lat' dir='ltr'><strong>in</strong></span> <span class='ocrx_word' id='word_1_219' title='bbox 3179 1641 3284 1694; x_wconf 88' lang='lat' dir='ltr'><strong>qua</strong></span> <span class='ocrx_word' id='word_1_220' title='bbox 3325 1634 3380 1680; x_wconf 92' lang='lat' dir='ltr'><strong>te</strong></span> <span class='ocrx_word' id='word_1_221' title='bbox 3417 1625 3716 1695; x_wconf 86' lang='lat' dir='ltr'><strong>permisisti</strong></span> <span class='ocrx_word' id='word_1_222' title='bbox 3741 1623 3805 1679; x_wconf 82' lang='lat' dir='ltr'><strong>ab</strong></span> 
     </span>
    </p>
   </div>
   <div class='ocr_carea' id='block_1_32' title="bbox 2248 1717 3804 1792">
    <p class='ocr_par' dir='ltr' id='par_1_32' title="bbox 2248 1717 3804 1792">
     <span class='ocr_line' id='line_1_32' title="bbox 2248 1717 3804 1792; baseline -0.003 -16"><span class='ocrx_word' id='word_1_223' title='bbox 2248 1721 2452 1792; x_wconf 91' lang='lat' dir='ltr'><strong>iniquis</strong></span> <span class='ocrx_word' id='word_1_224' title='bbox 2483 1721 2682 1784; x_wconf 90' lang='lat' dir='ltr'><strong>teneri,</strong></span> <span class='ocrx_word' id='word_1_225' title='bbox 2727 1719 3010 1790; x_wconf 83' lang='lat' dir='ltr'><strong>flagellari,</strong></span> <span class='ocrx_word' id='word_1_226' title='bbox 3061 1721 3128 1774; x_wconf 91' lang='lat' dir='ltr'><strong>ad</strong></span> <span class='ocrx_word' id='word_1_227' title='bbox 3174 1721 3423 1774; x_wconf 88' lang='lat' dir='ltr'><strong>ultimum</strong></span> <span class='ocrx_word' id='word_1_228' title='bbox 3459 1733 3590 1772; x_wconf 89' lang='lat' dir='ltr'><strong>vero</strong></span> <span class='ocrx_word' id='word_1_229' title='bbox 3628 1717 3804 1772; x_wconf 88' lang='lat' dir='ltr'><strong>eruci-</strong></span> 
     </span>
    </p>
   </div>
   <div class='ocr_carea' id='block_1_33' title="bbox 572 1789 3808 1885">
    <p class='ocr_par' dir='ltr' id='par_1_33' title="bbox 572 1789 3808 1885">
     <span class='ocr_line' id='line_1_33' title="bbox 572 1789 3808 1885; baseline -0.004 -21"><span class='ocrx_word' id='word_1_230' title='bbox 572 1826 660 1864; x_wconf 64' lang='lat' dir='ltr'><strong>naa</strong></span> <span class='ocrx_word' id='word_1_231' title='bbox 688 1811 865 1864; x_wconf 92' lang='lat' dir='ltr'><strong>nostri</strong></span> <span class='ocrx_word' id='word_1_232' title='bbox 907 1807 1290 1878; x_wconf 80' lang='lat' dir='ltr'><strong>Redemptoris</strong></span> <span class='ocrx_word' id='word_1_233' title='bbox 1329 1818 1542 1862; x_wconf 90' lang='lat' dir='ltr'><strong>acetum</strong></span> <span class='ocrx_word' id='word_1_234' title='bbox 1578 1823 1701 1862; x_wconf 90' lang='lat' dir='ltr'><strong>cum</strong></span> <span class='ocrx_word' id='word_1_235' title='bbox 1733 1808 1856 1862; x_wconf 88' lang='lat' dir='ltr'><strong>felle</strong></span> <span class='ocrx_word' id='word_1_236' title='bbox 1899 1808 2137 1862; x_wconf 86' lang='lat' dir='ltr'><strong>mistum.</strong></span> <span class='ocrx_word' id='word_1_237' title='bbox 2175 1789 2217 1847; x_wconf 76' lang='grc' dir='ltr'>Β</span> <span class='ocrx_word' id='word_1_238' title='bbox 2248 1813 2356 1885; x_wconf 72' lang='lat' dir='ltr'><strong>ﬁgi.</strong></span> <span class='ocrx_word' id='word_1_239' title='bbox 2397 1813 2551 1868; x_wconf 76' lang='lat' dir='ltr'><strong>Nunc</strong></span> <span class='ocrx_word' id='word_1_240' title='bbox 2581 1823 2762 1868; x_wconf 56' lang='lat' dir='ltr'><strong>autem</strong></span> <span class='ocrx_word' id='word_1_241' title='bbox 2799 1789 2856 1868; x_wconf 54' lang='lat' dir='ltr'><strong>in</strong></span> <span class='ocrx_word' id='word_1_242' title='bbox 2905 1823 3092 1868; x_wconf 48' lang='lat' dir='ltr'><strong>sancta</strong></span> <span class='ocrx_word' id='word_1_243' title='bbox 3134 1813 3368 1882; x_wconf 70' lang='lat' dir='ltr'><strong>imagine</strong></span> <span class='ocrx_word' id='word_1_244' title='bbox 3405 1819 3498 1864; x_wconf 70' lang='lat' dir='ltr'><strong>ma</strong></span> <span class='ocrx_word' id='word_1_245' title='bbox 3530 1809 3808 1880; x_wconf 66' lang='lat' dir='ltr'><strong>cruciﬁge-</strong></span> 
     </span>
    </p>
   </div>
   <div class='ocr_carea' id='block_1_34' title="bbox 572 1895 2142 1968">
    <p class='ocr_par' dir='ltr' id='par_1_34' title="bbox 572 1895 2142 1968">
     <span class='ocr_line' id='line_1_34' title="bbox 572 1895 2142 1968; baseline -0.001 -16"><span class='ocrx_word' id='word_1_246' title='bbox 572 1896 686 1954; x_wconf 84' lang='lat' dir='ltr'><strong>Nec</strong></span> <span class='ocrx_word' id='word_1_247' title='bbox 737 1899 818 1953; x_wconf 88' lang='lat' dir='ltr'><strong>sic</strong></span> <span class='ocrx_word' id='word_1_248' title='bbox 866 1898 1050 1968; x_wconf 87' lang='lat' dir='ltr'><strong>itaque</strong></span> <span class='ocrx_word' id='word_1_249' title='bbox 1102 1897 1284 1952; x_wconf 89' lang='lat' dir='ltr'><strong>cordis</strong></span> <span class='ocrx_word' id='word_1_250' title='bbox 1320 1897 1404 1952; x_wconf 91' lang='lat' dir='ltr'><strong>sui</strong></span> <span class='ocrx_word' id='word_1_251' title='bbox 1463 1897 1729 1951; x_wconf 90' lang='lat' dir='ltr'><strong>malitiam</strong></span> <span class='ocrx_word' id='word_1_252' title='bbox 1780 1895 2142 1962; x_wconf 89' lang='lat' dir='ltr'><strong>refrenantes,</strong></span> 
     </span>
    </p>
   </div>
   <div class='ocr_carea' id='block_1_35' title="bbox 573 1987 2149 2060">
    <p class='ocr_par' dir='ltr' id='par_1_35' title="bbox 573 1987 2149 2060">
     <span class='ocr_line' id='line_1_35' title="bbox 573 1987 2149 2060; baseline -0.002 -15"><span class='ocrx_word' id='word_1_253' title='bbox 573 1991 772 2045; x_wconf 81' lang='lat' dir='ltr'><strong>iterum</strong></span> <span class='ocrx_word' id='word_1_254' title='bbox 815 1989 1037 2044; x_wconf 88' lang='lat' dir='ltr'><strong>dicunt:</strong></span> <span class='ocrx_word' id='word_1_255' title='bbox 1067 1987 1366 2044; x_wconf 88' lang='lat' dir='ltr'><strong>Didicimus</strong></span> <span class='ocrx_word' id='word_1_256' title='bbox 1395 1989 1540 2060; x_wconf 89' lang='lat' dir='ltr'><strong>quod</strong></span> <span class='ocrx_word' id='word_1_257' title='bbox 1571 1988 1745 2044; x_wconf 90' lang='lat' dir='ltr'><strong>nostri</strong></span> <span class='ocrx_word' id='word_1_258' title='bbox 1787 1988 2022 2058; x_wconf 88' lang='lat' dir='ltr'><strong>majores</strong></span> <span class='ocrx_word' id='word_1_259' title='bbox 2053 2003 2149 2042; x_wconf 83' lang='lat' dir='ltr'><strong>co-</strong></span> 
     </span>
    </p>
   </div>
   <div class='ocr_carea' id='block_1_36' title="bbox 571 2080 2147 2152">
    <p class='ocr_par' dir='ltr' id='par_1_36' title="bbox 571 2080 2147 2152">
     <span class='ocr_line' id='line_1_36' title="bbox 571 2080 2147 2152; baseline -0.003 -13"><span class='ocrx_word' id='word_1_260' title='bbox 571 2098 765 2139; x_wconf 83' lang='lat' dir='ltr'><strong>ronam</strong></span> <span class='ocrx_word' id='word_1_261' title='bbox 801 2089 1113 2137; x_wconf 80' lang='lat' dir='ltr'><strong>contextam</strong></span> <span class='ocrx_word' id='word_1_262' title='bbox 1157 2081 1224 2136; x_wconf 90' lang='lat' dir='ltr'><strong>de</strong></span> <span class='ocrx_word' id='word_1_263' title='bbox 1265 2081 1440 2152; x_wconf 90' lang='lat' dir='ltr'><strong>spinis</strong></span> <span class='ocrx_word' id='word_1_264' title='bbox 1493 2081 1656 2150; x_wconf 87' lang='lat' dir='ltr'><strong>capiti</strong></span> <span class='ocrx_word' id='word_1_265' title='bbox 1705 2081 1851 2136; x_wconf 87' lang='lat' dir='ltr'><strong>illius</strong></span> <span class='ocrx_word' id='word_1_266' title='bbox 1899 2080 2147 2135; x_wconf 80' lang='lat' dir='ltr'><strong>crucifixi</strong></span> 
     </span>
    </p>
   </div>
   <div class='ocr_carea' id='block_1_37' title="bbox 571 2173 2148 2246">
    <p class='ocr_par' dir='ltr' id='par_1_37' title="bbox 571 2173 2148 2246">
     <span class='ocr_line' id='line_1_37' title="bbox 571 2173 2148 2246; baseline -0.002 -16"><span class='ocrx_word' id='word_1_267' title='bbox 571 2176 1116 2246; x_wconf 85' lang='lat' dir='ltr'><strong>circumposuerunt,</strong></span> <span class='ocrx_word' id='word_1_268' title='bbox 1146 2173 1494 2245; x_wconf 88' lang='lat' dir='ltr'><strong>postmodum</strong></span> <span class='ocrx_word' id='word_1_269' title='bbox 1540 2173 1808 2227; x_wconf 83' lang='lat' dir='ltr'><strong>arundine</strong></span> <span class='ocrx_word' id='word_1_270' title='bbox 1860 2187 2148 2242; x_wconf 86' lang='lat' dir='ltr'><strong>percusse-</strong></span> 
     </span>
    </p>
   </div>
   <div class='ocr_carea' id='block_1_38' title="bbox 571 2265 2150 2335">
    <p class='ocr_par' dir='ltr' id='par_1_38' title="bbox 571 2265 2150 2335">
     <span class='ocr_line' id='line_1_38' title="bbox 571 2265 2150 2335; baseline -0.004 -13"><span class='ocrx_word' id='word_1_271' title='bbox 571 2273 700 2322; x_wconf 82' lang='lat' dir='ltr'><strong>runt</strong></span> <span class='ocrx_word' id='word_1_272' title='bbox 731 2267 1060 2322; x_wconf 86' lang='lat' dir='ltr'><strong>insultantes</strong></span> <span class='ocrx_word' id='word_1_273' title='bbox 1085 2266 1152 2330; x_wconf 87' lang='lat' dir='ltr'><strong>ei,</strong></span> <span class='ocrx_word' id='word_1_274' title='bbox 1193 2274 1248 2320; x_wconf 91' lang='lat' dir='ltr'><strong>et</strong></span> <span class='ocrx_word' id='word_1_275' title='bbox 1288 2282 1390 2321; x_wconf 93' lang='lat' dir='ltr'><strong>nos</strong></span> <span class='ocrx_word' id='word_1_276' title='bbox 1429 2265 1596 2335; x_wconf 89' lang='lat' dir='ltr'><strong>igitur</strong></span> <span class='ocrx_word' id='word_1_277' title='bbox 1624 2277 1967 2334; x_wconf 86' lang='lat' dir='ltr'><strong>nequaquam</strong></span> <span class='ocrx_word' id='word_1_278' title='bbox 1995 2271 2150 2334; x_wconf 90' lang='lat' dir='ltr'><strong>post-</strong></span> 
     </span>
    </p>
   </div>
   <div class='ocr_carea' id='block_1_39' title="bbox 571 2354 2150 2429">
    <p class='ocr_par' dir='ltr' id='par_1_39' title="bbox 571 2354 2150 2429">
     <span class='ocr_line' id='line_1_39' title="bbox 571 2354 2150 2429; baseline -0.002 -17"><span class='ocrx_word' id='word_1_279' title='bbox 571 2366 838 2429; x_wconf 80' lang='lat' dir='ltr'><strong>ponentes</strong></span> <span class='ocrx_word' id='word_1_280' title='bbox 865 2354 1106 2427; x_wconf 85' lang='lat' dir='ltr'><strong>idipsum</strong></span> <span class='ocrx_word' id='word_1_281' title='bbox 1137 2357 1426 2413; x_wconf 79' lang='lat' dir='ltr'><strong>iaciamus.</strong></span> <span class='ocrx_word' id='word_1_282' title='bbox 1458 2355 1708 2426; x_wconf 90' lang='lat' dir='ltr'><strong>Cumque</strong></span> <span class='ocrx_word' id='word_1_283' title='bbox 1741 2369 2000 2412; x_wconf 85' lang='lat' dir='ltr'><strong>coronam</strong></span> <span class='ocrx_word' id='word_1_284' title='bbox 2037 2355 2150 2424; x_wconf 87' lang='lat' dir='ltr'><strong>spi-</strong></span> 
     </span>
    </p>
   </div>
   <div class='ocr_carea' id='block_1_40' title="bbox 572 2447 2149 2518">
    <p class='ocr_par' dir='ltr' id='par_1_40' title="bbox 572 2447 2149 2518">
     <span class='ocr_line' id='line_1_40' title="bbox 572 2447 2149 2518; baseline 0.001 -16"><span class='ocrx_word' id='word_1_285' title='bbox 572 2463 728 2502; x_wconf 85' lang='lat' dir='ltr'><strong>neam</strong></span> <span class='ocrx_word' id='word_1_286' title='bbox 773 2447 940 2518; x_wconf 89' lang='lat' dir='ltr'><strong>capiti</strong></span> <span class='ocrx_word' id='word_1_287' title='bbox 992 2448 1140 2504; x_wconf 91' lang='lat' dir='ltr'><strong>illius</strong></span> <span class='ocrx_word' id='word_1_288' title='bbox 1199 2448 1765 2518; x_wconf 84' lang='lat' dir='ltr'><strong>circumposuissent,</strong></span> <span class='ocrx_word' id='word_1_289' title='bbox 1817 2448 2149 2518; x_wconf 87' lang='lat' dir='ltr'><strong>accipientes</strong></span> 
     </span>
    </p>
   </div>
   <div class='ocr_carea' id='block_1_41' title="bbox 571 2539 2149 2612">
    <p class='ocr_par' dir='ltr' id='par_1_41' title="bbox 571 2539 2149 2612">
     <span class='ocr_line' id='line_1_41' title="bbox 571 2539 2149 2612; baseline 0.001 -20"><span class='ocrx_word' id='word_1_290' title='bbox 571 2539 918 2603; x_wconf 83' lang='lat' dir='ltr'><strong>arundinem,</strong></span> <span class='ocrx_word' id='word_1_291' title='bbox 964 2540 1343 2610; x_wconf 86' lang='lat' dir='ltr'><strong>percutiebant</strong></span> <span class='ocrx_word' id='word_1_292' title='bbox 1365 2548 1528 2610; x_wconf 89' lang='lat' dir='ltr'><strong>caput</strong></span> <span class='ocrx_word' id='word_1_293' title='bbox 1561 2541 1812 2612; x_wconf 84' lang='lat' dir='ltr'><strong>imaginis</strong></span> <span class='ocrx_word' id='word_1_294' title='bbox 1851 2540 2019 2606; x_wconf 92' lang='lat' dir='ltr'><strong>illius,</strong></span> <span class='ocrx_word' id='word_1_295' title='bbox 2055 2543 2149 2611; x_wconf 92' lang='lat' dir='ltr'><strong>qui</strong></span> 
     </span>
    </p>
   </div>
   <div class='ocr_carea' id='block_1_42' title="bbox 577 2629 2148 2700">
    <p class='ocr_par' dir='ltr' id='par_1_42' title="bbox 577 2629 2148 2700">
     <span class='ocr_line' id='line_1_42' title="bbox 577 2629 2148 2700; baseline 0.001 -16"><span class='ocrx_word' id='word_1_296' title='bbox 577 2641 742 2700; x_wconf 89' lang='lat' dir='ltr'><strong>caput</strong></span> <span class='ocrx_word' id='word_1_297' title='bbox 767 2636 853 2685; x_wconf 90' lang='lat' dir='ltr'><strong>est</strong></span> <span class='ocrx_word' id='word_1_298' title='bbox 878 2629 1121 2684; x_wconf 90' lang='lat' dir='ltr'><strong>omnium</strong></span> <span class='ocrx_word' id='word_1_299' title='bbox 1159 2639 1496 2686; x_wconf 89' lang='lat' dir='ltr'><strong>sanctorum.</strong></span> <span class='ocrx_word' id='word_1_300' title='bbox 1530 2630 1612 2684; x_wconf 82' lang='lat' dir='ltr'><strong>Ad</strong></span> <span class='ocrx_word' id='word_1_301' title='bbox 1652 2639 1954 2686; x_wconf 78' lang='lat' dir='ltr'><strong>extremum</strong></span> <span class='ocrx_word' id='word_1_302' title='bbox 1997 2647 2148 2697; x_wconf 87' lang='lat' dir='ltr'><strong>vero,</strong></span> 
     </span>
    </p>
   </div>
   <div class='ocr_carea' id='block_1_43' title="bbox 573 2721 2146 2794">
    <p class='ocr_par' dir='ltr' id='par_1_43' title="bbox 573 2721 2146 2794">
     <span class='ocr_line' id='line_1_43' title="bbox 573 2721 2146 2794; baseline 0.001 -18"><span class='ocrx_word' id='word_1_303' title='bbox 573 2734 702 2776; x_wconf 73' lang='lat' dir='ltr'><strong>cum</strong></span> <span class='ocrx_word' id='word_1_304' title='bbox 755 2721 1024 2776; x_wconf 87' lang='lat' dir='ltr'><strong>insaniam</strong></span> <span class='ocrx_word' id='word_1_305' title='bbox 1069 2738 1181 2778; x_wconf 69' lang='lat' dir='ltr'><strong>suae</strong></span> <span class='ocrx_word' id='word_1_306' title='bbox 1229 2723 1427 2778; x_wconf 90' lang='lat' dir='ltr'><strong>mentis</strong></span> <span class='ocrx_word' id='word_1_307' title='bbox 1471 2724 1706 2778; x_wconf 89' lang='lat' dir='ltr'><strong>tolerare</strong></span> <span class='ocrx_word' id='word_1_308' title='bbox 1760 2738 1867 2778; x_wconf 90' lang='lat' dir='ltr'><strong>non</strong></span> <span class='ocrx_word' id='word_1_309' title='bbox 1903 2732 2146 2794; x_wconf 87' lang='lat' dir='ltr'><strong>possent,</strong></span> 
     </span>
    </p>
   </div>
   <div class='ocr_carea' id='block_1_44' title="bbox 573 2810 2148 2885">
    <p class='ocr_par' dir='ltr' id='par_1_44' title="bbox 573 2810 2148 2885">
     <span class='ocr_line' id='line_1_44' title="bbox 573 2810 2148 2885; baseline -0.001 -14"><span class='ocrx_word' id='word_1_310' title='bbox 573 2810 833 2871; x_wconf 81' lang='lat' dir='ltr'><strong>dixerunt</strong></span> <span class='ocrx_word' id='word_1_311' title='bbox 861 2831 874 2868; x_wconf 90' lang='lat'><strong>:</strong></span> <span class='ocrx_word' id='word_1_312' title='bbox 907 2811 1061 2868; x_wconf 89' lang='lat' dir='ltr'><strong>Sicut</strong></span> <span class='ocrx_word' id='word_1_313' title='bbox 1091 2815 1360 2869; x_wconf 87' lang='lat' dir='ltr'><strong>veraciter</strong></span> <span class='ocrx_word' id='word_1_314' title='bbox 1393 2813 1708 2882; x_wconf 89' lang='lat' dir='ltr'><strong>didicimus,</strong></span> <span class='ocrx_word' id='word_1_315' title='bbox 1743 2821 1928 2885; x_wconf 87' lang='lat' dir='ltr'><strong>patres</strong></span> <span class='ocrx_word' id='word_1_316' title='bbox 1974 2817 2148 2870; x_wconf 82' lang='lat' dir='ltr'><strong>nostri</strong></span> 
     </span>
    </p>
   </div>
   <div class='ocr_carea' id='block_1_45' title="bbox 579 2903 2149 2976">
    <p class='ocr_par' dir='ltr' id='par_1_45' title="bbox 579 2903 2149 2976">
     <span class='ocr_line' id='line_1_45' title="bbox 579 2903 2149 2976; baseline 0 -16"><span class='ocrx_word' id='word_1_317' title='bbox 579 2905 724 2961; x_wconf 84' lang='lat' dir='ltr'><strong>latus</strong></span> <span class='ocrx_word' id='word_1_318' title='bbox 744 2903 876 2960; x_wconf 78' lang='lat' dir='ltr'><strong>Jesu</strong></span> <span class='ocrx_word' id='word_1_319' title='bbox 906 2905 1098 2960; x_wconf 86' lang='lat' dir='ltr'><strong>lancea</strong></span> <span class='ocrx_word' id='word_1_320' title='bbox 1129 2915 1494 2976; x_wconf 88' lang='lat' dir='ltr'><strong>aperuerunt;</strong></span> <span class='ocrx_word' id='word_1_321' title='bbox 1531 2922 1632 2960; x_wconf 84' lang='lat' dir='ltr'><strong>nos</strong></span> <span class='ocrx_word' id='word_1_322' title='bbox 1667 2922 1820 2972; x_wconf 87' lang='lat' dir='ltr'><strong>vero,</strong></span> <span class='ocrx_word' id='word_1_323' title='bbox 1854 2923 1921 2961; x_wconf 89' lang='lat' dir='ltr'><strong>ne</strong></span> <span class='ocrx_word' id='word_1_324' title='bbox 1946 2907 2149 2976; x_wconf 63' lang='lat' dir='ltr'><strong>aliquid</strong></span> 
     </span>
    </p>
   </div>
   <div class='ocr_carea' id='block_1_46' title="bbox 579 2997 2146 3068">
    <p class='ocr_par' dir='ltr' id='par_1_46' title="bbox 579 2997 2146 3068">
     <span class='ocr_line' id='line_1_46' title="bbox 579 2997 2146 3068; baseline 0.002 -18"><span class='ocrx_word' id='word_1_325' title='bbox 579 2997 760 3052; x_wconf 90' lang='lat' dir='ltr'><strong>minus</strong></span> <span class='ocrx_word' id='word_1_326' title='bbox 790 2998 986 3053; x_wconf 78' lang='lat' dir='ltr'><strong>fecisse</strong></span> <span class='ocrx_word' id='word_1_327' title='bbox 1012 2997 1315 3062; x_wconf 88' lang='lat' dir='ltr'><strong>videamur,</strong></span> <span class='ocrx_word' id='word_1_328' title='bbox 1349 3006 1402 3052; x_wconf 93' lang='lat' dir='ltr'><strong>et</strong></span> <span class='ocrx_word' id='word_1_329' title='bbox 1450 2998 1552 3053; x_wconf 91' lang='lat' dir='ltr'><strong>hoc</strong></span> <span class='ocrx_word' id='word_1_330' title='bbox 1592 2999 1774 3068; x_wconf 91' lang='lat' dir='ltr'><strong>ipsum</strong></span> <span class='ocrx_word' id='word_1_331' title='bbox 1803 2999 2146 3068; x_wconf 89' lang='lat' dir='ltr'><strong>adjiciamus.</strong></span> 
     </span>
    </p>
   </div>
   <div class='ocr_carea' id='block_1_47' title="bbox 576 3084 2149 3154">
    <p class='ocr_par' dir='ltr' id='par_1_47' title="bbox 576 3084 2149 3154">
     <span class='ocr_line' id='line_1_47' title="bbox 576 3084 2149 3154; baseline 0.003 -14"><span class='ocrx_word' id='word_1_332' title='bbox 576 3084 788 3141; x_wconf 83' lang='lat' dir='ltr'><strong>Nullam</strong></span> <span class='ocrx_word' id='word_1_333' title='bbox 824 3087 890 3142; x_wconf 89' lang='lat' dir='ltr'><strong>ad</strong></span> <span class='ocrx_word' id='word_1_334' title='bbox 919 3088 1034 3142; x_wconf 75' lang='lat' dir='ltr'><strong>haec</strong></span> <span class='ocrx_word' id='word_1_335' title='bbox 1063 3101 1268 3142; x_wconf 91' lang='lat' dir='ltr'><strong>moram</strong></span> <span class='ocrx_word' id='word_1_336' title='bbox 1307 3088 1540 3142; x_wconf 88' lang='lat' dir='ltr'><strong>mediam</strong></span> <span class='ocrx_word' id='word_1_337' title='bbox 1577 3087 1844 3154; x_wconf 83' lang='lat' dir='ltr'><strong>fecerunt,</strong></span> <span class='ocrx_word' id='word_1_338' title='bbox 1877 3098 1928 3144; x_wconf 90' lang='lat' dir='ltr'><strong>et</strong></span> <span class='ocrx_word' id='word_1_339' title='bbox 1968 3091 2149 3145; x_wconf 55' lang='grc' dir='ltr'><strong>ἢσθιτί</strong></span> 
     </span>
    </p>
   </div>
   <div class='ocr_carea' id='block_1_48' title="bbox 577 3174 2148 3248">
    <p class='ocr_par' dir='ltr' id='par_1_48' title="bbox 577 3174 2148 3248">
     <span class='ocr_line' id='line_1_48' title="bbox 577 3174 2148 3248; baseline 0.004 -20"><span class='ocrx_word' id='word_1_340' title='bbox 577 3174 824 3229; x_wconf 86' lang='lat' dir='ltr'><strong>lanceam</strong></span> <span class='ocrx_word' id='word_1_341' title='bbox 845 3175 1150 3244; x_wconf 86' lang='lat' dir='ltr'><strong>jusserunt,</strong></span> <span class='ocrx_word' id='word_1_342' title='bbox 1180 3183 1234 3230; x_wconf 86' lang='lat' dir='ltr'><strong>et</strong></span> <span class='ocrx_word' id='word_1_343' title='bbox 1266 3187 1642 3248; x_wconf 71' lang='lat' dir='ltr'><strong>praeceperunt</strong></span> <span class='ocrx_word' id='word_1_344' title='bbox 1679 3177 1894 3234; x_wconf 88' lang='lat' dir='ltr'><strong>cuidam</strong></span> <span class='ocrx_word' id='word_1_345' title='bbox 1923 3179 2148 3234; x_wconf 75' lang='lat' dir='ltr'><strong>llebrzeo</strong></span> 
     </span>
    </p>
   </div>
   <div class='ocr_carea' id='block_1_49' title="bbox 579 3266 2150 3334">
    <p class='ocr_par' dir='ltr' id='par_1_49' title="bbox 579 3266 2150 3334">
     <span class='ocr_line' id='line_1_49' title="bbox 579 3266 2150 3334; baseline 0.003 -14"><span class='ocrx_word' id='word_1_346' title='bbox 579 3267 770 3322; x_wconf 88' lang='lat' dir='ltr'><strong>tollere</strong></span> <span class='ocrx_word' id='word_1_347' title='bbox 805 3281 949 3334; x_wconf 90' lang='lat' dir='ltr'><strong>eam,</strong></span> <span class='ocrx_word' id='word_1_348' title='bbox 992 3275 1046 3321; x_wconf 94' lang='lat' dir='ltr'><strong>et</strong></span> <span class='ocrx_word' id='word_1_349' title='bbox 1077 3266 1258 3322; x_wconf 90' lang='lat' dir='ltr'><strong>valido</strong></span> <span class='ocrx_word' id='word_1_350' title='bbox 1285 3269 1394 3323; x_wconf 90' lang='lat' dir='ltr'><strong>ictu</strong></span> <span class='ocrx_word' id='word_1_351' title='bbox 1425 3269 1566 3325; x_wconf 91' lang='lat' dir='ltr'><strong>latus</strong></span> <span class='ocrx_word' id='word_1_352' title='bbox 1597 3270 1849 3324; x_wconf 80' lang='lat' dir='ltr'><strong>dextrum</strong></span> <span class='ocrx_word' id='word_1_353' title='bbox 1882 3271 2052 3325; x_wconf 80' lang='lat' dir='ltr'><strong>iconae</strong></span> <span class='ocrx_word' id='word_1_354' title='bbox 2092 3271 2150 3324; x_wconf 89' lang='lat' dir='ltr'><strong>il-</strong></span> 
     </span>
    </p>
   </div>
   <div class='ocr_carea' id='block_1_50' title="bbox 578 3357 2152 3431">
    <p class='ocr_par' dir='ltr' id='par_1_50' title="bbox 578 3357 2152 3431">
     <span class='ocr_line' id='line_1_50' title="bbox 578 3357 2152 3431; baseline 0.003 -17"><span class='ocrx_word' id='word_1_355' title='bbox 578 3358 688 3415; x_wconf 89' lang='lat' dir='ltr'><strong>lius</strong></span> <span class='ocrx_word' id='word_1_356' title='bbox 735 3357 1098 3416; x_wconf 89' lang='lat' dir='ltr'><strong>transfodere.</strong></span> <span class='ocrx_word' id='word_1_357' title='bbox 1139 3359 1386 3431; x_wconf 88' lang='lat' dir='ltr'><strong>Cumque</strong></span> <span class='ocrx_word' id='word_1_358' title='bbox 1437 3369 1546 3416; x_wconf 87' lang='lat' dir='ltr'><strong>tam</strong></span> <span class='ocrx_word' id='word_1_359' title='bbox 1591 3366 1887 3416; x_wconf 80' lang='lat' dir='ltr'><strong>maximum</strong></span> <span class='ocrx_word' id='word_1_360' title='bbox 1938 3362 2152 3418; x_wconf 82' lang='lat' dir='ltr'><strong>facinus</strong></span> 
     </span>
    </p>
   </div>
   <div class='ocr_carea' id='block_1_51' title="bbox 582 3449 2154 3522">
    <p class='ocr_par' dir='ltr' id='par_1_51' title="bbox 582 3449 2154 3522">
     <span class='ocr_line' id='line_1_51' title="bbox 582 3449 2154 3522; baseline 0.003 -16"><span class='ocrx_word' id='word_1_361' title='bbox 582 3449 778 3506; x_wconf 81' lang='lat' dir='ltr'><strong>fuisset</strong></span> <span class='ocrx_word' id='word_1_362' title='bbox 833 3459 1240 3522; x_wconf 89' lang='lat' dir='ltr'><strong>perpetratum,</strong></span> <span class='ocrx_word' id='word_1_363' title='bbox 1300 3469 1389 3508; x_wconf 82' lang='lat' dir='ltr'><strong>res</strong></span> <span class='ocrx_word' id='word_1_364' title='bbox 1443 3455 1581 3508; x_wconf 91' lang='lat' dir='ltr'><strong>mira</strong></span> <span class='ocrx_word' id='word_1_365' title='bbox 1644 3455 1991 3510; x_wconf 88' lang='lat' dir='ltr'><strong>vehementer</strong></span> <span class='ocrx_word' id='word_1_366' title='bbox 2034 3463 2154 3510; x_wconf 89' lang='lat' dir='ltr'><strong>stu-</strong></span> 
     </span>
    </p>
   </div>
   <div class='ocr_carea' id='block_1_52' title="bbox 581 3541 2152 3618">
    <p class='ocr_par' dir='ltr' id='par_1_52' title="bbox 581 3541 2152 3618">
     <span class='ocr_line' id='line_1_52' title="bbox 581 3541 2152 3618; baseline 0.003 -22"><span class='ocrx_word' id='word_1_367' title='bbox 581 3541 785 3612; x_wconf 88' lang='lat' dir='ltr'><strong>penda,</strong></span> <span class='ocrx_word' id='word_1_368' title='bbox 817 3545 1074 3614; x_wconf 87' lang='lat' dir='ltr'><strong>nulloque</strong></span> <span class='ocrx_word' id='word_1_369' title='bbox 1101 3560 1338 3614; x_wconf 89' lang='lat' dir='ltr'><strong>unquam</strong></span> <span class='ocrx_word' id='word_1_370' title='bbox 1373 3546 1570 3600; x_wconf 66' lang='lat' dir='ltr'><strong>smculo</strong></span> <span class='ocrx_word' id='word_1_371' title='bbox 1598 3547 1783 3600; x_wconf 90' lang='lat' dir='ltr'><strong>audita</strong></span> <span class='ocrx_word' id='word_1_372' title='bbox 1826 3547 1899 3600; x_wconf 87' lang='lat' dir='ltr'><strong>ibi</strong></span> <span class='ocrx_word' id='word_1_373' title='bbox 1929 3555 2152 3618; x_wconf 89' lang='lat' dir='ltr'><strong>repente</strong></span> 
     </span>
    </p>
   </div>
   <div class='ocr_carea' id='block_1_53' title="bbox 582 3635 2154 3710">
    <p class='ocr_par' dir='ltr' id='par_1_53' title="bbox 582 3635 2154 3710">
     <span class='ocr_line' id='line_1_53' title="bbox 582 3635 2154 3710; baseline 0 -18"><span class='ocrx_word' id='word_1_374' title='bbox 582 3645 670 3693; x_wconf 85' lang='lat' dir='ltr'><strong>est</strong></span> <span class='ocrx_word' id='word_1_375' title='bbox 697 3636 906 3692; x_wconf 81' lang='lat' dir='ltr'><strong>eﬂ‘ecta.</strong></span> <span class='ocrx_word' id='word_1_376' title='bbox 939 3635 1072 3691; x_wconf 89' lang='lat' dir='ltr'><strong>Nam</strong></span> <span class='ocrx_word' id='word_1_377' title='bbox 1108 3637 1282 3708; x_wconf 91' lang='lat' dir='ltr'><strong>ipsius</strong></span> <span class='ocrx_word' id='word_1_378' title='bbox 1307 3639 1548 3694; x_wconf 90' lang='lat' dir='ltr'><strong>vulneris</strong></span> <span class='ocrx_word' id='word_1_379' title='bbox 1575 3640 1730 3696; x_wconf 85' lang='lat' dir='ltr'><strong>locus</strong></span> <span class='ocrx_word' id='word_1_380' title='bbox 1778 3656 1918 3710; x_wconf 88' lang='lat' dir='ltr'><strong>aqua</strong></span> <span class='ocrx_word' id='word_1_381' title='bbox 1947 3649 1998 3694; x_wconf 92' lang='lat' dir='ltr'><strong>et</strong></span> <span class='ocrx_word' id='word_1_382' title='bbox 2026 3656 2154 3694; x_wconf 85' lang='lat' dir='ltr'><strong>san-</strong></span> 
     </span>
    </p>
   </div>
   <div class='ocr_carea' id='block_1_54' title="bbox 586 3727 2154 3802">
    <p class='ocr_par' dir='ltr' id='par_1_54' title="bbox 586 3727 2154 3802">
     <span class='ocr_line' id='line_1_54' title="bbox 586 3727 2154 3802; baseline 0.004 -20"><span class='ocrx_word' id='word_1_383' title='bbox 586 3729 748 3796; x_wconf 78' lang='lat' dir='ltr'><strong>guine</strong></span> <span class='ocrx_word' id='word_1_384' title='bbox 795 3728 944 3784; x_wconf 90' lang='lat' dir='ltr'><strong>illico</strong></span> <span class='ocrx_word' id='word_1_385' title='bbox 990 3729 1156 3798; x_wconf 63' lang='lat' dir='ltr'><strong>coepit</strong></span> <span class='ocrx_word' id='word_1_386' title='bbox 1201 3727 1512 3786; x_wconf 84' lang='lat' dir='ltr'><strong>decurrere.</strong></span> <span class='ocrx_word' id='word_1_387' title='bbox 1538 3729 1603 3784; x_wconf 86' lang='lat' dir='ltr'><strong>Et</strong></span> <span class='ocrx_word' id='word_1_388' title='bbox 1633 3732 1776 3786; x_wconf 89' lang='lat' dir='ltr'><strong>sicut</strong></span> <span class='ocrx_word' id='word_1_389' title='bbox 1821 3732 1876 3784; x_wconf 93' lang='lat' dir='ltr'><strong>in</strong></span> <span class='ocrx_word' id='word_1_390' title='bbox 1901 3733 2154 3802; x_wconf 82' lang='lat' dir='ltr'><strong>passione</strong></span> 
     </span>
    </p>
   </div>
   <div class='ocr_carea' id='block_1_55' title="bbox 586 3816 2156 3893">
    <p class='ocr_par' dir='ltr' id='par_1_55' title="bbox 586 3816 2156 3893">
     <span class='ocr_line' id='line_1_55' title="bbox 586 3816 2156 3893; baseline 0.003 -23"><span class='ocrx_word' id='word_1_391' title='bbox 586 3816 676 3872; x_wconf 90' lang='lat' dir='ltr'><strong>Dei</strong></span> <span class='ocrx_word' id='word_1_392' title='bbox 699 3817 822 3872; x_wconf 86' lang='lat' dir='ltr'><strong>Filii</strong></span> <span class='ocrx_word' id='word_1_393' title='bbox 855 3816 1156 3873; x_wconf 87' lang='lat' dir='ltr'><strong>Salvatoris</strong></span> <span class='ocrx_word' id='word_1_394' title='bbox 1188 3819 1397 3884; x_wconf 90' lang='lat' dir='ltr'><strong>mundi,</strong></span> <span class='ocrx_word' id='word_1_395' title='bbox 1419 3821 1546 3874; x_wconf 91' lang='lat' dir='ltr'><strong>olim</strong></span> <span class='ocrx_word' id='word_1_396' title='bbox 1579 3821 1807 3893; x_wconf 76' lang='lat' dir='ltr'><strong>contigit</strong></span> <span class='ocrx_word' id='word_1_397' title='bbox 1837 3823 2037 3877; x_wconf 86' lang='lat' dir='ltr'><strong>coelum</strong></span> <span class='ocrx_word' id='word_1_398' title='bbox 2066 3839 2156 3877; x_wconf 76' lang='lat' dir='ltr'><strong>ex-</strong></span> 
     </span>
    </p>
   </div>
   <div class='ocr_carea' id='block_1_56' title="bbox 583 3911 2152 3986">
    <p class='ocr_par' dir='ltr' id='par_1_56' title="bbox 583 3911 2152 3986">
     <span class='ocr_line' id='line_1_56' title="bbox 583 3911 2152 3986; baseline 0.004 -23"><span class='ocrx_word' id='word_1_399' title='bbox 583 3911 820 3980; x_wconf 88' lang='lat' dir='ltr'><strong>pavisse,</strong></span> <span class='ocrx_word' id='word_1_400' title='bbox 847 3911 922 3964; x_wconf 71' lang='lat' dir='ltr'><strong>ila</strong></span> <span class='ocrx_word' id='word_1_401' title='bbox 973 3927 1120 3966; x_wconf 90' lang='lat' dir='ltr'><strong>nunc</strong></span> <span class='ocrx_word' id='word_1_402' title='bbox 1170 3925 1388 3982; x_wconf 89' lang='lat' dir='ltr'><strong>quoque</strong></span> <span class='ocrx_word' id='word_1_403' title='bbox 1435 3915 1660 3982; x_wconf 90' lang='lat' dir='ltr'><strong>pariter,</strong></span> <span class='ocrx_word' id='word_1_404' title='bbox 1697 3914 1807 3971; x_wconf 87' lang='lat' dir='ltr'><strong>Deo</strong></span> <span class='ocrx_word' id='word_1_405' title='bbox 1839 3924 2152 3986; x_wconf 71' lang='lat' dir='ltr'><strong>praestante,</strong></span> 
     </span>
    </p>
   </div>
   <div class='ocr_carea' id='block_1_57' title="bbox 581 4000 2154 4074">
    <p class='ocr_par' dir='ltr' id='par_1_57' title="bbox 581 4000 2154 4074">
     <span class='ocr_line' id='line_1_57' title="bbox 581 4000 2154 4074; baseline 0 -18"><span class='ocrx_word' id='word_1_406' title='bbox 581 4000 776 4056; x_wconf 87' lang='lat' dir='ltr'><strong>eadem</strong></span> <span class='ocrx_word' id='word_1_407' title='bbox 811 4001 1140 4056; x_wconf 88' lang='lat' dir='ltr'><strong>innovantur</strong></span> <span class='ocrx_word' id='word_1_408' title='bbox 1188 4003 1304 4059; x_wconf 88' lang='lat' dir='ltr'><strong>sive</strong></span> <span class='ocrx_word' id='word_1_409' title='bbox 1353 4016 1696 4074; x_wconf 89' lang='lat' dir='ltr'><strong>reparantur.</strong></span> <span class='ocrx_word' id='word_1_410' title='bbox 1731 4005 1869 4062; x_wconf 82' lang='lat' dir='ltr'><strong>Vere</strong></span> <span class='ocrx_word' id='word_1_411' title='bbox 1916 4007 2062 4062; x_wconf 91' lang='lat' dir='ltr'><strong>enim</strong></span> <span class='ocrx_word' id='word_1_412' title='bbox 2098 4005 2154 4058; x_wconf 91' lang='lat' dir='ltr'><strong>in</strong></span> 
     </span>
    </p>
   </div>
   <div class='ocr_carea' id='block_1_58' title="bbox 585 4091 2158 4168">
    <p class='ocr_par' dir='ltr' id='par_1_58' title="bbox 585 4091 2158 4168">
     <span class='ocr_line' id='line_1_58' title="bbox 585 4091 2158 4168; baseline 0.002 -22"><span class='ocrx_word' id='word_1_413' title='bbox 585 4093 692 4146; x_wconf 88' lang='lat' dir='ltr'><strong>hoc</strong></span> <span class='ocrx_word' id='word_1_414' title='bbox 722 4091 862 4147; x_wconf 87' lang='lat' dir='ltr'><strong>facto</strong></span> <span class='ocrx_word' id='word_1_415' title='bbox 908 4109 1016 4146; x_wconf 87' lang='lat' dir='ltr'><strong>non</strong></span> <span class='ocrx_word' id='word_1_416' title='bbox 1050 4095 1226 4148; x_wconf 86' lang='lat' dir='ltr'><strong>solum</strong></span> <span class='ocrx_word' id='word_1_417' title='bbox 1270 4094 1536 4168; x_wconf 68' lang='lat' dir='ltr'><strong>elementa</strong></span> <span class='ocrx_word' id='word_1_418' title='bbox 1576 4099 1766 4152; x_wconf 88' lang='lat' dir='ltr'><strong>mundi</strong></span> <span class='ocrx_word' id='word_1_419' title='bbox 1799 4099 2020 4153; x_wconf 86' lang='lat' dir='ltr'><strong>concuti</strong></span> <span class='ocrx_word' id='word_1_420' title='bbox 2060 4112 2158 4168; x_wconf 82' lang='lat' dir='ltr'><strong>po-</strong></span> 
     </span>
    </p>
   </div>
   <div class='ocr_carea' id='block_1_59' title="bbox 579 4183 2155 4262">
    <p class='ocr_par' dir='ltr' id='par_1_59' title="bbox 579 4183 2155 4262">
     <span class='ocr_line' id='line_1_59' title="bbox 579 4183 2155 4262; baseline 0.002 -23"><span class='ocrx_word' id='word_1_421' title='bbox 579 4193 760 4262; x_wconf 60' lang='lat' dir='ltr'><strong>tuere,</strong></span> <span class='ocrx_word' id='word_1_422' title='bbox 791 4183 884 4239; x_wconf 89' lang='lat' dir='ltr'><strong>sed</strong></span> <span class='ocrx_word' id='word_1_423' title='bbox 920 4184 1085 4238; x_wconf 89' lang='lat' dir='ltr'><strong>etiam</strong></span> <span class='ocrx_word' id='word_1_424' title='bbox 1128 4185 1355 4240; x_wconf 79' lang='lat' dir='ltr'><strong>virtutes</strong></span> <span class='ocrx_word' id='word_1_425' title='bbox 1385 4201 1636 4257; x_wconf 67' lang='lat' dir='ltr'><strong>supernae</strong></span> <span class='ocrx_word' id='word_1_426' title='bbox 1678 4189 1785 4262; x_wconf 82' lang='lat' dir='ltr'><strong>tale</strong></span> <span class='ocrx_word' id='word_1_427' title='bbox 1810 4187 2024 4243; x_wconf 89' lang='lat' dir='ltr'><strong>facinus</strong></span> <span class='ocrx_word' id='word_1_428' title='bbox 2058 4203 2155 4242; x_wconf 82' lang='lat' dir='ltr'><strong>ex-</strong></span> 
     </span>
    </p>
   </div>
   <div class='ocr_carea' id='block_1_60' title="bbox 587 4273 2160 4350">
    <p class='ocr_par' dir='ltr' id='par_1_60' title="bbox 587 4273 2160 4350">
     <span class='ocr_line' id='line_1_60' title="bbox 587 4273 2160 4350; baseline 0.001 -19"><span class='ocrx_word' id='word_1_429' title='bbox 587 4277 868 4332; x_wconf 85' lang='lat' dir='ltr'><strong>horruere.</strong></span> <span class='ocrx_word' id='word_1_430' title='bbox 917 4273 1036 4329; x_wconf 84' lang='lat' dir='ltr'><strong>Tibi</strong></span> <span class='ocrx_word' id='word_1_431' title='bbox 1067 4291 1220 4347; x_wconf 88' lang='lat' dir='ltr'><strong>ergo,</strong></span> <span class='ocrx_word' id='word_1_432' title='bbox 1265 4277 1502 4345; x_wconf 88' lang='lat' dir='ltr'><strong>Christe,</strong></span> <span class='ocrx_word' id='word_1_433' title='bbox 1535 4295 1658 4334; x_wconf 88' lang='lat' dir='ltr'><strong>eum</strong></span> <span class='ocrx_word' id='word_1_434' title='bbox 1701 4279 1882 4342; x_wconf 85' lang='lat' dir='ltr'><strong>Patre,</strong></span> <span class='ocrx_word' id='word_1_435' title='bbox 1927 4278 2160 4350; x_wconf 82' lang='lat' dir='ltr'><strong>Spiritu-</strong></span> 
     </span>
    </p>
   </div>
   <div class='ocr_carea' id='block_1_61' title="bbox 585 4367 2160 4440">
    <p class='ocr_par' dir='ltr' id='par_1_61' title="bbox 585 4367 2160 4440">
     <span class='ocr_line' id='line_1_61' title="bbox 585 4367 2160 4440; baseline 0.001 -18"><span class='ocrx_word' id='word_1_436' title='bbox 585 4383 694 4440; x_wconf 91' lang='lat' dir='ltr'><strong>que</strong></span> <span class='ocrx_word' id='word_1_437' title='bbox 735 4375 926 4423; x_wconf 90' lang='lat' dir='ltr'><strong>saneto</strong></span> <span class='ocrx_word' id='word_1_438' title='bbox 977 4367 1050 4423; x_wconf 88' lang='lat' dir='ltr'><strong>sit</strong></span> <span class='ocrx_word' id='word_1_439' title='bbox 1089 4368 1259 4440; x_wconf 84' lang='lat' dir='ltr'><strong>gloria</strong></span> <span class='ocrx_word' id='word_1_440' title='bbox 1304 4369 1644 4426; x_wconf 84' lang='lat' dir='ltr'><strong>indeficiens.</strong></span> <span class='ocrx_word' id='word_1_441' title='bbox 1695 4369 1830 4436; x_wconf 86' lang='lat' dir='ltr'><strong>Quis</strong></span> <span class='ocrx_word' id='word_1_442' title='bbox 1880 4372 2024 4424; x_wconf 91' lang='lat' dir='ltr'><strong>enim</strong></span> <span class='ocrx_word' id='word_1_443' title='bbox 2075 4378 2160 4424; x_wconf 87' lang='lat' dir='ltr'><strong>est</strong></span> 
     </span>
    </p>
   </div>
   <div class='ocr_carea' id='block_1_62' title="bbox 2247 1900 3805 1970">
    <p class='ocr_par' dir='ltr' id='par_1_62' title="bbox 2247 1900 3805 1970">
     <span class='ocr_line' id='line_1_62' title="bbox 2247 1900 3805 1970; baseline -0.003 -14"><span class='ocrx_word' id='word_1_444' title='bbox 2247 1903 2347 1966; x_wconf 85' lang='lat' dir='ltr'><strong>ris,</strong></span> <span class='ocrx_word' id='word_1_445' title='bbox 2379 1900 2624 1969; x_wconf 86' lang='lat' dir='ltr'><strong>Domine,</strong></span> <span class='ocrx_word' id='word_1_446' title='bbox 2654 1903 2848 1956; x_wconf 87' lang='lat' dir='ltr'><strong>iterum</strong></span> <span class='ocrx_word' id='word_1_447' title='bbox 2873 1903 2939 1956; x_wconf 90' lang='lat' dir='ltr'><strong>ad</strong></span> <span class='ocrx_word' id='word_1_448' title='bbox 2967 1900 3344 1956; x_wconf 80' lang='lat' dir='ltr'><strong>confusionem</strong></span> <span class='ocrx_word' id='word_1_449' title='bbox 3376 1901 3666 1970; x_wconf 90' lang='lat' dir='ltr'><strong>impicrum</strong></span> <span class='ocrx_word' id='word_1_450' title='bbox 3699 1914 3805 1954; x_wconf 88' lang='lat' dir='ltr'><strong>om-</strong></span> 
     </span>
    </p>
   </div>
   <div class='ocr_carea' id='block_1_63' title="bbox 2247 1992 3808 2067">
    <p class='ocr_par' dir='ltr' id='par_1_63' title="bbox 2247 1992 3808 2067">
     <span class='ocr_line' id='line_1_63' title="bbox 2247 1992 3808 2067; baseline -0.001 -18"><span class='ocrx_word' id='word_1_451' title='bbox 2247 1993 2400 2049; x_wconf 88' lang='lat' dir='ltr'><strong>nium</strong></span> <span class='ocrx_word' id='word_1_452' title='bbox 2434 1995 2672 2050; x_wconf 86' lang='lat' dir='ltr'><strong>tidehum</strong></span> <span class='ocrx_word' id='word_1_453' title='bbox 2715 1993 3088 2067; x_wconf 73' lang='lat' dir='ltr'><strong>[infidelium],</strong></span> <span class='ocrx_word' id='word_1_454' title='bbox 3127 2003 3182 2050; x_wconf 88' lang='lat' dir='ltr'><strong>et</strong></span> <span class='ocrx_word' id='word_1_455' title='bbox 3213 1993 3281 2050; x_wconf 89' lang='lat' dir='ltr'><strong>ad</strong></span> <span class='ocrx_word' id='word_1_456' title='bbox 3313 1992 3808 2048; x_wconf 87' lang='lat' dir='ltr'><strong>corroborationem</strong></span> 
     </span>
    </p>
   </div>
   <div class='ocr_carea' id='block_1_64' title="bbox 2249 2083 3808 2154">
    <p class='ocr_par' dir='ltr' id='par_1_64' title="bbox 2249 2083 3808 2154">
     <span class='ocr_line' id='line_1_64' title="bbox 2249 2083 3808 2154; baseline -0.002 -13"><span class='ocrx_word' id='word_1_457' title='bbox 2249 2089 2492 2154; x_wconf 86' lang='lat' dir='ltr'><strong>omnium</strong></span> <span class='ocrx_word' id='word_1_458' title='bbox 2530 2089 2584 2142; x_wconf 91' lang='lat' dir='ltr'><strong>iu</strong></span> <span class='ocrx_word' id='word_1_459' title='bbox 2611 2097 2662 2142; x_wconf 89' lang='lat' dir='ltr'><strong>te</strong></span> <span class='ocrx_word' id='word_1_460' title='bbox 2686 2088 3053 2143; x_wconf 87' lang='lat' dir='ltr'><strong>credentium.</strong></span> <span class='ocrx_word' id='word_1_461' title='bbox 3081 2086 3146 2140; x_wconf 86' lang='lat' dir='ltr'><strong>Et</strong></span> <span class='ocrx_word' id='word_1_462' title='bbox 3173 2087 3296 2142; x_wconf 90' lang='lat' dir='ltr'><strong>ideo</strong></span> <span class='ocrx_word' id='word_1_463' title='bbox 3323 2086 3420 2141; x_wconf 91' lang='lat' dir='ltr'><strong>tihi</strong></span> <span class='ocrx_word' id='word_1_464' title='bbox 3455 2083 3808 2154; x_wconf 81' lang='lat' dir='ltr'><strong>omnipotenti</strong></span> 
     </span>
    </p>
   </div>
   <div class='ocr_carea' id='block_1_65' title="bbox 2249 2175 3807 2248">
    <p class='ocr_par' dir='ltr' id='par_1_65' title="bbox 2249 2175 3807 2248">
     <span class='ocr_line' id='line_1_65' title="bbox 2249 2175 3807 2248; baseline -0.002 -17"><span class='ocrx_word' id='word_1_465' title='bbox 2249 2176 2381 2242; x_wconf 86' lang='lat' dir='ltr'><strong>Deo,</strong></span> <span class='ocrx_word' id='word_1_466' title='bbox 2418 2193 2524 2232; x_wconf 92' lang='lat' dir='ltr'><strong>una</strong></span> <span class='ocrx_word' id='word_1_467' title='bbox 2557 2193 2680 2232; x_wconf 88' lang='lat' dir='ltr'><strong>cum</strong></span> <span class='ocrx_word' id='word_1_468' title='bbox 2716 2177 2874 2232; x_wconf 83' lang='lat' dir='ltr'><strong>Patre</strong></span> <span class='ocrx_word' id='word_1_469' title='bbox 2912 2177 3231 2248; x_wconf 84' lang='lat' dir='ltr'><strong>Spirituque</strong></span> <span class='ocrx_word' id='word_1_470' title='bbox 3275 2184 3487 2240; x_wconf 89' lang='lat' dir='ltr'><strong>sancto,</strong></span> <span class='ocrx_word' id='word_1_471' title='bbox 3518 2177 3690 2246; x_wconf 79' lang='lat' dir='ltr'><strong>gloria</strong></span> <span class='ocrx_word' id='word_1_472' title='bbox 3723 2175 3807 2241; x_wconf 90' lang='lat' dir='ltr'><strong>sit,</strong></span> 
     </span>
    </p>
   </div>
   <div class='ocr_carea' id='block_1_66' title="bbox 2256 2265 3806 2336">
    <p class='ocr_par' dir='ltr' id='par_1_66' title="bbox 2256 2265 3806 2336">
     <span class='ocr_line' id='line_1_66' title="bbox 2256 2265 3806 2336; baseline 0 -16"><span class='ocrx_word' id='word_1_473' title='bbox 2256 2281 2354 2336; x_wconf 92' lang='lat' dir='ltr'><strong>per</strong></span> <span class='ocrx_word' id='word_1_474' title='bbox 2385 2277 2581 2321; x_wconf 88' lang='lat' dir='ltr'><strong>cuncta</strong></span> <span class='ocrx_word' id='word_1_475' title='bbox 2631 2267 2958 2321; x_wconf 66' lang='lat' dir='ltr'><strong>saeculorum</strong></span> <span class='ocrx_word' id='word_1_476' title='bbox 2997 2267 3218 2335; x_wconf 85' lang='lat' dir='ltr'><strong>saecula,</strong></span> <span class='ocrx_word' id='word_1_477' title='bbox 3247 2267 3415 2322; x_wconf 88' lang='lat' dir='ltr'><strong>decus</strong></span> <span class='ocrx_word' id='word_1_478' title='bbox 3445 2273 3498 2321; x_wconf 90' lang='lat' dir='ltr'><strong>et</strong></span> <span class='ocrx_word' id='word_1_479' title='bbox 3530 2265 3806 2328; x_wconf 85' lang='lat' dir='ltr'><strong>fortitudo,</strong></span> 
     </span>
    </p>
   </div>
   <div class='ocr_carea' id='block_1_67' title="bbox 2251 2358 3136 2430">
    <p class='ocr_par' dir='ltr' id='par_1_67' title="bbox 2251 2358 3136 2430">
     <span class='ocr_line' id='line_1_67' title="bbox 2251 2358 3136 2430; baseline -0.001 -15"><span class='ocrx_word' id='word_1_480' title='bbox 2251 2360 2426 2415; x_wconf 80' lang='lat' dir='ltr'><strong>virtus</strong></span> <span class='ocrx_word' id='word_1_481' title='bbox 2457 2368 2620 2430; x_wconf 90' lang='lat' dir='ltr'><strong>atque</strong></span> <span class='ocrx_word' id='word_1_482' title='bbox 2649 2359 2904 2415; x_wconf 86' lang='lat' dir='ltr'><strong>victoria.</strong></span> <span class='ocrx_word' id='word_1_483' title='bbox 2940 2358 3136 2414; x_wconf 87' lang='lat' dir='ltr'><strong>Amen.</strong></span> 
     </span>
    </p>
   </div>
   <div class='ocr_carea' id='block_1_68' title="bbox 2856 2494 3208 2552">
    <p class='ocr_par' dir='ltr' id='par_1_68' title="bbox 2856 2494 3208 2552">
     <span class='ocr_line' id='line_1_68' title="bbox 2856 2494 3208 2552; baseline -0.006 -2"><span class='ocrx_word' id='word_1_484' title='bbox 2856 2494 3086 2552; x_wconf 82' lang='lat' dir='ltr'><strong>CAPUT</strong></span> <span class='ocrx_word' id='word_1_485' title='bbox 3125 2494 3208 2549; x_wconf 89' lang='grc'><strong>111.</strong></span> 
     </span>
    </p>
   </div>
   <div class='ocr_carea' id='block_1_69' title="bbox 2326 2616 3809 2700">
    <p class='ocr_par' dir='ltr' id='par_1_69' title="bbox 2326 2616 3809 2700">
     <span class='ocr_line' id='line_1_69' title="bbox 2326 2616 3809 2700; baseline -0.005 -13"><span class='ocrx_word' id='word_1_486' title='bbox 2326 2634 2544 2696; x_wconf 90' lang='lat' dir='ltr'><strong>Audite,</strong></span> <span class='ocrx_word' id='word_1_487' title='bbox 2585 2645 2777 2687; x_wconf 83' lang='lat' dir='ltr'><strong>omnes</strong></span> <span class='ocrx_word' id='word_1_488' title='bbox 2810 2629 3071 2685; x_wconf 81' lang='lat' dir='ltr'><strong>Ecclesiae</strong></span> <span class='ocrx_word' id='word_1_489' title='bbox 3115 2629 3230 2695; x_wconf 80' lang='lat' dir='ltr'><strong>ﬁlii,</strong></span> <span class='ocrx_word' id='word_1_490' title='bbox 3268 2616 3482 2692; x_wconf 70' lang='lat' dir='ltr'><strong>cretera,</strong></span> <span class='ocrx_word' id='word_1_491' title='bbox 3514 2643 3638 2698; x_wconf 64' lang='lat' dir='ltr'><strong>quae</strong></span> <span class='ocrx_word' id='word_1_492' title='bbox 3665 2634 3809 2700; x_wconf 84' lang='lat' dir='ltr'><strong>post-</strong></span> 
     </span>
    </p>
   </div>
   <div class='ocr_carea' id='block_1_70' title="bbox 2249 2719 3814 2792">
    <p class='ocr_par' dir='ltr' id='par_1_70' title="bbox 2249 2719 3814 2792">
     <span class='ocr_line' id='line_1_70' title="bbox 2249 2719 3814 2792; baseline -0.004 -13"><span class='ocrx_word' id='word_1_493' title='bbox 2249 2724 2469 2780; x_wconf 88' lang='lat' dir='ltr'><strong>modum</strong></span> <span class='ocrx_word' id='word_1_494' title='bbox 2513 2723 2652 2777; x_wconf 89' lang='lat' dir='ltr'><strong>facta</strong></span> <span class='ocrx_word' id='word_1_495' title='bbox 2683 2731 2842 2788; x_wconf 91' lang='lat' dir='ltr'><strong>sunt;</strong></span> <span class='ocrx_word' id='word_1_496' title='bbox 2883 2723 3056 2792; x_wconf 90' lang='lat' dir='ltr'><strong>ipsius</strong></span> <span class='ocrx_word' id='word_1_497' title='bbox 3097 2722 3240 2776; x_wconf 91' lang='lat' dir='ltr'><strong>enim</strong></span> <span class='ocrx_word' id='word_1_498' title='bbox 3276 2719 3516 2789; x_wconf 78' lang='lat' dir='ltr'><strong>mysterii</strong></span> <span class='ocrx_word' id='word_1_499' title='bbox 3557 2719 3662 2772; x_wconf 85' lang='lat' dir='ltr'><strong>fuit</strong></span> <span class='ocrx_word' id='word_1_500' title='bbox 3705 2720 3814 2772; x_wconf 83' lang='lat' dir='ltr'><strong>dis-</strong></span> 
     </span>
    </p>
   </div>
   <div class='ocr_carea' id='block_1_71' title="bbox 2251 2811 3811 2886">
    <p class='ocr_par' dir='ltr' id='par_1_71' title="bbox 2251 2811 3811 2886">
     <span class='ocr_line' id='line_1_71' title="bbox 2251 2811 3811 2886; baseline -0.003 -16"><span class='ocrx_word' id='word_1_501' title='bbox 2251 2816 2520 2886; x_wconf 89' lang='lat' dir='ltr'><strong>pensatio.</strong></span> <span class='ocrx_word' id='word_1_502' title='bbox 2568 2813 2861 2883; x_wconf 87' lang='lat' dir='ltr'><strong>Postquam</strong></span> <span class='ocrx_word' id='word_1_503' title='bbox 2899 2813 3075 2878; x_wconf 89' lang='lat' dir='ltr'><strong>enim,</strong></span> <span class='ocrx_word' id='word_1_504' title='bbox 3111 2820 3167 2866; x_wconf 91' lang='lat' dir='ltr'><strong>ut</strong></span> <span class='ocrx_word' id='word_1_505' title='bbox 3199 2812 3452 2881; x_wconf 78' lang='lat' dir='ltr'><strong>superius</strong></span> <span class='ocrx_word' id='word_1_506' title='bbox 3479 2811 3688 2864; x_wconf 87' lang='lat' dir='ltr'><strong>dictum</strong></span> <span class='ocrx_word' id='word_1_507' title='bbox 3714 2816 3811 2876; x_wconf 75' lang='lat' dir='ltr'><strong>est,</strong></span> 
     </span>
    </p>
   </div>
   <div class='ocr_carea' id='block_1_72' title="bbox 2252 2900 3809 2970">
    <p class='ocr_par' dir='ltr' id='par_1_72' title="bbox 2252 2900 3809 2970">
     <span class='ocr_line' id='line_1_72' title="bbox 2252 2900 3809 2970; baseline -0.001 -16"><span class='ocrx_word' id='word_1_508' title='bbox 2252 2902 2394 2954; x_wconf 92' lang='lat' dir='ltr'><strong>latus</strong></span> <span class='ocrx_word' id='word_1_509' title='bbox 2442 2910 2650 2954; x_wconf 86' lang='lat' dir='ltr'><strong>sanctae</strong></span> <span class='ocrx_word' id='word_1_510' title='bbox 2699 2901 2951 2970; x_wconf 82' lang='lat' dir='ltr'><strong>imaginis</strong></span> <span class='ocrx_word' id='word_1_511' title='bbox 2993 2901 3140 2956; x_wconf 88' lang='lat' dir='ltr'><strong>illius</strong></span> <span class='ocrx_word' id='word_1_512' title='bbox 3181 2900 3368 2954; x_wconf 70' lang='lat' dir='ltr'><strong>lani-ea</strong></span> <span class='ocrx_word' id='word_1_513' title='bbox 3415 2909 3668 2969; x_wconf 86' lang='lat' dir='ltr'><strong>apertum</strong></span> <span class='ocrx_word' id='word_1_514' title='bbox 3711 2906 3809 2962; x_wconf 89' lang='lat' dir='ltr'><strong>est,</strong></span> 
     </span>
    </p>
   </div>
   <div class='ocr_carea' id='block_1_73' title="bbox 2251 2991 3811 3063">
    <p class='ocr_par' dir='ltr' id='par_1_73' title="bbox 2251 2991 3811 3063">
     <span class='ocr_line' id='line_1_73' title="bbox 2251 2991 3811 3063; baseline -0.003 -15"><span class='ocrx_word' id='word_1_515' title='bbox 2251 2995 2514 3048; x_wconf 90' lang='lat' dir='ltr'><strong>continuo</strong></span> <span class='ocrx_word' id='word_1_516' title='bbox 2559 2993 2726 3049; x_wconf 84' lang='lat' dir='ltr'><strong>exivit</strong></span> <span class='ocrx_word' id='word_1_517' title='bbox 2775 2993 2999 3063; x_wconf 86' lang='lat' dir='ltr'><strong>sanguis</strong></span> <span class='ocrx_word' id='word_1_518' title='bbox 3026 2999 3079 3046; x_wconf 90' lang='lat' dir='ltr'><strong>et</strong></span> <span class='ocrx_word' id='word_1_519' title='bbox 3125 3007 3285 3062; x_wconf 89' lang='lat' dir='ltr'><strong>aqua.</strong></span> <span class='ocrx_word' id='word_1_520' title='bbox 3323 2991 3589 3045; x_wconf 71' lang='lat' dir='ltr'><strong>Dixerunt</strong></span> <span class='ocrx_word' id='word_1_521' title='bbox 3639 2998 3811 3044; x_wconf 86' lang='lat' dir='ltr'><strong>autem</strong></span> 
     </span>
    </p>
   </div>
   <div class='ocr_carea' id='block_1_74' title="bbox 2254 3082 3818 3159">
    <p class='ocr_par' dir='ltr' id='par_1_74' title="bbox 2254 3082 3818 3159">
     <span class='ocr_line' id='line_1_74' title="bbox 2254 3082 3818 3159; baseline -0.004 -18"><span class='ocrx_word' id='word_1_522' title='bbox 2254 3090 2526 3159; x_wconf 87' lang='lat' dir='ltr'><strong>principes</strong></span> <span class='ocrx_word' id='word_1_523' title='bbox 2553 3086 2895 3144; x_wconf 83' lang='lat' dir='ltr'><strong>sacerdotum</strong></span> <span class='ocrx_word' id='word_1_524' title='bbox 2933 3103 2947 3139; x_wconf 89' lang='lat'><strong>:</strong></span> <span class='ocrx_word' id='word_1_525' title='bbox 2981 3083 3252 3138; x_wconf 78' lang='lat' dir='ltr'><strong>Atleratur</strong></span> <span class='ocrx_word' id='word_1_526' title='bbox 3278 3099 3375 3138; x_wconf 88' lang='lat' dir='ltr'><strong>vas</strong></span> <span class='ocrx_word' id='word_1_527' title='bbox 3402 3083 3468 3136; x_wconf 90' lang='lat' dir='ltr'><strong>ad</strong></span> <span class='ocrx_word' id='word_1_528' title='bbox 3501 3083 3682 3137; x_wconf 90' lang='lat' dir='ltr'><strong>locum</strong></span> <span class='ocrx_word' id='word_1_529' title='bbox 3714 3082 3818 3134; x_wconf 87' lang='lat' dir='ltr'><strong>vul-</strong></span> 
     </span>
    </p>
   </div>
   <div class='ocr_carea' id='block_1_75' title="bbox 2255 3173 3816 3248">
    <p class='ocr_par' dir='ltr' id='par_1_75' title="bbox 2255 3173 3816 3248">
     <span class='ocr_line' id='line_1_75' title="bbox 2255 3173 3816 3248; baseline -0.007 -10"><span class='ocrx_word' id='word_1_530' title='bbox 2255 3183 2426 3248; x_wconf 87' lang='lat' dir='ltr'><strong>neris,</strong></span> <span class='ocrx_word' id='word_1_531' title='bbox 2469 3190 2523 3236; x_wconf 91' lang='lat' dir='ltr'><strong>et</strong></span> <span class='ocrx_word' id='word_1_532' title='bbox 2552 3181 2834 3236; x_wconf 84' lang='lat' dir='ltr'><strong>videamus</strong></span> <span class='ocrx_word' id='word_1_533' title='bbox 2881 3179 3086 3233; x_wconf 78' lang='lat' dir='ltr'><strong>exitum</strong></span> <span class='ocrx_word' id='word_1_534' title='bbox 3138 3177 3236 3230; x_wconf 77' lang='lat' dir='ltr'><strong>rei.</strong></span> <span class='ocrx_word' id='word_1_535' title='bbox 3273 3175 3376 3241; x_wconf 84' lang='lat' dir='ltr'><strong>Qui</strong></span> <span class='ocrx_word' id='word_1_536' title='bbox 3427 3174 3578 3228; x_wconf 83' lang='lat' dir='ltr'><strong>illico</strong></span> <span class='ocrx_word' id='word_1_537' title='bbox 3614 3173 3816 3228; x_wconf 84' lang='lat' dir='ltr'><strong>detule-</strong></span> 
     </span>
    </p>
   </div>
   <div class='ocr_carea' id='block_1_76' title="bbox 2253 3263 3816 3346">
    <p class='ocr_par' dir='ltr' id='par_1_76' title="bbox 2253 3263 3816 3346">
     <span class='ocr_line' id='line_1_76' title="bbox 2253 3263 3816 3346; baseline -0.007 -17"><span class='ocrx_word' id='word_1_538' title='bbox 2253 3281 2386 3330; x_wconf 89' lang='lat' dir='ltr'><strong>runt</strong></span> <span class='ocrx_word' id='word_1_539' title='bbox 2423 3273 2696 3346; x_wconf 85' lang='lat' dir='ltr'><strong>hydriam,</strong></span> <span class='ocrx_word' id='word_1_540' title='bbox 2727 3279 2780 3325; x_wconf 92' lang='lat' dir='ltr'><strong>et</strong></span> <span class='ocrx_word' id='word_1_541' title='bbox 2807 3271 2874 3324; x_wconf 90' lang='lat' dir='ltr'><strong>ad</strong></span> <span class='ocrx_word' id='word_1_542' title='bbox 2905 3271 3086 3323; x_wconf 90' lang='lat' dir='ltr'><strong>locum</strong></span> <span class='ocrx_word' id='word_1_543' title='bbox 3125 3267 3387 3330; x_wconf 90' lang='lat' dir='ltr'><strong>vulneris,</strong></span> <span class='ocrx_word' id='word_1_544' title='bbox 3417 3265 3564 3319; x_wconf 89' lang='lat' dir='ltr'><strong>unde</strong></span> <span class='ocrx_word' id='word_1_545' title='bbox 3596 3263 3816 3333; x_wconf 85' lang='lat' dir='ltr'><strong>sanguis</strong></span> 
     </span>
    </p>
   </div>
   <div class='ocr_carea' id='block_1_77' title="bbox 2253 3354 3816 3435">
    <p class='ocr_par' dir='ltr' id='par_1_77' title="bbox 2253 3354 3816 3435">
     <span class='ocr_line' id='line_1_77' title="bbox 2253 3354 3816 3435; baseline -0.009 -14"><span class='ocrx_word' id='word_1_546' title='bbox 2253 3375 2308 3422; x_wconf 93' lang='lat' dir='ltr'><strong>et</strong></span> <span class='ocrx_word' id='word_1_547' title='bbox 2335 3379 2475 3435; x_wconf 83' lang='lat' dir='ltr'><strong>aqua</strong></span> <span class='ocrx_word' id='word_1_548' title='bbox 2513 3363 2896 3424; x_wconf 83' lang='lat' dir='ltr'><strong>decurrebant,</strong></span> <span class='ocrx_word' id='word_1_549' title='bbox 2941 3365 3268 3414; x_wconf 88' lang='lat' dir='ltr'><strong>statuerunt.</strong></span> <span class='ocrx_word' id='word_1_550' title='bbox 3302 3356 3433 3424; x_wconf 76' lang='lat' dir='ltr'><strong>Qua:</strong></span> <span class='ocrx_word' id='word_1_551' title='bbox 3475 3358 3687 3426; x_wconf 85' lang='lat' dir='ltr'><strong>absque</strong></span> <span class='ocrx_word' id='word_1_552' title='bbox 3713 3354 3816 3409; x_wconf 86' lang='lat' dir='ltr'><strong>ulla</strong></span> 
     </span>
    </p>
   </div>
   <div class='ocr_carea' id='block_1_78' title="bbox 2253 3447 3825 3524">
    <p class='ocr_par' dir='ltr' id='par_1_78' title="bbox 2253 3447 3825 3524">
     <span class='ocr_line' id='line_1_78' title="bbox 2253 3447 3825 3524; baseline -0.008 -12"><span class='ocrx_word' id='word_1_553' title='bbox 2253 3473 2408 3512; x_wconf 89' lang='lat' dir='ltr'><strong>mora</strong></span> <span class='ocrx_word' id='word_1_554' title='bbox 2459 3457 2641 3511; x_wconf 91' lang='lat' dir='ltr'><strong>subito</strong></span> <span class='ocrx_word' id='word_1_555' title='bbox 2671 3455 2876 3524; x_wconf 88' lang='lat' dir='ltr'><strong>repleta</strong></span> <span class='ocrx_word' id='word_1_556' title='bbox 2913 3461 3018 3508; x_wconf 91' lang='lat' dir='ltr'><strong>est.</strong></span> <span class='ocrx_word' id='word_1_557' title='bbox 3053 3451 3315 3506; x_wconf 80' lang='lat' dir='ltr'><strong>Dixerunt</strong></span> <span class='ocrx_word' id='word_1_558' title='bbox 3357 3457 3538 3503; x_wconf 87' lang='lat' dir='ltr'><strong>autem</strong></span> <span class='ocrx_word' id='word_1_559' title='bbox 3583 3447 3653 3500; x_wconf 90' lang='lat' dir='ltr'><strong>ad</strong></span> <span class='ocrx_word' id='word_1_560' title='bbox 3684 3447 3825 3501; x_wconf 84' lang='lat' dir='ltr'><strong>invi-&#39;</strong></span> 
     </span>
    </p>
   </div>
   <div class='ocr_carea' id='block_1_79' title="bbox 2255 3535 3820 3616">
    <p class='ocr_par' dir='ltr' id='par_1_79' title="bbox 2255 3535 3820 3616">
     <span class='ocr_line' id='line_1_79' title="bbox 2255 3535 3820 3616; baseline -0.008 -13"><span class='ocrx_word' id='word_1_561' title='bbox 2255 3567 2371 3604; x_wconf 89' lang='lat' dir='ltr'><strong>cem</strong></span> <span class='ocrx_word' id='word_1_562' title='bbox 2403 3569 2415 3603; x_wconf 91' lang='lat'><strong>:</strong></span> <span class='ocrx_word' id='word_1_563' title='bbox 2445 3547 2712 3616; x_wconf 86' lang='lat' dir='ltr'><strong>Quoniam</strong></span> <span class='ocrx_word' id='word_1_564' title='bbox 2757 3551 3048 3600; x_wconf 84' lang='lat' dir='ltr'><strong>susurrant</strong></span> <span class='ocrx_word' id='word_1_565' title='bbox 3078 3543 3352 3597; x_wconf 86' lang='lat' dir='ltr'><strong>Christum</strong></span> <span class='ocrx_word' id='word_1_566' title='bbox 3382 3540 3650 3605; x_wconf 85' lang='lat' dir='ltr'><strong>colentes,</strong></span> <span class='ocrx_word' id='word_1_567' title='bbox 3680 3535 3820 3609; x_wconf 89' lang='lat' dir='ltr'><strong>quod</strong></span> 
     </span>
    </p>
   </div>
   <div class='ocr_carea' id='block_1_80' title="bbox 2255 3628 3814 3712">
    <p class='ocr_par' dir='ltr' id='par_1_80' title="bbox 2255 3628 3814 3712">
     <span class='ocr_line' id='line_1_80' title="bbox 2255 3628 3814 3712; baseline -0.009 -16"><span class='ocrx_word' id='word_1_568' title='bbox 2255 3643 2407 3712; x_wconf 85' lang='lat' dir='ltr'><strong>signa</strong></span> <span class='ocrx_word' id='word_1_569' title='bbox 2437 3649 2491 3696; x_wconf 89' lang='lat' dir='ltr'><strong>et</strong></span> <span class='ocrx_word' id='word_1_570' title='bbox 2522 3639 2792 3693; x_wconf 86' lang='lat' dir='ltr'><strong>mirabilia</strong></span> <span class='ocrx_word' id='word_1_571' title='bbox 2821 3637 2990 3690; x_wconf 86' lang='lat' dir='ltr'><strong>multa</strong></span> <span class='ocrx_word' id='word_1_572' title='bbox 3015 3633 3260 3688; x_wconf 89' lang='lat' dir='ltr'><strong>inaudita</strong></span> <span class='ocrx_word' id='word_1_573' title='bbox 3291 3631 3482 3686; x_wconf 90' lang='lat' dir='ltr'><strong>fecerit</strong></span> <span class='ocrx_word' id='word_1_574' title='bbox 3511 3631 3568 3684; x_wconf 92' lang='lat' dir='ltr'><strong>in</strong></span> <span class='ocrx_word' id='word_1_575' title='bbox 3595 3628 3814 3695; x_wconf 88' lang='lat' dir='ltr'><strong>mundo,</strong></span> 
     </span>
    </p>
   </div>
   <div class='ocr_carea' id='block_1_81' title="bbox 2255 3720 3818 3802">
    <p class='ocr_par' dir='ltr' id='par_1_81' title="bbox 2255 3720 3818 3802">
     <span class='ocr_line' id='line_1_81' title="bbox 2255 3720 3818 3802; baseline -0.011 -15"><span class='ocrx_word' id='word_1_576' title='bbox 2255 3746 2376 3802; x_wconf 66' lang='lat' dir='ltr'><strong>quae</strong></span> <span class='ocrx_word' id='word_1_577' title='bbox 2425 3745 2586 3786; x_wconf 90' lang='lat' dir='ltr'><strong>nemo</strong></span> <span class='ocrx_word' id='word_1_578' title='bbox 2637 3730 2778 3783; x_wconf 88' lang='lat' dir='ltr'><strong>alius</strong></span> <span class='ocrx_word' id='word_1_579' title='bbox 2816 3727 2992 3798; x_wconf 89' lang='lat' dir='ltr'><strong>potuit</strong></span> <span class='ocrx_word' id='word_1_580' title='bbox 3049 3739 3208 3794; x_wconf 89' lang='lat' dir='ltr'><strong>agere</strong></span> <span class='ocrx_word' id='word_1_581' title='bbox 3239 3741 3251 3778; x_wconf 91' lang='lat'><strong>:</strong></span> <span class='ocrx_word' id='word_1_582' title='bbox 3281 3721 3620 3790; x_wconf 88' lang='lat' dir='ltr'><strong>accipiamus</strong></span> <span class='ocrx_word' id='word_1_583' title='bbox 3681 3720 3818 3773; x_wconf 87' lang='lat' dir='ltr'><strong>hunc</strong></span> 
     </span>
    </p>
   </div>
   <div class='ocr_carea' id='block_1_82' title="bbox 2257 3810 3825 3894">
    <p class='ocr_par' dir='ltr' id='par_1_82' title="bbox 2257 3810 3825 3894">
     <span class='ocr_line' id='line_1_82' title="bbox 2257 3810 3825 3894; baseline -0.01 -14"><span class='ocrx_word' id='word_1_584' title='bbox 2257 3825 2600 3894; x_wconf 85' lang='lat' dir='ltr'><strong>sanguinem,</strong></span> <span class='ocrx_word' id='word_1_585' title='bbox 2648 3829 2702 3877; x_wconf 76' lang='lat' dir='ltr'><strong>et</strong></span> <span class='ocrx_word' id='word_1_586' title='bbox 2739 3835 2932 3890; x_wconf 79' lang='lat' dir='ltr'><strong>aquam</strong></span> <span class='ocrx_word' id='word_1_587' title='bbox 2967 3819 3126 3884; x_wconf 89' lang='lat' dir='ltr'><strong>hanc,</strong></span> <span class='ocrx_word' id='word_1_588' title='bbox 3175 3823 3228 3872; x_wconf 92' lang='lat' dir='ltr'><strong>et</strong></span> <span class='ocrx_word' id='word_1_589' title='bbox 3273 3814 3585 3869; x_wconf 90' lang='lat' dir='ltr'><strong>deferamus</strong></span> <span class='ocrx_word' id='word_1_590' title='bbox 3631 3810 3698 3865; x_wconf 89' lang='lat' dir='ltr'><strong>ad</strong></span> <span class='ocrx_word' id='word_1_591' title='bbox 3739 3825 3825 3865; x_wconf 90' lang='lat' dir='ltr'><strong>no-</strong></span> 
     </span>
    </p>
   </div>
   <div class='ocr_carea' id='block_1_83' title="bbox 2257 3899 3821 3986">
    <p class='ocr_par' dir='ltr' id='par_1_83' title="bbox 2257 3899 3821 3986">
     <span class='ocr_line' id='line_1_83' title="bbox 2257 3899 3821 3986; baseline -0.01 -17"><span class='ocrx_word' id='word_1_592' title='bbox 2257 3924 2426 3970; x_wconf 90' lang='lat' dir='ltr'><strong>stram</strong></span> <span class='ocrx_word' id='word_1_593' title='bbox 2467 3927 2819 3986; x_wconf 81' lang='lat' dir='ltr'><strong>synagogam,</strong></span> <span class='ocrx_word' id='word_1_594' title='bbox 2867 3918 2922 3964; x_wconf 90' lang='lat' dir='ltr'><strong>et</strong></span> <span class='ocrx_word' id='word_1_595' title='bbox 2967 3919 3360 3977; x_wconf 80' lang='lat' dir='ltr'><strong>congregemus</strong></span> <span class='ocrx_word' id='word_1_596' title='bbox 3394 3904 3684 3958; x_wconf 89' lang='lat' dir='ltr'><strong>universos</strong></span> <span class='ocrx_word' id='word_1_597' title='bbox 3732 3899 3821 3970; x_wconf 85' lang='lat' dir='ltr'><strong>qui</strong></span> 
     </span>
    </p>
   </div>
   <div class='ocr_carea' id='block_1_84' title="bbox 2258 3988 3822 4070">
    <p class='ocr_par' dir='ltr' id='par_1_84' title="bbox 2258 3988 3822 4070">
     <span class='ocr_line' id='line_1_84' title="bbox 2258 3988 3822 4070; baseline -0.012 -8"><span class='ocrx_word' id='word_1_598' title='bbox 2258 4023 2317 4062; x_wconf 91' lang='lat' dir='ltr'><strong>se</strong></span> <span class='ocrx_word' id='word_1_599' title='bbox 2357 4007 2494 4060; x_wconf 90' lang='lat' dir='ltr'><strong>male</strong></span> <span class='ocrx_word' id='word_1_600' title='bbox 2526 4003 2745 4065; x_wconf 86' lang='lat' dir='ltr'><strong>habent,</strong></span> <span class='ocrx_word' id='word_1_601' title='bbox 2785 4009 2838 4056; x_wconf 92' lang='lat' dir='ltr'><strong>et</strong></span> <span class='ocrx_word' id='word_1_602' title='bbox 2885 4015 2953 4054; x_wconf 83' lang='lat' dir='ltr'><strong>ex</strong></span> <span class='ocrx_word' id='word_1_603' title='bbox 2987 3999 3091 4053; x_wconf 78' lang='lat' dir='ltr'><strong>line</strong></span> <span class='ocrx_word' id='word_1_604' title='bbox 3126 4009 3492 4070; x_wconf 87' lang='lat' dir='ltr'><strong>perungamus</strong></span> <span class='ocrx_word' id='word_1_605' title='bbox 3519 4008 3618 4048; x_wconf 90' lang='lat' dir='ltr'><strong>eos</strong></span> <span class='ocrx_word' id='word_1_606' title='bbox 3652 3998 3746 4046; x_wconf 88' lang='lat' dir='ltr'><strong>:et</strong></span> <span class='ocrx_word' id='word_1_607' title='bbox 3775 3988 3822 4044; x_wconf 87' lang='lat' dir='ltr'><strong>si</strong></span> 
     </span>
    </p>
   </div>
   <div class='ocr_carea' id='block_1_85' title="bbox 2259 4082 3822 4162">
    <p class='ocr_par' dir='ltr' id='par_1_85' title="bbox 2259 4082 3822 4162">
     <span class='ocr_line' id='line_1_85' title="bbox 2259 4082 3822 4162; baseline -0.01 -12"><span class='ocrx_word' id='word_1_608' title='bbox 2259 4111 2385 4150; x_wconf 86' lang='lat' dir='ltr'><strong>vera</strong></span> <span class='ocrx_word' id='word_1_609' title='bbox 2423 4104 2552 4149; x_wconf 88' lang='lat' dir='ltr'><strong>sunt</strong></span> <span class='ocrx_word' id='word_1_610' title='bbox 2593 4109 2678 4156; x_wconf 91' lang='lat' dir='ltr'><strong>ea,</strong></span> <span class='ocrx_word' id='word_1_611' title='bbox 2713 4107 2834 4162; x_wconf 67' lang='lat' dir='ltr'><strong>qua:</strong></span> <span class='ocrx_word' id='word_1_612' title='bbox 2882 4089 2950 4144; x_wconf 90' lang='lat' dir='ltr'><strong>de</strong></span> <span class='ocrx_word' id='word_1_613' title='bbox 2977 4088 3198 4144; x_wconf 89' lang='lat' dir='ltr'><strong>Christo</strong></span> <span class='ocrx_word' id='word_1_614' title='bbox 3245 4086 3526 4148; x_wconf 91' lang='lat' dir='ltr'><strong>dicuntur,</strong></span> <span class='ocrx_word' id='word_1_615' title='bbox 3561 4082 3822 4136; x_wconf 90' lang='lat' dir='ltr'><strong>continuo</strong></span> 
     </span>
    </p>
   </div>
   <div class='ocr_carea' id='block_1_86' title="bbox 2259 4173 3824 4247">
    <p class='ocr_par' dir='ltr' id='par_1_86' title="bbox 2259 4173 3824 4247">
     <span class='ocr_line' id='line_1_86' title="bbox 2259 4173 3824 4247; baseline -0.012 -2"><span class='ocrx_word' id='word_1_616' title='bbox 2259 4190 2638 4245; x_wconf 87' lang='lat' dir='ltr'><strong>sanabuntur:</strong></span> <span class='ocrx_word' id='word_1_617' title='bbox 2671 4185 2754 4240; x_wconf 91' lang='lat' dir='ltr'><strong>sin</strong></span> <span class='ocrx_word' id='word_1_618' title='bbox 2799 4183 2952 4247; x_wconf 87' lang='lat' dir='ltr'><strong>alias,</strong></span> <span class='ocrx_word' id='word_1_619' title='bbox 2995 4179 3232 4235; x_wconf 88' lang='lat' dir='ltr'><strong>ostentui</strong></span> <span class='ocrx_word' id='word_1_620' title='bbox 3272 4177 3575 4230; x_wconf 84' lang='lat' dir='ltr'><strong>habeantur</strong></span> <span class='ocrx_word' id='word_1_621' title='bbox 3607 4187 3636 4226; x_wconf 92' lang='lat' dir='ltr'><strong>a</strong></span> <span class='ocrx_word' id='word_1_622' title='bbox 3670 4173 3824 4227; x_wconf 90' lang='lat' dir='ltr'><strong>nobis</strong></span> 
     </span>
    </p>
   </div>
   <div class='ocr_carea' id='block_1_87' title="bbox 2259 4262 3825 4348">
    <p class='ocr_par' dir='ltr' id='par_1_87' title="bbox 2259 4262 3825 4348">
     <span class='ocr_line' id='line_1_87' title="bbox 2259 4262 3825 4348; baseline -0.011 -14"><span class='ocrx_word' id='word_1_623' title='bbox 2259 4287 2480 4343; x_wconf 88' lang='lat' dir='ltr'><strong>cuncta,</strong></span> <span class='ocrx_word' id='word_1_624' title='bbox 2503 4293 2624 4348; x_wconf 73' lang='lat' dir='ltr'><strong>quae</strong></span> <span class='ocrx_word' id='word_1_625' title='bbox 2657 4277 2773 4331; x_wconf 92' lang='lat' dir='ltr'><strong>suis</strong></span> <span class='ocrx_word' id='word_1_626' title='bbox 2800 4273 3126 4344; x_wconf 90' lang='lat' dir='ltr'><strong>sequacibus</strong></span> <span class='ocrx_word' id='word_1_627' title='bbox 3155 4275 3476 4324; x_wconf 87' lang='lat' dir='ltr'><strong>astruuntur</strong></span> <span class='ocrx_word' id='word_1_628' title='bbox 3495 4265 3564 4320; x_wconf 90' lang='lat' dir='ltr'><strong>de</strong></span> <span class='ocrx_word' id='word_1_629' title='bbox 3591 4280 3680 4319; x_wconf 91' lang='lat' dir='ltr'><strong>eo.</strong></span> <span class='ocrx_word' id='word_1_630' title='bbox 3703 4262 3825 4317; x_wconf 66' lang='lat' dir='ltr'><strong>Haec</strong></span> 
     </span>
    </p>
   </div>
   <div class='ocr_carea' id='block_1_88' title="bbox 2260 4353 3826 4436">
    <p class='ocr_par' dir='ltr' id='par_1_88' title="bbox 2260 4353 3826 4436">
     <span class='ocr_line' id='line_1_88' title="bbox 2260 4353 3826 4436; baseline -0.011 -13"><span class='ocrx_word' id='word_1_631' title='bbox 2260 4369 2504 4424; x_wconf 88' lang='lat' dir='ltr'><strong>dicentes</strong></span> <span class='ocrx_word' id='word_1_632' title='bbox 2552 4365 2798 4436; x_wconf 80' lang='lat' dir='ltr'><strong>hydriam</strong></span> <span class='ocrx_word' id='word_1_633' title='bbox 2847 4362 3098 4418; x_wconf 86' lang='lat' dir='ltr'><strong>deferunt</strong></span> <span class='ocrx_word' id='word_1_634' title='bbox 3151 4359 3218 4413; x_wconf 90' lang='lat' dir='ltr'><strong>ad</strong></span> <span class='ocrx_word' id='word_1_635' title='bbox 3270 4369 3628 4428; x_wconf 84' lang='lat' dir='ltr'><strong>synagogam,</strong></span> <span class='ocrx_word' id='word_1_636' title='bbox 3683 4353 3826 4408; x_wconf 66' lang='lat' dir='ltr'><strong>msti-</strong></span> 
     </span>
    </p>
   </div>
   <div class='ocr_carea' id='block_1_89' title="bbox 587 4446 3826 4534">
    <p class='ocr_par' dir='ltr' id='par_1_89' title="bbox 587 4446 3826 4534">
     <span class='ocr_line' id='line_1_89' title="bbox 587 4446 3826 4534; baseline -0.006 -17"><span class='ocrx_word' id='word_1_637' title='bbox 587 4463 732 4517; x_wconf 87' lang='lat' dir='ltr'><strong>sicut</strong></span> <span class='ocrx_word' id='word_1_638' title='bbox 755 4471 836 4525; x_wconf 92' lang='lat' dir='ltr'><strong>tu,</strong></span> <span class='ocrx_word' id='word_1_639' title='bbox 875 4459 1120 4526; x_wconf 79' lang='lat' dir='ltr'><strong>Doniine,</strong></span> <span class='ocrx_word' id='word_1_640' title='bbox 1157 4469 1210 4517; x_wconf 90' lang='lat' dir='ltr'><strong>et</strong></span> <span class='ocrx_word' id='word_1_641' title='bbox 1237 4462 1362 4534; x_wconf 88' lang='lat' dir='ltr'><strong>quis</strong></span> <span class='ocrx_word' id='word_1_642' title='bbox 1397 4471 1479 4518; x_wconf 75' lang='lat' dir='ltr'><strong>est.</strong></span> <span class='ocrx_word' id='word_1_643' title='bbox 1507 4461 1652 4517; x_wconf 90' lang='lat' dir='ltr'><strong>Deus</strong></span> <span class='ocrx_word' id='word_1_644' title='bbox 1691 4461 1896 4516; x_wconf 87' lang='lat' dir='ltr'><strong>faciens</strong></span> <span class='ocrx_word' id='word_1_645' title='bbox 1935 4461 2158 4516; x_wconf 89' lang='lat' dir='ltr'><strong>mirahi-</strong></span> <span class='ocrx_word' id='word_1_646' title='bbox 2188 4475 2232 4529; x_wconf 74' lang='grc' dir='ltr'><strong>ι)</strong></span> <span class='ocrx_word' id='word_1_647' title='bbox 2263 4468 2476 4516; x_wconf 90' lang='lat' dir='ltr'><strong>mantes</strong></span> <span class='ocrx_word' id='word_1_648' title='bbox 2493 4457 2789 4514; x_wconf 83' lang='lat' dir='ltr'><strong>se&#39;Christo</strong></span> <span class='ocrx_word' id='word_1_649' title='bbox 2815 4453 2946 4510; x_wconf 85' lang='lat' dir='ltr'><strong>Jesu</strong></span> <span class='ocrx_word' id='word_1_650' title='bbox 2978 4453 3204 4507; x_wconf 84' lang='lat' dir='ltr'><strong>Domino</strong></span> <span class='ocrx_word' id='word_1_651' title='bbox 3219 4460 3410 4507; x_wconf 91' lang='lat' dir='ltr'><strong>nostro</strong></span> <span class='ocrx_word' id='word_1_652' title='bbox 3437 4447 3632 4503; x_wconf 63' lang='lat' dir='ltr'><strong>aeterni</strong></span> <span class='ocrx_word' id='word_1_653' title='bbox 3665 4446 3826 4514; x_wconf 72' lang='lat' dir='ltr'><strong>Regis</strong></span> 
     </span>
    </p>
   </div>
   <div class='ocr_carea' id='block_1_90' title="bbox 588 4553 2155 4626">
    <p class='ocr_par' dir='ltr' id='par_1_90' title="bbox 588 4553 2155 4626">
     <span class='ocr_line' id='line_1_90' title="bbox 588 4553 2155 4626; baseline -0.001 -18"><span class='ocrx_word' id='word_1_654' title='bbox 588 4555 680 4617; x_wconf 89' lang='lat' dir='ltr'><strong>lia,</strong></span> <span class='ocrx_word' id='word_1_655' title='bbox 714 4555 890 4626; x_wconf 87' lang='lat' dir='ltr'><strong>signa,</strong></span> <span class='ocrx_word' id='word_1_656' title='bbox 926 4564 980 4608; x_wconf 91' lang='lat' dir='ltr'><strong>et</strong></span> <span class='ocrx_word' id='word_1_657' title='bbox 1005 4555 1272 4610; x_wconf 89' lang='lat' dir='ltr'><strong>terribilia</strong></span> <span class='ocrx_word' id='word_1_658' title='bbox 1302 4564 1356 4610; x_wconf 91' lang='lat' dir='ltr'><strong>et</strong></span> <span class='ocrx_word' id='word_1_659' title='bbox 1384 4553 1819 4624; x_wconf 88' lang='lat' dir='ltr'><strong>obstupescenda</strong></span> <span class='ocrx_word' id='word_1_660' title='bbox 1851 4554 1906 4607; x_wconf 91' lang='lat' dir='ltr'><strong>in</strong></span> <span class='ocrx_word' id='word_1_661' title='bbox 1935 4553 2076 4607; x_wconf 75' lang='lat' dir='ltr'><strong>cmlo</strong></span> <span class='ocrx_word' id='word_1_662' title='bbox 2101 4561 2155 4606; x_wconf 88' lang='lat' dir='ltr'><strong>et</strong></span> 
     </span>
    </p>
   </div>
   <div class='ocr_carea' id='block_1_91' title="bbox 587 4644 2156 4712">
    <p class='ocr_par' dir='ltr' id='par_1_91' title="bbox 587 4644 2156 4712">
     <span class='ocr_line' id='line_1_91' title="bbox 587 4644 2156 4712; baseline 0.001 -12"><span class='ocrx_word' id='word_1_663' title='bbox 587 4649 640 4700; x_wconf 91' lang='lat' dir='ltr'><strong>in</strong></span> <span class='ocrx_word' id='word_1_664' title='bbox 677 4647 858 4702; x_wconf 87' lang='lat' dir='ltr'><strong>terra?</strong></span> <span class='ocrx_word' id='word_1_665' title='bbox 890 4645 934 4702; x_wconf 91' lang='grc' dir='ltr'><strong>Ο</strong></span> <span class='ocrx_word' id='word_1_666' title='bbox 960 4647 1298 4704; x_wconf 88' lang='lat' dir='ltr'><strong>admirabilis</strong></span> <span class='ocrx_word' id='word_1_667' title='bbox 1330 4646 1594 4702; x_wconf 80' lang='lat' dir='ltr'><strong>Mediator</strong></span> <span class='ocrx_word' id='word_1_668' title='bbox 1639 4644 1730 4700; x_wconf 91' lang='lat' dir='ltr'><strong>Dei</strong></span> <span class='ocrx_word' id='word_1_669' title='bbox 1761 4652 1816 4701; x_wconf 88' lang='lat' dir='ltr'><strong>et</strong></span> <span class='ocrx_word' id='word_1_670' title='bbox 1851 4645 2156 4712; x_wconf 85' lang='lat' dir='ltr'><strong>hominum,</strong></span> 
     </span>
    </p>
   </div>
   <div class='ocr_carea' id='block_1_92' title="bbox 585 4735 2158 4807">
    <p class='ocr_par' dir='ltr' id='par_1_92' title="bbox 585 4735 2158 4807">
     <span class='ocr_line' id='line_1_92' title="bbox 585 4735 2158 4807; baseline 0.002 -16"><span class='ocrx_word' id='word_1_671' title='bbox 585 4737 933 4804; x_wconf 89' lang='lat' dir='ltr'><strong>homousion,</strong></span> <span class='ocrx_word' id='word_1_672' title='bbox 969 4739 1155 4792; x_wconf 91' lang='lat' dir='ltr'><strong>mundi</strong></span> <span class='ocrx_word' id='word_1_673' title='bbox 1194 4736 1525 4807; x_wconf 83' lang='lat' dir='ltr'><strong>Redemptor</strong></span> <span class='ocrx_word' id='word_1_674' title='bbox 1571 4750 1636 4790; x_wconf 87' lang='lat' dir='ltr'><strong>ac</strong></span> <span class='ocrx_word' id='word_1_675' title='bbox 1684 4735 1955 4802; x_wconf 88' lang='lat' dir='ltr'><strong>Salvator,</strong></span> <span class='ocrx_word' id='word_1_676' title='bbox 1987 4739 2158 4794; x_wconf 88' lang='lat' dir='ltr'><strong>totius</strong></span> 
     </span>
    </p>
   </div>
   <div class='ocr_carea' id='block_1_93' title="bbox 585 4823 2158 4896">
    <p class='ocr_par' dir='ltr' id='par_1_93' title="bbox 585 4823 2158 4896">
     <span class='ocr_line' id='line_1_93' title="bbox 585 4823 2158 4896; baseline 0.002 -16"><span class='ocrx_word' id='word_1_677' title='bbox 585 4827 845 4881; x_wconf 77' lang='lat' dir='ltr'><strong>bonitatis</strong></span> <span class='ocrx_word' id='word_1_678' title='bbox 889 4835 944 4881; x_wconf 92' lang='lat' dir='ltr'><strong>et</strong></span> <span class='ocrx_word' id='word_1_679' title='bbox 973 4828 1192 4896; x_wconf 88' lang='lat' dir='ltr'><strong>pictatis</strong></span> <span class='ocrx_word' id='word_1_680' title='bbox 1225 4825 1348 4882; x_wconf 87' lang='lat' dir='ltr'><strong>fons</strong></span> <span class='ocrx_word' id='word_1_681' title='bbox 1380 4835 1435 4880; x_wconf 90' lang='lat' dir='ltr'><strong>et</strong></span> <span class='ocrx_word' id='word_1_682' title='bbox 1459 4824 1646 4894; x_wconf 66' lang='lat' dir='ltr'><strong>origo!</strong></span> <span class='ocrx_word' id='word_1_683' title='bbox 1703 4823 1748 4879; x_wconf 94' lang='grc' dir='ltr'><strong>Ο</strong></span> <span class='ocrx_word' id='word_1_684' title='bbox 1790 4836 2029 4894; x_wconf 87' lang='lat' dir='ltr'><strong>quantus</strong></span> <span class='ocrx_word' id='word_1_685' title='bbox 2075 4845 2158 4894; x_wconf 91' lang='lat' dir='ltr'><strong>es,</strong></span> 
     </span>
    </p>
   </div>
   <div class='ocr_carea' id='block_1_94' title="bbox 587 4913 2156 4983">
    <p class='ocr_par' dir='ltr' id='par_1_94' title="bbox 587 4913 2156 4983">
     <span class='ocr_line' id='line_1_94' title="bbox 587 4913 2156 4983; baseline 0.003 -13"><span class='ocrx_word' id='word_1_686' title='bbox 587 4913 816 4970; x_wconf 86' lang='lat' dir='ltr'><strong>Domine</strong></span> <span class='ocrx_word' id='word_1_687' title='bbox 840 4914 994 4979; x_wconf 82' lang='lat' dir='ltr'><strong>Jesu,</strong></span> <span class='ocrx_word' id='word_1_688' title='bbox 1032 4917 1088 4970; x_wconf 93' lang='lat' dir='ltr'><strong>in</strong></span> <span class='ocrx_word' id='word_1_689' title='bbox 1130 4915 1460 4979; x_wconf 89' lang='lat' dir='ltr'><strong>humilitate,</strong></span> <span class='ocrx_word' id='word_1_690' title='bbox 1501 4915 1594 4983; x_wconf 87' lang='lat' dir='ltr'><strong>qui</strong></span> <span class='ocrx_word' id='word_1_691' title='bbox 1645 4930 1770 4970; x_wconf 87' lang='lat' dir='ltr'><strong>cum</strong></span> <span class='ocrx_word' id='word_1_692' title='bbox 1805 4931 1956 4972; x_wconf 89' lang='lat' dir='ltr'><strong>esses</strong></span> <span class='ocrx_word' id='word_1_693' title='bbox 1989 4917 2156 4982; x_wconf 90' lang='lat' dir='ltr'><strong>Deus,</strong></span> 
     </span>
    </p>
   </div>
   <div class='ocr_carea' id='block_1_95' title="bbox 587 5006 2158 5076">
    <p class='ocr_par' dir='ltr' id='par_1_95' title="bbox 587 5006 2158 5076">
     <span class='ocr_line' id='line_1_95' title="bbox 587 5006 2158 5076; baseline 0.004 -17"><span class='ocrx_word' id='word_1_694' title='bbox 587 5007 936 5062; x_wconf 88' lang='lat' dir='ltr'><strong>morticinum</strong></span> <span class='ocrx_word' id='word_1_695' title='bbox 967 5016 1169 5063; x_wconf 63' lang='lat' dir='ltr'><strong>nostra!</strong></span> <span class='ocrx_word' id='word_1_696' title='bbox 1195 5006 1382 5062; x_wconf 90' lang='lat' dir='ltr'><strong>carnis</strong></span> <span class='ocrx_word' id='word_1_697' title='bbox 1425 5007 1794 5076; x_wconf 90' lang='lat' dir='ltr'><strong>suscipiendo,</strong></span> <span class='ocrx_word' id='word_1_698' title='bbox 1841 5010 2004 5064; x_wconf 90' lang='lat' dir='ltr'><strong>homo</strong></span> <span class='ocrx_word' id='word_1_699' title='bbox 2041 5011 2158 5066; x_wconf 87' lang='lat' dir='ltr'><strong>tieri</strong></span> 
     </span>
    </p>
   </div>
   <div class='ocr_carea' id='block_1_96' title="bbox 587 5093 2160 5170">
    <p class='ocr_par' dir='ltr' id='par_1_96' title="bbox 587 5093 2160 5170">
     <span class='ocr_line' id='line_1_96' title="bbox 587 5093 2160 5170; baseline 0.004 -22"><span class='ocrx_word' id='word_1_700' title='bbox 587 5093 840 5169; x_wconf 84' lang='lat' dir='ltr'><strong>dignatus</strong></span> <span class='ocrx_word' id='word_1_701' title='bbox 873 5113 954 5162; x_wconf 89' lang='lat' dir='ltr'><strong>es,</strong></span> <span class='ocrx_word' id='word_1_702' title='bbox 985 5115 1086 5168; x_wconf 88' lang='lat' dir='ltr'><strong>pro</strong></span> <span class='ocrx_word' id='word_1_703' title='bbox 1115 5099 1292 5154; x_wconf 88' lang='lat' dir='ltr'><strong>salute</strong></span> <span class='ocrx_word' id='word_1_704' title='bbox 1328 5100 1544 5168; x_wconf 87' lang='lat' dir='ltr'><strong>generis</strong></span> <span class='ocrx_word' id='word_1_705' title='bbox 1593 5101 1834 5165; x_wconf 88' lang='lat' dir='ltr'><strong>humani,</strong></span> <span class='ocrx_word' id='word_1_706' title='bbox 1861 5118 2022 5170; x_wconf 89' lang='lat' dir='ltr'><strong>quem</strong></span> <span class='ocrx_word' id='word_1_707' title='bbox 2058 5103 2160 5156; x_wconf 83' lang='lat' dir='ltr'><strong>iiu-</strong></span> 
     </span>
    </p>
   </div>
   <div class='ocr_carea' id='block_1_97' title="bbox 587 5189 2158 5263">
    <p class='ocr_par' dir='ltr' id='par_1_97' title="bbox 587 5189 2158 5263">
     <span class='ocr_line' id='line_1_97' title="bbox 587 5189 2158 5263; baseline 0.003 -19"><span class='ocrx_word' id='word_1_708' title='bbox 587 5190 664 5260; x_wconf 89' lang='lat' dir='ltr'><strong>pii</strong></span> <span class='ocrx_word' id='word_1_709' title='bbox 700 5199 756 5246; x_wconf 91' lang='lat' dir='ltr'><strong>et</strong></span> <span class='ocrx_word' id='word_1_710' title='bbox 785 5189 1037 5246; x_wconf 89' lang='lat' dir='ltr'><strong>crudeles</strong></span> <span class='ocrx_word' id='word_1_711' title='bbox 1071 5193 1234 5262; x_wconf 88' lang='lat' dir='ltr'><strong>paulo</strong></span> <span class='ocrx_word' id='word_1_712' title='bbox 1268 5190 1454 5244; x_wconf 89' lang='lat' dir='ltr'><strong>minus</strong></span> <span class='ocrx_word' id='word_1_713' title='bbox 1486 5190 1554 5244; x_wconf 91' lang='lat' dir='ltr'><strong>ab</strong></span> <span class='ocrx_word' id='word_1_714' title='bbox 1584 5193 1790 5263; x_wconf 85' lang='lat' dir='ltr'><strong>angelis</strong></span> <span class='ocrx_word' id='word_1_715' title='bbox 1828 5193 2158 5248; x_wconf 88' lang='lat' dir='ltr'><strong>minoratum</strong></span> 
     </span>
    </p>
   </div>
   <div class='ocr_carea' id='block_1_98' title="bbox 588 5283 2157 5352">
    <p class='ocr_par' dir='ltr' id='par_1_98' title="bbox 588 5283 2157 5352">
     <span class='ocr_line' id='line_1_98' title="bbox 588 5283 2157 5352; baseline 0.003 -15"><span class='ocrx_word' id='word_1_716' title='bbox 588 5291 900 5346; x_wconf 87' lang='lat' dir='ltr'><strong>cernentes,</strong></span> <span class='ocrx_word' id='word_1_717' title='bbox 927 5283 1177 5337; x_wconf 89' lang='lat' dir='ltr'><strong>horribili</strong></span> <span class='ocrx_word' id='word_1_718' title='bbox 1196 5289 1370 5336; x_wconf 86' lang='lat' dir='ltr'><strong>morte</strong></span> <span class='ocrx_word' id='word_1_719' title='bbox 1393 5283 1759 5352; x_wconf 15' lang='lat' dir='ltr'><strong>plectereinon</strong></span> <span class='ocrx_word' id='word_1_720' title='bbox 1783 5285 2122 5340; x_wconf 87' lang='lat' dir='ltr'><strong>erubuerunt</strong></span> <span class='ocrx_word' id='word_1_721' title='bbox 2145 5289 2157 5341; x_wconf 86' lang='lat'>!</span> 
     </span>
    </p>
   </div>
   <div class='ocr_carea' id='block_1_99' title="bbox 587 5347 2158 5444">
    <p class='ocr_par' dir='ltr' id='par_1_99' title="bbox 587 5347 2158 5444">
     <span class='ocr_line' id='line_1_99' title="bbox 587 5347 2158 5444; baseline -0.003 -13"><span class='ocrx_word' id='word_1_722' title='bbox 587 5372 636 5431; x_wconf 88' lang='lat'><strong>0</strong></span> <span class='ocrx_word' id='word_1_723' title='bbox 664 5388 826 5444; x_wconf 89' lang='lat' dir='ltr'><strong>quam</strong></span> <span class='ocrx_word' id='word_1_724' title='bbox 855 5388 1089 5442; x_wconf 86' lang='lat' dir='ltr'><strong>magnus</strong></span> <span class='ocrx_word' id='word_1_725' title='bbox 1117 5388 1197 5437; x_wconf 86' lang='lat' dir='ltr'><strong>es,</strong></span> <span class='ocrx_word' id='word_1_726' title='bbox 1236 5379 1426 5426; x_wconf 88' lang='lat' dir='ltr'><strong>noster</strong></span> <span class='ocrx_word' id='word_1_727' title='bbox 1455 5347 1728 5435; x_wconf 45' lang='lat' dir='ltr'><strong>Salvaicir,</strong></span> <span class='ocrx_word' id='word_1_728' title='bbox 1771 5373 1827 5425; x_wconf 94' lang='lat' dir='ltr'><strong>in</strong></span> <span class='ocrx_word' id='word_1_729' title='bbox 1874 5374 2158 5443; x_wconf 87' lang='lat' dir='ltr'><strong>patientia,</strong></span> 
     </span>
    </p>
   </div>
   <div class='ocr_carea' id='block_1_100' title="bbox 587 5463 2164 5537">
    <p class='ocr_par' dir='ltr' id='par_1_100' title="bbox 587 5463 2164 5537">
     <span class='ocr_line' id='line_1_100' title="bbox 587 5463 2164 5537; baseline -0.002 -16"><span class='ocrx_word' id='word_1_730' title='bbox 587 5467 682 5537; x_wconf 90' lang='lat' dir='ltr'><strong>qui</strong></span> <span class='ocrx_word' id='word_1_731' title='bbox 717 5467 772 5520; x_wconf 90' lang='lat' dir='ltr'><strong>in</strong></span> <span class='ocrx_word' id='word_1_732' title='bbox 807 5473 1051 5534; x_wconf 85' lang='lat' dir='ltr'><strong>tempore</strong></span> <span class='ocrx_word' id='word_1_733' title='bbox 1079 5473 1186 5518; x_wconf 74' lang='lat' dir='ltr'><strong>tuae</strong></span> <span class='ocrx_word' id='word_1_734' title='bbox 1215 5463 1548 5528; x_wconf 84' lang='lat' dir='ltr'><strong>traditionis,</strong></span> <span class='ocrx_word' id='word_1_735' title='bbox 1581 5473 1676 5519; x_wconf 92' lang='lat' dir='ltr'><strong>tuo</strong></span> <span class='ocrx_word' id='word_1_736' title='bbox 1711 5465 1976 5534; x_wconf 90' lang='lat' dir='ltr'><strong>proditori</strong></span> <span class='ocrx_word' id='word_1_737' title='bbox 2009 5465 2078 5519; x_wconf 89' lang='lat' dir='ltr'><strong>ad</strong></span> <span class='ocrx_word' id='word_1_738' title='bbox 2111 5473 2164 5518; x_wconf 90' lang='lat' dir='ltr'><strong>te</strong></span> 
     </span>
    </p>
   </div>
   <div class='ocr_carea' id='block_1_101' title="bbox 587 5553 2164 5624">
    <p class='ocr_par' dir='ltr' id='par_1_101' title="bbox 587 5553 2164 5624">
     <span class='ocr_line' id='line_1_101' title="bbox 587 5553 2164 5624; baseline -0.003 -13"><span class='ocrx_word' id='word_1_739' title='bbox 587 5556 824 5612; x_wconf 89' lang='lat' dir='ltr'><strong>venienti</strong></span> <span class='ocrx_word' id='word_1_740' title='bbox 858 5555 1108 5610; x_wconf 80' lang='lat' dir='ltr'><strong>osculum</strong></span> <span class='ocrx_word' id='word_1_741' title='bbox 1157 5553 1400 5624; x_wconf 69' lang='lat' dir='ltr'><strong>prmbere</strong></span> <span class='ocrx_word' id='word_1_742' title='bbox 1445 5570 1555 5608; x_wconf 92' lang='lat' dir='ltr'><strong>non</strong></span> <span class='ocrx_word' id='word_1_743' title='bbox 1605 5555 1856 5616; x_wconf 88' lang='lat' dir='ltr'><strong>renuisti,</strong></span> <span class='ocrx_word' id='word_1_744' title='bbox 1911 5561 1966 5609; x_wconf 91' lang='lat' dir='ltr'><strong>et</strong></span> <span class='ocrx_word' id='word_1_745' title='bbox 2005 5569 2164 5609; x_wconf 90' lang='lat' dir='ltr'><strong>servo</strong></span> 
     </span>
    </p>
   </div>
   <div class='ocr_carea' id='block_1_102' title="bbox 589 5644 2162 5716">
    <p class='ocr_par' dir='ltr' id='par_1_102' title="bbox 589 5644 2162 5716">
     <span class='ocr_line' id='line_1_102' title="bbox 589 5644 2162 5716; baseline -0.001 -14"><span class='ocrx_word' id='word_1_746' title='bbox 589 5647 803 5702; x_wconf 62' lang='grc' dir='ltr'><strong>Μοιριιο</strong></span> <span class='ocrx_word' id='word_1_747' title='bbox 835 5645 1068 5716; x_wconf 88' lang='lat' dir='ltr'><strong>apostoli</strong></span> <span class='ocrx_word' id='word_1_748' title='bbox 1092 5644 1275 5715; x_wconf 81' lang='lat' dir='ltr'><strong>gladio</strong></span> <span class='ocrx_word' id='word_1_749' title='bbox 1309 5644 1609 5700; x_wconf 86' lang='lat' dir='ltr'><strong>abscissam</strong></span> <span class='ocrx_word' id='word_1_750' title='bbox 1643 5645 1948 5699; x_wconf 89' lang='lat' dir='ltr'><strong>auriculam</strong></span> <span class='ocrx_word' id='word_1_751' title='bbox 1981 5645 2162 5700; x_wconf 87' lang='lat' dir='ltr'><strong>redin—</strong></span> 
     </span>
    </p>
   </div>
   <div class='ocr_carea' id='block_1_103' title="bbox 587 5739 2160 5814">
    <p class='ocr_par' dir='ltr' id='par_1_103' title="bbox 587 5739 2160 5814">
     <span class='ocr_line' id='line_1_103' title="bbox 587 5739 2160 5814; baseline 0.002 -19"><span class='ocrx_word' id='word_1_752' title='bbox 587 5741 831 5814; x_wconf 84' lang='lat' dir='ltr'><strong>tegrasti,</strong></span> <span class='ocrx_word' id='word_1_753' title='bbox 861 5739 1078 5810; x_wconf 87' lang='lat' dir='ltr'><strong>quando</strong></span> <span class='ocrx_word' id='word_1_754' title='bbox 1115 5739 1185 5794; x_wconf 84' lang='lat' dir='ltr'><strong>ad</strong></span> <span class='ocrx_word' id='word_1_755' title='bbox 1229 5739 1502 5808; x_wconf 88' lang='lat' dir='ltr'><strong>passionis</strong></span> <span class='ocrx_word' id='word_1_756' title='bbox 1532 5739 1812 5794; x_wconf 90' lang='lat' dir='ltr'><strong>victimam</strong></span> <span class='ocrx_word' id='word_1_757' title='bbox 1849 5739 1997 5796; x_wconf 88' lang='lat' dir='ltr'><strong>velut</strong></span> <span class='ocrx_word' id='word_1_758' title='bbox 2039 5743 2160 5798; x_wconf 87' lang='lat' dir='ltr'><strong>ovis</strong></span> 
     </span>
    </p>
   </div>
   <div class='ocr_carea' id='block_1_104' title="bbox 2264 4539 3827 4617">
    <p class='ocr_par' dir='ltr' id='par_1_104' title="bbox 2264 4539 3827 4617">
     <span class='ocr_line' id='line_1_104' title="bbox 2264 4539 3827 4617; baseline -0.01 -11"><span class='ocrx_word' id='word_1_759' title='bbox 2264 4553 2401 4607; x_wconf 82' lang='lat' dir='ltr'><strong>Filio</strong></span> <span class='ocrx_word' id='word_1_760' title='bbox 2431 4551 2720 4605; x_wconf 81' lang='lat' dir='ltr'><strong>maximam</strong></span> <span class='ocrx_word' id='word_1_761' title='bbox 2765 4547 2966 4602; x_wconf 90' lang='lat' dir='ltr'><strong>inferre</strong></span> <span class='ocrx_word' id='word_1_762' title='bbox 2995 4561 3154 4617; x_wconf 81' lang='lat' dir='ltr'><strong>posse</strong></span> <span class='ocrx_word' id='word_1_763' title='bbox 3183 4543 3461 4614; x_wconf 85' lang='lat' dir='ltr'><strong>injuriam.</strong></span> <span class='ocrx_word' id='word_1_764' title='bbox 3512 4539 3827 4610; x_wconf 83' lang='lat' dir='ltr'><strong>Congrega-</strong></span> 
     </span>
    </p>
   </div>
   <div class='ocr_carea' id='block_1_105' title="bbox 2260 4631 3830 4714">
    <p class='ocr_par' dir='ltr' id='par_1_105' title="bbox 2260 4631 3830 4714">
     <span class='ocr_line' id='line_1_105' title="bbox 2260 4631 3830 4714; baseline -0.011 -15"><span class='ocrx_word' id='word_1_765' title='bbox 2260 4652 2458 4699; x_wconf 88' lang='lat' dir='ltr'><strong>verunt</strong></span> <span class='ocrx_word' id='word_1_766' title='bbox 2489 4643 2656 4714; x_wconf 85' lang='lat' dir='ltr'><strong>igitur</strong></span> <span class='ocrx_word' id='word_1_767' title='bbox 2681 4654 3040 4710; x_wconf 89' lang='lat' dir='ltr'><strong>quoscunque</strong></span> <span class='ocrx_word' id='word_1_768' title='bbox 3071 4642 3390 4706; x_wconf 87' lang='lat' dir='ltr'><strong>repererunt</strong></span> <span class='ocrx_word' id='word_1_769' title='bbox 3425 4631 3743 4702; x_wconf 88' lang='lat' dir='ltr'><strong>languidos,</strong></span> <span class='ocrx_word' id='word_1_770' title='bbox 3777 4636 3830 4682; x_wconf 89' lang='lat' dir='ltr'><strong>et</strong></span> 
     </span>
    </p>
   </div>
   <div class='ocr_carea' id='block_1_106' title="bbox 2259 4721 3831 4804">
    <p class='ocr_par' dir='ltr' id='par_1_106' title="bbox 2259 4721 3831 4804">
     <span class='ocr_line' id='line_1_106' title="bbox 2259 4721 3831 4804; baseline -0.012 -15"><span class='ocrx_word' id='word_1_771' title='bbox 2259 4737 2316 4789; x_wconf 90' lang='lat' dir='ltr'><strong>in</strong></span> <span class='ocrx_word' id='word_1_772' title='bbox 2337 4740 2635 4804; x_wconf 87' lang='lat' dir='ltr'><strong>conspectu</strong></span> <span class='ocrx_word' id='word_1_773' title='bbox 2658 4738 2980 4786; x_wconf 89' lang='lat' dir='ltr'><strong>cunctorum</strong></span> <span class='ocrx_word' id='word_1_774' title='bbox 3007 4727 3354 4783; x_wconf 72' lang='lat' dir='ltr'><strong>Hebraeorum</strong></span> <span class='ocrx_word' id='word_1_775' title='bbox 3376 4721 3679 4777; x_wconf 87' lang='lat' dir='ltr'><strong>introducti</strong></span> <span class='ocrx_word' id='word_1_776' title='bbox 3705 4725 3831 4774; x_wconf 87' lang='lat' dir='ltr'><strong>sunt</strong></span> 
     </span>
    </p>
   </div>
   <div class='ocr_carea' id='block_1_107' title="bbox 2260 4810 3830 4897">
    <p class='ocr_par' dir='ltr' id='par_1_107' title="bbox 2260 4810 3830 4897">
     <span class='ocr_line' id='line_1_107' title="bbox 2260 4810 3830 4897; baseline -0.013 -16"><span class='ocrx_word' id='word_1_777' title='bbox 2260 4827 2316 4881; x_wconf 90' lang='lat' dir='ltr'><strong>in</strong></span> <span class='ocrx_word' id='word_1_778' title='bbox 2355 4839 2708 4897; x_wconf 85' lang='lat' dir='ltr'><strong>synagogam,</strong></span> <span class='ocrx_word' id='word_1_779' title='bbox 2742 4823 2884 4876; x_wconf 81' lang='lat' dir='ltr'><strong>inter</strong></span> <span class='ocrx_word' id='word_1_780' title='bbox 2913 4836 3051 4890; x_wconf 93' lang='lat' dir='ltr'><strong>quos</strong></span> <span class='ocrx_word' id='word_1_781' title='bbox 3081 4819 3301 4890; x_wconf 79' lang='lat' dir='ltr'><strong>quidam</strong></span> <span class='ocrx_word' id='word_1_782' title='bbox 3333 4821 3607 4886; x_wconf 69' lang='lat' dir='ltr'><strong>provectm</strong></span> <span class='ocrx_word' id='word_1_783' title='bbox 3655 4810 3830 4867; x_wconf 75' lang='lat' dir='ltr'><strong>aetatis</strong></span> 
     </span>
    </p>
   </div>
   <div class='ocr_carea' id='block_1_108' title="bbox 2261 4909 3833 4985">
    <p class='ocr_par' dir='ltr' id='par_1_108' title="bbox 2261 4909 3833 4985">
     <span class='ocr_line' id='line_1_108' title="bbox 2261 4909 3833 4985; baseline -0.008 -11"><span class='ocrx_word' id='word_1_784' title='bbox 2261 4925 2382 4974; x_wconf 90' lang='lat' dir='ltr'><strong>erat</strong></span> <span class='ocrx_word' id='word_1_785' title='bbox 2420 4919 2606 4980; x_wconf 91' lang='lat' dir='ltr'><strong>homo,</strong></span> <span class='ocrx_word' id='word_1_786' title='bbox 2651 4930 2812 4985; x_wconf 85' lang='lat' dir='ltr'><strong>quem</strong></span> <span class='ocrx_word' id='word_1_787' title='bbox 2847 4930 2874 4965; x_wconf 87' lang='lat' dir='ltr'><strong>a</strong></span> <span class='ocrx_word' id='word_1_788' title='bbox 2905 4913 3188 4967; x_wconf 90' lang='lat' dir='ltr'><strong>nativitate</strong></span> <span class='ocrx_word' id='word_1_789' title='bbox 3229 4926 3324 4965; x_wconf 90' lang='lat' dir='ltr'><strong>sua</strong></span> <span class='ocrx_word' id='word_1_790' title='bbox 3355 4909 3682 4980; x_wconf 83' lang='lat' dir='ltr'><strong>gravissime</strong></span> <span class='ocrx_word' id='word_1_791' title='bbox 3711 4923 3833 4976; x_wconf 60' lang='lat' dir='ltr'><strong>gos-</strong></span> 
     </span>
    </p>
   </div>
   <div class='ocr_carea' id='block_1_109' title="bbox 2263 4997 3835 5076">
    <p class='ocr_par' dir='ltr' id='par_1_109' title="bbox 2263 4997 3835 5076">
     <span class='ocr_line' id='line_1_109' title="bbox 2263 4997 3835 5076; baseline -0.008 -13"><span class='ocrx_word' id='word_1_792' title='bbox 2263 5009 2478 5063; x_wconf 88' lang='lat' dir='ltr'><strong>sederat</strong></span> <span class='ocrx_word' id='word_1_793' title='bbox 2513 5007 2761 5076; x_wconf 84' lang='lat' dir='ltr'><strong>corporis</strong></span> <span class='ocrx_word' id='word_1_794' title='bbox 2811 5004 3097 5068; x_wconf 88' lang='lat' dir='ltr'><strong>molestia,</strong></span> <span class='ocrx_word' id='word_1_795' title='bbox 3146 5017 3267 5072; x_wconf 66' lang='lat' dir='ltr'><strong>quae</strong></span> <span class='ocrx_word' id='word_1_796' title='bbox 3311 4997 3498 5054; x_wconf 81' lang='lat' dir='ltr'><strong>Graeca</strong></span> <span class='ocrx_word' id='word_1_797' title='bbox 3561 4998 3835 5052; x_wconf 87' lang='lat' dir='ltr'><strong>locutione</strong></span> 
     </span>
    </p>
   </div>
   <div class='ocr_carea' id='block_1_110' title="bbox 2267 5091 3834 5172">
    <p class='ocr_par' dir='ltr' id='par_1_110' title="bbox 2267 5091 3834 5172">
     <span class='ocr_line' id='line_1_110' title="bbox 2267 5091 3834 5172; baseline -0.007 -19"><span class='ocrx_word' id='word_1_798' title='bbox 2267 5101 2590 5172; x_wconf 82' lang='grc' dir='ltr'><strong>παράλυσις,</strong></span> <span class='ocrx_word' id='word_1_799' title='bbox 2636 5097 2829 5151; x_wconf 86' lang='lat' dir='ltr'><strong>Latina</strong></span> <span class='ocrx_word' id='word_1_800' title='bbox 2877 5112 3030 5161; x_wconf 89' lang='lat' dir='ltr'><strong>vero,</strong></span> <span class='ocrx_word' id='word_1_801' title='bbox 3091 5093 3381 5150; x_wconf 81' lang='lat' dir='ltr'><strong>dissolutio</strong></span> <span class='ocrx_word' id='word_1_802' title='bbox 3438 5091 3834 5150; x_wconf 86' lang='lat' dir='ltr'><strong>membrorum,</strong></span> 
     </span>
    </p>
   </div>
   <div class='ocr_carea' id='block_1_111' title="bbox 2264 5183 3835 5257">
    <p class='ocr_par' dir='ltr' id='par_1_111' title="bbox 2264 5183 3835 5257">
     <span class='ocr_line' id='line_1_111' title="bbox 2264 5183 3835 5257; baseline -0.006 -14"><span class='ocrx_word' id='word_1_803' title='bbox 2264 5193 2484 5246; x_wconf 81' lang='lat' dir='ltr'><strong>dicitur.</strong></span> <span class='ocrx_word' id='word_1_804' title='bbox 2517 5191 2616 5245; x_wconf 75' lang='lat' dir='ltr'><strong>llic</strong></span> <span class='ocrx_word' id='word_1_805' title='bbox 2646 5190 2775 5244; x_wconf 90' lang='lat' dir='ltr'><strong>dum</strong></span> <span class='ocrx_word' id='word_1_806' title='bbox 2806 5189 3044 5257; x_wconf 89' lang='lat' dir='ltr'><strong>primum</strong></span> <span class='ocrx_word' id='word_1_807' title='bbox 3072 5187 3140 5240; x_wconf 90' lang='lat' dir='ltr'><strong>ab</strong></span> <span class='ocrx_word' id='word_1_808' title='bbox 3167 5186 3246 5239; x_wconf 60' lang='lat' dir='ltr'><strong>eis</strong></span> <span class='ocrx_word' id='word_1_809' title='bbox 3279 5183 3476 5239; x_wconf 88' lang='lat' dir='ltr'><strong>fuisset</strong></span> <span class='ocrx_word' id='word_1_810' title='bbox 3507 5191 3835 5253; x_wconf 90' lang='lat' dir='ltr'><strong>perunctus,</strong></span> 
     </span>
    </p>
   </div>
   <div class='ocr_carea' id='block_1_112' title="bbox 2265 5271 3839 5354">
    <p class='ocr_par' dir='ltr' id='par_1_112' title="bbox 2265 5271 3839 5354">
     <span class='ocr_line' id='line_1_112' title="bbox 2265 5271 3839 5354; baseline -0.008 -14"><span class='ocrx_word' id='word_1_811' title='bbox 2265 5293 2485 5354; x_wconf 79' lang='lat' dir='ltr'><strong>repente</strong></span> <span class='ocrx_word' id='word_1_812' title='bbox 2514 5284 2582 5338; x_wconf 88' lang='lat' dir='ltr'><strong>de</strong></span> <span class='ocrx_word' id='word_1_813' title='bbox 2619 5297 2718 5338; x_wconf 92' lang='lat' dir='ltr'><strong>suo</strong></span> <span class='ocrx_word' id='word_1_814' title='bbox 2752 5280 2998 5352; x_wconf 88' lang='lat' dir='ltr'><strong>grabato,</strong></span> <span class='ocrx_word' id='word_1_815' title='bbox 3035 5279 3192 5350; x_wconf 81' lang='lat' dir='ltr'><strong>qpasi</strong></span> <span class='ocrx_word' id='word_1_816' title='bbox 3223 5293 3420 5332; x_wconf 89' lang='lat' dir='ltr'><strong>cervus</strong></span> <span class='ocrx_word' id='word_1_817' title='bbox 3447 5277 3734 5339; x_wconf 81' lang='lat' dir='ltr'><strong>exsiliens,</strong></span> <span class='ocrx_word' id='word_1_818' title='bbox 3771 5271 3839 5328; x_wconf 86' lang='lat' dir='ltr'><strong>ad</strong></span> 
     </span>
    </p>
   </div>
   <div class='ocr_carea' id='block_1_113' title="bbox 2266 5369 3843 5439">
    <p class='ocr_par' dir='ltr' id='par_1_113' title="bbox 2266 5369 3843 5439">
     <span class='ocr_line' id='line_1_113' title="bbox 2266 5369 3843 5439; baseline -0.006 -9"><span class='ocrx_word' id='word_1_819' title='bbox 2266 5377 2480 5430; x_wconf 85' lang='lat' dir='ltr'><strong>laudem</strong></span> <span class='ocrx_word' id='word_1_820' title='bbox 2507 5373 2630 5428; x_wconf 84' lang='lat' dir='ltr'><strong>Filii</strong></span> <span class='ocrx_word' id='word_1_821' title='bbox 2653 5372 2748 5428; x_wconf 87' lang='lat' dir='ltr'><strong>Dei</strong></span> <span class='ocrx_word' id='word_1_822' title='bbox 2781 5373 3071 5426; x_wconf 86' lang='lat' dir='ltr'><strong>incolumis</strong></span> <span class='ocrx_word' id='word_1_823' title='bbox 3097 5370 3362 5434; x_wconf 84' lang='lat' dir='ltr'><strong>redditus,</strong></span> <span class='ocrx_word' id='word_1_824' title='bbox 3399 5369 3468 5422; x_wconf 84' lang='lat' dir='ltr'><strong>ad</strong></span> <span class='ocrx_word' id='word_1_825' title='bbox 3503 5370 3728 5439; x_wconf 78' lang='lat' dir='ltr'><strong>propria</strong></span> <span class='ocrx_word' id='word_1_826' title='bbox 3755 5381 3843 5420; x_wconf 83' lang='lat' dir='ltr'><strong>re—</strong></span> 
     </span>
    </p>
   </div>
   <div class='ocr_carea' id='block_1_114' title="bbox 2267 5459 3841 5524">
    <p class='ocr_par' dir='ltr' id='par_1_114' title="bbox 2267 5459 3841 5524">
     <span class='ocr_line' id='line_1_114' title="bbox 2267 5459 3841 5524; baseline -0.007 -3"><span class='ocrx_word' id='word_1_827' title='bbox 2267 5469 2487 5523; x_wconf 83' lang='lat' dir='ltr'><strong>meavit.</strong></span> <span class='ocrx_word' id='word_1_828' title='bbox 2517 5465 2721 5521; x_wconf 89' lang='lat' dir='ltr'><strong>Deinde</strong></span> <span class='ocrx_word' id='word_1_829' title='bbox 2767 5462 3104 5519; x_wconf 85' lang='lat' dir='ltr'><strong>adducentes</strong></span> <span class='ocrx_word' id='word_1_830' title='bbox 3137 5477 3312 5518; x_wconf 72' lang='lat' dir='ltr'><strong>ctecos</strong></span> <span class='ocrx_word' id='word_1_831' title='bbox 3355 5461 3679 5524; x_wconf 86' lang='lat' dir='ltr'><strong>nonnullos,</strong></span> <span class='ocrx_word' id='word_1_832' title='bbox 3720 5459 3841 5512; x_wconf 85' lang='lat' dir='ltr'><strong>loca</strong></span> 
     </span>
    </p>
   </div>
   <div class='ocr_carea' id='block_1_115' title="bbox 2267 5549 3842 5628">
    <p class='ocr_par' dir='ltr' id='par_1_115' title="bbox 2267 5549 3842 5628">
     <span class='ocr_line' id='line_1_115' title="bbox 2267 5549 3842 5628; baseline -0.007 -14"><span class='ocrx_word' id='word_1_833' title='bbox 2267 5577 2456 5614; x_wconf 85' lang='lat' dir='ltr'><strong>eorum</strong></span> <span class='ocrx_word' id='word_1_834' title='bbox 2505 5559 2770 5614; x_wconf 87' lang='lat' dir='ltr'><strong>luminum</strong></span> <span class='ocrx_word' id='word_1_835' title='bbox 2814 5573 3115 5628; x_wconf 85' lang='lat' dir='ltr'><strong>perungere</strong></span> <span class='ocrx_word' id='word_1_836' title='bbox 3168 5555 3519 5615; x_wconf 80' lang='lat' dir='ltr'><strong>studuerunt.</strong></span> <span class='ocrx_word' id='word_1_837' title='bbox 3577 5553 3680 5620; x_wconf 85' lang='lat' dir='ltr'><strong>Qui</strong></span> <span class='ocrx_word' id='word_1_838' title='bbox 3735 5549 3842 5622; x_wconf 75' lang='lat' dir='ltr'><strong>ipsi</strong></span> 
     </span>
    </p>
   </div>
   <div class='ocr_carea' id='block_1_116' title="bbox 2267 5644 3840 5707">
    <p class='ocr_par' dir='ltr' id='par_1_116' title="bbox 2267 5644 3840 5707">
     <span class='ocr_line' id='line_1_116' title="bbox 2267 5644 3840 5707; baseline -0.008 0"><span class='ocrx_word' id='word_1_839' title='bbox 2267 5653 2450 5707; x_wconf 78' lang='lat' dir='ltr'><strong>Statim</strong></span> <span class='ocrx_word' id='word_1_840' title='bbox 2495 5653 2551 5706; x_wconf 91' lang='lat' dir='ltr'><strong>in</strong></span> <span class='ocrx_word' id='word_1_841' title='bbox 2591 5649 2722 5706; x_wconf 81' lang='lat' dir='ltr'><strong>Jesu</strong></span> <span class='ocrx_word' id='word_1_842' title='bbox 2759 5648 2963 5704; x_wconf 88' lang='lat' dir='ltr'><strong>Christi</strong></span> <span class='ocrx_word' id='word_1_843' title='bbox 2995 5651 3214 5704; x_wconf 89' lang='lat' dir='ltr'><strong>nomine</strong></span> <span class='ocrx_word' id='word_1_844' title='bbox 3267 5647 3521 5701; x_wconf 89' lang='lat' dir='ltr'><strong>discussa</strong></span> <span class='ocrx_word' id='word_1_845' title='bbox 3570 5644 3840 5704; x_wconf 63' lang='lat' dir='ltr'><strong>caecitate,</strong></span> 
     </span>
    </p>
   </div>
   <div class='ocr_carea' id='block_1_117' title="bbox 2267 5737 3844 5814">
    <p class='ocr_par' dir='ltr' id='par_1_117' title="bbox 2267 5737 3844 5814">
     <span class='ocr_line' id='line_1_117' title="bbox 2267 5737 3844 5814; baseline -0.006 -16"><span class='ocrx_word' id='word_1_846' title='bbox 2267 5750 2390 5814; x_wconf 86' lang='lat' dir='ltr'><strong>post</strong></span> <span class='ocrx_word' id='word_1_847' title='bbox 2437 5741 2638 5813; x_wconf 88' lang='lat' dir='ltr'><strong>multos</strong></span> <span class='ocrx_word' id='word_1_848' title='bbox 2672 5754 2864 5808; x_wconf 88' lang='lat' dir='ltr'><strong>annos,</strong></span> <span class='ocrx_word' id='word_1_849' title='bbox 2902 5739 3086 5795; x_wconf 87' lang='lat' dir='ltr'><strong>lumen</strong></span> <span class='ocrx_word' id='word_1_850' title='bbox 3129 5738 3390 5794; x_wconf 71' lang='lat' dir='ltr'><strong>amissum</strong></span> <span class='ocrx_word' id='word_1_851' title='bbox 3431 5737 3681 5807; x_wconf 74' lang='lat' dir='ltr'><strong>reciper;</strong></span> <span class='ocrx_word' id='word_1_852' title='bbox 3730 5745 3844 5793; x_wconf 68' lang='lat' dir='ltr'><strong>me-</strong></span> 
     </span>
    </p>
   </div>
  </div>
