4050 6396
266 410 361 466 3ιῖ

1161 394 1249 448 ne
1288 366 1479 446 pass.
1516 385 1821 444 lit-AGINIS
1858 382 1923 439 D.
1962 382 2028 437 N.
2071 380 2234 437 JESU
2290 376 2598 435 cuntsrt.‘

3372 376 3482 431 818

262 525 496 578 ruerunt.
525 515 878 586 Egrotantes
909 519 1090 565 autem
1121 508 1337 579 plurimi
1370 508 1436 561 ad
1466 507 1568 559 hoc
1596 510 1810 574 specta-
1842 500 1891 557 Α
1918 511 2025 565 quo
2083 511 2202 550 eam
2253 494 2620 564 “cepissent.
2648 490 2718 544 Δί
2750 490 2827 544 illi
2877 490 3179 547 retulerunt
3213 492 3284 555 ei.
3337 494 3483 563 Quod

262 613 431 668 culum
471 618 600 662 sunt
633 604 875 667 adducti,
905 602 1159 656 manibus
1189 608 1312 671 post
1341 608 1488 668 terga
1525 595 1807 651 revinctis.

260 702 491 769 Cumque
529 707 583 753 et
614 698 691 751 illi
726 696 956 750 fuissent
993 694 1259 763 peruncti,
1292 688 1526 744 mirabili
1565 686 1655 740 Dei
1695 686 1811 739 vir-

259 800 365 847 tute
403 790 642 861 undique
677 787 902 858 perfusi,
940 780 1102 840 sen'su
1148 784 1518 853 redintegrato
1556 779 1812 849 pristino,

258 885 318 939 ad
352 883 561 953 propria
611 882 738 933 dum
787 886 1133 933 revertuntur
1163 874 1459 935 sanissimi,
1491 871 1680 926 laudes
1719 869 1815 925 Dei

259 972 639 1043 omnipotentis
688 970 824 1024 Filio
856 968 983 1024 Jesu
1018 969 1238 1023 Christo
1275 968 1504 1021 Domino
1545 966 1814 1021 Salvatori

258 1074 435 1120 nostro
460 1064 851 1133 persolvuntur
883 1064 950 1115 ab
974 1062 1120 1114 omni
1146 1060 1366 1129 populo.
1399 1058 1688 1113 Tumultus
1719 1074 1819 1112 au-

261 1164 356 1209 tem
387 1162 611 1208 exortus
642 1162 727 1207 est
751 1168 999 1221 magnus,
1027 1166 1122 1220 per
1153 1157 1318 1203 totam
1352 1150 1596 1203 eamdem
1626 1150 1817 1203 urbem

260 1244 703 1300 concurrentibus
762 1244 1051 1305 oumibus,
1098 1250 1321 1312 propter
1398 1241 1819 1296 innumerabilia

259 1352 370 1408 quze
401 1337 600 1391 fiebant
630 1337 906 1391 miracula.
943 1334 1007 1389 Et
1036 1336 1349 1405 quicunque
1390 1335 1557 1390 variis
1592 1335 1820 1404 languo-

261 1429 405 1483 ribus
450 1431 706 1483 infirmos
740 1444 1031 1500 possessos
1071 1429 1340 1483 habebant
1384 1431 1526 1497 apud
1567 1443 1646 1493 se,
1689 1428 1821 1480 illuc

259 1535 347 1576 eos
380 1520 717 1576 deducentes
766 1521 1162 1591 perungehant,
1195 1527 1248 1574 et
1278 1521 1460 1574 statim
1506 1522 1817 1587 sanitatem,

261 1627 412 1682 quam
456 1612 868 1676 desiderabant,
924 1613 1419 1682 consequebantur.
1469 1609 1672 1666 Omnes
1724 1627 1826 1666 au-

260 1715 382 1770 tem,
421 1704 487 1758 ad
528 1720 891 1776 quoscunque
926 1707 1208 1774 pervenire
1244 1706 1419 1775 potuit
1452 1706 1659 1775 opinio,
1693 1706 1826 1760 affe-

262 1809 435 1854 rentes
473 1801 749 1864 infirmos,
782 1817 919 1871 quos
946 1801 1149 1855 habere
1180 1809 1430 1869 poterant
1462 1801 1516 1854 in
1545 1800 1821 1865 domibus,

262 1890 608 1960 paralyticos,
641 1905 836 1955 caecos,
865 1891 1112 1953 claudos,
1145 1893 1365 1953 surdos,
1401 1899 1605 1954 mutos,
1655 1898 1709 1945 et
1743 1891 1820 1944 le-

264 1996 465 2050 prosos,
497 1983 620 2036 sive
647 1983 853 2045 aridos,
884 1981 1229 2038 deducebant
1249 1998 1346 2038 eos
1384 1982 1451 2036 ad
1491 1994 1823 2052 synagogam

260 2070 587 2138 Judaaortttn,
644 2074 739 2127 ubi
788 2074 900 2128 haec
947 2074 1147 2128 fiebant
1196 2075 1351 2144 signa
1387 2073 1666 2129 divinitus.
1719 2070 1827 2127 Sed

263 2164 501 2232 quamvis
551 2162 799 2217 maxima
836 2173 979 2219 esset
1008 2166 1121 2219 haec
1154 2165 1340 2219 eadem
1390 2179 1684 2234 synogoga,
1727 2179 1825 2218 ne-

261 2270 522 2324 quaquam
570 2262 756 2309 tamen
800 2257 1041 2326 recipere
1072 2264 1287 2323 poterat
1330 2254 1825 2326 supervenientium

260 2346 688 2401 multitudinem.
728 2346 952 2401 Infinita:
987 2348 1131 2403 enim
1176 2358 1334 2403 erant
1364 2352 1686 2419 populorum
1732 2364 1827 2403 ca-

262 2443 436 2497 tervae,
465 2452 598 2504 qua:
623 2436 861 2505 undique
890 2438 1017 2491 illuc
1044 2437 1388 2493 conﬂuebant
1413 2448 1632 2508 propter
1667 2439 1829 2492 innu-

264 2526 541 2579 merabilia
584 2528 846 2580 miracula
885 2536 938 2583 et
971 2528 1235 2599 prodigia,
1262 2545 1383 2598 quae
1411 2544 1507 2597 pro
1530 2544 1627 2583 sua
1659 2529 1829 2582 nimia

261 2616 591 2684 prolixitate,
617 2623 685 2674 n’e
713 2619 990 2674 fastidium
1007 2621 1166 2691 297
1181 2629 1522 2691 generarent,
1548 2633 1827 2691 transgre-

260 2707 445 2761 diendo
475 2709 993 2778 praetermittuntur.
1028 2710 1228 2765 Omnes
1252 2717 1429 2762 autem
1453 2709 1726 2779 principes
1749 2724 1832 2763 sa-

259 2797 566 2860 cerdotum,
607 2805 662 2853 et
696 2800 963 2863 seniores,
1004 2805 1058 2853 et
1086 2799 1265 2854 omnis
1303 2798 1461 2851 turba
1493 2797 1829 2864 Judteorum,

258 2892 638 2957 parvulorum,
680 2906 746 2945 ac
795 2890 1086 2960 majorum,
1131 2900 1184 2945 et
1224 2891 1535 2955 mulierum,
1581 2890 1830 2944 videntes

258 2992 369 3046 quae
388 2977 528 3032 facta
560 2977 802 3044 fuerant,
823 2979 1172 3033 crediderunt
1187 2979 1242 3032 in
1271 2978 1559 3033 Dominum
1579 2986 1828 3032 nostrum

256 3064 429 3122 Iesum
451 3068 770 3133 Christum,
792 3081 844 3123 et
868 3068 1126 3123 dicebant
1152 3086 1166 3123 :
1192 3070 1374 3125 Gloria
1396 3069 1491 3123 tibi
1517 3069 1609 3131 sit,
1632 3077 1833 3123 aeterne

257 3156 413 3220 Deus,
466 3168 523 3215 et
582 3161 931 3228 omnipotens
981 3159 1164 3225 Pater,
1211 3160 1306 3230 qui
1358 3161 1514 3215 nobis
1570 3160 1828 3230 indignis,
1859 3201 1901 3259 ε

256 3249 498 3315 quamvis
542 3263 704 3312 sero,
742 3248 991 3303 revelasti
1024 3248 1244 3301 unicum
1278 3246 1474 3301 Filium
1519 3257 1693 3313 tuum,
1728 3246 1834 3302 Do—

256 3339 455 3394 tuinum
510 3350 773 3395 nostrum
806 3337 992 3395 Jesum
1025 3339 1341 3396 Christum:
1368 3355 1551 3410 quem,
1589 3347 1649 3394 ut
1683 3339 1835 3394 Isaiae

256 3429 583 3485 vaticinium
634 3428 857 3495 cecinit,
890 3427 1055 3499 Virgo
1095 3430 1367 3500 concepit,
1403 3441 1456 3485 et
1487 3428 1651 3499 Virgo
1680 3444 1836 3500 pepe-

260 3521 349 3583 rit,
401 3537 466 3577 ac
518 3529 654 3593 post
688 3531 904 3592 partum
953 3520 1121 3593 Virgo
1167 3523 1484 3592 permansit.
1534 3521 1717 3575 Gloria
1763 3523 1835 3577 sit

263 3613 375 3679 tibi,
405 3615 660 3680 Christe,
708 3631 871 3685 quem
900 3623 1082 3686 patres
1125 3617 1301 3671 nostri
1333 3631 1520 3672 verum
1568 3615 1736 3670 Deum
1781 3624 1835 3671 et

258 3718 441 3759 verunt
485 3707 799 3770 hominem,
844 3706 899 3760 in
941 3722 1104 3762 cruce
1132 3715 1306 3762 morte
1343 3708 1592 3762 horribili
1624 3707 1837 3763 afficere

257 3811 360 3851 non
384 3807 730 3854 metuerunt.
761 3799 866 3865 Qui
891 3815 1039 3854 nunc
1059 3800 1223 3854 etiam
1244 3814 1274 3853 a
1298 3799 1457 3855 nobis
1488 3800 1684 3855 iterum
1710 3815 1838 3869 pas-

262 3908 352 3949 sus
372 3910 432 3951 es
464 3905 517 3951 te
555 3896 799 3965 imagine
832 3903 924 3949 tua
958 3895 1107 3950 cruci
1142 3894 1376 3965 afﬁgere.
1408 3893 1591 3949 Gloria
1620 3895 1690 3950 sit
1713 3894 1833 3959 tibi,

255 3983 470 4041 Christe
494 3985 602 4041 Fili
636 3984 756 4047 Dei,
790 3986 885 4056 qui
917 3993 1065 4039 tanta
1116 3986 1386 4040 mirabilia
1420 3986 1577 4041 nobis
1623 3984 1838 4040 miseris

257 4072 678 4132 demonstrasti.
720 4072 842 4130 Tibi
873 4076 1170 4141 credimus,
1198 4084 1255 4131 tu
1287 4076 1447 4132 nobis
1489 4084 1609 4132 esto
1655 4076 1839 4147 propi-

257 4168 361 4223 tius
393 4177 447 4225 et
485 4185 597 4224 nos
660 4168 943 4238 suscipere
979 4168 1224 4238 dignare,
1249 4171 1377 4240 quia
1406 4184 1469 4224 ex
1511 4177 1625 4223 toto
1652 4169 1836 4232 corde,

256 4268 306 4313 et
338 4268 449 4313 tota
476 4260 673 4314 anima
698 4265 862 4327 atque
889 4257 1090 4312 virtute
1123 4258 1191 4311 ad
1221 4266 1274 4312 te
1305 4257 1670 4329 confugimus.
1717 4257 1842 4312 Han:

256 4359 307 4406 et
335 4351 418 4406 his
464 4352 683 4408 similia
717 4350 1017 4405 clamantes
1047 4349 1319 4419 dicebant,
1353 4352 1622 4408 lacrvmas
1660 4359 1840 4406 autem

259 4456 471 4499 amaras
505 4442 844 4499 emittebant
880 4451 932 4496 et
960 4441 1244 4512 singultus.

880 4600 1107 4657 CAPUT
1145 4601 1233 4659 IV.

319 4740 634 4814 Postquam
677 4745 859 4794 autem
893 4738 1065 4793 curati
1104 4748 1231 4795 sunt
1267 4747 1450 4797 cuncti
1481 4739 1573 4811 qui
1628 4740 1848 4808 aegritu-

256 4834 381 4891 dine
437 4834 867 4897 detinebantur,
917 4834 1157 4887 occurrit
1201 4833 1381 4888 omnis
1425 4832 1717 4888 multitudo
1751 4830 1848 4886 Ju-

255 4928 497 4984 dazorum
533 4926 607 4982 ad
646 4924 871 4980 domum
899 4931 1102 4980 sancta:
1127 4926 1391 4989 ecclesiae,
1420 4942 1541 4996 qua:
1571 4926 1625 4979 in
1657 4925 1846 4979 eadem

254 5023 389 5077 urbe
439 5028 605 5086 erat,
676 5018 769 5073 ubi
820 5018 1290 5088 metropolitanus.
1342 5018 1512 5087 Cujus
1576 5015 1847 5088 provoluti

254 5117 541 5186 vestigiis,
576 5128 643 5169 se
675 5125 967 5181 peccasse,
1004 5127 1063 5166 se
1096 5112 1332 5179 graviter
1359 5111 1674 5181 deliquisse,
1727 5126 1845 5163 ma-

254 5209 373 5277 gnis
401 5207 649 5261 vocibus
683 5203 1011 5258 fatebantur.
1030 5201 1132 5268 Qui
1166 5219 1288 5257 cum
1312 5203 1380 5256 ab
1409 5204 1487 5258 eis
1510 5203 1848 5272 perquireret

253 5314 470 5352 omnem
532 5297 620 5351 rei
668 5302 838 5365 gestae
880 5297 1179 5357 veritatem,
1209 5304 1455 5349 sanetam
1490 5294 1703 5349 ieonam
1739 5293 1848 5349 Do-

254 5390 386 5442 mini
434 5385 762 5442 Salvatoris
790 5384 963 5438 eidem
994 5384 1452 5447 demonstrantes,
1485 5386 1847 5440 annuntiave-

254 5490 384 5536 runt
414 5486 631 5534 cuncta
676 5490 798 5545 quze
823 5477 877 5528 in
910 5488 972 5529 ea
1000 5483 1374 5529 exercuerant.
1418 5473 1483 5528 Et
1510 5475 1741 5544 qualiter
1780 5475 1849 5529 ab

256 5570 366 5626 ictu
423 5574 650 5626 lancea:
690 5567 916 5637 sanguis
968 5576 1022 5620 et
1069 5582 1209 5636 aqua
1254 5566 1531 5620 emanavit
1567 5583 1632 5621 ex
1681 5566 1849 5621 latere

254 5662 451 5733 ipsius,
487 5674 721 5717 necnon
755 5666 810 5714 et
836 5657 903 5713 de
946 5657 1282 5713 mirabilibus
1307 5657 1375 5711 ab
1411 5670 1475 5711 ea
1506 5656 1742 5712 ostensis
1773 5657 1849 5709 illi

254 5756 571 5810 retulerunt
604 5768 708 5823 per
727 5750 990 5807 ordinem.
1026 5752 1117 5807 llle
1143 5766 1273 5805 vero
1297 5751 1683 5820 interrogabat,
1710 5766 1848 5819 qua-

256 5843 383 5905 liter
414 5849 585 5905 icona
616 5846 741 5915 ipsa
778 5845 845 5899 ab
871 5843 950 5899 eis
985 5842 1179 5899 fuisset
1220 5851 1452 5915 reperta,
1484 5852 1537 5900 et
1574 5843 1621 5901 si
1651 5841 1718 5898 ab
1746 5844 1847 5898 ali-

1916 589 2132 658 quidem
2170 587 2501 641 Christicola
2529 600 2625 655 per
2687 583 3014 639 oblivionem
3047 584 3100 638 in
3134 584 3326 638 cellula
3363 600 3488 654 syn-

1917 695 2101 752 agoga!
2129 680 2375 748 proxima
2396 677 2697 731 dimisisset
2723 675 2966 730 eamdem
3003 675 3235 736 iconam.
3266 675 3394 729 dum
3426 691 3486 729 se

1920 776 1987 829 ad
2020 775 2184 828 alium
2224 774 2404 826 locum
2447 770 2769 824 transferret
2799 769 3109 838 hospitandi
3141 769 3334 840 gratia.
3381 768 3486 834 Qtti

1921 866 2104 921 statim
2148 864 2372 934 iubetur
2410 861 2653 929 inquiri,
2703 867 2757 912 et
2812 867 3059 929 repertus
3111 859 3164 912 in
3200 859 3490 928 praesentia

1919 956 2130 1010 domini
2169 953 2569 1022 metropolitani
2599 950 2876 1005 statuitur.
2914 948 3157 1019 Cumque
3183 950 3252 1004 ab
3276 966 3342 1005 eo
3373 958 3490 1005 stu-

1920 1047 2233 1102 diosissime
2300 1045 2500 1097 fuisset
2551 1044 2935 1109 interrogatus,
3003 1042 3288 1110 quomodo.
3332 1044 3492 1098 icona

1922 1140 2062 1208 apud
2096 1152 2153 1192 se
2177 1136 2504 1195 devenisset,
2538 1135 2619 1188 vel
2644 1148 2674 1185 a
2703 1149 2809 1201 quo
2835 1141 2942 1185 tam
2973 1132 3292 1187 mirabiliter
3313 1137 3494 1203 posita

1922 1238 2089 1291 esset,
2121 1226 2405 1295 respondit
2439 1225 2626 1278 dicens
2663 1241 2677 1276 :
2712 1222 2864 1291 quod
2906 1221 3256 1287 Nicodemus,
3291 1226 3383 1295 qui
3423 1222 3494 1279 ad

1922 1320 2106 1375 Jesum
2153 1323 2311 1371 nocte
2341 1324 2596 1377 venerat,
2625 1314 2862 1382 propriis
2900 1313 3150 1368 manibus
3188 1328 3308 1367 eam
3342 1329 3494 1368 com-

1925 1410 2219 1480 posuisset,
2249 1412 2302 1458 et
2336 1404 2578 1457 moriens
2605 1401 2885 1455 Gamalieli
2930 1402 3263 1456 tradidisset.
3293 1402 3494 1457 Gama-

1924 1504 2013 1558 liel
2044 1509 2223 1555 autem
2266 1496 2509 1553 doctoris
2537 1496 2777 1565 gentium
2810 1493 2960 1547 Pauli
2993 1495 3330 1559 διδάσκαλος,
3366 1511 3492 1551 cum

1925 1593 2065 1647 diem
2109 1592 2211 1646 sibi
2245 1596 2492 1644 cerneret
2534 1589 2727 1642 adesse
2773 1594 3094 1649 extremum,
3128 1585 3333 1641 Jacobo
3373 1602 3493 1641 eam

1925 1683 2165 1753 reliquit,
2196 1689 2249 1736 et
2287 1680 2524 1735 Jacohus
2556 1678 2795 1733 Simeoni
2816 1717 2830 1741 ,
2860 1686 2916 1731 et
2948 1677 3167 1732 Simeon
3203 1676 3493 1746 Zaechteo;

1927 1782 1981 1829 et
2010 1776 2087 1827 sic
2113 1788 2207 1842 per
2227 1785 2574 1826 successores
2604 1778 2904 1838 temporum
2931 1768 2982 1821 in
3005 1766 3339 1838 Jerosnlyma
3368 1784 3497 1838 per-

1858 1864 1902 1919 D
1930 1865 2166 1925 duravit,
2217 1876 2505 1932 usquequo
2551 1860 2838 1915 subversio
2890 1860 3037 1914 illius
3085 1859 3238 1915 urbis
3285 1866 3497 1929 patrata

1925 1964 2009 2012 est
2037 1954 2455 2025 quadragesimo
2488 1958 2543 2006 et
2583 1951 2744 2005 tertio
2786 1965 2929 2004 anno
2960 1960 3081 2020 post
3120 1952 3496 2006 ascensionem

1926 2047 2139 2101 Domini
2183 2046 2481 2100 Salvatoris
2529 2042 2596 2096 ad
2640 2043 2829 2099 oculos.
2882 2042 2986 2096 Sed
3030 2044 3304 2098 biennium
3345 2052 3500 2099 ante-

1927 2156 2088 2211 quam
2124 2139 2282 2192 Titus
2324 2145 2377 2191 et
2411 2134 2779 2204 Vespasianus
2822 2133 3069 2188 eantdem
3118 2134 3499 2190 subverterent

1928 2234 2139 2295 urbem,
2169 2229 2432 2284 admoniti
2464 2234 2592 2281 sunt
2614 2241 2646 2279 a
2670 2225 2877 2294 Spiritu
2907 2234 3099 2280 sancto
3131 2225 3314 2283 fideles
3340 2238 3501 2299 atque

1928 2323 2183 2393 discipuli
2222 2321 2449 2383 Christi,
2503 2326 2562 2371 ut
2615 2320 2804 2372 relicta
2853 2318 3012 2379 urbe,
3050 2318 3116 2373 ad
3161 2335 3388 2389 regnum
3439 2337 3501 2378 se

1926 2415 2286 2469 transferrent
2319 2412 2565 2480 Agrippa:
2591 2410 2755 2479 regis,
2785 2410 2913 2478 quia
2946 2409 3063 2477 ipse
3099 2418 3231 2463 tunc
3262 2410 3502 2482 Agrippa

1930 2504 2193 2558 Romanis
2259 2501 2554 2555 fmderatus
2604 2507 2743 2554 erat.
2799 2500 2902 2564 Qui
2954 2501 3161 2571 egressi
3216 2501 3285 2556 ab
3342 2503 3497 2567 urbe,

1931 2595 2113 2650 omnia
2158 2609 2280 2663 qua:
2322 2593 2389 2646 ad
2437 2592 2643 2646 cultum
2683 2601 2886 2646 nostrae
2935 2592 3209 2662 religionis
3252 2593 3335 2647 vel
3374 2592 3501 2648 ﬁdei

1931 2688 2205 2758 pertinere
2242 2684 2569 2738 videbantur
2616 2698 2802 2737 secum
2839 2682 3168 2747 auferentes,
3200 2684 3253 2736 in
3285 2683 3386 2739 has
3414 2698 3499 2738 re-

1932 2781 2121 2849 giones
2157 2776 2555 2830 transtulerunt
2586 2791 2664 2831 se.
2696 2774 2816 2840 Quo
2848 2780 3094 2844 tempore
3126 2774 3287 2828 etiam
3318 2774 3498 2838 icona,

1933 2886 2055 2926 cum
2100 2869 2313 2924 caeteris
2351 2867 2513 2922 rebus
2556 2865 2945 2921 ecclesiasticis
2991 2864 3293 2934 deportata,
3331 2881 3501 2936 usque

1931 2962 2096 3018 hodie
2132 2964 2188 3017 in
2218 2960 2376 3033 Syria
2415 2958 2735 3029 permansit,
2764 2973 2928 3028 quam
2964 2973 3065 3026 ego
3097 2959 3212 3028 ipse
3244 2973 3272 3011 a
3304 2973 3501 3029 paren-

1935 3055 2081 3109 tibus
2123 3070 2191 3108 ex
2220 3054 2325 3108 hac
2352 3052 2473 3107 luce
2506 3050 2866 3120 migrantibus
2901 3048 3031 3103 mihi
3066 3048 3341 3113 traditam,
3375 3050 3502 3120 jure

1936 3148 2280 3202 baereditario
2316 3160 2489 3215 usque
2521 3158 2667 3198 nunc
2695 3143 2929 3214 possedi.
2965 3141 3090 3197 Haec
3119 3150 3269 3197 certa
3298 3147 3352 3196 et
3380 3156 3501 3195 ma-

1936 3240 2131 3295 nifesta
2153 3239 2294 3291 ratio
2318 3246 2401 3291 est
2429 3234 2496 3290 de
2519 3235 2675 3289 icoua
2709 3241 2899 3290 sancta
2926 3233 3142 3290 Domini
3175 3231 3498 3300 Salvatoris,

1937 3332 2168 3403 qualiter
2203 3330 2269 3384 de
2313 3328 2468 3399 Syria
2501 3328 2554 3382 in
2580 3325 2778 3381 Judaate
2806 3332 2988 3397 partes
3016 3326 3249 3381 devenit.
3280 3325 3498 3382 Auditis

1939 3425 2024 3479 his
2084 3421 2433 3479 sermonibus
2486 3418 2973 3474 reverendissimus
3027 3417 3498 3487 metropolitanus,

1935 3514 2092 3568 valde
2117 3510 2307 3566 hilaris
2339 3508 2602 3569 redditus,
2627 3522 2923 3561 conversus
2949 3507 3014 3558 ad
3046 3506 3300 3575 populum
3333 3504 3504 3559 Israe-

1937 3605 2147 3660 liticum
2203 3601 2418 3656 dicebat
2471 3618 2484 3654 :
2541 3598 2892 3660 Convertere,
2946 3594 3135 3656 lsrael,
3196 3595 3264 3648 ad
3315 3593 3502 3649 Domi-

1937 3711 2091 3759 num,
2153 3692 2369 3748 Patrem
2435 3691 2812 3744 universorum
2859 3686 3178 3749 viventium,
3230 3692 3284 3740 et
3334 3683 3503 3740 adora

1938 3779 2223 3846 nobiscum
2244 3785 2363 3855 ejus
2388 3782 2603 3845 Filium,
2630 3795 2726 3851 per
2748 3794 2905 3849 quem
2938 3786 3065 3832 sunt
3093 3775 3275 3829 omnia
3298 3783 3500 3839 creata,

1938 3886 1992 3934 et
2050 3875 2314 3946 Spiritum
2371 3881 2641 3933 sanctum,
2695 3869 2787 3939 qui
2847 3876 2933 3922 est
3023 3865 3323 3921 vivificator
3371 3880 3507 3921 cun—

1939 3977 2151 4025 ctorum
2191 3965 2506 4027 viventium,
2555 3969 2610 4017 et
2663 3961 2997 4014 illuminator
3036 3964 3348 4017 nostrarum
3383 3956 3507 4011 ani-

1942 4076 2175 4116 marum.
2224 4055 2439 4111 Festina
2483 4053 2724 4107 debitum
2761 4050 3043 4106 absolvere
3074 4057 3283 4104 votum.
3314 4045 3506 4100 Omnis

1942 4162 2126 4208 autem
2189 4148 2350 4203 turba
2408 4144 2599 4214 stirpis
2653 4140 2894 4195 iudaice:
2938 4140 3085 4194 clara
3143 4153 3277 4194 voce
3341 4138 3507 4207 coepit

1943 4251 2167 4299 cantare
2242 4246 2297 4293 et
2375 4237 2556 4292 dicere
2595 4232 2794 4288 :Unus
2856 4230 2997 4301 Deus
3056 4230 3239 4295 Pater,
3291 4238 3346 4284 et
3395 4229 3512 4298 ipse

1944 4334 2237 4405 ingenitus.
2272 4327 2423 4383 Unus
2455 4325 2646 4389 Filius,
2667 4332 2720 4381 et
2753 4325 2869 4394 ipse
2891 4322 3199 4394 unigenitus
3234 4320 3511 4385 Christus,

1943 4441 2104 4500 quem
2159 4432 2341 4494 patres
2396 4421 2568 4475 nostri
2619 4418 3045 4480 crucifixerunt,
3078 4423 3132 4471 et
3180 4431 3282 4471 nos
3335 4415 3513 4485 ipsum

1871 4550 1920 4610 Β
1948 4517 2265 4588 agnovimus
2308 4527 2496 4568 verum
2545 4509 2852 4563 Dominum.
2900 4505 3054 4561 Unus
3103 4504 3338 4575 Spiritus
3387 4519 3515 4559 san.

1952 4617 2076 4663 ctus
2110 4614 2165 4662 et
2211 4606 2278 4659 ab
2316 4614 2547 4672 utroque
2574 4598 2895 4671 procedens,
2936 4610 3031 4666 per
3059 4609 3219 4664 quem
3247 4592 3514 4648 veraciter

1946 4716 2048 4755 nos
2093 4697 2367 4754 credimus
2399 4709 2522 4750 esse
2563 4689 2871 4747 salvandos.
2915 4686 3039 4741 Haec
3077 4687 3338 4747 dicentes,
3386 4698 3514 4753 pro-

1949 4788 2109 4845 strati
2151 4786 2381 4858 genibus
2418 4781 2610 4853 ipsius,
2645 4779 2857 4833 veniam
2899 4773 3247 4846 postulabant
3289 4772 3356 4825 de
3399 4769 3514 4825 suis

1952 4881 2217 4951 consequi
2251 4879 2549 4934 sceleribus
2591 4890 2687 4945 per
2732 4871 2985 4943 baptismi
3016 4867 3338 4923 remedium.
3366 4864 3515 4931 Quos

1955 4975 2263 5045 suscipiens
2304 4972 2496 5025 beatus
2542 4968 2769 5021 antistes
2815 4978 2939 5019 cum
2991 4962 3109 5017 suis
3153 4958 3387 5020 clericis,
3420 4971 3516 5026 per

1955 5066 2072 5121 dies
2124 5061 2389 5133 plurimos
2445 5059 2512 5113 de
2562 5056 2851 5126 disciplina
2892 5050 3127 5107 erudivit
3180 5047 3511 5102 Christiana.

1956 5157 2039 5213 Ad
2096 5156 2345 5210 ultimum
2404 5165 2536 5206 vero
2596 5149 3013 5204 catechumenos
3069 5141 3264 5204 factos,
3318 5145 3372 5194 et
3419 5140 3516 5191 tri-

1949 5251 2132 5305 duano
2174 5252 2393 5317 peracto
2442 5242 2652 5313 jejunio
2674 5282 2691 5306 ,
2725 5255 2791 5295 ex
2833 5251 2973 5308 aqua
3005 5243 3059 5291 et
3088 5232 3293 5304 Spiritu
3324 5240 3515 5287 sancto

1950 5338 2287 5414 regeneravit
2311 5350 2426 5392 eos.

2577 5484 2802 5543 CAPUT
2842 5483 2906 5541 Υ.

2025 5653 2322 5722 Postquam
2368 5659 2495 5701 vero
2547 5643 2875 5712 baptismum
2920 5634 3198 5692 consecuti
3247 5639 3395 5695 sunt,
3433 5647 3524 5685 ro-

1958 5750 2157 5819 gabant
2218 5742 2432 5800 enixius
2494 5744 2742 5794 sanctqu
2788 5732 3007 5796 virum,
3071 5736 3129 5783 ut
3191 5723 3515 5797 synagogam

1955 5815 2109 5900 suam
2167 5835 2455 5894 ecclesiam
2513 5835 2857 5887 consecraret
2936 5839 2991 5878 in
3047 5822 3306 5877 honorem
3358 5815 3533 5874 sancti
