4050 6396
313 310 435 372 8-2Γ

1235 316 1324 374 DE
1362 317 1559 374 PASS.
1599 314 1904 374 IMAGlNlS
1943 313 2004 369 D.
2045 315 2110 371 N.
2149 313 2311 373 JESU
2351 313 2638 373 CHRISTI.

3451 296 3555 371 θεὰ

314 448 499 506 agogae
514 430 855 499 Iudaeorum,
891 434 957 490 ad
985 435 1147 490 alium
1171 452 1328 507 quem
1353 437 1455 492 sibi
1484 433 1892 492 inhabitandum
1922 436 1965 490 Α
1994 433 2166 488 nostri
2195 432 2306 500 Dei,
2344 441 2404 488 ut
2446 432 2690 489 ﬁdelibus
2725 431 2834 488 tuis
2863 427 3305 488 rememorareris
3334 429 3555 501 antiqua

313 528 551 596 elegerat
596 527 799 589 locum,
839 526 1016 581 solius
1055 528 1308 598 imaginis
1347 527 1561 581 Domini
1604 527 1891 580 immemor

315 615 515 678 factus,
571 618 718 686 quod
752 624 804 670 et
839 631 934 685 per
983 616 1374 685 providentiam
1411 616 1503 670 Dei
1545 617 1620 669 ita
1666 612 1892 682 contigit

313 710 606 764 accidisse.
641 708 854 763 Rursus
907 724 1036 763 vero
1075 708 1295 764 Iudaeus
1335 710 1553 779 quidam
1599 706 1806 775 accepit
1835 704 1890 758 in

312 803 635 871 pensionem
668 801 912 856 eamdem
938 802 1152 864 cellam,
1188 802 1281 856 ubi
1311 803 1490 871 imago
1518 798 1729 854 Domini
1760 796 1890 851 reli-

314 902 398 946 cta
440 895 668 954 mansit,
711 902 762 949 et
789 895 1145 949 iutroducens
1173 894 1357 948 omnia
1390 908 1511 954 sua,
1540 891 1736 946 ibidem
1757 903 1893 942 con-

313 987 517 1041 versari
544 989 711 1055 ('(Bpil.
737 1003 841 1041 non
872 1001 1210 1058 cognoscens
1236 994 1330 1039 aut
1361 983 1653 1054 aliquando
1681 983 1888 1050 perspi-

316 1078 465 1133 ciens
512 1078 805 1148 imaginem
837 1078 1087 1141 Domini,
1119 1093 1185 1132 eo
1215 1076 1360 1146 quod
1392 1092 1457 1130 ex
1488 1074 1715 1128 adverso
1741 1072 1885 1127 velut

317 1171 368 1225 in
396 1172 613 1225 occulto
642 1172 875 1240 reposita
906 1179 1091 1225 staret.
1122 1169 1179 1223 ln
1210 1185 1317 1223 una
1346 1178 1524 1223 autem
1557 1167 1764 1220 dierum
1790 1165 1888 1217 iu—

315 1266 503 1319 vitavit
549 1266 667 1334 ipse
700 1266 989 1334 quemdam
1016 1264 1182 1317 alium
1224 1261 1467 1316 Judaeum
1502 1259 1568 1313 ad
1603 1257 1889 1328 prandium

316 1371 497 1411 secum
533 1374 548 1410 :
584 1364 639 1410 et
671 1356 815 1410 inter
855 1354 1233 1425 prandendum
1282 1352 1503 1406 elevans
1533 1349 1723 1403 oculos
1760 1361 1890 1402 suos

316 1446 408 1499 ille
433 1449 526 1515 qui
558 1455 791 1500 vocatus
823 1446 967 1499 venit
989 1443 1211 1499 Judaaus
1234 1483 1249 1507 ,
1281 1443 1417 1496 vidit
1465 1440 1752 1510 imaginem
1782 1437 1890 1491 Do~

315 1538 443 1592 mini
480 1538 656 1593 nostri
687 1536 818 1594 Jesu
846 1537 1071 1592 Christi.
1104 1536 1167 1589 Et
1192 1536 1303 1590 ait:
1338 1534 1472 1587 Dum
1494 1542 1624 1586 tucs
1646 1528 1888 1592 Judzeus,

315 1630 589 1699 quomodo
644 1631 788 1684 hanc
832 1630 1121 1699 imaginem
1176 1627 1382 1682 habes?
1412 1625 1475 1678 Et
1518 1624 1746 1693 injurias
1774 1621 1891 1692 qui-

316 1721 434 1774 dem
465 1721 670 1774 multas
702 1730 755 1773 et
784 1720 1043 1774 nefandas
1067 1720 1204 1773 dixit
1234 1727 1426 1772 contra
1459 1715 1790 1770 Salvatorem
1822 1712 1890 1767 ab

1995 533 2102 579 tuae
2132 525 2347 595 pietatis
2379 527 2578 597 Opera!
2616 523 2740 580 llaec
2770 524 3037 578 mirabilia
3071 530 3161 577 tua
3188 523 3328 577 coelo
3355 530 3410 578 et
3443 531 3556 579 ter-

1997 618 2075 672 ris
2121 619 2405 688 stupenda.
2444 618 2644 675 Oculos
2683 620 2880 674 mentis
2929 624 3146 680 vestrae,
3181 624 3234 672 et
3257 615 3556 671 exhilarate

1992 711 2179 774 corda,
2233 712 2361 781 quia
2402 711 2564 765 hodie
2611 710 2752 763 facta
2794 719 2876 765 est
2922 709 3081 763 nobis
3134 707 3454 778 redemptio,
3502 717 3558 762 et

1989 802 2177 872 jugum
2222 803 2551 872 captivitatis
2598 810 2792 857 vestra:
2831 803 3143 856 contritum.
3175 800 3374 856 Audite
3402 815 3556 870 ergo,

1992 903 2047 950 et
2073 895 2372 964 gloriﬁrate
2414 894 2578 949 Deum
2607 910 2706 964 pro
2739 894 3018 949 beneﬁciis
3049 908 3168 963 qua:
3194 893 3369 946 adhuc
3402 892 3557 946 vobis

1993 984 2347 1039 ministravit.
2378 983 2663 1054 Principes
2688 985 3029 1039 sacerdotum
3056 990 3340 1053 postquam
3367 982 3558 1035 lancea

1993 1074 2138 1129 latus
2161 1074 2375 1130 Domini
2409 1077 2793 1140 confoderunt,
2823 1076 3078 1130 dixerunt
3105 1096 3117 1130 :
3153 1074 3290 1141 Quia
3315 1089 3411 1145 per
3434 1072 3558 1127 uni-

1990 1180 2203 1220 versam
2233 1174 2432 1220 terram
2465 1167 2734 1236 divulgata
2761 1176 2889 1223 sunt
2917 1168 3069 1237 signa
3090 1175 3142 1221 et
3171 1167 3398 1221 virtutes
3437 1166 3558 1235 plu-

1991 1256 2162 1319 rima),
2193 1272 2312 1326 quae
2348 1256 2475 1312 fecit
2509 1256 2671 1313 Jesus
2711 1256 3042 1323 Nazarenus,
3075 1256 3403 1327 recipiamus
3430 1271 3563 1312 san-

1992 1348 2210 1416 guinem
2252 1350 2320 1403 de
2354 1350 2535 1413 latere,
2557 1351 2676 1420 ejus
2697 1389 2711 1412 .
2749 1357 2802 1404 et
2835 1364 3024 1404 omnes
3055 1349 3298 1404 inﬁrmos
3330 1357 3383 1403 et
3416 1349 3559 1403 male

1991 1439 2255 1496 habentes
2300 1458 2396 1512 per
2445 1443 2752 1498 universam
2801 1456 3125 1512 synagogam
3164 1442 3287 1496 inde
3334 1457 3559 1512 sparga-

1991 1546 2135 1594 mus,
2174 1540 2234 1586 ut
2281 1535 2626 1601 experiamur
2660 1534 2916 1589 virtutem
2956 1532 3184 1597 Christi,
3232 1540 3285 1586 et
3332 1533 3380 1587 si
3433 1547 3558 1586 vera

1993 1630 2120 1677 sunt
2157 1639 2277 1693 quae
2317 1624 2382 1679 dc
2413 1627 2505 1679 illo
2544 1625 2690 1680 dicta
2728 1634 2875 1681 sunt.
2916 1624 2983 1679 Et
3028 1633 3396 1695 supponentes
3443 1638 3561 1677 am-

1993 1714 2195 1782 pullam
2224 1716 2450 1771 vitream
2501 1717 2569 1772 ad
2605 1720 2781 1773 locum
2822 1718 3086 1781 vulneris,
3135 1723 3459 1786 receperunt
3503 1715 3558 1769 in

315 1811 445 1865 hora
496 1827 604 1880 qua
640 1822 884 1866 sanctam
924 1811 1211 1881 imaginem
1250 1810 1484 1879 aspexit,
1519 1806 1665 1877 quod
1694 1814 1747 1860 et
1777 1805 1886 1873 jam
1922 1788 1963 1841 Β
1993 1821 2110 1858 eam
2142 1820 2338 1876 aquam
2371 1818 2426 1863 et
2468 1811 2791 1881 sanguinem
2829 1810 2896 1866 de
2924 1810 3093 1865 latere
3128 1808 3342 1866 Domini
3373 1808 3561 1864 decur-

316 1901 467 1955 nefas
512 1900 643 1955 duxi
693 1902 968 1964 scribere,
1016 1908 1071 1955 et
1114 1900 1250 1953 satis
1283 1900 1332 1952 ei
1370 1898 1494 1950 fecit
1529 1898 1617 1950 ille
1644 1896 1734 1964 qui
1766 1908 1888 1946 eum

316 1993 601 2055 invitavit,
647 1994 794 2062 quod
826 2009 890 2047 ex
920 2008 987 2047 co
1019 2000 1262 2060 tempore
1288 2007 1395 2060 quo
1422 1990 1475 2043 in
1505 1989 1692 2044 eadem
1728 1985 1890 2040 domo

314 2087 627 2142 conversari
682 2086 868 2154 coepit,
920 2085 1206 2154 imaginem
1265 2082 1475 2135 Domini
1526 2081 1726 2134 ibidem
1780 2094 1890 2132 non

318 2180 661 2247 cognoverit.
735 2177 978 2247 Surgens
1050 2186 1234 2232 autem
1302 2189 1427 2229 cum
1494 2172 1886 2242 indignatione,

313 2270 447 2325 abiit
470 2271 539 2323 ad
568 2271 849 2340 principes
872 2268 1245 2324 sacerdotum.
1275 2267 1683 2337 Comperientes
1708 2272 1887 2319 autem

312 2375 432 2429 quae
474 2359 615 2413 facta
657 2368 806 2423 sunt,
841 2359 1099 2413 dixerunt
1135 2359 1183 2414 ei
1219 2357 1425 2414 :Potes
1464 2358 1567 2411 hoc
1604 2357 1762 2411 nobis
1794 2355 1890 2409 de-

312 2449 657 2503 monstrare?
690 2448 761 2502 At
793 2449 883 2503 ille
908 2450 1235 2503 certioratus
1268 2456 1353 2503 est
1391 2448 1599 2513 dicens,
1631 2447 1887 2517 quoniam

310 2558 410 2614 ego
434 2543 594 2598 vobis
625 2543 731 2596 hoc
760 2542 1024 2597 exhibebo
1043 2545 1097 2595 in
1127 2540 1288 2595 domo
1317 2541 1455 2610 eius.
1492 2539 1672 2609 Itaque
1702 2548 1884 2594 trans-

313 2640 432 2686 acta
480 2634 614 2686 hora
658 2632 968 2701 vespertina
993 2670 1008 2692 ,
1038 2631 1131 2683 illo
1158 2632 1244 2684 die
1287 2630 1573 2685 siluerunt.
1608 2628 1761 2683 Mane
1791 2644 1889 2683 au-

208 2710 215 2717 ’
309 2730 418 2779 tem
459 2723 608 2779 faeto
637 2723 837 2778 summi
874 2722 1149 2791 principes
1184 2720 1529 2775 sacerdotum
1559 2728 1612 2773 et
1644 2718 1889 2774 seniores

310 2817 519 2888 populi,
550 2815 710 2869 turba
739 2829 957 2883 quoque
981 2815 1153 2866 multa
1187 2813 1364 2882 gentis
1403 2826 1591 2866 eorum
1631 2810 1889 2864 abierunt

311 2907 367 2963 in
406 2908 633 2962 domum
685 2907 779 2960 ubi
823 2905 1002 2960 stabat
1050 2905 1229 2975 imago
1264 2902 1477 2956 Domini
1527 2902 1702 2956 nostri
1755 2900 1887 2955 Jcsu

308 2998 541 3053 Christi.
573 2998 637 3052 Et
665 2996 1045 3068 pervenientes
1074 2995 1293 3049 domum
1322 2994 1524 3063 impetu
1554 2992 1701 3046 facto
1724 2993 1890 3046 irrue-

310 3098 439 3143 runt
470 3089 752 3159 principes
781 3096 835 3141 et
865 3088 1110 3143 seniores
1145 3085 1348 3155 populi,
1390 3083 1589 3153 praevio
1620 3081 1757 3136 duce
1786 3079 1885 3134 Ju-

310 3182 427 3237 ἀίω
462 3183 554 3236 illo
581 3182 676 3250 qui
704 3180 812 3234 illis
841 3179 1278 3241 annuntiaverat,
1310 3184 1365 3230 et
1394 3177 1719 3229 invenerunt
1751 3176 1887 3229 ima-

308 3273 488 3343 ginem
531 3270 751 3324 Domini
799 3269 969 3323 nostri
1015 3275 1245 3323 stantem
1286 3267 1428 3320 sicut
1470 3263 1672 3317 dictum
1705 3271 1787 3318 est
1819 3262 1887 3317 ad

310 3366 455 3419 illos.
493 3362 626 3416 lrati
661 3361 819 3415 valde
848 3361 995 3413 circa
1038 3357 1322 3412 Hebraeum
1357 3357 1506 3409 illum
1547 3355 1637 3424 qui
1688 3354 1887 3409 ibide'n

309 3456 782 3526 inhospitabatur,
824 3462 978 3507 cxtra
1010 3465 1338 3523 synagogam
1373 3464 1496 3504 eum
1538 3447 1885 3515 expulerunt.

311 3550 661 3620 Deponentes
710 3563 841 3601 vero
892 3558 1135 3602 sanctam
1196 3545 1505 3614 imaginem,
1558 3541 1809 3596 dixerunt
1869 3559 1883 3596 :

309 3642 581 3710 Quoniam
618 3642 766 3696 sicut
802 3639 1107 3693 audivimus
1138 3637 1283 3707 quod
1323 3646 1507 3707 patres
1541 3637 1715 3691 nostri
1761 3636 1887 3690 huic

305 3736 436 3789 olim
480 3735 795 3795 illuserunt,
841 3740 894 3785 et
935 3746 1035 3786 nos
1079 3729 1385 3783 illudamus.
1418 3727 1571 3782 Tunc
1607 3734 1887 3798 cmperunt

307 3841 578 3895 exspuere
602 3826 658 3879 in
682 3823 872 3877 faciem
900 3823 1040 3891 ejus,
1072 3832 1125 3876 et
1161 3820 1531 3890 percutiebant
1558 3836 1699 3875 eam.
1726 3820 1887 3876 Dixe-

306 3927 546 3985 runtque
594 3904 627 3969 :‘
656 3914 875 3981 Quanta
908 3914 1152 3968 fecerunt
1185 3914 1232 3967 ei
1262 3920 1444 3982 patres
1467 3913 1663 3977 nostri,
1703 3921 1756 3967 et
1785 3928 1886 3969 nos

303 4007 491 4062 omnia
541 4006 814 4058 faciamus
847 4024 858 4058 :
899 4012 952 4058 et
982 4005 1429 4059 conviciabantur
1469 4004 1518 4058 ei
1561 4004 1746 4059 multis
1778 4004 1884 4058 cri-

304 4099 540 4152 minosis
601 4097 974 4162 sermonibus,
1027 4113 1147 4166 quae
1201 4097 1363 4152 etiam
1414 4111 1513 4166 pro
1560 4098 1886 4151 enormitate

304 4188 535 4247 Sceleris
574 4189 821 4241 scribere
867 4185 1021 4241 nefas
1069 4186 1185 4240 fuit.
1242 4186 1367 4241 Item
1421 4187 1695 4251 dixerunt,
1757 4187 1883 4257 quia

301 4280 652 4335 conﬁxerunt
682 4295 880 4334 manus
910 4279 1028 4348 ejus
1061 4289 1113 4333 et
1147 4280 1330 4350 pedes,
1368 4279 1471 4333 hoc
1501 4287 1553 4334 et
1583 4295 1685 4334 nos
1715 4278 1883 4334 facias

302 4393 450 4432 ltttls.
503 4375 856 4444 Conﬁgentes
886 4383 1067 4426 autem
1119 4386 1314 4426 manus
1343 4378 1397 4426 et
1434 4372 1620 4441 pedes,
1667 4372 1883 4441 adjece-

302 4479 436 4524 runt
496 4469 749 4523 dicentes
810 4484 823 4520 :

298 4562 576 4616 dederunt
606 4558 654 4613 ei
685 4565 933 4626 porrecta
970 4554 1235 4625 spongia;
1269 4554 1371 4609 hoc
1408 4554 1549 4608 idem
1577 4562 1630 4608 et
1651 4570 1753 4610 nos
1787 4554 1886 4609 im-

298 4654 573 4723 pleamus.
610 4649 677 4702 Et
717 4648 934 4701 admota
984 4647 1250 4701 arundine
1286 4661 1409 4700 cum
1456 4647 1680 4725 spongia
1723 4648 1881 4717 plena

298 4753 461 4799 aceto
490 4760 615 4797 cum
658 4742 804 4804 felle,
838 4746 1205 4809 apposuerunt
1228 4738 1308 4791 ori
1342 4738 1485 4809 ejus,
1526 4738 1881 4794 addiderunt-

295 4852 405 4907 qae
436 4834 779 4903 iniquitatem
803 4846 964 4900 super
996 4830 1329 4899 iniquitatem
1361 4829 1602 4883 dicentes
1634 4848 1647 4884 :
1678 4829 1883 4885 Didici-

293 4943 425 4981 mus
452 4921 900 4995 quotLarundine
929 4931 1319 4992 percusserunt
1345 4928 1505 4991 caput
1534 4922 1655 4991 ejus
1699 4933 1881 4991 patres

294 5022 501 5084 nostri,
547 5019 806 5076 similiter
833 5024 887 5071 et
916 5030 1020 5070 nos
1051 5013 1312 5069 faciamus
1346 5034 1358 5069 :
1393 5024 1447 5067 et
1489 5023 1882 5084 percusserunt

294 5114 571 5169 arundine
596 5118 765 5180 caput
786 5108 923 5177 ejus.
948 5105 1144 5162 Finitis
1166 5121 1292 5161 vero
1315 5106 1570 5162 omnibus
1591 5107 1698 5173 his,
1728 5108 1882 5162 dixe-

292 5214 425 5261 runt
473 5226 488 5261 :
530 5203 691 5258 Sicut
735 5202 920 5254 lancea
969 5201 1109 5270 latus
1159 5206 1510 5271 aperuerunt,
1557 5200 1629 5253 ita
1678 5207 1734 5254 et
1780 5213 1880 5253 nos

290 5297 708 5355 confodiamus.
748 5291 816 5361 Et
852 5290 1127 5361 perforato
1159 5291 1344 5366 lancea
1392 5291 1557 5344 latere
1596 5291 1737 5359 ejus,
1765 5290 1880 5345 exi-

291 5393 373 5443 vit
403 5388 637 5460 sanguis
662 5392 717 5441 et
738 5399 898 5455 aqua.
928 5382 1111 5437 Gloria
1136 5382 1255 5446 tibi,
1282 5382 1519 5447 Christe,
1550 5383 1721 5453 gloria
1757 5384 1878 5449 tibi,

292 5481 398 5538 Fili
441 5481 538 5536 Dei
572 5477 708 5543 vivi,
759 5475 850 5544 qui
894 5474 961 5530 de
1000 5473 1254 5544 supernis
1285 5474 1508 5528 sedibus
1548 5474 1879 5530 descendisti

291 5587 392 5641 pro
424 5570 605 5623 salute
628 5572 822 5620 nostra
851 5570 996 5616 tuam
1023 5562 1280 5619 exhibere
1310 5564 1677 5631 praesentiam,
1705 5572 1758 5617 et
1782 5578 1881 5633 pro

290 5664 628 5718 liberatione
672 5668 860 5712 nostra
892 5672 1013 5711 cum
1053 5657 1380 5713 immortalis
1413 5670 1588 5717 esses,
1632 5656 1796 5709 morti
1827 5663 1880 5710 te

294 5752 598 5815 tradidisti.
654 5748 699 5815 ί)
760 5746 1154 5807 ἱιιωειίιιιιώἱιίε
1210 5746 1520 5820 benignitas
1570 5744 1874 5813 Salvatoris

1989 1904 2222 1951 rentem.
2263 1898 2454 1953 Adhuc
2490 1901 2624 1970 ipsis
2656 1917 2762 1955 non
2797 1901 3168 1967 credentibus,
3203 1901 3297 1957 sed
3328 1900 3559 1971 injurias

1987 1998 2042 2043 et
2088 1989 2455 2059 blasphemias
2506 1991 2888 2059 inferentibus,
2936 1994 3225 2065 portabant
3268 1992 3559 2062 ampullam

1988 2079 2202 2147 plenam
2247 2081 2422 2136 salute
2465 2091 2520 2138 et
2561 2084 2762 2138 virtute
2801 2084 2870 2138 ad
2904 2085 3079 2139 locum
3124 2084 3180 2138 in
3224 2097 3332 2152 quo
3372 2082 3558 2136 multi-

1987 2170 2118 2225 tudo
2158 2171 2530 2242 languentium
2565 2174 2870 2231 coadunata
2902 2176 3023 2231 fuit.
3065 2174 3310 2229 Primum
3338 2174 3558 2245 quidem

1987 2262 2229 2316 omnium
2254 2266 2614 2336 paralyticum
2640 2269 2927 2337 quemdam
2960 2283 2991 2322 a
3024 2267 3305 2323 nativitate
3333 2265 3556 2330 adeunt,

1987 2352 2198 2421 liquore
2241 2363 2435 2409 sancto
2468 2366 2776 2429 perungunt
2807 2368 2860 2414 et
2896 2358 3259 2415 incolumitati
3288 2358 3558 2424 reddunt;

1987 2443 2117 2499 czeci
2142 2448 2533 2516 quamplurimi
2550 2464 2588 2503 ‘a
2623 2458 2773 2506 tactu
2797 2459 3000 2507 sanctae
3026 2451 3402 2521 perunctionis
3427 2465 3560 2522 gau-

1987 2534 2135 2590 dium
2176 2547 2503 2608 receperunt
2555 2540 2796 2597 huuinis.
2836 2541 3159 2596 Daemoniaci
3214 2540 3283 2595 ad
3334 2542 3559 2596 odorem

1987 2628 2184 2684 divina:
2237 2630 2459 2688 virtutis
2518 2640 2785 2703 quotquot
2840 2631 3230 2698 offerebantur,
3290 2632 3562 2687 curaban-

1987 2727 2095 2774 tur.

2060 2812 2159 2869 Ubi
2207 2825 2385 2870 autem
2420 2816 2631 2873 celebre
2673 2817 2775 2873 hoc
2816 2816 3015 2872 factum
3046 2825 3131 2873 est
3181 2815 3405 2873 verbum
3467 2830 3562 2885 per

1987 2907 2297 2963 universam
2376 2910 2691 2974 civitatem,
2757 2911 2848 2967 alii
2913 2918 3078 2981 atque
3130 2910 3222 2964 alii
3277 2923 3336 2965 se
3396 2905 3564 2978 299

1988 3011 2112 3052 cum
2191 2999 2409 3069 aegrotis
2467 3001 2583 3055 suis
2647 2998 2982 3065 inferentes,
3036 2999 3105 3055 de
3184 2998 3368 3069 agris,
3420 2997 3561 3053 vicis

1989 3097 2043 3144 et
2066 3090 2317 3147 domibus
2344 3108 2467 3147 cum
2503 3092 2850 3147 multitudine
2894 3091 3108 3147 inﬁnita
3141 3088 3481 3162 proﬁuebant
3505 3096 3562 3143 et

1990 3185 2122 3239 salvi
2170 3183 2388 3239 ﬁebant.
2438 3184 2663 3255 Repleta
2694 3192 2778 3239 est
2828 3195 3010 3239 autem
3068 3195 3341 3255 synagoga
3370 3194 3562 3235 eorum

1988 3274 2323 3345 paralyticis,
2359 3273 2589 3338 claudis,
2638 3273 3013 3338 daemoniacis,
3059 3273 3315 3344 leprosis,
3369 3270 3559 3335 aridis,

1988 3368 2183 3430 caecis,
2232 3368 2432 3432 mutis,
2487 3361 2670 3424 surdis
2712 3377 2766 3424 et
2801 3368 2948 3422 onmi
2995 3380 3201 3437 genere
3246 3364 3559 3423 morborum

1985 3459 2394 3529 aegrotantibus,
2418 3467 2471 3513 et
2513 3475 2542 3512 a
2574 3474 2901 3529 quocunque
2930 3473 3126 3528 genere
3155 3455 3557 3518 detinebantur,

1988 3552 2346 3609 sanabantur.
2382 3552 2641 3608 Videntes
2670 3560 2849 3607 autem
2892 3551 3168 3622 principes
3210 3549 3557 3606 sacerdotum

1986 3655 2040 3701 et
2073 3647 2252 3701 omnis
2283 3647 2630 3716 congregatio
2658 3661 2871 3709 eorum,
2901 3644 3055 3716 signa
3085 3651 3137 3699 et
3165 3643 3411 3714 prodigia
3441 3658 3560 3697 ma-

1987 3751 2090 3806 gna
2121 3752 2240 3807 quae
2267 3736 2485 3800 flebant,
2516 3751 2638 3790 cum
2665 3736 2986 3791 mulieribus
3015 3742 3069 3789 et
3101 3732 3405 3791 infantibus
3437 3750 3558 3790 cre-

1986 3827 2197 3890 dentes,
2233 3820 2540 3882 clamabant
2572 3826 2682 3883 Deo
2714 3826 2863 3881 Patri
2898 3835 2952 3881 et
2984 3824 3114 3880 Iesu
3162 3825 3382 3882 Christo
3420 3825 3558 3880 Filio

1987 3935 2106 3985 suo,
2141 3928 2302 3990 atque
2334 3919 2561 3997 Spiritui
2594 3929 2785 3976 sancto
2810 3940 2823 3974 :
2852 3918 3002 3974 Unus
3029 3918 3172 3974 Deus
3204 3918 3382 3983 Pater,
3413 3934 3558 3975 unus

1984 4009 2238 4068 Christus
2272 4010 2367 4065 Dei
2418 4000 2611 4077 Filius,
2664 4026 2809 4066 unus
2858 4025 2926 4065 ex
2974 4018 3208 4081 utroque
3250 4009 3558 4081 procedens

1986 4100 2224 4173 Spiritus
2271 4111 2515 4166 sanctus,
2544 4102 2636 4173 qui
2654 4102 2737 4155 «in
2770 4100 3036 4156 Trinitate
3067 4100 3306 4171 perfecta
3339 4100 3473 4154 vivit
3503 4108 3559 4155 et

1984 4201 2173 4267 regnat
2202 4191 2344 4247 Deus
2380 4193 2434 4247 in
2467 4192 2685 4248 sarcula.
2714 4195 2908 4247 Amen.
2950 4190 3135 4246 Gloria
3162 4192 3282 4255 tibi,
3317 4191 3555 4256 Christe,

1984 4300 2142 4354 quem
2166 4294 2345 4355 patres
2369 4286 2542 4341 nostri
2567 4285 2880 4356 ignorantes
2901 4285 3118 4356 quidem
3143 4284 3555 4348 cruciﬁxerunt,

1983 4377 2077 4447 qui
2106 4392 2253 4431 nunc
2281 4384 2335 4431 et
2365 4392 2395 4431 a
2439 4377 2599 4433 nobis
2632 4378 2686 4431 in
2714 4385 2905 4431 sancta
2939 4377 3175 4448 imagine
3224 4384 3318 4431 tua
3367 4374 3555 4429 cruci-

878 4464 1199 4519 Audivimus
1244 4463 1368 4533 quia
1428 4471 1641 4522 acetum
1691 4471 1746 4530 et
1808 4464 1880 4519 fel
1912 4479 1957 4534 ι)
1989 4469 2128 4523 fixus
2150 4483 2229 4523 es.
2263 4466 2447 4522 Gloria
2469 4468 2590 4534 tibi,
2621 4467 2723 4523 Fili
2750 4467 2847 4523 Dei
2874 4468 3002 4531 vivi,
3028 4468 3121 4536 qui
3152 4483 3246 4538 per
3275 4468 3429 4538 signa
3461 4482 3558 4536 po-

1989 4559 2172 4613 tentias
2202 4566 2308 4613 tua:
2353 4559 2670 4614 illuminasti
2702 4560 3000 4613 caecitatem
3046 4558 3293 4613 cordium
3341 4565 3558 4611 nostro-

1987 4669 2109 4707 rum
2145 4662 2198 4708 et
2228 4653 2294 4708 ad
2322 4661 2471 4707 tuam
2498 4653 2931 4707 misericordiam
2962 4652 3197 4706 traxisti.
3229 4649 3350 4706 Tibi
3378 4649 3557 4704 credi-

1985 4760 2130 4806 mus,
2164 4744 2428 4814 propitius
2456 4755 2573 4798 esto
2624 4742 2805 4807 nobis,
2849 4749 2903 4797 et
2947 4741 3166 4810 suscipe
3204 4741 3474 4810 lacrymas
3502 4748 3556 4794 et

1983 4835 2358 4905 paenitentiam
2408 4844 2650 4888 nostram
2699 4852 2713 4888 :
2754 4848 2823 4888 ne
2863 4832 3001 4887 forte
3044 4847 3144 4902 pro
3184 4830 3557 4899 magnitudine

1986 4926 2274 4989 scelerum,
2306 4924 2553 4981 infernus
2586 4926 2838 4995 aperiens
2866 4941 2929 4979 os
2957 4940 3113 4979 suum
3138 4922 3400 4993 deglutiat
3432 4936 3551 4986 nos,

1983 5016 2078 5087 qui
2113 5031 2234 5071 cum
2268 5016 2516 5084 patribus
2566 5016 2773 5070 nostris
2822 5014 3092 5069 mirabilia
3124 5028 3317 5084 magna
3353 5013 3551 5079 fecisti,

1984 5114 2039 5161 et
2071 5106 2330 5160 beneﬁcia
2361 5106 2775 5159 innumerabilia
2804 5104 3122 5174 praestitisti.
3154 5102 3324 5159 Parce
3354 5103 3556 5175 iniqui-

1987 5197 2188 5253 tatibus
2210 5199 2432 5261 nostris,
2461 5203 2515 5252 et
2543 5196 2759 5251 medere
2792 5195 3076 5250 animabus
3099 5196 3336 5261 nostris;
3359 5203 3414 5251 et
3440 5196 3555 5251 cla-

1983 5306 2105 5346 mor
2135 5304 2364 5359 magnus
2400 5288 2560 5343 ﬁebat
2590 5287 2941 5342 clamantium
2992 5295 3047 5341 et
3083 5286 3252 5342 Deum
3290 5287 3555 5343 invocan-

1985 5388 2142 5441 tium.
2188 5382 2408 5438 Sanatis
2454 5398 2584 5437 vero
2630 5382 2886 5436 omnibus
2921 5383 3011 5452 qui
3045 5382 3257 5438 advecti
3292 5393 3557 5439 venerant

1984 5471 2238 5536 inﬁrmis,
2271 5471 2549 5541 principes
2582 5471 2929 5525 sacerdotum
2961 5479 3017 5527 et
3052 5472 3231 5528 omnis
3263 5474 3557 5529 multituoo

1982 5580 2172 5619 eorum
2229 5564 2294 5619 ad
2347 5565 2658 5635 episcopum
2711 5564 2947 5619 civitatis
2980 5565 3244 5631 cucurrit,
3286 5583 3391 5621 una
3424 5582 3557 5622 voce

1984 5655 2322 5711 clamantes:
2353 5653 2506 5711 Unus
2541 5654 2684 5711 Deus
2726 5654 2908 5719 Pater,
2936 5672 3079 5712 unus
3112 5655 3273 5713 Jcsus
3304 5660 3555 5715 Christus

1993 5746 2161 5806 Filius
2199 5747 2318 5819 ejus
2356 5747 2516 5816 Deus,
2546 5764 2705 5820 quem
2738 5758 2917 5820 patres
2943 5750 3116 5805 nostri
3149 5750 3556 5816 cruciﬁxeruut,
