4050 6396
306 369 408 427 825

1434 364 1664 428 SERMO
1696 374 1971 429 CONTRA
2013 366 2326 429 LA'l'lNOS.

3324 378 3542 432 .826

302 502 482 552 ρευσις
513 484 852 553 καθέστηκεν
905 482 1155 556 ῦπαρξις.
1225 486 1435 558 Ὥσπερ
1484 489 1592 560 γὰρ
1658 490 1862 544 πάντων

1977 491 2279 545 secundum
2337 490 2501 560 3'00
2552 505 2670 546 eam
2721 506 2843 562 qua:
2887 501 3013 548 ante
3071 495 3266 549 sarcula
3308 501 3394 548 est
3449 509 3540 561 ge-

302 577 581 645 λεγόντων,
604 576 852 646 γέννημα
876 575 1091 647 Πατρδς
1117 577 1145 627 6
1175 576 1323 640 Υἱὸς,
1354 583 1746 633 συνεπινοεῖται
1777 580 1871 633 καί⁵

301 668 360 721 τὸ
387 671 450 722 ὲκ
490 668 653 738 μόνου
685 666 778 719 τοῦ
811 666 1027 737 Πατρὸς
1056 666 1083 718 ὁ
1109 667 1239 731 Υἱὸς
1260 668 1399 721 κατά
1426 670 1523 739 τὴν
1550 670 1871 741 προαιώνιον

302 758 583 827 γέννησιν·
632 755 774 810 οὑτω
827 756 919 810 καὶ
968 756 1186 809 πάντων
1238 758 1503 827 λεγόντων
1537 760 1596 812 τὸ
1648 761 1872 831 Πνεῦμα

302 845 588 916 πρόϐλημα
634 846 878 916 Πατρός,
916 849 1309 900 συνεπινοεῖται
1362 850 1455 902 καὶ
1499 850 1559 903 τὸ
1602 852 1666 903 ὲκ
1710 852 1872 922 μόνου

300 935 388 987 τοῦ
426 935 641 1006 Πατρὸς
669 935 730 988 τδ
770 935 1008 1005 Πνεῦμα,
1053 937 1193 990 κατά
1235 939 1333 1009 τὴν
1374 939 1698 1011 προαιώνιον
1736 942 1869 1013 πρό-

299 1028 520 1096 σλησιν·
547 1030 596 1080 εἰ
646 1027 805 1098 μόνος
850 1029 914 1080 ἐκ
958 1028 1118 1097 μόνου
1161 1030 1256 1081 τοῦ
1290 1029 1504 1100 Πατρός
1531 1032 1559 1083 ὁ
1592 1031 1740 1094 Υἱὸς,
1776 1032 1871 1085 καὶ

301 1121 454 1191 μόνον
487 1122 553 1172 ὲκ
598 1119 757 1190 μόνου
805 1120 898 1173 τοῦ
954 1120 1165 1190 Πατρός
1196 1119 1258 1172 τὸ
1312 1120 1537 1191 Πνεῦμα
1597 1121 1658 1174 τὸ
1692 1122 1867 1190 ἅγιον.

298 1209 453 1264 Κατά
497 1210 553 1263 δὲ
594 1211 697 1281 τὴν
726 1210 956 1281 ὑστέραν
996 1209 1291 1283 πρόχυσιν,
1326 1209 1504 1264 εἴτουν
1550 1211 1870 1281 ἐπινέμησιν

305 1301 396 1353 καὶ
426 1300 691 1373 χορηγίαν
720 1302 820 1373 τὴν
856 1301 990 1373 πρὸς
1022 1303 1148 1363 τοὺς
1195 1300 1399 1366 ἀξίους,
1431 1302 1619 1375 ὥσπερ
1660 1306 1724 1357 ὲκ
1774 1304 1868 1357 τοῦ

300 1392 510 1462 Πατρός
546 1392 607 1445 τὸ
639 1391 881 1461 Πνεῦμα,
926 1390 1067 1444 οῦτω
1131 1393 1224 1444 καί⁵
1249 1390 1337 1445 διὰ
1378 1392 1471 1445 τοῦ
1504 1392 1636 1445 Υἱοῦ
1667 1394 1761 1446 καὶ
1806 1395 1870 1447 ἐκ

296 1481 387 1535 τοῦ
418 1481 571 1535 Υἱοῦ.
608 1482 877 1553 Καθάπερ
903 1482 959 1534 δὲ
988 1481 1080 1535 καὶ
1114 1482 1213 1551 τὴν
1243 1481 1478 1552 ὑστέραν
1501 1465 1867 1553 γέννησινποῦ

298 1569 444 1634 Υἰοῦ,
479 1570 658 1623 εἵτουν
705 1570 998 1640 ἐπιδημίαν
1025 1572 1125 1641 τὴν
1158 1570 1295 1641 πρὸς
1336 1572 1506 1642 ἡμᾶς,
1539 1572 1639 1625 οὑκ
1686 1573 1749 1625 ἐκ
1773 1571 1866 1625 τοῦ

302 1663 509 1732 Πατρὸς
538 1662 697 1732 μόνον
726 1662 1037 1732 δοξάζομεν,
1067 1663 1203 1715 ἀλλά
1219 1662 1312 1716 καὶ
1326 1666 1390 1716 ἐκ
1412 1663 1504 1716 τοῦ
1533 1664 1864 1734 Πνεύματος.

300 1755 406 1807 Καὶ
434 1753 667 1807 πειθέτω
698 1771 756 1807 σε
779 1756 811 1825 ἡ
837 1753 927 1807 τοῦ
957 1755 1300 1825 ἀρχαγγέλου
1330 1755 1482 1824 φωνὴ
1508 1756 1641 1827 πρὸς
1672 1755 1866 1826 Ἰωσὴφ

1974 584 2344 647 nerationem;
2396 583 2469 635 ita
2535 598 2658 637 cum
2722 583 2911 639 dicant
2988 601 3218 651 omnes,
3274 585 3536 656 Spiritum

1972 685 2095 725 esse
2148 685 2180 724 a
2249 670 2408 725 Patre
2472 673 2839 740 productum,
2909 674 3231 745 intelligitur
3290 694 3356 731 ex
3420 677 3540 733 solo

1974 760 2137 817 Patre
2192 760 2452 832 Spiritum
2509 778 2654 827 esse,
2707 765 3006 819 secundum
3064 782 3183 822 eam
3229 784 3349 838 quae
3410 777 3539 823 ante

1972 854 2169 908 sarcula
2200 864 2284 909 est
2311 856 2722 924 productionem
2774 874 2786 908 :
2840 857 2886 910 si
2920 859 3071 913 solus
3120 873 3184 912 ex
3228 860 3346 914 solo
3379 858 3540 915 Patro

1970 954 2055 999 est
2085 945 2273 1011 Filius,
2308 946 2460 999 solus
2515 962 2579 1001 ex
2618 948 2736 1000 solo
2767 948 2930 1001 Patre
2985 956 3070 1003 est
3127 946 3364 1019 Spiritus
3412 966 3540 1005 san-

1969 1045 2112 1092 ctus.
2151 1035 2305 1103 Quod
2349 1045 2556 1106 spectat
2593 1046 2773 1091 autem
2809 1042 3102 1094 secundam
3144 1041 3536 1110 profusionem,

1970 1131 2084 1183 sive
2110 1128 2595 1198 dispensationem.
2627 1145 2734 1196 qua
2768 1130 2931 1184 datur
2971 1132 3038 1185 iis
3067 1133 3159 1201 qui
3190 1132 3338 1203 digni
3370 1142 3537 1201 sunt;

1967 1221 2110 1275 sicut
2131 1236 2196 1275 ex
2230 1220 2388 1275 Patre
2411 1229 2496 1275 est
2534 1219 2792 1290 Spiritus,
2830 1224 2903 1276 ita
2932 1232 2986 1278 et
3018 1240 3113 1293 per
3146 1221 3340 1278 Filium
3380 1234 3434 1280 et
3471 1242 3540 1280 ex

1968 1311 2126 1365 Filio.
2163 1310 2630 1377 Quemadmodum
2677 1320 2731 1366 et
2781 1321 3111 1381 postremam
3150 1313 3271 1368 Filii
3311 1331 3539 1384 genera-

1967 1402 2189 1464 tionem,
2218 1401 2338 1471 ejus
2367 1402 2579 1455 scilicet
2616 1401 2683 1455 ad
2714 1417 2814 1456 nos
2843 1404 3152 1467 adventum,
3186 1419 3293 1457 non
3325 1419 3389 1458 ex
3424 1404 3542 1459 soio

1967 1510 2089 1549 esse
2117 1493 2296 1557 Patre,
2334 1494 2427 1548 sed
2471 1494 2635 1547 etiam
2684 1509 2750 1547 ex
2785 1493 2991 1562 Spiritu
3041 1504 3230 1549 sancto
3261 1495 3542 1550 existima-

1967 1604 2110 1643 mus.
2143 1586 2384 1659 Ejusque
2416 1588 2513 1643 tibi
2546 1588 2623 1643 rei
2661 1587 2822 1643 [idem
2848 1589 3012 1643 faciat
3073 1590 3316 1660 angelica
3343 1607 3447 1646 vox
3472 1590 3550 1646 ad

1966 1679 2258 1749 Josephum
2289 1682 2465 1734 virum
2510 1678 2693 1733 Marim
2727 1680 2866 1735 facta
2899 1700 2912 1735 :
2953 1699 2972 1731 ι
3016 1679 3137 1734 Noli
3172 1682 3362 1736 timere
3390 1683 3541 1736 acci-

1965 1790 2093 1844 pere
2124 1774 2346 1828 Mariam
2376 1775 2662 1845 conjugem
2711 1786 2859 1830 tuam
2896 1795 2907 1829 :
2940 1776 3084 1846 quod
3110 1776 3251 1830 enim
3275 1775 3328 1829 in
3357 1791 3419 1830 ea
3446 1791 3547 1830 ησ-

296 1844 523 1913 λέγουσα
553 1846 646 1899 τὸν
679 1846 846 1919 ἄνδρα
873 1848 1090 1918 Μαρίας
1120 1848 1203 1910 τὸ,
1237 1866 1256 1899 t
1282 1848 1371 1918 Μὴ
1406 1848 1650 1919 φοϐηθῇς
1685 1865 1862 1920 παρα-

1967 1874 2076 1918 tum
2104 1871 2208 1927 est,
2239 1880 2303 1919 ex
2339 1844 2765 1934 Spiritusancto
2793 1871 2877 1919 est
2910 1844 2973 1917 ³⁸.
3002 1885 3022 1916 ι
3049 1864 3204 1930 Quod
3227 1864 3271 1919 si
3302 1865 3545 1920 ediscere

297 1935 475 1989 λαϐεῖν
527 1936 764 2009 Μαριάμ
803 1937 900 2008 τὴν
931 1940 1165 2006 γυναῖκά
1210 1955 1336 1992 σου·
1374 1939 1436 1991 τὸ
1468 1938 1577 2011 γὰρ
1621 1942 1677 1994 ὲν
1725 1941 1860 2010 αὑτῇ

296 2029 544 2102 γεννηθὲν
587 2032 652 2084 ἐκ
683 2030 994 2101 Πνεῦματός
1027 2033 1173 2085 ἐστιν
1216 2032 1392 2100 ἁγίου.
1438 2051 1455 2082 ι
1490 2032 1552 2084 Εἰ
1596 2031 1651 2084 δὲ
1686 2030 1863 2101 βούλει

300 2123 512 2194 μαθεῖν,
545 2124 626 2175 ὃτι
682 2122 773 2175 καί
821 2139 964 2184 τινες
1013 2124 1078 2176 ὲκ
1124 2123 1230 2176 τῶν
1275 2123 1561 2194 ἡμετέρων
1616 2122 1863 2192 μεγάλων

296 2218 459 2285 ἁγίων
485 2217 831 2286 ἁπεςήναντο
850 2215 910 2267 τὸ
933 2217 995 2267 ἐκ
1024 2215 1185 2284 μόνου
1207 2214 1300 2266 τοῦ
1325 2213 1536 2284 ιΙατρός
1554 2213 1616 2266 τὸ
1642 2212 1864 2282 Πνεῦμα

295 2309 351 2360 τὸ
386 2308 532 2376 ἅγιον
559 2305 978 2378 ἐκπορεύεσθαι,
1014 2306 1115 2376 ἤδη
1138 2306 1228 2359 τὸν
1255 2305 1429 2376 μέγαν
1461 2305 1560 2375 τῆς
1595 2305 1864 2375 ἡμετέρας

309 2397 626 2467 Ἐκκλησίας
661 2395 813 2465 ἥλιον
855 2394 1154 2465 Κύριλλον,
1200 2395 1231 2465 ἢ
1272 2394 1470 2464 μᾶλλον
1514 2396 1718 2453 εἰπεῖν,
1769 2392 1862 2445 τοῦ

296 2488 496 2557 κόσμου
525 2487 727 2547 παντὸς
750 2525 765 2548 ,
810 2485 944 2556 πρὸς
975 2485 1133 2537 τοῦτο
1182 2484 1425 2554 λάμϐανε
1475 2486 1759 2556 μάρτυραο
1805 2488 1863 2538 ὲν

297 2579 401 2651 γὰρ
438 2578 512 2650 τῷ
539 2579 684 2647 Περὶ
718 2577 955 2646 Τριάδος
1000 2577 1142 2648 λόγῳ
1186 2577 1350 2630 αὐτοῦ
1386 2572 1487 2631 ὧδέ
1527 2596 1643 2642 πως
1678 2579 1865 2649 σαφῶς

298 2676 550 2746 παριστᾷ.
582 2676 647 2727 Ἢ
701 2673 974 2740 παναγία,
1006 2674 1157 2744 φησὶ,
1216 2674 1309 2725 καὶ
1337 2673 1508 2743 σεπτὴ
1534 2672 1722 2745 Τριὰς,
1760 2674 1866 2744 πρὸ

296 2766 508 2818 πάντων
550 2764 762 2819 αἰώνων
799 2763 891 2816 καὶ
937 2766 1016 2826 εἰς
1069 2764 1155 2816 ἀεὶ
1198 2764 1552 2836 ὑπάρχουσα,
1601 2764 1866 2835 ἄχραντός

295 2860 408 2911 ἐστι
470 2859 562 2911 καὶ
595 2857 806 2921 ἀΐδιος,
856 2856 1164 2926 ἀσώματος,
1209 2857 1622 2928 ἀκατάληπτος,
1671 2857 1866 2928 ἀπερί-

294 2949 514 3019 ληπτος,
552 2947 922 3020 περιληπτικὴ
948 2947 1004 2999 δὲ
1032 2947 1140 3000 τῶν
1183 2949 1457 3012 ἁπάντων,
1495 2950 1588 3001 καὶ
1625 2965 1866 3020 συγκρα-

292 3039 457 3092 τοῦσα
494 3039 555 3092 τὸ
603 3041 735 3100 πᾶν,
778 3037 976 3107 ἀγαθὴ,
1008 3037 1359 3108 προνοητικὴ,
1395 3038 1722 3109 δημιουργὸς
1756 3038 1864 3090 τῶν

293 3134 539 3187 ἁπάντων
563 3130 832 3202 ,ὁρατῶν
864 3147 921 3182 τε
955 3130 1048 3181 καὶ
1087 3129 1331 3198 ἀοράτων
1353 3169 1366 3193 ,
1401 3130 1620 3200 ἀπαθὴς
1642 3168 1655 3191 ,
1702 3128 1866 3181 ἀναλ-

292 3225 528 3289 λοίωτος,
571 3225 860 3294 ἄτρεπτος,
902 3222 977 3293 νῷ
1024 3222 1325 3293 ἀνθρώπων
1370 3223 1463 3275 καὶ
1494 3222 1740 3290 ἀγγέλων
1769 3222 1863 3275 καὶ

292 3320 356 3388 τῇ
382 3320 575 3387 κτιστῇ
607 3316 766 3386 φύσει
810 3314 1190 3385 ἀκατάληπτος
1213 3332 1228 3346 ν
1264 3314 1549 3384 ὁμοούσιος
1586 3315 1643 3366 ὲν
1671 3315 1860 3384 ἑαυτῇ,

294 3408 655 3481 ἀκοινώνητος
687 3407 743 3459 δὲ
775 3407 893 3460 κατ’
938 3406 1121 3459 οὐσίαν
1154 3407 1304 3477 πάσῃ
1349 3408 1415 3475 τῇ
1458 3405 1667 3457 κτίσει·
1700 3421 1863 3472 γινω-

294 3502 528 3572 σκομένη
565 3501 723 3571 μόνον
747 3500 836 3568 ὑφ’
861 3498 1079 3569 ἑαυτῆς,
1112 3501 1204 3552 ὑπ’
1230 3499 1486 3569 οὐδεμιᾶς
1514 3496 1733 3566 φύσεως
1761 3496 1863 3564 τῆς

286 3594 342 3645 ὲν
376 3593 451 3663 τῷ
497 3593 692 3662 κόσμῳ
726 3591 898 3661 τούτῳ
929 3590 1021 3643 καὶ
1075 3592 1172 3661 τῆς
1208 3592 1347 3662 ὑπὲρ
1388 3590 1594 3660 κόσμον
1636 3588 1856 3642 τοῦτονο

288 3684 453 3756 μονάς
503 3687 562 3738 ἐν
602 3684 782 3756 τρισὶν
838 3682 1234 3745 ὑποστάσεσιν,
1284 3683 1461 3735 εἴτουν
1507 3679 1858 3752 προσώποις,

288 3779 383 3832 καὶ
438 3776 611 3846 Τριὰς
645 3778 702 3829 ὲν
756 3774 942 3845 μονάδι
988 3772 1274 3846 θεότητος,
1322 3775 1439 3844 ἦτοι
1492 3774 1619 3844 μιᾶς
1671 3770 1861 3834 οὐσίας

282 3867 684 3937 γινωσκομένη.
706 3864 922 3935 Ταύτης
945 3865 1042 3934 τῆς
1071 3865 1233 3933 ἁγίας
1258 3864 1353 3917 καὶ
1379 3863 1580 3933 σεπτῆς
1613 3861 1858 3932 μονάδος,

283 3961 339 4013 αἱ
386 3957 765 4030 προσκυνηταὶ
814 3959 962 4027 τρεῖς
991 3957 1321 4020 ὑποστάσεις
1371 3955 1725 4024 γινώσκονται
1767 3953 1862 4006 καὶ

281 4051 660 4105 πιστεύονταιο
693 4052 752 4103 ὲν
789 4048 963 4118 Πατρὶ
993 4048 1212 4121 ἀνάρχῳ
1231 4088 1245 4109 ,
1277 4048 1526 4117 ἀναιτίῳ,
1559 4047 1859 4116 ἀγεννήτῳ,

281 4143 439 4216 ἀϊδίῳ
462 4160 477 4175 ·
517 4144 611 4196 καὶ
656 4143 716 4194 ὲν
764 4139 877 4209 Υἱῷ
909 4143 1186 4210 μονογενεῖ
1221 4139 1534 4210 γεννηθέντι
1581 4138 1857 4208 ἀρρήτως,

282 4237 381 4293 καὶ
411 4234 641 4296 ἀπαθῶς
663 4232 761 4286 καὶ
785 4232 1097 4302 ἀφράστως,
1122 4232 1233 4302 πρὸ
1255 4231 1472 4285 πάντων
1496 4228 1606 4282 τῶν
1627 4227 1858 4291 αἰώνων,

281 4328 347 4382 ὲκ
405 4328 506 4398 τῆς
558 4325 750 4388 οὑσίας
792 4324 960 4395 αὐτῆς
993 4323 1085 4376 τοῦ
1142 4324 1377 4395 Πατρὸς,
1429 4322 1524 4376 καὶ
1568 4320 1657 4374 διὰ
1705 4320 1861 4373 τοῦτο

276 4416 551 4488 όμοουσίῳ
576 4415 675 4470 καὶ
712 4415 813 4485 ῖσῳ
844 4413 922 4484 τῷ
954 4414 1149 4485 Πατρὶ,
1184 4415 1349 4485 χωρὶς
1373 4414 1472 4484 τῆς
1501 4410 1856 4482 πατρότητος,

1964 1956 2153 2024 cupias
2171 1956 2384 2024 aliquos
2400 1971 2464 2009 et
2487 1955 2698 2025 magnis
2716 1955 2857 2025 apud
2881 1970 2980 2010 nos
2998 1956 3222 2019 sanctis,
3244 1955 3544 2011 aﬂirmasse

1964 2062 2029 2101 ex
2059 2047 2175 2100 solo
2209 2045 2370 2100 Patre
2403 2043 2667 2114 Spiritum
2692 2055 2941 2101 sanctum
2970 2046 3287 2116 procedere,
3309 2046 3419 2115 jam
3443 2046 3543 2101 tibi

1964 2152 2222 2207 magnum
2255 2137 2513 2192 Ecclesiae.
2547 2146 2767 2200 nostrae,
2812 2138 2923 2191 imo
2955 2139 3123 2191 totius
3158 2137 3309 2192 orbis
3343 2138 3539 2202 solem,

1964 2228 2226 2298 Cyrillum
2258 2227 2490 2296 hujusce
2513 2227 2591 2281 rei
2623 2229 2808 2297 accipe
2837 2235 3028 2282 testem
3065 2246 3079 2281 :
3109 2228 3162 2280 in
3187 2242 3287 2281 suo
3309 2239 3545 2297 namque

1967 2316 2040 2369 De
2074 2316 2334 2370 Trinitate
2363 2316 2503 2369 libro
2553 2323 2736 2384 aperte
2765 2314 2839 2367 ita
2868 2314 3127 2384 loquitur.
3161 2311 3538 2377 Sanctissima,

1966 2407 2162 2477 inquit,
2198 2414 2252 2461 et
2285 2405 2595 2460 veneranda
2625 2404 2888 2468 Trinitas,
2921 2421 3044 2475 quae
3073 2413 3198 2461 ante
3225 2406 3407 2460 omnia
3439 2420 3542 2461 se-

1966 2497 2088 2551 cula
2133 2502 2218 2550 est
2247 2502 2300 2549 et
2329 2510 2544 2564 semper
2588 2494 2793 2557 futura,
2828 2494 3146 2563 incorrupta
3177 2503 3280 2557 est,
3305 2501 3538 2556 aeterna,

1966 2592 2289 2658 incorporea
2306 2631 2319 2653 ,
2363 2577 2953 2657 incomprehensibilis
2969 2626 2983 2650 ,
3035 2585 3508 2656 incircumscripta
3525 2626 3541 2645 ,

1967 2683 2060 2739 sed
2090 2697 2210 2751 quae
2240 2680 2621 2749 complectitur
2653 2677 2857 2740 omnia,
2903 2678 3330 2746 universumque
3369 2676 3545 2731 couti-

1968 2783 2061 2828 net
2098 2790 2112 2826 :
2140 2773 2303 2835 bona,
2336 2770 2584 2841 provida,
2612 2769 2844 2823 creatrix
2875 2768 3140 2831 omnium,
3171 2767 3463 2821 visibilium
3488 2776 3545 2822 et

1969 2866 2350 2928 invisibilium,
2376 2862 2714 2932 impatibilis,
2767 2859 3140 2925 immutabilis,
3178 2859 3539 2921 invariabilis,

1970 2958 2136 3015 menti
2170 2957 2452 3012 hominum
2483 2964 2536 3007 et
2569 2955 2906 3025 angelorum,
2966 2960 3272 3019 creataeque
3328 2957 3542 3005 naturae

1971 3047 2559 3119 incomprehensibilis,
2606 3046 2659 3098 in
2694 3046 2872 3114 seipsa
2903 3043 3411 3105 consubstantialis,
3458 3042 3546 3097 in-

1972 3139 2450 3197 communicabilis
2481 3135 2780 3191 secundum
2813 3135 3175 3190 substantiam
3205 3134 3353 3189 omni
3386 3148 3546 3187 creaa

1970 3240 2105 3287 tura:
2131 3251 2143 3286 :
2174 3246 2346 3302 quaaa
2379 3229 2556 3297 seipsa
2591 3230 2766 3283 solum
2817 3226 3187 3297 cognoscitur,
3235 3232 3290 3279 et
3321 3239 3351 3278 a
3385 3224 3537 3279 nulla

1968 3331 2162 3378 natura
2182 3338 2305 3393 qua)
2334 3327 2387 3374 ln
2424 3323 2526 3375 hoc
2563 3320 2767 3374 mundo
2798 3318 2880 3372 vel
2915 3332 3076 3388 supra
3101 3316 3247 3371 hunc
3277 3314 3543 3369 mundum

1966 3416 2161 3471 fuerit:
2200 3415 2382 3470 unitas
2415 3415 2468 3467 in
2493 3413 2668 3467 tribus
2698 3410 3103 3483 liyposmsibus,
3139 3423 3236 3462 seu
3264 3406 3538 3476 personis,

1965 3514 2017 3561 et
2058 3506 2277 3559 trinitas
2312 3505 2365 3557 in
2408 3505 2614 3557 unitate
2646 3502 2888 3564 deitatis,
2918 3500 3032 3554 sive
3075 3498 3238 3552 unius
3273 3498 3535 3552 substan-

1964 3597 2053 3649 tia:
2084 3595 2322 3665 cognita.
2366 3592 2539 3661 Hujus
2580 3601 2782 3645 sanctae
2827 3598 2879 3644 et
2930 3587 3249 3642 venerandae
3279 3587 3533 3650 unitatis,

1932 3687 2253 3742 ‘adorandaa
2283 3696 2394 3740 tres
2434 3687 2757 3757 hypostases
2791 3688 3201 3752 cognoscuntur
3236 3689 3397 3748 atque
3419 3692 3541 3733 cre-

1963 3781 2167 3835 duntur
2193 3797 2207 3833 :
2233 3778 2286 3832 in
2315 3776 2475 3831 Patre
2504 3777 2595 3847 qui
2619 3783 2703 3829 est
2729 3775 2846 3830 sine
2874 3771 3162 3842 principio,
3198 3769 3317 3826 sine
3347 3782 3539 3836 causa,

1965 3870 2259 3939 ingenitus,
2292 3869 2654 3936 sempiternus
2687 3884 2703 3919 :
2729 3865 2782 3917 in
2812 3861 2950 3917 Filio
2976 3862 3251 3931 unigenito
3276 3877 3290 3925 ;
3316 3858 3540 3912 inenar-

1962 3958 2232 4022 rabiliter,
2274 3956 2699 4026 impassibiliter,
2728 3952 3073 4006 ineﬂabiliter
3105 3959 3232 4004 nato
3261 3958 3386 4003 ante
3420 3963 3541 4001 out-

1964 4051 2054 4105 nia
2109 4048 2331 4112 saecula,
2381 4062 2446 4101 ex
2478 4046 2595 4117 ipsa
2627 4044 2805 4101 Patris
2841 4042 3169 4104 substantia,
3219 4049 3383 4110 atque
3414 4037 3539 4094 ideo

1964 4139 2422 4195 consubstantiali
2444 4146 2499 4191 ut
2530 4139 2724 4208 aequali
2746 4136 2916 4201 Patri,
2938 4140 3163 4203 excepta
3193 4130 3534 4201 paternitate,

1964 4232 2056 4302 qui
2106 4247 2206 4301 pro
2261 4246 2427 4286 causa
2481 4229 2697 4284 Patrem
2756 4228 2940 4289 habet,
2985 4222 3279 4295 generandi
3327 4222 3539 4276 scilicet

1964 4325 2128 4379 modo
2154 4342 2168 4379 :
2193 4331 2246 4378 et
2295 4324 2352 4378 in
2400 4322 2825 4392 Spiritusancto
2859 4330 2915 4375 et
2943 4318 3251 4374 viviﬁcante
3286 4316 3530 4377 adorato,

1963 4414 2289 4487 procedente
2321 4430 2386 4469 ex
2434 4413 2612 4476 Patre,
2661 4413 2711 4466 id
2757 4420 2941 4468 estex
2993 4409 3299 4465 substantia
3333 4407 3536 4472 Patris,

276 4510 455 4580 ἀρχὴν
487 4508 543 4561 δὲ
573 4509 671 4561 καὶ
718 4504 899 4557 αἰτίαν
941 4503 1030 4557 τὸν
1079 4505 1295 4576 Πατέρα
1349 4504 1525 4575 ἔχοντι
1563 4500 1853 4570 γεννητῶς·

1965 4522 2070 4560 non
2102 4506 2471 4572 generatione,
2493 4503 2949 4574 quemadmodum
2979 4499 3170 4566 Filius,
3203 4516 3270 4553 ne
3296 4498 3406 4552 duo
3426 4499 3538 4551 sint

272 4602 367 4654 καὶ
401 4602 461 4654 ἐν
515 4597 800 4668 Πνεῦματι
861 4594 999 4665 ἁγίῳ
1054 4593 1301 4665 ζωοποιῷ
1350 4591 1855 4665 ’προσκυνουμένῳ,

269 4692 699 4764 ἐκπορευομένῳ
748 4690 812 4741 ὲκ
865 4686 957 4740 τοῦ
1009 4687 1258 4758 Πατρός,
1311 4687 1589 4740 τουτέστιν
1646 4687 1709 4738 ὲκ
1758 4684 1859 4754 τῆς

267 4784 464 4848 οὐσίας
494 4782 589 4836 τοῦ
648 4779 883 4850 Πατρός.
928 4779 1001 4830 Οὑ
1039 4779 1312 4848 γεννητῶς
1358 4778 1610 4847 καθάπερ
1640 4778 1668 4829 ό
1706 4776 1854 4841 Υἱὸς,

266 4874 356 4928 ἵνα
381 4876 461 4947 μὴ
478 4874 571 4927 δύο
588 4872 713 4925 Υἱοὶ
729 4873 788 4922 ὲν
800 4872 865 4940 τῇ
884 4867 1093 4939 Τριάδι·
1128 4868 1241 4921 ἀλλ’
1261 4872 1458 4940 ὲκπορε
1467 4868 1702 4937 υομένῳ,
1723 4866 1859 4919 καθα

267 4970 416 5040 άπερ
442 4970 685 5038 εἴρηται,
720 4964 786 5015 ὲκ
819 4963 978 5033 μόνου
1017 4960 1109 5013 τοῦ
1156 4961 1387 5033 Πατρός,
1415 4963 1509 5015 καὶ
1528 4960 1637 5014 ἀπὸ
1658 4960 1860 5031 στόμα..

262 5079 393 5125 τος·
436 5059 709 5130 πεφηνότι
747 5054 805 5108 δὲ
860 5054 926 5107 δι’
962 5052 1124 5119 Υἱοῦ,
1169 5054 1264 5106 καὶ
1318 5054 1612 5124 λαλήσαντι
1660 5054 1718 5104 ἐν
1746 5055 1858 5115 τοῖς

260 5153 444 5221 ἁγίοις
490 5149 808 5220 προφήταις
851 5144 945 5196 καί¹
998 5144 1331 5208 ἀποστόλοις.
1366 5144 1545 5213 Πλὴν,
1575 5143 1652 5205 ώς
1683 5139 1854 5200 εἷπον.

1964 4596 2087 4651 Filii
2117 4598 2173 4651 in
2212 4595 2518 4663 Trinitate;
2549 4595 2643 4651 sed
2693 4594 3044 4666 procedente,
3078 4595 3155 4648 uti
3191 4592 3395 4645 dictum
3428 4599 3537 4657 est,

1968 4706 2033 4746 ex
2066 4690 2185 4746 solo
2236 4687 2418 4751 Patre,
2461 4697 2623 4757 atque
2653 4702 2714 4741 ex
2746 4701 2863 4740 ore.
2911 4685 3172 4754 Apparuit
3227 4689 3406 4736 autem
3441 4693 3537 4747 per

1965 4783 2186 4846 Filium,
2225 4783 2549 4849 locutusque
2586 4780 2747 4835 estin
2782 4779 2990 4832 sanctis
3022 4776 3300 4846 pr0phetis
3329 4780 3382 4827 et
3407 4785 3540 4841 apo-

1967 4876 2143 4930 stolis.
2185 4872 2478 4932 Caaterum,
2520 4878 2579 4924 ut
2633 4870 2769 4932 dixi,
2825 4868 2918 4937 qui
2974 4878 3060 4923 est
3110 4883 3177 4921 ex
3227 4865 3537 4920 substantia

1968 4965 2144 5034 ipsius
2173 4961 2353 5015 Patris
2378 4969 2431 5015 et
2463 4959 2608 5022 Filii,
2640 4954 3233 5021 consubstantialisque
3264 4959 3349 5004 est
3387 4949 3539 5003 Patri

1963 5064 2016 5107 et
2048 5053 2205 5106 Filio.
2228 5050 2764 5106 lncommunicabilis
2794 5057 2974 5101 autem
2996 5055 3100 5103 est.
3134 5046 3274 5098 sicut
3298 5041 3459 5095 Pater
3484 5049 3539 5095 et

1963 5144 2153 5209 Elius,
2186 5144 2334 5197 omni
2366 5150 2653 5207 creaturae,
2680 5142 2835 5211 juxta
2863 5138 3182 5194 substantiae
3209 5135 3499 5189 rationem.

263 5246 366 5315 τῆς
434 5243 631 5304 οὑσίας
665 5236 833 5292 αὑτοῦ
883 5236 975 5290 τοῦ
1036 5237 1249 5308 Πατρὸς
1299 5238 1392 5290 καὶ
1432 5235 1525 5290 τοῦ
1590 5236 1719 5288 Υἱοῦ
1763 5237 2092 5307 ὑπάρχοντι,
2151 5237 2245 5288 καὶ
2286 5236 2348 5288 τὸ
2394 5234 2677 5304 ὁμοούσιον
2740 5234 2914 5301 ἔχοντι
2966 5229 3102 5301 πρὸς
3149 5226 3370 5296 Πατέρα
3441 5221 3541 5277 καὶ

260 5314 415 5394 Υίόν.
457 5332 858 5402 Ἀκοινώνητον
886 5330 941 5383 δὲ
963 5331 1057 5383 καὶ
1092 5332 1224 5384 αὑτό
1263 5333 1434 5397 ἐστιν,
1474 5330 1662 5400 ὥσπερ
1690 5330 1785 5383 καὶ
1824 5333 1852 5383 6
1886 5331 2073 5402 Πατὴρ
2134 5331 2231 5384 καὶ
2283 5331 2311 5382 6
2348 5329 2476 5391 Υἱὸς
2534 5327 2669 5397 πρὸς
2702 5326 2885 5378 πᾶσαν
2926 5322 3024 5393 τὴν
3057 5321 3231 5375 κτίσιν
3272 5314 3414 5370 κατὰ
3444 5314 3538 5377 τὸν

257 5434 357 5503 τῆς
383 5433 446 5485 οὑ
458 5432 577 5492 σίας
601 5427 787 5494 λόγον.

325 5525 383 5579 2.
422 5526 589 5597 Ὀρᾷς
623 5520 747 5584 πῶς
786 5521 851 5572 ὲκ
882 5520 1039 5591 μόνου
1073 5519 1164 5572 τοῦ
1207 5519 1418 5587 Πατρός
1454 5519 1516 5570 τὸ
1543 5517 1766 5587 Πνεῦμα
1791 5517 1851 5570 τὸ

257 5615 417 5684 ἆγιον
466 5617 612 5670 κατά
638 5613 735 5665 τὸν
787 5611 939 5680 ἅγιον
978 5611 1265 5682 Κύριλλον,
1292 5611 1323 5680 ἢ
1360 5610 1557 5679 μᾶλλον
1588 5609 1729 5662 κατὰ
1754 5611 1853 5662 πᾶ-

258 5718 360 5757 σαν
389 5703 496 5772 τὴν
544 5699 707 5755 θείαν
759 5699 997 5769 Γραφήν.
1054 5700 1163 5753 Καὶ
1201 5700 1272 5769 μή
1314 5715 1402 5767 μοι
1443 5698 1503 5751 τὸ
1549 5698 1655 5751 ἀπὸ
1700 5697 1852 5752 τοῦδε

333 5860 380 5891 ⁸⁵
414 5857 614 5913 Matth.
653 5871 694 5922 ι,
718 5855 811 5907 ‘30.

2026 5513 2082 5567 2.
2116 5511 2307 5567 Viden‘
2338 5508 2485 5580 quod
2542 5522 2608 5561 ex
2647 5505 2764 5562 solo
2810 5503 2973 5559 Patre
3012 5502 3082 5558 sit
3129 5500 3367 5573 Spiritus
3408 5517 3535 5556 san-

1958 5614 2079 5660 ctus
2133 5604 2287 5672 juxta
2337 5607 2585 5656 sanctum
2642 5598 2944 5669 Cyrillum;
2999 5596 3109 5649 imo
3161 5593 3314 5663 juxta
3361 5601 3533 5647 totam

1962 5696 2303 5766 Scripturam
2336 5705 2567 5749 sacram.
2612 5689 2678 5743 Et
2711 5704 2781 5745 ne
2809 5688 2933 5760 quis
2972 5686 3109 5741 mihi
3145 5687 3290 5742 ultra
3337 5684 3538 5758 frigida
