4050 6396
499 348 606 403 827
714 368 745 397 ο
1107 396 1119 404 _
1597 347 1655 404 S.
1692 343 2156 402 ATHANASIUS.
2193 373 2263 384 —
2291 340 2562 401 SPURIA.
3654 337 3760 394 8‘28

501 464 595 519 illa
651 464 889 534 proferat
950 466 1136 533 verba,
1196 472 1291 520 aut
1345 467 1607 528 voculas,
1665 464 1812 535 quod
1874 463 2052 520 scilice

2153 503 2159 523 ,
2188 460 2393 530 λεγέτω
2421 476 2505 524 τις
2532 457 2603 512 τὰ
2623 456 2807 530 ψυχρά
2837 459 3019 513 ἐκεῖνα
3045 458 3285 531 ῥήματα,
3310 455 3348 529 ἢ
3374 453 3654 527 λογὺδρια,
3676 456 3758 507 ὅτι

500 557 748 621 pneclari
796 559 869 611 illi
922 558 1022 611 viri
1066 556 1398 611 Athanasius
1442 567 1496 612 et
1548 555 1808 628 Cyrillus,
1857 571 2052 626 unaqut

2196 554 2513 619 Ἀθανάσιος
2546 553 2640 608 καὶ
2685 551 2954 624 Κύριλλος
2979 553 3029 606 οἱ
3062 552 3318 623 ἀοίδιμοι,
3352 548 3488 621 πρὸς
3515 547 3573 601 δὲ
3602 546 3699 601 καὶ
3729 547 3759 601 6

499 645 544 699 G
577 648 793 716 egoritts
836 646 1136 718 Nysseuus,
1187 646 1482 701 additionis
1543 647 1597 701 in
1657 661 1826 702 causa
1897 646 2051 701 fuere

2174 646 2473 699 Νυσσαέων
2534 644 2831 716 Γρηγόριος
2854 682 2869 708 ,
2937 644 3036 715 τῆς
3097 642 3413 717 προσθήκης
3470 641 3757 711 γεγόνασιν

496 739 831 793 Athanasius
882 740 1083 807 quippe
1144 739 1218 792 ita
1280 739 1357 791 ait
1403 756 1416 793 :
1484 735 1723 807 Spiritus
1780 753 1847 792 ex
1891 735 2051 792 Patre

2173 738 2355 792 αἴτιοι.
2384 738 2441 790 Ὀ
2473 737 2571 807 μὲν
2589 736 2696 807 γὰρ
2722 734 3039 799 Ἀθανάσιος
3057 735 3230 799 οὕτως
3257 734 3388 807 φησι
3406 749 3418 762 ·
3444 733 3519 786 Τὸ
3532 730 3757 802 Πνεῦμα

497 830 689 899 (aiunt
737 829 1073 898 adversarii)
1104 836 1159 883 et
1188 844 1217 881 a
1239 828 1438 890 Verbo,
1474 828 1621 897 quod
1652 835 1737 883 est
1788 845 1854 883 ex
1909 827 2052 883 Patri

2174 832 2237 884 ἐκ
2270 829 2364 885 τοῦ
2386 827 2596 900 Πατρδς
2628 829 2677 881 οἱ
2709 827 2980 882 ἀντίθετοι
3019 827 3270 896 λέγουσι,
3328 826 3423 880 καὶ
3465 824 3617 896 παρά
3656 822 3754 877 τοῦ

495 922 758 992 procedit.
807 920 1086 993 Nyssenus
1126 930 1307 976 autem
1353 928 1641 991 postquam
1683 922 1841 988 dixit,
1875 920 2052 977 Filiun

2170 922 2366 990 Λόγου,
2392 920 2482 974 τοῦ
2504 922 2567 972 ἐκ
2589 920 2820 991 Πατρὸς,
2844 919 3300 991 ἐκπορευόμενον·
3347 920 3376 972 6
3412 916 3469 971 δὲ
3507 915 3751 986 Νῦσσης,

492 1029 616 1068 esse
676 1014 1021 1083 peculiariter
1074 1029 1139 1069 er
1200 1015 1416 1084 primo,
1473 1013 1527 1068 id
1589 1023 1675 1069 est
1751 1030 1819 1070 ex
1888 1013 2070 1078 Patre,

493 1106 748 1174 deinceps
800 1104 877 1158 ait
928 1123 941 1158 :
981 1103 1220 1174 Spiritus
1271 1120 1366 1174 per
1406 1120 1532 1158 eum
1568 1106 1660 1175 qui
1696 1113 1781 1161 est
1830 1106 2074 1175 peculia-

489 1193 624 1248 riter
646 1210 711 1249 ex
739 1193 935 1263 primo.
967 1192 1418 1262 Sapientissimus
1454 1210 1585 1249 vero
1609 1194 1853 1263 Cyrillus
1885 1204 2074 1264 aperte

489 1286 647 1351 dixit,
687 1302 753 1341 ex
791 1286 1078 1349 ambobus,
1112 1285 1272 1341 Patre
1313 1302 1508 1357 nempe
1530 1297 1584 1342 et
1612 1287 1769 1350 Filio,
1807 1287 2069 1357 Spiritum

490 1392 616 1433 esse
647 1385 922 1442 sanctum.
959 1374 1085 1432 Haec
1108 1385 1237 1432 sunt
1262 1387 1583 1446 argumenta
1619 1387 1909 1434 auctorum
1942 1394 2069 1449 por-

488 1477 716 1524 tentosae
767 1469 917 1523 illius
952 1476 1117 1538 atque
1162 1485 1341 1538 prava:
1394 1470 1712 1525 additionis.
1767 1469 1879 1541 Ego
1910 1485 2064 1536 vero,

489 1560 718 1631 ignarus
763 1560 913 1623 licet,
943 1578 962 1611 ι
996 1575 1211 1615 omnem
1248 1577 1472 1616 sensum
1528 1562 1809 1630 captivans
1844 1562 1898 1616 in
1934 1562 2068 1617 obe-

488 1652 745 1706 dientiam
776 1652 1001 1717 Christi,
1034 1671 1053 1703 ι
1089 1653 1190 1706 hac
1215 1654 1424 1709 ratione
1453 1655 1570 1708 loca
1599 1654 1689 1708 illa
1724 1657 1953 1724 explico.
1990 1655 2067 1710 Ea

489 1743 755 1798 sententia
791 1741 1122 1797 Athanasius
1169 1746 1267 1808 ait,
1319 1727 1580 1813 Spiritum
1625 1760 1692 1799 ex
1730 1744 1889 1800 Patre
1918 1761 2061 1808 esse.

2174 1012 2341 1066 εἰπὼν
2371 1012 2461 1066 τὸν
2491 1012 2617 1067 Υἱδν
2643 1010 2780 1066 εἶναι
2812 1012 3093 1084 προσεχῶς
3121 1012 3186 1064 ἐκ
3212 1010 3306 1063 τοῦ
3328 1008 3569 1083 πρώτου,
3597 1025 3753 1062 τουτο

2178 1104 2296 1157 ἐστι
2340 1102 2436 1156 τοῦ
2486 1104 2718 1176 Πατρὸς,
2790 1104 2918 1173 ἐξῆς
2964 1104 3143 1173 λέγει·
3173 1103 3247 1157 Τὸ
3271 1102 3495 1172 Πνεῦμα
3541 1101 3631 1155 διὰ
3657 1099 3750 1154 τοῦ

2171 1192 2453 1263 προσεχῶς
2492 1195 2556 1246 ἐκ
2598 1194 2690 1247 τοῦ
2726 1193 2973 1266 πρώτου·
3004 1196 3033 1248 6
3073 1193 3130 1247 δέ
3167 1211 3230 1263 γε
3283 1190 3595 1261 σοφώτατος
3637 1190 3751 1245 Κύ-

2173 1283 2347 1355 ριλλος
2381 1285 2693 1354 προφανῶς,
2726 1284 2911 1356 φησιν,
2947 1285 3169 1357 εἴρηκεν
3204 1283 3264 1349 ἐξ
3295 1285 3496 1354 ἀμφοῖν
3538 1282 3747 1352 Πατρὸς

2170 1377 2265 1430 καὶ
2327 1376 2457 1431 rica:
2521 1376 2582 1430 τδ
2633 1377 2858 1447 Πνεῦμα
2904 1378 2964 1430 τὸ
3011 1376 3186 1445 ἅγιον·
3250 1375 3434 1429 Ταῦτα
3495 1375 3605 1428 τῶν
3652 1375 3748 1446 τῆς

2170 1456 2376 1537 σαθρᾶς
2438 1466 2753 1539 προσθήκης
2812 1466 3190 1540 τερατουργῶν
3240 1466 3310 1520 τὰ
3362 1465 3744 1538 προϐλήματα.

2172 1559 2389 1627 Ἔγωγε
2437 1559 2482 1612 δ’
2532 1580 2551 1611 ‹
2599 1560 2745 1614 ᾶπαν
2798 1561 2995 1632 νόημα,
3041 1579 3060 1611 ι
3114 1560 3316 1631 καίπερ
3368 1559 3444 1613 ὢν
3492 1557 3744 1630 ἀμαθὴς.

2172 1670 2191 1701 ι
2223 1650 2640 1721 αἰχμαλωτίζων
2665 1654 2745 1716 εἰς
2782 1650 2878 1721 τὴν
2902 1652 3146 1722 ὑπακοὴν
3177 1651 3269 1704 τοῦ
3297 1648 3555 1722 Χριστοῦ.
3590 1668 3609 1701 ι
3644 1642 3745 1703 ὧδέ

2169 1756 2286 1804 πως
2319 1740 2491 1795 ταῦτα
2533 1743 2801 1811 διασαφῶ.
2832 1742 3018 1807 Οῦτως
3045 1742 3106 1796 τὸ
3135 1740 3360 1812 Πνεῦμα
3397 1741 3461 1795 ἐκ
3508 1739 3603 1795 τοῦ
3634 1742 3746 1795 Πα-

487 1843 543 1889 et
572 1850 602 1888 a
630 1831 809 1889 Verbo
834 1833 980 1903 quod
1005 1851 1070 1890 ex
1096 1834 1255 1889 Patre
1284 1835 1532 1904 procedit
1587 1835 2052 1902 Quemadmodum

2164 1834 2292 1905 τρός
2323 1851 2487 1906 φησιν
2523 1834 2859 1898 Ἀθανάσιος,
2890 1833 2982 1887 καὶ
3010 1832 3160 1904 παρὰ
3195 1832 3290 1886 τοῦ
3327 1832 3522 1900 Λόγου,
3552 1831 3647 1886 τοῦ
3681 1833 3743 1887 ἐκ

487 1941 555 1981 ex
608 1929 726 1997 ipso
778 1939 1047 1982 coanerno
1106 1927 1312 1983 Patre:
1348 1929 1492 1983 sicut
1540 1937 1594 1984 et
1644 1928 1879 1986 Verbum
1938 1933 2063 1987 mit-

486 2018 623 2072 titur
650 2019 918 2088 daturque
954 2019 1204 2075 lidelibus
1253 2035 1283 2073 a
1338 2018 1565 2090 Spiritu,
1616 2024 1806 2080 eadem
1851 2027 2062 2084 ratione

485 2123 595 2177 qua
637 2109 706 2163 ab
764 2110 882 2178 ipso
930 2108 1108 2165 Patre.
1143 2110 1536 2167 Testimonium
1580 2116 1764 2185 accipe
1823 2118 1891 2171 ah
1942 2119 2062 2188 ipso

485 2196 665 2253 Verbo
688 2209 851 2270 atque
884 2198 1044 2262 Filio,
1079 2202 1258 2257 aiente
1286 2222 1299 2257 :
1335 2221 1353 2254 ι
1387 2203 1623 2275 Spiritus
1644 2205 1853 2262 Domini
1898 2225 2064 2280 super

482 2290 639 2361 30],
658 2306 762 2353 me,
786 2307 851 2346 eo
873 2293 1019 2361 quod
1045 2294 1261 2347 unxerit
1283 2311 1388 2351 me.
1410 2295 1791 2368 Evangelizare
1810 2302 2061 2371 pauperi-

483 2381 586 2437 bus
614 2384 763 2437 misit
789 2385 955 2439 me".
991 2404 1009 2437 ι
1049 2383 1284 2441 Sanctus
1312 2403 1442 2455 ergo
1474 2386 1711 2458 Spiritus
1740 2390 1934 2446 Filium
1961 2410 2063 2448 uu-

483 2474 565 2529 xit
592 2483 757 2544 atque
787 2476 974 2541 misit;
1019 2478 1114 2532 sed
1153 2479 1316 2533 etiam
1349 2478 1515 2534 Pater
1542 2496 1605 2536 ex
1648 2482 1915 2538 ambobus
1967 2485 2060 2540 Fi-

484 2563 560 2619 lio
597 2566 810 2620 scilicet
842 2574 897 2621 et
929 2566 1134 2637 Spiritu
1169 2570 1423 2625 mittitur.
1465 2568 1581 2636 Qua
1634 2572 1847 2627 ratione
1895 2590 2059 2644 porro

482 2654 539 2709 id
580 2655 693 2722 fiat,
730 2655 945 2711 Patrem
981 2659 1105 2712 audi
1140 2674 1235 2728 per
1264 2658 1457 2714 Isaiam
1501 2662 1818 2731 pr0phctam
1865 2664 1941 2718 ita
1977 2666 2055 2719 Ιο-

481 2753 737 2816 quentem
782 2765 796 2801 :
840 2764 859 2797 ι
883 2746 1022 2801 Audi
1058 2763 1180 2810 me.
1228 2747 1395 2804 Iacob
1433 2760 1485 2805 et
1515 2751 1704 2817 Israel,
1736 2768 1897 2823 quem
1956 2771 2057 2826 ego

484 2850 623 2889 voco
659 2854 673 2890 :
711 2835 824 2907 Ego
862 2836 1004 2893 Deus
1023 2839 1251 2907 primus,
1284 2847 1336 2893 et
1357 2856 1458 2908 ego
1488 2850 1609 2910 post
1640 2844 1753 2898 haec
1787 2863 1801 2898 :
1833 2854 1889 2899 et
1917 2861 2057 2915 prae-

480 2936 563 2984 ter
600 2945 684 2985 me
723 2945 830 2983 non
869 2940 951 2985 est
983 2930 1144 2986 Deus.
1188 2932 1299 3002 Ego
1331 2948 1495 2987 manu
1530 2949 1649 2989 mea
1689 2934 1912 2991 fundavi
1945 2946 2056 2994 ter-

478 3034 620 3082 ram,
658 3030 711 3072 et
749 3017 985 3089 Spiritus
1023 3034 1178 3075 meus
1211 3020 1442 3075 ﬁrmavit
1483 3023 1701 3076 caalum.
1745 3023 1857 3094 Ego
1879 3027 2055 3080 omni-

478 3108 582 3163 bus
652 3109 819 3162 astris
872 3110 1106 3179 przecepi
1124 3149 1140 3165 .

476 3200 641 3255 me“.
677 3217 695 3253 ι
739 3198 902 3254 Pater
938 3200 1104 3271 igitur
1138 3209 1223 3256 est
1261 3202 1354 3272 qui
1394 3204 1497 3258 hoc
1532 3203 1652 3258 loco
1685 3204 1861 3260 dicit:
1904 3224 1924 3257 ι
1955 3206 2055 3262 Mi-

476 3291 549 3346 sit
587 3306 692 3347 me.
719 3311 738 3343 ι
762 3290 948 3346 Vidcn’
971 3293 1333 3363 aequalitatem
1369 3296 1531 3349 trium
1572 3311 1927 3366 personarum
1958 3315 2055 3355 ex-

474 3383 797 3439 celsissimae
834 3384 1099 3441 deitatis?
1153 3384 1287 3440 Cum
1332 3386 1572 3456 Spiritus
1610 3398 1838 3446 sanctus
1886 3393 2053 3448 mitti-

475 3481 567 3528 tur
602 3490 632 3528 a
671 3473 919 3538 duobus,
974 3484 1032 3529 ut
1079 3476 1567 3533 consubstantialis
1608 3481 1843 3535 mittitur
1878 3481 2028 3538 Patri

474 3573 640 3637 atque
673 3566 833 3623 Filio.
895 3566 1029 3621 Cum
1066 3576 1246 3622 autem
1284 3567 1454 3624 Filius
1485 3586 1549 3624 ex
1583 3570 1780 3637 Patre,
1817 3583 1876 3629 ut
1919 3591 2052 3630 con-

476 3658 856 3713 substantialis
923 3659 1085 3713 etiam
1138 3657 1389 3728 Spiritui.
1453 3659 1588 3715 Cum
1657 3676 1838 3718 autem
1889 3664 2085 3721 Pater'

469 3765 537 3805 ex
570 3748 707 3804 Filio
743 3760 798 3806 et
838 3749 1086 3821 Spiritu,
1146 3753 1301 3821 quasi
1340 3753 1849 3812 consubstantialis.
1910 3757 2046 3812 Cum

468 3842 606 3897 dixit
644 3845 828 3913 itaque
857 3860 1089 3914 magnus
1127 3845 1484 3913 Athanasius,
1522 3847 1757 3919 Spiritus
1792 3866 1855 3905 ex
1888 3849 2047 3906 Patre

467 3936 792 4005 procedens,
855 3937 1153 3991 declaravit
1207 3939 1481 3993 undenam
1555 3940 1795 4012 Spiritus
1848 3942 2046 3998 habeat

472 4027 920 4092 subsistentiam,
956 4029 1170 4083 scilicet
1208 4046 1273 4084 ex
1311 4032 1429 4085 solo
1461 4030 1641 4087 Patre.
1683 4033 1821 4088 Cum
1861 4046 2042 4090 autem

469 4118 546 4171 ait
577 4134 796 4172 rursum
835 4139 847 4173 :
885 4118 981 4172 lta'
1006 4128 1090 4174 est
1126 4119 1368 4190 Spiritus
1396 4139 1464 4177 ex
1504 4122 1702 4192 Patre,
1754 4136 1810 4181 ut
1849 4137 1934 4183 est
1977 4145 2043 4184 ex

467 4206 605 4260 Filio
632 4208 725 4275 qui
757 4215 841 4262 est
889 4224 954 4263 ex
987 4208 1183 4276 Patre;
1235 4213 1597 4282 aequalitatem
1639 4213 1817 4270 Patris
1869 4227 1921 4272 et
1952 4218 2043 4272 Fi-

466 4298 525 4353 lii
554 4302 1023 4365 commonstravit,
1054 4309 1113 4354 ut
1147 4301 1247 4355 hac
1276 4302 1330 4355 in
1363 4318 1420 4356 re
1448 4302 1807 4359 confunderet
1834 4307 2043 4378 impiis-

463 4391 663 4445 simum
710 4390 922 4456 Arium,
971 4392 1062 4462 qui
1103 4391 1301 4446 Filium
1355 4402 1664 4449 creaturam
1721 4412 1842 4452 esse
1885 4399 2037 4465 dicit,

461 4488 516 4536 et
544 4497 652 4535 non
687 4480 853 4535 Deum
888 4501 901 4536 :
943 4483 1099 4554 quasi
1142 4484 1293 4538 hisce
1345 4484 1497 4538 illum
1524 4486 1709 4543 verbis
1748 4492 2040 4559 compella-

460 4585 591 4628 ret:
630 4572 674 4627 Ο
715 4574 1038 4644 ἰιινρίἱεείιηε
1090 4575 1183 4630 Ari
1208 4617 1222 4641 ,
1263 4579 1343 4632 sic
1386 4576 1621 4647 Spiritus
1659 4581 1752 4650 qui
1793 4597 1823 4635 a
1872 4581 2036 4640 Patre

459 4666 746 4735 procedit,
790 4681 820 4720 a
862 4665 1000 4721 Filio
1038 4684 1201 4738 quem
1256 4679 1312 4724 tu
1354 4671 1700 4742 blasphemas
1725 4713 1741 4738 ,
1788 4675 2038 4744 splendet

457 4760 726 4829 daturque
781 4759 1072 4824 ﬁdelibus,
1134 4763 1437 4817 secundum
1496 4765 1617 4833 ejus
1663 4767 2034 4834 operationem

457 4858 623 4919 atque
662 4852 866 4906 donum
891 4894 906 4919 ,
940 4854 1401 4923 quemadmodum
1438 4859 1507 4911 ab
1542 4858 1663 4927 ipso
1701 4859 2035 4929 sempiterno

461 4940 641 4996 Patre.
675 4943 830 5008 Quod
863 4953 1044 4999 autem
1074 4945 1174 5000 hoc
1206 4946 1271 5001 ad
1302 4946 1450 5002 hunc
1477 4949 1697 5003 modum
1728 4965 1787 5006 se
1817 4950 2034 5019 habeat,

453 5032 595 5097 vide,
621 5048 825 5102 quasso,
867 5034 996 5104 quid
1046 5035 1112 5089 ad
1166 5034 1520 5106 Serapionem
1578 5040 1785 5093 scribat
1820 5041 2037 5109 episco-

455 5140 580 5193 pum
636 5127 725 5181 ille
754 5125 944 5190 Pater,
976 5128 1068 5197 qui
1098 5128 1168 5182 ab
1197 5128 1613 5185 immortalitate
1643 5145 1843 5185 nomen
1872 5146 2034 5186 acceo

454 5219 550 5286 pit.
609 5216 809 5272 Eadem
857 5219 1003 5274 enim
1041 5220 1301 5290 loquitur,
1341 5221 1518 5292 deque
1553 5224 1745 5279 iisdem
1776 5223 2023 5292 philosoc

455 5309 652 5376 phatur
683 5310 832 5365 hisce
863 5312 1046 5367 verbis
1078 5330 1091 5366 :
1142 5311 1611 5378 Quemadmodum
1644 5313 1816 5369 Filius
1849 5317 2034 5383 proles

451 5407 537 5453 est
578 5401 859 5471 unigenita
888 5402 1068 5458 Patris
1090 5444 1105 5468 ,
1138 5406 1211 5458 ita
1240 5416 1292 5459 et
1320 5404 1557 5475 Spiritus
1585 5420 1616 5459 a
1655 5403 1795 5459 Filio
1843 5404 2030 5467 datus,

528 5573 572 5606 "
610 5571 715 5629 lsa.
754 5592 877 5644 th,
916 5579 981 5646 ις
1010 5578 1144 5635 Luc.
1177 5597 1249 5645 tv,
1285 5582 1371 5638 i8.
1452 5584 1496 5616 “
1522 5584 1629 5640 lsa.
1663 5598 1854 5650 xu'ttt,
1886 5579 2070 5640 12—16.

536 5752 650 5823 (‘20)
684 5752 779 5810 llic
812 5755 1003 5813 desunt
1039 5760 1321 5816 nonnulla.

1238 3109 1304 3163 Et
1371 3127 1513 3166 nunc
1572 3112 1836 3171 Dominus
1901 3116 2120 3195 misitc

2165 1928 2400 2000 Πατρδς.
2454 1927 2920 1999 ἐκπορευόμενον,
2968 1925 3157 1997 ὥσπερ
3197 1923 3295 1979 καὶ
3348 1923 3410 1990 ἐξ
3451 1923 3618 1978 αὐτοῦ
3648 1921 3743 1978 τοῦ

2166 2019 2438 2073 συναῑδίου
2502 2019 2736 2091 Πατρδς,
2784 2016 2927 2071 καθὰ
2976 2017 3071 2071 καὶ
3116 2018 3146 2069 6
3193 2015 3321 2080 Υἱὸς
3370 2014 3544 2080 οὕτως
3605 2016 3741 2069 ἀπο·

2165 2112 2438 2166 στέλλεται
2494 2110 2654 2182 (ΞΟ),
2696 2111 2790 2164 καὶ
2859 2110 3059 2163 δίδοται
3128 2108 3279 2179 παρά
3326 2107 3422 2162 τοῦ
3483 2105 3738 2178 Πνεῦμα-

2160 2217 2252 2264 τος
2298 2204 2409 2264 τοῖς
2471 2203 2700 2263 πιστοῖς,
2747 2199 2823 2263 ὡς
2876 2198 2969 2252 καὶ
3019 2197 3079 2264 ἐξ
3134 2196 3297 2253 αὑτοῦ
3347 2196 3441 2251 τοῦ
3488 2196 3735 2269 Πατρός²

2160 2292 2256 2346 καὶ
2302 2292 2403 2362 τὴν
2466 2292 2774 2363 μαρτυρίαν
2825 2290 2917 2344 ἀπ’
2971 2289 3134 2344 αὑτοῦ
3197 2287 3440 2355 λάμϐανε
3487 2288 3581 2341 τοῦ
3639 2288 3739 2341 Λό-

2160 2400 2257 2452 γου
2331 2383 2426 2437 καὶ
2468 2381 2597 2436 Υἱοῦ
2618 2423 2633 2445 ,
2669 2402 2687 2433 ι
2711 2383 2939 2454 Πνεῦμα
2980 2383 3208 2454 Κυρίου,
3241 2403 3259 2434 ι
3310 2383 3581 2452 λέγοντος,
3610 2402 3628 2435 ι
3651 2383 3735 2437 ἐπ’

2158 2475 2278 2545 ἐμὲ,
2309 2469 2370 2529 οὗ
2415 2475 2618 2529 εἵνεκεν
2650 2474 2830 2546 ἐχρισέ
2861 2492 2949 2546 με.
3007 2473 3473 2543 Εὐαγγελίσασθαι
3503 2478 3737 2545 πτωχοῖς

2157 2566 2465 2619 ἁπέσταλκέ
2486 2584 2572 2637 με.
2590 2586 2607 2617 ι
2638 2567 2779 2639 Ἀρα
2800 2566 2860 2619 τὸ
2884 2565 3107 2638 Πνεῦμα
3138 2567 3234 2619 καὶ
3262 2565 3444 2638 ἔχρισε
3472 2566 3563 2621 τὸν
3586 2565 3736 2629 Υἱδν,

2157 2658 2251 2710 καὶ
2283 2657 2622 2711 ἀπέσταλκεν
2648 2674 2660 2687 ·
2711 2656 2848 2711 ἀλλά
2879 2659 2975 2711 καὶ
2999 2660 3028 2711 6
3061 2657 3252 2729 Πατὴρ
3280 2656 3342 2722 ἐξ
3378 2659 3582 2727 ἀμφοῖν
3606 2656 3731 2712 Υἱοῦ

2157 2748 2252 2800 καὶ
2275 2748 2591 2818 Πνεῦματος
2616 2747 3025 2803 ἀποστέλλεται.
3061 2748 3248 2812 Ὅπως
3279 2747 3336 2802 δέ
3355 2746 3535 2814 τοῦτο,
3571 2747 3731 2803 αὑτοῦ

2157 2837 2249 2891 τοῦ
2290 2839 2502 2910 Πατρός
2535 2838 2677 2892 οὕτω
2709 2838 2799 2893 διὰ
2847 2839 3069 2894 Ἡσαΐου
3114 2838 3208 2892 τοῦ
3241 2840 3521 2910 προφήτου
3554 2839 3734 2909 λέγον-

2154 2943 2247 2991 τος
2279 2927 2510 2982 ἄκουσον
2529 2945 2543 2961 ο
2614 2948 2632 2980 ι
2650 2928 2847 2983 ’Δκουέ
2877 2948 2999 3002 μου,
3044 2928 3236 2985 Ἰακὼϐ
3267 2931 3359 2984 καὶ
3389 2931 3627 3003 Ἰσραὴλ,
3674 2931 3731 2985 ὃν

2155 3018 2266 3089 ἐγὼ
2292 3020 2471 3073 καλῶ·
2517 3020 2657 3090 Ἐγὼ
2685 3022 2818 3086 Θεὸς
2841 3022 3057 3095 πρῶτος
3075 3063 3090 3082 .
3124 3022 3234 3091 ἐγὼ
3253 3023 3347 3076 καὶ
3374 3023 3513 3094 μετά
3530 3022 3728 3077 ταῦτα·

2154 3112 2250 3165 καὶ
2274 3112 2415 3183 πλὴν
2443 3113 2578 3184 ἐμοῦ
2613 3113 2734 3178 θεὸς
2757 3115 2857 3168 οὐκ
2872 3114 3036 3168 ἔστιν.
3060 3112 3202 3183 Ἐγὼ
3231 3112 3373 3186 χειρί
3408 3131 3509 3185 μου
3544 3113 3733 3185 ἐθεμεο

2156 3202 2327 3256 λίωσα
2370 3206 2468 3276 τὴν
2512 3204 2637 3272 γῆν,
2678 3206 2773 3258 καὶ
2816 3203 2879 3258 τὸ
2906 3204 3131 3275 Πνεῦμά
3172 3222 3272 3276 μου
3313 3206 3614 3278 ἐστερέωσε
3642 3204 3731 3259 τὸν

2155 3293 2403 3364 οὐρανόν.
2452 3292 2597 3362 Ἐγὼ
2637 3296 2770 3347 πᾶσι
2802 3297 2911 3359 τοῖς
2952 3296 3171 3367 ἄστροις
3199 3294 3572 3366 ἐνετειλάμην.
3625 3296 3729 3350 Καὶ

2154 3384 2251 3438 νῦν
2283 3384 2488 3457 Κύριος
2509 3385 2820 3440 ἀπέσταλκὲ
2850 3404 2937 3457 με.
2967 3407 2986 3438 ι
3030 3387 3175 3458 Ι’Δρα
3195 3389 3223 3440 6
3250 3387 3443 3458 Πατήρ
3475 3388 3623 3441 ἐστιν
3649 3389 3730 3440 ἐν·

2154 3478 2329 3533 ταῦθα
2369 3480 2397 3532 6
2423 3477 2597 3547 λέγων
2646 3479 2706 3533 τό
2734 3495 2748 3509 ’
2801 3497 2820 3530 ι
2863 3478 3195 3532 Ἀπέσταλκέ
3242 3496 3332 3550 με.
3360 3497 3379 3530 ι
3436 3479 3601 3551 Ὁρᾷς
3634 3479 3727 3552 τὴν

2156 3569 2431 3639 ἰσοτιμίαν
2455 3568 2563 3622 τῶν
2586 3569 2754 3641 τριῶν
2797 3568 3102 3641 προσώπων
3139 3569 3240 3641 τῆς
3274 3570 3588 3641 ὑπερτάτης
3618 3569 3728 3624 θεό-

2150 3677 2351 3731 τητος;
2407 3661 2534 3714 Ὅτε
2573 3660 2633 3714 τὸ
2664 3659 2891 3731 Πνεῦμα
2932 3662 2994 3714 τὸ
3038 3661 3193 3730 ἀγιον
3249 3661 3637 3715 ἀποστέλλεται
3668 3660 3728 3727 ἐξ

2150 3752 2373 3822 ἀμφοῖν,
2405 3751 2481 3816 ὡς
2502 3751 2783 3822 ὁμοούσιον
2806 3752 3190 3806 ἀποστέλλεται
3213 3753 3426 3824 Πατρὺς
3456 3754 3553 3807 καὶ
3577 3752 3722 3807 Υἱοῦ.

2150 3844 2279 3897 Ὅτε
2306 3843 2363 3897 δέ
2389 3842 2561 3908 όΥίός
2593 3846 2659 3898 ἐκ
2685 3844 2777 3899 τοῦ
2802 3844 3035 3915 [ἰατρὸς.
3068 3843 3145 3908 ὡς
3182 3844 3469 3916 όμοούσιος
3508 3846 3602 3900 καὶ
3634 3845 3723 3900 τοῦ

2150 3936 2486 4008 Πνεῦματος.
2541 3937 2671 3991 Ὅτε
2703 3938 2760 3991 δέ
2802 3940 2831 3991 6
2865 3936 3053 4008 Πατὴρ
3090 3940 3157 3991 ἐκ
3205 3936 3300 3990 τοῦ
3336 3937 3469 3991 Υἱοῦ
3504 3939 3599 3992 καὶ
3631 3936 3722 3992 τοῦ

2147 4030 2487 4100 Πνεύματος,
2529 4031 2606 4095 ὡς
2650 4031 2954 4101 ὁμοοῦσιος.
3023 4030 3209 4084 Εἰπὼν
3256 4031 3437 4085 τοίνυν
3477 4031 3506 4084 ὁ
3558 4031 3724 4102 μέγας

2158 4124 2494 4188 Ἀθανόισιος,
2530 4124 2591 4178 τὸ
2630 4123 3061 4194 ἐκπορευόμενον
3100 4122 3195 4177 τοῦ
3230 4124 3443 4196 Πατρδς
3481 4123 3720 4195 Πνεῦμα,

2144 4214 2412 4285 ἐδήλωσεν
2444 4214 2565 4268 ὅθεν
2602 4215 2716 4286 ἔχει
2750 4215 2809 4268 τὸ
2834 4214 3058 4286 Πνεῦμα
3088 4216 3188 4287 τὴν
3218 4214 3450 4287 ὓπαρξιν
3475 4255 3490 4279 ,
3529 4219 3593 4270 ἐκ
3628 4215 3722 4287 μό-

2143 4321 2234 4358 νου
2263 4304 2505 4376 δηλονότι
2537 4306 2630 4359 τοῦ
2675 4289 2917 4378 Πατρός.
2950 4304 3133 4359 Εἰπὼν
3166 4307 3224 4360 δὲ
3258 4307 3419 4361 πάλιν
3464 4307 3607 4361 οὕτω
3662 4307 3722 4360 τὸ

2146 4396 2370 4466 Πνεῦμα
2403 4399 2469 4451 ἐκ
2498 4397 2594 4451 τοῦ
2634 4396 2878 4468 Πατρὸς,
2907 4397 2982 4461 ὼς
3016 4397 3166 4469 παρὰ
3198 4397 3293 4451 τοῦ
3326 4398 3499 4467 Λόγου
3533 4398 3624 4451 τοῦ
3658 4399 3720 4450 ἐκ

2078 4481 2118 4535 D
2149 4486 2362 4554 Πατρὸς
2383 4526 2397 4549 ,
2434 4487 2533 4557 τὴν
2569 4487 2837 4557 ἰσοτιμίαν
2885 4487 3121 4559 ἐδήλωσε
3172 4489 3386 4567 Πατρός
3439 4489 3533 4542 καὶ
3568 4488 3715 4554 Υἱοῦ,

2144 4576 2503 4648 καταισχῦναι
2557 4579 2615 4632 ἐν
2658 4578 2834 4649 τούτῳ
2879 4580 2970 4633 τὸν
3016 4580 3321 4634 ἀθεώτατον
3378 4582 3629 4653 Ἀρειον,
3663 4580 3719 4644 ὃς

2143 4666 2348 4737 κτίσμα
2394 4667 2566 4736 ἔλεγε,
2606 4668 2700 4722 καὶ
2742 4670 2802 4722 οὐ
2860 4668 2991 4722 Θεὸν
3030 4670 3121 4724 τὸν
3156 4670 3283 4723 Υίόν
3306 4686 3320 4700 ”
3356 4672 3520 4725 οἱονεὶ
3550 4675 3718 4726 ταῦτα

2141 4757 2317 4826 λέγων
2365 4760 2502 4830 πρὸς
2550 4759 2742 4813 αὐτόν’
2789 4756 2861 4814 Ὦ
2904 4760 3179 4815 ἀθεώτατε
3222 4764 3428 4831 ⁸’Δρειε,
3463 4763 3607 4819 οὕτω
3660 4764 3718 4818 τὸ

2141 4852 2573 4924 ἐκπορευόμενον
2611 4853 2835 4923 Πνεῦμα
2878 4852 2974 4906 τοῦ
3018 4854 3252 4925 Πατρὸς,
3302 4855 3454 4926 παρά
3496 4855 3592 4909 τοῦ
3621 4854 3719 4909 ὑπὸ

2146 4941 2241 4995 σοῦ
2308 4941 2798 5014 βλασφημουμένου
2852 4945 2982 4998 Υἱοῦ
3049 4943 3320 5016 ἐκλάμπει
3372 4947 3468 5001 καὶ
3524 4947 3714 5001 δίδοται

2141 5039 2257 5100 τοῖς
2291 5039 2499 5100 πιστοῖς
2534 5036 2675 5090 κατά
2714 5037 2813 5106 τὴν
2847 5037 3012 5092 αὐτοῦ
3051 5038 3333 5110 ἐνέργειαν
3365 5039 3459 5093 καὶ
3494 5040 3714 5112 δωρεὰν,

2143 5127 2333 5201 ὥσπερ
2366 5130 2459 5183 καὶ
2492 5128 2552 5194 ἐξ
2583 5130 2750 5183 αὐτοῦ
2782 5129 2877 5183 τοῦ
2913 5129 3185 5183 συναῖδίου
3214 5131 3450 5202 Πατρός.
3505 5132 3717 5185 Ὀτισδὲ

2136 5221 2295 5275 τοῦτο
2326 5220 2565 5276 τοιοῦτον
2598 5222 2708 5292 ἔχει
2738 5222 2830 5276 τὸν
2861 5223 3083 5294 τρόπον,
3123 5223 3225 5294 ὅρα
3256 5222 3309 5275 τί
3342 5223 3545 5294 γράφει
3588 5222 3719 5293 πρὸς

2136 5312 2226 5365 τὸν
2290 5311 2586 5365 ἐπίσκοπον
2647 5313 2740 5365 τὸν
2791 5312 3113 5383 Σεραπίωνα
3142 5352 3157 5376 ,
3216 5313 3245 5363 6
3277 5311 3377 5382 τῆς
3423 5311 3716 5372 ἀθανασίας

2141 5401 2450 5474 ἀξιώνυμος
2499 5397 2650 5468 οὗτος
2686 5404 2896 5476 Πατήρ.
2959 5403 3040 5458 Τά
3072 5401 3212 5458 αὐτὰ
3243 5402 3354 5475 γὰρ
3391 5402 3586 5473 λέγων,
3623 5401 3715 5455 καὶ
