3940 6522
213 419 305 478 829

1358 416 1590 475 SERMO
1625 417 1904 475 CONTRA
1935 417 2248 474 LATINOS.

3314 418 3419 476 850

214 529 490 604 ςιλοσοφῶν
540 529 676 601 περὶ
718 527 825 584 τῶν
870 529 1069 593 αὐτῶν,
1116 526 1260 583 οὕτω
1292 531 1512 585 κάκεϊσέ
1557 548 1740 603 φησιν

1861 540 2024 601 atque
2050 530 2254 586 missus
2275 570 2290 594 ,
2323 528 2439 600 ipse
2474 544 2693 600 quoque
2726 545 2872 585 unus
2906 536 2991 587 est
3015 538 3071 585 et
3104 544 3216 587 non
3240 532 3423 599 multi,

215 627 398 694 Ὥσπερ
426 621 676 691 γέννημα
698 620 982 692 μονογενὲς
1011 622 1156 674 ἐστιν
1189 622 1218 673 6
1246 620 1373 684 Υἱὸς
1400 620 1495 675 τοῦ
1523 622 1752 692 Πατρὸς,

212 715 333 771 οὕτω
377 713 466 765 καὶ
516 713 578 765 τὸ
625 710 850 782 Πνεῦμα
882 710 1034 782 παρὰ
1064 710 1159 764 τοῦ
1193 710 1323 764 Υἱοῦ
1358 711 1628 780 διδόμενον
1661 713 1755 766 καὶ

212 806 553 877 πμπόμενον,
605 806 700 859 καὶ
743 804 873 857 αὐτὸ
918 804 975 857 ἓν
1003 804 1098 858 καὶ
1162 804 1223 857 οὐ
1279 804 1466 867 πολλὰ,
1524 805 1631 857 οὐδ’
1690 807 1755 858 ὲκ

212 899 393 955 πολλῶν
426 898 504 959 ἓν,
554 898 695 952 ἀλλὰ
739 898 896 968 μόνον
945 896 1076 950 αὐτὸ
1127 896 1372 968 Πνεῦμα.
1456 896 1607 961 Ἐνὺς
1644 897 1753 968 γὰρ

211 995 340 1053 imo;
381 987 475 1041 τοῦ
498 986 631 1040 Υἱοῦ
667 986 758 1040 τοῦ
806 986 1005 1051 ζῶντος
1031 984 1226 1052 Λόγου,
1286 984 1413 1056 μίαν
1478 980 1616 1039 εἶναι
1671 984 1753 1038 δεῖ

209 1081 391 1135 τελείαν
426 1080 518 1133 καὶ
549 1078 735 1149 πλήρη
779 1079 878 1147 τὴν
917 1076 1241 1147 ἀγιαστικὴν
1282 1075 1377 1128 καὶ
1420 1075 1751 1146 φωτιστικὴν

210 1174 351 1243 ζωὴν,
401 1168 565 1225 οὖσαν
592 1170 878 1241 ἐνέργειαν
922 1169 1015 1222 acati.
1054 1167 1261 1239 δωρεὰν
1299 1167 1483 1229 αὑτοῦ,
1526 1168 1646 1237 ἥτις
1685 1183 1749 1235 γε

208 1267 261 1318 ἐκ
296 1263 496 1332 Πατρδς
522 1262 741 1330 λέγεται
785 1257 1198 1331 ἐκπορεύεσθαι,
1242 1258 1425 1329 ἐπειδὴ
1461 1257 1609 1329 παρά
1655 1257 1748 1311 τοῦ

209 1357 357 1424 Λόγου
383 1355 475 1409 τοῦ
517 1358 584 1409 ἐκ
623 1353 837 1425 Πατρδς
864 1352 1294 1424 ὁμολογουμένου
1337 1350 1607 1422 ὲκλάμπει
1657 1350 1749 1404 καὶ

210 1449 564 1502 ἀποστέλλεται
605 1447 703 1501 καὶ
747 1445 965 1499 δίδοται.
1011 1446 1220 1513 Ὥσπερ
1250 1443 1495 1515 γέννημα
1528 1459 1749 1512 μονογε-

209 1540 300 1602 νὲς,
326 1538 500 1608 φησιν,
530 1539 560 1590 6
592 1537 720 1599 Υἱὸς
745 1535 836 1589 τοῦ
873 1536 1103 1606 Πατρὸς,
1142 1534 1285 1587 οὕτω
1326 1535 1418 1587 καὶ
1458 1532 1749 1605 πρόϐλημα

208 1627 284 1680 τοῦ
327 1625 484 1680 αὐτοῦ
538 1626 757 1696 Πατρὸς
804 1623 861 1677 ἐν
911 1624 971 1677 τὸ
1018 1623 1237 1693 Πνεῦμα
1292 1623 1386 1676 καὶ
1441 1624 1502 1676 οὐ
1556 1622 1743 1685 πολλὰ,

207 1718 307 1772 οὐδ’
331 1720 390 1772 ἐκ
412 1717 621 1771 πολλῶν
652 1714 1009 1787 δηλονότιτὴν
1036 1714 1266 1786 ὓπαρξιν
1294 1714 1543 1785 ἐσχηκός.
1609 1715 1744 1767 Ἀλλ’

208 1809 268 1871 6i;
306 1808 452 1879 μόνον
507 1807 643 1860 αὐτὸ
685 1805 908 1877 Πνεῦμα
946 1806 1040 1859 καὶ
1080 1805 1389 1876 πρόϐλημα,
1429 1804 1600 1869 οὕτως
1652 1804 1746 1857 καὶ

1856 635 2034 689 neque
2072 635 2140 675 ex
2195 619 2385 674 multis
2428 635 2610 683 unus,
2652 618 2748 675 sed
2801 619 2917 689 ipse
2961 618 3113 674 solus
3162 618 3421 688 Spiritus.

1856 709 2011 768 Unus
2061 711 2205 765 enim
2255 725 2378 764 cum
2427 710 2499 765 sit
2542 708 2712 766 Filius
2745 708 2979 765 Verbum
3020 711 3229 770 vivens.
3257 726 3424 766 unam

1853 815 1975 855 esse
2001 807 2218 870 oportet
2266 799 2559 870 perfectam
2594 800 2919 870 plenamque
2941 841 2956 865 ,
2991 799 3422 855 sanctificante":

1854 902 2017 964 atque
2068 894 2464 948 illuminantem
2518 892 2705 956 vitam,
2748 908 2868 962 qua:
2914 894 2985 947 sit
3012 893 3131 962 ejus
3176 895 3422 962 Operatio

1853 994 2014 1053 atque
2069 985 2303 1050 dormm,
2350 999 2472 1054 quin
2517 983 2719 1039 dicitur
2770 1000 2836 1039 ex
2882 983 3043 1038 Patre
3085 984 3417 1055 procedere;

1852 1077 2291 1147 quandoquidem
2338 1091 2403 1130 ex
2436 1074 2649 1138 Verbo,
2690 1076 2835 1145 quod
2890 1092 2956 1129 ex
2988 1074 3147 1131 Patre
3189 1091 3310 1131 esse
3362 1077 3417 1130 in

1850 1168 2110 1223 confesso
2138 1175 2242 1229 εει,
2273 1168 2543 1237 splendet,
2583 1167 2812 1221 mittitur
2863 1178 3022 1236 atque
3052 1166 3234 1225 datur.
3267 1167 3421 1222 Sicut

1849 1260 2030 1330 proles
2069 1259 2348 1330 unigenita
2375 1270 2479 1323 est,
2521 1260 2622 1321 ait,
2657 1257 2834 1313 Patris
2860 1259 3065 1324 Filius,
3100 1260 3173 1314 ita
3199 1267 3253 1316 et
3291 1274 3418 1330 pro-

1848 1352 2032 1407 ductio
2056 1351 2300 1420 ejusdem
2326 1350 2505 1408 Patris
2532 1359 2616 1407 est
2642 1366 2784 1405 unus
2815 1349 3050 1420 Spiritus
3074 1360 3129 1405 et
3156 1367 3262 1406 non
3285 1353 3419 1407 mul-

1848 1443 1912 1506 ti,
1951 1458 2054 1497 nec
2091 1458 2159 1497 ex
2187 1442 2393 1499 multis.
2430 1448 2490 1496 ut
2521 1442 2738 1512 planum
2775 1448 2882 1501 est.
2918 1441 3079 1497 habet
3108 1443 3415 1498 subsisten-

1846 1533 1997 1586 tiam.
2031 1530 2137 1586 Sed
2170 1533 2313 1587 sicut
2340 1548 2484 1587 unus
2512 1539 2596 1587 est
2632 1531 2749 1601 ipse
2783 1529 3041 1600 Spiritus,
3074 1549 3243 1591 unum
3288 1549 3416 1604 pro-

1847 1622 2092 1686 ductum,
2118 1621 2190 1675 ita
2216 1630 2268 1675 et
2296 1637 2362 1676 ex
2403 1622 2521 1677 solo
2550 1630 2604 1676 et
2633 1637 2742 1676 uno
2770 1632 2854 1679 est
2880 1622 3059 1678 Patre.
3094 1623 3231 1688 Cum
3272 1640 3415 1680 unus

1847 1728 2084 1783 namque
2123 1713 2194 1767 sit
2232 1710 2405 1767 Filius
2445 1712 2631 1768 vivens
2675 1712 2935 1776 Verbum.
2987 1720 3173 1783 utpote
3201 1731 3267 1768 ex
3307 1729 3417 1770 uno

1846 1802 2042 1869 Patre;
2078 1818 2241 1856 unam
2272 1818 2488 1873 quoque
2509 1810 2723 1873 oportet
2750 1819 2873 1858 esse
2907 1802 3201 1874 perfectam
3231 1811 3285 1858 et
3309 1803 3418 1873 ple-

210 1904 261 1955 ὲκ
301 1871 448 1971 μόνου
484 1900 648 1953 τοῦτο
684 1900 778 1953 καί
812 1871 870 1965 £5
897 1900 1014 1963 ἐνὸς
1039 1871 1134 1952 τοῦ
1174 1871 1403 1969 Πατρός.
1465 1898 1615 1960 Ένὺς
1636 1899 1740 1968 γὰρ

1847 1908 2008 1955 nam.
2049 1871 2479 1949 sanctificanlem
2525 1871 2580 1949 et
2624 1871 3016 1950 illuminantem
3059 1895 3259 1958 vitam,
3296 1871 3416 1964 qua:

207 1997 332 2060 ὄντος
369 1991 457 2049 τοῦ
500 1995 635 2049 Υἱοῦ
675 1995 770 2049 τοῦ
818 1994 1017 2061 ζῶντος
1053 1995 1247 2062 Λόγου,
1288 1993 1363 2056 ὡς
1404 1992 1462 2056 ἐξ
1508 1991 1624 2055 ἑνὸς
1652 1989 1743 2044 τοῦ

206 2087 407 2158 Πατρὸς,
438 2088 531 2141 καὶ
571 2088 703 2157 μίαν
748 2082 886 2140 εἶναι
931 2087 1012 2140 δεῖ
1054 2086 1267 2140 τελείαν
1303 2085 1397 2138 καὶ
1437 2084 1615 2155 πλήρη
1647 2083 1744 2154 τὴν

207 2175 488 2247 ἀγιαστικὴν
520 2176 618 2229 καὶ
660 2174 995 2244 φωτιστικὴν
1025 2173 1190 2243 ζωὴν,
1237 2173 1356 2242 ἥτις
1382 2166 1449 2241 ἦν
1478 2171 1537 2223 τὺ
1570 2170 1742 2224 Πνεῦ-

208 2285 269 2337 μα
298 2267 350 2319 τὸ
391 2266 561 2335 ἀγιον,
599 2266 662 2319 τὸ
694 2265 790 2334 τὴν
824 2265 957 2318 ἰδίαν
995 2262 1186 2318 ἑαυτοῦ
1227 2261 1435 2333 δωρεὰν
1465 2260 1740 2333 ἐνεργοῦν,

207 2360 281 2411 καὶ
316 2357 546 2429 διαιροῦν
596 2357 704 2428 ἰδίᾳ
746 2357 980 2426 ἑκάστῳ,
1029 2354 1211 2417 καθὼς
1261 2352 1526 2423 βούλεται.
1583 2353 1742 2415 ’Ἡτις

205 2467 254 2518 γε
277 2449 436 2520 δωρεὰ
468 2449 555 2502 διὰ
587 2448 750 2502 τοῦτο
781 2450 845 2501 ὲκ
871 2447 963 2499 τοῦ
999 2446 1213 2517 Πατρὸς
1238 2444 1452 2513 λέγεται
1480 2444 1743 2514 ἐκπορεύ-

206 2541 351 2599 εσθαι,
385 2541 657 2594 τουτέστιν
681 2538 958 2609 ἐκχεῖσθαι
996 2538 1089 2591 καὶ
1120 2536 1563 2597 ἀποστέλλεσθαι,
1594 2537 1742 2588 ἐπει-

204 2629 255 2700 δὴ
289 2630 425 2700 παρά
462 2630 556 2683 τοῦ
600 2630 777 2699 Λόγου
821 2629 912 2682 τοῦ
959 2631 1021 2681 ἐκ
1060 2628 1271 2698 Πατρὸς
1312 2627 1737 2698 ὁμολογουμένου

207 2719 440 2791 ἐκλάμπει
479 2720 573 2772 καὶ
616 2718 1004 2789 ἀποστέλλεται
1037 2717 1129 2771 καὶ
1166 2716 1385 2769 δίδοται.
1441 2716 1738 2787 Φιλοσοφή-

207 2824 285 2872 σας
318 2810 519 2880 πρῶτον
551 2812 581 2862 6
614 2810 770 2878 ἀγιος
800 2810 927 2880 περὶ
960 2809 1056 2879 τῆς
1093 2806 1419 2878 προαιωνίου
1448 2806 1540 2859 τοῦ
1569 2806 1738 2859 Πνεῦ-

209 2915 348 2968 paro;
386 2898 756 2971 ὲκπορεῦσεως
779 2896 1053 2969 ἀμυδρῶς,
1092 2896 1251 2966 μόνον
1294 2895 1424 2948 αὐτὸ
1452 2894 1738 2961 ἀποδείξας

207 2990 480 3060 πρόϐλημα,
542 2990 617 3054 ὡς
670 2988 728 3055 ἐξ
766 2988 882 3051 ἑνὸς
923 2986 1015 3040 τοῦ
1063 2984 1370 3059 προϐολέως
1403 3001 1461 3036 τε
1493 2983 1588 3036 καὶ
1624 2984 1737 3036 Πα-

206 3079 326 3150 τρδς,
371 3080 451 3133 διά
501 3080 609 3132 τῶν
663 3079 789 3150 ἑξῆς
823 3080 954 3149 ἡμῖν
990 3076 1338 3131 ἀποδείκνυσι
1376 3074 1518 3145 μάλα
1550 3072 1737 3143 σαφῶς

207 3170 282 3220 καὶ
316 3171 404 3241 τὴν
436 3169 537 3223 ὑπὸ
575 3170 770 3242 χρόνον
806 3169 1089 3240 πρόχυσιν,
1133 3167 1207 3231 ὡς
1240 3166 1300 3230 ἐξ
1329 3166 1529 3236 ἀμφοῖν
1564 3165 1736 3237 ὑπάρ-

205 3276 368 3329 χουσαν
399 3262 605 3332 Πατρὸς
637 3262 729 3314 καὶ
771 3260 923 3313 Υἱοῦ.
957 3260 1130 3329 Ὅπερ
1163 3258 1219 3311 δὲ
1252 3257 1471 3310 δύναται
1507 3257 1622 3309 ἐκεῖ
1650 3256 1730 3317 τὸ,

206 3349 334 3403 Οῦτω
362 3351 417 3405 τὸ
448 3353 674 3422 Πνεῦμα
707 3353 769 3404 ὲκ
802 3349 895 3403 τοῦ
948 3349 1179 3417 Πατρὸς,
1214 3348 1288 3412 ὼς
1323 3347 1473 3418 παρά
1501 3346 1593 3400 τοῦ
1634 3346 1735 3399 Λό-

204 3458 283 3509 γου
317 3443 399 3496 τοῦ
445 3447 508 3497 ἐκ
544 3443 791 3515 Πατρὸς.
832 3441 1003 3505 οὕτως
1047 3439 1276 3494 ἐνταῦθα
1310 3440 1403 3492 καὶ
1435 3438 1526 3491 τό·
1574 3438 1733 3500 Ἢτις

1844 1990 1931 2039 est
1963 1983 2202 2053 Spiritus
2231 1991 2476 2047 sanctus,
2507 1985 2599 2054 qui
2647 1985 2848 2039 donum
2898 1985 3013 2055 ipse
3041 2001 3199 2040 suum
3230 2000 3417 2055 npera-

1845 2084 1972 2139 tur,
2005 2085 2060 2132 et
2105 2076 2296 2130 dividit
2331 2077 2548 2146 proprie
2598 2076 2830 2147 singulis
2871 2084 3035 2148 prout
3080 2078 3212 2131 vult.
3256 2077 3415 2144 Quod

1844 2166 2046 2220 donum
2097 2167 2220 2221 ideo
2252 2182 2317 2221 ex
2356 2166 2517 2222 Patre
2556 2166 2759 2221 dicitur
2786 2167 3113 2238 procedere,
3155 2168 3259 2222 hoc
3305 2177 3413 2235 est,

1842 2257 2048 2313 effundi
2087 2267 2250 2329 atque
2282 2258 2465 2322 mitti,
2516 2259 2643 2329 quia
2683 2276 2714 2313 ιι
2742 2257 2941 2322 Verbo,
2987 2258 3130 2328 quod
3156 2274 3219 2314 ex
3251 2257 3416 2315 Patre

1841 2364 1964 2404 esse
2009 2350 2066 2404 in
2102 2348 2355 2406 confesso
2400 2357 2506 2413 est,
2559 2350 2828 2420 splendet,
2858 2351 3092 2405 mittitur
3130 2357 3185 2407 et
3227 2352 3410 2409 datur.

1841 2440 1980 2496 Cum
2017 2443 2172 2511 prius
2204 2450 2429 2497 sanctus
2461 2442 2551 2497 ille
2579 2444 2938 2500 ratiocinatus
2960 2444 3302 2500 subobscure
3330 2461 3415 2500 es-

1843 2543 1928 2589 set
1972 2533 2041 2588 de
2077 2536 2426 2604 processione
2471 2533 2708 2604 Spiritus
2758 2550 2877 2604 qua:
2916 2544 3000 2591 est
3032 2545 3156 2592 ante
3188 2537 3410 2602 saecula,

1840 2624 2125 2694 solumque
2155 2624 2330 2694 ipsum
2365 2624 2660 2680 ostendens
2689 2640 2809 2681 esse
2853 2626 3176 2695 productum
3200 2666 3217 2692 ,
3254 2628 3411 2697 quasi

1839 2729 1903 2768 ex
1936 2729 2051 2767 uno
2094 2714 2439 2784 productore.
2494 2726 2659 2785 atque
2687 2713 2891 2781 Patre;
2935 2716 2989 2770 in
3027 2717 3413 2787 subsequenti-

1836 2806 1940 2859 bus
1968 2805 2125 2861 uobis
2157 2806 2364 2876 liquido
2394 2807 2637 2861 declarat
2666 2823 2785 2861 eam
2816 2824 2937 2878 quae.
2977 2808 3030 2862 in
3058 2816 3303 2879 tempore
3325 2815 3413 2864 est

1838 2894 2211 2965 profusionem
2237 2937 2253 2959 ,
2304 2898 2460 2967 quasi
2500 2914 2563 2951 ex
2614 2897 2849 2958 duobus.
2883 2898 3042 2954 Patre
3089 2900 3299 2955 scilicet
3328 2907 3411 2953 at-

1841 3003 1947 3057 que
1987 2987 2127 3042 Filio
2151 3029 2165 3051 ,
2200 2990 2593 3056 exsistentem;
2641 2989 2788 3058 quod
2820 2990 3017 3044 ibidem
3063 2991 3410 3061 significatur

1839 3075 1943 3130 hoc
1974 3077 2121 3131 dicto
2154 3096 2167 3132 :
2202 3075 2293 3131 Sic
2331 3076 2570 3147 Spiritus
2618 3093 2684 3132 ex
2719 3076 2876 3133 Patre
2898 3118 2914 3142 ,
2951 3079 3409 3149 quemadmodum

1839 3182 1869 3220 a
1902 3167 2079 3224 Verbo
2128 3169 2272 3238 quod
2305 3177 2389 3223 est
2425 3184 2490 3224 ex
2534 3168 2713 3224 Patre.
2753 3169 2829 3223 Ita
2871 3185 3091 3240 quoque
3141 3170 3243 3224 hoc
3290 3171 3411 3225 loco

1841 3257 1972 3312 illud
2006 3278 2020 3312 :
2049 3257 2179 3324 Quae
2202 3274 2265 3313 ex
2300 3258 2459 3314 Patre
2486 3259 2689 3314 dicitur
2717 3261 3028 3331 procedere,
3062 3263 3409 3334 quandoqui-

1837 3346 1958 3402 dem
1990 3364 2019 3402 a
2051 3347 2256 3413 Verbo,
2293 3350 2438 3421 quod
2484 3366 2549 3405 ex
2582 3350 2742 3407 Patre
2773 3366 2895 3408 esse
2932 3353 2986 3408 in
3019 3354 3273 3410 confesso
3304 3365 3409 3422 est,

1838 3439 2101 3508 splendet,
2132 3442 2364 3495 mittitur
2390 3450 2443 3497 et
2468 3442 2647 3497 datur.

205 3551 254 3601 γε
281 3537 335 3588 ἐκ
363 3536 450 3589 τοῦ
484 3535 700 3607 Πατρὸς
727 3535 942 3603 λέγεται
972 3533 1381 3605 ἐκπορεύεσθαι,
1417 3530 1603 3602 ἐπειδὴ
1627 3529 1776 3601 παρὰ
1805 3531 1899 3584 τοῦ
1954 3533 2129 3601 Λόγου
2163 3533 2258 3586 τοῦ
2290 3536 2354 3587 ὲκ
2416 3535 2627 3605 Πατρὸς
2671 3534 3102 3606 ὁμολογουμένου
3142 3535 3412 3607 ἐκλάμπει

205 3627 280 3678 καὶ
307 3626 682 3681 ἀποστέλλεται
712 3628 806 3680 καὶ
835 3626 1056 3681 δίδοται.

281 3743 327 3796 3.
377 3745 507 3797 Κατ’
562 3743 732 3797 αὐτὸν
790 3744 846 3797 δὲ
905 3744 996 3796 τὸν
1056 3742 1261 3815 τρόπον
1313 3742 1411 3798 καὶ
1456 3744 1484 3796 6
1516 3741 1739 3812 Νύσσης

205 3831 463 3906 Γρηγόριος
512 3836 573 3889 τὸ
626 3835 849 3906 Πνεῦμα
896 3834 984 3889 διὰ
1039 3834 1134 3888 τοῦ
1188 3834 1468 3907 προσεχῶς
1523 3836 1588 3886 ὲκ
1644 3831 1737 3886 τοῦ

207 3922 386 3992 πρώτου
420 3927 547 3995 φησι
573 3944 585 3956 ⁸
627 3924 764 3996 μετά
794 3924 888 3978 τοῦ
915 3922 1043 3977 Υἱοῦ
1093 3924 1331 3995 δηλονότι
1380 3921 1735 3994 συνημμένως

207 4016 281 4064 καὶ
319 4015 443 4084 ἅμα,
495 4016 586 4069 καὶ
644 4016 702 4068 οὐ
758 4013 898 4085 μετὰ
936 4013 1025 4067 τὸν
1068 4013 1195 4065 Υἰὸν
1249 4013 1546 4084 ὑστερίζων
1594 4010 1738 4065 κατά

207 4102 285 4171 τὴν
341 4105 583 4179 ὓπαρξιν.
659 4105 843 4160 Εἰπὼν
904 4105 961 4158 δὲ
1020 4105 1112 4158 τὸν
1168 4104 1296 4158 Υἱὸν
1342 4102 1623 4175 προσεχῶς
1668 4104 1733 4157 ὲκ

207 4195 281 4247 τοῦ
331 4196 554 4269 πρώτου,
623 4199 697 4270 μὴ
746 4198 931 4268 νόμιζε
1007 4197 1081 4268 μὴ
1131 4198 1225 4251 καὶ
1272 4195 1435 4260 αὐτὸς
1479 4192 1617 4249 εἶναι
1672 4195 1734 4248 τὸ

210 4284 397 4357 Πνεῦμα
451 4290 732 4363 προσεχῶς
786 4292 849 4342 ἐκ
914 4288 1005 4342 τοῦ
1065 4288 1302 4361 πρώτου.
1366 4288 1577 4359 Ὠσπερ
1628 4286 1735 4358 γὰρ

209 4373 372 4439 όΥἱδς
433 4378 713 4449 προσεχῶς
774 4378 868 4431 καὶ
931 4377 1156 4446 ἔγγιστα
1207 4380 1271 4431 ὲκ
1322 4379 1415 4431 τοῦ
1477 4376 1693 4449 πρώτου
1719 4414 1735 4440 ,

208 4465 416 4521 τουτέστι
465 4469 559 4522 τοῦ
609 4470 842 4540 Πατρὸς,
891 4468 1031 4522 οὕτω
1080 4469 1173 4523 καὶ
1216 4468 1276 4522 τὸ
1317 4468 1540 4539 Πνεῦμα
1568 4484 1737 4540 προσ-

1910 3737 1964 3792 5.
2000 3736 2201 3792 Eodem
2231 3751 2449 3806 quoque
2499 3736 2662 3791 modo
2687 3734 2980 3806 Gregorius
3011 3735 3290 3807 Nyssenus
3338 3738 3414 3793 ait

1842 3827 2101 3899 Spiritum
2138 3843 2234 3897 per
2258 3844 2382 3882 eum
2424 3842 2546 3883 esse
2569 3828 2660 3899 qui
2686 3835 2769 3882 est
2805 3828 3152 3897 peculiariter
3189 3844 3254 3882 ex
3300 3829 3413 3899 pri-

1838 3936 1970 3981 mo;
2033 3934 2157 3974 cum
2193 3917 2331 3971 Filio
2379 3919 2589 3973 scilicet
2634 3919 2969 3986 conjunctim
3015 3927 3178 3988 atque
3224 3919 3409 3983 simul,

1837 4024 2013 4079 neque
2056 4015 2178 4078 post
2218 4006 2411 4062 Filium
2462 4009 2761 4063 secundum
2804 4010 3234 4066 subsistentiam.
3274 4012 3410 4071 Cum

1838 4103 1915 4155 ait
1964 4107 2143 4155 autem
2177 4098 2371 4153 Filium
2416 4100 2765 4168 peculiariter
2809 4116 2872 4155 ex
2910 4101 3107 4169 primo,
3152 4118 3220 4156 ne
3266 4102 3414 4156 arbi-

1838 4197 1987 4245 trere
2026 4190 2203 4259 ipsum
2235 4188 2498 4259 Spiritum
2528 4204 2634 4241 non
2674 4202 2796 4243 esse
2828 4189 3173 4258 peculiariter
3213 4205 3276 4244 ex
3302 4191 3414 4261 pri-

1840 4293 1949 4334 mo.
2008 4268 2477 4345 Quemadmodum
2527 4278 2672 4332 enim
2721 4276 2896 4333 Filius
2949 4280 3299 4350 peculiariter
3359 4289 3415 4336 ει

1839 4370 2086 4440 proxime
2116 4384 2179 4423 ex
2216 4367 2392 4438 primo
2417 4375 2523 4431 est,
2559 4367 2612 4422 id
2638 4379 2743 4434 est,
2774 4386 2839 4425 ex
2861 4368 3023 4423 Patre
3048 4386 3064 4437 ;
3097 4370 3169 4423 ita
3198 4377 3251 4424 et
3285 4367 3413 4440 Spi-

1840 4463 1980 4516 ritus
2020 4461 2366 4531 peculiariter
2417 4469 2502 4515 est
2550 4476 2612 4515 ex
2669 4463 2880 4532 primo,
2940 4463 3238 4517 secundum
3292 4477 3413 4517 eam

215 4555 329 4625 εχῶς
369 4562 428 4613 ὲκ
450 4562 541 4615 τοῦ
591 4562 829 4633 πρώτου,
881 4561 1021 4616 κατὰ
1043 4561 1142 4633 τὴν
1203 4559 1529 4633 προαιώνιον
1561 4560 1740 4631 ῦπαρ-

1845 4567 1966 4621 (ιιιεε
2003 4561 2127 4605 ante
2160 4551 2357 4605 saecula
2387 4557 2471 4605 est
2505 4550 2933 4605 subsistentiam.
2999 4549 3213 4605 Primus
3252 4564 3415 4617 porro

211 4644 292 4709 ξινο
362 4652 575 4723 Πρῶτος
627 4655 685 4707 δὲ
733 4656 762 4707 6
811 4653 999 4724 Πατὴρ
1054 4653 1117 4706 οὐ
1168 4652 1309 4707 κατὰ
1358 4654 1567 4723 χρόνον,
1615 4650 1735 4704 οὐδὲ

209 4743 323 4796 κατὰ
374 4747 541 4813 τάξιν,
611 4747 687 4819 μὴ
756 4746 998 4815 γένοιτοῐ
1060 4744 1194 4798 ἀλλὰ
1237 4743 1371 4798 καθὸ
1425 4745 1597 4806 αἴτιος
1638 4741 1732 4795 τοῦ

208 4828 315 4887 Υὶοῦ
357 4838 442 4890 xui.
493 4838 587 4892 τοῦ
637 4836 975 4908 Πνεῦματος,
1028 4835 1215 4907 ὥσπερ
1266 4835 1362 4889 καὶ
1412 4834 1609 4905 μείζων
1644 4834 1737 4887 καὶ

208 4919 424 4994 ἄναρχος,
468 4928 542 4991 ὡς
572 4928 833 4990 ἀναίτιος,
892 4927 966 4991 ὡς
1005 4926 1129 4997 ῥίζα
1174 4925 1281 4977 τῶν
1327 4923 1387 4989 ἐξ
1435 4923 1597 4977 αὐτοῦ
1642 4922 1737 4977 καὶ

210 5016 353 5083 πηγή.
398 5018 602 5087 Ὥσπερ
648 5018 756 5091 γὰρ
806 5013 957 5081 οὗτος
1010 5018 1166 5088 μόνος
1214 5017 1447 5086 ἄναρχος
1499 5015 1635 5087 πρὸς
1676 5014 1737 5067 τὸ

208 5097 399 5173 Πνεῦμα
447 5108 539 5160 καὶ
592 5108 679 5161 τὸν
706 5106 855 5170 Υἰὸν,
899 5104 1041 5159 οὕτω
1085 5105 1179 5159 καὶ
1237 5106 1438 5158 τούτων
1501 5106 1529 5157 6
1575 5104 1735 5169 αὐτὸς

211 5190 342 5256 μόρος
392 5196 556 5262 αἴτιος
590 5212 604 5226 ο
657 5198 717 5251 τὸ
764 5198 821 5250 δὲ
882 5196 1107 5268 Πνεῦμα
1166 5198 1302 5268 πρὸς
1352 5197 1444 5250 τὸν
1494 5196 1733 5266 Πατέρα,

208 5280 288 5333 οὒκ
322 5283 559 5356 ἄναρχον,
613 5288 720 5341 οὐδ’
772 5286 1030 5351 ἀναίτιον,
1080 5286 1269 5358 ὥσπερ
1322 5287 1386 5358 δὴ
1430 5288 1523 5340 καὶ
1575 5285 1736 5349 αὐτὸς

206 5369 364 5437 όΥἰδς
412 5379 548 5431 κατὰ
597 5377 695 5451 τὴν
744 5379 803 5432 ὲν
847 5379 1023 5451 χρόνῳ
1061 5378 1257 5448 ἀρχήν.
1328 5377 1405 5429 Οὐ
1463 5378 1621 5449 μόνον
1671 5376 1735 5429 τὸ

208 5457 418 5533 Πνεῦμα,
473 5468 608 5521 ἀλλά
660 5470 755 5522 καὶ
804 5470 832 5520 6
882 5468 1009 5530 Υἱὸς
1062 5467 1295 5538 ἄναρχος
1344 5466 1531 5538 ὥσπερ
1581 5466 1677 5521 καὶ
1707 5467 1736 5519 6

211 5546 398 5625 Πατήρ.
446 5558 663 5629 Πρῶτος
724 5558 895 5621 αἴτιος
952 5558 1045 5611 καὶ
1103 5558 1259 5627 μόνος
1308 5560 1337 5611 6
1382 5557 1572 5629 Πατὴρ
1640 5556 1734 5610 τοῦ

213 5634 320 5691 λ’ῐοῦ
372 5648 458 5698 καὶ
506 5647 598 5701 τοῦ
670 5647 1007 5718 Πνεῦματος.
1083 5648 1242 5701 Ἀλλὰ
1307 5648 1381 5719 μὴ
1428 5648 1597 5719 ζήτει.
1641 5649 1736 5702 καὶ

210 5724 426 5804 ῖεύτερον
479 5741 506 5791 ὁ
548 5739 843 5810 ὀρθόδοξος,
904 5740 1039 5810 μηδὲ
1096 5757 1159 5808 γε
1215 5740 1396 5811 τρίτον
1425 5757 1437 5771 ’
1496 5738 1584 5794 ἴνά
1636 5740 1733 5812 μὴ,

215 5814 295 5889 τὴν
322 5824 473 5902 αὐτὴν
509 5829 597 5881 καὶ
630 5828 756 5897 μίαν
781 5828 966 5881 οὐσίαν
989 5830 1340 5901 κατατέμνων
1368 5830 1731 5903 κακοσχόλως,

1843 4639 2002 4694 Pater
2049 4648 2154 4705 est,
2207 4654 2315 4692 non
2362 4646 2623 4710 tempore,
2675 4656 2773 4693 nec
2802 4640 2961 4710 302
2999 4639 3208 4703 ordine,
3236 4640 3408 4695 absit!

1839 4730 1933 4786 sed
1966 4731 2019 4784 in
2051 4738 2313 4799 quantum
2350 4744 2517 4784 causa
2549 4736 2633 4785 est
2667 4729 2786 4784 Filii
2817 4738 2871 4783 ct
2903 4730 3138 4799 Spiritus
3163 4769 3178 4795 ,
3220 4745 3411 4799 quem-

1838 4821 2126 4875 admodum
2182 4832 2235 4876 et
2275 4823 2448 4890 major
2493 4830 2548 4875 et
2614 4820 2820 4890 absque
2868 4821 3156 4891 principio,
3192 4829 3250 4874 ut
3295 4825 3412 4876 sine

1837 4927 2002 4966 causa
2033 4912 2163 4975 ulla,
2199 4913 2351 4966 radix
2383 4922 2436 4966 et
2482 4909 2606 4966 fons
2647 4926 2835 4966 eorum
2867 4927 2987 4981 qua:
3023 4927 3088 4967 ex
3117 4911 3236 4980 ipso
3264 4927 3413 4967 ema-

1837 5012 1989 5058 nant.
2014 5002 2485 5068 Quemadmodum
2518 5003 2664 5059 enim
2696 5004 2811 5073 ipse
2845 5004 2996 5059 solus
3032 5005 3238 5073 absque
3264 5004 3414 5073 prin-

1836 5096 1982 5165 cipio
2015 5102 2099 5150 est
2146 5098 2397 5163 respectu
2449 5093 2689 5165 Spiritus
2716 5109 2779 5149 ac
2819 5094 2964 5158 Filii,
3018 5095 3093 5148 ita
3131 5102 3185 5149 et
3222 5109 3411 5150 eorum

1837 5188 1955 5257 ipse
1998 5187 2153 5243 solus
2189 5198 2275 5242 est
2318 5202 2503 5243 causa.
2550 5186 2790 5259 Spiritus
2826 5202 2955 5244 vero
3012 5198 3267 5257 respectu
3312 5185 3415 5241 Pa-

1834 5281 1959 5341 tris,
2005 5294 2115 5332 non
2150 5279 2358 5346 absque
2405 5277 2693 5347 principio,
2731 5293 2831 5333 nec
2870 5277 3075 5348 absque
3104 5292 3267 5332 causa
3304 5284 3411 5343 est.

1836 5371 2294 5443 quemadmodum
2321 5385 2422 5426 nec
2469 5371 2584 5441 ipse
2609 5369 2782 5426 Filius
2810 5371 2964 5440 juxta
2993 5386 3151 5426 suum
3180 5371 3232 5425 in
3279 5379 3414 5425 tem-

1839 5480 1970 5533 pore
2004 5464 2356 5534 principium.
2414 5462 2531 5518 Non
2589 5462 2753 5518 modo
2790 5461 3072 5534 Spiritus,
3128 5464 3221 5518 sed
3247 5463 3411 5518 etiam

1835 5555 2009 5610 Filius
2040 5556 2245 5625 absque
2266 5554 2535 5625 principio
2565 5564 2649 5612 est
2675 5555 2839 5610 sicuti
2865 5554 3043 5610 Pater.
3076 5553 3255 5608 Prima
3286 5566 3414 5607 cau-

1840 5662 1900 5702 sa
1946 5662 2118 5717 eaque
2152 5650 2265 5703 sola
2314 5646 2473 5703 Pater
2510 5655 2595 5702 est
2639 5646 2761 5702 Filii
2821 5655 2984 5717 atque
3036 5645 3290 5716 Spiritus.
3339 5642 3410 5699 At

1837 5742 2135 5797 secundam
2166 5758 2254 5798 ne.
2278 5757 2511 5813 quaeras,
2554 5740 2809 5813 quisquis
2838 5740 3174 5795 orthodoxus
3205 5754 3289 5804 es,
3314 5752 3384 5793 ne

1840 5850 1944 5905 que
1971 5834 2207 5903 tertiam;
2244 5842 2302 5889 ut
2337 5850 2403 5891 ne
2452 5833 2696 5891 eamdem
2731 5846 3006 5904 unamque
3037 5828 3406 5888 substantiam
