4050 6396
479 345 580 403 851

1619 351 1674 405 s.
1718 333 2172 404 ATsAuAstus.
2211 377 2280 388 -
2319 344 2620 402 spumas

3597 347 3699 402 833
3720 378 3730 388 ‹

483 459 732 528 improbo
765 459 1011 514 dividens
1057 461 1236 516 stinlio
1263 502 1277 524 ,
1311 469 1369 516 ut
1417 479 1595 533 prava:
1637 465 1900 520 doctrina:
1942 465 2042 519 ho-

2158 462 2239 516 καὶ
2291 461 2532 532 διαιρῶν,
2583 458 2984 529 καταδικασθῇς
3034 458 3111 520 ὥς
3166 457 3474 524 κακόδοξος.
3547 461 3702 532 Πρῶ-

484 565 578 604 nio
599 549 889 605 damneris.
940 550 1152 606 Primus
1187 557 1366 623 itaque
1397 553 1555 609 Pater
1584 563 1667 610 est
1699 560 1750 610 iu
1780 565 2043 625 quantum

485 641 663 708 major
693 649 810 706 est;
837 643 1010 710 major
1037 659 1166 698 vero
1189 645 1240 697 in
1273 653 1532 714 quantum
1564 655 1648 702 est
1677 651 1880 718 absque
1899 649 2047 717 prin-

487 730 668 798 cipio;
706 731 909 801 absque
936 735 1206 804 principio
1234 745 1416 791 autem
1449 746 1534 792 est
1567 739 1620 793 in
1669 753 1930 810 quantum
1962 747 2046 796 est

487 823 810 892 principium
840 823 1210 894 bypostasium
1239 821 1358 896 qua:
1384 837 1511 883 sunt
1547 831 1786 899 ejusdem
1819 840 2044 888 natura.

491 911 725 981 Spiritus
753 925 805 968 et
834 915 1004 970 Filius
1031 918 1380 986 peculiariter
1395 935 1460 973 ex
1492 923 1697 990 majore
1725 961 1740 986 ,
1770 922 1824 976 id
1851 929 1935 978 est
1980 939 2044 978 ex

488 1001 666 1057 Patre.
719 1003 835 1058 Una
873 1009 1016 1062 enim
1055 1007 1224 1064 Filius
1267 1013 1482 1081 proprie
1530 1027 1594 1066 ac
1641 1027 1788 1078 vere,
1838 1029 2050 1068 necnon

491 1090 728 1162 Spiritus
790 1106 1012 1152 sanctus
1053 1115 1117 1152 ex
1161 1099 1322 1154 Patre
1379 1110 1525 1154 sunt.
1584 1099 1718 1155 Non"
1757 1103 1902 1172 quod
1963 1104 2051 1159 ille

491 1186 664 1255 prius,
705 1185 810 1242 iste
855 1188 1164 1256 posterius;
1198 1189 1291 1243 sed
1322 1190 1483 1244 simul
1523 1189 1644 1244 Filii
1675 1193 1970 1261 generatio,
1999 1201 2052 1248 et

493 1273 729 1346 Spiritus
760 1279 1042 1348 processio
1072 1282 1319 1349 splendet
1359 1300 1374 1336 :
1426 1283 1660 1337 mittitur
1697 1283 1934 1354 Spiritus
1972 1295 2054 1340 ειη

493 1383 600 1440 que
638 1369 810 1437 datur_
847 1386 946 1440 per
979 1369 1200 1434 Filium.
1241 1381 1300 1427 ut
1344 1374 1534 1431 beatus
1579 1377 1656 1430 ait
1699 1377 2050 1444 Athanasius,

493 1459 947 1529 quemadmodum
977 1470 1031 1516 et
1067 1460 1236 1516 Filius
1273 1479 1369 1532 per
1393 1462 1679 1534 Spiritum,
1728 1469 1802 1521 uti
1849 1469 2052 1524 dictum

494 1547 615 1603 fuit.
643 1549 840 1606 Eadem
873 1568 1088 1623 quoque
1109 1555 1317 1610 ratione
1354 1556 1757 1628 intelligendum
1781 1561 1914 1614 illud
1947 1561 2055 1633 Cy-

495 1642 604 1695 rilli
633 1641 860 1709 dictum,
896 1660 1088 1714 nempe
1119 1661 1185 1700 ex
1229 1647 1515 1712 ambobus,
1553 1650 1783 1718 scilicet,
1821 1651 2056 1723 Spiritus

496 1749 564 1788 ex
602 1732 762 1790 Patre
794 1736 1090 1804 procedens
1122 1753 1186 1792 ex
1231 1738 1492 1795 ambobus
1525 1741 1792 1811 splendet,
1825 1746 2059 1799 mittitur

496 1834 552 1879 et
579 1826 760 1894 datur,
789 1801 854 1883 ex
874 1827 1032 1884 Patre
1058 1829 1266 1885 scilicet
1286 1840 1340 1884 et
1365 1829 1526 1890 Filio.
1557 1801 1624 1887 lit
1673 1801 1836 1904 paulo
1873 1846 1998 1906 post
2039 1855 2056 1894 :
2087 1801 2130 1856 Β

500 1915 650 1971 Duas
673 1919 1066 1986 generationes,
1100 1920 1176 1972 uti
1223 1921 1475 1990 superius
1523 1923 1655 1986 dixi,
1693 1925 1837 1980 circa
1864 1925 2059 1981 Filium

499 2007 704 2075 didici;
738 2025 899 2064 unam
927 2027 1050 2080 qua:
1079 2018 1162 2066 est
1191 2027 1254 2066 ex
1289 2011 1450 2068 Patre
1469 2021 1594 2070 ante
1620 2024 1882 2086 tempora.
1903 2019 2060 2072 aliam

500 2117 622 2172 quae
648 2117 714 2156 ex
736 2100 958 2173 Virgine
987 2103 1040 2157 in
1075 2109 1336 2172 tempore.
1363 2104 1563 2160 Eodem
1591 2107 1750 2162 modo
1773 2109 1910 2164 duas
1937 2125 2062 2179 pro—

500 2193 745 2250 fusiones
804 2194 968 2250 didici
1017 2209 1139 2250 esse
1190 2193 1426 2265 Spiritus
1473 2200 1688 2265 sancti;
1741 2215 1904 2254 unam
1955 2217 2062 2271 qua

501 2284 746 2357 procedit
773 2294 899 2340 ante
927 2292 1169 2356 tempora
1187 2327 1202 2352 ,
1233 2297 1288 2343 et
1317 2288 1477 2342 aliam
1503 2303 1611 2358 qua
1640 2290 1937 2347 bonitatem
1962 2293 2064 2347 im-

502 2377 750 2448 partitur.
818 2375 924 2432 Sed
978 2377 1176 2447 prioris
1213 2376 1336 2433 Filii
1387 2380 1754 2449 generationis
1786 2389 1840 2436 et
1869 2383 2066 2452 prioris

502 2467 868 2539 processionis
927 2467 1182 2540 Spiritus,
1213 2467 1375 2524 Pater
1403 2474 1553 2525 solus
1591 2487 1758 2526 causa
1782 2481 1886 2528 est.
1921 2473 2066 2528 Alte-

503 2560 620 2614 rius
647 2573 776 2614 vero
815 2561 1179 2630 generationis
1226 2577 1346 2632 qua:
1380 2563 1434 2616 in
1480 2569 1722 2631 tempore
1767 2563 1908 2619 facta
1959 2572 2064 2627 est,

505 2659 561 2706 et
603 2651 828 2706 alterius
865 2651 1222 2722 prolusionis,
1278 2668 1384 2722 qua
1407 2653 1548 2708 dona
1581 2655 1908 2725 impartitur,
1959 2672 2069 2711 non

507 2742 657 2797 solus
678 2741 856 2806 Pater,
886 2743 980 2799 sed
1002 2741 1172 2798 Filius
1193 2751 1246 2799 et
1272 2743 1510 2814 Spiritus
1533 2754 1757 2802 sanctus
1777 2753 1861 2802 est
1883 2762 2069 2802 causa.

2143 569 2234 616 τος
2277 549 2564 622 τοιγαροῦν
2612 552 2641 602 ό
2701 548 2890 620 Πατὴρ
2941 547 3074 602 καοδ
3116 547 3337 618 μείζων,
3389 549 3588 620 μείζων
3645 543 3730 605 δὲ’

2145 642 2279 696 καθὸ
2325 643 2575 713 ἄναρχοςυ
2627 639 2860 712 ἄναρχος
2910 639 2966 691 δὲ
3021 638 3156 692 καθὸ
3208 641 3350 713 ἀρχὴ
3401 641 3510 696 τῶν
3577 644 3705 715 ὀμο-

2147 731 2296 800 φυῶν
2337 729 2705 784 ὑποστάσεων.
2737 729 2809 782 Τὸ
2853 727 3100 800 Πνεῦμα,
3153 731 3248 784 καὶ
3290 731 3319 782 6
3363 731 3492 796 Υἱὸς
3536 750 3704 804 προσ-

2147 823 2286 894 εχῶς
2359 826 2422 876 ὲκ
2499 823 2593 876 τοῦ
2673 821 2936 893 μείζονος,
2993 821 3238 896 τουτέστι
3304 823 3396 877 τοῦ
3473 825 3702 896 Πατρός.

2149 915 2300 984 Ἀμα
2352 914 2460 986 γὰρ
2526 914 2555 966 6
2616 914 2742 976 Υἱὸς
2806 912 3010 984 κυρίως
3061 914 3156 966 καὶ
3225 913 3459 985 ἀληθῶς,
3507 918 3602 968 καὶ
3647 917 3707 969 τὸ

2149 1005 2371 1076 Πνεῦμα
2421 1007 2485 1058 ὲκ
2528 1004 2621 1058 τοῦ
2662 1003 2892 1074 Πατρός.
2949 1005 3060 1074 Οὐχ
3101 1006 3130 1057 6
3189 1005 3287 1076 μὲν
3337 1007 3621 1078 πρότερον,
3650 1008 3708 1062 τὸ

2148 1097 2206 1150 δὲ
2263 1096 2378 1167 μετ’
2441 1095 2621 1150 αὐτόν·
2686 1095 2799 1148 ἀλλ’
2851 1095 2968 1166 ἅμα
3021 1098 3054 1167 ἡ
3105 1096 3358 1168 γέννησις
3405 1097 3501 1151 τοῦ
3555 1097 3706 1163 Υἱοῦ,

2151 1187 2267 1257 ἅμα
2319 1187 2412 1240 καὶ
2459 1186 2554 1240 τοῦ
2611 1187 2925 1258 Πνεῦματος
2983 1189 3016 1258 ἡ
3067 1188 3391 1260 ἐκπόρευσις
3439 1189 3712 1260 ἐκλάμπε-

2150 1295 2262 1339 ται,
2312 1278 2406 1330 καὶ
2439 1276 2823 1330 ἀποστέλλεται
2873 1277 2934 1331 τὸ
2985 1277 3208 1348 Πνεῦμα
3257 1280 3352 1332 καὶ
3396 1279 3596 1332 δίδοται
3628 1278 3712 1332 διὰ

2153 1369 2245 1422 τοῦ
2306 1367 2476 1434 Υἱοῦ,
2537 1368 2614 1431 ὠς
2670 1369 2938 1441 μακάριός
2983 1387 3146 1441 φησιν
3189 1370 3530 1435 Ἀθανάσιος,
3587 1371 3714 1426 καθ-

2155 1459 2302 1531 άπερ
2347 1459 2440 1514 καὶ
2499 1461 2528 1512 6
2574 1457 2702 1522 Υἱὸς
2741 1458 2832 1513 διὰ
2879 1460 2972 1514 τοῦ
3019 1461 3355 1534 Πνεύματος,
3403 1461 3592 1534 ὥσπερ
3641 1463 3715 1516 εἴ-

2157 1568 2335 1623 ρηται.
2426 1551 2698 1613 Ὡσαύτως
2769 1551 2865 1604 καὶ
2922 1552 2984 1606 τὸ
3035 1552 3127 1606 τοῦ
3184 1553 3454 1624 μακαρίου
3515 1554 3717 1624 Κυρίλ-

2156 1641 2248 1695 λου
2275 1680 2289 1704 ,
2341 1640 2484 1710 λέγω
2537 1641 2600 1712 δὴ
2655 1642 2735 1708 τὸ,
2783 1641 2842 1709 ἐξ
2886 1643 3122 1712 ἀμφοῖν,
3173 1642 3294 1696 κατ’
3347 1643 3519 1712 αὐτὴν
3557 1641 3716 1712 ἐκλη-

2159 1731 2319 1785 πτὲον
2363 1733 2460 1802 τὴν
2502 1730 2742 1786 ἔννοιαν·
2794 1732 2854 1786 τὸ
2901 1731 3126 1802 Πνεῦμα
3185 1733 3246 1786 τὸ
3291 1733 3716 1804 ἐκπορευόμενον

2159 1827 2224 1878 ὲκ
2268 1823 2360 1878 τοῦ
2413 1824 2624 1896 Πατρὸς
2679 1824 2740 1889 ἐξ
2784 1826 2983 1895 ἀμφοῖν
3046 1823 3404 1895 ὲκλάμπεται,
3459 1823 3720 1879 ἀποστέλ-

2159 1915 2310 1968 λεται
2357 1915 2452 1968 καὶ
2498 1915 2718 1980 δίδοται,
2769 1915 2982 1987 Πατρός
3055 1917 3151 1970 καὶ
3197 1915 3362 1970 Υἱοῦ.
3433 1918 3544 1971 Καὶ
3605 1919 3719 1988 μετ’

2159 2005 2345 2075 ὀλίγα·
2415 2006 2518 2060 Δύο
2577 2008 2857 2078 γεννήσεις
2925 2007 3002 2072 ὡς
3058 2007 3260 2062 ἄνωθεν
3337 2007 3508 2078 ἔφθην
3555 2007 3722 2061 εἰπὼν

2161 2097 2255 2149 ἐπὶ
2301 2096 2393 2150 τοῦ
2449 2097 2623 2164 Λόγου
2671 2098 2996 2170 μεμάθηκα·
3053 2097 3179 2168 μίαν
3225 2098 3323 2168 μὲν
3367 2097 3466 2170 τὴν
3521 2099 3585 2152 ὲκ
3613 2099 3723 2152 Πα-

2160 2186 2286 2257 τρὸς
2342 2186 2436 2239 καὶ
2479 2187 2618 2256 ὑπὲρ
2659 2187 2866 2258 χρόνον,
2914 2187 3041 2258 μίαν
3075 2187 3133 2241 δὲ
3183 2189 3282 2260 τὴν
3329 2189 3394 2241 ὲκ
3438 2188 3537 2258 τῆς
3579 2189 3724 2260 Παρ-

2165 2277 2318 2331 Θένου
2393 2277 2488 2331 καὶ
2542 2279 2646 2332 ὑπὸ
2707 2279 2896 2350 χρόνον
2917 2319 2930 2332 .
3013 2279 3283 2344 Ὡσαύτως
3329 2280 3420 2332 καὶ
3463 2280 3557 2333 δύο
3605 2295 3728 2350 προσ

2165 2367 2348 2438 κύσεις
2405 2369 2651 2440 ὲμνήθην
2724 2371 2818 2423 ἐπὶ
2863 2369 2958 2424 τοῦ
3024 2371 3375 2441 Πνεῦματοςο
3450 2371 3579 2442 μίαν
3634 2372 3728 2441 μὲν

2164 2460 2262 2532 τὴν
2311 2461 2704 2532 ἐκπορευτικὴν
2749 2463 2844 2516 καὶ
2897 2462 3034 2535 ὑπὲρ
3076 2463 3284 2534 χρόνον,
3324 2464 3417 2517 καὶ
3463 2463 3591 2534 μίαν
3633 2462 3728 2534 τὴν

2171 2563 2522 2634 μεταδοτικὴν
2576 2562 2926 2636 ἀγαθότητος.
2979 2563 3139 2620 Ἀλλὰ
3187 2565 3286 2636 τῆς
3340 2564 3565 2638 πρώτης
3607 2581 3730 2634 γεν-

2169 2654 2376 2725 νήσεως
2424 2653 2519 2708 τοῦ
2576 2653 2708 2708 Υἱοῦ
2735 2695 2749 2720 ,
2819 2657 2913 2710 καὶ
2961 2655 3060 2726 τῆς
3115 2654 3338 2728 πρώτης
3405 2656 3498 2710 τοῦ
3563 2655 3731 2710 Πνεῦ-

2174 2759 2341 2812 ματος
2383 2741 2780 2814 ὲκπορεύσεως,
2835 2744 2864 2796 6
2916 2744 3104 2815 Πατὴρ
3160 2744 3316 2815 μόνος
3356 2743 3548 2808 αἴτιος.
3627 2744 3734 2813 Τῆς

505 2835 586 2890 Ex
617 2835 882 2892 ambe‘sus
910 2837 1112 2907 itaque,
1145 2835 1306 2892 Patre
1337 2838 1545 2894 scilicet
1570 2847 1624 2894 et
1647 2837 1806 2901 Filio,
1846 2841 1911 2894 ad
1961 2841 2060 2896 dis«

2170 2834 2226 2888 δὲ
2267 2835 2430 2906 ἄλλης
2470 2837 2778 2908 γεννήσεως
2807 2837 2908 2906 τῆς
2933 2838 3038 2890 ὑπὸ
3063 2839 3286 2910 χρόνον,
3329 2838 3423 2892 καὶ
3449 2837 3550 2908 τῆς
3574 2836 3733 2906 ἄλλης

507 2930 881 2998 pensationem
909 2929 1210 2984 ell'unditur
1243 2951 1256 2986 :
1299 2946 1409 2986 non
1440 2930 1739 2985 secundum
1770 2932 2074 2987 subsisten-

507 3016 660 3082 tiam,
689 3020 862 3076 absit!
901 3021 1141 3091 alioquin
1184 3021 1305 3076 dua:
1332 3037 1512 3076 causae
1537 3037 1820 3092 perperam
1853 3022 2076 3078 induce-

2175 2934 2490 3006 προχύσεως
2521 2933 2618 3004 τῆς
2667 2935 3054 3006 μεταδπικῆς,
3088 2935 3148 2988 οῦ
3185 2935 3343 3007 μόνος
3376 2934 3549 2998 αἴτιος
3575 2937 3605 2989 6
3633 2935 3749 3022 Παέ

2175 3026 2302 3098 τὴρ,
2339 3025 2474 3080 ἀλλὰ
2509 3027 2600 3080 καὶ
2629 3029 2656 3080 ὁ
2687 3027 2812 3090 Υἱὸς
2844 3028 2937 3098 καὶ
2965 3028 3026 3080 τὸ
3059 3027 3280 3098 Πνεῦμα
3312 3027 3374 3080 τὸ
3412 3026 3600 3096 ἅγιον.
3653 3025 3740 3090 Ἐξ

509 3118 720 3174 rentur,
745 3127 866 3182 qua;
905 3113 996 3166 uni
1031 3113 1107 3166 illi
1153 3113 1398 3184 ejusdem
1450 3120 1658 3166 naturae
1708 3127 1772 3167 ac
1801 3115 1949 3183 paris
1978 3114 2060 3168 ho-

2177 3117 2378 3186 ἀμφοῖν
2413 3115 2697 3188 τοιγαροῦν
2723 3118 2782 3172 τὸ
2809 3115 3053 3189 Πνεῦμα,
3080 3118 3292 3189 Πατρὺς
3320 3118 3411 3171 καὶ
3433 3116 3585 3181 Υἱοῦ,
3611 3115 3739 3188 πρὸς

507 3203 658 3257 noris
689 3204 990 3267 exsistenti,
1024 3205 1248 3258 multum
1289 3205 1696 3259 antecellerent.

2179 3207 2498 3278 ἐπινέμησιν
2530 3211 2847 3280 προχεῖται·
2879 3209 2938 3262 οὐ
2969 3209 3109 3262 κατὰ
3137 3209 3234 3280 τὴν
3263 3208 3518 3281 ὓπαρξιν,
3553 3207 3629 3281 μὴ
3654 3206 3746 3278 γέ-

518 3309 652 3346 νοιτο
676 3293 688 3346 ι
719 3292 838 3347 ἕπει
868 3293 960 3348 δύο
987 3294 1056 3348 τὰ
1081 3295 1230 3350 αἴτια
1249 3295 1688 3367 παρεισάγονται,
1711 3293 1804 3348 τοῦ
1830 3294 1948 3358 ἐνὸς
1969 3296 2246 3367 συμφυοῦς
2276 3298 2369 3350 καὶ
2396 3299 2656 3370 όμοτίμου
2687 3301 2828 3354 κατὰ
2856 3299 2990 3354 πολὺ
3019 3299 3358 3370 διαφέροντα.

949 3595 1072 3682 IN
1147 3593 1781 3683 SYNTAGMA
1835 3545 2483 3684 DOCTRINJE
2568 3559 3309 3688 ADMONlTIO.

585 3858 700 3915 Hoc
727 3861 1035 3930 opusculum
1069 3861 1256 3930 paucis
1301 3857 1366 3914 ab
1417 3859 1534 3912 hinc
1577 3860 1732 3913 annis
1765 3859 1820 3914 in
1863 3858 2030 3914 lucem
2061 3857 2286 3928 protulit
2323 3854 2404 3910 vir
2431 3853 2642 3908 clariss.
2680 3852 2922 3908 Andreas
2966 3852 3233 3908 Arnoldus
3274 3851 3751 3925 Norimbergensis,

513 3967 654 4006 anno
695 3952 892 4007 scilicet
934 3951 1093 4007 1685.
1131 3951 1299 4022 Atque
1333 3951 1388 4004 in
1435 3949 1747 4019 prtefatione
1801 3967 1902 4004 sua
1939 3952 2119 4005 multis
2153 3949 2243 4004 ille
2289 3946 2610 4018 argumentis
2650 3945 2945 4001 Athanasio
2971 3963 3204 4000 asserere
3229 3947 3516 4002 contendit.
3570 3947 3752 4003 Sancti

515 4045 800 4102 Athanasii
820 4045 1216 4117 archiepiscopi
1239 4045 1613 4110 Alexandrini,
1637 4045 1714 4099 ait
1745 4047 1872 4113 ipse,
1905 4046 2196 4118 Syntagma
2215 4043 2471 4098 doctrina:
2493 4043 2561 4096 ad
2583 4042 2886 4107 monachos,
2909 4043 3125 4097 clericos
3149 4051 3197 4096 et
3222 4042 3408 4108 laicus,
3439 4054 3754 4100 recensetur

516 4157 582 4198 ex
616 4141 980 4210 pulcherrimo
1035 4141 1226 4196 codice
1271 4140 1692 4196 membranaceo
1732 4139 2005 4195 \ossiano
2035 4141 2455 4211 quingentorum
2485 4125 2570 4194 vel
2600 4144 2985 4192 sescentorum
3037 4152 3303 4193 annorum
3324 4179 3340 4204 ,
3392 4143 3486 4210 qui
3515 4141 3756 4194 continet

519 4247 779 4306 praeterea
828 4232 1055 4288 Palladii
1100 4232 1398 4287 Historiam
1433 4231 1752 4287 Lausiacam
1785 4247 1910 4287 cum
1958 4234 2164 4306 aliquot
2199 4234 2397 4290 libellis
2433 4231 2841 4288 vetustioribus.
2889 4229 2971 4284 Ad
3012 4231 3364 4300 cupiditatem
3409 4231 3757 4287 describendi

518 4327 839 4382 exciverunt
863 4341 948 4380 me
975 4325 1079 4378 viri
1107 4325 1336 4380 illustris
1362 4339 1525 4378 manu
1555 4323 1795 4393 ascripta
1825 4323 1992 4378 verba
2065 4323 2188 4377 Non
2212 4331 2290 4378 est
2329 4325 2382 4376 in
2401 4320 2558 4376 editis
2587 4319 2889 4374 Athanasii.
2915 4317 3173 4374 Nolebam
3207 4320 3350 4374 enim
3385 4320 3543 4390 parvi
3585 4319 3760 4374 facere

521 4418 786 4496 quidquid
811 4421 944 4475 tanti
963 4419 1220 4476 Ecclesia:
1241 4419 1482 4491 doctoris
1501 4425 1666 4485 esset,
1685 4417 1937 4490 quodque
1949 4418 2015 4473 ad
2031 4421 2264 4491 aliquem
2281 4434 2463 4476 meum
2485 4418 2720 4472 fructum
2741 4415 3078 4471 redundaret.
3103 4413 3296 4470 Postea
3313 4431 3410 4486 per
3425 4417 3640 4472 litteras
3656 4416 3760 4469 lau-

519 4524 693 4571 torezn
719 4513 786 4569 de
802 4513 1082 4569 voluntate
1100 4514 1379 4569 emittendi
1401 4513 1683 4568 Athanasii
1705 4515 1996 4570 certiorem
2010 4515 2240 4580 reddidi,
2258 4515 2460 4586 quibus
2483 4514 2590 4568 tale
2609 4527 2928 4582 responsum
2943 4509 3090 4566 dedit
3115 4530 3128 4566 :
3161 4509 3220 4566 S.
3241 4511 3528 4588 Athanasii
3551 4510 3626 4566 De
3653 4509 3758 4566 vita

520 4611 828 4667 monastica
866 4609 1240 4665 διδασκαλικόν
1272 4611 1490 4682 dignum
1517 4621 1595 4666 est
1628 4627 1843 4680 prorsus
1878 4611 2014 4682 quod
2043 4612 2253 4677 edatur,
2289 4611 2537 4682 longeque
2562 4608 2902 4679 prwstantius
2939 4623 3002 4661 ea
3035 4606 3236 4676 regula,
3287 4622 3447 4678 quam
3474 4622 3540 4660 ea:
3571 4606 3762 4660 Hiero-

521 4707 668 4776 nymi
685 4705 924 4776 operibus
951 4706 1158 4778 collegit
1183 4703 1383 4775 Lupus.
1405 4703 1540 4760 Cum
1565 4715 1755 4760 veteres
1777 4707 2034 4775 scriptum
2053 4705 2148 4760 hoc
2172 4705 2470 4759 Athanasio
2507 4702 2764 4764 tribuant,
2796 4717 2899 4753 non
2935 4699 3068 4753 satis
3104 4697 3248 4752 video
3265 4714 3429 4770 quare
3453 4696 3517 4751 de
3553 4707 3766 4751 auctore

522 4798 760 4858 dubitas.
791 4800 1078 4856 Winsoria:
1119 4817 1174 4856 ιι
1201 4799 1317 4856 Jul.
1361 4797 1776 4856 clalaanxm.
1806 4798 1888 4854 Ex
1919 4815 2028 4872 quo
2065 4814 2321 4870 magnum
2374 4797 2508 4852 mihi
2547 4794 2872 4851 nascebatur
2917 4798 3295 4862 argumentum
3330 4799 3446 4844 tum
3493 4789 3762 4854 veritatis,

521 4907 638 4952 tum
673 4895 976 4968 dignitatis.
1013 4893 1241 4964 Pergam
1286 4893 1343 4946 in
1379 4893 1613 4964 incepto,
1661 4893 1754 4948 ubi
1791 4899 1948 4946 tanto
1979 4891 2104 4946 viro
2137 4904 2238 4960 pro
2275 4890 2392 4944 suis
2433 4889 2490 4942 in
2519 4903 2605 4942 me
2648 4885 2880 4947 meritis,
2921 4883 3125 4978 gratias
3165 4895 3344 4952 egero.
3391 4879 3500 4936 Per
3526 4883 3767 4952 quinque

523 4991 758 5063 amplius
785 5005 1002 5048 menses
1036 4988 1366 5046 bibliotheca
1397 4987 1592 5059 ipsius,
1620 5003 1742 5058 qua:
1770 4988 1972 5043 multas
2015 4985 2153 5040 alias
2202 4985 2461 5046 raritate,
2498 4981 2844 5048 utilitateque
2893 4979 3051 5049 longe
3101 4987 3360 5048 superat,
3405 4992 3518 5031 non
3559 4985 3767 5032 tantum

526 5085 733 5154 patuit;
765 5084 860 5140 sed
892 5082 1175 5138 oraculum
1205 5079 1533 5136 eruditionis
1566 5080 1620 5134 in
1651 5080 1898 5149 singulos
1938 5078 2057 5132 dies
2092 5076 2382 5130 consulere
2417 5073 2499 5128 fas
2533 5079 2675 5128 erat.
2705 5069 2925 5126 Veteres
2959 5070 3164 5123 oraculi
3205 5068 3290 5123 vel
3325 5083 3432 5122 una
3476 5069 3598 5124 vice
3641 5085 3772 5122 con-

527 5177 765 5234 sultandi
793 5191 958 5232 causa
1012 5174 1330 5245 longissima
1373 5172 1768 5228 emeticbantur
1797 5171 1996 5224 itinera
2025 5207 2040 5233 ,
2083 5167 2228 5222 beati
2267 5165 2526 5221 brevibus
2553 5162 2873 5233 responsis:
2917 5161 3042 5231 quis
3076 5159 3302 5222 dubitet,
3340 5159 3569 5214 meliore
3603 5159 3770 5214 fuisse

527 5268 650 5325 loco
679 5268 774 5338 qui
807 5268 860 5322 in
895 5267 1096 5338 templo
1127 5267 1401 5322 Musarum
1427 5281 1554 5320 cum
1588 5264 1840 5334 Apolline
1871 5259 2178 5315 habitavit?
2203 5259 2323 5312 Alio
2366 5255 2696 5327 quandoque
2743 5252 3026 5324 spectabat
3054 5250 3244 5324 Pythia
3285 5265 3429 5305 vox:
3479 5251 3772 5320 aliquando

531 5367 733 5416 sortem
758 5359 964 5414 oraculi
994 5360 1297 5414 eluseruut.
1342 5357 1690 5412 Dormiebant
1719 5353 1970 5410 nonnulli
1995 5352 2050 5406 iu
2078 5350 2342 5412 delubris.
2378 5358 2436 5403 ut
2474 5363 2571 5419 per
2603 5347 2876 5402 somnium
2922 5344 3170 5399 viderent
3209 5341 3422 5412 species
3454 5357 3662 5406 rerum,
3691 5341 3772 5398 vel

533 5448 787 5503 audirent
817 5464 1039 5514 vocem;
1073 5449 1206 5502 mihi
1247 5459 1374 5504 tunc
1425 5449 1658 5504 laetiores
1692 5448 1746 5501 in
1795 5447 1908 5501 vita
1935 5445 2232 5498 illuxerunt
2261 5442 2400 5506 dies,
2439 5454 2568 5496 vera
2599 5440 2778 5494 omnis
2823 5445 2879 5492 et
2926 5435 3213 5506 perspicua
3241 5433 3678 5490 oratio.Gratias
3720 5441 3776 5490 te

531 5543 749 5612 dignas,
776 5543 1005 5599 illustris
1035 5541 1216 5610 Vossi,
1249 5559 1412 5615 agere
1440 5543 1714 5608 deberem,
1753 5551 1808 5598 et
1838 5554 1975 5611 quas
2009 5535 2236 5609 possum
2267 5551 2388 5607 ago.
2421 5533 2705 5606 Siquidem
2743 5531 2883 5586 nihil
2913 5531 3050 5586 satis
3087 5526 3434 5600 magnificum
3479 5527 3548 5582 de
3578 5528 3777 5582 virtute

539 5646 634 5693 tua
658 5637 910 5692 dixerim.

612 5725 918 5796 'l‘antopere
941 5727 1008 5784 de
1038 5744 1123 5786 me
1150 5729 1364 5797 merito,
1391 5729 1586 5788 Lector
1620 5730 1900 5793 benevole,
1927 5733 2141 5798 gratum
2187 5725 2428 5797 praebere
2488 5721 2774 5796 imperavit
2809 5720 3019 5792 pietas;
3066 5733 3212 5775 nunc
3253 5717 3320 5774 ad
3358 5716 3650 5790 Syntagma
3693 5731 3778 5770 re-
