4050 6396
317 342 420 397 833
1379 346 1752 403 SYNTAGMA
1788 345 2178 405 DOL‘TRINAE.
2210 379 2277 413 τ-
2307 348 2647 405 MONITUM.
3460 357 3566 412 854

279 452 624 523 'deundum,
670 459 813 527 quod
857 472 1056 514 novum
1091 459 1388 528 exsistens,
1423 459 1794 532 praefationem
1825 461 1930 516 sibi
1973 462 2234 532 postulat.
2274 463 2455 520 Codex
2499 466 2591 520 it-le
2630 464 2888 536 antiquus
2940 465 2998 523 S.
3031 468 3329 526 Athanasio
3374 471 3569 527 tribuit

315 549 664 618 opusculum,
691 565 810 619 quae
839 565 927 607 res
956 552 1189 621 alicujus
1221 560 1306 606 est
1341 555 1624 617 momenti,
1658 562 1780 608 utut
1807 555 2074 608 librorum
2101 557 2488 627 inscriptiones
2516 573 2644 613 vera
2676 558 2900 613 nomina
2925 576 3034 614 non
3066 562 3271 633 ubique
3303 563 3563 621 referant.

314 639 446 693 Nam
479 642 849 710 posteriorum
902 651 1207 714 temporum
1258 645 1587 715 scriptores,
1631 655 1814 702 vetera
1863 646 2139 702 interdum
2186 649 2291 703 sibi
2333 650 3066 721 vindicant;nonnunquam
3112 655 3217 709 sub
3261 656 3567 726 priscorum

313 740 603 785 auctorum
647 732 962 789 nominibus
1008 749 1108 788 sua
1136 742 1470 804 supponunt,
1501 736 1801 804 praesertim
1833 750 1902 789 ex
1952 737 2207 792 doctrina
2252 740 2515 795 nobilium
2557 750 2611 797 et
2661 744 2957 799 clarorum.
2999 742 3208 800 interea
3258 762 3325 800 ex
3350 748 3569 804 codicis

314 825 643 894 antiquitate
672 835 911 891 constat,
946 828 1073 883 olitn
1101 827 1272 883 fuisse
1304 830 1571 884 creditum
1604 831 1802 886 seriem
1830 831 1974 885 hanc
2006 832 2271 888 doctrina:
2313 834 2384 890 ab
2410 837 2712 891 Athanasio
2742 839 3045 907 posteritati
3084 840 3244 909 303
3294 840 3566 896 relictam.

315 918 372 973 Si
403 922 559 988 plura
601 936 730 976 mss.
766 923 953 977 eodem
986 923 1147 977 modo
1176 924 1440 995 inscripta
1471 926 1863 994 reperirentur,
1895 927 2134 997 aliquam
2168 928 2360 982 saltem
2398 930 2647 984 veritatis
2670 932 2937 986 rationem
2964 939 3346 1002 suggererent;
3373 945 3567 985 verum

314 1027 510 1084 praeter
544 1014 871 1072 Vossianum
925 1019 1135 1073 nullum
1167 1019 1348 1074 adhuc
1395 1020 1601 1083 inveni,
1652 1036 1831 1091 neque
1878 1023 1935 1076 in
1964 1022 2422 1099 Christianissimi
2469 1025 2614 1094 regis
2650 1024 2999 1086 bibliotheca,
3029 1026 3112 1079 vel
3156 1024 3286 1078 alibi
3326 1037 3564 1094 quoque.

312 1110 712 1180 Argumentum
745 1115 883 1168 foret
912 1115 977 1169 ad
1007 1117 1377 1186 probandum,
1410 1126 1504 1171 aut
1537 1119 1703 1172 coaevi
1736 1118 1980 1172 auctoris
2009 1117 2407 1183 testimonium,
2433 1127 2527 1172 aut
2552 1120 2724 1189 ipsius
2750 1120 3031 1175 Athanasii
3056 1120 3111 1174 in
3146 1121 3262 1175 suis
3284 1121 3564 1190 operibus,

312 1208 454 1277 quod
487 1222 614 1260 cum
644 1208 807 1271 dt-sit,
837 1208 984 1263 aliud
1013 1221 1095 1264 est
1118 1211 1171 1263 in
1206 1220 1481 1281 promptu.
1515 1210 1792 1277 Quaerenti
1837 1211 2132 1282 aliquando
2166 1213 2221 1267 in
2254 1213 2582 1268 bibliotheca
2617 1213 2783 1285 Regia
2812 1214 3245 1284 Sophronianatn
3275 1216 3395 1271 fidei
3435 1233 3570 1272 con-

312 1301 608 1356 fessionem
642 1302 855 1357 indultu
891 1306 963 1358 cl.
989 1303 1315 1369 Thevenoti,
1351 1318 1583 1361 conatus
1614 1322 1766 1361 meos
1796 1308 2047 1361 ornantis
2082 1316 2136 1363 et
2165 1309 2539 1377 promoveatis
2562 1327 2578 1374 ;
2603 1319 2870 1363 venerunt
2904 1310 2957 1362 in
2999 1324 3196 1365 manus
3237 1310 3569 1381 Ἐρωτήσεις

313 1395 595 1447 κανονικαὶ
623 1397 718 1448 καὶ
744 1396 1063 1469 ἀποκρίσεις
1093 1397 1189 1467 τῆς
1214 1398 1376 1465 ἁγίας
1409 1397 1625 1451 συνόδου
1645 1438 1660 1461 ,
1694 1398 1899 1469 absque

1969 1399 2046 1453 aci
2082 1399 2411 1468 temporisve
2446 1400 2880 1453 circumstantia.
2922 1400 3194 1464 Quaeritur
3232 1409 3437 1465 autem,
3479 1402 3568 1465 Ὠς

312 1489 371 1543 οὐ
401 1490 482 1543 δεῖ
501 1489 795 1544 καταλύειν
820 1492 918 1561 τὴν
947 1492 1198 1562 νηστείαν
1231 1494 1289 1545 ὲν
1318 1493 1536 1564 τετράδι
1558 1494 1653 1547 καὶ
1684 1497 2002 1566 παρασκευῇ
2035 1494 2194 1566 χάριν
2228 1496 2447 1566 μνήμης
2467 1495 2623 1563 ἁγίου
2648 1495 2681 1566 ἢ
2705 1496 3003 1549 ἀποστόλου
3036 1496 3199 1560 τινὸς,
3226 1498 3275 1548 εί
3311 1498 3385 1568 μὴ
3409 1497 3567 1568 μόνον

311 1583 367 1633 ὲν
400 1585 521 1643 ταῖς
548 1581 895 1644 δεσποτικαῖς
945 1584 1183 1653 ἑορταῖς.
1237 1583 1491 1638 Utrumne
1528 1595 1764 1653 oporteat
1814 1602 1910 1652 qua

1974 1603 2005 1638 a
2032 1597 2081 1640 et
2125 1590 2416 1640 l'arasceve
2456 1586 2654 1641 solvere
2684 1586 2973 1655 jejunium.
3015 1598 3222 1656 propter
3259 1590 3567 1642 memoriam

310 1673 479 1728 sancti
509 1682 603 1725 aut
634 1674 861 1741 apostoli
891 1674 1165 1743 alicujus?
1192 1676 1289 1739 vel,
1322 1692 1390 1728 an
1428 1675 1691 1744 jejuniunt
1747 1675 2040 1731 Dominicis
2069 1678 2396 1731 solummodo
2434 1677 2614 1732 diebus
2642 1679 2755 1748 (21)
2794 1682 3097 1735 solvendum
3127 1683 3234 1737 sit?
3265 1682 3568 1752 Respondit

309 1767 551 1840 synodus
580 1786 594 1823 :
629 1768 767 1840 Περὶ¹
790 1768 993 1820 τούτων
1015 1770 1043 1821 ὁ
1080 1767 1254 1838 μέγας
1306 1769 1621 1832 Ἀθανάσιος
1656 1769 1783 1823 τάδε
1818 1771 1981 1840 φησὶν
2033 1770 2090 1823 ἐν
2129 1788 2236 1823 τισι
2271 1772 2378 1824 τῶν
2434 1773 2883 1843 συγγραμμάτων
2927 1774 3124 1828 αὐτοῦ’
3179 1794 3197 1825 ι
3230 1777 3354 1828 Ὅτι
3397 1778 3459 1828 οὐ
3487 1777 3568 1831 δεῖ

308 1860 666 1932 παραὸαίνειν
696 1858 946 1930 νηστείαν
968 1861 1173 1931 Κυρίου
1201 1861 1289 1914 τὸν
1320 1863 1604 1933 μοναχὸνῆ
1637 1863 1726 1916 τὸν
1752 1863 1900 1933 ἱερέα
1918 1863 2147 1934 τετράδα
2181 1864 2274 1917 καὶ
2303 1865 2675 1936 παρασκευὴν,
2696 1869 2746 1919 εί
2779 1868 2851 1938 μή
2883 1884 2934 1920 τι
2965 1867 3059 1920 ἐπὶ
3079 1867 3218 1939 νόσῳ
3246 1867 3565 1940 βεϐάρηται,

306 1958 473 2029 χωρὶς
501 1956 605 2026 τῆς
637 1956 1073 2027 Πεντηκοστῆςῆ
1113 1955 1221 2010 τῶν
1257 1958 1636 2026 Ἐπιφανειῶν.
1664 1977 1682 2008 ›
1721 1957 1796 2011 De
1835 1959 1905 2011 hit

1969 1974 2170 2029 nagntts
2201 1959 2529 2012 Athanasius
2566 1961 2618 2012 in
2653 1962 2831 2030 aliqua
2874 1965 3192 2031 scriptorum
3226 1980 3445 2018 suorum
3490 1967 3568 2020 ita

306 2065 358 2102 se
383 2048 674 2115 exprimit:
723 2065 742 2098 t
770 2045 1062 2100 Monachus
1105 2055 1197 2099 aut
1251 2048 1495 2100 sacerdos
1518 2047 1784 2117 jejunium
1828 2058 2034 2118 quarta:
2069 2048 2146 2102 vel
2176 2058 2339 2101 senta:
2377 2048 2482 2101 diei
2513 2065 2615 2101 non
2649 2050 2839 2111 solvat,
2889 2052 2994 2103 nisi
3037 2052 3319 2105 decumbat
3359 2054 3565 2121 morbo,

305 2141 532 2209 exceptis
560 2138 869 2194 Pentecoste
896 2147 944 2193 et
980 2138 1311 2209 Epiphaniis.
1351 2159 1368 2191 ι
1407 2138 1620 2193 Placuit
1649 2140 1799 2193 locus
1830 2140 1940 2206 hic,
1976 2141 2201 2209 ipsaque
2233 2139 2606 2209 Syntagmatis
2636 2142 2812 2194 nostri
2848 2142 3011 2195 verba
3040 2141 3389 2211 proferenda,
3422 2148 3566 2201 unde

306 2236 393 2290 illa
425 2238 720 2307 desumpta
753 2245 913 2292 sunt:
942 2235 1034 2307 Μὴ
1075 2237 1432 2308 παραϐαίνειν
1462 2238 1737 2308 νηστείαν,
1779 2239 2025 2289 τουτέστι
2065 2237 2296 2308 τετράδα
2320 2238 2412 2290 καὶ
2435 2238 2808 2309 παρασκευὴν,
2842 2239 2891 2290 εἰ
2927 2239 3001 2310 μή
3032 2256 3083 2291 τι
3111 2239 3204 2291 ἐπὶ
3237 2240 3375 2311 νόσῳ
3406 2240 3568 2310 βεϐά-

307 2350 486 2404 ρηται,
523 2332 1095 2403 χωρὶςΠεντηκοστῆς
1124 2332 1288 2402 μόνης
1328 2332 1423 2384 καὶ
1461 2333 1568 2384 τῶν
1606 2332 1906 2400 Ἐπιφανειι

1966 2350 1993 2385 ν.
2018 2332 2135 2385 Alia
2173 2333 2392 2401 ponitur
2420 2334 2671 2402 quaestio,
2702 2350 2822 2403 qua:
2849 2349 3003 2402 teque
3032 2335 3138 2387 huc
3174 2335 3367 2388 attinet
3390 2354 3403 2389 :
3429 2336 3565 2409 Περὶ

305 2429 393 2482 τοῦ
426 2428 631 2481 κλίνειν
660 2428 791 2496 γόνυ
817 2430 873 2480 ὲν
908 2426 1169 2497 Σαϐϐάτῳ
1200 2429 1232 2498 ἡ
1272 2428 1330 2480 ἐν
1365 2428 1568 2499 Νικαίᾳ
1609 2428 1823 2491 σύνοδος
1855 2429 2001 2499 καὶὴ
2031 2431 2086 2481 ὲν
2109 2428 2362 2499 Τρούλλῳ
2391 2430 2700 2500 διωρίσατο,
2753 2431 2869 2500 μεθ’
2903 2424 2978 2483 ὧν
3012 2431 3106 2483 καὶ
3132 2433 3161 2484 ὁ
3202 2432 3373 2502 μέγας
3407 2434 3567 2488 Ἀθα-

305 2527 484 2588 velato;
506 2524 631 2577 τάδε
660 2522 792 2593 φησι
812 2540 824 2553 ⁸
853 2523 1047 2593 Μῆτίς
1080 2539 1139 2575 σε
1173 2523 1421 2594 πλανήσῃ
1448 2522 1507 2576 τὸ
1538 2523 1797 2593 παράπαν
1829 2525 1886 2576 ὲν
1916 2527 2151 2594 κυριακῇ
2183 2528 2519 2591 γονυπετεῖν,
2551 2526 2582 2595 ἢ
2627 2526 2684 2577 ἐν
2717 2527 3092 2597 Πεντηκοστῇ·
3128 2528 3222 2580 καὶ
3263 2528 3391 2599 περὶ
3426 2529 3567 2583 Σαόη

305 2622 465 2674 ϐάτου
490 2622 593 2673 οὐκ
638 2616 812 2672 εἶπεν.
856 2619 1199 2689 Ἀπόκρισιςο
1226 2618 1410 2683 Οὕτως
1451 2617 1562 2689 ἔχει
1608 2620 1699 2672 καὶ
1730 2621 1762 2689 ή
1794 2618 2048 2689 ἀλήθεια·
2087 2618 2224 2689 πλὴν
2259 2621 2311 2671 οἱ
2346 2619 2549 2683 πολλοὶ,
2583 2620 2670 2672 διὰ
2719 2620 2780 2672 τὸ
2832 2620 2907 2690 μὴ
2939 2620 3186 2687 γίνεσθαι
3224 2623 3473 2691 νηστείαν
3504 2626 3564 2677 ἐν

306 2716 587 2786 Σαϐϐάτῳ,
623 2714 723 2785 τὴν
750 2713 1096 2782 γονυκλισίαν
1124 2715 1396 2785 παρῆκαν.
1421 2713 1713 2779 Nimirum,
1741 2718 1808 2768 de
1842 2730 1904 2783 ge

1964 2731 1979 2766 ι
2019 2714 2107 2768 die
2152 2714 2377 2768 Sabbati
2413 2714 2705 2777 ﬂectendo,
2740 2713 2978 2784 synodos
3016 2712 3288 2768 Nicaanam
3316 2724 3369 2769 et
3402 2714 3563 2770 Trul-

306 2811 477 2863 lanam
514 2810 802 2871 statuisse,
820 2815 873 2861 et
905 2804 1162 2877 magnum
1194 2806 1552 2861 Athanasium
1583 2809 1788 2877 pariter
1816 2809 2162 2863 enuntiasse:
2189 2807 2402 2863 Carene
2424 2809 2701 2877 quisquam
2733 2819 2782 2860 te
2804 2806 3017 2860 inducat
3039 2805 3314 2860 Dominica
3338 2807 3423 2861 die
3451 2824 3563 2863 esse

296 2900 646 2969 jejunandum
677 2898 910 2959 ontnino,
934 2897 1037 2950 sive
1074 2898 1128 2950 in
1172 2895 1497 2950 Pentecoste.
1522 2895 1666 2949 Nihil
1693 2911 1819 2950 vero
1848 2895 2055 2950 dixisse
2084 2897 2150 2951 de
2175 2897 2432 2951 Sabbato.
2470 2895 2861 2965 Respondetur:
2882 2898 2971 2953 Sic
3000 2916 3054 2953 se
3075 2916 3155 2954 res
3182 2901 3339 2971 plane
3369 2902 3559 2968 habet;

298 2994 529 3063 plerique
558 3002 758 3053 tamen,
785 2991 911 3061 quia
943 2988 1175 3045 Sabbato
1205 3006 1308 3043 non
1330 2989 1628 3058 jejunatur,
1653 2988 2065 3059 genuﬂexionem
2097 2989 2526 3057 prwtermittunt.
2553 2986 2618 3041 Ut
2645 2989 2858 3059 singula
2886 2998 3200 3060 appareant,
3222 3007 3288 3045 en
3318 2992 3558 3047 Athana-

304 3085 444 3138 sium
477 3088 768 3136 nostrum:
802 3081 892 3151 Μή
924 3080 1008 3143 τίς
1039 3095 1099 3131 σε
1142 3079 1391 3150 πλανήσῃ
1419 3079 1476 3132 ὲν
1507 3080 1742 3150 κυριακῇ
1776 3079 2056 3147 νηστεύειν
2080 3079 2139 3131 τὸ
2175 3078 2458 3150 παράπαν,
2496 3081 2636 3151 μήτε
2670 3083 2983 3147 γονυπετείν
3006 3081 3069 3133 τὸ
3106 3082 3386 3152 παράπαν,
3423 3085 3561 3154 μήτε

304 3176 359 3226 ὲν
385 3173 757 3244 Πεντηκοστῇ.
795 3171 870 3223 Οὐ
907 3171 1013 3241 γάρ
1047 3172 1161 3223 ἐστι
1191 3169 1390 3240 θεσμὸς
1429 3170 1774 3240 Ἐκκλησίας.
1804 3169 1903 3223 Dut

1960 3171 2261 3240 fragmenta
2291 3172 2481 3224 istha:c
2511 3186 2619 3225 non
2647 3172 2782 3226 levis
2815 3180 2942 3227 sunt
2972 3174 3262 3242 ponderis;
3294 3174 3559 3243 tantique.

307 3278 365 3323 ut
392 3270 605 3323 nullum
641 3267 813 3321 ferme
858 3265 1082 3319 dubium
1119 3266 1481 3336 relinquatur.
1519 3264 1797 3335 Siquidem
1838 3264 1957 3334 ipsa
1989 3264 2231 3335 synodus
2260 3280 2326 3319 eo
2350 3262 2665 3317 testimonio
2695 3264 2889 3327 utitur,
2923 3280 3100 3334 neque
3133 3263 3331 3319 refellit
3373 3280 3564 3318 mona-

303 3362 436 3415 cbos
461 3377 527 3415 ex
556 3359 860 3413 Athanasio
892 3368 1079 3412 nostro
1110 3358 1463 3414 disserentes.
1492 3360 1645 3428 Apud
1682 3358 2062 3413 Balsamonem
2116 3358 2358 3412 occurrit
2391 3358 2622 3427 qumstio
2652 3357 2717 3412 de
2741 3373 2884 3427 genu
2920 3359 2974 3411 in
3006 3358 3243 3413 Sabbato
3271 3357 3561 3422 flectendo,

301 3461 447 3506 mota
483 3468 515 3505 a
561 3450 848 3505 monachis
885 3459 1040 3504 extra
1079 3451 1267 3505 urbem
1303 3467 1362 3507 se
1405 3450 1819 3517 exercentibus,
1866 3458 2111 3520 tempore
2151 3440 2357 3511 Nicolai
2410 3450 2737 3519 patriarchae
2791 3459 2846 3505 et
2920 3451 3095 3506 Alexii
3145 3451 3430 3506 Comneni.
3478 3452 3562 3507 Ad

301 3563 465 3617 quam
499 3545 784 3617 respondit
812 3560 968 3599 sacra
997 3545 1600 3617 Constantinopolitana
1630 3544 2119 3620 synodus.Verum
2152 3544 2411 3599 ditl‘erunt
2439 3545 2898 3613 interrogationes
2929 3545 3146 3598 illorum
3169 3545 3561 3599 monachorum

297 3656 327 3694 a
379 3642 593 3696 nostris
626 3641 683 3694 in
717 3654 822 3693 ms.
860 3638 1063 3710 Regio,
1108 3650 1328 3709 propter
1369 3640 1587 3694 diversa
1644 3641 1846 3710 capita.
1894 3637 2105 3703 Porro,
2157 3639 2260 3693 etsi
2294 3637 2538 3708 ejusdem
2574 3644 2760 3692 essent
2804 3651 2928 3690 cum
2979 3636 3193 3691 caeteris
3225 3636 3363 3699 aevi,
3399 3649 3563 3688 nemo

296 3731 456 3788 facile
483 3734 589 3787 sibi
616 3734 977 3802 persuaserit,
1008 3732 1292 3786 Athanasii
1332 3741 1465 3786 tunc
1504 3732 1935 3802 suppositionem
1966 3730 2199 3796 factam;
2246 3731 2343 3784 sed
2390 3739 2579 3784 contra
2608 3735 2788 3799 putet,
2821 3729 2982 3797 longa
3025 3735 3185 3782 artate
3228 3727 3387 3781 fidem
3418 3724 3562 3777 obti-

292 3825 487 3879 nuisse
511 3824 565 3876 in
598 3822 823 3877 Patrum
859 3837 1145 3877 consessu.
1179 3823 1428 3892 Conjicio
1462 3832 1642 3876 autem
1678 3822 2009 3892 quaestiones
2044 3824 2341 3876 canonicas
2370 3831 2424 3875 et
2451 3820 2836 3889 responsiones
2865 3817 3069 3872 codicis
3107 3815 3262 3886 Regii
3294 3814 3358 3867 ad
3388 3826 3562 3867 saecu-

293 3915 404 3970 lum
438 3932 495 3969 1x
523 3916 860 3980 referendas,
890 3917 945 3969 in
972 3915 1173 3986 quibus
1204 3914 1261 3968 fit
1301 3915 1506 3969 mentio
1544 3915 1874 3984 lypicorum,
1927 3915 2345 3991 syna'xariorum
2377 3912 2552 3967 sancti
2593 3909 2772 3965 Patris
2816 3910 2992 3963 nostri
3034 3907 3200 3973 Saba,
3253 3915 3307 3962 et
3347 3919 3557 3976 praece-

290 4010 473 4079 ptoris
501 4008 671 4063 eremi
709 4007 889 4077 magni
922 4006 1218 4077 Euthymii,
1250 4022 1351 4059 nec
1386 4020 1492 4059 non
1529 4004 1586 4059 S.
1615 4003 1901 4058 Athanasii
1942 4004 2089 4057 illius
2139 4002 2195 4056 in
2224 4008 2409 4056 monte
2439 4012 2648 4056 sancto.
2679 3998 3067 4053 Producuntur
3125 3997 3421 4053 concilium
3461 3993 3560 4051 Ni-

287 4118 503 4158 caanum
527 4118 589 4165 ll,
610 4103 645 4173 ἡ
666 4101 912 4164 ὲνώσεως
943 4101 1177 4165 σύνοδος,
1204 4104 1238 4171 ὴ
1268 4099 1534 4170 γενομένη
1560 4100 1619 4153 ἐν
1650 4100 1886 4152 Κωνσταη

1957 4099 2061 4151 ίνου
2087 4097 2263 4165 πόλει,
2290 4098 2419 4166 περὶ
2434 4095 2543 4148 τῶν
2562 4094 2779 4165 γάμων,
2800 4093 3043 4164 synodus
3071 4089 3556 4155 Neocaesariensis,

287 4196 344 4252 S.
372 4198 620 4253 Basilius
658 4196 727 4251 ad
756 4197 1219 4268 Amphilochium.
2096 4197 2103 4203 ’

352 4311 506 4379 Quid
544 4312 616 4367 sit
645 4325 816 4382 quare
858 4310 1154 4381 Syntagma
1183 4314 1433 4362 nostrum
1471 4304 1529 4360 S.
1564 4306 1849 4363 Athanasii
1888 4321 2008 4361 esse
2039 4311 2293 4374 nequeat,
2327 4303 2568 4358 nondum
2602 4301 2873 4373 perspicio
2907 4318 2921 4355 :
2968 4300 3222 4371 quamvis
3259 4298 3407 4352 enim
3440 4296 3560 4365 ipse

281 4405 338 4460 in
376 4406 512 4460 Vita
547 4404 607 4460 S.
640 4403 856 4458 Antonii
882 4402 1209 4467 narraverit,
1234 4410 1343 4455 tam
1382 4402 1574 4457 crebra
1602 4400 1935 4456 monasteria
1968 4399 2024 4452 in
2068 4397 2305 4470 Egypto
2345 4406 2461 4450 tum
2493 4410 2600 4449 non
2632 4395 2826 4458 fuisse,
2869 4393 2964 4448 sed
2997 4406 3271 4462 quemque
3301 4404 3361 4445 se
3392 4403 3557 4443 exen

283 4505 471 4559 cuisse
504 4516 538 4555 a
568 4516 673 4556 suo
701 4514 841 4570 pago
867 4513 975 4552 non
1006 4497 1197 4567 procul
1223 4515 1236 4550 :
1280 4498 1450 4552 nihilo
1489 4513 1647 4553 secus
1682 4496 1982 4566 Gregorius
2009 4494 2409 4556 Nazianzenus,
2439 4490 2592 4546 Orat.
2630 4492 2687 4544 in
2717 4487 2929 4543 laudem
2955 4487 3264 4549 Athanasii,
3300 4483 3557 4547 allirtnat,

291 4594 474 4650 Vitam
512 4593 735 4648 Antonii
765 4592 1111 4662 promulgare
1140 4591 1286 4661 leges
1317 4591 1649 4645 monasticas
1681 4591 1784 4644 sub
1809 4590 1994 4659 specie
2027 4589 2381 4642 narrationis.
2418 4586 2500 4639 Ad
2538 4586 2653 4639 haec
2682 4599 2807 4638 cum
2843 4583 3049 4637 nostris
3076 4585 3410 4644 congruunt,
3434 4591 3559 4647 quae

279 4691 431 4763 legas
466 4694 527 4747 in
567 4690 627 4745 S.
675 4687 977 4743 Athanasio
1020 4685 1096 4741 De
1127 4687 1451 4757 virginitate,
1490 4687 1609 4755 ἦτοι
1634 4687 1762 4756 περὶ
1796 4686 2105 4757 ἀσκήσεως.
2152 4685 2379 4754 Propter
2414 4682 2727 4752 superbiam
2777 4680 3027 4733 diabolus
3058 4694 3125 4733 ex
3167 4678 3323 4730 caelis
3364 4676 3558 4744 praeci-

279 4788 588 4858 pitabatur.
617 4785 929 4855 Νήστευσον
961 4781 1079 4835 ὅλον
1118 4781 1209 4834 τὸν
1254 4781 1497 4835 ἐνιαυτὸν
1523 4782 1691 4851 χωρὶς
1726 4780 1907 4851 πάσης
1941 4780 2217 4848 ἀνάγκης·
2251 4776 2369 4848 ὥρᾳ.
2408 4775 2465 4827 δὲ
2514 4775 2710 4846 ὲννάτῃ
2752 4774 2851 4844 τῆς
2879 4770 3091 4844 ἡμέρας
3131 4772 3186 4822 ὲν
3225 4768 3417 4839 ὕμνοις
3461 4770 3557 4823 καὶ⁸

277 4876 469 4947 εὐχαῖς
508 4873 886 4929 διατελέσασα.
918 4870 1299 4942 καταλάμϐανε
1328 4871 1419 4924 τὸν
1454 4871 1617 4943 ἄρτον
1652 4887 1744 4923 σου
1780 4872 1838 4923 ὲν
1867 4870 2084 4941 λαχάνῳ
2109 4868 2570 4936 ἀναπεποιημὲνῳ
2600 4862 3000 4933 ὲλαίῳλεῘαηα
3030 4860 3333 4914 universum
3358 4874 3557 4912 annum

278 4969 391 5021 sine
419 4967 737 5021 necessitate
768 4966 1021 5033 (melius,
1055 4949 1162 5018 nisi
1195 4962 1492 5018 necessitas
1524 4962 1668 5015 aliud
1697 4962 2002 5033 postulet);
2038 4962 2167 5013 hora
2202 4976 2319 5013 vero
2370 4973 2531 5020 nona,
2565 4958 2618 5009 in
2645 4956 2852 5026 hymnis
2899 4963 2949 5008 et
2967 4953 3190 5022 jejttniis
3232 4949 3565 5019 perdurans,

276 5074 425 5111 sume
465 5072 663 5127 panem
707 5068 855 5109 tuum
893 5071 1011 5108 cum
1058 5054 1288 5110 oleribus
1321 5055 1434 5109 oleo
1472 5053 1702 5121 refectis.
1732 5071 1750 5103 ι
1782 5039 2015 5106 Nuditas
2057 5067 2127 5105 ne
2158 5055 2420 5120 appareat
2468 5062 2652 5101 coram
2685 5049 2811 5101 alio.
2848 5045 2968 5100 Non
3016 5046 3120 5098 ibis
3156 5040 3223 5093 ad
3270 5042 3552 5106 balneum,

275 5149 559 5220 siquidem
609 5161 745 5204 sana
781 5148 891 5211 sis,
923 5147 1030 5203 nisi
1076 5158 1306 5217 urgente
1336 5148 1691 5202 necessitate.
1752 5145 1809 5199 Si
1837 5160 1874 5199 ο

1953 5160 2037 5199 ius
2065 5144 2362 5204 infirmum,
2396 5140 2596 5212 χρῆσαι
2632 5141 2759 5209 οἴνῳ
2797 5138 2964 5207 ὀλίγῳ
2995 5136 3082 5189 διὰ
3126 5136 3217 5189 τὸν
3261 5134 3552 5205 στόμαχον.

272 5237 437 5306 Quod
486 5244 535 5299 si
589 5241 740 5295 adsit
777 5240 1168 5298 catechumena
1214 5244 1271 5296 in
1314 5254 1527 5302 mensa,
1573 5254 1642 5292 ne
1695 5247 1812 5293 oret
1854 5253 1978 5291 cum
2014 5235 2284 5299 fidelibus,
2315 5248 2492 5304 neque
2548 5230 2765 5286 sedebis
2808 5237 2863 5284 et
2896 5242 3003 5283 una
3051 5242 3175 5281 cum
3223 5227 3314 5281 illa
3358 5241 3556 5296 panem

271 5335 562 5389 comedes.
602 5332 662 5386 St
689 5333 973 5400 virjustus
1009 5333 1077 5387 ad
1107 5342 1160 5387 te
1184 5334 1417 5396 venerit,
1449 5332 1572 5384 lava
1596 5331 1647 5387 ei
1682 5331 1865 5402 pedes.
1904 5327 1963 5384 Si
1997 5328 2238 5398 virgines
2269 5325 2626 5381 advenientes
2657 5324 2844 5376 vinum
2874 5322 3086 5385 bibant,
3110 5321 3325 5375 etiamsi
3362 5328 3418 5372 tu
3442 5334 3555 5375 non

273 5426 444 5492 bibis,
483 5435 715 5496 prapter
744 5438 836 5479 eas
885 5425 1009 5480 bibe
1034 5424 1359 5495 pauxillum.
1406 5423 1465 5477 ln
1505 5425 1739 5481 ecclesia
1777 5432 1920 5490 tace,
1950 5437 2050 5476 nec
2083 5419 2382 5490 quidquam
2430 5418 2697 5489 loquaris,
2741 5414 2838 5470 sed
2884 5414 3212 5470 lectionibus
3250 5411 3496 5467 intende.
3528 5432 3547 5465 ι

274 5522 553 5577 Similiter
586 5523 645 5577 in
684 5519 1069 5578 Exhortatione
1105 5519 1175 5575 ad
1211 5520 1516 5586 monachos,
1546 5536 1712 5591 quam
1750 5520 1944 5576 Latine
1973 5519 2240 5575 habemus
2272 5518 2328 5572 in
2366 5526 2513 5573 tomo
2542 5513 2586 5569 ll
2616 5512 2782 5586 0pp.,
2821 5513 2870 5568 si
2914 5514 3184 5569 donamus
3220 5523 3347 5566 esse
3370 5505 3556 5563 Atha—

341 5736 461 5809 (21)
502 5737 566 5792 In
593 5734 754 5793 festis
778 5731 1008 5789 Domini.
