4050 6396
541 323 651 386 813

1603 316 1660 372 S.
1700 314 2169 374 ATIIANASIL’S.
2203 345 2276 358 —
2315 313 2588 371 SPURIA.

3665 309 3750 366 8l6

542 439 670 503 stri,
701 443 755 492 ct
793 431 1168 506 percutiebant
1196 443 1319 484 eum
1360 426 1552 497 alapis,
1583 437 1637 481 et
1665 427 1790 482 inde
1827 427 2104 483 dicentes:
2139 435 2180 496 Α
2211 434 2492 482 mansueta
2519 425 2840 481 duceharis!
2875 422 2920 478 0
2949 432 3187 496 quantus
3214 438 3275 480 es
3295 421 3350 478 in
3376 422 3752 491 misericordia,

539 529 752 595 Quanta
777 523 906 580 Jesu
936 521 1158 577 Galilaeo
1186 518 1359 574 nostri
1397 518 1670 585 genitores
1704 516 1972 581 fecerunt,
2015 531 2110 570 ea-

540 621 663 673 dem
686 624 740 672 et
768 629 869 670 nos
903 613 1030 667 huic
1063 610 1183 680 ejus
1214 609 1434 681 imagini
1470 608 1754 666 faciamus.
1789 609 2108 664 Innumera-

540 708 744 763 bilibus
798 705 980 774 itaque
1031 701 1382 756 illusionibus
1435 699 1774 756 Dominicam
1822 702 2112 755 illuserunt

539 797 787 852 iconam.‘
809 796 1010 849 lterum
1045 793 1234 847 dicunt
1264 811 1278 847 :
1305 792 1364 848 in
1401 794 1519 863 ejus
1555 793 1811 863 passione
1840 792 2110 862 scriptum

539 903 662 944 esse
710 885 1077 957 agnoscimus,
1125 884 1270 955 quod
1317 884 1437 954 ejus
1486 884 1651 955 pedes
1705 893 1760 938 et
1808 898 2004 936 manus
2054 881 2110 935 in

538 993 702 1032 cruce
735 974 959 1032 confixae
989 982 1119 1030 sunt
1144 993 1156 1029 :
1181 991 1280 1030 nos
1313 991 1463 1040 vero,
1512 974 1764 1044 quamvis
1797 971 2111 1027 modernio-

538 1082 629 1122 res
659 1072 921 1135 tempore,
949 1063 1027 1117 nil
1059 1063 1558 1133 praetermittentes,
1593 1062 1858 1116 addamus
1893 1068 1946 1115 et
1976 1060 2111 1114 haec.

539 1155 695 1213 Tunc
723 1155 1106 1226 crucifigentes
1133 1156 1347 1210 iconam
1379 1153 1738 1222 Dmninicam,
1769 1156 1955 1209 clavos
1988 1169 2117 1208 acu-

537 1248 784 1304 tissimos
821 1246 1188 1301 adhibuerunt
1221 1247 1274 1301 in
1304 1247 1580 1310 manibus,
1611 1255 1664 1302 et
1707 1247 1936 1318 pedibus
1970 1245 2116 1300 illius

540 1339 816 1411 imaginis.
847 1335 978 1393 Post
1020 1338 1135 1392 hate
1178 1338 1408 1409 permoti
1439 1339 1612 1409 magis
1654 1353 1717 1391 ac
1768 1337 1941 1407 magis
1972 1335 2116 1389 fellis

541 1431 942 1496 amaritudine,
994 1429 1187 1486 dicunt
1236 1431 1377 1483 inter
1423 1445 1483 1484 se
1529 1449 1543 1484 ε
1586 1430 1909 1484 Audivimus
1971 1427 2118 1498 quod

541 1528 727 1590 patres
757 1518 929 1573 nostri
959 1514 1088 1572 Jesu
1125 1515 1345 1572 Calilteo
1382 1526 1594 1572 acetum
1625 1525 1680 1572 et
1723 1517 1793 1571 fel
1822 1517 1878 1571 in
1931 1519 2117 1587 potum

545 1625 672 1666 eum
719 1610 945 1680 spongia
990 1609 1359 1678 praebuerunt,
1413 1609 1516 1664 hoc
1559 1618 1613 1663 et
1651 1608 1779 1662 huic
1831 1608 2117 1662 faciamus.

547 1700 704 1768 Quod
738 1709 792 1756 et
817 1702 898 1755 sic
928 1699 1198 1764 fecerunt,
1229 1706 1566 1770 apponcntes
1593 1698 1660 1752 ad
1690 1715 1753 1754 os
1777 1707 1980 1753 sancta:
2006 1699 2118 1752 ico-

2209 518 2455 574 Christe!
2503 535 2629 589 spes
2656 520 2815 573 unica
2846 517 3056 581 mundi,
3095 516 3188 586 qui
3222 532 3347 570 cum
3398 517 3454 571 in
3501 531 3663 572 cruce
3695 527 3757 574 te-

2207 612 2388 681 ipsum
2431 612 2666 666 hostiam
2713 611 2824 665 Deo
2854 610 3002 664 Patri
3051 609 3397 664 exhibuisses
3449 618 3685 664 sanctam
3712 618 3756 666 et

2211 701 2637 764 immaculatatn,
2683 715 2780 770 pro
2824 700 2936 754 tuis
2977 699 3400 754 crucifixoribus
3447 699 3656 752 veniam
3684 713 3758 769 po-

2212 793 2448 855 stulasti,
2483 792 2712 846 dicendo
2728 793 2792 846 ad
2817 792 3068 847 Patrem:
3102 811 3122 843 ι
3159 790 3341 856 Pater,
3379 791 3600 861 ignosce
3631 792 3756 858 illis;

2213 886 2338 955 quia
2357 885 2606 940 nesciunt
2627 885 2755 954 quid
2795 882 3018 937 faciunt.
3059 902 3078 935 ι
3102 881 3255 936 Tunc
3286 883 3505 952 quidem
3553 895 3650 951 pro
3679 897 3761 936 no-

2215 985 2328 1031 stra
2370 977 2545 1032 salute
2585 975 2921 1041 incurvatus,
2967 975 3022 1030 in
3068 974 3253 1028 eadem
3287 988 3472 1035 carne,
3506 988 3666 1042 quam
3703 988 3762 1028 ex

2214 1066 2436 1138 Virgine
2475 1075 2662 1122 sancta
2707 1073 2762 1122 et
2808 1065 3151 1119 immaculata
3182 1079 3586 1133 assumpseras,
3635 1079 3762 1118 mor-

2217 1169 2322 1214 tem
2352 1158 2622 1228 pertulisti
2663 1157 2957 1214 crudelem.
2989 1155 3055 1209 Et
3087 1156 3180 1228 qui
3214 1173 3338 1212 eras
3371 1158 3422 1211 in
3463 1156 3762 1212 substantia

2216 1263 2339 1303 cum
2370 1248 2526 1304 Patre
2557 1256 2856 1318 sanctoque
2892 1245 3099 1318 Spiritu
3138 1262 3280 1300 unus
3323 1255 3377 1300 et
3421 1245 3765 1316 im‘passibilis

2217 1339 2488 1396 cxsistens
2532 1347 2585 1394 et
2650 1338 2963 1403 invisibilis,
3003 1323 3334 1392 cond'uluisti
3364 1337 3660 1391 humanam
3689 1353 3766 1407 pe-

2218 1430 2330 1484 rire
2362 1437 2634 1484 naturam.
2674 1429 2738 1482 Et
2774 1428 2896 1482 ideo
2931 1429 2985 1482 in
3020 1427 3162 1481 hanc
3191 1426 3552 1498 lacrymarum
3592 1427 3767 1480 vallem

2219 1521 2579 1584 descendens,
2615 1535 2716 1590 pro
2762 1519 2968 1574 nostris
3005 1519 3281 1574 erratibus
3322 1526 3376 1572 et
3411 1519 3645 1589 piaculis
3681 1517 3772 1571 for-

2219 1626 2364 1666 mam
2409 1612 2662 1666 servilem
2707 1609 3020 1680 suscepisti,
3055 1609 3110 1663 in
3153 1624 3258 1678 qua
3299 1617 3353 1664 te
3391 1608 3688 1678 permisiin
3712 1607 3773 1664 ab

2222 1705 2424 1775 iniquis
2457 1705 2656 1767 teneri,
2701 1703 2984 1774 flagellari,
3035 1703 3102 1757 ad
3148 1703 3398 1756 ultimum
3433 1716 3564 1755 vero
3602 1700 3771 1756 cruci-

549 1808 635 1847 na'.
663 1793 839 1847 nostri
882 1790 1265 1862 Redemptoris
1303 1801 1516 1846 acetum
1552 1806 1674 1845 cum
1707 1792 1830 1846 felle
1873 1792 2112 1846 mistum.
2149 1773 2190 1830 Β
2221 1773 2333 1868 ﬁgi,
2370 1796 2524 1852 Nunc
2554 1806 2735 1851 amem
2773 1773 2830 1851 in
2878 1807 3067 1852 saucia
3108 1796 3342 1864 imagine
3379 1802 3472 1848 ιιη
3503 1793 3777 1864 ρι-υείηεε.

547 1879 661 1936 Nec
711 1881 792 1936 sic
839 1881 1024 1950 itaque
1077 1879 1258 1934 cordis
1294 1881 1379 1935 sui
1437 1881 1702 1934 malitiam
1753 1879 2116 1944 refrenantes,

547 1973 747 2028 iterum
788 1971 1011 2026 dicunt:
1041 1969 1340 2027 Didicimus
1369 1971 1514 2043 quod
1544 1971 1718 2026 nostri
1761 1971 1994 2041 majores
2027 1986 2122 2026 co-

546 2081 739 2122 mnam
775 2072 1086 2120 contextam
1130 2064 1198 2118 de
1239 2065 1414 2135 spinis
1467 2064 1630 2134 capiti
1678 2064 1824 2118 illius
1872 2063 2119 2118 crucifixi

545 2158 1090 2227 circumposuerunt,
1120 2155 1467 2227 postmodum
1513 2155 1780 2210 arundine
1833 2171 2122 2224 percusse-

545 2256 674 2304 runt
707 2250 1033 2304 insultantes
1057 2249 1126 2314 ei,
1167 2257 1222 2302 et
1261 2264 1364 2304 nos
1403 2248 1568 2318 igitur
1597 2259 1940 2317 nequaquam
1969 2253 2123 2317 post-

545 2349 812 2411 ponentes
839 2339 1078 2409 idipsum
1111 2340 1399 2396 faciamus.
1432 2338 1681 2408 Cumque
1714 2352 1972 2394 coronam
2011 2338 2124 2406 spi-

545 2445 703 2484 neam
746 2429 912 2501 capiti
967 2431 1114 2486 illius
1171 2430 1738 2500 circumposuissent,
1789 2431 2122 2500 accipientes

547 2522 892 2586 arundinem,
937 2523 1315 2593 percutiebant
1338 2530 1500 2593 caput
1534 2523 1785 2594 imaginis
1824 2523 1992 2589 illius,
2029 2525 2122 2593 qui

551 2623 715 2682 caput
741 2618 826 2667 est
851 2612 1094 2667 omnium
1131 2621 1468 2668 sanctorum.
1503 2612 1585 2667 Ad
1625 2621 1926 2668 extremum
1970 2629 2121 2679 vero,

547 2717 676 2759 cum
729 2703 998 2759 insaniam
1041 2721 1155 2761 sum
1203 2706 1400 2760 mentis
1444 2706 1680 2760 tolerare
1732 2721 1840 2760 non
1876 2713 2120 2776 possent,

546 2793 806 2852 dixerunt
835 2814 848 2850 :
879 2795 1034 2850 Sicut
1063 2798 1332 2851 veraciter
1366 2795 1681 2863 didicimus,
1717 2803 1901 2866 patres
1947 2799 2122 2852 nostri

553 2887 697 2944 latus
717 2883 848 2944 Jesu
880 2887 1070 2942 lancea
1102 2897 1467 2958 aperuerunt;
1505 2904 1604 2942 nos
1641 2904 1793 2953 vero,
1828 2904 1894 2944 ne
1920 2888 2124 2958 aliquid

553 2981 733 3034 minus
763 2980 958 3036 fecisse
985 2979 1288 3044 videamur,
1322 2988 1375 3036 et
1423 2980 1526 3034 hoc
1566 2981 1747 3050 ipsum
1776 2981 2121 3050 adjiciamus.

551 3067 762 3124 Nullam
797 3070 862 3124 ad
892 3071 1006 3124 haec
1035 3084 1240 3124 moram
1279 3071 1513 3125 mediam
1551 3069 1817 3136 fecerunt,
1850 3081 1902 3126 et
1942 3073 2123 3128 afferri

551 3157 797 3212 lanceam
818 3157 1123 3226 jusserunt,
1153 3165 1206 3212 et
1239 3169 1616 3229 praeceperunt
1652 3159 1868 3215 cuidam
1898 3160 2123 3216 llehrzeo

553 3249 742 3304 tollere
777 3264 921 3317 eam,
964 3258 1018 3304 et
1050 3249 1230 3304 valido
1259 3251 1366 3305 ictu
1397 3251 1540 3307 latus
1571 3252 1824 3307 dextrum
1856 3253 2027 3306 iconae
2066 3253 2124 3307 il-

551 3341 660 3398 lius
707 3340 1070 3399 transfodere.
1113 3342 1359 3414 Cumque
1410 3351 1519 3398 tam
1565 3348 1862 3398 maximum
1912 3344 2126 3400 facinus

554 3433 750 3489 fuisset
804 3441 1212 3504 perpetratum,
1273 3451 1362 3491 res
1417 3437 1554 3490 mira
1618 3437 1966 3491 vehementer
2009 3445 2127 3492 stu-

553 3525 756 3595 penda,
789 3527 1046 3597 nulloque
1073 3543 1310 3597 unquam
1345 3529 1543 3583 saeculo
1572 3529 1757 3582 audita
1800 3529 1873 3583 ibi
1903 3538 2126 3600 repente

553 3628 642 3677 est
668 3619 878 3676 effecta.
910 3619 1044 3675 Nam
1080 3621 1254 3691 ipsius
1280 3621 1522 3677 vulneris
1549 3623 1704 3678 locus
1752 3638 1892 3692 aqua
1921 3631 1972 3676 et
1999 3639 2128 3677 san-

557 3711 720 3779 guine
768 3712 916 3767 illico
961 3713 1128 3782 coapit
1173 3712 1486 3769 decurrere.
1511 3713 1577 3767 Et
1607 3714 1749 3769 sicut
1794 3714 1850 3767 in
1875 3715 2128 3784 passione

557 3800 647 3856 Dei
671 3800 793 3856 Filii
827 3800 1128 3857 Salvatoris
1161 3803 1370 3867 mundi,
1392 3805 1520 3858 olim
1553 3805 1781 3876 contigit
1810 3805 2010 3860 cmlum
2040 3821 2130 3860 ex-

555 3894 791 3963 pavisse,
818 3895 894 3948 ila
945 3911 1093 3950 nunc
1143 3911 1361 3966 quoque
1409 3899 1634 3966 pariter,
1671 3897 1781 3954 Deo
1813 3906 2126 3968 praestante,

554 3983 746 4039 eadem
782 3985 1112 4040 innovantnr
1161 3985 1277 4042 sive
1327 3997 1670 4056 reparantur.
1705 3987 1842 4044 Vere
1889 3989 2035 4044 enim
2072 3987 2127 4040 in

556 4075 663 4128 hoc
692 4075 834 4130 facto
879 4093 988 4129 non
1021 4078 1198 4131 solum
1242 4078 1510 4149 elementa
1551 4081 1739 4132 mundi
1773 4080 1994 4134 concuti
2033 4093 2132 4149 po-

551 4175 730 4244 }uere,
761 4165 855 4220 sed
891 4167 1055 4220 etiam
1100 4167 1328 4222 virtutes
1359 4183 1611 4237 supernae
1652 4170 1759 4240 tale
1783 4167 1998 4223 facinus
2031 4185 2128 4223 ex-

557 4258 838 4313 horruere.
887 4255 1006 4310 Tibi
1039 4273 1194 4328 ergo,
1237 4259 1476 4325 Christe,
1511 4274 1634 4313 cum
1676 4258 1855 4322 Patre,
1900 4258 2133 4330 Spiritu-

556 4364 665 4420 que
706 4356 896 4402 sancto
949 4347 1022 4404 sit
1061 4349 1232 4418 gloria
1278 4349 1619 4404 indeficiens.
1669 4349 1804 4415 Quis
1854 4352 1998 4404 enim
2049 4359 2133 4405 est

2220 1886 2319 1948 ris,
2351 1883 2597 1952 Domine,
2628 1887 2821 1940 iterum
2847 1886 2912 1940 ad
2941 1883 3318 1939 confusionem
3351 1885 3640 1954 impicrum
3673 1898 3775 1937 om-

2220 1977 2371 2032 nium
2407 1979 2645 2033 fidelium
2689 1977 3062 2050 [infidelium],
3101 1987 3156 2033 et
3187 1977 3254 2032 ad
3287 1976 3778 2031 corroborationem

2221 2072 2465 2136 omnium
2503 2073 2558 2126 in
2585 2081 2636 2126 te
2659 2072 3027 2126 credentium.
3055 2069 3120 2124 Et
3147 2070 3269 2124 ideo
3299 2069 3394 2124 tibi
3429 2068 3779 2139 omnipotenti

2222 2160 2354 2226 Deo,
2391 2177 2498 2215 una
2531 2177 2654 2216 cum
2689 2161 2848 2216 Patre
2886 2160 3206 2231 Spirituque
3250 2167 3462 2224 sancto,
3493 2160 3665 2230 gloria
3695 2159 3778 2226 sit,

2229 2265 2326 2318 per
2359 2261 2554 2304 cuncta
2605 2251 2932 2304 smculorum
2971 2249 3192 2318 saecula,
3222 2250 3390 2306 decus
3419 2257 3474 2304 et
3505 2249 3778 2312 fortitudo.

2223 2343 2400 2398 virtus
2430 2351 2594 2414 atque
2624 2343 2878 2398 victoria.
2915 2341 3111 2398 Amen.

2830 2477 3060 2535 CAPUT
3099 2477 3182 2533 Ill.

2300 2616 2519 2680 Audite,
2559 2629 2752 2670 omnes
2785 2612 3046 2669 Ecclesia:
3089 2613 3205 2678 ﬁlii,
3243 2599 3457 2676 caetera,
3488 2627 3610 2682 quae
3639 2619 3782 2684 post-

2224 2707 2444 2762 modum
2487 2707 2626 2759 facta
2658 2715 2816 2772 sunt;
2858 2706 3030 2775 ipsius
3071 2706 3215 2759 enim
3251 2703 3491 2773 mysterii
3530 2703 3636 2757 fuit
3679 2703 3788 2757 dis-

2226 2799 2494 2868 pensatio.
2543 2796 2836 2866 Postquam
2874 2798 3049 2862 enim,
3085 2805 3142 2850 ut
3173 2796 3427 2864 superius
3454 2795 3661 2848 dictum
3687 2801 3785 2859 est,

2225 2884 2369 2937 latus
2417 2893 2624 2938 sanctae
2673 2885 2925 2954 imaginis
2967 2886 3115 2940 illius
3155 2884 3343 2938 lancea
3390 2893 3641 2953 apertum
3684 2891 3784 2946 est,

2225 2977 2488 3030 continuo
2533 2976 2700 3032 exivit
2749 2977 2973 3048 sanguis
3000 2984 3053 3030 et
3099 2991 3260 3045 aqua.
3299 2975 3562 3029 Dixerunt
3610 2982 3786 3028 autem

2228 3072 2500 3142 principes
2527 3069 2868 3128 sacerdotum
2907 3088 2921 3124 :
2955 3068 3227 3122 Alleratur
3253 3083 3350 3122 vas
3377 3067 3442 3120 ad
3475 3067 3655 3121 locum
3687 3066 3793 3120 vul-

2230 3166 2400 3230 neris,
2443 3173 2496 3220 et
2525 3165 2808 3219 videamus
2855 3164 3061 3217 exitum
3113 3160 3211 3214 rei.
3247 3159 3351 3225 Qui
3403 3159 3551 3212 illico
3585 3157 3791 3212 detule-

2227 3264 2360 3312 runt
2397 3256 2669 3329 hydriam,
2701 3263 2754 3309 et
2781 3255 2848 3308 ad
2879 3255 3060 3307 locum
3099 3251 3362 3314 vulneris,
3391 3249 3536 3304 unde
3568 3248 3791 3317 sanguis

2227 3357 2282 3404 et
2310 3363 2450 3418 aqua
2486 3347 2870 3409 decurrebant,
2916 3350 3242 3398 statuerunt.
3277 3340 3407 3408 Qua:
3448 3341 3658 3410 absque
3686 3339 3791 3394 ulla

2228 3456 2382 3495 mora
2433 3440 2615 3495 subito
2645 3439 2851 3508 repleta
2887 3445 2992 3492 est.
3027 3435 3290 3490 Dixerunt
3331 3442 3512 3488 autem
3556 3431 3624 3486 ad
3657 3431 3800 3486 invi-’

2229 3549 2346 3587 cem
2377 3553 2389 3587 :
2419 3531 2686 3599 Quoniam
2731 3536 3023 3584 susurrant
3053 3527 3328 3581 Christum
3357 3525 3622 3590 colentes,
3651 3520 3796 3593 quod

2229 3627 2381 3695 signa
2411 3633 2464 3680 et
2496 3623 2766 3678 mirabilia
2795 3621 2964 3674 multa
2989 3617 3234 3672 inaudita
3265 3615 3455 3670 fecerit
3485 3616 3540 3668 in
3567 3613 3789 3680 mundo,

2229 3729 2350 3785 quae
2399 3729 2561 3770 nemo
2611 3714 2751 3767 alius
2791 3711 2966 3782 potuit
3023 3723 3181 3779 agere
3213 3725 3226 3762 :
3255 3706 3591 3775 accipiamus
3652 3705 3792 3757 hunc

2231 3808 2573 3877 sanguinem,
2622 3813 2675 3860 et
2713 3819 2906 3874 aquam
2941 3803 3100 3868 hanc,
3149 3808 3202 3856 et
3247 3798 3557 3854 deferamus
3601 3795 3669 3850 ad
3710 3810 3800 3850 uo-

2231 3906 2400 3952 stram
2441 3910 2792 3969 synagogam,
2841 3901 2895 3948 et
2940 3904 3334 3962 congregemus
3367 3889 3656 3943 universos
3703 3884 3796 3956 qui

2232 4005 2290 4043 se
2330 3989 2468 4042 male
2500 3987 2718 4048 habent,
2759 3992 2812 4040 et
2859 3999 2926 4038 ex
2960 3982 3064 4037 hoc
3099 3994 3464 4053 perungamns
3493 3993 3588 4032 eos
3623 3983 3717 4032 :et
3749 3973 3796 4030 si

2233 4093 2358 4131 vera
2397 4087 2525 4130 sunt
2566 4092 2651 4138 ea,
2686 4091 2807 4146 qua:
2855 4073 2923 4128 de
2949 4072 3171 4127 Christo
3218 4070 3499 4134 dicuntur,
3533 4067 3798 4121 continuo

2233 4172 2572 4226 sanabuntur
2599 4183 2612 4220 :
2644 4168 2728 4222 sin
2772 4167 2926 4230 alias,
2968 4162 3205 4218 ostentui
3244 4161 3546 4215 habeantur
3579 4173 3606 4212 a
3641 4158 3798 4212 nobis

2233 4268 2453 4324 cuncta,
2477 4274 2598 4330 quae
2631 4258 2746 4313 suis
2774 4256 3098 4327 sequacibus
3128 4260 3448 4308 astruuntur
3468 4250 3536 4304 de
3563 4265 3649 4304 eo.
3675 4247 3799 4302 Haec

2233 4350 2478 4405 dicentes
2525 4347 2771 4418 hydriam
2819 4345 3071 4400 deferunt
3124 4343 3190 4398 ad
3243 4354 3598 4412 synagogam,
3653 4337 3798 4394 {Psti-

558 4442 702 4496 sicut
728 4451 808 4503 tu,
847 4438 1094 4504 Domine,
1131 4447 1184 4495 et
1211 4441 1336 4512 quis
1371 4449 1450 4495 est
1482 4439 1626 4494 Deus
1665 4439 1870 4496 faciens
1910 4441 2132 4495 mirabi-
2162 4456 2205 4510 ῐ)
2236 4448 2449 4496 mantcs
2467 4439 2762 4496 se'Christo
2789 4436 2917 4493 Jesu
2951 4437 3176 4492 Domino
3193 4445 3383 4492 nostro
3409 4432 3602 4488 atterat
3633 4431 3798 4500 Regis

559 4535 652 4596 lia,
685 4534 862 4604 signa,
898 4542 952 4586 et
978 4532 1246 4588 terribilia
1277 4542 1330 4588 et
1359 4533 1793 4602 obstupescenda
1825 4535 1881 4587 in
1909 4532 2049 4586 cmlo
2074 4541 2128 4587 ct

559 4628 612 4680 in
649 4625 831 4680 terra?
863 4623 908 4680 Ο
932 4624 1271 4682 admirabilis
1303 4624 1568 4680 Mediator
1613 4622 1704 4680 Dei
1734 4633 1790 4681 et
1825 4625 2129 4692 hominum,

556 4715 906 4782 homousion,
943 4715 1128 4770 mundi
1169 4713 1498 4784 Redemptor
1545 4729 1610 4768 ac
1657 4715 1928 4782 Salvator,
1960 4719 2131 4776 totius

556 4806 818 4861 bonitatis
862 4813 916 4860 et
946 4807 1165 4875 pietatis
1198 4803 1320 4861 fons
1353 4813 1408 4859 et
1432 4803 1620 4873 origo!
1677 4803 1722 4858 Ο
1764 4816 2002 4875 quantus
2049 4825 2130 4875 es,

557 4893 788 4950 Domine
813 4893 968 4958 Jesu,
1006 4895 1060 4949 in
1103 4895 1433 4958 humilitate,
1473 4894 1567 4963 qui
1618 4910 1743 4949 cum
1779 4911 1930 4952 esses
1964 4897 2129 4962 Deus,

558 4986 908 5042 morticinum
939 4995 1140 5042 nostra!
1167 4987 1354 5042 carnis
1398 4987 1768 5056 suscipiendo,
1815 4991 1977 5044 homo
2015 4993 2131 5046 fieri

557 5075 812 5150 dignatus
845 5093 925 5143 es,
957 5094 1058 5148 pro
1087 5079 1263 5135 salute
1299 5080 1516 5150 generis
1565 5081 1808 5146 humani,
1835 5099 1995 5152 quem
2031 5085 2133 5138 im-

559 5171 634 5242 pii
671 5180 727 5227 et
757 5169 1008 5228 crudeles
1043 5173 1205 5243 paulo
1239 5173 1426 5226 minus
1458 5171 1526 5225 ab
1555 5173 1764 5244 angelis
1801 5175 2130 5230 minoratum

559 5273 870 5328 cernentes,
897 5265 1147 5319 horribili
1166 5271 1340 5320 morte
1365 5264 1732 5334 plecterenon
1755 5267 2093 5320 erubueruut
2117 5269 2129 5322 !

557 5353 606 5412 0
634 5369 796 5424 quam
824 5369 1059 5424 magnus
1086 5369 1167 5419 es,
1207 5363 1397 5410 noster
1427 5329 1700 5417 Salvaih'r,
1744 5354 1800 5408 in
1846 5355 2130 5425 patientia,

558 5447 653 5517 qui
689 5447 742 5500 in
777 5455 1021 5516 tempore
1049 5456 1156 5500 tua:
1185 5449 1519 5510 traditionis,
1552 5455 1648 5500 tuo
1682 5447 1948 5516 proditori
1981 5447 2048 5502 ad
2081 5455 2135 5500 te

557 5536 794 5592 venienti
828 5536 1078 5591 osculum
1127 5539 1370 5606 praebere
1416 5553 1524 5590 non
1577 5537 1826 5600 renuisti,
1881 5543 1937 5591 et
1977 5551 2135 5592 servo

560 5626 773 5682 Malcho
805 5627 1038 5697 apostoli
1061 5628 1243 5698 gladio
1277 5629 1579 5684 abscissam
1615 5627 1918 5682 auriculam
1951 5628 2134 5683 redin-

557 5722 800 5795 tegrasti,
831 5721 1048 5793 quando
1086 5721 1154 5777 ad
1196 5723 1472 5794 passionis
1501 5722 1782 5778 victimam
1821 5723 1968 5780 velut
2010 5725 2130 5780 ovis

2237 4533 2374 4588 Filio
2403 4533 2692 4586 maximam
2737 4531 2938 4586 inferre
2967 4545 3127 4601 posse
3155 4528 3433 4598 injuriam.
3483 4524 3799 4595 Congrega-

2233 4633 2430 4679 verunt
2462 4625 2628 4696 igitur
2654 4638 3011 4694 quoscunque
3042 4627 3362 4690 repererunt
3397 4615 3712 4687 languidos,
3746 4621 3801 4668 et

2233 4717 2289 4770 in
2309 4723 2607 4786 conspectu
2630 4722 2952 4769 cunctorum
2979 4711 3326 4768 Hebraeorum
3349 4706 3648 4762 introducti
3674 4711 3801 4760 sunt

2233 4808 2289 4861 in
2327 4822 2681 4878 synagogam,
2714 4807 2856 4861 inter
2885 4821 3023 4875 quos
3053 4804 3273 4874 quidam
3306 4806 3576 4870 provectm
3623 4795 3800 4852 aetatis

2235 4906 2355 4954 erat
2393 4900 2578 4963 homo,
2623 4914 2785 4968 quem
2819 4915 2846 4950 a
2877 4898 3159 4952 nativitate
3201 4910 3296 4950 sua
3327 4895 3650 4964 gravissime
3679 4909 3802 4961 gos-

2236 4989 2450 5043 sederat
2486 4991 2733 5058 corporis
2784 4989 3068 5052 molestia,
3117 5001 3238 5057 qua:
3283 4982 3469 5039 Graeca
3529 4984 3804 5038 locutione

2239 5082 2562 5152 παράλυσις,
2609 5080 2802 5134 Latina
2849 5097 3000 5145 vero,
3063 5078 3352 5134 dissolutio
3409 5077 3800 5137 membrorum,

2236 5173 2456 5227 dicitur.
2490 5173 2588 5228 llic
2619 5174 2748 5228 dum
2778 5175 3014 5243 primum
3043 5171 3110 5225 ab
3139 5171 3217 5222 οἱς
3250 5168 3446 5224 fuisset
3476 5176 3800 5237 perunctus,

2238 5275 2458 5336 repente
2487 5268 2554 5323 de
2591 5281 2692 5322 suo
2724 5266 2970 5336 grabato,
3005 5262 3161 5334 quasi
3195 5277 3392 5316 cervus
3417 5261 3700 5324 cxsiliens,
3736 5258 3805 5314 ad

2239 5359 2452 5412 laudem
2479 5359 2601 5413 Filii
2625 5358 2720 5413 Dei
2754 5357 3042 5412 incolumis
3067 5354 3333 5418 redditus,
3370 5354 3439 5407 ad
3473 5354 3694 5424 propria
3721 5367 3808 5407 re-

2238 5451 2459 5505 meavit.
2489 5451 2693 5508 Deinde
2740 5447 3074 5504 adducentes
3107 5461 3282 5502 czncos
3326 5447 3646 5508 nonnullos,
3685 5445 3804 5498 loca

2237 5557 2427 5598 eorum
2477 5546 2743 5599 luminum
2787 5557 3084 5614 perungere
3138 5539 3486 5599 studuerunt.
3545 5538 3648 5604 Qui
3701 5535 3806 5608 ipsi

2238 5635 2421 5689 statim
2467 5638 2523 5692 in
2564 5634 2695 5692 Jesu
2731 5634 2934 5689 Christi
2966 5635 3184 5687 nomine
3237 5631 3489 5685 discussa
3537 5629 3802 5690 czccitate,

2237 5731 2361 5796 post
2408 5727 2610 5800 multos
2645 5740 2838 5794 annos,
2875 5724 3056 5780 lumen
3100 5721 3359 5776 amissum
3399 5720 3646 5791 recipcr‘;
3693 5731 3806 5778 nte-
