4050 6396
263 396 368 451 δι’]

1184 383 1272 437 ne
1311 356 1503 436 mss.
1541 376 1845 434 lil-AGINIS
1882 373 1948 431 ι),
1988 374 2053 428 Ν.
2095 371 2257 429 JESU
2313 369 2619 426 CHRISTI.

3397 372 3499 426 818

261 513 515 564 ruerunt.
546 503 900 574 Egrotantes
931 508 1112 555 autem
1144 499 1360 569 plurimi
1393 497 1460 551 ad
1490 497 1592 549 hoc
1621 501 1834 564 speeta-
1866 491 1915 548 Α
1942 502 2049 556 quo
2107 503 2227 542 eam
2277 486 2641 556 excepissent
2670 484 2740 537 Αῑ
2771 482 2849 537 illi
2897 484 3199 541 τεῐυὶθνυηι
3232 486 3303 550 εἰ,
3356 490 3501 557 thd

261 599 447 655 culum
488 606 621 650 sunt
654 593 897 656 adducti,
927 592 1181 645 manibus
1212 599 1335 660 post
1363 597 1512 657 terga
1550 586 1832 641 revinctis.

261 688 511 756 Cumque
551 695 605 741 et
636 685 712 739 illi
746 684 977 738 fuissent
1014 683 1282 752 peruncti,
1314 678 1549 733 mirabili
1588 676 1678 731 Dei
1721 676 1834 729 vir-

260 786 377 833 tute
417 778 663 848 undique
697 776 923 846 perfusi,
961 769 1125 829 sen'su
1170 773 1541 842 redintegrato
1579 770 1835 839 pristino,

264 872 328 926 ad
364 872 583 940 propria
631 871 759 922 dum
807 875 1154 921 revertuntur
1185 863 1481 924 sanissimi,
1514 862 1703 915 laudes
1743 860 1837 915 Dei

265 961 660 1030 omnipotentis
708 959 844 1013 Filio
877 957 1003 1013 Jcsu
1039 958 1259 1013 Christo
1296 956 1527 1011 Domino
1568 956 1836 1011 Salvatori

266 1062 454 1107 nostro
481 1052 871 1121 persolvuntur
904 1053 970 1104 ab
994 1052 1139 1104 omni
1165 1049 1388 1118 populo.
1421 1048 1711 1103 Tumultus
1742 1064 1841 1102 au-

268 1151 372 1196 tem
405 1149 632 1196 exortus
662 1150 747 1195 est
771 1156 1020 1210 magnus,
1047 1155 1142 1210 per
1173 1147 1339 1193 totam
1374 1139 1618 1193 eamdem
1650 1140 1839 1193 urbem

268 1233 723 1287 concurrentibus
782 1233 1071 1294 omnibus,
1119 1239 1342 1301 propter
1419 1231 1841 1286 innumerabilia

269 1340 388 1395 qua:
422 1325 623 1379 fiebant
651 1325 927 1379 miracula.
963 1323 1027 1378 Et
1056 1325 1370 1394 quicunque
1411 1324 1579 1379 variis
1614 1325 1842 1394 languo-

270 1417 425 1472 ribus
473 1419 726 1472 infirmos
759 1433 1051 1489 possessos
1091 1418 1362 1472 habebant
1405 1421 1546 1486 apud
1589 1433 1669 1482 se,
1711 1418 1842 1470 illuc

269 1524 365 1563 eos
401 1508 737 1564 deducentes
785 1510 1182 1580 perungehant,
1215 1517 1270 1563 et
1298 1510 1482 1563 statim
1528 1512 1839 1578 sanitatem,

271 1615 435 1670 quam
480 1601 888 1666 desiderabant,
945 1602 1439 1671 consequebantur.
1490 1599 1694 1657 Omnes
1747 1618 1846 1656 au-

271 1702 404 1759 tem,
445 1692 512 1747 ad
552 1709 912 1765 quoscunque
947 1696 1229 1764 pervenire
1265 1696 1440 1765 potuit
1473 1696 1680 1765 opinio,
1714 1696 1846 1750 afl‘e-

272 1797 459 1842 rentes
499 1789 770 1854 infirmos,
803 1806 940 1860 quos
968 1790 1169 1845 habere
1201 1799 1450 1859 poterant
1482 1792 1537 1844 in
1566 1791 1841 1856 domibus,

1940 580 2155 650 quidem
2193 579 2522 633 Christicola
2552 593 2647 647 per
2708 576 3035 632 oblivionem
3067 578 3120 631 in
3153 578 3345 632 cellula
3381 595 3506 649 syn-

1941 686 2124 743 agogae
2152 672 2398 740 proxima
2419 670 2718 723 dimisisset
2744 668 2985 723 eamdem
3024 669 3255 730 iconam,
3286 670 3413 723 dum
3444 686 3504 724 se

1942 767 2009 819 ad
2042 767 2206 819 alium
2248 766 2426 817 locum
2469 762 2790 816 transferret
2820 763 3129 831 hospitandi
3162 764 3354 834 gratia.
3401 763 3505 829 Qui

1943 857 2126 912 statim
2171 856 2395 925 jubetur
2432 854 2675 922 inquiri,
2724 860 2778 906 et
2832 862 3079 922 repertus
3131 853 3184 906 in
3220 855 3507 922 praesentia

1940 947 2152 1001 domini
2191 945 2591 1014 metropolitani
2620 944 2896 997 statuitur.
2934 942 3177 1013 Cumque
3204 944 3271 998 ab
3296 961 3361 1000 eo
3392 953 3509 1000 stu-

1942 1038 2255 1093 diosissime
2323 1036 2521 1089 fuisset
2572 1037 2956 1103 interrogatus,
3024 1036 3308 1105 quomodo.
3351 1039 3510 1093 icona

1944 1132 2085 1199 apud
2118 1143 2175 1183 se
2199 1127 2526 1187 devenisset,
2560 1128 2640 1180 vel
2665 1141 2695 1178 a
2723 1142 2830 1194 quo
2856 1135 2962 1178 tam
2994 1126 3313 1182 mirabiliter
3333 1132 3512 1198 posita

1943 1229 2112 1282 esset,
2144 1218 2427 1287 respondit
2461 1217 2648 1271 dicens
2684 1234 2697 1270 :
2733 1215 2884 1285 quod
2928 1215 3276 1282 Nicodemus,
3311 1221 3402 1289 qui
3441 1218 3513 1275 ad

1943 1311 2128 1365 Jesum
2174 1315 2333 1363 nocte
2362 1317 2618 1369 venerat,
2648 1308 2883 1375 prepriis
2921 1308 3171 1363 manibus
3209 1323 3329 1362 eam
3362 1325 3514 1363 com-

1946 1401 2241 1471 posuisset,
2271 1404 2324 1450 et
2358 1396 2599 1450 moriens
2626 1394 2906 1449 Gamalieli
2952 1396 3284 1452 tradidisset.
3314 1398 3514 1453 Gama-

1946 1495 2035 1548 liel
2066 1501 2245 1546 autem
2288 1489 2532 1545 doctoris
2560 1489 2799 1557 gentium
2833 1487 2983 1542 Pauli
3016 1489 3353 1556 διδάσκαλος,
3388 1507 3513 1547 cum

1946 1584 2087 1638 diem
2131 1583 2233 1637 sibi
2267 1589 2515 1636 cerneret
2557 1582 2751 1636 adesse
2797 1589 3119 1645 extremum,
3153 1581 3357 1638 Iacobo
3397 1598 3515 1638 eam

1945 1674 2185 1744 reliquit,
2217 1680 2271 1728 et
2308 1672 2548 1727 Iacobus
2579 1671 2818 1727 Simeoni
2839 1712 2854 1735 ,
2885 1681 2941 1726 et
2973 1672 3191 1727 Simeon
3227 1673 3514 1743 Zacchmo;

1947 1773 2001 1820 et
2030 1766 2107 1818 sic
2134 1780 2229 1834 per
2248 1778 2596 1818 successores
2626 1772 2929 1832 temporum
2955 1763 3006 1816 in
3028 1762 3362 1835 Jerosolyma
3392 1781 3519 1835 per-

274 1878 628 1948 pamlyucos’
661 1854 857 1944 εκροέ,
886 1880 1133 1943 claudos,
1166 1854 1386 1944 δίιτάοῇ
1423 1889 1625 1944 mulos,
1676 1888 1731 1934 et
1764 1854 1840 1935 le;
1878 1855 1922 1909 Β
1950 1856 2196 1948 duravit,
2238 1870 2526 1948 usquequo
2573 1854 2862 1948 subversio
2914 1856 3059 1910 illius
3109 1856 3261 1911 urbis
3309 1864 3519 1926 patrata

275 1985 491 2039 prosus,
523 1970 639 2025 sive
668 1972 873 2034 aridos,
905 1971 1249 2027 deducebant
1270 1988 1367 2028 eos
1405 1972 1472 2026 ad
1511 1987 1843 2042 synagogam

273 2059 607 2126 Judaaorum,
665 2062 759 2116 ubi
808 2062 922 2117 haec
967 2063 1167 2118 fiebant
1216 2064 1371 2134 signa
1408 2063 1686 2119 divinitus.
1739 2062 1846 2118 Sed

276 2152 528 2221 quamvis
572 2150 817 2205 maxima
855 2162 999 2208 esset
1028 2154 1141 2208 hzec
1174 2155 1359 2208 eadem
1410 2169 1704 2225 synagoga,
1748 2170 1845 2209 ne-

275 2257 547 2312 quaquam
588 2251 774 2299 tamen
818 2246 1060 2315 recipere
1092 2253 1306 2312 poterat
1349 2245 1844 2314 supervenientium

274 2333 707 2389 multitudinem.
746 2334 971 2390 Infinitze
1006 2338 1150 2392 enim
1195 2348 1352 2393 erant
1384 2342 1704 2409 populorum
1751 2355 1846 2393 ca-

275 2431 463 2485 tervae,
492 2440 615 2492 quae
640 2425 879 2494 undique
908 2426 1034 2480 illuc
1063 2426 1407 2483 confluebant
1430 2438 1650 2498 propter
1685 2430 1847 2483 innu-

278 2514 563 2568 merabilia
602 2515 865 2569 ruiracula
902 2524 956 2572 et
989 2517 1252 2589 prodigia,
1281 2535 1400 2588 quae
1428 2535 1525 2588 pro
1547 2535 1645 2573 sua
1677 2520 1846 2573 nimia

276 2604 608 2673 prolixitate,
634 2612 704 2662 n‘e
731 2608 1008 2663 fastidium
1025 2610 1184 2680 297
1199 2619 1539 2681 generarent,
1565 2622 1845 2682 transgre-

275 2695 473 2748 diendo
502 2697 1010 2765 praatermittuntur.
1046 2700 1245 2754 Omnes
1269 2706 1446 2752 autem
1470 2700 1743 2768 principes
1766 2715 1849 2753 sa-

275 2784 582 2848 cerdotum,
624 2793 681 2841 et
714 2788 980 2851 seniores,
1021 2794 1075 2841 et
1102 2788 1281 2843 omnis
1320 2788 1478 2841 turba
1510 2786 1845 2855 Iudaeorum,

275 2879 655 2946 parvulorum,
698 2894 762 2933 ac
812 2879 1102 2949 majorum,
1148 2889 1200 2934 et
1241 2881 1552 2945 mulierum,
1598 2880 1846 2934 videntes

275 2980 397 3034 quae
417 2964 557 3019 facta
581 2965 819 3032 fuerant,
840 2968 1258 3022 credideruntin
1287 2967 1574 3023 Dominum
1596 2976 1845 3023 nostrum

275 3052 460 3109 Iesum
482 3055 786 3120 Christum,
808 3069 860 3112 et
886 3057 1143 3113 dicebant
1168 3075 1183 3112 :
1208 3059 1390 3114 Gloria
1413 3058 1507 3113 tibi
1534 3060 1625 3121 sit,
1649 3067 1849 3113 azterne

276 3145 445 3207 Deus,
499 3154 553 3201 et
600 3149 947 3217 omnipotens
996 3148 1180 3214 Pater,
1228 3149 1321 3219 qui
1373 3151 1530 3205 nobis
1586 3150 1843 3220 indignis,

277 3236 530 3303 quamvis
573 3250 721 3300 sero,
758 3236 1008 3290 revelasti
1040 3237 1260 3290 unicum
1294 3236 1489 3291 Filium
1535 3248 1709 3304 tuum,
1743 3237 1849 3292 Do-

275 3327 488 3380 minum
544 3339 790 3383 nostrum
822 3326 1007 3383 Iesum
1041 3329 1317 3385 Christum
1344 3349 1357 3383 :
1383 3345 1566 3399 quem,
1604 3338 1664 3384 ut
1699 3331 1850 3385 Isaiae

277 3415 604 3471 vaticinium
653 3416 874 3484 cecinit,
906 3415 1071 3487 Virgo
1110 3420 1382 3490 concepit,
1418 3431 1471 3475 et
1502 3418 1666 3490 Virgo
1697 3436 1851 3491 pepe-

277 3509 372 3572 rit,
430 3523 496 3563 ac
547 3516 672 3578 post
704 3519 920 3580 partum
969 3509 1137 3582 Virgo
1182 3513 1499 3581 permansit.
1550 3511 1733 3567 Gloria
1778 3514 1851 3568 sit

279 3600 402 3665 tibi,
434 3600 677 3667 Christe,
725 3619 886 3674 quem
915 3612 1098 3674 patres
1140 3606 1316 3661 nostri
1348 3621 1535 3662 verum
1583 3606 1752 3661 Deum
1797 3616 1851 3662 et

273 3707 470 3746 verum
514 3693 815 3759 hominem,
860 3695 915 3748 in
957 3710 1119 3751 cruce
1147 3705 1321 3752 morte
1358 3697 1606 3753 horribili
1639 3698 1852 3755 allicere

273 3798 385 3838 non
414 3794 747 3840 metuerunt.
777 3787 882 3853 Qui
907 3804 1053 3843 nunc
1074 3789 1238 3843 etiam
1260 3803 1290 3842 a
1313 3789 1471 3845 nobis
1503 3791 1699 3845 iterum
1726 3806 1852 3861 pas-

278 3897 373 3937 sus
400 3896 462 3937 es
495 3891 545 3936 te
580 3882 814 3953 imagine
847 3891 939 3938 tua
973 3884 1122 3939 cruci
1157 3883 1390 3955 aﬂigere.
1422 3884 1605 3940 Gloria
1634 3887 1704 3941 sit
1728 3886 1848 3950 tibi,

273 3971 501 4027 Christe
523 3970 624 4027 Fili
655 3971 770 4036 Dei,
804 3975 899 4045 qui
932 3982 1080 4028 tanta
1130 3976 1401 4029 mirabilia
1435 3976 1591 4032 nobis
1638 3976 1852 4031 miseris

273 4061 694 4118 demonstrasti.
736 4060 856 4118 Tibi
887 4065 1184 4131 credimus,
1212 4074 1271 4120 tu
1301 4066 1461 4122 nobis
1503 4074 1623 4123 esto
1670 4067 1853 4137 propi-

276 4156 384 4211 tius
421 4163 479 4211 et
517 4171 619 4210 nos
676 4156 957 4226 suscipere
993 4156 1238 4227 dignare,
1263 4160 1391 4230 quia
1420 4174 1483 4213 ex
1525 4168 1639 4214 toto
1666 4161 1849 4224 corde,

276 4255 328 4301 et
363 4254 480 4299 tota
508 4246 689 4299 anima
713 4253 876 4315 atque
903 4245 1104 4301 virtute
1137 4247 1204 4300 ad
1235 4256 1288 4302 te
1319 4247 1684 4319 confugimus.
1730 4248 1855 4304 Haac

277 4347 331 4394 et
359 4339 448 4392 his
495 4338 698 4393 similia
732 4339 1030 4394 clamantes
1061 4338 1333 4408 dicebant,
1358 4341 1635 4398 ‘lacrvmas
1672 4349 1853 4397 autem

279 4444 502 4484 amaras
534 4429 857 4485 emittebant
893 4439 946 4485 et
973 4429 1258 4501 singultus.

892 4588 1120 4646 CAPUT
1158 4589 1247 4647 Π.

345 4727 651 4798 Postquam
692 4733 871 4782 autem
905 4727 1078 4782 curati
1117 4734 1245 4783 sunt
1281 4735 1463 4785 cuncti
1493 4728 1586 4799 qui
1640 4730 1859 4799 aegritu-

279 4820 409 4879 dine
469 4821 879 4884 detinebantur,
929 4822 1170 4875 occurrit
1214 4820 1394 4875 omnis
1437 4821 1728 4876 multitudo
1762 4820 1858 4875 Ju-

280 4915 525 4971 dteorum
558 4911 627 4967 ad
661 4910 882 4967 domum
911 4919 1114 4968 sanctae
1139 4914 1403 4977 ecclesiae,
1432 4930 1553 4984 qua:
1582 4915 1636 4968 in
1668 4915 1857 4969 eadem

278 5010 417 5064 urbe
469 5013 624 5071 erat,
689 5005 781 5059 ubi
832 5006 1300 5076 metropolitanus.
1353 5007 1523 5075 Cujus
1587 5006 1856 5076 provoluti

279 5102 565 5172 vestigiis,
597 5114 657 5154 se
688 5113 978 5167 peccasse,
1016 5116 1074 5154 se
1107 5100 1343 5168 graviter
1371 5100 1685 5170 deliquisse,
1736 5116 1854 5153 ma-

279 5195 402 5265 gnis
430 5192 663 5247 vocibus
697 5190 1022 5247 fatebantur.
1041 5190 1142 5257 Qui
1177 5208 1298 5246 cum
1323 5192 1392 5246 ab
1420 5193 1498 5248 eis
1521 5193 1857 5261 perquireret

280 5300 499 5338 omnem
555 5283 636 5337 rei
682 5290 849 5352 gesta:
890 5286 1190 5346 veritatem,
1220 5294 1466 5336 sanctam
1499 5283 1713 5337 iconam
1749 5283 1857 5338 Do-

280 5376 417 5429 mini
465 5372 772 5427 Salvatoris
800 5372 973 5426 eidem
1005 5373 1463 5436 demonstrantes,
1496 5375 1855 5430 annuntiave-

281 5476 414 5520 runt
444 5472 646 5519 cuncta
688 5477 808 5532 qua:
832 5465 887 5516 in
920 5477 983 5518 ea
1011 5472 1385 5518 exercuerant.
1428 5462 1493 5516 Et
1520 5464 1751 5533 qualiter
1789 5463 1858 5519 ab

284 5556 397 5611 ictu
454 5557 663 5611 lancea:
702 5555 926 5625 sanguis
979 5564 1032 5609 et.
1080 5570 1220 5624 aqua
1264 5555 1541 5609 emanavit
1577 5573 1642 5610 ex
1692 5556 1858 5611 latere

282 5648 482 5717 ipsius,
514 5660 732 5702 necnon
765 5654 819 5702 et
846 5645 912 5702 de
954 5646 1290 5701 mirabilibus
1316 5645 1385 5700 ab
1420 5659 1484 5700 ea
1515 5645 1751 5701 ostensis
1782 5646 1857 5699 illi

281 5740 590 5794 retulerunt
620 5754 718 5809 per
737 5739 1000 5794 ordinem.
1036 5741 1126 5795 Ille
1153 5754 1282 5794 vero
1306 5739 1692 5809 interrogabat,
1719 5756 1856 5809 qua-

283 5829 413 5888 liter
444 5833 603 5889 icona
632 5832 750 5902 ipsa
787 5833 854 5888 ab
880 5832 959 5888 eis
994 5831 1188 5888 fuisset
1229 5840 1461 5902 reperta,
1493 5842 1545 5890 et
1584 5832 1630 5891 si
1659 5831 1726 5889 ab
1755 5833 1855 5888 ali-

1945 1955 2029 2003 est
2057 1946 2476 2017 quadragesimo
2509 1951 2564 1999 et
2604 1945 2766 1999 tertio
2808 1960 2951 1999 anno
2983 1956 3105 2015 post
3144 1949 3521 2004 ascensionem

1945 2039 2159 2093 Domini
2202 2038 2502 2093 Salvatoris
2549 2036 2617 2090 ad
2662 2038 2851 2093 caios.
2905 2038 3009 2092 Sed
3054 2040 3328 2095 biennium
3368 2050 3523 2097 ante-

1946 2147 2107 2202 quam
2143 2132 2303 2184 Titus
2345 2137 2398 2183 et
2432 2127 2800 2197 Vespasianus
2844 2128 3091 2184 eamdem
3141 2132 3522 2189 subverterent

1947 2225 2157 2287 urbem,
2188 2222 2451 2276 admoniti
2484 2227 2611 2275 sunt
2635 2235 2665 2273 a
2691 2219 2898 2288 Spiritu
2927 2230 3121 2276 sancto
3153 2223 3337 2280 fideles
3362 2237 3524 2297 atque

1947 2314 2203 2385 discipuli
2240 2314 2469 2377 Christi,
2522 2320 2580 2366 ut
2634 2314 2822 2366 relicta
2873 2313 3032 2375 urbe,
3071 2314 3137 2368 ad
3182 2332 3410 2386 regnum
3461 2336 3522 2377 se

1945 2407 2305 2461 transferrent
2336 2406 2583 2473 Agrippa:
2610 2403 2773 2473 regis,
2804 2405 2932 2473 quia
2966 2405 3083 2473 ipse
3120 2415 3253 2461 tunc
3283 2407 3523 2480 Agrippa

1947 2496 2210 2550 Romanis
2276 2494 2572 2548 fmderatus
2623 2501 2760 2548 erat.
2818 2494 2921 2558 Qui
2973 2499 3181 2566 egressi
3236 2499 3305 2553 ab
3363 2501 3517 2565 urbe,

1948 2587 2130 2641 omnia
2175 2601 2297 2656 qua:
2340 2587 2407 2639 ad
2455 2586 2661 2640 cultum
2700 2595 2904 2640 nostrae
2953 2587 3228 2657 religionis
3271 2590 3355 2644 vel
3393 2590 3521 2646 fidei

1949 2678 2222 2750 pertinere
2260 2677 2587 2731 videbantur
2633 2691 2819 2732 secum
2856 2676 3186 2742 auferentes,
3218 2680 3271 2732 in
3304 2680 3405 2736 has
3432 2697 3519 2736 re-

1949 2773 2138 2840 giones
2174 2769 2572 2823 transtulerunt
2603 2784 2681 2824 se.
2714 2768 2833 2834 Quo
2866 2775 3111 2838 tempore
3143 2770 3305 2823 etiam
3336 2772 3516 2836 icona,

1949 2878 2071 2918 cum
2117 2861 2329 2916 caateris
2367 2860 2530 2915 rebus
2572 2859 2961 2915 ecclesiasticis
3008 2859 3311 2929 deportata,
3349 2878 3519 2933 usque

1947 2954 2113 3009 hodie
2149 2956 2204 3009 in
2235 2936 2392 3025 Syria
2430 2952 2752 3022 permansit,
2781 2967 2944 3022 quam
2981 2968 3081 3021 ego
3114 2954 3228 3023 ipse
3261 2969 3289 3007 a
3322 2970 3518 3025 paren-

1950 3047 2097 3101 tibus
2140 3062 2206 3100 ex
2237 3047 2341 3100 hac
2368 3045 2489 3100 luce
2522 3044 2882 3113 migrantibus
2917 3043 3047 3097 mihi
3082 3043 3358 3110 traditam,
3391 3047 3519 3117 jure

1952 3139 2295 3194 haereditario
2332 3154 2504 3208 usque
2536 3152 2683 3192 nunc
2711 3137 2945 3207 possedi.
2980 3135 3106 3191 Haec
3135 3145 3285 3192 certa
3315 3143 3369 3192 et
3397 3153 3517 3192 ma.

1952 3231 2146 3286 nifesta
2169 3231 2309 3283 ratio
2333 3240 2416 3283 est
2444 3228 2511 3283 de
2534 3228 2691 3282 icona
2725 3235 2914 3283 sancta
2943 3228 3158 3285 Domini
3191 3227 3513 3298 Salvatoris,

1952 3323 2184 3394 qualiter
2218 3323 2284 3376 de
2328 3320 2483 3392 Syria
2515 3321 2571 3375 in
2596 3319 2793 3375 Iudaea:
2821 3327 3002 3391 partes
3031 3321 3264 3377 devenit.
3296 3321 3513 3379 Auditis

1954 3416 2040 3471 his
2099 3413 2448 3470 sermonibus
2500 3412 2988 3467 reverendissimus
3043 3413 3514 3483 metropolitanus,

1951 3505 2107 3559 valde
2133 3502 2321 3558 hilaris
2354 3501 2617 3563 redditus,
2642 3516 2938 3555 conversus
2963 3501 3028 3553 ad
3060 3502 3315 3570 populum
3347 3501 3519 3557 Israe-

1952 3596 2162 3651 liticum
2217 3594 2432 3648 dicebat
2485 3611 2499 3647 :
2556 3591 2906 3654 Convertere,
2962 3589 3150 3652 Israel,
3211 3591 3279 3644 ad
3330 3589 3517 3646 Domi-

1952 3703 2106 3751 num,
2168 3685 2383 3740 Patrem
2449 3684 2826 3738 universorum
2874 3681 3192 3744 viventium,
3244 3688 3299 3736 et
3349 3680 3517 3739 adora

1952 3771 2237 3837 nobiscum
2258 3778 2377 3848 ejus
2402 3776 2618 3840 Filium,
2644 3789 2740 3845 per
2762 3788 2919 3843 quem
2952 3781 3079 3827 sunt
3107 3771 3289 3825 omnia
3312 3781 3514 3837 creata,

1952 3878 2007 3926 et
2065 3867 2328 3938 Spiritum
2384 3874 2655 3927 sanctum,
2709 3864 2800 3933 qui
2861 3870 2946 3916 est
3036 3861 3337 3916 vivificator
3384 3877 3521 3919 cun-

1954 3969 2165 4018 ctorum
2205 3957 2519 4020 viventium,
2568 3963 2623 4010 et
2676 3955 3011 4009 illuminator
3048 3960 3361 4013 nostrarum
3396 3953 3520 4007 ani-

1956 4068 2189 4107 marum.
2238 4048 2452 4104 Festina
2496 4047 2737 4101 debitum
2774 4046 3056 4100 absolvere
3088 4052 3296 4101 votum.
3327 4042 3518 4096 Omnis

1956 4154 2140 4200 autem
2202 4141 2363 4195 turba
2421 4138 2611 4207 stirpis
2665 4134 2906 4190 Iudaica:
2951 4135 3098 4189 clara
3155 4149 3290 4190 voce
3353 4134 3519 4204 erepit

1912 4229 1915 4231 ’
1956 4243 2180 4291 cantare
2255 4240 2309 4286 et
2388 4230 2568 4285 dicere
2608 4226 2807 4283 :Unus
2869 4226 3010 4295 Deus
3069 4225 3251 4291 Pater,
3303 4234 3358 4280 et
3406 4226 3524 4295 ipso

1956 4326 2249 4397 ingenitus.
2284 4320 2435 4376 Unus
2467 4319 2658 4383 Filius,
2679 4327 2733 4375 et
2765 4320 2881 4389 ipse
2903 4318 3210 4389 unigenitus
3246 4316 3523 4382 Christus,

1956 4434 2116 4493 quem
2171 4424 2352 4486 patres
2407 4416 2579 4468 nostri
2631 4414 3057 4475 erucifixerunt,
3090 4419 3144 4467 et
3192 4426 3293 4467 nos
3347 4411 3524 4481 ipsum

1884 4509 2277 4601 Dagnovimus
2321 4520 2507 4560 verum
2557 4503 2862 4557 Dominum.
2913 4500 3065 4557 Unus
3115 4500 3348 4571 Spiritus
3398 4515 3527 4556 san-

1964 4609 2087 4655 ctus
2122 4606 2176 4654 et
2222 4598 2289 4651 ab
2327 4607 2558 4665 utroque
2585 4592 2905 4664 procedens,
2946 4606 3042 4660 per
3070 4606 3230 4659 quem
3258 4590 3525 4645 veraciter

1956 4708 2058 4747 nos
2103 4690 2377 4746 credimus
2409 4702 2532 4742 esse
2574 4684 2881 4740 salvandos.
2926 4682 3049 4736 Haec
3088 4683 3349 4745 dicentes,
3397 4696 3525 4751 pro—

1959 4780 2119 4836 strati
2162 4778 2391 4849 genibus
2428 4774 2620 4844 ipsius,
2656 4773 2866 4826 veniam
2910 4770 3258 4840 postulabant
3300 4770 3367 4824 de
3410 4769 3525 4824 suis

1962 4873 2226 4943 consequi
2261 4871 2559 4926 sceleribus
2601 4884 2697 4938 per
2742 4866 2994 4937 baptismi
3026 4865 3348 4919 remedium.
3378 4863 3525 4929 Quos

1965 4966 2273 5036 suscipiens
2315 4964 2505 5017 beatus
2551 4961 2778 5014 antistes
2824 4972 2949 5013 cum
3001 4957 3118 5012 suis
3162 4956 3397 5019 clericis,
3431 4970 3527 5025 per

1964 5057 2081 5112 dies
2133 5053 2398 5124 plurimos
2454 5050 2522 5106 de
2571 5049 2861 5119 disciplina
2901 5046 3136 5101 erudivit
3189 5044 3521 5098 Christiana.

1964 5149 2048 5204 Ad
2105 5147 2353 5202 ultimum
2413 5158 2545 5199 vero
2604 5142 3023 5196 catechumenos
3078 5136 3275 5200 factos,
3328 5142 3383 5190 et
3430 5138 3526 5189 tri-

1958 5242 2140 5295 duano
2183 5244 2401 5308 peracto
2450 5235 2661 5305 jejunio
2682 5275 2699 5299 ,
2734 5248 2799 5287 ex
2842 5245 2982 5302 aqua
3015 5238 3069 5285 et
3098 5227 3303 5299 Spiritu
3336 5237 3527 5282 sancto

1958 5331 2295 5405 regeneravit
2319 5342 2434 5384 eos.

2585 5477 2810 5536 CAPUT
2850 5478 2914 5535 V.

2032 5643 2330 5713 Postquam
2374 5653 2502 5695 vero
2553 5636 2881 5706 baptismum
2926 5630 3205 5686 consecuti
3254 5636 3404 5691 sunt,
3442 5643 3534 5682 ro-

1966 5740 2164 5808 gabant
2224 5734 2438 5792 enixius
2500 5737 2748 5788 sanctum
2795 5726 3013 5789 virum,
3077 5730 3135 5775 ut
3197 5736 3523 5792 synagogam

1962 5844 2116 5888 suam
2174 5827 2461 5885 ecclesiam
2519 5829 2862 5880 consecraret
2940 5832 2996 5871 ιιι
3051 5815 3312 5871 honorem
3364 5811 3540 5871 sancti
