4050 6396
507 356 613 413 819

1682 355 1742 411 S.
1780 354 2248 412 ATH-ANASIUS.
2288 385 2359 399 -
2395 355 2663 413 SPURlA.

510 479 811 534 Salvatoris
879 479 1090 535 mundi.
1155 476 1397 546 Quorum
1463 476 1782 548 petitionem
1850 479 2077 534 minime
2106 484 2153 542 Α
2180 478 2298 535 suis
2340 479 2563 549 scriptis
2593 478 2678 535 vel
2726 477 2959 549 eloquiis
2998 474 3446 534 manifestissime
3482 473 3748 533 universis

506 578 855 640 aspernatus,
906 585 1234 641 synagogam
1299 569 1539 633 illorum,
1585 556 1920 640 qu'emajor
1957 586 2082 626 esse

507 663 811 735 videbatur,
836 662 888 716 in
922 652 1141 717 nomine
1161 662 1423 732 unigeniti
1449 661 1541 717 Dei
1558 660 1682 715 Filii
1702 660 2082 732 Redemptoris

478 740 695 823 fmuudi
724 754 1080 808 consecravit.
1126 754 1202 808 Ex
1230 761 1361 809 tunc
1386 756 1569 825 itaque
1593 770 1690 825 per
1713 754 1961 810 diversas
1991 771 2082 810 or—

505 847 590 900 l.is
640 852 799 900 terra:
839 846 1090 900 nationes
1130 854 1186 899 et
1228 846 1539 916 provincias
1583 862 1702 901 mos
1740 846 1984 909 inolevit,
2022 853 2083 900 ut

473 916 764 989 'basilieas
818 935 1085 1005 plurimas
1136 937 1221 991 vel
1268 936 1529 1000 oratoria,
1581 935 1866 1006 pontifices
1915 935 2081 990 Chri-

504 1026 696 1081 stianze
751 1025 905 1096 legis,
958 1024 1015 1080 in
1061 1026 1265 1082 honore
1318 1025 1492 1081 sancti
1549 1024 1848 1081 Salvatoris
1894 1026 2084 1081 mundi

501 1117 738 1173 condere
764 1124 819 1171 et
846 1117 1104 1173 dedicare
1132 1133 1242 1172 non
1271 1117 1545 1175 desinant.
1574 1116 1714 1171 Nam
1746 1126 1907 1172 antea
1938 1118 2083 1172 anti-

501 1211 729 1279 quiores
762 1210 976 1273 nostri,
1016 1210 1100 1264 vel
1138 1210 1396 1280 majores,
1432 1210 1537 1265 hoc
1568 1224 1827 1280 peragere
1858 1210 2082 1264 minime

502 1309 978 1372 praesumpserant.
1007 1301 1110 1356 Sed
1143 1302 1213 1357 ad
1244 1302 1576 1357 narrationis
1604 1309 1805 1357 nostrae
1836 1301 2083 1356 ordinem

504 1393 846 1450 rellectamus
887 1396 1199 1450 articulum.
1239 1395 1593 1464 Rogaverunt
1631 1402 1812 1449 autem
1873 1402 2085 1448 metro-

503 1484 730 1554 politani
760 1485 1046 1556 praefatum
1076 1486 1274 1549 virum.
1304 1494 1364 1541 ut
1396 1496 1623 1542 cavteras
1655 1500 1957 1557 synagogas
1986 1500 2081 1539 eoo

505 1595 627 1633 rum
684 1578 737 1632 in
788 1580 992 1635 honore
1028 1580 1391 1649 quorumdam
1448 1580 1728 1634 beatorum
1779 1585 2080 1648 martyrum

503 1669 882 1724 consecrando
942 1669 1346 1723 reconciliaret.
1396 1670 1588 1738 Itaque
1652 1676 1706 1723 et
1762 1667 1889 1728 huic
1944 1665 2082 1735 peti-

502 1760 638 1815 tioni
672 1762 901 1817 libenter
944 1760 1183 1815 animum
1226 1759 1676 1823 aeeommodavit,
1716 1766 1771 1813 et
1821 1773 1947 1827 qua:
2000 1756 2078 1811 illi

504 1860 899 1923 suggesserunt
934 1852 1029 1908 Dei
1063 1853 1345 1923 juvamine
1379 1852 1572 1917 fretus,
1604 1859 1799 1905 cuncta
1840 1826 2076 1917 explevit
2110 1826 2151 1881 Β

501 1945 749 2001 devotus.
792 1944 1020 2001 Factum
1048 1954 1133 2002 est
1165 1945 1422 2016 gaudium
1464 1959 1721 2015 magnum
1761 1943 1814 1997 in
1857 1941 2077 1997 civitate

502 2036 618 2098 illa,
646 2052 756 2091 non
784 2038 961 2092 solum
998 2036 1066 2092 de
1094 2037 1327 2092 sanitate
1359 2049 1673 2104 corporum,
1705 2047 1825 2103 quae
1855 2046 2079 2086 emana-

500 2135 653 2182 verat
705 2129 961 2193 maxima,
1011 2127 1104 2184 sed
1152 2136 1206 2182 et
1267 2127 1336 2182 de
1373 2129 1542 2182 tantis
1590 2126 1900 2185 animabus,
1953 2138 2077 2193 qua!

501 2220 569 2275 ab
614 2220 839 2275 interitu
928 2218 1144 2276 Satanae
1209 2220 1277 2275 ad
1332 2220 1498 2274 vitam
1550 2225 1808 2273 aeternam
1862 2216 2077 2271 fuerant

500 2321 784 2371 revocatas.

1093 2391 1322 2480 CAPUT
1383 2421 1499 2498 vL_

575 2533 915 2611 Venerabilis
946 2550 1076 2591 vero
1115 2544 1168 2591 et
1204 2549 1452 2590 summus
1475 2533 1721 2597 antistes,
1750 2530 1839 2586 die
1881 2538 2075 2585 noctu-

500 2641 609 2696 que
681 2626 849 2681 variis
904 2625 1200 2680 fluctuabat
1250 2621 1676 2693 cogitationibus
1735 2621 1802 2677 de
1858 2619 2070 2692 hydria,

500 2731 622 2785 quae
660 2713 1002 2770 Dominicum
1052 2716 1195 2769 intra
1248 2728 1306 2769 se
1347 2713 1612 2769 retinebat
1650 2728 1921 2776 cruorem,
1954 2712 2070 2765 val-

501 2807 569 2861 de
602 2805 881 2873 htesitans,
915 2805 1045 2875 quid
1088 2806 1156 2860 de
1195 2820 1260 2859 ea
1304 2812 1669 2874 opportunum
1698 2801 1894 2857 fuisset
1948 2816 2074 2872 per-

501 2914 682 2969 agere.
745 2898 985 2954 Tandem
1044 2907 1224 2954 autem
1284 2898 1490 2954 salubri
1559 2909 1772 2967 reperto
1800 2895 2071 2959 consilio,

501 2988 744 3042 omnium
782 2987 1179 3050 Ecclesiarum,
1215 3002 1336 3057 quae
1378 3002 1476 3056 per
1499 2985 1684 3041 orbem
1714 2992 1874 3040 terrae
1916 2984 2074 3052 longe

500 3081 715 3151 lateque
748 3081 1145 3142 consistebant,
1193 3078 1566 3140 intestimabile
1611 3084 1773 3147 atque
1819 3076 2071 3146 profutu-

2185 579 2390 627 sanctae
2436 570 2691 627 Ecclesia:
2731 570 2859 625 filiis
2897 568 3127 624 viriliter
3173 566 3490 623 declaravit.
3522 565 3641 621 Hoc
3670 568 3748 621 ia-

2184 680 2349 734 super
2398 663 2467 718 ab
2516 662 2598 717 eis
2646 660 2965 730 efﬂagitans,
3023 665 3084 713 ut
3133 674 3229 729 per
3277 673 3453 712 annos
3508 657 3749 728 singulos

2182 755 2239 809 in
2273 769 2461 809 mense
2492 751 2805 815 Novembri,
2839 751 2933 821 qui
2964 748 3106 820 apud
3143 748 3399 804 Hebraeos
3431 756 3517 803 est
3551 763 3746 812 nonus,

2184 846 2326 916 apud
2378 861 2480 901 nos
2519 861 2648 900 vero
2698 843 2904 901 mensis
2955 842 3299 903 undecimus.
3334 855 3480 895 nono
3528 838 3618 894 die
3677 840 3750 910 ip-

2183 939 2300 994 sius
2360 935 2605 999 mensis,
2661 933 2714 988 id
2785 940 2869 988 est
2936 931 3128 1001 quinto
3194 929 3320 985 ldus
3394 928 3749 995 Novembris,

2182 1044 2295 1083 non
2362 1026 2562 1081 minori
2636 1023 2978 1089 reverentia,
3043 1037 3205 1093 quam
3262 1021 3459 1076 natalis
3536 1019 3745 1075 Domin.

2182 1120 2265 1175 vel
2315 1116 2628 1182 Paschalis,
2689 1117 2794 1170 ista
2856 1112 2976 1167 dies
3034 1111 3307 1182 praecipua
3369 1108 3753 1164 observatione

2182 1209 2417 1264 colatur.

2775 1315 3005 1374 CAPUT
3043 1313 3156 1371 νυ.

2252 1434 2378 1489 Haec
2423 1441 2508 1490 est
2541 1447 2671 1487 vera
2721 1439 2776 1487 et
2822 1429 3170 1485 vehementer
3218 1426 3441 1483 credula
3488 1426 3632 1482 ratio
3684 1425 3752 1481 de

2181 1543 2377 1583 cruore
2411 1526 2598 1581 lateris
2632 1523 2843 1578 Domini
2894 1522 3070 1577 nostri
3118 1521 3439 1584 Salvatoris,
3485 1519 3578 1588 qui
3626 1534 3746 1588 pro-

2181 1618 2336 1675 fluxit
2362 1618 2430 1673 de
2452 1624 2642 1691 sancta
2676 1615 2915 1688 imagine
2933 1614 3126 1685 ipsius,
3157 1627 3279 1683 quae
3304 1610 3566 1666 crucifixa
3586 1619 3671 1666 est
3693 1611 3747 1664 in

2183 1710 2359 1782 Syria,
2405 1711 2461 1764 in
2489 1708 2686 1779 Beryto
2718 1708 2954 1762 civitate.
2986 1705 3084 1760 llic
3108 1715 3192 1761 est
3220 1705 3383 1759 etiam
3405 1705 3630 1775 sanguis
3663 1703 3747 1757 ille

2181 1805 2347 1875 298
2376 1802 2711 1864 Dominicus,
2744 1800 2838 1870 qui
2865 1799 3007 1870 apud
3034 1799 3325 1869 plerosque
3354 1805 3603 1868 repertus
3629 1812 3751 1853 esse

2176 1898 2397 1951 dicitur.
2448 1892 2560 1948 Nec
2604 1908 2727 1948 esse
2782 1890 2940 1946 aliter
2995 1888 3372 1945 aestimandum
3422 1897 3507 1944 est
3550 1903 3581 1942 a
3624 1904 3746 1944 vere

2174 1986 2492 2051 Catholicis,
2521 1992 2721 2054 praeter
2744 1982 2819 2046 id,
2846 1982 2990 2052 quod
3017 1981 3279 2038 scribitur
3308 1995 3339 2034 a
3368 1980 3552 2043 nobis,
3592 1981 3745 2051 quasi

2175 2094 2240 2134 ex
2291 2091 2458 2132 carne
2513 2083 2567 2129 et
2617 2076 2886 2144 sanguine
2948 2072 3150 2128 Christi
3204 2071 3408 2142 aliquid
3460 2073 3638 2143 possit
3689 2072 3745 2127 in

2175 2168 2380 2225 mundo
2419 2166 2679 2230 inveniri,
2703 2165 2811 2220 nisi
2851 2164 2981 2219 illud
3014 2164 3158 2235 quod
3206 2164 3262 2218 in
3306 2179 3401 2217 ara
3436 2163 3627 2220 altaris
3652 2178 3745 2235 per

2175 2277 2376 2317 manus
2424 2258 2771 2317 sacerdotum
2816 2256 3063 2327 quotidie
3104 2255 3461 2326 spiritualiter
3499 2254 3744 2309 eﬂicitur.

2174 2351 2299 2407 Haec
2346 2366 2477 2421 ergo
2527 2349 2747 2411 sciens,
2790 2347 3151 2403 amantissimi
3202 2356 3383 2416 patres
3427 2355 3483 2402 et
3526 2346 3740 2410 fratres,

2173 2442 2469 2499 acceleravi
2520 2440 2798 2495 declarare
2836 2440 3016 2505 vobis,
3057 2439 3123 2493 ad
3170 2438 3581 2493 aedificationem
3629 2439 3746 2493 ani-

2173 2550 2384 2589 marum
2413 2543 2737 2596 vestrarum,
2772 2531 2840 2586 ad
2876 2532 3269 2587 incrementum
3295 2540 3490 2586 vestra:
3516 2530 3658 2591 ﬁdei.
3690 2540 3746 2585 ut

2172 2637 2226 2682 et
2256 2628 2311 2681 in
2351 2627 2454 2681 hoc
2497 2626 2639 2682 scire
2669 2625 2918 2689 valeatis,
2943 2632 3148 2696 quanta
3178 2625 3249 2680 sit
3275 2625 3452 2680 virtus
3489 2632 3544 2679 et
3576 2626 3744 2695 pietas

2174 2718 2387 2773 Domini
2443 2716 2741 2771 Salvatoris
2788 2715 2961 2771 nostri
3003 2713 3134 2770 Jesu
3181 2714 3404 2769 Christi.
3438 2713 3649 2768 Idcirco
3691 2715 3743 2769 in

2175 2812 2279 2867 fide
2318 2811 2486 2866 fortes
2534 2818 2728 2875 estote,
2775 2817 2830 2865 et
2874 2808 3215 2880 congaudete
3257 2811 3423 2878 super
3465 2821 3659 2877 magna
3693 2814 3745 2860 et

2173 2900 2605 2974 obstupescenda
2635 2902 2756 2971 ejus
2785 2902 3070 2961 miracula.
3102 2914 3224 2970 quae
3262 2901 3320 2953 in
3364 2906 3553 2954 nostra
3584 2913 3744 2968 gene-

2173 2997 2382 3051 ratione
2410 3011 2441 3050 a
2477 2992 2586 3049 Deo
2608 3002 2734 3050 sunt
2765 3001 2997 3064 patrata.
3032 2991 3097 3045 Et
3117 2992 3242 3047 date
3262 2990 3338 3045 illi
3366 2989 3593 3060 gloriam
3624 3004 3742 3043 cum

2175 3085 2357 3139 laetitia
2405 3083 2723 3154 gaudentes,
2770 3094 2823 3138 et
2876 3097 3000 3137 cum
3045 3081 3210 3136 nimia
3259 3081 3443 3136 cordis
3484 3094 3744 3148 compun-

500 3187 622 3226 rum
688 3171 924 3242 providit
984 3170 1374 3225 consolationis
1447 3165 1771 3222 remedium.
1831 3166 2353 3241 Deniqnecctione
2417 3176 2535 3245 ejus
2607 3175 2879 3246 majestati
2950 3174 3246 3228 immensas
3319 3172 3532 3243 gratias
3585 3173 3742 3239 agite,

502 3263 767 3332 ampullas
810 3264 1063 3334 prazcepit
1092 3262 1207 3317 ﬁeri
1237 3262 1460 3325 vitreas,
1489 3260 1543 3313 in
1573 3259 1771 3329 quibus
1800 3260 2076 3329 portiones

500 3356 652 3410 misit
698 3357 944 3427 singulas
1008 3355 1076 3411 de
1135 3355 1401 3425 sanguine
1478 3359 1533 3407 et
1599 3366 1777 3421 aqua,
1840 3367 1959 3420 quae
2007 3350 2076 3406 de

499 3445 733 3518 imagine
793 3447 1005 3503 Domini
1065 3446 1363 3501 Salvatoris
1424 3443 1599 3498 nostri
1670 3442 2072 3506 decurrerant,

498 3552 637 3607 quas
687 3539 850 3593 etiam
899 3554 995 3608 per
1034 3539 1240 3602 Asiam,
1293 3536 1553 3597 Africam,
1627 3533 1921 3604 Europam,
1979 3550 2075 3603 per

498 3647 630 3687 suos
676 3635 900 3688 nuntios
955 3632 1218 3703 dirigens,
1261 3636 1477 3687 cuncta.
1524 3642 1645 3697 quae
1696 3627 1841 3696 apud
1883 3627 2070 3681 urbem

493 3724 606 3793 jam
654 3723 854 3779 dictam
910 3740 1012 3783 suo
1067 3732 1309 3796 tempore
1365 3721 1725 3803 contigerant,
1785 3719 2070 3775 devenisse

2181 3281 2247 3321 eo
2295 3266 2440 3337 quod
2484 3267 2605 3322 fidei
2657 3283 2769 3322 suae
2815 3274 2869 3322 et
2925 3266 3169 3321 scientiae
3216 3264 3412 3336 dignos
3469 3278 3568 3320 vos
3624 3263 3746 3318 fecit

2178 3374 2321 3414 esse.
2370 3358 2477 3429 lpsi
2545 3360 2762 3415 Christo
2823 3357 2952 3414 Jcsu
3010 3356 3276 3413 Salvatori
3336 3366 3565 3421 nostro,
3626 3370 3743 3410 cum

2177 3446 2372 3513 Patre,
2428 3460 2728 3521 sanctoque
2790 3447 2994 3518 Spiritu
3061 3448 3233 3517 gloria
3300 3446 3372 3502 sit
3444 3446 3743 3516 honorque,

2177 3540 2296 3596 laus
2360 3541 2525 3597 etiam
2594 3542 2849 3612 perennis
2914 3556 2927 3592 :
2987 3540 3081 3609 qui
3132 3539 3533 3610 sempiternum
3587 3547 3746 3608 atque

2177 3630 2471 3688 indivisum
2505 3636 2714 3705 absque
2744 3634 2900 3688 initio
2938 3639 2993 3687 et
3037 3631 3143 3688 line
3189 3632 3399 3689 obtinet
3431 3632 3741 3688 imperium.

2174 3721 2366 3781 Amen.
3776 3734 3777 3737 ‘

581 3947 816 4005 SERMO
866 3950 1116 4009 SANCTI
1163 3946 1539 4005 ATHANASH
1580 3946 2078 4073 EPISCOPI,Dl(l)l;3“

2176 3949 2417 4094 N83)!”
2471 3948 2824 4006 MODERNIS
2874 3949 3315 4006 MIRABILIBUS
3351 3948 3660 4006 lMAGlNlS

2017 4034 2162 4074 .llll‘l
2203 4034 2335 4074 Ηδὶ.

565 4136 783 4191 Elevate
831 4136 1022 4191 oculos
1066 4149 1265 4190 sensus
1321 4132 1533 4196 vestri,
1566 4131 1810 4187 universi
1874 4140 2079 4187 sanctre

493 4225 819 4280 Christianae
872 4225 1152 4295 religionis
1210 4223 1409 4279 fratres
1455 4229 1509 4278 et
1540 4230 1745 4293 patres,
1793 4230 1848 4275 et
1895 4224 2079 4279 consi-

495 4318 683 4373 derate
730 4319 869 4373 hanc
916 4333 1107 4372 novam
1142 4316 1560 4371 admirationem
1609 4331 1732 4387 qua:
1778 4315 1921 4371 facta
1954 4325 2062 4381 est,

496 4427 660 4480 quam
692 4412 778 4466 his
821 4411 1158 4481 temporibus
1201 4410 1443 4465 ostendit
1477 4409 1619 4465 Deus
1662 4410 1846 4475 nobis,
1876 4419 1930 4465 et
1956 4410 2078 4466 date

2176 4142 2231 4190 et
2252 4134 2622 4205 obstupescite
2650 4153 2666 4202 ;
2696 4134 3060 4207 intelligentes
3081 4136 3384 4208 intelligite,
3414 4145 3469 4191 et
3495 4137 3746 4193 inclinate

2177 4226 2344 4280 corda
2376 4235 2560 4280 vestra
2590 4225 2657 4279 ad
2691 4227 2961 4297 magnalia
2995 4226 3111 4283 Dei.
3148 4228 3242 4283 Est
3269 4227 3464 4283 civitas
3493 4244 3613 4297 qua:
3651 4243 3742 4282 vo-

2180 4323 2342 4369 catur
2374 4314 2621 4386 Byritho,
2659 4330 2723 4369 ac
2742 4316 2935 4384 jacens
2954 4315 3096 4370 inter
3124 4317 3391 4372 terminos
3424 4315 3552 4387 Tyri
3582 4325 3635 4371 et
3664 4315 3746 4371 Si-

2175 4408 2356 4472 donis,
2399 4407 2649 4477 prtebens
2677 4408 2941 4462 tributum
2983 4407 3306 4463 Antiochiae.
3336 4406 3394 4463 ln
3423 4409 3526 4464 hac
3568 4417 3745 4464 autem

496 4504 724 4574 gloriam
747 4503 955 4559 nomini
979 4503 1118 4573 ejus.
1150 4501 1506 4558 Considerate
1529 4500 1854 4557 ineffabilem
1884 4501 2075 4555 huma-
2106 4536 2150 4591 υ
2180 4501 2399 4556 civitate
2460 4501 2752 4555 multitudo
2812 4512 2930 4557 erat
2981 4501 3314 4565 Judaeorum,
3366 4508 3421 4557 et
3473 4515 3744 4573 synagoga

494 4594 722 4648 nitatem
774 4608 839 4649 ac
885 4593 1317 4664 magnitudinem
1368 4592 1565 4647 divinae
1602 4592 1985 4655 ordinationis,
2022 4604 2076 4648 et

496 4685 942 4741 lamentationem
970 4700 1093 4740 cum
1137 4684 1324 4740 laetitia
1363 4684 1583 4740 sumite.
1614 4672 1673 4737 ln
1713 4683 1821 4738 Deo
1849 4682 2069 4753 quidem

496 4778 634 4833 nihil
663 4788 985 4835 extraneum
1013 4786 1118 4842 est,
1153 4779 1280 4848 quia
1328 4775 1471 4831 Deus
1503 4783 1692 4831 noster
1724 4785 1917 4845 potens
1963 4788 2068 4831 est.

495 4868 762 4937 Quoniam
796 4879 975 4926 autem
1008 4870 1064 4924 in
1094 4870 1288 4926 diebus
1330 4868 1538 4924 nostris
1568 4867 1713 4923 circa
1743 4882 1845 4921 nos
1884 4873 2070 4919 notam

496 4964 624 5020 fecit
671 4965 815 5020 Dens
855 4964 1109 5019 virtutem
1163 4978 1342 5026 suam,
1384 4960 1724 5031 obstupescit
1772 4973 1932 5014 omne
1978 4973 2073 5012 cor

496 5060 830 5114 audientium
862 5072 961 5127 pro
991 5056 1316 5112 enormitate
1341 5054 1587 5119 sceleris,
1615 5061 1668 5107 et
1697 5050 2069 5121 magnitudine

495 5151 825 5214 mirabilium
850 5150 965 5205 Dei.
997 5148 1330 5203 Conturbata
1363 5155 1447 5200 est
1477 5145 1675 5199 iterum
1701 5142 1954 5212 abyssus,
1984 5142 2067 5195 sol

492 5250 547 5295 et
576 5243 705 5296 luna
738 5240 1079 5296 obtenebrati
1107 5247 1248 5297 sunt
1280 5253 1309 5291 a
1342 5237 1481 5292 facie
1514 5234 1855 5304 iniquitatis;
1885 5231 1979 5287 sed
2014 5240 2067 5286 et

494 5350 687 5390 omnes
723 5335 951 5389 virtutes
985 5333 1247 5388 caelorum
1279 5337 1334 5385 et
1363 5335 1592 5384 ornatus
1623 5341 1813 5382 eorum
1850 5324 2064 5379 laudem

493 5432 550 5480 et
600 5427 827 5496 gloriam
876 5425 1142 5480 dederunt
1188 5422 1318 5485 Deo,
1366 5422 1457 5491 qui
1503 5418 1960 5490 magnificentiam
2016 5424 2071 5470 et

494 5518 751 5572 virtutem
802 5524 1056 5586 operatus
1085 5522 1169 5570 est
1206 5515 1260 5568 in
1292 5511 1430 5566 Filio
1464 5526 1584 5566 suo.
1630 5508 1827 5562 Audite
1877 5505 2063 5576 igitur,

499 5606 715 5672 lratres,
745 5609 969 5662 verbum
1000 5607 1145 5676 quod
1178 5606 1379 5660 factum
1408 5610 1492 5659 est
1522 5603 1577 5657 in
1612 5600 1805 5656 diebus
1834 5600 2062 5664 nostris,

570 5764 680 5834 (18)
731 5762 807 5817 Ex
868 5764 1055 5821 codice
1106 5779 1206 5820 ms.
1248 5761 1305 5817 S.
1353 5762 1607 5819 Germani
1650 5777 1679 5816 a
1719 5760 1918 5824 Pratis,
1957 5776 2010 5813 n.
2046 5760 2166 5817 108.

2176 4607 2367 4648 eorum
2406 4608 2601 4662 magna
2643 4594 2817 4651 valde.
2853 4594 3079 4662 Accepit
3124 4601 3304 4648 autem
3332 4593 3556 4664 quidam
3585 4594 3747 4648 Chri-

2170 4685 2383 4741 stianus
2403 4685 2529 4739 dato
2544 4685 2717 4753 pretio
2735 4686 2982 4740 cellulam
3003 4702 3033 4739 a
3049 4685 3282 4755 quodam
3316 4686 3370 4739 in
3402 4687 3744 4755 pensionem.

2174 4774 2227 4829 in
2264 4790 2370 4845 qua
2425 4775 2680 4829 habitans
2728 4775 2843 4829 ﬁxit
2869 4777 3172 4847 'imaginetu
3226 4778 3528 4831 Salvatoris
3578 4775 3748 4832 nostri

2172 4864 2304 4922 Jesu
2331 4867 2534 4921 Christi
2558 4866 2614 4920 in
2646 4878 2939 4937 conspectu
2962 4868 3088 4923 lecti
3116 4869 3201 4925 sui
3235 4884 3248 4920 :
3281 4876 3337 4924 et
3370 4876 3579 4923 statura
3626 4867 3750 4939 qui-

2174 4957 2295 5012 dem
2327 4956 2553 5026 picturae
2582 4972 2689 5011 non
2720 4973 2937 5028 magna,
2959 4957 3054 5014 sed
3074 4958 3390 5025 mediocris,
3417 4975 3539 5029 qua:
3568 4968 3747 5015 tamen

2174 5056 2343 5104 totam
2378 5048 2668 5116 imaginem
2704 5047 3006 5105 Salvatoris
3034 5051 3357 5105 contineret.
3389 5051 3744 5121 Aliquantum

2175 5141 2441 5209 temporis
2465 5140 2638 5207 ﬂuxit,
2662 5154 2717 5197 et
2744 5142 3052 5198 substantia
3074 5143 3174 5197 viri
3208 5144 3355 5199 illius
3374 5144 3532 5199 valde
3553 5144 3745 5206 crevit,

2176 5239 2364 5301 utpote
2413 5232 2506 5286 ubi
2554 5234 2833 5288 miseratio
2879 5242 2933 5289 et
2978 5233 3264 5304 dispositio
3292 5233 3385 5289 Dei
3426 5234 3747 5289 mirabiliter

2175 5324 2391 5393 operari
2419 5325 2612 5395 cmpit;
2640 5331 2694 5379 et
2722 5325 3040 5394 ampliorem
3069 5327 3170 5381 sibi
3195 5325 3541 5382 Christianus
3568 5329 3659 5384 ille
3678 5323 3746 5380 ad

2177 5414 2550 5472 divertendum
2606 5431 2851 5487 quaerere
2898 5417 3063 5486 cmpit
3109 5416 3349 5470 domum.
3392 5415 3616 5473 Tollens
3651 5430 3747 5470 att-

2174 5515 2282 5562 tem
2329 5524 2544 5563 omnem
2591 5506 2979 5579 supellectilem
3025 5523 3201 5572 suam,
3246 5509 3524 5565 transtulit
3574 5524 3602 5563 a
3659 5523 3747 5562 su-

2175 5601 2416 5673 pradicta
2444 5601 2600 5666 cella,
2620 5616 2740 5673 qua:
2768 5608 2823 5654 et
2854 5600 2970 5670 ipsa
2987 5601 3141 5657 valde
3171 5599 3427 5672 contigua
3460 5609 3581 5655 erat
3610 5614 3742 5672 syn-
