4050 6396
327 318 449 382 8ξῖ

1246 323 1336 381 DE
1374 323 1571 381 PASS.
1610 322 1914 380 IMAGINIS
1954 321 2015 376 D.
2056 322 2122 379 N.
2161 320 2324 380 JESU
2363 321 2652 380 CHRISTI.

3467 306 3572 380 se

330 457 512 515 agogze
527 438 865 507 Iudaeorum,
901 442 967 498 ad
994 443 1158 498 alium
1181 460 1339 515 quem
1364 444 1466 500 sibi
1496 440 1902 499 inhabitandam
1933 444 1976 497 A
2006 440 2179 495 nostri
2207 439 2319 507 Dei,
2356 448 2417 495 ut
2458 439 2704 496 ﬁdelibus
2739 438 2848 496 tuis
2878 437 3320 496 rememorareris
3349 439 3570 510 antiqua

286 583 290 588 .
328 536 563 604 elegerat
607 535 808 598 locum,
849 534 1026 589 solius
1064 535 1319 605 imaginis
1359 534 1572 588 Domini
1615 533 1901 587 immemor

330 624 529 686 factus,
584 626 728 694 quod
761 633 814 677 et
848 639 944 694 per
994 623 1385 693 providentiam
1422 623 1514 677 Dei
1556 624 1631 676 ita
1677 620 1904 689 contigit

328 718 618 772 accidisse.
652 716 864 771 Rursus
918 732 1046 771 vero
1086 715 1305 772 Judaeus
1346 717 1564 786 quidam
1610 712 1818 782 accepit
1847 711 1902 764 in

328 811 647 879 pensionem
680 809 922 864 eamdem
948 810 1163 872 cellam,
1198 809 1290 863 ubi
1321 810 1501 878 imago
1528 805 1740 861 Domini
1772 803 1902 857 reli-

328 911 413 954 cta
456 903 680 963 mansit,
722 910 774 957 et
800 903 1154 957 iutroducens
1184 901 1367 956 omnia
1400 915 1521 962 sua,
1551 898 1748 953 ibidem
1769 910 1905 948 con-

328 995 533 1049 versari
560 998 723 1063 cmpit
748 1011 853 1049 non
883 1009 1221 1066 cognoscens
1246 1002 1341 1046 aut
1372 990 1665 1060 aliquando
1693 989 1901 1057 perspi-

330 1086 481 1141 ciens
528 1087 816 1156 imaginem
849 1086 1098 1149 Domini,
1130 1101 1195 1140 eo
1225 1083 1371 1154 quod
1403 1099 1468 1137 ex
1499 1081 1728 1134 adverso
1754 1079 1897 1133 velut

329 1179 383 1233 in
411 1180 627 1233 occulto
655 1180 887 1248 reposita
917 1187 1102 1233 staret.
1133 1177 1190 1231 In
1221 1192 1327 1231 una
1358 1184 1535 1230 autem
1568 1173 1778 1227 dierum
1803 1172 1902 1225 in-

328 1273 519 1327 vitavit
564 1274 681 1342 ipse
713 1274 1002 1342 quemdam
1029 1273 1193 1326 alium
1236 1268 1479 1323 Jutlaaum
1514 1266 1579 1320 ad
1615 1264 1903 1334 prandium

328 1379 514 1419 secum
550 1382 564 1418 :
598 1372 653 1417 et
685 1363 827 1419 inter
866 1362 1245 1432 prandendum
1295 1360 1515 1413 elevans
1545 1356 1736 1409 oculos
1774 1368 1904 1408 suos

329 1454 422 1507 ille
449 1457 542 1523 qui
574 1463 804 1508 vocatus
836 1454 980 1507 venit
1002 1451 1223 1506 Judzeus
1246 1490 1261 1513 ,
1293 1450 1429 1503 vidit
1477 1447 1765 1517 imaginem
1795 1444 1903 1498 Do-

328 1547 459 1600 mini
496 1546 669 1601 nostri
701 1545 831 1602 Jesu
859 1544 1084 1601 Christi.
1116 1543 1179 1597 Et
1204 1544 1316 1597 ait:
1351 1541 1484 1595 Dum
1506 1548 1558 1593 tn
1578 1555 1636 1592 es
1658 1535 1902 1600 Iudaeus,

327 1638 604 1707 quomodo
659 1638 802 1692 hanc
847 1638 1135 1707 imaginem
1188 1634 1394 1689 babes?
1425 1633 1487 1686 Et
1530 1631 1759 1700 injurias
1787 1629 1905 1699 qui-

328 1729 449 1782 dem
480 1730 684 1781 multas
716 1737 769 1781 ct
797 1728 1057 1782 nefandas
1080 1727 1216 1781 dixit
1247 1734 1439 1779 contra
1471 1723 1803 1777 Salvatorem
1835 1721 1904 1774 ab

2007 539 2114 586 tua:
2144 532 2360 602 pietatis
2392 534 2592 604 opera!
2630 530 2755 587 llaec
2785 532 3053 586 mirabilia
3086 539 3177 585 tua
3204 532 3344 586 coelo
3371 540 3426 587 et
3460 542 3572 589 ter-

2009 625 2087 679 ris
2133 626 2419 694 stupenda.
2458 624 2658 682 Oculos
2697 628 2895 682 mentis
2945 633 3162 689 vestrae,
3197 633 3250 680 et
3272 625 3572 680 exbilarate

2005 718 2192 781 corda,
2246 719 2375 787 quia
2416 718 2579 772 hodie
2626 717 2767 771 facta
2809 726 2892 773 est
2938 717 3097 771 nobis
3149 716 3471 787 redemptio,
3519 726 3574 772 et

2002 808 2191 879 jugum
2236 811 2566 879 captivitatis
2613 817 2807 865 vestra:
2846 812 3159 865 contritum.
3190 809 3391 866 Audite
3418 825 3572 880 ergo,

2005 910 2060 956 et
2086 902 2387 971 gloriﬁcate
2429 901 2593 956 Deum
2623 918 2721 971 pro
2754 902 3034 957 beneficiis
3065 917 3185 973 quae
3210 902 3386 956 adhuc
3418 902 3574 956 vobis

2006 990 2362 1046 ministravit.
2394 990 2678 1061 Principes
2704 993 3045 1047 sacerdotum
3073 999 3357 1062 postquam
3385 992 3576 1046 lancea

2006 1080 2152 1135 latus
2175 1080 2391 1137 Domini
2425 1084 2809 1148 confoderunt,
2840 1084 3094 1138 dixerunt
3121 1104 3134 1139 :
3169 1083 3307 1150 Quia
3332 1099 3428 1154 per
3452 1083 3575 1138 uni-

2004 1187 2219 1226 versam
2249 1181 2448 1227 terram
2481 1174 2750 1243 divulgata
2777 1184 2905 1230 sunt
2934 1176 3085 1245 signa
3107 1185 3158 1231 et
3188 1177 3414 1231 virtutes
3453 1176 3575 1246 plu—

2006 1262 2178 1326 rimaa,
2209 1279 2328 1333 quae
2365 1263 2492 1319 fecit
2525 1263 2688 1320 Jcsus
2727 1264 3059 1333 Nazarenus,
3091 1266 3420 1337 recipiamus
3446 1281 3579 1322 san-

2006 1355 2226 1423 guinem
2269 1357 2336 1410 de
2371 1358 2551 1419 latere,
2573 1358 2692 1427 ejus
2713 1397 2727 1419 ,
2766 1365 2819 1412 et
2851 1372 3041 1413 omnes
3071 1358 3314 1414 infirmos
3346 1367 3400 1413 et
3433 1359 3575 1413 male

2006 1446 2271 1503 habentes
2317 1464 2413 1518 per
2462 1450 2768 1505 universam
2818 1464 3142 1520 synagogam
3181 1451 3304 1506 inde
3351 1467 3575 1522 sparga-

2005 1553 2150 1601 mus,
2190 1547 2249 1592 ut
2296 1542 2642 1609 experiamur
2676 1542 2931 1598 virtutem
2972 1542 3200 1607 Christi,
3248 1550 3301 1596 et
3349 1543 3396 1597 si
3449 1558 3574 1597 vera

2007 1637 2134 1684 sunt
2172 1646 2292 1701 qum
2333 1631 2398 1686 de
2430 1634 2521 1687 illo
2560 1633 2706 1688 dicta
2744 1643 2891 1690 sunt.
2932 1633 2998 1688 Et
3045 1643 3412 1704 supponentes
3459 1648 3577 1687 am-

2007 1722 2210 1790 pullam
2240 1724 2466 1778 vitream
2517 1725 2583 1779 ad
2620 1727 2797 1782 locum
2838 1727 3102 1789 vulneris,
3151 1733 3476 1796 receperunt
3518 1726 3574 1780 in

326 1819 461 1873 hora
511 1834 618 1888 qua
654 1830 898 1874 sanctam
938 1819 1225 1889 imaginem
1264 1818 1496 1887 aspexit,
1532 1814 1678 1884 quod
1706 1822 1760 1867 et
1790 1813 1899 1882 jam
1937 1796 1976 1848 Β
2007 1829 2124 1866 eam
2155 1828 2354 1884 aquam
2386 1826 2442 1871 et
2483 1818 2806 1888 sanguinem
2844 1818 2912 1874 de
2939 1819 3109 1874 latere
3143 1817 3358 1875 Domini
3388 1818 3577 1874 decur-

328 1909 483 1963 nefas
527 1908 658 1963 duxi
706 1910 982 1971 scribere,
1030 1917 1085 1962 et
1128 1908 1264 1962 satis
1298 1908 1346 1960 ei
1384 1906 1508 1959 fecit
1542 1905 1630 1958 ille
1657 1904 1748 1973 qui
1778 1916 1901 1955 eum

327 2001 617 2063 invitavit,
662 2001 807 2070 quod
840 2017 904 2055 ex
935 2016 1000 2055 co
1033 2008 1276 2068 tempore
1302 2014 1408 2068 quo
1436 1997 1489 2051 in
1519 1997 1705 2052 eadem
1741 1993 1903 2048 domo

326 2095 643 2149 conversari
697 2094 882 2162 cmpit,
933 2093 1220 2162 imaginem
1279 2089 1491 2143 Domini
1541 2089 1739 2142 ibidem
1793 2102 1903 2141 non

331 2188 677 2255 cognoverit.
749 2185 992 2255 Surgens
1064 2193 1247 2240 autem
1315 2197 1440 2236 cum
1507 2180 1899 2250 indignatione,

326 2278 464 2333 abiit
487 2279 554 2331 ad
585 2278 862 2348 principes
885 2276 1258 2332 sacerdotum.
1288 2274 1696 2345 Comperientes
1722 2280 1901 2327 autem

326 2383 449 2437 quae
490 2367 630 2421 facta
672 2376 819 2431 sunt,
854 2367 1112 2421 dixerunt
1148 2367 1197 2422 ei
1232 2365 1438 2422 :Potes
1478 2367 1580 2419 hoc
1617 2365 1775 2419 nobis
1807 2363 1902 2417 de-

327 2457 673 2511 monstrare?
705 2456 774 2510 At
806 2457 895 2511 ille
921 2458 1249 2512 certioratus
1280 2464 1366 2512 est
1404 2456 1612 2521 dicens,
1643 2455 1899 2524 quoniam

326 2565 427 2621 ego
452 2550 610 2605 vobis
641 2550 744 2604 hoc
773 2550 1037 2605 exhibebo
1055 2554 1110 2603 in
1140 2548 1301 2602 domo
1330 2549 1467 2617 eius.
1504 2547 1685 2617 Itaque
1714 2555 1897 2601 trans-

328 2647 449 2693 acta
498 2641 629 2694 liora
672 2640 980 2709 vespertina
1006 2679 1020 2700 ,
1052 2638 1144 2691 illo
1171 2639 1257 2692 die
1300 2638 1584 2692 siluerunt.
1620 2636 1775 2690 Mane
1804 2652 1901 2690 au-

220 2718 227 2725 ’
325 2737 435 2787 tem
477 2730 623 2786 facto
652 2730 849 2785 summi
887 2730 1161 2799 principes
1198 2729 1542 2783 sacerdotum
1572 2735 1625 2781 et
1657 2726 1901 2782 seniores

327 2824 536 2894 populi,
565 2822 723 2876 turba
752 2837 969 2891 quoque
993 2824 1166 2875 multa
1200 2821 1376 2890 gentis
1416 2835 1603 2874 eorum
1644 2818 1901 2871 abierunt

328 2914 384 2970 in
424 2916 647 2969 domum
700 2914 791 2968 ubi
836 2913 1014 2967 stabat
1063 2913 1242 2983 imago
1276 2910 1488 2965 Domini
1540 2910 1715 2965 nostri
1767 2908 1899 2964 Jcsu

326 3005 557 3060 Christi.
588 3005 651 3058 Et
679 3003 1057 3075 pervenientes
1086 3002 1305 3056 domum
1335 3002 1536 3071 impetu
1566 3000 1713 3054 facto
1736 3002 1901 3054 irrue-

327 3105 457 3149 runt
488 3095 765 3165 principes
793 3104 848 3149 et
877 3095 1123 3150 seniores
1156 3092 1360 3163 populi,
1402 3091 1601 3161 praevio
1632 3090 1769 3144 duce
1797 3087 1896 3143 Ju-

327 3189 444 3244 daeo
479 3189 570 3243 illo
595 3189 690 3257 qui
717 3188 825 3242 illis
854 3187 1290 3248 annuntiaverat,
1322 3191 1377 3238 et
1405 3185 1731 3237 invenerunt
1763 3184 1898 3237 ima-

324 3279 504 3349 ginem
546 3276 764 3331 Domini
812 3277 981 3330 nostri
1026 3282 1257 3330 stantem
1298 3275 1440 3328 sicut
1481 3271 1683 3325 dictum
1716 3278 1799 3326 est
1831 3270 1898 3325 ad

325 3372 470 3426 illos.
509 3369 639 3423 lrati
676 3368 832 3423 valde
860 3369 1007 3421 circa
1051 3365 1334 3421 llebiaaum
1368 3364 1518 3416 illum
1559 3362 1649 3432 qui
1699 3362 1898 3417 ibidem

324 3464 795 3533 inhospitabatur,
837 3469 990 3515 extra
1022 3473 1349 3531 synagogam
1384 3471 1508 3511 eum
1550 3455 1897 3523 expulerunt.

325 3557 676 3628 Deponentes
724 3571 853 3609 vero
904 3566 1147 3610 sanctam
1206 3552 1517 3621 imaginem,
1570 3548 1821 3603 dixerunt
1881 3567 1895 3603 :

323 3650 594 3718 Quoniam
631 3650 778 3703 sicut
814 3647 1119 3701 audivimus
1149 3645 1293 3714 quod
1334 3654 1519 3714 patres
1553 3644 1727 3698 nostri
1773 3644 1899 3698 huic

321 3744 450 3797 olim
494 3743 808 3802 illuserunt,
853 3748 906 3793 et
947 3754 1046 3793 nos
1090 3737 1397 3791 illudamus.
1430 3735 1584 3789 Tunc
1619 3742 1899 3806 cmperunt

324 3848 591 3903 exspuere
616 3833 673 3886 in
696 3831 884 3884 faciem
913 3830 1052 3898 ejus,
1084 3839 1136 3883 et
1172 3829 1544 3898 percutiebant
1571 3844 1711 3882 eam.
1739 3828 1899 3884 Dixe-

322 3933 560 3992 runtque
609 3942 623 3976 :
671 3922 887 3987 Quanta
920 3922 1164 3975 fecerunt
1197 3922 1244 3974 ei
1275 3928 1456 3990 patres
1480 3920 1676 3984 nostri,
1716 3928 1769 3975 et
1797 3936 1897 3976 nos

319 4015 507 4068 omnia
555 4013 826 4065 faciantus
859 4032 871 4065 :
911 4019 963 4065 et
993 4012 1441 4066 conviciabantur
1481 4011 1532 4066 ei
1573 4012 1758 4066 multis
1791 4012 1896 4065 cri-

320 4106 554 4160 minosis
616 4104 986 4169 sermonibus,
1039 4120 1159 4173 qua:
1213 4105 1376 4160 etiam
1427 4119 1525 4173 pro
1573 4105 1897 4159 enormitate

320 4195 549 4255 sceleris
590 4196 834 4249 scribere
878 4193 1033 4249 nefas
1080 4194 1197 4248 fuit.
1253 4194 1379 4249 Item
1434 4195 1708 4258 dixerunt,
1769 4195 1895 4264 quia

317 4288 667 4343 eonfixerunt
696 4303 892 4341 manus
923 4287 1040 4356 ejus
1073 4297 1126 4340 et
1159 4287 1342 4357 pedes,
1381 4287 1483 4341 hoc
1514 4295 1566 4342 et
1596 4303 1697 4342 nos
1727 4286 1896 4342 facias

318 4400 464 4439 inus.
518 4382 868 4452 Conligeutes
899 4390 1079 4433 autem
1132 4394 1327 4433 manus
1355 4386 1408 4433 et
1446 4380 1633 4449 pedes,
1680 4380 1896 4449 adjece-

319 4485 452 4530 runt
511 4475 761 4529 dicentes

316 4568 592 4622 dcderunt
622 4566 669 4620 ei
698 4572 945 4634 porrecta
982 4563 1248 4633 spongia;
1282 4563 1384 4616 hoc
1420 4562 1562 4616 idem
1590 4570 1643 4616 et
1665 4578 1766 4618 nos
1800 4562 1898 4617 im-

317 4660 588 4730 pleamus.
626 4656 690 4708 Et
730 4655 946 4709 admota
996 4654 1263 4709 arundine
1299 4668 1422 4707 cum
1469 4655 1693 4730 spongia
1735 4656 1893 4725 plena

317 4728 476 4806 aceto
505 4766 630 4803 cum
671 4748 816 4812 felle,
850 4755 1218 4817 apposuerunt
1241 4746 1322 4799 ori
1355 4728 1893 4817 eju_s.rladdiderunt-

314 4858 422 4914 qae
450 4841 791 4910 iniquitatem
814 4853 976 4908 super
1008 4838 1342 4907 iniquitatem
1374 4837 1614 4891 dicentes
1647 4856 1660 4891 :
1692 4836 1895 4891 Didici-

313 4949 441 4988 mus
467 4931 614 5002 quod
644 4929 913 4985 arundine
942 4939 1332 5000 percusserunt
1357 4935 1518 4998 caput
1547 4929 1668 4997 ejus
1711 4939 1893 4997 patres

313 5029 517 5091 nostri,
563 5027 818 5083 similiter
845 5033 899 5079 et
928 5039 1032 5079 nos
1064 5022 1325 5077 faciamus
1359 5042 1371 5077 :
1406 5033 1459 5076 et
1501 5030 1893 5091 percusserunt

313 5121 587 5175 arundine
612 5126 777 5187 caput
798 5116 935 5184 ejus.
960 5114 1156 5170 Finitis
1179 5130 1305 5168 vero
1327 5114 1583 5168 omnibus
1604 5113 1711 5179 his,
1740 5113 1893 5168 dixe-

312 5221 442 5269 runt
491 5232 504 5268 :
546 5210 704 5264 Sicut
746 5210 932 5262 lancea
980 5209 1122 5261 latus
1172 5214 1524 5276 aperuerunt,
1570 5206 1642 5259 ita
1691 5212 1746 5260 et
1791 5220 1892 5259 nos

311 5304 721 5361 cnnfodiamus.
761 5299 827 5369 Et
865 5298 1139 5370 perforato
1171 5300 1358 5374 lancea
1406 5299 1571 5350 latere
1609 5297 1750 5365 ejus,
1777 5296 1892 5351 exi-

312 5399 390 5449 vit
419 5395 652 5466 sanguis
676 5400 730 5449 et
750 5407 910 5463 aqua.
941 5391 1123 5445 Gloria
1148 5391 1268 5454 tibi,
1296 5390 1532 5453 Christe,
1563 5390 1734 5460 gloria
1769 5390 1889 5456 tibi,

312 5488 415 5544 Fili
458 5487 555 5542 Dei
587 5485 721 5551 vivi,
771 5484 861 5552 qui
906 5482 973 5537 de
1013 5481 1268 5551 supernis
1299 5481 1522 5536 sedibus
1562 5481 1890 5537 descendisti

310 5594 408 5649 pro
438 5577 622 5631 salute
644 5580 833 5627 nostra
863 5579 1009 5624 tuam
1036 5570 1294 5626 exhibere
1324 5571 1689 5639 praesentiam,
1718 5579 1771 5625 et
1795 5585 1893 5640 pro

307 5670 644 5725 liberatione
687 5676 872 5720 nostra
904 5680 1026 5719 cum
1066 5664 1393 5720 immortalis
1427 5678 1601 5727 esses,
1644 5663 1809 5717 morti
1839 5671 1892 5718 te

309 5758 616 5822 tradidisti.
669 5755 713 5823 Ο
772 5755 1168 5814 inaestimabilis
1224 5754 1533 5827 benignitas
1583 5752 1886 5823 Salvatoris

2002 1912 2235 1959 rentem.
2277 1905 2469 1961 Adlz-uc
2504 1909 2639 1978 ipsis
2670 1925 2776 1963 non
2811 1910 3182 1976 credentibus,
3218 1911 3313 1966 sed
3343 1911 3575 1981 injurias

2000 2006 2055 2051 et
2101 1997 2468 2067 blaspltemias
2520 1999 2903 2067 inferentibus,
2950 2003 3240 2072 portabant
3283 2004 3574 2072 ampullam

2002 2087 2214 2156 plenam
2260 2089 2436 2144 salute
2478 2099 2533 2145 et
2573 2092 2776 2146 virtute
2815 2092 2884 2147 ad
2918 2094 3092 2147 locum
3139 2093 3194 2147 in
3238 2107 3347 2162 quo
3387 2094 3573 2147 multi-

2000 2178 2130 2232 tudo
2171 2179 2542 2250 languentium
2578 2182 2883 2239 coadunata
2917 2184 3037 2239 fuit.
3079 2182 3323 2238 Primum
3352 2185 3573 2255 quidem

2000 2270 2242 2325 omnium
2266 2275 2626 2344 paralyticum
2651 2277 2940 2345 quemdam
2973 2291 3004 2330 a
3036 2276 3317 2331 nativitate
3346 2275 3569 2341 adeunt,

2000 2361 2211 2429 liquore
2254 2371 2447 2417 sancto
2479 2374 2787 2437 perungunt
2818 2376 2872 2422 et
2908 2367 3269 2423 incolumitati
3300 2368 3570 2435 reddunt;

2000 2452 2129 2507 crcci
2155 2455 2544 2524 quamplurimi
2569 2474 2599 2511 a
2634 2466 2784 2513 tactu
2808 2467 3012 2514 sanctae
3038 2460 3413 2529 perunctionis
3438 2475 3572 2530 gau-

2000 2541 2147 2598 dium
2189 2556 2514 2616 receperunt
2565 2548 2806 2604 luminis.
2848 2548 3171 2603 Dwmoniaci
3225 2549 3293 2603 ad
3345 2551 3570 2604 odorem

2000 2636 2197 2692 divina:
2250 2638 2470 2696 virtutis
2530 2647 2795 2711 quotquot
2851 2638 3239 2705 offerebantur,
3300 2642 3572 2696 curaban-

2000 2735 2108 2782 tur.

2074 2819 2172 2877 Ubi
2220 2834 2397 2878 autem
2431 2824 2642 2880 celebre
2683 2824 2786 2880 hoc
2826 2823 3025 2879 factum
3057 2832 3142 2880 est
3191 2823 3414 2880 verbum
3476 2838 3572 2893 per

1999 2915 2310 2971 universam
2388 2918 2702 2981 civitatem,
2768 2918 2858 2974 alii
2924 2925 3088 2988 atque
3140 2917 3231 2971 alii
3287 2931 3345 2973 se
3405 2914 3573 2986 299

2000 3019 2124 3060 cum
2203 3006 2420 3077 aegrotis
2479 3008 2595 3062 suis
2658 3006 2992 3072 inferentes,
3047 3006 3115 3062 de
3194 3005 3376 3076 agris,
3429 3005 3570 3061 vicis

2000 3104 2054 3152 et
2077 3098 2328 3154 domibus
2356 3115 2478 3154 cum
2514 3099 2862 3154 multitudine
2906 3098 3118 3153 infinita
3150 3096 3489 3169 profluebant
3514 3103 3570 3150 et

2001 3192 2133 3246 salvi
2181 3191 2400 3247 fiebant.
2449 3190 2674 3268 Repleta
2706 3199 2789 3246 est
2839 3202 3021 3246 autem
3079 3202 3350 3260 synagoga
3379 3202 3570 3243 eorum

2000 3281 2335 3352 paralyticis,
2370 3281 2601 3345 claudis,
2650 3280 3024 3344 duemoniacis,
3070 3280 3324 3350 leprosis,
3378 3277 3568 3342 aridis,

1999 3376 2195 3437 czecis,
2243 3375 2444 3439 mutis,
2499 3368 2682 3431 surdis
2723 3384 2777 3431 et
2813 3374 2959 3429 omni
3006 3386 3211 3444 genere
3256 3371 3568 3431 morborum

1997 3466 2405 3537 aegrotantibus,
2430 3474 2484 3521 et
2525 3482 2554 3519 a
2586 3481 2912 3537 quocunque
2942 3480 3137 3535 genere
3165 3462 3566 3525 detinebantur,

2000 3560 2359 3616 sanabantur.
2393 3559 2653 3615 Videntes
2682 3566 2861 3614 autem
2904 3558 3179 3629 principes
3221 3556 3567 3612 sacerdotum

1997 3663 2052 3708 et
2085 3655 2264 3708 omnis
2295 3655 2642 3724 congregatio
2671 3668 2883 3716 eorum,
2913 3651 3066 3723 signa
3096 3658 3149 3705 et
3176 3649 3421 3720 prodigia
3451 3665 3569 3703 ma-

1998 3759 2102 3813 gna
2133 3760 2252 3814 quae
2278 3744 2497 3807 fiebant,
2528 3759 2650 3798 cum
2677 3744 2997 3799 mulieribus
3027 3748 3080 3797 et
3113 3739 3415 3796 infantibus
3446 3756 3568 3795 cre-

1997 3834 2209 3897 dentes,
2245 3835 2553 3890 clamabant
2584 3833 2694 3892 Deo
2726 3834 2875 3889 Patri
2910 3843 2963 3888 et
2995 3831 3126 3887 Jesu
3174 3831 3392 3887 Christo
3429 3830 3567 3885 Filio

1998 3943 2118 3993 suo,
2153 3936 2314 3998 atque
2346 3927 2573 4000 Spiritui
2606 3936 2835 3984 sancto:
2864 3926 3013 3981 Unus
3041 3925 3184 3981 Deus
3215 3925 3392 3989 Pater,
3423 3940 3568 3981 unus

1996 4016 2250 4077 Christus
2285 4017 2379 4073 Dei
2431 4017 2624 4085 Filius,
2676 4034 2821 4073 unus
2870 4032 2938 4072 ex
2986 4025 3220 4088 utroque
3262 4015 3568 4087 procedens

1998 4107 2236 4181 Spiritus
2283 4119 2528 4175 sanctus,
2557 4110 2648 4181 qui
2668 4109 2749 4163 ~in
2781 4108 3047 4164 Trinitate
3079 4107 3316 4178 perfecta
3350 4105 3483 4161 vivit
3512 4113 3569 4161 et

1996 4209 2185 4275 regnat
2214 4199 2357 4256 Deus
2392 4202 2446 4255 in
2479 4200 2697 4256 sarcula.
2725 4202 2919 4255 Amen.
2962 4198 3146 4254 Gloria
3174 4199 3293 4263 tibi,
3327 4197 3565 4262 Christe,

1996 4308 2154 4362 quem
2178 4303 2357 4363 patres
2381 4294 2553 4349 nostri
2580 4293 2892 4365 ignorantes
2913 4293 3130 4364 quidem
3155 4289 3564 4354 crucifixerunt,

1995 4385 2090 4454 qui
2119 4400 2266 4439 nunc
2293 4392 2346 4438 et
2378 4400 2408 4438 a
2452 4385 2612 4441 nobis
2644 4387 2698 4439 in
2727 4393 2916 4439 sancta
2951 4384 3187 4454 imagine
3235 4391 3327 4437 tua
3378 4381 3565 4436 cruci-

822 4492 835 4527 :
890 4472 1211 4526 Audivimus
1256 4471 1381 4540 quia
1440 4479 1653 4527 acetum
1704 4479 1759 4539 et
1820 4472 1893 4527 fel
1925 4486 1968 4542 Ῑ)
2001 4477 2140 4531 fixus
2162 4490 2241 4530 es.
2276 4473 2459 4530 Gloria
2481 4476 2602 4542 tibi,
2633 4475 2735 4530 Fili
2763 4474 2858 4529 Dei
2886 4475 3013 4537 vivi,
3039 4475 3131 4542 qui
3164 4490 3258 4544 per
3286 4474 3439 4544 signa
3470 4488 3568 4542 po-

2001 4568 2184 4621 tentia:
2215 4574 2320 4620 tute
2365 4566 2682 4621 illuminasti
2714 4566 3011 4619 caecitatem
3058 4565 3304 4619 cordinm
3352 4571 3568 4617 nostro-

2001 4676 2122 4714 rmn
2157 4669 2210 4715 et
2240 4661 2305 4714 ad
2335 4668 2483 4714 tuam
2511 4659 2942 4715 misericordiam
2974 4657 3210 4712 traxisti.
3241 4656 3360 4712 Tibi
3389 4655 3567 4711 credi-

1998 4767 2142 4813 mus.
2176 4751 2441 4820 propitius
2468 4762 2585 4805 esto
2637 4750 2817 4814 nobis,
2861 4755 2914 4803 et
2959 4748 3178 4817 suscipe
3216 4748 3485 4817 lacrymas
3513 4755 3568 4801 et

1996 4842 2369 4912 pcenitentiam
2420 4851 2662 4896 nostram
2711 4859 2725 4896 :
2766 4856 2835 4895 ne
2875 4839 3012 4894 forte
3056 4853 3156 4908 pro
3197 4837 3567 4906 magnitudine

1997 4934 2286 4995 scelerum,
2318 4931 2565 4988 infernus
2598 4933 2849 5003 aperiens
2877 4947 2941 4986 os
2969 4946 3125 4986 suum
3150 4929 3412 5000 deglutiat
3443 4943 3563 4993 nos,

1994 5023 2089 5094 qui
2123 5038 2246 5077 cum
2279 5022 2528 5091 patribus
2578 5022 2784 5077 nostris
2834 5021 3103 5076 mirabilia
3136 5034 3329 5091 magna
3365 5019 3563 5086 fecisti,

1995 5121 2050 5168 et
2082 5112 2342 5167 beneficia
2372 5113 2787 5167 innumerabilia
2816 5111 3134 5181 praestitisti.
3166 5109 3336 5165 Parce
3366 5109 3567 5180 iniqui-

1998 5204 2199 5259 tatibus
2221 5206 2443 5267 nostris,
2472 5210 2526 5259 et
2554 5204 2770 5258 medere
2803 5202 3088 5257 animabus
3111 5203 3348 5267 nostris;
3371 5210 3425 5257 et
3452 5202 3567 5257 cla-

1995 5312 2116 5351 mor
2147 5311 2375 5365 magnus
2411 5295 2571 5349 ﬁebat
2602 5294 2952 5349 clamantium
3003 5302 3059 5349 et
3096 5293 3264 5349 Deum
3302 5294 3567 5349 invocan-

1997 5393 2153 5446 tium.
2199 5388 2419 5444 Sanatis
2464 5404 2595 5443 vero
2641 5389 2898 5443 omnibus
2933 5391 3023 5459 qui
3057 5390 3270 5445 advecti
3304 5400 3569 5446 venerant

1995 5477 2249 5543 infirmis,
2282 5478 2560 5548 principes
2594 5477 2942 5533 sacerdotum
2972 5485 3027 5534 et
3063 5479 3242 5535 omnis
3275 5481 3568 5536 multituco

1993 5586 2183 5625 eorum
2240 5571 2305 5625 ad
2358 5571 2669 5641 episcopum
2722 5571 2959 5626 civitatis
2992 5572 3255 5638 cucurrit,
3297 5590 3403 5628 una
3436 5588 3568 5629 voce

1995 5662 2333 5717 clamantes:
2363 5660 2517 5717 Unus
2552 5661 2695 5718 Deus
2737 5661 2920 5726 Pater,
2947 5680 3090 5720 unus
3124 5662 3283 5721 Jcsus
3314 5667 3567 5722 Christus

2003 5754 2172 5812 Filius
2210 5754 2329 5826 cjns
2366 5754 2528 5823 Deus,
2558 5772 2716 5828 quem
2749 5766 2928 5828 patres
2954 5758 3128 5813 nostri
3161 5758 3567 5824 crucifixerunt.
