4050 6396
497 353 602 416 85.3
705 372 714 388 '

1584 344 1645 401 S.
1679 337 2139 397 ATHANASIUS.
2181 368 2251 378 ——
2287 331 2558 390 SPURIA.

3639 317 3744 375 εει

499 483 642 523 unus
669 474 724 522 et
760 433 1004 538 Spiritus
1029 466 1251 518 sanctus
1288 454 1452 516 Deus.
1489 457 1556 512 Et
1590 456 1912 512 conﬁtentes
1949 469 2080 524 pec-
2111 457 2284 536 Amas
2311 449 2606 503 multorum
2655 443 2722 498 de
2753 451 2925 498 morte
2979 439 3046 494 ad
3075 440 3243 494 vitam
3296 437 3570 494 translatae
3593 446 3738 492 sunt.

501 567 624 615 cata
649 573 768 625 sua,
797 559 967 628 ipsam
998 561 1241 611 sanctam
1267 551 1555 622 imaginem
1577 549 1935 604 ostenderunt
1957 546 2072 616 epi-

501 665 689 720 scopo,
716 655 1000 702 narrantes
1029 645 1190 700 etiam
1217 643 1450 714 qualiter
1489 642 1712 711 sanguis
1747 651 1802 694 et
1832 652 1973 708 aqua
2002 638 2070 692 de

501 743 672 796 latere
727 741 897 809 ipsius
945 737 1212 803 cucurrit,
1258 745 1314 790 et
1347 742 1551 805 quanta
1602 731 1877 788 mirabilia
1928 729 2072 784 facta

500 841 648 888 sunt.
674 831 976 900 Episcopus
996 835 1175 882 autem
1201 825 1582 882 universaliter
1609 823 1818 878 indicto
1840 821 2070 891 jejunio,

497 934 690 978 attines
714 919 1053 992 regeneravit
1086 933 1244 974 sacro
1272 918 1618 988 baptismate,
1648 929 1785 985 quos
1815 913 1932 984 ipse
1961 927 2074 966 om-

499 1029 598 1068 nes
635 1013 898 1082 suscepit.
938 1011 1282 1083 Synagogam
1317 1009 1536 1080 quidem
1568 1023 1756 1065 eorum
1796 1009 2073 1078 principa-

499 1107 606 1161 lem
651 1106 938 1160 ecclesiam
973 1103 1320 1160 consecravit
1353 1103 1411 1156 in
1457 1101 1718 1156 honorem
1775 1099 2073 1155 Salvatoris

500 1199 674 1252 nostri
697 1197 827 1254 Jesu
851 1197 1054 1254 Christi
1089 1215 1106 1252 :
1133 1204 1360 1251 caeteras
1383 1209 1512 1250 vero
1544 1209 1848 1266 synagogas
1874 1207 2062 1248 eorum

501 1289 769 1345 dedicavit
789 1290 1052 1346 ecclesias
1079 1291 1135 1344 in
1163 1289 1424 1344 honorem
1451 1287 1822 1356 apostolorum
1842 1292 1894 1340 et
1921 1299 2068 1338 mar-

500 1393 679 1453 tyrum
718 1401 732 1438 :
770 1381 1085 1452 factumque
1117 1381 1373 1453 gaudium
1410 1392 1691 1448 magnum,
1734 1393 1844 1432 non
1893 1376 2068 1432 solum

502 1475 646 1545 quod
686 1483 834 1530 tanta
866 1487 1098 1544 corpora
1142 1483 1332 1527 curata
1383 1480 1532 1537 sunt,
1577 1471 1670 1528 sed
1700 1467 1843 1540 quod
1873 1478 1926 1523 et
1955 1467 2074 1522 ani-

2155 529 2306 598 'Hazc
2339 541 2520 595 sciens
2567 551 2720 606 ergo,
2773 531 3118 588 dilectissimi
3161 529 3383 594 fratres,
3439 529 3738 584 acceleravi

2178 633 2530 689 manifestare
2574 628 2771 694 vobis;
2801 633 2864 680 ut
2915 625 2971 680 in
3021 624 3126 678 hoc
3149 623 3314 678 etiam
3350 628 3742 690 cognoscentes

2177 727 2432 780 virtutem
2465 732 2517 777 et
2543 719 2970 776 misericordiam
2995 715 3206 772 Domini
3233 711 3406 768 nostri
3433 711 3560 765 Jesu
3591 711 3746 764 Cbri‘

2175 819 2268 882 sli,
2302 817 2537 886 amplius
2587 812 2893 868 conlirmati
2944 810 3068 866 sitis
3117 809 3174 862 in
3206 805 3328 869 (ide,
3357 812 3412 859 et
3443 803 3739 874 gratiarum

2175 913 2419 965 actiones
2451 909 2528 963 illi
2569 905 2810 963 reddatis
2849 919 2950 974 pro
2978 899 3320 956 mirabilibus
3365 906 3418 950 et
3465 893 3740 949 bcneliciis

2174 1017 2295 1072 qua!
2357 999 2620 1054 Dominus
2668 995 2927 1052 ostendit.
2973 991 3222 1050 Decrevit
3261 997 3446 1044 sancta
3496 985 3740 1040 Romana

2173 1105 2222 1151 et
2255 1091 2641 1148 Antiochensis
2657 1089 2899 1146 Ecclesia
2923 1088 3065 1142 diem
3083 1103 3115 1140 v
3143 1083 3333 1138 iduum
3354 1077 3740 1135 Novembrium

2173 1189 2468 1242 solemnem
2513 1185 2622 1254 agi,
2671 1183 2726 1238 in
2761 1197 2870 1252 quo
2910 1180 3026 1234 haec
3073 1178 3211 1233 facta
3245 1184 3372 1231 sunt
3405 1172 3473 1227 ad
3525 1169 3740 1226 laudern

2173 1280 2387 1333 Domini
2421 1279 2592 1332 nostri
2622 1276 2750 1332 Jesu
2781 1273 3004 1333 Christi.
3037 1271 3128 1340 qui
3161 1269 3290 1322 vivit
3317 1276 3371 1322 et
3401 1272 3591 1336 regnat
3619 1277 3741 1316 cum

2182 1372 2292 1427 Deo
2325 1371 2486 1425 Patre
2517 1371 2572 1424 in
2601 1371 2805 1424 unitate
2831 1367 3068 1438 Spiritus
3103 1363 3277 1418 sancti
3307 1358 3472 1423 Deus,
3504 1371 3600 1426 per
3621 1369 3741 1409 om-

2181 1464 2268 1518 nia
2303 1463 2497 1518 saecula
2530 1461 2875 1516 saeculorum.
2909 1459 3100 1510 Amen.

504 1602 3726 1652 ___________________________________________._________._.__

1487 1730 1553 1784 IN
1595 1728 1912 1797 sequens
1949 1725 2370 1784 oruscuwu
2410 1721 2745 1782 nomen.
3739 1691 3746 1700 ’

575 1852 858 1921 Perperam
909 1852 1096 1906 titulus
1147 1849 1429 1907 Athanasii
1474 1866 1660 1904 nomen
1724 1848 1957 1918 prafert,
1998 1862 2116 1900 cum
2157 1846 2225 1899 sit
2273 1845 2368 1898 hoc
2399 1841 2704 1911 opusculum
2748 1838 2886 1892 alius
2929 1833 3206 1905 cujusdam
3243 1828 3514 1900 scriptoris
3541 1825 3651 1897 qui,
3684 1830 3743 1876 ut

505 1919 756 2017 augurari
788 1949 927 2010 licet,
960 1943 1137 2001 Photii
1175 1963 1282 2002 avo
1338 1946 1448 2002 [nec
1491 1945 1780 2010 scripserit,
1817 1943 2028 2016 quando
2079 1941 2264 1996 oborta
2303 1940 2526 2011 quwstio
2559 1948 2636 1992 est
2678 1936 2742 1990 de
2801 1933 3068 1988 additione
3125 1929 3369 1998 Filioque
3405 1925 3462 1978 in
3497 1919 3743 1992 Symbolo

505 2013 670 2109 facta.
701 2041 807 2094 Pro
841 2040 979 2096 virili
1006 2057 1126 2110 ergo
1155 2049 1352 2110 pugnat
1389 2041 1472 2094 hic
1506 2041 1680 2104 homo,
1722 2013 1978 2106 Spiritum
2003 2045 2270 2098 sanctum,
2307 2050 2398 2088 nec
2427 2047 2491 2086 ea:
2523 2029 2688 2090 Filio.
2715 2045 2807 2083 nec
2833 2043 2922 2097 per
2956 2023 3156 2078 Filium
3183 2017 3472 2089 procedere.
3517 2013 3742 2070 Multum

506 2146 677 2188 tamen
722 2136 912 2206 negotii
961 2135 1163 2205 faciunt
1191 2145 1373 2206 aperta
1421 2135 1702 2190 Athanasii
1741 2135 1824 2188 hic
1859 2133 2030 2186 allata
2073 2131 2398 2190 testimonia,
2431 2125 2568 2180 unde
2611 2125 2837 2194 fortasse
2877 2119 3036 2189 fuerit
3067 2114 3204 2188 quod
3239 2110 3516 2168 Athanasii
3560 2123 3744 2162 nomen

503 2199 1000 2296 inscriptio'ferat';
1049 2199 1286 2299 Gregorii
1364 2227 1486 2281 item
1529 2224 1758 2296 Νεβεδεηὶ
1799 2235 1848 2278 et
1904 2223 2094 2295 Cyrilli
2149 2223 2286 2285 loca,
2330 2217 2516 2292 quibus
2572 2213 2772 2285 liquido
2825 2213 3130 2280 afﬁrmatur
3183 2222 3248 2260 e1-
3294 2203 3454 2257 l’atrc
3503 2199 3745 2270 Filioque

503 2317 756 2387 Spiritum
807 2327 1047 2373 sanctum
1091 2293 1384 2388 procedere.
1433 2317 1510 2373 Iis
1557 2293 1615 2371 uit
1673 2325 1916 2372 occurrat
1953 2293 2182 2385 scriptor
2232 2315 2370 2375 iste,
2417 2308 2707 2364 vanissima
2749 2305 2919 2358 utitur
2957 2298 3289 2355 distinctione
3324 2309 3343 2347 :
3377 2293 3455 2346 ait
3495 2293 3654 2352 enim,
3689 2301 3746 2344 ut

501 2397 694 2476 duplex
727 2417 804 2464 est
857 2384 1122 2480 generatio
1157 2409 1310 2476 Filii,
1349 2419 1546 2466 teterna
1607 2409 1738 2474 alia,
1788 2410 1996 2478 aliaque
2047 2384 2420 2476 temporanea,
2473 2402 2551 2455 ita
2602 2397 2857 2466 duplicem
2909 2409 3020 2448 csse
3061 2389 3293 2458 Spiritus
3325 2384 3496 2439 sancti
3539 2398 3748 2451 proces-

503 2503 738 2566 sionem;
772 2491 1024 2557 cateruam
1051 2503 1213 2557 aliam
1243 2518 1306 2558 ea:
1335 2503 1448 2558 solo
1479 2501 1666 2566 Patre,
1703 2510 2088 2568 temporaneam
2117 2495 2420 2555 secundum,
2453 2507 2557 2563 qua
2597 2505 2662 2544 ea:
2708 2487 2892 2548 Patre,
2929 2483 3092 2544 Filio,
3135 2489 3288 2549 atque
3315 2479 3486 2547 seipse
3520 2475 3747 2529 mittitur

503 2603 552 2648 et
592 2595 771 2650 datur.
826 2596 978 2664 Quod
1033 2599 1198 2668 gratis
1255 2615 1380 2652 sane
1434 2599 1788 2668 excogitatum
1871 2606 2220 2649 commentum
2277 2589 2587 2660 exsuﬂlutur
2645 2599 2709 2640 ea:
2763 2580 3049 2637 Athanasii
3102 2577 3232 2631 locis
3284 2571 3639 2642 compluribus
3692 2570 3747 2623 in

506 2687 852 2757 Prwfatione,
900 2688 988 2741 ubi
1043 2685 1106 2739 de
1179 2684 1408 2756 Spiritus
1456 2661 1628 2749 sancti
1696 2685 2024 2754 processionc
2070 2682 2266 2752 agitur,
2345 2678 2548 2741 allatis,
2624 2674 2950 2744 maximeque
3015 2685 3078 2723 ea:
3133 2683 3193 2721 co
3247 2666 3359 2720 loco
3411 2681 3429 2718 :
3469 2661 3642 2718 Filius
3690 2661 3745 2714 in
3835 2727 3846 2742 .

503 2776 664 2832 Patre
714 2777 835 2832 l‘ons
907 2785 990 2832 est
1049 2775 1288 2848 Spiritus
1357 2777 1552 2830 sancti.
1627 2750 1758 2842 Quis
1815 2775 1952 2829 enim
2017 2750 2274 2842 negauerit
2325 2777 2542 2838 (autem,
2601 2768 2828 2840 primum
2924 2759 3224 2830 signiﬁcare
3292 2754 3596 2824 originem?
3663 2750 3746 2806 Ibi

500 2867 712 2926 videsis.

501 3067 926 3130 ATHANASH
988 3067 1072 3121 PA
1086 3065 1484 3122 raram:an
1513 3065 2068 3131 ALEXANDRINI,
2100 3075 2142 3130 Β
2171 3060 2584 3120 ΑΘΑΛἏΣΙΟΥ
2613 3047 3744 3131 ιηᾼτρμιξχο-γςνᾼᾼεεέδέεΕιΔΣν

600 3139 700 3194 EX
739 3135 1096 3194 SERMONE
1132 3137 1424 3193 CONTRA
1474 3135 1798 3192 LATINOS
1835 3137 1970 3208 (i9).

574 3253 627 3307 l.
663 3250 732 3304 At
769 3265 876 3304 non
909 3250 982 3305 ita
1016 3248 1340 3320 (sentiunt)
1373 3250 1465 3320 qui
1517 3248 1723 3304 Christi
1774 3257 1941 3313 sunt;
1974 3249 2070 3305 sed

505 3345 650 3398 sicut
715 3343 825 3406 ille,
879 3343 974 3412 qui
1021 3342 1096 3395 ait
1147 3361 1159 3395 :
1223 3360 1241 3393 ι
1293 3339 1428 3396 Cum
1478 3343 1687 3396 venerit
1736 3339 2071 3407 Paracletus,

503 3447 665 3503 quem
689 3447 790 3502 ego
819 3433 1028 3484 mittam
1060 3430 1217 3485 vobis
1249 3445 1278 3482 a
1315 3429 1476 3484 Patre
1510 3427 1772 3500 Spiritum
1804 3431 2071 3494 veritatis,

503 3523 595 3594 qui
624 3537 653 3576 a
674 3523 832 3578 Patre
855 3523 1100 3593 procedit
1129 3523 1191 3586 η,
1226 3541 1243 3574 ι
1270 3521 1356 3577 bis
1386 3521 1625 3576 declarat
1653 3519 1866 3576 Patrem
1897 3524 2072 3578 solum

503 3630 626 3670 esse
657 3615 894 3686 Spiritus
923 3614 1101 3670 sancti
1143 3613 1526 3684 productorem
1566 3627 1582 3665 :
1627 3613 1812 3668 eadem
1857 3630 2074 3685 quoque

504 3710 596 3766 isti
625 3719 858 3775 ratione,
909 3711 1168 3782 magistro
1199 3709 1672 3779 obtemperantes,
1707 3725 1770 3764 ex
1803 3711 1920 3764 solo
1947 3726 2072 3765 eum

501 3801 665 3859 Patre
693 3804 846 3858 aiunt
891 3803 1206 3872 procedere.
1252 3801 1410 3867 Quod
1444 3801 1490 3856 si
1525 3801 1648 3870 quis
1681 3801 1898 3867 dixerit,
1943 3815 2076 3855 nus-

503 3909 668 3964 quam
714 3891 823 3948 dici
869 3889 1130 3962 Spiritum
1157 3905 1225 3944 ex
1257 3889 1375 3944 solo
1404 3903 1527 3943 esse
1557 3886 1748 3954 Patre;
1783 3887 1832 3942 is
1865 3887 2070 3951 audiat,

503 4001 628 4041 eum
659 3985 754 4056 qui
781 3983 850 4038 de
883 3983 976 4036 illo
1007 3981 1220 4045 scribit,
1254 3979 1403 4034 haud
1444 3980 1602 4034 aliter
1629 3993 1794 4048 quam
1837 3993 1905 4033 ex
1935 3979 2074 4034 divi-

504 4074 860 4132 nissimorum
893 4069 1113 4124 Patrum
1141 4075 1454 4124 nostrorum
1485 4067 1754 4131 doctrina,
1773 4065 1904 4120 illud
1934 4063 2074 4121 ferre

507 4163 906 4223 testimonium.
944 4161 1010 4217 Ut
1031 4161 1175 4216 enim
1199 4159 1276 4214 illi
1311 4157 1575 4228 Spiritum
1607 4163 1856 4212 sanctum
1887 4155 2074 4211 dicunt

505 4274 575 4314 ex
612 4256 776 4312 Patre
806 4255 1124 4326 procedere,
1170 4258 1388 4321 sumpto
1423 4265 1490 4304 ex
1533 4247 1745 4304 Domini
1777 4248 1947 4320 ipsius
1977 4263 2072 4305 ore

505 4359 862 4420 argumento;
897 4348 969 4400 ita
1001 4346 1395 4416 subsequentes
1417 4342 1713 4412 scriptores
1735 4357 2070 4414 consequen-

507 4454 590 4497 ter
627 4441 996 4496 deelararunt.
1027 4436 1140 4492 Nec
1170 4439 1458 4507 quisquam
1503 4441 1588 4491 est
1632 4435 1846 4490 illorum
1881 4435 1974 4506 qui
2005 4451 2071 4490 ex

503 4532 644 4588 Filio
675 4533 756 4587 vel
807 4545 908 4601 per
950 4529 1144 4585 Filium
1173 4530 1320 4584 dicat
1371 4530 1550 4600 ipsum
1597 4529 1933 4600 procedere;
1966 4529 2073 4585 nisi

505 4627 742 4682 fortasse
772 4624 1044 4696 quispiam
1077 4623 1132 4678 id
1170 4623 1317 4679 dicat
1359 4623 1426 4678 de
1465 4622 1568 4676 alia
1602 4622 1938 4694 profusione,
1977 4638 2073 4678 seu

504 4719 948 4776 manifestatione
963 4733 1028 4774 ac
1047 4717 1307 4773 missione
1325 4716 1592 4772 donorum
1616 4715 1851 4788 Spiritus
1873 4716 2071 4771 sancti.

505 4813 582 4867 Ea
609 4815 809 4884 quippe
830 4811 1041 4866 ratione
1071 4827 1380 4882 quanquam
1408 4826 1472 4865 ex
1499 4808 1658 4866 Patre
1691 4807 2074 4863 manifestatur

509 4905 745 4976 Spiritus
778 4912 1005 4961 sanctus
1039 4905 1106 4959 ad
1145 4902 1630 4974 dispensationem,
1663 4903 1738 4957 ita
1763 4917 1979 4972 quoque
2006 4917 2070 4956 ex

504 4998 663 5065 Filio,
697 5006 756 5054 ut
795 4999 956 5055 docet
985 4999 1172 5068 regula
1215 4999 1479 5053 veritatis.
1519 4996 1581 5051 Et
1628 4993 2072 5066 quandoquidem

502 5089 740 5160 idipsum
766 5104 957 5144 omnes
987 5104 1095 5144 uno
1115 5103 1387 5144 consensu
1411 5086 1621 5148 dicunt,
1648 5099 1912 5154 nemoque
1933 5097 2074 5136 unus

501 5193 586 5238 est
631 5183 724 5253 qui
758 5183 860 5238 hac
911 5183 966 5237 in
1006 5198 1066 5236 re
1095 5181 1364 5246 dissonet,
1417 5179 1696 5250 propalam
1745 5186 1925 5234 estex
1954 5175 2072 5230 solo

504 5275 665 5330 Patre
697 5274 959 5344 Spiritum
989 5289 1146 5330 suam
1171 5274 1372 5329 habere
1399 5270 1810 5327 subsistentiam
1847 5289 1858 5323 :
1897 5267 2069 5337 siqui-

502 5367 622 5421 dem
656 5367 968 5436 hujusmodi
994 5367 1268 5422 emanatio
1298 5365 1646 5421 subsistentia
1665 5371 1767 5417 est.
1795 5358 2066 5426 Quemad-

501 5462 728 5514 modum
752 5461 899 5514 enim
945 5461 1046 5514 hoc
1071 5458 1317 5513 omnium
1345 5457 1572 5514 dictum.
1595 5452 1764 5508 Filius
1785 5460 1869 5508 est
1888 5449 2066 5505 Patris

501 5551 668 5615 fetus,
701 5551 774 5606 ita
813 5550 1156 5620 intelligitur,
1192 5557 1252 5603 ut
1283 5564 1349 5603 ex
1393 5547 1511 5602 solo
1555 5544 1716 5600 Patre
1764 5543 1834 5598 sit
1873 5541 2064 5608 Filius,

578 5685 620 5716 ¹³
657 5681 814 5740 Joan.
845 5699 936 5746 xv,
966 5682 1058 5735 26.

2375 3133 2479 3184 ΕΚ
2519 3119 2662 3181 ΤΟΥ
2694 3127 2882 3179 ΚΑΤΑ
2923 3119 3249 3175 ΛΑΤΙΝΩΝ
3283 3120 3546 3172 ΛΟΓΟΥ.

2245 3249 2298 3304 1.
2351 3244 2487 3298 Ἀλλ’
2527 3243 2624 3312 οὐχ
2670 3239 2841 3302 οὕτως
2879 3239 2928 3291 οἱ
2959 3235 3054 3290 τοῦ
3095 3232 3354 3306 Χριστοῦν
3398 3231 3513 3286 ἀλλ’
3559 3232 3744 3304 ὥσπερ

2175 3341 2379 3402 ἐκεῖνος
2399 3337 2486 3390 τόο
2529 3356 2546 3385 ι
2574 3334 2742 3386 Ὅταν
2782 3330 2908 3401 ἔλθῃ
2930 3370 2945 3395 ,
2997 3327 3191 3396 λέγων.
3237 3329 3266 3380 6
3310 3327 3678 3397 Hapa’txlqroq,
3716 3325 3746 3379 ὃ

2175 3430 2286 3502 ἐγὼ
2329 3427 2532 3500 πέμψω
2567 3426 2695 3496 ὑμῖν
2730 3421 2882 3494 παρὰ
2915 3419 3006 3474 τοῦ
3049 3418 3259 3490 Πατρὺς
3298 3419 3358 3472 τὸ
3387 3417 3610 3488 Πνεῦμα
3649 3419 3745 3488 τῆς

2179 3521 2456 3596 ἀληθείας,
2485 3519 2513 3572 ὃ
2542 3515 2692 3588 παρὰ
2732 3513 2826 3568 τοῦ
2861 3511 3072 3582 Πατρὸς
3105 3507 3494 3581 ἐκπορεύεται·
3529 3527 3546 3560 ι
3592 3507 3744 3579 μόνον

2174 3615 2422 3670 ἐντεῦθεν
2455 3610 2722 3683 προϐολέα
2759 3608 2850 3661 τὸν
2881 3605 3102 3675 Πατέρα
3139 3601 3234 3655 τοῦ
3275 3601 3592 3672 Πνεύματος
3617 3601 3745 3654 ἀπο-

2175 3709 2444 3764 δείκνυσιν
2465 3723 2478 3738 ·
2526 3705 2667 3758 οὕτω
2700 3701 2794 3756 καὶ
2825 3690 2967 3752 οὗτοι
3003 3696 3080 3768 τῷ
3108 3693 3410 3764 διδασκάλῳ
3437 3691 3744 3762 πειθόμενοι
3798 3683 3802 3686 ’

2175 3803 2238 3854 ὲκ
2261 3798 2354 3854 τοῦ
2382 3796 2596 3868 Πατρδς
2628 3793 2790 3866 μόνου
2829 3788 2987 3844 τοῦτό
3025 3804 3186 3858 φασιν
3223 3783 3642 3855 ἐκπορεύεσθαι,
3680 3781 3740 3836 El

2175 3889 2231 3944 δέ
2261 3907 2344 3952 τις
2377 3887 2611 3960 ὲρεί,ὄτι
2634 3880 2868 3953 οὐδαμοῦ
2897 3880 2958 3933 τὸ
2987 3876 3211 3948 Πνεῦμα
3246 3879 3312 3929 ὲκ
3341 3874 3503 3946 μόνου
3529 3874 3741 3942 λέγεται

2173 3979 2266 4036 τοῦ
2292 3978 2506 4050 Πατρός
2524 3995 2537 4007 ·
2569 3974 2816 4030 ἀκουέτω
2845 3974 2874 4025 6
2902 3969 3160 4032 τοιοῦτος,
3195 3968 3383 4038 ὅτιπερ
3415 3967 3444 4020 6
3471 3965 3601 4034 rapi.
3624 3961 3738 4016 τού·

2173 4089 2266 4125 του
2291 4061 2517 4140 ἦράφων
2559 4068 2660 4121 οὐκ
2711 4063 2884 4127 ἄλλως
2927 4059 3358 4132 ὲπιμαρτύρεται
3396 4054 3430 4126 ἦ
3463 4054 3607 4109 κατὰ
3650 4053 3742 4124 τὴν

2173 4163 2280 4218 τῶν
2322 4161 2612 4216 θειοτάτων
2656 4155 2914 4228 Πατέρων
2952 4153 3108 4224 ἡμῶν
3145 4147 3510 4204 διδασκαλίαν.
3537 4147 3742 4215 Ὥσπερ

2142 4271 2148 4282 ί
2173 4255 2282 4325 γὰρ
2305 4254 2500 4306 ἐκεῖνοι
2528 4250 2588 4304 τὸ
2611 4247 2838 4319 Πνεῦμα
2862 4246 2922 4299 τὸ
2957 4245 3107 4314 ἅγιον
3130 4245 3194 4298 ὲκ
3219 4241 3311 4296 τοῦ
3345 4238 3559 4310 Πατρός
3583 4247 3742 4307 φασιν

2175 4343 2602 4416 ἐκπορεύεσθαι,
2636 4341 2736 4412 τὴν
2772 4339 2948 4392 αἰτίαν
2998 4337 3090 4390 ἀπ’
3121 4332 3283 4390 αὑτοῦ
3335 4332 3428 4386 τοῦ
3478 4325 3741 4403 κυριακοῦ

2097 4419 2139 4476 c
2173 4434 2543 4506 λαμϐάνοντες
2574 4433 2870 4504 στόματοςο
2909 4429 3050 4484 οὕτω
3093 4427 3187 4482 καὶ
3233 4427 3280 4480 οί
3309 4423 3547 4492 καθεξῆς
3590 4421 3740 4490 λογο-

2176 4531 2378 4604 γράφοι
2429 4527 2524 4581 ml.
2577 4526 2912 4599 συγγραφεῖς
2962 4520 3268 4582 ἀκολούθως
3319 4517 3738 4589 διαγορεύουσιν.

2178 4623 2254 4678 Οὐ
2283 4620 2533 4693 μέντοιγέ
2565 4635 2648 4682 τις
2687 4615 2865 4672 αὐτῶν
2895 4615 2988 4668 καὶ
3013 4616 3076 4668 ὲκ
3105 4611 3198 4666 τοῦ
3240 4610 3369 4664 Υἱοῦ
3403 4610 3496 4664 καὶ
3537 4609 3624 4664 διὰ
3651 4606 3739 4662 τοῦ

2177 4712 2310 4768 Υίοῦ
2346 4711 2502 4764 τοῦτό
2532 4704 3152 4781 φησιν’ὲκπορεύεσθαι·
3188 4705 3235 4756 εί
3273 4703 3346 4772 μή
3375 4719 3492 4766 πως
3525 4701 3642 4774 ἐρεῖ
3663 4715 3740 4762 τις

2179 4806 2277 4878 τὴν
2307 4804 2472 4875 ἄλλην
2501 4802 2782 4874 πρόχυσιν,
2823 4798 2998 4851 εἴτουν
3030 4795 3336 4866 φανέρωσιν
3370 4795 3466 4848 καὶ
3513 4794 3741 4847 ἀποστο-

2179 4898 2276 4969 λὴν
2309 4895 2416 4950 τῶν
2469 4893 2820 4967 χαρισμάτων
2855 4887 2948 4942 τοῦ
2993 4886 3326 4955 Πνεύματος.
3358 4884 3506 4955 Πρὸς
3541 4884 3738 4956 ταύτην

2177 4994 2305 5064 γὰρ,
2349 4989 2550 5058 καίπερ
2595 4986 2660 5037 ὲκ
2692 4981 2784 5036 τοῦ
2820 4980 3030 5051 Πατρὸς
3071 4975 3398 5048 φανεροῦται
3431 4975 3492 5029 τὸ
3522 4974 3739 5046 Πνεῦμα

2176 5083 2237 5134 τὸ
2283 5080 2434 5148 ἅγιον
2487 5077 2622 5148 πρὸς
2664 5074 3020 5144 ἐπινέμησιν,
3051 5071 3191 5124 οὓτω
3232 5070 3326 5124 καὶ
3361 5071 3424 5122 ὲκ
3452 5068 3548 5122 τοῦ
3590 5067 3737 5130 Υῐοῦ,

2176 5171 2359 5234 καθὼς
2384 5172 2413 5223 6
2443 5170 2541 5238 τῆς
2573 5167 2828 5238 ἀληθείας
2869 5165 3109 5218 διδάσκει
3149 5161 3348 5218 κανών.
3384 5163 3736 5247 Κάπειδίλπερ

2177 5265 2420 5326 ἅπαντας
2453 5261 2513 5314 τό
2543 5261 2674 5314 αὐτὸ
2715 5260 2965 5327 λέγοντες
3008 5255 3310 5328 συμφώνως
3357 5255 3453 5310 καὶ
3499 5255 3560 5310 ἓν
3605 5252 3738 5309 κατὰ

2171 5355 2271 5425 τὴν
2321 5351 2415 5406 τοῦ
2449 5351 2652 5425 Κυρίου
2688 5349 3016 5421 παράδοσιν,
3062 5349 3154 5402 καὶ
3224 5345 3460 5418 οὐδαμοῦ
3497 5344 3737 5417 φαίνεταί

2173 5465 2256 5512 τις
2281 5445 2562 5514 διαφωνῶν
2583 5461 2596 5476 ·
2635 5443 2875 5514 εὔδηλον,
2917 5442 2998 5494 ὅτι
3023 5444 3086 5494 ἐκ
3121 5441 3279 5512 μόνου
3309 5441 3404 5495 τοῦ
3433 5439 3644 5512 Πατρδς
3678 5435 3736 5489 τὸ

2174 5536 2398 5607 Πνεῦμα
2441 5538 2551 5607 εχει
2584 5537 2682 5606 τὴν
2727 5533 2990 5605 ὕπαρξιν·
3027 5535 3186 5606 εἴπερ
3220 5536 3254 5606 ἡ
3299 5533 3528 5606 τοιαύτη
3574 5529 3729 5588 ὲκπὸο

579 5795 690 5865 (l9)
721 5795 800 5851 Ex
830 5794 1016 5850 codice
1041 5792 1208 5862 Regio
1242 5792 1375 5847 99.71
1407 5806 1548 5846 nunc
1575 5789 1696 5856 431,
1728 5805 1781 5860 p.
1819 5787 1938 5854 155,
1980 5785 2043 5842 ad
2071 5787 2372 5858 marginem
2412 5785 2592 5856 operis
2623 5783 2795 5840 sancti
2822 5781 3020 5839 Justini
3050 5784 3112 5840 ad
3147 5781 3372 5839 Zrnam.
