4050 6396
323 378 424 434 825

1445 374 1675 438 SERRIO
1706 384 1983 439 CONTRA
2026 378 2339 441 LA'l'lNOS.

3338 393 3554 447 .826

319 510 497 560 ρςυσις
528 492 864 561 καθέστηκεν
918 491 1166 565 ῦπαρξις.
1235 496 1445 568 Ὥσπερ
1494 499 1603 570 γὰρ
1669 501 1869 554 πάντωι

1989 502 2292 557 secundum
2350 502 2514 572 300
2565 517 2684 558 eam
2734 520 2857 575 qua:
2901 515 3027 562 ante
3084 510 3280 564 saecula
3323 517 3408 563 cst
3463 525 3554 577 ge-

317 584 595 652 λεγόντων,
618 584 864 654 γέννημα
888 584 1102 656 Πατρδς
1128 586 1156 636 6
1186 585 1334 650 Υἱὸς,
1365 593 1757 643 συνεπινοεῖται
1788 591 1883 643 καὶ

316 675 374 728 16
402 678 465 729 ὲκ
504 675 666 745 μόνου
698 674 790 727 τοῦ
825 675 1039 745 Πατρὸς
1067 675 1095 727 6
1121 675 1250 740 Υἱὸς
1271 677 1410 731 κατά
1436 679 1533 749 τὴν
1561 679 1883 751 προαιώνιον

317 765 596 834 γέννησιν
645 763 787 818 οὕτω
840 765 932 819 καὶ
981 764 1197 818 πάντων
1248 767 1514 836 λεγόντων
1547 771 1606 822 τὸ
1660 771 1883 841 Πνεῦμα

317 853 602 924 πρόϐλημα
646 854 891 924 Πατρύς,
929 858 1319 909 συνεπινοεῖται
1372 860 1465 911 καὶ
1509 859 1569 912 16
1612 861 1677 912 ὲκ
1721 862 1883 932 μόνου

314 943 402 994 τοῦ
441 943 654 1014 Πατρὸς
682 943 743 996 16
783 943 1021 1014 Πνεῦμα,
1065 946 1203 999 κατά
1246 948 1343 1019 τὴν
1385 949 1708 1020 προαιώνιον
1746 952 1880 1022 πρό-

313 1035 534 1104 ϐλησιν.ο
561 1037 609 1088 εί
659 1036 817 1106 μόνος
863 1037 925 1088 ἐκ
970 1036 1130 1105 μόνου
1172 1039 1267 1089 τοῦ
1301 1039 1514 1109 Πατρὸς
1542 1041 1570 1092 6
1602 1040 1751 1103 Υἱὸς,
1786 1042 1882 1094 καὶ

315 1128 469 1198 μόνον
501 1130 566 1180 ὲκ
611 1127 769 1198 μόνου
817 1128 909 1181 τοῦ
965 1129 1177 1198 Πατρὸς
1208 1128 1269 1180 16
1323 1129 1547 1200 Πνεῦμα
1608 1130 1669 1184 16
1703 1132 1878 1200 ἅγιον.

312 1216 467 1271 Κατὰ
511 1217 566 1270 δὲ
607 1218 709 1288 τὴν
738 1219 969 1289 ὑστέραν
1008 1219 1301 1292 πρόχυσιν,
1336 1218 1514 1273 εῖτουν
1560 1221 1880 1291 ἐπινέμησιν

318 1308 410 1360 καὶ
441 1308 703 1380 χορηγίαν
733 1310 832 1381 τὴν
867 1309 1002 1381 πρὸς
1034 1312 1159 1372 τοῦς
1206 1310 1410 1375 ἀξίους,
1440 1311 1630 1384 ὥσπερ
1670 1317 1735 1367 ὲκ
1784 1314 1878 1367 τοῦ

314 1399 523 1470 Πατρός
559 1399 620 1453 16
652 1398 893 1469 Πνεῦμα,
938 1399 1079 1452 οὓτω
1143 1401 1234 1453 καὶ
1260 1399 1347 1454 διὰ
1389 1401 1481 1454 τοῦ
1514 1401 1646 1454 Υίοῦ
1678 1403 1771 1455 καὶ
1816 1405 1880 1457 ὲκ

308 1487 400 1542 τοῦ
431 1489 584 1542 Υἱοῦ.
620 1489 888 1561 Καθάπερ
915 1490 970 1543 δὲ
999 1490 1091 1543 καὶ¹
1126 1491 1224 1560 τὴν
1255 1489 1488 1561 ὑστέραν
1511 1475 1877 1563 γέννησινποῦ

309 1576 457 1641 Υίοῦ,
493 1577 671 1631 εἴτουν
717 1579 1009 1648 ἐπιδημίαν
1037 1580 1137 1650 τὴν
1170 1579 1306 1649 πρὸς
1347 1581 1516 1651 ἡμᾶς,
1549 1582 1648 1635 οὐκ
1695 1582 1759 1635 ὲκ
1783 1581 1876 1634 τοῦ

314 1669 522 1740 Πατρὸς
550 1670 709 1739 μόνον
739 1670 1049 1740 δοξάζομεν,
1080 1671 1214 1724 ἀλλὰ
1230 1672 1323 1725 καὶ
1338 1675 1400 1726 ἐκ
1422 1672 1514 1726 τοῦ
1542 1673 1874 1744 Πνεύματος.

310 1762 418 1814 Καὶ
446 1761 680 1815 πειθέτω
709 1779 768 1815 σε
790 1764 822 1833 ἡ
848 1761 939 1815 τοῦ
968 1764 1311 1833 ἀρχαγγέλου
1342 1764 1492 1833 φωνὴ
1517 1765 1651 1837 πρὸς
1682 1765 1876 1837 Ἰωσὴφ

1985 594 2356 659 nerationem;
2409 595 2482 647 ita
2548 610 2672 650 cum
2736 597 2924 653 dicant
3003 615 3232 667 omnes,
3288 601 3551 672 Spiritum

1983 696 2106 736 esse
2161 696 2192 735 a
2260 681 2421 737 Patre
2484 686 2853 752 productum,
2922 689 3245 760 intelligitur
3304 710 3370 747 ex
3435 694 3554 749 solo

1986 770 2148 828 Patre
2204 772 2464 844 Spiritum
2522 791 2667 839 esse,
2720 779 3020 834 secundmn
3077 797 3196 836 eam
3243 800 3363 853 quae
3424 794 3553 839 ante

1983 865 2181 919 sacula
2212 875 2296 921 est
2323 868 2736 937 productionem
2788 888 2800 922 :
2853 871 2899 924 si
2933 873 3084 927 solus
3133 889 3199 927 ex
3242 876 3360 930 solo
3392 874 3554 932 Patre

1981 964 2066 1010 est
2097 956 2285 1022 Filius,
2321 959 2472 1012 solus
2528 975 2592 1014 ex
2631 960 2749 1013 solo
2781 962 2943 1016 Patre
2999 971 3084 1017 est
3140 961 3378 1034 Spiritus
3426 982 3554 1021 san-

1981 1055 2123 1103 ctus.
2162 1047 2318 1113 Quod
2361 1058 2569 1119 spectat
2606 1059 2787 1105 autem
2823 1057 3115 1109 secundum
3158 1044 3550 1126 profusionem,

1981 1141 2096 1194 sive
2122 1139 2609 1209 dispensationem,
2640 1158 2747 1209 qua
2781 1143 2944 1198 datur
2984 1147 3051 1200 iis
3081 1148 3173 1216 qui
3203 1148 3351 1218 digiti
3384 1158 3550 1217 sunt;

1978 1232 2121 1285 sicut
2142 1247 2207 1286 ex
2242 1231 2400 1287 Patre
2424 1242 2510 1287 est
2547 1232 2805 1302 Spiritus,
2844 1238 2917 1290 ita
2945 1248 2999 1293 et
3031 1255 3126 1308 per
3160 1236 3353 1294 Filium
3394 1250 3448 1295 et
3485 1259 3554 1297 ex

1979 1320 2137 1375 Filio.
2174 1321 2644 1388 Quemadmodum
2690 1334 2744 1379 et
2794 1335 3125 1395 postremam
3164 1328 3284 1384 Filii
3324 1347 3553 1400 genera-

1979 1412 2200 1475 tionem,
2229 1413 2350 1481 ejus
2380 1414 2592 1468 scilicet
2629 1414 2697 1469 ad
2726 1430 2826 1470 nos
2855 1418 3165 1482 adventum,
3199 1434 3307 1473 non
3338 1436 3401 1474 ex
3437 1420 3555 1476 solo

1977 1520 2100 1559 esse
2128 1504 2307 1568 Patre,
2345 1507 2439 1560 sed
2484 1507 2648 1560 etiam
2696 1523 2762 1560 ex
2797 1507 3003 1576 Spiritu
3053 1519 3244 1564 sancto
3274 1512 3555 1566 existima-

1977 1614 2119 1654 mus.
2155 1598 2396 1670 Ejusqne
2428 1600 2525 1654 tibi
2558 1600 2634 1656 rei
2673 1600 2833 1656 ﬁdem
2860 1602 3024 1657 faciat
3085 1606 3329 1675 angelica
3355 1623 3460 1662 vox
3485 1607 3562 1663 ad.

1975 1688 2268 1760 Josephum
2299 1694 2477 1747 virum
2521 1690 2705 1746 Mariae
2739 1693 2877 1748 facta
2911 1715 2924 1749 :
2965 1714 2983 1746 ι
3028 1693 3148 1749 Noli
3184 1697 3374 1752 timere
3403 1699 3553 1752 acci-

1975 1801 2102 1855 pere
2133 1786 2357 1840 Mariam
2387 1787 2673 1858 eonjugem
2722 1798 2871 1844 tuam
2907 1810 2919 1844 :
2951 1790 3096 1860 quod
3122 1791 3263 1845 enim
3286 1792 3341 1845 in
3370 1808 3432 1847 ea
3459 1807 3558 1847 na-

306 1851 535 1921 λὲγουσα
566 1854 659 1906 τὸν
691 1854 857 1927 ἄνδρα
885 1857 1102 1927 Μαρίας
1132 1856 1214 1919 16,
1249 1875 1267 1908 ι
1293 1857 1382 1927 Μὴ
1417 1858 1660 1929 φοϐηθῇς
1693 1875 1869 1931 παρα-

1976 1851 2085 1929 tum
2114 1883 2217 1939 est,
2248 1892 2313 1931 ex
2350 1851 2776 1946 Spiritu'sancto
2805 1886 2889 1933 est
2922 1851 2986 1931 ³δί
3014 1899 3034 1931 ι
3062 1879 3217 1946 Quod
3240 1881 3285 1935 si
3315 1881 3559 1937 ediscere

305 1943 487 1997 λαϐεῖν
540 1944 775 2017 Μαριάμ
814 1946 912 2017 τὴν
943 1949 1176 2015 γυναῖκά
1220 1965 1347 2001 σου·
1386 1949 1445 2001 τὸ
1477 1948 1587 2020 γὰρ
1630 1952 1686 2005 ὲν
1734 1952 1869 2021 αὐτῇ

305 2036 558 2109 γεννηθὲν
601 2040 665 2091 ὲκ
694 2038 1005 2109 Πνεῦματός
1038 2042 1185 2094 ἐστιν
1227 2040 1403 2110 ἁγίου.
1448 2061 1466 2092 ι
1499 2043 1561 2093 Εἰ
1605 2041 1661 2094 δὲ
1696 2041 1872 2111 βούλει

309 2130 526 2202 μαθεῖν,
558 2132 640 2183 ὅτι
693 2130 784 2183 καί
832 2147 975 2193 τινες
1024 2132 1089 2184 ὲκ
1136 2132 1241 2185 τῶν
1286 2132 1570 2203 ἡμετέρων
1625 2132 1871 2202 μεγάλων

304 2224 469 2291 ἁγίων
497 2225 842 2294 ἀπεφήναντο
861 2224 921 2275 16
944 2225 1006 2276 ἐκ
1034 2224 1196 2293 μόνου
1218 2224 1310 2275 τοῦ
1336 2223 1544 2294 Πατρός
1563 2224 1625 2276 τὸ
1650 2223 1872 2293 Πνεῦμα

303 2316 359 2368 16
394 2315 546 2383 ἅγιον
573 2314 989 2386 ἐκπορεύεσθαι,
1025 2315 1125 2384 ἤδη
1149 2315 1238 2368 τὸν
1265 2314 1438 2385 μέγαν
1470 2315 1569 2385 τῆς
1604 2315 1872 2386 ἡμετέρας

316 2404 640 2475 Ἐκκλησίας
674 2403 824 2473 ἥλιον
866 2403 1165 2473 Κύριλλον,
1210 2404 1241 2474 ἢ
1283 2403 1479 2473 μῶλον
1523 2406 1726 2464 εἰπεῖν,
1777 2402 1870 2456 τοῦ

303 2496 510 2565 κόσμου
538 2494 737 2556 παντὸς
760 2533 775 2555 ,
820 2494 954 2564 1:96;
985 2493 1143 2545 τοῦτο
1192 2493 1435 2563 λάμϐανε
1484 2496 1767 2565 μάρτυρα·
1813 2498 1870 2549 ὲν

303 2587 410 2657 γάρ
448 2585 526 2657 τῷ
553 2586 695 2654 Περὶ
728 2585 965 2654 Τρνάδος
1010 2586 1151 2656 λόγῳ
1196 2587 1360 2639 αὐτοῦ
1395 2581 1496 2640 ὧδέ
1534 2605 1652 2652 πως
1687 2590 1872 2660 σαφῶς

303 2683 563 2753 παριστᾷ.
597 2683 658 2734 'll
711 2681 983 2749 παναγία,
1016 2682 1167 2752 φησὶ,
1225 2682 1318 2734 καὶ
1347 2683 1516 2753 σεπτὴ
1542 2682 1730 2754 Τριάς,
1767 2684 1873 2755 πρὸ

302 2773 520 2826 πάντων
563 2771 771 2825 αἰώνων
808 2772 900 2825 καὶ
947 2774 1025 2835 είς
1079 2772 1164 2824 ἀεὶ
1208 2773 1559 2845 ὑπάρχουσα,
1608 2775 1873 2845 ἄχραντός

302 2867 417 2917 ἐστι
480 2866 575 2918 καὶ
607 2864 815 2929 ἀΐδιος,
866 2865 1174 2934 ἀσώματος,
1218 2866 1629 2938 ἀκατάληπτος,
1678 2867 1872 2938 ἀπερί-

300 2955 526 3026 ληπτος,
564 2956 931 3027 περιληπτικὴ
957 2955 1013 3008 δὲ
1040 2955 1149 3009 τῶν
1192 2957 1464 3022 ἁπάντων,
1502 2960 1596 3011 καὶ
1632 2976 1872 3031 συγκρα-

298 3045 467 3099 τοῦσα
506 3046 566 3099 16
615 3048 744 3108 πᾶν,
787 3045 985 3116 ἀγαθὴ,
1017 3046 1367 3116 προνοητικὴ,
1404 3047 1729 3118 δημιουργὸς
1762 3048 1870 3100 τῶν

300 3141 551 3194 ἁπάντων
574 3178 589 3203 ,
629 3138 840 3209 ὁρατῶν
872 3154 930 3190 τε
964 3139 1057 3190 καὶ
1096 3138 1339 3207 ἀοράτων
1361 3178 1374 3202 ,
1410 3139 1627 3209 ἀπαθὴς
1649 3178 1662 3201 ,
1708 3139 1872 3191 ἀναλ-

299 3231 540 3295 λοίωτος,
582 3232 869 3301 ἄτρεπτος,
911 3231 986 3301 νῷ
1033 3230 1334 3301 ἀνθρώπων
1378 3232 1471 3283 καί
1500 3232 1746 3300 ἀγγέλων
1775 3233 1868 3284 καὶ
1899 3206 1940 3262 C

300 3327 365 3395 τῇ
391 3327 586 3394 κτιστῇ
618 3324 775 3393 φύσει
819 3323 1199 3393 ἁκατάληπτος
1222 3341 1237 3354 ’
1272 3322 1556 3393 όμοούσιος
1593 3325 1649 3375 ὲν
1677 3325 1865 3395 ἑαυτῇ,

302 3414 665 3488 ἀκοινώνητος
697 3414 752 3467 δὲ
783 3415 901 3468 κατ’
946 3415 1129 3467 οὐσίαν
1162 3415 1311 3486 πάσῃ
1356 3415 1422 3484 τῇ
1464 3414 1636 3466 κτίσει
1658 3428 1673 3443 ⁸
1705 3431 1868 3482 γινω-

303 3508 539 3579 σκομένη
575 3508 731 3578 μόνον
755 3508 844 3576 ὑφ’
869 3506 1087 3577 ἑαυτῆς,
1120 3508 1211 3560 ὐπ’
1237 3508 1491 3577 οὐδεμιᾶς
1520 3506 1737 3575 φύσεως
1766 3506 1866 3576 τῆς

296 3601 351 3652 ὲν
384 3599 462 3669 τῷ
508 3600 700 3669 κόσμῳ
734 3598 906 3669 τούτῳ
936 3599 1028 3651 καὶ
1083 3600 1179 3669 τῆς
1215 3600 1353 3670 ὑπὲρ
1395 3600 1598 3669 κόσμον
1641 3598 1859 3652 τοῦτον·

297 3690 463 3763 μονὰς
514 3693 571 3745 ἐν
612 3692 789 3762 τρισὶν
845 3690 1240 3752 ὐποστάσεσιν,
1290 3691 1466 3744 εἴτουν
1511 3690 1861 3761 προσώποις,

298 3785 390 3837 καὶ
448 3782 620 3853 Τριὰς
653 3785 710 3836 ὲν
763 3782 949 3853 μονάδι
995 3781 1281 3853 θεότητος,
1327 3783 1445 3853 ἦτοι
1497 3784 1624 3853 μιᾶς
1675 3781 1864 3845 οὐσίας

295 3873 693 3943 γινωσκομένη.
714 3872 928 3943 Ταύτης
951 3873 1049 3942 τῆς
1077 3872 1238 3940 ἁγίας
1263 3872 1357 3925 καὶ
1384 3873 1584 3943 σεπτῆς
1616 3872 1861 3941 μονάδος,

296 3967 352 4018 αἱ
394 3965 772 4035 προσκυνηταὶ
821 3967 968 4035 τρεῖς
997 3965 1325 4028 ὑποστάσεις
1376 3965 1727 4032 γινώσκονται
1769 3964 1864 4017 καὶ

296 4056 669 4110 πιστεύονταιο
702 4059 759 4110 ὲν
794 4056 969 4127 Πατρὶ
999 4056 1217 4128 ἁνάρχῳ
1236 4096 1250 4116 .
1282 4057 1528 4126 ἀναιτίῳ,
1562 4057 1861 4127 ἁγεννήτῳ,

296 4149 447 4221 ἀϊδίῳ
470 4166 486 4181 ·
526 4150 622 4202 καὶ
666 4149 723 4200 ἐν
769 4147 882 4217 Υίῷ
914 4151 1190 4218 μονογενεῖ
1226 4148 1536 4219 γεννηθέντι
1583 4149 1859 4219 ἀρρήτως,

298 4241 392 4298 καὶ
422 4239 652 4303 ἀπαθῶς
672 4240 767 4293 καλ⁵
791 4240 1102 4310 ἀφράστως,
1127 4240 1236 4310 πρὸ
1259 4239 1475 4293 πάντων
1498 4238 1607 4291 τῶν
1630 4238 1859 4302 αἰώνων,

296 4334 361 4387 ἐκ
418 4334 517 4403 τῆς
570 4332 755 4395 οὐσίας
797 4332 965 4402 αὐτῆς
998 4331 1089 4385 τοῦ
1146 4332 1381 4403 Πατρός,
1432 4332 1526 4384 καὶ
1570 4331 1658 4384 διὰ
1706 4331 1863 4384 τοῦτο

294 4422 562 4493 όμοουσίῳ
588 4421 683 4475 καὶ
719 4422 818 4493 ῐσῳ
848 4421 926 4492 τῷ
958 4423 1153 4493 Πατρὶ,
1188 4423 1353 4493 χωρὶς
1376 4422 1474 4492 τῆς
1503 4421 1857 4493 πατρότητος,

1973 1968 2162 2035 cupias
2179 1967 2393 2036 aliquos
2410 1983 2474 2021 es
2496 1968 2710 2038 magnis
2728 1969 2869 2039 apud
2893 1985 2993 2025 nos
3011 1972 3237 2037 sanctis,
3258 1972 3560 2030 allirmasse

1972 2073 2037 2113 ex
2066 2058 2184 2112 solo
2217 2057 2379 2112 Patre
2412 2056 2678 2127 Spiritum
2703 2069 2954 2115 sanctum
2984 2063 3301 2131 procedere,
3324 2064 3435 2133 jam
3458 2066 3559 2121 tibi

1972 2164 2230 2218 magnum
2262 2149 2521 2205 Ecclesia:
2556 2160 2777 2214 nostrae,
2822 2152 2936 2206 imo
2968 2154 3137 2207 totius
3172 2155 3324 2210 orbis
3358 2157 3554 2222 sulem,

1971 2239 2234 2309 Cyrillum
2265 2240 2498 2309 hujusce
2520 2241 2598 2294 rei
2631 2243 2817 2311 accipe
2848 2250 3040 2297 testem
3076 2262 3090 2297 :
3121 2245 3174 2297 in
3199 2259 3300 2297 suo
3322 2259 3560 2316 namque

1975 2327 2048 2381 De
2081 2327 2341 2383 Trinitate
2371 2329 2510 2383 libro
2560 2336 2743 2397 aperte
2772 2329 2847 2381 ita
2877 2328 3137 2399 loquitur.
3171 2327 3551 2397 Sanctissima,

1972 2418 2168 2488 inquit,
2205 2427 2259 2474 et
2291 2418 2600 2473 veneranda
2632 2417 2895 2482 Trinitas,
2928 2436 3051 2489 quae
3080 2429 3207 2477 ante
3234 2424 3417 2476 omnia
3450 2439 3553 2479 sae-

1972 2509 2094 2563 cula
2139 2515 2224 2562 est
2253 2515 2306 2562 et
2335 2523 2550 2576 semper
2594 2506 2799 2571 futura,
2835 2507 3153 2578 incorrupta
3185 2518 3289 2572 est,
3313 2518 3547 2575 acterna,

1973 2602 2293 2670 incorporea
2311 2644 2325 2665 ,
2369 2590 2959 2670 incomprehensibilis
2974 2640 2989 2663 ,
3041 2601 3516 2672 incircumscripta
3533 2645 3549 2664 ,

1973 2694 2065 2750 sed
2095 2709 2215 2763 qua:
2245 2692 2626 2761 complectitur
2658 2690 2863 2753 omnia,
2909 2691 3336 2760 universumque
3375 2694 3552 2747 conti-

1974 2795 2066 2839 net
2103 2802 2117 2838 :
2144 2784 2308 2847 bona,
2342 2782 2588 2853 pr0vida,
2617 2782 2849 2836 creatrix
2880 2782 3146 2845 omnium,
3177 2782 3469 2836 visibilium
3494 2792 3551 2838 et

1974 2878 2354 2940 invisibilium,
2382 2875 2719 2944 impatibilis,
2772 2873 3145 2939 innnutabilis,
3182 2873 3544 2936 invariabilis,

1975 2969 2141 3026 menti
2174 2969 2457 3023 hominum
2488 2976 2541 3019 et
2574 2968 2911 3037 angelorum,
2970 2974 3277 3033 creataeque
3332 2973 3546 3021 natura

1976 3059 2562 3130 hcemprehensibilis,
2610 3059 2663 3111 in
2698 3059 2876 3127 seipsa
2907 3057 3415 3120 consubstantialis,
3462 3058 3550 3112 in-

1977 3151 2454 3207 communicabilis
2485 3148 2784 3203 secundum
2817 3149 3179 3203 substantiam
3209 3149 3357 3203 omni
3390 3163 3550 3202 creas

1974 3251 2108 3297 tura:
2135 3262 2147 3297 :
2178 3258 2350 3313 quaen
2383 3241 2560 3309 seipsa
2595 3243 2770 3295 solum
2821 3239 3191 3310 cognoscitur,
3239 3246 3293 3293 et
3324 3253 3355 3292 a
3388 3239 3540 3294 nulla

1972 3342 2166 3388 natura
2187 3350 2308 3404 qua:
2337 3338 2391 3387 in
2428 3335 2530 3387 hoc
2567 3332 2771 3387 mundo
2802 3331 2884 3385 vel
2918 3345 3080 3401 supra
3104 3330 3251 3384 hunc
3280 3329 3546 3383 mundum
3642 3376 3643 3379 η

1970 3427 2165 3482 fuerit:
2204 3427 2386 3483 unitas
2419 3426 2471 3479 in
2497 3425 2672 3479 tribus
2702 3424 3107 3496 liyposmsibus,
3143 3438 3239 3476 seu
3268 3421 3541 3490 personis,

1968 3526 2019 3572 et
2061 3517 2280 3569 trinitas
2315 3516 2369 3569 in
2411 3517 2617 3569 unitate
2650 3515 2891 3578 deitatis,
2922 3514 3035 3568 sive
3079 3512 3241 3566 unius
3277 3513 3539 3566 substan-

1967 3607 2055 3660 tia:
2087 3607 2326 3676 cognita.
2369 3604 2542 3673 Hujus
2582 3614 2786 3658 sanctae
2830 3611 2883 3657 et
2932 3601 3252 3656 venerandae
3282 3601 3537 3663 unitatis,

1936 3699 2255 3753 'atlorandae
2285 3708 2397 3752 tres
2437 3700 2760 3769 hypostases
2794 3702 3203 3766 cognoscuntur
3239 3704 3400 3762 atque
3423 3707 3544 3747 cre-

1966 3792 2170 3846 duntur
2197 3808 2210 3845 :
2236 3790 2289 3844 in
2318 3788 2478 3843 Patre
2507 3790 2597 3859 qui
2622 3796 2706 3841 est
2731 3787 2849 3842 sine
2877 3785 3164 3856 principio,
3200 3784 3321 3840 sine
3352 3796 3543 3850 causa,

1967 3882 2261 3950 ingenitus,
2295 3881 2656 3949 sempiternus
2690 3897 2705 3931 :
2732 3878 2785 3930 in
2815 3874 2952 3929 Filio
2978 3875 3256 3945 unigenito
3279 3892 3294 3940 ;
3320 3873 3544 3927 inenar-

1964 3970 2234 4034 rabiliter,
2276 3968 2701 4038 impassibiliter,
2730 3964 3076 4019 ineﬂabiliter
3108 3973 3235 4017 nato
3265 3972 3390 4018 ante
3424 3977 3543 4016 om-

1966 4061 2056 4116 nia
2110 4060 2333 4125 saecula,
2383 4075 2448 4114 ex
2478 4059 2596 4129 ipsa
2629 4057 2807 4114 Patris
2842 4055 3171 4118 substantia,
3222 4064 3386 4124 atque
3417 4052 3541 4109 ideo

1966 4152 2423 4207 consubstantiali
2446 4158 2501 4204 et
2532 4151 2726 4221 aequali
2749 4149 2918 4214 Patri,
2940 4154 3165 4217 excepta
3194 4145 3535 4215 paternitate,

1966 4243 2058 4313 qui
2108 4259 2208 4313 pro
2262 4260 2429 4298 causa
2483 4241 2699 4297 Patrem
2758 4241 2941 4302 habet,
2986 4236 3281 4309 generandi
3328 4236 3540 4291 scilicet

1965 4337 2129 4390 modo
2156 4354 2169 4390 :
2194 4344 2248 4391 et
2296 4336 2352 4390 in
2402 4335 2615 4405 Spirittr
2634 4344 2827 4390 sancto
2860 4343 2916 4389 et
2944 4331 3252 4387 viviﬁcante
3287 4331 3531 4393 adorato,

1965 4426 2290 4498 procedente
2323 4443 2386 4481 ex
2434 4426 2613 4489 Patre,
2662 4425 2712 4480 id
2758 4434 2845 4481 est
2875 4440 2942 4480 ex
2994 4423 3300 4479 substantia
3333 4422 3536 4488 Patris,

293 4514 467 4584 ἀρχὴν
499 4513 554 4566 δὲ
584 4514 679 4566 καὶ
725 4512 903 4566 αἰτίαν
944 4512 1034 4565 τὸν
1083 4513 1299 4583 Πατέρα
1352 4511 1527 4582 ἔχοντι
1564 4511 1854 4581 γεννητῶςο

1971 4534 2071 4571 non
2102 4519 2471 4584 generatione,
2494 4516 2949 4587 quemadmodum
2980 4513 3171 4580 Filius,
3203 4530 3270 4567 ne
3297 4513 3407 4567 duo
3427 4513 3538 4566 sint

290 4606 384 4657 καὶ
416 4606 474 4658 ὲν
524 4603 803 4675 Πνεῦματι
864 4603 1003 4673 ἁγίῳ
1058 4600 1305 4673 ζωοποιῷ
1363 4602 1855 4673 προσκυνουμένῳ,

288 4698 705 4768 ἐκπορευομένῳ
752 4698 816 4749 ὲκ
868 4694 960 4748 τοῦ
1014 4695 1261 4766 Πατρὸς,
1314 4696 1590 4747 τουτέστιν
1646 4697 1710 4748 ὲκ
1758 4694 1860 4764 τῆς

287 4788 475 4852 οὐσίας
503 4788 597 4841 τοῦ
656 4787 886 4857 Πατρός.
931 4788 1004 4839 Οὐ
1042 4786 1315 4856 γεννητῶς
1361 4786 1610 4857 καθάπερ
1640 4788 1668 4839 6
1706 4786 1854 4852 Υἱὸς,

287 4879 374 4933 ἵνα
398 4880 474 4950 μὴ
489 4879 580 4932 δύο
596 4878 717 4931 Υἱοὶ
732 4880 791 4930 ὲν
804 4880 868 4948 τῇ
887 4877 1096 4948 Τριάδι·
1132 4876 1244 4929 ἀλλ’
1264 4879 1459 4947 ὲκπορε
1468 4878 1702 4947 υομένῳ,
1723 4877 1859 4930 καθ-

289 4973 431 5043 άπερ
456 4974 689 5043 εἴρηται,
725 4972 789 5023 ἐκ
821 4971 981 5041 μόνου
1020 4968 1111 5023 τοῦ
1158 4969 1390 5041 Πατρὺς,
1417 4972 1509 5023 καὶ
1528 4970 1636 5025 ἀπὸ
1658 4971 1860 5042 στόμα-

283 5083 375 5128 τος
398 5083 410 5095 ·
450 5065 712 5135 πεφηνότι
749 5063 807 5115 δὲ
862 5063 929 5115 δι’
963 5061 1126 5127 Υἱοῦ,
1171 5063 1267 5115 καὶ
1320 5062 1611 5133 λαλήσαντι
1660 5065 1717 5115 ὲν
1745 5066 1858 5125 τοῖς

282 5157 458 5224 ἁγίοις
502 5156 809 5225 προφήταις
852 5152 946 5204 καὶ¹
999 5153 1332 5216 ἀποστόλοις.
1368 5152 1543 5222 Πλὴν,
1573 5153 1650 5215 ὼς
1681 5149 1855 5211 εἷπον.

1964 4607 2088 4662 Filii
2117 4610 2173 4663 in
2212 4607 2518 4675 Trinitate;
2550 4608 2643 4664 sed
2694 4608 3044 4678 procedente,
3078 4609 3157 4661 uti
3190 4607 3396 4660 dictum
3429 4614 3537 4672 est,

1968 4716 2033 4757 ex
2066 4701 2185 4757 solo
2236 4698 2418 4763 Patre,
2461 4710 2623 4769 atque
2653 4715 2715 4752 ex
2747 4714 2863 4753 ore.
2911 4698 3171 4767 Apparuit
3227 4704 3405 4750 autem
3442 4708 3538 4762 per

1966 4794 2186 4858 Filium,
2225 4794 2549 4861 locutusque
2586 4800 2670 4848 est
2692 4792 2747 4845 in
2782 4793 2990 4846 sanctis
3022 4790 3300 4860 prophetis
3329 4795 3382 4842 et
3407 4800 3541 4855 apo-

1967 4887 2142 4941 stolis.
2185 4884 2477 4944 Czetcrnm,
2520 4891 2579 4936 nt
2633 4883 2768 4944 dixi,
2825 4882 2917 4951 qui
2974 4891 3059 4936 est
3110 4896 3177 4935 ex
3227 4880 3537 4934 substantia

1968 4976 2142 5045 ipsius
2173 4972 2352 5027 Patris
2377 4981 2430 5027 et
2462 4971 2608 5035 Filii,
2640 4968 3232 5035 consubstantialisque
3264 4973 3349 5019 est
3386 4964 3539 5019 Patri

1962 5075 2015 5119 et
2047 5064 2204 5118 Filio.
2227 5062 2763 5118 lncommunicabilis
2793 5070 2973 5115 autem
2996 5069 3100 5117 est,
3133 5060 3274 5113 sicut
3297 5056 3458 5110 Pater
3483 5064 3539 5110 et

1962 5155 2153 5221 F.Iius,
2186 5157 2334 5209 omni
2366 5163 2653 5220 creaturae,
2680 5155 2835 5223 juxta
2863 5152 3182 5208 substantiae
3209 5150 3500 5205 rationem.

284 5249 387 5319 τῆς
449 5247 638 5310 οὐσίας
669 5245 834 5299 αὐτοῦ
884 5244 976 5298 τοῦ
1038 5246 1251 5316 Πατρὸς
1300 5246 1393 5298 καὶ
1433 5245 1523 5298 τοῦ
1588 5245 1717 5299 Υἱοῦ
1762 5249 2091 5319 ὑπάρχοντι,
2151 5250 2245 5300 καὶ
2286 5248 2347 5301 16
2395 5246 2677 5317 ὀμοούσιον
2741 5247 2915 5314 ἔχοντι
2966 5242 3103 5313 πρὸς
3150 5241 3372 5309 Πατέρα
3443 5235 3543 5290 καὶ

283 5342 431 5396 Υίόν.
471 5338 859 5409 Ἀκοινώνητον
887 5339 1058 5391 δὲκαὶ
1094 5340 1225 5392 αὐτό
1264 5340 1435 5404 ἐστιν,
1473 5339 1661 5412 ὥσπερ
1688 5344 1784 5397 καὶ
1824 5345 1852 5395 ὁ
1886 5344 2073 5415 Πατὴρ
2135 5343 2230 5396 καὶ
2283 5344 2312 5394 6
2349 5342 2476 5403 Υἱὸς
2534 5340 2670 5409 πρὸς
2703 5340 2886 5390 πᾶσαν
2927 5335 3025 5405 τὴν
3057 5334 3232 5387 κτίσιν
3274 5328 3417 5383 κατὰ
3446 5327 3541 5390 τὸν

280 5437 377 5506 τῆς
402 5435 460 5488 οὐ
471 5435 587 5496 σίας
610 5432 787 5501 λόγον.

348 5528 402 5581 2.
438 5529 599 5599 Ὁρᾷς
630 5527 748 5590 πῶς
786 5529 851 5580 ἐκ
883 5528 1040 5599 μόνου
1074 5527 1165 5580 τοῦ
1208 5528 1418 5597 Πατρδς
1454 5528 1514 5579 16
1542 5529 1764 5599 Πνεῦμα
1790 5529 1851 5581 16

282 5617 433 5687 ἆγιον
477 5622 619 5674 κατὰ
643 5620 737 5671 τὸν
787 5619 939 5687 ἆγιον
978 5620 1264 5690 Κύριλλον,
1291 5620 1322 5689 ἢ
1359 5619 1554 5689 μᾶλλον
1586 5620 1726 5674 κατά
1753 5621 1852 5674 πᾶ-

283 5721 381 5758 σαν
408 5706 506 5776 τὴν
554 5704 708 5759 θείαν
759 5706 997 5777 Γραιρήν.
1056 5708 1163 5760 Καὶ
1200 5708 1271 5778 μή
1312 5725 1399 5776 μοι
1441 5706 1500 5759 16
1546 5707 1653 5760 ἀπὸ
1697 5709 1850 5763 τοῦδε

355 5861 398 5894 ιδ
430 5860 621 5916 Matth.
656 5877 695 5929 ι,
719 5862 810 5916 ίὶθ.

2025 5526 2082 5581 '2.
2116 5523 2307 5579 Viden’
2338 5519 2486 5592 quod
2544 5534 2609 5573 ex
2649 5516 2765 5574 solo
2811 5516 2974 5571 Patre
3014 5516 3084 5570 sit
3130 5513 3371 5586 Spiritus
3411 5531 3539 5570 san-

1957 5626 2079 5673 ctus
2133 5616 2288 5684 juxta
2338 5618 2587 5668 sanctum
2645 5609 2945 5680 Cyrillum;
3001 5608 3110 5661 imo
3162 5606 3318 5676 juxta
3365 5615 3537 5660 totam

1961 5708 2303 5779 Scripturam
2336 5717 2569 5761 sacram.
2615 5700 2680 5755 Et
2713 5716 2783 5756 ne
2812 5700 2935 5772 quis
2974 5698 3110 5753 mihi
3147 5701 3295 5757 ultra
3340 5697 3543 5771 frigida
