4050 6396
467 346 574 400 827
682 367 713 395 ο

1565 346 1623 403 S.
1660 343 2125 401 ATHANASIUS.
2162 373 2232 384 —
2260 340 2530 401 SPURIA.

3622 338 3727 395 8‘28

468 462 563 517 illa
618 463 857 532 proferat
919 465 1104 532 verba,
1165 471 1259 519 aut
1313 465 1575 527 voculas,
1633 463 1781 535 quod
1842 463 2024 519 scilice

2125 510 2128 522 _
2156 459 2361 529 λεγέτω
2389 477 2474 524 τις
2500 457 2571 512 τὰ
2592 456 2775 531 ψυχρὰ
2806 458 2988 513 ἐκεῖνα
3014 459 3255 531 ῥήματα,
3278 456 3317 530 ἢ
3342 454 3622 528 λογύδρια,
3645 456 3725 508 ὅτι

467 555 715 620 praeclari
764 557 837 609 illi
890 557 990 609 viri
1034 555 1367 610 Athanasius
1410 566 1465 611 et
1516 554 1777 627 Cyrillus,
1826 570 2043 626 unaque

466 643 510 697 ϐ
544 646 760 713 egorius
804 644 1104 717 Nysseuus,
1155 645 1450 701 additionis
1510 646 1566 700 in
1625 661 1794 701 causa
1866 644 2038 701 fuere.

463 737 798 792 Athanasius
850 738 1050 806 quippe
1113 737 1187 791 ita
1248 738 1325 790 ait
1371 756 1385 792 :
1452 735 1692 806 Spiritus
1748 752 1815 791 ex
1860 735 2041 801 Patre,

464 829 655 897 (aiunt
704 828 1040 896 adversarii)
1073 834 1126 882 et
1155 843 1184 880 a
1208 826 1406 889 Verbo,
1441 827 1589 896 quod
1621 835 1705 882 est
1756 845 1823 882 ex
1878 827 2042 883 Patre

460 920 726 990 procedit.
773 919 1053 991 Nyssenus
1093 928 1275 976 autem
1321 927 1609 990 postquam
1652 921 1810 987 dixit,
1844 920 2040 976 Filium

458 1028 582 1066 esse
642 1012 988 1082 peculiariter
1042 1029 1107 1067 ex
1167 1014 1385 1083 primo,
1441 1013 1495 1067 id
1558 1022 1643 1069 est
1719 1029 1787 1070 ex
1857 1013 2039 1078 Patre,

460 1104 715 1173 deinceps
768 1103 844 1157 ait
896 1123 909 1158 :
949 1103 1189 1173 Spiritus
1240 1120 1336 1173 per
1375 1120 1501 1159 eum
1537 1106 1629 1175 qni
1664 1113 1749 1159 est
1798 1106 2042 1175 peculia-

456 1192 591 1247 riter
613 1208 678 1247 ex
707 1192 904 1262 primo.
935 1191 1389 1262 Sapientissimus
1424 1210 1554 1250 vero
1578 1193 1821 1263 Cyrillus
1853 1204 2042 1263 aperte

456 1284 615 1349 dixit,
654 1301 722 1340 ex
759 1285 1048 1348 ambohus,
1082 1284 1242 1341 Patre
1283 1302 1478 1357 nempe
1500 1296 1554 1342 et
1581 1286 1738 1349 Filio.
1776 1286 2037 1357 Spiritum

457 1391 583 1432 esse
615 1384 890 1439 sanctum.
928 1374 1055 1431 Haec
1077 1385 1206 1431 sunt
1232 1387 1551 1446 argumenta
1588 1387 1877 1432 auctorum
1910 1394 2038 1448 por-

455 1477 684 1523 tentosa:
735 1468 885 1523 illius
920 1476 1085 1538 atque
1131 1485 1311 1538 prava:
1363 1470 1680 1524 additionis.
1735 1469 1846 1540 Ego
1878 1485 2032 1535 vero,

456 1559 685 1631 ignarus
729 1559 881 1623 licet,
910 1578 930 1611 ι
963 1575 1179 1614 omnem
1217 1577 1441 1616 sensum
1498 1562 1778 1630 captivans
1812 1561 1867 1614 in
1902 1562 2036 1616 obe-

455 1651 713 1705 dientiam
743 1652 969 1716 Christi,
1002 1671 1020 1703 ι
1057 1652 1158 1706 hac
1183 1654 1393 1709 ratione
1421 1655 1539 1707 loca
1568 1654 1657 1707 illa
1692 1656 1921 1723 explico.
1958 1654 2035 1710 Ea

455 1743 723 1797 sententia
759 1741 1089 1797 Athanasius
1137 1746 1235 1808 ait,
1287 1726 1549 1812 Spiritum
1594 1760 1661 1798 et
1699 1744 1857 1799 Patre
1887 1761 2029 1808 esse.

455 1842 511 1888 et
541 1849 570 1887 a
598 1831 777 1888 Verbo
803 1833 948 1903 quod
974 1850 1038 1890 ex
1064 1834 1223 1889 Patre
1252 1836 1500 1904 procedit
1555 1835 2028 1902 Quemadmodum
2063 1813 2106 1867 B

454 1941 523 1981 ex
576 1928 695 1997 ipso
746 1939 1015 1982 consterno
1073 1926 1279 1983 Patre:
1316 1929 1459 1983 sicut
1507 1937 1561 1984 et
1612 1928 1847 1986 Verbum
1906 1933 2031 1986 mit-

453 2017 591 2071 titur
618 2018 886 2087 daturque
922 2019 1171 2074 lidelibus
1220 2035 1250 2072 a
1304 2019 1532 2089 Spiritu,
1583 2023 1774 2080 eadem
1819 2027 2030 2084 ratione

452 2123 562 2177 qua
605 2108 674 2162 ab
731 2110 849 2178 ipso
898 2108 1075 2164 Patre.
1110 2109 1503 2167 Testimonium
1547 2116 1732 2185 accipe
1791 2117 1859 2170 ah
1910 2119 2030 2188 ipso

452 2196 632 2252 Verbo
655 2208 819 2269 atque
851 2198 1010 2262 Filio,
1045 2201 1224 2256 aiente
1252 2221 1265 2257 :
1301 2221 1319 2254 t
1353 2202 1590 2274 Spiritus
1611 2205 1821 2262 Domini
1866 2225 2032 2279 super

448 2290 606 2360 301
624 2306 729 2352 me,
752 2306 817 2345 eo
840 2292 985 2360 quod
1011 2294 1227 2347 unxerit
1249 2310 1355 2351 me.
1377 2295 1759 2367 Evangelizare
1777 2302 2029 2371 pauperi-

448 2380 553 2437 bus
582 2382 730 2436 misit
755 2384 922 2438 me".
957 2404 976 2436 ι
1015 2383 1250 2441 Sanctus
1278 2403 1409 2455 ergo
1441 2386 1678 2458 Spiritus
1708 2389 1902 2446 Filium
1928 2410 2030 2448 un-

448 2474 532 2529 xit
559 2483 723 2544 atque
753 2475 941 2542 misit;
985 2477 1080 2532 scd
1118 2479 1283 2533 etiam
1316 2478 1481 2534 Pater
1509 2496 1573 2536 ex
1614 2482 1883 2538 amholms
1935 2484 2027 2540 Fi-

450 2563 527 2619 lio
565 2566 776 2620 scilicet
809 2573 864 2620 et
895 2566 1099 2637 Spiritu
1135 2570 1389 2625 mittitur.
1432 2568 1547 2636 Qua
1600 2572 1814 2627 ratione
1862 2590 2026 2644 porro

448 2654 506 2709 id
546 2654 660 2722 ﬂat,
697 2654 911 2710 Patrem
946 2659 1070 2712 audi
1106 2675 1201 2728 per
1230 2658 1424 2713 Isaiam
1467 2662 1785 2730 pr0pbetam
1831 2664 1907 2718 ita
1944 2666 2023 2719 lo-

446 2754 704 2816 queutem
749 2764 763 2801 :
806 2764 826 2797 ι
850 2747 987 2802 Audi
1024 2763 1146 2810 me,
1194 2748 1362 2804 Jacob
1400 2760 1452 2805 et
1483 2751 1671 2817 Israel,
1702 2768 1864 2823 quem
1923 2771 2025 2826 ego

450 2850 589 2890 voco
625 2854 639 2890 :
677 2835 791 2907 Ego
828 2835 970 2893 Deus
989 2839 1217 2907 primus,
1250 2847 1303 2892 et
1324 2856 1424 2908 ego
1454 2850 1576 2910 post
1607 2844 1720 2897 haec
1754 2862 1768 2898 :
1800 2853 1856 2899 et
1884 2861 2025 2916 prtu-

445 2937 530 2984 ter
567 2945 651 2984 me
691 2945 797 2983 non
835 2941 917 2985 est
949 2930 1110 2986 Deus.
1154 2932 1266 3002 Ego
1297 2948 1461 2987 manu
1497 2949 1616 2988 mea
1656 2934 1880 2991 fundavi
1912 2946 2023 2995 ter-

445 3034 587 3081 ram,
625 3030 678 3072 et
714 3017 951 3089 Spiritus
989 3034 1143 3075 meus
1177 3019 1409 3074 ﬁrmavit
1449 3023 1667 3076 caelum.
1713 3022 1824 3094 Ego
1846 3028 2023 3081 omni-

444 3108 566 3164 bus
619 3109 785 3162 astris
840 3110 1105 3179 praecepi.

442 3200 609 3256 me“.
644 3217 662 3253 ι
707 3198 869 3254 Pater
905 3200 1069 3270 igitur
1104 3210 1189 3257 est
1226 3202 1321 3272 qui
1362 3203 1464 3257 hoc
1499 3203 1620 3258 loco
1654 3204 1829 3260 dicit:
1871 3225 1891 3258 ι
1922 3206 2023 3263 Mi-

443 3291 515 3346 sit
554 3306 659 3347 me.
685 3311 705 3343 ι
729 3290 915 3346 Viden’
937 3294 1300 3363 aequalitatem
1336 3295 1498 3348 trittm
1539 3311 1895 3365 personarum
1926 3316 2022 3355 ex-

440 3383 764 3439 celsissitna:
800 3384 1064 3441 deitatis?
1119 3385 1254 3440 Cum
1299 3386 1540 3456 Spiritus
1579 3397 1807 3445 sanctus
1854 3393 2022 3447 mitti-

442 3481 533 3528 tur
569 3490 600 3528 a
638 3473 886 3539 duobus,
942 3485 999 3529 ut
1045 3476 1535 3532 consubstantialis
1576 3481 1811 3534 mittitur
1846 3481 1996 3537 Patri

441 3573 607 3637 atque
640 3566 799 3623 Filio.
862 3567 996 3622 Cum
1032 3577 1214 3623 autem
1250 3568 1422 3624 Filius
1453 3585 1519 3624 ex
1552 3570 1748 3636 Patre,
1784 3582 1844 3627 ut
1887 3590 2020 3629 con-

443 3659 823 3713 substantialis
891 3660 1053 3713 etiam
1106 3658 1358 3729 Spiritui.
1421 3659 1556 3715 Cum
1624 3676 1805 3718 autem
1856 3663 2055 3720 Pater‘

436 3765 503 3806 ex
537 3749 675 3805 Filio
711 3761 765 3806 et
805 3750 1054 3822 Spiritu,
1114 3754 1269 3821 quasi
1309 3753 1818 3811 consubstantialis.
1878 3757 2013 3811 Cum

435 3843 574 3897 dixit
612 3845 796 3914 itaque
823 3860 1057 3914 magnus
1095 3845 1452 3912 Athanasius,
1489 3848 1725 3918 Spiritus
1759 3865 1824 3904 ex
1857 3848 2015 3905 Patre

434 3936 760 4005 procedens,
823 3937 1121 3992 declaravit
1176 3939 1448 3993 undenam
1523 3940 1763 4011 Spiritus
1817 3942 2015 3996 habeat

439 4028 888 4092 subsistentiam,
925 4029 1138 4083 scilicet
1177 4046 1242 4084 ex
1279 4032 1397 4084 solo
1428 4029 1610 4086 Patre.
1652 4032 1789 4086 Cum
1830 4044 2010 4088 autem

436 4119 514 4171 ait
545 4134 765 4172 rursum
803 4138 815 4172 :
854 4118 949 4172 lta‘
974 4128 1058 4174 est
1094 4119 1336 4190 Spiritus
1365 4139 1433 4178 ex
1472 4120 1671 4190 Patre,
1722 4134 1779 4179 ut
1818 4135 1903 4181 est
1946 4143 2011 4182 ex

433 4205 573 4260 Filio
600 4207 693 4276 qui
726 4214 809 4261 est
857 4223 922 4263 ex
955 4208 1151 4275 Patre;
1204 4213 1566 4281 aequalitatem
1607 4211 1787 4269 Patris
1838 4225 1891 4270 ct
1920 4215 2012 4270 Fi-

433 4298 493 4353 lii
523 4301 991 4364 cmmnonstravit,
1022 4308 1081 4353 ut
1116 4301 1215 4354 hac
1246 4302 1298 4355 in
1331 4318 1388 4356 re
1417 4301 1777 4357 confunderet
1803 4305 2012 4375 impiis-

432 4390 633 4444 simum
679 4389 891 4455 Arium,
940 4392 1032 4461 qui
1072 4390 1269 4446 Filium
1324 4400 1633 4447 creaturam
1689 4409 1811 4449 esse
1855 4396 2006 4462 dicit,

1204 3109 1270 3163 Et
1337 3126 1480 3165 nunc
1539 3112 1804 3171 Dominus
1869 3117 2088 3196 misitc

2165 554 2482 619 Ἀθανάσιος
2514 553 2609 608 καὶ
2655 551 2923 624 Κύριλλος
2948 553 2998 606 οἱ
3031 552 3286 623 ἀοίδιμοι,
3320 549 3457 622 πρὸς
3483 548 3540 601 δὲ
3570 546 3666 601 καὶ
3697 547 3726 601 6

2142 646 2441 699 Νυσσαέων
2503 644 2799 716 Γρηγόριος
2823 682 2837 707 ,
2906 644 3005 715 τῆς
3067 643 3382 717 προσθήκης
3439 642 3724 711 γεγόνασιν

2141 738 2323 791 αἴτιοι.
2352 737 2409 790 '0
2442 737 2539 807 μὲν
2558 736 2665 807 γὰρ
2691 734 3008 800 Ἀθανάσιος
3027 735 3199 799 οὕτως
3226 735 3387 807 φησί’
3412 734 3487 787 Τὸ
3501 731 3724 803 Πνεῦμα

2142 832 2206 883 ὲκ
2239 829 2332 884 τοῦ
2356 828 2565 900 Πατρὸς
2597 830 2645 881 οί
2678 827 2948 882 ἀντίθετοι
2988 828 3239 896 λέγουσι,
3296 826 3391 880 καὶ
3433 824 3585 897 παρὰ
3625 822 3721 877 τοῦ

2139 922 2335 989 Λόγου,
2360 919 2451 974 τοῦ
2473 922 2536 973 ὲκ
2558 920 2788 991 Πατρὸς,
2813 920 3269 992 ἐκπορευόμενονσ
3315 921 3344 973 6
3380 917 3436 971 δὲ
3475 915 3718 986 Νύσσης,

2142 1011 2309 1066 εἰπὼν
2339 1012 2430 1066 τὸν
2459 1013 2586 1066 Υἱδν
2612 1010 2748 1067 εἶναι
2781 1012 3063 1084 προσεχώς
3090 1012 3154 1064 ὲκ
3181 1010 3274 1063 τοῦ
3297 1009 3537 1083 πρώτου,
3565 1026 3720 1062 τουτ-

2146 1103 2264 1157 έστι
2308 1102 2404 1156 τοῦ
2454 1104 2686 1176 Πατρδς,
2759 1104 2887 1174 έξῆς
2933 1104 3111 1174 λέγει·
3142 1104 3215 1157 Τὸ
3241 1102 3463 1172 Πνεῦμα
3508 1101 3599 1155 διὰ
3625 1099 3717 1155 τοῦ

2140 1192 2421 1263 προσεχῶς
2461 1195 2525 1247 ἐκ
2566 1194 2659 1247 τοῦ
2695 1193 2941 1266 πρώτου·
2973 1196 3002 1248 6
3042 1194 3098 1247 δέ
3136 1211 3199 1263 γε
3252 1191 3563 1261 σοφώτατος
3605 1190 3719 1245 Κύ-

2141 1283 2317 1355 ριλλος
2349 1285 2662 1354 προφανῶς,
2695 1285 2879 1356 φησὶν,
2916 1285 3138 1357 εἴρηκεν
3173 1283 3232 1349 ἐξ
3263 1285 3464 1354 ἀμφοῖν
3505 1282 3717 1352 Πατρδς

2138 1377 2233 1430 καὶ
2296 1376 2426 1431 Υἱοῦ
2490 1376 2551 1430 τδ
2603 1377 2826 1448 Πνεῦμα
2873 1377 2933 1430 τὸ
2979 1376 3154 1445 ἆγιον.
3219 1376 3402 1429 Ταῦτα
3464 1375 3573 1428 τῶν
3620 1375 3717 1446 τῆς

2139 1456 2344 1537 σαθρᾶς
2406 1466 2722 1539 προσθήκης
2780 1466 3159 1540 τερατουργῶν
3208 1466 3279 1520 τὰ
3330 1465 3713 1538 προϐλήματα.

2141 1558 2356 1627 Ἔγωγε
2405 1559 2450 1612 δ’
2500 1579 2519 1611 t
2567 1561 2712 1614 ἅπαν
2766 1560 2963 1632 νόημα,
3009 1579 3028 1612 ι
3083 1561 3284 1631 καίπερ
3336 1559 3412 1613 ὣν
3460 1558 3712 1630 ἀμαθὴς,

2140 1670 2159 1701 ι
2191 1650 2608 1721 αἰχμαλωτίζων
2633 1654 2713 1716 είς
2750 1650 2846 1721 τὴν
2869 1652 3115 1722 ὑπακοὴν
3145 1651 3238 1704 τοῦ
3266 1649 3523 1722 Χριστοῦ,
3558 1669 3577 1702 ι
3612 1642 3714 1704 ὧδέ

2137 1757 2254 1804 πως
2287 1740 2459 1796 ταῦτα
2502 1743 2769 1811 διασαφῶ.
2800 1742 2987 1808 Οὕτως
3013 1743 3074 1796 τὺ
3104 1741 3329 1812 Πνεῦμα
3366 1742 3430 1795 ὲκ
3476 1740 3571 1795 τοῦ
3602 1742 3715 1796 Πα-

2132 1834 2261 1905 τρός
2291 1852 2456 1907 φησιν
2491 1834 2826 1899 Ἀθανάσιος,
2858 1833 2949 1888 καὶ
2979 1832 3128 1904 παρὰ
3163 1832 3258 1886 τοῦ
3296 1832 3490 1901 Λόγου,
3520 1831 3614 1885 τοῦ
3649 1834 3713 1887 ἐκ

2133 1928 2368 2000 Πατρὸς,
2421 1927 2888 2000 ἐκπορευόμενον,
2936 1925 3125 1997 ὥσπερ
3165 1924 3263 1979 καὶ
3317 1923 3378 1990 ἐξ
3419 1924 3586 1978 αὑτοῦ
3617 1922 3712 1978 τοῦ

2134 2020 2406 2073 συναῖδίου
2470 2019 2703 2091 Πατρὸς,
2752 2017 2895 2071 καθὰ
2944 2018 3039 2071 καὶ
3085 2019 3114 2070 6
3161 2015 3289 2080 Υἱὸς
3339 2014 3512 2079 οὕτως
3573 2016 3710 2070 ἀποο

2132 2112 2406 2166 στέλλεται
2462 2110 2621 2183 (20),
2664 2111 2758 2164 καὶ
2827 2110 3027 2164 δίδοται
3096 2108 3247 2179 παρὰ
3295 2107 3390 2162 τοῦ
3451 2105 3708 2178 Πνεῦμα-

2128 2217 2220 2265 τος
2266 2204 2376 2265 τοῖς
2439 2203 2668 2263 πιστοῖς,
2715 2200 2791 2263 ὡς
2844 2199 2937 2251 καὶ
2987 2198 3047 2264 ἐξ
3102 2196 3265 2253 αὐτοῦ
3316 2196 3409 2251 τοῦ
3456 2197 3704 2269 Πατρός·

2128 2293 2224 2346 καὶ
2271 2293 2371 2363 τὴν
2434 2292 2742 2363 μαρτυρίαν
2792 2290 2885 2344 ἀπ’
2939 2288 3102 2343 αὐτοῦ
3165 2288 3408 2354 λάμϐανε
3455 2287 3549 2341 τοῦ
3607 2288 3709 2341 Λό-

2127 2401 2225 2452 γου
2299 2383 2394 2437 καὶ
2434 2382 2565 2436 Υίοῦ
2586 2423 2601 2445 ,
2636 2402 2654 2433 ι
2679 2382 2906 2454 Πνεῦμα
2948 2383 3176 2454 Κυρίου,
3208 2403 3227 2434 ι
3278 2383 3548 2452 λέγοντος,
3576 2402 3595 2436 ι
3620 2383 3705 2436 ἐπ’

2126 2475 2246 2545 ἐμὲ,
2277 2470 2338 2529 οῦ
2383 2475 2587 2529 εἵνεκεν
2617 2474 2798 2545 ἐχρισέ
2828 2492 2917 2545 με.
2974 2474 3440 2543 Εὑαγγελίσασθαι
3471 2477 3706 2544 πτωχοῖς

2125 2565 2434 2619 ἀπέσταλκε
2454 2584 2541 2636 με.
2557 2586 2574 2617 ›
2605 2566 2746 2639 Ἀρα
2768 2566 2828 2619 τὸ
2851 2565 3074 2638 Πνεῦμα
3106 2566 3202 2619 καὶ
3230 2566 3413 2638 ἔχρισε
3439 2566 3531 2621 τὸν
3554 2566 3705 2630 Υἱδν,

2125 2658 2220 2710 καὶ
2251 2657 2590 2710 ἀπέσταλκεν
2616 2673 2628 2686 ·
2679 2656 2815 2710 ἀλλὰ
2847 2658 2942 2711 καὶ
2966 2659 2995 2711 6
3029 2656 3219 2728 Πατὴρ
3249 2655 3309 2722 ἐξ
3346 2659 3550 2727 ἀμφοῖν
3574 2656 3701 2712 Υἱοῦ

2125 2748 2220 2800 καὶ
2244 2747 2382 2800 Πνεύ
2391 2764 2558 2817 ματος
2583 2747 2992 2803 ἀποστέλλεται.
3028 2747 3216 2812 Ὅπως
3247 2748 3304 2802 δὲ
3323 2747 3504 2813 τοῦτο,
3539 2747 3701 2803 αὐτοῦ

2124 2836 2218 2891 τοῦ
2259 2839 2470 2909 Πατρὸς
2503 2837 2645 2891 οὕτω
2677 2837 2766 2892 διὰ
2815 2840 3037 2893 Ἡσαΐου
3082 2838 3176 2892 τοῦ
3209 2840 3489 2910 προφήτου
3521 2838 3704 2908 λέγον-

2122 2943 2214 2991 τος
2247 2927 2478 2982 ἄκουσον
2498 2945 2511 2960 ο
2582 2947 2600 2979 ι
2618 2928 2815 2983 Ἀκουέ
2844 2947 2967 3001 μου,
3012 2928 3204 2985 Ἰακὼὸ
3235 2931 3328 2984 καὶ
3357 2931 3617 3002 Ἰσραὴλ,
3644 2931 3701 2985 ὃν

2122 3019 2234 3089 ἐγὼ
2260 3020 2439 3074 καλῶ·
2485 3020 2625 3089 Ἐγὼ
2652 3021 2785 3085 Θεὸς
2809 3022 3025 3094 πρῶτος
3043 3062 3058 3082 ,
3092 3021 3202 3090 ἐγὼ
3222 3023 3315 3076 καὶ
3343 3023 3481 3094 μετά
3498 3021 3697 3076 ταῦτα·

2122 3112 2218 3166 καὶ
2242 3113 2383 3183 πλὴν
2411 3112 2546 3184 ἐμοῦ
2581 3113 2701 3177 Θεὸς
2725 3115 2825 3167 οὑκ
2840 3113 3004 3167 ἔστιν.
3027 3112 3170 3183 Ἐγὼ
3199 3112 3341 3187 χειρί
3377 3130 3477 3185 μου
3512 3114 3702 3185 ὲθεμεο

2124 3202 2295 3257 λίωσα
2338 3207 2436 3276 τὴν
2480 3204 2605 3273 γῆν,
2646 3205 2741 3257 καὶ
2784 3203 2846 3257 τὸ
2874 3203 3099 3274 Πνεῦμά
3141 3222 3240 3277 μου
3281 3206 3582 3277 ἐστερέωσε
3610 3203 3699 3259 τὸν

2122 3293 2371 3364 οὐρανόν.
2421 3292 2565 3362 Ἐγὼ
2605 3295 2737 3346 πᾶσι
2770 3297 2879 3358 τοῖς
2920 3296 3140 3366 ἄστροις
3167 3294 3540 3365 ἐνετειλάμην.
3593 3295 3698 3349 Καὶ

2122 3384 2219 3438 νῦν
2251 3384 2455 3457 Κύριος
2477 3385 2787 3439 ἀπέσταλκέ
2818 3403 2905 3456 με.
2935 3406 2954 3437 ι
2998 3387 3144 3457 Ἀρα
3163 3388 3191 3440 6
3219 3387 3412 3458 Πατήρ
3443 3388 3591 3440 ἐστιν
3617 3388 3700 3440 ὲν-

2122 3477 2297 3532 ταῦθα
2337 3480 2365 3531 6
2391 3477 2566 3547 λέγων
2613 3478 2674 3532 τό
2701 3494 2716 3508 ο
2770 3497 2788 3529 ι
2831 3477 3164 3531 Ἀπέσταλκέ
3211 3495 3300 3549 με.
3328 3497 3347 3530 ι
3404 3478 3569 3550 Ὁρᾷς
3602 3479 3697 3551 τὴν

2124 3568 2398 3639 ἰσοτιμίαν
2424 3568 2531 3622 τῶν
2554 3568 2722 3640 τριῶν
2766 3567 3072 3640 προσώπων
3108 3569 3209 3640 τῆς
3242 3569 3557 3640 ὑπερτάτης
3586 3569 3697 3624 Θεό-

2118 3676 2318 3730 τητοςς
2375 3661 2503 3713 Ὅτε
2541 3660 2601 3713 τὸ
2633 3659 2859 3731 Πνεῦμα
2901 3661 2962 3713 τὸ
3006 3660 3161 3728 ἅγιον
3218 3660 3606 3715 ἀποστέλλεται
3639 3659 3697 3726 ἐξ
3730 3728 3731 3731 η

2119 3752 2341 3821 ἀμφοῖν,
2373 3751 2449 3815 ὡς
2470 3750 2752 3821 δμοούσιον
2775 3750 3159 3805 ἀποστέλλεται
3182 3752 3394 3823 Πατρὺς
3425 3752 3521 3806 καὶ
3545 3752 3690 3807 Υίοῦ.

2119 3843 2247 3895 Ὅτε
2274 3843 2331 3896 δὲ
2356 3842 2529 3907 ὁΥίός
2561 3845 2627 3897 ὲκ
2653 3844 2746 3898 τοῦ
2770 3843 3004 3914 Πατρδς,
3037 3842 3113 3907 ὠς
3151 3843 3437 3914 ὁμοούσιος
3476 3846 3572 3899 καὶ
3604 3845 3692 3899 τοῦ

2118 3934 2454 4006 Πνεῦματος.
2509 3936 2639 3991 Ὅτε
2671 3937 2728 3990 δὲ
2771 3939 2799 3990 6
2833 3935 3021 4007 Πατὴρ
3059 3939 3125 3990 ἐκ
3174 3935 3269 3989 τοῦ
3305 3936 3438 3990 Υἱοῦ
3473 3939 3568 3991 καὶ
3600 3936 3691 3991 τοῦ

2116 4028 2455 4099 Πνεύματος,
2497 4030 2574 4095 ὡς
2618 4031 2922 4101 ὁμοούσιος.
2992 4029 3177 4083 Εἰπὼν
3224 4030 3405 4084 τοίνυν
3446 4031 3475 4083 6
3527 4030 3694 4101 μέγας

2127 4122 2462 4187 Ἀθανάσιος,
2497 4124 2558 4177 τὸ
2598 4122 3029 4194 ἐκπορευόμενον
3069 4122 3163 4176 τοῦ
3198 4123 3412 4195 Πατρδς
3449 4122 3688 4194 Πνεῦμα,

2114 4211 2380 4282 ἐδήλωσεν
2411 4213 2533 4267 ὅθεν
2570 4214 2684 4285 ἔχει
2718 4215 2777 4267 τὸ
2802 4213 3027 4284 Πνεῦμα
3057 4214 3156 4285 τὴν
3187 4213 3419 4286 ὓπαρξιν
3444 4254 3459 4277 ,
3498 4217 3563 4269 ὲκ
3599 4215 3691 4287 μό-

2113 4318 2204 4355 νου
2232 4303 2473 4374 δηλονότι
2504 4305 2598 4358 τοῦ
2644 4288 2886 4377 Πατρός.
2918 4303 3102 4358 Εἰπὼν
3135 4306 3193 4358 δὲ
3226 4306 3388 4360 πάλιν
3434 4306 3577 4360 οὕτω
3633 4306 3691 4359 τὸ

2114 4392 2338 4464 Πνεῦμα
2371 4397 2436 4450 ὲκ
2466 4396 2561 4449 τοῦ
2602 4396 2846 4468 Πατρὸς,
2875 4396 2950 4459 ὡς
2985 4396 3135 4468 παρὰ
3166 4396 3262 4450 τοῦ
3294 4397 3468 4466 Λόγου
3503 4396 3595 4450 τοῦ
3628 4397 3690 4449 ἐκ

430 4486 486 4535 et
514 4496 621 4535 non
657 4479 822 4535 Deum
857 4501 870 4535 :
912 4483 1067 4552 quasi
1110 4482 1262 4538 hisce
1314 4483 1466 4536 illum
1494 4484 1678 4540 verbis
1716 4489 2009 4556 compella-

2125 4484 2365 4552 Πατρὸς,
2402 4486 2501 4556 τὴν
2537 4486 2806 4557 ἰσοτιμίαν
2854 4486 3090 4558 ἐδήλωσε
3141 4488 3354 4560 Πατρὸς
3408 4488 3502 4542 καὶ
3539 4487 3685 4552 Υἱοῦ,

429 4584 561 4627 ret:
600 4571 644 4627 Ο
684 4573 1007 4643 ἰιιιρὶίεείιηε
1058 4574 1152 4628 Ari
1177 4615 1192 4641 ,
1232 4577 1312 4630 sic
1354 4574 1591 4646 Spiritus
1628 4580 1720 4648 qui
1760 4595 1791 4633 a
1842 4579 2004 4637 Patre

429 4666 716 4735 procedit,
760 4680 790 4719 a
832 4664 969 4720 Filio
1007 4683 1170 4738 quem
1225 4677 1281 4722 tu
1323 4669 1668 4740 blasphemas
1693 4711 1709 4736 ,
1756 4672 2006 4742 splendet

427 4759 696 4828 daturque
750 4758 1041 4823 ﬁdelibus,
1104 4761 1406 4815 secundum
1465 4762 1586 4830 ejus
1631 4765 2003 4833 operationem

427 4857 592 4918 atque
632 4851 836 4906 donum
860 4893 876 4919 ,
910 4852 1371 4923 quemadmodum
1408 4856 1477 4909 ab
1512 4856 1632 4925 ipso
1669 4857 2003 4927 sempiterno

432 4939 611 4996 Patre.
645 4943 800 5008 Quod
833 4953 1013 4998 autem
1044 4944 1144 4998 hoc
1175 4945 1242 4999 ad
1272 4944 1419 5000 hunc
1446 4947 1665 5001 modum
1696 4963 1756 5004 se
1786 4949 2002 5018 habeat,

423 5032 565 5096 vide,
590 5047 795 5103 quaeso,
837 5033 966 5104 quid
1015 5034 1082 5088 ad
1136 5033 1489 5105 Serapionem
1547 5038 1753 5092 scribat
1788 5041 2005 5109 episco-

424 5141 549 5194 putn
604 5127 694 5181 ille
723 5125 913 5189 Pater,
945 5128 1037 5197 qui
1068 5126 1138 5181 ah
1167 5127 1581 5183 immortalitate
1612 5144 1811 5185 nomen
1840 5145 2002 5185 acceo

423 5219 519 5286 pit.
578 5217 777 5273 Eadem
826 5219 972 5274 enim
1009 5220 1270 5289 loquitur,
1310 5219 1487 5292 deque
1522 5222 1713 5278 iisdem
1743 5222 1991 5292 philoso-

424 5310 622 5376 phatur
651 5310 800 5365 hisce
832 5312 1014 5366 verbis
1046 5330 1059 5365 :
1111 5311 1580 5378 Quemadmodum
1612 5312 1784 5369 Filius
1817 5317 2001 5383 proles

421 5406 507 5453 est
547 5402 828 5471 unigenita
858 5401 1036 5458 Patris
1058 5444 1073 5468 ,
1107 5405 1179 5458 ita
1208 5415 1260 5459 et
1288 5403 1525 5475 Spiritus
1553 5420 1585 5459 a
1623 5403 1763 5459 Filio
1811 5404 1997 5468 datus,

498 5572 542 5605 “
580 5570 685 5628 lsa.
724 5590 846 5643 ιιι,
886 5577 951 5645 l;
979 5577 1113 5634 Luc.
1144 5597 1217 5645 Iv,
1256 5582 1339 5637 l8.
1388 5584 1465 5647 ,⁸⁸
1491 5584 1597 5639 lsa.
1630 5598 1821 5650 xum,
1852 5580 2036 5640 12-16.

507 5750 620 5822 (‘20)
654 5751 750 5807 llic
782 5753 973 5811 desunt
1010 5760 1289 5816 nonnulla.

2112 4576 2470 4647 καταισχῦναι
2525 4579 2583 4631 ὲν
2626 4578 2803 4649 τούτῳ
2847 4578 2938 4631 τὸν
2984 4578 3289 4633 ἀθεώτατον
3347 4581 3566 4653 Ἀρειον
3586 4620 3600 4645 ,
3632 4579 3689 4643 ὃς

2111 4664 2317 4735 κτίσμα
2362 4666 2533 4736 ἔλεγε,
2575 4667 2669 4721 καὶ⁸
2710 4669 2771 4722 οὐ
2828 4667 2960 4721 Θεὸν
2999 4669 3090 4723 τὸν
3124 4669 3252 4722 Υίόν
3275 4686 3288 4700 ⁸
3326 4672 3489 4724 οἱονεὶ
3520 4673 3688 4725 ταῦτα

2109 4755 2285 4825 λέγων
2333 4760 2470 4830 πρὸς
2518 4759 2711 4812 αὐτόν·
2758 4756 2829 4813 Ὦ
2873 4759 3148 4815 ἁθεὼτατε
3192 4764 3398 4831 Ἀρειε,
3433 4762 3577 4817 οὕτω
3630 4764 3690 4817 τὸ

2109 4851 2541 4923 ἐκπορευόμενον
2579 4853 2803 4923 Πνεῦμα
2847 4851 2942 4905 τοῦ
2986 4853 3221 4924 Πατρὸς,
3270 4854 3424 4924 παρὰ
3465 4854 3563 4908 τοῦ
3592 4853 3691 4908 ὑπὸ

2114 4940 2209 4994 σοῦ
2276 4941 2767 5013 βλασφημουμένου
2821 4943 2951 4997 Υἱοῦ
3018 4942 3291 5013 ἐκλάμπει
3343 4946 3438 4999 καὶ
3495 4945 3689 5000 δίδοται

2109 5038 2224 5099 τοῖς
2258 5039 2467 5099 πιστοῖς
2502 5035 2644 5088 κατὰ
2682 5037 2781 5106 τὴν
2815 5035 2980 5091 αὐτοῦ
3019 5036 3304 5108 ἐνέργειαν
3337 5038 3430 5091 καὶ
3465 5038 3689 5111 δωρεὰν,

2110 5127 2300 5201 ὥσπερ
2334 5129 2427 5183 καὶ
2459 5127 2520 5193 ἐξ
2552 5130 2718 5183 αὐτοῦ
2751 5128 2845 5182 τοῦ
2881 5127 3154 5182 συναῖδίου
3182 5128 3421 5200 Πατρός.
3477 5130 3691 5184 Ὅτιιδὲ

2104 5220 2262 5275 τοῦτο
2293 5220 2532 5275 τοιοῦτον
2566 5220 2677 5290 ἔχει
2707 5221 2798 5274 τὸν
2829 5222 3050 5292 τρόπον,
3091 5222 3194 5292 ὅρα
3225 5221 3279 5273 τί
3314 5221 3518 5292 γράφει
3562 5222 3692 5292 πρὸς

2103 5311 2194 5365 τὸν
2257 5310 2554 5365 ἐπίσκοπον
2616 5311 2709 5364 τὸν
2760 5310 3081 5382 Σεραπίωνα
3111 5351 3126 5373 ,
3184 5310 3213 5361 ὁ
3247 5309 3349 5380 τῆς
3396 5310 3690 5372 ἀθανασίας

2108 5401 2417 5475 ἁξιώνυμος
2466 5396 2618 5465 οὗτος
2655 5402 2864 5473 Πατήρ.
2927 5401 3008 5455 Τὰ
3040 5399 3180 5454 αὐτὰ
3211 5400 3325 5474 γὰρ
3363 5401 3560 5471 λέγων,
3598 5402 3689 5454 καὶ
