4050 6396
475 390 576 448 851

1613 399 1670 452 S.
1714 385 2165 452 ATHANASlUS.
2205 426 2274 436 —
2313 393 2614 451 SPURIA.‘

3592 399 3723 455 833%

478 504 728 572 improbo
759 504 1006 560 dividens
1051 507 1230 562 studio
1257 549 1271 570 ,
1305 516 1363 562 ut
1411 527 1590 580 prava:
1631 512 1895 566 doctrinae
1936 512 2037 566 ho-

2149 510 2232 564 ual
2285 509 2527 582 διαιρῶν,
2577 508 2979 580 καταδικασθῇς
3029 509 3106 572 ὣς
3161 510 3470 576 κακόδοξος.
3541 513 3695 586 Πρῶ-

479 609 571 648 mo
593 595 883 651 damneris.
934 596 1146 652 Primus
1180 603 1360 668 itaque
1391 599 1549 656 Pater
1577 611 1660 656 est
1693 607 1744 656 in
1774 611 2036 672 quantum

480 686 658 752 major
687 693 804 751 est;
831 688 1003 756 major
1031 704 1159 743 vero
1182 691 1234 743 in
1266 701 1526 759 quantum
1558 702 1642 748 est
1671 697 1874 765 absque
1892 697 2041 764 prin-

481 775 661 843 cipio;
699 777 902 845 absque
929 781 1198 850 principio
1227 791 1408 837 autem
1441 792 1525 837 est
1560 785 1614 839 in
1663 799 1922 856 quantum
1955 795 2040 843 est

479 867 803 936 principium
833 868 1203 938 hypostasium
1231 866 1351 941 quin
1377 882 1502 928 sunt
1538 876 1779 944 ejusdem
1811 886 2037 934 natura.

484 955 717 1024 Spiritus
747 969 797 1012 et
827 959 996 1014 Filius
1023 963 1372 1030 peculiariter
1387 981 1452 1018 ex
1483 968 1690 1036 majore
1716 1007 1732 1032 ,
1763 969 1816 1023 id
1843 977 1927 1024 est
1973 986 2037 1024 ex

480 1043 658 1101 Patre.
712 1047 826 1102 Una
865 1053 1008 1106 enim
1047 1052 1216 1108 Filius
1259 1058 1473 1126 proprie
1522 1073 1586 1112 ac
1634 1073 1779 1123 vere,
1830 1075 2041 1115 necnon

483 1133 720 1206 Spiritus
781 1149 1004 1196 sanctus
1044 1160 1109 1197 ex
1154 1143 1314 1200 Patre
1371 1156 1516 1199 sunt.
1575 1145 1695 1201 Non
1748 1149 1893 1218 quod
1955 1151 2043 1206 ille

481 1229 656 1299 prius,
697 1229 801 1286 iste
846 1233 1156 1300 posterius;
1190 1235 1283 1288 sed
1313 1235 1474 1290 simul
1513 1234 1635 1290 Filii
1666 1239 1962 1307 generatio,
1991 1248 2044 1295 et

483 1317 720 1390 Spiritus
751 1323 1033 1392 processio
1063 1327 1310 1394 splendet
1351 1345 1365 1382 :
1417 1329 1650 1383 mittitur
1687 1329 1925 1400 Spiritus
1963 1343 2046 1387 ειη

483 1429 590 1482 que
629 1413 801 1482 datur,
837 1431 936 1484 per
969 1413 1191 1480 Filium,
1233 1426 1291 1472 ut
1335 1419 1524 1477 beatus
1570 1423 1646 1478 ait
1689 1424 2042 1493 Athanasius,

482 1503 936 1573 quemadmodum
967 1515 1021 1560 et
1057 1505 1226 1562 Filius
1264 1525 1359 1578 per
1383 1507 1669 1580 Spiritum,
1719 1516 1792 1569 uti
1840 1516 2044 1572 dictum

483 1592 604 1647 fuit.
633 1593 829 1651 Eadem
862 1613 1078 1668 quoque
1099 1601 1307 1656 ratione
1343 1602 1747 1675 intelligendum
1770 1608 1903 1662 illud
1937 1609 2045 1681 Cy-

485 1687 592 1740 rilli
622 1685 849 1754 dictum,
885 1705 1076 1760 nempe
1108 1707 1174 1746 ex
1217 1693 1504 1759 ambobus,
1541 1697 1772 1766 scilicet,
1811 1698 2047 1770 Spiritus

485 1793 554 1832 ex
591 1777 751 1834 Patre
783 1781 1080 1849 procedens
1111 1799 1174 1837 ex
1220 1784 1481 1842 ambobus
1515 1789 1782 1858 splendet,
1813 1793 2048 1847 mittitur

485 1879 541 1923 et
567 1871 748 1938 datur,
777 1888 843 1928 ex
863 1872 1022 1929 Patre
1047 1875 1254 1930 scilicet
1275 1887 1328 1930 et
1353 1876 1515 1936 Filio.
1546 1849 1614 1934 lit
1662 1849 1825 1951 paulo
1863 1893 1988 1954 post
2029 1903 2046 1942 :
2077 1849 2120 1904 Β

489 1959 638 2016 Duas
661 1965 1054 2031 generationes,
1088 1966 1165 2018 uti
1211 1967 1464 2036 superius
1511 1969 1644 2034 dixi,
1682 1972 1826 2027 circa
1854 1972 2049 2030 Filium

488 2051 692 2120 didici;
727 2070 887 2108 unam
916 2073 1039 2126 quae
1067 2065 1151 2112 est
1179 2073 1243 2112 ex
1277 2057 1438 2114 Patre
1459 2068 1584 2117 ante
1609 2072 1871 2134 tempora,
1892 2067 2049 2121 aliam

489 2161 610 2216 qua:
636 2162 702 2201 ex
724 2145 946 2219 Virgine
975 2149 1030 2202 in
1063 2155 1324 2218 tempore.
1351 2150 1552 2207 Eodem
1579 2155 1740 2209 modo
1762 2157 1899 2212 duas
1927 2173 2052 2226 pro-

489 2237 733 2294 fusiones
792 2240 956 2296 didici
1005 2255 1128 2296 esse
1178 2239 1415 2311 Spiritus
1461 2247 1677 2311 sancti;
1730 2263 1892 2302 unam
1945 2234 2052 2319 qua

489 2329 734 2401 procedit
761 2339 887 2386 ante
915 2337 1191 2402 tempora,
1222 2344 1276 2389 et
1306 2335 1465 2390 aliam
1492 2351 1599 2406 qua
1629 2337 1926 2394 bonitatem
1951 2341 2054 2395 im-

490 2422 739 2492 partitur.
806 2420 914 2478 Sed
965 2423 1164 2492 prioris
1201 2423 1325 2479 Filii
1375 2427 1742 2496 generationis
1774 2437 1828 2483 et
1857 2431 2054 2500 prioris

491 2512 856 2583 processionis
917 2512 1170 2585 Spiritus,
1201 2514 1363 2571 Pater
1391 2521 1542 2572 solus
1579 2533 1746 2572 causa
1770 2529 1874 2574 est.
1910 2520 2054 2576 Alte-

491 2605 609 2659 rius
635 2618 765 2659 vero
803 2606 1168 2674 generationis
1214 2624 1334 2678 quae
1368 2609 1422 2662 in
1467 2615 1710 2678 tempore
1755 2611 1897 2665 facta
1949 2621 2054 2676 est,

493 2703 549 2750 et
591 2695 816 2751 alterius
852 2697 1210 2766 profusionis,
1267 2714 1373 2768 qua
1395 2699 1536 2754 dona
1568 2701 1896 2772 impartitur,
1947 2719 2057 2759 non

495 2785 645 2840 solus
666 2784 844 2850 Pater,
875 2788 968 2843 sed
990 2787 1160 2843 Filius
1181 2796 1234 2844 et
1261 2787 1498 2860 Spiritus
1521 2800 1745 2848 sanctus
1765 2799 1849 2849 est
1871 2809 2057 2850 causa.

494 2878 574 2934 Es
605 2879 870 2936 ambelaus
899 2881 1100 2952 itaque,
1132 2881 1294 2938 Patre
1325 2883 1533 2940 scilicet
1558 2894 1612 2940 et
1635 2884 1794 2948 Filio,
1834 2888 1899 2942 ad
1949 2889 2064 2944 dis-

494 2973 869 3041 pensationem
898 2974 1198 3029 eﬂ'unditur
1231 2996 1244 3031 :
1286 2992 1397 3032 non
1427 2977 1726 3032 secundum
1758 2979 2062 3034 subsisten-

495 3063 648 3126 tiam,
678 3063 850 3120 absit!
889 3065 1129 3135 alioquin
1172 3066 1294 3122 dua:
1320 3082 1500 3122 causze
1525 3084 1807 3140 perperam
1839 3070 2062 3126 induce-

2137 617 2228 664 τος
2271 599 2558 672 τοιγαροῦν
2607 602 2635 653 6
2695 598 2886 670 Πατὴρ
2937 599 3069 652 καθὸ
3112 599 3332 670 μείζων,
3385 601 3582 673 μείζων
3639 604 3693 658 δὲ

2139 691 2272 744 καθὸ
2319 691 2569 762 ἄναρχος·
2621 689 2854 762 ἄναρχος
2905 689 2961 742 δὲ
3015 689 3152 744 καθὸ
3203 693 3346 765 ἀρχὴ
3395 693 3504 747 τῶν
3570 697 3696 767 ὁμο-

2140 780 2288 848 φυῶν
2329 779 2699 833 ὑποστάσεων.
2731 779 2803 832 T6
2848 778 3095 852 Πνεῦμα,
3148 783 3242 835 καὶ
3284 784 3314 835 6
3357 783 3485 848 Υἱὸς
3529 803 3696 856 προσ·

2139 871 2278 942 εχῶς
2352 875 2415 925 ὲκ
2493 872 2586 925 τοῦ
2666 871 2929 942 μείζονος,
2987 873 3232 946 τουτέστι
3298 875 3390 929 τοῦ
3466 877 3694 948 Πατρός.

2143 963 2292 1032 ’Ἅμα
2345 963 2453 1034 γὰρ
2519 964 2548 1014 6
2609 963 2736 1026 Υἱὸς
2800 963 3004 1034 κυρίως
3056 966 3151 1018 καὶ
3220 965 3452 1038 ἀληθῶς,
3501 970 3595 1020 καὶ
3639 969 3698 1022 τὸ

2141 1053 2364 1124 Πνεῦμα
2413 1056 2477 1107 ὲκ
2521 1053 2614 1106 τοῦ
2656 1054 2886 1125 Πατρός.
2941 1057 3053 1126 Οὐχ
3095 1058 3125 1108 ό
3183 1057 3280 1128 μὲν
3330 1059 3613 1131 πρότερον,
3642 1060 3698 1114 τὸ

2140 1145 2198 1198 δὲ
2255 1144 2370 1215 μετ’
2432 1145 2614 1198 αὐτόν·
2679 1145 2792 1199 ἀλλ’
2843 1147 2960 1217 ἅμα
3013 1150 3047 1218 ἡ
3099 1148 3350 1220 γέννησις
3398 1149 3492 1203 τοῦ
3545 1148 3697 1216 Υἱοῦ,

2143 1235 2258 1306 ἅμα
2310 1237 2403 1289 καὶ
2451 1235 2546 1288 τοῦ
2603 1236 2918 1308 Πνεῦματος
2973 1241 3008 1308 ἡ
3059 1239 3383 1311 ὲκπὸρευσις
3431 1241 3703 1312 ἐκλάμπε-

2141 1343 2253 1388 ται,
2303 1327 2397 1379 καὶ
2431 1326 2815 1381 ἀποστέλλεται
2865 1329 2925 1382 τὸ
2977 1329 3200 1400 Πνεῦμα
3249 1332 3343 1384 καὶ
3388 1330 3586 1384 δίδοται
3619 1330 3703 1384 διὰ

2144 1417 2236 1470 τοῦ
2297 1417 2467 1482 Υἱοῦ,
2529 1418 2606 1480 ὡς
2661 1420 2930 1492 μακάριός
2975 1438 3138 1492 φησιν
3181 1421 3521 1487 Ἀθανάσιος,
3577 1424 3705 1480 καθ-

2147 1508 2292 1580 άπερ
2338 1509 2432 1563 καὶ
2491 1511 2518 1562 6
2566 1508 2694 1572 Υἱὸς
2733 1509 2824 1563 διὰ
2871 1511 2963 1565 τοῦ
3011 1513 3346 1584 Πνεῦματος,
3394 1513 3582 1586 ὥσπερ
3629 1515 3706 1568 εῖ-

2149 1616 2326 1671 ρηται.
2417 1600 2690 1663 Ὡσαύτως
2761 1603 2857 1654 καὶ
2913 1603 2975 1656 τὸ
3026 1604 3118 1657 τοῦ
3175 1605 3444 1676 μακαρίου
3505 1607 3706 1677 Κυρίλ-

2147 1689 2238 1743 λου
2264 1729 2280 1754 ,
2331 1689 2474 1758 λέγω
2529 1690 2591 1762 δὴ
2647 1692 2726 1757 τὸ,
2775 1691 2833 1759 ἐξ
2877 1693 3112 1762 ἀμφοῖν,
3163 1693 3285 1747 κατ’
3339 1695 3508 1764 αὐτὴν
3547 1693 3706 1765 ἐκλη-

2149 1779 2309 1834 πτέον
2353 1781 2450 1851 τὴν
2493 1779 2733 1836 ἔννοιανο
2785 1783 2845 1836 τδ
2891 1782 3117 1853 Πνεῦμα
3176 1783 3236 1837 τὸ
3281 1785 3707 1857 ἐκπορευόμενον

2149 1875 2213 1926 ὲκ
2258 1871 2350 1926 τοῦ
2403 1873 2615 1945 Πατρὸς
2670 1875 2730 1939 ἐξ
2775 1876 2974 1946 ἀμφοῖν
3036 1874 3394 1946 ὲκλάμπεται,
3449 1877 3710 1932 ἀποστέλ-

2149 1963 2300 2016 λεται
2346 1965 2442 2018 καὶ
2488 1965 2709 2030 δίδοται,
2759 1966 2972 2038 Πατρός
3044 1967 3141 2022 καὶ
3187 1967 3352 2022 Υἱοῦ.
3423 1971 3534 2022 Καὶ
3595 1972 3708 2040 μετ’

2149 2054 2335 2124 ὀλίγαο
2404 2056 2508 2108 Δύο
2568 2058 2848 2129 γεννήσεις
2913 2057 2992 2122 ὡς
3047 2057 3250 2113 ἄνωθεν
3327 2059 3497 2130 ἔφθην
3545 2059 3710 2114 εἰπὼν

2151 2146 2245 2198 ἐπὶ
2291 2145 2383 2198 τοῦ
2439 2147 2613 2214 Λόγου
2661 2149 2986 2220 μεμάθηκα’
3041 2149 3168 2220 μίαν
3214 2149 3312 2219 μὲν
3357 2149 3454 2221 τὴν
3508 2150 3573 2204 ὲκ
3603 2151 3712 2204 Πα-

2149 2235 2277 2306 τρὸς
2332 2235 2425 2288 καὶ
2469 2236 2608 2306 ὑπὲρ
2648 2237 2855 2307 χρόνον,
2903 2238 3030 2309 μίαν
3064 2237 3122 2292 δὲ
3172 2239 3271 2310 τὴν
3318 2240 3382 2292 ὲκ
3427 2239 3526 2310 τῆς
3566 2241 3712 2312 Παρ-

2155 2325 2308 2379 Θένου
2383 2327 2478 2380 καὶ
2531 2328 2634 2381 ὑπὸ
2695 2329 2885 2400 χρόνον
2906 2370 2919 2383 .
3001 2329 3272 2394 Ὠσαύτως
3317 2331 3408 2384 καὶ
3451 2331 3544 2384 δύο
3593 2348 3716 2402 προσ

2154 2416 2337 2486 χύσεις
2395 2418 2640 2490 ὲμυήθην
2713 2421 2807 2473 ἐπὶ
2851 2419 2946 2474 τοῦ
3013 2421 3364 2492 Πνεῦματος⁶
3438 2423 3566 2494 μίαν
3621 2423 3716 2493 μὲν

2153 2508 2252 2580 τὴν
2300 2510 2692 2582 ἐκπορευτικὴν
2737 2513 2832 2566 καὶ
2885 2513 3022 2586 ὑπὲρ
3063 2514 3272 2586 χρόνον,
3313 2516 3405 2568 καὶ
3450 2515 3578 2586 μίαν
3621 2515 3717 2586 τὴν

2161 2612 2510 2682 μεταδοτικὴν
2564 2613 2914 2686 ἁγαθότητος.
2967 2615 3127 2670 Ἀ).λᾶ
3175 2617 3274 2687 τῆς
3328 2615 3552 2689 πρώτης
3594 2633 3717 2686 γεν-

2157 2703 2364 2774 νήσεως
2412 2702 2506 2756 τοῦ
2564 2703 2696 2758 Υῐοῦ
2723 2746 2738 2770 ,
2807 2707 2901 2760 καὶ
2949 2707 3048 2777 τῆς
3103 2705 3326 2780 πρώτης
3393 2707 3484 2761 τοῦ
3550 2706 3719 2761 Πνεῦ-

2162 2807 2329 2862 ματος
2371 2791 2768 2863 ὲκπορεῦσεως,
2823 2795 2852 2846 6
2903 2795 3092 2866 Πατὴρ
3147 2795 3303 2866 μόνος
3343 2795 3533 2859 αἴτιος.
3613 2795 3721 2865 Τῆς

2159 2883 2214 2936 δὲ
2253 2883 2418 2956 ἄλλης
2457 2887 2766 2956 γεννήσεως
2795 2887 2896 2957 τῆς
2920 2888 3024 2941 ὑπὸ
3051 2889 3240 2960 χρόνον
3257 2929 3273 2953 ,
3316 2890 3410 2942 καὶ
3436 2889 3536 2959 τῆς
3559 2887 3720 2958 ἄλλης

2161 2982 2477 3054 προχύσεως
2508 2983 2606 3052 τῆς
2655 2985 3008 3056 μεταδπικῆς
3027 3026 3040 3050 ,
3076 2986 3136 3038 οῦ
3173 2987 3330 3058 μόνος
3363 2985 3534 3050 αἴτιος
3561 2989 3590 3041 6
3619 2986 3724 3039 Πα-

2161 3075 2288 3146 τὴρ,
2326 3074 2461 3129 ἀλλὰ
2496 3077 2588 3128 καὶ⁹
2615 3078 2644 3128 6
2675 3077 2799 3140 Υἱὸς
2831 3078 2924 3148 καὶ
2953 3079 3013 3131 τὸ
3045 3079 3268 3148 Πνεῦμα
3299 3079 3360 3132 τὸ
3397 3077 3550 3147 ἅγιον
3570 3116 3584 3130 ο
3638 3069 3736 3142 Ἐξ.

495 3161 708 3217 rentur,
734 3171 855 3224 qua:
893 3157 985 3210 uni
1019 3157 1096 3210 illi
1141 3158 1386 3228 ejusdem
1438 3166 1646 3213 naturae
1695 3175 1758 3214 ac
1788 3162 1936 3230 paris
1966 3162 2051 3217 ho-

2163 3166 2366 3235 ἀμφοῖν
2399 3165 2684 3237 τοιγαροῦν
2711 3167 2770 3221 τὸ
2796 3166 3040 3239 Πνεῦμα,
3067 3169 3279 3240 Πατρὸς
3307 3170 3397 3222 καὶ
3419 3167 3570 3232 Υἱοῦ,
3595 3167 3726 3241 πρὸς

495 3245 645 3300 noris
676 3247 980 3312 exsistenti,
1013 3251 1237 3303 multum
1278 3251 1683 3305 antecellerent.

2165 3255 2485 3326 ἐπινέμησιν
2515 3261 2797 3329 προχεῖται
2820 3276 2834 3290 ο
2865 3259 2924 3312 οῦ
2956 3259 3096 3314 κατὰ
3124 3259 3219 3330 τὴν
3249 3259 3503 3332 ὓπαρξιν,
3537 3259 3613 3333 μὴ
3640 3258 3732 3330 γέ-

502 3351 637 3389 νοιτο
661 3337 674 3390 l
705 3335 825 3390 ἔπεί
855 3337 948 3392 δύο
975 3337 1044 3392 τὰ
1069 3339 1219 3394 αἴτια
1237 3341 1676 3412 παρεισάγονται,
1698 3341 1790 3396 τοῦ
1817 3342 1934 3406 ἑνὸς
1955 3345 2233 3420 συμφυοῦς
2261 3347 2356 3398 καὶ
2382 3347 2643 3418 όμοτίμου
2675 3350 2815 3404 κατὰ
2843 3349 2976 3404 πολὺ
3005 3350 3343 3421 διαφέροντα,

496 3517 3703 3549 -——————————.—__._._—_____________._______________

936 3639 1059 3726 IN
1132 3638 1766 3729 SYNTAGMA
1819 3637 2468 3732 Domuum
2553 3609 3294 3738 ADMONlTIO.

567 3902 682 3960 Hoc
709 3905 1019 3976 opusculum
1054 3907 1240 3976 paucis
1285 3903 1351 3960 ab
1401 3904 1518 3959 hinc
1561 3906 1716 3960 annis
1749 3906 1805 3961 in
1847 3905 2014 3961 lucem
2045 3905 2271 3976 protulit
2308 3902 2388 3958 vir
2416 3902 2626 3957 clariss.
2666 3903 2907 3958 Andreas
2951 3903 3218 3958 Arnoldus
3259 3901 3736 3977 Norimbergensis,

496 4011 636 4051 anno
676 3997 876 4052 scilicet
918 3995 1076 4052 I685.
1114 3998 1282 4068 Atque
1315 3998 1370 4051 in
1418 3997 1730 4067 prtefatione
1784 4014 1887 4052 sua
1921 4000 2102 4054 multis
2138 3997 2227 4052 ille
2273 3995 2594 4067 argumentis
2634 3995 2930 4051 Athanasio
2956 4013 3188 4051 asserere
3215 3999 3498 4054 contendit.
3553 3999 3737 4055 Sancti

497 4089 782 4147 Athanasii
802 4091 1199 4163 archiepiscopi
1221 4093 1595 4159 Alexandrini,
1620 4094 1697 4148 ait
1727 4096 1855 4162 iose,
1888 4094 2179 4167 Syntagma
2199 4093 2455 4148 doctrinae
2477 4092 2546 4146 ad
2568 4093 2871 4157 monachos,
2893 4093 3110 4148 clericos
3133 4102 3182 4147 et
3207 4093 3392 4159 laicus,
3423 4105 3738 4152 recensetur

497 4201 562 4242 ex
597 4185 963 4256 pulcherrimo
1017 4187 1208 4242 codice
1253 4188 1674 4246 membranaceo
1714 4189 1988 4244 \ossiano
2018 4191 2439 4260 quingentorum
2469 4174 2553 4242 vel
2584 4194 2968 4242 sexcentarum
3021 4202 3287 4244 annorum
3309 4229 3324 4255 ,
3375 4193 3469 4262 qui
3499 4192 3740 4246 continet

500 4293 760 4350 pranerea
810 4277 1036 4335 Palladii
1082 4279 1380 4336 Historiam
1413 4281 1734 4338 Lausiacam
1767 4298 1892 4337 cum
1940 4284 2148 4355 aliquot
2182 4283 2380 4338 libellis
2417 4280 2826 4335 vetustioribus.
2873 4280 2954 4334 Ad
2996 4281 3348 4350 cupiditatem
3391 4281 3740 4338 describendi

499 4371 820 4426 exciverunt
845 4387 930 4426 me
956 4371 1060 4426 viri
1087 4371 1316 4430 illustris
1341 4388 1505 4428 manu
1535 4374 1777 4444 ascripta
1807 4373 1974 4427 verba
2048 4371 2172 4426 Non
2195 4381 2273 4426 est
2313 4373 2365 4425 in
2383 4369 2542 4424 editis
2570 4369 2872 4424 Athanasii.
2899 4367 3156 4424 Nolebam
3191 4371 3333 4424 enim
3368 4371 3524 4441 parvi
3566 4370 3743 4426 facere

502 4463 766 4540 quidquid
793 4468 925 4522 tanti
943 4466 1200 4524 Ecclesia:
1219 4468 1462 4541 doctoris
1481 4475 1648 4536 esset,
1665 4468 1920 4540 quodque
1931 4467 1996 4522 ad
2013 4469 2246 4539 aliquem
2265 4483 2446 4524 meum
2469 4465 2702 4521 fructum
2724 4465 3062 4521 redundaret.
3086 4463 3278 4522 Postea
3295 4483 3392 4538 per
3407 4468 3620 4523 litteras
3637 4467 3744 4520 fau-

501 4567 674 4616 torem
700 4557 766 4615 de
783 4559 1061 4616 voluntate
1079 4563 1358 4619 emittendi
1381 4564 1665 4618 Athanasii
1687 4564 1979 4619 certiorem
1991 4563 2223 4628 reddidi,
2241 4564 2442 4634 quibus
2465 4562 2572 4616 tale
2592 4576 2910 4632 responsum
2926 4559 3074 4616 dedit
3099 4581 3112 4617 :
3144 4561 3203 4618 S.
3224 4561 3508 4639 Athanasii
3533 4561 3606 4618 De
3634 4561 3742 4617 vita

501 4657 808 4713 monastica
847 4657 1219 4714 διδασκαλικόν
1251 4661 1470 4732 dignum
1497 4670 1577 4716 est
1609 4676 1826 4730 prorsus
1861 4660 1998 4730 quod
2025 4660 2235 4725 edatur,
2271 4660 2520 4730 longeque
2544 4659 2884 4728 prazstantius
2922 4674 2984 4712 ea
3018 4656 3218 4728 regula,
3269 4673 3428 4730 quam
3455 4673 3521 4712 ea:
3553 4658 3745 4712 lliero-

503 4753 650 4821 nymi
665 4753 903 4822 operibus
930 4755 1137 4826 collegit
1162 4753 1362 4824 Lupus.
1384 4754 1520 4810 Cum
1547 4764 1738 4810 veteres
1760 4755 2017 4823 scriptum
2036 4754 2132 4808 hoc
2154 4753 2453 4807 Athanasio
2491 4751 2747 4814 tribuant,
2779 4767 2881 4803 non
2917 4750 3050 4804 satis
3087 4748 3232 4804 video
3247 4766 3411 4820 quare
3435 4748 3498 4803 de
3534 4759 3748 4803 auctore

503 4843 740 4904 dubitas.
772 4847 1058 4904 Winsoria:
1097 4865 1154 4904 ιι
1181 4847 1298 4905 Jul.
1342 4847 1759 4906 clalacLuxm.
1790 4845 1870 4902 Ex
1902 4863 2012 4919 quo
2048 4862 2304 4917 magnum
2357 4845 2490 4900 mihi
2529 4844 2854 4899 nascebatur
2899 4850 3277 4914 argumentum
3314 4849 3427 4896 tum
3474 4841 3745 4906 veritatis,

503 4951 619 4997 tum
653 4940 956 5012 dignitatis.
994 4941 1221 5011 Pergam
1267 4941 1324 4996 in
1361 4941 1595 5012 incepto,
1643 4941 1736 4995 ubi
1775 4947 1931 4994 tanto
1963 4939 2086 4992 viro
2119 4952 2221 5007 pro
2257 4939 2374 4992 suis
2415 4938 2472 4990 in
2501 4951 2586 4990 me
2630 4935 2862 4996 meritis,
2903 4934 3107 5028 gratias
3147 4947 3326 5004 egero.
3373 4931 3481 4988 Per
3506 4934 3749 5004 quinque

504 5036 738 5106 amplius
765 5051 984 5093 nienses
1017 5035 1347 5092 bibliotheca
1379 5035 1574 5107 ipsius,
1602 5051 1725 5105 quae
1753 5035 1955 5090 multas
1998 5033 2135 5087 alias
2185 5033 2443 5094 raritate,
2479 5029 2824 5099 utilitathue
2875 5029 3032 5100 longe
3083 5039 3342 5098 superat,
3386 5043 3498 5082 non
3539 5037 3749 5083 tantum

507 5129 714 5198 patuit;
745 5129 842 5184 sed
873 5129 1156 5184 oraculum
1187 5127 1515 5184 eruditionis
1549 5128 1602 5181 in
1633 5127 1882 5196 singulos
1921 5125 2040 5180 dies
2075 5125 2364 5178 consulere
2398 5122 2480 5177 fas
2515 5128 2656 5176 erat.
2687 5119 2906 5176 Veteres
2940 5121 3146 5174 oraculi
3187 5120 3271 5174 vel
3307 5135 3412 5174 una
3455 5121 3577 5176 vice
3619 5136 3753 5174 con-

508 5222 746 5279 sultandi
773 5235 940 5277 causa
994 5220 1311 5291 longissima
1355 5219 1752 5274 emetiebantur
1780 5217 1978 5272 itinera
2007 5255 2024 5279 ,
2065 5215 2210 5270 beati
2250 5214 2507 5269 brevibus
2534 5212 2854 5282 responsis:
2899 5211 3022 5282 quis
3057 5211 3284 5274 dubitet,
3321 5210 3548 5266 meliore
3581 5211 3752 5266 fuisse

507 5313 631 5370 loco
660 5313 754 5383 qui
789 5313 842 5368 in
876 5313 1079 5382 templo
1109 5311 1384 5366 Musarum
1410 5325 1538 5364 cum
1572 5309 1823 5379 Apolline
1853 5307 2161 5362 habitavit?
2185 5306 2305 5359 Alio
2347 5303 2677 5374 quandoque
2725 5303 3006 5374 spectabat
3035 5301 3226 5374 Pythia
3267 5316 3409 5358 vos:
3459 5303 3754 5371 aliquando

511 5411 714 5462 sortem
740 5403 946 5458 oraculi
976 5404 1281 5458 eluserunt.
1325 5401 1673 5456 Dormiebant
1701 5400 1954 5456 nonnulli
1977 5399 2033 5452 in
2061 5398 2325 5460 delubris.
2360 5407 2417 5452 ut
2455 5412 2552 5466 per
2584 5397 2857 5451 somnium
2903 5395 3150 5449 viderent
3190 5394 3403 5464 species
3433 5409 3640 5458 rerum,
3668 5393 3753 5449 vel

515 5492 768 5547 audirent
799 5509 1022 5558 vocem;
1056 5493 1188 5546 mihi
1230 5502 1358 5548 tunc
1407 5493 1641 5548 laetiores
1675 5493 1730 5547 in
1778 5493 1890 5546 vita
1918 5491 2214 5545 illuxerunt
2243 5489 2382 5553 dies,
2421 5502 2550 5543 vera
2579 5489 2759 5542 omnis
2805 5494 2858 5542 et
2907 5486 3193 5557 perspicua
3221 5485 3418 5540 oratio.
3438 5484 3655 5542 Gratias
3699 5493 3756 5540 te

511 5587 730 5657 dignas,
757 5586 988 5643 illustris
1015 5585 1200 5653 Vossi,
1233 5602 1395 5658 agere
1424 5587 1696 5654 deberem,
1735 5595 1790 5643 et
1821 5601 1958 5656 quas
1992 5581 2218 5655 possum
2249 5599 2368 5654 ago.
2403 5581 2686 5654 Siquidem
2724 5580 2864 5635 nihil
2893 5581 3030 5636 satis
3067 5578 3414 5651 magniﬁcum
3457 5579 3526 5634 de
3557 5580 3757 5634 virtute

519 5692 614 5738 tua
639 5681 892 5736 dixerim.

593 5770 899 5841 'l‘antopere
923 5771 990 5828 de
1019 5788 1106 5830 me
1133 5772 1347 5841 merito,
1375 5773 1569 5831 Lector
1603 5774 1882 5836 benevole,
1909 5779 2123 5843 gratum
2170 5773 2409 5844 praebere
2469 5768 2755 5843 imperavit
2790 5767 2999 5839 pietas;
3047 5784 3192 5826 nunc
3232 5769 3300 5825 ad
3338 5769 3625 5842 Syntagma
3667 5783 3757 5822 re-
