4050 6396
340 308 443 364 833
1400 310 1774 367 SYNTAGMA:
1810 310 2201 369 UOCTRlNAS.
2233 344 2298 377 τ-
2331 312 2671 369 MONITUM.
3486 322 3593 377 εει

302 420 643 489 'deundum,
689 424 833 493 quod
877 438 1076 478 novum
1111 424 1409 492 exsistens,
1444 424 1817 496 praefationem
1848 424 1953 480 sibi
1997 426 2258 496 postulat.
2298 427 2479 484 Codex
2523 430 2615 484 irle
2654 428 2912 500 antiquus
2964 429 3023 486 S.
3055 432 3353 491 Athanasio
3399 435 3593 493 tribuit

338 515 684 585 opusculum,
711 531 830 585 qua:
860 531 948 572 res
976 517 1209 585 alicujus
1242 524 1327 571 est
1362 519 1647 576 momenti.
1680 526 1803 572 utut
1829 519 2096 573 librorum
2126 521 2512 591 inscriptiones
2540 538 2668 578 vera
2699 522 2923 578 nomina
2950 540 3057 579 non
3090 526 3294 597 ubique
3326 527 3589 586 referant.

338 606 469 660 Nam
501 608 869 677 posteriorum
923 617 1229 679 temporum
1279 610 1609 679 scriptores,
1653 619 1837 667 vetera
1888 611 2163 666 interdum
2210 614 2315 668 sibi
2357 615 3090 686 vindicant;nonnunquam
3136 619 3240 674 sub
3284 621 3591 690 priscorum

337 707 622 751 auctorum
668 698 982 754 nominibus
1028 714 1129 753 sua
1157 707 1492 769 supponunt,
1523 700 1825 770 praesertim
1856 715 1926 753 ex
1976 701 2230 756 doctrina
2276 704 2540 759 nobilium
2580 714 2635 761 et
2685 708 2982 763 clarorum.
3024 706 3233 765 Interea
3282 726 3349 765 ex
3384 712 3593 769 codicis

337 791 662 860 antiquitate
692 801 931 857 constat,
966 794 1094 847 olim
1121 793 1294 849 fuisse
1325 795 1593 849 creditum
1626 796 1826 850 seriem
1854 795 1998 849 hanc
2030 796 2295 853 doctrina:
2336 799 2408 854 ab
2433 801 2736 856 Athanasio
2766 804 3070 871 posteritati
3108 804 3269 874 303
3318 804 3590 861 relictam.

339 884 396 940 Si
426 887 580 955 plura
621 902 751 942 mss.
786 888 974 943 eodem
1007 888 1168 941 modo
1197 889 1462 960 inscripta
1494 890 1886 958 reperirentur,
1919 891 2158 961 aliquam
2192 892 2383 946 saltem
2422 895 2671 949 veritatis
2695 897 2962 951 rationem
2989 904 3370 967 suggererent;
3398 910 3591 951 verum

337 993 532 1051 praeter
566 980 892 1038 Vossianutn
946 984 1156 1038 nullum
1188 984 1369 1039 adhuc
1417 985 1624 1048 inveni,
1676 1000 1855 1055 neque
1902 987 1958 1040 in
1987 987 2446 1065 Christianissimi
2494 990 2638 1058 regis
2674 988 3023 1050 bibliotheca,
3053 990 3137 1043 vel
3180 989 3309 1043 alibi
3350 1002 3588 1058 quoque.

336 1076 733 1147 Argumentum
767 1080 904 1133 l'oret
932 1081 998 1133 ad
1028 1082 1399 1151 probandum,
1432 1092 1527 1135 aut
1560 1083 1727 1136 coaavi
1759 1082 2004 1136 auctoris
2034 1081 2431 1148 testimonium,
2457 1091 2551 1136 aut
2576 1084 2748 1153 ipsius
2774 1084 3056 1139 Athanasii
3080 1085 3134 1138 in
3170 1085 3286 1139 suis
3309 1086 3587 1154 operibus,

336 1174 478 1244 quod
510 1188 636 1226 cum
665 1174 828 1237 desit,
858 1174 1005 1228 aliud
1033 1186 1117 1229 est
1139 1176 1192 1228 in
1229 1184 1504 1245 promptu.
1538 1174 1816 1241 Quaerenti
1861 1175 2156 1246 aliquando
2190 1177 2244 1231 in
2278 1177 2605 1232 bibliotheca
2641 1177 2807 1249 Regia
2836 1178 3270 1249 Soplironianatn
3299 1180 3418 1235 fidei
3458 1197 3591 1236 con-

338 1267 630 1323 fessionem
664 1268 876 1323 indultu
912 1271 984 1324 cl.
1010 1268 1337 1333 Thevenoti,
1374 1282 1606 1325 conatus
1637 1286 1790 1326 meos
1820 1272 2071 1325 ornantis
2105 1280 2160 1327 et
2190 1273 2562 1342 promoventis
2586 1291 2601 1338 ;
2627 1283 2894 1327 venerunt
2928 1274 2981 1326 in
3023 1288 3219 1329 manus
3261 1274 3590 1345 Ἐρωτήσεις

337 1361 617 1413 κανονικαὶ
645 1362 739 1414 καὶ
766 1361 1084 1434 ἀποκρίσεις
1114 1362 1210 1432 τῆς
1236 1363 1399 1431 ἁγίας
1431 1362 1649 1415 συνόδου
1669 1402 1684 1426 ,
1717 1362 1922 1434 absque

1990 1364 2070 1417 oci
2106 1363 2434 1433 temporisve
2470 1363 2904 1417 circumstantia.
2946 1364 3218 1429 Quaeritur
3256 1373 3459 1429 autem,
3501 1366 3589 1429 Ὠς

337 1456 396 1510 οὐ
426 1456 507 1509 δεῖ
526 1455 817 1510 καταλύειν
842 1457 939 1527 τὴν
969 1456 1220 1526 νηστείαν
1253 1459 1312 1509 ὲν
1340 1458 1559 1529 τετράδι
1582 1458 1677 1511 καὶ
1707 1462 2026 1530 παρασκευῇ
2059 1458 2217 1530 χάριν
2252 1460 2470 1530 μνήμης
2490 1459 2646 1527 ἁγίου
2672 1459 2705 1530 ἢ
2729 1460 3027 1513 ἀποστόλου
3059 1460 3223 1523 τινὸς,
3250 1462 3299 1512 εί
3334 1462 3407 1531 μὴ
3431 1461 3588 1532 μόνον

336 1550 393 1600 ἐν
426 1552 545 1610 ταῖς
572 1547 917 1610 δεσποτικαῖς
966 1549 1205 1618 ἑορταῖς.
1260 1548 1514 1603 Utrumne
1551 1559 1788 1618 oporteat
1837 1567 1935 1617 qua

1988 1561 2028 1603 Ta
2056 1562 2105 1604 et
2148 1555 2440 1604 l'arascet'e
2480 1551 2677 1605 solvere
2708 1551 2997 1619 jejunium.
3039 1561 3246 1620 propter
3282 1554 3587 1606 memoriam

335 1640 505 1694 sancti
535 1649 628 1691 aut
657 1640 883 1707 apostoli
913 1638 1139 1707 alicujus
1164 1642 1188 1694 ?
1214 1641 1312 1703 vel,
1344 1657 1412 1693 an
1450 1640 1715 1709 jejunium
1771 1639 2065 1695 Dominich
2093 1642 2420 1695 solummodo
2458 1642 2638 1696 diebus
2666 1643 2778 1712 (2|)
2818 1645 3121 1699 solvendum
3151 1647 3258 1700 sit?
3290 1646 3589 1716 ReSpontlit

334 1734 576 1806 synodus
605 1753 619 1789 :
654 1734 789 1806 Περὶ
812 1733 1016 1786 τούτων
1038 1735 1066 1786 ὁ
1103 1733 1278 1803 μέγας
1329 1733 1645 1797 Ἀθανάσιος
1680 1734 1807 1787 τάδε
1842 1735 2005 1805 φησὶν
2058 1734 2114 1787 ἐν
2152 1752 2260 1787 τισι
2294 1735 2401 1788 τῶν
2459 1737 2907 1807 συγγραμμάτων
2951 1738 3148 1791 αὐτοῦ’
3203 1758 3221 1789 t
3253 1741 3376 1792 Ὅτι
3419 1741 3480 1792 ού
3508 1740 3590 1795 δεῖ

334 1826 689 1898 παραϐαίνειν
719 1824 970 1895 νηστείαν
992 1826 1197 1897 Κυρίου
1225 1826 1313 1879 τὸν
1344 1827 1627 1898 μοναχὸνῆ
1660 1828 1749 1880 τὸν
1775 1828 1923 1898 ἱερέα
1942 1827 2170 1898 τετράδα
2205 1829 2298 1882 καὶ
2327 1828 2698 1900 παρασκευὴν,
2720 1833 2770 1883 εί
2803 1833 2875 1902 μή
2907 1848 2958 1884 τι
2989 1831 3083 1883 ἐπὶ
3103 1831 3242 1902 νόσῳ
3269 1831 3585 1905 βεϐάρηται,

333 1924 500 1995 χωρὶς
528 1923 629 1992 τῆς
663 1922 1040 1993 Πεντηκοστῆς
1064 1922 1098 1992 ἢ
1138 1920 1245 1974 τῶν
1281 1923 1659 1991 Ἐπιφανειῶν.
1687 1942 1705 1973 ι
1744 1922 1819 1976 De
1858 1924 1932 1975 his

1990 1939 2193 1994 nagnus
2224 1924 2552 1976 Athanasius
2589 1925 2642 1976 in
2676 1926 2855 1993 aliquo
2897 1928 3215 1994 scriptorum
3250 1944 3467 1981 suorum
3511 1931 3589 1983 ita

332 2032 387 2069 se
412 2014 698 2082 exprimit:
747 2031 766 2065 t
793 2011 1087 2065 Monachus
1130 2021 1222 2064 aut
1276 2013 1519 2065 sacerdos
1542 2012 1807 2081 jejunium
1851 2023 2058 2083 quam:
2093 2012 2169 2067 vel
2200 2022 2363 2065 senta:
2401 2012 2505 2064 diei
2537 2028 2639 2065 non
2673 2014 2864 2074 solvat,
2914 2015 3018 2066 nisi
3062 2015 3342 2068 decumbat
3381 2017 3586 2084 morbo,

330 2108 559 2175 exceptis
588 2103 893 2160 Pentecoste
920 2113 969 2158 et
1004 2104 1336 2175 Epiphaniis.
1375 2124 1393 2156 ι
1431 2103 1643 2158 Placuit
1672 2105 1822 2157 locus
1853 2105 1963 2171 hic,
2000 2106 2224 2174 ipsaque
2256 2103 2630 2174 Syntagmatis
2660 2106 2836 2158 nostri
2874 2106 3035 2158 verba
3065 2104 3411 2175 proferenda,
3444 2110 3588 2163 unde

332 2202 420 2257 illa
453 2204 743 2273 desumpta
776 2210 937 2257 sunt:
967 2201 1059 2273 Μὴ
1099 2202 1456 2273 παραϐαίνειν
1486 2202 1760 2274 νηστείαν,
1803 2204 2049 2254 τουτέστι
2089 2202 2319 2273 τετράδα
2344 2203 2436 2255 καὶ
2459 2202 2833 2272 παρασκευὴν,
2868 2203 2916 2254 εἱ
2953 2204 3026 2274 μή
3057 2220 3108 2255 τι
3136 2204 3228 2256 ἐπὶ
3261 2204 3398 2275 νόσῳ
3430 2204 3591 2273 βεϐά-

332 2316 514 2371 ρηται,
550 2298 1119 2369 χωρὶςΠεντηκοστῆς
1148 2298 1312 2367 μόνης
1352 2297 1447 2349 καὶ
1485 2297 1591 2349 τῶν
1630 2296 1931 2365 Ἐπιφανειί

1990 2316 2015 2349 ι.
2042 2298 2158 2349 Alia
2196 2297 2416 2366 ponitur
2444 2298 2695 2366 quaestio,
2727 2313 2847 2367 qua:
2876 2314 3029 2367 mque
3058 2299 3163 2351 huc
3198 2300 3390 2352 attinet
3414 2317 3427 2353 :
3452 2300 3589 2372 Περὶ

329 2395 420 2448 τοῦ
454 2394 656 2447 κλίνειν
684 2394 814 2462 γόνυ
840 2395 897 2446 ὲν
932 2392 1193 2463 Σαϐϐάτῳ
1224 2394 1255 2463 ὴ
1296 2393 1354 2445 ἐν
1388 2393 1591 2463 Νικαία
1632 2392 1846 2456 σύνοδος
1878 2394 2024 2464 καὶὴ
2054 2396 2110 2446 ὲν
2132 2393 2385 2463 Τρούλλῳ
2415 2393 2725 2464 διωρίσατο,
2778 2395 2895 2464 μεθ’
2929 2388 3004 2448 ὧν
3038 2395 3186 2449 καὶὸ
3227 2396 3397 2466 μέγας
3431 2396 3593 2451 Ἀθα-

329 2493 511 2554 vasto;
534 2490 657 2543 τάδε
684 2488 849 2558 φησί·
878 2490 965 2559 Μή
989 2488 1072 2549 τίς
1104 2504 1163 2540 σε
1196 2489 1444 2559 πλανήσῃ
1471 2487 1531 2541 τὸ
1562 2487 1820 2558 παράπαν
1853 2490 1910 2541 ὲν
1940 2491 2175 2559 κυριακῇ
2206 2492 2543 2555 γονυπετεῖν,
2575 2490 2606 2559 ἢ
2651 2490 2708 2541 ὲν
2742 2491 3118 2561 Πεντηκοστῇ·
3153 2493 3247 2545 καὶ⁵
3287 2492 3415 2562 περὶ
3451 2492 3593 2546 Σαϐη

328 2587 493 2640 ϐάτου
519 2587 621 2638 οὐκ
664 2582 836 2638 εἶπεν.
880 2585 1223 2653 Ἀπόκρισις·
1250 2582 1434 2647 Οὕτως
1475 2582 1586 2653 ἔχει
1632 2585 1723 2636 καὶ
1754 2586 1785 2654 ὴ
1817 2583 2072 2654 ἀλήθεια·
2111 2583 2249 2653 πλὴν
2282 2585 2335 2636 οἱ
2370 2583 2573 2647 πολλοὶ,
2607 2583 2694 2636 διὰ
2744 2584 2805 2636 τὸ
2856 2584 2932 2654 μὴ
2965 2584 3210 2652 γίνεσθαι
3248 2586 3498 2655 νηστείαν
3529 2589 3590 2640 ὲν

329 2682 615 2751 Σαϐϐάτῳ,
650 2680 748 2751 τὴν
774 2678 1120 2748 γονυκλισίαν
1147 2680 1419 2750 παρῆκαν.
1446 2677 1737 2744 Nimirum,
1764 2684 1831 2733 tle
1866 2695 1928 2748 ge

1991 2695 2003 2731 I
2043 2678 2131 2733 die
2175 2678 2401 2732 Sabbati
2438 2678 2729 2741 flectendo,
2764 2677 3003 2748 synodos
3041 2676 3314 2733 Nicmnam
3342 2688 3396 2733 et
3428 2678 3590 2734 Trul-

328 2778 504 2829 lanam
542 2775 827 2837 statuisse,
844 2781 897 2826 et
930 2770 1186 2842 magnum
1218 2771 1576 2826 Athanasium
1608 2774 1812 2841 pariter
1840 2774 2186 2827 enuntiasse:
2213 2770 2426 2827 Carene
2448 2773 2725 2842 quisquam
2756 2783 2805 2824 te
2829 2770 3041 2824 inducat
3063 2770 3341 2825 Dominica
3365 2771 3449 2825 die
3477 2788 3591 2827 esse

318 2866 672 2936 jejunandum
702 2864 933 2924 omnino,
958 2862 1061 2915 sive
1098 2863 1152 2915 in
1195 2861 1521 2915 Pentecoste.
1547 2860 1690 2914 Nihil
1717 2876 1843 2914 vero
1872 2860 2078 2915 dixisse
2107 2862 2173 2915 de
2198 2861 2456 2914 Sabbato.
2494 2859 2886 2929 Respondetur:
2906 2862 2995 2917 Sic
3024 2881 3079 2918 se
3101 2881 3180 2918 res
3207 2866 3366 2935 plane
3396 2866 3586 2931 habet;

320 2959 557 3029 plerique
587 2968 782 3017 tamen,
809 2957 935 3027 quia
967 2954 1199 3010 Sabbato
1230 2971 1331 3008 non
1354 2954 1652 3023 jejunatur,
1677 2953 2089 3024 genuﬂexionem
2120 2953 2549 3021 prwtermittunt.
2577 2950 2642 3005 Ut
2669 2953 2882 3024 singula
2910 2962 3225 3024 appareant,
3247 2972 3314 3010 en
3345 2956 3586 3011 Athana-

327 3050 471 3104 sium
505 3054 791 3101 nostrum:
826 3047 917 3117 Μή
948 3045 1032 3108 τίς
1062 3061 1123 3097 σε
1166 3044 1415 3115 πλανήσῃ
1444 3044 1500 3097 ἐν
1531 3045 1767 3115 κυριακῇ
1800 3043 2079 3112 νηστεύειν
2104 3043 2163 3095 τὸ
2199 3042 2482 3114 παράπαν,
2520 3045 2660 3115 μήτε
2695 3048 3007 3111 γονυπετεῖν
3031 3045 3093 3097 τὸ
3130 3047 3413 3116 παράπαν,
3450 3048 3589 3118 μήτε

328 3142 385 3193 ὲν
411 3139 782 3209 Πεντηκοστῇ.
819 3137 895 3189 Οὐ
932 3137 1037 3207 γάρ
1071 3137 1184 3189 ἐστι
1215 3135 1413 3206 θεσμὸς
1452 3135 1798 3205 Ἐκκλησίας.
1828 3134 1927 3188 Dut

1987 3136 2285 3204 fragmenta
2316 3135 2505 3189 istltwc
2535 3151 2643 3189 non
2671 3136 2806 3191 levis
2839 3145 2966 3191 sunt
2996 3138 3288 3206 ponderis;
3320 3138 3586 3208 tantique.

332 3245 391 3289 ut
420 3236 633 3289 nullum
667 3232 838 3288 ferme
883 3231 1107 3285 dubium
1143 3231 1505 3301 relinquatur.
1543 3229 1821 3300 Siquidem
1862 3229 1980 3299 ipsa
2013 3229 2255 3298 synodus
2284 3244 2350 3283 eo
2374 3227 2690 3282 testimonio
2719 3229 2914 3291 utitur,
2948 3244 3124 3297 neque
3158 3228 3357 3283 refellit
3400 3244 3591 3282 mona-

327 3327 463 3382 chos
489 3343 555 3381 ex
584 3324 885 3379 Athanasio
916 3334 1104 3377 nostro
1135 3323 1488 3379 disserentes.
1517 3324 1670 3393 Apud
1708 3322 2086 3377 Balsamonem
2140 3322 2382 3376 occurrit
2415 3322 2645 3391 quaestio
2675 3322 2742 3376 de
2765 3337 2907 3391 genu
2944 3322 2999 3375 in
3031 3322 3269 3377 Sabbato
3297 3321 3588 3386 flectendo,

327 3427 474 3472 mota
512 3434 543 3470 a
589 3416 873 3471 monachis
910 3424 1065 3469 extra
1104 3416 1292 3470 urbem
1328 3432 1387 3472 se
1430 3415 1844 3481 exercentibus,
1890 3422 2135 3485 tempore
2174 3404 2382 3475 Νῆροιαὶ
2435 3414 2761 3483 patriarcha:
2815 3423 2870 3468 et
2945 3415 3120 3469 Alexii
3168 3415 3457 3470 Comneni.
3504 3415 3589 3472 Ad

327 3529 493 3584 quam
527 3511 809 3582 respondit
838 3526 993 3565 sacra
1022 3510 1625 3581 Constantittopolitana
1655 3508 2143 3584 synodus.Verum
2177 3509 2435 3563 differunt
2464 3509 2923 3577 interrogationes
2954 3509 3170 3561 illorum
3194 3509 3588 3563 monachorum

325 3623 355 3661 a
409 3608 619 3661 nostris
653 3606 708 3659 in
743 3620 848 3659 ms.
886 3603 1089 3675 Regio,
1133 3615 1355 3674 propter
1395 3605 1612 3659 diversa
1669 3605 1870 3674 capita.
1918 3602 2129 3667 Porro,
2181 3603 2284 3657 etsi
2319 3602 2562 3672 ejusdem
2598 3608 2784 3655 essent
2828 3616 2952 3654 cum
3003 3599 3218 3654 caeteris
3250 3599 3389 3663 arvi,
3426 3614 3589 3653 nemo

325 3698 483 3753 facile
511 3699 616 3753 sibi
643 3699 1003 3767 persuaserit,
1034 3696 1318 3751 Athanasii
1359 3705 1492 3751 tunc
1530 3696 1960 3766 suppositionem
1992 3694 2224 3760 factam;
2271 3694 2367 3748 sed
2414 3702 2602 3748 contra
2632 3700 2812 3763 .putet,
2845 3694 3007 3761 longa
3049 3699 3210 3746 aetate
3253 3691 3412 3745 fidem
3443 3690 3587 3743 obti-

323 3791 515 3845 nuisse
539 3789 592 3842 in
625 3788 848 3843 Patrum
885 3803 1170 3843 consessu.
1205 3788 1453 3857 Conjicio
1488 3797 1667 3841 autem
1703 3787 2035 3856 quaestiones
2069 3788 2365 3839 eanonicas
2394 3794 2448 3839 et
2475 3784 2860 3853 responsiones
2890 3782 3095 3836 codicis
3133 3778 3285 3851 Regii
3318 3778 3383 3831 ad
3412 3792 3587 3833 saecu-

324 3882 435 3936 lum
466 3897 522 3935 ιχ
550 3881 885 3945 referendas,
916 3883 971 3935 in
997 3880 1199 3951 quibus
1230 3880 1288 3933 lit
1327 3879 1531 3934 mentio
1569 3879 1899 3949 typieorttm,
1951 3879 2369 3949 synaxariorum
2401 3876 2577 3931 sancti
2617 3872 2797 3929 Patris
2842 3874 3017 3927 nostri
3059 3871 3224 3938 Saba,
3276 3879 3330 3926 et
3370 3885 3581 3941 praece-

323 3976 499 4045 ptoris
528 3974 697 4028 eremi
735 3972 915 4042 magni
949 3970 1244 4042 Euthytnii,
1276 3986 1376 4024 nec
1412 3985 1519 4023 non
1555 3970 1612 4024 ὃ.
1641 3968 1926 4022 Athanasii
1967 3968 2114 4021 illius
2165 3966 2220 4020 in
2249 3972 2433 4020 monte
2464 3976 2673 4020 sancto.
2704 3962 3093 4017 Producuntur
3150 3961 3443 4017 concilium
3484 3959 3583 4017 Ni-

322 4084 531 4124 caenutn
554 4084 615 4130 ιι,
636 4069 670 4139 ή
692 4066 937 4130 ὲνώσεως
969 4066 1203 4130 σύνοδος,
1230 4069 1263 4137 ὴ
1294 4063 1559 4135 γενομένη
1585 4065 1644 4117 ἐν
1676 4064 1921 4117 Κωνσται

1981 4063 2086 4115 ίνου
2112 4061 2287 4129 πόλει,
2314 4062 2443 4130 περὶ
2459 4058 2568 4113 τῶν
2586 4058 2803 4128 γάμων,
2825 4057 3068 4128 synodus
3096 4053 3580 4120 Neocaesariensis,

323 4163 381 4218 S.
409 4163 646 4219 Basilius
683 4162 753 4217 ad
782 4162 1245 4233 Amphilochium.
2120 4161 2126 4167 ’

391 4275 533 4343 Quid
571 4278 642 4332 sit
671 4290 841 4347 quare
883 4275 1180 4347 Syntagtna
1209 4279 1460 4327 nostrum
1497 4269 1554 4324 S.
1590 4271 1873 4327 Athanasii
1912 4285 2033 4326 esse
2063 4275 2318 4338 nequeat,
2351 4267 2592 4322 nondum
2627 4264 2898 4336 perspicio
2932 4281 2946 4318 :
2993 4264 3246 4334 quamvis
3283 4262 3428 4316 enim
3462 4261 3582 4330 ipso

320 4370 376 4426 in
417 4370 540 4424 Vita
574 4369 633 4425 S.
666 4368 882 4423 Antonii
907 4367 1234 4432 narraverit,
1258 4376 1369 4421 tam
1408 4366 1599 4422 crebra
1627 4364 1960 4420 monasteria
1992 4363 2048 4416 in
2093 4361 2329 4434 [Egypto
2369 4370 2486 4413 tum
2518 4373 2625 4413 non
2657 4359 2851 4421 fuisse,
2894 4356 2990 4411 sed
3022 4370 3295 4425 quemque
3324 4368 3384 4409 se
3414 4367 3579 4408 exer-

320 4469 504 4523 cuisse
534 4481 565 4520 a
596 4482 699 4521 suo
726 4479 866 4535 pago
893 4478 1001 4517 non
1032 4463 1223 4532 procul
1248 4480 1262 4515 :
1306 4463 1476 4517 nihilo
1515 4478 1673 4517 secus
1707 4460 2007 4530 Gregorius
2034 4458 2434 4520 Nazianzenus,
2464 4454 2617 4509 Orat.
2654 4456 2712 4507 in
2742 4451 2954 4506 laudem
2980 4452 3288 4513 Athanasii,
3323 4448 3579 4511 allirmat,

329 4560 507 4615 Vitam
540 4558 761 4613 Antonii
790 4557 1137 4627 promulgare
1166 4557 1312 4627 leges
1343 4556 1675 4610 monasticas
1706 4555 1809 4608 sub
1835 4554 2019 4623 specie
2052 4552 2405 4606 narrationis.
2443 4549 2525 4603 Ad
2562 4550 2678 4603 haec
2707 4563 2832 4602 cum
2869 4547 3074 4600 nostris
3101 4550 3432 4609 congruunt,
3456 4556 3581 4611 qua:

317 4657 467 4728 legas
501 4658 554 4711 in
594 4655 653 4711 S.
701 4653 1003 4708 Athanasio
1045 4651 1122 4706 De
1153 4653 1478 4722 virginitate,
1515 4652 1634 4720 ἦτοι
1660 4652 1788 4720 περὶ
1822 4650 2129 4721 ἀσκήσεως.
2177 4648 2403 4718 Propter
2439 4646 2753 4715 Superbiam
2803 4643 3052 4697 diabolus
3083 4657 3151 4696 ex
3191 4641 3346 4695 caelis
3387 4640 3579 4709 praeci-

318 4754 614 4824 pitabatur.
643 4750 955 4821 Νήστευσον
986 4746 1104 4801 ὅλον
1144 4747 1235 4799 τὸν
1280 4746 1523 4800 ἐνιαυτὸν
1550 4747 1718 4816 χωρὶς
1752 4744 1933 4815 πάσης
1966 4745 2241 4812 ἀνάγκης·
2276 4740 2395 4812 ὥρᾳ.
2434 4739 2491 4791 δὲ
2540 4739 2736 4809 ὲννάτῃ
2778 4738 2876 4807 τῆς
2905 4734 3116 4806 ἡμέρας
3154 4736 3210 4787 ὲν
3248 4732 3439 4803 ὕμνοις
3481 4735 3577 4788 καὶ

315 4842 502 4913 εὐχαῖς
538 4838 912 4896 διατελέσασα.
943 4836 1325 4907 καταλάμϐανε
1353 4836 1445 4889 τὸν
1480 4837 1643 4907 ἄρτον
1678 4852 1769 4887 σου
1806 4836 1863 4888 ἐν
1893 4834 1914 4885 λ

1976 4834 2109 4905 (άνῳ
2134 4832 2595 4901 άναπεποιημὲνῳ
2625 4827 2811 4897 ἐλαίῳ.
2829 4826 3024 4896 Jejuno
3054 4824 3354 4878 universum
3379 4840 3575 4877 annum

316 4936 428 4988 sine
454 4933 764 4986 necessitate
794 4931 1048 4999 (melius,
1082 4914 1188 4982 nisi
1221 4927 1518 4983 necessitas
1549 4926 1693 4979 aliud
1723 4927 2028 4996 postulet);
2063 4926 2193 4977 hora
2228 4940 2345 4977 vero
2396 4937 2556 4984 nona,
2589 4922 2643 4973 in
2670 4919 2877 4989 hymnis
2924 4927 2973 4972 et
2990 4918 3212 4987 jejuniis
3255 4915 3572 4985 perdurans,

314 5038 462 5077 sume
499 5037 690 5091 panem
734 5033 881 5074 tuum
919 5037 1038 5074 cum
1085 5018 1315 5075 oleribus
1347 5019 1461 5073 oleo
1499 5018 1727 5087 refectis.
1758 5035 1775 5067 ι
1807 5003 2040 5070 Nuditas
2083 5031 2152 5069 ne
2184 5019 2445 5084 appareat
2493 5026 2677 5065 coram
2709 5013 2836 5066 alio.
2872 5008 2991 5064 Non
3040 5010 3143 5062 ibis
3178 5006 3244 5060 ad
3292 5007 3569 5071 balneum,

314 5115 588 5186 siquidem
637 5127 771 5169 sana
808 5114 918 5177 sis,
951 5112 1058 5168 nisi
1104 5121 1333 5183 urgente
1363 5113 1715 5166 necessitate.
1777 5109 1834 5163 Si
1862 5124 1913 5163 cc

1970 5125 2062 5178 pus
2091 5107 2388 5168 infirmum,
2421 5104 2621 5175 χρῆσαι
2657 5105 2783 5174 οἴνῳ
2821 5103 2987 5173 ὀλίγῳ
3019 5100 3105 5154 διὰ
3149 5103 3238 5155 τὸν
3281 5099 3569 5171 στόμαχον.

311 5206 471 5273 Quod
517 5209 563 5263 si
617 5206 767 5261 adsit
805 5205 1196 5262 catechumena
1241 5208 1297 5260 in
1340 5219 1553 5266 mensa,
1598 5218 1667 5257 ne
1720 5210 1837 5257 oret
1879 5216 2003 5255 cum
2040 5199 2310 5263 ﬁdelibus,
2340 5212 2517 5269 neque
2572 5194 2789 5250 sedebis
2833 5202 2887 5249 et
2919 5207 3027 5247 una
3074 5207 3197 5245 cum
3244 5192 3334 5245 illa
3378 5207 3573 5262 panem

310 5300 591 5354 comedes.
631 5297 691 5351 St
718 5298 1001 5366 virjustus
1037 5298 1106 5352 ad
1135 5307 1187 5353 te
1211 5298 1443 5361 venerit,
1475 5296 1597 5349 lava
1620 5295 1671 5349 ei
1707 5294 1891 5364 pedes.
1929 5291 1988 5347 Si
2021 5292 2263 5361 virgines
2294 5290 2650 5345 advenientes
2682 5288 2868 5342 vinum
2897 5286 3108 5349 bibant,
3132 5287 3344 5340 etiamsi
3381 5294 3437 5338 tu
3460 5299 3572 5339 non

313 5393 477 5459 bibis,
514 5399 742 5461 propter
772 5404 864 5445 eas
913 5390 1037 5445 bibe
1064 5390 1385 5460 pauxillum.
1432 5387 1491 5441 In
1530 5388 1764 5443 ecclesia
1801 5395 1945 5453 tace,
1975 5400 2076 5438 nec
2108 5384 2406 5454 quidquam
2454 5383 2721 5453 loquaris,
2764 5380 2860 5435 sed
2906 5379 3232 5435 lectionibus
3270 5376 3512 5432 intende.
3544 5398 3563 5430 ι

312 5489 583 5544 Similiter
615 5487 675 5542 in
714 5483 1099 5542 Exhortatione
1136 5486 1203 5540 ad
1238 5485 1541 5551 monachos,
1571 5500 1737 5555 quam
1775 5483 1969 5539 Latine
1998 5483 2265 5539 habemus
2297 5482 2353 5536 in
2390 5489 2537 5537 torno
2566 5478 2610 5534 ll
2640 5477 2806 5551 Opp.,
2844 5478 2893 5533 si
2935 5478 3204 5533 donamus
3240 5489 3365 5531 esse
3387 5472 3573 5528 Atha-

375 5704 491 5777 (21)
531 5703 594 5758 ιιι
623 5699 783 5757 festis
805 5697 1039 5755 Domini.
