4050 6396
461 364 569 422 8J5
1595 357 1657 414 S.
1697 356 2158 414 ATHANASIUS.
2198 388 2269 398 —-
2297 356 2567 449 Sl’U/RIA.
3598 353 3704 408 836

463 485 628 550 nasii,
656 480 1324 552 commendanturjejunia
1343 487 1536 552 praeter
1563 475 1922 542 Dominicam,
1959 479 2006 533 si
2027 477 2205 532 votiva
2237 479 2380 532 sint:
2407 463 2630 533 habitus
2655 477 2799 542 vilis,
2832 486 2996 547 atque
3029 475 3134 531 alia
3158 476 3417 531 nonnulla
3444 473 3702 528 facillime

461 593 590 632 cum
631 579 835 633 nostris
867 575 1256 645 comparanda.

531 663 718 738 Stylus
757 662 1122 734 Syutagniatis
1161 662 1230 715 ab
1274 657 1644 714 Athanasiano
1683 671 1792 712 non
1827 667 1912 714 est
1935 657 2069 713 adeo
2107 666 2374 723 remotus,
2429 658 2872 729 quandoquidem
2908 659 2961 713 in
3009 667 3242 712 tractatu
3278 657 3355 712 De
3402 657 3704 728 virginitate

459 757 628 812 multa
665 757 855 812 iisdem
889 756 1070 810 verbis
1103 753 1394 823 modisque
1425 750 1642 806 dicendi
1673 751 2071 821 exprimuntur.
2100 750 2440 807 Subdiliicile
2471 759 2652 806 tamen
2685 752 2863 806 visum
2891 749 2993 806 fuit
3031 751 3436 812 demonstrare,
3457 749 3702 802 Athana-

457 849 598 904 sium
627 863 922 918 usurpasse
953 849 1177 903 verbum
1213 846 1386 900 θέλειν
1416 862 1539 900 cum
1572 845 1843 900 inﬁnitive
1866 887 1881 909 ,
1921 846 2015 900 loc«

2120 848 2402 916 nperativi,
2435 863 2488 902 v.
2514 861 2564 900 c.
2595 845 2716 900 θέλε
2745 847 3066 917 ἀγρυπνεῖν,
3103 861 3202 916 pro
3233 843 3507 915 ἀγρύπνει
3527 861 3543 875 ο
3577 842 3717 896 θέλε.

461 941 660 1013 μένειν,
692 957 790 1010 pro
809 941 1102 1011 ’μένεμιιιιε
1138 939 1370 993 barbara
1406 941 1476 992 sit
1507 938 1746 992 locutio:
1785 938 2015 992 nutaban

2120 939 2172 991 iu
2197 939 2251 992 in
2285 954 2349 994 ea
2381 955 2461 1004 re,
2493 939 2669 993 donec
2699 939 2998 993 invenirem
3038 939 3092 992 in
3128 935 3185 993 S.
3217 935 3407 990 Basilii
3445 948 3702 989 sermone

459 1031 534 1088 De
557 1032 886 1087 abdicatione
911 1047 1085 1087 rerum
1109 1047 1128 1084 :
1156 1030 1249 1100 Μὴ
1279 1028 1399 1082 θέλε
1429 1027 1673 1099 διορθοῦν
1701 1027 1982 1099 ὲπασμοὺς
2005 1045 2015 1060 ι

2144 1026 2367 1098 θηρίων,
2403 1043 2501 1097 pro
2533 1027 2767 1099 διόρθου.
2802 1026 2955 1090 Item,
2977 1026 3070 1099 Μὴ
3093 1027 3184 1080 ἔσο
3222 1025 3529 1098 περίεργος,
3563 1021 3700 1094 μηδὲ

457 1127 632 1184 πάντα
663 1127 878 1199 βλέπειν
908 1128 1048 1189 θέλε,
1071 1141 1172 1196 pro
1207 1124 1394 1196 βλέπε.
1418 1123 1570 1178 Unde
1602 1124 1748 1177 illius
1779 1139 2015 1193 argumei

2120 1123 2224 1178 vim
2253 1124 2556 1178 evadimus.
2594 1123 2724 1180 Post
2747 1125 2928 1179 omnia
2959 1125 3063 1179 ista
3094 1123 3224 1193 quid
3259 1121 3466 1177 restat?
3495 1118 3699 1175 nemini

455 1219 778 1290 rapiendum
805 1217 1074 1288 judicium
1115 1231 1299 1280 suum,
1330 1231 1506 1286 neque
1539 1214 1700 1269 etiam
1735 1215 2099 1269 resistendum
2130 1224 2186 1270 et
2211 1215 2624 1285 repugnandum
2655 1225 2845 1270 contra
2876 1217 3182 1280 veritatem,
3211 1215 3279 1269 ad
3309 1229 3474 1286 quam
3499 1213 3547 1268 si
3573 1211 3700 1282 quis

454 1297 760 1367 curiosiore
785 1311 1165 1366 observatione
1193 1309 1585 1380 penetraverit,
1621 1309 1688 1364 de
1719 1309 1938 1379 publico
1972 1308 2112 1363 bene
2149 1308 2471 1363 merebitur.

527 1402 657 1458 Ηωσ
683 1391 1066 1463 Arnoldus,'vir
1089 1417 1216 1455 sane
1242 1417 1344 1471 non
1371 1401 1544 1454 minus
1571 1400 1868 1454 eruditione
1891 1417 2051 1470 quam
2070 1401 2318 1455 comitate
2339 1411 2390 1455 et
2422 1401 2780 1457 moderatione
2804 1403 3136 1471 conspicuus.
3173 1399 3274 1455 Sed
3313 1415 3440 1468 pace
3469 1401 3568 1454 viri
3599 1399 3695 1453 do-

455 1497 699 1558 ctissimi,
729 1495 862 1556 haec,
894 1502 1074 1548 nostra
1097 1467 1304 1562 quidem
1326 1491 1555 1560 judicio,
1590 1507 1693 1544 non
1729 1499 1852 1544 sunt
1885 1467 2063 1560 magni
2097 1479 2346 1544 momenti
2379 1489 2446 1544 ad
2482 1491 2578 1545 hoc
2607 1491 2912 1561 opusculum
2931 1467 3234 1543 Athanasio
3255 1467 3692 1557 adjudicandum.

457 1587 602 1642 Nam
629 1585 768 1656 quod
811 1584 876 1638 de
905 1582 1284 1654 quiestionibus
1315 1581 1606 1640 canonicis.
1637 1579 1728 1633 ubi
1776 1581 1988 1634 nomine
2021 1577 2301 1632 Athanasii
2331 1579 2574 1649 quadam
2618 1595 2684 1634 ea:
2719 1581 2816 1633 hoc
2857 1579 3198 1650 Syntagmate
3229 1580 3545 1649 aﬂ'eruntur,
3577 1580 3696 1634 licet

455 1695 632 1734 revera
670 1677 780 1731 illa:
809 1677 863 1730 in
893 1674 1122 1746 quodam
1153 1675 1377 1730 concilio
1411 1675 1568 1730 edita:
1599 1675 1844 1744 fuissent,
1867 1673 2005 1743 quod
2037 1683 2210 1726 tamen
2241 1673 2402 1728 dubio
2425 1676 2638 1728 minime
2663 1687 2850 1736 vacat;
2881 1675 2935 1728 in
2958 1673 3170 1743 synodis
3195 1672 3504 1744 quandoque
3531 1673 3699 1727 Atha-

458 1771 593 1825 nasii
623 1770 829 1822 nomine
865 1782 1022 1834 opera
1056 1768 1368 1833 laudantur,
1398 1782 1516 1837 qua:
1549 1775 1726 1819 tamen
1757 1774 1962 1819 constat
1989 1764 2272 1818 Athanasii
2301 1783 2404 1820 non
2435 1783 2580 1830 esse;
2617 1777 2675 1820 ut
2709 1766 2881 1820 videre
2897 1776 2975 1820 est
3007 1767 3061 1818 in
3100 1764 3328 1820 secunda
3358 1765 3582 1822 Nica’na
3610 1770 3698 1822 ubi

458 1858 698 1916 llistoria
725 1857 976 1928 imaginis
1003 1858 1315 1929 Berytensis
1359 1856 1430 1910 ad
1461 1857 1672 1911 verbum
1719 1855 1928 1925 legitur,
1975 1871 2134 1924 quam
2171 1871 2320 1908 nemo
2367 1872 2470 1910 non
2510 1857 2712 1924 fatetur
2742 1857 3036 1911 Athanasio
3062 1855 3513 1923 abjudicandam:
3559 1859 3694 1929 quod
3751 1900 3758 1906 .

455 1951 646 2020 potiori
677 1955 880 2003 ratione
911 1949 975 2002 de
1010 1948 1431 2018 subsequentium
1461 1947 1778 2002 steculorum
1812 1945 2028 2016 synodis
2075 1945 2464 2000 testimandum.
2513 1945 2690 2002 Multa
2735 1956 2872 2002 certe
2919 1958 3128 2004 exstant
3172 1950 3354 2020 spuria
3395 1966 3551 2020 opera
3579 1968 3694 2021 quae

455 2051 602 2097 sexto
629 2040 708 2094 vel
731 2042 948 2108 septimo
979 2039 1170 2094 sicculo
1192 2049 1417 2092 exarata
1449 2047 1592 2099 sunt,
1617 2053 1834 2108 quaeque
1859 2054 1890 2090 a
1912 2038 2288 2104 posterioribus
2320 2035 2439 2091 inde
2469 2035 2684 2106 synodis
2717 2037 3118 2108 auctoribusque
3146 2039 3359 2094 laudari
3393 2051 3694 2112 potuerunt.

456 2133 610 2200 Quod
664 2142 860 2201 spectat
891 2148 1007 2187 vero
1047 2132 1352 2202 afﬁnitatem
1389 2137 1739 2201 quorumdam
1779 2131 1936 2201 hujus
1967 2132 2204 2200 opusculi
2228 2131 2464 2186 locorum
2487 2147 2604 2185 cum
2651 2133 2774 2186 aliis
2806 2131 2928 2186 libri
2965 2133 3038 2188 De
3061 2135 3369 2203 virginitate
3395 2145 3444 2190 et
3485 2136 3560 2190 De
3601 2153 3696 2191 ex-

459 2229 772 2282 hortatione
803 2229 868 2282 ad
894 2228 1192 2282 monachos
1227 2227 1378 2292 locis,
1397 2227 1450 2280 id
1481 2227 1702 2280 minoris
1735 2225 1904 2279 adhuc
1924 2236 2002 2280 est
2029 2227 2222 2294 pretii:
2259 2235 2368 2278 tum
2399 2229 2522 2294 quia
2555 2226 2704 2292 prior
2732 2226 2863 2279 liber
2892 2242 3080 2296 magna
3104 2227 3418 2296 suspicione,
3440 2231 3699 2298 posterior

453 2331 629 2390 aperte
656 2320 838 2391 νοθείᾳ
861 2321 1110 2384 laborat;
1144 2331 1265 2374 tum
1297 2321 1421 2390 quia
1465 2321 1838 2389 prtcceptiones
1873 2321 1982 2374 illa:
2014 2321 2320 2374 monasticis
2366 2321 2430 2374 de
2469 2319 2677 2390 jejunio
2700 2361 2716 2384 ,
2750 2321 2974 2392 aliisque
3003 2321 3470 2387 observationibus,
3505 2329 3697 2379 eadem

453 2406 616 2476 ferme
639 2407 690 2460 in
725 2410 886 2462 variis
917 2408 1221 2463 auctoribus
1253 2409 1539 2478 leguntur;
1569 2409 1644 2462 ita
1681 2419 1738 2462 ut
1771 2409 1976 2462 nullum
2003 2409 2122 2462 hinc
2161 2413 2326 2477 possit
2357 2411 2472 2464 erui
2498 2423 2884 2480 argumentum.
2917 2413 3088 2468 Nobis
3128 2417 3301 2486 itaque
3333 2419 3547 2472 omnino
3575 2434 3698 2486 spu-

453 2499 591 2553 rium
619 2499 822 2553 videtur
847 2500 944 2553 hoc
972 2501 1304 2569 opusculum,
1329 2509 1440 2552 tant
1471 2499 1534 2552 ob
1569 2501 1694 2568 styli
1725 2516 1908 2568 genus,
1938 2497 2079 2568 quod
2105 2499 2169 2552 ab
2201 2500 2484 2554 Athanasii
2505 2503 2757 2574 ἐνεργείᾳ⁵
2791 2505 2983 2558 mirum
3003 2522 3160 2575 quam
3183 2518 3438 2562 remotum
3464 2511 3556 2572 sit,
3589 2520 3696 2563 tant

452 2592 516 2646 ob
547 2594 741 2648 multas
777 2595 989 2648 voculas
1018 2611 1135 2665 qua:
1149 2593 1404 2663 sequioris
1433 2598 1528 2647 aevi
1565 2603 1746 2647 notam
1767 2593 2015 2662 praeferar

2120 2603 2146 2645 rt
2167 2603 2244 2646 est
2269 2593 2402 2647 illud
2427 2595 2971 2667 ἀκεροπερίσπαστον
2986 2613 3074 2652 seu
3108 2599 3693 2671 ἀκαιροπερίσπαστον,

453 2683 586 2740 illud
637 2685 797 2739 etiam
839 2685 1121 2758 καταψυχή
1146 2727 1162 2748 ,
1195 2686 1358 2760 304
1386 2687 1658 2748 simultas,
1697 2686 1854 2745 item,
1890 2686 2015 2738 ὲπαι

2120 2684 2298 2750 εσθαι,
2333 2687 2437 2740 nisi
2469 2689 2540 2741 sit
2565 2689 2827 2752 mendum,
2867 2690 3274 2762 ἐργατεύεσθαι,
3308 2693 3697 2764 περικακῶσιν,

451 2791 546 2844 pro
576 2791 718 2847 aegre
746 2777 952 2832 ferant:
975 2789 1024 2832 et
1045 2778 1241 2832 similia
1267 2777 1390 2831 bene
1418 2777 1588 2832 multa
1611 2791 1706 2846 pro
1731 2775 1981 2829 brevitate
2005 2776 2274 2844 opusculi;
2309 2775 2448 2846 quod
2471 2793 2633 2848 neque
2656 2780 2874 2848 potioris
2893 2795 3006 2834 esse
3033 2783 3348 2838 conditionis
3371 2784 3698 2837 arbitramur

451 2881 610 2935 quam
639 2877 828 2921 cwtera
858 2867 1111 2935 opuscula
1142 2867 1390 2933 ascetica,
1423 2882 1541 2936 qute
1579 2865 1862 2919 Athanasii
1893 2864 2098 2918 nomine
2130 2864 2533 2936 subsequuntur.
2577 2867 2839 2923 Caeterum
2883 2871 3108 2928 Arnoldi
3140 2884 3294 2930 notas
3329 2893 3432 2930 non
3465 2877 3696 2948 integras

451 2953 536 3010 hic
560 2957 890 3023 subiicimus,
925 2967 1035 3012 tum
1077 2961 1202 3029 quia
1226 2959 1539 3028 prolixiores
1573 2969 1693 3014 sunt
1727 2977 1886 3030 quam
1934 2959 2168 3013 instituti
2206 2961 2374 3014 nostri
2404 2964 2542 3017 ratio
2571 2963 2731 3032 ferat,
2765 2975 2872 3020 tum
2911 2969 3034 3038 quia
3072 2972 3240 3026 multa
3283 2973 3693 3042 complectuntur

449 3065 566 3121 quis
589 3053 642 3108 in
670 3051 1024 3109 Onomastico
1058 3065 1240 3112 nostra
1278 3057 1590 3125 explicanda
1624 3057 1846 3111 venient.
3186 3051 3196 3060 ’
3441 3047 3444 3051 ’

1541 3255 1680 3308 ΤΟΥ
1713 3257 1804 3310 EN
1841 3257 2066 3312 ΑΙἸΟΙΣ
2098 3260 2368 3313 ΠΑΤΡΟΣ
2407 3261 2603 3318 ΗΜΩΝ

1649 3459 1656 3466 -
1757 3388 2399 3514 ΑΘΑΝΑΣΙΟΥ

451 3601 849 3659 ΣΥΝΤΑΓΜΑ
900 3607 1387 3662 ΔῙΔΑΣΚΑΛΙΑΣ
1427 3611 1624 3664 ΠΡΟΣ
2395 3613 2679 3668 ΠΑΝΤΑΣ
2726 3613 3229 3678 ΧΡΙΣΤΙΑΝΟΥΣ,
3277 3615 3694 3672 ΚΛΗΡΙΚΟΥΣ

1467 3907 1558 3994 S.
1636 3911 1744 3996 P.
1823 3912 1943 4000 N.
2018 3910 2664 4018 ATHANASII

550 4080 942 4141 SYNTAGMA
988 4087 1396 4146 DOCTRINAE'
1438 4093 1538 4148 AD
1571 4095 2012 4236 MONACQIngi
2494 4097 3001 4156 CHRISTIANOS
3037 4097 3189 4154 ΤΑΜ
3225 4095 3582 4155 CLERICOS

527 4377 577 4433 ι.
625 4375 883 4434 Ecclesiae
928 4381 1210 4438 catholicae
1251 4384 1520 4452 ﬁliorum,
1564 4396 1618 4444 et
1669 4392 2015 4460 potissimum

2195 4400 2245 4454 i.
2275 4401 2462 4454 Ἔστιν
2492 4401 2521 4452 ὁ
2553 4399 2666 4470 βίος
2696 4398 2803 4452 τῶν
2834 4398 2964 4452 υἱῶν
2990 4399 3087 4469 τῆς
3121 4397 3429 4470 Καθολικῆς
3468 4397 3690 4469 Ἐκκλη-

445 4469 903 4524 anachoretarum
953 4473 1068 4529 sive
1128 4479 1558 4544 monachorum,
1618 4482 1726 4537 tale
1770 4493 1855 4539 est
1892 4489 2015 4544 vita

2127 4493 2270 4557 σίας,
2319 4493 2414 4546 καὶ
2463 4491 2696 4563 μάλιστα
2735 4490 2842 4543 τῶν
2880 4491 2938 4542 ὲν
2981 4491 3118 4562 αὐτῇ
3159 4469 3527 4562 ἀναχωρήτῶν
3575 4489 3688 4561 ἤτοι

451 4559 671 4630 θεειιάειδ
698 4575 891 4631 genus.
930 4559 1115 4618 Gratia
1145 4567 1367 4636 quidem
1408 4569 1543 4623 salvi
1591 4585 1782 4627 sumus
1805 4573 1879 4642 ";
1921 4579 2015 4633 sed

2126 4582 2395 4654 μοναχῶν,
2427 4570 2618 4646 οὕτως.
2649 4582 2843 4652 Χάριτι
2885 4581 2982 4651 μέν
3011 4583 3180 4650 ἐσμεν
3213 4579 3508 4651 σωζόμενοι
3527 4596 3540 4610 ·
3579 4580 3686 4632 ἀλλ’

446 4651 622 4726 gratia
659 4650 800 4708 ﬁlios
847 4669 999 4721 suos,
1039 4657 1322 4726 sapientiae
1359 4661 1492 4714 item
1539 4663 1829 4733 omnisque
1861 4669 2014 4736 probi

448 4743 630 4812 operis
659 4743 798 4800 ﬁlios
825 4761 950 4801 esse
985 4757 1252 4818 peroptat,
1287 4750 1380 4818 qui
1414 4751 1616 4805 bonum
1639 4755 2015 4822 experimento

447 4843 800 4903 cognoscant,
828 4843 882 4890 et
919 4838 993 4891 ita
1042 4854 1203 4908 agere
1244 4841 1512 4896 nitantur.
1546 4840 1622 4898 Te
1652 4843 1835 4913 itaque
1867 4861 1942 4901 ret
1961 4855 2015 4900 ta

451 4923 760 4992 hujttsntodi
827 4926 934 4981 [ide
999 4927 1224 4998 ilignum
1300 4933 1576 4986 constitue
1623 4933 1862 4998 πίθοιο,
1927 4934 2014 4988 di-

449 5016 588 5072 lecte
627 5019 720 5084 mi,
764 5018 880 5073 bzec
928 5020 1180 5074 servandi
1213 5023 1515 5090 proposito.
1562 5023 1696 5078 Nam
1753 5035 1882 5080 sunt
1923 5027 2016 5096 qui

449 5121 572 5161 cum
619 5107 704 5163 his
763 5113 1050 5182 praeceptis
1098 5123 1381 5182 pugnent:
1428 5133 1448 5165 ι
1485 5113 1692 5186 Diliges
1725 5115 2015 5172 Dominum

448 5196 616 5253 Deum
640 5209 793 5254 tuum
813 5217 878 5255 ex
914 5209 1027 5256 toto
1051 5203 1216 5259 corde
1239 5214 1353 5270 tuo,
1375 5214 1428 5259 et
1453 5221 1520 5260 ex
1546 5215 1657 5260 tota
1684 5209 1864 5263 anima
1898 5219 2012 5274 tua,

449 5296 504 5342 et
544 5291 850 5358 proximum
887 5304 1038 5350 tuum
1083 5297 1224 5350 sicut
1262 5297 1496 5366 teipsum
1527 5299 1590 5353 ιθ.
1629 5298 1748 5352 Non
1779 5301 2016 5364 occides,

449 5391 563 5434 non
587 5380 966 5452 mmcbaberis,
989 5403 1008 5438 ι
1032 5400 1140 5442 non
1169 5387 1532 5454 scortaberis,
1560 5403 1760 5458 pueros
1791 5407 1861 5446 ne
1897 5407 2020 5446 cor-

437 5523 444 5528 ’
523 5534 566 5567 ι’
603 5533 800 5605 Ephes.
829 5552 892 5598 ll.
923 5539 976 5594 8.
1037 5541 1079 5573 ³⁸
1105 5540 1292 5596 Matth.
1327 5559 1461 5611 xm,
1493 5540 1580 5607 37,
1607 5542 1697 5598 59.

520 5671 632 5743 (22)
661 5670 722 5743 ξ’.
753 5673 1165 5743 δοκιμάσαντας.

521 5740 632 5814 (23)
656 5740 714 5798 F.
750 5740 1064 5813 ζηλοῦντας.

2120 4674 2153 4742 ἡ
2189 4672 2348 4742 χάρις
2379 4670 2734 4742 αὐθαιρέτως
2765 4669 3009 4740 βούλεται
3034 4665 3170 4723 εἶναι
3198 4671 3323 4734 τοὺς
3346 4670 3546 4741 ἑαυτῆς
3569 4673 3688 4724 παῖ-

2119 4762 2215 4826 δας
2235 4762 2330 4816 καὶ
2361 4761 2553 4832 acacia;
2576 4763 2725 4825 υἱοὺς
2755 4764 2846 4815 καὶ
2877 4763 3055 4834 πάσης
3081 4762 3330 4834 πράξεως
3354 4761 3583 4833 ἀγαθῆς,
3607 4762 3688 4815 80-

2121 4852 2450 4923 κιμίἁσαντες
2479 4852 2589 4923 (22)
2617 4852 2678 4906 τὸ
2712 4851 2894 4915 καλὸν,
2917 4851 3199 4924 ζηλοῦντες
3228 4853 3360 4924 (25),
3422 4852 3518 4907 καὶ
3551 4851 3685 4906 οὕτω

2120 4943 2396 5014 πράττειν.
2425 4944 2538 5012 Τῆς
2568 4939 2661 4997 οὖν
2685 4943 2849 5016 ὀρθῆς
2870 4945 3073 5016 ταύτης
3102 4945 3334 5008 πίστεως
3357 4944 3507 5010 ἄξιον
3535 4962 3685 4998 σεαυ-

2118 5031 2207 5083 τὸν
2239 5033 2544 5104 εὐτρέπιζε,
2579 5033 3036 5106 προϐεϐλημένος,
3083 5037 3353 5108 ἀγαπητὲ,
3385 5036 3558 5090 ταῦτα
3590 5054 3684 5104 φυ-

2119 5118 2362 5174 λάττειν·
2404 5122 2760 5190 ἀγωνίζονται
2797 5186 2799 5189 ι
2827 5123 2965 5192 μετὰ
3007 5123 3099 5177 τοῦ
3129 5125 3260 5196 (24),
3293 5145 3312 5176 ι
3340 5125 3542 5197 Κύριον
3598 5127 3684 5178 τὸν

2119 5209 2250 5262 Θεόν
2275 5227 2366 5264 σου
2389 5213 2694 5284 ἀγαπήσεις
2725 5213 2784 5278 ἐξ
2819 5214 2947 5285 ὅλης
2969 5214 3192 5286 καρδίας
3217 5233 3334 5280 σου,
3363 5218 3457 5270 καὶ
3479 5217 3536 5284 ἐξ
3562 5217 3682 5287 ὅλης

2125 5301 2222 5371 τῆς
2249 5301 2424 5373 ψυχῆς
2485 5319 2599 5368 σου,
2663 5307 2756 5358 καὶ
2797 5306 2890 5359 τὸν
2935 5306 3159 5376 πλησίον
3193 5323 3286 5360 σου
3329 5308 3404 5372 ὡς
3443 5308 3676 5362 σεαυτόν.

2125 5393 2200 5445 Οὐ
2218 5394 2516 5463 φονεύσεις,
2537 5398 2598 5450 ού
2627 5400 2952 5470 μοιχεύσεις,
2981 5420 2999 5453 ι
3023 5402 3082 5454 οὐ
3115 5401 3452 5472 πορνεύσεις,
3482 5404 3541 5458 ού
3559 5418 3680 5459 παι-

2195 5679 2304 5752 (ει)
2347 5680 2442 5736 Hic
2480 5682 2724 5753 quaedam
2760 5684 3158 5742 desiderantur.
