4050 6396
298 346 402 402 837
1611 349 1988 407 SYNTAGMA
2024 350 2416 410 DOCTRINAS.
3436 358 3544 416 838

295 458 672 530 δοφθορήσεις,
700 455 782 526 [ού
806 453 1259 529 ξφαρμακεύσεις,
1318 459 1380 512 οὐ
1433 460 1840 533 διχοστατήσεις

1978 479 2223 535 rumpas,
2255 465 2517 522 veneﬁcio
2550 482 2617 523 ne
2646 475 2822 534 utare,
2855 483 2925 523 ne
2962 468 3293 524 simultatem
3315 468 3543 538 habeas,

297 549 500 619 ἀπέχου
529 546 778 612 πνικτοῦ,
825 547 919 600 καὶ
951 547 1322 617 εἰδωλοθύτου,
1361 551 1455 603 καὶ
1485 552 1733 623 αἵματος.
1762 553 1852 606 Κα

1974 556 2187 612 abstine
2231 572 2263 611 a
2310 557 2607 625 sullocalo,
2648 559 2716 615 ab
2770 559 3048 615 immolato
3095 567 3149 615 et
3187 575 3219 613 a
3256 562 3541 632 sanguine.

294 637 465 692 ταῦτα
505 637 608 709 μέν
638 638 755 689 ἐστι
795 635 864 689 τὰ
899 637 1152 709 προφανῆ
1197 639 1600 711 ἁμαρτήματαθ
1628 641 1684 693 al
1715 641 1772 694 δὲ
1796 641 1852 703 ὡς

1972 643 2098 701 Haec
2121 654 2249 702 sunt
2299 649 2593 718 conspicua
2649 658 2909 719 peccata;
2940 665 3061 720 qua:
3093 658 3274 703 autem
3333 651 3543 706 n.inora

293 732 700 803 ἐλαχιστότεραι
730 730 1048 801 φαινόμεναι
1084 730 1313 793 ἐντολαὶ,
1348 727 1423 784 ὧν
1464 736 1558 786 καὶ
1586 733 1763 787 αὐτῶν
1786 734 1872 787 λό-

291 842 385 894 γον
420 821 793 891 ἀποδώσομεν,
824 822 962 873 εἰσὶν
1004 813 1196 873 αὗται·
1239 822 1389 886 Τέως
1427 823 1526 892 μὲν
1556 824 1680 886 τοὺς
1710 824 1872 893 μονά-

292 915 481 980 ζοντάς
514 932 575 967 τε
618 915 713 968 καὶ
737 916 1025 984 ἐγκρατεῖς
1052 912 1133 965 δεῖ
1157 913 1700 985 άνακεχωρισμένους
1730 910 1870 969 εἶναι

291 1006 397 1059 ἀπὸ
425 1005 724 1073 γυναικῶν,
759 1005 852 1056 καὶ
883 1004 1017 1075 μήτε
1039 1006 1118 1067 εἰς
1146 1004 1361 1074 ὁμιλίαν
1385 1005 1564 1058 αὐτῶν
1591 1006 1867 1077 ἔρχεσθαι,

291 1098 339 1150 εί
364 1096 608 1159 δυνατὸν,
644 1097 779 1167 μήτε
806 1096 935 1167 ὁρᾷν
978 1094 1146 1158 αὐτὰς
1189 1095 1605 1166 φιλοτιμεῖσθαι,
1643 1098 1729 1149 ἵνα
1761 1099 1868 1169 μή-

289 1205 373 1253 τις
405 1188 577 1258 ζημία
610 1188 857 1258 γένηται,
880 1187 975 1240 ἐὰν
1008 1186 1266 1259 μοιχεύσῃ
1301 1187 1496 1259 καρδία
1517 1189 1604 1243 διὰ
1638 1191 1734 1261 τῆς
1758 1191 1868 1244 τῶν

288 1280 579 1350 ὀφθαλμῶν
608 1279 870 1351 ὁράσεως.
896 1278 1260 1332 Φυλάττεσθαί
1290 1296 1348 1332 τε
1375 1280 1449 1350 μὴ
1476 1276 1612 1333 εἶναι
1638 1280 1863 1349 δίλογον,

292 1371 367 1441 μὴ
397 1369 688 1440 δίγνωμον,
729 1369 802 1440 μὴ
839 1369 1099 1439 ψεύστην,
1139 1369 1214 1441 μὴ
1258 1369 1582 1434 κατάλαλον,
1626 1371 1701 1444 μὴ
1739 1374 1868 1426 ἀκε-

291 1460 746 1532 ροπερίσπαστον,
810 1460 883 1532 μὴ
946 1460 1316 1532 ἀναίσχυντον.
1382 1464 1456 1533 μὴ
1512 1463 1732 1534 ῥέμϐον,
1791 1464 1865 1537 μὴ

288 1552 630 1622 ἀναίσθητον,
671 1553 744 1623 μὴ
773 1551 1001 1623 αὐθάδη,
1032 1554 1107 1624 μὴ
1139 1554 1346 1624 σαπρὸν
1368 1553 1523 1623 λόγον
1548 1557 1611 1609 ἐκ
1642 1557 1863 1627 χειλέων

290 1645 651 1717 προφέροντα,
692 1646 826 1717 μήτε
873 1647 1033 1717 ὅρκον
1071 1646 1206 1707 ὅλως
1252 1647 1314 1700 τὸ
1368 1649 1661 1720 παράπαν*
1703 1650 1860 1714 ἀλλὰ,

287 1740 394 1805 ναὶ,
426 1738 538 1801 ναὶ,
570 1737 657 1802 οὒ,
683 1737 743 1791 ού
803 1739 912 1791 Καὶ
938 1738 1032 1791 ἐάν
1061 1756 1162 1791 που
1188 1739 1402 1810 ἀνάγκη
1435 1740 1657 1812 γένηται
1687 1742 1862 1810 λέγειν

1971 738 2227 793 videntur
2252 752 2541 810 praecepta,
2574 755 2804 810 quorum
2853 750 3033 795 tamen
3069 743 3231 795 etiam
3275 742 3540 795 rationein

1969 827 2235 882 reddituri
2272 845 2484 894 sumus,
2519 831 2633 885 haec
2683 840 2850 887 sunt:
2898 831 3194 885 monachus
3236 821 3453 899 quidem
3489 840 3543 885 et

1970 923 2335 983 continentes,
2370 931 2583 990 Oportet
2627 937 2656 975 a
2701 921 3023 976 mulieribus
3062 936 3183 975 esse
3232 930 3539 990 separatos,

1968 1028 2069 1066 nec
2092 1028 2217 1067 cum
2240 1015 2309 1068 iis
2330 1015 2599 1085 colloquia
2632 1016 2881 1080 miscere,
2906 1015 2951 1068 si
2993 1014 3105 1068 ﬁeri
3132 1021 3329 1083 potest,
3364 1028 3541 1082 neque

1967 1118 2152 1158 earum
2174 1114 2527 1174 conspectum
2559 1114 2766 1174 optare,
2787 1120 2854 1158 ne
2877 1105 3153 1174 quidpiam
3199 1105 3322 1159 hinc
3352 1102 3539 1158 damni

1967 1202 2235 1265 emergat,
2270 1197 2317 1250 si
2369 1211 2466 1250 cor
2522 1197 2750 1261 scilicet,
2796 1211 2890 1265 per
2937 1198 3216 1250 oculorum
3252 1198 3535 1261 intuitum,

1967 1285 2300 1339 mmcliatum
2331 1284 2513 1340 fuerit.
2535 1287 2739 1341 Cavcre
2766 1286 2894 1339 item
2928 1302 3027 1356 par
3054 1295 3136 1341 est
3163 1283 3534 1357 (monachum)

1967 1392 2034 1432 ne
2073 1377 2143 1431 sit
2190 1377 2472 1448 bilinguis,
2508 1379 2690 1432 animo
2723 1378 2942 1448 duplex,
2977 1378 3229 1443 mendax,
3264 1378 3537 1432 obtrecta-

1965 1476 2073 1530 tor,
2102 1485 2171 1522 ne
2193 1469 2295 1523 levi
2328 1472 2619 1525 occasione
2648 1470 3006 1535 distrahatur,
3031 1486 3097 1524 ne
3122 1472 3186 1525 sit
3224 1470 3532 1540 impudens,

1966 1561 2333 1627 errabundus,
2371 1562 2630 1625 stolidus,
2677 1576 2959 1631 arrogans,
3012 1577 3080 1617 ne
3125 1572 3280 1626 turpe
3328 1563 3535 1616 dictum

1964 1650 2123 1705 labiis
2190 1651 2466 1722 proferat,
2518 1655 2602 1707 vel
2652 1654 3026 1722 jurainentum
3077 1652 3393 1724 quodlibet;
3438 1652 3534 1707 sed

1966 1743 2328 1808 solummodo,
2364 1746 2457 1807 ita,
2496 1748 2600 1812 ita;
2649 1760 2781 1807 non,
2832 1760 2960 1799 non.
3017 1742 3080 1798 Et
3116 1745 3163 1799 si
3207 1743 3427 1814 quando
3478 1744 3535 1799 id

287 1832 344 1885 ἐν
373 1831 583 1903 ὁμιλίᾳ·
624 1832 665 1883 Γ
670 1832 882 1893 ίνωσκε,
913 1832 961 1884 εί
992 1831 1245 1903 ἀλήθειαν
1276 1832 1441 1902 λέγω,
1476 1835 1525 1886 εἰ
1571 1835 1630 1887 ού
1673 1833 1852 1903 ψεύδο-

1965 1837 2204 1905 postulet
2226 1838 2549 1900 necessitas,
2572 1838 2625 1890 in
2645 1837 2935 1906 colloquiis
2955 1837 3034 1890 sic
3060 1836 3236 1890 dicat:
3260 1836 3531 1906 Agnosce,

291 1940 403 1994 μαι.
446 1922 519 1976 Τὸ
556 1924 615 1977 δὲ
652 1922 943 1994 σεϐάσμιον
976 1923 1147 1994 ὄνομα
1178 1926 1270 1978 ἐπὶ
1294 1925 1451 1996 ὅρκον
1481 1925 1554 1996 μὴ
1598 1924 1860 1996 λάμϐανε,

290 2017 423 2087 μήτε
450 2016 638 2087 ἔτερόν
666 2033 791 2069 τινα
820 2017 1001 2087 ὅρκον.
1034 2016 1216 2080 καθὼς
1255 2013 1374 2072 εἷπε
1404 2018 1464 2072 τὸ
1502 2019 1860 2087 Εὑαγγέλιονο

288 2106 453 2161 ταῦτα
480 2109 588 2180 γάρ
617 2109 792 2162 πάντα
835 2110 894 2161 ού
928 2112 1194 2181 προσήκει
1225 2111 1344 2163 οὐδὲ
1372 2112 1630 2183 ἁρμόττει
1654 2116 1827 2166 ποιεῖν
1845 2128 1858 2142 ’

283 2198 416 2253 ἀλλὰ
449 2200 542 2253 καὶ
566 2200 675 2254 άπὸ
711 2201 1039 2272 Ἐκκλησίας
1072 2201 1355 2255 ἐκϐάλλειν
1382 2203 1473 2256 τὸν
1506 2203 1581 2274 μὴ
1612 2220 1860 2275 παραφυ-

283 2290 610 2365 λαττόμενόν
632 2309 756 2346 τινα
783 2292 840 2347 δὲ
872 2293 1051 2348 αὐτῶν
1078 2294 1398 2347 ἀποκτενεῖν
1426 2294 1556 2365 (Ξό).

358 2472 412 2527 2.
443 2474 564 2526 Ἔτι
603 2489 665 2525 τε
701 2472 775 2545 μὴ
813 2473 1051 2545 γυμνοῦν
1083 2474 1311 2529 ἐνώπιόν
1340 2492 1502 2540 τινος,
1538 2476 1652 2530 ἀλλ’
1685 2476 1718 2548 ἢ
1750 2475 1858 2548 (26)

283 2564 489 2637 ἀνάγκη
541 2565 600 2618 ἐν
648 2564 877 2636 λουτρῷ,
926 2565 1015 2619 διὰ
1062 2566 1253 2630 πάθος,
1287 2569 1344 2620 ἐν
1392 2566 1642 2640 ἀσθενείᾳ
1688 2568 1853 2640 πολλῇ

279 2658 579 2729 γινόμενον.
616 2659 706 2729 Μὴ
752 2658 932 2728 λέγειν
981 2659 1225 2728 ἀδελφὸν,
1264 2659 1428 2731 ρακά.
1478 2662 1633 2733 μήτε,
1684 2663 1855 2733 μωρέο

278 2746 490 2818 ἐορταῖς
514 2746 685 2799 ἐθνῶν
720 2746 794 2818 μὴ
822 2751 1198 2815 συγκοινωνεῖν
1218 2766 1231 2779 ο
1270 2749 1521 2803 Σάϐϐατα
1551 2749 1624 2822 μὴ
1660 2751 1858 2820 φυλάτ-

275 2854 389 2892 τειν
443 2837 594 2907 (27)·
654 2837 728 2908 μὴ
782 2838 1072 2907 μαγεύειν·
1116 2840 1191 2909 μὴ
1240 2840 1657 2911 φαρμακεύειν,
1717 2844 1856 2912 μήτε

277 2929 403 2984 ἄλλο
435 2947 518 2983 σοι
558 2930 733 2983 ταῦτα
782 2931 1041 3001 πράττειν
1073 2931 1165 2983 ἐπὶ
1192 2931 1332 3001 νόσῳ
1364 2932 1393 3002 ἢ
1443 2931 1647 2995 πάθους
1690 2933 1854 3005 άλγήι

280 3037 429 3091 ματι.
466 3020 556 3091 Μὴ
596 3021 931 3094 ἀπέρχεσθαι
971 3022 1079 3093 (28)
1110 3022 1245 3094 πρὸς
1270 3024 1542 3087 ἐπαοιδὺν,
1590 3029 1726 3097 μήτε
1751 3044 1853 3095 cpu-

275 3110 568 3184 λακτήριον
606 3112 786 3183 ἑαυτῴ
824 3114 1184 3184 περιτιθέναι,
1229 3119 1365 3186 μήτε
1410 3117 1847 3190 περικαθαίρειν.

277 3204 414 3274 μήτε
449 3203 556 3275 μὴν
590 3202 765 3259 ταῦτά
808 3221 889 3258 σοι
930 3209 1125 3269 ποιεῖν,
1149 3208 1292 3279 μήτε
1323 3207 1426 3261 ὑπὸ
1456 3208 1616 3261 ἄλλου
1648 3227 1727 3263 σοι
1757 3211 1850 3279 γέ-

275 3296 452 3367 νηται.
496 3296 570 3349 Τὸ
615 3297 776 3367 σῶμα
816 3297 1103 3366 φυλάττειν
1146 3300 1255 3352 άπὸ
1286 3300 1464 3370 πάσης
1499 3302 1850 3372 αἰσχρότητος

275 3388 367 3441 καὶ
405 3388 722 3457 ἀσελγείαςο
777 3388 853 3460 μὴ
882 3388 1024 3459 ἔχειν
1066 3394 1297 3458 γυναῖκα
1343 3392 1687 3446 συνείσακτον
1715 3393 1849 3463 (29),

275 3479 525 3551 καθάπερ
550 3480 697 3544 τινὲς
736 3482 1025 3553 άγαπητὰς
1058 3483 1311 3536 ἐπέθεντο
1353 3485 1541 3547 αὐταῖς
1572 3484 1845 3555 ὀνόματαο

273 3572 413 3642 τάχα
449 3572 506 3626 δὲ
541 3572 802 3636 ἐναντίως
837 3575 1061 3645 μισηταὶ
1104 3575 1287 3638 αὐτοῖς
1320 3574 1722 3646 εὑρεθήσονται.
1756 3576 1847 3648 Μὴ

275 3661 416 3733 ἔχειν
442 3663 762 3734 καταψυχὴν
798 3664 933 3734 πρός
960 3682 1079 3718 τινα
1100 3682 1114 3696 ·
1140 3667 1169 3718 ὁ
1194 3666 1301 3736 γὰρ
1334 3665 1655 3736 καταψυχῆς
1687 3665 1846 3736 ἔχων,

274 3755 307 3826 ἡ
342 3755 487 3827 ψυχὴ
516 3755 682 3808 αὑτοῦ
711 3754 789 3826 τῷ
815 3757 1003 3827 Κυρίῳ
1026 3758 1086 3810 οὐ
1116 3757 1513 3829 προσδέδεκται.
1543 3759 1635 3829 Μὴ
1663 3757 1850 3810 συνεύ-

274 3846 461 3919 χεσθαι
489 3848 774 3919 αἱρετικῷ,
816 3850 952 3919 μήτε
987 3848 1122 3919 μετὰ
1155 3848 1405 3902 ἐθνικῶν.
1452 3848 1542 3920 Μὴ
1578 3850 1850 3920 παραϐαί-

272 3956 383 3992 νειν
408 3940 682 4011 νηστείαν,
709 3940 957 3993 τουτέστι
985 3940 1218 4011 τετράδα
1254 3941 1349 3993 καὶ
1388 3942 1764 4012 παρασκευὴν,
1797 3942 1846 3994 εί

277 4032 350 4102 μή
375 4049 427 4085 τι
452 4033 545 4085 ἐπὶ
568 4032 707 4103 νόσῳ
734 4031 1055 4105 βεϐάρησαι,
1077 4035 1245 4104 χωρὶς
1274 4032 1649 4105 Πεντηκοστῆς
1677 4033 1846 4104 μόνης

275 4125 366 4178 καί
409 4123 520 4176 τῶν
563 4123 896 4193 Ἐπιφανιῶν
945 4124 1076 4196 ('50).
1107 4124 1217 4196 Τὴν
1258 4123 1697 4197 τεσσαρακοστὴν
1744 4124 1845 4195 τῆς

273 4214 433 4283 άγίας
464 4212 786 4287 Ἐκκλησίας
813 4215 907 4269 καὶ
929 4215 1028 4287 τὴν
1061 4215 1326 4286 ἑϐδομάδα
1352 4216 1445 4269 τοῦ
1469 4217 1623 4284 άγίου
1653 4216 1845 4285 Πάσχα

274 4308 806 4379 παρατετηρημένως
836 4306 1089 4376 φύλαττε.
1119 4307 1226 4361 Λύε
1258 4309 1355 4378 τὴν
1387 4308 1638 4378 νηστείαν
1665 4307 1749 4360 ἐπ’
1777 4307 1844 4361 ἂν

1971 1944 2039 1982 an
2076 1930 2357 1984 veritatem
2393 1929 2595 1992 dicam,
2624 1945 2692 1983 an
2735 1930 2988 1983 mentiar.
3022 1927 3402 1984 Veneranduiu
3434 1942 3535 1981 au-

1967 2025 2071 2071 tem
2101 2033 2296 2075 nomen
2329 2020 2394 2073 ad
2426 2020 2795 2087 juramentutn
2829 2034 2897 2072 ne
2930 2019 3154 2080 sumito,
3183 2034 3357 2088 neque
3383 2017 3531 2072 aliud

1964 2109 2257 2180 quodpiam
2299 2109 2596 2179 juramenti
2626 2124 2799 2179 genus
2837 2124 3088 2179 usurpes.
3121 2115 3181 2162 ut
3225 2113 3300 2161 ait
3349 2106 3531 2161 Evan-

1964 2201 2183 2271 gelium.
2234 2200 2357 2256 llaec
2387 2203 2532 2255 enim
2568 2202 2750 2255 omnia
2799 2200 3024 2255 minime
3066 2200 3283 2260 decent,
3326 2216 3427 2254 nec
3466 2214 3533 2254 ea

1963 2289 2144 2344 facere
2199 2291 2492 2356 convenit;
2541 2291 2634 2345 sed
2686 2306 2808 2345 eum
2860 2305 3076 2360 quoque
3122 2290 3216 2360 qui
3264 2291 3379 2345 haec
3421 2306 3532 2346 non

1961 2380 2261 2435 observarit
2288 2389 2500 2450 oportet
2528 2380 2651 2449 ejici
2678 2382 2746 2434 ab
2771 2378 3039 2435 Ecclesia.

2029 2472 2084 2527 ε.
2124 2471 2285 2527 Decet
2326 2474 2550 2542 insuper
2594 2488 2797 2542 corpus
2849 2470 3196 2538 nonnudare
3245 2472 3301 2527 in
3344 2472 3535 2543 cujus-

1961 2564 2102 2634 piam
2153 2572 2489 2634 coiispectu,
2542 2564 2648 2618 nisi
2702 2564 2772 2618 ob
2832 2564 3011 2618 balnei
3064 2568 3441 2620 necessitatem
3476 2568 3531 2623 in

1961 2656 2150 2709 morbo
2182 2657 2260 2708 vel
2289 2654 2603 2709 inﬁrmitate
2640 2656 2909 2721 maxima;
2955 2654 3112 2711 festis
3144 2658 3387 2727 gentium
3420 2673 3533 2714 non

1958 2748 2386 2811 communicare,
2444 2762 2544 2801 nec
2593 2748 2775 2801 dicere
2834 2747 2988 2800 fratri
3048 2762 3180 2811 suo,
3237 2764 3397 2814 raca,
3448 2750 3534 2805 vel

1958 2836 2125 2897 fatue,
2162 2836 2400 2892 Sabbata
2432 2854 2540 2891 non
2575 2838 2872 2901 custodire,
2908 2852 3008 2892 nec
3035 2840 3297 2909 magicam
3331 2848 3530 2907 artem,

1957 2943 2058 2983 nec
2087 2930 2405 2983 veneficium
2440 2946 2716 2990 exercere.
2756 2932 2838 2984 vel
2874 2930 3022 2984 aliud
3067 2932 3337 3001 ejusmodi
3370 2949 3533 3004 agere

1956 3017 2012 3072 in
2047 3022 2237 3074 morbo
2266 3027 2359 3073 aut
2391 3019 2737 3091 mgritudine.
2770 3021 2893 3076 Noli
2941 3023 3091 3077 abire
3128 3023 3193 3076 ad
3226 3024 3534 3080 inc..ntato-

1958 3126 2091 3173 rem,
2143 3127 2321 3182 neque
2369 3113 2463 3166 tibi
2516 3113 2910 3184 pbylacterium
2963 3115 3386 3185 circumponas,
3437 3122 3534 3171 aut

1957 3201 2219 3256 entundes
2256 3203 2308 3255 in
2335 3202 2569 3257 circuitu
2599 3222 2611 3257 :
2646 3219 2715 3258 ne
2743 3204 2859 3273 ipse
2886 3203 3199 3273 hujusmodi
3246 3206 3532 3277 quidpiam

1957 3304 2112 3361 agas,
2142 3293 2226 3346 vel
2252 3293 2320 3347 ab
2350 3295 2457 3348 alio
2491 3296 2603 3348 licri
2637 3304 2942 3366 permittas.
2976 3295 3056 3348 Ah
3097 3300 3245 3351 onmi
3289 3303 3533 3368 turpitu-

1956 3382 2082 3438 dine
2138 3384 2467 3454 lasciviaque
2515 3400 2714 3455 corpus
2760 3401 2916 3441 serva
2958 3402 3193 3455 purum:
3236 3404 3305 3443 ne
3339 3388 3531 3443 asciti-

1955 3473 2087 3526 tiam
2131 3477 2410 3529 mulierem
2456 3476 2681 3538 habeas,
2716 3485 2774 3530 ut
2803 3485 2931 3531 sunt
2978 3478 3224 3546 quaedam
3264 3494 3385 3548 qua:
3425 3479 3531 3534 sibi

1956 3565 2278 3619 dilectarum
2308 3582 2504 3620 nomen
2558 3568 2886 3636 imposuere,
2916 3585 3035 3637 qua:
3068 3576 3247 3624 tamen
3295 3570 3533 3625 inimica:

1957 3664 2143 3727 postea
2175 3658 2670 3727 deprchendemur.
2698 3657 2775 3713 Ne
2806 3660 3134 3713 simultatem
3164 3659 3370 3715 habeas
3400 3675 3527 3715 cum

1955 3749 2180 3818 aliquo;
2229 3751 2481 3819 quisquis
2534 3751 2679 3804 enim
2734 3750 2919 3813 habet,
2961 3751 3081 3818 ejus
3130 3751 3311 3805 anima
3363 3752 3526 3827 305

1954 3839 2182 3895 Domino
2208 3856 2315 3895 non
2346 3842 2624 3911 probatur.
2656 3840 2732 3895 Ne
2767 3857 2889 3897 ores
2932 3858 3037 3896 una
3079 3859 3201 3898 cum
3248 3845 3522 3911 haeretica,

1952 3932 2036 3985 vel
2069 3948 2191 3985 cum
2227 3933 2482 3987 ethmcis.
2518 3932 2791 4001 Jejuttium
2828 3950 2895 3987 ne
2938 3934 3140 3988 violato
3185 3943 3375 4005 quarta
3415 3936 3526 3992 sci-

1952 4023 2077 4078 licet
2111 4025 2245 4078 feria
2283 4038 2334 4080 et
2368 4024 2689 4088 Parasceve,
2725 4025 2832 4081 nisi
2867 4026 3056 4081 morbo
3086 4026 3320 4090 labores,
3364 4042 3525 4084 exceo

1952 4124 2044 4186 pta
2076 4117 2248 4172 solum
2279 4115 2598 4173 Pentecoste
2611 4127 2664 4172 et
2686 4116 3521 4188 Epiphaniis.Quadragesimam

1951 4217 2155 4264 sancta:
2185 4208 2445 4264 Ecclesia:
2473 4217 2527 4264 et
2585 4210 2973 4266 hebdomadetn
3009 4213 3182 4264 sancti
3235 4208 3522 4268 Paschalis

1950 4314 2205 4359 accurate
2232 4304 2482 4357 observa.
2520 4303 2679 4358 Solve
2715 4302 2982 4373 jejunium
3016 4318 3138 4358 cum
3170 4303 3238 4358 ad
3268 4312 3321 4359 te
3353 4304 3523 4360 frater

274 4371 499 4469 ἁδελφὸς
704 4416 763 4452 σε
795 4371 1137 4471 ἐπεδήμησε’
1166 4371 1419 4470 νηστείαν
1440 4371 1502 4452 ’δὲ
1537 4400 1596 4452 ού
1629 4402 1728 4470 τὴν
1757 4415 1846 4452 τε·

1956 4395 2280 4463 acccsserit;
2310 4411 2419 4451 non
2437 4396 2707 4466 jejunium
2738 4396 2945 4452 scilicet
2971 4403 3253 4463 statutum,
3288 4404 3346 4452 ut
3372 4396 3522 4452 feriae

342 4601 455 4674 (ξε)
488 4600 765 4674 Mendose.

340 4671 457 4742 (26)
488 4671 552 4724 L.
579 4674 648 4742 ei.

339 4737 453 4812 (27)
489 4741 741 4813 Σάϐϐατα
766 4743 840 4813 μὴ
858 4741 1163 4813 φυλάττειν.
1182 4738 1483 4813 Concilium
1506 4737 1845 4813 Laodicense

269 4809 481 4868 canone
531 4813 600 4866 29
626 4831 638 4865 :
662 4809 784 4866 Non
820 4809 1019 4876 oportet
1065 4810 1398 4867 Christianos
1437 4809 1759 4876 judaizare,
1794 4817 1843 4863 et

270 4880 523 4937 Sabbatis
553 4883 735 4946 otiari,
771 4880 860 4937 sed
881 4899 939 4936 eo
975 4884 1086 4951 ipso
1114 4881 1198 4934 die
1227 4881 1452 4949 operari.

340 4954 454 5022 (28)
489 4954 578 5024 Μὴ
618 4952 954 5024 άπέρχεσθαι
981 4949 1120 5024 πρὸς
1161 4950 1427 5024 ἐπαοιδὸν,
1463 4950 1614 5024 ’μήτε
1647 4949 1846 5024 φυλακ-

268 5019 457 5094 τήριον
489 5019 668 5093 ἐαύτῷ
694 5019 1047 5093 περιτιθέναιζ
1076 5023 1284 5094 lioncil,
1332 5019 1553 5094 Laodic.
1583 5034 1705 5094 can.
1740 5021 1808 5075 56
1817 5039 1841 5094 ε

272 5087 391 5164 Ὅτι
425 5095 486 5147 ού
512 5094 592 5146 δεῖ
632 5087 940 5163 ἱερατικοὺς
977 5092 1335 5164 ,ἢνκληρικοὺς
1374 5091 1590 5164 μάγουςΔ
1620 5087 1779 5164 εἶναι,
1810 5091 1842 5162 ἢ

269 5160 708 5236 μαθηματικοὺς,
740 5164 772 5234 ἢ
805 5160 1183 5236 άστρολϐγουξ,
1213 5162 1245 5236 ἢ
1278 5162 1457 5236 ποιεῖν
1476 5160 1547 5236 τά
1577 5160 1843 5236 λεχόμενα

266 5229 632 5306 ξρυλακτῄρια,
664 5229 830 5306 ἅτινά
853 5229 965 5286 ἐστι
1006 5229 1352 5306 δεσμωτήρια
1390 5229 1498 5306 τῶν
1520 5229 1719 5306 ςίυχῴν
1746 5232 1843 5306 αύο

263 5298 393 5377 τῶν.
425 5298 563 5377 Teii;
585 5305 644 5358 δὲ
665 5304 965 5377 φοροῦντας
993 5298 1271 5375 ῥίπτεσθαι
1292 5305 1355 5377 ἐκ
1384 5300 1483 5370 τῆς
1520 5298 1842 5377 Ἐκκλησίας

265 5375 652 5445 ἐκελεύσαμεν.
705 5371 829 5427 Νοη
883 5371 1080 5445 oportet
1133 5373 1428 5426 sacerdotes
1477 5379 1577 5445 aut.
1624 5371 1839 5445 clericos

266 5461 444 5517 magos
476 5441 608 5507 esse,
669 5454 763 5498 aut
810 5443 1226 5497 mathematicus.
1267 5450 1359 5494 aut
1409 5441 1724 5517 astrologos,
1764 5441 1842 5517 vel

267 5511 437 5584 faccre
454 5517 906 5586 phytacteria,_ut
938 5523 1142 5577 vocant,
1170 5528 1287 5586 quae
1317 5520 1448 5586 sunt
1478 5511 1696 5586 uincula,
1725 5512 1843 5586 qni-

266 5578 471 5640 maruni
504 5578 765 5654 ipsarum.
800 5584 1109 5654 Eos_.autem
1130 5578 1219 5653 qui
1250 5581 1381 5635 talia
1411 5590 1614 5654 gestant
1637 5578 1845 5654 ,σοβο-

263 5657 421 5713 clesia
441 5649 970 5728 ejicijussimus._l_)e
990 5649 1342 5728 phylocteriis
1374 5649 1464 5728 alii
1493 5651 1670 5728 multi.
1702 5650 1840 5728 Ibid.

400 5721 1202 5803 m'pzxéteaipew._Hes§'chius,
1240 5721 1671 5803 περικαθαίρων·
1720 5723 1846 5777 άνα-

263 5794 401 5856 λύὼν
430 5794 1055 5871 πεφαρμακευμένον,’ἢ
1087 5794 1498 5866 γοητευόμενον.

2017 4595 2131 4667 (29)
2155 4597 2534 4651 Συνείσακτον.
2563 4594 2823 4651 Prohibet
2856 4610 3030 4667 canon
3060 4595 3094 4649 '5
3119 4594 3393 4661 Nicaeuus,
3420 4613 3521 4665 γυ-

1943 4671 2133 4729 ναῖκας
2172 4668 2575 4731 συνεισάκτους,
2597 4667 2649 4720 ld
2676 4674 2761 4721 est
2783 4666 3052 4721 ascititias
3078 4681 3171 4720 seu
3204 4673 3517 4730 extraneas,

1944 4738 2012 4792 de
2042 4738 2241 4807 quibus
2283 4739 2438 4791 multi
2470 4744 2717 4807 egerunt,
2752 4744 2809 4788 ut
2848 4735 3053 4807 videas
3077 4735 3130 4807 in
3161 4734 3361 4807 L_exic_o
3394 4736 3519 4807 sui-

1945 4804 2086 4862 ceri}
2116 4806 2258 4867 Mox,
2303 4804 2613 4874 ἀγαπητάς,
2662 4805 2853 4858 harum
2896 4804 3141 4874 meminit
3186 4805 3520 4874 Epiphanius

1946 4824 2086 4862 cert.‘
2116 4824 2258 4867 ΜΟΧ,
2303 4824 2613 4929 αγαπῖτας,
2662 4824 2853 4858 narum
2896 4824 3141 4857 "lellllﬂll.
3186 4824 3518 4874 nptpttanttts

1946 4879 2141 4931 haeresi
2177 4876 2263 4935 78.
2300 4892 2423 4946 pag.
2507 4877 2594 4936 40,
2635 4877 2724 4929 ubi
2762 4877 2829 4946 de
2862 4873 3176 4946 B._Vtrgine
3217 4877 3458 4946 locutus,
3486 4889 3518 4946 ξι

1944 4948 2165 5002 Christo
2202 4947 2256 5000 in
2302 4942 2466 5000 cruce
2511 4944 2886 5000 commendata
2915 4942 3129 4997 Joanni.
3179 4945 3298 4998 ait:
3355 4944 3517 4998 Ἀλλὰ

1948 5016 2211 5089 μὴλτοίξτο
2236 5017 2445 5089 στραφῇ
2489 5017 2565 5089 είς
2618 5014 2823 5085 βλάϐην
2863 5016 2994 5089 τισὶ,
3044 5014 3137 5066 καὶ
3194 5013 3416 5089 δόξιοσιν
3461 5016 3520 5068 ἐν

1945 5084 2116 5156 τοῦτῳ
2133 5084 2746 5157 λαμβάνειγ⁷πρόφασινο
2780 5084 3161 5157 “mm?”
3186 5085 3279 5135 καὶ
3302 5086 3520 5157 ἀ-ταπη’

1944 5157 2043 5220 τάς
2076 5152 2509 5224 ἐπικαλουμένας
2531 5152 2740 5215 ἑαυτοῖς
2767 5156 2997 5206 ἐπινοεῖν
3023 5152 3109 5205 διὰ
3137 5152 3520 5222 κακομήχανον

1947 5227 2220 5280 ὑπόνοιαν.
2256 5225 2359 5280 Sed
2408 5241 2471 5278 ne
2507 5225 2603 5277 hoc
2638 5224 2952 5293 quibusdam
3006 5232 3207 5284 noceat,
3242 5238 3363 5276 neve
3399 5224 3520 5277 hinc

1948 5298 2268 5351 occasionem
2310 5296 2598 5362 arripiant,
2635 5295 2735 5349 sibi
2789 5294 3122 5360 excogitandi
3166 5293 3428 5362 ascititias
3468 5300 3518 5348 et

1948 5376 2219 5438 agapetas,
2251 5360 2673 5438 prava'quadam
2707 5364 2850 5416 ducti
2873 5360 3173 5438 ὀρώρῃ.)
3200 5360 3515 5438 Hieronyni.

1948 5430 2076 5493 vcro
2110 5437 2179 5492 ad
2207 5430 2557 5491 Eustochium
2601 5436 2668 5489 de
2697 5433 2943 5489 custodia
2967 5432 3299 5502 virginitatis
3325 5450 3336 5485 :
3370 5430 3519 5485 Unde

1948 5509 2003 5563 in
2035 5507 2301 5563 Ecciesias
2351 5516 2693 5575 agapetarum
2731 5505 2909 5575 pestis_
2936 5500 3184 5575 introiit?
3216 5500 3362 5555 Unde
3405 5503 3517 5555 sine

1949 5580 2147 5647 nuptiis
2184 5578 2330 5633 aliud
2364 5572 2549 5647 nomen
2572 5578 2849 5647 uxorum?
2879 5572 2996 5627 Ima
3030 5573 3167 5647 unde
3190 5588 3371 5647 novum
3398 5588 3518 5647 cen-

1946 5643 2257 5704 cubinarum
2280 5664 2438 5719 genus
2459 5646 2641 5719 ?_Plus
2674 5647 2920 5718 inferam,
2950 5643 3089 5699 unde
3110 5644 3448 5702 meretrices?

2020 5720 2132 5797 (50)
2164 5721 2201 5775 l.
2242 5717 2564 5790 ἐπιφανιῶν.
