4050 6396
528 356 632 412 839

1611 353 1667 408 S.
1711 351 2081 408 ATllANASlI

2209 368 2283 397 ι·-
2321 351 2594 407 SPURIA.
3639 353 3726 407 8w

527 492 766 558 Quartae,
789 492 1132 553 Parasceves,
1152 489 1588 560 Quadragesimzn
1601 499 1652 544 et
1673 488 1980 553 Passionis;
1999 488 2081 542 sec‘

2193 489 2494 558 ταγμένην,
2523 485 2756 556 τετράδα
2783 487 2877 538 καὶ
2905 485 3276 556 παρασκευὴν,
3306 485 3398 539 καὶ
3433 485 3528 557 τὴν
3561 501 3725 540 τεσσα-

525 583 792 651 jejunium
821 597 886 636 ex
911 581 1188 650 proposito
1220 588 1314 634 tuo
1346 589 1642 640 servatum,
1660 594 1855 650 nempe
1879 582 2088 632 Secun-

527 673 630 736 dae,
669 671 878 735 l‘ertiae,
911 671 1140 738 Quintae.
1165 669 1404 725 Sabbato
1425 679 1478 726 et
1527 670 1807 724 Dominica
1836 686 1905 725 ne
1946 670 2090 740 jeju-

527 768 764 828 naveris.
797 773 1020 833 excepto
1070 777 1265 833 magno
1318 761 1554 818 Sabbato
1611 763 1788 817 sancti
1842 761 2085 817 Paschae.

525 857 742 926 Quartae
758 869 934 912 autem
954 855 1102 912 feria?
1115 864 1172 910 et
1199 854 1528 910 Parasceves
1549 854 1818 924 jejunium
1843 870 1906 909 ex
1929 853 2088 921 jussu

525 951 592 1004 ad
623 950 810 1003 horam
839 963 1013 1018 usque
1057 962 1254 1002 nonam
1287 954 1554 1002 servatur.
1589 945 1742 1012 Quod
1777 947 1824 1002 si
1858 947 1986 1016 quid
2013 945 2090 998 ul-

522 1050 608 1096 tra
638 1040 853 1101 feceris,
885 1039 938 1095 id
960 1049 1054 1095 tuo
1080 1039 1409 1095 sitarbitrio.
1465 1037 1520 1093 Si
1551 1053 1680 1094 vero
1697 1039 1902 1093 diutius
1935 1046 2088 1108 potes

523 1135 791 1188 sustinere
814 1130 1107 1200 jejunium,
1159 1147 1424 1201 generose
1457 1131 1592 1200 agis.
1630 1129 1763 1184 Dum
1795 1130 2089 1199 jejunas'et

521 1223 627 1278 hoc
655 1223 961 1277 institutum
991 1223 1114 1277 vita:
1149 1232 1318 1285 lenes,
1365 1237 1497 1278 cave
1530 1237 1598 1275 ne
1639 1221 1892 1292 superbia
1941 1221 2080 1274 intu.

523 1327 756 1369 mescas.
790 1312 998 1376 lnllatio
1030 1328 1264 1382 namque
1317 1313 1542 1382 laqueus
1585 1321 1668 1367 est
1713 1313 1936 1376 diaboli,
1993 1325 2089 1381 per

521 1419 686 1472 quam
715 1419 781 1459 ex
813 1405 955 1460 caelo
983 1403 1242 1476 delapsus
1271 1413 1354 1460 est
1378 1422 1392 1458 :
1421 1405 1776 1472 similiterque
1807 1419 1903 1474 per
1938 1403 2086 1457 illam

522 1493 782 1564 deinceps
820 1495 1066 1548 homines
1090 1495 1390 1564 illaqueans
1419 1493 1624 1562 dejicit.
1652 1492 1728 1548 Ne
1763 1495 1885 1564 quis
1917 1501 1969 1547 te
2003 1506 2090 1546 se-

523 1585 708 1648 ducat,
755 1593 813 1639 ut
836 1585 918 1639 vel
955 1584 1233 1638 Dominica
1263 1589 1485 1638 omnino
1511 1585 1746 1653 jejunes,
1803 1584 1885 1638 vel
1914 1596 2087 1653 genua

521 1675 832 1740 llectas,vel
855 1677 910 1730 in
942 1673 1278 1730 Pentecoste.
1301 1673 1486 1744 Neque
1512 1677 1654 1730 enim
1685 1691 1746 1729 ca
1777 1675 1858 1729 lex
1887 1682 1970 1728 est
1995 1673 2090 1725 Eo-

521 1767 722 1821 clesize.
753 1765 896 1821 Cave
935 1779 1004 1819 ne
1037 1773 1091 1820 te
1119 1765 1337 1834 quidam
1366 1763 1727 1818 Marcionistie
1762 1763 1813 1816 in
1847 1777 2084 1818 errorem

2195 583 2482 652 ρακοστὴν,
2513 578 2606 630 καὶ
2627 577 2721 630 τοῦ
2750 579 2972 640 πάθους,
3003 578 3138 632 ἀλλά
3158 578 3255 649 τὴν
3281 579 3387 632 ἀπὺ
3413 578 3546 641 ίδεας
3567 595 3728 648 προαι-

2194 669 2414 742 ρέσεως,
2437 672 2682 726 τουτέστι
2704 671 2982 744 δευτέρας,
3011 673 3104 725 καὶ
3125 672 3332 741 τρίτης,
3357 671 3452 724 καὶ
3476 671 3726 741 πέμπτης.

2189 762 2464 815 Σάϐϐατον
2498 761 2592 814 καὶ
2616 761 2881 832 κυριακὴν
2915 761 2988 833 μὴ
3019 760 3334 831 νηστεύσῃς,
3372 759 3508 831 πλὴν
3536 761 3621 813 τοῦ
3651 777 3728 831 με-

2189 852 2357 920 γάλου
2381 853 2658 907 Σαϐϐάτου
2693 851 2786 904 τοῦ
2813 852 2968 920 ἁγίου
2998 853 3206 924 Πάσχα.
3247 851 3310 904 Ἡ
3338 851 3395 904 δὲ
3422 852 3522 922 τῆς
3557 859 3726 922 τετρά-

2189 945 2278 1008 δος
2322 945 2414 998 καὶ
2449 944 2796 1015 παρασκευῆς
2823 942 2926 1005 ἕως
2956 941 3104 1014 ὥρας
3139 941 3365 1012 ὲννάτης
3397 943 3616 1015 νηστεία
3653 961 3727 996 τεο

2189 1035 2432 1106 ταγμένη
2481 1035 2632 1088 ὲστί·
2685 1036 2779 1087 καὶ
2823 1033 2877 1086 εἴ
2928 1051 2980 1087 τι
3027 1034 3422 1106 περισσοτέρως
3468 1036 3726 1106 ποιήσεις,

2187 1124 2346 1178 τοῦτο
2379 1125 2528 1195 παρά
2557 1123 2654 1194 τὴν
2681 1122 2906 1176 σεαυτοῦ
2935 1123 3268 1194 προαίρεσιν.
3300 1125 3362 1176 Εἰ
3390 1123 3446 1176 δὲ
3472 1125 3564 1177 καὶ
3587 1125 3732 1198 ὑπερ-

2189 1217 2364 1280 Θέσεις
2409 1216 2632 1269 δύνασαι
2679 1218 2872 1277 ποιεῖν,
2916 1216 3178 1284 γενναίως
3219 1217 3424 1280 ἁσκεὶς.
3462 1217 3730 1288 Νηστεύων

2185 1309 2244 1362 δὲ
2288 1309 2381 1361 καὶ
2417 1307 2843 1377 πολιτευόμενος,
2892 1306 3056 1377 βλέπε
3105 1305 3179 1378 μὴ
3227 1306 3538 1378 φυσιωθῇς·
3583 1309 3730 1380 ἡγὰρ

2189 1400 2448 1470 φυσίωσις
2478 1399 2643 1468 παγίς
2675 1402 2789 1452 ἐστι
2823 1399 2912 1451 τοῦ
2959 1398 3224 1462 διαϐόλου,
3253 1399 3320 1452 δι’
3365 1395 3430 1471 ἧς
3462 1400 3556 1453 ἀπ’
3587 1401 3731 1472 οὐρα-

2187 1491 2275 1545 νοῦ
2323 1491 2628 1554 πέπτωκεν,
2657 1490 2854 1562 ὁμοίως
2889 1490 2947 1544 δὲ
2978 1489 3160 1542 λοιπὸν
3193 1490 3260 1543 δι’
3291 1493 3460 1562 αὐτῆς
3504 1493 3627 1556 τοὺς
3655 1493 3732 1544 ἀν-

2187 1577 2436 1652 θρώπους
2463 1579 2764 1648 παγιδεύων
2793 1579 3134 1633 καταϐάλλει.
3169 1581 3258 1650 Μή
3297 1578 3378 1642 τίς
3419 1597 3478 1632 σε
3506 1579 3733 1654 πλανήσῃ

2185 1673 2242 1724 ἐν
2273 1673 2509 1744 κυριακῇ
2539 1670 2817 1742 νηστεύειν
2854 1671 2915 1724 τὸ
2956 1671 3236 1743 παράπαν,
3275 1674 3408 1743 μήτε
3441 1675 3733 1740 γονυπετεξν

2185 1763 2246 1816 τὸ
2273 1763 2560 1836 παράπαν,
2594 1763 2729 1833 μήτε
2771 1763 2828 1814 ὲν
2859 1764 3204 1834 Πεντηκοστῇ
3225 1780 3240 1794 ο
3271 1763 3331 1814 οὐ
3373 1764 3481 1834 γάρ
3511 1764 3626 1816 ἐστι
3661 1763 3736 1817 θε-

521 1857 816 1920 deducant,
853 1865 947 1912 aut
983 1857 1073 1912 alii
1111 1857 1370 1924 hmretici,
1411 1863 1466 1910 et
1510 1855 1746 1910 Sabbato
1784 1856 1864 1910 Vcl
1903 1854 2081 1909 Domi~

2191 1855 2324 1926 σμὸς
2360 1853 2698 1924 Ἐκκλησίας.
2731 1853 2840 1906 Καὶ
2871 1853 2944 1924 μὴ
2975 1853 3186 1923 ἀνέχου,
3217 1854 3302 1906 i'va
3331 1853 3643 1924 πλανήσωσί
3679 1871 3730 1908 σε

527 1951 650 2004 nica
688 1948 933 2018 jejunare
961 1949 1242 2004 suadeant.
1301 1948 1609 2002 Conventus
1641 1963 1708 2002 ne
1741 1948 1976 2017 neglige;
2011 1955 2079 2000 te-

526 2041 852 2112 queipseita
881 2055 1122 2111 pracpara
1147 2049 1204 2093 ut
1233 2039 1427 2109 dignus
1449 2041 1526 2094 sis
1545 2041 1836 2110 mysteriis.
1861 2055 1927 2092 ne
1949 2038 2086 2092 forte

519 2131 576 2184 in
635 2131 900 2200 judicium
960 2129 1192 2184 incidas.
1253 2127 1330 2184 Ne
1377 2129 1600 2184 omittas
1663 2129 2084 2188 te,adeuntium

517 2221 746 2276 fratrum
778 2223 941 2292 pedes
992 2223 1192 2284 lavare,
1231 2221 1495 2289 ejusmodi
1549 2235 1784 2290 namque
1828 2221 2084 2290 praecepti

515 2313 658 2368 ratio
709 2314 1072 2383 postulabitur
1117 2314 1188 2368 ab
1246 2315 1312 2370 iis
1341 2315 1434 2384 qui
1495 2330 1606 2384 prae
1653 2315 1906 2384 superbia
1951 2315 2083 2370 illud

515 2405 817 2465 omiserint,
859 2407 1106 2474 quamvis
1163 2405 1272 2460 sint
1320 2406 1582 2475 episcivpi.
1637 2403 1767 2461 Nam
1823 2405 2082 2462 Dominus

515 2505 704 2551 noster
721 2483 878 2566 ‘prior
907 2497 1025 2566 ipse
1071 2497 1261 2560 abluit,
1295 2512 1418 2551 cum
1451 2497 1707 2566 praecepit
1768 2495 1878 2551 illis
1904 2505 1963 2550 ut
2007 2497 2082 2550 ita

517 2583 782 2637 facerent.

593 2677 646 2731 5.
678 2675 756 2730 Ne
779 2686 896 2732 esto
935 2691 1153 2740 avarus,
1177 2692 1245 2732 ne
1272 2678 1441 2747 turpis
1469 2677 1625 2741 lucri,
1648 2677 2080 2746 possessionum,

517 2767 829 2822 divitiarum
872 2768 1104 2838 cupidus
1137 2787 1151 2822 :
1184 2785 1308 2822 nam
1344 2771 1434 2840 qui
1476 2769 1745 2840 ejusmodi
1784 2777 1933 2832 sunt,
1973 2767 2082 2824 Deo

517 2863 730 2934 placere
749 2878 859 2918 non
883 2862 1082 2918 valent.
1101 2860 1179 2917 Ne
1204 2865 1426 2918 omnino
1445 2863 1658 2932 negotia
1682 2877 1874 2932 geras;
1902 2863 2084 2916 multae

514 2963 642 3011 sunt
675 2954 895 3010 incultae
920 2955 1194 3024 regiones,
1233 2970 1461 3023 quarum
1493 2955 1684 3009 incola:
1722 2955 1769 3009 si
1805 2963 1950 3010 artes
1974 2969 2080 3010 non

517 3041 752 3096 habeant
790 3051 1062 3112 coguntur
1090 3043 1392 3111 negotiari;
1433 3042 1547 3112 qui,
1581 3044 1794 3098 etiamsi
1828 3045 2080 3098 monachi

517 3141 628 3184 non
661 3130 792 3192 sint,
827 3129 872 3184 si
914 3130 1277 3198 negotientur,
1327 3131 1466 3186 male
1504 3131 1721 3202 quidem
1757 3143 1941 3204 agunt,
1973 3135 2078 3190 nisi

518 3220 572 3275 in
602 3235 733 3276 casu
776 3222 1144 3276 necessitatis.
1178 3219 1409 3278 Usuram
1452 3240 1521 3279 ne
1563 3225 1788 3294 accipe:
1821 3242 1890 3282 ne
1928 3228 2080 3297 prius

516 3327 801 3384 compares
833 3313 1109 3383 quidpiam
1140 3315 1248 3368 alio
1277 3329 1440 3384 quam
1471 3317 1678 3385 vulgari
1726 3320 1916 3388 pretio.
1948 3320 2082 3373 Ama

517 3418 709 3459 omnes
740 3403 1009 3468 homines,
1039 3410 1092 3458 et
1113 3419 1301 3476 pacem
1326 3405 1465 3460 habe
1495 3421 1618 3460 cum
1650 3407 1924 3469 omnibus,
1957 3424 2080 3462 cum

518 3495 627 3550 illis
673 3494 836 3550 etiam
865 3495 1189 3566 quibuscum
1230 3513 1336 3550 non
1367 3512 1516 3561 oras,
1553 3505 1814 3567 quantum
1854 3500 2082 3555 facultas

515 3587 643 3649 erit,
672 3596 898 3658 excepta
930 3589 1150 3643 haeresis
1177 3603 1364 3643 causa.
1398 3586 1456 3642 Si
1487 3597 1759 3660 suppetat.
1780 3591 1976 3660 largire
2005 3591 2083 3644 in-

515 3679 741 3750 digenti,
780 3679 866 3735 sin
895 3681 967 3734 mi
1015 3696 1100 3742 us,
1133 3681 1241 3734 noli
1275 3683 1554 3751 conqueri.
1593 3682 1647 3735 Si
1680 3682 1802 3752 quis
1832 3691 2018 3737 mutuo
2050 3699 2082 3738 a

515 3773 568 3821 te
593 3766 828 3836 petierit,
858 3767 1004 3831 dato,
1053 3777 1106 3822 et
1145 3772 1214 3834 ab
1249 3785 1314 3824 eo
1343 3773 1527 3840 accipe
1567 3779 1791 3835 sortem,
1831 3788 1954 3826 cum
1984 3773 2084 3827 lia-

514 3858 716 3921 buerit,
746 3859 952 3928 absque
979 3859 1208 3915 leniore.
1233 3860 1310 3915 Ne
1329 3863 1516 3918 dolose
1553 3878 1681 3934 agas
1709 3864 1762 3918 in
1785 3873 2081 3934 conspectu

515 3949 748 4006 Domini.
782 3949 918 4004 Nam
942 3952 990 4006 si
1019 3953 1204 4022 fruges
1243 3953 1444 4009 habeas
1470 3963 1563 4008 aut
1595 3965 1901 4026 argentum,
1921 3965 2083 4028 atque

514 4042 712 4112 aliquis
765 4058 797 4097 a
839 4051 894 4098 te
949 4055 1140 4098 mutuo
1199 4046 1446 4116 accipere
1489 4050 1748 4116 postulet,
1793 4057 1978 4120 tuque,
2013 4067 2082 4106 ne

517 4149 736 4186 usuram
784 4135 1022 4204 accipias
1075 4135 1284 4205 majore
1328 4141 1500 4207 pretio
1551 4140 1761 4203 vendis,
1821 4150 1879 4196 ut
1929 4159 2080 4198 einas

515 4233 698 4294 postea
737 4225 928 4280 viliore
983 4235 1038 4279 et
1092 4228 1300 4282 minore
1351 4231 1616 4299 pretiozc
1661 4233 2081 4303 Comprehendit

513 4313 658 4376 Deus
686 4316 958 4386 sapientes
975 4317 1028 4370 in
1047 4317 1249 4371 astutia
1268 4320 1362 4369 ‘9.»
1389 4319 1664 4390 Perpende
1687 4323 1830 4377 enim
1849 4339 1912 4378 ac
1935 4324 2077 4390 vide,

453 4425 466 4441 κ
511 4413 566 4464 te
599 4409 761 4464 unius
787 4408 1017 4465 {minoris
1053 4411 1196 4477 loco,
1223 4413 1332 4467 tria
1363 4423 1456 4467 aut
1481 4426 1714 4484 quatuor
1743 4416 1952 4473 fmuora
1983 4433 2079 4473 ac-

511 4507 820 4570 capturum.

501 4644 516 4652 ι
578 4593 635 4648 4.
674 4592 803 4650 Esto
839 4594 1062 4652 humilis
1096 4611 1160 4650 ac
1186 4597 1422 4666 quietus,
1470 4607 1709 4656 tremens
1755 4604 1904 4658 omni
1937 4613 2075 4660 tem-

509 4699 640 4754 pore
664 4684 877 4742 Domini
903 4688 1139 4758 eloquia.
1173 4687 1250 4744 Ne
1280 4691 1356 4745 sis
1379 4692 1774 4758 contentiosus,
1808 4711 1876 4750 ne
1898 4698 2074 4752 caedas

507 4775 802 4842 hominem,
843 4781 950 4836 nisi
994 4796 1221 4852 puerum
1251 4792 1398 4837 tuum
1451 4786 1681 4846 modice.
1713 4787 2076 4844 institutionis

507 4881 692 4930 causa,
735 4868 899 4940 idque
948 4877 1130 4926 tamen
1164 4886 1290 4926 cum
1325 4873 1717 4942 moderatione,
1768 4893 1967 4933 cavens
2008 4893 2075 4932 ne

505 4957 634 5012 hinc
663 4961 836 5015 caedes
861 4972 1250 5032 consequatur,
1272 4966 1582 5035 complures
1609 4969 1753 5021 enim
1779 4977 1908 5022 sunt
1931 4984 2078 5022 mor-

506 5051 574 5104 tis
606 5055 946 5110 occasiones.
971 5055 1251 5112 Neminem
1281 5059 1622 5116 subsanncs:
1657 5077 1724 5115 ne
1745 5077 2073 5133 quemquam

503 5143 811 5198 vestimenti
852 5161 1017 5201 causa
1045 5147 1354 5205 detesteris.
1388 5149 1634 5206 Modesto
1675 5161 1827 5208 utere
1861 5153 2072 5217 habitu,

504 5247 679 5304 neque
700 5238 956 5293 mollibus
987 5239 1351 5304 vestimentis,
1385 5257 1562 5310 neque
1591 5257 1714 5296 cum
1751 5243 2069 5296 indumento

503 5325 598 5392 qui
640 5336 956 5382 sanctorum
989 5345 1116 5386 esse
1142 5330 1383 5386 virorum
1411 5333 1681 5398 videatur,
1714 5333 1937 5388 sordido
1964 5333 2072 5387 sci—

575 5481 618 5511 “
657 5480 678 5534 l
709 5481 836 5536 Cor.
877 5497 976 5549 in,
1013 5482 1100 5538 l9.

574 5631 686 5700 (5i)
719 5634 757 5686 ι.
793 5633 1154 5706 προαγόραζε.

573 5693 663 5767 (32
717 5701 754 5754 ι.
791 5705 1092 5770 μεταδίδου.

573 5703 684 5843 (ὅδὲ
718 5769 868 5834 lianc
893 5787 1078 5829 vocem
1103 5773 1154 5829 it:

573 5769 684 5843 (33)
718 5769 868 5834 lianc
893 5787 1078 5829 vocem
1103 5773 1179 5830 ita
1206 5774 1336 5846 legit
1364 5774 1564 5832 Suidas
1598 5775 1678 5832 bis
1700 5773 2065 5848 ὲνδυομενυία,

2195 1949 2328 2009 τινες
2369 1947 2862 2017 Μαρκιωνισταὶ,ἢ
2906 1947 3064 2017 ἑτέρα
3111 1947 3338 2016 αἵρεσις,
3375 1945 3654 2016 νηστεύειν
3677 1947 3730 2000 τὸ
3823 1950 3832 1958 ’

2191 2039 2460 2094 Σάϐϐατον
2497 2038 2641 2102 ἰδίως
2670 2039 2764 2091 καὶ
2797 2038 3087 2110 κυριακῆς.
3120 2036 3240 2090 Τῶν
3269 2037 3326 2090 δὲ
3374 2038 3640 2103 συνάξεων
3669 2039 3732 2109 μὴ

2187 2132 2408 2202 ἀμέλειο
2461 2131 2569 2184 τῶν
2621 2132 2932 2202 μυστηρίων
2978 2129 3124 2194 ἄξιον
3170 2129 3392 2182 σεαυτὸν
3445 2129 3732 2202 εὐτρέπιζε,

2188 2224 2382 2293 μήπως
2406 2224 2484 2285 είς
2505 2225 2678 2293 κρῖμα
2705 2221 2980 2293 συνέλῡῃς.
3009 2221 3098 2292 Μὴ
3125 2221 3314 2292 ἀμέλει
3340 2221 3557 2275 πλύνειν
3587 2223 3736 2286 πόδας

2184 2313 2426 2382 ἀδελφῶν
2470 2313 2776 2384 ἐρχομένων
2811 2314 2949 2383 πρὸς
2994 2313 3086 2364 σέ”
3128 2313 3419 2385 ζητήσεται
3445 2315 3609 2386 γάρὴ
3638 2332 3738 2368 τοι·

2183 2405 2319 2476 αὕτη
2345 2405 2532 2476 ἐντολὴ
2560 2404 2686 2475 περὶ
2712 2403 2816 2456 τῶν
2843 2405 3400 2476 ὑπερηφανευσάντων
3424 2405 3612 2477 αὐτὴν,
3646 2407 3738 2459 κάν

2183 2498 2465 2551 ἐπίσκοποι
2497 2492 2648 2550 ὦσιν.
2690 2497 2746 2550 '0
2778 2498 2884 2568 γάρ
2914 2494 3115 2568 Κύριος
3144 2497 3300 2568 ἡμῶν
3341 2499 3502 2561 αὐτὸς
3539 2498 3738 2571 πρῶτος

2181 2589 2394 2653 ἔπλυνε,
2421 2590 2792 2660 παραγγείλας
2820 2592 3000 2654 αὐτοῖς
3028 2590 3168 2645 οὕτω
3209 2597 3399 2646 ποιεῖν.

2249 2683 2300 2734 5.
2333 2681 2424 2752 Μὴ
2450 2681 2598 2750 γίνου
2628 2681 2978 2754 φιλάργυρος,
3017 2683 3090 2755 μὴ
3116 2685 3530 2757 αἰσχροκερδὴς,
3564 2687 3637 2758 μὴ
3664 2703 3740 2757 φι-

2181 2771 2487 2844 λοκτήμων,
2541 2774 2614 2844 μὴ
2661 2774 3044 2844 φιλόπλουτος·
3095 2777 3144 2827 οί
3197 2777 3306 2847 γάρ
3352 2776 3581 2830 τοιοῦτοι
3633 2777 3740 2850 Θεῷ

2181 2866 2374 2937 ἀρέσαι
2395 2867 2454 2919 οὐ
2483 2865 2751 2920 δύνανται.
2778 2868 2886 2920 Καὶ
2909 2866 3044 2930 ὅλως
3073 2867 3146 2939 μὴ
3175 2868 3592 2938 πραγματεύου·
3627 2870 3744 2924 πολ-

2181 2957 2268 3010 λαὶ
2300 2957 2474 3030 χῶραί
2519 2961 2624 3012 εἰσι
2674 2959 2748 3030 μὴ
2782 2960 3072 3030 σπέρασαι,
3121 2959 3216 3013 κα)⁸
3248 2962 3296 3012 οἱ
3329 2959 3622 3025 οἰκοῦντες,
3655 2963 3742 3016 ἐὰν

2183 3049 2373 3120 τέχνας
2413 3048 2488 3120 μὴ
2527 3049 2742 3120 ἔχωσιν,
2786 3049 3184 3118 ἀναγκάζονται
3232 3052 3740 3123 πραγματεύεσθαι·

2181 3142 2284 3195 κᾶν
2316 3141 2390 3212 μὴ
2415 3136 2517 3194 ὦσι
2544 3141 2884 3212 μονάζοντες,
2920 3143 3012 3196 καὶ
3038 3143 3536 3214 πραγματεύονται,
3569 3146 3746 3209 κακῶς

2185 3233 2303 3304 μὲν,
2339 3233 2476 3304 πλὴν
2530 3234 2742 3306 ἀνάγκη
2793 3237 2952 3288 ποιεῖ.
3003 3235 3171 3288 Τόκον
3227 3235 3303 3306 μὴ
3341 3220 3618 3308 λάμϐανε·
3675 3239 3748 3310 μὴ

2183 3325 2558 3398 προσαγόραζέ
2589 3327 2699 3396 (51)
2725 3343 2778 3379 τι
2815 3327 2926 3380 ἴσον
2952 3327 3028 3391 ὡς
3069 3327 3172 3396 τῆς
3216 3327 3636 3400 πολιτευομένης
3668 3347 3746 3383 τις

2185 3419 2312 3489 μῆς.
2371 3417 2582 3486 Ἀγάπα
2622 3417 2797 3470 πάντα
2828 3417 3133 3488 ἄνθρωπον,
3179 3419 3273 3472 καὶ
3317 3421 3565 3492 είρήνευε
3617 3420 3749 3492 μετά

2181 3511 2420 3573 πάντων,
2455 3509 2549 3562 καὶ
2603 3509 2721 3580 μεθ’
2753 3504 2828 3563 ὦν
2865 3507 2965 3563 οὐκ
3015 3509 3171 3582 εὔχῃ,
3223 3512 3271 3564 εί
3303 3512 3530 3566 δυνατὸν
3578 3513 3641 3567 τὸ
3688 3516 3749 3568 ὲκ

2183 3603 2298 3668 σοῦ,
2331 3605 2498 3675 χωρὶς
2525 3603 2804 3676 αἱρέσεως.
2835 3605 3011 3674 Ἔχων
3033 3605 3110 3667 δὲ,
3147 3605 3394 3675 μετάδιδε
3429 3607 3543 3676 (52)
3571 3607 3649 3679 τῷ
3676 3609 3748 3678 μὴ

2183 3694 2356 3764 ἔχοντι
2379 3711 2392 3725 ⁸
2431 3696 2505 3766 μὴ
2544 3695 2679 3765 ἒχων
2700 3695 2776 3761 δὲ,
2811 3696 2884 3767 μὴ
2912 3695 3240 3769 ἐγκληοήσῃ.
3285 3697 3412 3752 Ἐάν
3441 3701 3640 3772 αἰτήσῃ
3670 3717 3760 3772 τις,

2183 3786 2334 3858 παρά
2368 3787 2463 3840 σοῦ
2487 3789 2565 3850 είς
2591 3787 2804 3858 χρῆσιν,
2834 3787 2998 3852 δίδου,
3033 3789 3128 3842 καὶ
3153 3789 3398 3859 λάμϐανε
3431 3794 3562 3864 παρ’
3589 3793 3750 3846 αὑτοῦ

2180 3877 2242 3929 τὸ
2270 3877 2582 3948 κεφάλαιον,
2616 3879 2693 3931 ὅτ’
2725 3877 2791 3932 ἂν
2823 3877 2942 3950 ἔχῃ,
2989 3879 3116 3933 ἀνευ
3164 3881 3344 3936 τόκου.
3389 3883 3482 3954 Μὴ
3513 3883 3750 3937 δολιεύου

2184 3968 2412 4024 ἐνώπιον
2441 3971 2664 4042 Κυρίου.
2708 3972 2832 4025 Ἐὰν
2858 3973 2965 4045 γὰρ
2997 3973 3124 4044 ἔχῃς
3165 3977 3481 4046 γεννήματα
3517 3977 3550 4048 ἢ
3583 3977 3754 4050 ἀργύ-

2184 4077 2320 4132 ριον,
2352 4062 2446 4113 καὶ⁹
2479 4061 2633 4129 ζητεί
2659 4077 2743 4124 τις
2769 4062 3115 4118 δανείσασθαι
3145 4063 3292 4135 παρά
3337 4065 3430 4118 σοῦ
3458 4067 3553 4118 καὶ
3581 4069 3644 4120 οὐ
3667 4066 3754 4122 διὰ

2183 4153 2258 4224 μὴ
2281 4153 2576 4224 λαμϐάνειν
2610 4171 2668 4206 σε
2699 4155 2856 4208 τόκον
2890 4155 3088 4218 πωλεῖς
3113 4157 3476 4228 τιμιωτέρως,
3509 4159 3596 4212 ἵνα
3627 4160 3758 4228 ἀγο-

2185 4241 2354 4312 ράσῃς
2407 4241 2622 4306 εὑὼνως
2677 4242 2754 4312 τῷ
2812 4241 3005 4315 καιρῷ,
3059 4244 3333 4299 τουτέστιν
3389 4247 3750 4319 ὀλιγοτίμως·

2187 4350 2205 4384 ι
2241 4333 2546 4404 Δράσσεται
2573 4335 2604 4387 ὁ
2633 4332 2766 4398 Θεὸς
2791 4337 2914 4398 τοὺς
2945 4337 3138 4404 σοφοὺς
3169 4337 3226 4390 ὲν
3256 4340 3320 4408 τῇ
3359 4340 3689 4412 πανουργία.
3728 4358 3748 4392 ι

2181 4425 2384 4495 Σκέψαι
2409 4425 2516 4496 γὰρ
2541 4427 2635 4479 καί
2661 4427 2784 4506 ὅρα,
2815 4427 2894 4480 ὅτι
2922 4427 3034 4480 ἀνθ’
3063 4429 3179 4490 ένὸς
3205 4429 3362 4483 τόκου
3388 4435 3537 4502 τρεῖς
3561 4433 3595 4504 ἢ
3630 4431 3755 4485 τέσ·

2107 4519 2151 4574 D
2183 4532 2356 4586 σαρας
2383 4515 2574 4578 τόκους
2607 4515 2857 4586 εὑρήσεις
2883 4515 3192 4586 λαμϐάνων.

2249 4606 2302 4661 4.
2338 4606 2492 4658 Γίνου
2519 4605 2767 4668 ταπεινὸς
2797 4606 2888 4658 καὶ
2920 4605 3162 4675 ήσύχιος,
3191 4607 3408 4677 τρέμων
3441 4606 3530 4661 διὰ
3551 4612 3758 4673 παντὸς

2178 4699 2248 4751 τὰ
2273 4697 2427 4766 λόγια
2465 4696 2557 4749 τοῦ
2603 4696 2826 4768 Κυρίου.
2855 4697 2944 4767 Μὴ
2981 4697 3129 4764 γίνου
3175 4699 3433 4768 μάχιμος,
3471 4699 3546 4771 μὴ
3583 4698 3756 4750 τύπτε

2179 4788 2482 4861 ἄνθρωπον,
2504 4788 2536 4860 ἢ
2567 4788 2723 4859 μόνον
2751 4787 2955 4841 παιδίον
2980 4805 3072 4841 σου
3097 4789 3290 4859 μικρὸν
3315 4790 3452 4860 πρὸς
3479 4790 3753 4847 παιδείαν,

2177 4881 2270 4933 καὶ
2312 4879 2442 4932 αὐτὸ
2469 4879 3024 4950 παρατετηρημένως,
3058 4881 3273 4934 σκοπῶν
3303 4883 3501 4953 μήπως
3527 4881 3616 4935 διὰ
3658 4877 3755 4932 σοῦ

2179 4972 2336 5040 φόνος
2362 4971 2616 5042 γένηταιο
2648 4970 2836 5023 πολλαὶ
2862 4971 2968 5042 γάρ
3003 4969 3136 5024 εἰσιν
3170 4973 3418 5044 ἀφορμαὶ
3459 4973 3554 5026 τοῦ
3589 4970 3758 5025 θανά-

2175 5079 2290 5116 του.
2323 5062 2412 5132 Μὴ
2444 5060 2740 5133 μυκτήριζε
2775 5062 2950 5114 πάντα
2981 5061 3262 5134 ἄνθρωπον
3285 5081 3298 5094 ·
3335 5064 3408 5135 μὴ
3455 5063 3755 5135 βδελύσσῦυ

2175 5151 2298 5206 τινα
2355 5154 2463 5206 ἀπὸ
2521 5154 2834 5224 σχήματοςο
2907 5156 3439 5226 παρατετηρημένως
3497 5158 3588 5227 ἔχε
3651 5157 3758 5224 τὴν

2176 5244 2401 5312 ἐσθῆτα,
2453 5245 2590 5314 μήτε
2639 5245 2902 5314 μαλακοῖς
2955 5247 3233 5317 χρώμενος
3289 5249 3546 5318 ἱματίοις,
3606 5248 3754 5318 μήτε

2176 5333 2362 5404 ἐσθῆτι
2388 5335 2684 5408 φαινομένῃ
2708 5336 2928 5391 δικαίων
2955 5339 3304 5409 ὲνδυομενυία
3333 5340 3466 5410 (55),
3495 5339 3758 5393 τουτέστι

2178 5654 2279 5716 nec
2301 5640 2492 5716 dubito
2521 5641 2896 5716 ita_haberi_in
2927 5643 3114 5716 codice
3153 5661 3267 5716 quo
3325 5663 3461 5702 usus
3515 5658 3596 5702 est
3661 5644 3754 5699 Cl.

2176 5710 2469 5773 Arnoldus,
2489 5712 2591 5784 qui
2609 5713 2735 5779 legit
2752 5711 3118 5784 ὲνδυσμενυία.
3147 5710 3390 5772 Proclive
3412 5725 3498 5772 est
3528 5719 3579 5770 in
3601 5730 3756 5770 mss.

2175 5794 2203 5831 ο
2227 5793 2326 5847 pro
2365 5796 2398 5833 σ
2425 5781 2619 5850 accipi,
2659 5797 2779 5837 cum
2829 5781 3034 5838 librarii
3085 5787 3178 5842 ubi
3227 5798 3483 5844 currente
3528 5789 3757 5844 calamo
