4050 6396
281 288 379 346 ειι

1506 289 1881 349 SYNTAGMA
1919 285 2308 350 DDCTRINE.

3416 287 3522 348 831

284 407 546 476 ρυπαροις
571 399 989 472 προερχόμενος.
1017 400 1226 455 Σάκκον
1244 401 1300 455 δὲ
1325 402 1419 456 ἐὰν
1447 402 1597 476 ἔχῃς,
1620 405 1705 458 ἵνα
1730 421 1850 458 nev—

1954 404 2080 458 licet
2105 403 2326 467 vestitu,
2357 401 2723 474 progrediare.
2757 400 2986 456 Saccum
3009 401 3056 458 sl
3095 401 3320 466 habeas,
3342 410 3402 457 ut
3427 411 3520 460 tua

279 494 379 566 θῇς
407 493 506 555 τὰς
555 491 825 562 ἁμαρτίας
865 507 980 555 σου,
1017 493 1208 546 σκόπει
1252 495 1326 566 μὴ
1356 498 1494 566 φανῇ
1525 513 1618 550 σου
1660 500 1688 550 ὁ
1722 498 1854 551 σάκ-

284 601 400 649 κος,
437 583 553 637 ἀλλ’
580 584 720 636 ἔστω
745 585 1124 654 κεκρυμμένος
1159 585 1283 638 ἔσω.
1311 587 1418 639 Καὶ
1453 589 1586 658 μήτε
1611 589 1853 660 δέρματα

281 674 576 746 ἀμφιάξου,
599 677 793 746 μήπως
815 675 970 742 δόξαν
993 676 1142 749 παρὰ
1163 676 1460 749 ἀνθρώπων
1485 679 1647 750 λήψῃ.
1678 681 1853 745 Ὄλως

279 767 468 840 τρίχας
502 766 577 838 μὴ
609 767 773 838 τρέφε
795 783 808 795 '
845 767 1065 837 ἐξέκοψε
1094 768 1201 838 γὰρ
1230 769 1290 821 τὸ
1326 769 1562 823 τοιοῦτον
1599 772 1783 842 σχῆμα
1823 775 1852 825 ὁ

295 860 640 923 ’Δπόστολοςο
673 860 747 931 μὴ
789 860 932 932 ξυρῶ
976 860 1037 913 τὸ
1077 861 1302 929 γένειον,
1347 863 1441 914 καὶ
1488 864 1562 934 μὴ
1593 881 1850 935 περικου-

282 953 450 1025 ρείοις
479 952 596 1022 χρῶ
636 954 970 1024 κειρόμενος.

349 1045 400 1099 5.
429 1045 491 1096 Εἰ
516 1044 739 1096 δύνασαι
779 1044 872 1096 καὶ
902 1044 1171 1114 ἑϐδομάδα
1204 1048 1502 1118 νηστεύειν,
1534 1050 1720 1121 μηδενὶ
1753 1051 1853 1103 δεί-

281 1153 428 1188 κνυε.
464 1134 658 1205 Κρεῶν
685 1135 911 1204 ἀπέχου,
933 1136 1028 1205 οὑχ
1055 1136 1129 1199 ὡς
1161 1137 1603 1210 βδελυσσόμενος,
1634 1141 1746 1194 ἀλλ’
1777 1142 1852 1206 ὼς

281 1227 600 1281 ἀνακόπτων
634 1227 693 1280 τὸ
731 1228 888 1298 σῶμα
915 1229 1012 1299 τῆς
1031 1231 1264 1300 τροφῆς,
1292 1233 1384 1284 καὶ
1412 1233 1627 1299 ἀνάξιον
1661 1234 1851 1287 ἑαυτὸν

280 1319 411 1390 ήγού
421 1335 596 1390 μενος,
617 1320 708 1371 καὶ
738 1320 855 1372 ἀντὶ
877 1319 982 1373 τῶν
1014 1322 1265 1389 ἐπιγείων
1291 1322 1397 1375 τῶν
1417 1325 1700 1394 οὐρανίων,
1732 1327 1852 1397 ὁρε-

279 1412 530 1481 γόμενον.
547 1411 660 1472 Πᾶς
679 1411 784 1482 γὰρ
814 1411 1118 1483 μετριάζων
1142 1412 1391 1487 δαψιλείᾳ
1408 1416 1643 1487 τροφῶν,
1670 1417 1854 1490 βοηθεῖ

279 1501 356 1572 τῷ
401 1500 610 1572 σώματι
648 1501 809 1554 αὑτοῦ
856 1503 991 1573 πρὸς
1037 1505 1378 1574 ἐγκράτειαν.
1416 1507 1569 1560 υἴνου
1611 1507 1746 1571 ὅλως
1776 1509 1850 1581 μὴ

280 1591 542 1662 λάμϐανε,
565 1592 598 1660 ἦ
628 1592 786 1662 μόνον
807 1591 1060 1660 γεύεσθαι
1083 1595 1176 1646 καὶ
1198 1593 1436 1663 εὐλογεῖν
1457 1597 1547 1649 τὸν
1568 1598 1846 1654 κτίσαντα.

292 1684 416 1737 Ἐὰν
448 1684 504 1737 δὲ
538 1686 631 1738 καὶ
661 1685 748 1749 σὺ,
775 1683 960 1756 ῶσπερ
988 1687 1269 1757 Τιμόθεος,
1296 1687 1383 1741 διὰ
1408 1689 1502 1760 τὴν
1526 1690 1722 1762 πολλὴν
1756 1710 1851 1746 πο-

281 1775 480 1829 λιτείαν
522 1775 696 1837 νόσοις
740 1776 1058 1849 περιπέσῃς,
1093 1778 1258 1850 ὀλίγῳ
1301 1782 1425 1851 οἴνῳ
1462 1758 1614 1854 χρῶ·
1647 1758 1709 1835 τό
1741 1783 1849 1857 γάρ
1885 1758 1922 1814 Β

279 1868 452 1936 ὀλίγον
480 1869 768 1939 φάρμακόν
797 1871 941 1921 ἐστιν
977 1869 1170 1934 ἰάσεως
1189 1888 1202 1900 ·
1240 1873 1416 1944 πολλῷ
1449 1873 1504 1926 δὲ
1538 1874 1686 1945 αύτῴ
1709 1875 1852 1948 χρώ-

284 1975 460 2030 μενος,
496 1957 810 2029 ἀμφοτέρας
848 1957 1128 2022 ἀσθενείας
1161 1961 1381 2012 σεαυτὸν
1421 1962 1765 2032 περιϐαλεῖς·
1801 1965 1848 2016 εί

280 2049 336 2103 δὲ
366 2050 471 2113 ἕως
505 2050 622 2114 ἑνὸς
654 2050 912 2121 ποτηρίου
938 2050 969 2122 ἢ
1010 2050 1121 2113 δύο,
1163 2053 1417 2124 περισσὸν
1445 2053 1507 2125 δὴ
1541 2055 1635 2125 μή.
1665 2056 1727 2108 Εἰ
1758 2055 1848 2108 δυ-

281 2142 438 2194 νατόν
486 2159 566 2194 σοι
619 2142 946 2195 ἀνυπόδυτον
996 2143 1132 2214 (54)
1178 2145 1400 2208 ὁδεύειν,
1456 2147 1716 2215 γενναίως
1762 2148 1849 2201 ὲν-

280 2233 513 2308 ηχθήσῃο
551 2235 597 2286 εί
623 2233 678 2286 δὲ
711 2235 920 2304 ἀνάγκη
949 2237 1064 2288 ἐστὶ
1094 2237 1312 2300 πάντως
1353 2238 1686 2303 ὑποδέεσθαι,
1720 2239 1848 2310 ψιλά

279 2323 486 2376 ἔσονταί
526 2340 618 2377 σου
647 2325 714 2378 τά
749 2325 1070 2396 ὑποδήματα
1091 2344 1103 2357 ο
1140 2329 1234 2381 καὶ
1280 2329 1354 2400 μὴ
1387 2329 1507 2382 θέλε
1547 2348 1846 2384 κατακεκο-

244 2433 248 2437 '
281 2416 578 2487 σμημένοις
609 2416 945 2488 ὑποδήμασιν
985 2419 1300 2490 ἐταιρισμοῦ
1334 2422 1603 2491 σχήμασιν
1635 2422 1850 2493 ἐπαιρί-

278 2507 475 2560 δεσθαι.
517 2509 642 2571 Τοῖς
676 2508 938 2580 παροῦσιν
964 2510 1155 2582 ἀρκοῦ.
1186 2512 1292 2564 Καὶ
1324 2513 1417 2564 saw
1450 2514 1848 2586 περισσοτέρων

279 2598 454 2670 κρεῶν
502 2600 596 2652 καὶ
647 2600 805 2651 οἴνων
851 2599 979 2671 ἔχῃς
1018 2600 1312 2667 πολιτείαν,
1349 2604 1443 2655 καὶ
1471 2604 1709 2678 ἀπέλθῃς
1756 2607 1848 2659 ἐπὶ

279 2689 452 2759 ξένης,
493 2687 570 2759 μὴ
605 2688 836 2762 θελήσῃς
870 2691 1060 2744 ἑαυτὸν
1092 2692 1416 2762 κομπάζειν,
1463 2692 1576 2746 ἀλλ’
1613 2695 1725 2758 ἴσος
1762 2695 1847 2764 γί-

278 2799 365 2835 νου
396 2784 511 2846 τοῖς
541 2781 787 2852 ἀδελφοῖς
807 2799 820 2811 θ
855 2777 986 2846 οἷον,
1033 2783 1128 2836 ἐὰν
1171 2784 1227 2835 ὲν
1257 2783 1508 2854 λαχάνοις
1547 2785 1846 2858 χρώμενος,

279 2875 371 2927 καὶ
410 2873 678 2944 έψήμασι,
721 2873 814 2926 καὶ
853 2876 902 2926 εί
942 2875 1174 2944 ἀνάγκη,
1219 2875 1385 2946 γάρον
1431 2876 1646 2942 ἐσθίειν,
1682 2879 1714 2950 ἢ
1757 2879 1850 2931 καὶ

283 2963 458 3033 ἰχθύος
497 2963 954 3034 μεταλαμϐάνειν,
979 2963 1074 3017 ἐὰν
1100 2965 1262 3035 θέλῃς
1284 2984 1297 2998 ·
1329 2966 1431 3028 ἕως
1453 2967 1638 3021 τούτου
1665 2969 1846 3040 μόνου,

279 3057 370 3109 καὶ
405 3055 566 3112 πάλιν
595 3056 828 3112 άνάλαϐε
857 3057 954 3126 τὴν
989 3055 1210 3128 πρώτην
1248 3056 1499 3129 ἄσκησιν.
1534 3060 1721 3125 Πάλιν,
1755 3063 1848 3115 ἐὰν

278 3151 659 3222 ἀρῤωστήσῃς,
689 3150 783 3204 καὶ
811 3149 982 3222 λάϐῃς
1019 3147 1147 3214 ὠοῦ,
1184 3151 1427 3222 ἁμαρτία
1457 3155 1556 3206 οὑκ
1589 3153 1733 3208 ἐστιν
1753 3171 1766 3184 ο
1800 3156 1848 3208 εί

277 3244 335 3298 δὲ
387 3244 627 3315 ἡττηθῇς
670 3245 726 3296 ὲν
771 3247 837 3314 τῇ
875 3244 1032 3314 νόσῳ,
1084 3243 1201 3316 [καὶ
1247 3245 1412 3318 λάϐῃς
1460 3247 1704 3300 πετεινοῦ
1757 3249 1851 3301 καὶ

277 3336 454 3406 κρεῶν
478 3335 636 3407 (55),]
656 3336 873 3407 ἥττημα
903 3337 1000 3407 μέν
1032 3339 1112 3391 σοί
1144 3340 1281 3402 ὲστι,
1325 3340 1398 3411 μὴ
1429 3339 1618 3413 λογίσῃ
1640 3341 1695 3394 δὲ
1721 3341 1852 3394 αὑτὸ

276 3428 550 3499 ἁμαρτίαν
568 3445 580 3458 ⁸
610 3428 776 3481 λυποῦ
807 3429 880 3494 δὲ,
906 3432 987 3484 ὅτι
1011 3433 1283 3504 ἀνεκόπης
1312 3451 1404 3487 σου
1434 3434 1530 3504 τῆς
1557 3434 1848 3498 πολιτείας,

276 3521 370 3596 καὶ
399 3521 784 3594 ὑπεχαλάσθης
811 3523 902 3575 τοῦ
939 3525 1158 3583 στερεοῦ
1191 3526 1471 3598 λογισμοῦ.

339 3782 392 3836 ϐ.
422 3782 486 3834 Et
515 3781 574 3834 δὲ
603 3781 696 3834 ὲπὶ
719 3782 858 3853 νόσῳ
885 3783 1253 3856 ἀναγκασθῇς,
1286 3785 1494 3857 λουτρῷ
1521 3789 1718 3860 χρήσῃ,
1746 3787 1850 3852 ἕως

278 3871 423 3937 ἅπαξ
455 3874 550 3926 καὶ
603 3873 710 3936 δίς·
768 3873 1025 3942 ὑγιαίνων
1079 3875 1158 3941 δὲ,
1213 3876 1493 3946 βαλανείου
1551 3878 1611 3929 οὑ
1665 3876 1849 3948 χρείαν

276 3965 438 4036 ἔχεις.
477 3967 548 4020 Σὺ
582 3969 610 4020 ὁ
635 3966 878 4037 μονάζων
914 3969 1006 4020 καὶ
1037 3969 1212 4038 ἱερεὺς
1240 3969 1539 4039 χαμευνίαν
1572 3969 1712 4033 θέλε,
1755 3970 1850 4022 έάν

274 4055 340 4132 ᾖς
368 4061 526 4130 ὑγιής
549 4076 563 4089 ·
591 4061 695 4131 πρὸ
715 4060 914 4124 παντὸς
939 4059 994 4113 δὲ
1017 4061 1207 4131 τέχνην
1238 4063 1544 4133 ἐπιχειρεῖν.
1584 4062 1670 4116 Ἐν
1696 4062 1850 4133 ἀγρῷ

274 4150 530 4224 ἐργάζου,
566 4150 652 4204 ἵνα
689 4150 762 4222 μὴ
801 4151 985 4222 ἐσθίῃς
1018 4152 1182 4222 ἄρτον
1221 4152 1418 4220 ἀργόνο
1464 4151 1749 4223 μᾶλλονδὲ
1787 4155 1849 4206 ἐκ

273 4241 383 4295 τῶν
413 4241 612 4313 χειρῶν
643 4259 734 4295 σου
769 4241 857 4311 ἔχε
887 4243 1022 4314 πρὸς
1050 4243 1109 4295 τὸ
1140 4245 1439 4297 ἀναπαύειν
1471 4244 1728 4313 ἀδελφοὺς
1757 4245 1850 4297 καὶ

273 4334 482 4402 ξένους,
508 4336 600 4388 καὶ
627 4336 674 4387 εί
705 4334 946 4399 δυνατὸν,
972 4337 1164 4407 χήρας,
1193 4337 1287 4390 καὶ
1316 4338 1605 4408 ὀρφανοὺς,
1638 4338 1730 4390 καὶ
1757 4354 1848 4408 με-

1954 496 2142 566 lugeas
2183 504 2426 566 peccata,
2471 509 2603 550 cave
2648 510 2718 550 ne
2755 494 3083 551 saccus.ille
3112 494 3381 560 videatur,
3426 495 3522 551 sed

1952 587 2306 643 absconditus
2327 589 2398 642 sit
2424 588 2672 641 interius.
2704 586 2782 642 Ne
2803 587 3036 656 pellibus
3071 588 3148 642 sis
3177 590 3430 652 amictus,
3463 595 3523 642 ut

1952 693 2021 732 ne
2049 678 2117 732 ab
2144 678 2456 733 hominibus
2487 678 2714 748 gloriam
2743 676 2974 733 referas.
3006 677 3246 748 Capillos
3270 693 3337 733 ne
3369 679 3520 734 alas:

1951 768 2222 838 ejusmodi
2261 771 2463 840 quippe
2521 777 2774 823 ornatum
2832 771 3080 841 praecidit
3134 771 3518 841 Apostolus“:

1949 859 2028 916 Ne
2057 863 2281 917 tondeas
2317 869 2576 926 mentum,
2620 877 2798 932 neque
2833 865 3298 919 circunztonsione
3343 874 3518 920 utare.

2021 1044 2075 1098 5.
2111 1043 2167 1098 Si
2197 1045 2373 1114 possis
2398 1044 2480 1097 vel
2513 1043 2849 1099 hebdomade
2877 1043 3085 1116 integra
3129 1044 3400 1116 jcjunare,
3425 1061 3525 1101 ne-

1952 1135 2080 1186 mini
2114 1134 2163 1186 id
2191 1135 2453 1188 declares.
2481 1133 2524 1186 Α
2550 1135 2807 1190 carnibus
2832 1134 3068 1206 abstine,
3101 1152 3208 1190 non
3235 1148 3290 1190 ut
3311 1137 3402 1206 qui
3429 1152 3523 1191 cas

1953 1222 2265 1285 detesteris,
2301 1223 2395 1277 scd
2427 1233 2483 1277 ut
2516 1223 2609 1293 qui
2634 1224 2850 1294 corpori
2882 1203 3034 1280 cibos
3062 1203 3338 1290 detrahas,
3362 1206 3524 1296 teque

1951 1317 2235 1388 indignum
2273 1332 2338 1373 eo
2368 1318 2627 1382 aestimes,
2668 1327 2831 1387 atque
2867 1327 3204 1374 terrenarum
3260 1321 3380 1375 loco
3409 1336 3524 1374 cm-

1951 1410 2105 1465 lestia
2135 1409 2655 1480 appetas.Quisquis
2675 1410 2836 1481 306
2865 1411 3008 1465 enim
3038 1412 3091 1465 in
3125 1413 3372 1468 ciborum
3399 1415 3519 1468 lan-

1952 1502 2067 1554 titia
2126 1504 2345 1556 modum
2385 1510 2550 1567 tenet,
2610 1503 2694 1558 his
2740 1504 2956 1573 corpori
3013 1503 3116 1558 fert
3153 1519 3308 1574 opem
3345 1513 3406 1559 ut
3460 1521 3520 1561 se

1951 1594 2232 1649 continere
2277 1595 2469 1664 possit.
2506 1596 2546 1647 A
2580 1596 2707 1649 vino
2736 1595 2894 1665 plane
2937 1596 3170 1661 abstine,
3206 1597 3310 1653 nisi
3345 1598 3522 1652 solum

1953 1691 2012 1738 ut
2040 1683 2312 1755 degustes,
2344 1695 2396 1740 et
2419 1686 2661 1741 Creatori
2688 1687 2808 1755 ejus
2839 1687 3151 1743 benedicas.
3181 1687 3334 1755 Quod
3367 1689 3412 1742 si
3443 1696 3525 1756 tu,

1951 1777 2408 1846 quemadmodum
2458 1775 2799 1842 Timotheus,
2834 1779 2902 1833 ob
2936 1779 3159 1834 nimiam
3190 1781 3529 1836 exercitatio-

1953 1883 2075 1921 nem
2118 1871 2172 1923 in
2214 1869 2434 1924 morbos
2474 1869 2752 1933 incideris,
2793 1870 2920 1925 vino
2948 1870 3164 1926 modico
3185 1867 3360 1936 utere,
3399 1888 3526 1928 nam

1952 1973 2114 2029 parce
2165 1968 2441 2027 sumptum
2491 1961 2761 2014 medicina
2813 1968 2932 2028 est;
2993 1961 3079 2014 sin
3121 1963 3293 2016 multo
3345 1971 3526 2029 utare,

1952 2060 2213 2120 utrasque
2248 2052 2343 2105 tibi
2376 2051 2724 2108 infirmitates
2764 2051 2990 2107 induces
3030 2071 3042 2107 :
3080 2053 3146 2107 ad
3189 2069 3358 2108 unum
3397 2070 3528 2109 vero

1950 2143 2035 2197 vel
2067 2143 2176 2196 duo
2204 2143 2396 2212 pocula
2432 2144 2602 2198 bibito
2626 2159 2802 2214 neque
2833 2143 3090 2213 amplius.
3125 2143 3181 2199 Si
3214 2145 3399 2201 valeas
3431 2162 3530 2202 nu-

1951 2233 2033 2288 dis
2057 2233 2309 2289 incedere
2336 2234 2585 2304 pedibus,
2617 2249 2879 2305 generose
2900 2242 2952 2290 te
2990 2235 3168 2305 geris;
3203 2237 3287 2290 sin
3321 2237 3415 2291 tibi
3444 2254 3530 2294 nec

1950 2327 2182 2382 cessitas
2226 2327 2385 2396 plane
2438 2325 2602 2381 fuerit
2657 2333 2715 2380 ut
2748 2327 2961 2382 calceos
3007 2343 3215 2390 sumas,
3257 2328 3528 2400 simplicia

1949 2417 2047 2471 tibi
2077 2425 2243 2471 sunto
2277 2417 2646 2471 calceamenta
2683 2434 2696 2470 :
2730 2419 2839 2471 noli
2888 2417 3098 2472 ornatis
3143 2418 3530 2476 calceamentis

1950 2509 2289 2564 amasiorum
2322 2524 2472 2563 inore
2499 2520 2550 2564 te
2573 2508 2783 2565 eﬂerre.
2808 2509 2931 2564 Sint
2961 2509 3058 2564 tibi
3089 2527 3176 2566 res
3197 2513 3404 2581 quaevis
3435 2512 3530 2568 ob-

1952 2601 2048 2655 viae
2071 2603 2222 2656 satis.
2261 2601 2483 2656 Etiamsi
2512 2602 2769 2657 carnibus
2798 2611 2852 2657 et
2888 2603 3013 2659 vino
3053 2613 3312 2675 tanquam
3339 2620 3529 2676 super-

1951 2695 2205 2749 vacaneis
2232 2694 2506 2748 abstinere
2535 2694 2713 2749 soleas
2741 2709 2804 2749 ex
2856 2693 3110 2750 instituto
3146 2704 3260 2761 tuo,
3290 2711 3416 2750 cum
3444 2705 3528 2751 ta-

1949 2801 2076 2841 men
2107 2785 2161 2840 in
2196 2786 2535 2856 peregrinam
2568 2786 2845 2857 regionem
2901 2789 3261 2851 concesseris,
3303 2789 3415 2843 noli
3472 2797 3528 2845 te

1945 2875 2176 2944 jactare,
2207 2875 2300 2930 sed
2340 2883 2460 2930 esto
2499 2874 2759 2932 fratribus
2796 2877 3040 2948 aequalis,
3085 2878 3325 2933 oleribus
3375 2879 3528 2935 vide-

1957 2967 2084 3022 licet
2113 2978 2290 3032 ntens,
2321 2972 2604 3038 coctisque
2632 2967 2792 3032 cibis,
2819 2967 2927 3022 imo
2944 2968 3306 3038 si_necessum
3332 2970 3404 3024 sit
3434 2984 3528 3040 ga-

1952 3075 2071 3114 rum
2097 3061 2320 3116 comede
2346 3071 2397 3116 et
2433 3062 2581 3132 pisce
2609 3075 2851 3124 vescere,
2881 3061 2928 3116 si
2959 3061 3196 3116 volueris
3223 3077 3239 3126 ;
3298 3061 3393 3116 sed
3429 3077 3527 3132 pro

1952 3166 2013 3205 ea
2043 3152 2162 3206 vice
2189 3152 2386 3218 solum,
2417 3168 2481 3207 ac
2502 3168 2722 3208 rursum
2757 3151 3044 3222 pristinam
3079 3166 3294 3207 resume
3313 3152 3528 3206 exerci-

1952 3242 2233 3298 tationem.
2267 3242 2322 3297 Si
2372 3252 2608 3314 tegrotus
2655 3260 2814 3299 ovum
2859 3243 3186 3309 comederis,
3244 3251 3525 3314 peccatum

1951 3348 2058 3386 non
2088 3343 2199 3397 est;
2229 3334 2324 3390 sed
2351 3335 2396 3390 si
2430 3336 2484 3390 in
2513 3335 2703 3391 morbo
2721 3351 2894 3406 usque
2915 3348 2981 3390 eo
3006 3334 3264 3406 dejiciare
3297 3341 3355 3389 ut
3375 3351 3526 3390 avem

1949 3432 2003 3478 et
2031 3440 2225 3481 carnes
2267 3410 2543 3492 comedas,
2578 3428 2760 3484 minus
2793 3427 3013 3498 quidem
3061 3426 3361 3497 perfectum
3394 3425 3528 3481 illud

1949 3523 2059 3582 est;
2095 3533 2161 3571 ne
2190 3517 2458 3572 arbitrare
2502 3527 2683 3574 tamen
2733 3529 3016 3590 peccatum
3058 3535 3180 3575 esse
3216 3539 3228 3574 :
3265 3519 3361 3576 sed
3405 3519 3529 3574 dole

1950 3609 2093 3676 quod
2116 3609 2408 3679 pristinum
2439 3611 2562 3665 vitae
2595 3611 2906 3666 institutum
2950 3627 3057 3667 non
3086 3612 3246 3683 plane
3277 3626 3528 3668 servave-

1950 3700 2047 3762 ris,
2080 3709 2134 3755 et
2159 3717 2187 3754 a
2223 3703 2376 3756 firmo
2405 3704 2687 3774 proposito
2729 3703 2972 3774 dejectus
3009 3705 3107 3761 sis.

2021 3792 2071 3845 6.
2101 3792 2156 3848 Si
2183 3795 2237 3848 in
2261 3796 2452 3850 morbo
2485 3797 2538 3851 id
2569 3797 2872 3853 necessitas
2906 3799 3160 3868 postulet,
3197 3814 3302 3854 una
3331 3805 3424 3854 aut
3443 3800 3524 3853 ιιι·-

1955 3893 2073 3940 tera
2102 3887 2222 3941 vice
2255 3887 2449 3943 balneo
2478 3900 2647 3954 utere,
2679 3903 2846 3944 sanus
2876 3900 3054 3946 autem
3079 3891 3272 3947 balneo
3302 3907 3411 3947 non
3441 3891 3527 3946 in-

1950 3977 2121 4049 diges.
2155 3979 2236 4034 Tu
2271 3981 2537 4038 monache
2565 3991 2618 4038 et
2649 3981 2928 4048 sacerdos,
2958 3983 3109 4038 humi
3141 3985 3359 4049 cubato,
3393 3984 3523 4039 dum

1951 4086 2117 4127 sanus
2155 4087 2386 4142 corpore
2428 4073 2548 4130 sis:
2582 4074 2636 4128 in
2678 4075 2868 4146 primis
2901 4091 3030 4131 vero
3079 4086 3251 4133 artem
3284 4077 3522 4149 aliquam

1949 4177 2224 4218 exerceas.
2271 4162 2328 4215 In
2361 4179 2491 4234 agro
2529 4164 2738 4230 labora,
2791 4182 2858 4220 ne
2889 4182 3084 4237 panem
3133 4169 3307 4226 otiose
3339 4185 3523 4226 comr-

1949 4251 2084 4318 das;
2120 4253 2229 4307 imo
2273 4269 2336 4308 ex
2367 4268 2623 4308 manuum
2656 4262 2874 4310 tuarum
2908 4257 3094 4314 labore
3125 4257 3329 4315 habeas
3382 4260 3526 4314 unde

1951 4344 2148 4401 fratres
2173 4346 2522 4417 hospitesque
2555 4345 2792 4410 reﬁcias,
2820 4356 2875 4401 et
2911 4349 2956 4402 si
2993 4347 3224 4406 facultas
3255 4350 3411 4416 ferat,
3442 4351 3526 4405 vi-

271 4428 479 4497 τρίους.
508 4427 616 4480 Καὶ
638 4429 684 4479 εί
715 4428 814 4497 μὲν
847 4429 1046 4498 μεταξὺ
1077 4429 1182 4480 τῶν
1207 4428 1504 4498 ἀνθρώπων
1533 4432 1720 4493 οἰκεῖς.
1751 4431 1844 4483 καὶ

1949 4437 2106 4502 duas,
2143 4439 2418 4508 orphanos
2453 4446 2507 4494 et
2563 4455 2783 4510 egenos.
2821 4439 2976 4506 Quod
3007 4442 3053 4497 si
3107 4442 3250 4499 inter
3279 4443 3527 4499 homines

272 4515 418 4586 ἔχεις
473 4515 690 4588 χωρίον,
743 4517 861 4586 ἤτοι
906 4519 1168 4590 γεώργιον
1215 4519 1578 4590 ἐργάζεσθαι’
1627 4521 1846 4585 δικαίως

278 4607 524 4674 συνάγων
562 4609 826 4679 καρποὺς,
868 4610 960 4660 καὶ
992 4609 1065 4679 μὴ
1099 4608 1236 4679 ἔχων
1271 4629 1322 4663 τι
1362 4611 1594 4674 ἀδικίας,
1632 4611 1847 4682 πρῶτον

277 4699 380 4771 μὲν
411 4698 511 4762 τὰς
534 4697 784 4770 ἀπαρχὰς
807 4702 917 4761 τοῖς
945 4699 1146 4770 ἱερεῦσι
1177 4701 1450 4774 πρόσφερε
1471 4718 1484 4730 ·
1511 4701 1699 4754 ἔπειτα
1727 4701 1846 4755 θέλε

273 4792 369 4845 καὶ
396 4794 575 4864 χήρας
603 4793 918 4856 ἀναπαύειν,
951 4795 1044 4846 καὶ
1073 4795 1340 4864 ὀρφανοὺς
1369 4795 1462 4846 καὶ
1491 4793 1709 4860 λοιποὺς
1741 4796 1848 4848 ἀπὸ

269 4884 499 4939 δικαίων
553 4884 749 4947 πόνων,
805 4884 878 4955 μὴ
931 4885 1038 4938 ἀπὸ
1084 4886 1256 4938 τόκων
1307 4887 1340 4959 ἢ
1396 4886 1764 4958 πλεονασμῶν,
1814 4887 1846 4958 ἦ

273 4976 690 5051 πραγματειῶν,
718 4975 751 5047 ἢ
780 4976 1197 5048 διασεισμάτων.
1225 4978 1286 5030 El
1315 4977 1372 5030 δὲ
1404 4979 1482 5041 είς
1512 4977 1677 5048 μονὴν
1718 4977 1850 5032 καθ-

276 5069 396 5144 έζῃ,
432 5069 508 5141 μὴ
549 5067 739 5140 ὕϐριζε
777 5068 875 5138 τὴν
898 5069 1129 5139 ἄσκησιν
1156 5069 1254 5140 τῆς
1282 5069 1469 5140 μονῆς.
1502 5071 1624 5124 Ἐὰν
1651 5072 1849 5144 χωρίον

274 5163 568 5233 κέκτησαι,
605 5163 664 5214 ὲν
696 5161 1039 5234 μοναστηρίῳ
1068 5161 1383 5234 ἀναχωρῶν,
1405 5163 1504 5216 οὑκ
1536 5163 1847 5234 ἀνεχώρησέ

274 5272 378 5323 σοι,
412 5255 530 5308 ἀλλ’
563 5253 853 5325 ὲμπαίζεις
881 5255 974 5308 καὶ
1004 5255 1268 5327 ὲμπαίζῃ.
1301 5254 1677 5328 Καθεζόμενος
1709 5257 1763 5310 δὲ
1791 5261 1849 5312 ὲν

373 5438 420 5470 ’⁸
459 5437 480 5491 1
512 5437 644 5493 Cor.
683 5453 774 5500 xi,
817 5435 903 5492 14.

263 5620 540 5682 scribunt,
569 5623 630 5671 ut
658 5615 894 5669 litteram
919 5633 948 5668 ο
979 5615 1330 5687 subsequenti
1367 5617 1644 5687 cOpulent.
1701 5616 1845 5687 quod

263 5689 587 5761 properanti
624 5701 744 5761 mos
775 5693 882 5746 est,
915 5685 1142 5761 caudam
1173 5687 1315 5756 parti
1345 5685 1608 5759 superiori
1655 5685 1846 5745 litteras

261 5756 289 5815 ὀ
327 5756 563 5835 ponant,
591 5764 647 5810 et
667 5756 747 5811 sic
774 5770 806 5806 σ
835 5771 970 5824 pene
993 5756 1252 5810 referant.

591 5852 868 5913 fusos.
903 5850 1020 5910 Gn.
1067 5849 1360 5913 XXVIII.

1947 4529 2212 4596 quosdam
2248 4527 2486 4591 habitas,
2540 4528 2744 4598 tibique
2773 4530 2950 4596 locus,
3006 4547 3103 4588 seu
3130 4547 3258 4604 ager
3287 4535 3526 4604 suppetit

1947 4619 2016 4674 ad
2055 4619 2434 4685 laborandum,
2467 4619 2678 4676 fructus
2700 4620 2850 4692 juste
2877 4631 2931 4676 et
2959 4624 3167 4696 absque
3195 4625 3302 4679 ulla
3324 4625 3527 4696 injuria

1948 4712 2211 4781 colliges;
2253 4712 2634 4783 primitiasque
2666 4721 2793 4768 ante
2815 4715 2998 4768 omnia
3031 4715 3409 4772 sacerdotibus
3441 4718 3528 4771 of-

1950 4805 2095 4862 feras
2132 4822 2143 4858 :
2181 4805 2379 4861 dehinc
2420 4807 2617 4868 viduis,
2647 4808 2930 4878 orphanis,
2957 4808 3186 4879 aliisque
3223 4809 3420 4878 largire
3455 4825 3524 4864 ex

1945 4893 2110 4964 justis
2135 4895 2410 4950 laboribus
2435 4911 2545 4951 non
2591 4913 2658 4952 ex
2703 4899 2911 4962 fenore,
2941 4898 3024 4953 vel
3051 4914 3118 4953 ex
3151 4898 3319 4952 nimia
3350 4897 3522 4952 abun-

1950 4985 2157 5051 dantia,
2186 4987 2270 5041 vel
2294 5003 2360 5042 ex
2383 4987 2774 5083 negotiatione,
2803 4989 2886 5044 vel
2910 5004 2977 5044 ex
3006 4988 3349 5044 tumultibus.
3385 4987 3443 5042 Si
3467 4988 3524 5043 in

1950 5078 2286 5134 monasterio
2315 5077 2493 5151 degis,
2531 5077 2610 5136 ne'
2639 5081 2963 5138 monasterii
2993 5080 3254 5136 exercitia
3287 5087 3528 5135 contem-

1949 5182 2038 5223 ne.
2071 5167 2226 5234 Quod
2255 5168 2300 5224 si
2340 5184 2464 5223 cum
2519 5170 2575 5224 in
2631 5171 3022 5225 monasterium
3073 5169 3286 5226 sccedis
3335 5183 3525 5240 agrum

1900 5275 1906 5281 ·
1949 5259 2220 5329 possides,
2261 5275 2603 5332 nequaquam
2635 5262 2868 5328 secedis,
2899 5263 2994 5320 sed
3025 5261 3210 5319 illudis
3246 5269 3408 5334 atque
3452 5261 3525 5316 il-

2023 5618 2137 5687 (δι)
2169 5619 2527 5690 ζᾼνυπόδητον

2025 5691 2138 5760 (55)
2171 5689 2295 5748 Haec
2324 5689 2484 5748 verba
2516 5691 2671 5752 uncis
2701 5690 2914 5750 inclusa
2946 5693 3181 5752 restitui.

3199 5851 3280 5912 Ξῖ
