4050 6396
549 273 677 343 81⁸5Δ

1680 268 1736 322 δ.
1768 264 2224 323 ATHANASIUS.
2264 296 2335 309 -—-
2372 264 2641 323 SPURIA.

3659 263 3761 323 ω

549 383 772 445 ludet-is.
806 384 864 436 ln
889 382 1220 435 monasterio
1249 394 1373 433 cum
1402 379 1553 450 degis
1591 382 1703 434 noli
1724 389 1931 438 otiosus
1959 397 2102 449 esse,

2211 382 2576 453 μοναστηρίῳ,
2631 383 2706 450 μὴ
2758 378 2876 432 θέλε
2920 375 3057 432 εἶναι
3109 377 3279 448 ἀργὸς
3313 372 3406 433 καὶ
3447 378 3552 433 ὑπὸ
3594 379 3757 436 ἄλλων

548 477 624 528 ita
653 483 711 526 ut
751 472 839 526 alii
888 478 941 526 te
967 471 1150 536 alant;
1174 469 1267 524 sed
1326 483 1425 540 par
1452 477 1535 524 est
1576 477 1629 524 te
1664 478 1757 525 aut
1797 479 1969 527 artem
1998 473 2101 526 ali-

547 577 706 633 quam
736 563 953 628 callere,
983 561 1330 631 autoperari,
1390 570 1448 616 ut
1479 561 1855 632 quotidianum
1886 563 1983 617 tibi
2024 563 2105 617 ci-

549 659 674 711 bum
701 669 1001 724 compares.
1038 651 1094 708 Si
1119 653 1366 723 juniores
1403 663 1578 710 tecum
1613 653 1834 720 fuerint,
1869 656 2102 726 primum

547 746 769 802 humilis
791 755 930 809 esto,
953 761 1131 814 neque
1155 746 1413 816 magister
1438 761 1562 802 esse
1587 748 1860 816 optaveris
1889 767 1903 802 :
1937 747 2032 803 sed
2058 746 2105 802 si

546 837 746 891 videris
774 836 985 892 animas
1014 846 1106 891 tua
1132 838 1543 893 conversatione
1567 841 1797 895 salutem
1822 839 2105 909 consequi,

546 936 710 998 atque
752 928 989 984 volueris
1027 930 1267 1001 quinque
1305 931 1505 985 talenta
1540 938 1762 1002 accepta
1806 931 2106 1000 duplicare,

546 1024 759 1076 animas
782 1034 912 1074 cura
942 1029 1119 1076 tecum
1142 1027 1447 1085 versantes,
1479 1028 1532 1075 et
1555 1020 1806 1091 iuniores
1826 1022 2106 1091 compelle,

547 1123 604 1166 nt
637 1112 869 1182 quisque
898 1125 1145 1167 seorsum
1185 1112 1365 1183 degat,
1396 1128 1571 1182 neque
1605 1129 1711 1167 una
1755 1113 2109 1170 confabulen—

548 1202 656 1263 tur'.
697 1207 793 1256 aut
822 1216 929 1256 una
956 1209 1263 1267 versentur,
1303 1210 1528 1272 excepta
1557 1204 1732 1258 solum
1778 1218 1985 1272 mensa,
2021 1221 2113 1277 sy-

548 1293 696 1356 naxi,
736 1300 791 1348 et
834 1293 1157 1365 psalmodia,
1186 1303 1249 1349 ut
1284 1293 1427 1350 inter
1461 1293 1835 1350 dormiendum
1881 1296 2113 1366 propriis

546 1386 672 1456 quis
704 1385 1039 1441 indumentis
1069 1384 1302 1442 amictus
1331 1387 1424 1452 sit,
1453 1394 1507 1442 et
1537 1387 1856 1443 sticharium
1914 1389 2113 1460 singuli

2202 471 2498 544 τρέφεσθαι
2520 489 2535 503 ⁸
2570 469 2703 524 ἀλλά
2742 469 2823 523 δεῖ
2861 468 3138 540 σεαυτὸνῆ
3165 469 3359 540 τέχνην
3415 469 3596 534 είδεῖν,
3618 469 3653 542 ἢ
3678 470 3759 543 ἐρ-

2202 561 2545 631 γατεύεσθαι,
2573 562 2659 615 ἵνα
2688 578 2803 625 πως
2827 559 2920 632 τὴν
2944 560 3215 632 ἐφήμερον
3247 563 3628 635 προσπορήσῃς
3645 577 3762 634 τρο-

2206 654 2330 724 φήν.
2376 651 2687 724 Νεωτέρους
2714 652 2770 705 δὲ
2801 651 2894 705 ἐὰν
2924 650 3054 721 ἔχῃς
3101 652 3228 723 περὶ
3263 653 3508 719 σεαυτὸν,
3555 653 3760 725 πρῶτον

2209 743 2308 814 μέν
2331 742 2753 813 ταπεινοφρόνει,
2787 742 2882 796 καὶ
2916 740 2990 813 μὴ
3025 741 3144 795 θέλε
3175 738 3312 797 εἶναι
3338 743 3651 808 διδάσκαλος
3671 761 3686 774 ο
3717 747 3760 798 εί

2206 833 2263 887 δὲ
2306 834 2419 906 ῐδης
2450 833 2626 904 ψυχὰς
2659 831 2968 904 σωζομένας
3012 833 3101 887 διὰ
3140 834 3238 904 τῆς
3275 835 3373 901 σῆς
3401 834 3758 905 ἀναστροφῆς,

2205 922 2490 979 τελειῶσαι
2518 923 2837 995 βουλόμενος
2868 924 2975 979 τῶν
3000 924 3160 977 πέντε
3186 924 3460 979 ταλάντων
3483 925 3551 978 τὰ.
3586 924 3764 979 διπλά-

2211 1032 2322 1077 σια,
2350 1010 2424 1069 ὧν
2469 1016 2718 1087 εἴληφας,
2761 1016 2996 1087 μερίμνα
3039 1016 3139 1079 τὰς
3170 1016 3294 1088 περὶ
3342 1016 3401 1068 σέ
3432 1015 3630 1087 ψυχὰς,
3677 1019 3762 1072 καὶ

2209 1106 2471 1176 ἐπίστυφε
2511 1109 2637 1171 τοὺς
2668 1107 2961 1178 νεωτέρους
2993 1107 3210 1171 ίδιάζειν
3251 1106 3479 1161 ’ἑκαστον
3506 1108 3685 1162 αὐτῶν
3714 1109 3763 1163 ἒν

2210 1212 2271 1248 τε
2307 1198 2371 1266 τῇ
2408 1195 2591 1267 ὁμιλίᾳ
2616 1196 2708 1249 καὶ
2734 1198 2791 1247 ἐν
2818 1199 2882 1266 τῇ
2907 1196 3240 1268 ἀναστροφῇ,
3267 1196 3436 1268 χωρὶς
3470 1196 3638 1267 μόνης
3674 1197 3764 1267 τῆς

2210 1286 2504 1359 τραπέζης,
2538 1289 2633 1341 καὶ
2664 1287 2952 1353 συνάξεως,
2998 1289 3090 1342 καὶ
3129 1288 3476 1359 ψαλμῳδίαςο
3510 1290 3568 1342 ἐν
3602 1287 3657 1343 δέ
3696 1289 3770 1360 τῷ

2212 1376 2418 1441 ὑπνεῖν,
2452 1377 2678 1431 ἕκαστον
2718 1377 2825 1431 ίδια
2868 1376 3305 1450 περιϐάλλεσθαι,
3340 1377 3434 1431 καὶ
3466 1376 3693 1432 ἕκαστον
3715 1378 3767 1431 τὸ

547 1496 730 1545 suum,
747 1494 1076 1549 saccumque
1098 1478 1475 1535 absconditum
1494 1480 1784 1545 retineant,
1803 1488 1862 1535 ut
1886 1480 1932 1535 si
1955 1478 2108 1537 fuerit

2218 1468 2491 1539 στιχάριον
2535 1467 2702 1522 αὐτοῦ
2748 1470 2913 1539 ἔχειν,
2950 1469 3071 1540 ἦτοι
3117 1468 3339 1522 σακκίον
3370 1468 3767 1539 κεκρυμμένον,

549 1580 715 1627 noctu
733 1570 1025 1636 orandum,
1050 1572 1225 1641 parati
1252 1571 1613 1627 inveniantur.
1639 1571 1826 1643 Vigila-
1842 1573 2108 1630 moderate

2216 1557 2323 1622 ἵνα,
2359 1557 2426 1612 ἂν
2472 1575 2576 1612 που
2619 1557 2751 1631 εὔχῃ
2803 1559 3013 1625 νυκτὸς,
3043 1558 3246 1631 ἕτοιμοι
3280 1559 3594 1631 εὑρεθῶσιν.
3644 1559 3768 1613 Θέλε

548 1662 604 1716 in
638 1662 866 1732 psalmis
917 1670 972 1716 et
1015 1662 1314 1733 precibus:
1355 1661 1591 1717 interdiu
1629 1678 1759 1718 vero
1808 1662 2108 1734 frequenter

2218 1650 2513 1722 ἀγρυπνεῖν
2554 1650 2878 1723 συμμέτρως
2908 1652 2967 1704 ἐν
3002 1649 3234 1721 ψαλμοῖς
3274 1652 3369 1705 καὶ
3412 1651 3598 1721 εὐχαῖς
3620 1666 3634 1681 ·
3681 1649 3770 1706 καὶ

547 1767 667 1817 ora,
700 1768 773 1808 ne
819 1732 1027 1808 tamen
1052 1752 1263 1824 prolixa
1316 1755 1388 1810 sit
1417 1753 1611 1819 oratio,
1640 1768 1708 1810 ne
1746 1732 2004 1821 clamosa,
2036 1773 2106 1814 ne

2210 1740 2422 1812 ἡμέρας
2468 1741 2567 1812 μὲν
2610 1740 2863 1811 εὔχεσθαι
2901 1741 3142 1808 πυκνῶς,
3184 1744 3258 1814 μὴ
3304 1743 3567 1814 χρονίζων
3609 1742 3668 1797 δὲ
3715 1744 3768 1797 ἐν

549 1844 843 1899 multorum
872 1844 1223 1915 inaniumque
1244 1844 1554 1900 verborum.
1578 1844 1712 1900 Cum
1738 1847 2107 1905 moderatione

2212 1831 2366 1903 εὐχῇ,
2397 1831 2431 1903 ἢ
2460 1831 2694 1904 κράζων,
2732 1832 2765 1903 ἢ
2796 1831 3160 1903 βαττολογῶν’
3201 1834 3525 1906 συμμέτρως
3553 1833 3610 1888 δὲ
3642 1833 3769 1904 ψάλι-

549 1935 912 2006 psallendum,
961 1951 1029 1991 ne
1058 1936 1304 1992 molestia
1329 1936 1523 1991 animae
1550 1936 1869 1992 adiciantur.
1903 1937 2109 1998 Pueros

549 2025 616 2081 ad
650 2025 923 2082 silentium
952 2026 1193 2081 institue.
1239 2024 1298 2080 ln
1329 2040 1628 2096 cauponam
1657 2043 1725 2084 ne
1754 2044 1991 2099 unquam
2019 2031 2107 2085 in-

546 2115 826 2187 grediare;
854 2114 947 2171 sed
979 2116 1027 2171 si
1060 2116 1362 2172 necessitas
1392 2116 1448 2172 id
1480 2118 1737 2188 postulet,
1774 2118 1820 2174 si
1850 2119 1905 2173 in
1924 2127 2109 2175 extra~

547 2222 649 2263 nea
680 2207 899 2279 regione
925 2207 1183 2272 versaris,
1234 2216 1398 2278 atque
1441 2208 1563 2263 cibo
1590 2209 1672 2265 vel
1703 2217 1834 2280 potu
1860 2226 1999 2281 opus
2021 2218 2107 2268 est

550 2298 675 2364 tibi,
710 2306 948 2369 emptum
983 2298 1157 2362 mitte,
1186 2305 1240 2353 et
1266 2298 1324 2354 in
1352 2299 1582 2355 ecclesia
1609 2300 1852 2366 comede,
1880 2302 2001 2357 loco
2020 2317 2108 2359 se-

547 2395 737 2444 moto:
769 2387 818 2442 si
845 2387 993 2442 nulla
1021 2401 1087 2444 eo
1133 2388 1255 2443 loco
1296 2386 1461 2444 fuerit
1511 2389 1762 2454 ecclesia,
1798 2400 1890 2446 aut
1919 2391 2108 2447 ortho-

546 2467 816 2535 doiorum
867 2478 1084 2543 domus,
1119 2494 1514 2551 accessumque
1563 2480 1663 2535 tibi
1712 2480 1784 2536 sit
1830 2481 1888 2535 in
1927 2481 2108 2538 diver-

548 2573 754 2627 sorium
805 2569 1035 2641 ingredi,
1086 2571 1143 2626 in
1194 2571 1494 2628 diversorio
1539 2587 1761 2629 maneas
1818 2574 1911 2629 ubi
1945 2576 2108 2630 nulla:

549 2666 663 2725 sint
683 2664 964 2730 mulieres,
998 2679 1173 2736 neque
1200 2680 1482 2737 caupona:
1512 2665 1673 2738 idque
1701 2681 1824 2721 cum
1848 2681 2103 2725 mmrore.

620 2843 672 2898 7.
694 2840 749 2896 Si
766 2840 1034 2913 ejusmodi
1060 2852 1327 2913 praecepta
1349 2856 1471 2896 cum
1488 2844 1814 2911 servaveris,
1839 2853 1892 2900 et
1917 2860 1946 2899 a
1968 2860 2107 2917 prae-

548 2934 711 2991 dictis
740 2936 982 3006 peccatis
1012 2935 1221 2991 caveris
1239 2973 1255 3001 ,
1287 2935 1342 2989 in
1374 2934 1497 2999 ﬁde,
1538 2935 1790 2992 castitate
1817 2945 1871 2992 et
1896 2953 1962 2993 eo
1983 2939 2107 2994 vita

549 3027 821 3091 instituto,
854 3028 932 3080 uti
979 3026 1237 3090 diximus,
1298 3042 1519 3083 cursum
1574 3027 1821 3097 impleas,
1875 3028 2100 3099 gradum

549 3117 650 3173 tibi
697 3133 948 3189 magnum
980 3125 1035 3172 et
1076 3118 1278 3173 bonum
1310 3119 1582 3190 acquires.
1621 3119 1747 3174 Haec
1782 3121 2108 3190 supradicta

548 3207 673 3263 fidei
699 3217 987 3278 praecepta,
1019 3216 1073 3263 et
1091 3207 1251 3278 307
1280 3208 1709 3273 observationes,
1747 3223 1884 3279 quas
1915 3208 1960 3264 si
1983 3223 2109 3279 per-

550 3299 766 3367 feceris,
785 3302 1049 3371 lidemque
1074 3301 1398 3366 servaveris,
1424 3302 1534 3357 eris
1562 3301 1864 3371 discipulus
1896 3300 2107 3356 Domini

548 3393 722 3450 nostri
749 3391 878 3448 Jesu
898 3392 1121 3449 Christi.
1144 3390 1299 3458 Quod
1321 3391 1365 3446 si
1390 3391 1514 3461 quis
1536 3391 1864 3460 supradictis
1891 3400 2110 3446 contra-

549 3484 717 3546 dicat,
742 3480 851 3536 Deo
878 3480 1216 3536 contradicit.
1243 3479 1464 3536 Evolvat
1497 3481 1587 3536 ille
1618 3481 1830 3537 divinas
1865 3479 2110 3552 Scriptu-

549 3590 662 3639 ras,
695 3582 749 3630 et
777 3574 1038 3645 intelligat
1087 3573 1434 3629 traditionem
1475 3574 1748 3636 Ecclesiae,
1798 3589 1861 3628 ac
1892 3574 2108 3630 demum

547 3671 841 3737 cognoscet
862 3665 975 3719 haec
1009 3664 1192 3717 omnia
1218 3665 1538 3734 praecepisse
1570 3664 1874 3719 Dominum.
1897 3663 2007 3722 Nos
2044 3680 2111 3721 ne

549 3757 821 3828 longiores
866 3771 1135 3820 essemus,
1212 3756 1520 3811 testimonia
1582 3771 1692 3810 non
1731 3756 2107 3826 produximus.

548 3846 823 3903 Hactenus
848 3854 1119 3919 praecepta
1148 3847 1447 3902 monachos
1474 3846 1819 3919 reliquosque
1839 3848 2109 3905 Christia-

550 3955 653 3997 nos
682 3941 1002 4011 spectantia.

628 4194 680 4251 8.
709 4194 827 4251 Jam
854 4208 983 4251 vero
1017 4196 1065 4251 si
1102 4194 1357 4250 sacerdos
1396 4194 1666 4264 quispiam
1707 4203 1957 4251 accurate
1988 4198 2115 4252 velit

550 4285 862 4341 sacerdotio
902 4284 1074 4353 fungi,
1107 4297 1231 4338 cum
1270 4282 1644 4352 superioribus
1686 4284 1989 4352 praeceptis,
2025 4299 2115 4339 so-

2207 1920 2339 1987 λειν,
2377 1923 2464 1977 ἵνα
2491 1924 2564 1994 μὴ
2589 1923 2957 1995 περικακῶσιν
2985 1924 3042 1977 αἱ
3061 1923 3250 1995 ψυχαί.
3273 1925 3404 1978 Θέλε
3428 1925 3487 1979 δὲ
3509 1926 3635 1989 τοὺς
3659 1927 3769 1978 παῖ-

2205 2013 2301 2079 δας
2333 2016 2694 2085 σιωπητικοὺς
2744 2014 3113 2087 προθιϐἀζειν.
3162 2017 3258 2080 Εἰς
3303 2015 3596 2088 καπηλεῖον
3634 2016 3766 2080 ὅλως

2205 2104 2452 2178 εἰσέλθῃς
2484 2104 2621 2177 (36)·
2654 2105 2766 2159 ἀλλ’
2793 2107 2842 2159 ει
2873 2105 3083 2178 ἀνάγκη
3113 2106 3356 2177 γένηται,
3381 2106 3474 2160 ἐπὶ
3500 2105 3657 2177 ξένης
3683 2121 3771 2174 γε-

2205 2198 2449 2270 νόμενος,
2479 2199 2574 2251 καὶ
2613 2197 2802 2269 χρείαν
2833 2197 2976 2269 ἔχεις
3016 2197 3310 2269 ἐδέσματος
3345 2197 3378 2269 ἢ
3425 2195 3609 2259 ποτοῦ,
3638 2197 3769 2251 ἀπο-

2207 2290 2421 2354 στείλας
2460 2290 2749 2361 ἀγόρασον,
2801 2291 2894 2344 καὶ
2925 2291 2982 2344 ἐν
3026 2288 3291 2362 ἐκκλησίᾳ
3328 2289 3468 2358 φάγε
3516 2288 3610 2342 καὶ
3663 2286 3769 2351 πίε,

2205 2383 2264 2436 ἐν
2300 2383 2449 2453 τόπῳ
2472 2383 2641 2454 αὐτῆς
2665 2382 3162 2454 ἀνακεχωρημένῳ·
3201 2381 3296 2434 ἐάν
3320 2380 3376 2433 δὲ
3408 2380 3483 2452 μὴ
3578 2378 3770 2449 ἐκκλη-·

2207 2474 2296 2528 σία
2316 2476 2376 2529 ἐν
2407 2473 2484 2545 τῷ
2527 2474 2695 2546 τόπῳ,
2731 2475 2867 2546 μηδὲ
2909 2474 3056 2529 οἰκία
3094 2472 3408 2545 ὀρθοδόξων,
3437 2470 3535 2525 καὶ
3562 2469 3769 2541 ἀνάγκη

2206 2582 2289 2618 σοι
2310 2565 2552 2636 γένηται,
2581 2566 2677 2619 καὶ
2706 2565 2950 2637 εἰσέλθῃς
2972 2566 3053 2630 είς
3080 2565 3413 2635 πανδοχεῖον,
3437 2562 3558 2617 θέλε
3591 2562 3768 2634 μένειν

2206 2660 2265 2713 ἐν
2298 2658 2616 2729 πανδοχείῳ,
2658 2659 2792 2712 ὅπου
2832 2660 2933 2713 οὐκ
2974 2658 3079 2713 εἰσὶ
3115 2661 3390 2728 γυναῖκες,
3430 2655 3554 2711 οὕτε
3596 2672 3770 2726 καπη-

2205 2748 2374 2803 λεῖον·
2399 2750 2493 2804 καὶ
2516 2748 2674 2804 τοῦτο
2707 2750 2845 2822 μετά
2871 2751 3062 2822 λύπης.

2278 2840 2333 2894 7.
2380 2840 2506 2894 Ἔάν
2537 2835 2651 2905 οὖν,
2678 2841 2776 2905 τὰς
2818 2840 3219 2913 προειρημένας
3261 2840 3478 2905 ἐντολὰς
3507 2838 3766 2911 φυλάξας,

2208 2930 2303 2984 καὶ
2333 2930 2440 2985 τῶν
2475 2931 2881 3004 προειρημένων
2924 2931 3253 3003 σφαλμάτων
3285 2931 3472 2986 ἐαυτὸν
3504 2932 3764 3003 τηρήσας,

2212 3022 2302 3078 τὸν
2329 3022 2524 3095 δρόμον
2554 3025 2844 3097 τελειώσῃς
2881 3026 2939 3078 ἐν
2983 3025 3160 3078 πίστει
3187 3042 3246 3078 τε
3277 3023 3372 3079 καὶ
3401 3024 3659 3095 ἀγνότητι
3676 3021 3769 3076 καὶ

2209 3113 2475 3187 πολιτείᾳ,
2521 3114 2661 3168 κατά
2698 3115 2759 3168 τὸ
2783 3114 3098 3187 εἰρημένονο
3133 3114 3336 3186 βαθμὸν
3364 3112 3576 3185 σεαυτῷ
3603 3111 3768 3184 μέγαν

2208 3204 2301 3259 καὶ
2336 3204 2537 3273 ἀγαθὸν
2567 3206 2912 3278 περιποιήσῃ.
2947 3206 3114 3259 Δὺταί
3144 3208 3280 3259 εἰσιν
3308 3206 3363 3258 al
3387 3204 3485 3277 τῆς
3517 3221 3774 3276 προειρη-

2211 3296 2378 3368 μένης
2403 3296 2637 3360 πίστεως
2668 3296 2879 3351 ἐντολαὶ
2910 3296 3006 3351 καὶ
3034 3296 3535 3369 παραφυλάγματα,
3569 3295 3643 3359 ἃς
3679 3295 3770 3349 ἐὰν

2210 3389 2459 3459 ποιήσῃς,
2496 3389 2590 3442 καὶ
2614 3388 2713 3458 τὴν
2749 3387 2929 3441 πίστιν
2965 3390 3226 3460 τηρήσῃς,
3260 3386 3357 3459 ἔσῃ
3386 3386 3647 3463 υμαθητὴς
3678 3383 3773 3439 τοῦ

2208 3477 2411 3551 Κυρίου
2454 3478 2610 3550 ἡμῶν
2651 3478 2824 3550 Ἰησοῦ
2863 3478 3120 3551 Χριστοῦ.
3172 3481 3237 3532 El
3271 3478 3328 3533 δέ
3372 3496 3457 3542 τις
3503 3478 3771 3546 ἀντιλέγει

2207 3569 2320 3630 τοῖς
2349 3567 2781 3639 προειρημένοις,
2814 3567 2933 3638 Θεῷ
2972 3570 3119 3621 ἐστιν
3154 3566 3467 3636 ἀντιλέγωνο
3501 3568 3770 3638 Ψηλαφή’

2211 3674 2293 3710 σει
2320 3658 2429 3731 γὰρ
2452 3658 2549 3722 τὰς
2576 3658 2722 3722 θείας
2747 3657 2987 3729 Γραφάς,
3011 3660 3103 3712 καὶ
3125 3660 3451 3729 κατανοήσει
3474 3658 3575 3729 τὴν
3602 3657 3791 3727 παρά-ί

2208 3746 2351 3803 δοσιν
2399 3749 2502 3819 τῆς
2545 3749 2888 3820 Ἐκκλησίας,
2935 3750 3029 3803 καὶ
3067 3749 3178 3821 ἔχει
3211 3750 3469 3813 συνιέναι,
3514 3750 3600 3803 ὅτι
3647 3748 3772 3821 περὶ

2210 3840 2410 3896 τούτων
2439 3841 2574 3895 ὅλων
2607 3841 2905 3896 ἐντέλλεται
2938 3843 2966 3894 ὁ
2996 3841 3219 3912 Κύριος.
3258 3842 3447 3912 Ἡμεῖς
3488 3839 3567 3903 δὲ,
3590 3838 3675 3892 ἴνα
3699 3838 3775 3910 μὴ

2214 3932 2731 4004 μακρολογήσωμεν,
2784 3932 2881 3996 τὰς
2943 3932 3245 4003 μαρτυρίας
3300 3933 3400 3985 οὐκ
3457 3929 3769 4000 ἐξεθέμεθα.

2212 4024 2323 4078 Καὶ
2350 4019 2508 4078 αὗται
2543 4025 2641 4094 μέν
2668 4027 2721 4077 αἱ
2748 4023 2954 4078 ἐντολαὶ
2982 4023 3267 4094 μονάζουσι
3298 4022 3391 4076 καὶ
3412 4022 3619 4085 λοιποῖς
3647 4023 3779 4093 Χρι-

2218 4118 2456 4179 στιανοῖς
2477 4115 2777 4169 εὐλαϐέσιν.

2283 4207 2336 4260 8.
2362 4207 2425 4259 El
2455 4206 2512 4259 δέ
2536 4224 2620 4270 τις
2655 4206 2832 4277 ἱερεὺς
2861 4203 3102 4276 ἀκριϐῶς
3131 4203 3260 4276 θέλῃ
3286 4202 3604 4275 ἱερατεύειν,
3643 4198 3779 4272 μετά

2212 4296 2319 4349 τῶν
2353 4298 2760 4368 προειρημένων
2803 4297 3030 4351 ἐντολῶν
3056 4335 3070 4357 ,
3107 4297 3220 4367 ἤτω
3269 4294 3529 4365 νηφάλιος
3551 4335 3566 4361 ,
3615 4310 3779 4346 σπου-

550 4379 704 4433 brius
725 4378 816 4443 sit,
839 4377 1079 4440 sedulus,
1106 4376 1335 4446 patiens.
1359 4382 1694 4437 mansuetus,
1723 4375 2108 4444 orphanorum,

2216 4386 2379 4450 δαῖος,
2409 4387 2744 4452 ἀνεξίκακος,
2770 4386 3022 4458 χρηστὸς,
3049 4385 3395 4456 φιλόρφανος,
3418 4382 3775 4453 φιλόπτωχος,

548 4482 871 4542 pauperum,
900 4466 1195 4536 hospitum,
1225 4465 1493 4519 bonorum
1519 4479 1729 4529 amans,
1762 4467 1999 4535 quietus,
2023 4468 2112 4521 lir-

550 4573 673 4612 mus
720 4555 842 4621 llde,
891 4556 1180 4618 sententia,
1224 4554 1409 4619 verbo,
1458 4553 1737 4609 abstinens
1781 4570 1812 4610 a
1864 4557 2107 4620 muliere,

549 4660 764 4720 gregem
827 4659 937 4702 non
984 4647 1248 4717 negligat,
1295 4660 1365 4700 ne
1413 4648 1719 4715 quempiam
1766 4658 2109 4713 exsecretur,

548 4750 839 4814 personam
874 4755 941 4794 ne
987 4739 1239 4807 accipiat,
1285 4752 1476 4792 omnes
1521 4744 1813 4807 coarguat;
1864 4753 1932 4793 ne
1969 4740 2113 4793 sinat

546 4832 715 4887 ullam
748 4830 1053 4886 scabiosam
1095 4829 1148 4882 in
1187 4828 1316 4882 ovili
1361 4842 1536 4888 ovem.
1571 4829 1663 4883 sed
1705 4844 1803 4898 per
1845 4831 2115 4899 poeniten-

540 4923 676 4993 tiam
707 4929 898 4991 purget
932 4919 1102 4983 illam,
1128 4925 1296 4989 atque
1321 4919 1394 4972 ita
1424 4919 1479 4972 in
1507 4920 1647 4974 ovile
1671 4921 1901 4989 recipiat
1926 4939 1938 4974 :
1974 4922 2113 4975 sciat

544 5028 654 5084 quo
698 5021 860 5084 pacto
896 5013 1139 5084 singulos
1163 5026 1386 5081 pascere
1416 5030 1429 5066 :
1462 5027 1582 5081 qua:
1612 5021 1881 5084 praecepta
1909 5013 2113 5077 viduis,

544 5119 666 5177 qua:
691 5105 999 5167 monachis,
1026 5119 1160 5177 quae
1190 5104 1365 5166 laicis,
1409 5119 1529 5176 quae
1560 5104 1967 5160 catechumenis
1998 5113 2115 5158 tra-

544 5197 672 5252 dcre
701 5198 913 5253 debeat.
955 5196 1211 5252 Mulieres
1245 5202 1389 5250 vetet
1415 5196 1470 5249 in
1499 5195 1730 5250 ecclesia
1764 5211 1993 5265 prorsus
2030 5196 2104 5250 lo'

544 5289 637 5356 qui
676 5290 743 5351 ",
777 5288 871 5343 sed
903 5303 1115 5358 semper
1155 5288 1314 5343 silere
1348 5286 1537 5357 jubeat
1584 5294 1638 5341 et
1676 5300 1834 5341 orare
1859 5325 1874 5350 ,
1922 5302 2022 5341 nec
2061 5302 2116 5342 st

2217 4475 2486 4544 φιλόξενος
2509 4517 2523 4539 ,
2560 4478 2854 4547 φιλάγαθος
2880 4518 2894 4539 ,
2923 4477 3123 4547 ἥσυχος
3146 4518 3160 4542 ,
3190 4475 3407 4545 στερεὸς
3450 4475 3630 4527 πίστει
3683 4473 3778 4525 καὶ

2217 4566 2409 4638 γνώμῃ
2443 4567 2537 4620 καὶ
2565 4567 2726 4637 λόγῳ,
2762 4567 3092 4637 ἀπεχόμενος
3120 4565 3409 4634 γυναικὸς,
3442 4565 3517 4635 μὴ
3565 4562 3779 4634 ἀμελῶν

2219 4657 2309 4709 τοῦ
2340 4659 2609 4728 ποιμνίου,
2644 4657 2717 4728 μὴ
2752 4657 3166 4728 βδελυσσόμενός
3190 4672 3313 4711 τινα
3334 4673 3347 4687 °
3388 4656 3462 4726 μὴ
3495 4670 3780 4725 προσωπο-

2220 4748 2460 4818 ληπτεῖν,
2496 4750 2782 4820 ἐλέγχοντα
2807 4751 2900 4802 ἐπὶ
2933 4750 3167 4813 πάντων,
3194 4749 3268 4820 μὴ
3296 4749 3389 4819 ὲᾷν
3418 4748 3623 4819 ψωριὸν
3648 4747 3778 4818 πρό⁴

2220 4838 2381 4892 ϐατον
2418 4841 2476 4892 ἐν
2523 4841 2588 4910 τῇ
2629 4841 2831 4912 ποίμνῃ
2854 4882 2868 4905 ,
2911 4840 3045 4894 ἀλλά
3075 4841 3355 4910 καθαίρειν
3393 4839 3613 4910 πρῶτον
3644 4837 3781 4909 μετά

2220 4932 2521 4999 μετανοίας,
2552 4932 2645 4983 καὶ.
2674 4930 2792 4984 τότε
2827 4932 3075 5001 συνάγειν
3120 4932 3176 4984 ἑν
3204 4934 3267 5001 τῇ
3306 4930 3515 5002 μάνδρᾳ
3537 4948 3552 4962 ⁸
3583 4930 3778 4984 εἰδέναι

2214 5019 2440 5074 ἕκαστον
2464 5023 2539 5085 ὡς
2567 5022 2872 5092 ποιμαίνειν
2887 5022 2968 5075 δεῖ
2988 5064 3003 5091 ,
3039 5022 3090 5076 τί
3114 5021 3171 5075 δὲ
3196 5024 3315 5085 ταῖς
3343 5022 3539 5093 χήραις
3570 5034 3781 5093 παραγ·

2217 5110 2425 5178 γέλλειν
2448 5152 2462 5175 ,
2496 5113 2548 5165 τί
2584 5116 2834 5184 μοναχοῖς
2857 5154 2871 5178 ,
2896 5114 2947 5166 τί
2973 5114 3177 5176 λαῖκοῖς
3196 5153 3211 5178 ,
3244 5113 3295 5165 τί
3335 5112 3777 5183 κατηχουμένοις.

2220 5202 2436 5271 Γυναιξὶ
2460 5204 2515 5258 δὲ
2546 5205 2938 5277 παραγγέλλειν
2968 5208 3025 5260 ὲν
3045 5192 3309 5277 ἐκκλησίᾳ
3328 5205 3401 5276 μὴ
3423 5204 3601 5259 λαλεῖν
3623 5202 3780 5265 ὅλως,

2219 5291 2333 5344 ἀλλ’
2358 5295 2415 5346 ἐν
2441 5295 2572 5348 πᾶσι
2602 5296 2759 5364 σιγᾷν
2788 5295 2881 5348 καὶ
2914 5292 3188 5366 εὔχεσθαι,
3222 5293 3316 5346 καὶ
3347 5291 3422 5364 μὴ
3445 5289 3781 5364 λαμπρύνειν

545 5392 683 5432 auro
725 5380 1080 5449 vestibusque
1113 5392 1398 5443 exornare,
1436 5379 1640 5432 vultum
1666 5385 1975 5449 contegere,
2028 5389 2108 5433 aut

2219 5384 2418 5448 ἑαυτὰς
2464 5387 2520 5438 ἐν
2553 5385 2735 5456 χρυσῷ
2766 5386 2799 5455 ἢ
2843 5385 3064 5456 ἐσθῆτι,
3101 5385 3167 5439 τὰ
3205 5384 3263 5440 δὲ
3305 5383 3573 5457 πρόσωπα
3608 5376 3782 5437 αὐτῶν

619 5537 665 5568 ²¹
706 5533 725 5587 Β
758 5534 886 5591 Cor.
924 5552 1034 5601 xw,
1069 5535 1160 5590 54.

616 5670 728 5743 (56)
761 5671 894 5727 ΑΜ.
927 5674 1000 5743 μή
