4050 6396
336 283 437 338 845

1421 275 1606 333 Ἢτῶ
1646 276 2063 334 ΜΟΝΑΞΤΙΟΕ
2116 276 2532 334 lNS'I'lTUTlO.

3461 282 3568 339 866

336 395 409 465 μὴ
442 392 746 462 φαίνεσθαι,
780 394 967 464 χεῖρας
1013 391 1218 463 ἀνδρῶν
1261 392 1334 463 μὴ
1389 391 1724 461 καταφιλεῖν.
1757 395 1903 448 Κατ-

2007 407 2198 447 manus
2226 391 2469 448 virorum
2504 390 2759 449 osculari.
2788 390 3176 450 Catechumeui
3205 403 3387 450 autem
3418 411 3567 451 seor-

337 484 622 555 ηχούμενοι
653 484 711 540 δὲ
748 482 851 555 ἰδίᾳ
885 483 1255 554 εὐχέσθωσαν,
1294 484 1328 554 ἢ
1360 483 1555 549 ἔξωθεν
1584 484 1676 538 τοῦ
1712 484 1897 555 βηλοῦ.

343 575 398 627 '0
424 574 480 626 δὲ
511 576 621 637 πᾶς
659 573 785 636 λαὸς
816 576 873 627 ὲν
903 573 1051 644 φόϐῳ
1082 575 1176 627 καὶ
1207 576 1381 644 σιωπῇ
1428 575 1668 627 ἀκουέτω
1698 575 1789 628 τὸν
1817 574 1903 627 λό·

338 682 423 733 γον
452 664 547 718 τοῦ
577 663 803 737 Κυρίου.
850 664 926 716 Οὐ
959 664 1117 734 μόνον
1147 664 1202 717 δὲ
1234 666 1283 718 οἱ
1314 666 1710 736 ἁμαρτάνοντες
1748 664 1901 735 δίκην

329 755 700 820 ἀποτίσουσιν,
735 753 871 807 ἀλλά
916 755 1011 806 καὶ
1049 756 1097 807 οί
1142 754 1424 826 χαίροντες
1457 755 1549 807 ἐπὶ
1582 760 1694 818 τοῖς
1724 756 1903 828 ἁμαρ-

332 846 569 901 τάνουσι.
622 843 757 913 Περὶ
805 842 863 895 δὲ
902 841 1009 894 τῶν
1052 841 1378 913 προσφορῶν
1426 840 1623 910 ὀφείλει
1661 841 1847 911 νήφειν
1874 842 1902 893 6

332 936 512 1007 ἱερεύς
530 953 543 966 ο
568 934 663 988 ἐὰν
691 934 801 1005 γὰρ
828 932 963 1005 λάϐῃ
988 932 1141 1005 παρά
1163 932 1594 1004 στρατευομένου
1622 932 1901 1003 ἐκχέοντος

328 1021 492 1096 αἷμα,
521 1024 555 1096 ἢ
585 1024 969 1088 διασείσαντος,
998 1022 1030 1093 ἢ
1054 1022 1372 1093 κλέψαντος,
1397 1022 1429 1093 ἢ
1456 1020 1898 1093 πραγματευτοῦ,

332 1117 367 1187 ἢ
401 1114 685 1187 ἐπιόρκου,
716 1114 748 1186 ἢ
784 1113 936 1185 παρά
978 1112 1230 1166 πλουσίου
1266 1110 1660 1182 ἀποστερητοῦ,
1694 1110 1727 1180 ἢ
1756 1111 1902 1181 παρὰ

331 1205 561 1257 τελώνου
612 1205 1060 1276 ὲπιπράττοντος,
1092 1205 1124 1274 ἦ
1156 1202 1489 1272 τοκογλύφου
1508 1243 1523 1267 ,
1560 1202 1592 1272 ἢ
1627 1201 1901 1272 τιμιολκοῦ

331 1294 425 1346 ἐπὶ
476 1294 645 1358 σίτου,
698 1295 731 1366 ἢ
781 1294 933 1365 παρὰ.
979 1294 1179 1357 παντὸς
1215 1291 1569 1365 ἁμαρτωλοῦ·
1598 1294 1626 1346 6
1667 1292 1904 1356 τοιοῦτος

333 1385 535 1454 ἱερεὺς,
580 1385 687 1438 ἀπὸ
710 1385 964 1439 τοιούτων
1007 1383 1101 1438 ὲάν
1132 1384 1293 1459 λάϐῃ,
1322 1383 1511 1454 χωλῶν
1553 1385 1646 1438 καὶ
1688 1383 1902 1453 τυφλῶν

337 1477 634 1548 προσφέρει
679 1476 737 1543 ἐξ
770 1477 946 1531 αὐτῶν
984 1475 1063 1547 τῷ
1095 1476 1232 1547 Θεῷ.
1281 1477 1371 1529 Σοὶ
1410 1476 1468 1529 δὲ
1500 1475 1576 1547 τῷ
1608 1475 1778 1546 λαῖκῷ
1806 1476 1905 1529 οὑκ

330 1566 510 1632 ἔξεστι
543 1570 727 1640 κρῖναι
752 1569 842 1621 τὸν
869 1568 1036 1640 ἱερέα,
1064 1570 1113 1621 εί
1139 1568 1233 1640 μὴ,
1256 1568 1349 1622 ἐὰν
1382 1568 1529 1639 είδῇς
1559 1567 1900 1639 παραϐάτην,

337 1655 502 1724 φεῦγε
534 1658 628 1710 ἀπ’
659 1658 993 1713 αὑτοῦ.,Ἐὰν
1024 1657 1195 1711 ταῦτα
1222 1658 1487 1731 φυλάξῃς,
1522 1661 1550 1712 6
1580 1660 1774 1730 ἱερεὺς,
1809 1658 1903 1729 βα-

2004 483 2106 538 sim
2130 490 2287 561 orent
2314 492 2369 539 et
2410 491 2567 538 extra
2612 484 2797 541 limen.
2841 484 3138 556 Omnisque
3170 487 3410 557 populus
3437 502 3565 555 cum

2002 575 2306 630 reverentia
2331 584 2386 630 et
2409 576 2626 631 silentio
2653 576 2837 632 audiat
2864 580 3088 633 verbum
3125 577 3360 633 Domini.
3391 580 3563 633 Porro

2002 678 2110 717 non
2136 664 2172 717 ii
2204 664 2382 719 solum
2414 666 2507 734 qui
2534 669 2782 735 peccant,
2825 666 2920 720 sed
2948 666 3111 721 etiam
3144 666 3237 735 qui
3267 664 3334 720 de
3369 681 3565 736 pecca-

2002 753 2215 809 toribus
2264 756 2523 825 gaudent,
2576 772 2768 826 pmuas
2820 758 2992 812 luent.
3051 755 3366 811 Oblationes
3418 756 3564 826 quod

2002 852 2231 914 spectat,
2268 845 2598 916 vigilandum
2627 857 2711 903 est
2745 847 3055 903 sacerdoti:
3091 862 3218 901 nam
3253 846 3357 902 sia
3392 847 3566 901 milite

2002 937 2270 1006 acceperit
2299 938 2394 1007 qui
2436 937 2685 994 eﬂ‘uderit
2714 941 3054 1010 sanguinem,
3085 954 3113 992 a
3158 937 3487 1006 turbulento,
3525 957 3565 995 Δ

2002 1025 2142 1093 fure,
2184 1028 2253 1081 ab
2278 1026 2525 1097 improbo
2556 1028 2910 1098 negotiatore,
2944 1043 2975 1081 ο
3015 1027 3256 1097 perjuro,
3288 1035 3383 1081 aut
3416 1042 3448 1081 a
3481 1027 3568 1082 di-

2008 1115 2119 1170 vite
2145 1114 2547 1180 defraudatore,
2580 1131 2610 1169 a
2650 1117 2939 1186 publicano
2972 1124 3245 1183 exactore,
3274 1132 3305 1171 a
3351 1112 3568 1172 fenera-

2004 1213 2140 1269 tore,
2176 1208 2258 1264 vel
2285 1208 2357 1262 ab
2385 1223 2449 1262 eo
2475 1209 2566 1278 qui
2598 1209 2834 1278 pretium
2864 1208 3118 1265 frumenti
3148 1212 3381 1277 auxerit,
3414 1210 3500 1266 vel
3533 1224 3567 1265 a

2002 1298 2246 1368 quolibet
2273 1307 2590 1370 peccatore;
2642 1300 2956 1370 hujusmodi
2988 1302 3266 1365 sacerdos,
3316 1302 3565 1373 inquam,

2004 1390 2096 1460 qui
2125 1390 2253 1445 talia
2276 1392 2570 1462 acceperit,
2597 1392 2790 1447 clauda
2817 1401 2872 1447 et
2908 1408 3050 1448 eaea
3084 1393 3211 1448 hinc
3246 1392 3358 1449 Deo
3387 1392 3563 1448 otl'ert.

2004 1481 2123 1536 Tibi
2171 1483 2310 1538 laico
2343 1500 2452 1539 non
2498 1485 2624 1541 licet
2664 1485 3000 1540 sacerdotem
3028 1485 3314 1555 judicare;
3350 1485 3489 1557 quod
3520 1484 3567 1540 si

2005 1573 2473 1641 praavaricatorem
2523 1574 2825 1630 adverteris
2869 1575 3041 1638 illum,
3087 1574 3212 1646 fuge
3255 1576 3323 1629 ab
3357 1575 3469 1631 illo.
3509 1574 3567 1630 Si

2005 1660 2119 1716 haec
2163 1669 2223 1716 tu
2271 1663 2528 1719 sacerdos
2574 1664 2900 1728 servaveris,
2942 1663 3171 1736 gradum
3216 1664 3419 1719 bonum
3470 1664 3569 1717 tibi

336 1748 471 1819 θμὸν
500 1749 704 1817 ἀγαθὸν
732 1750 907 1821 ἐαυτῷ
937 1752 1213 1823 περιποιῇ,
1242 1752 1336 1804 καὶ
1366 1749 1564 1821 πολλὴν
1589 1751 1899 1823 παρρησίαν

2007 1755 2255 1824 acquires
2288 1755 2366 1822 “;
2400 1757 2731 1828 multamque
2782 1756 3033 1812 ﬁduciam
3077 1757 3132 1811 in
3174 1754 3398 1812 Christo
3437 1753 3565 1811 Jesu

332 1841 431 1913 τὴν
470 1843 528 1894 ὲν
558 1841 776 1913 Χριστῷ
807 1842 980 1913 Ἰησοῦ
1013 1843 1202 1914 Κυρίῳ
1232 1841 1388 1913 ἡμῶν
1407 1882 1421 1906 ,
1461 1842 1577 1914 μεθ’
1606 1837 1666 1896 οὗ
1689 1842 1763 1913 τῷ
1792 1843 1903 1895 Πα-

333 1932 425 2003 τρὶ
458 1932 555 1984 σὺν
584 1932 724 2001 ἁγίῳ
747 1932 1021 2003 Πνεύματι
1059 1933 1093 2003 ἡ
1125 1932 1250 1997 δόξα
1291 1933 1370 1996 είς
1406 1932 1531 1996 τοὺς
1562 1931 1765 1995 αίῶνας
1793 1931 1901 1986 τῶν

334 2020 570 2077 αἰώνων.
612 2023 803 2095 Ἀμήν.

2006 1842 2233 1900 Domino
2258 1852 2468 1912 nostro,
2496 1862 2621 1901 cum
2667 1862 2776 1917 quo
2822 1847 2971 1901 Patri
3012 1853 3066 1902 et
3111 1845 3339 1919 Spiritui
3379 1854 3570 1903 sancto

2006 1934 2177 2005 gloria
2206 1935 2262 1989 in
2294 1936 2493 1991 saecula
2526 1937 2873 1993 saeculorum.
2900 1936 3091 1993 Amen.

1320 2263 1387 2318 IN
1429 2262 1745 2330 SEQUENS
1784 2261 2209 2319 OPUSCULUM
2247 2262 2587 2319 MONITUM.

402 2375 620 2431 Brevem
652 2376 787 2430 hanc
809 2378 931 2433 vitae
956 2379 1269 2433 monasticae
1301 2377 2048 2451 Institutionem:synlagmati
2085 2379 2327 2451 apposite
2349 2381 2840 2456 subjicimus,quod
2865 2383 3017 2439 ambo
3063 2383 3297 2455 ejusdem
3345 2400 3566 2455 prorsus

338 2464 444 2519 sint
477 2467 794 2535 argumenti.
837 2466 1064 2535 Sequens
1103 2475 1275 2520 autent
1317 2468 1624 2537 opusculum
1660 2468 1924 2538 inelegans
1952 2477 2029 2522 est
2067 2471 2302 2536 omnino,
2341 2482 2391 2526 et
2427 2473 2707 2544 aquodam
2759 2474 3000 2530 Graeculo
3034 2475 3313 2532 Athanasii
3358 2478 3570 2534 nomine

336 2556 640 2623 conﬁctam,
672 2564 730 2608 ut
759 2555 925 2624 quivis
950 2553 1211 2621 eruditus,
1242 2555 1320 2610 vel
1354 2558 1525 2625 primo
1550 2566 1761 2627 aspectu
1785 2557 2134 2614 existimabit.

1215 2777 1439 2863 ΤΟΥ
1485 2706 2014 2883 ΜΕΓΑΑόΥ
2061 2782 2693 2875 ΑΘΑΝΑΣΙΟΥ

1074 2960 1481 3016 ΔΙΑΤΥΠΩΣΙΣ
1518 2965 1654 3018 ΤΩΝ
1690 2965 2055 3022 ΘΕΛΟΝΤΩΝ
2090 2970 2182 3023 ΕΝ
2220 2971 2476 3045 ΗΣΥΧΙᾼ
2516 2974 2805 3031 ΔΙΑΓΕΙΝ.

1399 3214 1771 3304 MAGNI
1849 3219 2495 3313 ATHANASII

892 3406 1287 3465 INSTlTUTlO
1324 3410 1567 3469 EORUM
1607 3415 1725 3483 QUI
1763 3418 1830 3473 IN
1870 3419 2124 3486 QUIETE
2163 3422 2375 3479 VITAM
2414 3424 2647 3480 AGERE
2684 3423 3015 3483 CUPIUNT.

410 3614 460 3667 i.
484 3613 741 3674 Τοιοῦτος
760 3614 788 3665 6
812 3613 1059 3684 μοναχὸς,
1081 3617 1175 3670 καὶ
1196 3616 1335 3671 οὕτω
1356 3619 1460 3690 χρὴ
1477 3615 1614 3675 εἶναι
1631 3623 1721 3677 τὸν
1746 3643 1903 3696 μονα-

2082 3632 2131 3684 1.
2165 3629 2348 3683 Talem
2381 3637 2435 3682 et
2480 3628 2794 3697 hujusmodi
2827 3637 3042 3698 oportet
3070 3644 3190 3684 esse
3221 3632 3569 3698 monachum,

339 3705 454 3774 χον,
483 3704 820 3774 ἀπεχόμενον
852 3706 957 3758 ἀπὸ
982 3708 1181 3776 γηΐνων
1211 3710 1546 3780 πραγμάτων
1568 3730 1581 3743 θ
1617 3715 1677 3767 οὐ
1715 3718 1821 3786 μὴν
1851 3720 1907 3773 δὲ

340 3795 476 3848 ἀλλὰ
513 3797 607 3848 καὶ
655 3796 887 3866 Χριστοῦ
930 3798 1293 3870 στρατιώτην,
1342 3800 1535 3866 mw,
1587 3805 1905 3878 ἀμέριμνον,

344 3887 523 3957 πάσης
565 3889 1047 3959 πραγματευτικῆς
1089 3891 1296 3955 ἐννοίας
1335 3894 1427 3945 καὶ
1452 3893 1698 3966 πράξεως
1728 3900 1904 3965 ἐκτός.

339 3979 429 4030 Ἐν
468 3979 680 4041 τούτοις
726 3980 839 4048 ήτω
870 3981 899 4031 6
945 3982 1207 4051 μοναχὸς,
1245 3984 1479 4054 μάλιστα
1502 3990 1529 4040 6
1564 3991 1740 4044 πᾶσαν
1774 3992 1906 4063 ὓλην

341 4070 434 4122 τοῦ
487 4070 692 4139 κόσμου
744 4070 932 4124 τούτου
981 4074 1327 4129 καταλιπώνο
1363 4078 1454 4130 καὶ
1501 4079 1592 4133 ἐπὶ
1624 4082 1690 4135 τὰ
1731 4084 1907 4155 ὡραῖα

341 4160 512 4230 κάλλη
543 4160 644 4229 τῆς
673 4161 902 4231 ἡσυχίας
932 4165 963 4233 ἡ
991 4164 1239 4234 ἄσκησις,
1266 4168 1395 4239 ἡδὺς
1425 4170 1452 4221 6
1482 4169 1615 4240 βίος,
1645 4176 1676 4244 ἡ
1714 4176 1907 4245 πρᾶξις

341 4252 567 4322 τερπνή.
596 4252 781 4305 Βούλει
804 4254 1111 4326 τοιγαροῦν,
1143 4260 1410 4330 ἀγαπητὲ,
1436 4262 1524 4316 τὸν
1554 4267 1762 4336 μονήρη
1792 4267 1905 4338 βίον

342 4343 651 4408 ἀναλαϐεῖν,
686 4344 781 4397 καὶ
826 4347 918 4399 ἐπὶ
958 4346 1025 4400 τά
1057 4349 1153 4420 τῆς
1186 4351 1409 4422 ἡσυχίας
1436 4356 1756 4427 ἀποτρέχειν
1781 4360 1904 4431 τρό-

344 4449 517 4489 παια·
562 4431 698 4501 ἄφες
754 4436 870 4488 ἐκεῖ
907 4436 999 4489 τὸν
1045 4440 1245 4511 κόσμον
1294 4444 1518 4508 καὶτὰς
1565 4448 1657 4500 τοῦ
1700 4449 1902 4519 κόσμου

340 4523 647 4594 φροντίδας,
679 4524 778 4588 τάς
800 4543 857 4578 τε
887 4527 978 4579 ἐπὶ
1001 4528 1201 4582 τούτων
1228 4532 1399 4603 ἀρχάς
1426 4552 1485 4587 τε
1518 4539 1610 4591 καὶ
1639 4537 1903 4606 ἐξουσίας,

339 4616 584 4668 τουτέστι
614 4616 771 4695 μόνος
809 4617 969 4681 ἆῦλος
994 4618 1103 4683 ἔσο,
1137 4622 1370 4693 ἀπαθὴς,
1408 4627 1587 4697 πάσης
1617 4630 1909 4701 ἐπιθυμίας

338 4706 494 4768 ἐκτὸς
517 4748 532 4771 ,
572 4707 686 4770 ἵνα,
725 4707 823 4776 τῆς
865 4708 929 4761 ἐκ
975 4709 1176 4764 τούτων
1221 4716 1590 4785 περιστάσεως
1630 4720 1905 4793 ἀλλότριος

337 4795 649 4865 γενόμενος,
683 4795 914 4868 δυνηθῇς
940 4799 1231 4869 ἡσυχάζειν
1261 4803 1456 4868 καλῶς.
1492 4807 1554 4859 Εἰ
1587 4809 1659 4879 μὴ
1686 4809 1792 4880 γάρ
1824 4829 1907 4875 τις

337 4884 542 4937 τούτων
570 4885 761 4938 ἑαυτὸν
794 4886 1056 4962 ὑπεξάρη,
1088 4891 1187 4945 οὐκ
1211 4891 1276 4946 ἂν
1309 4894 1507 4967 δυνηθῇ
1540 4898 1742 4970 ταύτην
1777 4917 1908 4953 κατ-

2010 3737 2039 3775 a
2073 3722 2306 3775 terrenis
2345 3718 2510 3774 rebus
2558 3718 2939 3786 abstinentem,
2970 3734 3034 3774 ac
3073 3728 3330 3790 praeterea
3367 3722 3574 3781 Christi

2010 3813 2259 3875 militem,
2313 3810 2539 3865 materia
2599 3817 2898 3879 expertem,
2959 3812 3418 3869 sollicitudinibus
3478 3832 3577 3870 va-

2012 3918 2196 3963 cuum,
2241 3910 2394 3955 extra
2444 3915 2658 3955 omnem
2704 3902 3044 3972 negotiorum
3095 3904 3478 3973 cogitationem
3523 3915 3581 3963 et

2010 3993 2349 4049 exercitium.
2396 3993 2457 4047 In
2494 3992 2583 4046 his
2617 3992 2687 4047 sit
2733 4002 2787 4047 et
2822 3993 2981 4063 degat
3015 3994 3338 4059 monachus.
3371 3997 3418 4052 is
3461 4013 3581 4052 ma-

2014 4085 2157 4138 xime
2188 4082 2283 4153 qui
2318 4090 2488 4136 totam
2520 4080 2708 4135 mundi
2746 4081 2913 4163 hujus
2951 4081 3235 4136 materiam
3266 4082 3576 4153 dereliquit.

2009 4170 2210 4226 Omnes
2239 4171 2513 4241 speciosas
2535 4170 2970 4239 pulchritudines
2991 4177 3214 4241 superat
3237 4171 3440 4227 ascesis
3462 4172 3576 4239 illa,

2012 4264 2194 4332 quieta
2223 4269 2277 4315 et
2311 4261 2603 4331 tranquilla
2627 4268 2711 4316 est
2732 4262 2861 4314 vita.
2885 4262 2998 4331 Age
3035 4275 3188 4331 ergo,
3210 4261 3429 4328 dilecte,
3463 4278 3583 4318 mo-

2008 4356 2275 4409 nasticam
2309 4355 2634 4424 amplectere
2659 4353 2850 4416 vitam,
2882 4362 2937 4408 et
2964 4369 3193 4409 accurre
3216 4354 3284 4409 ad
3308 4354 3397 4409 illa
3422 4355 3578 4425 quic-

2011 4448 2079 4499 tis
2112 4455 2332 4515 trapaea.
2380 4442 2644 4513 Relinque
2688 4443 2762 4497 ibi
2814 4443 3103 4509 mundum,
3135 4443 3433 4514 mundique
3476 4460 3579 4499 eu-

2009 4553 2123 4603 ras,
2162 4535 2466 4591 mundanos
2498 4539 2627 4591 item
2674 4536 3012 4606 principatus
3057 4544 3112 4591 et
3159 4546 3484 4606 potestates;
3525 4537 3582 4592 id

2007 4638 2112 4693 est,
2148 4631 2298 4685 solus
2334 4636 2388 4682 et
2419 4630 2648 4682 materia
2686 4637 2826 4692 esto,
2850 4628 3305 4698 passionibusque
3344 4642 3574 4691 vacuus,

2008 4720 2186 4773 omnis
2216 4733 2411 4787 expers
2457 4717 2735 4780 desiderii,
2761 4725 2842 4782 ut,
2874 4733 3063 4773 earum
3114 4734 3294 4772 rerum
3337 4719 3579 4772 circum-

2009 4806 2211 4859 stantia
2240 4806 2472 4868 alienus,
2499 4806 2736 4874 quietam
2774 4806 2944 4874 probe
2977 4807 3142 4860 vitam
3175 4807 3576 4876 agcre.possis.

2011 4894 2126 4948 Nisi
2157 4896 2301 4949 enim
2333 4896 2456 4964 quis
2500 4910 2621 4950 sese
2651 4895 2920 4964 ejusmodi
2964 4898 3130 4952 rebus
3176 4899 3398 4961 eximat,
3442 4915 3583 4953 ιιυιι·

335 4976 576 5047 ορθῶσαι
623 4977 724 5048 τὴν
771 4977 1066 5037 πολιτείαν.
1114 4984 1341 5054 Τροφῶν
1384 4987 1628 5059 βραχέων
1677 4967 1902 5063 ἀντέχου

2008 5003 2170 5057 quam
2210 4989 2444 5056 potuerit
2471 4974 2591 5043 eam
2617 5004 2775 5058 agere
2801 4991 2925 5045 vita:
2965 4993 3249 5046 rationem.
3293 4990 3490 5049 Paucis
3527 5003 3584 5049 rt

338 5069 431 5121 καὶ
459 5069 973 5142 εὐκαταφρονήτων,
1012 5074 1085 5145 μὴ
1121 5076 1325 5130 πολλῶν
1357 5081 1450 5133 καὶ
1482 5082 1903 5153 εὐπεριστάτων,

338 5157 370 5226 ἢ
404 5158 606 5227 μᾶλλον
649 5159 1042 5230 άπεριστάτων.
1098 5165 1222 5219 Ἐὰν
1265 5167 1321 5219 δὲ
1370 5169 1463 5222 καὶ
1488 5170 1576 5233 ’ὡς
1608 5171 1907 5240 φιλοξενίας

337 5255 496 5325 χάριν
541 5256 670 5326 περὶ⁴
730 5255 797 5309 τὰ
841 5257 1104 5329 πολυτελῆ
1158 5259 1412 5332 λογισμὸς
1472 5264 1729 5335 γένηται,
1772 5267 1909 5335 ἄφες

334 5346 521 5404 τοῦτον
587 5350 738 5410 ἐκεῖ,
796 5349 868 5420 μὴ
935 5350 1069 5415 ὅλως
1132 5354 1358 5425 πεισθῇς
1410 5356 1587 5427 αὐτῷ’
1639 5359 1907 5430 ὲνεδρεύει

333 5438 442 5510 γάρ
469 5455 530 5491 σε
564 5438 655 5491 διὰ
680 5438 870 5492 τούτου
901 5444 929 5494 6
960 5442 1295 5509 ὑπεναντίος,
1325 5446 1418 5499 τοῦ
1469 5448 1773 5520 ἀποστησαι
1810 5452 1908 5523 τῆς

332 5532 363 5583 ’δ
374 5529 589 5608 quia

408 5688 455 5717 ¹²
496 5685 513 5738 1
550 5684 694 5739 Tim.
733 5701 822 5754 ιιι,
861 5686 947 5743 13.

2010 5078 2209 5133 vilibus
2237 5088 2391 5133 utere
2417 5080 2578 5142 cibis,
2609 5095 2718 5135 non
2746 5096 2876 5135 vero
2902 5082 3163 5151 copiosis,
3195 5090 3249 5162 et
3288 5084 3456 5152 probe
3487 5100 3584 5155 pa-

2013 5170 2169 5232 ratis.
2198 5171 2305 5224 imo
2332 5171 2513 5240 potius
2544 5173 2788 5241 improbe
2822 5177 3045 5242 paratis.
3080 5174 3234 5240 Quod
3261 5176 3307 5229 si
3340 5175 3587 5245 hospitae

2014 5263 2184 5317 litatis
2222 5278 2391 5317 causa
2436 5272 2489 5318 te
2537 5265 2671 5320 lauti
2712 5267 2820 5320 cibi
2861 5268 3117 5339 cogitatio
3166 5267 3380 5330 subeat,
3423 5267 3589 5338 308

2014 5354 2235 5409 missam
2273 5354 2358 5409 fac
2388 5355 2559 5421 illam,
2604 5373 2702 5413 nec
2728 5373 2954 5427 prorsus
2980 5360 3056 5414 illi
3102 5360 3464 5430 obtemperes.
3499 5361 3586 5415 iri-

2015 5444 2249 5499 sidiatur
2286 5446 2429 5501 enim
2461 5448 2558 5502 tibi
2606 5465 2703 5519 per
2754 5466 2873 5506 cam
2932 5452 3298 5517 adversarius,
3347 5457 3407 5505 ut
3458 5458 3513 5506 te
3556 5465 3589 5505 a

2027 5537 2197 5606 mina
2230 5538 2471 5598 retrahat
2498 5541 2604 5595 vita
