4050 6396
471 349 592 404 «ΕΠ

1605 341 1642 396 S
1702 336 2163 396 ATHANASIUS.
2207 367 2277 380 —
2316 339 2590 396 SPURIA.

3613 352 3705 409 8ίὸ

557 469 612 524 2.
650 467 791 523 Cave
826 483 892 523 ne
925 464 1142 522 divitias
1175 462 1505 533 pauperibus
1535 460 1840 530 erogandas
1885 473 2019 527 expe

2125 510 2126 514 η
2219 458 2274 512 2.
2305 459 2444 530 Ὅρα
2491 462 2565 532 μὴ
2619 461 2964 535 ἐπιθυμήσῃς
3009 463 3235 519 πλοῦτον
3269 465 3410 538 ἔχειν
3441 467 3579 538 πρὸς
3605 468 3706 523 διά-

489 571 605 627 tas;
639 559 828 614 melior
863 556 1009 610 enim
1051 568 1232 610 sermo
1273 552 1450 607 bonus
1491 559 1598 614 est,
1623 565 1788 620 quam
1820 549 2044 604 donum.

485 655 585 712 Est
615 656 812 725 quippe
851 652 940 706 illa
974 653 1102 706 item
1137 648 1357 720 maligni
1397 647 1566 710 fraus,
1593 663 1699 717 qua
1732 647 1799 700 ad
1832 647 2046 700 inanem

482 748 712 818 gloriam
760 746 1075 815 plerumque
1127 748 1180 796 et
1227 741 1293 794 ad
1344 741 1567 794 multam
1626 738 2046 808 negotiationem

482 850 716 896 mentem
749 837 988 906 conjicit.
1023 835 1358 891 Vestimenta
1396 833 1539 903 quod
1575 838 1806 902 spectat,
1851 847 1920 885 ne
1959 846 2050 883 cu-

480 927 600 996 pias
640 926 836 979 multas
876 924 1072 978 habere
1100 934 1311 988 vestes;
1347 923 1439 977 sed
1467 938 1560 977 eas
1595 922 1771 976 solum
1803 921 1898 975 tibi
1929 935 2048 989 pro-

478 1019 604 1074 vide
633 1033 752 1087 quae
784 1016 1094 1071 necessitati
1119 1015 1367 1084 corporis
1395 1014 1529 1068 satis
1559 1013 1686 1068 sint.
1735 1010 1791 1064 Si
1821 1011 1917 1064 tibi
1948 1011 2038 1062 ali-

479 1109 675 1163 mentis
721 1115 817 1161 aut
855 1106 1098 1161 vestibus
1139 1105 1210 1158 sit
1252 1118 1412 1174 opus,
1443 1117 1513 1156 ne
1558 1100 1754 1171 pudeat
1795 1114 1857 1154 ea
1902 1098 2046 1151 acci-

478 1215 626 1268 pere,
666 1215 786 1267 quze
820 1197 914 1250 tibi
948 1197 1016 1250 ab
1046 1195 1170 1250 aliis
1216 1194 1519 1248 oﬂ'eruntur
1555 1211 1568 1246 :
1603 1191 1688 1245 e'st
1735 1190 1880 1245 enim
1913 1187 2046 1242 illud

476 1292 746 1363 quoddam
780 1289 1046 1360 superbiae
1088 1304 1278 1359 genus.
1321 1284 1478 1351 Quod
1514 1284 1558 1339 si
1603 1283 1701 1337 tibi
1740 1281 1942 1352 aliquid
1989 1282 2044 1334 in

475 1383 630 1438 hisce
657 1381 989 1451 superﬂuum
1020 1380 1205 1442 fuerit,
1233 1378 1301 1432 da
1332 1392 1525 1447 egeno.
1549 1373 1701 1427 Hanc
1725 1372 1869 1427 Deus
1906 1371 2043 1426 filios

477 1488 610 1528 suos
642 1472 756 1526 vult
785 1462 1145 1527 oeconomiam
1172 1483 1414 1523 servare.
1458 1465 1593 1520 Cum
1632 1463 1887 1535 praesenti
1914 1471 2044 1516 tem-

475 1579 610 1634 pore
640 1562 949 1617 necessaria
982 1567 1298 1630 suppetunt,
1328 1575 1396 1614 ne
1430 1557 1597 1612 futuri
1643 1554 1902 1624 temporis
1933 1552 2041 1608 sol-

473 1653 812 1709 licitudinem
845 1637 1027 1723 geras,
1058 1668 1126 1706 ne
1151 1651 1314 1707 unius
1345 1650 1562 1720 quidem
1587 1647 1694 1703 diei
1719 1655 1812 1700 aut
1839 1644 2042 1700 hebdo-

474 1747 692 1802 madis:
745 1746 814 1801 de
851 1746 1103 1816 praesenti
1153 1743 1328 1799 solum
1383 1757 1556 1796 cura:
1600 1741 1776 1810 ipsum
1825 1746 2039 1806 tempus

2153 551 2297 604 δοσιν
2327 552 2435 606 τῶν
2455 556 2699 627 πενήτων
2723 573 2737 586 ·
2765 558 3016 627 κρεῖσσον
3039 557 3147 631 γάρ
3170 558 3326 628 λόγος
3351 559 3551 628 ἀγαθὸς
3581 561 3709 636 ὑπὲρ

2152 642 2323 712 δόμα·
2355 643 2467 698 ἔστι
2511 644 2620 717 γάρ
2666 647 2760 701 καὶ
2787 647 2924 719 αὕτη
2969 649 3151 722 ἀπάτη
3184 652 3275 704 τοῦ
3317 652 3554 725 πονηροῦ
3585 652 3710 726 πρὸς

2153 731 2456 798 κενοδοξίαν
2483 734 2739 798 πολλάκις
2765 739 2855 790 καὶ
2881 738 2961 801 είς
2989 737 3517 812 πολυπραγμοσύνης
3546 743 3708 796 αἰτίαν

2153 822 2494 893 ὲμόάλλουσα
2523 827 2612 880 τὸν
2645 828 2786 883 νοῦν.
2817 830 2949 902 Περὶ
2979 831 3036 884 δὲ
3069 833 3315 902 ἱματίων,
3351 834 3424 905 μὴ
3453 833 3710 907 ἐπιθυμή-

2155 931 2253 985 σῃς
2283 917 2449 970 πολλὰ
2472 919 2614 990 ἔχειν
2647 920 2834 991 ἱμάτια
2853 939 2868 954 ο
2900 923 3032 976 ἀλλὰ
3064 925 3133 976 τά
3157 925 3425 996 ἀρκοῦντα
3454 929 3518 997 τῇ
3553 927 3707 997 ἀνάγ-

2153 1023 2224 1079 κῃ
2257 1009 2346 1061 τοῦ
2395 1009 2641 1081 σώματος
2689 1013 2822 1084 μόνα
2857 1014 3106 1085 προνοοῦ.
3147 1016 3269 1069 Ἐὰν
3314 1016 3408 1090 δέῃ
3444 1017 3706 1090 τροφῶνῆ

2155 1100 2401 1171 ἱματίων,
2447 1103 2520 1175 μὴ
2552 1105 2846 1178 αἰσχυνθῇς
2875 1107 2944 1160 τὰ
2970 1108 3100 1179 παρ’
3140 1109 3340 1180 ἑτέρων
3372 1125 3453 1161 σοι
3485 1125 3711 1178 προσφεο

2155 1191 2353 1281 ρόμενα
2381 1193 2564 1247 λαϐεῖν
2592 1211 2603 1223 ·
2631 1196 2788 1249 τοῦτο
2821 1197 2928 1266 γάρ
2973 1199 3117 1250 ἐστιν
3154 1199 3528 1269 ὑπερηφανίας
3552 1194 3705 1264 εἶδος.

2164 1283 2287 1334 Ἐὰν
2319 1284 2374 1336 δὲ
2404 1286 2496 1338 καὶ
2535 1285 2695 1350 αὐτὸς
2737 1288 2797 1340 ὲν
2825 1287 3034 1350 τούτοις
3066 1288 3392 1361 περισσεύῃς
3415 1328 3430 1354 ,
3465 1288 3606 1342 δίδου
3633 1289 3704 1362 τῷ

2151 1376 2530 1449 ὑστερουμένῳ
2553 1395 2566 1407 ·
2596 1377 2766 1442 οὕτως
2795 1381 2824 1431 ό
2854 1379 2985 1442 Θεὸς
3017 1381 3144 1443 τοὺς
3189 1380 3379 1433 ἑαυτοῦ
3408 1382 3602 1446 παῖδας
3636 1385 3708 1436 0i-

2149 1469 2494 1540 κονομεῖσθαι
2537 1470 2800 1541 βούλεται.
2833 1472 3009 1542 Ἕχων
3059 1472 3151 1526 τοῦ
3199 1473 3490 1538 ἐνεστῶτος
3524 1474 3709 1547 καιροῦ

2145 1562 2214 1615 τὰ
2245 1561 2450 1625 δέοντα,
2481 1564 2560 1626 είς
2593 1564 2682 1616 τὸν
2711 1563 2968 1634 μέλλοντα
3000 1564 3073 1635 μὴ
3122 1567 3459 1639 μεριμνήσῃς
3504 1568 3706 1638 καιρὸν,

2145 1649 2256 1706 οἷον
2285 1655 2496 1726 ἡμέρας
2549 1657 2676 1727 μιᾶς
2699 1697 2712 1722 ,
2749 1657 2782 1728 ἣ
2831 1657 3122 1727 ἑϐδομάδος
3146 1697 3160 1722 ,
3204 1659 3236 1729 ἢ
3287 1658 3390 1730 μὴν
3421 1661 3706 1726 ἐνεστῶτος

2145 1745 2338 1816 καιροῦ
2366 1764 2379 1777 ·
2431 1747 2592 1811 αὐτὸς
2641 1750 2669 1801 ὁ
2718 1749 2908 1819 καιρὸς
2953 1751 3340 1821 ἐπιχορηγήσει
3385 1752 3453 1805 τά
3504 1752 3703 1808 δέοντα.

473 1841 578 1895 sibi
616 1837 927 1895 necessaria
973 1834 1358 1906 suppeditabit.
1393 1831 1498 1887 Sed
1539 1833 1593 1886 in
1625 1829 1815 1901 primis
1859 1841 2019 1898 quaeri

2154 1837 2310 1890 Ἀλλά
2342 1837 2538 1907 μᾶλλον
2568 1839 2717 1911 ζήτει
2759 1841 2991 1911 μάλιστα
3017 1843 3115 1914 τὴν
3161 1843 3434 1912 βασιλείαν
3475 1845 3582 1898 τῶν
3622 1847 3706 1901 οὐ·

472 1945 698 2001 regnum
729 1929 1014 1984 caelorum.
1050 1928 1221 1980 Tuam
1254 1941 1467 1995 semper
1502 1923 1785 1978 utilitatem
1823 1929 2032 1984 curato,

475 2031 527 2076 et
557 2022 753 2090 quietae
784 2021 910 2076 vitae
945 2019 1166 2073 modum
1210 2017 1307 2071 tibi
1343 2017 1636 2071 constitue.
1667 2013 1746 2069 Ne
1787 2029 1910 2068 cum
1943 2010 2035 2066 ho-

470 2111 710 2167 minibus
748 2109 989 2163 materia:
1026 2107 1245 2168 deditis,
1280 2114 1332 2158 et
1377 2105 1520 2157 ultro
1557 2105 1802 2171 citroque
1833 2099 2032 2154 distra-

466 2205 570 2258 ctis
601 2202 849 2256 habites:
880 2200 964 2255 vel
994 2200 1144 2254 solus
1186 2197 1390 2257 habita,
1421 2202 1514 2248 aut
1552 2209 1675 2248 cum
1717 2190 2032 2246 hominibus

465 2294 686 2350 materia
727 2293 1044 2363 expertibus
1078 2298 1130 2346 et
1170 2298 1348 2344 tecum
1378 2284 1863 2343 consentientibus.
1893 2280 2029 2335 Nam

463 2393 556 2462 qui
591 2407 713 2447 cum
741 2390 1052 2444 hominibus
1084 2386 1324 2441 materiae
1364 2383 1580 2445 deditis,
1606 2388 1659 2436 et
1691 2382 1833 2435 ultro
1863 2380 2030 2433 citro-

460 2499 567 2554 que
599 2480 880 2538 distractis
903 2480 1133 2543 habitat,
1163 2479 1210 2530 is
1241 2490 1468 2546 prorsus
1499 2488 1686 2528 eorum
1715 2470 2028 2526 distractio-

459 2577 547 2630 nis
597 2573 866 2643 particeps
905 2571 1030 2635 erit,
1078 2567 1438 2636 humanisque
1487 2564 1687 2620 serviet
1732 2562 2024 2627 mandatis,

460 2664 736 2720 obnoxius
769 2662 926 2718 vanis
972 2657 1545 2720 sermocinationibus,
1593 2655 1823 2725 aliisque
1870 2655 2026 2709 malis

458 2757 734 2819 omnibus,
766 2754 880 2817 irae,
913 2751 1156 2815 mcerori,
1203 2749 1568 2804 materialium
1616 2761 1798 2802 rerum
1833 2747 2026 2801 insano

457 2848 652 2911 amori,
695 2847 861 2902 metui
905 2844 1306 2906 scandalorum,
1355 2837 1814 2912 patrimonialium
1861 2839 2027 2892 hono-

455 2955 576 2994 rum
617 2937 1097 2999 sollicitudinibus,
1131 2939 1486 3004 cognatorum
1519 2929 1792 2984 amicitiis.
1823 2927 2022 2982 Eorum

453 3033 638 3102 itaque
669 3031 1003 3085 consortium
1047 3027 1248 3090 devita,
1285 3039 1353 3078 ne
1392 3023 1531 3078 forte
1560 3032 1709 3077 tuam
1743 3022 1795 3075 in
1827 3021 2020 3074 cellula

455 3127 690 3194 quietem
731 3122 993 3186 adimant,
1026 3128 1079 3174 et
1106 3119 1171 3173 ad
1205 3133 1302 3174 sua
1343 3117 1485 3171 ultro
1517 3117 1761 3184 citroque
1805 3113 2016 3184 negotia

453 3213 771 3284 pertrahant

522 3305 578 3361 5.
621 3303 679 3358 Si
713 3319 878 3374 porro
917 3303 1110 3356 cellula
1148 3303 1202 3354 in
1249 3317 1355 3371 qua
1399 3299 1550 3369 degis
1596 3299 2020 3367 circumquaque

453 3411 668 3450 ammna
701 3395 793 3457 sit,
828 3395 948 3464 fuge
978 3394 1044 3448 ab
1077 3393 1188 3457 illa,
1214 3409 1281 3446 ne
1303 3407 1516 3463 parcas,
1552 3406 1619 3445 ne
1648 3389 1879 3444 fortasse
1900 3389 2018 3456 ejus

406 3485 415 3494 ’
453 3504 638 3543 amore
677 3488 1012 3557 pertrahare.
1057 3485 1199 3539 Nihil
1244 3500 1352 3538 non
1401 3499 1518 3554 age,
1552 3483 1688 3537 nihil
1737 3497 1845 3536 non
1889 3497 2017 3552 ope-

448 3596 589 3645 rare,
643 3589 702 3634 ut
743 3581 920 3650 possis
968 3579 1164 3650 quietae
1209 3584 1263 3632 et
1299 3576 1600 3646 tranquilla
1645 3575 1769 3629 vitae
1797 3587 2012 3635 vacare,

443 3679 606 3740 atque
635 3685 851 3735 curare,
876 3680 933 3723 ut
951 3670 1107 3738 juxta
1130 3667 1224 3721 Dei
1250 3667 1577 3721 voluntatem
1602 3665 1786 3735 degas,
1815 3671 1868 3718 et
1889 3679 2011 3717 cum

445 3762 812 3817 invisibilibus
855 3761 1091 3816 inimicis
1130 3775 1356 3830 pugnes.
1392 3757 1449 3812 Si
1495 3774 1602 3812 non
1637 3765 1788 3828 potes
1817 3757 1868 3810 in
1903 3758 2012 3810 tuis

446 3853 694 3920 partibus
732 3853 1024 3922 tranquille
1048 3859 1101 3905 et
1148 3851 1329 3920 quiete
1360 3849 1576 3919 degere,
1615 3848 1852 3902 transfer
1885 3864 2010 3917 pro-

437 3944 676 4012 positum
708 3951 860 3996 tuum
889 3942 957 3996 ad
988 3941 1434 4009 hospitalitatem,
1470 3939 1522 3992 in
1554 3955 1782 4008 eamque
1804 3939 2010 4008 cogita-

436 4035 612 4088 tiones
638 4043 761 4088 tuas
787 4034 1186 4103 quamprimum
1208 4046 1428 4100 repone.
1456 4029 1584 4084 Esto
1614 4031 1761 4084 velut
1786 4030 2005 4099 quidam

2143 1928 2337 1998 ρανῶν.
2370 1929 2482 2000 Τῆς
2526 1931 2716 1984 ἑαυτοῦ
2751 1931 3014 2001 ὠφελείας
3044 1935 3270 1988 πάντοτε
3302 1935 3552 2007 φρόντιζε
3574 1976 3589 2000 ,
3619 1938 3706 1991 καὶ

2138 2020 2228 2072 τὸν
2280 2021 2376 2090 τῆς
2411 2023 2642 2092 ἡσυχίας
2691 2023 2972 2095 περιποιοῦ
3019 2025 3239 2094 τρόπον.
3285 2026 3376 2098 Μὴ
3419 2028 3702 2100 ἀγαπήσῃς

2137 2111 2351 2180 οἰκῆσαι
2388 2112 2524 2181 μετὰ
2552 2112 2851 2183 ἀνθρώπων
2877 2114 3074 2168 ὑλικῶν
3105 2116 3196 2169 καὶ
3222 2117 3699 2187 ὲμπερισπάστωνο

2136 2202 2168 2273 ἦ
2210 2202 2367 2272 μόνος
2391 2203 2548 2263 οἴκει,
2583 2203 2614 2274 ἢ
2648 2204 2787 2274 μετὰ
2818 2205 3114 2279 ἀνθρώπων
3143 2207 3319 2261 ἀΰλων
3349 2209 3442 2262 καὶ
3473 2209 3703 2280 όμοφρό-

2136 2308 2240 2344 νων
2266 2309 2278 2322 ·
2305 2295 2332 2346 ό
2361 2293 2470 2364 γάρ
2511 2293 2649 2364 μετά
2693 2294 2991 2367 ἀνθρώπων
3019 2297 3215 2350 ὑλικῶν
3242 2298 3336 2350 καὶ
3365 2300 3700 2370 ὲμπερισπά·

2137 2400 2275 2436 στων
2293 2383 2478 2451 οἰκῶν,
2504 2385 2722 2450 πάντως
2749 2390 3063 2460 κοινωνήσει
3097 2389 3190 2442 καὶ
3223 2389 3382 2455 αὐτὸς
3411 2393 3476 2462 τῇ
3503 2391 3702 2447 τούτων

2135 2481 2481 2550 περιστάσει,
2521 2480 2612 2534 καὶ
2663 2481 2934 2536 δουλεύσει
2978 2483 3342 2553 ἀνθρωπίναις
3395 2485 3698 2553 ἐπιταγαῖς,

2133 2568 2344 2635 λαλιαῖς
2378 2589 2437 2624 τε
2474 2573 2765 2643 ματαίαις,
2815 2575 2908 2628 καὶ
2947 2578 3057 2639 τοῖς
3083 2576 3260 2641 ἄλλοις
3293 2577 3463 2631 ἅπασι
3491 2577 3695 2640 δεινοῖς,

2131 2662 2288 2733 ὀργῇ,
2317 2661 2480 2734 λύπη,
2515 2665 2680 2736 μανία
2707 2666 2813 2719 τῶν
2849 2667 3007 2732 ὑλῶν,
3043 2668 3189 2738 φόϐῳ
3217 2668 3322 2722 τῶν
3366 2668 3694 2732 σκανδάλων,

2130 2757 2370 2821 γονικαῖς
2405 2757 2718 2827 μερίμναις,
2752 2762 3094 2828 συγγενικαὶς
3137 2761 3357 2829 φιλίαις.
3403 2762 3561 2815 Ἀλλά
3589 2761 3694 2834 γὰρ

2129 2845 2227 2916 τῆς
2256 2846 2392 2918 πρὸς
2431 2849 2652 2914 τούτους
2695 2853 2980 2922 συντυχίας
3023 2854 3290 2926 παραιτοῦ
3316 2895 3332 2921 ,
3383 2855 3592 2928 μήποτέ
3636 2872 3689 2907 σε

2127 2938 2432 2992 ἀπολέσωσι
2463 2942 2559 3012 τῆς
2597 2944 2655 2995 έν
2687 2943 2761 3014 τῷ
2794 2944 2987 3017 κελλίῳ
3013 2947 3244 3018 ἡσυχίας
3265 2987 3279 3013 ,
3311 2948 3406 3001 καὶ
3437 2948 3566 3020 περὶ
3598 2946 3692 3010 τάς

2127 3031 2333 3085 ἑαυτῶν
2361 3033 2706 3104 περιστάσεις
2728 3037 3021 3107 ἀγάγωσιν.

2190 3301 2242 3354 5.
2285 3299 2408 3353 Ἐὰν
2437 3300 2493 3353 δὲ
2527 3300 2620 3352 καὶ
2651 3297 2712 3351 τὸ
2746 3298 2950 3352 κελλίον
2983 3300 3038 3351 ὲν
3068 3292 3111 3366 ᾧ
3143 3298 3344 3372 καθέζῃ
3373 3299 3684 3372 εὑπερίστα·

2117 3410 2206 3472 τον
2236 3389 2291 3466 ᾖ,
2331 3391 2517 3460 φεῦγε,
2554 3392 2645 3444 καὶ
2674 3389 2837 3443 αὐτοῦ
2882 3389 2956 3461 μὴ
2984 3391 3182 3462 Ιφείσῃ,
3218 3390 3290 3462 μὴ
3317 3391 3583 3465 ὲλκυσθῇς
3608 3395 3684 3457 εἰς

2117 3483 2334 3554 ἀγάπην
2385 3481 2568 3536 αὑτοῦ.
2612 3481 2796 3535 Πάντα
2825 3481 3004 3544 ποίει,
3040 3481 3216 3534 πάντα
3267 3482 3493 3552 πράττε,
3539 3484 3683 3547 ὅπως

2115 3576 2348 3647 δυνηθῇς
2374 3574 2660 3645 ήσυχάσαι,
2690 3575 2784 3626 καὶ
2814 3573 3100 3644 σχολάσαι,
3127 3573 3218 3625 καὶ
3263 3571 3559 3626 σπουδάσαι
3602 3589 3685 3642 γε·

2113 3669 2296 3722 νέσθαι
2348 3670 2404 3720 ἐν
2434 3670 2544 3728 τοῖς
2573 3665 2664 3719 τοῦ
2695 3665 2827 3718 Θεοῦ
2865 3665 3158 3735 θελήμασι,
3193 3665 3285 3717 καὶ
3328 3665 3386 3717 ὲν
3425 3667 3490 3735 τῇ
3526 3663 3682 3735 ’πάλῃ

2111 3761 2218 3812 τῶν
2241 3759 2506 3831 ἀοράτων.
2539 3759 2600 3811 Et
2627 3759 2700 3831 μὴ
2721 3758 2946 3810 δύνασαι
2971 3756 3166 3829 ῥᾳδίως
3193 3756 3465 3826 ἡσυχάσαι
3491 3758 3548 3809 ὲν
3574 3760 3682 3820 τοῖς

2113 3854 2224 3914 σοῖς
2257 3851 2466 3921 μέρεσι,
2500 3849 2587 3912 δός
2621 3866 2712 3902 σου
2739 3849 2828 3902 ἐπὶ
2858 3847 3114 3912 ξενιτείαν
3143 3846 3239 3917 τὴν
3269 3847 3522 3917 πρόθεσιν
3541 3887 3555 3910 ,
3588 3846 3679 3899 καὶ

2110 3943 2200 3996 ἐπὶ
2213 3943 2412 4014 ταύτην
2425 3941 2761 3996 κατάσπευδέ
2788 3957 2878 3993 σου
2904 3939 2992 3993 τὸν
3012 3939 3266 4008 λογισμόν
3292 3956 3305 3970 ·
3336 3940 3679 4011 γενοῦεκαοά-

2111 4055 2216 4109 περ
2267 4055 2353 4101 τις
2405 4035 2831 4105 πραγματευτὴς
2895 4033 3139 4103 ἄριστος,
3186 4031 3252 4084 τὰ
3307 4033 3482 4084 πάντα
3540 4032 3675 4102 πρὸς

433 4129 673 4197 optimus
717 4126 1039 4196 negotiator,
1083 4125 1175 4193 qui
1211 4124 1391 4176 omnia
1444 4122 1511 4176 ad
1555 4122 1796 4191 quietam
1841 4111 2004 4175 vitam

2125 4129 2332 4202 ῖσυχίαν
2375 4126 2681 4198 δοκιμάζων
2703 4166 2716 4187 ,
2749 4127 2841 4178 καὶ
2869 4133 2933 4177 τά
2968 4123 3102 4196 πρὸς
3132 4124 3333 4194 ταύτην
3359 4124 3538 4194 ἥσυχα
3582 4124 3672 4176 καὶ

434 4216 629 4285 prohat
658 4223 711 4269 et
739 4216 984 4280 ordinat;
1025 4225 1078 4268 et
1119 4228 1240 4283 quae
1268 4212 1560 4282 tranquilla
1589 4219 1643 4265 et
1683 4211 1836 4264 utilia
1878 4219 2006 4265 sunt

2125 4225 2367 4295 [ρήσιμα.
2406 4221 2552 4292 Πλὴν
2602 4218 2743 4286 λέγω
2785 4234 2903 4281 σοι,
2939 4215 3200 4282 ξενιτείαν
3243 4214 3432 4284 ἀγάπα
3457 4232 3470 4246 ·
3502 4214 3672 4268 ἀπαλ-

426 4306 720 4376 perquirit.
749 4305 1011 4360 Caeterum
1051 4305 1173 4360 dico
1212 4305 1332 4368 tibi,
1361 4303 1781 4374 hospitalitatem
1816 4303 2000 4374 dilige,

2125 4317 2283 4368 ,άττει
2333 4313 2438 4384 γάρ
2482 4329 2541 4364 σε
2583 4310 2688 4364 τῶν
2725 4308 2864 4362 κατὰ
2893 4307 2990 4379 τὴν
3029 4307 3160 4360 ἰδίαν
3202 4308 3386 4378 χώραν
3412 4307 3669 4380 περιστά-

429 4415 555 4454 nam
593 4399 787 4453 liberat
823 4408 872 4454 te
917 4415 946 4452 a
992 4399 1214 4452 casibus
1257 4400 1310 4452 in
1359 4399 1578 4467 regione
1619 4403 1712 4451 tua
1744 4397 2002 4452 obvenire

2125 4423 2272 4467 rewv,
2323 4405 2416 4457 καὶ
2461 4405 2558 4474 τῆς
2594 4402 2734 4456 κατὰ
2773 4401 2870 4472 τὴν
2917 4401 3143 4472 ἡσυχίαν
3193 4398 3459 4467 ὠφελείας
3514 4398 3667 4470 μόνον

421 4492 627 4554 solitis,
659 4492 864 4560 tibique
896 4498 1117 4559 praestat
1153 4498 1210 4544 ut
1242 4491 1436 4560 quieta:
1480 4500 1532 4546 et
1572 4491 1882 4562 tranquillae
1915 4493 1994 4545 vi-

2125 4495 2391 4550 ιπολαύειν
2427 4499 2585 4548 ποιεῖ,
2623 4495 2734 4556 Τὰς
2764 4495 2820 4546 ἐν
2849 4492 2999 4545 πόλει
3033 4491 3312 4563 διατριϐὰς
3342 4491 3541 4559 φεῦγε,
3576 4488 3666 4543 καὶ

424 4584 747 4638 ικιιῑίιίῐιιιθ
775 4583 1073 4652 perfruare.
1107 4581 1255 4651 Fuge
1287 4599 1467 4638 moras
1500 4585 1553 4638 in
1584 4585 1824 4650 civitate,
1853 4594 1907 4639 et
1939 4587 1992 4639 in

419 4691 608 4731 eremo
648 4692 957 4746 persevera,
994 4678 1038 4731 si
1073 4677 1187 4732 ﬁeri
1223 4678 1447 4731 omnino
1478 4679 1670 4746 possit.
1705 4677 1761 4731 In
1807 4679 1993 4732 urbem

423 4781 490 4820 ne
524 4765 788 4820 accedas:
824 4767 960 4821 nihil
993 4768 1138 4822 enim
1179 4768 1330 4831 utile,
1372 4767 1505 4821 nihil
1547 4776 1642 4822 tuo
1685 4769 1806 4822 vitae
1847 4769 1996 4823 insti-

421 4864 538 4911 tuto
571 4855 910 4913 fructuosum
956 4859 1068 4913 illic
1107 4860 1430 4930 conspicies.
1481 4858 1560 4914 Ne
1586 4859 1784 4915 timeas
1818 4876 1994 4929 neque

419 4949 678 5006 formides
712 4967 900 5007 earum
945 4969 1124 5008 rerum
1171 4954 1436 5018 sonitum,
1464 4970 1638 5024 neque
1673 4953 1922 5024 aufugias
1962 4969 1992 5006 a

417 5041 596 5095 stadio
635 5044 884 5099 utilitatis
923 5054 1046 5099 tuae.
1079 5045 1299 5114 Absque
1346 5046 1542 5098 timore
1572 5045 1803 5110 sustine,
1830 5051 1882 5098 et
1913 5045 1992 5096 vi-

414 5133 570 5189 debis
601 5133 694 5190 Dei
721 5138 1171 5206 magnitudinem,
1198 5137 1382 5190 omnia
1404 5137 1613 5191 scilicet
1649 5137 1755 5188 alia
1795 5135 1990 5188 salutis

413 5229 568 5300 signa
598 5239 652 5284 et
691 5232 1178 5287 manilestationes.

479 5322 535 5374 ι.
573 5323 793 5378 Amicos
835 5323 882 5376 si
913 5324 1103 5388 habes,
1137 5323 1261 5394 fuge
1288 5339 1476 5378 eorum
1513 5323 1824 5394 frequentes
1853 5337 1989 5375 con-

409 5411 808 5482 fabulationes;
838 5418 885 5471 si
915 5418 1058 5472 enim
1089 5433 1313 5489 perraro
1337 5419 1651 5488 colloquare
1673 5433 1796 5472 cum
1826 5417 1982 5485 ipsis,

407 5515 598 5574 gratus
624 5507 737 5562 Deo
765 5513 895 5565 eris.
922 5512 1078 5577 Quod
1108 5513 1153 5566 si
1180 5513 1603 5582 deprehenderis
1634 5527 1730 5582 per
1763 5526 1860 5565 eos
1887 5511 1983 5563 tibi

407 5600 666 5654 damnum
694 5601 973 5667 obvenire,
1004 5619 1072 5658 ne
1101 5620 1328 5672 prorsus
1358 5605 1587 5658 accedas
1617 5603 1684 5657 ad
1713 5604 1853 5657 illos.
1879 5602 1984 5656 Par

406 5690 609 5761 quippe
637 5701 721 5747 est
756 5695 961 5750 amicos
987 5705 1040 5750 te
1071 5696 1271 5750 habere
1310 5698 1402 5765 qui
1445 5706 1540 5749 tuo
1575 5698 1699 5752 vita).
1727 5696 1980 5749 instituto

407 5781 570 5839 utiles
607 5797 667 5837 ac
713 5783 879 5840 dediti
910 5786 1041 5842 sint.
1079 5787 1225 5857 Fuge
1265 5789 1621 5858 malignorum
1657 5797 1709 5843 et
1754 5795 1968 5844 conten-

2099 4592 2157 4643 ἐν
2199 4589 2389 4660 ἐρήμῳ
2423 4587 2778 4658 καρτέρησον,
2827 4587 2874 4637 εί
2924 4585 3143 4637 δυνατὸν
3178 4584 3238 4636 τὸ
3278 4583 3528 4637 καθόλου.
3575 4582 3666 4645 Εἰς

2097 4681 2250 4735 πόλιν
2289 4681 2362 4752 μὴ
2402 4681 2753 4751 ἁπαν-δήσῃς*
2796 4677 2946 4730 οὐδὲν
2989 4677 3095 4747 γὰρ
3145 4675 3479 4748 εὔχρηστον,
3519 4675 3668 4729 οὐδὲν

2095 4773 2364 4843 ὠφέλιμον
2394 4775 2459 4843 τῇ
2493 4771 2736 4842 πολιτείᾳ
2767 4788 2860 4823 σου
2897 4771 3013 4822 ἐκεῖ
3045 4768 3232 4841 θεάσῃ.
3263 4769 3353 4840 Μὴ
3395 4768 3666 4840 δειλιάσῃς

2092 4863 2223 4937 ἦχον
2251 4865 2449 4927 αὐτῶν,
2489 4864 2522 4935 ἢ
2553 4863 2791 4932 πτοηθῇς
2816 4880 2828 4892 ·
2869 4861 3004 4933 μηδὲ
3049 4860 3336 4930 ἀποφύγῃς
3365 4861 3425 4912 τὸ
3456 4860 3666 4913 στάδιον

2093 4959 2189 5026 τῆς
2219 4957 2317 5027 σῆς
2351 4955 2634 5023 ὠφελείας.
2676 4953 2915 5021 Ἀφόὸως
2957 4951 3267 5022 ὑπόμεινον,
3300 4951 3396 5004 καὶ
3427 4951 3546 5021 ὄψει
3571 4948 3661 5003 τοῦ

2091 5047 2224 5100 Θεοῦ
2263 5047 2331 5100 τά
2362 5047 2619 5117 μεγαλεῖα
2639 5086 2653 5110 ,
2681 5044 2778 5116 τὴν
2812 5043 2977 5113 ἀλλην
3011 5043 3225 5096 ἃπασαν
3262 5043 3354 5096 ἐπὶ
3392 5041 3662 5113 σωτηρίαν

2092 5140 2478 5211 πληροφορίαν.

2157 5323 2209 5375 4.
2256 5321 2378 5374 Ἐὰν
2415 5319 2600 5389 φίλους
2633 5319 2762 5391 ἔχῃς
2785 5358 2800 5383 ,
2836 5320 3002 5388 φεῦγε
3051 5318 3254 5372 τούτων
3286 5318 3387 5382 τὰς
3422 5321 3663 5390 συνεχεῖς

2089 5413 2403 5483 συντυχίαςο
2433 5409 2520 5464 διὰ
2565 5409 2772 5481 μακροῦ
2807 5408 2918 5482 γὰρ
2943 5409 3125 5471 αὐτοῖς
3166 5410 3550 5478 συντυγχάνων
3578 5407 3660 5460 ef:-

2085 5509 2336 5579 χάριστος
2363 5506 2481 5577 ἔσῃ.
2521 5499 2646 5557 Ἐάν
2678 5505 2733 5558 δὲ
2772 5505 3112 5576 κατανοήσῃς
3136 5501 3224 5555 διὰ
3243 5500 3449 5554 τούτων
3482 5499 3657 5554 αὐτῶν

2085 5599 2286 5671 βλάϐην
2316 5615 2396 5650 σοι
2427 5596 2737 5667 γινομένην,
2771 5595 3012 5666 μηδόλως
3047 5596 3274 5665 ἐγγίσης
3299 5612 3312 5626 ο
3344 5593 3531 5663 φίλους
3549 5591 3654 5664 γὰρ

2082 5697 2223 5766 ἐχειν
2259 5709 2316 5744 σε
2349 5691 2455 5762 χρὴ
2489 5692 2614 5753 τοὺς
2645 5688 2953 5758 ὠφελίμους
2978 5689 3070 5740 καὶ
3111 5685 3653 5757 συλλαμϐανομένους

2081 5789 2146 5856 τῇ
2181 5787 2243 5854 σῇ
2277 5781 2536 5850 πολιτείᾳ.
2566 5778 2736 5847 Φεῦγε
2768 5778 2874 5831 τῶν
2904 5777 3154 5849 πονηρῶν
3181 5775 3392 5848 ἀνδρῶν
3424 5776 3518 5830 καὶ
3548 5791 3654 5848 μα-
