  <div class='ocr_page' id='page_1' title='image "/cluster/home/n/w/nwhite01/storage/ocr_20150623/28/hvd.32044019207737/441.png"; bbox 0 0 4050 6396; ppageno 0'>
   <div class='ocr_carea' id='block_1_1' title="bbox 505 469 608 531">
    <p class='ocr_par' dir='ltr' id='par_1_1' title="bbox 505 469 608 531">
     <span class='ocr_line' id='line_1_1' title="bbox 505 469 608 531; baseline 0 0"><span class='ocrx_word' id='word_1_1' title='bbox 505 469 608 531; x_wconf 65' lang='grc' dir='ltr'><strong>ΕΜ</strong></span> 
     </span>
    </p>
   </div>
   <div class='ocr_carea' id='block_1_2' title="bbox 1621 458 2581 521">
    <p class='ocr_par' dir='ltr' id='par_1_2' title="bbox 1621 458 2581 521">
     <span class='ocr_line' id='line_1_2' title="bbox 1621 458 2581 521; baseline -0.007 0"><span class='ocrx_word' id='word_1_2' title='bbox 1621 463 1679 521; x_wconf 80' lang='lat' dir='ltr'><strong>S.</strong></span> <span class='ocrx_word' id='word_1_3' title='bbox 1713 462 2173 520; x_wconf 71' lang='lat' dir='ltr'><strong>ATHANASIUS.</strong></span> <span class='ocrx_word' id='word_1_4' title='bbox 2211 492 2281 501; x_wconf 93' lang='lat'><strong>—</strong></span> <span class='ocrx_word' id='word_1_5' title='bbox 2313 458 2581 516; x_wconf 78' lang='lat' dir='ltr'><strong>SPURIA.</strong></span> 
     </span>
    </p>
   </div>
   <div class='ocr_carea' id='block_1_3' title="bbox 3628 445 3732 502">
    <p class='ocr_par' dir='ltr' id='par_1_3' title="bbox 3628 445 3732 502">
     <span class='ocr_line' id='line_1_3' title="bbox 3628 445 3732 502; baseline 0 0"><span class='ocrx_word' id='word_1_6' title='bbox 3628 445 3732 502; x_wconf 75' lang='grc'><strong>852</strong></span> 
     </span>
    </p>
   </div>
   <div class='ocr_carea' id='block_1_4' title="bbox 510 559 2108 660">
    <p class='ocr_par' dir='ltr' id='par_1_4' title="bbox 510 579 2108 660">
     <span class='ocr_line' id='line_1_4' title="bbox 510 579 2108 660; baseline -0.01 -17"><span class='ocrx_word' id='word_1_7' title='bbox 510 589 618 658; x_wconf 64' lang='grc' dir='ltr'>εειιὶ</span> <span class='ocrx_word' id='word_1_8' title='bbox 658 586 862 660; x_wconf 81' lang='lat' dir='ltr'><strong>quippe</strong></span> <span class='ocrx_word' id='word_1_9' title='bbox 903 583 1091 641; x_wconf 77' lang='lat' dir='ltr'><strong>eodem</strong></span> <span class='ocrx_word' id='word_1_10' title='bbox 1123 583 1180 638; x_wconf 75' lang='lat' dir='ltr'><strong>i‘n</strong></span> <span class='ocrx_word' id='word_1_11' title='bbox 1214 581 1354 647; x_wconf 91' lang='lat' dir='ltr'><strong>l&#39;oco,</strong></span> <span class='ocrx_word' id='word_1_12' title='bbox 1380 587 1623 651; x_wconf 89' lang='lat' dir='ltr'><strong>tempore</strong></span> <span class='ocrx_word' id='word_1_13' title='bbox 1651 579 1892 652; x_wconf 74' lang='lat' dir='ltr'><strong>synaxis,</strong></span> <span class='ocrx_word' id='word_1_14' title='bbox 1924 585 2075 648; x_wconf 87' lang='lat' dir='ltr'><strong>post-</strong></span> <span class='ocrx_word' id='word_1_15' title='bbox 2104 626 2108 635; x_wconf 73' lang='grc'><strong>,</strong></span> 
     </span>
    </p>
   </div>
   <div class='ocr_carea' id='block_1_5' title="bbox 2208 559 3733 660">
    <p class='ocr_par' dir='ltr' id='par_1_5' title="bbox 2209 559 3733 640">
     <span class='ocr_line' id='line_1_5' title="bbox 2209 559 3733 640; baseline -0.008 -13"><span class='ocrx_word' id='word_1_16' title='bbox 2209 574 2407 626; x_wconf 88' lang='grc' dir='ltr'>ελοῦσι.</span> <span class='ocrx_word' id='word_1_17' title='bbox 2439 569 2822 640; x_wconf 78' lang='grc' dir='ltr'>Συναγομένων</span> <span class='ocrx_word' id='word_1_18' title='bbox 2853 563 2962 635; x_wconf 78' lang='grc' dir='ltr'>γὰρ</span> <span class='ocrx_word' id='word_1_19' title='bbox 2992 562 3168 617; x_wconf 76' lang='grc' dir='ltr'>αὐτῶν</span> <span class='ocrx_word' id='word_1_20' title='bbox 3199 561 3291 614; x_wconf 74' lang='grc' dir='ltr'>ἐπὶ</span> <span class='ocrx_word' id='word_1_21' title='bbox 3333 561 3392 614; x_wconf 83' lang='grc' dir='ltr'>τὸ</span> <span class='ocrx_word' id='word_1_22' title='bbox 3421 559 3552 614; x_wconf 75' lang='grc' dir='ltr'>αὐτὸ</span> <span class='ocrx_word' id='word_1_23' title='bbox 3593 559 3733 615; x_wconf 80' lang='grc' dir='ltr'>κατὰ</span> 
     </span>
    </p>
   </div>
   <div class='ocr_carea' id='block_1_6' title="bbox 509 669 2074 750">
    <p class='ocr_par' dir='ltr' id='par_1_6' title="bbox 509 669 2074 750">
     <span class='ocr_line' id='line_1_6' title="bbox 509 669 2074 750; baseline -0.008 -16"><span class='ocrx_word' id='word_1_24' title='bbox 509 695 673 750; x_wconf 73' lang='lat' dir='ltr'><strong>quem</strong></span> <span class='ocrx_word' id='word_1_25' title='bbox 725 677 1004 733; x_wconf 88' lang='lat' dir='ltr'><strong>absolutus</strong></span> <span class='ocrx_word' id='word_1_26' title='bbox 1031 680 1118 731; x_wconf 90' lang='lat' dir='ltr'><strong>est</strong></span> <span class='ocrx_word' id='word_1_27' title='bbox 1157 672 1422 745; x_wconf 82' lang='lat' dir='ltr'><strong>psalmus,</strong></span> <span class='ocrx_word' id='word_1_28' title='bbox 1453 687 1564 727; x_wconf 88' lang='lat' dir='ltr'><strong>non</strong></span> <span class='ocrx_word' id='word_1_29' title='bbox 1601 671 1786 728; x_wconf 90' lang='lat' dir='ltr'><strong>statim</strong></span> <span class='ocrx_word' id='word_1_30' title='bbox 1809 669 1875 724; x_wconf 87' lang='lat' dir='ltr'><strong>ad</strong></span> <span class='ocrx_word' id='word_1_31' title='bbox 1907 684 2074 738; x_wconf 84' lang='lat' dir='ltr'><strong>genu-</strong></span> 
     </span>
    </p>
   </div>
   <div class='ocr_carea' id='block_1_7' title="bbox 511 761 2075 837">
    <p class='ocr_par' dir='ltr' id='par_1_7' title="bbox 511 761 2075 837">
     <span class='ocr_line' id='line_1_7' title="bbox 511 761 2075 837; baseline -0.009 -10"><span class='ocrx_word' id='word_1_32' title='bbox 511 772 793 827; x_wconf 71' lang='lat' dir='ltr'><strong>ﬂexionezn</strong></span> <span class='ocrx_word' id='word_1_33' title='bbox 837 768 1096 833; x_wconf 82' lang='lat' dir='ltr'><strong>veniunt;</strong></span> <span class='ocrx_word' id='word_1_34' title='bbox 1135 765 1230 821; x_wconf 90' lang='lat' dir='ltr'><strong>sed</strong></span> <span class='ocrx_word' id='word_1_35' title='bbox 1254 766 1574 836; x_wconf 84' lang='lat' dir='ltr'><strong>priusquam</strong></span> <span class='ocrx_word' id='word_1_36' title='bbox 1624 777 1800 837; x_wconf 86' lang='lat' dir='ltr'><strong>genua</strong></span> <span class='ocrx_word' id='word_1_37' title='bbox 1835 761 2075 824; x_wconf 80' lang='lat' dir='ltr'><strong>ﬂectant,</strong></span> 
     </span>
    </p>
   </div>
   <div class='ocr_carea' id='block_1_8' title="bbox 510 853 2078 927">
    <p class='ocr_par' dir='ltr' id='par_1_8' title="bbox 510 853 2078 927">
     <span class='ocr_line' id='line_1_8' title="bbox 510 853 2078 927; baseline -0.006 -14"><span class='ocrx_word' id='word_1_38' title='bbox 510 859 730 914; x_wconf 80' lang='lat' dir='ltr'><strong>modico</strong></span> <span class='ocrx_word' id='word_1_39' title='bbox 786 865 1034 927; x_wconf 85' lang='lat' dir='ltr'><strong>tempore</strong></span> <span class='ocrx_word' id='word_1_40' title='bbox 1079 862 1286 912; x_wconf 78' lang='lat' dir='ltr'><strong>stantes</strong></span> <span class='ocrx_word' id='word_1_41' title='bbox 1313 854 1571 926; x_wconf 80' lang='lat' dir='ltr'><strong>expansis</strong></span> <span class='ocrx_word' id='word_1_42' title='bbox 1602 853 1856 908; x_wconf 90' lang='lat' dir='ltr'><strong>manibus</strong></span> <span class='ocrx_word' id='word_1_43' title='bbox 1887 858 2078 917; x_wconf 87' lang='lat' dir='ltr'><strong>orant;</strong></span> 
     </span>
    </p>
   </div>
   <div class='ocr_carea' id='block_1_9' title="bbox 513 946 2081 1020">
    <p class='ocr_par' dir='ltr' id='par_1_9' title="bbox 513 946 2081 1020">
     <span class='ocr_line' id='line_1_9' title="bbox 513 946 2081 1020; baseline -0.005 -16"><span class='ocrx_word' id='word_1_44' title='bbox 513 958 701 1020; x_wconf 85' lang='lat' dir='ltr'><strong>postea</strong></span> <span class='ocrx_word' id='word_1_45' title='bbox 753 949 902 1004; x_wconf 86' lang='lat' dir='ltr'><strong>humi</strong></span> <span class='ocrx_word' id='word_1_46' title='bbox 957 949 1240 1020; x_wconf 72' lang='lat' dir='ltr'><strong>prostrati,</strong></span> <span class='ocrx_word' id='word_1_47' title='bbox 1287 957 1344 1004; x_wconf 84' lang='lat' dir='ltr'><strong>et</strong></span> <span class='ocrx_word' id='word_1_48' title='bbox 1385 947 1528 1002; x_wconf 80' lang='lat' dir='ltr'><strong>facta</strong></span> <span class='ocrx_word' id='word_1_49' title='bbox 1551 946 1700 1002; x_wconf 91' lang='lat' dir='ltr'><strong>brevi</strong></span> <span class='ocrx_word' id='word_1_50' title='bbox 1737 946 1880 1000; x_wconf 90' lang='lat' dir='ltr'><strong>inter</strong></span> <span class='ocrx_word' id='word_1_51' title='bbox 1909 960 2081 1014; x_wconf 79' lang='lat' dir='ltr'><strong>genu-</strong></span> 
     </span>
    </p>
   </div>
   <div class='ocr_carea' id='block_1_10' title="bbox 2175 651 3735 734">
    <p class='ocr_par' dir='ltr' id='par_1_10' title="bbox 2175 651 3735 734">
     <span class='ocr_line' id='line_1_10' title="bbox 2175 651 3735 734; baseline -0.01 -16"><span class='ocrx_word' id='word_1_52' title='bbox 2175 665 2266 718; x_wconf 86' lang='grc' dir='ltr'><strong>τὸν</strong></span> <span class='ocrx_word' id='word_1_53' title='bbox 2297 663 2485 734; x_wconf 75' lang='grc' dir='ltr'>καιρὸν</span> <span class='ocrx_word' id='word_1_54' title='bbox 2514 661 2611 731; x_wconf 85' lang='grc' dir='ltr'><strong>τῆς</strong></span> <span class='ocrx_word' id='word_1_55' title='bbox 2639 657 2907 722; x_wconf 80' lang='grc' dir='ltr'>συνάξεως</span> <span class='ocrx_word' id='word_1_56' title='bbox 2925 697 2938 720; x_wconf 90' lang='grc'><strong>,</strong></span> <span class='ocrx_word' id='word_1_57' title='bbox 2971 653 3130 726; x_wconf 80' lang='grc' dir='ltr'>ἡνίκα</span> <span class='ocrx_word' id='word_1_58' title='bbox 3157 651 3409 722; x_wconf 78' lang='grc' dir='ltr'><strong>τελειωθῇ</strong></span> <span class='ocrx_word' id='word_1_59' title='bbox 3445 651 3473 703; x_wconf 88' lang='grc' dir='ltr'>ὁ</span> <span class='ocrx_word' id='word_1_60' title='bbox 3503 651 3735 720; x_wconf 81' lang='grc' dir='ltr'>ψαλμδς,</span> 
     </span>
    </p>
   </div>
   <div class='ocr_carea' id='block_1_11' title="bbox 2176 740 3739 826">
    <p class='ocr_par' dir='ltr' id='par_1_11' title="bbox 2176 740 3739 826">
     <span class='ocr_line' id='line_1_11' title="bbox 2176 740 3739 826; baseline -0.008 -18"><span class='ocrx_word' id='word_1_61' title='bbox 2176 756 2234 808; x_wconf 84' lang='grc' dir='ltr'><strong>οὐ</strong></span> <span class='ocrx_word' id='word_1_62' title='bbox 2261 753 2598 826; x_wconf 82' lang='grc' dir='ltr'>παραχρῆμα</span> <span class='ocrx_word' id='word_1_63' title='bbox 2628 750 2762 822; x_wconf 76' lang='grc' dir='ltr'>πρὸς</span> <span class='ocrx_word' id='word_1_64' title='bbox 2789 744 3130 818; x_wconf 86' lang='grc' dir='ltr'>γονυκλισίαν</span> <span class='ocrx_word' id='word_1_65' title='bbox 3163 741 3420 814; x_wconf 85' lang='grc' dir='ltr'>ὁρμῶσιν,</span> <span class='ocrx_word' id='word_1_66' title='bbox 3443 740 3578 795; x_wconf 81' lang='grc' dir='ltr'>ἀλλὰ</span> <span class='ocrx_word' id='word_1_67' title='bbox 3607 741 3739 812; x_wconf 75' lang='grc' dir='ltr'>πρὶν</span> 
     </span>
    </p>
   </div>
   <div class='ocr_carea' id='block_1_12' title="bbox 2179 831 3740 917">
    <p class='ocr_par' dir='ltr' id='par_1_12' title="bbox 2179 831 3740 917">
     <span class='ocr_line' id='line_1_12' title="bbox 2179 831 3740 917; baseline -0.011 -17"><span class='ocrx_word' id='word_1_68' title='bbox 2179 847 2212 917; x_wconf 84' lang='grc' dir='ltr'>ἣ</span> <span class='ocrx_word' id='word_1_69' title='bbox 2237 846 2307 899; x_wconf 71' lang='grc' dir='ltr'>τὰ</span> <span class='ocrx_word' id='word_1_70' title='bbox 2338 846 2535 914; x_wconf 89' lang='grc' dir='ltr'>γόνατα</span> <span class='ocrx_word' id='word_1_71' title='bbox 2563 842 2798 912; x_wconf 79' lang='grc' dir='ltr'>κάμψαι,</span> <span class='ocrx_word' id='word_1_72' title='bbox 2835 837 2968 909; x_wconf 77' lang='grc' dir='ltr'>πρὸς</span> <span class='ocrx_word' id='word_1_73' title='bbox 2991 835 3168 904; x_wconf 78' lang='grc' dir='ltr'>ὀλίγον</span> <span class='ocrx_word' id='word_1_74' title='bbox 3204 834 3496 904; x_wconf 82' lang='grc' dir='ltr'><strong>ἱστάμενοι,</strong></span> <span class='ocrx_word' id='word_1_75' title='bbox 3521 833 3614 884; x_wconf 73' lang='grc' dir='ltr'><strong>καὶ</strong></span> <span class='ocrx_word' id='word_1_76' title='bbox 3641 831 3740 896; x_wconf 74' lang='grc' dir='ltr'>τὰς</span> 
     </span>
    </p>
   </div>
   <div class='ocr_carea' id='block_1_13' title="bbox 2181 923 3740 1008">
    <p class='ocr_par' dir='ltr' id='par_1_13' title="bbox 2181 923 3740 1008">
     <span class='ocr_line' id='line_1_13' title="bbox 2181 923 3740 1008; baseline -0.01 -17"><span class='ocrx_word' id='word_1_77' title='bbox 2181 941 2365 1008; x_wconf 86' lang='grc' dir='ltr'>χεῖρας</span> <span class='ocrx_word' id='word_1_78' title='bbox 2421 933 2781 1004; x_wconf 82' lang='grc' dir='ltr'>ὲκτεταμένας</span> <span class='ocrx_word' id='word_1_79' title='bbox 2824 929 3068 999; x_wconf 78' lang='grc' dir='ltr'>ἔχοντες,</span> <span class='ocrx_word' id='word_1_80' title='bbox 3113 925 3390 996; x_wconf 78' lang='grc' dir='ltr'><strong>εὔχονται⁸</strong></span> <span class='ocrx_word' id='word_1_81' title='bbox 3453 923 3546 978; x_wconf 74' lang='grc' dir='ltr'>καὶ</span> <span class='ocrx_word' id='word_1_82' title='bbox 3607 923 3740 994; x_wconf 82' lang='grc' dir='ltr'><strong>μετά</strong></span> 
     </span>
    </p>
   </div>
   <div class='ocr_carea' id='block_1_14' title="bbox 512 1015 2108 1112">
    <p class='ocr_par' dir='ltr' id='par_1_14' title="bbox 512 1041 2081 1112">
     <span class='ocr_line' id='line_1_14' title="bbox 512 1041 2081 1112; baseline -0.004 -15"><span class='ocrx_word' id='word_1_83' title='bbox 512 1041 838 1098; x_wconf 71' lang='lat' dir='ltr'><strong>flectendum</strong></span> <span class='ocrx_word' id='word_1_84' title='bbox 855 1043 1120 1108; x_wconf 88' lang='lat' dir='ltr'><strong>oratione,</strong></span> <span class='ocrx_word' id='word_1_85' title='bbox 1152 1057 1260 1096; x_wconf 93' lang='lat' dir='ltr'><strong>una</strong></span> <span class='ocrx_word' id='word_1_86' title='bbox 1289 1048 1522 1112; x_wconf 80' lang='lat' dir='ltr'><strong>surgunt</strong></span> <span class='ocrx_word' id='word_1_87' title='bbox 1534 1055 1725 1096; x_wconf 89' lang='lat' dir='ltr'><strong>omnes</strong></span> <span class='ocrx_word' id='word_1_88' title='bbox 1743 1055 1758 1090; x_wconf 90' lang='lat'><strong>:</strong></span> <span class='ocrx_word' id='word_1_89' title='bbox 1776 1053 1839 1093; x_wconf 88' lang='lat' dir='ltr'><strong>ac</strong></span> <span class='ocrx_word' id='word_1_90' title='bbox 1865 1052 2081 1092; x_wconf 85' lang='lat' dir='ltr'><strong>rursum</strong></span> 
     </span>
    </p>
   </div>
   <div class='ocr_carea' id='block_1_15' title="bbox 2208 1015 3742 1112">
    <p class='ocr_par' dir='ltr' id='par_1_15' title="bbox 2208 1015 3742 1098">
     <span class='ocr_line' id='line_1_15' title="bbox 2208 1015 3742 1098; baseline -0.008 -17"><span class='ocrx_word' id='word_1_91' title='bbox 2208 1027 2356 1082; x_wconf 56' lang='grc' dir='ltr'>λαῦτα</span> <span class='ocrx_word' id='word_1_92' title='bbox 2383 1027 2556 1098; x_wconf 72' lang='grc' dir='ltr'>χαμαὶ</span> <span class='ocrx_word' id='word_1_93' title='bbox 2585 1023 3014 1095; x_wconf 78' lang='grc' dir='ltr'>προσπίπτοντες</span> <span class='ocrx_word' id='word_1_94' title='bbox 3039 1057 3053 1081; x_wconf 93' lang='grc'><strong>,</strong></span> <span class='ocrx_word' id='word_1_95' title='bbox 3093 1017 3185 1070; x_wconf 79' lang='grc' dir='ltr'><strong>καὶ</strong></span> <span class='ocrx_word' id='word_1_96' title='bbox 3213 1017 3346 1088; x_wconf 78' lang='grc' dir='ltr'>πρὸς</span> <span class='ocrx_word' id='word_1_97' title='bbox 3373 1015 3552 1084; x_wconf 86' lang='grc' dir='ltr'>ὀλίγον</span> <span class='ocrx_word' id='word_1_98' title='bbox 3583 1015 3742 1068; x_wconf 79' lang='grc' dir='ltr'>πάλιν</span> 
     </span>
    </p>
   </div>
   <div class='ocr_carea' id='block_1_16' title="bbox 513 1131 2085 1205">
    <p class='ocr_par' dir='ltr' id='par_1_16' title="bbox 513 1131 2085 1205">
     <span class='ocr_line' id='line_1_16' title="bbox 513 1131 2085 1205; baseline -0.004 -17"><span class='ocrx_word' id='word_1_99' title='bbox 513 1134 776 1205; x_wconf 70' lang='lat' dir='ltr'><strong>expansis</strong></span> <span class='ocrx_word' id='word_1_100' title='bbox 793 1134 1043 1190; x_wconf 87' lang='lat' dir='ltr'><strong>manibus</strong></span> <span class='ocrx_word' id='word_1_101' title='bbox 1065 1134 1270 1190; x_wconf 88' lang='lat' dir='ltr'><strong>diutius</strong></span> <span class='ocrx_word' id='word_1_102' title='bbox 1301 1144 1461 1204; x_wconf 88' lang='lat' dir='ltr'><strong>atque</strong></span> <span class='ocrx_word' id='word_1_103' title='bbox 1489 1131 1786 1188; x_wconf 80' lang='lat' dir='ltr'><strong>ferventius</strong></span> <span class='ocrx_word' id='word_1_104' title='bbox 1813 1131 2085 1201; x_wconf 84' lang='lat' dir='ltr'><strong>supplica-</strong></span> 
     </span>
    </p>
   </div>
   <div class='ocr_carea' id='block_1_17' title="bbox 513 1225 2088 1296">
    <p class='ocr_par' dir='ltr' id='par_1_17' title="bbox 513 1225 2088 1296">
     <span class='ocr_line' id='line_1_17' title="bbox 513 1225 2088 1296; baseline -0.002 -19"><span class='ocrx_word' id='word_1_105' title='bbox 513 1225 693 1280; x_wconf 89' lang='lat' dir='ltr'><strong>tiones</strong></span> <span class='ocrx_word' id='word_1_106' title='bbox 712 1225 1048 1294; x_wconf 87' lang='lat' dir='ltr'><strong>persolvunt,</strong></span> <span class='ocrx_word' id='word_1_107' title='bbox 1063 1225 1278 1295; x_wconf 81' lang='lat' dir='ltr'><strong>nemine</strong></span> <span class='ocrx_word' id='word_1_108' title='bbox 1290 1225 1700 1296; x_wconf 82' lang='lat' dir='ltr'><strong>genuﬂectenle,</strong></span> <span class='ocrx_word' id='word_1_109' title='bbox 1726 1231 1818 1278; x_wconf 87' lang='lat' dir='ltr'><strong>aut</strong></span> <span class='ocrx_word' id='word_1_110' title='bbox 1841 1238 1902 1278; x_wconf 79' lang='lat' dir='ltr'><strong>ex</strong></span> <span class='ocrx_word' id='word_1_111' title='bbox 1920 1237 2088 1293; x_wconf 89' lang='lat' dir='ltr'><strong>genu-</strong></span> 
     </span>
    </p>
   </div>
   <div class='ocr_carea' id='block_1_18' title="bbox 517 1314 2084 1388">
    <p class='ocr_par' dir='ltr' id='par_1_18' title="bbox 517 1314 2084 1388">
     <span class='ocr_line' id='line_1_18' title="bbox 517 1314 2084 1388; baseline -0.003 -18"><span class='ocrx_word' id='word_1_112' title='bbox 517 1314 748 1372; x_wconf 74' lang='lat' dir='ltr'><strong>ﬂexione</strong></span> <span class='ocrx_word' id='word_1_113' title='bbox 761 1331 885 1372; x_wconf 87' lang='lat' dir='ltr'><strong>sese</strong></span> <span class='ocrx_word' id='word_1_114' title='bbox 899 1316 1164 1388; x_wconf 82' lang='lat' dir='ltr'><strong>erigente.</strong></span> <span class='ocrx_word' id='word_1_115' title='bbox 1181 1315 1353 1372; x_wconf 87' lang='lat' dir='ltr'><strong>donec</strong></span> <span class='ocrx_word' id='word_1_116' title='bbox 1372 1317 1418 1371; x_wconf 88' lang='lat' dir='ltr'><strong>is</strong></span> <span class='ocrx_word' id='word_1_117' title='bbox 1439 1316 1532 1388; x_wconf 87' lang='lat' dir='ltr'><strong>qui</strong></span> <span class='ocrx_word' id='word_1_118' title='bbox 1561 1316 1860 1370; x_wconf 89' lang='lat' dir='ltr'><strong>orationem</strong></span> <span class='ocrx_word' id='word_1_119' title='bbox 1874 1314 2084 1378; x_wconf 89' lang='lat' dir='ltr'><strong>recitat,</strong></span> 
     </span>
    </p>
   </div>
   <div class='ocr_carea' id='block_1_19' title="bbox 517 1401 2089 1479">
    <p class='ocr_par' dir='ltr' id='par_1_19' title="bbox 517 1401 2089 1479">
     <span class='ocr_line' id='line_1_19' title="bbox 517 1401 2089 1479; baseline -0.003 -18"><span class='ocrx_word' id='word_1_120' title='bbox 517 1409 672 1478; x_wconf 86' lang='lat' dir='ltr'><strong>prior</strong></span> <span class='ocrx_word' id='word_1_121' title='bbox 685 1407 1033 1478; x_wconf 81' lang='lat' dir='ltr'><strong>genuﬂexerit</strong></span> <span class='ocrx_word' id='word_1_122' title='bbox 1055 1415 1148 1462; x_wconf 89' lang='lat' dir='ltr'><strong>aut</strong></span> <span class='ocrx_word' id='word_1_123' title='bbox 1169 1409 1318 1479; x_wconf 87' lang='lat' dir='ltr'><strong>prior</strong></span> <span class='ocrx_word' id='word_1_124' title='bbox 1339 1407 1640 1462; x_wconf 81' lang='lat' dir='ltr'><strong>surrexerit</strong></span> <span class='ocrx_word' id='word_1_125' title='bbox 1657 1405 1786 1478; x_wconf 68' lang='lat'><strong>(40).</strong></span> <span class='ocrx_word' id='word_1_126' title='bbox 1806 1401 1974 1459; x_wconf 88' lang='lat' dir='ltr'><strong>Prout</strong></span> <span class='ocrx_word' id='word_1_127' title='bbox 1991 1405 2089 1458; x_wconf 83' lang='lat' dir='ltr'><strong>ita-</strong></span> 
     </span>
    </p>
   </div>
   <div class='ocr_carea' id='block_1_20' title="bbox 516 1499 2092 1572">
    <p class='ocr_par' dir='ltr' id='par_1_20' title="bbox 516 1499 2092 1572">
     <span class='ocr_line' id='line_1_20' title="bbox 516 1499 2092 1572; baseline -0.001 -18"><span class='ocrx_word' id='word_1_128' title='bbox 516 1517 623 1570; x_wconf 84' lang='lat' dir='ltr'><strong>que</strong></span> <span class='ocrx_word' id='word_1_129' title='bbox 637 1499 842 1556; x_wconf 91' lang='lat' dir='ltr'><strong>dictum</strong></span> <span class='ocrx_word' id='word_1_130' title='bbox 862 1511 963 1566; x_wconf 87' lang='lat' dir='ltr'><strong>est,</strong></span> <span class='ocrx_word' id='word_1_131' title='bbox 979 1517 1100 1558; x_wconf 92' lang='lat' dir='ltr'><strong>cum</strong></span> <span class='ocrx_word' id='word_1_132' title='bbox 1123 1501 1387 1572; x_wconf 88' lang='lat' dir='ltr'><strong>ejusmodi</strong></span> <span class='ocrx_word' id='word_1_133' title='bbox 1411 1503 1694 1572; x_wconf 78' lang='lat' dir='ltr'><strong>synaxium</strong></span> <span class='ocrx_word' id='word_1_134' title='bbox 1715 1514 1878 1554; x_wconf 89' lang='lat' dir='ltr'><strong>causa</strong></span> <span class='ocrx_word' id='word_1_135' title='bbox 1896 1513 2092 1552; x_wconf 86' lang='lat' dir='ltr'><strong>conve-</strong></span> 
     </span>
    </p>
   </div>
   <div class='ocr_carea' id='block_1_21' title="bbox 519 1589 2092 1659">
    <p class='ocr_par' dir='ltr' id='par_1_21' title="bbox 519 1589 2092 1659">
     <span class='ocr_line' id='line_1_21' title="bbox 519 1589 2092 1659; baseline -0.004 -11"><span class='ocrx_word' id='word_1_136' title='bbox 519 1595 696 1659; x_wconf 82' lang='lat' dir='ltr'><strong>nium,</strong></span> <span class='ocrx_word' id='word_1_137' title='bbox 715 1601 924 1650; x_wconf 90' lang='lat' dir='ltr'><strong>tantum</strong></span> <span class='ocrx_word' id='word_1_138' title='bbox 964 1595 1033 1650; x_wconf 88' lang='lat' dir='ltr'><strong>ab</strong></span> <span class='ocrx_word' id='word_1_139' title='bbox 1060 1595 1314 1651; x_wconf 88' lang='lat' dir='ltr'><strong>omnibus</strong></span> <span class='ocrx_word' id='word_1_140' title='bbox 1347 1600 1596 1650; x_wconf 83' lang='lat' dir='ltr'><strong>servatur</strong></span> <span class='ocrx_word' id='word_1_141' title='bbox 1616 1591 1912 1654; x_wconf 90' lang='lat' dir='ltr'><strong>silentium,</strong></span> <span class='ocrx_word' id='word_1_142' title='bbox 1943 1597 2002 1643; x_wconf 91' lang='lat' dir='ltr'><strong>ut</strong></span> <span class='ocrx_word' id='word_1_143' title='bbox 2036 1589 2092 1642; x_wconf 93' lang='lat' dir='ltr'><strong>in</strong></span> 
     </span>
    </p>
   </div>
   <div class='ocr_carea' id='block_1_22' title="bbox 523 1680 2093 1756">
    <p class='ocr_par' dir='ltr' id='par_1_22' title="bbox 523 1680 2093 1756">
     <span class='ocr_line' id='line_1_22' title="bbox 523 1680 2093 1756; baseline -0.004 -16"><span class='ocrx_word' id='word_1_144' title='bbox 523 1696 677 1741; x_wconf 87' lang='lat' dir='ltr'><strong>tanto</strong></span> <span class='ocrx_word' id='word_1_145' title='bbox 703 1693 756 1741; x_wconf 91' lang='lat' dir='ltr'><strong>et</strong></span> <span class='ocrx_word' id='word_1_146' title='bbox 772 1702 908 1756; x_wconf 86' lang='lat' dir='ltr'><strong>pene</strong></span> <span class='ocrx_word' id='word_1_147' title='bbox 927 1687 1307 1742; x_wconf 86' lang='lat' dir='ltr'><strong>innumerabili</strong></span> <span class='ocrx_word' id='word_1_148' title='bbox 1328 1694 1492 1749; x_wconf 65' lang='lat' dir='ltr'><strong>caatu,</strong></span> <span class='ocrx_word' id='word_1_149' title='bbox 1515 1683 1782 1740; x_wconf 89' lang='lat' dir='ltr'><strong>neminem</strong></span> <span class='ocrx_word' id='word_1_150' title='bbox 1803 1680 1994 1736; x_wconf 88' lang='lat' dir='ltr'><strong>adesse</strong></span> <span class='ocrx_word' id='word_1_151' title='bbox 2012 1682 2093 1734; x_wconf 78' lang='lat' dir='ltr'><strong>vi-</strong></span> 
     </span>
    </p>
   </div>
   <div class='ocr_carea' id='block_1_23' title="bbox 486 1775 2093 1850">
    <p class='ocr_par' dir='ltr' id='par_1_23' title="bbox 486 1775 2093 1850">
     <span class='ocr_line' id='line_1_23' title="bbox 486 1775 2093 1850; baseline -0.002 -22"><span class='ocrx_word' id='word_1_152' title='bbox 486 1813 502 1828; x_wconf 76' lang='lat'><strong>.</strong></span> <span class='ocrx_word' id='word_1_153' title='bbox 525 1778 757 1845; x_wconf 68' lang='lat' dir='ltr'><strong>deatur;</strong></span> <span class='ocrx_word' id='word_1_154' title='bbox 785 1778 1168 1850; x_wconf 81' lang='lat' dir='ltr'><strong>potissimuum</strong></span> <span class='ocrx_word' id='word_1_155' title='bbox 1197 1793 1327 1835; x_wconf 89' lang='lat' dir='ltr'><strong>vero</strong></span> <span class='ocrx_word' id='word_1_156' title='bbox 1361 1790 1600 1848; x_wconf 88' lang='lat' dir='ltr'><strong>tempore</strong></span> <span class='ocrx_word' id='word_1_157' title='bbox 1635 1775 1964 1837; x_wconf 81' lang='lat' dir='ltr'><strong>orationum,</strong></span> <span class='ocrx_word' id='word_1_158' title='bbox 1985 1786 2093 1842; x_wconf 90' lang='lat' dir='ltr'><strong>quo</strong></span> 
     </span>
    </p>
   </div>
   <div class='ocr_carea' id='block_1_24' title="bbox 527 1865 2096 1941">
    <p class='ocr_par' dir='ltr' id='par_1_24' title="bbox 527 1865 2096 1941">
     <span class='ocr_line' id='line_1_24' title="bbox 527 1865 2096 1941; baseline -0.006 -16"><span class='ocrx_word' id='word_1_159' title='bbox 527 1886 706 1941; x_wconf 89' lang='lat' dir='ltr'><strong>neque</strong></span> <span class='ocrx_word' id='word_1_160' title='bbox 724 1881 940 1941; x_wconf 87' lang='lat' dir='ltr'><strong>sputum</strong></span> <span class='ocrx_word' id='word_1_161' title='bbox 957 1872 1240 1936; x_wconf 86' lang='lat' dir='ltr'><strong>emittitur,</strong></span> <span class='ocrx_word' id='word_1_162' title='bbox 1257 1886 1432 1941; x_wconf 87' lang='lat' dir='ltr'><strong>neque</strong></span> <span class='ocrx_word' id='word_1_163' title='bbox 1453 1869 1622 1926; x_wconf 91' lang='lat' dir='ltr'><strong>tussis</strong></span> <span class='ocrx_word' id='word_1_164' title='bbox 1638 1868 1884 1923; x_wconf 89' lang='lat' dir='ltr'><strong>auditur:</strong></span> <span class='ocrx_word' id='word_1_165' title='bbox 1903 1881 2011 1921; x_wconf 86' lang='lat' dir='ltr'><strong>non</strong></span> <span class='ocrx_word' id='word_1_166' title='bbox 2030 1865 2096 1918; x_wconf 82' lang='lat' dir='ltr'><strong>il-</strong></span> 
     </span>
    </p>
   </div>
   <div class='ocr_carea' id='block_1_25' title="bbox 2183 1106 3742 1192">
    <p class='ocr_par' dir='ltr' id='par_1_25' title="bbox 2183 1106 3742 1192">
     <span class='ocr_line' id='line_1_25' title="bbox 2183 1106 3742 1192; baseline -0.01 -20"><span class='ocrx_word' id='word_1_167' title='bbox 2183 1122 2240 1174; x_wconf 85' lang='grc' dir='ltr'>ὲν</span> <span class='ocrx_word' id='word_1_168' title='bbox 2271 1122 2336 1192; x_wconf 85' lang='grc' dir='ltr'><strong>τῇ</strong></span> <span class='ocrx_word' id='word_1_169' title='bbox 2361 1117 2674 1190; x_wconf 79' lang='grc' dir='ltr'>γονυκλισίᾳ</span> <span class='ocrx_word' id='word_1_170' title='bbox 2705 1115 2985 1187; x_wconf 78' lang='grc' dir='ltr'>εὐχόμενοι</span> <span class='ocrx_word' id='word_1_171' title='bbox 3010 1112 3226 1175; x_wconf 75' lang='grc' dir='ltr'>πάντες,</span> <span class='ocrx_word' id='word_1_172' title='bbox 3255 1113 3310 1162; x_wconf 82' lang='grc' dir='ltr'>ἐν</span> <span class='ocrx_word' id='word_1_173' title='bbox 3342 1108 3420 1180; x_wconf 85' lang='grc' dir='ltr'><strong>τῷ</strong></span> <span class='ocrx_word' id='word_1_174' title='bbox 3453 1108 3568 1179; x_wconf 72' lang='grc' dir='ltr'><strong>ἅμα</strong></span> <span class='ocrx_word' id='word_1_175' title='bbox 3600 1106 3742 1175; x_wconf 79' lang='grc' dir='ltr'>ἐγεί-</span> 
     </span>
    </p>
   </div>
   <div class='ocr_carea' id='block_1_26' title="bbox 2188 1202 3744 1286">
    <p class='ocr_par' dir='ltr' id='par_1_26' title="bbox 2188 1202 3744 1286">
     <span class='ocr_line' id='line_1_26' title="bbox 2188 1202 3744 1286; baseline -0.011 -19"><span class='ocrx_word' id='word_1_176' title='bbox 2188 1230 2370 1286; x_wconf 86' lang='grc' dir='ltr'>ρονται</span> <span class='ocrx_word' id='word_1_177' title='bbox 2391 1229 2403 1242; x_wconf 86' lang='lat'><strong><em>°</em></strong></span> <span class='ocrx_word' id='word_1_178' title='bbox 2431 1211 2526 1265; x_wconf 73' lang='grc' dir='ltr'><strong>καὶ</strong></span> <span class='ocrx_word' id='word_1_179' title='bbox 2554 1211 2713 1266; x_wconf 82' lang='grc' dir='ltr'>πάλιν</span> <span class='ocrx_word' id='word_1_180' title='bbox 2748 1210 2846 1274; x_wconf 69' lang='grc' dir='ltr'><strong>τὰς</strong></span> <span class='ocrx_word' id='word_1_181' title='bbox 2872 1211 3058 1280; x_wconf 86' lang='grc' dir='ltr'>χεῖρας</span> <span class='ocrx_word' id='word_1_182' title='bbox 3097 1203 3513 1265; x_wconf 75' lang='grc' dir='ltr'>διαπετάσαντες</span> <span class='ocrx_word' id='word_1_183' title='bbox 3534 1241 3548 1265; x_wconf 93' lang='grc'><strong>,</strong></span> <span class='ocrx_word' id='word_1_184' title='bbox 3592 1202 3744 1252; x_wconf 77' lang='grc' dir='ltr'>ἐκτε-</span> 
     </span>
    </p>
   </div>
   <div class='ocr_carea' id='block_1_27' title="bbox 2185 1289 3750 1376">
    <p class='ocr_par' dir='ltr' id='par_1_27' title="bbox 2185 1289 3750 1376">
     <span class='ocr_line' id='line_1_27' title="bbox 2185 1289 3750 1376; baseline -0.01 -19"><span class='ocrx_word' id='word_1_185' title='bbox 2185 1307 2435 1376; x_wconf 80' lang='grc' dir='ltr'>νέστερον</span> <span class='ocrx_word' id='word_1_186' title='bbox 2468 1305 2562 1357; x_wconf 69' lang='grc' dir='ltr'><strong>καὶ</strong></span> <span class='ocrx_word' id='word_1_187' title='bbox 2606 1301 3004 1372; x_wconf 80' lang='grc' dir='ltr'><strong>ἐπιτεταμένως</strong></span> <span class='ocrx_word' id='word_1_188' title='bbox 3029 1298 3126 1360; x_wconf 79' lang='grc' dir='ltr'>τὰς</span> <span class='ocrx_word' id='word_1_189' title='bbox 3159 1295 3364 1357; x_wconf 79' lang='grc' dir='ltr'>ἱκεσίας</span> <span class='ocrx_word' id='word_1_190' title='bbox 3406 1289 3750 1361; x_wconf 58' lang='grc' dir='ltr'>ἀποπληροῦν</span> 
     </span>
    </p>
   </div>
   <div class='ocr_carea' id='block_1_28' title="bbox 2191 1381 3748 1463">
    <p class='ocr_par' dir='ltr' id='par_1_28' title="bbox 2191 1381 3748 1463">
     <span class='ocr_line' id='line_1_28' title="bbox 2191 1381 3748 1463; baseline -0.012 -13"><span class='ocrx_word' id='word_1_191' title='bbox 2191 1414 2274 1450; x_wconf 89' lang='grc' dir='ltr'><strong>σιν</strong></span> <span class='ocrx_word' id='word_1_192' title='bbox 2297 1438 2312 1463; x_wconf 87' lang='grc'><strong>,</strong></span> <span class='ocrx_word' id='word_1_193' title='bbox 2345 1394 2558 1456; x_wconf 85' lang='grc' dir='ltr'>ούδενδς</span> <span class='ocrx_word' id='word_1_194' title='bbox 2589 1393 2716 1462; x_wconf 87' lang='grc' dir='ltr'>γόνυ</span> <span class='ocrx_word' id='word_1_195' title='bbox 2749 1390 3049 1454; x_wconf 75' lang='grc' dir='ltr'>κλίνοντος,</span> <span class='ocrx_word' id='word_1_196' title='bbox 3081 1388 3114 1460; x_wconf 75' lang='grc' dir='ltr'>ἢ</span> <span class='ocrx_word' id='word_1_197' title='bbox 3161 1389 3224 1440; x_wconf 77' lang='grc' dir='ltr'>ἐκ</span> <span class='ocrx_word' id='word_1_198' title='bbox 3267 1385 3365 1454; x_wconf 82' lang='grc' dir='ltr'><strong>τῆς</strong></span> <span class='ocrx_word' id='word_1_199' title='bbox 3408 1381 3748 1450; x_wconf 80' lang='grc' dir='ltr'>γονυκλισίας</span> 
     </span>
    </p>
   </div>
   <div class='ocr_carea' id='block_1_29' title="bbox 2190 1472 3750 1559">
    <p class='ocr_par' dir='ltr' id='par_1_29' title="bbox 2190 1472 3750 1559">
     <span class='ocr_line' id='line_1_29' title="bbox 2190 1472 3750 1559; baseline -0.013 -16"><span class='ocrx_word' id='word_1_200' title='bbox 2190 1487 2568 1559; x_wconf 82' lang='grc' dir='ltr'>ἀνισταμένου,</span> <span class='ocrx_word' id='word_1_201' title='bbox 2589 1485 2692 1548; x_wconf 78' lang='grc' dir='ltr'>ἓως</span> <span class='ocrx_word' id='word_1_202' title='bbox 2719 1484 2784 1538; x_wconf 85' lang='grc' dir='ltr'><strong>ἂν</strong></span> <span class='ocrx_word' id='word_1_203' title='bbox 2815 1484 2843 1536; x_wconf 85' lang='grc' dir='ltr'><strong>ό</strong></span> <span class='ocrx_word' id='word_1_204' title='bbox 2866 1482 3031 1535; x_wconf 85' lang='grc' dir='ltr'>ποιῶν</span> <span class='ocrx_word' id='word_1_205' title='bbox 3057 1481 3237 1542; x_wconf 81' lang='grc' dir='ltr'>αὐτοῖς</span> <span class='ocrx_word' id='word_1_206' title='bbox 3261 1477 3358 1548; x_wconf 82' lang='grc' dir='ltr'><strong>τὴν</strong></span> <span class='ocrx_word' id='word_1_207' title='bbox 3382 1475 3566 1546; x_wconf 74' lang='grc' dir='ltr'>εὐχὴν,</span> <span class='ocrx_word' id='word_1_208' title='bbox 3598 1472 3750 1543; x_wconf 78' lang='grc' dir='ltr'>κλίνῃ</span> 
     </span>
    </p>
   </div>
   <div class='ocr_carea' id='block_1_30' title="bbox 2191 1566 3750 1653">
    <p class='ocr_par' dir='ltr' id='par_1_30' title="bbox 2191 1566 3750 1653">
     <span class='ocr_line' id='line_1_30' title="bbox 2191 1566 3750 1653; baseline -0.012 -19"><span class='ocrx_word' id='word_1_209' title='bbox 2191 1580 2426 1653; x_wconf 87' lang='grc' dir='ltr'>πρῶτος,</span> <span class='ocrx_word' id='word_1_210' title='bbox 2453 1577 2486 1650; x_wconf 78' lang='grc' dir='ltr'>ἢ</span> <span class='ocrx_word' id='word_1_211' title='bbox 2512 1579 2717 1648; x_wconf 79' lang='grc' dir='ltr'>ἀναστῇ</span> <span class='ocrx_word' id='word_1_212' title='bbox 2747 1575 2975 1648; x_wconf 84' lang='grc' dir='ltr'>πρῶτος.</span> <span class='ocrx_word' id='word_1_213' title='bbox 3008 1570 3166 1626; x_wconf 79' lang='grc' dir='ltr'>Καθὰ</span> <span class='ocrx_word' id='word_1_214' title='bbox 3189 1570 3364 1622; x_wconf 80' lang='grc' dir='ltr'>τοίνυν</span> <span class='ocrx_word' id='word_1_215' title='bbox 3398 1567 3634 1638; x_wconf 79' lang='grc' dir='ltr'>εἴρηται,</span> <span class='ocrx_word' id='word_1_216' title='bbox 3666 1566 3750 1618; x_wconf 77' lang='grc' dir='ltr'>ὅτε</span> 
     </span>
    </p>
   </div>
   <div class='ocr_carea' id='block_1_31' title="bbox 2193 1658 3751 1740">
    <p class='ocr_par' dir='ltr' id='par_1_31' title="bbox 2193 1658 3751 1740">
     <span class='ocr_line' id='line_1_31' title="bbox 2193 1658 3751 1740; baseline -0.012 -13"><span class='ocrx_word' id='word_1_217' title='bbox 2193 1674 2291 1737; x_wconf 68' lang='grc' dir='ltr'>τὰς</span> <span class='ocrx_word' id='word_1_218' title='bbox 2331 1669 2732 1740; x_wconf 77' lang='grc' dir='ltr'>προειρημένας</span> <span class='ocrx_word' id='word_1_219' title='bbox 2763 1665 3008 1730; x_wconf 79' lang='grc' dir='ltr'>συνάξεις</span> <span class='ocrx_word' id='word_1_220' title='bbox 3049 1663 3356 1718; x_wconf 80' lang='grc' dir='ltr'>ἐπιτελέσαι</span> <span class='ocrx_word' id='word_1_221' title='bbox 3385 1658 3751 1730; x_wconf 77' lang='grc' dir='ltr'>συνέρχονται,</span> 
     </span>
    </p>
   </div>
   <div class='ocr_carea' id='block_1_32' title="bbox 2196 1747 3758 1834">
    <p class='ocr_par' dir='ltr' id='par_1_32' title="bbox 2196 1747 3758 1834">
     <span class='ocr_line' id='line_1_32' title="bbox 2196 1747 3758 1834; baseline -0.013 -17"><span class='ocrx_word' id='word_1_222' title='bbox 2196 1761 2372 1834; x_wconf 82' lang='grc' dir='ltr'>σιωπὴ</span> <span class='ocrx_word' id='word_1_223' title='bbox 2401 1759 2633 1830; x_wconf 79' lang='grc' dir='ltr'>τοσαύτη</span> <span class='ocrx_word' id='word_1_224' title='bbox 2663 1755 2958 1828; x_wconf 79' lang='grc' dir='ltr'>παρέχεται</span> <span class='ocrx_word' id='word_1_225' title='bbox 2991 1755 3096 1808; x_wconf 81' lang='grc' dir='ltr'><strong>ὑπὸ</strong></span> <span class='ocrx_word' id='word_1_226' title='bbox 3131 1754 3364 1816; x_wconf 81' lang='grc' dir='ltr'>πάντων,</span> <span class='ocrx_word' id='word_1_227' title='bbox 3398 1750 3472 1814; x_wconf 84' lang='grc' dir='ltr'>ὡς</span> <span class='ocrx_word' id='word_1_228' title='bbox 3505 1747 3758 1818; x_wconf 84' lang='grc' dir='ltr'>νομισθῆ-</span> 
     </span>
    </p>
   </div>
   <div class='ocr_carea' id='block_1_33' title="bbox 2197 1836 3756 1926">
    <p class='ocr_par' dir='ltr' id='par_1_33' title="bbox 2197 1836 3756 1926">
     <span class='ocr_line' id='line_1_33' title="bbox 2197 1836 3756 1926; baseline -0.012 -18"><span class='ocrx_word' id='word_1_229' title='bbox 2197 1873 2284 1908; x_wconf 91' lang='grc' dir='ltr'><strong>ναι</strong></span> <span class='ocrx_word' id='word_1_230' title='bbox 2326 1851 2528 1926; x_wconf 78' lang='grc' dir='ltr'>μηδένα</span> <span class='ocrx_word' id='word_1_231' title='bbox 2569 1849 2850 1920; x_wconf 79' lang='grc' dir='ltr'>ἄνθρωπον</span> <span class='ocrx_word' id='word_1_232' title='bbox 2895 1849 2954 1902; x_wconf 81' lang='grc' dir='ltr'><strong>ἐν</strong></span> <span class='ocrx_word' id='word_1_233' title='bbox 2995 1849 3060 1917; x_wconf 85' lang='grc' dir='ltr'><strong>τῇ</strong></span> <span class='ocrx_word' id='word_1_234' title='bbox 3105 1843 3336 1913; x_wconf 81' lang='grc' dir='ltr'>τοσαύτῃ</span> <span class='ocrx_word' id='word_1_235' title='bbox 3382 1840 3487 1892; x_wconf 86' lang='grc' dir='ltr'><strong>τῶν</strong></span> <span class='ocrx_word' id='word_1_236' title='bbox 3519 1836 3756 1905; x_wconf 80' lang='grc' dir='ltr'>ἀδελφῶν</span> 
     </span>
    </p>
   </div>
   <div class='ocr_carea' id='block_1_34' title="bbox 527 1924 2108 2031">
    <p class='ocr_par' dir='ltr' id='par_1_34' title="bbox 527 1957 2092 2031">
     <span class='ocr_line' id='line_1_34' title="bbox 527 1957 2092 2031; baseline -0.003 -18"><span class='ocrx_word' id='word_1_237' title='bbox 527 1959 600 2014; x_wconf 85' lang='lat' dir='ltr'><strong>lic</strong></span> <span class='ocrx_word' id='word_1_238' title='bbox 615 1959 1092 2031; x_wconf 70' lang='lat' dir='ltr'><strong>pigritiazsignum,</strong></span> <span class='ocrx_word' id='word_1_239' title='bbox 1105 1975 1212 2015; x_wconf 91' lang='lat' dir='ltr'><strong>non</strong></span> <span class='ocrx_word' id='word_1_240' title='bbox 1225 1960 1557 2026; x_wconf 88' lang='lat' dir='ltr'><strong>dormitatio,</strong></span> <span class='ocrx_word' id='word_1_241' title='bbox 1571 1974 1680 2014; x_wconf 93' lang='lat' dir='ltr'><strong>non</strong></span> <span class='ocrx_word' id='word_1_242' title='bbox 1695 1957 1968 2020; x_wconf 86' lang='lat' dir='ltr'><strong>oscitatio,</strong></span> <span class='ocrx_word' id='word_1_243' title='bbox 1984 1971 2092 2009; x_wconf 92' lang='lat' dir='ltr'><strong>non</strong></span> 
     </span>
    </p>
   </div>
   <div class='ocr_carea' id='block_1_35' title="bbox 2208 1924 3756 2031">
    <p class='ocr_par' dir='ltr' id='par_1_35' title="bbox 2208 1924 3756 2016">
     <span class='ocr_line' id='line_1_35' title="bbox 2208 1924 3756 2016; baseline -0.014 -16"><span class='ocrx_word' id='word_1_244' title='bbox 2208 1924 2549 2016; x_wconf 65' lang='grc' dir='ltr'>ἀναριθμήτῳ</span> <span class='ocrx_word' id='word_1_245' title='bbox 2575 1940 2772 2013; x_wconf 86' lang='grc' dir='ltr'>πληθύῖ</span> <span class='ocrx_word' id='word_1_246' title='bbox 2796 1940 3065 2011; x_wconf 89' lang='grc' dir='ltr'>παρεῖναι,</span> <span class='ocrx_word' id='word_1_247' title='bbox 3087 1933 3376 2005; x_wconf 80' lang='grc' dir='ltr'>ἐξαιρέτως</span> <span class='ocrx_word' id='word_1_248' title='bbox 3401 1933 3456 1984; x_wconf 76' lang='grc' dir='ltr'>ἐν</span> <span class='ocrx_word' id='word_1_249' title='bbox 3477 1929 3554 2000; x_wconf 80' lang='grc' dir='ltr'><strong>τῷ</strong></span> <span class='ocrx_word' id='word_1_250' title='bbox 3583 1924 3756 1999; x_wconf 80' lang='grc' dir='ltr'>καιρῷ</span> 
     </span>
    </p>
   </div>
   <div class='ocr_carea' id='block_1_36' title="bbox 528 2049 2095 2123">
    <p class='ocr_par' dir='ltr' id='par_1_36' title="bbox 528 2049 2095 2123">
     <span class='ocr_line' id='line_1_36' title="bbox 528 2049 2095 2123; baseline -0.004 -15"><span class='ocrx_word' id='word_1_251' title='bbox 528 2054 762 2123; x_wconf 75' lang='lat' dir='ltr'><strong>gemitus</strong></span> <span class='ocrx_word' id='word_1_252' title='bbox 789 2066 912 2106; x_wconf 88' lang='lat' dir='ltr'><strong>cum</strong></span> <span class='ocrx_word' id='word_1_253' title='bbox 935 2067 1072 2108; x_wconf 91' lang='lat' dir='ltr'><strong>sono</strong></span> <span class='ocrx_word' id='word_1_254' title='bbox 1101 2052 1416 2108; x_wconf 84' lang='lat' dir='ltr'><strong>audiuntur.</strong></span> <span class='ocrx_word' id='word_1_255' title='bbox 1444 2050 1580 2106; x_wconf 86' lang='lat' dir='ltr'><strong>Eum</strong></span> <span class='ocrx_word' id='word_1_256' title='bbox 1601 2064 1836 2120; x_wconf 87' lang='lat' dir='ltr'><strong>namque</strong></span> <span class='ocrx_word' id='word_1_257' title='bbox 1865 2049 1955 2118; x_wconf 88' lang='lat' dir='ltr'><strong>qui</strong></span> <span class='ocrx_word' id='word_1_258' title='bbox 1983 2061 2095 2117; x_wconf 66' lang='lat' dir='ltr'><strong>pm</strong></span> 
     </span>
    </p>
   </div>
   <div class='ocr_carea' id='block_1_37' title="bbox 529 2143 2092 2210">
    <p class='ocr_par' dir='ltr' id='par_1_37' title="bbox 529 2143 2092 2210">
     <span class='ocr_line' id='line_1_37' title="bbox 529 2143 2092 2210; baseline -0.004 -10"><span class='ocrx_word' id='word_1_259' title='bbox 529 2158 736 2200; x_wconf 82' lang='lat' dir='ltr'><strong>nausea</strong></span> <span class='ocrx_word' id='word_1_260' title='bbox 781 2152 836 2202; x_wconf 90' lang='lat' dir='ltr'><strong>et</strong></span> <span class='ocrx_word' id='word_1_261' title='bbox 876 2145 1046 2200; x_wconf 89' lang='lat' dir='ltr'><strong>animi</strong></span> <span class='ocrx_word' id='word_1_262' title='bbox 1104 2145 1331 2200; x_wconf 81' lang='lat' dir='ltr'><strong>mollitie</strong></span> <span class='ocrx_word' id='word_1_263' title='bbox 1377 2159 1502 2199; x_wconf 91' lang='lat' dir='ltr'><strong>cum</strong></span> <span class='ocrx_word' id='word_1_264' title='bbox 1548 2143 1786 2198; x_wconf 88' lang='lat' dir='ltr'><strong>clamore</strong></span> <span class='ocrx_word' id='word_1_265' title='bbox 1816 2147 2092 2210; x_wconf 83' lang='lat' dir='ltr'><strong>precatur,</strong></span> 
     </span>
    </p>
   </div>
   <div class='ocr_carea' id='block_1_38' title="bbox 529 2229 2098 2305">
    <p class='ocr_par' dir='ltr' id='par_1_38' title="bbox 529 2229 2098 2305">
     <span class='ocr_line' id='line_1_38' title="bbox 529 2229 2098 2305; baseline -0.003 -18"><span class='ocrx_word' id='word_1_266' title='bbox 529 2233 684 2288; x_wconf 88' lang='lat' dir='ltr'><strong>aiunt</strong></span> <span class='ocrx_word' id='word_1_267' title='bbox 732 2233 1022 2304; x_wconf 80' lang='lat' dir='ltr'><strong>dupliciter</strong></span> <span class='ocrx_word' id='word_1_268' title='bbox 1073 2249 1340 2305; x_wconf 84' lang='lat' dir='ltr'><strong>peccare;</strong></span> <span class='ocrx_word' id='word_1_269' title='bbox 1395 2233 1604 2304; x_wconf 86' lang='lat' dir='ltr'><strong>primo,</strong></span> <span class='ocrx_word' id='word_1_270' title='bbox 1659 2230 1806 2302; x_wconf 88' lang='lat' dir='ltr'><strong>quod</strong></span> <span class='ocrx_word' id='word_1_271' title='bbox 1861 2229 2098 2300; x_wconf 84' lang='lat' dir='ltr'><strong>segniter</strong></span> 
     </span>
    </p>
   </div>
   <div class='ocr_carea' id='block_1_39' title="bbox 531 2324 2098 2398">
    <p class='ocr_par' dir='ltr' id='par_1_39' title="bbox 531 2324 2098 2398">
     <span class='ocr_line' id='line_1_39' title="bbox 531 2324 2098 2398; baseline -0.005 -16"><span class='ocrx_word' id='word_1_272' title='bbox 531 2335 686 2395; x_wconf 90' lang='lat' dir='ltr'><strong>oret;</strong></span> <span class='ocrx_word' id='word_1_273' title='bbox 745 2327 1008 2392; x_wconf 88' lang='lat' dir='ltr'><strong>secundo,</strong></span> <span class='ocrx_word' id='word_1_274' title='bbox 1044 2327 1190 2398; x_wconf 84' lang='lat' dir='ltr'><strong>quod</strong></span> <span class='ocrx_word' id='word_1_275' title='bbox 1229 2326 1637 2396; x_wconf 72' lang='lat' dir='ltr'><strong>ind’isciplinata</strong></span> <span class='ocrx_word' id='word_1_276' title='bbox 1665 2324 1755 2378; x_wconf 88' lang='lat' dir='ltr'><strong>illa</strong></span> <span class='ocrx_word' id='word_1_277' title='bbox 1783 2337 1936 2387; x_wconf 82' lang='lat' dir='ltr'><strong>voce,</strong></span> <span class='ocrx_word' id='word_1_278' title='bbox 1971 2335 2098 2391; x_wconf 89' lang='lat' dir='ltr'><strong>pro-</strong></span> 
     </span>
    </p>
   </div>
   <div class='ocr_carea' id='block_1_40' title="bbox 529 2415 2100 2484">
    <p class='ocr_par' dir='ltr' id='par_1_40' title="bbox 529 2415 2100 2484">
     <span class='ocr_line' id='line_1_40' title="bbox 529 2415 2100 2484; baseline -0.004 -10"><span class='ocrx_word' id='word_1_279' title='bbox 529 2419 664 2474; x_wconf 78' lang='lat' dir='ltr'><strong>ximi</strong></span> <span class='ocrx_word' id='word_1_280' title='bbox 721 2433 883 2476; x_wconf 87' lang='lat' dir='ltr'><strong>aures</strong></span> <span class='ocrx_word' id='word_1_281' title='bbox 921 2418 1210 2484; x_wconf 89' lang='lat' dir='ltr'><strong>obtundat,</strong></span> <span class='ocrx_word' id='word_1_282' title='bbox 1256 2433 1322 2473; x_wconf 91' lang='lat' dir='ltr'><strong>ac</strong></span> <span class='ocrx_word' id='word_1_283' title='bbox 1347 2424 1579 2472; x_wconf 86' lang='lat' dir='ltr'><strong>mentem</strong></span> <span class='ocrx_word' id='word_1_284' title='bbox 1610 2415 1878 2472; x_wconf 85' lang='lat' dir='ltr'><strong>distrahat</strong></span> <span class='ocrx_word' id='word_1_285' title='bbox 1905 2435 1918 2469; x_wconf 87' lang='lat'><strong>:</strong></span> <span class='ocrx_word' id='word_1_286' title='bbox 1943 2415 2100 2468; x_wconf 87' lang='lat' dir='ltr'><strong>inva-</strong></span> 
     </span>
    </p>
   </div>
   <div class='ocr_carea' id='block_1_41' title="bbox 537 2503 2104 2582">
    <p class='ocr_par' dir='ltr' id='par_1_41' title="bbox 537 2503 2104 2582">
     <span class='ocr_line' id='line_1_41' title="bbox 537 2503 2104 2582; baseline -0.006 -16"><span class='ocrx_word' id='word_1_287' title='bbox 537 2511 796 2568; x_wconf 87' lang='lat' dir='ltr'><strong>dentibus</strong></span> <span class='ocrx_word' id='word_1_288' title='bbox 827 2526 937 2566; x_wconf 90' lang='lat' dir='ltr'><strong>una</strong></span> <span class='ocrx_word' id='word_1_289' title='bbox 983 2510 1236 2582; x_wconf 74' lang='lat' dir='ltr'><strong>malignis</strong></span> <span class='ocrx_word' id='word_1_290' title='bbox 1268 2509 1572 2580; x_wconf 87' lang='lat' dir='ltr'><strong>spiritibus,</strong></span> <span class='ocrx_word' id='word_1_291' title='bbox 1625 2507 1868 2578; x_wconf 89' lang='lat' dir='ltr'><strong>quicum</strong></span> <span class='ocrx_word' id='word_1_292' title='bbox 1905 2521 2004 2560; x_wconf 89' lang='lat' dir='ltr'><strong>nos</strong></span> <span class='ocrx_word' id='word_1_293' title='bbox 2027 2503 2104 2558; x_wconf 87' lang='lat' dir='ltr'><strong>vi-</strong></span> 
     </span>
    </p>
   </div>
   <div class='ocr_carea' id='block_1_42' title="bbox 537 2597 2102 2678">
    <p class='ocr_par' dir='ltr' id='par_1_42' title="bbox 537 2597 2102 2678">
     <span class='ocr_line' id='line_1_42' title="bbox 537 2597 2102 2678; baseline -0.004 -22"><span class='ocrx_word' id='word_1_294' title='bbox 537 2602 719 2656; x_wconf 85' lang='lat' dir='ltr'><strong>derint</strong></span> <span class='ocrx_word' id='word_1_295' title='bbox 759 2601 817 2656; x_wconf 92' lang='lat' dir='ltr'><strong>in</strong></span> <span class='ocrx_word' id='word_1_296' title='bbox 845 2602 1091 2657; x_wconf 89' lang='lat' dir='ltr'><strong>oratione</strong></span> <span class='ocrx_word' id='word_1_297' title='bbox 1134 2609 1376 2678; x_wconf 60' lang='lat' dir='ltr'><strong>stantes,</strong></span> <span class='ocrx_word' id='word_1_298' title='bbox 1414 2600 1792 2656; x_wconf 82' lang='lat' dir='ltr'><strong>indeeentibus</strong></span> <span class='ocrx_word' id='word_1_299' title='bbox 1825 2613 1925 2653; x_wconf 90' lang='lat' dir='ltr'><strong>nos</strong></span> <span class='ocrx_word' id='word_1_300' title='bbox 1955 2597 2102 2668; x_wconf 90' lang='lat' dir='ltr'><strong>cogi-</strong></span> 
     </span>
    </p>
   </div>
   <div class='ocr_carea' id='block_1_43' title="bbox 534 2690 2102 2764">
    <p class='ocr_par' dir='ltr' id='par_1_43' title="bbox 534 2690 2102 2764">
     <span class='ocr_line' id='line_1_43' title="bbox 534 2690 2102 2764; baseline -0.004 -16"><span class='ocrx_word' id='word_1_301' title='bbox 534 2694 854 2759; x_wconf 83' lang='lat' dir='ltr'><strong>tationibus,</strong></span> <span class='ocrx_word' id='word_1_302' title='bbox 895 2701 950 2750; x_wconf 90' lang='lat' dir='ltr'><strong>et</strong></span> <span class='ocrx_word' id='word_1_303' title='bbox 972 2709 1176 2750; x_wconf 87' lang='lat' dir='ltr'><strong>nausea</strong></span> <span class='ocrx_word' id='word_1_304' title='bbox 1205 2701 1368 2764; x_wconf 91' lang='lat' dir='ltr'><strong>atque</strong></span> <span class='ocrx_word' id='word_1_305' title='bbox 1393 2690 1612 2746; x_wconf 88' lang='lat' dir='ltr'><strong>fastidio</strong></span> <span class='ocrx_word' id='word_1_306' title='bbox 1634 2691 1868 2745; x_wconf 90' lang='lat' dir='ltr'><strong>animam</strong></span> <span class='ocrx_word' id='word_1_307' title='bbox 1907 2702 2102 2760; x_wconf 85' lang='lat' dir='ltr'><strong>aggra—</strong></span> 
     </span>
    </p>
   </div>
   <div class='ocr_carea' id='block_1_44' title="bbox 536 2783 2102 2856">
    <p class='ocr_par' dir='ltr' id='par_1_44' title="bbox 536 2783 2102 2856">
     <span class='ocr_line' id='line_1_44' title="bbox 536 2783 2102 2856; baseline -0.003 -17"><span class='ocrx_word' id='word_1_308' title='bbox 536 2793 690 2842; x_wconf 81' lang='lat' dir='ltr'><strong>vant.</strong></span> <span class='ocrx_word' id='word_1_309' title='bbox 715 2784 827 2856; x_wconf 72' lang='grc'><strong>(41)</strong></span> <span class='ocrx_word' id='word_1_310' title='bbox 855 2783 988 2852; x_wconf 62' lang='lat' dir='ltr'><strong>Quae</strong></span> <span class='ocrx_word' id='word_1_311' title='bbox 1025 2800 1196 2841; x_wconf 89' lang='lat' dir='ltr'><strong>causa</strong></span> <span class='ocrx_word' id='word_1_312' title='bbox 1239 2791 1326 2841; x_wconf 90' lang='lat' dir='ltr'><strong>est</strong></span> <span class='ocrx_word' id='word_1_313' title='bbox 1347 2792 1405 2840; x_wconf 92' lang='lat' dir='ltr'><strong>ut</strong></span> <span class='ocrx_word' id='word_1_314' title='bbox 1432 2783 1696 2854; x_wconf 85' lang='lat' dir='ltr'><strong>psalmos,</strong></span> <span class='ocrx_word' id='word_1_315' title='bbox 1731 2797 1840 2838; x_wconf 90' lang='lat' dir='ltr'><strong>non</strong></span> <span class='ocrx_word' id='word_1_316' title='bbox 1864 2796 1994 2836; x_wconf 88' lang='lat' dir='ltr'><strong>cum</strong></span> <span class='ocrx_word' id='word_1_317' title='bbox 2013 2787 2102 2834; x_wconf 90' lang='lat' dir='ltr'><strong>tu-</strong></span> 
     </span>
    </p>
   </div>
   <div class='ocr_carea' id='block_1_45' title="bbox 536 2874 2106 2948">
    <p class='ocr_par' dir='ltr' id='par_1_45' title="bbox 536 2874 2106 2948">
     <span class='ocr_line' id='line_1_45' title="bbox 536 2874 2106 2948; baseline -0.004 -16"><span class='ocrx_word' id='word_1_318' title='bbox 536 2878 712 2932; x_wconf 89' lang='lat' dir='ltr'><strong>multu</strong></span> <span class='ocrx_word' id='word_1_319' title='bbox 747 2885 802 2934; x_wconf 90' lang='lat' dir='ltr'><strong>et</strong></span> <span class='ocrx_word' id='word_1_320' title='bbox 843 2877 1254 2948; x_wconf 86' lang='lat' dir='ltr'><strong>perturbatione</strong></span> <span class='ocrx_word' id='word_1_321' title='bbox 1301 2875 1613 2932; x_wconf 81' lang='lat' dir='ltr'><strong>festinando</strong></span> <span class='ocrx_word' id='word_1_322' title='bbox 1638 2874 1900 2939; x_wconf 86' lang='lat' dir='ltr'><strong>recitent;</strong></span> <span class='ocrx_word' id='word_1_323' title='bbox 1931 2885 2106 2942; x_wconf 91' lang='lat' dir='ltr'><strong>neque</strong></span> 
     </span>
    </p>
   </div>
   <div class='ocr_carea' id='block_1_46' title="bbox 533 2961 2108 3032">
    <p class='ocr_par' dir='ltr' id='par_1_46' title="bbox 533 2961 2108 3032">
     <span class='ocr_line' id='line_1_46' title="bbox 533 2961 2108 3032; baseline -0.005 -9"><span class='ocrx_word' id='word_1_324' title='bbox 533 2985 798 3026; x_wconf 75' lang='lat' dir='ltr'><strong>versuum</strong></span> <span class='ocrx_word' id='word_1_325' title='bbox 853 2967 1225 3032; x_wconf 84' lang='lat' dir='ltr'><strong>multitudine,</strong></span> <span class='ocrx_word' id='word_1_326' title='bbox 1273 2968 1367 3024; x_wconf 88' lang='lat' dir='ltr'><strong>sed</strong></span> <span class='ocrx_word' id='word_1_327' title='bbox 1413 2966 1614 3021; x_wconf 87' lang='lat' dir='ltr'><strong>mentis</strong></span> <span class='ocrx_word' id='word_1_328' title='bbox 1672 2961 2108 3019; x_wconf 86' lang='lat' dir='ltr'><strong>consideratione</strong></span> 
     </span>
    </p>
   </div>
   <div class='ocr_carea' id='block_1_47' title="bbox 539 3054 2108 3130">
    <p class='ocr_par' dir='ltr' id='par_1_47' title="bbox 539 3054 2108 3130">
     <span class='ocr_line' id='line_1_47' title="bbox 539 3054 2108 3130; baseline -0.006 -12"><span class='ocrx_word' id='word_1_329' title='bbox 539 3063 915 3127; x_wconf 83' lang='lat' dir='ltr'><strong>oblectentur;</strong></span> <span class='ocrx_word' id='word_1_330' title='bbox 954 3076 1018 3117; x_wconf 91' lang='lat' dir='ltr'><strong>ea</strong></span> <span class='ocrx_word' id='word_1_331' title='bbox 1049 3061 1262 3116; x_wconf 85' lang='lat' dir='ltr'><strong>scilicet</strong></span> <span class='ocrx_word' id='word_1_332' title='bbox 1293 3057 1622 3130; x_wconf 69' lang='lat' dir='ltr'><strong>cogitatione</strong></span> <span class='ocrx_word' id='word_1_333' title='bbox 1647 3057 1698 3111; x_wconf 92' lang='lat' dir='ltr'><strong>ei</strong></span> <span class='ocrx_word' id='word_1_334' title='bbox 1746 3054 2108 3124; x_wconf 89' lang='lat' dir='ltr'><strong>obsequentes</strong></span> 
     </span>
    </p>
   </div>
   <div class='ocr_carea' id='block_1_48' title="bbox 541 3145 2102 3222">
    <p class='ocr_par' dir='ltr' id='par_1_48' title="bbox 541 3145 2102 3222">
     <span class='ocr_line' id='line_1_48' title="bbox 541 3145 2102 3222; baseline -0.007 -15"><span class='ocrx_word' id='word_1_335' title='bbox 541 3152 637 3222; x_wconf 85' lang='lat' dir='ltr'><strong>qui</strong></span> <span class='ocrx_word' id='word_1_336' title='bbox 657 3151 766 3206; x_wconf 90' lang='lat' dir='ltr'><strong>ait:</strong></span> <span class='ocrx_word' id='word_1_337' title='bbox 793 3167 814 3201; x_wconf 72' lang='grc' dir='ltr'><strong>ε</strong></span> <span class='ocrx_word' id='word_1_338' title='bbox 844 3149 1084 3206; x_wconf 89' lang='lat' dir='ltr'><strong>Psallam</strong></span> <span class='ocrx_word' id='word_1_339' title='bbox 1132 3149 1352 3220; x_wconf 88' lang='lat' dir='ltr'><strong>spiritu,</strong></span> <span class='ocrx_word' id='word_1_340' title='bbox 1399 3147 1627 3218; x_wconf 85' lang='lat' dir='ltr'><strong>psallam</strong></span> <span class='ocrx_word' id='word_1_341' title='bbox 1660 3153 1714 3202; x_wconf 89' lang='lat' dir='ltr'><strong>et</strong></span> <span class='ocrx_word' id='word_1_342' title='bbox 1759 3152 1942 3201; x_wconf 88' lang='lat' dir='ltr'><strong>mente</strong></span> <span class='ocrx_word' id='word_1_343' title='bbox 1961 3145 2042 3198; x_wconf 73' lang='lat' dir='ltr'><strong>&quot;z</strong></span> <span class='ocrx_word' id='word_1_344' title='bbox 2082 3163 2102 3196; x_wconf 74' lang='grc' dir='ltr'><strong>ι</strong></span> 
     </span>
    </p>
   </div>
   <div class='ocr_carea' id='block_1_49' title="bbox 542 3235 2178 3325">
    <p class='ocr_par' dir='ltr' id='par_1_49' title="bbox 542 3235 2178 3325">
     <span class='ocr_line' id='line_1_49' title="bbox 542 3235 2178 3325; baseline -0.004 -31"><span class='ocrx_word' id='word_1_345' title='bbox 542 3239 662 3294; x_wconf 82' lang='lat' dir='ltr'><strong>rati</strong></span> <span class='ocrx_word' id='word_1_346' title='bbox 689 3239 881 3294; x_wconf 86' lang='lat' dir='ltr'><strong>utilius</strong></span> <span class='ocrx_word' id='word_1_347' title='bbox 901 3254 1024 3296; x_wconf 87' lang='lat' dir='ltr'><strong>esse</strong></span> <span class='ocrx_word' id='word_1_348' title='bbox 1051 3239 1238 3294; x_wconf 89' lang='lat' dir='ltr'><strong>decem</strong></span> <span class='ocrx_word' id='word_1_349' title='bbox 1269 3253 1463 3294; x_wconf 79' lang='lat' dir='ltr'><strong>versus</strong></span> <span class='ocrx_word' id='word_1_350' title='bbox 1493 3253 1618 3294; x_wconf 90' lang='lat' dir='ltr'><strong>cum</strong></span> <span class='ocrx_word' id='word_1_351' title='bbox 1646 3237 1946 3294; x_wconf 87' lang='lat' dir='ltr'><strong>attentione</strong></span> <span class='ocrx_word' id='word_1_352' title='bbox 1966 3235 2110 3306; x_wconf 89' lang='lat' dir='ltr'><strong>psal-</strong></span> <span class='ocrx_word' id='word_1_353' title='bbox 2135 3268 2178 3325; x_wconf 63' lang='grc' dir='ltr'>ο</span> 
     </span>
    </p>
   </div>
   <div class='ocr_carea' id='block_1_50' title="bbox 547 3327 2112 3404">
    <p class='ocr_par' dir='ltr' id='par_1_50' title="bbox 547 3327 2112 3404">
     <span class='ocr_line' id='line_1_50' title="bbox 547 3327 2112 3404; baseline -0.003 -18"><span class='ocrx_word' id='word_1_354' title='bbox 547 3331 696 3396; x_wconf 81' lang='lat' dir='ltr'><strong>lere,</strong></span> <span class='ocrx_word' id='word_1_355' title='bbox 748 3345 913 3402; x_wconf 89' lang='lat' dir='ltr'><strong>quam</strong></span> <span class='ocrx_word' id='word_1_356' title='bbox 977 3338 1150 3388; x_wconf 84' lang='lat' dir='ltr'><strong>totum</strong></span> <span class='ocrx_word' id='word_1_357' title='bbox 1220 3330 1540 3404; x_wconf 86' lang='lat' dir='ltr'><strong>psalterium</strong></span> <span class='ocrx_word' id='word_1_358' title='bbox 1603 3345 1726 3386; x_wconf 78' lang='lat' dir='ltr'><strong>cum</strong></span> <span class='ocrx_word' id='word_1_359' title='bbox 1791 3327 2112 3387; x_wconf 81' lang='lat' dir='ltr'><strong>confusione</strong></span> 
     </span>
    </p>
   </div>
   <div class='ocr_carea' id='block_1_51' title="bbox 547 3422 777 3481">
    <p class='ocr_par' dir='ltr' id='par_1_51' title="bbox 547 3422 777 3481">
     <span class='ocr_line' id='line_1_51' title="bbox 547 3422 777 3481; baseline 0.017 -4"><span class='ocrx_word' id='word_1_360' title='bbox 547 3422 777 3481; x_wconf 77' lang='lat' dir='ltr'><strong>mentis.</strong></span> 
     </span>
    </p>
   </div>
   <div class='ocr_carea' id='block_1_52' title="bbox 621 3691 2118 3766">
    <p class='ocr_par' dir='ltr' id='par_1_52' title="bbox 621 3691 2118 3766">
     <span class='ocr_line' id='line_1_52' title="bbox 621 3691 2118 3766; baseline -0.002 -16"><span class='ocrx_word' id='word_1_361' title='bbox 621 3692 787 3764; x_wconf 70' lang='lat'><strong>310</strong></span> <span class='ocrx_word' id='word_1_362' title='bbox 807 3691 860 3749; x_wconf 74' lang='grc'><strong>2.</strong></span> <span class='ocrx_word' id='word_1_363' title='bbox 889 3691 1006 3766; x_wconf 75' lang='grc' dir='ltr'>με)</span> <span class='ocrx_word' id='word_1_364' title='bbox 1027 3691 1322 3764; x_wconf 82' lang='lat' dir='ltr'><strong>Completis</strong></span> <span class='ocrx_word' id='word_1_365' title='bbox 1348 3692 1572 3765; x_wconf 82' lang='lat' dir='ltr'><strong>psalmis</strong></span> <span class='ocrx_word' id='word_1_366' title='bbox 1591 3701 1646 3750; x_wconf 89' lang='lat' dir='ltr'><strong>et</strong></span> <span class='ocrx_word' id='word_1_367' title='bbox 1660 3706 1888 3757; x_wconf 79' lang='lat' dir='ltr'><strong>canone,</strong></span> <span class='ocrx_word' id='word_1_368' title='bbox 1921 3694 1998 3748; x_wconf 88' lang='lat' dir='ltr'><strong>uti</strong></span> <span class='ocrx_word' id='word_1_369' title='bbox 2025 3707 2118 3748; x_wconf 82' lang='lat' dir='ltr'><strong>su-</strong></span> 
     </span>
    </p>
   </div>
   <div class='ocr_carea' id='block_1_53' title="bbox 549 3783 2120 3856">
    <p class='ocr_par' dir='ltr' id='par_1_53' title="bbox 549 3783 2120 3856">
     <span class='ocr_line' id='line_1_53' title="bbox 549 3783 2120 3856; baseline -0.001 -17"><span class='ocrx_word' id='word_1_370' title='bbox 549 3786 739 3856; x_wconf 84' lang='lat' dir='ltr'><strong>perius</strong></span> <span class='ocrx_word' id='word_1_371' title='bbox 785 3787 1228 3853; x_wconf 85' lang='lat' dir='ltr'><strong>memoravimus,</strong></span> <span class='ocrx_word' id='word_1_372' title='bbox 1285 3801 1446 3843; x_wconf 91' lang='lat' dir='ltr'><strong>nemo</strong></span> <span class='ocrx_word' id='word_1_373' title='bbox 1469 3784 1698 3841; x_wconf 79' lang='lat' dir='ltr'><strong>fratrum</strong></span> <span class='ocrx_word' id='word_1_374' title='bbox 1736 3785 1822 3840; x_wconf 87' lang='lat' dir='ltr'><strong>vel</strong></span> <span class='ocrx_word' id='word_1_375' title='bbox 1847 3783 2120 3839; x_wconf 89' lang='lat' dir='ltr'><strong>tantillum</strong></span> 
     </span>
    </p>
   </div>
   <div class='ocr_carea' id='block_1_54' title="bbox 555 3875 2121 3950">
    <p class='ocr_par' dir='ltr' id='par_1_54' title="bbox 555 3875 2121 3950">
     <span class='ocr_line' id='line_1_54' title="bbox 555 3875 2121 3950; baseline -0.004 -14"><span class='ocrx_word' id='word_1_376' title='bbox 555 3880 818 3950; x_wconf 80' lang='lat' dir='ltr'><strong>temporis</strong></span> <span class='ocrx_word' id='word_1_377' title='bbox 845 3895 970 3936; x_wconf 88' lang='lat' dir='ltr'><strong>cum</strong></span> <span class='ocrx_word' id='word_1_378' title='bbox 1003 3880 1112 3936; x_wconf 90' lang='lat' dir='ltr'><strong>alio</strong></span> <span class='ocrx_word' id='word_1_379' title='bbox 1132 3889 1281 3938; x_wconf 82' lang='lat' dir='ltr'><strong>stare</strong></span> <span class='ocrx_word' id='word_1_380' title='bbox 1303 3887 1398 3934; x_wconf 88' lang='lat' dir='ltr'><strong>aut</strong></span> <span class='ocrx_word' id='word_1_381' title='bbox 1412 3879 1574 3935; x_wconf 87' lang='lat' dir='ltr'><strong>verba</strong></span> <span class='ocrx_word' id='word_1_382' title='bbox 1598 3877 1777 3934; x_wconf 85' lang='lat' dir='ltr'><strong>facere</strong></span> <span class='ocrx_word' id='word_1_383' title='bbox 1799 3877 1994 3932; x_wconf 89' lang='lat' dir='ltr'><strong>audet:</strong></span> <span class='ocrx_word' id='word_1_384' title='bbox 2025 3875 2121 3932; x_wconf 86' lang='lat' dir='ltr'><strong>sed</strong></span> 
     </span>
    </p>
   </div>
   <div class='ocr_carea' id='block_1_55' title="bbox 552 3967 2122 4044">
    <p class='ocr_par' dir='ltr' id='par_1_55' title="bbox 552 3967 2122 4044">
     <span class='ocr_line' id='line_1_55' title="bbox 552 3967 2122 4044; baseline -0.003 -18"><span class='ocrx_word' id='word_1_385' title='bbox 552 3987 743 4043; x_wconf 74' lang='lat' dir='ltr'><strong>neque</strong></span> <span class='ocrx_word' id='word_1_386' title='bbox 790 3972 928 4027; x_wconf 84' lang='lat' dir='ltr'><strong>cella</strong></span> <span class='ocrx_word' id='word_1_387' title='bbox 973 3972 1180 4044; x_wconf 77' lang='lat' dir='ltr'><strong>egredi,</strong></span> <span class='ocrx_word' id='word_1_388' title='bbox 1205 3980 1299 4038; x_wconf 80' lang='lat' dir='ltr'><strong>aut</strong></span> <span class='ocrx_word' id='word_1_389' title='bbox 1329 3987 1468 4043; x_wconf 79' lang='lat' dir='ltr'><strong>opus</strong></span> <span class='ocrx_word' id='word_1_390' title='bbox 1501 3971 1751 4026; x_wconf 87' lang='lat' dir='ltr'><strong>deserere</strong></span> <span class='ocrx_word' id='word_1_391' title='bbox 1776 3983 1958 4033; x_wconf 91' lang='lat' dir='ltr'><strong>suum,</strong></span> <span class='ocrx_word' id='word_1_392' title='bbox 1978 3967 2122 4040; x_wconf 89' lang='lat' dir='ltr'><strong>quod</strong></span> 
     </span>
    </p>
   </div>
   <div class='ocr_carea' id='block_1_56' title="bbox 554 4061 2126 4134">
    <p class='ocr_par' dir='ltr' id='par_1_56' title="bbox 554 4061 2126 4134">
     <span class='ocr_line' id='line_1_56' title="bbox 554 4061 2126 4134; baseline -0.002 -16"><span class='ocrx_word' id='word_1_393' title='bbox 554 4079 671 4134; x_wconf 75' lang='lat' dir='ltr'><strong>prae</strong></span> <span class='ocrx_word' id='word_1_394' title='bbox 723 4063 979 4119; x_wconf 86' lang='lat' dir='ltr'><strong>manibus</strong></span> <span class='ocrx_word' id='word_1_395' title='bbox 1032 4070 1251 4129; x_wconf 88' lang='lat' dir='ltr'><strong>tractat,</strong></span> <span class='ocrx_word' id='word_1_396' title='bbox 1313 4063 1468 4134; x_wconf 81' lang='lat' dir='ltr'><strong>juxta</strong></span> <span class='ocrx_word' id='word_1_397' title='bbox 1497 4061 1869 4134; x_wconf 80' lang='lat' dir='ltr'><strong>Apostolicum</strong></span> <span class='ocrx_word' id='word_1_398' title='bbox 1925 4075 2126 4130; x_wconf 62' lang='lat' dir='ltr'><strong>praece-</strong></span> 
     </span>
    </p>
   </div>
   <div class='ocr_carea' id='block_1_57' title="bbox 557 4153 2127 4228">
    <p class='ocr_par' dir='ltr' id='par_1_57' title="bbox 557 4153 2127 4228">
     <span class='ocr_line' id='line_1_57' title="bbox 557 4153 2127 4228; baseline -0.001 -20"><span class='ocrx_word' id='word_1_399' title='bbox 557 4166 748 4228; x_wconf 86' lang='lat' dir='ltr'><strong>ptum;</strong></span> <span class='ocrx_word' id='word_1_400' title='bbox 783 4157 891 4212; x_wconf 92' lang='lat' dir='ltr'><strong>nisi</strong></span> <span class='ocrx_word' id='word_1_401' title='bbox 947 4157 1248 4212; x_wconf 84' lang='lat' dir='ltr'><strong>necessarii</strong></span> <span class='ocrx_word' id='word_1_402' title='bbox 1299 4156 1584 4226; x_wconf 83' lang='lat' dir='ltr'><strong>cujusdam</strong></span> <span class='ocrx_word' id='word_1_403' title='bbox 1617 4154 1796 4224; x_wconf 81' lang='lat' dir='ltr'><strong>operis</strong></span> <span class='ocrx_word' id='word_1_404' title='bbox 1839 4153 2127 4208; x_wconf 86' lang='lat' dir='ltr'><strong>occasione</strong></span> 
     </span>
    </p>
   </div>
   <div class='ocr_carea' id='block_1_58' title="bbox 558 4245 2127 4316">
    <p class='ocr_par' dir='ltr' id='par_1_58' title="bbox 558 4245 2127 4316">
     <span class='ocr_line' id='line_1_58' title="bbox 558 4245 2127 4316; baseline -0.004 -12"><span class='ocrx_word' id='word_1_405' title='bbox 558 4263 753 4304; x_wconf 86' lang='lat' dir='ltr'><strong>omnes</strong></span> <span class='ocrx_word' id='word_1_406' title='bbox 773 4263 886 4302; x_wconf 85' lang='lat' dir='ltr'><strong>una.</strong></span> <span class='ocrx_word' id='word_1_407' title='bbox 908 4249 1199 4303; x_wconf 77' lang='lat' dir='ltr'><strong>convenire</strong></span> <span class='ocrx_word' id='word_1_408' title='bbox 1213 4253 1461 4316; x_wconf 81' lang='lat' dir='ltr'><strong>oporteat</strong></span> <span class='ocrx_word' id='word_1_409' title='bbox 1492 4264 1505 4300; x_wconf 91' lang='lat'><strong>:</strong></span> <span class='ocrx_word' id='word_1_410' title='bbox 1537 4245 1743 4316; x_wconf 79' lang='lat' dir='ltr'><strong>egressi</strong></span> <span class='ocrx_word' id='word_1_411' title='bbox 1777 4251 1955 4298; x_wconf 88' lang='lat' dir='ltr'><strong>autem</strong></span> <span class='ocrx_word' id='word_1_412' title='bbox 1989 4257 2127 4313; x_wconf 91' lang='lat' dir='ltr'><strong>opus</strong></span> 
     </span>
    </p>
   </div>
   <div class='ocr_carea' id='block_1_59' title="bbox 557 4331 2129 4408">
    <p class='ocr_par' dir='ltr' id='par_1_59' title="bbox 557 4331 2129 4408">
     <span class='ocr_line' id='line_1_59' title="bbox 557 4331 2129 4408; baseline -0.006 -13"><span class='ocrx_word' id='word_1_413' title='bbox 557 4355 722 4397; x_wconf 79' lang='lat' dir='ltr'><strong>suum</strong></span> <span class='ocrx_word' id='word_1_414' title='bbox 757 4347 1168 4408; x_wconf 78' lang='lat' dir='ltr'><strong>exsequuntur;</strong></span> <span class='ocrx_word' id='word_1_415' title='bbox 1199 4338 1274 4391; x_wconf 92' lang='lat' dir='ltr'><strong>ita</strong></span> <span class='ocrx_word' id='word_1_416' title='bbox 1299 4343 1360 4391; x_wconf 90' lang='lat' dir='ltr'><strong>ut</strong></span> <span class='ocrx_word' id='word_1_417' title='bbox 1391 4350 1463 4390; x_wconf 87' lang='lat' dir='ltr'><strong>ne</strong></span> <span class='ocrx_word' id='word_1_418' title='bbox 1490 4334 1714 4388; x_wconf 87' lang='lat' dir='ltr'><strong>minima</strong></span> <span class='ocrx_word' id='word_1_419' title='bbox 1748 4331 1966 4403; x_wconf 85' lang='lat' dir='ltr'><strong>quidem</strong></span> <span class='ocrx_word' id='word_1_420' title='bbox 1990 4332 2129 4386; x_wconf 90' lang='lat' dir='ltr'><strong>inter</strong></span> 
     </span>
    </p>
   </div>
   <div class='ocr_carea' id='block_1_60' title="bbox 559 4422 2128 4495">
    <p class='ocr_par' dir='ltr' id='par_1_60' title="bbox 559 4422 2128 4495">
     <span class='ocr_line' id='line_1_60' title="bbox 559 4422 2128 4495; baseline -0.004 -13"><span class='ocrx_word' id='word_1_421' title='bbox 559 4441 660 4482; x_wconf 86' lang='lat' dir='ltr'><strong>eos</strong></span> <span class='ocrx_word' id='word_1_422' title='bbox 685 4425 756 4480; x_wconf 88' lang='lat' dir='ltr'><strong>sit</strong></span> <span class='ocrx_word' id='word_1_423' title='bbox 787 4424 1177 4489; x_wconf 73' lang='lat' dir='ltr'><strong>confabulatio,</strong></span> <span class='ocrx_word' id='word_1_424' title='bbox 1214 4424 1306 4480; x_wconf 91' lang='lat' dir='ltr'><strong>sed</strong></span> <span class='ocrx_word' id='word_1_425' title='bbox 1337 4424 1536 4495; x_wconf 87' lang='lat' dir='ltr'><strong>singuli</strong></span> <span class='ocrx_word' id='word_1_426' title='bbox 1564 4422 1902 4477; x_wconf 87' lang='lat' dir='ltr'><strong>meditationi</strong></span> <span class='ocrx_word' id='word_1_427' title='bbox 1933 4422 2128 4476; x_wconf 88' lang='lat' dir='ltr'><strong>mentis</strong></span> 
     </span>
    </p>
   </div>
   <div class='ocr_carea' id='block_1_61' title="bbox 561 4513 2124 4588">
    <p class='ocr_par' dir='ltr' id='par_1_61' title="bbox 561 4513 2124 4588">
     <span class='ocr_line' id='line_1_61' title="bbox 561 4513 2124 4588; baseline -0.003 -18"><span class='ocrx_word' id='word_1_428' title='bbox 561 4525 758 4572; x_wconf 85' lang='lat' dir='ltr'><strong>vacent</strong></span> <span class='ocrx_word' id='word_1_429' title='bbox 779 4527 834 4572; x_wconf 88' lang='lat' dir='ltr'><strong>et</strong></span> <span class='ocrx_word' id='word_1_430' title='bbox 863 4517 1094 4588; x_wconf 90' lang='lat' dir='ltr'><strong>psalmo,</strong></span> <span class='ocrx_word' id='word_1_431' title='bbox 1117 4525 1171 4572; x_wconf 92' lang='lat' dir='ltr'><strong>et</strong></span> <span class='ocrx_word' id='word_1_432' title='bbox 1198 4515 1344 4587; x_wconf 89' lang='lat' dir='ltr'><strong>quod</strong></span> <span class='ocrx_word' id='word_1_433' title='bbox 1374 4515 1477 4572; x_wconf 83' lang='lat' dir='ltr'><strong>sibi</strong></span> <span class='ocrx_word' id='word_1_434' title='bbox 1497 4515 1711 4584; x_wconf 89' lang='lat' dir='ltr'><strong>jussum</strong></span> <span class='ocrx_word' id='word_1_435' title='bbox 1733 4521 1818 4569; x_wconf 91' lang='lat' dir='ltr'><strong>est</strong></span> <span class='ocrx_word' id='word_1_436' title='bbox 1849 4513 2124 4582; x_wconf 90' lang='lat' dir='ltr'><strong>impleant.</strong></span> 
     </span>
    </p>
   </div>
   <div class='ocr_carea' id='block_1_62' title="bbox 2194 2015 3757 2109">
    <p class='ocr_par' dir='ltr' id='par_1_62' title="bbox 2194 2015 3757 2109">
     <span class='ocr_line' id='line_1_62' title="bbox 2194 2015 3757 2109; baseline -0.015 -17"><span class='ocrx_word' id='word_1_437' title='bbox 2194 2038 2300 2092; x_wconf 89' lang='grc' dir='ltr'><strong>τῶν</strong></span> <span class='ocrx_word' id='word_1_438' title='bbox 2331 2033 2644 2109; x_wconf 82' lang='grc' dir='ltr'>προσευχῶν</span> <span class='ocrx_word' id='word_1_439' title='bbox 2664 2073 2678 2098; x_wconf 91' lang='grc'><strong>,</strong></span> <span class='ocrx_word' id='word_1_440' title='bbox 2710 2033 2797 2085; x_wconf 83' lang='grc' dir='ltr'><strong>ὅτε</strong></span> <span class='ocrx_word' id='word_1_441' title='bbox 2823 2029 2944 2084; x_wconf 80' lang='grc' dir='ltr'>οὕτε</span> <span class='ocrx_word' id='word_1_442' title='bbox 2975 2027 3196 2097; x_wconf 85' lang='grc' dir='ltr'>πτύσμα</span> <span class='ocrx_word' id='word_1_443' title='bbox 3227 2021 3603 2094; x_wconf 82' lang='grc' dir='ltr'>προσέρχεται,</span> <span class='ocrx_word' id='word_1_444' title='bbox 3638 2015 3757 2070; x_wconf 77' lang='grc' dir='ltr'>οὗτε</span> 
     </span>
    </p>
   </div>
   <div class='ocr_carea' id='block_1_63' title="bbox 2199 2108 3761 2201">
    <p class='ocr_par' dir='ltr' id='par_1_63' title="bbox 2199 2108 3761 2201">
     <span class='ocr_line' id='line_1_63' title="bbox 2199 2108 3761 2201; baseline -0.017 -17"><span class='ocrx_word' id='word_1_445' title='bbox 2199 2129 2296 2201; x_wconf 73' lang='grc' dir='ltr'><strong>βὴξ</strong></span> <span class='ocrx_word' id='word_1_446' title='bbox 2327 2108 2568 2200; x_wconf 70' lang='grc' dir='ltr'>ἠχεῖται,</span> <span class='ocrx_word' id='word_1_447' title='bbox 2595 2125 2694 2178; x_wconf 86' lang='grc' dir='ltr'>οὒκ</span> <span class='ocrx_word' id='word_1_448' title='bbox 2727 2121 2924 2194; x_wconf 87' lang='grc' dir='ltr'>ἀκηδία</span> <span class='ocrx_word' id='word_1_449' title='bbox 2947 2161 2961 2186; x_wconf 88' lang='grc'><strong>,</strong></span> <span class='ocrx_word' id='word_1_450' title='bbox 2991 2120 3050 2173; x_wconf 86' lang='grc' dir='ltr'><strong>ού</strong></span> <span class='ocrx_word' id='word_1_451' title='bbox 3093 2113 3430 2184; x_wconf 77' lang='grc' dir='ltr'>νυσταγμδς,</span> <span class='ocrx_word' id='word_1_452' title='bbox 3465 2111 3524 2163; x_wconf 85' lang='grc' dir='ltr'><strong>ού</strong></span> <span class='ocrx_word' id='word_1_453' title='bbox 3553 2108 3761 2201; x_wconf 77' lang='grc' dir='ltr'>χάσμα,</span> 
     </span>
    </p>
   </div>
   <div class='ocr_carea' id='block_1_64' title="bbox 2197 2199 3759 2289">
    <p class='ocr_par' dir='ltr' id='par_1_64' title="bbox 2197 2199 3759 2289">
     <span class='ocr_line' id='line_1_64' title="bbox 2197 2199 3759 2289; baseline -0.017 -14"><span class='ocrx_word' id='word_1_454' title='bbox 2197 2199 2261 2274; x_wconf 79' lang='grc' dir='ltr'><strong>ού</strong></span> <span class='ocrx_word' id='word_1_455' title='bbox 2295 2217 2591 2289; x_wconf 73' lang='grc' dir='ltr'>στεναγμοὶ</span> <span class='ocrx_word' id='word_1_456' title='bbox 2625 2215 2740 2287; x_wconf 88' lang='grc' dir='ltr'>μετ’</span> <span class='ocrx_word' id='word_1_457' title='bbox 2795 2215 2926 2286; x_wconf 76' lang='grc' dir='ltr'>ῆχου</span> <span class='ocrx_word' id='word_1_458' title='bbox 2957 2209 3388 2280; x_wconf 80' lang='grc' dir='ltr'>ἀναπέμπονται.</span> <span class='ocrx_word' id='word_1_459' title='bbox 3417 2203 3522 2255; x_wconf 83' lang='grc' dir='ltr'>Τὸν</span> <span class='ocrx_word' id='word_1_460' title='bbox 3565 2199 3673 2271; x_wconf 82' lang='grc' dir='ltr'><strong>γὰρ</strong></span> <span class='ocrx_word' id='word_1_461' title='bbox 3705 2199 3759 2250; x_wconf 75' lang='grc' dir='ltr'>ὲν</span> 
     </span>
    </p>
   </div>
   <div class='ocr_carea' id='block_1_65' title="bbox 2197 2292 3763 2384">
    <p class='ocr_par' dir='ltr' id='par_1_65' title="bbox 2197 2292 3763 2384">
     <span class='ocr_line' id='line_1_65' title="bbox 2197 2292 3763 2384; baseline -0.017 -16"><span class='ocrx_word' id='word_1_462' title='bbox 2197 2311 2482 2384; x_wconf 84' lang='grc' dir='ltr'>χαυνότητι</span> <span class='ocrx_word' id='word_1_463' title='bbox 2520 2307 2756 2372; x_wconf 77' lang='grc' dir='ltr'>διανοίας</span> <span class='ocrx_word' id='word_1_464' title='bbox 2800 2306 2937 2379; x_wconf 79' lang='grc' dir='ltr'>μετὰ</span> <span class='ocrx_word' id='word_1_465' title='bbox 2977 2301 3226 2375; x_wconf 79' lang='grc' dir='ltr'>κραυγῆς</span> <span class='ocrx_word' id='word_1_466' title='bbox 3269 2296 3367 2361; x_wconf 87' lang='grc' dir='ltr'>τὰς</span> <span class='ocrx_word' id='word_1_467' title='bbox 3394 2292 3558 2365; x_wconf 80' lang='grc' dir='ltr'>εὐχὰς</span> <span class='ocrx_word' id='word_1_468' title='bbox 3587 2293 3763 2384; x_wconf 55' lang='lat' dir='ltr'><strong>esttes-</strong></span> 
     </span>
    </p>
   </div>
   <div class='ocr_carea' id='block_1_66' title="bbox 2198 2379 3762 2470">
    <p class='ocr_par' dir='ltr' id='par_1_66' title="bbox 2198 2379 3762 2470">
     <span class='ocr_line' id='line_1_66' title="bbox 2198 2379 3762 2470; baseline -0.018 -12"><span class='ocrx_word' id='word_1_469' title='bbox 2198 2379 2634 2468; x_wconf 45' lang='grc' dir='ltr'>λοῦνταξδισσῶς</span> <span class='ocrx_word' id='word_1_470' title='bbox 2664 2397 2994 2470; x_wconf 84' lang='grc' dir='ltr'>ἁμαρτάνειν</span> <span class='ocrx_word' id='word_1_471' title='bbox 3025 2392 3239 2461; x_wconf 80' lang='grc' dir='ltr'>λέγουσι</span> <span class='ocrx_word' id='word_1_472' title='bbox 3269 2405 3282 2420; x_wconf 75' lang='grc' dir='ltr'><strong><em>ο</em></strong></span> <span class='ocrx_word' id='word_1_473' title='bbox 3315 2386 3529 2460; x_wconf 89' lang='grc' dir='ltr'>πρῶτον</span> <span class='ocrx_word' id='word_1_474' title='bbox 3567 2381 3662 2462; x_wconf 77' lang='grc' dir='ltr'><strong>μὲν</strong></span> <span class='ocrx_word' id='word_1_475' title='bbox 3691 2379 3762 2443; x_wconf 82' lang='grc' dir='ltr'>ὡς</span> 
     </span>
    </p>
   </div>
   <div class='ocr_carea' id='block_1_67' title="bbox 2205 2471 3760 2568">
    <p class='ocr_par' dir='ltr' id='par_1_67' title="bbox 2205 2471 3760 2568">
     <span class='ocr_line' id='line_1_67' title="bbox 2205 2471 3760 2568; baseline -0.018 -18"><span class='ocrx_word' id='word_1_476' title='bbox 2205 2494 2457 2568; x_wconf 78' lang='grc' dir='ltr'>ῥᾳθύμως</span> <span class='ocrx_word' id='word_1_477' title='bbox 2499 2491 2787 2563; x_wconf 79' lang='grc' dir='ltr'>εὐχόμενον</span> <span class='ocrx_word' id='word_1_478' title='bbox 2808 2529 2822 2554; x_wconf 97' lang='grc'><strong>,</strong></span> <span class='ocrx_word' id='word_1_479' title='bbox 2873 2487 3120 2555; x_wconf 87' lang='grc' dir='ltr'>δεύτερον</span> <span class='ocrx_word' id='word_1_480' title='bbox 3166 2482 3222 2535; x_wconf 85' lang='grc' dir='ltr'>δὲ</span> <span class='ocrx_word' id='word_1_481' title='bbox 3257 2480 3332 2543; x_wconf 84' lang='grc' dir='ltr'>ὡς</span> <span class='ocrx_word' id='word_1_482' title='bbox 3363 2474 3669 2543; x_wconf 81' lang='grc' dir='ltr'>ἀπαιδεύτῳ</span> <span class='ocrx_word' id='word_1_483' title='bbox 3697 2471 3760 2540; x_wconf 81' lang='grc' dir='ltr'><strong>τῇ</strong></span> 
     </span>
    </p>
   </div>
   <div class='ocr_carea' id='block_1_68' title="bbox 2203 2562 3764 2658">
    <p class='ocr_par' dir='ltr' id='par_1_68' title="bbox 2203 2562 3764 2658">
     <span class='ocr_line' id='line_1_68' title="bbox 2203 2562 3764 2658; baseline -0.017 -17"><span class='ocrx_word' id='word_1_484' title='bbox 2203 2589 2352 2658; x_wconf 87' lang='grc' dir='ltr'>φωνῇ</span> <span class='ocrx_word' id='word_1_485' title='bbox 2383 2585 2480 2656; x_wconf 84' lang='grc' dir='ltr'><strong>τὴν</strong></span> <span class='ocrx_word' id='word_1_486' title='bbox 2523 2583 2615 2637; x_wconf 88' lang='grc' dir='ltr'><strong>τοῦ</strong></span> <span class='ocrx_word' id='word_1_487' title='bbox 2659 2581 2884 2653; x_wconf 85' lang='grc' dir='ltr'>πλησίον</span> <span class='ocrx_word' id='word_1_488' title='bbox 2929 2576 3095 2648; x_wconf 82' lang='grc' dir='ltr'>ἀκοὴν</span> <span class='ocrx_word' id='word_1_489' title='bbox 3153 2566 3624 2630; x_wconf 86' lang='grc' dir='ltr'>κατακτυποῦντα,</span> <span class='ocrx_word' id='word_1_490' title='bbox 3675 2562 3764 2616; x_wconf 74' lang='grc' dir='ltr'>καὶ</span> 
     </span>
    </p>
   </div>
   <div class='ocr_carea' id='block_1_69' title="bbox 2201 2651 3765 2744">
    <p class='ocr_par' dir='ltr' id='par_1_69' title="bbox 2201 2651 3765 2744">
     <span class='ocr_line' id='line_1_69' title="bbox 2201 2651 3765 2744; baseline -0.017 -13"><span class='ocrx_word' id='word_1_491' title='bbox 2201 2651 2618 2740; x_wconf 46' lang='grc' dir='ltr'>διασέὶεδάζοντα</span> <span class='ocrx_word' id='word_1_492' title='bbox 2666 2651 2765 2744; x_wconf 84' lang='grc' dir='ltr'><strong>τὴν</strong></span> <span class='ocrx_word' id='word_1_493' title='bbox 2812 2669 3050 2724; x_wconf 86' lang='grc' dir='ltr'>διάνοιαν</span> <span class='ocrx_word' id='word_1_494' title='bbox 3075 2706 3090 2730; x_wconf 93' lang='grc'><strong>,</strong></span> <span class='ocrx_word' id='word_1_495' title='bbox 3139 2658 3630 2729; x_wconf 80' lang='grc' dir='ltr'>συνεπιτιθεμένων</span> <span class='ocrx_word' id='word_1_496' title='bbox 3675 2651 3765 2708; x_wconf 80' lang='grc' dir='ltr'>καὶ</span> 
     </span>
    </p>
   </div>
   <div class='ocr_carea' id='block_1_70' title="bbox 2202 2747 3768 2838">
    <p class='ocr_par' dir='ltr' id='par_1_70' title="bbox 2202 2747 3768 2838">
     <span class='ocr_line' id='line_1_70' title="bbox 2202 2747 3768 2838; baseline -0.015 -15"><span class='ocrx_word' id='word_1_497' title='bbox 2202 2767 2310 2824; x_wconf 89' lang='grc' dir='ltr'><strong>τῶν</strong></span> <span class='ocrx_word' id='word_1_498' title='bbox 2336 2765 2582 2838; x_wconf 85' lang='grc' dir='ltr'>πονηρῶν</span> <span class='ocrx_word' id='word_1_499' title='bbox 2613 2764 2934 2835; x_wconf 82' lang='grc' dir='ltr'>πνευμάτων</span> <span class='ocrx_word' id='word_1_500' title='bbox 2953 2803 2968 2827; x_wconf 92' lang='grc'><strong>,</strong></span> <span class='ocrx_word' id='word_1_501' title='bbox 3002 2760 3072 2824; x_wconf 83' lang='grc' dir='ltr'><strong>οἳ,</strong></span> <span class='ocrx_word' id='word_1_502' title='bbox 3103 2755 3288 2824; x_wconf 78' lang='grc' dir='ltr'>ἐπειδὴ</span> <span class='ocrx_word' id='word_1_503' title='bbox 3317 2753 3382 2808; x_wconf 81' lang='grc' dir='ltr'><strong>ἂν</strong></span> <span class='ocrx_word' id='word_1_504' title='bbox 3415 2751 3598 2805; x_wconf 83' lang='grc' dir='ltr'>ἴδωσιν</span> <span class='ocrx_word' id='word_1_505' title='bbox 3624 2747 3768 2838; x_wconf 80' lang='grc' dir='ltr'>ἡμᾶς</span> 
     </span>
    </p>
   </div>
   <div class='ocr_carea' id='block_1_71' title="bbox 2204 2835 3769 2930">
    <p class='ocr_par' dir='ltr' id='par_1_71' title="bbox 2204 2835 3769 2930">
     <span class='ocr_line' id='line_1_71' title="bbox 2204 2835 3769 2930; baseline -0.015 -19"><span class='ocrx_word' id='word_1_506' title='bbox 2204 2861 2284 2922; x_wconf 88' lang='grc' dir='ltr'><strong>είς</strong></span> <span class='ocrx_word' id='word_1_507' title='bbox 2329 2835 2634 2930; x_wconf 79' lang='grc' dir='ltr'>προσευχὴν</span> <span class='ocrx_word' id='word_1_508' title='bbox 2682 2851 3020 2923; x_wconf 83' lang='grc' dir='ltr'>ἱσταμένους,</span> <span class='ocrx_word' id='word_1_509' title='bbox 3071 2847 3346 2917; x_wconf 83' lang='grc' dir='ltr'>λογισμοῖς</span> <span class='ocrx_word' id='word_1_510' title='bbox 3375 2835 3769 2930; x_wconf 74' lang='grc' dir='ltr'>ἀπρεπέσικεὶ</span> 
     </span>
    </p>
   </div>
   <div class='ocr_carea' id='block_1_72' title="bbox 2205 2929 3766 3018">
    <p class='ocr_par' dir='ltr' id='par_1_72' title="bbox 2205 2929 3766 3018">
     <span class='ocr_line' id='line_1_72' title="bbox 2205 2929 3766 3018; baseline -0.013 -17"><span class='ocrx_word' id='word_1_511' title='bbox 2205 2929 2402 3018; x_wconf 78' lang='grc' dir='ltr'>ἀκηδίᾲ</span> <span class='ocrx_word' id='word_1_512' title='bbox 2430 2944 2528 3018; x_wconf 84' lang='grc' dir='ltr'>τὴν</span> <span class='ocrx_word' id='word_1_513' title='bbox 2553 2945 2729 3016; x_wconf 78' lang='grc' dir='ltr'>ψυχὴν</span> <span class='ocrx_word' id='word_1_514' title='bbox 2753 2937 3209 3013; x_wconf 78' lang='grc' dir='ltr'>καταδαρύνουσι.</span> <span class='ocrx_word' id='word_1_515' title='bbox 3247 2934 3356 2988; x_wconf 73' lang='grc' dir='ltr'>Καὶ</span> <span class='ocrx_word' id='word_1_516' title='bbox 3389 2931 3582 2986; x_wconf 86' lang='grc' dir='ltr'>τούτου</span> <span class='ocrx_word' id='word_1_517' title='bbox 3614 2929 3766 3018; x_wconf 78' lang='grc' dir='ltr'>χάριν</span> 
     </span>
    </p>
   </div>
   <div class='ocr_carea' id='block_1_73' title="bbox 2205 3015 3771 3106">
    <p class='ocr_par' dir='ltr' id='par_1_73' title="bbox 2205 3015 3771 3106">
     <span class='ocr_line' id='line_1_73' title="bbox 2205 3015 3771 3106; baseline -0.013 -15"><span class='ocrx_word' id='word_1_518' title='bbox 2205 3015 2331 3101; x_wconf 77' lang='grc' dir='ltr'>τοὺς</span> <span class='ocrx_word' id='word_1_519' title='bbox 2377 3015 2625 3106; x_wconf 77' lang='grc' dir='ltr'>ψαλμοὺς</span> <span class='ocrx_word' id='word_1_520' title='bbox 2668 3032 2729 3085; x_wconf 87' lang='grc' dir='ltr'><strong>οὐ</strong></span> <span class='ocrx_word' id='word_1_521' title='bbox 2778 3031 2916 3102; x_wconf 83' lang='grc' dir='ltr'>μετὰ</span> <span class='ocrx_word' id='word_1_522' title='bbox 2954 3025 3182 3100; x_wconf 78' lang='grc' dir='ltr'>θορύϐου</span> <span class='ocrx_word' id='word_1_523' title='bbox 3212 3024 3306 3078; x_wconf 74' lang='grc' dir='ltr'><strong>καὶ</strong></span> <span class='ocrx_word' id='word_1_524' title='bbox 3337 3021 3580 3094; x_wconf 81' lang='grc' dir='ltr'>ταραχῆς</span> <span class='ocrx_word' id='word_1_525' title='bbox 3612 3015 3771 3072; x_wconf 87' lang='grc' dir='ltr'>σπεύ-</span> 
     </span>
    </p>
   </div>
   <div class='ocr_carea' id='block_1_74' title="bbox 2205 3107 3772 3192">
    <p class='ocr_par' dir='ltr' id='par_1_74' title="bbox 2205 3107 3772 3192">
     <span class='ocr_line' id='line_1_74' title="bbox 2205 3107 3772 3192; baseline -0.015 -8"><span class='ocrx_word' id='word_1_526' title='bbox 2205 3130 2384 3184; x_wconf 91' lang='grc' dir='ltr'>δουσιν</span> <span class='ocrx_word' id='word_1_527' title='bbox 2429 3125 2666 3181; x_wconf 76' lang='grc' dir='ltr'>ἐκτελεῖν</span> <span class='ocrx_word' id='word_1_528' title='bbox 2685 3165 2701 3190; x_wconf 94' lang='grc'><strong>,</strong></span> <span class='ocrx_word' id='word_1_529' title='bbox 2746 3123 2869 3177; x_wconf 79' lang='grc' dir='ltr'>οὐδὲ</span> <span class='ocrx_word' id='word_1_530' title='bbox 2896 3120 2975 3192; x_wconf 86' lang='grc' dir='ltr'>τῷ</span> <span class='ocrx_word' id='word_1_531' title='bbox 3006 3118 3198 3191; x_wconf 83' lang='grc' dir='ltr'>πλήθει</span> <span class='ocrx_word' id='word_1_532' title='bbox 3239 3116 3349 3170; x_wconf 88' lang='grc' dir='ltr'><strong>τῶν</strong></span> <span class='ocrx_word' id='word_1_533' title='bbox 3381 3113 3580 3185; x_wconf 87' lang='grc' dir='ltr'>στίχων</span> <span class='ocrx_word' id='word_1_534' title='bbox 3599 3153 3614 3178; x_wconf 89' lang='grc'><strong>,</strong></span> <span class='ocrx_word' id='word_1_535' title='bbox 3644 3107 3772 3164; x_wconf 84' lang='grc' dir='ltr'>ἀλλὰ</span> 
     </span>
    </p>
   </div>
   <div class='ocr_carea' id='block_1_75' title="bbox 2208 3200 3772 3293">
    <p class='ocr_par' dir='ltr' id='par_1_75' title="bbox 2208 3200 3772 3293">
     <span class='ocr_line' id='line_1_75' title="bbox 2208 3200 3772 3293; baseline -0.025 -3"><span class='ocrx_word' id='word_1_536' title='bbox 2208 3223 2274 3293; x_wconf 71' lang='grc' dir='ltr'>τῇ</span> <span class='ocrx_word' id='word_1_537' title='bbox 2301 3222 2400 3292; x_wconf 81' lang='grc' dir='ltr'><strong>τῆς</strong></span> <span class='ocrx_word' id='word_1_538' title='bbox 2426 3217 2664 3282; x_wconf 87' lang='grc' dir='ltr'>διανοίας</span> <span class='ocrx_word' id='word_1_539' title='bbox 2694 3217 2877 3287; x_wconf 88' lang='grc' dir='ltr'>νοήσει</span> <span class='ocrx_word' id='word_1_540' title='bbox 2907 3211 3304 3284; x_wconf 80' lang='grc' dir='ltr'>εὐφραίνονται,</span> <span class='ocrx_word' id='word_1_541' title='bbox 3349 3205 3543 3276; x_wconf 74' lang='grc' dir='ltr'>ἐκείνῳ</span> <span class='ocrx_word' id='word_1_542' title='bbox 3687 3201 3772 3293; x_wconf 58' lang='lat' dir='ltr'><strong>ita:</strong></span> 
     </span>
    </p>
   </div>
   <div class='ocr_carea' id='block_1_76' title="bbox 2210 3290 3774 3382">
    <p class='ocr_par' dir='ltr' id='par_1_76' title="bbox 2210 3290 3774 3382">
     <span class='ocr_line' id='line_1_76' title="bbox 2210 3290 3774 3382; baseline 0.001 0"><span class='ocrx_word' id='word_1_543' title='bbox 2210 3290 2394 3382; x_wconf 56' lang='grc' dir='ltr'>τῖσμίῖ)</span> <span class='ocrx_word' id='word_1_544' title='bbox 2436 3305 2962 3368; x_wconf 82' lang='grc' dir='ltr'>κατακολουθοῦντες</span> <span class='ocrx_word' id='word_1_545' title='bbox 2997 3301 3075 3373; x_wconf 76' lang='grc' dir='ltr'><strong>τῷ</strong></span> <span class='ocrx_word' id='word_1_546' title='bbox 3116 3301 3376 3371; x_wconf 69' lang='grc' dir='ltr'><strong>φάσκοντι</strong></span> <span class='ocrx_word' id='word_1_547' title='bbox 3397 3311 3413 3328; x_wconf 79' lang='grc'><em>’</em></span> <span class='ocrx_word' id='word_1_548' title='bbox 3444 3313 3464 3346; x_wconf 70' lang='grc'>⁸</span> <span class='ocrx_word' id='word_1_549' title='bbox 3499 3291 3672 3348; x_wconf 38' lang='lat' dir='ltr'><strong>vam)</strong></span> 
     </span>
    </p>
   </div>
   <div class='ocr_carea' id='block_1_77' title="bbox 2213 3380 3776 3474">
    <p class='ocr_par' dir='ltr' id='par_1_77' title="bbox 2213 3380 3776 3474">
     <span class='ocr_line' id='line_1_77' title="bbox 2213 3380 3776 3474; baseline -0.015 -16"><span class='ocrx_word' id='word_1_550' title='bbox 2213 3380 2520 3474; x_wconf 81' lang='grc' dir='ltr'>πνεύματι,</span> <span class='ocrx_word' id='word_1_551' title='bbox 2559 3397 2712 3470; x_wconf 85' lang='grc' dir='ltr'>ψαλῶ</span> <span class='ocrx_word' id='word_1_552' title='bbox 2747 3397 2842 3452; x_wconf 72' lang='grc' dir='ltr'><strong>καὶ</strong></span> <span class='ocrx_word' id='word_1_553' title='bbox 2885 3394 2966 3467; x_wconf 77' lang='grc' dir='ltr'>τῷ</span> <span class='ocrx_word' id='word_1_554' title='bbox 2999 3393 3112 3448; x_wconf 77' lang='grc' dir='ltr'>νοῒ·</span> <span class='ocrx_word' id='word_1_555' title='bbox 3156 3410 3176 3444; x_wconf 70' lang='grc' dir='ltr'><strong>ι</strong></span> <span class='ocrx_word' id='word_1_556' title='bbox 3214 3385 3632 3460; x_wconf 82' lang='grc' dir='ltr'>ὠφελιμώτερον</span> <span class='ocrx_word' id='word_1_557' title='bbox 3657 3380 3776 3474; x_wconf 33' lang='grc' dir='ltr'>,γὰρ</span> 
     </span>
    </p>
   </div>
   <div class='ocr_carea' id='block_1_78' title="bbox 2213 3472 3773 3569">
    <p class='ocr_par' dir='ltr' id='par_1_78' title="bbox 2213 3472 3773 3569">
     <span class='ocr_line' id='line_1_78' title="bbox 2213 3472 3773 3569; baseline -0.015 -18"><span class='ocrx_word' id='word_1_558' title='bbox 2213 3472 2396 3569; x_wconf 74' lang='grc' dir='ltr'>ἔχουσι</span> <span class='ocrx_word' id='word_1_559' title='bbox 2437 3495 2497 3549; x_wconf 83' lang='grc' dir='ltr'>τὸ</span> <span class='ocrx_word' id='word_1_560' title='bbox 2537 3493 2669 3548; x_wconf 82' lang='grc' dir='ltr'>δέκα</span> <span class='ocrx_word' id='word_1_561' title='bbox 2721 3491 2934 3562; x_wconf 85' lang='grc' dir='ltr'>στίχους</span> <span class='ocrx_word' id='word_1_562' title='bbox 2970 3485 3110 3558; x_wconf 85' lang='grc' dir='ltr'>μετὰ</span> <span class='ocrx_word' id='word_1_563' title='bbox 3153 3483 3416 3546; x_wconf 78' lang='grc' dir='ltr'>συνέσεως</span> <span class='ocrx_word' id='word_1_564' title='bbox 3465 3477 3708 3550; x_wconf 77' lang='grc' dir='ltr'>ψάλλειν,</span> <span class='ocrx_word' id='word_1_565' title='bbox 3741 3472 3773 3544; x_wconf 70' lang='grc' dir='ltr'>ἢ</span> 
     </span>
    </p>
   </div>
   <div class='ocr_carea' id='block_1_79' title="bbox 2215 3572 3552 3658">
    <p class='ocr_par' dir='ltr' id='par_1_79' title="bbox 2215 3572 3552 3658">
     <span class='ocr_line' id='line_1_79' title="bbox 2215 3572 3552 3658; baseline -0.015 -13"><span class='ocrx_word' id='word_1_566' title='bbox 2215 3589 2335 3645; x_wconf 84' lang='grc' dir='ltr'>ὅλον</span> <span class='ocrx_word' id='word_1_567' title='bbox 2363 3587 2425 3642; x_wconf 79' lang='grc' dir='ltr'>τὸ</span> <span class='ocrx_word' id='word_1_568' title='bbox 2449 3585 2746 3658; x_wconf 73' lang='grc' dir='ltr'>ψαλτήριον</span> <span class='ocrx_word' id='word_1_569' title='bbox 2783 3581 2920 3654; x_wconf 87' lang='grc' dir='ltr'><strong>μετὰ</strong></span> <span class='ocrx_word' id='word_1_570' title='bbox 2949 3577 3260 3648; x_wconf 83' lang='grc' dir='ltr'>συγχύσεως</span> <span class='ocrx_word' id='word_1_571' title='bbox 3288 3572 3552 3638; x_wconf 86' lang='grc' dir='ltr'>διανοίας.</span> 
     </span>
    </p>
   </div>
   <div class='ocr_carea' id='block_1_80' title="bbox 2286 3663 3778 3743">
    <p class='ocr_par' dir='ltr' id='par_1_80' title="bbox 2286 3663 3778 3743">
     <span class='ocr_line' id='line_1_80' title="bbox 2286 3663 3778 3743; baseline -0.014 -6"><span class='ocrx_word' id='word_1_572' title='bbox 2286 3682 2343 3738; x_wconf 73' lang='lat'><strong>2.</strong></span> <span class='ocrx_word' id='word_1_573' title='bbox 2374 3677 2776 3734; x_wconf 82' lang='grc' dir='ltr'>Τελειωθέντων</span> <span class='ocrx_word' id='word_1_574' title='bbox 2805 3675 2861 3728; x_wconf 85' lang='grc' dir='ltr'>δὲ</span> <span class='ocrx_word' id='word_1_575' title='bbox 2889 3673 2998 3728; x_wconf 86' lang='grc' dir='ltr'><strong>τῶν</strong></span> <span class='ocrx_word' id='word_1_576' title='bbox 3028 3669 3258 3743; x_wconf 80' lang='grc' dir='ltr'>ψαλμῶν</span> <span class='ocrx_word' id='word_1_577' title='bbox 3291 3667 3386 3721; x_wconf 77' lang='grc' dir='ltr'><strong>καὶ</strong></span> <span class='ocrx_word' id='word_1_578' title='bbox 3414 3663 3510 3720; x_wconf 86' lang='grc' dir='ltr'><strong>τοῦ</strong></span> <span class='ocrx_word' id='word_1_579' title='bbox 3539 3664 3778 3728; x_wconf 84' lang='grc' dir='ltr'>κανόνος,</span> 
     </span>
    </p>
   </div>
   <div class='ocr_carea' id='block_1_81' title="bbox 2218 3755 3780 3840">
    <p class='ocr_par' dir='ltr' id='par_1_81' title="bbox 2218 3755 3780 3840">
     <span class='ocr_line' id='line_1_81' title="bbox 2218 3755 3780 3840; baseline -0.015 -10"><span class='ocrx_word' id='word_1_580' title='bbox 2218 3773 2392 3838; x_wconf 68' lang='grc' dir='ltr'>οὕτως</span> <span class='ocrx_word' id='word_1_581' title='bbox 2452 3772 2530 3836; x_wconf 80' lang='grc' dir='ltr'>ὡς</span> <span class='ocrx_word' id='word_1_582' title='bbox 2587 3769 2843 3840; x_wconf 80' lang='grc' dir='ltr'>ἀνωτέρω</span> <span class='ocrx_word' id='word_1_583' title='bbox 2893 3760 3406 3837; x_wconf 80' lang='grc' dir='ltr'>ἐμνημονεύσαμεν,</span> <span class='ocrx_word' id='word_1_584' title='bbox 3453 3757 3631 3822; x_wconf 76' lang='grc' dir='ltr'>οὐδεὶς</span> <span class='ocrx_word' id='word_1_585' title='bbox 3675 3755 3780 3809; x_wconf 85' lang='grc' dir='ltr'><strong>τῶν</strong></span> 
     </span>
    </p>
   </div>
   <div class='ocr_carea' id='block_1_82' title="bbox 2223 3844 3779 3935">
    <p class='ocr_par' dir='ltr' id='par_1_82' title="bbox 2223 3844 3779 3935">
     <span class='ocr_line' id='line_1_82' title="bbox 2223 3844 3779 3935; baseline -0.015 -14"><span class='ocrx_word' id='word_1_586' title='bbox 2223 3863 2465 3935; x_wconf 80' lang='grc' dir='ltr'>ἀδελφῶν</span> <span class='ocrx_word' id='word_1_587' title='bbox 2509 3861 2612 3918; x_wconf 82' lang='grc' dir='ltr'>κᾶν</span> <span class='ocrx_word' id='word_1_588' title='bbox 2655 3859 2790 3932; x_wconf 82' lang='grc' dir='ltr'>πρὸς</span> <span class='ocrx_word' id='word_1_589' title='bbox 2835 3856 3014 3924; x_wconf 83' lang='grc' dir='ltr'>ὀλίγον</span> <span class='ocrx_word' id='word_1_590' title='bbox 3054 3854 3272 3924; x_wconf 82' lang='grc' dir='ltr'>στῆναι,</span> <span class='ocrx_word' id='word_1_591' title='bbox 3315 3851 3350 3922; x_wconf 80' lang='grc' dir='ltr'>ἢ</span> <span class='ocrx_word' id='word_1_592' title='bbox 3381 3849 3639 3920; x_wconf 82' lang='grc' dir='ltr'>ὁμιλῆσαι</span> <span class='ocrx_word' id='word_1_593' title='bbox 3671 3844 3779 3917; x_wconf 80' lang='grc' dir='ltr'>μετ’</span> 
     </span>
    </p>
   </div>
   <div class='ocr_carea' id='block_1_83' title="bbox 2222 3935 3782 4027">
    <p class='ocr_par' dir='ltr' id='par_1_83' title="bbox 2222 3935 3782 4027">
     <span class='ocr_line' id='line_1_83' title="bbox 2222 3935 3782 4027; baseline -0.017 -13"><span class='ocrx_word' id='word_1_594' title='bbox 2222 3959 2382 4016; x_wconf 80' lang='grc' dir='ltr'>ἄλλου</span> <span class='ocrx_word' id='word_1_595' title='bbox 2412 3955 2587 4027; x_wconf 87' lang='grc' dir='ltr'>τολμᾷ</span> <span class='ocrx_word' id='word_1_596' title='bbox 2606 3970 2621 3984; x_wconf 83' lang='grc'><em>’</em></span> <span class='ocrx_word' id='word_1_597' title='bbox 2648 3951 2762 4007; x_wconf 82' lang='grc' dir='ltr'>ἀλλ’</span> <span class='ocrx_word' id='word_1_598' title='bbox 2790 3949 2912 4004; x_wconf 80' lang='grc' dir='ltr'>οῦδὲ</span> <span class='ocrx_word' id='word_1_599' title='bbox 2938 3946 3032 4000; x_wconf 91' lang='grc' dir='ltr'><strong>τοῦ</strong></span> <span class='ocrx_word' id='word_1_600' title='bbox 3077 3942 3287 3998; x_wconf 84' lang='grc' dir='ltr'>κελλίου</span> <span class='ocrx_word' id='word_1_601' title='bbox 3322 3939 3603 4015; x_wconf 81' lang='grc' dir='ltr'>προελθεῖν</span> <span class='ocrx_word' id='word_1_602' title='bbox 3623 3980 3640 4005; x_wconf 90' lang='grc'><strong>,</strong></span> <span class='ocrx_word' id='word_1_603' title='bbox 3669 3937 3702 4008; x_wconf 75' lang='grc' dir='ltr'>ἢ</span> <span class='ocrx_word' id='word_1_604' title='bbox 3727 3935 3782 3988; x_wconf 88' lang='grc' dir='ltr'><strong>τδ</strong></span> 
     </span>
    </p>
   </div>
   <div class='ocr_carea' id='block_1_84' title="bbox 2225 4027 3784 4123">
    <p class='ocr_par' dir='ltr' id='par_1_84' title="bbox 2225 4027 3784 4123">
     <span class='ocr_line' id='line_1_84' title="bbox 2225 4027 3784 4123; baseline -0.015 -18"><span class='ocrx_word' id='word_1_605' title='bbox 2225 4051 2383 4123; x_wconf 72' lang='grc' dir='ltr'>ἔργον</span> <span class='ocrx_word' id='word_1_606' title='bbox 2411 4045 2722 4102; x_wconf 85' lang='grc' dir='ltr'>καταλιπεῖν</span> <span class='ocrx_word' id='word_1_607' title='bbox 2743 4084 2758 4110; x_wconf 94' lang='grc'><strong>,</strong></span> <span class='ocrx_word' id='word_1_608' title='bbox 2783 4042 2812 4096; x_wconf 83' lang='grc' dir='ltr'><strong>ὃ</strong></span> <span class='ocrx_word' id='word_1_609' title='bbox 2845 4039 2980 4114; x_wconf 89' lang='grc' dir='ltr'><strong>μετά</strong></span> <span class='ocrx_word' id='word_1_610' title='bbox 3017 4041 3204 4112; x_wconf 86' lang='grc' dir='ltr'>χεῖρας</span> <span class='ocrx_word' id='word_1_611' title='bbox 3233 4035 3444 4108; x_wconf 74' lang='grc' dir='ltr'>ἔχουσιν</span> <span class='ocrx_word' id='word_1_612' title='bbox 3461 4075 3477 4100; x_wconf 87' lang='grc'><strong>,</strong></span> <span class='ocrx_word' id='word_1_613' title='bbox 3508 4027 3784 4088; x_wconf 86' lang='grc' dir='ltr'>ἀποστολι-</span> 
     </span>
    </p>
   </div>
   <div class='ocr_carea' id='block_1_85' title="bbox 2225 4120 3787 4211">
    <p class='ocr_par' dir='ltr' id='par_1_85' title="bbox 2225 4120 3787 4211">
     <span class='ocr_line' id='line_1_85' title="bbox 2225 4120 3787 4211; baseline -0.016 -15"><span class='ocrx_word' id='word_1_614' title='bbox 2225 4120 2318 4196; x_wconf 78' lang='grc' dir='ltr'><strong>κδν</strong></span> <span class='ocrx_word' id='word_1_615' title='bbox 2347 4139 2676 4211; x_wconf 77' lang='grc' dir='ltr'>πληροῦντες</span> <span class='ocrx_word' id='word_1_616' title='bbox 2703 4131 3092 4206; x_wconf 80' lang='grc' dir='ltr'>παράγγελμα,</span> <span class='ocrx_word' id='word_1_617' title='bbox 3121 4131 3169 4182; x_wconf 85' lang='grc' dir='ltr'><strong>εί</strong></span> <span class='ocrx_word' id='word_1_618' title='bbox 3203 4129 3274 4199; x_wconf 84' lang='grc' dir='ltr'>μή</span> <span class='ocrx_word' id='word_1_619' title='bbox 3300 4125 3401 4180; x_wconf 89' lang='grc' dir='ltr'><strong>πού</strong></span> <span class='ocrx_word' id='word_1_620' title='bbox 3431 4141 3496 4194; x_wconf 89' lang='grc' dir='ltr'><strong>γε</strong></span> <span class='ocrx_word' id='word_1_621' title='bbox 3527 4123 3686 4194; x_wconf 87' lang='grc' dir='ltr'>χρεία</span> <span class='ocrx_word' id='word_1_622' title='bbox 3705 4120 3787 4189; x_wconf 87' lang='grc' dir='ltr'><strong>γέ-</strong></span> 
     </span>
    </p>
   </div>
   <div class='ocr_carea' id='block_1_86' title="bbox 2225 4215 3786 4306">
    <p class='ocr_par' dir='ltr' id='par_1_86' title="bbox 2225 4215 3786 4306">
     <span class='ocr_line' id='line_1_86' title="bbox 2225 4215 3786 4306; baseline -0.015 -18"><span class='ocrx_word' id='word_1_623' title='bbox 2225 4215 2406 4306; x_wconf 72' lang='grc' dir='ltr'>νηται</span> <span class='ocrx_word' id='word_1_624' title='bbox 2427 4232 2559 4304; x_wconf 78' lang='grc' dir='ltr'>πρὸς</span> <span class='ocrx_word' id='word_1_625' title='bbox 2607 4226 2847 4299; x_wconf 90' lang='grc' dir='ltr'>καθῆκόν</span> <span class='ocrx_word' id='word_1_626' title='bbox 2887 4240 3030 4286; x_wconf 89' lang='grc' dir='ltr'>τινος</span> <span class='ocrx_word' id='word_1_627' title='bbox 3066 4217 3362 4288; x_wconf 84' lang='grc' dir='ltr'>ἀναγκαίου</span> <span class='ocrx_word' id='word_1_628' title='bbox 3401 4215 3560 4287; x_wconf 75' lang='grc' dir='ltr'>ἔργου</span> <span class='ocrx_word' id='word_1_629' title='bbox 3590 4215 3786 4274; x_wconf 80' lang='grc' dir='ltr'>πάντας</span> 
     </span>
    </p>
   </div>
   <div class='ocr_carea' id='block_1_87' title="bbox 2228 4303 3792 4390">
    <p class='ocr_par' dir='ltr' id='par_1_87' title="bbox 2228 4303 3792 4390">
     <span class='ocr_line' id='line_1_87' title="bbox 2228 4303 3792 4390; baseline -0.004 -13"><span class='ocrx_word' id='word_1_630' title='bbox 2228 4303 2583 4378; x_wconf 81' lang='grc' dir='ltr'>συνεισελθεῖν</span> <span class='ocrx_word' id='word_1_631' title='bbox 2603 4361 2617 4384; x_wconf 90' lang='grc'><strong>,</strong></span> <span class='ocrx_word' id='word_1_632' title='bbox 2646 4320 2784 4390; x_wconf 81' lang='grc' dir='ltr'>ὅπερ</span> <span class='ocrx_word' id='word_1_633' title='bbox 2825 4315 2968 4370; x_wconf 78' lang='grc' dir='ltr'>οὕτω</span> <span class='ocrx_word' id='word_1_634' title='bbox 3010 4311 3146 4382; x_wconf 84' lang='grc' dir='ltr'>μετὰ</span> <span class='ocrx_word' id='word_1_635' title='bbox 3189 4308 3424 4380; x_wconf 79' lang='grc' dir='ltr'>σπουδῆς</span> <span class='ocrx_word' id='word_1_636' title='bbox 3454 4307 3550 4360; x_wconf 62' lang='grc' dir='ltr'>καὶ</span> <span class='ocrx_word' id='word_1_637' title='bbox 3577 4303 3792 4377; x_wconf 66' lang='grc' dir='ltr'>ἐξερχόι</span> 
     </span>
    </p>
   </div>
   <div class='ocr_carea' id='block_1_88' title="bbox 2231 4396 3786 4487">
    <p class='ocr_par' dir='ltr' id='par_1_88' title="bbox 2231 4396 3786 4487">
     <span class='ocr_line' id='line_1_88' title="bbox 2231 4396 3786 4487; baseline -0.014 -17"><span class='ocrx_word' id='word_1_638' title='bbox 2231 4433 2378 4487; x_wconf 86' lang='grc' dir='ltr'>μενοι</span> <span class='ocrx_word' id='word_1_639' title='bbox 2409 4411 2706 4484; x_wconf 79' lang='grc' dir='ltr'>πληροῦσιν</span> <span class='ocrx_word' id='word_1_640' title='bbox 2726 4450 2740 4475; x_wconf 93' lang='grc'><strong>,</strong></span> <span class='ocrx_word' id='word_1_641' title='bbox 2774 4408 2849 4471; x_wconf 87' lang='grc' dir='ltr'>ὡς</span> <span class='ocrx_word' id='word_1_642' title='bbox 2881 4405 3148 4478; x_wconf 90' lang='grc' dir='ltr'>μηδεμίαν</span> <span class='ocrx_word' id='word_1_643' title='bbox 3203 4401 3419 4473; x_wconf 87' lang='grc' dir='ltr'>ὁμιλίαν</span> <span class='ocrx_word' id='word_1_644' title='bbox 3465 4398 3665 4471; x_wconf 69' lang='grc' dir='ltr'>μεταξὺ</span> <span class='ocrx_word' id='word_1_645' title='bbox 3693 4396 3786 4450; x_wconf 85' lang='grc' dir='ltr'>αύ-</span> 
     </span>
    </p>
   </div>
   <div class='ocr_carea' id='block_1_89' title="bbox 2228 4488 3788 4567">
    <p class='ocr_par' dir='ltr' id='par_1_89' title="bbox 2228 4488 3788 4567">
     <span class='ocr_line' id='line_1_89' title="bbox 2228 4488 3788 4567; baseline -0.015 -6"><span class='ocrx_word' id='word_1_646' title='bbox 2228 4507 2334 4561; x_wconf 90' lang='grc' dir='ltr'><strong>τῶν</strong></span> <span class='ocrx_word' id='word_1_647' title='bbox 2357 4505 2706 4567; x_wconf 90' lang='grc' dir='ltr'>ἀνακύπτειν,</span> <span class='ocrx_word' id='word_1_648' title='bbox 2741 4499 2853 4554; x_wconf 84' lang='grc' dir='ltr'>ἀλλ’</span> <span class='ocrx_word' id='word_1_649' title='bbox 2882 4499 3107 4551; x_wconf 73' lang='grc' dir='ltr'>ἕκαστον</span> <span class='ocrx_word' id='word_1_650' title='bbox 3137 4493 3472 4567; x_wconf 83' lang='grc' dir='ltr'>προσέχοντα</span> <span class='ocrx_word' id='word_1_651' title='bbox 3498 4493 3564 4561; x_wconf 85' lang='grc' dir='ltr'><strong>τῇ</strong></span> <span class='ocrx_word' id='word_1_652' title='bbox 3603 4488 3788 4560; x_wconf 82' lang='grc' dir='ltr'>μελέτῃ</span> 
     </span>
    </p>
   </div>
   <div class='ocr_carea' id='block_1_90' title="bbox 562 4583 2108 4678">
    <p class='ocr_par' dir='ltr' id='par_1_90' title="bbox 562 4583 2108 4678">
     <span class='ocr_line' id='line_1_90' title="bbox 562 4583 2108 4678; baseline -0.005 -17"><span class='ocrx_word' id='word_1_653' title='bbox 562 4605 756 4678; x_wconf 77' lang='lat' dir='ltr'><strong>Magna</strong></span> <span class='ocrx_word' id='word_1_654' title='bbox 799 4583 963 4676; x_wconf 70' lang='lat' dir='ltr'><strong>porro</strong></span> <span class='ocrx_word' id='word_1_655' title='bbox 991 4583 1361 4662; x_wconf 79' lang='lat' dir='ltr'><strong>sollicitudine</strong></span> <span class='ocrx_word' id='word_1_656' title='bbox 1407 4583 1621 4668; x_wconf 70' lang='lat' dir='ltr'><strong>cavent,</strong></span> <span class='ocrx_word' id='word_1_657' title='bbox 1657 4620 1726 4660; x_wconf 90' lang='lat' dir='ltr'><strong>ne</strong></span> <span class='ocrx_word' id='word_1_658' title='bbox 1751 4603 1874 4674; x_wconf 83' lang='lat' dir='ltr'><strong>quis</strong></span> <span class='ocrx_word' id='word_1_659' title='bbox 1897 4601 2108 4656; x_wconf 67' lang='lat' dir='ltr'><strong>fratrm!</strong></span> 
     </span>
    </p>
   </div>
   <div class='ocr_carea' id='block_1_91' title="bbox 2208 4583 3793 4678">
    <p class='ocr_par' dir='ltr' id='par_1_91' title="bbox 2228 4583 3793 4668">
     <span class='ocr_line' id='line_1_91' title="bbox 2228 4583 3793 4668; baseline -0.012 -18"><span class='ocrx_word' id='word_1_660' title='bbox 2228 4599 2326 4668; x_wconf 88' lang='grc' dir='ltr'><strong>τῆς</strong></span> <span class='ocrx_word' id='word_1_661' title='bbox 2370 4595 2607 4658; x_wconf 83' lang='grc' dir='ltr'>διανοίας</span> <span class='ocrx_word' id='word_1_662' title='bbox 2650 4593 2747 4646; x_wconf 75' lang='grc' dir='ltr'>καὶ</span> <span class='ocrx_word' id='word_1_663' title='bbox 2788 4589 2866 4661; x_wconf 84' lang='grc' dir='ltr'>τῷ</span> <span class='ocrx_word' id='word_1_664' title='bbox 2901 4586 3134 4659; x_wconf 80' lang='grc' dir='ltr'>ψαλμῷ,</span> <span class='ocrx_word' id='word_1_665' title='bbox 3159 4583 3492 4657; x_wconf 86' lang='grc' dir='ltr'>πληροῦντες</span> <span class='ocrx_word' id='word_1_666' title='bbox 3515 4583 3576 4635; x_wconf 82' lang='grc' dir='ltr'><strong>τὸ</strong></span> <span class='ocrx_word' id='word_1_667' title='bbox 3609 4596 3793 4650; x_wconf 87' lang='grc' dir='ltr'>προτε-</span> 
     </span>
    </p>
   </div>
   <div class='ocr_carea' id='block_1_92' title="bbox 562 4692 2130 4764">
    <p class='ocr_par' dir='ltr' id='par_1_92' title="bbox 562 4692 2130 4764">
     <span class='ocr_line' id='line_1_92' title="bbox 562 4692 2130 4764; baseline -0.007 -10"><span class='ocrx_word' id='word_1_668' title='bbox 562 4714 688 4754; x_wconf 85' lang='lat' dir='ltr'><strong>cum</strong></span> <span class='ocrx_word' id='word_1_669' title='bbox 737 4698 846 4753; x_wconf 91' lang='lat' dir='ltr'><strong>alio</strong></span> <span class='ocrx_word' id='word_1_670' title='bbox 891 4698 1125 4754; x_wconf 80' lang='lat' dir='ltr'><strong>maxime</strong></span> <span class='ocrx_word' id='word_1_671' title='bbox 1155 4696 1360 4752; x_wconf 86' lang='lat' dir='ltr'><strong>novitio</strong></span> <span class='ocrx_word' id='word_1_672' title='bbox 1398 4695 1550 4750; x_wconf 93' lang='lat' dir='ltr'><strong>solus</strong></span> <span class='ocrx_word' id='word_1_673' title='bbox 1575 4708 1816 4764; x_wconf 83' lang='lat' dir='ltr'><strong>unquam</strong></span> <span class='ocrx_word' id='word_1_674' title='bbox 1848 4692 2130 4762; x_wconf 81' lang='lat' dir='ltr'><strong>relinqua-</strong></span> 
     </span>
    </p>
   </div>
   <div class='ocr_carea' id='block_1_93' title="bbox 562 4783 2132 4854">
    <p class='ocr_par' dir='ltr' id='par_1_93' title="bbox 562 4783 2132 4854">
     <span class='ocr_line' id='line_1_93' title="bbox 562 4783 2132 4854; baseline -0.006 -13"><span class='ocrx_word' id='word_1_675' title='bbox 562 4797 674 4853; x_wconf 90' lang='lat' dir='ltr'><strong>t-ur,</strong></span> <span class='ocrx_word' id='word_1_676' title='bbox 705 4796 800 4842; x_wconf 81' lang='lat' dir='ltr'><strong>aut</strong></span> <span class='ocrx_word' id='word_1_677' title='bbox 819 4787 1060 4844; x_wconf 76' lang='lat' dir='ltr'><strong>extensis</strong></span> <span class='ocrx_word' id='word_1_678' title='bbox 1102 4785 1352 4840; x_wconf 90' lang='lat' dir='ltr'><strong>manibus</strong></span> <span class='ocrx_word' id='word_1_679' title='bbox 1387 4783 1621 4854; x_wconf 82' lang='lat' dir='ltr'><strong>aliquem</strong></span> <span class='ocrx_word' id='word_1_680' title='bbox 1671 4791 2013 4839; x_wconf 85' lang='lat' dir='ltr'><strong>contrectare</strong></span> <span class='ocrx_word' id='word_1_681' title='bbox 2038 4787 2132 4833; x_wconf 88' lang='lat' dir='ltr'><strong>aut</strong></span> 
     </span>
    </p>
   </div>
   <div class='ocr_carea' id='block_1_94' title="bbox 564 4871 2133 4951">
    <p class='ocr_par' dir='ltr' id='par_1_94' title="bbox 564 4871 2133 4951">
     <span class='ocr_line' id='line_1_94' title="bbox 564 4871 2133 4951; baseline -0.008 -15"><span class='ocrx_word' id='word_1_682' title='bbox 564 4880 857 4951; x_wconf 75' lang='lat' dir='ltr'><strong>complecti</strong></span> <span class='ocrx_word' id='word_1_683' title='bbox 886 4879 1102 4936; x_wconf 85' lang='lat' dir='ltr'><strong>audeat.</strong></span> <span class='ocrx_word' id='word_1_684' title='bbox 1162 4877 1318 4946; x_wconf 83' lang='lat' dir='ltr'><strong>Quod</strong></span> <span class='ocrx_word' id='word_1_685' title='bbox 1375 4877 1420 4934; x_wconf 91' lang='lat' dir='ltr'><strong>si</strong></span> <span class='ocrx_word' id='word_1_686' title='bbox 1481 4877 1604 4948; x_wconf 90' lang='lat' dir='ltr'><strong>quis</strong></span> <span class='ocrx_word' id='word_1_687' title='bbox 1647 4875 1788 4930; x_wconf 88' lang='lat' dir='ltr'><strong>hanc</strong></span> <span class='ocrx_word' id='word_1_688' title='bbox 1829 4871 2133 4942; x_wconf 85' lang='lat' dir='ltr'><strong>transgredi</strong></span> 
     </span>
    </p>
   </div>
   <div class='ocr_carea' id='block_1_95' title="bbox 564 4955 2134 5042">
    <p class='ocr_par' dir='ltr' id='par_1_95' title="bbox 564 4955 2134 5042">
     <span class='ocr_line' id='line_1_95' title="bbox 564 4955 2134 5042; baseline -0.007 -16"><span class='ocrx_word' id='word_1_689' title='bbox 564 4971 808 5042; x_wconf 85' lang='lat' dir='ltr'><strong>regulam</strong></span> <span class='ocrx_word' id='word_1_690' title='bbox 865 4969 1344 5041; x_wconf 76' lang='lat' dir='ltr'><strong>deprehendatur,</strong></span> <span class='ocrx_word' id='word_1_691' title='bbox 1414 4955 1753 5038; x_wconf 63' lang='lat' dir='ltr'><strong>gravissima:</strong></span> <span class='ocrx_word' id='word_1_692' title='bbox 1803 4963 2134 5035; x_wconf 83' lang='lat' dir='ltr'><strong>correptioni</strong></span> 
     </span>
    </p>
   </div>
   <div class='ocr_carea' id='block_1_96' title="bbox 567 5065 876 5134">
    <p class='ocr_par' dir='ltr' id='par_1_96' title="bbox 567 5065 876 5134">
     <span class='ocr_line' id='line_1_96' title="bbox 567 5065 876 5134; baseline -0.006 -14"><span class='ocrx_word' id='word_1_693' title='bbox 567 5065 876 5134; x_wconf 82' lang='lat' dir='ltr'><strong>subjicitur.</strong></span> 
     </span>
    </p>
   </div>
   <div class='ocr_carea' id='block_1_97' title="bbox 636 5233 2134 5312">
    <p class='ocr_par' dir='ltr' id='par_1_97' title="bbox 636 5233 2134 5312">
     <span class='ocr_line' id='line_1_97' title="bbox 636 5233 2134 5312; baseline -0.009 -17"><span class='ocrx_word' id='word_1_694' title='bbox 636 5241 692 5296; x_wconf 77' lang='grc'><strong>5.</strong></span> <span class='ocrx_word' id='word_1_695' title='bbox 730 5238 842 5312; x_wconf 76' lang='grc'><strong>(45)</strong></span> <span class='ocrx_word' id='word_1_696' title='bbox 877 5238 954 5296; x_wconf 87' lang='lat' dir='ltr'><strong>De</strong></span> <span class='ocrx_word' id='word_1_697' title='bbox 1008 5238 1278 5294; x_wconf 80' lang='lat' dir='ltr'><strong>canonico</strong></span> <span class='ocrx_word' id='word_1_698' title='bbox 1320 5237 1504 5307; x_wconf 89' lang='lat' dir='ltr'><strong>itaque</strong></span> <span class='ocrx_word' id='word_1_699' title='bbox 1537 5249 1707 5299; x_wconf 79' lang='lat' dir='ltr'><strong>more,</strong></span> <span class='ocrx_word' id='word_1_700' title='bbox 1760 5233 1874 5288; x_wconf 88' lang='lat' dir='ltr'><strong>sive</strong></span> <span class='ocrx_word' id='word_1_701' title='bbox 1914 5243 2134 5301; x_wconf 88' lang='lat' dir='ltr'><strong>precum</strong></span> 
     </span>
    </p>
   </div>
   <div class='ocr_carea' id='block_1_98' title="bbox 571 5320 2133 5398">
    <p class='ocr_par' dir='ltr' id='par_1_98' title="bbox 571 5320 2133 5398">
     <span class='ocr_line' id='line_1_98' title="bbox 571 5320 2133 5398; baseline -0.008 -15"><span class='ocrx_word' id='word_1_702' title='bbox 571 5329 687 5383; x_wconf 82' lang='lat' dir='ltr'><strong>sive</strong></span> <span class='ocrx_word' id='word_1_703' title='bbox 715 5329 1072 5398; x_wconf 87' lang='lat' dir='ltr'><strong>psalmorum,</strong></span> <span class='ocrx_word' id='word_1_704' title='bbox 1102 5343 1212 5396; x_wconf 91' lang='lat' dir='ltr'><strong>quo</strong></span> <span class='ocrx_word' id='word_1_705' title='bbox 1255 5335 1412 5396; x_wconf 88' lang='lat' dir='ltr'><strong>pacto</strong></span> <span class='ocrx_word' id='word_1_706' title='bbox 1446 5326 1652 5380; x_wconf 79' lang='lat' dir='ltr'><strong>scilicet</strong></span> <span class='ocrx_word' id='word_1_707' title='bbox 1677 5339 1771 5380; x_wconf 90' lang='lat' dir='ltr'><strong>eas</strong></span> <span class='ocrx_word' id='word_1_708' title='bbox 1801 5327 2050 5391; x_wconf 83' lang='lat' dir='ltr'><strong>Oportcat</strong></span> <span class='ocrx_word' id='word_1_709' title='bbox 2078 5320 2133 5372; x_wconf 88' lang='lat' dir='ltr'><strong>in</strong></span> 
     </span>
    </p>
   </div>
   <div class='ocr_carea' id='block_1_99' title="bbox 571 5411 2135 5484">
    <p class='ocr_par' dir='ltr' id='par_1_99' title="bbox 571 5411 2135 5484">
     <span class='ocr_line' id='line_1_99' title="bbox 571 5411 2135 5484; baseline -0.006 -10"><span class='ocrx_word' id='word_1_710' title='bbox 571 5421 785 5476; x_wconf 86' lang='lat' dir='ltr'><strong>diurnis</strong></span> <span class='ocrx_word' id='word_1_711' title='bbox 833 5419 1191 5474; x_wconf 85' lang='lat' dir='ltr'><strong>conventibus</strong></span> <span class='ocrx_word' id='word_1_712' title='bbox 1225 5417 1522 5484; x_wconf 83' lang='lat' dir='ltr'><strong>observari,</strong></span> <span class='ocrx_word' id='word_1_713' title='bbox 1554 5423 1639 5472; x_wconf 87' lang='lat' dir='ltr'><strong>sat</strong></span> <span class='ocrx_word' id='word_1_714' title='bbox 1677 5430 1709 5469; x_wconf 87' lang='lat' dir='ltr'><strong>a</strong></span> <span class='ocrx_word' id='word_1_715' title='bbox 1739 5412 2022 5479; x_wconf 83' lang='lat' dir='ltr'><strong>nobisjam</strong></span> <span class='ocrx_word' id='word_1_716' title='bbox 2055 5411 2135 5464; x_wconf 89' lang='lat' dir='ltr'><strong>di-</strong></span> 
     </span>
    </p>
   </div>
   <div class='ocr_carea' id='block_1_100' title="bbox 571 5503 2138 5580">
    <p class='ocr_par' dir='ltr' id='par_1_100' title="bbox 571 5503 2138 5580">
     <span class='ocr_line' id='line_1_100' title="bbox 571 5503 2138 5580; baseline -0.005 -14"><span class='ocrx_word' id='word_1_717' title='bbox 571 5522 722 5566; x_wconf 80' lang='lat' dir='ltr'><strong>ctum</strong></span> <span class='ocrx_word' id='word_1_718' title='bbox 749 5517 856 5566; x_wconf 89' lang='lat' dir='ltr'><strong>est.</strong></span> <span class='ocrx_word' id='word_1_719' title='bbox 911 5510 1178 5580; x_wconf 82' lang='lat' dir='ltr'><strong>Deinceps</strong></span> <span class='ocrx_word' id='word_1_720' title='bbox 1219 5525 1354 5566; x_wconf 84' lang='lat' dir='ltr'><strong>vero</strong></span> <span class='ocrx_word' id='word_1_721' title='bbox 1383 5510 1649 5580; x_wconf 82' lang='lat' dir='ltr'><strong>agendum</strong></span> <span class='ocrx_word' id='word_1_722' title='bbox 1677 5506 1836 5562; x_wconf 87' lang='lat' dir='ltr'><strong>nobis</strong></span> <span class='ocrx_word' id='word_1_723' title='bbox 1866 5516 1948 5560; x_wconf 91' lang='lat' dir='ltr'><strong>est</strong></span> <span class='ocrx_word' id='word_1_724' title='bbox 1976 5503 2044 5560; x_wconf 89' lang='lat' dir='ltr'><strong>de</strong></span> <span class='ocrx_word' id='word_1_725' title='bbox 2071 5503 2138 5558; x_wconf 90' lang='lat' dir='ltr'><strong>iis</strong></span> 
     </span>
    </p>
   </div>
   <div class='ocr_carea' id='block_1_101' title="bbox 649 5664 1188 5732">
    <p class='ocr_par' dir='ltr' id='par_1_101' title="bbox 649 5664 1188 5732">
     <span class='ocr_line' id='line_1_101' title="bbox 649 5664 1188 5732; baseline 0.006 -14"><span class='ocrx_word' id='word_1_726' title='bbox 649 5666 696 5700; x_wconf 77' lang='grc'><strong>³³</strong></span> <span class='ocrx_word' id='word_1_727' title='bbox 733 5664 756 5717; x_wconf 91' lang='grc' dir='ltr'><strong>ι</strong></span> <span class='ocrx_word' id='word_1_728' title='bbox 789 5665 914 5720; x_wconf 85' lang='lat' dir='ltr'><strong>Cor.</strong></span> <span class='ocrx_word' id='word_1_729' title='bbox 949 5682 1063 5732; x_wconf 78' lang='lat' dir='ltr'><strong>xw,</strong></span> <span class='ocrx_word' id='word_1_730' title='bbox 1101 5666 1188 5721; x_wconf 73' lang='lat'><strong>15.</strong></span> 
     </span>
    </p>
   </div>
   <div class='ocr_carea' id='block_1_102' title="bbox 531 5798 1748 5884">
    <p class='ocr_par' dir='ltr' id='par_1_102' title="bbox 531 5798 1748 5884">
     <span class='ocr_line' id='line_1_102' title="bbox 531 5798 1748 5884; baseline -0.006 -8"><span class='ocrx_word' id='word_1_731' title='bbox 531 5798 553 5876; x_wconf 62' lang='grc' dir='ltr'><strong>ὲ.</strong></span> <span class='ocrx_word' id='word_1_732' title='bbox 648 5819 762 5884; x_wconf 62' lang='grc' dir='ltr'>(ιο)</span> <span class='ocrx_word' id='word_1_733' title='bbox 794 5817 1040 5874; x_wconf 64' lang='lat' dir='ltr'><strong>Cassiani.</strong></span> <span class='ocrx_word' id='word_1_734' title='bbox 1073 5817 1312 5875; x_wconf 71' lang='lat' dir='ltr'><strong>Iustina.</strong></span> <span class='ocrx_word' id='word_1_735' title='bbox 1342 5820 1436 5875; x_wconf 93' lang='lat' dir='ltr'><strong>lib.</strong></span> <span class='ocrx_word' id='word_1_736' title='bbox 1476 5835 1538 5884; x_wconf 85' lang='grc' dir='ltr'><strong>ιι,</strong></span> <span class='ocrx_word' id='word_1_737' title='bbox 1578 5835 1627 5874; x_wconf 89' lang='lat' dir='ltr'><strong>c.</strong></span> <span class='ocrx_word' id='word_1_738' title='bbox 1669 5817 1748 5874; x_wconf 83' lang='grc' dir='ltr'>ιο.</span> 
     </span>
    </p>
   </div>
   <div class='ocr_carea' id='block_1_103' title="bbox 648 5819 1126 5964">
    <p class='ocr_par' dir='ltr' id='par_1_103' title="bbox 648 5819 1126 5964">
     <span class='ocr_line' id='line_1_103' title="bbox 672 5819 1126 5875; baseline -0.004 -1"><span class='ocrx_word' id='word_1_739' title='bbox 672 5819 741 5875; x_wconf 65' lang='lat'><strong>50</strong></span> <span class='ocrx_word' id='word_1_740' title='bbox 794 5819 1040 5874; x_wconf 62' lang='lat' dir='ltr'><strong>Cassian.</strong></span> <span class='ocrx_word' id='word_1_741' title='bbox 1073 5819 1126 5874; x_wconf 67' lang='lat' dir='ltr'><strong>Im</strong></span> 
     </span>
     <span class='ocr_line' id='line_1_104' title="bbox 648 5819 1126 5964; baseline -0.008 -17"><span class='ocrx_word' id='word_1_742' title='bbox 648 5819 764 5964; x_wconf 50' lang='lat' dir='ltr'><strong>2M;</strong></span> <span class='ocrx_word' id='word_1_743' title='bbox 797 5887 933 5945; x_wconf 81' lang='lat' dir='ltr'><strong>ibid.</strong></span> <span class='ocrx_word' id='word_1_744' title='bbox 961 5905 1008 5944; x_wconf 90' lang='lat' dir='ltr'><strong>c.</strong></span> <span class='ocrx_word' id='word_1_745' title='bbox 1040 5888 1126 5944; x_wconf 76' lang='lat' dir='ltr'><strong>ii.</strong></span> 
     </span>
    </p>
   </div>
   <div class='ocr_carea' id='block_1_104' title="bbox 2231 4669 3791 4758">
    <p class='ocr_par' dir='ltr' id='par_1_104' title="bbox 2231 4669 3791 4758">
     <span class='ocr_line' id='line_1_105' title="bbox 2231 4669 3791 4758; baseline -0.013 -16"><span class='ocrx_word' id='word_1_746' title='bbox 2231 4687 2521 4758; x_wconf 80' lang='grc' dir='ltr'>τατμένον.</span> <span class='ocrx_word' id='word_1_747' title='bbox 2543 4683 2770 4756; x_wconf 79' lang='grc' dir='ltr'>Μεγάλῃ</span> <span class='ocrx_word' id='word_1_748' title='bbox 2791 4681 2847 4734; x_wconf 86' lang='grc' dir='ltr'>δὲ</span> <span class='ocrx_word' id='word_1_749' title='bbox 2869 4679 3074 4750; x_wconf 77' lang='grc' dir='ltr'>σπουδῇ</span> <span class='ocrx_word' id='word_1_750' title='bbox 3095 4677 3436 4746; x_wconf 81' lang='grc' dir='ltr'>φυλάττουσι,</span> <span class='ocrx_word' id='word_1_751' title='bbox 3461 4675 3534 4745; x_wconf 81' lang='grc' dir='ltr'>μή</span> <span class='ocrx_word' id='word_1_752' title='bbox 3557 4691 3640 4736; x_wconf 88' lang='grc' dir='ltr'><strong>τις</strong></span> <span class='ocrx_word' id='word_1_753' title='bbox 3664 4669 3791 4743; x_wconf 87' lang='grc' dir='ltr'><strong>μετά</strong></span> 
     </span>
    </p>
   </div>
   <div class='ocr_carea' id='block_1_105' title="bbox 2233 4762 3793 4847">
    <p class='ocr_par' dir='ltr' id='par_1_105' title="bbox 2233 4762 3793 4847">
     <span class='ocr_line' id='line_1_106' title="bbox 2233 4762 3793 4847; baseline -0.013 -13"><span class='ocrx_word' id='word_1_754' title='bbox 2233 4780 2416 4842; x_wconf 80' lang='grc' dir='ltr'>ἄλλου,</span> <span class='ocrx_word' id='word_1_755' title='bbox 2451 4779 2546 4832; x_wconf 72' lang='grc' dir='ltr'><strong>καὶ</strong></span> <span class='ocrx_word' id='word_1_756' title='bbox 2579 4775 2810 4847; x_wconf 85' lang='grc' dir='ltr'>μάλιστα</span> <span class='ocrx_word' id='word_1_757' title='bbox 2837 4771 3101 4844; x_wconf 85' lang='grc' dir='ltr'>ἀρχαρίου</span> <span class='ocrx_word' id='word_1_758' title='bbox 3123 4810 3137 4834; x_wconf 86' lang='grc'><strong>,</strong></span> <span class='ocrx_word' id='word_1_759' title='bbox 3171 4768 3469 4837; x_wconf 75' lang='grc' dir='ltr'>ἀπολειφθῇ</span> <span class='ocrx_word' id='word_1_760' title='bbox 3504 4765 3616 4818; x_wconf 87' lang='grc' dir='ltr'><strong>τῶν</strong></span> <span class='ocrx_word' id='word_1_761' title='bbox 3647 4762 3793 4816; x_wconf 88' lang='grc' dir='ltr'>ἀδελ-</span> 
     </span>
    </p>
   </div>
   <div class='ocr_carea' id='block_1_106' title="bbox 2235 4855 3796 4940">
    <p class='ocr_par' dir='ltr' id='par_1_106' title="bbox 2235 4855 3796 4940">
     <span class='ocr_line' id='line_1_107' title="bbox 2235 4855 3796 4940; baseline -0.013 -15"><span class='ocrx_word' id='word_1_762' title='bbox 2235 4870 2350 4940; x_wconf 86' lang='grc' dir='ltr'><strong>φῶν</strong></span> <span class='ocrx_word' id='word_1_763' title='bbox 2381 4870 2595 4934; x_wconf 77' lang='grc' dir='ltr'>ἰδιὰζων</span> <span class='ocrx_word' id='word_1_764' title='bbox 2630 4865 2732 4920; x_wconf 86' lang='grc' dir='ltr'><strong>πού</strong></span> <span class='ocrx_word' id='word_1_765' title='bbox 2777 4882 2905 4918; x_wconf 90' lang='grc' dir='ltr'>ποτε</span> <span class='ocrx_word' id='word_1_766' title='bbox 2925 4863 2997 4934; x_wconf 81' lang='grc' dir='ltr'>,ἢ</span> <span class='ocrx_word' id='word_1_767' title='bbox 3027 4861 3125 4924; x_wconf 73' lang='grc' dir='ltr'>τὰς</span> <span class='ocrx_word' id='word_1_768' title='bbox 3157 4860 3295 4922; x_wconf 79' lang='grc' dir='ltr'>ἰδίας</span> <span class='ocrx_word' id='word_1_769' title='bbox 3339 4861 3530 4930; x_wconf 86' lang='grc' dir='ltr'>χεῖρας</span> <span class='ocrx_word' id='word_1_770' title='bbox 3560 4855 3796 4916; x_wconf 74' lang='grc' dir='ltr'>ἐκτείνας</span> 
     </span>
    </p>
   </div>
   <div class='ocr_carea' id='block_1_107' title="bbox 2234 4946 3799 5033">
    <p class='ocr_par' dir='ltr' id='par_1_107' title="bbox 2234 4946 3799 5033">
     <span class='ocr_line' id='line_1_108' title="bbox 2234 4946 3799 5033; baseline -0.012 -19"><span class='ocrx_word' id='word_1_771' title='bbox 2234 4961 2476 5033; x_wconf 80' lang='grc' dir='ltr'>τολμήσῃ</span> <span class='ocrx_word' id='word_1_772' title='bbox 2505 4959 2796 5028; x_wconf 83' lang='grc' dir='ltr'>κατασχεῖν</span> <span class='ocrx_word' id='word_1_773' title='bbox 2828 4957 2862 5027; x_wconf 80' lang='grc' dir='ltr'>ἢ</span> <span class='ocrx_word' id='word_1_774' title='bbox 2892 4952 3288 5027; x_wconf 81' lang='grc' dir='ltr'>περιπλακῆναι</span> <span class='ocrx_word' id='word_1_775' title='bbox 3317 4949 3508 5022; x_wconf 82' lang='grc' dir='ltr'>ἑτέρῳ.</span> <span class='ocrx_word' id='word_1_776' title='bbox 3540 4949 3605 5001; x_wconf 83' lang='grc' dir='ltr'><strong>Εἰ</strong></span> <span class='ocrx_word' id='word_1_777' title='bbox 3641 4946 3696 5000; x_wconf 79' lang='grc' dir='ltr'>δέ</span> <span class='ocrx_word' id='word_1_778' title='bbox 3719 4961 3799 5006; x_wconf 88' lang='grc' dir='ltr'><strong>τις</strong></span> 
     </span>
    </p>
   </div>
   <div class='ocr_carea' id='block_1_108' title="bbox 2239 5036 3803 5124">
    <p class='ocr_par' dir='ltr' id='par_1_108' title="bbox 2239 5036 3803 5124">
     <span class='ocr_line' id='line_1_109' title="bbox 2239 5036 3803 5124; baseline -0.008 -20"><span class='ocrx_word' id='word_1_779' title='bbox 2239 5051 2589 5124; x_wconf 79' lang='grc' dir='ltr'>παραϐαίνων</span> <span class='ocrx_word' id='word_1_780' title='bbox 2613 5049 2704 5102; x_wconf 84' lang='grc' dir='ltr'><strong>τὸν</strong></span> <span class='ocrx_word' id='word_1_781' title='bbox 2736 5047 2935 5102; x_wconf 86' lang='grc' dir='ltr'>κανόνα</span> <span class='ocrx_word' id='word_1_782' title='bbox 2965 5043 3152 5099; x_wconf 88' lang='grc' dir='ltr'>τοῦτον</span> <span class='ocrx_word' id='word_1_783' title='bbox 3175 5041 3392 5114; x_wconf 81' lang='grc' dir='ltr'>εὑρεθῇ,</span> <span class='ocrx_word' id='word_1_784' title='bbox 3423 5040 3679 5111; x_wconf 79' lang='grc' dir='ltr'>ἐπιτιμίῳ</span> <span class='ocrx_word' id='word_1_785' title='bbox 3709 5036 3803 5110; x_wconf 59' lang='lat' dir='ltr'><strong>ﬂa-</strong></span> 
     </span>
    </p>
   </div>
   <div class='ocr_carea' id='block_1_109' title="bbox 2243 5139 2836 5212">
    <p class='ocr_par' dir='ltr' id='par_1_109' title="bbox 2243 5139 2836 5212">
     <span class='ocr_line' id='line_1_110' title="bbox 2243 5139 2836 5212; baseline -0.008 -18"><span class='ocrx_word' id='word_1_786' title='bbox 2243 5143 2453 5212; x_wconf 82' lang='grc' dir='ltr'>ρυτάτῳ</span> <span class='ocrx_word' id='word_1_787' title='bbox 2479 5139 2836 5193; x_wconf 73' lang='grc' dir='ltr'>ὑποϐάλλεται</span> 
     </span>
    </p>
   </div>
   <div class='ocr_carea' id='block_1_110' title="bbox 2311 5219 3786 5300">
    <p class='ocr_par' dir='ltr' id='par_1_110' title="bbox 2311 5219 3786 5300">
     <span class='ocr_line' id='line_1_111' title="bbox 2311 5219 3786 5300; baseline -0.007 -17"><span class='ocrx_word' id='word_1_788' title='bbox 2311 5232 2368 5288; x_wconf 78' lang='grc'><strong>5.,</strong></span> <span class='ocrx_word' id='word_1_789' title='bbox 2407 5231 2542 5300; x_wconf 75' lang='grc' dir='ltr'>Περὶ</span> <span class='ocrx_word' id='word_1_790' title='bbox 2578 5230 2674 5300; x_wconf 82' lang='grc' dir='ltr'><strong>μὲν</strong></span> <span class='ocrx_word' id='word_1_791' title='bbox 2705 5225 2800 5282; x_wconf 82' lang='grc' dir='ltr'><strong>οῦν</strong></span> <span class='ocrx_word' id='word_1_792' title='bbox 2829 5227 2922 5280; x_wconf 88' lang='grc' dir='ltr'><strong>τοῦ</strong></span> <span class='ocrx_word' id='word_1_793' title='bbox 2954 5223 3234 5280; x_wconf 85' lang='grc' dir='ltr'>κανονικοῦ</span> <span class='ocrx_word' id='word_1_794' title='bbox 3258 5223 3472 5293; x_wconf 60' lang='grc' dir='ltr'>τρόπου</span> <span class='ocrx_word' id='word_1_795' title='bbox 3495 5223 3606 5276; x_wconf 89' lang='grc' dir='ltr'><strong>τῶν</strong></span> <span class='ocrx_word' id='word_1_796' title='bbox 3631 5239 3688 5275; x_wconf 87' lang='grc' dir='ltr'><strong>τε</strong></span> <span class='ocrx_word' id='word_1_797' title='bbox 3712 5219 3786 5272; x_wconf 78' lang='grc' dir='ltr'>εὑ-</span> 
     </span>
    </p>
   </div>
   <div class='ocr_carea' id='block_1_111' title="bbox 2239 5313 3776 5392">
    <p class='ocr_par' dir='ltr' id='par_1_111' title="bbox 2239 5313 3776 5392">
     <span class='ocr_line' id='line_1_112' title="bbox 2239 5313 3776 5392; baseline -0.008 -17"><span class='ocrx_word' id='word_1_798' title='bbox 2239 5321 2347 5392; x_wconf 87' lang='grc' dir='ltr'><strong>χῶν</strong></span> <span class='ocrx_word' id='word_1_799' title='bbox 2395 5322 2487 5375; x_wconf 68' lang='grc' dir='ltr'>καὶ</span> <span class='ocrx_word' id='word_1_800' title='bbox 2517 5321 2622 5374; x_wconf 87' lang='grc' dir='ltr'><strong>τῶν</strong></span> <span class='ocrx_word' id='word_1_801' title='bbox 2650 5318 2908 5390; x_wconf 84' lang='grc' dir='ltr'>ψαλμῶν,</span> <span class='ocrx_word' id='word_1_802' title='bbox 2941 5318 2998 5382; x_wconf 79' lang='grc' dir='ltr'>ὃς</span> <span class='ocrx_word' id='word_1_803' title='bbox 3034 5316 3235 5386; x_wconf 78' lang='grc' dir='ltr'>ὀφείλει</span> <span class='ocrx_word' id='word_1_804' title='bbox 3267 5317 3323 5368; x_wconf 83' lang='grc' dir='ltr'>ὲν</span> <span class='ocrx_word' id='word_1_805' title='bbox 3351 5317 3473 5378; x_wconf 88' lang='grc' dir='ltr'>ταῖς</span> <span class='ocrx_word' id='word_1_806' title='bbox 3505 5313 3776 5383; x_wconf 83' lang='grc' dir='ltr'>καθημερι</span> 
     </span>
    </p>
   </div>
   <div class='ocr_carea' id='block_1_112' title="bbox 2241 5403 3810 5482">
    <p class='ocr_par' dir='ltr' id='par_1_112' title="bbox 2241 5403 3810 5482">
     <span class='ocr_line' id='line_1_113' title="bbox 2241 5403 3810 5482; baseline -0.008 -14"><span class='ocrx_word' id='word_1_807' title='bbox 2241 5417 2360 5478; x_wconf 83' lang='grc' dir='ltr'>ναῖς</span> <span class='ocrx_word' id='word_1_808' title='bbox 2383 5414 2617 5478; x_wconf 85' lang='grc' dir='ltr'>συνόδοις</span> <span class='ocrx_word' id='word_1_809' title='bbox 2634 5411 3014 5482; x_wconf 81' lang='grc' dir='ltr'>φυλάττεσθαι,</span> <span class='ocrx_word' id='word_1_810' title='bbox 3039 5409 3232 5472; x_wconf 85' lang='grc' dir='ltr'>ἱκανῶς</span> <span class='ocrx_word' id='word_1_811' title='bbox 3251 5407 3626 5480; x_wconf 75' lang='grc' dir='ltr'>ήμῖνεῖρηται.</span> <span class='ocrx_word' id='word_1_812' title='bbox 3641 5403 3810 5474; x_wconf 72' lang='grc' dir='ltr'>Ὀφεί·</span> 
     </span>
    </p>
   </div>
   <div class='ocr_carea' id='block_1_113' title="bbox 2242 5494 3809 5574">
    <p class='ocr_par' dir='ltr' id='par_1_113' title="bbox 2242 5494 3809 5574">
     <span class='ocr_line' id='line_1_114' title="bbox 2242 5494 3809 5574; baseline -0.004 -19"><span class='ocrx_word' id='word_1_813' title='bbox 2242 5503 2406 5574; x_wconf 83' lang='grc' dir='ltr'>λομεν</span> <span class='ocrx_word' id='word_1_814' title='bbox 2435 5503 2494 5560; x_wconf 77' lang='grc' dir='ltr'>δὲ</span> <span class='ocrx_word' id='word_1_815' title='bbox 2516 5503 2699 5558; x_wconf 79' lang='grc' dir='ltr'>λοιπὸν</span> <span class='ocrx_word' id='word_1_816' title='bbox 2731 5501 2860 5574; x_wconf 76' lang='grc' dir='ltr'>περὶ</span> <span class='ocrx_word' id='word_1_817' title='bbox 2896 5500 3004 5554; x_wconf 89' lang='grc' dir='ltr'><strong>τῶν</strong></span> <span class='ocrx_word' id='word_1_818' title='bbox 3034 5497 3490 5568; x_wconf 83' lang='grc' dir='ltr'>ἀποτασσομὲνων</span> <span class='ocrx_word' id='word_1_819' title='bbox 3517 5495 3598 5570; x_wconf 81' lang='grc' dir='ltr'>τῷ</span> <span class='ocrx_word' id='word_1_820' title='bbox 3620 5494 3809 5567; x_wconf 65' lang='grc' dir='ltr'>κόσμῳ</span> 
     </span>
    </p>
   </div>
   <div class='ocr_carea' id='block_1_114' title="bbox 2321 5803 2810 5876">
    <p class='ocr_par' dir='ltr' id='par_1_114' title="bbox 2321 5803 2810 5876">
     <span class='ocr_line' id='line_1_115' title="bbox 2321 5803 2810 5876; baseline -0.012 -14"><span class='ocrx_word' id='word_1_821' title='bbox 2321 5807 2430 5876; x_wconf 69' lang='grc'><strong>(42)</strong></span> <span class='ocrx_word' id='word_1_822' title='bbox 2471 5805 2606 5860; x_wconf 85' lang='lat' dir='ltr'><strong>Ibid.</strong></span> <span class='ocrx_word' id='word_1_823' title='bbox 2627 5819 2689 5876; x_wconf 84' lang='lat' dir='ltr'><strong>c.</strong></span> <span class='ocrx_word' id='word_1_824' title='bbox 2721 5803 2810 5857; x_wconf 69' lang='lat'><strong>15.</strong></span> 
     </span>
    </p>
   </div>
   <div class='ocr_carea' id='block_1_115' title="bbox 2326 5871 2982 5942">
    <p class='ocr_par' dir='ltr' id='par_1_115' title="bbox 2326 5871 2982 5942">
     <span class='ocr_line' id='line_1_116' title="bbox 2326 5871 2982 5942; baseline -0.018 -7"><span class='ocrx_word' id='word_1_825' title='bbox 2326 5871 2436 5942; x_wconf 54' lang='lat'><strong>(63&#39;)</strong></span> <span class='ocrx_word' id='word_1_826' title='bbox 2469 5877 2598 5932; x_wconf 87' lang='lat' dir='ltr'><strong>Ibid.</strong></span> <span class='ocrx_word' id='word_1_827' title='bbox 2623 5875 2717 5930; x_wconf 88' lang='lat' dir='ltr'><strong>lib.</strong></span> <span class='ocrx_word' id='word_1_828' title='bbox 2749 5889 2821 5932; x_wconf 79' lang='grc' dir='ltr'>ιν.</span> <span class='ocrx_word' id='word_1_829' title='bbox 2855 5885 2905 5926; x_wconf 89' lang='lat' dir='ltr'><strong>c.</strong></span> <span class='ocrx_word' id='word_1_830' title='bbox 2936 5871 2982 5924; x_wconf 76' lang='grc' dir='ltr'>ἱ.</span> 
     </span>
    </p>
   </div>
  </div>
