4050 6396
317 342 423 395 355

1499 339 1835 398 EPISTOLA
1872 341 1894 396 Ι
1932 340 2022 395 ΔΙ)
2060 339 2453 399 CASTOREM.

3457 342 3563 400 854

315 449 676 523 διηγήσασθαι
695 492 711 516 ,
745 450 883 522 ποίῳ
908 452 1094 523 τρόπῳ
1137 453 1195 507 ὲν
1226 452 1434 518 τούτοις
1458 457 1569 518 τοῖς
1601 453 1887 518 κοινοϐίοις

1996 456 2078 526 qui
2104 455 2367 512 mundum
2410 452 2750 518 abdicarunt,
2781 465 2888 523 qua
2914 452 3127 509 ratione
3163 450 3221 505 in
3270 448 3422 507 hisce
3453 465 3571 505 coe-

243 556 247 560 '
317 541 684 613 εἰσέρχονται,
726 542 822 595 καὶ
865 541 1175 613 διαμένουσι
1213 543 1761 617 ταπεινοφρονοῦντες
1793 544 1887 597 καὶ

319 634 747 704 ὑποτασσόμενοι
790 633 896 696 ἕως
924 633 1227 705 βαθυτάτης
1270 634 1480 699 πολιᾶς.
1507 634 1752 706 Τοσαύτη
1780 634 1889 707 γάρ

319 728 449 799 παρ’
478 728 661 790 αύτοίς
687 729 720 798 ἡ
752 726 965 797 ὑπακοὴ
994 727 1089 780 καὶ
1135 728 1463 791 ταπείνωσις
1508 728 1636 799 ἄχρι
1680 730 1886 798 γήρως,

316 818 415 888 ὅση
458 819 558 871 ούκ
601 818 667 871 ἂν
704 817 899 889 εὑρεθῇ
942 816 1061 871 οὐδὲ
1096 816 1238 870 κατά
1269 817 1358 870 τὸν
1403 816 1618 889 πρῶτον
1648 817 1889 870 ἐνιαυτὸν

320 912 432 971 τοῖς
452 909 915 979 ἀποτασσομένοις
944 910 1001 962 ὲν
1028 910 1140 971 τοῖς
1166 907 1287 961 καθ’
1314 909 1460 978 ἡμᾶς
1492 906 1886 979 μοναστηρίοις.

316 1000 393 1052 Ού
425 1001 690 1071 πρότερον
716 999 892 1054 τοίνυν
919 999 1237 1070 δεχθήσεται
1264 998 1372 1051 ἔσω
1400 1001 1460 1051 ὲν
1502 998 1581 1068 τῷ
1628 1014 1893 1069 μοναστη-

321 1091 420 1164 ρίῳ
449 1093 478 1143 ὁ
504 1090 675 1144 θέλων
700 1094 946 1162 μονάσαι,
968 1092 1097 1163 πρὶν
1126 1088 1399 1154 ἀπόδειξίν
1426 1106 1547 1142 τινα
1578 1090 1672 1143 καὶ
1699 1092 1890 1161 πεῖραν

315 1182 409 1238 τοῦ
455 1183 593 1254 πρὸς
629 1183 762 1237 Θεὸν
802 1183 967 1237 πόθου
1002 1185 1097 1236 καὶ⁸
1119 1184 1218 1254 τῆς
1255 1182 1634 1246 ταπεινώσεως
1662 1183 1754 1235 καὶ
1785 1199 1890 1252 μα-

316 1276 621 1348 κροθυμίας
664 1276 752 1331 διὰ
794 1276 897 1347 τῆς
941 1274 1283 1329 ὲπιπλεῖστον
1327 1275 1572 1346 ὑπακοῆς
1610 1274 1888 1346 παράσχῃ.

312 1369 673 1442 Δοκιμασθεὶς
699 1364 790 1423 οὖν
814 1372 871 1423 ὲν
890 1368 1117 1433 τούτοις,
1136 1369 1531 1441 εὐπρόσδεκτος
1554 1369 1682 1439 παρ’
1711 1369 1893 1430 αὐτοῖς

314 1461 526 1529 γίνεται
550 1501 565 1526 ,
602 1462 696 1515 καὶ
740 1461 1048 1515 διδάσκεται
1098 1463 1198 1532 τῆς
1241 1460 1405 1515 αὑτοῦ
1456 1458 1772 1533 περιουσίας
1819 1457 1892 1529 μὴ

314 1554 458 1625 ἔχειν
485 1571 538 1607 τι
566 1553 1091 1627 τεθησαυρισμένον·
1129 1553 1443 1606 ἐπίστανται
1467 1552 1575 1623 γὰρ
1601 1551 1692 1605 τὸν
1716 1566 1893 1621 παρα-

236 1682 241 1689 .
311 1628 623 1715 κρατοῦντά
649 1661 702 1697 τι
722 1642 831 1697 τῶν
862 1643 1008 1697 ἰδίων
1040 1642 1114 1714 μὴ
1150 1642 1407 1696 δύνασθαι
1431 1640 1703 1713 διαμένειν
1734 1639 1895 1692 πολυ-

314 1736 529 1808 χρόνιον
563 1738 621 1791 ὲν
660 1739 726 1809 τῇ
750 1736 845 1789 τοῦ
880 1736 1243 1808 μοναστηρίου
1279 1736 1543 1806 ὑποταγῇ,
1579 1734 1672 1787 καὶ
1696 1749 1895 1787 κακου-

317 1832 411 1904 χίᾳ.
460 1833 543 1896 είς
585 1830 737 1895 τέλος
778 1833 1146 1904 ἐγκαρτερεῖν.
1213 1828 1407 1884 Ἦνίκα
1449 1829 1558 1901 γὰρ
1607 1828 1890 1900 οίαδήποτε

320 1923 594 1995 πρόφασις
621 1923 656 1994 ἢ
686 1922 863 1993 θλίψις
882 1922 980 1994 τὴν
1013 1922 1176 1977 αὑτοῦ
1206 1923 1415 1994 κινήσει
1443 1921 1701 1984 διάνοιαν,
1731 1919 1892 1985 εὐθὺς

318 2016 352 2086 ἡ
376 2013 472 2067 τοῦ
498 2012 859 2084 ἀποκειμένου
891 2012 1067 2076 ἐλπὶς,
1098 2011 1284 2084 ὥσπερ
1316 2010 1572 2082 σφενδόνη
1605 2009 1772 2075 λίθον,
1800 2008 1892 2063 τοῦ

321 2105 685 2177 μοναστηρίου
730 2105 1057 2158 ἐκτινάσσει.
1094 2105 1194 2160 Διά
1242 2122 1324 2158 τοι
1352 2100 1510 2157 τοῦτο
1538 2101 1769 2166 ἕκαστος
1800 2102 1896 2154 a6-

319 2199 424 2253 τῶν
446 2198 748 2270 γυμνοῦται
765 2197 866 2268 τῆς
894 2197 1126 2270 ἀρχαίας
1147 2196 1483 2269 περιουσίας,
1507 2194 1581 2258 ὡς
1604 2194 1737 2266 μηδὲ
1766 2194 1895 2247 αὐτὸ

317 2291 379 2343 τὸ
415 2289 620 2361 ἔνδυμα
650 2288 679 2342 ὃ
704 2276 1163 2361 περιϐεϐλῆμένος
1198 2284 1331 2360 ἦλθε
1371 2286 1465 2340 τοῦ
1496 2284 1684 2339 λοιποῦ
1714 2287 1895 2356 φορεῖν

321 2378 741 2451 συγχωρεῖσθαι.
804 2377 962 2431 Ἀλλὰ
986 2417 1000 2442 ,
1047 2377 1156 2431 τῶν
1209 2373 1452 2443 ἀδελφῶν
1509 2373 1727 2427 πάντων
1774 2387 1896 2423 συν-

317 2473 595 2545 ηγμένων,
620 2469 910 2542 προαχθεὶς
937 2470 1017 2534 είς
1042 2469 1103 2522 τδ
1131 2468 1314 2541 μέσον,
1334 2466 1581 2520 ἐκδύεται
1611 2465 1680 2518 τὰ
1707 2463 1897 2535 ἱμάτια

320 2565 388 2618 τὰ
416 2563 546 2627 ἴδια,
577 2562 672 2616 καὶ
701 2562 789 2616 διὰ
813 2561 922 2615 τῶν
956 2560 1154 2633 χειρῶν
1176 2558 1272 2613 τοῦ
1304 2557 1447 2612 ἀϐϐἄ
1471 2597 1486 2622 ,
1515 2556 1773 2628 ἐνδύμασι
1801 2552 1896 2609 τοῦ

325 2656 687 2729 μοναστηρίου
714 2653 1175 2727 μεταμφιέννυται
1195 2670 1209 2684 ·
1238 2652 1313 2715 ὡς
1337 2650 1426 2704 διὰ
1460 2649 1552 2704 τοῦ
1579 2648 1751 2701 τύπου
1777 2647 1900 2701 τού-

319 2765 412 2802 του
467 2747 764 2817 ἐπιγνῶναι
824 2746 1019 2810 αύτδν,
1062 2745 1177 2809 ὅτι,
1219 2742 1435 2797 πάντων
1478 2741 1586 2794 τῶν
1619 2738 1897 2812 κοσμικῶν

319 2839 663 2915 πραγμάτων
694 2840 790 2893 καὶ
820 2838 919 2909 τῆς
959 2835 1295 2902 ἀλαζονείας,
1330 2835 1428 2888 καὶ
1471 2832 1564 2887 τοῦ
1598 2831 1768 2903 τύφου
1793 2847 1897 2900 γυ-

322 2933 588 3007 μνωθεις,
623 2929 912 2988 ἐνεδύσατο
935 2928 1033 3004 τὴν
1063 2927 1335 2999 πτωχείαν
1360 2925 1454 2979 τοῦ
1489 2924 1726 2997 Χριστοῦ
1752 2965 1768 2991 ,
1804 2924 1900 2979 καὶ

316 3028 402 3081 ὅτι
430 3024 875 3096 ἀνεπαισχύντως
904 3018 1187 3095 ὲναριθμεί
1215 3017 1405 3075 ἑαυτὸν
1424 3061 1438 3076 .
1466 3016 1562 3071 καὶ
1608 3017 1778 3081 ἐξισοῖ
1821 3015 1900 3087 τῷ

321 3116 539 3189 σώματι
564 3116 664 3189 τῆς
702 3114 1076 3185 ἀδελφότητος.
1113 3114 1192 3167 Τὰ
1226 3113 1284 3167 δὲ
1320 3111 1509 3184 ἱμάτια
1545 3108 1582 3165 ἀ
1607 3106 1898 3168 ἀποδύεται

310 3209 501 3265 ’λαϐὼν
524 3210 554 3263 ό
574 3209 853 3280 οἰκονόμος
879 3208 980 3279 τῆς
1008 3207 1174 3279 μονῆς
1199 3205 1475 3275 φυλάττει,
1504 3203 1771 3276 ἀφορίσας
1790 3202 1895 3266 ἕως

316 3304 363 3357 δ’
397 3303 465 3357 ἂν
508 3303 609 3373 τῆς
635 3301 917 3373 προκοπῆς
961 3298 1125 3354 αὐτοῦ
1154 3299 1248 3353 καὶ
1281 3297 1379 3370 τῆς
1406 3297 1775 3369 ἀναστροφῆς,
1802 3295 1897 3350 καὶ

317 3394 598 3468 ὑπομονῆς
622 3395 719 3466 τῆς
743 3396 799 3447 ὲν
821 3392 1092 3463 διαφόροις
1120 3392 1441 3462 πειρασμοῖς
1461 3386 1733 3454 ἀπόδειξιν
1758 3405 1898 3460 παρ-

318 3491 486 3561 άσχῃ.
525 3488 636 3540 Καὶ
663 3488 712 3539 εί
748 3485 846 3556 μὲν
875 3482 1110 3557 εὑρωσιν
1166 3482 1330 3535 αύτδν
1357 3479 1655 3552 δυνάμενον
1693 3480 1751 3531 ὲν
1774 3478 1899 3533 τού-

316 3596 433 3643 τοις
483 3579 767 3649 καρτερεῖν
792 3615 807 3641 ,
838 3575 931 3630 καὶ
963 3575 1021 3628 ὲν
1066 3573 1267 3644 σπουδῇ
1296 3573 1442 3643 πάσῃ
1469 3611 1483 3636 ,
1528 3572 1621 3625 καὶ
1649 3570 1896 3643 διαπύρῳ

318 3676 523 3749 θέρμῃ,
608 3671 892 3744 ἐνήρξατο,
926 3668 1246 3741 διαμένοντα
1267 3707 1284 3734 ,
1312 3670 1423 3732 τοῖς
1457 3667 1659 3746 λοιποῖς
1682 3682 1898 3739 συναρι-

320 3743 855 3839 θμούσινῠάδελφοῖςσ
887 3764 935 3817 εί
956 3762 1013 3816 δέ
1036 3779 1090 3815 τι
1144 3759 1460 3832 γογγυσμοῦ
1501 3743 1818 3831 ἐλάττωμα,
1859 3759 1893 3831 ἢ

323 3859 604 3931 παρακοῆς
634 3857 953 3928 οίασδήποτε
991 3852 1263 3925 ἁμαρτίαν
1297 3854 1356 3905 ὲν
1413 3850 1563 3922 αὐτῷ
1609 3850 1896 3922 καταμάρ-

324 3951 492 4005 θωσιν
537 3949 601 4023 [f.
632 3945 1114 4020 καταμάρψωσιν],
1144 3944 1425 4005 ὲκδύοντες
1445 3942 1634 3998 τοῦτον
1667 3943 1808 4015 ἅπερ
1835 3945 1899 3996 ὲκ

320 4044 419 4100 τοῦ
448 4022 806 4116 μοναστηρίου
834 4038 1165 4103 ὲνεδύσαντο,
1189 4039 1415 4102 καὶτοῖς
1442 4038 1725 4108 κοσμικοῖς
1749 4034 1900 4089 ὲνδύ-
1942 4022 1947 4033 ’

325 4154 461 4209 μασι
486 4134 644 4190 πάλιν
668 4131 1100 4206 περιϐάλλοντες,
1118 4129 1460 4184 ἀπωθοῦνται
1487 4128 1580 4182 τοῦ
1607 4126 1895 4181 κοινοϐίου.

335 4230 515 4292 ⁹Ως,ὲκ
540 4224 745 4298 ταύτης
769 4223 955 4279 λοιπὸν
1000 4226 1099 4295 τῆς
1112 4221 1412 4294 ,ἀκριϐείας
1461 4220 1537 4293 μὴ
1571 4219 1791 4291 εὐχερὲς
1824 4213 1900 4272 εῖ-

323 4338 415 4378 ναι
450 4320 530 4393 τῷ
578 4318 885 4391 βουλομένῳ
917 4314 1257 4388 είσέρχεσθαι
1299 4314 1376 4379 ὡς
1421 4313 1668 4385 βούλεται
1702 4312 1735 4384 ἢ
1766 4313 1898 4365 ἀνα-

324 4416 525 4487 χωρεῖν
564 4413 664 4483 τῆς
715 4411 880 4483 μονῆς
903 4452 918 4476 ,
954 4408 1088 4463 ἀλλά
1141 4406 1232 4463 τὸν
1284 4408 1359 4479 μὴ
1405 4406 1712 4478 ἐμμένοντα
1758 4403 1901 4457 κατὰ

325 4506 506 4560 πάντα
548 4504 750 4575 τρόπον
795 4503 861 4576 τῇ
913 4499 1022 4555 ίδία
1064 4498 1324 4570 ὁμολογία
1379 4496 1763 4570 μετενδύεσθαι
1805 4494 1899 4581 ⁸εοῦ
1933 4507 1976 4561 ι)

326 4594 715 4671 μοναστηρίου.

395 4690 450 4745 4.
492 4691 622 4745 Ὅτε
672 4687 851 4741 τοίνυν
905 4682 943 4738 δ’
992 4683 1304 4754 ὑποδεχθεὶς
1355 4681 1559 4756 ταύτῃ,
1610 4674 1754 4756 ᾗπερ
1809 4681 1902 4734 εί-

323 4783 598 4857 ρήκαμεν,
643 4776 900 4851 ἀκριϐείᾳ
953 4774 1288 4846 δοκιμασθῇ,
1344 4773 1437 4828 καὶ
1474 4774 1759 4845 ἄμεμπτος
1812 4771 1903 4825 εὑ·-

317 4871 487 4946 ρεθῇ,
526 4871 586 4924 οὐ
625 4868 963 4942 παραχρῆμα
996 4869 1063 4939 τῇ
1102 4865 1315 4939 συνοδίᾳ
1348 4863 1457 4917 τῶν
1494 4862 1737 4932 ἀδελφῶν
1779 4878 1901 4915 συν-

316 4961 723 5035 αναμίγνυσθαι
783 4958 1171 5034 ἐπιτρέπεται,
1224 4955 1357 5011 ἀλλά
1417 4954 1769 5028 παραδίδοται
1818 4951 1898 5024 τῷ

316 5052 737 5124 ἓοτιτεταγμένῳ
762 5050 861 5122 τὴν
891 5048 1146 5121 φροντίδα
1184 5045 1291 5100 τῶν
1330 5046 1525 5112 ξένων,
1564 5044 1657 5097 καὶ
1689 5041 1898 5105 τούτοις

316 5148 505 5201 πᾶσαν
527 5142 844 5215 ἐπιμέλειαν
858 5141 951 5194 καὶ
972 5137 1275 5211 ὑπηρεσίαν
1289 5137 1461 5219 ποιεῖν
1478 5133 1894 5207 προστάσσεται·

316 5240 419 5294 καὶ
444 5238 535 5291 ὅτε
571 5233 863 5305 ὁλόκληρον
907 5230 1150 5285 ἐνιαυτὸν
1183 5227 1489 5301 ἀμέμπτως
1514 5225 1897 5299 ἐξυπηρετήσῃ

315 5335 435 5397 τοῖς
481 5329 653 5397 ξένοις
676 5366 693 5393 ,
732 5324 1002 5388 τυπωθεὶς
1030 5322 1118 5376 διὰ
1156 5320 1346 5375 τούτου
1395 5319 1531 5389 πρὸς
1571 5317 1901 5371 ταπείνωσιν

317 5424 416 5482 καὶ
443 5416 854 5494 μακροθυμίαν,
892 5413 1302 5485 συναριθμεῖται
1345 5410 1530 5464 λοιπὸν
1577 5411 1642 5480 τῇ
1686 5407 1899 5479 συνοδίᾳ

315 5516 427 5571 τῶν
456 5507 706 5581 ἀδελφῶν
724 5550 739 5576 ,
770 5507 865 5562 καὶ
892 5505 1241 5577 παραδίδοται
1272 5502 1352 5556 ἑνὶ
1382 5500 1489 5555 τῶν
1516 5499 1806 5572 γερόντων,
1842 5498 1899 5561 ὃς

378 5667 506 5735 '(44)
541 5661 1067 5735 Cassiart.}nstilut.
1100 5660 1191 5715 lib.
1229 5675 1302 5722 Iv,
1330 5672 1379 5711 c.
1410 5656 1463 5713 2.

392 5732 510 5811 με)
543 5735 683 5811 ea.
716 5749 766 5787 c-
944 5732 994 5787 ιο

391 5803 507 5880 (46)
543 5804 682 5862 Ibid.
710 5820 758 5860 ρ.
793 5803 842 5857 5.

1990 546 2171 602 nobiis
2218 544 2615 617 ingrediantur,
2651 543 2707 598 in
2738 542 2955 613 illisque
2978 550 3339 613 permaneant
3371 540 3429 597 in
3459 540 3569 597 bu-

1990 638 2219 692 militate
2263 644 2319 690 et
2354 635 2710 705 obsequentia
2742 648 2917 703 usque
2967 632 3036 687 ad
3058 640 3356 687 extremam
3401 645 3565 687 senc-

1990 738 2212 785 ctutem.
2243 728 2355 801 (44)
2387 727 2561 783 Tanta
2578 728 2777 799 quippe
2803 724 2945 796 apud
2968 725 3090 780 illos
3118 733 3202 781 est
3231 722 3564 786 obedientia,

1991 831 2140 878 tanta
2200 822 2478 877 humilitas
2531 822 2596 875 ad
2644 827 2982 875 senectutem
3011 834 3207 888 usque,
3247 824 3451 887 quanta
3499 832 3567 869 ne

1992 916 2168 986 primo
2191 914 2409 984 quidem
2450 928 2595 969 anno
2627 914 2680 967 in
2702 912 2771 967 iis
2795 911 2886 983 qui
2922 911 3179 966 saeculum
3218 908 3564 968 abdicarunt,

1990 1007 2048 1061 in
2088 1006 2438 1062 monasteriis
2485 1006 2687 1061 nostris
2745 1004 3067 1074 reperiatur.
3105 1000 3216 1073 (45)
3260 999 3377 1055 Non
3408 1000 3565 1069 prius

1991 1100 2177 1168 itaque
2209 1100 2265 1153 in
2314 1098 2649 1153 monasterio
2692 1096 3001 1151 admittitur
3026 1093 3121 1165 qui
3150 1093 3266 1147 vult
3294 1107 3417 1147 esse
3443 1104 3565 1146 mo-

1993 1190 2223 1254 nachus,
2247 1205 2409 1261 quam
2447 1190 2723 1260 specimen
2757 1198 2810 1245 et
2835 1188 3264 1258 experimentum
3286 1183 3562 1256 quoddam

1993 1280 2079 1335 sui
2100 1295 2230 1352 erga
2260 1279 2427 1335 Deum
2453 1280 2676 1343 amoris,
2698 1278 3023 1335 humilitatis
3048 1292 3161 1334 suae
3188 1284 3350 1347 atque
3381 1288 3564 1345 aqua-

1992 1359 2260 1430 nimitatié
2306 1389 2401 1443 per
2449 1386 2716 1429 summam
2778 1371 3140 1426 obedientiam
3196 1367 3422 1424 dederit.
3467 1364 3564 1420 llis

1995 1467 2176 1536 itaque
2231 1467 2514 1536 probatus,
2553 1472 2614 1519 ut
2676 1462 3043 1519 admittendus
3076 1460 3282 1516 abillis
3332 1458 3563 1513 habetur

1995 1567 2157 1629 atque
2177 1556 2427 1624 docetur,
2459 1573 2530 1613 ne
2558 1556 2853 1627 quidquam
2879 1555 2946 1610 de
2978 1553 3136 1609 bonis
3158 1553 3275 1607 suis
3315 1548 3457 1621 apud
3505 1563 3565 1603 se
3596 1618 3611 1633 δ

1994 1653 2335 1709 reconditum
2388 1659 2672 1707 conservet
2710 1649 2902 1721 :gnari
2956 1647 3166 1703 scilicet
3212 1659 3336 1699 eum
3367 1643 3461 1712 qui
3496 1639 3566 1696 de

1996 1745 2156 1800 bonis
2191 1744 2307 1800 suis
2336 1744 2635 1815 quidquam
2659 1743 2879 1807 retinet,
2919 1756 3029 1795 non
3062 1751 3223 1809 posse
3254 1734 3346 1789 diu
3370 1735 3425 1787 in
3448 1748 3564 1788 mo--

1992 1835 2220 1890 nasterii
2251 1834 2560 1889 obedientia
2601 1846 2941 1904 permanere,
2975 1845 3150 1901 neque
3187 1825 3253 1880 ad
3281 1825 3441 1881 finem
3470 1843 3565 1882 us-

1991 1940 2097 1995 que
2117 1938 2484 1994 perseverare,
2512 1937 2622 1992 prte
2651 1921 2818 1990 animi
2842 1922 3100 1992 languore
3124 1935 3187 1976 ac
3220 1920 3396 1975 taedio.
3427 1917 3562 1973 Cum

1993 2015 2197 2086 quaevis
2222 2015 2369 2069 enim
2400 2012 2627 2066 minima
2658 2011 2875 2065 occasio
2903 2018 2995 2063 aut
3026 2009 3240 2064 afﬂictio
3289 2010 3409 2079 ejus
3457 2020 3571 2061 me»

1992 2107 2141 2163 vebit
2168 2107 2433 2169 animum,
2465 2104 2648 2160 statim
2669 2102 2935 2159 reconditi
2959 2101 3201 2157 thesauri
3237 2117 3382 2171 spes,
3408 2098 3566 2169 quasi

1995 2199 2163 2255 funda
2192 2197 2448 2269 lapidem,
2485 2196 2818 2251 monasterio
2858 2194 3009 2248 illum
3041 2192 3209 2263 ejicit.
3252 2191 3361 2264 (46)
3386 2190 3568 2257 Quare

1994 2292 2175 2363 quivis
2209 2290 2426 2345 illorum
2462 2288 2702 2359 antiquis
2747 2286 3188 2358 possessionibus
3217 2284 3455 2347 exuitur,
3494 2284 3569 2338 ita

1996 2393 2057 2439 ut
2098 2398 2166 2439 ne
2222 2380 2547 2438 vestimento
2574 2377 2792 2449 quidem
2814 2393 2923 2448 quo
2957 2377 3182 2432 indutus
3208 2386 3326 2432 erat
3353 2375 3433 2429 uti
3462 2375 3569 2430 sibi

1995 2476 2177 2530 liceat.
2206 2471 2315 2527 Sed
2344 2470 2687 2543 congregatis
2702 2470 2917 2525 cunctis
2946 2469 3228 2533 fratribus,
3259 2467 3569 2523 inmedium

1997 2566 2286 2629 adductus,
2338 2564 2562 2620 exuitur
2617 2561 2958 2618 vestimentis
3012 2560 3344 2632 propriis,et
3380 2575 3569 2614 eorum

1996 2657 2117 2713 loco
2142 2656 2355 2711 abbatis
2388 2654 2642 2709 manibus
2666 2653 2983 2709 monasterii
3020 2653 3362 2709 vestimentis
3391 2651 3572 2706 indui-

1997 2758 2121 2816 tur;
2150 2756 2210 2803 ut
2237 2764 2301 2806 ea
2318 2748 2494 2804 forma
2526 2747 2968 2819 cognoscatipse,
2998 2762 3057 2802 se
3082 2745 3374 2800 mundanis
3402 2744 3571 2798 rebus

1997 2842 2252 2898 omnibus
2282 2841 2596 2913 arrogantia
2627 2843 2757 2897 item
2791 2848 2845 2895 et
2873 2840 3131 2910 superbia
3166 2839 3454 2902 nudatum,
3479 2836 3568 2890 in-

2000 2933 2186 2991 duisse
2242 2940 2617 3006 paupertatem
2673 2931 2903 2995 Christi,
2945 2939 3000 2986 et
3056 2932 3176 2987 sine
3207 2930 3414 3002 pudore
3448 2944 3571 2985 sese

1999 3040 2395 3083 connumerare
2418 3034 2472 3082 et
2497 3040 2785 3097 exaequare
2808 3024 3025 3095 corpori
3052 3022 3412 3079 fraternitatis
3435 3021 3572 3094 (47).

1925 3142 1967 3202 ο
2004 3117 2336 3175 Vestimenta
2398 3126 2578 3174 autem
2621 3110 2822 3188 quibus
2868 3116 3086 3173 exuitur
3140 3125 3361 3188 accepta
3390 3121 3573 3169 servat

2000 3226 2319 3270 (economus
2379 3212 2718 3277 monasterii,
2765 3218 2928 3283 atque
2983 3225 3232 3267 seorsum
3312 3208 3569 3278 reponit,

2001 3305 2175 3361 donec
2222 3306 2338 3376 ipse
2362 3303 2665 3375 profectus,
2712 3303 3147 3360 conversationis
3189 3301 3573 3372 patientiaeque

2001 3397 2055 3452 in
2088 3398 2255 3452 variis
2290 3396 2685 3451 tentatiunibus
2716 3396 2989 3466 specimen
3018 3394 3246 3450 dederit.
3276 3391 3343 3445 Et
3372 3391 3416 3447 si
3450 3392 3574 3461 qui-

2001 3487 2123 3543 dem
2182 3481 2618 3558 deprehendatur
2674 3488 2730 3541 in
2776 3486 2927 3541 hisce
2987 3500 3149 3556 posse
3197 3497 3569 3554 perseverare,

2001 3588 2165 3650 atque
2216 3594 2282 3635 eo
2327 3579 2529 3644 studio,
2577 3588 2632 3635 et
2677 3577 2905 3634 ferventi
2937 3580 3220 3649 proposito
3252 3593 3361 3648 quo
3406 3575 3575 3646 erepit

2002 3685 2357 3743 permanere,
2422 3670 2646 3743 reliquis
2700 3658 2824 3727 eum
2876 3669 3140 3726 fratribus
3186 3675 3570 3723 annumerant.

2002 3762 2158 3831 Quod
2197 3764 2243 3821 si
2281 3764 2335 3818 in
2377 3779 2443 3819 eo
2473 3763 2922 3819 murmurationis
2944 3763 3225 3829 delictum,
3257 3772 3351 3816 aut
3385 3745 3574 3816 iuobe—

2002 3858 2222 3913 dientiae
2268 3857 2563 3928 cujuslibet
2621 3865 2905 3928 peccatum
2945 3857 3302 3927 comperiant,
3346 3862 3571 3911 exutum

2002 3968 2126 4010 eum
2170 3951 2487 4008 monasterii
2540 3950 2904 4015 vestimentis,
2950 3964 3013 4004 ac
3047 3948 3341 4004 mundanis
3391 3946 3574 4002 denuo

2004 4046 2337 4102 indumentis
2350 4045 2606 4101 amiCtum
2623 4059 2691 4100 ex
2708 4043 2959 4100 cmnobio
2971 4042 3269 4121 expellunt,
3284 4042 3357 4096 ita
3370 4046 3430 4096 ut
3452 4047 3575 4112 post

2004 4146 2116 4192 tam
2145 4146 2457 4192 accuratam
2495 4135 2891 4206 probationem,
2916 4151 3024 4190 non
3055 4134 3213 4189 facile
3240 4133 3312 4189 sit
3348 4132 3572 4197 volenti,
3640 4162 3647 4167 ι

2004 4228 2233 4284 arbitrio
2258 4244 2359 4285 suo
2390 4228 2474 4283 vel
2498 4227 2708 4298 ingredi
2742 4228 2825 4282 vel
2854 4242 2884 4282 e
2914 4227 3246 4282 monasterio
3282 4223 3573 4289 secedere;

2005 4320 2101 4378 sed
2130 4323 2222 4393 qui
2249 4336 2308 4376 se
2328 4321 2614 4391 profitetur
2646 4334 2928 4375 remanere
2957 4317 3120 4385 nolle,
3155 4317 3380 4373 omnino
3405 4330 3573 4371 exua-

2004 4418 2096 4465 tur
2123 4410 2439 4467 monasterii
2460 4409 2821 4469 vestimentis.

2075 4674 2129 4729 4.
2164 4673 2276 4745 (48)
2297 4672 2434 4729 Cum
2481 4671 2645 4743 igitur
2698 4670 2744 4724 is
2779 4670 2872 4741 qui
2909 4676 3198 4738 susceptus
3237 4671 3342 4727 est,
3365 4676 3430 4719 ea
3465 4677 3571 4733 qua

2004 4765 2245 4822 diximus
2300 4765 2650 4820 accuratione
2683 4760 2967 4832 probatus,
3007 4758 3422 4828 inculpatusque
3463 4754 3574 4808 de—

2005 4858 2308 4929 prehensus
2335 4864 2441 4920 est,
2494 4870 2604 4909 non
2648 4852 2836 4908 statim
2886 4851 3115 4904 fratrum
3152 4846 3313 4902 coetui
3347 4842 3574 4898 commi-

2005 4949 2143 5005 sceri
2175 4945 2527 5018 permittitur,
2564 4944 2656 5000 sed
2681 4943 2915 4997 traditur
2934 4940 2981 4996 ei
3016 4939 3101 4995 cui
3135 4938 3404 5008 hospitum
3425 4949 3574 4988 com-

2005 5039 2174 5094 missa
2202 5053 2332 5092 cura
2362 5045 2467 5100 est,
2516 5044 2681 5106 atque
2705 5033 2926 5103 jubetur
2964 5030 3236 5100 hospitum
3268 5025 3574 5081 ministerio

2003 5140 2057 5186 et
2090 5131 2353 5200 obsequio
2381 5128 2608 5183 omnino
2630 5141 2855 5188 vacare;
2890 5138 2953 5177 ac
2984 5132 3270 5192 postquam
3300 5118 3571 5188 integrum

2004 5236 2206 5275 annum
2252 5218 2524 5288 inculpata
2574 5216 2816 5286 hospites
2842 5210 3136 5282 exceperit.
3168 5208 3271 5263 hac
3297 5223 3356 5262 re
3388 5208 3442 5261 in
3471 5207 3601 5276 hu-;

2004 5311 2288 5364 militatem
2328 5306 2644 5361 efformatus
2669 5312 2721 5360 et
2759 5304 2817 5358 in
2844 5299 3329 5373 aequanimitatem,
3354 5297 3573 5352 demum
3596 5292 3601 5301 ’

2002 5402 2168 5458 οωῑυὶ
2197 5400 2425 5454 fratrum
2452 5404 2864 5459 annumeratur,
2897 5401 3059 5466 atque
3087 5390 3249 5446 alicui
3275 5405 3306 5444 e
3342 5387 3575 5443 seniori-

2004 5495 2107 5550 bus
2135 5492 2387 5555 traditur,
2420 5489 2507 5544 cui
2530 5489 2695 5560 311
2727 5487 2959 5557 hujusce
2988 5484 3228 5539 muneris
3260 5480 3574 5537 sollicitudo

2076 5647 2188 5773 (47%
2229 5643 2366 5725 Ibid.
2402 5642 2540 5726 c._6.

2077 5720 2164 5773 (48
2222 5715 2432 5772 lbtd.c.
2481 5736 2520 5766 ι.

2077 5714 2187 5789 (48}
2222 5715 2355 5772 Ibid.
2384 5731 2432 5769 ς.
2472 5714 2520 5766 ἶ.
