4050 6396
534 325 642 383 855

1615 325 1674 382 S.
1711 323 2170 381 ATHANASlUS.
2205 355 2275 366 —-
2311 321 2583 381 SPUBIA.

3646 323 3749 380 836

532 441 820 507 incumbit,
845 450 903 497 ut
925 441 1250 511 discipulum
1277 441 1491 509 doceat,
1507 456 1644 511 quas
1663 442 1780 497 vias
1803 439 2071 509 ingressui

2184 437 2386 509 ταύτην
2429 438 2542 509 ἔχει
2596 437 2694 509 τὴν
2736 438 3022 510 μέριμναν,
3058 439 3205 502 ὅπως
3231 435 3415 510 διδάξῃ
3456 435 3547 490 τὸν
3577 438 3721 510 μαθη

488 540 491 541 ⁷
532 531 603 591 ad
631 532 1015 605 perfectionem
1046 532 1310 589 virtutum
1346 532 1632 602 pervenire
1656 531 1864 601 possit.
1885 529 1995 600 (49)
2026 528 2088 582 ln

532 623 723 695 primis
751 624 909 678 docet
936 637 1059 678 eum
1085 622 1327 677 studium
1364 623 1660 693 superandi
1687 622 1934 693 proprias
1958 634 2090 674 con-

529 714 899 784 cupiscentias
953 721 1008 769 et
1065 714 1392 784 voluptates,
1433 713 1677 782 jubendo
1707 729 1768 769 ea
1820 727 1941 782 qua:
1967 713 2088 780 ejus

526 802 791 858 voluntati
845 804 1117 858 contraria
1178 814 1326 860 sunt.
1370 802 1538 858 Aiunt
1568 804 1711 859 enim
1756 802 1948 858 Patres
1976 818 2087 857 non

524 894 686 950 aliter
715 909 877 964 posse
925 909 1255 965 quemquam
1305 896 1609 966 voluptates
1648 896 1963 967 reprimere,
1995 905 2089 952 aut

522 981 883 1050 iracundiam,
920 994 1012 1039 aut
1040 984 1353 1052 tristitiam;
1382 992 1477 1039 aut
1499 1000 1679 1040 veram
1710 986 1954 1041 obtinere
1983 986 2085 1041 hu-

520 1075 831 1140 militatem,
853 1084 947 1130 aut
964 1076 1181 1133 demum
1203 1092 1309 1131 una
1332 1091 1454 1131 cum
1471 1075 1731 1133 fratribus
1750 1078 1805 1133 in
1833 1079 2085 1134 ρωποι)ίο

519 1173 667 1222 recte
683 1169 1073 1233 consummari,
1097 1170 1202 1225 nisi
1229 1177 1356 1225 ante
1379 1185 1476 1240 per
1500 1170 1861 1226 obedientiam
1887 1171 2085 1226 volun-

517 1266 657 1316 tates
686 1274 818 1315 suas
857 1262 1292 1318 mortiﬁcaverit.
1324 1261 1436 1333 (50)
1474 1261 1572 1318 llis
1597 1263 2085 1319 constitutionibus

516 1358 679 1419 atque
696 1349 987 1419 doctrinis,
1023 1352 1181 1423 quasi
1217 1352 1542 1424 quibusdam
1573 1353 1859 1409 elementis
1883 1361 1938 1409 et
1969 1353 2082 1425 sylo

514 1438 678 1507 labis,
708 1439 801 1495 ubi
820 1440 1147 1511 discipulum
1175 1442 1241 1497 ad
1264 1445 1691 1513 praestantiorem
1722 1453 1919 1500 statum
1959 1458 2085 1513 pro-

514 1529 810 1596 duxerunt,
829 1540 1020 1603 postea
1078 1534 1179 1589 hoc
1204 1535 1403 1590 docent
1431 1534 1606 1598 illum,
1636 1544 1695 1589 ut
1727 1535 2084 1605 cogitationes

2188 528 2496 599 τευὸμενον,
2524 529 2612 583 διὰ
2641 530 2799 593 ποίας
2855 530 2974 583 ὀδοῦ
2991 530 3294 601 ἀρξάμενος
3320 529 3519 600 δυνηθῇ
3541 530 3634 583 ἐπὶ
3650 532 3747 602 τὴν
3802 556 3808 563 ·

2184 617 2493 688 τελειότητα
2521 618 2627 671 τῶν
2663 618 2871 690 ἀρετῶν
2909 619 3130 688 φθάσαι.
3180 620 3268 672 Ἐν
3297 617 3531 689 πρώτοις
3552 614 3644 672 οὖν
3667 619 3745 673 δι-

2184 710 2372 764 δάσκει
2403 709 2561 763 αὑτὸν
2604 710 2921 787 σπουδάζειν
2958 712 3113 781 νικᾷν
3142 709 3237 773 τάς
3277 708 3411 771 ἰδίας
3455 710 3747 781 ἐπιθυμίας

2186 804 2280 856 καὶ
2302 801 2511 873 ἡδονὰς.
2550 802 2639 856 διά
2671 803 2730 856 τὸ
2755 803 3066 856 ἐπιτάσσειν
3103 801 3249 873 αύτῷ
3284 803 3352 856 τὰ
3391 803 3607 856 ἐναντία
3639 802 3747 856 τῶν

2189 894 2508 965 θελημάτων
2530 895 2713 949 αὑτοῦ.
2736 897 2847 949 Ούκ
2866 895 3038 958 άλλως
3053 896 3158 965 γὰρ
3180 894 3424 964 λέγουσιν
3442 896 3490 947 οἱ
3516 893 3746 965 πατέρες

2182 990 2439 1046 δύνασθαί
2460 1008 2581 1045 τινα
2602 990 2702 1055 τὰς
2738 990 2928 1062 ἡδονὰς
2953 987 3223 1061 χαλινοῦν,
3256 988 3289 1060 ἢ
3323 988 3494 1060 ὀργῆς
3531 988 3745 1058 περιγί-

2183 1081 2387 1147 νεσθαι,
2420 1083 2454 1154 ἢ
2481 1081 2675 1153 λύπης,
2707 1082 2739 1153 ἦ
2780 1079 3102 1135 ταπείνωσιν
3140 1080 3312 1150 ἀληθῆ
3356 1079 3682 1150 κτήσασθαι,
3710 1077 3743 1148 ἦ

2185 1170 2370 1233 ἁπλῶς
2401 1171 2539 1241 μετά
2565 1171 2922 1241 ἀδελφότητος
2948 1171 3007 1223 ὲν
3034 1168 3280 1239 κοινοϐίῳ
3308 1168 3487 1233 καλῶς
3531 1168 3745 1221 τελειω-

2184 1260 2361 1332 θῆναι,
2386 1264 2434 1315 εἰ
2474 1262 2548 1334 μὴ
2580 1263 2840 1333 πρότερον
2875 1261 2962 1314 διὰ
2993 1261 3092 1331 τῆς
3130 1259 3374 1329 ὑπακοῆς
3409 1258 3657 1331 νεκρώσῃ
3678 1259 3744 1312 τά

2183 1350 2373 1405 ἑαυτοῦ
2430 1352 2726 1424 θελήματα.
2760 1352 2995 1415 Ταύταις
3024 1351 3080 1404 δὲ
3117 1354 3235 1415 ταῖς
3262 1349 3626 1404 διατυπώσεσι
3653 1351 3744 1403 καὶ

2181 1442 2544 1507 διδασκαλίαις
2576 1443 2663 1495 τὸν
2681 1442 3116 1514 μαθητευόμενον
3165 1441 3601 1513 προϐιϐάσαντες
3642 1441 3744 1493 ῶσ-

2182 1534 2298 1587 ανεὶ
2320 1531 2596 1603 στοιχείοις
2620 1533 2749 1596 τισὶ,
2774 1532 2866 1585 καὶ
2898 1530 3203 1598 συλλαϐαῖς,
3240 1530 3545 1594 ἀκολούθως
3582 1531 3743 1585 πάλιν

515 1636 644 1679 suas
673 1638 741 1679 ne
762 1624 932 1693 celet;
967 1624 1062 1681 sed
1080 1626 1169 1681 ubi
1193 1628 1481 1692 accedunt,
1510 1627 1910 1699 quamprimum
1932 1626 2071 1681 Patri

2181 1623 2483 1677 διδάσκουσι
2517 1623 2590 1694 μὴ
2611 1623 2870 1694 κρύπτειν
2902 1623 3028 1687 τοὺς
3065 1621 3227 1685 ἰδίους
3261 1622 3583 1694 λογισμούς·
3610 1622 3742 1676 ἀλλά

512 1729 619 1769 suo
663 1714 893 1783 revelet;
936 1731 1113 1787 neque
1155 1714 1223 1773 de
1258 1733 1444 1774 earum
1494 1719 1704 1790 judicio
1742 1729 1793 1775 et
1833 1720 2071 1775 examine

2183 1716 2516 1787 παραχρῆμα
2534 1716 2698 1785 ἡνίκα
2724 1715 3064 1786 ἐπέρχονται,
3090 1713 3309 1778 τούτους
3334 1714 3411 1784 τῷ
3428 1715 3615 1785 οἰκείῳ
3637 1716 3743 1768 Πα-

512 1802 790 1873 quidpiam
839 1804 992 1860 cordi
1044 1820 1145 1862 suo
1174 1806 1447 1875 conﬁdat;
1478 1807 1574 1863 sed
1600 1808 1735 1863 sciat
1765 1809 1820 1862 id
1853 1806 2071 1874 bonum,

2179 1808 2270 1878 τρὶ
2322 1805 2741 1872 ἀποκαλύπτειν,
2776 1806 2870 1860 καὶ
2897 1806 3063 1877 μηδὲν
3093 1806 3219 1876 περί
3251 1806 3349 1875 τῆς
3377 1806 3579 1859 τούτων
3624 1805 3739 1859 δια-

510 1896 567 1951 id
621 1896 822 1952 malum
865 1912 1005 1962 esse,
1037 1897 1183 1969 quod
1210 1897 1417 1968 judicio
1450 1914 1551 1955 suo
1586 1898 1764 1964 Pater,
1806 1899 1950 1955 facto
1999 1899 2071 1955 rei

2180 1899 2411 1971 κρίσεως
2461 1901 2525 1970 τῇ
2565 1898 2672 1969 ἰδίᾳ
2703 1898 2898 1970 καρδίᾳ.
2936 1896 3242 1951 πιστεύειν·
3281 1896 3395 1952 ἀλλ’
3443 1899 3619 1951 ὲκεϊνο
3655 1916 3739 1967 γι-

509 1988 782 2053 examine,
816 1989 920 2045 tale
949 2004 1072 2046 esse
1091 1988 1468 2045 declaraverit.
1510 1988 1624 2045 Hac
1653 1992 1862 2047 ratione
1884 1991 2071 2061 poteril

2177 1988 2404 2043 νὼσκειν
2430 1989 2631 2057 ἀγαθὸν
2663 1990 2695 2060 ἢ
2727 1988 2895 2043 κακὸν
2917 1984 3084 2052 εἷναι;
3104 1987 3238 2060 ὅπερ
3264 1992 3381 2051 ταῖς
3408 1987 3601 2043 ἑαυτοῦ
3634 1988 3742 2041 δια-

509 2092 701 2134 omnes
736 2079 942 2135 inimici
982 2078 1230 2137 fallacias
1254 2080 1427 2136 vitare
1447 2081 1702 2152 quisquis
1730 2082 1796 2137 ad
1822 2082 2071 2137 virtutem

2177 2079 2389 2153 κρίσεσι
2410 2080 2705 2151 δοκιμάσας
2723 2082 2751 2133 ὁ
2768 2080 2956 2153 Πατὴρ
2976 2078 3261 2144 ἀποδείξει.
3281 2078 3436 2132 Ούτω
3463 2078 3572 2151 γάρ
3584 2078 3741 2150 δυνή-

510 2171 813 2225 instituitur
859 2185 873 2224 :
916 2171 1009 2243 qui
1062 2178 1251 2242 utpote
1295 2172 1617 2241 imperitus,
1667 2171 1874 2227 inimici
1919 2170 2071 2226 dolos

2177 2189 2326 2226 σεται
2351 2175 2407 2225 ὲν
2448 2172 2635 2243 μηδενὶ
2680 2173 2785 2226 ὑπὸ
2833 2171 2927 2225 τοῦ
2957 2170 3151 2243 ἐχθροῦ
3195 2174 3223 2226 ὁ
3259 2171 3394 2243 πρὸς
3425 2171 3626 2242 ἀρετὴν
3649 2188 3741 2223 τυ·

509 2260 739 2333 ignorat.
787 2262 954 2318 Aiunt
1003 2263 1147 2318 enim
1174 2263 1352 2319 sancti
1400 2262 1590 2319 Patres
1639 2264 1839 2319 diaboli
1865 2263 1998 2317 artis
2023 2270 2071 2318 et

2175 2264 2443 2336 πούμενος
2476 2264 2806 2325 ἀπατᾶσθαι,
2835 2264 2909 2329 ῶς
2946 2264 3191 2335 ἄπειρος,
3222 2263 3316 2317 καὶ⁸
3341 2264 3506 2334 μήπω
3539 2262 3739 2331 γνῶσιν

508 2351 832 2408 insidiarum
848 2355 1203 2425 conspicuum
1222 2370 1345 2410 esse
1369 2355 1610 2427 signum,
1637 2370 1759 2409 cum
1790 2355 2071 2426 discipulis

2174 2357 2506 2427 κεκτημένος
2576 2356 2853 2428 μεθοδείας
2878 2373 2893 2387 '
2953 2356 3128 2449 διαχὲς
3180 2357 3279 2428 τῆς
3338 2355 3432 2409 τοῦ
3492 2355 3735 2409 διαϐόλου

508 2444 699 2501 suadet
757 2451 818 2500 ut
865 2444 1120 2503 Patribus
1168 2446 1526 2517 cOgitationes
1572 2447 1850 2502 occultent
1918 2462 2070 2511 suas,

2172 2447 2363 2518 τέχνης
2416 2446 2663 2515 λέγουσιν
2705 2442 2843 2500 εἶναι
2876 2448 2926 2501 οἱ
2950 2442 3214 2518 Πατέρες,
3282 2447 3375 2501 τοῦ
3427 2446 3741 2501 ἀναπείθειν

507 2534 673 2606 idque
712 2551 779 2592 ex
834 2536 1103 2608 superbiae
1132 2545 1305 2601 motu,
1334 2537 1490 2608 quasi
1518 2537 1726 2594 scilicet
1757 2537 1862 2608 ipsi
1891 2537 2071 2594 idonei

2172 2536 2330 2590 αὑτὸν
2380 2538 2508 2601 τοὺς
2551 2537 3019 2610 μαθητευομένους
3046 2538 3153 2592 ἀπὸ
3191 2537 3300 2590 τῶν
3327 2538 3584 2609 Πατέρων
3606 2535 3737 2608 κρύ-

508 2625 621 2685 sint
663 2641 760 2697 per
802 2642 860 2683 se
897 2641 1200 2697 congruum
1243 2644 1308 2685 ea
1346 2627 1415 2684 de
1442 2645 1503 2685 re
1527 2629 1815 2684 consilium
1840 2645 2068 2700 capere;

2172 2644 2325 2681 πτειν
2351 2629 2476 2691 τοὺς
2512 2628 2672 2691 ἰδίους
2704 2629 2995 2700 λογισμοὺς
3031 2628 3134 2700 ἰδία
3156 2628 3446 2700 ὑπεροψίᾳ.
3477 2628 3553 2692 ὡς
3576 2628 3735 2699 δῆθεν

509 2723 604 2769 aut
627 2732 693 2773 ex
722 2715 870 2772 inani
900 2717 1096 2791 gloria,
1118 2718 1263 2789 quod
1292 2719 1491 2795 pudeat
1519 2720 1777 2775 nimirum
1812 2735 1941 2777 suas
1966 2736 2069 2792 pu-

2172 2720 2388 2785 ἱκανοὺς
2417 2721 2577 2785 ὄντας
2614 2723 2826 2785 ἑαυτοῖς
2863 2721 2930 2775 τὰ
2962 2720 3308 2793 συμφέροντα
3331 2719 3737 2791 συμϐουλεύσα-

506 2805 717 2867 micare
741 2808 1119 2880 cogitationes.

2172 2811 2314 2877 σθαι,
2353 2813 2386 2883 ἢ
2434 2814 2541 2885 tota
2591 2813 2864 2885 κενοδοξία
2921 2813 3340 2885 αἰσχυνομένους
3385 2812 3736 2885 δημοσιεῦσαι

2164 2901 2264 2965 τάς
2282 2903 2487 2957 ἑαυτῶν
2514 2902 2853 2975 ἐνθυμήσεις.
3707 2928 3711 2939 ε

443 3048 449 3055 ⁹
577 2978 632 3036 5.
673 2980 786 3054 (5i)
813 2981 987 3038 Tanta
1010 2998 1173 3053 porro
1199 2982 1340 3056 apud
1362 2984 1484 3041 illos
1511 2992 1594 3040 est
1607 2985 1979 3058 obsequentia,
2008 2994 2066 3042 ut

508 3071 648 3126 citra
673 3072 882 3129 abbatis
905 3074 1205 3144 iussionem
1238 3076 1381 3130 ausit
1411 3091 1593 3141 nemo,
1620 3092 1689 3133 ne
1715 3092 1781 3132 ex
1815 3093 1912 3133 sua
1947 3078 2067 3148 qui-

508 3164 631 3221 dem
674 3164 865 3220 cellula
895 3165 951 3221 in
979 3181 1084 3236 qua
1116 3166 1268 3222 sedet
1297 3167 1480 3237 egredi
1519 3186 1532 3222 :
1564 3176 1727 3239 atque
1761 3175 1908 3225 tanto
1950 3178 2067 3225 stu-

507 3259 603 3316 dio
631 3257 777 3315 illius
810 3259 966 3330 jussa
1002 3262 1292 3333 complent,
1332 3269 1533 3332 quanto
1571 3264 1616 3319 si
1659 3263 1801 3320 Deus
1833 3264 1947 3335 ipse
1969 3265 2064 3337 ju-

508 3349 820 3422 beret.(5%)
869 3349 1006 3406 Dum
1057 3352 1244 3407 sedent
1300 3361 1478 3408 autem
1523 3353 1577 3408 in
1604 3355 1719 3410 suis
1752 3355 1982 3420 cellulis,
2016 3366 2071 3413 et

509 3443 662 3513 operi
698 3458 981 3508 manuum,
1008 3444 1340 3500 meditationi
1372 3454 1426 3499 et
1457 3446 1690 3501 orationi
1718 3447 2062 3512 incumbunt,

506 3542 673 3606 atque
711 3534 953 3591 studiose
992 3534 1078 3590 his
1112 3534 1368 3591 adhibent
1394 3537 1657 3601 animum.
1687 3538 1735 3594 si
1760 3540 2069 3610 quempiam

503 3630 706 3683 ostium
755 3626 961 3682 cellulae
991 3626 1307 3708 pulsantem
1349 3629 1591 3694 audiant,
1634 3629 1725 3701 qui
1769 3646 1830 3685 se
1873 3639 1967 3685 aut
1999 3631 2065 3685 ad

502 3734 844 3775 communem
883 3718 1207 3783 orationem,
1252 3727 1344 3774 aut
1387 3721 1453 3775 ad
1499 3736 1638 3791 opus
1668 3736 1927 3775 manuum
1964 3722 2064 3777 ad-

501 3817 679 3877 vocet,
724 3811 979 3866 omnibus
1011 3812 1411 3882 quamprimum
1459 3811 1723 3879 dimissis,
1758 3812 1825 3866 ad
1855 3812 2065 3882 jussam

501 3900 608 3957 sibi
637 3918 749 3958 rem
775 3911 1089 3976 properant,
1132 3903 1453 3960 obedientiae
1488 3903 1744 3960 virtutem
1781 3904 2067 3959 studiOsis-

502 3991 639 4048 sime
682 3994 958 4060 colentes;
1005 4009 1168 4066 quam
1213 4010 1323 4050 non
1367 3994 1527 4049 modo
1576 3995 1729 4065 operi
1784 4009 2064 4060 manuum,

499 4078 721 4136 lectioni
762 4088 816 4136 et
855 4085 1050 4154 quietae
1080 4082 1134 4136 in
1175 4083 1371 4137 cellula
1413 4082 1980 4146 commorationi,-sed
2011 4091 2067 4137 et

507 4172 766 4227 omnibus
794 4174 1089 4230 virtutibus
1128 4181 1485 4245 anteponunt,
1523 4174 1813 4247 omniaque
1844 4173 2066 4244 postha-

540 4269 654 4318 ent.

540 4269 654 4318 ent.

500 4263 538 4319 b
569 4352 626 4409 6.
654 4352 788 4423 (52°)
809 4352 941 4408 Illud
963 4362 1141 4410 autem
1163 4354 1494 4426 superﬂuum
1522 4363 1606 4411 est
1632 4371 1951 4421 memorare,
1968 4373 2065 4412 ne-

2237 2992 2291 3049 5.
2323 2994 2568 3065 Τοσαύτη
2610 2994 2667 3048 δὲ
2708 2993 3033 3063 φυλάττεται
3063 2994 3191 3065 παρ’
3241 2995 3422 3058 αὐτοῖς
3462 2993 3737 3064 ύποταγὴ.

2168 3084 2242 3149 ὡς
2275 3086 2348 3157 μὴ
2382 3086 2647 3157 τολμῆσαί
2668 3103 2789 3140 τινα
2812 3086 2968 3149 ἐκτὸς
3010 3084 3104 3139 τοῦ
3144 3085 3287 3139 άϐϐᾶ
3327 3085 3461 3156 μηδὲ
3494 3085 3589 3138 τοῦ
3618 3085 3736 3138 κελ-

2172 3175 2288 3228 λίου
2317 3178 2449 3230 ὄπου
2477 3176 2708 3247 κάθηται
2748 3175 3088 3248 προϐαίνειν
3129 3173 3270 3228 οὕτω
3306 3175 3360 3227 δὲ
3381 3176 3449 3227 τὰ
3480 3176 3610 3246 παρ’
3642 3174 3735 3227 αύ-

2170 3266 2264 3321 τοῦ
2290 3266 2739 3338 προστασσόμενα
2758 3264 3022 3320 ἐπιτελεῖν
3041 3265 3450 3331 σπουδάζουσιν,
3482 3265 3558 3330 ὡς
3589 3266 3735 3339 παρά

2171 3355 2307 3410 Θεοῦ
2340 3356 2513 3410 ταῦτα
2559 3355 2858 3427 δεχόμενοι.
2909 3356 3220 3428 Καθήμενοι
3252 3356 3308 3409 δὲ
3341 3357 3398 3408 ἐν
3433 3358 3547 3419 τοῖς
3591 3357 3734 3421 ἰδίοις

2171 3446 2515 3517 κελλίοις,τῷ
2534 3447 2678 3519 ἔργῳ
2707 3465 2766 3500 τε
2789 3448 2880 3500 καὶ
2900 3450 2966 3518 τῇ
2993 3446 3209 3518 μελέτῃ,
3241 3446 3334 3499 καὶ
3363 3448 3430 3516 τῇ
3460 3448 3733 3518 προσευχῇ

2171 3540 2576 3610 προσκείμενοι,
2612 3539 2705 3592 καὶ
2741 3537 2879 3609 μετά
2912 3537 3147 3607 σπουδῆς
3183 3537 3559 3607 προσέχοντες,
3593 3539 3735 3591 erret-

2167 3630 2264 3683 δᾶιν
2299 3630 2572 3684 ἀκούσωσι
2609 3630 2704 3683 τοῦ
2740 3630 3028 3701 κρούοντος
3060 3629 3156 3701 τὴν
3190 3628 3357 3701 θύραν
3384 3628 3477 3682 τοῦ
3512 3629 3719 3683 κελλίου

2168 3721 2201 3793 ἢ
2231 3722 2312 3786 εἰς
2338 3721 2435 3793 τὴν
2469 3721 2652 3793 κοινὴν
2682 3720 3060 3793 προσευχὴν,ἢ
3093 3720 3226 3791 πρός
3254 3738 3305 3774 τι
3327 3719 3486 3791 ἔργον
3517 3720 3732 3784 τούτους

2168 3813 2661 3885 προσκαλουμὲνου,
2722 3814 3058 3886 παραχρῆμα
3093 3812 3269 3867 πάντα
3318 3811 3454 3883 ὁμοῦ
3488 3813 3728 3881 ἀφέντες.

2169 3907 2304 3976 πρὸς
2332 3905 2392 3958 τὸ
2413 3905 2665 3973 ἐπιταγὲν
2690 3904 2919 3976 ὁρμῶσι,
2952 3906 3098 3976 πάσῃ
3139 3903 3343 3974 σπουδῇ
3374 3902 3473 3974 τὴν
3487 3904 3587 3974 τῆς
3635 3905 3730 3956 ύπ-

2168 3996 2338 4066 ακοῆς
2371 3997 2569 4068 ἀρετὴν
2584 3994 2866 4067 ζηλοῦντες
2892 4013 2904 4027 ·
2933 3997 2999 4065 ἣν
3033 3995 3094 4048 οὐ
3135 3994 3292 4066 μόνον
3324 3992 3416 4047 τοῦ
3448 3993 3609 4066 ἔργου
3629 3993 3729 4046 τῶν

2167 4086 2390 4159 χειρῶν,
2426 4085 2781 4156 ἀναγνώσεώς
2809 4104 2867 4138 τε
2900 4085 2992 4138 καλ
3020 4086 3116 4156 τῆς
3156 4087 3213 4138 ὲν
3245 4083 3439 4155 κελλίῳ
3482 4082 3726 4154 ἡσυχίας,

2167 4177 2302 4231 ἀλλά
2343 4178 2438 4231 καὶ
2490 4177 2678 4231 πασῶν
2748 4176 2955 4249 ἀρετῶν
3001 4174 3337 4248 προτιμῶσι,
3390 4174 3485 4228 καὶ
3530 4174 3728 4245 ταύτης

2166 4268 2381 4323 ἅπαντα
2412 4267 2641 4340 δεύτερα
2666 4270 2924 4324 τίθενται.

2240 4357 2293 4412 6.
2338 4358 2542 4411 Ἐκεῖνο
2567 4358 2624 4412 δὲ
2650 4358 2851 4428 μεταξὺ
2886 4358 2993 4411 τῶν
3018 4356 3191 4412 ἄλλων
3222 4355 3471 4427 περιττόν
3504 4356 3620 4407 ἐστι
3640 4351 3728 4407 καὶ

498 4444 701 4501 minem
754 4446 963 4501 scilicet
1003 4446 1217 4502 illorum
1259 4447 1403 4503 aliud
1445 4449 1718 4519 quidpiam
1766 4450 2066 4520 possidere,

2172 4449 2370 4519 λέγειν,
2408 4452 2483 4515 ὡς
2513 4450 2685 4514 οὐδεὶς
2716 4453 2893 4505 αὑτων
2921 4451 3048 4505 ἄλλο
3072 4470 3123 4505 τι
3160 4450 3421 4518 κέκτηται
3470 4448 3609 4520 πλὴν
3642 4464 3723 4499 κο-

499 4551 663 4607 quam
686 4536 982 4603 colobium,
1006 4537 1428 4609 bemiphorium,
1452 4540 1780 4602 sandalium.
1827 4542 2063 4596 meloten

497 4636 553 4683 et
583 4638 818 4685 stoream
853 4648 869 4689 :
904 4637 1064 4701 turpe
1088 4646 1211 4686 esse
1240 4632 1342 4685 rati
1372 4631 1417 4686 si
1448 4630 1682 4697 dicatur,
1720 4632 1856 4687 liber
1885 4647 2061 4695 meus,

495 4721 785 4793 penicillus
816 4738 992 4786 meus,
1028 4729 1123 4777 aut
1160 4722 1308 4778 aliud
1349 4723 1629 4795 quidpiam
1678 4739 1880 4777 meum.
1915 4721 2063 4777 Tan-

494 4820 613 4867 tum
658 4822 838 4868 autem
874 4813 1076 4884 singuli
1116 4828 1304 4869 eorum
1336 4830 1400 4870 ex
1433 4829 1597 4885 opere
1632 4821 1687 4869 et
1727 4813 1926 4868 sudore
1960 4829 2063 4869 suo

493 4902 728 4961 aﬂ‘erunt
766 4906 1102 4962 monasterio
1133 4914 1477 4976 proventum,
1532 4914 1592 4960 ut
1632 4921 1741 4962 non
1778 4904 1938 4960 modo
1972 4921 2065 4961 eo-

492 5010 616 5049 rum
648 4997 1093 5061 necessitatibus,
1123 4996 1218 5052 sed
1240 4996 1402 5051 etiam
1434 4995 1708 5066 hospitum
1741 5011 2063 5067 pauperum.

493 5101 600 5157 que
632 5086 939 5144 ministerio
969 5088 1083 5144 sint
1114 5088 1271 5144 satis.
1308 5086 1446 5141 Dum
1480 5088 1560 5143 sic
1592 5096 1771 5142 autem
1811 5088 2063 5142 laborant

493 5194 602 5234 non
633 5178 911 5245 inﬂantur,
954 5194 1065 5236 non
1096 5180 1351 5249 superbia
1382 5186 1615 5239 tument.
1641 5194 1741 5234 nec
1770 5178 2059 5249 quisquam

493 5270 699 5341 proprii
741 5271 945 5327 laboris
973 5278 1027 5327 et
1067 5269 1291 5326 sudoris
1330 5270 1454 5341 plus
1492 5269 1755 5339 postulat,
1800 5282 1962 5338 quam
1992 5268 2061 5323 ab

492 5360 686 5416 abbate
705 5376 805 5431 pro
835 5362 1162 5418 necessitate
1189 5360 1496 5427 tribuatur;
1528 5375 1627 5416 nec
1655 5360 1819 5414 ullius
1837 5358 1911 5413 rei
1932 5373 2065 5428 pos-

492 5451 791 5512 sessionem
821 5452 926 5508 sibi
953 5458 1254 5523 comparat,
1279 5465 1403 5506 cum
1434 5466 1555 5506 sese
1577 5452 1743 5508 totius
1761 5448 1945 5505 mundi
1965 5449 2060 5506 ad-

706 5582 954 5690 ﬁgsia’n.
968 5582 1229 5690 0lmtz‘tut.
1257 5576 1350 5642 lib.
1387 5601 1463 5654 tv,
1496 5602 1546 5641 c.
1583 5588 1633 5640 8.

559 5650 673 5716 (δαὶ
706 5650 841 5707 Ibid.
880 5668 932 5709 c.
968 5654 1025 5709 9.

564 5721 677 5797 (ιη
704 5720 839 5781 Ibid.
866 5737 917 5778 c.
956 5723 1045 5813 to.

2169 4544 2370 4609 λοϐίου,
2395 4546 2488 4599 καὶ
2512 4545 2828 4617 ἡμιφορίου,
2858 4547 2952 4600 zeal.
2983 4545 3296 4608 σανδαλίων,
3332 4544 3426 4597 καὶ
3449 4542 3695 4615 μηλωτῆς
3711 4579 3724 4603 ,

2168 4636 2263 4691 καὶ
2325 4636 2519 4707 ψιάθου
2548 4655 2561 4670 ·
2596 4638 2856 4710 αἰσχύνην
2914 4639 3203 4710 ἡγούμενοι
3240 4636 3302 4689 τὸ
3327 4635 3579 4704 λέγεσθαι
3606 4631 3725 4703 παρ’

2168 4728 2369 4793 αὐτοῖς,
2397 4729 2597 4799 βιϐλίον
2632 4730 2782 4800 ἐμὸν,
2821 4734 3079 4801 γραφεῖον
3107 4730 3256 4800 ἐμὸν,
3292 4728 3325 4799 ἢ
3354 4728 3481 4782 ἄλλο
3503 4743 3557 4780 τι
3582 4725 3722 4796 ἐμόν.

2167 4818 2429 4871 Τοσοῦτον
2478 4819 2537 4873 δὲ
2581 4819 2808 4883 ἕκαστος
2869 4820 3047 4872 αὐτῶν
3083 4819 3202 4873 καθ’
3231 4818 3444 4889 ἡμέραν
3480 4814 3541 4881 ἐξ
3573 4815 3723 4887 ἔργον

2164 4926 2222 4963 τε
2254 4909 2347 4963 καὶ
2406 4910 2626 4981 ἱδρῶτος
2657 4910 2784 4964 ἰδίου
2823 4912 3119 4983 προσφέρει
3153 4909 3419 4981 πορισμὸν
3445 4908 3523 4979 τῷ
3575 4922 3726 4977 μονα-

2166 5000 2389 5072 στηρίῳ,
2428 5001 2503 5065 ὡς
2538 5002 2611 5074 μὴ
2652 5002 2810 5072 μόνον
2841 5005 2961 5067 ταῖς
2988 5002 3192 5056 ἑαυτῶν
3220 5001 3430 5074 χρείαις
3462 4999 3722 5071 ἐξαρκεῖν,

2163 5091 2298 5146 ἀλλά
2329 5092 2423 5145 καὶ
2459 5095 2524 5163 τῇ
2547 5093 2794 5165 διακονίᾳ
2824 5092 2932 5147 τῶν
2962 5092 3126 5158 ξένων
3148 5094 3239 5148 καὶ
3268 5092 3499 5162 πτωχῶν
3527 5092 3722 5162 ὑπουρ-

2163 5186 2298 5251 γεῖν.
2329 5183 2514 5246 Οὖτως
2558 5184 2613 5237 δὲ
2641 5186 2939 5256 κάμνοντες
2964 5185 3024 5238 ού
3058 5184 3389 5255 φυσιοΰνται,
3421 5184 3522 5254 ούχ
3566 5183 3724 5252 ὕπερ-

2162 5276 2679 5348 ηφανεύονται,ούτε
2696 5295 2778 5342 τις
2806 5278 2987 5332 αὐτῶν
3009 5279 3075 5331 ὲκ
3101 5276 3193 5330 τοῦ
3220 5275 3418 5329 οἰκείου
3444 5275 3606 5347 ἔργου
3638 5272 3722 5328 καὶ

2164 5366 2384 5438 ἱδρῶτος
2436 5368 2656 5421 ἀπαιτεῖ
2705 5368 3088 5440 περισσότερον
3121 5367 3220 5436 τῆς
3254 5367 3539 5437 διδομένης
3579 5361 3721 5434 παρὰ

2160 5456 2253 5512 τοῦ
2280 5457 2422 5511 ἀϐϐἄ
2443 5460 2663 5528 γοείας’
2697 5458 2757 5510 οὐ
2798 5458 2984 5529 κτῆμα
3035 5455 3353 5529 οἰασδήποτε
3395 5454 3529 5529 ὕλης
3553 5449 3720 5521 ἑαυτῷ

2231 5591 2340 5662 (52)
2371 5590 2507 5662 Ibid.
2535 5606 2586 5645 c.
2631 5572 2717 5646 is.

2231 5650 2364 5732 (52‘)
2396 5650 2532 5717 ibid.
2570 5677 2619 5718 c.
2656 5662 2741 5726 ιδ,
2769 5659 2855 5718 tt.
