4050 6396
215 391 315 447 $57.
1363 384 1694 477 Ειξιετοιλ
1723 384 1747 438 ι
1772 398 1785 437 Α

1900 383 2275 443 ΟᾹΒΤΟΒΕΜ

3340 398 3445 455 858

216 501 591 574 περιποιεῖται,
630 501 889 573 πάροικον
929 499 1120 556 ἑαυτὸν
1162 501 1257 555 καὶ
1297 499 1445 568 ξένον
1480 504 1618 575 ἔχων
1647 502 1769 558 ὅλου

1886 519 2064 559 renam
2103 515 2157 561 et
2193 508 2537 577 peregrinum
2571 508 2878 578 existimet;
2910 527 3236 585 servumque
3259 531 3319 573 se
3348 531 3445 587 po-

218 594 301 649 τοῦ
329 593 558 664 κόσμου,
598 592 692 646 καὶ
718 591 899 646 δοῦλον
925 593 1115 647 ἑαυτὸν
1157 593 1353 665 μᾶλλον
1381 596 1473 649 καὶ
1500 595 1778 667 ὑπηρέτην

221 687 316 742 τῶν
338 684 586 755 ἀδελφῶν
628 684 989 756 λογιζόμενος,
1022 686 1125 757 ηπε
1134 703 1164 757 ρ
1185 686 1447 758 δεσπότην
1471 687 1779 757 οἱουδήποτε

220 781 398 850 τηῖνου
427 778 770 850 πράγματος.
800 778 861 830 El
909 776 965 830 δέ
1010 794 1095 842 τις
1133 778 1304 853 κλάσῃ
1354 779 1544 842 σκεῦος
1579 779 1782 849 οἱονδή-

217 891 362 937 ποτε,
398 873 433 944 ἢ
483 872 744 945 ἀπολέσῃ,
786 872 1184 944 ἐξομολογεὴαι
1214 874 1292 945 τῷ
1336 874 1479 946 ἀϐὅᾷ
1515 876 1611 946 τῆς
1647 875 1779 939 ἰδίας

216 965 485 1037 ῥᾳθυμίας
516 964 578 1017 τδ
628 968 894 1036 πταῖσμα,
926 965 1020 1019 καὶ
1056 964 1197 1019 οὑτω
1237 966 1375 1036 μετά
1427 982 1783 1038 ταπεινοφρο-

216 1056 380 1128 σύνης
439 1057 715 1128 μετανοῶν
759 1058 1021 1129 λαμϐάνει
1080 1058 1444 1132 συγχώρησιν.
1496 1061 1683 1124 Ὅστις
1726 1060 1782 1113 δὲ

217 1146 349 1219 πρός
381 1164 433 1200 τι
477 1146 638 1219 ἔργον
690 1149 1062 1220 μετακληθεὶς,
1105 1150 1303 1222 ἢπρὸς
1328 1150 1570 1217 σὺναξιν,
1613 1168 1783 1204 κατα-

217 1239 492 1310 φρονήσας
535 1238 856 1311 βραδύτερον
904 1242 1208 1313 ἀπαντήσῃ.
1254 1243 1288 1314 ἢ
1328 1242 1713 1314 σκληρότερον,
1747 1243 1780 1314 ἢ

219 1332 646 1405 προπετέστερον
675 1332 965 1404 ἀποκριθῇ,
1002 1335 1036 1405 ἢ
1072 1334 1453 1408 ἀμελέστερον,
1484 1336 1517 1409 ἢ
1549 1338 1783 1405 ὑπογογ-

218 1424 396 1493 γὺζων
419 1425 482 1478 τὸ
511 1424 844 1496 προσταχθὲν
891 1427 1109 1497 ποιήσῃ,
1139 1425 1171 1497 ἢ
1204 1428 1301 1499 τὴν
1346 1427 1651 1496 ἀνάγνωσιν
1689 1428 1783 1482 τοῦ

218 1512 378 1582 ἔργου
407 1512 504 1567 καὶ
525 1514 621 1584 τῆς
640 1514 882 1583 ὑπακοῆς
902 1516 1264 1586 προτιμήσας,
1281 1514 1349 1568 τὰ
1377 1517 1785 1587 προσταχθέντα

218 1600 363 1672 αὑτῷ
413 1601 552 1673 ἔργα
593 1601 917 1675 βραδύτερον
974 1604 1249 1677 ἐκτελέσῃ,
1287 1605 1319 1675 ἢ
1351 1605 1640 1670 ἀπολυθεὶς
1687 1608 1786 1679 τῆς

221 1694 490 1759 συνάξεως
518 1696 593 1766 μὴ
616 1695 823 1766 ταχέως
854 1696 987 1767 πρὸς
1012 1696 1071 1750 τὸ
1097 1696 1255 1768 ἔργον
1283 1698 1447 1750 αὑτοῦ
1474 1699 1782 1772 ἀναδράμῃ,

220 1785 253 1856 ἢ
291 1786 428 1856 μετά
447 1803 591 1851 τινος
614 1788 768 1852 ἐκτὸς
792 1789 1092 1858 ἀναγκαίας
1122 1790 1305 1861 χρείας
1338 1789 1593 1863 ὁμιλήσῃ,
1623 1791 1656 1861 ἦ
1687 1790 1781 1844 άλ-

220 1875 310 1930 λου
362 1879 499 1949 μετά
552 1880 864 1951 παρρησίας
909 1882 1158 1954 κατάσχῃ
1192 1883 1288 1953 τὴν
1318 1884 1552 1955 χεῖρα,ἢ
1585 1901 1781 1953 συγγε-

221 1969 376 2023 νειῶν
394 1970 629 2044 συντύχῃ
652 1974 819 2045 χωρὶς
845 1973 941 2028 τοῦ
976 1974 1119 2029 ἀ66ἄ
1150 1975 1315 2029 αὑτοῦ
1366 1977 1662 2049 ἐπιτροπῆς
1689 1978 1784 2032 καὶ

222 2061 485 2131 εὐλογίας,
519 2063 554 2133 ἢ
603 2066 890 2135 ἐπιστολὴν
924 2067 1076 2138 παρά
1111 2078 1253 2131 τινος
1297 2068 1537 2139 δέξηται,
1596 2071 1629 2141 ἦ
1681 2087 1785 2124 τινι

222 2153 548 2231 ἀντιγράψαι
584 2155 711 2209 ἄνευ
766 2154 859 2213 τοῦ
905 2156 1050 2211 ἀϐὃᾶ
1100 2159 1441 2231 ἐπιχειρήσῃ,
1498 2160 1532 2229 ἦ
1587 2178 1640 2213 τι
1678 2161 1785 2214 τῶν

221 2228 418 2315 ὁμοίων
446 2245 657 2310 τούτοις
686 2246 1072 2322 πλημμελήσῃ,
1099 2228 1618 2323 τοιούτιρνέπιτιμίῳ
1652 2253 1785 2308 ὑποο

223 2337 502 2392 ϐάλλεται·
536 2338 896 2409 Συνηγμένων
926 2340 1035 2394 τῶν
1063 2341 1306 2412 ἀδελφῶν
1343 2345 1401 2396 ἐν
1444 2346 1507 2415 τῇ
1547 2344 1780 2411 συνάξει,

226 2428 385 2501 ῥίψας
440 2430 630 2484 ἑαυτὸν
683 2431 775 2483 ἐπὶ
819 2431 918 2502 τὴν
976 2432 1102 2501 γῆν,
1136 2416 1227 2486 καὶ
1276 2433 1779 2507 ἐξομολογούμενος,

224 2521 564 2594 συγχώρησιν
596 2525 736 2577 αίτεῖ
764 2523 857 2577 τοῦ
888 2523 1019 2577 ἰδίου
1051 2525 1380 2595 σφάλματος.
1420 2526 1500 2580 Τὰ
1530 2528 1587 2581 δὲ
1616 2528 1788 2598 παχὺ-

220 2632 349 2686 τερα
373 2614 577 2670 τοὺτων
596 2615 905 2686 πταίσματα
937 2616 989 2670 εί
1004 2633 1086 2679 τις
1103 2615 1297 2688 εὑρεθῇ
1322 2617 1594 2689 πράττων,
1626 2617 1785 2673 ἀτινά

222 2709 334 2761 ἐστι
384 2707 808 2777 καταφρόνησις,
842 2706 1116 2776 ἀντιλογία
1150 2707 1287 2778 μετά
1326 2710 1718 2781 ὑπερηφανίας,
1749 2710 1781 2781 ἢ

220 2798 282 2851 ἐκ
314 2796 412 2852 τοῦ
458 2797 822 2869 μοναστηρίου
876 2798 1098 2868 πρόοδος
1143 2798 1298 2861 ἐκτὸς
1361 2800 1657 2871 ἐπιτροπῆς
1692 2800 1785 2854 τοῦ

220 2891 382 2956 ἀϐὅᾶ,
437 2892 471 2962 ἢ
524 2892 663 2965 πρὸς
686 2894 918 2961 γυναῖκα
956 2892 1457 2964 συντυχία,ἣόργὴ,
1496 2894 1720 2964 ἢμάχη,
1750 2893 1784 2964 ἢ

220 2983 409 3056 ἔχθρα,
435 2985 470 3055 ἢ
506 2985 862 3056 μνησικακία,
882 2986 915 3057 ἢ
936 2985 1282 3057 φιλαργυρία,
1321 2987 1442 3056 ἦτις
1472 2987 1585 3039 ἐστὶ
1612 2986 1786 3056 λέπρα

218 3072 415 3145 ψυχῆς,
467 3074 502 3146 ἢ
547 3077 740 3145 κτῆσις
789 3075 1104 3145 οἱουδήποτε
1137 3076 1458 3146 πράγματος
1504 3075 1659 3139 ἐκτὸς
1678 3074 1785 3129 τῶν

1879 596 1990 651 tius
2016 605 2069 651 et
2099 599 2409 654 ministrum
2462 602 2691 657 fratrum
2741 618 2862 659 esse
2906 604 3225 672 arbitretur,
3276 623 3444 678 quam

1880 690 2045 744 ullius
2078 700 2306 746 terrenae
2339 693 2417 747 rei
2464 694 2768 748 dominum.
2804 695 2914 767 (53)
2939 695 3093 763 Quod
3118 700 3166 753 si
3200 700 3323 769 quis
3346 716 3444 757 vas

1879 782 2157 851 quodlibet
2205 782 2427 853 fregerit
2470 791 2563 838 aut
2609 785 2930 855 perdiderit,
2959 788 3300 858 negligentia:
3330 806 3445 845 sua

1880 888 2067 928 casum
2097 873 2279 929 abbati
2312 874 2622 937 conﬁtetur,
2648 883 2703 932 et
2728 878 2802 931 ita
2834 894 2957 933 cum
2997 879 3301 941 humilitate
3330 897 3447 952 pa:-

1881 962 2143 1027 nitentiaa,
2194 964 2406 1018 veniam
2452 966 2670 1036 accipit.
2721 964 2778 1020 Si
2824 967 2947 1037 quis
2984 978 3163 1024 autem
3197 969 3265 1024 ad
3307 986 3446 1040 opus

1880 1055 2161 1125 quodlibet
2181 1065 2428 1122 vocatus,
2453 1063 2546 1111 aut
2576 1058 2641 1112 ad
2674 1061 2943 1130 synaxim,
2989 1077 3099 1130 prae
3128 1069 3445 1133 contemptu

1880 1147 2091 1201 tardius
2112 1155 2387 1210 occurrat,
2420 1155 2513 1201 aut
2539 1149 2731 1203 durius
2758 1152 3196 1223 petulantiusque
3219 1168 3446 1224 respon-

1881 1238 2022 1293 derit
2053 1256 2065 1291 :
2099 1238 2185 1293 vel
2229 1240 2275 1294 si
2315 1240 2679 1310 negligentius
2713 1226 2806 1295 aut
2837 1259 2959 1297 cum
2996 1260 3295 1311 murmure,
3325 1245 3447 1314 jus.

1882 1346 1999 1386 sam
2039 1347 2154 1387 rem
2190 1334 2576 1402 compleverit;
2623 1344 2717 1389 aut
2756 1335 2803 1391 si
2843 1336 3127 1391 lectionem
3155 1338 3303 1407 operi
3330 1353 3448 1393 ma—

1883 1437 2051 1476 nuum
2083 1430 2138 1476 ct
2177 1423 2499 1478 obcdieutiaa
2536 1432 2893 1495 anteponens,
2940 1426 3095 1494 iussa
3139 1428 3243 1483 sibi
3280 1443 3445 1498 opera

1881 1512 2096 1567 tardius
2128 1511 2503 1584 compleverit;
2535 1524 2630 1569 aut
2668 1530 2698 1568 a
2729 1524 2997 1571 conventu
3026 1517 3308 1581 dimissus,
3337 1533 3446 1572 non

1883 1602 1993 1655 cito
2025 1602 2091 1657 ad
2136 1619 2274 1671 opus
2317 1618 2476 1658 suum
2522 1605 2849 1670 occurrerit;
2892 1613 2985 1658 aut
3026 1621 3148 1660 cum
3191 1606 3446 1676 quopiam

1884 1691 2091 1761 absque
2136 1692 2467 1748 necessitate
2514 1693 2898 1752 confabulatus
2948 1695 3144 1763 fuerit;
3178 1708 3273 1751 aut
3323 1712 3448 1751 cum

1884 1784 2212 1839 conﬁdentia
2243 1800 2464 1838 manum
2499 1784 2725 1841 alterius
2751 1789 3205 1846 contrectavcrit;
3238 1796 3332 1842 aut
3358 1802 3451 1841 co-

1884 1887 2078 1949 gnatos
2122 1876 2262 1930 citra
2306 1877 2520 1932 abbatis
2568 1879 2892 1948 permissum
2927 1887 2980 1933 et
3018 1879 3449 1935 benedictionem

1887 1969 2226 2030 convenerit.
2249 1976 2340 2023 aut
2364 1969 2647 2038 epistolam
2680 1970 2747 2023 ab
2776 1971 2959 2040 aliquo
2983 1972 3249 2040 accipere,
3278 1972 3361 2026 vel
3383 1969 3451 2024 ad

1886 2062 2121 2131 aliquem
2151 2062 2452 2117 rescribere
2486 2062 2691 2132 absque.
2722 2062 2936 2135 abbatis
2971 2064 3324 2119 concessione
3351 2079 3453 2117 au-

1885 2168 1983 2209 sus
2026 2153 2223 2217 fuerit;
2262 2154 2308 2209 si
2339 2154 2394 2207 in
2426 2154 2611 2223 aliquo
2641 2169 2831 2224 nempe
2864 2154 3176 2224 hujusmodi
3208 2154 3453 2224 delique-
3504 2179 3511 2189 -

1887 2246 1976 2311 rit,
2007 2246 2317 2315 huiusmodi
2356 2247 2444 2301 ille
2481 2262 2656 2317 pmna:
2697 2247 2987 2315 subjicitur
3013 2266 3025 2301 :
3055 2248 3215 2317 312
3244 2246 3451 2302 Fratri-

1886 2339 1989 2394 bus
2017 2339 2072 2393 in
2117 2338 2307 2410 synaxi
2336 2340 2700 2409 congregatis,
2736 2355 2855 2395 sese
2896 2339 2950 2393 in
2979 2347 3177 2393 terram
3208 2340 3448 2409 projicit,

1887 2438 2051 2501 atque
2077 2430 2385 2496 confessus,
2419 2430 2625 2501 peccati
2654 2430 2866 2485 veniam
2900 2431 3156 2500 postulat.
3188 2428 3451 2485 Graviora

1886 2536 2049 2592 porro
2090 2522 2283 2577 delicta
2334 2523 2379 2578 si
2428 2523 2552 2592 quis
2596 2530 2917 2593 perpetrans
2988 2521 3447 2592 deprehendatur,

1886 2630 2006 2685 quae
2030 2621 2177 2680 sunt,
2210 2622 2571 2683 contemptus,
2607 2613 2962 2684 repugnantia
3006 2628 3130 2666 cum
3168 2615 3443 2683 superbia,

1887 2716 1980 2763 aut
2002 2723 2256 2779 egressus
2285 2723 2352 2763 ex
2381 2707 2713 2762 monasterio
2747 2708 2952 2775 absque
2975 2706 3186 2760 abbatis
3218 2720 3446 2762 conces-

1887 2803 2061 2867 sione,
2108 2811 2202 2855 aut
2247 2814 2575 2871 congressus
2611 2814 2734 2853 cum
2786 2798 3031 2858 muliere,
3066 2805 3158 2851 aut
3207 2797 3310 2861 ira,
3354 2804 3448 2851 aut

1888 2909 2091 2966 pugna,
2144 2900 2237 2949 aut
2276 2893 2560 2948 inimicitia
2595 2892 2650 2945 in
2694 2891 2950 2959 aliquem,
2999 2896 3092 2943 aut
3143 2888 3449 2943 recordatio

1888 2987 2232 3057 iujuriarum,
2256 2995 2349 3040 aut
2369 3000 2522 3039 amor
2542 2984 2804 3054 pecuniae,
2827 2997 2945 3052 quae
2967 2982 3112 3050 lepra
3132 2989 3213 3036 est
3234 2980 3446 3045 animae,

1891 3089 1983 3135 aut
2009 3080 2283 3151 possessio
2316 3079 2692 3149 cujuscunque
2726 3075 2826 3140 rei,
2856 3072 3095 3143 exceptis
3130 3073 3196 3129 iis
3232 3087 3353 3142 qua:
3382 3073 3451 3126 ab

217 3166 515 3238 διδομένων
563 3166 715 3239 παρά
764 3165 857 3220 τοῦ
902 3166 1064 3229 ἀϐὅᾶ,
1102 3167 1364 3238 ἢτροφῆς
1393 3166 1519 3221 ἄνευ
1541 3168 1785 3236 εὐλογίας

1892 3173 2083 3228 abbate
2110 3172 2330 3236 dantur,
2368 3178 2461 3224 aut
2495 3169 2754 3223 furtivum
2786 3166 3095 3221 alimentum
3122 3167 3327 3236 absque
3358 3164 3452 3220 be.

219 3255 531 3327 κλεψιμαίῳ
566 3256 755 3328 τρόπῳ
809 3257 1117 3327 γινομένης,
1159 3258 1253 3310 καὶ
1287 3256 1356 3310 τὰ
1390 3256 1591 3310 τούτων
1612 3274 1788 3330 παρα-

216 3346 442 3418 πλήσια,
495 3347 555 3400 οὐ
588 3345 666 3417 τῷ
708 3348 1088 3418 προειρημένῳ
1135 3348 1389 3418 ἐπιτιμίῳ
1410 3346 1784 3415 ὑποϐάλλεται,

216 3440 352 3496 ἀλλά
382 3440 751 3512 σφοδροτέρῳ,
774 3442 867 3493 καὶ
903 3440 1125 3512 μείζονι,
1157 3441 1267 3494 Καὶ
1313 3444 1362 3494 εἰ
1395 3442 1468 3513 μὴ
1499 3441 1785 3515 διορθωθῇ,

214 3534 542 3590 ἐκϐάλλεται
570 3534 666 3588 τοῦ
703 3551 937 3605 μοναστη
948 3534 1062 3605 ρίου

285 3630 336 3683 7.
372 3629 453 3683 Τὸ
473 3628 533 3683 δὲ
561 3629 865 3697 ἀνάγνωσιν
885 3628 1246 3683 ἐπιτελεῖσθαι
1281 3626 1338 3680 ἓν
1369 3644 1475 3681 τισι
1506 3626 1790 3691 κοινοὸίοις

209 3725 351 3779 κατά
372 3725 475 3779 τὸν
502 3722 691 3795 καιρὸν
706 3723 804 3793 τῆς
842 3722 1156 3786 ἑστιάσεως,
1186 3721 1287 3775 οὐκ
1318 3722 1426 3774 ἀπὸ
1451 3719 1548 3774 τοῦ
1570 3720 1809 3793 κανόνος⁷

209 3816 318 3869 τῶν
343 3813 687 3884 Αἰγυπτίων,
715 3812 847 3866 ἀλλά
879 3812 986 3867 ἀπὸ
1016 3812 1124 3867 τῶν
1145 3812 1542 3873 Καππαδόκων,
1574 3812 1787 3875 οἵτινες,

207 3910 268 3964 οὐ
319 3908 710 3981 πνευματικῆς
768 3906 950 3961 ἕνεκεν
1004 3904 1255 3960 τοσοῦτον
1305 3906 1632 3977 γυμνασίας,
1668 3907 1791 3959 ὅσον

204 4003 443 4074 ἡσυχίας
481 4000 644 4072 χάριν
698 3999 798 4069 τῆς
847 3997 998 4071 παρὰ
1043 3998 1143 4062 τάς
1179 3997 1417 4069 ὁμιλίας,
1451 3997 1510 4050 τὸ
1540 3995 1790 4051 τοσοῦτον

203 4094 643 4149 διετυπώσαντο.
676 4091 835 4162 Παρά
858 4090 914 4145 δὲ
935 4092 1047 4153 τοῖς
1078 4090 1412 4159 Αἰγυπτίοις.
1437 4090 1529 4144 καὶ¹
1562 4090 1793 4161 μάλιστα

200 4190 316 4251 τοῖς
362 4182 880 4256 Ταόεννησιώταις,
930 4183 1162 4253 τοσαύτη
1221 4182 1397 4251 σιωπὴ
1441 4183 1545 4236 ὑπὸ
1577 4184 1792 4237 πάντων

201 4280 540 4352 παρέχεται,
572 4277 734 4347 ἡνίκα
764 4278 842 4339 εἰς
855 4274 1105 4328 τοσοῦτον
1137 4274 1337 4347 πλῆθος
1361 4275 1792 4349 πολυαρίθμητον

199 4372 306 4426 τῶν
366 4368 631 4440 ἀδελφῶν
675 4367 815 4421 κατά
872 4366 962 4420 τὸν
1013 4366 1203 4438 καιρὸν
1246 4367 1344 4437 τῆς
1392 4368 1660 4433 συνάξεως
1693 4370 1792 4439 τῆς

198 4461 499 4535 τραπέζης
533 4459 739 4521 αὐτῶν,
768 4458 899 4526 ὅσην
936 4458 1115 4528 σχεδὸν
1150 4460 1208 4512 ἐν
1235 4458 1412 4522 ἀλλοις
1442 4459 1517 4531 μὴ
1547 4460 1792 4532 εὑρίσκε-

1890 3263 2197 3320 nedictioue
2223 3262 2435 3317 abbatis
2461 3269 2761 3329 sumptum,
2787 3268 2838 3313 et
2863 3258 2949 3313 his
2981 3256 3199 3320 similia,
3223 3271 3333 3310 non
3358 3271 3452 3311 su-

1889 3356 2188 3425 pradictam
2224 3355 2369 3409 subit
2411 3368 2650 3424 pmnam,
2702 3350 2793 3407 sed
2828 3350 3154 3422 graviorem,
3194 3354 3249 3402 et
3282 3348 3451 3402 multo

1888 3448 2170 3517 majorem.
2207 3444 2362 3511 Quod
2413 3446 2458 3500 si
2506 3459 2617 3499 non
2663 3443 2973 3512 resipuerit,
3024 3456 3088 3495 ex
3123 3437 3453 3494 monasterio

1888 3542 2121 3611 ejicitur.

1960 3632 2013 3685 7.
2045 3631 2153 3702 (Si)
2182 3629 2336 3698 Quod
2373 3639 2547 3683 autem
2575 3629 2628 3682 in
2650 3624 2974 3697 quibusdam
3003 3621 3288 3684 cmnobiis,
3315 3626 3453 3672 tem-

1891 3738 2024 3797 pore
2055 3722 2404 3777 comestionis
2435 3718 2596 3773 lectio
2636 3717 2926 3778 habeatur,
2967 3713 3020 3767 id
3056 3727 3165 3767 non
3192 3726 3255 3765 ex
3284 3708 3452 3781 Egy-

1892 3817 2149 3888 ptiorum,
2200 3812 2294 3868 sed
2333 3828 2396 3867 ex
2437 3808 2818 3881 Cappadocum
2866 3806 3052 3877 regula
3102 3802 3446 3863 observatur,

1892 3907 1985 3978 qui
2018 3923 2125 3961 non
2157 3914 2265 3959 tam
2302 3901 2601 3973 spiritualis
2634 3896 3067 3960 exercitationis,
3101 3908 3265 3965 quam
3300 3891 3454 3959 quie-

1894 4002 1983 4065 tis,
2014 4007 2067 4053 et
2101 3997 2357 4066 colloquii
2400 3992 2603 4048 vitandi
2650 3990 2822 4062 gratia
2858 3988 2991 4043 illud
3022 3985 3447 4042 constituerunt.

1893 4092 2048 4163 Apud
2084 4089 2367 4161 Egyptios
2399 4095 2602 4148 autem,
2633 4082 2866 4137 maxime
2897 4094 3026 4133 vero
3062 4076 3203 4148 apud
3237 4074 3453 4128 Taben-

1893 4186 2157 4249 ncsiotas,
2196 4188 2405 4236 tantum
2451 4184 2700 4234 servatur
2747 4173 2815 4228 ab
2858 4172 3112 4229 omnibus
3152 4169 3452 4233 silentium,

1894 4287 2019 4327 cum
2053 4272 2242 4342 ingens
2270 4268 2361 4322 illa
2393 4264 2682 4321 multitudo
2728 4262 2956 4317 fratrum
2998 4268 3239 4330 tempore
3269 4271 3453 4312 come-

1895 4364 2089 4421 stionis
2116 4368 2473 4434 congregatur
2497 4357 2563 4413 ad
2586 4370 2857 4418 mensam;
2888 4362 2946 4408 ut
2967 4352 3056 4408 vix
3082 4350 3358 4423 quidpiam
3386 4348 3456 4404 si-

1896 4460 2021 4513 mile
2045 4458 2097 4512 in
2120 4457 2239 4511 aliis
2261 4455 2588 4525 reperiatur;
2621 4451 2755 4506 adeo
2785 4457 2842 4503 ut
2863 4464 2930 4503 ue
2957 4460 3210 4503 excreare
3238 4441 3456 4513 quidem

214 4516 494 4535 ν,γ,,,
725 4516 997 4528 ν

199 4554 350 4618 σθαι,
408 4554 598 4614 οὕτως
652 4550 728 4613 ὼς
781 4550 853 4620 μὴ
889 4550 1092 4621 τολμᾷν
1124 4550 1319 4622 βρῆξαί
1360 4569 1477 4606 τινα
1520 4554 1785 4623 παρεκτὸς

1898 4548 2042 4603 ausit
2076 4548 2386 4618 quisquam,
2417 4549 2643 4613 excepto
2666 4552 2869 4595 mensa!
2900 4535 3178 4606 praefecto,
3213 4530 3373 4601 quisi
3399 4543 3459 4583 re

197 4643 292 4698 τοῦ
326 4642 597 4717 ἀρχηγοῦ
625 4642 726 4712 τῆς
750 4619 1049 4713 τραπέζης,
1080 4619 1253 4706 ὅστις,
1269 4642 1322 4696 εί
1344 4661 1488 4707 τινος
1510 4619 1665 4715 χρεία
1695 4646 1785 4714 γέ-

1896 4641 2150 4711 quapiam
2183 4637 2255 4693 sit
2286 4652 2445 4707 opus,
2478 4633 2786 4704 pulsatione
2825 4630 3006 4699 potius
3042 4640 3203 4696 quam
3238 4637 3369 4676 voce
3404 4619 3458 4673 id

193 4754 379 4807 νηται,
435 4733 758 4808 κρούσματι
798 4733 995 4803 μᾶλλον
1036 4733 1069 4805 ἢ
1119 4737 1267 4805 φωνῇ
1322 4735 1478 4789 τοῦτο
1516 4736 1785 4807 σημαίνει.

1896 4730 2191 4801 signiﬁcat.
2237 4727 2496 4783 Cucullas
2546 4731 2751 4786 autem,
2797 4721 2957 4776 etiam
2997 4718 3135 4771 infra
3168 4712 3457 4784 palpebras

193 4829 305 4882 Καὶ
333 4827 409 4882 τά
441 4823 749 4880 κουκοὺλια
786 4823 889 4886 ἕως
917 4824 1064 4877 κάτω
1094 4824 1201 4878 τῶν
1223 4824 1503 4896 βλεφάρων
1538 4826 1785 4898 φοροῦσιν

1894 4825 2159 4880 demissas
2190 4829 2420 4892 gestant,
2444 4835 2511 4872 ne
2533 4817 2685 4889 vagis
2713 4815 2885 4870 oculis
2915 4811 3184 4866 curiosius
3213 4808 3348 4861 alios
3373 4805 3458 4858 in-

190 4912 361 4985 οὗτοι,
432 4920 532 4972 ἵνα
601 4915 697 4986 μὴ.
759 4915 994 4987 ρεμϐοὒς
1032 4918 1158 4980 τοὺς
1190 4893 1500 4987 ὀφθαλμοὺς
1551 4893 1785 4986 ὲὶίονἸτ-εςι

1896 4915 2150 4985 spiciant,
2199 4928 2261 4966 ac
2302 4924 2504 4965 mensa:
2539 4909 2736 4968 solum,
2783 4901 3080 4974 gratiisque
3129 4895 3295 4987 aleuti
3334 4893 3458 4987 ρεο

192 5008 642 5083 περιεργότερον
666 4985 914 5074 ἀλλήλοις
943 5004 1198 5076 ἐνορῶσι·
1233 4985 1298 5075 τῇ
1327 4985 1383 5058 δέ
1418 4985 1663 5078 τραπέζῃ
1698 5005 1785 5075 μό-

1896 5006 2116 5077 agendis
2134 5004 2390 5058 adhibent
2408 5002 2667 5055 animum.
2687 4998 2796 5071 (55)
2819 4994 3118 5063 Magnaque
3153 4985 3294 5083 apud
3331 4985 3457 5039 illos

188 5080 300 5166 νον,
333 5080 436 5155 καὶ
465 5101 539 5168 τῇ
580 5095 676 5149 τοῦ
724 5092 1014 5165 τρέφοντος
1050 5094 1184 5147 θεοῦ
1215 5096 1530 5167 εὐχαριστία
1556 5096 1785 5149 ὲνατενίι

1897 5113 2029 5151 cura
2057 5106 2159 5159 est,
2199 5111 2269 5151 ne
2300 5093 2424 5165 quis
2455 5107 2639 5148 eoruw
2671 5097 2824 5142 extra
2860 5098 3104 5141 mensam
3142 5080 3320 5136 cibum
3356 5092 3453 5132 su-

189 5194 368 5258 ζουσι.
436 5186 688 5257 Μεγάλη
729 5185 787 5238 δέ
845 5186 960 5238 ἐστι
1002 5185 1213 5256 φυλακὴ
1255 5186 1384 5257 παρ’
1419 5186 1621 5251 αὑτοῖς,
1644 5187 1792 5252 ὅπως
1896 5196 2028 5244 mat.

192 5285 390 5355 μηδεὶς
433 5275 636 5336 αὐτῶν
690 5273 890 5340 ἔξωθεν
944 5278 1044 5347 τῆς
1067 5274 1343 5348 τραπέζης
1382 5276 1588 5348 τροφῆς
1623 5294 1787 5348 μετα-

187 5377 356 5431 λάεη.

256 5394 543 5527 ἕῗιίῐναδὲ
568 5463 650 5535 μή
684 5478 739 5515 τι
769 5459 1008 5532 δόξωμεν
1040 5459 1148 5515 τῶν
1173 5458 1524 5514 κοινοὸιακῶν
1552 5459 1791 5514 κανόνων

188 5556 708 5636 παραλελοιπέναι,
740 5551 1135 5625 ἐπιμνησθῆναι
1169 5551 1365 5604 δεῖκαὶ
1393 5549 1502 5605 τῶν
1531 5551 1589 5605 ἐν
1615 5550 1793 5615 ἀλλοις

1967 5450 2021 5508 8.
2066 5446 2173 5522 (56)
2207 5446 2285 5503 Ne
2324 5446 2452 5517 quid
2484 5445 2765 5500 videamur
2795 5448 2972 5497 autem
3004 5436 3458 5495 emnobiticarum

1897 5538 2206 5611 regularum
2231 5537 2497 5599 omittere,
2524 5546 2827 5591 memorare
2854 5540 3070 5603 quoque
3099 5535 3311 5601 oportet
3331 5540 3457 5584 con-

1970 5718 2081 5785 (εις)
2116 5713 2248 5785 Ibid.
2275 5728 2323 5768 c.
2361 5711 2444 5785 ιε,

257 5739 378 5804 (5'5)
416 5730 697 5789 Cassian.
727 5725 973 5781 Institul.
1012 5724 1109 5781 lib.
1147 5739 1220 5792 ιν,
1252 5739 1305 5779 c.
1334 5720 1420 5780 l6.
1970 5720 2081 5801 (55)
2116 5720 2248 5796 Ibid.
2275 5728 2323 5768 c.
2361 5720 2444 5765 18.

257 5808 379 5861 (SM
410 5804 566 5861 Ibid.
599 5814 657 5855 c.
686 5797 775 5853 Π.
1971 5789 2083 5861 (56)
2122 5783 2253 5842 Ibid.
2297 5798 2345 5838 c.
2392 5782 2480 5838 19.

257 5797 379 5882 (ει)
410 5804 566 5864 Ibid.
599 5814 657 5855 ο.
686 5797 775 5853 n.
