3924 6510
572 470 679 528 859

1663 463 1719 520 S.
1760 460 2222 518 ATHANASlUS.
2259 490 2329 502 —
2366 455 2635 514 SPURIA.

573 583 889 640 stltutiones
918 580 973 635 in
1005 579 1128 635 aliis
1158 576 1473 649 regionibus
1504 576 1752 631 traditas.
1794 574 1852 630 ln
1888 582 1999 629 tota
2035 575 2135 628 ita-

2251 574 2461 644 κλίμασι
2513 565 2956 641 παραδεδομένων
2996 564 3396 620 διατυπώσεων.
3430 563 3589 619 Κατά
3618 565 3785 619 πᾶσαν

575 690 683 745 que
715 670 1119 741 Mesopotamia,
1153 667 1440 723 Palaestina
1487 677 1541 721 et
1584 664 1947 736 Cappadocia,
1988 673 2041 719 et
2076 663 2132 717 in

2251 664 2410 718 τοίνυν
2440 662 2537 734 τὴν
2563 657 2984 730 Μεσοποταμίαν
3007 657 3101 711 καλ⁵
3127 655 3621 727 Παλαιστίνην,“καὶ
3642 655 3784 709 Καπ-

574 772 693 819 toto
729 760 967 823 Oriente,
1021 764 1266 828 tempore
1314 763 1616 810 conventus
1659 755 1850 818 tertiae,
1891 759 2056 808 sextae
2080 758 2134 805 et

574 867 732 909 nona
764 850 934 915 horae,
968 849 1013 904 si
1048 849 1173 918 quis
1211 855 1337 902 ante
1362 846 1689 916 completum
1722 845 1954 915 primum
1990 845 2132 913 psal-

573 959 721 999 mum
751 957 862 996 non
897 939 1218 1004 occurrerit,
1259 939 1306 993 is
1349 938 1404 991 in
1434 936 1736 991 oratorium
1777 934 1986 1005 ingredi
2026 949 2136 986 non

575 1027 761 1090 audet,
796 1041 972 1096 neque
1000 1040 1120 1080 sese
1150 1024 1510 1095 psallentibus
1542 1024 1844 1078 admiscere
1880 1041 1892 1075 :
1931 1022 2025 1077 sed
2054 1021 2138 1075 di-

573 1119 892 1175 missionem
942 1117 1170 1172 fratrum
1218 1132 1318 1186 pro
1370 1115 1580 1170 foribus
1632 1123 1784 1170 stans
1839 1120 2134 1183 exspectat.

574 1209 995 1279 Egredientibus
1049 1218 1231 1263 autem
1283 1209 1559 1273 omnibus,
1606 1207 1759 1260 humi
1809 1212 2136 1276 prostratus,

575 1300 951 1371 paenitentiam
981 1315 1165 1369 agens,
1202 1299 1544 1369 negligentiae
1574 1313 1687 1351 sua:
1719 1296 1929 1351 veniam
1960 1310 2143 1366 posm-

577 1392 673 1446 lat.
707 1391 767 1446 ln
800 1393 1087 1447 nocturnis
1118 1406 1284 1460 porro
1321 1389 1703 1453 conventibus,
1738 1401 1910 1458 usque
1947 1386 2015 1440 ad
2056 1402 2143 1442 se-

579 1484 821 1540 eundum
847 1485 1117 1555 psalmum
1153 1483 1307 1537 venia
1330 1482 1484 1536 tarde
1515 1481 1858 1536 venientibus
1891 1479 2142 1534 concedi-

579 1584 691 1630 tur.
726 1575 899 1630 Porro
927 1574 1125 1629 fratres
1159 1589 1255 1643 per
1296 1572 1665 1628 hebdomadas
1703 1571 1807 1626 sibi
1842 1569 2144 1625 succedunt

583 1668 643 1722 in
669 1668 905 1738 coquina
943 1678 996 1721 et
1025 1667 1079 1720 in
1110 1666 1232 1720 aliis
1260 1663 1471 1727 ofﬁciis,
1507 1678 1632 1718 cum
1656 1663 1815 1716 multi
1842 1661 2045 1716 laboris
2067 1661 2145 1715 le-

580 1757 747 1812 vandi
777 1773 965 1823 causa,
998 1765 1111 1811 tum
1132 1764 1191 1811 ut
1221 1755 1503 1811 charitatis
1530 1754 1703 1824 legem
1724 1751 1929 1815 mutuis
1957 1750 2145 1805 otIiciis

582 1850 867 1919 impleant.
918 1848 1092 1902 Tanta
1124 1856 1302 1903 autem
1339 1846 1647 1925 humilitate
1688 1852 1743 1900 et
1781 1843 2146 1900 sollicitudine

2239 751 2518 816 παδοκίαν,
2545 752 2639 805 καὶ
2658 751 2836 804 πᾶσαν
2861 747 2961 819 τὴν
2976 746 3262 817 ’Δνατολὴν
3304 748 3364 798 ὲν
3393 744 3473 816 τῷ
3505 743 3683 815 καιρῷ
3698 744 3783 813 τῆς

2241 843 2529 908 συνάξεως,
2589 842 2796 914 τρίτης,
2853 839 2946 892 καὶ
2971 838 3156 908 ἕκτης,
3185 837 3277 890 καὶ
3309 836 3504 907 ἐνάτης
3545 836 3711 906 ὧρας,
3738 838 3784 890 εί

2240 952 2344 999 τις,
2384 934 2592 1005 πρινὴὸ
2616 932 2825 1004 πρῶτος
2838 929 3047 1001 ψαλμὺς
3073 929 3350 1000 τελειωθῇ,
3386 929 3460 1001 μὴ
3490 930 3782 1000 ἀπαντήσει,

2241 1026 2333 1079 τοῦ
2384 1023 2567 1079 λοιποῦ
2617 1026 2694 1086 είς
2754 1022 2814 1075 τὸ
2869 1022 3153 1092 εὐκτὴριον
3195 1019 3450 1073 εἰσελθεῖν
3509 1021 3572 1073 οὺ
3606 1019 3779 1089 τολμᾷ,

2242 1114 2364 1169 οὕτε
2409 1113 2702 1184 καταμίξαι
2758 1112 2947 1166 ἑαυτὸν
3002 1115 3115 1175 τοῖς
3165 1110 3483 1180 ψάλλουσιν·
3530 1108 3667 1162 ἀλλά
3692 1109 3785 1161 τῶν

2245 1205 2486 1275 ἀδελφῶν
2536 1205 2635 1277 τὴν
2674 1202 2932 1257 ἀπόλυσιν
2962 1202 3066 1274 πρὸ
3107 1201 3281 1273 θυρῶν
3322 1201 3602 1270 ἐκδέχεται
3652 1202 3782 1253 ἱστα-

2250 1314 2425 1369 μενος.
2462 1294 2857 1366 Ἐξερχομένων
2883 1292 2939 1345 δὲ
2962 1292 3195 1354 πάντων,
3233 1287 3408 1360 βαλὼν
3436 1288 3531 1341 ἐπὶ
3564 1287 3663 1358 τὴν
3696 1288 3784 1355 γῆν

2250 1389 2557 1460 μετάνοιαν,
2594 1385 2878 1450 ἑξαιτεῖται
2928 1383 3025 1454 τῆς
3055 1382 3256 1446 οίκείας
3287 1381 3558 1454 ῥᾳθυμίας
3594 1381 3785 1450 συγχώ-

2249 1494 2423 1549 ρησιν.
2486 1478 2572 1529 Ἐν
2631 1476 2685 1529 δὲ
2732 1477 2850 1538 ταῖς
2892 1475 3227 1544 νυκτεριναῖς
3259 1461 3512 1539 συνάξεσι
3553 1472 3781 1544 δευτέρω

2246 1567 2483 1639 ψαλμοῦ,
2523 1568 2820 1640 παρέχεται
2851 1564 3142 1637 συγγνώμη
3176 1566 3287 1628 τοῖς
3306 1563 3626 1635 βραδύνωσι
3659 1565 3786 1634 παρὰ

2248 1661 2453 1724 τούτοις
2471 1678 2485 1692 ο
2514 1661 2608 1713 καὶ
2625 1659 2920 1729 ἑϐδομάδας
2945 1660 2991 1712 oi
3019 1657 3236 1725 ἀδελφοὶ
3265 1657 3328 1709 ἑκ
3353 1656 3607 1727 διαδοχῆς
3629 1656 3785 1710 ποιοῦ-

2251 1768 2335 1805 σιν
2365 1750 2420 1804 ἔν
2451 1768 2511 1804 τε
2536 1749 2614 1821 τῷ
2647 1750 2940 1822 μαγειρείῳ
2971 1749 3064 1802 καὶ
3099 1752 3210 1811 τοῖς
3251 1746 3428 1810 ἀλλοις
3455 1747 3785 1817 καθήκουσιν,

2253 1843 2367 1914 ἆμα
2394 1843 2488 1896 καὶ
2525 1843 2749 1905 ἑαυτοὺς
2778 1841 3213 1904 διαναπαύοντες,
3245 1840 3341 1894 καὶ
3368 1840 3529 1909 νόμον
3568 1841 3786 1910 ἀγάπης,

582 1942 891 1996 ministeria
923 1941 1165 2010 implent,
1201 1946 1461 2010 quantam
1501 1953 1570 1992 ne
1598 1936 1742 1992 servi
1775 1936 1992 2006 quidem
2023 1949 2146 1988 eum

2251 1932 2336 1986 διὰ
2368 1932 2428 1985 τὸ
2476 1931 2743 1985 δουλεύειν
2783 1931 3049 2003 ἀλλήλοις,
3081 1930 3535 2001 ἀναπληροῦντες.
3564 1930 3784 2002 Τοσαύτη

584 2030 735 2087 heris
762 2031 876 2086 suis
911 2030 1223 2084 adhibeant.
1260 2028 1539 2099 Completa
1569 2028 1926 2092 hebdomade,
1970 2026 2150 2080 Domi-

584 2122 712 2175 nica
755 2121 843 2175 die
892 2127 1015 2190 post
1064 2119 1359 2174 matutinos
1410 2120 1665 2191 hymnos,
1716 2117 2149 2188 ingredientibus

588 2210 712 2266 aliis
736 2210 803 2264 ad
825 2209 1191 2277 serviendum,
1216 2224 1345 2264 vasa
1367 2208 1528 2264 ofﬁcii
1548 2209 1631 2264 sui
1657 2209 1871 2279 signata
1891 2207 2112 2262 tradunt
2132 2227 2155 2261 ι.

587 2315 709 2370 quae
733 2308 953 2370 accepta
984 2300 1072 2354 alii
1116 2306 1268 2354 tanta
1301 2316 1433 2354 cura
1473 2308 1531 2354 et
1562 2299 1929 2356 sollicitudine
1965 2305 2152 2353 custo-

588 2391 766 2460 diunt,
819 2403 877 2447 ut
912 2408 982 2448 ne
1032 2407 1221 2448 eorum
1274 2392 1552 2462 quidpiam
1602 2392 1688 2446 vel
1731 2392 2011 2462 frangatur
2066 2389 2151 2444 vel

586 2489 794 2552 pereat,
828 2488 1085 2555 quantam
1112 2482 1160 2538 is
1191 2481 1445 2537 adhibeat
1481 2481 1569 2537 cui
1600 2496 1730 2536 vasa
1768 2496 1923 2535 sacra
1949 2496 2014 2534 ac
2040 2478 2150 2534 Deo

588 2569 766 2624 dicata
788 2570 1220 2626 committuntur.
1251 2569 1386 2623 Nam
1411 2585 1532 2625 sese
1564 2576 1868 2639 praeparant
1890 2567 1957 2622 ad
1983 2568 2151 2622 ratio-

587 2674 713 2714 nem
742 2658 1093 2724 reddendam,
1127 2675 1236 2714 non
1272 2661 1445 2715 solum
1480 2675 1766 2715 mconomo
1804 2658 1859 2712 in
1897 2658 2151 2728 praesenti

588 2758 856 2820 tempore,
898 2750 992 2806 sed
1021 2751 1182 2805 etiam
1216 2749 1327 2805 Deo
1360 2750 1414 2803 in
1439 2749 1647 2815 futuro,
1680 2749 1726 2803 si
1756 2757 1850 2803 aut
1874 2748 2152 2819 negligen-

588 2840 665 2894 tia
680 2848 772 2895 aut
789 2841 1013 2911 segnitie
1035 2855 1222 2896 eorum
1244 2840 1520 2910 quidpiam
1544 2841 1785 2910 perierit.
1806 2840 1914 2912 (57)
1934 2839 2015 2894 Ad
2038 2856 2153 2894 ma-

582 2929 762 3002 jorem
792 2946 956 3002 porro
986 2931 1256 2986 dictorum
1283 2930 1464 2995 tidem,
1506 2946 1626 3000 qua:
1659 2932 1795 2986 meis
1827 2932 1945 3001 ipse
1977 2930 2152 2986 oculis

587 3022 857 3093 perspexi,
877 3022 1128 3076 narrabo.
1164 3020 1223 3075 ln
1256 3021 1593 3080 hebdomade
1621 3020 1906 3091 cujusdam
1941 3020 2149 3086 fratris,

589 3112 962 3183 pertransiens
1022 3126 1378 3178 mconomus,
1441 3127 1615 3181 pauca
1671 3110 1940 3167 lenticula:
1984 3126 2152 3182 grana

589 3201 742 3256 humi
772 3202 1012 3272 projecta
1046 3203 1199 3265 vidit,
1228 3218 1404 3273 neque
1432 3202 1679 3274 despexit
1705 3203 1864 3274 quasi
1895 3217 2007 3257 rem
2029 3202 2152 3257 uul-

2248 2024 2303 2077 δὲ
2328 2021 2788 2093 ταπεινοφροσύνῃ
2818 2022 2911 2075 καὶ
2945 2022 3144 2094 σπουδὴ
3177 2023 3234 2074 ἑν
3263 2024 3328 2091 τῇ
3355 2021 3604 2092 διακονίᾳ
3632 2022 3786 2073 ἐπιτε-

2247 2115 2418 2170 λεῖται
2446 2116 2576 2187 παρ’
2613 2115 2816 2178 αὐτοῖς,
2844 2115 2943 2184 ὅση
2969 2114 3068 2166 οὐκ
3096 2114 3162 2167 ἂν
3192 2112 3474 2175 δεσπόταις
3505 2114 3656 2184 παρὰ
3680 2112 3784 2166 69'5-

2248 2208 2353 2263 λων
2382 2206 2768 2279 παρασχεθείη.
2811 2205 3303 2276 Συμπληρωθείσης
3339 2206 3396 2258 δὲ
3434 2205 3537 2275 τῆς
3578 2204 3785 2273 ἑϐδομά-

2247 2301 2357 2364 δος,
2414 2302 2479 2370 τῇ
2544 2298 2895 2369 ἀναστασίμῳ
2953 2297 3133 2369 ἡμέρᾳ
3193 2295 3329 2367 μετά
3376 2297 3505 2359 τοὺς
3559 2296 3787 2358 ἑωθινοὺς

2250 2391 2450 2463 ὕμνους
2488 2390 2668 2454 ἄλλοις
2704 2389 2863 2443 πάλιν
2891 2392 3001 2452 τοῖς
3044 2388 3439 2459 εἰσερχομένοις
3467 2389 3783 2459 ὑπηρετῆσαι

2248 2481 2315 2536 τὰ
2343 2481 2476 2554 πρὸς
2499 2482 2597 2552 τὴν
2621 2480 2814 2551 χρῆσιν
2838 2479 3004 2549 σκεύη
3034 2480 3445 2550 σεσημειωμένα
3478 2480 3781 2549 παραδιδόα-

2249 2586 2364 2625 σινο
2396 2573 2551 2626 ἅτινα
2589 2572 2885 2643 δεχόμενοι,
2917 2570 3180 2641 τοσαύτην
3213 2571 3477 2641 μέριμναν
3526 2570 3623 2623 καὶ
3651 2587 3786 2640 φρον-

2246 2667 2365 2719 τίδα
2399 2668 2477 2730 είς
2505 2665 2601 2736 τὴν
2654 2664 2856 2719 τούτων
2895 2662 3287 2735 παραφυλακὴν
3316 2662 3692 2725 ἐνδείκνυνται,
3722 2664 3782 2733 μή

2248 2773 2300 2810 τι
2332 2755 2392 2821 ἑξ
2422 2756 2601 2810 αὐτῶν
2633 2755 2837 2826 κλασθῇ
2869 2755 2901 2826 ἢ
2940 2754 3227 2824 ἀπόληται,
3262 2756 3394 2825 ὅσην
3425 2754 3575 2818 είκὺς
3602 2755 3688 2807 τὸν
3706 2771 3787 2807 πε-

2250 2848 2604 2920 πιστευμένον
2635 2845 2802 2918 σκεύη
2851 2846 2969 2920 ἱερὰ
3003 2848 3096 2901 καὶ
3130 2845 3207 2918 τῷ
3239 2846 3357 2916 Θεῴ
3398 2846 3783 2917 ἀνατεθειμένα.

2261 2940 2505 3010 ’Υφέξειν
2549 2939 2657 3012 γάρ
2705 2939 2858 3008 λόγον
2898 2938 3268 3009 ἑτοιμάξονται
3308 2939 3370 2992 οὐ
3395 2938 3553 3009 μόνον
3613 2941 3671 2991 ἑν
3722 2938 3788 3008 τῷ

2251 3032 2479 3103 παρόντι
2537 3031 2615 3102 τῷ
2645 3032 2929 3102 οἰκονόμῳ,
2958 3030 3114 3083 ἀλλὰ
3154 3030 3248 3085 καὶ
3272 3031 3330 3083 ὲν
3366 3029 3445 3101 τῷ
3469 3030 3705 3100 μέλλοντι
3724 3030 3787 3099 τῷ

2250 3120 2389 3192 Θεῷ,
2430 3121 2477 3174 εί
2517 3118 2667 3191 τύχοι
2709 3120 2769 3185 ἑξ
2802 3118 3109 3190 ἀμελείαςῆ
3147 3118 3415 3191 ῥᾳθυμίας
3433 3119 3718 3174 ἀπολέσθαι
3743 3136 3788 3172 τι

2253 3212 2312 3279 ἐξ
2366 3210 2559 3267 αὐτῶν.
2620 3210 2766 3282 Πρὸς
2800 3209 3014 3264 πλείονα
3046 3211 3103 3264 δὲ
3144 3211 3323 3264 πίστιν
3353 3211 3461 3264 τῶν
3487 3213 3786 3282 εἰρημένων,

591 3292 701 3373 lius
751 3293 943 3362 pretii;
997 3292 1093 3349 sed
1140 3293 1327 3349 multis
1382 3293 1720 3365 increpatum
1772 3294 2018 3360 fratrem,
2064 3294 2150 3348 cui

2256 3302 2391 3373 ὅπερ
2412 3300 2601 3363 αὐταῖς
2627 3298 2811 3368 ὄψεσιν
2845 3298 3154 3371 ἐθεασάμην
3206 3300 3497 3373 προσθήσω
3529 3302 3606 3371 τῷ
3627 3303 3790 3372 διηγή-

591 3372 891 3437 hebdomas
944 3381 1036 3436 illa
1085 3381 1399 3437 concredita
1463 3393 1614 3448 erat,
1668 3397 1828 3453 poena
1885 3382 2155 3450 multavit,

593 3474 751 3544 quasi
796 3473 1155 3544 negligentem
1201 3489 1266 3530 ea
1314 3488 1436 3545 quae
1486 3473 1596 3529 Deo
1634 3474 1814 3529 dicata
1861 3481 2068 3537 essent,
2105 3482 2160 3529 et

593 3564 1007 3619 conculcantem
1045 3566 1324 3635 propriam
1357 3565 1772 3621 conscientiam.
1812 3562 1988 3619 Tanta
2014 3566 2156 3620 enim

593 3669 729 3709 cura
761 3660 815 3709 et
843 3654 1212 3710 sollicitudine
1244 3656 1427 3710 omnia
1468 3662 1710 3720 servant,
1756 3656 1940 3710 omnia
1979 3655 2158 3710 admi-

593 3743 855 3809 nistrant,
902 3751 963 3798 ut
1004 3760 1069 3800 ea
1107 3760 1229 3816 qua;
1270 3746 1430 3801 nobis
1456 3746 1586 3800 vilia
1615 3753 1670 3801 et
1697 3746 2048 3816 despicabilia
2076 3745 2158 3799 vi-

594 3835 814 3902 dentur,
844 3851 1040 3907 magna
1082 3839 1382 3893 attentione
1419 3836 1766 3903 custodiant;
1806 3838 1880 3892 ita
1920 3846 1977 3891 ut
2018 3836 2160 3891 male

593 3928 830 3996 positum
854 3942 950 3983 vas
976 3928 1332 3989 transferant,
1365 3928 1669 3999 projectum
1692 3928 1971 3999 colligant,
1997 3925 2157 3997 313

594 4017 881 4073 credentes
911 4033 971 4073 se
997 4033 1028 4072 a
1062 4018 1290 4073 Domino
1322 4018 1432 4072 Deo
1480 4018 1673 4072 harum
1712 4032 1931 4088 quoque
1975 4032 2156 4073 rerum

594 4107 896 4162 mercedem
916 4116 1258 4178 accepturos.
1281 4108 1392 4179 (58)
1408 4107 1516 4165 llas
1533 4106 1927 4163 hebdomadum
1944 4108 2158 4178 regulas

594 4209 693 4266 per
746 4203 919 4251 totum
987 4197 1266 4252 Orientem
1332 4198 1613 4253 observari
1681 4196 2155 4267 deprehendimus.

595 4283 749 4355 Apud
785 4285 1070 4357 Egyptios
1101 4294 1284 4341 autem
1315 4302 1422 4342 non
1458 4287 1534 4341 ita
1563 4287 1962 4342 hebdomadum
1995 4286 2158 4341 vicis-

593 4376 776 4431 situdo
815 4385 1099 4445 servatur;
1136 4378 1231 4433 sed
1279 4378 1442 4432 alicui
1489 4376 1720 4432 fratrum
1768 4375 2157 4447 probatissimo

592 4467 788 4523 culina:
839 4483 969 4522 cura
1019 4469 1396 4533 committitur,
1438 4477 1644 4538 quanto
1679 4469 1886 4524 scilicet
1916 4476 2157 4538 tempore

592 4559 766 4617 virtus
800 4560 920 4631 ejus
958 4569 1311 4632 augmentum
1356 4562 1574 4631 accipit,
1629 4562 1775 4619 vires
1821 4563 2069 4632 corporis
2100 4562 2155 4616 in

2259 3408 2410 3462 ματι.
2446 3391 2534 3444 Ἐν
2559 3392 2624 3461 τῇ
2660 3388 2908 3461 ἑϐδομάδι
2931 3391 3074 3455 τινὸς
3114 3391 3342 3461 ἀδελφοῦ
3372 3391 3582 3463 παριὼν
3613 3396 3642 3447 ό
3668 3395 3788 3445 σίκυ-

2255 3482 2416 3553 νόμος
2448 3481 2659 3550 ὀλίγους
2691 3480 2920 3545 κόκκους
2955 3482 3133 3553 φακῆς
3153 3481 3292 3535 κατά
3318 3482 3423 3553 γῆν
3456 3483 3791 3556 ἐρριμμένους

2256 3573 2534 3636 ἐθεάσατο,
2569 3572 2664 3626 καὶ
2698 3571 2760 3624 οὐ
2805 3571 3206 3642 κατεφρόνησεν
3250 3572 3326 3637 ὡς
3364 3573 3582 3647 οἰκτροῦ
3610 3576 3696 3629 καὶ
3718 3574 3791 3626 οὑ-

2255 3662 2478 3735 δαμινοῦ
2517 3662 2869 3735 πράγματος·
2919 3662 3056 3716 ἀλλὰ
3084 3662 3253 3717 πολλά
3298 3664 3599 3732 ἐγκαλέσας
3617 3665 3690 3735 τῷ
3710 3665 3789 3735 τὴν

2258 3751 2520 3822 ἑϐδομάδα
2547 3751 2963 3823 πεπιστευμένῳ
2993 3752 3224 3824 ἀδελφῷ,
3257 3753 3484 3807 δέδωκεν
3523 3754 3666 3824 αὐτῷ
3689 3757 3790 3807 ἐπι-

2257 3844 2465 3914 τιμίαν,
2494 3843 2570 3908 ὡς
2628 3843 2914 3916 ἀμελοῦντι
2970 3842 3079 3897 τῶν
3124 3844 3200 3915 τῷ
3229 3845 3349 3917 Θεῷ
3396 3846 3786 3916 ἀνατιθεμένων,

2258 3935 2349 3988 καὶ
2377 3934 2776 3988 καταπατοῦντι
2799 3934 2898 4006 τὴν
2929 3934 3063 3988 ίδίαν
3092 3934 3412 4007 συνείδησιν.
3442 3934 3683 4006 Τοσαύτη
3701 3936 3791 4004 γὰρ

2256 4026 2434 4081 πίστει
2486 4026 2579 4080 καὶ
2612 4026 2813 4099 σπουδῇ
2846 4026 3060 4081 πάντων
3088 4027 3490 4099 ἐπιμελοῦνται,
3519 4032 3612 4083 καί
3639 4030 3789 4083 πάντα

2254 4117 2562 4184 διοικοῦσιν,
2600 4118 2677 4184 ὡς
2700 4119 2972 4190 καὶιαὺτὰ,
2992 4121 3133 4194 ἆπερ
3158 4122 3286 4191 ἡμῖν
3307 4121 3498 4192 εὐτελῆ
3528 4121 3621 4175 καὶ
3650 4137 3790 4173 κατα-

2257 4211 2569 4281 φρονήσεως
2613 4209 2739 4277 ἀξια
2790 4210 3099 4280 φαίνονται,
3133 4211 3270 4282 μετά
3314 4210 3515 4282 πολλῆς
3546 4210 3790 4281 προσοχῆς

2256 4302 2565 4372 φυλάττειν,
2592 4299 2705 4356 οἷον
2734 4303 2953 4372 ἀγγεῖον
2980 4302 3166 4366 κακῶς
3185 4303 3433 4374 κείμενον
3465 4304 3788 4375 μεταστῆσαι,

2258 4389 2446 4455 σκεῦος
2462 4390 2788 4462 ὲρῤιμμένον
2812 4391 3052 4457 συνάξαι,
3067 4392 3405 4455 πιστεύοντες
3427 4393 3521 4446 καὶ
3536 4393 3670 4463 ὑπὲρ
3690 4390 3793 4442 τού-

2256 4495 2363 4533 των
2397 4480 2587 4551 μισθὸν
2614 4479 2759 4551 ἔχειν
2800 4483 2928 4552 παρ’
2961 4481 3106 4552 αὐτῷ
3138 4480 3213 4551 τῷ
3240 4482 3482 4554 Δεσπότῃ
3513 4482 3650 4553 Θεῷ.
3677 4479 3791 4533 Τού-

2258 4585 2382 4632 τους
2428 4569 2486 4622 δὲ
2541 4570 2669 4634 τοὺς
2721 4572 2950 4635 κανόνας
2988 4572 3097 4626 τῶν
3125 4573 3431 4644 ἑϐδομάδων
3465 4574 3607 4628 κατά
3638 4574 3790 4627 πᾶσαν

591 4649 751 4707 ofﬁcii
792 4652 1071 4709 functione
1119 4662 1432 4725 suppetunt,
1487 4668 1587 4709 nec
1630 4662 1884 4710 senectus
1929 4653 2150 4707 infirmi-

2257 4659 2355 4732 τὴν
2388 4661 2674 4733 Ἀνατολὴν
2698 4663 3006 4735 εὑρήκαμεν
3026 4636 3287 4733 γίνεσθαί.
3323 4665 3481 4737 Παρὰ
3502 4666 3558 4719 δὲ
3588 4670 3689 4728 τοῖς
3708 4666 3790 4718 Δί-

593 4750 746 4799 tasve
782 4744 1054 4815 prohibet.
1089 4744 1226 4800 Cum
1259 4753 1440 4800 autem
1478 4746 1638 4802 nobis
1663 4761 1843 4801 sermo
1869 4746 1939 4802 sit
1964 4745 2032 4801 de
2058 4745 2158 4800 ob-

592 4837 876 4907 sequentia
910 4847 965 4893 et
994 4839 1063 4894 de
1091 4838 1421 4903 humilitate,
1452 4854 1550 4909 per
1574 4854 1711 4906 quas
1741 4838 1809 4892 ad
1842 4852 2156 4908 supremum

591 4929 813 4985 virtutis
850 4929 1126 5001 fastigium
1161 4945 1455 5001 possumus
1492 4929 1800 5000 pervenire,
1831 4944 2008 4999 operte
2038 4944 2160 4999 pre-

593 5019 725 5075 tium
752 5021 894 5077 duco
919 5037 1092 5092 pauca
1116 5038 1181 5077 ex
1207 5023 1396 5077 multis
1425 5022 1684 5092 prmclare
1708 5021 1877 5093 gestis
1902 5036 1929 5074 a
1953 5020 2159 5075 sanctis

595 5109 846 5168 Patribus
873 5113 967 5185 qui
1005 5113 1059 5167 in
1095 5113 1364 5168 cmnobiis
1397 5112 1672 5177 ellulsere,
1704 5110 1935 5181 exempli
1966 5123 2153 5174 causa,

593 5204 890 5259 narrationi
920 5204 1156 5274 adjicere
1183 5214 1403 5261 nostrae.

2257 4752 2509 4821 γυπτίοις
2560 4753 2657 4823 οὐχ
2705 4753 2847 4808 οὕτω
2872 4755 2978 4808 τῶν
3016 4754 3323 4826 ἑϐδομάδων
3349 4758 3383 4828 ἡ
3415 4757 3675 4827 ἑναλλαγὴ
3691 4758 3789 4809 ἑπι-

2254 4844 2509 4909 τελεῖται,
2546 4843 2680 4897 ἀλλά
2729 4846 2808 4898 ἑνὶ
2858 4845 3212 4917 δοκιμωτάτῳ
3255 4846 3362 4899 τῶν
3392 4847 3636 4917 ἀδελφῶν
3660 4850 3684 4917 ἡ
3710 4844 3789 4898 τοῦ

2250 4924 2574 5007 ’μαγειρείου
2635 4938 2852 5008 φροντὶς
2898 4938 3267 5009 ἐπιτρέπεται,
3307 4938 3391 5008 ἐφ’
3434 4939 3559 4992 ὅσον
3584 4942 3618 5010 ὴ
3650 4935 3789 5008 ἁρετὴ

2259 5024 2448 5078 τούτου
2482 5024 2778 5091 ἐπιδίδωσι,
2813 5028 2907 5079 καὶ
2936 5028 2969 5097 ή
2994 5029 3145 5098 ἰσχὺς
3174 5027 3263 5080 τοῦ
3291 5028 3540 5099 σώματος
3561 5028 3794 5097 ὑπουργεί

2263 5115 2320 5167 έν
2346 5116 2411 5185 τῇ
2442 5114 2705 5187 διακονίᾳ,
2741 5116 2833 5168 καὶ
2869 5119 3003 5188 μήτε
3030 5118 3203 5189 γῆρας
3224 5118 3371 5189 αὐτῷ
3401 5120 3538 5189 μήτε
3568 5119 3793 5173 ἀσθένεια

2263 5201 2560 5273 ἐμποδίζει.
2604 5205 2713 5258 Καὶ
2752 5207 2936 5277 ἐπειδὴ
2966 5209 2994 5260 ό
3024 5206 3177 5274 λόγος
3204 5209 3336 5278 ἡμῖν
3373 5209 3503 5279 περὶ
3549 5207 3794 5275 ὑποταγῆς

593 5292 686 5346 καὶ
716 5293 1090 5359 ταπεινώσεως
1122 5294 1449 5373 εἷρηται,ιδι’
1476 5288 1551 5347 ὧν
1588 5291 1724 5364 πρὸς
1781 5290 1842 5344 τὸ
1880 5290 2174 5361 ἀκρότατον
2211 5290 2309 5361 τῆς
2349 5293 2548 5364 ἀρετῆς
2593 5292 2832 5347 ἀνελθεῖν
2889 5295 3178 5365 δυνάμεθα,
3237 5298 3530 5364 ἀναγκαῖον
3565 5296 3795 5365 ὑπολαμ-

593 5387 740 5441 ϐάνω
769 5388 923 5459 ὀλίγα
967 5393 1032 5444 ὲκ
1100 5390 1307 5445 πολλῶν
1341 5389 1448 5444 τῶν
1484 5389 1541 5443 ὲν
1580 5390 1691 5451 τοῖς
1761 5384 2044 5448 κοινοϐίοις
2100 5385 2511 5457 διαλαμψάντων
2577 5386 2802 5457 ἀγώνων
2844 5388 3058 5463 [ἁγίων]
3095 5389 3351 5462 Πατέρων
3427 5390 3794 5462 κατορθώματα

593 5482 1026 5555 παραδείγματος
1054 5485 1213 5557 χάριν
1242 5484 1556 5558 προσθεῖναι
1586 5482 1663 5553 τῷ
1695 5480 2010 5552 διηγήματι.

663 5574 717 5631 9.
736 5576 846 5648 (59)
865 5577 992 5633 Erat
1006 5578 1223 5650 quidam
1245 5579 1406 5636 Pater
1426 5578 1666 5633 Muthius
1680 5575 1788 5648 (60)
1810 5574 2045 5643 nomine,
2060 5573 2157 5645 qui

688 5714 777 5780 57)
809 5714 1059 5771 Cassian.
1094 5715 1337 5774 Institut.
1363 5719 1459 5774 lib.
1502 5732 1577 5783 tv,
1608 5732 1658 5772 c.
1688 5717 1776 5774 20.

688 5716 777 5780 57)
809 5716 1059 5771 Cassian.
1094 5716 1150 5771 In

690 5784 759 5839 58
811 5784 947 5840 lhid.
978 5802 1029 5841 c.
1059 5786 1150 5841 22.

663 5716 781 5925 359;
812 5854 944 5910 Ibid.
980 5871 1030 5912 ο.
1057 5857 1146 5910 ‘27.

690 5785 759 5839 58
811 5785 947 5840 una.
978 5802 1029 5841 c.
1059 5786 1146 5841 οε.

688 5785 781 5926 δειξ
812 5854 944 5910 Ibid.
980 5871 1030 5912 ο.
1057 5857 1146 5910 ~27.

2330 5571 2383 5627 9.
2417 5572 2613 5641 Γέγονὲ
2637 5589 2721 5636 τις
2749 5571 2937 5643 Πατὴρ
2964 5572 3195 5639 Μούθιος
3213 5573 3456 5646 ὀνόματι.
3517 5570 3671 5638 Οὗτος
3686 5574 3795 5625 ἑπι-

2340 5713 2451 5785 (60)
2481 5713 3072 5785 Alii_putant_rectius
3126 5713 3227 5785 legi
3279 5710 3657 5767 Patermutliim
3693 5719 3793 5766 ora

2268 5782 2555 5856 voée,’qua
2585 5782 2651 5839 de
2681 5798 2739 5838 re
2761 5782 2908 5839 alibi.
