3924 6534
110 493 209 548 861

1288 499 1611 558 EPlSTOLA
1657 504 1675 557 l
1716 502 1805 557 AD
1837 503 2228 559 CASTOREM.

3238 511 3347 569 862

114 607 298 663 ποθῶν
339 609 721 688 ἀποτάξασθαι
770 610 846 682 τῷ
892 613 1114 685 κόσμῳ,
1149 618 1586 689 παραγενόμενος
1626 622 1682 672 ὲν

1800 634 1907 673 :um
1940 621 2097 675 vellet
2138 620 2339 679 mundo
2384 622 2721 688 renuntiare,
2748 624 3012 681 accedens
3051 625 3118 681 ad
3158 643 3349 684 coeno-

114 699 391 770 κοινοδίῳ,
420 702 651 755 ἐπιπολὺ
693 703 799 774 πρὸ
828 702 936 758 τῶν
976 705 1153 777 θυρῶν
1198 705 1292 759 τοῦ
1329 711 1687 781 μοναστηρίου

114 791 509 863 ἐκαρτέρησεν,
534 792 640 857 ἕως
665 794 752 845 ὅτε
785 797 848 865 τῇ
886 795 1052 866 πολλῇ
1083 796 1245 849 αὐτοῦ
1270 797 1513 869 ὑπομονῇ
1550 800 1689 869 μετὰ

118 883 319 953 μικροῦ
359 884 478 936 υἱοῦ
507 885 660 956 παρὰ
688 886 778 938 τὸν
808 887 1012 958 συνήθη
1052 889 1249 942 κανόνα
1292 888 1383 940 τοῦ
1426 889 1688 941 κοινοϐίου

115 972 332 1045 ἐδέχθη.
362 974 477 1027 Καὶ
515 976 602 1027 ὅτε
639 976 778 1047 μετὰ
820 966 1048 1041 πολλοὺς
1082 978 1282 1043 κόπους
1322 979 1589 1049 εἰσῆλθεν,
1628 980 1687 1032 ού

119 1064 279 1133 μόνον
305 1064 586 1134 διαφόροις
618 1067 799 1138 ἔργοις
830 1068 1225 1140 παρεδόθησαν,
1256 1070 1388 1123 ἀλλὰ
1418 1071 1511 1123 καὶ
1549 1069 1690 1123 κατὰ

117 1158 215 1225 τὴν
249 1156 344 1209 τοῦ
376 1157 586 1210 κελλίου
628 1160 937 1231 συνοίκησιν
975 1160 1419 1231 διεχωρίσθησαν,
1450 1162 1595 1225 ὅπως
1621 1164 1686 1233 τῇ

120 1249 211 1301 ἀπ’
248 1249 498 1322 ἀλλήλων
525 1251 792 1315 διαζεύξει
820 1251 961 1305 κατά
994 1253 1184 1323 μικρὸν
1225 1254 1323 1322 τῆς
1364 1253 1497 1324 πρὸς
1526 1252 1684 1323 ἀλλή-

118 1339 245 1402 λους
283 1340 522 1410 φυσικῆς
558 1342 927 1412 προσπαθείας
956 1342 1374 1411 ἀπαλλαγῶσιν*
1410 1340 1478 1414 ἦς
1510 1344 1688 1415 χάριτι

117 1431 359 1500 Χριστοῦ
394 1432 480 1485 διὰ
508 1434 605 1505 τῆς
638 1433 837 1501 πολλῆς
861 1434 1166 1503 γυμνασίας
1197 1437 1225 1486 ό
1255 1434 1431 1506 πατὴρ
1471 1434 1691 1503 ἠλευθε-

120 1520 288 1592 ρώθη.
310 1523 417 1575 Καί
447 1540 579 1575 ποτε
613 1524 746 1593 πρὸς
778 1522 1005 1591 βάσανον
1034 1524 1127 1576 καὶ
1154 1523 1379 1595 δοκιμὴν
1406 1525 1503 1595 τῆς
1525 1524 1688 1577 αὐτοῦ

119 1615 318 1683 ἀρετῆς
356 1616 796 1686 προσεποιήσατο
839 1616 867 1668 ὁ
901 1614 1074 1678 ἀεϐᾶς
1128 1617 1246 1685 μετ’
1280 1616 1451 1686 ὀργῆς
1485 1617 1689 1684 ἀγανα-

120 1704 266 1753 κτεῖν
302 1702 441 1775 πρὸς
473 1703 779 1773 τὸνπαῖδα,
812 1705 905 1756 καὶ
932 1704 1261 1775 προστάσσει
1301 1704 1378 1775 τῷ
1420 1706 1690 1777 εἰρημένῳ

119 1791 286 1861 πατρὶ
314 1790 484 1844 αὑτοῦ
512 1792 694 1846 λαϐεῖν
718 1793 877 1846 αὐτὸν
903 1794 994 1846 καὶ
1023 1794 1174 1865 ῥίψαι
1203 1797 1282 1857 εἰς
1308 1795 1398 1847 τὸν
1426 1796 1687 1865 ποταμόν.

120 1884 250 1935 Τότε
278 1886 513 1948 ἐκεῖνος,
549 1884 623 1947 ὡς
648 1883 712 1938 ἂν
742 1885 847 1938 ὑπὸ
878 1885 1012 1937 Θεοῦ
1044 1885 1401 1955 προσταχθεὶς
1426 1887 1688 1957 βαστάσαι

122 1975 283 2029 αὑτοῦ
306 1975 402 2030 τὸν
426 1976 612 2039 παῖδα,
632 1975 887 2047 δρομαῖος
916 1976 1007 2029 ἐπὶ
1030 1977 1128 2047 τὴν
1148 1977 1310 2048 δχθην
1327 1977 1418 2030 τοῦ
1446 1978 1688 2048 ποταμοῦ

122 2068 506 2138 παραγίνεται,
542 2068 636 2119 καὶ
676 2066 917 2119 σπεύδων
950 2066 1233 2137 πληρῶσαι
1268 2068 1329 2119 τὸ
1364 2068 1690 2138 πρόσταγμα

124 2159 299 2211 πίστει
325 2158 579 2229 διαπύρῳ
600 2159 693 2211 καὶ
714 2158 1002 2230 θερμότητι
1027 2159 1126 2227 τῆς
1158 2160 1421 2229 ὑπακοῆς,
1447 2160 1691 2230 ἐκωλύθη

122 2248 222 2302 ὑπὸ
246 2248 361 2301 τῶν
394 2247 660 2317 ἀδελφῶν,
691 2249 1108 2317 ὲπιφθασάντων
1136 2250 1228 2302 καὶ
1253 2251 1691 2321 ἁφαρπασάντων

121 2341 207 2393 τὸν
245 2339 439 2393 παῖδα.
467 2339 732 2392 Τοσοῦτον
758 2336 851 2393 οὖν
892 2340 1038 2410 παρὰ
1067 2340 1185 2411 Θεῷ
1220 2342 1251 2412 ὴ
1288 2341 1466 2405 πίστις
1502 2342 1690 2395 τούτου

124 2433 214 2483 καὶ
232 2433 267 2502 ἡ
290 2430 511 2501 ὑπακοὴ
525 2430 878 2502 προσεδέχθη,
897 2430 971 2494 ὼς
993 2431 1440 2502 ἀποκαλυφθῆναι
1456 2433 1531 2503 τῷ
1553 2433 1693 2505 ἀ66ᾷ

125 2524 184 2572 ὲκ
208 2520 303 2573 τοῦ
324 2520 484 2583 θεοῦ,
507 2520 589 2573 ὃτι
616 2520 674 2572 τὸ
696 2520 852 2591 ἔργον
878 2521 969 2574 τοῦ
999 2522 1247 2593 Ἀϐραὰμ
1272 2519 1422 2587 οὗτος
1450 2524 1689 2593 ἐποίησε.

125 2612 254 2666 Μετ’
286 2611 469 2680 ὀλίγον
506 2610 564 2664 δὲ
596 2611 784 2683 χρόνον
815 2615 841 2666 ὁ
872 2615 1157 2685 εἰρημένος
1194 2614 1367 2679 άϐϐᾶς
1398 2614 1490 2667 τοῦ
1523 2633 1695 2669 κοινο-

127 2704 239 2757 είου
272 2702 563 2767 τελευτῶν,
592 2703 777 2755 τοῦτον
801 2703 1039 2774 διάδοχον
1078 2705 1241 2759 αὐτοῦ
1275 2706 1584 2760 κατέλιπεν.

193 2795 283 2849 10.
314 2794 510 2848 ’Δλλον
540 2793 783 2866 ἔγνωμεν
811 2796 1037 2865 ἀδελφὸν
1067 2797 1493 2869 ἀποταξάμενον,
1515 2798 1574 2862 ὃς
1600 2799 1695 2853 καὶ

126 2888 264 2941 κατά
301 2888 395 2941 τὸν
430 2887 633 2958 κόσμον
683 2888 854 2960 μέγας
908 2890 1115 2961 ὑπῆρχε
1159 2890 1279 2960 (ml-
1316 2890 1424 2962 γάρ
1448 2893 1476 2944 ὁ
1510 2892 1695 2963 Πατὴρ

127 2978 285 3033 αὐτοῦ
318 2981 498 3051 κόμης
521 2981 874 3052 ἐστρατεύετο
895 2982 989 3034 καὶ
1011 2981 1258 3045 πλούσιος
1278 2981 1581 3053 ἐτύγχανε),
1602 2985 1694 3037 καὶ

128 3074 181 3125 ἐν
208 3071 604 3143 ἀναγνώσμασι
646 3072 949 3134 σπουδαίοις
980 3074 1041 3126 ού
1065 3074 1298 3145 μετρίως
1318 3070 1385 3145 ἦν
1423 3092 1695 3146 γεγυμνα-

130 3165 348 3235 σμένος.
387 3157 558 3229 υῦτος
593 3160 685 3219 οὖν
718 3164 1048 3233 καταλείψας
1096 3165 1193 3238 τὴν
1238 3168 1506 3238 κοσμικὴν
1537 3187 1695 3239 περι-

129 3260 377 3326 φάνειαν,
409 3256 548 3329 πρὸς
574 3257 666 3311 τὸν
701 3259 906 3330 μονήρη
940 3256 1051 3327 βίον
1081 3257 1325 3329 ὥρμησε,
1353 3261 1443 3314 καὶ
1469 3261 1532 3334 δὴ
1560 3263 1697 3334 πρὸς

129 3350 354 3421 δοκιμὴν
384 3350 485 3421 τῆς
522 3349 686 3404 αὐτοῦ
726 3351 959 3414 πίστεως
992 3353 1086 3405 καὶ
1120 3352 1500 3418 ταπεινώσεως
1531 3372 1697 3427 προσ-

129 3443 385 3496 τάσσεται
417 3442 525 3496 ὑπὸ
552 3442 645 3495 τοῦ
682 3441 826 3496 ἀϐὁᾶ
847 3442 978 3496 δέκα
1004 3443 1265 3515 σπυρίδας
1292 3443 1576 3514 βαστάσαι,
1604 3446 1697 3499 καὶ

131 3538 184 3589 ὲν
211 3540 282 3609 τῇ
324 3536 578 3607 πόλειτῇ
623 3534 728 3605 ἰδίᾳ⁵
772 3534 1053 3605 πωλῆσαι,
1085 3536 1177 3588 καλ⁵
1223 3535 1297 3607 μὴ
1330 3537 1511 3602 πάσας
1561 3536 1697 3609 ὁμοῦ

132 3628 264 3683 ἀλλὰ
309 3628 453 3681 κατὰ
489 3628 618 3699 μίαν
649 3627 819 3691 αὑτὰς
854 3627 1085 3681 πωλεῖν·
1116 3628 1251 3702 ὅπερ
1306 3631 1512 3695 ἐκεῖνος
1562 3631 1699 3702 μετὰ

134 3720 313 3790 πάσης
339 3720 619 3790 ὑπομονῆς
649 3719 741 3772 καὶ
779 3718 1157 3785 ταπεινώσεως
1191 3719 1528 3792 ἐπλήρωσεν,
1577 3725 1697 3776 ἐπι-

136 3812 242 3874 θεὶς
272 3812 373 3876 τὰς
402 3810 665 3882 σπυρίδας
698 3813 812 3874 τοῖς
838 3809 1027 3882 ὤμοις.
1063 3811 1158 3864 καὶ
1189 3810 1357 3875 αὑτὰς
1398 3812 1538 3867 κατὰ
1568 3813 1698 3885 μίαν

136 3903 421 3973 πωλήσας,
471 3902 545 3972 μὴ
588 3900 943 3971 λογισάμενος
987 3901 1087 3973 τὴν
1120 3901 1393 3956 εὐτέλειαν
1427 3902 1521 3957 τοῦ
1561 3904 1700 3975 πρά-

135 4009 360 4063 γματος,
389 3992 485 4044 καὶ
517 3989 612 4043 τοῦ
636 3990 825 4060 γένους
874 3990 971 4062 τὴν
1010 3992 1404 4065 λαμπρότητα,
1452 3995 1545 4047 καὶ
1599 3995 1700 4066 τῆς

137 4086 388 4158 πράσεως
419 4083 520 4157 τὴν
580 4083 840 4139 δοκοῦσαν
873 4085 1115 4157 ἀτιμίαν.
1186 4086 1514 4154 Ἐσπούδαζε
1573 4088 1680 4163 γὰρ

138 4181 368 4246 νώσεως.

205 4275 294 4329 il.
325 4272 440 4327 Kal.
471 4271 630 4326 ἄλλον
656 4272 714 4326 δέ
755 4290 877 4327 τινα
915 4272 1023 4327 τῶν
1053 4274 1315 4342 Πατέρων
1359 4275 1702 4349 ἐθεασάμεθα

142 4365 311 4419 ἀδόἄν
347 4364 611 4434 Πινοφᾶν,
658 4362 824 4437 ἄνδρα
858 4364 1005 4437 πάσῃ
1045 4366 1212 4437 ἀρετῇ
1269 4367 1699 4439 κεκοσμημένον,

143 4456 281 4519 ὅστις
329 4450 399 4525 ἦν
446 4452 749 4525 πρωτόὸιος
780 4454 874 4507 καὶ
901 4452 1074 4518 ἁὸθᾶς
1118 4454 1353 4525 μεγάλου
1398 4456 1663 4510 κοινοὸίου
1686 4497 1701 4522 ,

145 4549 170 4601 ὃ
199 4550 347 4601 ἐστιν
400 4547 460 4598 ὲν
506 4544 767 4615 Αἰγύπτῳ
827 4544 992 4612 ἐγγὺς
1048 4544 1149 4615 τῆς
1180 4545 1411 4616 Πανεφὼ
1464 4548 1702 4612 πόλεως·

145 4636 309 4704 οὗτος,
338 4639 482 4712 ὁρῶν
509 4639 699 4694 ἑαυτὸν
732 4637 825 4692 καὶ
850 4637 936 4690 διὰ
949 4637 1044 4709 τὴν
1085 4638 1389 4711 προσοῦσαν
1414 4639 1707 4705 πολιτείαν,

147 4735 232 4787 καὶ
255 4732 345 4786 διὰ
386 4732 451 4785 τὸ
478 4733 676 4803 γῆρας,
721 4733 813 4785 καί
839 4731 925 4784 διὰ
968 4732 1065 4802 τὴν
1090 4731 1407 4802 ἠγεμονίαν,
1441 4732 1546 4784 ὑπὸ
1573 4732 1710 4785 πάν-

147 4840 246 4876 των
272 4823 629 4892 δοξαζόμενον
670 4821 763 4874 καὶ
808 4820 1136 4893 τιμώμενον,
1183 4819 1276 4873 καὶ
1314 4818 1387 4890 μὴ
1419 4820 1711 4890 δυνάμενον

150 4912 580 4985 ἐγγυμνάζεσθαι
613 4914 725 4975 τοῖς
754 4911 855 4982 τῆς
898 4910 1391 4982 ταπεινοφροσύνης
1432 4909 1714 4981 ἐπιτηδεύ-

155 5019 325 5071 μασιν,
357 4998 555 5073 οἷσπερ
589 5000 650 5065 ἐξ
690 5001 886 5071 ἀρχῆς,
925 5000 1014 5054 διὰ
1040 5001 1140 5069 τῆς
1168 4999 1315 5070 αὐτῷ
1347 5000 1711 5072 περιποθήτου

153 5097 424 5167 ὑποταγῆς
470 5097 529 5148 ὲν
626 5094 847 5167 ἐκλήθη,
876 5094 1049 5166 λάθρα
1083 5093 1413 5163 φυγὼνὰπδ
1444 5092 1537 5147 τοῦ
1582 5094 1711 5147 ἰδίου

154 5189 433 5251 κοινοὸίου,
467 5184 780 5256 ἀνεχώρησε
818 5185 974 5255 μόνος
1007 5185 1087 5246 είς
1119 5183 1187 5236 τὰ
1230 5183 1432 5253 ἔσχατα
1464 5183 1561 5253 τῆς
1600 5182 1711 5253 Θη-

156 5276 324 5341 ϐαΐδος
344 5295 360 5309 ο
394 5277 490 5330 καὶ
517 5275 731 5346 ἐπάρας
762 5274 824 5327 τὸ
857 5274 1039 5345 σχῆμα
1066 5272 1159 5325 τοῦ
1187 5272 1420 5343 μοναχοῦ
1449 5273 1542 5325 καὶ
1566 5272 1713 5325 ἐνδυ-

159 5370 379 5438 σάμενος
428 5368 670 5437 κοσμικά
730 5365 918 5436 ἱμάτια
956 5365 1195 5435 ἀπῆλθεν
1232 5367 1311 5428 εἰς
1355 5364 1416 5416 τὸ
1453 5364 1713 5417 κοινόϐιον

158 5460 254 5513 τῶν
282 5456 758 5528 Ταδεννησιωτῶν,
785 5456 1011 5527 νομίσας
1046 5458 1103 5508 ὲν
1131 5455 1302 5526 τούτῳ
1328 5454 1606 5507 λανθάνειν
1632 5454 1713 5519 τίς

161 5548 220 5605 ἂν
258 5551 343 5622 εἴη
393 5549 484 5607 διὰ
529 5549 590 5606 τδ
641 5548 838 5619 πλῆθος
864 5549 995 5602 -τῶν
1038 5546 1310 5616 ἀδελφῶν,
1356 5545 1451 5598 καὶ
1513 5545 1600 5598 διὰ
1648 5546 1708 5599 τὸ

163 5642 372 5714 ἀπέχειν
402 5643 537 5696 πολὺ
558 5641 651 5695 τοῦ
672 5642 953 5713 κλίματος,
984 5641 1041 5693 ὲν
1058 5633 1102 5708 ᾧ
1130 5638 1192 5692 τὸ
1215 5637 1404 5691 τούτου
1434 5635 1712 5693 κοινόϐιον.

231 5814 897 5888 (ΰ1)(ὶοεεὶαη.,1ηειίιιιι,
928 5814 1021 5870 lib.
1052 5830 1123 5880 iv,
1156 5826 1204 5866 c.
1240 5808 1332 5867 28.

202 5887 339 5961 lea)
364 5889 497 5947 Ibid.
528 5907 579 5943 ς.
612 5887 704 5944 29.

1789 712 1959 776 bium,
1984 712 2074 767 diu
2104 721 2229 767 ante
2252 711 2395 768 fores
2418 715 2733 769 monasterii
2763 718 3141 786 perseveravit,
3171 719 3344 777 donec

1789 806 1859 859 oh
1890 822 2156 861 summam
2185 808 2304 878 ejus
2331 808 2642 878 patientiam
2673 825 2795 865 cum
2827 828 2991 882 pravo
3017 813 3125 869 ﬁlio
3152 824 3346 885 prater

1789 904 2063 951 assuetam
2094 900 2412 955 monasterii
2440 901 2636 971 legem,
2671 902 2945 959 admissus
2979 913 3079 960 est.
3111 906 3187 961 Ac
3218 923 3344 962 cum

1789 997 1910 1057 post
1934 990 2132 1046 multos
2162 992 2374 1047 labores
2405 1008 2686 1062 ingressus
2717 993 2964 1059 fuit,non
2996 999 3156 1054 modo
3180 1001 3345 1057 variis

1788 1081 2043 1148 operibus
2087 1082 2247 1137 ambo
2295 1083 2479 1137 traditi
2529 1094 2679 1150 sunt,
2736 1087 2833 1143 sed
2894 1092 3133 1161 separati
3181 1094 3345 1148 etiam

1788 1169 1939 1226 fuere
1968 1172 2145 1241 quoad
2192 1174 2399 1228 cellula:
2430 1174 2844 1247 habitationem,
2878 1190 2939 1235 ut
2982 1181 3348 1252 disjuuctione

1788 1260 1879 1315 illa
1918 1262 2175 1330 paulatim
2218 1275 2402 1318 mutua
2444 1265 2533 1319 illa
2560 1270 2794 1323 naturali
2838 1269 3119 1328 affectione
3158 1274 3350 1329 libera-

1788 1361 1977 1405 rentur
2004 1370 2018 1419 ;
2053 1368 2159 1422 qua
2188 1353 2335 1418 item,
2370 1355 2571 1410 Christi
2607 1360 2798 1428 gratia,
2826 1377 2921 1431 per
2944 1363 3165 1416 multam
3191 1380 3335 1420 exer-

1789 1443 2100 1499 citationem
2160 1453 2313 1515 pater
2368 1446 2628 1505 liberatus
2680 1459 2783 1505 est.
2842 1452 2921 1506 Ad
2975 1454 3346 1523 probationem

1789 1540 1968 1586 autem
2027 1542 2080 1588 et
2152 1535 2576 1603 experimentum
2631 1540 2846 1595 virtutis
2893 1540 3012 1610 ejus
3061 1543 3350 1599 simulabat

1789 1623 2078 1693 aliquando
2106 1624 2272 1680 abbas
2304 1641 2361 1681 se
2383 1627 2461 1679 ira
2505 1631 2763 1684 adversus
2795 1646 3021 1699 puerum
3064 1633 3348 1702 concitari,

1784 1714 2058 1784 jussitque
2100 1716 2414 1786 supradicto
2448 1718 2566 1787 ejus
2616 1721 2755 1788 patri
2792 1729 2851 1774 ut
2882 1721 3153 1776 sublatum
3184 1724 3353 1794 proji-

1789 1811 1935 1859 ceret
1972 1804 2304 1861 in'ﬂuvium.
2338 1805 2474 1860 Tum
2517 1807 2627 1872 ille,
2674 1810 2831 1879 quasi
2880 1808 2991 1865 Deo
3030 1810 3257 1880 jubente
3294 1824 3351 1869 ut

1792 1897 2006 1951 tolleret
2050 1896 2216 1951 lilium
2247 1914 2428 1965 suum,
2464 1900 2737 1955 concitato
2764 1917 2925 1957 cursu
2952 1903 3017 1955 ad
3052 1907 3221 1974 ripam
3252 1903 3352 1957 llu-

1792 1989 2227 2051 minis‘advenit,
2271 2005 2334 2044 ac
2366 1992 2494 2044 dum
2527 1991 2740 2060 jussum
2781 1993 3005 2064 implere
3031 2010 3097 2049 ex
3139 1995 3348 2051 ardenti

1793 2080 1916 2144 ﬁde,
1975 2089 2028 2135 et
2081 2096 2145 2135 ex
2205 2081 2414 2137 fervore
2469 2082 2787 2139 obedientiae
2843 2094 3178 2156 properaret,
3226 2104 3350 2157 pro-

1790 2174 1994 2229 hibitus
2034 2180 2116 2228 est
2179 2188 2208 2226 a
2270 2174 2531 2230 fratribus
2598 2176 2689 2246 qui
2735 2193 3046 2247 prmvcnere
3101 2179 3252 2231 illum
3299 2190 3353 2235 et

1793 2265 1956 2318 lilium
1982 2264 2284 2333 ahripuere.
2310 2262 2615 2336 (61)Usque
2642 2264 2775 2319 adeo
2799 2274 2976 2320 autem
3001 2266 3120 2335 ejus
3144 2266 3273 2322 ﬁdes
3301 2276 3354 2322 et

1744 2354 2094 2408 'obedientia
2149 2352 2258 2407 Deo
2328 2362 2551 2422 accepta
2603 2353 2739 2419 fuit,
2791 2365 2852 2408 ut
2907 2370 2937 2408 a
2987 2354 3095 2410 Deo
3147 2357 3353 2411 revela-

1792 2453 1906 2499 tum
1960 2444 2123 2498 fuerit
2174 2443 2376 2507 abbati,
2424 2445 2599 2514 ipsum
2644 2444 2936 2500 Abrahami
2984 2461 3122 2515 opus
3172 2446 3353 2517 perfe-

1793 2537 1955 2591 cisse.
1998 2534 2174 2589 Parvo
2216 2544 2394 2590 autem
2418 2537 2601 2605 elapso
2637 2545 2899 2607 tempore,
2932 2539 3224 2607 praedictus
3249 2554 3357 2593 coe-

1792 2628 1940 2683 nobii
1985 2627 2153 2682 abbas
2203 2643 2327 2681 cum
2367 2628 2611 2696 obiisset,
2655 2644 2778 2683 eum
2827 2643 3198 2685 successorem
3250 2630 3355 2685 sibi

1793 2715 2011 2787 reliquit

1866 2807 1952 2861 10.
2004 2805 2183 2860 Alium
2232 2806 2484 2862 novimus
2527 2806 2770 2873 fratrem,
2834 2809 2925 2880 qui
2986 2810 3187 2865 saeculo
3238 2825 3358 2867 sese

1795 2898 2103 2963 abdicavit,
2170 2898 2264 2967 qui
2326 2899 2490 2952 etiam
2558 2900 2615 2953 in
2682 2900 2886 2955 mundo
2945 2900 3176 2971 insignis
3239 2908 3358 2956 erat

1796 2990 1971 3058 (pater
2007 2988 2206 3058 quippe
2247 2986 2367 3058 ejus
2413 3002 2594 3044 comes
2643 2988 2841 3044 bellum
2883 2991 3135 3060 gerebat,
3175 2990 3358 3045 dives-

1795 3096 1900 3151 que
1946 3083 2107 3150 erat),
2170 3096 2270 3136 nec.
2318 3079 2665 3135 mediocriter
2708 3080 2956 3136 eruditus
3003 3096 3066 3135 ac
3111 3081 3360 3136 lectionis

1796 3170 2094 3226 studiosus.
2119 3169 2228 3242 (62)
2253 3169 2352 3225 llic
2385 3171 2552 3238 igitur
2594 3169 2841 3225 smculari
2879 3170 3081 3238 relicto.
3104 3169 3265 3234 fastu,
3292 3169 3360 3223 ad

1723 3300 1767 3362 Ο
1798 3264 2153 3319 monasticam
2184 3279 2241 3319 se
2270 3264 2500 3319 contulit
2538 3262 2728 3328 vitam,
2796 3271 2957 3332 atque
2986 3262 3050 3317 ad
3086 3262 3360 3333 probatio-

1800 3372 1924 3411 nem
1977 3355 2097 3411 ﬁdei
2148 3363 2200 3411 et
2258 3355 2579 3411 humilitatis
2634 3372 2747 3411 suae
2787 3355 3007 3425 jubetur
3050 3353 3118 3408 ab
3170 3352 3364 3409 abbate

1802 3448 1985 3503 decem
2020 3456 2233 3519 sportas
2264 3447 2496 3511 deferre,
2531 3455 2585 3503 et
2614 3448 2667 3502 in
2698 3446 2915 3518 prOpria
2946 3444 3101 3507 urbe,
3136 3458 3237 3498 nec
3258 3459 3365 3498 una

1802 3557 1993 3597 omnes
2022 3541 2116 3596 sed
2154 3542 2464 3612 singulatim
2504 3556 2598 3596 eas
2631 3540 2864 3594 vendere
2896 3557 2909 3592 :
2942 3535 3086 3608 quOd
3124 3535 3212 3589 ille
3239 3550 3363 3589 cum

1804 3632 1953 3686 omni
1995 3631 2253 3702 patientia
2281 3639 2334 3687 et
2362 3632 2667 3686 humilitate
2697 3630 3007 3700 complevit,
3039 3634 3365 3701 sportasque

1806 3724 2094 3793 imponens
2163 3725 2405 3779 humeris
2450 3722 2725 3795 sigillatim
2780 3721 3059 3788 vendidit;
3109 3735 3219 3775 non
3267 3715 3367 3773 ilic

1803 3815 1883 3870 rei
1934 3816 2236 3882 vilitatem,
2303 3831 2413 3870 non
2493 3815 2706 3886 generis
2768 3814 3106 3868 nobilitatem
3178 3824 3363 3866 secum

1801 3910 2073 3979 reputavit
2116 3907 2406 3965 :studehat
2448 3909 2595 3963 enim
2640 3906 2844 3963 Christi
2880 3903 3203 3960 humilitatis
3244 3900 3366 3955 imi-

1802 4008 1944 4055 tator
1976 4001 2132 4056 ellici.

1743 4095 1983 4167 μιμητὴν
2023 4095 2211 4148 ἑαυτὸν
2246 4093 2584 4165 καταστῆσαι
2631 4092 2731 4164 τῆς
2772 4090 2865 4145 τοῦ
2900 4086 3133 4163 Χριστοῦ
3180 4101 3367 4139 ταπει-

1877 4277 1964 4331 ll.
1989 4274 2099 4348 (65)
2123 4274 2301 4331 Alium
2327 4275 2761 4348 item’quemdam
2777 4288 2840 4327 ex
2854 4266 3107 4326 Patribu’s
3134 4271 3369 4325 vidimus

1808 4370 2055 4425 abbatem
2104 4368 2408 4439 Pinophan.
2446 4369 2622 4421 virum
2660 4380 2788 4418 omn
2846 4361 3049 4414 virtute
3092 4362 3367 4430 oi-Itatum,

1810 4462 1904 4532 qui
1936 4468 2051 4516 erat
2082 4460 2342 4530 antiquus
2366 4464 2419 4511 et
2452 4455 2620 4509 abbas
2650 4467 2830 4524 magni
2853 4452 3110 4515 cmnobii,
3146 4451 3290 4522 quod
3310 4450 3370 4509 in

1810 4553 2043 4624 Agypto
2083 4552 2249 4607 situm
2279 4560 2363 4607 est
2390 4565 2578 4620 prope
2617 4548 2806 4603 urbem
2842 4544 3096 4614 Panepho
3128 4560 3142 4594 :
3169 4546 3216 4598 is
3244 4559 3367 4598 cum

1812 4657 1933 4697 sese
1960 4641 2164 4695 videret
2195 4648 2308 4695 tum
2351 4639 2420 4693 ob
2456 4639 2580 4694 vitae
2613 4636 2942 4694 institutum,
2972 4641 3085 4685 tum
3117 4632 3187 4685 ob
3214 4646 3371 4686 sene-

1811 4738 2012 4786 ctutem
2052 4738 2106 4785 et
2141 4731 2517 4802 prazfeeturam
2548 4726 2758 4781 laudari
2783 4734 2836 4780 et
2857 4723 3118 4778 celebrari
3154 4723 3221 4775 ab
3248 4736 3368 4775 om-

1812 4820 1995 4885 nibus,
2023 4836 2125 4874 ncc
2148 4834 2327 4889 posse,
2349 4815 2801 4887 quemadmodum
2830 4814 2985 4869 initio
3011 4827 3122 4867 sua:
3143 4825 3371 4865 conver-

1814 4912 1987 4967 sionis
2046 4909 2228 4966 studio
2289 4909 2609 4963 humilitatis
2656 4906 2895 4976 seipsum
2951 4917 3250 4967 exercere;
3303 4900 3371 4954 iis

1813 5013 2114 5073 permotus,
2142 5002 2213 5055 oh
2244 4994 2605 5056 desideratam
2631 4999 2734 5054 sibi
2761 4997 3149 5067 subjectionem
3184 4994 3239 5047 in
3264 5006 3373 5063 qua

1814 5101 2043 5148 vocatus
2077 5093 2272 5152 fuerat.
2323 5093 2463 5145 clam
2508 5089 2795 5159 aufugiens
2843 5105 2908 5143 ex
2955 5103 3054 5143 suo
3100 5085 3371 5148 cmnobio,

1815 5183 2043 5239 secessit
2066 5182 2216 5237 solus
2239 5180 2304 5234 ad
2328 5188 2601 5234 extremas
2626 5176 2914 5233 Thebaidis
2939 5185 3143 5247 partes,
3193 5174 3378 5228 subla-

1815 5283 1978 5343 toque
2008 5272 2261 5328 monachi
2291 5272 2633 5335 vestimento,
2674 5268 2985 5338 indutisque
3026 5266 3376 5321 stecularibus

1814 5360 2061 5415 vestibus
2106 5359 2625 5414 Tabennesiotarum
2672 5359 2978 5413 coenobium
3020 5356 3193 5427 petiit,
3224 5364 3377 5408 ratus

1818 5452 1874 5505 in
1925 5466 1991 5506 eo
2039 5466 2098 5506 se
2130 5451 2297 5504 latere
2327 5463 2506 5518 posse,
2541 5463 2666 5503 cum
2715 5448 2785 5502 ob
2833 5445 3233 5501 multitudinem
3262 5442 3376 5496 fra-

1819 5550 1986 5608 trum,
2018 5550 2130 5595 tum
2162 5539 2542 5610 quiajmultum
2579 5538 2792 5592 abesset
2829 5552 2859 5590 a
2904 5536 3139 5610 regione,
3178 5534 3235 5587 in
3271 5546 3378 5603 qua

1821 5633 1986 5688 situm
2020 5641 2137 5687 erat
2166 5609 2473 5686 ctenohium
2502 5642 2683 5682 suum.
2714 5626 2792 5680 lhi
2816 5609 2939 5680 cum
2972 5624 3156 5679 multis
3185 5622 3378 5678 diebus

1895 5813 2006 5886 (63)
2042 5810 2177 5869 lhid.
2210 5828 2258 5870 ο.
2290 5810 2380 5879 30,
2412 5811 2503 5868 ubi
2535 5811 2703 5868 abbas
2728 5814 2952 5865 vocatur
2977 5803 3239 5875 Pinuﬁut.
