4050 6396
597 390 707 454 863
1717 394 1777 450 S.
1816 388 2278 447 ATHANASIUS.
2317 419 2390 431 -—-
2422 387 2693 446 SPURIA.
3667 385 3740 440 8M

520 492 525 495 D
600 509 950 578 postulasset,
997 516 1246 580 receptus
1288 515 1376 564 est
1425 509 1494 564 ab
1545 507 2000 572 archimandrita,
2060 524 2119 579 ιιι

2143 508 2154 561 i
2183 515 2229 571 Α
2256 507 2366 561 Καὶ
2389 508 2482 562 ἐπὶ
2506 506 2707 571 πολλὰς
2734 504 2946 577 ἡμέρας
2971 502 3300 576 παρακαλῶν
3328 500 3516 573 ἐδέχθη
3540 502 3742 574 παρὰτοῦ

600 599 705 667 ipsi
742 607 925 669 utpote
951 601 1067 656 seni
1099 608 1153 660 et
1180 600 1247 655 ad
1278 600 1412 656 nihil
1454 600 1599 655 aliud
1640 588 1797 668 utili,'
1818 615 2006 654 curam
2043 607 2157 654 tra-

2146 628 2157 640 -
2258 598 2701 671 άρχιμανδρίτου,
2744 596 2802 661 ὃς
2844 595 3204 667 παραδίδωσιν
3264 593 3413 666 αὐτῷ
3450 594 3521 659 ὡς
3567 594 3745 666 γέροντι,

600 685 736 741 didit
775 687 938 752 horti,
983 703 1199 760 unaque
1245 689 1337 742 alii
1383 687 1559 753 fratri,
1607 688 1697 743 cui
1744 688 1996 744 subditus
2031 702 2155 741 cum

2150 710 2155 741 ι
2263 691 2358 743 καὶ⁵
2408 691 2490 754 είς
2541 689 2705 762 μηδὲν
2751 687 2879 743 ἄλλο
2931 686 3334 759 χρησιμεύοντι,
3380 692 3481 757 την
3516 685 3596 738 τοῦ
3619 690 3749 758 κήπου

598 786 745 834 esset
780 778 1142 835 desideratam
1185 780 1288 836 sibi
1320 781 1677 836 humilitatem
1707 790 1760 836 et
1792 781 2156 835 obedientiam

2153 821 2156 832 ι
2259 780 2512 853 φροντίδα
2569 779 2663 834 καὶ
2694 777 3007 849 ἐπιμέλειαν
3026 814 3042 842 ,
3083 774 3219 847 μετά
3255 775 3348 829 καὶ
3376 775 3531 829 ἀλλον
3558 774 3752 844 ἀδελφοῦ,

594 867 827 923 colebat.
883 868 1071 939 Neque
1122 870 1214 924 illo
1273 870 1391 924 solo
1444 877 1735 924 contentus
1803 868 2109 923 ministerio
2140 909 2155 934 ,

2242 862 2409 941 ᾧτινι
2448 872 2883 942 ὑποτασσόμενος
2914 870 3011 941 τὴν
3052 868 3413 943 περιπόθητον
3454 866 3591 937 αὐτῷ
3611 865 3756 920 ταπείο

592 974 931 1031 ιιυωιςυηιιιιθ
958 976 1123 1031 opera
1159 960 1281 1017 aliis
1314 962 1449 1017 dura
1478 970 1530 1017 et
1557 961 1791 1015 didicilia
1815 959 1979 1033 314
2011 960 2157 1016 vide-

2257 980 2422 1020 νωσιν
2464 963 2559 1018 καὶ
2603 964 2846 1033 ὑπακοὴν
2900 961 3151 1027 ἐξετέλει.
3199 962 3273 1015 Ού
3323 958 3500 1029 ταύτῃ
3543 957 3592 1012 δὲ
3642 959 3760 1029 μόνον

589 1047 807 1114 bantur,
859 1064 925 1103 ea
975 1049 1067 1104 ille
1116 1050 1371 1109 alacriter
1408 1050 1740 1106 absolvebat.
1790 1049 1924 1104 Cum
1970 1050 2044 1103 ita
2084 1050 2158 1103 la-

2256 1057 2479 1127 ὴρκεῖτο
2500 1056 2565 1125 τῇ
2585 1054 2846 1125 διακονίᾳ,
2865 1053 2998 1107 ἀλλά
3021 1053 3115 1106 καὶ
3137 1053 3234 1106 ὅσα
3263 1050 3370 1104 τῶν
3390 1049 3561 1122 ἐργων
3580 1050 3764 1121 δυσχερῆ

589 1149 765 1197 tenter
799 1141 1090 1197 triennium
1141 1143 1462 1214 peregisset,
1508 1157 1539 1197 a
1579 1142 1862 1212 discipulis
1903 1142 2019 1199 suis
2063 1157 2159 1212 per

2258 1146 2438 1211 ἄλλοις
2469 1146 2715 1209 ἐδόκουν,
2749 1144 2887 1199 αὐτὰ
2935 1143 3228 1216 προθύμως
3268 1143 3465 1199 ἐποίει.
3501 1142 3767 1207 Διατελέσας

588 1239 756 1287 totam
788 1232 1084 1305 Egyptum
1131 1236 1466 1307 perquisitas
1486 1275 1502 1300 ,
1533 1250 1563 1289 a
1602 1236 1835 1307 quodam
1868 1234 2035 1289 fratre
2066 1235 2156 1288 vix

2259 1238 2403 1293 οὕτω
2449 1239 2724 1293 λανθάνων
2765 1236 2951 1311 τριετῆ
2981 1237 3189 1308 χρόνον,
3226 1235 3333 1289 τῶν
3362 1233 3529 1289 αὐτοῦ
3564 1234 3769 1306 μαθητῶν

587 1325 805 1381 demum
837 1328 1055 1397 agnitus
1087 1335 1194 1393 est,
1220 1328 1316 1398 qui
1348 1343 1415 1383 eo
1452 1328 1776 1393 advenerat,
1805 1325 2005 1396 quique
2039 1327 2157 1381 viso

2257 1333 2655 1404 ἐπιζητούντων
2681 1332 2841 1387 αὑτὸν
2869 1331 3009 1386 κατά
3035 1334 3211 1385 πᾶσαν
3231 1329 3327 1401 τὴν
3346 1328 3633 1397 Αἴγυπτον,
3658 1328 3771 1399 μόλις

587 1417 683 1472 illo
728 1425 783 1472 et
832 1418 1014 1488 agnita
1065 1420 1249 1475 vultus
1298 1420 1419 1489 ejus
1475 1420 1669 1486 forma,
1719 1435 1842 1475 cum
1887 1418 2157 1473 dubitaret

2256 1426 2500 1499 ἐγνώσθη
2538 1425 2643 1480 ὑπό
2672 1441 2815 1487 τινος
2844 1423 3092 1493 ἀδελφοῦ,
3121 1424 3266 1486 ὅστις
3296 1417 3363 1492 ἦν
3385 1419 3774 1491 παραγενόμενος

587 1508 793 1573 adhuc,
851 1524 1040 1565 vocem
1100 1511 1222 1581 ejus
1268 1513 1456 1567 audire
1503 1520 1732 1566 conatus
1781 1518 1865 1565 est
1914 1530 1928 1566 :
1982 1525 2156 1581 neque

2258 1520 2435 1573 ἐκεῖσε
2454 1535 2468 1549 ο
2505 1518 2564 1582 ὃς
2590 1516 2943 1588 θεασάμενος,
2970 1517 3062 1570 καὶ
3095 1514 3346 1581 ἐπιγνοὺς
3379 1511 3474 1565 τὸν
3501 1510 3778 1583 χαρακτῆρα

588 1600 735 1655 enim
778 1615 844 1655 ex
879 1601 996 1655 solo
1041 1605 1163 1657 visu
1198 1612 1379 1659 certus
1409 1610 1547 1677 erat,
1588 1604 1764 1658 virum
1806 1603 2158 1673 conspicatus

2255 1610 2346 1665 τοῦ
2384 1609 2698 1681 προσώπου,
2750 1608 2843 1662 καὶ
2890 1608 2969 1661 ἔτι
3017 1603 3392 1678 ἀμφιδάλλων,
3446 1602 3687 1673 ἐπειρᾶτο
3710 1600 3782 1654 καὶ

593 1707 804 1757 senem,
848 1692 1026 1764 ligone
1070 1700 1270 1749 terram
1323 1694 1640 1762 fodientem,
1688 1695 1872 1750 fimum
1913 1696 2155 1751 humeris

2256 1703 2436 1774 φωνῆς
2464 1701 2650 1755 τούτου
2694 1700 2909 1755 ἀκούειν
2930 1716 2943 1730 ·
2989 1699 3049 1752 ού
3085 1697 3194 1769 γὰρ
3225 1691 3337 1766 εἶχε
3379 1694 3442 1747 τὸ
3492 1693 3710 1763 ἀσφαλὲς
3736 1694 3785 1747 ἐκ

597 1790 924 1851 gestantem,
966 1794 1025 1838 ut
1065 1784 1131 1838 ad
1166 1787 1373 1841 olerum
1407 1787 1644 1842 radicem
1670 1787 1985 1857 deponeret.
2016 1786 2152 1842 Cum

2262 1793 2427 1865 μόνης
2455 1793 2553 1863 τῆς
2588 1791 2782 1861 ὅψεως,
2816 1789 3032 1862 θεωρῶν
3062 1788 3154 1841 τὸν
3181 1784 3417 1840 τοιοῦτον
3456 1783 3619 1855 ἄνδρα
3652 1799 3787 1854 γεγη-

592 1874 764 1959 igitur
798 1877 949 1933 vocis
994 1893 1188 1934 sonum
1237 1880 1556 1943 observans,
1609 1880 1963 1950 deprehendit
2007 1882 2191 1951 quis-'

2192 1887 2230 1941 Β
2260 1884 2493 1959 ρακότα,
2536 1883 2628 1937 καὶ
2660 1880 2908 1937 δίκελλαν
2954 1878 3288 1951 κρατοῦντα,
3316 1875 3411 1929 καὶ
3466 1875 3571 1944 γῆν
3601 1873 3791 1944 ἐργαζό-

590 1983 716 2023 nam
749 1976 917 2035 esset,
947 1978 1251 2039 prostratus
1287 1980 1410 2026 ante
1438 1971 1603 2040 pedes
1638 1973 1779 2041 ejus,
1808 1988 2003 2042 magno
2029 1988 2151 2042 spe-

2260 1992 2440 2049 μενον,
2479 1973 2572 2029 καὶ
2613 1974 2819 2043 κόπρον
2846 1973 2959 2035 τοῖς
3001 1968 3220 2034 οἰκείοις
3264 1965 3435 2037 ὤμοις
3463 1965 3790 2036 βαστάζοντα,

516 2058 519 2065 ’
589 2070 825 2118 ctatores
856 2069 1079 2132 stupore
1108 2063 1389 2134 perculsit,
1429 2062 1579 2133 quod
1621 2064 1697 2118 ita
1725 2079 1853 2133 erga
1878 2064 2115 2119 bominer

2251 2069 2346 2123 καὶ
2375 2069 2494 2132 ταῖς
2525 2066 2703 2139 ῥίζαις
2727 2064 2834 2119 τῶν
2860 2063 3104 2133 λαχάνων
3133 2059 3511 2115 ἐπιϐάλλοντα.
3542 2056 3667 2112 Ὅτε
3703 2057 3795 2110 τοί-

586 2168 648 2207 se
674 2153 932 2221 gessisset
978 2154 1071 2223 qui
1107 2153 1249 2224 apud
1283 2169 1342 2208 se
1374 2155 1644 2218 novitius,
1677 2154 1869 2209 relicto
1903 2154 2044 2208 haud
2080 2156 2153 2209 ita

2252 2176 2368 2226 νυν,
2391 2159 2483 2212 τὸν
2521 2158 2621 2228 τῆς
2646 2156 2828 2227 φωνῆς
2871 2150 3003 2226 ἦχον
3041 2152 3313 2224 ἐπιμελῶς
3347 2149 3657 2221 ἐξιχνεύων,
3687 2149 3798 2218 tou-

585 2243 793 2313 pridem
836 2243 1063 2309 mundo,
1108 2245 1331 2302 ultimus
1379 2245 1699 2301 habebatur.
1731 2244 2007 2316 Magisque
2054 2246 2153 2301 ob-

2218 2286 2221 2291 -
2253 2252 2387 2324 νήθη
2415 2249 2741 2305 καταλαϐεῖν
2780 2250 2927 2311 ὅστις
2964 2246 3101 2309 ἐστὶ,
3152 2244 3312 2314 ῥίψας
3350 2242 3545 2297 ἐαυτὸν
3578 2241 3678 2312 πρὸ
3711 2239 3802 2294 τῶν

586 2342 873 2406 stupuere.
909 2352 1034 2392 cum
1082 2336 1321 2393 didicere
1364 2352 1607 2404 nomen;
1655 2344 1774 2392 erat
1805 2336 1950 2391 enim
1994 2345 2154 2392 antea

2255 2341 2428 2396 ποδῶν
2448 2340 2633 2405 αὐτοῦ,
2657 2339 2914 2411 μεγίστην
2941 2334 3199 2406 ἔκπληξιν
3228 2337 3338 2397 τοῖς
3357 2332 3528 2405 ὁρῶσι
3551 2334 3802 2403 παρεῖχεν,

587 2441 797 2497 magna:
840 2428 984 2499 apud
1029 2442 1124 2483 eos
1164 2429 1324 2484 famae
1367 2447 1381 2484 :
1437 2444 1501 2482 ac
1536 2428 1748 2483 veniam
1780 2428 2153 2497 postularunt,

2253 2434 2336 2487 ὅτι
2383 2431 2524 2485 οὓτω
2572 2429 2870 2501 πεποίηκεν
2929 2424 3219 2497 ἀνθρώπῳ,
3256 2424 3316 2488 ὃς
3358 2425 3489 2495 παρ’
3547 2423 3721 2483 αὐτοῖς
3742 2421 3806 2483 ὡς

587 2518 735 2588 quod
786 2534 911 2574 eum
953 2518 1150 2589 ignari,
1191 2533 1316 2574 cum
1359 2518 1653 2587 postremis
1699 2519 1921 2573 novitiis
1951 2518 2157 2573 consti-

2256 2522 2538 2595 ἀρχάριος,
2570 2522 2663 2575 καὶ
2686 2520 2746 2574 ού
2776 2518 2881 2590 πρὸ
2908 2516 3098 2573 πολλοῦ
3127 2516 3218 2570 τὸν
3237 2515 3441 2585 κόσμον
3470 2512 3806 2581 καταλείψας.

588 2606 847 2662 tuissent.
929 2605 1195 2677 lllumque
1276 2607 1465 2661 multis
1541 2607 1743 2661 hortati
1809 2608 2031 2672 verbis,
2089 2609 2157 2662 ad

2256 2614 2479 2685 ἔσχατος
2511 2612 2804 2683 ἐνομίζετο.
2825 2610 3013 2664 Ἔτιδὲ
3047 2608 3276 2681 μάλιστα
3304 2604 3702 2677 ἐξεπλάγησαν,
3732 2606 3809 2657 ὅτε

587 2696 897 2751 coenobium
965 2712 1124 2751 suum
1185 2696 1415 2751 invitum
1482 2698 1764 2763 remisere,
1845 2707 2004 2768 atque
2062 2698 2156 2753 de-

2256 2704 2317 2758 τὸ
2348 2704 2519 2776 ὄνομα
2564 2701 2752 2756 τούτου
2784 2702 3005 2774 ἔμαθον,
3029 2700 3088 2765 ὃς
3130 2699 3236 2771 πρὸ
3268 2698 3458 2752 τούτου
3496 2697 3670 2768 μέγας
3700 2697 3811 2766 παρ’

588 2784 891 2855 plorantem
932 2785 1077 2855 quod
1113 2798 1437 2839 concessum
1466 2783 1569 2838 sibi
1596 2798 1702 2838 non
1731 2792 1878 2839 esset
1902 2784 2157 2838 dilectam

2257 2797 2439 2859 αὐτοῖς
2470 2793 2725 2865 ἠκούετο·
2775 2795 2868 2847 καὶ
2902 2790 3232 2863 συγγνώμην
3273 2790 3455 2862 ᾔτουν,
3484 2789 3621 2842 διότι
3644 2786 3814 2841 τοῦτον

587 2890 843 2931 exercere
899 2874 1261 2929 humilitatem
1304 2882 1359 2928 et
1403 2873 1788 2928 obedientiam.
1843 2872 1957 2943 (64)
2000 2872 2154 2927 Brevi

2258 2887 2624 2957 ἀγνοήσαντες
2675 2885 2812 2957 μετά
2857 2886 2965 2938 τῶν
3002 2882 3245 2954 ἐσχάτων
3292 2879 3571 2953 ἀρχαρίων
3614 2878 3815 2945 ἔταξαν.

586 2964 752 3037 igitur
783 2972 974 3020 exacto
1018 2971 1263 3034 tempore
1309 2964 1365 3018 in
1408 2962 1739 3019 monasterio
1782 2978 1905 3028 suo,
1941 2963 2161 3017 humili-

2259 2973 2750 3048 Παρακαλέσαντες
2786 2974 2842 3028 δὲ
2870 2973 3034 3027 αὐτὸν
3073 2970 3262 3035 πολλὰ,
3296 2972 3377 3034 είς
3400 2970 3464 3023 τὸ
3498 2969 3630 3023 ἴδιον
3659 2967 3821 3022 κοινό-

587 3056 716 3112 tatis
784 3070 1006 3111 rursum
1070 3063 1126 3110 et
1182 3055 1505 3110 obedientia:
1570 3055 1843 3112 desiderio
1912 3056 2110 3112 ardens
2140 3095 2156 3122 ,

2260 3070 2374 3123 διον
2401 3068 2707 3139 ἐξέπεμψαν
2744 3068 2941 3122 ἀκοντα
2978 3065 3075 3120 καὶ
3128 3063 3470 3136 ὀδυρόμενον,
3507 3060 3604 3116 ἅτε
3643 3060 3708 3132 δὴ
3754 3059 3822 3131 μή

588 3146 878 3202 observata
942 3145 1123 3201 noctis
1168 3145 1304 3199 hora
1354 3144 1604 3216 aufugit,
1653 3162 1761 3201 non
1813 3146 2044 3202 ulterius
2090 3146 2154 3201 ad

2263 3159 2714 3233 συγχωρούμενον
2765 3158 3045 3212 ἐκτελέσαι
3089 3156 3188 3229 τὴν
3232 3154 3382 3226 αὐτῷ
3430 3151 3593 3226 φίλην
3641 3149 3824 3207 ταπεί-

588 3236 927 3308 Ροτειςτίηθιιι
960 3237 1236 3309 νοείοηειη
1279 3253 1293 3290 ³
1332 3253 1632 3294 conscensa
1663 3238 1864 3310 (ΙυίΡΡθ
1907 3238 2157 3293 "imum
2186 3236 2228 3293 θ
2262 3270 2423 3308 νωσιν
2456 3252 2552 3305 καὶ
2585 3252 2884 3322 ὑποταγήν.
2932 3248 3174 3319 Ποιήσας
3200 3242 3293 3301 οὖν
3327 3245 3509 3315 ὀλίγον
3552 3246 3745 3317 χρόνον
3776 3246 3829 3296 ἐν

589 3327 660 3383 ad
709 3334 893 3399 partes
956 3327 1103 3383 venit
1153 3326 1473 3393 Palaestinae,
1527 3344 1757 3399 sperans
1810 3343 1869 3384 se
1924 3328 2036 3383 illic
2089 3327 2157 3384 ad

2261 3345 2339 3416 τῷ
2387 3342 2551 3397 αὐτοῦ
2590 3341 2966 3414 μοναστηρίῳ,
3017 3338 3179 3393 πάλιν
3240 3336 3514 3409 πυρωθεὶς
3566 3334 3647 3406 τῷ
3687 3333 3831 3403 πόθῳ

589 3418 755 3475 finem
798 3436 970 3491 usque
1018 3421 1186 3477 latere
1215 3435 1395 3492 posse.
1433 3420 1491 3475 ln
1523 3418 1867 3475 Palaestinam
1896 3434 2020 3474 cum
2064 3420 2157 3474 ad-

2261 3438 2361 3508 τῆς
2391 3433 2772 3498 ταπεινώσεως
2810 3431 2904 3487 καὶ
2940 3430 3238 3500 ὑποταγῆς,
3266 3429 3607 3500 ἐπιτηρήσας
3646 3425 3834 3499 καιρὸν

587 3511 828 3568 venisset
849 3513 1237 3568 monasterium
1267 3512 1439 3584 petiit,
1463 3512 1626 3568 situm
1655 3526 1821 3582 prope
1846 3511 2158 3581 speluncam

2264 3528 2475 3593 νυκτὸς,
2496 3528 2692 3597 ἔφυγεν
2727 3526 2827 3581 οὐκ
2847 3524 2925 3578 ἔτι
2951 3523 3106 3595 ξένην
3126 3520 3307 3596 χώραν
3327 3538 3342 3553 ⁸
3374 3518 3614 3574 ἀνελθὼν
3633 3518 3743 3590 γὰρ
3760 3518 3838 3581 είς

588 3601 648 3659 in
688 3618 794 3675 qua
818 3603 1070 3660 Christus
1107 3603 1366 3660 Dominus
1399 3601 1571 3659 'natus
1614 3613 1718 3669 est,
1754 3604 1806 3658 in
1835 3619 1944 3675 quo
1976 3618 2160 3660 mona-

2262 3620 2446 3673 πλοῖον
2474 3614 2634 3690 ἦλθεν
2654 3619 2734 3680 είς
2757 3615 2824 3669 τὰ
2844 3615 2983 3687 μέρη
3002 3612 3381 3683 Παλαιστίνης,
3400 3609 3636 3674 ἐλπίζων
3658 3610 3837 3663 ἐκεῖσε

589 3696 758 3751 sterio
807 3703 922 3750 tum
978 3703 1349 3751 commoratus
1402 3702 1505 3752 est.
1560 3695 1680 3752 Non
1744 3697 1921 3769 potuit
1975 3704 2159 3753 tamen

2263 3713 2342 3774 είς
2368 3710 2517 3774 τέλος
2538 3707 2824 3763 διαλαθεῖν.
2856 3705 3302 3778 Παραγενόμενος
3330 3703 3506 3757 τοίνυν
3539 3706 3596 3756 ἐν
3630 3701 3839 3756 Παλαμ

588 3790 663 3845 ibi
695 3789 1056 3860 latere,juxta
1089 3787 1303 3845 Domini
1338 3802 1522 3845 vocem
1548 3790 1694 3844 illam
1728 3808 1741 3844 :
1783 3807 1801 3841 ι
1838 3787 1956 3844 Non
1981 3794 2160 3860 potest

2263 3802 2417 3875 στίνῃ
2443 3801 2698 3874 ὥρμησεν
2718 3802 2797 3865 είς
2818 3798 2879 3853 τὸ
2901 3799 3256 3870 μοναστήριον
3274 3795 3335 3849 τὸ
3350 3795 3575 3866 πλησίον
3591 3792 3685 3847 τοῦ
3708 3810 3844 3863 σπηφ

589 3880 786 3935 civitas
834 3878 1101 3935 abscondi
1151 3894 1321 3949 supra
1367 3886 1606 3934 montem
1657 3879 1834 3949 posita
1863 3878 1928 3934 “.
1967 3896 1986 3929 ι
2020 3876 2155 3931 Cum

2261 3895 2411 3950 λαίου
2430 3893 2556 3948 ἔνθα
2569 3895 2597 3947 ό
2612 3888 3121 3964 ΔεσπότηςΧριστδς
3136 3888 3344 3959 ἐτέχθη·
3363 3890 3421 3942 ἐν
3435 3880 3480 3955 ᾧ
3496 3884 3843 3958 μοναστηρίῳ

589 3971 738 4026 enim
783 3986 847 4026 ex
894 3971 1129 4042 Egypto
1179 3970 1380 4027 fratres
1414 3971 1693 4027 venissent
1718 3984 1816 4041 pro
1843 3969 2159 4025 adoratione

2263 3986 2421 4057 ἔτυχε
2450 3985 2511 4038 τὸ
2547 3982 2843 4053 τηνικαῦτα
2860 3980 3171 4055 διατρίϐων.
3200 3980 3308 4035 Καὶ
3340 3981 3519 4033 ἐκεῖσε
3565 3978 3624 4032 δέ
3661 3994 3845 4049 παρα-

591 4077 877 4119 sacrorum
919 4065 1187 4129 locorum,
1230 4064 1472 4135 agnitum
1509 4065 1662 4119 illum
1706 4065 2001 4134 multisque
2024 4080 2158 4135 sup-

2262 4075 2549 4148 γενόμενος
2567 4114 2582 4139 ,
2617 4073 2717 4126 οὐκ
2739 4071 2975 4145 ἠδυνήθη
3010 4069 3193 4125 λαθεῖν
3222 4068 3364 4125 κατά
3397 4068 3495 4141 τὴν
3513 4065 3844 4137 δεσποτικὴν

592 4151 980 4222 plicationibus
1034 4166 1100 4206 ac
1155 4151 1369 4207 fletibus
1437 4167 1779 4223 persuasum,
1840 4168 2035 4208 rursus
2090 4153 2158 4207 ad

2266 4167 2471 4239 φωνὴν,
2496 4164 2593 4236 τὴν
2624 4164 2964 4233 φάσκουσανο
2997 4182 3014 4217 ι
3037 4164 3112 4217 Οὐ
3146 4162 3368 4217 δύναται
3393 4160 3547 4225 πόλις
3564 4160 3843 4232 κρυῦῆναι

591 4243 872 4313 proprium
890 4242 1582 4313 abduxeruntpmnobium.
1603 4242 1713 4314 (65)
1728 4242 1863 4296 Cum
1881 4243 1983 4297 hoc
2000 4243 2160 4314 igitur

2265 4260 2453 4314 ἐπάνω
2477 4256 2634 4330 ὅρους
2665 4256 2912 4328 κειμένη.
2942 4275 2960 4308 ι
3008 4254 3285 4318 Ἐλθὸντες
3324 4253 3433 4325 γὰρ
3476 4253 3697 4323 ἀδελφοὶ
3732 4250 3847 4306 ἀπὸ

594 4342 790 4388 sana“
857 4334 915 4389 in
979 4333 1212 4407 ΕΚΥΡίο
1279 4334 1495 4390 ωοάίοο
1557 4342 1801 4404 tempore
1868 4333 2103 4388 Ῑηὼίῑδνί
2143 4353 2156 4402 ἶ
2264 4352 2373 4405 τῶν
2406 4348 2586 4422 μερῶν
2613 4348 2713 4419 τῆς
2731 4348 3005 4417 Αἰγύπτου
3034 4350 3114 4412 είς
3136 4345 3500 4419 προσκύνησιν
3520 4345 3630 4399 τῶν
3663 4345 3847 4415 ἁγίων

594 4424 866 4498 finemque
918 4425 1111 4481 faciam
1160 4426 1431 4482 sermonis
1487 4426 1761 4482 narrando
1811 4441 1931 4496 qua:
1979 4425 2158 4481 audivi

2265 4441 2467 4503 τόπων,
2499 4439 2590 4492 καὶ
2621 4439 2933 4509 ἐπιγνόντες
2953 4438 3133 4503 αὐτὸν,
3165 4437 3324 4492 πάλιν
3347 4437 3634 4506 ἀπήγαγον
3666 4438 3752 4498 εἰς
3784 4432 3850 4485 τὸ

593 4522 664 4577 ab
705 4521 798 4576 illo
839 4530 1217 4579 commonente
1254 4521 1515 4589 fratrem,
1552 4539 1712 4594 quem
1763 4540 1849 4580 me
1895 4533 2161 4596 prasente

2267 4531 2399 4585 ἴδιον
2430 4528 2721 4597 κοινόὸιον,
2754 4530 2973 4593 πολλαῖς
3015 4530 3233 4599 δεήσεσι
3276 4527 3369 4581 καὶ
3404 4514 3660 4599 ὀδυρμοῖς
3717 4524 3849 4578 πεί»

594 4613 839 4670 admiSil.
2195 4612 2237 4666 Π
2269 4637 2462 4684 σαντες
2484 4619 2664 4673 αὐτόν.
2683 4619 2867 4691 Τούτῳ
2893 4620 3070 4673 τοίνυν
3101 4618 3179 4690 τῷ
3203 4618 3343 4689 ἀγίῳ
3366 4616 3516 4687 ἀνδρὶ
3546 4614 3854 4687 συνῴκησα

592 4703 705 4773 ἐγὼ
754 4705 943 4777 χρόνον
974 4704 1150 4774 ὀλίγον
1204 4707 1262 4760 ἐν
1297 4707 1588 4779 Αίγύειττῳ⁸
1642 4709 1787 4782 άπερ
1831 4709 1891 4763 δὲ
1942 4710 2149 4782 ήκουσα
2193 4713 2356 4767 αὐτοῦ
2436 4698 2810 4778 νουθετοῦντος
2854 4711 2951 4766 ἕνα
3016 4711 3263 4782 ἀδελφὺν,
3299 4710 3358 4764 ὃν
3404 4708 3678 4781 παρουσία
3739 4720 3851 4778 μου

590 4800 830 4868 ἐδέξατο,
860 4799 1261 4872 διηγησάμενος
1287 4801 1391 4873 πλη
1402 4801 1560 4874 ρώσω
1583 4801 1673 4855 τὸν
1699 4801 1878 4872 λόγον.

661 4915 749 4971 {2.
784 4915 894 4990 (66)
926 4914 1312 4987 Nosti,inquit,
1344 4906 1533 4984 frater,
1561 4928 1693 4989 quot
1718 4920 1911 4976 diebus
1937 4928 2062 4975 ante
2082 4921 2167 4990 ja-

2343 4916 2431 4972 12.
2465 4916 2697 4984 Ἐγνως,
2720 4913 2903 4984 φησὶν,
2925 4910 3138 4980 ἀδελφέ,
3162 4909 3333 4971 πόσας
3354 4907 3569 4978 ἡμέρας
3597 4905 3706 4978 πρὸ
3733 4902 3851 4958 τῶν

594 5021 756 5062 nuam
771 5006 1082 5063 monasterii
1101 5008 1333 5078 peractis
1349 5008 1619 5065 admissus
1636 5011 1794 5068 hodie
1809 5012 1978 5069 fueris
1994 5033 2007 5067 :
2022 5012 2165 5083 quod

2271 5008 2449 5083 θυρῶν
2477 5008 2573 5079 τῆς
2620 5009 2787 5078 μονῆς
2828 5002 3137 5066 διατελέσας
3172 5002 3407 5072 σήμερον
3445 4997 3704 5069 ἐδέχθης·
3746 4994 3853 5048 ἐὰν

593 5097 639 5153 si
674 5086 899 5154 causam
935 5099 1189 5155 didiceris
1220 5099 1532 5170 hujusmodi
1558 5101 1889 5159 diﬁicultatis
1914 5143 1929 5167 ,
1964 5104 2165 5174 poterit

2270 5103 2446 5158 τοίνυν
2482 5100 2657 5171 μάθῃς
2683 5101 2784 5170 τῆς
2820 5094 3134 5167 δυσχερείας
3171 5092 3270 5163 τὴν
3312 5090 3510 5155 αἰτίαν,
3549 5086 3853 5161 δυνήσεταί

595 5189 689 5244 illa
714 5190 812 5245 tibi
859 5190 915 5245 in
959 5190 1084 5259 hac,
1119 5208 1282 5263 quam
1325 5194 1466 5249 inire
1501 5195 1677 5266 cupis,
1716 5197 1827 5261 via,
1871 5197 2161 5271 utilitatem

2273 5213 2353 5249 σοι
2381 5196 2438 5248 ἐν
2468 5195 2535 5264 τῇ
2557 5192 2662 5263 ὁδῷ
2688 5191 2881 5264 ταύτῃ,
2980 5185 3265 5257 ἐπιθυμεῖς
3309 5183 3586 5255 ἐπιϐῆναι,
3625 5181 3854 5254 συμϐα-

591 5281 758 5349 ferre,
806 5292 972 5355 atque
1024 5294 1078 5341 te
1121 5285 1330 5342 fidelem
1390 5286 1482 5343 Dei
1537 5305 1753 5344 servum
1811 5287 2041 5344 edicere.
2088 5285 2161 5342 Ut

2260 5287 2467 5351 λέσθαι,
2490 5285 2585 5339 καὶ⁸
2605 5283 2790 5338 δοῦλον
2815 5278 3049 5352 Χριστοῦ
3078 5295 3137 5331 σε
3166 5275 3584 5351 ἀπεργάσασθαι
3614 5273 3842 5329 πιστόν.

594 5374 739 5429 enim
779 5374 1009 5431 fideliter
1053 5374 1283 5432 Domino
1310 5379 1674 5435 servientibus
1698 5380 1873 5451 gloria
1901 5387 1956 5434 et
1986 5378 2163 5433 honor

2272 5376 2359 5440 Ὠς
2388 5374 2497 5447 γὰρ
2520 5376 2633 5437 τοῖς
2677 5370 2883 5434 πιστῶς
2930 5368 3238 5422 δουλεύουσι
3269 5367 3346 5439 τῷ
3393 5366 3641 5439 Δεσπότῃ
3688 5362 3846 5431 δόξα,

594 5462 653 5519 in
690 5464 934 5521 futurum
982 5470 1337 5539 promittitur,
1382 5471 1457 5526 ita
1500 5472 1827 5543 gravissima
1878 5469 2164 5525 imminent

2260 5467 2393 5540 τιμὴ
2442 5464 2577 5539 πρὸς
2609 5463 2670 5517 τὸ
2706 5461 2896 5533 μέλλον
2942 5459 3311 5532 ἐπήγγελται,
3363 5456 3537 5522 οὕτως
3576 5452 3847 5529 τιμωρίαι

669 5597 716 5635 ³⁵
753 5597 1033 5662 Mallh..v,
1072 5602 1154 5657 i5.

812 5751 1346 5830 Qassian._lnstitut.
1371 5757 1468 5814 lib.
1500 5771 1573 5825 tv,
1605 5773 1655 5812 ι.
1688 5756 1777 5814 3|.

1338 5757 1468 5814 .lib.
1500 5771 1573 5825 ιν,
1605 5773 1655 5812 ι.
1688 5756 1777 5814 ει.
2342 5755 2455 5830 (65)
2482 5752 2616 5830 Ibid.
2649 5769 2699 5810 c.
2723 5751 2814 5820 se,
2850 5749 2937 5808 εδ.

692 5821 782 5897 65)
812 5822 947 5880 Ibid.
979 5839 1030 5880 c.
1063 5825 1149 5882 32.
