3924 6538
110 364 225 423 883
1280 376 1613 435 EPISTOLA
1645 376 1666 433 1
1702 378 1795 434 AD
1831 382 2221 445 CASTOREM.
3235 410 3342 467 868

107 485 407 559 βαρύταται
432 486 546 549 τοῖς
593 485 829 561 χλιαρῶς
853 492 951 544 καὶ
995 491 1253 565 ῥαθύμως
1300 497 1649 570 προσερχομέ

1772 503 2038 573 supplicia
2075 506 2145 564 iis
2177 508 2271 580 qui
2303 511 2535 568 molliter
2571 516 2917 589 segniterque
2953 535 3074 576 eam
3128 521 3331 580 adeunt

105 596 224 644 νοις
250 579 417 651 ταύτῃ
438 582 505 651 τῇ
538 582 861 656 ἐπαγγελίᾳ.
891 584 1104 639 Βέλτιον
1134 586 1242 659 γάρ
1267 589 1381 642 ἐστι
1409 589 1550 653 κατὰ
1576 589 1649 662 τὴε

1776 579 2221 663 promissionem;
2245 599 2435 659 Melius
2454 579 2660 676 quippe
2666 615 2770 674 est,
2788 579 2943 678 jiixta
2974 609 3336 684 Scripturam,

106 672 331 744 Γραφὴν
360 671 435 742 μὴ
462 670 742 738 εὔξασθαι,
773 674 806 746 ἢ
835 673 1110 743 εὔξασθαι,
1135 678 1227 732 καὶ
1257 679 1331 751 μὴ
1362 680 1671 737 ἀποδοῦναι.

103 762 219 816 Καὶ
263 762 420 816 πάλιν
466 762 718 835 εἴρηται*
766 783 785 816 ι
839 766 1264 840 Ἐπικατάρατος
1315 770 1345 822 6
1393 770 1559 825 ποιῶν
1612 772 1674 826 τὸ

104 855 268 926 ἔργον
294 854 385 908 τοῦ
410 855 618 925 Κυρίου
657 855 900 927 ἀμελῶς·
939 877 959 911 ι
988 858 1175 912 τούτου
1203 860 1360 933 χάριν
1392 862 1671 935 ἀπεστρα-

104 944 321 1016 φόμεθά
342 962 402 998 τε
449 944 543 997 καὶ
577 944 981 1018 άνεϐαλλόμεθα
1014 948 1107 1002 τοῦ
1137 948 1412 1015 δέξασθαι,
1450 952 1547 1023 οὐχ
1592 954 1672 1006 ὅτι

101 1036 197 1107 τὴν
248 1034 522 1106 σωτηρίαν
570 1035 665 1089 σοῦ
724 1038 819 1091 καὶ
874 1037 1090 1092 πάντων
1143 1039 1251 1093 τῶν
1303 1046 1383 1105 εἰς
1437 1040 1672 1112 Χριστὸν

100 1127 466 1180 πιστευόντων
498 1126 598 1179 οὐκ
643 1126 1034 1199 ἐπιθυμοῦμεν,
1071 1129 1187 1183 ἀλλ’
1217 1130 1303 1185 ἵνα
1333 1132 1430 1203 μὴ.
1466 1149 1671 1205 προπε-

100 1218 206 1281 τῶς
234 1219 331 1271 καὶ
371 1217 447 1281 ῶς
495 1217 684 1288 ἔτυχεν
730 1219 1143 1291 ὑποδεχόμενοι,
1175 1223 1338 1293 ἡμεῖς
1378 1222 1476 1293 μὲν
1522 1222 1672 1295 παρά

99 1306 216 1377 Θεῷ
249 1306 600 1378 κουφότητος.
621 1309 713 1362 καὶ
750 1309 1053 1382 εὐχόμενοι,
1075 1310 1230 1384 δίκην
1273 1313 1575 1385 ὑφέξωμεν,
1611 1316 1671 1369 σὲ

99 1400 151 1453 δὲ
172 1399 477 1454 ὑπεύθυνον
512 1399 817 1473 βαρυτέρας
839 1402 1107 1474 τιμωρίας
1133 1406 1585 1476 καταστήσωμεν,
1617 1407 1666 1460 ει

100 1490 231 1561 πρὸς
266 1488 325 1542 τὸ
352 1490 531 1561 παρὸν
568 1491 839 1563 εὐχερῶς,
874 1492 968 1545 καὶ
1007 1491 1081 1564 μὴ
1128 1493 1365 1564 μαθόντα
1410 1495 1471 1549 τὸ
1508 1496 1671 1569 βάρος

101 1579 191 1632 καὶ
240 1579 341 1650 τὴν
394 1579 679 1650 ἀκρίϐειαν
731 1580 824 1634 τοῦ
878 1582 1334 1653 ἐπαγγέλματος,
1386 1587 1482 1639 καὶ
1533 1588 1669 1658 μετά

99 1669 262 1723 ταῦτα
279 1668 499 1741 χαῦνος,
520 1671 614 1723 καὶ
640 1671 877 1743 ῥᾴθυμος
892 1673 1233 1745 ἀποδειχθῇς.
1261 1676 1360 1729 Διά
1385 1692 1469 1728 τοι
1489 1675 1664 1741 τοῦτο,

99 1756 274 1822 καθὼς
302 1761 560 1830 εἴρηται,
594 1761 693 1831 τὴν
743 1761 919 1816 αἰτίαν
959 1763 1059 1833 τῆς
1101 1765 1381 1835 ἀποταγῆς
1432 1765 1665 1836 ὀφείλεις

100 1849 314 1917 γνῶναι,
349 1850 407 1902 τί
458 1867 518 1903 σε
550 1850 632 1903 δεῖ
660 1853 852 1905 ποιεῖν.
902 1852 968 1906 Ἦ
1000 1854 1251 1928 άποταγὴ
1288 1856 1466 1910 τοίνυν
1510 1857 1662 1911 οὐδὲν
1693 1836 1739 1895 Β

100 1940 216 1996 ἄλλο
242 1940 586 2012 καθέστηκεν
622 1944 671 1995 εί
699 1942 774 2015 μὴ
820 1943 1055 2017 σταυροῦ
1100 1945 1196 1999 καὶ
1236 1946 1466 2000 θανάτου
1495 1949 1667 2017 ἐπαγ-

99 2033 260 2101 γελία.
315 2032 562 2086 Γίνωσκε
610 2033 787 2088 τοίνυν
840 2035 948 2090 ἀπὸ
1008 2036 1108 2107 τῆς
1166 2037 1402 2109 σήμερον
1450 2039 1664 2111 ἡμέρας

99 2122 411 2193 τεθνηκέναι
438 2140 518 2186 σε,
576 2124 670 2179 καὶ
700 2124 1059 2196 σταυροῦσθαι
1084 2125 1162 2199 τῷ
1190 2127 1399 2199 κόσμῳ,
1443 2129 1537 2182 καὶ
1569 2128 1661 2183 τὸν

100 2216 287 2285 κόσμον
308 2231 418 2277 σοι,
460 2214 601 2268 κατὰ
627 2214 717 2267 τὸν
762 2214 1079 2269 Ἀπόστολον
1098 2233 1111 2246 ’
1144 2217 1238 2270 καὶ⁹
1278 2217 1660 2289 καταμάνθανε

98 2308 171 2371 τίς
197 2310 229 2378 ή
256 2306 489 2377 δύναμις
516 2305 617 2377 τῆς
640 2305 997 2378 σταυρώσεως
1018 2322 1030 2336 ο
1060 2307 1247 2379 ἐπειδὴ
1265 2309 1449 2363 οὐκέτι
1476 2309 1660 2365 λοιπὸν

100 2399 156 2450 σὺ
188 2396 306 2467 ζῇς,
346 2396 462 2449 ἀλλ’
495 2398 700 2458 ἐκεῖνος
752 2399 809 2450 ὲν
838 2397 921 2450 σοὶ
950 2396 1016 2469 ζῇ
1050 2399 1078 2452 6
1106 2398 1248 2470 ὑπὲρ
1280 2399 1373 2452 σοῦ
1417 2417 1660 2473 σταυρω-

98 2488 214 2552 θείς.
254 2487 448 2559 Τούτῳ
481 2485 660 2542 τοίνυν
699 2485 777 2558 τῷ
808 2486 965 2559 τύπῳ
1016 2489 1109 2542 καὶ
1150 2488 1228 2561 τῷ
1255 2492 1513 2561 σχήματι,
1559 2484 1602 2560 ᾧ
1628 2491 1657 2544 6

98 2581 362 2651 Δεσπότης
422 2579 561 2651 ὑπὲρ
610 2579 764 2651 ἡμῶν
816 2580 1128 2653 ἐκρεμάσθη
1156 2625 1171 2649 ,
1220 2583 1310 2635 καὶ
1371 2584 1516 2654 ήμᾶς
1562 2585 1657 2637 έπ-

98 2671 319 2739 άναγκὲς
353 2672 499 2724 ἐστιν
527 2671 584 2722 ὲν
604 2669 682 2741 τῷ
711 2670 960 2742 κοινοϐίῳ
987 2672 1211 2742 διάγειν,
1230 2673 1410 2739 καθὼς
1438 2673 1654 2745 εὔχεται

97 2763 179 2816 καὶ
205 2765 233 2816 6
267 2763 540 2835 μακάριος
565 2762 729 2816 Δαϐὶδ
756 2763 822 2815 ὲκ
857 2762 951 2817 τοῦ
987 2763 1151 2834 φόϐου
1183 2764 1277 2819 τοῦ
1314 2764 1447 2820 Θεοῦ
1480 2783 1656 2839 παρα-

95 2853 262 2907 καλῶν
286 2852 672 2924 καθηλωθῆναι
705 2852 804 2918 τὰς
834 2854 1044 2926 σάρκας
1070 2855 1257 2911 αὐτοῦ.
1287 2857 1376 2919 Ὧς
1400 2857 1508 2929 γὰρ
1538 2861 1567 2911 6
1592 2857 1654 2912 τὸ

97 2945 240 3016 σῶμα
282 2943 707 3016 προσηλωμένον
754 2943 893 3014 ἔχων
937 2944 1016 3016 τῷ
1050 2945 1190 3018 ξύλῳ
1236 2946 1491 3019 ἀκίνητός
1535 2949 1649 3000 ἐστι

94 3038 218 3109 πρὸς
239 3038 423 3091 πᾶσαν
463 3035 743 3106 ἐνέργειαν
791 3035 910 3090 οἵαν
947 3034 1110 3101 θέλει,
1142 3034 1316 3099 οὕτως
1342 3038 1370 3090 6
1400 3036 1478 3107 τῷ
1522 3036 1650 3107 θείῳ

1775 693 1960 741 votum
1995 703 2105 745 non
2132 690 2331 760 ﬁcere,
2361 711 2521 767 quam
2553 696 2752 753 factum
2782 715 2892 756 non
2922 702 3164 760 reddere.
3190 704 3336 762 Rur-

1774 790 2001 848 sumque
2024 780 2267 839 dicitur:
2306 804 2325 839 σ
2372 786 2689 845 Maledictus
2724 792 2816 862 qui
2864 791 2993 848 facit
3036 810 3173 865 opus
3233 796 3338 854 Do-

1771 866 1905 922 mini
1934 871 2263 943 negligenter
2278 876 2323 909 ’³
2360 894 2418 932 τ»
2451 889 2737 951 eapropter
2763 892 2814 939 te
2834 886 3132 967 repulimus
3173 896 3337 958 atque

1777 959 2062 1021 admittere
2110 968 2350 1022 cunctati
2398 984 2610 1035 sumus,
2662 988 2771 1028 non
2828 959 2972 1046 quod
3019 986 3165 1032 tuam
3215 996 3336 1034 om-

1771 1050 2030 1122 niumque
2072 1053 2288 1110 illorum
2325 1059 2416 1128 qui
2457 1060 2512 1114 in
2541 1060 2815 1119 Christum
2840 1066 3071 1120 credunt
3101 1068 3334 1124 salutem

1769 1156 1879 1196 non
1898 1152 2254 1214 exoptemus;
2299 1150 2392 1205 sed
2423 1167 2491 1207 ne
2518 1160 2721 1210 temere
2758 1163 2811 1211 te
2845 1171 2910 1212 ac
2937 1158 3088 1215 nullo
3114 1162 3335 1232 negotio

1768 1231 2134 1299 admittentes,
2165 1251 2268 1291 nos
2314 1239 2526 1308 quidem
2555 1256 2585 1295 a
2616 1242 2745 1309 Deo,
2780 1245 2867 1300 vel
2907 1255 3128 1305 orantes
3148 1292 3163 1315 ,
3195 1231 3334 1307 leni-

1767 1322 1898 1377 tatis
1926 1324 2106 1380 nimize
2132 1340 2348 1396 poenam
2375 1328 2609 1396 luamus,
2643 1341 2696 1389 te
2718 1349 2850 1390 vero
2877 1351 3028 1392 reum
3063 1342 3333 1409 gravioris

1770 1413 2023 1483 supplicii
2069 1419 2488 1484 constituamus,
2518 1422 2564 1477 si
2593 1428 2648 1477 te
2669 1423 2783 1493 jam
2816 1424 2973 1482 facile
3010 1432 3329 1502 priusquam

1767 1501 2024 1559 didiceris
2085 1508 2402 1577 gravitatem
2475 1518 2530 1566 et
2588 1515 2986 1572 accurationem
3033 1501 3327 1590 promissi,

1768 1594 2143 1663 admittamus,
2166 1608 2223 1653 et
2238 1610 2293 1655 tu
2324 1609 2510 1671 postea
2547 1605 2726 1661 mullis
2754 1608 3041 1679 segnisque
3069 1615 3326 1671 evaseris.

1769 1684 1996 1752 Idcirco,
2030 1695 2091 1742 ut
2119 1704 2286 1760 supra
2316 1692 2524 1747 dictum
2564 1703 2669 1762 est,
2707 1711 2930 1754 causam
2973 1708 3079 1757 tua:
3108 1703 3331 1760 abdica-

1768 1776 1934 1831 tionis
1977 1778 2219 1834 ediscere
2249 1790 2302 1835 te
2344 1791 2574 1852 oportet,
2628 1784 2759 1855 quid
2802 1787 3013 1844 scilicet
3060 1791 3329 1862 agendum

1766 1866 1863 1921 tibi
1895 1867 1986 1923 sit.
2004 1866 2289 1925 Abdicatio
2316 1872 2498 1943 itaque
2521 1875 2656 1929 nihil
2681 1883 2767 1931 est
2787 1878 2931 1933 aliud
2956 1894 3118 1950 quam
3147 1881 3329 1938 crucis

1761 1964 1816 2009 et
1846 1957 2038 2012 mortis
2079 1960 2392 2029 promissio.
2415 1961 2563 2019 Scito
2585 1979 2714 2034 ergo
2743 1967 2812 2021 ab
2840 1969 2940 2024 hac
2973 1948 3035 2026 te
3064 1948 3152 2027 die
3181 1988 3330 2029 mor-

1760 2050 1915 2099 tuum
1944 2046 2374 2120 crucifixumque
2404 2066 2526 2109 esse
2548 2055 2774 2122 mundo,
2802 2060 3174 2133 mundumque
3202 2063 3324 2132 tibi,

1755 2134 1912 2206 juxta
1935 2136 2253 2207 Apostolum
2285 2160 2298 2196 :
2333 2151 2389 2199 et
2414 2144 2596 2201 edisce
2624 2164 2869 2218 quaenam
2901 2152 2972 2206 sit
2995 2154 3178 2210 crucis
3209 2156 3326 2211 vir-

1760 2238 1849 2283 tus
1885 2244 1897 2279 :
1930 2230 2372 2301 quandoquidem
2412 2251 2521 2292 non
2566 2238 2793 2295 ulterius
2838 2249 2894 2295 tu
2924 2243 3080 2310 vivis,
3107 2246 3203 2302 sed
3232 2247 3325 2305 ille

1758 2319 1813 2373 in
1858 2330 1911 2375 te
1957 2321 2089 2376 vivit
2140 2325 2234 2393 qui
2282 2340 2384 2396 pro
2422 2334 2476 2382 te
2510 2330 2805 2388 crucifixus
2838 2341 2940 2390 est.
2976 2333 3092 2389 Hoc
3138 2336 3324 2409 itaque

1755 2420 1883 2484 typo
1917 2429 2025 2484 quo
2054 2413 2314 2473 Dominus
2350 2434 2449 2489 pro
2477 2421 2638 2477 nobis
2664 2439 2966 2494 suspensus
3002 2435 3106 2491 est,
3142 2438 3192 2484 et
3218 2446 3322 2487 nos

1754 2520 1979 2561 necesse
2032 2513 2116 2562 est
2162 2508 2217 2562 in
2271 2512 2525 2567 cmnobio
2583 2528 2779 2584 agerc,
2831 2528 2890 2572 ut
2941 2526 3062 2572 orat
3126 2520 3320 2577 beatus

1753 2594 1942 2659 David,
1983 2612 2106 2650 cum
2141 2599 2335 2655 timore
2375 2600 2589 2658 Domini
2631 2606 2870 2675 postulat
2903 2608 3097 2679 conﬁgi
3123 2625 3319 2668 carnes

1753 2700 1879 2741 suas
1907 2687 1973 2742 ".
1997 2686 2461 2754 Quemadmodum
2486 2694 2628 2748 enim
2670 2696 2764 2766 qui
2801 2712 3000 2769 corpus
3041 2701 3187 2772 ligno
3232 2702 3317 2757 af.

1753 2776 1916 2831 fixum
1950 2778 2130 2842 habet,
2157 2779 2225 2834 ad
2256 2783 2552 2851 quamlibet
2576 2786 2848 2855 actionem
2896 2788 3155 2846 immotus
3191 2802 3314 2861 est;

1750 2868 1911 2940 315
1942 2871 2021 2927 sic
2053 2873 2146 2942 qui
2174 2873 2359 2929 divino
2395 2874 2592 2931 timore
2620 2880 2890 2933 conﬁxam
2924 2880 3084 2936 habet
3114 2884 3318 2953 cogita-

1750 2961 1971 3027 tionem,
2003 2961 2261 3020 immotus
2302 2973 2386 3020 est
2444 2968 2511 3020 ad
2549 2983 2768 3023 omnem
2803 2971 3074 3025 carnalem
3107 2987 3316 3027 concu-

1748 3053 2085 3121 piscentiam.
2137 3053 2204 3108 Et
2249 3056 2391 3112 sicut
2440 3058 2533 3128 qui
2584 3062 2733 3114 cruci
2788 3070 2873 3116 est
2925 3061 3134 3130 afﬁxus,
3194 3081 3318 3136 quae

95 3130 227 3200 φόϐῳ
258 3128 644 3202 καθηλωμένον
673 3128 763 3182 τὸν
794 3127 1073 3199 λογισμὸν,
1117 3128 1374 3200 ἀκίνητος
1414 3128 1647 3201 ὑπάρχει

1753 3144 2034 3210 praesentia
2086 3153 2214 3201 sunt
2256 3163 2366 3201 non
2412 3127 2553 3202 ultra
2601 3151 2837 3221 cogitat;
2872 3168 3047 3223 neque
3093 3127 3315 3226 propria

95 3225 216 3295 πρὸς
258 3225 371 3278 πᾶν
414 3221 624 3294 θέλημα
669 3220 949 3293 σαρκικόν.
994 3221 1104 3275 Καὶ
1141 3219 1329 3292 ῶσπερ
1360 3223 1388 3273 ὁ
1432 3220 1647 3312 σταυρῶ

1753 3236 2029 3290 voluntate
2081 3234 2354 3308 dirigitur.
2404 3254 2511 3292 non
2556 3219 3002 3311 cuncupisceutia
3036 3219 3311 3312 turbatur,

93 3313 498 3386 προσηλωμένος
538 3311 638 3365 οὐκ
669 3310 749 3364 ἔτι
799 3309 866 3364 τὰ
901 3309 1143 3381 παρόντα
1188 3308 1494 3378 λογίζεται,
1525 3309 1645 3362 οὐδὲ

93 3410 190 3470 τοῖς
232 3406 387 3468 ἰδίοις
441 3403 712 3474 θελήμασι
763 3400 1193 3465 συνδιατίθεται,
1227 3400 1326 3452 οὐκ
1382 3398 1645 3471 ἐπιθυμίᾳ

93 3503 420 3578 ταράττεται,
455 3501 517 3554 οὐ
553 3499 794 3572 φροντίδι
841 3497 935 3552 τοῦ
968 3496 1198 3556 κτᾶσθαι
1247 3493 1641 3558 κατατείνεται,

92 3600 177 3670 οὐχ
200 3595 553 3668 ὑπερηφανία
583 3591 890 3664 φυσιοῦται,
916 3591 978 3644 οὐ
1019 3588 1336 3660 φιλονεικίᾳ,
1371 3588 1430 3641 οὐ
1467 3586 1643 3657 φθόνῳ

93 3690 386 3756 ἐξάπτεται,
415 3688 475 3743 οὐ
508 3686 637 3759 περὶ
667 3685 776 3739 τῶν
803 3683 1094 3756 παρουσῶν
1113 3680 1347 3753 ἀτιμιῶν
1379 3679 1552 3748 ἀλγεῖ,
1579 3678 1641 3730 οὐ

90 3782 172 3845 τὰς
221 3779 599 3854 παρελθούσας
654 3777 843 3850 ὕϐρεις
888 3775 1389 3846 ἀναμιμνήσκεταιο
1450 3768 1641 3841 μικρὸν

89 3873 181 3945 γὰρ
206 3874 434 3945 ὕστερον
462 3873 563 3944 τὴν
613 3871 679 3924 ὲκ
722 3867 817 3922 τοῦ
853 3866 968 3938 βίου
1016 3865 1191 3933 ἔξοδον
1230 3863 1507 3934 ἐκδέχεται
1552 3859 1641 3914 διά

88 3967 167 4019 τοῦ
211 3964 467 4037 σταυροῦθ
523 3962 699 4025 οὕτως
732 3961 761 4013 6
814 3957 1225 4029 ἀποταξάμενος
1277 3955 1510 4025 γνησίως
1560 3953 1640 4025 τῷ

90 4060 277 4130 κόσμῳ,
314 4058 414 4110 καὶ
440 4055 519 4127 τῷ
547 4054 676 4126 θείῳ
708 4053 856 4125 φόϐῳ
884 4052 958 4115 ὡς
990 4053 1046 4105 ὲν
1075 4048 1288 4122 σταυρῷ
1320 4048 1640 4118 καθηλωμέο

89 4167 187 4215 νος,
227 4152 329 4223 τὴν
364 4150 431 4203 ἐκ
475 4147 571 4202 τοῦ
617 4146 733 4217 βίου
778 4144 970 4199 τούτου
1014 4141 1189 4207 ἔξοδον
1238 4140 1358 4194 καθ’
1405 4140 1638 4211 ἑκάστην

89 4242 497 4314 προσδεχόμενος
520 4278 537 4303 ,
582 4239 874 4309 ἀκινήτους
924 4236 1019 4290 καὶ
1076 4234 1466 4304 ἀνενεργήτους
1526 4232 1636 4303 ἔχει

91 4334 244 4400 πάσας
266 4336 366 4399 τάς
390 4332 687 4403 ἐπιθυμίας
716 4328 929 4392 καὶτὰς
968 4325 1235 4399 σαρκικάς
1263 4324 1545 4389 διαθέσεις.

146 4428 220 4482 15.
252 4426 526 4480 Φυλάττου
554 4419 843 4493 τοιγαροῦν
876 4419 1085 4491 μήποτε
1111 4416 1314 4471 τούτων
1348 4417 1633 4471 ἀναλαϐεῖν

1749 3340 1857 3380 non
1900 3342 2029 3381 cura
2064 3327 2376 3397 possidendi
2408 3328 2699 3396 detinetur,
2731 3347 2839 3387 non
2874 3335 3129 3404 superbia
3156 3334 3316 3392 inﬂa-

1749 3425 1858 3481 tur,
1890 3433 1998 3472 non
2046 3420 2409 3485 contentione,
2460 3436 2568 3476 non
2618 3422 2818 3477 invidia
2845 3425 3172 3492 exardescit,
3201 3442 3313 3487 non

1747 3509 1891 3565 dolet
1934 3509 2002 3564 de
2052 3513 2306 3579 presenti
2361 3513 2711 3581 contumelia,
2754 3528 2865 3569 non
2910 3520 3310 3585 prateritarum
3400 3548 3401 3551 η

1745 3602 1992 3656 meminit
2041 3602 2360 3671 injuriarum
2407 3617 2423 3655 :
2465 3618 2588 3657 nam
2630 3613 2754 3674 post
2795 3608 3016 3675 paulum
3047 3610 3308 3679 temporis

1746 3690 1906 3746 finem
1962 3699 2243 3762 exspectat
2297 3692 2420 3746 vita!
2471 3707 2584 3748 suae
2626 3709 2724 3763 per
2768 3709 2989 3749 crucem
3048 3697 3303 3764 scilicet;

1744 3783 1826 3839 sic
1883 3782 1974 3853 qui
2035 3783 2248 3837 sincere
2322 3784 2524 3837 mundo
2592 3783 3013 3850 abrenuntiavit,
3084 3796 3139 3842 et
3205 3787 3304 3842 Dei

1746 3876 1938 3929 timore
1975 3874 2132 3945 quasi
2170 3874 2223 3928 in
2257 3889 2421 3930 cruce
2457 3874 2703 3931 confixus
2763 3883 2880 3942 est,
2921 3877 3150 3946 hujusce
3180 3881 3305 3935 vita:

1742 3968 1946 4022 exitum
1975 3967 2218 4039 quotidie
2261 3978 2605 4038 exspectans,
2646 3968 2897 4023 immotas
2925 3978 2979 4023 et
3008 3968 3305 4025 imbecillas

1745 4059 1906 4114 habet
1958 4074 2148 4115 omnes
2194 4060 2668 4130 concupiscentiae
2710 4075 3006 4132 omnesque
3058 4063 3307 4117 carnales

1741 4149 1983 4206 aﬂ‘ectus.

1809 4420 1895 4474 15.
1936 4418 2049 4491 (68)
2072 4419 2216 4474 Cave
2247 4419 2412 4490 igitur
2439 4432 2506 4473 ne
2535 4416 2753 4487 quando
2782 4431 2845 4472 ea
2873 4431 3150 4473 resumere
3172 4429 3306 4471 con-

88 4519 429 4592 ἐπιθυμήσῃς,
465 4508 541 4570 ὧν
571 4513 1009 4583 ἀποτασσόμενος
1040 4508 1442 4580 ἀποϐέϐληκας.
1480 4508 1637 4562 Κατά

1753 4512 1993 4581 :upiscas
2022 4526 2143 4581 qua:
2167 4511 2221 4565 in
2252 4507 2718 4564 abrenuntiatione
2753 4516 2843 4564 tu;
2867 4507 3143 4564 dimisisti.
3167 4505 3300 4560 Nam

86 4611 175 4680 γὰρ
218 4611 313 4683 τὴν
358 4609 633 4678 ἀπόφασιν
687 4604 781 4659 τοῦ
826 4602 1114 4666 Δεσπότου,
1152 4620 1170 4653 ι
1210 4601 1267 4654 '0
1324 4599 1496 4670 βαλὼν
1541 4600 1637 4671 τὴν

88 4705 217 4774 χεῖρα
246 4704 331 4756 ἐπ’
361 4702 611 4773 ἄροτρον,
642 4697 738 4752 καὶ
785 4694 1044 4766 στραφεὶς
1084 4695 1163 4756 εἰς
1200 4691 1270 4744 τὰ
1315 4693 1509 4758 ὀπίσω,
1535 4692 1635 4744 οὐκ

86 4793 276 4858 εὔθετός
300 4796 449 4847 ἐστιν
481 4794 562 4854 εἰς
593 4790 692 4861 τὴν
727 4785 999 4859 βασιλείαν
1025 4784 1132 4838 τῶν
1172 4784 1415 4856 οὐρανῶν
1440 4800 1455 4813 ο
1495 4803 1512 4835 ι
1541 4784 1634 4837 καὶ

85 4884 109 4937 ὁ
134 4887 253 4958 πρὸς
276 4886 344 4939 τά
375 4882 612 4939 ταπεινά
637 4898 698 4935 τε
737 4880 832 4935 καὶ
871 4880 1033 4951 γήϊνα
1057 4875 1150 4930 τοῦ
1198 4876 1399 4946 κόσμου
1440 4874 1626 4928 τούτου

84 4980 356 5051 πράγματα
411 4976 522 5031 ἀπὸ
564 4975 666 5046 τῆς
714 4972 923 5044 ὑψηλῆς
967 4968 1241 5031 πολιτείας
1288 4966 1626 5021 καταϐαίνων

85 5070 217 5124 πάλιν
243 5072 370 5143 παρ’
401 5066 622 5139 ἐντολὴν
648 5065 742 5120 τοῦ
768 5061 1004 5136 Χριστοῦ
1039 5062 1285 5134 πράττει,
1323 5058 1416 5113 τοῦ
1439 5058 1625 5129 δώμα-

82 5180 156 5228 τος
182 5164 539 5228 καταϐαίνων,
571 5161 666 5215 καὶ
695 5155 826 5232 ἆραι
862 5175 918 5211 τι
952 5154 1060 5210 τῶν
1088 5154 1182 5208 τοῦ
1221 5154 1370 5206 οἴκου
1420 5153 1626 5222 ἐπιχει-

88 5255 191 5325 ρῶν.
220 5257 487 5311 Φυλάττου
517 5253 697 5308 τοίνυν
741 5251 836 5322 μὴ,
881 5250 978 5321 τῆς
1008 5248 1115 5302 τῶν
1149 5246 1289 5302 κατά
1319 5246 1495 5318 σάρκα
1532 5262 1625 5313 γο-

83 5346 194 5401 νέων
221 5349 447 5421 ἀρχαίας
487 5344 779 5409 διαθέσεως
809 5341 1191 5412 ἀναμνησθεὶς,
1225 5340 1320 5393 καὶ
1361 5338 1499 5419 πρρς
1525 5337 1621 5401 τὰς

84 5441 331 5511 φροντίδας
355 5439 451 5494 τοῦ
488 5437 684 5500 αἰῶνος
708 5433 900 5488 τούτου
933 5432 1304 5503 ἐπιστραφεὶς,
1339 5429 1622 5493 ἀνεύθετος

82 5530 278 5605 ιθρεθῇς
301 5533 442 5587 κατά
468 5531 568 5604 τὴν
610 5529 705 5583 τοῦ
734 5527 941 5602 Κυρίου
970 5525 1150 5598 φωνὴν
1187 5527 1245 5578 ὲν
1282 5527 1348 5596 τῇ
1375 5522 1621 5595 βασιλείᾳ

1736 4604 1893 4674 juxta
1933 4602 2146 4657 Domini
2183 4602 2546 4657 sententiam:
2581 4618 2599 4651 ι
2632 4598 2734 4666 Qui
2775 4599 2949 4670 injicit
2981 4613 3197 4653 manum
3234 4596 3302 4652 ad

1739 4705 1979 4750 aratrum
2022 4703 2075 4749 et
2120 4702 2267 4748 retro
2291 4693 2650 4757 convertitur,
2689 4707 2796 4747 non
2820 4701 2903 4747 est
2936 4702 3093 4761 aptus
3117 4690 3183 4744 ad
3224 4707 3303 4745 re-

1735 4802 1900 4858 gnum
1930 4786 2194 4840 cinlorum
2220 4785 2285 4847 ³⁷,
2321 4801 2338 4834 ι
2363 4789 2416 4837 ει
2442 4782 2531 4852 qui
2559 4797 2623 4837 ex
2653 4781 2873 4836 sublimi
2904 4781 3026 4834 vitae
3054 4779 3304 4834 instituto

1741 4877 1806 4931 ad
1836 4875 1970 4931 viles
2001 4888 2065 4927 ac
2092 4881 2338 4928 terrenas
2372 4870 2535 4940 hujus
2582 4870 2768 4925 mundi
2798 4884 2889 4924 res
2918 4866 3219 4931 descendit,
3253 4867 3302 4922 is

1732 4976 1922 5024 contra
1952 4964 2504 5033 Domini|praiceptum
2530 4962 2640 5029 agit
2664 4962 2871 5023 ",cum
2910 4972 2974 5012 ex
3006 4956 3167 5012 domo
3205 4955 3303 5009 dc-

1733 5059 1969 5116 scendit.
2009 5064 2064 5111 et
2097 5062 2327 5110 conatur
2348 5050 2553 5121 aliquid
2591 5066 2657 5104 ex
2682 5049 2844 5104 domo
2887 5046 3125 5103 auferre.
3158 5046 3302 5101 Cave

1731 5154 1917 5222 itaque
1958 5164 2026 5204 ne
2056 5144 2267 5216 antiqui
2300 5143 2379 5197 tui
2429 5156 2556 5213 erga
2600 5140 2847 5195 carnales
2879 5145 3133 5209 parentes
3172 5136 3303 5191 affe-

1729 5253 1853 5299 ctus
1891 5240 2231 5297 recordatus.
2286 5241 2339 5290 et
2375 5233 2440 5287 ad
2475 5229 2660 5287 saeculi
2701 5229 2930 5298 hujusce
2962 5241 3123 5282 curas
3167 5241 3303 5280 cou-

1728 5349 1943 5394 versus.
1990 5346 2098 5385 non
2130 5338 2289 5398 aptus
2317 5324 2473 5395 juxta
2520 5320 2733 5377 Domini
2770 5333 2956 5375 vocem
3003 5316 3299 5372 iuvcniaris

1728 5429 1784 5484 in
1845 5439 2014 5497 regno
2077 5423 2362 5475 caelorum.
2416 5416 2561 5470 Cave
2610 5430 2679 5468 ne
2753 5409 3086 5481 superbiam.
3134 5423 3298 5479 quam

1728 5517 1887 5573 initio
1915 5529 2011 5586 per
2034 5507 2358 5570 humilitatis
2388 5506 2655 5559 fervorem
2685 5498 3045 5566 conculcasti,
3077 5511 3299 5553 rursum

138 5690 177 5721 ”
206 5688 396 5747 Jerem.
433 5703 638 5754 nvm,
678 5687 765 5743 l0.
840 5685 887 5717 “
924 5683 1069 5741 Psal.
1103 5696 1300 5746 cxvm,
1340 5681 1460 5738 120.
1538 5684 1581 5715 ³⁷
1624 5682 1751 5737 Luc.
1795 5693 1883 5741 ix.
1915 5670 1989 5735 62
2082 5670 2127 5702 ’⁸
2169 5667 2301 5721 Luc-
2334 5679 2460 5730 XVII,
2496 5662 2580 5718 51-

141 5820 240 5902 ςϐη
268 5821 516 5886 Cassiani.
566 5819 802 5877 Instituit.
839 5816 935 5873 lib.
970 5830 1044 5872 tv.
1072 5830 1121 5869 c.
1149 5812 1238 5881 54,
1271 5812 1361 5870 35.

1798 5807 1908 5879 (es)
1951 5792 2087 5860 ibid.
2121 5817 2171 5857 c.
2201 5799 2289 5856 36.
