4050 6396
576 407 686 471 863

1698 426 1758 483 S.
1797 424 2257 485 ATHANASIUS.
2296 459 2368 471 -
2401 429 2672 490 SPURIA.

3696 438 3786 494 864

577 528 929 597 postulasset,
975 541 1225 605 receptus
1269 543 1355 590 est
1403 537 1473 593 ab
1525 539 1979 628 archimandrita,
2040 561 2106 615 qu

2206 602 2209 609 ,
2234 547 2343 601 Καὶ
2367 549 2460 604 ἐπὶ
2485 550 2685 615 πολλὰς
2712 530 2923 623 ἡμέρας
2948 552 3280 624 παρακαλῶν
3308 555 3499 627 ἐδέχθη
3530 556 3682 628 παρὰ
3702 556 3783 610 τοῦ

577 618 682 686 ipsi
719 628 904 691 utpote
930 625 1045 678 seni
1077 633 1131 684 et
1158 625 1225 680 ad
1256 627 1390 683 nihil
1432 631 1578 684 aliud
1618 620 1775 701 utili,"
1796 649 1985 689 curam
2021 643 2135 691 tra-

576 705 713 760 didit
752 708 916 775 horti,
961 727 1176 784 unaque
1222 715 1315 769 alii
1361 715 1535 782 fratri,
1584 720 1674 774 cui
1722 721 1974 778 subditus
2008 739 2132 780 cum

574 807 721 853 esset
756 799 1118 858 desideratam
1161 805 1264 862 sibi
1297 808 1652 866 humilitatem
1683 821 1736 867 et
1768 815 2130 872 obedientiam

569 887 803 944 colebat.
858 890 1046 961 Neque
1097 895 1190 949 illo
1248 897 1365 951 solo
1418 906 1709 955 contentus
1777 903 2083 960 ministerio
2114 946 2129 972 ,

566 994 905 1051 quaecunque
931 999 1096 1053 opera
1133 986 1255 1042 aliis
1287 988 1421 1045 dura
1450 1000 1503 1046 et
1530 991 1764 1047 dillicilia
1789 994 1951 1067 314
1984 996 2130 1052 vide-

562 1066 779 1135 bantur,
832 1085 897 1125 ea
948 1072 1039 1127 ille
1088 1075 1342 1135 alacriter
1379 1079 1712 1136 absolvebat.
1763 1066 2015 1138 Cumita
2055 1087 2129 1140 la-

561 1168 736 1216 tenter
769 1163 1060 1219 triennium
1111 1170 1431 1239 peregisset,
1477 1186 1508 1226 a
1548 1174 1832 1245 discipulis
1873 1177 1989 1234 suis
2032 1194 2129 1248 per

557 1257 725 1306 totam
757 1253 1052 1327 Egyptum
1098 1263 1469 1333 perquisitus,
1501 1280 1531 1319 a
1571 1269 1804 1338 quodam
1836 1268 2003 1324 fratre
2035 1271 2125 1326 vix

555 1343 773 1400 demum
804 1350 1022 1419 agnitus
1054 1360 1161 1419 est,
1187 1355 1282 1425 qui
1315 1371 1381 1411 eo
1419 1357 1743 1427 advenerat,
1772 1360 1972 1431 quique
2006 1362 2124 1417 viso

555 1434 650 1490 illo
694 1445 749 1492 et
798 1440 979 1510 agnita
1031 1444 1214 1501 vultus
1264 1447 1384 1516 ejus
1440 1448 1634 1517 forma,
1685 1468 1808 1507 cum
1853 1453 2124 1509 dubitaret

553 1526 757 1594 adhuc,
815 1546 1005 1587 vocem
1064 1536 1185 1607 ejus
1232 1541 1420 1596 audire
1469 1552 1697 1599 conatus
1746 1552 1830 1599 est
1880 1565 1893 1601 :
1947 1563 2122 1618 neque

551 1618 697 1673 enim
741 1635 805 1675 ex
840 1623 958 1678 solo
1005 1629 1126 1682 visu
1160 1640 1342 1686 certus
1373 1640 1511 1707 erat,
1552 1635 1727 1690 virum
1770 1639 2123 1708 conSpicatus

554 1725 764 1777 senem,
807 1714 987 1787 ligone
1030 1725 1232 1774 terram
1286 1721 1603 1794 fodientem,
1651 1728 1834 1783 fimum
1876 1731 2118 1788 humeris

556 1810 882 1870 gestantem,
926 1818 985 1861 ut
1025 1809 1091 1863 ad
1126 1813 1334 1869 olerum
1368 1817 1606 1873 radicem
1632 1820 1947 1891 deponeret.
1978 1823 2114 1879 Cum

2236 640 2678 713 ἀρχιμανδρίτου,
2719 641 2779 707 δς
2820 643 3183 714 παραδίδωσιν
3243 647 3391 720 αὐτῷ
3427 650 3504 713 ὡς
3559 648 3782 720 γέροντι,

2239 731 2334 783 καὶ
2384 733 2466 796 είς
2516 733 2681 804 μηδὲν
2727 732 2854 788 ἄλλο
2906 736 3311 807 χρησιμεύοντι,
3358 746 3456 811 τὴν
3495 739 3591 793 τοῦ
3620 744 3783 812 κήπου

2234 822 2486 892 φροντίδα
2544 823 2637 876 καὶ
2669 824 2982 895 ἐπιμέλειαν
3002 863 3017 890 ,
3059 825 3196 896 μετὰ
3233 828 3325 883 καὶ
3352 828 3509 883 ἄλλου
3542 827 3782 897 ἀδελφοῦ,

2216 900 2382 979 ’ᾧτινι
2422 915 2856 987 ὑποτασσόμενος
2887 917 2984 989 τὴν
3027 920 3387 993 περιπόθητον
3426 920 3577 991 αὐτῷ
3602 919 3782 974 ταπεί-

2230 1020 2394 1059 νωσιν
2436 1005 2531 1059 καὶ
2575 1007 2818 1079 ὑπακοὴν
2872 1010 3125 1075 ἐξετέλει.
3173 1013 3247 1066 Οὐ
3297 1011 3468 1083 ταύτῃ
3519 1012 3575 1066 δέ
3636 1012 3782 1083 μόνον

2227 1096 2450 1166 ἠρκεῖτο
2471 1098 2535 1167 τῇ
2556 1096 2817 1170 διακονίᾳ,
2836 1099 2969 1155 ἀλλὰ
2993 1102 3088 1155 καὶ
3110 1103 3207 1155 ὅσα
3237 1102 3341 1156 τῶν
3361 1102 3537 1175 ἐργων
3558 1103 3781 1175 δυσχερῆ

2228 1185 2408 1252 ἄλλοις
2439 1188 2684 1253 ἐδόκουν,
2719 1190 2857 1245 αὐτὰ
2905 1192 3200 1265 προθύμως
3240 1195 3432 1252 ἐποίει.
3467 1195 3783 1261 Διατελέσας

2228 1278 2372 1333 οὕτω
2418 1281 2692 1335 λανθάνων
2733 1283 2920 1356 τριετῆ
2949 1286 3159 1356 χρόνον,
3197 1286 3304 1340 τῶν
3331 1286 3495 1341 αὐτοῦ
3535 1287 3782 1360 μαθητῶν

2225 1374 2622 1445 ἐπιζητούντων
2649 1377 2808 1431 αὑτὸν
2837 1379 2977 1434 κατὰ
3003 1383 3180 1435 πᾶσαν
3199 1381 3296 1453 τὴν
3315 1381 3612 1450 Αἴγυπτον,
3642 1382 3781 1454 μόλις

2223 1467 2467 1541 ἐγνώσθη
2504 1469 2610 1523 ὑπό
2639 1486 2781 1531 τινος
2810 1471 3059 1540 ἀδελφοῦ,
3088 1474 3235 1537 ὅστις
3264 1469 3330 1544 ἦν
3351 1473 3781 1545 παραγενόμενος

2224 1559 2401 1613 ἐκεῖσε
2421 1576 2434 1590 ο
2470 1560 2529 1624 ὃς
2555 1560 2907 1633 θεασάμενος,
2935 1565 3028 1617 καὶ
3060 1566 3313 1633 ἐπιγνοὺς
3344 1565 3437 1618 τὸν
3463 1565 3781 1638 χαρακτῆρα

2220 1649 2311 1704 τοῦ
2348 1651 2662 1722 προσώπου,
2714 1654 2808 1707 καὶ
2854 1655 2934 1708 ἔτι
2982 1655 3356 1726 ἀμφιϐάλλων,
3408 1656 3669 1727 ἐπειρᾶτο
3696 1655 3783 1709 καὶ

2220 1743 2399 1814 φωνῆς
2427 1743 2614 1798 τούτου
2657 1746 2872 1800 ἀκούειν
2893 1763 2907 1777 ·
2952 1747 3013 1800 ού
3049 1747 3157 1819 γὰρ
3188 1742 3301 1818 εἶχε
3343 1747 3403 1801 τὺ
3451 1748 3693 1817 ἀσφαλὲς
3724 1749 3782 1802 ἐκ

2223 1833 2389 1904 μόνης
2417 1835 2516 1905 τῆς
2551 1834 2744 1904 ὅψεως,
2777 1835 2994 1908 θεωρῶν
3024 1837 3116 1889 τὸν
3142 1837 3378 1890 τοιοῦτον
3415 1837 3585 1909 ἄνδρα
3624 1853 3782 1910 γεγηο

551 1892 723 1976 igitur
756 1900 907 1956 vocis
953 1917 1148 1959 sonum
1198 1907 1517 1974 observans,
1570 1912 1924 1983 deprehendit
1969 1919 2106 1987 quis-

2221 1892 2869 1998 ρακότα,’καὶ’δίκελλαν
2891 1892 3249 1999 ’κρατοῦντα,
3278 1928 3371 1981 καὶ
3425 1892 3532 1998 γῆν
3564 1892 3781 1999 ἐργαξό-

548 2002 675 2042 nam
708 1998 875 2058 esset,
905 2003 1211 2063 prostratus
1247 2009 1371 2055 ante
1399 2002 1564 2070 pedes
1599 2005 1739 2073 ejus,
1768 2022 1964 2077 magno
1990 2026 2112 2079 spe-

547 2090 783 2139 ctatores
814 2091 1037 2155 stupore
1067 2091 1349 2160 perculsit,
1389 2093 1538 2163 quod
1582 2095 1657 2149 ita
1685 2113 1812 2167 erga
1839 2099 2110 2156 hominem

545 2186 606 2226 se
633 2174 890 2240 gessisset
937 2178 1030 2248 qui
1065 2181 1208 2250 apud
1242 2196 1301 2236 se
1333 2184 1603 2249 novitius,
1636 2188 1828 2243 relicto
1861 2189 2003 2244 haud
2038 2193 2111 2246 ita

543 2263 751 2331 pridem
795 2267 1021 2334 mundo,
1066 2272 1289 2330 ultimus
1338 2275 1657 2332 habebatur.
1688 2277 1964 2351 Magisque
2011 2284 2109 2337 ob-

542 2362 831 2426 stupuere.
866 2375 991 2415 cum
1040 2362 1279 2420 didicere
1321 2382 1515 2422 nomen
1550 2386 1564 2435 ;
1612 2378 1730 2424 erat
1762 2371 1906 2425 enim
1951 2381 2111 2429 antea

542 2461 755 2517 magnae
797 2451 941 2520 apud
986 2468 1081 2508 eos
1121 2455 1281 2511 fama:
1323 2475 1336 2513 :
1392 2473 1456 2512 ac
1491 2460 1704 2514 veniam
1735 2464 2107 2532 postularunt,

542 2538 691 2607 quod
742 2556 867 2595 eum
910 2542 1105 2613 ignari,
1146 2560 1271 2601 cum
1314 2550 1608 2615 postremis
1654 2553 1875 2608 novitiis
1905 2555 2111 2609 consti-

542 2626 802 2682 tuissent.
884 2628 1149 2702 lllumque
1229 2637 1418 2691 multis
1494 2639 1696 2693 hortati
1762 2642 1983 2708 verbis,
2041 2646 2108 2699 ad

540 2717 850 2773 coenobium
918 2735 1077 2775 suum
1138 2723 1367 2779 invitum
1435 2729 1716 2795 remisere,
1797 2742 1957 2803 atque
2013 2735 2107 2791 de-

539 2804 843 2875 plorantem
884 2810 1029 2878 quod
1065 2824 1389 2867 concessum
1417 2813 1521 2868 sibi
1547 2830 1653 2869 non
1682 2825 1829 2872 esset
1853 2818 2106 2874 dilectam

536 2910 793 2952 exercere
850 2896 1212 2955 humilitatem
1254 2888 1325 2956 εί
1353 2902 1738 2959 obedientiam.
1794 2906 1907 2979 (64)
1950 2909 2104 2964 Brevi

534 2983 701 3056 igitur
731 2996 923 3041 exacto
968 2996 1213 3059 tempore
1259 2991 1315 3045 in
1357 2995 1688 3050 monasterio
1732 3011 1853 3063 suo,
1890 2998 2109 3055 humili-

533 3076 664 3132 tatis
733 3092 953 3134 rursum
1018 3087 1074 3135 et
1131 3081 1453 3140 obedientiae
1518 3087 1792 3146 desiderio
1859 3092 2057 3149 ardens
2086 3132 2102 3159 ,

534 3166 824 3224 observata
889 3169 1070 3227 noctis
1116 3171 1251 3226 hora
1302 3175 1551 3246 aufugit,
1600 3194 1708 3233 non
1760 3181 1989 3237 ulterius
2035 3184 2100 3238 ad

2220 2034 2399 2088 μενον,
2440 2017 2531 2071 καὶ
2574 2018 2779 2088 κόπρον
2806 2020 2918 2083 τοῖς
2961 2018 3180 2083 οἰκείοις
3224 2016 3394 2089 ὤμοις
3421 2019 3777 2089 βαστάζοντα,

2210 2109 2305 2163 καλ⁸
2334 2111 2453 2173 ταῖς
2484 2108 2662 2181 ῥίζαις
2686 2109 2792 2163 τῶν
2819 2109 3063 2181 λαχάνων
3091 2111 3467 2165 ἐπιϐάλλοντα.
3500 2109 3633 2166 ’Ὀτε
3675 2112 3780 2165 τοί-

2210 2216 2326 2265 νυν,
2350 2200 2441 2253 τδν
2478 2200 2579 2271 τῆς
2603 2201 2785 2271 φωνῆς
2828 2197 2959 2273 ἦχον
2997 2202 3272 2273 ἐπιμελῶς
3306 2202 3619 2273 ἐξιχνεύων,
3655 2204 3779 2273 ἡδυ-

2174 2324 2179 2329 ~
2210 2292 2343 2364 νήθη
2372 2292 2697 2347 καταλαϐεῖν
2736 2294 2883 2357 ὅστις
2920 2294 3056 2358 ἐστὶ,
3107 2295 3269 2364 ῥίψας
3307 2294 3500 2349 ἐαυτὸν
3535 2295 3642 2366 πρὸ
3679 2294 3780 2349 τῶν

2210 2382 2383 2435 ποδῶν
2403 2382 2588 2447 αὐτοῦ,
2611 2384 2869 2455 μεγίστην
2895 2383 3154 2455 ἔκπληξιν
3183 2388 3293 2449 τοῖς
3312 2384 3482 2457 όρῶσι
3506 2389 3776 2458 παρεῖχεν,

2208 2472 2290 2525 ὅτι
2337 2471 2478 2526 οὕτω
2526 2473 2824 2545 πεποίηκεν
2883 2473 3172 2546 ἀνθρώπῳ,
3209 2475 3270 2539 δς
3312 2478 3443 2548 παρ’
3501 2477 3778 2540 αὑτοῖςὼς

2209 2563 2491 2634 ἀρχάριος,
2523 2565 2616 2618 καὶ
2639 2565 2698 2617 οὒ
2729 2564 2834 2635 πρὸ
2860 2564 3050 2619 πολλοῦ
3079 2566 3170 2620 τὸν
3190 2566 3394 2636 κόσμον
3423 2566 3774 2636 καταλείψας.

2208 2652 2431 2723 ἔσχατος
2463 2655 2756 2726 ἐνομίζετο.
2777 2657 2964 2711 Ἔτιδέ
2998 2658 3227 2729 μάλιστα
3255 2657 3660 2731 ἐξεπλάγησαν,
3693 2661 3774 2713 ὅτε

2208 2742 2268 2798 τὸ
2300 2744 2469 2817 ὄνομα
2515 2745 2702 2800 τούτου
2734 2747 2955 2819 ἔμαθον,
2980 2748 3038 2813 ὃς
3080 2750 3186 2821 πρὸ
3219 2750 3409 2803 τούτου
3447 2751 3623 2821 μέγας
3657 2754 3775 2822 παρ’

2207 2836 2389 2900 αὐτοῖς
2420 2837 2674 2907 ἠκούετο·
2724 2840 2817 2893 καὶ
2852 2839 3180 2912 συγγνώμην
3222 2841 3405 2913 ⁴ᾔτουν,
3434 2844 3572 2896 διότι
3596 2842 3775 2897 τοῦτον

2207 2927 2572 2998 ἀγνοήσαντες
2622 2931 2760 3002 μετὰ
2806 2932 2914 2984 τῶν
2950 2931 3193 3002 ἐσχάτων
3241 2932 3520 3004 ἀρχαρίων
3564 2933 3773 3001 ἔταξαν.

2207 3016 2698 3088 Παρακαλέσαντες
2733 3019 2789 3074 δὲ
2817 3020 2981 3075 αὐτὸν
3020 3020 3209 3085 πολλὰ,
3244 3024 3325 3086 είς
3348 3022 3411 3076 τὸ
3446 3023 3578 3077 ἴδιον
3609 3023 3776 3078 κοινό-

2207 3108 2320 3163 6ιον
2347 3110 2653 3183 ἐξέπεμψαν
2689 3113 2888 3168 ἄκοντα
2925 3113 3021 3169 καὶ
3074 3114 3416 3187 ὀδυρόμενον,
3454 3115 3552 3170 ἅτε
3590 3115 3657 3187 δὴ
3704 3116 3773 3188 μὴ

2208 3202 2659 3274 συγχωρούμενον
2709 3205 2990 3259 ἐκτελέσαι
3034 3205 3133 3277 τὴν
3177 3206 3327 3278 αύτῷ
3376 3206 3540 3280 φίλην
3587 3206 3773 3262 ταπεί-

533 3258 873 3329 peregrinam
906 3262 1181 3333 regionem
1225 3281 1239 3318 :
1279 3281 1578 3325 conscensa
1609 3272 1809 3343 quippe
1852 3275 2101 3329 navicula

533 3347 601 3371 ...1
654 3357 835 3371 ...ι-ι--
901 3353 1045 3371 “even
1098 3352 1139 3371 ἢ
1178 3354 1191 3371 ι
1276 3356 1311 3371 ,α
1869 3364 1941 3371 ....
2082 3365 2096 3371 -

2206 3258 2367 3347 νωσῖν
2397 3258 2828 3368 καὶιὺποταγήν.
2876 3258 3119 3368 Ποιήσας
3145 3293 3237 3352 οὖν
3272 3258 3454 3368 δλίγον
3493 3258 3691 3371 χρόνον
3722 3303 3774 3353 ἐν

533 3347 604 3402 ad
653 3357 838 3420 partes
900 3353 1048 3408 venit
1098 3352 1418 3423 Palaestinae,
1472 3374 1700 3430 sperans
1754 3378 1813 3418 se
1868 3364 1979 3419 illic
2032 3365 2100 3420 ad

531 3438 698 3495 finem
740 3459 914 3514 usque
961 3446 1128 3503 latere
1158 3463 1339 3519 posse.
1376 3450 1435 3505 In
1466 3449 1810 3507 Palaestinam
1839 3469 1963 3510 cum
2005 3457 2099 3512 ad-

528 3532 769 3590 venisset
791 3538 1178 3593 monasterium
1209 3540 1381 3612 petiit,
1405 3542 1568 3597 situm
1596 3559 1762 3614 prope
1787 3546 2097 3615 speluncam

527 3620 587 3678 in
628 3639 734 3695 qua
758 3625 1011 3684 Christus
1048 3628 1306 3688 Dominus
1341 3630 1512 3687 'natus
1554 3644 1658 3699 est,
1694 3636 1747 3689 in
1775 3652 1884 3707 quo
1916 3655 2099 3696 mona-

526 3717 696 3772 sterio
745 3724 861 3772 tum
918 3730 1288 3778 commoratus
1341 3731 1444 3780 est.
1499 3725 1619 3782 Non
1684 3730 1860 3800 potuit
1914 3739 2097 3790 tamen

525 3809 599 3865 ibi
632 3809 994 3882 latere,juxta
1027 3812 1241 3870 Domini
1276 3831 1460 3873 vocem
1485 3819 1631 3874 illam
1666 3839 1680 3875 :
1721 3839 1740 3873 ι
1777 3820 1894 3878 Non
1919 3831 2097 3895 potest

524 3899 722 3957 civitas
772 3901 1037 3958 abscondi
1087 3919 1257 3975 supra
1304 3915 1543 3963 montem
1593 3910 1771 3980 posita
1801 3911 1866 3968 ".
1903 3931 1923 3965 ι
1957 3912 2092 3968 Cum

523 3992 672 4047 enim
717 4008 783 4049 ex
829 3993 1064 4066 Egypto
1113 3995 1316 4054 fratres
1350 4001 1629 4056 venissent
1653 4018 1753 4073 pro
1779 4003 2095 4061 adoratione

523 4099 811 4141 sacrorum
854 4088 1121 4156 locorum,
1165 4092 1406 4163 agnitum
1442 4095 1597 4151 illum
1640 4099 1935 4170 multisque
1959 4118 2093 4174 sup-

524 4172 914 4243 plicationibus
968 4191 1034 4232 ac
1088 4177 1303 4236 ﬂetibus
1371 4198 1713 4253 persuasum,
1774 4203 1968 4245 rursus
2024 4172 2091 4247 ad

522 4265 804 4334 proprium
823 4266 1515 4341 abduxeruntﬂcmnobium.
1536 4274 1646 4346 (65)
1661 4276 1795 4331 Cum
1813 4280 1915 4335 hoc
1932 4281 2093 4353 igitur

525 4366 719 4411 sancto
788 4357 845 4413 in
909 4358 1143 4434 Egypto
1211 4364 1427 4422 modico
1488 4374 1732 4439 tempore
1798 4370 2087 4441 habitavi;

523 4446 795 4522 ﬁnemque
847 4451 1040 4507 faciam
1090 4457 1361 4514 sermonis
1416 4462 1690 4518 narrando
1741 4477 1861 4533 qua:
1908 4464 2088 4520 audivi

521 4543 593 4598 ab
632 4544 726 4600 illo
767 4558 1145 4607 commonente
1184 4552 1443 4623 fratrem,
1480 4574 1640 4629 quem
1690 4577 1778 4617 me
1823 4572 2091 4633 prtesente

521 4634 766 4693 admisit.

2204 3385 2281 3457 τῷ
2329 3385 2493 3439 αὑτοῦ
2532 3388 2909 3460 μοναστηρίῳ,
2960 3387 3122 3442 πάλιν
3183 3389 3458 3461 πυρωθεὶς
3510 3389 3592 3461 τῷ
3633 3390 3774 3461 πόθῳ

2203 3478 2302 3549 τῆς
2332 3478 2713 3543 ταπεινώσεως
2751 3478 2845 3533 καὶ
2882 3478 3180 3550 ὑποταγῆς,
3207 3483 3551 3554 ἐπιτηρήσας
3589 3482 3774 3555 καιρὸν

2203 3570 2414 3636 νυκτὸς,
2435 3571 2633 3640 ἔφυγεν
2668 3572 2768 3626 οὐκ
2787 3571 2866 3625 ἐτι
2892 3570 3047 3645 ξένην
3067 3570 3248 3646 χώραν
3268 3589 3284 3605 ο
3314 3572 3557 3627 ἀνελθὼν
3575 3574 3683 3646 γὰρ
3700 3576 3775 3639 εις

2201 3661 2385 3715 πλοῖον
2412 3657 2573 3733 ἦλθεν
2594 3664 2674 3725 είς
2697 3661 2763 3715 τὰ
2783 3662 2922 3734 μέρη
2942 3662 3320 3735 Παλαιστίνης,
3340 3663 3577 3728 ἐλπίζων
3600 3664 3772 3718 ἐκεῖσε

2201 3754 2279 3815 είς
2304 3752 2455 3817 τέλος
2476 3752 2762 3808 διαλαθεῖν.
2794 3754 3240 3826 Παραγενόμενος
3268 3755 3446 3810 τοίνυν
3478 3759 3536 3810 ἐν
3571 3757 3772 3811 Παλαι-

2201 3843 2353 3918 στίνῃ
2379 3844 2634 3917 ὥρμησεν
2655 3847 2735 3911 είς
2755 3845 2816 3899 τὸ
2838 3848 3193 3918 μοναστήριον
3211 3846 3271 3900 τὸ
3287 3847 3514 3918 πλησίον
3530 3848 3626 3903 τοῦ
3647 3866 3773 3920 σπη-

2198 3935 2346 3991 λαίου
2365 3936 2492 3991 ἔνθα
2505 3939 2533 3990 ὁ
2547 3936 3058 4010 ΔεσπότηςΧριστ-δς
3072 3938 3280 4010 ἐτέχθη·
3298 3941 3358 3994 ἐν
3372 3933 3417 4008 ᾧ
3432 3942 3770 4014 μοναστηρίῳ

2198 4026 2355 4099 ἔτυχε
2384 4028 2446 4081 τὸ
2481 4028 2777 4097 τηνικαῦτα
2795 4028 3106 4102 διατρίϐων.
3135 4030 3243 4084 Kal.
3275 4033 3455 4085 ἐκεῖσε
3503 4033 3561 4087 δὲ
3599 4051 3771 4107 παρα-

2197 4117 2482 4189 γενόμενος
2500 4158 2515 4183 ,
2550 4118 2650 4172 οὐκ
2672 4118 2909 4192 ήδυνήθη
2944 4118 3127 4173 λαθεῖν
3156 4120 3298 4175 κατὰ
3332 4121 3430 4194 τὴν
3448 4122 3768 4194 δεσποτικήν

2199 4209 2403 4279 φωνὴν,
2428 4208 2525 4280 τὴν
2556 4209 2897 4278 φάσκουσαν·
2930 4230 2947 4264 ι
2970 4212 3045 4266 Οὐ
3078 4211 3301 4268 δύναται
3326 4213 3481 4279 πόλις
3499 4216 3763 4288 κρυϐῆναι

2198 4302 2383 4355 ἐπάνω
2408 4300 2565 4374 ὅρους
2595 4303 2843 4375 κειμένη.
2874 4322 2892 4356 ι
2940 4303 3217 4369 Ἐλθόντες
3255 4305 3365 4378 γὰρ
3408 4307 3631 4378 ἀδελφοὶ
3664 4309 3766 4362 ἀπὸ

2196 4392 2302 4446 τῶν
2334 4393 2515 4466 μερῶν
2543 4394 2642 4465 τῆς
2661 4395 2936 4464 Αἰγύπτου
2965 4399 3044 4460 είς
3066 4397 3433 4470 προσκύνησιν
3452 4400 3563 4453 τῶν
3597 4402 3763 4470 ἁγίων

2194 4481 2396 4546 τόπων,
2427 4483 2519 4537 καὶ
2549 4486 2862 4555 ἐπιγνόντες
2882 4486 3062 4551 αὐτὸν,
3095 4487 3254 4541 πάλιν
3276 4490 3568 4559 ἀπήγαγον
3599 4494 3679 4554 είς
3707 4490 3765 4543 τὸ

2197 4571 2327 4626 ἴδιον
2357 4573 2648 4643 κοινόϐιον,
2681 4577 2900 4641 πολλαῖς
2943 4577 3161 4648 δεήσεσι
3204 4578 3299 4632 καὶ
3333 4580 3592 4653 ὀδυρμοῖς
3648 4581 3762 4634 πείη

2123 4651 2166 4704 Π
2198 4677 2388 4727 σαντες
2411 4664 2591 4718 αὐτόν.
2609 4664 2794 4738 Τούτῳ
2820 4668 2997 4720 τοίνυν
3029 4666 3105 4739 τῷ
3130 4668 3271 4739 ἁγίῳ
3293 4669 3445 4740 ἀνδρὶ
3476 4669 3764 4741 συνῴκησα

518 4725 630 4795 ἐγὼ
679 4730 868 4801 χρόνον
900 4731 1076 4801 ὀλίγον
1131 4737 1188 4790 ἐν
1224 4739 1514 4813 Αίγύπτῳ’
1569 4744 1714 4818 ἅπερ
1758 4746 1816 4800 δὲ
1868 4747 2077 4819 ηκουσα
2121 4752 2283 4807 αὑτοῦ
2361 4725 2736 4823 νόυθετοῦντος
2766 4725 2877 4813 ’ἐνα
2942 4725 3190 4831 ἀδελφὸν,
3226 4725 3285 4815 δν
3331 4725 3608 4834 πάρουσίά
3664 4725 3761 4833 μου

515 4822 755 4891 ἐδέξατο,
785 4824 1186 4899 διηγησάμενος
1212 4832 1315 4905 πλη
1326 4834 1484 4906 ρώσω
1508 4836 1599 4890 τὸν
1624 4836 1802 4907 λόγον.

585 4938 673 4994 12.
708 4940 817 5015 (66)
850 4941 1022 5008 Nosti,
1042 4945 1235 5018 inquit,
1267 4939 1455 5018 frater,
1484 4962 1617 5023 quot
1642 4954 1835 5011 diebus
1861 4964 1986 5011 ante
2007 4957 2092 5027 ja-

516 5044 678 5085 nuam
693 5035 1005 5089 monasterii
1024 5039 1255 5106 peractis
1271 5040 1541 5098 admissus
1560 5045 1717 5101 hodie
1732 5045 1902 5103 fueris
1917 5067 1930 5101 :
1946 5048 2089 5117 quod

515 5120 561 5175 si
597 5110 821 5178 causam
857 5126 1111 5183 didiceris
1141 5129 1453 5199 hujusmodi
1479 5134 1811 5192 difficultatis
1836 5178 1851 5201 ,
1887 5110 2088 5207 poterit

517 5211 609 5266 illa
636 5213 733 5268 tibi
780 5214 837 5270 in
881 5217 1005 5285 hac,
1041 5235 1203 5289 quam
1247 5224 1386 5279 inire
1422 5227 1598 5296 cupis,
1637 5229 1748 5294 via,
1791 5231 2083 5307 utilitatem

513 5302 680 5371 ferre,
728 5315 892 5378 atque
945 5319 998 5366 te
1042 5311 1250 5369 fidelem
1309 5315 1402 5373 Dei
1457 5335 1673 5375 servum
1731 5320 1962 5378 cﬂicere.
2010 5302 2081 5378 Ut

514 5396 660 5449 enim
700 5396 928 5455 fideliter
974 5399 1203 5458 Domino
1230 5408 1595 5465 servientibus
1618 5411 1793 5481 gloria
1820 5420 1875 5467 et
1906 5413 2082 5470 honor

514 5482 572 5538 in
609 5485 854 5543 futurum
902 5494 1257 5564 promittitur,
1302 5498 1376 5554 ita
1419 5502 1745 5571 gravissima
1797 5504 2082 5561 imminent

587 5617 634 5656 υ
672 5618 951 5686 Malth..v,
991 5626 1072 5680 15.

729 5772 988 5850 gassian.
1019 5779 1263 5836 Institut.
1290 5782 1385 5840 lib.
1418 5797 1493 5850 IV,
1524 5799 1574 5839 ι.
1606 5783 1694 5839 51.

607 5843 698 5918 es)
729 5843 864 5902 Ibid.
896 5862 947 5904 c.
979 5849 1066 5906 se.

2269 4958 2355 5012 12.
2389 4958 2621 5026 Ἐγνως,
2643 4958 2827 5027 φησὶν,
2849 4957 3062 5027 ἀδελφέ,
3087 4958 3257 5022 πόσας
3279 4960 3496 5032 ἡμέρας
3525 4961 3633 5033 πρὸ
3658 4959 3758 5014 τῶν

2196 5049 2372 5120 θυρῶν
2400 5049 2496 5120 τῆς
2543 5051 2709 5120 μονῆς
2751 5049 3060 5114 διατελέσας
3095 5050 3332 5122 σήμερον
3370 5051 3631 5125 ἐδέχθης·
3668 5051 3759 5104 ἐὰν

2192 5141 2369 5196 τοίνυν
2404 5140 2580 5213 μάθῃς
2606 5143 2706 5212 τῆς
2742 5140 3057 5213 δυσχερείας
3094 5141 3193 5212 τὴν
3235 5143 3436 5209 αίτίαν,
3475 5144 3760 5217 δυνήσεταί

2194 5252 2275 5288 σοι
2301 5236 2359 5289 ἐν
2390 5237 2456 5305 τῇ
2479 5234 2582 5305 ὁδῷ
2609 5234 2802 5309 ταύτῃ,
2901 5233 3187 5305 ἐπιθυμεῖς
3230 5236 3511 5309 ἐπιϐῆναι,
3551 5237 3758 5311 συμϐα-

2181 5326 2387 5391 λέσθαι,
2410 5327 2505 5381 καὶ
2525 5325 2709 5381 δοῦλον
2734 5325 2970 5398 Χριστοῦ
2999 5344 3059 5381 σε
3087 5329 3507 5401 ἀπεργάσασθαι
3539 5330 3748 5385 πιστόν.

2192 5415 2279 5479 Ὦς
2307 5415 2416 5488 γὰρ
2440 5418 2551 5479 τοῖς
2595 5414 2801 5479 πιστῶς
2850 5416 3159 5472 δουλεύουσι
3189 5418 3267 5491 τῷ
3312 5421 3564 5494 Δεσπότῃ
3611 5419 3753 5487 δόξα.

2178 5506 2311 5579 τιμὴ
2360 5505 2495 5579 πρὸς
2526 5506 2587 5560 τὸ
2623 5505 2814 5577 μέλλον
2860 5509 3229 5581 ἐπήγγελται,
3281 5509 3458 5577 οὕτως
3498 5509 3755 5585 τιμωρίαι

2258 5793 2370 5868 (63)
2397 5792 2530 5872 Ibid.
2564 5812 2612 5854 c.
2638 5798 2729 5867 δε,
2764 5798 2852 5858 35.
