4050 6396
184 309 289 369 863

1351 305 1685 365 EPISTOLA
1717 304 1739 360 1
1775 304 1867 361 AD
1903 307 2292 367 CASTOREM.

3306 318 3413 375 866

184 429 481 504 βαρύταται
507 428 620 491 τοῖς
666 425 902 500 χλιαρῶς
927 428 1025 481 καὶ
1069 426 1325 501 ῥαθύμως
1374 425 1744 500 προσερχομέ-

1855 427 2112 498 supplicia
2149 428 2218 485 iis
2250 428 2344 501 qui
2376 429 2608 487 molliter
2645 430 2991 502 segniterque
3026 446 3147 487 eam
3201 430 3404 488 adeunt

183 540 292 589 νοις
316 522 493 594 ταύτῃ
513 524 579 593 τῇ
613 521 936 594 ἐπαγγελίᾳ.
966 520 1179 574 Βέλτιον
1208 520 1316 592 γάρ
1341 522 1455 574 ὲστι
1483 519 1624 583 κατά
1650 518 1750 590 τὴν

184 616 403 690 Γραφὴν
434 613 511 685 μὴ
539 612 817 678 εὔξασθαι,
847 612 881 684 ἢ
910 611 1186 678 εὔξασθαι,
1211 612 1303 666 καὶ
1333 611 1407 684 μὴ
1437 610 1747 665 ἀποδοῦναι.

184 706 292 762 Καὶ
334 705 498 759 πάλιν
543 704 793 775 εἴρηται·
841 721 861 754 ι
914 702 1340 775 Ἐπικατάρατος
1392 701 1421 753 6
1469 700 1635 754 ποιῶν
1689 700 1751 754 τὸ

185 800 341 872 ἔργον
364 797 463 852 τοῦ
488 796 694 867 Κυρίου
733 792 977 866 ἀμελῶς·
1016 814 1035 846 ι
1064 793 1251 847 τούτου
1281 793 1438 865 χάριν
1470 793 1748 863 ἀπεστρα-

186 888 395 961 φόμεθά
420 905 481 941 τε
528 886 622 940 καὶ
655 883 1058 955 ἀνεϐαλλόμεθα
1090 882 1185 937 τοῦ
1214 882 1490 947 δέξασθαι,
1528 882 1625 952 οὐχ
1670 882 1750 934 ὄτι

184 981 277 1053 τὴν
327 976 602 1050 σωτηρίαν
650 975 743 1030 σοῦ
803 976 897 1029 καὶ
951 973 1168 1027 πάντων
1221 973 1330 1025 τῶν
1382 977 1462 1035 εἰς
1516 970 1751 1041 Χριστὸν

185 1070 547 1125 πιστευόντων
579 1068 678 1121 οὐκ
722 1062 1113 1137 ἐπιθυμοῦμεν,
1149 1063 1267 1118 ἀλλ’
1296 1063 1383 1116 ἴνα
1413 1062 1509 1133 μὴ.
1545 1077 1752 1133 προπε-

184 1163 289 1227 τῶς
316 1162 412 1216 καὶ
453 1160 529 1223 ὡς
576 1159 764 1228 ἔτυχεν
810 1156 1222 1227 ὑποδεχόμενοι,
1254 1156 1418 1225 ἡμεῖς
1459 1152 1557 1223 μὲν
1603 1150 1753 1222 παρά

185 1252 300 1323 Θεῷ
331 1249 682 1321 κουφότητος,
703 1248 795 1302 καὶ
830 1247 1133 1318 εὐχόμενοι,
1155 1244 1311 1316 δίκην
1353 1244 1658 1314 ὁφέξωμεν,
1693 1243 1753 1296 σὲ

185 1345 238 1399 δὲ
260 1343 561 1398 ὑπεύθυνον
596 1340 898 1413 βαρυτέρας
920 1337 1188 1409 τιμωρίας
1214 1336 1669 1406 καταστήσωμεν,
1700 1335 1750 1387 sl

186 1435 318 1508 πρὸς
351 1432 412 1486 τδ
439 1432 616 1504 παρὸν
655 1429 923 1502 εὐχερῶς,
958 1427 1052 1482 καλ⁸
1091 1426 1165 1499 μὴ
1211 1426 1449 1498 μαθόντα
1494 1425 1556 1479 τὸ
1594 1425 1756 1497 βάρος

186 1524 279 1579 καὶ
328 1524 430 1595 τὴν
480 1520 766 1592 ἀκρίϐειαν
817 1518 910 1572 τοῦ
964 1517 1419 1587 ἐπαγγέλματος,
1472 1516 1568 1569 καὶ
1620 1515 1756 1586 μετά

187 1614 352 1669 ταῦτα
371 1611 588 1685 χαῦνος,
609 1612 702 1665 κα)⁸
728 1609 964 1683 ῥᾴθυμος
980 1608 1319 1679 ἀποδειχθῇς.
1348 1606 1447 1660 Διά
1473 1622 1557 1658 τοι
1576 1604 1753 1668 τοῦτο,

1851 518 2294 589 promissionem.
2318 519 2509 578 Melius
2528 521 2726 593 quippe
2739 530 2844 588 est,
2862 520 3018 592 juxta
3048 520 3410 594 Scripturam,

1850 618 2037 665 votum
2071 626 2180 667 non
2207 611 2406 679 facere,
2436 629 2597 686 quam
2629 612 2828 668 factum
2857 629 2967 669 non
2996 613 3240 670 reddere.
3266 612 3411 669 Rur-

1851 716 2077 773 sumque
2100 703 2343 759 dicitur:
2382 723 2401 758 ι
2448 704 2766 760 Maledictus
2800 706 2892 776 qui
2941 704 3069 759 facit
3113 720 3249 775 opus
3310 705 3415 761 Do-

1849 791 1983 847 mini
2011 794 2340 866 negligenter
2355 796 2401 829 "
2437 814 2495 851 ε»
2529 804 2815 867 eapropter
2840 806 2892 852 te
2913 797 3211 879 repulimus
3251 805 3415 867 atque

1856 884 2140 943 admittere
2188 887 2429 942 cunctati
2478 903 2689 951 sumus,
2741 903 2851 943 non
2906 888 3052 960 quod
3097 896 3244 944 tuam
3294 904 3415 943 om-

1850 975 2109 1045 niumque
2152 976 2368 1031 illorum
2406 977 2496 1047 qui
2537 978 2592 1032 in
2620 977 2895 1034 Christum
2920 978 3152 1033 credunt
3182 977 3413 1033 salutem

1849 1082 1960 1121 non
1978 1076 2335 1137 exoptemus;
2380 1069 2474 1125 sed
2504 1085 2573 1124 ne
2599 1077 2803 1126 temere
2839 1077 2892 1125 te
2926 1083 2991 1125 ac
3018 1069 3169 1125 nullo
3195 1069 3416 1141 negotio

1850 1156 2216 1220 admittentes,
2248 1171 2350 1211 nos
2397 1157 2610 1227 quidem
2638 1172 2668 1211 a
2698 1157 2827 1223 Deo,
2862 1157 2949 1214 vel
2989 1166 3245 1225 orantes,
3278 1159 3417 1215 leni-

1849 1246 1983 1301 tatis
2009 1247 2190 1302 nimiaa
2215 1262 2432 1317 poenam
2459 1247 2694 1312 luamus,
2727 1256 2781 1303 te
2803 1262 2934 1303 vero
2961 1263 3112 1304 reum
3147 1250 3417 1319 gravioris

1855 1336 2108 1407 supplicii
2154 1339 2574 1401 constituamus,
2603 1338 2649 1393 si
2680 1344 2733 1392 te
2754 1337 2869 1408 jam
2902 1337 3059 1393 facile
3094 1341 3416 1410 priusquam

1853 1427 2111 1482 didiceris
2172 1428 2489 1499 gravitatem
2562 1435 2617 1483 et
2675 1428 3073 1484 accurationem
3120 1430 3413 1500 promissi,

1855 1519 2231 1584 admittamus,
2254 1528 2311 1573 et
2325 1530 2381 1574 tu
2411 1526 2599 1590 postea
2635 1519 2815 1575 mollis
2842 1520 3129 1591 segnisque
3156 1523 3414 1579 evaseris.

1858 1610 2085 1674 Idcirco,
2119 1616 2180 1664 ut
2208 1624 2374 1680 supra
2405 1610 2613 1666 dictum
2653 1618 2759 1677 est,
2796 1625 3019 1667 causam
3062 1619 3168 1666 tuae
3198 1613 3420 1667 abdica-

186 1702 365 1767 καθὼς
395 1704 608 1773 εἴρηται
633 1740 649 1763 ,
682 1701 782 1771 τὴν
832 1697 1007 1753 αἰτίαν
1048 1698 1147 1768 τῆς
1190 1696 1470 1766 ἀποταγῆς
1521 1694 1755 1765 ὀφείλεις

1858 1700 2024 1754 tionis
2067 1700 2309 1755 ediscere
2339 1710 2392 1755 te
2434 1709 2664 1769 oportet,
2718 1699 2849 1771 quid
2893 1698 3103 1756 scilicet
3151 1699 3419 1772 agendum

188 1762 407 1864 γνῶναι,
441 1762 518 1845 τί.
549 1809 610 1845 σε
638 1762 721 1844 δεῖ
738 1762 943 1844 ποιεῖν.
992 1789 1058 1843 Ἥ
1091 1762 1341 1860 ἀποταγὴ
1377 1762 1577 1839 τοίνυν-
1600 1784 1753 1839 οὐδὲν

1858 1791 1954 1846 tibi
1986 1791 2077 1847 sit.
2096 1790 2381 1845 Abdicatio
2407 1762 2589 1861 itaque
2612 1762 2751 1845 nihil
2773 1796 2859 1846 est
2879 1790 3024 1845 aliud
3048 1762 3210 1871 quam
3239 1789 3421 1846 crucis

188 1885 310 1942 ἀλλο
336 1884 677 1953 καθέστηκεν
714 1883 762 1935 εί
792 1881 866 1953 μὴ
912 1878 1147 1953 σταυροῦ
1192 1878 1287 1933 καὶ
1327 1877 1557 1931 θανάτου
1587 1879 1759 1945 ἐπαγ-

189 1978 356 2048 γελία.
410 1975 656 2029 Γίνωσκε
703 1972 881 2027 τοίνυν
934 1971 1042 2027 ἀπὸ
1101 1970 1201 2042 τῆς
1260 1970 1495 2042 σήμερον
1542 1967 1757 2039 ἡμέρας

189 2066 505 2139 τεθνηκέναι
534 2082 614 2127 σε,
670 2064 764 2118 καὶ
795 2060 1155 2134 σταυροῦσθαι
1180 2059 1257 2132 τῷ
1286 2059 1494 2129 κόσμῳ,
1536 2058 1630 2112 καὶ
1663 2056 1755 2110 τὸν

190 2161 387 2231 κόσμον
408 2174 514 2220 σοι,
557 2155 697 2209 κατὰ
722 2154 813 2207 τὸν
858 2149 1175 2205 Ἀπόστολον
1195 2168 1207 2179 ·
1240 2150 1334 2203 καὶ
1374 2146 1755 2218 καταμάνθανε

190 2253 269 2316 τίς
298 2254 330 2322 ή
357 2249 588 2319 δύναμις
614 2246 713 2318 τῆς
737 2242 1095 2316 σταυρώσεως
1115 2257 1128 2271 ⁸
1157 2240 1345 2311 ἐπειδὴ
1362 2239 1545 2293 οὐκέτι
1572 2237 1756 2291 λοιπὸν

192 2344 254 2396 σὺ
289 2342 407 2412 ζῇς,
445 2338 561 2392 ἀλλ’
594 2339 799 2397 ἐκεῖνος
850 2337 908 2388 ὲν
937 2334 1019 2387 σοὶ
1049 2332 1115 2404 ζῇ
1148 2333 1177 2386 6
1204 2330 1346 2402 ὑπὲρ
1379 2329 1472 2383 σοῦ
1516 2345 1757 2401 σταυρω-

191 2433 317 2498 θείς.
358 2430 548 2502 Τούτῳ
581 2426 760 2482 τοίνυν
798 2423 877 2496 τῷ
908 2423 1065 2495 τύπῳ
1115 2423 1208 2477 καὶ
1249 2421 1327 2493 τῷ
1354 2422 1612 2493 σχήματι.
1658 2412 1701 2487 ᾧ
1726 2417 1756 2471 6

191 2525 463 2594 Δεσπότης
523 2521 662 2592 ὑπὲρ
711 2517 865 2589 ήμῶν
917 2514 1228 2587 ἐκρεμάσθη
1257 2556 1272 2581 ,
1320 2514 1411 2567 καὶ
1470 2514 1616 2583 ἡμᾶς
1662 2513 1758 2564 ὲπ-

192 2615 423 2685 άναγκές
455 2615 602 2666 ἐστιν
629 2612 686 2663 ἐν
706 2608 785 2681 τῷ
813 2607 1062 2678 κοινοΰίῳ
1088 2606 1313 2675 διάγειν,
1331 2604 1512 2668 καθὼς
1539 2601 1755 2673 εὔχεται

190 2708 282 2763 καὶ
310 2709 339 2760 6
375 2706 644 2777 μακάριος
669 2700 832 2755 Δασὶδ
860 2701 925 2753 ὲκ
960 2697 1053 2752 τοῦ
1090 2697 1254 2769 φόϐου
1285 2695 1379 2750 τοῦ
1417 2693 1549 2748 Θεοῦ
1582 2710 1758 2766 παρα-

189 2797 369 2853 καλῶν
395 2793 777 2866 καθηλωθῆναι
809 2790 908 2855 τάς
938 2791 1147 2862 σάρκας
1174 2786 1361 2842 αὐτοῦ.
1390 2787 1479 2849 Ὠς
1504 2786 1611 2857 γὰρ
1641 2788 1670 2839 6
1696 2784 1757 2838 τὸ

190 2890 349 2962 σῶμα
391 2883 812 2959 προσηλωμένον
859 2880 998 2952 ἔχων
1042 2878 1120 2951 τῷ
1155 2879 1294 2950 ξύλῳ
1340 2876 1595 2948 ἀκίνητός
1639 2876 1753 2927 ἐστι

187 2983 325 3056 πρὸς
348 2981 530 3034 πᾶσαν
571 2975 850 3046 ἐνέργειαν
898 2972 1016 3027 οταν
1053 2970 1216 3034 θέλει,
1248 2966 1421 3030 οὕτως
1448 2968 1476 3020 ὁ
1506 2965 1584 3035 τῷ
1628 2964 1755 3034 θείῳ

188 3076 337 3147 φόϐῳ
368 3068 752 3144 καθηλωμένον
781 3066 870 3120 τὸν
901 3062 1180 3134 λογισμὸν,
1224 3060 1481 3131 ἀκίνητος
1521 3056 1754 3128 ὑπάρχει

188 3170 326 3242 πρὸς
370 3168 480 3221 πᾶν
523 3162 734 3234 θέλημα
778 3156 1058 3230 σαρκικόν.
1102 3154 1212 3209 Καὶ
1249 3152 1436 3242 ὥσπερ
1468 3152 1496 3202 6
1540 3147 1755 3242 σταυρῶ

185 3236 609 3332 προσηλωμένος
649 3251 748 3304 οὐκ
779 3248 859 3302 ἔτι
908 3246 976 3301 τά
1010 3243 1252 3315 παρόντα
1296 3239 1602 3309 λογίζεται,
1634 3236 1754 3332 οὐδὲ

184 3325 297 3416 τοῖς
344 3325 498 3411 ίδίοις
554 3343 824 3414 θελήμασι
874 3334 1303 3397 συνδιατίθεται,
1337 3331 1436 3383 οὐκ
1492 3325 1756 3397 ἐπιθυμίᾳ

183 3449 533 3524 ταράττεται,
568 3442 630 3495 οὐ
666 3437 906 3511 φροντίδι
953 3432 1047 3487 τοῦ
1079 3429 1310 3489 κτᾶσθαι
1358 3421 1752 3484 κατατείνεται,

182 3514 284 3617 οὐχ
311 3535 667 3612 ὑπερηφανία
697 3529 1002 3603 φυσιοῦται,
1029 3526 1091 3579 οὐ
1131 3519 1449 3593 φιλονεικίᾳ,
1580 3514 1756 3617 φθόνῳ

183 3604 501 3703 ἐξάπτεται,
531 3630 591 3684 οὐ
623 3626 752 3698 περὶ
782 3623 890 3677 τῶν
917 3616 1208 3691 παρουσῶν
1228 3611 1461 3683 ἀτιμιῶν
1493 3607 1666 3676 ἀλγεῖ,
1692 3604 1754 3657 οὐ

179 3695 278 3792 τάς
334 3695 715 3797 παρελθούσας
770 3716 957 3788 ὕϐρεις
1004 3707 1503 3797 ἀναμιμνήσκεται·
1565 3695 1755 3797 μικρὸν

178 3785 289 3891 γὰρ
318 3785 552 3887 ὕστερον
581 3813 681 3883 τὴν
730 3810 796 3862 ὲκ
839 3785 933 3859 τοῦ
970 3802 1084 3874 βίου
1132 3797 1308 3866 ἔξοδον
1346 3792 1624 3891 ἐκδέχεται
1668 3785 1758 3891 διά

175 3879 272 3966 τοῦ
323 3879 586 3980 σταυροῦ⁸
638 3879 818 3964 οὕτως
850 3898 879 3951 6
932 3891 1343 3962 ἀποταξάμενος
1394 3883 1628 3955 γνησίως
1678 3879 1758 3950 τῷ

178 4006 399 4076 κόσμῳ,
436 3974 533 4053 καὶ
560 3996 638 4067 τῷ
666 3993 795 4063 θείῳ
828 3989 975 4061 φόὸῳ
1002 3988 1077 4050 ὡς
1109 3987 1164 4039 ὲν
1194 3978 1408 4052 σταυρῷ
1435 3974 1758 4076 καθηλωμέ-

175 4066 297 4162 νος,
343 4066 450 4166 τὴν
486 4093 552 4144 ὲκ
596 4066 692 4142 τοῦ
738 4084 852 4155 βίου
899 4080 1090 4135 τούτου
1134 4074 1309 4140 ἔξοδον
1357 4069 1478 4124 καθ’
1525 4066 1757 4166 ἑκάστην

173 4158 658 4260 προσδεχόμενος,
704 4175 995 4245 ἀκινήτους
1045 4169 1140 4224 καὶ
1197 4163 1587 4260 ἀνενεργήτοῌυς
1647 4158 1756 4229 ἔχει

174 4253 360 4344 πάσας
388 4253 490 4340 τὰς
515 4270 810 4342 ἐπιθυμίας
839 4263 1051 4327 καὶτὰς
1090 4257 1357 4332 σαρκικάς
1385 4253 1666 4315 διαθέσεις.

244 4374 333 4429 15.
370 4367 650 4423 Φυλάττου
678 4356 966 4430 τοιγαροῦν
1000 4354 1208 4426 μήποτε
1235 4348 1437 4403 τούτων
1471 4344 1756 4399 ἀναλαϐεῖν

169 4461 555 4536 ἐπιθυμήσῃς,
590 4449 666 4510 ὧν
696 4448 1133 4518 ἀποτασσόμενος
1165 4438 1570 4536 ἀποϐέϐληκαςἶ
1603 4434 1761 4536 Κατά
1792 4438 1835 4493 Ι)

167 4559 278 4628 γὰρ
472 4525 760 4618 ’ἀπόφασιν
814 4540 908 4595 τοῦ
953 4536 1241 4598 Δεσπότου,
1278 4552 1297 4584 ι
1335 4532 1392 4628 'D
1450 4527 1621 4599 βαλὼν
1666 4525 1762 4628 τήν

169 4618 330 4722 χείρα
364 4618 456 4701 ἐπ’
490 4643 739 4714 ἄροτρον,
771 4634 866 4688 καὶ
912 4628 1171 4701 στραφεὶς
1212 4627 1290 4687 είς
1327 4621 1397 4675 τά
1441 4621 1635 4722 ὀπίσω,
1662 4618 1762 4722 οὐκ

166 4708 398 4803 ἓῦθέτός
425 4739 577 4790 ἐστιν
609 4708 691 4793 εἰς
723 4728 821 4798 τὴν
857 4720 1128 4796 βασιλείαν
1154 4717 1260 4771 τῶν
1299 4712 1542 4785 οὐρανῶν
1567 4727 1582 4740 ’
1623 4730 1640 4762 ι
1668 4708 1763 4763 καὶ

163 4834 194 4889 6
227 4833 373 4906 πρὸς
399 4828 475 4883 τά
507 4820 743 4879 ταπεινά
767 4835 828 4873 τε
868 4816 963 4871 καὶ
1001 4814 1162 4885 γήϊνα
1187 4807 1279 4862 τοῦ
1327 4806 1528 4876 κόσμου
1570 4800 1756 4854 τούτου

161 4892 489 5001 πράγματα
542 4916 654 4972 ἀπὸ
697 4913 797 4984 τῆς
846 4907 1054 4979 ὑψηλῆς
1097 4899 1370 4962 πολιτείας
1417 4892 1757 5001 καταξαίνων

360 5011 505 5085 παρ’
533 5005 756 5077 ἐντολὴν
782 5001 875 5056 τοῦ
900 4994 1136 5071 Χριστοῦ
1170 4994 1417 5066 πράττει,
1455 4986 1548 5041 τοῦ
1571 4984 1757 5055 δώμα-

158 5131 253 5178 τος
285 5080 674 5167 καταδαίνων,
706 5097 801 5152 καὶ
829 5091 960 5167 ἀραί
996 5109 1051 5145 τι
1085 5087 1193 5143 τῶν
1220 5086 1314 5140 τοῦ
1353 5083 1503 5136 οἴκου
1554 5080 1759 5148 ἐπιχει-

164 5174 295 5278 ρῶν.
332 5198 623 5255 Φυλάττου
652 5190 833 5245 τοίνυν
877 5186 971 5257 μὴ,
1015 5184 1112 5254 τῆς
1141 5180 1248 5278 τῶν
1283 5174 1630 5278 κατά-σάρκα
1667 5186 1759 5278 γρ-

158 5261 298 5353 Ῑδέων
332 5289 585 5365 ἀρχαίας
625 5280 915 5341 διαθέσεως
945 5272 1328 5345 ἀναμνησθεὶς,
1362 5268 1457 5365 καὶ
1660 5261 1757 5326 τάς

159 5355 466 5465 φροντίδας
492 5378 590 5435 τοῦ
628 5373 822 5436 αἰῶνος
846 5368 1037 5422 τούτου
1070 5355 1759 5465 ἐπιστραφεὶς,.ἀχεύθετος

155 5446 403 5555 ἑθρεθῇς
430 5446 583 5529 κατά
609 5468 709 5541 τὴν
750 5465 844 5519 τοῦ
873 5460 1079 5536 Κυρίου
1108 5455 1288 5529 φωνὴν
1326 5455 1383 5507 ὲν
1421 5452 1486 5521 τῇ
1514 5446 1758 5521 βασιλεία

1854 1889 1908 1935 et
1938 1880 2130 1935 mortis
2173 1880 2485 1951 promissio.
2508 1879 2656 1935 Scito
2677 1894 2807 1950 ergo
2836 1880 2905 1934 ab
2933 1882 3035 1935 hac
3076 1890 3128 1937 te
3156 1881 3246 1937 die
3274 1896 3424 1937 mor-

1852 1976 2008 2024 tuum
2038 1969 2469 2040 cruciﬁxumque
2498 1985 2620 2027 esse
2643 1970 2868 2035 mundo,
2896 1972 3269 2043 mundumque
3297 1971 3418 2039 tibi,

1849 2060 2006 2132 juxta
2029 2060 2349 2130 Apostolum
2381 2080 2394 2116 :
2429 2070 2484 2118 et
2510 2062 2692 2118 edisce
2719 2078 2965 2133 quaenam
2997 2064 3068 2117 sit
3092 2064 3275 2119 crucis
3305 2065 3422 2119 vir-

1855 2164 1943 2208 tus
1980 2168 1993 2204 :
2025 2152 2468 2224 quandoquidem
2510 2169 2618 2210 non
2662 2155 2890 2209 ulterius
2936 2162 2992 2208 tu
3021 2155 3178 2220 vivis,
3205 2155 3301 2211 sed
3330 2155 3422 2212 ille

1854 2244 1909 2298 in
1955 2254 2008 2299 te
2054 2243 2186 2299 vivit
2238 2246 2331 2314 qui
2380 2259 2481 2315 pro
2519 2252 2574 2300 te
2607 2246 2903 2301 cruciﬁxus
2936 2253 3038 2302 est.
3075 2245 3191 2300 Hoc
3236 2246 3423 2317 itaque

1853 2345 1981 2409 typo
2014 2352 2123 2407 quo
2152 2334 2412 2392 Dominus
2448 2353 2547 2407 pro
2576 2338 2736 2393 nobis
2762 2353 3065 2409 suspensus
3101 2346 3205 2401 est,
3241 2346 3291 2394 et
3317 2354 3423 2395 nos

1853 2444 2078 2484 necesse
2131 2435 2215 2484 est
2261 2428 2316 2482 in
2370 2430 2624 2484 coenobio
2682 2445 2878 2500 agerc,
2930 2441 2989 2485 ut
3041 2436 3162 2484 orat
3226 2429 3423 2486 beatus

1853 2518 2042 2581 David,
2083 2534 2206 2573 cum
2240 2518 2435 2573 timore
2475 2518 2689 2574 Domini
2731 2519 2971 2590 postulat
3003 2519 3199 2590 conﬁgi
3225 2535 3422 2576 carnes

1854 2625 1980 2665 suas
2007 2610 2074 2664 ".
2098 2608 2562 2676 Quemadmodum
2587 2610 2729 2665 enim
2770 2610 2864 2681 qui
2902 2625 3102 2681 corpus
3143 2611 3290 2683 ligno
3334 2610 3420 2665 af-

1854 2701 2018 2755 ﬁxum
2053 2700 2232 2762 habet,
2260 2699 2326 2753 ad
2358 2700 2654 2770 quamlibet
2678 2701 2950 2769 actionem
3000 2700 3258 2756 immotus
3295 2711 3418 2769 est;

1854 2792 2014 2865 315
2045 2794 2125 2849 Sic
2157 2793 2249 2864 qui
2277 2792 2462 2848 divino
2498 2792 2695 2847 timore
2723 2794 2993 2847 conﬁxam
3028 2791 3189 2847 habet
3218 2793 3423 2862 cogita-

1854 2886 2076 2949 tionem,
2108 2883 2365 2939 immotus
2406 2892 2490 2938 est
2548 2885 2615 2937 ad
2653 2897 2872 2937 omnem
2907 2882 3179 2937 carnalem
3212 2896 3422 2937 concu-

1853 2976 2190 3046 piscentiam.
2243 2974 2309 3029 Et
2355 2975 2496 3031 sicut
2546 2974 2639 3045 qui
2690 2976 2838 3028 cruci
2893 2982 2978 3029 est
3030 2972 3240 3039 afﬁxus,
3300 2988 3424 3045 quae

1780 3099 1824 3157 ε
1859 3066 2142 3135 praesentia
2193 3073 2320 3122 sunt
2364 3082 2473 3120 non
2518 3066 2659 3119 ultra
2707 3065 2943 3135 cogitat;
2978 3079 3155 3134 neque
3200 3065 3422 3135 propria

1860 3160 2137 3212 voluntate
2189 3155 2461 3227 dirigitur.
2511 3171 2620 3210 non
2664 3154 3110 3224 cuncupisceutia
3144 3155 3420 3220 turbatur,

1859 3265 1966 3304 non
2009 3264 2138 3304 cura
2172 3247 2485 3319 possidendi
2517 3245 2808 3310 detinetur,
2840 3260 2948 3300 non
2982 3245 3237 3316 superbia
3266 3242 3425 3300 infla-

1858 3350 1969 3405 tur,
2000 3355 2108 3395 non
2156 3339 2520 3402 contentione,
2570 3352 2678 3392 non
2728 3336 2928 3391 invidia
2955 3336 3282 3400 exardescit,
3311 3350 3423 3394 non

1859 3434 2003 3488 dolet
2045 3431 2113 3485 de
2164 3431 2417 3500 praesenti
2472 3428 2822 3494 contumelia,
2866 3441 2976 3481 non
3020 3429 3421 3497 prmteritarum

1858 3524 2104 3580 meminit
2152 3522 2472 3591 injuriarum
2519 3534 2534 3571 :
2576 3533 2700 3572 nam
2744 3526 2866 3588 post
2908 3519 3127 3587 paulum
3159 3518 3421 3587 temporis

1860 3615 2020 3669 finem
2075 3616 2356 3682 exspectat
2409 3609 2532 3663 vitm
2584 3621 2697 3663 sua:
2739 3622 2837 3677 per
2881 3620 3102 3660 crucem
3160 3605 3416 3670 scilicet;

1859 3707 1941 3763 sic
1997 3704 2090 3775 qui
2150 3704 2363 3757 sincere
2436 3699 2638 3754 mundo
2706 3696 3126 3759 abrenuntiavit,
3198 3704 3253 3751 et
3319 3694 3419 3748 Dei

1861 3800 2054 3852 timore
2090 3794 2248 3865 quasi
2285 3793 2339 3846 in
2373 3806 2537 3847 cruce
2572 3789 2818 3845 conﬁxus
2878 3794 2994 3853 est,
3035 3786 3264 3856 hujusce
3295 3787 3421 3840 vitae

1859 3891 2064 3945 exitum
2092 3885 2334 3959 quotidie
2378 3893 2721 3954 exspectans,
2762 3881 3013 3935 immotas
3040 3888 3095 3932 et
3124 3876 3423 3932 imbecillas

1864 3982 2025 4036 habet
2076 3994 2267 4035 omnes
2312 3974 2786 4046 concupiscentias
2826 3985 3123 4041 omnesque
3175 3969 3425 4024 carnales

1860 4072 2103 4128 affectus.

1932 4342 2019 4396 15.
2060 4338 2173 4413 (68)
2196 4338 2339 4392 Cave
2370 4335 2534 4407 igitur
2562 4346 2629 4387 ne
2658 4329 2876 4401 quando
2904 4342 2968 4383 ea
2995 4338 3273 4382 resumere
3292 4336 3429 4413 con-

1864 4434 2118 4504 cupiscas
2147 4444 2267 4500 quae
2292 4428 2346 4483 in
2377 4422 2842 4480 abrenuntiatione
2876 4429 2966 4475 tu;
2991 4416 3267 4474 dimisisti.
3290 4412 3424 4467 Nam

1862 4502 2019 4597 junta
2058 4520 2272 4577 Domini
2310 4517 2671 4574 sententiam:
2706 4531 2724 4564 ι
2757 4511 2859 4578 Qui
2899 4509 3073 4579 injicit
3107 4520 3322 4561 manum
3359 4502 3428 4557 ad

1866 4627 2107 4673 aratrum
2149 4623 2202 4669 et
2247 4620 2393 4667 retro
2418 4607 2777 4669 convertitur,
2815 4619 2922 4658 non
2946 4611 3029 4657 est
3062 4611 3218 4670 aptus
3243 4598 3310 4651 ad
3349 4612 3429 4650 re-

1864 4724 2028 4781 gnum
2058 4706 2322 4761 cwlorum
2348 4702 2414 4764 ",
2448 4717 2466 4751 ι
2492 4705 2544 4753 et
2570 4696 2659 4766 qui
2686 4710 2752 4750 ex
2780 4691 3001 4748 sublimi
3031 4690 3154 4744 vita:
3181 4686 3430 4742 instituto

1871 4772 1936 4854 ad
1966 4797 2100 4853 viles
2131 4809 2194 4847 ac
2221 4800 2467 4847 terrenas
2501 4785 2664 4855 hujus
2710 4780 2897 4837 mundi
2927 4794 3018 4833 res
3047 4774 3347 4836 descendit,
3381 4772 3430 4827 is

1862 4898 2053 4947 contra
2083 4883 2634 4951 Dominilpraeceptum
2660 4875 2770 4942 agit
2794 4872 3001 4934 ",cum
3040 4881 3104 4920 ex
3136 4864 3311 4951 domo
3334 4860 3432 4913 dc-

1865 4980 2101 5039 scendit.
2141 4982 2196 5029 et
2229 4950 2458 5028 conatur
2480 4962 2685 5035 aliquid
2722 4977 2788 5016 ex
2813 4959 2975 5014 domo
3019 4953 3255 5010 auferre.
3288 4950 3432 5006 Cave

1865 5076 2049 5143 itaque
2091 5082 2159 5123 ne
2190 5061 2398 5132 antiqui
2431 5058 2511 5112 tui
2561 5069 2688 5126 erga
2732 5049 2979 5107 carnales
3012 5052 3264 5117 parentes
3304 5040 3434 5094 aﬁ‘e-

1863 5139 1987 5221 ctus
2025 5158 2367 5216 recordatus.
2420 5156 2474 5205 et
2510 5147 2575 5202 ad
2609 5141 2795 5200 saeculi
2835 5139 3065 5207 hujusce
3097 5146 3258 5187 curas
3301 5144 3437 5221 con-

1864 5271 2081 5315 versus,
2128 5265 2235 5307 non
2267 5255 2425 5316 aptus
2454 5239 2610 5310 juxta
2658 5231 2870 5289 Domini
2906 5239 3094 5284 vocem
3139 5218 3437 5275 invcniaris

1866 5352 1922 5407 in
1983 5361 2152 5417 regno
2216 5315 2501 5394 malorum.
2554 5331 2698 5384 Cave
2747 5339 2817 5379 ne
2891 5315 3226 5417 superbiam,
3274 5324 3438 5381 quam

1867 5402 2026 5496 initio
2046 5402 2151 5507 per
2174 5422 2499 5490 humilitatis
2530 5421 2795 5474 fervorem
2825 5402 3187 5470 conculcasti,
3218 5412 3441 5455 rursum

227 5640 276 5675 ”
313 5635 536 5693 Jerem.
575 5638 781 5689 XLVIII,
820 5622 905 5677 io.
979 5616 1026 5650 "
1064 5614 1210 5670 Psal.
1243 5624 1441 5673 cxvnt,
1479 5607 1600 5664 120.
1678 5608 1721 5639 ’⁷
1762 5606 1892 5660 Luc.
1937 5616 2025 5662 ιι.
2057 5591 2132 5655 62
2224 5587 2270 5620 ”
2313 5585 2444 5638 Luc.
2476 5592 2603 5642 xvn,
2639 5573 2723 5629 5l.

231 5770 353 5857 ςϐη
389 5761 662 5823 Cassian.
710 5753 942 5809 Instituit.
978 5746 1078 5805 lib.
1113 5759 1188 5800 tv.
1214 5759 1264 5798 c.
1291 5739 1381 5807 ⁸54,
1413 5738 1502 5794 35.

1940 5729 2051 5798 (es)
2096 5712 2232 5780 tum.
2267 5734 2317 5773 c.
2348 5714 2434 5772 36.
