4050 6396
613 321 715 382 867

1729 316 1788 372 S.
1829 309 2294 369 ATHANASIUS.
2331 340 2401 352 —
2441 308 2713 366 SPURIA.

3726 300 3815 358 868

619 439 676 496 in
711 449 766 495 te
789 439 1014 496 excites.
1043 437 1146 494 Ubi
1167 435 1491 493 Psalterium
1519 431 1796 497 didiceris,
1839 439 1932 488 aut
1961 429 2166 501 aliquid

2290 427 2372 480 τῶν
2410 425 2672 500 οὐρανῶν.
2715 422 2982 478 Φυλάττου
3025 421 3232 493 μήποτε
3275 417 3374 490 τὴν
3430 414 3816 486 ὑπερηφανίαν,

617 546 688 587 ex
729 529 1050 601 Scriptura:
1084 529 1168 584 vel
1208 528 1367 598 juxta
1394 524 1641 596 Apostoli
1689 537 1901 587 vocem,
1935 537 2062 577 cum
2103 537 2168 578 ea

617 635 742 691 qua
771 619 1088 676 destruxisti
1123 631 1343 672 rursum
1370 615 1628 682 aedificas,
1672 629 1741 669 ne
1785 623 1838 669 te
1865 620 2171 684 transgres-

620 725 798 767 sorem
851 710 1142 773 exhibeas;
1175 707 1270 764 sed
1316 707 1497 778 potius
1540 714 1600 761 ut
1647 705 1919 774 incapisti
1953 713 2006 760 et
2043 719 2172 774 pro-

618 801 798 857 fessus
841 816 902 856 es
935 801 1317 864 humilitatem.
1350 814 1534 856 coram
1567 798 1674 853 Deo
1718 806 1774 852 et
1819 797 2024 866 angelis
2052 796 2172 865 ejus

618 893 686 949 ad
722 893 883 948 ﬁnem
912 908 1087 962 usque
1120 902 1351 948 servato.
1408 889 1670 944 Similiter
1701 902 1861 958 quam
1907 887 2174 942 humilita-

621 989 729 1036 tem
777 982 832 1038 in
870 983 1201 1038 monasterio
1234 981 1551 1044 exhibuisti,
1589 995 1714 1036 cum
1761 979 1946 1034 multis
1981 978 2174 1034 diebus

618 1087 720 1143 pro
771 1073 982 1130 foribus
1024 1073 1343 1130 monasterii
1394 1088 1517 1127 cum
1560 1071 1818 1144 lacrymis
1860 1071 2176 1142 supplicans

618 1165 1002 1235 perseverasti,
1048 1179 1182 1220 cura
1223 1173 1282 1219 ut
1315 1179 1534 1234 augeas.
1581 1163 1775 1219 Misera
1821 1178 2048 1234 prorsus
2089 1178 2176 1218 res

619 1262 786 1318 esset,
839 1255 888 1310 si
931 1271 1056 1310 cum
1084 1262 1138 1310 te
1169 1256 1358 1310 deceat
1390 1254 1632 1326 quotidie
1663 1255 1730 1308 ad
1781 1253 2049 1309 fervorem
2081 1253 2179 1308 ad-

619 1345 748 1402 dere
787 1353 962 1414 tuum,
1015 1355 1070 1402 et
1101 1346 1350 1416 profectu
1397 1345 1618 1400 assiduo
1673 1345 1742 1399 ad
1789 1344 2176 1416 perfectionem

623 1435 950 1504 ascendere;
983 1451 1106 1491 eum
1155 1437 1445 1490 imminuas
1493 1443 1547 1490 et
1585 1435 1655 1490 ad
1693 1435 1952 1490 inferiora
1995 1449 2180 1490 rever-

622 1533 761 1582 tare.
797 1526 914 1582 Non
955 1529 1100 1584 enim
1142 1527 1232 1582 ille
1257 1527 1449 1583 beatus
1479 1527 1573 1598 qui
1611 1527 1812 1582 bonum
1857 1542 2016 1597 agere
2044 1526 2182 1580 inci-

623 1618 732 1688 pit;
764 1618 858 1673 sed
907 1619 1219 1689 quicunque
1249 1619 1316 1672 ad
1348 1617 1507 1674 ﬁnem
1533 1633 1704 1688 usque
1739 1619 1794 1672 in
1839 1632 1904 1672 eo
1933 1631 2183 1688 perseve-

621 1708 848 1762 raverit.
875 1708 988 1780 (69)
1026 1706 1164 1762 Nam
1194 1724 1416 1778 serpens
1449 1709 1540 1778 qui
1575 1707 1644 1761 ad
1689 1715 1888 1763 terram
1923 1706 2177 1769 trahitur,

2267 518 2334 589 ἢν
2365 517 2662 590 ἀρχόμενος
2690 518 2757 587 τῇ
2783 513 2958 585 θέρμῃ
2989 511 3090 582 τῆς
3114 507 3493 572 ταπεινώσεως
3526 504 3818 576 κατεπάτητ

2271 625 2388 673 σας,
2421 605 2705 677 ἀνεγείρῃς
2739 603 2858 658 καθ’
2890 601 3104 664 ἑαυτοῦ,
3133 601 3260 653 ὅταν
3299 599 3359 652 τὸ
3385 597 3685 668 ψαλτήριον
3727 594 3817 664 μά-

2271 699 2390 772 θῃς,
2421 699 2456 770 ἦ
2485 717 2534 752 τι
2563 698 2661 768 τῆς
2694 696 2932 768 Γραφῆς,
2962 695 2994 764 ἢ
3025 695 3121 747 ¹καὶ
3147 692 3287 748 κατὰ
3327 691 3424 760 τὴν
3455 689 3548 743 τοῦ
3592 685 3822 740 Ἀποστό·

2270 790 2364 844 λου
2411 789 2613 860 φωνὴν,
2643 785 2680 840 ἃ
2707 787 3000 848 κατέλυσας
3031 783 3190 838 πάλιν
3233 779 3546 852 οἰκοδομῶν,
3591 775 3822 848 παρασά-

2271 899 2370 953 την
2407 880 2628 936 σεαυτὸν
2656 878 2966 948 ἀποδείξῃς·
2996 875 3132 929 ἀλλά
3164 874 3362 946 μᾶλλον
3385 872 3460 936 ὡς
3491 869 3722 942 ὲνήρξω,
3743 869 3824 922 καὶ

2273 973 2630 1044 ὡμολόγησας
2670 971 2768 1042 τὴν
2793 969 3118 1022 ταπείνωσιν
3145 965 3369 1020 ἐνώπιον
3394 961 3528 1016 θεοῦ
3559 963 3654 1015 καὶ
3679 960 3824 1029 ἀγγέ-

2273 1063 2400 1129 λων,
2425 1063 2529 1127 ἓως
2569 1062 2754 1126 τέλους
2778 1061 3119 1132 διατήρησον.
3154 1057 3380 1128 Ὁμοίως
3409 1056 3509 1126 τὴν
3542 1054 3824 1124 ὑπομονὴν,

2275 1155 2341 1224 ἦν
2370 1153 2627 1220 ἐπεδείξω
2667 1153 2724 1205 ὲν
2764 1151 2842 1224 τῷ
2881 1150 3244 1222 μοναστηρίῳ,
3278 1151 3370 1202 ἐπὶ
3411 1145 3828 1216 πλλάςὴμέρας

2277 1243 2383 1314 πρὸ
2407 1243 2514 1296 τῶν
2539 1242 2714 1316 θυρῶν
2746 1239 3137 1314 διακαρτερῶν,
3169 1241 3262 1293 καὶ
3297 1237 3432 1310 μετά
3459 1235 3712 1310 δακρύων
3733 1236 3830 1288 ias-

2276 1333 2474 1401 τεύων,
2525 1334 2820 1388 σπούδασον
2864 1331 3186 1402 ἐπαυξῆσαι.
3237 1329 3450 1382 Ἀθλιον
3507 1327 3619 1400 γὰρ
3673 1325 3828 1388 ὅντως

2277 1426 2558 1496 ὀφείλοντά
2589 1443 2648 1479 σε
2685 1425 2806 1479 καθ’
2858 1424 3092 1494 ἑκάστην
3143 1420 3483 1495 προστιθέναι
3532 1422 3600 1490 τῇ
3654 1416 3830 1491 πρώτῃ

2283 1516 2483 1588 θέρμῃ,
2519 1517 2612 1570 καὶ
2651 1518 2731 1581 εἰς
2774 1517 2834 1570 τὸ
2871 1515 3072 1569 τέλειον
3121 1512 3426 1568 ἀναϐαίνειν
3471 1511 3832 1582 προκόπτοντα

2279 1607 2526 1679 ὑφαιρεῖν
2561 1607 2654 1660 ἀπ’
2682 1607 2872 1677 αὑτῆς,
2915 1607 3009 1659 καὶ
3046 1605 3182 1678 πρὸς
3209 1603 3276 1656 τὰ
3306 1602 3458 1656 κάτω
3497 1599 3831 1654 ὑπαναλύειν.

2282 1694 2356 1749 Οὑ
2387 1695 2496 1767 γὰρ
2528 1699 2556 1749 ό
2583 1695 2880 1768 ἀρχόμενος
2903 1695 2994 1748 τοῦ
3038 1693 3204 1748 καλοῦ
3233 1692 3519 1764 μακάριος,
3549 1691 3668 1744 ἀλλ’
3704 1691 3836 1754 ὅστις

625 1797 940 1860 calcaneum
988 1806 1235 1852 nostrum
1282 1813 1494 1868 semper
1537 1797 1810 1863 observat,
1842 1796 1897 1850 id
1925 1803 2030 1864 est,
2059 1794 2176 1850 obi-

2290 1787 2379 1851 ἕως
2404 1788 2587 1850 τέλους
2619 1789 2675 1840 ὲν
2703 1787 2874 1858 τούτῳ
2903 1787 3176 1858 διαμείνῃ.
3212 1787 3270 1838 Ὀ
3303 1785 3411 1856 γὰρ
3433 1783 3528 1837 ἐπὶ
3553 1783 3658 1853 γῆς
3694 1783 3838 1854 συρό-

623 1890 705 1943 tui
743 1897 934 1944 nostro
966 1888 1194 1945 insidias
1233 1896 1406 1960 parat,
1453 1896 1510 1944 et
1539 1903 1711 1958 usque
1749 1887 1819 1942 ad
1853 1886 2012 1942 ﬁnem
2056 1885 2182 1941 vitae

627 1986 827 2035 nostra:
855 1995 955 2036 nos
997 1981 1350 2050 supplantare
1397 1986 1643 2036 conatur.
1669 1979 1849 2045 Quare
1880 1977 2017 2032 nihil
2057 1991 2186 2048 pro-

627 2070 768 2126 derit
806 2073 974 2142 probe
1021 2071 1312 2143 incepisse,
1363 2072 1497 2126 nihil
1543 2070 1759 2126 initium
1795 2069 2010 2126 fervens
2055 2069 2184 2125 obe-

627 2158 866 2224 dientiaa,
898 2161 1005 2236 nisi
1039 2161 1163 2217 finis
1187 2161 1438 2216 similiter
1457 2168 1842 2231 consequatur.
1875 2159 1942 2214 Et
1973 2175 2039 2216 ea
2063 2175 2185 2230 quae

628 2250 926 2308 secundum
949 2250 1230 2306 Christum
1259 2259 1345 2307 est
1373 2252 1672 2317 humilitas,
1699 2265 1862 2322 quam
1891 2266 2036 2305 nunc
2059 2265 2187 2321 pro-

628 2339 848 2404 misisti,
884 2356 994 2396 non
1033 2341 1354 2406 firmabitur,
1403 2341 1509 2396 nisi
1553 2356 1674 2396 eam
1719 2341 1788 2396 ad
1819 2340 1978 2398 ﬁnem
2014 2355 2187 2411 usque

631 2431 967 2489 exhibueris.
1015 2433 1378 2500 Quamobrem
1427 2442 1488 2487 ut
1529 2433 1678 2487 illam
1723 2433 1902 2504 possis
1947 2432 2187 2504 perfecte

632 2523 935 2594 possidere,
965 2533 1128 2595 atque
1157 2532 1321 2596 caput
1353 2523 1608 2579 draconis
1646 2530 1944 2588 conterere,
1985 2539 2109 2578 cum
2134 2531 2188 2578 te

632 2615 935 2672 invaserint
979 2617 1353 2688 cogitationes,
1405 2624 1618 2671 mature
1651 2616 1720 2670 ab
1753 2616 1872 2685 ipso
1917 2615 2188 2686 principio

636 2708 876 2762 revelato
906 2708 1046 2764 illas.
1075 2706 1184 2779 (70)
1218 2707 1354 2762 Nam
1393 2707 1441 2762 si
1484 2707 1558 2760 ita
1588 2707 1949 2776 publicaveris
1979 2708 2048 2762 a’b
2080 2708 2188 2761 ini-

635 2795 712 2850 tio
741 2797 1077 2866 perniciosas
1102 2797 1359 2852 draconis
1395 2796 1776 2866 cogitationes,
1809 2797 1856 2852 si
1882 2811 1993 2851 non
2021 2803 2073 2852 te
2097 2812 2192 2867 pu-

635 2887 760 2942 deat
811 2903 904 2944 eas
965 2887 1112 2942 Patri
1173 2896 1267 2942 tuo
1323 2888 1640 2952 declarare,
1716 2897 1968 2948 conteres
2029 2896 2192 2962 caput

633 2979 758 3048 ejus
783 2980 850 3032 ".
902 2978 1192 3035 Enimvero
1229 2979 1386 3048 juxta
1434 2977 1679 3032 divinam
1731 2977 2091 3049 Scripturam,
2141 2979 2190 3036 si

634 3071 940 3126 accesseris
967 3069 1036 3124 ad
1063 3069 1412 3126 serviendum
1440 3068 1573 3132 Deo,
1601 3083 1846 3140 prapara
1877 3070 2107 3140 teipsum
2119 3069 2188 3136 ³⁸,

635 3177 747 3218 non
783 3162 852 3216 ad
881 3161 1172 3226 incuriam,
1205 3175 1315 3216 non
1341 3161 1409 3215 ad
1445 3161 1814 3228 otiositatem;
1850 3161 1944 3216 sed
1967 3159 2038 3216 ad
2068 3169 2192 3217 ten-

635 3252 894 3317 taliones,
926 3252 995 3307 ad
1033 3253 1432 3308 tribulationes.
1467 3251 1624 3320 Nam,
1678 3269 1698 3304 ι
1726 3250 1829 3308 Per
1857 3253 2056 3308 multas
2095 3254 2196 3308 tri-

636 3344 949 3400 bulationes
995 3351 1210 3414 oportet
1257 3359 1358 3399 nos
1399 3344 1608 3399 intrare
1659 3343 1714 3397 in
1762 3359 1989 3414 regnum
2039 3346 2197 3400 cmin-

637 3451 758 3490 rum
783 3436 862 3500 ⁸¹;
897 3443 986 3490 »οι
1011 3454 1024 3489 :
1065 3453 1085 3486 ι
1110 3436 1355 3507 Angusta
1387 3444 1564 3506 porta,
1599 3442 1654 3490 et
1683 3443 1832 3489 arcta
1853 3435 1939 3490 via
1966 3443 2050 3492 est
2077 3451 2198 3506 qure

639 3527 791 3582 ducit
817 3527 882 3582 ad
903 3527 1093 3592 vitam,
1123 3537 1176 3583 et
1194 3527 1354 3598 pauci
1385 3534 1515 3584 sunt
1529 3529 1622 3598 qui
1643 3527 1924 3583 inveniunt
1944 3543 2063 3584 eam
2082 3529 2148 3583 ³².
2173 3547 2192 3580 ι

638 3617 898 3672 Animum
925 3617 1106 3687 itaque
1141 3619 1332 3687 paucis
1356 3618 1464 3672 illis
1486 3619 1643 3674 bonis
1673 3619 1890 3685 adhibe,
1925 3625 1978 3674 et
2011 3634 2076 3672 ex
2106 3634 2201 3674 eo-

637 3722 761 3763 rum
803 3709 1051 3777 exemplo
1085 3707 1250 3760 vitam
1298 3707 1522 3762 institue
1569 3715 1754 3776 tuam;
1805 3723 1906 3762 nec
1948 3707 2198 3763 attendas

639 3799 810 3870 pigris
839 3809 894 3855 et
926 3799 1392 3868 contemptoribus
1414 3801 1760 3871 quantumvis
1791 3800 1943 3855 mulli
1971 3815 2200 3855 numero

641 3891 751 3945 sint
797 3909 811 3945 :
879 3909 898 3942 ι
943 3889 1096 3944 Multi
1137 3889 1304 3955 enim,
1376 3891 1575 3961 inquit,
1624 3891 1822 3954 vocati,
1867 3891 2026 3960 pauci
2072 3905 2200 3946 vero

642 3982 801 4036 electi
825 3982 869 4014 ³³
895 3999 910 4034 τ
948 4001 968 4034 ι
998 3993 1051 4036 et
1075 3996 1278 4052 parvus
1298 3998 1425 4052 grex
1454 3991 1538 4038 est
1563 3983 1649 4038 cui
1675 3985 1877 4053 placuit
1900 3983 2046 4038 Patri
2073 3985 2202 4039 dare

645 4086 872 4140 regnum
897 4071 965 4124 ‘i.
1012 4071 1090 4127 Ne
1119 4088 1342 4142 parvum
1373 4077 1571 4129 etenim
1606 4077 1886 4132 existimes
1925 4092 2050 4131 esse
2085 4091 2206 4146 pec-

649 4175 860 4227 catum,
915 4164 1300 4234 perfectionem
1349 4169 1626 4236 polliceri,
1681 4179 1734 4225 et
1787 4170 2204 4240 negligentiorcs

651 4261 815 4322 atque
847 4269 1040 4324 segnes
1064 4257 1286 4310 imitari.
1313 4256 1382 4312 Ut
1409 4260 1587 4316 valeas
1613 4261 1794 4331 itaque
1818 4261 1883 4314 ad
1913 4259 2204 4330 perfectio-

653 4358 779 4399 nem
825 4346 1129 4414 pervenire,
1175 4347 1282 4403 hoc
1320 4357 1473 4406 utere
1520 4351 1792 4418 instituto,
1835 4351 1922 4406 his
1973 4349 2206 4406 ascende

650 4436 928 4506 gradibus.

712 4721 798 4776 υ.
843 4721 952 4792 (71)
975 4721 1193 4780 Primus
1239 4725 1462 4782 virtutis
1511 4726 1717 4797 gradus
1746 4734 1801 4782 et
1841 4725 2058 4780 initium
2097 4739 2202 4778 no-

637 4818 770 4872 stra;
807 4815 1000 4870 salutis
1041 4823 1127 4870 est
1161 4817 1326 4871 timor
1359 4816 1454 4872 Dei
1484 4837 1497 4872 :
1523 4833 1621 4887 per
1649 4833 1775 4872 eum
1805 4832 2042 4885 namque
2076 4831 2206 4884 pec-

638 4913 887 4960 catorum
927 4907 984 4960 tit
1012 4910 1285 4978 purgatio,
1318 4918 1372 4963 et
1409 4909 1674 4964 virtutum
1707 4909 1960 4964 custodia
2007 4909 2203 4976 viaque

639 4997 708 5051 ad
748 4996 1136 5066 perfectionem
1173 4998 1471 5053 obtinctur.
1509 4997 1643 5052 Nam
1688 5014 1813 5054 cum
1861 4998 2199 5052 in-animam

637 5085 804 5160 316
834 5089 1113 5158 ingressus
1139 5087 1302 5144 fuerit
1329 5089 1492 5142 timor
1515 5087 1630 5150 Dei,
1668 5089 1860 5144 suadet
1885 5089 1976 5142 ille
2007 5095 2064 5140 ut
2086 5102 2204 5140 om-

643 5179 736 5236 nia
784 5181 1060 5235 mundana
1103 5178 1508 5251 despiciamus;
1546 5179 1677 5234 hinc
1719 5182 1898 5234 oritur
1939 5187 2202 5248 cognato-

646 5283 769 5322 rum
801 5270 1150 5341 universique
1181 5269 1372 5324 mundi
1423 5267 1644 5322 oblivio.
1680 5267 1758 5322 Ex
1798 5268 1883 5324 bis
1917 5282 2082 5338 porro
2112 5267 2206 5321 hu-

715 5427 760 5459 "
797 5425 996 5482 Genes.
1033 5441 1134 5490 ιιι,
1171 5424 1259 5480 i5.
1337 5424 1382 5456 ³⁸
1421 5423 1589 5478 Eccli.
1627 5439 1687 5488 ιι,
1727 5423 1779 5477 i.
1854 5423 1896 5454 ³¹
1945 5421 2060 5476 Act.
2101 5439 2188 5476 xxv

2290 5423 2331 5476 Ξ.
2409 5425 2451 5456 ³³
2491 5425 2681 5480 Matth.
2715 5442 2822 5490 vn,
2856 5427 2943 5480 Η.
3021 5426 3065 5459 ³³
3104 5424 3292 5480 Matth.
3332 5441 3436 5491 xx,
3475 5423 3562 5480 16.

644 5507 762 5559 χιι,
795 5497 884 5549 51.

739 5651 828 5724 69)
865 5653 1114 5724 βπεείιιει.
1150 5652 1389 5706 Iustina.
1427 5651 1520 5704 lib.
1561 5666 1632 5715 ιν,
1667 5664 1717 5704 c.
1745 5649 1814 5703 37

739 5661 828 5724 69)
867 5661 1114 5709 (lassian.
1150 5661 1389 5706 Iustum.
1429 5661 1520 5704 lib.
1561 5666 1632 5715 ιν,
1667 5664 1717 5704 c.

717 5661 832 5796 :70)
861 5722 996 5779 Ibid.
1027 5741 1076 5778 c.
1115 5725 1201 5778 58.
1733 5736 1739 5742 '

2289 1895 2447 1950 μενος
2473 1877 2594 1946 ὄφις
2617 1877 2715 1949 τὴν
2737 1877 3010 1949 ἡμετέραν
3037 1876 3125 1930 ἀεὶ
3149 1878 3306 1948 τηρεῖ
3325 1875 3580 1944 πτέρναν,
3604 1875 3838 1928 τουτέστι

2281 1980 2349 2048 τῇ
2393 1975 2638 2048 ἡμετέρα
2682 1975 2850 2046 ἐξόδῳ
2889 1973 3248 2035 ἐπιϐουλεύει,
3279 1973 3374 2027 καὶ
3404 1972 3508 2036 ἕως
3539 1971 3724 2035 τέλους
3749 1971 3836 2042 τῆς

2285 2046 2431 2138 ςῷῆξ
2465 2046 2621 2138 ἡμῶν
2642 2067 3011 2132 ὑποσκελίζειν
3039 2067 3184 2138 ἡμᾶς
3207 2067 3490 2136 ἐπιχειρεῖ.
3523 2063 3636 2118 Καὶ
3663 2063 3836 2117 τούτου

2285 2159 2444 2230 χάριν
2478 2158 2540 2212 τὸ
2566 2157 2890 2230 ἐνάρξασθαι
2931 2156 3110 2221 καλῶς
3143 2155 3293 2210 οὐδὲν
3337 2155 3630 2227 ὠφελήσει,
3660 2154 3777 2208 οὐδὲ
3809 2156 3838 2225 ἠ

2287 2249 2431 2322 ἀρχὴ
2458 2250 2555 2321 τῆς
2583 2252 2640 2303 ὲν
2668 2251 2910 2321 ὑποταγῇ
2937 2249 3286 2320 θερμότητος,
3307 2249 3356 2300 εί
3387 2245 3460 2318 μὴ
3491 2245 3584 2300 καί
3612 2245 3674 2298 τὸ
3702 2245 3840 2307 τέλος

2285 2343 2544 2406 ὡσαύτως
2575 2341 2818 2414 γένηται.
2866 2341 2974 2394 Καὶ
3018 2342 3051 2411 ἡ
3087 2339 3182 2394 τοῦ
3223 2337 3457 2411 Χριστοῦ
3492 2338 3550 2390 δὲ
3590 2338 3842 2390 ταπείνω-

2289 2451 2392 2498 σις,
2426 2435 2494 2505 ἢν
2517 2433 2612 2488 νῦν
2644 2432 2874 2488 ἐνώπιον
2899 2433 3060 2487 αὑτοῦ
3090 2430 3418 2502 ὲπηγγείλω,
3438 2430 3539 2483 οὑκ
3571 2429 3742 2504 ἄλλως
3767 2429 3843 2498 βε-

2287 2523 2667 2596 ϐαιωθήσεται,
2689 2525 2738 2578 εί
2770 2525 2843 2596 μὴ
2865 2525 2968 2588 ἕως
2991 2523 3175 2586 τέλους
3189 2521 3390 2592 ταύτην
3411 2520 3714 2592 ὑποδείξῃς.
3740 2519 3840 2581 Διὸ,

2289 2615 2376 2670 ἶνα
2407 2615 2640 2688 δυνηθῇς
2671 2617 2873 2688 ταύτην
2901 2615 3120 2678 τελείως
3149 2615 3470 2686 κτήσασθαι,
3517 2615 3612 2666 καὶ
3647 2612 3844 2680 συντρί-

2288 2706 2384 2778 ψαι
2411 2707 2508 2777 τὴν
2535 2707 2772 2778 κεφαλὴν
2796 2708 2888 2760 τοῦ
2913 2708 3220 2780 δράκοντος,
3245 2704 3530 2770 σπούδαζε,
3554 2706 3682 2759 ὅταν
3703 2706 3846 2776 ἐπέρ·

2291 2797 2492 2869 χωνταί
2518 2815 2598 2852 σοι
2633 2798 2896 2870 λογισμοὶ,
2929 2799 3126 2862 εὐθέως
3150 2797 3208 2862 ἐξ
3241 2798 3414 2870 ἀρχῆς
3440 2797 3664 2862 τούτους
3692 2800 3848 2866 άπαγο

2291 2887 2517 2958 γέλλειν.
2544 2887 2731 2953 Οῦτως
2765 2891 2873 2962 γὰρ
2904 2889 3240 2961 δημοσιεύων
3265 2889 3364 2952 τάς
3395 2889 3573 2960 ἀρχὰς
3607 2889 3716 2944 τῶν
3744 2890 3849 2944 ὀλε-

2295 2978 2458 3052 θρίων
2479 2979 2573 3034 τοῦ
2596 2980 2883 3053 δράκοντος
2909 2979 3200 3051 λογισμῶν,
3234 2980 3328 3033 καὶ
3362 2979 3437 3050 μὴ
3475 2980 3849 3050 αἰσχυνόμενος

2294 3074 2568 3146 ἐκφαίνειν
2595 3075 2674 3146 τῷ
2697 3073 2774 3145 σῷ
2800 3075 2990 3147 Πατρὶ,
3031 3071 3335 3144 συντρίψει-ς
3360 3071 3456 3143 τὴν
3481 3071 3670 3125 τούτου
3696 3089 3849 3142 κεφα-

2294 3165 2414 3238 λήν.
2438 3166 2527 3218 Διὸ
2547 3166 2611 3236 δη
2639 3163 2780 3218 κατά
2809 3164 2906 3236 τὴν
2930 3163 3168 3235 Γραφὴν,
3195 3163 3242 3215 εί
3268 3162 3568 3234 προσέλθῃς
3593 3162 3851 3216 δουλεύειν

2296 3257 2374 3328 τῷ
2398 3257 2536 3328 Θεῷ,
2573 3257 2856 3328 ἐτοίμασον
2887 3255 3109 3309 σεαυτὸν
3141 3253 3214 3326 μὴ
3241 3254 3376 3324 πρὸς
3407 3253 3760 3326 ἀμεριμνίας,
3787 3256 3851 3324 μὴ

2298 3349 2434 3420 πρὸς
2462 3348 2694 3412 ἀνέσεις,
2727 3346 2863 3402 ἀλλά
2905 3347 3038 3420 πρὸς
3074 3345 3430 3418 πειρασμοὺς,
3465 3345 3604 3416 πρὸς
3639 3345 3852 3414 θλίψεις.

2305 3459 2324 3492 ι
2363 3439 2460 3493 Διά
2500 3460 2520 3492 ι
2569 3439 2677 3511 γὰρ
2717 3459 2736 3492 ι
2775 3438 2984 3493 πολλῶν
3018 3437 3250 3508 θλίψεων
3291 3437 3373 3491 δεῖ
3418 3439 3575 3508 ἡμᾶς·
3611 3436 3856 3490 εἰσελθεῖν

2299 3536 2378 3598 εἰς
2419 3533 2527 3605 τὴν.
2569 3531 2844 3602 βασιλείαν
2893 3530 3002 3584 τῶν
3047 3529 3320 3601 ούρανῶνι
3363 3547 3383 3580 ι
3419 3530 3534 3594 καὶ,
3573 3547 3594 3579 ε
3630 3529 3794 3601 Στενὴ
3827 3531 3854 3597 ἡ

2301 3623 2463 3696 πύλη,
2511 3624 2606 3678 καὶ
2650 3622 2978 3694 τεθλιμμένη
3019 3623 3054 3693 ἡ
3095 3620 3212 3684 ὁδὸς
3255 3621 3288 3691 ἡ
3325 3619 3614 3689 ἀπάγουσα
3644 3623 3724 3686 είς
3770 3622 3860 3692 τὴν

2300 3714 2463 3787 ζωὴν,
2484 3717 2575 3769 καὶ
2589 3715 2757 3783 ὀλίγοι
2783 3716 2917 3768 εἰσὶν
2931 3714 2981 3767 oi.
2997 3711 3340 3784 εὑρίσκοντες
3363 3713 3552 3783 αὑτήν.
3579 3732 3598 3764 ι
3630 3713 3858 3784 Πρός-χες

2298 3805 2473 3859 τοίνυν
2528 3808 2639 3868 τοῖς
2697 3805 2896 3874 ὀλίγοις
2945 3803 3148 3867 καλοῖς,
3197 3802 3290 3856 καὶ
3335 3803 3399 3854 ὲκ
3434 3802 3860 3874 παραδείγματος

2300 3895 2477 3953 αὑτῶν
2511 3895 2756 3960 κανόνιζε
2803 3895 2892 3949 τὸν
2943 3894 3134 3949 ἑαυτοῦ
3170 3894 3315 3965 βίονο
3367 3892 3440 3964 μὴ
3487 3895 3735 3964 προσχῇς
3763 3895 3860 3954 τοῖς

2303 3988 2565 4060 ῥᾳθύμοις
2591 3989 2684 4041 καὶ
2705 3989 3153 4059 καταφρονηταίς,
3183 3985 3284 4040 κᾶν
3309 3983 3494 4038 πολλοὶ
3517 3977 3619 4037 ὦσι
3637 4001 3651 4014 '
3687 4005 3704 4036 ι
3743 3984 3842 4038 Πολ

2301 4081 2382 4133 λοι
2403 4081 2530 4150 γὰρ,
2567 4099 2585 4130 ι
2621 4080 2772 4149 φησὶ,
2805 4097 2821 4130 ι
2852 4079 3056 4149 κλητοὶ,
3108 4077 3277 4147 ὀλίγοι
3318 4077 3374 4130 δὲ
3420 4077 3695 4138 ἐκλεκτοὶ,
3734 4095 3752 4128 ι
3783 4075 3868 4127 καὶ

2307 4171 2497 4241 μικρὸν
2527 4171 2586 4223 τὸ
2621 4171 2868 4240 ποίμνιον
2899 4164 2943 4238 ᾧ
2979 4169 3274 4240 ηὐδόκησεν
3297 4171 3324 4222 ὁ
3353 4166 3546 4239 Πατὴρ
3578 4166 3758 4220 δοῦναι
3782 4167 3868 4236 τὴν

2307 4261 2602 4330 βασιλείαν.
2639 4260 2728 4330 Μὴ
2763 4261 2955 4330 μικρὸν
2995 4259 3103 4332 γὰρ
3140 4257 3277 4312 εἶναι
3311 4258 3540 4330 νομίσῃς
3579 4259 3866 4329 ἁμάρτημα

2307 4347 2737 4420 ὲπαγγέλλεσθαι
2764 4352 3094 4420 τελειότητα,
3122 4351 3216 4405 καὶ
3238 4354 3348 4414 τοῖς
3376 4350 3764 4421 ἀμελεστέροις
3784 4350 3868 4402 καὶ

2239 4467 2281 4520 D
2315 4444 2578 4516 ῥαθύμοις
2617 4445 2944 4498 ἀκολουθεῖν.
2988 4445 3100 4497 Ἵνα
3137 4445 3312 4497 τοίνυν
3349 4443 3587 4514 δυνηθῇς
3629 4442 3867 4510 ἐπιϐῆναι

2307 4539 2373 4606 τῇ
2405 4536 2720 4606 τελειότητι,
2755 4537 2921 4609 ταύτῃ
2961 4536 3195 4608 κέχρησο
3238 4539 3302 4607 τῇ
3335 4533 3508 4601 τάξει,
3553 4538 3646 4590 καὶ
3675 4535 3869 4594 τούτοις

2309 4628 2565 4680 ἀνάϐαινε
2590 4631 2701 4691 τοῖς
2731 4627 2976 4700 βαθμοῖς.

2384 4721 2470 4774 14.
2499 4721 2719 4792 Πρῶτος
2747 4720 2950 4792 saepe;
2977 4721 3175 4792 ἀρετῆς
3197 4719 3290 4773 xui.
3313 4719 3456 4789 ἀρχὴ
3487 4719 3590 4788 τῆς
3611 4717 3872 4790 ἡμετέρας

2311 4812 2583 4883 σωτηρίας
2615 4815 2644 4866 ὁ
2670 4812 2832 4881 φόϐος
2863 4813 2980 4866 ἐστὶ
3006 4813 3098 4866 τοῦ
3126 4811 3258 4866 Θεοῦ
3279 4829 3292 4842 ο
3329 4810 3418 4864 διὰ
3446 4811 3640 4866 τούτου
3667 4808 3872 4864 καὶτῶν

2311 4904 2718 4976 ἁμαρτημάτων
2749 4905 3142 4977 ἀποκάθαρσις,
3163 4903 3258 4956 καὶ
3282 4902 3390 4954 τῶν
3411 4902 3625 4974 ἀρετῶν
3647 4899 3870 4971 φυλακὴ.

2308 4995 2399 5048 καὶ
2423 4996 2540 5059 ὁδὸς
2568 4996 2660 5048 ἐπὶ
2681 4995 2780 5066 τὴν
2802 4997 3106 5067 τελειότητα
3141 4995 3366 5064 γίνεται.
3397 4994 3567 5048 Ὅταν
3599 4993 3708 5064 γὰρ
3732 4993 3760 5043 ό
3784 4987 3868 5042 τοῦ

2308 5086 2442 5140 Θεοῦ
2474 5087 2634 5156 φόϐος
2657 5087 2871 5160 εἰσέλθῃ
2903 5091 2982 5150 εὶς
3019 5087 3115 5158 τὴν
3137 5086 3334 5157 ψυχὴν,
3365 5086 3728 5155 καταφρονεῖν
3749 5081 3870 5134 πάν·

2309 5193 2418 5230 των
2451 5177 2626 5230 πείθει
2669 5177 2775 5230 τῶν
2802 5176 2894 5232 τοῦ
2926 5179 3129 5248 κόσμου
3175 5176 3536 5246 πραγμάτων,
3584 5175 3680 5228 καὶ
3715 5169 3873 5241 λήθην

2312 5269 2420 5322 τῶν
2450 5269 2590 5323 κατὰ
2615 5271 2790 5340 σάρκα
2820 5271 3092 5340 συγγενῶν
3119 5270 3302 5340 γεννᾷ,
3327 5270 3422 5322 καὶ
3446 5266 3616 5322 αὑτοῦ
3645 5266 3767 5320 ὅλου
3792 5257 3878 5313 τοῦ

3667 5422 3712 5454 ³⁸
3750 5417 3878 5474 Luc.

2387 5648 2496 5718 (τι)
2531 5646 2666 5701 Ibid.
2699 5661 2747 5699 c.
2773 5646 2863 5702 :59.

3991 5659 3993 5698 ί
