4050 6396
208 322 312 380 869

1364 320 1698 380 EPISTOLA
1727 323 1753 378 1
1788 321 1880 377 AD
1914 316 2310 377 CASTOREM.

3331 314 3441 375 870

212 420 437 490 κόσμου.
490 418 588 472 Ἐκ
623 417 681 471 δὲ
715 415 922 471 τούτων
964 416 1293 481 ταπείνωσις
1335 418 1624 488 κεφάλαιον
1666 417 1773 473 τῶν

1879 434 2078 491 militas
2101 420 2347 491 omnium
2383 439 2547 504 caput
2574 431 2859 497 virtutum,
2890 414 3247 502 omniumque
3272 429 3444 488 bono-

213 509 437 585 άρετῶν,
467 509 562 563 καὶ
591 508 863 581 πλήρωμα
890 509 1105 563 πάντων
1130 509 1236 563 τῶν
1270 510 1447 564 καλῶν
1482 509 1775 582 κατορθοῦ-

210 618 330 657 ταιο
379 601 784 673 καταφρονήσει
827 598 936 673 γὰρ
981 601 1074 655 καὶ
1114 602 1364 671 στερήσει
1408 600 1624 655 πάντων
1666 600 1775 654 τῶν

214 694 549 767 πραγμάτων
584 694 619 763 ἡ
650 691 972 755 ταπείνωσις
1004 693 1374 764 προσγίνεται.
1422 692 1486 746 Ἡ
1515 691 1777 745 ταπείνω-

215 802 295 849 σις
321 785 378 838 δὲ
404 784 615 847 τούτοις
640 786 752 847 τοῖς
779 783 1125 854 γνωρίσμασι
1154 783 1524 855 δοκιμάζεται.
1555 783 1776 854 Πρῶτον

213 877 260 929 εί
281 873 622 947 νεκρωθέντα
644 891 727 938 τις
749 868 893 944 εἶχεν
913 873 1089 944 ἑαυτῷ
1113 874 1180 928 τά
1202 874 1308 928 ἴδια
1333 874 1606 946 θελήματα
1624 892 1637 904 ·
1659 873 1778 927 δεύ-

207 980 364 1036 τερον
393 965 449 1017 δὲ
479 966 527 1018 εί
555 964 629 1036 μὴ
663 963 821 1034 μόνον
845 963 953 1016 τῶν
978 964 1193 1018 οἰκείων
1225 963 1493 1036 πράξεων,
1525 964 1660 1018 ἀλλὰ
1684 964 1777 1017 καὶ

212 1055 316 1108 τῶν
348 1054 695 1126 ἐνθυμήσεων
740 1054 904 1125 μηδὲν
945 1053 1037 1106 τὸν
1080 1053 1208 1109 ῐδιον
1258 1055 1485 1127 κρύπτει
1532 1056 1772 1126 Πατέρα·

211 1146 411 1219 τρίτον,
454 1147 503 1199 εί
537 1145 614 1217 μὴ
644 1148 711 1217 τῇ
745 1145 848 1216 ἰδίᾳ
877 1145 1109 1209 συνέσει,
1153 1144 1289 1200 ἀλλὰ
1331 1146 1507 1200 πάντα
1545 1144 1637 1199 τοῦ
1663 1147 1776 1200 [Ια-

213 1237 337 1309 τρὸς
381 1236 651 1308 διακρίσει
693 1236 954 1303 πιστεύει,
1005 1235 1176 1307 διψῶν
1206 1236 1293 1290 ἀεὶ
1341 1238 1437 1290 καὶ
1483 1237 1775 1303 ἐπιποθῶν,

214 1330 308 1383 καὶ
335 1329 510 1400 ἡδέως
556 1328 767 1383 ἀκούων
807 1329 906 1399 τῆς
934 1328 1126 1382 τούτου
1154 1328 1461 1394 νουθεσίας·
1502 1328 1776 1402 τέταρτον,

214 1421 262 1473 εί
302 1421 469 1473 πᾶσιν
509 1419 947 1490 ἀνεπαισχύντως
986 1419 1261 1474 δουλεύσει
1296 1424 1405 1485 τοῖς
1446 1421 1537 1475 τοῦ
1567 1423 1779 1493 Πατρὸς

215 1511 631 1582 προστάγμασι·
666 1513 933 1582 πέμπτον,
963 1511 1012 1564 εί
1044 1512 1118 1583 μὴ
1149 1513 1307 1583 μόνον
1333 1512 1494 1577 αὐτὸς
1519 1514 1578 1567 οὐ
1607 1515 1782 1588 τολμᾷ

213 1601 435 1675 ὑϐρίσαι
461 1601 602 1669 τινὰ,
639 1603 773 1657 άλλά
798 1605 892 1658 καὶ
935 1604 1033 1669 τάς
1074 1605 1178 1658 ὐπὸ
1203 1606 1377 1660 ἄλλων
1409 1608 1555 1679 αὐτῷ
1579 1611 1780 1680 ἐπαγο-

219 1694 383 1767 μένας
403 1693 590 1766 ὐϐρεις
615 1696 751 1765 μετὰ
773 1697 944 1769 χαρᾶς
960 1697 1110 1752 ἔσται
1130 1700 1553 1771 προσδεχόμενος
1566 1718 1579 1733 ·
1600 1700 1777 1768 ἕκτον,

218 1789 264 1841 εί
303 1787 470 1859 μηδὲν
501 1788 839 1859 ἐπιχειρήσει
868 1789 1177 1862 καινότερον
1203 1790 1425 1863 πρᾶξαι,
1449 1793 1586 1863 ὅπερ
1613 1794 1643 1845 ὁ
1682 1810 1782 1848 κα-

219 1877 320 1933 νὼν
349 1880 379 1933 ὁ
402 1878 578 1942 κοινὸς
602 1879 781 1933 οὐκέτι
812 1882 1124 1953 προτρέπει,
1147 1883 1267 1936 οὐδὲ
1296 1884 1403 1938 τῶν
1432 1885 1688 1956 Πατέρων
1712 1885 1783 1939 τά

220 1968 635 2040 παραδείγματα
654 1985 666 1997 ·
699 1969 944 2041 ἕϐδομον,
972 1974 1021 2025 εί
1059 1972 1207 2043 πάσῃ
1234 1972 1476 2046 εὐτελείᾳ
1506 1974 1781 2046 ἀρκούμε-

221 2076 326 2124 νος,
353 2060 449 2114 καὶ
480 2061 567 2114 ἐπ’
611 2061 792 2125 αὐτοῖς
826 2064 938 2126 τοῖς
964 2062 1265 2134 δεδομένοις
1305 2065 1657 2137 εὐχαριστῶν,
1688 2068 1783 2121 καὶ

222 2149 420 2203 τούτων
440 2150 656 2215 ἀνάξιον
680 2151 890 2221 ἡγεῖται
910 2153 1098 2207 ἑαυτόν
1112 2170 1126 2183 ο
1153 2153 1356 2222 ὄγδοον,
1380 2157 1426 2209 εί
1450 2156 1638 2210 ἐαυτὸν
1658 2157 1785 2211 πάν-

222 2256 338 2292 τοτε
369 2237 678 2311 κατώτερον
717 2241 951 2305 πάντων,
984 2243 1076 2296 καὶ
1120 2244 1194 2315 μὴ
1301 2245 1574 2318 προπετὴς
1614 2249 1671 2301 ἐν
1700 2250 1786 2303 λό-

224 2346 369 2397 γοις·
402 2330 648 2396 δέκατον,
696 2333 744 2385 εί
793 2331 867 2404 μὴ
913 2333 1058 2388 ἐστιν
1091 2336 1320 2409 εὐχερὴς
1361 2339 1420 2391 ἐν
1465 2338 1661 2409 λόγοις,
1692 2342 1785 2395 καὶ

170 2446 182 2458 -
225 2420 512 2492 πρόχειρος
543 2422 602 2475 ἐν
643 2420 880 2495 γλώσσῃ.
926 2422 1143 2487 Τούτοις
1175 2425 1283 2497 γάρ
1319 2426 1413 2479 καὶ
1440 2430 1550 2492 τοῖς
1580 2428 1786 2499 ὁμοίοις

224 2508 427 2561 τούτων
458 2509 707 2581 σημείοις
747 2511 780 2582 ἡ
821 2511 1143 2576 ταπείνωσις
1190 2515 1528 2584 γνωρίζεται.
1579 2516 1783 2583 Ταῦτα,

224 2600 351 2655 ὃταν
391 2601 451 2656 ἐν
755 2602 1098 2677 κατορθωθῇ,
1131 2604 1338 2678 ταχέως
1384 2609 1518 2680 πρὸς
1560 2611 1621 2663 τὸ
1659 2609 1788 2680 ὕψος

224 2696 323 2768 τῆς
353 2696 574 2769 ἀγάπης
600 2699 813 2768 ἀνάγει,
848 2701 905 2752 ἐν
939 2692 972 2773 ᾖ
1006 2700 1168 2770 φόϐος
1198 2702 1298 2756 οὐκ
1340 2701 1454 2757 ἐστι
1497 2704 1785 2771 κολάσεως,

224 2789 319 2842 καὶ
348 2789 414 2842 δι’
438 2784 507 2861 ἧς
532 2789 605 2843 τά
637 2791 812 2845 πάντα
839 2792 1019 2845 οὐκέτι
1049 2792 1185 2863 μετὰ
1209 2794 1471 2866 ἀνάγκης,
1497 2798 1590 2851 καὶ
1622 2798 1788 2850 κόπου

1871 536 1995 577 rum
2021 522 2478 590 complementum
2505 526 2828 585 exercetur;
2855 533 2982 573 nam
3027 534 3094 573 ex
3120 524 3437 586 contemptu

1872 620 1928 668 et
1953 612 2261 685 privatione
2291 627 2473 666 rerum
2496 612 2738 666 omnium
2767 610 2976 665 accedit
3004 610 3305 664 humilitas.
3335 609 3441 663 ﬂu-

1874 704 2079 760 militas
2107 719 2237 760 vero
2271 704 2356 759 his
2384 704 2773 773 comprobatur
2797 702 3019 757 indiciis
3048 721 3061 756 :
3088 700 3353 763 Primum,
3388 698 3440 755 si

1874 796 2000 866 quis
2024 795 2381 851 mortificatas
2414 795 2471 848 in
2503 809 2563 849 se
2592 794 2789 848 habeat
2817 794 3066 863 prOprias
3090 792 3435 859 voluntates;

1876 881 2176 936 secundum
2203 882 2250 937 si
2280 897 2389 935 non
2419 881 2583 935 modo
2611 896 2859 951 operum,
2901 881 2996 937 sed
3023 881 3186 936 etiam
3226 882 3437 951 cogita-

1875 969 2085 1023 tionum
2110 985 2333 1024 suarum
2364 969 2498 1023 nihil
2523 969 2666 1023 Patri
2689 970 2955 1036 occultet;
2982 969 3225 1035 tertium,
3250 970 3296 1025 si
3328 985 3438 1025 non

1876 1060 2110 1130 propriae
2140 1062 2327 1115 credat
2366 1061 2690 1130 prudentiae,
2737 1061 2831 1115 sed
2872 1061 2928 1114 in
2970 1062 3226 1117 omnibus
3261 1059 3445 1118 Patris

1878 1150 1963 1205 sui
1996 1149 2338 1217 discretioni,
2368 1164 2691 1220 semperque
2716 1149 2887 1213 sitiat,
2923 1157 3165 1219 emptet,
3197 1151 3447 1205 suaviter

1878 1243 2149 1297 auscultet
2198 1242 2319 1312 ejus
2363 1243 3118 1311 admonitiones;,quartnm,
3165 1245 3212 1299 si
3262 1243 3445 1301 Patris

1873 1334 2031 1405 jussa
2060 1335 2242 1389 omnia
2288 1335 2493 1405 absque
2523 1334 2729 1404 pudore
2768 1342 3135 1405 exsequatur;
3166 1335 3442 1405 quintum,

1879 1425 1927 1480 si
1962 1440 2071 1480 non
2121 1424 2286 1479 modo
2327 1424 2444 1495 ipse
2491 1440 2600 1479 non
2646 1426 2791 1480 ausit
2829 1425 2926 1479 alii
2958 1426 3318 1480 contumelias
3360 1426 3447 1481 in-

1879 1512 2045 1576 ferre,
2077 1512 2173 1569 sed
2201 1514 2246 1570 si
2280 1514 2347 1569 ab
2383 1514 2507 1569 aliis
2540 1505 2722 1569 illatas
2753 1528 2877 1567 cum
2908 1515 3107 1584 gaudio
3140 1514 3446 1583 suscipiat;

1880 1611 2117 1671 sextum,
2149 1604 2196 1659 si
2229 1604 2365 1658 nihil
2390 1605 2518 1659 novi
2542 1604 2724 1659 facere
2761 1618 3052 1674 aggressus
3084 1604 3268 1668 fuerit,
3298 1604 3448 1674 quod

1880 1710 1982 1750 nec
2009 1695 2318 1751 communis
2344 1695 2550 1766 regula,
2580 1710 2684 1749 nec
2710 1693 2935 1748 Patrum
2962 1694 3210 1765 exempla
3232 1694 3451 1764 permib

1880 1794 2033 1854 tant;
2067 1786 2378 1856 septimum,
2411 1786 2456 1841 si
2478 1787 2625 1841 omni
2649 1787 2853 1842 vilitate
2878 1794 3194 1853 contentus,
3217 1788 3285 1843 de
3304 1786 3452 1843 datis

1882 1877 1987 1933 sibi
2024 1878 2186 1932 rebus
2211 1877 2419 1948 gratias
2451 1886 2595 1947 agat,
2641 1893 2809 1949 seque
2838 1879 2906 1934 iis
2940 1879 3223 1949 indignum
3257 1878 3452 1934 existi-

1880 1981 2025 2037 met;
2054 1972 2328 2034 Octavum,
2361 1970 2408 2025 si
2439 1985 2498 2025 se
2527 1968 2787 2024 omnibus
2809 1969 2968 2038 plane
2995 1968 3305 2024 inferiorem
3328 1968 3449 2024 exi-

1882 2062 2084 2127 stimet,
2116 2061 2226 2133 (72)
2259 2076 2360 2117 nec
2402 2061 2475 2116 sit
2507 2060 2689 2117 verbis
2743 2060 3105 2125 temerarius;
3154 2059 3449 2126 decimum,

1882 2152 1929 2208 si
1980 2168 2091 2208 non
2131 2153 2203 2209 sit
2248 2154 2304 2208 in
2345 2167 2598 2209 sermone
2636 2151 2816 2208 facilis
2864 2161 2917 2208 et
2968 2152 3152 2222 lingua
3184 2164 3448 2221 praeceps.

1884 2244 1979 2302 His
2002 2253 2058 2302 et
2089 2246 2362 2301 similibus
2406 2246 2578 2316 signis
2614 2243 2952 2315 dignoscitur
2992 2244 3295 2299 humilitas.
3329 2242 3457 2297 Haec

1883 2351 2009 2391 cum
2042 2350 2231 2391 revera
2260 2337 2501 2392 exhibita
2527 2336 2750 2401 fuerint,
2794 2336 2905 2392 cito
2939 2334 3008 2391 ad
3035 2334 3349 2390 dilectionis
3379 2332 3459 2388 fa-

1884 2430 2103 2501 stigium
2137 2428 2434 2493 adducunt,
2472 2429 2527 2483 in
2560 2443 2666 2498 qua
2709 2443 2819 2483 non
2847 2433 2934 2483 est
2973 2425 3141 2479 timor
3170 2425 3455 2495 gehennae,

1886 2530 1940 2578 et
1968 2538 2065 2593 per
2098 2536 2262 2595 quam
2295 2520 2480 2576 omnia
2511 2536 2619 2574 non
2643 2518 2756 2588 jam
2788 2533 2856 2573 ex
2887 2515 3216 2572 necessitate
3245 2521 3300 2569 et
3329 2528 3458 2567 cum

1889 2614 2075 2669 labore
2113 2611 2497 2683 perficiuntur;
2543 2610 2637 2666 sed
2668 2625 2733 2664 ex
2783 2623 2970 2662 amore
3007 2605 3260 2668 ferventi,
3303 2610 3359 2659 et
3391 2618 3463 2659 ex

1888 2704 2018 2759 boni
2042 2702 2514 2773 concupiscentia.
2541 2702 2656 2773 (73)
2683 2700 2858 2767 Quam
2892 2699 3148 2752 virtutem
3190 2704 3250 2751 ut
3280 2694 3465 2766 possis

1891 2796 2107 2852 facilius
2135 2796 2387 2866 adipisci,
2416 2810 2514 2865 pro
2542 2792 2839 2864 exemplari
2869 2790 2969 2845 tibi
3009 2789 3123 2845 sint
3153 2788 3318 2843 verba
3351 2786 3465 2841 fra-

225 2880 570 2948 φυλάττεται,
604 2880 740 2935 ἀλλὰ
778 2881 925 2952 πόθῳ
968 2883 1216 2955 διαπύρῳ
1253 2885 1346 2938 καὶ
1388 2886 1650 2958 ἐπιθυμίᾳ
1694 2887 1781 2940 τοῦ

1891 2896 2036 2943 trum
2066 2904 2177 2943 una
2220 2897 2403 2944 tecum
2451 2886 2919 2950 concurrentium,
2953 2884 3318 2954 pietatemque
3339 2894 3465 2950 pos-

223 2970 414 3027 καλοῦ.
439 2972 583 3042 Πρὸς
614 2973 789 3045 ἤνπερ
817 2972 1014 3045 ἀρετὴν
1046 2974 1133 3028 ἵνα
1164 2976 1385 3048 ίσχύσῃς
1408 2977 1781 3050 εὐχερέστερον

1893 2980 2187 3034 sidentium
2218 2999 2231 3034 :
2258 2995 2372 3034 non
2415 2985 2595 3032 autem
2626 2991 2817 3032 eorum
2860 2975 2954 3044 qui
2982 2974 3167 3044 plures
3206 2984 3464 3033 numero,

224 3058 453 3128 φθάσαι,
491 3060 867 3132 ὐποδείγματά
901 3078 982 3115 σοι
1017 3062 1152 3134 πρὸς
1199 3063 1426 3134 μίμησιν
1462 3064 1702 3119 ἔστωσαν
1740 3066 1781 3119 ol

1894 3071 2255 3141 negligentius
2295 3071 2626 3141 segniusque
2658 3067 2824 3121 vitam
2852 3067 3101 3136 exigunt.
3131 3063 3210 3117 Ex
3246 3067 3467 3117 sancto-

221 3147 376 3217 λόγοι
399 3149 507 3204 τῶν
546 3150 970 3219 συμϐαινόντων,
999 3154 1092 3205 καί
1132 3152 1413 3207 εὐλάϐειαν
1438 3153 1781 3224 κεκτημένων

1895 3176 2016 3215 rum
2034 3163 2179 3216 enim
2213 3162 2518 3217 imitatione
2556 3158 3014 3228 mmulalioncque
3044 3157 3238 3227 ingens
3274 3154 3467 3209 volen-

218 3239 501 3311 ἀδελφῶνυ
542 3242 618 3315 μὴ
667 3244 716 3296 οἱ
761 3241 996 3309 πλείους,
1043 3244 1135 3298 καὶ
1186 3243 1545 3315 άμελέστερόν
1587 3260 1646 3298 τε
1699 3245 1781 3299 ml

1898 3251 2045 3307 tibus
2076 3252 2142 3307 ad
2174 3251 2567 3321 perfectionem
2605 3248 2934 3304 contendere
2984 3248 3194 3303 accedit
3232 3245 3463 3301 utilitas.

218 3335 600 3411 ῥᾳθυμότερον
635 3335 852 3400 ζῶντες.
892 3335 1001 3389 Καὶ
1026 3334 1134 3408 γὰρ
1171 3338 1235 3389 ἐκ
1295 3338 1389 3390 τοῦ
1426 3338 1705 3410 μιμεῖσθαι
1767 3342 1859 3395 καὶ
1896 3344 2090 3416 ζηλοῦν
2141 3344 2268 3409 τοὺς
2317 3342 2505 3414 ἁγίους
2551 3341 2779 3413 μεγίστη
2826 3339 3061 3410 ὠφέλεια
3115 3337 3468 3411 προσγίνεται

213 3430 336 3492 τοῖς
362 3426 705 3497 βουλομένοις
732 3425 865 3497 πρὸς
891 3424 1199 3497 τελειότητα
1226 3424 1447 3496 φθάσαι.

298 3520 390 3574 15.
438 3520 503 3572 Et
546 3518 725 3571 τοίνυν
762 3516 933 3581 θέλεις
960 3516 1252 3589 δυνηθῆναι
1285 3520 1419 3572 πᾶσι
1460 3520 1668 3585 τούτοις
1710 3520 1781 3588 ἐξ·

1967 3519 2053 3572 15.
2097 3516 2291 3588 (14)δί
2325 3518 2409 3573 vis
2458 3516 2639 3585 itaque
2673 3513 2991 3568 facultatem
3034 3514 3132 3569 tibi
3184 3529 3307 3571 esse
3348 3516 3467 3573 hate

212 3610 612 3683 ακολουθῆσαι,
647 3609 740 3663 καὶ
784 3609 888 3662 ὐπὸ
928 3608 1131 3663 τούτων
1165 3611 1245 3673 είς
1288 3610 1379 3663 τὸν
1429 3614 1781 3683 πνευματικὸπ

1895 3609 2080 3663 omnia
2110 3607 2466 3677 exsequendi,
2502 3613 2556 3660 et
2583 3605 2686 3660 sub
2712 3604 2798 3658 his
2827 3604 2881 3657 in
2923 3605 3194 3674 spirituali
3226 3608 3467 3664 casnobii

210 3704 417 3775 ἀγῶνα
471 3701 565 3756 τοῦ
625 3701 886 3755 κοινοϐίου
933 3701 1059 3773 ἄχρι
1112 3701 1298 3764 τέλους
1348 3702 1781 3776 διακαρτερῆσαι.

1898 3698 2195 3753 certamine
2230 3699 2297 3751 ad
2332 3697 2493 3753 finem
2524 3710 2699 3765 usque
2727 3709 3102 3766 perseverare,
3132 3699 3465 3771 necessaria

209 3794 401 3849 ταῦτα
431 3794 468 3849 ἃ
518 3791 670 3847 εἶπεν
699 3795 728 3847 ό
770 3791 931 3846 Δαυῖδ
962 3794 1232 3862 ἀναγκαῖά
1261 3810 1343 3846 σοι
1380 3794 1515 3865 πρὸς
1555 3795 1781 3867 φυλακὴη

1900 3790 1997 3844 tibi
2032 3788 2099 3842 ad
2126 3787 2430 3844 custodiam
2460 3787 2515 3840 in
2552 3796 2695 3840 cmtu
2731 3785 2961 3839 fratrum
2993 3784 3213 3850 fuerint,
3253 3801 3317 3839 ea
3344 3803 3466 3856 qua:

206 3890 276 3943 ἐν
308 3890 381 3960 τῇ
410 3885 624 3957 συνοδίᾳ
650 3884 758 3938 τῶν
791 3886 1029 3956 ἀδελφῶν
1057 3885 1324 3939 εστωσανυ
1362 3903 1380 3936 ι
1424 3885 1564 3954 Ἐγὼ
1588 3886 1643 3939 δὲ
1669 3887 1781 3939 ὡσε¹

1902 3878 2071 3934 David
2117 3878 2231 3932 ait:
2266 3896 2285 3929 ι
2314 3876 2426 3947 Ego
2471 3885 2650 3932 autem
2686 3885 2941 3945 tanquam
2976 3875 3179 3929 surdus
3211 3890 3322 3930 non
3367 3893 3467 3932 au-

205 3979 414 4050 κωφδς
439 3979 541 4031 οὐκ
580 3978 796 4048 ἤκουον,
829 3979 923 4031 καὶ
951 3977 1081 4031 ὡσεὶ
1113 3976 1394 4048 ἄνθρωπος
1435 3977 1535 4030 οὐκ
1563 3976 1775 4029 ἀκούων

1905 3971 2140 4035 diebam,
2172 3979 2226 4025 et
2257 3971 2397 4025 sicut
2428 3970 2588 4023 homo
2611 3983 2718 4022 non
2750 3968 2978 4023 audiens
3017 3974 3071 4022 et
3114 3982 3225 4021 non
3258 3967 3468 4026 habens

202 4072 318 4125 καὶ
350 4070 454 4124 οὐκ
482 4069 620 4141 ἔχων
649 4070 706 4123 ἐν
734 4066 811 4138 τῷ
847 4067 1070 4138 στόματι
1097 4066 1258 4121 αὐτοῦ
1285 4065 1567 4137 ὲλεγμούς.
1605 4085 1624 4118 ι
1661 4067 1781 4118 "Oa:

1903 4060 1959 4114 in
1986 4075 2081 4114 ore
2108 4075 2207 4114 suo
2234 4060 2644 4129 redargutiones
2665 4058 2731 4114 ⁸³.
2771 4077 2789 4110 ι
2826 4057 3271 4127 Quotiescunque
3300 4057 3469 4129 igitur

197 4163 409 4216 τοίνυν
441 4159 659 4231 βλέπεις
684 4157 937 4229 ἀλλότρια
959 4157 1242 4229 οἰκοδομῆς
1285 4158 1377 4210 καὶ
1406 4155 1691 4226 ὠφελείας,
1725 4156 1781 4217 ὡς

1903 4150 2083 4220 aliqua
2114 4149 2316 4205 videris
2366 4150 2540 4203 aliena
2589 4149 2657 4203 ab
2701 4148 3067 4203 aedificatione
3112 4155 3166 4201 et
3212 4148 3467 4218 utilitate,

199 4253 428 4323 τυφλὸς
466 4250 648 4321 γενοῦ,
679 4250 771 4303 καὶ
802 4251 900 4302 ὅσα
938 4248 1176 4311 ἀκούεις,
1211 4248 1286 4312 ὡς
1328 4248 1507 4318 κωφὸς
1549 4248 1643 4301 καὶ
1673 4247 1781 4300 ἅλα⁴

1902 4248 2022 4293 esto
2065 4240 2221 4309 quasi
2254 4253 2467 4306 caecus;
2501 4245 2553 4292 et
2593 4239 2638 4291 si
2684 4252 2790 4307 qua
2831 4237 3073 4291 audieris
3112 4236 3199 4289 his
3245 4238 3467 4305 similia,

194 4348 332 4412 λος,
373 4345 471 4399 καὶ
500 4345 601 4397 οὐκ
633 4343 769 4412 ἔχων
812 4343 869 4395 ἐν
900 4340 978 4411 τῷ
1008 4340 1235 4410 στόματι
1266 4337 1547 4410 ἐλεγμούς.
1586 4340 1696 4392 Καὶ
1729 4337 1781 4409 μὶ

1907 4328 2005 4383 fias
2039 4328 2195 4398 quasi
2229 4327 2430 4383 surdus
2459 4333 2512 4381 et
2559 4337 2759 4389 mutus,
2791 4335 2843 4379 et
2885 4339 2995 4378 non
3024 4324 3235 4380 habens
3269 4327 3328 4380 in
3373 4342 3470 4382 ore

198 4442 451 4515 μιμήσῃ
477 4437 721 4509 τούτους,
754 4436 866 4489 ὅσοι
897 4434 1133 4497 ἄπιστοι,
1168 4432 1262 4485 καὶ
1286 4434 1528 4503 ἀνήκοα,
1559 4433 1651 4485 καὶ
1672 4449 1781 4503 προ

1907 4428 2004 4474 tuo
2039 4420 2473 4491 redargutioncs.
2518 4417 2703 4488 Neque
2734 4417 2967 4472 imiteris
3017 4432 3113 4471 eos
3148 4418 3241 4486 qui
3274 4417 3471 4474 inﬁde-

192 4508 449 4594 πετεῒς,
489 4508 584 4582 καὶ
634 4526 912 4600 συρφετοὶ,
970 4526 1065 4579 καὶ
1114 4524 1369 4597 ὑϐρισταὶ
1413 4524 1766 4593 τυγχάνουσιν

1899 4513 2000 4578 les,
2026 4512 2468 4583 inobsequentes,
2498 4512 2823 4581 petulantes,
2866 4508 3149 4572 scurriles,
3181 4517 3472 4563 contume-

186 4626 332 4681 ἀλλ’
381 4622 464 4685 ὡς
499 4620 681 4690 κωφὸς
715 4619 809 4671 καὶ
841 4617 914 4689 μὴ
943 4616 1173 4680 ἀκούων,
1206 4615 1375 4669 ταῦτα
1410 4614 1777 4685 παραπέμπου

1898 4605 2023 4660 liosi
2070 4604 2345 4660 suntzsed
2383 4604 2541 4674 quasi
2593 4609 2776 4655 mutus
2830 4608 2882 4654 et
2927 4615 3036 4653 non
3082 4599 3309 4654 audiens
3353 4599 3472 4653 hazc

197 4719 359 4773 Ἐάν
392 4714 477 4769 σοί
508 4731 590 4776 τις
628 4711 905 4782 ἐλέγχους,
932 4709 965 4781 ἢ
999 4707 1254 4780 όνείδη,ἢ
1286 4706 1469 4777 ὕϐρεις
1497 4706 1777 4777 ἐπιπέμψῃ

1901 4698 2303 4767 praetermittas.
2331 4695 2387 4749 Si
2413 4696 2538 4764 quis
2567 4694 2662 4747 tibi
2694 4693 3125 4761 increpationes,
3154 4690 3468 4759 opprobria,

182 4812 488 4880 ἀκίνητος
516 4804 606 4858 ἔσο
633 4804 712 4867 ὼς
732 4779 1119 4873 πεφιμωμένος
1149 4800 1243 4854 καὶ
1265 4799 1477 4864 άλαλος,
1504 4799 1591 4852 ἀεὶ
1619 4797 1781 4851 τοῦτο

1904 4788 2261 4842 contumelias
2301 4784 2516 4848 inferat,
2548 4784 2802 4837 immotus
2834 4791 2954 4837 esto
2992 4781 3150 4851 quasi
3199 4779 3468 4843 frenatus,

176 4903 294 4957 τὸν
349 4868 545 4968 στίχον
588 4868 997 4960 ἐπιλέγων-τού
1040 4888 1285 4961 ψαλμοῦ·
1338 4907 1356 4939 ι
1390 4885 1553 4942 Εἶπα.
1583 4886 1781 4951 Φυλάξυ

1906 4888 1958 4934 et
1992 4878 2147 4949 quasi
2193 4884 2378 4931 mutus
2402 4894 2415 4929 :
2441 4875 2588 4928 hunc
2628 4873 2724 4927 tibi
2756 4871 2956 4926 Psalmi
2993 4881 3224 4926 versum'
3252 4868 3472 4922 assidue

176 4992 303 5055 τὰς
362 4959 531 5049 ὁδούς
578 5001 703 5055 μου,
744 4959 839 5035 τοῦ
883 4981 956 5053 μὴ
1011 4959 1345 5051 ἁμαρτάνειν
1380 4994 1448 5048 με
1490 4978 1549 5029 ἐν
1586 4974 1781 5047 γλώσσι

1904 4979 2126 5042 repete:
2157 4989 2174 5022 ι
2207 4968 2326 5022 Dixi
2354 4988 2367 5023 :
2394 4967 2712 5022 Custodiam
2767 4966 2881 5020 vias
2915 4978 3084 5027 meas,
3127 4970 3188 5015 ut
3232 4975 3339 5013 non
3385 4959 3476 5013 de-

396 5050 637 5144 Ἐθέμην
667 5071 746 5143 τῷ
776 5050 1001 5142 στόματί
1046 5050 1146 5141 μου
1189 5068 1463 5139 φυλακὴν,
1500 5068 1557 5119 ἐν
1587 5064 1665 5135 τῷ
1714 5081 1777 5117 συ

1905 5062 2149 5132 linquam
2194 5061 2249 5113 in
2280 5060 2464 5128 lingua
2499 5073 2640 5111 mea.
2682 5056 2847 5111 Posui
2874 5055 2957 5108 ori
2995 5068 3115 5107 meo
3144 5050 3470 5111 custodiam,

175 5137 421 5242 στῆναι
455 5137 548 5218 τὸν
581 5137 905 5234 άμαρτωλδν
934 5137 1173 5214 ἐναντίον
1205 5137 1327 5231 μου,
1360 5137 1680 5226 ἐκωςρὼθην,
1712 5173 1781 5209 κα

1907 5168 2033 5207 cum
2069 5152 2395 5206 consisteret
2424 5157 2677 5220 peccator
2725 5149 3017 5202 adversum
3051 5159 3172 5208 me;
3226 5137 3474 5195 obmutui

172 5233 634 5327 ἑτάπεινώθην.
665 5272 685 5306 ι
707 5233 844 5307 γἜτι
878 5252 983 5325 μὴν
1016 5252 1152 5323 πρὸς
1181 5249 1391 5312 τούτοις
1425 5249 1519 5301 καὶ
1551 5249 1781 5318 τέταρτοε

1911 5252 1965 5298 et
2007 5242 2327 5297 humiliatus
2371 5256 2493 5297 sum
2518 5240 2583 5292 ³⁸.
2612 5260 2630 5290 ι
2661 5239 2742 5294 Ad
2788 5240 2903 5292 lizec
2945 5246 3000 5291 et
3042 5233 3176 5288 illud
3219 5239 3475 5302 quartum

167 5354 376 5410 τοῦτο
416 5346 528 5418 πρὸ
558 5322 778 5398 πάντων
821 5322 1038 5414 μελέτα,
1064 5322 1164 5395 καὶ
1200 5338 1498 5410 φυλάσσου,
1536 5337 1671 5407 ὅπερ
1715 5353 1780 5388 κα

1916 5344 2042 5392 ante
2086 5334 2269 5389 omnia
2314 5333 2612 5396 meditare;
2652 5339 2708 5385 et
2749 5331 2978 5385 observa
3023 5325 3170 5397 quod
3227 5323 3330 5378 tria
3368 5322 3477 5380 ista

262 5512 318 5546 ³⁸
370 5505 536 5562 Psal.
571 5517 796 5567 xxxvii,
834 5499 933 5567 ﬂ,
970 5499 1059 5557 l5.
1136 5498 1182 5531 ³⁸
1221 5495 1368 5554 Psal.
1404 5508 1612 5549 xxxvm
1635 5531 1652 5560 ,
1691 5492 1803 5547 l-5.

2087 5643 2103 5713 )
2139 5635 2667 5713 Cas_sian._fnslilut.
2694 5636 2792 5692 lib.
2822 5651 2894 5701 tv,
2926 5648 2976 5688 ε.
3009 5630 3103 5687 40.
3132 5710 3135 5713 Α

256 5665 404 5739 (72)
448 5659 630 5726 Nono,
657 5658 706 5714 si
726 5656 967 5729 linguam
988 5654 1258 5721 cohibeat,
1282 5650 1368 5709 vel
1389 5663 1498 5706 non
1520 5648 1589 5704 sit
1611 5646 1812 5703 clamo-
1991 5643 2103 5727 (Ξὸ)
2139 5643 2388 5720 Cassian.
2427 5643 2475 5690 Ii

256 5760 289 5783 ς
333 5739 407 5783 in
449 5747 604 5783 voce.
1991 5711 2101 5783 (uti
2139 5709 2270 5766 Ibid.
2310 5725 2360 5764 c.
2386 5709 2475 5763 41.

165 5760 289 5800 sus
333 5739 407 5791 in
449 5747 625 5816 voce.
