3924 6514
589 340 692 399 871

1750 341 1810 398 S.
1850 339 2382 398 ATHANASIUS.—
2399 339 2669 399 SPURIA.
3716 346 3799 403 δτι

591 456 848 529 superius
888 455 1033 512 dicta
1063 471 1261 512 ornare
1290 457 1519 528 poterit:
1565 465 1626 512 ut
1658 456 1865 512 scilicet
1913 464 1967 513 te
2014 458 2152 513 stul—

2266 457 2420 512 ταῦτα
2447 455 2516 510 τὰ
2541 456 2797 529 ἀνωτέρω
2824 455 3087 530 εἰρημένα
3111 456 3238 528 τρία
3270 456 3547 529 κοσμῆσαι
3578 456 3792 514 δύναται.

591 557 706 604 tum
735 556 789 604 et
808 548 1175 618 insipientem,
1196 547 1353 618 juxta
1379 548 1624 619 Apostoli
1648 558 1975 618 praeceptum
2002 550 2071 616 ³⁷,
2097 549 2151 603 in

591 641 697 696 hoc
732 641 934 696 saeculo
980 639 1203 705 efﬁcias,
1249 648 1309 696 ut
1341 641 1420 697 sis
1449 642 1707 712 sapiens;
1738 642 1991 698 videlicet
2021 643 2155 698 nihil

592 730 900 801 dijudicans
929 740 1023 784 aut
1051 730 1307 786 dubitans
1334 731 1387 786 in
1408 733 1826 803 quibuscunque
1862 733 1961 788 tibi
2003 749 2159 788 man-

592 823 757 887 datis,
785 823 1133 894 simplicitate
1160 839 1356 895 nempe
1382 834 1435 880 et
1464 825 1568 881 fide
1594 827 1915 881 obedientia:
1952 827 2159 881 instru-

591 921 737 969 ctus.
778 914 932 968 lnter
965 922 1155 968 sancta
1187 915 1371 969 omnia
1401 915 1455 970 id
1496 916 1838 972 solummodo
1880 925 2154 983 sanctum,

591 1004 727 1060 illud
757 1005 997 1076 sapiens,
1030 1005 1164 1061 illud
1207 1008 1341 1061 utile
1381 1007 1596 1072 credas,
1626 1009 1772 1080 quod
1806 1025 1835 1063 a
1864 1010 2025 1066 Patre
2059 1018 2157 1066 tuo

586 1097 803 1169 iussum
826 1099 924 1153 tibi
955 1097 1142 1154 fuerit.
1171 1098 1286 1155 lloc
1310 1103 1593 1172 proposito
1612 1103 1658 1157 si
1682 1117 1775 1158 cor
1797 1110 1954 1157 tuum
1984 1103 2162 1158 firma-

589 1191 762 1255 veris,
803 1191 1011 1262 poteris
1058 1189 1125 1243 ad
1158 1189 1320 1246 finem
1371 1207 1546 1261 usque
1590 1191 1794 1247 Christi
1822 1193 2011 1263 jugum
2043 1193 2163 1248 obe-

591 1282 809 1338 dientia:
839 1283 1134 1349 sustinere,
1172 1292 1225 1337 et
1261 1284 1411 1338 nulla
1439 1299 1505 1339 ex
1538 1283 1741 1339 diaboli
1774 1284 2162 1340 tentationibus

591 1383 647 1432 et
708 1376 919 1432 artibus
972 1383 1229 1432 eXcutere
1287 1384 1339 1431 te
1392 1377 1591 1446 poterit
1641 1392 1707 1432 ex
1741 1377 1968 1432 scientia
2019 1378 2160 1433 vitae.

593 1469 704 1540 (75)
739 1467 1062 1524 Patientiam
1086 1482 1219 1522 vero
1258 1478 1429 1531 tuam,
1452 1467 2165 1538 humilitatem,aequanimi-

590 1568 761 1616 tatem
782 1577 848 1617 ne
862 1559 1266 1631 exspectaveris
1296 1575 1362 1614 ex
1394 1559 1625 1615 aliorum
1653 1560 1857 1615 virtute
1888 1567 2163 1627 statuere;

2255 549 2316 602 τὸ
2365 548 2544 620 μωρὸν
2583 549 2677 602 καί
2707 548 2917 620 ἄφρονα
2954 548 3166 616 ἐαυτὸν,
3217 547 3360 602 κατὰ
3402 549 3464 601 τὸ
3505 549 3796 602 ’Δποστόλπ

2255 637 2641 710 παράγγελμα,
2672 640 2730 692 ἐν
2771 639 2944 710 τούτῳ
2970 637 3047 709 τῷ
3094 639 3249 692 αἰῶνι
3288 641 3535 710 ποιῆσαι,
3581 639 3666 691 ἵνα
3696 641 3799 714 γένη

2257 730 2440 799 σοφὸς,
2470 729 2709 800 δηλονότι
2742 730 2905 801 μηδὲν
2944 729 3233 799 διακρίνων
3274 730 3307 801 ἢ
3349 729 3621 794 διστάζων
3659 731 3709 783 ἐν
3736 725 3798 794 οἷς

2258 822 2324 875 ἃν
2359 822 2726 893 προσταχθῇς,
2758 823 3055 893 ἁπλότητος
3079 823 3171 877 καὶ
3198 823 3434 886 πίστεως
3462 823 3564 893 τὴν
3591 822 3797 893 ὑπακοὴν

2260 914 2447 968 ποιῶν.
2488 915 2693 967 Ἐκεῖνο
2723 915 2880 985 μόνον
2927 914 3079 983 ἅγιον
3109 914 3217 968 τῶν
3265 915 3436 983 ἁγίων
3466 914 3794 984 λογιζόμενος,

2260 1007 2354 1059 καὶ
2385 1005 2565 1075 σοφὸν,
2590 1008 2684 1059 καὶ
2722 1006 2997 1077 συμφέρον
3034 1005 3322 1070 πιστεύων,
3363 1007 3425 1059 τὸ
3465 1006 3573 1059 ὑπὸ
3605 1006 3796 1061 τοῦτοῦ

2260 1096 2473 1167 Πατρὸς
2502 1096 2839 1167 προσταχθέν
2870 1113 2971 1151 σοι.
2998 1097 3230 1168 Τοιαύτῃ
3258 1096 3367 1168 γὰρ
3398 1096 3642 1151 διαθέσει
3662 1099 3798 1167 ἀσσα-

2261 1185 2549 1256 λισάμενος
2576 1186 2673 1258 τὴν
2702 1187 2800 1258 σὴν
2832 1187 3079 1259 καρδίαν,
3117 1187 3317 1259 δυνήσῃ
3345 1188 3451 1251 ἓως
3481 1187 3670 1251 τέλους
3694 1190 3798 1241 ὐπο-

2266 1280 2444 1349 μεῖναι
2482 1278 2572 1331 τὸν
2604 1277 2839 1349 Χριστοῦ
2877 1278 3037 1348 ζυγὸν
3064 1278 3164 1347 τῆς
3208 1280 3506 1349 ὑποταγῆς,
3559 1281 3654 1333 καὶ
3680 1280 3797 1334 οὖδέν

2266 1386 2324 1422 σε
2363 1369 2470 1423 τῶν
2500 1368 2594 1423 τοῦ
2624 1370 2869 1424 διαϐόλου
2916 1370 3282 1442 πειρατηρίων
3321 1371 3414 1423 καί
3444 1372 3799 1441 τεχνασμάτων

2264 1462 2548 1532 δυνήσεται
2583 1462 2838 1517 σαλεῦσαι
2878 1465 2941 1516 ἐκ
2969 1463 3067 1534 τῆς
3095 1464 3403 1534 ἐπιστήμης
3430 1461 3528 1514 τοῦ
3560 1460 3691 1529 βίου.
3716 1462 3799 1515 Καὶ

2263 1554 2361 1625 τὴν
2391 1556 2664 1626 ὑπομονὴν
2690 1555 2768 1619 δὲ,
2813 1554 2908 1608 κα)⁸
2947 1555 3044 1626 τὴν
3089 1554 3432 1615 ταπείνωσιν,
3476 1554 3572 1606 καὶ
3600 1556 3693 1625 τὴν
3719 1572 3797 1624 μα-

593 1654 640 1710 si
665 1654 920 1708 videlicet
948 1668 1109 1707 nemo
1134 1661 1187 1707 te
1211 1652 1474 1716 stimulet,
1508 1666 1669 1706 nemo
1692 1650 1981 1722 despiciat,
2007 1666 2161 1706 nemo

2266 1644 2432 1716 κροθυ
2442 1646 2569 1717 μίαν
2590 1645 2685 1718 τὴν
2708 1646 2825 1716 σὴν,
2847 1646 2920 1718 μὴ
2936 1648 2998 1699 ἐκ
3021 1646 3117 1715 τῆς
3134 1645 3241 1698 τῶν
3261 1645 3435 1699 ἄλλων
3455 1644 3662 1714 ἀρετῆς
3676 1662 3798 1717 προσ

593 1745 863 1802 dedecore
913 1743 1150 1799 alliciat:
1199 1741 1345 1813 quod
1391 1757 1523 1798 sane
1571 1752 1749 1812 neque
1794 1743 2013 1798 virtutis
2063 1751 2161 1797 tuae

2266 1734 2396 1789 δόκα
2424 1733 2846 1807 κατορθοῦσθαι·
2870 1730 2979 1787 οἷον
3008 1734 3101 1787 ἐὰν
3134 1734 3224 1787 ὑπ’
3244 1734 3457 1797 οὐδενὸς
3484 1734 3798 1805 παροξύνῃ,ῆ

594 1845 978 1906 argumentum
1019 1840 1125 1898 est,
1164 1849 1268 1889 nec
1305 1833 1361 1887 in
1398 1842 1490 1886 tua
1541 1843 1624 1888 est
1662 1832 1961 1890 facultate:
1989 1833 2082 1889 sed
2118 1834 2161 1889 si

2266 1825 2362 1878 οὐκ
2384 1824 2728 1898 ἐξουδενώσῃ,
2747 1826 2779 1898 ἢ
2798 1826 2897 1879 οῦκ
2920 1825 3178 1896 ἀτιμάζῃ,
3194 1826 3331 1896 ὅπερ
3345 1824 3469 1878 οὔτε
3486 1825 3587 1896 τῆς
3608 1827 3698 1896 er];
3710 1826 3800 1895 ἁρεο

593 1924 915 1996 opprobria,
945 1924 1329 1986 contumelias,
1362 1931 1707 1993 contemptus
1738 1924 1968 1979 libenter
1991 1922 2163 1991 feras;

594 2013 649 2069 id
690 2014 834 2067 enim
884 2012 964 2067 tui
994 2021 1080 2067 est
1125 2013 1365 2067 arbitrii.
1397 2011 1510 2083 (76)
1540 2012 1625 2067 ὐι
1655 2014 1819 2083 igitur
1842 2029 1963 2084 qua:
1994 2014 2167 2069 fusius

592 2120 760 2176 supra
809 2104 1071 2169 diximus,
1101 2104 1212 2174 jam
1247 2106 1408 2177 317
1439 2105 1769 2176 compendio
1798 2105 2067 2169 dicamus,
2111 2114 2168 2159 ut

591 2212 781 2253 eorum
814 2197 1031 2253 facilius
1076 2198 1415 2261 memineris,
1458 2198 1583 2252 audi
1617 2213 1811 2252 rursus
1840 2200 1932 2267 qui
1962 2197 2165 2267 poteris

591 2301 690 2359 per
739 2286 987 2341 ordinem
1036 2284 1103 2339 ad
1151 2286 1542 2356 perfectionem
1597 2286 1901 2353 pervenire.
1953 2285 2168 2339 Princi-

591 2373 743 2444 pium
792 2374 989 2428 salutis
1023 2381 1227 2428 nostra:
1263 2374 1431 2429 timor
1469 2382 1553 2430 est
1580 2374 1674 2430 Dei
1703 2393 1715 2429 :
1741 2390 1808 2430 ex
1833 2389 1899 2429 eo
1926 2375 2167 2446 gignitur

2267 1921 2366 1991 τῆς
2389 1922 2502 1973 ἐστι
2530 1920 2743 1991 δεῖγμα,
2775 1919 2897 1973 οὔτε
2923 1922 2979 1973 ἐν
3003 1922 3068 1991 τῇ
3096 1919 3314 1990 ἐξουσίᾳ
3337 1922 3514 1972 κεῖται
3532 1936 3547 1949 ο
3577 1918 3685 1973 ἀλλ’
3703 1921 3801 1972 ὅταν

2265 2012 2685 2086 λοιδορούμενος,
2736 2013 2771 2085 ἢ
2830 2010 3254 2083 ἀτιμαζόμενος,
3295 2012 3329 2083 ἦ
3394 2011 3801 2081 έξουδενοιμονςς

2267 2106 2455 2179 πράως
2478 2105 2647 2179 φέρῃς
2665 2120 2679 2135 ο
2703 2104 2859 2159 τοῦτο
2875 2104 2984 2178 γάρ
3014 2106 3071 2158 ἐν
3097 2107 3162 2177 τῇ
3188 2106 3254 2175 σῇ
3283 2103 3604 2176 προαιρέσει
3635 2105 3799 2157 κεῖται.

2267 2194 2567 2263 Ἴναξτοίνυν
2594 2193 2732 2247 αὑτά
2749 2194 2946 2257 πάντα,
2971 2194 3115 2264 ἅπερ
3143 2192 3476 2264 πλατύτερον
3509 2193 3799 2265 εἰρήκαμεν,

2269 2286 2735 2357 συναθροίσαντες,
2776 2284 2829 2338 τί
2869 2302 2997 2339 ποτε
3039 2284 3296 2355 σύντομον
3326 2283 3572 2355 εἴπωμεν
3613 2284 3801 2353 πρδςτὺ

2265 2376 2499 2440 εὐκόλως
2524 2377 2622 2448 τὴν
2651 2376 2748 2448 σὴν
2778 2375 3013 2429 διάνοιαν
3034 2374 3235 2429 τούτων
3271 2374 3651 2446 μνημονεύειν,
3675 2377 3801 2429 iam;

590 2466 736 2521 bona
766 2467 1073 2522 obedientia
1104 2466 1273 2521 :hinc
1310 2469 1488 2522 oritur
1523 2467 1790 2535 subiectio
1836 2476 1889 2522 et
1919 2474 2165 2522 contem-

591 2564 720 2625 ptus
749 2570 933 2610 rerum
967 2556 1155 2611 mundi
1190 2574 1203 2610 :
1230 2571 1294 2610 ex
1326 2557 1429 2611 hac
1454 2557 1759 2611 humilitate
1780 2557 2025 2611 nascitur
2047 2572 2167 2626 pro-

594 2646 841 2716 priarum
885 2647 1231 2701 voluntatum
1282 2647 1676 2703 mortificatio:
1710 2663 1776 2703 ex
1818 2648 2164 2718 prapriarum

591 2735 936 2789 voluntatum
968 2737 1410 2804 mortificationc,
1446 2738 1799 2793 exsiccantur
1827 2738 2162 2808 voluptatum

591 2828 809 2884 radices
839 2847 851 2882 :
879 2829 965 2884 his
1016 2838 1199 2884 autem
1245 2845 1441 2885 omnes
1487 2833 1683 2885 anima:
1724 2831 2164 2903 imperfectiones

591 2920 967 2986 eliminantur,
999 2936 1230 2992 quarum
1256 2923 1577 2993 expulsione
1609 2932 1868 2979 crescunt
1897 2923 2164 2978 fructum-

591 3025 698 3080 que
729 3010 912 3066 ferunt
941 3014 1193 3067 virtutes.
1224 3012 1303 3068 Ex
1328 3014 1592 3069 virtutum
1625 3015 1963 3070 incremento
1989 3013 2164 3087 gigni~

2267 2468 2447 2533 πάλιν,
2478 2468 2594 2532 πῶς
2627 2468 2765 2522 κατὰ
2809 2467 2960 2533 τάξιν
2986 2468 3189 2541 δυνήσῃ
3213 2466 3469 2539 ἐπιϐῆναι
3499 2468 3602 2539 τῆς
3636 2468 3803 2520 τελειό-

2264 2575 2442 2629 τητος.
2485 2557 2652 2631 Ἀρχὴ
2696 2558 2797 2630 τῆς
2831 2558 3105 2629 ἡμετέρας
3141 2558 3410 2630 σωτηρίας
3444 2559 3474 2611 ό
3518 2558 3682 2628 φόϐος
3712 2548 3803 2611 ἐστὶ

2262 2650 2357 2702 τοῦ
2399 2648 2534 2702 Θεοῦ
2558 2666 2571 2679 ·
2608 2651 2673 2703 ἐκ
2700 2649 2889 2702 τούτου
2922 2652 3174 2718 γεννᾶται
3216 2648 3393 2718 ἀγαθὴ
3426 2648 3664 2719 ὑπακοὴ,
3691 2647 3741 2710 ἐξ
3753 2642 3805 2717 ἧς

2263 2739 2505 2793 τίκτεται
2556 2741 2590 2811 ὴ
2628 2739 2893 2810 ὑποταγὴ,
2932 2740 3088 2810 καὶὴ
3139 2739 3546 2809 καταφρόνησις
3593 2740 3698 2792 τῶν
3731 2738 3806 2790 τώ

2264 2830 2470 2902 κόσμου
2500 2830 2867 2902 πραγμάτωνο
2898 2831 2961 2884 ἐκ
2996 2830 3053 2884 δὲ
3083 2830 3285 2900 ταύτης
3325 2829 3425 2899 τῆς
3458 2828 3806 2892 ταπεινώσεως

2263 2922 2514 2989 γεννᾶται
2559 2922 2667 2975 τῶν
2717 2921 2859 2975 ἰδίων
2905 2921 3221 2992 θελημάτων
3254 2922 3287 2991 ἡ
3327 2921 3627 2991 νέκρωσιςσ
3666 2921 3724 2973 ἐκ
3762 2920 3807 2972 δὲ

2264 3011 2361 3082 τῆς
2396 3010 2503 3066 τῶν
2536 3011 2853 3085 θελημάτων
2891 3010 3206 3084 νεκρώσεως
3242 3014 3297 3065 αἰ
3329 3012 3437 3065 τῶν
3462 3011 3665 3082 ἡδονῶν
3688 3009 3805 3082 ῥίζαι

592 3106 684 3153 tur
727 3101 939 3171 puritas
993 3104 1179 3159 cordis
1206 3124 1219 3158 :
1246 3104 1539 3175 puritatem
1580 3105 1764 3160 cordis
1807 3107 2161 3176 consequitur

2268 3104 2635 3176 μαραίνονται·
2671 3107 2735 3158 ἐκ
2762 3106 2818 3159 δέ
2841 3105 3041 3159 τούτων
3068 3104 3323 3159 πάντατά
3353 3104 3704 3176 ἐλαττώματα
3729 3103 3807 3171 ti;

593 3169 894 3260 apostolica
939 3192 1204 3263 perfectio
1227 3169 1448 3266 ,-gratia
1482 3203 1537 3251 et
1566 3196 1770 3251 auxilio
1812 3169 2025 3252 Domini
2059 3213 2161 3253 no-

2266 3169 2440 3267 ζιυῇςῆς
2466 3196 2888 3251 άποδάλλονται·
2916 3200 2981 3269 τῇ
3015 3199 3072 3252 δέ
3103 3197 3340 3270 ἀποϐολῇ
3372 3169 3602 3261 τούτων,
3628 3198 3680 3250 αἱ
3707 3169 3807 3267 ἀρε-

593 3284 694 3337 stri
722 3281 852 3340 Jesu
885 3284 1112 3352 Christi,
1146 3288 1237 3341 cui
1265 3289 1438 3359 gloria
1483 3289 1539 3343 in
1572 3290 1768 3346 saecula
1813 3292 2158 3347 saeculorum.

590 3379 788 3432 Amen.

2265 3289 2356 3341 τα).
2387 3286 2627 3353 αῦξουσι,
2668 3288 2766 3342 καὶ
2807 3289 3243 3361 καρποφοροῦσιο
3275 3291 3340 3360 τῇ
3385 3289 3440 3342 δὲ
3473 3288 3698 3361 αὐξήσει
3720 3287 3806 3339 τῶν

2267 3380 2474 3454 ἀρετῶν
2518 3382 2550 3452 ἡ
2584 3380 2887 3455 καθαρότης
2910 3380 3009 3452 τῆς
3045 3381 3272 3455 καρδίας
3300 3380 3681 3453 προσγίνεται·
3713 3382 3808 3440 ταῖς

590 3470 648 3525 δέ
679 3471 1008 3544 καθαρότησι
1051 3473 1151 3543 τῆς
1184 3475 1405 3545 καρδίας
1449 3477 1482 3547 ή
1519 3477 1845 3548 ἀποστολικὴ
1890 3480 2164 3549 τελειότης
2200 3474 2551 3531 ἐπακολουθεῖ
2584 3475 2763 3548 χάριτι
2800 3476 2895 3529 καὶ
2957 3476 3242 3548 συνεργείᾳ
3281 3475 3375 3529 τοῦ
3437 3476 3647 3547 Κυρίου
3681 3473 3809 3548 ἡμῶν

601 3562 777 3635 Ἰησοῦ
818 3563 1073 3635 Χριστοῦ,
1101 3560 1145 3633 ᾧ
1170 3568 1204 3637 ἡ
1228 3566 1352 3632 δόξα
1391 3569 1471 3631 εἰς
1503 3569 1627 3633 τοὺς
1667 3568 1867 3634 αἰῶνας
1890 3570 1998 3623 τῶν
2039 3570 2268 3626 αἰώνων.
2311 3571 2503 3642 Ἀμήν.

589 3675 929 3735 EIUSDEM
969 3681 1215 3738 MAGM
1251 3684 1669 3741 ATIIANASII
1704 3687 1800 3741 AD
1840 3687 2159 3741 EUMDEM

662 3748 1049 3805 CASTOREJI
1114 3753 1213 3807 DE
1244 3754 1433 3811 OCTO
1461 3755 1807 3812 ΜΑιιΤΙιΕ
1858 3757 2162 3814 COGITA-

663 3818 1054 3877 TIONIBUS.

662 3928 713 3984 l.
746 3928 857 4002 (77)
890 3930 1023 3987 Cum
1066 3936 1218 4003 prius
1243 3934 1310 3989 de
1338 3936 1728 3991 constitutione
1782 3937 2160 3993 coenobiorum

590 4021 757 4077 verba
804 4020 1126 4091 fecerimus,
1183 4027 1383 4081 vestris
1435 4026 1559 4082 freti
1620 4028 1999 4094 orationibus,
2048 4029 2160 4100 jam

596 4110 839 4166 scribere
873 4110 1219 4181 aggredimur
1268 4115 1335 4169 de
1388 4126 1514 4170 octo
1569 4118 1794 4174 malitia:
1818 4119 2163 4189 cogitationi-

592 4201 717 4263 bus,
742 4202 1009 4256 edacitate
1042 4201 1273 4268 scilicet,
1307 4202 1673 4263 fornicatione
1698 4247 1713 4271 ,
1757 4207 1985 4262 avaritia
2014 4248 2028 4270 ,
2054 4208 2157 4271 ira,

595 4290 839 4355 tristitia,
863 4292 1101 4362 pigritia,
1131 4310 1270 4348 vana
1314 4296 1486 4366 gloria
1518 4306 1573 4351 et
1604 4298 1882 4367 superbia.
1915 4296 2156 4353 Primum

594 4384 780 4454 itaque
807 4382 875 4440 de
917 4385 1246 4440 abstinentia
1275 4388 1491 4443 dicetur
1524 4405 1554 4443 a
1588 4391 1747 4445 nobis
1767 4431 1783 4456 ,
1812 4406 1933 4461 qua:
1976 4392 2158 4446 edaci-

2289 3691 2432 3743 ΤΟΥ
2480 3691 2717 3744 ΑΥΤΟΥ
2782 3691 3140 3743 ΜΕΓΛΛΟΥ
3189 3690 3599 3744 ΑΘΑΝΑΣΙΟΥ
3652 3688 3810 3741 ΠΡΟΣ

2341 3762 2481 3812 ΤΟΝ
2528 3761 2775 3813 ΑΥΤΟΝ
2832 3761 3158 3813 ΚΑΣῚῸΡΑ
3220 3762 3399 3814 ΠΕΡΙ
3468 3760 3609 3814 ΤΩΝ
3653 3757 3811 3813 ΟΚΤΩ

2341 3832 2479 3884 ΤΗΣ
2508 3832 2778 3884 ΚΑΚΙΑΣ
2812 3830 3205 3883 ΛΟΓΙΣΜΩΝ.

2335 3940 2390 3994 1.
2426 3940 2625 4011 Πρὼην
2653 3939 2740 3993 τὸν
2770 3941 2895 4013 περί
2926 3938 3308 4004 διατυπώσεως
3337 3939 3495 4009 λόγον
3527 3940 3636 3995 τῶν
3667 3957 3811 3993 κοινο-

2266 4031 2397 4085 6ίων
2420 4032 2793 4099 συντάξαντες,
2823 4032 2985 4086 πάλιν
3022 4032 3113 4086 ἐπὶ
3132 4032 3225 4086 τοῦ
3252 4033 3537 4103 παρόντος,
3561 4037 3681 4097 ταῖς
3704 4034 3813 4103 ὑμε-

2267 4124 2449 4195 τέραις
2487 4124 2669 4196 εὐχαῖς
2713 4123 3104 4196 θαρρήσαντες,
3156 4125 3587 4195 ἐπεχειρήσαμεν
3632 4124 3813 4195 γρὰέαι

2270 4214 2525 4287 περὶτῶν
2559 4214 2703 4268 ὀκτὼ
2722 4215 2821 4285 τῆς
2848 4216 3043 4279 κακίας
3070 4214 3371 4285 λογισμῶν
3400 4216 3813 4288 γαστριμαργίας

2268 4305 2409 4375 φημὶ
2455 4305 2549 4357 καὶ
2586 4304 2860 4376 πορνείας,
2909 4304 3269 4377 φιλαργυρίας
3296 4306 3389 4359 καὶ
3415 4307 3606 4377 ὀργῆς,
3662 4307 3815 4375 λύπης

2267 4392 2358 4446 καὶ
2390 4392 2638 4463 άκηδίας,
2672 4391 2974 4457 κενοδοξίας
3022 4393 3113 4445 καὶ
3137 4393 3532 4464 ὑπερηφανίας.
3569 4396 3816 4467 Προηγου-

593 4473 693 4528 tati
722 4474 971 4545 opposita
1005 4483 1118 4530 est:
1151 4491 1375 4547 agemus
1409 4479 1539 4534 item
1570 4480 1637 4535 de
1663 4481 2002 4550 jejuniorum
2040 4498 2161 4535 mo-

2272 4484 2447 4554 μένως
2488 4484 2664 4536 τοίνυν
2698 4484 2823 4554 περί
2855 4484 3176 4555 ἐγκρατείας
3211 4463 3441 4557 γαστρὸς
3475 4463 3815 4556 ἡμῖν-λεχθή-

592 4567 769 4634 do,de
786 4570 1048 4639 qualitate
1077 4579 1129 4625 et
1151 4573 1456 4641 quantitate
1504 4574 1911 4628 alimentorum.
1952 4575 2063 4645 (78)
2097 4573 2162 4629 Et

592 4658 709 4714 haec
736 4674 847 4714 non
873 4674 937 4715 ex
968 4661 1125 4714 nobis
1164 4662 1295 4730 ipsis
1336 4663 1537 4717 dicturi
1564 4679 1790 4731 sumus;
1823 4664 1914 4719 sed
1946 4680 2008 4719 ea
2040 4679 2162 4734 quae

578 4752 902 4823 accepimus
949 4766 980 4805 a
1024 4753 1227 4808 sanctis
1281 4752 1536 4808 Patribus
1586 4754 1811 4809 nostris.
1861 4752 1942 4808 llli
1978 4754 2163 4824 itaque

589 4860 702 4901 non
740 4859 903 4898 unam
931 4844 1126 4915 jejunii
1162 4846 1426 4915 regulam,
1461 4862 1638 4917 neque
1678 4862 1850 4901 unum
1876 4847 2162 4901 comestio—

590 4936 677 4990 nis
707 4934 950 4998 modum,
984 4950 1159 5005 neque
1191 4935 1437 4990 eamdem
1480 4937 1653 5005 ipsam
1706 4936 1962 4990 omnibus
2018 4949 2164 4987 men-

589 5041 773 5083 suram
804 5025 1114 5090 tradiderc,
1168 5027 1295 5097 quia
1353 5042 1460 5082 non
1515 5043 1705 5082 omnes
1757 5026 2001 5097 ejusdem
2033 5033 2162 5079 sunt

588 5117 824 5181 roboris,
855 5117 939 5171 vel
961 5118 1157 5181 (etatis,
1189 5130 1244 5173 et
1278 5120 1405 5189 quia
1440 5119 1531 5172 alii
1561 5119 1878 5173 infirmitate
1908 5116 2161 5186 corporis

588 5211 861 5275 laborant,
882 5210 971 5263 alii
1003 5210 1319 5265 delicatiore
1346 5223 1474 5266 sunt
1499 5225 1749 5281 corpore.
1777 5208 1956 5265 Unum
1978 5218 2157 5263 autem

586 5302 843 5357 omnibus
888 5301 1167 5356 tradidere
1199 5316 1447 5371 scopum,
1483 5308 1543 5354 ut
1592 5302 1806 5373 fugiant
1854 5298 2156 5369 crapulam,

588 5400 641 5446 et
663 5392 869 5447 ventris
900 5393 1244 5446 saturitatem
1286 5399 1608 5447 aversentur
1636 5411 1648 5448 :
1688 5405 1752 5446 ac
1784 5391 2157 5461 experimento

658 5545 701 5576 ⁸⁷
742 5542 764 5598 Ι
793 5546 922 5600 Cor.
957 5560 1059 5612 ιιι,
1096 5545 1182 5602 18.

659 5676 770 5746 (75)
797 5675 1046 5731 Cassian.
1086 5673 1329 5731 Institut.
1372 5678 1466 5731 lib.
1512 5693 1582 5742 tr,
1614 5674 1774 5733 cli.

658 5746 772 5820 (ιο)
807 5746 942 5802 lbid.
971 5761 1021 5802 c.
1048 5746 1136 5802 ιδ.

2270 4592 2440 4637 σεται,
2489 4575 2586 4645 τῆς
2624 4576 3003 4646 ἀντικειμένης
3056 4578 3121 4645 τῇ
3165 4575 3601 4647 γαστριμαργία·
3642 4576 3730 4628 τοῦ
3766 4591 3815 4626 τε

2267 4663 2467 4734 τρόπου
2496 4664 2604 4716 τῶν
2638 4665 2921 4734 νηστειῶν,
2961 4665 3054 4717 καὶ
3095 4664 3196 4735 τῆς
3239 4666 3524 4735 ποιότητος
3550 4667 3639 4718 καὶ
3671 4664 3817 4717 ποσόο

2265 4771 2425 4825 τητος
2474 4753 2581 4806 τῶν
2630 4753 2953 4825 βρωμάτων.
2999 4754 3106 4807 Καὶ
3152 4754 3325 4808 ταῦτα
3371 4756 3472 4808 οὐκ
3512 4753 3817 4824 ἀφ’ἐαυτῶν

2270 4846 2522 4918 ἐροῦμεν,
2568 4846 2681 4899 ἀλλ’
2710 4848 2852 4918 ἅπερ
2890 4846 3301 4919 παρειλήφαμεν
3342 4849 3493 4919 παρὰ
3522 4848 3625 4902 τῶν
3664 4847 3818 4916 ἁγίων

2267 4940 2421 5009 ἡμῶν
2463 4939 2738 5009 Πατέρων.
2788 4938 3011 4991 Ἐκεῖνοι
3057 4939 3233 4994 τοίνυν
3260 4940 3357 5009 οὐχ
3389 4940 3485 4992 ἕνα
3523 4939 3715 4994 κανόνα
3735 4954 3819 5008 vr,-

2268 5029 2471 5092 στείας,
2499 5029 2619 5083 οὐδὲ
2639 5029 2734 5083 ἐνα
2766 5029 2969 5101 τρόπον
3002 5030 3100 5101 τῆς
3126 5030 3234 5083 τῶν
3265 5029 3569 5102 βρωμάτων
3600 5029 3819 5103 μεταλή-

2262 5119 2429 5190 eam,
2462 5120 2584 5173 οὐδὲ
2610 5121 2670 5173 τὸ
2702 5121 2831 5175 αὐτὸ
2866 5122 3062 5194 μέτρον
3098 5123 3231 5176 πᾶσι
3264 5122 3620 5193 μεταδιδόασι,
3656 5122 3743 5176 διὰ
3767 5120 3821 5173 ti

2265 5210 2399 5280 μηδὲ
2448 5211 2657 5275 πάντας
2682 5211 2781 5283 τὴν
2810 5213 2978 5283 αὐτὴν
3022 5208 3173 5284 ἰσχὺν
3203 5211 3367 5284 ἔχειν,
3409 5214 3444 5284 ἣ
3487 5213 3573 5267 διὰ
3596 5213 3819 5283 ἠλικίαν.

2263 5299 2296 5368 ἢ
2330 5299 2397 5352 δι’
2427 5300 2727 5368 ἀσθένειαν,
2751 5302 2783 5374 ἢ
2811 5301 2897 5355 διά
2914 5299 3027 5366 ἐξιν
3046 5301 3387 5374 ἀστεωτέρου
3410 5302 3670 5374 σώματος.
3697 5299 3821 5355 Ἕνα

2263 5390 2319 5444 δὲ
2349 5391 2549 5445 σκοπὸν
2579 5395 2713 5447 πᾶσι
2737 5392 3171 5466 παραδεδώκασι,
3210 5393 3433 5464 φεύγειν
3458 5395 3553 5468 τὴν
3590 5394 3821 5466 πλησμο-

2338 5655 2452 5813 (τίιζ
2477 5670 2729 5752 Cassian.
2757 5668 3000 5727 Institul.
3030 5672 3123 5728 lib.
3154 5687 3208 5740 ν,
3241 5687 3292 5728 c.
3330 5671 3381 5742 l,
3411 5681 3464 5730 et
3486 5686 3593 5743 seq.

2340 5742 2432 5812 (78
2482 5740 2617 5797 Ibid.
2646 5756 2702 5798 ο.
2732 5741 2785 5797 5.

2340 5740 2452 5813 (78)
2482 5740 2617 5797 Ibid.
2646 5756 2702 5798 τ.
2732 5741 2785 5836 5.
