3924 6504
138 362 253 421 875

1250 362 1584 419 EPISTULA
1622 358 1665 420 II
1706 363 1796 419 AD
1833 360 2227 421 CASTOREM.

3274 361 3380 415 δτι

140 457 263 527 νην,
302 454 398 507 καὶ
424 451 857 525 ἀποστρέφεσθαι
887 452 984 525 τὴν
1014 455 1301 524 χθρτασίαν
1326 457 1423 525 τῆς
1448 457 1683 527 γαστρός
1703 474 1716 487 ·

1822 455 2231 525 comprobatum
2276 453 2531 508 dixerunt
2578 452 2767 509 utilius
2826 467 2949 509 esse
3001 452 3380 524 quotidianum

138 546 244 618 τὴν
277 546 339 600 δὲ
382 544 757 616 καθημερινὴν
786 544 1034 615 νηστείαν
1076 545 1400 617 ἐδοκίμασαν
1433 546 1718 617 ὠφελιμωδ

129 640 307 712 τέραν
341 634 503 702 εἶναι,
538 639 631 714 καὶ
668 637 1112 709 συμϐαλλομένην
1141 636 1278 691 εἶναι
1315 639 1450 710 πρὸς
1480 639 1716 711 καθαρόι-

138 747 306 801 τητα,
359 730 517 784 πλέον
547 731 647 801 τῆς
688 733 746 783 ἐν
790 729 1031 802 τρισὶνῆ
1080 730 1423 802 τέταρσιν,ἢ
1471 732 1563 785 καὶ
1613 732 1717 797 ἕως

139 822 438 892 ἑϐδομάδος
478 821 775 892 ἑλκομένης
816 821 1086 893 νηστείας.
1133 823 1243 875 Καὶ
1289 823 1397 894 γάρ
1439 839 1570 890 φασι
1627 822 1718 876 τὸν

136 915 398 986 ἀμέτρως
421 910 864 982 ἐπεκτεινόμενον
884 912 950 982 τῇ
979 909 1200 982 νηστεία
1225 910 1361 981 ὑπὲρ
1383 908 1576 982 μέτρον
1601 910 1720 962 πολ-

135 1007 298 1070 λάκις
323 1010 390 1078 τῇ
434 1008 606 1077 τροφῇ
639 1004 955 1075 κεχρῆσθαι,
996 1003 1074 1067 ὡς
1117 1005 1181 1063 ἐκ
1217 996 1404 1057 τοῦτου
1440 1003 1568 1057 ποτὲ
1619 1003 1718 1075 μὲν

134 1104 203 1171 τῇ
239 1098 514 1171 ὑπερϐολῇ
541 1098 642 1168 τῆς
681 1096 891 1160 ἀσιτίας
917 1096 1125 1149 άτονεῖν
1157 1095 1218 1149 τὸ
1250 1095 1426 1167 σῶμα,
1462 1094 1555 1148 καὶ
1582 1094 1718 1166 πρὸς

132 1194 240 1252 τὰς
269 1187 649 1260 πνευματικὰς
677 1185 1017 1258 λειτουργίας
1056 1186 1410 1259 ὀκνηρότερον
1433 1183 1713 1255 γίνεσθαι·

137 1283 274 1335 ποτὲ
300 1282 380 1345 δὲ,
415 1280 493 1351 τῷ
539 1279 732 1350 πλήθει
773 1279 879 1332 τῶν
920 1277 1133 1350 τροφῶν
1161 1277 1543 1349 βαρυνόμενον,
1576 1277 1715 1346 ἀκη-

132 1373 258 1425 am
292 1373 389 1425 καὶ
420 1370 689 1442 χαύνωσιν
734 1372 978 1440 ἐμποιεῖν
1010 1372 1074 1441 τῇ
1107 1368 1273 1440 ψυχῇ.
1310 1369 1419 1421 Καὶ
1463 1367 1623 1421 πάλιν
1655 1367 1716 1420 οὐ

134 1465 308 1517 πᾶσιν
344 1463 599 1534 ἁρμόδιον
649 1457 788 1516 εἶναι
819 1462 936 1532 τὴν
960 1461 1066 1514 τῶν
1107 1459 1353 1532 λαχάνων
1399 1458 1716 1531 μετάληψιν,

132 1553 260 1606 οὑδὲ
308 1555 447 1606 πᾶσι
492 1552 590 1623 τὴν
619 1552 727 1605 τῶν
766 1551 1027 1622 ὀσπρίων,
1057 1550 1177 1604 οὐδέ
1215 1549 1421 1612 πάντας
1460 1547 1716 1601 δύνασθαι

131 1647 201 1715 τῇ
228 1644 325 1698 τοῦ
356 1644 521 1715 ξηροῦ
547 1645 712 1714 ἄρτου
751 1642 1048 1715 κεχρῆσθαι
1072 1644 1277 1714 τροφῇ·
1314 1641 1408 1694 καὶ
1435 1639 1597 1693 πάλιν
1625 1639 1716 1691 τὸν

137 1737 243 1807 μέν
277 1754 413 1807 φησι
452 1736 544 1789 δύο
575 1736 762 1808 λίτρας
799 1734 1044 1789 ἐσθίοντα
1083 1735 1249 1806 ἄρτου
1284 1732 1469 1805 ἀκμὴν
1500 1733 1710 1803 πεινᾷν,

1813 542 2107 614 jejunium,
2128 551 2290 612 atque
2317 542 2384 596 ad
2415 542 2704 611 puritatem
2736 542 2909 613 magis
2937 543 3384 615 conferre,quam

1818 635 1865 690 si
1900 633 1968 688 ad
1992 642 2110 690 tres
2156 635 2238 689 vel
2282 642 2519 705 quatuor
2545 634 2696 700 dies,
2738 644 2832 688 aut
2872 633 2938 687 ad
2990 633 3382 693 hebdomadam

1817 741 1990 795 usque
2019 726 2288 796 jejunium
2315 725 2684 795 protrahatur.
2736 726 2904 779 Aiunt
2938 726 3081 780 enim
3135 742 3258 781 eum
3288 727 3382 797 qui

1817 816 2172 873 immoderate
2221 818 2489 887 jejunium
2549 817 2839 889 protrahit,
2889 819 3030 873 ultra
3073 807 3383 873 mensuram

1816 926 1960 982 saepe
1989 910 2112 966 cibo
2133 910 2243 973 uti;
2274 912 2349 965 ita
2376 921 2434 964 ut
2457 910 2584 965 hinc
2602 925 2744 981 sepe
2768 910 2982 965 accidat
3003 917 3061 964 ut
3091 910 3386 981 aliquando
3410 922 3413 929 ‘

1817 1003 2033 1073 quidem
2065 1018 2134 1057 ex
2160 1002 2326 1056 nimia
2358 1003 2693 1057 abstinentia
2747 1002 2801 1056 in
2836 1002 3156 1072 languorem
3183 1016 3386 1072 corpus

1814 1091 2045 1153 incidat,
2081 1100 2137 1147 et
2176 1090 2242 1145 ad
2290 1091 2596 1162 spiritualia
2639 1076 2944 1146 ministeria
2985 1091 3211 1162 segnius
3259 1106 3387 1146 eva-

1816 1182 1940 1251 dat;
2006 1183 2299 1255 aliquando
2350 1195 2544 1238 contra
2597 1184 2948 1240 multitudine
2999 1185 3384 1241 alimentorum

1815 1279 2136 1338 oneratum,
2181 1272 2451 1343 pigritiam
2507 1273 2899 1345 mollitiemque
2950 1275 3116 1328 animi
3166 1274 3387 1346 ingene-

1816 1370 1918 1418 ret.
1938 1361 2177 1436 Rursum
2201 1379 2308 1417 non
2339 1363 2596 1420 omnibus
2623 1375 2931 1435 competere
2956 1366 3167 1421 olerum
3193 1382 3381 1431 usum,

1818 1468 1923 1507 non
1951 1454 2205 1510 omnibus
2237 1455 2364 1509 item
2395 1454 2754 1524 leguminum,
2781 1471 2889 1510 non
2929 1472 3088 1526 posse
3128 1458 3385 1513 erunibus

1813 1545 1944 1601 sicci
2005 1546 2161 1615 panis
2216 1547 2531 1601 alimentum
2582 1546 2867 1603 sufficere:
2919 1549 3047 1604 item
3110 1564 3232 1605 esse
3287 1552 3388 1620 qui

1816 1638 2159 1695 manducatis
2202 1639 2359 1710 partis
2414 1639 2628 1694 duabus
2674 1641 2826 1698 libris
2876 1642 3057 1696 adhuc.
3107 1644 3382 1707 esuriant,

1817 1731 1955 1784 alios
2011 1730 2103 1800 qui
2155 1746 2262 1784 una
2309 1729 2484 1795 libra,
2549 1731 2659 1785 imo
2710 1747 2805 1787 sex
2866 1734 3042 1791 unciis
3093 1734 3380 1793 satientur.

134 1824 298 1877 ἄλλον
318 1824 376 1876 δὲ
400 1824 649 1878 ἐσθίοντα
680 1821 889 1895 λίτραν,
925 1824 961 1895 ἢ
989 1822 1049 1888 ἒξ
1078 1822 1303 1892 οὑγγίας
1335 1820 1711 1893 χορτάζεσθαι.

1822 1815 2083 1873 Omnibus
2119 1819 2333 1890 itaque,
2373 1828 2432 1873 ut
2461 1820 2665 1875 dictum
2705 1830 2809 1886 est,
2839 1838 3006 1877 unum
3041 1824 3389 1880 abstinentia

135 1917 315 1969 Πᾶσιν
350 1912 465 1979 οὖν,
488 1918 563 1978 ὼς
594 1917 827 1988 εἴρηται,
853 1912 951 1970 ἕνα
975 1914 1173 1970 σκοπὸν
1198 1913 1520 1987 ἐγκρατείας
1547 1931 1716 1987 παρα-

133 2008 431 2071 δεδώκασι,
464 2008 524 2062 τὸ
562 2010 634 2080 μὴ
672 2007 983 2063 ἀπατᾶσθαι
1025 2009 1286 2081 χορτασίξι
1318 2009 1541 2072 κοιλίας,
1580 2009 1713 2081 μηδέ

133 2100 458 2167 ἐξὲλκεσθαι
489 2103 554 2172 τῇ
583 2100 675 2153 τοῦ
702 2099 975 2172 λάρυγγος
1014 2100 1192 2173 ἡδονῇ.
1221 2100 1353 2154 Οὐδὲ
1392 2102 1499 2171 γὰρ
1526 2104 1558 2172 ὴ
1600 2102 1715 2155 δια-

134 2191 284 2263 φορά
310 2191 415 2261 τῆς
450 2191 728 2262 ποιότητος
758 2192 936 2263 μόνον,
974 2190 1108 2245 ἀλλὰ
1161 2192 1256 2246 καὶ
1287 2194 1320 2263 ἡ
1350 2193 1581 2263 ποσότης
1619 2192 1711 2246 τοῦ

131 2283 381 2353 πλήθους
432 2282 542 2335 τῶν
589 2283 891 2355 βρωμάτων
922 2282 988 2337 τὰ
1019 2284 1389 2355 πεπυρωμένα.
1434 2284 1561 2356 βέλη
1612 2285 1714 2354 τῆς

130 2370 418 2441 ἁμαρτίας
440 2370 626 2423 εἴωθεν
651 2372 942 2425 ἀνάπτειν·
982 2371 1094 2436 οἵας
1128 2372 1235 2444 γὰρ
1277 2373 1473 2444 δήποτε
1511 2370 1714 2446 τροφῆς

132 2460 492 2532 πληρουμένη
517 2462 727 2533 γαστὴρ
751 2450 1028 2527 ,ἀσωτίας
1066 2464 1354 2535 σπέρματα
1383 2464 1574 2519 τίκτει.
1608 2466 1714 2518 Καὶ

133 2553 308 2606 πάλιν
352 2553 410 2605 οὐ
439 2554 598 2622 μόνον
635 2553 908 2625 κραιπάλη
942 2555 1106 2620 οίνου,
1132 2555 1268 2609 ἀλλὰ
1301 2557 1394 2609 καὶ
1433 2556 1713 2629 πλησμονὴ

134 2642 357 2709 ὓδατος,
398 2646 495 2697 καὶ
542 2644 730 2697 πασῶν
764 2645 976 2715 τροφῶν
1015 2645 1284 2718 ὑπερϐολὴ
1325 2642 1713 2717 κεκαρωμένην

134 2735 237 2788 καὶ
263 2734 636 2799 νυστάζουσαν
656 2734 859 2806 ταῡτην
889 2735 1227 2803 ἀποτελοῦσι.
1252 2736 1374 2799 Τοῖς
1402 2735 1713 2806 Σοδομίταις

132 2828 239 2880 οὐκ
266 2828 415 2879 οἴνου
451 2826 544 2880 καὶ
572 2826 840 2899 διαφόρων
871 2826 1172 2898 βρωμάτων
1212 2826 1507 2897 κραιπάλη,
1543 2843 1713 2880 κατα..

137 2918 387 2988 capo-91‘];
426 2917 646 2986 γέγονεν
688 2918 854 2981 αἰτία,
888 2916 1001 2972 ἀλλ’
1030 2917 1194 2987 ἄρτου
1244 2916 1544 2988 πλησμονὴ,
1574 2916 1715 2971 κατὰ

133 3010 232 3061 τὸν
276 3010 584 3081 προφήτην.
624 3005 693 3063 Ἥ
744 3008 999 3063 ἀσθένεια
1016 3006 1107 3061 τοῦ
1150 3007 1397 3080 σώματος
1441 3008 1577 3079 πρδς
1617 3007 1714 3079 τὴν

137 3099 496 3172 καθαρότητα
535 3099 636 3170 τῆς
666 3097 889 3172 καρδίας
916 3100 1015 3153 οὐκ
1060 3098 1373 3153 ἀντίκειται.
1406 3098 1589 3153 Ταῦτα
1621 3096 1715 3154 οὖν

1820 1925 2043 1981 scopum
2072 1911 2437 1974 tradiderunt,
2476 1919 2534 1965 ut
2566 1928 2675 1966 non
2722 1913 3064 1983 decipiantur
3096 1918 3386 1973 saturitate

1816 2001 2047 2061 ventris.
2079 2016 2254 2071 neque
2284 2001 2575 2055 trahantur
2619 2002 2758 2072 gulae
2790 2004 3084 2074 voluptate.
3142 2004 3260 2060 Non
3288 2023 3385 2061 so-

1819 2092 1930 2147 lum
1961 2093 2103 2148 enim
2127 2093 2404 2163 qualitatis
2449 2092 2785 2160 dili'erentia,
2845 2096 2938 2151 sed
2978 2097 3141 2150 etiam
3187 2113 3382 2169 magna

1820 2184 2064 2239 ciborum
2117 2184 2429 2253 quantitas,
2476 2184 2645 2253 ignita
2694 2187 2898 2256 peccati
2959 2188 3060 2241 tela
3109 2188 3248 2243 solet
3293 2206 3384 2243 ac-

1818 2273 2072 2328 cendere.
2107 2274 2221 2345 (79)
2257 2272 2594 2345 Quocunque
2621 2278 2764 2331 enim
2792 2277 2917 2333 cibo
2944 2287 3135 2334 venter
3160 2280 3385 2350 implea-

1820 2373 1929 2431 tur,
1962 2367 2203 2422 libidinis
2238 2369 2445 2422 semina
2488 2369 2683 2439 gignit.
2729 2369 2805 2423 Ac
2854 2386 3072 2426 rursum
3118 2388 3224 2427 non
3269 2374 3382 2429 viui

1820 2459 1994 2513 solum
2028 2460 2282 2530 crapula,
2313 2459 2407 2516 sed
2435 2462 2598 2516 etiam
2631 2476 2784 2531 aquae
2817 2463 3116 2533 plenitudo,
3147 2479 3210 2519 ac
3243 2480 3385 2536 quo-

1820 2549 2071 2604 rumlibet
2131 2552 2377 2604 ciborum
2428 2551 2818 2620 redundantia,
2871 2553 3143 2608 hominem
3190 2569 3385 2625 aggra-

1820 2649 1966 2704 vant,
1987 2654 2050 2693 ac
2079 2648 2384 2710 torpentem
2407 2639 2904 2714 dormitantemque
2922 2644 3175 2699 reddunt.
3207 2646 3383 2701 Sodo-

1822 2732 1968 2787 mitis
2019 2747 2127 2785 non
2183 2733 2326 2795 vini,
2384 2748 2490 2786 non
2541 2735 2816 2790 variorum
2869 2735 3115 2791 ciborum
3158 2740 3382 2808 crapula

1822 2824 2193 2879 subversiunis
2236 2839 2398 2878 causa
2430 2824 2554 2890 fuit,
2584 2826 2676 2882 sed
2712 2827 2874 2897 panis
2901 2830 3157 2883 saturitas
3180 2870 3195 2895 ,
3225 2831 3385 2900 juxta

1820 2912 2136 2982 prophetam
2169 2913 2232 2967 ³⁸.
2250 2912 2360 2986 (801
2382 2912 2670 2971 lutirmitas
2685 2916 2931 2986 corporis
2953 2920 3175 2987 puritati
3201 2923 3383 2975 cordis

1821 3018 1930 3057 non
1961 3011 2261 3061 aversatur.
2316 3004 2389 3059 Ea
2418 3006 2601 3076 itaque
2630 3009 2843 3079 corpori
2880 3010 3089 3067 tribuas
3147 3028 3266 3083 qure
3301 3012 3385 3067 iu-

1825 3094 2051 3151 tlrmitas
2093 3096 2212 3166 ejus
2258 3097 2518 3168 postulat,
2549 3112 2657 3152 nou
2712 3114 2834 3170 quae
2863 3102 3112 3172 voluptas
3159 3104 3381 3173 expetit.

136 3168 666 3262 παρασχόμενος
702 3168 910 3260 σῶματι
947 3189 982 3244 ἃ
1005 3191 1038 3262 η
1062 3190 1309 3245 ἀσθένεια
1344 3191 1583 3255 ἀπαιτεῖ,
1620 3192 1718 3263 οὐχ

1822 3185 2078 3242 Ciborum
2104 3205 2239 3244 usus
2280 3190 2568 3244 adhibetur
2597 3168 2862 3260 quantum
2894 3191 2963 3246 ad
2992 3168 3163 3247 sitam
3198 3168 3385 3250 foven-

139 3284 294 3355 ἅπερ
323 3286 359 3355 ἡ
389 3283 550 3354 ἡδονὴ
589 3282 750 3338 θέλει.
796 3283 859 3335 Ἡ
885 3284 992 3336 τῶν
1034 3283 1336 3354 βρωμάτων
1379 3285 1569 3355 χρῆσις
1597 3284 1717 3337 ὅσον

140 3376 493 3447 ὖττωργῆσαι
519 3375 656 3449 πρὸς
687 3375 748 3429 τὸ
793 3375 891 3446 ζῇν
934 3374 1437 3447 παραλαμϐάνεται,
1467 3376 1564 3447 οὐχ
1597 3372 1718 3430 ὅσον

139 3466 434 3521 δουλεῦσαι
462 3469 581 3530 ταῖς
605 3468 799 3537 ὁρμαῖς
830 3465 927 3537 τῆς
954 3464 1259 3535 ἐπιθυμίας.
1310 3465 1374 3517 Ἢ
1411 3463 1719 3535 σύμμετρος

140 3557 245 3610 καὶ
286 3556 429 3627 μετά
475 3555 634 3624 λόγου
670 3555 776 3608 τῶν
815 3555 1029 3629 τροφῶν
1069 3553 1364 3626 μετάληψις
1406 3555 1503 3626 τῆς
1537 3555 1721 3623 ὑγείας

143 3649 431 3722 φροντίζει
451 3648 544 3701 τοῦ
571 3649 838 3717 σώματος,
855 3648 916 3701 οὐ
940 3646 1037 3719 τὴν
1056 3646 1362 3717 ἁγιωσύνην
1387 3647 1718 3717 ἀφαιρεῖται.

142 3744 320 3816 ἰ’ρος
353 3742 678 3814 ἐγκρατείας
710 3742 801 3795 καί⁵
833 3738 1011 3794 κανὼν
1038 3738 1464 3810 παραδεδομένος
1490 3739 1593 3792 ὑπὸ
1612 3739 1721 3793 τῶν

142 3833 322 3905 ἀπίων
366 3833 623 3903 Πατέρων
654 3831 884 3903 ἀκριϐὴς
914 3824 1066 3895 οὗτός
1099 3831 1235 3893 ἐστι,
1270 3828 1330 3882 τὸ
1366 3817 1442 3882 ἔτι
1479 3829 1576 3899 τῆς
1605 3828 1725 3899 όρέ-

144 3927 285 3996 ξεως
314 3926 659 3995 ἐγκειμένης,
686 3923 784 3995 τῆς
804 3922 1007 3997 τροφῆς
1032 3919 1433 3991 ἀπέχεσθαιτὸν
1455 3920 1719 3976 ἐσθίοντα.

144 4018 261 4071 Καὶ
290 4018 321 4069 ὁ
367 4015 685 4078 Ἀπόστολος
717 4014 772 4066 δὲ
804 4013 999 4067 εἰπών·
1042 4031 1060 4063 ι
1103 4011 1216 4082 Τῆς
1248 4009 1446 4083 σαρκὸς
1474 4009 1725 4081 πρόνοιαν

150 4108 229 4178 μὴ
258 4105 502 4162 ποιεῖσθε
529 4107 609 4168 είς
648 4102 959 4173 ἐπιθυμίαν,
1002 4121 1021 4154 θ
1054 4101 1116 4155 οὐ
1156 4101 1255 4172 τὴν
1283 4099 1584 4168 ἀναγκαίαν
1626 4100 1725 4169 τῆς

147 4201 297 4273 ζωῆς
324 4198 648 4270 κυϐέρνησιν
686 4195 975 4259 ἐκώλυσεν,
1009 4194 1143 4249 ἀλλά
1167 4196 1265 4266 τὴν
1301 4194 1577 4265 φιλήδονον
1609 4196 1728 4247 ἐπι-

151 4295 379 4367 μέλειαν
419 4290 817 4362 ἀπηγόρευσεν.
849 4288 1054 4352 Ἄλλως
1095 4305 1155 4342 τε
1184 4288 1278 4342 καὶ
1317 4287 1453 4362 πρὸς
1491 4286 1726 4359 καθαρό-

146 4402 291 4456 τητα
332 4381 545 4436 τελείαν
579 4381 674 4451 τῆς
713 4379 887 4451 ψυχῆς
937 4379 1071 4450 μόνη
1101 4380 1134 4449 ἡ
1160 4378 1338 4450 ἀποχὴ
1366 4376 1472 4429 τῶν
1508 4376 1729 4449 βρωμά-

149 4494 258 4531 των
282 4479 388 4530 οὖκ
419 4473 611 4545 ἰσχύει,
644 4475 692 4526 εἰ
729 4473 802 4544 μὴ
849 4474 941 4525 καὶ
969 4471 1026 4525 αί
1056 4471 1239 4525 λοιπαὶ
1280 4470 1470 4540 ἀρεταὶ
1501 4469 1726 4541 συνδρά-

154 4587 321 4642 μωσι.
347 4565 643 4638 Τοιγαροῦν
671 4567 704 4635 ἡ
737 4564 1060 4628 ταπείνωσις
1096 4562 1183 4616 διά
1227 4562 1325 4633 τῆς
1354 4562 1598 4633 ὑπακοῆς
1627 4560 1722 4615 τοῦ

149 4661 317 4734 ἔργου
354 4659 450 4712 καὶ
477 4660 600 4729 τῆςο
621 4655 714 4710 τοῦ
762 4654 1008 4725 σώματος
1045 4658 1482 4727 καταπονήσεως,
1515 4653 1723 4725 μεγάλα

147 4755 285 4825 ἡμῖν
320 4750 705 4822 συμϐάλλεται.
750 4750 813 4801 Ἡ
836 4747 1015 4819 ἀποχὴ
1046 4747 1147 4817 τῆς
1168 4747 1523 4819 φιλαργυρίας
1553 4748 1614 4800 οὐ
1639 4747 1726 4819 μό-

150 4864 241 4901 νον
268 4843 331 4896 τὸ
359 4842 438 4914 μὴ
480 4842 622 4912 ἔχειν
667 4841 942 4913 χρήματα,
971 4837 1105 4892 ἀλλὰ
1137 4838 1271 4911 μηδέ
1314 4839 1597 4910 ἐπιθυμεῖν
1637 4855 1726 4892 κε-

147 4935 406 5006 κτῆσθαι.
462 4932 606 5004 Πρὸς
651 4932 999 5005 καθαρότητα
1040 4930 1138 5003 τὴν
1176 4930 1352 5003 ψυχὴν
1400 4932 1585 5003 ὁδηγεῖ
1628 4932 1728 5003 τῆς

146 5029 322 5099 ὀργῆς
344 5028 378 5097 ή
405 5024 606 5096 ἀποχὴ,
627 5025 726 5095 τῆς
751 5022 946 5094 λύπης,
971 5023 1068 5093 τῆς
1089 5022 1410 5089 κενοδοξίας,
1445 5024 1540 5093 τῆς
1557 5023 1727 5093 ὑπερ-

150 5120 413 5190 ηιρανίας.
463 5117 650 5172 Ταῦτα
701 5117 877 5171 πάντα
919 5115 1019 5187 τὴν
1059 5113 1352 5186 καθολικὴν
1390 5114 1491 5185 τῆς
1552 5113 1729 5186 ψυχῆς

155 5208 508 5280 καθαρότητα
569 5205 957 5277 ἀπεργάζεται.
994 5204 1105 5276 Τὴν
1145 5204 1203 5258 δέ
1251 5204 1339 5258 διά
1381 5204 1731 5276 σωφροσύνης

154 5302 390 5374 μερικὴν
410 5300 518 5371 ’τῆς
540 5300 714 5371 ψυχῆς
741 5298 1086 5371 καθαρότητα
1115 5297 1405 5371 ἐξαιρέτως
1436 5297 1732 5370 ἐγκράτεια

230 5524 278 5560 ⁸⁵
310 5522 511 5580 Ezech.
546 5538 667 5584 XVI,
701 5520 791 5576 49.
867 5520 910 5552 ”
951 5518 1111 5575 Rom.
1150 5534 1282 5579 snt,
1322 5517 1409 5572 Η.

242 5722 343 5790 (79)
375 5724 626 5779 Cassian.
662 5722 898 5775 Ittstitttt.
931 5720 1028 5773 lib.
1066 5736 1117 5781 ν,
1149 5733 1178 5772 c
1224 5716 1277 5773 6.

260 5796 346 5867 80)
379 5795 513 5850 Ibid.
548 5811 599 5849 e.
628 5794 680 5849 7.

479 5887 750 5949 ΡΑτκοι..
786 5882 900 5944 (in.
938 5876 1234 5942 XXVIII.

1820 3278 1943 3332 dam
1968 3281 2334 3335 necessarium
2367 3290 2471 3344 est,
2495 3298 2604 3337 non
2636 3291 2696 3337 ut
2731 3283 2955 3354 impetui
2990 3286 3388 3358 concupiscen-

1821 3372 1908 3427 tia
1931 3372 2215 3427 serviatur.
2246 3372 2520 3428 Moderata
2548 3385 2602 3430 et
2629 3376 2968 3433 rationabilis
2998 3379 3106 3433 cibi
3148 3381 3386 3452 sumptio

1821 3464 2106 3519 sanitatem
2151 3467 2399 3534 corporis
2429 3467 2733 3533 conciliat,
2780 3484 2879 3523 nec
2912 3450 3386 3526 sanctitatemvau-

1824 3555 1950 3609 fert.
1966 3555 2077 3629 (81)
2103 3556 2228 3612 Ilaac
2247 3572 2438 3612 norma
2467 3568 2520 3614 et
2542 3561 2728 3630 regula
2751 3569 2835 3616 est
2861 3561 3205 3619 abstinentiae
3225 3578 3387 3618 accu-

1824 3658 1962 3711 rata,
1994 3665 2023 3703 a
2049 3651 2257 3706 sanctis
2284 3649 2536 3707 Patribus
2565 3652 2763 3707 tradita
2787 3694 2802 3717 ,
2851 3661 2909 3706 ut
2942 3654 3181 3709 instante
3209 3655 3386 3711 adlmc

1824 3741 2086 3811 appetitu,
2113 3742 2218 3796 cibi
2239 3744 2492 3799 sumendi
2526 3742 2687 3799 tinem
2723 3743 2886 3797 faciat
2915 3746 3007 3816 qui
3041 3747 3295 3804 comedit.
3321 3748 3388 3803 Et

1826 3833 2120 3903 Apostolus
2151 3833 2279 3888 dum
2311 3835 2426 3891 ait:
2463 3854 2482 3887 ι
2518 3834 2714 3891 Carnis
2747 3850 2933 3890 curam
2964 3852 3033 3892 ne
3063 3837 3298 3894 feceritis
3331 3841 3384 3894 in

1825 3925 2095 3980 desiderio
2148 3925 2232 3991 ³’;
2270 3945 2288 3976 ι
2346 3942 2457 3981 non
2496 3927 2662 3998 318
2687 3927 3108 3983 sollicitudinem
3140 3929 3261 3985 vitai
3292 3947 3389 3985 ne-

1825 4029 2120 4071 cessariam
2150 4016 2445 4086 prohibuit.
2475 4017 2571 4073 sed
2612 4032 2800 4072 curam
2825 4019 2995 4074 vetuit
3024 4018 3267 4076 fovendae
3294 4038 3386 4076 νο·
3410 4008 3413 4011 ’

1828 4109 2069 4177 luptatis.
2091 4108 2203 4179 (82)
2229 4107 2495 4163 Caeterum
2519 4109 2584 4163 ad
2617 4109 2913 4180 perfectam
2949 4111 3145 4167 animat
3174 4115 3388 4184 purita-

1827 4205 1968 4264 tem,
2020 4197 2135 4252 sola
2171 4198 2416 4252 ciborum
2457 4199 2786 4255 abstinentia
2841 4216 2951 4257 non
2999 4201 3232 4268 sufﬁcit,
3282 4205 3387 4258 nisi

1828 4297 2158 4345 concurrant
2203 4298 2411 4345 caetera:
2441 4291 2688 4348 virtutes.
2745 4291 3036 4350 llumilitas
3080 4295 3263 4366 itaque
3295 4312 3391 4368 per

1829 4381 2189 4438 obedientiam
2223 4383 2277 4438 in
2319 4400 2501 4454 opere,
2530 4394 2586 4439 et
2634 4402 2730 4456 per
2763 4385 3104 4443 afllictionem
3146 4391 3393 4459 corporis

1830 4487 2025 4544 magna
2059 4476 2217 4530 nobis
2250 4475 2461 4530 confert
2494 4477 2653 4531 bona.
2709 4477 2841 4533 Illud
2894 4487 2979 4534 est
3012 4481 3252 4536 avaritias
3301 4498 3395 4537 cx-

1829 4573 2034 4635 pertem
2064 4580 2205 4630 esse,
2237 4581 2344 4622 non
2380 4567 2541 4621 modo
2570 4568 2833 4639 pecunias
2873 4584 2980 4622 non
3012 4567 3244 4635 habere,
3298 4572 3393 4626 sed

1829 4670 1900 4711 ne
1953 4657 2346 4726 concupiscere
2402 4658 2622 4728 quidem
2686 4660 2902 4714 illarum
2964 4663 3423 4735 possessionem,

1830 4746 2081 4801 Animam
2124 4748 2191 4802 ad
2227 4749 2519 4818 puritatem
2548 4751 2769 4806 adducit
2798 4752 3057 4808 cohibitio
3086 4755 3198 4818 ira},
3221 4754 3390 4823 tristi-

1832 4842 1941 4901 tize.
1967 4858 2120 4897 vanae
2149 4843 2354 4912 gloriae,
2384 4844 2669 4915 superbiae.
2703 4844 2827 4901 Haec
2869 4848 3050 4901 omnia
3085 4847 3391 4902 universam

1829 4934 2025 4989 anima:
2070 4935 2359 5005 puritatem
2393 4934 2650 4991 elIiciunt.
2688 4935 2984 4992 Pnritatem
3030 4948 3208 4993 autem
3246 4938 3391 4992 illam

1831 5025 2025 5079 animae
2051 5025 2377 5096 peculiarem
2400 5066 2415 5088 ,
2468 5041 2588 5096 qua:
2617 5043 2712 5098 per
2749 5027 3161 5098 temperantiam
3190 5026 3396 5082 obtine-

1832 5124 1957 5179 tnr,
2006 5115 2332 5170 abstinentia
2386 5115 2439 5170 in
2492 5117 2681 5187 primis
2713 5125 2767 5173 et
2814 5118 3083 5188 jejunium
3131 5116 3389 5173 eliiciuut.

1832 5205 2171 5276 Impossibile
2218 5207 2418 5277 quippe
2463 5218 2547 5262 est
2590 5223 2713 5261 eum
2745 5208 2838 5279 qui
2884 5214 3036 5264 satur
3058 5215 3246 5262 ventre
3276 5216 3395 5272 est,

1839 5299 2023 5351 animo
2082 5297 2366 5354 decertare
2420 5297 2685 5355 adversus
2704 5299 2954 5370 spiritum
2994 5297 3393 5355 fornicationis.

1909 5708 2023 5850 lii}
2054 5709 2187 5835 illi
2212 5726 2259 5834 ξ’
2288 5710 2340 5834 ῗί
