4050 6396
310 297 413 360 B71

1414 299 1749 358 EPlSTOLA
1787 302 1828 357 ll
1869 300 1959 356 AD
1996 296 2387 358 CASTOREM.

3432 282 3541 359 ἐτι

312 408 510 483 μᾶλλον
538 410 590 463 οι
634 410 797 479 σαρκὶ
843 410 1209 483 συνδεδεμένοι
1252 412 1529 486 ἄνθρωποι
1560 419 1674 480 τοῖς
1714 416 1876 487 ούρα-

1984 416 2137 470 ιιω1ἱε
2166 417 2233 475 ⁸⁸.
2262 417 2377 487 (87)
2401 414 2534 469 illud
2560 423 2737 471 autem
2764 422 2847 470 est
2873 412 3090 470 virtutis
3120 412 3348 486 hujusce
3380 430 3409 468 a
3453 432 3523 469 uo

310 501 442 563 νίοις
468 501 721 569 ἀγγέλοις
746 503 1170 572 συνομοιοῦνται,
1199 506 1274 568 ὡς
1307 508 1372 577 τῇ
1406 507 1724 579 σωφροσύνῃ
1750 523 1764 538 ⁸
1793 507 1879 560 διὰ

311 593 508 663 ταύτης
535 592 665 664 γάρ,
694 594 775 647 ἔτι
797 596 856 647 ὲν
881 598 946 667 τῇ
980 598 1050 667 γῇ
1071 596 1364 666 διάγοντες,
1403 599 1605 669 έχουσι,
1634 600 1772 652 κατὰ
1792 600 1881 652 τὸν

320 683 660 745 ’Δπόστολον.
682 686 741 739 τὸ
767 686 1066 758 πολίτευμα
1092 691 1151 741 ὲν
1177 689 1441 762 οὐρανοῖς.
1465 691 1671 761 Δεῖγμα
1705 691 1761 743 δὲ
1781 691 1875 745 τοῦ

310 776 406 848 τὴν
419 778 617 849 ἀρετὴν
636 777 837 849 ταύτην
848 778 1185 849 κεκτῆσθαιὴ
1196 782 1320 850 μᾶς,
1342 781 1402 833 τὸ
1421 781 1551 853 μηδὲ
1572 785 1698 853 μιᾶς
1712 782 1877 836 εικόνι

312 868 542 939 αισχρᾶς
564 870 863 933 φαντασίας
883 871 939 922 έν
957 872 1067 933 τοῖς
1091 870 1274 935 ὕπνοις
1295 871 1392 943 τὴν
1416 874 1590 945 ψυχὴν
1613 876 1877 946 προστρέ-

308 976 447 1033 χειν.
462 960 525 1012 Εἰ
539 959 648 1030 γὰρ
669 960 762 1012 καὶ
786 959 858 1031 μὴ
877 959 1142 1029 λογίξεναι
1164 963 1406 1034 ἁμαρτία
1426 966 1459 1035 ὴ
1479 964 1697 1036 τοιαύτη
1727 966 1879 1037 κίνη-

310 1066 413 1117 σις,
441 1052 590 1123 ὅμως
628 1054 925 1125 τεκμήριον
958 1054 1189 1125 ὑπάρχει
1218 1055 1312 1108 τοῦ
1354 1060 1526 1109 νοσεῖν
1553 1058 1652 1129 τὴν
1682 1058 1876 1130 ψυχὴν,

308 1145 401 1196 καὶ
429 1146 596 1219 μήπω
611 1145 705 1199 τοῦ
739 1145 939 1211 πάθους
968 1147 1329 1219 ἀπηλλάχθαι.
1358 1149 1468 1203 Καὶ
1495 1150 1686 1203 τούτου
1717 1153 1878 1223 χάριν

270 1273 275 1277 ς
308 1233 405 1297 τὰς
433 1234 834 1305 συμϐαινούσας
863 1239 991 1307 ἡμῖν
1021 1238 1077 1291 ὲν
1119 1242 1231 1301 τοῖς
1264 1238 1454 1303 ὕπνοις
1481 1242 1711 1313 αἰσχράς
1746 1260 1878 1310 φαν-

307 1325 496 1388 τασίας
523 1325 744 1396 ελεγχον
770 1323 906 1402 εῖναι
939 1328 1037 1398 τῆς
1070 1328 1445 1401 προλαϐούσης
1477 1331 1750 1402 ῥᾳθυμίας
1782 1333 1878 1385 καὶ

305 1415 407 1485 τῆς
441 1416 499 1467 ὲν
542 1416 673 1487 ἡμῖν
723 1400 1005 1481 ἀσθενείας
1042 1418 1311 1472 πιστεύειν
1349 1400 1653 1492 ὀφείλομεν,
1688 1425 1744 1475 ὲν
1768 1427 1877 1489 τοῖς

306 1504 644 1575 ἀποκρύφοις
669 1508 770 1573 τῆς
797 1504 975 1577 ψυχῆς
1002 1509 1496 1581 ἀποκεκρυμμένην
1526 1511 1678 1565 νόσον
1710 1530 1876 1581 φανε-

311 1598 629 1670 ροποιούσης
671 1599 771 1667 τῆς
819 1601 1108 1672 γινομένης
1147 1602 1353 1673 ῥύσεως
1393 1604 1452 1656 ὲν
1474 1607 1537 1676 τῇ
1568 1605 1662 1658 τοῦ
1708 1606 1873 1661 ὕπνου

307 1691 505 1745 ἀνέσει.
535 1692 626 1745 Διὸ
658 1693 750 1746 καὶ
788 1694 818 1746 6
853 1694 1034 1765 ἰατρὸς
1063 1694 1170 1747 τῶν
1190 1695 1381 1767 ψυχῶν
1406 1699 1463 1751 έν
1489 1701 1602 1762 τοῖς
1630 1701 1872 1770 ἀποκρύ-

1982 507 2072 562 ‘bis
2106 508 2386 578 acquisita!
2437 507 2697 562 iudicium
2732 525 2746 561 :
2783 507 2829 562 si
2872 505 3025 561 nulla
3076 506 3327 560 obscenae
3374 502 3541 576 phan-

1984 598 2137 651 tasia:
2172 598 2347 668 imago
2387 599 2704 654 dormientis
2765 598 2955 654 subeat
3009 600 3271 654 aniumm.
3319 594 3544 650 Etiamsi

1985 688 2128 740 enim
2165 697 2448 757 peccatum
2500 704 2608 741 non
2652 695 2933 758 reputatur
2988 686 3296 758 bujusmodi
3345 694 3542 748 motus,

1986 779 2200 847 signum
2248 789 2428 834 tamen
2465 787 2547 834 est
2576 781 2893 850 tegrotautis
2925 795 2988 833 ac
3019 780 3257 832 nondum
3291 776 3545 847 passione

1983 870 2249 941 319tali
2270 872 2511 926 liberata:
2524 873 2737 926 animae.
2761 871 3121 938 Quamobrem
3140 871 3407 924 obscenas
3423 868 3544 922 illas

1983 962 2295 1032 pliautasias
2336 962 2477 1018 inter
2524 965 2905 1018 dormiendum
2954 968 3308 1015 occurrentes
3353 969 3543 1031 potam

1985 1050 2247 1104 debemus
2288 1065 2410 1104 esse
2440 1053 2795 1120 praecedentis
2843 1050 3089 1121 segnitiei
3138 1063 3541 1120 argumentum,

1979 1146 2142 1207 atque
2175 1144 2378 1193 nostrae
2426 1138 2781 1202 inﬁrmitatis,
2832 1141 3188 1208 morbumque
3224 1143 3277 1192 iu
3332 1148 3544 1194 secreta

1978 1227 2162 1283 cordis
2190 1230 2361 1285 nostri
2387 1230 2643 1285 latentem
2675 1232 2849 1302 aperit
2874 1223 3111 1286 cessatio
3132 1231 3327 1285 soiuuii
3355 1245 3547 1301 exper-

1978 1316 2261 1386 giseentis.
2296 1318 2408 1389 (88)
2435 1319 2615 1385 Quare
2645 1322 2950 1374 animarum
2982 1320 3229 1376 medicus
3264 1322 3315 1376 iu
3349 1324 3547 1375 animai

1978 1409 2353 1475 penetralibus
2403 1412 2730 1466 medicinam
2794 1413 3071 1483 reposuit,
3122 1429 3322 1483 gnarus
3371 1413 3545 1473 morbi

1976 1512 2175 1553 causas
2214 1499 2348 1554 inibi
2376 1517 2520 1566 esse,
2556 1502 2684 1556 dum
2720 1503 2796 1556 ait
2831 1520 2843 1554 :
2882 1512 2905 1554 4
2948 1504 3052 1569 Qui
3087 1505 3308 1574 respicit
3352 1506 3546 1559 mulie-

1976 1602 2090 1642 rem
2137 1589 2203 1642 ad
2238 1592 2733 1662 concupiscendum
2777 1609 2917 1659 eam,
2945 1595 3058 1664 jam
3111 1596 3418 1651 tumeliatus
3459 1609 3545 1655 est

1976 1695 2095 1734 eam
2131 1680 2184 1734 in
2215 1683 2382 1736 corde
2419 1684 2625 1739 suo":
2667 1703 2686 1735 ι
2715 1701 2823 1740 non
2871 1696 3080 1741 tantmn
3114 1697 3171 1741 ut
3216 1688 3451 1765 lascivos
3489 1701 3544 1745 et

306 1801 426 1853 φοις
466 1783 571 1853 τῆς
631 1784 811 1855 ψυχῆς
859 1786 920 1837 τὸ
944 1764 1591 1858 ίφάρμακονῠέναπέθετο,
1631 1790 1757 1845 ἔνθα
1780 1764 1875 1845 καὶ

1975 1769 2225 1824 curiosos
2242 1774 2428 1827 oculos
2447 1775 2765 1845 corrigeret,
2792 1777 2888 1832 sed
2916 1779 3084 1832 multo
3106 1781 3277 1852 magis
3306 1781 3541 1835 animam

303 1877 401 1938 τὰς
432 1876 609 1940 αίτίας
632 1877 731 1948 τῆς
755 1877 910 1931 νόσου
960 1878 1224 1950 ὑπάρχειν
1264 1880 1524 1948 ἐγίνωσκε
1549 1920 1563 1943 ,

313 1985 331 2018 ι
388 1968 445 2022 Ὀ
501 1968 778 2039 ὲμσλέψας
819 1970 1040 2038 γυναικὶ
1086 1971 1223 2041 πρὸς
1252 1971 1313 2023 τὸ
1348 1972 1679 2043 ἐπιθυμῆσαι
1705 1975 1876 2047 αὐτὴν

304 2057 403 2128 ήδη
437 2057 754 2131 ἐμοίχευσεν
792 2060 960 2132 αὐτὴν
996 2063 1053 2114 ἐν
1080 2063 1145 2133 τῇ
1178 2052 1375 2133 καρδίᾳ
1408 2064 1606 2117 αὕτοῦ·
1646 2084 1663 2115 ι
1699 2066 1758 2119 οὕ
1788 2083 1876 2119 το-

305 2150 494 2204 σοῦτον
537 2152 668 2215 τοὺς
723 2154 1014 2224 πορνικοῦς
1067 2154 1160 2207 καὶ
1206 2156 1528 2226 περιέργους
1566 2156 1875 2228 ὀφθαλμοὺς

303 2241 702 2313 διορθούμενος,
731 2245 855 2297 ὅσον
876 2246 973 2314 τὴν
992 2244 1136 2298 ἔνδον
1160 2245 1507 2319 ένιδρυμένην
1535 2247 1728 2320 ψυχὴν,
1755 2250 1875 2320 ἦτις

300 2335 414 2396 τοῖς
441 2332 593 2404 παρὰ
621 2332 755 2387 Θεοῦ
777 2334 1005 2389 δοθεῖσιν
1028 2338 1114 2389 ἐπ’
1148 2336 1337 2407 ἀγαθῷ
1359 2337 1653 2410 ὀερθαλμοῖς
1690 2340 1876 2407 κακῶς

302 2424 564 2496 κέχρηται
587 2440 600 2455 ·
618 2424 805 2479 τούτου
822 2427 979 2498 χάριν
1001 2428 1093 2481 καὶ
1119 2427 1308 2501 ἡσοφὴ
1333 2432 1599 2502 παροιμία
1613 2432 1673 2485 οὕ
1703 2431 1871 2501 λέγει,

302 2516 459 2590 Πάσῃ
503 2517 715 2589 φυλακῇ
760 2524 917 2590 τήρει
962 2521 1085 2583 τοὺς
1116 2520 1443 2591 ὀφθαλμοὺς,
1484 2524 1637 2585 ἀλλὰ,
1670 2543 1688 2575 ι
1720 2526 1874 2599 Πάσῃ

302 2607 515 2679 φυλακῇ
554 2610 708 2679 τήρει
747 2610 846 2681 σὴν
887 2610 1141 2682 καρδίαν·
1188 2632 1207 2663 ι
1253 2613 1434 2685 ἐκείνῃ
1479 2614 1712 2685 μάλιστα
1754 2618 1874 2668 ἐπι-

302 2699 455 2754 θεῖσα
489 2701 590 2771 τὴν
629 2701 870 2771 ἰατρείαν
897 2702 998 2772 τῆς
1019 2702 1283 2776 φυλακῆς,
1318 2708 1384 2777 τῇ
1420 2706 1737 2779 κεχρημένη
1759 2709 1873 2771 τοῖς

284 2789 606 2861 ὀφθαλμοῖς
640 2793 721 2855 είς
748 2790 783 2845 ἀ
825 2792 1092 2863 βούλεται.
1126 2794 1424 2867 Τοιγαροῦν
1452 2796 1588 2867 αὑτὴ
1618 2796 1754 2850 ἔστω
1773 2797 1873 2867 τῆς

300 2880 622 2952 καθάρσεως
641 2880 798 2952 ἡμῶν
846 2882 1035 2955 πρώτη
1089 2884 1323 2957 φυλακὴ.
1359 2887 1463 2951 ἵνα,
1506 2888 1595 2941 ὅτε
1626 2890 1693 2958 τῇ
1733 2889 1871 2958 ἠμε-

298 2970 434 3041 τέρα
461 2969 667 3041 διανοίᾳ
693 2971 879 3044 μνήμη
909 2974 1165 3040 γυναικὸς
1190 2974 1410 3047 γένηται
1440 2977 1756 3031 ἀναδοθεῖσα
1784 2975 1869 3031 διὰ

1617 1883 1839 1951 φάσκων
1857 1900 1870 1913 ·

297 3059 398 3130 τῆς
441 3060 751 3132 διαὼλικῆς
783 3063 1080 3133 ἐνεργείας,
1126 3066 1174 3117 εί
1203 3065 1615 3150 τύχοιῦμητρδς,
1653 3066 1684 3139 ἢ
1714 3068 1869 3121 ἀδελ-
1898 3100 1940 3160 C

298 3152 428 3222 φῆς,
472 3152 506 3222 ἢ
557 3152 731 3205 ἄλλων
777 3154 1049 3222 γυναικῶν
1088 3156 1346 3220 sanam,
1380 3158 1587 3229 ταχέως
1608 3160 1775 3230 αὐτὴν
1810 3161 1874 3214 ὲκ

297 3244 397 3314 τῆς
430 3244 705 3315 ἡμετέρας
743 3246 968 3317 καρδίας
993 3246 1310 3317 ἐκϐάλωμεν
1330 3264 1345 3278 ·
1381 3247 1467 3301 ἵνα
1516 3250 1611 3320 μὴ,
1644 3251 1872 3305 ἐπιπολὺ

296 3333 685 3406 διατριϐόντων
711 3334 868 3404 ἡμῶν
920 3338 977 3388 ὲν
1005 3337 1141 3407 αὐτῇ
1174 3339 1241 3409 τῇ
1269 3335 1459 3410 γνώμῃ
1500 3338 1530 3391 6
1547 3337 1656 3393 τῶν
1687 3340 1873 3395 κακῶν

290 3424 556 3479 ἀπατεὼν
606 3427 670 3478 ὲκ
693 3424 895 3479 τούτων
936 3426 1044 3478 τῶν
1078 3427 1382 3498 προσώπων
1421 3429 1755 3502 κατακυλίσῃ
1780 3433 1873 3484 καὶ

294 3513 718 3585 κατακρημνίσῃ
749 3514 846 3586 τὴν
877 3515 1114 3569 δ.άνοιαν
1161 3518 1242 3581 εἰς
1278 3518 1507 3589 αἰσχράς
1539 3520 1631 3573 καὶ
1661 3522 1876 3574 ἐπιϐλα-

293 3604 412 3669 σεῖς
438 3604 785 3675 ἐνθυμήσεις,
828 3605 1010 3670 καθὼς
1056 3608 1148 3660 καὶ
1188 3610 1222 3679 ἡ
1264 3610 1414 3681 παρὰ
1456 3610 1590 3664 Θεοῦ
1623 3611 1757 3683 πρὸς
1782 3613 1872 3665 τὸν

290 3695 518 3767 πρῶτον
548 3694 762 3748 δοθεῖσα
796 3696 981 3767 ἐντολὴ
1026 3696 1256 3761 κελεύει,
1284 3700 1470 3768 τηρεῖν
1503 3698 1602 3768 τὴν
1635 3699 1873 3771 κεφαλὴν

285 3787 386 3843 τοῦ
413 3788 615 3856 ὄφεως,
639 3789 883 3842 τουτέστι
933 3789 1027 3843 τοῦ
1072 3790 1336 3861 βλαϐεροῦ
1364 3791 1625 3863 λογισμοῦ
1643 3795 1740 3865 τὴν
1773 3797 1874 3867 ἀρ-

279 3882 418 3953 χὴν,
446 3879 516 3933 δι’
569 3875 739 3951 οὕπερ
772 3881 958 3952 ἕρπειν
989 3884 1068 3945 εἰς
1106 3882 1205 3953 τὴν
1249 3882 1525 3954 ἡμετέραν
1552 3884 1726 3955 ψυχὴν
1756 3888 1876 3940 ἐπι-

278 3974 501 4044 χειρεῖ·
535 3972 619 4025 ἶνα
646 3971 721 4043 μὴ
758 3976 823 4043 τῇ
849 3972 949 4042 τῆς
979 3972 1221 4044 κεφαλῆς
1254 3974 1553 4046 παραδοχῇ,
1579 3976 1702 4046 ἥτις
1726 3978 1874 4032 ἐστὶν

275 4065 319 4133 ἠ
349 4060 627 4134 προσΰολὴ
658 4062 753 4115 τοῦ
774 4062 1053 4134 λογισμοῦ,
1080 4063 1142 4116 τὸ
1166 4062 1350 4118 λοιπὸν
1363 4065 1457 4118 τοῦ
1483 4066 1661 4135 ὄφεως
1692 4068 1870 4139 σῶμα,

274 4153 545 4209 τουτέστι
583 4154 685 4225 τῆς
718 4154 911 4225 ἡδονῆς
951 4155 1048 4228 τὴν
1070 4155 1380 4218 κατάθεσιν,
1415 4158 1870 4231 παραδεξώμεθα,

1976 1856 2125 1912 intus
2152 1860 2334 1925 sitam,
2362 1877 2483 1931 qua
2516 1866 2693 1920 oculis
2731 1866 2798 1919 ad
2835 1867 3034 1921 bonum
3064 1869 3166 1923 sibi
3199 1887 3227 1923 a
3262 1870 3370 1927 Deo
3399 1873 3543 1928 datis

1977 1946 2224 2015 improbe
2266 1958 2351 2004 est
2373 1966 2471 2005 usa
2504 1971 2517 2005 :
2553 1968 2674 2022 quae
2704 1969 2871 2010 causa
2916 1965 2999 2009 est
3028 1959 3140 2011 ‘eur
3171 1961 3389 2030 sapiens
3419 1978 3544 2031 pro-

1974 2036 2220 2091 verbium
2272 2038 2438 2102 dicat,
2472 2056 2604 2104 non,
2635 2040 2799 2097 Omni
2831 2045 3078 2099 custodia
3112 2064 3267 2103 serra
3316 2053 3542 2120 oeulos;

1972 2126 2093 2185 sed.
2125 2148 2144 2178 ι
2180 2127 2339 2184 Omni
2365 2132 2615 2186 custodia
2647 2147 2802 2187 serva
2845 2150 2941 2189 cor
2978 2145 3133 2191 tuum
3164 2139 3230 2194 “.
3271 2160 3288 2191 ι
3323 2140 3401 2197 illi
3436 2145 3547 2197 sci-

1976 2219 2104 2275 licet
2154 2225 2388 2281 maxime
2438 2226 2703 2282 custodiae
2745 2230 3041 2284 remedium
3094 2235 3368 2303 applicat,
3421 2252 3546 2310 qua:

1971 2317 2151 2374 oculis
2180 2318 2410 2372 arbitrio
2435 2333 2540 2372 suo
2570 2320 2759 2375 utitur.
2790 2322 2902 2392 (89)
2945 2321 3129 2394 Itaque
3161 2327 3271 2379 lucc
3303 2328 3372 2381 sit
3415 2345 3547 2399 pur-

1974 2410 2209 2479 gationis
2235 2418 2436 2465 uestra:
2477 2413 2653 2482 prima
2704 2415 2985 2482 custodia;
3036 2425 3095 2469 ut
3141 2435 3263 2472 eum
3309 2432 3544 2478 mentem

1973 2511 2217 2557 nostram
2268 2502 2513 2558 mulieris
2556 2507 2856 2571 memoria,
2902 2508 3167 2563 diabolica
3198 2516 3540 2582 operatione,

1974 2592 2227 2657 subierit,
2274 2594 2496 2650 etiamsi
2540 2598 2753 2660 matris,
2786 2608 2878 2651 aut
2920 2601 3150 2665 sororis,
3198 2613 3295 2656 aut
3327 2605 3542 2676 piarum

1973 2685 2202 2740 aliarum
2254 2688 2567 2755 mulierum,
2600 2700 2812 2746 mature
2850 2694 2995 2750 illam
3044 2711 3109 2751 ex
3157 2698 3323 2753 corde
3357 2710 3545 2757 nostro

1970 2777 2259 2846 ejiciamus
2301 2794 2314 2831 :
2348 2795 2416 2835 ne
2450 2781 2495 2835 si
2529 2781 2582 2835 iu
2618 2784 2709 2837 tali
2745 2786 3073 2856 cogitatione
3114 2788 3320 2843 diutius
3353 2791 3546 2845 immo-

1973 2883 2179 2931 remur,
2208 2869 2465 2924 seductor
2508 2886 2571 2927 ac
2615 2876 2882 2929 manrum
2930 2886 3123 2932 auctor
3160 2878 3270 2942 ille,
3302 2896 3365 2935 ex
3397 2881 3545 2951 ejus-

1972 2961 2117 3015 modi
2148 2963 2391 3015 vultuum
2440 2964 2746 3033 phantasia,
2791 2968 2843 3021 iu
2874 2968 3139 3023 obscenas
3170 2979 3223 3024 et
3250 2970 3545 3030 damnosas

1971 3053 2330 3124 cogitationes
2365 3065 2598 3109 mentem
2628 3057 2877 3111 devolvat
2907 3074 2969 3111 ac
2992 3060 3325 3130 prmcipitet;
3351 3079 3544 3132 quein-
3658 3058 3668 3067 ’

1972 3144 2264 3199 aduiodum
2297 3147 2607 3217 praecipitur
2649 3150 2909 3203 mandato
2944 3151 3035 3204 illo
3068 3149 3157 3206 Dei
3191 3152 3257 3206 ad
3309 3155 3539 3223 primum

1976 3235 2249 3290 hominem
2280 3237 2428 3303 dato,
2481 3247 2539 3292 ut
2583 3239 2843 3295 nimirum
2888 3242 3203 3299 observaret
3234 3254 3399 3317 caput
3429 3262 3546 3301 ser-

1974 3327 2174 3398 pentis,
2227 3328 2279 3382 id
2328 3337 2432 3393 est,
2479 3330 2805 3401 principium
2842 3331 3120 3389 damnosa:
3170 3336 3542 3407 cogitationis,

1972 3434 2082 3488 qua
2117 3418 2172 3472 in
2193 3419 2430 3474 animam
2456 3428 2699 3475 nostram
2732 3422 2971 3492 irrepere
2998 3425 3225 3493 nititur;
3258 3436 3317 3480 ut
3348 3444 3415 3483 ue
3450 3430 3546 3484 ad-

1970 3510 2146 3565 misso
2175 3511 2372 3578 capite,
2404 3512 2456 3565 id
2488 3520 2593 3576 est,
2630 3515 2801 3583 prima
2833 3517 3181 3587 rogitationis
3217 3519 3541 3589 irruptiune.

1975 3600 2243 3669 reliquum
2308 3602 2577 3670 serpentis
2633 3618 2869 3673 corpus,
2923 3606 3131 3662 scilicet
3212 3625 3540 3665 consensum

1973 3690 2295 3760 voluptatis,
2328 3691 2679 3747 admittamus
2697 3710 2714 3759 ;
2735 3704 2896 3764 atque
2920 3695 3045 3749 binc
3070 3695 3286 3751 demum
3315 3699 3368 3751 in
3393 3698 3543 3754 nefa-

1974 3782 2115 3836 rium
2148 3780 2360 3835 facinus
2391 3790 2625 3837 mentem
2658 3785 2749 3839 ille
2778 3785 3000 3855 dejiciat
3027 3803 3042 3838 :
3073 3788 3168 3843 sed
3200 3804 3300 3859 par
3322 3798 3427 3856 est,
3460 3794 3538 3845 uti

1973 3875 2235 3944 scriptum
2263 3881 2346 3927 est
2374 3873 2438 3936 θ’,
2477 3874 2531 3929 in
2568 3876 2834 3931 matutino
2863 3879 3169 3935 interﬁcere
3196 3896 3386 3939 omnes
3416 3899 3544 3954 pec-

1972 3974 2191 4021 catores
2240 3973 2431 4029 terras;
2463 3968 2513 4022 id
2546 3977 2652 4030 est,
2687 3969 2892 4025 lumine
2932 3975 3264 4044 cognitionis
3295 3975 3541 4030 interno-

1971 4072 2127 4112 scere
2162 4065 2327 4130 atque
2379 4061 2694 4129 disperdere
2739 4065 3099 4134 cogitationes
3144 4066 3212 4120 ad
3258 4076 3538 4138 peccatum

1972 4149 2338 4220 deducentes;
2371 4169 2434 4207 ex
2467 4161 2634 4215 terra,
2673 4155 2885 4210 scilicet
2915 4158 2988 4210 e.\'
3038 4158 3221 4221 corde,
3250 4159 3406 4228 juxta
3438 4157 3544 4211 Do-

270 4248 389 4301 καὶ
424 4247 491 4299 ἐκ
514 4245 704 4299 τούτου
738 4246 921 4300 λοιπὸν
950 4247 1042 4300 ἐπὶ
1080 4247 1178 4318 τὴν
1210 4247 1465 4320 ἀθέμιτον
1499 4250 1698 4321 πρᾶξιν
1742 4270 1874 4306 κατ-

1975 4243 2105 4297 mini
2130 4259 2340 4300 vocem.
2365 4244 2431 4299 Et
2472 4245 2600 4299 dum
2641 4248 2818 4302 adhuc
2848 4249 3058 4320 parruli
3092 4260 3221 4305 sunt
3246 4250 3338 4304 iilii
3362 4250 3541 4322 Baby-

264 4338 495 4408 ενέγκῃ
521 4335 620 4409 τὴν
635 4337 892 4392 διάνοιαν·
910 4336 1046 4391 ἀλλά
1075 4340 1359 4411 προσήκει,
1391 4341 1530 4395 κατά
1551 4342 1611 4395 τὸ
1635 4359 1875 4414 γεγραμ-

1975 4335 2135 4398 Ionis,
2162 4352 2260 4391 seu
2297 4339 2450 4392 malae
2478 4339 2855 4408 cogitationes,
2900 4350 3012 4394 tum
3063 4356 3157 4396 eos
3186 4343 3304 4396 solo
3326 4354 3543 4412 azquare

266 4428 482 4501 μένον,
512 4429 593 4491 είς
614 4427 712 4490 τὰς
736 4428 945 4501 πρωΐας
975 4430 1290 4482 ἀποκτενεῖν
1311 4430 1520 4495 πάντας
1542 4434 1666 4497 τοὺς
1692 4413 1805 4503 ἁμα
1814 4450 1873 4505 ρ-

1976 4434 2139 4495 atque
2175 4430 2397 4484 allidere
2424 4438 2639 4501 oportet
2678 4431 2744 4485 ad
2779 4441 2986 4501 petram
3021 4432 3087 4495 “,
3120 4450 3240 4506 qua:
3268 4444 3350 4489 est
3382 4434 3544 4488 Chri—

255 4517 500 4581 τωλοῦς
517 4516 617 4587 τῆς
644 4517 770 4588 γῆς,
798 4516 1043 4571 τουτέστι
1078 4516 1156 4588 τῷ
1185 4520 1321 4588 φωτὶ
1356 4521 1455 4591 τῆς
1484 4520 1737 4590 γνώσεως
1762 4524 1875 4577 δια-

1975 4529 2111 4576 atus.
2149 4522 2205 4577 Si
2249 4524 2395 4577 etlim
2435 4540 2709 4579 consensu
2752 4532 2944 4579 nostro
2985 4526 3051 4579 ad
3107 4527 3314 4581 virilem
3349 4542 3541 4596 νει-νος

254 4610 522 4685 κρίνειν,
554 4610 646 4662 καὶ
674 4608 1036 4680 ἐξολοθρεύειν
1057 4612 1182 4674 τοὺς
1206 4610 1564 4683 ἁμαρτωλοὺς
1587 4611 1876 4683 λογισμοὺς

1975 4612 2125 4666 niant
2161 4621 2396 4676 aetatem,
2423 4631 2532 4669 non
2557 4616 2693 4669 citra
2723 4630 2949 4685 magnos
2984 4616 3215 4686 gemitus
3242 4624 3297 4671 et
3326 4615 3543 4672 labores

249 4706 340 4759 ὲκ
383 4702 493 4772 τῆς
535 4702 659 4771 γῆς,
684 4701 806 4771 ἦτις
846 4702 992 4754 ἐστὶν
1022 4703 1055 4771 ὴ
1089 4701 1303 4774 καρδία,
1330 4702 1469 4756 κατά
1496 4704 1596 4775 τὴν
1635 4703 1730 4756 τοῦ
1761 4706 1875 4757 Κυ-

1975 4706 2400 4773 superatnmtur.
2431 4706 2509 4760 Ad
2545 4721 2608 4761 ea
2635 4713 2814 4761 autem
2851 4721 2972 4777 qua!
3000 4708 3254 4778 superius
3281 4723 3346 4762 ex
3391 4706 3541 4762 Scri-

252 4799 409 4872 ρίου
452 4795 641 4865 φωνήν
663 4811 677 4825 ’
710 4794 803 4848 καὶ
860 4794 936 4859 ὡς
981 4794 1062 4847 ἔτι
1090 4795 1270 4866 νηπιοί
1303 4798 1440 4849 εἰσιν
1472 4797 1520 4849 oi
1552 4797 1656 4849 υίοὶ
1693 4796 1870 4850 Βαϐυ-

1975 4804 2129 4864 ptura
2162 4812 2318 4851 sacra
2368 4799 2514 4851 dicta
2566 4809 2715 4861 sum,
2747 4797 3049 4867 adjicienda
3094 4808 3407 4853 sanctorqu
3437 4798 3541 4852 Pa-

240 4889 485 4950 λῶνος,
508 4886 678 4956 ἤγουν
707 4887 757 4939 οἱ
789 4886 1013 4958 πονηρο“ι
1027 4886 1296 4957 λογισμοὶ,
1325 4886 1545 4950 τούτους
1573 4886 1867 4955 ὲδαφίζειν,

1975 4892 2116 4938 trum
2166 4885 2453 4955 dicta.(90)
2487 4885 2697 4942 Dictum
2731 4896 2814 4942 est
2841 4887 3022 4956 itaque
3044 4901 3072 4939 a
3100 4896 3292 4942 sancto
3337 4885 3541 4940 Basilio

227 4980 372 5046 καὶ
410 4976 727 5048 συντρίϐειν
760 4976 894 5048 πρὸς
924 4978 1022 5048 τὴν
1068 4976 1293 5049 πέτραν,
1346 4977 1469 5048 ἥτις
1496 4977 1643 5031 ἐστὶν
1673 4979 1703 5031 6
1738 4979 1871 5049 Χρι-

1975 4977 2232 5030 L‘aatarete
2273 4977 2630 5048 Cappadocia
2665 4981 2965 5049 episcopo:
3001 4978 3277 5033 Mulierem
3323 4978 3536 5048 ignoro,

227 5073 436 5134 στός.
494 5068 624 5122 Ἐὰν
661 5067 773 5140 γάρ
818 5068 906 5123 διά
948 5069 1047 5140 τῆς
1102 5070 1373 5141 ἡμετέρας
1421 5069 1869 5137 συγκαταθέσεως

1975 5079 2074 5122 nec
2127 5075 2306 5121 tamen
2353 5068 2507 5138 virgo
2569 5086 2724 5137 sum;
2785 5086 2957 5139 usque
3013 5070 3149 5124 adeo
3197 5071 3535 5140 exploratum

222 5159 686 5234 ρνδρυνθῶσιν,
739 5159 840 5213 οὐκ
867 5160 995 5215 ἄνευ
1040 5161 1276 5231 μεγάλου
1313 5161 1616 5232 στεναγμοῦ
1645 5162 1737 5215 καὶ
1770 5180 1869 5215 κα-

1975 5158 2182 5221 habuit,
2220 5174 2327 5212 non
2359 5160 2477 5213 sola
2519 5162 2790 5230 corporali
2840 5159 3198 5230 temperantia
3248 5174 3277 5214 a
3312 5161 3538 5215 muliere

214 5256 463 5341 μάτου
523 5250 931 5321 κινηθήσονται.
982 5252 1125 5323 Πρὸς
1167 5253 1223 5307 δὲ
1269 5256 1383 5315 τοῖς
1424 5253 1730 5324 εἰρημένοις
1760 5254 1868 5305 άπὸ

1975 5250 2298 5320 virginitatis
2324 5250 2528 5304 donum
2578 5262 2722 5307 recte
2755 5250 3055 5321 possideri;
3090 5250 3184 5306 sed
3216 5251 3387 5304 multo
3420 5266 3536 5302 ma-

214 5338 363 5421 ξτῆς
409 5342 576 5406 θείας
629 5341 849 5412 Γραφῆς
896 5342 1057 5396 καλὸν
1093 5343 1187 5397 καὶ
1223 5344 1378 5413 λόγον
1419 5343 1589 5411 ἁγίων
1616 5343 1870 5415 Πατέρων

1975 5345 2058 5414 gis
2090 5344 2282 5397 anima:
2311 5347 2598 5399 sanctitate
2633 5344 2972 5413 puritateque
3002 5357 3066 5397 ae
3093 5344 3292 5399 timore
3322 5344 3412 5401 Dei
3437 5338 3545 5400 ba?

312 5506 382 5539 ιδ
432 5499 685 5569 Philipp.
725 5513 824 5563 ιιι,
855 5499 945 5555 20.
1022 5499 1067 5533 “
1109 5499 1295 5555 Matth.
1337 5516 1388 5564 v,
1420 5497 1507 5552 9.8.
1586 5499 1632 5530 ⁴⁶
1673 5497 1827 5553 Prov,
1868 5514 1876 5552 l

1995 5497 2078 5551 25.
2156 5496 2199 5527 δ’
2242 5496 2386 5551 Psal.
2421 5510 2491 5558 ιι.
2526 5496 2561 5550 8
2661 5497 2706 5530 ⁵⁸
2747 5494 2888 5553 l’sal.
2926 5512 3160 5562 eam",
3194 5499 3254 5560 9.

2048 5654 2154 5721 (mi)
2191 5653 2323 5707 limi.
2347 5671 2395 5707 ι.
2419 5655 2486 5708 13

314 5654 478 5734 ιξζιὶ
512 5649 657 5734 ειιξιξο
686 5665 737 5705 ο·
767 5650 856 5734 19-

2048 5654 2154 5734 (Ν)
2190 5653 2255 5734 ii?!

2046 5723 2157 5794 \90)
2188 5722 2295 5778 ibid
2346 5742 2404 5777 4:.
2438 5724 2523 5778 iii.

312 5720 477 5805 (38)
513 5720 660 5777 Ibid.
689 5736 740 5778 ο.
775 5720 858 5774 19..
