4050 6396
1323 406 1654 464 EPISTOLA
1693 407 1739 464 ll
1775 405 1869 464 AD
1904 408 2295 469 CASTOREM.

3358 417 3464 474 883

268 521 359 578 Καὶ
382 521 487 592 γὰρ
535 522 568 592 ή
613 519 707 576 τοῦ
745 522 1007 595 σώματος·
1045 526 1256 599 κίνησις
1296 528 1435 601 πρὸς
1467 530 1809 600 τεκνογονίαν

1918 539 2106 603 praeter
2134 543 2386 590 naturam
2419 542 2546 591 sunt
2572 534 2802 606 segnitie
2830 551 2928 591 sua
2951 532 3148 591 delabi.
3182 534 3315 590 Nam
3345 551 3467 592 cor.

267 613 343 666 καὶ
361 610 603 682 διαδοχὴν
625 610 721 665 τοῦ
758 611 949 681 γένους
976 615 1254 688 διαμονῆς,
1287 619 1350 673 οὑ
1394 621 1530 691 πρὸς
1552 620 1808 693 πορνείαν

266 701 354 756 ὑπὸ
379 701 468 757 τοῦ
492 704 837 775 Δημιουργοῦ
864 705 1014 779 ἐδόθη
1042 725 1055 737 ·
1085 708 1177 762 καὶ
1211 712 1250 781 ἡ.
1271 710 1364 765 τοῦ
1389 711 1562 783 θυμοῦ
1595 713 1809 783 κίνησις

268 793 600 865 σωτηριωδῶς
652 796 783 867 ἡμῖν
824 798 1285 873 ἐγκατέσπαρται,
1327 802 1467 857 ὥστε
1508 804 1808 876 θυμοῦσθαι

266 885 384 946 κατά
408 885 507 955 τῆς
535 886 829 959 ἁμαρτίας,
868 888 930 941 ού
967 891 1073 961 μὴν
1102 893 1239 964 πρὸς
1265 894 1327 947 τδ
1354 895 1625 965 ὁμόφυλον
1644 895 1811 969 ἐκθη-

266 977 506 1047 ριοῦσθαι.
562 981 636 1032 Οὐ
664 978 860 1044 τοίνυν,
914 983 964 1034 εί
993 985 1196 1049 ακακῶς
1222 987 1446 1052 ταύταις
1471 989 1806 1061 κεχρήμεθα,

261 1069 562 1141 ἁμαρτωλὸς
598 1074 633 1141 ἡ
687 1072 866 1142 φύσις,
924 1073 959 1144 ἢ
1008 1076 1100 1130 τὸν
1136 1077 1379 1151 πλάστην
1416 1081 1806 1152 αἰτιασώμεθα,

262 1158 430 1233 ὥσπερ
484 1163 605 1217 οὐδὲ
649 1164 739 1219 τὸν
783 1167 1055 1223 δεδωκότα
1098 1171 1315 1243 σίδηρον
1342 1174 1479 1245 πρὸς
1505 1174 1808 1242 ἀναγκαίαν

263 1256 344 1311 καὶ
362 1256 603 1328 λυσιτελῆ
634 1257 842 1329 χρείαν,
883 1263 930 1314 εί
968 1262 997 1313 ὁ
1019 1262 1311 1333 δεξάμενος
1349 1263 1483 1336 πρὸς
1507 1265 1682 1334 φόνων
1705 1266 1802 1321 ὑπ-

261 1348 470 1421 ηρεσίαν
499 1348 674 1420 τούτῳ
703 1352 989 1423 ἐχρήσατο.
1022 1354 1206 1408 Ταῦτα
1234 1356 1290 1408 δὲ
1307 1358 1623 1428 εἰρήκαμεν,
1641 1357 1809 1423 δεῖξαι

265 1437 577 1509 βουλόμενοι,
601 1440 684 1494 ὅτι
710 1440 772 1493 τὸ
795 1441 894 1511 τῆς
917 1443 1277 1517 φιλαργυρίας
1297 1446 1468 1510 πάθος
1490 1447 1589 1501 οὑκ
1618 1450 1681 1502 ἐκ
1702 1449 1810 1502 τῶν

265 1529 493 1599 φυσικῶν
539 1531 806 1602 κινήσεων
852 1533 950 1605 τὴν
991 1535 1165 1607 ἀρχὴν
1213 1536 1342 1607 ἔχει,
1390 1537 1504 1590 ἀλλ’
1542 1541 1604 1591 ἐκ
1646 1540 1810 1611 μόνης

265 1620 444 1685 κακίας
475 1622 570 1676 καλ⁴
599 1623 1000 1695 διεφθαρμένης
1029 1627 1418 1697 προαιρέσεως.
1447 1628 1596 1701 Αὕτη
1641 1631 1751 1702 γάρ
1775 1634 1810 1704 ἡ

262 1707 419 1775 νόσος,
449 1710 578 1765 ὅταν
605 1710 833 1783 χλιαράν
857 1714 950 1766 καὶ
971 1715 1197 1769 ἄπιστον
1228 1720 1287 1770 ἐν
1307 1719 1446 1789 ἀρχῇ
1478 1722 1577 1790 τῆς
1611 1721 1812 1775 ἀποτα-

264 1800 356 1871 γῆς
385 1799 521 1875 εὕρῃ
561 1802 757 1875 ψυχὴν,
807 1804 1020 1871 δικαίας
1051 1806 1203 1871 τινάς
1238 1809 1333 1863 καὶ
1359 1810 1420 1863 τὸ
1462 1809 1636 1865 δοκεῖν
1664 1812 1813 1865 εὐλό-

263 1910 380 1962 γους
409 1895 710 1965 προφάσεις
725 1896 1014 1952 ὑποσάλλει
1032 1900 1169 1971 πρὸς
1194 1900 1254 1954 τὸ
1286 1906 1577 1973 κατασχεῖν
1601 1904 1654 1957 τί
1682 1922 1811 1958 ποτε

264 1980 332 2040 ὧν
356 1988 644 2061 κέκτηται·
680 1990 982 2064 ὑπογράφει
1032 1993 1139 2066 γάρ
1170 1994 1310 2050 κατά
1333 1997 1571 2051 διάνοιαν
1607 1999 1685 2070 τῷ
1721 2017 1816 2070 μο-

264 2079 397 2150 ναχῷ
441 2080 621 2152 γῆρας
677 2082 907 2154 μακρὸν,
960 2085 1054 2138 καὶ
1107 2086 1389 2140 ἀσθένειαν
1424 2088 1693 2161 σώματος,
1726 2092 1817 2144 καὶ

263 2170 336 2222 ὅτι
380 2172 435 2223 αἱ
477 2170 750 2242 διδόμεναι
777 2175 954 2244 χρεῖαι
984 2175 1050 2227 ἐκ
1091 2173 1184 2228 τοῦ
1220 2177 1486 2230 κοινοθίου
1536 2177 1635 2231 οὐκ
1679 2179 1816 2231 εῖσὶν

268 2258 433 2312 ἱκαναὶ
479 2260 616 2331 πρὸς
649 2261 998 2333 παραμυθίαν
1021 2278 1035 2292 ⁸
1075 2263 1137 2316 ού
1170 2264 1314 2333 λέγω
1342 2265 1672 2330 ἀσθενοῦντι,
1703 2267 1816 2321 ἀλλ’

264 2350 374 2403 οὐδὲ
426 2350 749 2419 ὑγιαίνοντιθ
808 2353 903 2407 καὶ
965 2354 1047 2407 ὅτι
1100 2356 1332 2410 ἐνταῦθα
1363 2358 1422 2411 οὐ
1458 2357 1666 2426 γίνεται
1698 2359 1818 2414 κατ’

266 2442 412 2509 ἀξίαν
454 2444 674 2515 φροντὶς
708 2447 819 2509 τοῖς
849 2445 1183 2512 ἀσθενοῦσιν,
1227 2448 1363 2502 ἀλλά
1392 2451 1486 2504 καὶ
1515 2453 1657 2506 πάνυ
1687 2456 1825 2523 ἠμε-

266 2535 487 2607 λημένη,
521 2538 616 2589 καὶ
643 2536 739 2602 ὡς,
782 2540 830 2591 εί
885 2538 958 2609 μὴ
993 2538 1106 2610 ἔχει
1161 2542 1648 2615 ἀποκεκρυμμένον
1692 2563 1822 2618 χρυ-

269 2630 392 2696 σίον,
424 2630 622 2696 ἀθλίως
649 2632 948 2690 ἀπολεῖται.
981 2636 1301 2691 Τελευταῖον
1327 2638 1385 2691 δὲ
1426 2639 1712 2693 ὑποϐάλλει
1746 2642 1821 2713 μὴ

266 2720 513 2776 δύνασθαι
540 2724 721 2795 μένειν
746 2727 838 2780 ἐπὶ
869 2727 1002 2782 πολὺ
1039 2730 1096 2783 ὲν
1122 2729 1201 2800 τῷ
1233 2733 1574 2804 μοναστηρίῳ
1612 2732 1700 2786 an:
1725 2732 1824 2805 τὴν

269 2813 539 2885 βαρύτητα
559 2815 670 2869 τῶν
702 2816 878 2887 ἔργων
906 2819 1000 2872 καὶ
1020 2820 1118 2892 τὴν
1154 2821 1249 2875 τοῦ
1279 2823 1479 2894 πατρὸς
1518 2824 1821 2895 ἀκρίϐειαν.

269 2904 371 2957 Καὶ
397 2905 484 2957 ὅτε
503 2907 625 2968 ταῖς
648 2905 923 2971 τοιαύταις
954 2907 1312 2980 ὲνθυμήσεσιν
1340 2910 1696 2984 ἀποπλανήσῃ
1725 2914 1827 2984 τὴν

266 2997 519 3063 διάνοιαν,
553 2998 688 3069 πρὸς
718 2999 779 3052 τὸ
811 3000 911 3054 κᾶν
940 3000 997 3053 ἒν
1034 3000 1283 3074 δηνάριον
1310 3007 1618 3075 κατασχεῖν,
1654 3004 1712 3058 τὸ
1731 3023 1819 3077 τη-

1907 624 2058 695 poris
2080 637 2260 682 motus
2289 625 2356 681 ad
2386 627 2681 683 liberorum
2716 628 3168 698 procreationem,
3198 636 3252 684 et
3277 629 3343 682 ad
3376 645 3465 699 ge-

1908 717 2056 773 neris
2100 718 2321 773 humani
2377 719 2782 775 successionem
2829 720 3171 784 continuam,
3234 735 3343 776 non
3400 720 3470 776 ad

1909 809 2296 865 scortationem
2325 825 2353 865 a
2382 809 2639 867 Creatore
2666 812 2828 866 datus
2849 819 2953 875 est,
2982 818 3037 867 et
3057 812 3151 867 ira:
3174 815 3468 867 commotio

1908 899 1974 954 ad
2006 901 2233 957 salutem
2264 901 2421 957 nobis
2454 902 2616 959 insita
2655 908 2771 968 est,
2814 909 2875 957 ut
2896 902 3155 958 adversus
3185 910 3468 974 peccatum

1908 990 2229 1055 irascamur,
2256 1008 2365 1047 non
2399 1002 2458 1047 ut
2497 995 2759 1052 adversus
2787 1010 3146 1068 congenerem
3190 994 3348 1049 nobis
3386 994 3470 1047 l‘u-

1908 1096 2033 1137 rore
2065 1084 2423 1140 concitemur.
2455 1085 2566 1157 (95)
2596 1087 2651 1142 Si
2676 1102 2805 1159 ergo
2827 1087 2895 1145 iis
2927 1103 3209 1159 perperam
3242 1087 3466 1151 utimur,

1908 1188 2253 1244 nequaquam
2280 1176 2404 1232 ideo
2433 1186 2621 1248 peccat
2647 1188 2860 1243 natura,
2880 1195 3054 1251 neque
3074 1178 3193 1234 ideo
3221 1179 3468 1250 Opim-em

1910 1253 2257 1333 incusemusj
2288 1269 2429 1324 sicut
2457 1285 2559 1327 nec
2595 1284 2720 1326 eum
2751 1271 2844 1342 qui
2877 1271 2931 1325 in
2961 1286 3073 1326 rem
3103 1271 3469 1325 necessariam

1909 1366 1962 1411 et
1986 1357 2172 1412 utilem
2208 1358 2411 1414 ferrum
2452 1360 2620 1428 dedit,
2650 1363 2696 1416 si
2733 1363 2781 1417 is
2818 1362 2911 1433 qni
2953 1362 3160 1432 accepit
3189 1362 3254 1416 ad
3295 1361 3471 1416 caedes

1911 1450 2298 1518 perpetrandas
2318 1465 2383 1505 eo
2412 1458 2613 1506 utatur.
2647 1451 2771 1506 "(ee
2800 1468 2928 1508 vero
2955 1454 3189 1507 diximus
3207 1460 3266 1506 ut
3289 1461 3472 1507 osten-

1909 1536 2184 1603 deremus,
2241 1541 2483 1595 avaritiae
2523 1540 2776 1596 affectum
2822 1557 2929 1596 non
2957 1558 3023 1597 ex
3054 1543 3285 1595 naturali
3321 1554 3472 1595 motu

1911 1628 2124 1684 initium
2160 1631 2380 1692 habere.
2428 1632 2522 1689 sed
2550 1650 2613 1689 ex
2648 1635 2761 1689 sola
2795 1634 3022 1698 malitia,
3045 1644 3098 1688 et
3119 1649 3185 1688 ex
3218 1641 3475 1705 corrupto

1911 1721 2209 1790 proposito.
2250 1722 2362 1795 (94)
2412 1722 2732 1794 Hujusmodi
2789 1742 3021 1796 namque
3070 1725 3293 1780 morbus
3350 1741 3475 1779 cunt

1911 1811 2145 1882 tepidam
2197 1821 2253 1869 et
2319 1815 2651 1871 incredulam
2707 1818 2865 1873 initio
2914 1834 3166 1873 secessus
3240 1817 3476 1870 animam

1914 1902 2197 1970 repererit,
2224 1904 2403 1974 justas
2442 1906 2729 1976 quasdam,
2759 1923 2823 1964 ac
2850 1908 3033 1979 specie
3059 1908 3276 1979 quidem
3309 1907 3477 1961 ratio-

1912 1991 2125 2048 nabiles
2163 2008 2360 2049 causas
2391 1997 2633 2066 subjicit,
2671 2005 2730 2052 ut
2759 1999 3037 2071 quidpiam
3064 2014 3131 2053 ex
3166 1999 3478 2067 possessio-

1915 2082 2079 2139 nibus
2130 2084 2365 2140 retinere
2397 2086 2623 2143 suadeat
2654 2103 2673 2139 ι
2710 2089 2962 2143 monachi
2992 2089 3135 2143 enim
3179 2089 3365 2142 animo
3396 2082 3503 2141 re?

1916 2182 2210 2244 praesentat
2254 2176 2468 2248 longam
2504 2186 2858 2241 senectutem,
2887 2188 2941 2234 et
2969 2179 3216 2250 corporis
3250 2177 3481 2232 inlirmi-

1917 2271 2085 2319 tatem
2119 2283 2133 2319 :
2164 2267 2307 2336 quod
2339 2282 2466 2337 qua
2485 2268 2553 2323 ad
2576 2269 2953 2325 necessitatem
2980 2270 3033 2324 in
3065 2270 3318 2325 eoenobio
3347 2271 3485 2324 dan-

1917 2365 2034 2422 tur,
2056 2358 2193 2414 satis
2233 2357 2302 2412 ad
2342 2360 2766 2416 consolationem
2798 2377 2904 2417 non
2951 2362 3083 2426 sint,
3126 2377 3236 2417 non
3268 2361 3486 2417 inﬁrmo

1920 2449 2118 2513 solum,
2160 2449 2257 2505 sed
2290 2465 2464 2521 neque
2504 2452 2761 2507 incolumi
2798 2473 2812 2508 :
2861 2454 3006 2526 quod
3044 2453 3117 2509 ibi
3148 2470 3256 2508 non
3292 2454 3488 2509 idonea

1881 2544 1886 2549 '
1921 2541 2259 2595 inﬁrmorum
2305 2543 2616 2598 sollicitudo
2647 2551 2890 2615 geratur,
2934 2546 3028 2601 sed
3075 2544 3218 2615 quod
3256 2545 3487 2599 multum

1922 2632 2288 2703 negligantur,
2337 2633 2474 2690 adeo
2504 2642 2582 2702 ut,
2615 2636 2661 2691 si
2709 2637 2843 2691 nihil
2876 2635 2997 2691 auri
3030 2636 3170 2692 clam
3213 2644 3484 2707 suppetat,

1923 2724 2121 2780 misere
2144 2725 2523 2781 intereundum
2552 2726 2641 2781 sit.
2670 2726 2893 2783 Demum
2922 2728 3164 2798 subjicit,
3184 2744 3293 2782 non
3328 2743 3489 2798 posse

1922 2818 1977 2871 in
2009 2819 2342 2874 monasterio
2369 2818 2459 2873 diu
2484 2821 2818 2889 perseverari
2845 2820 2915 2875 ob
2929 2820 3487 2891 gravitatemoperum

1922 2914 1977 2962 et
2009 2908 2079 2962 ob
2106 2906 2287 2963 Patris
2309 2910 2785 2965 severitatem..Ac
2814 2924 2935 2963 cum
2966 2908 3239 2980 ejusmodi
3268 2908 3489 2976 cogita-

1926 2998 2165 3054 tionibus
2194 2999 2432 3053 animum
2456 2998 2789 3064 subornarit,
2816 3009 2874 3053 ut
2900 2999 2985 3054 vel
3013 2998 3296 3054 denarium
3322 3013 3489 3052 unum

268 3088 490 3143 νικαῦτα
523 3089 694 3143 πείθει
717 3090 876 3145 αὑτὸν
905 3093 997 3145 καὶ
1019 3093 1329 3164 ὲργόχειρον
1352 3093 1526 3166 λάθρα
1555 3095 1649 3149 τοῦ
1684 3097 1819 3151 ἀδεᾶ

1928 3089 2177 3154 retineat,
2210 3098 2322 3144 tum
2354 3090 2544 3146 suadet
2574 3090 2650 3145 illi
2690 3098 2748 3143 ut
2770 3091 2908 3146 clam
2934 3090 3131 3146 abbate
3177 3097 3346 3144 artem
3378 3090 3492 3145 edi-

270 3180 482 3249 μαθεῖν,
516 3180 574 3247 ἐξ
607 3173 669 3233 οὗ
723 3181 1010 3254 δυνήσεται
1066 3183 1128 3237 τὸ
1179 3183 1639 3254 περισπούδαστον
1681 3184 1819 3256 αύτῷ

1931 3186 2068 3245 scat,
2101 3195 2208 3252 qua
2236 3181 2432 3250 poterit
2458 3182 2699 3237 studiose
2727 3190 3056 3238 asservatam
3101 3196 3298 3253 augere
3328 3196 3492 3252 pecu-

267 3270 524 3347 ἀργύριον
549 3270 811 3343 αὐξῆσαν
843 3273 939 3327 καὶ
955 3273 1139 3327 λοιπὸν
1167 3274 1377 3329 ἐλπίσιν
1404 3275 1617 3348 ἀδήλοις
1649 3277 1819 3350 ἀπατᾷ

1932 3271 2076 3325 niam
2113 3286 2128 3324 :
2170 3272 2385 3327 demum
2430 3276 2644 3329 occulta
2680 3288 2778 3344 spe
2808 3274 3068 3328 miserum
3117 3271 3337 3343 decipit,
3368 3272 3494 3327 sub—

267 3363 354 3415 τδν
392 3362 594 3429 ἄθλιον,
649 3363 963 3420 ύποδάλλων
1005 3365 1153 3437 αὑτῷ
1190 3368 1250 3420 τὸ
1290 3370 1355 3422 ὲκ
1391 3368 1486 3421 τοῦ
1518 3369 1819 3441 ἐργοχείροι

1927 3363 2166 3433 jiciemlo
2200 3364 2409 3420 lucrum
2445 3381 2530 3421 ex.
2558 3374 2674 3421 arte
2702 3380 2803 3421 sua
2843 3366 3224 3427 obventurum,
3255 3363 3492 3433 hincque

268 3454 457 3526 κέρδος
509 3457 605 3510 καὶ
656 3456 753 3528 τὴν
794 3460 859 3511 ἐκ
910 3458 1100 3512 τούτου
1135 3459 1321 3513 ἄνεσιν
1356 3461 1449 3513 καὶ
1478 3461 1827 3532 ἀμεριμνίαν.

268 3549 375 3602 Καὶ
408 3549 544 3614 ὅλως
577 3551 644 3621 τῇ
689 3550 781 3603 τοῦ
841 3552 1067 3625 κέρδους
1106 3551 1398 3623 ὲνθυμήσει
1428 3552 1623 3617 δεθεὶς,
1682 3553 1845 3607 οὑδὲνς

265 3639 646 3695 τῶνέναντίων
668 3646 879 3705 σκοπεῖ,
891 3644 989 3697 οὑκ
1013 3642 1181 3715 ὀργῆς
1208 3643 1424 3714 μανίαν,
1447 3645 1627 3697 εἴποτε
1654 3661 1715 3697 συ
1723 3643 1830 3716 μσῇ

266 3730 417 3802 αὐτῷ
477 3730 652 3804 ζημίᾳ
707 3738 1053 3805 περιπεσεῖνο
1088 3734 1148 3787 ού
1208 3733 1407 3807 λύπην,
1441 3735 1502 3788 οὔ
1538 3735 1751 3799 σκότος,
1786 3737 1842 3790 ei?

266 3819 530 3892 ἀποτύχοι
564 3821 659 3875 τοῦ
704 3823 768 3876 ἐκ
816 3822 908 3876 τοῦ
957 3823 1116 3895 ἔργου
1154 3824 1397 3895 κέρδους,
1438 3824 1573 3879 ἀλλά
1606 3826 1833 3895 γίνεται,

266 3913 408 3984 ὅπερ
448 3912 629 3978 ἀλλοις
658 3915 690 3986 ή
722 3917 934 3988 γαστὴρ
994 3916 1134 3982 θεὸς,
1178 3917 1321 3973 οὕτω
1346 3920 1519 3990 τούτῳ
1551 3921 1580 3973 ὁ
1616 3919 1836 3991 χρυσός.

271 4004 436 4059 Ὅθεν
489 4006 519 4059 δ
558 4007 825 4077 μακάριος
873 4007 1208 4074 Ἀπόστολος,
1257 4010 1415 4065 τοῦτο
1441 4008 1741 4079 γινώσκων,
1775 4011 1837 4063 ού

270 4097 436 4169 μόνον
467 4098 624 4170 ῥίζαν
655 4100 870 4155 πάντων
902 4100 1010 4156 τῶν
1053 4101 1255 4168 κακῶν,
1283 4101 1417 4156 ἀλλά
1444 4102 1537 4156 καὶ
1562 4100 1840 4156 εἰδωλολα-

265 4190 463 4260 τρείαν
513 4190 717 4263 ταύτην
765 4191 1008 4247 ἐκάλεσε.
1063 4193 1437 4265 Θεωρήσωμεν
1476 4194 1654 4246 τοίνυν
1703 4195 1839 4266 πρὸς

1934 3452 2049 3508 fore
2071 3454 2328 3524 quietem,
2353 3455 2704 3524 animumque
2724 3456 2877 3510 curis
2893 3468 3151 3509 vacuum-
3171 3456 3249 3506 Ae
3274 3452 3492 3506 demunt

1935 3545 2069 3597 lucri
2103 3546 2430 3616 cogitatione
2483 3548 2791 3618 colligatus,
2832 3546 2967 3599 nihil
2996 3544 3207 3599 adversi
3236 3544 3494 3598 conside-

1934 3645 2020 3691 rat
2056 3654 2071 3692 :
2105 3652 2213 3692 non
2249 3648 2452 3708 quanta
2508 3639 2690 3693 futura
2738 3640 2804 3693 sit
2842 3637 2955 3701 ira,
2980 3646 3218 3708 quantus
3248 3634 3420 3695 mror.
3448 3635 3496 3690 si

1935 3730 2215 3801 contingat
2245 3732 2298 3786 in
2328 3732 2712 3786 detrimentum
2738 3729 2954 3800 aliquod
3003 3727 3262 3791 inridere,
3294 3734 3496 3797 quanta

1935 3821 2215 3886 massilia,
2247 3828 2485 3892 quantus
2513 3820 2687 3883 dolor,
2730 3821 2775 3876 si
2811 3821 2965 3874 lucro
2992 3817 3173 3891 operis
3211 3818 3294 3873 sui
3316 3817 3497 3887 prive-

1939 3919 2060 3964 tur:
2091 3911 2183 3967 sed
2213 3914 2353 3968 sicut
2386 3913 2508 3968 aliis
2534 3922 2721 3968 venter
2747 3913 2909 3977 deus,
2944 3910 3168 3982 perinde
3200 3909 3276 3964 illi
3303 3925 3497 3963 aurum

1938 4011 2040 4057 est.
2057 4001 2322 4069 Quocirca
2340 4020 2462 4059 cum
2481 4004 2532 4059 id
2552 4005 2716 4075 probe
2737 4012 2926 4059 nosset
2941 4004 3130 4059 beatus
3150 3992 3374 4060 Paulus.
3392 4014 3500 4053 non

1938 4093 2100 4147 modo
2126 4094 2362 4148 radit-em
2391 4095 2633 4148 omnium
2674 4093 2961 4155 nudorum,
3003 4091 3095 4148 sed
3134 4091 3296 4175 etiam
3331 4089 3505 4143 idolo-

1940 4185 2156 4240 latriam
2201 4201 2319 4241 eam
2367 4186 2720 4256 nuncupavit.
2774 4183 3177 4255 Perpendamus
3218 4182 3400 4251 itaque
3447 4182 3503 4235 in

267 4280 452 4350 πόσην
479 4279 677 4335 κακίαν
702 4283 735 4352 ἠ
761 4281 913 4345 νόσος
936 4282 1072 4353 αῦτη
1100 4284 1192 4337 τὸν
1217 4283 1497 4355 ἄνθρωπον
1522 4283 1815 4356 κατασύρει

1941 4288 2198 4349 quantam
2230 4279 2489 4333 malitiam
2521 4280 2607 4334 hic
2635 4278 2862 4333 morbus
2890 4277 3162 4355 hominem
3206 4275 3503 4345 pcrtra‘aat,

266 4371 349 4433 ὡς
402 4370 499 4424 καὶ
549 4373 627 4435 είς
659 4372 1095 4442 είδωλολατρείαν
1138 4374 1441 4445 ἐμϐάλλειν.
1507 4375 1819 4447 Ἀποστήσαε

1942 4380 2003 4425 ιιι
2029 4373 2257 4441 quicum
2287 4372 2341 4426 in
2360 4371 2718 4426 idololatriam
2739 4370 3013 4441 conjiciat.
3036 4367 3332 4437 Postquam
3359 4366 3504 4420 enim

266 4465 385 4536 γὰρ
418 4466 447 4516 ὁ
497 4463 827 4537 φιλάργυρος
881 4465 972 4519 τὸν
997 4465 1122 4520 νοῦν
1143 4467 1306 4520 αὑτοῦ
1355 4469 1464 4522 ἀπὸ
1491 4468 1591 4539 τῆς
1622 4469 1819 4543 ἀγάπης

1944 4477 2142 4517 avarus
2176 4471 2407 4519 mentem
2432 4480 2583 4519 suam
2613 4465 2680 4517 ab
2722 4477 2905 4516 amore
2942 4459 3034 4515 Dei
3065 4458 3285 4522 avulsit,
3314 4455 3507 4523 imagi-

263 4555 370 4609 τοῦ
397 4555 554 4619 Θεοῦ,
582 4555 775 4610 εἴδωλα
815 4556 1114 4629 ἀνθρώπων
1146 4560 1564 4632 ἐγγεγλυμμένα
1594 4559 1673 4632 τῷ
1705 4579 1819 4633 χρυ-

1947 4570 2045 4610 nes
2067 4555 2352 4610 hominum
2381 4570 2516 4610 auro
2545 4555 2846 4624 insculptas
2876 4552 3052 4622 diligit
3086 4566 3098 4601 :
3132 4548 3508 4620 ejusmodique

266 4648 376 4719 σίῳ
411 4649 599 4719 ἀγαπᾷ
620 4665 634 4679 ο
657 4648 866 4713 τούτοις
895 4649 951 4703 δὲ
971 4652 1080 4715 τοῖς
1103 4650 1380 4723 λογισμοῖς
1404 4655 1432 4706 ὁ
1453 4653 1684 4725 μοναχδς
1714 4670 1819 4707 σκο

1943 4643 2375 4714 cogitationibus.
2406 4645 2793 4699 obtenebratus
2823 4641 3143 4706 monachus,
3171 4641 3299 4694 dum
3333 4638 3398 4691 ad
3423 4653 3509 4707 pe-

260 4744 724 4808 τωθε¹ις,καὶὲπὶ
746 4745 806 4798 τὸ
827 4744 1855 4817 χεῖροναῦξων,οὕδεμίανταπείνωσιν,
1938 4736 2059 4806 ima
2131 4745 2479 4807 ³υ8¹¹¹⁰¹η¹¹ω
2542 4734 2779 4804 πείρην
2835 4732 3037 4786 "una!"
3102 4730 3359 4799 deinceps
3408 4730 3510 4782 1""

262 4833 535 4903 οὐδεμίαν
554 4833 798 4905 ὑπακοὴν
838 4834 981 4904 ἔχειν
1014 4834 1198 4889 λοιπὸν
1229 4835 1481 4900 δύναταν,
1518 4837 1631 4891 ἀλλ’
1677 4839 1819 4907 ἀγανη

1943 4828 2250 4890 militatem,
2293 4826 2493 4880 nullam
2530 4825 2731 4880 habere
2758 4832 2934 4893 potest
2958 4820 3322 4875 obedientiam
3356 4835 3371 4885 ;
3413 4817 3507 4873 sed

262 4927 455 4987 ακτεῖ,
474 4925 564 4978 καὶ
581 4924 946 4989 ἀναξιοπαθεῖ,
964 4925 1056 4978 καὶ
1076 4925 1209 4995 πρὸς
1230 4926 1455 4981 ἕκαστον
1475 4926 1816 5000 ἕργονγογγύ

1944 4920 2101 4991 321
2133 4918 2409 4981 irascitur,
2435 4916 2767 4985 indignatur,
2798 4913 2865 4967 ad
2888 4910 3169 4982 quodlibet
3198 4925 3332 4980 opus
3362 4926 3510 4962 nmr-

264 5020 383 5094 ζει,
420 5020 514 5072 καὶ
558 5018 845 5086 ἀντιλέγει,
890 5018 983 5073 καὶ
1016 5018 1147 5089 μηδὲ
1192 5021 1319 5090 μιᾶς
1348 5019 1533 5074 λοιπδν
1564 5020 1819 5074 εύλαθείαη

1946 5016 2146 5074 morat,
2169 5013 2454 5078 repugnat,
2487 5006 2637 5059 nulla
2662 5004 2878 5059 demum
2913 5011 3126 5058 servata
3159 5000 3508 5061 verecundia,

266 5091 726 5180 πεφυλαγμένης,
756 5107 942 5180 ὥσπερ
963 5110 1127 5172 ἵππος
1149 5109 1507 5185 σκληρότατος
1540 5108 1680 5163 κατά
1712 5126 1816 5181 κρη

1947 5101 2104 5173 quasi
2157 5098 2615 5156 ell‘renatissimus
2662 5112 2839 5167 equus
2889 5095 2943 5149 in
2984 5093 3283 5164 praecipitia
3314 5091 3508 5155 fertur.

265 5202 432 5276 μνῶν
462 5202 704 5274 φέρεται,
720 5199 841 5257 οὔτε
857 5205 921 5273 τῇ
939 5180 1275 5273 καθημερινῇ
1297 5203 1467 5271 τροφῇ
1494 5180 1819 5271 ἀρκούμενος

1947 5206 2049 5247 nec
2089 5191 2286 5245 diurno
2316 5188 2459 5242 victu
2494 5194 2803 5250 contentus,
2830 5183 3066 5254 denique
3094 5180 3420 5237 testificatur
3452 5196 3510 5236 se

260 5272 371 5350 καὶ
393 5272 820 5365 διαμαρτύρεται
848 5272 927 5355 εἰς
950 5291 1101 5354 τέλος
1129 5291 1203 5363 μὴ
1228 5289 1481 5344 δύνασθαι
1521 5290 1680 5345 αὑτὸν
1720 5292 1819 5345 ὑπο

1947 5300 2054 5339 non
2089 5282 2423 5353 posseultra
2461 5280 2732 5334 sustinere
2765 5297 2778 5332 :
2811 5278 2994 5346 aitque
3027 5290 3134 5329 non
3159 5272 3267 5327 illic
3296 5278 3508 5326 tantum

262 5386 489 5456 μένειν,
517 5383 613 5438 καὶ
644 5364 778 5437 Θεὸν
801 5382 899 5436 οὑκ
928 5384 1046 5435 ἐκεῖ
1071 5382 1227 5454 μόνον
1256 5375 1393 5434 εἶναι
1421 5380 1727 5449 λέγει,.ούδὲ
1753 5384 1818 5453 τὴ

1949 5392 2070 5432 esse
2101 5375 2289 5430 Deum.
2320 5389 2429 5427 nec
2451 5373 2679 5428 salutem
2708 5384 2863 5426 suam
2901 5384 2967 5422 eo
3004 5366 3065 5420 in
3089 5366 3211 5420 loco
3239 5364 3509 5421 inclusam

266 5479 423 5533 ἰδίαν
458 5475 733 5548 σωτηρίαν
772 5477 829 5528 ἐν
864 5473 1056 5544 ἐκείνῳ
1090 5472 1537 5527 κατακεκλεῖσθαι
1571 5471 1648 5543 τῷ
1681 5474 1819 5543 τόπῳ

1949 5484 2115 5531 εειιεςΔ
2136 5466 2229 5521 sed
2268 5466 2467 5534 ubique
2494 5462 2659 5517 Deum
2685 5477 2713 5512 a
2747 5458 3117 5530 quterentibus
3145 5471 3203 5511 se
3235 5458 3466 5511 inveniri
3497 5472 3511 5507 :

259 5570 418 5625 ἀλλά
446 5544 726 5639 πανταχοῦ
752 5568 865 5630 τοῖς
887 5564 1134 5638 ζητοῦσιν
1160 5565 1321 5621 αὑτὸν
1349 5563 1693 5635 εὑρίσκεσθαι
1713 5580 1727 5594 ’
1760 5582 1819 5618 κο

1952 5567 2250 5627 periturum
2299 5570 2359 5608 se
2395 5552 2502 5608 nisi
2548 5566 2615 5607 eo
2664 5547 2997 5605 monasterio
3026 5544 3252 5601 excedat
3333 5558 3388 5602 :.
3432 5545 3513 5599 sic

259 5666 350 5730 ὡς
373 5667 424 5719 εί
454 5664 531 5735 μὴ
554 5638 764 5731 ἀποστῇ
787 5658 880 5713 τοῦ
907 5657 1263 5731 μοναστηρῖου
1296 5656 1501 5710 ἐκείνου
1526 5655 1815 5710 ἀπόλλυται

1954 5664 2077 5704 cum
2114 5648 2180 5701 ad
2216 5654 2485 5715 corruptae
2533 5643 2729 5699 mentis
2789 5655 2898 5697 suae
2956 5638 3216 5696 anziliam
3262 5643 3516 5710 suppetat

346 5844 466 5917 (οε.)
502 5840 644 5900 Ibid.
675 5855 725 5896 ε.
757 5839 809 5894 ι.

2028 5830 2138 5901 ενι)
2176 5828 2295 5886 Vbii!
2337 5842 2383 5882 ε’.
2427 5825 2475 5877 7.
