3924 6504
531 400 638 460 885

1687 401 1745 471 ς.
1787 409 2246 468 ΑἸΗΑΝΔΒΙΕΘ.
2284 442 2353 455 -
2383 412 2610 469 DUBlA.

3657 414 3762 471 88³

530 524 806 580 τοιτιιιιιιὶιο
840 529 1086 597 pecunia.
1134 530 1289 599 quasi
1332 528 1659 600 quibusdam
1703 529 1917 584 levatus
1957 528 2083 592 alis,

2184 528 2277 587 καὶ
2325 528 2470 583 οὕτω
2507 529 2608 599 τῆς
2644 525 3051 600 διεφθαρμένης
3081 526 3285 600 ταύτης
3331 526 3594 600 συνεργὸν
3627 527 3764 599 ἔχων

528 616 905 687 meditansque
936 634 1095 674 suum
1126 635 1193 674 ex
1223 621 1559 683 monasterio
1584 620 1814 684 exitum,
1854 619 2089 690 superbe

528 701 784 776 deinceps
820 714 983 776 atque
1011 722 1204 777 aspere
1254 709 1323 764 ad
1351 710 1535 766 omnia
1564 709 1720 779 jussa
1767 710 2086 781 respondet,

528 809 695 864 seque
732 797 877 853 velut
903 800 1248 868 peregrinum
1273 809 1437 873 atque
1465 813 1781 858 extraneum
1809 812 2088 873 reputans,

530 890 574 940 si
606 888 736 955 quid
767 888 819 943 in
854 891 1185 946 monasterio
1207 892 1589 949 emendatione
1616 893 1840 964 dignum
1869 893 2087 957 viderit,

530 978 662 1032 nihil
683 989 857 1040 curat,
879 982 988 1035 imo
1009 983 1261 1054 despicit.
1283 983 1395 1054 (95)
1417 982 1621 1040 Dehinc
1642 985 1837 1054 quaarit
1853 989 2094 1040 occasio-

526 1083 623 1121 ncs
653 1067 948 1124 iracundia:
997 1078 1094 1126 aut
1123 1072 1382 1142 querelae,
1411 1079 1470 1126 ut
1505 1088 1574 1127 ne
1617 1073 1866 1128 videatur
1899 1071 2091 1127 leviter

523 1165 577 1211 et
598 1157 803 1230 absque
823 1175 985 1217 causa
1008 1163 1189 1234 egredi
1210 1179 1274 1219 ex
1298 1163 1575 1220 cmnobio.
1601 1164 1710 1220 Nec
1730 1179 1796 1221 eo
1818 1164 1911 1220 ille
1930 1164 2091 1218 modo

524 1262 583 1301 se
613 1265 801 1319 gert-re
825 1251 1059 1318 dubitat,
1094 1260 1151 1308 ut
1180 1253 1363 1308 delicti
1396 1254 1480 1310 sui
1523 1255 1904 1324 opitulatorem
1939 1256 2092 1311 inve-

523 1340 658 1393 niat.
691 1338 768 1395 lta
799 1358 964 1414 porro
988 1343 1251 1441 seductus
1279 1360 1480 1400 avarus
1511 1360 1737 1401 suarum
1765 1347 1886 1417 igne
1925 1361 2094 1417 pecu-

519 1427 762 1496 niarum,
794 1446 1072 1503 nunquam
1117 1427 1178 1487 in'
1209 1433 1543 1488 monasterio
1574 1441 1754 1504 potest
1781 1433 2086 1503 quiescere,

523 1527 617 1571 aut
644 1519 748 1575 sub
776 1522 962 1592 regula
992 1521 1193 1578 vivere.
1222 1520 1361 1577 Cum
1386 1530 1566 1578 autem
1598 1523 1747 1577 illum
1781 1523 1990 1578 daemon
2021 1539 2089 1579 ex

523 1610 650 1665 ovili
680 1612 835 1683 quasi
869 1613 1029 1681 lupus
1056 1612 1373 1683 abripuerit,
1399 1619 1562 1683 atque
1592 1628 1657 1667 ex
1687 1613 1815 1668 ovili
1845 1628 2092 1684 segrega-

523 1711 660 1767 tum,
691 1717 724 1758 a
773 1719 833 1760 se
880 1705 1247 1760 devorandum
1303 1705 1616 1774 acceperit;
1658 1713 1771 1759 tum
1814 1716 1969 1759 curat
2027 1712 2089 1759 ut

522 1808 686 1863 opera
703 1810 825 1867 quae
840 1796 999 1851 statis
1020 1796 1166 1851 horis
1187 1796 1242 1851 in
1260 1796 1512 1852 coenobio
1528 1796 1828 1867 uegligebat
1841 1795 2082 1861 omnino,

2190 622 2258 676 τὰ
2299 620 2692 691 πεφυλαγμένα
2734 621 2991 692 ἀργύρια,
3021 620 3210 693 ὥσπερ
3232 621 3343 674 τισὶ
3381 623 3603 691 πτεροῖς
3638 639 3763 675 κου-

2190 712 2422 781 φισθεὶς,
2447 712 2541 766 καὶ
2567 711 2669 783 τὴν
2695 710 2873 778 ἔξοδον
2893 711 2993 783 τὴν
3021 711 3129 764 ἀπὸ
3157 710 3251 764 τοῦ
3284 709 3645 782 μοναστηρίου
3673 729 3764 783 με·

2188 802 2376 867 λετῶν,
2412 803 2599 857 λοιπὸν
2626 803 2992 874 ὑπερηφάνως
3024 803 3118 856 καὶ
3153 803 3396 874 τραχέως
3429 803 3568 874 πρὸς
3591 804 3763 857 πάντα

2187 894 2264 948 τά
2305 893 2729 965 παρηγγελμένα
2789 894 3160 965 ἀποκρίνεται,
3196 894 3291 948 καὶ
3348 895 3426 958 ὡς
3479 894 3630 960 ξένον
3672 895 3763 947 καὶ

2189 984 2450 1049 έξωτιιών
2474 985 2665 1039 ἑαυτὸν
2717 985 3039 1056 ἡγούμενος,
3073 984 3128 1039 εί
3161 1002 3213 1038 τι
3245 984 3425 1056 ἀνοῐδῃ
3466 986 3528 1037 ὲν
3558 983 3641 1055 τῷ
3671 1002 3762 1055 μο-

2188 1077 2476 1148 ναστηρίφ
2493 1076 2745 1147 δεόμενον
2772 1075 3123 1147 διορθώσεως,
3152 1075 3345 1147 ἀμελεῖ
3373 1076 3467 1129 καὶ
3500 1091 3761 1147 neptem-

2188 1169 2289 1222 νεῖ.
2320 1166 2432 1219 Καὶ
2450 1166 2645 1220 ίπειτα
2678 1166 2976 1239 προφάσεις
3003 1166 3283 1238 ἀναζητεῖτ
3304 1166 3372 1219 δι’
3400 1160 3480 1218 ὧν
3512 1166 3761 1237 ὀργισθήο

2190 1258 2406 1329 σεται,ἦ
2431 1256 2819 1330 λυπηθήαεται,
2832 1259 2918 1312 ἴνα
2936 1259 3011 1330 μὴ
3029 1257 3152 1330 δόξῃ
3175 1258 3422 1327 ἐλαφρῶς
3441 1258 3574 1311 ἄνευ
3594 1258 3760 1320 αἰτίας

2188 1344 2381 1409 ἐξιέναι
2402 1347 2464 1399 ἐκ
2478 1345 2576 1415 τῆς
2597 1344 2796 1417 [ἐκτὸς]
2822 1345 2915 1400 τοῦ
2932 1346 3218 1400 κοινοϐίου.
3234 1347 3366 1400 Οὐδὲ
3387 1346 3549 1399 τοῦτο
3572 1363 3760 1416 παραιο

2186 1438 2357 1489 τεῖται
2386 1435 2627 1506 ποιῆσαι,
2646 1435 2961 1507 βουλόμενος
2975 1436 3063 1508 ἔχε
3070 1455 3116 1489 ιν
3133 1437 3225 1491 τοῦ
3244 1437 3373 1491 ἰδίου
3389 1436 3759 1509 ἐλαττώματος

2188 1526 2464 1599 συνεργόν.
2517 1523 2674 1580 Οὕτω
2731 1523 2788 1578 δὲ
2830 1524 3186 1596 ἀπατώμενος
3215 1526 3295 1596 τῷ
3322 1526 3456 1598 πυρὶ
3481 1525 3598 1579 τῶν
3628 1525 3759 1578 ίδίων

2184 1618 2477 1691 χρημάτων
2506 1617 2535 1671 6
2567 1616 2916 1688 φιλάργυρος,
2947 1617 3200 1670 οὐδέποτε
3228 1616 3449 1670 δύναται
3498 1615 3759 1684 ἡσυχάσαι

2186 1710 2243 1762 ὲν
2272 1708 2631 1781 μοναστηρίῳ,
2656 1706 2688 1780 ἢ
2717 1706 2822 1761 ὑπὸ
2854 1706 3054 1761 κανόνα
3080 1707 3263 1777 ζῆσαι.
3292 1708 3466 1760 Ὅταν
3491 1705 3552 1758 δὶ
3582 1705 3760 1760 τοῦτον

2185 1801 2214 1853 6
2252 1799 2460 1872 δαίμων
2502 1800 2689 1872 ῶσπερ
2729 1796 2890 1862 λύκος
2929 1799 2994 1850 ὲκ
3034 1798 3132 1869 τῆς
3169 1797 3408 1869 μάνδρας
3436 1798 3758 1868 ἀφαρπάσῃ,

521 1886 731 1954 eadem,
759 1897 918 1943 nocte
946 1898 998 1942 et
1027 1888 1113 1943 die
1140 1902 1335 1958 magna
1377 1902 1501 1941 cum
1544 1888 1823 1941 alacritate
1862 1888 1917 1941 in
1949 1888 2083 1941 cella

2185 1890 2279 1942 καὶ
2328 1890 2595 1961 ἀφορίσας
2639 1888 2731 1943 τοῦ
2775 1887 3027 1957 ποιμνίου
3068 1887 3280 1955 ἕτοιμον
3311 1888 3390 1949 είς
3418 1885 3759 1955 κατάϐρωσιν

522 1991 621 2028 sua
653 1977 897 2048 perficiat
930 1995 944 2032 :
982 1992 1156 2047 neque
1187 1977 1320 2033 sinit
1349 1990 1474 2032 eum
1497 1991 1716 2046 precum
1746 1976 2087 2033 consuetudi-

522 2083 665 2128 nem,
681 2068 1014 2139 jejuniorum
1044 2084 1271 2135 morem,
1298 2069 1607 2140 vigiliarum
1629 2085 1874 2124 normam
1896 2070 2087 2127 obser-

520 2173 689 2226 vare;
739 2159 834 2214 sed
869 2159 943 2213 illi
987 2158 1232 2215 avaritia:
1274 2158 1459 2215 furore
1504 2158 1767 2229 colligato.
1792 2159 1985 2213 suadet
2015 2158 2085 2213 ad

484 2286 493 2296 .
519 2262 658 2319 opus
690 2264 851 2303 suum
878 2264 1041 2305 omne
1068 2248 1332 2314 studium,
1358 2263 1575 2303 omnem
1609 2249 1854 2304 laborem
1875 2249 2085 2319 impen-

520 2338 669 2393 dere.
695 2337 804 2409 (96)
824 2339 1064 2410 Hujusce
1083 2356 1209 2395 vero
1230 2340 1403 2395 morbi
1427 2348 1539 2396 tres
1565 2346 1692 2394 sunt
1715 2341 1859 2394 modi
1889 2355 1921 2393 a
1947 2340 2088 2395 divi-

522 2431 610 2487 nis
636 2427 936 2501 Scripturis
968 2442 1021 2488 et
1052 2432 1321 2487 aPatrum
1350 2431 1599 2487 doctrina
1627 2446 1780 2501 aeque
1804 2431 2085 2501 prohibiti.

517 2521 738 2578 Primus
778 2522 851 2578 de
881 2538 991 2593 quo
1026 2524 1280 2595 superius
1324 2523 1671 2595 scripsimus,
1703 2523 1796 2593 qui
1840 2531 2000 2578 curat
2029 2534 2088 2579 ut

518 2614 732 2679 miseri,
760 2630 824 2671 ea
851 2631 972 2686 qua
1018 2633 1088 2671 ne
1116 2618 1169 2671 in
1201 2615 1405 2672 mundo
1435 2614 1653 2686 quidem
1695 2615 1954 2679 habuere,
1990 2632 2085 2671 ac-

518 2706 741 2776 quirant
771 2715 824 2761 et
855 2708 1222 2764 accumulant.
1252 2709 1403 2765 Alter
1443 2707 1496 2762 id
1526 2708 1636 2778 agit
1667 2716 1725 2761 ut
1753 2723 1847 2763 eos
1874 2707 1966 2778 qui
1993 2723 2087 2777 pe-

519 2797 697 2850 cuniis
728 2798 1109 2852 renuntiarunt
1152 2796 1278 2854 facti
1317 2797 1618 2869 paeniteat:
1648 2798 1947 2868 suadetque
1977 2799 2097 2853 illis.

519 2892 580 2939 ut
622 2886 904 2958 requirant
932 2903 997 2943 ea
1038 2903 1159 2959 quae
1198 2886 1310 2944 Deo
1346 2887 1615 2943 obtulere.
1651 2886 1870 2942 Tertius
1913 2886 1969 2941 is.
2000 2895 2085 2942 est

518 2975 613 3047 qni
644 2993 769 3032 cum
826 2978 979 3034 initio
1013 2979 1339 3036 monachum
1376 2978 1777 3035 incredulitatis
1807 2978 2085 3049 tepiditate

520 3068 765 3140 illigarit,
796 3087 901 3126 non
927 3073 1062 3128 sinit
1079 3087 1201 3127 eum
1224 3071 1461 3143 perfecte
1488 3072 1780 3127 mundanis
1808 3072 2083 3126 abrenun-

519 3160 657 3216 tiare
704 3163 886 3226 rebus,
933 3164 1117 3217 animo
1149 3163 1453 3233 subjiciens
1487 3170 1691 3217 metum
1725 3162 2078 3232 paupertatis,

517 3260 684 3322 atque
718 3252 1069 3309 diﬂitlentiam
1101 3253 1192 3311 Dei
1226 3254 1579 3326 providentia:
1609 3274 1622 3309 :
1657 3255 1918 3324 illumque
1951 3269 2075 3323 pro-

520 3344 811 3399 missorum
844 3345 1160 3401 violatorem
1191 3346 1414 3402 exhibet
1441 3362 1589 3408 esse.
1640 3361 1829 3401 eorum
1877 3346 2085 3400 scilicet

518 3449 639 3503 qua:
670 3433 953 3506 professus
993 3443 1078 3493 est
1107 3436 1236 3492 dum
1269 3436 1470 3493 mundo
1500 3436 1927 3492 abrenuntiarct.
1969 3435 2083 3488 Ho-

516 3539 637 3578 rum
671 3541 833 3597 porro
861 3527 1025 3581 trium
1057 3528 1342 3583 modorum
1373 3529 1619 3600 exempla
1649 3529 1704 3584 in
1731 3528 1923 3584 divina.
1942 3528 2086 3583 Scri-

518 3622 675 3683 ptura
705 3617 1021 3673 abscondita
1056 3619 1378 3689 reperimus.
1408 3617 1542 3673 Nam
1572 3619 1720 3674 Giezi
1747 3620 1890 3690 quod
1922 3634 2079 3688 pecu-

516 3707 638 3761 nias
666 3722 804 3777 quas
841 3716 967 3765 ante
1011 3726 1118 3765 non
1151 3710 1413 3766 habuerat
1447 3711 1880 3781 concupivisset,
1904 3711 2084 3780 priva-

515 3808 605 3851 tus
636 3808 720 3853 est
748 3801 1047 3871 prophetiae
1071 3803 1265 3872 gratia,
1289 3817 1452 3873 quam
1478 3803 1693 3858 volebat
1724 3803 1799 3856 illi
1826 3802 2084 3871 magister

513 3887 634 3953 eius
667 3889 998 3945 hereditatis
1029 3892 1149 3945 loco
1178 3891 1487 3961 relinquere
1535 3908 1557 3945 ι
1601 3900 1655 3946 et
1708 3906 1809 3961 pro
1862 3891 2083 3945 benedi-

512 3980 713 4040 ctione,
737 3994 833 4051 per
861 3980 1135 4053 prophetae
1159 3981 1527 4045 maledictum,
1555 3990 1810 4035 mternam
1841 3980 2085 4049 possedit

510 4070 716 4141 lcpram
740 4073 804 4125 ³¹.
829 4071 858 4126 ι
867 4071 999 4127 udas
1021 4087 1149 4126 vero
1168 4088 1291 4127 cum
1318 4073 1475 4127 vellet
1499 4074 1756 4143 pecunias
1782 4088 2087 4135 resumere,

513 4176 650 4230 quas
681 4172 813 4218 ante
838 4170 896 4218 ut
926 4162 1211 4218 Dominum
1256 4174 1598 4235 sequeretur,
1633 4166 1946 4235 abjecerat;
1971 4182 2079 4223 non

514 4250 689 4303 MIIIIIII
718 4268 841 4305 cum
871 4251 939 4306 ad
983 4251 1197 4308 Domini
1231 4255 1592 4325 proditionem
1630 4257 1873 4311 aninmm
1909 4273 2081 4328 appu-

512 4341 688 4407 lisset,
719 4357 786 4396 ex
812 4342 983 4397 choro
1013 4344 1386 4414 apostolorum
1433 4354 1691 4401 extrusus
1729 4354 1832 4410 est,
1866 4345 1959 4400 sed
1995 4347 2078 4414 ip.-

510 4447 628 4485 sam
672 4434 945 4488 carnalem
976 4436 1142 4490 vitam
1196 4436 1434 4494 violenta
1466 4447 1640 4493 morte
1681 4440 1988 4493 terminavit
2012 4439 2075 4493 ⁵³.

2186 1978 2347 2051 λάϐῃ,
2381 1980 2442 2034 τδ
2469 1979 2767 2052 τηνικαῦτα
2814 1974 3233 2051 παρασκευάζει
3254 1976 3417 2030 αὐτὸν
3455 1976 3529 2029 τά
3562 1976 3701 2047 ἔργα
3726 1975 3765 2029 ά

2186 2072 2243 2124 ὲν
2265 2070 2343 2141 τῷ
2372 2071 2620 2143 κοινοϐίῳ
2651 2071 3009 2143 τεταγμέναις
3041 2068 3215 2141 ὥραις
3238 2068 3456 2133 πάντως
3489 2067 3754 2138 ὀλιγωρεῖ,

2185 2160 2360 2215 ταῦτα
2390 2162 2451 2214 ὲν
2479 2163 2547 2232 τῇ
2574 2160 2739 2235 κέλλῃ
2790 2160 2981 2224 νυκτὸς
3017 2160 3114 2213 καὶ
3153 2158 3364 2230 ἡμέρας
3395 2157 3542 2227 μετά
3567 2156 3755 2220 πολλῆς

2186 2250 2489 2324 προθυμίας
2518 2254 2721 2305 ποιεῖν’
2757 2251 2851 2304 καὶ
2881 2249 3008 2305 οὔτε
3038 2248 3210 2321 εὐχῶν
3238 2248 3313 2301 τάν
3336 2247 3459 2320 ἔθη.
3496 2246 3626 2300 οὔτε
3657 2246 3757 2299 τῶν

2185 2343 2446 2414 νηστειῶν
2470 2343 2560 2397 τὸν
2588 2344 2809 2415 τρόπον,
2835 2342 2956 2396 οὔτε
2983 2342 3088 2396 τῶν
3108 2340 3424 2413 ἀγρυπνιῶν
3445 2339 3547 2393 τὸν
3567 2339 3760 2393 ιωνόνα

2185 2435 2424 2489 ἐκτελεῖν
2456 2434 2757 2506 ἐπιτρέπειο
2786 2433 2921 2488 ἀλλά
2961 2435 3025 2504 τῇ
3068 2432 3164 2503 τῆς
3196 2430 3561 2503 φιλαργυρίας
3597 2429 3757 2500 μανία

2183 2522 2370 2578 τοῦτον
2396 2526 2642 2596 ἐνδήσας,
2670 2526 2769 2596 τὴν
2798 2528 2977 2580 πᾶσαν
3004 2523 3235 2595 σπουδὴν
3260 2524 3339 2586 είς
3359 2520 3423 2575 τὺ
3447 2522 3753 2593 ἑργάχειρον

2185 2616 2328 2687 ἔχειν
2359 2616 2657 2670 ἀναπείθει.
2686 2617 2795 2687 Τῆς
2823 2616 2880 2669 δὲ
2907 2615 3062 2669 νόσου
3088 2614 3288 2684 ταύτης
3312 2615 3462 2684 195i;
3499 2614 3613 2666 εεσι
3640 2612 3755 2684 4:96-

2186 2726 2296 2769 ποι,
2327 2707 2422 2772 οὓς
2458 2708 2651 2779 ἐπίσης
2679 2708 3111 2780 ἀπαγορεύουσιν
3149 2708 3206 2760 αἱ
3237 2705 3376 2760 θεῖαι
3419 2704 3641 2778 Γραφαὶ
3668 2702 3755 2758 καὶ

2184 2801 2249 2853 αἱ
2286 2799 2619 2853 διδασκαλίαι
2654 2800 2762 2853 τῶν
2805 2800 3089 2874 Πατέρωνο
3124 2792 3203 2862 εἷς
3243 2798 3362 2868 μὲν,
3395 2796 3455 2849 ὃν
3503 2796 3753 2867 ἀνωτέρω

2183 2890 2575 2961 διεγράψαμεν.
2618 2890 2675 2953 ὅς
2723 2890 3133 2962 παρασκευάζει
3177 2890 3302 2953 τοὺς
3346 2887 3569 2951 ἀθλίους
3616 2887 3756 2957 άπερ

2182 2981 2304 3035 οὐδὲ
2336 2983 2393 3033 έν
2426 2980 2502 3052 τῷ
2534 2980 2722 3051 κόσμῳ
2766 2980 2942 3051 ἔσχον,
2980 2979 3154 3033 ταῦτα
3197 2977 3427 3033 κτᾶσθαι
3487 2978 3585 3031 καὶ
3634 2993 3753 3029 συνο

2184 3072 2484 3145 αθροίςζειν·
2521 3072 2675 3136 ἄλλος
2704 3070 2764 3136 ὅς
2821 3071 3239 3143 μεταμελείσθαι
3275 3072 3419 3123 ποιεῖ
3450 3071 3580 3132 τοὺς
3611 3064 3751 3131 απαξ

2182 3167 2293 3228 τοῖς
2315 3166 2585 3236 χρήμασιν
2618 3162 3076 3235 ἀποταξαμένους,
3110 3160 3423 3216 ὑποϐάλλων
3451 3161 3639 3223 αὐτοῖς
3663 3158 3751 3228 ζη-

2180 3259 2293 3310 τεῖν
2324 3257 2467 3330 άπερ
2497 3255 2615 3329 Θεῷ
2661 3256 3056 3327 προσήνεγκαν·
3088 3254 3269 3327 τρίτος
3308 3252 3391 3315 δὲ,
3415 3253 3585 3316 ὅστις,
3617 3248 3751 3305 κατι

2180 3345 2278 3418 τὴν
2317 3346 2490 3416 ἀρχὴν
2538 3347 2791 3408 ἀπιστίας
2828 3345 3135 3418 χλιαρότητι
3165 3341 3394 3415 μοναχὸν
3421 3342 3672 3412 ἐνδήσας,
3691 3338 3745 3392 ού

2185 3438 2455 3506 συγχωρεῖ
2500 3435 2687 3490 τοῦτον
2733 3435 2955 3500 τελείως
2989 3434 3371 3504 ἀπαλλαγῆναι
3395 3433 3508 3487 τιῖιν
3540 3431 3635 3487 τοῦ
3661 3431 3746 3485 κύ-

2185 3542 2320 3594 σμου
2348 3524 2707 3596 πραγμάτων,
2748 3523 2910 3593 φόϐον
2937 3524 3122 3588 πενίας
3149 3522 3489 3585 ύποϐάλλων,
3508 3523 3603 3581 καὶ
3632 3523 3748 3574 chap

2184 3617 2336 3669 στίαν
2362 3619 2459 3687 τῆς
2491 3614 2621 3668 Θεοῦ
2654 3615 2929 3687 προνοίας,
2954 3617 3050 3668 καὶ
3076 3613 3397 3686 παραϐάτην
3432 3613 3747 3675 ὑποδεικνὺς

2181 3707 2289 3759 τῶν
2311 3707 2523 3762 οἰκείων
2552 3699 3005 3777 ύποσχέσεων,.ὦνη
3027 3704 3483 3776 καθωμολόγησεν
3516 3704 3748 3757 ἀποτισ-

2183 3798 2408 3868 σὸμενος
2437 3796 2516 3870 τῷ
2549 3797 2758 3872 κόσμῳ.
2796 3797 3010 3852 Τούτων
3038 3797 3095 3850 δὲ
3121 3798 3228 3850 τῶν
3253 3795 3421 3867 τριῶν
3450 3792 3749 3867 τρόπωντά

2183 3888 2597 3960 παραδείγματα
2644 3892 2701 3943 ὲν
2746 3892 2813 3961 τῇ
2856 3888 2977 3960 θείᾳ
3027 3889 3223 3960 Γραφῇ
3253 3885 3751 3958 κατακεκρυμμένα

2182 3981 2526 4053 εὑρίσκομεν.
2558 3981 2668 4035 Καὶ
2700 3981 2807 4053 γάρ
2839 3982 2867 4033 6
2900 3979 3062 4051 Γιεζῆ
3119 3981 3376 4051 χρήματα
3410 3977 3449 4033 ἃ,
3495 3977 3752 4051 πρότερον

2181 4073 2279 4124 οὐκ
2322 4068 2434 4141 εἶχε
2486 4070 2762 4142 βουληθεὶς
2788 4069 3109 4142 κτήσασθαι,
3138 4069 3377 4139 ἀπέτυχε
3406 4070 3508 4140 τῆς
3545 4085 3750 4141 προφη-

2180 4162 2335 4232 τικῆς
2387 4161 2623 4233 χάριτος.
2662 4162 2726 4233 ἦν
2774 4162 2803 4213 6
2849 4160 3162 4225 διδάσκαλος
3197 4159 3565 4231 κληρονομίας
3604 4160 3754 4226 τάξει

2182 4250 2503 4321 καταλεῖψαι
2534 4251 2709 4322 τούτῳ
2739 4251 3028 4321 ἠϐούλετο·
3066 4252 3159 4305 καὶ⁸
3195 4252 3320 4305 άντὶ
3348 4251 3602 4320 εὐλογίας
3628 4252 3752 4304 αἰω-

2180 4344 2299 4398 νίαν
2333 4344 2539 4416 λέπραν
2569 4343 2656 4398 διὰ
2683 4344 2781 4415 τῆς
2812 4343 2903 4399 τοῦ
2936 4346 3213 4417 προφήτου
3247 4345 3493 4416 κατάρας
3528 4343 3751 4415 ἐκληρο-

2181 4437 2414 4506 νόμησε.
2451 4436 2561 4490 Καὶ
2600 4436 2819 4500 Ἰούδας,
2857 4435 3134 4505 βουληθεὶς
3184 4438 3443 4508 χρήματα
3484 4433 3692 4495 λαϐεῖν,
3717 4431 3755 4486 ἃ

509 4524 750 4579 Ananias
787 4532 841 4580 et
872 4525 1162 4597 Sappbira,
1194 4544 1317 4584 cum
1345 4528 1590 4601 quzcdam
1622 4545 1686 4583 ex
1718 4529 1785 4582 iis
1818 4544 1937 4599 quae.
1977 4528 2053 4582 Do

2183 4529 2443 4602 πρότερον
2474 4528 2551 4600 τῷ
2589 4527 2811 4600 Χριστῷ
2843 4527 3148 4583 ἀκολουθῶν
3173 4527 3465 4589 ἀπέϐαλεν,
3495 4528 3558 4580 ού
3596 4527 3754 4597 μόνον

510 4612 658 4666 mino
678 4623 1066 4671 consecrarant
1088 4626 1483 4684 reservassent,
1506 4619 1803 4689 apostolico
1825 4635 1918 4673 ore
1940 4636 2081 4674 mor-

508 4705 581 4760 tis
615 4721 827 4773 pmnam
858 4707 1015 4763 luunt
1039 4709 1128 4764 ⁸³⁵.
1155 4709 1264 4780 (97)
1288 4709 1516 4781 Magnus
1542 4720 1720 4765 autem
1750 4711 1838 4767 ille
1867 4710 2082 4782 Moyses

510 4797 563 4850 in
604 4794 1030 4855 Denteronomio
1068 4804 1358 4873 mysticum
1392 4802 1482 4856 dat
1528 4812 1853 4873 praeceptum
1885 4805 1952 4861 iis
1981 4805 2076 4876 qui

509 4886 713 4941 mundo
752 4890 1107 4944 renuntiaturi
1162 4901 1324 4955 sunt,
1372 4900 1425 4946 et
1478 4892 1713 4963 quodam
1767 4893 2079 4952 diffidentia

506 4991 653 5031 ιιιιιιιι
683 4981 916 5037 terrenis
939 4981 1116 5037 adhuc
1150 4982 1412 5038 inhaerent
1444 5002 1455 5039 :
1493 5002 1514 5036 ι
1548 4983 1604 5037 Si
1644 4986 1767 5054 quis
1813 4986 1973 5040 homo
2006 4986 2075 5040 tio

504 5080 688 5126 turdus
713 5070 785 5125 sit
812 5080 866 5127 et
897 5072 1063 5129 corde
1096 5073 1344 5144 pavidus,
1378 5075 1425 5129 is
1455 5092 1562 5129 non
1592 5076 1833 5146 prodibit
1862 5077 1927 5130 ad
1960 5077 2074 5131 bel-

505 5159 616 5214 lum
649 5179 663 5215 :
696 5163 853 5218 abeat
878 5163 1121 5226 domum,
1157 5165 1339 5233 ihique
1369 5166 1603 5221 molliter
1626 5168 1805 5237 degat,
1836 5184 1905 5222 ne
1939 5168 2076 5221 forte

506 5269 763 5323 pavorem
818 5254 1051 5309 incutiat
1101 5254 1361 5311 cordibus
1402 5256 1630 5310 fratrum
1678 5272 1901 5311 suorum
1948 5258 2011 5311 ⁸ο.
2051 5278 2068 5307 ι

509 5344 671 5398 Estne
692 5345 972 5417 quidpiam
1000 5346 1103 5401 hoc
1118 5345 1435 5401 teslimonio
1458 5348 1706 5403 securius
1731 5356 1892 5419 atque
1913 5348 2075 5418 liqui-

500 5437 665 5491 dius?
686 5435 872 5493 Nonne
895 5437 966 5493 iis
986 5439 1165 5495 verbis
1193 5440 1488 5496 ediscimus
1522 5441 1617 5511 qui
1643 5440 1843 5494 mundo
1871 5456 2076 5495 renun-

2178 4623 2258 4684 εἰς
2279 4618 2565 4692 προδοσίαν
2598 4620 2693 4674 τοῦ
2723 4620 2990 4673 Δεσπότου
3012 4619 3316 4691 ὀλισθήσας,
3344 4618 3436 4671 τοί
3463 4617 3629 4689 χοροῦ
3650 4618 3755 4669 τῶν

2182 4710 2494 4766 ἀποστόλων
2545 4712 2819 4779 ἐξέπεσεν,
2870 4710 3004 4765 ἀλλά
3056 4711 3152 4764 καὶ
3176 4711 3343 4781 αὐτὴν
3366 4710 3466 4781 τὴν
3499 4712 3561 4763 ὲν
3592 4710 3757 4780 σαρκὶ

2179 4799 2325 4873 ζωὴν
2347 4799 2505 4872 βιαίῳ
2527 4798 2741 4872 θανάτῳ
2760 4800 3072 4855 κατέλυσεν.
3090 4798 3337 4863 Ἀνανίας
3359 4800 3451 4852 καὶ
3469 4799 3754 4871 Σάπειρα

2178 4891 2598 4962 διαφυλάξαντες
2626 4910 2746 4946 τινα
2770 4892 2827 4961 ἐξ
2853 4885 2927 4946 ὧν
2953 4892 3031 4963 τῷ
3051 4890 3167 4962 Θεῷ
3187 4890 3593 4963 προσανέθεντο,
3624 4890 3757 4942 ἀπο-

2184 4987 2411 5058 στολικῷ
2445 4988 2669 5058 στόματι
2709 4987 2923 5056 θανάτῳ
2950 4983 3334 5056 τιμωροῦνται.
3379 4982 3618 5051 Μωῦσῆς
3644 4981 3701 5033 δὲ
3727 4982 3756 5032 6

2183 5078 2356 5147 μέγας
2400 5080 2457 5130 ὲν
2496 5077 2572 5149 τῷ
2608 5078 3011 5149 Δευτερονομίῳ
3063 5075 3337 5147 μυστικῶς
3390 5072 3755 5145 παραγγέλλει

2179 5172 2293 5234 τοῖς
2347 5168 2629 5241 μέλλουσιν
2676 5170 3076 5224 ἀποτάσσεσθαι
3113 5168 3189 5239 τῷ
3230 5168 3438 5238 κόσμῳ,
3474 5167 3564 5219 καὶ
3604 5162 3757 5234 φάσῳ

2179 5260 2435 5324 ἀπιστίας
2453 5259 2610 5314 πάλιν
2636 5260 3010 5331 ἀντεχομένοις
3030 5258 3139 5313 τῶν
3164 5258 3364 5329 γηΐνων
3388 5256 3753 5329 πραγμάτων*

2187 5370 2206 5401 ι
2245 5351 2309 5404 Εἴ
2336 5351 2418 5415 τίς
2455 5353 2601 5404 ἐστιν
2644 5350 2931 5422 ἄνθρωπος
2974 5348 3286 5422 περίφοϐος,
3318 5348 3412 5402 καὶ
3450 5350 3514 5418 τῇ

2180 5441 2372 5507 δειλὸς,
2401 5442 2501 5495 ούκ
2530 5441 2867 5506 ἐξελεύσεται
2895 5444 2974 5507 είς
3006 5442 3269 5513 πόλεμον·
3303 5436 3617 5511 πορευέσθω
3660 5437 3759 5491 καὶ

568 5591 621 5625 ⁸¹
659 5591 723 5647 Π
761 5592 889 5665 Reg.
927 5609 980 5658 ν,
1014 5591 1105 5649 27.
1178 5593 1223 5625 ⁸⁸
1261 5592 1448 5649 Matth.
1486 5610 1652 5655 xxvu,
1837 5596 1902 5627 ”°
1937 5594 2053 5650 Aet.

2183 5595 2214 5651 5
2256 5597 2337 5650 ιο.
2412 5597 2458 5628 ⁸⁵
2500 5595 2658 5657 Deut.
2693 5613 2795 5662 xx,
2833 5596 2886 5653 8.

570 5749 689 5817 (93)
731 5748 865 5805 P.4d.
894 5766 942 5805 c.
973 5751 1028 5814 9,
1066 5750 1144 5815 l0,
1185 5749 1242 5803 Il
1281 5757 1333 5803 ct
1358 5765 1472 5819 seq.

566 5821 683 5892 (ac,
713 5821 845 5877 tum.
882 5835 930 5875 c.
965 5820 1026 5876 ιι

2252 5755 2362 5811 (971
2398 5754 2529 5809 ibid.
2567 5769 2616 5809 ο.
2650 5755 2728 5808 l5.
