3924 6532
147 416 260 471 8‘53

144 539 178 590 ἀ
186 537 447 608 μαλυέτω
496 541 814 621 [ἀναλυὲτω]
867 554 946 616 είς

145 718 308 820 Ἐξοτι
358 723 460 794 τῆς
487 731 805 820 μαρτυρίας
828 736 1031 809 ταύτης
1059 718 1463 818 ἀσφαλέστερόν
1485 765 1538 815 τι
1565 749 1597 820 ἦ
1632 766 1729 803 σα-

136 810 443 882 φέστερονς
474 817 589 870 υύκ
615 820 723 891 ἄρα
751 823 840 878 διὰ
867 826 1071 882 τουτων
1112 810 1452 907 μανθάνομεν
1499 810 1548 892 οἱ
1586 810 1725 896 ἀπο-

134 904 465 973 τασσόμενοι
515 910 591 979 τῷ
636 913 825 986 κόσμῳ
886 918 1105 985 τελείως
1149 926 1573 993 ἀποτάσσεσθαι,
1630 935 1724 987 καὶ

134 991 311 1094 ρῦτως
348 997 443 1094 ἐπὶ
475 998 565 1053 τὸν
594 1003 827 1075 πόλεμον
866 1010 1160 1079 ἐκϐαίνειν,
1194 1018 1244 1069 εί
1275 1018 1350 1089 μὴ
1380 1020 1469 1075 διὰ
1497 991 1591 1076 tot}
1629 1024 1725 1094 βα-

132 1082 247 1183 λείν
277 1085 693 1183 ἀρχίλνᾲχαύνην
713 1098 804 1149 καὶ
829 1098 1229 1176 διεφθαρμένην
1251 1082 1575 1183 ἀνατρέπειν
1593 1082 1724 1180 τοὺς

132 1173 332 1278 ἀλλους
386 1177 496 1278 ἀπὸ
698 1173 1060 1264 εὐαγγελικῆς
1089 1173 1443 1269 τελειότητος.
1506 1173 1721 1278 Ἐπειδῆ

131 1261 185 1365 δέ
216 1281 385 1368 τινες.
407 1269 468 1323 τὸ
511 1273 690 1368 καλῶς
729 1261 1105 1356 εἰρημένον-τῇ
1133 1261 1354 1361 Γραφῇ-
1386 1261 1418 1343 ιν
1439 1261 1721 1368 Μακάριόν

130 1354 248 1407 ἐστι
271 1356 497 1423 διδὰναι,
524 1361 557 1433 ἢ
586 1363 913 1436 λαμϐάνειν,
944 1391 962 1422 ι
994 1376 1178 1441 κακῶς
1202 1380 1582 1453 ἐρμηνεύουσι,
1603 1387 1721 1457 βια-

128 1445 359 1551 {ﬂavos
387 1451 524 1523 πρὸς
550 1456 648 1528 τὴν
681 1457 816 1515 ίδίαν
848 1464 1065 1536 ἀπάτην
1091 1471 1185 1523 καὶ
1333 1445 1442 1543 ’τῆς
1466 1445 1722 1551 φιλαργυ-

128 1538 254 1608 ρίας
322 1544 620 1617 ἐπιθυμίαν
659 1548 765 1640 τὴν
806 1552 1016 1611 ἔννοιαν
1045 1561 1137 1612 τοῦ
1172 1538 1337 1635 ῥητοῦ
1371 1538 1721 1640 οιταραλογιίίζό⁸

133 1636 433 1729 perosis-tat
460 1637 557 1707 τὴν
585 1639 678 1729 τοῦ
702 1643 903 1712 Κυρίου
926 1647 1273 1707 διδασκαλίαν
1300 1655 1396 1727 τὴν
1423 1636 1684 1729 λεγουσαν
1700 1682 1714 1695 ο

132 1743 152 1772 ι
190 1723 254 1775 El
305 1723 524 1823 Odiis-ti-
545 1728 749 1796 τέλειος
802 1731 963 1798 εἶναι,
992 1739 1239 1814 πώλησόν
1298 1723 1390 1799 σου
1430 1723 1507 1803 τά
1539 1751 1716 1823 ὑπάρ-

130 1830 319 1883 χοντα,
350 1816 446 1869 καὶ
476 1816 569 1882 δὺς
596 1826 848 1892 πτωχοῖς,
877 1827 975 1880 καὶ
1002 1829 1141 1895 ἕξεις
1165 1831 1434 1907 θησαυρὸν
1465 1840 1522 1892 ἐν
1549 1841 1713 1911 οὐρα-

1284 440 1616 498 EPISTOLA
1657 446 1701 499 il
1740 445 1829 500 AD
1867 446 2259 511 CASTOREM.

952 582 963 593 -
994 555 1084 609 τὸν
1140 558 1270 614 ἴδιον
1320 557 1491 626 οἷκον,
1527 564 1699 634 μήποτ

1803 614 1805 623 ι
1835 568 2056 635 tiamus,
2088 573 2248 630 nobis
2278 574 2513 644 perfecte
2544 579 2987 645 renuntiandum,
3024 590 3184 653 atque
3225 583 3301 640 ita
3325 585 3396 643 ad

144 628 435 684 πτοεῖσθαι
476 636 686 705 ποιήσοι
718 640 816 704 τάς
836 645 1058 714 καρδίας
1086 648 1191 703 τῶν
1222 652 1464 722 ἀδελφῶν
1492 654 1675 709 αὑτοῦ.
1704 675 1747 707 ι·

3292 469 3396 527 886

1829 662 2027 719 bellum
2061 667 2461 747 procedendum
2485 686 2640 735 esse;
2670 688 2737 727 ne
2763 673 2903 729 forte
2924 690 2989 731 ex
3019 677 3164 732 molli
3188 684 3244 732 et
3270 695 3395 735 eor-

1828 764 1988 825 rupto
2031 757 2188 813 initio
2214 760 2353 816 alios
2375 762 2444 817 ab
2471 761 2793 835 Evangelica
2824 768 3154 834 perfectione
3175 780 3391 824 averta-

1826 860 1971 902 mus.
2008 846 2119 919 (98)
2153 849 2602 922 Quandoquidem
2626 870 2755 910 vero
2780 855 2909 910 illud
2937 857 3105 925 probe
3141 859 3199 912 in
3241 856 3391 914 Seri-

1826 945 1982 1004 ptura
2010 938 2215 994 dictum
2241 959 2256 996 :
2282 959 2301 993 ι
2327 941 2545 998 Beatius
2561 954 2644 998 est
2668 945 2797 1000 dare
2817 961 2977 1016 quam
3001 948 3245 1017 accipere
3268 948 3335 1011 ⁸⁸,
3367 969 3386 1000 ι

1824 1028 1964 1084 male
1990 1030 2210 1099 quidam
2240 1032 2685 1104 interpretantur,
2709 1037 2924 1107 vimque
2946 1039 3137 1094 litterae
3163 1040 3390 1108 faciunt,

1823 1126 1987 1190 atque
2015 1121 2082 1175 ad
2120 1123 2393 1193 propriam
2424 1125 2667 1181 fraudem
2706 1136 2761 1182 et
2792 1129 2858 1184 ad
2898 1129 3142 1199 pecuniae
3183 1146 3388 1185 concu-

1823 1209 2144 1277 piscentiam
2180 1213 2308 1270 dicti
2341 1219 2662 1272 sententiam
2693 1218 2853 1290 322
2884 1221 3227 1292 detorquent,
3259 1240 3388 1277 nec-

1823 1312 1930 1352 non
1982 1297 2195 1357 Domini
2229 1302 2560 1368 doctrinam,
2593 1322 2714 1376 quae
2765 1308 2845 1361 sic
2900 1307 3063 1363 habet
3096 1328 3110 1364 :
3152 1328 3173 1361 ι
3211 1310 3267 1363 Si
3302 1311 3387 1365 vis

1822 1393 2098 1462 perfectus
2125 1411 2269 1461 esse,
2304 1398 2478 1454 vende
2502 1400 2684 1453 omnia
2717 1416 2837 1469 qua:
2864 1399 3030 1455 ltabes
3063 1411 3114 1456 et
3149 1400 3217 1455 da
3252 1419 3384 1472 pnu-

1820 1486 2065 1554 peribus,
2092 1494 2146 1542 et
2170 1487 2396 1544 habebis
2421 1490 2732 1545 thesaurum
2764 1494 2816 1545 in
2848 1493 3008 1559 caelo,
3034 1501 3088 1548 et
3110 1493 3255 1555 veni,
3293 1510 3384 1549 se-

1817 1592 1985 1646 quere
2028 1593 2114 1634 me
2144 1579 2192 1611 ⁸⁶
2223 1598 2240 1634 ι
2274 1598 2292 1631 ι
2332 1587 2387 1635 et
2426 1580 2673 1650 judicant
2710 1582 3020 1636 divitiarum
3066 1584 3378 1638 facultatem

1819 1676 2146 1737 paupertate
2183 1668 2481 1726 feliciorem
2538 1688 2681 1735 esse,
2725 1688 2890 1743 seque
2943 1690 3010 1729 ex
3067 1675 3379 1745 huiusmodi

1817 1757 2154 1813 abundantia
2184 1775 2346 1830 posse
2392 1762 2762 1833 indigentibus
2794 1764 3013 1835 largiri;
3063 1766 3240 1820 sciant
3273 1766 3379 1819 htt-

1811 1843 2053 1911 jusmodi
2098 1847 2349 1904 homines
2396 1864 2457 1905 se
2504 1850 2747 1905 nondum
2782 1854 2984 1909 mundo
3014 1854 3378 1916 renuntiasse.

122 1905 221 1975 νῷ,
239 1905 339 1961 καὶ
358 1907 537 1980 δεῦρο,
559 1908 834 1970 ἀκολούθει
859 1936 979 1987 μοι·
1010 1941 1026 1971 ι
1047 1925 1137 1977 καὶ
1161 1905 1401 1997 κρίνουσι
1428 1932 1528 2002 τῆς
1552 1934 1699 2006 ἀκτη-

1816 1952 1990 2007 ueque
2022 1939 2300 1996 ambulare
2346 1941 2400 1995 itt
2450 1943 2750 1997 monastica
2808 1944 3160 2014 perfectione,
3200 1960 3379 2016 quan-

124 1997 371 2068 μοσύνης
422 2004 842 2077 μακαριώτερον
897 2011 958 2065 τὸ
1009 2013 1347 2082 ἐξουσιάζειν
1409 1997 1504 2077 cod
1576 1997 1707 2080 ἰδίου

126 2088 382 2151 πλούτου,
412 2095 505 2146 καὶ
536 2095 599 2147 ἐκ
625 2096 723 2166 τῆς
766 2098 953 2155 τούτου
1008 2110 1316 2177 περιουσίας
1358 2111 1552 2168 διδόναι
1597 2121 1708 2181 τοῖς

118 2180 430 2250 δεομένοιςο
460 2187 876 2251 γινωσκέτωσαν
915 2196 962 2247 oi
995 2198 1221 2253 τοιοῦτοι
1251 2204 1415 2273 μήπω
1444 2209 1707 2263 ἀποτετά-

124 2269 249 2339 χθαι
270 2271 354 2342 τῷ
376 2273 588 2367 κόσιαρ,
607 2278 749 2349 μηδὲ
777 2282 1029 2356 ἐπιϐῆναι
1056 2288 1157 2359 τῆς
1189 2269 1481 2367 μοναχικῆς
1506 2299 1705 2353 τελειό-

123 2377 306 2431 τητος,
338 2365 424 2433 ἐφ’
459 2368 581 2420 ὅσον
612 2371 1028 2442 ἐπαισχύνονται
1058 2382 1156 2452 τὴν
1183 2384 1320 2455 ὑπὲρ
1348 2388 1583 2455 Χριστοῦ
1619 2392 1704 2447 ἐν·

119 2453 271 2516 δοξον
311 2456 454 2525 μετᾶ
494 2458 588 2512 τοῦ
623 2462 943 2521 ’Ᾱπσστόλου
973 2470 1258 2528 ἀναλαϐεῖν
1292 2480 1581 2549 πτωχείαν,
1609 2486 1703 2537 καὶ

120 2548 218 2618 τὴν
239 2548 359 2601 τῶν
388 2551 588 2622 χειρῶν
615 2556 877 2625 ἐργασίαν
909 2562 1120 2629 ἑαυτοῖς
1144 2585 1200 2621 τε
1230 2569 1322 2623 καὶ
1353 2575 1464 2636 τοῖς
1509 2574 1701 2646 δεομέ-

122 2657 232 2704 νοις
266 2642 586 2714 ὖτιηρετείν.
633 2649 696 2703 Εἰ
735 2650 792 2704 δὲ
835 2654 1193 2727 ἐπιθυμοῦσιν
1228 2660 1375 2731 ἔργῳ
1414 2642 1698 2737 πληρῶσαι

120 2734 217 2803 τὴν
245 2735 544 2808 μοναδιιὴν
566 2740 919 2810 ἐπαγγελίαν,
950 2750 1043 2802 καὶ
1079 2750 1217 2819 μετά
1243 2753 1335 2806 τοῦ
1379 2734 1697 2813 Ἀποστόλου

113 2822 443 2895 ﬂendi-pm.
468 2826 950 2902 διασκορπίσαντες
979 2837 1070 2890 τὸν
1112 2840 1339 2894 παλαιὸν
1389 2844 1615 2899 πλοῦτον
1639 2848 1698 2900 ἐν

121 2913 259 2986 λιμῷ
286 2917 384 2969 καὶ
398 2916 547 2987 δίψει
572 2921 668 2974 καὶ
695 2924 1012 2996 γυμνότητι,
1045 2928 1185 2999 μετὰ
1205 2932 1297 2985 τοῦ
1317 2934 1528 2989 Παύλου
1548 2938 1695 3007 ἀγωο

113 3006 452 3071 νιζέσθωσαν
498 3011 593 3064 τὸν
649 3012 815 3070 καλὸν
870 3018 1078 3087 ἀγῶνα.
1112 3023 1221 3076 Καὶ
1259 3024 1363 3096 γὰρ
1391 3028 1439 3079 εί
1467 3028 1525 3081 τὸ
1553 3006 1695 3100 ἔχειν

117 3099 349 3153 παλαιὸν
395 3101 622 3156 πλοῦτον
668 3106 1087 3183 ἀναγκαιότερον
1126 3114 1416 3183 ἐγίνωσκεν
1445 3099 1589 3192 πρὸς
1607 3099 1698 3176 τε-

121 3188 335 3243 λείωσιν
358 3192 391 3245 δ
417 3191 580 3258 αὐτὸς
624 3194 1076 3265 Ἀπόστολος,οὐκ
1104 3204 1170 3258 ἂν
1196 3208 1564 3281 κατεφρόνησε
1594 3213 1699 3284 τῆς

112 3374 418 3442 γεγονέναι,
440 3379 536 3430 καὶ
569 3379 790 3452 πολίτην
824 3383 1126 3455 Ῥωμαίων.
1158 3388 1267 3443 Καὶ
1299 3393 1347 3444 οἱ
1375 3393 1431 3445 ἐν
1465 3394 1692 3466 Ἱεροσο-

115 3466 306 3537 λύμοις
333 3469 415 3534 δὲ,
445 3469 643 3535 οἵτινες
670 3473 909 3528 ἐπώλουν
933 3477 1032 3542 τὰς
1052 3480 1227 3544 οἰκίας
1253 3482 1430 3536 αὐτῶν
1458 3485 1701 3550 καὶτοὺς.

116 3564 340 3634 ἀγροὺς,
358 3564 454 3617 καὶ
474 3564 720 3620 ἐτίθεσαν
746 3569 895 3641 παρά
908 3573 1031 3635 τοὺς
1052 3554 1214 3638 πόδας
1230 3574 1336 3630 τῶν
1358 3577 1689 3643 ἀποστόλων,

111 3658 213 3710 οὐκ
245 3656 316 3710 ἂν
344 3656 504 3711 τοῦτο
537 3656 830 3730 ἔπραττον,
878 3663 928 3715 εί
970 3667 1361 3737 κεκρυμμένον
1397 3670 1690 3738 ἐγίνωσκον

111 3749 217 3802 ὑπὸ
245 3749 354 3803 τῶν
379 3750 693 3806 ἀποστόλων
719 3754 1126 3829 μακαριώτερον
1146 3757 1302 3824 εἶναι,
1319 3761 1379 3815 τὸ
1407 3766 1517 3827 τοῖς
1542 3764 1689 3831 ἰδίοις

114 3841 356 3911 χρήμασι
386 3840 682 3913 τρέφεσθαι
717 3847 810 3899 καὶ
841 3848 914 3919 μὴ
952 3850 1183 3924 καμάτῳ
1218 3854 1333 3926 ἰδίῳ
1356 3857 1450 3911 καὶ
1478 3860 1544 3930 τῇ
1580 3859 1689 3915 τῶν

111 3932 308 4003 χειρῶν
341 3934 595 4005 ἐργασίᾳ.
622 3936 957 4012 Σαφέστερον
985 3939 1040 3994 δέ
1068 3941 1306 3998 διδάσκει
1338 3948 1465 4018 περὶ
1498 3948 1686 4004 τούτου

110 4029 143 4080 δ
157 4031 272 4101 εξρη
279 4030 443 4100 μένος
474 4031 812 4098 ’Δπόστολος,
835 4036 892 4089 ἐν
909 4024 990 4101 οἷς
1005 4038 1204 4109 γράφει
1236 4041 1525 4114 Ῥωμαίοις
1537 4046 1684 4100 τάδε’

115 4137 139 4166 ‹
163 4119 293 4172 Νυνὶ
318 4118 376 4173 δὲ
403 4119 707 4192 πορεύομαι
735 4125 814 4189 είς
849 4124 1195 4200 Ἱεροσόλυμα
1224 4131 1538 4205 διακονῆσαι
1573 4140 1687 4202 τοῖς

110 4209 303 4275 ἁγίοις.
347 4211 674 4283 Ηύδόκησαν
716 4215 823 4289 γάρ
866 4218 1172 4275 Μακεδονία
1216 4223 1310 4277 καὶ
1345 4226 1534 4296 ’Λχαῖα
1571 4245 1687 4282 κοι-

110 4298 301 4354 νωνίσιν
329 4302 453 4356 τινὰ
486 4303 811 4375 ποιήσασθαι
850 4309 930 4371 είς
959 4310 1086 4374 τοὺς
1118 4315 1363 4384 πτωχοὺς
1386 4317 1495 4370 τῶν
1515 4318 1686 4388 ἁγίων

110 4392 217 4444 τῶν
242 4396 299 4447 ἐν
336 4394 710 4469 Ἰερουσαλήμ.
770 4418 789 4451 ι
832 4393 998 4465 Οὗτος
1030 4403 1087 4454 δὲ
1126 4403 1363 4475 δέσμιος,
1387 4410 1480 4462 καὶ
1517 4411 1685 4480 φυλα-

112 4485 233 4545 καῖς
261 4483 543 4549 πολλάκις,
571 4487 666 4539 καὶ
692 4486 771 4558 τῷ
808 4489 1034 4562 σκυλμῷ
1075 4496 1175 4561 τῆς
1222 4494 1528 4569 ὁδοιπορίας
1553 4500 1685 4554 ὐπο-

113 4570 345 4642 ϐληθεὶς,
380 4576 477 4629 καὶ
540 4577 965 4651 ἐμποδιζόμενος
1016 4585 1081 4637 ἐκ
1124 4584 1336 4650 τούτου,
1370 4588 1446 4652 ὡς
1479 4589 1679 4657 εἰώθει,

112 4665 227 4727 ταῖς
270 4665 423 4732 ἰδίαις
479 4670 636 4741 χερσὶ
682 4671 1073 4745 προσπορίζειν
1121 4677 1296 4747 ἐαυτῷ
1339 4679 1436 4744 τὰς
1472 4682 1681 4753 χρείας,

111 4753 305 4820 ταύτας
352 4758 636 4830 εἰληφέναι
665 4761 909 4816 διδάσκει
945 4764 1101 4835 παρὰ.
1131 4768 1240 4822 τῶν
1278 4768 1543 4840 ἀδελφῶν,
1571 4772 1682 4825 τῶν

112 4849 217 4903 ἀπὸ
243 4853 578 4919 Μακεδονίας
606 4856 742 4928 πρὸς
767 4858 927 4912 αὐτὸν
956 4859 1217 4915 ἐλθόντων
1246 4863 1467 4932 φάσκων
1484 4882 1496 4895 ·
1536 4884 1555 4917 ι
1608 4866 1680 4919 Τὸ

113 4939 214 5011 γὰρ
243 4944 528 5016 ὑστέρημά
560 4964 661 5017 μου
692 4949 1080 5021 ἀνεπλήρωσαν
1107 4952 1155 5003 ot
1185 4953 1401 5022 ἀδελφοὶ
1440 4954 1680 5020 ἐλθόντες

113 5025 213 5077 ἀπὸ
238 5028 603 5094 Μακεδονίας’
639 5051 657 5082 ι
683 5032 776 5087 καὶ
796 5033 1191 5106 Φιλιππησίοιςο
1221 5056 1239 5085 ι
1278 5039 1398 5092 Ὅτι
1430 5040 1487 5093 ἐν
1535 5040 1676 5113 ἀρχῇ

114 5111 199 5165 τοῦ
220 5115 549 5186 Εὐαγγελίου
582 5118 885 5186 ἐξελθόντος
910 5140 1009 5193 μου
1036 5125 1143 5177 ἀπὸ
1178 5127 1512 5191 Μακεδονίας
1532 5111 1681 5183 οὐδεέ

116 5204 236 5271 μίαν
275 5206 603 5278 Ἐκκλησίαν
627 5208 980 5283 ἐκοωὼνησεν
1011 5215 1089 5277 εἰς
1117 5213 1271 5283 λόγον
1294 5216 1492 5281 δόσεως
1520 5217 1552 5289 ἦ
1583 5218 1678 5290 λή-

108 5293 266 5361 ψεως,
294 5299 341 5349 εί
374 5298 449 5369 μὴ
483 5299 644 5369 ὑμεῖς
667 5301 813 5371 μόνοι
830 5319 843 5332 ⁸
869 5303 950 5357 ὅτι
981 5305 1073 5357 καὶ
1106 5307 1164 5358 ἐν
1191 5306 1558 5381 Θεσσαλονίκῃ
1582 5309 1675 5361 καὶ

98 5384 246 5452 imi
273 5388 364 5441 καὶ
402 5388 487 5454 δὶς
525 5391 802 5463 ἐπέμψατέ
836 5411 925 5461 μοι
954 5394 1051 5468 τὴν
1087 5396 1295 5466 χρείαν.
1333 5416 1352 5448 ι
1391 5400 1672 5453 Ἔστωσαν

177 5602 221 5635 ⁸⁸
248 5603 365 5661 Act.
400 5624 493 5669 κς,
528 5608 619 5664 55.
696 5611 743 5643 ⁸⁸
782 5610 968 5668 Matth.

113 5686 194 5730 xv.
257 5669 344 5730 25.
435 5678 484 5710 “
522 5676 565 5731 ll
601 5678 730 5739 Cor.
767 5699 855 5750 xi,

179 5793 279 5855 (98)
315 5793 451 5849 Ibid.
485 5813 534 5852 c.
565 5797 651 5852 16.

177 5863 281 5934 ιθθ)
316 5863 450 5921 ibid.
478 5883 528 5924 ε.
562 5868 648 5923 17.

895 5686 948 5740 9.
1036 5688 1077 5717 τι
1120 5685 1350 5754 Philinp.
1387 5705 1458 5753 tv,
1504 5690 1570 5746 13

1026 5614 1276 5700 τιτλε-1..
1353 5617 1401 5649 ⁸⁷
1439 5618 1480 5673 ll
1717 5640 1803 5691 tv,
1842 5624 1890 5680 7.
1969 5630 2041 5662 ⁸⁷⁵
2074 5629 2197 5687 Act.
2233 5648 2342 5688 nu
2367 5674 2381 5700 ,

1815 2027 1909 2081 diu
1937 2030 2268 2085 erubescunt
2292 2046 2391 2101 pro
2410 2031 2628 2088 Christo
2657 2034 2947 2104 gloriosam
2977 2051 3100 2090 cum
3133 2035 3380 2106 apostolo
3454 2102 3459 2108 ,

1815 2132 2096 2174 assumere
2136 2128 2539 2191 paupertatem,
2571 2132 2735 2193 atque
2774 2142 2843 2180 ex.
2890 2141 3066 2195 opere
3112 2141 3376 2179 manuum

1812 2208 1916 2264 sibi
1961 2211 2256 2282 egenisque
2288 2214 2609 2272 subvenibo.
2639 2215 2792 2281 Quod
2829 2216 2873 2271 si
2906 2216 3216 2272 desiderent
3254 2230 3401 2299 mo-!

1811 2302 2077 2357 nasticam
2128 2309 2617 2377 operecumplere
2665 2309 3102 2377 promissionem,
3150 2316 3205 2362 et
3247 2322 3371 2362 cum

1809 2393 2070 2462 Apostolo
2095 2396 2321 2466 gloriam
2344 2401 2610 2469 accipere,
2641 2399 2954 2456 distributis
2988 2399 3262 2455 veteribus
3288 2399 3372 2454 di-

1808 2488 1977 2547 vitiis.
2002 2488 2056 2541 in
2086 2487 2247 2553 fame,
2273 2490 2362 2544 siti
2387 2500 2440 2546 et
2467 2490 2731 2560 nuditate,
2753 2508 2874 2548 cum
2908 2492 3076 2546 Paulo
3096 2492 3375 2548 deccrtent

1808 2579 2010 2634 bonum
2045 2587 2322 2638 certamen
2353 2581 2419 2638 ³⁷.
2463 2582 2574 2655 (99)
2600 2583 2734 2638 Nam
2766 2584 2813 2639 si
2855 2584 2924 2638 ad
2959 2584 3369 2654 perfectionem,

1805 2671 2173 2727 necessariam
2204 2683 2510 2743 reputasset
2538 2676 2656 2745 ipse
2687 2676 2980 2746 Apostolus
3010 2684 3255 2731 veterum
3280 2674 3368 2730 di-

1804 2762 2058 2816 vitiarum
2095 2765 2531 2834 possessionem,
2585 2768 2817 2836 priorem
2869 2782 3022 2822 suam
3053 2766 3368 2838 dignitatem

1815 2853 2040 2908 minime
2068 2854 2411 2924 despexisset
2446 2874 2460 2910 :
2492 2873 2552 2912 se
2584 2858 2785 2927 quippe
2817 2858 3080 2913 illustrem
3113 2867 3167 2912 et
3194 2857 3368 2911 civem

1805 2943 1975 2999 fuisse
1998 2943 2300 3000 Romanqu
2334 2954 2568 3003 testatur
2597 2950 2687 3005 '7'.
2722 2949 2824 3016 Qui
2856 2959 3034 3004 autem
3062 2949 3371 3020 Hierosoly-

1804 3051 1904 3091 ma:
1932 3036 2125 3092 domos
2154 3039 2460 3094 vendebant
2497 3047 2551 3095 et
2583 3043 2780 3111 praedia
2829 3058 2949 3105 sua,
2994 3051 3049 3097 et
3100 3042 3167 3098 ad
3204 3044 3368 3113 pedes

1800 3125 2169 3191 apostolorum
2204 3129 2545 3199 deponebant
2571 3134 2639 3197 ⁸⁸,
2670 3149 3008 3205 nequaquam
3050 3134 3181 3189 illud
3222 3136 3369 3206 egis-

1725 3275 1757 3323 (
1800 3222 1947 3280 sent,
1979 3216 2026 3271 si
2079 3230 2330 3286 nossent,
2361 3223 2637 3279 aestimare
2672 3228 2949 3298 apostolos
3003 3225 3215 3281 felicius
3243 3241 3367 3281 esse

116 3281 343 3354 πρώτης
387 3284 559 3339 αὐτοῧ
610 3286 793 3354 ἀξίας’
847 3292 1116 3365 ἐπίσημον
1168 3296 1277 3368 γὰρ
1323 3299 1469 3370 λέγει
1504 3281 1762 3359 ἐαυτδνίλ

1803 3308 2045 3374 pecuniis
2083 3313 2200 3366 suis
2232 3315 2327 3377 ali,
2358 3329 2523 3384 quam
2554 3315 2739 3372 labore
2766 3318 2984 3388 proprio
3016 3324 3070 3372 et
3107 3332 3364 3372 manuum

1798 3409 1981 3463 opere.
2008 3397 2291 3469 Liquidius
2333 3412 2516 3458 autem
2561 3420 2680 3459 eam
2722 3422 2835 3462 rem
2885 3408 3045 3462 docet
3076 3407 3365 3478 Apostolus

1799 3483 1853 3538 in
1888 3501 1987 3542 sua
2021 3490 2087 3543 ad
2121 3490 2393 3548 Romanos
2425 3494 2669 3564 Epistola
2703 3512 2717 3548 :
2750 3515 2768 3548 ι
2800 3495 2957 3552 Nune
2985 3507 3165 3553 autem
3196 3500 3366 3570 proﬁ-

1798 3574 1978 3630 ciscar
2012 3579 2066 3633 in
2095 3579 2418 3644 Jerusalem,
2471 3585 2787 3643 ministrare
2816 3588 3045 3643 sanctis.
3091 3588 3365 3645 Probave-

1798 3676 1925 3723 runt
1965 3670 2109 3724 enim
2162 3671 2476 3729 Macedonia
2516 3684 2571 3731 et
2607 3677 2810 3732 Achaia
2835 3717 2850 3742 ,
2890 3680 3232 3735 collationem
3263 3683 3365 3736 ali-

1796 3775 1958 3830 quam
1992 3759 2170 3818 facere
2224 3764 2278 3818 in
2324 3780 2593 3837 pauperes
2634 3777 2971 3829 sanctorum.
3010 3772 3102 3841 qui
3134 3780 3263 3826 sunt
3307 3774 3362 3827 in

1793 3846 2091 3906 Jerusalem
2122 3852 2189 3907 ".
2231 3872 2249 3904 ι
2304 3853 2424 3924 Ipse
2482 3866 2661 3911 autem
2698 3858 2917 3913 vinctus
2958 3860 3278 3930 plerumque
3307 3871 3363 3918 et

1796 3939 1851 3993 in
1874 3941 2209 4009 carceribus,
2239 3943 2558 4016 itinerisque
2583 3947 2941 4003 incommodis
2968 3949 3242 4016 subditus,
3277 3959 3364 4007 at-

1793 4046 1899 4101 que
1927 4046 1992 4086 eo
2024 4033 2334 4104 impeditus,
2358 4052 2445 4101 ne,
2478 4038 2556 4092 uti
2589 4039 2816 4103 solebat,
2847 4042 3082 4121 propriis
3108 4043 3361 4099 manibus

1792 4124 2105 4179 necessaria
2139 4125 2242 4180 sibi
2292 4140 2528 4199 pararet,
2564 4144 2627 4185 ea
2675 4147 2735 4187 se
2779 4133 3056 4203 accepisse
3089 4134 3250 4190 docet
3290 4137 3360 4192 ab

1792 4214 1862 4271 iis
1883 4216 1976 4287 qui
2008 4233 2039 4272 e
2066 4216 2381 4275 Macedonia
2408 4231 2568 4276 erant
2604 4221 2886 4290 fratribus,
2916 4227 3118 4296 quique
3140 4242 3198 4283 se
3225 4218 3361 4284 eon-

1791 4315 2074 4374 venerant,
2112 4310 2267 4366 aiens
2302 4330 2317 4367 :
2357 4332 2376 4363 ι
2412 4311 2546 4368 Νιιηι
2579 4314 2722 4385 quod
2764 4316 2897 4370 mihi
2926 4318 3113 4373 deerat
3137 4321 3360 4390 supple-

1789 4406 1984 4451 verunt
2026 4398 2225 4455 fratres
2261 4402 2352 4472 qui
2390 4411 2656 4458 venerunt
2701 4419 2731 4458 a
2780 4405 3091 4462 Macedonia
3122 4411 3188 4462 ⁶⁰.
3229 4430 3248 4463 ι
3291 4409 3360 4466 Et

1789 4485 1857 4540 ad
1889 4485 2305 4559 Philippenses:
2337 4511 2354 4542 ι
2380 4491 2533 4558 Quod
2555 4494 2608 4547 in
2631 4495 2897 4567 principio
2930 4496 3200 4570 Evangelii
3231 4516 3358 4556 cum

1788 4580 1937 4634 nulla
1968 4579 2212 4637 Ecclesia
2241 4585 2640 4639 communicavi
2663 4585 2717 4640 in
2749 4589 2960 4643 ratione
2998 4589 3108 4644 dati
3144 4599 3238 4644 aut
3266 4606 3356 4647 ac-

1788 4672 1955 4741 cepti,
1989 4673 2096 4728 nisi
2126 4674 2409 4731 vobiscum
2451 4678 2586 4734 solis
2623 4697 2637 4733 :
2677 4679 2805 4749 quia
2850 4686 2905 4734 et
2955 4679 3358 4738 Thessalonicae

1788 4764 1957 4818 semel
1985 4772 2039 4820 et
2060 4766 2146 4821 bis
2171 4767 2225 4820 in
2266 4752 2425 4822 usum
2461 4769 2593 4823 mihi
2640 4769 2821 4825 fuistis
2846 4772 2911 4825 δ’.
2953 4792 2970 4823 ι
3009 4772 3131 4826 Sint
3171 4778 3357 4845 itaque

1786 4855 1958 4918 avari,
1980 4855 2137 4925 juxta
2169 4874 2325 4913 suam
2364 4862 2713 4925 sententiam,
2751 4862 3012 4932 Apostolo
3035 4864 3304 4921 beatiores
3337 4886 3355 4924 :

1785 4946 2226 5016 quandoquidem
2259 4949 2393 5019 ipsis
2420 4966 2486 5004 ex
2510 4953 2730 5022 propria
2755 4954 3081 5021 substantia,
3100 4971 3220 5026 qua:
3248 4957 3353 5013 sibi

1787 5038 2097 5093 necessaria
2130 5047 2281 5102 sunt,
2318 5042 2758 5112 suppeditantur.
2806 5043 2909 5099 Sed
2952 5060 3111 5100 nemo
3150 5047 3254 5102 nisi
3297 5048 3352 5102 in

1782 5137 2082 5185 extremam
2113 5130 2377 5187 deciderit
2423 5135 2716 5189 amentiam
2774 5135 2828 5191 id
2886 5136 3132 5207 proferre
3181 5153 3353 5195 ausus

1784 5219 1969 5275 fuerit.
2004 5219 2083 5293 (l)
2127 5220 2185 5276 Si
2216 5224 2471 5281 volumus
2515 5224 2703 5298 itaque
2741 5229 3112 5298 evangelicum
3138 5236 3191 5284 et
3219 5246 3355 5301 apo—

1781 5312 2036 5366 stolicum
2075 5315 2230 5386 sequi
2266 5326 2618 5389 praeceptum,
2646 5328 2808 5391 atque
2851 5321 3156 5378 universam
3185 5339 3352 5395 supra

1781 5404 2059 5473 apostolos
2089 5406 2157 5460 ab
2187 5406 2344 5464 initio
2370 5408 2647 5465 fundatam
2676 5411 3007 5483 Ecclesiam;
3039 5430 3110 5471 ne
3137 5415 3351 5489 Opinio-

2416 5634 2507 5691 25.
2582 5639 2630 5718 τθ
2668 5640 2786 5695 Act.
2824 5653 2897 5706 tv,
2933 5639 3026 5697 33.
3097 5639 3147 5676 "
3181 5638 3344 5701 ιιοω.

1851 5814 1896 5885 (ι
1910 5824 1923 5882 )
1957 5815 2088 5874 uua.
2122 5835 2170 5874 ο.
2208 5819 2291 5876 ts.
