3924 6516
161 443 272 502 839

1290 449 1624 507 LPISTGLA
1665 449 1707 505 ιι
1747 448 1838 504 Μ)
1874 447 2265 505 CASTOREM.

3315 449 3419 506 830

163 565 426 635 φρόνιμοι
487 568 600 629 τοῖς
652 566 959 640 ἀνθρώποις
1012 568 1391 640 νομιζόμεθα·
1444 571 1734 642 γέγραπται

1852 574 1936 623 tcs
1961 567 2263 640 disperdit:
2292 589 2311 621 ι
2332 583 2508 636 neque
2534 566 2761 637 justitia:
2788 568 3149 639 gubernacula
3164 567 3418 640 «vigilanti

163 659 299 728 γὰρ,
344 660 428 711 ὅτι
465 677 483 708 ι
537 659 703 730 Ὀργὴ
740 659 833 712 καὶ
874 658 1169 731 φρονίμους
1198 659 1488 715 ἀπόλλυσιν
1510 679 1524 692 ·
1550 681 1569 712 ι
1617 660 1740 714 οὔτε

159 748 263 814 τὰς
309 748 658 820 δικαιοσύνης
707 750 1061 823 κυϐερνήσεις
1107 750 1341 823 νηφαλίᾳ
1385 752 1581 823 καρδία
1639 753 1739 805 ἑπ-

158 840 313 910 ἐχειν
347 840 630 911 ίσχύομεν’
661 842 968 913 γέγραπται
1000 844 1131 914 γὰρ,
1156 844 1236 896 ὅτι
1267 861 1287 894 ς
1342 841 1554 913 Ἀνδρος
1594 842 1731 916 ὀργή

157 931 514 1003 δικαιοσύνην
550 932 684 987 Θεοῦ
726 934 786 987 ού
836 934 1262 1007 κατεργάζεταιο
1319 954 1337 988 ι
1373 934 1497 990 οὒτε
1541 935 1598 992 δὲ
1643 937 1742 1011 τὴν

158 1025 568 1097 ἐπαινουμένην
597 1025 749 1097 παρὰ
795 1028 1011 1082 πάντων
1055 1028 1386 1099 κοσμιότητα
1424 1029 1741 1101 “186m-

161 1116 409 1185 μοσύνην
455 1117 762 1186 κτήσασθαι
807 1117 1119 1189 δυνάμεθα-
1168 1118 1354 1190 ἐπειδὴ
1401 1119 1739 1191 γέγραπται·

163 1222 184 1252 ι
234 1202 405 1276 Ἀνὴρ
436 1202 690 1277 θυμώδης
716 1208 817 1261 οὐκ
850 1208 1156 1279 εὐσχήμων.
1194 1228 1215 1262 ι
1261 1210 1319 1263 '0
1344 1208 1523 1264 τοίνυν
1558 1209 1744 1280 βουλό-

161 1312 332 1366 μενος
385 1297 525 1368 πρὸς
574 1298 852 1353 τελείωσιν
904 1300 1079 1355 ὲλθεὶν
1103 1340 1118 1365 ,
1178 1302 1273 1354 καὶ
1331 1302 1610 1373 ἐπιθυμῶν
1653 1302 1744 1357 τὸν

159 1390 540 1458 πνευματικὸν
616 1390 806 1459 ἀγῶνα
880 1392 1125 1463 νομίμως
1176 1394 1579 1462 ἀγωνίσασθαι,
1638 1394 1747 1449 ἀπὸ

156 1479 367 1543 παντὸς
413 1479 793 1551 ἐλαττώματος
824 1482 995 1554 ὀργῆς
1040 1500 1099 1535 τε
1138 1484 1235 1538 καὶ
1263 1483 1437 1555 θυμοῦ
1468 1482 1745 1558 ἀλλότριος

157 1573 326 1637 ἔστω,
376 1572 471 1625 καὶ
503 1572 747 1626 ἀκουέτω
782 1573 835 1627 τί
880 1574 1013 1627 αὐτὸ
1042 1575 1104 1628 τὸ
1147 1574 1338 1639 σκεῦος
1375 1576 1474 1645 τῆς
1513 1575 1744 1645 ἐκλογῆς

159 1663 537 1734 παραγγέλλει
582 1663 755 1731 λέγων
779 1680 793 1694 ·
836 1682 855 1715 ι
884 1666 1041 1719 Πᾶσα
1089 1666 1301 1739 πικρία,
1332 1666 1424 1720 καὶ
1455 1665 1613 1737 ὀργὴ,
1651 1667 1745 1719 καὶ

156 1754 357 1824 θυμὸς,
412 1755 508 1808 καὶ
561 1754 797 1826 κραυγὴ,
851 1756 946 1809 καὶ
1018 1755 1332 1829 βλασφημία
1374 1756 1594 1830 ἀρθήτω
1649 1757 1744 1826 ἀφ’

155 1847 322 1917 ἡμῶν
351 1849 450 1900 σὺν
479 1849 627 1919 πάσῃ
675 1848 861 1918 κακίᾳ.
900 1867 918 1899 ι
955 1848 1122 1902 Ὅταν
1149 1849 1207 1903 δὲ
1243 1848 1379 1924 εἴπῃ
1403 1850 1605 1915 πᾶσαν,
1652 1849 1743 1901 ού-

1847 660 2018 715 corde
2055 660 2290 716 retinere
2325 660 2592 721 valemus.
2634 675 2760 715 cum
2798 660 3062 730 scriptum
3111 660 3226 716 sit:
3278 658 3416 717 rlra

1839 750 1942 805 viri
1977 751 2243 820 justitiam
2276 750 2371 807 Dei
2396 768 2505 807 non
2531 761 2788 823 operatur
2802 751 2849 783 “
2880 770 2895 806 :
2919 769 2940 803 ι
2969 765 3144 821 neque
3170 753 3414 808 omnium

1841 854 1940 895 ore
1972 841 2301 896 celebratam
2356 842 2682 898 modestiam
2730 840 3146 911 decentiamque
3171 840 3417 898 obtinere

1842 946 2157 1002 possumus,
2191 932 2632 1003 quandoquidem
2658 933 2923 1003 scriptum
2962 939 3087 987 est:
3126 950 3147 983 ι
3183 930 3278 987 Vir
3306 933 3415 988 ira-

1841 1022 2053 1079 cundus
2079 1023 2358 1079 modestus
2378 1038 2486 1078 non
2510 1024 2697 1079 est".i
2713 1023 2790 1095 (5)
2824 1022 2927 1089 Qui
2955 1022 3325 1095 volueritergo
3344 1024 3412 1080 ad

1841 1114 2224 1184 perfectionem
2251 1115 2536 1186 attingere,
2564 1116 2657 1187 qui
2687 1122 2907 1186 exoptat
2927 1116 3210 1186 spirituale
3230 1102 3421 1172 cenaui

1843 1220 1966 1259 men
1989 1206 2227 1276 legitime
2257 1206 2432 1270 obire,
2471 1206 2541 1261 ab
2585 1206 2736 1261 omni
2779 1203 2979 1262 delicto
3006 1207 3102 1262 ira:
3145 1207 3415 1263 furorisve

1841 1296 2051 1352 alienus
2075 1297 2168 1363 sit,
2199 1298 2494 1369 andiatque
2518 1298 2648 1370 quid
2680 1299 2960 1368 praecipiat
3004 1314 3103 1356 vas
3143 1300 3276 1354 illud
3303 1301 3415 1356 ele-

1843 1385 2043 1441 ctionis
2073 1404 2087 1441 :
2119 1404 2138 1438 ι
2178 1385 2369 1443 Omnis
2400 1387 2706 1444 amaritudo
2736 1398 2791 1443 et
2811 1389 2892 1443 ira
2920 1398 2975 1443 et
2998 1388 3319 1461 indignatio.
3357 1399 3414 1447 et

1842 1476 2048 1532 clamor
2081 1485 2137 1533 et
2186 1478 2524 1549 blasphemia
2557 1480 2784 1535 tollatur
2827 1496 2857 1535 a
2889 1481 3049 1537 vobis
3081 1499 3203 1540 cum
3262 1484 3413 1540 omni

1844 1568 2051 1623 malitia
2075 1571 2142 1625 ⁸⁸.
2167 1588 2188 1622 ι
2227 1569 2366 1627 Cum
2393 1571 2470 1625 ait
2505 1581 2686 1627 autem
2730 1587 3030 1639 «onmem,»
3071 1576 3273 1631 nullam
3308 1592 3413 1631 no-

1842 1659 1929 1716 bis
1964 1660 2355 1731 indignationis
2401 1664 2781 1728 occasionem,
2832 1665 2918 1721 vel
2952 1666 3109 1736 quasi
3156 1682 3412 1724 necessa-

1843 1754 2006 1818 riam,
2050 1754 2133 1809 vel
2177 1754 2336 1824 quasi
2383 1764 2804 1811 consentaneam
2833 1757 3075 1827 reliquit.
3107 1756 3210 1825 Qui
3248 1758 3412 1829 igitur

1844 1852 2116 1898 errantem
2157 1842 2381 1898 fratrem
2420 1844 2699 1915 corripere
2740 1854 2835 1901 aut
2863 1847 3276 1917 castigationem
3306 1849 3407 1919 ipsi

153 1938 355 2009 δεμίαν
386 1939 659 2011 πρόφασιν
696 1939 869 2011 θυμοῦ
905 1939 983 2005 ὡς
1014 1941 1316 2010 ἀναγκαίαν
1347 1941 1380 2013 ἢ
1418 1941 1493 2004 ὡς
1520 1940 1734 2010 εὔλογον

1841 1933 2042 1989 Mene
2066 1934 2319 2001 voluerit,
2362 1935 2579 1992 studeat
2607 1952 2735 1993 sese
2766 1938 3152 1996 commotionis
3197 1949 3412 2011 pertur-

156 2030 292 2097 ἡμῖν
350 2030 757 2084 καταλέλοιπεν.
828 2031 886 2083 ὐ
933 2030 1111 2084 τοίνυν
1174 2028 1594 2102 πλημμελοῦντα
1646 2032 1742 2085 τὸν

156 2117 393 2188 ἀδελφὸν
426 2119 744 2190 βουλόμενος
779 2118 1173 2193 διορθώσασθαι
1202 2122 1235 2193 ἢ
1260 2122 1537 2193 ἐπιτιμίαν
1593 2138 1736 2194 παρσ-

157 2210 332 2278 ἐχειν,
348 2209 695 2273 σπουδαζέτω
709 2211 898 2264 ἑαυτὸν
916 2212 1185 2283 ἀτάραχον
1202 2211 1504 2281 φυλάττειν,
1531 2213 1602 2283 μή
1635 2229 1740 2266 ποι

154 2319 238 2364 τε,
258 2301 420 2355 ἄλλον
436 2301 765 2374 θεραπεῦσαι
782 2301 1119 2374 βουλόμενος,
1143 2302 1316 2375 ἐαυτῷ
1333 2303 1431 2376 τὴν
1453 2304 1602 2358 νόσον
1618 2308 1742 2360 ἐπι-ς

155 2393 465 2463 σπάσηται,
493 2394 583 2447 καὶ
605 2394 894 2465 ῥηθήσεται
920 2393 1067 2465 αύτῷ
1081 2394 1143 2447 τὸ
1162 2395 1508 2463 εύαγγελικδν
1529 2398 1737 2450 ἐκεῖνοι

160 2500 183 2533 ι
237 2482 437 2551 Ἰατρὲ,
490 2483 832 2553 θεράπευσον
872 2484 1134 2538 σεαυτόνδ
1190 2503 1209 2535 ι
1235 2486 1333 2538 καὶ
1374 2484 1533 2539 πάλιν
1557 2502 1571 2516 ο
1615 2506 1634 2537 ι
1668 2487 1739 2541 Τί

157 2571 383 2642 βλέπεις
408 2572 470 2624 τὺ
493 2572 699 2643 κάρφος
738 2576 798 2628 ὲν
827 2574 906 2645 τῷ
942 2573 1203 2645 ὀφθαλμῷ
1227 2574 1325 2628 τοῦ
1358 2574 1585 2644 ἀδελφοῦ
1615 2594 1730 2638 σου,

155 2663 259 2734 τὴν
304 2662 362 2715 δὲ
388 2661 545 2716 δοκὸν
570 2661 668 2734 τὴν
696 2665 753 2716 ἐν
777 2662 857 2734 τῷ
904 2663 981 2733 σῷ
1015 2663 1275 2734 ὀφθαλμῷ
1317 2665 1378 2717 ού
1427 2671 1704 2730 κατανοεῖς
1717 2684 1743 2733 ς,

154 2756 191 2825 ἦ
241 2756 383 2825 ποίῳ
413 2756 600 2827 τρόπῳ
635 2757 778 2827 ὲρετς
810 2754 889 2826 τῷ
910 2755 1122 2827 ἀδελφῷ
1158 2773 1250 2810 σου
1270 2774 1284 2788 ·
1323 2757 1490 2825 ’Ἄφες
1522 2759 1733 2813 ἐκϐάλω

153 2847 220 2901 ea
263 2848 478 2918 κάρφος
523 2848 587 2901 ἐκ
617 2847 710 2901 τοῦ
750 2846 1025 2917 ὀφθαλμοῦ
1055 2864 1168 2909 σου,
1202 2849 1347 2913 εστις
1369 2847 1466 2920 τὴν
1491 2847 1642 2901 δοκὸν
1674 2850 1732 2901 ἐν

154 2940 239 3011 τῷ
297 2940 415 3011 ne?
469 2940 732 3013 ὀφθαλμῷ
783 2940 955 3011 ἔχεις,
1007 2939 1477 2997 ὲπικαλύπτουσαν
1529 2940 1740 3008 adadv;

167 3033 261 3101 Ἐξ
288 3034 411 3097 οἵας
442 3024 796 3106 γάρδήποτε
844 3034 1023 3097 αἰτίας
1069 3035 1103 3105 ὴ
1154 3035 1253 3105 τῆς
1283 3033 1454 3105 ὀργῆς
1499 3033 1729 3104 κίνησις,

156 3124 531 3198 ὕπερζὼασα,
567 3125 759 3192 τυφλοί
780 3126 904 3189 τοὺς
931 3123 1242 3196 ὀφθαλμοὺς
1285 3125 1385 3193 τῆς
1411 3124 1606 3196 ψυχῆς.
1640 3126 1733 3178 καὶ

152 3218 255 3269 οὐκ
301 3218 368 3287 ἑᾷ
414 3216 576 3270 αὐτὸν
610 3214 904 3270 θεάσασθαι
941 3215 1030 3269 τὸν
1061 3216 1209 3285 ἥλιον
1240 3216 1338 3285 τῆς
1363 3215 1725 3285 δικαιοσύνης.

157 3310 374 3380 Ὠσπερ
401 3308 512 3380 γὰρ
536 3310 563 3362 ὁ
584 3308 789 3371 ἐπιθεὶς
823 3309 934 3371 τοῖς
966 3308 1261 3378 ὀφθαλμοῖς
1288 3310 1464 3380 χρυσᾶ
1491 3308 1726 3379 μέταλλα

152 3404 187 3473 ἦ
223 3400 505 3472 μολίϐδινα
545 3401 741 3472 ἐπίσης
780 3400 1015 3456 ἐκώλυσε
1039 3400 1136 3471 τὴν
1173 3399 1433 3473 ὁρατικὴν
1476 3399 1723 3471 δύναμιν,

152 3492 250 3546 κειὶ
296 3490 551 3562 οὖὼμῶς
580 3490 841 3562 διαφορὰν
888 3489 1108 3561 ἐποίησε
1160 3491 1259 3561 τῆς
1322 3489 1650 3559 τυφλότηςος
1689 3488 1722 3560 ἡ

153 3581 252 3635 τοῦ
298 3580 504 3653 χρυσοῦ
558 3580 818 3653 μετάλλου
848 3579 1127 3650 τιμιότης·
1163 3578 1335 3641 οῦτως
1383 3577 1440 3644 ἐξ
1479 3577 1597 3638 οἵας
1636 3575 1728 3646 δή-

155 3691 291 3728 ποτε
321 3674 504 3736 αίτίας
534 3674 568 3745 ἠ
597 3672 697 3742 τῆς
720 3671 888 3743 ὀργῆς
916 3670 1126 3742 κίνησις
1151 3668 1440 3738 ὲξαφθεῖσα
1467 3667 1725 3739 theopo-

151 3767 317 3839 τικὴν
352 3765 583 3835 δύναμιν
609 3763 707 3834 τῆς
731 3762 908 3834 ψυχῆς
941 3759 1197 3826 σκοτίζει.
1230 3761 1362 3814 Τότε
1399 3759 1727 3831 μόνονικατά

152 3858 318 3928 φύσιν
349 3854 779 3928 κεχρήμεθα,τῷ
821 3852 996 3925 θυμῷ,
1042 3854 1170 3907 ὅταν
1199 3853 1333 3923 πρὸς
1370 3852 1496 3914 τοὺς
1543 3852 1725 3922 ἔμπα-

150 3951 263 4014 θεῖς
318 3950 415 4003 καὶ
469 3947 781 4019 φιληδόνους
829 3945 1123 4016 λογισμοὺς
1162 3944 1348 3998 τοῦτον
1393 3944 1725 4014 κινήσωμεν.

150 4043 309 4097 Οὕτω
337 4042 448 4113 γάρ
489 4041 640 4113 ἡμᾶς
689 4040 782 4094 καὶ
833 4041 861 4092 ὀ
904 4038 1188 4110 προφήτης
1218 4034 1378 4089 Δαυτδ
1422 4034 1725 4092 ἐκδιδάσκει

151 4137 378 4206 φάσκων
401 4150 416 4164 ·
451 4151 470 4185 ι
520 4131 852 4204 Ὀργίζεσθε,
878 4131 972 4185 καὶ
1000 4128 1074 4200 μὴ
1100 4128 1442 4200 ἁμαρτάνετε
1461 4144 1474 4157 ·
1516 4146 1535 4178 ι
1566 4142 1722 4180 τουτ-

152 4229 293 4287 ἐστι,
336 4224 478 4279 κατᾶ
523 4223 632 4276 τῶν
662 4222 807 4277 ἰδίων
835 4220 1023 4275 παθῶν
1062 4220 1159 4291 τὴν
1189 4218 1359 4292 ὀργὴν
1387 4222 1606 4284 κινεῖτε,
1633 4219 1734 4272 καὶι

152 4317 295 4371 κατά
330 4314 444 4368 τῶν
468 4312 720 4385 πονηρῶν
747 4312 1040 4383 λογισμῶν.
1068 4310 1163 4364 καὶ
1204 4310 1279 4382 μὴ
1308 4309 1399 4364 διὰ
1427 4309 1520 4364 τοῦ
1554 4309 1727 4381 πράτ-

148 4426 262 4463 τειν
310 4406 382 4461 τὰ
431 4405 839 4475 ὑποϐαλλόμενα
885 4404 975 4457 ὑπ’
1007 4401 1185 4456 αὐτῶν
1224 4401 1598 4474 ἁμαρτάνετε’
1632 4400 1727 4453 καὶ

148 4501 349 4572 ταύτην
405 4498 594 4569 σαφῶς
632 4496 732 4567 τὴν
774 4497 980 4550 ἔννοιαν
1027 4495 1177 4568 δηλοῖ
1228 4495 1297 4548 τδ
1348 4494 1721 4564 ἐπαγόμενον

1835 2023 2184 2096 bationisque
2231 2034 2511 2097 expertem
2565 2028 2874 2097 custodire,
2924 2045 3022 2094 ne,
3061 2030 3191 2086 dum
3242 2032 3407 2086 alium

1833 2118 1950 2171 vult
1980 2133 2200 2181 curare,
2230 2119 2482 2173 morbum
2535 2120 2641 2175 sibi
2681 2121 2884 2185 trahat,
2941 2137 3077 2178 neve
3116 2122 3330 2178 dicatur
3358 2125 3408 2178 ei

1834 2208 2216 2280 Evangeiicum
2247 2211 2378 2265 illud
2411 2229 2426 2263 :
2458 2228 2483 2262 ι
2516 2210 2741 2280 Medice,
2771 2227 2902 2268 cura
2928 2214 3162 2284 teipsum
3184 2216 3228 2248 ”
3258 2234 3272 2271 :
3300 2234 3318 2268 ι
3345 2234 3410 2270 ac

1832 2314 2050 2355 rursum
2085 2320 2097 2355 :
2127 2320 2145 2353 ι
2169 2300 2307 2368 Quid
2340 2310 2397 2357 tu
2437 2303 2594 2359 vides
2620 2303 2885 2359 festucam
2921 2307 2975 2360 in
3004 2306 3165 2360 oculo
3214 2306 3406 2362 fratris

1834 2392 1933 2456 tui,
1963 2393 2173 2447 trabem
2198 2404 2377 2449 autem
2410 2394 2465 2449 in
2508 2396 2671 2450 oculo
2700 2404 2796 2452 tuo
2823 2412 2931 2453 non
2967 2399 3269 2469 intelligis?
3311 2408 3407 2452 aut

1831 2483 2107 2552 quomodo
2137 2482 2291 2541 dices
2320 2484 2477 2540 fratri
2507 2495 2610 2540 tuo
2641 2504 2658 2543 :
2698 2486 2849 2551 Sine,
2882 2488 3100 2557 ejiciam
3140 2489 3402 2544 festucam

1831 2591 1898 2629 ex
1947 2575 2107 2630 oculo
2133 2587 2246 2641 tuo,
2291 2577 2387 2647 qui
2436 2579 2648 2633 trabem
2694 2580 2751 2633 in
2788 2580 3010 2651 proprio
3050 2581 3210 2635 oculo
3240 2580 3406 2636 habes

1830 2666 2165 2736 aperientem
2195 2667 2346 2721 illum
2367 2668 2453 2721 "f
2478 2687 2498 2720 ι
2545 2668 2797 2735 Qualibet
2838 2671 2983 2725 enim
3011 2670 3080 2727 de
3114 2687 3278 2727 causa
3312 2674 3406 2727 irae

1832 2767 2014 2816 motus
2050 2759 2391 2825 effervescat,
2440 2764 2639 2818 mentis
2685 2764 2884 2818 oculos
2921 2757 3181 2826 excaecat,
3230 2781 3405 2836 neque

1832 2848 1962 2904 sinit
1983 2849 2252 2905 hominem
2268 2852 2537 2921 respicere
2561 2849 2740 2907 Solem
2767 2852 3011 2922 justitia.
3035 2854 3112 2925 (6)
3136 2853 3405 2920 Quemad-

1830 2939 2051 2994 modum
2084 2941 2233 2995 enim
2274 2944 2367 3011 qui
2401 2942 2578 2997 oculis
2610 2943 2837 3013 imponit
2877 2959 3043 2999 aurea
3067 2952 3122 2999 et
3152 2946 3405 3015 plumbea

1833 3032 2068 3096 metalla,
2098 3047 2251 3101 aeque
2276 3032 2499 3103 impedit
2527 3034 2741 3089 ridendi
2776 3034 3120 3099 facultatem,
3155 3051 3256 3091 nec
3305 3052 3404 3091 au-

1841 3123 1918 3176 rei
1942 3124 2144 3178 metalli
2177 3125 2411 3194 pretium
2438 3125 2675 3196 aliquam
2705 3125 2832 3181 facit
2863 3128 3122 3183 excitatis
3149 3127 3405 3184 differen-

1834 3215 2005 3278 tiam;
2044 3216 2116 3270 ita
2151 3231 2219 3270 ex
2248 3216 2491 3287 qualibet
2523 3232 2689 3273 causa
2730 3218 2827 3273 irae
2870 3218 3164 3273 commotio
3206 3234 3403 3275 accen-

1829 3307 2009 3371 datur,
2029 3307 2224 3363 animae
2239 3308 2453 3364 videndi
2471 3309 2784 3365 facultatem
2806 3309 3228 3380 obtenebrat.(7;
3248 3310 3401 3367 Tunc

1826 3401 2005 3455 solum
2056 3403 2213 3470 juxta
2267 3410 2520 3455 naturam
2568 3400 2945 3471 indignatione
3004 3402 3227 3463 utimur,
3275 3417 3400 3457 carm

1829 3490 2096 3545 adversus
2149 3490 2376 3547 vitiosas
2424 3498 2478 3546 et
2509 3492 2844 3562 voluptarias
2872 3492 3227 3562 cogitationes
3279 3506 3400 3548 eam

1833 3591 2135 3632 ntnvemns.
2196 3574 2253 3632 Id
2333 3577 2534 3648 quippe
2588 3593 2690 3634 nos
2761 3579 3025 3649 propheta
3079 3579 3247 3635 David
3304 3581 3404 3635 do-

1826 3676 1920 3719 cet
1941 3682 2065 3721 cum
2103 3667 2180 3722 ait
2212 3685 2225 3722 :
2269 3687 2286 3720 ι
2324 3667 2628 3725 lrascimini
2649 3679 2704 3726 et
2728 3670 2893 3726 nolite
2919 3686 3144 3741 peccare
3174 3673 3256 3738 “;
3293 3690 3312 3725 ι
3346 3672 3402 3726 id

1827 3765 1939 3821 est,
1965 3758 2229 3815 adversus
2253 3760 2503 3831 proprias
2531 3760 2815 3830 passiones
2851 3761 2986 3815 iram
3013 3770 3243 3827 movete,
3276 3779 3404 3818 nec-

1828 3866 1946 3905 non.
1988 3851 2252 3909 adversus
2296 3867 2494 3924 pravas
2545 3854 2922 3923 cogitationes,
2956 3868 3133 3925 neque
3182 3843 3392 3926 agendo

1828 3957 1952 4013 quae
1987 3944 2144 4000 vobis
2187 3952 2556 4017 suggeruntur
2600 3945 2669 3999 ab
2725 3946 2862 4008 illis,
2912 3947 3188 4017 peccetis:
3233 3962 3399 4017 quam

1827 4037 1986 4107 plane
2047 4038 2544 4108 interpretationem
2607 4038 2848 4094 declarat
2899 4040 3043 4110 quod
3086 4042 3336 4112 sequitur
3379 4059 3399 4099 :

1830 4144 1850 4177 ι
1881 4125 2013 4192 Qua:
2057 4126 2263 4192 dicitis,
2308 4128 2504 4199 inluit,
2543 4128 2595 4183 in
2644 4128 2907 4185 cordibus
2961 4132 3180 4195 vestris,
3221 4134 3277 4188 in
3302 4149 3401 4188 cu-

1824 4219 2022 4274 bilibus
2042 4222 2242 4277 vestris
2263 4221 2693 4292 compungimini
2716 4222 2761 4253 "
2788 4240 2807 4275 »
2840 4223 2892 4277 id
2923 4231 3007 4279 est
3026 4264 3040 4288 ,
3069 4239 3193 4279 cum
3216 4240 3413 4282 ascen-

1824 4309 2004 4367 dctint
2034 4328 2213 4383 pravae
2235 4314 2591 4385 cogitationes
2615 4313 2669 4368 in
2700 4329 2797 4368 cor
2817 4326 3081 4380 vestrum,
3114 4317 3300 4388 ejicite
3327 4319 3403 4373 il-

1829 4404 1928 4467 las,
1956 4406 2297 4461 concitantes
2333 4406 2595 4463 adversus
2632 4421 2726 4463 eas
2762 4408 2896 4462 iram
2936 4416 3171 4465 vestram
3251 4417 3401 4480 post-

1825 4511 1986 4562 quam
2016 4512 2146 4552 vero
2166 4498 2586 4567 ejectze-fnerint,
2619 4501 2776 4570 quasi.
2807 4501 2864 4555 in
2898 4502 3035 4555 lecto
3060 4517 3153 4557 seu
3190 4502 3396 4572 quiete.

154 4613 170 4643 ι
224 4594 294 4646 Ἀ
345 4592 555 4658 λέγετε,
602 4589 786 4658 φησιν,
837 4589 895 4640 ὲν
939 4588 1060 4649 ταῖς
1108 4586 1355 4658 καρδίαις
1408 4585 1581 4657 ὑμῶν,
1633 4585 1726 4637 ἐπὶ

1834 4594 1944 4640 tum
1974 4589 2402 4660 compungimini
2432 4589 2499 4645 ad
2522 4592 2914 4660 paenitentiam.
2955 4591 3050 4647 His
3074 4607 3237 4662 porro
3267 4608 3402 4647 con-

148 4689 263 4749 ταῖς
307 4683 520 4746 κοίταις
570 4682 723 4752 ὑμῶν
775 4679 1114 4751 κατανύγητε
1139 4697 1154 4710 ο
1202 4699 1221 4732 ι
1257 4680 1554 4743 τουτέὋτιν,
1597 4680 1734 4734 ὅταν

1834 4686 1989 4732 sonat
2024 4680 2215 4735 beatus
2248 4679 2472 4744 Paulus,
2508 4681 2601 4751 qui
2640 4682 2872 4751 hujusce
2914 4682 3045 4738 dicti
3088 4684 3402 4738 testimonio

149 4779 446 4834 ἀνέλθωσιν
496 4777 589 4830 ἐπὶ
639 4776 740 4847 τήν
793 4775 1019 4846 καρδίαν
1065 4775 1116 4828 oi
1168 4775 1395 4845 πονηροὶ
1452 4773 1731 4843 λογισμοὶ,

1834 4777 1909 4824 est
1940 4786 2095 4836 usus,
2131 4779 2296 4841 atque
2318 4773 2449 4827 illud
2473 4771 2710 4842 adjecit:
2736 4790 2755 4823 ι
2791 4773 2884 4827 Sol
2920 4789 3027 4828 non
3063 4772 3276 4828 occidat
3303 4789 3404 4829 su-

150 4870 502 4930 ὲκδάλλοντες
548 4865 769 4929 τούτους
814 4864 899 4918 διά
947 4865 1045 4935 τῆς
1096 4864 1232 4937 πρὸς
1280 4863 1476 4926 αὐτοὺς
1530 4863 1718 4934 ὀργῆς,

1834 4877 1924 4932 per
1958 4864 2298 4918 iraenndiam
2328 4873 2585 4929 vestram,
2628 4866 2796 4920 nolite
2823 4864 2956 4920 dare
2995 4866 3170 4920 locum
3204 4864 3398 4922 diabo-

152 4960 286 5030 μετά
336 4958 437 5031 τὴν
487 4957 689 5011 τούτων
742 4954 1011 5027 ἀποϐολὴν
1070 4955 1269 5010 ὡσανεὶ
1317 4957 1383 5008 ὲνε
1432 4955 1587 5028 κοίτῃ
1647 4957 1725 5025 τῇ»

1834 4952 1878 5001 lo
1899 4952 1968 5017 7';
1995 4972 2012 5002 ι
2042 4952 2093 5005 id
2121 4961 2225 5015 est.
2251 4970 2319 5009 ne
2342 4954 2523 5023 pravis
2547 4954 2965 5023 cogitationibus
2986 4954 3396 5019 consentiendo,

145 5050 344 5124 ἡσυχία
422 5050 831 5122 εὑρισκόμενοι,
888 5048 949 5100 τὸ
1021 5047 1318 5121 τηνικαῦτα
1378 5046 1716 5119 κατανύγητε

1834 5044 2004 5098 Solem
2030 5045 2258 5113 justitiu:
2284 5046 2560 5103 Christum
2586 5048 2881 5110 irritantes,
2898 5047 3144 5103 efficiatis
3171 5056 3233 5103 nt
3261 5049 3399 5101 occi-

146 5145 279 5216 πρὸς
334 5143 645 5215 μετάνοιαν.
697 5140 985 5211 Συμφωνετ
1023 5140 1081 5193 δὲ
1138 5140 1347 5203 τούτοις
1389 5138 1485 5193 καὶ
1535 5142 1565 5193 ὁ
1613 5155 1715 5209 μα-

1834 5136 1914 5191 iat
1962 5137 2016 5191 in
2062 5138 2227 5211 325
2265 5140 2522 5197 cordibus
2549 5143 2777 5207 vestris,
2808 5150 2866 5197 ut
2894 5157 2961 5197 ne
2996 5141 3117 5211 ejus
3146 5141 3393 5197 discessu

149 5237 334 5306 κάριος
372 5232 589 5294 Παῦλος
630 5233 974 5304 χρησάμενος
1006 5234 1071 5301 τῇ
1114 5229 1385 5302 μαρτυρίᾳ
1423 5227 1517 5283 τοῦ
1549 5229 1711 5301 ῥητοῦ

1834 5245 2005 5283 notum
2054 5232 2110 5285 in
2147 5232 2299 5289 vobis
2326 5235 2564 5290 inveniat
2593 5235 2862 5289 diabolus.
2895 5234 2971 5305 (8)
3023 5233 3096 5290 De
3128 5234 3236 5289 isto
3278 5234 3393 5289 sole

146 5328 356 5389 τούτου,
398 5326 494 5379 καὶ
538 5322 829 5394 προσθείςο
876 5342 894 5373 ι
941 5322 999 5376 '0
1025 5321 1175 5392 ἥλιος
1214 5322 1288 5394 μὴ
1320 5321 1580 5375 ἐπιδυέτω
1623 5322 1720 5374 ἐπὶ

1834 5320 1902 5371 ait
1931 5319 2074 5376 Deus
2095 5336 2189 5391 per
2209 5324 2526 5392 prophetam
2548 5341 2561 5377 :
2587 5344 2605 5375 ι
2631 5323 2971 5380 Timentibus
2996 5338 3190 5379 nomen
3212 5337 3390 5378 meum

145 5419 223 5490 τῷ
277 5413 647 5490 παροργισμῷ
679 5413 852 5486 ὑμῶν·
903 5412 977 5485 μὴ
1034 5411 1201 5466 δίδοτε
1251 5411 1412 5465 τόπον
1470 5410 1548 5482 τῷ
1605 5412 1720 5469 διας

1834 5412 2036 5468 orietur
2066 5411 2156 5467 Sol
2178 5415 2424 5484 justitim,
2456 5426 2509 5471 et
2538 5416 2805 5472 medicina
2827 5419 2932 5473 erit
2959 5417 3012 5472 in
3036 5417 3138 5471 alis
3156 5415 3387 5483 εἰσίδω

1838 5596 1881 5626 ⁶⁹
1921 5592 2053 5649 Luc.
2090 5611 2163 5659 iv,
2197 5596 2287 5650 ‘23.
2361 5597 2407 5627 "‘
2450 5596 2612 5652 Marc.
2658 5612 2760 5661 νιι,
2791 5597 2881 5652 9.5.
2955 5596 2999 5630 "
3043 5594 3186 5653 Psal.
3220 5609 3300 5652 tv.
3329 5591 3389 5653 ὅ.

219 5596 265 5626 *⁸
296 5604 415 5653 Jac.
451 5610 491 5651 t.
523 5592 617 5648 ΞΘ.

146 5663 195 5695 "
232 5665 358 5721 ibid.
433 5665 482 5697 ⁷³
518 5663 716 5734 Ephes.
760 5680 841 5729 l\',
870 5664 958 5718 2‘3.

693 5594 737 5625 "
772 5592 929 5646 Prov.
967 5610 1041 5648 xl.
1076 5592 1165 5647 25.
1244 5593 1288 5623 "'
1328 5592 1523 5662 pres.
1563 5609 1635 5656 tv,
1671 5594 1769 5651 51³..

1035 5664 1076 5695 ⁷⁵
1120 5663 1345 5718 Malai-h.
1384 5680 1456 5728 ιν,
1491 5663 1545 5717 2.

1885 5816 1960 5885 (τ)
1995 5815 2132 5871 Ibid.
2167 5831 2215 5870 ο.
2250 5815 2298 5877 7,
2327 5816 2377 5868 δ.

243 5818 297 5881 5)
330 5818 462 5871 Ibid.
491 5834 539 5873 c.
570 5818 620 5870 3.

221 5818 297 5959 $5)
330 5818 462 5871 Ibid.
491 5834 539 5873 ιη.
570 5818 620 5870 3.

244 5890 297 5958 ti)
333 5890 464 5944 ibid.
498 5906 545 5943 υ.
578 5889 629 5943 θ,

1885 5818 1960 5885 ιτ)
1995 5818 2132 5871 una.
2167 5831 2215 5870 ο.
2250 5818 2288 5867 7

1889 5887 1968 5960 (8)
1995 5887 2132 5943 Ibid.
2159 5906 2207 5941 ι..
2235 5891 2288 5940 υ.

244 5890 297 5958 ti)
333 5890 464 5944 ibid.
498 5906 545 5943 υ.
578 5889 629 5943 θ,
