3924 6506
565 416 664 477 89!

1681 419 1739 474 s.
1781 417 2238 475 ATllANASlUS.
2278 390 2346 461 4-
2387 418 2613 477 DL'BM.

3664 419 3757 477 89!

547 540 706 608 Quod
729 542 774 596 si
801 540 1007 595 dictum
1041 540 1172 596 illud
1200 539 1490 611 (Apostoli)
1523 539 1590 593 ad
1621 540 1852 594 litteram
1879 542 2111 610 accipia-

2214 541 2351 611 θόλῳ
2370 559 2384 570 ’
2426 560 2447 593 ι
2478 544 2721 595 τουτέστι
2752 540 2825 612 μὴ
2861 530 3305 613 παρασκευάσητε
3343 541 3436 594 τδν
3469 541 3652 596 Ἥλιον
3674 545 3758 613 τῆς

548 630 693 695 uitis,
724 647 790 688 ne
812 631 1030 702 quidem
1053 631 1120 687 ad
1152 646 1409 686 occasum
1434 647 1607 701 usque
1637 633 1771 687 solis
1801 634 2118 687 conceditur

549 724 706 780 nobis
728 732 786 777 ut
820 725 955 777 iram
980 736 1281 780 servemus.
1314 721 1392 794 (9)
1442 721 1584 789 Quid
1615 723 1780 793 igitur
1806 722 1875 779 de
1903 723 2010 778 illis
2034 722 2119 777 di-

546 829 751 876 cemus.
779 814 872 884 qui
911 814 1124 869 feritate
1186 826 1349 884 atque
1397 814 1611 869 insania
1649 814 1824 868 vitiati
1870 814 2115 879 allectus,

547 923 657 962 non
686 908 753 962 ad
787 922 961 979 usque
999 905 1135 962 solis
1182 905 1417 977 hujusce
1448 921 1709 963 occasum
1741 908 2117 962 tantummodo

547 1006 769 1055 servant
792 999 968 1065 iram;
1005 998 1100 1053 sed
1127 998 1291 1053 etiam
1326 999 1396 1054 ad
1427 1000 1627 1055 multos
1663 999 1780 1054 dies
1808 999 2118 1069 producunt

547 1106 687 1153 eam,
721 1106 751 1146 a
783 1099 973 1146 mutuo
1010 1090 1284 1160 colloquio
1317 1090 1657 1146 abstinentes
1684 1110 1698 1146 :
1727 1105 1905 1161 neque
1930 1091 2116 1147 verbis

534 1185 778 1240 ulterius
828 1183 1170 1239 iracundiam
1200 1183 1520 1255 exprimunt
1548 1197 1726 1244 suam.
1767 1181 1862 1236 sed
1900 1183 2117 1237 silentio

547 1274 613 1328 ad
643 1274 871 1330 invicem
918 1284 1157 1339 servato,
1191 1276 1345 1331 virus
1376 1273 1651 1329 memoriae
1698 1272 2019 1340 iniuriarum
2046 1272 2114 1328 ad

547 1381 698 1419 suam
731 1366 1024 1436 perniciem
1064 1364 1402 1431 accendunt;
1441 1365 1758 1433 ignorantes
1806 1380 1919 1418 non
1952 1364 2113 1418 modo

547 1471 574 1508 a
612 1464 837 1525 peccato
863 1457 1007 1526 quod
1043 1471 1206 1527 opere
1235 1462 1580 1527 perpetratur
1608 1454 1985 1510 abstinendum
2025 1470 2116 1510 es.

547 1566 640 1617 se;
676 1551 771 1607 sed
803 1551 966 1606 etiam
1002 1551 1070 1605 ab
1098 1567 1164 1607 eo
1190 1551 1337 1621 quod
1367 1551 1423 1605 in
1458 1556 1638 1605 mente
1674 1549 2017 1619 concipitur;
2045 1564 2114 1604 ne

548 1642 782 1697 tenebris
820 1641 1213 1697 recordationis
1246 1641 1569 1712 injuriarum
1611 1639 1901 1695 obscurata
1933 1655 2109 1706 mens,

547 1730 766 1785 excidat
790 1746 825 1785 a
854 1731 1061 1785 lumine
1086 1730 1433 1802 cognitionis,
1470 1745 1533 1783 ac
1555 1729 1920 1791 discretionis,
1950 1736 2111 1799 atque

547 1820 788 1887 privetur
826 1819 1002 1875 sancti
1065 1819 1303 1890 Spiritus
1362 1819 1714 1874 habitatione.
1750 1818 1862 1888 (10)
1910 1818 2112 1885 Quam-

547 1911 736 1969 obrem
750 1911 905 1981 jubet
936 1888 1195 1965 Dominus
1219 1911 1274 1965 in
1304 1910 1681 1981 Evangeliis",
1715 1910 1947 1981 relinqui
1981 1927 2101 1965 mu-
2140 1888 2181 1944 Β

547 2016 653 2056 nus
690 2016 852 2071 super
880 2002 1070 2066 altare,
1115 2011 1169 2056 et
1206 2001 1548 2055 reconciliari
1582 2001 1735 2056 fratri
1763 2019 1776 2054 :
1810 2001 1958 2071 quod
1992 2001 2106 2057 lleri

545 2100 778 2162 nequeat
805 2100 1086 2162 acceptum
1112 2106 1309 2147 munus
1327 2107 1469 2153 esse.
1497 2093 1656 2147 nobis
1687 2093 1765 2146 ira
1790 2108 1854 2146 ac
1879 2092 2106 2162 injuria-

545 2199 664 2236 rnm
694 2183 952 2239 memoria
986 2183 1290 2253 occupatis.
1345 2182 1640 2252 Apostolus
1680 2197 1810 2239 vero
1851 2198 1976 2239 cum
2012 2184 2108 2258 ait,

544 2275 664 2329 sine
713 2274 1117 2331 intermissione
1153 2274 1421 2329 orandum
1468 2289 1592 2331 esse
1616 2275 1697 2337 ".
1743 2275 1799 2330 in
1856 2275 2112 2346 omnique

542 2370 661 2422 loco
689 2367 980 2423 elevandas
1021 2382 1146 2423 esse
1171 2375 1392 2423 sanctas
1431 2382 1647 2431 litantis,
1688 2367 1895 2437 absque
1927 2366 2008 2421 ira
2039 2366 2109 2432 ",

541 2462 749 2515 etiamsi
776 2461 830 2514 in
857 2461 979 2516 sola
1003 2460 1341 2531 cogitatione
1356 2460 1449 2524 sit,
1481 2459 1540 2514 id'
1568 2460 1834 2531 agendum
1865 2474 1988 2515 esse
2014 2458 2114 2514 do-

540 2563 644 2605 cel.
673 2551 862 2606 Restat
881 2551 1045 2622 igitur
1076 2556 1138 2604 ut:
1160 2552 1245 2607 vel
1273 2566 1551 2621 nunquam
1581 2553 1821 2614 or’emus,
1846 2558 2006 2620 atque
2037 2549 2112 2604 ita

541 2642 765 2698 obnoxii
795 2640 964 2697 simus
989 2642 1300 2711 Apostolieo
1340 2649 1651 2712 prmeepto;
1683 2648 1781 2695 aut
1816 2641 1864 2697 si
1908 2656 2112 2711 praece-

543 2745 635 2805 pta
661 2750 878 2790 servare
907 2750 1182 2799 curemus,
1213 2742 1272 2790 ut
1303 2735 1509 2804 absque
1538 2735 1616 2789 ira
1644 2743 1703 2789 et:
1730 2734 2109 2790 recordatione

541 2828 860 2892 iniuriarum
884 2828 1014 2882 illud
1037 2842 1280 2898 agamus.
1308 2826 1420 2899 (ll)
1454 2828 1519 2880 At
1539 2826 1974 2895 quandoquidem
2001 2826 2116 2896 ple-

540 2929 767 2983 rumque
807 2914 1104 2984 contingit,
1156 2923 1216 2968 ut
1267 2914 1613 2969 contristatis
1642 2921 1737 2968 aut
1786 2914 2114 2984 perturbatis

541 3004 821 3068 lratribus,
840 3021 941 3059 nos
960 3020 1072 3059 rem
1089 3017 1528 3068 contemnamus,
1546 3012 1713 3074 atque
1727 3003 1991 3064 dicamus,
2007 3019 2115 3058 non

541 3112 645 3151 nos
679 3096 732 3150 in
763 3111 931 3151 causa
962 3112 1086 3153 esse
1117 3097 1266 3166 quod
1305 3098 1385 3152 illi
1435 3098 1873 3163 contristentur;
1905 3097 2116 3151 anima-

2214 630 2559 702 δικαιοσύνης
2607 634 2871 704 Χριστὸν,
2921 636 3337 707 παροργίζοντες
3394 636 3557 690 αὑτὸν
3607 639 3661 690 ἐν
3698 642 3757 708 τῇ

2212 719 2323 773 τῶν
2373 719 2591 789 φαύλων
2627 721 2899 794 λογισμῶν
2938 725 3346 793 συγκαταθέσει,
3395 725 3641 779 ἐπιδῦναι
3676 726 3759 791 τὰς

2215 811 2439 882 καρδίας
2486 812 2665 883 ὑμῶν·
2698 814 2785 868 ἵνα
2831 814 2904 886 μὴ
2944 819 3010 885 τῇ
3049 816 3392 888 ἀναχωρήσει
3439 815 3605 870 αὐτοῦ
3645 816 3759 888 εὕρῃ

2213 905 2272 956 ἐν
2303 905 2430 975 ύμῖν
2464 905 2626 959 τόπον
2655 908 2683 959 ὁ
2705 906 2969 970 διάϐολος.
3000 908 3135 980 Περὶ
3164 907 3353 961 τούτου
3380 908 3476 961 τοῦ
3499 909 3651 979 ήλίου
3680 909 3760 963 καὶ.

2215 997 2245 1048 ὁ
2272 994 2402 1059 Θεὸς
2424 994 2511 1049 διά
2539 996 2630 1049 τοῦ
2666 999 2944 1068 προφήτου
2973 998 3119 1067 λέγει
3136 1017 3149 1030 ο
3200 1018 3219 1051 ι
3276 1001 3402 1064 Τοῖς
3424 1001 3484 1054 δὲ
3513 1000 3757 1072 φοϐουμέ-

2213 1102 2325 1151 νοις
2360 1087 2423 1141 τδ
2462 1087 2634 1158 δνομά
2670 1106 2770 1160 μου
2804 1090 3050 1145 ἀνατελεῖ
3076 1091 3261 1155 Ἤλιος
3288 1092 3655 1156 δικαιοσύνης.
3683 1094 3761 1146 καὶ

2216 1180 2358 1246 ἴασις
2388 1182 2536 1236 ἔσται
2576 1184 2634 1237 ἐν
2683 1188 2803 1248 ταῖς
2840 1184 3090 1255 πτέρυξιν
3139 1185 3323 1238 αὑτοῦ.
3384 1205 3403 1237 ι
3472 1186 3538 1238 Ei.
3578 1186 3636 1239 δὲ
3683 1188 3762 1240 καὶ

2215 1272 2356 1326 κατὰ
2398 1272 2460 1326 τὸ
2503 1274 2741 1344 γράμμα
2767 1274 3082 1346 ἑκλάὸωμεν
3119 1276 3179 1329 τὸ
3222 1276 3402 1346 ῥητὸν,
3446 1276 3570 1330 οὐδὲ
3622 1278 3761 1347 μέχρι

2212 1361 2416 1425 δύσεως
2459 1363 2607 1432 ἡλίου
2660 1367 3019 1435 συγχωρεῖται
3061 1367 3189 1435 ἡμῖν
3228 1365 3519 1435 φυλάττειν
3555 1366 3655 1436 τὴν
3684 1367 3762 1435 ὀρ-

2212 1454 2334 1523 γήν.
2369 1453 2433 1506 Τί
2462 1449 2555 1507 οὖν
2580 1452 2809 1524 ἐροῦμεν
2843 1455 2970 1526 περὶ
2999 1454 3222 1532 τούτων.
3252 1456 3448 1521 οἵτινες
3488 1460 3552 1527 τῇ
3601 1457 3763 1526 ἀγριό-

2209 1561 2337 1615 τητι
2379 1546 2472 1598 καὶ
2518 1547 2683 1617 μανίᾳ
2732 1546 2831 1616 τῆς
2872 1545 3149 1616 ἐμπαθοῦς
3183 1546 3499 1614 διαθέσεως,
3520 1549 3583 1601 ού
3626 1548 3762 1618 μόνον

2216 1636 2380 1707 μέχρι
2399 1636 2604 1699 δύσεως
2627 1635 2815 1690 τούτου
2838 1634 2930 1689 τοῦ
2950 1635 3101 1706 ἡλίου
3123 1636 3439 1708 διατηροῦσι
3469 1637 3566 1708 τὴν
3592 1639 3761 1709 ὀργὴν.

2212 1727 2351 1781 ἀλλὰ.
2377 1727 2470 1780 καὶ
2497 1726 2591 1779 ἐπὶ
2629 1726 2884 1790 πλείστας
2913 1726 3123 1797 ἡμέρας
3167 1726 3588 1798 παρατείνουσιν
3615 1728 3764 1799 αὐτὴν

2213 1817 2678 1890 ωρασιωπῶντες
2722 1818 2816 1873 ἀπ’
2862 1816 3122 1888 ἀλλήλων,
3159 1817 3343 1871 ούκέτι
3396 1818 3495 1888 μὲν
3542 1818 3634 1872 διὰ
3670 1818 3763 1872 τῶν

2210 1911 2470 1982 ῥημάτων
2515 1910 2836 1981 ἐκφέροντες
2880 1908 3079 1980 αὐτὴν,
3124 1912 3189 1980 τῇ
3240 1908 3297 1962 δὲ
3344 1910 3481 1980 πρὸς
3521 1909 3762 1981 ἀλλήλους

2210 2004 2385 2072 σιωπῇ
2432 2001 2521 2055 τδν
2561 2002 2660 2071 τῆς
2694 2000 3059 2072 μνησικακίας
3102 2000 3180 2054 ἰὸν
3219 2002 3299 2065 εἰς
3345 2001 3585 2072 ὄλεθρον-
3602 2001 3761 2055 atian

2210 2093 2562 2159 ἐξάπτοντες,
2600 2092 2934 2161 ἀγνοοῦντες,
2975 2094 3059 2146 ὅτι
3101 2092 3176 2164 μὴ
3220 2092 3378 2164 μόνον
3418 2095 3487 2147 ἐκ
3516 2093 3619 2164 τῆς
3657 2095 3759 2147 κατ’

2209 2184 2488 2255 ἐνέργειαν
2522 2183 2794 2256 ἁμαρτίας
2824 2183 3123 2254 ἀπέχεσθαι
3146 2184 3246 2248 δεῖ,
3275 2184 3413 2238 ἀλλά
3436 2185 3534 2239 καὶ
3550 2185 3658 2238 ἀπὸ
3677 2184 3760 2254 τῆς

2211 2276 2350 2331 κατά
2381 2277 2636 2338 διάνοιαν,
2674 2277 2759 2331 ἵνα
2809 2276 2905 2347 μὴ,
2932 2275 3010 2346 τῷ
3053 2276 3234 2330 σκότει
3280 2277 3381 2345 τῆς
3414 2277 3763 2347 μνησικακίας

2207 2367 2239 2420 δ
2266 2366 2390 2431 νοῦς
2413 2366 2781 2438 ἀμαυρωθεὶς,
2808 2366 3016 2438 ἐκπέσῃ
3045 2366 3146 2420 τοῦ
3173 2366 3348 2438 φωτὸς
3376 2368 3482 2438 τῆς
3507 2368 3761 2436 γνώσεως,

2210 2459 2305 2514 καὶ
2351 2459 2451 2529 τῆς
2497 2458 2853 2530 διακρίσεως,
2896 2461 2991 2515 καὶ
3040 2461 3273 2532 στερηθῇ
3322 2460 3424 2530 τῆς
3478 2460 3577 2514 τοῦ
3628 2461 3761 2529 ἀγίου

2212 2552 2524 2623 Πνεύματος
2563 2552 2846 2623 οἰκήσεως.
2880 2552 2980 2607 Διὰ
3017 2552 3124 2626 γάρ
3166 2552 3321 2606 τοῦτο
3367 2554 3463 2606 καὶ
3509 2558 3539 2606 ὁ
3580 2554 3761 2624 Κύριος

2213 2644 2272 2696 ἐν
2298 2642 2649 2712 Εύαγγελίοις
2670 2644 2879 2699 κελεύει
2916 2647 3139 2716 ἀφεῖναι·
3172 2647 3231 2699 τὸ
3261 2646 3433 2717 δῶρον
3476 2647 3571 2699 ἐπὶ
3596 2647 3657 2701 τὸ
3682 2647 3764 2700 θυ-

2215 2736 2551 2805 σιαστήριον,
2578 2737 2670 2789 καὶ
2707 2736 3118 2791 διαλλάττεσθαι·
3138 2736 3215 2807 τῷ
3242 2737 3456 2808 ἀδελφῷ
3475 2755 3490 2768 ο
3532 2740 3653 2791 ἐπεὶ
3699 2739 3764 2809 μὴ

2212 2825 2434 2879 δυνατὸν
2480 2827 2870 2898 εύπρόσδεκτον
2910 2830 3182 2898 γενέσθαι,
3230 2830 3404 2900 θυμοὸ
3450 2832 3547 2883 καὶ
3591 2846 3763 2900 μνησιο

2213 2919 2412 2984 κακίας
2455 2921 2901 2992 ἐναποκειμένωνρ
2930 2924 3080 2993 ἡμῖν.
3131 2925 3238 2977 Καὶ
3274 2924 3301 2975 ὁ
3360 2924 3680 2985 Ἀπόστολος
3716 2922 3765 2977 δέ

2213 3009 2386 3078 λέγων
2415 3011 2771 3076 ἀδιαλείπτως
2800 3013 3210 3085 προσεύχεσθαι,
3243 3016 3337 3068 καὶ
3366 3017 3427 3068 ἐν
3446 3016 3614 3068 παντὶ
3636 3015 3766 3082 τύπῳ

2217 3100 2464 3172 ἐπαίρειν
2505 3099 2660 3164 ὁσίας
2700 3104 2907 3174 χεῖρας,
2939 3103 3106 3175 χωρὶς
3151 3103 3318 3174 ὀργῆς
3359 3104 3455 3157 καὶ
3515 3103 3605 3156 διὰ
3638 3103 3765 3169 λογιο

541 3203 663 3241 rum
693 3186 968 3250 medicus,
1020 3196 1080 3242 ut
1111 3187 1206 3241 ira?
1248 3188 1570 3244 occasiones
1604 3188 1868 3243 radicitus
1917 3189 2111 3244 evellat

2218 3190 2369 3261 σμῶν
2399 3189 2553 3244 τοῦτο
2577 3192 2723 3261 ἡμᾶς
2747 3190 3004 3246 διδάσκει.
3030 3192 3652 3264 Περιλείπεταιτοίνυνῆ
3675 3206 3766 3263 μη·

541 3294 605 3331 ex
639 3277 804 3332 corde
836 3286 1027 3334 nostro
1047 3279 1122 3341 ⁷⁸,
1161 3294 1272 3333 non
1299 3280 1457 3334 modo
1495 3280 1542 3336 si
1575 3295 1677 3335 nos
1720 3279 2030 3334 contristati
2055 3287 2112 3336 et

542 3369 665 3422 irati
696 3368 869 3424 simus
897 3368 952 3422 in
979 3368 1197 3425 Mtrem
1234 3377 1506 3436 nostrum,
1530 3370 1684 3439 jubet
1717 3378 1776 3425 ut
1806 3385 2006 3426 munus
2027 3385 2115 3425 re-

541 3462 874 3531 linquamus,
907 3470 963 3517 et
992 3464 1411 3520 reconciliemur
1446 3464 1547 3534 ipsi
1575 3482 1589 3529 ;
1625 3464 1718 3519 sed
1749 3463 1966 3519 etiamsi
1994 3464 2113 3534 ipse

544 3553 598 3606 in
662 3569 763 3610 nos
795 3553 920 3623 jure
968 3569 1037 3608 an
1087 3555 1285 3624 injuria
1341 3558 1630 3612 irascatur.
1663 3563 1722 3609 ut
1762 3555 2117 3611 excusatione

546 3646 736 3692 nostra
762 3639 897 3692 iram
939 3639 1069 3706 ejus
1099 3638 1375 3702 sedemus,
1422 3647 1478 3695 et
1516 3650 1653 3695 tune
1686 3656 1887 3696 munus
1917 3641 2114 3696 oﬂ'era-

538 3741 687 3785 mus.
730 3726 840 3798 (l2)
871 3726 983 3781 Sed
1026 3726 1159 3797 quid
1205 3727 1414 3784 diutius
1461 3729 1789 3799 evangelicis
1817 3737 1875 3784 et
1902 3737 2117 3799 aposto-

543 3816 977 3895 licispraaceptis
1006 3819 1378 3879 immoremur.
1402 3835 1526 3873 cum
1556 3835 1623 3877 es
1648 3820 1816 3875 ueteri
1849 3821 1975 3875 item
2000 3824 2116 3891 lege

543 3905 705 3962 liceat
745 3907 848 3962 hoc
877 3908 1159 3964 ediscere:
1189 3924 1319 3979 quae
1343 3911 1556 3964 tametsi
1585 3925 1661 3966 ex
1695 3911 1785 3963 illa
1827 3911 2115 3967 severitate

538 3997 826 4055 deﬂectere
866 4015 931 4054 ac
975 4015 1099 4055 sese
1133 4008 1496 4071 attemperare
1522 4000 1759 4066 videtur,
1795 4002 1867 4056 ita
1899 4003 2065 4060 habet
2094 4021 2109 4060 :

545 4109 564 4140 ι
599 4088 677 4146 Ne
702 4090 885 4146 oderis
917 4090 1138 4146 fratrem
1160 4098 1312 4145 tuum
1344 4092 1396 4145 in
1430 4092 1594 4148 corde
1622 4105 1715 4148 tuo
1733 4095 1779 4126 τ’
1802 4134 1817 4150 .
1848 4113 1867 4146 ι
1891 4094 1968 4149 Ac
1990 4110 2115 4150 rul-

539 4199 660 4237 sum
696 4200 713 4238 :
747 4201 768 4236 ι
808 4182 920 4239 Via:
947 4198 1136 4238 eorum
1174 4185 1266 4254 qui
1298 4184 1627 4254 injuriarum
1677 4186 1995 4241 memoriam
2028 4196 2111 4242 te-

540 4282 704 4337 nent,
749 4275 817 4330 ad
855 4283 1085 4331 mortem
1107 4275 1185 4329 λοι.
1226 4295 1253 4328 ι
1300 4276 1411 4332 Hoc
1445 4278 1589 4332 enim
1639 4278 1760 4332 loco
1807 4294 1914 4333 non
1950 4279 2114 4334 modo

541 4381 661 4420 eam
698 4381 819 4436 qua:
870 4367 925 4421 in
968 4382 1115 4438 opus
1167 4369 1493 4438 prorumpit,
1550 4370 1642 4423 sed
1674 4384 1794 4424 eam
1840 4370 1966 4425 item
1993 4387 2114 4440 qua:

539 4469 720 4514 mente
737 4462 1002 4516 retinetur
1031 4461 1190 4521 iram,
1223 4469 1368 4519 vetat
1391 4468 1553 4531 atque
1579 4460 1880 4516 ulciscitur.
1902 4462 2109 4528 Quam-

537 4553 725 4608 obrem
779 4559 996 4622 oportet
1055 4552 1257 4607 divinis
1310 4552 1523 4623 legibus
1581 4552 1928 4616 inhaerentes.
1981 4556 2110 4609 totis
2144 4570 2186 4627 ι)

540 4643 754 4700 viribus
798 4651 992 4697 contra
1050 4642 1307 4713 spiritum
1339 4643 1432 4697 ira:
1478 4643 1785 4706 decertare,
1821 4653 1874 4697 et
1914 4654 2107 4700 contra

539 4736 788 4791 morbum
822 4736 974 4790 illum
1002 4736 1151 4790 intra'
1175 4751 1278 4790 nos
1306 4735 1471 4790 situm
1504 4753 1520 4791 :
1557 4751 1731 4806 neque
1771 4748 1969 4792 contra
2007 4737 2107 4792 bo-

540 4827 713 4883 mines
763 4826 898 4881 iram
929 4827 1240 4891 concitare,
1270 4840 1336 4880 ac
1376 4825 1497 4881 ideo
1536 4826 1883 4882 solitudinem
1928 4838 1981 4883 et
2014 4844 2104 4883 se-

537 4917 904 4988 gregationem
952 4918 1298 4982 consectari;
1344 4933 1457 4988 quo
1507 4918 1713 4974 scilicet
1767 4921 1981 4975 nemine
2029 4920 2100 4975 ibi

539 5020 807 5080 praesente
831 5010 925 5080 qui
970 5026 1073 5067 nos
1103 5009 1341 5066 concitet
1366 5010 1433 5065 ad
1465 5010 1625 5075 iram,
1655 5012 1831 5067 virtus
1861 5013 2106 5082 aequani-

540 5101 749 5156 mitatis
782 5101 941 5156 facile
968 5102 1026 5156 in
1072 5101 1366 5158 solitudine
1414 5110 1735 5157 exerceatur
1771 5121 1785 5157 :
1829 5119 1950 5157 nam
1992 5113 2105 5158 tum

536 5208 601 5248 cx
632 5192 886 5261 superbia
911 5230 926 5253 ,
954 5199 1066 5246 tum
1092 5190 1239 5261 quod
1286 5191 1520 5247 nolimus
1559 5207 1659 5248 nos
1702 5193 1849 5263 ipsos
1891 5193 2110 5248 incusa-

538 5298 623 5345 re,
650 5289 961 5350 nostra-que
987 5280 1239 5352 segnitiei
1271 5279 1368 5335 ira:
1395 5294 1592 5336 causas
1617 5280 1908 5337 ascribere.
1941 5279 2105 5336 cilici-

538 5382 629 5427 tur
671 5380 732 5428 ut
776 5380 1096 5445 exoptetnus
1126 5387 1157 5426 a
1203 5370 1461 5427 fratribus
1507 5371 1800 5441 segregari.
1855 5371 2107 5437 Quandiu

542 5464 724 5533 itaque
784 5461 1174 5518 imbecillitatis
1225 5471 1423 5517 nostrae
1459 5476 1656 5517 causas
1700 5461 1822 5516 aliis
1869 5461 2108 5531 imputa-

2212 3282 2403 3336 δέποτε
2427 3282 2841 3354 προσεύχεσθαι,
2873 3284 2965 3338 καὶ
2989 3282 3127 3338 κατὰ
3147 3283 3305 3337 τοῦτο
3327 3284 3622 3348 ὑποδίκους
3647 3279 3766 3338 εἶναι

2213 3372 2290 3443 τῷ
2330 3372 2668 3443 ἀποστολικῷ
2697 3374 3131 3445 παραγγέλματι,
3165 3374 3197 3445 ἦ
3241 3373 3643 3438 σπουδάζοντας
3680 3391 3763 3443 φυ-

2214 3461 2428 3515 λάττειν
2460 3464 2529 3516 τὰ
2557 3464 2980 3534 προστάγματα,
3002 3464 3167 3536 χωρὶς
3196 3463 3367 3534 ὀργῆς
3392 3463 3492 3518 καὶ,
3520 3479 3766 3535 μνησικα·

2214 3553 2336 3617 κίας
2362 3552 2518 3607 τοῦτο
2560 3557 2757 3608 ποιεῖν.
2798 3556 2908 3609 Καὶ
2934 3554 3120 3627 ἐπειδὴ
3149 3555 3408 3620 πολλάκις
3430 3555 3768 3628 λυπηθέντνι

2213 3645 2456 3714 ἀδελφῶν
2478 3645 2511 3717 ἦ
2532 3646 2909 3718 ταραχθέντων
2932 3646 3254 3719 περιφρονοῦ
3263 3664 3361 3718 μεν
3386 3647 3663 3716 λέγοντες,
3684 3648 3769 3702 οὐ*

2215 3734 2273 3801 ἐξ
2304 3734 2575 3805 ἡμετέρας
2602 3736 2779 3800 αἰτίας
2814 3734 3033 3800 τούτους
3073 3735 3428 3808 λελυπῆσθαι,
3463 3739 3493 3791 6
3532 3737 3647 3791 τῶν
3686 3738 3753 3807 Qu

2216 3825 2325 3897 χῶν
2370 3826 2550 3900 ἰατρὸς
2597 3826 2694 3891 τὰς
2742 3828 3039 3899 προφάσεις
3083 3829 3179 3899 τῆς
3225 3828 3403 3902 ὀργῆς,
3426 3829 3642 3900 ῥιζόθεν
3681 3830 3767 3883 ἀπὶ

2215 3913 2440 3986 καρδίας
2488 3915 2798 3969 ἀνασπάσαι
2834 3915 3169 3986 βουλόμενος,
3210 3918 3271 3970 οὐ
3304 3917 3466 3988 μόνον
3512 3921 3562 3972 εί
3609 3919 3757 3991 τύχοι

2218 4024 2317 4078 μεν
2347 4009 2505 4078 ἡμεῖς
2536 4006 2895 4078 λελυπημένοι
2924 4006 3063 4062 κατά
3106 4007 3199 4060 τοῦ
3230 4008 3480 4078 ἀδελφοῦ,
3516 4013 3767 4082 προστάσ-

2216 4117 2299 4154 σει
2353 4101 2569 4170 ἀφιέναι
2616 4099 2678 4152 τὸ
2735 4099 2944 4172 δῶρον.
2991 4099 3082 4153 καὶ
3128 4099 3533 4156 διαλλάττεσθαι

2212 4194 2348 4249 ἀλλὰ
2391 4194 2485 4248 καὶ
2526 4195 2576 4247 εἰ
2606 4192 2769 4256 αὐτὸς
2810 4192 3103 4263 λελύπηται
3137 4192 3258 4258 καθ’
3284 4193 3443 4264 ἡμῶν
3487 4196 3711 4258 δικαίως
3741 4197 3771 4264 ἢ

2213 4286 2434 4349 ἀδίκως,
2478 4286 2666 4339 τοῦτον
2709 4285 2796 4339 διὰ
2839 4286 2938 4355 τῆς
2985 4285 3275 4353 ἀπολογίας
3304 4285 3650 4357 θεραπεύειν,
3692 4288 3771 4343 κστ

2211 4378 2333 4431 τδτε
2377 4378 2705 4449 προσφέρειν
2754 4378 2816 4431 τὸ
2856 4377 3045 4447 δῶρον.
3099 4376 3256 4430 Ἀλλά
3303 4377 3355 4431 τί
3399 4379 3633 4434 ἐπιπολὺ
3677 4380 3774 4443 τοῖς

2214 4469 2587 4537 εύαγγελικοῖς
2615 4470 2709 4522 καὶ
2733 4468 3105 4531 ἀποστολικοῖς
3135 4469 3585 4539 παραγγέλμασιν
3612 4471 3770 4525 ἐνδιαο

2213 4558 2489 4631 τρίδομεν,
2520 4559 2639 4625 ἐξὸν
2684 4561 2777 4613 καὶ
2821 4561 2929 4614 ἀπὸ
2969 4559 3074 4613 τοῦ.
3106 4559 3335 4614 παλαιοῦ
3386 4561 3554 4632 νόμου
3600 4563 3776 4634 μαθεῖν

2208 4647 2386 4713 τοῦτο,
2438 4648 2516 4713 ὃς.
2569 4649 2665 4707 καὶ
2718 4647 3122 4718 ωγκατάόασιν
3167 4648 3267 4717 τῆς
3313 4653 3604 4722 ἀκριϐείας
3647 4653 3777 4725 ἒχειν

2208 4738 2401 4801 δοκῶν,
2435 4739 2558 4793 τάδε
2609 4739 2776 4810 φησί’
2833 4759 2853 4792 ι
2899 4740 2992 4810 Μὴ
3041 4740 3277 4813 μισήσῃς
3304 4740 3396 4794 τὸν
3437 4744 3666 4812 ἀδελφόν
3695 4760 3779 4796 σου

2210 4829 2271 4881 ὲν
2295 4830 2361 4899 τῇ
2390 4829 2584 4900 καρδίᾳ
2617 4847 2711 4883 σου
2732 4847 2746 4858 '
2784 4849 2804 4882 ι
2842 4830 2936 4883 καὶ
2969 4830 3160 4886 πάλιν·
3199 4849 3217 4881 ι
3266 4830 3408 4885 Ὀδοὶ
3435 4834 3781 4903 μνησικάκων

2208 4917 2287 4979 εἰς
2319 4916 2562 4971 θάνατον.
2614 4937 2632 4969 ι
2684 4917 2793 4970 Καὶ
2824 4917 3056 4972 ἐνταῦθα
3086 4917 3194 4990 γὰρ
3221 4918 3282 4971 οὐ
3329 4920 3494 4989 μόνον
3521 4920 3623 4991 τὴν
3669 4923 3782 4975 κατ’

2208 5008 2505 5080 ἐνέργειαν,
2550 5008 2685 5063 ἀλλά
2729 5010 2823 5063 καὶ
2868 5010 2967 5081 τὴν
3018 5009 3158 5065 κατά
3203 5010 3447 5069 διάνοιαν
3475 5011 3651 5083 ὀργὴν
3686 5030 3783 5067 κω-

2212 5099 2328 5152 λύει
2373 5100 2468 5153 καὶ
2508 5101 2740 5166 κολάζει.
2770 5101 2865 5154 Διὸ
2906 5102 3192 5173 προσήκει,
3233 5102 3343 5164 τοῖς
3394 5100 3561 5168 θείοις
3605 5101 3786 5172 νόμοις

2218 5191 2657 5257 ἀκολουθοῦντας,
2695 5192 2843 5266 πάσῃ
2872 5192 3097 5263 δυνάμει
3124 5191 3487 5261 ἀγωνίζεσθαι
3520 5192 3666 5247 κατά
3696 5189 3787 5245 τοῦ

2213 5280 2523 5352 πνεύματος
2562 5282 2660 5352 τῆς
2691 5280 2879 5352 ὀργῆς,
2932 5283 3026 5334 καὶ
3072 5280 3213 5335 κατά
3258 5281 3356 5352 τῆς
3387 5281 3535 5334 ἔνδον
3565 5283 3626 5333 ἐν
3657 5282 3788 5351 ἡμῖν

2212 5372 2579 5443 ἀποκειμένης
2611 5372 2764 5424 νόσου
2786 5387 2799 5400 ·
2846 5371 2943 5428 καὶ
2994 5370 3089 5442 μὴ,
3140 5370 3280 5424 κατὰ
3326 5369 3437 5423 τῶν

2214 5464 2303 5518 τὸν
2346 5461 2514 5534 θυμὸν
2545 5461 2843 5525 κινοῦντας,
2883 5462 3117 5533 ἐρημίαν
3145 5462 3237 5515 καὶ
3268 5460 3503 5532 μόνωσιν
3531 5460 3787 5531 μεταδιιίι-

614 5615 659 5648 ⁷⁸
700 5615 889 5687 Matth.
927 5633 979 5681 ν,
1014 5614 1104 5669 αι.
1178 5616 1226 5648 ’⁸
1265 5615 1281 5669 1
1317 5615 1507 5671 Thess.
1547 5630 1596 5667 v.
1644 5613 1724 5668 l7.
1799 5614 1843 5644 ⁷⁷
1883 5610 1901 5667 1
1936 5612 2075 5670 Tim.

2222 5615 2274 5671 8.
2351 5618 2398 5650 ⁷⁸
2438 5617 2623 5671 Matth.
2662 5632 2715 5673 ιι.
2747 5616 2845 5671 αι.
2913 5617 2958 5650 ’⁸
3001 5616 3170 5673 ιενῖῑ.
3208 5634 3331 5687 τις,
3374 5618 3460 5673 Ιῖ.
3535 5615 3580 5650 ⁸ο
3621 5612 3793 5673 Prov.

545 5700 621 5742 ιιι
640 5726 654 5746 .
686 5686 779 5741 25.

612 5776 696 5850 (ιι)Δ
710 5777 859 5850 Διιρξει,
875 5794 923 5833 c.
957 5776 1037 5850 to.
1057 5776 1087 5850 _t
1110 5776 1153 5831 ι.

615 5846 730 5919 uo)
757 5846 889 5902 Ibid.
922 5866 972 5903 ς.
1018 5846 1098 5903 is.

2291 5776 2334 5840 (ι
2357 5777 2402 5842 ι)
2436 5775 2566 5830 Ibid.
2603 5792 2650 5829 ρ.
2697 5775 2778 5829 l3.

2288 5846 2395 5919 (is)
2425 5846 2554 5903 lbi-.l.
2584 5862 2633 5903 c.
2671 5846 2752 5901 ιι.
2791 5846 2874 5904 15.
