3924 6514
138 407 265 487 sas

1276 416 1609 476 EPISTOLA
1653 419 1692 473 ll
1732 420 1822 475 AD
1859 422 2255 480 CASTOllEll.

3299 431 3404 492 894

152 550 274 589 κειν
295 551 309 564 '
345 534 423 598 ὡς
450 536 568 588 ἐκεῖ
605 533 783 607 δῆθεν,
814 537 907 590 καὶ
947 538 1172 609 μηδενὸς
1211 537 1360 603 ὄντος
1392 542 1483 594 τοῦ
1530 540 1729 595 κινοῦν-

1842 559 1986 604 Iulis,
2016 541 2356 612 impossibile
2381 548 2467 596 est
2502 557 2601 598 nos
2633 542 2700 597 ad
2740 542 3121 613 perfectionem
3163 548 3404 619 aequani-

149 644 242 690 τος
276 629 430 700 ἡμᾶς
458 629 537 691 εἰς
566 627 757 699 ὀργὴν,
791 628 1024 692 εὐκόλως
1052 630 1110 681 ὲν
1138 632 1205 701 τῇ
1239 630 1469 701 μονώσει
1500 632 1533 701 ή
1562 630 1729 703 ἀρετὴ

148 718 249 788 τῆς
278 717 658 790 μακροθυμίας
710 720 1182 791 κατορθωθήσεται
1215 739 1228 752 ’
1290 722 1396 775 ἀπὸ
1453 724 1563 793 γὰρ
1631 723 1727 794 τῆς

149 806 534 878 ὑπερηφανίας
579 807 672 861 καὶ
705 808 798 862 τοῦ
827 809 902 881 μὴ
947 810 1121 863 θέλειν
1150 811 1458 883 μέμφεσθαι
1503 814 1728 877 ἑαυτοὺς

149 896 246 948 καὶ
273 896 602 967 ἐπιγράφειν
643 900 711 969 τῇ
762 898 867 971 ἰδίᾳ
896 899 1137 973 ῥᾳθυμίᾳ,
1177 902 1276 965 τὰς
1306 902 1483 966 αἰτίας
1510 904 1606 974 τῆς
1633 905 1728 975 ὁρ-

148 989 274 1058 γῆς,
310 989 410 1061 τὴν
441 992 506 1042 ἐκ
541 989 649 1044 τῶν
683 991 927 1062 ἀδελφῶν
951 993 1298 1067 ἀλλοτρίωσιν
1339 996 1725 1069 ὲπιποθοῦμεν.

148 1079 299 1143 Ἕως
327 1081 417 1134 ὅτε
445 1082 623 1136 τοίνυν
655 1083 752 1154 τῆς
785 1085 1055 1157 ἡμετέρας
1088 1087 1369 1152 ἀσθενείας
1409 1088 1509 1155 τάς
1550 1089 1729 1154 αίτίας

144 1168 336 1234 ἀλλοις
383 1171 779 1246 ἐπιγράφομεν,
831 1175 1088 1231 ἀδύνατον
1137 1179 1286 1248 ἡμᾶς
1333 1178 1467 1249 πρὸς
1506 1179 1602 1251 τὴν
1643 1197 1729 1234 τε·

143 1258 370 1314 λείωσιν
422 1264 521 1333 τῆς
576 1265 957 1337 μακροθυμίας
1010 1266 1233 1336 φθάσαι.
1285 1268 1359 1322 Τὸ
1399 1270 1505 1340 γὰρ
1567 1269 1730 1340 κεφά-

144 1351 302 1438 λαιρνν
346 1354 447 1425 τῆς
491 1356 767 1428 ἡμετέρας
817 1358 1185 1430 διορθώσεως,
1229 1362 1327 1414 οὐκ
1373 1363 1438 1415 ἐκ
1476 1362 1574 1432 τῆς
1620 1361 1729 1417 τῶν

145 1443 382 1515 πλησίον
411 1446 788 1518 μακροθυμίας
819 1447 920 1517 τῆς
957 1449 1091 1520 πρὸς
1118 1450 1267 1521 ἡμᾶς
1291 1450 1580 1522 γινομένης
1603 1467 1730 1504 κατ-

145 1534 429 1606 ορθοῦται,
468 1537 581 1591 ἀλλ’
628 1540 693 1592 ὲκ
744 1540 841 1611 τῆς
873 1540 1145 1612 ἡμετέρας
1192 1541 1327 1613 πρὸς
1372 1541 1462 1595 τὸν
1503 1541 1729 1614 πλησίον

149 1627 541 1699 μακροθυμίας
566 1631 659 1684 καὶ
696 1629 1065 1694 ἀνεξικακίας.
1099 1633 1266 1687 Ὅταν
1302 1632 1360 1686 δὲ
1385 1631 1475 1688 τὸν
1500 1632 1599 1703 τῆς
1627 1650 1730 1703 μα·-

147 1720 460 1792 κροθυμίας
487 1721 673 1791 ἀγῶνα
702 1722 995 1793 φεύγοντες
1019 1723 1117 1796 τὴν
1148 1724 1352 1797 ἔρημον
1386 1724 1729 1780 καταδιώκω·

147 1831 251 1883 μεν
278 1813 376 1866 καὶ
402 1814 499 1885 τὴν
524 1813 775 1886 μόνωσιν,
805 1816 905 1869 ὅσα
932 1815 977 1869 δ’
1008 1816 1075 1870 ἂν
1095 1816 1203 1871 τῶν
1231 1817 1513 1905 ἡμετέρων
1541 1816 1725 1875 παθῶν

142 1906 498 1977 ἀθεράπευτα
531 1885 731 1959 δὲκεῖσε
779 1907 1189 1980 ὲπενέγκωμεν,
1240 1885 1720 1982 φὲτπικεκρυμμένα,
1757 1885 1797 1939 Β

144 1998 245 2051 οὐκ
273 1995 666 2069 ἐξειλημμένα,
696 1996 1042 2068 τυγχάνουσι.
1071 1999 1179 2051 Καὶ
1207 1997 1315 2071 γὰρ
1339 2001 1373 2070 ἡ
1397 1999 1600 2071 ἔρημος
1632 1997 1725 2052 καὶ

142 2091 177 2160 ἡ
215 2087 574 2159 ἀναχώρησις
616 2089 727 2162 τρίς
761 2089 927 2160 μήπω
955 2088 1141 2145 παθῶν
1184 2088 1620 2161 ἀπηλλαγμένοις
1662 2086 1724 2139 οὐ

146 2181 314 2252 μόνον
340 2179 627 2250 φυλάττειν
652 2179 941 2232 ἐπίσταται
971 2179 1041 2233 τά
1066 2179 1440 2252 ἐλαττώματα,
1463 2178 1599 2233 ἀλλά
1634 2177 1728 2234 καὶ⁹

142 2269 544 2326 ὲπικαλύπτειν
585 2269 757 2325 ταῦτα
796 2265 925 2325 οἶδε.
976 2270 1088 2325 Καὶ
1134 2271 1255 2324 οὐδὲ
1304 2269 1726 2324 ὲπαισθάνεσθαι

142 2363 349 2424 αὐτοὺς
397 2364 671 2433 συγχωρεῖ
732 2362 870 2433 ποίῳ
930 2361 1090 2416 πάθει
1147 2360 1447 2433 ἡττῶνται·
1515 2362 1730 2415 τούναν-

140 2455 254 2508 τίον
297 2454 357 2508 δὲ
402 2454 727 2525 φαντασίαις
771 2455 966 2519 αὐτοὺς
1015 2455 1326 2520 ὑποϐάλλει,
1378 2454 1730 2526 κατωρθωκέ-

144 2564 234 2601 ναι
290 2546 492 2609 abre-2a;
554 2546 732 2599 πείθει
774 2547 874 2618 τήν
933 2563 993 2600 τε
1047 2545 1426 2617 μακροθυμίαν
1480 2546 1573 2598 καὶ
1632 2543 1729 2616 τὴν

142 2637 502 2700 ταπείνωσιν,
539 2638 645 2701 ἕως
695 2636 771 2709 μὴ
823 2637 1084 2709 πάρεστιν
1128 2639 1156 2691 ὁ
1205 2636 1427 2699 τούτους
1475 2634 1732 2708 ἐρεθίζων

142 2731 242 2785 καὶ
310 2730 663 2801 δοκιμάζων·
732 2730 861 2784 ὅταν
917 2728 976 2783 δὲ
1042 2729 1226 2800 συμϐῇ
1279 2730 1552 2801 πρόφασις
1617 2729 1732 2782 τού-

141 2839 271 2886 τους
303 2819 554 2886 κινοῦσα,
586 2821 682 2874 καὶ
721 2820 1095 2892 γυμνάζουσα,
1123 2820 1325 2885 εὐθέως
1364 2821 1432 2873 τά
1456 2820 1733 2875 ἐναποκεί-

143 2929 288 2985 μενα
343 2911 492 2984 πάθη
533 2911 626 2965 καὶ
667 2909 729 2963 τδ
751 2910 881 2982 πρὶν
926 2909 1288 2975 λανθάνοντα,
1334 2909 1522 2981 ὥσπερ
1579 2909 1732 2962 ἵπποι

139 3006 494 3077 ἀχαλίνωτοι,
555 3004 620 3056 ἐκ
673 3000 783 3056 τῶν
849 3002 992 3056 ίδίων
1036 3001 1347 3073 ἀφετηρίων
1397 3002 1734 3073 ἐκπηδήσαν-

139 3116 257 3163 τες,
288 3099 385 3151 καὶ
413 3099 478 3168 τῇ
513 3096 699 3167 μακρᾷ
722 3093 923 3167 ἠσυχίᾳ
951 3094 1043 3148 καὶ
1076 3094 1241 3166 σχολῇ
1267 3095 1585 3165 τραφέντες,
1613 3112 1734 3163 σφο-

135 3191 399 3264 δρότερον
438 3190 534 3243 καὶ⁵
568 3185 901 3258 ἀγριώτερον
944 3184 1080 3254 πρὸς
1118 3184 1333 3258 ὄλεθρον
1364 3185 1728 3256 κατασύρουσι

136 3285 232 3339 τὸν
260 3283 399 3337 ἴδιον
432 3280 717 3353 ἐπιϐάτην.
749 3277 916 3332 Πλέον
948 3276 1054 3349 γὰρ
1087 3276 1368 3348 ἀγριοῦται
1413 3278 1470 3329 ἐν
1503 3278 1632 3346 ἡμῖν
1658 3276 1729 3329 τά

142 3375 297 3445 πάθη
354 3372 630 3446 ἀργοῦντα
671 3371 772 3441 τῆς
818 3369 878 3435 ἐξ
921 3368 1218 3440 ἀνθρώπων
1266 3366 1588 3438 γυμνασίας,
1636 3367 1729 3419 καὶ

136 3466 316 3541 αὐτὴν
348 3465 449 3537 τὴν
483 3463 640 3518 σκιὰν
662 3465 761 3533 τῆς
808 3463 1083 3533 ὑπομονῆς
1111 3461 1204 3515 καὶ
1232 3459 1629 3532 μακροθυμίας,
1663 3458 1729 3528 ἢν

136 3558 435 3627 εἰκονικῶς
463 3556 727 3627 δοκοῦμεν
764 3554 929 3627 ἔχειν,
963 3552 1410 3626 ἀναμεμιγμένην
1438 3554 1550 3615 τοῖς
1579 3551 1731 3604 ἁδελ-

139 3655 266 3723 φοτς
295 3630 365 3722 τῇ
398 3648 631 3720 ἀμελείᾳ
666 3647 766 3718 τῆς
799 3647 1158 3717 ἀγυμνασίας,
1195 3644 1410 3715 καὶτῆς
1444 3642 1730 3713 μονώσεως

134 3743 475 3813 ἀπόλλυμεν.
514 3742 726 3809 Ὠσπερ
766 3736 875 3810 γὰρ
915 3738 983 3792 τὰ
1037 3736 1215 3790 ίοϐὁλα
1260 3736 1367 3790 τῶν
1422 3735 1623 3806 θηρίων
1673 3735 1730 3786 ὲν

136 3832 373 3905 ἐρημίᾳ,
406 3831 500 3885 καὶ
530 3831 588 3883 ὲν
614 3831 735 3893 ταῖς
772 3827 928 3892 ίδίαις
960 3827 1164 3890 κοίταις
1214 3824 1576 3897 ἡσυχάζοντα,
1610 3824 1731 3877 τότε

135 3926 236 3999 τὴν
265 3923 408 3978 ἰδίαν
450 3922 646 3993 μανίαν
678 3920 1097 3982 ἐπιδείκνυνται,
1128 3919 1253 3971 ὅταν
1293 3916 1559 3971 λάϐωνταί
1588 3934 1733 3981 τινος

136 4012 605 4088 προσεγγίζοντος
625 4028 639 4043 ⁸
674 4011 818 4066 οὕτω
843 4010 936 4064 καὶ
960 4011 1010 4064 oi
1033 4009 1298 4081 ἐμπαθεῖς
1326 4007 1601 4079 ἄνθρωποι
1633 4009 1734 4061 οὐκ

136 4108 345 4177 ἀρετῆς
380 4103 641 4170 διαθέσει,
678 4101 814 4156 ἀλλά
845 4104 909 4173 τῇ
942 4101 1041 4172 τῆς
1087 4099 1323 4172 ἐρημίας
1351 4099 1562 4173 ἀνάγκη
1595 4101 1731 4170 ἡσυ-

134 4198 436 4267 χάζοντες,
479 4195 603 4248 τότε
642 4194 733 4247 τὸν
764 4193 863 4263 τῆς
898 4192 1077 4263 ψυχῆς
1128 4193 1205 4244 ίὸν
1250 4189 1557 4261 ἐξεμοῦσιν,
1607 4192 1737 4248 ὅταν.

131 4288 445 4359 δράξωνται
476 4286 572 4340 τοῦ
604 4284 1054 4357 προσεγγίζοντος
1105 4285 1199 4339 καὶ
1243 4282 1586 4354 ἐρεθίζοντος.
1626 4283 1735 4337 Καὶ

130 4380 333 4435 τούτου
371 4379 534 4450 χάριν
578 4379 691 4441 τοῖς
744 4377 1019 4431 τελείωσιν
1062 4375 1367 4447 πραότητος
1417 4374 1735 4447 ἐπιζητοῦσι

133 4470 343 4540 σπουδῇ
401 4468 554 4540 πάσῃ
602 4466 808 4536 ὀφείλει
869 4467 944 4537 μὴ
1004 4465 1164 4537 μόνον
1225 4465 1361 4537 πρὸς
1414 4464 1734 4537 ἀνθρώπους

1834 633 2038 689 minatis
2065 633 2474 705 attingerc.(l5)
2506 634 2731 689 Summa
2769 635 2971 705 quippe
3003 635 3403 693 emendationis

1831 734 2032 783 nostra:
2065 740 2176 780 non
2212 739 2280 780 ex
2306 725 2537 796 proximi
2560 741 2690 797 erga
2717 741 2816 781 nos
2844 726 3246 797 aequanimitate
3265 728 3406 783 obti-

1829 824 2013 880 netur,
2040 815 2134 870 sed
2169 831 2233 870 ex
2262 823 2453 872 nostra
2494 831 2637 886 erga-
2658 816 2968 884 proximum
2993 816 3406 886 longanimitate

1829 924 1892 963 ac
1930 909 2252 977 injuriarum
2282 908 2576 964 oblivione.
2607 906 2744 962 Cum
2769 916 2949 963 autem
2986 909 3407 979 :equanimitatis

1827 986 2105 1055 certamen
2132 998 2401 1069 fugientes
2428 1013 2669 1053 eremum
2695 1000 2932 1069 petimus
2954 1006 3008 1054 et
3033 997 3404 1066 solitudinem,

1828 1106 2184 1162 quascunque
2217 1091 2348 1147 illuc
2396 1089 2638 1146 nondum
2670 1098 2891 1147 curatas
2929 1091 3254 1162 sedatasque
3282 1106 3408 1161 pas-

1826 1184 2011 1239 siones
2031 1182 2330 1247 all‘erimus,
2353 1183 2602 1236 occultas
2626 1197 2743 1247 eas,
2763 1197 2871 1236 non
2893 1182 3097 1238 deletas
3121 1197 3242 1238 esse
3258 1189 3409 1252 pute-

1827 1288 1972 1328 mus.
2007 1272 2294 1327 Enimvero
2317 1287 2533 1328 cremus
2558 1281 2722 1343 atque
2750 1288 3001 1329 secessus
3021 1274 3089 1329 iis
3127 1274 3221 1344 qui
3268 1288 3407 1329 non-

1828 1361 1957 1416 dum
2001 1361 2349 1429 passionibus
2381 1361 2536 1417 liberi
2566 1370 2714 1425 sunt,
2770 1378 2880 1418 non
2923 1378 3202 1419 reservare
3244 1363 3406 1422 modo

1829 1453 2287 1524 iniperfectioncs,
2342 1453 2436 1509 sed
2497 1468 2592 1509 eas
2638 1454 2913 1509 occultare
2966 1470 3183 1525 quoque
3232 1458 3403 1510 novit.

1827 1544 2012 1617 Neque
2063 1546 2130 1601 iis
2177 1546 2382 1601 sentire
2437 1545 2689 1599 concedit
2755 1546 2956 1616 quibus
3019 1545 3128 1601 sint
3193 1548 3408 1616 passio.

1827 1638 1989 1693 nibus
2027 1637 2282 1703 obnoxii;
2314 1636 2560 1707 quinimo
2603 1636 2670 1691 iis
2702 1650 2841 1707 quas
2897 1638 3136 1708 suggerit
3180 1638 3405 1708 phanta-

1828 1728 1928 1786 siis
1986 1729 2178 1784 suadet
2216 1729 2351 1799 ipsis
2399 1727 2543 1799 quod
2582 1712 3080 1797 mquanimitatem,
3122 1729 3264 1800 quod
3305 1729 3408 1783 hu-

1829 1821 2119 1876 militatem.
2156 1821 2263 1876 sint
2321 1820 2595 1884 assecuti,
2634 1820 2808 1874 donec
2870 1820 3026 1874 adest
3098 1835 3257 1874 nemo
3311 1822 3406 1891 qui

1825 1912 2061 1967 concitet
2094 1918 2151 1966 et
2196 1911 2392 1981 probet
2430 1910 2611 1981 ipsos;
2658 1925 2782 1964 cum
2833 1910 3032 1965 accidit
3075 1918 3255 1965 autem
3311 1927 3404 1966 oc.

1824 2000 1975 2056 casio
2011 2016 2120 2070 qua
2179 2000 2523 2055 concitentur
2566 2007 2621 2055 et
2659 2007 3040 2066 exerceantur,
3110 2001 3409 2056 recondita:

1823 2093 2006 2148 statim
2038 2107 2102 2147 ac
2135 2093 2343 2163 pridem
2389 2091 2616 2146 occulta
2674 2091 2979 2162 passiones,
3018 2106 3118 2146 ceu
3172 2090 3406 2147 eﬂ‘renes

1828 2183 2242 2254 325equiex
2275 2182 2510 2238 stabulis
2535 2188 2904 2251 erumpentes,
2939 2196 3004 2235 ac
3040 2181 3194 2251 longa
3219 2182 3406 2251 quiete

1804 2281 1881 2334 .‘et
1939 2275 2219 2331 otiositate
2270 2274 2534 2346 perpasti,
2594 2273 2972 2329 vehementius
3023 2272 3406 2345 efferatiusque

1830 2368 2068 2437 equitem
2091 2369 2142 2422 in
2170 2367 2464 2437 perniciem
2481 2366 2801 2437 conjiciunt.
2827 2366 3112 2422 Passiones
3128 2367 3328 2437 quippe
3345 2366 3403 2423 in

1826 2460 1942 2514 otio
1964 2475 2138 2529 neque
2155 2459 2482 2516 exeitataaab
2498 2459 2811 2513 hominibus
2829 2458 3312 2529 magisell’eruntur
3337 2457 3395 2513 in

1830 2552 1988 2608 nobis
2007 2571 2020 2607 :
2039 2553 2319 2624 ipsamque
2331 2550 2608 2622 patientia:
2621 2560 2674 2606 et
2688 2550 3107 2621 aequanimitatis
3129 2550 3404 2615 umbram,

1827 2659 1990 2713 quam
2047 2643 2329 2715 phantasia
2384 2650 2591 2698 tantum
2629 2650 2684 2697 et
2723 2641 2978 2712 opinione
3011 2647 3259 2696 tenemus
3282 2679 3298 2703 ,
3351 2640 3405 2694 si

1833 2731 2095 2787 fratribus
2137 2747 2242 2786 nos
2291 2732 2718 2796 immisceamus,
2756 2745 2851 2800 per
2882 2729 3189 2785 solitudinis
3210 2730 3402 2795 otium,

1834 2825 1904 2878 ob
1934 2822 2314 2894 negligentiam
2355 2822 2690 2879 exercitandi
2715 2821 3037 2877 amittimus.
3066 2821 3176 2892 (ιι)
3203 2819 3404 2888 Quem-

1831 2914 2122 2968 admodum
2153 2914 2300 2969 enim
2329 2921 2603 2969 venenata.
2624 2914 2902 2978 animalia,
2936 2914 2992 2968 in
3026 2913 3240 2968 deserto
3261 2921 3315 2967 et
3347 2912 3404 2966 in

1831 3004 2111 3059 cubilibus
2157 3004 2278 3060 suis
2336 3004 2738 3068 recumbentia,
2791 3011 2924 3059 tunc
2969 3003 3208 3059 furorem
3241 3017 3403 3057 suum

1831 3095 2208 3152 demonstrant
2236 3135 2252 3162 ,
2289 3109 2414 3150 cum
2448 3093 2794 3150 accedentem
2826 3094 3111 3165 quemdam
3144 3093 3403 3164 capiunt;

1755 3219 1796 3276 ο
1837 3189 1907 3244 ita
1939 3189 2186 3245 homines
2210 3187 2558 3258 passionibus
2587 3187 2844 3252 obnoxii,
2883 3204 2991 3243 non
3021 3187 3241 3245 virtutis
3269 3186 3407 3243 affe-

1834 3292 1948 3346 ctu,
1980 3281 2075 3337 sed
2103 3297 2167 3337 ex
2193 3280 2395 3337 deserti
2433 3281 2538 3335 loci
2569 3280 2878 3337 necessaria
2902 3279 3219 3337 conditione
3249 3280 3406 3350 quie-

1835 3381 2069 3437 scentes,
2097 3380 2211 3427 tum
2243 3373 2437 3427 anima:
2469 3372 2620 3426 virus
2657 3381 2936 3437 evomunt,
2989 3388 3112 3427 eum
3149 3372 3407 3428 acceden-

1836 3473 1943 3520 tem
2003 3465 2309 3534 quempiam
2374 3471 2429 3519 et
2494 3463 2794 3519 irritantem
2827 3479 2886 3519 se
2926 3462 3401 3534 apprehenderint.

1835 3555 2194 3623 Quamobrem
2255 3555 2348 3626 qui
2399 3554 2833 3610 mansuetudinis
2883 3556 3275 3625 perlectionem
3307 3570 3405 3610 ex-

1835 3647 2083 3718 quirunt,
2112 3660 2211 3717 par
2234 3646 2458 3701 omnino
2490 3653 2594 3712 est,
2627 3654 2687 3700 ut
2741 3661 2848 3698 nou
2909 3645 3071 3699 modo
3115 3643 3403 3701 adversum

1839 3740 2085 3795 homines
2113 3754 2223 3793 non
2249 3738 2578 3802 irascantur.
2611 3737 2706 3794 sed
2731 3752 2906 3808 neque
2925 3737 3191 3792 adversus
3221 3737 3401 3798 bruta.

1838 3832 1948 3886 imo
1980 3846 2049 3886 ne
2086 3830 2349 3887 adversus
2399 3830 2699 3885 inanimata
2748 3831 2989 3902 quidem.
3046 3826 3265 3882 Memini
3318 3842 3408 3884 me

1838 3936 1962 3977 cum
1986 3920 2042 3975 in
2076 3936 2260 3976 eremo
2291 3921 2565 3990 degerem,
2587 3928 2779 3975 contra
2813 3919 3083 3975 calamum
3114 3916 3251 3971 iram
3281 3929 3408 3970 cono

1838 4013 2070 4084 cepisse,
2098 4013 2241 4083 quod
2289 4013 2408 4081 ejus
2440 4012 2604 4067 modo
2656 4012 2902 4069 densitas
2952 4008 3118 4063 modo
3166 4009 3407 4065 tenuitas

1840 4102 2187 4173 displiceret:
2222 4110 2414 4158 contra
2446 4101 2654 4173 lignum
2681 4100 2808 4155 item
2838 4139 2854 4164 ,
2900 4096 3047 4170 quod
3087 4096 3411 4154 exscindere

1840 4211 1964 4251 cum
1988 4195 2202 4257 vellem,
2233 4194 2482 4249 celeriter
2519 4207 2628 4246 non
2660 4207 2875 4262 possem
2901 4208 2915 4246 :
2966 4204 3186 4244 rursum
3217 4196 3409 4244 contra

1842 4280 2131 4361 igniarium
2161 4281 2394 4347 silicem,
2425 4280 2568 4350 quod
2621 4295 2708 4335 me
2744 4277 3036 4335 festinante
3069 4278 3246 4350 ignem
3269 4278 3409 4334 edu-

1841 4390 1999 4437 cere,
2043 4390 2152 4429 non
2184 4374 2370 4429 statim
2400 4374 2646 4430 exsiliret
2699 4372 2973 4440 scintilla;
3028 4371 3101 4426 ita
3146 4371 3407 4428 nimirum

1840 4473 2122 4536 grassatur
2150 4466 2253 4525 ira,
2286 4474 2345 4518 ut
2376 4464 2441 4519 ad
2474 4480 2646 4535 usque
2669 4464 3007 4520 inscnsibilia
3031 4470 3085 4518 et
3110 4463 3409 4519 inauimata

136 4564 214 4635 μὴ
239 4559 591 4634 ὀργίζεσθαι,
611 4557 747 4611 ἀλλά
787 4557 920 4628 μηδὲ
951 4556 1086 4630 πρὸς
1116 4556 1185 4610 τὰ
1212 4556 1400 4626 ἄλογα,
1435 4557 1570 4628 μηδὲ
1600 4555 1729 4629 προς

1842 4556 2115 4612 elferatur.
2143 4555 2253 4628 (I5)
2314 4556 2371 4610 Si
2416 4557 2698 4626 cupiamus
2727 4556 2911 4625 itaque
2940 4554 3200 4625 consequi
3230 4555 3412 4610 beati-

131 4655 203 4708 τὰ
242 4652 433 4722 ἀψυχα
470 4650 788 4720 πράγματα.
845 4648 1145 4718 Μέμνημαι
1179 4647 1285 4718 γὰρ
1327 4646 1435 4716 ἐγὼ
1475 4647 1633 4720 ἡνίκα
1672 4648 1729 4701 ὲν

134 4745 330 4816 ἐρήμῳ
360 4740 632 4812 διέτριϐον
670 4737 811 4793 κατά
859 4736 1106 4808 καλάμου
1146 4737 1240 4790 τὸν
1268 4737 1439 4808 θυμὸν
1483 4739 1727 4809 κινήσας,

135 4834 236 4904 τῆς
290 4831 611 4902 παχύτητος
657 4827 847 4882 τούτου
896 4826 929 4899 ἢ
994 4827 1318 4899 λεπτότητος
1374 4829 1729 4902 ἁπαρεσάσης

138 4946 254 4999 μοι·
286 4927 385 4982 καὶ
414 4924 556 4979 κατά
589 4922 745 4988 ξύλου
773 4921 968 4986 πάλιν,
1020 4922 1149 4975 ὅταν
1178 4919 1340 4991 milia:
1372 4920 1530 4974 τοῦτο
1574 4921 1729 4992 θελὴο

139 5038 258 5085 σας,
299 5020 376 5091 μὴ
413 5017 628 5090 ταχέως
688 5014 986 5087 ἐδυνήθην·
1036 5015 1129 5068 καὶ
1185 5013 1346 5069 πάλιν
1393 5013 1535 5068 κατὰ
1578 5013 1724 5067 λίθου

137 5111 501 5186 πυρεκϐϐλου,
551 5110 714 5171 ὅταν,
764 5104 1153 5170 σπουδάζοντος
1205 5124 1307 5177 μου
1352 5105 1632 5160 ἐκϐάλλειν
1665 5107 1727 5160 τὸ

135 5205 282 5275 πῦρ,
318 5204 396 5274 μὴ
447 5201 658 5272 ταχέως
711 5201 739 5252 ὁ
788 5197 1022 5270 σπινθὴρ
1064 5198 1414 5270 ἐξεπήδησεν,
1452 5196 1592 5252 οὕτω
1627 5199 1725 5270 τῆς

136 5294 304 5365 ὀργῆς
346 5290 723 5360 ὲπιταθείσης,
768 5290 844 5353 ὡς
893 5288 1033 5342 κατά
1075 5288 1186 5342 τῶν
1228 5288 1584 5361 ἀναισθήτων,
1632 5291 1726 5345 καὶ

138 5386 361 5457 ἀψύχων
391 5382 736 5454 πραγμάτων
761 5380 965 5451 ταύτην
997 5379 1271 5452 ἐκφέρειν.
1307 5380 1367 5433 Ei
1398 5380 1577 5434 τοίνυν
1610 5383 1729 5436 ἐπιο

137 5477 411 5549 ¹ιιτοθοῦμεν
455 5476 638 5545 τυχεῖν
689 5472 783 5526 τιῦ
840 5470 1189 5543 μακαρισμοῦ
1232 5469 1325 5524 τοῦ
1376 5471 1634 5543 Χριστοῦ,
1665 5473 1724 5526 οὐ

141 5568 299 5641 μόνον
330 5567 432 5640 τὴν
460 5566 583 5620 κατ’
619 5565 897 5638 ἐνέργειαν
944 5563 1229 5634 ὀφείλομεν
1260 5562 1427 5635 ὀργὴν
1464 5564 1723 5631 κωλῦσαι,

140 5660 279 5714 καθά
313 5660 550 5730 εἴρηται,
585 5656 720 5711 ἀλλά
759 5657 851 5711 καὶ
902 5657 1000 5728 τὴν
1037 5658 1176 5711 κατὰ
1220 5656 1477 5713 διάνοιαν.
1514 5658 1587 5710 Οὐ
1616 5657 1723 5729 γὰρ

205 5815 318 5881 (ιε)
350 5815 487 5870 Ibid.
514 5830 565 5867 c.
599 5813 683 5873 l6.
718 5815 801 5869 Π.

209 5886 331 5956 (ιι)
366 5885 697 5940 lbid.c.18.

1837 4647 2079 4703 tudinem
2131 4648 2378 4712 Christi;
2436 4663 2545 4702 non
2593 4648 2755 4702 modo
2802 4648 2938 4701 iram
2977 4661 3101 4716 qua:
3149 4645 3215 4700 ad
3266 4661 3408 4716 opus

1836 4740 2162 4811 prorumpit,
2184 4742 2260 4794 uti
2286 4755 2450 4809 supra
2471 4737 2675 4793 dictmn
2702 4747 2806 4802 est,
2828 4752 3081 4795 coercere
3108 4737 3397 4803 debemus,

1835 4832 1930 4887 sed
1957 4847 2075 4887 eam
2106 4847 2324 4902 quoque
2358 4847 2478 4901 qua:
2507 4838 2687 4886 mente
2716 4830 3044 4901 concipitur.
3098 4827 3217 4885 Non
3261 4829 3406 4886 enim

1834 4923 2169 4977 tantumdem
2199 4921 2354 4977 affert
2395 4922 2644 4977 utilitatis
2678 4936 2742 4977 os
2785 4921 3064 4977 continere
3107 4935 3303 4985 suum,
3350 4925 3411 4976 et

1833 5016 2097 5069 furiosum
2126 5013 2435 5084 quodquam
2459 5013 2667 5069 dictum
2693 5030 2799 5069 non
2830 5013 3106 5085 proferre,
3138 5020 3405 5084 quantum

1831 5122 1929 5163 cor
1955 5120 2188 5177 purgare
2209 5106 2276 5161 ab
2309 5106 2632 5175 injuriarum
2664 5098 2925 5162 memoria
2951 5146 2966 5172 ,
2991 5115 3042 5161 et
3062 5120 3257 5176 pravas
3292 5119 3406 5161 non

1833 5199 2016 5255 fovere
2040 5199 2422 5271 cogitationes.
2477 5197 2641 5254 Docet
2667 5198 2809 5254 enim
2848 5198 3160 5268 evangelica
3197 5216 3397 5251 auctu.

1831 5307 1923 5355 na,
1974 5290 2191 5347 excisas
2239 5300 2494 5363 oportere
2540 5298 2885 5362 peccatorum
2927 5290 3174 5352 radices,
3222 5287 3406 5357 potius.

1832 5402 1996 5457 quam
2043 5401 2244 5441 ramos.
2298 5383 2493 5441 Excisa
2523 5385 2721 5455 quippe
2763 5400 2792 5438 a
2823 5382 2987 5439 corde
3040 5383 3135 5438 ira:
3180 5381 3399 5442 radice.

1832 5480 2046 5533 nullum
2067 5478 2253 5533 odium
2275 5517 2291 5543 ,
2335 5478 2484 5533 nulla
2519 5477 2721 5533 invidia
2750 5476 2819 5531 ad
2863 5491 3001 5546 opus
3030 5489 3201 5546 usque
3226 5472 3400 5529 dedu-

1831 5577 2025 5624 cetur:
2077 5585 2225 5629 nam.
2253 5570 2345 5639 qui
2375 5569 2491 5623 odit
2516 5569 2734 5625 fratrem
2766 5585 2948 5637 suum,
2979 5568 3248 5623 homicida
3291 5572 3404 5635 est,

1829 5659 2089 5713 nimirum
2115 5659 2292 5730 quoad
2317 5659 2567 5717 affectum
2600 5661 2709 5716 odii
2735 5660 2935 5715 occidit
2966 5675 3113 5717 eum.
3143 5658 3403 5716 Occisum

1890 5815 1998 5887 (ιδ)
2034 5814 2171 5871 una.
2208 5831 2254 5872 ο.
2303 5815 2388 5871 19.
