4050 6396
566 386 675 442 895

1783 384 2243 443 ATHANASIUS.
2286 419 2354 430 ——
2393 386 2599 442 DUBIA

3704 385 3796 446 [36

570 512 751 557 autem
797 502 944 558 videt
1002 502 1149 562 illum
1210 502 1391 562 Deus:
1430 505 1590 573 cujus
1620 506 1978 576 sanguinem,
2025 522 2136 561 non

2257 504 2487 559 τοσοῦτον
2525 505 2724 574 ὠφελεῖ
2754 504 2815 559 τὸ
2864 506 3086 576 κρατεῖν
3138 504 3228 558 τοῦ
3277 504 3562 575 στόματος,
3614 503 3711 558 καὶὶ
3734 505 3799 577 μή

571 592 753 664 g!adio
773 593 999 647 eil'usum
1026 592 1209 648 vident
1246 594 1521 659 homines,
1554 597 1649 650 sed
1678 612 1743 651 ex
1776 598 1973 652 aflectu
2018 598 2133 654 odii

575 686 665 741 ille
691 700 770 739 occ
792 686 908 741 istis
935 685 1053 740 fuit.
1092 685 1233 742 Deus
1280 688 1461 758 itaque
1495 704 1599 743 non
1635 690 1794 743 modo
1821 706 1919 760 pro
1955 690 2138 761 operi-

574 778 700 839 bus,
742 777 835 833 sed
887 778 1050 832 etiam
1105 791 1205 847 pro
1249 779 1672 848 cogitationibus
1721 790 1773 835 et
1820 781 2133 851 proposito,

574 869 867 937 unicuique
895 884 1127 926 coronas
1148 878 1241 924 aut
1275 872 1539 942 supplicia
1566 874 1847 939 retribuet,
1877 873 2137 943 quemad-

577 960 794 1015 modum
833 961 946 1029 ipse
990 976 1084 1030 per
1125 963 1442 1031 prophetam
1483 965 1598 1019 ait:
1644 964 1756 1036 Ego
1787 966 1943 1020 venio
1974 967 2140 1021 colle-

575 1059 723 1105 ctum
754 1065 939 1121 opera.
968 1054 1335 1124 cogitationes
1361 1094 1376 1118 ,
1420 1063 1475 1111 et
1509 1057 1887 1113 meditationes
1926 1072 2136 1112 eorum.

577 1146 656 1194 Ac
692 1154 910 1195 rursum
948 1140 1244 1211 Apostolus
1281 1144 1397 1197 ait:
1439 1162 1457 1195 ι
1499 1142 1645 1200 inter
1676 1160 1736 1199 se
1783 1144 2015 1200 invicem
2046 1160 2142 1201 co-

577 1232 930 1302 gitationibus
954 1235 1340 1291 accusantibus
1358 1275 1374 1297 ,
1398 1248 1485 1290 aut
1509 1238 1669 1292 etiam
1704 1237 2140 1304 defendentibus,

577 1324 634 1379 in
658 1322 746 1379 die
782 1339 908 1379 cum
960 1324 1226 1394 iudicabit
1259 1325 1401 1381 Deus
1430 1329 1643 1384 occulta
1699 1329 1975 1385 hominum
2007 1331 2074 1384 ⁸⁸.
2118 1351 2139 1384 ι

579 1412 700 1481 Ipse
724 1420 906 1467 autem
935 1411 1197 1469 Dominus
1246 1413 1470 1480 docens,
1501 1426 1752 1487 oportere
1799 1433 1901 1474 nos
1926 1434 2145 1476 omnem

581 1502 921 1559 iracundiam
955 1505 1226 1577 deponere
1249 1546 1265 1572 ,
1308 1507 1384 1562 ait
1430 1510 1482 1562 in
1517 1508 1819 1579 Evangeliis
1850 1530 1863 1566 :
1907 1529 1928 1561 ι
1968 1510 2148 1578 Quod,

582 1595 893 1667 quicunque
921 1597 1176 1654 irascitur
1189 1599 1339 1655 fratri
1368 1615 1490 1664 suo,
1522 1616 1650 1656 reus
1674 1603 1780 1656 erit
1793 1602 2000 1671 judicio
2013 1602 2081 1655 ".
2122 1621 2143 1655 ι

584 1687 697 1761 (16)
728 1686 804 1742 lta
845 1690 990 1744 enim
1030 1691 1231 1747 habent
1288 1699 1546 1747 accurata
1589 1693 1917 1761 exemplaria
1963 1712 1976 1747 :
2024 1707 2149 1747 nam

2236 596 2488 668 ἐκφέρειν
2532 597 2682 668 ῥῆμα
2728 595 3020 667 μανιῶδες,
3067 594 3191 649 ὅσον
3244 596 3306 648 τὸ
3359 594 3674 667 καθαρίζειν
3712 594 3799 667 τήν

2236 687 2462 760 καρδίαν
2490 688 2597 741 ἀπὸ
2631 686 3013 759 μνησικακίας,
3050 687 3145 741 καὶ
3188 687 3261 759 μὴ
3293 686 3617 759 ἀνατρέφειν
3651 702 3801 755 πονη-

2239 778 2365 847 ροὺς
2409 775 2721 848 λογισμούς.
2762 778 2874 841 Τάς
2914 777 3070 849 ῥίζας
3116 776 3222 848 γὰρ
3261 777 3370 830 τῶν
3408 776 3801 849 ἁμαρτημάτων

2237 864 2526 920 ἐκκόπτειν
2571 866 2935 938 παραγγέλλει
2987 869 3021 938 ή
3078 867 3406 938 εὐαγγελικὴ
3458 867 3799 933 διδασκαλία,

2238 958 2383 1028 ήπερ
2418 958 2544 1021 τοὺς
2570 957 2845 1029 καρπούς·
2876 958 2974 1030 τῆς
2997 958 3153 1030 ῥίζης
3175 957 3282 1028 γάρ
3324 957 3417 1011 τοῦ
3456 956 3630 1029 θυμοῦ
3656 959 3801 1012 ἐκκο-

2241 1047 2432 1119 πείσης
2456 1048 2564 1102 ἀπὸ
2592 1048 2693 1118 τῆς
2719 1048 2964 1120 καρδίας,
3003 1047 3127 1103 οὔτε
3161 1051 3333 1121 μῖσος,
3359 1047 3481 1103 οὔτε
3524 1048 3713 1119 φθόνος
3735 1052 3803 1113 είς

2241 1137 2406 1210 έργον
2450 1138 2885 1211 προαχθήσεται·
2923 1141 3016 1193 καὶ
3056 1140 3163 1212 γὰρ
3194 1141 3223 1192 ὁ
3254 1139 3425 1211 μισῶν
3456 1140 3545 1192 τὸν
3595 1140 3805 1211 ἀδελφὸν

2243 1233 2412 1288 αὐτοῦ
2447 1233 2890 1307 ἀνθρωποκτόνος
2918 1232 3056 1298 ἐστὶ,
3080 1232 3318 1302 φονεύων
3339 1233 3499 1286 αὐτὸν
3524 1234 3592 1286 ὲν
3613 1236 3679 1303 τῇ
3706 1234 3805 1287 δια-

2245 1325 2390 1379 θέσει
2415 1325 2509 1379 τοῦ
2541 1325 2749 1396 μίσους.
2797 1324 3195 1397 Ἀναιρεθέντος
3223 1324 3353 1388 Θεὸς
3378 1326 3582 1395 ἀφορᾷ’
3617 1321 3807 1390 οὗτινος

2243 1416 2306 1470 τὸ
2336 1413 2493 1487 αἷμα,
2526 1419 2587 1471 οὐ
2619 1416 2705 1470 διά
2730 1415 2912 1486 ξίφους
2939 1416 3184 1487 ἐκχυθὲν,
3211 1416 3482 1488 ἄνθρωποι
3507 1416 3805 1487 βλέπουσιν,

2248 1508 2382 1562 ἀλλά
2412 1511 2478 1580 τῇ
2505 1508 2741 1562 διαθέσει
2767 1509 2860 1563 τοῦ
2899 1509 3088 1578 μίσους
3128 1506 3522 1578 ἀναιρεθέντος.
3554 1508 3688 1572 Θεδς
3716 1509 3809 1579 ἄρα

2249 1601 2308 1654 ού
2337 1599 2492 1671 μόνον
2525 1599 2666 1670 ὑπὲρ
2694 1599 2963 1671 πράξεων,
2980 1598 3113 1652 ἀλλά
3142 1598 3236 1652 καὶ
3261 1598 3400 1670 ὑπὲρ
3420 1598 3699 1668 λογισμῶν
3729 1599 3811 1653 καὶ

2253 1691 2393 1762 ὑπὲρ
2425 1690 2793 1762 προαιρέσεων
2816 1689 2897 1743 ἐνὶ
2931 1690 3145 1760 έκάστῳ
3171 1689 3463 1757 στεφάνως
3490 1689 3524 1759 ἢ
3557 1688 3813 1760 τιμωρίας

588 1779 680 1832 illa
707 1794 832 1842 vos,
874 1797 893 1830 ι
930 1788 1152 1843 temere,
1185 1801 1202 1833 ι
1240 1780 1512 1852 adjectitia
1534 1790 1654 1838 est:
1695 1783 1837 1854 quod
1860 1784 2034 1853 palam
2065 1791 2151 1839 est

2257 1782 2556 1846 ἀποδιδοὺς,
2601 1780 2781 1844 καθὼς
2819 1777 2980 1844 αὐτὸς
3029 1779 3116 1833 διά
3160 1779 3252 1834 τοῦ
3301 1781 3581 1852 προφήτου
3626 1780 3811 1850 φησίν·

585 1885 653 1925 ex
687 1870 1006 1940 praeedenti
1051 1872 1347 1944 Scriptura:
1368 1875 1635 1930 clausula.
1668 1874 1881 1945 Scopas
1913 1892 2146 1946 namque

2257 1873 2436 1943 ιἘγὼ
2464 1872 2693 1945 ἔρχομαι
2716 1874 3038 1940 συναγαγεῖν
3072 1870 3142 1924 τὰ
3192 1871 3349 1942 ἔργα,
3384 1870 3478 1924 καὶ
3522 1873 3650 1935 τοὺς
3677 1871 3815 1940 λογι-

591 1962 802 2018 Domini
846 1964 959 2019 vult
990 1979 1088 2020 nos
1119 1965 1354 2021 radicem
1384 1981 1449 2021 ac
1476 1966 1766 2022 scintillam
1798 1967 1892 2022 ira:
1921 1983 2154 2039 prorsus

588 2052 930 2118 abscindere,
961 2069 1025 2108 ac
1058 2070 1126 2109 ne
1172 2055 1450 2110 minimam
1505 2056 1598 2110 irae
1633 2056 1973 2112 occasionem
2007 2058 2151 2112 intra

588 2161 690 2201 nos
719 2161 975 2210 servare;
1013 2155 1072 2201 ut
1115 2163 1182 2203 ne
1232 2147 1442 2203 scilicet
1470 2148 1517 2203 si
1560 2163 1628 2203 ex
1662 2157 2029 2206 consentanea
2059 2165 2150 2205 ra-

588 2238 739 2294 tione
768 2239 903 2293 iram
934 2240 1294 2301 concitemus,
1328 2237 1545 2294 demum
1583 2240 1638 2294 in
1678 2240 1823 2296 bruti
1853 2241 2019 2295 animi
2066 2235 2153 2295 fu:-

588 2345 769 2386 rorem
808 2330 1132 2388 incidamus.
1166 2330 1278 2403 (l7)
1315 2328 1552 2399 Hujusce
1599 2346 1769 2400 porro
1807 2332 1982 2386 morbi
2036 2332 2152 2388 haec

589 2431 673 2478 est
705 2421 942 2492 perfecta
969 2421 1174 2475 medela
1197 2435 1227 2486 ;‘
1253 2429 1313 2475 ut
1358 2422 1566 2476 scilicet
1596 2437 1917 2491 persuasum
1964 2423 2157 2477 habea-

591 2528 738 2575 mus,
763 2511 922 2567 nobis
948 2526 1124 2580 neque
1154 2511 1300 2580 justa
1340 2527 1515 2581 neque
1563 2512 1767 2581 injusta
1805 2512 1872 2568 de
1898 2528 2064 2567 causa
2091 2513 2157 2567 li-

592 2620 718 2659 cere
743 2602 1162 2673 indignationem
1197 2603 1472 2659 concitare
1508 2611 1768 2659 nostram.
1800 2602 1934 2658 Nam
1971 2605 2016 2659 si
2045 2606 2155 2675 spi-

594 2694 735 2749 ritus
765 2694 859 2747 ira:
886 2703 1118 2748 mentem
1148 2692 1402 2748 obscuret
1423 2694 1599 2757 nobis,
1631 2709 1804 2764 neque
1840 2694 2151 2749 luxdiscre-

595 2786 786 2850 tionis,
816 2802 992 2856 neque
1038 2785 1170 2841 recti
1201 2785 1417 2841 consilii
1457 2784 1795 2855 iustitiaeque
1830 2788 2164 2857 gubernacu-

596 2877 706 2932 lum
739 2878 791 2932 in
831 2878 992 2932 nobis
1034 2877 1372 2947 reperietur:
1417 2892 1590 2947 neque
1632 2878 1835 2947 spiritu
1874 2877 1968 2931 ira:
1995 2876 2164 2932 domi,

596 2976 763 3024 nante
797 2968 910 3023 ﬁeri
936 2977 1132 3037 potest,
1165 2976 1225 3022 ut
1254 2968 1435 3022 anima
1477 2978 1661 3022 nostra
1695 2969 1954 3038 templum
1988 2973 2164 3025 sancti

598 3059 835 3130 Spiritus
894 3060 1178 3115 eﬂiciatur.
1251 3059 1476 3114 Demum
1519 3068 1730 3129 oportet
1786 3068 1847 3113 ut
1901 3060 2162 3114 incertam

599 3151 796 3207 mortis
838 3151 1027 3205 horam
1075 3166 1184 3221 prae
1223 3151 1398 3205 oculis
1442 3149 1741 3214 habentes,
1786 3151 2233 3249 eustodiamusc

599 3258 701 3297 nos
731 3242 800 3297 ab
827 3242 930 3303 ira,
955 3256 1018 3295 ac
1049 3242 1289 3295 sciamus
1319 3256 1493 3311 neque
1523 3241 1734 3295 ascesin
1754 3280 1771 3305 ,
1819 3257 1995 3311 neque
2022 3251 2164 3297 tem-

600 3332 924 3403 perantiam,
952 3348 1127 3402 neque
1152 3331 1545 3387 abdicationem
1582 3332 1661 3387 rei
1699 3333 1878 3387 omnis
1917 3335 2165 3388 materia-

602 3425 706 3486 lis,
751 3438 927 3493 neque
961 3421 1171 3493 jejunia
1205 3432 1258 3476 et
1288 3421 1520 3492 vigilias,
1555 3421 1773 3476 utilitati
1803 3422 1962 3478 nobis
2004 3422 2119 3479 fore
2141 3465 2169 3491 ς

602 3514 651 3570 si
683 3513 762 3567 ira
783 3520 944 3584 atque
982 3512 1108 3566 odio
1144 3511 1415 3581 correpti,
1466 3511 1543 3565 rei
1574 3511 1747 3567 simus
1780 3512 2007 3581 judicio.
2042 3513 2161 3579 Quo

604 3607 811 3661 utinam
843 3605 1157 3667 liberemur,
1184 3604 1358 3673 gratia
1397 3603 1607 3658 Domini
1634 3606 1807 3659 nostri
1850 3602 1979 3661 Iesu
2001 3606 2161 3661 Chri-

601 3699 726 3760 stri,
755 3698 843 3752 cui
872 3698 1041 3768 gloria
1071 3699 1124 3752 in
1149 3698 1347 3753 sarcula
1366 3700 1707 3755 saeculorum.

600 3791 763 3863 ὀρθοῦ
787 3792 1165 3864 βουλεύματος,
1229 3790 1352 3846 οὔτε
1391 3792 1733 3867 δικαιοσύνης
1776 3797 2100 3870 κυϐέρνησις
2139 3803 2197 3855 ἐν

2248 1967 2439 2037 σμοὺς,
2494 1964 2589 2018 καὶ
2637 1963 2735 2028 τὰς
2785 1962 3109 2034 ἐνθυμήσεις
3165 1961 3364 2016 αὐτῶν.
3399 1980 3417 2012 ι
3447 1962 3560 2015 Καὶ
3605 1962 3761 2016 πάλιν
3792 1965 3819 2017 ό

2259 2055 2581 2119 Ἀπόστολος
2632 2054 2778 2123 λέγει
2800 2071 2815 2085 ο
2869 2072 2889 2106 ι
2953 2053 3172 2119 Μεταξὺ
3223 2053 3467 2124 ἀλλήλων
3519 2054 3631 2107 τῶν
3686 2054 3819 2123 λογι-

2250 2149 2402 2220 σμῶν
2440 2145 2867 2219 κατηγοροῦντες
2907 2145 3423 2219 [κατηγορούντων],
3459 2146 3491 2218 ἦ
3541 2148 3636 2200 καὶ
3698 2148 3821 2201 ἀπο-

2249 2239 2589 2311 λογουμένων
2612 2239 2667 2291 ὲν
2702 2236 2906 2309 ἡμέρᾳ.
2932 2238 3021 2291 ὅτε
3056 2240 3235 2309 κρινεῖ
3266 2238 3293 2289 ὁ
3324 2236 3455 2301 Θεὸς
3503 2237 3571 2291 τά
3611 2239 3819 2310 κρυπτὰ

2250 2333 2359 2387 τῶν
2404 2328 2723 2403 ἀνθρώπων.
2761 2348 2779 2380 ι
2821 2328 2991 2391 Αύτδς
3033 2327 3087 2381 δὲ
3140 2329 3168 2381 ό
3205 2328 3511 2399 Δεσπότης,
3563 2328 3821 2383 διδάσκων

2252 2428 2417 2499 ἡμᾶς,
2451 2426 2532 2479 ὃτι
2570 2425 2651 2477 δεῖ
2701 2425 2878 2476 πᾶσαν
2923 2422 3092 2493 ὀργὴν
3144 2421 3513 2485 ἀποτίθεσθαι,
3565 2422 3732 2492 φησὶν
3773 2422 3824 2474 ὲν

2253 2521 2363 2582 τοῖς
2413 2515 2797 2585 Εὑαγγελίοιςο
2850 2532 2870 2565 ι
2915 2514 3037 2567 Ὅτι
3084 2515 3191 2577 πᾶς
3253 2514 3282 2565 ὁ
3352 2513 3700 2585 ὀργιζόμενος
3755 2513 3827 2582 τῷ

2256 2609 2465 2681 ἀδελφῷ
2506 2607 2666 2663 αὐτοῦ
2702 2607 2883 2677 ἔνοχος
2926 2606 3077 2660 ἔσται
3123 2607 3189 2678 τῇ
3237 2605 3433 2679 κρίσει.
3471 2626 3489 2657 ι
3527 2605 3686 2658 Οὕτω
3726 2604 3828 2677 γὰρ

2255 2700 2367 2754 τῶν
2391 2699 2742 2771 ἀντιγράφων
2783 2697 2851 2752 τὰ
2894 2697 3094 2769 ἀκριϐῆ
3131 2696 3401 2769 περιέχει·
3453 2697 3516 2749 τὸ
3544 2696 3654 2767 γὰρ
3692 2696 3826 2769 εἰκῆ,

2258 2791 2325 2843 ἐκ
2357 2788 2672 2860 προσθήκης
2717 2786 2873 2858 ἐτέθη
2894 2803 2908 2817 °
2938 2786 3032 2840 xui.
3073 2784 3230 2838 τοῦτο
3267 2785 3426 2855 δῆλον
3473 2786 3538 2839 ἐκ
3570 2785 3663 2839 τοῦ
3706 2803 3830 2857 προ-

2271 2881 2522 2951 κειμένου
2545 2879 2827 2951 λήμματος
2850 2877 2949 2947 τῆς
2981 2877 3220 2948 Γραφῆς.
3268 2877 3324 2930 ’0
3352 2876 3459 2949 γάρ
3503 2878 3704 2942 σκοπὸς
3742 2877 3829 2931 τοῦ

2261 2974 2464 3046 Κυρίου
2501 2971 2601 3043 τὴν
2637 2971 2809 3044 ῥίζαν,
2835 2970 2930 3023 καὶ
2965 2968 3056 3022 τὸν
3083 2967 3352 3039 σπινθῆρα
3391 2969 3492 3038 τῆς
3517 2968 3690 3040 ὀργῆς
3712 2971 3832 3023 ἁπο-

2263 3064 2479 3119 κόπτειν
2511 3065 2645 3117 πᾶσι
2668 3056 3060 3133 τρόποιςήμᾶς
3091 3059 3371 3130 βούλεται,
3412 3059 3507 3112 καὶ
3541 3061 3679 3131 μήτε
3713 3060 3834 3131 μίαν

2263 3156 2532 3227 πρόφασιν
2584 3154 2754 3227 ὀργῆς
2802 3156 2858 3206 ἐν
2916 3152 3097 3215 αὐτοῖς
3153 3149 3563 3220 διαφυλάττεινο
3622 3153 3709 3205 ἵνα
3766 3152 3833 3223 μὴ

2264 3245 2497 3315 εὐλόγως
2517 3243 2675 3316 δῆθεν
2707 3241 2806 3315 τὴν
2828 3240 2995 3313 ὀργήν
3019 3240 3347 3311 κινούμενοι,
3375 3238 3602 3311 ὕστερον
3635 3244 3702 3313 τῇ
3738 3258 3835 3312 μα-

2265 3338 2361 3411 sic;
2400 3335 2495 3391 τοῦ
2531 3336 2728 3404 ἀλόγου
2772 3331 2942 3405 θυμοῦ
2989 3331 3391 3403 περιπέσωμεν.
3443 3331 3556 3402 Τῆς
3589 3331 3647 3385 δὲ
3688 3334 3837 3387 νόσου

2266 3428 2469 3499 ταύτης
2514 3425 2694 3480 τελεία
2731 3421 2938 3495 ἰατρεία
2973 3422 3107 3493 αὐτή
3154 3423 3290 3485 ἐστι,
3326 3422 3413 3476 ῖνα
3447 3422 3839 3493 πιστεύσωμεν,

2264 3521 2345 3574 ὃτι
2372 3517 2495 3572 οὔτε
2532 3514 2625 3568 ἐπὶ
2659 3512 2903 3576 δικαίοις,
2929 3509 3051 3564 οὔτε
3086 3511 3178 3565 ἐπὶ
3214 3510 3437 3576 ἀδίκοις,
3474 3511 3686 3579 ἔξεστιν
3717 3513 3842 3585 ήμῖν

2266 3611 2434 3665 κινεῖν
2460 3607 2550 3659 τὸν
2580 3603 2771 3675 θυμόν.
2802 3600 2907 3656 Τοῦ
2939 3596 3045 3674 γὰρ
3075 3602 3378 3673 πνεύματος
3398 3603 3496 3672 τῆς
3516 3604 3691 3676 ὀργῆς
3718 3621 3838 3658 σκο.

2266 3704 2508 3762 τίσαντος
2544 3697 2643 3768 τὴν
2688 3694 2944 3775 διάνοιαν,
2993 3692 3116 3747 οὔτε
3172 3693 3494 3764 διακρίσεως
3538 3694 3679 3763 φῶς⁹
3723 3694 3843 3749 οὐτε

2264 3801 2395 3872 ἡμῖν
2431 3793 2801 3866 εὑρεθήσεται,
2850 3788 2975 3844 οὔτε
3014 3789 3139 3843 ναὸν
3186 3788 3281 3842 τοῦ
3328 3790 3483 3858 ἁγίου
3524 3789 3840 3861 Πνεύμιτος

601 3887 699 3958 τὴν
723 3887 993 3959 ήμετέραν
1014 3885 1189 3959 ψυχήν
1211 3886 1459 3954 γενέσθαι
1488 3887 1730 3953 δυνατὸν,
1757 3890 1849 3943 τοῦ
1883 3892 2187 3963 πνεύματος
2216 3892 2385 3966 ὀργῆς
2416 3886 2777 3960 κυριεύοντος.
2827 3882 2992 3946 Τέλος
3033 3880 3092 3934 δὲ
3130 3879 3344 3935 πάντων
3404 3881 3509 3953 χρὴ
3546 3882 3611 3934 τὸ
3655 3881 3841 3954 ἄδηλον

602 3981 696 4038 τοῦ
718 3982 949 4037 θανάτου
974 3982 1093 4035 καθ’
1109 3982 1343 4051 έκάστην
1366 3980 1578 4053 ήμέραν
1595 3984 1699 4055 πρὸ
1723 3985 2016 4057 ὀφθαλμῶν
2036 3988 2278 4059 ἔχοντας,
2313 3985 2597 4056 φυλάττειν
2652 3979 2879 4041 ἑαυτοὺς
2943 3976 3051 4030 ἀπὸ
3109 3976 3210 4047 τῆς
3248 3976 3437 4048 ὀργῆς,
3478 3979 3575 4031 καὶ¹
3622 3980 3835 4042 εἰδέναι,

604 4078 686 4130 ὅτι
729 4074 851 4129 οὔτε
901 4076 1150 4147 ἂσκησις,
1195 4074 1317 4127 οὔτε
1368 4077 1707 4147 σωφροσύνη,
1748 4077 1871 4131 οὔτε
1923 4081 2172 4150 ἀποταγὴ
2210 4082 2388 4150 πάσης
2417 4077 2569 4147 ὕλης,
2603 4072 2727 4127 οὗτε
2784 4069 2893 4123 τῶν
2921 4068 3182 4139 νηστειῶν
3218 4069 3309 4121 καὶ
3351 4070 3673 4141 ἀγρυπνιῶν
3730 4072 3850 4140 δφε·

605 4168 695 4233 λος
718 4173 850 4241 ἡμῖν
874 4168 1042 4232 ἔσται,
1068 4170 1183 4233 ἐὰν,
1221 4169 1326 4223 ὑπὸ
1382 4172 1552 4243 ὀργῆς
1620 4175 1712 4226 καὶ
1736 4173 1923 4244 piceo;
1953 4176 2323 4247 κατεχόμενοι,
2352 4173 2523 4242 ἔνοχοι
2558 4167 2868 4240 εὑρεθῶμεν
2925 4166 2990 4235 τῇ
3023 4162 3219 4234 κρίσει·
3244 4157 3351 4227 Ἧς
3400 4164 3731 4236 ρυσθείημεν
3769 4164 3852 4236 χά-

611 4277 718 4336 ριτι
739 4261 837 4315 τοῦ
876 4262 1079 4333 Κυρίου
1119 4265 1277 4334 ήμῶν
1310 4267 1483 4339 Ἰησοῦ
1514 4270 1769 4339 Χριστοῦ,
1874 4273 1908 4342 ή
1948 4271 2073 4335 δόξα
2106 4274 2186 4336 είς
2223 4272 2350 4333 τοὺς
2373 4267 2576 4328 αἰῶνας
2603 4264 2713 4318 τῶν
2741 4260 2971 4316 αἰώνων.

682 4375 844 4448 326
875 4378 925 4433 5.
944 4379 1053 4452 (18)
1072 4379 1329 4446 Quintum
1344 4383 1501 4443 nobis
1523 4394 1607 4441 est
1621 4396 1895 4440 certamen
1912 4386 2180 4444 adversus

613 4469 867 4537 spiritum
921 4470 1185 4537 tristitiae,
1239 4475 1330 4544 qui
1365 4477 1601 4531 animam
1643 4478 1901 4532 obscurat
1933 4488 2177 4534 nostram

2353 4384 2405 4439 5.
2434 4384 2688 4453 Πέμπτος
2714 4381 2847 4450 ἡμῖν
2892 4380 3039 4431 ἐστιν
3070 4374 3218 4443 ἀγὼν
3262 4375 3404 4429 κατά
3430 4374 3523 4428 τοῦ
3551 4377 3852 4445 πνεύματος

2277 4477 2385 4547 τῆς¹
2429 4474 2622 4542 λύπης.
2668 4469 2761 4524 τοῦ
2800 4468 3209 4531 ἐπισκοτοῦντος
3246 4469 3311 4537 τῇ
3355 4466 3500 4537 ψυχῇ
3534 4466 3643 4519 ἀπὸ
3679 4467 3852 4534 πάσης

612 4569 673 4615 ut
722 4562 855 4617 nulli
904 4565 1078 4633 possit
1128 4567 1398 4636 spirituali
1453 4571 1896 4639 contemplationi
1945 4586 2159 4633 vacare1

2277 4559 2647 4633 πνευματικῆς
2678 4557 2929 4629 θεωρίας,
2956 4557 3050 4610 καὶ
3080 4555 3375 4618 κωλύοντος
3406 4554 3574 4624 αὐτὴν
3614 4555 3722 4608 ἀπὸ
3758 4556 3855 4608 πά-

613 4652 941 4725 cohibetque
990 4655 1133 4710 illam
1180 4658 1248 4712 ab
1276 4659 1425 4714 omni
1456 4659 1599 4714 bono
1628 4675 1810 4729 opere.
1845 4660 1980 4713 Cum
2029 4660 2173 4714 enim

615 4760 816 4815 pravus
844 4746 933 4801 ille
964 4748 1189 4817 spiritus
1220 4750 1455 4804 animam
1507 4750 1923 4820 apprehenderit
1975 4756 2177 4802 tutant-

616 4852 721 4905 que
755 4837 1125 4893 obscuraverit
1146 4878 1161 4904 ,
1212 4855 1319 4894 non
1355 4856 1545 4910 preces
1576 4856 1700 4894 cum
1739 4840 2021 4894 alacritate
2053 4839 2178 4893 iun-

618 4929 747 4983 dere
770 4928 1040 4993 concedit,
1066 4945 1173 4984 non
1204 4930 1258 4984 in
1294 4945 1575 4985 sacrarum
1598 4931 1888 4985 lecticarum
1914 4930 2181 5001 capienda

617 5023 853 5077 utilitate
884 5037 1101 5087 vacare,
1131 5038 1239 5078 non
1272 5022 1539 5078 fratribus
1566 5031 1908 5076 mansuetum
1947 5032 1999 5076 et
2029 5037 2187 5077 com-

617 5115 840 5169 modum
870 5130 991 5170 esse
1025 5114 1154 5171 sinit
1188 5132 1202 5168 :
1242 5114 1427 5168 odium
1455 5115 1631 5169 omnis
1662 5114 1806 5168 circa
1842 5128 2007 5183 opera
2058 5121 2180 5167 stu-

2281 4670 2381 4726 σης
2417 4651 2626 4722 ἀγαθῆς
2672 4648 2954 4721 ἐργασίας.
2979 4648 3145 4701 Ὅταν
3190 4646 3297 4719 γάρ
3329 4647 3390 4699 τὸ
3424 4648 3662 4718 πονηρὸν
3708 4646 3857 4700 τοῦτο

2283 4742 2499 4813 πνεῦμα
2543 4739 2932 4814 περιδράξηται
2985 4737 3086 4809 τῆς
3132 4736 3330 4809 ψυχῆς,
3372 4736 3465 4790 καὶ
3514 4736 3645 4807 ὃλην
3696 4736 3858 4806 αὐτὴν

2285 4833 2553 4906 σκοτώσῃ,
2584 4833 2684 4885 οὐκ
2725 4830 2890 4900 εὐχὰς
2930 4828 3164 4883 ἐκτελεῖν
3215 4827 3351 4898 μετά
3390 4828 3702 4899 προθυμίας
3738 4843 3861 4894 συγ-

2286 4926 2475 4995 χωρεῖ,
2508 4923 2569 4976 οὐ
2594 4923 2701 4975 τῶν
2730 4921 2890 4993 ιερῶν
2918 4919 3351 4989 ἀναγνωσμάτων
3395 4919 3461 4988 τῇ
3503 4917 3741 4988 ὠφελείᾳ.
3772 4918 3862 4985 ἐγ-

2286 5017 2592 5087 καρτερεῖν,
2624 5015 2797 5083 πρᾶον
2822 5013 2916 5067 καὶ
2953 5012 3350 5081 εὐκατάμικτον
3390 5008 3527 5081 πρὸς
3553 5009 3682 5072 τοὺς
3710 5007 3861 5062 ἀδελ-ν

2287 5107 2419 5175 φοὺς
2443 5101 2583 5159 εἶναι
2615 5105 2681 5159 οὐ,
2709 5107 2999 5176 συγχωρεῖ,
3024 5103 3117 5157 καὶ
3167 5102 3302 5174 πρὸς
3347 5100 3526 5154 πάντα
3553 5101 3665 5155 τῶν
3692 5101 3862 5172 ἔργων

621 5204 736 5265 alii,
796 5204 1077 5275 ipsiusque
1132 5203 1257 5258 vita:
1306 5202 1661 5274 professionis
1721 5203 1985 5274 suggerit.
2041 5200 2159 5255 Dun

2284 5196 2355 5250 τά
2378 5194 2800 5267 ἐπιτηδεύματα,
2832 5194 2926 5247 καὶ
2949 5194 3082 5265 πρὸς
3119 5192 3284 5262 αὐτὴν
3310 5190 3401 5243 τοῦ
3437 5189 3553 5260 βίου
3576 5189 3675 5263 τὴν
3698 5192 3864 5256 ἐπαγ·

622 5294 808 5348 amnia
839 5293 1071 5363 denique
1107 5292 1369 5347 salutaria
1404 5291 1597 5344 animae
1642 5290 1866 5345 consilia
1898 5285 2157 5343 confundi

2289 5284 2474 5354 γελίαν
2506 5290 2661 5359 μῖσος
2698 5288 2932 5358 ἐμποιεῖ.
2964 5286 3072 5339 Καὶ
3121 5284 3299 5338 πάντα
3346 5282 3536 5347 ἀπλῶς
3572 5283 3643 5337 τὰ
3689 5299 3861 5351 σωτησ

627 5387 847 5441 tristitia
876 5424 894 5450 .
959 5386 1187 5457 ejusque
1243 5383 1551 5438 ﬁrmitatem
1614 5396 1678 5436 ac
1738 5378 2159 5451 perseverantiar

2292 5374 2458 5447 ριώδη
2504 5377 2843 5450 βουλεύματα
2878 5377 2976 5449 τῆς
2997 5377 3173 5447 ψυχῆς
3201 5378 3234 5447 ή
3262 5374 3405 5447 λύπη
3456 5377 3735 5448 συγχέασα
3776 5373 3867 5430 καὶ

628 5478 809 5545 solvit,
838 5480 997 5549 quasi
1045 5477 1268 5534 stultam
1302 5475 1450 5530 illam
1489 5481 1543 5528 et
1569 5471 1855 5527 attonitam
1887 5468 2046 5526 eliicit
2072 5509 2086 5536 ,
2127 5482 2157 5523 ιι

2290 5469 2389 5523 τὴν
2427 5470 2683 5526 εὐτονίαν.
2709 5471 2900 5543 αὐτῆς,
2929 5470 3022 5524 καὶ
3062 5467 3353 5540 καρτερίαν
3382 5469 3766 5541 παραλύσασα,
3792 5465 3868 5534 ὡς

698 5633 743 5666 ⁸³
784 5631 937 5687 Rom.
972 5648 1046 5693 ιι,
1083 5631 1170 5685 15.
1246 5630 1291 5663 ⁸¹
1330 5627 1499 5683 Matth
1557 5644 1608 5695 ν,
1641 5625 1730 5682 22.

732 5788 816 5855 ιο)
851 5787 987 5849 tum,
1020 5804 1070 5840 c.
1104 5786 1194 5840 εστ.

701 5790 820 5936 (£7)
856 5857 987 5914 Ibid.
1017 5873 1067 5912 c.
1090 5856 1180 5911 τι.

732 5788 816 5855 ιο)
851 5787 987 5849 tum,
1020 5804 1070 5840 c.
1104 5786 1194 5840 εστ.

727 5858 820 5931 17)
856 5857 987 5914 Ibid.
1017 5873 1067 5912 c.
1090 5856 1180 5911 τι.

2369 5775 2482 5848 (18)
2506 5774 2637 5832 lbid.
2675 5775 2711 5828 ι.
2743 5789 2816 5840 is,
2852 5789 2900 5829 c.
2938 5772 2984 5828 l.
