4050 6396
260 369 361 425 897

1370 367 1709 436 ειιιετοιᾼ
1749 363 1794 419 ιι
1832 359 1921 413 Al)
1959 360 2345 417 cas'rontzu.

3404 364 3509 423 808

261 486 459 554 ἄφρονα
493 480 684 556 αὐτὴν,
712 486 807 541 καὶ
834 487 1170 558 παραπλῆγα
1196 488 1588 560 ἀπεργάζεται.
1627 488 1708 558 τῷ
1738 486 1840 557 τῆς

1953 484 2166 539 demum
2220 500 2343 540 eam
2410 483 2813 555 desperationis
2889 480 3223 551 cngitatione
3312 481 3505 553 illigat.

260 576 615 646 ἀπογνώσεως
680 579 864 632 λοιπὸν
907 579 1175 651 ἐνδήσασα
1213 580 1477 652 λογισμῷ.
1530 579 1629 634 Διά
1680 579 1837 633 τοῦτο

259 660 332 728 εἷς
361 664 563 729 σκοπὸς
594 668 728 736 ἡμῖν
758 665 899 720 ἔστω
930 666 1299 735 ἀγωνίσασθαι
1335 669 1427 721 τὸν
1472 669 1837 739 πνευματικὸν

259 756 460 826 ἀγῶνα,
499 759 598 812 καὶ
622 759 842 829 νικῆσαι
866 760 962 813 σὺν
989 759 1108 830 Θεῴ
1134 761 1201 814 τὰ
1238 760 1522 832 πνεύματα
1548 765 1645 833 τῆς
1676 780 1839 834 πονη-

260 850 397 920 ρίας,
418 851 513 903 καὶ
538 849 689 920 πάσῃ
718 850 931 922 φυλακῇ
964 851 1202 922 τηρῆσαι
1228 852 1326 923 τὴν
1364 852 1571 906 ἑαυτῶν
1603 855 1836 924 καρδίαν

259 941 361 995 ἀπὸ
384 940 479 994 τοῦ
510 940 819 1011 πνεύματός
847 945 949 1014 τῆς
979 942 1173 1015 λύπης.
1213 944 1422 1016 Ὥσπερ
1445 945 1554 1016 γὰρ
1584 946 1682 1017 σὴς
1717 947 1841 1016 ἱμά-

258 1049 386 1095 τιον,
420 1035 516 1085 καὶ
564 1032 781 1104 σκώληξ
807 1034 985 1100 ξύλον,
1009 1034 1183 1099 οὕτως
1221 1036 1255 1106 η
1303 1035 1447 1106 λύπη
1484 1037 1584 1108 τὴν
1611 1036 1704 1090 τοῦ
1741 1039 1840 1090 ἀν-

259 1119 475 1192 θρώπου
502 1120 681 1192 ψυχὴν
708 1121 1000 1187 κατεσθίει,
1034 1123 1300 1176 ἐκκλίνειν
1349 1124 1613 1180 πείθουσα
1659 1126 1840 1179 πᾶσαν

259 1211 464 1282 ἀγαθὴν
510 1212 818 1283 συντυχίαν,
852 1212 947 1267 καὶ
986 1214 1107 1267 οὑδὲ
1148 1214 1298 1287 παρά
1343 1214 1451 1268 τῶν
1486 1216 1723 1287 γνησίων
1751 1215 1844 1285 φί-

258 1305 361 1357 λων
387 1304 547 1371 λόγον
594 1305 923 1375 συμϐουλίας
973 1305 1222 1376 δέχεσθαι
1282 1307 1659 1379 συγχωροῦσα,
1708 1308 1834 1362 οὑδὲ

258 1394 495 1468 χρηστὴν
528 1395 816 1467 ἀπόκρισιν
846 1395 879 1465 ἢ
911 1396 1187 1467 εἰρηνικὴν
1234 1396 1606 1469 ἐπιτρέπουσα
1633 1398 1842 1463 τούτοις

262 1486 575 1557 μεταδοῦναι
595 1504 608 1517 ⁸
634 1487 769 1540 ἀλλὰ
796 1487 975 1541 πᾶσαν
991 1488 1090 1559 τὴν
1112 1487 1288 1560 ψυχὴν
1314 1490 1591 1554 θλίϐουσα,
1613 1492 1842 1563 πικρίας

260 1576 427 1647 αὐτὴν
490 1578 584 1630 καὶ
634 1576 865 1648 ἀκηδίας
907 1577 1136 1649 πληροῖ·
1193 1579 1286 1632 καὶ
1327 1578 1510 1633 λοιπὸν
1558 1579 1845 1634 ὑποϐάλλει

270 1667 438 1739 αὑτὴν
492 1667 714 1739 φεύγειν
756 1670 882 1732 τοὺς
941 1668 1279 1742 ἀνθρώπους,
1333 1669 1409 1735 ὡς
1457 1669 1661 1734 αἰτίους
1708 1672 1843 1743 αὐτῇ

1941 575 2051 646 (l9)
2086 574 2430 646 Quapropter
2460 593 2602 632 unus
2654 578 2814 632 nobis
2845 577 2916 632 sit
2949 593 3173 647 scopus.
3225 574 3510 647 spirituale

1937 677 2213 723 certamen
2235 676 2465 732 certare,
2490 669 2716 740 spiritus
2731 670 2984 739 nequitiae
2998 684 3120 723 cum
3140 668 3247 723 Deo
3272 669 3506 731 vincere.

1939 768 1994 813 et
2033 759 2181 812 omni
2214 759 2464 815 custodia
2517 776 2615 816 cor
2672 770 2920 817 nostrum
2973 775 3192 816 servare
3242 775 3275 815 a
3311 762 3510 830 spiritu

1901 846 1908 853 ’
1939 850 2177 905 tristitia:
2209 851 2276 908 ⁸³.
2310 851 2779 918 Quemadmodum
2822 855 2965 909 enim
3029 854 3171 908 tinea
3218 855 3513 908 vestimen-

1940 946 2091 1004 tum,
2145 948 2202 995 et
2248 943 2450 998 vermis
2483 944 2723 1011 lignum,
2762 943 2837 998 ita
2877 944 3097 999 tristitia
3136 943 3377 998 corrodit
3414 943 3512 997 ho-

1941 1028 2105 1085 minis
2135 1031 2391 1093 anianam,
2422 1032 2550 1087 dum
2581 1034 2774 1089 suadet
2805 1035 2883 1088 illi
2934 1043 2991 1088 ut
3037 1034 3106 1088 ab
3145 1034 3295 1088 omni
3341 1036 3512 1103 probo

1941 1122 2220 1175 consortio
2251 1122 2505 1186 declinet,
2554 1140 2732 1195 neque
2758 1124 3007 1181 concedit
3048 1127 3129 1180 illi
3180 1135 3239 1181 ut
3287 1142 3316 1181 a
3366 1128 3515 1183 veris

1942 1210 2136 1265 amicis
2165 1213 2457 1267 consilium
2491 1215 2761 1289 accipiat,
2820 1232 2922 1273 nec
2970 1225 3030 1273 ut
3061 1218 3247 1272 mitem
3277 1227 3333 1274 et
3362 1219 3511 1289 paci-

1944 1297 2099 1353 ficam
2133 1302 2544 1369 responsionem
2580 1303 2671 1359 det
2716 1305 2890 1374 ipsis;
2930 1305 3026 1360 sed
3082 1309 3321 1360 animam
3374 1322 3512 1362 coa-

1944 1391 2130 1445 turbat
2190 1399 2392 1458 totam,
2443 1395 2665 1451 tristitia
2718 1406 2775 1452 et
2827 1397 3037 1453 incuria
3081 1401 3295 1470 replet:
3351 1409 3514 1469 atque

1944 1479 2162 1539 demum
2191 1481 2383 1537 suadet
2432 1493 2488 1539 ut
2543 1484 2713 1556 fugiat
2739 1486 2810 1541 ab
2836 1487 3173 1555 hominibus,
3204 1491 3358 1559 quasi
3406 1492 3513 1547 sibi

1946 1571 2001 1626 in
2031 1587 2198 1627 causa
2249 1572 2455 1629 fuerint
2495 1576 2961 1645 perturbationis:
3009 1594 3185 1648 neque
3214 1580 3345 1634 sinit
3392 1597 3511 1635 eam

1946 1678 2264 1734 agnoscere.
2291 1680 2401 1721 non
2434 1668 2677 1722 exterius
2719 1668 2817 1726 sed
2861 1669 3092 1725 interius
3135 1670 3514 1741 aegritudinem

259 1758 356 1828 τῆς
411 1757 657 1828 ταραχῆς
700 1756 1054 1828 γενομένους·
1110 1759 1206 1812 καὶ
1237 1759 1299 1813 οὑ
1352 1762 1624 1831 συγχωρεῖ
1676 1760 1845 1829 αὐτὴν

1953 1772 2069 1813 esse
2125 1760 2306 1824 sitam,
2357 1775 2478 1830 qua:
2530 1768 2661 1815 tunc
2724 1771 2968 1832 apparet,
3024 1779 3147 1819 cum
3203 1764 3517 1834 ingruenles

260 1822 689 1917 ἐπιγνῶναι-,δτι
711 1822 1061 1915 οὑκ-ἔξωθεν,
1105 1850 1218 1903 ἀλλ’
1253 1822 1596 1920 ἔνδοθενῃεχει
1634 1850 1732 1923 τὴν
1764 1822 1849 1905 νό-

1953 1822 2299 1907 ιοιιῑιιιὶθιιεεν
2355 1822 2949 1922 experimento-illam
3005 1856 3184 1925 palam
3259 1822 3510 1914 vfaciunt.

262 1958 351 1994 σον
373 1939 763 2013 ἀποκειμένην,
784 1942 920 2011 ’ἥτις
952 1942 1074 1995 τότε
1115 1942 1463 2015 φανεροῦται,
1487 1943 1615 1997 ὅταν
1640 1945 1691 1997 οἱ
1726 1961 1849 1998 πει-

263 2032 460 2104 ρασμο“ι⁵
493 2033 812 2096 ἐπιστάντες
843 2032 931 2086 διὰ
958 2033 1058 2104 τῆς
1081 2034 1388 2103 γυμνασίας
1412 2035 1492 2097 εἰς
1521 2033 1582 2087 τὺ
1608 2035 1850 2106 ἐμφανὲς

261 2123 429 2194 αὑτὴν
465 2123 891 2195 προενέγκωσιν.
926 2123 1191 2178 Οὐδέποτε
1228 2124 1336 2197 γὰρ
1380 2126 1486 2178 ὑπὸ
1531 2126 1692 2181 ἄλλου
1724 2125 1852 2196 βλα-

262 2213 489 2287 ϐήσεται
542 2213 875 2285 ἄνθρωπος
910 2217 959 2267 εἰ
1001 2214 1074 2285 μὴ
1104 2214 1312 2270 ἔνδοθεν
1339 2217 1708 2290 ἀποκειμένην
1739 2220 1851 2290 ἔχει

261 2308 356 2377 τὴν
384 2306 563 2368 νόσον,
595 2308 714 2378 ἦτοι
761 2308 861 2371 τὰς
903 2308 1011 2362 τῶν
1053 2307 1238 2362 παθῶν
1276 2308 1476 2373 αἰτίας,
1522 2311 1615 2363 καὶ
1661 2311 1851 2366 τούτου

261 2399 421 2471 χάριν
459 2401 488 2452 ὁ
523 2399 740 2452 πάντων
777 2400 1105 2474 δημιουργὸς
1146 2402 1242 2454 καλ⁸
1287 2401 1470 2474 ίατρδς
1513 2402 1623 2456 τῶν
1664 2403 1852 2475 ψυχῶν

262 2492 415 2555 Θεὸς,
448 2494 543 2546 καὶ
573 2494 733 2563 μόνος
756 2493 1116 2562 ἐπιστάμενος
1138 2493 1207 2547 τὰ
1234 2494 1528 2565 τραύματα
1557 2496 1658 2567 τῆς
1674 2496 1852 2568 ψυχῆς

265 2584 529 2657 ἀκριϐῶς,
558 2585 619 2637 οὑ
649 2583 747 2648 τὰς
767 2583 873 2637 τῶν
904 2584 1001 2637 ἀνθ
1011 2582 1204 2652 ρώπων
1230 2582 1513 2656 διατριϐὰς
1535 2586 1851 2657 παραγγέλ-

264 2678 343 2729 λει
393 2676 847 2746 καταλιμπάνειν,
894 2675 1030 2728 ἀλλά
1078 2674 1175 2739 τὰς
1225 2677 1283 2728 ὲν
1333 2678 1465 2747 ἡμῖν
1504 2676 1606 2747 τῆς
1652 2677 1853 2741 κακίας

265 2768 552 2821 ἐκκόπτειν
580 2766 781 2829 αἰτίας,
820 2764 1109 2833 γινώσκων
1158 2763 1258 2835 τὴν
1302 2765 1481 2819 αἰτίαν
1530 2766 1629 2836 τῆς
1678 2764 1854 2837 ψυχῆς

266 2862 458 2928 ὑγείας
486 2860 588 2914 οὑκ
636 2860 697 2912 ὲν
733 2857 811 2929 τῷ
856 2856 1118 2930 χωρισμῷ
1162 2856 1272 2909 τῶν
1315 2855 1613 2928 ἀνθρώπων
1656 2873 1855 2927 κατορσ

269 2951 517 3014 θοῦσθαι,
559 2950 674 3004 ἀλλ’
711 2952 769 3002 ὲν
798 2952 865 3021 τῇ
913 2948 1022 3002 τῶν
1062 2946 1363 3019 ἀνθρώπων
1394 2947 1731 3018 συνδιαγωγῇ
1766 2948 1856 3001 καὶ

268 3044 572 3114 γυμνασία.
622 3042 790 3095 Ὅταν
839 3040 1016 3094 τοίνυν
1066 3039 1152 3093 διὰ
1199 3055 1349 3102 τινας
1394 3037 1650 3107 εὐλόγους
1698 3037 1857 3109 δῆθεν

1949 1940 2064 2013 (20)
2091 1939 2375 2014 Nunquam
2404 1945 2550 2000 enim
2578 1946 2740 2001 homo
2761 1947 3067 2002 Imdeturah
3095 1950 3222 2015 alio,
3244 1949 3345 2005 nisi
3373 1957 3521 2004 intus

1951 2031 2119 2087 situm
2157 2033 2356 2090 habeat
2386 2037 2659 2098 morbum.
2688 2038 2895 2094 scilicet
2930 2040 3244 2109 passionum
3274 2055 3470 2097 causas
3501 2060 3516 2094 :

1949 2139 2072 2195 quae
2120 2140 2286 2180 causa
2316 2135 2400 2183 est
2439 2128 2581 2197 quod
2625 2130 2868 2183 omnium
2898 2130 3077 2200 opifex
3108 2144 3162 2185 et
3212 2133 3518 2187 animarum

1952 2216 2199 2271 medicus
2226 2215 2391 2278 Deus.
2432 2219 2524 2288 qui
2560 2220 2711 2277 solus
2747 2221 2917 2290 probe
2945 2228 3000 2275 et
3038 2230 3296 2275 accurate
3323 2223 3520 2277 anima:

1950 2310 2177 2363 vulnera
2224 2310 2395 2374 novit,
2424 2326 2532 2364 non
2567 2311 2846 2365 hominum
2886 2315 3162 2368 consortia
3214 2314 3522 2384 relinquere

1953 2400 2251 2470 praecipiat,
2283 2400 2378 2456 sed
2413 2402 2629 2456 malitiae
2660 2417 2859 2459 causas
2889 2403 2943 2457 in
2984 2405 3144 2458 nubis
3172 2405 3519 2466 exscindere.

1952 2506 2157 2560 gnarus
2184 2506 2403 2547 causam
2430 2492 2683 2549 sanitatis
2723 2494 2920 2548 animae
2953 2510 3061 2549 non
3091 2495 3147 2549 in
3174 2498 3523 2566 separatione

1953 2581 2023 2635 ab
2053 2581 2365 2637 hominibus
2396 2583 2661 2646 obtineri,
2712 2582 2808 2638 sed
2843 2584 2898 2638 in
2934 2587 3354 2645 conversatione
3394 2603 3520 2643 cum

1954 2672 2262 2728 hominibus
2320 2682 2374 2728 et
2431 2674 2487 2728 in
2539 2675 2943 2730 exercitatione.
3019 2675 3154 2730 Cum
3218 2677 3403 2748 itaque
3447 2682 3521 2733 ob

1953 2772 2351 2821 consentaneas
2377 2766 2639 2836 quasdam
2680 2769 2997 2823 occasiones
3031 2770 3227 2825 fratres
3258 2771 3520 2841 relinqui-

1955 2870 2098 2918 mus,
2132 2870 2474 2925 nequaquam
2523 2856 2763 2913 tristitia:
2792 2859 3109 2919 occasiones
3153 2861 3521 2928 praecidimus.

1956 2945 2050 3000 sed
2079 2947 2254 3002 solum
2284 2948 2742 3003 commutat-imus
2772 2964 2887 3013 eas,
2918 2951 3110 3004 morbo
3140 2951 3347 3006 scilicet
3376 2951 3524 3007 intus

1958 3036 2134 3106 posito
2158 3050 2252 3092 eas
2282 3052 2379 3105 pro
2407 3052 2591 3093 rerum
2612 3037 2924 3095 conditione
2945 3034 3217 3096 movente.
3246 3040 3356 3113 (ει)
3386 3041 3529 3109 Qua-

271 3137 577 3209 προφάσεις
620 3135 747 3196 τοὺς
794 3132 1054 3202 ἀδελφοὺς
1093 3130 1612 3202 καταλιμπάνωμεν,
1650 3131 1713 3183 οὑ
1757 3129 1853 3194 τὰς

1963 3138 2182 3198 propter
2229 3136 2419 3184 contra
2481 3129 2769 3186 interiores
2839 3133 3123 3201 passiones
3182 3140 3355 3186 totum
3415 3150 3519 3188 no-

269 3229 373 3297 τῆς
401 3227 581 3297 λύπης
606 3224 859 3296 ἀφορμὰς
886 3223 1241 3294 ἐξεκόψαμεν,
1271 3222 1406 3276 ἀλλά
1442 3223 1599 3293 μόνον
1632 3222 1856 3293 ἐνηλλά-

272 3320 445 3390 ξαμεν
494 3317 663 3381 αὑτὰς
706 3317 806 3385 τῆς
857 3313 1282 3385 ὲναποκειμένης
1328 3313 1472 3366 ἔνδον
1522 3312 1675 3366 νόσου
1701 3354 1716 3377 ,
1764 3314 1859 3367 καὶ

270 3410 485 3464 dte-:0...
517 3406 859 3478 πραγμάτων
905 3403 1112 3466 ταύτας
1155 3402 1535 3472 ἀνακινούσης.
1575 3402 1675 3456 Διά
1704 3403 1860 3456 τοῦτο

273 3502 420 3557 κατά
477 3500 586 3554 τῶν
641 3497 851 3553 ἔνδοθεν
901 3496 1087 3550 παθῶν
1130 3496 1274 3558 ἄπας
1322 3496 1454 3566 ἡμῖν
1496 3495 1635 3549 ἔστω
1682 3498 1711 3548 ὁ
1764 3496 1861 3549 πό-

271 3595 463 3665 λεμος.
512 3592 732 3645 Τούτων
782 3589 892 3660 γὰρ
945 3588 1033 3643 διὰ
1088 3588 1188 3658 τῆς
1240 3588 1333 3640 τοῦ
1388 3587 1522 3640 Θεοῦ
1574 3589 1860 3660 συνεργίας

273 3683 690 3755 ἐκϐληθέντων,
739 3681 802 3734 οὑ
854 3680 996 3748 λέγω
1044 3678 1184 3749 μετά
1224 3674 1545 3748 ἀνθρώπων,
1591 3676 1727 3730 ἀλλά
1766 3678 1861 3731 καὶ

279 3780 420 3850 μετὰ
458 3775 663 3847 θηρίων
704 3772 940 3834 εὐκόλως
985 3767 1454 3840 συνδιατρῖψομεν.
1486 3767 1628 3820 κατὰ
1664 3769 1724 3821 τὸ
1758 3769 1862 3822 ὑπὸ

274 3869 369 3922 τοῦ
422 3865 694 3938 μακαρίου
733 3862 853 3916 ’1ὼὸ
906 3859 1222 3932 εἰρημένονο
1271 3878 1288 3909 ι
1335 3857 1513 3928 Θῆρες
1566 3858 1747 3929 ἄγριοι
1787 3861 1863 3917 εἰς

278 3957 601 4030 ρηνεύσουσί
642 3973 744 4008 σοι.
784 3974 804 4006 ι
836 3950 1266 4025 Προηγουμένως
1313 3950 1491 4004 τοίνυν
1541 3950 1865 4019 ἀγωνιστέον

274 4051 421 4106 κατά
463 4050 559 4102 τοῦ
593 4048 901 4117 πνεύματος
931 4045 1032 4114 τῆς
1062 4043 1255 4113 λύπης,
1287 4040 1380 4095 τοῦ
1423 4041 1710 4111 βάλλοντος
1766 4043 1865 4112 τὴν

271 4143 457 4213 ψυχὴν
495 4144 575 4205 εἰς
617 4138 947 4207 ἀπόγνωσιν,
977 4137 1124 4197 ὅπως
1168 4132 1530 4203 ἀπελάσωμεν
1574 4131 1733 4186 τοῦτο
1768 4134 1866 4204 τῆς

272 4231 555 4304 ἡμετέρας
603 4227 849 4299 καρδίας.
882 4225 1051 4278 Τοῦτο
1089 4223 1195 4296 γὰρ
1236 4221 1327 4275 τὸν
1364 4221 1506 4294 Κάῖν
1532 4223 1594 4275 οὑ
1635 4223 1869 4293 συνεχώ-

279 4343 413 4400 ρησε
456 4323 594 4394 μετά
634 4321 732 4392 τὴν
769 4317 1180 4387 ἀδελφοκτονίαν
1228 4315 1552 4385 μετανοῆσαι
1571 4354 1586 4378 ,
1626 4314 1747 4368 οὔτε
1776 4315 1868 4368 τὸν

286 4417 491 4473 Ἰούδαν
547 4414 685 4487 μετά
732 4412 828 4483 τὴν
885 4409 979 4464 τοῦ
1032 4408 1298 4463 Δεσπότου
1350 4407 1657 4478 προδοσίαν.
1698 4408 1870 4461 Ἑκεί-

1961 3217 2045 3273 bis
2088 3219 2159 3274 sit
2209 3219 2428 3275 bellum.
2477 3221 2550 3275 lis
2589 3222 2733 3277 enim
2764 3221 2856 3277 Dei
2891 3223 3096 3277 auxilio
3124 3223 3314 3293 ejectis
3340 3263 3355 3287 ,
3415 3240 3526 3279 non

1961 3308 2085 3365 dico
2111 3324 2234 3364 cum
2269 3310 2604 3368 hominibus.
2647 3312 2741 3368 sed
2790 3327 2914 3366 cum
2975 3313 3104 3369 feris
3145 3316 3307 3369 etiam
3369 3314 3530 3372 facile

1960 3398 2241 3469 degemus.
2267 3400 2425 3471 juxta
2471 3401 2605 3456 illud
2639 3402 2780 3457 beati
2816 3400 2936 3456 Jobi
2975 3402 3224 3458 dictum:
3274 3421 3294 3453 ι
3330 3403 3532 3458 ana-

1961 3505 2060 3546 nes
2112 3488 2239 3546 fera:
2288 3507 2474 3561 pacem
2522 3500 2699 3548 tecum
2753 3493 3028 3548 habebunt
3059 3494 3127 3548 “.
3174 3513 3195 3546 ι
3245 3494 3303 3548 In
3336 3496 3528 3564 primis

1963 3581 2131 3647 igitur
2164 3582 2514 3653 pugnandum
2569 3591 2758 3637 contra
2816 3584 3066 3652 spiritum
3122 3584 3394 3647 tristitiae,
3431 3585 3528 3656 qui

1963 3673 2202 3726 animam
2233 3673 2456 3741 coniicit
2500 3671 2555 3726 in
2593 3672 3060 3741 desperationem;
3099 3680 3159 3726 ut
3187 3672 3435 3747 (malum)
3462 3674 3531 3727 il-

1964 3764 2057 3821 lud
2086 3780 2154 3817 ex
2190 3764 2355 3818 corde
2382 3771 2574 3818 nostro
2598 3765 2881 3833 pellamus.
2916 3765 3048 3819 illud
3086 3766 3230 3820 enim
3259 3781 3368 3819 non
3400 3766 3530 3822 sivit

1963 3854 2194 3909 Cainum
2221 3860 2345 3923 post
2374 3852 2560 3907 fratris
2588 3853 2788 3908 caedem
2813 3853 3097 3923 pmnltere,
3130 3869 3307 3924 neque
3332 3853 3529 3911 ludam

1965 3956 2090 4018 post
2135 3945 2347 3999 Domini
2397 3943 2780 4014 proditionem.
2823 3945 2952 3999 Eam
3005 3945 3176 4001 solam
3229 3947 3526 4003 habeamus

1966 4037 2264 4100 tristitiam,
2296 4052 2417 4107 quae
2459 4037 2829 4106 pmnitentiam
2870 4045 3214 4106 peccatorum
3262 4039 3528 4112 respicit,

1966 4145 2092 4185 cum
2122 4130 2262 4183 bona
2291 4144 2388 4198 spe
2413 4129 2785 4197 conjunctam,
2810 4136 2863 4183 et
2891 4136 3012 4197 qua:
3031 4128 3333 4184 caelestium
3359 4118 3533 4185 hono-

1968 4237 2091 4276 rum
2112 4222 2512 4291 possessionem
2541 4219 2826 4287 conciliat;
2863 4219 2930 4274 de
2968 4234 3077 4290 qua
3114 4219 3254 4276 dixit
3297 4220 3533 4291 Aposto-

1969 4315 2088 4370 lus:
2126 4333 2145 4365 ι
2175 4314 2306 4379 Quae
2333 4312 2633 4369 secundum
2666 4311 2831 4367 Deum
2862 4313 3086 4367 tristitia
3129 4323 3215 4367 est
3253 4312 3299 4345 ³⁸
3331 4332 3350 4366 ι
3396 4352 3413 4368 .
3449 4352 3468 4368 .
3515 4355 3530 4369 .

1969 4405 2045 4460 Ea
2105 4406 2286 4475 itaque
2325 4406 2546 4458 tristitia
2596 4418 2718 4474 quae
2754 4404 3088 4473 poenitentia:
3131 4419 3229 4475 spe
3280 4404 3376 4458 alit
3414 4406 3535 4460 ani-

273 4531 375 4585 νην
613 4509 714 4579 τὴν
744 4506 920 4577 λύπην
946 4504 1297 4573 ἀσκήσωμεν,
1337 4502 1435 4572 τὴν
1482 4500 1575 4554 ἐπὶ
1604 4502 1671 4571 τῇ
1707 4517 1853 4571 μετα¹

1969 4512 2151 4560 mam,
2205 4495 2406 4566 gaudio
2463 4496 2748 4550 commista
2807 4503 2938 4549 est:
2979 4511 3150 4566 quare
3186 4495 3421 4551 alacrem
3480 4502 3535 4550 et

272 4606 397 4675 νοίίι
420 4602 531 4656 τῶν
560 4595 964 4672 ἡμαρτημένων
1005 4595 1142 4665 μετά
1174 4592 1386 4656 ἐλπίδος
1411 4591 1622 4662 ἀγαθῆς
1647 4592 1866 4662 γινομέ-

1969 4588 2040 4642 ad
2103 4602 2265 4642 omne
2329 4586 2531 4640 bonum
2584 4599 2726 4654 opus
2783 4586 3172 4656 obsequentem
3223 4584 3401 4640 reddit
3439 4584 3535 4641 ho-

272 4713 398 4768 νην.
452 4693 549 4747 καὶ
601 4693 667 4762 τῇ
724 4689 1010 4759 έπικτήσει
1066 4686 1175 4739 τῶν
1215 4687 1273 4738 ὲν
1337 4684 1585 4755 οὐρανοῖς
1648 4684 1853 4751 ἀγαθῶη

1969 4683 2171 4738 minem
2208 4718 2224 4743 ,
2293 4693 2517 4733 accessu
2582 4692 2801 4747 quoque
2869 4678 3083 4732 facilem
3153 4683 3210 4731 et
3273 4676 3531 4731 humilem

274 4764 756 4855 ἐπιτηδευομένην.
784 4779 918 4852 Περὶ
936 4774 1002 4850 ἧς
1025 4773 1490 4838 καὶὸἈπόστολος
1509 4771 1680 4838 εἶπεν,
1704 4776 1786 4828 ὅτι
1807 4794 1826 4826 ι
1849 4776 1914 4829 Ἦ
1937 4775 2078 4830 κατά
2103 4772 2236 4825 Θεὸν
2255 4770 2490 4841 λύπη....
2505 4789 2525 4821 ι
2549 4770 2615 4839 τῇ
2635 4767 2809 4822 ἑλπίδι
2825 4767 2928 4837 τῆς
2958 4766 3243 4838 μετανοίας
3263 4764 3534 4837 τρέφουσα

272 4881 377 4952 τὴν
403 4878 604 4950 ψυχὴνς
631 4875 776 4948 χαρὰ
840 4874 1144 4945 σύμμικτος
1174 4870 1437 4943 ὑπᾶρχεν
1485 4870 1606 4922 ὅθεν
1643 4870 1736 4923 καὶ
1764 4871 2039 4943 πρόθυμον
2078 4869 2172 4923 καὶ
2190 4866 2431 4937 ὑπήκοον
2469 4862 2606 4934 πρὸς
2637 4863 2814 4916 πᾶσαν
2833 4860 3042 4931 ἀγαθὴν
3067 4859 3328 4931 ἐργασίαν
3352 4875 3533 4929 παρα-

275 4971 538 5037 σκευάζει
582 4971 677 5025 τὺν
730 4968 1016 5041 ἄνθρωπον
1063 4964 1425 5038 εὐπρόσιτον,
1473 4964 1729 5018 ταπεινὸν

348 5067 579 5144 [Asinae
629 5066 879 5143 φύλλοις
914 5060 1021 5144 ἐκ..
1058 5057 1356 5144 τουτέστι.
1375 5057 1439 5144 τε)
1468 5058 1682 5144 λεῖποζ·
1719 5071 1870 5144 κατα

270 5126 383 5193 τοῦ
418 5126 764 5205 πνεύμὶιτος
807 5132 918 5199 τῆς
949 5133 1170 5205 λύπης,
1197 5129 1291 5182 καί
1326 5129 1363 5196 ἠ
1390 5126 1544 5195 ἀρχὴ
1574 5127 1680 5180 τοῦ
1721 5126 1871 5180 κατὰ

272 5209 387 5278 τῆς
411 5200 675 5276 ἀκηδῖας
699 5200 1083 5272 πνεύματος.]

454 5323 510 5378 6.
532 5324 733 5392 Ἀρτον
753 5316 1023 5371 ἐσθίωσιν.
1042 5310 1385 5379 Ἀκούσωμεν
1409 5309 1525 5373 πῶς
1545 5307 1720 5378 σοφῶς
1737 5309 1853 5378 ἠμῖς

2116 5300 2186 5357 .6.
2201 5299 2399 5354 Panem
2415 5296 2758 5352 manducent.
2773 5293 3073 5350 Audiamus
3089 5310 3249 5368 quam
3262 5294 3535 5366 sapienter

269 5386 624 5474 ὑποδείκνυσι
639 5410 739 5474 τὰς
752 5409 928 5471 αἰτίας
941 5407 1039 5477 τῆς
1054 5403 1279 5474 ἀκηδίας
1295 5403 1325 5452 ὁ
1338 5399 1651 5462 Ἀπόστολος
1684 5416 1703 5448 ι
1726 5397 1853 5450 Ἀτά

1976 5393 2135 5448 nobis
2164 5391 2412 5447 ostendat
2440 5388 2731 5459 Apostolus
2773 5386 3009 5455 torporis
3048 5386 3277 5455 hujusce
3315 5401 3535 5443 causas.

235 5526 467 5592 ‘Ztougs
498 5507 613 5578 γὰρ
634 5503 789 5560 καλεῖ
810 5502 936 5563 τοὺς
950 5497 1024 5569 μὴ
1042 5492 1455 5569 ἐργαζομένους.
1478 5491 1558 5543 ένί
1579 5490 1750 5556 τούτῳ
1775 5488 1853 5560 ρης

1982 5504 2001 5536 ι
2032 5483 2302 5554 lnquietos
2325 5483 2371 5513 ⁸⁸
2402 5502 2419 5532 ι
2442 5482 2643 5551 quippe
2673 5486 2826 5533 vorat
2847 5493 2942 5533 eos
2962 5478 3055 5548 qui
3080 5493 3185 5532 non
3205 5486 3532 5550 operantur:

377 5626 425 5659 ⁸³
461 5623 632 5677 Prov.
676 5635 763 5681 tv,
798 5616 889 5671 25.
964 5614 1010 5646 ⁸⁸
1046 5611 1148 5667 Joh
1183 5625 1234 5672 ι’,
1271 5605 1363 5660 25.
1438 5604 1485 5636 ⁸⁸
1525 5605 1570 5658 ιι
1604 5604 1731 5657 Cor.
1769 5620 1845 5665 ru,

1953 5602 1995 5655 μ).
2070 5601 2117 5632 ⁸⁸
2157 5598 2198 5652 ll
2238 5598 2430 5653 Thess.
2471 5612 2565 5658 ιιι,
2600 5597 2629 5648 7

2036 5718 2311 5790 [21)1Μι1.
2337 5735 2384 5772 (ι.
2414 5717 2466 5770 8.

2046 5051 2192 5124 [Hic
2229 5051 2371 5128 deest
2404 5063 2590 5128 .unum
2622 5045 2812 5128 [otium
2836 5082 2853 5109 ,
2892 5044 3091 5128 scilicet
3133 5040 3273 5128 quod
3298 5054 3532 5110 superest

1975 5118 2224 5177 aduersus
2272 5118 2505 5172 tristitia!
2552 5118 2817 5185 spiritum_,
2874 5127 2921 5168 et
2965 5118 3170 5167 initium
3205 5126 3386 5165 eorum
3416 5129 3533 5182 quw

1974 5194 2222 5247 dicuntur
2237 5190 2301 5243 de
2323 5187 2549 5257 torporis
2565 5183 2804 5256 spiram]

339 5749 458 5805 (l9)
489 5741 634 5798 lltid.
673 5755 724 5793 c.
749 5736 864 5811 {et
899 5751 1014 5811 seq.

344 5821 459 5883 eo;
491 5815 635 5869 Ibid.
675 5825 726 5864 c.
768 5808 821 5861 7.
