4050 6396
565 376 572 394 ε
594 350 703 412 899

1767 350 1827 409 S.
1867 349 2327 408 ATHANASIUS.
2368 380 2438 391 —
2471 349 2699 407 DUBIA.

595 469 703 530 hac
731 487 837 527 una
871 484 1004 528 voce
1028 469 1251 529 multam
1280 468 1566 524 declarans
1603 468 1888 524 malitiam.
1915 468 2028 538 (2'2)
2054 466 2152 533 Qui

2265 482 2394 536 ματι
2420 464 2616 537 πολλήν
2636 465 2832 519 κακίαν
2853 466 3151 536 ἐμφαίνων.
3167 465 3224 518 Ὀ
3246 463 3355 537 γὰρ
3382 465 3548 537 ἀργος
3572 466 3668 517 καὶ
3695 481 3803 537 πρ)-

592 565 742 621 enim
767 564 979 618 otiosus
1003 569 1107 627 est,
1135 561 1314 617 verbis
1338 575 1554 631 quoque
1578 559 1902 615 temerarius
1918 560 2154 624 exsistit,

595 663 986 723 prouiptusque
1010 652 1078 705 ad
1108 648 1545 715 conviciandum,
1569 664 1633 703 ac
1660 649 1875 704 demum
1909 650 1976 705 ad
2004 650 2158 720 quie-

597 747 705 795 tam
739 742 902 794 vitam
937 740 1197 808 agendam
1246 741 1502 808 ineptus,
1555 746 1609 793 et
1654 739 1894 809 torporis
1944 754 2157 794 servus.

594 829 754 899 327
779 827 1031 899 Praecipit
1055 829 1236 898 itaque
1255 838 1313 881 ut
1336 827 1744 893 subtrahamus,
1780 827 1834 882 id
1865 835 1949 882 est
1970 843 2158 898 segre-

561 959 567 964 .
593 934 783 989 gemus
815 935 916 975 nos
945 921 1013 974 ab
1035 920 1147 979 illo,
1173 920 1330 990 quasi
1364 933 1394 972 a
1427 919 1687 990 pestifero
1717 919 1929 974 morbo.
1957 917 2161 974 Deinde

589 1000 722 1079 quid
762 1012 839 1065 ait
882 1027 897 1064 :
932 1030 950 1063 ι
986 1011 1052 1065 Et
1094 1027 1204 1065 non
1249 1013 1555 1066 secundum
1606 1013 1953 1067 traditionem
1995 1026 2159 1082 quam

590 1110 920 1173 acceperunt
952 1118 983 1157 a
1016 1104 1175 1158 nobis
1202 1103 1272 1170 ³⁷,
1320 1123 1340 1156 ι
1373 1118 1437 1157 ac
1466 1118 1562 1173 per
1606 1104 1709 1159 hoc
1739 1103 1946 1158 dictum
1968 1112 2160 1157 osten-

589 1193 669 1249 dit
694 1209 790 1249 eos
817 1208 938 1250 esse
974 1195 1258 1267 superbos,
1293 1202 1717 1266 contemptores,
1759 1205 1813 1250 et
1840 1195 2163 1266 apostolica-

591 1299 713 1340 rum
758 1286 1113 1342 traditionum
1158 1287 1471 1343 violatores.
1499 1290 1577 1342 Ac
1617 1302 1834 1342 rursum
1870 1305 1883 1341 :
1920 1303 1941 1336 ι
1978 1283 2163 1355 Neque

590 1377 760 1446 gratis
822 1392 1053 1448 panem,
1120 1379 1225 1443 ait,
1291 1378 1743 1434 manducavimus
1803 1378 1871 1432 ab
1936 1378 2157 1448 aliquo,

591 1467 686 1521 sed
739 1467 796 1521 in
836 1467 1023 1523 labore
1059 1476 1113 1524 et
1154 1469 1210 1523 in
1256 1468 1591 1540 fatigatione,
1630 1477 1789 1525 nocte
1820 1479 1876 1523 et
1907 1467 1995 1523 die
2024 1483 2154 1537 epe-

600 1565 822 1623 rautes,
855 1575 924 1614 ne
951 1576 1111 1631 quem
1147 1569 1386 1616 vestrum
1427 1575 1776 1632 gravaremus
1805 1561 1871 1617 ⁸⁸.
1908 1580 1926 1612 ι
1964 1561 2162 1616 Doctor

590 1644 684 1700 ille
713 1648 955 1717 gentium
979 1690 995 1716 ,
1026 1649 1300 1720 Evangelii
1328 1665 1528 1722 praeco,
1553 1650 1645 1721 qui
1672 1650 1917 1707 sublatus
1948 1660 2034 1706 est
2062 1666 2157 1706 us-

558 1780 563 1795 ι
588 1751 697 1805 que
724 1737 793 1793 ad
820 1739 1042 1795 tertiqu
1065 1742 1265 1795 caelum
1281 1741 1348 1805 ",
1375 1740 1468 1811 qui
1497 1742 1571 1795 ait
1591 1743 1824 1812 iussisse
1847 1742 2155 1808 Dominum,

2259 557 2424 626 πετὴς
2446 556 2504 607 ἐν
2527 555 2708 624 λόγοις
2730 557 3007 627 τυγχάνει,
3030 557 3121 610 καὶ
3153 557 3289 628 πρὸς
3321 555 3586 628 λοιδορίαν
3613 559 3807 629 πρόχει-

2260 662 2371 716 ρος,
2394 648 2488 700 καὶ
2509 647 2693 701 λοιπὸν
2715 650 2795 711 είς
2808 649 3037 720 ἡσυχίαν
3058 647 3447 720 ἀνεπιτήδειος,
3469 650 3678 719 καὶτῆς
3696 650 3809 719 ἀκη-

2257 737 2373 801 δίας
2401 736 2604 802 δοῦλος.
2641 738 3011 810 Παραγγέλλει
3042 736 3137 793 οὖν
3172 739 3481 795 στέλλεσθαι
3521 740 3615 793 ἀπ’
3648 739 3807 799 αὐτοῦ,

2257 828 2530 882 τουτέστιν
2561 829 2911 900 ἀφορίζεσθαι
2942 830 3146 895 ὠςάπδ
3167 830 3417 903 λοιμικῆς
3437 831 3612 885 νόσου.
3636 826 3756 884 Εἶτα
3769 831 3811 883 τί

2260 935 2411 989 φησι·
2433 938 2452 970 ι
2475 918 2584 971 Καὶ
2602 920 2679 991 μὴ
2702 920 2841 974 κατά
2861 921 2956 993 τὴν
2980 923 3272 993 παράδοσιν
3296 922 3362 993 ἣν
3383 922 3683 992 παρέλαϐον
3702 923 3810 993 παρ’

2258 1007 2435 1075 ήμῶν,
2471 1026 2490 1058 ι
2519 1007 2608 1060 διά
2649 1008 2748 1076 τῆς
2786 1009 2981 1074 λέξεως
3005 1011 3208 1082 ταύτης
3236 1012 3616 1083 ὑπερηφάνους
3638 1012 3812 1076 αὐτοὺς

2260 1092 2416 1162 εἶναι,
2454 1101 2972 1173 καταφρονήσαντας
3006 1101 3308 1172 ἐμφαίνων,
3345 1103 3439 1156 καὶ
3469 1103 3578 1157 τῶν
3606 1104 3814 1157 ἀποστο-

2258 1188 2422 1243 λικῶν
2449 1191 2798 1262 παραδόσεων
2833 1192 3159 1257 καταλυτάς’
3205 1195 3300 1248 καὶ
3338 1195 3518 1249 πάλιν⁸
3547 1213 3566 1246 ι
3594 1198 3813 1269 Δωρεάν,

2258 1280 2445 1351 φησιν,
2508 1281 2669 1353 ἄρτον
2707 1281 2808 1335 οὐκ
2853 1283 3129 1354 ἐφάγομεν
3204 1284 3357 1355 παρά
3411 1278 3576 1347 τινος,
3625 1284 3734 1338 ἀλλ’
3764 1288 3813 1339 ἐν

2260 1371 2412 1443 κόπῳ
2451 1373 2544 1425 καὶ
2595 1372 2808 1444 μόχθῳ,
2842 1373 3035 1440 νυκτὸς
3082 1376 3176 1429 καὶ
3218 1376 3431 1447 ἡμέρας
3478 1375 3814 1449 ἐργαζόμενοι

2261 1463 2397 1533 πρὸς
2424 1463 2485 1517 τὸ
2533 1464 2607 1535 μή
2647 1463 2977 1537 ἐπιϐαρῆσαί
3008 1483 3129 1520 τινα
3157 1466 3330 1537 ὑμῶν.
3372 1485 3393 1519 ο
3431 1467 3488 1521 '0
3517 1466 3815 1532 διδάσκαλος

2257 1554 2365 1605 τῶν
2396 1553 2582 1618 ἐθνῶν,
2628 1556 2657 1607 6
2701 1555 2875 1627 κήρυξ
2918 1556 3272 1626 Εὐαγγελίου,
3322 1558 3351 1610 6
3394 1558 3687 1631 μετάρσιος
3726 1559 3814 1622 ἕως

2257 1644 2443 1714 τρίτου
2473 1644 2724 1717 οὐρανοῦ,
2770 1648 2799 1698 6
2834 1645 3005 1716 λέγων
3042 1646 3132 1701 τδν
3168 1648 3372 1720 Κύριον
3406 1650 3815 1720 προστεταχέναι

2260 1738 2385 1801 τοὺς
2422 1737 2483 1790 τὸ
2517 1737 2842 1806 Εὑαγγέλιον
2873 1738 3337 1808 καταγγέλλοντας
3365 1742 3430 1795 ἐκ
3465 1741 3558 1794 τοῦ
3588 1742 3815 1811 Εὑαγγε-

592 1837 652 1882 ιιι
690 1843 786 1884 eos
822 1830 914 1899 qui
954 1828 1304 1901 Evangellum
1342 1834 1693 1897 annuntiant,
1746 1848 1814 1887 ex
1861 1832 2152 1904 Evangelia

2256 1827 2369 1881 λίου
2400 1827 2519 1900 ζῇν,
2551 1830 2609 1882 ἐν
2638 1830 2791 1901 κόπῳ
2824 1831 2918 1884 καὶ
2943 1831 3133 1893 νυκτὸς
3174 1833 3269 1885 καὶ
3309 1832 3522 1904 ἡμέρας
3550 1834 3817 1905 εἰργάζετο

591 1919 775 1973 vivant
820 1920 889 1985 ",
938 1921 991 1975 in
1036 1921 1221 1976 labore
1262 1931 1423 1976 nocte
1461 1931 1516 1976 et
1558 1921 1648 1977 die
1690 1923 2039 1992 operabatur,
2088 1939 2158 1978 ue

591 2026 749 2080 quem
777 2020 1047 2082 gravaret.
1083 2013 1222 2078 Quid
1258 2013 1425 2083 igitur
1466 2028 1569 2069 nos
1617 2028 1841 2083 agemus
1903 2015 1998 2085 qui
2049 2032 2158 2085 prae

590 2111 809 2172 torpore
848 2116 1367 2171 opus~aversamur,
1402 2104 1849 2174 corporalemque
1882 2107 2156 2176 perquiri-

597 2204 721 2246 mus
773 2193 1008 2261 quietem
1048 2210 1062 2248 :
1103 2194 1304 2263 quibus
1347 2210 1448 2251 nec
1493 2194 1768 2267 Evangelii
1812 2196 2153 2266 praedicatio,

582 2298 767 2354 neque
794 2283 1161 2340 Ecclesiaruni
1195 2302 1326 2341 cura
1359 2291 1649 2343 commissa
1681 2298 1810 2355 est;
1854 2289 1949 2343 sed
1988 2291 2156 2346 solius

577 2389 779 2430 anima!
809 2376 1042 2446 propria:
1082 2377 1394 2432 sollicitudo
1450 2378 1750 2433 incumbit?
1796 2378 2001 2435 Deinde
2038 2383 2155 2435 cla-

585 2468 705 2522 rius
751 2469 1053 2523 ostendens
1093 2480 1357 2538 quantum
1400 2485 1466 2525 ex
1517 2471 1629 2526 otio
1680 2469 1864 2525 damni
1912 2474 2154 2538 accedat,

575 2558 866 2629 subiungit
908 2577 925 2614 :
974 2577 994 2610 ι
1034 2558 1179 2615 Nihil
1224 2571 1534 2631 operantes,
1577 2561 1677 2617 sed
1718 2563 1938 2618 curiose
1991 2578 2155 2634 agen-

576 2658 669 2705 tes
704 2653 751 2683 ’ί
792 2668 806 2704 :
843 2668 863 2702 ι
908 2665 973 2705 cx
1019 2652 1153 2713 otio,
1198 2652 1571 2720 inordinatio;
1608 2670 1677 2708 ex
1727 2655 2151 2719 inordinatioue,

582 2740 762 2794 omnis
787 2740 991 2797 tualitia
1019 2742 1281 2798 exoritur.
1307 2741 1510 2799 Deinde
1537 2745 1665 2799 huic
1690 2746 1986 2800 remedium
2018 2762 2154 2816 prm-

575 2845 783 2899 parans
808 2829 887 2885 ait
922 2845 937 2883 :
974 2848 993 2882 ι
1034 2829 1110 2886 lis
1135 2838 1318 2885 autem
1350 2832 1448 2901 qui
1489 2833 1759 2902 ejusmodi
1788 2842 1920 2888 sunt
1948 2834 2157 2891 denun-

578 2926 804 2991 tiamus,
847 2934 902 2981 et
955 2926 1261 2990 hortamur,
1318 2934 1378 2981 ut
1417 2942 1543 2982 cum
1576 2928 1807 2984 silentio
1853 2942 2149 3000 operantes

573 3032 742 3072 suum
779 3033 972 3087 panem
1017 3018 1347 3098 manducent
1384 3020 1453 3085 ",
1512 3039 1533 3074 ο
1580 3029 1743 3092 atque
1793 3037 1916 3078 cum
1959 3039 2154 3094 magna

576 3107 956 3178 increpatione
1005 3109 1229 3178 subiicit
1264 3125 1278 3161 :
1318 3128 1337 3162 ι
1380 3107 1438 3163 Si
1466 3111 1589 3180 quis
1621 3127 1728 3165 non
1761 3113 1875 3167 vult
1918 3116 2151 3185 Operari,

575 3214 682 3254 nec
710 3199 999 3254 manducet
1030 3200 1100 3257 ”.
1137 3218 1157 3252 ι
1195 3201 1311 3271 (2‘5)
1335 3199 1493 3257 Hisce
1525 3204 1840 3272 apostolicis
1867 3207 2152 3277 praeceptis

572 3291 759 3347 sancti
787 3289 979 3346 Patres
1010 3290 1251 3362 Egyptii
1300 3293 1524 3358 eruditi,
1567 3310 1635 3349 ne
1683 3295 1905 3352 minimo
1933 3297 2149 3368 quidem

576 3393 825 3452 tempore
857 3382 1166 3437 concedunt
1192 3368 1399 3439 otiosos
1422 3398 1545 3440 esse
1571 3385 1888 3448 monachos,
1921 3388 2154 3442 maxime

573 3472 848 3544 iuniores.
876 3473 1037 3543 gnari
1074 3488 1135 3528 se
1172 3488 1270 3543 per
1303 3473 1618 3545 patientiam
1645 3476 1846 3544 operis,
1876 3485 2149 3548 torporem

570 3564 912 3628 eliminare,
965 3579 1236 3635 suumque
1286 3565 1387 3621 sibi
1440 3566 1753 3621 alimentum
1811 3582 2148 3639 comparare,

573 3664 741 3728 atque
757 3655 1048 3728 egentibus
1065 3656 1267 3711 auxilio
1284 3672 1426 3712 esse.
1447 3657 1559 3730 (24)
1581 3656 1697 3712 Non
1714 3659 1874 3715 modo
1895 3663 2036 3717 enim
2054 3678 2152 3733 pro

572 3749 694 3804 suis
718 3748 1145 3805 necessitatibus
1174 3758 1500 3819 operantur,
1528 3751 1620 3806 sed
1645 3753 1945 3822 peregrinis
1965 3756 2149 3819 etiam,

575 3842 934 3913 pauperibus,
986 3843 1195 3898 carceri
1264 3842 1477 3899 traditis
1548 3845 1913 3916 omnibusque
1964 3849 2151 3918 egenis

573 3932 887 3989 necessaria
918 3949 986 3989 ex
1031 3949 1131 3989 suo
1175 3948 1341 4005 opere
1375 3935 1723 4004 suppeditant
1756 3956 1771 3989 :
1801 3938 2142 4009 creduntque

574 4023 814 4079 oﬂicium
870 4024 1187 4093 huiusmodi
1245 4024 1573 4080 sacrificium
1636 4043 1758 4082 esse
1820 4027 1929 4083 Deo
1992 4045 2151 4085 acre-

577 4123 754 4187 ptum.
777 4114 894 4186 (25)
918 4114 1031 4171 Hoc
1057 4116 1187 4170 item
1217 4117 1369 4171 aiunt
1384 4116 1575 4173 Patres
1604 4133 1729 4172 eum
1753 4120 1847 4188 qui
1870 4130 2147 4192 operatur,

545 4221 703 4261 tcum
732 4220 844 4260 uno
883 4206 1130 4261 daemone
1180 4221 1444 4279 pugnare,
1489 4222 1553 4261 ac
1585 4210 1901 4278 plerumque
1940 4212 2011 4266 ab
2057 4214 2149 4266 illo

579 4296 829 4352 tribulari
859 4315 875 4366 ;
907 4298 1143 4354 otiosum
1179 4307 1362 4354 autem
1403 4298 1632 4354 inﬁnitis
1661 4300 1999 4359 dwmonibus
2027 4320 2150 4362 esse

577 4388 878 4459 captivum.
907 4387 1022 4457 (26)
1051 4387 1242 4459 Opera
1266 4396 1447 4442 autem
1485 4390 1716 4459 pretium
1754 4389 1916 4446 fuerit
1943 4394 2146 4449 dictum

2263 1921 2398 1993 πρὸς
2415 1922 2476 1974 τὸ
2508 1920 2581 1993 μὴ
2610 1921 2959 1993 ἐπιϐαρῆσαι.
2987 1924 3050 1977 Τί
3075 1920 3168 1977 οὖν
3195 1925 3489 1997 ποιήσομεν
3516 1927 3680 1995 ἡμεῖς
3703 1928 3818 1995 ἀκη-

2259 2012 2481 2077 διῶντες
2507 2014 2613 2066 ἀπὸ
2638 2012 2732 2067 τοῦ
2765 2014 2948 2086 ἔργου,
2988 2017 3082 2069 καὶ
3109 2017 3206 2089 τήν
3236 2019 3553 2089 σωματικὴν
3587 2018 3817 2071 ἀνάπαυ-

2262 2122 2344 2158 σιν
2388 2103 2831 2175 μεταδιώκοντες·
2883 2100 2965 2170 οἷς
3004 2106 3127 2160 οὔτε
3181 2108 3442 2179 κήρυγμα
3494 2108 3814 2177 Εὑαγγελίου

2257 2196 2615 2268 ἐνεχειρίσθη,
2632 2196 2753 2251 οὔτε
2769 2197 2877 2252 τῶν
2891 2188 3222 2270 Ἐκκλησιῶν
3246 2201 3279 2270 ή
3299 2199 3557 2272 μέριμνα,
3578 2201 3711 2254 ἀλλὰ
3732 2201 3816 2270 τῆς

2264 2289 2397 2354 ίδίας
2432 2290 2600 2363 μόνης
2630 2290 2811 2361 ψυχῆς
2838 2292 2871 2361 ή
2904 2289 3154 2361 φροντίς;
3186 2286 3340 2355 Εἶτα,
3377 2291 3705 2363 σαφέστερον
3724 2292 3819 2345 δει-

2257 2377 2435 2432 κνύων
2465 2379 2564 2450 τὴν
2592 2378 2915 2449 τικτομένην
2946 2376 3149 2449 βλάϐην
3171 2379 3234 2430 ἐκ
3258 2378 3358 2448 τῆς
3385 2378 3606 2450 ἀργίας,
3638 2379 3818 2448 ἐπιφέ-

2259 2485 2360 2539 ρεγ
2388 2494 2409 2520 ι
2435 2470 2616 2541 Μηδὲν
2636 2468 3055 2542 ἐργαζομένους,
3073 2468 3208 2523 άλλά
3230 2467 3773 2540 περιεργαζομένους·
3795 2489 3811 2522 ι

2256 2561 2365 2614 ἀπὸ
2402 2561 2598 2632 ἀργίας
2626 2560 2843 2627 ἀταξία,
2892 2560 2987 2614 καὶ
3032 2560 3141 2614 ἀπὺ
3185 2559 3409 2627 ἀταξίας
3453 2562 3604 2614 πᾶσα
3638 2562 3813 2615 κακία.

2256 2651 2692 2717 Κατασκευάζων
2723 2653 2781 2706 δὲ
2811 2651 2971 2706 πάλιν
2996 2652 3093 2722 τὴν
3126 2651 3421 2724 θεραπείαν
3444 2651 3616 2722 αὐτῆς
3634 2651 3817 2722 ἐπιφέο

2256 2760 2362 2814 ρεισ
2401 2761 2419 2796 ι
2455 2744 2580 2809 Τοῖς
2606 2745 2663 2799 δὲ
2693 2745 2952 2809 τοιούτοις
2984 2743 3466 2817 παραγγέλλομεν,
3515 2745 3612 2799 καὶ
3649 2762 3819 2816 παρα-

2257 2834 2527 2907 καλοῦμεν
2555 2838 2613 2889 ἐν
2645 2838 2844 2909 ἡσυχία
2871 2837 3270 2909 ἐργαζομένους
3301 2839 3395 2891 τὸν
3424 2836 3638 2891 ἐαυτῶν
3667 2838 3820 2909 ἄρτον

2254 2928 2478 2982 ἐσθίειν*
2512 2946 2533 2980 ι
2574 2929 2669 2982 καὶ
2697 2928 3233 3000 ἐπιπληκτικώτερον
3258 2928 3455 2996 ἐπάγει
3491 2926 3689 2996 λέγων’
3718 2944 3735 2976 ι
3765 2924 3825 2979 Ei

2256 3036 2340 3083 τις
2371 3020 2432 3072 ού
2479 3019 2617 3074 θέλει
2670 3019 3018 3094 ἐργάζεσθαι,
3074 3021 3207 3093 μηδὲ
3262 3020 3507 3077 ἐσθιέτω.
3548 3041 3568 3074 ι
3610 3021 3822 3083 Τούτοις

2254 3114 2367 3175 τοῖς
2396 3111 2768 3177 ἀποστολικοῖς
2799 3113 3251 3187 παραγγέλμασιν
3284 3115 3333 3167 oi
3375 3113 3517 3168 κατά
3539 3114 3640 3187 τὴν
3666 3115 3823 3182 Λίγυ-

2255 3222 2388 3259 πτον
2420 3205 2561 3275 ἅγιοι
2586 3207 2844 3279 Πατέρες,
2878 3206 3274 3277 παιδευόμενοι,
3296 3205 3487 3260 οὐδένα
3511 3206 3702 3277 καιρὸν
3733 3206 3823 3276 ἀρ-

2254 3298 2382 3366 γοὺς
2420 3291 2558 3351 εἶναι
2598 3298 2723 3360 τοὺς
2764 3298 3031 3368 μοναχοὺς
3059 3295 3435 3368 ἐπιτρέπουσι,
3464 3296 3562 3351 καὶ
3594 3296 3821 3368 μάλιστα

2248 3386 2379 3449 τοὺς
2411 3384 2723 3455 νεωτέρους,
2771 3382 2993 3449 ειδότες,
3032 3384 3115 3437 ὅτι
3151 3382 3240 3436 διὰ
3275 3382 3378 3453 τῆς
3409 3382 3702 3453 ’ὑπομονῆς
3736 3378 3820 3435 τοῦ

2252 3476 2414 3550 ἔργου
2450 3475 2677 3547 ἀκηδίαν
2702 3473 3085 3541 ἀπελαύνουσι,
3128 3490 3224 3529 και
3248 3473 3349 3545 τήν
3380 3473 3594 3527 ἑαυτῶν
3627 3472 3824 3543 τροφήν

2253 3567 2698 3639 προσπορίξουσι,
2730 3566 2957 3630 καὶτοῖς
2977 3564 3252 3637 δεομένοις
3280 3562 3589 3635 βοηθοῦσιν.
3625 3565 3703 3617 υὺ
3730 3563 3822 3634 p.6-

2252 3673 2340 3711 νον
2365 3657 2474 3728 γὰρ
2503 3657 2600 3726 τῆς
2630 3656 2838 3710 ἑαυτῶν
2868 3654 3055 3726 χρείας
3094 3654 3281 3707 ἐνεκεν
3308 3651 3660 3724 ἐργάζονται,
3697 3650 3824 3706 ἀλλὰ

2251 3748 2309 3801 δὲ
2338 3746 2507 3812 ξένοις
2529 3747 2624 3801 καὶ
2645 3748 2897 3817 πτωχοῖς,
2925 3745 3153 3810 καὶτοῖς
3176 3747 3233 3798 ἐν
3256 3743 3542 3814 φυλακαῖς,
3572 3743 3669 3798 καὶ
3697 3737 3842 3797 πᾶσι

2251 3841 2364 3901 τοῖς
2387 3837 2678 3909 δεομένοις,
2712 3837 2776 3889 ἐκ
2801 3834 2894 3889 τοῦ
2930 3834 3063 3889 ίδίου
3093 3834 3256 3906 ἔργου
3288 3832 3706 3906 ὲπιχορηγοῦσι,
3739 3850 3823 3886 πι-

2253 3929 2532 3992 στεύοντες
2565 3926 2663 3999 τήν
2688 3926 2897 3981 ἑαυτῶν
2924 3926 3187 3988 εὐποιίαν,
3218 3925 3407 3980 θυσίαν
3438 3925 3733 3996 εὐάρεστον
3753 3921 3826 3993 τῷ

2248 4020 2367 4092 Θεῷ
2391 4019 2655 4089 γίνεσθαι.
2684 4019 2795 4073 Καὶ
2823 4017 2980 4072 τοῦτο
3006 4018 3066 4071 δὲ
3096 4017 3348 4086 λέγουσιν
3375 4019 3426 4070 οἱ
3454 4017 3721 4089 Πατέρες,
3744 4016 3821 4069 ὅτι

2248 4119 2277 4170 6
2309 4099 2677 4188 ἐργαζόμενος
2703 4113 2785 4167 ἑνὶ
2806 4113 3023 4184 δαίμονι
3044 4112 3289 4185 πολεμεῖ,
3320 4116 3415 4167 καὶ
3446 4112 3713 4176 πολλάκις
3733 4111 3821 4170 ὑπ’

2249 4208 2414 4263 αὐτοῦ
2449 4208 2707 4261 θλίϐεται’
2748 4208 2778 4260 6
2809 4206 2866 4259 δὲ
2897 4204 3065 4278 ἀργὸς
3103 4204 3208 4258 ὑπὸ
3251 4204 3464 4276 μυρίων
3494 4205 3823 4276 πνευμάτων

2248 4296 2725 4371 αἰχμαλωτίζεται.
2777 4296 2955 4349 Καλὸν
3006 4293 3064 4347 δὲ
3109 4293 3242 4366 πρὸς
3277 4294 3491 4357 τούτοις
3536 4295 3635 4348 καὶ
3668 4292 3822 4362 λόγον

2248 4390 2651 4461 ἐπιμνησθῆναι
2699 4386 2794 4441 τοῦ
2833 4385 2977 4440 ἀϐϐἄ
3004 4386 3282 4449 Μωῦσέως
3316 4385 3413 4440 τοῦ
3444 4385 3820 4457 δοκιμωτάτου

578 4493 881 4534 memorare
920 4478 1134 4533 abbatis
1182 4477 1404 4549 Moysis,
1435 4478 1576 4534 inter
1620 4478 1809 4535 Patres
1856 4485 2145 4552 speczatis~

2253 4482 2308 4534 ἐν
2337 4484 2449 4545 τοῖς
2494 4481 2794 4552 Πατρασιν,
2837 4477 2897 4531 όν
2939 4477 3076 4549 πρὸς
3118 4476 3185 4547 μὲ
3224 4476 3630 4546 ἀπεφθέγξατο.
3674 4476 3822 4531 Καθ-

579 4569 729 4634 simi,
780 4568 925 4640 quod
968 4568 1037 4623 ad
1090 4583 1177 4623 me
1225 4568 1443 4625 locutus
1488 4578 1592 4625 est.
1634 4572 1717 4627 Me
1761 4572 1962 4642 quippe
1993 4574 2142 4629 brevi

575 4670 818 4731 tempore
861 4659 1139 4715 sedentem
1167 4659 1223 4715 in
1268 4676 1453 4717 eremo
1507 4671 1691 4733 torpor
1728 4664 1947 4727 aﬂlixit,
1982 4673 2146 4736 atque

577 4750 845 4805 accedens
873 4750 941 4806 ad
975 4750 1150 4817 illum,
1181 4753 1264 4808 sic
1294 4754 1548 4825 alloquor
1588 4774 1602 4809 :
1635 4754 1875 4825 Torpore
1906 4758 2144 4827 graviter

573 4841 826 4905 aﬂlictus.
853 4851 1015 4916 atque
1040 4845 1330 4901 admodum
1364 4846 1705 4910 inﬁrmatus,
1749 4863 1859 4902 non
1892 4848 2044 4919 prius
2074 4866 2141 4906 eo

574 4933 837 4990 liberatus
873 4950 995 4990 sum
1039 4950 1203 5007 quam
1260 4937 1465 4993 abirem
1514 4945 1569 4991 et
1606 4938 1855 4992 abbatem
1908 4936 2139 4994 Paulum

571 5027 941 5082 conivenirem.
1012 5026 1313 5099 Respondit
1389 5028 1521 5083 mihi
1598 5029 1767 5085 abbas
1840 5027 2054 5102 Moyses
2123 5050 2137 5086 :

574 5116 925 5189 Perspectum
959 5118 1118 5181 habe,
1164 5120 1398 5190 teipsum
1427 5119 1647 5176 minime
1688 5122 1757 5176 ab
1783 5136 1850 5177 eo
1876 5122 2141 5178 hactenus

575 5208 859 5273 liberasse,
888 5208 999 5264 imo
1020 5210 1199 5281 potius
1229 5210 1540 5266 dedititium
1572 5220 1623 5267 te
1645 5222 1807 5282 atque
1843 5227 2061 5268 servum
2090 5211 2141 5266 ei

642 5329 686 5396 ίτ
703 5361 747 5418 ll
778 5360 972 5418 Thess.
1011 5378 1103 5427 ιιι,
1143 5365 1194 5420 6.
1271 5366 1316 5399 ⁸⁸
1356 5365 1488 5421 ibid.
1521 5367 1574 5422 8.
1648 5367 1694 5400 ”
1735 5365 1777 5422 ll
1803 5365 1930 5423 Cor.
1970 5381 2077 5431 ιιι,
2111 5365 2166 5421 2.

575 5430 661 5488 19..
735 5434 781 5464 ’³
820 5433 953 5486 ibid.
993 5433 1078 5488 10.

643 5581 754 5653 (22)
789 5581 1037 5653 Cassiani.
1073 5583 1250 5640 lnslit.
1283 5585 1320 5642 l.
1362 5601 1416 5651 ι,
1450 5598 1500 5640 c.
1540 5584 1624 5643 13,

646 5650 759 5720 (es)
793 5650 925 5704 Ibid.
959 5670 1008 5706 (ο.
1042 5654 1127 5707 14.

647 5720 760 5789 (ει)
794 5720 927 5775 ibid.
965 5738 1011 5775 c.
1046 5728 1133 5776 εν.

2242 4571 2491 4635 εσθέντος
2526 4573 2649 4641 γάρρ
2665 4584 2766 4640 μου
2786 4567 2960 4638 ὀλίγον
2990 4568 3178 4640 χρόνον
3214 4568 3273 4622 ἐν
3306 4571 3372 4640 τῇ
3405 4569 3625 4640 ἐρήμῳ,
3652 4569 3826 4640 ὠχλή-

2244 4662 2345 4734 θην
2378 4663 2484 4716 ὑπὸ
2524 4661 2775 4734 ἀκηδίας,
2813 4663 2910 4715 καὶ
2946 4660 3275 4732 παραϐαλὼν
3305 4660 3477 4731 αὐτῷ,
3513 4659 3660 4729 λέγω
3689 4659 3824 4731 πρὸς

2245 4750 2405 4806 αὐτὸν
2424 4792 2439 4817 ,
2470 4753 2551 4806 ὅτι
2582 4770 2601 4804 ι
2640 4750 2839 4815 Δεινῶς
2861 4751 3104 4822 όχλτιθεὶς
3136 4750 3243 4805 ὑπὸ
3276 4753 3376 4823 τῆς
3417 4750 3681 4822 ἀκηδίας,
3733 4749 3824 4803 καὶ

2244 4843 2608 4915 ἐξασθενήσας
2640 4842 2864 4914 σφόδρα,
2897 4844 2959 4897 οὐ
2986 4843 3247 4916 πρότερον
3279 4841 3605 4913 ἀπηλλάγην
3632 4841 3819 4909 αὐτῆς.

2243 4934 2291 4986 εί
2311 4932 2386 5004 μὴ
2402 4930 2663 5003 ἀπῆλθον,
2681 4932 2775 4985 καὶ
2799 4931 3101 5004 παρέϐαλον
3125 4931 3202 5002 τῷ
3222 4930 3366 5002 ἀϐϐᾷ
3395 4930 3649 5001 Παύλῳ.)
3706 4931 3821 4981 Ἄπι

2243 5022 2499 5095 εκρίνατο
2522 5021 2580 5077 δέ
2612 5039 2701 5093 μοι
2733 5021 2871 5094 πρὸς
2902 5022 3073 5077 ταῦτα
3090 5026 3118 5077 6
3143 5022 3317 5087 άϐϐἄς
3353 5024 3600 5095 Μωῦσῆς
3625 5024 3818 5090 λέγων’

2246 5134 2269 5169 ι
2292 5115 2516 5188 Θάρσει,
2549 5116 2648 5186 οὐχ
2672 5115 2864 5168 ἐαυτὸν
2894 5115 3003 5169 ἀπὸ
3027 5114 3230 5187 ταύτης
3253 5116 3662 5189 ήλευθέρωσας,
3689 5112 3824 5169 ἀλλὰ

2246 5210 2444 5281 μᾶλλον
2466 5210 2680 5265 ἔκδοτον
2701 5210 2797 5264 κα)⁸
2814 5208 2999 5263 δοῦλον
3021 5207 3196 5283 ταύτῃ
3213 5209 3555 5280 παρέδωκας.
3581 5211 3820 5263 Γίνωσκε

2243 5367 2287 5400 η
2330 5366 2346 5419 l
2381 5366 2508 5424 Cor.
2548 5383 2633 5432 ix,
2671 5365 2758 5421 14.
2834 5367 2877 5399 ἰ
2914 5364 2959 5420 ll
2993 5364 3191 5424 Thess.
3230 5380 3324 5431 In.
3388 5366 3482 5426 11.
3596 5368 3642 5402 ⁸¹
3676 5357 3815 5421 ibid.

2310 5587 2424 5658 (25)
2456 5587 2591 5645 lbid.
2626 5605 2676 5645 ο.
2707 5588 2801 5645 23.

2308 5658 2423 5731 (26)
2452 5658 2583 5715 Ibid.
2620 5676 2669 5716 c.
2703 5659 2796 5715 25.
